timestamp,time,symbol,bid1_price,bid1_volume,bid2_price,bid2_volume,ask1_price,ask1_volume,ask2_price,ask2_volume
1753503734295,04:22:14.295,ALGO/USDT:USDT,0.2701,7725.1,0.27,40126.9,0.2702,26638.2,0.2703,192644.0
1753503734445,04:22:14.445,ALGO/USDT:USDT,0.2701,7725.1,0.27,40126.9,0.2702,26638.2,0.2703,192644.0
1753503734746,04:22:14.746,ALGO/USDT:USDT,0.27,40126.9,0.2699,25991.0,0.2701,2963.2,0.2702,27389.6
1753503734896,04:22:14.896,ALGO/USDT:USDT,0.27,22961.6,0.2699,43155.1,0.2701,22065.2,0.2702,47507.2
1753503735046,04:22:15.046,ALGO/USDT:USDT,0.27,22961.6,0.2699,43155.1,0.2701,22065.2,0.2702,47507.2
1753503735196,04:22:15.196,ALGO/USDT:USDT,0.27,22961.6,0.2699,43155.1,0.2701,22065.2,0.2702,47507.2
1753503735346,04:22:15.346,ALGO/USDT:USDT,0.27,22961.6,0.2699,43155.1,0.2701,22065.2,0.2702,47507.2
1753503735796,04:22:15.796,ALGO/USDT:USDT,0.27,22961.6,0.2699,43155.1,0.2701,22065.2,0.2702,47507.2
1753503736096,04:22:16.096,ALGO/USDT:USDT,0.27,22961.6,0.2699,43155.1,0.2701,22065.2,0.2702,47507.2
1753503736246,04:22:16.246,ALGO/USDT:USDT,0.27,22961.6,0.2699,43155.1,0.2701,22065.2,0.2702,47507.2
1753503736397,04:22:16.397,ALGO/USDT:USDT,0.27,22961.6,0.2699,43155.1,0.2701,22065.2,0.2702,47507.2
1753503736397,04:22:16.397,ALGO/USDT:USDT,0.27,22961.6,0.2699,43155.1,0.2701,22065.2,0.2702,47507.2
1753503736547,04:22:16.547,ALGO/USDT:USDT,0.27,22961.6,0.2699,43155.1,0.2701,22065.2,0.2702,47507.2
1753503736697,04:22:16.697,ALGO/USDT:USDT,0.27,22961.6,0.2699,43155.1,0.2701,22065.2,0.2702,47507.2
1753503736697,04:22:16.697,ALGO/USDT:USDT,0.27,22961.6,0.2699,43155.1,0.2701,22065.2,0.2702,47507.2
1753503736847,04:22:16.847,ALGO/USDT:USDT,0.27,22961.6,0.2699,43155.1,0.2701,22065.2,0.2702,47507.2
1753503736847,04:22:16.847,ALGO/USDT:USDT,0.27,22961.6,0.2699,43155.1,0.2701,22065.2,0.2702,47507.2
1753503737147,04:22:17.147,ALGO/USDT:USDT,0.27,23713.0,0.2699,43155.1,0.2701,22065.2,0.2702,47507.2
1753503737147,04:22:17.147,ALGO/USDT:USDT,0.27,23713.0,0.2699,43155.1,0.2701,22065.2,0.2702,47507.2
1753503737297,04:22:17.297,ALGO/USDT:USDT,0.27,23713.0,0.2699,43155.1,0.2701,22065.2,0.2702,47507.2
1753503737297,04:22:17.297,ALGO/USDT:USDT,0.27,23713.0,0.2699,43155.1,0.2701,22065.2,0.2702,47507.2
1753503737447,04:22:17.447,ALGO/USDT:USDT,0.27,22961.6,0.2699,43155.1,0.2701,22065.2,0.2702,47507.2
1753503737597,04:22:17.597,ALGO/USDT:USDT,0.27,22961.6,0.2699,43155.1,0.2701,22065.2,0.2702,47507.2
1753503737747,04:22:17.747,ALGO/USDT:USDT,0.27,22961.6,0.2699,43155.1,0.2701,22065.2,0.2702,47507.2
1753503737747,04:22:17.747,ALGO/USDT:USDT,0.27,22961.6,0.2699,43155.1,0.2701,22065.2,0.2702,47507.2
1753503737898,04:22:17.898,ALGO/USDT:USDT,0.27,23713.0,0.2699,43155.1,0.2701,22065.2,0.2702,47507.2
1753503737898,04:22:17.898,ALGO/USDT:USDT,0.27,23713.0,0.2699,43155.1,0.2701,22065.2,0.2702,47507.2
1753503738048,04:22:18.048,ALGO/USDT:USDT,0.27,22961.6,0.2699,43155.1,0.2701,22065.2,0.2702,47507.2
1753503738198,04:22:18.198,ALGO/USDT:USDT,0.27,22961.6,0.2699,43155.1,0.2701,22065.2,0.2702,47507.2
1753503738198,04:22:18.198,ALGO/USDT:USDT,0.27,22961.6,0.2699,43155.1,0.2701,22065.2,0.2702,47507.2
1753503738348,04:22:18.348,ALGO/USDT:USDT,0.27,22961.6,0.2699,43155.1,0.2701,22065.2,0.2702,47507.2
1753503738648,04:22:18.648,ALGO/USDT:USDT,0.27,22961.6,0.2699,43155.1,0.2701,22065.2,0.2702,47507.2
1753503738648,04:22:18.648,ALGO/USDT:USDT,0.27,22961.6,0.2699,43155.1,0.2701,22065.2,0.2702,47507.2
1753503738948,04:22:18.948,ALGO/USDT:USDT,0.27,22961.6,0.2699,43155.1,0.2701,22065.2,0.2702,47507.2
1753503739248,04:22:19.248,ALGO/USDT:USDT,0.27,22961.6,0.2699,43155.1,0.2701,22065.2,0.2702,47507.2
1753503739248,04:22:19.248,ALGO/USDT:USDT,0.27,22961.6,0.2699,43155.1,0.2701,22065.2,0.2702,47507.2
1753503739398,04:22:19.398,ALGO/USDT:USDT,0.27,22961.6,0.2699,43155.1,0.2701,22065.2,0.2702,47507.2
1753503739699,04:22:19.699,ALGO/USDT:USDT,0.27,22961.6,0.2699,43155.1,0.2701,8065.2,0.2702,47507.2
1753503739699,04:22:19.699,ALGO/USDT:USDT,0.27,22961.6,0.2699,43155.1,0.2701,8065.2,0.2702,47507.2
1753503739999,04:22:19.999,ALGO/USDT:USDT,0.27,23713.0,0.2699,43155.1,0.2701,19065.2,0.2702,47507.2
1753503740149,04:22:20.149,ALGO/USDT:USDT,0.27,22961.6,0.2699,43155.1,0.2701,19065.2,0.2702,47507.2
1753503740149,04:22:20.149,ALGO/USDT:USDT,0.27,22961.6,0.2699,43155.1,0.2701,19065.2,0.2702,47507.2
1753503740299,04:22:20.299,ALGO/USDT:USDT,0.27,22961.6,0.2699,43155.1,0.2701,19065.2,0.2702,47507.2
1753503740449,04:22:20.449,ALGO/USDT:USDT,0.27,22961.6,0.2699,43155.1,0.2701,19065.2,0.2702,47507.2
1753503740449,04:22:20.449,ALGO/USDT:USDT,0.27,22961.6,0.2699,43155.1,0.2701,19065.2,0.2702,47507.2
1753503740599,04:22:20.599,ALGO/USDT:USDT,0.27,23713.0,0.2699,43155.1,0.2701,19065.2,0.2702,47507.2
1753503740599,04:22:20.599,ALGO/USDT:USDT,0.27,23713.0,0.2699,43155.1,0.2701,19065.2,0.2702,47507.2
1753503740749,04:22:20.749,ALGO/USDT:USDT,0.27,23713.0,0.2699,43155.1,0.2701,19065.2,0.2702,47507.2
1753503741050,04:22:21.050,ALGO/USDT:USDT,0.27,22961.6,0.2699,43155.1,0.2701,19065.2,0.2702,47507.2
1753503741200,04:22:21.200,ALGO/USDT:USDT,0.27,22961.6,0.2699,43155.1,0.2701,19065.2,0.2702,47507.2
1753503741200,04:22:21.200,ALGO/USDT:USDT,0.27,22961.6,0.2699,43155.1,0.2701,19065.2,0.2702,47507.2
1753503741350,04:22:21.350,ALGO/USDT:USDT,0.27,22961.6,0.2699,43155.1,0.2701,19065.2,0.2702,47507.2
1753503741350,04:22:21.350,ALGO/USDT:USDT,0.27,22961.6,0.2699,43155.1,0.2701,19065.2,0.2702,47507.2
1753503741500,04:22:21.500,ALGO/USDT:USDT,0.27,22961.6,0.2699,43155.1,0.2701,19065.2,0.2702,47507.2
1753503741650,04:22:21.650,ALGO/USDT:USDT,0.27,22961.6,0.2699,43155.1,0.2701,19065.2,0.2702,47507.2
1753503741650,04:22:21.650,ALGO/USDT:USDT,0.27,22961.6,0.2699,43155.1,0.2701,19065.2,0.2702,47507.2
1753503741800,04:22:21.800,ALGO/USDT:USDT,0.27,22961.6,0.2699,43155.1,0.2701,19065.2,0.2702,47507.2
1753503741950,04:22:21.950,ALGO/USDT:USDT,0.27,22961.6,0.2699,43155.1,0.2701,19065.2,0.2702,47507.2
1753503741950,04:22:21.950,ALGO/USDT:USDT,0.27,22961.6,0.2699,43155.1,0.2701,19065.2,0.2702,47507.2
1753503742100,04:22:22.100,ALGO/USDT:USDT,0.27,22961.6,0.2699,43155.1,0.2701,19065.2,0.2702,47507.2
1753503742100,04:22:22.100,ALGO/USDT:USDT,0.27,22961.6,0.2699,43155.1,0.2701,19065.2,0.2702,47507.2
1753503742250,04:22:22.250,ALGO/USDT:USDT,0.27,22961.6,0.2699,43155.1,0.2701,19065.2,0.2702,47507.2
1753503742250,04:22:22.250,ALGO/USDT:USDT,0.27,22961.6,0.2699,43155.1,0.2701,19065.2,0.2702,47507.2
1753503742400,04:22:22.400,ALGO/USDT:USDT,0.27,22961.6,0.2699,43155.1,0.2701,19065.2,0.2702,47507.2
1753503742400,04:22:22.400,ALGO/USDT:USDT,0.27,22961.6,0.2699,43155.1,0.2701,19065.2,0.2702,47507.2
1753503742550,04:22:22.550,ALGO/USDT:USDT,0.27,22961.6,0.2699,43155.1,0.2701,19065.2,0.2702,47507.2
1753503742701,04:22:22.701,ALGO/USDT:USDT,0.27,22961.6,0.2699,43155.1,0.2701,19065.2,0.2702,47507.2
1753503742701,04:22:22.701,ALGO/USDT:USDT,0.27,22961.6,0.2699,43155.1,0.2701,19065.2,0.2702,47507.2
1753503742851,04:22:22.851,ALGO/USDT:USDT,0.27,22961.6,0.2699,43155.1,0.2701,19065.2,0.2702,47507.2
1753503742851,04:22:22.851,ALGO/USDT:USDT,0.27,22961.6,0.2699,43155.1,0.2701,19065.2,0.2702,47507.2
1753503743001,04:22:23.001,ALGO/USDT:USDT,0.27,22961.6,0.2699,43155.1,0.2701,19065.2,0.2702,47507.2
1753503743001,04:22:23.001,ALGO/USDT:USDT,0.27,22961.6,0.2699,43155.1,0.2701,19065.2,0.2702,47507.2
1753503743151,04:22:23.151,ALGO/USDT:USDT,0.27,22961.6,0.2699,42400.1,0.2701,8065.2,0.2702,47507.2
1753503743151,04:22:23.151,ALGO/USDT:USDT,0.27,22961.6,0.2699,42400.1,0.2701,8065.2,0.2702,47507.2
1753503743301,04:22:23.301,ALGO/USDT:USDT,0.27,23713.0,0.2699,42400.1,0.2701,8065.2,0.2702,47507.2
1753503743301,04:22:23.301,ALGO/USDT:USDT,0.27,23713.0,0.2699,42400.1,0.2701,8065.2,0.2702,47507.2
1753503743451,04:22:23.451,ALGO/USDT:USDT,0.27,23713.0,0.2699,42400.1,0.2701,8065.2,0.2702,47507.2
1753503743601,04:22:23.601,ALGO/USDT:USDT,0.27,23713.0,0.2699,42400.1,0.2701,8065.2,0.2702,47507.2
1753503743601,04:22:23.601,ALGO/USDT:USDT,0.27,23713.0,0.2699,42400.1,0.2701,8065.2,0.2702,47507.2
1753503743751,04:22:23.751,ALGO/USDT:USDT,0.27,23713.0,0.2699,42400.1,0.2701,8065.2,0.2702,47507.2
1753503743751,04:22:23.751,ALGO/USDT:USDT,0.27,23713.0,0.2699,42400.1,0.2701,8065.2,0.2702,47507.2
1753503743901,04:22:23.901,ALGO/USDT:USDT,0.27,23713.0,0.2699,42400.1,0.2701,8065.2,0.2702,47507.2
1753503743901,04:22:23.901,ALGO/USDT:USDT,0.27,23713.0,0.2699,42400.1,0.2701,8065.2,0.2702,47507.2
1753503744051,04:22:24.051,ALGO/USDT:USDT,0.27,23713.0,0.2699,42400.1,0.2701,8065.2,0.2702,47507.2
1753503744051,04:22:24.051,ALGO/USDT:USDT,0.27,23713.0,0.2699,42400.1,0.2701,8065.2,0.2702,47507.2
1753503744202,04:22:24.202,ALGO/USDT:USDT,0.27,23713.0,0.2699,42400.1,0.2701,8065.2,0.2702,47507.2
1753503744351,04:22:24.351,ALGO/USDT:USDT,0.27,23713.0,0.2699,42400.1,0.2701,8065.2,0.2702,47507.2
1753503744502,04:22:24.502,ALGO/USDT:USDT,0.27,22961.6,0.2699,42400.1,0.2701,8065.2,0.2702,47507.2
1753503744502,04:22:24.502,ALGO/USDT:USDT,0.27,22961.6,0.2699,42400.1,0.2701,8065.2,0.2702,47507.2
1753503744652,04:22:24.652,ALGO/USDT:USDT,0.27,22961.6,0.2699,42400.1,0.2701,8065.2,0.2702,47507.2
1753503744652,04:22:24.652,ALGO/USDT:USDT,0.27,22961.6,0.2699,42400.1,0.2701,8065.2,0.2702,47507.2
1753503744802,04:22:24.802,ALGO/USDT:USDT,0.27,22961.6,0.2699,42400.1,0.2701,8065.2,0.2702,47507.2
1753503744802,04:22:24.802,ALGO/USDT:USDT,0.27,22961.6,0.2699,42400.1,0.2701,8065.2,0.2702,47507.2
1753503744952,04:22:24.952,ALGO/USDT:USDT,0.27,22961.6,0.2699,42400.1,0.2701,8065.2,0.2702,47507.2
1753503745402,04:22:25.402,ALGO/USDT:USDT,0.27,22961.6,0.2699,42400.1,0.2701,8065.2,0.2702,47507.2
1753503745402,04:22:25.402,ALGO/USDT:USDT,0.27,22961.6,0.2699,42400.1,0.2701,8065.2,0.2702,47507.2
1753503745552,04:22:25.552,ALGO/USDT:USDT,0.27,22961.6,0.2699,42400.1,0.2701,8065.2,0.2702,47507.2
1753503745702,04:22:25.702,ALGO/USDT:USDT,0.27,22961.6,0.2699,42400.1,0.2701,8065.2,0.2702,47507.2
1753503745853,04:22:25.853,ALGO/USDT:USDT,0.27,22961.6,0.2699,42400.1,0.2701,8065.2,0.2702,47507.2
1753503746003,04:22:26.003,ALGO/USDT:USDT,0.27,22961.6,0.2699,42400.1,0.2701,22065.2,0.2702,47507.2
1753503746003,04:22:26.003,ALGO/USDT:USDT,0.27,22961.6,0.2699,42400.1,0.2701,22065.2,0.2702,47507.2
1753503746153,04:22:26.153,ALGO/USDT:USDT,0.27,22961.6,0.2699,42400.1,0.2701,22065.2,0.2702,47507.2
1753503746153,04:22:26.153,ALGO/USDT:USDT,0.27,22961.6,0.2699,42400.1,0.2701,22065.2,0.2702,47507.2
1753503746453,04:22:26.453,ALGO/USDT:USDT,0.27,22961.6,0.2699,42400.1,0.2701,22065.2,0.2702,47507.2
1753503746603,04:22:26.603,ALGO/USDT:USDT,0.27,22961.6,0.2699,42400.1,0.2701,22065.2,0.2702,47507.2
1753503746753,04:22:26.753,ALGO/USDT:USDT,0.27,22961.6,0.2699,42400.1,0.2701,22065.2,0.2702,47507.2
1753503746903,04:22:26.903,ALGO/USDT:USDT,0.27,22961.6,0.2699,42400.1,0.2701,22065.2,0.2702,47507.2
1753503747203,04:22:27.203,ALGO/USDT:USDT,0.27,22961.6,0.2699,42400.1,0.2701,22816.6,0.2702,47507.2
1753503747203,04:22:27.203,ALGO/USDT:USDT,0.27,22961.6,0.2699,42400.1,0.2701,22816.6,0.2702,47507.2
1753503747504,04:22:27.504,ALGO/USDT:USDT,0.27,21055.0,0.2699,42400.1,0.2701,22816.6,0.2702,47507.2
1753503747654,04:22:27.654,ALGO/USDT:USDT,0.27,22961.6,0.2699,42400.1,0.2701,22065.2,0.2702,47507.2
1753503747654,04:22:27.654,ALGO/USDT:USDT,0.27,22961.6,0.2699,42400.1,0.2701,22065.2,0.2702,47507.2
1753503747804,04:22:27.804,ALGO/USDT:USDT,0.27,22961.6,0.2699,42400.1,0.2701,22065.2,0.2702,47507.2
1753503747804,04:22:27.804,ALGO/USDT:USDT,0.27,22961.6,0.2699,42400.1,0.2701,22065.2,0.2702,47507.2
1753503747954,04:22:27.954,ALGO/USDT:USDT,0.27,22961.6,0.2699,42400.1,0.2701,22065.2,0.2702,47507.2
1753503747954,04:22:27.954,ALGO/USDT:USDT,0.27,22961.6,0.2699,42400.1,0.2701,22065.2,0.2702,47507.2
1753503748104,04:22:28.104,ALGO/USDT:USDT,0.27,22961.6,0.2699,42400.1,0.2701,22065.2,0.2702,47507.2
1753503748104,04:22:28.104,ALGO/USDT:USDT,0.27,22961.6,0.2699,42400.1,0.2701,22065.2,0.2702,47507.2
1753503748254,04:22:28.254,ALGO/USDT:USDT,0.27,22961.6,0.2699,42400.1,0.2701,22065.2,0.2702,47507.2
1753503748404,04:22:28.404,ALGO/USDT:USDT,0.27,22961.6,0.2699,43155.1,0.2701,22065.2,0.2702,47507.2
1753503748404,04:22:28.404,ALGO/USDT:USDT,0.27,22961.6,0.2699,43155.1,0.2701,22065.2,0.2702,47507.2
1753503748554,04:22:28.554,ALGO/USDT:USDT,0.27,22961.6,0.2699,43155.1,0.2701,22065.2,0.2702,47507.2
1753503748704,04:22:28.704,ALGO/USDT:USDT,0.27,22961.6,0.2699,43155.1,0.2701,22065.2,0.2702,47507.2
1753503748704,04:22:28.704,ALGO/USDT:USDT,0.27,22961.6,0.2699,43155.1,0.2701,22065.2,0.2702,47507.2
1753503748854,04:22:28.854,ALGO/USDT:USDT,0.27,22961.6,0.2699,43155.1,0.2701,22065.2,0.2702,47507.2
1753503749004,04:22:29.004,ALGO/USDT:USDT,0.27,22961.6,0.2699,43155.1,0.2701,22065.2,0.2702,47507.2
1753503749155,04:22:29.155,ALGO/USDT:USDT,0.27,22961.6,0.2699,43155.1,0.2701,22065.2,0.2702,47507.2
1753503749305,04:22:29.305,ALGO/USDT:USDT,0.27,22961.6,0.2699,43155.1,0.2701,22065.2,0.2702,47507.2
1753503749305,04:22:29.305,ALGO/USDT:USDT,0.27,22961.6,0.2699,43155.1,0.2701,22065.2,0.2702,47507.2
1753503749455,04:22:29.455,ALGO/USDT:USDT,0.27,22961.6,0.2699,43155.1,0.2701,22065.2,0.2702,47507.2
1753503749455,04:22:29.455,ALGO/USDT:USDT,0.27,22961.6,0.2699,43155.1,0.2701,22065.2,0.2702,47507.2
1753503749605,04:22:29.605,ALGO/USDT:USDT,0.27,22961.6,0.2699,43155.1,0.2701,22065.2,0.2702,47507.2
1753503749755,04:22:29.755,ALGO/USDT:USDT,0.27,22961.6,0.2699,43155.1,0.2701,22065.2,0.2702,47507.2
1753503749755,04:22:29.755,ALGO/USDT:USDT,0.27,22961.6,0.2699,43155.1,0.2701,22065.2,0.2702,47507.2
1753503750055,04:22:30.055,ALGO/USDT:USDT,0.27,23713.0,0.2699,43155.1,0.2701,22065.2,0.2702,47507.2
1753503750055,04:22:30.055,ALGO/USDT:USDT,0.27,23713.0,0.2699,43155.1,0.2701,22065.2,0.2702,47507.2
1753503750205,04:22:30.205,ALGO/USDT:USDT,0.27,22961.6,0.2699,43155.1,0.2701,22065.2,0.2702,47507.2
1753503750205,04:22:30.205,ALGO/USDT:USDT,0.27,22961.6,0.2699,43155.1,0.2701,22065.2,0.2702,47507.2
1753503750355,04:22:30.355,ALGO/USDT:USDT,0.27,21055.0,0.2699,41248.5,0.2701,22065.2,0.2702,47507.2
1753503750355,04:22:30.355,ALGO/USDT:USDT,0.27,21055.0,0.2699,41248.5,0.2701,22065.2,0.2702,47507.2
1753503750505,04:22:30.505,ALGO/USDT:USDT,0.27,21055.0,0.2699,43155.1,0.2701,22065.2,0.2702,47507.2
1753503750656,04:22:30.656,ALGO/USDT:USDT,0.27,21055.0,0.2699,43155.1,0.2701,22065.2,0.2702,47507.2
1753503750806,04:22:30.806,ALGO/USDT:USDT,0.27,21055.0,0.2699,43155.1,0.2701,22065.2,0.2702,47507.2
1753503750806,04:22:30.806,ALGO/USDT:USDT,0.27,21055.0,0.2699,43155.1,0.2701,22065.2,0.2702,47507.2
1753503750956,04:22:30.956,ALGO/USDT:USDT,0.27,21055.0,0.2699,43155.1,0.2701,22065.2,0.2702,47507.2
1753503751106,04:22:31.106,ALGO/USDT:USDT,0.27,21055.0,0.2699,43155.1,0.2701,22065.2,0.2702,47507.2
1753503751256,04:22:31.256,ALGO/USDT:USDT,0.27,21055.0,0.2699,43155.1,0.2701,22065.2,0.2702,47507.2
1753503751256,04:22:31.256,ALGO/USDT:USDT,0.27,21055.0,0.2699,43155.1,0.2701,22065.2,0.2702,47507.2
1753503751406,04:22:31.406,ALGO/USDT:USDT,0.27,22961.6,0.2699,43155.1,0.2701,22065.2,0.2702,47507.2
1753503751556,04:22:31.556,ALGO/USDT:USDT,0.27,22961.6,0.2699,43155.1,0.2701,22065.2,0.2702,47507.2
1753503751706,04:22:31.706,ALGO/USDT:USDT,0.27,22961.6,0.2699,43155.1,0.2701,22065.2,0.2702,47507.2
1753503751856,04:22:31.856,ALGO/USDT:USDT,0.27,22961.6,0.2699,43155.1,0.2701,22065.2,0.2702,47507.2
1753503751856,04:22:31.856,ALGO/USDT:USDT,0.27,22961.6,0.2699,43155.1,0.2701,22065.2,0.2702,47507.2
1753503752006,04:22:32.006,ALGO/USDT:USDT,0.27,22961.6,0.2699,43155.1,0.2701,22065.2,0.2702,47507.2
1753503752006,04:22:32.006,ALGO/USDT:USDT,0.27,22961.6,0.2699,43155.1,0.2701,22065.2,0.2702,47507.2
1753503752156,04:22:32.156,ALGO/USDT:USDT,0.27,22961.6,0.2699,43155.1,0.2701,22065.2,0.2702,47507.2
1753503752307,04:22:32.307,ALGO/USDT:USDT,0.27,22961.6,0.2699,43155.1,0.2701,22065.2,0.2702,47507.2
1753503752457,04:22:32.457,ALGO/USDT:USDT,0.27,22961.6,0.2699,43155.1,0.2701,22065.2,0.2702,47507.2
1753503752457,04:22:32.457,ALGO/USDT:USDT,0.27,22961.6,0.2699,43155.1,0.2701,22065.2,0.2702,47507.2
1753503752607,04:22:32.607,ALGO/USDT:USDT,0.27,22961.6,0.2699,43155.1,0.2701,22065.2,0.2702,47507.2
1753503752607,04:22:32.607,ALGO/USDT:USDT,0.27,22961.6,0.2699,43155.1,0.2701,22065.2,0.2702,47507.2
1753503752757,04:22:32.757,ALGO/USDT:USDT,0.27,22961.6,0.2699,43155.1,0.2701,22065.2,0.2702,47507.2
1753503752907,04:22:32.907,ALGO/USDT:USDT,0.27,22961.6,0.2699,43155.1,0.2701,22065.2,0.2702,47507.2
1753503752907,04:22:32.907,ALGO/USDT:USDT,0.27,22961.6,0.2699,43155.1,0.2701,22065.2,0.2702,47507.2
1753503753057,04:22:33.057,ALGO/USDT:USDT,0.27,22961.6,0.2699,43155.1,0.2701,22065.2,0.2702,47507.2
1753503753057,04:22:33.057,ALGO/USDT:USDT,0.27,22961.6,0.2699,43155.1,0.2701,22065.2,0.2702,47507.2
1753503753207,04:22:33.207,ALGO/USDT:USDT,0.27,22961.6,0.2699,43155.1,0.2701,22065.2,0.2702,47507.2
1753503753357,04:22:33.357,ALGO/USDT:USDT,0.27,22961.6,0.2699,43155.1,0.2701,22065.2,0.2702,47507.2
1753503753507,04:22:33.507,ALGO/USDT:USDT,0.27,22961.6,0.2699,43155.1,0.2701,22065.2,0.2702,47507.2
1753503753657,04:22:33.657,ALGO/USDT:USDT,0.27,22961.6,0.2699,43155.1,0.2701,22065.2,0.2702,47507.2
1753503753657,04:22:33.657,ALGO/USDT:USDT,0.27,22961.6,0.2699,43155.1,0.2701,22065.2,0.2702,47507.2
1753503753808,04:22:33.808,ALGO/USDT:USDT,0.27,22961.6,0.2699,43155.1,0.2701,22065.2,0.2702,47507.2
1753503753958,04:22:33.958,ALGO/USDT:USDT,0.27,22961.6,0.2699,43155.1,0.2701,22065.2,0.2702,47507.2
1753503754108,04:22:34.108,ALGO/USDT:USDT,0.27,22961.6,0.2699,42400.1,0.2701,22065.2,0.2702,47507.2
1753503754258,04:22:34.258,ALGO/USDT:USDT,0.27,22961.6,0.2699,42400.1,0.2701,22065.2,0.2702,47507.2
1753503754258,04:22:34.258,ALGO/USDT:USDT,0.27,22961.6,0.2699,42400.1,0.2701,22065.2,0.2702,47507.2
1753503754408,04:22:34.408,ALGO/USDT:USDT,0.27,22961.6,0.2699,42400.1,0.2701,22065.2,0.2702,47507.2
1753503754408,04:22:34.408,ALGO/USDT:USDT,0.27,22961.6,0.2699,42400.1,0.2701,22065.2,0.2702,47507.2
1753503754558,04:22:34.558,ALGO/USDT:USDT,0.27,22961.6,0.2699,42400.1,0.2701,22065.2,0.2702,47507.2
1753503754558,04:22:34.558,ALGO/USDT:USDT,0.27,22961.6,0.2699,42400.1,0.2701,22065.2,0.2702,47507.2
1753503754708,04:22:34.708,ALGO/USDT:USDT,0.27,22961.6,0.2699,42400.1,0.2701,22065.2,0.2702,47507.2
1753503754708,04:22:34.708,ALGO/USDT:USDT,0.27,22961.6,0.2699,42400.1,0.2701,22065.2,0.2702,47507.2
1753503754858,04:22:34.858,ALGO/USDT:USDT,0.27,22961.6,0.2699,42400.1,0.2701,22065.2,0.2702,47507.2
1753503754858,04:22:34.858,ALGO/USDT:USDT,0.27,22961.6,0.2699,42400.1,0.2701,22065.2,0.2702,47507.2
1753503755008,04:22:35.008,ALGO/USDT:USDT,0.27,22961.6,0.2699,42400.1,0.2701,22065.2,0.2702,47507.2
1753503755008,04:22:35.008,ALGO/USDT:USDT,0.27,22961.6,0.2699,42400.1,0.2701,22065.2,0.2702,47507.2
1753503755158,04:22:35.158,ALGO/USDT:USDT,0.27,22961.6,0.2699,42400.1,0.2701,22065.2,0.2702,47507.2
1753503755158,04:22:35.158,ALGO/USDT:USDT,0.27,22961.6,0.2699,42400.1,0.2701,22065.2,0.2702,47507.2
1753503755308,04:22:35.308,ALGO/USDT:USDT,0.27,22961.6,0.2699,42400.1,0.2701,22065.2,0.2702,47507.2
1753503755308,04:22:35.308,ALGO/USDT:USDT,0.27,22961.6,0.2699,42400.1,0.2701,22065.2,0.2702,47507.2
1753503755459,04:22:35.459,ALGO/USDT:USDT,0.27,22961.6,0.2699,42400.1,0.2701,22065.2,0.2702,47507.2
1753503755459,04:22:35.459,ALGO/USDT:USDT,0.27,22961.6,0.2699,42400.1,0.2701,22065.2,0.2702,47507.2
1753503755609,04:22:35.609,ALGO/USDT:USDT,0.27,22961.6,0.2699,42400.1,0.2701,22065.2,0.2702,47507.2
1753503755759,04:22:35.759,ALGO/USDT:USDT,0.27,22961.6,0.2699,42400.1,0.2701,5102.0,0.2702,47507.2
1753503755759,04:22:35.759,ALGO/USDT:USDT,0.27,22961.6,0.2699,42400.1,0.2701,5102.0,0.2702,47507.2
1753503755909,04:22:35.909,ALGO/USDT:USDT,0.27,23713.0,0.2699,42400.1,0.2701,839.9,0.2702,47507.2
1753503756059,04:22:36.059,ALGO/USDT:USDT,0.27,22961.6,0.2699,42400.1,0.2701,839.9,0.2702,47507.2
1753503756209,04:22:36.209,ALGO/USDT:USDT,0.27,23713.0,0.2699,42400.1,0.2701,839.9,0.2702,47507.2
1753503756359,04:22:36.359,ALGO/USDT:USDT,0.27,23713.0,0.2699,42400.1,0.2701,839.9,0.2702,47507.2
1753503756509,04:22:36.509,ALGO/USDT:USDT,0.27,23713.0,0.2699,42400.1,0.2701,839.9,0.2702,47507.2
1753503756659,04:22:36.659,ALGO/USDT:USDT,0.27,23713.0,0.2699,42400.1,0.2702,47507.2,0.2703,182009.5
1753503756959,04:22:36.959,ALGO/USDT:USDT,0.27,22961.6,0.2699,42400.1,0.2702,30339.7,0.2703,199203.5
1753503757110,04:22:37.110,ALGO/USDT:USDT,0.27,22961.6,0.2699,42400.1,0.2702,30339.7,0.2703,199203.5
1753503757260,04:22:37.260,ALGO/USDT:USDT,0.27,22961.6,0.2699,42400.1,0.2701,850.9,0.2702,30339.7
1753503757260,04:22:37.260,ALGO/USDT:USDT,0.27,22961.6,0.2699,42400.1,0.2701,850.9,0.2702,30339.7
1753503757410,04:22:37.410,ALGO/USDT:USDT,0.27,22961.6,0.2699,42400.1,0.2701,850.9,0.2702,47533.7
1753503757560,04:22:37.560,ALGO/USDT:USDT,0.27,22961.6,0.2699,42400.1,0.2701,850.9,0.2702,47533.7
1753503757560,04:22:37.560,ALGO/USDT:USDT,0.27,22961.6,0.2699,42400.1,0.2701,850.9,0.2702,47533.7
1753503757710,04:22:37.710,ALGO/USDT:USDT,0.27,22961.6,0.2699,42400.1,0.2701,850.9,0.2702,47533.7
1753503757710,04:22:37.710,ALGO/USDT:USDT,0.27,22961.6,0.2699,42400.1,0.2701,850.9,0.2702,47533.7
1753503757860,04:22:37.860,ALGO/USDT:USDT,0.27,23713.0,0.2699,42400.1,0.2701,850.9,0.2702,47533.7
1753503758010,04:22:38.010,ALGO/USDT:USDT,0.27,23713.0,0.2699,42400.1,0.2701,850.9,0.2702,47533.7
1753503758010,04:22:38.010,ALGO/USDT:USDT,0.27,23713.0,0.2699,42400.1,0.2701,850.9,0.2702,47533.7
1753503758160,04:22:38.160,ALGO/USDT:USDT,0.27,22961.6,0.2699,42400.1,0.2701,7088.5,0.2702,47533.7
1753503758160,04:22:38.160,ALGO/USDT:USDT,0.27,22961.6,0.2699,42400.1,0.2701,7088.5,0.2702,47533.7
1753503758310,04:22:38.310,ALGO/USDT:USDT,0.27,22961.6,0.2699,42400.1,0.2701,7088.5,0.2702,47533.7
1753503758310,04:22:38.310,ALGO/USDT:USDT,0.27,22961.6,0.2699,42400.1,0.2701,7088.5,0.2702,47533.7
1753503758460,04:22:38.460,ALGO/USDT:USDT,0.27,22961.6,0.2699,42400.1,0.2701,7088.5,0.2702,47533.7
1753503758460,04:22:38.460,ALGO/USDT:USDT,0.27,22961.6,0.2699,42400.1,0.2701,7088.5,0.2702,47533.7
1753503758761,04:22:38.761,ALGO/USDT:USDT,0.27,22961.6,0.2699,42400.1,0.2701,7088.5,0.2702,47533.7
1753503758761,04:22:38.761,ALGO/USDT:USDT,0.27,22961.6,0.2699,42400.1,0.2701,7088.5,0.2702,47533.7
1753503758911,04:22:38.911,ALGO/USDT:USDT,0.27,22961.6,0.2699,42400.1,0.2701,7088.5,0.2702,47533.7
1753503758911,04:22:38.911,ALGO/USDT:USDT,0.27,22961.6,0.2699,42400.1,0.2701,7088.5,0.2702,47533.7
1753503759061,04:22:39.061,ALGO/USDT:USDT,0.27,22961.6,0.2699,42400.1,0.2701,7088.5,0.2702,47533.7
1753503759211,04:22:39.211,ALGO/USDT:USDT,0.27,22961.6,0.2699,42400.1,0.2701,850.9,0.2702,47533.7
1753503759211,04:22:39.211,ALGO/USDT:USDT,0.27,22961.6,0.2699,42400.1,0.2701,850.9,0.2702,47533.7
1753503759361,04:22:39.361,ALGO/USDT:USDT,0.27,22961.6,0.2699,42400.1,0.2701,850.9,0.2702,47533.7
1753503759511,04:22:39.511,ALGO/USDT:USDT,0.27,22961.6,0.2699,42400.1,0.2701,850.9,0.2702,47533.7
1753503759511,04:22:39.511,ALGO/USDT:USDT,0.27,22961.6,0.2699,42400.1,0.2701,850.9,0.2702,47533.7
1753503759661,04:22:39.661,ALGO/USDT:USDT,0.27,23713.0,0.2699,42400.1,0.2701,850.9,0.2702,47533.7
1753503759661,04:22:39.661,ALGO/USDT:USDT,0.27,23713.0,0.2699,42400.1,0.2701,850.9,0.2702,47533.7
1753503759811,04:22:39.811,ALGO/USDT:USDT,0.27,23713.0,0.2699,42400.1,0.2701,850.9,0.2702,47533.7
1753503759961,04:22:39.961,ALGO/USDT:USDT,0.27,23713.0,0.2699,42400.1,0.2701,850.9,0.2702,47533.7
1753503760111,04:22:40.111,ALGO/USDT:USDT,0.27,23713.0,0.2699,42400.1,0.2701,850.9,0.2702,47533.7
1753503760111,04:22:40.111,ALGO/USDT:USDT,0.27,23713.0,0.2699,42400.1,0.2701,850.9,0.2702,47533.7
1753503760262,04:22:40.262,ALGO/USDT:USDT,0.27,23713.0,0.2699,42400.1,0.2701,850.9,0.2702,47533.7
1753503760262,04:22:40.262,ALGO/USDT:USDT,0.27,23713.0,0.2699,42400.1,0.2701,850.9,0.2702,47533.7
1753503760412,04:22:40.412,ALGO/USDT:USDT,0.27,22961.6,0.2699,42400.1,0.2701,850.9,0.2702,47533.7
1753503760412,04:22:40.412,ALGO/USDT:USDT,0.27,22961.6,0.2699,42400.1,0.2701,850.9,0.2702,47533.7
1753503760562,04:22:40.562,ALGO/USDT:USDT,0.27,22961.6,0.2699,42400.1,0.2701,2826.4,0.2702,47533.7
1753503760562,04:22:40.562,ALGO/USDT:USDT,0.27,22961.6,0.2699,42400.1,0.2701,2826.4,0.2702,47533.7
1753503760712,04:22:40.712,ALGO/USDT:USDT,0.27,22961.6,0.2699,42400.1,0.2701,2826.4,0.2702,47533.7
1753503760862,04:22:40.862,ALGO/USDT:USDT,0.27,22961.6,0.2699,42400.1,0.2701,16826.4,0.2702,47533.7
1753503761012,04:22:41.012,ALGO/USDT:USDT,0.27,22961.6,0.2699,42400.1,0.2701,21088.5,0.2702,47533.7
1753503761012,04:22:41.012,ALGO/USDT:USDT,0.27,22961.6,0.2699,42400.1,0.2701,21088.5,0.2702,47533.7
1753503761162,04:22:41.162,ALGO/USDT:USDT,0.27,22961.6,0.2699,42400.1,0.2701,21088.5,0.2702,47533.7
1753503761162,04:22:41.162,ALGO/USDT:USDT,0.27,22961.6,0.2699,42400.1,0.2701,21088.5,0.2702,47533.7
1753503761312,04:22:41.312,ALGO/USDT:USDT,0.27,22961.6,0.2699,42400.1,0.2701,21088.5,0.2702,47533.7
1753503761462,04:22:41.462,ALGO/USDT:USDT,0.27,22961.6,0.2699,42400.1,0.2701,21088.5,0.2702,47533.7
1753503761612,04:22:41.612,ALGO/USDT:USDT,0.27,22961.6,0.2699,42400.1,0.2701,16826.4,0.2702,47533.7
1753503761612,04:22:41.612,ALGO/USDT:USDT,0.27,22961.6,0.2699,42400.1,0.2701,16826.4,0.2702,47533.7
1753503761762,04:22:41.762,ALGO/USDT:USDT,0.27,22961.6,0.2699,42400.1,0.2701,16826.4,0.2702,47533.7
1753503761913,04:22:41.913,ALGO/USDT:USDT,0.27,22961.6,0.2699,42400.1,0.2701,21088.5,0.2702,47533.7
1753503762063,04:22:42.063,ALGO/USDT:USDT,0.27,22961.6,0.2699,42400.1,0.2701,21088.5,0.2702,47533.7
1753503762063,04:22:42.063,ALGO/USDT:USDT,0.27,22961.6,0.2699,42400.1,0.2701,21088.5,0.2702,47533.7
1753503762213,04:22:42.213,ALGO/USDT:USDT,0.27,22961.6,0.2699,42400.1,0.2701,21088.5,0.2702,47533.7
1753503762213,04:22:42.213,ALGO/USDT:USDT,0.27,22961.6,0.2699,42400.1,0.2701,21088.5,0.2702,47533.7
1753503762363,04:22:42.363,ALGO/USDT:USDT,0.27,22961.6,0.2699,42400.1,0.2701,21088.5,0.2702,47533.7
1753503762513,04:22:42.513,ALGO/USDT:USDT,0.27,22961.6,0.2699,42400.1,0.2701,21088.5,0.2702,47533.7
1753503762663,04:22:42.663,ALGO/USDT:USDT,0.27,22961.6,0.2699,42400.1,0.2701,21088.5,0.2702,47533.7
1753503762663,04:22:42.663,ALGO/USDT:USDT,0.27,22961.6,0.2699,42400.1,0.2701,21088.5,0.2702,47533.7
1753503762813,04:22:42.813,ALGO/USDT:USDT,0.27,22961.6,0.2699,42400.1,0.2701,21088.5,0.2702,47533.7
1753503762963,04:22:42.963,ALGO/USDT:USDT,0.27,22961.6,0.2699,42400.1,0.2701,21088.5,0.2702,47533.7
1753503762963,04:22:42.963,ALGO/USDT:USDT,0.27,22961.6,0.2699,42400.1,0.2701,21088.5,0.2702,47533.7
1753503763113,04:22:43.113,ALGO/USDT:USDT,0.27,22961.6,0.2699,42400.1,0.2701,21088.5,0.2702,47533.7
1753503763263,04:22:43.263,ALGO/USDT:USDT,0.27,22961.6,0.2699,42400.1,0.2701,21088.5,0.2702,47533.7
1753503763263,04:22:43.263,ALGO/USDT:USDT,0.27,22961.6,0.2699,42400.1,0.2701,21088.5,0.2702,47533.7
1753503763414,04:22:43.414,ALGO/USDT:USDT,0.27,22961.6,0.2699,42400.1,0.2701,21088.5,0.2702,47533.7
1753503763414,04:22:43.414,ALGO/USDT:USDT,0.27,22961.6,0.2699,42400.1,0.2701,21088.5,0.2702,47533.7
1753503763714,04:22:43.714,ALGO/USDT:USDT,0.27,22961.6,0.2699,42400.1,0.2701,21088.5,0.2702,47533.7
1753503763714,04:22:43.714,ALGO/USDT:USDT,0.27,22961.6,0.2699,42400.1,0.2701,21088.5,0.2702,47533.7
1753503763864,04:22:43.864,ALGO/USDT:USDT,0.27,22961.6,0.2699,42400.1,0.2701,21088.5,0.2702,47533.7
1753503763864,04:22:43.864,ALGO/USDT:USDT,0.27,22961.6,0.2699,42400.1,0.2701,21088.5,0.2702,47533.7
1753503764014,04:22:44.014,ALGO/USDT:USDT,0.27,22961.6,0.2699,42400.1,0.2701,21088.5,0.2702,47533.7
1753503764014,04:22:44.014,ALGO/USDT:USDT,0.27,22961.6,0.2699,42400.1,0.2701,21088.5,0.2702,47533.7
1753503764164,04:22:44.164,ALGO/USDT:USDT,0.27,22961.6,0.2699,42400.1,0.2701,21088.5,0.2702,47533.7
1753503764314,04:22:44.314,ALGO/USDT:USDT,0.27,22961.6,0.2699,42400.1,0.2701,21088.5,0.2702,47533.7
1753503764464,04:22:44.464,ALGO/USDT:USDT,0.27,22961.6,0.2699,42400.1,0.2701,21088.5,0.2702,47533.7
1753503764464,04:22:44.464,ALGO/USDT:USDT,0.27,22961.6,0.2699,42400.1,0.2701,21088.5,0.2702,47533.7
1753503764614,04:22:44.614,ALGO/USDT:USDT,0.27,22961.6,0.2699,42400.1,0.2701,21088.5,0.2702,47533.7
1753503764614,04:22:44.614,ALGO/USDT:USDT,0.27,22961.6,0.2699,42400.1,0.2701,21088.5,0.2702,47533.7
1753503764764,04:22:44.764,ALGO/USDT:USDT,0.27,22961.6,0.2699,42400.1,0.2701,21088.5,0.2702,47533.7
1753503764764,04:22:44.764,ALGO/USDT:USDT,0.27,22961.6,0.2699,42400.1,0.2701,21088.5,0.2702,47533.7
1753503765215,04:22:45.215,ALGO/USDT:USDT,0.27,22961.6,0.2699,42400.1,0.2701,21088.5,0.2702,47533.7
1753503765215,04:22:45.215,ALGO/USDT:USDT,0.27,22961.6,0.2699,42400.1,0.2701,21088.5,0.2702,47533.7
1753503765365,04:22:45.365,ALGO/USDT:USDT,0.27,22961.6,0.2699,42400.1,0.2701,21088.5,0.2702,47533.7
1753503765515,04:22:45.515,ALGO/USDT:USDT,0.27,22961.6,0.2699,42400.1,0.2701,21088.5,0.2702,47533.7
1753503765665,04:22:45.665,ALGO/USDT:USDT,0.27,8123.5,0.2699,42400.1,0.2701,21839.9,0.2702,47533.7
1753503765965,04:22:45.965,ALGO/USDT:USDT,0.27,8123.5,0.2699,42400.1,0.2701,21839.9,0.2702,47533.7
1753503765965,04:22:45.965,ALGO/USDT:USDT,0.27,8123.5,0.2699,42400.1,0.2701,21839.9,0.2702,47533.7
1753503766115,04:22:46.115,ALGO/USDT:USDT,0.27,8123.5,0.2699,42400.1,0.2701,21839.9,0.2702,47533.7
1753503766265,04:22:46.265,ALGO/USDT:USDT,0.27,8123.5,0.2699,42400.1,0.2701,21839.9,0.2702,47533.7
1753503766265,04:22:46.265,ALGO/USDT:USDT,0.27,8123.5,0.2699,42400.1,0.2701,21839.9,0.2702,47533.7
1753503766415,04:22:46.415,ALGO/USDT:USDT,0.27,8123.5,0.2699,42400.1,0.2701,21839.9,0.2702,47533.7
1753503766415,04:22:46.415,ALGO/USDT:USDT,0.27,8123.5,0.2699,42400.1,0.2701,21839.9,0.2702,47533.7
1753503766565,04:22:46.565,ALGO/USDT:USDT,0.27,8123.5,0.2699,42400.1,0.2701,21839.9,0.2702,47533.7
1753503766716,04:22:46.716,ALGO/USDT:USDT,0.27,8123.5,0.2699,42400.1,0.2701,21839.9,0.2702,47533.7
1753503766866,04:22:46.866,ALGO/USDT:USDT,0.27,8123.5,0.2699,42400.1,0.2701,21839.9,0.2702,47533.7
1753503766866,04:22:46.866,ALGO/USDT:USDT,0.27,8123.5,0.2699,42400.1,0.2701,21839.9,0.2702,47533.7
1753503767016,04:22:47.016,ALGO/USDT:USDT,0.27,8123.5,0.2699,42400.1,0.2701,21839.9,0.2702,47533.7
1753503767166,04:22:47.166,ALGO/USDT:USDT,0.27,8123.5,0.2699,42400.1,0.2701,21839.9,0.2702,47533.7
1753503767316,04:22:47.316,ALGO/USDT:USDT,0.27,8123.5,0.2699,42400.1,0.2701,21839.9,0.2702,47533.7
1753503767316,04:22:47.316,ALGO/USDT:USDT,0.27,8123.5,0.2699,42400.1,0.2701,21839.9,0.2702,47533.7
1753503767466,04:22:47.466,ALGO/USDT:USDT,0.27,8123.5,0.2699,42400.1,0.2701,21839.9,0.2702,47533.7
1753503767466,04:22:47.466,ALGO/USDT:USDT,0.27,8123.5,0.2699,42400.1,0.2701,21839.9,0.2702,47533.7
1753503767616,04:22:47.616,ALGO/USDT:USDT,0.27,8123.5,0.2699,42400.1,0.2701,21839.9,0.2702,47533.7
1753503767616,04:22:47.616,ALGO/USDT:USDT,0.27,8123.5,0.2699,42400.1,0.2701,21839.9,0.2702,47533.7
1753503767766,04:22:47.766,ALGO/USDT:USDT,0.27,22123.5,0.2699,42400.1,0.2701,21839.9,0.2702,47533.7
1753503767766,04:22:47.766,ALGO/USDT:USDT,0.27,22123.5,0.2699,42400.1,0.2701,21839.9,0.2702,47533.7
1753503767916,04:22:47.916,ALGO/USDT:USDT,0.27,22123.5,0.2699,42400.1,0.2701,21839.9,0.2702,47533.7
1753503768066,04:22:48.066,ALGO/USDT:USDT,0.27,22123.5,0.2699,42400.1,0.2701,21839.9,0.2702,47533.7
1753503768066,04:22:48.066,ALGO/USDT:USDT,0.27,22123.5,0.2699,42400.1,0.2701,21839.9,0.2702,47533.7
1753503768217,04:22:48.217,ALGO/USDT:USDT,0.27,22123.5,0.2699,42400.1,0.2701,21839.9,0.2702,47533.7
1753503768217,04:22:48.217,ALGO/USDT:USDT,0.27,22123.5,0.2699,42400.1,0.2701,21839.9,0.2702,47533.7
1753503768367,04:22:48.367,ALGO/USDT:USDT,0.27,22123.5,0.2699,42400.1,0.2701,21839.9,0.2702,47533.7
1753503768517,04:22:48.517,ALGO/USDT:USDT,0.27,22123.5,0.2699,42400.1,0.2701,21839.9,0.2702,47533.7
1753503768517,04:22:48.517,ALGO/USDT:USDT,0.27,22123.5,0.2699,42400.1,0.2701,21839.9,0.2702,47533.7
1753503768667,04:22:48.667,ALGO/USDT:USDT,0.27,22123.5,0.2699,42400.1,0.2701,21839.9,0.2702,47533.7
1753503768667,04:22:48.667,ALGO/USDT:USDT,0.27,22123.5,0.2699,42400.1,0.2701,21839.9,0.2702,47533.7
1753503768817,04:22:48.817,ALGO/USDT:USDT,0.27,22123.5,0.2699,42400.1,0.2701,21839.9,0.2702,47533.7
1753503768967,04:22:48.967,ALGO/USDT:USDT,0.27,22123.5,0.2699,42400.1,0.2701,21839.9,0.2702,47533.7
1753503768967,04:22:48.967,ALGO/USDT:USDT,0.27,22123.5,0.2699,42400.1,0.2701,21839.9,0.2702,47533.7
1753503769117,04:22:49.117,ALGO/USDT:USDT,0.27,22123.5,0.2699,42400.1,0.2701,21839.9,0.2702,47533.7
1753503769267,04:22:49.267,ALGO/USDT:USDT,0.27,22123.5,0.2699,42400.1,0.2701,21088.5,0.2702,47533.7
1753503769267,04:22:49.267,ALGO/USDT:USDT,0.27,22123.5,0.2699,42400.1,0.2701,21088.5,0.2702,47533.7
1753503769417,04:22:49.417,ALGO/USDT:USDT,0.27,22123.5,0.2699,42400.1,0.2701,21088.5,0.2702,158602.4
1753503769567,04:22:49.567,ALGO/USDT:USDT,0.27,22123.5,0.2699,42400.1,0.2701,21088.5,0.2702,158602.4
1753503769717,04:22:49.717,ALGO/USDT:USDT,0.27,22123.5,0.2699,42400.1,0.2701,21839.9,0.2702,158602.4
1753503769717,04:22:49.717,ALGO/USDT:USDT,0.27,22123.5,0.2699,42400.1,0.2701,21839.9,0.2702,158602.4
1753503769868,04:22:49.868,ALGO/USDT:USDT,0.27,22123.5,0.2699,42400.1,0.2701,21839.9,0.2702,158602.4
1753503769868,04:22:49.868,ALGO/USDT:USDT,0.27,22123.5,0.2699,42400.1,0.2701,21839.9,0.2702,158602.4
1753503770018,04:22:50.018,ALGO/USDT:USDT,0.27,22123.5,0.2699,42400.1,0.2701,21839.9,0.2702,158602.4
1753503770018,04:22:50.018,ALGO/USDT:USDT,0.27,22123.5,0.2699,42400.1,0.2701,21839.9,0.2702,158602.4
1753503770168,04:22:50.168,ALGO/USDT:USDT,0.27,22123.5,0.2699,42400.1,0.2701,21839.9,0.2702,158602.4
1753503770318,04:22:50.318,ALGO/USDT:USDT,0.27,8123.5,0.2699,42400.1,0.2701,21839.9,0.2702,158602.4
1753503770318,04:22:50.318,ALGO/USDT:USDT,0.27,8123.5,0.2699,42400.1,0.2701,21839.9,0.2702,158602.4
1753503770468,04:22:50.468,ALGO/USDT:USDT,0.27,8123.5,0.2699,42400.1,0.2701,21839.9,0.2702,158602.4
1753503770468,04:22:50.468,ALGO/USDT:USDT,0.27,8123.5,0.2699,42400.1,0.2701,21839.9,0.2702,158602.4
1753503770768,04:22:50.768,ALGO/USDT:USDT,0.2699,21011.8,0.2698,27140.3,0.27,10196.6,0.2701,82724.0
1753503770768,04:22:50.768,ALGO/USDT:USDT,0.2699,21011.8,0.2698,27140.3,0.27,10196.6,0.2701,82724.0
1753503770918,04:22:50.918,ALGO/USDT:USDT,0.2699,21011.8,0.2698,27895.3,0.27,26458.7,0.2701,97953.9
1753503770918,04:22:50.918,ALGO/USDT:USDT,0.2699,21011.8,0.2698,27895.3,0.27,26458.7,0.2701,97953.9
1753503771068,04:22:51.068,ALGO/USDT:USDT,0.2699,21011.8,0.2698,26766.8,0.27,14458.7,0.2701,97953.9
1753503771218,04:22:51.218,ALGO/USDT:USDT,0.2699,21011.8,0.2698,26766.8,0.27,14458.7,0.2701,97953.9
1753503771519,04:22:51.519,ALGO/USDT:USDT,0.2699,21011.8,0.2698,26766.8,0.27,14458.7,0.2701,97953.9
1753503771669,04:22:51.669,ALGO/USDT:USDT,0.2699,21011.8,0.2698,26766.8,0.27,28458.7,0.2701,97953.9
1753503771669,04:22:51.669,ALGO/USDT:USDT,0.2699,21011.8,0.2698,26766.8,0.27,28458.7,0.2701,97953.9
1753503771819,04:22:51.819,ALGO/USDT:USDT,0.2699,21011.8,0.2698,26766.8,0.27,28458.7,0.2701,97953.9
1753503771969,04:22:51.969,ALGO/USDT:USDT,0.2699,21011.8,0.2698,26766.8,0.27,28458.7,0.2701,97953.9
1753503772119,04:22:52.119,ALGO/USDT:USDT,0.2699,21011.8,0.2698,26766.8,0.27,5091.0,0.2701,97953.9
1753503772119,04:22:52.119,ALGO/USDT:USDT,0.2699,21011.8,0.2698,26766.8,0.27,5091.0,0.2701,97953.9
1753503772269,04:22:52.269,ALGO/USDT:USDT,0.2699,21011.8,0.2698,26766.8,0.27,5091.0,0.2701,97953.9
1753503772419,04:22:52.419,ALGO/USDT:USDT,0.2699,21011.8,0.2698,26766.8,0.27,5091.0,0.2701,97953.9
1753503772569,04:22:52.569,ALGO/USDT:USDT,0.2699,21011.8,0.2698,26766.8,0.27,5091.0,0.2701,97953.9
1753503772569,04:22:52.569,ALGO/USDT:USDT,0.2699,21011.8,0.2698,26766.8,0.27,5091.0,0.2701,97953.9
1753503772719,04:22:52.719,ALGO/USDT:USDT,0.2699,21011.8,0.2698,26766.8,0.27,19091.0,0.2701,97953.9
1753503772719,04:22:52.719,ALGO/USDT:USDT,0.2699,21011.8,0.2698,26766.8,0.27,19091.0,0.2701,97953.9
1753503772869,04:22:52.869,ALGO/USDT:USDT,0.2699,21011.8,0.2698,26766.8,0.27,19091.0,0.2701,97953.9
1753503772869,04:22:52.869,ALGO/USDT:USDT,0.2699,21011.8,0.2698,26766.8,0.27,19091.0,0.2701,97953.9
1753503773019,04:22:53.019,ALGO/USDT:USDT,0.2699,21011.8,0.2698,26766.8,0.27,19091.0,0.2701,97953.9
1753503773170,04:22:53.170,ALGO/USDT:USDT,0.2699,21011.8,0.2698,26766.8,0.27,19091.0,0.2701,97953.9
1753503773170,04:22:53.170,ALGO/USDT:USDT,0.2699,21011.8,0.2698,26766.8,0.27,19091.0,0.2701,97953.9
1753503773320,04:22:53.320,ALGO/USDT:USDT,0.2699,21011.8,0.2698,26766.8,0.27,19091.0,0.2701,97953.9
1753503773470,04:22:53.470,ALGO/USDT:USDT,0.2699,21011.8,0.2698,26766.8,0.27,19091.0,0.2701,97953.9
1753503773920,04:22:53.920,ALGO/USDT:USDT,0.2699,21011.8,0.2698,26766.8,0.27,19091.0,0.2701,97953.9
1753503774070,04:22:54.070,ALGO/USDT:USDT,0.2699,21011.8,0.2698,26766.8,0.27,19842.4,0.2701,97202.5
1753503774070,04:22:54.070,ALGO/USDT:USDT,0.2699,21011.8,0.2698,26766.8,0.27,19842.4,0.2701,97202.5
1753503774220,04:22:54.220,ALGO/USDT:USDT,0.2699,21011.8,0.2698,26766.8,0.2701,91576.1,0.2702,139933.3
1753503774370,04:22:54.370,ALGO/USDT:USDT,0.27,28975.6,0.2699,29801.4,0.2701,6237.6,0.2702,78866.3
1753503774370,04:22:54.370,ALGO/USDT:USDT,0.27,28975.6,0.2699,29801.4,0.2701,6237.6,0.2702,78866.3
1753503774670,04:22:54.670,ALGO/USDT:USDT,0.27,28975.6,0.2699,47013.1,0.2701,20237.6,0.2702,77394.9
1753503774670,04:22:54.670,ALGO/USDT:USDT,0.27,28975.6,0.2699,47013.1,0.2701,20237.6,0.2702,77394.9
1753503774821,04:22:54.821,ALGO/USDT:USDT,0.27,28975.6,0.2699,47013.1,0.2701,20237.6,0.2702,77394.9
1753503774971,04:22:54.971,ALGO/USDT:USDT,0.27,28975.6,0.2699,47013.1,0.2701,20237.6,0.2702,77394.9
1753503775121,04:22:55.121,ALGO/USDT:USDT,0.27,28975.6,0.2699,47013.1,0.2701,20237.6,0.2702,77394.9
1753503775271,04:22:55.271,ALGO/USDT:USDT,0.27,28975.6,0.2699,47013.1,0.2701,20237.6,0.2702,77394.9
1753503775571,04:22:55.571,ALGO/USDT:USDT,0.27,28975.6,0.2699,47013.1,0.2701,20237.6,0.2702,77394.9
1753503775571,04:22:55.571,ALGO/USDT:USDT,0.27,28975.6,0.2699,47013.1,0.2701,20237.6,0.2702,77394.9
1753503775721,04:22:55.721,ALGO/USDT:USDT,0.27,28975.6,0.2699,47013.1,0.2701,20237.6,0.2702,77394.9
1753503775721,04:22:55.721,ALGO/USDT:USDT,0.27,28975.6,0.2699,47013.1,0.2701,20237.6,0.2702,77394.9
1753503775871,04:22:55.871,ALGO/USDT:USDT,0.27,28975.6,0.2699,47013.1,0.2701,20237.6,0.2702,77394.9
1753503775871,04:22:55.871,ALGO/USDT:USDT,0.27,28975.6,0.2699,47013.1,0.2701,20237.6,0.2702,77394.9
1753503776021,04:22:56.021,ALGO/USDT:USDT,0.27,28975.6,0.2699,47013.1,0.2701,20237.6,0.2702,77394.9
1753503776321,04:22:56.321,ALGO/USDT:USDT,0.27,28975.6,0.2699,47013.1,0.2701,20237.6,0.2702,77394.9
1753503776472,04:22:56.472,ALGO/USDT:USDT,0.27,28975.6,0.2699,47013.1,0.2701,20237.6,0.2702,76639.9
1753503776772,04:22:56.772,ALGO/USDT:USDT,0.27,28975.6,0.2699,47013.1,0.2701,20237.6,0.2702,76639.9
1753503776772,04:22:56.772,ALGO/USDT:USDT,0.27,28975.6,0.2699,47013.1,0.2701,20237.6,0.2702,76639.9
1753503776922,04:22:56.922,ALGO/USDT:USDT,0.27,28975.6,0.2699,47013.1,0.2701,20237.6,0.2702,76639.9
1753503777072,04:22:57.072,ALGO/USDT:USDT,0.27,28975.6,0.2699,47013.1,0.2701,20237.6,0.2702,76639.9
1753503777072,04:22:57.072,ALGO/USDT:USDT,0.27,28975.6,0.2699,47013.1,0.2701,20237.6,0.2702,76639.9
1753503777222,04:22:57.222,ALGO/USDT:USDT,0.27,28975.6,0.2699,47013.1,0.2701,20237.6,0.2702,76639.9
1753503777222,04:22:57.222,ALGO/USDT:USDT,0.27,28975.6,0.2699,47013.1,0.2701,20237.6,0.2702,76639.9
1753503777372,04:22:57.372,ALGO/USDT:USDT,0.27,28975.6,0.2699,47013.1,0.2701,20237.6,0.2702,76639.9
1753503777372,04:22:57.372,ALGO/USDT:USDT,0.27,28975.6,0.2699,47013.1,0.2701,20237.6,0.2702,76639.9
1753503777522,04:22:57.522,ALGO/USDT:USDT,0.27,28975.6,0.2699,47013.1,0.2701,20237.6,0.2702,76639.9
1753503777522,04:22:57.522,ALGO/USDT:USDT,0.27,28975.6,0.2699,47013.1,0.2701,20237.6,0.2702,76639.9
1753503777672,04:22:57.672,ALGO/USDT:USDT,0.27,28975.6,0.2699,47013.1,0.2701,20237.6,0.2702,76639.9
1753503777822,04:22:57.822,ALGO/USDT:USDT,0.27,28975.6,0.2699,47013.1,0.2701,20237.6,0.2702,76639.9
1753503778123,04:22:58.123,ALGO/USDT:USDT,0.27,28975.6,0.2699,47013.1,0.2701,20237.6,0.2702,76639.9
1753503778123,04:22:58.123,ALGO/USDT:USDT,0.27,28975.6,0.2699,47013.1,0.2701,20237.6,0.2702,76639.9
1753503778273,04:22:58.273,ALGO/USDT:USDT,0.27,28975.6,0.2699,47013.1,0.2701,20237.6,0.2702,76639.9
1753503778273,04:22:58.273,ALGO/USDT:USDT,0.27,28975.6,0.2699,47013.1,0.2701,20237.6,0.2702,76639.9
1753503778573,04:22:58.573,ALGO/USDT:USDT,0.27,29727.0,0.2699,46261.7,0.2701,6237.6,0.2702,76639.9
1753503778573,04:22:58.573,ALGO/USDT:USDT,0.27,29727.0,0.2699,46261.7,0.2701,6237.6,0.2702,76639.9
1753503778873,04:22:58.873,ALGO/USDT:USDT,0.27,29727.0,0.2699,46261.7,0.2701,6237.6,0.2702,76639.9
1753503779023,04:22:59.023,ALGO/USDT:USDT,0.27,29727.0,0.2699,46261.7,0.2701,6237.6,0.2702,76639.9
1753503779173,04:22:59.173,ALGO/USDT:USDT,0.27,28975.6,0.2699,46261.7,0.2701,6237.6,0.2702,76639.9
1753503779173,04:22:59.173,ALGO/USDT:USDT,0.27,28975.6,0.2699,46261.7,0.2701,6237.6,0.2702,76639.9
1753503779323,04:22:59.323,ALGO/USDT:USDT,0.27,28975.6,0.2699,46261.7,0.2701,6237.6,0.2702,76639.9
1753503779473,04:22:59.473,ALGO/USDT:USDT,0.27,29727.0,0.2699,46261.7,0.2701,6237.6,0.2702,76639.9
1753503779473,04:22:59.473,ALGO/USDT:USDT,0.27,29727.0,0.2699,46261.7,0.2701,6237.6,0.2702,76639.9
1753503779623,04:22:59.623,ALGO/USDT:USDT,0.27,29727.0,0.2699,46261.7,0.2701,6237.6,0.2702,76639.9
1753503779774,04:22:59.774,ALGO/USDT:USDT,0.27,29727.0,0.2699,46261.7,0.2701,6237.6,0.2702,76639.9
1753503779774,04:22:59.774,ALGO/USDT:USDT,0.27,29727.0,0.2699,46261.7,0.2701,6237.6,0.2702,76639.9
1753503779924,04:22:59.924,ALGO/USDT:USDT,0.27,29727.0,0.2699,46261.7,0.2701,6237.6,0.2702,76639.9
1753503780074,04:23:00.074,ALGO/USDT:USDT,0.27,29727.0,0.2699,46261.7,0.2701,6237.6,0.2702,76639.9
1753503780224,04:23:00.224,ALGO/USDT:USDT,0.27,29727.0,0.2699,46261.7,0.2701,6237.6,0.2702,76639.9
1753503780374,04:23:00.374,ALGO/USDT:USDT,0.27,29727.0,0.2699,46261.7,0.2701,6237.6,0.2702,76639.9
1753503780524,04:23:00.524,ALGO/USDT:USDT,0.27,29727.0,0.2699,46261.7,0.2701,6237.6,0.2702,76639.9
1753503780524,04:23:00.524,ALGO/USDT:USDT,0.27,29727.0,0.2699,46261.7,0.2701,6237.6,0.2702,76639.9
1753503780674,04:23:00.674,ALGO/USDT:USDT,0.27,29727.0,0.2699,46261.7,0.2701,6237.6,0.2702,76639.9
1753503780824,04:23:00.824,ALGO/USDT:USDT,0.27,29727.0,0.2699,46261.7,0.2701,6237.6,0.2702,76639.9
1753503780974,04:23:00.974,ALGO/USDT:USDT,0.27,29727.0,0.2699,46261.7,0.2701,6237.6,0.2702,76639.9
1753503781124,04:23:01.124,ALGO/USDT:USDT,0.2701,24062.2,0.27,34602.0,0.2702,27946.0,0.2703,172591.4
1753503781124,04:23:01.124,ALGO/USDT:USDT,0.2701,24062.2,0.27,34602.0,0.2702,27946.0,0.2703,172591.4
1753503781425,04:23:01.425,ALGO/USDT:USDT,0.2701,24062.2,0.27,45325.3,0.2702,10861.6,0.2703,189168.2
1753503781425,04:23:01.425,ALGO/USDT:USDT,0.2701,24062.2,0.27,45325.3,0.2702,10861.6,0.2703,189168.2
1753503781725,04:23:01.725,ALGO/USDT:USDT,0.2701,24062.2,0.27,45325.3,0.2702,24861.6,0.2703,189163.2
1753503781875,04:23:01.875,ALGO/USDT:USDT,0.2701,24813.6,0.27,45325.3,0.2702,24861.6,0.2703,189163.2
1753503781875,04:23:01.875,ALGO/USDT:USDT,0.2701,24813.6,0.27,45325.3,0.2702,24861.6,0.2703,189163.2
1753503782025,04:23:02.025,ALGO/USDT:USDT,0.2701,24062.2,0.27,45325.3,0.2702,24861.6,0.2703,189163.2
1753503782175,04:23:02.175,ALGO/USDT:USDT,0.2701,23191.6,0.27,45325.3,0.2702,24861.6,0.2703,189163.2
1753503782175,04:23:02.175,ALGO/USDT:USDT,0.2701,23191.6,0.27,45325.3,0.2702,24861.6,0.2703,189163.2
1753503782325,04:23:02.325,ALGO/USDT:USDT,0.2701,23191.6,0.27,45325.3,0.2702,24861.6,0.2703,189163.2
1753503782325,04:23:02.325,ALGO/USDT:USDT,0.2701,23191.6,0.27,45325.3,0.2702,24861.6,0.2703,189163.2
1753503782475,04:23:02.475,ALGO/USDT:USDT,0.2701,23191.6,0.27,45325.3,0.2702,24861.6,0.2703,188793.1
1753503782475,04:23:02.475,ALGO/USDT:USDT,0.2701,23191.6,0.27,45325.3,0.2702,24861.6,0.2703,188793.1
1753503782625,04:23:02.625,ALGO/USDT:USDT,0.2701,23191.6,0.27,45325.3,0.2702,24861.6,0.2703,188793.1
1753503782775,04:23:02.775,ALGO/USDT:USDT,0.2701,23191.6,0.27,45325.3,0.2702,24861.6,0.2703,188793.1
1753503782926,04:23:02.926,ALGO/USDT:USDT,0.27,45325.3,0.2699,76589.0,0.2702,26768.2,0.2703,188793.1
1753503782926,04:23:02.926,ALGO/USDT:USDT,0.27,45325.3,0.2699,76589.0,0.2702,26768.2,0.2703,188793.1
1753503783076,04:23:03.076,ALGO/USDT:USDT,0.27,31139.0,0.2699,93792.4,0.2702,26768.2,0.2703,188793.1
1753503783076,04:23:03.076,ALGO/USDT:USDT,0.27,31139.0,0.2699,93792.4,0.2702,26768.2,0.2703,188793.1
1753503783226,04:23:03.226,ALGO/USDT:USDT,0.27,31139.0,0.2699,93792.4,0.2701,870.6,0.2702,27519.6
1753503783376,04:23:03.376,ALGO/USDT:USDT,0.27,31139.0,0.2699,94162.7,0.2701,6237.6,0.2702,43848.5
1753503783376,04:23:03.376,ALGO/USDT:USDT,0.27,31139.0,0.2699,94162.7,0.2701,6237.6,0.2702,43848.5
1753503783526,04:23:03.526,ALGO/USDT:USDT,0.27,31139.0,0.2699,94162.7,0.2701,16237.6,0.2702,43848.5
1753503783526,04:23:03.526,ALGO/USDT:USDT,0.27,31139.0,0.2699,94162.7,0.2701,16237.6,0.2702,43848.5
1753503783676,04:23:03.676,ALGO/USDT:USDT,0.27,31139.0,0.2699,94162.7,0.2701,16237.6,0.2702,43848.5
1753503783676,04:23:03.676,ALGO/USDT:USDT,0.27,31139.0,0.2699,94162.7,0.2701,16237.6,0.2702,43848.5
1753503783976,04:23:03.976,ALGO/USDT:USDT,0.27,31139.0,0.2699,94162.7,0.2701,16237.6,0.2702,43848.5
1753503784276,04:23:04.276,ALGO/USDT:USDT,0.27,31139.0,0.2699,94162.7,0.2701,16237.6,0.2702,43848.5
1753503784426,04:23:04.426,ALGO/USDT:USDT,0.27,31139.0,0.2699,93792.4,0.2701,16237.6,0.2702,43848.5
1753503784577,04:23:04.577,ALGO/USDT:USDT,0.27,31139.0,0.2699,93792.4,0.2701,16237.6,0.2702,43848.5
1753503784727,04:23:04.727,ALGO/USDT:USDT,0.27,31139.0,0.2699,93792.4,0.2701,1975.5,0.2702,43848.5
1753503784877,04:23:04.877,ALGO/USDT:USDT,0.27,31139.0,0.2699,93792.4,0.2701,1975.5,0.2702,43848.5
1753503785027,04:23:05.027,ALGO/USDT:USDT,0.27,31139.0,0.2699,93792.4,0.2701,7108.2,0.2702,43848.5
1753503785177,04:23:05.177,ALGO/USDT:USDT,0.27,31139.0,0.2699,93792.4,0.2701,7108.2,0.2702,43848.5
1753503785177,04:23:05.177,ALGO/USDT:USDT,0.27,31139.0,0.2699,93792.4,0.2701,7108.2,0.2702,43848.5
1753503785327,04:23:05.327,ALGO/USDT:USDT,0.27,31139.0,0.2699,93792.4,0.2701,7108.2,0.2702,43848.5
1753503785327,04:23:05.327,ALGO/USDT:USDT,0.27,31139.0,0.2699,93792.4,0.2701,7108.2,0.2702,43848.5
1753503785477,04:23:05.477,ALGO/USDT:USDT,0.27,31139.0,0.2699,93792.4,0.2701,7108.2,0.2702,43848.5
1753503785477,04:23:05.477,ALGO/USDT:USDT,0.27,31139.0,0.2699,93792.4,0.2701,7108.2,0.2702,43848.5
1753503785627,04:23:05.627,ALGO/USDT:USDT,0.27,31139.0,0.2699,93792.4,0.2701,7108.2,0.2702,43848.5
1753503786077,04:23:06.077,ALGO/USDT:USDT,0.27,27139.0,0.2699,47008.4,0.2701,17227.3,0.2702,43848.5
1753503786077,04:23:06.077,ALGO/USDT:USDT,0.27,27139.0,0.2699,47008.4,0.2701,17227.3,0.2702,43848.5
1753503786528,04:23:06.528,ALGO/USDT:USDT,0.27,27139.0,0.2699,47008.4,0.2701,30475.9,0.2702,43848.5
1753503786528,04:23:06.528,ALGO/USDT:USDT,0.27,27139.0,0.2699,47008.4,0.2701,30475.9,0.2702,43848.5
1753503786678,04:23:06.678,ALGO/USDT:USDT,0.27,27139.0,0.2699,47008.4,0.2701,30475.9,0.2702,43848.5
1753503786828,04:23:06.828,ALGO/USDT:USDT,0.27,17139.0,0.2699,47008.4,0.2701,30475.9,0.2702,43848.5
1753503787128,04:23:07.128,ALGO/USDT:USDT,0.27,16310.1,0.2699,46253.4,0.2701,31227.3,0.2702,43848.5
1753503787278,04:23:07.278,ALGO/USDT:USDT,0.27,16310.1,0.2699,46253.4,0.2701,31227.3,0.2702,43848.5
1753503787428,04:23:07.428,ALGO/USDT:USDT,0.27,16310.1,0.2699,46253.4,0.2701,31227.3,0.2702,43848.5
1753503787428,04:23:07.428,ALGO/USDT:USDT,0.27,16310.1,0.2699,46253.4,0.2701,31227.3,0.2702,43848.5
1753503787578,04:23:07.578,ALGO/USDT:USDT,0.27,11380.6,0.2699,46253.4,0.2701,31227.3,0.2702,43848.5
1753503787728,04:23:07.728,ALGO/USDT:USDT,0.27,11380.6,0.2699,46253.4,0.2701,31227.3,0.2702,43848.5
1753503787728,04:23:07.728,ALGO/USDT:USDT,0.27,11380.6,0.2699,46253.4,0.2701,31227.3,0.2702,43848.5
1753503787879,04:23:07.879,ALGO/USDT:USDT,0.27,11380.6,0.2699,46253.4,0.2701,31227.3,0.2702,43848.5
1753503788029,04:23:08.029,ALGO/USDT:USDT,0.27,11380.6,0.2699,46253.4,0.2701,31227.3,0.2702,43848.5
1753503788179,04:23:08.179,ALGO/USDT:USDT,0.27,11380.6,0.2699,46253.4,0.2701,31227.3,0.2702,43848.5
1753503788179,04:23:08.179,ALGO/USDT:USDT,0.27,11380.6,0.2699,46253.4,0.2701,31227.3,0.2702,43848.5
1753503788329,04:23:08.329,ALGO/USDT:USDT,0.27,11380.6,0.2699,46253.4,0.2701,31227.3,0.2702,43848.5
1753503788329,04:23:08.329,ALGO/USDT:USDT,0.27,11380.6,0.2699,46253.4,0.2701,31227.3,0.2702,43848.5
1753503788479,04:23:08.479,ALGO/USDT:USDT,0.27,11380.6,0.2699,46253.4,0.2701,31227.3,0.2702,43848.5
1753503788629,04:23:08.629,ALGO/USDT:USDT,0.27,11380.6,0.2699,46253.4,0.2701,31227.3,0.2702,43848.5
1753503788629,04:23:08.629,ALGO/USDT:USDT,0.27,11380.6,0.2699,46253.4,0.2701,31227.3,0.2702,43848.5
1753503788779,04:23:08.779,ALGO/USDT:USDT,0.27,11380.6,0.2699,46253.4,0.2701,31227.3,0.2702,43848.5
1753503788779,04:23:08.779,ALGO/USDT:USDT,0.27,11380.6,0.2699,46253.4,0.2701,31227.3,0.2702,43848.5
1753503789229,04:23:09.229,ALGO/USDT:USDT,0.27,11380.6,0.2699,46253.4,0.2701,31227.3,0.2702,43848.5
1753503789229,04:23:09.229,ALGO/USDT:USDT,0.27,11380.6,0.2699,46253.4,0.2701,31227.3,0.2702,43848.5
1753503789379,04:23:09.379,ALGO/USDT:USDT,0.27,11380.6,0.2699,46253.4,0.2701,30475.9,0.2702,43848.5
1753503789530,04:23:09.530,ALGO/USDT:USDT,0.27,13287.2,0.2699,46253.4,0.2701,30475.9,0.2702,43848.5
1753503789680,04:23:09.680,ALGO/USDT:USDT,0.27,13287.2,0.2699,46253.4,0.2701,30475.9,0.2702,43848.5
1753503789830,04:23:09.830,ALGO/USDT:USDT,0.27,13287.2,0.2699,46253.4,0.2701,30475.9,0.2702,43848.5
1753503789830,04:23:09.830,ALGO/USDT:USDT,0.27,13287.2,0.2699,46253.4,0.2701,30475.9,0.2702,43848.5
1753503790130,04:23:10.130,ALGO/USDT:USDT,0.27,13287.2,0.2699,46253.4,0.2701,30475.9,0.2702,43848.5
1753503790130,04:23:10.130,ALGO/USDT:USDT,0.27,13287.2,0.2699,46253.4,0.2701,30475.9,0.2702,43848.5
1753503790280,04:23:10.280,ALGO/USDT:USDT,0.27,13287.2,0.2699,46253.4,0.2701,31227.3,0.2702,43848.5
1753503790430,04:23:10.430,ALGO/USDT:USDT,0.27,13287.2,0.2699,46253.4,0.2701,31227.3,0.2702,43848.5
1753503790580,04:23:10.580,ALGO/USDT:USDT,0.27,13287.2,0.2699,46253.4,0.2701,31227.3,0.2702,43848.5
1753503790580,04:23:10.580,ALGO/USDT:USDT,0.27,13287.2,0.2699,46253.4,0.2701,31227.3,0.2702,43848.5
1753503790730,04:23:10.730,ALGO/USDT:USDT,0.27,13287.2,0.2699,46253.4,0.2701,30475.9,0.2702,43848.5
1753503790730,04:23:10.730,ALGO/USDT:USDT,0.27,13287.2,0.2699,46253.4,0.2701,30475.9,0.2702,43848.5
1753503791031,04:23:11.031,ALGO/USDT:USDT,0.27,13287.2,0.2699,46253.4,0.2701,30475.9,0.2702,43848.5
1753503791181,04:23:11.181,ALGO/USDT:USDT,0.27,13287.2,0.2699,46253.4,0.2701,30475.9,0.2702,43848.5
1753503791181,04:23:11.181,ALGO/USDT:USDT,0.27,13287.2,0.2699,46253.4,0.2701,30475.9,0.2702,43848.5
1753503791331,04:23:11.331,ALGO/USDT:USDT,0.27,13287.2,0.2699,46253.4,0.2701,30475.9,0.2702,154916.0
1753503791331,04:23:11.331,ALGO/USDT:USDT,0.27,13287.2,0.2699,46253.4,0.2701,30475.9,0.2702,154916.0
1753503791481,04:23:11.481,ALGO/USDT:USDT,0.27,27287.2,0.2699,46253.4,0.2701,30475.9,0.2702,154916.0
1753503791481,04:23:11.481,ALGO/USDT:USDT,0.27,27287.2,0.2699,46253.4,0.2701,30475.9,0.2702,154916.0
1753503791781,04:23:11.781,ALGO/USDT:USDT,0.27,27287.2,0.2699,46253.4,0.2701,30475.9,0.2702,154916.0
1753503791781,04:23:11.781,ALGO/USDT:USDT,0.27,27287.2,0.2699,46253.4,0.2701,30475.9,0.2702,154916.0
1753503791931,04:23:11.931,ALGO/USDT:USDT,0.27,13287.2,0.2699,46253.4,0.2701,30475.9,0.2702,154916.0
1753503791931,04:23:11.931,ALGO/USDT:USDT,0.27,13287.2,0.2699,46253.4,0.2701,30475.9,0.2702,154916.0
1753503792081,04:23:12.081,ALGO/USDT:USDT,0.27,13287.2,0.2699,46253.4,0.2701,30475.9,0.2702,154916.0
1753503792081,04:23:12.081,ALGO/USDT:USDT,0.27,13287.2,0.2699,46253.4,0.2701,30475.9,0.2702,154916.0
1753503792231,04:23:12.231,ALGO/USDT:USDT,0.27,13287.2,0.2699,46253.4,0.2701,30475.9,0.2702,154916.0
1753503792231,04:23:12.231,ALGO/USDT:USDT,0.27,13287.2,0.2699,46253.4,0.2701,30475.9,0.2702,154916.0
1753503792982,04:23:12.982,ALGO/USDT:USDT,0.27,13287.2,0.2699,46253.4,0.2701,31227.3,0.2702,154916.0
1753503792982,04:23:12.982,ALGO/USDT:USDT,0.27,13287.2,0.2699,46253.4,0.2701,31227.3,0.2702,154916.0
1753503793132,04:23:13.132,ALGO/USDT:USDT,0.27,13287.2,0.2699,46253.4,0.2701,31227.3,0.2702,154916.0
1753503793132,04:23:13.132,ALGO/USDT:USDT,0.27,13287.2,0.2699,46253.4,0.2701,31227.3,0.2702,154916.0
1753503793282,04:23:13.282,ALGO/USDT:USDT,0.27,13287.2,0.2699,46253.4,0.2701,31227.3,0.2702,154916.0
1753503793582,04:23:13.582,ALGO/USDT:USDT,0.27,13287.2,0.2699,46253.4,0.2701,31227.3,0.2702,154916.0
1753503793882,04:23:13.882,ALGO/USDT:USDT,0.2699,46253.4,0.2698,173242.6,0.2701,35993.8,0.2702,154916.0
1753503794032,04:23:14.032,ALGO/USDT:USDT,0.2699,29050.0,0.2698,190459.0,0.27,2824.6,0.2701,40868.8
1753503794032,04:23:14.032,ALGO/USDT:USDT,0.2699,29050.0,0.2698,190459.0,0.27,2824.6,0.2701,40868.8
1753503794182,04:23:14.182,ALGO/USDT:USDT,0.2699,26190.1,0.2698,73558.9,0.27,7086.7,0.2701,102889.7
1753503794182,04:23:14.182,ALGO/USDT:USDT,0.2699,26190.1,0.2698,73558.9,0.27,7086.7,0.2701,102889.7
1753503794332,04:23:14.332,ALGO/USDT:USDT,0.2699,26190.1,0.2698,72803.9,0.27,7086.7,0.2701,102889.7
1753503794483,04:23:14.483,ALGO/USDT:USDT,0.2699,26190.1,0.2698,72803.9,0.27,21086.7,0.2701,102889.7
1753503794483,04:23:14.483,ALGO/USDT:USDT,0.2699,26190.1,0.2698,72803.9,0.27,21086.7,0.2701,102889.7
1753503794783,04:23:14.783,ALGO/USDT:USDT,0.2699,26190.1,0.2698,26025.3,0.27,21086.7,0.2701,102889.7
1753503794933,04:23:14.933,ALGO/USDT:USDT,0.2699,26190.1,0.2698,26025.3,0.27,21086.7,0.2701,102889.7
1753503795083,04:23:15.083,ALGO/USDT:USDT,0.2699,26190.1,0.2698,26025.3,0.27,21086.7,0.2701,102889.7
1753503795083,04:23:15.083,ALGO/USDT:USDT,0.2699,26190.1,0.2698,26025.3,0.27,21086.7,0.2701,102889.7
1753503795233,04:23:15.233,ALGO/USDT:USDT,0.2699,26190.1,0.2698,26025.3,0.27,21086.7,0.2701,102889.7
1753503795383,04:23:15.383,ALGO/USDT:USDT,0.2699,26190.1,0.2698,26025.3,0.27,21086.7,0.2701,102889.7
1753503795533,04:23:15.533,ALGO/USDT:USDT,0.2699,26190.1,0.2698,26025.3,0.27,21086.7,0.2701,102889.7
1753503795533,04:23:15.533,ALGO/USDT:USDT,0.2699,26190.1,0.2698,26025.3,0.27,21086.7,0.2701,102889.7
1753503795683,04:23:15.683,ALGO/USDT:USDT,0.2699,26190.1,0.2698,26025.3,0.27,21086.7,0.2701,102889.7
1753503795683,04:23:15.683,ALGO/USDT:USDT,0.2699,26190.1,0.2698,26025.3,0.27,21086.7,0.2701,102889.7
1753503795833,04:23:15.833,ALGO/USDT:USDT,0.2699,26190.1,0.2698,26025.3,0.27,21086.7,0.2701,102889.7
1753503795833,04:23:15.833,ALGO/USDT:USDT,0.2699,26190.1,0.2698,26025.3,0.27,21086.7,0.2701,102889.7
1753503795984,04:23:15.984,ALGO/USDT:USDT,0.2699,26190.1,0.2698,26025.3,0.27,21086.7,0.2701,102889.7
1753503796434,04:23:16.434,ALGO/USDT:USDT,0.2699,26190.1,0.2698,26025.3,0.27,21086.7,0.2701,102889.7
1753503796734,04:23:16.734,ALGO/USDT:USDT,0.2699,26190.1,0.2698,26025.3,0.27,21086.7,0.2701,102889.7
1753503796884,04:23:16.884,ALGO/USDT:USDT,0.2699,26190.1,0.2698,26025.3,0.27,21086.7,0.2701,102889.7
1753503797034,04:23:17.034,ALGO/USDT:USDT,0.2699,26190.1,0.2698,26025.3,0.27,21086.7,0.2701,102889.7
1753503797184,04:23:17.184,ALGO/USDT:USDT,0.2699,26190.1,0.2698,26025.3,0.27,21086.7,0.2701,102889.7
1753503797334,04:23:17.334,ALGO/USDT:USDT,0.2699,26190.1,0.2698,26025.3,0.27,21086.7,0.2701,102889.7
1753503797484,04:23:17.484,ALGO/USDT:USDT,0.2699,26190.1,0.2698,26025.3,0.27,21086.7,0.2701,102889.7
1753503797935,04:23:17.935,ALGO/USDT:USDT,0.2699,26190.1,0.2698,26025.3,0.27,21086.7,0.2701,102889.7
1753503798235,04:23:18.235,ALGO/USDT:USDT,0.2699,26190.1,0.2698,26025.3,0.27,21086.7,0.2701,102889.7
1753503798235,04:23:18.235,ALGO/USDT:USDT,0.2699,26190.1,0.2698,26025.3,0.27,21086.7,0.2701,102889.7
1753503798385,04:23:18.385,ALGO/USDT:USDT,0.2699,26190.1,0.2698,26025.3,0.27,21086.7,0.2701,102889.7
1753503798385,04:23:18.385,ALGO/USDT:USDT,0.2699,26190.1,0.2698,26025.3,0.27,21086.7,0.2701,102889.7
1753503798535,04:23:18.535,ALGO/USDT:USDT,0.2699,26190.1,0.2698,26025.3,0.27,21086.7,0.2701,102889.7
1753503798685,04:23:18.685,ALGO/USDT:USDT,0.2699,26190.1,0.2698,26025.3,0.27,21086.7,0.2701,102889.7
1753503798835,04:23:18.835,ALGO/USDT:USDT,0.2699,26190.1,0.2698,26025.3,0.27,7086.7,0.2701,102889.7
1753503798985,04:23:18.985,ALGO/USDT:USDT,0.2699,26190.1,0.2698,26025.3,0.27,7086.7,0.2701,102889.7
1753503799135,04:23:19.135,ALGO/USDT:USDT,0.2699,26190.1,0.2698,26025.3,0.27,7086.7,0.2701,102889.7
1753503799586,04:23:19.586,ALGO/USDT:USDT,0.2699,26190.1,0.2698,26025.3,0.27,21086.7,0.2701,102889.7
1753503799736,04:23:19.736,ALGO/USDT:USDT,0.2699,26190.1,0.2698,26025.3,0.27,21086.7,0.2701,102889.7
1753503799736,04:23:19.736,ALGO/USDT:USDT,0.2699,26190.1,0.2698,26025.3,0.27,21086.7,0.2701,102889.7
1753503799886,04:23:19.886,ALGO/USDT:USDT,0.2699,26190.1,0.2698,26025.3,0.27,21086.7,0.2701,102889.7
1753503799886,04:23:19.886,ALGO/USDT:USDT,0.2699,26190.1,0.2698,26025.3,0.27,21086.7,0.2701,102889.7
1753503800036,04:23:20.036,ALGO/USDT:USDT,0.2699,26190.1,0.2698,26025.3,0.27,21086.7,0.2701,102889.7
1753503800036,04:23:20.036,ALGO/USDT:USDT,0.2699,26190.1,0.2698,26025.3,0.27,21086.7,0.2701,102889.7
1753503800486,04:23:20.486,ALGO/USDT:USDT,0.2699,26190.1,0.2698,26025.3,0.27,21086.7,0.2701,102889.7
1753503800636,04:23:20.636,ALGO/USDT:USDT,0.2699,26190.1,0.2698,26025.3,0.27,21086.7,0.2701,102889.7
1753503800636,04:23:20.636,ALGO/USDT:USDT,0.2699,26190.1,0.2698,26025.3,0.27,21086.7,0.2701,102889.7
1753503800787,04:23:20.787,ALGO/USDT:USDT,0.2699,26190.1,0.2698,26025.3,0.27,21086.7,0.2701,102889.7
1753503800937,04:23:20.937,ALGO/USDT:USDT,0.2699,26190.1,0.2698,26025.3,0.27,21086.7,0.2701,102889.7
1753503800937,04:23:20.937,ALGO/USDT:USDT,0.2699,26190.1,0.2698,26025.3,0.27,21086.7,0.2701,102889.7
1753503801087,04:23:21.087,ALGO/USDT:USDT,0.2699,26190.1,0.2698,26025.3,0.27,21086.7,0.2701,102889.7
1753503801237,04:23:21.237,ALGO/USDT:USDT,0.2699,26190.1,0.2698,26025.3,0.27,21086.7,0.2701,102889.7
1753503801237,04:23:21.237,ALGO/USDT:USDT,0.2699,26190.1,0.2698,26025.3,0.27,21086.7,0.2701,102889.7
1753503801387,04:23:21.387,ALGO/USDT:USDT,0.2699,26190.1,0.2698,26025.3,0.27,21086.7,0.2701,102889.7
1753503801687,04:23:21.687,ALGO/USDT:USDT,0.2699,26190.1,0.2698,26025.3,0.27,21086.7,0.2701,102889.7
1753503801687,04:23:21.687,ALGO/USDT:USDT,0.2699,26190.1,0.2698,26025.3,0.27,21086.7,0.2701,102889.7
1753503801837,04:23:21.837,ALGO/USDT:USDT,0.2699,26190.1,0.2698,26025.3,0.27,21086.7,0.2701,102889.7
1753503801837,04:23:21.837,ALGO/USDT:USDT,0.2699,26190.1,0.2698,26025.3,0.27,21086.7,0.2701,102889.7
1753503801987,04:23:21.987,ALGO/USDT:USDT,0.2699,26190.1,0.2698,26025.3,0.27,21086.7,0.2701,102889.7
1753503801987,04:23:21.987,ALGO/USDT:USDT,0.2699,26190.1,0.2698,26025.3,0.27,21086.7,0.2701,102889.7
1753503802287,04:23:22.287,ALGO/USDT:USDT,0.2699,26190.1,0.2698,26025.3,0.27,21086.7,0.2701,102889.7
1753503802287,04:23:22.287,ALGO/USDT:USDT,0.2699,26190.1,0.2698,26025.3,0.27,21086.7,0.2701,102889.7
1753503802437,04:23:22.437,ALGO/USDT:USDT,0.2699,26190.1,0.2698,26025.3,0.27,21086.7,0.2701,102889.7
1753503802588,04:23:22.588,ALGO/USDT:USDT,0.2699,26190.1,0.2698,26025.3,0.27,21086.7,0.2701,102889.7
1753503802588,04:23:22.588,ALGO/USDT:USDT,0.2699,26190.1,0.2698,26025.3,0.27,21086.7,0.2701,102889.7
1753503802738,04:23:22.738,ALGO/USDT:USDT,0.2699,26190.1,0.2698,26025.3,0.27,21086.7,0.2701,102889.7
1753503802888,04:23:22.888,ALGO/USDT:USDT,0.2699,26190.1,0.2698,26025.3,0.27,21086.7,0.2701,102889.7
1753503803038,04:23:23.038,ALGO/USDT:USDT,0.2699,26190.1,0.2698,26025.3,0.27,21086.7,0.2701,102889.7
1753503803038,04:23:23.038,ALGO/USDT:USDT,0.2699,26190.1,0.2698,26025.3,0.27,21086.7,0.2701,102889.7
1753503803188,04:23:23.188,ALGO/USDT:USDT,0.2699,26190.1,0.2698,26025.3,0.27,21086.7,0.2701,102889.7
1753503803338,04:23:23.338,ALGO/USDT:USDT,0.2699,26190.1,0.2698,26025.3,0.27,21086.7,0.2701,102889.7
1753503803488,04:23:23.488,ALGO/USDT:USDT,0.2699,26190.1,0.2698,26025.3,0.27,21086.7,0.2701,102889.7
1753503803638,04:23:23.638,ALGO/USDT:USDT,0.2699,26190.1,0.2698,26025.3,0.27,21086.7,0.2701,102889.7
1753503803638,04:23:23.638,ALGO/USDT:USDT,0.2699,26190.1,0.2698,26025.3,0.27,21086.7,0.2701,102889.7
1753503803788,04:23:23.788,ALGO/USDT:USDT,0.2699,26190.1,0.2698,26025.3,0.27,21086.7,0.2701,102889.7
1753503803938,04:23:23.938,ALGO/USDT:USDT,0.2699,26190.1,0.2698,26025.3,0.27,21086.7,0.2701,102889.7
1753503804089,04:23:24.089,ALGO/USDT:USDT,0.2699,26190.1,0.2698,26025.3,0.27,21086.7,0.2701,102889.7
1753503804389,04:23:24.389,ALGO/USDT:USDT,0.2699,12190.1,0.2698,26025.3,0.27,21838.1,0.2701,102889.7
1753503804389,04:23:24.389,ALGO/USDT:USDT,0.2699,12190.1,0.2698,26025.3,0.27,21838.1,0.2701,102889.7
1753503804539,04:23:24.539,ALGO/USDT:USDT,0.2699,12190.1,0.2698,26025.3,0.27,21086.7,0.2701,102889.7
1753503804689,04:23:24.689,ALGO/USDT:USDT,0.2699,12190.1,0.2698,26025.3,0.27,21086.7,0.2701,102889.7
1753503804989,04:23:24.989,ALGO/USDT:USDT,0.2699,12190.1,0.2698,39025.3,0.27,21086.7,0.2701,102889.7
1753503805289,04:23:25.289,ALGO/USDT:USDT,0.2699,12190.1,0.2698,39025.3,0.27,21086.7,0.2701,102889.7
1753503805739,04:23:25.739,ALGO/USDT:USDT,0.2699,26190.1,0.2698,39025.3,0.27,21086.7,0.2701,102889.7
1753503805890,04:23:25.890,ALGO/USDT:USDT,0.2699,26190.1,0.2698,39025.3,0.27,21086.7,0.2701,102889.7
1753503805890,04:23:25.890,ALGO/USDT:USDT,0.2699,26190.1,0.2698,39025.3,0.27,21086.7,0.2701,102889.7
1753503806040,04:23:26.040,ALGO/USDT:USDT,0.2699,26190.1,0.2698,39025.3,0.27,21086.7,0.2701,102889.7
1753503806190,04:23:26.190,ALGO/USDT:USDT,0.2699,26190.1,0.2698,39025.3,0.27,21086.7,0.2701,102889.7
1753503806340,04:23:26.340,ALGO/USDT:USDT,0.2699,26190.1,0.2698,39025.3,0.27,21086.7,0.2701,102889.7
1753503806490,04:23:26.490,ALGO/USDT:USDT,0.2699,26190.1,0.2698,39025.3,0.27,21086.7,0.2701,102889.7
1753503806490,04:23:26.490,ALGO/USDT:USDT,0.2699,26190.1,0.2698,39025.3,0.27,21086.7,0.2701,102889.7
1753503806640,04:23:26.640,ALGO/USDT:USDT,0.2699,26190.1,0.2698,39025.3,0.27,21086.7,0.2701,102889.7
1753503806790,04:23:26.790,ALGO/USDT:USDT,0.2699,26190.1,0.2698,39025.3,0.27,21086.7,0.2701,102889.7
1753503806940,04:23:26.940,ALGO/USDT:USDT,0.2699,26190.1,0.2698,39025.3,0.27,21086.7,0.2701,102889.7
1753503806940,04:23:26.940,ALGO/USDT:USDT,0.2699,26190.1,0.2698,39025.3,0.27,21086.7,0.2701,102889.7
1753503807090,04:23:27.090,ALGO/USDT:USDT,0.2699,26190.1,0.2698,39025.3,0.27,21086.7,0.2701,102889.7
1753503807090,04:23:27.090,ALGO/USDT:USDT,0.2699,26190.1,0.2698,39025.3,0.27,21086.7,0.2701,102889.7
1753503807240,04:23:27.240,ALGO/USDT:USDT,0.2699,26190.1,0.2698,39025.3,0.27,21086.7,0.2701,102889.7
1753503807240,04:23:27.240,ALGO/USDT:USDT,0.2699,26190.1,0.2698,39025.3,0.27,21086.7,0.2701,102889.7
1753503807390,04:23:27.390,ALGO/USDT:USDT,0.2699,26190.1,0.2698,39025.3,0.27,21086.7,0.2701,102889.7
1753503807390,04:23:27.390,ALGO/USDT:USDT,0.2699,26190.1,0.2698,39025.3,0.27,21086.7,0.2701,102889.7
1753503807541,04:23:27.541,ALGO/USDT:USDT,0.2699,26190.1,0.2698,39025.3,0.27,21086.7,0.2701,102889.7
1753503807691,04:23:27.691,ALGO/USDT:USDT,0.2699,26190.1,0.2698,39025.3,0.27,21086.7,0.2701,102889.7
1753503807841,04:23:27.841,ALGO/USDT:USDT,0.2699,26190.1,0.2698,39025.3,0.27,21086.7,0.2701,102889.7
1753503808141,04:23:28.141,ALGO/USDT:USDT,0.2699,26190.1,0.2698,39025.3,0.27,21086.7,0.2701,102889.7
1753503808291,04:23:28.291,ALGO/USDT:USDT,0.2699,26190.1,0.2698,39025.3,0.27,21086.7,0.2701,102889.7
1753503808291,04:23:28.291,ALGO/USDT:USDT,0.2699,26190.1,0.2698,39025.3,0.27,21086.7,0.2701,102889.7
1753503808441,04:23:28.441,ALGO/USDT:USDT,0.2699,26190.1,0.2698,39025.3,0.27,21086.7,0.2701,102889.7
1753503808441,04:23:28.441,ALGO/USDT:USDT,0.2699,26190.1,0.2698,39025.3,0.27,21086.7,0.2701,102889.7
1753503808591,04:23:28.591,ALGO/USDT:USDT,0.2699,26190.1,0.2698,39025.3,0.27,21086.7,0.2701,102889.7
1753503808741,04:23:28.741,ALGO/USDT:USDT,0.2699,26190.1,0.2698,39025.3,0.27,21086.7,0.2701,102889.7
1753503808741,04:23:28.741,ALGO/USDT:USDT,0.2699,26190.1,0.2698,39025.3,0.27,21086.7,0.2701,102889.7
1753503808891,04:23:28.891,ALGO/USDT:USDT,0.2699,26190.1,0.2698,39025.3,0.27,21086.7,0.2701,102889.7
1753503808891,04:23:28.891,ALGO/USDT:USDT,0.2699,26190.1,0.2698,39025.3,0.27,21086.7,0.2701,102889.7
1753503809042,04:23:29.042,ALGO/USDT:USDT,0.2699,26190.1,0.2698,39025.3,0.27,21086.7,0.2701,102889.7
1753503809192,04:23:29.192,ALGO/USDT:USDT,0.2699,26190.1,0.2698,39025.3,0.27,21086.7,0.2701,102889.7
1753503809342,04:23:29.342,ALGO/USDT:USDT,0.2699,26190.1,0.2698,39025.3,0.27,21086.7,0.2701,102889.7
1753503809492,04:23:29.492,ALGO/USDT:USDT,0.2699,26190.1,0.2698,39025.3,0.27,21086.7,0.2701,102889.7
1753503809642,04:23:29.642,ALGO/USDT:USDT,0.2699,26190.1,0.2698,39025.3,0.27,21086.7,0.2701,102889.7
1753503809792,04:23:29.792,ALGO/USDT:USDT,0.2699,26190.1,0.2698,39025.3,0.27,21086.7,0.2701,102889.7
1753503809942,04:23:29.942,ALGO/USDT:USDT,0.2699,26190.1,0.2698,39025.3,0.27,21086.7,0.2701,102889.7
1753503810092,04:23:30.092,ALGO/USDT:USDT,0.2699,26190.1,0.2698,39025.3,0.27,21086.7,0.2701,102889.7
1753503810242,04:23:30.242,ALGO/USDT:USDT,0.2699,26190.1,0.2698,39025.3,0.27,21086.7,0.2701,102889.7
1753503810242,04:23:30.242,ALGO/USDT:USDT,0.2699,26190.1,0.2698,39025.3,0.27,21086.7,0.2701,102889.7
1753503810392,04:23:30.392,ALGO/USDT:USDT,0.2699,26190.1,0.2698,39025.3,0.27,21086.7,0.2701,102889.7
1753503810543,04:23:30.543,ALGO/USDT:USDT,0.2699,26190.1,0.2698,39025.3,0.27,21086.7,0.2701,102889.7
1753503810693,04:23:30.693,ALGO/USDT:USDT,0.2699,26190.1,0.2698,39025.3,0.27,21086.7,0.2701,102889.7
1753503810843,04:23:30.843,ALGO/USDT:USDT,0.2699,26190.1,0.2698,39025.3,0.27,21086.7,0.2701,102889.7
1753503810843,04:23:30.843,ALGO/USDT:USDT,0.2699,26190.1,0.2698,39025.3,0.27,21086.7,0.2701,102889.7
1753503810993,04:23:30.993,ALGO/USDT:USDT,0.2699,26190.1,0.2698,39025.3,0.27,21086.7,0.2701,102889.7
1753503811143,04:23:31.143,ALGO/USDT:USDT,0.2699,26190.1,0.2698,39025.3,0.27,21086.7,0.2701,102889.7
1753503811143,04:23:31.143,ALGO/USDT:USDT,0.2699,26190.1,0.2698,39025.3,0.27,21086.7,0.2701,102889.7
1753503811293,04:23:31.293,ALGO/USDT:USDT,0.2699,26190.1,0.2698,39025.3,0.27,21086.7,0.2701,102889.7
1753503811443,04:23:31.443,ALGO/USDT:USDT,0.2699,26190.1,0.2698,39025.3,0.27,21086.7,0.2701,102889.7
1753503811593,04:23:31.593,ALGO/USDT:USDT,0.2699,26190.1,0.2698,39025.3,0.27,21086.7,0.2701,102889.7
1753503811593,04:23:31.593,ALGO/USDT:USDT,0.2699,26190.1,0.2698,39025.3,0.27,21086.7,0.2701,102889.7
1753503811743,04:23:31.743,ALGO/USDT:USDT,0.2699,26190.1,0.2698,39025.3,0.27,21086.7,0.2701,102889.7
1753503811893,04:23:31.893,ALGO/USDT:USDT,0.2699,26190.1,0.2698,39025.3,0.27,21086.7,0.2701,102889.7
1753503811893,04:23:31.893,ALGO/USDT:USDT,0.2699,26190.1,0.2698,39025.3,0.27,21086.7,0.2701,102889.7
1753503812194,04:23:32.194,ALGO/USDT:USDT,0.2699,26190.1,0.2698,39025.3,0.27,21086.7,0.2701,102889.7
1753503812194,04:23:32.194,ALGO/USDT:USDT,0.2699,26190.1,0.2698,39025.3,0.27,21086.7,0.2701,102889.7
1753503812344,04:23:32.344,ALGO/USDT:USDT,0.2699,26190.1,0.2698,39025.3,0.27,21086.7,0.2701,102889.7
1753503812344,04:23:32.344,ALGO/USDT:USDT,0.2699,26190.1,0.2698,39025.3,0.27,21086.7,0.2701,102889.7
1753503812494,04:23:32.494,ALGO/USDT:USDT,0.2699,26190.1,0.2698,39025.3,0.27,21086.7,0.2701,102889.7
1753503812644,04:23:32.644,ALGO/USDT:USDT,0.2699,26190.1,0.2698,39025.3,0.27,21086.7,0.2701,102889.7
1753503812794,04:23:32.794,ALGO/USDT:USDT,0.2699,26190.1,0.2698,39025.3,0.27,21086.7,0.2701,102889.7
1753503812794,04:23:32.794,ALGO/USDT:USDT,0.2699,26190.1,0.2698,39025.3,0.27,21086.7,0.2701,102889.7
1753503812944,04:23:32.944,ALGO/USDT:USDT,0.2699,26190.1,0.2698,39025.3,0.27,21086.7,0.2701,102889.7
1753503812944,04:23:32.944,ALGO/USDT:USDT,0.2699,26190.1,0.2698,39025.3,0.27,21086.7,0.2701,102889.7
1753503813094,04:23:33.094,ALGO/USDT:USDT,0.2699,26190.1,0.2698,39025.3,0.27,21086.7,0.2701,102889.7
1753503813545,04:23:33.545,ALGO/USDT:USDT,0.2699,26190.1,0.2698,39025.3,0.27,21086.7,0.2701,102889.7
1753503813695,04:23:33.695,ALGO/USDT:USDT,0.2699,26190.1,0.2698,39025.3,0.27,21086.7,0.2701,102889.7
1753503813695,04:23:33.695,ALGO/USDT:USDT,0.2699,26190.1,0.2698,39025.3,0.27,21086.7,0.2701,102889.7
1753503813845,04:23:33.845,ALGO/USDT:USDT,0.2699,26190.1,0.2698,39025.3,0.27,21086.7,0.2701,102889.7
1753503813995,04:23:33.995,ALGO/USDT:USDT,0.2699,26190.1,0.2698,39025.3,0.27,21086.7,0.2701,102889.7
1753503813995,04:23:33.995,ALGO/USDT:USDT,0.2699,26190.1,0.2698,39025.3,0.27,21086.7,0.2701,102889.7
1753503814145,04:23:34.145,ALGO/USDT:USDT,0.2699,26190.1,0.2698,39025.3,0.27,21086.7,0.2701,102889.7
1753503814145,04:23:34.145,ALGO/USDT:USDT,0.2699,26190.1,0.2698,39025.3,0.27,21086.7,0.2701,102889.7
1753503814295,04:23:34.295,ALGO/USDT:USDT,0.2699,26190.1,0.2698,39025.3,0.27,21086.7,0.2701,102889.7
1753503814445,04:23:34.445,ALGO/USDT:USDT,0.2699,26190.1,0.2698,39025.3,0.27,21086.7,0.2701,102889.7
1753503814595,04:23:34.595,ALGO/USDT:USDT,0.2699,26190.1,0.2698,39025.3,0.27,21086.7,0.2701,102889.7
1753503814595,04:23:34.595,ALGO/USDT:USDT,0.2699,26190.1,0.2698,39025.3,0.27,21086.7,0.2701,102889.7
1753503814745,04:23:34.745,ALGO/USDT:USDT,0.2699,26190.1,0.2698,39025.3,0.27,21086.7,0.2701,102889.7
1753503814895,04:23:34.895,ALGO/USDT:USDT,0.2699,26190.1,0.2698,39025.3,0.27,21086.7,0.2701,102889.7
1753503814895,04:23:34.895,ALGO/USDT:USDT,0.2699,26190.1,0.2698,39025.3,0.27,21086.7,0.2701,102889.7
1753503815045,04:23:35.045,ALGO/USDT:USDT,0.2699,26190.1,0.2698,39025.3,0.27,21086.7,0.2701,102889.7
1753503815196,04:23:35.196,ALGO/USDT:USDT,0.2699,26190.1,0.2698,39025.3,0.27,21086.7,0.2701,102889.7
1753503815346,04:23:35.346,ALGO/USDT:USDT,0.2699,26190.1,0.2698,39025.3,0.27,21086.7,0.2701,102889.7
1753503815496,04:23:35.496,ALGO/USDT:USDT,0.2699,26190.1,0.2698,39025.3,0.27,21086.7,0.2701,102889.7
1753503815646,04:23:35.646,ALGO/USDT:USDT,0.2699,26190.1,0.2698,39025.3,0.27,21086.7,0.2701,102889.7
1753503815646,04:23:35.646,ALGO/USDT:USDT,0.2699,26190.1,0.2698,39025.3,0.27,21086.7,0.2701,102889.7
1753503815796,04:23:35.796,ALGO/USDT:USDT,0.2699,26190.1,0.2698,39025.3,0.27,21086.7,0.2701,102889.7
1753503815796,04:23:35.796,ALGO/USDT:USDT,0.2699,26190.1,0.2698,39025.3,0.27,21086.7,0.2701,102889.7
1753503815946,04:23:35.946,ALGO/USDT:USDT,0.2699,26190.1,0.2698,39025.3,0.27,21086.7,0.2701,102889.7
1753503815946,04:23:35.946,ALGO/USDT:USDT,0.2699,26190.1,0.2698,39025.3,0.27,21086.7,0.2701,102889.7
1753503816096,04:23:36.096,ALGO/USDT:USDT,0.2699,26190.1,0.2698,39025.3,0.27,21086.7,0.2701,102889.7
1753503816246,04:23:36.246,ALGO/USDT:USDT,0.2699,26190.1,0.2698,39025.3,0.27,21086.7,0.2701,102889.7
1753503816246,04:23:36.246,ALGO/USDT:USDT,0.2699,26190.1,0.2698,39025.3,0.27,21086.7,0.2701,102889.7
1753503816396,04:23:36.396,ALGO/USDT:USDT,0.2699,26190.1,0.2698,39025.3,0.27,21086.7,0.2701,102889.7
1753503816847,04:23:36.847,ALGO/USDT:USDT,0.2699,26190.1,0.2698,39025.3,0.27,21086.7,0.2701,102889.7
1753503816847,04:23:36.847,ALGO/USDT:USDT,0.2699,26190.1,0.2698,39025.3,0.27,21086.7,0.2701,102889.7
1753503816997,04:23:36.997,ALGO/USDT:USDT,0.2699,26190.1,0.2698,39025.3,0.27,21086.7,0.2701,102889.7
1753503817147,04:23:37.147,ALGO/USDT:USDT,0.2699,26190.1,0.2698,39025.3,0.27,21086.7,0.2701,102889.7
1753503817297,04:23:37.297,ALGO/USDT:USDT,0.2699,26190.1,0.2698,39025.3,0.27,21086.7,0.2701,102889.7
1753503817447,04:23:37.447,ALGO/USDT:USDT,0.2699,26190.1,0.2698,39025.3,0.27,21086.7,0.2701,102889.7
1753503817447,04:23:37.447,ALGO/USDT:USDT,0.2699,26190.1,0.2698,39025.3,0.27,21086.7,0.2701,102889.7
1753503817597,04:23:37.597,ALGO/USDT:USDT,0.2699,26190.1,0.2698,39025.3,0.27,21086.7,0.2701,102889.7
1753503817597,04:23:37.597,ALGO/USDT:USDT,0.2699,26190.1,0.2698,39025.3,0.27,21086.7,0.2701,102889.7
1753503817747,04:23:37.747,ALGO/USDT:USDT,0.2699,26190.1,0.2698,39025.3,0.27,21086.7,0.2701,102889.7
1753503818047,04:23:38.047,ALGO/USDT:USDT,0.2699,26190.1,0.2698,39025.3,0.27,21086.7,0.2701,102889.7
1753503818047,04:23:38.047,ALGO/USDT:USDT,0.2699,26190.1,0.2698,39025.3,0.27,21086.7,0.2701,102889.7
1753503818197,04:23:38.197,ALGO/USDT:USDT,0.2699,26190.1,0.2698,39025.3,0.27,21086.7,0.2701,102889.7
1753503818348,04:23:38.348,ALGO/USDT:USDT,0.2699,26190.1,0.2698,39025.3,0.27,21086.7,0.2701,102889.7
1753503818498,04:23:38.498,ALGO/USDT:USDT,0.2699,26190.1,0.2698,39025.3,0.27,21086.7,0.2701,102889.7
1753503818498,04:23:38.498,ALGO/USDT:USDT,0.2699,26190.1,0.2698,39025.3,0.27,21086.7,0.2701,102889.7
1753503818648,04:23:38.648,ALGO/USDT:USDT,0.2699,26190.1,0.2698,39025.3,0.27,21086.7,0.2701,102889.7
1753503818648,04:23:38.648,ALGO/USDT:USDT,0.2699,26190.1,0.2698,39025.3,0.27,21086.7,0.2701,102889.7
1753503818798,04:23:38.798,ALGO/USDT:USDT,0.2699,26190.1,0.2698,39025.3,0.27,21086.7,0.2701,102889.7
1753503818948,04:23:38.948,ALGO/USDT:USDT,0.2699,26190.1,0.2698,39025.3,0.27,21086.7,0.2701,102889.7
1753503819248,04:23:39.248,ALGO/USDT:USDT,0.2699,26190.1,0.2698,39025.3,0.27,21086.7,0.2701,102889.7
1753503819248,04:23:39.248,ALGO/USDT:USDT,0.2699,26190.1,0.2698,39025.3,0.27,21086.7,0.2701,102889.7
1753503819398,04:23:39.398,ALGO/USDT:USDT,0.2699,26190.1,0.2698,39025.3,0.27,21086.7,0.2701,102889.7
1753503819398,04:23:39.398,ALGO/USDT:USDT,0.2699,26190.1,0.2698,39025.3,0.27,21086.7,0.2701,102889.7
1753503819698,04:23:39.698,ALGO/USDT:USDT,0.2699,26190.1,0.2698,39025.3,0.27,21086.7,0.2701,103644.7
1753503819698,04:23:39.698,ALGO/USDT:USDT,0.2699,26190.1,0.2698,39025.3,0.27,21086.7,0.2701,103644.7
1753503819849,04:23:39.849,ALGO/USDT:USDT,0.2699,26190.1,0.2698,39025.3,0.27,21086.7,0.2701,103644.7
1753503819999,04:23:39.999,ALGO/USDT:USDT,0.2699,26190.1,0.2698,39025.3,0.27,21086.7,0.2701,103644.7
1753503820149,04:23:40.149,ALGO/USDT:USDT,0.2699,26190.1,0.2698,39025.3,0.27,21086.7,0.2701,103644.7
1753503820299,04:23:40.299,ALGO/USDT:USDT,0.2699,26190.1,0.2698,39025.3,0.27,21086.7,0.2701,103644.7
1753503820449,04:23:40.449,ALGO/USDT:USDT,0.2699,26190.1,0.2698,39025.3,0.27,21086.7,0.2701,103644.7
1753503820449,04:23:40.449,ALGO/USDT:USDT,0.2699,26190.1,0.2698,39025.3,0.27,21086.7,0.2701,103644.7
1753503820599,04:23:40.599,ALGO/USDT:USDT,0.2699,26190.1,0.2698,39025.3,0.27,21086.7,0.2701,103644.7
1753503820749,04:23:40.749,ALGO/USDT:USDT,0.2699,29050.0,0.2698,44840.7,0.2701,52101.2,0.2702,137705.7
1753503820899,04:23:40.899,ALGO/USDT:USDT,0.2699,29050.0,0.2698,44840.7,0.2701,85548.6,0.2702,154954.9
1753503820899,04:23:40.899,ALGO/USDT:USDT,0.2699,29050.0,0.2698,44840.7,0.2701,85548.6,0.2702,154954.9
1753503821049,04:23:41.049,ALGO/USDT:USDT,0.27,3463.0,0.2699,29050.0,0.2701,86300.0,0.2702,154954.9
1753503821199,04:23:41.199,ALGO/USDT:USDT,0.27,3463.0,0.2699,46296.9,0.2701,86300.0,0.2702,155325.2
1753503821199,04:23:41.199,ALGO/USDT:USDT,0.27,3463.0,0.2699,46296.9,0.2701,86300.0,0.2702,155325.2
1753503821349,04:23:41.349,ALGO/USDT:USDT,0.27,3463.0,0.2699,46296.9,0.2701,86300.0,0.2702,155325.2
1753503821349,04:23:41.349,ALGO/USDT:USDT,0.27,3463.0,0.2699,46296.9,0.2701,86300.0,0.2702,155325.2
1753503821500,04:23:41.500,ALGO/USDT:USDT,0.27,3463.0,0.2699,46296.9,0.2701,86300.0,0.2702,155325.2
1753503821500,04:23:41.500,ALGO/USDT:USDT,0.27,3463.0,0.2699,46296.9,0.2701,86300.0,0.2702,155325.2
1753503821650,04:23:41.650,ALGO/USDT:USDT,0.27,3463.0,0.2699,46296.9,0.2701,86300.0,0.2702,155325.2
1753503821800,04:23:41.800,ALGO/USDT:USDT,0.27,3463.0,0.2699,46296.9,0.2701,86300.0,0.2702,155325.2
1753503821950,04:23:41.950,ALGO/USDT:USDT,0.27,3463.0,0.2699,46296.9,0.2701,86300.0,0.2702,155325.2
1753503822100,04:23:42.100,ALGO/USDT:USDT,0.27,3463.0,0.2699,46296.9,0.2701,86300.0,0.2702,155325.2
1753503822250,04:23:42.250,ALGO/USDT:USDT,0.27,3463.0,0.2699,46296.9,0.2701,86300.0,0.2702,154954.9
1753503822250,04:23:42.250,ALGO/USDT:USDT,0.27,3463.0,0.2699,46296.9,0.2701,86300.0,0.2702,154954.9
1753503822400,04:23:42.400,ALGO/USDT:USDT,0.27,7725.1,0.2699,46296.9,0.2701,86300.0,0.2702,154954.9
1753503822400,04:23:42.400,ALGO/USDT:USDT,0.27,7725.1,0.2699,46296.9,0.2701,86300.0,0.2702,154954.9
1753503822550,04:23:42.550,ALGO/USDT:USDT,0.27,7725.1,0.2699,46296.9,0.2701,85548.6,0.2702,154954.9
1753503822700,04:23:42.700,ALGO/USDT:USDT,0.27,7725.1,0.2699,46296.9,0.2701,71548.6,0.2702,154954.9
1753503822850,04:23:42.850,ALGO/USDT:USDT,0.27,8582.0,0.2699,46296.9,0.2701,71548.6,0.2702,154954.9
1753503823001,04:23:43.001,ALGO/USDT:USDT,0.27,8582.0,0.2699,46296.9,0.2701,71548.6,0.2702,154954.9
1753503823151,04:23:43.151,ALGO/USDT:USDT,0.27,22582.0,0.2699,46296.9,0.2701,71548.6,0.2702,154954.9
1753503823151,04:23:43.151,ALGO/USDT:USDT,0.27,22582.0,0.2699,46296.9,0.2701,71548.6,0.2702,154954.9
1753503823301,04:23:43.301,ALGO/USDT:USDT,0.27,22582.0,0.2699,46296.9,0.2701,71548.6,0.2702,154954.9
1753503823301,04:23:43.301,ALGO/USDT:USDT,0.27,22582.0,0.2699,46296.9,0.2701,71548.6,0.2702,154954.9
1753503823451,04:23:43.451,ALGO/USDT:USDT,0.27,22582.0,0.2699,46296.9,0.2701,72300.0,0.2702,154954.9
1753503823451,04:23:43.451,ALGO/USDT:USDT,0.27,22582.0,0.2699,46296.9,0.2701,72300.0,0.2702,154954.9
1753503823751,04:23:43.751,ALGO/USDT:USDT,0.27,4319.9,0.2699,46296.9,0.2701,72300.0,0.2702,154954.9
1753503823751,04:23:43.751,ALGO/USDT:USDT,0.27,4319.9,0.2699,46296.9,0.2701,72300.0,0.2702,154954.9
1753503823901,04:23:43.901,ALGO/USDT:USDT,0.27,7725.1,0.2699,46296.9,0.2701,72300.0,0.2702,154954.9
1753503824051,04:23:44.051,ALGO/USDT:USDT,0.27,7725.1,0.2699,46296.9,0.2701,71548.6,0.2702,154954.9
1753503824051,04:23:44.051,ALGO/USDT:USDT,0.27,7725.1,0.2699,46296.9,0.2701,71548.6,0.2702,154954.9
1753503824201,04:23:44.201,ALGO/USDT:USDT,0.27,21725.1,0.2699,46296.9,0.2701,71548.6,0.2702,154954.9
1753503824351,04:23:44.351,ALGO/USDT:USDT,0.27,21725.1,0.2699,46296.9,0.2701,71548.6,0.2702,154954.9
1753503824501,04:23:44.501,ALGO/USDT:USDT,0.27,21725.1,0.2699,46296.9,0.2701,71548.6,0.2702,154954.9
1753503824501,04:23:44.501,ALGO/USDT:USDT,0.27,21725.1,0.2699,46296.9,0.2701,71548.6,0.2702,154954.9
1753503824652,04:23:44.652,ALGO/USDT:USDT,0.2698,865.6,0.2697,27685.9,0.2699,38728.0,0.27,34912.9
1753503824652,04:23:44.652,ALGO/USDT:USDT,0.2698,865.6,0.2697,27685.9,0.2699,38728.0,0.27,34912.9
1753503824952,04:23:44.952,ALGO/USDT:USDT,0.2698,4328.6,0.2697,28464.0,0.2699,37976.6,0.27,49194.8
1753503824952,04:23:44.952,ALGO/USDT:USDT,0.2698,4328.6,0.2697,28464.0,0.2699,37976.6,0.27,49194.8
1753503825102,04:23:45.102,ALGO/USDT:USDT,0.2698,20235.2,0.2697,42464.0,0.2699,42238.7,0.27,160301.0
1753503825102,04:23:45.102,ALGO/USDT:USDT,0.2698,20235.2,0.2697,42464.0,0.2699,42238.7,0.27,160301.0
1753503825252,04:23:45.252,ALGO/USDT:USDT,0.2698,20235.2,0.2697,42464.0,0.2699,42238.7,0.27,160301.0
1753503825252,04:23:45.252,ALGO/USDT:USDT,0.2698,20235.2,0.2697,42464.0,0.2699,42238.7,0.27,160301.0
1753503825402,04:23:45.402,ALGO/USDT:USDT,0.2698,20235.2,0.2697,42464.0,0.2699,42238.7,0.27,49194.8
1753503825702,04:23:45.702,ALGO/USDT:USDT,0.2698,20235.2,0.2697,42464.0,0.2699,42238.7,0.27,49194.8
1753503825702,04:23:45.702,ALGO/USDT:USDT,0.2698,20235.2,0.2697,42464.0,0.2699,42238.7,0.27,49194.8
1753503825852,04:23:45.852,ALGO/USDT:USDT,0.2698,24497.3,0.2697,42464.0,0.2699,42238.7,0.27,49194.8
1753503825852,04:23:45.852,ALGO/USDT:USDT,0.2698,24497.3,0.2697,42464.0,0.2699,42238.7,0.27,49194.8
1753503826002,04:23:46.002,ALGO/USDT:USDT,0.2698,24497.3,0.2697,42464.0,0.2699,42238.7,0.27,49194.8
1753503826002,04:23:46.002,ALGO/USDT:USDT,0.2698,24497.3,0.2697,42464.0,0.2699,42238.7,0.27,49194.8
1753503826303,04:23:46.303,ALGO/USDT:USDT,0.2698,24497.3,0.2697,42464.0,0.2699,42238.7,0.27,49194.8
1753503826303,04:23:46.303,ALGO/USDT:USDT,0.2698,24497.3,0.2697,42464.0,0.2699,42238.7,0.27,49194.8
1753503826453,04:23:46.453,ALGO/USDT:USDT,0.2698,25248.7,0.2697,42464.0,0.2699,7225.3,0.27,49194.8
1753503826453,04:23:46.453,ALGO/USDT:USDT,0.2698,25248.7,0.2697,42464.0,0.2699,7225.3,0.27,49194.8
1753503826603,04:23:46.603,ALGO/USDT:USDT,0.2698,24497.3,0.2697,42464.0,0.2699,7225.3,0.27,49194.8
1753503826753,04:23:46.753,ALGO/USDT:USDT,0.2698,24497.3,0.2697,42464.0,0.2699,7225.3,0.27,49194.8
1753503827053,04:23:47.053,ALGO/USDT:USDT,0.2699,12580.9,0.2698,30875.1,0.27,31731.8,0.2701,172981.3
1753503827053,04:23:47.053,ALGO/USDT:USDT,0.2699,12580.9,0.2698,30875.1,0.27,31731.8,0.2701,172981.3
1753503827203,04:23:47.203,ALGO/USDT:USDT,0.2699,22764.0,0.2698,43914.8,0.27,17449.9,0.2701,189138.3
1753503827203,04:23:47.203,ALGO/USDT:USDT,0.2699,22764.0,0.2698,43914.8,0.27,17449.9,0.2701,189138.3
1753503827353,04:23:47.353,ALGO/USDT:USDT,0.2699,22764.0,0.2698,43914.8,0.27,17449.9,0.2701,189138.3
1753503827353,04:23:47.353,ALGO/USDT:USDT,0.2699,22764.0,0.2698,43914.8,0.27,17449.9,0.2701,189138.3
1753503827503,04:23:47.503,ALGO/USDT:USDT,0.2699,22764.0,0.2698,43914.8,0.27,17449.9,0.2701,189138.3
1753503827653,04:23:47.653,ALGO/USDT:USDT,0.2699,22764.0,0.2698,43914.8,0.27,17449.9,0.2701,189138.3
1753503827803,04:23:47.803,ALGO/USDT:USDT,0.2699,22764.0,0.2698,43914.8,0.27,17449.9,0.2701,189138.3
1753503827954,04:23:47.954,ALGO/USDT:USDT,0.2699,22764.0,0.2698,43914.8,0.27,18201.3,0.2701,189138.3
1753503827954,04:23:47.954,ALGO/USDT:USDT,0.2699,22764.0,0.2698,43914.8,0.27,18201.3,0.2701,189138.3
1753503828104,04:23:48.104,ALGO/USDT:USDT,0.2699,18501.9,0.2698,43914.8,0.27,32201.3,0.2701,189138.3
1753503828104,04:23:48.104,ALGO/USDT:USDT,0.2699,18501.9,0.2698,43914.8,0.27,32201.3,0.2701,189138.3
1753503828254,04:23:48.254,ALGO/USDT:USDT,0.2699,18501.9,0.2698,43914.8,0.27,32201.3,0.2701,188767.9
1753503828404,04:23:48.404,ALGO/USDT:USDT,0.2699,18501.9,0.2698,43914.8,0.27,32201.3,0.2701,188767.9
1753503828404,04:23:48.404,ALGO/USDT:USDT,0.2699,18501.9,0.2698,43914.8,0.27,32201.3,0.2701,188767.9
1753503828554,04:23:48.554,ALGO/USDT:USDT,0.2699,18501.9,0.2698,43914.8,0.27,32201.3,0.2701,188767.9
1753503828554,04:23:48.554,ALGO/USDT:USDT,0.2699,18501.9,0.2698,43914.8,0.27,32201.3,0.2701,188767.9
1753503828704,04:23:48.704,ALGO/USDT:USDT,0.2699,18501.9,0.2698,43914.8,0.27,32201.3,0.2701,188767.9
1753503828854,04:23:48.854,ALGO/USDT:USDT,0.2699,18501.9,0.2698,43914.8,0.27,32201.3,0.2701,188767.9
1753503829004,04:23:49.004,ALGO/USDT:USDT,0.2699,18501.9,0.2698,43914.8,0.27,32201.3,0.2701,188767.9
1753503829154,04:23:49.154,ALGO/USDT:USDT,0.2699,18501.9,0.2698,43914.8,0.27,32201.3,0.2701,188767.9
1753503829154,04:23:49.154,ALGO/USDT:USDT,0.2699,18501.9,0.2698,43914.8,0.27,32201.3,0.2701,188767.9
1753503829304,04:23:49.304,ALGO/USDT:USDT,0.2699,1906.6,0.2698,43914.8,0.27,32201.3,0.2701,188767.9
1753503829454,04:23:49.454,ALGO/USDT:USDT,0.2699,1906.6,0.2698,43914.8,0.27,32201.3,0.2701,188767.9
1753503829454,04:23:49.454,ALGO/USDT:USDT,0.2699,1906.6,0.2698,43914.8,0.27,32201.3,0.2701,188767.9
1753503829605,04:23:49.605,ALGO/USDT:USDT,0.2699,2747.7,0.2698,43914.8,0.27,32201.3,0.2701,188767.9
1753503829605,04:23:49.605,ALGO/USDT:USDT,0.2699,2747.7,0.2698,43914.8,0.27,32201.3,0.2701,188767.9
1753503829755,04:23:49.755,ALGO/USDT:USDT,0.2699,2747.7,0.2698,43914.8,0.27,32201.3,0.2701,188767.9
1753503829755,04:23:49.755,ALGO/USDT:USDT,0.2699,2747.7,0.2698,43914.8,0.27,32201.3,0.2701,188767.9
1753503829905,04:23:49.905,ALGO/USDT:USDT,0.2699,1906.6,0.2698,43914.8,0.27,32201.3,0.2701,188767.9
1753503830055,04:23:50.055,ALGO/USDT:USDT,0.2699,15906.6,0.2698,43914.8,0.27,32201.3,0.2701,188767.9
1753503830055,04:23:50.055,ALGO/USDT:USDT,0.2699,15906.6,0.2698,43914.8,0.27,32201.3,0.2701,188767.9
1753503830205,04:23:50.205,ALGO/USDT:USDT,0.2699,15906.6,0.2698,43914.8,0.27,32201.3,0.2701,188767.9
1753503830355,04:23:50.355,ALGO/USDT:USDT,0.2699,15906.6,0.2698,43914.8,0.27,32201.3,0.2701,188767.9
1753503830505,04:23:50.505,ALGO/USDT:USDT,0.2699,15906.6,0.2698,43914.8,0.27,31449.9,0.2701,188767.9
1753503830655,04:23:50.655,ALGO/USDT:USDT,0.2699,15906.6,0.2698,43914.8,0.27,31449.9,0.2701,188767.9
1753503830655,04:23:50.655,ALGO/USDT:USDT,0.2699,15906.6,0.2698,43914.8,0.27,31449.9,0.2701,188767.9
1753503830805,04:23:50.805,ALGO/USDT:USDT,0.2699,15906.6,0.2698,43914.8,0.27,32201.3,0.2701,188767.9
1753503830805,04:23:50.805,ALGO/USDT:USDT,0.2699,15906.6,0.2698,43914.8,0.27,32201.3,0.2701,188767.9
1753503830955,04:23:50.955,ALGO/USDT:USDT,0.2699,15906.6,0.2698,43914.8,0.27,31449.9,0.2701,188767.9
1753503830955,04:23:50.955,ALGO/USDT:USDT,0.2699,15906.6,0.2698,43914.8,0.27,31449.9,0.2701,188767.9
1753503831105,04:23:51.105,ALGO/USDT:USDT,0.2699,15906.6,0.2698,43914.8,0.27,31449.9,0.2701,188767.9
1753503831105,04:23:51.105,ALGO/USDT:USDT,0.2699,15906.6,0.2698,43914.8,0.27,31449.9,0.2701,188767.9
1753503831256,04:23:51.256,ALGO/USDT:USDT,0.2699,20168.7,0.2698,43914.8,0.27,31449.9,0.2701,188767.9
1753503831256,04:23:51.256,ALGO/USDT:USDT,0.2699,20168.7,0.2698,43914.8,0.27,31449.9,0.2701,188767.9
1753503831406,04:23:51.406,ALGO/USDT:USDT,0.2699,20168.7,0.2698,43914.8,0.27,31449.9,0.2701,188767.9
1753503831406,04:23:51.406,ALGO/USDT:USDT,0.2699,20168.7,0.2698,43914.8,0.27,31449.9,0.2701,188767.9
1753503831556,04:23:51.556,ALGO/USDT:USDT,0.2699,20168.7,0.2698,43914.8,0.27,31449.9,0.2701,188767.9
1753503831706,04:23:51.706,ALGO/USDT:USDT,0.2699,20168.7,0.2698,43914.8,0.27,31449.9,0.2701,188767.9
1753503831706,04:23:51.706,ALGO/USDT:USDT,0.2699,20168.7,0.2698,43914.8,0.27,31449.9,0.2701,188767.9
1753503831856,04:23:51.856,ALGO/USDT:USDT,0.2699,20168.7,0.2698,43914.8,0.27,31449.9,0.2701,188767.9
1753503832156,04:23:52.156,ALGO/USDT:USDT,0.2699,20168.7,0.2698,43914.8,0.27,31449.9,0.2701,188767.9
1753503832156,04:23:52.156,ALGO/USDT:USDT,0.2699,20168.7,0.2698,43914.8,0.27,31449.9,0.2701,188767.9
1753503832306,04:23:52.306,ALGO/USDT:USDT,0.2699,20168.7,0.2698,43914.8,0.27,31449.9,0.2701,188767.9
1753503832456,04:23:52.456,ALGO/USDT:USDT,0.2699,20168.7,0.2698,43914.8,0.27,31449.9,0.2701,188767.9
1753503832606,04:23:52.606,ALGO/USDT:USDT,0.2699,20168.7,0.2698,43914.8,0.27,31449.9,0.2701,188767.9
1753503832606,04:23:52.606,ALGO/USDT:USDT,0.2699,20168.7,0.2698,43914.8,0.27,31449.9,0.2701,188767.9
1753503832907,04:23:52.907,ALGO/USDT:USDT,0.2699,15906.6,0.2698,43914.8,0.27,32201.3,0.2701,188767.9
1753503833057,04:23:53.057,ALGO/USDT:USDT,0.2699,15906.6,0.2698,43914.8,0.27,31449.9,0.2701,188767.9
1753503833057,04:23:53.057,ALGO/USDT:USDT,0.2699,15906.6,0.2698,43914.8,0.27,31449.9,0.2701,188767.9
1753503833357,04:23:53.357,ALGO/USDT:USDT,0.2699,15906.6,0.2698,43914.8,0.27,32201.3,0.2701,188767.9
1753503833357,04:23:53.357,ALGO/USDT:USDT,0.2699,15906.6,0.2698,43914.8,0.27,32201.3,0.2701,188767.9
1753503833507,04:23:53.507,ALGO/USDT:USDT,0.2699,15906.6,0.2698,43914.8,0.27,31449.9,0.2701,188767.9
1753503833507,04:23:53.507,ALGO/USDT:USDT,0.2699,15906.6,0.2698,43914.8,0.27,31449.9,0.2701,188767.9
1753503833657,04:23:53.657,ALGO/USDT:USDT,0.2699,15906.6,0.2698,43914.8,0.27,32201.3,0.2701,188767.9
1753503833807,04:23:53.807,ALGO/USDT:USDT,0.2699,15906.6,0.2698,43914.8,0.27,32201.3,0.2701,188767.9
1753503833957,04:23:53.957,ALGO/USDT:USDT,0.2699,1906.6,0.2698,43914.8,0.27,32201.3,0.2701,188767.9
1753503833957,04:23:53.957,ALGO/USDT:USDT,0.2699,1906.6,0.2698,43914.8,0.27,32201.3,0.2701,188767.9
1753503834107,04:23:54.107,ALGO/USDT:USDT,0.2699,1906.6,0.2698,43914.8,0.27,32201.3,0.2701,188767.9
1753503834107,04:23:54.107,ALGO/USDT:USDT,0.2699,1906.6,0.2698,43914.8,0.27,32201.3,0.2701,188767.9
1753503834257,04:23:54.257,ALGO/USDT:USDT,0.2699,5369.6,0.2698,43914.8,0.27,32201.3,0.2701,188767.9
1753503834257,04:23:54.257,ALGO/USDT:USDT,0.2699,5369.6,0.2698,43914.8,0.27,32201.3,0.2701,188767.9
1753503834407,04:23:54.407,ALGO/USDT:USDT,0.2699,10472.8,0.2698,43914.8,0.27,31449.9,0.2701,188767.9
1753503834407,04:23:54.407,ALGO/USDT:USDT,0.2699,10472.8,0.2698,43914.8,0.27,31449.9,0.2701,188767.9
1753503834558,04:23:54.558,ALGO/USDT:USDT,0.2699,10472.8,0.2698,43914.8,0.27,31449.9,0.2701,188767.9
1753503834708,04:23:54.708,ALGO/USDT:USDT,0.2699,6210.7,0.2698,43914.8,0.27,32201.3,0.2701,188767.9
1753503834858,04:23:54.858,ALGO/USDT:USDT,0.2699,6210.7,0.2698,43914.8,0.27,32201.3,0.2701,188767.9
1753503834858,04:23:54.858,ALGO/USDT:USDT,0.2699,6210.7,0.2698,43914.8,0.27,32201.3,0.2701,188767.9
1753503835008,04:23:55.008,ALGO/USDT:USDT,0.2699,20210.7,0.2698,43914.8,0.27,32201.3,0.2701,188767.9
1753503835008,04:23:55.008,ALGO/USDT:USDT,0.2699,20210.7,0.2698,43914.8,0.27,32201.3,0.2701,188767.9
1753503835158,04:23:55.158,ALGO/USDT:USDT,0.2699,10472.8,0.2698,43914.8,0.27,28486.7,0.2701,141983.2
1753503835308,04:23:55.308,ALGO/USDT:USDT,0.2699,6210.7,0.2698,43914.8,0.27,75459.7,0.2701,141983.2
1753503835458,04:23:55.458,ALGO/USDT:USDT,0.2699,6210.7,0.2698,43914.8,0.27,75459.7,0.2701,141983.2
1753503835608,04:23:55.608,ALGO/USDT:USDT,0.2699,6210.7,0.2698,43914.8,0.27,76211.1,0.2701,141983.2
1753503835608,04:23:55.608,ALGO/USDT:USDT,0.2699,6210.7,0.2698,43914.8,0.27,76211.1,0.2701,141983.2
1753503835758,04:23:55.758,ALGO/USDT:USDT,0.2699,6210.7,0.2698,43914.8,0.27,76211.1,0.2701,141983.2
1753503835758,04:23:55.758,ALGO/USDT:USDT,0.2699,6210.7,0.2698,43914.8,0.27,76211.1,0.2701,141983.2
1753503835908,04:23:55.908,ALGO/USDT:USDT,0.2699,20210.7,0.2698,43914.8,0.27,75459.7,0.2701,141983.2
1753503835908,04:23:55.908,ALGO/USDT:USDT,0.2699,20210.7,0.2698,43914.8,0.27,75459.7,0.2701,141983.2
1753503836058,04:23:56.058,ALGO/USDT:USDT,0.2699,24472.8,0.2698,43914.8,0.27,75459.7,0.2701,141983.2
1753503836058,04:23:56.058,ALGO/USDT:USDT,0.2699,24472.8,0.2698,43914.8,0.27,75459.7,0.2701,141983.2
1753503836359,04:23:56.359,ALGO/USDT:USDT,0.2699,24472.8,0.2698,43914.8,0.27,75459.7,0.2701,141983.2
1753503836509,04:23:56.509,ALGO/USDT:USDT,0.2699,24472.8,0.2698,43914.8,0.27,76211.1,0.2701,141983.2
1753503836509,04:23:56.509,ALGO/USDT:USDT,0.2699,24472.8,0.2698,43914.8,0.27,76211.1,0.2701,141983.2
1753503836959,04:23:56.959,ALGO/USDT:USDT,0.2699,20210.7,0.2698,43914.8,0.27,76211.1,0.2701,141983.2
1753503836959,04:23:56.959,ALGO/USDT:USDT,0.2699,20210.7,0.2698,43914.8,0.27,76211.1,0.2701,141983.2
1753503837109,04:23:57.109,ALGO/USDT:USDT,0.2699,24472.8,0.2698,43914.8,0.27,75459.7,0.2701,141983.2
1753503837409,04:23:57.409,ALGO/USDT:USDT,0.2699,24472.8,0.2698,43914.8,0.27,75459.7,0.2701,141983.2
1753503837409,04:23:57.409,ALGO/USDT:USDT,0.2699,24472.8,0.2698,43914.8,0.27,75459.7,0.2701,141983.2
1753503837559,04:23:57.559,ALGO/USDT:USDT,0.2699,24472.8,0.2698,43914.8,0.27,75459.7,0.2701,141983.2
1753503837709,04:23:57.709,ALGO/USDT:USDT,0.2699,24472.8,0.2698,43914.8,0.27,75459.7,0.2701,141983.2
1753503837859,04:23:57.859,ALGO/USDT:USDT,0.2699,24472.8,0.2698,43914.8,0.27,75459.7,0.2701,141983.2
1753503838010,04:23:58.010,ALGO/USDT:USDT,0.2699,24472.8,0.2698,43914.8,0.27,75459.7,0.2701,141983.2
1753503838160,04:23:58.160,ALGO/USDT:USDT,0.2699,24472.8,0.2698,43914.8,0.27,75459.7,0.2701,141983.2
1753503838160,04:23:58.160,ALGO/USDT:USDT,0.2699,24472.8,0.2698,43914.8,0.27,75459.7,0.2701,141983.2
1753503838310,04:23:58.310,ALGO/USDT:USDT,0.2699,20210.7,0.2698,43914.8,0.27,76211.1,0.2701,141983.2
1753503838310,04:23:58.310,ALGO/USDT:USDT,0.2699,20210.7,0.2698,43914.8,0.27,76211.1,0.2701,141983.2
1753503838460,04:23:58.460,ALGO/USDT:USDT,0.2699,20210.7,0.2698,43914.8,0.27,76211.1,0.2701,141983.2
1753503838460,04:23:58.460,ALGO/USDT:USDT,0.2699,20210.7,0.2698,43914.8,0.27,76211.1,0.2701,141983.2
1753503838610,04:23:58.610,ALGO/USDT:USDT,0.2699,19369.6,0.2698,43914.8,0.27,76211.1,0.2701,141983.2
1753503838610,04:23:58.610,ALGO/USDT:USDT,0.2699,19369.6,0.2698,43914.8,0.27,76211.1,0.2701,141983.2
1753503838760,04:23:58.760,ALGO/USDT:USDT,0.2699,19369.6,0.2698,43914.8,0.27,76211.1,0.2701,141983.2
1753503838760,04:23:58.760,ALGO/USDT:USDT,0.2699,19369.6,0.2698,43914.8,0.27,76211.1,0.2701,141983.2
1753503838910,04:23:58.910,ALGO/USDT:USDT,0.2699,19369.6,0.2698,43914.8,0.27,76211.1,0.2701,141983.2
1753503838910,04:23:58.910,ALGO/USDT:USDT,0.2699,19369.6,0.2698,43914.8,0.27,76211.1,0.2701,141983.2
1753503839060,04:23:59.060,ALGO/USDT:USDT,0.2699,19369.6,0.2698,43914.8,0.27,76211.1,0.2701,141983.2
1753503839210,04:23:59.210,ALGO/USDT:USDT,0.2699,5369.6,0.2698,43914.8,0.27,75459.7,0.2701,141983.2
1753503839210,04:23:59.210,ALGO/USDT:USDT,0.2699,5369.6,0.2698,43914.8,0.27,75459.7,0.2701,141983.2
1753503839360,04:23:59.360,ALGO/USDT:USDT,0.2698,43914.8,0.2697,25981.8,0.27,76211.1,0.2701,141983.2
1753503839360,04:23:59.360,ALGO/USDT:USDT,0.2698,43914.8,0.2697,25981.8,0.27,76211.1,0.2701,141983.2
1753503839511,04:23:59.511,ALGO/USDT:USDT,0.2698,26660.7,0.2697,43227.6,0.2699,1975.5,0.27,81837.5
1753503839511,04:23:59.511,ALGO/USDT:USDT,0.2698,26660.7,0.2697,43227.6,0.2699,1975.5,0.27,81837.5
1753503839661,04:23:59.661,ALGO/USDT:USDT,0.2698,26660.7,0.2697,43227.6,0.2699,19237.6,0.27,98336.5
1753503839811,04:23:59.811,ALGO/USDT:USDT,0.2698,26660.7,0.2697,43227.6,0.2699,19237.6,0.27,98336.5
1753503839961,04:23:59.961,ALGO/USDT:USDT,0.2698,26660.7,0.2697,43227.6,0.2699,19237.6,0.27,98336.5
1753503840111,04:24:00.111,ALGO/USDT:USDT,0.2698,26660.7,0.2697,39607.7,0.2699,19237.6,0.27,98336.5
1753503840111,04:24:00.111,ALGO/USDT:USDT,0.2698,26660.7,0.2697,39607.7,0.2699,19237.6,0.27,98336.5
1753503840261,04:24:00.261,ALGO/USDT:USDT,0.2698,26660.7,0.2697,42467.6,0.2699,19237.6,0.27,98336.5
1753503840261,04:24:00.261,ALGO/USDT:USDT,0.2698,26660.7,0.2697,42467.6,0.2699,19237.6,0.27,98336.5
1753503840411,04:24:00.411,ALGO/USDT:USDT,0.2698,26660.7,0.2697,42467.6,0.2699,19237.6,0.27,98336.5
1753503840411,04:24:00.411,ALGO/USDT:USDT,0.2698,26660.7,0.2697,42467.6,0.2699,19237.6,0.27,98336.5
1753503840561,04:24:00.561,ALGO/USDT:USDT,0.2698,26660.7,0.2697,42467.6,0.2699,19237.6,0.27,98336.5
1753503840561,04:24:00.561,ALGO/USDT:USDT,0.2698,26660.7,0.2697,42467.6,0.2699,19237.6,0.27,98336.5
1753503840711,04:24:00.711,ALGO/USDT:USDT,0.2698,26660.7,0.2697,42467.6,0.2699,19237.6,0.27,98336.5
1753503840711,04:24:00.711,ALGO/USDT:USDT,0.2698,26660.7,0.2697,42467.6,0.2699,19237.6,0.27,98336.5
1753503840861,04:24:00.861,ALGO/USDT:USDT,0.2698,27412.1,0.2697,42467.6,0.2699,4262.1,0.27,98336.5
1753503841011,04:24:01.011,ALGO/USDT:USDT,0.2699,21014.6,0.2698,26660.7,0.27,92710.1,0.2701,124725.2
1753503841312,04:24:01.312,ALGO/USDT:USDT,0.2699,21014.6,0.2698,43912.9,0.27,75459.7,0.2701,142353.2
1753503841462,04:24:01.462,ALGO/USDT:USDT,0.2699,21014.6,0.2698,43912.9,0.27,75459.7,0.2701,142353.2
1753503841462,04:24:01.462,ALGO/USDT:USDT,0.2699,21014.6,0.2698,43912.9,0.27,75459.7,0.2701,142353.2
1753503841612,04:24:01.612,ALGO/USDT:USDT,0.2699,21014.6,0.2698,43912.9,0.27,75459.7,0.2701,142353.2
1753503841762,04:24:01.762,ALGO/USDT:USDT,0.2699,21014.6,0.2698,43912.9,0.27,75459.7,0.2701,142353.2
1753503841762,04:24:01.762,ALGO/USDT:USDT,0.2699,21014.6,0.2698,43912.9,0.27,75459.7,0.2701,142353.2
1753503841912,04:24:01.912,ALGO/USDT:USDT,0.2699,21014.6,0.2698,43912.9,0.27,75459.7,0.2701,142353.2
1753503842062,04:24:02.062,ALGO/USDT:USDT,0.2699,21766.0,0.2698,43912.9,0.27,75459.7,0.2701,142353.2
1753503842062,04:24:02.062,ALGO/USDT:USDT,0.2699,21766.0,0.2698,43912.9,0.27,75459.7,0.2701,142353.2
1753503842212,04:24:02.212,ALGO/USDT:USDT,0.2699,21766.0,0.2698,43912.9,0.27,28486.7,0.2701,30876.6
1753503842212,04:24:02.212,ALGO/USDT:USDT,0.2699,21766.0,0.2698,43912.9,0.27,28486.7,0.2701,30876.6
1753503842362,04:24:02.362,ALGO/USDT:USDT,0.2699,21766.0,0.2698,43912.9,0.27,14486.7,0.2701,77934.8
1753503842362,04:24:02.362,ALGO/USDT:USDT,0.2699,21766.0,0.2698,43912.9,0.27,14486.7,0.2701,77934.8
1753503842512,04:24:02.512,ALGO/USDT:USDT,0.2699,21014.6,0.2698,43912.9,0.27,14486.7,0.2701,77934.8
1753503842512,04:24:02.512,ALGO/USDT:USDT,0.2699,21014.6,0.2698,43912.9,0.27,14486.7,0.2701,77934.8
1753503842813,04:24:02.813,ALGO/USDT:USDT,0.2699,21014.6,0.2698,43912.9,0.27,14486.7,0.2701,77934.8
1753503842963,04:24:02.963,ALGO/USDT:USDT,0.2699,21014.6,0.2698,43912.9,0.27,28486.7,0.2701,77934.8
1753503842963,04:24:02.963,ALGO/USDT:USDT,0.2699,21014.6,0.2698,43912.9,0.27,28486.7,0.2701,77934.8
1753503843113,04:24:03.113,ALGO/USDT:USDT,0.2699,21014.6,0.2698,43912.9,0.27,28486.7,0.2701,77934.8
1753503843413,04:24:03.413,ALGO/USDT:USDT,0.2699,21014.6,0.2698,43912.9,0.27,34113.1,0.2701,77934.8
1753503843413,04:24:03.413,ALGO/USDT:USDT,0.2699,21014.6,0.2698,43912.9,0.27,34113.1,0.2701,77934.8
1753503843713,04:24:03.713,ALGO/USDT:USDT,0.2699,21014.6,0.2698,43912.9,0.27,34113.1,0.2701,77934.8
1753503844163,04:24:04.163,ALGO/USDT:USDT,0.2699,21014.6,0.2698,43912.9,0.27,34113.1,0.2701,77934.8
1753503844163,04:24:04.163,ALGO/USDT:USDT,0.2699,21014.6,0.2698,43912.9,0.27,34113.1,0.2701,77934.8
1753503844313,04:24:04.313,ALGO/USDT:USDT,0.2699,21014.6,0.2698,43912.9,0.27,34113.1,0.2701,77934.8
1753503844313,04:24:04.313,ALGO/USDT:USDT,0.2699,21014.6,0.2698,43912.9,0.27,34113.1,0.2701,77934.8
1753503844614,04:24:04.614,ALGO/USDT:USDT,0.2699,21014.6,0.2698,43912.9,0.27,34113.1,0.2701,77934.8
1753503844614,04:24:04.614,ALGO/USDT:USDT,0.2699,21014.6,0.2698,43912.9,0.27,34113.1,0.2701,77934.8
1753503844764,04:24:04.764,ALGO/USDT:USDT,0.2699,21014.6,0.2698,43912.9,0.27,34113.1,0.2701,77934.8
1753503844914,04:24:04.914,ALGO/USDT:USDT,0.2699,21014.6,0.2698,43912.9,0.27,34113.1,0.2701,77934.8
1753503845364,04:24:05.364,ALGO/USDT:USDT,0.2699,21014.6,0.2698,43912.9,0.27,34113.1,0.2701,77934.8
1753503845364,04:24:05.364,ALGO/USDT:USDT,0.2699,21014.6,0.2698,43912.9,0.27,34113.1,0.2701,77934.8
1753503845514,04:24:05.514,ALGO/USDT:USDT,0.2699,21014.6,0.2698,43912.9,0.27,20113.1,0.2701,77934.8
1753503845514,04:24:05.514,ALGO/USDT:USDT,0.2699,21014.6,0.2698,43912.9,0.27,20113.1,0.2701,77934.8
1753503845664,04:24:05.664,ALGO/USDT:USDT,0.2699,21014.6,0.2698,43912.9,0.27,20113.1,0.2701,77934.8
1753503845664,04:24:05.664,ALGO/USDT:USDT,0.2699,21014.6,0.2698,43912.9,0.27,20113.1,0.2701,77934.8
1753503845814,04:24:05.814,ALGO/USDT:USDT,0.2699,21014.6,0.2698,43912.9,0.27,20113.1,0.2701,77934.8
1753503845964,04:24:05.964,ALGO/USDT:USDT,0.2699,21014.6,0.2698,43912.9,0.27,20113.1,0.2701,77934.8
1753503846115,04:24:06.115,ALGO/USDT:USDT,0.2699,21014.6,0.2698,43912.9,0.27,20113.1,0.2701,78689.8
1753503846115,04:24:06.115,ALGO/USDT:USDT,0.2699,21014.6,0.2698,43912.9,0.27,20113.1,0.2701,78689.8
1753503846265,04:24:06.265,ALGO/USDT:USDT,0.2699,21014.6,0.2698,43912.9,0.27,9888.5,0.2701,78689.8
1753503846265,04:24:06.265,ALGO/USDT:USDT,0.2699,21014.6,0.2698,43912.9,0.27,9888.5,0.2701,78689.8
1753503846415,04:24:06.415,ALGO/USDT:USDT,0.2699,21014.6,0.2698,43912.9,0.27,9888.5,0.2701,78689.8
1753503846565,04:24:06.565,ALGO/USDT:USDT,0.2699,21014.6,0.2698,43912.9,0.27,9888.5,0.2701,78689.8
1753503846565,04:24:06.565,ALGO/USDT:USDT,0.2699,21014.6,0.2698,43912.9,0.27,9888.5,0.2701,78689.8
1753503846715,04:24:06.715,ALGO/USDT:USDT,0.2699,21766.0,0.2698,43912.9,0.27,9888.5,0.2701,78689.8
1753503846715,04:24:06.715,ALGO/USDT:USDT,0.2699,21766.0,0.2698,43912.9,0.27,9888.5,0.2701,78689.8
1753503846865,04:24:06.865,ALGO/USDT:USDT,0.2699,21014.6,0.2698,43912.9,0.27,9888.5,0.2701,78689.8
1753503847165,04:24:07.165,ALGO/USDT:USDT,0.2699,21014.6,0.2698,43912.9,0.27,9888.5,0.2701,78689.8
1753503847315,04:24:07.315,ALGO/USDT:USDT,0.2699,21014.6,0.2698,43912.9,0.27,9888.5,0.2701,78689.8
1753503847315,04:24:07.315,ALGO/USDT:USDT,0.2699,21014.6,0.2698,43912.9,0.27,9888.5,0.2701,78689.8
1753503847465,04:24:07.465,ALGO/USDT:USDT,0.2699,21014.6,0.2698,43912.9,0.27,9888.5,0.2701,78689.8
1753503847465,04:24:07.465,ALGO/USDT:USDT,0.2699,21014.6,0.2698,43912.9,0.27,9888.5,0.2701,78689.8
1753503847615,04:24:07.615,ALGO/USDT:USDT,0.2699,21014.6,0.2698,43912.9,0.27,9888.5,0.2701,78689.8
