timestamp,time,symbol,bid1_price,bid1_volume,bid2_price,bid2_volume,ask1_price,ask1_volume,ask2_price,ask2_volume
1753503305328,04:15:05.328,ACH/USDT:USDT,0.022418,7782.0,0.022416,5312.0,0.022419,284142.0,0.022421,13380.0
1753503305478,04:15:05.478,ACH/USDT:USDT,0.022418,7782.0,0.022416,5312.0,0.022419,284142.0,0.022421,13380.0
1753503305628,04:15:05.628,ACH/USDT:USDT,0.022418,7782.0,0.022416,5312.0,0.022419,284142.0,0.022421,13380.0
1753503306078,04:15:06.078,ACH/USDT:USDT,0.022418,7782.0,0.022416,5312.0,0.022419,284142.0,0.022421,13380.0
1753503306228,04:15:06.228,ACH/USDT:USDT,0.022418,7782.0,0.022416,5312.0,0.022419,284142.0,0.022421,13380.0
1753503306378,04:15:06.378,ACH/USDT:USDT,0.022418,7782.0,0.022416,5312.0,0.022419,284142.0,0.022421,13380.0
1753503306528,04:15:06.528,ACH/USDT:USDT,0.022418,7782.0,0.022416,5312.0,0.022419,284142.0,0.022421,13380.0
1753503306829,04:15:06.829,ACH/USDT:USDT,0.022418,7782.0,0.022416,5312.0,0.022419,284142.0,0.022421,13380.0
1753503306979,04:15:06.979,ACH/USDT:USDT,0.022418,7782.0,0.022416,5312.0,0.022419,284142.0,0.022421,13380.0
1753503307129,04:15:07.129,ACH/USDT:USDT,0.022418,7782.0,0.022416,5312.0,0.022419,284142.0,0.022421,13380.0
1753503307279,04:15:07.279,ACH/USDT:USDT,0.022418,7782.0,0.022416,5312.0,0.022419,284142.0,0.022421,13380.0
1753503307429,04:15:07.429,ACH/USDT:USDT,0.022418,7782.0,0.022416,5312.0,0.022419,284142.0,0.022421,13380.0
1753503307579,04:15:07.579,ACH/USDT:USDT,0.022418,7782.0,0.022416,5312.0,0.022419,284142.0,0.022421,13380.0
1753503307879,04:15:07.879,ACH/USDT:USDT,0.022418,7782.0,0.022416,5312.0,0.022419,284142.0,0.022421,13380.0
1753503308029,04:15:08.029,ACH/USDT:USDT,0.022418,7782.0,0.022416,5312.0,0.022419,284142.0,0.022421,13380.0
1753503308330,04:15:08.330,ACH/USDT:USDT,0.022418,7782.0,0.022416,5312.0,0.022419,284142.0,0.022421,13380.0
1753503308630,04:15:08.630,ACH/USDT:USDT,0.022418,7782.0,0.022416,5312.0,0.022419,284142.0,0.022421,13380.0
1753503308930,04:15:08.930,ACH/USDT:USDT,0.022418,2878.0,0.022416,5312.0,0.022419,284142.0,0.022421,13380.0
1753503309080,04:15:09.080,ACH/USDT:USDT,0.022418,2878.0,0.022416,5312.0,0.022419,284142.0,0.022421,13380.0
1753503309230,04:15:09.230,ACH/USDT:USDT,0.022418,2878.0,0.022416,5312.0,0.022419,284142.0,0.022421,13380.0
1753503309380,04:15:09.380,ACH/USDT:USDT,0.022418,2878.0,0.022416,5312.0,0.022419,284142.0,0.022421,13380.0
1753503309680,04:15:09.680,ACH/USDT:USDT,0.022418,2878.0,0.022416,5312.0,0.022419,284142.0,0.022421,15949.0
1753503309981,04:15:09.981,ACH/USDT:USDT,0.022417,2877.0,0.022416,5312.0,0.022418,85243.0,0.022419,284142.0
1753503310131,04:15:10.131,ACH/USDT:USDT,0.022418,9186.0,0.022417,9001.0,0.022419,284142.0,0.022421,18826.0
1753503310281,04:15:10.281,ACH/USDT:USDT,0.022418,12063.0,0.022416,5291.0,0.022419,284142.0,0.022421,18826.0
1753503310431,04:15:10.431,ACH/USDT:USDT,0.022418,12063.0,0.022416,5291.0,0.022419,284142.0,0.022421,18826.0
1753503310731,04:15:10.731,ACH/USDT:USDT,0.022418,9186.0,0.022416,5291.0,0.022419,284142.0,0.022421,18826.0
1753503310881,04:15:10.881,ACH/USDT:USDT,0.022418,9186.0,0.022416,5291.0,0.022419,284142.0,0.022421,18826.0
1753503311181,04:15:11.181,ACH/USDT:USDT,0.022418,9186.0,0.022416,5291.0,0.022419,284142.0,0.022421,18826.0
1753503311332,04:15:11.332,ACH/USDT:USDT,0.022418,9186.0,0.022416,5291.0,0.022419,284142.0,0.022421,18826.0
1753503311482,04:15:11.482,ACH/USDT:USDT,0.022405,2815.0,0.022401,9579.0,0.022419,284142.0,0.022421,18826.0
1753503312082,04:15:12.082,ACH/USDT:USDT,0.022416,8167.0,0.022414,7735.0,0.022418,85243.0,0.022419,284142.0
1753503312232,04:15:12.232,ACH/USDT:USDT,0.022416,8167.0,0.022414,7735.0,0.022418,85243.0,0.022419,284142.0
1753503312382,04:15:12.382,ACH/USDT:USDT,0.022416,8167.0,0.022414,7735.0,0.022418,85243.0,0.022419,284142.0
1753503312532,04:15:12.532,ACH/USDT:USDT,0.022416,8167.0,0.022414,7735.0,0.022418,85243.0,0.022419,284142.0
1753503312682,04:15:12.682,ACH/USDT:USDT,0.022416,8167.0,0.022414,7735.0,0.022418,85243.0,0.022419,284142.0
1753503312833,04:15:12.833,ACH/USDT:USDT,0.022416,8167.0,0.022414,7735.0,0.022418,85243.0,0.022419,284142.0
1753503312983,04:15:12.983,ACH/USDT:USDT,0.022416,5290.0,0.022414,7735.0,0.022418,85243.0,0.022419,284142.0
1753503313133,04:15:13.133,ACH/USDT:USDT,0.022416,5290.0,0.022414,7735.0,0.022418,85243.0,0.022419,284142.0
1753503313433,04:15:13.433,ACH/USDT:USDT,0.022416,5290.0,0.022414,7735.0,0.022418,85243.0,0.022419,284142.0
1753503313583,04:15:13.583,ACH/USDT:USDT,0.022416,5290.0,0.022414,7735.0,0.022418,85243.0,0.022419,284142.0
1753503313883,04:15:13.883,ACH/USDT:USDT,0.022416,5290.0,0.022414,7735.0,0.022418,85243.0,0.022419,284142.0
1753503314033,04:15:14.033,ACH/USDT:USDT,0.022416,8167.0,0.022414,7735.0,0.022418,85243.0,0.022419,284142.0
1753503314183,04:15:14.183,ACH/USDT:USDT,0.022416,8167.0,0.022414,7735.0,0.022418,85243.0,0.022419,284142.0
1753503314483,04:15:14.483,ACH/USDT:USDT,0.022416,8167.0,0.022414,7735.0,0.022418,85243.0,0.022419,284142.0
1753503314634,04:15:14.634,ACH/USDT:USDT,0.022416,8167.0,0.022414,7735.0,0.022418,85243.0,0.022419,284142.0
1753503314784,04:15:14.784,ACH/USDT:USDT,0.022416,8167.0,0.022414,7735.0,0.022418,85243.0,0.022419,284142.0
1753503314934,04:15:14.934,ACH/USDT:USDT,0.022416,8167.0,0.022414,7735.0,0.022418,85243.0,0.022419,284142.0
1753503315234,04:15:15.234,ACH/USDT:USDT,0.022416,8167.0,0.022414,7735.0,0.022418,85243.0,0.022419,284142.0
1753503315384,04:15:15.384,ACH/USDT:USDT,0.022416,8167.0,0.022414,7735.0,0.022418,85243.0,0.022419,284142.0
1753503315834,04:15:15.834,ACH/USDT:USDT,0.022416,8167.0,0.022414,7735.0,0.022418,85243.0,0.022419,284142.0
1753503315984,04:15:15.984,ACH/USDT:USDT,0.022416,8167.0,0.022414,7735.0,0.022418,85243.0,0.022419,284142.0
1753503316135,04:15:16.135,ACH/USDT:USDT,0.022416,8167.0,0.022414,7735.0,0.022418,85243.0,0.022419,284142.0
1753503316285,04:15:16.285,ACH/USDT:USDT,0.022416,8167.0,0.022414,7735.0,0.022418,85243.0,0.022419,284142.0
1753503316435,04:15:16.435,ACH/USDT:USDT,0.022416,8167.0,0.022414,7735.0,0.022418,85243.0,0.022419,284142.0
1753503316585,04:15:16.585,ACH/USDT:USDT,0.022416,8167.0,0.022414,7735.0,0.022418,85243.0,0.022419,284142.0
1753503316735,04:15:16.735,ACH/USDT:USDT,0.022416,8167.0,0.022414,7735.0,0.022418,85243.0,0.022419,284142.0
1753503316885,04:15:16.885,ACH/USDT:USDT,0.022416,8167.0,0.022414,7735.0,0.022418,85243.0,0.022419,284142.0
1753503317035,04:15:17.035,ACH/USDT:USDT,0.022417,2900.0,0.022416,5290.0,0.022419,284142.0,0.02242,2569.0
1753503317335,04:15:17.335,ACH/USDT:USDT,0.022417,2900.0,0.022415,5292.0,0.022419,284142.0,0.022421,13380.0
1753503317635,04:15:17.635,ACH/USDT:USDT,0.022417,2900.0,0.022415,5292.0,0.022419,284142.0,0.022421,13380.0
1753503317786,04:15:17.786,ACH/USDT:USDT,0.022417,2900.0,0.022415,5292.0,0.022419,284142.0,0.022421,15945.0
1753503317936,04:15:17.936,ACH/USDT:USDT,0.022417,2900.0,0.022415,5292.0,0.022419,284142.0,0.022421,15945.0
1753503318086,04:15:18.086,ACH/USDT:USDT,0.022417,2900.0,0.022415,5292.0,0.022419,284142.0,0.022421,15945.0
1753503318236,04:15:18.236,ACH/USDT:USDT,0.022417,2900.0,0.022415,5292.0,0.022419,284142.0,0.022421,15945.0
1753503318536,04:15:18.536,ACH/USDT:USDT,0.022417,2900.0,0.022415,5292.0,0.022419,284142.0,0.022421,15945.0
1753503318686,04:15:18.686,ACH/USDT:USDT,0.022417,2900.0,0.022415,5292.0,0.022419,284142.0,0.022421,15945.0
1753503318836,04:15:18.836,ACH/USDT:USDT,0.022417,2900.0,0.022415,5292.0,0.022419,284142.0,0.022421,15945.0
1753503318986,04:15:18.986,ACH/USDT:USDT,0.022417,2900.0,0.022415,5292.0,0.022419,284142.0,0.022421,15945.0
1753503319136,04:15:19.136,ACH/USDT:USDT,0.022417,2900.0,0.022415,5292.0,0.022419,284142.0,0.022421,15945.0
1753503319437,04:15:19.437,ACH/USDT:USDT,0.022417,2900.0,0.022415,5292.0,0.022419,284142.0,0.022421,15945.0
1753503319587,04:15:19.587,ACH/USDT:USDT,0.022417,2900.0,0.022415,5292.0,0.022419,284142.0,0.022421,15945.0
1753503319887,04:15:19.887,ACH/USDT:USDT,0.022417,2900.0,0.022415,5292.0,0.022419,284142.0,0.022421,15945.0
1753503320037,04:15:20.037,ACH/USDT:USDT,0.022417,2900.0,0.022415,5292.0,0.022419,284142.0,0.022421,15945.0
1753503320187,04:15:20.187,ACH/USDT:USDT,0.022417,2900.0,0.022415,5292.0,0.022419,284142.0,0.022421,15945.0
1753503320337,04:15:20.337,ACH/USDT:USDT,0.022417,2900.0,0.022415,5292.0,0.022419,284142.0,0.022421,15945.0
1753503320487,04:15:20.487,ACH/USDT:USDT,0.022417,2900.0,0.022415,5292.0,0.022419,284142.0,0.022421,15945.0
1753503320637,04:15:20.637,ACH/USDT:USDT,0.022417,2900.0,0.022415,5292.0,0.022419,284142.0,0.022421,15945.0
1753503320787,04:15:20.787,ACH/USDT:USDT,0.022417,2900.0,0.022416,2445.0,0.022419,284142.0,0.022421,13380.0
1753503320938,04:15:20.938,ACH/USDT:USDT,0.022417,2900.0,0.022416,2445.0,0.022419,284142.0,0.022421,13380.0
1753503321088,04:15:21.088,ACH/USDT:USDT,0.022419,40000.0,0.022417,2900.0,0.022421,7860.0,0.022427,12734.0
1753503321238,04:15:21.238,ACH/USDT:USDT,0.02242,2900.0,0.022419,893.0,0.022424,283990.0,0.022425,2900.0
1753503321388,04:15:21.388,ACH/USDT:USDT,0.02242,2900.0,0.022419,893.0,0.022423,85197.0,0.022424,283990.0
1753503321538,04:15:21.538,ACH/USDT:USDT,0.02242,2900.0,0.022419,893.0,0.022423,85197.0,0.022424,283990.0
1753503321688,04:15:21.688,ACH/USDT:USDT,0.022417,2900.0,0.022416,5290.0,0.022423,85197.0,0.022424,287401.0
1753503321988,04:15:21.988,ACH/USDT:USDT,0.022417,2900.0,0.022415,5290.0,0.022422,2900.0,0.022423,85197.0
1753503322138,04:15:22.138,ACH/USDT:USDT,0.022417,2900.0,0.022415,5290.0,0.022422,2900.0,0.022423,85197.0
1753503322288,04:15:22.288,ACH/USDT:USDT,0.022417,2900.0,0.022415,5290.0,0.022422,44599.0,0.022423,85197.0
1753503322439,04:15:22.439,ACH/USDT:USDT,0.022417,2900.0,0.022416,2445.0,0.022421,13380.0,0.022422,47499.0
1753503322589,04:15:22.589,ACH/USDT:USDT,0.022418,6124.0,0.022417,2900.0,0.022421,13380.0,0.022422,47499.0
1753503322739,04:15:22.739,ACH/USDT:USDT,0.022419,2900.0,0.022418,6124.0,0.022421,13380.0,0.022422,47499.0
1753503322889,04:15:22.889,ACH/USDT:USDT,0.022419,2900.0,0.022417,5290.0,0.022421,13380.0,0.022422,47499.0
1753503323039,04:15:23.039,ACH/USDT:USDT,0.022417,5290.0,0.022416,2445.0,0.022421,13380.0,0.022422,44599.0
1753503323189,04:15:23.189,ACH/USDT:USDT,0.022418,2900.0,0.022417,5290.0,0.022421,13380.0,0.022422,44599.0
1753503323489,04:15:23.489,ACH/USDT:USDT,0.022418,2900.0,0.022416,7735.0,0.022421,13380.0,0.022422,44599.0
1753503323639,04:15:23.639,ACH/USDT:USDT,0.022418,2900.0,0.022416,7735.0,0.022421,13380.0,0.022422,44599.0
1753503323789,04:15:23.789,ACH/USDT:USDT,0.022418,2900.0,0.022416,7735.0,0.022421,13380.0,0.022422,44599.0
1753503324089,04:15:24.089,ACH/USDT:USDT,0.022418,2900.0,0.022416,7735.0,0.022421,13380.0,0.022422,44599.0
1753503324240,04:15:24.240,ACH/USDT:USDT,0.022416,7735.0,0.022413,2877.0,0.02242,2900.0,0.022421,13380.0
1753503324390,04:15:24.390,ACH/USDT:USDT,0.022417,9024.0,0.022416,7735.0,0.02242,2900.0,0.022421,13380.0
1753503324540,04:15:24.540,ACH/USDT:USDT,0.022417,9024.0,0.022416,2445.0,0.02242,2900.0,0.022421,13380.0
1753503324690,04:15:24.690,ACH/USDT:USDT,0.022418,6124.0,0.022417,6124.0,0.02242,2900.0,0.022421,13380.0
1753503325290,04:15:25.290,ACH/USDT:USDT,0.022419,2900.0,0.022417,5290.0,0.022421,13380.0,0.022422,44599.0
1753503325440,04:15:25.440,ACH/USDT:USDT,0.022419,2900.0,0.022417,5290.0,0.022421,13380.0,0.022422,44599.0
1753503325590,04:15:25.590,ACH/USDT:USDT,0.022419,2900.0,0.022417,5290.0,0.022421,13380.0,0.022422,44599.0
1753503325741,04:15:25.741,ACH/USDT:USDT,0.022419,2900.0,0.022417,5290.0,0.022421,13380.0,0.022422,44599.0
1753503325891,04:15:25.891,ACH/USDT:USDT,0.022419,2900.0,0.022417,5290.0,0.022421,13380.0,0.022422,44599.0
1753503326041,04:15:26.041,ACH/USDT:USDT,0.022419,2900.0,0.022417,5290.0,0.022421,13380.0,0.022422,44599.0
1753503326341,04:15:26.341,ACH/USDT:USDT,0.022419,2900.0,0.022417,5290.0,0.022421,13380.0,0.022422,44599.0
1753503326641,04:15:26.641,ACH/USDT:USDT,0.022419,2900.0,0.022417,5290.0,0.022421,13380.0,0.022422,44599.0
1753503326791,04:15:26.791,ACH/USDT:USDT,0.022419,2900.0,0.022417,5290.0,0.022421,13380.0,0.022422,44599.0
1753503326941,04:15:26.941,ACH/USDT:USDT,0.022419,2900.0,0.022417,5290.0,0.022421,13380.0,0.022422,44599.0
1753503327091,04:15:27.091,ACH/USDT:USDT,0.022419,2900.0,0.022417,5290.0,0.022421,13380.0,0.022422,44599.0
1753503327241,04:15:27.241,ACH/USDT:USDT,0.022419,2900.0,0.022417,5290.0,0.022421,13380.0,0.022422,44599.0
1753503327542,04:15:27.542,ACH/USDT:USDT,0.022419,2900.0,0.022417,5290.0,0.022421,13380.0,0.022422,44599.0
1753503327692,04:15:27.692,ACH/USDT:USDT,0.022419,2900.0,0.022417,5290.0,0.022421,13380.0,0.022422,44599.0
1753503327842,04:15:27.842,ACH/USDT:USDT,0.022419,2900.0,0.022417,5290.0,0.022421,13380.0,0.022422,44599.0
1753503328442,04:15:28.442,ACH/USDT:USDT,0.02242,7017.0,0.022419,2445.0,0.022422,44599.0,0.022423,85197.0
1753503329043,04:15:29.043,ACH/USDT:USDT,0.02242,7017.0,0.022419,2445.0,0.022422,44599.0,0.022423,85197.0
1753503329193,04:15:29.193,ACH/USDT:USDT,0.02242,7017.0,0.022419,2445.0,0.022422,44599.0,0.022423,85197.0
1753503329343,04:15:29.343,ACH/USDT:USDT,0.02242,7017.0,0.022419,2445.0,0.022422,44599.0,0.022423,85197.0
1753503329493,04:15:29.493,ACH/USDT:USDT,0.02242,7017.0,0.022419,2445.0,0.022422,44599.0,0.022423,85197.0
1753503329643,04:15:29.643,ACH/USDT:USDT,0.02242,9935.0,0.022419,2445.0,0.022422,44599.0,0.022423,85197.0
1753503329793,04:15:29.793,ACH/USDT:USDT,0.02242,9935.0,0.022419,2445.0,0.022422,44599.0,0.022423,85197.0
1753503329943,04:15:29.943,ACH/USDT:USDT,0.02242,9935.0,0.022419,2445.0,0.022422,44599.0,0.022423,85197.0
1753503330243,04:15:30.243,ACH/USDT:USDT,0.022421,2918.0,0.02242,7017.0,0.022422,44599.0,0.022423,85197.0
1753503330393,04:15:30.393,ACH/USDT:USDT,0.022421,2918.0,0.02242,893.0,0.022422,44599.0,0.022423,85197.0
1753503330543,04:15:30.543,ACH/USDT:USDT,0.022421,2918.0,0.02242,893.0,0.022422,44599.0,0.022423,85197.0
1753503330694,04:15:30.694,ACH/USDT:USDT,0.02242,893.0,0.022419,7735.0,0.022422,44599.0,0.022423,85197.0
1753503330994,04:15:30.994,ACH/USDT:USDT,0.022421,2918.0,0.02242,893.0,0.022422,44599.0,0.022423,85197.0
1753503331144,04:15:31.144,ACH/USDT:USDT,0.022421,2918.0,0.02242,893.0,0.022422,44599.0,0.022423,85197.0
1753503331294,04:15:31.294,ACH/USDT:USDT,0.022419,8208.0,0.022413,2877.0,0.022422,44599.0,0.022423,85197.0
1753503331444,04:15:31.444,ACH/USDT:USDT,0.02242,2918.0,0.022419,5290.0,0.022421,13380.0,0.022422,44599.0
1753503331594,04:15:31.594,ACH/USDT:USDT,0.02242,9042.0,0.022418,7862.0,0.022422,44599.0,0.022423,85197.0
1753503331894,04:15:31.894,ACH/USDT:USDT,0.02242,9042.0,0.022418,7862.0,0.022422,44599.0,0.022423,85197.0
1753503332044,04:15:32.044,ACH/USDT:USDT,0.02242,9042.0,0.022418,7862.0,0.022422,44599.0,0.022423,85197.0
1753503332194,04:15:32.194,ACH/USDT:USDT,0.02242,9042.0,0.022418,7862.0,0.022422,44599.0,0.022423,85197.0
1753503332345,04:15:32.345,ACH/USDT:USDT,0.02242,9042.0,0.022418,7862.0,0.022422,44599.0,0.022423,85197.0
1753503332495,04:15:32.495,ACH/USDT:USDT,0.02242,9042.0,0.022418,7862.0,0.022422,44599.0,0.022423,85197.0
1753503332645,04:15:32.645,ACH/USDT:USDT,0.02242,9042.0,0.022418,7862.0,0.022422,44599.0,0.022423,85197.0
1753503332795,04:15:32.795,ACH/USDT:USDT,0.02242,9042.0,0.022418,7862.0,0.022422,44599.0,0.022423,85197.0
1753503333095,04:15:33.095,ACH/USDT:USDT,0.022421,2918.0,0.02242,6124.0,0.022422,44599.0,0.022423,85197.0
1753503333395,04:15:33.395,ACH/USDT:USDT,0.022421,2918.0,0.022419,5291.0,0.022422,44599.0,0.022423,85197.0
1753503333545,04:15:33.545,ACH/USDT:USDT,0.022421,2918.0,0.022419,5291.0,0.022422,44599.0,0.022423,85197.0
1753503333695,04:15:33.695,ACH/USDT:USDT,0.022421,2918.0,0.022419,5291.0,0.022422,44599.0,0.022423,85197.0
1753503333996,04:15:33.996,ACH/USDT:USDT,0.022421,2918.0,0.022419,5291.0,0.022422,44599.0,0.022423,85197.0
1753503334146,04:15:34.146,ACH/USDT:USDT,0.022418,2572.0,0.022417,9541.0,0.022422,44599.0,0.022423,85197.0
1753503334446,04:15:34.446,ACH/USDT:USDT,0.022419,2918.0,0.022418,2572.0,0.022421,13380.0,0.022422,44599.0
1753503334596,04:15:34.596,ACH/USDT:USDT,0.022419,2918.0,0.022418,2572.0,0.022421,13380.0,0.022422,44599.0
1753503334746,04:15:34.746,ACH/USDT:USDT,0.022419,2918.0,0.022418,2572.0,0.022421,13380.0,0.022422,44599.0
1753503334896,04:15:34.896,ACH/USDT:USDT,0.022419,2918.0,0.022418,2572.0,0.022421,13380.0,0.022422,44599.0
1753503335196,04:15:35.196,ACH/USDT:USDT,0.02242,6124.0,0.022419,2918.0,0.022422,44599.0,0.022424,283990.0
1753503335346,04:15:35.346,ACH/USDT:USDT,0.02242,2918.0,0.022418,5291.0,0.022422,44599.0,0.022423,85197.0
1753503335497,04:15:35.497,ACH/USDT:USDT,0.022418,5291.0,0.022413,2877.0,0.022422,44599.0,0.022423,85197.0
1753503335947,04:15:35.947,ACH/USDT:USDT,0.022419,2918.0,0.022417,5291.0,0.022421,13380.0,0.022422,44599.0
1753503336097,04:15:36.097,ACH/USDT:USDT,0.022419,2918.0,0.022417,5291.0,0.022421,13380.0,0.022422,44599.0
1753503336247,04:15:36.247,ACH/USDT:USDT,0.022419,2918.0,0.022417,5291.0,0.022421,13380.0,0.022422,44599.0
1753503336397,04:15:36.397,ACH/USDT:USDT,0.022418,2918.0,0.022417,5291.0,0.022421,13380.0,0.022422,44599.0
1753503336547,04:15:36.547,ACH/USDT:USDT,0.022418,2918.0,0.022416,8702.0,0.022421,13380.0,0.022422,44599.0
1753503336697,04:15:36.697,ACH/USDT:USDT,0.022418,2918.0,0.022416,8702.0,0.022421,13380.0,0.022422,44599.0
1753503336847,04:15:36.847,ACH/USDT:USDT,0.022418,2918.0,0.022416,8702.0,0.022421,13380.0,0.022422,44599.0
1753503336997,04:15:36.997,ACH/USDT:USDT,0.022418,2918.0,0.022416,8702.0,0.022421,13380.0,0.022422,44599.0
1753503337148,04:15:37.148,ACH/USDT:USDT,0.022418,2918.0,0.022416,8702.0,0.022421,13380.0,0.022422,44599.0
1753503337298,04:15:37.298,ACH/USDT:USDT,0.022418,2918.0,0.022416,8702.0,0.022421,13380.0,0.022422,44599.0
1753503337448,04:15:37.448,ACH/USDT:USDT,0.022418,2918.0,0.022416,8702.0,0.022421,13380.0,0.022422,44599.0
1753503337598,04:15:37.598,ACH/USDT:USDT,0.022418,2918.0,0.022416,8702.0,0.022421,13380.0,0.022422,44599.0
1753503337748,04:15:37.748,ACH/USDT:USDT,0.022418,2918.0,0.022416,8702.0,0.022421,13380.0,0.022422,44599.0
1753503337898,04:15:37.898,ACH/USDT:USDT,0.022417,2862.0,0.022416,8702.0,0.022421,13380.0,0.022422,44599.0
1753503338048,04:15:38.048,ACH/USDT:USDT,0.022417,2862.0,0.022416,3411.0,0.022421,13380.0,0.022422,44599.0
1753503338198,04:15:38.198,ACH/USDT:USDT,0.022417,2862.0,0.022416,3411.0,0.022421,13380.0,0.022422,44599.0
1753503338348,04:15:38.348,ACH/USDT:USDT,0.022417,2862.0,0.022416,3411.0,0.022421,13380.0,0.022422,44599.0
1753503338498,04:15:38.498,ACH/USDT:USDT,0.022417,2862.0,0.022416,3411.0,0.022421,13380.0,0.022422,44599.0
1753503338648,04:15:38.648,ACH/USDT:USDT,0.022417,2862.0,0.022416,3411.0,0.022421,13380.0,0.022422,44599.0
1753503338799,04:15:38.799,ACH/USDT:USDT,0.022417,2862.0,0.022416,3411.0,0.022421,13380.0,0.022422,44599.0
1753503338949,04:15:38.949,ACH/USDT:USDT,0.022417,2862.0,0.022416,3411.0,0.022421,13380.0,0.022422,44599.0
1753503339099,04:15:39.099,ACH/USDT:USDT,0.022417,2862.0,0.022416,3411.0,0.022421,13380.0,0.022422,44599.0
1753503339249,04:15:39.249,ACH/USDT:USDT,0.022417,2862.0,0.022416,3411.0,0.022421,13380.0,0.022422,44599.0
1753503339399,04:15:39.399,ACH/USDT:USDT,0.022417,2862.0,0.022416,3411.0,0.022421,13380.0,0.022422,44599.0
1753503339699,04:15:39.699,ACH/USDT:USDT,0.022417,2862.0,0.022416,3411.0,0.022421,13380.0,0.022422,44599.0
1753503339999,04:15:39.999,ACH/USDT:USDT,0.022417,2862.0,0.022416,3411.0,0.022421,13380.0,0.022422,44599.0
1753503340149,04:15:40.149,ACH/USDT:USDT,0.022417,2862.0,0.022416,3411.0,0.022421,13380.0,0.022422,44599.0
1753503340300,04:15:40.300,ACH/USDT:USDT,0.022417,2862.0,0.022416,3411.0,0.022421,13380.0,0.022422,44599.0
1753503340450,04:15:40.450,ACH/USDT:USDT,0.022417,2862.0,0.022416,3411.0,0.022421,13380.0,0.022422,44599.0
1753503341050,04:15:41.050,ACH/USDT:USDT,0.022417,2862.0,0.022416,3411.0,0.022421,13380.0,0.022422,44599.0
1753503341200,04:15:41.200,ACH/USDT:USDT,0.022417,2862.0,0.022416,3411.0,0.022421,13380.0,0.022422,44599.0
1753503341350,04:15:41.350,ACH/USDT:USDT,0.022416,3411.0,0.022415,5292.0,0.022421,13380.0,0.022422,44599.0
1753503341500,04:15:41.500,ACH/USDT:USDT,0.022417,2862.0,0.022416,3411.0,0.02242,2862.0,0.022421,13380.0
1753503341650,04:15:41.650,ACH/USDT:USDT,0.022419,6124.0,0.022417,2862.0,0.02242,2862.0,0.022421,13380.0
1753503341800,04:15:41.800,ACH/USDT:USDT,0.022419,6124.0,0.022417,8156.0,0.02242,2862.0,0.022421,13380.0
1753503341951,04:15:41.951,ACH/USDT:USDT,0.022419,6124.0,0.022417,8156.0,0.022423,85197.0,0.022424,283990.0
1753503342101,04:15:42.101,ACH/USDT:USDT,0.022422,6124.0,0.022421,2862.0,0.022423,85197.0,0.022425,283966.0
1753503342251,04:15:42.251,ACH/USDT:USDT,0.022422,8986.0,0.02242,5294.0,0.022424,85190.0,0.022425,283966.0
1753503342401,04:15:42.401,ACH/USDT:USDT,0.022422,8986.0,0.02242,5294.0,0.022424,85190.0,0.022425,283966.0
1753503342551,04:15:42.551,ACH/USDT:USDT,0.022422,8986.0,0.02242,5294.0,0.022424,85190.0,0.022425,283966.0
1753503342701,04:15:42.701,ACH/USDT:USDT,0.022422,8986.0,0.02242,5294.0,0.022424,85190.0,0.022425,283966.0
1753503342851,04:15:42.851,ACH/USDT:USDT,0.022422,8986.0,0.02242,5294.0,0.022424,85190.0,0.022425,283966.0
1753503343001,04:15:43.001,ACH/USDT:USDT,0.022422,8986.0,0.02242,5294.0,0.022424,85190.0,0.022425,283966.0
1753503343301,04:15:43.301,ACH/USDT:USDT,0.022423,2862.0,0.022421,5293.0,0.022425,283966.0,0.022426,2862.0
1753503343451,04:15:43.451,ACH/USDT:USDT,0.022423,2862.0,0.022421,5293.0,0.022425,283966.0,0.022426,2862.0
1753503343602,04:15:43.602,ACH/USDT:USDT,0.022421,5293.0,0.022416,3411.0,0.022424,44599.0,0.022425,283966.0
1753503343752,04:15:43.752,ACH/USDT:USDT,0.022421,8155.0,0.022419,5293.0,0.022423,13380.0,0.022424,129789.0
1753503343902,04:15:43.902,ACH/USDT:USDT,0.022421,8155.0,0.022419,5293.0,0.022423,13380.0,0.022424,129789.0
1753503344052,04:15:44.052,ACH/USDT:USDT,0.022421,8155.0,0.022419,5293.0,0.022423,13380.0,0.022424,129789.0
1753503344352,04:15:44.352,ACH/USDT:USDT,0.022421,8155.0,0.022419,5293.0,0.022423,13380.0,0.022424,129789.0
1753503344652,04:15:44.652,ACH/USDT:USDT,0.022423,9186.0,0.022422,8986.0,0.022424,129789.0,0.022425,283966.0
1753503344802,04:15:44.802,ACH/USDT:USDT,0.022423,9186.0,0.022422,2862.0,0.022424,44599.0,0.022425,283966.0
1753503345103,04:15:45.103,ACH/USDT:USDT,0.022423,12048.0,0.022421,5294.0,0.022424,44599.0,0.022425,283966.0
1753503345253,04:15:45.253,ACH/USDT:USDT,0.022423,12048.0,0.022421,5294.0,0.022424,44599.0,0.022425,283966.0
1753503345403,04:15:45.403,ACH/USDT:USDT,0.022423,9186.0,0.022421,5294.0,0.022424,44599.0,0.022425,283966.0
1753503345553,04:15:45.553,ACH/USDT:USDT,0.022423,12048.0,0.022421,5294.0,0.022424,44599.0,0.022425,283966.0
1753503345703,04:15:45.703,ACH/USDT:USDT,0.022423,12048.0,0.022421,5294.0,0.022424,44599.0,0.022425,283966.0
1753503345853,04:15:45.853,ACH/USDT:USDT,0.022423,2862.0,0.022421,5294.0,0.022424,44599.0,0.022425,283966.0
1753503346003,04:15:46.003,ACH/USDT:USDT,0.022423,2862.0,0.022421,5294.0,0.022424,44599.0,0.022425,283966.0
1753503346153,04:15:46.153,ACH/USDT:USDT,0.022423,2862.0,0.022421,5294.0,0.022424,44599.0,0.022425,283966.0
1753503346453,04:15:46.453,ACH/USDT:USDT,0.022423,2862.0,0.022421,5294.0,0.022424,44599.0,0.022425,283966.0
1753503346603,04:15:46.603,ACH/USDT:USDT,0.022423,2862.0,0.022421,5294.0,0.022424,44599.0,0.022425,283966.0
1753503346754,04:15:46.754,ACH/USDT:USDT,0.022423,2862.0,0.022421,5294.0,0.022424,44599.0,0.022425,283966.0
1753503347054,04:15:47.054,ACH/USDT:USDT,0.022422,2852.0,0.022421,5294.0,0.022423,13380.0,0.022424,44599.0
1753503347204,04:15:47.204,ACH/USDT:USDT,0.022422,8976.0,0.02242,5293.0,0.022424,129789.0,0.022425,283966.0
1753503347354,04:15:47.354,ACH/USDT:USDT,0.022423,6124.0,0.022422,8976.0,0.022424,44599.0,0.022425,283966.0
1753503347504,04:15:47.504,ACH/USDT:USDT,0.022423,6124.0,0.022421,5293.0,0.022424,44599.0,0.022425,283966.0
1753503347654,04:15:47.654,ACH/USDT:USDT,0.022421,5293.0,0.022416,3411.0,0.022423,6124.0,0.022424,44599.0
1753503347804,04:15:47.804,ACH/USDT:USDT,0.022422,6124.0,0.022421,5293.0,0.022423,19504.0,0.022424,129789.0
1753503347954,04:15:47.954,ACH/USDT:USDT,0.022415,5293.0,0.022413,2877.0,0.022421,8145.0,0.022422,9535.0
1753503348104,04:15:48.104,ACH/USDT:USDT,0.022417,2852.0,0.022415,5293.0,0.02242,2444.0,0.022421,5293.0
1753503348255,04:15:48.255,ACH/USDT:USDT,0.022417,2852.0,0.022415,5293.0,0.022421,93335.0,0.022422,293474.0
1753503348405,04:15:48.405,ACH/USDT:USDT,0.022417,2852.0,0.022415,5293.0,0.022421,93335.0,0.022422,290211.0
1753503348555,04:15:48.555,ACH/USDT:USDT,0.022417,2852.0,0.022415,5293.0,0.022421,93335.0,0.022422,287350.0
1753503348705,04:15:48.705,ACH/USDT:USDT,0.022417,2852.0,0.022415,5293.0,0.022421,93335.0,0.022422,287350.0
1753503348855,04:15:48.855,ACH/USDT:USDT,0.022417,2852.0,0.022415,5293.0,0.022421,93335.0,0.022422,287350.0
1753503349005,04:15:49.005,ACH/USDT:USDT,0.022417,2852.0,0.022415,5293.0,0.022421,93335.0,0.022422,287350.0
1753503349155,04:15:49.155,ACH/USDT:USDT,0.022417,3954.0,0.022416,2572.0,0.022421,93335.0,0.022422,283939.0
1753503349305,04:15:49.305,ACH/USDT:USDT,0.022419,2852.0,0.022417,1102.0,0.022421,5293.0,0.022422,283939.0
1753503349455,04:15:49.455,ACH/USDT:USDT,0.02242,6124.0,0.022419,2852.0,0.022421,5293.0,0.022422,283939.0
1753503349905,04:15:49.905,ACH/USDT:USDT,0.02242,8976.0,0.022418,5293.0,0.022421,5293.0,0.022422,283939.0
1753503350056,04:15:50.056,ACH/USDT:USDT,0.022418,5293.0,0.022413,2877.0,0.02242,8976.0,0.022421,5293.0
1753503350206,04:15:50.206,ACH/USDT:USDT,0.022419,6124.0,0.022418,8145.0,0.02242,8976.0,0.022421,8145.0
1753503350356,04:15:50.356,ACH/USDT:USDT,0.022419,8976.0,0.022417,5292.0,0.02242,8976.0,0.022421,91498.0
1753503350506,04:15:50.506,ACH/USDT:USDT,0.022419,8976.0,0.022417,5292.0,0.02242,8976.0,0.022421,91498.0
1753503350806,04:15:50.806,ACH/USDT:USDT,0.022419,8976.0,0.022417,5292.0,0.02242,8976.0,0.022421,91498.0
1753503350956,04:15:50.956,ACH/USDT:USDT,0.022419,8976.0,0.022417,5292.0,0.02242,8976.0,0.022421,91498.0
1753503351106,04:15:51.106,ACH/USDT:USDT,0.022419,8976.0,0.022417,5292.0,0.02242,8976.0,0.022421,91498.0
1753503351256,04:15:51.256,ACH/USDT:USDT,0.022419,8976.0,0.022417,5292.0,0.02242,8976.0,0.022421,91498.0
1753503351406,04:15:51.406,ACH/USDT:USDT,0.022419,8976.0,0.022417,5292.0,0.02242,8976.0,0.022421,91498.0
1753503351557,04:15:51.557,ACH/USDT:USDT,0.022419,8976.0,0.022417,5292.0,0.02242,8976.0,0.022421,91498.0
1753503351707,04:15:51.707,ACH/USDT:USDT,0.022419,6124.0,0.022417,5292.0,0.02242,8976.0,0.022421,91498.0
1753503351857,04:15:51.857,ACH/USDT:USDT,0.022419,6124.0,0.022417,5292.0,0.02242,11828.0,0.022421,91498.0
1753503352007,04:15:52.007,ACH/USDT:USDT,0.022419,6124.0,0.022417,5292.0,0.02242,8976.0,0.022421,91498.0
1753503352157,04:15:52.157,ACH/USDT:USDT,0.022419,6124.0,0.022417,5292.0,0.02242,8976.0,0.022421,91498.0
1753503352307,04:15:52.307,ACH/USDT:USDT,0.022419,6124.0,0.022417,5292.0,0.02242,8976.0,0.022421,91498.0
1753503352457,04:15:52.457,ACH/USDT:USDT,0.022419,6124.0,0.022417,5292.0,0.02242,8976.0,0.022421,91498.0
1753503352607,04:15:52.607,ACH/USDT:USDT,0.022413,2877.0,0.022408,5000.0,0.022419,6124.0,0.02242,8976.0
1753503352757,04:15:52.757,ACH/USDT:USDT,0.022415,5292.0,0.022414,6124.0,0.022418,2852.0,0.022419,6124.0
1753503353057,04:15:53.057,ACH/USDT:USDT,0.022418,9186.0,0.022417,6124.0,0.022419,4499.0,0.02242,14831.0
1753503353208,04:15:53.208,ACH/USDT:USDT,0.022418,9186.0,0.022416,8976.0,0.02242,14831.0,0.022421,94350.0
1753503353358,04:15:53.358,ACH/USDT:USDT,0.022418,9186.0,0.022416,8976.0,0.02242,14831.0,0.022421,91498.0
1753503353508,04:15:53.508,ACH/USDT:USDT,0.022418,9186.0,0.022416,8976.0,0.022419,2852.0,0.02242,12387.0
1753503353658,04:15:53.658,ACH/USDT:USDT,0.022416,6124.0,0.022407,14001.0,0.022418,9186.0,0.022419,2852.0
1753503353808,04:15:53.808,ACH/USDT:USDT,0.022417,6124.0,0.022416,6124.0,0.022418,12038.0,0.022419,3716.0
1753503353958,04:15:53.958,ACH/USDT:USDT,0.022417,6124.0,0.022415,5291.0,0.022418,12038.0,0.022419,3716.0
1753503354108,04:15:54.108,ACH/USDT:USDT,0.022417,6124.0,0.022415,5291.0,0.022418,12038.0,0.022419,3716.0
1753503354258,04:15:54.258,ACH/USDT:USDT,0.022415,5291.0,0.022412,2852.0,0.022417,6124.0,0.022418,9186.0
1753503354408,04:15:54.408,ACH/USDT:USDT,0.022416,6124.0,0.022415,5291.0,0.022417,6124.0,0.022418,9186.0
1753503354558,04:15:54.558,ACH/USDT:USDT,0.022416,6124.0,0.022415,2852.0,0.022417,6124.0,0.022418,9186.0
1753503354708,04:15:54.708,ACH/USDT:USDT,0.022416,6124.0,0.022415,2852.0,0.022417,6124.0,0.022418,9186.0
1753503354859,04:15:54.859,ACH/USDT:USDT,0.022416,6124.0,0.022415,2852.0,0.022417,6124.0,0.022418,9186.0
1753503355159,04:15:55.159,ACH/USDT:USDT,0.022416,6124.0,0.022415,5083.0,0.022417,6124.0,0.022418,9186.0
1753503355309,04:15:55.309,ACH/USDT:USDT,0.022416,6124.0,0.022415,5083.0,0.022417,6124.0,0.022418,9186.0
1753503355459,04:15:55.459,ACH/USDT:USDT,0.022416,6124.0,0.022415,5083.0,0.022417,6124.0,0.022418,9186.0
1753503355609,04:15:55.609,ACH/USDT:USDT,0.022416,6124.0,0.022415,5083.0,0.022417,6124.0,0.022418,9186.0
1753503355759,04:15:55.759,ACH/USDT:USDT,0.022416,6124.0,0.022415,5083.0,0.022417,6124.0,0.022418,9186.0
1753503355909,04:15:55.909,ACH/USDT:USDT,0.022416,8976.0,0.022415,2231.0,0.022417,6124.0,0.022418,9186.0
1753503356059,04:15:56.059,ACH/USDT:USDT,0.022416,6124.0,0.022414,8703.0,0.022417,6124.0,0.022418,9186.0
1753503356209,04:15:56.209,ACH/USDT:USDT,0.022414,5292.0,0.022412,2852.0,0.022416,6124.0,0.022417,8976.0
1753503356360,04:15:56.360,ACH/USDT:USDT,0.022415,6124.0,0.022414,5292.0,0.022416,6124.0,0.022418,9186.0
1753503356510,04:15:56.510,ACH/USDT:USDT,0.022413,5292.0,0.022412,8144.0,0.022415,8976.0,0.022418,9186.0
1753503356660,04:15:56.660,ACH/USDT:USDT,0.022414,6124.0,0.022413,7523.0,0.022415,8976.0,0.022418,12038.0
1753503356810,04:15:56.810,ACH/USDT:USDT,0.022414,6124.0,0.022412,8144.0,0.022415,6124.0,0.022418,12038.0
1753503356960,04:15:56.960,ACH/USDT:USDT,0.022414,6124.0,0.022413,2231.0,0.022415,6124.0,0.022418,12038.0
1753503357110,04:15:57.110,ACH/USDT:USDT,0.022414,6124.0,0.022413,2231.0,0.022415,6124.0,0.022418,12038.0
1753503357260,04:15:57.260,ACH/USDT:USDT,0.022414,6124.0,0.022413,2231.0,0.022415,9034.0,0.022418,12038.0
1753503357410,04:15:57.410,ACH/USDT:USDT,0.022414,6124.0,0.022413,2231.0,0.022415,9034.0,0.022418,12038.0
1753503357560,04:15:57.560,ACH/USDT:USDT,0.022414,6124.0,0.022413,2231.0,0.022415,9034.0,0.022418,12038.0
1753503357710,04:15:57.710,ACH/USDT:USDT,0.022414,6124.0,0.022413,2231.0,0.022415,9034.0,0.022418,12038.0
1753503358161,04:15:58.161,ACH/USDT:USDT,0.022412,5292.0,0.022407,2852.0,0.022414,6124.0,0.022415,9034.0
1753503358311,04:15:58.311,ACH/USDT:USDT,0.022412,5292.0,0.02241,5292.0,0.022413,2910.0,0.022414,8834.0
1753503358461,04:15:58.461,ACH/USDT:USDT,0.022412,5292.0,0.02241,5292.0,0.022413,2910.0,0.022416,15487.0
1753503358911,04:15:58.911,ACH/USDT:USDT,0.022412,5292.0,0.02241,5292.0,0.022413,2910.0,0.022416,15487.0
1753503359061,04:15:59.061,ACH/USDT:USDT,0.022412,5292.0,0.02241,5292.0,0.022413,2910.0,0.022416,15487.0
1753503359211,04:15:59.211,ACH/USDT:USDT,0.022412,5292.0,0.02241,5292.0,0.022413,2910.0,0.022416,15487.0
1753503359361,04:15:59.361,ACH/USDT:USDT,0.022412,5292.0,0.02241,5292.0,0.022413,2910.0,0.022416,15487.0
1753503359511,04:15:59.511,ACH/USDT:USDT,0.022412,5292.0,0.02241,5292.0,0.022413,2910.0,0.022416,15487.0
1753503359662,04:15:59.662,ACH/USDT:USDT,0.022412,5292.0,0.02241,5292.0,0.022413,2910.0,0.022416,15487.0
1753503359812,04:15:59.812,ACH/USDT:USDT,0.022412,5292.0,0.02241,5292.0,0.022413,2910.0,0.022416,15487.0
1753503359962,04:15:59.962,ACH/USDT:USDT,0.022412,5292.0,0.02241,5292.0,0.022416,15487.0,0.022417,137372.0
1753503360262,04:16:00.262,ACH/USDT:USDT,0.022414,6124.0,0.022413,6124.0,0.022415,2910.0,0.022416,15487.0
1753503360412,04:16:00.412,ACH/USDT:USDT,0.022414,6124.0,0.022412,5292.0,0.022415,2910.0,0.022416,15487.0
1753503360562,04:16:00.562,ACH/USDT:USDT,0.022414,6124.0,0.022412,5292.0,0.022416,15487.0,0.022417,137372.0
1753503360712,04:16:00.712,ACH/USDT:USDT,0.022415,6124.0,0.022414,6124.0,0.022416,15487.0,0.022417,137372.0
1753503360862,04:16:00.862,ACH/USDT:USDT,0.022415,6124.0,0.022413,5291.0,0.022417,137372.0,0.022418,290190.0
1753503361163,04:16:01.163,ACH/USDT:USDT,0.022415,6124.0,0.022413,5291.0,0.022416,2910.0,0.022417,137372.0
1753503361313,04:16:01.313,ACH/USDT:USDT,0.022413,5291.0,0.022402,2862.0,0.022416,2910.0,0.022417,137372.0
1753503361463,04:16:01.463,ACH/USDT:USDT,0.022402,2862.0,0.0224,13380.0,0.022415,6124.0,0.022416,17313.0
1753503361613,04:16:01.613,ACH/USDT:USDT,0.02241,5291.0,0.022403,6124.0,0.022413,2910.0,0.022415,6124.0
1753503362063,04:16:02.063,ACH/USDT:USDT,0.02241,8201.0,0.022408,5291.0,0.022413,2910.0,0.022415,6124.0
1753503362213,04:16:02.213,ACH/USDT:USDT,0.02241,8201.0,0.022408,5291.0,0.022413,2910.0,0.022415,6124.0
1753503362663,04:16:02.663,ACH/USDT:USDT,0.022411,2910.0,0.02241,5291.0,0.022414,2910.0,0.022415,6124.0
1753503362964,04:16:02.964,ACH/USDT:USDT,0.022413,6124.0,0.022411,8204.0,0.022414,2910.0,0.022415,6124.0
1753503363414,04:16:03.414,ACH/USDT:USDT,0.022411,10861.0,0.02241,6398.0,0.022414,2910.0,0.022415,6124.0
1753503363564,04:16:03.564,ACH/USDT:USDT,0.022411,7951.0,0.02241,6398.0,0.022414,2910.0,0.022415,6124.0
1753503363864,04:16:03.864,ACH/USDT:USDT,0.022411,7951.0,0.02241,6398.0,0.022414,2910.0,0.022415,6124.0
1753503364014,04:16:04.014,ACH/USDT:USDT,0.022411,7951.0,0.02241,6398.0,0.022414,2910.0,0.022415,6124.0
1753503364164,04:16:04.164,ACH/USDT:USDT,0.022411,7951.0,0.02241,6398.0,0.022414,2910.0,0.022415,6124.0
1753503364314,04:16:04.314,ACH/USDT:USDT,0.022411,7951.0,0.02241,6398.0,0.022414,2910.0,0.022415,6124.0
1753503364465,04:16:04.465,ACH/USDT:USDT,0.022411,7951.0,0.02241,6398.0,0.022414,2910.0,0.022415,6124.0
1753503364765,04:16:04.765,ACH/USDT:USDT,0.022411,7951.0,0.02241,6398.0,0.022414,2910.0,0.022415,6124.0
1753503364915,04:16:04.915,ACH/USDT:USDT,0.022411,7951.0,0.02241,6398.0,0.022414,2910.0,0.022415,6124.0
1753503365065,04:16:05.065,ACH/USDT:USDT,0.022411,7951.0,0.02241,6398.0,0.022414,2910.0,0.022415,6124.0
1753503365215,04:16:05.215,ACH/USDT:USDT,0.022411,7951.0,0.02241,6398.0,0.022414,2910.0,0.022415,6124.0
1753503365665,04:16:05.665,ACH/USDT:USDT,0.022411,7951.0,0.02241,6398.0,0.022414,2910.0,0.022415,6124.0
1753503365815,04:16:05.815,ACH/USDT:USDT,0.022411,7951.0,0.02241,6398.0,0.022414,2910.0,0.022415,6124.0
1753503366116,04:16:06.116,ACH/USDT:USDT,0.022412,2910.0,0.022411,7951.0,0.022415,6124.0,0.022416,14403.0
1753503366265,04:16:06.265,ACH/USDT:USDT,0.022413,6124.0,0.022411,2657.0,0.022414,2910.0,0.022415,6124.0
1753503366416,04:16:06.416,ACH/USDT:USDT,0.022413,6124.0,0.022411,10184.0,0.022414,2910.0,0.022415,6124.0
1753503366566,04:16:06.566,ACH/USDT:USDT,0.022413,6124.0,0.022411,7953.0,0.022414,2910.0,0.022415,6124.0
1753503366716,04:16:06.716,ACH/USDT:USDT,0.022413,6124.0,0.022411,7953.0,0.022414,2910.0,0.022415,6124.0
1753503366866,04:16:06.866,ACH/USDT:USDT,0.022413,6124.0,0.022411,7953.0,0.022414,2910.0,0.022415,6124.0
1753503367016,04:16:07.016,ACH/USDT:USDT,0.022413,6124.0,0.022411,7953.0,0.022414,2910.0,0.022415,6124.0
1753503367166,04:16:07.166,ACH/USDT:USDT,0.022413,6124.0,0.022411,7953.0,0.022414,2910.0,0.022415,6124.0
1753503367317,04:16:07.317,ACH/USDT:USDT,0.022413,6124.0,0.022411,7953.0,0.022414,2910.0,0.022415,6124.0
1753503367467,04:16:07.467,ACH/USDT:USDT,0.022413,6124.0,0.022411,7953.0,0.022414,2910.0,0.022415,6124.0
1753503367767,04:16:07.767,ACH/USDT:USDT,0.022414,6124.0,0.022413,6124.0,0.022415,8930.0,0.022416,14403.0
1753503368067,04:16:08.067,ACH/USDT:USDT,0.022414,6124.0,0.022412,5296.0,0.022415,8930.0,0.022416,14403.0
1753503368367,04:16:08.367,ACH/USDT:USDT,0.022414,6124.0,0.022412,5296.0,0.022415,8930.0,0.022416,14403.0
1753503368517,04:16:08.517,ACH/USDT:USDT,0.022414,6124.0,0.022412,5296.0,0.022415,8930.0,0.022416,14403.0
1753503368667,04:16:08.667,ACH/USDT:USDT,0.022414,6124.0,0.022412,5296.0,0.022415,8930.0,0.022416,14403.0
1753503368967,04:16:08.967,ACH/USDT:USDT,0.022413,6124.0,0.022412,5296.0,0.022414,8930.0,0.022415,6124.0
1753503369268,04:16:09.268,ACH/USDT:USDT,0.022413,6124.0,0.022412,2231.0,0.022414,8930.0,0.022415,6124.0
1753503369418,04:16:09.418,ACH/USDT:USDT,0.022413,6124.0,0.022412,2231.0,0.022414,8930.0,0.022415,6124.0
1753503369568,04:16:09.568,ACH/USDT:USDT,0.022413,6124.0,0.022412,2231.0,0.022414,8930.0,0.022415,6124.0
1753503369868,04:16:09.868,ACH/USDT:USDT,0.022413,6124.0,0.022412,2231.0,0.022414,2806.0,0.022415,6124.0
1753503370018,04:16:10.018,ACH/USDT:USDT,0.022413,6124.0,0.022412,2231.0,0.022414,2806.0,0.022415,6124.0
1753503370168,04:16:10.168,ACH/USDT:USDT,0.022413,6124.0,0.022412,2231.0,0.022415,6124.0,0.022416,14403.0
1753503370318,04:16:10.318,ACH/USDT:USDT,0.022414,6124.0,0.022413,6124.0,0.022415,8930.0,0.022416,14403.0
1753503370468,04:16:10.468,ACH/USDT:USDT,0.022414,6124.0,0.022412,7528.0,0.022415,8930.0,0.022416,14403.0
1753503370618,04:16:10.618,ACH/USDT:USDT,0.022414,6124.0,0.022412,7528.0,0.022415,8930.0,0.022416,14403.0
1753503370769,04:16:10.769,ACH/USDT:USDT,0.022414,6124.0,0.022412,5297.0,0.022415,8930.0,0.022416,14403.0
1753503370919,04:16:10.919,ACH/USDT:USDT,0.022414,6124.0,0.022412,5297.0,0.022415,8930.0,0.022416,14403.0
1753503371069,04:16:11.069,ACH/USDT:USDT,0.022414,6124.0,0.022412,5297.0,0.022415,8930.0,0.022416,14403.0
1753503371219,04:16:11.219,ACH/USDT:USDT,0.022414,6124.0,0.022412,5297.0,0.022415,8930.0,0.022416,14403.0
1753503371519,04:16:11.519,ACH/USDT:USDT,0.022414,6124.0,0.022412,5297.0,0.022415,8930.0,0.022416,14403.0
1753503371669,04:16:11.669,ACH/USDT:USDT,0.022412,5297.0,0.022411,2657.0,0.022415,8930.0,0.022416,14403.0
1753503371819,04:16:11.819,ACH/USDT:USDT,0.022412,5297.0,0.02241,8208.0,0.022414,2806.0,0.022415,6124.0
1753503371969,04:16:11.969,ACH/USDT:USDT,0.022413,6124.0,0.022412,5297.0,0.022414,2806.0,0.022415,6124.0
1753503372119,04:16:12.119,ACH/USDT:USDT,0.022413,6124.0,0.022411,7529.0,0.022414,2806.0,0.022415,6124.0
1753503372269,04:16:12.269,ACH/USDT:USDT,0.022413,6124.0,0.022411,7529.0,0.022414,2806.0,0.022415,6124.0
1753503372420,04:16:12.420,ACH/USDT:USDT,0.022413,6124.0,0.022411,5298.0,0.022414,2806.0,0.022415,6124.0
1753503372570,04:16:12.570,ACH/USDT:USDT,0.022413,6124.0,0.022411,5298.0,0.022414,2806.0,0.022415,6124.0
1753503372720,04:16:12.720,ACH/USDT:USDT,0.022409,5298.0,0.022402,2862.0,0.022414,2806.0,0.022415,6124.0
1753503372870,04:16:12.870,ACH/USDT:USDT,0.02241,8104.0,0.022409,5298.0,0.022414,2806.0,0.022415,9537.0
1753503373020,04:16:13.020,ACH/USDT:USDT,0.02241,8104.0,0.022408,5298.0,0.022414,5667.0,0.022415,9537.0
1753503373170,04:16:13.170,ACH/USDT:USDT,0.02241,5298.0,0.022408,5298.0,0.022413,2806.0,0.022414,2861.0
1753503373320,04:16:13.320,ACH/USDT:USDT,0.022411,6124.0,0.02241,5298.0,0.022413,2806.0,0.022414,2861.0
1753503373470,04:16:13.470,ACH/USDT:USDT,0.022411,6124.0,0.022409,5299.0,0.022413,2806.0,0.022414,2861.0
1753503373620,04:16:13.620,ACH/USDT:USDT,0.022411,6124.0,0.022409,5299.0,0.022413,2806.0,0.022414,2861.0
1753503373770,04:16:13.770,ACH/USDT:USDT,0.022409,5299.0,0.022402,2862.0,0.022413,2806.0,0.022414,2861.0
1753503374071,04:16:14.071,ACH/USDT:USDT,0.022411,6124.0,0.02241,2806.0,0.022413,2806.0,0.022414,2861.0
1753503374221,04:16:14.221,ACH/USDT:USDT,0.022411,6124.0,0.02241,2806.0,0.022413,2806.0,0.022414,2861.0
1753503374371,04:16:14.371,ACH/USDT:USDT,0.022411,6124.0,0.02241,2806.0,0.022413,2806.0,0.022414,2861.0
1753503374521,04:16:14.521,ACH/USDT:USDT,0.022411,6124.0,0.02241,2806.0,0.022413,2806.0,0.022414,2861.0
1753503374671,04:16:14.671,ACH/USDT:USDT,0.022411,6124.0,0.022409,5299.0,0.022413,2806.0,0.022414,2861.0
1753503374821,04:16:14.821,ACH/USDT:USDT,0.022409,5299.0,0.022402,2862.0,0.022413,2806.0,0.022414,2861.0
1753503374971,04:16:14.971,ACH/USDT:USDT,0.02241,2806.0,0.022409,5299.0,0.022413,2806.0,0.022414,2861.0
1753503375271,04:16:15.271,ACH/USDT:USDT,0.02241,2806.0,0.022408,5300.0,0.022413,2806.0,0.022414,2861.0
1753503375421,04:16:15.421,ACH/USDT:USDT,0.022408,5300.0,0.022402,2862.0,0.022413,2806.0,0.022414,2861.0
1753503375572,04:16:15.572,ACH/USDT:USDT,0.022409,2806.0,0.022408,5300.0,0.022413,2806.0,0.022414,2861.0
1753503375872,04:16:15.872,ACH/USDT:USDT,0.022411,2806.0,0.02241,6124.0,0.022413,2806.0,0.022414,2861.0
1753503376022,04:16:16.022,ACH/USDT:USDT,0.022409,8107.0,0.022402,2862.0,0.022413,2806.0,0.022414,2861.0
1753503376172,04:16:16.172,ACH/USDT:USDT,0.02241,2806.0,0.022409,5301.0,0.022413,2806.0,0.022414,2861.0
1753503376322,04:16:16.322,ACH/USDT:USDT,0.022411,6124.0,0.02241,2806.0,0.022413,2806.0,0.022414,2861.0
1753503376472,04:16:16.472,ACH/USDT:USDT,0.022411,6124.0,0.02241,2806.0,0.022413,2806.0,0.022414,2861.0
1753503376622,04:16:16.622,ACH/USDT:USDT,0.022411,6124.0,0.02241,2806.0,0.022413,2806.0,0.022414,2861.0
1753503376772,04:16:16.772,ACH/USDT:USDT,0.022411,6124.0,0.022409,5301.0,0.022413,2806.0,0.022414,2861.0
1753503376922,04:16:16.922,ACH/USDT:USDT,0.022411,6124.0,0.022409,5301.0,0.022413,2806.0,0.022414,2861.0
1753503377073,04:16:17.073,ACH/USDT:USDT,0.022411,6124.0,0.022409,5301.0,0.022413,2806.0,0.022414,2861.0
1753503377223,04:16:17.223,ACH/USDT:USDT,0.022411,6124.0,0.022409,5301.0,0.022413,2806.0,0.022414,2861.0
1753503377673,04:16:17.673,ACH/USDT:USDT,0.022409,5301.0,0.022402,2862.0,0.022413,2806.0,0.022414,2861.0
1753503377823,04:16:17.823,ACH/USDT:USDT,0.022409,5301.0,0.022407,5303.0,0.022413,2806.0,0.022414,2861.0
1753503377973,04:16:17.973,ACH/USDT:USDT,0.022409,5301.0,0.022407,5303.0,0.022413,2806.0,0.022414,2861.0
1753503378123,04:16:18.123,ACH/USDT:USDT,0.022409,5301.0,0.022407,5303.0,0.022413,2806.0,0.022414,2861.0
1753503378273,04:16:18.273,ACH/USDT:USDT,0.022409,5301.0,0.022407,5303.0,0.022413,2806.0,0.022414,2861.0
1753503378573,04:16:18.573,ACH/USDT:USDT,0.022409,8106.0,0.022407,5303.0,0.022413,2806.0,0.022414,2861.0
1753503378724,04:16:18.724,ACH/USDT:USDT,0.022409,5301.0,0.022407,5303.0,0.022413,2806.0,0.022414,2861.0
1753503378874,04:16:18.874,ACH/USDT:USDT,0.022407,5303.0,0.022402,2862.0,0.022413,2806.0,0.022414,2861.0
1753503379024,04:16:19.024,ACH/USDT:USDT,0.022407,5303.0,0.022405,5304.0,0.022413,2806.0,0.022414,2861.0
1753503379174,04:16:19.174,ACH/USDT:USDT,0.022407,8108.0,0.022405,5304.0,0.02241,44599.0,0.022413,2806.0
1753503379324,04:16:19.324,ACH/USDT:USDT,0.022408,6124.0,0.022407,5303.0,0.02241,44599.0,0.022413,2806.0
1753503379474,04:16:19.474,ACH/USDT:USDT,0.022409,6124.0,0.022408,6124.0,0.02241,44599.0,0.022413,2806.0
1753503379624,04:16:19.624,ACH/USDT:USDT,0.022409,6124.0,0.022407,5304.0,0.02241,44599.0,0.022413,2806.0
1753503379774,04:16:19.774,ACH/USDT:USDT,0.022409,6124.0,0.022407,5304.0,0.02241,44599.0,0.022413,2806.0
1753503379924,04:16:19.924,ACH/USDT:USDT,0.022409,6124.0,0.022407,5304.0,0.02241,44599.0,0.022413,2806.0
1753503380074,04:16:20.074,ACH/USDT:USDT,0.022409,6124.0,0.022407,5304.0,0.02241,44599.0,0.022413,2806.0
1753503380224,04:16:20.224,ACH/USDT:USDT,0.022409,6124.0,0.022407,5304.0,0.02241,44599.0,0.022413,2806.0
1753503380375,04:16:20.375,ACH/USDT:USDT,0.022409,6124.0,0.022407,5304.0,0.02241,44599.0,0.022413,2806.0
1753503380525,04:16:20.525,ACH/USDT:USDT,0.022409,6124.0,0.022407,5304.0,0.02241,44599.0,0.022413,2806.0
1753503380675,04:16:20.675,ACH/USDT:USDT,0.022409,6124.0,0.022407,5304.0,0.02241,44599.0,0.022413,2806.0
1753503380825,04:16:20.825,ACH/USDT:USDT,0.022409,6124.0,0.022407,5304.0,0.02241,44599.0,0.022413,2806.0
1753503380975,04:16:20.975,ACH/USDT:USDT,0.022409,6124.0,0.022407,5304.0,0.02241,44599.0,0.022413,2806.0
1753503381125,04:16:21.125,ACH/USDT:USDT,0.022409,6124.0,0.022407,5304.0,0.02241,44599.0,0.022413,2806.0
1753503381425,04:16:21.425,ACH/USDT:USDT,0.022409,6124.0,0.022407,5304.0,0.02241,44599.0,0.022413,2806.0
1753503381575,04:16:21.575,ACH/USDT:USDT,0.022409,6124.0,0.022407,5304.0,0.02241,44599.0,0.022413,2806.0
1753503382326,04:16:22.326,ACH/USDT:USDT,0.022409,6124.0,0.022407,5304.0,0.02241,44599.0,0.022413,2806.0
1753503382476,04:16:22.476,ACH/USDT:USDT,0.022409,6124.0,0.022407,5304.0,0.02241,44599.0,0.022413,2806.0
1753503382626,04:16:22.626,ACH/USDT:USDT,0.022409,6124.0,0.022407,5304.0,0.02241,44599.0,0.022413,2806.0
1753503382776,04:16:22.776,ACH/USDT:USDT,0.022409,6124.0,0.022407,5304.0,0.02241,44599.0,0.022413,2806.0
1753503383076,04:16:23.076,ACH/USDT:USDT,0.022409,6124.0,0.022407,5304.0,0.02241,44599.0,0.022413,2806.0
1753503383226,04:16:23.226,ACH/USDT:USDT,0.022409,6124.0,0.022407,5304.0,0.02241,44599.0,0.022413,2806.0
1753503383376,04:16:23.376,ACH/USDT:USDT,0.022409,6124.0,0.022407,5304.0,0.02241,44599.0,0.022413,2806.0
1753503383677,04:16:23.677,ACH/USDT:USDT,0.022409,6124.0,0.022407,5304.0,0.02241,44599.0,0.022413,2806.0
1753503383827,04:16:23.827,ACH/USDT:USDT,0.022409,6124.0,0.022407,5304.0,0.02241,44599.0,0.022413,2806.0
1753503383977,04:16:23.977,ACH/USDT:USDT,0.022409,6124.0,0.022407,5304.0,0.02241,44599.0,0.022413,2806.0
1753503384127,04:16:24.127,ACH/USDT:USDT,0.022409,6124.0,0.022407,5304.0,0.02241,44599.0,0.022413,2806.0
1753503384277,04:16:24.277,ACH/USDT:USDT,0.022409,6124.0,0.022407,5304.0,0.02241,44599.0,0.022413,2806.0
1753503384427,04:16:24.427,ACH/USDT:USDT,0.022409,6124.0,0.022407,5304.0,0.02241,44599.0,0.022413,2806.0
1753503384577,04:16:24.577,ACH/USDT:USDT,0.022409,6124.0,0.022407,5304.0,0.02241,44599.0,0.022413,2806.0
1753503384727,04:16:24.727,ACH/USDT:USDT,0.022409,6124.0,0.022407,5304.0,0.02241,44599.0,0.022413,2806.0
1753503385027,04:16:25.027,ACH/USDT:USDT,0.022405,5305.0,0.0224,6124.0,0.022407,2805.0,0.022409,6124.0
1753503385177,04:16:25.177,ACH/USDT:USDT,0.022406,6124.0,0.022405,8110.0,0.022408,2805.0,0.022409,19504.0
1753503385328,04:16:25.328,ACH/USDT:USDT,0.022407,6124.0,0.022406,6124.0,0.022409,19504.0,0.02241,44599.0
