timestamp,time,symbol,bid1_price,bid1_volume,bid2_price,bid2_volume,ask1_price,ask1_volume,ask2_price,ask2_volume
1753503734190,04:22:14.190,AAVE/USDT:USDT,297.36,0.02,297.35,10.65,297.37,2.91,297.38,5.66
1753503734291,04:22:14.291,AAVE/USDT:USDT,297.36,0.02,297.35,10.65,297.37,2.91,297.38,5.66
1753503734391,04:22:14.391,AAVE/USDT:USDT,297.36,0.02,297.35,10.65,297.37,2.91,297.38,5.66
1753503734491,04:22:14.491,AAVE/USDT:USDT,297.36,0.02,297.35,10.65,297.37,2.91,297.38,5.66
1753503734591,04:22:14.591,AAVE/USDT:USDT,297.36,0.02,297.35,10.65,297.37,2.91,297.38,5.66
1753503734691,04:22:14.691,AAVE/USDT:USDT,297.36,0.02,297.35,10.65,297.37,2.91,297.38,5.66
1753503734792,04:22:14.792,AAVE/USDT:USDT,297.36,0.02,297.35,10.65,297.37,2.91,297.38,5.66
1753503734891,04:22:14.891,AAVE/USDT:USDT,297.36,0.02,297.35,10.65,297.37,2.91,297.38,5.66
1753503734991,04:22:14.991,AAVE/USDT:USDT,297.36,0.02,297.35,10.65,297.37,2.91,297.38,4.08
1753503735091,04:22:15.091,AAVE/USDT:USDT,297.36,0.02,297.35,10.65,297.37,2.91,297.38,4.08
1753503735190,04:22:15.190,AAVE/USDT:USDT,297.36,0.02,297.35,10.65,297.37,2.91,297.38,4.08
1753503735291,04:22:15.291,AAVE/USDT:USDT,297.36,0.02,297.35,10.65,297.37,2.91,297.38,4.08
1753503735391,04:22:15.391,AAVE/USDT:USDT,297.36,0.02,297.35,10.65,297.37,2.91,297.38,4.08
1753503735492,04:22:15.492,AAVE/USDT:USDT,297.35,0.42,297.34,3.08,297.36,2.58,297.37,2.58
1753503735591,04:22:15.591,AAVE/USDT:USDT,297.35,0.42,297.34,3.08,297.36,2.58,297.37,2.58
1753503735691,04:22:15.691,AAVE/USDT:USDT,297.35,0.42,297.34,3.08,297.36,2.58,297.37,2.58
1753503735791,04:22:15.791,AAVE/USDT:USDT,297.35,0.42,297.34,3.08,297.36,2.58,297.37,2.58
1753503735892,04:22:15.892,AAVE/USDT:USDT,297.35,0.42,297.34,3.08,297.36,2.58,297.37,2.58
1753503735991,04:22:15.991,AAVE/USDT:USDT,297.35,0.42,297.34,3.08,297.36,2.58,297.37,2.58
1753503736091,04:22:16.091,AAVE/USDT:USDT,297.35,0.42,297.34,3.08,297.36,2.58,297.37,2.58
1753503736191,04:22:16.191,AAVE/USDT:USDT,297.35,0.42,297.34,3.08,297.36,2.58,297.37,2.58
1753503736291,04:22:16.291,AAVE/USDT:USDT,297.35,1.01,297.34,3.08,297.36,2.58,297.37,2.58
1753503736391,04:22:16.391,AAVE/USDT:USDT,297.35,1.01,297.34,3.08,297.36,2.58,297.37,2.58
1753503736490,04:22:16.490,AAVE/USDT:USDT,297.35,1.01,297.34,3.08,297.36,2.58,297.37,2.58
1753503736591,04:22:16.591,AAVE/USDT:USDT,297.35,0.42,297.34,3.08,297.36,2.58,297.37,2.58
1753503736691,04:22:16.691,AAVE/USDT:USDT,297.35,0.42,297.34,3.08,297.36,2.58,297.37,2.58
1753503736791,04:22:16.791,AAVE/USDT:USDT,297.35,0.42,297.34,2.63,297.36,2.58,297.37,2.58
1753503736891,04:22:16.891,AAVE/USDT:USDT,297.35,0.42,297.34,2.63,297.36,2.58,297.37,2.58
1753503736991,04:22:16.991,AAVE/USDT:USDT,297.35,0.42,297.34,2.63,297.36,2.58,297.37,2.58
1753503737091,04:22:17.091,AAVE/USDT:USDT,297.35,0.42,297.34,2.63,297.36,2.58,297.37,2.58
1753503737192,04:22:17.192,AAVE/USDT:USDT,297.35,0.42,297.34,2.63,297.36,2.58,297.37,2.58
1753503737291,04:22:17.291,AAVE/USDT:USDT,297.35,0.42,297.34,1.11,297.36,2.58,297.37,2.58
1753503737391,04:22:17.391,AAVE/USDT:USDT,297.35,0.42,297.34,1.11,297.36,2.58,297.37,2.58
1753503737491,04:22:17.491,AAVE/USDT:USDT,297.34,0.69,297.33,0.31,297.35,4.61,297.36,4.39
1753503737591,04:22:17.591,AAVE/USDT:USDT,297.34,0.69,297.33,0.31,297.35,4.61,297.36,4.39
1753503737691,04:22:17.691,AAVE/USDT:USDT,297.34,0.69,297.33,0.31,297.35,4.61,297.36,4.39
1753503737791,04:22:17.791,AAVE/USDT:USDT,297.34,0.78,297.33,1.87,297.35,0.1,297.36,0.31
1753503737891,04:22:17.891,AAVE/USDT:USDT,297.34,2.2,297.33,1.87,297.35,0.1,297.37,2.83
1753503737991,04:22:17.991,AAVE/USDT:USDT,297.34,2.2,297.33,1.87,297.35,0.1,297.37,2.83
1753503738090,04:22:18.090,AAVE/USDT:USDT,297.34,2.2,297.33,1.87,297.35,0.1,297.37,2.83
1753503738291,04:22:18.291,AAVE/USDT:USDT,297.34,2.2,297.33,1.87,297.35,0.1,297.37,2.83
1753503738391,04:22:18.391,AAVE/USDT:USDT,297.34,2.2,297.33,1.87,297.35,0.1,297.37,2.83
1753503738491,04:22:18.491,AAVE/USDT:USDT,297.34,2.2,297.33,0.31,297.35,0.1,297.37,2.83
1753503738591,04:22:18.591,AAVE/USDT:USDT,297.34,2.2,297.33,0.31,297.35,0.1,297.37,2.83
1753503738691,04:22:18.691,AAVE/USDT:USDT,297.34,2.2,297.33,0.31,297.35,0.1,297.37,2.83
1753503738791,04:22:18.791,AAVE/USDT:USDT,297.34,2.2,297.33,0.31,297.35,0.1,297.37,2.83
1753503738891,04:22:18.891,AAVE/USDT:USDT,297.34,3.43,297.33,0.31,297.35,0.1,297.37,0.25
1753503738991,04:22:18.991,AAVE/USDT:USDT,297.34,4.55,297.33,2.21,297.35,0.1,297.37,0.25
1753503739099,04:22:19.099,AAVE/USDT:USDT,297.34,4.55,297.33,2.21,297.35,0.1,297.37,0.25
1753503739391,04:22:19.391,AAVE/USDT:USDT,297.34,4.55,297.33,2.21,297.35,0.1,297.37,0.25
1753503739491,04:22:19.491,AAVE/USDT:USDT,297.34,4.55,297.33,2.21,297.35,0.1,297.37,0.25
1753503739591,04:22:19.591,AAVE/USDT:USDT,297.34,4.55,297.33,2.21,297.35,0.1,297.37,0.25
1753503739692,04:22:19.692,AAVE/USDT:USDT,297.38,4.09,297.37,6.07,297.39,0.14,297.4,0.63
1753503739793,04:22:19.793,AAVE/USDT:USDT,297.38,4.09,297.37,6.07,297.39,0.14,297.4,0.63
1753503739891,04:22:19.891,AAVE/USDT:USDT,297.38,0.42,297.37,0.42,297.39,2.88,297.4,0.59
1753503739991,04:22:19.991,AAVE/USDT:USDT,297.38,0.42,297.37,0.42,297.39,2.88,297.4,0.59
1753503740091,04:22:20.091,AAVE/USDT:USDT,297.38,0.42,297.37,0.42,297.39,2.88,297.4,0.59
1753503740191,04:22:20.191,AAVE/USDT:USDT,297.38,0.42,297.37,0.42,297.39,2.88,297.4,0.59
1753503740291,04:22:20.291,AAVE/USDT:USDT,297.37,0.42,297.36,3.12,297.38,2.58,297.39,2.88
1753503740391,04:22:20.391,AAVE/USDT:USDT,297.37,0.42,297.36,3.12,297.38,2.58,297.39,2.88
1753503740491,04:22:20.491,AAVE/USDT:USDT,297.37,0.42,297.36,3.12,297.38,2.58,297.39,2.88
1753503740591,04:22:20.591,AAVE/USDT:USDT,297.37,0.42,297.36,3.12,297.38,2.58,297.39,2.88
1753503740691,04:22:20.691,AAVE/USDT:USDT,297.37,0.42,297.36,3.12,297.38,2.58,297.39,2.88
1753503740791,04:22:20.791,AAVE/USDT:USDT,297.38,0.42,297.37,9.08,297.39,0.14,297.4,0.84
1753503740891,04:22:20.891,AAVE/USDT:USDT,297.38,0.42,297.37,9.08,297.39,0.14,297.4,0.84
1753503740991,04:22:20.991,AAVE/USDT:USDT,297.38,0.42,297.37,9.08,297.39,0.14,297.4,0.84
1753503741091,04:22:21.091,AAVE/USDT:USDT,297.38,0.42,297.37,9.08,297.39,0.14,297.4,0.84
1753503741191,04:22:21.191,AAVE/USDT:USDT,297.37,8.66,297.36,2.79,297.38,1.86,297.39,7.08
1753503741291,04:22:21.291,AAVE/USDT:USDT,297.37,8.66,297.36,2.79,297.38,1.86,297.39,7.08
1753503741391,04:22:21.391,AAVE/USDT:USDT,297.37,8.66,297.36,4.32,297.38,1.44,297.39,4.08
1753503741491,04:22:21.491,AAVE/USDT:USDT,297.37,8.66,297.35,1.96,297.38,2.71,297.39,5.91
1753503741591,04:22:21.591,AAVE/USDT:USDT,297.37,8.66,297.36,1.53,297.38,1.44,297.39,5.66
1753503741691,04:22:21.691,AAVE/USDT:USDT,297.37,8.66,297.36,1.53,297.38,1.44,297.39,5.66
1753503741791,04:22:21.791,AAVE/USDT:USDT,297.37,8.66,297.36,1.53,297.38,1.44,297.39,5.66
1753503741892,04:22:21.892,AAVE/USDT:USDT,297.37,8.66,297.36,1.53,297.38,1.44,297.39,5.66
1753503741990,04:22:21.990,AAVE/USDT:USDT,297.37,8.66,297.35,1.96,297.38,1.44,297.39,5.66
1753503742091,04:22:22.091,AAVE/USDT:USDT,297.34,0.69,297.33,0.02,297.35,8.3,297.36,8.77
1753503742191,04:22:22.191,AAVE/USDT:USDT,297.34,0.69,297.33,0.02,297.35,7.88,297.36,8.57
1753503742291,04:22:22.291,AAVE/USDT:USDT,297.35,3.29,297.34,1.89,297.36,0.07,297.37,3.86
1753503742391,04:22:22.391,AAVE/USDT:USDT,297.36,7.26,297.35,6.69,297.37,0.55,297.38,0.04
1753503742492,04:22:22.492,AAVE/USDT:USDT,297.36,7.26,297.35,6.69,297.37,0.55,297.38,0.04
1753503742590,04:22:22.590,AAVE/USDT:USDT,297.36,5.76,297.35,6.69,297.37,0.55,297.38,0.04
1753503742691,04:22:22.691,AAVE/USDT:USDT,297.36,5.76,297.35,5.18,297.37,0.55,297.38,0.04
1753503742791,04:22:22.791,AAVE/USDT:USDT,297.36,5.47,297.35,5.18,297.37,0.55,297.38,0.04
1753503742891,04:22:22.891,AAVE/USDT:USDT,297.36,5.47,297.35,6.69,297.37,0.55,297.38,0.04
1753503742991,04:22:22.991,AAVE/USDT:USDT,297.36,5.47,297.35,6.69,297.37,0.55,297.38,0.04
1753503743091,04:22:23.091,AAVE/USDT:USDT,297.36,5.84,297.35,6.69,297.37,0.55,297.38,0.04
1753503743191,04:22:23.191,AAVE/USDT:USDT,297.36,5.84,297.35,6.69,297.37,0.55,297.38,0.04
1753503743291,04:22:23.291,AAVE/USDT:USDT,297.36,5.84,297.35,6.69,297.37,0.55,297.38,0.04
1753503743390,04:22:23.390,AAVE/USDT:USDT,297.36,5.84,297.35,6.69,297.37,0.55,297.38,0.04
1753503743491,04:22:23.491,AAVE/USDT:USDT,297.36,4.72,297.35,3.29,297.37,0.55,297.38,0.04
1753503743591,04:22:23.591,AAVE/USDT:USDT,297.36,4.72,297.35,3.29,297.37,0.55,297.38,0.04
1753503743691,04:22:23.691,AAVE/USDT:USDT,297.36,4.72,297.35,3.29,297.37,0.55,297.38,0.04
1753503743794,04:22:23.794,AAVE/USDT:USDT,297.36,4.72,297.35,3.29,297.37,0.55,297.38,0.04
1753503743890,04:22:23.890,AAVE/USDT:USDT,297.36,4.72,297.35,3.29,297.37,0.55,297.38,0.04
1753503743991,04:22:23.991,AAVE/USDT:USDT,297.36,4.72,297.35,3.29,297.37,0.55,297.38,0.04
1753503744091,04:22:24.091,AAVE/USDT:USDT,297.36,4.72,297.35,3.29,297.37,0.55,297.38,0.04
1753503744290,04:22:24.290,AAVE/USDT:USDT,297.36,4.72,297.35,3.29,297.37,0.55,297.38,0.04
1753503744391,04:22:24.391,AAVE/USDT:USDT,297.36,4.72,297.35,3.29,297.37,0.55,297.38,0.04
1753503744491,04:22:24.491,AAVE/USDT:USDT,297.36,4.3,297.35,3.29,297.37,0.55,297.38,0.04
1753503744591,04:22:24.591,AAVE/USDT:USDT,297.36,5.42,297.35,5.18,297.37,0.55,297.38,0.04
1753503744691,04:22:24.691,AAVE/USDT:USDT,297.36,5.42,297.35,5.18,297.37,0.55,297.38,0.04
1753503744791,04:22:24.791,AAVE/USDT:USDT,297.36,5.42,297.35,5.18,297.37,0.55,297.38,0.04
1753503744991,04:22:24.991,AAVE/USDT:USDT,297.36,9.75,297.35,5.18,297.37,0.55,297.38,0.04
1753503745091,04:22:25.091,AAVE/USDT:USDT,297.36,9.75,297.35,5.18,297.37,0.55,297.38,0.04
1753503745191,04:22:25.191,AAVE/USDT:USDT,297.36,7.57,297.35,3.29,297.37,0.55,297.38,0.04
1753503745392,04:22:25.392,AAVE/USDT:USDT,297.36,7.57,297.35,4.8,297.37,0.55,297.38,0.04
1753503745491,04:22:25.491,AAVE/USDT:USDT,297.36,7.57,297.35,3.29,297.37,0.55,297.38,0.04
1753503745591,04:22:25.591,AAVE/USDT:USDT,297.36,7.57,297.35,3.29,297.37,0.55,297.38,0.04
1753503745691,04:22:25.691,AAVE/USDT:USDT,297.36,4.7,297.34,0.06,297.37,2.86,297.38,0.24
1753503745793,04:22:25.793,AAVE/USDT:USDT,297.36,4.7,297.34,0.3,297.37,4.36,297.38,0.24
1753503745890,04:22:25.890,AAVE/USDT:USDT,297.36,4.7,297.34,0.3,297.37,4.36,297.38,0.24
1753503745991,04:22:25.991,AAVE/USDT:USDT,297.36,4.7,297.34,0.3,297.37,2.54,297.38,0.24
1753503746091,04:22:26.091,AAVE/USDT:USDT,297.36,4.7,297.34,0.3,297.37,1.18,297.38,0.24
1753503746191,04:22:26.191,AAVE/USDT:USDT,297.36,4.7,297.34,0.3,297.37,1.18,297.38,0.24
1753503746291,04:22:26.291,AAVE/USDT:USDT,297.36,4.7,297.34,0.3,297.37,1.18,297.38,0.24
1753503746391,04:22:26.391,AAVE/USDT:USDT,297.36,4.7,297.34,0.3,297.37,2.72,297.38,0.24
1753503746491,04:22:26.491,AAVE/USDT:USDT,297.36,4.7,297.34,0.3,297.37,4.22,297.38,0.24
1753503746591,04:22:26.591,AAVE/USDT:USDT,297.36,4.7,297.34,0.3,297.37,4.22,297.38,0.24
1753503746691,04:22:26.691,AAVE/USDT:USDT,297.36,4.7,297.34,0.3,297.37,4.22,297.38,0.24
1753503746791,04:22:26.791,AAVE/USDT:USDT,297.36,4.7,297.34,0.3,297.37,4.22,297.38,0.24
1753503746891,04:22:26.891,AAVE/USDT:USDT,297.34,0.3,297.33,0.44,297.35,2.58,297.36,4.75
1753503746990,04:22:26.990,AAVE/USDT:USDT,297.34,0.02,297.33,0.06,297.35,8.52,297.36,11.48
1753503747091,04:22:27.091,AAVE/USDT:USDT,297.34,0.02,297.33,0.06,297.35,8.52,297.36,11.48
1753503747191,04:22:27.191,AAVE/USDT:USDT,297.34,0.08,297.33,0.3,297.35,2.58,297.36,2.83
1753503747292,04:22:27.292,AAVE/USDT:USDT,297.35,0.42,297.34,3.04,297.36,0.42,297.37,2.51
1753503747391,04:22:27.391,AAVE/USDT:USDT,297.35,0.42,297.34,3.04,297.36,0.42,297.37,2.51
1753503747491,04:22:27.491,AAVE/USDT:USDT,297.34,2.62,297.33,0.26,297.36,3.0,297.37,2.41
1753503747591,04:22:27.591,AAVE/USDT:USDT,297.34,2.62,297.33,0.26,297.36,3.0,297.37,2.41
1753503747691,04:22:27.691,AAVE/USDT:USDT,297.34,2.62,297.33,0.26,297.35,0.1,297.36,3.0
1753503747791,04:22:27.791,AAVE/USDT:USDT,297.34,2.62,297.33,0.26,297.35,0.1,297.36,3.0
1753503747891,04:22:27.891,AAVE/USDT:USDT,297.34,2.62,297.33,0.26,297.35,0.1,297.36,3.0
1753503747990,04:22:27.990,AAVE/USDT:USDT,297.34,2.62,297.33,0.26,297.35,0.1,297.36,3.0
1753503748091,04:22:28.091,AAVE/USDT:USDT,297.34,2.62,297.33,0.26,297.35,0.1,297.36,3.0
1753503748191,04:22:28.191,AAVE/USDT:USDT,297.34,2.62,297.33,0.26,297.35,0.1,297.36,3.0
1753503748291,04:22:28.291,AAVE/USDT:USDT,297.34,2.62,297.33,0.26,297.35,0.1,297.36,3.0
1753503748391,04:22:28.391,AAVE/USDT:USDT,297.34,0.02,297.33,0.26,297.35,1.54,297.36,3.0
1753503748491,04:22:28.491,AAVE/USDT:USDT,297.34,0.44,297.33,0.26,297.35,0.1,297.36,3.0
1753503748591,04:22:28.591,AAVE/USDT:USDT,297.34,0.44,297.33,0.26,297.35,0.1,297.36,3.0
1753503748792,04:22:28.792,AAVE/USDT:USDT,297.34,0.44,297.33,0.26,297.35,0.1,297.36,3.0
1753503748891,04:22:28.891,AAVE/USDT:USDT,297.34,0.44,297.33,0.26,297.35,1.6,297.36,3.0
1753503748992,04:22:28.992,AAVE/USDT:USDT,297.34,0.44,297.33,0.26,297.35,1.6,297.36,3.0
1753503749291,04:22:29.291,AAVE/USDT:USDT,297.34,0.44,297.33,0.26,297.35,1.6,297.36,3.0
1753503749390,04:22:29.390,AAVE/USDT:USDT,297.34,0.44,297.33,0.26,297.35,0.1,297.36,3.0
1753503749491,04:22:29.491,AAVE/USDT:USDT,297.34,0.44,297.33,0.26,297.35,0.1,297.36,3.0
1753503749690,04:22:29.690,AAVE/USDT:USDT,297.34,0.44,297.33,0.26,297.35,2.68,297.36,3.0
1753503749793,04:22:29.793,AAVE/USDT:USDT,297.34,0.44,297.33,0.26,297.35,2.68,297.36,3.0
1753503749891,04:22:29.891,AAVE/USDT:USDT,297.35,0.42,297.34,1.87,297.36,2.58,297.37,2.23
1753503749991,04:22:29.991,AAVE/USDT:USDT,297.35,0.42,297.34,1.87,297.36,2.58,297.37,1.99
1753503750090,04:22:30.090,AAVE/USDT:USDT,297.35,0.42,297.34,1.87,297.36,2.58,297.37,1.99
1753503750191,04:22:30.191,AAVE/USDT:USDT,297.35,0.42,297.34,1.87,297.36,2.58,297.37,3.51
1753503750291,04:22:30.291,AAVE/USDT:USDT,297.35,0.42,297.34,1.87,297.36,2.58,297.37,3.51
1753503750391,04:22:30.391,AAVE/USDT:USDT,297.35,0.42,297.34,1.87,297.36,2.58,297.37,3.51
1753503750491,04:22:30.491,AAVE/USDT:USDT,297.35,0.42,297.34,1.87,297.36,2.58,297.37,3.51
1753503750591,04:22:30.591,AAVE/USDT:USDT,297.35,0.42,297.34,1.87,297.36,2.58,297.37,3.51
1753503750691,04:22:30.691,AAVE/USDT:USDT,297.35,0.42,297.34,1.87,297.36,2.58,297.37,3.51
1753503750791,04:22:30.791,AAVE/USDT:USDT,297.35,0.42,297.34,1.87,297.36,2.58,297.37,3.51
1753503750891,04:22:30.891,AAVE/USDT:USDT,297.34,1.45,297.33,0.26,297.36,3.59,297.37,5.11
1753503750991,04:22:30.991,AAVE/USDT:USDT,297.34,0.02,297.33,0.26,297.35,3.15,297.36,5.09
1753503751091,04:22:31.091,AAVE/USDT:USDT,297.34,0.02,297.33,0.26,297.35,3.15,297.36,5.09
1753503751191,04:22:31.191,AAVE/USDT:USDT,297.34,0.02,297.33,0.26,297.35,3.15,297.36,5.09
1753503751291,04:22:31.291,AAVE/USDT:USDT,297.34,0.02,297.33,0.26,297.35,3.15,297.36,5.09
1753503751490,04:22:31.490,AAVE/USDT:USDT,297.34,0.02,297.33,0.26,297.35,3.43,297.36,5.09
1753503751591,04:22:31.591,AAVE/USDT:USDT,297.34,0.02,297.33,0.26,297.35,3.43,297.36,5.09
1753503751691,04:22:31.691,AAVE/USDT:USDT,297.34,0.02,297.33,0.26,297.35,3.43,297.36,5.09
1753503751792,04:22:31.792,AAVE/USDT:USDT,297.34,0.02,297.33,0.26,297.35,3.43,297.36,4.36
1753503751891,04:22:31.891,AAVE/USDT:USDT,297.34,0.02,297.33,0.26,297.35,3.43,297.36,4.36
1753503751991,04:22:31.991,AAVE/USDT:USDT,297.34,0.02,297.33,0.26,297.35,3.43,297.36,4.36
1753503752291,04:22:32.291,AAVE/USDT:USDT,297.34,0.02,297.33,0.26,297.35,3.43,297.36,4.36
1753503752390,04:22:32.390,AAVE/USDT:USDT,297.34,0.02,297.33,0.26,297.35,3.43,297.36,4.36
1753503752591,04:22:32.591,AAVE/USDT:USDT,297.34,0.02,297.33,0.26,297.35,3.01,297.36,4.36
1753503752691,04:22:32.691,AAVE/USDT:USDT,297.34,0.02,297.33,0.26,297.35,3.01,297.36,4.36
1753503752791,04:22:32.791,AAVE/USDT:USDT,297.34,0.02,297.33,0.26,297.35,3.01,297.36,4.36
1753503752891,04:22:32.891,AAVE/USDT:USDT,297.34,0.02,297.33,0.26,297.35,3.01,297.36,4.36
1753503752991,04:22:32.991,AAVE/USDT:USDT,297.34,0.02,297.33,0.26,297.35,3.01,297.36,4.36
1753503753191,04:22:33.191,AAVE/USDT:USDT,297.34,0.02,297.33,0.26,297.35,3.01,297.36,4.36
1753503753291,04:22:33.291,AAVE/USDT:USDT,297.34,0.02,297.33,0.26,297.35,3.01,297.36,4.36
1753503753591,04:22:33.591,AAVE/USDT:USDT,297.34,0.02,297.33,0.26,297.35,3.01,297.36,4.36
1753503753790,04:22:33.790,AAVE/USDT:USDT,297.34,0.44,297.33,0.26,297.35,4.44,297.36,4.36
1753503753891,04:22:33.891,AAVE/USDT:USDT,297.34,0.02,297.33,0.26,297.35,4.44,297.36,4.36
1753503753991,04:22:33.991,AAVE/USDT:USDT,297.34,0.44,297.33,0.26,297.35,4.29,297.36,4.36
1753503754091,04:22:34.091,AAVE/USDT:USDT,297.34,0.44,297.33,0.26,297.35,4.29,297.36,4.36
1753503754292,04:22:34.292,AAVE/USDT:USDT,297.34,0.44,297.33,0.26,297.35,4.29,297.36,4.36
1753503754391,04:22:34.391,AAVE/USDT:USDT,297.34,0.44,297.33,0.26,297.35,4.29,297.36,4.36
1753503754491,04:22:34.491,AAVE/USDT:USDT,297.34,0.44,297.33,0.26,297.35,4.29,297.36,4.36
1753503754591,04:22:34.591,AAVE/USDT:USDT,297.33,0.02,297.32,0.06,297.34,0.42,297.35,4.29
1753503754691,04:22:34.691,AAVE/USDT:USDT,297.33,0.02,297.32,0.06,297.34,3.35,297.35,4.29
1753503754791,04:22:34.791,AAVE/USDT:USDT,297.33,2.06,297.32,0.06,297.35,1.71,297.36,7.23
1753503754891,04:22:34.891,AAVE/USDT:USDT,297.33,2.06,297.32,0.26,297.35,1.71,297.36,7.19
1753503754991,04:22:34.991,AAVE/USDT:USDT,297.33,1.64,297.32,0.26,297.35,1.93,297.36,7.19
1753503755091,04:22:35.091,AAVE/USDT:USDT,297.33,1.64,297.32,0.26,297.34,1.08,297.35,2.63
1753503755291,04:22:35.291,AAVE/USDT:USDT,297.33,0.02,297.32,0.26,297.34,2.79,297.35,0.92
1753503755391,04:22:35.391,AAVE/USDT:USDT,297.33,0.02,297.32,0.26,297.34,2.79,297.35,0.92
1753503755492,04:22:35.492,AAVE/USDT:USDT,297.33,0.02,297.32,0.26,297.34,2.79,297.35,0.92
1753503755591,04:22:35.591,AAVE/USDT:USDT,297.33,1.4,297.32,0.26,297.34,1.71,297.35,0.92
1753503755691,04:22:35.691,AAVE/USDT:USDT,297.35,4.68,297.34,5.64,297.37,6.06,297.38,16.39
1753503755793,04:22:35.793,AAVE/USDT:USDT,297.36,0.68,297.35,4.68,297.37,0.55,297.38,0.26
1753503755891,04:22:35.891,AAVE/USDT:USDT,297.36,0.68,297.35,4.68,297.37,0.55,297.38,0.26
1753503755991,04:22:35.991,AAVE/USDT:USDT,297.36,0.68,297.35,4.26,297.37,0.55,297.38,0.26
1753503756091,04:22:36.091,AAVE/USDT:USDT,297.36,0.68,297.35,4.26,297.37,0.55,297.38,0.26
1753503756291,04:22:36.291,AAVE/USDT:USDT,297.36,0.68,297.35,4.26,297.37,0.55,297.38,0.26
1753503756391,04:22:36.391,AAVE/USDT:USDT,297.36,0.68,297.35,4.26,297.37,0.55,297.38,0.26
1753503756490,04:22:36.490,AAVE/USDT:USDT,297.36,0.68,297.35,4.26,297.37,0.55,297.38,0.26
1753503756591,04:22:36.591,AAVE/USDT:USDT,297.36,0.68,297.35,4.26,297.37,0.55,297.38,0.26
1753503756690,04:22:36.690,AAVE/USDT:USDT,297.35,1.47,297.34,2.68,297.36,0.42,297.37,1.42
1753503756791,04:22:36.791,AAVE/USDT:USDT,297.35,1.47,297.34,2.64,297.36,0.42,297.37,1.42
1753503756891,04:22:36.891,AAVE/USDT:USDT,297.35,1.47,297.34,2.64,297.36,0.42,297.37,1.42
1753503756991,04:22:36.991,AAVE/USDT:USDT,297.35,1.47,297.34,2.64,297.36,0.42,297.37,1.42
1753503757191,04:22:37.191,AAVE/USDT:USDT,297.35,1.47,297.34,2.64,297.36,0.42,297.37,1.42
1753503757291,04:22:37.291,AAVE/USDT:USDT,297.35,1.47,297.34,2.64,297.36,0.42,297.37,1.42
1753503757391,04:22:37.391,AAVE/USDT:USDT,297.35,1.47,297.34,2.64,297.36,0.42,297.37,1.42
1753503757492,04:22:37.492,AAVE/USDT:USDT,297.34,2.23,297.33,2.95,297.36,1.19,297.37,1.73
1753503757592,04:22:37.592,AAVE/USDT:USDT,297.34,2.23,297.33,2.95,297.36,0.42,297.37,1.73
1753503757691,04:22:37.691,AAVE/USDT:USDT,297.34,2.23,297.33,2.95,297.36,0.42,297.37,1.73
1753503757891,04:22:37.891,AAVE/USDT:USDT,297.34,2.23,297.33,2.95,297.36,0.42,297.37,1.73
1753503757991,04:22:37.991,AAVE/USDT:USDT,297.34,2.23,297.33,2.95,297.36,0.42,297.37,1.73
1753503758091,04:22:38.091,AAVE/USDT:USDT,297.34,2.23,297.33,2.95,297.36,0.42,297.37,1.66
1753503758192,04:22:38.192,AAVE/USDT:USDT,297.35,0.42,297.34,2.23,297.36,0.42,297.37,1.77
1753503758291,04:22:38.291,AAVE/USDT:USDT,297.35,1.89,297.34,2.23,297.36,0.42,297.37,1.77
1753503758392,04:22:38.392,AAVE/USDT:USDT,297.36,0.42,297.35,2.71,297.37,1.11,297.38,0.26
1753503758491,04:22:38.491,AAVE/USDT:USDT,297.36,0.42,297.35,2.71,297.37,1.11,297.38,0.26
1753503758591,04:22:38.591,AAVE/USDT:USDT,297.36,0.42,297.35,2.71,297.37,1.11,297.38,0.26
1753503758692,04:22:38.692,AAVE/USDT:USDT,297.36,0.42,297.35,2.71,297.37,1.11,297.38,0.26
1753503758791,04:22:38.791,AAVE/USDT:USDT,297.36,0.42,297.35,2.71,297.37,1.11,297.38,0.26
1753503758891,04:22:38.891,AAVE/USDT:USDT,297.36,0.42,297.35,2.71,297.37,1.11,297.38,0.26
1753503758991,04:22:38.991,AAVE/USDT:USDT,297.36,0.42,297.35,2.71,297.37,1.11,297.38,0.26
1753503759091,04:22:39.091,AAVE/USDT:USDT,297.35,2.71,297.34,2.47,297.36,0.31,297.37,1.11
1753503759191,04:22:39.191,AAVE/USDT:USDT,297.35,2.71,297.34,2.47,297.36,0.31,297.37,1.11
1753503759291,04:22:39.291,AAVE/USDT:USDT,297.35,2.71,297.34,2.47,297.36,0.31,297.37,1.11
1753503759391,04:22:39.391,AAVE/USDT:USDT,297.35,2.71,297.34,2.47,297.36,0.31,297.37,1.11
1753503759492,04:22:39.492,AAVE/USDT:USDT,297.35,2.71,297.34,2.47,297.36,0.31,297.37,1.11
1753503759591,04:22:39.591,AAVE/USDT:USDT,297.35,2.71,297.34,2.47,297.36,0.31,297.37,1.11
1753503759691,04:22:39.691,AAVE/USDT:USDT,297.35,2.71,297.34,2.47,297.36,0.31,297.37,1.11
1753503759891,04:22:39.891,AAVE/USDT:USDT,297.35,2.71,297.34,2.47,297.36,0.31,297.37,1.11
1753503759991,04:22:39.991,AAVE/USDT:USDT,297.35,2.71,297.34,2.47,297.36,0.31,297.37,1.11
1753503760091,04:22:40.091,AAVE/USDT:USDT,297.35,2.71,297.34,2.47,297.36,0.31,297.37,1.11
1753503760191,04:22:40.191,AAVE/USDT:USDT,297.35,2.71,297.34,2.47,297.36,0.31,297.37,1.11
1753503760292,04:22:40.292,AAVE/USDT:USDT,297.34,2.23,297.33,2.99,297.36,0.31,297.37,1.35
1753503760391,04:22:40.391,AAVE/USDT:USDT,297.34,2.23,297.33,2.95,297.35,0.42,297.36,2.04
1753503760491,04:22:40.491,AAVE/USDT:USDT,297.34,2.23,297.33,2.95,297.35,0.42,297.36,2.04
1753503760591,04:22:40.591,AAVE/USDT:USDT,297.33,2.95,297.32,0.29,297.35,1.84,297.36,2.04
1753503760691,04:22:40.691,AAVE/USDT:USDT,297.33,2.95,297.32,0.29,297.35,1.84,297.36,2.04
1753503760792,04:22:40.792,AAVE/USDT:USDT,297.33,2.95,297.32,0.29,297.35,1.84,297.36,2.04
1753503760891,04:22:40.891,AAVE/USDT:USDT,297.33,2.71,297.32,0.29,297.35,1.84,297.36,2.42
1753503761091,04:22:41.091,AAVE/USDT:USDT,297.33,2.71,297.32,0.29,297.35,1.84,297.36,2.42
1753503761190,04:22:41.190,AAVE/USDT:USDT,297.33,2.71,297.32,0.29,297.35,1.84,297.36,2.42
1753503761291,04:22:41.291,AAVE/USDT:USDT,297.33,2.71,297.32,0.29,297.35,0.42,297.36,2.42
1753503761392,04:22:41.392,AAVE/USDT:USDT,297.33,2.71,297.32,0.29,297.35,0.42,297.36,2.42
1753503761491,04:22:41.491,AAVE/USDT:USDT,297.35,0.42,297.34,0.7,297.36,0.23,297.37,1.11
1753503761591,04:22:41.591,AAVE/USDT:USDT,297.34,0.7,297.33,2.95,297.36,0.23,297.37,1.35
1753503761691,04:22:41.691,AAVE/USDT:USDT,297.34,0.7,297.33,2.95,297.36,0.23,297.37,1.35
1753503761791,04:22:41.791,AAVE/USDT:USDT,297.34,0.34,297.33,2.95,297.35,0.31,297.36,0.65
1753503761891,04:22:41.891,AAVE/USDT:USDT,297.33,2.71,297.32,0.26,297.35,1.73,297.36,2.37
1753503761991,04:22:41.991,AAVE/USDT:USDT,297.33,1.49,297.32,0.26,297.35,1.73,297.36,2.37
1753503762291,04:22:42.291,AAVE/USDT:USDT,297.33,1.49,297.32,0.26,297.35,1.73,297.36,0.89
1753503762391,04:22:42.391,AAVE/USDT:USDT,297.33,0.18,297.32,0.26,297.34,0.42,297.35,1.73
1753503762491,04:22:42.491,AAVE/USDT:USDT,297.33,0.18,297.32,0.26,297.34,0.42,297.35,1.73
1753503762591,04:22:42.591,AAVE/USDT:USDT,297.33,0.18,297.32,0.26,297.34,0.42,297.35,1.73
1753503762691,04:22:42.691,AAVE/USDT:USDT,297.33,0.18,297.32,0.26,297.34,0.42,297.35,1.73
1753503762791,04:22:42.791,AAVE/USDT:USDT,297.33,0.64,297.32,0.26,297.35,1.73,297.36,0.93
1753503762892,04:22:42.892,AAVE/USDT:USDT,297.34,0.42,297.33,1.11,297.35,1.73,297.36,0.89
1753503762991,04:22:42.991,AAVE/USDT:USDT,297.34,0.42,297.33,1.11,297.35,1.73,297.36,0.89
1753503763091,04:22:43.091,AAVE/USDT:USDT,297.34,0.42,297.33,1.11,297.35,1.73,297.36,0.89
1753503763191,04:22:43.191,AAVE/USDT:USDT,297.34,0.42,297.33,0.95,297.35,1.73,297.36,0.89
1753503763291,04:22:43.291,AAVE/USDT:USDT,297.34,0.58,297.33,0.95,297.35,1.73,297.36,0.89
1753503763392,04:22:43.392,AAVE/USDT:USDT,297.34,0.58,297.33,0.95,297.35,1.73,297.36,0.89
1753503763491,04:22:43.491,AAVE/USDT:USDT,297.34,0.58,297.33,0.95,297.35,1.73,297.36,0.89
1753503763591,04:22:43.591,AAVE/USDT:USDT,297.34,0.58,297.33,0.95,297.35,1.73,297.36,0.89
1753503763691,04:22:43.691,AAVE/USDT:USDT,297.34,0.58,297.33,0.95,297.35,1.73,297.36,0.89
1753503763891,04:22:43.891,AAVE/USDT:USDT,297.34,0.58,297.33,0.83,297.35,1.73,297.36,0.96
1753503763991,04:22:43.991,AAVE/USDT:USDT,297.34,0.16,297.33,0.02,297.35,1.73,297.36,0.96
1753503764091,04:22:44.091,AAVE/USDT:USDT,297.34,0.16,297.33,0.02,297.35,1.73,297.36,0.96
1753503764191,04:22:44.191,AAVE/USDT:USDT,297.34,0.16,297.33,0.02,297.35,1.73,297.36,0.89
1753503764391,04:22:44.391,AAVE/USDT:USDT,297.34,0.16,297.33,0.02,297.35,1.73,297.36,0.89
1753503764495,04:22:44.495,AAVE/USDT:USDT,297.34,0.16,297.33,0.02,297.35,2.69,297.36,2.37
1753503764590,04:22:44.590,AAVE/USDT:USDT,297.34,0.16,297.33,0.02,297.35,2.69,297.36,2.44
1753503764691,04:22:44.691,AAVE/USDT:USDT,297.34,0.16,297.33,0.02,297.35,2.69,297.36,2.44
1753503764791,04:22:44.791,AAVE/USDT:USDT,297.34,0.16,297.33,0.02,297.35,2.69,297.36,2.44
1753503764891,04:22:44.891,AAVE/USDT:USDT,297.34,0.16,297.33,0.02,297.35,2.69,297.36,2.44
1753503764990,04:22:44.990,AAVE/USDT:USDT,297.34,0.16,297.33,0.02,297.35,2.69,297.36,2.37
1753503765091,04:22:45.091,AAVE/USDT:USDT,297.34,0.16,297.33,0.02,297.35,2.69,297.36,2.37
1753503765291,04:22:45.291,AAVE/USDT:USDT,297.34,0.16,297.33,0.02,297.35,2.69,297.36,0.89
1753503765391,04:22:45.391,AAVE/USDT:USDT,297.34,0.16,297.33,0.02,297.35,2.69,297.36,0.89
1753503765491,04:22:45.491,AAVE/USDT:USDT,297.31,1.77,297.3,4.78,297.32,2.38,297.33,5.2
1753503765591,04:22:45.591,AAVE/USDT:USDT,297.31,1.35,297.3,2.62,297.32,2.38,297.33,4.82
1753503765692,04:22:45.692,AAVE/USDT:USDT,297.31,1.35,297.3,1.39,297.32,2.83,297.33,4.82
1753503765793,04:22:45.793,AAVE/USDT:USDT,297.3,0.04,297.28,0.33,297.31,3.88,297.32,2.83
1753503765891,04:22:45.891,AAVE/USDT:USDT,297.3,0.04,297.28,0.33,297.31,3.88,297.32,2.83
1753503765991,04:22:45.991,AAVE/USDT:USDT,297.3,0.02,297.28,0.33,297.31,2.37,297.32,2.83
1753503766091,04:22:46.091,AAVE/USDT:USDT,297.3,0.02,297.28,0.33,297.31,2.37,297.32,2.83
1753503766191,04:22:46.191,AAVE/USDT:USDT,297.3,0.02,297.28,0.33,297.31,2.37,297.32,2.83
1753503766291,04:22:46.291,AAVE/USDT:USDT,297.3,0.02,297.28,0.33,297.31,2.37,297.32,2.83
1753503766392,04:22:46.392,AAVE/USDT:USDT,297.3,0.02,297.28,0.33,297.31,2.37,297.32,2.83
1753503766491,04:22:46.491,AAVE/USDT:USDT,297.3,0.02,297.28,0.33,297.31,2.37,297.32,2.83
1753503766591,04:22:46.591,AAVE/USDT:USDT,297.3,0.02,297.28,0.33,297.31,3.88,297.32,2.83
1753503766691,04:22:46.691,AAVE/USDT:USDT,297.3,0.02,297.28,0.33,297.31,3.88,297.32,2.83
1753503766791,04:22:46.791,AAVE/USDT:USDT,297.3,0.02,297.28,0.33,297.31,3.88,297.32,2.83
1753503766891,04:22:46.891,AAVE/USDT:USDT,297.3,0.02,297.28,0.33,297.31,4.2,297.32,2.83
1753503766991,04:22:46.991,AAVE/USDT:USDT,297.3,0.02,297.28,0.33,297.31,4.2,297.32,2.83
1753503767091,04:22:47.091,AAVE/USDT:USDT,297.3,0.02,297.28,0.33,297.31,4.2,297.32,2.83
1753503767191,04:22:47.191,AAVE/USDT:USDT,297.3,0.02,297.28,0.33,297.31,3.88,297.32,0.45
1753503767291,04:22:47.291,AAVE/USDT:USDT,297.3,0.02,297.28,0.33,297.31,3.88,297.32,0.52
1753503767390,04:22:47.390,AAVE/USDT:USDT,297.3,0.02,297.28,0.33,297.31,3.88,297.32,0.52
1753503767490,04:22:47.490,AAVE/USDT:USDT,297.3,0.02,297.28,0.33,297.31,3.88,297.32,0.52
1753503767591,04:22:47.591,AAVE/USDT:USDT,297.3,0.02,297.28,0.33,297.31,3.88,297.32,4.35
1753503767691,04:22:47.691,AAVE/USDT:USDT,297.3,0.02,297.28,0.33,297.31,3.88,297.32,5.93
1753503767791,04:22:47.791,AAVE/USDT:USDT,297.3,0.02,297.28,0.33,297.31,3.88,297.32,5.93
1753503767891,04:22:47.891,AAVE/USDT:USDT,297.3,0.02,297.28,0.33,297.31,3.88,297.32,5.93
1753503767991,04:22:47.991,AAVE/USDT:USDT,297.3,0.02,297.28,0.33,297.31,3.88,297.32,5.93
1753503768191,04:22:48.191,AAVE/USDT:USDT,297.3,0.02,297.28,0.33,297.31,4.2,297.32,5.93
1753503768291,04:22:48.291,AAVE/USDT:USDT,297.3,0.02,297.28,0.33,297.31,4.2,297.32,5.93
1753503768491,04:22:48.491,AAVE/USDT:USDT,297.3,0.02,297.28,0.33,297.31,4.2,297.32,5.93
1753503768591,04:22:48.591,AAVE/USDT:USDT,297.3,0.02,297.28,0.33,297.31,4.2,297.32,5.93
1753503768691,04:22:48.691,AAVE/USDT:USDT,297.3,0.02,297.28,0.33,297.31,4.2,297.32,5.93
1753503768891,04:22:48.891,AAVE/USDT:USDT,297.3,0.02,297.28,0.33,297.31,4.2,297.32,5.93
1753503769091,04:22:49.091,AAVE/USDT:USDT,297.3,0.02,297.28,0.33,297.31,4.2,297.32,5.86
1753503769291,04:22:49.291,AAVE/USDT:USDT,297.3,0.02,297.28,0.33,297.31,4.2,297.32,5.86
1753503769391,04:22:49.391,AAVE/USDT:USDT,297.3,0.02,297.28,0.33,297.31,4.2,297.32,5.93
1753503769491,04:22:49.491,AAVE/USDT:USDT,297.3,0.02,297.28,0.33,297.31,4.2,297.32,5.93
1753503769691,04:22:49.691,AAVE/USDT:USDT,297.3,0.02,297.28,0.33,297.31,4.2,297.32,5.93
1753503769794,04:22:49.794,AAVE/USDT:USDT,297.3,0.02,297.28,0.33,297.31,4.2,297.32,5.93
1753503769892,04:22:49.892,AAVE/USDT:USDT,297.3,0.02,297.28,0.33,297.31,4.2,297.32,5.93
1753503770191,04:22:50.191,AAVE/USDT:USDT,297.3,0.02,297.28,0.33,297.31,4.2,297.32,5.93
1753503770290,04:22:50.290,AAVE/USDT:USDT,297.3,0.02,297.28,0.33,297.31,4.2,297.32,5.93
1753503770490,04:22:50.490,AAVE/USDT:USDT,297.3,0.02,297.28,0.33,297.31,4.2,297.32,5.93
1753503770591,04:22:50.591,AAVE/USDT:USDT,297.3,0.02,297.28,0.33,297.31,4.2,297.32,5.93
1753503770691,04:22:50.691,AAVE/USDT:USDT,297.28,0.04,297.27,0.04,297.29,7.96,297.3,8.55
1753503770791,04:22:50.791,AAVE/USDT:USDT,297.28,0.02,297.27,0.04,297.29,7.96,297.3,10.13
1753503770891,04:22:50.891,AAVE/USDT:USDT,297.28,0.02,297.27,0.04,297.29,7.96,297.3,10.06
1753503770991,04:22:50.991,AAVE/USDT:USDT,297.28,0.02,297.27,0.04,297.29,7.96,297.3,10.06
1753503771091,04:22:51.091,AAVE/USDT:USDT,297.28,0.02,297.27,0.04,297.29,7.96,297.3,10.06
1753503771191,04:22:51.191,AAVE/USDT:USDT,297.28,0.02,297.27,0.04,297.29,6.46,297.3,8.48
1753503771291,04:22:51.291,AAVE/USDT:USDT,297.28,0.02,297.27,0.04,297.29,6.46,297.3,8.48
1753503771391,04:22:51.391,AAVE/USDT:USDT,297.28,0.02,297.27,0.04,297.29,6.46,297.3,8.48
1753503771519,04:22:51.519,AAVE/USDT:USDT,297.28,0.02,297.27,0.04,297.29,5.97,297.3,8.48
1753503771591,04:22:51.591,AAVE/USDT:USDT,297.28,0.02,297.27,0.04,297.29,4.46,297.3,6.89
1753503771691,04:22:51.691,AAVE/USDT:USDT,297.28,0.02,297.27,0.04,297.29,4.46,297.3,6.89
1753503771793,04:22:51.793,AAVE/USDT:USDT,297.28,0.02,297.27,0.04,297.29,4.46,297.3,6.89
1753503771892,04:22:51.892,AAVE/USDT:USDT,297.28,0.02,297.27,0.04,297.29,4.46,297.3,6.89
1753503771991,04:22:51.991,AAVE/USDT:USDT,297.28,0.02,297.27,0.04,297.29,4.46,297.3,6.89
1753503772291,04:22:52.291,AAVE/USDT:USDT,297.28,0.02,297.27,0.04,297.29,4.46,297.3,8.45
1753503772391,04:22:52.391,AAVE/USDT:USDT,297.28,0.02,297.27,0.04,297.29,4.46,297.3,8.45
1753503772492,04:22:52.492,AAVE/USDT:USDT,297.28,0.02,297.27,0.04,297.29,4.46,297.3,8.45
1753503772591,04:22:52.591,AAVE/USDT:USDT,297.28,0.02,297.27,0.04,297.29,4.46,297.3,8.45
1753503772691,04:22:52.691,AAVE/USDT:USDT,297.28,0.02,297.27,0.04,297.29,4.46,297.3,6.89
1753503772791,04:22:52.791,AAVE/USDT:USDT,297.28,0.02,297.27,0.04,297.29,4.46,297.3,6.89
1753503772891,04:22:52.891,AAVE/USDT:USDT,297.28,0.02,297.27,0.04,297.29,4.46,297.3,6.89
1753503772991,04:22:52.991,AAVE/USDT:USDT,297.28,0.02,297.27,0.04,297.29,4.46,297.3,6.89
1753503773091,04:22:53.091,AAVE/USDT:USDT,297.28,0.02,297.27,0.04,297.29,4.14,297.3,6.89
1753503773191,04:22:53.191,AAVE/USDT:USDT,297.28,0.02,297.27,0.04,297.29,4.14,297.3,6.89
1753503773291,04:22:53.291,AAVE/USDT:USDT,297.28,0.02,297.27,0.04,297.29,5.96,297.3,14.07
1753503773391,04:22:53.391,AAVE/USDT:USDT,297.28,0.02,297.27,0.04,297.29,5.96,297.3,14.07
1753503773492,04:22:53.492,AAVE/USDT:USDT,297.28,0.02,297.27,0.04,297.29,5.96,297.3,14.07
1753503773591,04:22:53.591,AAVE/USDT:USDT,297.28,0.02,297.27,0.04,297.29,5.96,297.3,14.07
1753503773691,04:22:53.691,AAVE/USDT:USDT,297.28,0.02,297.27,0.04,297.29,5.96,297.3,14.07
1753503773793,04:22:53.793,AAVE/USDT:USDT,297.28,0.02,297.27,0.04,297.29,5.96,297.3,14.07
1753503773891,04:22:53.891,AAVE/USDT:USDT,297.28,0.02,297.27,0.04,297.29,5.96,297.3,14.07
1753503773991,04:22:53.991,AAVE/USDT:USDT,297.28,0.02,297.27,0.04,297.29,5.96,297.3,14.07
1753503774091,04:22:54.091,AAVE/USDT:USDT,297.28,0.02,297.27,0.04,297.29,5.96,297.3,14.07
1753503774191,04:22:54.191,AAVE/USDT:USDT,297.28,0.02,297.27,0.04,297.29,4.46,297.3,10.82
1753503774291,04:22:54.291,AAVE/USDT:USDT,297.28,0.02,297.27,0.04,297.29,4.46,297.3,9.27
1753503774390,04:22:54.390,AAVE/USDT:USDT,297.28,0.02,297.27,0.04,297.29,4.46,297.3,9.27
1753503774496,04:22:54.496,AAVE/USDT:USDT,297.28,0.02,297.27,0.04,297.29,4.46,297.3,9.27
1753503774591,04:22:54.591,AAVE/USDT:USDT,297.28,0.02,297.27,0.04,297.29,4.46,297.3,9.27
1753503774691,04:22:54.691,AAVE/USDT:USDT,297.28,0.02,297.27,0.04,297.29,4.46,297.3,9.27
1753503774791,04:22:54.791,AAVE/USDT:USDT,297.28,0.02,297.27,0.04,297.29,5.16,297.3,12.41
1753503774890,04:22:54.890,AAVE/USDT:USDT,297.28,0.02,297.27,0.04,297.29,4.46,297.3,10.83
1753503774991,04:22:54.991,AAVE/USDT:USDT,297.28,0.02,297.27,0.04,297.29,5.16,297.3,12.41
1753503775091,04:22:55.091,AAVE/USDT:USDT,297.28,0.02,297.27,0.04,297.29,5.16,297.3,12.41
1753503775191,04:22:55.191,AAVE/USDT:USDT,297.28,0.02,297.27,0.04,297.29,5.16,297.3,12.41
1753503775292,04:22:55.292,AAVE/USDT:USDT,297.28,0.02,297.27,0.04,297.29,5.16,297.3,12.41
1753503775391,04:22:55.391,AAVE/USDT:USDT,297.28,0.02,297.27,0.04,297.29,5.16,297.3,12.41
1753503775491,04:22:55.491,AAVE/USDT:USDT,297.28,0.02,297.27,0.04,297.29,5.16,297.3,12.41
1753503775591,04:22:55.591,AAVE/USDT:USDT,297.28,0.02,297.27,0.04,297.29,5.16,297.3,12.41
1753503775691,04:22:55.691,AAVE/USDT:USDT,297.28,0.02,297.27,0.04,297.29,4.46,297.3,10.83
1753503775791,04:22:55.791,AAVE/USDT:USDT,297.28,0.02,297.27,0.04,297.29,4.46,297.3,10.83
1753503775891,04:22:55.891,AAVE/USDT:USDT,297.28,0.02,297.27,0.04,297.29,4.46,297.3,10.83
1753503775991,04:22:55.991,AAVE/USDT:USDT,297.28,0.02,297.27,0.04,297.29,4.46,297.3,10.83
1753503776091,04:22:56.091,AAVE/USDT:USDT,297.26,0.06,297.25,0.29,297.28,11.05,297.29,11.12
1753503776190,04:22:56.190,AAVE/USDT:USDT,297.26,0.02,297.25,0.04,297.27,8.92,297.28,7.93
1753503776291,04:22:56.291,AAVE/USDT:USDT,297.26,0.02,297.25,0.04,297.27,8.85,297.28,7.13
1753503776391,04:22:56.391,AAVE/USDT:USDT,297.26,0.02,297.25,0.04,297.27,8.85,297.28,7.13
1753503776491,04:22:56.491,AAVE/USDT:USDT,297.26,0.02,297.25,0.04,297.27,8.85,297.28,7.13
1753503776590,04:22:56.590,AAVE/USDT:USDT,297.26,0.02,297.25,0.04,297.27,8.85,297.28,4.56
1753503776691,04:22:56.691,AAVE/USDT:USDT,297.26,0.02,297.25,0.04,297.27,9.19,297.28,4.56
1753503776791,04:22:56.791,AAVE/USDT:USDT,297.26,0.02,297.25,0.04,297.27,7.69,297.28,4.56
1753503776891,04:22:56.891,AAVE/USDT:USDT,297.26,0.02,297.25,0.04,297.27,7.69,297.28,4.56
1753503776990,04:22:56.990,AAVE/USDT:USDT,297.26,0.02,297.25,0.04,297.27,7.69,297.28,4.56
1753503777091,04:22:57.091,AAVE/USDT:USDT,297.26,0.02,297.25,0.04,297.27,6.36,297.28,4.56
1753503777191,04:22:57.191,AAVE/USDT:USDT,297.26,0.02,297.25,0.04,297.27,6.36,297.28,4.56
1753503777292,04:22:57.292,AAVE/USDT:USDT,297.26,0.02,297.25,0.04,297.27,6.36,297.28,4.56
1753503777391,04:22:57.391,AAVE/USDT:USDT,297.26,0.02,297.25,0.04,297.27,6.36,297.28,4.56
1753503777491,04:22:57.491,AAVE/USDT:USDT,297.26,0.48,297.25,0.04,297.27,6.36,297.28,4.56
1753503777591,04:22:57.591,AAVE/USDT:USDT,297.26,0.48,297.25,0.04,297.27,6.36,297.28,4.56
1753503777691,04:22:57.691,AAVE/USDT:USDT,297.26,0.48,297.25,0.04,297.27,6.36,297.28,4.56
1753503777791,04:22:57.791,AAVE/USDT:USDT,297.26,0.48,297.25,0.04,297.27,6.36,297.28,4.56
1753503777891,04:22:57.891,AAVE/USDT:USDT,297.26,0.48,297.25,0.04,297.27,6.36,297.28,4.56
1753503777991,04:22:57.991,AAVE/USDT:USDT,297.26,0.48,297.25,0.04,297.27,6.36,297.28,4.56
1753503778090,04:22:58.090,AAVE/USDT:USDT,297.26,0.48,297.25,0.04,297.27,6.36,297.28,4.56
1753503778191,04:22:58.191,AAVE/USDT:USDT,297.26,0.48,297.25,0.04,297.27,4.12,297.28,4.56
1753503778292,04:22:58.292,AAVE/USDT:USDT,297.26,0.48,297.25,0.04,297.27,2.16,297.28,3.23
1753503778392,04:22:58.392,AAVE/USDT:USDT,297.26,12.55,297.25,2.04,297.27,0.34,297.29,0.04
1753503778491,04:22:58.491,AAVE/USDT:USDT,297.29,5.38,297.28,9.87,297.3,0.02,297.31,2.77
1753503778591,04:22:58.591,AAVE/USDT:USDT,297.29,6.38,297.28,9.94,297.3,0.02,297.31,2.77
1753503778692,04:22:58.692,AAVE/USDT:USDT,297.29,6.38,297.28,9.94,297.3,0.02,297.31,2.77
1753503778791,04:22:58.791,AAVE/USDT:USDT,297.29,6.38,297.28,8.66,297.3,0.02,297.31,2.77
1753503778891,04:22:58.891,AAVE/USDT:USDT,297.29,6.38,297.28,8.66,297.3,0.02,297.31,2.77
1753503779091,04:22:59.091,AAVE/USDT:USDT,297.3,1.55,297.29,2.74,297.31,2.73,297.32,0.27
1753503779292,04:22:59.292,AAVE/USDT:USDT,297.3,1.55,297.29,2.74,297.31,2.73,297.32,0.27
1753503779392,04:22:59.392,AAVE/USDT:USDT,297.3,1.55,297.29,2.74,297.31,2.73,297.32,0.27
1753503779491,04:22:59.491,AAVE/USDT:USDT,297.3,3.51,297.29,2.74,297.31,2.73,297.32,0.02
1753503779591,04:22:59.591,AAVE/USDT:USDT,297.3,3.51,297.29,2.74,297.31,2.73,297.32,0.02
1753503779691,04:22:59.691,AAVE/USDT:USDT,297.3,3.51,297.29,2.74,297.31,2.73,297.32,0.02
1753503779791,04:22:59.791,AAVE/USDT:USDT,297.3,3.51,297.29,4.23,297.31,2.73,297.32,0.02
1753503779892,04:22:59.892,AAVE/USDT:USDT,297.3,3.51,297.29,2.74,297.31,2.73,297.32,0.02
1753503779991,04:22:59.991,AAVE/USDT:USDT,297.3,3.51,297.29,2.74,297.31,2.73,297.32,0.02
1753503780091,04:23:00.091,AAVE/USDT:USDT,297.3,3.51,297.29,4.23,297.31,2.73,297.32,0.02
1753503780191,04:23:00.191,AAVE/USDT:USDT,297.3,3.51,297.29,4.23,297.31,2.73,297.32,0.02
1753503780391,04:23:00.391,AAVE/USDT:USDT,297.3,3.51,297.29,4.23,297.31,2.73,297.32,0.02
1753503780491,04:23:00.491,AAVE/USDT:USDT,297.31,12.72,297.3,4.55,297.32,0.02,297.33,4.95
1753503780591,04:23:00.591,AAVE/USDT:USDT,297.31,12.72,297.3,4.62,297.32,0.02,297.33,4.95
1753503780691,04:23:00.691,AAVE/USDT:USDT,297.31,12.72,297.3,4.62,297.32,0.02,297.33,4.92
1753503780791,04:23:00.791,AAVE/USDT:USDT,297.31,13.63,297.3,4.62,297.32,0.02,297.33,4.92
1753503780891,04:23:00.891,AAVE/USDT:USDT,297.31,13.63,297.3,4.62,297.32,0.02,297.33,4.92
1753503780991,04:23:00.991,AAVE/USDT:USDT,297.31,13.63,297.3,4.62,297.32,0.02,297.33,4.92
1753503781090,04:23:01.090,AAVE/USDT:USDT,297.31,13.75,297.3,6.38,297.32,0.02,297.33,4.92
1753503781192,04:23:01.192,AAVE/USDT:USDT,297.31,13.75,297.3,6.38,297.32,0.02,297.33,4.92
1753503781291,04:23:01.291,AAVE/USDT:USDT,297.31,13.75,297.3,6.38,297.32,0.02,297.33,4.92
1753503781391,04:23:01.391,AAVE/USDT:USDT,297.31,12.72,297.3,4.55,297.32,0.02,297.33,4.92
1753503781491,04:23:01.491,AAVE/USDT:USDT,297.31,13.18,297.3,4.09,297.32,0.02,297.33,4.92
1753503781591,04:23:01.591,AAVE/USDT:USDT,297.31,13.18,297.3,4.09,297.32,0.02,297.33,4.92
1753503781691,04:23:01.691,AAVE/USDT:USDT,297.31,13.18,297.3,5.65,297.32,0.02,297.33,4.92
1753503781791,04:23:01.791,AAVE/USDT:USDT,297.31,13.18,297.3,5.65,297.32,0.02,297.33,4.92
1753503781891,04:23:01.891,AAVE/USDT:USDT,297.31,13.18,297.3,5.65,297.32,0.02,297.33,4.92
1753503781991,04:23:01.991,AAVE/USDT:USDT,297.31,13.18,297.3,4.09,297.32,0.02,297.33,4.92
1753503782091,04:23:02.091,AAVE/USDT:USDT,297.31,0.46,297.3,0.44,297.32,3.72,297.33,6.37
1753503782191,04:23:02.191,AAVE/USDT:USDT,297.31,0.46,297.3,0.44,297.32,3.79,297.33,6.2
1753503782291,04:23:02.291,AAVE/USDT:USDT,297.31,0.46,297.3,0.44,297.32,3.79,297.33,6.2
1753503782391,04:23:02.391,AAVE/USDT:USDT,297.31,0.46,297.3,0.44,297.32,3.79,297.33,4.71
1753503782492,04:23:02.492,AAVE/USDT:USDT,297.31,0.4,297.3,0.44,297.32,2.29,297.33,0.29
1753503782591,04:23:02.591,AAVE/USDT:USDT,297.31,0.4,297.3,0.44,297.32,7.75,297.33,0.29
1753503782691,04:23:02.691,AAVE/USDT:USDT,297.31,0.4,297.3,0.44,297.32,7.75,297.33,0.29
1753503782792,04:23:02.792,AAVE/USDT:USDT,297.31,0.4,297.3,0.44,297.32,7.75,297.33,0.29
1753503782891,04:23:02.891,AAVE/USDT:USDT,297.31,0.4,297.3,0.02,297.32,7.75,297.33,5.61
1753503782991,04:23:02.991,AAVE/USDT:USDT,297.31,0.4,297.3,0.02,297.32,7.82,297.33,5.68
1753503783091,04:23:03.091,AAVE/USDT:USDT,297.3,0.02,297.29,0.04,297.31,13.02,297.32,10.82
1753503783191,04:23:03.191,AAVE/USDT:USDT,297.3,0.02,297.29,0.04,297.31,13.38,297.32,14.96
1753503783291,04:23:03.291,AAVE/USDT:USDT,297.3,0.02,297.29,0.04,297.31,13.49,297.32,14.96
1753503783391,04:23:03.391,AAVE/USDT:USDT,297.3,0.02,297.29,0.04,297.31,18.95,297.32,9.5
1753503783491,04:23:03.491,AAVE/USDT:USDT,297.26,2.28,297.25,0.04,297.27,8.4,297.28,8.73
1753503783591,04:23:03.591,AAVE/USDT:USDT,297.26,2.44,297.24,0.31,297.27,8.4,297.28,8.75
1753503783691,04:23:03.691,AAVE/USDT:USDT,297.26,2.44,297.24,0.31,297.27,8.4,297.28,8.75
1753503783791,04:23:03.791,AAVE/USDT:USDT,297.26,2.44,297.24,0.31,297.27,8.4,297.28,8.75
1753503783891,04:23:03.891,AAVE/USDT:USDT,297.26,2.28,297.24,0.31,297.27,8.4,297.28,8.75
1753503783991,04:23:03.991,AAVE/USDT:USDT,297.26,2.28,297.24,0.31,297.27,8.4,297.28,8.75
1753503784091,04:23:04.091,AAVE/USDT:USDT,297.26,2.28,297.24,0.31,297.27,6.59,297.28,6.83
1753503784191,04:23:04.191,AAVE/USDT:USDT,297.26,2.28,297.24,0.31,297.27,12.05,297.28,6.83
1753503784291,04:23:04.291,AAVE/USDT:USDT,297.26,0.02,297.24,0.31,297.27,12.37,297.28,6.83
1753503784391,04:23:04.391,AAVE/USDT:USDT,297.26,0.02,297.24,0.31,297.27,12.37,297.28,6.83
1753503784491,04:23:04.491,AAVE/USDT:USDT,297.26,0.02,297.24,0.31,297.27,12.37,297.28,6.83
1753503784593,04:23:04.593,AAVE/USDT:USDT,297.26,0.02,297.24,0.31,297.27,12.37,297.28,6.83
1753503784691,04:23:04.691,AAVE/USDT:USDT,297.26,0.02,297.24,0.31,297.27,12.37,297.28,6.83
1753503784891,04:23:04.891,AAVE/USDT:USDT,297.26,0.02,297.24,0.31,297.27,12.37,297.28,6.83
1753503784991,04:23:04.991,AAVE/USDT:USDT,297.26,0.02,297.24,0.31,297.27,12.37,297.28,6.83
1753503785090,04:23:05.090,AAVE/USDT:USDT,297.26,0.02,297.24,0.31,297.27,12.37,297.28,6.83
1753503785192,04:23:05.192,AAVE/USDT:USDT,297.24,0.42,297.23,0.42,297.25,0.32,297.26,2.28
1753503785291,04:23:05.291,AAVE/USDT:USDT,297.24,0.42,297.23,0.42,297.26,2.28,297.27,10.22
1753503785391,04:23:05.391,AAVE/USDT:USDT,297.24,0.42,297.23,0.42,297.26,2.28,297.27,10.18
1753503785491,04:23:05.491,AAVE/USDT:USDT,297.23,0.13,297.22,1.25,297.24,0.37,297.25,1.09
1753503785592,04:23:05.592,AAVE/USDT:USDT,297.23,2.71,297.22,1.25,297.24,0.11,297.25,0.59
1753503785691,04:23:05.691,AAVE/USDT:USDT,297.23,2.71,297.22,1.25,297.24,5.57,297.25,0.59
1753503785794,04:23:05.794,AAVE/USDT:USDT,297.22,0.92,297.21,8.75,297.23,1.41,297.24,7.07
1753503785891,04:23:05.891,AAVE/USDT:USDT,297.22,0.92,297.21,8.75,297.23,1.41,297.24,7.07
1753503785991,04:23:05.991,AAVE/USDT:USDT,297.22,0.92,297.21,8.75,297.23,1.41,297.24,7.07
1753503786091,04:23:06.091,AAVE/USDT:USDT,297.22,0.92,297.21,8.75,297.23,1.41,297.24,7.07
1753503786191,04:23:06.191,AAVE/USDT:USDT,297.22,0.92,297.21,8.75,297.23,1.41,297.24,7.07
1753503786290,04:23:06.290,AAVE/USDT:USDT,297.22,0.92,297.21,8.75,297.23,1.41,297.24,7.07
1753503786392,04:23:06.392,AAVE/USDT:USDT,297.22,0.92,297.21,8.75,297.23,1.52,297.24,1.5
1753503786491,04:23:06.491,AAVE/USDT:USDT,297.22,3.76,297.21,8.75,297.23,6.98,297.24,1.5
1753503786591,04:23:06.591,AAVE/USDT:USDT,297.22,3.76,297.21,8.75,297.23,6.98,297.24,1.5
1753503786691,04:23:06.691,AAVE/USDT:USDT,297.22,3.76,297.21,8.75,297.23,6.98,297.24,1.5
1753503786791,04:23:06.791,AAVE/USDT:USDT,297.24,0.33,297.23,7.37,297.25,1.52,297.27,0.39
1753503786891,04:23:06.891,AAVE/USDT:USDT,297.24,2.21,297.23,7.37,297.26,1.84,297.27,1.91
1753503786991,04:23:06.991,AAVE/USDT:USDT,297.23,7.37,297.22,0.92,297.24,1.52,297.25,0.42
1753503787091,04:23:07.091,AAVE/USDT:USDT,297.23,7.37,297.22,0.92,297.24,1.52,297.25,0.42
1753503787191,04:23:07.191,AAVE/USDT:USDT,297.23,7.37,297.22,0.92,297.24,1.52,297.25,0.42
1753503787291,04:23:07.291,AAVE/USDT:USDT,297.24,0.42,297.23,5.95,297.25,1.94,297.26,2.09
1753503787392,04:23:07.392,AAVE/USDT:USDT,297.23,0.42,297.22,0.5,297.24,1.52,297.25,2.83
1753503787491,04:23:07.491,AAVE/USDT:USDT,297.23,0.94,297.21,5.66,297.24,1.52,297.25,2.41
1753503787591,04:23:07.591,AAVE/USDT:USDT,297.23,0.94,297.21,5.66,297.24,1.52,297.25,0.89
1753503787690,04:23:07.690,AAVE/USDT:USDT,297.23,0.94,297.21,5.66,297.24,1.52,297.25,0.89
1753503787791,04:23:07.791,AAVE/USDT:USDT,297.23,0.94,297.21,5.66,297.24,1.52,297.25,0.89
1753503787891,04:23:07.891,AAVE/USDT:USDT,297.23,0.94,297.21,5.66,297.24,1.52,297.25,0.89
1753503787991,04:23:07.991,AAVE/USDT:USDT,297.23,0.94,297.21,5.66,297.24,1.52,297.25,0.89
1753503788091,04:23:08.091,AAVE/USDT:USDT,297.23,0.94,297.21,5.66,297.24,1.52,297.25,0.89
1753503788191,04:23:08.191,AAVE/USDT:USDT,297.23,0.94,297.21,5.66,297.24,1.52,297.25,0.89
1753503788291,04:23:08.291,AAVE/USDT:USDT,297.23,0.94,297.21,5.66,297.24,1.52,297.25,0.89
1753503788391,04:23:08.391,AAVE/USDT:USDT,297.23,0.52,297.21,5.66,297.24,1.52,297.25,0.89
1753503788491,04:23:08.491,AAVE/USDT:USDT,297.23,0.52,297.21,5.66,297.24,2.72,297.25,4.97
1753503788591,04:23:08.591,AAVE/USDT:USDT,297.23,0.52,297.22,0.43,297.24,1.52,297.25,4.97
1753503788691,04:23:08.691,AAVE/USDT:USDT,297.23,0.52,297.22,0.43,297.24,1.52,297.25,4.97
1753503788792,04:23:08.792,AAVE/USDT:USDT,297.23,0.52,297.22,0.43,297.24,0.47,297.25,4.97
1753503788891,04:23:08.891,AAVE/USDT:USDT,297.23,0.52,297.22,0.43,297.24,0.47,297.25,4.97
1753503788991,04:23:08.991,AAVE/USDT:USDT,297.23,0.52,297.22,0.43,297.24,0.58,297.25,4.97
1753503789091,04:23:09.091,AAVE/USDT:USDT,297.23,0.52,297.22,0.43,297.24,0.58,297.25,4.97
1753503789191,04:23:09.191,AAVE/USDT:USDT,297.23,0.52,297.22,1.68,297.24,0.58,297.25,4.97
1753503789292,04:23:09.292,AAVE/USDT:USDT,297.23,1.55,297.22,2.15,297.24,0.11,297.26,6.21
1753503789391,04:23:09.391,AAVE/USDT:USDT,297.23,4.58,297.22,7.7,297.24,2.7,297.26,0.25
1753503789491,04:23:09.491,AAVE/USDT:USDT,297.23,4.58,297.22,7.7,297.24,2.7,297.26,0.29
1753503789591,04:23:09.591,AAVE/USDT:USDT,297.23,3.56,297.22,6.23,297.24,2.7,297.26,0.29
1753503789691,04:23:09.691,AAVE/USDT:USDT,297.23,2.53,297.22,4.08,297.24,2.7,297.26,0.29
1753503789794,04:23:09.794,AAVE/USDT:USDT,297.23,2.53,297.22,4.08,297.24,2.7,297.26,0.29
1753503789891,04:23:09.891,AAVE/USDT:USDT,297.23,2.72,297.22,4.08,297.24,2.7,297.26,0.29
1753503789991,04:23:09.991,AAVE/USDT:USDT,297.23,2.72,297.22,4.08,297.24,2.7,297.26,0.29
1753503790091,04:23:10.091,AAVE/USDT:USDT,297.23,2.05,297.22,4.08,297.24,2.7,297.26,0.29
1753503790191,04:23:10.191,AAVE/USDT:USDT,297.23,2.05,297.22,4.08,297.24,2.7,297.26,0.29
1753503790291,04:23:10.291,AAVE/USDT:USDT,297.23,2.05,297.22,4.08,297.24,2.7,297.26,0.29
1753503790391,04:23:10.391,AAVE/USDT:USDT,297.23,2.05,297.22,4.08,297.24,2.7,297.26,0.29
1753503790491,04:23:10.491,AAVE/USDT:USDT,297.23,3.99,297.22,5.33,297.24,2.7,297.26,0.29
1753503790591,04:23:10.591,AAVE/USDT:USDT,297.23,3.99,297.22,5.58,297.24,2.7,297.26,0.29
1753503790691,04:23:10.691,AAVE/USDT:USDT,297.23,3.99,297.22,6.83,297.24,2.7,297.26,0.29
1753503790791,04:23:10.791,AAVE/USDT:USDT,297.23,3.99,297.22,6.83,297.24,2.7,297.26,0.29
1753503790891,04:23:10.891,AAVE/USDT:USDT,297.26,3.0,297.25,4.37,297.28,2.77,297.29,15.58
1753503790991,04:23:10.991,AAVE/USDT:USDT,297.26,3.0,297.25,4.37,297.28,2.77,297.29,8.4
1753503791091,04:23:11.091,AAVE/USDT:USDT,297.26,3.0,297.25,4.37,297.28,2.77,297.29,8.4
1753503791191,04:23:11.191,AAVE/USDT:USDT,297.26,3.0,297.25,4.37,297.28,2.77,297.29,8.4
1753503791290,04:23:11.290,AAVE/USDT:USDT,297.26,3.0,297.25,4.37,297.28,2.77,297.29,8.4
1753503791390,04:23:11.390,AAVE/USDT:USDT,297.26,2.58,297.25,3.95,297.27,0.37,297.28,2.77
1753503791491,04:23:11.491,AAVE/USDT:USDT,297.26,3.09,297.25,3.95,297.27,1.42,297.28,2.77
1753503791590,04:23:11.590,AAVE/USDT:USDT,297.26,3.09,297.25,3.95,297.27,1.42,297.28,2.77
1753503791690,04:23:11.690,AAVE/USDT:USDT,297.26,3.09,297.25,3.95,297.27,1.42,297.28,2.77
1753503791793,04:23:11.793,AAVE/USDT:USDT,297.26,3.09,297.25,3.95,297.27,1.42,297.28,2.77
1753503791891,04:23:11.891,AAVE/USDT:USDT,297.26,3.09,297.25,3.95,297.27,1.42,297.28,2.77
1753503791991,04:23:11.991,AAVE/USDT:USDT,297.24,0.04,297.23,2.09,297.26,3.21,297.27,5.51
1753503792091,04:23:12.091,AAVE/USDT:USDT,297.23,2.69,297.22,4.1,297.24,0.42,297.25,1.84
1753503792191,04:23:12.191,AAVE/USDT:USDT,297.24,3.66,297.23,2.69,297.26,1.42,297.27,8.18
1753503792291,04:23:12.291,AAVE/USDT:USDT,297.24,3.66,297.23,2.69,297.26,1.42,297.27,8.18
1753503792391,04:23:12.391,AAVE/USDT:USDT,297.24,3.66,297.23,2.69,297.26,1.42,297.27,8.18
1753503792491,04:23:12.491,AAVE/USDT:USDT,297.24,3.66,297.23,2.69,297.26,1.42,297.27,8.18
1753503792591,04:23:12.591,AAVE/USDT:USDT,297.24,3.66,297.23,2.69,297.26,1.42,297.27,8.18
1753503792691,04:23:12.691,AAVE/USDT:USDT,297.24,3.66,297.23,2.69,297.26,1.42,297.27,8.18
1753503792790,04:23:12.790,AAVE/USDT:USDT,297.24,3.66,297.23,2.69,297.26,1.42,297.27,8.18
1753503792891,04:23:12.891,AAVE/USDT:USDT,297.24,3.66,297.23,2.69,297.26,1.42,297.27,8.18
1753503793191,04:23:13.191,AAVE/USDT:USDT,297.24,3.66,297.23,2.69,297.26,1.42,297.27,8.18
1753503793291,04:23:13.291,AAVE/USDT:USDT,297.24,3.66,297.23,2.69,297.26,1.42,297.27,8.18
1753503793391,04:23:13.391,AAVE/USDT:USDT,297.24,0.66,297.23,2.69,297.25,0.42,297.26,1.42
1753503793491,04:23:13.491,AAVE/USDT:USDT,297.25,0.42,297.24,1.79,297.26,1.42,297.27,1.8
1753503793591,04:23:13.591,AAVE/USDT:USDT,297.25,0.42,297.24,1.79,297.26,2.2,297.27,1.8
1753503793691,04:23:13.691,AAVE/USDT:USDT,297.25,0.42,297.24,1.79,297.26,2.2,297.27,1.8
1753503793791,04:23:13.791,AAVE/USDT:USDT,297.24,0.42,297.23,6.32,297.26,2.2,297.27,5.88
1753503793891,04:23:13.891,AAVE/USDT:USDT,297.23,2.69,297.22,4.1,297.25,1.02,297.26,2.2
1753503793991,04:23:13.991,AAVE/USDT:USDT,297.23,2.69,297.22,4.1,297.25,1.02,297.26,2.45
1753503794091,04:23:14.091,AAVE/USDT:USDT,297.23,0.67,297.22,0.02,297.24,1.84,297.25,6.62
1753503794191,04:23:14.191,AAVE/USDT:USDT,297.23,0.67,297.22,0.02,297.24,4.25,297.25,6.62
1753503794291,04:23:14.291,AAVE/USDT:USDT,297.23,0.67,297.22,0.02,297.24,4.25,297.25,6.62
1753503794391,04:23:14.391,AAVE/USDT:USDT,297.23,0.67,297.22,0.02,297.24,4.25,297.25,6.62
1753503794491,04:23:14.491,AAVE/USDT:USDT,297.23,0.67,297.22,0.02,297.24,4.25,297.25,6.62
1753503794591,04:23:14.591,AAVE/USDT:USDT,297.23,0.67,297.22,0.02,297.24,5.03,297.25,6.62
1753503794691,04:23:14.691,AAVE/USDT:USDT,297.23,0.67,297.22,0.02,297.24,5.03,297.25,6.62
1753503794791,04:23:14.791,AAVE/USDT:USDT,297.23,0.67,297.22,0.02,297.24,5.03,297.25,6.62
1753503794891,04:23:14.891,AAVE/USDT:USDT,297.23,0.67,297.22,0.02,297.24,5.03,297.25,6.62
1753503794992,04:23:14.992,AAVE/USDT:USDT,297.23,0.67,297.22,0.02,297.24,5.03,297.25,6.62
1753503795192,04:23:15.192,AAVE/USDT:USDT,297.23,0.67,297.22,0.02,297.24,5.03,297.25,6.62
1753503795292,04:23:15.292,AAVE/USDT:USDT,297.21,3.27,297.2,4.72,297.22,1.42,297.23,7.78
1753503795392,04:23:15.392,AAVE/USDT:USDT,297.21,3.27,297.2,4.72,297.22,1.42,297.23,4.42
1753503795491,04:23:15.491,AAVE/USDT:USDT,297.21,0.42,297.2,4.02,297.22,1.42,297.23,4.42
1753503795591,04:23:15.591,AAVE/USDT:USDT,297.21,0.42,297.2,4.02,297.22,2.42,297.23,4.42
1753503795691,04:23:15.691,AAVE/USDT:USDT,297.21,0.42,297.2,1.65,297.22,2.42,297.23,4.42
1753503795792,04:23:15.792,AAVE/USDT:USDT,297.21,0.42,297.2,1.65,297.22,2.42,297.23,4.42
1753503795892,04:23:15.892,AAVE/USDT:USDT,297.21,12.61,297.2,1.65,297.22,2.42,297.23,1.84
1753503795992,04:23:15.992,AAVE/USDT:USDT,297.21,12.61,297.2,5.56,297.22,2.42,297.23,1.84
1753503796091,04:23:16.091,AAVE/USDT:USDT,297.21,12.61,297.2,5.56,297.22,2.42,297.23,1.84
1753503796191,04:23:16.191,AAVE/USDT:USDT,297.21,12.61,297.2,5.56,297.22,2.42,297.23,1.84
1753503796291,04:23:16.291,AAVE/USDT:USDT,297.21,13.95,297.2,5.05,297.22,2.42,297.23,1.84
1753503796392,04:23:16.392,AAVE/USDT:USDT,297.25,0.42,297.24,8.73,297.26,1.42,297.27,247.23
1753503796491,04:23:16.491,AAVE/USDT:USDT,297.25,0.42,297.24,6.78,297.26,1.42,297.27,247.2
1753503796595,04:23:16.595,AAVE/USDT:USDT,297.25,0.42,297.24,5.41,297.26,1.42,297.27,247.2
1753503796691,04:23:16.691,AAVE/USDT:USDT,297.25,12.61,297.24,3.0,297.26,1.42,297.27,247.2
1753503796791,04:23:16.791,AAVE/USDT:USDT,297.25,12.61,297.24,3.0,297.26,1.42,297.27,247.2
1753503796891,04:23:16.891,AAVE/USDT:USDT,297.25,12.61,297.24,3.0,297.26,1.42,297.27,247.2
1753503796991,04:23:16.991,AAVE/USDT:USDT,297.25,12.61,297.24,3.0,297.26,1.42,297.27,247.2
1753503797091,04:23:17.091,AAVE/USDT:USDT,297.25,12.61,297.24,3.0,297.26,1.42,297.27,247.2
1753503797191,04:23:17.191,AAVE/USDT:USDT,297.25,12.61,297.24,3.0,297.26,1.42,297.27,247.2
1753503797291,04:23:17.291,AAVE/USDT:USDT,297.25,12.61,297.24,6.82,297.26,1.42,297.27,247.2
1753503797392,04:23:17.392,AAVE/USDT:USDT,297.25,12.61,297.24,6.82,297.26,1.42,297.27,247.2
1753503797491,04:23:17.491,AAVE/USDT:USDT,297.25,12.61,297.24,6.82,297.26,1.42,297.27,247.2
1753503797591,04:23:17.591,AAVE/USDT:USDT,297.25,12.61,297.24,5.15,297.26,1.42,297.27,247.2
1753503797691,04:23:17.691,AAVE/USDT:USDT,297.25,12.61,297.24,5.15,297.26,1.42,297.27,247.2
1753503797793,04:23:17.793,AAVE/USDT:USDT,297.25,12.61,297.24,6.82,297.26,1.42,297.27,247.2
1753503797991,04:23:17.991,AAVE/USDT:USDT,297.26,2.74,297.25,12.61,297.27,247.2,297.28,6.09
1753503798091,04:23:18.091,AAVE/USDT:USDT,297.26,2.74,297.25,12.61,297.27,247.2,297.28,6.09
1753503798191,04:23:18.191,AAVE/USDT:USDT,297.26,14.93,297.25,0.42,297.27,247.2,297.28,6.09
1753503798291,04:23:18.291,AAVE/USDT:USDT,297.26,14.93,297.25,0.42,297.27,247.2,297.28,6.09
1753503798391,04:23:18.391,AAVE/USDT:USDT,297.26,14.93,297.25,0.42,297.27,247.2,297.28,6.09
1753503798491,04:23:18.491,AAVE/USDT:USDT,297.26,14.93,297.25,0.42,297.27,247.2,297.28,6.09
1753503798591,04:23:18.591,AAVE/USDT:USDT,297.26,14.93,297.25,0.42,297.27,247.2,297.28,6.09
1753503798691,04:23:18.691,AAVE/USDT:USDT,297.26,14.93,297.25,0.42,297.27,247.2,297.28,6.09
1753503798791,04:23:18.791,AAVE/USDT:USDT,297.26,23.93,297.25,3.76,297.27,245.78,297.28,0.59
1753503798891,04:23:18.891,AAVE/USDT:USDT,297.26,21.49,297.25,3.76,297.27,245.78,297.28,0.59
1753503798991,04:23:18.991,AAVE/USDT:USDT,297.26,19.57,297.25,0.42,297.27,245.78,297.28,0.59
1753503799091,04:23:19.091,AAVE/USDT:USDT,297.26,19.57,297.25,0.42,297.27,245.78,297.28,0.59
1753503799191,04:23:19.191,AAVE/USDT:USDT,297.26,19.57,297.25,0.42,297.27,245.78,297.28,0.59
1753503799292,04:23:19.292,AAVE/USDT:USDT,297.26,19.57,297.25,0.42,297.27,245.78,297.28,0.59
1753503799392,04:23:19.392,AAVE/USDT:USDT,297.26,19.57,297.25,0.42,297.27,245.78,297.28,0.59
1753503799492,04:23:19.492,AAVE/USDT:USDT,297.26,19.57,297.25,0.42,297.27,245.78,297.28,0.59
1753503799591,04:23:19.591,AAVE/USDT:USDT,297.26,19.57,297.25,0.42,297.27,245.78,297.28,0.59
1753503799691,04:23:19.691,AAVE/USDT:USDT,297.26,21.82,297.25,0.42,297.27,245.78,297.28,0.59
1753503799794,04:23:19.794,AAVE/USDT:USDT,297.26,21.82,297.25,0.42,297.27,245.78,297.28,0.59
1753503799891,04:23:19.891,AAVE/USDT:USDT,297.26,21.82,297.25,0.42,297.27,245.78,297.28,0.59
1753503799991,04:23:19.991,AAVE/USDT:USDT,297.26,21.82,297.25,0.42,297.27,245.78,297.28,0.59
1753503800091,04:23:20.091,AAVE/USDT:USDT,297.26,21.82,297.25,0.42,297.27,245.78,297.28,0.59
1753503800191,04:23:20.191,AAVE/USDT:USDT,297.26,21.82,297.24,4.77,297.27,245.78,297.28,0.66
1753503800291,04:23:20.291,AAVE/USDT:USDT,297.26,21.82,297.24,2.19,297.27,245.78,297.28,0.66
1753503800390,04:23:20.390,AAVE/USDT:USDT,297.26,21.82,297.24,2.19,297.27,245.78,297.28,0.66
1753503800491,04:23:20.491,AAVE/USDT:USDT,297.26,21.82,297.24,2.19,297.27,245.78,297.28,0.59
1753503800592,04:23:20.592,AAVE/USDT:USDT,297.26,21.82,297.24,2.19,297.27,245.78,297.28,0.59
1753503800691,04:23:20.691,AAVE/USDT:USDT,297.26,21.82,297.24,2.19,297.27,245.78,297.28,0.59
1753503800791,04:23:20.791,AAVE/USDT:USDT,297.26,21.82,297.24,2.19,297.27,245.78,297.28,0.59
1753503800891,04:23:20.891,AAVE/USDT:USDT,297.26,21.82,297.24,3.86,297.27,243.76,297.28,0.59
1753503800991,04:23:20.991,AAVE/USDT:USDT,297.26,21.82,297.24,3.86,297.27,243.76,297.28,0.59
1753503801091,04:23:21.091,AAVE/USDT:USDT,297.26,21.82,297.24,2.19,297.27,243.76,297.28,0.59
1753503801191,04:23:21.191,AAVE/USDT:USDT,297.26,21.82,297.24,2.19,297.27,243.76,297.28,2.11
1753503801291,04:23:21.291,AAVE/USDT:USDT,297.26,21.82,297.24,2.19,297.27,243.76,297.28,0.59
1753503801391,04:23:21.391,AAVE/USDT:USDT,297.26,21.82,297.24,2.19,297.27,243.76,297.28,0.59
1753503801491,04:23:21.491,AAVE/USDT:USDT,297.26,21.82,297.24,2.19,297.27,243.76,297.28,0.59
1753503801590,04:23:21.590,AAVE/USDT:USDT,297.26,21.82,297.24,2.19,297.27,243.76,297.28,0.59
1753503801691,04:23:21.691,AAVE/USDT:USDT,297.26,21.82,297.24,2.19,297.27,243.76,297.28,0.59
1753503801793,04:23:21.793,AAVE/USDT:USDT,297.26,21.82,297.24,2.19,297.27,243.76,297.28,0.59
1753503801891,04:23:21.891,AAVE/USDT:USDT,297.26,21.82,297.25,1.67,297.27,243.76,297.28,0.59
1753503801991,04:23:21.991,AAVE/USDT:USDT,297.26,21.82,297.25,1.67,297.27,243.76,297.28,0.59
1753503802091,04:23:22.091,AAVE/USDT:USDT,297.26,25.97,297.25,1.67,297.27,243.76,297.28,0.59
1753503802191,04:23:22.191,AAVE/USDT:USDT,297.26,13.78,297.24,2.19,297.27,243.76,297.28,0.59
1753503802292,04:23:22.292,AAVE/USDT:USDT,297.26,25.95,297.24,2.19,297.27,243.76,297.28,0.59
1753503802390,04:23:22.390,AAVE/USDT:USDT,297.26,25.95,297.24,2.19,297.27,243.76,297.28,0.59
1753503802491,04:23:22.491,AAVE/USDT:USDT,297.26,25.95,297.24,2.19,297.27,243.76,297.28,0.59
1753503802591,04:23:22.591,AAVE/USDT:USDT,297.26,25.95,297.24,2.19,297.27,243.76,297.28,0.59
1753503802691,04:23:22.691,AAVE/USDT:USDT,297.26,25.95,297.24,2.19,297.27,243.76,297.28,0.59
1753503802890,04:23:22.890,AAVE/USDT:USDT,297.26,25.95,297.24,3.86,297.27,249.66,297.28,0.59
1753503802991,04:23:22.991,AAVE/USDT:USDT,297.26,25.95,297.24,2.19,297.27,249.66,297.28,0.59
1753503803090,04:23:23.090,AAVE/USDT:USDT,297.26,25.95,297.24,2.19,297.27,249.66,297.28,0.59
1753503803191,04:23:23.191,AAVE/USDT:USDT,297.26,25.95,297.24,2.19,297.27,249.66,297.28,0.59
1753503803292,04:23:23.292,AAVE/USDT:USDT,297.26,25.95,297.24,2.19,297.27,249.66,297.28,0.59
1753503803492,04:23:23.492,AAVE/USDT:USDT,297.26,25.95,297.24,2.19,297.27,249.66,297.28,0.59
1753503803591,04:23:23.591,AAVE/USDT:USDT,297.26,25.95,297.24,3.86,297.27,249.66,297.28,0.59
1753503803692,04:23:23.692,AAVE/USDT:USDT,297.26,25.95,297.24,5.53,297.27,249.66,297.28,0.59
1753503803793,04:23:23.793,AAVE/USDT:USDT,297.26,25.95,297.24,3.86,297.27,249.66,297.28,0.59
1753503803891,04:23:23.891,AAVE/USDT:USDT,297.26,25.95,297.24,3.86,297.27,249.66,297.28,0.59
1753503803991,04:23:23.991,AAVE/USDT:USDT,297.26,25.95,297.24,3.86,297.27,249.66,297.28,0.59
1753503804091,04:23:24.091,AAVE/USDT:USDT,297.26,25.95,297.24,3.86,297.27,249.66,297.28,0.59
1753503804191,04:23:24.191,AAVE/USDT:USDT,297.26,25.95,297.24,0.04,297.27,249.66,297.28,2.11
1753503804292,04:23:24.292,AAVE/USDT:USDT,297.26,21.8,297.24,0.04,297.27,249.66,297.28,2.11
1753503804390,04:23:24.390,AAVE/USDT:USDT,297.26,21.8,297.24,0.04,297.27,250.4,297.28,2.11
1753503804491,04:23:24.491,AAVE/USDT:USDT,297.26,21.8,297.24,0.04,297.27,250.4,297.28,2.11
1753503804591,04:23:24.591,AAVE/USDT:USDT,297.26,21.8,297.24,0.04,297.27,249.66,297.28,2.11
1753503804691,04:23:24.691,AAVE/USDT:USDT,297.26,21.8,297.24,0.04,297.27,249.66,297.28,2.11
1753503804792,04:23:24.792,AAVE/USDT:USDT,297.26,21.8,297.24,0.04,297.27,249.66,297.28,2.11
1753503804891,04:23:24.891,AAVE/USDT:USDT,297.26,21.8,297.24,0.04,297.27,249.66,297.28,2.11
1753503804991,04:23:24.991,AAVE/USDT:USDT,297.26,21.8,297.24,0.04,297.27,249.66,297.28,2.11
1753503805091,04:23:25.091,AAVE/USDT:USDT,297.26,21.8,297.24,0.04,297.27,249.66,297.28,0.59
1753503805191,04:23:25.191,AAVE/USDT:USDT,297.26,21.8,297.24,0.04,297.27,249.66,297.28,2.11
1753503805291,04:23:25.291,AAVE/USDT:USDT,297.26,21.8,297.24,0.04,297.27,249.66,297.28,0.59
1753503805391,04:23:25.391,AAVE/USDT:USDT,297.26,21.8,297.24,0.04,297.27,249.66,297.28,2.11
1753503805491,04:23:25.491,AAVE/USDT:USDT,297.26,21.8,297.24,0.04,297.27,249.66,297.28,2.11
1753503805591,04:23:25.591,AAVE/USDT:USDT,297.26,21.8,297.24,0.04,297.27,249.66,297.28,0.59
1753503805691,04:23:25.691,AAVE/USDT:USDT,297.26,21.8,297.24,0.04,297.27,249.66,297.28,0.59
1753503805793,04:23:25.793,AAVE/USDT:USDT,297.26,21.8,297.24,0.04,297.27,249.66,297.28,0.59
1753503805891,04:23:25.891,AAVE/USDT:USDT,297.26,21.8,297.24,0.04,297.27,249.66,297.28,0.59
1753503805991,04:23:25.991,AAVE/USDT:USDT,297.26,21.8,297.24,0.04,297.27,249.66,297.28,0.59
1753503806091,04:23:26.091,AAVE/USDT:USDT,297.26,21.8,297.24,0.04,297.27,249.66,297.28,0.59
1753503806191,04:23:26.191,AAVE/USDT:USDT,297.26,21.8,297.24,0.04,297.27,250.4,297.28,2.18
1753503806291,04:23:26.291,AAVE/USDT:USDT,297.26,21.8,297.24,0.04,297.27,244.5,297.28,2.18
1753503806391,04:23:26.391,AAVE/USDT:USDT,297.26,21.8,297.24,0.04,297.27,243.76,297.28,2.18
1753503806491,04:23:26.491,AAVE/USDT:USDT,297.26,21.8,297.24,0.04,297.27,249.61,297.28,2.18
1753503806591,04:23:26.591,AAVE/USDT:USDT,297.26,21.8,297.24,0.04,297.27,250.35,297.28,2.18
1753503806691,04:23:26.691,AAVE/USDT:USDT,297.26,21.8,297.24,0.04,297.27,249.61,297.28,2.18
1753503806791,04:23:26.791,AAVE/USDT:USDT,297.26,24.05,297.24,0.04,297.27,250.35,297.28,2.18
1753503806891,04:23:26.891,AAVE/USDT:USDT,297.26,24.05,297.24,0.04,297.27,249.61,297.28,2.18
1753503806991,04:23:26.991,AAVE/USDT:USDT,297.26,24.05,297.24,0.04,297.27,249.61,297.28,2.18
1753503807091,04:23:27.091,AAVE/USDT:USDT,297.26,24.05,297.24,0.04,297.27,249.61,297.28,0.59
1753503807191,04:23:27.191,AAVE/USDT:USDT,297.26,24.05,297.24,0.04,297.27,249.24,297.28,0.59
1753503807291,04:23:27.291,AAVE/USDT:USDT,297.26,24.05,297.24,0.04,297.27,249.24,297.28,0.59
1753503807391,04:23:27.391,AAVE/USDT:USDT,297.26,24.05,297.24,0.04,297.27,249.24,297.28,2.18
1753503807491,04:23:27.491,AAVE/USDT:USDT,297.26,24.05,297.24,0.04,297.27,249.98,297.28,2.18
1753503807591,04:23:27.591,AAVE/USDT:USDT,297.26,24.05,297.24,0.04,297.27,249.98,297.28,2.18
1753503807691,04:23:27.691,AAVE/USDT:USDT,297.26,24.05,297.24,0.04,297.27,249.24,297.28,0.59
1753503807793,04:23:27.793,AAVE/USDT:USDT,297.26,24.05,297.24,0.04,297.27,249.24,297.28,0.59
1753503807891,04:23:27.891,AAVE/USDT:USDT,297.26,24.05,297.24,0.04,297.27,249.24,297.28,0.66
1753503807991,04:23:27.991,AAVE/USDT:USDT,297.26,24.05,297.24,0.04,297.27,249.24,297.28,0.66
1753503808091,04:23:28.091,AAVE/USDT:USDT,297.26,24.05,297.24,0.04,297.27,249.24,297.28,0.66
1753503808191,04:23:28.191,AAVE/USDT:USDT,297.26,24.05,297.24,0.04,297.27,249.24,297.28,2.18
1753503808291,04:23:28.291,AAVE/USDT:USDT,297.26,24.05,297.24,0.04,297.27,249.24,297.28,2.18
1753503808391,04:23:28.391,AAVE/USDT:USDT,297.26,24.05,297.24,0.04,297.27,249.24,297.28,2.18
1753503808591,04:23:28.591,AAVE/USDT:USDT,297.26,24.05,297.24,0.04,297.27,249.98,297.28,2.18
1753503808692,04:23:28.692,AAVE/USDT:USDT,297.26,24.05,297.24,0.04,297.27,249.98,297.28,2.18
1753503808791,04:23:28.791,AAVE/USDT:USDT,297.26,24.05,297.24,0.04,297.27,249.98,297.28,2.18
1753503808891,04:23:28.891,AAVE/USDT:USDT,297.26,24.05,297.24,0.04,297.27,249.98,297.28,2.18
1753503808991,04:23:28.991,AAVE/USDT:USDT,297.26,24.05,297.24,0.04,297.27,249.24,297.28,2.18
1753503809091,04:23:29.091,AAVE/USDT:USDT,297.26,24.05,297.24,0.04,297.27,249.24,297.28,2.18
1753503809191,04:23:29.191,AAVE/USDT:USDT,297.26,24.05,297.24,0.04,297.27,249.24,297.28,2.18
1753503809291,04:23:29.291,AAVE/USDT:USDT,297.26,24.05,297.24,0.04,297.27,249.24,297.28,2.18
1753503809391,04:23:29.391,AAVE/USDT:USDT,297.26,24.05,297.24,0.04,297.27,249.24,297.28,2.18
1753503809591,04:23:29.591,AAVE/USDT:USDT,297.26,24.05,297.24,0.04,297.27,249.24,297.28,0.66
1753503809794,04:23:29.794,AAVE/USDT:USDT,297.26,24.05,297.24,0.04,297.27,249.24,297.28,0.66
1753503809891,04:23:29.891,AAVE/USDT:USDT,297.26,24.05,297.24,0.04,297.27,249.24,297.28,0.66
1753503809991,04:23:29.991,AAVE/USDT:USDT,297.26,24.05,297.24,0.04,297.27,249.24,297.28,0.59
1753503810094,04:23:30.094,AAVE/USDT:USDT,297.24,3.12,297.22,0.04,297.25,10.01,297.26,13.1
1753503810191,04:23:30.191,AAVE/USDT:USDT,297.24,4.78,297.22,0.04,297.25,14.75,297.26,12.84
1753503810291,04:23:30.291,AAVE/USDT:USDT,297.24,4.78,297.22,0.04,297.25,14.75,297.26,12.84
1753503810391,04:23:30.391,AAVE/USDT:USDT,297.24,2.45,297.22,0.04,297.25,14.75,297.26,11.32
1753503810491,04:23:30.491,AAVE/USDT:USDT,297.24,2.45,297.22,0.04,297.25,14.75,297.26,11.32
1753503810591,04:23:30.591,AAVE/USDT:USDT,297.24,2.45,297.22,0.04,297.25,14.75,297.26,11.32
1753503810691,04:23:30.691,AAVE/USDT:USDT,297.24,2.45,297.22,0.04,297.25,14.75,297.26,11.32
1753503810791,04:23:30.791,AAVE/USDT:USDT,297.24,2.45,297.22,0.04,297.25,13.25,297.26,11.32
1753503810891,04:23:30.891,AAVE/USDT:USDT,297.24,2.45,297.22,0.04,297.25,13.25,297.26,11.32
1753503810991,04:23:30.991,AAVE/USDT:USDT,297.24,2.45,297.22,0.04,297.25,13.25,297.26,11.32
1753503811091,04:23:31.091,AAVE/USDT:USDT,297.24,2.45,297.22,0.04,297.25,13.25,297.26,11.32
1753503811191,04:23:31.191,AAVE/USDT:USDT,297.24,2.45,297.22,0.04,297.25,13.18,297.26,10.25
1753503811291,04:23:31.291,AAVE/USDT:USDT,297.24,2.45,297.22,0.04,297.25,13.18,297.26,10.25
1753503811391,04:23:31.391,AAVE/USDT:USDT,297.24,2.45,297.22,0.04,297.25,13.18,297.26,10.25
1753503811491,04:23:31.491,AAVE/USDT:USDT,297.24,2.45,297.22,0.04,297.25,13.18,297.26,10.25
1753503811591,04:23:31.591,AAVE/USDT:USDT,297.24,2.45,297.22,0.04,297.25,12.54,297.26,10.25
1753503811691,04:23:31.691,AAVE/USDT:USDT,297.24,2.45,297.22,0.04,297.25,12.54,297.26,10.25
1753503811794,04:23:31.794,AAVE/USDT:USDT,297.24,2.45,297.22,0.04,297.25,12.54,297.26,10.25
1753503811891,04:23:31.891,AAVE/USDT:USDT,297.24,2.45,297.22,0.04,297.25,12.54,297.26,10.25
1753503812191,04:23:32.191,AAVE/USDT:USDT,297.24,2.87,297.23,1.65,297.25,8.35,297.26,8.24
1753503812291,04:23:32.291,AAVE/USDT:USDT,297.24,2.87,297.23,1.65,297.25,8.35,297.26,8.24
1753503812491,04:23:32.491,AAVE/USDT:USDT,297.24,2.87,297.22,0.24,297.25,8.35,297.26,8.24
1753503812592,04:23:32.592,AAVE/USDT:USDT,297.24,2.87,297.22,0.24,297.25,8.35,297.26,8.24
1753503812691,04:23:32.691,AAVE/USDT:USDT,297.24,2.87,297.22,0.24,297.25,8.35,297.26,8.24
1753503812791,04:23:32.791,AAVE/USDT:USDT,297.24,2.87,297.22,0.24,297.25,8.35,297.26,8.31
1753503812891,04:23:32.891,AAVE/USDT:USDT,297.24,2.87,297.22,0.24,297.25,8.35,297.26,8.31
1753503812991,04:23:32.991,AAVE/USDT:USDT,297.24,2.45,297.22,0.24,297.25,8.77,297.26,8.31
1753503813091,04:23:33.091,AAVE/USDT:USDT,297.24,2.45,297.22,0.24,297.25,8.77,297.26,8.31
1753503813191,04:23:33.191,AAVE/USDT:USDT,297.24,2.45,297.22,0.24,297.25,8.77,297.26,8.31
1753503813292,04:23:33.292,AAVE/USDT:USDT,297.22,3.11,297.21,2.43,297.23,5.08,297.24,6.73
1753503813391,04:23:33.391,AAVE/USDT:USDT,297.22,3.11,297.21,2.43,297.23,5.08,297.24,6.73
1753503813491,04:23:33.491,AAVE/USDT:USDT,297.22,3.11,297.21,2.43,297.23,5.08,297.24,6.73
1753503813591,04:23:33.591,AAVE/USDT:USDT,297.22,3.52,297.21,2.43,297.23,4.41,297.24,6.73
1753503813692,04:23:33.692,AAVE/USDT:USDT,297.22,3.52,297.21,2.43,297.23,4.41,297.24,6.73
1753503813793,04:23:33.793,AAVE/USDT:USDT,297.22,3.52,297.21,2.43,297.23,4.41,297.24,6.73
1753503813891,04:23:33.891,AAVE/USDT:USDT,297.22,3.52,297.21,2.43,297.23,4.41,297.24,6.73
1753503813991,04:23:33.991,AAVE/USDT:USDT,297.22,3.52,297.21,2.43,297.23,9.89,297.24,6.73
1753503814091,04:23:34.091,AAVE/USDT:USDT,297.22,3.52,297.21,2.43,297.23,9.89,297.24,6.73
1753503814191,04:23:34.191,AAVE/USDT:USDT,297.22,3.52,297.21,2.43,297.23,9.89,297.24,6.73
1753503814292,04:23:34.292,AAVE/USDT:USDT,297.22,3.52,297.21,2.43,297.23,9.89,297.24,6.73
1753503814391,04:23:34.391,AAVE/USDT:USDT,297.22,3.52,297.21,2.43,297.23,9.89,297.24,6.73
1753503814491,04:23:34.491,AAVE/USDT:USDT,297.22,3.52,297.21,2.43,297.23,9.89,297.24,6.73
1753503814591,04:23:34.591,AAVE/USDT:USDT,297.22,3.88,297.21,2.43,297.23,9.89,297.24,6.31
1753503814691,04:23:34.691,AAVE/USDT:USDT,297.22,3.88,297.21,2.43,297.23,9.89,297.24,6.31
1753503814792,04:23:34.792,AAVE/USDT:USDT,297.22,4.0,297.21,2.43,297.23,9.89,297.24,6.31
1753503814891,04:23:34.891,AAVE/USDT:USDT,297.22,4.0,297.21,2.43,297.23,9.89,297.24,6.31
1753503814991,04:23:34.991,AAVE/USDT:USDT,297.22,4.0,297.21,2.43,297.23,10.27,297.24,6.31
1753503815091,04:23:35.091,AAVE/USDT:USDT,297.22,4.0,297.21,2.43,297.23,10.27,297.24,6.31
1753503815191,04:23:35.191,AAVE/USDT:USDT,297.22,4.0,297.21,2.43,297.23,10.27,297.24,6.31
1753503815292,04:23:35.292,AAVE/USDT:USDT,297.22,4.0,297.21,2.43,297.23,10.27,297.24,6.31
1753503815391,04:23:35.391,AAVE/USDT:USDT,297.22,4.0,297.21,2.43,297.23,10.27,297.24,6.31
1753503815491,04:23:35.491,AAVE/USDT:USDT,297.22,4.0,297.21,4.08,297.23,5.86,297.24,1.83
1753503815591,04:23:35.591,AAVE/USDT:USDT,297.22,4.0,297.21,4.08,297.23,5.86,297.24,1.83
1753503815691,04:23:35.691,AAVE/USDT:USDT,297.22,4.0,297.21,2.43,297.23,5.86,297.24,1.83
1753503815794,04:23:35.794,AAVE/USDT:USDT,297.22,4.0,297.21,2.43,297.23,5.86,297.24,1.83
1753503815991,04:23:35.991,AAVE/USDT:USDT,297.22,4.0,297.21,2.43,297.23,5.86,297.24,1.83
1753503816091,04:23:36.091,AAVE/USDT:USDT,297.22,4.0,297.21,2.43,297.23,5.86,297.24,1.83
1753503816191,04:23:36.191,AAVE/USDT:USDT,297.22,4.0,297.21,2.43,297.23,5.86,297.24,1.83
1753503816291,04:23:36.291,AAVE/USDT:USDT,297.22,4.0,297.21,2.43,297.23,5.86,297.24,1.83
1753503816391,04:23:36.391,AAVE/USDT:USDT,297.22,4.0,297.21,2.43,297.23,5.86,297.24,1.83
1753503816591,04:23:36.591,AAVE/USDT:USDT,297.22,4.0,297.21,2.43,297.23,5.86,297.24,1.83
1753503816691,04:23:36.691,AAVE/USDT:USDT,297.22,4.0,297.21,2.43,297.23,5.86,297.24,1.83
1753503816792,04:23:36.792,AAVE/USDT:USDT,297.22,4.0,297.21,2.43,297.23,5.86,297.24,1.83
1753503816890,04:23:36.890,AAVE/USDT:USDT,297.22,3.59,297.21,2.43,297.23,5.86,297.24,1.83
1753503816991,04:23:36.991,AAVE/USDT:USDT,297.22,3.59,297.21,2.43,297.23,5.86,297.24,1.83
1753503817091,04:23:37.091,AAVE/USDT:USDT,297.22,3.59,297.21,2.43,297.23,5.86,297.24,1.83
1753503817192,04:23:37.192,AAVE/USDT:USDT,297.22,3.59,297.21,2.43,297.23,5.86,297.24,1.83
1753503817291,04:23:37.291,AAVE/USDT:USDT,297.22,3.59,297.21,2.43,297.23,5.86,297.24,1.83
1753503817391,04:23:37.391,AAVE/USDT:USDT,297.22,3.59,297.21,2.43,297.23,5.86,297.24,1.91
1753503817492,04:23:37.492,AAVE/USDT:USDT,297.22,3.92,297.21,4.08,297.23,5.86,297.24,1.91
1753503817591,04:23:37.591,AAVE/USDT:USDT,297.22,4.34,297.21,4.08,297.23,5.86,297.24,1.91
1753503817691,04:23:37.691,AAVE/USDT:USDT,297.22,4.34,297.21,4.08,297.23,5.86,297.24,1.91
1753503817792,04:23:37.792,AAVE/USDT:USDT,297.22,4.34,297.21,4.08,297.23,5.86,297.24,1.91
1753503817891,04:23:37.891,AAVE/USDT:USDT,297.22,4.34,297.21,4.08,297.23,5.86,297.24,1.91
1753503817991,04:23:37.991,AAVE/USDT:USDT,297.22,4.34,297.21,2.43,297.23,5.86,297.24,1.91
1753503818091,04:23:38.091,AAVE/USDT:USDT,297.22,3.92,297.21,2.43,297.23,5.86,297.24,1.91
1753503818191,04:23:38.191,AAVE/USDT:USDT,297.22,3.92,297.21,2.43,297.23,5.86,297.24,1.91
1753503818291,04:23:38.291,AAVE/USDT:USDT,297.22,3.92,297.21,2.43,297.23,5.86,297.24,1.91
1753503818391,04:23:38.391,AAVE/USDT:USDT,297.22,3.47,297.21,2.43,297.23,5.86,297.24,1.91
1753503818491,04:23:38.491,AAVE/USDT:USDT,297.22,3.47,297.21,2.43,297.23,5.86,297.24,1.91
1753503818591,04:23:38.591,AAVE/USDT:USDT,297.22,3.5,297.21,2.43,297.23,5.86,297.24,1.91
1753503818792,04:23:38.792,AAVE/USDT:USDT,297.22,3.5,297.21,2.43,297.23,5.86,297.24,1.91
1753503818891,04:23:38.891,AAVE/USDT:USDT,297.22,3.5,297.21,2.43,297.23,5.86,297.24,1.91
1753503818991,04:23:38.991,AAVE/USDT:USDT,297.22,3.5,297.21,2.43,297.23,5.86,297.24,1.91
1753503819091,04:23:39.091,AAVE/USDT:USDT,297.22,3.5,297.21,2.43,297.23,5.86,297.24,1.91
1753503819190,04:23:39.190,AAVE/USDT:USDT,297.22,3.5,297.21,2.43,297.23,5.86,297.24,1.91
1753503819291,04:23:39.291,AAVE/USDT:USDT,297.22,3.5,297.21,2.43,297.23,5.86,297.24,1.91
1753503819391,04:23:39.391,AAVE/USDT:USDT,297.22,3.5,297.21,2.43,297.23,5.86,297.24,1.91
1753503819491,04:23:39.491,AAVE/USDT:USDT,297.22,3.5,297.21,2.43,297.23,5.86,297.24,1.91
1753503819591,04:23:39.591,AAVE/USDT:USDT,297.22,3.5,297.21,2.43,297.23,5.86,297.24,1.91
1753503819691,04:23:39.691,AAVE/USDT:USDT,297.22,3.5,297.21,2.43,297.23,5.86,297.24,1.91
1753503819794,04:23:39.794,AAVE/USDT:USDT,297.22,3.5,297.21,2.43,297.23,5.86,297.24,1.91
1753503819891,04:23:39.891,AAVE/USDT:USDT,297.22,3.5,297.21,2.43,297.23,5.86,297.24,1.91
1753503819991,04:23:39.991,AAVE/USDT:USDT,297.22,3.5,297.21,2.43,297.23,5.86,297.24,1.91
1753503820091,04:23:40.091,AAVE/USDT:USDT,297.22,3.5,297.21,2.43,297.23,5.86,297.24,1.91
1753503820191,04:23:40.191,AAVE/USDT:USDT,297.22,3.5,297.21,2.43,297.23,5.86,297.24,1.91
1753503820291,04:23:40.291,AAVE/USDT:USDT,297.22,5.0,297.21,4.08,297.23,5.86,297.24,1.91
1753503820391,04:23:40.391,AAVE/USDT:USDT,297.22,6.9,297.21,8.29,297.23,5.86,297.24,1.91
1753503820491,04:23:40.491,AAVE/USDT:USDT,297.22,4.48,297.21,8.29,297.23,5.86,297.24,1.91
1753503820591,04:23:40.591,AAVE/USDT:USDT,297.22,4.48,297.21,8.29,297.23,5.86,297.24,1.91
1753503820691,04:23:40.691,AAVE/USDT:USDT,297.22,4.48,297.21,2.43,297.23,5.86,297.24,1.91
1753503820791,04:23:40.791,AAVE/USDT:USDT,297.22,4.48,297.21,2.43,297.23,5.86,297.24,1.91
1753503820891,04:23:40.891,AAVE/USDT:USDT,297.22,3.92,297.21,2.43,297.23,5.86,297.24,1.91
1753503820991,04:23:40.991,AAVE/USDT:USDT,297.22,3.92,297.21,2.43,297.23,5.86,297.24,1.91
1753503821091,04:23:41.091,AAVE/USDT:USDT,297.22,3.92,297.21,2.43,297.23,5.86,297.24,1.91
1753503821191,04:23:41.191,AAVE/USDT:USDT,297.22,3.92,297.21,0.42,297.23,5.86,297.24,1.91
1753503821292,04:23:41.292,AAVE/USDT:USDT,297.22,3.92,297.21,0.42,297.23,5.86,297.24,1.91
1753503821391,04:23:41.391,AAVE/USDT:USDT,297.22,3.92,297.21,0.42,297.23,5.86,297.24,1.91
1753503821491,04:23:41.491,AAVE/USDT:USDT,297.22,3.92,297.21,0.42,297.23,5.86,297.24,1.91
1753503821591,04:23:41.591,AAVE/USDT:USDT,297.22,3.92,297.21,0.42,297.23,5.86,297.24,1.91
1753503821691,04:23:41.691,AAVE/USDT:USDT,297.22,3.92,297.21,0.42,297.23,5.86,297.24,1.91
1753503821793,04:23:41.793,AAVE/USDT:USDT,297.22,3.92,297.21,0.42,297.23,5.86,297.24,1.91
1753503821892,04:23:41.892,AAVE/USDT:USDT,297.22,3.92,297.21,0.42,297.23,5.86,297.24,1.91
1753503821991,04:23:41.991,AAVE/USDT:USDT,297.22,3.92,297.21,0.42,297.23,5.86,297.24,1.91
1753503822091,04:23:42.091,AAVE/USDT:USDT,297.22,3.5,297.21,0.42,297.23,5.86,297.24,1.91
1753503822191,04:23:42.191,AAVE/USDT:USDT,297.22,3.5,297.21,0.42,297.23,5.86,297.24,1.91
1753503822292,04:23:42.292,AAVE/USDT:USDT,297.22,3.5,297.21,0.42,297.23,5.86,297.24,1.91
1753503822491,04:23:42.491,AAVE/USDT:USDT,297.22,5.0,297.21,2.07,297.23,5.86,297.24,1.91
1753503822591,04:23:42.591,AAVE/USDT:USDT,297.22,7.64,297.21,2.07,297.23,5.86,297.24,0.08
1753503822691,04:23:42.691,AAVE/USDT:USDT,297.23,11.65,297.22,4.29,297.24,0.08,297.25,0.59
1753503822791,04:23:42.791,AAVE/USDT:USDT,297.23,2.6,297.22,1.14,297.24,0.08,297.25,0.67
1753503822891,04:23:42.891,AAVE/USDT:USDT,297.23,1.81,297.22,0.81,297.24,3.87,297.25,2.15
1753503822991,04:23:42.991,AAVE/USDT:USDT,297.23,1.81,297.22,0.81,297.24,3.87,297.25,2.15
1753503823091,04:23:43.091,AAVE/USDT:USDT,297.23,1.81,297.22,0.81,297.24,3.87,297.25,2.15
1753503823191,04:23:43.191,AAVE/USDT:USDT,297.23,0.67,297.22,0.39,297.24,4.25,297.25,3.98
1753503823291,04:23:43.291,AAVE/USDT:USDT,297.23,2.83,297.22,0.39,297.24,3.83,297.25,3.98
1753503823391,04:23:43.391,AAVE/USDT:USDT,297.23,2.83,297.22,0.39,297.24,3.83,297.25,3.98
1753503823492,04:23:43.492,AAVE/USDT:USDT,297.23,2.83,297.22,0.39,297.24,3.83,297.25,3.98
1753503823591,04:23:43.591,AAVE/USDT:USDT,297.23,3.43,297.2,6.57,297.24,3.83,297.25,3.98
1753503823691,04:23:43.691,AAVE/USDT:USDT,297.23,3.43,297.2,6.57,297.24,3.83,297.25,3.98
1753503823791,04:23:43.791,AAVE/USDT:USDT,297.23,3.43,297.2,6.57,297.24,4.12,297.25,6.31
1753503823891,04:23:43.891,AAVE/USDT:USDT,297.23,3.43,297.21,1.48,297.24,4.12,297.25,6.31
1753503823991,04:23:43.991,AAVE/USDT:USDT,297.23,3.43,297.21,1.48,297.24,4.12,297.25,6.31
1753503824091,04:23:44.091,AAVE/USDT:USDT,297.23,3.43,297.21,1.48,297.24,4.12,297.25,6.31
1753503824191,04:23:44.191,AAVE/USDT:USDT,297.23,3.43,297.21,1.48,297.24,4.12,297.25,6.31
1753503824291,04:23:44.291,AAVE/USDT:USDT,297.23,3.43,297.21,1.48,297.24,4.12,297.25,6.31
1753503824391,04:23:44.391,AAVE/USDT:USDT,297.23,3.43,297.21,1.48,297.24,4.12,297.25,6.31
1753503824491,04:23:44.491,AAVE/USDT:USDT,297.23,3.43,297.2,1.71,297.24,4.12,297.25,6.31
1753503824591,04:23:44.591,AAVE/USDT:USDT,297.23,2.83,297.2,6.57,297.24,4.12,297.25,6.31
1753503824691,04:23:44.691,AAVE/USDT:USDT,297.23,3.44,297.2,6.57,297.24,4.12,297.25,6.31
1753503824891,04:23:44.891,AAVE/USDT:USDT,297.23,3.44,297.21,1.52,297.24,4.12,297.25,6.31
1753503824991,04:23:44.991,AAVE/USDT:USDT,297.23,3.44,297.21,1.52,297.24,4.12,297.25,6.31
1753503825091,04:23:45.091,AAVE/USDT:USDT,297.23,3.44,297.21,1.52,297.24,4.12,297.25,6.31
1753503825191,04:23:45.191,AAVE/USDT:USDT,297.23,3.44,297.21,1.52,297.24,4.12,297.25,6.31
1753503825292,04:23:45.292,AAVE/USDT:USDT,297.23,3.44,297.21,1.52,297.24,4.12,297.25,6.31
1753503825391,04:23:45.391,AAVE/USDT:USDT,297.23,3.44,297.21,1.52,297.24,4.12,297.25,6.31
1753503825498,04:23:45.498,AAVE/USDT:USDT,297.23,3.44,297.21,1.52,297.24,4.12,297.25,6.31
1753503825591,04:23:45.591,AAVE/USDT:USDT,297.23,3.44,297.21,1.52,297.24,4.12,297.25,6.31
1753503825691,04:23:45.691,AAVE/USDT:USDT,297.23,4.91,297.21,1.52,297.24,4.65,297.25,6.31
1753503825791,04:23:45.791,AAVE/USDT:USDT,297.23,4.91,297.21,1.52,297.24,4.65,297.25,6.31
1753503825891,04:23:45.891,AAVE/USDT:USDT,297.23,4.91,297.21,1.52,297.24,4.36,297.25,6.31
1753503825991,04:23:45.991,AAVE/USDT:USDT,297.23,4.91,297.21,1.52,297.24,4.36,297.25,6.31
1753503826092,04:23:46.092,AAVE/USDT:USDT,297.23,4.91,297.21,1.52,297.24,4.36,297.25,6.31
1753503826291,04:23:46.291,AAVE/USDT:USDT,297.23,4.91,297.21,1.52,297.24,4.36,297.25,6.31
1753503826390,04:23:46.390,AAVE/USDT:USDT,297.23,4.91,297.21,1.52,297.24,2.41,297.25,6.31
1753503826491,04:23:46.491,AAVE/USDT:USDT,297.23,2.98,297.21,1.52,297.24,2.42,297.25,6.31
1753503826591,04:23:46.591,AAVE/USDT:USDT,297.23,2.98,297.21,1.52,297.24,3.92,297.25,6.31
1753503826691,04:23:46.691,AAVE/USDT:USDT,297.23,2.98,297.21,1.52,297.24,3.92,297.25,6.31
1753503826791,04:23:46.791,AAVE/USDT:USDT,297.23,2.98,297.21,1.52,297.24,3.92,297.25,6.31
1753503826891,04:23:46.891,AAVE/USDT:USDT,297.23,2.98,297.21,1.52,297.24,3.92,297.25,6.31
1753503826991,04:23:46.991,AAVE/USDT:USDT,297.23,2.98,297.21,1.52,297.24,3.92,297.25,6.31
1753503827091,04:23:47.091,AAVE/USDT:USDT,297.23,2.98,297.21,1.52,297.24,3.92,297.25,6.31
1753503827190,04:23:47.190,AAVE/USDT:USDT,297.23,2.98,297.21,1.52,297.24,3.92,297.25,6.31
1753503827292,04:23:47.292,AAVE/USDT:USDT,297.23,2.98,297.21,1.52,297.24,3.92,297.25,6.31
1753503827391,04:23:47.391,AAVE/USDT:USDT,297.23,2.98,297.21,1.52,297.24,3.92,297.25,6.31
1753503827491,04:23:47.491,AAVE/USDT:USDT,297.23,2.98,297.21,1.52,297.24,3.92,297.25,6.31
1753503827591,04:23:47.591,AAVE/USDT:USDT,297.23,2.98,297.2,1.71,297.24,3.92,297.25,6.31
1753503827691,04:23:47.691,AAVE/USDT:USDT,297.23,2.56,297.2,1.71,297.24,3.92,297.25,6.31
1753503827794,04:23:47.794,AAVE/USDT:USDT,297.23,2.56,297.2,1.71,297.24,3.92,297.25,6.31
1753503827891,04:23:47.891,AAVE/USDT:USDT,297.23,2.56,297.21,3.45,297.24,3.92,297.25,6.31
1753503827991,04:23:47.991,AAVE/USDT:USDT,297.23,2.56,297.21,3.45,297.24,3.92,297.25,6.31
1753503828091,04:23:48.091,AAVE/USDT:USDT,297.23,2.56,297.2,1.71,297.24,4.16,297.25,8.13
1753503828191,04:23:48.191,AAVE/USDT:USDT,297.23,2.56,297.2,6.57,297.24,4.16,297.25,8.13
1753503828391,04:23:48.391,AAVE/USDT:USDT,297.23,2.56,297.2,6.57,297.24,4.16,297.25,6.31
1753503828491,04:23:48.491,AAVE/USDT:USDT,297.23,2.56,297.2,6.57,297.24,4.16,297.25,6.31
1753503828591,04:23:48.591,AAVE/USDT:USDT,297.23,2.56,297.2,1.71,297.24,4.16,297.25,6.31
1753503828691,04:23:48.691,AAVE/USDT:USDT,297.23,2.56,297.2,1.71,297.24,4.17,297.25,8.13
1753503828791,04:23:48.791,AAVE/USDT:USDT,297.23,2.56,297.2,1.71,297.24,4.17,297.25,32.36
1753503828991,04:23:48.991,AAVE/USDT:USDT,297.23,2.56,297.2,1.71,297.24,4.17,297.25,32.36
1753503829192,04:23:49.192,AAVE/USDT:USDT,297.23,2.56,297.2,1.71,297.24,4.17,297.25,32.36
1753503829292,04:23:49.292,AAVE/USDT:USDT,297.2,2.39,297.18,2.77,297.21,8.39,297.22,35.55
1753503829391,04:23:49.391,AAVE/USDT:USDT,297.2,2.39,297.18,2.77,297.21,7.62,297.22,33.73
1753503829491,04:23:49.491,AAVE/USDT:USDT,297.2,2.39,297.18,2.77,297.21,7.62,297.22,33.73
1753503829591,04:23:49.591,AAVE/USDT:USDT,297.18,2.73,297.17,0.03,297.19,4.37,297.2,8.3
1753503829691,04:23:49.691,AAVE/USDT:USDT,297.18,2.73,297.17,2.57,297.19,4.91,297.2,6.78
1753503829793,04:23:49.793,AAVE/USDT:USDT,297.18,2.73,297.17,2.57,297.19,4.91,297.2,6.78
1753503829891,04:23:49.891,AAVE/USDT:USDT,297.18,2.73,297.17,2.57,297.19,4.91,297.2,6.78
1753503829991,04:23:49.991,AAVE/USDT:USDT,297.18,2.73,297.17,2.57,297.19,4.91,297.2,6.78
1753503830091,04:23:50.091,AAVE/USDT:USDT,297.18,2.73,297.17,2.57,297.19,4.91,297.2,6.78
1753503830191,04:23:50.191,AAVE/USDT:USDT,297.18,2.73,297.17,2.57,297.19,4.91,297.2,6.78
