timestamp,time,symbol,bid1_price,bid1_volume,bid2_price,bid2_volume,ask1_price,ask1_volume,ask2_price,ask2_volume
1753503734144,04:22:14.144,ACH/USDT:USDT,0.022369,312.0,0.022366,8288.0,0.02237,47474.0,0.022371,287494.0
1753503734294,04:22:14.294,ACH/USDT:USDT,0.022369,312.0,0.022366,8288.0,0.02237,47474.0,0.022371,287494.0
1753503734444,04:22:14.444,ACH/USDT:USDT,0.022369,312.0,0.022366,8288.0,0.02237,47474.0,0.022371,287494.0
1753503734595,04:22:14.595,ACH/USDT:USDT,0.022369,312.0,0.022366,8288.0,0.02237,47474.0,0.022371,287494.0
1753503735045,04:22:15.045,ACH/USDT:USDT,0.022369,312.0,0.022366,8288.0,0.02237,47474.0,0.022371,287494.0
1753503735195,04:22:15.195,ACH/USDT:USDT,0.022369,312.0,0.022366,8288.0,0.02237,47474.0,0.022371,287494.0
1753503735345,04:22:15.345,ACH/USDT:USDT,0.022369,312.0,0.022366,8288.0,0.02237,47474.0,0.022371,287494.0
1753503735495,04:22:15.495,ACH/USDT:USDT,0.022369,312.0,0.022366,8288.0,0.02237,47474.0,0.022371,287494.0
1753503735645,04:22:15.645,ACH/USDT:USDT,0.022369,312.0,0.022366,8288.0,0.02237,47474.0,0.022371,287494.0
1753503735795,04:22:15.795,ACH/USDT:USDT,0.022369,312.0,0.022366,8288.0,0.02237,47474.0,0.022371,287494.0
1753503735945,04:22:15.945,ACH/USDT:USDT,0.022369,312.0,0.022366,8288.0,0.02237,47474.0,0.022371,287494.0
1753503736095,04:22:16.095,ACH/USDT:USDT,0.022369,312.0,0.022366,8288.0,0.02237,47474.0,0.022371,287494.0
1753503736246,04:22:16.246,ACH/USDT:USDT,0.022369,312.0,0.022366,8288.0,0.02237,47474.0,0.022371,287494.0
1753503736246,04:22:16.246,ACH/USDT:USDT,0.022369,312.0,0.022366,8288.0,0.02237,47474.0,0.022371,287494.0
1753503736396,04:22:16.396,ACH/USDT:USDT,0.022369,312.0,0.022366,8288.0,0.02237,47474.0,0.022371,287494.0
1753503736396,04:22:16.396,ACH/USDT:USDT,0.022369,312.0,0.022366,8288.0,0.02237,47474.0,0.022371,287494.0
1753503736546,04:22:16.546,ACH/USDT:USDT,0.022369,312.0,0.022366,8288.0,0.02237,47474.0,0.022371,287494.0
1753503736696,04:22:16.696,ACH/USDT:USDT,0.022369,312.0,0.022366,8288.0,0.02237,47474.0,0.022371,287494.0
1753503736846,04:22:16.846,ACH/USDT:USDT,0.022369,312.0,0.022366,8288.0,0.02237,47474.0,0.022371,287494.0
1753503736846,04:22:16.846,ACH/USDT:USDT,0.022369,312.0,0.022366,8288.0,0.02237,47474.0,0.022371,287494.0
1753503736996,04:22:16.996,ACH/USDT:USDT,0.022369,312.0,0.022366,8288.0,0.02237,47474.0,0.022371,287494.0
1753503736996,04:22:16.996,ACH/USDT:USDT,0.022369,312.0,0.022366,8288.0,0.02237,47474.0,0.022371,287494.0
1753503737146,04:22:17.146,ACH/USDT:USDT,0.022369,312.0,0.022366,8288.0,0.02237,47474.0,0.022371,287494.0
1753503737146,04:22:17.146,ACH/USDT:USDT,0.022369,312.0,0.022366,8288.0,0.02237,47474.0,0.022371,287494.0
1753503737296,04:22:17.296,ACH/USDT:USDT,0.022369,312.0,0.022366,8288.0,0.02237,47474.0,0.022371,287494.0
1753503737296,04:22:17.296,ACH/USDT:USDT,0.022369,312.0,0.022366,8288.0,0.02237,47474.0,0.022371,287494.0
1753503737446,04:22:17.446,ACH/USDT:USDT,0.022369,312.0,0.022366,8288.0,0.02237,47474.0,0.022371,287494.0
1753503737446,04:22:17.446,ACH/USDT:USDT,0.022369,312.0,0.022366,8288.0,0.02237,47474.0,0.022371,287494.0
1753503737596,04:22:17.596,ACH/USDT:USDT,0.022369,312.0,0.022366,8288.0,0.02237,47474.0,0.022371,287494.0
1753503737747,04:22:17.747,ACH/USDT:USDT,0.022369,312.0,0.022366,8288.0,0.02237,47474.0,0.022371,287494.0
1753503737897,04:22:17.897,ACH/USDT:USDT,0.022369,312.0,0.022366,8288.0,0.02237,47474.0,0.022371,287494.0
1753503737897,04:22:17.897,ACH/USDT:USDT,0.022369,312.0,0.022366,8288.0,0.02237,47474.0,0.022371,287494.0
1753503738047,04:22:18.047,ACH/USDT:USDT,0.022369,312.0,0.022366,8288.0,0.02237,47474.0,0.022371,287494.0
1753503738047,04:22:18.047,ACH/USDT:USDT,0.022369,312.0,0.022366,8288.0,0.02237,47474.0,0.022371,287494.0
1753503738197,04:22:18.197,ACH/USDT:USDT,0.022369,312.0,0.022366,8288.0,0.02237,47474.0,0.022371,287494.0
1753503738197,04:22:18.197,ACH/USDT:USDT,0.022369,312.0,0.022366,8288.0,0.02237,47474.0,0.022371,287494.0
1753503738347,04:22:18.347,ACH/USDT:USDT,0.022369,312.0,0.022366,8288.0,0.02237,47474.0,0.022371,287494.0
1753503738347,04:22:18.347,ACH/USDT:USDT,0.022369,312.0,0.022366,8288.0,0.02237,47474.0,0.022371,287494.0
1753503738497,04:22:18.497,ACH/USDT:USDT,0.022369,312.0,0.022366,8288.0,0.02237,47474.0,0.022371,287494.0
1753503738497,04:22:18.497,ACH/USDT:USDT,0.022369,312.0,0.022366,8288.0,0.02237,47474.0,0.022371,287494.0
1753503738647,04:22:18.647,ACH/USDT:USDT,0.022369,312.0,0.022366,8288.0,0.02237,47474.0,0.022371,287494.0
1753503738647,04:22:18.647,ACH/USDT:USDT,0.022369,312.0,0.022366,8288.0,0.02237,47474.0,0.022371,287494.0
1753503738797,04:22:18.797,ACH/USDT:USDT,0.022369,312.0,0.022366,8288.0,0.02237,47474.0,0.022371,287494.0
1753503738797,04:22:18.797,ACH/USDT:USDT,0.022369,312.0,0.022366,8288.0,0.02237,47474.0,0.022371,287494.0
1753503738947,04:22:18.947,ACH/USDT:USDT,0.022369,312.0,0.022366,8288.0,0.02237,47474.0,0.022371,287494.0
1753503738947,04:22:18.947,ACH/USDT:USDT,0.022369,312.0,0.022366,8288.0,0.02237,47474.0,0.022371,287494.0
1753503739097,04:22:19.097,ACH/USDT:USDT,0.022369,312.0,0.022366,8288.0,0.02237,47474.0,0.022371,287494.0
1753503739097,04:22:19.097,ACH/USDT:USDT,0.022369,312.0,0.022366,8288.0,0.02237,47474.0,0.022371,287494.0
1753503739247,04:22:19.247,ACH/USDT:USDT,0.022369,312.0,0.022366,8288.0,0.02237,47474.0,0.022371,287494.0
1753503739247,04:22:19.247,ACH/USDT:USDT,0.022369,312.0,0.022366,8288.0,0.02237,47474.0,0.022371,287494.0
1753503739397,04:22:19.397,ACH/USDT:USDT,0.022369,312.0,0.022366,8288.0,0.02237,47474.0,0.022371,287494.0
1753503739397,04:22:19.397,ACH/USDT:USDT,0.022369,312.0,0.022366,8288.0,0.02237,47474.0,0.022371,287494.0
1753503739548,04:22:19.548,ACH/USDT:USDT,0.022369,312.0,0.022366,8288.0,0.02237,47474.0,0.022371,287494.0
1753503739548,04:22:19.548,ACH/USDT:USDT,0.022369,312.0,0.022366,8288.0,0.02237,47474.0,0.022371,287494.0
1753503739698,04:22:19.698,ACH/USDT:USDT,0.022369,312.0,0.022366,2875.0,0.02237,47474.0,0.022371,287494.0
1753503739848,04:22:19.848,ACH/USDT:USDT,0.022369,312.0,0.022366,5415.0,0.02237,44599.0,0.022371,287494.0
1753503739848,04:22:19.848,ACH/USDT:USDT,0.022369,312.0,0.022366,5415.0,0.02237,44599.0,0.022371,287494.0
1753503739998,04:22:19.998,ACH/USDT:USDT,0.022369,312.0,0.022366,5415.0,0.02237,44599.0,0.022371,287494.0
1753503740148,04:22:20.148,ACH/USDT:USDT,0.022369,312.0,0.022366,5415.0,0.02237,44599.0,0.022371,287494.0
1753503740148,04:22:20.148,ACH/USDT:USDT,0.022369,312.0,0.022366,5415.0,0.02237,44599.0,0.022371,287494.0
1753503740298,04:22:20.298,ACH/USDT:USDT,0.022369,312.0,0.022366,5415.0,0.02237,44599.0,0.022371,287494.0
1753503740298,04:22:20.298,ACH/USDT:USDT,0.022369,312.0,0.022366,5415.0,0.02237,44599.0,0.022371,287494.0
1753503740448,04:22:20.448,ACH/USDT:USDT,0.022369,312.0,0.022366,5415.0,0.02237,44599.0,0.022371,287494.0
1753503740448,04:22:20.448,ACH/USDT:USDT,0.022369,312.0,0.022366,5415.0,0.02237,44599.0,0.022371,287494.0
1753503740598,04:22:20.598,ACH/USDT:USDT,0.022369,312.0,0.022366,5415.0,0.02237,44599.0,0.022371,287494.0
1753503740748,04:22:20.748,ACH/USDT:USDT,0.022369,3231.0,0.022366,5415.0,0.02237,44599.0,0.022371,287494.0
1753503740748,04:22:20.748,ACH/USDT:USDT,0.022369,3231.0,0.022366,5415.0,0.02237,44599.0,0.022371,287494.0
1753503740898,04:22:20.898,ACH/USDT:USDT,0.022369,3231.0,0.022367,5416.0,0.02237,44599.0,0.022371,287494.0
1753503740898,04:22:20.898,ACH/USDT:USDT,0.022369,3231.0,0.022367,5416.0,0.02237,44599.0,0.022371,287494.0
1753503741049,04:22:21.049,ACH/USDT:USDT,0.022369,3231.0,0.022367,5416.0,0.02237,44599.0,0.022371,287494.0
1753503741199,04:22:21.199,ACH/USDT:USDT,0.022369,3231.0,0.022367,5416.0,0.02237,44599.0,0.022371,287494.0
1753503741199,04:22:21.199,ACH/USDT:USDT,0.022369,3231.0,0.022367,5416.0,0.02237,44599.0,0.022371,287494.0
1753503741349,04:22:21.349,ACH/USDT:USDT,0.022369,312.0,0.022367,5416.0,0.02237,44599.0,0.022371,287494.0
1753503741499,04:22:21.499,ACH/USDT:USDT,0.022369,312.0,0.022366,5416.0,0.02237,44599.0,0.022371,287494.0
1753503741499,04:22:21.499,ACH/USDT:USDT,0.022369,312.0,0.022366,5416.0,0.02237,44599.0,0.022371,287494.0
1753503741649,04:22:21.649,ACH/USDT:USDT,0.022369,3231.0,0.022366,5416.0,0.02237,44599.0,0.022371,287494.0
1753503741649,04:22:21.649,ACH/USDT:USDT,0.022369,3231.0,0.022366,5416.0,0.02237,44599.0,0.022371,287494.0
1753503741799,04:22:21.799,ACH/USDT:USDT,0.022369,3231.0,0.022367,5416.0,0.02237,44599.0,0.022371,287494.0
1753503741799,04:22:21.799,ACH/USDT:USDT,0.022369,3231.0,0.022367,5416.0,0.02237,44599.0,0.022371,287494.0
1753503741949,04:22:21.949,ACH/USDT:USDT,0.022369,3231.0,0.022367,5416.0,0.02237,44599.0,0.022371,287494.0
1753503742099,04:22:22.099,ACH/USDT:USDT,0.022369,3231.0,0.022367,5416.0,0.02237,44599.0,0.022371,287494.0
1753503742099,04:22:22.099,ACH/USDT:USDT,0.022369,3231.0,0.022367,5416.0,0.02237,44599.0,0.022371,287494.0
1753503742249,04:22:22.249,ACH/USDT:USDT,0.022369,3231.0,0.022367,5416.0,0.02237,44599.0,0.022371,287494.0
1753503742249,04:22:22.249,ACH/USDT:USDT,0.022369,3231.0,0.022367,5416.0,0.02237,44599.0,0.022371,287494.0
1753503742399,04:22:22.399,ACH/USDT:USDT,0.022369,3231.0,0.022367,5416.0,0.02237,44599.0,0.022371,287494.0
1753503742399,04:22:22.399,ACH/USDT:USDT,0.022369,3231.0,0.022367,5416.0,0.02237,44599.0,0.022371,287494.0
1753503742549,04:22:22.549,ACH/USDT:USDT,0.022369,3231.0,0.022367,5416.0,0.02237,44599.0,0.022371,287494.0
1753503742549,04:22:22.549,ACH/USDT:USDT,0.022369,3231.0,0.022367,5416.0,0.02237,44599.0,0.022371,287494.0
1753503742700,04:22:22.700,ACH/USDT:USDT,0.022369,3231.0,0.022367,5416.0,0.02237,44599.0,0.022371,287494.0
1753503742850,04:22:22.850,ACH/USDT:USDT,0.022369,3231.0,0.022367,5416.0,0.02237,44599.0,0.022371,287494.0
1753503742850,04:22:22.850,ACH/USDT:USDT,0.022369,3231.0,0.022367,5416.0,0.02237,44599.0,0.022371,287494.0
1753503743000,04:22:23.000,ACH/USDT:USDT,0.022369,3231.0,0.022367,5416.0,0.02237,44599.0,0.022371,287494.0
1753503743000,04:22:23.000,ACH/USDT:USDT,0.022369,3231.0,0.022367,5416.0,0.02237,44599.0,0.022371,287494.0
1753503743150,04:22:23.150,ACH/USDT:USDT,0.022369,3231.0,0.022367,5416.0,0.02237,44599.0,0.022371,287494.0
1753503743150,04:22:23.150,ACH/USDT:USDT,0.022369,3231.0,0.022367,5416.0,0.02237,44599.0,0.022371,287494.0
1753503743300,04:22:23.300,ACH/USDT:USDT,0.022369,3231.0,0.022367,5416.0,0.02237,44599.0,0.022371,287494.0
1753503743300,04:22:23.300,ACH/USDT:USDT,0.022369,3231.0,0.022367,5416.0,0.02237,44599.0,0.022371,287494.0
1753503743450,04:22:23.450,ACH/USDT:USDT,0.022369,3231.0,0.022367,5416.0,0.02237,44599.0,0.022371,287494.0
1753503743450,04:22:23.450,ACH/USDT:USDT,0.022369,3231.0,0.022367,5416.0,0.02237,44599.0,0.022371,287494.0
1753503743600,04:22:23.600,ACH/USDT:USDT,0.022369,2919.0,0.022367,5416.0,0.02237,44599.0,0.022371,287494.0
1753503743600,04:22:23.600,ACH/USDT:USDT,0.022369,2919.0,0.022367,5416.0,0.02237,44599.0,0.022371,287494.0
1753503743750,04:22:23.750,ACH/USDT:USDT,0.022369,2919.0,0.022367,5416.0,0.02237,44599.0,0.022371,287494.0
1753503743750,04:22:23.750,ACH/USDT:USDT,0.022369,2919.0,0.022367,5416.0,0.02237,44599.0,0.022371,287494.0
1753503743900,04:22:23.900,ACH/USDT:USDT,0.022369,2919.0,0.022367,5416.0,0.02237,44599.0,0.022371,287494.0
1753503743900,04:22:23.900,ACH/USDT:USDT,0.022369,2919.0,0.022367,5416.0,0.02237,44599.0,0.022371,287494.0
1753503744050,04:22:24.050,ACH/USDT:USDT,0.022369,2919.0,0.022367,5416.0,0.02237,44599.0,0.022371,287494.0
1753503744200,04:22:24.200,ACH/USDT:USDT,0.022369,2919.0,0.022367,5416.0,0.02237,44599.0,0.022371,287494.0
1753503744200,04:22:24.200,ACH/USDT:USDT,0.022369,2919.0,0.022367,5416.0,0.02237,44599.0,0.022371,287494.0
1753503744351,04:22:24.351,ACH/USDT:USDT,0.022369,2919.0,0.022367,5416.0,0.02237,44599.0,0.022371,287494.0
1753503744351,04:22:24.351,ACH/USDT:USDT,0.022369,2919.0,0.022367,5416.0,0.02237,44599.0,0.022371,287494.0
1753503744501,04:22:24.501,ACH/USDT:USDT,0.022369,2919.0,0.022367,5416.0,0.02237,44599.0,0.022371,287494.0
1753503744651,04:22:24.651,ACH/USDT:USDT,0.022369,2919.0,0.022367,5416.0,0.02237,44599.0,0.022371,287494.0
1753503744651,04:22:24.651,ACH/USDT:USDT,0.022369,2919.0,0.022367,5416.0,0.02237,44599.0,0.022371,287494.0
1753503744801,04:22:24.801,ACH/USDT:USDT,0.022369,2919.0,0.022367,5416.0,0.02237,44599.0,0.022371,287494.0
1753503744801,04:22:24.801,ACH/USDT:USDT,0.022369,2919.0,0.022367,5416.0,0.02237,44599.0,0.022371,287494.0
1753503744951,04:22:24.951,ACH/USDT:USDT,0.022369,2919.0,0.022367,5416.0,0.02237,44599.0,0.022371,287494.0
1753503745101,04:22:25.101,ACH/USDT:USDT,0.022369,2919.0,0.022367,5416.0,0.02237,44599.0,0.022371,287494.0
1753503745101,04:22:25.101,ACH/USDT:USDT,0.022369,2919.0,0.022367,5416.0,0.02237,44599.0,0.022371,287494.0
1753503745251,04:22:25.251,ACH/USDT:USDT,0.022369,2919.0,0.022367,5416.0,0.02237,44599.0,0.022371,287494.0
1753503745251,04:22:25.251,ACH/USDT:USDT,0.022369,2919.0,0.022367,5416.0,0.02237,44599.0,0.022371,287494.0
1753503745401,04:22:25.401,ACH/USDT:USDT,0.022369,2919.0,0.022367,5416.0,0.02237,44599.0,0.022371,287494.0
1753503745551,04:22:25.551,ACH/USDT:USDT,0.022369,2919.0,0.022367,5416.0,0.02237,44599.0,0.022371,287494.0
1753503745551,04:22:25.551,ACH/USDT:USDT,0.022369,2919.0,0.022367,5416.0,0.02237,44599.0,0.022371,287494.0
1753503745701,04:22:25.701,ACH/USDT:USDT,0.022367,5416.0,0.022363,2875.0,0.02237,44599.0,0.022371,287494.0
1753503745701,04:22:25.701,ACH/USDT:USDT,0.022367,5416.0,0.022363,2875.0,0.02237,44599.0,0.022371,287494.0
1753503745851,04:22:25.851,ACH/USDT:USDT,0.022365,5418.0,0.022363,2875.0,0.022369,297817.0,0.02237,130847.0
1753503745851,04:22:25.851,ACH/USDT:USDT,0.022365,5418.0,0.022363,2875.0,0.022369,297817.0,0.02237,130847.0
1753503746002,04:22:26.002,ACH/USDT:USDT,0.022367,2919.0,0.022366,9444.0,0.022368,85331.0,0.022369,297817.0
1753503746152,04:22:26.152,ACH/USDT:USDT,0.022367,12364.0,0.022365,5418.0,0.022369,297817.0,0.02237,44599.0
1753503746302,04:22:26.302,ACH/USDT:USDT,0.022367,12364.0,0.022365,5418.0,0.022369,297817.0,0.02237,44599.0
1753503746302,04:22:26.302,ACH/USDT:USDT,0.022367,12364.0,0.022365,5418.0,0.022369,297817.0,0.02237,44599.0
1753503746452,04:22:26.452,ACH/USDT:USDT,0.022367,12364.0,0.022365,5418.0,0.022369,297817.0,0.02237,44599.0
1753503746602,04:22:26.602,ACH/USDT:USDT,0.022367,12364.0,0.022365,5418.0,0.022369,297817.0,0.02237,44599.0
1753503746602,04:22:26.602,ACH/USDT:USDT,0.022367,12364.0,0.022365,5418.0,0.022369,297817.0,0.02237,44599.0
1753503746752,04:22:26.752,ACH/USDT:USDT,0.022367,9445.0,0.022365,5418.0,0.022369,297817.0,0.02237,44599.0
1753503746752,04:22:26.752,ACH/USDT:USDT,0.022367,9445.0,0.022365,5418.0,0.022369,297817.0,0.02237,44599.0
1753503746902,04:22:26.902,ACH/USDT:USDT,0.022367,9445.0,0.022365,5418.0,0.022369,297817.0,0.02237,44599.0
1753503746902,04:22:26.902,ACH/USDT:USDT,0.022367,9445.0,0.022365,5418.0,0.022369,297817.0,0.02237,44599.0
1753503747052,04:22:27.052,ACH/USDT:USDT,0.022364,5417.0,0.022363,2875.0,0.022368,2807.0,0.022369,297817.0
1753503747052,04:22:27.052,ACH/USDT:USDT,0.022364,5417.0,0.022363,2875.0,0.022368,2807.0,0.022369,297817.0
1753503747202,04:22:27.202,ACH/USDT:USDT,0.022364,8224.0,0.022362,5417.0,0.022368,88138.0,0.022369,297817.0
1753503747202,04:22:27.202,ACH/USDT:USDT,0.022364,8224.0,0.022362,5417.0,0.022368,88138.0,0.022369,297817.0
1753503747352,04:22:27.352,ACH/USDT:USDT,0.022364,8224.0,0.022362,5417.0,0.022368,88138.0,0.022369,297817.0
1753503747352,04:22:27.352,ACH/USDT:USDT,0.022364,8224.0,0.022362,5417.0,0.022368,88138.0,0.022369,297817.0
1753503747503,04:22:27.503,ACH/USDT:USDT,0.022364,8224.0,0.022362,5417.0,0.022368,88138.0,0.022369,297817.0
1753503747503,04:22:27.503,ACH/USDT:USDT,0.022364,8224.0,0.022362,5417.0,0.022368,88138.0,0.022369,297817.0
1753503747653,04:22:27.653,ACH/USDT:USDT,0.022364,8224.0,0.022362,5417.0,0.022368,85331.0,0.022369,297817.0
1753503747653,04:22:27.653,ACH/USDT:USDT,0.022364,8224.0,0.022362,5417.0,0.022368,85331.0,0.022369,297817.0
1753503747803,04:22:27.803,ACH/USDT:USDT,0.022364,8224.0,0.022362,5417.0,0.022368,85331.0,0.022369,297817.0
1753503747803,04:22:27.803,ACH/USDT:USDT,0.022364,8224.0,0.022362,5417.0,0.022368,85331.0,0.022369,297817.0
1753503747953,04:22:27.953,ACH/USDT:USDT,0.022364,8224.0,0.022362,5417.0,0.022368,85331.0,0.022369,297817.0
1753503747953,04:22:27.953,ACH/USDT:USDT,0.022364,8224.0,0.022362,5417.0,0.022368,85331.0,0.022369,297817.0
1753503748103,04:22:28.103,ACH/USDT:USDT,0.022364,8224.0,0.022362,5417.0,0.022368,85331.0,0.022369,297817.0
1753503748103,04:22:28.103,ACH/USDT:USDT,0.022364,8224.0,0.022362,5417.0,0.022368,85331.0,0.022369,297817.0
1753503748253,04:22:28.253,ACH/USDT:USDT,0.022364,8224.0,0.022362,5417.0,0.022368,85331.0,0.022369,297817.0
1753503748253,04:22:28.253,ACH/USDT:USDT,0.022364,8224.0,0.022362,5417.0,0.022368,85331.0,0.022369,297817.0
1753503748403,04:22:28.403,ACH/USDT:USDT,0.022364,8224.0,0.022362,5417.0,0.022368,85331.0,0.022369,297817.0
1753503748403,04:22:28.403,ACH/USDT:USDT,0.022364,8224.0,0.022362,5417.0,0.022368,85331.0,0.022369,297817.0
1753503748553,04:22:28.553,ACH/USDT:USDT,0.022364,8224.0,0.022362,5417.0,0.022368,85331.0,0.022369,297817.0
1753503748553,04:22:28.553,ACH/USDT:USDT,0.022364,8224.0,0.022362,5417.0,0.022368,85331.0,0.022369,297817.0
1753503748703,04:22:28.703,ACH/USDT:USDT,0.022364,8224.0,0.022362,5417.0,0.022368,85331.0,0.022369,297817.0
1753503748703,04:22:28.703,ACH/USDT:USDT,0.022364,8224.0,0.022362,5417.0,0.022368,85331.0,0.022369,297817.0
1753503748853,04:22:28.853,ACH/USDT:USDT,0.022364,8224.0,0.022362,5417.0,0.022368,85331.0,0.022369,297817.0
1753503748853,04:22:28.853,ACH/USDT:USDT,0.022364,8224.0,0.022362,5417.0,0.022368,85331.0,0.022369,297817.0
1753503749003,04:22:29.003,ACH/USDT:USDT,0.022364,8224.0,0.022362,5417.0,0.022368,85331.0,0.022369,297817.0
1753503749003,04:22:29.003,ACH/USDT:USDT,0.022364,8224.0,0.022362,5417.0,0.022368,85331.0,0.022369,297817.0
1753503749153,04:22:29.153,ACH/USDT:USDT,0.022364,8224.0,0.022362,5417.0,0.022368,85331.0,0.022369,297817.0
1753503749304,04:22:29.304,ACH/USDT:USDT,0.022364,8224.0,0.022362,5417.0,0.022368,85331.0,0.022369,297817.0
1753503749304,04:22:29.304,ACH/USDT:USDT,0.022364,8224.0,0.022362,5417.0,0.022368,85331.0,0.022369,297817.0
1753503749454,04:22:29.454,ACH/USDT:USDT,0.022364,8224.0,0.022362,5417.0,0.022368,85331.0,0.022369,297817.0
1753503749454,04:22:29.454,ACH/USDT:USDT,0.022364,8224.0,0.022362,5417.0,0.022368,85331.0,0.022369,297817.0
1753503749604,04:22:29.604,ACH/USDT:USDT,0.022364,8224.0,0.022362,5417.0,0.022368,85331.0,0.022369,297817.0
1753503749604,04:22:29.604,ACH/USDT:USDT,0.022364,8224.0,0.022362,5417.0,0.022368,85331.0,0.022369,297817.0
1753503749754,04:22:29.754,ACH/USDT:USDT,0.022364,8224.0,0.022362,5417.0,0.022368,85331.0,0.022369,297817.0
1753503749754,04:22:29.754,ACH/USDT:USDT,0.022364,8224.0,0.022362,5417.0,0.022368,85331.0,0.022369,297817.0
1753503749904,04:22:29.904,ACH/USDT:USDT,0.022364,8224.0,0.022362,5417.0,0.022368,85331.0,0.022369,297817.0
1753503749904,04:22:29.904,ACH/USDT:USDT,0.022364,8224.0,0.022362,5417.0,0.022368,85331.0,0.022369,297817.0
1753503750054,04:22:30.054,ACH/USDT:USDT,0.022364,8224.0,0.022362,5417.0,0.022368,85331.0,0.022369,297817.0
1753503750054,04:22:30.054,ACH/USDT:USDT,0.022364,8224.0,0.022362,5417.0,0.022368,85331.0,0.022369,297817.0
1753503750204,04:22:30.204,ACH/USDT:USDT,0.022364,8224.0,0.022362,5417.0,0.022368,85331.0,0.022369,297817.0
1753503750204,04:22:30.204,ACH/USDT:USDT,0.022364,8224.0,0.022362,5417.0,0.022368,85331.0,0.022369,297817.0
1753503750354,04:22:30.354,ACH/USDT:USDT,0.022364,8224.0,0.022362,5417.0,0.022368,85331.0,0.022369,297817.0
1753503750504,04:22:30.504,ACH/USDT:USDT,0.022364,8224.0,0.022362,5417.0,0.022368,85331.0,0.022369,297817.0
1753503750654,04:22:30.654,ACH/USDT:USDT,0.022364,8224.0,0.022362,5417.0,0.022368,85331.0,0.022369,297817.0
1753503750654,04:22:30.654,ACH/USDT:USDT,0.022364,8224.0,0.022362,5417.0,0.022368,85331.0,0.022369,297817.0
1753503750804,04:22:30.804,ACH/USDT:USDT,0.022364,8224.0,0.022362,5417.0,0.022368,85331.0,0.022369,297817.0
1753503750804,04:22:30.804,ACH/USDT:USDT,0.022364,8224.0,0.022362,5417.0,0.022368,85331.0,0.022369,297817.0
1753503750955,04:22:30.955,ACH/USDT:USDT,0.022364,8224.0,0.022362,5417.0,0.022368,85331.0,0.022369,297817.0
1753503750955,04:22:30.955,ACH/USDT:USDT,0.022364,8224.0,0.022362,5417.0,0.022368,85331.0,0.022369,297817.0
1753503751105,04:22:31.105,ACH/USDT:USDT,0.022364,8224.0,0.022362,5417.0,0.022368,85331.0,0.022369,297817.0
1753503751105,04:22:31.105,ACH/USDT:USDT,0.022364,8224.0,0.022362,5417.0,0.022368,85331.0,0.022369,297817.0
1753503751255,04:22:31.255,ACH/USDT:USDT,0.022364,8224.0,0.022362,5417.0,0.022368,85331.0,0.022369,297817.0
1753503751255,04:22:31.255,ACH/USDT:USDT,0.022364,8224.0,0.022362,5417.0,0.022368,85331.0,0.022369,297817.0
1753503751405,04:22:31.405,ACH/USDT:USDT,0.022364,8224.0,0.022362,5417.0,0.022368,85331.0,0.022369,297817.0
1753503751405,04:22:31.405,ACH/USDT:USDT,0.022364,8224.0,0.022362,5417.0,0.022368,85331.0,0.022369,297817.0
1753503751555,04:22:31.555,ACH/USDT:USDT,0.022364,8224.0,0.022362,5417.0,0.022368,85331.0,0.022369,297817.0
1753503751705,04:22:31.705,ACH/USDT:USDT,0.022364,8224.0,0.022362,5417.0,0.022368,85331.0,0.022369,297817.0
1753503751855,04:22:31.855,ACH/USDT:USDT,0.022364,8224.0,0.022362,5417.0,0.022368,85331.0,0.022369,297817.0
1753503751855,04:22:31.855,ACH/USDT:USDT,0.022364,8224.0,0.022362,5417.0,0.022368,85331.0,0.022369,297817.0
1753503752005,04:22:32.005,ACH/USDT:USDT,0.022364,8224.0,0.022362,5417.0,0.022368,85331.0,0.022369,297817.0
1753503752005,04:22:32.005,ACH/USDT:USDT,0.022364,8224.0,0.022362,5417.0,0.022368,85331.0,0.022369,297817.0
1753503752155,04:22:32.155,ACH/USDT:USDT,0.022364,8224.0,0.022362,5417.0,0.022368,85331.0,0.022369,297817.0
1753503752155,04:22:32.155,ACH/USDT:USDT,0.022364,8224.0,0.022362,5417.0,0.022368,85331.0,0.022369,297817.0
1753503752305,04:22:32.305,ACH/USDT:USDT,0.022364,8224.0,0.022362,5417.0,0.022368,85331.0,0.022369,297817.0
1753503752305,04:22:32.305,ACH/USDT:USDT,0.022364,8224.0,0.022362,5417.0,0.022368,85331.0,0.022369,297817.0
1753503752455,04:22:32.455,ACH/USDT:USDT,0.022364,8224.0,0.022362,5417.0,0.022368,85331.0,0.022369,297817.0
1753503752455,04:22:32.455,ACH/USDT:USDT,0.022364,8224.0,0.022362,5417.0,0.022368,85331.0,0.022369,297817.0
1753503752606,04:22:32.606,ACH/USDT:USDT,0.022364,8224.0,0.022362,5417.0,0.022368,85331.0,0.022369,297817.0
1753503752606,04:22:32.606,ACH/USDT:USDT,0.022364,8224.0,0.022362,5417.0,0.022368,85331.0,0.022369,297817.0
1753503752756,04:22:32.756,ACH/USDT:USDT,0.022364,8224.0,0.022362,5417.0,0.022368,85331.0,0.022369,297817.0
1753503752756,04:22:32.756,ACH/USDT:USDT,0.022364,8224.0,0.022362,5417.0,0.022368,85331.0,0.022369,297817.0
1753503752906,04:22:32.906,ACH/USDT:USDT,0.022364,8224.0,0.022362,5417.0,0.022368,85331.0,0.022369,297817.0
1753503753056,04:22:33.056,ACH/USDT:USDT,0.022364,8224.0,0.022362,5417.0,0.022368,85331.0,0.022369,297817.0
1753503753206,04:22:33.206,ACH/USDT:USDT,0.022364,8224.0,0.022362,5417.0,0.022368,85331.0,0.022369,297817.0
1753503753206,04:22:33.206,ACH/USDT:USDT,0.022364,8224.0,0.022362,5417.0,0.022368,85331.0,0.022369,297817.0
1753503753356,04:22:33.356,ACH/USDT:USDT,0.022364,8224.0,0.022362,5417.0,0.022368,85331.0,0.022369,297817.0
1753503753356,04:22:33.356,ACH/USDT:USDT,0.022364,8224.0,0.022362,5417.0,0.022368,85331.0,0.022369,297817.0
1753503753506,04:22:33.506,ACH/USDT:USDT,0.022364,8224.0,0.022362,5417.0,0.022368,85331.0,0.022369,297817.0
1753503753506,04:22:33.506,ACH/USDT:USDT,0.022364,8224.0,0.022362,5417.0,0.022368,85331.0,0.022369,297817.0
1753503753656,04:22:33.656,ACH/USDT:USDT,0.022364,8224.0,0.022362,5417.0,0.022367,2807.0,0.022368,85331.0
1753503753656,04:22:33.656,ACH/USDT:USDT,0.022364,8224.0,0.022362,5417.0,0.022367,2807.0,0.022368,85331.0
1753503753806,04:22:33.806,ACH/USDT:USDT,0.022364,8224.0,0.022362,5417.0,0.022367,2807.0,0.022368,85331.0
1753503753806,04:22:33.806,ACH/USDT:USDT,0.022364,8224.0,0.022362,5417.0,0.022367,2807.0,0.022368,85331.0
1753503753957,04:22:33.957,ACH/USDT:USDT,0.022364,8224.0,0.022362,5417.0,0.022367,2807.0,0.022368,85331.0
1753503753957,04:22:33.957,ACH/USDT:USDT,0.022364,8224.0,0.022362,5417.0,0.022367,2807.0,0.022368,85331.0
1753503754107,04:22:34.107,ACH/USDT:USDT,0.022364,8224.0,0.022362,5417.0,0.022367,2807.0,0.022368,85331.0
1753503754107,04:22:34.107,ACH/USDT:USDT,0.022364,8224.0,0.022362,5417.0,0.022367,2807.0,0.022368,85331.0
1753503754257,04:22:34.257,ACH/USDT:USDT,0.022364,8224.0,0.022362,5417.0,0.022367,2807.0,0.022368,85331.0
1753503754257,04:22:34.257,ACH/USDT:USDT,0.022364,8224.0,0.022362,5417.0,0.022367,2807.0,0.022368,85331.0
1753503754407,04:22:34.407,ACH/USDT:USDT,0.022364,8224.0,0.022362,5417.0,0.022367,2807.0,0.022368,85331.0
1753503754407,04:22:34.407,ACH/USDT:USDT,0.022364,8224.0,0.022362,5417.0,0.022367,2807.0,0.022368,85331.0
1753503754557,04:22:34.557,ACH/USDT:USDT,0.022364,8224.0,0.022362,5417.0,0.022367,2807.0,0.022368,85331.0
1753503754557,04:22:34.557,ACH/USDT:USDT,0.022364,8224.0,0.022362,5417.0,0.022367,2807.0,0.022368,85331.0
1753503754707,04:22:34.707,ACH/USDT:USDT,0.022364,8224.0,0.022362,5417.0,0.022367,2807.0,0.022368,85331.0
1753503754707,04:22:34.707,ACH/USDT:USDT,0.022364,8224.0,0.022362,5417.0,0.022367,2807.0,0.022368,85331.0
1753503754857,04:22:34.857,ACH/USDT:USDT,0.022362,5417.0,0.022361,3119.0,0.022367,5729.0,0.022368,88253.0
1753503755007,04:22:35.007,ACH/USDT:USDT,0.022362,8224.0,0.022361,312.0,0.022366,2807.0,0.022367,2922.0
1753503755157,04:22:35.157,ACH/USDT:USDT,0.022362,8224.0,0.022361,312.0,0.022366,2807.0,0.022367,2922.0
1753503755157,04:22:35.157,ACH/USDT:USDT,0.022362,8224.0,0.022361,312.0,0.022366,2807.0,0.022367,2922.0
1753503755307,04:22:35.307,ACH/USDT:USDT,0.022362,8224.0,0.022361,312.0,0.022366,2807.0,0.022367,2922.0
1753503755457,04:22:35.457,ACH/USDT:USDT,0.022362,8224.0,0.022361,312.0,0.022366,2807.0,0.022367,2922.0
1753503755457,04:22:35.457,ACH/USDT:USDT,0.022362,8224.0,0.022361,312.0,0.022366,2807.0,0.022367,2922.0
1753503755607,04:22:35.607,ACH/USDT:USDT,0.022362,8224.0,0.022361,312.0,0.022366,2807.0,0.022367,2922.0
1753503755607,04:22:35.607,ACH/USDT:USDT,0.022362,8224.0,0.022361,312.0,0.022366,2807.0,0.022367,2922.0
1753503755758,04:22:35.758,ACH/USDT:USDT,0.022362,8224.0,0.022361,312.0,0.022366,2807.0,0.022367,2922.0
1753503755758,04:22:35.758,ACH/USDT:USDT,0.022362,8224.0,0.022361,312.0,0.022366,2807.0,0.022367,2922.0
1753503755908,04:22:35.908,ACH/USDT:USDT,0.022362,8224.0,0.022361,312.0,0.022366,2807.0,0.022367,2922.0
1753503755908,04:22:35.908,ACH/USDT:USDT,0.022362,8224.0,0.022361,312.0,0.022366,2807.0,0.022367,2922.0
1753503756058,04:22:36.058,ACH/USDT:USDT,0.022362,8224.0,0.022361,312.0,0.022366,2807.0,0.022367,2922.0
1753503756058,04:22:36.058,ACH/USDT:USDT,0.022362,8224.0,0.022361,312.0,0.022366,2807.0,0.022367,2922.0
1753503756208,04:22:36.208,ACH/USDT:USDT,0.022362,8224.0,0.022361,312.0,0.022366,2807.0,0.022367,2922.0
1753503756208,04:22:36.208,ACH/USDT:USDT,0.022362,8224.0,0.022361,312.0,0.022366,2807.0,0.022367,2922.0
1753503756358,04:22:36.358,ACH/USDT:USDT,0.022362,8224.0,0.022361,312.0,0.022366,2807.0,0.022367,2922.0
1753503756358,04:22:36.358,ACH/USDT:USDT,0.022362,8224.0,0.022361,312.0,0.022366,2807.0,0.022367,2922.0
1753503756508,04:22:36.508,ACH/USDT:USDT,0.022362,8224.0,0.022361,312.0,0.022366,2807.0,0.022367,2922.0
1753503756508,04:22:36.508,ACH/USDT:USDT,0.022362,8224.0,0.022361,312.0,0.022366,2807.0,0.022367,2922.0
1753503756658,04:22:36.658,ACH/USDT:USDT,0.022362,8224.0,0.022361,312.0,0.022366,2807.0,0.022367,2922.0
1753503756658,04:22:36.658,ACH/USDT:USDT,0.022362,8224.0,0.022361,312.0,0.022366,2807.0,0.022367,2922.0
1753503756808,04:22:36.808,ACH/USDT:USDT,0.022362,8224.0,0.022361,312.0,0.022366,2807.0,0.022367,2922.0
1753503756808,04:22:36.808,ACH/USDT:USDT,0.022362,8224.0,0.022361,312.0,0.022366,2807.0,0.022367,2922.0
1753503756958,04:22:36.958,ACH/USDT:USDT,0.022362,8224.0,0.022361,312.0,0.022366,2807.0,0.022367,2922.0
1753503756958,04:22:36.958,ACH/USDT:USDT,0.022362,8224.0,0.022361,312.0,0.022366,2807.0,0.022367,2922.0
1753503757108,04:22:37.108,ACH/USDT:USDT,0.022362,8224.0,0.022361,312.0,0.022366,2807.0,0.022367,2922.0
1753503757108,04:22:37.108,ACH/USDT:USDT,0.022362,8224.0,0.022361,312.0,0.022366,2807.0,0.022367,2922.0
1753503757258,04:22:37.258,ACH/USDT:USDT,0.022362,8224.0,0.022361,312.0,0.022366,2807.0,0.022367,2922.0
1753503757258,04:22:37.258,ACH/USDT:USDT,0.022362,8224.0,0.022361,312.0,0.022366,2807.0,0.022367,2922.0
1753503757409,04:22:37.409,ACH/USDT:USDT,0.022362,8224.0,0.022361,312.0,0.022366,2807.0,0.022367,2922.0
1753503757409,04:22:37.409,ACH/USDT:USDT,0.022362,8224.0,0.022361,312.0,0.022366,2807.0,0.022367,2922.0
1753503757559,04:22:37.559,ACH/USDT:USDT,0.022362,8224.0,0.022361,312.0,0.022366,2807.0,0.022367,2922.0
1753503757559,04:22:37.559,ACH/USDT:USDT,0.022362,8224.0,0.022361,312.0,0.022366,2807.0,0.022367,2922.0
1753503757709,04:22:37.709,ACH/USDT:USDT,0.022362,8224.0,0.022361,312.0,0.022366,2807.0,0.022367,2922.0
1753503757709,04:22:37.709,ACH/USDT:USDT,0.022362,8224.0,0.022361,312.0,0.022366,2807.0,0.022367,2922.0
1753503757859,04:22:37.859,ACH/USDT:USDT,0.022362,8224.0,0.022361,312.0,0.022366,2807.0,0.022367,2922.0
1753503757859,04:22:37.859,ACH/USDT:USDT,0.022362,8224.0,0.022361,312.0,0.022366,2807.0,0.022367,2922.0
1753503758009,04:22:38.009,ACH/USDT:USDT,0.022362,8224.0,0.022361,312.0,0.022366,2807.0,0.022367,2922.0
1753503758009,04:22:38.009,ACH/USDT:USDT,0.022362,8224.0,0.022361,312.0,0.022366,2807.0,0.022367,2922.0
1753503758159,04:22:38.159,ACH/USDT:USDT,0.022362,8224.0,0.022361,312.0,0.022366,2807.0,0.022367,2922.0
1753503758309,04:22:38.309,ACH/USDT:USDT,0.022362,8224.0,0.022361,312.0,0.022366,2807.0,0.022367,2922.0
1753503758459,04:22:38.459,ACH/USDT:USDT,0.022362,8224.0,0.022361,312.0,0.022366,2807.0,0.022367,2922.0
1753503758459,04:22:38.459,ACH/USDT:USDT,0.022362,8224.0,0.022361,312.0,0.022366,2807.0,0.022367,2922.0
1753503758609,04:22:38.609,ACH/USDT:USDT,0.022363,9444.0,0.022362,8224.0,0.022367,2922.0,0.022368,88253.0
1753503758609,04:22:38.609,ACH/USDT:USDT,0.022363,9444.0,0.022362,8224.0,0.022367,2922.0,0.022368,88253.0
1753503758759,04:22:38.759,ACH/USDT:USDT,0.022364,9444.0,0.022363,12269.0,0.022367,5747.0,0.022368,88253.0
1753503758910,04:22:38.910,ACH/USDT:USDT,0.022365,9444.0,0.022364,9444.0,0.022367,5747.0,0.022368,88253.0
1753503758910,04:22:38.910,ACH/USDT:USDT,0.022365,9444.0,0.022364,9444.0,0.022367,5747.0,0.022368,88253.0
1753503759060,04:22:39.060,ACH/USDT:USDT,0.022365,9444.0,0.022363,8258.0,0.022367,5747.0,0.022368,88253.0
1753503759060,04:22:39.060,ACH/USDT:USDT,0.022365,9444.0,0.022363,8258.0,0.022367,5747.0,0.022368,88253.0
1753503759210,04:22:39.210,ACH/USDT:USDT,0.022363,8258.0,0.022361,312.0,0.022367,2922.0,0.022368,88253.0
1753503759210,04:22:39.210,ACH/USDT:USDT,0.022363,8258.0,0.022361,312.0,0.022367,2922.0,0.022368,88253.0
1753503759360,04:22:39.360,ACH/USDT:USDT,0.022363,8258.0,0.022361,5745.0,0.022366,2825.0,0.022367,2922.0
1753503759360,04:22:39.360,ACH/USDT:USDT,0.022363,8258.0,0.022361,5745.0,0.022366,2825.0,0.022367,2922.0
1753503759510,04:22:39.510,ACH/USDT:USDT,0.022363,8258.0,0.022361,5745.0,0.022366,2825.0,0.022367,2922.0
1753503759510,04:22:39.510,ACH/USDT:USDT,0.022363,8258.0,0.022361,5745.0,0.022366,2825.0,0.022367,2922.0
1753503759660,04:22:39.660,ACH/USDT:USDT,0.022363,8258.0,0.022361,5745.0,0.022366,2825.0,0.022367,2922.0
1753503759660,04:22:39.660,ACH/USDT:USDT,0.022363,8258.0,0.022361,5745.0,0.022366,2825.0,0.022367,2922.0
1753503759810,04:22:39.810,ACH/USDT:USDT,0.022363,8258.0,0.022361,5745.0,0.022366,2825.0,0.022367,2922.0
1753503759810,04:22:39.810,ACH/USDT:USDT,0.022363,8258.0,0.022361,5745.0,0.022366,2825.0,0.022367,2922.0
1753503759960,04:22:39.960,ACH/USDT:USDT,0.022363,8258.0,0.022361,5745.0,0.022366,2825.0,0.022367,2922.0
1753503759960,04:22:39.960,ACH/USDT:USDT,0.022363,8258.0,0.022361,5745.0,0.022366,2825.0,0.022367,2922.0
1753503760110,04:22:40.110,ACH/USDT:USDT,0.022363,8258.0,0.022361,5745.0,0.022366,2825.0,0.022367,2922.0
1753503760260,04:22:40.260,ACH/USDT:USDT,0.022363,8258.0,0.022361,5745.0,0.022366,2825.0,0.022367,2922.0
1753503760410,04:22:40.410,ACH/USDT:USDT,0.022363,5433.0,0.022361,5745.0,0.022366,2825.0,0.022367,2922.0
1753503760410,04:22:40.410,ACH/USDT:USDT,0.022363,5433.0,0.022361,5745.0,0.022366,2825.0,0.022367,2922.0
1753503760561,04:22:40.561,ACH/USDT:USDT,0.022363,5433.0,0.022361,5745.0,0.022366,2825.0,0.022367,2922.0
1753503760561,04:22:40.561,ACH/USDT:USDT,0.022363,5433.0,0.022361,5745.0,0.022366,2825.0,0.022367,2922.0
1753503760711,04:22:40.711,ACH/USDT:USDT,0.022363,5433.0,0.022361,5745.0,0.022366,2825.0,0.022367,2922.0
1753503760711,04:22:40.711,ACH/USDT:USDT,0.022363,5433.0,0.022361,5745.0,0.022366,2825.0,0.022367,2922.0
1753503760861,04:22:40.861,ACH/USDT:USDT,0.022363,5433.0,0.022361,5745.0,0.022366,2825.0,0.022367,2922.0
1753503760861,04:22:40.861,ACH/USDT:USDT,0.022363,5433.0,0.022361,5745.0,0.022366,2825.0,0.022367,2922.0
1753503761011,04:22:41.011,ACH/USDT:USDT,0.022363,5433.0,0.022361,5745.0,0.022366,2825.0,0.022367,2922.0
1753503761011,04:22:41.011,ACH/USDT:USDT,0.022363,5433.0,0.022361,5745.0,0.022366,2825.0,0.022367,2922.0
1753503761161,04:22:41.161,ACH/USDT:USDT,0.022363,5433.0,0.022361,5745.0,0.022366,2825.0,0.022367,2922.0
1753503761311,04:22:41.311,ACH/USDT:USDT,0.022363,8258.0,0.022361,5745.0,0.022366,2825.0,0.022367,2922.0
1753503761461,04:22:41.461,ACH/USDT:USDT,0.022363,8258.0,0.022361,5745.0,0.022367,2922.0,0.022368,88253.0
1753503761611,04:22:41.611,ACH/USDT:USDT,0.022363,8258.0,0.022361,5745.0,0.022367,5747.0,0.022368,88253.0
1753503761611,04:22:41.611,ACH/USDT:USDT,0.022363,8258.0,0.022361,5745.0,0.022367,5747.0,0.022368,88253.0
1753503761761,04:22:41.761,ACH/USDT:USDT,0.022363,8258.0,0.022361,5745.0,0.022367,5747.0,0.022368,88253.0
1753503761761,04:22:41.761,ACH/USDT:USDT,0.022363,8258.0,0.022361,5745.0,0.022367,5747.0,0.022368,88253.0
1753503761911,04:22:41.911,ACH/USDT:USDT,0.022363,5433.0,0.022361,5745.0,0.022367,2922.0,0.022368,88253.0
1753503761911,04:22:41.911,ACH/USDT:USDT,0.022363,5433.0,0.022361,5745.0,0.022367,2922.0,0.022368,88253.0
1753503762061,04:22:42.061,ACH/USDT:USDT,0.022363,5433.0,0.022361,5745.0,0.022366,2825.0,0.022367,2922.0
1753503762212,04:22:42.212,ACH/USDT:USDT,0.022363,5433.0,0.022361,5745.0,0.022366,2825.0,0.022367,2922.0
1753503762212,04:22:42.212,ACH/USDT:USDT,0.022363,5433.0,0.022361,5745.0,0.022366,2825.0,0.022367,2922.0
1753503762362,04:22:42.362,ACH/USDT:USDT,0.022363,8258.0,0.022361,5745.0,0.022366,2825.0,0.022367,2922.0
1753503762362,04:22:42.362,ACH/USDT:USDT,0.022363,8258.0,0.022361,5745.0,0.022366,2825.0,0.022367,2922.0
1753503762512,04:22:42.512,ACH/USDT:USDT,0.022363,8258.0,0.022361,5745.0,0.022366,2825.0,0.022367,2922.0
1753503762662,04:22:42.662,ACH/USDT:USDT,0.022363,8258.0,0.022361,5745.0,0.022366,2825.0,0.022367,2922.0
1753503762812,04:22:42.812,ACH/USDT:USDT,0.022363,8258.0,0.022361,5745.0,0.022366,2825.0,0.022367,2922.0
1753503762812,04:22:42.812,ACH/USDT:USDT,0.022363,8258.0,0.022361,5745.0,0.022366,2825.0,0.022367,2922.0
1753503762962,04:22:42.962,ACH/USDT:USDT,0.022363,8258.0,0.022361,5745.0,0.022366,2825.0,0.022367,2922.0
1753503762962,04:22:42.962,ACH/USDT:USDT,0.022363,8258.0,0.022361,5745.0,0.022366,2825.0,0.022367,2922.0
1753503763112,04:22:43.112,ACH/USDT:USDT,0.022363,8258.0,0.022361,5745.0,0.022366,2825.0,0.022367,2922.0
1753503763112,04:22:43.112,ACH/USDT:USDT,0.022363,8258.0,0.022361,5745.0,0.022366,2825.0,0.022367,2922.0
1753503763262,04:22:43.262,ACH/USDT:USDT,0.022363,8258.0,0.022361,5745.0,0.022366,2825.0,0.022367,2922.0
1753503763412,04:22:43.412,ACH/USDT:USDT,0.022363,8258.0,0.022361,5745.0,0.022366,2825.0,0.022367,2922.0
1753503763412,04:22:43.412,ACH/USDT:USDT,0.022363,8258.0,0.022361,5745.0,0.022366,2825.0,0.022367,2922.0
1753503763563,04:22:43.563,ACH/USDT:USDT,0.022363,8258.0,0.022361,5745.0,0.022366,2825.0,0.022367,2922.0
1753503763563,04:22:43.563,ACH/USDT:USDT,0.022363,8258.0,0.022361,5745.0,0.022366,2825.0,0.022367,2922.0
1753503763713,04:22:43.713,ACH/USDT:USDT,0.022363,8258.0,0.022361,5745.0,0.022366,2825.0,0.022367,2922.0
1753503763863,04:22:43.863,ACH/USDT:USDT,0.022363,8258.0,0.022361,5745.0,0.022366,2825.0,0.022367,2922.0
1753503763863,04:22:43.863,ACH/USDT:USDT,0.022363,8258.0,0.022361,5745.0,0.022366,2825.0,0.022367,2922.0
1753503764013,04:22:44.013,ACH/USDT:USDT,0.022363,8258.0,0.022361,5745.0,0.022366,2825.0,0.022367,2922.0
1753503764013,04:22:44.013,ACH/USDT:USDT,0.022363,8258.0,0.022361,5745.0,0.022366,2825.0,0.022367,2922.0
1753503764163,04:22:44.163,ACH/USDT:USDT,0.022361,312.0,0.022357,2905.0,0.022364,44599.0,0.022366,2825.0
1753503764163,04:22:44.163,ACH/USDT:USDT,0.022361,312.0,0.022357,2905.0,0.022364,44599.0,0.022366,2825.0
1753503764313,04:22:44.313,ACH/USDT:USDT,0.022357,2905.0,0.022354,2875.0,0.022363,16205.0,0.022364,328990.0
1753503764313,04:22:44.313,ACH/USDT:USDT,0.022357,2905.0,0.022354,2875.0,0.022363,16205.0,0.022364,328990.0
1753503764463,04:22:44.463,ACH/USDT:USDT,0.022356,313.0,0.022355,5440.0,0.022362,7687.0,0.022363,16258.0
1753503764613,04:22:44.613,ACH/USDT:USDT,0.022356,3138.0,0.022354,5440.0,0.022362,7687.0,0.022363,100766.0
1753503764763,04:22:44.763,ACH/USDT:USDT,0.022356,3138.0,0.022354,5440.0,0.022362,4862.0,0.022363,100766.0
1753503764763,04:22:44.763,ACH/USDT:USDT,0.022356,3138.0,0.022354,5440.0,0.022362,4862.0,0.022363,100766.0
1753503764913,04:22:44.913,ACH/USDT:USDT,0.022356,3138.0,0.022354,5440.0,0.022361,2825.0,0.022362,4862.0
1753503764913,04:22:44.913,ACH/USDT:USDT,0.022356,3138.0,0.022354,5440.0,0.022361,2825.0,0.022362,4862.0
1753503765063,04:22:45.063,ACH/USDT:USDT,0.022356,3138.0,0.022354,5440.0,0.02236,284389.0,0.022361,2825.0
1753503765063,04:22:45.063,ACH/USDT:USDT,0.022356,3138.0,0.022354,5440.0,0.02236,284389.0,0.022361,2825.0
1753503765213,04:22:45.213,ACH/USDT:USDT,0.022356,3138.0,0.022354,5440.0,0.022359,85317.0,0.02236,284389.0
1753503765213,04:22:45.213,ACH/USDT:USDT,0.022356,3138.0,0.022354,5440.0,0.022359,85317.0,0.02236,284389.0
1753503765364,04:22:45.364,ACH/USDT:USDT,0.022356,3138.0,0.022354,5440.0,0.022359,85317.0,0.02236,284389.0
1753503765364,04:22:45.364,ACH/USDT:USDT,0.022356,3138.0,0.022354,5440.0,0.022359,85317.0,0.02236,284389.0
1753503765514,04:22:45.514,ACH/USDT:USDT,0.022356,313.0,0.022354,5440.0,0.022359,88195.0,0.02236,287267.0
1753503765664,04:22:45.664,ACH/USDT:USDT,0.022356,313.0,0.022354,5440.0,0.022358,2825.0,0.022359,88195.0
1753503765664,04:22:45.664,ACH/USDT:USDT,0.022356,313.0,0.022354,5440.0,0.022358,2825.0,0.022359,88195.0
1753503765814,04:22:45.814,ACH/USDT:USDT,0.022356,313.0,0.022354,5440.0,0.022358,2825.0,0.022359,88195.0
1753503765814,04:22:45.814,ACH/USDT:USDT,0.022356,313.0,0.022354,5440.0,0.022358,2825.0,0.022359,88195.0
1753503765964,04:22:45.964,ACH/USDT:USDT,0.022356,313.0,0.022354,5440.0,0.022358,2825.0,0.022359,88195.0
1753503765964,04:22:45.964,ACH/USDT:USDT,0.022356,313.0,0.022354,5440.0,0.022358,2825.0,0.022359,88195.0
1753503766114,04:22:46.114,ACH/USDT:USDT,0.022356,313.0,0.022354,5440.0,0.022358,2825.0,0.022359,88195.0
1753503766114,04:22:46.114,ACH/USDT:USDT,0.022356,313.0,0.022354,5440.0,0.022358,2825.0,0.022359,88195.0
1753503766264,04:22:46.264,ACH/USDT:USDT,0.022356,313.0,0.022354,5440.0,0.022358,2825.0,0.022359,88195.0
1753503766264,04:22:46.264,ACH/USDT:USDT,0.022356,313.0,0.022354,5440.0,0.022358,2825.0,0.022359,88195.0
1753503766414,04:22:46.414,ACH/USDT:USDT,0.022356,313.0,0.022354,5440.0,0.022358,2825.0,0.022359,88195.0
1753503766414,04:22:46.414,ACH/USDT:USDT,0.022356,313.0,0.022354,5440.0,0.022358,2825.0,0.022359,88195.0
1753503766564,04:22:46.564,ACH/USDT:USDT,0.022356,313.0,0.022354,5440.0,0.022358,2825.0,0.022359,88195.0
1753503766564,04:22:46.564,ACH/USDT:USDT,0.022356,313.0,0.022354,5440.0,0.022358,2825.0,0.022359,88195.0
1753503766714,04:22:46.714,ACH/USDT:USDT,0.022356,313.0,0.022354,5440.0,0.022358,2825.0,0.022359,88195.0
1753503766714,04:22:46.714,ACH/USDT:USDT,0.022356,313.0,0.022354,5440.0,0.022358,2825.0,0.022359,88195.0
1753503766865,04:22:46.865,ACH/USDT:USDT,0.022356,313.0,0.022354,5440.0,0.022358,2825.0,0.022359,88195.0
1753503767015,04:22:47.015,ACH/USDT:USDT,0.022356,3144.0,0.022354,5440.0,0.022359,88195.0,0.02236,287267.0
1753503767015,04:22:47.015,ACH/USDT:USDT,0.022356,3144.0,0.022354,5440.0,0.022359,88195.0,0.02236,287267.0
1753503767165,04:22:47.165,ACH/USDT:USDT,0.022356,3144.0,0.022354,5440.0,0.022359,88195.0,0.02236,287267.0
1753503767165,04:22:47.165,ACH/USDT:USDT,0.022356,3144.0,0.022354,5440.0,0.022359,88195.0,0.02236,287267.0
1753503767315,04:22:47.315,ACH/USDT:USDT,0.022356,313.0,0.022354,5440.0,0.022359,88195.0,0.02236,287267.0
1753503767315,04:22:47.315,ACH/USDT:USDT,0.022356,313.0,0.022354,5440.0,0.022359,88195.0,0.02236,287267.0
1753503767465,04:22:47.465,ACH/USDT:USDT,0.022356,313.0,0.022354,5440.0,0.022358,2831.0,0.022359,88195.0
1753503767465,04:22:47.465,ACH/USDT:USDT,0.022356,313.0,0.022354,5440.0,0.022358,2831.0,0.022359,88195.0
1753503767615,04:22:47.615,ACH/USDT:USDT,0.022356,313.0,0.022354,5440.0,0.022358,2831.0,0.022359,88195.0
1753503767615,04:22:47.615,ACH/USDT:USDT,0.022356,313.0,0.022354,5440.0,0.022358,2831.0,0.022359,88195.0
1753503767765,04:22:47.765,ACH/USDT:USDT,0.022356,313.0,0.022354,5440.0,0.022358,2831.0,0.022359,88195.0
1753503767765,04:22:47.765,ACH/USDT:USDT,0.022356,313.0,0.022354,5440.0,0.022358,2831.0,0.022359,88195.0
1753503767915,04:22:47.915,ACH/USDT:USDT,0.022356,313.0,0.022354,5440.0,0.022358,2831.0,0.022359,88195.0
1753503767915,04:22:47.915,ACH/USDT:USDT,0.022356,313.0,0.022354,5440.0,0.022358,2831.0,0.022359,88195.0
1753503768065,04:22:48.065,ACH/USDT:USDT,0.022356,313.0,0.022354,5440.0,0.022358,2831.0,0.022359,88195.0
1753503768065,04:22:48.065,ACH/USDT:USDT,0.022356,313.0,0.022354,5440.0,0.022358,2831.0,0.022359,88195.0
1753503768215,04:22:48.215,ACH/USDT:USDT,0.022356,313.0,0.022354,5440.0,0.022358,2831.0,0.022359,88195.0
1753503768366,04:22:48.366,ACH/USDT:USDT,0.022356,313.0,0.022354,5440.0,0.022358,2831.0,0.022359,88195.0
1753503768366,04:22:48.366,ACH/USDT:USDT,0.022356,313.0,0.022354,5440.0,0.022358,2831.0,0.022359,88195.0
1753503768515,04:22:48.515,ACH/USDT:USDT,0.022356,313.0,0.022354,5440.0,0.022358,2831.0,0.022359,88195.0
1753503768515,04:22:48.515,ACH/USDT:USDT,0.022356,313.0,0.022354,5440.0,0.022358,2831.0,0.022359,88195.0
1753503768666,04:22:48.666,ACH/USDT:USDT,0.022356,3144.0,0.022354,5440.0,0.022359,88195.0,0.02236,287267.0
1753503768666,04:22:48.666,ACH/USDT:USDT,0.022356,3144.0,0.022354,5440.0,0.022359,88195.0,0.02236,287267.0
1753503768816,04:22:48.816,ACH/USDT:USDT,0.022357,9444.0,0.022356,3144.0,0.022359,88195.0,0.02236,287267.0
1753503768966,04:22:48.966,ACH/USDT:USDT,0.022357,9444.0,0.022356,3144.0,0.022359,88195.0,0.02236,287267.0
1753503768966,04:22:48.966,ACH/USDT:USDT,0.022357,9444.0,0.022356,3144.0,0.022359,88195.0,0.02236,287267.0
1753503769116,04:22:49.116,ACH/USDT:USDT,0.022357,9444.0,0.022356,3144.0,0.022359,88195.0,0.02236,287267.0
1753503769116,04:22:49.116,ACH/USDT:USDT,0.022357,9444.0,0.022356,3144.0,0.022359,88195.0,0.02236,287267.0
1753503769266,04:22:49.266,ACH/USDT:USDT,0.022357,9444.0,0.022356,3144.0,0.022359,88195.0,0.02236,287267.0
1753503769416,04:22:49.416,ACH/USDT:USDT,0.022357,9444.0,0.022356,3144.0,0.022359,88195.0,0.02236,287267.0
1753503769416,04:22:49.416,ACH/USDT:USDT,0.022357,9444.0,0.022356,3144.0,0.022359,88195.0,0.02236,287267.0
1753503769566,04:22:49.566,ACH/USDT:USDT,0.022356,3144.0,0.022354,5441.0,0.022359,88195.0,0.02236,287267.0
1753503769716,04:22:49.716,ACH/USDT:USDT,0.022356,313.0,0.022354,5441.0,0.022358,2831.0,0.022359,88195.0
1753503769716,04:22:49.716,ACH/USDT:USDT,0.022356,313.0,0.022354,5441.0,0.022358,2831.0,0.022359,88195.0
1753503769866,04:22:49.866,ACH/USDT:USDT,0.022356,313.0,0.022354,5441.0,0.022358,2831.0,0.022359,88195.0
1753503769866,04:22:49.866,ACH/USDT:USDT,0.022356,313.0,0.022354,5441.0,0.022358,2831.0,0.022359,88195.0
1753503770016,04:22:50.016,ACH/USDT:USDT,0.022356,313.0,0.022354,5441.0,0.022358,2831.0,0.022359,88195.0
1753503770016,04:22:50.016,ACH/USDT:USDT,0.022356,313.0,0.022354,5441.0,0.022358,2831.0,0.022359,88195.0
1753503770167,04:22:50.167,ACH/USDT:USDT,0.022356,313.0,0.022354,5441.0,0.022358,2831.0,0.022359,88195.0
1753503770317,04:22:50.317,ACH/USDT:USDT,0.022356,313.0,0.022354,5441.0,0.022358,2831.0,0.022359,88195.0
1753503770317,04:22:50.317,ACH/USDT:USDT,0.022356,313.0,0.022354,5441.0,0.022358,2831.0,0.022359,88195.0
1753503770467,04:22:50.467,ACH/USDT:USDT,0.022356,313.0,0.022354,5441.0,0.022358,2831.0,0.022359,88195.0
1753503770467,04:22:50.467,ACH/USDT:USDT,0.022356,313.0,0.022354,5441.0,0.022358,2831.0,0.022359,88195.0
1753503770617,04:22:50.617,ACH/USDT:USDT,0.022356,313.0,0.022354,5441.0,0.022358,2831.0,0.022359,88195.0
1753503770617,04:22:50.617,ACH/USDT:USDT,0.022356,313.0,0.022354,5441.0,0.022358,2831.0,0.022359,88195.0
1753503770767,04:22:50.767,ACH/USDT:USDT,0.022356,313.0,0.022354,5441.0,0.022358,2831.0,0.022359,88195.0
1753503770767,04:22:50.767,ACH/USDT:USDT,0.022356,313.0,0.022354,5441.0,0.022358,2831.0,0.022359,88195.0
1753503770917,04:22:50.917,ACH/USDT:USDT,0.022356,313.0,0.022354,5441.0,0.022358,2831.0,0.022359,88195.0
1753503770917,04:22:50.917,ACH/USDT:USDT,0.022356,313.0,0.022354,5441.0,0.022358,2831.0,0.022359,88195.0
1753503771067,04:22:51.067,ACH/USDT:USDT,0.022356,313.0,0.022354,5441.0,0.022358,2831.0,0.022359,88195.0
1753503771067,04:22:51.067,ACH/USDT:USDT,0.022356,313.0,0.022354,5441.0,0.022358,2831.0,0.022359,88195.0
1753503771217,04:22:51.217,ACH/USDT:USDT,0.022356,313.0,0.022354,5441.0,0.022358,2831.0,0.022359,88195.0
1753503771217,04:22:51.217,ACH/USDT:USDT,0.022356,313.0,0.022354,5441.0,0.022358,2831.0,0.022359,88195.0
1753503771367,04:22:51.367,ACH/USDT:USDT,0.022356,313.0,0.022354,5441.0,0.022358,2831.0,0.022359,88195.0
1753503771367,04:22:51.367,ACH/USDT:USDT,0.022356,313.0,0.022354,5441.0,0.022358,2831.0,0.022359,88195.0
1753503771517,04:22:51.517,ACH/USDT:USDT,0.022356,313.0,0.022354,5441.0,0.022358,2831.0,0.022359,88195.0
1753503771668,04:22:51.668,ACH/USDT:USDT,0.022356,313.0,0.022354,5441.0,0.022358,2831.0,0.022359,88195.0
1753503771668,04:22:51.668,ACH/USDT:USDT,0.022356,313.0,0.022354,5441.0,0.022358,2831.0,0.022359,88195.0
1753503771818,04:22:51.818,ACH/USDT:USDT,0.022356,313.0,0.022354,5441.0,0.022358,2831.0,0.022359,88195.0
1753503771818,04:22:51.818,ACH/USDT:USDT,0.022356,313.0,0.022354,5441.0,0.022358,2831.0,0.022359,88195.0
1753503771968,04:22:51.968,ACH/USDT:USDT,0.022356,313.0,0.022354,5441.0,0.022358,2831.0,0.022359,88195.0
1753503771968,04:22:51.968,ACH/USDT:USDT,0.022356,313.0,0.022354,5441.0,0.022358,2831.0,0.022359,88195.0
1753503772118,04:22:52.118,ACH/USDT:USDT,0.022356,313.0,0.022354,5441.0,0.022358,2831.0,0.022359,88195.0
1753503772118,04:22:52.118,ACH/USDT:USDT,0.022356,313.0,0.022354,5441.0,0.022358,2831.0,0.022359,88195.0
1753503772268,04:22:52.268,ACH/USDT:USDT,0.022356,313.0,0.022354,5441.0,0.022358,2831.0,0.022359,88195.0
1753503772268,04:22:52.268,ACH/USDT:USDT,0.022356,313.0,0.022354,5441.0,0.022358,2831.0,0.022359,88195.0
1753503772418,04:22:52.418,ACH/USDT:USDT,0.022356,313.0,0.022354,5441.0,0.022358,2831.0,0.022359,88195.0
1753503772418,04:22:52.418,ACH/USDT:USDT,0.022356,313.0,0.022354,5441.0,0.022358,2831.0,0.022359,88195.0
1753503772568,04:22:52.568,ACH/USDT:USDT,0.022356,313.0,0.022354,5441.0,0.022358,2831.0,0.022359,88195.0
1753503772568,04:22:52.568,ACH/USDT:USDT,0.022356,313.0,0.022354,5441.0,0.022358,2831.0,0.022359,88195.0
1753503772718,04:22:52.718,ACH/USDT:USDT,0.022356,313.0,0.022354,5441.0,0.022358,2831.0,0.022359,88195.0
1753503772718,04:22:52.718,ACH/USDT:USDT,0.022356,313.0,0.022354,5441.0,0.022358,2831.0,0.022359,88195.0
1753503772868,04:22:52.868,ACH/USDT:USDT,0.022356,313.0,0.022354,5441.0,0.022358,2831.0,0.022359,88195.0
1753503773018,04:22:53.018,ACH/USDT:USDT,0.022356,313.0,0.022354,5441.0,0.022358,2831.0,0.022359,88195.0
1753503773018,04:22:53.018,ACH/USDT:USDT,0.022356,313.0,0.022354,5441.0,0.022358,2831.0,0.022359,88195.0
1753503773168,04:22:53.168,ACH/USDT:USDT,0.022356,313.0,0.022354,5441.0,0.022358,2831.0,0.022359,88195.0
1753503773168,04:22:53.168,ACH/USDT:USDT,0.022356,313.0,0.022354,5441.0,0.022358,2831.0,0.022359,88195.0
1753503773319,04:22:53.319,ACH/USDT:USDT,0.022347,2932.0,0.022343,17937.0,0.022356,5520.0,0.022358,2831.0
1753503773469,04:22:53.469,ACH/USDT:USDT,0.02235,8272.0,0.022348,9444.0,0.022358,47430.0,0.022359,85317.0
1753503773469,04:22:53.469,ACH/USDT:USDT,0.02235,8272.0,0.022348,9444.0,0.022358,47430.0,0.022359,85317.0
1753503773618,04:22:53.618,ACH/USDT:USDT,0.022351,9444.0,0.02235,8272.0,0.022357,17060.0,0.022358,47396.0
1753503773618,04:22:53.618,ACH/USDT:USDT,0.022351,9444.0,0.02235,8272.0,0.022357,17060.0,0.022358,47396.0
1753503773769,04:22:53.769,ACH/USDT:USDT,0.022352,9444.0,0.022351,12275.0,0.022356,292402.0,0.022357,14229.0
1753503773769,04:22:53.769,ACH/USDT:USDT,0.022352,9444.0,0.022351,12275.0,0.022356,292402.0,0.022357,14229.0
1753503773919,04:22:53.919,ACH/USDT:USDT,0.022353,9444.0,0.022352,12275.0,0.022355,87721.0,0.022356,292402.0
1753503774069,04:22:54.069,ACH/USDT:USDT,0.022353,12275.0,0.022351,5441.0,0.022355,87721.0,0.022356,292402.0
1753503774069,04:22:54.069,ACH/USDT:USDT,0.022353,12275.0,0.022351,5441.0,0.022355,87721.0,0.022356,292402.0
1753503774219,04:22:54.219,ACH/USDT:USDT,0.022353,12275.0,0.022351,5441.0,0.022355,87721.0,0.022356,289571.0
1753503774219,04:22:54.219,ACH/USDT:USDT,0.022353,12275.0,0.022351,5441.0,0.022355,87721.0,0.022356,289571.0
1753503774369,04:22:54.369,ACH/USDT:USDT,0.022353,12275.0,0.022351,5441.0,0.022355,87721.0,0.022356,289571.0
1753503774369,04:22:54.369,ACH/USDT:USDT,0.022353,12275.0,0.022351,5441.0,0.022355,87721.0,0.022356,289571.0
1753503774519,04:22:54.519,ACH/USDT:USDT,0.022353,12275.0,0.022351,5441.0,0.022355,87721.0,0.022356,289571.0
1753503774519,04:22:54.519,ACH/USDT:USDT,0.022353,12275.0,0.022351,5441.0,0.022355,87721.0,0.022356,289571.0
1753503774669,04:22:54.669,ACH/USDT:USDT,0.022353,12275.0,0.022351,5441.0,0.022355,87721.0,0.022356,289571.0
1753503774669,04:22:54.669,ACH/USDT:USDT,0.022353,12275.0,0.022351,5441.0,0.022355,87721.0,0.022356,289571.0
1753503774819,04:22:54.819,ACH/USDT:USDT,0.022353,12275.0,0.022351,5441.0,0.022355,87721.0,0.022356,289571.0
1753503774970,04:22:54.970,ACH/USDT:USDT,0.022353,12275.0,0.022351,5441.0,0.022355,87721.0,0.022356,289571.0
1753503774970,04:22:54.970,ACH/USDT:USDT,0.022353,12275.0,0.022351,5441.0,0.022355,87721.0,0.022356,289571.0
1753503775120,04:22:55.120,ACH/USDT:USDT,0.022353,12275.0,0.022351,5441.0,0.022355,87721.0,0.022356,289571.0
1753503775120,04:22:55.120,ACH/USDT:USDT,0.022353,12275.0,0.022351,5441.0,0.022355,87721.0,0.022356,289571.0
1753503775270,04:22:55.270,ACH/USDT:USDT,0.022353,12275.0,0.022351,5441.0,0.022355,87721.0,0.022356,289571.0
1753503775270,04:22:55.270,ACH/USDT:USDT,0.022353,12275.0,0.022351,5441.0,0.022355,87721.0,0.022356,289571.0
1753503775420,04:22:55.420,ACH/USDT:USDT,0.022353,12275.0,0.022351,5441.0,0.022355,87721.0,0.022356,289571.0
1753503775420,04:22:55.420,ACH/USDT:USDT,0.022353,12275.0,0.022351,5441.0,0.022355,87721.0,0.022356,289571.0
1753503775570,04:22:55.570,ACH/USDT:USDT,0.022353,12275.0,0.022351,5441.0,0.022355,87721.0,0.022356,289571.0
1753503775720,04:22:55.720,ACH/USDT:USDT,0.022353,12275.0,0.022351,5441.0,0.022355,87721.0,0.022356,289571.0
1753503775870,04:22:55.870,ACH/USDT:USDT,0.022353,12275.0,0.022351,5441.0,0.022355,87721.0,0.022356,289571.0
1753503776020,04:22:56.020,ACH/USDT:USDT,0.022353,12275.0,0.022351,5441.0,0.022355,87721.0,0.022356,289571.0
1753503776020,04:22:56.020,ACH/USDT:USDT,0.022353,12275.0,0.022351,5441.0,0.022355,87721.0,0.022356,289571.0
1753503776170,04:22:56.170,ACH/USDT:USDT,0.022353,12275.0,0.022351,5441.0,0.022355,87721.0,0.022356,289571.0
1753503776170,04:22:56.170,ACH/USDT:USDT,0.022353,12275.0,0.022351,5441.0,0.022355,87721.0,0.022356,289571.0
1753503776320,04:22:56.320,ACH/USDT:USDT,0.022353,12275.0,0.022351,5441.0,0.022355,87721.0,0.022356,289571.0
1753503776470,04:22:56.470,ACH/USDT:USDT,0.022353,12275.0,0.022351,5441.0,0.022355,87721.0,0.022356,289571.0
1753503776470,04:22:56.470,ACH/USDT:USDT,0.022353,12275.0,0.022351,5441.0,0.022355,87721.0,0.022356,289571.0
1753503776621,04:22:56.621,ACH/USDT:USDT,0.022353,12275.0,0.022351,5441.0,0.022355,87721.0,0.022356,289571.0
1753503776621,04:22:56.621,ACH/USDT:USDT,0.022353,12275.0,0.022351,5441.0,0.022355,87721.0,0.022356,289571.0
1753503776771,04:22:56.771,ACH/USDT:USDT,0.022353,12275.0,0.022351,5441.0,0.022355,87721.0,0.022356,289571.0
1753503776771,04:22:56.771,ACH/USDT:USDT,0.022353,12275.0,0.022351,5441.0,0.022355,87721.0,0.022356,289571.0
1753503776921,04:22:56.921,ACH/USDT:USDT,0.022353,12275.0,0.022351,5441.0,0.022355,87721.0,0.022356,289571.0
1753503776921,04:22:56.921,ACH/USDT:USDT,0.022353,12275.0,0.022351,5441.0,0.022355,87721.0,0.022356,289571.0
1753503777071,04:22:57.071,ACH/USDT:USDT,0.022353,12275.0,0.022351,5441.0,0.022355,87721.0,0.022356,289571.0
1753503777071,04:22:57.071,ACH/USDT:USDT,0.022353,12275.0,0.022351,5441.0,0.022355,87721.0,0.022356,289571.0
1753503777221,04:22:57.221,ACH/USDT:USDT,0.022353,12275.0,0.022351,5441.0,0.022355,87721.0,0.022356,289571.0
1753503777221,04:22:57.221,ACH/USDT:USDT,0.022353,12275.0,0.022351,5441.0,0.022355,87721.0,0.022356,289571.0
1753503777371,04:22:57.371,ACH/USDT:USDT,0.022353,12275.0,0.022351,5441.0,0.022355,87721.0,0.022356,289571.0
1753503777371,04:22:57.371,ACH/USDT:USDT,0.022353,12275.0,0.022351,5441.0,0.022355,87721.0,0.022356,289571.0
1753503777521,04:22:57.521,ACH/USDT:USDT,0.022353,12275.0,0.022351,5441.0,0.022355,87721.0,0.022356,289571.0
1753503777521,04:22:57.521,ACH/USDT:USDT,0.022353,12275.0,0.022351,5441.0,0.022355,87721.0,0.022356,289571.0
1753503777671,04:22:57.671,ACH/USDT:USDT,0.022353,12275.0,0.022351,5441.0,0.022355,87721.0,0.022356,289571.0
1753503777671,04:22:57.671,ACH/USDT:USDT,0.022353,12275.0,0.022351,5441.0,0.022355,87721.0,0.022356,289571.0
1753503777821,04:22:57.821,ACH/USDT:USDT,0.022353,12275.0,0.022351,5441.0,0.022355,87721.0,0.022356,289571.0
1753503777821,04:22:57.821,ACH/USDT:USDT,0.022353,12275.0,0.022351,5441.0,0.022355,87721.0,0.022356,289571.0
1753503777971,04:22:57.971,ACH/USDT:USDT,0.022353,12275.0,0.022351,5441.0,0.022355,87721.0,0.022356,289571.0
1753503777971,04:22:57.971,ACH/USDT:USDT,0.022353,12275.0,0.022351,5441.0,0.022355,87721.0,0.022356,289571.0
1753503778122,04:22:58.122,ACH/USDT:USDT,0.022354,9444.0,0.022353,12275.0,0.022355,87721.0,0.022356,5118.0
1753503778272,04:22:58.272,ACH/USDT:USDT,0.022354,12352.0,0.022352,5439.0,0.022357,96940.0,0.022358,329061.0
1753503778272,04:22:58.272,ACH/USDT:USDT,0.022354,12352.0,0.022352,5439.0,0.022357,96940.0,0.022358,329061.0
1753503778422,04:22:58.422,ACH/USDT:USDT,0.022354,12352.0,0.022352,5439.0,0.022357,96940.0,0.022358,329061.0
1753503778422,04:22:58.422,ACH/USDT:USDT,0.022354,12352.0,0.022352,5439.0,0.022357,96940.0,0.022358,329061.0
1753503778572,04:22:58.572,ACH/USDT:USDT,0.022354,12352.0,0.022352,5439.0,0.022357,96940.0,0.022358,329061.0
1753503778572,04:22:58.572,ACH/USDT:USDT,0.022354,12352.0,0.022352,5439.0,0.022357,96940.0,0.022358,329061.0
1753503778722,04:22:58.722,ACH/USDT:USDT,0.022354,12352.0,0.022353,2797.0,0.022357,96940.0,0.022358,329061.0
1753503778722,04:22:58.722,ACH/USDT:USDT,0.022354,12352.0,0.022353,2797.0,0.022357,96940.0,0.022358,329061.0
1753503778872,04:22:58.872,ACH/USDT:USDT,0.022354,12352.0,0.022353,2797.0,0.022357,96940.0,0.022358,329061.0
1753503778872,04:22:58.872,ACH/USDT:USDT,0.022354,12352.0,0.022353,2797.0,0.022357,96940.0,0.022358,329061.0
1753503779022,04:22:59.022,ACH/USDT:USDT,0.022354,12352.0,0.022353,2797.0,0.022357,96940.0,0.022358,329061.0
1753503779022,04:22:59.022,ACH/USDT:USDT,0.022354,12352.0,0.022353,2797.0,0.022357,96940.0,0.022358,329061.0
1753503779172,04:22:59.172,ACH/USDT:USDT,0.022354,12352.0,0.022353,2797.0,0.022357,96940.0,0.022358,329061.0
1753503779322,04:22:59.322,ACH/USDT:USDT,0.022354,12352.0,0.022353,2797.0,0.022357,96940.0,0.022358,329061.0
1753503779322,04:22:59.322,ACH/USDT:USDT,0.022354,12352.0,0.022353,2797.0,0.022357,96940.0,0.022358,329061.0
1753503779472,04:22:59.472,ACH/USDT:USDT,0.022354,12352.0,0.022353,2797.0,0.022357,96940.0,0.022358,329061.0
1753503779472,04:22:59.472,ACH/USDT:USDT,0.022354,12352.0,0.022353,2797.0,0.022357,96940.0,0.022358,329061.0
1753503779622,04:22:59.622,ACH/USDT:USDT,0.022354,12352.0,0.022353,2797.0,0.022357,96940.0,0.022358,329061.0
1753503779622,04:22:59.622,ACH/USDT:USDT,0.022354,12352.0,0.022353,2797.0,0.022357,96940.0,0.022358,329061.0
1753503779773,04:22:59.773,ACH/USDT:USDT,0.022354,12352.0,0.022353,2797.0,0.022357,96940.0,0.022358,329061.0
1753503779923,04:22:59.923,ACH/USDT:USDT,0.022354,12352.0,0.022353,2797.0,0.022356,313.0,0.022357,96940.0
1753503780073,04:23:00.073,ACH/USDT:USDT,0.022355,9444.0,0.022354,12352.0,0.022356,313.0,0.022357,96940.0
1753503780073,04:23:00.073,ACH/USDT:USDT,0.022355,9444.0,0.022354,12352.0,0.022356,313.0,0.022357,96940.0
1753503780223,04:23:00.223,ACH/USDT:USDT,0.022355,12352.0,0.022353,8236.0,0.022356,313.0,0.022357,96940.0
1753503780223,04:23:00.223,ACH/USDT:USDT,0.022355,12352.0,0.022353,8236.0,0.022356,313.0,0.022357,96940.0
1753503780373,04:23:00.373,ACH/USDT:USDT,0.022355,12352.0,0.022353,8236.0,0.022356,313.0,0.022357,96940.0
1753503780373,04:23:00.373,ACH/USDT:USDT,0.022355,12352.0,0.022353,8236.0,0.022356,313.0,0.022357,96940.0
1753503780523,04:23:00.523,ACH/USDT:USDT,0.022355,12352.0,0.022353,8236.0,0.022356,313.0,0.022357,96940.0
1753503780523,04:23:00.523,ACH/USDT:USDT,0.022355,12352.0,0.022353,8236.0,0.022356,313.0,0.022357,96940.0
1753503780673,04:23:00.673,ACH/USDT:USDT,0.022355,12352.0,0.022353,8236.0,0.022356,313.0,0.022363,13380.0
1753503780673,04:23:00.673,ACH/USDT:USDT,0.022355,12352.0,0.022353,8236.0,0.022356,313.0,0.022363,13380.0
1753503780823,04:23:00.823,ACH/USDT:USDT,0.022355,12352.0,0.022353,8236.0,0.022356,313.0,0.022363,13380.0
1753503780823,04:23:00.823,ACH/USDT:USDT,0.022355,12352.0,0.022353,8236.0,0.022356,313.0,0.022363,13380.0
1753503780973,04:23:00.973,ACH/USDT:USDT,0.022355,12352.0,0.022354,2237.0,0.022356,313.0,0.022361,284463.0
1753503780973,04:23:00.973,ACH/USDT:USDT,0.022355,12352.0,0.022354,2237.0,0.022356,313.0,0.022361,284463.0
1753503781123,04:23:01.123,ACH/USDT:USDT,0.022355,12352.0,0.022354,2237.0,0.022356,313.0,0.02236,85339.0
1753503781123,04:23:01.123,ACH/USDT:USDT,0.022355,12352.0,0.022354,2237.0,0.022356,313.0,0.02236,85339.0
1753503781273,04:23:01.273,ACH/USDT:USDT,0.022355,12352.0,0.022354,2237.0,0.022356,313.0,0.02236,85339.0
1753503781273,04:23:01.273,ACH/USDT:USDT,0.022355,12352.0,0.022354,2237.0,0.022356,313.0,0.02236,85339.0
1753503781423,04:23:01.423,ACH/USDT:USDT,0.022355,12352.0,0.022354,2237.0,0.022356,313.0,0.02236,85339.0
1753503781423,04:23:01.423,ACH/USDT:USDT,0.022355,12352.0,0.022354,2237.0,0.022356,313.0,0.02236,85339.0
1753503781574,04:23:01.574,ACH/USDT:USDT,0.022355,12352.0,0.022354,2237.0,0.022356,313.0,0.02236,85339.0
1753503781574,04:23:01.574,ACH/USDT:USDT,0.022355,12352.0,0.022354,2237.0,0.022356,313.0,0.02236,85339.0
1753503781724,04:23:01.724,ACH/USDT:USDT,0.022355,12352.0,0.022354,2237.0,0.022356,313.0,0.02236,85339.0
1753503781724,04:23:01.724,ACH/USDT:USDT,0.022355,12352.0,0.022354,2237.0,0.022356,313.0,0.02236,85339.0
1753503781874,04:23:01.874,ACH/USDT:USDT,0.022355,12352.0,0.022354,2237.0,0.022356,313.0,0.02236,85339.0
1753503781874,04:23:01.874,ACH/USDT:USDT,0.022355,12352.0,0.022354,2237.0,0.022356,313.0,0.02236,85339.0
1753503782024,04:23:02.024,ACH/USDT:USDT,0.022355,12352.0,0.022354,2237.0,0.022356,313.0,0.02236,85339.0
1753503782174,04:23:02.174,ACH/USDT:USDT,0.022355,12352.0,0.022354,2237.0,0.022356,313.0,0.02236,85339.0
1753503782174,04:23:02.174,ACH/USDT:USDT,0.022355,12352.0,0.022354,2237.0,0.022356,313.0,0.02236,85339.0
1753503782324,04:23:02.324,ACH/USDT:USDT,0.022355,12352.0,0.022354,2237.0,0.022356,313.0,0.02236,85339.0
1753503782474,04:23:02.474,ACH/USDT:USDT,0.022355,12352.0,0.022354,2237.0,0.022356,313.0,0.02236,85339.0
1753503782474,04:23:02.474,ACH/USDT:USDT,0.022355,12352.0,0.022354,2237.0,0.022356,313.0,0.02236,85339.0
1753503782624,04:23:02.624,ACH/USDT:USDT,0.022355,12352.0,0.022354,2237.0,0.022356,313.0,0.02236,85339.0
1753503782624,04:23:02.624,ACH/USDT:USDT,0.022355,12352.0,0.022354,2237.0,0.022356,313.0,0.02236,85339.0
1753503782774,04:23:02.774,ACH/USDT:USDT,0.022355,12352.0,0.022354,2237.0,0.022356,313.0,0.02236,85339.0
1753503782925,04:23:02.925,ACH/USDT:USDT,0.022355,12352.0,0.022354,2237.0,0.022356,313.0,0.02236,85339.0
1753503782925,04:23:02.925,ACH/USDT:USDT,0.022355,12352.0,0.022354,2237.0,0.022356,313.0,0.02236,85339.0
1753503783075,04:23:03.075,ACH/USDT:USDT,0.022355,12352.0,0.022354,2237.0,0.022356,313.0,0.02236,85339.0
1753503783075,04:23:03.075,ACH/USDT:USDT,0.022355,12352.0,0.022354,2237.0,0.022356,313.0,0.02236,85339.0
1753503783225,04:23:03.225,ACH/USDT:USDT,0.022354,2237.0,0.022353,5439.0,0.022356,313.0,0.022358,2797.0
1753503783225,04:23:03.225,ACH/USDT:USDT,0.022354,2237.0,0.022353,5439.0,0.022356,313.0,0.022358,2797.0
1753503783375,04:23:03.375,ACH/USDT:USDT,0.022354,2908.0,0.022352,5445.0,0.022356,313.0,0.022358,2797.0
1753503783525,04:23:03.525,ACH/USDT:USDT,0.022354,2908.0,0.022352,5445.0,0.022356,284780.0,0.022358,2797.0
1753503783675,04:23:03.675,ACH/USDT:USDT,0.022354,2908.0,0.022352,5445.0,0.022356,284780.0,0.022358,2797.0
1753503783675,04:23:03.675,ACH/USDT:USDT,0.022354,2908.0,0.022352,5445.0,0.022356,284780.0,0.022358,2797.0
1753503783825,04:23:03.825,ACH/USDT:USDT,0.022354,2908.0,0.022352,5445.0,0.022356,284780.0,0.022358,2797.0
1753503783825,04:23:03.825,ACH/USDT:USDT,0.022354,2908.0,0.022352,5445.0,0.022356,284780.0,0.022358,2797.0
1753503783975,04:23:03.975,ACH/USDT:USDT,0.022354,2908.0,0.022352,5445.0,0.022356,284780.0,0.022358,2797.0
1753503783975,04:23:03.975,ACH/USDT:USDT,0.022354,2908.0,0.022352,5445.0,0.022356,284780.0,0.022358,2797.0
1753503784125,04:23:04.125,ACH/USDT:USDT,0.022354,2908.0,0.022352,5445.0,0.022356,284780.0,0.022358,2797.0
1753503784125,04:23:04.125,ACH/USDT:USDT,0.022354,2908.0,0.022352,5445.0,0.022356,284780.0,0.022358,2797.0
1753503784275,04:23:04.275,ACH/USDT:USDT,0.022354,2908.0,0.022352,5445.0,0.022356,284780.0,0.022358,2797.0
1753503784425,04:23:04.425,ACH/USDT:USDT,0.022354,2908.0,0.022352,5445.0,0.022356,284780.0,0.022358,2797.0
1753503784425,04:23:04.425,ACH/USDT:USDT,0.022354,2908.0,0.022352,5445.0,0.022356,284780.0,0.022358,2797.0
1753503784576,04:23:04.576,ACH/USDT:USDT,0.022354,2908.0,0.022352,5445.0,0.022356,284780.0,0.022358,2797.0
1753503784576,04:23:04.576,ACH/USDT:USDT,0.022354,2908.0,0.022352,5445.0,0.022356,284780.0,0.022358,2797.0
1753503784726,04:23:04.726,ACH/USDT:USDT,0.022354,2908.0,0.022352,5445.0,0.022356,284780.0,0.022358,2797.0
1753503784726,04:23:04.726,ACH/USDT:USDT,0.022354,2908.0,0.022352,5445.0,0.022356,284780.0,0.022358,2797.0
1753503784876,04:23:04.876,ACH/USDT:USDT,0.022354,2908.0,0.022352,5445.0,0.022356,284780.0,0.022358,2797.0
1753503785026,04:23:05.026,ACH/USDT:USDT,0.022354,2908.0,0.022352,5445.0,0.022356,284780.0,0.022358,2797.0
1753503785026,04:23:05.026,ACH/USDT:USDT,0.022354,2908.0,0.022352,5445.0,0.022356,284780.0,0.022358,2797.0
1753503785176,04:23:05.176,ACH/USDT:USDT,0.022354,2908.0,0.022352,5445.0,0.022356,284780.0,0.022358,2797.0
1753503785176,04:23:05.176,ACH/USDT:USDT,0.022354,2908.0,0.022352,5445.0,0.022356,284780.0,0.022358,2797.0
1753503785326,04:23:05.326,ACH/USDT:USDT,0.022354,2908.0,0.022352,5445.0,0.022356,284780.0,0.022358,2797.0
1753503785326,04:23:05.326,ACH/USDT:USDT,0.022354,2908.0,0.022352,5445.0,0.022356,284780.0,0.022358,2797.0
1753503785476,04:23:05.476,ACH/USDT:USDT,0.022354,2908.0,0.022352,5445.0,0.022356,284780.0,0.022358,2797.0
1753503785626,04:23:05.626,ACH/USDT:USDT,0.022354,2908.0,0.022352,5445.0,0.022356,284780.0,0.022358,2797.0
1753503785626,04:23:05.626,ACH/USDT:USDT,0.022354,2908.0,0.022352,5445.0,0.022356,284780.0,0.022358,2797.0
1753503785776,04:23:05.776,ACH/USDT:USDT,0.022352,5445.0,0.02235,2797.0,0.022356,284780.0,0.022358,2797.0
1753503785776,04:23:05.776,ACH/USDT:USDT,0.022352,5445.0,0.02235,2797.0,0.022356,284780.0,0.022358,2797.0
1753503785926,04:23:05.926,ACH/USDT:USDT,0.022352,8353.0,0.02235,8246.0,0.022355,88342.0,0.022356,284780.0
1753503785926,04:23:05.926,ACH/USDT:USDT,0.022352,8353.0,0.02235,8246.0,0.022355,88342.0,0.022356,284780.0
1753503786227,04:23:06.227,ACH/USDT:USDT,0.022352,8353.0,0.022351,2237.0,0.022355,85434.0,0.022356,284467.0
1753503786227,04:23:06.227,ACH/USDT:USDT,0.022352,8353.0,0.022351,2237.0,0.022355,85434.0,0.022356,284467.0
1753503786377,04:23:06.377,ACH/USDT:USDT,0.022352,8353.0,0.022351,2237.0,0.022355,85434.0,0.022356,284467.0
1753503786377,04:23:06.377,ACH/USDT:USDT,0.022352,8353.0,0.022351,2237.0,0.022355,85434.0,0.022356,284467.0
1753503786527,04:23:06.527,ACH/USDT:USDT,0.022352,8353.0,0.022351,2237.0,0.022355,85434.0,0.022356,284467.0
1753503786527,04:23:06.527,ACH/USDT:USDT,0.022352,8353.0,0.022351,2237.0,0.022355,85434.0,0.022356,284467.0
1753503786677,04:23:06.677,ACH/USDT:USDT,0.022352,8353.0,0.022351,2237.0,0.022355,85434.0,0.022356,284467.0
1753503786677,04:23:06.677,ACH/USDT:USDT,0.022352,8353.0,0.022351,2237.0,0.022355,85434.0,0.022356,284467.0
1753503786827,04:23:06.827,ACH/USDT:USDT,0.022352,5445.0,0.02235,8246.0,0.022355,85434.0,0.022356,284467.0
1753503786827,04:23:06.827,ACH/USDT:USDT,0.022352,5445.0,0.02235,8246.0,0.022355,85434.0,0.022356,284467.0
1753503786977,04:23:06.977,ACH/USDT:USDT,0.022352,5445.0,0.02235,5449.0,0.022354,2907.0,0.022355,85434.0
1753503786977,04:23:06.977,ACH/USDT:USDT,0.022352,5445.0,0.02235,5449.0,0.022354,2907.0,0.022355,85434.0
1753503787127,04:23:07.127,ACH/USDT:USDT,0.022352,8352.0,0.02235,5449.0,0.022355,85434.0,0.022356,284467.0
1753503787127,04:23:07.127,ACH/USDT:USDT,0.022352,8352.0,0.02235,5449.0,0.022355,85434.0,0.022356,284467.0
1753503787277,04:23:07.277,ACH/USDT:USDT,0.022352,5445.0,0.02235,5449.0,0.022355,85434.0,0.022356,284467.0
1753503787427,04:23:07.427,ACH/USDT:USDT,0.022352,5445.0,0.02235,5449.0,0.022355,85434.0,0.022356,284467.0
1753503787427,04:23:07.427,ACH/USDT:USDT,0.022352,5445.0,0.02235,5449.0,0.022355,85434.0,0.022356,284467.0
1753503787577,04:23:07.577,ACH/USDT:USDT,0.022352,8352.0,0.02235,5449.0,0.022355,85434.0,0.022356,284467.0
1753503787577,04:23:07.577,ACH/USDT:USDT,0.022352,8352.0,0.02235,5449.0,0.022355,85434.0,0.022356,284467.0
1753503787727,04:23:07.727,ACH/USDT:USDT,0.022352,8352.0,0.02235,5449.0,0.022355,85434.0,0.022356,284467.0
1753503787727,04:23:07.727,ACH/USDT:USDT,0.022352,8352.0,0.02235,5449.0,0.022355,85434.0,0.022356,284467.0
1753503787878,04:23:07.878,ACH/USDT:USDT,0.022353,2907.0,0.022352,5445.0,0.022355,85434.0,0.022356,284467.0
1753503787878,04:23:07.878,ACH/USDT:USDT,0.022353,2907.0,0.022352,5445.0,0.022355,85434.0,0.022356,284467.0
1753503788028,04:23:08.028,ACH/USDT:USDT,0.022353,2907.0,0.022351,5454.0,0.022355,85434.0,0.022356,284467.0
1753503788028,04:23:08.028,ACH/USDT:USDT,0.022353,2907.0,0.022351,5454.0,0.022355,85434.0,0.022356,284467.0
1753503788178,04:23:08.178,ACH/USDT:USDT,0.022353,2907.0,0.022351,5454.0,0.022355,85434.0,0.022356,284467.0
1753503788178,04:23:08.178,ACH/USDT:USDT,0.022353,2907.0,0.022351,5454.0,0.022355,85434.0,0.022356,284467.0
1753503788328,04:23:08.328,ACH/USDT:USDT,0.022351,5454.0,0.022349,2720.0,0.022355,85434.0,0.022356,284467.0
1753503788328,04:23:08.328,ACH/USDT:USDT,0.022351,5454.0,0.022349,2720.0,0.022355,85434.0,0.022356,284467.0
1753503788478,04:23:08.478,ACH/USDT:USDT,0.022351,5454.0,0.022349,5454.0,0.022355,85434.0,0.022356,284467.0
1753503788478,04:23:08.478,ACH/USDT:USDT,0.022351,5454.0,0.022349,5454.0,0.022355,85434.0,0.022356,284467.0
1753503788628,04:23:08.628,ACH/USDT:USDT,0.022352,2907.0,0.022351,5454.0,0.022355,85434.0,0.022356,284467.0
1753503788778,04:23:08.778,ACH/USDT:USDT,0.022353,9444.0,0.022352,2907.0,0.022355,85434.0,0.022356,284467.0
1753503788928,04:23:08.928,ACH/USDT:USDT,0.022353,9444.0,0.022352,2907.0,0.022355,85434.0,0.022356,284467.0
1753503788928,04:23:08.928,ACH/USDT:USDT,0.022353,9444.0,0.022352,2907.0,0.022355,85434.0,0.022356,284467.0
1753503789078,04:23:09.078,ACH/USDT:USDT,0.022353,12351.0,0.022351,5454.0,0.022355,85434.0,0.022356,284467.0
1753503789078,04:23:09.078,ACH/USDT:USDT,0.022353,12351.0,0.022351,5454.0,0.022355,85434.0,0.022356,284467.0
1753503789228,04:23:09.228,ACH/USDT:USDT,0.022354,2907.0,0.022353,9444.0,0.022355,85434.0,0.022356,284467.0
1753503789379,04:23:09.379,ACH/USDT:USDT,0.022354,2907.0,0.022352,5457.0,0.022356,284467.0,0.022358,2797.0
1753503789379,04:23:09.379,ACH/USDT:USDT,0.022354,2907.0,0.022352,5457.0,0.022356,284467.0,0.022358,2797.0
1753503789529,04:23:09.529,ACH/USDT:USDT,0.022354,2907.0,0.022352,5457.0,0.022356,284467.0,0.022358,2797.0
1753503789529,04:23:09.529,ACH/USDT:USDT,0.022354,2907.0,0.022352,5457.0,0.022356,284467.0,0.022358,2797.0
1753503789679,04:23:09.679,ACH/USDT:USDT,0.022354,2907.0,0.022352,5457.0,0.022356,284467.0,0.022358,2797.0
1753503789829,04:23:09.829,ACH/USDT:USDT,0.022354,2907.0,0.022352,5457.0,0.022356,284467.0,0.022358,2797.0
1753503789829,04:23:09.829,ACH/USDT:USDT,0.022354,2907.0,0.022352,5457.0,0.022356,284467.0,0.022358,2797.0
1753503789979,04:23:09.979,ACH/USDT:USDT,0.022354,2907.0,0.022352,5457.0,0.022356,284467.0,0.022358,2797.0
1753503789979,04:23:09.979,ACH/USDT:USDT,0.022354,2907.0,0.022352,5457.0,0.022356,284467.0,0.022358,2797.0
1753503790129,04:23:10.129,ACH/USDT:USDT,0.022354,2907.0,0.022352,5457.0,0.022356,284467.0,0.022358,2797.0
1753503790279,04:23:10.279,ACH/USDT:USDT,0.022354,2907.0,0.022352,5457.0,0.022356,284467.0,0.022358,2797.0
1753503790279,04:23:10.279,ACH/USDT:USDT,0.022354,2907.0,0.022352,5457.0,0.022356,284467.0,0.022358,2797.0
1753503790429,04:23:10.429,ACH/USDT:USDT,0.022354,2907.0,0.022352,5457.0,0.022356,284467.0,0.022358,2797.0
1753503790429,04:23:10.429,ACH/USDT:USDT,0.022354,2907.0,0.022352,5457.0,0.022356,284467.0,0.022358,2797.0
1753503790579,04:23:10.579,ACH/USDT:USDT,0.022354,2907.0,0.022352,5457.0,0.022356,284467.0,0.022358,2797.0
1753503790579,04:23:10.579,ACH/USDT:USDT,0.022354,2907.0,0.022352,5457.0,0.022356,284467.0,0.022358,2797.0
1753503790729,04:23:10.729,ACH/USDT:USDT,0.022354,2907.0,0.022352,5457.0,0.022356,284467.0,0.022359,2908.0
1753503790729,04:23:10.729,ACH/USDT:USDT,0.022354,2907.0,0.022352,5457.0,0.022356,284467.0,0.022359,2908.0
1753503790879,04:23:10.879,ACH/USDT:USDT,0.022354,2907.0,0.022352,5457.0,0.022356,284467.0,0.022361,313.0
1753503790879,04:23:10.879,ACH/USDT:USDT,0.022354,2907.0,0.022352,5457.0,0.022356,284467.0,0.022361,313.0
1753503791030,04:23:11.030,ACH/USDT:USDT,0.022354,4643.0,0.022353,3387.0,0.022356,284467.0,0.022361,313.0
1753503791180,04:23:11.180,ACH/USDT:USDT,0.022355,2907.0,0.022354,1736.0,0.022356,284467.0,0.022361,313.0
1753503791180,04:23:11.180,ACH/USDT:USDT,0.022355,2907.0,0.022354,1736.0,0.022356,284467.0,0.022361,313.0
1753503791330,04:23:11.330,ACH/USDT:USDT,0.022355,2907.0,0.022354,1736.0,0.022356,284467.0,0.022361,313.0
1753503791480,04:23:11.480,ACH/USDT:USDT,0.022355,12352.0,0.022354,1736.0,0.022356,284467.0,0.022361,313.0
1753503791480,04:23:11.480,ACH/USDT:USDT,0.022355,12352.0,0.022354,1736.0,0.022356,284467.0,0.022361,313.0
1753503791630,04:23:11.630,ACH/USDT:USDT,0.022355,12352.0,0.022354,1736.0,0.022356,284467.0,0.022361,313.0
1753503791630,04:23:11.630,ACH/USDT:USDT,0.022355,12352.0,0.022354,1736.0,0.022356,284467.0,0.022361,313.0
1753503791780,04:23:11.780,ACH/USDT:USDT,0.022355,12352.0,0.022354,1736.0,0.022356,284467.0,0.022361,313.0
1753503791930,04:23:11.930,ACH/USDT:USDT,0.022355,12352.0,0.022354,1736.0,0.022356,284467.0,0.022361,313.0
1753503791930,04:23:11.930,ACH/USDT:USDT,0.022355,12352.0,0.022354,1736.0,0.022356,284467.0,0.022361,313.0
1753503792080,04:23:12.080,ACH/USDT:USDT,0.022355,12352.0,0.022354,1736.0,0.022356,284467.0,0.022361,313.0
1753503792080,04:23:12.080,ACH/USDT:USDT,0.022355,12352.0,0.022354,1736.0,0.022356,284467.0,0.022361,313.0
1753503792230,04:23:12.230,ACH/USDT:USDT,0.022355,12352.0,0.022354,1736.0,0.022356,284467.0,0.022361,313.0
1753503792230,04:23:12.230,ACH/USDT:USDT,0.022355,12352.0,0.022354,1736.0,0.022356,284467.0,0.022361,313.0
1753503792380,04:23:12.380,ACH/USDT:USDT,0.022355,12352.0,0.022354,1736.0,0.022356,284467.0,0.022361,313.0
1753503792380,04:23:12.380,ACH/USDT:USDT,0.022355,12352.0,0.022354,1736.0,0.022356,284467.0,0.022361,313.0
1753503792531,04:23:12.531,ACH/USDT:USDT,0.022355,12352.0,0.022354,1736.0,0.022356,284467.0,0.022361,313.0
1753503792531,04:23:12.531,ACH/USDT:USDT,0.022355,12352.0,0.022354,1736.0,0.022356,284467.0,0.022361,313.0
1753503792681,04:23:12.681,ACH/USDT:USDT,0.022355,12352.0,0.022354,1736.0,0.022356,284467.0,0.022361,313.0
1753503792681,04:23:12.681,ACH/USDT:USDT,0.022355,12352.0,0.022354,1736.0,0.022356,284467.0,0.022361,313.0
1753503792831,04:23:12.831,ACH/USDT:USDT,0.022355,12352.0,0.022354,1736.0,0.022356,284467.0,0.022361,313.0
1753503792831,04:23:12.831,ACH/USDT:USDT,0.022355,12352.0,0.022354,1736.0,0.022356,284467.0,0.022361,313.0
1753503792981,04:23:12.981,ACH/USDT:USDT,0.022355,12352.0,0.022354,1736.0,0.022356,284467.0,0.022361,313.0
1753503793131,04:23:13.131,ACH/USDT:USDT,0.022355,12352.0,0.022354,1736.0,0.022356,284467.0,0.022361,313.0
1753503793131,04:23:13.131,ACH/USDT:USDT,0.022355,12352.0,0.022354,1736.0,0.022356,284467.0,0.022361,313.0
1753503793281,04:23:13.281,ACH/USDT:USDT,0.022355,12352.0,0.022354,1736.0,0.022356,284467.0,0.022361,313.0
1753503793281,04:23:13.281,ACH/USDT:USDT,0.022355,12352.0,0.022354,1736.0,0.022356,284467.0,0.022361,313.0
1753503793431,04:23:13.431,ACH/USDT:USDT,0.022355,12352.0,0.022354,1736.0,0.022356,284467.0,0.022361,313.0
1753503793431,04:23:13.431,ACH/USDT:USDT,0.022355,12352.0,0.022354,1736.0,0.022356,284467.0,0.022361,313.0
1753503793581,04:23:13.581,ACH/USDT:USDT,0.022355,12352.0,0.022354,1736.0,0.022356,284467.0,0.022361,313.0
1753503793581,04:23:13.581,ACH/USDT:USDT,0.022355,12352.0,0.022354,1736.0,0.022356,284467.0,0.022361,313.0
1753503793731,04:23:13.731,ACH/USDT:USDT,0.022355,12352.0,0.022354,1736.0,0.022356,284467.0,0.022361,313.0
1753503793731,04:23:13.731,ACH/USDT:USDT,0.022355,12352.0,0.022354,1736.0,0.022356,284467.0,0.022361,313.0
1753503793881,04:23:13.881,ACH/USDT:USDT,0.022355,12352.0,0.022354,1736.0,0.022356,284467.0,0.022361,313.0
1753503793881,04:23:13.881,ACH/USDT:USDT,0.022355,12352.0,0.022354,1736.0,0.022356,284467.0,0.022361,313.0
1753503794031,04:23:14.031,ACH/USDT:USDT,0.022354,1736.0,0.022353,8847.0,0.022356,284467.0,0.022361,313.0
1753503794031,04:23:14.031,ACH/USDT:USDT,0.022354,1736.0,0.022353,8847.0,0.022356,284467.0,0.022361,313.0
1753503794182,04:23:14.182,ACH/USDT:USDT,0.022354,4643.0,0.022353,3387.0,0.022356,284467.0,0.022361,313.0
1753503794182,04:23:14.182,ACH/USDT:USDT,0.022354,4643.0,0.022353,3387.0,0.022356,284467.0,0.022361,313.0
1753503794332,04:23:14.332,ACH/USDT:USDT,0.022354,1736.0,0.022353,3387.0,0.022356,284467.0,0.022361,313.0
1753503794482,04:23:14.482,ACH/USDT:USDT,0.022352,5464.0,0.02235,2720.0,0.022356,284467.0,0.022361,313.0
1753503794482,04:23:14.482,ACH/USDT:USDT,0.022352,5464.0,0.02235,2720.0,0.022356,284467.0,0.022361,313.0
1753503794632,04:23:14.632,ACH/USDT:USDT,0.022353,2907.0,0.022352,5464.0,0.022356,284467.0,0.022361,313.0
1753503794632,04:23:14.632,ACH/USDT:USDT,0.022353,2907.0,0.022352,5464.0,0.022356,284467.0,0.022361,313.0
1753503794782,04:23:14.782,ACH/USDT:USDT,0.022354,9444.0,0.022353,2907.0,0.022356,284467.0,0.022359,2720.0
1753503794932,04:23:14.932,ACH/USDT:USDT,0.022354,12351.0,0.022352,5465.0,0.022356,284467.0,0.022359,2720.0
1753503794932,04:23:14.932,ACH/USDT:USDT,0.022354,12351.0,0.022352,5465.0,0.022356,284467.0,0.022359,2720.0
1753503795082,04:23:15.082,ACH/USDT:USDT,0.022354,9444.0,0.022352,5465.0,0.022356,284467.0,0.022359,2720.0
1753503795082,04:23:15.082,ACH/USDT:USDT,0.022354,9444.0,0.022352,5465.0,0.022356,284467.0,0.022359,2720.0
1753503795232,04:23:15.232,ACH/USDT:USDT,0.022354,9444.0,0.022352,5465.0,0.022356,284467.0,0.022359,2720.0
1753503795232,04:23:15.232,ACH/USDT:USDT,0.022354,9444.0,0.022352,5465.0,0.022356,284467.0,0.022359,2720.0
1753503795382,04:23:15.382,ACH/USDT:USDT,0.022354,9444.0,0.022352,5465.0,0.022356,284467.0,0.022359,2720.0
1753503795382,04:23:15.382,ACH/USDT:USDT,0.022354,9444.0,0.022352,5465.0,0.022356,284467.0,0.022359,2720.0
1753503795532,04:23:15.532,ACH/USDT:USDT,0.022354,9444.0,0.022352,5465.0,0.022356,284467.0,0.022359,2720.0
1753503795532,04:23:15.532,ACH/USDT:USDT,0.022354,9444.0,0.022352,5465.0,0.022356,284467.0,0.022359,2720.0
1753503795682,04:23:15.682,ACH/USDT:USDT,0.022354,12351.0,0.022352,5465.0,0.022356,284467.0,0.022359,2720.0
1753503795833,04:23:15.833,ACH/USDT:USDT,0.022354,12351.0,0.022352,5465.0,0.022356,284467.0,0.022359,2720.0
1753503795983,04:23:15.983,ACH/USDT:USDT,0.022354,12351.0,0.022352,5465.0,0.022356,284467.0,0.022359,2720.0
1753503795983,04:23:15.983,ACH/USDT:USDT,0.022354,12351.0,0.022352,5465.0,0.022356,284467.0,0.022359,2720.0
1753503796133,04:23:16.133,ACH/USDT:USDT,0.022354,12351.0,0.022352,5465.0,0.022356,284467.0,0.022359,2720.0
1753503796133,04:23:16.133,ACH/USDT:USDT,0.022354,12351.0,0.022352,5465.0,0.022356,284467.0,0.022359,2720.0
1753503796283,04:23:16.283,ACH/USDT:USDT,0.022354,12351.0,0.022352,5465.0,0.022356,284467.0,0.022359,2720.0
1753503796283,04:23:16.283,ACH/USDT:USDT,0.022354,12351.0,0.022352,5465.0,0.022356,284467.0,0.022359,2720.0
1753503796433,04:23:16.433,ACH/USDT:USDT,0.022354,9444.0,0.022352,5465.0,0.022356,284467.0,0.022359,2720.0
1753503796433,04:23:16.433,ACH/USDT:USDT,0.022354,9444.0,0.022352,5465.0,0.022356,284467.0,0.022359,2720.0
1753503796583,04:23:16.583,ACH/USDT:USDT,0.022355,2907.0,0.022354,9444.0,0.022356,284467.0,0.022359,2720.0
1753503796583,04:23:16.583,ACH/USDT:USDT,0.022355,2907.0,0.022354,9444.0,0.022356,284467.0,0.022359,2720.0
1753503796733,04:23:16.733,ACH/USDT:USDT,0.022355,2907.0,0.022353,5469.0,0.022356,284467.0,0.022359,2720.0
1753503796883,04:23:16.883,ACH/USDT:USDT,0.022355,2907.0,0.022353,5469.0,0.022356,284467.0,0.022359,2720.0
1753503796883,04:23:16.883,ACH/USDT:USDT,0.022355,2907.0,0.022353,5469.0,0.022356,284467.0,0.022359,2720.0
1753503797033,04:23:17.033,ACH/USDT:USDT,0.022355,2907.0,0.022353,5469.0,0.022356,284467.0,0.022359,2720.0
1753503797183,04:23:17.183,ACH/USDT:USDT,0.022355,2907.0,0.022353,5469.0,0.022356,284467.0,0.022359,2720.0
1753503797333,04:23:17.333,ACH/USDT:USDT,0.022355,2907.0,0.022353,5469.0,0.022356,284467.0,0.022359,2720.0
1753503797484,04:23:17.484,ACH/USDT:USDT,0.022355,2907.0,0.022353,5469.0,0.022356,284467.0,0.022359,2720.0
1753503797484,04:23:17.484,ACH/USDT:USDT,0.022355,2907.0,0.022353,5469.0,0.022356,284467.0,0.022359,2720.0
1753503797634,04:23:17.634,ACH/USDT:USDT,0.022353,5469.0,0.02235,2720.0,0.022356,284467.0,0.022359,2720.0
1753503797634,04:23:17.634,ACH/USDT:USDT,0.022353,5469.0,0.02235,2720.0,0.022356,284467.0,0.022359,2720.0
1753503797784,04:23:17.784,ACH/USDT:USDT,0.022354,2927.0,0.022353,5469.0,0.022355,85340.0,0.022356,284467.0
1753503797784,04:23:17.784,ACH/USDT:USDT,0.022354,2927.0,0.022353,5469.0,0.022355,85340.0,0.022356,284467.0
1753503797934,04:23:17.934,ACH/USDT:USDT,0.022354,12372.0,0.022352,5471.0,0.022356,284467.0,0.022359,2720.0
1753503797934,04:23:17.934,ACH/USDT:USDT,0.022354,12372.0,0.022352,5471.0,0.022356,284467.0,0.022359,2720.0
1753503798084,04:23:18.084,ACH/USDT:USDT,0.022355,12371.0,0.022354,9445.0,0.022356,284467.0,0.022362,2908.0
1753503798084,04:23:18.084,ACH/USDT:USDT,0.022355,12371.0,0.022354,9445.0,0.022356,284467.0,0.022362,2908.0
1753503798234,04:23:18.234,ACH/USDT:USDT,0.022355,12371.0,0.022354,1736.0,0.022356,284467.0,0.022362,2908.0
1753503798234,04:23:18.234,ACH/USDT:USDT,0.022355,12371.0,0.022354,1736.0,0.022356,284467.0,0.022362,2908.0
1753503798384,04:23:18.384,ACH/USDT:USDT,0.022355,12371.0,0.022354,1736.0,0.022356,284467.0,0.022362,2908.0
1753503798384,04:23:18.384,ACH/USDT:USDT,0.022355,12371.0,0.022354,1736.0,0.022356,284467.0,0.022362,2908.0
1753503798534,04:23:18.534,ACH/USDT:USDT,0.022355,12371.0,0.022354,1736.0,0.022356,284467.0,0.022362,2908.0
1753503798534,04:23:18.534,ACH/USDT:USDT,0.022355,12371.0,0.022354,1736.0,0.022356,284467.0,0.022362,2908.0
1753503798684,04:23:18.684,ACH/USDT:USDT,0.022355,12371.0,0.022354,1736.0,0.022356,284467.0,0.022362,2908.0
1753503798684,04:23:18.684,ACH/USDT:USDT,0.022355,12371.0,0.022354,1736.0,0.022356,284467.0,0.022362,2908.0
1753503798834,04:23:18.834,ACH/USDT:USDT,0.022355,12371.0,0.022354,3973.0,0.022356,284467.0,0.022362,2908.0
1753503798834,04:23:18.834,ACH/USDT:USDT,0.022355,12371.0,0.022354,3973.0,0.022356,284467.0,0.022362,2908.0
1753503798985,04:23:18.985,ACH/USDT:USDT,0.022355,12371.0,0.022354,3973.0,0.022356,284467.0,0.022362,2908.0
1753503799135,04:23:19.135,ACH/USDT:USDT,0.022355,12371.0,0.022354,3973.0,0.022356,284467.0,0.022362,2908.0
1753503799135,04:23:19.135,ACH/USDT:USDT,0.022355,12371.0,0.022354,3973.0,0.022356,284467.0,0.022362,2908.0
1753503799285,04:23:19.285,ACH/USDT:USDT,0.022355,12371.0,0.022354,3973.0,0.022356,284467.0,0.022362,2908.0
1753503799285,04:23:19.285,ACH/USDT:USDT,0.022355,12371.0,0.022354,3973.0,0.022356,284467.0,0.022362,2908.0
1753503799435,04:23:19.435,ACH/USDT:USDT,0.022355,12371.0,0.022354,3973.0,0.022356,284467.0,0.022362,2908.0
1753503799435,04:23:19.435,ACH/USDT:USDT,0.022355,12371.0,0.022354,3973.0,0.022356,284467.0,0.022362,2908.0
1753503799585,04:23:19.585,ACH/USDT:USDT,0.022355,12371.0,0.022354,3973.0,0.022356,284467.0,0.022362,2908.0
1753503799585,04:23:19.585,ACH/USDT:USDT,0.022355,12371.0,0.022354,3973.0,0.022356,284467.0,0.022362,2908.0
1753503799735,04:23:19.735,ACH/USDT:USDT,0.022355,12371.0,0.022354,3973.0,0.022356,284467.0,0.022362,2908.0
1753503799735,04:23:19.735,ACH/USDT:USDT,0.022355,12371.0,0.022354,3973.0,0.022356,284467.0,0.022362,2908.0
1753503799885,04:23:19.885,ACH/USDT:USDT,0.022355,12371.0,0.022354,3973.0,0.022356,284467.0,0.022362,2908.0
1753503799885,04:23:19.885,ACH/USDT:USDT,0.022355,12371.0,0.022354,3973.0,0.022356,284467.0,0.022362,2908.0
1753503800035,04:23:20.035,ACH/USDT:USDT,0.022355,12371.0,0.022354,3973.0,0.022356,284467.0,0.022362,2908.0
1753503800035,04:23:20.035,ACH/USDT:USDT,0.022355,12371.0,0.022354,3973.0,0.022356,284467.0,0.022362,2908.0
1753503800185,04:23:20.185,ACH/USDT:USDT,0.022354,3973.0,0.022353,8858.0,0.022356,284467.0,0.02236,2720.0
1753503800185,04:23:20.185,ACH/USDT:USDT,0.022354,3973.0,0.022353,8858.0,0.022356,284467.0,0.02236,2720.0
1753503800335,04:23:20.335,ACH/USDT:USDT,0.022354,2927.0,0.022352,5475.0,0.022356,284467.0,0.02236,2720.0
1753503800335,04:23:20.335,ACH/USDT:USDT,0.022354,2927.0,0.022352,5475.0,0.022356,284467.0,0.02236,2720.0
1753503800485,04:23:20.485,ACH/USDT:USDT,0.022354,2927.0,0.022352,5475.0,0.022356,284467.0,0.02236,2720.0
1753503800485,04:23:20.485,ACH/USDT:USDT,0.022354,2927.0,0.022352,5475.0,0.022356,284467.0,0.02236,2720.0
1753503800635,04:23:20.635,ACH/USDT:USDT,0.022354,2927.0,0.022352,5475.0,0.022356,284467.0,0.02236,2720.0
1753503800635,04:23:20.635,ACH/USDT:USDT,0.022354,2927.0,0.022352,5475.0,0.022356,284467.0,0.02236,2720.0
1753503800786,04:23:20.786,ACH/USDT:USDT,0.022354,2927.0,0.022352,5475.0,0.022356,284467.0,0.02236,2720.0
1753503800786,04:23:20.786,ACH/USDT:USDT,0.022354,2927.0,0.022352,5475.0,0.022356,284467.0,0.02236,2720.0
1753503800936,04:23:20.936,ACH/USDT:USDT,0.022354,2927.0,0.022352,5475.0,0.022356,284467.0,0.02236,2720.0
1753503801086,04:23:21.086,ACH/USDT:USDT,0.022354,2927.0,0.022352,5475.0,0.022356,284467.0,0.02236,2720.0
1753503801086,04:23:21.086,ACH/USDT:USDT,0.022354,2927.0,0.022352,5475.0,0.022356,284467.0,0.02236,2720.0
1753503801236,04:23:21.236,ACH/USDT:USDT,0.022354,2927.0,0.022352,5475.0,0.022356,284467.0,0.02236,2720.0
1753503801236,04:23:21.236,ACH/USDT:USDT,0.022354,2927.0,0.022352,5475.0,0.022356,284467.0,0.02236,2720.0
1753503801386,04:23:21.386,ACH/USDT:USDT,0.022354,2927.0,0.022352,5475.0,0.022356,284467.0,0.02236,2720.0
1753503801386,04:23:21.386,ACH/USDT:USDT,0.022354,2927.0,0.022352,5475.0,0.022356,284467.0,0.02236,2720.0
1753503801536,04:23:21.536,ACH/USDT:USDT,0.022354,2927.0,0.022352,5475.0,0.022356,284467.0,0.02236,2720.0
1753503801536,04:23:21.536,ACH/USDT:USDT,0.022354,2927.0,0.022352,5475.0,0.022356,284467.0,0.02236,2720.0
1753503801686,04:23:21.686,ACH/USDT:USDT,0.022354,2927.0,0.022352,5475.0,0.022356,284467.0,0.02236,2720.0
1753503801686,04:23:21.686,ACH/USDT:USDT,0.022354,2927.0,0.022352,5475.0,0.022356,284467.0,0.02236,2720.0
1753503801836,04:23:21.836,ACH/USDT:USDT,0.022354,2927.0,0.022352,5475.0,0.022356,284467.0,0.02236,2720.0
1753503801986,04:23:21.986,ACH/USDT:USDT,0.022354,2927.0,0.022352,5475.0,0.022356,284467.0,0.02236,2720.0
1753503802136,04:23:22.136,ACH/USDT:USDT,0.022354,2927.0,0.022352,5475.0,0.022356,284467.0,0.02236,2720.0
1753503802136,04:23:22.136,ACH/USDT:USDT,0.022354,2927.0,0.022352,5475.0,0.022356,284467.0,0.02236,2720.0
1753503802286,04:23:22.286,ACH/USDT:USDT,0.022354,2927.0,0.022352,5475.0,0.022356,284467.0,0.02236,2720.0
1753503802286,04:23:22.286,ACH/USDT:USDT,0.022354,2927.0,0.022352,5475.0,0.022356,284467.0,0.02236,2720.0
1753503802437,04:23:22.437,ACH/USDT:USDT,0.022354,2927.0,0.022352,5475.0,0.022356,284467.0,0.02236,2720.0
1753503802437,04:23:22.437,ACH/USDT:USDT,0.022354,2927.0,0.022352,5475.0,0.022356,284467.0,0.02236,2720.0
1753503802587,04:23:22.587,ACH/USDT:USDT,0.022354,2927.0,0.022352,5475.0,0.022356,284467.0,0.02236,2720.0
1753503802737,04:23:22.737,ACH/USDT:USDT,0.022354,2927.0,0.022352,5475.0,0.022356,284467.0,0.02236,2720.0
1753503802737,04:23:22.737,ACH/USDT:USDT,0.022354,2927.0,0.022352,5475.0,0.022356,284467.0,0.02236,2720.0
1753503802887,04:23:22.887,ACH/USDT:USDT,0.022354,2927.0,0.022352,5475.0,0.022356,284467.0,0.02236,2720.0
1753503802887,04:23:22.887,ACH/USDT:USDT,0.022354,2927.0,0.022352,5475.0,0.022356,284467.0,0.02236,2720.0
1753503803037,04:23:23.037,ACH/USDT:USDT,0.022354,2927.0,0.022352,5475.0,0.022356,284467.0,0.02236,2720.0
1753503803037,04:23:23.037,ACH/USDT:USDT,0.022354,2927.0,0.022352,5475.0,0.022356,284467.0,0.02236,2720.0
1753503803187,04:23:23.187,ACH/USDT:USDT,0.022354,2927.0,0.022352,5475.0,0.022356,284467.0,0.02236,2720.0
1753503803187,04:23:23.187,ACH/USDT:USDT,0.022354,2927.0,0.022352,5475.0,0.022356,284467.0,0.02236,2720.0
1753503803337,04:23:23.337,ACH/USDT:USDT,0.022354,2927.0,0.022352,5475.0,0.022356,284467.0,0.02236,2720.0
1753503803337,04:23:23.337,ACH/USDT:USDT,0.022354,2927.0,0.022352,5475.0,0.022356,284467.0,0.02236,2720.0
1753503803487,04:23:23.487,ACH/USDT:USDT,0.022354,2927.0,0.022352,5475.0,0.022356,284467.0,0.02236,2720.0
1753503803487,04:23:23.487,ACH/USDT:USDT,0.022354,2927.0,0.022352,5475.0,0.022356,284467.0,0.02236,2720.0
1753503803637,04:23:23.637,ACH/USDT:USDT,0.022354,2927.0,0.022352,5475.0,0.022356,284467.0,0.02236,2720.0
1753503803637,04:23:23.637,ACH/USDT:USDT,0.022354,2927.0,0.022352,5475.0,0.022356,284467.0,0.02236,2720.0
1753503803787,04:23:23.787,ACH/USDT:USDT,0.022354,2927.0,0.022352,5475.0,0.022356,284467.0,0.02236,2720.0
1753503803787,04:23:23.787,ACH/USDT:USDT,0.022354,2927.0,0.022352,5475.0,0.022356,284467.0,0.02236,2720.0
1753503803938,04:23:23.938,ACH/USDT:USDT,0.022354,2927.0,0.022352,5475.0,0.022356,284467.0,0.02236,2720.0
1753503803938,04:23:23.938,ACH/USDT:USDT,0.022354,2927.0,0.022352,5475.0,0.022356,284467.0,0.02236,2720.0
1753503804088,04:23:24.088,ACH/USDT:USDT,0.022354,2927.0,0.022352,5475.0,0.022356,284467.0,0.02236,2720.0
1753503804088,04:23:24.088,ACH/USDT:USDT,0.022354,2927.0,0.022352,5475.0,0.022356,284467.0,0.02236,2720.0
1753503804238,04:23:24.238,ACH/USDT:USDT,0.022354,2927.0,0.022352,5475.0,0.022356,284467.0,0.02236,2720.0
1753503804238,04:23:24.238,ACH/USDT:USDT,0.022354,2927.0,0.022352,5475.0,0.022356,284467.0,0.02236,2720.0
1753503804388,04:23:24.388,ACH/USDT:USDT,0.022352,8402.0,0.02235,2720.0,0.022356,284467.0,0.02236,2720.0
1753503804388,04:23:24.388,ACH/USDT:USDT,0.022352,8402.0,0.02235,2720.0,0.022356,284467.0,0.02236,2720.0
1753503804538,04:23:24.538,ACH/USDT:USDT,0.022353,2927.0,0.022352,5475.0,0.022356,284467.0,0.02236,2720.0
1753503804538,04:23:24.538,ACH/USDT:USDT,0.022353,2927.0,0.022352,5475.0,0.022356,284467.0,0.02236,2720.0
1753503804688,04:23:24.688,ACH/USDT:USDT,0.022351,5482.0,0.02235,5482.0,0.022353,2927.0,0.022354,26480.0
1753503804688,04:23:24.688,ACH/USDT:USDT,0.022351,5482.0,0.02235,5482.0,0.022353,2927.0,0.022354,26480.0
1753503804838,04:23:24.838,ACH/USDT:USDT,0.022352,9444.0,0.022351,5482.0,0.022353,2927.0,0.022354,26480.0
1753503804838,04:23:24.838,ACH/USDT:USDT,0.022352,9444.0,0.022351,5482.0,0.022353,2927.0,0.022354,26480.0
1753503804988,04:23:24.988,ACH/USDT:USDT,0.022352,9444.0,0.02235,5482.0,0.022353,2927.0,0.022354,26480.0
1753503804988,04:23:24.988,ACH/USDT:USDT,0.022352,9444.0,0.02235,5482.0,0.022353,2927.0,0.022354,26480.0
1753503805138,04:23:25.138,ACH/USDT:USDT,0.022352,9444.0,0.02235,5482.0,0.022354,26480.0,0.022355,85340.0
1753503805138,04:23:25.138,ACH/USDT:USDT,0.022352,9444.0,0.02235,5482.0,0.022354,26480.0,0.022355,85340.0
1753503805288,04:23:25.288,ACH/USDT:USDT,0.022353,9444.0,0.022352,9444.0,0.022354,26480.0,0.022355,85340.0
1753503805288,04:23:25.288,ACH/USDT:USDT,0.022353,9444.0,0.022352,9444.0,0.022354,26480.0,0.022355,85340.0
1753503805438,04:23:25.438,ACH/USDT:USDT,0.022354,14167.0,0.022353,9444.0,0.022355,85340.0,0.022356,290056.0
1753503805438,04:23:25.438,ACH/USDT:USDT,0.022354,14167.0,0.022353,9444.0,0.022355,85340.0,0.022356,290056.0
1753503805589,04:23:25.589,ACH/USDT:USDT,0.022354,14167.0,0.022352,5482.0,0.022356,287129.0,0.022357,2662.0
1753503805589,04:23:25.589,ACH/USDT:USDT,0.022354,14167.0,0.022352,5482.0,0.022356,287129.0,0.022357,2662.0
1753503805739,04:23:25.739,ACH/USDT:USDT,0.022354,14167.0,0.022352,5482.0,0.022355,2927.0,0.022356,287129.0
1753503805889,04:23:25.889,ACH/USDT:USDT,0.022354,14167.0,0.022352,5482.0,0.022355,2927.0,0.022356,287129.0
1753503805889,04:23:25.889,ACH/USDT:USDT,0.022354,14167.0,0.022352,5482.0,0.022355,2927.0,0.022356,287129.0
1753503806039,04:23:26.039,ACH/USDT:USDT,0.022354,14167.0,0.022352,5482.0,0.022355,2927.0,0.022356,287129.0
1753503806189,04:23:26.189,ACH/USDT:USDT,0.022354,14167.0,0.022352,5482.0,0.022355,2927.0,0.022356,287129.0
1753503806189,04:23:26.189,ACH/USDT:USDT,0.022354,14167.0,0.022352,5482.0,0.022355,2927.0,0.022356,287129.0
1753503806339,04:23:26.339,ACH/USDT:USDT,0.022354,14167.0,0.022352,5482.0,0.022355,2927.0,0.022356,287129.0
1753503806489,04:23:26.489,ACH/USDT:USDT,0.022354,14167.0,0.022352,5482.0,0.022355,2927.0,0.022356,287129.0
1753503806489,04:23:26.489,ACH/USDT:USDT,0.022354,14167.0,0.022352,5482.0,0.022355,2927.0,0.022356,287129.0
1753503806639,04:23:26.639,ACH/USDT:USDT,0.022354,14167.0,0.022352,5482.0,0.022355,2927.0,0.022356,287129.0
1753503806639,04:23:26.639,ACH/USDT:USDT,0.022354,14167.0,0.022352,5482.0,0.022355,2927.0,0.022356,287129.0
1753503806789,04:23:26.789,ACH/USDT:USDT,0.022354,14167.0,0.022352,5482.0,0.022355,2927.0,0.022356,287129.0
1753503806939,04:23:26.939,ACH/USDT:USDT,0.022354,14167.0,0.022352,5482.0,0.022356,287129.0,0.022357,2662.0
1753503806939,04:23:26.939,ACH/USDT:USDT,0.022354,14167.0,0.022352,5482.0,0.022356,287129.0,0.022357,2662.0
1753503807089,04:23:27.089,ACH/USDT:USDT,0.022352,5482.0,0.022347,2932.0,0.022356,287129.0,0.022357,2662.0
1753503807089,04:23:27.089,ACH/USDT:USDT,0.022352,5482.0,0.022347,2932.0,0.022356,287129.0,0.022357,2662.0
1753503807240,04:23:27.240,ACH/USDT:USDT,0.022352,8366.0,0.02235,5487.0,0.022355,86139.0,0.022356,287129.0
1753503807390,04:23:27.390,ACH/USDT:USDT,0.022353,9444.0,0.022352,8366.0,0.022355,86139.0,0.022356,287129.0
1753503807390,04:23:27.390,ACH/USDT:USDT,0.022353,9444.0,0.022352,8366.0,0.022355,86139.0,0.022356,287129.0
1753503807540,04:23:27.540,ACH/USDT:USDT,0.022353,9444.0,0.022351,5487.0,0.022354,2884.0,0.022355,86139.0
1753503807540,04:23:27.540,ACH/USDT:USDT,0.022353,9444.0,0.022351,5487.0,0.022354,2884.0,0.022355,86139.0
1753503807690,04:23:27.690,ACH/USDT:USDT,0.022354,14167.0,0.022353,9444.0,0.022355,86139.0,0.022356,287129.0
1753503807690,04:23:27.690,ACH/USDT:USDT,0.022354,14167.0,0.022353,9444.0,0.022355,86139.0,0.022356,287129.0
1753503807840,04:23:27.840,ACH/USDT:USDT,0.022354,14167.0,0.022352,5487.0,0.022356,287129.0,0.022357,2662.0
1753503807840,04:23:27.840,ACH/USDT:USDT,0.022354,14167.0,0.022352,5487.0,0.022356,287129.0,0.022357,2662.0
1753503807990,04:23:27.990,ACH/USDT:USDT,0.022354,14167.0,0.022352,5487.0,0.022355,2884.0,0.022356,287129.0
1753503807990,04:23:27.990,ACH/USDT:USDT,0.022354,14167.0,0.022352,5487.0,0.022355,2884.0,0.022356,287129.0
1753503808140,04:23:28.140,ACH/USDT:USDT,0.022354,14167.0,0.022352,5487.0,0.022355,2884.0,0.022356,287129.0
1753503808140,04:23:28.140,ACH/USDT:USDT,0.022354,14167.0,0.022352,5487.0,0.022355,2884.0,0.022356,287129.0
1753503808290,04:23:28.290,ACH/USDT:USDT,0.022354,14167.0,0.022352,5487.0,0.022355,2884.0,0.022356,287129.0
1753503808290,04:23:28.290,ACH/USDT:USDT,0.022354,14167.0,0.022352,5487.0,0.022355,2884.0,0.022356,287129.0
1753503808440,04:23:28.440,ACH/USDT:USDT,0.022354,14167.0,0.022352,5487.0,0.022356,287129.0,0.022357,2662.0
1753503808440,04:23:28.440,ACH/USDT:USDT,0.022354,14167.0,0.022352,5487.0,0.022356,287129.0,0.022357,2662.0
1753503808590,04:23:28.590,ACH/USDT:USDT,0.022352,5489.0,0.022347,4668.0,0.022355,89023.0,0.022356,287129.0
1753503808741,04:23:28.741,ACH/USDT:USDT,0.022353,9444.0,0.022352,5489.0,0.022355,89023.0,0.022356,287129.0
1753503808891,04:23:28.891,ACH/USDT:USDT,0.022353,9444.0,0.022351,5489.0,0.022355,89023.0,0.022356,287129.0
1753503809041,04:23:29.041,ACH/USDT:USDT,0.022353,9444.0,0.022351,5489.0,0.022355,89023.0,0.022356,287129.0
1753503809191,04:23:29.191,ACH/USDT:USDT,0.022353,9444.0,0.022351,5489.0,0.022355,89023.0,0.022356,287129.0
1753503809191,04:23:29.191,ACH/USDT:USDT,0.022353,9444.0,0.022351,5489.0,0.022355,89023.0,0.022356,287129.0
1753503809341,04:23:29.341,ACH/USDT:USDT,0.022353,9444.0,0.022351,5489.0,0.022355,89023.0,0.022356,287129.0
1753503809341,04:23:29.341,ACH/USDT:USDT,0.022353,9444.0,0.022351,5489.0,0.022355,89023.0,0.022356,287129.0
1753503809491,04:23:29.491,ACH/USDT:USDT,0.022353,9444.0,0.022351,5489.0,0.022355,89023.0,0.022356,287129.0
1753503809491,04:23:29.491,ACH/USDT:USDT,0.022353,9444.0,0.022351,5489.0,0.022355,89023.0,0.022356,287129.0
1753503809641,04:23:29.641,ACH/USDT:USDT,0.022353,9444.0,0.022351,5489.0,0.022355,89023.0,0.022356,287129.0
1753503809791,04:23:29.791,ACH/USDT:USDT,0.022353,9444.0,0.022351,5489.0,0.022355,89023.0,0.022356,287129.0
1753503809791,04:23:29.791,ACH/USDT:USDT,0.022353,9444.0,0.022351,5489.0,0.022355,89023.0,0.022356,287129.0
1753503809941,04:23:29.941,ACH/USDT:USDT,0.022353,9444.0,0.022351,5489.0,0.022355,89023.0,0.022356,287129.0
1753503810091,04:23:30.091,ACH/USDT:USDT,0.022347,2932.0,0.022343,31820.0,0.022354,2884.0,0.022355,86139.0
1753503810091,04:23:30.091,ACH/USDT:USDT,0.022347,2932.0,0.022343,31820.0,0.022354,2884.0,0.022355,86139.0
1753503810241,04:23:30.241,ACH/USDT:USDT,0.022347,2932.0,0.022345,5492.0,0.022353,9444.0,0.022354,2884.0
1753503810241,04:23:30.241,ACH/USDT:USDT,0.022347,2932.0,0.022345,5492.0,0.022353,9444.0,0.022354,2884.0
1753503810392,04:23:30.392,ACH/USDT:USDT,0.022347,2932.0,0.022345,5492.0,0.022352,8379.0,0.022353,12106.0
1753503810542,04:23:30.542,ACH/USDT:USDT,0.022347,2932.0,0.022345,5492.0,0.022351,2884.0,0.022352,5495.0
1753503810542,04:23:30.542,ACH/USDT:USDT,0.022347,2932.0,0.022345,5492.0,0.022351,2884.0,0.022352,5495.0
1753503810692,04:23:30.692,ACH/USDT:USDT,0.022347,2932.0,0.022345,5492.0,0.022351,2884.0,0.022352,5495.0
1753503810692,04:23:30.692,ACH/USDT:USDT,0.022347,2932.0,0.022345,5492.0,0.022351,2884.0,0.022352,5495.0
1753503810842,04:23:30.842,ACH/USDT:USDT,0.022347,2932.0,0.022345,5492.0,0.022351,2884.0,0.022352,5495.0
1753503810842,04:23:30.842,ACH/USDT:USDT,0.022347,2932.0,0.022345,5492.0,0.022351,2884.0,0.022352,5495.0
1753503810992,04:23:30.992,ACH/USDT:USDT,0.022347,2932.0,0.022345,5492.0,0.022351,2884.0,0.022352,5495.0
1753503810992,04:23:30.992,ACH/USDT:USDT,0.022347,2932.0,0.022345,5492.0,0.022351,2884.0,0.022352,5495.0
1753503811142,04:23:31.142,ACH/USDT:USDT,0.022347,2932.0,0.022345,5492.0,0.022351,2884.0,0.022352,5495.0
1753503811142,04:23:31.142,ACH/USDT:USDT,0.022347,2932.0,0.022345,5492.0,0.022351,2884.0,0.022352,5495.0
1753503811292,04:23:31.292,ACH/USDT:USDT,0.022347,2932.0,0.022345,5492.0,0.022352,5495.0,0.022353,16919.0
1753503811292,04:23:31.292,ACH/USDT:USDT,0.022347,2932.0,0.022345,5492.0,0.022352,5495.0,0.022353,16919.0
1753503811442,04:23:31.442,ACH/USDT:USDT,0.022347,2932.0,0.022345,5492.0,0.022352,8379.0,0.022353,12106.0
1753503811442,04:23:31.442,ACH/USDT:USDT,0.022347,2932.0,0.022345,5492.0,0.022352,8379.0,0.022353,12106.0
1753503811592,04:23:31.592,ACH/USDT:USDT,0.022347,2932.0,0.022345,5492.0,0.022352,8379.0,0.022353,12106.0
1753503811592,04:23:31.592,ACH/USDT:USDT,0.022347,2932.0,0.022345,5492.0,0.022352,8379.0,0.022353,12106.0
1753503811742,04:23:31.742,ACH/USDT:USDT,0.022347,2932.0,0.022345,5492.0,0.022351,2884.0,0.022352,5495.0
1753503811742,04:23:31.742,ACH/USDT:USDT,0.022347,2932.0,0.022345,5492.0,0.022351,2884.0,0.022352,5495.0
1753503811893,04:23:31.893,ACH/USDT:USDT,0.022347,2932.0,0.022345,5492.0,0.022351,2884.0,0.022352,5495.0
1753503812043,04:23:32.043,ACH/USDT:USDT,0.022347,2932.0,0.022345,5492.0,0.022351,2884.0,0.022352,5495.0
1753503812043,04:23:32.043,ACH/USDT:USDT,0.022347,2932.0,0.022345,5492.0,0.022351,2884.0,0.022352,5495.0
1753503812193,04:23:32.193,ACH/USDT:USDT,0.022347,2932.0,0.022345,5492.0,0.022352,5495.0,0.022353,12106.0
1753503812193,04:23:32.193,ACH/USDT:USDT,0.022347,2932.0,0.022345,5492.0,0.022352,5495.0,0.022353,12106.0
1753503812343,04:23:32.343,ACH/USDT:USDT,0.022347,2932.0,0.022345,5492.0,0.022352,8379.0,0.022353,12106.0
1753503812493,04:23:32.493,ACH/USDT:USDT,0.022347,2932.0,0.022345,5492.0,0.022352,5495.0,0.022353,12106.0
1753503812493,04:23:32.493,ACH/USDT:USDT,0.022347,2932.0,0.022345,5492.0,0.022352,5495.0,0.022353,12106.0
1753503812643,04:23:32.643,ACH/USDT:USDT,0.022347,2932.0,0.022345,5492.0,0.022351,2884.0,0.022352,5495.0
1753503812643,04:23:32.643,ACH/USDT:USDT,0.022347,2932.0,0.022345,5492.0,0.022351,2884.0,0.022352,5495.0
1753503812793,04:23:32.793,ACH/USDT:USDT,0.022347,2932.0,0.022345,5492.0,0.022351,2884.0,0.022352,5495.0
1753503812943,04:23:32.943,ACH/USDT:USDT,0.022347,2932.0,0.022345,5492.0,0.022351,2884.0,0.022352,5495.0
1753503812943,04:23:32.943,ACH/USDT:USDT,0.022347,2932.0,0.022345,5492.0,0.022351,2884.0,0.022352,5495.0
1753503813093,04:23:33.093,ACH/USDT:USDT,0.022347,2932.0,0.022345,5492.0,0.022351,2884.0,0.022352,5495.0
1753503813093,04:23:33.093,ACH/USDT:USDT,0.022347,2932.0,0.022345,5492.0,0.022351,2884.0,0.022352,5495.0
1753503813243,04:23:33.243,ACH/USDT:USDT,0.022347,2932.0,0.022345,5492.0,0.022351,2884.0,0.022352,5495.0
