timestamp,time,symbol,bid1_price,bid1_volume,bid2_price,bid2_volume,ask1_price,ask1_volume,ask2_price,ask2_volume
1753503304502,04:15:04.502,ACH/USDT:USDT,0.02239,1086.0,0.02238,4123.0,0.0224,5.0,0.02241,1474.0
1753503305102,04:15:05.102,ACH/USDT:USDT,0.02239,1088.0,0.02238,4035.0,0.0224,5.0,0.02241,1474.0
1753503305602,04:15:05.602,ACH/USDT:USDT,0.02239,1088.0,0.02238,4044.0,0.0224,5.0,0.02241,1474.0
1753503306002,04:15:06.002,ACH/USDT:USDT,0.02239,1088.0,0.02238,4088.0,0.0224,5.0,0.02241,1474.0
1753503306102,04:15:06.102,ACH/USDT:USDT,0.02239,1088.0,0.02238,4132.0,0.0224,5.0,0.02241,1474.0
1753503306402,04:15:06.402,ACH/USDT:USDT,0.02239,1088.0,0.02238,4165.0,0.0224,5.0,0.02241,1474.0
1753503307102,04:15:07.102,ACH/USDT:USDT,0.02239,1088.0,0.02238,4078.0,0.0224,5.0,0.02241,1474.0
1753503307902,04:15:07.902,ACH/USDT:USDT,0.02239,1088.0,0.02238,4078.0,0.0224,5.0,0.02241,1474.0
1753503308102,04:15:08.102,ACH/USDT:USDT,0.02239,1088.0,0.02238,3949.0,0.0224,5.0,0.02241,1474.0
1753503308302,04:15:08.302,ACH/USDT:USDT,0.02239,1088.0,0.02238,3905.0,0.0224,5.0,0.02241,1474.0
1753503308502,04:15:08.502,ACH/USDT:USDT,0.02239,1088.0,0.02238,3905.0,0.0224,5.0,0.02241,1474.0
1753503309902,04:15:09.902,ACH/USDT:USDT,0.02239,1088.0,0.02238,3861.0,0.0224,5.0,0.02241,1474.0
1753503310602,04:15:10.602,ACH/USDT:USDT,0.02239,1088.0,0.02238,3729.0,0.0224,5.0,0.02241,1474.0
1753503310802,04:15:10.802,ACH/USDT:USDT,0.02239,1088.0,0.02238,3729.0,0.0224,10.0,0.02241,1474.0
1753503311202,04:15:11.202,ACH/USDT:USDT,0.02239,1088.0,0.02238,3685.0,0.0224,10.0,0.02241,1474.0
1753503311402,04:15:11.402,ACH/USDT:USDT,0.02239,1088.0,0.02238,3641.0,0.0224,10.0,0.02241,1474.0
1753503311502,04:15:11.502,ACH/USDT:USDT,0.02239,1088.0,0.02238,3429.0,0.0224,124.0,0.02241,1474.0
1753503312302,04:15:12.302,ACH/USDT:USDT,0.02239,1088.0,0.02238,3133.0,0.0224,124.0,0.02241,1474.0
1753503312402,04:15:12.402,ACH/USDT:USDT,0.02239,1088.0,0.02238,3124.0,0.0224,124.0,0.02241,1474.0
1753503312702,04:15:12.702,ACH/USDT:USDT,0.02239,1088.0,0.02238,3124.0,0.0224,124.0,0.02241,1474.0
1753503313104,04:15:13.104,ACH/USDT:USDT,0.02239,1088.0,0.02238,3124.0,0.0224,124.0,0.02241,1474.0
1753503313504,04:15:13.504,ACH/USDT:USDT,0.02239,1088.0,0.02238,3124.0,0.0224,124.0,0.02241,1474.0
1753503313704,04:15:13.704,ACH/USDT:USDT,0.02239,1088.0,0.02238,3124.0,0.0224,124.0,0.02241,1474.0
1753503313904,04:15:13.904,ACH/USDT:USDT,0.02239,1088.0,0.02238,3212.0,0.0224,10.0,0.02241,1474.0
1753503314004,04:15:14.004,ACH/USDT:USDT,0.02239,1088.0,0.02238,3212.0,0.0224,10.0,0.02241,1474.0
1753503314604,04:15:14.604,ACH/USDT:USDT,0.02239,1088.0,0.02238,3341.0,0.0224,10.0,0.02241,1474.0
1753503315104,04:15:15.104,ACH/USDT:USDT,0.02239,1088.0,0.02238,3385.0,0.0224,10.0,0.02241,1474.0
1753503315204,04:15:15.204,ACH/USDT:USDT,0.02239,1078.0,0.02238,3385.0,0.0224,10.0,0.02241,1474.0
1753503315304,04:15:15.304,ACH/USDT:USDT,0.02239,1078.0,0.02238,3475.0,0.0224,10.0,0.02241,1474.0
1753503316804,04:15:16.804,ACH/USDT:USDT,0.02239,1078.0,0.02238,3475.0,0.0224,10.0,0.02241,1470.0
1753503317004,04:15:17.004,ACH/USDT:USDT,0.02239,1078.0,0.02238,3780.0,0.0224,10.0,0.02241,1470.0
1753503317104,04:15:17.104,ACH/USDT:USDT,0.02239,1078.0,0.02238,3910.0,0.0224,10.0,0.02241,1470.0
1753503317304,04:15:17.304,ACH/USDT:USDT,0.02239,1078.0,0.02238,4217.0,0.0224,10.0,0.02241,1470.0
1753503317404,04:15:17.404,ACH/USDT:USDT,0.02239,1078.0,0.02238,4310.0,0.0224,10.0,0.02241,1470.0
1753503318204,04:15:18.204,ACH/USDT:USDT,0.02239,1078.0,0.02238,4310.0,0.0224,10.0,0.02241,1470.0
1753503318304,04:15:18.304,ACH/USDT:USDT,0.02239,1078.0,0.02238,4310.0,0.0224,10.0,0.02241,1470.0
1753503318504,04:15:18.504,ACH/USDT:USDT,0.02239,1078.0,0.02238,4310.0,0.0224,10.0,0.02241,1470.0
1753503318604,04:15:18.604,ACH/USDT:USDT,0.02239,1078.0,0.02238,4310.0,0.0224,10.0,0.02241,1470.0
1753503319404,04:15:19.404,ACH/USDT:USDT,0.02239,1078.0,0.02238,4354.0,0.0224,10.0,0.02241,1470.0
1753503320804,04:15:20.804,ACH/USDT:USDT,0.02239,1078.0,0.02238,4354.0,0.0224,10.0,0.02241,1470.0
1753503320904,04:15:20.904,ACH/USDT:USDT,0.02239,1078.0,0.02238,4354.0,0.0224,10.0,0.02241,1470.0
1753503321404,04:15:21.404,ACH/USDT:USDT,0.0224,1223.0,0.02239,1090.0,0.02241,591.0,0.02242,1555.0
1753503321604,04:15:21.604,ACH/USDT:USDT,0.0224,750.0,0.02239,1078.0,0.02241,621.0,0.02242,1555.0
1753503321904,04:15:21.904,ACH/USDT:USDT,0.0224,750.0,0.02239,1222.0,0.02241,621.0,0.02242,1555.0
1753503322004,04:15:22.004,ACH/USDT:USDT,0.0224,160.0,0.02239,1222.0,0.02241,621.0,0.02242,1555.0
1753503322104,04:15:22.104,ACH/USDT:USDT,0.0224,160.0,0.02239,1222.0,0.02241,621.0,0.02242,1555.0
1753503322204,04:15:22.204,ACH/USDT:USDT,0.0224,160.0,0.02239,1222.0,0.02241,621.0,0.02242,1555.0
1753503322304,04:15:22.304,ACH/USDT:USDT,0.0224,160.0,0.02239,1222.0,0.02241,621.0,0.02242,1555.0
1753503322904,04:15:22.904,ACH/USDT:USDT,0.0224,160.0,0.02239,1222.0,0.02241,632.0,0.02242,1555.0
1753503323004,04:15:23.004,ACH/USDT:USDT,0.0224,160.0,0.02239,1222.0,0.02241,632.0,0.02242,1713.0
1753503323104,04:15:23.104,ACH/USDT:USDT,0.0224,160.0,0.02239,1222.0,0.02241,632.0,0.02242,1757.0
1753503323204,04:15:23.204,ACH/USDT:USDT,0.0224,160.0,0.02239,1222.0,0.02241,621.0,0.02242,1845.0
1753503323904,04:15:23.904,ACH/USDT:USDT,0.0224,160.0,0.02239,1222.0,0.02241,632.0,0.02242,1889.0
1753503324404,04:15:24.404,ACH/USDT:USDT,0.0224,160.0,0.02239,1222.0,0.02241,632.0,0.02242,1889.0
1753503324804,04:15:24.804,ACH/USDT:USDT,0.0224,160.0,0.02239,1222.0,0.02241,632.0,0.02242,1889.0
1753503325004,04:15:25.004,ACH/USDT:USDT,0.0224,160.0,0.02239,1222.0,0.02241,632.0,0.02242,1889.0
1753503325704,04:15:25.704,ACH/USDT:USDT,0.0224,160.0,0.02239,1222.0,0.02241,632.0,0.02242,1889.0
1753503327104,04:15:27.104,ACH/USDT:USDT,0.0224,160.0,0.02239,1222.0,0.02241,632.0,0.02242,2512.0
1753503328104,04:15:28.104,ACH/USDT:USDT,0.0224,160.0,0.02239,1222.0,0.02241,632.0,0.02242,2644.0
1753503328304,04:15:28.304,ACH/USDT:USDT,0.0224,160.0,0.02239,1222.0,0.02241,633.0,0.02242,2644.0
1753503330104,04:15:30.104,ACH/USDT:USDT,0.0224,160.0,0.02239,1222.0,0.02241,622.0,0.02242,2644.0
1753503330304,04:15:30.304,ACH/USDT:USDT,0.0224,274.0,0.02239,1222.0,0.02241,592.0,0.02242,2512.0
1753503330404,04:15:30.404,ACH/USDT:USDT,0.0224,274.0,0.02239,1222.0,0.02241,592.0,0.02242,2512.0
1753503330504,04:15:30.504,ACH/USDT:USDT,0.0224,274.0,0.02239,1222.0,0.02241,622.0,0.02242,2512.0
1753503331004,04:15:31.004,ACH/USDT:USDT,0.0224,274.0,0.02239,1222.0,0.02241,592.0,0.02242,2512.0
1753503331204,04:15:31.204,ACH/USDT:USDT,0.0224,274.0,0.02239,1222.0,0.02241,633.0,0.02242,2424.0
1753503331904,04:15:31.904,ACH/USDT:USDT,0.0224,274.0,0.02239,1222.0,0.02241,633.0,0.02242,2424.0
1753503333004,04:15:33.004,ACH/USDT:USDT,0.0224,274.0,0.02239,1222.0,0.02241,592.0,0.02242,2424.0
1753503333104,04:15:33.104,ACH/USDT:USDT,0.0224,304.0,0.02239,1222.0,0.02241,592.0,0.02242,2424.0
1753503333304,04:15:33.304,ACH/USDT:USDT,0.0224,304.0,0.02239,1222.0,0.02241,592.0,0.02242,2424.0
1753503335204,04:15:35.204,ACH/USDT:USDT,0.0224,184.0,0.02239,1222.0,0.02241,592.0,0.02242,2424.0
1753503335304,04:15:35.304,ACH/USDT:USDT,0.0224,154.0,0.02239,1222.0,0.02241,592.0,0.02242,2424.0
1753503336504,04:15:36.504,ACH/USDT:USDT,0.0224,199.0,0.02239,1222.0,0.02241,591.0,0.02242,2468.0
1753503337204,04:15:37.204,ACH/USDT:USDT,0.0224,229.0,0.02239,1222.0,0.02241,593.0,0.02242,2468.0
1753503337904,04:15:37.904,ACH/USDT:USDT,0.0224,82.0,0.02239,1222.0,0.02241,634.0,0.02242,2626.0
1753503338204,04:15:38.204,ACH/USDT:USDT,0.0224,112.0,0.02239,1222.0,0.02241,593.0,0.02242,2801.0
1753503338504,04:15:38.504,ACH/USDT:USDT,0.0224,82.0,0.02239,1222.0,0.02241,634.0,0.02242,2932.0
1753503339404,04:15:39.404,ACH/USDT:USDT,0.0224,82.0,0.02239,1222.0,0.02241,634.0,0.02242,2976.0
1753503342004,04:15:42.004,ACH/USDT:USDT,0.0224,620.0,0.02239,1369.0,0.02241,587.0,0.02242,2818.0
1753503342204,04:15:42.204,ACH/USDT:USDT,0.0224,592.0,0.02239,1504.0,0.02241,630.0,0.02242,2424.0
1753503342304,04:15:42.304,ACH/USDT:USDT,0.0224,592.0,0.02239,1504.0,0.02241,630.0,0.02242,2380.0
1753503342404,04:15:42.404,ACH/USDT:USDT,0.0224,592.0,0.02239,1504.0,0.02241,630.0,0.02242,2380.0
1753503343004,04:15:43.004,ACH/USDT:USDT,0.0224,622.0,0.02239,1504.0,0.02241,600.0,0.02242,2380.0
1753503343504,04:15:43.504,ACH/USDT:USDT,0.0224,622.0,0.02239,1504.0,0.02241,600.0,0.02242,2380.0
1753503344204,04:15:44.204,ACH/USDT:USDT,0.0224,581.0,0.02239,1504.0,0.02241,630.0,0.02242,2380.0
1753503344504,04:15:44.504,ACH/USDT:USDT,0.0224,622.0,0.02239,1504.0,0.02241,396.0,0.02242,2336.0
1753503344604,04:15:44.604,ACH/USDT:USDT,0.0224,622.0,0.02239,1504.0,0.02241,396.0,0.02242,2336.0
1753503345004,04:15:45.004,ACH/USDT:USDT,0.0224,622.0,0.02239,1504.0,0.02241,385.0,0.02242,2336.0
1753503345104,04:15:45.104,ACH/USDT:USDT,0.0224,764.0,0.02239,1369.0,0.02241,385.0,0.02242,2336.0
1753503345204,04:15:45.204,ACH/USDT:USDT,0.0224,764.0,0.02239,1369.0,0.02241,385.0,0.02242,2292.0
1753503345504,04:15:45.504,ACH/USDT:USDT,0.0224,764.0,0.02239,1369.0,0.02241,589.0,0.02242,2292.0
1753503345704,04:15:45.704,ACH/USDT:USDT,0.0224,764.0,0.02239,1369.0,0.02241,630.0,0.02242,2292.0
1753503346104,04:15:46.104,ACH/USDT:USDT,0.0224,734.0,0.02239,1369.0,0.02241,630.0,0.02242,2292.0
1753503346204,04:15:46.204,ACH/USDT:USDT,0.0224,764.0,0.02239,1369.0,0.02241,630.0,0.02242,2292.0
1753503346504,04:15:46.504,ACH/USDT:USDT,0.0224,764.0,0.02239,1369.0,0.02241,589.0,0.02242,2292.0
1753503346804,04:15:46.804,ACH/USDT:USDT,0.0224,723.0,0.02239,1369.0,0.02241,630.0,0.02242,2292.0
1753503346904,04:15:46.904,ACH/USDT:USDT,0.0224,764.0,0.02239,1369.0,0.02241,630.0,0.02242,2292.0
1753503347104,04:15:47.104,ACH/USDT:USDT,0.0224,764.0,0.02239,1369.0,0.02241,589.0,0.02242,2292.0
1753503347504,04:15:47.504,ACH/USDT:USDT,0.0224,753.0,0.02239,1369.0,0.02241,630.0,0.02242,2406.0
1753503347604,04:15:47.604,ACH/USDT:USDT,0.0224,753.0,0.02239,1369.0,0.02241,630.0,0.02242,2494.0
1753503347704,04:15:47.704,ACH/USDT:USDT,0.0224,622.0,0.02239,1369.0,0.02241,630.0,0.02242,2626.0
1753503347904,04:15:47.904,ACH/USDT:USDT,0.0224,54.0,0.02239,951.0,0.02241,630.0,0.02242,2977.0
1753503348004,04:15:48.004,ACH/USDT:USDT,0.0224,54.0,0.02239,951.0,0.02241,630.0,0.02242,3045.0
1753503348204,04:15:48.204,ACH/USDT:USDT,0.0224,54.0,0.02239,951.0,0.02241,830.0,0.02242,3308.0
1753503348304,04:15:48.304,ACH/USDT:USDT,0.0224,54.0,0.02239,1213.0,0.02241,830.0,0.02242,3816.0
1753503348404,04:15:48.404,ACH/USDT:USDT,0.0224,54.0,0.02239,1213.0,0.02241,830.0,0.02242,3816.0
1753503348504,04:15:48.504,ACH/USDT:USDT,0.0224,54.0,0.02239,1213.0,0.02241,830.0,0.02242,3772.0
1753503348704,04:15:48.704,ACH/USDT:USDT,0.0224,79.0,0.02239,1213.0,0.02241,800.0,0.02242,3704.0
1753503349004,04:15:49.004,ACH/USDT:USDT,0.0224,225.0,0.02239,1213.0,0.02241,800.0,0.02242,3704.0
1753503349104,04:15:49.104,ACH/USDT:USDT,0.0224,225.0,0.02239,1213.0,0.02241,800.0,0.02242,3704.0
1753503349204,04:15:49.204,ACH/USDT:USDT,0.0224,195.0,0.02239,1213.0,0.02241,800.0,0.02242,3590.0
1753503349304,04:15:49.304,ACH/USDT:USDT,0.0224,195.0,0.02239,1213.0,0.02241,800.0,0.02242,3475.0
1753503350504,04:15:50.504,ACH/USDT:USDT,0.0224,195.0,0.02239,1213.0,0.02241,800.0,0.02242,3475.0
1753503350604,04:15:50.604,ACH/USDT:USDT,0.0224,195.0,0.02239,1213.0,0.02241,800.0,0.02242,3475.0
1753503351604,04:15:51.604,ACH/USDT:USDT,0.0224,185.0,0.02239,1213.0,0.02241,830.0,0.02242,3475.0
1753503351804,04:15:51.804,ACH/USDT:USDT,0.0224,122.0,0.02239,1213.0,0.02241,830.0,0.02242,3589.0
1753503352304,04:15:52.304,ACH/USDT:USDT,0.0224,124.0,0.02239,1213.0,0.02241,830.0,0.02242,3791.0
1753503352604,04:15:52.604,ACH/USDT:USDT,0.0224,44.0,0.02239,951.0,0.02241,830.0,0.02242,4406.0
1753503352704,04:15:52.704,ACH/USDT:USDT,0.0224,44.0,0.02239,951.0,0.02241,830.0,0.02242,4406.0
1753503352804,04:15:52.804,ACH/USDT:USDT,0.0224,44.0,0.02239,951.0,0.02241,1224.0,0.02242,4300.0
1753503353304,04:15:53.304,ACH/USDT:USDT,0.0224,44.0,0.02239,951.0,0.02241,1224.0,0.02242,4593.0
1753503353404,04:15:53.404,ACH/USDT:USDT,0.0224,44.0,0.02239,951.0,0.02241,1224.0,0.02242,4601.0
1753503353604,04:15:53.604,ACH/USDT:USDT,0.0224,44.0,0.02239,951.0,0.02241,1224.0,0.02242,4805.0
1753503353704,04:15:53.704,ACH/USDT:USDT,0.0224,44.0,0.02239,951.0,0.02241,1224.0,0.02242,4849.0
1753503354104,04:15:54.104,ACH/USDT:USDT,0.0224,44.0,0.02239,951.0,0.02241,1228.0,0.02242,4845.0
1753503354204,04:15:54.204,ACH/USDT:USDT,0.0224,44.0,0.02239,951.0,0.02241,1228.0,0.02242,4889.0
1753503354304,04:15:54.304,ACH/USDT:USDT,0.0224,44.0,0.02239,951.0,0.02241,1228.0,0.02242,4977.0
1753503354504,04:15:54.504,ACH/USDT:USDT,0.0224,43.0,0.02239,951.0,0.02241,1228.0,0.02242,4977.0
1753503354704,04:15:54.704,ACH/USDT:USDT,0.0224,45.0,0.02239,951.0,0.02241,1228.0,0.02242,4977.0
1753503355504,04:15:55.504,ACH/USDT:USDT,0.0224,45.0,0.02239,951.0,0.02241,1228.0,0.02242,4889.0
1753503355804,04:15:55.804,ACH/USDT:USDT,0.02239,1504.0,0.02238,2021.0,0.0224,153.0,0.02241,2385.0
1753503355904,04:15:55.904,ACH/USDT:USDT,0.02239,1506.0,0.02238,2325.0,0.0224,27.0,0.02241,2190.0
1753503356004,04:15:56.004,ACH/USDT:USDT,0.02239,1506.0,0.02238,2325.0,0.0224,27.0,0.02241,2311.0
1753503356104,04:15:56.104,ACH/USDT:USDT,0.02239,1203.0,0.02238,1952.0,0.0224,305.0,0.02241,2160.0
1753503356204,04:15:56.204,ACH/USDT:USDT,0.02239,1203.0,0.02238,1952.0,0.0224,275.0,0.02241,2160.0
1753503356304,04:15:56.304,ACH/USDT:USDT,0.02239,1203.0,0.02238,2125.0,0.0224,277.0,0.02241,1809.0
1753503356904,04:15:56.904,ACH/USDT:USDT,0.02239,613.0,0.02238,1848.0,0.0224,277.0,0.02241,1809.0
1753503357104,04:15:57.104,ACH/USDT:USDT,0.02239,613.0,0.02238,1848.0,0.0224,277.0,0.02241,1809.0
1753503357304,04:15:57.304,ACH/USDT:USDT,0.02239,613.0,0.02238,1848.0,0.0224,277.0,0.02241,1809.0
1753503357704,04:15:57.704,ACH/USDT:USDT,0.02239,613.0,0.02238,1848.0,0.0224,277.0,0.02241,1809.0
1753503357804,04:15:57.804,ACH/USDT:USDT,0.02239,613.0,0.02238,1805.0,0.0224,277.0,0.02241,1809.0
1753503357904,04:15:57.904,ACH/USDT:USDT,0.02239,613.0,0.02238,1632.0,0.0224,277.0,0.02241,1809.0
1753503358104,04:15:58.104,ACH/USDT:USDT,0.02239,482.0,0.02238,1776.0,0.0224,524.0,0.02241,1813.0
1753503358204,04:15:58.204,ACH/USDT:USDT,0.02239,482.0,0.02238,1733.0,0.0224,524.0,0.02241,1857.0
1753503359304,04:15:59.304,ACH/USDT:USDT,0.02239,482.0,0.02238,1733.0,0.0224,524.0,0.02241,1857.0
1753503359404,04:15:59.404,ACH/USDT:USDT,0.02239,482.0,0.02238,1733.0,0.0224,494.0,0.02241,1857.0
1753503359704,04:15:59.704,ACH/USDT:USDT,0.02239,482.0,0.02238,1733.0,0.0224,524.0,0.02241,1857.0
1753503360004,04:16:00.004,ACH/USDT:USDT,0.02239,482.0,0.02238,1731.0,0.0224,524.0,0.02241,1857.0
1753503360904,04:16:00.904,ACH/USDT:USDT,0.02239,598.0,0.02238,1588.0,0.0224,344.0,0.02241,1857.0
1753503361204,04:16:01.204,ACH/USDT:USDT,0.02239,473.0,0.02238,1588.0,0.0224,344.0,0.02241,1813.0
1753503361304,04:16:01.304,ACH/USDT:USDT,0.02239,150.0,0.02238,1731.0,0.0224,559.0,0.02241,1813.0
1753503361404,04:16:01.404,ACH/USDT:USDT,0.02239,150.0,0.02238,1731.0,0.0224,559.0,0.02241,1813.0
1753503362104,04:16:02.104,ACH/USDT:USDT,0.02239,291.0,0.02238,1588.0,0.0224,531.0,0.02241,1817.0
1753503362304,04:16:02.304,ACH/USDT:USDT,0.02239,291.0,0.02238,1588.0,0.0224,531.0,0.02241,2079.0
1753503362404,04:16:02.404,ACH/USDT:USDT,0.02239,291.0,0.02238,1588.0,0.0224,561.0,0.02241,2123.0
1753503363004,04:16:03.004,ACH/USDT:USDT,0.02239,457.0,0.02238,1588.0,0.0224,514.0,0.02241,2123.0
1753503363104,04:16:03.104,ACH/USDT:USDT,0.02239,291.0,0.02238,1588.0,0.0224,750.0,0.02241,2123.0
1753503363204,04:16:03.204,ACH/USDT:USDT,0.02239,291.0,0.02238,1588.0,0.0224,720.0,0.02241,1904.0
1753503363304,04:16:03.304,ACH/USDT:USDT,0.02239,291.0,0.02238,1588.0,0.0224,750.0,0.02241,1905.0
1753503363404,04:16:03.404,ACH/USDT:USDT,0.02239,291.0,0.02238,1588.0,0.0224,720.0,0.02241,1861.0
1753503363904,04:16:03.904,ACH/USDT:USDT,0.02239,152.0,0.02238,1588.0,0.0224,750.0,0.02241,1861.0
1753503364204,04:16:04.204,ACH/USDT:USDT,0.02239,152.0,0.02238,1588.0,0.0224,750.0,0.02241,1949.0
1753503364304,04:16:04.304,ACH/USDT:USDT,0.02239,152.0,0.02238,1588.0,0.0224,750.0,0.02241,1993.0
1753503364504,04:16:04.504,ACH/USDT:USDT,0.02239,152.0,0.02238,1588.0,0.0224,750.0,0.02241,2037.0
1753503364604,04:16:04.604,ACH/USDT:USDT,0.02239,152.0,0.02238,1588.0,0.0224,750.0,0.02241,2037.0
1753503364904,04:16:04.904,ACH/USDT:USDT,0.02239,152.0,0.02238,1710.0,0.0224,720.0,0.02241,2168.0
1753503365104,04:16:05.104,ACH/USDT:USDT,0.02239,152.0,0.02238,1710.0,0.0224,750.0,0.02241,2168.0
1753503365204,04:16:05.204,ACH/USDT:USDT,0.02239,152.0,0.02238,1710.0,0.0224,720.0,0.02241,2168.0
1753503365504,04:16:05.504,ACH/USDT:USDT,0.02239,152.0,0.02238,1710.0,0.0224,750.0,0.02241,2168.0
1753503366004,04:16:06.004,ACH/USDT:USDT,0.02239,152.0,0.02238,1710.0,0.0224,720.0,0.02241,2167.0
1753503366604,04:16:06.604,ACH/USDT:USDT,0.02239,152.0,0.02238,1710.0,0.0224,520.0,0.02241,1967.0
1753503366904,04:16:06.904,ACH/USDT:USDT,0.02239,349.0,0.02238,1710.0,0.0224,314.0,0.02241,1967.0
1753503367004,04:16:07.004,ACH/USDT:USDT,0.02239,349.0,0.02238,1710.0,0.0224,314.0,0.02241,1923.0
1753503367204,04:16:07.204,ACH/USDT:USDT,0.02239,349.0,0.02238,1710.0,0.0224,314.0,0.02241,1704.0
1753503367304,04:16:07.304,ACH/USDT:USDT,0.02239,349.0,0.02238,1710.0,0.0224,314.0,0.02241,1617.0
1753503369004,04:16:09.004,ACH/USDT:USDT,0.02239,319.0,0.02238,1588.0,0.0224,344.0,0.02241,1767.0
1753503369804,04:16:09.804,ACH/USDT:USDT,0.02239,330.0,0.02238,1730.0,0.0224,314.0,0.02241,1767.0
1753503370104,04:16:10.104,ACH/USDT:USDT,0.02239,487.0,0.02238,1588.0,0.0224,314.0,0.02241,1767.0
1753503370604,04:16:10.604,ACH/USDT:USDT,0.02239,487.0,0.02238,1588.0,0.0224,314.0,0.02241,1767.0
1753503371704,04:16:11.704,ACH/USDT:USDT,0.02239,487.0,0.02238,1588.0,0.0224,314.0,0.02241,1767.0
1753503372304,04:16:12.304,ACH/USDT:USDT,0.02239,487.0,0.02238,1588.0,0.0224,314.0,0.02241,1373.0
1753503372604,04:16:12.604,ACH/USDT:USDT,0.02239,4.0,0.02238,1282.0,0.0224,561.0,0.02241,1460.0
1753503372904,04:16:12.904,ACH/USDT:USDT,0.02239,4.0,0.02238,1402.0,0.0224,561.0,0.02241,1504.0
1753503373204,04:16:13.204,ACH/USDT:USDT,0.02239,4.0,0.02238,1402.0,0.0224,561.0,0.02241,1767.0
1753503373304,04:16:13.304,ACH/USDT:USDT,0.02239,4.0,0.02238,1402.0,0.0224,561.0,0.02241,2073.0
1753503373904,04:16:13.904,ACH/USDT:USDT,0.02239,30.0,0.02238,1664.0,0.0224,531.0,0.02241,2073.0
1753503374104,04:16:14.104,ACH/USDT:USDT,0.02239,30.0,0.02238,1664.0,0.0224,561.0,0.02241,2660.0
1753503374604,04:16:14.604,ACH/USDT:USDT,0.02239,6.0,0.02238,1664.0,0.0224,530.0,0.02241,2660.0
1753503374704,04:16:14.704,ACH/USDT:USDT,0.02239,4.0,0.02238,1664.0,0.0224,560.0,0.02241,2748.0
1753503374804,04:16:14.804,ACH/USDT:USDT,0.02239,4.0,0.02238,1402.0,0.0224,560.0,0.02241,2880.0
1753503374904,04:16:14.904,ACH/USDT:USDT,0.02239,4.0,0.02238,1402.0,0.0224,530.0,0.02241,2924.0
1753503375004,04:16:15.004,ACH/USDT:USDT,0.02239,4.0,0.02238,1402.0,0.0224,560.0,0.02241,2924.0
1753503375104,04:16:15.104,ACH/USDT:USDT,0.02239,4.0,0.02238,1402.0,0.0224,560.0,0.02241,2924.0
1753503375704,04:16:15.704,ACH/USDT:USDT,0.02239,34.0,0.02238,1402.0,0.0224,530.0,0.02241,2924.0
1753503375804,04:16:15.804,ACH/USDT:USDT,0.02239,64.0,0.02238,1664.0,0.0224,519.0,0.02241,2880.0
1753503375904,04:16:15.904,ACH/USDT:USDT,0.02239,64.0,0.02238,1664.0,0.0224,530.0,0.02241,2880.0
1753503376504,04:16:16.504,ACH/USDT:USDT,0.02239,34.0,0.02238,1664.0,0.0224,530.0,0.02241,2880.0
1753503377004,04:16:17.004,ACH/USDT:USDT,0.02239,4.0,0.02238,1402.0,0.0224,530.0,0.02241,2880.0
1753503377304,04:16:17.304,ACH/USDT:USDT,0.02239,4.0,0.02238,1402.0,0.0224,560.0,0.02241,2967.0
1753503377804,04:16:17.804,ACH/USDT:USDT,0.02239,4.0,0.02238,1402.0,0.0224,560.0,0.02241,3213.0
1753503377904,04:16:17.904,ACH/USDT:USDT,0.02239,4.0,0.02238,1424.0,0.0224,560.0,0.02241,3257.0
1753503378104,04:16:18.104,ACH/USDT:USDT,0.02239,4.0,0.02238,1424.0,0.0224,560.0,0.02241,3257.0
1753503378204,04:16:18.204,ACH/USDT:USDT,0.02239,4.0,0.02238,1424.0,0.0224,560.0,0.02241,3257.0
1753503378304,04:16:18.304,ACH/USDT:USDT,0.02239,4.0,0.02238,1424.0,0.0224,560.0,0.02241,3389.0
1753503378604,04:16:18.604,ACH/USDT:USDT,0.02239,4.0,0.02238,1446.0,0.0224,560.0,0.02241,3477.0
1753503378804,04:16:18.804,ACH/USDT:USDT,0.02239,4.0,0.02238,1468.0,0.0224,560.0,0.02241,3609.0
1753503378904,04:16:18.904,ACH/USDT:USDT,0.02239,4.0,0.02238,1468.0,0.0224,560.0,0.02241,3998.0
1753503379004,04:16:19.004,ACH/USDT:USDT,0.02238,1087.0,0.02237,2850.0,0.02239,143.0,0.0224,2011.0
1753503379104,04:16:19.104,ACH/USDT:USDT,0.02238,1057.0,0.02237,2893.0,0.02239,143.0,0.0224,2012.0
1753503379204,04:16:19.204,ACH/USDT:USDT,0.02238,1087.0,0.02237,2937.0,0.02239,143.0,0.0224,2012.0
1753503379304,04:16:19.304,ACH/USDT:USDT,0.02238,1087.0,0.02237,3327.0,0.02239,143.0,0.0224,1750.0
1753503379504,04:16:19.504,ACH/USDT:USDT,0.02238,1087.0,0.02237,3327.0,0.02239,143.0,0.0224,1750.0
1753503380204,04:16:20.204,ACH/USDT:USDT,0.02238,1098.0,0.02237,3284.0,0.02239,143.0,0.0224,1739.0
1753503380804,04:16:20.804,ACH/USDT:USDT,0.02238,1120.0,0.02237,3284.0,0.02239,143.0,0.0224,1739.0
1753503381004,04:16:21.004,ACH/USDT:USDT,0.02238,1120.0,0.02237,3154.0,0.02239,143.0,0.0224,1739.0
1753503381304,04:16:21.304,ACH/USDT:USDT,0.02238,1131.0,0.02237,3154.0,0.02239,143.0,0.0224,1739.0
1753503382004,04:16:22.004,ACH/USDT:USDT,0.02238,1142.0,0.02237,3111.0,0.02239,143.0,0.0224,1739.0
1753503382404,04:16:22.404,ACH/USDT:USDT,0.02238,1143.0,0.02237,3155.0,0.02239,143.0,0.0224,1739.0
1753503383204,04:16:23.204,ACH/USDT:USDT,0.02238,1165.0,0.02237,3155.0,0.02239,143.0,0.0224,1739.0
1753503383904,04:16:23.904,ACH/USDT:USDT,0.02238,1166.0,0.02237,3155.0,0.02239,143.0,0.0224,1739.0
1753503384104,04:16:24.104,ACH/USDT:USDT,0.02238,1166.0,0.02237,3155.0,0.02239,143.0,0.0224,1739.0
1753503384804,04:16:24.804,ACH/USDT:USDT,0.02238,1061.0,0.02237,3277.0,0.02239,143.0,0.0224,1739.0
1753503388004,04:16:28.004,ACH/USDT:USDT,0.02238,1239.0,0.02237,3147.0,0.02239,144.0,0.0224,1739.0
1753503389004,04:16:29.004,ACH/USDT:USDT,0.02238,1240.0,0.02237,3147.0,0.02239,144.0,0.0224,1739.0
1753503390104,04:16:30.104,ACH/USDT:USDT,0.02238,1241.0,0.02237,3103.0,0.02239,144.0,0.0224,1739.0
1753503390904,04:16:30.904,ACH/USDT:USDT,0.02238,1241.0,0.02237,3103.0,0.02239,144.0,0.0224,1739.0
1753503391204,04:16:31.204,ACH/USDT:USDT,0.02238,1241.0,0.02237,3276.0,0.02239,144.0,0.0224,1739.0
1753503391404,04:16:31.404,ACH/USDT:USDT,0.02238,1241.0,0.02237,3276.0,0.02239,144.0,0.0224,1739.0
1753503391904,04:16:31.904,ACH/USDT:USDT,0.02238,1241.0,0.02237,3147.0,0.02239,143.0,0.0224,1739.0
1753503392004,04:16:32.004,ACH/USDT:USDT,0.02238,1241.0,0.02237,3103.0,0.02239,143.0,0.0224,1739.0
1753503392804,04:16:32.804,ACH/USDT:USDT,0.02238,1242.0,0.02237,3103.0,0.02239,143.0,0.0224,1739.0
1753503392904,04:16:32.904,ACH/USDT:USDT,0.02238,1242.0,0.02237,3103.0,0.02239,143.0,0.0224,1739.0
1753503393504,04:16:33.504,ACH/USDT:USDT,0.02238,1242.0,0.02237,3319.0,0.02239,143.0,0.0224,1739.0
1753503393904,04:16:33.904,ACH/USDT:USDT,0.02239,456.0,0.02238,1618.0,0.0224,480.0,0.02241,1873.0
1753503394104,04:16:34.104,ACH/USDT:USDT,0.02239,417.0,0.02238,1619.0,0.0224,482.0,0.02241,1873.0
1753503394804,04:16:34.804,ACH/USDT:USDT,0.02239,417.0,0.02238,1619.0,0.0224,482.0,0.02241,1916.0
1753503395004,04:16:35.004,ACH/USDT:USDT,0.02239,417.0,0.02238,1619.0,0.0224,482.0,0.02241,1960.0
1753503396604,04:16:36.604,ACH/USDT:USDT,0.02239,417.0,0.02238,1619.0,0.0224,482.0,0.02241,1960.0
1753503397004,04:16:37.004,ACH/USDT:USDT,0.02239,417.0,0.02238,1619.0,0.0224,512.0,0.02241,1960.0
1753503397104,04:16:37.104,ACH/USDT:USDT,0.02239,417.0,0.02238,1619.0,0.0224,512.0,0.02241,2004.0
1753503397404,04:16:37.404,ACH/USDT:USDT,0.02239,158.0,0.02238,1619.0,0.0224,523.0,0.02241,2048.0
1753503397604,04:16:37.604,ACH/USDT:USDT,0.02239,38.0,0.02238,1857.0,0.0224,523.0,0.02241,2048.0
1753503397904,04:16:37.904,ACH/USDT:USDT,0.02239,38.0,0.02238,1857.0,0.0224,523.0,0.02241,2092.0
1753503398304,04:16:38.304,ACH/USDT:USDT,0.02239,38.0,0.02238,1857.0,0.0224,523.0,0.02241,2531.0
1753503398404,04:16:38.404,ACH/USDT:USDT,0.02239,38.0,0.02238,1857.0,0.0224,523.0,0.02241,2531.0
1753503398804,04:16:38.804,ACH/USDT:USDT,0.02239,38.0,0.02238,1857.0,0.0224,523.0,0.02241,2531.0
1753503398904,04:16:38.904,ACH/USDT:USDT,0.02239,29.0,0.02238,1857.0,0.0224,523.0,0.02241,2531.0
1753503399104,04:16:39.104,ACH/USDT:USDT,0.02239,29.0,0.02238,1595.0,0.0224,523.0,0.02241,2531.0
1753503399204,04:16:39.204,ACH/USDT:USDT,0.02239,29.0,0.02238,1595.0,0.0224,523.0,0.02241,2575.0
1753503399504,04:16:39.504,ACH/USDT:USDT,0.02239,29.0,0.02238,1595.0,0.0224,523.0,0.02241,2575.0
1753503399604,04:16:39.604,ACH/USDT:USDT,0.02239,29.0,0.02238,1595.0,0.0224,523.0,0.02241,2575.0
1753503400504,04:16:40.504,ACH/USDT:USDT,0.02239,29.0,0.02238,1595.0,0.0224,523.0,0.02241,2662.0
1753503400604,04:16:40.604,ACH/USDT:USDT,0.02239,29.0,0.02238,1595.0,0.0224,523.0,0.02241,2662.0
1753503400904,04:16:40.904,ACH/USDT:USDT,0.02239,29.0,0.02238,1857.0,0.0224,523.0,0.02241,2662.0
1753503401104,04:16:41.104,ACH/USDT:USDT,0.02239,29.0,0.02238,1857.0,0.0224,523.0,0.02241,2750.0
1753503401904,04:16:41.904,ACH/USDT:USDT,0.02239,29.0,0.02238,1595.0,0.0224,523.0,0.02241,2750.0
1753503402204,04:16:42.204,ACH/USDT:USDT,0.02239,29.0,0.02238,1857.0,0.0224,523.0,0.02241,2750.0
1753503402904,04:16:42.904,ACH/USDT:USDT,0.02239,29.0,0.02238,1617.0,0.0224,523.0,0.02241,2750.0
1753503403004,04:16:43.004,ACH/USDT:USDT,0.02239,29.0,0.02238,1617.0,0.0224,523.0,0.02241,2794.0
1753503403204,04:16:43.204,ACH/USDT:USDT,0.02238,1059.0,0.02237,2794.0,0.0224,1114.0,0.02241,2354.0
1753503403304,04:16:43.304,ACH/USDT:USDT,0.02238,1114.0,0.02237,3114.0,0.02239,28.0,0.0224,1380.0
1753503403404,04:16:43.404,ACH/USDT:USDT,0.02238,1116.0,0.02237,3176.0,0.02239,30.0,0.0224,1370.0
1753503403504,04:16:43.504,ACH/USDT:USDT,0.02238,1042.0,0.02237,3176.0,0.02239,142.0,0.0224,1370.0
1753503403604,04:16:43.604,ACH/USDT:USDT,0.02238,1042.0,0.02237,3176.0,0.02239,144.0,0.0224,1370.0
1753503403704,04:16:43.704,ACH/USDT:USDT,0.02238,1072.0,0.02237,3176.0,0.02239,144.0,0.0224,1370.0
1753503403904,04:16:43.904,ACH/USDT:USDT,0.02238,1042.0,0.02237,3133.0,0.02239,144.0,0.0224,1370.0
1753503404004,04:16:44.004,ACH/USDT:USDT,0.02238,1042.0,0.02237,3070.0,0.02239,144.0,0.0224,1370.0
1753503404304,04:16:44.304,ACH/USDT:USDT,0.02238,1066.0,0.02237,2880.0,0.02239,144.0,0.0224,1370.0
1753503404604,04:16:44.604,ACH/USDT:USDT,0.02238,1096.0,0.02237,2966.0,0.02239,144.0,0.0224,1370.0
1753503404804,04:16:44.804,ACH/USDT:USDT,0.02238,1107.0,0.02237,2966.0,0.02239,144.0,0.0224,1370.0
1753503405304,04:16:45.304,ACH/USDT:USDT,0.02238,1107.0,0.02237,3008.0,0.02239,144.0,0.0224,1370.0
1753503405604,04:16:45.604,ACH/USDT:USDT,0.02238,1107.0,0.02237,3008.0,0.02239,144.0,0.0224,1370.0
1753503406204,04:16:46.204,ACH/USDT:USDT,0.02238,1107.0,0.02237,3008.0,0.02239,144.0,0.0224,1370.0
1753503407304,04:16:47.304,ACH/USDT:USDT,0.02238,1107.0,0.02237,3069.0,0.02239,144.0,0.0224,1370.0
1753503407804,04:16:47.804,ACH/USDT:USDT,0.02238,1107.0,0.02237,3201.0,0.02239,144.0,0.0224,1370.0
1753503408104,04:16:48.104,ACH/USDT:USDT,0.02238,1107.0,0.02237,3201.0,0.02239,144.0,0.0224,1370.0
1753503409604,04:16:49.604,ACH/USDT:USDT,0.02238,1098.0,0.02237,3201.0,0.02239,144.0,0.0224,1370.0
1753503410104,04:16:50.104,ACH/USDT:USDT,0.02238,1098.0,0.02237,3201.0,0.02239,144.0,0.0224,1370.0
1753503410204,04:16:50.204,ACH/USDT:USDT,0.02238,1098.0,0.02237,3244.0,0.02239,144.0,0.0224,1370.0
1753503411304,04:16:51.304,ACH/USDT:USDT,0.02238,1098.0,0.02237,3201.0,0.02239,144.0,0.0224,1370.0
1753503411404,04:16:51.404,ACH/USDT:USDT,0.02238,1099.0,0.02237,3201.0,0.02239,144.0,0.0224,1370.0
1753503412304,04:16:52.304,ACH/USDT:USDT,0.02238,1099.0,0.02237,3012.0,0.02239,144.0,0.0224,1370.0
1753503414104,04:16:54.104,ACH/USDT:USDT,0.02238,1100.0,0.02237,3012.0,0.02239,144.0,0.0224,1370.0
1753503414504,04:16:54.504,ACH/USDT:USDT,0.02238,1100.0,0.02237,2968.0,0.02239,144.0,0.0224,1370.0
1753503415004,04:16:55.004,ACH/USDT:USDT,0.02237,154.0,0.02236,1419.0,0.02238,519.0,0.02239,1495.0
1753503415104,04:16:55.104,ACH/USDT:USDT,0.02237,150.0,0.02236,1419.0,0.02238,519.0,0.02239,1495.0
1753503415504,04:16:55.504,ACH/USDT:USDT,0.02237,150.0,0.02236,1419.0,0.02238,508.0,0.02239,1499.0
1753503415604,04:16:55.604,ACH/USDT:USDT,0.02237,150.0,0.02236,1419.0,0.02238,519.0,0.02239,1499.0
1753503415704,04:16:55.704,ACH/USDT:USDT,0.02237,150.0,0.02236,1419.0,0.02238,519.0,0.02239,1499.0
1753503416304,04:16:56.304,ACH/USDT:USDT,0.02237,150.0,0.02236,1419.0,0.02238,508.0,0.02239,1499.0
1753503416604,04:16:56.604,ACH/USDT:USDT,0.02237,150.0,0.02236,1419.0,0.02238,519.0,0.02239,1499.0
1753503416704,04:16:56.704,ACH/USDT:USDT,0.02237,191.0,0.02236,1419.0,0.02238,508.0,0.02239,1499.0
1753503417304,04:16:57.304,ACH/USDT:USDT,0.02237,191.0,0.02236,1419.0,0.02238,508.0,0.02239,1499.0
1753503417404,04:16:57.404,ACH/USDT:USDT,0.02237,191.0,0.02236,1419.0,0.02238,508.0,0.02239,1499.0
1753503418204,04:16:58.204,ACH/USDT:USDT,0.02237,580.0,0.02236,1632.0,0.02238,266.0,0.02239,1366.0
1753503418304,04:16:58.304,ACH/USDT:USDT,0.02237,580.0,0.02236,1632.0,0.02238,266.0,0.02239,1366.0
1753503418604,04:16:58.604,ACH/USDT:USDT,0.02237,580.0,0.02236,1674.0,0.02238,266.0,0.02239,1366.0
1753503419504,04:16:59.504,ACH/USDT:USDT,0.02237,591.0,0.02236,1674.0,0.02238,266.0,0.02239,1366.0
1753503419604,04:16:59.604,ACH/USDT:USDT,0.02237,580.0,0.02236,1674.0,0.02238,266.0,0.02239,1366.0
1753503419704,04:16:59.704,ACH/USDT:USDT,0.02237,580.0,0.02236,1674.0,0.02238,307.0,0.02239,1366.0
1753503419804,04:16:59.804,ACH/USDT:USDT,0.02237,141.0,0.02236,1632.0,0.02238,511.0,0.02239,1366.0
1753503420404,04:17:00.404,ACH/USDT:USDT,0.02237,141.0,0.02236,1750.0,0.02238,481.0,0.02239,1366.0
1753503420504,04:17:00.504,ACH/USDT:USDT,0.02237,141.0,0.02236,1750.0,0.02238,481.0,0.02239,1366.0
1753503420704,04:17:00.704,ACH/USDT:USDT,0.02237,141.0,0.02236,1750.0,0.02238,481.0,0.02239,1366.0
1753503420904,04:17:00.904,ACH/USDT:USDT,0.02237,459.0,0.02236,1632.0,0.02238,266.0,0.02239,1366.0
1753503421104,04:17:01.104,ACH/USDT:USDT,0.02237,429.0,0.02236,1778.0,0.02238,266.0,0.02239,1366.0
1753503422204,04:17:02.204,ACH/USDT:USDT,0.02237,459.0,0.02236,1778.0,0.02238,266.0,0.02239,1366.0
1753503422704,04:17:02.704,ACH/USDT:USDT,0.02237,459.0,0.02236,1863.0,0.02238,126.0,0.02239,1366.0
1753503422804,04:17:02.804,ACH/USDT:USDT,0.02237,628.0,0.02236,2238.0,0.02238,126.0,0.02239,1366.0
1753503422904,04:17:02.904,ACH/USDT:USDT,0.02237,628.0,0.02236,2673.0,0.02238,126.0,0.02239,1366.0
1753503423004,04:17:03.004,ACH/USDT:USDT,0.02237,628.0,0.02236,2716.0,0.02238,126.0,0.02239,1366.0
1753503423204,04:17:03.204,ACH/USDT:USDT,0.02237,628.0,0.02236,2760.0,0.02238,126.0,0.02239,1366.0
1753503423304,04:17:03.304,ACH/USDT:USDT,0.02237,628.0,0.02236,2890.0,0.02238,126.0,0.02239,1366.0
1753503423704,04:17:03.704,ACH/USDT:USDT,0.02237,628.0,0.02236,2934.0,0.02238,126.0,0.02239,1366.0
1753503424104,04:17:04.104,ACH/USDT:USDT,0.02237,598.0,0.02236,2673.0,0.02238,153.0,0.02239,1366.0
1753503424404,04:17:04.404,ACH/USDT:USDT,0.02237,628.0,0.02236,2673.0,0.02238,153.0,0.02239,1366.0
1753503425604,04:17:05.604,ACH/USDT:USDT,0.02237,458.0,0.02236,2354.0,0.02238,277.0,0.02239,1366.0
1753503425704,04:17:05.704,ACH/USDT:USDT,0.02237,298.0,0.02236,2354.0,0.02238,277.0,0.02239,1366.0
1753503426104,04:17:06.104,ACH/USDT:USDT,0.02237,339.0,0.02236,2311.0,0.02238,266.0,0.02239,1366.0
1753503426204,04:17:06.204,ACH/USDT:USDT,0.02237,339.0,0.02236,2408.0,0.02238,266.0,0.02239,1366.0
1753503426804,04:17:06.804,ACH/USDT:USDT,0.02237,339.0,0.02236,2148.0,0.02238,266.0,0.02239,1166.0
1753503427004,04:17:07.004,ACH/USDT:USDT,0.02237,339.0,0.02236,2148.0,0.02238,266.0,0.02239,1316.0
1753503428604,04:17:08.604,ACH/USDT:USDT,0.02237,633.0,0.02236,2092.0,0.02238,153.0,0.02239,1316.0
1753503429304,04:17:09.304,ACH/USDT:USDT,0.02238,147.0,0.02237,1662.0,0.02239,480.0,0.0224,1725.0
1753503429404,04:17:09.404,ACH/USDT:USDT,0.02238,147.0,0.02237,1737.0,0.02239,480.0,0.0224,1725.0
1753503429504,04:17:09.504,ACH/USDT:USDT,0.02238,147.0,0.02237,2024.0,0.02239,480.0,0.0224,1725.0
1753503429704,04:17:09.704,ACH/USDT:USDT,0.02238,147.0,0.02237,2028.0,0.02239,480.0,0.0224,1611.0
1753503430204,04:17:10.204,ACH/USDT:USDT,0.02238,147.0,0.02237,2028.0,0.02239,480.0,0.0224,1611.0
1753503430304,04:17:10.304,ACH/USDT:USDT,0.02238,147.0,0.02237,2028.0,0.02239,480.0,0.0224,1654.0
1753503430404,04:17:10.404,ACH/USDT:USDT,0.02238,147.0,0.02237,2028.0,0.02239,480.0,0.0224,1654.0
1753503430504,04:17:10.504,ACH/USDT:USDT,0.02238,147.0,0.02237,1868.0,0.02239,480.0,0.0224,1654.0
1753503431504,04:17:11.504,ACH/USDT:USDT,0.02238,147.0,0.02237,1868.0,0.02239,480.0,0.0224,1654.0
1753503432104,04:17:12.104,ACH/USDT:USDT,0.02238,147.0,0.02237,1868.0,0.02239,521.0,0.0224,1698.0
1753503432204,04:17:12.204,ACH/USDT:USDT,0.02238,147.0,0.02237,1868.0,0.02239,521.0,0.0224,1698.0
1753503432904,04:17:12.904,ACH/USDT:USDT,0.02238,147.0,0.02237,1581.0,0.02239,521.0,0.0224,1698.0
1753503433204,04:17:13.204,ACH/USDT:USDT,0.02238,147.0,0.02237,1581.0,0.02239,480.0,0.0224,1698.0
1753503433304,04:17:13.304,ACH/USDT:USDT,0.02238,147.0,0.02237,1581.0,0.02239,521.0,0.0224,1742.0
1753503434104,04:17:14.104,ACH/USDT:USDT,0.02238,11.0,0.02237,1526.0,0.02239,521.0,0.0224,1900.0
1753503434204,04:17:14.204,ACH/USDT:USDT,0.02237,813.0,0.02236,2188.0,0.02238,29.0,0.02239,1235.0
1753503434304,04:17:14.304,ACH/USDT:USDT,0.02237,813.0,0.02236,2655.0,0.02238,29.0,0.02239,1335.0
1753503434404,04:17:14.404,ACH/USDT:USDT,0.02237,520.0,0.02236,2750.0,0.02238,29.0,0.02239,1335.0
1753503434504,04:17:14.504,ACH/USDT:USDT,0.02237,520.0,0.02236,2750.0,0.02238,29.0,0.02239,1335.0
1753503434604,04:17:14.604,ACH/USDT:USDT,0.02237,520.0,0.02236,2750.0,0.02238,29.0,0.02239,1335.0
1753503434704,04:17:14.704,ACH/USDT:USDT,0.02237,531.0,0.02236,2750.0,0.02238,29.0,0.02239,1335.0
1753503434804,04:17:14.804,ACH/USDT:USDT,0.02237,754.0,0.02236,2928.0,0.02238,29.0,0.02239,1335.0
1753503435204,04:17:15.204,ACH/USDT:USDT,0.02237,754.0,0.02236,3146.0,0.02238,29.0,0.02239,1324.0
1753503435304,04:17:15.304,ACH/USDT:USDT,0.02237,754.0,0.02236,3320.0,0.02238,29.0,0.02239,1324.0
1753503435804,04:17:15.804,ACH/USDT:USDT,0.02237,754.0,0.02236,3232.0,0.02238,29.0,0.02239,1324.0
1753503436604,04:17:16.604,ACH/USDT:USDT,0.02237,754.0,0.02236,3232.0,0.02238,29.0,0.02239,1324.0
1753503438304,04:17:18.304,ACH/USDT:USDT,0.02237,754.0,0.02236,3276.0,0.02238,29.0,0.02239,1324.0
1753503438404,04:17:18.404,ACH/USDT:USDT,0.02237,754.0,0.02236,3320.0,0.02238,29.0,0.02239,1324.0
1753503438504,04:17:18.504,ACH/USDT:USDT,0.02237,754.0,0.02236,3320.0,0.02238,29.0,0.02239,1324.0
1753503438604,04:17:18.604,ACH/USDT:USDT,0.02237,754.0,0.02236,3452.0,0.02238,29.0,0.02239,1324.0
1753503438904,04:17:18.904,ACH/USDT:USDT,0.02237,754.0,0.02236,3452.0,0.02238,29.0,0.02239,1324.0
1753503439304,04:17:19.304,ACH/USDT:USDT,0.02237,745.0,0.02236,3452.0,0.02238,29.0,0.02239,1324.0
1753503439404,04:17:19.404,ACH/USDT:USDT,0.02237,745.0,0.02236,3491.0,0.02238,29.0,0.02239,1324.0
1753503439504,04:17:19.504,ACH/USDT:USDT,0.02237,745.0,0.02236,3448.0,0.02238,29.0,0.02239,1324.0
1753503440004,04:17:20.004,ACH/USDT:USDT,0.02237,745.0,0.02236,3448.0,0.02238,29.0,0.02239,1324.0
1753503440104,04:17:20.104,ACH/USDT:USDT,0.02237,745.0,0.02236,3448.0,0.02238,29.0,0.02239,1324.0
1753503440204,04:17:20.204,ACH/USDT:USDT,0.02237,745.0,0.02236,3448.0,0.02238,29.0,0.02239,1324.0
1753503441504,04:17:21.504,ACH/USDT:USDT,0.02237,745.0,0.02236,3448.0,0.02238,29.0,0.02239,1324.0
1753503441604,04:17:21.604,ACH/USDT:USDT,0.02237,745.0,0.02236,3448.0,0.02238,29.0,0.02239,1324.0
1753503441804,04:17:21.804,ACH/USDT:USDT,0.02237,745.0,0.02236,3448.0,0.02238,66.0,0.02239,1124.0
1753503442004,04:17:22.004,ACH/USDT:USDT,0.02237,745.0,0.02236,3767.0,0.02238,39.0,0.02239,1094.0
1753503442104,04:17:22.104,ACH/USDT:USDT,0.02237,745.0,0.02236,3810.0,0.02238,39.0,0.02239,1094.0
1753503442304,04:17:22.304,ACH/USDT:USDT,0.02237,945.0,0.02236,4110.0,0.02238,39.0,0.02239,1094.0
1753503442404,04:17:22.404,ACH/USDT:USDT,0.02237,945.0,0.02236,4066.0,0.02238,39.0,0.02239,1094.0
1753503442504,04:17:22.504,ACH/USDT:USDT,0.02237,945.0,0.02236,3894.0,0.02238,39.0,0.02239,1094.0
1753503443104,04:17:23.104,ACH/USDT:USDT,0.02237,692.0,0.02236,3774.0,0.02238,39.0,0.02239,1094.0
1753503443204,04:17:23.204,ACH/USDT:USDT,0.02237,722.0,0.02236,3774.0,0.02238,39.0,0.02239,1094.0
1753503443704,04:17:23.704,ACH/USDT:USDT,0.02237,722.0,0.02236,3774.0,0.02238,39.0,0.02239,1094.0
1753503446104,04:17:26.104,ACH/USDT:USDT,0.02237,722.0,0.02236,3607.0,0.02238,39.0,0.02239,1094.0
1753503446304,04:17:26.304,ACH/USDT:USDT,0.02237,722.0,0.02236,3607.0,0.02238,39.0,0.02239,1094.0
1753503446504,04:17:26.504,ACH/USDT:USDT,0.02237,722.0,0.02236,3607.0,0.02238,39.0,0.02239,1094.0
1753503446704,04:17:26.704,ACH/USDT:USDT,0.02237,722.0,0.02236,3607.0,0.02238,39.0,0.02239,1094.0
1753503446904,04:17:26.904,ACH/USDT:USDT,0.02237,722.0,0.02236,3563.0,0.02238,39.0,0.02239,1094.0
1753503447104,04:17:27.104,ACH/USDT:USDT,0.02237,722.0,0.02236,3519.0,0.02238,67.0,0.02239,1094.0
1753503447204,04:17:27.204,ACH/USDT:USDT,0.02237,722.0,0.02236,3197.0,0.02238,67.0,0.02239,1094.0
1753503447304,04:17:27.304,ACH/USDT:USDT,0.02237,722.0,0.02236,3109.0,0.02238,67.0,0.02239,1094.0
1753503447904,04:17:27.904,ACH/USDT:USDT,0.02237,722.0,0.02236,3109.0,0.02238,67.0,0.02239,1094.0
1753503448004,04:17:28.004,ACH/USDT:USDT,0.02237,722.0,0.02236,3109.0,0.02238,67.0,0.02239,1094.0
