timestamp,time,symbol,bid1_price,bid1_volume,bid2_price,bid2_volume,ask1_price,ask1_volume,ask2_price,ask2_volume
1753504003713,04:26:43.713,ALGO/USDT:USDT,0.2689,844.0,0.2685,11205.0,0.2691,5156.0,0.2693,13288.0
1753504005025,04:26:45.025,ALGO/USDT:USDT,0.2689,10.0,0.2688,1059.0,0.2691,5727.0,0.2693,3417.0
1753504005713,04:26:45.713,ALGO/USDT:USDT,0.2689,10.0,0.2688,1059.0,0.2691,5726.0,0.2693,3417.0
1753504006214,04:26:46.214,ALGO/USDT:USDT,0.2689,1286.0,0.2685,34855.0,0.2691,5727.0,0.2693,3417.0
1753504007027,04:26:47.027,ALGO/USDT:USDT,0.2689,10.0,0.2688,1276.0,0.2691,5728.0,0.2692,1111.0
1753504007717,04:26:47.717,ALGO/USDT:USDT,0.2689,5.0,0.2688,1278.0,0.2691,5728.0,0.2692,1111.0
1753504008217,04:26:48.217,ALGO/USDT:USDT,0.2689,5.0,0.2688,980.0,0.2691,5726.0,0.2693,3417.0
1753504009028,04:26:49.028,ALGO/USDT:USDT,0.2689,5.0,0.2688,263.0,0.2691,5192.0,0.2693,3417.0
1753504009722,04:26:49.722,ALGO/USDT:USDT,0.2689,5.0,0.2688,264.0,0.2691,5192.0,0.2693,3417.0
1753504010220,04:26:50.220,ALGO/USDT:USDT,0.2689,5.0,0.2688,492.0,0.2691,5192.0,0.2693,3417.0
1753504011221,04:26:51.221,ALGO/USDT:USDT,0.2689,5.0,0.2688,492.0,0.2691,5157.0,0.2693,13130.0
1753504011725,04:26:51.725,ALGO/USDT:USDT,0.2689,5.0,0.2688,492.0,0.2691,5155.0,0.2693,13130.0
1753504012223,04:26:52.223,ALGO/USDT:USDT,0.2689,5.0,0.2688,724.0,0.2691,5155.0,0.2693,7499.0
1753504013031,04:26:53.031,ALGO/USDT:USDT,0.2689,5.0,0.2688,722.0,0.2691,5154.0,0.2693,7499.0
1753504013726,04:26:53.726,ALGO/USDT:USDT,0.2689,5.0,0.2688,517.0,0.2691,4540.0,0.2693,3417.0
1753504014227,04:26:54.227,ALGO/USDT:USDT,0.2689,5.0,0.2688,525.0,0.2691,4545.0,0.2693,3417.0
1753504015228,04:26:55.228,ALGO/USDT:USDT,0.2689,5.0,0.2688,523.0,0.2691,4545.0,0.2692,1879.0
1753504015730,04:26:55.730,ALGO/USDT:USDT,0.2689,5.0,0.2688,523.0,0.2691,4543.0,0.2692,1879.0
1753504016228,04:26:56.228,ALGO/USDT:USDT,0.2689,5.0,0.2688,523.0,0.2691,5172.0,0.2692,7115.0
1753504017036,04:26:57.036,ALGO/USDT:USDT,0.2689,5.0,0.2688,603.0,0.2691,5173.0,0.2693,3417.0
1753504017229,04:26:57.229,ALGO/USDT:USDT,0.2689,5.0,0.2688,603.0,0.2691,5174.0,0.2693,3417.0
1753504018730,04:26:58.730,ALGO/USDT:USDT,0.2689,5.0,0.2688,1153.0,0.2691,5170.0,0.2693,3417.0
1753504019232,04:26:59.232,ALGO/USDT:USDT,0.2689,5.0,0.2688,1746.0,0.2691,5094.0,0.2693,8253.0
1753504021040,04:27:01.040,ALGO/USDT:USDT,0.2689,5.0,0.2688,1743.0,0.2691,5112.0,0.2693,3417.0
1753504021734,04:27:01.734,ALGO/USDT:USDT,0.2689,5.0,0.2688,1743.0,0.2691,5110.0,0.2693,3417.0
1753504022234,04:27:02.234,ALGO/USDT:USDT,0.2689,5.0,0.2688,1928.0,0.2691,5110.0,0.2693,3417.0
1753504023058,04:27:03.058,ALGO/USDT:USDT,0.2691,2282.0,0.2688,10842.0,0.2693,22.0,0.2694,5256.0
1753504023749,04:27:03.749,ALGO/USDT:USDT,0.2691,1662.0,0.2689,30557.0,0.2693,4.0,0.2694,6415.0
1753504024238,04:27:04.238,ALGO/USDT:USDT,0.2691,559.0,0.2686,24539.0,0.2693,4.0,0.2694,7622.0
1753504024740,04:27:04.740,ALGO/USDT:USDT,0.2691,560.0,0.2686,24539.0,0.2693,4.0,0.2694,7622.0
1753504025241,04:27:05.241,ALGO/USDT:USDT,0.2691,560.0,0.2686,29980.0,0.2693,4.0,0.2694,7081.0
1753504026043,04:27:06.043,ALGO/USDT:USDT,0.2692,82.0,0.2691,7.0,0.2693,4.0,0.2694,7298.0
1753504026742,04:27:06.742,ALGO/USDT:USDT,0.2692,85.0,0.2691,3.0,0.2693,4.0,0.2694,7299.0
1753504027256,04:27:07.256,ALGO/USDT:USDT,0.2691,338.0,0.2689,23242.0,0.2693,4.0,0.2694,6402.0
1753504027743,04:27:07.743,ALGO/USDT:USDT,0.2691,338.0,0.2689,23242.0,0.2693,4.0,0.2694,6399.0
1753504028244,04:27:08.244,ALGO/USDT:USDT,0.2691,337.0,0.2687,17503.0,0.2693,4.0,0.2694,6402.0
1753504029245,04:27:09.245,ALGO/USDT:USDT,0.2692,334.0,0.2691,3.0,0.2693,4.0,0.2694,6541.0
1753504030246,04:27:10.246,ALGO/USDT:USDT,0.2692,1.0,0.2691,690.0,0.2693,4.0,0.2694,6538.0
1753504030747,04:27:10.747,ALGO/USDT:USDT,0.2692,1.0,0.2691,690.0,0.2693,4.0,0.2694,6540.0
1753504031247,04:27:11.247,ALGO/USDT:USDT,0.2692,688.0,0.2691,3.0,0.2693,4.0,0.2694,6541.0
1753504032249,04:27:12.249,ALGO/USDT:USDT,0.2691,992.0,0.2686,40284.0,0.2693,4.0,0.2694,6541.0
1753504032751,04:27:12.751,ALGO/USDT:USDT,0.2691,992.0,0.2686,40284.0,0.2693,4.0,0.2694,6542.0
1753504033251,04:27:13.251,ALGO/USDT:USDT,0.2691,694.0,0.2686,26181.0,0.2693,4.0,0.2694,6541.0
1753504034255,04:27:14.255,ALGO/USDT:USDT,0.2692,687.0,0.2691,3.0,0.2693,4.0,0.2694,6541.0
1753504035052,04:27:15.052,ALGO/USDT:USDT,0.2692,688.0,0.2691,3.0,0.2693,4.0,0.2694,6540.0
1753504035757,04:27:15.757,ALGO/USDT:USDT,0.2692,689.0,0.2691,3.0,0.2693,4.0,0.2694,6540.0
1753504036257,04:27:16.257,ALGO/USDT:USDT,0.2692,2.0,0.2691,690.0,0.2693,4.0,0.2694,6540.0
1753504037052,04:27:17.052,ALGO/USDT:USDT,0.2692,2.0,0.2691,440.0,0.2693,4.0,0.2694,6544.0
1753504037760,04:27:17.760,ALGO/USDT:USDT,0.2691,444.0,0.2687,31394.0,0.2693,4.0,0.2694,6544.0
1753504038262,04:27:18.262,ALGO/USDT:USDT,0.2691,444.0,0.2688,9847.0,0.2693,4.0,0.2694,6541.0
1753504039053,04:27:19.053,ALGO/USDT:USDT,0.2691,444.0,0.269,8456.0,0.2693,4.0,0.2694,6541.0
1753504039764,04:27:19.764,ALGO/USDT:USDT,0.2691,444.0,0.269,8456.0,0.2693,4.0,0.2694,6543.0
1753504040265,04:27:20.265,ALGO/USDT:USDT,0.2692,463.0,0.2691,3.0,0.2693,4.0,0.2694,7110.0
1753504041266,04:27:21.266,ALGO/USDT:USDT,0.2692,463.0,0.2691,3.0,0.2693,4.0,0.2694,7191.0
1753504041767,04:27:21.767,ALGO/USDT:USDT,0.2692,463.0,0.2691,3.0,0.2693,4.0,0.2694,7191.0
1753504042269,04:27:22.269,ALGO/USDT:USDT,0.2692,2.0,0.2691,464.0,0.2693,4.0,0.2694,7109.0
1753504043269,04:27:23.269,ALGO/USDT:USDT,0.2692,759.0,0.2691,5.0,0.2693,4.0,0.2694,7109.0
1753504043770,04:27:23.770,ALGO/USDT:USDT,0.2692,759.0,0.2691,5.0,0.2693,4.0,0.2694,7110.0
1753504044275,04:27:24.275,ALGO/USDT:USDT,0.2691,764.0,0.2688,46607.0,0.2693,4.0,0.2694,7110.0
1753504045275,04:27:25.275,ALGO/USDT:USDT,0.2692,786.0,0.2691,5.0,0.2693,4.0,0.2694,7001.0
1753504046060,04:27:26.060,ALGO/USDT:USDT,0.2692,1005.0,0.2691,5.0,0.2693,4.0,0.2694,7296.0
1753504046776,04:27:26.776,ALGO/USDT:USDT,0.2692,1010.0,0.2691,3.0,0.2693,4.0,0.2694,7299.0
1753504047278,04:27:27.278,ALGO/USDT:USDT,0.2691,766.0,0.2688,30870.0,0.2693,4.0,0.2694,7299.0
1753504048063,04:27:28.063,ALGO/USDT:USDT,0.2691,764.0,0.2688,30870.0,0.2693,4.0,0.2694,7299.0
1753504048781,04:27:28.781,ALGO/USDT:USDT,0.2692,760.0,0.2691,45259.0,0.2693,4.0,0.2694,7083.0
1753504049281,04:27:29.281,ALGO/USDT:USDT,0.2692,760.0,0.2691,4.0,0.2693,4.0,0.2694,7001.0
1753504050284,04:27:30.284,ALGO/USDT:USDT,0.2692,1082.0,0.2691,3.0,0.2693,4.0,0.2694,7001.0
1753504050785,04:27:30.785,ALGO/USDT:USDT,0.2692,1082.0,0.2691,3.0,0.2693,4.0,0.2694,7001.0
1753504051286,04:27:31.286,ALGO/USDT:USDT,0.2692,704.0,0.2691,3.0,0.2693,4.0,0.2694,7082.0
1753504052065,04:27:32.065,ALGO/USDT:USDT,0.2692,704.0,0.2691,3.0,0.2693,4.0,0.2694,7300.0
1753504052288,04:27:32.288,ALGO/USDT:USDT,0.2692,700.0,0.2691,3.0,0.2693,4.0,0.2694,7300.0
1753504053288,04:27:33.288,ALGO/USDT:USDT,0.2692,707.0,0.2689,21512.0,0.2694,2047.0,0.2699,8452.0
1753504054068,04:27:34.068,ALGO/USDT:USDT,0.2692,5.0,0.2691,779.0,0.2694,2047.0,0.2699,37972.0
1753504054289,04:27:34.289,ALGO/USDT:USDT,0.2692,5.0,0.2691,779.0,0.2694,2046.0,0.2699,37972.0
1753504055289,04:27:35.289,ALGO/USDT:USDT,0.2692,5.0,0.2691,1077.0,0.2694,1595.0,0.2697,7935.0
1753504055792,04:27:35.792,ALGO/USDT:USDT,0.2692,5.0,0.2691,1077.0,0.2694,1596.0,0.2697,7935.0
1753504056292,04:27:36.292,ALGO/USDT:USDT,0.2692,3.0,0.2691,781.0,0.2694,1752.0,0.2697,20295.0
1753504057069,04:27:37.069,ALGO/USDT:USDT,0.2692,3.0,0.2691,862.0,0.2694,1749.0,0.2697,15613.0
1753504057294,04:27:37.294,ALGO/USDT:USDT,0.2692,3.0,0.2691,862.0,0.2694,1749.0,0.2697,15613.0
1753504058296,04:27:38.296,ALGO/USDT:USDT,0.2692,3.0,0.2691,1233.0,0.2694,1591.0,0.2695,129.0
1753504058940,04:27:38.940,ALGO/USDT:USDT,0.2691,4.0,0.269,1229.0,0.2692,931.0,0.2694,10.0
1753504059556,04:27:39.556,ALGO/USDT:USDT,0.2688,1496.0,0.2685,13758.0,0.2692,938.0,0.2694,10.0
1753504060072,04:27:40.072,ALGO/USDT:USDT,0.2688,2353.0,0.2685,3677.0,0.2692,2589.0,0.2693,23074.0
1753504060799,04:27:40.799,ALGO/USDT:USDT,0.2689,2349.0,0.2688,4.0,0.2692,2592.0,0.2694,9544.0
1753504061301,04:27:41.301,ALGO/USDT:USDT,0.2689,380.0,0.2688,4.0,0.2692,2394.0,0.2694,29648.0
1753504061799,04:27:41.799,ALGO/USDT:USDT,0.2689,385.0,0.2685,39339.0,0.2692,2394.0,0.2694,29648.0
1753504062300,04:27:42.300,ALGO/USDT:USDT,0.2689,383.0,0.2685,31428.0,0.2692,2552.0,0.2693,1000.0
1753504063075,04:27:43.075,ALGO/USDT:USDT,0.2689,379.0,0.2685,31428.0,0.2692,2551.0,0.2693,1000.0
1753504063302,04:27:43.302,ALGO/USDT:USDT,0.269,985.0,0.2687,21660.0,0.2692,2399.0,0.2694,5.0
1753504064305,04:27:44.305,ALGO/USDT:USDT,0.269,2.0,0.2689,798.0,0.2692,2301.0,0.2693,11255.0
1753504065077,04:27:45.077,ALGO/USDT:USDT,0.2689,965.0,0.2685,3677.0,0.2692,2221.0,0.2693,27182.0
1753504066308,04:27:46.308,ALGO/USDT:USDT,0.269,1645.0,0.2689,13161.0,0.2692,2063.0,0.2694,5.0
1753504066808,04:27:46.808,ALGO/USDT:USDT,0.269,1645.0,0.2689,13161.0,0.2692,2065.0,0.2694,5.0
1753504067310,04:27:47.310,ALGO/USDT:USDT,0.2689,1046.0,0.2686,26403.0,0.2692,2224.0,0.2694,20166.0
1753504068084,04:27:48.084,ALGO/USDT:USDT,0.2689,1048.0,0.2686,26403.0,0.2692,2228.0,0.2694,20166.0
1753504068310,04:27:48.310,ALGO/USDT:USDT,0.269,1045.0,0.2689,3.0,0.2692,2228.0,0.2694,5.0
1753504069313,04:27:49.313,ALGO/USDT:USDT,0.2689,3.0,0.2688,747.0,0.2691,2308.0,0.2694,5.0
1753504070081,04:27:50.081,ALGO/USDT:USDT,0.2689,551.0,0.2687,40607.0,0.2691,2233.0,0.2693,9786.0
1753504070816,04:27:50.816,ALGO/USDT:USDT,0.2689,551.0,0.2687,40607.0,0.2691,2234.0,0.2693,9786.0
1753504071316,04:27:51.316,ALGO/USDT:USDT,0.2689,3.0,0.2688,548.0,0.2691,2233.0,0.2693,3671.0
1753504072318,04:27:52.318,ALGO/USDT:USDT,0.2688,701.0,0.2685,3677.0,0.2691,2235.0,0.2694,5.0
1753504072819,04:27:52.819,ALGO/USDT:USDT,0.2688,701.0,0.2685,3677.0,0.2691,2233.0,0.2694,5.0
1753504073322,04:27:53.322,ALGO/USDT:USDT,0.2689,629.0,0.2685,3677.0,0.2691,2312.0,0.2692,23.0
1753504074085,04:27:54.085,ALGO/USDT:USDT,0.2689,5.0,0.2687,692.0,0.269,1644.0,0.2692,23.0
1753504074320,04:27:54.320,ALGO/USDT:USDT,0.2689,5.0,0.2687,692.0,0.269,1644.0,0.2692,23.0
1753504075321,04:27:55.321,ALGO/USDT:USDT,0.2688,1570.0,0.2687,19066.0,0.269,2057.0,0.2692,25130.0
1753504076085,04:27:56.085,ALGO/USDT:USDT,0.2688,5.0,0.2687,587.0,0.269,2295.0,0.2692,23.0
1753504076323,04:27:56.323,ALGO/USDT:USDT,0.2688,5.0,0.2687,587.0,0.269,2295.0,0.2692,23.0
1753504077324,04:27:57.324,ALGO/USDT:USDT,0.2688,155.0,0.2685,3677.0,0.269,2589.0,0.2692,23.0
1753504077826,04:27:57.826,ALGO/USDT:USDT,0.2688,5.0,0.2687,150.0,0.2689,3192.0,0.2692,23.0
1753504078660,04:27:58.660,ALGO/USDT:USDT,0.2686,1339.0,0.2685,3677.0,0.2689,2.0,0.269,2.0
1753504079424,04:27:59.424,ALGO/USDT:USDT,0.2686,904.0,0.2685,3677.0,0.269,643.0,0.2692,1522.0
1753504080232,04:28:00.232,ALGO/USDT:USDT,0.2686,3252.0,0.2685,3677.0,0.2689,3467.0,0.269,4.0
1753504080829,04:28:00.829,ALGO/USDT:USDT,0.2686,3254.0,0.2685,3677.0,0.2689,3467.0,0.269,4.0
1753504081330,04:28:01.330,ALGO/USDT:USDT,0.2688,1523.0,0.2686,5.0,0.269,493.0,0.2692,1522.0
1753504082092,04:28:02.092,ALGO/USDT:USDT,0.2687,75.0,0.2686,5.0,0.269,2484.0,0.2693,927.0
1753504082321,04:28:02.321,ALGO/USDT:USDT,0.2686,80.0,0.2685,5654.0,0.2689,2480.0,0.269,4.0
1753504083116,04:28:03.116,ALGO/USDT:USDT,0.2686,83.0,0.2685,1977.0,0.2689,2486.0,0.2692,13032.0
1753504083838,04:28:03.838,ALGO/USDT:USDT,0.2686,2025.0,0.2682,1223.0,0.2689,367.0,0.269,16181.0
1753504084339,04:28:04.339,ALGO/USDT:USDT,0.2686,1911.0,0.2683,26808.0,0.2689,367.0,0.269,6712.0
1753504084837,04:28:04.837,ALGO/USDT:USDT,0.2686,1911.0,0.2683,26808.0,0.2689,367.0,0.269,6712.0
1753504085499,04:28:05.499,ALGO/USDT:USDT,0.2688,1607.0,0.2686,6.0,0.2689,9.0,0.269,359.0
1753504086340,04:28:06.340,ALGO/USDT:USDT,0.2688,329.0,0.2686,3.0,0.2689,9.0,0.269,2403.0
1753504086843,04:28:06.843,ALGO/USDT:USDT,0.2688,328.0,0.2686,3.0,0.2689,9.0,0.269,2403.0
1753504087341,04:28:07.341,ALGO/USDT:USDT,0.2688,1.0,0.2687,252.0,0.2689,9.0,0.269,2403.0
1753504088097,04:28:08.097,ALGO/USDT:USDT,0.2687,256.0,0.2686,3.0,0.2689,4.0,0.269,2406.0
1753504088346,04:28:08.346,ALGO/USDT:USDT,0.2687,339.0,0.2686,3.0,0.2689,4.0,0.269,2623.0
1753504089095,04:28:09.095,ALGO/USDT:USDT,0.2687,341.0,0.2686,3.0,0.2689,4.0,0.269,2405.0
1753504089845,04:28:09.845,ALGO/USDT:USDT,0.2687,341.0,0.2686,3.0,0.2689,4.0,0.269,2404.0
1753504090348,04:28:10.348,ALGO/USDT:USDT,0.2688,1043.0,0.2687,16919.0,0.2689,4.0,0.269,2404.0
1753504091099,04:28:11.099,ALGO/USDT:USDT,0.2688,1339.0,0.2686,3.0,0.2689,4.0,0.269,2406.0
1753504091351,04:28:11.351,ALGO/USDT:USDT,0.2688,1340.0,0.2686,3.0,0.2689,4.0,0.269,2406.0
1753504092350,04:28:12.350,ALGO/USDT:USDT,0.2688,1132.0,0.2686,2886.0,0.2689,4.0,0.269,2416.0
1753504092850,04:28:12.850,ALGO/USDT:USDT,0.2688,1132.0,0.2686,2886.0,0.2689,4.0,0.269,2416.0
1753504093355,04:28:13.355,ALGO/USDT:USDT,0.2688,1.0,0.2687,1344.0,0.2689,4.0,0.269,2415.0
1753504094101,04:28:14.101,ALGO/USDT:USDT,0.2687,1349.0,0.2686,3.0,0.2689,4.0,0.269,18.0
1753504094854,04:28:14.854,ALGO/USDT:USDT,0.2687,1349.0,0.2686,3.0,0.2689,4.0,0.269,18.0
1753504095338,04:28:15.338,ALGO/USDT:USDT,0.2688,1417.0,0.2687,5.0,0.2689,4.0,0.269,3.0
1753504095855,04:28:15.855,ALGO/USDT:USDT,0.2688,1421.0,0.2686,3.0,0.2689,4.0,0.269,3.0
1753504096622,04:28:16.622,ALGO/USDT:USDT,0.2689,2955.0,0.2688,3.0,0.269,3.0,0.2691,1577.0
1753504097103,04:28:17.103,ALGO/USDT:USDT,0.2688,3.0,0.2687,1269.0,0.269,932.0,0.2693,19214.0
1753504097866,04:28:17.866,ALGO/USDT:USDT,0.2687,1270.0,0.2686,3.0,0.269,932.0,0.2693,19214.0
1753504098359,04:28:18.359,ALGO/USDT:USDT,0.2688,2167.0,0.2687,1.0,0.269,932.0,0.2692,30964.0
1753504099111,04:28:19.111,ALGO/USDT:USDT,0.2688,2.0,0.2687,2240.0,0.269,932.0,0.2692,2295.0
1753504099358,04:28:19.358,ALGO/USDT:USDT,0.2688,2.0,0.2687,2240.0,0.269,932.0,0.2692,2295.0
1753504100360,04:28:20.360,ALGO/USDT:USDT,0.2688,1640.0,0.2687,35853.0,0.269,1080.0,0.2692,2295.0
1753504100859,04:28:20.859,ALGO/USDT:USDT,0.2688,1640.0,0.2687,35853.0,0.269,1080.0,0.2694,32978.0
1753504101365,04:28:21.365,ALGO/USDT:USDT,0.2687,2169.0,0.2686,30009.0,0.269,932.0,0.2691,14580.0
1753504102364,04:28:22.364,ALGO/USDT:USDT,0.2688,3850.0,0.2687,2.0,0.2691,2753.0,0.2694,7113.0
1753504102864,04:28:22.864,ALGO/USDT:USDT,0.2688,3850.0,0.2687,2.0,0.2691,2751.0,0.2694,7113.0
1753504103365,04:28:23.365,ALGO/USDT:USDT,0.2688,636.0,0.2687,32745.0,0.2691,1853.0,0.2692,15700.0
1753504104117,04:28:24.117,ALGO/USDT:USDT,0.2688,482.0,0.2686,3.0,0.2691,1853.0,0.2692,1247.0
1753504104868,04:28:24.868,ALGO/USDT:USDT,0.2688,482.0,0.2686,3.0,0.2691,1853.0,0.2694,7755.0
1753504105115,04:28:25.115,ALGO/USDT:USDT,0.2689,1414.0,0.2688,3.0,0.2691,1853.0,0.2694,17714.0
1753504105369,04:28:25.369,ALGO/USDT:USDT,0.2689,1417.0,0.2686,3.0,0.2691,1853.0,0.2694,17714.0
1753504106369,04:28:26.369,ALGO/USDT:USDT,0.2689,1478.0,0.2688,24427.0,0.2691,1773.0,0.2694,6346.0
1753504107371,04:28:27.371,ALGO/USDT:USDT,0.2689,1.0,0.2688,878.0,0.2691,1773.0,0.2693,3429.0
1753504107882,04:28:27.882,ALGO/USDT:USDT,0.2689,1.0,0.2688,878.0,0.2691,1771.0,0.2693,3429.0
1753504108372,04:28:28.372,ALGO/USDT:USDT,0.2689,580.0,0.2688,2.0,0.2691,1773.0,0.2693,1851.0
1753504109117,04:28:29.117,ALGO/USDT:USDT,0.2689,1397.0,0.2688,2.0,0.2691,1772.0,0.2692,10009.0
1753504109374,04:28:29.374,ALGO/USDT:USDT,0.2689,1398.0,0.2686,28391.0,0.2691,1772.0,0.2692,10009.0
1753504110375,04:28:30.375,ALGO/USDT:USDT,0.2689,2120.0,0.2688,21153.0,0.2691,1852.0,0.2692,6011.0
1753504110875,04:28:30.875,ALGO/USDT:USDT,0.2689,2121.0,0.2688,21153.0,0.2691,1852.0,0.2692,6011.0
1753504111379,04:28:31.379,ALGO/USDT:USDT,0.2688,1517.0,0.2686,3.0,0.2691,1852.0,0.2692,22744.0
1753504112118,04:28:32.118,ALGO/USDT:USDT,0.2688,1599.0,0.2686,3.0,0.2691,1852.0,0.2693,1851.0
1753504112878,04:28:32.878,ALGO/USDT:USDT,0.2688,1599.0,0.2686,3.0,0.2691,1852.0,0.2693,1851.0
1753504113379,04:28:33.379,ALGO/USDT:USDT,0.2689,1594.0,0.2688,4.0,0.2691,1859.0,0.2692,728.0
1753504114119,04:28:34.119,ALGO/USDT:USDT,0.2688,2451.0,0.2687,31415.0,0.2691,11.0,0.2692,728.0
1753504114380,04:28:34.380,ALGO/USDT:USDT,0.2688,2450.0,0.2687,31415.0,0.2691,11.0,0.2692,728.0
1753504115163,04:28:35.163,ALGO/USDT:USDT,0.2688,2454.0,0.2686,40791.0,0.2691,376.0,0.2692,728.0
1753504115885,04:28:35.885,ALGO/USDT:USDT,0.2688,2454.0,0.2686,40791.0,0.2691,376.0,0.2692,2692.0
1753504117121,04:28:37.121,ALGO/USDT:USDT,0.2688,2454.0,0.2683,23498.0,0.2691,382.0,0.2692,2692.0
1753504117384,04:28:37.384,ALGO/USDT:USDT,0.2688,2454.0,0.2683,23498.0,0.2691,383.0,0.2692,2692.0
1753504118123,04:28:38.123,ALGO/USDT:USDT,0.2688,2452.0,0.2683,23498.0,0.2691,380.0,0.2692,512.0
1753504118887,04:28:38.887,ALGO/USDT:USDT,0.2688,2454.0,0.2687,874.0,0.2691,384.0,0.2692,2956.0
1753504119387,04:28:39.387,ALGO/USDT:USDT,0.2688,2237.0,0.2685,34210.0,0.2691,386.0,0.2692,512.0
1753504120123,04:28:40.123,ALGO/USDT:USDT,0.2688,2454.0,0.2686,16692.0,0.2691,588.0,0.2692,512.0
1753504120389,04:28:40.389,ALGO/USDT:USDT,0.2688,2454.0,0.2686,16692.0,0.2691,588.0,0.2692,512.0
1753504121123,04:28:41.123,ALGO/USDT:USDT,0.269,5.0,0.2689,709.0,0.2691,10.0,0.2692,1810.0
1753504122125,04:28:42.125,ALGO/USDT:USDT,0.2689,1353.0,0.2688,2.0,0.2691,5.0,0.2692,1815.0
1753504122392,04:28:42.392,ALGO/USDT:USDT,0.2689,1352.0,0.2688,2.0,0.2691,5.0,0.2692,1815.0
1753504123126,04:28:43.126,ALGO/USDT:USDT,0.2689,1354.0,0.2688,2.0,0.2691,5.0,0.2692,1811.0
1753504123393,04:28:43.393,ALGO/USDT:USDT,0.269,1649.0,0.2689,4.0,0.2691,5.0,0.2692,1554.0
1753504123894,04:28:43.894,ALGO/USDT:USDT,0.269,1649.0,0.2689,4.0,0.2691,5.0,0.2692,1554.0
1753504124394,04:28:44.394,ALGO/USDT:USDT,0.2689,1698.0,0.2688,2.0,0.2691,5.0,0.2692,1333.0
1753504125128,04:28:45.128,ALGO/USDT:USDT,0.2689,1619.0,0.2688,2.0,0.2691,5.0,0.2692,1933.0
1753504125396,04:28:45.396,ALGO/USDT:USDT,0.2689,1619.0,0.2688,2.0,0.2691,5.0,0.2692,1933.0
1753504126400,04:28:46.400,ALGO/USDT:USDT,0.2689,1619.0,0.2688,2.0,0.2691,5.0,0.2692,1933.0
1753504127399,04:28:47.399,ALGO/USDT:USDT,0.2689,1619.0,0.2688,2.0,0.2691,5.0,0.2692,1635.0
1753504128132,04:28:48.132,ALGO/USDT:USDT,0.2689,1620.0,0.2688,2.0,0.2691,5.0,0.2692,1637.0
1753504128402,04:28:48.402,ALGO/USDT:USDT,0.269,1616.0,0.2689,42277.0,0.2691,5.0,0.2692,1718.0
1753504129406,04:28:49.406,ALGO/USDT:USDT,0.269,1810.0,0.2688,2.0,0.2691,5.0,0.2692,1935.0
1753504129904,04:28:49.904,ALGO/USDT:USDT,0.269,1812.0,0.2688,2.0,0.2691,5.0,0.2692,1935.0
1753504130405,04:28:50.405,ALGO/USDT:USDT,0.269,1809.0,0.2688,2.0,0.2691,5.0,0.2692,2069.0
1753504131133,04:28:51.133,ALGO/USDT:USDT,0.269,2.0,0.2689,2024.0,0.2691,5.0,0.2692,2067.0
1753504131408,04:28:51.408,ALGO/USDT:USDT,0.2689,2027.0,0.2688,2.0,0.2691,5.0,0.2692,2067.0
1753504132409,04:28:52.409,ALGO/USDT:USDT,0.269,2302.0,0.2689,3.0,0.2691,5.0,0.2692,2069.0
1753504132909,04:28:52.909,ALGO/USDT:USDT,0.269,2302.0,0.2689,3.0,0.2691,5.0,0.2692,2069.0
1753504133411,04:28:53.411,ALGO/USDT:USDT,0.2689,2448.0,0.2688,4459.0,0.2691,5.0,0.2692,1991.0
1753504134142,04:28:54.142,ALGO/USDT:USDT,0.269,2233.0,0.2689,4.0,0.2691,5.0,0.2692,1993.0
1753504134412,04:28:54.412,ALGO/USDT:USDT,0.269,2233.0,0.2689,4.0,0.2691,5.0,0.2692,1994.0
1753504135414,04:28:55.414,ALGO/USDT:USDT,0.2689,2536.0,0.2688,2.0,0.2691,5.0,0.2692,1994.0
1753504135914,04:28:55.914,ALGO/USDT:USDT,0.2689,2536.0,0.2688,2.0,0.2691,5.0,0.2692,1994.0
1753504136417,04:28:56.417,ALGO/USDT:USDT,0.2689,2315.0,0.2688,2.0,0.2691,5.0,0.2692,2074.0
1753504137139,04:28:57.139,ALGO/USDT:USDT,0.2689,2532.0,0.2688,1918.0,0.2691,5.0,0.2692,2074.0
1753504137416,04:28:57.416,ALGO/USDT:USDT,0.2689,2532.0,0.2688,1918.0,0.2691,5.0,0.2692,2074.0
1753504138423,04:28:58.423,ALGO/USDT:USDT,0.2689,2534.0,0.2688,2.0,0.2691,5.0,0.2692,2071.0
1753504138919,04:28:58.919,ALGO/USDT:USDT,0.2689,2534.0,0.2688,2.0,0.2691,5.0,0.2692,2071.0
1753504139417,04:28:59.417,ALGO/USDT:USDT,0.2689,2236.0,0.2688,2.0,0.2691,5.0,0.2692,2310.0
1753504140141,04:29:00.141,ALGO/USDT:USDT,0.2689,2534.0,0.2688,2.0,0.2691,5.0,0.2692,1977.0
1753504140420,04:29:00.420,ALGO/USDT:USDT,0.2689,2534.0,0.2688,2.0,0.2691,5.0,0.2692,1980.0
1753504141422,04:29:01.422,ALGO/USDT:USDT,0.2689,2532.0,0.2688,35047.0,0.2691,5.0,0.2692,1980.0
1753504142424,04:29:02.424,ALGO/USDT:USDT,0.269,2279.0,0.2688,2.0,0.2691,5.0,0.2692,2068.0
1753504143165,04:29:03.165,ALGO/USDT:USDT,0.269,2282.0,0.2686,37443.0,0.2692,1558.0,0.2694,2742.0
1753504143927,04:29:03.927,ALGO/USDT:USDT,0.269,2283.0,0.2687,37412.0,0.2692,2256.0,0.2693,12193.0
