timestamp,time,symbol,bid1_price,bid1_volume,bid2_price,bid2_volume,ask1_price,ask1_volume,ask2_price,ask2_volume
1753504006949,04:26:46.949,ADA/USDT:USDT,0.82416,70.0,0.82414,21.0,0.82417,95.0,0.82418,121.0
1753504007306,04:26:47.306,ADA/USDT:USDT,0.82416,70.0,0.82414,21.0,0.82417,95.0,0.82418,121.0
1753504007311,04:26:47.311,ADA/USDT:USDT,0.82416,70.0,0.82414,21.0,0.82417,95.0,0.82418,121.0
1753504007449,04:26:47.449,ADA/USDT:USDT,0.82416,70.0,0.82414,21.0,0.82417,95.0,0.82418,121.0
1753504007449,04:26:47.449,ADA/USDT:USDT,0.82416,70.0,0.82414,21.0,0.82417,95.0,0.82418,121.0
1753504007568,04:26:47.568,ADA/USDT:USDT,0.82416,70.0,0.82414,21.0,0.82417,95.0,0.82418,121.0
1753504007742,04:26:47.742,ADA/USDT:USDT,0.82416,70.0,0.82414,21.0,0.82417,95.0,0.82418,121.0
1753504007742,04:26:47.742,ADA/USDT:USDT,0.82416,70.0,0.82414,21.0,0.82417,95.0,0.82418,121.0
1753504007926,04:26:47.926,ADA/USDT:USDT,0.82416,95.0,0.82414,21.0,0.82417,95.0,0.82418,121.0
1753504007930,04:26:47.930,ADA/USDT:USDT,0.82416,95.0,0.82414,21.0,0.82417,95.0,0.82418,121.0
1753504007979,04:26:47.979,ADA/USDT:USDT,0.82416,95.0,0.82414,21.0,0.82417,25.0,0.82418,121.0
1753504007979,04:26:47.979,ADA/USDT:USDT,0.82416,95.0,0.82414,21.0,0.82417,25.0,0.82418,121.0
1753504007980,04:26:47.980,ADA/USDT:USDT,0.82416,95.0,0.82414,21.0,0.82417,25.0,0.82422,69.0
1753504007982,04:26:47.982,ADA/USDT:USDT,0.82416,95.0,0.82414,21.0,0.82417,25.0,0.82422,69.0
1753504007983,04:26:47.983,ADA/USDT:USDT,0.82416,95.0,0.82414,21.0,0.82422,69.0,0.82424,216.0
1753504007987,04:26:47.987,ADA/USDT:USDT,0.82421,25.0,0.8242,70.0,0.82422,69.0,0.82424,216.0
1753504007988,04:26:47.988,ADA/USDT:USDT,0.82421,25.0,0.8242,70.0,0.82422,69.0,0.82424,216.0
1753504007988,04:26:47.988,ADA/USDT:USDT,0.82421,25.0,0.8242,70.0,0.82422,69.0,0.82424,216.0
1753504007988,04:26:47.988,ADA/USDT:USDT,0.82421,25.0,0.8242,70.0,0.82422,69.0,0.82424,216.0
1753504007990,04:26:47.990,ADA/USDT:USDT,0.82421,25.0,0.8242,70.0,0.82422,69.0,0.82423,121.0
1753504007991,04:26:47.991,ADA/USDT:USDT,0.82421,25.0,0.8242,70.0,0.82422,69.0,0.82423,121.0
1753504007995,04:26:47.995,ADA/USDT:USDT,0.82421,25.0,0.8242,70.0,0.82422,69.0,0.82423,121.0
1753504008270,04:26:48.270,ADA/USDT:USDT,0.82421,25.0,0.82416,70.0,0.82422,69.0,0.82423,121.0
1753504008283,04:26:48.283,ADA/USDT:USDT,0.82421,25.0,0.82416,70.0,0.82422,69.0,0.82423,121.0
1753504008327,04:26:48.327,ADA/USDT:USDT,0.82421,25.0,0.82416,70.0,0.82422,119.0,0.82423,121.0
1753504008331,04:26:48.331,ADA/USDT:USDT,0.82416,70.0,0.82411,52.0,0.82422,119.0,0.82423,121.0
1753504008331,04:26:48.331,ADA/USDT:USDT,0.82416,70.0,0.82411,52.0,0.82422,144.0,0.82423,121.0
1753504008333,04:26:48.333,ADA/USDT:USDT,0.82416,70.0,0.82411,52.0,0.82418,70.0,0.82422,144.0
1753504008335,04:26:48.335,ADA/USDT:USDT,0.82416,70.0,0.82411,52.0,0.82417,25.0,0.82418,70.0
1753504008335,04:26:48.335,ADA/USDT:USDT,0.82416,70.0,0.82411,52.0,0.82417,25.0,0.82418,70.0
1753504008338,04:26:48.338,ADA/USDT:USDT,0.82416,70.0,0.82411,52.0,0.82417,25.0,0.82418,70.0
1753504008338,04:26:48.338,ADA/USDT:USDT,0.82416,70.0,0.82411,52.0,0.82417,95.0,0.82418,70.0
1753504008339,04:26:48.339,ADA/USDT:USDT,0.82416,70.0,0.82411,52.0,0.82417,114.0,0.82418,70.0
1753504008340,04:26:48.340,ADA/USDT:USDT,0.82416,70.0,0.82411,52.0,0.82417,114.0,0.82418,70.0
1753504008340,04:26:48.340,ADA/USDT:USDT,0.82416,70.0,0.82411,52.0,0.82417,114.0,0.82418,70.0
1753504008342,04:26:48.342,ADA/USDT:USDT,0.82416,70.0,0.82411,52.0,0.82417,235.0,0.82418,70.0
1753504008408,04:26:48.408,ADA/USDT:USDT,0.82416,70.0,0.82411,52.0,0.82417,235.0,0.82418,70.0
1753504008408,04:26:48.408,ADA/USDT:USDT,0.82416,70.0,0.82411,52.0,0.82417,235.0,0.82418,70.0
1753504008490,04:26:48.490,ADA/USDT:USDT,0.82416,70.0,0.82411,52.0,0.82417,235.0,0.82422,119.0
1753504008585,04:26:48.585,ADA/USDT:USDT,0.82416,70.0,0.82411,52.0,0.82417,235.0,0.82422,119.0
1753504008638,04:26:48.638,ADA/USDT:USDT,0.82416,95.0,0.82411,52.0,0.82417,216.0,0.82422,119.0
1753504008639,04:26:48.639,ADA/USDT:USDT,0.82416,95.0,0.82415,21.0,0.82417,191.0,0.82422,119.0
1753504008640,04:26:48.640,ADA/USDT:USDT,0.82416,95.0,0.82415,21.0,0.82417,121.0,0.82422,50.0
1753504008646,04:26:48.646,ADA/USDT:USDT,0.82416,95.0,0.82415,21.0,0.82417,121.0,0.82422,120.0
1753504008654,04:26:48.654,ADA/USDT:USDT,0.82416,95.0,0.82415,21.0,0.82422,120.0,0.82424,216.0
1753504008658,04:26:48.658,ADA/USDT:USDT,0.8242,70.0,0.82416,70.0,0.82422,120.0,0.82424,216.0
1753504008658,04:26:48.658,ADA/USDT:USDT,0.82421,25.0,0.8242,70.0,0.82422,120.0,0.82424,216.0
1753504008659,04:26:48.659,ADA/USDT:USDT,0.82421,25.0,0.8242,70.0,0.82422,120.0,0.82424,216.0
1753504008661,04:26:48.661,ADA/USDT:USDT,0.82421,25.0,0.8242,70.0,0.82422,120.0,0.82423,121.0
1753504008663,04:26:48.663,ADA/USDT:USDT,0.82421,95.0,0.8242,70.0,0.82422,120.0,0.82423,121.0
1753504008664,04:26:48.664,ADA/USDT:USDT,0.82421,95.0,0.82416,70.0,0.82422,120.0,0.82423,121.0
1753504008667,04:26:48.667,ADA/USDT:USDT,0.82421,95.0,0.82416,70.0,0.82422,120.0,0.82423,121.0
1753504008672,04:26:48.672,ADA/USDT:USDT,0.82421,95.0,0.82416,70.0,0.82422,120.0,0.82423,121.0
1753504008694,04:26:48.694,ADA/USDT:USDT,0.82421,95.0,0.82416,70.0,0.82422,120.0,0.82423,121.0
1753504008699,04:26:48.699,ADA/USDT:USDT,0.82421,95.0,0.82416,70.0,0.82422,120.0,0.82423,121.0
1753504008714,04:26:48.714,ADA/USDT:USDT,0.82421,95.0,0.82416,70.0,0.82422,120.0,0.82423,121.0
1753504008716,04:26:48.716,ADA/USDT:USDT,0.82421,95.0,0.82416,70.0,0.82422,120.0,0.82423,121.0
1753504008907,04:26:48.907,ADA/USDT:USDT,0.82421,95.0,0.82416,70.0,0.82422,120.0,0.82423,121.0
1753504008950,04:26:48.950,ADA/USDT:USDT,0.82421,95.0,0.82416,70.0,0.82422,120.0,0.82423,121.0
1753504008953,04:26:48.953,ADA/USDT:USDT,0.82421,95.0,0.82416,70.0,0.82422,120.0,0.82423,121.0
1753504008955,04:26:48.955,ADA/USDT:USDT,0.82421,97.0,0.82416,70.0,0.82422,120.0,0.82423,121.0
1753504008958,04:26:48.958,ADA/USDT:USDT,0.82421,97.0,0.82416,70.0,0.82422,120.0,0.82423,121.0
1753504008959,04:26:48.959,ADA/USDT:USDT,0.82421,97.0,0.82416,70.0,0.82422,120.0,0.82423,121.0
1753504008961,04:26:48.961,ADA/USDT:USDT,0.82421,97.0,0.82416,70.0,0.82422,120.0,0.82423,121.0
1753504008962,04:26:48.962,ADA/USDT:USDT,0.82421,97.0,0.82416,70.0,0.82422,120.0,0.82423,121.0
1753504008965,04:26:48.965,ADA/USDT:USDT,0.82421,97.0,0.82416,70.0,0.82422,120.0,0.82423,121.0
1753504008966,04:26:48.966,ADA/USDT:USDT,0.82421,97.0,0.82416,70.0,0.82422,120.0,0.82423,121.0
1753504008967,04:26:48.967,ADA/USDT:USDT,0.82421,97.0,0.82416,70.0,0.82422,120.0,0.82423,121.0
1753504008971,04:26:48.971,ADA/USDT:USDT,0.82421,97.0,0.82416,70.0,0.82422,120.0,0.82423,121.0
1753504008976,04:26:48.976,ADA/USDT:USDT,0.82421,97.0,0.82416,70.0,0.82422,120.0,0.82423,121.0
1753504008981,04:26:48.981,ADA/USDT:USDT,0.82421,97.0,0.82416,70.0,0.82422,120.0,0.82423,121.0
1753504008984,04:26:48.984,ADA/USDT:USDT,0.82421,97.0,0.82416,70.0,0.82422,120.0,0.82423,121.0
1753504008988,04:26:48.988,ADA/USDT:USDT,0.82421,97.0,0.82416,70.0,0.82422,120.0,0.82423,121.0
1753504008992,04:26:48.992,ADA/USDT:USDT,0.82421,97.0,0.82416,70.0,0.82422,120.0,0.82423,121.0
1753504008996,04:26:48.996,ADA/USDT:USDT,0.82421,97.0,0.82416,70.0,0.82422,120.0,0.82423,121.0
1753504009000,04:26:49.000,ADA/USDT:USDT,0.82421,97.0,0.82416,70.0,0.82422,120.0,0.82423,121.0
1753504009005,04:26:49.005,ADA/USDT:USDT,0.82421,97.0,0.82416,70.0,0.82422,120.0,0.82423,121.0
1753504009006,04:26:49.006,ADA/USDT:USDT,0.82421,97.0,0.82416,70.0,0.82422,120.0,0.82423,121.0
1753504009009,04:26:49.009,ADA/USDT:USDT,0.82421,97.0,0.82416,70.0,0.82422,120.0,0.82423,121.0
1753504009013,04:26:49.013,ADA/USDT:USDT,0.82421,97.0,0.82416,70.0,0.82422,120.0,0.82423,121.0
1753504009016,04:26:49.016,ADA/USDT:USDT,0.82421,97.0,0.82416,70.0,0.82422,120.0,0.82423,121.0
1753504009021,04:26:49.021,ADA/USDT:USDT,0.82421,97.0,0.82416,70.0,0.82422,120.0,0.82423,121.0
1753504009024,04:26:49.024,ADA/USDT:USDT,0.82421,97.0,0.82416,70.0,0.82422,120.0,0.82423,121.0
1753504009028,04:26:49.028,ADA/USDT:USDT,0.82421,97.0,0.82416,70.0,0.82422,120.0,0.82423,121.0
1753504009033,04:26:49.033,ADA/USDT:USDT,0.82421,97.0,0.82416,70.0,0.82422,120.0,0.82423,121.0
1753504009038,04:26:49.038,ADA/USDT:USDT,0.82421,97.0,0.82416,70.0,0.82422,120.0,0.82423,121.0
1753504009042,04:26:49.042,ADA/USDT:USDT,0.82421,97.0,0.82416,70.0,0.82422,120.0,0.82423,121.0
1753504009046,04:26:49.046,ADA/USDT:USDT,0.82421,97.0,0.82416,70.0,0.82422,120.0,0.82423,121.0
1753504009050,04:26:49.050,ADA/USDT:USDT,0.82421,97.0,0.82416,70.0,0.82422,120.0,0.82423,121.0
1753504009054,04:26:49.054,ADA/USDT:USDT,0.82421,97.0,0.82416,70.0,0.82422,120.0,0.82423,121.0
1753504009058,04:26:49.058,ADA/USDT:USDT,0.82421,97.0,0.82416,70.0,0.82422,120.0,0.82423,121.0
1753504009063,04:26:49.063,ADA/USDT:USDT,0.82421,97.0,0.82416,70.0,0.82422,120.0,0.82423,121.0
1753504009068,04:26:49.068,ADA/USDT:USDT,0.82421,97.0,0.82416,70.0,0.82422,120.0,0.82423,121.0
1753504009068,04:26:49.068,ADA/USDT:USDT,0.82421,27.0,0.82416,70.0,0.82422,120.0,0.82423,121.0
1753504009072,04:26:49.072,ADA/USDT:USDT,0.82421,27.0,0.82416,70.0,0.82422,145.0,0.82423,121.0
1753504009072,04:26:49.072,ADA/USDT:USDT,0.82421,27.0,0.82416,70.0,0.82422,145.0,0.82423,121.0
1753504009076,04:26:49.076,ADA/USDT:USDT,0.82421,2.0,0.82416,70.0,0.82422,145.0,0.82423,121.0
1753504009089,04:26:49.089,ADA/USDT:USDT,0.82416,70.0,0.82411,52.0,0.82417,25.0,0.82418,70.0
1753504009089,04:26:49.089,ADA/USDT:USDT,0.82416,72.0,0.82411,52.0,0.82417,25.0,0.82418,70.0
1753504009091,04:26:49.091,ADA/USDT:USDT,0.82416,72.0,0.82411,52.0,0.82417,25.0,0.82418,70.0
1753504009091,04:26:49.091,ADA/USDT:USDT,0.82416,72.0,0.82411,52.0,0.82417,95.0,0.82422,120.0
1753504009091,04:26:49.091,ADA/USDT:USDT,0.82416,72.0,0.82411,52.0,0.82417,114.0,0.82422,120.0
1753504009093,04:26:49.093,ADA/USDT:USDT,0.82416,97.0,0.82411,52.0,0.82417,114.0,0.82422,120.0
1753504009095,04:26:49.095,ADA/USDT:USDT,0.82416,97.0,0.82411,52.0,0.82417,235.0,0.82422,120.0
1753504009112,04:26:49.112,ADA/USDT:USDT,0.82416,97.0,0.82411,52.0,0.82417,235.0,0.82422,120.0
1753504009124,04:26:49.124,ADA/USDT:USDT,0.82416,97.0,0.82411,52.0,0.82417,235.0,0.82422,120.0
1753504009284,04:26:49.284,ADA/USDT:USDT,0.82416,97.0,0.82411,52.0,0.82417,235.0,0.82422,70.0
1753504009291,04:26:49.291,ADA/USDT:USDT,0.82416,97.0,0.82411,52.0,0.82417,235.0,0.82422,70.0
1753504009620,04:26:49.620,ADA/USDT:USDT,0.82416,97.0,0.82411,52.0,0.82417,235.0,0.82422,70.0
1753504009664,04:26:49.664,ADA/USDT:USDT,0.82416,97.0,0.82411,52.0,0.82417,235.0,0.82422,70.0
1753504009668,04:26:49.668,ADA/USDT:USDT,0.82416,97.0,0.82411,52.0,0.82417,235.0,0.82422,70.0
1753504009722,04:26:49.722,ADA/USDT:USDT,0.82416,97.0,0.82415,21.0,0.82417,235.0,0.82422,70.0
1753504009806,04:26:49.806,ADA/USDT:USDT,0.82416,97.0,0.82415,21.0,0.82417,235.0,0.82422,70.0
1753504009958,04:26:49.958,ADA/USDT:USDT,0.82416,97.0,0.82415,21.0,0.82417,235.0,0.82422,70.0
1753504009962,04:26:49.962,ADA/USDT:USDT,0.82416,97.0,0.82415,21.0,0.82417,235.0,0.82422,70.0
1753504009962,04:26:49.962,ADA/USDT:USDT,0.82416,97.0,0.82415,21.0,0.82417,235.0,0.82422,70.0
1753504010045,04:26:50.045,ADA/USDT:USDT,0.82416,97.0,0.82415,21.0,0.82417,165.0,0.82422,70.0
1753504010063,04:26:50.063,ADA/USDT:USDT,0.82416,97.0,0.82415,21.0,0.82417,165.0,0.82422,70.0
1753504010065,04:26:50.065,ADA/USDT:USDT,0.82416,97.0,0.82415,21.0,0.82417,165.0,0.82422,70.0
1753504010138,04:26:50.138,ADA/USDT:USDT,0.82416,97.0,0.82415,21.0,0.82417,165.0,0.82422,70.0
1753504010141,04:26:50.141,ADA/USDT:USDT,0.82416,97.0,0.82415,21.0,0.82417,165.0,0.82422,70.0
1753504010163,04:26:50.163,ADA/USDT:USDT,0.82416,72.0,0.82415,21.0,0.82417,165.0,0.82422,70.0
1753504010176,04:26:50.176,ADA/USDT:USDT,0.82416,72.0,0.82415,21.0,0.82417,165.0,0.82422,70.0
1753504010176,04:26:50.176,ADA/USDT:USDT,0.82416,72.0,0.82415,21.0,0.82417,165.0,0.82422,70.0
1753504010179,04:26:50.179,ADA/USDT:USDT,0.82416,72.0,0.82415,21.0,0.82417,165.0,0.82422,70.0
1753504010179,04:26:50.179,ADA/USDT:USDT,0.82416,72.0,0.82415,21.0,0.82417,165.0,0.82422,70.0
1753504010180,04:26:50.180,ADA/USDT:USDT,0.82416,72.0,0.82415,21.0,0.82417,165.0,0.82422,70.0
1753504010180,04:26:50.180,ADA/USDT:USDT,0.82416,72.0,0.82415,21.0,0.82417,165.0,0.82422,70.0
1753504010180,04:26:50.180,ADA/USDT:USDT,0.82416,72.0,0.82415,21.0,0.82417,165.0,0.82422,70.0
1753504010180,04:26:50.180,ADA/USDT:USDT,0.82416,72.0,0.82415,21.0,0.82417,165.0,0.82422,70.0
1753504010184,04:26:50.184,ADA/USDT:USDT,0.82416,72.0,0.82415,21.0,0.82417,165.0,0.82422,70.0
1753504010204,04:26:50.204,ADA/USDT:USDT,0.82416,72.0,0.82415,21.0,0.82417,165.0,0.82422,70.0
1753504010205,04:26:50.205,ADA/USDT:USDT,0.82416,72.0,0.82415,21.0,0.82417,165.0,0.82422,70.0
1753504010210,04:26:50.210,ADA/USDT:USDT,0.82416,72.0,0.82415,21.0,0.82417,165.0,0.82422,70.0
1753504010215,04:26:50.215,ADA/USDT:USDT,0.82416,72.0,0.82415,21.0,0.82417,165.0,0.82422,70.0
1753504010269,04:26:50.269,ADA/USDT:USDT,0.82416,97.0,0.82415,21.0,0.82417,146.0,0.82422,70.0
1753504010328,04:26:50.328,ADA/USDT:USDT,0.82416,97.0,0.82415,21.0,0.82417,146.0,0.82422,70.0
1753504010330,04:26:50.330,ADA/USDT:USDT,0.82416,97.0,0.82415,21.0,0.82417,146.0,0.82422,70.0
1753504010334,04:26:50.334,ADA/USDT:USDT,0.82416,97.0,0.82415,21.0,0.82417,146.0,0.82422,70.0
1753504010504,04:26:50.504,ADA/USDT:USDT,0.82416,97.0,0.82415,21.0,0.82417,146.0,0.82422,70.0
1753504010505,04:26:50.505,ADA/USDT:USDT,0.82416,97.0,0.82415,21.0,0.82417,146.0,0.82422,70.0
1753504010506,04:26:50.506,ADA/USDT:USDT,0.82416,97.0,0.82415,21.0,0.82417,146.0,0.82422,70.0
1753504010510,04:26:50.510,ADA/USDT:USDT,0.82416,97.0,0.82415,21.0,0.82417,146.0,0.82422,70.0
1753504010512,04:26:50.512,ADA/USDT:USDT,0.82416,97.0,0.82415,21.0,0.82417,146.0,0.82422,70.0
1753504010514,04:26:50.514,ADA/USDT:USDT,0.82416,97.0,0.82415,21.0,0.82417,146.0,0.82422,70.0
1753504010520,04:26:50.520,ADA/USDT:USDT,0.82416,97.0,0.82415,21.0,0.82417,146.0,0.82422,70.0
1753504010520,04:26:50.520,ADA/USDT:USDT,0.82416,97.0,0.82415,21.0,0.82417,146.0,0.82422,70.0
1753504010800,04:26:50.800,ADA/USDT:USDT,0.82416,97.0,0.82415,21.0,0.82417,146.0,0.82422,70.0
1753504010843,04:26:50.843,ADA/USDT:USDT,0.82416,97.0,0.82415,21.0,0.82417,146.0,0.82422,70.0
1753504010932,04:26:50.932,ADA/USDT:USDT,0.82416,97.0,0.82415,21.0,0.82417,146.0,0.82422,70.0
1753504011007,04:26:51.007,ADA/USDT:USDT,0.82416,97.0,0.82415,21.0,0.82417,146.0,0.82422,70.0
1753504011073,04:26:51.073,ADA/USDT:USDT,0.82416,97.0,0.82415,21.0,0.82417,146.0,0.82422,70.0
1753504011077,04:26:51.077,ADA/USDT:USDT,0.82416,97.0,0.82415,21.0,0.82417,146.0,0.82422,70.0
1753504011185,04:26:51.185,ADA/USDT:USDT,0.82416,97.0,0.82415,21.0,0.82417,25.0,0.82422,70.0
1753504011192,04:26:51.192,ADA/USDT:USDT,0.82416,97.0,0.82415,21.0,0.82417,25.0,0.82422,70.0
1753504011194,04:26:51.194,ADA/USDT:USDT,0.82416,97.0,0.82415,21.0,0.82417,25.0,0.82422,70.0
1753504011328,04:26:51.328,ADA/USDT:USDT,0.82416,97.0,0.82415,21.0,0.82417,25.0,0.82422,70.0
1753504011328,04:26:51.328,ADA/USDT:USDT,0.82416,97.0,0.82415,21.0,0.82417,25.0,0.82422,70.0
1753504011329,04:26:51.329,ADA/USDT:USDT,0.82416,97.0,0.82415,21.0,0.82417,25.0,0.82424,216.0
1753504011330,04:26:51.330,ADA/USDT:USDT,0.82416,97.0,0.82415,21.0,0.82424,216.0,0.82425,166.0
1753504011331,04:26:51.331,ADA/USDT:USDT,0.82416,97.0,0.82415,21.0,0.82424,216.0,0.82425,166.0
1753504011332,04:26:51.332,ADA/USDT:USDT,0.82416,97.0,0.82415,21.0,0.82424,216.0,0.82425,166.0
1753504011333,04:26:51.333,ADA/USDT:USDT,0.82416,97.0,0.82415,21.0,0.82424,50.0,0.82426,50.0
1753504011333,04:26:51.333,ADA/USDT:USDT,0.82416,97.0,0.82415,21.0,0.82424,50.0,0.82426,50.0
1753504011333,04:26:51.333,ADA/USDT:USDT,0.82416,97.0,0.82415,198.0,0.82424,50.0,0.82426,50.0
1753504011334,04:26:51.334,ADA/USDT:USDT,0.82421,25.0,0.8242,70.0,0.82431,328.0,0.82432,68.0
1753504011335,04:26:51.335,ADA/USDT:USDT,0.82421,25.0,0.8242,70.0,0.82431,328.0,0.82432,68.0
1753504011336,04:26:51.336,ADA/USDT:USDT,0.82421,25.0,0.8242,70.0,0.82431,328.0,0.82432,68.0
1753504011336,04:26:51.336,ADA/USDT:USDT,0.82421,25.0,0.8242,70.0,0.82431,328.0,0.82432,68.0
1753504011337,04:26:51.337,ADA/USDT:USDT,0.82423,25.0,0.82421,25.0,0.82431,328.0,0.82432,68.0
1753504011337,04:26:51.337,ADA/USDT:USDT,0.82423,25.0,0.82421,25.0,0.82431,328.0,0.82432,68.0
1753504011338,04:26:51.338,ADA/USDT:USDT,0.82423,95.0,0.8242,70.0,0.8243,70.0,0.82431,328.0
1753504011338,04:26:51.338,ADA/USDT:USDT,0.82423,95.0,0.8242,70.0,0.8243,70.0,0.82431,328.0
1753504011338,04:26:51.338,ADA/USDT:USDT,0.82423,95.0,0.82416,129.0,0.8243,70.0,0.82431,328.0
1753504011339,04:26:51.339,ADA/USDT:USDT,0.82423,95.0,0.82416,129.0,0.8243,70.0,0.82431,328.0
1753504011341,04:26:51.341,ADA/USDT:USDT,0.82423,95.0,0.82416,70.0,0.8243,70.0,0.82431,328.0
1753504011341,04:26:51.341,ADA/USDT:USDT,0.82427,70.0,0.82423,70.0,0.8243,70.0,0.82431,328.0
1753504011342,04:26:51.342,ADA/USDT:USDT,0.82427,70.0,0.82423,72.0,0.8243,70.0,0.82431,328.0
1753504011344,04:26:51.344,ADA/USDT:USDT,0.82428,25.0,0.82427,70.0,0.8243,70.0,0.82431,328.0
1753504011345,04:26:51.345,ADA/USDT:USDT,0.82427,70.0,0.82423,72.0,0.8243,70.0,0.82431,328.0
1753504011346,04:26:51.346,ADA/USDT:USDT,0.82428,91.0,0.82427,70.0,0.8243,70.0,0.82431,328.0
1753504011347,04:26:51.347,ADA/USDT:USDT,0.82429,25.0,0.82428,91.0,0.8243,70.0,0.82431,328.0
1753504011347,04:26:51.347,ADA/USDT:USDT,0.82429,25.0,0.82428,91.0,0.8243,70.0,0.82431,328.0
1753504011349,04:26:51.349,ADA/USDT:USDT,0.82429,25.0,0.82428,91.0,0.8243,70.0,0.82431,328.0
1753504011350,04:26:51.350,ADA/USDT:USDT,0.82429,25.0,0.82428,93.0,0.8243,70.0,0.82431,328.0
1753504011350,04:26:51.350,ADA/USDT:USDT,0.82429,25.0,0.82428,93.0,0.8243,70.0,0.82431,328.0
1753504011356,04:26:51.356,ADA/USDT:USDT,0.82429,25.0,0.82428,93.0,0.8243,70.0,0.82435,53.0
1753504011356,04:26:51.356,ADA/USDT:USDT,0.82429,25.0,0.82428,91.0,0.8243,70.0,0.82435,53.0
1753504011356,04:26:51.356,ADA/USDT:USDT,0.82429,25.0,0.82428,91.0,0.8243,70.0,0.82435,53.0
1753504011357,04:26:51.357,ADA/USDT:USDT,0.82429,25.0,0.82428,91.0,0.8243,70.0,0.82435,53.0
1753504011361,04:26:51.361,ADA/USDT:USDT,0.82429,27.0,0.82428,91.0,0.8243,70.0,0.82435,53.0
1753504011365,04:26:51.365,ADA/USDT:USDT,0.82429,27.0,0.82428,91.0,0.8243,70.0,0.82435,53.0
1753504011365,04:26:51.365,ADA/USDT:USDT,0.82429,27.0,0.82428,91.0,0.8243,70.0,0.82435,53.0
1753504011368,04:26:51.368,ADA/USDT:USDT,0.82429,27.0,0.82428,91.0,0.8243,70.0,0.82435,53.0
1753504011368,04:26:51.368,ADA/USDT:USDT,0.82429,27.0,0.82428,91.0,0.8243,70.0,0.82435,53.0
1753504011369,04:26:51.369,ADA/USDT:USDT,0.82429,27.0,0.82428,91.0,0.8243,70.0,0.82435,53.0
1753504011373,04:26:51.373,ADA/USDT:USDT,0.82429,27.0,0.82428,91.0,0.8243,70.0,0.82435,53.0
1753504011375,04:26:51.375,ADA/USDT:USDT,0.82429,27.0,0.82428,91.0,0.8243,70.0,0.82435,53.0
1753504011381,04:26:51.381,ADA/USDT:USDT,0.82429,27.0,0.82428,91.0,0.8243,70.0,0.82435,53.0
1753504011398,04:26:51.398,ADA/USDT:USDT,0.82429,27.0,0.82428,91.0,0.8243,70.0,0.82435,53.0
1753504011400,04:26:51.400,ADA/USDT:USDT,0.82429,27.0,0.82428,91.0,0.8243,70.0,0.82435,53.0
1753504011403,04:26:51.403,ADA/USDT:USDT,0.82429,27.0,0.82428,91.0,0.8243,70.0,0.82435,53.0
1753504011405,04:26:51.405,ADA/USDT:USDT,0.82429,27.0,0.82428,91.0,0.8243,70.0,0.82435,53.0
1753504011407,04:26:51.407,ADA/USDT:USDT,0.82429,27.0,0.82428,91.0,0.8243,70.0,0.82435,53.0
1753504011408,04:26:51.408,ADA/USDT:USDT,0.82429,27.0,0.82428,91.0,0.8243,70.0,0.82435,53.0
1753504011408,04:26:51.408,ADA/USDT:USDT,0.82429,27.0,0.82428,91.0,0.8243,70.0,0.82435,53.0
1753504011408,04:26:51.408,ADA/USDT:USDT,0.82429,27.0,0.82428,91.0,0.8243,70.0,0.82435,53.0
1753504011410,04:26:51.410,ADA/USDT:USDT,0.82429,27.0,0.82428,91.0,0.8243,70.0,0.82435,53.0
1753504011410,04:26:51.410,ADA/USDT:USDT,0.82429,27.0,0.82428,91.0,0.8243,70.0,0.82435,53.0
1753504011411,04:26:51.411,ADA/USDT:USDT,0.82429,27.0,0.82428,91.0,0.8243,70.0,0.82435,53.0
1753504011411,04:26:51.411,ADA/USDT:USDT,0.82429,27.0,0.82428,91.0,0.8243,70.0,0.82435,53.0
1753504011413,04:26:51.413,ADA/USDT:USDT,0.82429,27.0,0.82428,91.0,0.8243,70.0,0.82435,53.0
1753504011414,04:26:51.414,ADA/USDT:USDT,0.82429,27.0,0.82428,91.0,0.8243,70.0,0.82435,53.0
1753504011414,04:26:51.414,ADA/USDT:USDT,0.82429,27.0,0.82428,91.0,0.8243,70.0,0.82435,53.0
1753504011415,04:26:51.415,ADA/USDT:USDT,0.82429,27.0,0.82428,91.0,0.8243,70.0,0.82435,53.0
1753504011417,04:26:51.417,ADA/USDT:USDT,0.82429,27.0,0.82428,91.0,0.8243,70.0,0.82435,53.0
1753504011420,04:26:51.420,ADA/USDT:USDT,0.82429,27.0,0.82428,91.0,0.8243,70.0,0.82435,53.0
1753504011420,04:26:51.420,ADA/USDT:USDT,0.82429,27.0,0.82428,21.0,0.8243,70.0,0.82435,53.0
1753504011422,04:26:51.422,ADA/USDT:USDT,0.82429,27.0,0.82428,21.0,0.8243,70.0,0.82435,53.0
1753504011424,04:26:51.424,ADA/USDT:USDT,0.82429,27.0,0.82428,21.0,0.8243,70.0,0.82435,53.0
1753504011425,04:26:51.425,ADA/USDT:USDT,0.82429,27.0,0.82428,21.0,0.8243,70.0,0.82435,53.0
1753504011427,04:26:51.427,ADA/USDT:USDT,0.82429,27.0,0.82428,21.0,0.8243,70.0,0.82435,53.0
1753504011428,04:26:51.428,ADA/USDT:USDT,0.82429,27.0,0.82428,21.0,0.8243,70.0,0.82435,53.0
1753504011430,04:26:51.430,ADA/USDT:USDT,0.82429,27.0,0.82428,21.0,0.8243,70.0,0.82435,53.0
1753504011433,04:26:51.433,ADA/USDT:USDT,0.82429,27.0,0.82428,21.0,0.8243,70.0,0.82435,53.0
1753504011436,04:26:51.436,ADA/USDT:USDT,0.82429,27.0,0.82428,21.0,0.8243,70.0,0.82435,53.0
1753504011438,04:26:51.438,ADA/USDT:USDT,0.82429,27.0,0.82428,21.0,0.8243,70.0,0.82435,53.0
1753504011438,04:26:51.438,ADA/USDT:USDT,0.82429,27.0,0.82428,21.0,0.8243,70.0,0.82435,53.0
1753504011440,04:26:51.440,ADA/USDT:USDT,0.82429,27.0,0.82428,21.0,0.8243,70.0,0.82435,53.0
1753504011442,04:26:51.442,ADA/USDT:USDT,0.82429,27.0,0.82428,21.0,0.8243,70.0,0.82435,53.0
1753504011442,04:26:51.442,ADA/USDT:USDT,0.82429,27.0,0.82428,21.0,0.8243,70.0,0.82435,53.0
1753504011447,04:26:51.447,ADA/USDT:USDT,0.82429,27.0,0.82428,21.0,0.8243,70.0,0.82435,53.0
1753504011447,04:26:51.447,ADA/USDT:USDT,0.82429,27.0,0.82428,21.0,0.8243,70.0,0.82435,53.0
1753504011447,04:26:51.447,ADA/USDT:USDT,0.82429,27.0,0.82428,21.0,0.8243,70.0,0.82435,53.0
1753504011448,04:26:51.448,ADA/USDT:USDT,0.82429,27.0,0.82428,21.0,0.8243,70.0,0.82435,53.0
1753504011450,04:26:51.450,ADA/USDT:USDT,0.82429,27.0,0.82428,21.0,0.8243,70.0,0.82435,53.0
1753504011450,04:26:51.450,ADA/USDT:USDT,0.82429,27.0,0.82428,21.0,0.8243,70.0,0.82435,53.0
1753504011453,04:26:51.453,ADA/USDT:USDT,0.82429,27.0,0.82428,21.0,0.8243,70.0,0.82435,53.0
1753504011455,04:26:51.455,ADA/USDT:USDT,0.82429,27.0,0.82428,21.0,0.8243,70.0,0.82435,53.0
1753504011455,04:26:51.455,ADA/USDT:USDT,0.82429,27.0,0.82428,21.0,0.8243,70.0,0.82435,53.0
1753504011457,04:26:51.457,ADA/USDT:USDT,0.82429,27.0,0.82428,21.0,0.8243,70.0,0.82435,53.0
1753504011459,04:26:51.459,ADA/USDT:USDT,0.82429,27.0,0.82428,21.0,0.8243,70.0,0.82435,53.0
1753504011459,04:26:51.459,ADA/USDT:USDT,0.82429,27.0,0.82428,21.0,0.8243,70.0,0.82435,53.0
1753504011462,04:26:51.462,ADA/USDT:USDT,0.82429,27.0,0.82428,21.0,0.8243,70.0,0.82435,53.0
1753504011464,04:26:51.464,ADA/USDT:USDT,0.82429,27.0,0.82428,21.0,0.8243,70.0,0.82435,53.0
1753504011466,04:26:51.466,ADA/USDT:USDT,0.82429,27.0,0.82428,21.0,0.8243,912.0,0.82435,53.0
1753504011470,04:26:51.470,ADA/USDT:USDT,0.82429,2.0,0.82428,21.0,0.8243,937.0,0.82435,53.0
1753504011470,04:26:51.470,ADA/USDT:USDT,0.82429,60.0,0.82428,21.0,0.8243,937.0,0.82431,121.0
1753504011473,04:26:51.473,ADA/USDT:USDT,0.82429,85.0,0.82428,21.0,0.8243,937.0,0.82431,121.0
1753504011477,04:26:51.477,ADA/USDT:USDT,0.82429,85.0,0.82428,21.0,0.8243,937.0,0.82431,121.0
1753504011482,04:26:51.482,ADA/USDT:USDT,0.82429,85.0,0.82428,21.0,0.8243,937.0,0.82431,121.0
1753504011486,04:26:51.486,ADA/USDT:USDT,0.82429,85.0,0.82428,21.0,0.8243,937.0,0.82431,121.0
1753504011490,04:26:51.490,ADA/USDT:USDT,0.82429,85.0,0.82428,21.0,0.8243,937.0,0.82431,121.0
1753504011495,04:26:51.495,ADA/USDT:USDT,0.82429,85.0,0.82428,21.0,0.8243,937.0,0.82431,121.0
1753504011497,04:26:51.497,ADA/USDT:USDT,0.82429,85.0,0.82428,21.0,0.8243,937.0,0.82431,121.0
1753504011522,04:26:51.522,ADA/USDT:USDT,0.82429,85.0,0.82428,21.0,0.8243,937.0,0.82431,121.0
1753504011526,04:26:51.526,ADA/USDT:USDT,0.82429,85.0,0.82428,21.0,0.8243,937.0,0.82431,121.0
1753504011602,04:26:51.602,ADA/USDT:USDT,0.82429,85.0,0.82428,21.0,0.8243,937.0,0.82431,121.0
1753504011607,04:26:51.607,ADA/USDT:USDT,0.82429,85.0,0.82428,21.0,0.8243,937.0,0.82431,121.0
1753504011661,04:26:51.661,ADA/USDT:USDT,0.82429,85.0,0.82428,21.0,0.8243,937.0,0.82431,121.0
1753504011665,04:26:51.665,ADA/USDT:USDT,0.82429,85.0,0.82428,21.0,0.8243,937.0,0.82431,121.0
1753504011665,04:26:51.665,ADA/USDT:USDT,0.82429,85.0,0.82428,21.0,0.8243,937.0,0.82431,121.0
1753504011666,04:26:51.666,ADA/USDT:USDT,0.82429,85.0,0.82428,21.0,0.8243,937.0,0.82431,121.0
1753504011669,04:26:51.669,ADA/USDT:USDT,0.82429,85.0,0.82428,21.0,0.8243,937.0,0.82431,121.0
1753504011833,04:26:51.833,ADA/USDT:USDT,0.82429,85.0,0.82428,21.0,0.8243,937.0,0.82431,121.0
1753504011838,04:26:51.838,ADA/USDT:USDT,0.82429,85.0,0.82428,21.0,0.8243,937.0,0.82431,121.0
1753504011858,04:26:51.858,ADA/USDT:USDT,0.82429,85.0,0.82428,21.0,0.8243,937.0,0.82431,121.0
1753504011863,04:26:51.863,ADA/USDT:USDT,0.82429,85.0,0.82428,21.0,0.8243,937.0,0.82431,121.0
1753504011872,04:26:51.872,ADA/USDT:USDT,0.82429,85.0,0.82428,21.0,0.8243,937.0,0.82431,121.0
1753504011874,04:26:51.874,ADA/USDT:USDT,0.82429,85.0,0.82428,21.0,0.8243,937.0,0.82431,121.0
1753504011965,04:26:51.965,ADA/USDT:USDT,0.82429,85.0,0.82428,21.0,0.8243,937.0,0.82435,53.0
1753504011970,04:26:51.970,ADA/USDT:USDT,0.82429,85.0,0.82428,21.0,0.8243,937.0,0.82435,53.0
1753504011970,04:26:51.970,ADA/USDT:USDT,0.82429,85.0,0.82428,21.0,0.8243,937.0,0.82435,53.0
1753504011974,04:26:51.974,ADA/USDT:USDT,0.82429,85.0,0.82428,21.0,0.8243,937.0,0.82435,53.0
1753504011979,04:26:51.979,ADA/USDT:USDT,0.82429,155.0,0.82428,21.0,0.8243,937.0,0.82435,53.0
1753504011980,04:26:51.980,ADA/USDT:USDT,0.82429,155.0,0.82428,21.0,0.8243,937.0,0.82435,53.0
1753504011982,04:26:51.982,ADA/USDT:USDT,0.82429,155.0,0.82428,21.0,0.8243,842.0,0.82435,53.0
1753504011983,04:26:51.983,ADA/USDT:USDT,0.82429,155.0,0.82428,21.0,0.8243,842.0,0.82435,53.0
1753504012061,04:26:52.061,ADA/USDT:USDT,0.82429,155.0,0.82428,21.0,0.8243,867.0,0.82435,53.0
1753504012061,04:26:52.061,ADA/USDT:USDT,0.82429,155.0,0.82428,21.0,0.8243,867.0,0.82435,53.0
1753504012063,04:26:52.063,ADA/USDT:USDT,0.82429,155.0,0.82428,21.0,0.8243,867.0,0.82435,53.0
1753504012084,04:26:52.084,ADA/USDT:USDT,0.82429,85.0,0.82428,21.0,0.8243,867.0,0.82435,53.0
1753504012090,04:26:52.090,ADA/USDT:USDT,0.82429,85.0,0.82428,21.0,0.8243,867.0,0.82435,53.0
1753504012113,04:26:52.113,ADA/USDT:USDT,0.82429,85.0,0.82428,21.0,0.8243,842.0,0.82435,53.0
1753504012117,04:26:52.117,ADA/USDT:USDT,0.82429,85.0,0.82428,21.0,0.8243,842.0,0.82435,53.0
1753504012182,04:26:52.182,ADA/USDT:USDT,0.82429,85.0,0.82428,21.0,0.8243,867.0,0.82435,53.0
1753504012199,04:26:52.199,ADA/USDT:USDT,0.82429,85.0,0.82428,21.0,0.8243,867.0,0.82435,53.0
1753504012205,04:26:52.205,ADA/USDT:USDT,0.82429,85.0,0.82428,21.0,0.8243,867.0,0.82435,53.0
1753504012282,04:26:52.282,ADA/USDT:USDT,0.82429,85.0,0.82428,21.0,0.8243,867.0,0.82435,53.0
1753504012283,04:26:52.283,ADA/USDT:USDT,0.82429,85.0,0.82428,21.0,0.8243,867.0,0.82435,53.0
1753504012290,04:26:52.290,ADA/USDT:USDT,0.82429,85.0,0.82428,21.0,0.8243,867.0,0.82435,123.0
1753504012493,04:26:52.493,ADA/USDT:USDT,0.82429,85.0,0.82428,21.0,0.8243,867.0,0.82435,123.0
1753504012493,04:26:52.493,ADA/USDT:USDT,0.82429,85.0,0.82428,21.0,0.8243,867.0,0.82435,123.0
1753504012529,04:26:52.529,ADA/USDT:USDT,0.82429,85.0,0.82428,21.0,0.8243,867.0,0.82435,123.0
1753504012535,04:26:52.535,ADA/USDT:USDT,0.82429,85.0,0.82428,21.0,0.8243,867.0,0.82435,123.0
1753504012537,04:26:52.537,ADA/USDT:USDT,0.82429,85.0,0.82428,21.0,0.8243,867.0,0.82435,123.0
1753504012539,04:26:52.539,ADA/USDT:USDT,0.82429,85.0,0.82428,21.0,0.8243,867.0,0.82435,123.0
1753504012543,04:26:52.543,ADA/USDT:USDT,0.82429,85.0,0.82428,21.0,0.8243,867.0,0.82435,123.0
1753504012543,04:26:52.543,ADA/USDT:USDT,0.82429,85.0,0.82428,21.0,0.8243,867.0,0.82435,123.0
1753504012627,04:26:52.627,ADA/USDT:USDT,0.82429,85.0,0.82428,21.0,0.8243,867.0,0.82435,123.0
1753504012632,04:26:52.632,ADA/USDT:USDT,0.82429,85.0,0.82428,21.0,0.8243,867.0,0.82435,123.0
1753504012632,04:26:52.632,ADA/USDT:USDT,0.82429,85.0,0.82428,21.0,0.8243,867.0,0.82435,123.0
1753504012636,04:26:52.636,ADA/USDT:USDT,0.82429,85.0,0.82428,21.0,0.8243,867.0,0.82435,123.0
1753504012636,04:26:52.636,ADA/USDT:USDT,0.82429,85.0,0.82421,52.0,0.8243,988.0,0.82435,123.0
1753504012639,04:26:52.639,ADA/USDT:USDT,0.82429,85.0,0.82421,52.0,0.8243,988.0,0.82435,123.0
1753504012641,04:26:52.641,ADA/USDT:USDT,0.82429,60.0,0.82421,52.0,0.8243,988.0,0.82435,123.0
1753504012642,04:26:52.642,ADA/USDT:USDT,0.82429,60.0,0.82421,52.0,0.8243,988.0,0.82435,123.0
1753504012642,04:26:52.642,ADA/USDT:USDT,0.82429,60.0,0.82421,52.0,0.8243,988.0,0.82435,123.0
1753504012643,04:26:52.643,ADA/USDT:USDT,0.82429,60.0,0.82421,52.0,0.8243,988.0,0.82435,123.0
1753504012695,04:26:52.695,ADA/USDT:USDT,0.82429,60.0,0.82421,52.0,0.8243,988.0,0.82435,123.0
1753504012699,04:26:52.699,ADA/USDT:USDT,0.82429,2.0,0.82421,52.0,0.8243,988.0,0.82435,123.0
1753504012703,04:26:52.703,ADA/USDT:USDT,0.82429,2.0,0.82421,52.0,0.8243,988.0,0.82435,123.0
1753504012705,04:26:52.705,ADA/USDT:USDT,0.82429,2.0,0.82417,172.0,0.8243,988.0,0.82435,123.0
1753504012706,04:26:52.706,ADA/USDT:USDT,0.82429,2.0,0.82417,172.0,0.8243,988.0,0.82435,123.0
1753504012707,04:26:52.707,ADA/USDT:USDT,0.82429,2.0,0.82417,120.0,0.8243,988.0,0.82435,123.0
1753504012709,04:26:52.709,ADA/USDT:USDT,0.82429,2.0,0.82417,120.0,0.8243,988.0,0.82435,123.0
1753504012710,04:26:52.710,ADA/USDT:USDT,0.82429,2.0,0.82421,52.0,0.8243,988.0,0.82435,123.0
1753504012712,04:26:52.712,ADA/USDT:USDT,0.82429,2.0,0.82421,52.0,0.8243,988.0,0.82435,123.0
1753504012715,04:26:52.715,ADA/USDT:USDT,0.82429,2.0,0.82421,52.0,0.8243,988.0,0.82435,123.0
1753504012718,04:26:52.718,ADA/USDT:USDT,0.82429,2.0,0.82421,52.0,0.8243,988.0,0.82435,123.0
1753504012721,04:26:52.721,ADA/USDT:USDT,0.82429,2.0,0.82421,52.0,0.8243,988.0,0.82435,123.0
1753504012722,04:26:52.722,ADA/USDT:USDT,0.82429,2.0,0.82421,52.0,0.8243,988.0,0.82435,123.0
1753504012727,04:26:52.727,ADA/USDT:USDT,0.82429,2.0,0.82421,52.0,0.8243,988.0,0.82435,123.0
1753504012731,04:26:52.731,ADA/USDT:USDT,0.82429,2.0,0.82421,52.0,0.8243,988.0,0.82435,123.0
1753504012734,04:26:52.734,ADA/USDT:USDT,0.82429,2.0,0.82417,172.0,0.8243,988.0,0.82435,123.0
1753504012738,04:26:52.738,ADA/USDT:USDT,0.82429,2.0,0.82417,120.0,0.8243,988.0,0.82435,123.0
1753504012742,04:26:52.742,ADA/USDT:USDT,0.82429,2.0,0.82417,172.0,0.8243,988.0,0.82435,123.0
1753504012746,04:26:52.746,ADA/USDT:USDT,0.82429,2.0,0.82421,52.0,0.8243,988.0,0.82435,123.0
1753504012746,04:26:52.746,ADA/USDT:USDT,0.82429,2.0,0.82421,52.0,0.8243,988.0,0.82435,123.0
1753504012750,04:26:52.750,ADA/USDT:USDT,0.82429,2.0,0.82421,52.0,0.8243,988.0,0.82435,123.0
1753504012754,04:26:52.754,ADA/USDT:USDT,0.82429,2.0,0.82421,52.0,0.8243,988.0,0.82435,123.0
1753504012758,04:26:52.758,ADA/USDT:USDT,0.82429,2.0,0.82421,52.0,0.8243,988.0,0.82435,123.0
1753504012762,04:26:52.762,ADA/USDT:USDT,0.82429,2.0,0.82421,52.0,0.8243,988.0,0.82435,123.0
1753504012766,04:26:52.766,ADA/USDT:USDT,0.82429,2.0,0.82421,52.0,0.8243,988.0,0.82435,123.0
1753504012774,04:26:52.774,ADA/USDT:USDT,0.82429,2.0,0.82421,52.0,0.8243,988.0,0.82435,123.0
1753504012778,04:26:52.778,ADA/USDT:USDT,0.82429,2.0,0.82417,172.0,0.8243,988.0,0.82435,123.0
1753504012779,04:26:52.779,ADA/USDT:USDT,0.82429,2.0,0.82417,172.0,0.8243,988.0,0.82435,123.0
1753504012780,04:26:52.780,ADA/USDT:USDT,0.82429,2.0,0.82417,172.0,0.8243,988.0,0.82435,123.0
1753504012782,04:26:52.782,ADA/USDT:USDT,0.82429,2.0,0.82417,120.0,0.8243,988.0,0.82435,123.0
1753504012784,04:26:52.784,ADA/USDT:USDT,0.82429,2.0,0.82417,120.0,0.8243,988.0,0.82435,123.0
1753504012786,04:26:52.786,ADA/USDT:USDT,0.82429,2.0,0.82417,172.0,0.8243,988.0,0.82435,123.0
1753504012787,04:26:52.787,ADA/USDT:USDT,0.82429,2.0,0.82417,172.0,0.8243,988.0,0.82435,123.0
1753504012789,04:26:52.789,ADA/USDT:USDT,0.82429,2.0,0.82417,172.0,0.8243,988.0,0.82435,123.0
1753504012793,04:26:52.793,ADA/USDT:USDT,0.82429,2.0,0.82417,172.0,0.8243,988.0,0.82435,123.0
1753504012796,04:26:52.796,ADA/USDT:USDT,0.82429,2.0,0.82417,52.0,0.8243,988.0,0.82435,123.0
1753504012797,04:26:52.797,ADA/USDT:USDT,0.82429,2.0,0.82416,70.0,0.8243,988.0,0.82435,123.0
1753504012798,04:26:52.798,ADA/USDT:USDT,0.82429,2.0,0.82416,70.0,0.8243,988.0,0.82435,123.0
1753504012802,04:26:52.802,ADA/USDT:USDT,0.82429,2.0,0.82416,70.0,0.8243,988.0,0.82435,123.0
1753504012811,04:26:52.811,ADA/USDT:USDT,0.82429,2.0,0.82416,70.0,0.8243,988.0,0.82435,123.0
1753504012815,04:26:52.815,ADA/USDT:USDT,0.82429,2.0,0.82416,70.0,0.8243,988.0,0.82435,123.0
1753504012822,04:26:52.822,ADA/USDT:USDT,0.82429,2.0,0.82416,70.0,0.8243,988.0,0.82434,346.0
1753504012825,04:26:52.825,ADA/USDT:USDT,0.82429,2.0,0.82416,70.0,0.8243,988.0,0.82433,141.0
1753504012829,04:26:52.829,ADA/USDT:USDT,0.82429,2.0,0.82416,70.0,0.8243,988.0,0.82433,141.0
1753504012831,04:26:52.831,ADA/USDT:USDT,0.82429,2.0,0.82416,70.0,0.8243,988.0,0.82433,141.0
1753504012898,04:26:52.898,ADA/USDT:USDT,0.82429,2.0,0.82416,70.0,0.8243,988.0,0.82433,141.0
1753504013035,04:26:53.035,ADA/USDT:USDT,0.82429,2.0,0.82416,70.0,0.8243,988.0,0.82433,141.0
1753504013060,04:26:53.060,ADA/USDT:USDT,0.82429,2.0,0.82416,70.0,0.8243,988.0,0.82433,141.0
1753504013062,04:26:53.062,ADA/USDT:USDT,0.82429,2.0,0.82416,70.0,0.8243,988.0,0.82433,141.0
1753504013188,04:26:53.188,ADA/USDT:USDT,0.82429,2.0,0.82416,70.0,0.8243,988.0,0.82433,141.0
1753504013205,04:26:53.205,ADA/USDT:USDT,0.82429,2.0,0.82416,70.0,0.8243,988.0,0.82433,141.0
1753504013210,04:26:53.210,ADA/USDT:USDT,0.82429,2.0,0.82416,70.0,0.8243,988.0,0.82433,141.0
1753504013215,04:26:53.215,ADA/USDT:USDT,0.82429,2.0,0.82416,70.0,0.8243,988.0,0.82433,141.0
1753504013216,04:26:53.216,ADA/USDT:USDT,0.82429,2.0,0.82416,70.0,0.8243,988.0,0.82433,141.0
1753504013219,04:26:53.219,ADA/USDT:USDT,0.82429,2.0,0.82416,70.0,0.8243,988.0,0.82433,141.0
1753504013220,04:26:53.220,ADA/USDT:USDT,0.82429,2.0,0.82416,70.0,0.8243,988.0,0.82433,141.0
1753504013221,04:26:53.221,ADA/USDT:USDT,0.82429,2.0,0.82416,70.0,0.8243,988.0,0.82433,141.0
1753504013224,04:26:53.224,ADA/USDT:USDT,0.82429,2.0,0.82416,70.0,0.8243,988.0,0.82433,141.0
1753504013229,04:26:53.229,ADA/USDT:USDT,0.82429,2.0,0.82416,70.0,0.8243,988.0,0.82433,141.0
1753504013271,04:26:53.271,ADA/USDT:USDT,0.82429,2.0,0.82416,70.0,0.8243,1038.0,0.82432,50.0
1753504013301,04:26:53.301,ADA/USDT:USDT,0.82429,2.0,0.82413,52.0,0.8243,1038.0,0.82432,50.0
1753504013307,04:26:53.307,ADA/USDT:USDT,0.82429,2.0,0.82413,52.0,0.8243,1052.0,0.82432,50.0
1753504013309,04:26:53.309,ADA/USDT:USDT,0.82413,52.0,0.82408,169.0,0.8243,1052.0,0.82432,50.0
1753504013310,04:26:53.310,ADA/USDT:USDT,0.82413,52.0,0.82408,169.0,0.8243,1052.0,0.82432,50.0
1753504013311,04:26:53.311,ADA/USDT:USDT,0.82413,52.0,0.82408,169.0,0.8243,1052.0,0.82432,50.0
1753504013311,04:26:53.311,ADA/USDT:USDT,0.82413,52.0,0.82408,169.0,0.8243,1052.0,0.82432,50.0
1753504013312,04:26:53.312,ADA/USDT:USDT,0.82413,52.0,0.82408,169.0,0.82426,70.0,0.8243,1052.0
1753504013312,04:26:53.312,ADA/USDT:USDT,0.82413,52.0,0.82408,169.0,0.82426,70.0,0.8243,1038.0
1753504013313,04:26:53.313,ADA/USDT:USDT,0.82409,52.0,0.82408,169.0,0.82425,25.0,0.82426,70.0
1753504013313,04:26:53.313,ADA/USDT:USDT,0.82409,52.0,0.82408,70.0,0.82423,252.0,0.82425,25.0
1753504013314,04:26:53.314,ADA/USDT:USDT,0.82409,52.0,0.82408,70.0,0.82423,252.0,0.82425,25.0
1753504013315,04:26:53.315,ADA/USDT:USDT,0.82409,52.0,0.82408,70.0,0.82423,252.0,0.82425,25.0
1753504013320,04:26:53.320,ADA/USDT:USDT,0.82411,52.0,0.82409,122.0,0.82414,70.0,0.82418,25.0
1753504013331,04:26:53.331,ADA/USDT:USDT,0.82413,25.0,0.8241,21.0,0.82414,121.0,0.82421,70.0
1753504013331,04:26:53.331,ADA/USDT:USDT,0.82413,25.0,0.8241,21.0,0.82414,121.0,0.82421,70.0
1753504013333,04:26:53.333,ADA/USDT:USDT,0.82413,25.0,0.8241,21.0,0.82414,146.0,0.82421,70.0
1753504013334,04:26:53.334,ADA/USDT:USDT,0.82413,25.0,0.8241,21.0,0.82414,146.0,0.82421,70.0
1753504013339,04:26:53.339,ADA/USDT:USDT,0.82413,25.0,0.8241,21.0,0.82414,146.0,0.82421,70.0
1753504013343,04:26:53.343,ADA/USDT:USDT,0.82413,25.0,0.8241,21.0,0.82414,146.0,0.82421,70.0
1753504013345,04:26:53.345,ADA/USDT:USDT,0.82413,25.0,0.8241,21.0,0.82414,146.0,0.82421,70.0
1753504013346,04:26:53.346,ADA/USDT:USDT,0.82413,25.0,0.8241,21.0,0.82414,146.0,0.82421,70.0
1753504013351,04:26:53.351,ADA/USDT:USDT,0.82413,25.0,0.8241,21.0,0.82414,146.0,0.82421,70.0
1753504013355,04:26:53.355,ADA/USDT:USDT,0.82413,25.0,0.8241,21.0,0.82414,146.0,0.82421,70.0
1753504013359,04:26:53.359,ADA/USDT:USDT,0.82413,25.0,0.8241,21.0,0.82414,146.0,0.82421,70.0
1753504013363,04:26:53.363,ADA/USDT:USDT,0.82413,25.0,0.8241,21.0,0.82414,146.0,0.82421,70.0
1753504013364,04:26:53.364,ADA/USDT:USDT,0.82413,25.0,0.8241,21.0,0.82414,146.0,0.82421,70.0
1753504013365,04:26:53.365,ADA/USDT:USDT,0.82413,25.0,0.8241,21.0,0.82414,146.0,0.82421,70.0
1753504013368,04:26:53.368,ADA/USDT:USDT,0.82413,25.0,0.8241,21.0,0.82414,146.0,0.82421,70.0
1753504013373,04:26:53.373,ADA/USDT:USDT,0.82413,25.0,0.8241,21.0,0.82414,146.0,0.82421,70.0
1753504013379,04:26:53.379,ADA/USDT:USDT,0.82413,25.0,0.8241,21.0,0.82414,146.0,0.82421,70.0
1753504013379,04:26:53.379,ADA/USDT:USDT,0.82413,25.0,0.8241,21.0,0.82414,146.0,0.82421,70.0
1753504013382,04:26:53.382,ADA/USDT:USDT,0.82413,25.0,0.8241,21.0,0.82414,146.0,0.82421,70.0
1753504013385,04:26:53.385,ADA/USDT:USDT,0.82413,25.0,0.8241,21.0,0.82414,146.0,0.82421,70.0
1753504013387,04:26:53.387,ADA/USDT:USDT,0.82413,25.0,0.8241,21.0,0.82414,146.0,0.82421,70.0
1753504013387,04:26:53.387,ADA/USDT:USDT,0.82413,25.0,0.8241,21.0,0.82414,146.0,0.82421,70.0
1753504013392,04:26:53.392,ADA/USDT:USDT,0.82413,25.0,0.8241,21.0,0.82414,146.0,0.82421,70.0
1753504013397,04:26:53.397,ADA/USDT:USDT,0.82413,25.0,0.8241,21.0,0.82414,146.0,0.82421,70.0
1753504013401,04:26:53.401,ADA/USDT:USDT,0.82413,25.0,0.8241,21.0,0.82414,146.0,0.82421,70.0
1753504013401,04:26:53.401,ADA/USDT:USDT,0.82413,25.0,0.8241,21.0,0.82414,146.0,0.82421,70.0
1753504013405,04:26:53.405,ADA/USDT:USDT,0.82413,25.0,0.8241,21.0,0.82414,146.0,0.82421,70.0
1753504013408,04:26:53.408,ADA/USDT:USDT,0.82413,25.0,0.82409,122.0,0.82414,146.0,0.82421,70.0
1753504013414,04:26:53.414,ADA/USDT:USDT,0.82413,25.0,0.82409,122.0,0.82414,146.0,0.82421,70.0
1753504013416,04:26:53.416,ADA/USDT:USDT,0.82413,25.0,0.82409,122.0,0.82414,146.0,0.82421,70.0
1753504013419,04:26:53.419,ADA/USDT:USDT,0.82413,25.0,0.82409,122.0,0.82414,146.0,0.82421,70.0
1753504013431,04:26:53.431,ADA/USDT:USDT,0.82413,95.0,0.82409,122.0,0.82414,146.0,0.82421,70.0
1753504013434,04:26:53.434,ADA/USDT:USDT,0.82413,95.0,0.82412,21.0,0.82414,146.0,0.82421,70.0
1753504013435,04:26:53.435,ADA/USDT:USDT,0.82413,95.0,0.82412,21.0,0.82414,121.0,0.82421,70.0
1753504013437,04:26:53.437,ADA/USDT:USDT,0.82413,95.0,0.82412,21.0,0.82414,121.0,0.82421,70.0
1753504013441,04:26:53.441,ADA/USDT:USDT,0.82413,95.0,0.82412,21.0,0.82414,121.0,0.82421,70.0
1753504013444,04:26:53.444,ADA/USDT:USDT,0.82413,95.0,0.82412,21.0,0.82414,121.0,0.82421,70.0
1753504013452,04:26:53.452,ADA/USDT:USDT,0.82413,95.0,0.82412,21.0,0.82414,121.0,0.82421,70.0
1753504013502,04:26:53.502,ADA/USDT:USDT,0.82413,95.0,0.82412,21.0,0.82414,121.0,0.82421,70.0
1753504013507,04:26:53.507,ADA/USDT:USDT,0.82413,95.0,0.82412,21.0,0.82414,121.0,0.82421,70.0
1753504013517,04:26:53.517,ADA/USDT:USDT,0.82413,95.0,0.82412,21.0,0.82414,121.0,0.82421,70.0
1753504013531,04:26:53.531,ADA/USDT:USDT,0.82413,95.0,0.82412,21.0,0.82414,121.0,0.82421,70.0
1753504013545,04:26:53.545,ADA/USDT:USDT,0.82413,95.0,0.82412,21.0,0.82414,121.0,0.82421,70.0
1753504013551,04:26:53.551,ADA/USDT:USDT,0.82413,95.0,0.82412,21.0,0.82414,121.0,0.82421,70.0
1753504013581,04:26:53.581,ADA/USDT:USDT,0.82413,95.0,0.82412,21.0,0.82414,121.0,0.82421,70.0
1753504013604,04:26:53.604,ADA/USDT:USDT,0.82413,95.0,0.82412,21.0,0.82414,121.0,0.82421,70.0
1753504013607,04:26:53.607,ADA/USDT:USDT,0.82413,95.0,0.82412,21.0,0.82414,121.0,0.82421,70.0
1753504013609,04:26:53.609,ADA/USDT:USDT,0.82413,95.0,0.82412,21.0,0.82414,121.0,0.82421,70.0
1753504013610,04:26:53.610,ADA/USDT:USDT,0.82413,95.0,0.82412,21.0,0.82414,121.0,0.82421,70.0
1753504013617,04:26:53.617,ADA/USDT:USDT,0.82413,95.0,0.82412,21.0,0.82414,121.0,0.82421,70.0
1753504013618,04:26:53.618,ADA/USDT:USDT,0.82413,95.0,0.82412,21.0,0.82414,121.0,0.82421,70.0
1753504013621,04:26:53.621,ADA/USDT:USDT,0.82413,95.0,0.82412,21.0,0.82414,121.0,0.82421,70.0
1753504013648,04:26:53.648,ADA/USDT:USDT,0.82413,95.0,0.82412,21.0,0.82414,121.0,0.82421,70.0
1753504013654,04:26:53.654,ADA/USDT:USDT,0.82413,95.0,0.82412,21.0,0.82414,121.0,0.82421,70.0
1753504013662,04:26:53.662,ADA/USDT:USDT,0.82413,95.0,0.82412,21.0,0.82414,121.0,0.82421,70.0
1753504013819,04:26:53.819,ADA/USDT:USDT,0.82413,95.0,0.82412,21.0,0.82414,121.0,0.82421,70.0
1753504013827,04:26:53.827,ADA/USDT:USDT,0.82413,95.0,0.82412,21.0,0.82414,121.0,0.82421,70.0
1753504014008,04:26:54.008,ADA/USDT:USDT,0.82413,95.0,0.82412,21.0,0.82414,121.0,0.82421,70.0
1753504014228,04:26:54.228,ADA/USDT:USDT,0.82413,95.0,0.82412,21.0,0.82414,121.0,0.82421,70.0
1753504014232,04:26:54.232,ADA/USDT:USDT,0.82413,95.0,0.82412,21.0,0.82414,121.0,0.82421,70.0
1753504014283,04:26:54.283,ADA/USDT:USDT,0.82413,95.0,0.82412,21.0,0.82414,121.0,0.82421,70.0
1753504014285,04:26:54.285,ADA/USDT:USDT,0.82413,95.0,0.82412,21.0,0.82414,121.0,0.82421,70.0
1753504014292,04:26:54.292,ADA/USDT:USDT,0.82413,95.0,0.82412,21.0,0.82414,121.0,0.82421,70.0
1753504014292,04:26:54.292,ADA/USDT:USDT,0.82413,95.0,0.82412,21.0,0.82414,121.0,0.82421,70.0
1753504014462,04:26:54.462,ADA/USDT:USDT,0.82413,95.0,0.82412,21.0,0.82414,121.0,0.82421,70.0
1753504014465,04:26:54.465,ADA/USDT:USDT,0.82413,95.0,0.82412,21.0,0.82414,121.0,0.82421,70.0
1753504014480,04:26:54.480,ADA/USDT:USDT,0.82413,95.0,0.82412,21.0,0.82414,121.0,0.82421,70.0
1753504014482,04:26:54.482,ADA/USDT:USDT,0.82413,95.0,0.82412,21.0,0.82414,121.0,0.82421,70.0
1753504014485,04:26:54.485,ADA/USDT:USDT,0.82413,95.0,0.82412,21.0,0.82414,121.0,0.82421,70.0
1753504014489,04:26:54.489,ADA/USDT:USDT,0.82413,95.0,0.82412,21.0,0.82414,121.0,0.82421,70.0
1753504014493,04:26:54.493,ADA/USDT:USDT,0.82413,95.0,0.82412,21.0,0.82414,121.0,0.82421,70.0
1753504014496,04:26:54.496,ADA/USDT:USDT,0.82413,95.0,0.82412,21.0,0.82414,121.0,0.82421,70.0
1753504014498,04:26:54.498,ADA/USDT:USDT,0.82413,95.0,0.82412,21.0,0.82414,121.0,0.82421,70.0
1753504014499,04:26:54.499,ADA/USDT:USDT,0.82413,95.0,0.82412,21.0,0.82414,121.0,0.82421,70.0
1753504014502,04:26:54.502,ADA/USDT:USDT,0.82413,95.0,0.82412,21.0,0.82414,121.0,0.82421,70.0
1753504014502,04:26:54.502,ADA/USDT:USDT,0.82413,95.0,0.82412,21.0,0.82414,121.0,0.82421,70.0
1753504014502,04:26:54.502,ADA/USDT:USDT,0.82413,95.0,0.82412,21.0,0.82414,121.0,0.82421,70.0
1753504014505,04:26:54.505,ADA/USDT:USDT,0.82413,95.0,0.82412,21.0,0.82414,121.0,0.82421,70.0
1753504014505,04:26:54.505,ADA/USDT:USDT,0.82413,95.0,0.82412,21.0,0.82414,121.0,0.82421,70.0
1753504014508,04:26:54.508,ADA/USDT:USDT,0.82413,95.0,0.82412,21.0,0.82414,121.0,0.82421,70.0
1753504014508,04:26:54.508,ADA/USDT:USDT,0.82413,95.0,0.82412,21.0,0.82414,121.0,0.82421,70.0
1753504014509,04:26:54.509,ADA/USDT:USDT,0.82413,95.0,0.82412,21.0,0.82414,121.0,0.82421,70.0
1753504014511,04:26:54.511,ADA/USDT:USDT,0.82413,95.0,0.82412,21.0,0.82414,121.0,0.82421,70.0
1753504014511,04:26:54.511,ADA/USDT:USDT,0.82413,95.0,0.82412,21.0,0.82414,121.0,0.82421,70.0
1753504014511,04:26:54.511,ADA/USDT:USDT,0.82413,95.0,0.82412,21.0,0.82414,121.0,0.82421,70.0
1753504014513,04:26:54.513,ADA/USDT:USDT,0.82413,95.0,0.82412,21.0,0.82414,121.0,0.82421,70.0
1753504014515,04:26:54.515,ADA/USDT:USDT,0.82413,95.0,0.82412,21.0,0.82414,121.0,0.82421,70.0
1753504014516,04:26:54.516,ADA/USDT:USDT,0.82413,95.0,0.82412,21.0,0.82414,121.0,0.82421,70.0
1753504014517,04:26:54.517,ADA/USDT:USDT,0.82413,95.0,0.82412,21.0,0.82414,121.0,0.82421,70.0
1753504014517,04:26:54.517,ADA/USDT:USDT,0.82413,95.0,0.82412,21.0,0.82414,121.0,0.82421,70.0
1753504014519,04:26:54.519,ADA/USDT:USDT,0.82413,95.0,0.82412,21.0,0.82414,121.0,0.82421,70.0
1753504014519,04:26:54.519,ADA/USDT:USDT,0.82413,95.0,0.82412,21.0,0.82421,70.0,0.82425,396.0
1753504014520,04:26:54.520,ADA/USDT:USDT,0.82413,95.0,0.82412,21.0,0.82421,70.0,0.82425,396.0
1753504014523,04:26:54.523,ADA/USDT:USDT,0.82417,70.0,0.82413,95.0,0.82421,70.0,0.82425,396.0
1753504014524,04:26:54.524,ADA/USDT:USDT,0.82418,25.0,0.82417,70.0,0.82421,70.0,0.82425,396.0
1753504014526,04:26:54.526,ADA/USDT:USDT,0.82418,25.0,0.82417,70.0,0.82421,70.0,0.82425,396.0
1753504014526,04:26:54.526,ADA/USDT:USDT,0.82418,25.0,0.82417,70.0,0.82421,70.0,0.82425,396.0
1753504014529,04:26:54.529,ADA/USDT:USDT,0.8242,25.0,0.82418,25.0,0.82421,70.0,0.82425,396.0
1753504014529,04:26:54.529,ADA/USDT:USDT,0.8242,25.0,0.82417,70.0,0.82421,70.0,0.82425,396.0
1753504014529,04:26:54.529,ADA/USDT:USDT,0.8242,25.0,0.82418,70.0,0.82421,70.0,0.82425,396.0
1753504014529,04:26:54.529,ADA/USDT:USDT,0.8242,25.0,0.82418,70.0,0.82421,70.0,0.82425,396.0
1753504014530,04:26:54.530,ADA/USDT:USDT,0.8242,25.0,0.82418,70.0,0.82421,70.0,0.82425,396.0
1753504014532,04:26:54.532,ADA/USDT:USDT,0.8242,25.0,0.82418,70.0,0.82421,70.0,0.82425,396.0
1753504014532,04:26:54.532,ADA/USDT:USDT,0.8242,25.0,0.82418,70.0,0.82421,191.0,0.82425,396.0
1753504014536,04:26:54.536,ADA/USDT:USDT,0.8242,25.0,0.82418,70.0,0.82421,216.0,0.82425,396.0
1753504014536,04:26:54.536,ADA/USDT:USDT,0.8242,25.0,0.82418,70.0,0.82421,216.0,0.82425,396.0
1753504014541,04:26:54.541,ADA/USDT:USDT,0.8242,25.0,0.82418,70.0,0.82421,216.0,0.82425,396.0
1753504014553,04:26:54.553,ADA/USDT:USDT,0.8242,25.0,0.82418,70.0,0.82421,216.0,0.82425,396.0
1753504014556,04:26:54.556,ADA/USDT:USDT,0.8242,25.0,0.82418,70.0,0.82421,216.0,0.82425,396.0
1753504014569,04:26:54.569,ADA/USDT:USDT,0.8242,25.0,0.82418,70.0,0.82421,216.0,0.82425,396.0
1753504014601,04:26:54.601,ADA/USDT:USDT,0.8242,25.0,0.82418,70.0,0.82421,216.0,0.82425,396.0
1753504014607,04:26:54.607,ADA/USDT:USDT,0.8242,25.0,0.82418,70.0,0.82421,216.0,0.82425,396.0
1753504014607,04:26:54.607,ADA/USDT:USDT,0.8242,25.0,0.82418,70.0,0.82421,216.0,0.82425,396.0
1753504014618,04:26:54.618,ADA/USDT:USDT,0.8242,25.0,0.82418,70.0,0.82421,216.0,0.82425,396.0
1753504014618,04:26:54.618,ADA/USDT:USDT,0.8242,25.0,0.82418,70.0,0.82421,216.0,0.82425,396.0
1753504014622,04:26:54.622,ADA/USDT:USDT,0.8242,25.0,0.82418,70.0,0.82421,216.0,0.82425,396.0
1753504014625,04:26:54.625,ADA/USDT:USDT,0.8242,25.0,0.82418,70.0,0.82421,216.0,0.82425,396.0
1753504014628,04:26:54.628,ADA/USDT:USDT,0.8242,25.0,0.82418,70.0,0.82421,216.0,0.82425,396.0
1753504014629,04:26:54.629,ADA/USDT:USDT,0.8242,25.0,0.82418,70.0,0.82421,216.0,0.82425,396.0
1753504014629,04:26:54.629,ADA/USDT:USDT,0.8242,25.0,0.82418,70.0,0.82421,216.0,0.82425,396.0
1753504014630,04:26:54.630,ADA/USDT:USDT,0.8242,25.0,0.82418,70.0,0.82421,216.0,0.82425,396.0
1753504014633,04:26:54.633,ADA/USDT:USDT,0.8242,25.0,0.82418,70.0,0.82421,216.0,0.82425,396.0
1753504014692,04:26:54.692,ADA/USDT:USDT,0.8242,25.0,0.82416,52.0,0.82421,216.0,0.82425,396.0
1753504014698,04:26:54.698,ADA/USDT:USDT,0.8242,25.0,0.82416,52.0,0.82421,216.0,0.82425,396.0
1753504014750,04:26:54.750,ADA/USDT:USDT,0.8242,25.0,0.82416,52.0,0.82421,216.0,0.82425,396.0
1753504014750,04:26:54.750,ADA/USDT:USDT,0.8242,25.0,0.82416,52.0,0.82421,216.0,0.82425,396.0
1753504014754,04:26:54.754,ADA/USDT:USDT,0.8242,25.0,0.82416,52.0,0.82421,216.0,0.82425,396.0
1753504014758,04:26:54.758,ADA/USDT:USDT,0.8242,25.0,0.82416,52.0,0.82421,216.0,0.82425,396.0
1753504014778,04:26:54.778,ADA/USDT:USDT,0.8242,25.0,0.82416,52.0,0.82421,216.0,0.82425,396.0
1753504014780,04:26:54.780,ADA/USDT:USDT,0.8242,25.0,0.82416,52.0,0.82421,216.0,0.82425,396.0
1753504014784,04:26:54.784,ADA/USDT:USDT,0.8242,25.0,0.82416,52.0,0.82421,216.0,0.82425,396.0
1753504014784,04:26:54.784,ADA/USDT:USDT,0.8242,25.0,0.82416,52.0,0.82421,216.0,0.82425,396.0
1753504014785,04:26:54.785,ADA/USDT:USDT,0.8242,25.0,0.82416,52.0,0.82421,216.0,0.82425,396.0
1753504014786,04:26:54.786,ADA/USDT:USDT,0.8242,25.0,0.82416,52.0,0.82421,216.0,0.82425,396.0
1753504014788,04:26:54.788,ADA/USDT:USDT,0.8242,25.0,0.82416,52.0,0.82421,216.0,0.82425,396.0
1753504014788,04:26:54.788,ADA/USDT:USDT,0.8242,25.0,0.82416,52.0,0.82421,216.0,0.82425,396.0
1753504014789,04:26:54.789,ADA/USDT:USDT,0.8242,25.0,0.82416,52.0,0.82421,216.0,0.82425,396.0
1753504014792,04:26:54.792,ADA/USDT:USDT,0.8242,25.0,0.82416,52.0,0.82421,216.0,0.82425,396.0
1753504014794,04:26:54.794,ADA/USDT:USDT,0.8242,25.0,0.82416,52.0,0.82421,216.0,0.82425,396.0
1753504014797,04:26:54.797,ADA/USDT:USDT,0.8242,25.0,0.82416,52.0,0.82421,216.0,0.82425,396.0
1753504014800,04:26:54.800,ADA/USDT:USDT,0.8242,25.0,0.82416,52.0,0.82421,216.0,0.82425,396.0
1753504014804,04:26:54.804,ADA/USDT:USDT,0.8242,25.0,0.82416,52.0,0.82421,216.0,0.82425,396.0
1753504014805,04:26:54.805,ADA/USDT:USDT,0.8242,25.0,0.82416,52.0,0.82421,216.0,0.82425,396.0
1753504014806,04:26:54.806,ADA/USDT:USDT,0.8242,25.0,0.82416,52.0,0.82421,216.0,0.82425,396.0
1753504014808,04:26:54.808,ADA/USDT:USDT,0.8242,25.0,0.82416,52.0,0.82421,216.0,0.82425,396.0
1753504014809,04:26:54.809,ADA/USDT:USDT,0.8242,25.0,0.82416,52.0,0.82421,216.0,0.82425,396.0
1753504014813,04:26:54.813,ADA/USDT:USDT,0.8242,25.0,0.82416,52.0,0.82421,216.0,0.82425,396.0
1753504014817,04:26:54.817,ADA/USDT:USDT,0.8242,25.0,0.82416,52.0,0.82421,216.0,0.82425,396.0
1753504014821,04:26:54.821,ADA/USDT:USDT,0.8242,25.0,0.82416,52.0,0.82421,216.0,0.82425,396.0
1753504014821,04:26:54.821,ADA/USDT:USDT,0.8242,25.0,0.82416,52.0,0.82421,216.0,0.82425,396.0
1753504014907,04:26:54.907,ADA/USDT:USDT,0.8242,25.0,0.82416,52.0,0.82421,216.0,0.82425,396.0
1753504014908,04:26:54.908,ADA/USDT:USDT,0.8242,25.0,0.82416,52.0,0.82421,216.0,0.82425,396.0
1753504015106,04:26:55.106,ADA/USDT:USDT,0.8242,25.0,0.82416,52.0,0.82421,216.0,0.82425,396.0
1753504015108,04:26:55.108,ADA/USDT:USDT,0.8242,25.0,0.82416,52.0,0.82421,216.0,0.82425,396.0
1753504015108,04:26:55.108,ADA/USDT:USDT,0.8242,25.0,0.82416,52.0,0.82421,216.0,0.82425,396.0
1753504015178,04:26:55.178,ADA/USDT:USDT,0.8242,25.0,0.82416,52.0,0.82421,216.0,0.82425,50.0
1753504015181,04:26:55.181,ADA/USDT:USDT,0.8242,25.0,0.82416,52.0,0.82421,216.0,0.82425,50.0
1753504015182,04:26:55.182,ADA/USDT:USDT,0.8242,25.0,0.82416,52.0,0.82421,216.0,0.82425,50.0
1753504015182,04:26:55.182,ADA/USDT:USDT,0.8242,25.0,0.82416,52.0,0.82421,216.0,0.82425,50.0
1753504015184,04:26:55.184,ADA/USDT:USDT,0.8242,25.0,0.82416,52.0,0.82421,216.0,0.82425,50.0
1753504015187,04:26:55.187,ADA/USDT:USDT,0.8242,25.0,0.82416,52.0,0.82421,216.0,0.82425,50.0
1753504015189,04:26:55.189,ADA/USDT:USDT,0.8242,25.0,0.82416,52.0,0.82421,216.0,0.82425,50.0
1753504015190,04:26:55.190,ADA/USDT:USDT,0.8242,25.0,0.82416,52.0,0.82421,216.0,0.82425,50.0
1753504015195,04:26:55.195,ADA/USDT:USDT,0.8242,25.0,0.82416,52.0,0.82421,216.0,0.82425,50.0
1753504015197,04:26:55.197,ADA/USDT:USDT,0.8242,25.0,0.82416,52.0,0.82421,216.0,0.82425,50.0
1753504015197,04:26:55.197,ADA/USDT:USDT,0.8242,25.0,0.82416,52.0,0.82421,216.0,0.82425,50.0
1753504015207,04:26:55.207,ADA/USDT:USDT,0.8242,25.0,0.82416,52.0,0.82421,216.0,0.82425,50.0
1753504015207,04:26:55.207,ADA/USDT:USDT,0.8242,25.0,0.82416,52.0,0.82421,216.0,0.82425,50.0
1753504015288,04:26:55.288,ADA/USDT:USDT,0.8242,95.0,0.82416,52.0,0.82421,121.0,0.82425,50.0
1753504015289,04:26:55.289,ADA/USDT:USDT,0.8242,95.0,0.82416,52.0,0.82421,121.0,0.82425,50.0
1753504015290,04:26:55.290,ADA/USDT:USDT,0.8242,95.0,0.82416,52.0,0.82421,121.0,0.82425,50.0
1753504015290,04:26:55.290,ADA/USDT:USDT,0.8242,95.0,0.82416,52.0,0.82421,121.0,0.82425,50.0
1753504015292,04:26:55.292,ADA/USDT:USDT,0.8242,95.0,0.82416,52.0,0.82421,121.0,0.82425,50.0
1753504015292,04:26:55.292,ADA/USDT:USDT,0.8242,116.0,0.82416,52.0,0.82421,121.0,0.82425,50.0
1753504015293,04:26:55.293,ADA/USDT:USDT,0.8242,116.0,0.82416,52.0,0.82425,50.0,0.82426,70.0
1753504015294,04:26:55.294,ADA/USDT:USDT,0.8242,116.0,0.82416,52.0,0.82425,50.0,0.82426,70.0
1753504015294,04:26:55.294,ADA/USDT:USDT,0.8242,116.0,0.82416,52.0,0.82425,50.0,0.82426,70.0
1753504015296,04:26:55.296,ADA/USDT:USDT,0.82424,70.0,0.8242,91.0,0.82425,50.0,0.82426,70.0
1753504015296,04:26:55.296,ADA/USDT:USDT,0.82424,95.0,0.8242,91.0,0.82425,50.0,0.82426,70.0
1753504015297,04:26:55.297,ADA/USDT:USDT,0.82424,95.0,0.8242,91.0,0.82425,50.0,0.82426,70.0
1753504015297,04:26:55.297,ADA/USDT:USDT,0.82424,95.0,0.8242,91.0,0.82425,50.0,0.82426,70.0
1753504015298,04:26:55.298,ADA/USDT:USDT,0.82424,95.0,0.8242,91.0,0.82425,50.0,0.82426,70.0
1753504015299,04:26:55.299,ADA/USDT:USDT,0.82424,95.0,0.8242,91.0,0.82425,50.0,0.82426,70.0
1753504015300,04:26:55.300,ADA/USDT:USDT,0.82424,95.0,0.8242,70.0,0.82425,50.0,0.82426,70.0
1753504015300,04:26:55.300,ADA/USDT:USDT,0.82424,95.0,0.8242,70.0,0.82425,50.0,0.82426,70.0
1753504015300,04:26:55.300,ADA/USDT:USDT,0.82424,95.0,0.8242,70.0,0.82425,50.0,0.82426,70.0
1753504015301,04:26:55.301,ADA/USDT:USDT,0.82424,95.0,0.8242,70.0,0.82425,50.0,0.82426,70.0
1753504015301,04:26:55.301,ADA/USDT:USDT,0.82424,95.0,0.8242,70.0,0.82425,50.0,0.82426,70.0
1753504015304,04:26:55.304,ADA/USDT:USDT,0.82424,116.0,0.8242,70.0,0.82425,50.0,0.82426,70.0
1753504015304,04:26:55.304,ADA/USDT:USDT,0.82424,116.0,0.8242,70.0,0.82425,120.0,0.82426,70.0
1753504015305,04:26:55.305,ADA/USDT:USDT,0.82424,116.0,0.8242,70.0,0.82425,120.0,0.82426,70.0
1753504015305,04:26:55.305,ADA/USDT:USDT,0.82424,116.0,0.8242,70.0,0.82425,120.0,0.82426,70.0
1753504015306,04:26:55.306,ADA/USDT:USDT,0.82424,116.0,0.8242,70.0,0.82425,120.0,0.82429,50.0
1753504015306,04:26:55.306,ADA/USDT:USDT,0.82424,116.0,0.8242,70.0,0.82425,120.0,0.82429,50.0
1753504015307,04:26:55.307,ADA/USDT:USDT,0.82424,116.0,0.8242,70.0,0.82425,120.0,0.82429,50.0
1753504015308,04:26:55.308,ADA/USDT:USDT,0.82424,116.0,0.8242,70.0,0.82425,145.0,0.82429,50.0
1753504015310,04:26:55.310,ADA/USDT:USDT,0.82424,116.0,0.8242,70.0,0.82425,145.0,0.82429,50.0
1753504015330,04:26:55.330,ADA/USDT:USDT,0.82424,116.0,0.8242,70.0,0.82425,145.0,0.82429,50.0
1753504015338,04:26:55.338,ADA/USDT:USDT,0.82424,116.0,0.8242,70.0,0.82425,145.0,0.82429,50.0
1753504015341,04:26:55.341,ADA/USDT:USDT,0.82424,116.0,0.8242,70.0,0.82425,145.0,0.82429,50.0
1753504015342,04:26:55.342,ADA/USDT:USDT,0.82424,116.0,0.8242,70.0,0.82425,145.0,0.82429,50.0
1753504015358,04:26:55.358,ADA/USDT:USDT,0.82424,116.0,0.8242,70.0,0.82425,145.0,0.82429,50.0
1753504015359,04:26:55.359,ADA/USDT:USDT,0.82424,116.0,0.8242,70.0,0.82425,145.0,0.82429,50.0
1753504015364,04:26:55.364,ADA/USDT:USDT,0.82424,116.0,0.8242,70.0,0.82425,145.0,0.82429,50.0
1753504015366,04:26:55.366,ADA/USDT:USDT,0.82424,116.0,0.8242,70.0,0.82425,145.0,0.82429,50.0
1753504015376,04:26:55.376,ADA/USDT:USDT,0.82424,116.0,0.8242,70.0,0.82425,145.0,0.82429,50.0
1753504015502,04:26:55.502,ADA/USDT:USDT,0.82424,116.0,0.8242,70.0,0.82425,145.0,0.82429,50.0
1753504015609,04:26:55.609,ADA/USDT:USDT,0.82424,116.0,0.8242,70.0,0.82425,145.0,0.82429,50.0
1753504015613,04:26:55.613,ADA/USDT:USDT,0.82424,116.0,0.8242,70.0,0.82425,145.0,0.82429,50.0
1753504015638,04:26:55.638,ADA/USDT:USDT,0.82424,116.0,0.8242,70.0,0.82425,145.0,0.82429,50.0
1753504015703,04:26:55.703,ADA/USDT:USDT,0.82424,116.0,0.8242,70.0,0.82425,145.0,0.82429,50.0
1753504015707,04:26:55.707,ADA/USDT:USDT,0.82424,116.0,0.8242,70.0,0.82425,145.0,0.82429,50.0
1753504015711,04:26:55.711,ADA/USDT:USDT,0.82424,116.0,0.8242,70.0,0.82425,145.0,0.82429,50.0
1753504015711,04:26:55.711,ADA/USDT:USDT,0.82424,116.0,0.8242,70.0,0.82425,145.0,0.82429,50.0
1753504015715,04:26:55.715,ADA/USDT:USDT,0.82424,116.0,0.8242,70.0,0.82425,145.0,0.82429,50.0
1753504015720,04:26:55.720,ADA/USDT:USDT,0.82424,116.0,0.8242,70.0,0.82425,145.0,0.82429,50.0
1753504015724,04:26:55.724,ADA/USDT:USDT,0.82424,116.0,0.8242,70.0,0.82425,145.0,0.82429,50.0
1753504015726,04:26:55.726,ADA/USDT:USDT,0.82424,116.0,0.8242,70.0,0.82425,145.0,0.82429,50.0
1753504015726,04:26:55.726,ADA/USDT:USDT,0.82424,116.0,0.8242,70.0,0.82425,145.0,0.82429,50.0
1753504015728,04:26:55.728,ADA/USDT:USDT,0.82424,116.0,0.8242,70.0,0.82425,145.0,0.82429,50.0
1753504015732,04:26:55.732,ADA/USDT:USDT,0.82424,116.0,0.8242,70.0,0.82425,145.0,0.82429,50.0
1753504015735,04:26:55.735,ADA/USDT:USDT,0.82424,116.0,0.8242,70.0,0.82425,145.0,0.82429,50.0
1753504015736,04:26:55.736,ADA/USDT:USDT,0.82424,116.0,0.8242,70.0,0.82425,145.0,0.82429,50.0
1753504015736,04:26:55.736,ADA/USDT:USDT,0.82424,116.0,0.8242,70.0,0.82425,145.0,0.82429,50.0
1753504015737,04:26:55.737,ADA/USDT:USDT,0.82424,116.0,0.8242,70.0,0.82425,145.0,0.82429,50.0
1753504015740,04:26:55.740,ADA/USDT:USDT,0.82424,116.0,0.8242,70.0,0.82425,145.0,0.82429,50.0
1753504015742,04:26:55.742,ADA/USDT:USDT,0.82424,116.0,0.8242,70.0,0.82425,145.0,0.82429,50.0
1753504015744,04:26:55.744,ADA/USDT:USDT,0.82424,116.0,0.8242,70.0,0.82425,145.0,0.82429,50.0
1753504015745,04:26:55.745,ADA/USDT:USDT,0.82424,116.0,0.8242,70.0,0.82425,145.0,0.82429,50.0
1753504015745,04:26:55.745,ADA/USDT:USDT,0.82424,116.0,0.8242,70.0,0.82425,120.0,0.82429,50.0
1753504015747,04:26:55.747,ADA/USDT:USDT,0.82424,116.0,0.8242,70.0,0.82425,120.0,0.82429,50.0
1753504015747,04:26:55.747,ADA/USDT:USDT,0.82424,116.0,0.8242,70.0,0.82425,120.0,0.82429,50.0
1753504015749,04:26:55.749,ADA/USDT:USDT,0.82424,116.0,0.8242,70.0,0.82425,120.0,0.82429,50.0
1753504015749,04:26:55.749,ADA/USDT:USDT,0.82424,116.0,0.8242,70.0,0.82425,120.0,0.82429,50.0
1753504015751,04:26:55.751,ADA/USDT:USDT,0.82424,116.0,0.8242,70.0,0.82425,120.0,0.82429,50.0
1753504015753,04:26:55.753,ADA/USDT:USDT,0.82424,116.0,0.8242,1930.0,0.82425,120.0,0.82429,50.0
1753504015756,04:26:55.756,ADA/USDT:USDT,0.82424,116.0,0.8242,70.0,0.82425,120.0,0.82429,50.0
1753504015756,04:26:55.756,ADA/USDT:USDT,0.82424,116.0,0.8242,70.0,0.82425,120.0,0.82429,50.0
1753504015756,04:26:55.756,ADA/USDT:USDT,0.82424,116.0,0.8242,70.0,0.82425,120.0,0.82429,50.0
1753504015758,04:26:55.758,ADA/USDT:USDT,0.82424,116.0,0.8242,70.0,0.82425,120.0,0.82429,50.0
1753504015760,04:26:55.760,ADA/USDT:USDT,0.82424,116.0,0.8242,70.0,0.82425,120.0,0.82429,50.0
1753504015762,04:26:55.762,ADA/USDT:USDT,0.82424,116.0,0.8242,70.0,0.82425,120.0,0.82429,50.0
1753504015765,04:26:55.765,ADA/USDT:USDT,0.82424,116.0,0.8242,70.0,0.82425,120.0,0.82429,50.0
1753504015766,04:26:55.766,ADA/USDT:USDT,0.82424,116.0,0.8242,122.0,0.82425,120.0,0.82429,50.0
1753504015767,04:26:55.767,ADA/USDT:USDT,0.82424,116.0,0.8242,122.0,0.82425,120.0,0.82429,50.0
1753504015770,04:26:55.770,ADA/USDT:USDT,0.82424,116.0,0.8242,122.0,0.82425,120.0,0.82429,50.0
1753504015771,04:26:55.771,ADA/USDT:USDT,0.82424,116.0,0.8242,70.0,0.82425,120.0,0.82429,50.0
1753504015776,04:26:55.776,ADA/USDT:USDT,0.82424,116.0,0.8242,122.0,0.82425,120.0,0.82429,50.0
1753504015804,04:26:55.804,ADA/USDT:USDT,0.82424,116.0,0.8242,122.0,0.82425,120.0,0.82429,50.0
1753504015931,04:26:55.931,ADA/USDT:USDT,0.82424,116.0,0.8242,122.0,0.82425,117.0,0.82429,50.0
1753504015935,04:26:55.935,ADA/USDT:USDT,0.82424,116.0,0.8242,122.0,0.82425,117.0,0.82429,50.0
1753504015938,04:26:55.938,ADA/USDT:USDT,0.82424,116.0,0.8242,122.0,0.82425,117.0,0.82429,50.0
1753504015938,04:26:55.938,ADA/USDT:USDT,0.82424,116.0,0.8242,70.0,0.82425,137.0,0.82429,50.0
1753504015943,04:26:55.943,ADA/USDT:USDT,0.82424,116.0,0.8242,70.0,0.82425,137.0,0.82429,50.0
1753504015946,04:26:55.946,ADA/USDT:USDT,0.82424,116.0,0.8242,70.0,0.82425,137.0,0.82429,50.0
1753504015946,04:26:55.946,ADA/USDT:USDT,0.82424,116.0,0.8242,70.0,0.82425,137.0,0.82429,50.0
1753504015950,04:26:55.950,ADA/USDT:USDT,0.82424,116.0,0.8242,70.0,0.82425,137.0,0.82429,50.0
1753504015950,04:26:55.950,ADA/USDT:USDT,0.82424,116.0,0.8242,70.0,0.82425,137.0,0.82429,50.0
1753504015952,04:26:55.952,ADA/USDT:USDT,0.82424,116.0,0.8242,70.0,0.82425,137.0,0.82429,50.0
1753504015954,04:26:55.954,ADA/USDT:USDT,0.82424,116.0,0.8242,70.0,0.82425,137.0,0.82429,50.0
1753504015955,04:26:55.955,ADA/USDT:USDT,0.82424,116.0,0.8242,70.0,0.82425,137.0,0.82429,50.0
1753504015958,04:26:55.958,ADA/USDT:USDT,0.82424,116.0,0.8242,122.0,0.82425,137.0,0.82429,50.0
1753504015959,04:26:55.959,ADA/USDT:USDT,0.82424,116.0,0.8242,122.0,0.82425,137.0,0.82429,50.0
1753504015962,04:26:55.962,ADA/USDT:USDT,0.82424,116.0,0.8242,122.0,0.82425,137.0,0.82429,50.0
1753504015962,04:26:55.962,ADA/USDT:USDT,0.82424,116.0,0.8242,122.0,0.82425,137.0,0.82429,50.0
1753504015965,04:26:55.965,ADA/USDT:USDT,0.82424,116.0,0.8242,122.0,0.82425,137.0,0.82429,50.0
1753504015967,04:26:55.967,ADA/USDT:USDT,0.82424,116.0,0.8242,70.0,0.82425,137.0,0.82429,50.0
1753504015967,04:26:55.967,ADA/USDT:USDT,0.82424,116.0,0.8242,70.0,0.82425,137.0,0.82429,50.0
1753504015971,04:26:55.971,ADA/USDT:USDT,0.82424,116.0,0.8242,70.0,0.82425,137.0,0.82429,50.0
1753504015971,04:26:55.971,ADA/USDT:USDT,0.82424,116.0,0.8242,122.0,0.82425,137.0,0.82429,50.0
1753504015974,04:26:55.974,ADA/USDT:USDT,0.82424,116.0,0.8242,122.0,0.82425,137.0,0.82429,50.0
1753504015974,04:26:55.974,ADA/USDT:USDT,0.82424,116.0,0.8242,122.0,0.82425,137.0,0.82429,50.0
1753504015978,04:26:55.978,ADA/USDT:USDT,0.82424,116.0,0.8242,122.0,0.82425,137.0,0.82429,50.0
1753504015978,04:26:55.978,ADA/USDT:USDT,0.82424,116.0,0.8242,70.0,0.82425,137.0,0.82429,50.0
1753504015980,04:26:55.980,ADA/USDT:USDT,0.82424,116.0,0.8242,70.0,0.82425,137.0,0.82429,50.0
1753504015982,04:26:55.982,ADA/USDT:USDT,0.82424,116.0,0.8242,70.0,0.82425,137.0,0.82429,50.0
1753504015984,04:26:55.984,ADA/USDT:USDT,0.82424,116.0,0.8242,70.0,0.82425,137.0,0.82429,50.0
1753504015985,04:26:55.985,ADA/USDT:USDT,0.82424,116.0,0.8242,122.0,0.82425,137.0,0.82429,50.0
1753504015987,04:26:55.987,ADA/USDT:USDT,0.82424,116.0,0.8242,122.0,0.82425,137.0,0.82429,50.0
1753504015988,04:26:55.988,ADA/USDT:USDT,0.82424,116.0,0.8242,122.0,0.82425,137.0,0.82429,50.0
1753504015990,04:26:55.990,ADA/USDT:USDT,0.82424,116.0,0.8242,122.0,0.82425,137.0,0.82429,50.0
1753504015991,04:26:55.991,ADA/USDT:USDT,0.82424,116.0,0.8242,70.0,0.82425,137.0,0.82429,50.0
1753504015994,04:26:55.994,ADA/USDT:USDT,0.82424,116.0,0.8242,70.0,0.82425,137.0,0.82429,50.0
1753504015997,04:26:55.997,ADA/USDT:USDT,0.82424,116.0,0.8242,122.0,0.82425,137.0,0.82429,50.0
1753504015998,04:26:55.998,ADA/USDT:USDT,0.82424,116.0,0.8242,122.0,0.82425,137.0,0.82429,50.0
1753504015998,04:26:55.998,ADA/USDT:USDT,0.82424,116.0,0.8242,122.0,0.82425,137.0,0.82429,50.0
1753504016000,04:26:56.000,ADA/USDT:USDT,0.82424,116.0,0.8242,122.0,0.82425,137.0,0.82429,50.0
1753504016001,04:26:56.001,ADA/USDT:USDT,0.82424,116.0,0.8242,70.0,0.82425,137.0,0.82429,50.0
1753504016004,04:26:56.004,ADA/USDT:USDT,0.82424,116.0,0.8242,70.0,0.82425,137.0,0.82429,50.0
1753504016005,04:26:56.005,ADA/USDT:USDT,0.82424,116.0,0.8242,70.0,0.82425,137.0,0.82429,50.0
1753504016006,04:26:56.006,ADA/USDT:USDT,0.82424,116.0,0.8242,70.0,0.82425,137.0,0.82429,50.0
1753504016007,04:26:56.007,ADA/USDT:USDT,0.82424,116.0,0.8242,122.0,0.82425,137.0,0.82429,50.0
1753504016010,04:26:56.010,ADA/USDT:USDT,0.82424,116.0,0.8242,122.0,0.82425,137.0,0.82429,50.0
1753504016012,04:26:56.012,ADA/USDT:USDT,0.82424,116.0,0.8242,122.0,0.82425,137.0,0.82429,50.0
1753504016012,04:26:56.012,ADA/USDT:USDT,0.82424,116.0,0.8242,70.0,0.82425,137.0,0.82429,50.0
1753504016014,04:26:56.014,ADA/USDT:USDT,0.82424,116.0,0.8242,70.0,0.82425,137.0,0.82429,50.0
1753504016017,04:26:56.017,ADA/USDT:USDT,0.82424,116.0,0.8242,70.0,0.82425,137.0,0.82429,50.0
1753504016018,04:26:56.018,ADA/USDT:USDT,0.82424,116.0,0.8242,122.0,0.82425,137.0,0.82429,50.0
1753504016021,04:26:56.021,ADA/USDT:USDT,0.82424,116.0,0.8242,122.0,0.82425,137.0,0.82429,50.0
1753504016024,04:26:56.024,ADA/USDT:USDT,0.82424,116.0,0.8242,70.0,0.82425,137.0,0.82429,50.0
1753504016028,04:26:56.028,ADA/USDT:USDT,0.82424,116.0,0.8242,122.0,0.82425,137.0,0.82429,50.0
1753504016052,04:26:56.052,ADA/USDT:USDT,0.82424,116.0,0.8242,122.0,0.82425,137.0,0.82429,50.0
1753504016056,04:26:56.056,ADA/USDT:USDT,0.82424,116.0,0.8242,70.0,0.82425,137.0,0.82429,50.0
1753504016060,04:26:56.060,ADA/USDT:USDT,0.82424,116.0,0.8242,122.0,0.82425,137.0,0.82429,50.0
1753504016062,04:26:56.062,ADA/USDT:USDT,0.82424,116.0,0.8242,122.0,0.82425,137.0,0.82429,50.0
1753504016062,04:26:56.062,ADA/USDT:USDT,0.82424,116.0,0.8242,122.0,0.82425,137.0,0.82429,50.0
1753504016063,04:26:56.063,ADA/USDT:USDT,0.82424,116.0,0.8242,70.0,0.82425,137.0,0.82429,50.0
1753504016068,04:26:56.068,ADA/USDT:USDT,0.82424,116.0,0.8242,122.0,0.82425,137.0,0.82429,50.0
1753504016072,04:26:56.072,ADA/USDT:USDT,0.82424,116.0,0.8242,70.0,0.82425,137.0,0.82429,50.0
1753504016188,04:26:56.188,ADA/USDT:USDT,0.82424,116.0,0.8242,70.0,0.82425,137.0,0.82429,50.0
1753504016191,04:26:56.191,ADA/USDT:USDT,0.82424,116.0,0.8242,70.0,0.82425,137.0,0.82429,50.0
1753504016191,04:26:56.191,ADA/USDT:USDT,0.82424,116.0,0.8242,70.0,0.82425,137.0,0.82429,50.0
1753504016195,04:26:56.195,ADA/USDT:USDT,0.82424,116.0,0.8242,70.0,0.82425,137.0,0.82429,50.0
1753504016198,04:26:56.198,ADA/USDT:USDT,0.82424,116.0,0.8242,70.0,0.82425,137.0,0.82429,50.0
1753504016199,04:26:56.199,ADA/USDT:USDT,0.82424,116.0,0.8242,122.0,0.82425,137.0,0.82429,50.0
1753504016199,04:26:56.199,ADA/USDT:USDT,0.82424,116.0,0.8242,122.0,0.82425,137.0,0.82429,50.0
1753504016201,04:26:56.201,ADA/USDT:USDT,0.82424,116.0,0.8242,122.0,0.82425,137.0,0.82429,50.0
1753504016201,04:26:56.201,ADA/USDT:USDT,0.82424,116.0,0.8242,122.0,0.82425,137.0,0.82429,50.0
1753504016204,04:26:56.204,ADA/USDT:USDT,0.82424,116.0,0.8242,70.0,0.82425,137.0,0.82429,50.0
1753504016205,04:26:56.205,ADA/USDT:USDT,0.82424,116.0,0.8242,70.0,0.82425,137.0,0.82429,50.0
1753504016206,04:26:56.206,ADA/USDT:USDT,0.82424,116.0,0.8242,70.0,0.82425,137.0,0.82429,50.0
1753504016206,04:26:56.206,ADA/USDT:USDT,0.82424,116.0,0.8242,70.0,0.82425,137.0,0.82429,50.0
1753504016207,04:26:56.207,ADA/USDT:USDT,0.82424,116.0,0.8242,70.0,0.82425,137.0,0.82429,50.0
1753504016209,04:26:56.209,ADA/USDT:USDT,0.82424,116.0,0.8242,70.0,0.82425,137.0,0.82429,50.0
1753504016210,04:26:56.210,ADA/USDT:USDT,0.82424,116.0,0.8242,70.0,0.82425,137.0,0.82429,50.0
1753504016213,04:26:56.213,ADA/USDT:USDT,0.82424,116.0,0.8242,70.0,0.82425,137.0,0.82429,50.0
1753504016218,04:26:56.218,ADA/USDT:USDT,0.82424,116.0,0.8242,122.0,0.82425,137.0,0.82429,50.0
1753504016312,04:26:56.312,ADA/USDT:USDT,0.82424,116.0,0.8242,122.0,0.82425,137.0,0.82429,50.0
1753504016315,04:26:56.315,ADA/USDT:USDT,0.82424,116.0,0.8242,70.0,0.82425,137.0,0.82429,50.0
1753504016316,04:26:56.316,ADA/USDT:USDT,0.82424,116.0,0.8242,70.0,0.82425,137.0,0.82429,50.0
1753504016316,04:26:56.316,ADA/USDT:USDT,0.82424,116.0,0.8242,70.0,0.82425,137.0,0.82429,50.0
1753504016319,04:26:56.319,ADA/USDT:USDT,0.82424,116.0,0.8242,70.0,0.82425,137.0,0.82429,50.0
1753504016319,04:26:56.319,ADA/USDT:USDT,0.82424,116.0,0.8242,122.0,0.82425,137.0,0.82429,50.0
1753504016323,04:26:56.323,ADA/USDT:USDT,0.82424,116.0,0.8242,122.0,0.82425,137.0,0.82429,50.0
1753504016323,04:26:56.323,ADA/USDT:USDT,0.82424,116.0,0.8242,70.0,0.82425,137.0,0.82429,50.0
1753504016325,04:26:56.325,ADA/USDT:USDT,0.82424,116.0,0.8242,70.0,0.82425,137.0,0.82429,50.0
1753504016328,04:26:56.328,ADA/USDT:USDT,0.82424,116.0,0.8242,122.0,0.82425,137.0,0.82429,50.0
1753504016328,04:26:56.328,ADA/USDT:USDT,0.82424,116.0,0.8242,122.0,0.82425,137.0,0.82429,50.0
1753504016332,04:26:56.332,ADA/USDT:USDT,0.82424,116.0,0.8242,122.0,0.82425,137.0,0.82429,50.0
1753504016332,04:26:56.332,ADA/USDT:USDT,0.82424,116.0,0.8242,70.0,0.82425,137.0,0.82429,50.0
1753504016336,04:26:56.336,ADA/USDT:USDT,0.82424,116.0,0.8242,70.0,0.82425,137.0,0.82429,50.0
1753504016336,04:26:56.336,ADA/USDT:USDT,0.82424,116.0,0.8242,122.0,0.82425,137.0,0.82429,50.0
1753504016338,04:26:56.338,ADA/USDT:USDT,0.82424,116.0,0.8242,122.0,0.82425,137.0,0.82429,50.0
1753504016342,04:26:56.342,ADA/USDT:USDT,0.82424,116.0,0.8242,70.0,0.82425,137.0,0.82429,50.0
1753504016347,04:26:56.347,ADA/USDT:USDT,0.82424,116.0,0.8242,122.0,0.82425,137.0,0.82429,50.0
1753504016413,04:26:56.413,ADA/USDT:USDT,0.82424,116.0,0.8242,122.0,0.82425,137.0,0.82429,50.0
1753504016418,04:26:56.418,ADA/USDT:USDT,0.82424,116.0,0.8242,122.0,0.82425,137.0,0.82429,50.0
1753504016422,04:26:56.422,ADA/USDT:USDT,0.82424,116.0,0.8242,122.0,0.82425,137.0,0.82429,50.0
1753504016427,04:26:56.427,ADA/USDT:USDT,0.82424,116.0,0.8242,122.0,0.82425,137.0,0.82429,50.0
1753504016548,04:26:56.548,ADA/USDT:USDT,0.82424,116.0,0.8242,122.0,0.82425,137.0,0.82429,50.0
1753504016551,04:26:56.551,ADA/USDT:USDT,0.82424,116.0,0.8242,122.0,0.82425,137.0,0.82429,50.0
1753504016559,04:26:56.559,ADA/USDT:USDT,0.82424,116.0,0.8242,122.0,0.82425,137.0,0.82429,50.0
1753504016954,04:26:56.954,ADA/USDT:USDT,0.82424,116.0,0.8242,122.0,0.82425,137.0,0.82429,50.0
1753504016957,04:26:56.957,ADA/USDT:USDT,0.82424,116.0,0.8242,122.0,0.82425,137.0,0.82429,50.0
1753504016961,04:26:56.961,ADA/USDT:USDT,0.82424,116.0,0.8242,122.0,0.82425,137.0,0.82429,50.0
1753504016964,04:26:56.964,ADA/USDT:USDT,0.82424,116.0,0.8242,122.0,0.82425,137.0,0.82429,50.0
1753504016965,04:26:56.965,ADA/USDT:USDT,0.82424,116.0,0.8242,122.0,0.82425,137.0,0.82429,50.0
1753504016968,04:26:56.968,ADA/USDT:USDT,0.82424,116.0,0.8242,122.0,0.82425,137.0,0.82429,50.0
1753504016969,04:26:56.969,ADA/USDT:USDT,0.82424,116.0,0.8242,122.0,0.82425,67.0,0.82429,50.0
1753504016969,04:26:56.969,ADA/USDT:USDT,0.82424,116.0,0.8242,122.0,0.82425,47.0,0.82429,50.0
1753504016971,04:26:56.971,ADA/USDT:USDT,0.82424,116.0,0.8242,122.0,0.82425,47.0,0.82429,50.0
1753504016972,04:26:56.972,ADA/USDT:USDT,0.82424,116.0,0.8242,122.0,0.82425,47.0,0.82429,50.0
1753504016974,04:26:56.974,ADA/USDT:USDT,0.82424,116.0,0.8242,122.0,0.82425,47.0,0.82429,50.0
1753504016976,04:26:56.976,ADA/USDT:USDT,0.82424,116.0,0.8242,122.0,0.82425,47.0,0.82429,50.0
1753504016979,04:26:56.979,ADA/USDT:USDT,0.82424,116.0,0.8242,122.0,0.82425,47.0,0.82429,50.0
1753504016980,04:26:56.980,ADA/USDT:USDT,0.82424,116.0,0.8242,122.0,0.82425,47.0,0.82429,50.0
1753504016981,04:26:56.981,ADA/USDT:USDT,0.82424,116.0,0.8242,122.0,0.82425,47.0,0.82429,50.0
1753504016983,04:26:56.983,ADA/USDT:USDT,0.82424,116.0,0.8242,122.0,0.82425,47.0,0.82429,50.0
1753504016985,04:26:56.985,ADA/USDT:USDT,0.82424,116.0,0.8242,122.0,0.82425,47.0,0.82429,50.0
1753504016987,04:26:56.987,ADA/USDT:USDT,0.82424,116.0,0.8242,122.0,0.82425,47.0,0.82429,50.0
1753504016989,04:26:56.989,ADA/USDT:USDT,0.82424,116.0,0.8242,122.0,0.82425,47.0,0.82429,50.0
1753504016990,04:26:56.990,ADA/USDT:USDT,0.82424,116.0,0.8242,122.0,0.82425,47.0,0.82429,50.0
1753504016992,04:26:56.992,ADA/USDT:USDT,0.82424,116.0,0.8242,122.0,0.82425,47.0,0.82429,50.0
1753504016996,04:26:56.996,ADA/USDT:USDT,0.82424,116.0,0.8242,122.0,0.82425,47.0,0.82429,50.0
1753504016998,04:26:56.998,ADA/USDT:USDT,0.82424,116.0,0.8242,122.0,0.82425,47.0,0.82429,50.0
1753504016998,04:26:56.998,ADA/USDT:USDT,0.82424,116.0,0.8242,122.0,0.82425,47.0,0.82429,50.0
1753504017003,04:26:57.003,ADA/USDT:USDT,0.82424,116.0,0.8242,122.0,0.82425,47.0,0.82429,50.0
1753504017008,04:26:57.008,ADA/USDT:USDT,0.82424,116.0,0.8242,122.0,0.82425,47.0,0.82429,50.0
1753504017008,04:26:57.008,ADA/USDT:USDT,0.82424,116.0,0.8242,122.0,0.82425,47.0,0.82429,50.0
1753504017010,04:26:57.010,ADA/USDT:USDT,0.82424,116.0,0.8242,122.0,0.82425,47.0,0.82429,50.0
1753504017083,04:26:57.083,ADA/USDT:USDT,0.82424,116.0,0.8242,122.0,0.82425,47.0,0.82429,50.0
1753504017226,04:26:57.226,ADA/USDT:USDT,0.82424,116.0,0.8242,122.0,0.82425,72.0,0.82429,50.0
1753504017226,04:26:57.226,ADA/USDT:USDT,0.82424,116.0,0.8242,122.0,0.82425,142.0,0.82429,50.0
1753504017227,04:26:57.227,ADA/USDT:USDT,0.82424,116.0,0.8242,122.0,0.82425,142.0,0.82429,50.0
1753504017230,04:26:57.230,ADA/USDT:USDT,0.82424,116.0,0.8242,122.0,0.82425,142.0,0.82429,50.0
1753504017230,04:26:57.230,ADA/USDT:USDT,0.82424,116.0,0.8242,122.0,0.82425,142.0,0.82426,121.0
1753504017230,04:26:57.230,ADA/USDT:USDT,0.82424,116.0,0.8242,122.0,0.82425,142.0,0.82426,121.0
1753504017233,04:26:57.233,ADA/USDT:USDT,0.82424,116.0,0.8242,122.0,0.82425,142.0,0.82426,121.0
1753504017234,04:26:57.234,ADA/USDT:USDT,0.82424,116.0,0.8242,122.0,0.82425,142.0,0.82426,121.0
1753504017238,04:26:57.238,ADA/USDT:USDT,0.82424,116.0,0.8242,70.0,0.82425,142.0,0.82426,121.0
1753504017238,04:26:57.238,ADA/USDT:USDT,0.82424,116.0,0.8242,70.0,0.82425,142.0,0.82426,121.0
1753504017240,04:26:57.240,ADA/USDT:USDT,0.82424,116.0,0.8242,70.0,0.82425,142.0,0.82426,121.0
1753504017242,04:26:57.242,ADA/USDT:USDT,0.82424,116.0,0.8242,70.0,0.82425,142.0,0.82426,121.0
1753504017244,04:26:57.244,ADA/USDT:USDT,0.82424,116.0,0.8242,70.0,0.82425,142.0,0.82426,121.0
1753504017246,04:26:57.246,ADA/USDT:USDT,0.82424,116.0,0.8242,70.0,0.82425,142.0,0.82426,121.0
1753504017247,04:26:57.247,ADA/USDT:USDT,0.82424,116.0,0.8242,70.0,0.82425,142.0,0.82426,121.0
1753504017249,04:26:57.249,ADA/USDT:USDT,0.82424,116.0,0.8242,70.0,0.82425,142.0,0.82426,121.0
1753504017249,04:26:57.249,ADA/USDT:USDT,0.82424,116.0,0.8242,70.0,0.82425,142.0,0.82426,121.0
1753504017252,04:26:57.252,ADA/USDT:USDT,0.82424,116.0,0.8242,70.0,0.82425,142.0,0.82426,121.0
1753504017357,04:26:57.357,ADA/USDT:USDT,0.82424,116.0,0.8242,70.0,0.82425,72.0,0.82426,121.0
1753504017358,04:26:57.358,ADA/USDT:USDT,0.82424,116.0,0.8242,70.0,0.82425,72.0,0.82426,121.0
1753504017358,04:26:57.358,ADA/USDT:USDT,0.82424,116.0,0.8242,70.0,0.82425,72.0,0.82426,121.0
1753504017360,04:26:57.360,ADA/USDT:USDT,0.82424,116.0,0.8242,70.0,0.82425,72.0,0.82429,50.0
1753504017360,04:26:57.360,ADA/USDT:USDT,0.82424,116.0,0.8242,70.0,0.82425,72.0,0.82429,50.0
1753504017363,04:26:57.363,ADA/USDT:USDT,0.82424,116.0,0.8242,70.0,0.82425,72.0,0.82429,50.0
1753504017364,04:26:57.364,ADA/USDT:USDT,0.82424,116.0,0.8242,70.0,0.82425,72.0,0.82429,50.0
1753504017369,04:26:57.369,ADA/USDT:USDT,0.82424,116.0,0.8242,70.0,0.82425,72.0,0.82429,50.0
1753504017373,04:26:57.373,ADA/USDT:USDT,0.82424,116.0,0.8242,70.0,0.82425,72.0,0.82429,50.0
1753504017376,04:26:57.376,ADA/USDT:USDT,0.82424,116.0,0.8242,122.0,0.82425,72.0,0.82429,50.0
1753504017391,04:26:57.391,ADA/USDT:USDT,0.82424,116.0,0.8242,122.0,0.82425,72.0,0.82429,50.0
1753504017444,04:26:57.444,ADA/USDT:USDT,0.82424,116.0,0.8242,122.0,0.82425,72.0,0.82429,50.0
1753504017448,04:26:57.448,ADA/USDT:USDT,0.82424,116.0,0.8242,122.0,0.82425,72.0,0.82429,50.0
1753504017492,04:26:57.492,ADA/USDT:USDT,0.82424,116.0,0.8242,122.0,0.82425,72.0,0.82429,50.0
1753504017497,04:26:57.497,ADA/USDT:USDT,0.82424,116.0,0.8242,122.0,0.82425,72.0,0.82429,50.0
1753504017516,04:26:57.516,ADA/USDT:USDT,0.82424,116.0,0.8242,122.0,0.82425,72.0,0.82429,50.0
1753504017538,04:26:57.538,ADA/USDT:USDT,0.82424,116.0,0.8242,122.0,0.82425,47.0,0.82429,50.0
1753504017557,04:26:57.557,ADA/USDT:USDT,0.82424,116.0,0.8242,122.0,0.82425,47.0,0.82429,50.0
1753504017561,04:26:57.561,ADA/USDT:USDT,0.82424,116.0,0.8242,122.0,0.82425,47.0,0.82429,50.0
1753504017574,04:26:57.574,ADA/USDT:USDT,0.82424,116.0,0.8242,122.0,0.82425,47.0,0.82429,50.0
1753504017578,04:26:57.578,ADA/USDT:USDT,0.82424,116.0,0.8242,122.0,0.82425,47.0,0.82429,50.0
1753504017578,04:26:57.578,ADA/USDT:USDT,0.82424,116.0,0.8242,122.0,0.82425,47.0,0.82429,50.0
1753504017583,04:26:57.583,ADA/USDT:USDT,0.82424,116.0,0.8242,122.0,0.82425,47.0,0.82429,50.0
1753504017584,04:26:57.584,ADA/USDT:USDT,0.82424,116.0,0.8242,122.0,0.82425,47.0,0.82429,50.0
1753504017626,04:26:57.626,ADA/USDT:USDT,0.82424,116.0,0.8242,122.0,0.82429,50.0,0.8243,70.0
1753504017629,04:26:57.629,ADA/USDT:USDT,0.82428,25.0,0.82424,91.0,0.82429,50.0,0.8243,70.0
1753504017630,04:26:57.630,ADA/USDT:USDT,0.82428,95.0,0.82424,91.0,0.82429,50.0,0.8243,70.0
1753504017632,04:26:57.632,ADA/USDT:USDT,0.82428,95.0,0.82424,91.0,0.82429,50.0,0.8243,70.0
1753504017632,04:26:57.632,ADA/USDT:USDT,0.82428,95.0,0.82424,91.0,0.82429,50.0,0.8243,70.0
1753504017634,04:26:57.634,ADA/USDT:USDT,0.82428,95.0,0.82424,91.0,0.8243,70.0,0.82434,346.0
1753504017634,04:26:57.634,ADA/USDT:USDT,0.82428,95.0,0.82424,70.0,0.8243,70.0,0.82434,346.0
1753504017636,04:26:57.636,ADA/USDT:USDT,0.82428,95.0,0.82424,70.0,0.8243,70.0,0.82434,346.0
1753504017636,04:26:57.636,ADA/USDT:USDT,0.82429,25.0,0.82428,70.0,0.8243,70.0,0.82434,346.0
1753504017637,04:26:57.637,ADA/USDT:USDT,0.82429,95.0,0.82428,70.0,0.8243,70.0,0.82434,346.0
1753504017638,04:26:57.638,ADA/USDT:USDT,0.82429,95.0,0.82424,122.0,0.8243,70.0,0.82434,346.0
1753504017640,04:26:57.640,ADA/USDT:USDT,0.82429,95.0,0.82424,122.0,0.8243,70.0,0.82434,346.0
1753504017640,04:26:57.640,ADA/USDT:USDT,0.82429,95.0,0.82424,122.0,0.8243,70.0,0.82434,346.0
1753504017641,04:26:57.641,ADA/USDT:USDT,0.82429,116.0,0.82424,122.0,0.8243,70.0,0.82434,346.0
1753504017641,04:26:57.641,ADA/USDT:USDT,0.82429,116.0,0.82424,122.0,0.8243,70.0,0.82434,346.0
1753504017644,04:26:57.644,ADA/USDT:USDT,0.82429,116.0,0.82425,52.0,0.8243,70.0,0.82434,346.0
1753504017644,04:26:57.644,ADA/USDT:USDT,0.82429,116.0,0.82425,52.0,0.8243,70.0,0.82434,346.0
1753504017645,04:26:57.645,ADA/USDT:USDT,0.82429,116.0,0.82425,52.0,0.8243,70.0,0.82434,346.0
1753504017649,04:26:57.649,ADA/USDT:USDT,0.82429,116.0,0.82425,52.0,0.8243,70.0,0.82434,346.0
1753504017651,04:26:57.651,ADA/USDT:USDT,0.82429,116.0,0.82425,52.0,0.8243,70.0,0.82434,346.0
1753504017655,04:26:57.655,ADA/USDT:USDT,0.82429,116.0,0.82425,52.0,0.8243,70.0,0.82434,346.0
1753504017656,04:26:57.656,ADA/USDT:USDT,0.82429,116.0,0.82425,52.0,0.8243,70.0,0.82434,346.0
1753504017659,04:26:57.659,ADA/USDT:USDT,0.82429,116.0,0.82425,52.0,0.8243,70.0,0.82434,346.0
1753504017663,04:26:57.663,ADA/USDT:USDT,0.82429,116.0,0.82425,52.0,0.82434,346.0,0.82435,123.0
1753504017665,04:26:57.665,ADA/USDT:USDT,0.82429,116.0,0.82425,52.0,0.82434,346.0,0.82435,123.0
1753504017666,04:26:57.666,ADA/USDT:USDT,0.82429,116.0,0.82425,52.0,0.82434,346.0,0.82435,123.0
1753504017668,04:26:57.668,ADA/USDT:USDT,0.82431,70.0,0.82429,116.0,0.82432,70.0,0.82434,346.0
1753504017669,04:26:57.669,ADA/USDT:USDT,0.82431,70.0,0.82429,116.0,0.82432,70.0,0.82434,346.0
1753504017670,04:26:57.670,ADA/USDT:USDT,0.82431,70.0,0.82429,46.0,0.82432,70.0,0.82434,346.0
1753504017670,04:26:57.670,ADA/USDT:USDT,0.82431,70.0,0.82429,46.0,0.82432,70.0,0.82434,346.0
1753504017671,04:26:57.671,ADA/USDT:USDT,0.82431,70.0,0.82429,21.0,0.82432,95.0,0.82434,346.0
1753504017672,04:26:57.672,ADA/USDT:USDT,0.82431,70.0,0.82425,52.0,0.82432,95.0,0.82434,346.0
1753504017672,04:26:57.672,ADA/USDT:USDT,0.82431,70.0,0.82425,52.0,0.82432,95.0,0.82434,346.0
1753504017676,04:26:57.676,ADA/USDT:USDT,0.82431,91.0,0.82427,52.0,0.82432,95.0,0.82434,346.0
1753504017680,04:26:57.680,ADA/USDT:USDT,0.82431,116.0,0.82427,52.0,0.82432,95.0,0.82434,346.0
1753504017707,04:26:57.707,ADA/USDT:USDT,0.82431,116.0,0.82427,52.0,0.82432,95.0,0.82434,346.0
1753504017708,04:26:57.708,ADA/USDT:USDT,0.82431,116.0,0.82427,52.0,0.82432,95.0,0.82434,346.0
1753504017721,04:26:57.721,ADA/USDT:USDT,0.82431,116.0,0.82427,52.0,0.82432,95.0,0.82434,346.0
1753504017728,04:26:57.728,ADA/USDT:USDT,0.82431,116.0,0.82427,52.0,0.82432,95.0,0.82434,346.0
1753504017735,04:26:57.735,ADA/USDT:USDT,0.82431,116.0,0.82427,52.0,0.82432,95.0,0.82434,346.0
1753504017753,04:26:57.753,ADA/USDT:USDT,0.82431,116.0,0.82427,52.0,0.82432,95.0,0.82434,346.0
1753504017756,04:26:57.756,ADA/USDT:USDT,0.82431,116.0,0.82427,52.0,0.82432,95.0,0.82434,346.0
1753504017758,04:26:57.758,ADA/USDT:USDT,0.82431,116.0,0.82427,52.0,0.82432,95.0,0.82434,346.0
1753504017758,04:26:57.758,ADA/USDT:USDT,0.82431,116.0,0.82427,52.0,0.82432,95.0,0.82434,346.0
1753504017760,04:26:57.760,ADA/USDT:USDT,0.82431,116.0,0.82427,52.0,0.82432,95.0,0.82434,346.0
1753504017764,04:26:57.764,ADA/USDT:USDT,0.82431,116.0,0.82427,52.0,0.82432,95.0,0.82434,346.0
1753504017786,04:26:57.786,ADA/USDT:USDT,0.82431,116.0,0.82427,52.0,0.82432,25.0,0.82434,346.0
1753504017791,04:26:57.791,ADA/USDT:USDT,0.82431,116.0,0.82427,52.0,0.82432,25.0,0.82434,346.0
1753504017802,04:26:57.802,ADA/USDT:USDT,0.82431,116.0,0.82427,52.0,0.82432,25.0,0.82434,346.0
1753504017806,04:26:57.806,ADA/USDT:USDT,0.82431,116.0,0.82427,52.0,0.82432,25.0,0.82434,346.0
1753504017809,04:26:57.809,ADA/USDT:USDT,0.82431,116.0,0.82427,52.0,0.82432,25.0,0.82434,346.0
1753504017811,04:26:57.811,ADA/USDT:USDT,0.82431,116.0,0.82427,52.0,0.82432,25.0,0.82436,842.0
1753504017815,04:26:57.815,ADA/USDT:USDT,0.82431,116.0,0.82427,52.0,0.82432,25.0,0.82436,842.0
1753504017819,04:26:57.819,ADA/USDT:USDT,0.82431,116.0,0.82427,52.0,0.82432,25.0,0.82436,842.0
1753504017820,04:26:57.820,ADA/USDT:USDT,0.82431,116.0,0.82427,52.0,0.82432,25.0,0.82436,842.0
1753504017820,04:26:57.820,ADA/USDT:USDT,0.82431,116.0,0.82427,52.0,0.82432,25.0,0.82436,842.0
1753504017827,04:26:57.827,ADA/USDT:USDT,0.82431,116.0,0.82427,52.0,0.82432,25.0,0.82436,842.0
1753504017846,04:26:57.846,ADA/USDT:USDT,0.82431,116.0,0.82427,52.0,0.82432,25.0,0.82436,842.0
1753504017855,04:26:57.855,ADA/USDT:USDT,0.82431,116.0,0.82427,52.0,0.82432,25.0,0.82436,842.0
1753504017931,04:26:57.931,ADA/USDT:USDT,0.82431,116.0,0.82427,52.0,0.82432,25.0,0.82436,842.0
1753504017931,04:26:57.931,ADA/USDT:USDT,0.82431,116.0,0.82427,52.0,0.82432,25.0,0.82436,842.0
1753504017936,04:26:57.936,ADA/USDT:USDT,0.82431,116.0,0.82427,52.0,0.82432,25.0,0.82436,842.0
1753504017941,04:26:57.941,ADA/USDT:USDT,0.82431,116.0,0.82427,52.0,0.82432,25.0,0.82436,842.0
1753504017982,04:26:57.982,ADA/USDT:USDT,0.82431,116.0,0.82427,52.0,0.82432,25.0,0.82436,842.0
1753504017987,04:26:57.987,ADA/USDT:USDT,0.82431,116.0,0.82427,52.0,0.82432,25.0,0.82436,842.0
1753504018032,04:26:58.032,ADA/USDT:USDT,0.82431,116.0,0.82427,52.0,0.82432,95.0,0.82436,842.0
1753504018058,04:26:58.058,ADA/USDT:USDT,0.82431,116.0,0.82427,52.0,0.82432,25.0,0.82436,842.0
1753504018059,04:26:58.059,ADA/USDT:USDT,0.82431,116.0,0.82427,52.0,0.82432,25.0,0.82436,842.0
1753504018060,04:26:58.060,ADA/USDT:USDT,0.82431,116.0,0.82427,52.0,0.82432,25.0,0.82436,842.0
1753504018062,04:26:58.062,ADA/USDT:USDT,0.82431,116.0,0.82427,52.0,0.82432,25.0,0.82436,842.0
1753504018084,04:26:58.084,ADA/USDT:USDT,0.82431,116.0,0.82427,52.0,0.82432,25.0,0.82436,842.0
1753504018122,04:26:58.122,ADA/USDT:USDT,0.82431,116.0,0.82427,52.0,0.82432,25.0,0.82436,842.0
1753504018147,04:26:58.147,ADA/USDT:USDT,0.82431,116.0,0.82427,52.0,0.82432,25.0,0.82436,842.0
1753504018153,04:26:58.153,ADA/USDT:USDT,0.82431,116.0,0.82427,52.0,0.82432,25.0,0.82436,842.0
1753504018157,04:26:58.157,ADA/USDT:USDT,0.82431,116.0,0.82427,52.0,0.82432,25.0,0.82436,842.0
1753504018161,04:26:58.161,ADA/USDT:USDT,0.82431,116.0,0.82427,52.0,0.82432,25.0,0.82436,842.0
1753504018166,04:26:58.166,ADA/USDT:USDT,0.82431,116.0,0.82427,52.0,0.82432,25.0,0.82436,842.0
1753504018171,04:26:58.171,ADA/USDT:USDT,0.82431,116.0,0.82427,52.0,0.82432,25.0,0.82436,842.0
1753504018182,04:26:58.182,ADA/USDT:USDT,0.82431,116.0,0.82427,52.0,0.82432,25.0,0.82436,842.0
1753504018259,04:26:58.259,ADA/USDT:USDT,0.82431,116.0,0.82427,52.0,0.82432,25.0,0.82436,842.0
1753504018263,04:26:58.263,ADA/USDT:USDT,0.82431,116.0,0.82427,52.0,0.82432,25.0,0.82436,842.0
1753504018267,04:26:58.267,ADA/USDT:USDT,0.82431,116.0,0.82427,52.0,0.82432,25.0,0.82436,842.0
1753504018270,04:26:58.270,ADA/USDT:USDT,0.82431,116.0,0.82427,52.0,0.82432,25.0,0.82436,842.0
1753504018270,04:26:58.270,ADA/USDT:USDT,0.82431,116.0,0.82427,52.0,0.82432,25.0,0.82436,842.0
1753504018271,04:26:58.271,ADA/USDT:USDT,0.82431,116.0,0.82427,52.0,0.82432,25.0,0.82436,842.0
1753504018274,04:26:58.274,ADA/USDT:USDT,0.82431,116.0,0.82427,52.0,0.82432,25.0,0.82436,842.0
1753504018274,04:26:58.274,ADA/USDT:USDT,0.82431,116.0,0.82427,52.0,0.82432,25.0,0.82436,842.0
1753504018278,04:26:58.278,ADA/USDT:USDT,0.82431,116.0,0.82427,52.0,0.82432,25.0,0.82436,842.0
1753504018279,04:26:58.279,ADA/USDT:USDT,0.82431,116.0,0.82427,52.0,0.82432,25.0,0.82436,842.0
1753504018283,04:26:58.283,ADA/USDT:USDT,0.82431,116.0,0.82427,52.0,0.82432,25.0,0.82436,842.0
1753504018283,04:26:58.283,ADA/USDT:USDT,0.82431,116.0,0.82427,52.0,0.82432,25.0,0.82436,842.0
1753504018287,04:26:58.287,ADA/USDT:USDT,0.82431,116.0,0.82427,52.0,0.82432,25.0,0.82436,842.0
1753504018288,04:26:58.288,ADA/USDT:USDT,0.82431,116.0,0.82427,52.0,0.82432,25.0,0.82436,842.0
1753504018289,04:26:58.289,ADA/USDT:USDT,0.82431,116.0,0.82427,52.0,0.82432,25.0,0.82436,842.0
1753504018294,04:26:58.294,ADA/USDT:USDT,0.82431,116.0,0.82427,52.0,0.82432,25.0,0.82436,842.0
1753504018296,04:26:58.296,ADA/USDT:USDT,0.82431,116.0,0.82427,52.0,0.82432,25.0,0.82436,842.0
1753504018300,04:26:58.300,ADA/USDT:USDT,0.82431,116.0,0.82427,52.0,0.82432,25.0,0.82436,842.0
1753504018304,04:26:58.304,ADA/USDT:USDT,0.82431,116.0,0.82427,52.0,0.82432,25.0,0.82436,842.0
1753504018305,04:26:58.305,ADA/USDT:USDT,0.82431,116.0,0.82427,52.0,0.82432,25.0,0.82436,842.0
1753504018306,04:26:58.306,ADA/USDT:USDT,0.82431,116.0,0.82427,52.0,0.82432,25.0,0.82436,842.0
1753504018308,04:26:58.308,ADA/USDT:USDT,0.82431,116.0,0.82427,52.0,0.82432,25.0,0.82436,842.0
1753504018310,04:26:58.310,ADA/USDT:USDT,0.82431,116.0,0.82427,52.0,0.82432,25.0,0.82436,842.0
1753504018312,04:26:58.312,ADA/USDT:USDT,0.82431,116.0,0.82427,52.0,0.82432,25.0,0.82436,842.0
1753504018312,04:26:58.312,ADA/USDT:USDT,0.82431,116.0,0.82427,52.0,0.82432,25.0,0.82436,842.0
1753504018314,04:26:58.314,ADA/USDT:USDT,0.82431,116.0,0.82427,52.0,0.82432,25.0,0.82436,842.0
1753504018315,04:26:58.315,ADA/USDT:USDT,0.82431,116.0,0.82427,52.0,0.82432,25.0,0.82436,842.0
1753504018319,04:26:58.319,ADA/USDT:USDT,0.82431,116.0,0.82427,52.0,0.82432,25.0,0.82436,842.0
1753504018369,04:26:58.369,ADA/USDT:USDT,0.82431,116.0,0.82427,52.0,0.82432,25.0,0.8244,71.0
1753504018373,04:26:58.373,ADA/USDT:USDT,0.82431,116.0,0.82427,52.0,0.82432,25.0,0.8244,71.0
1753504018378,04:26:58.378,ADA/USDT:USDT,0.82431,116.0,0.82427,52.0,0.82432,25.0,0.8244,71.0
1753504018379,04:26:58.379,ADA/USDT:USDT,0.82431,116.0,0.82427,52.0,0.82432,25.0,0.8244,71.0
1753504018382,04:26:58.382,ADA/USDT:USDT,0.82431,116.0,0.82427,52.0,0.82432,25.0,0.8244,71.0
1753504018385,04:26:58.385,ADA/USDT:USDT,0.82431,116.0,0.82427,52.0,0.82432,25.0,0.8244,71.0
1753504018406,04:26:58.406,ADA/USDT:USDT,0.82431,116.0,0.82427,52.0,0.82432,25.0,0.8244,71.0
1753504018408,04:26:58.408,ADA/USDT:USDT,0.82431,116.0,0.82427,52.0,0.82432,25.0,0.8244,71.0
1753504018419,04:26:58.419,ADA/USDT:USDT,0.82431,116.0,0.82427,52.0,0.8244,71.0,0.82442,842.0
1753504018421,04:26:58.421,ADA/USDT:USDT,0.82435,70.0,0.82431,116.0,0.8244,71.0,0.82442,842.0
1753504018423,04:26:58.423,ADA/USDT:USDT,0.82435,70.0,0.82431,116.0,0.8244,71.0,0.82442,842.0
1753504018425,04:26:58.425,ADA/USDT:USDT,0.82435,70.0,0.82431,91.0,0.8244,71.0,0.82442,842.0
1753504018427,04:26:58.427,ADA/USDT:USDT,0.82439,25.0,0.82435,70.0,0.8244,71.0,0.82442,842.0
1753504018427,04:26:58.427,ADA/USDT:USDT,0.82439,25.0,0.82435,70.0,0.8244,71.0,0.82442,842.0
1753504018427,04:26:58.427,ADA/USDT:USDT,0.82439,25.0,0.82435,70.0,0.8244,71.0,0.82442,842.0
1753504018429,04:26:58.429,ADA/USDT:USDT,0.82439,25.0,0.82435,70.0,0.8244,71.0,0.82442,842.0
1753504018429,04:26:58.429,ADA/USDT:USDT,0.82439,25.0,0.82436,21.0,0.8244,71.0,0.82442,842.0
1753504018429,04:26:58.429,ADA/USDT:USDT,0.82439,25.0,0.82436,21.0,0.8244,71.0,0.82441,121.0
1753504018430,04:26:58.430,ADA/USDT:USDT,0.82439,25.0,0.82436,21.0,0.8244,71.0,0.82441,121.0
1753504018432,04:26:58.432,ADA/USDT:USDT,0.82439,25.0,0.82436,91.0,0.8244,71.0,0.82441,121.0
1753504018432,04:26:58.432,ADA/USDT:USDT,0.82439,25.0,0.82436,91.0,0.8244,71.0,0.82441,121.0
1753504018433,04:26:58.433,ADA/USDT:USDT,0.82439,25.0,0.82436,91.0,0.8244,71.0,0.82441,121.0
1753504018433,04:26:58.433,ADA/USDT:USDT,0.82439,25.0,0.82436,91.0,0.8244,71.0,0.82441,121.0
1753504018434,04:26:58.434,ADA/USDT:USDT,0.82439,25.0,0.82436,91.0,0.8244,71.0,0.82441,121.0
1753504018435,04:26:58.435,ADA/USDT:USDT,0.82439,25.0,0.82436,91.0,0.8244,71.0,0.82441,121.0
1753504018436,04:26:58.436,ADA/USDT:USDT,0.82439,25.0,0.82436,91.0,0.8244,71.0,0.82441,121.0
1753504018437,04:26:58.437,ADA/USDT:USDT,0.82439,25.0,0.82436,91.0,0.8244,71.0,0.82441,121.0
1753504018438,04:26:58.438,ADA/USDT:USDT,0.82439,25.0,0.82436,91.0,0.8244,71.0,0.82441,121.0
1753504018439,04:26:58.439,ADA/USDT:USDT,0.82439,25.0,0.82436,91.0,0.8244,71.0,0.82441,121.0
1753504018440,04:26:58.440,ADA/USDT:USDT,0.82439,25.0,0.82436,91.0,0.8244,71.0,0.82441,121.0
1753504018440,04:26:58.440,ADA/USDT:USDT,0.82439,25.0,0.82436,91.0,0.8244,71.0,0.82441,121.0
1753504018441,04:26:58.441,ADA/USDT:USDT,0.82439,25.0,0.82436,91.0,0.8244,71.0,0.82441,121.0
1753504018442,04:26:58.442,ADA/USDT:USDT,0.82439,25.0,0.82436,91.0,0.8244,71.0,0.82441,121.0
1753504018444,04:26:58.444,ADA/USDT:USDT,0.82439,25.0,0.82436,91.0,0.8244,71.0,0.82441,121.0
1753504018445,04:26:58.445,ADA/USDT:USDT,0.82439,25.0,0.82436,91.0,0.8244,71.0,0.82441,121.0
1753504018447,04:26:58.447,ADA/USDT:USDT,0.82439,25.0,0.82436,91.0,0.8244,71.0,0.82441,121.0
1753504018447,04:26:58.447,ADA/USDT:USDT,0.82439,25.0,0.82436,91.0,0.8244,71.0,0.82441,121.0
1753504018449,04:26:58.449,ADA/USDT:USDT,0.82439,25.0,0.82436,91.0,0.8244,71.0,0.82441,121.0
1753504018449,04:26:58.449,ADA/USDT:USDT,0.82439,25.0,0.82436,91.0,0.8244,71.0,0.82441,121.0
1753504018450,04:26:58.450,ADA/USDT:USDT,0.82439,25.0,0.82436,91.0,0.8244,96.0,0.82441,121.0
1753504018450,04:26:58.450,ADA/USDT:USDT,0.82439,25.0,0.82436,91.0,0.8244,96.0,0.82441,121.0
1753504018452,04:26:58.452,ADA/USDT:USDT,0.82439,25.0,0.82436,91.0,0.8244,96.0,0.82441,121.0
1753504018456,04:26:58.456,ADA/USDT:USDT,0.82439,25.0,0.82436,91.0,0.8244,71.0,0.82441,121.0
1753504018457,04:26:58.457,ADA/USDT:USDT,0.82439,25.0,0.82436,91.0,0.8244,71.0,0.82441,121.0
1753504018458,04:26:58.458,ADA/USDT:USDT,0.82439,95.0,0.82436,21.0,0.8244,71.0,0.82441,121.0
1753504018458,04:26:58.458,ADA/USDT:USDT,0.82439,95.0,0.82436,21.0,0.8244,71.0,0.82441,121.0
1753504018459,04:26:58.459,ADA/USDT:USDT,0.82439,95.0,0.82436,21.0,0.8244,71.0,0.82441,121.0
1753504018459,04:26:58.459,ADA/USDT:USDT,0.82439,95.0,0.82436,21.0,0.8244,71.0,0.82441,121.0
1753504018459,04:26:58.459,ADA/USDT:USDT,0.82439,95.0,0.82436,21.0,0.8244,71.0,0.82441,121.0
1753504018459,04:26:58.459,ADA/USDT:USDT,0.82439,95.0,0.82436,21.0,0.8244,71.0,0.82441,121.0
1753504018459,04:26:58.459,ADA/USDT:USDT,0.82439,95.0,0.82436,21.0,0.8244,71.0,0.82441,121.0
1753504018459,04:26:58.459,ADA/USDT:USDT,0.82439,95.0,0.82436,21.0,0.8244,71.0,0.82441,121.0
1753504018459,04:26:58.459,ADA/USDT:USDT,0.82439,95.0,0.82436,21.0,0.8244,71.0,0.82441,121.0
1753504018460,04:26:58.460,ADA/USDT:USDT,0.82439,95.0,0.82436,21.0,0.8244,71.0,0.82441,121.0
1753504018460,04:26:58.460,ADA/USDT:USDT,0.82439,95.0,0.82435,52.0,0.8244,71.0,0.82441,121.0
1753504018461,04:26:58.461,ADA/USDT:USDT,0.82439,95.0,0.82435,52.0,0.8244,71.0,0.82441,121.0
1753504018463,04:26:58.463,ADA/USDT:USDT,0.82439,95.0,0.82433,52.0,0.8244,71.0,0.82441,121.0
1753504018463,04:26:58.463,ADA/USDT:USDT,0.82439,95.0,0.82433,52.0,0.8244,71.0,0.82441,121.0
1753504018463,04:26:58.463,ADA/USDT:USDT,0.82439,95.0,0.82433,52.0,0.8244,71.0,0.82441,121.0
1753504018464,04:26:58.464,ADA/USDT:USDT,0.82439,95.0,0.82433,52.0,0.8244,71.0,0.82441,121.0
1753504018464,04:26:58.464,ADA/USDT:USDT,0.82439,116.0,0.82433,52.0,0.8244,71.0,0.82441,121.0
1753504018465,04:26:58.465,ADA/USDT:USDT,0.82439,116.0,0.82433,52.0,0.8244,71.0,0.82441,121.0
1753504018466,04:26:58.466,ADA/USDT:USDT,0.82439,116.0,0.82435,52.0,0.8244,71.0,0.82441,121.0
1753504018467,04:26:58.467,ADA/USDT:USDT,0.82439,116.0,0.82435,52.0,0.8244,71.0,0.82441,121.0
1753504018467,04:26:58.467,ADA/USDT:USDT,0.82439,116.0,0.82435,52.0,0.8244,71.0,0.82441,121.0
1753504018469,04:26:58.469,ADA/USDT:USDT,0.82439,116.0,0.82435,52.0,0.8244,71.0,0.82441,121.0
1753504018471,04:26:58.471,ADA/USDT:USDT,0.82439,116.0,0.82435,52.0,0.8244,71.0,0.82441,121.0
1753504018473,04:26:58.473,ADA/USDT:USDT,0.82439,116.0,0.82435,52.0,0.8244,71.0,0.82441,121.0
1753504018474,04:26:58.474,ADA/USDT:USDT,0.82439,116.0,0.82435,52.0,0.8244,71.0,0.82441,121.0
1753504018474,04:26:58.474,ADA/USDT:USDT,0.82439,116.0,0.82435,52.0,0.8244,71.0,0.82441,121.0
1753504018478,04:26:58.478,ADA/USDT:USDT,0.82439,116.0,0.82435,52.0,0.8244,71.0,0.82441,121.0
1753504018479,04:26:58.479,ADA/USDT:USDT,0.82439,116.0,0.82435,52.0,0.8244,71.0,0.82441,121.0
1753504018479,04:26:58.479,ADA/USDT:USDT,0.82439,116.0,0.82435,52.0,0.8244,71.0,0.82441,121.0
1753504018481,04:26:58.481,ADA/USDT:USDT,0.82439,116.0,0.82435,52.0,0.8244,71.0,0.82441,121.0
1753504018482,04:26:58.482,ADA/USDT:USDT,0.82439,116.0,0.82435,52.0,0.8244,71.0,0.82441,121.0
1753504018484,04:26:58.484,ADA/USDT:USDT,0.82439,116.0,0.82435,52.0,0.8244,71.0,0.82441,121.0
1753504018485,04:26:58.485,ADA/USDT:USDT,0.82439,116.0,0.82435,52.0,0.8244,71.0,0.82441,121.0
1753504018485,04:26:58.485,ADA/USDT:USDT,0.82439,116.0,0.82435,52.0,0.8244,71.0,0.82441,121.0
1753504018486,04:26:58.486,ADA/USDT:USDT,0.82439,116.0,0.82435,52.0,0.8244,71.0,0.82441,121.0
1753504018487,04:26:58.487,ADA/USDT:USDT,0.82439,116.0,0.82435,52.0,0.8244,71.0,0.82441,121.0
1753504018490,04:26:58.490,ADA/USDT:USDT,0.82439,116.0,0.82435,52.0,0.8244,71.0,0.82441,121.0
1753504018492,04:26:58.492,ADA/USDT:USDT,0.82439,116.0,0.82435,52.0,0.8244,71.0,0.82441,121.0
1753504018498,04:26:58.498,ADA/USDT:USDT,0.82439,116.0,0.82435,52.0,0.8244,71.0,0.82441,121.0
1753504018503,04:26:58.503,ADA/USDT:USDT,0.82439,116.0,0.82435,52.0,0.8244,71.0,0.82441,121.0
1753504018503,04:26:58.503,ADA/USDT:USDT,0.82439,116.0,0.82435,52.0,0.8244,71.0,0.82441,121.0
1753504018505,04:26:58.505,ADA/USDT:USDT,0.82439,116.0,0.82435,52.0,0.8244,71.0,0.82441,121.0
1753504018507,04:26:58.507,ADA/USDT:USDT,0.82439,116.0,0.82435,52.0,0.8244,71.0,0.82441,121.0
1753504018508,04:26:58.508,ADA/USDT:USDT,0.82439,116.0,0.82435,52.0,0.8244,71.0,0.82441,121.0
1753504018511,04:26:58.511,ADA/USDT:USDT,0.82439,116.0,0.82435,52.0,0.8244,71.0,0.82441,121.0
1753504018511,04:26:58.511,ADA/USDT:USDT,0.82439,116.0,0.82435,52.0,0.8244,71.0,0.82441,121.0
1753504018512,04:26:58.512,ADA/USDT:USDT,0.82439,116.0,0.82435,52.0,0.8244,71.0,0.82441,121.0
1753504018512,04:26:58.512,ADA/USDT:USDT,0.82439,116.0,0.82435,52.0,0.8244,71.0,0.82441,121.0
1753504018513,04:26:58.513,ADA/USDT:USDT,0.82439,116.0,0.82435,52.0,0.8244,71.0,0.82441,121.0
1753504018515,04:26:58.515,ADA/USDT:USDT,0.82439,116.0,0.82435,52.0,0.8244,71.0,0.82441,121.0
1753504018516,04:26:58.516,ADA/USDT:USDT,0.82439,116.0,0.82435,52.0,0.8244,71.0,0.82441,121.0
1753504018518,04:26:58.518,ADA/USDT:USDT,0.82439,116.0,0.82435,52.0,0.8244,71.0,0.82441,121.0
1753504018520,04:26:58.520,ADA/USDT:USDT,0.82439,116.0,0.82435,52.0,0.8244,71.0,0.82441,121.0
1753504018522,04:26:58.522,ADA/USDT:USDT,0.82439,116.0,0.82435,52.0,0.8244,71.0,0.82441,121.0
1753504018523,04:26:58.523,ADA/USDT:USDT,0.82439,116.0,0.82435,52.0,0.8244,71.0,0.82441,121.0
1753504018524,04:26:58.524,ADA/USDT:USDT,0.82439,116.0,0.82435,52.0,0.8244,71.0,0.82441,121.0
1753504018526,04:26:58.526,ADA/USDT:USDT,0.82439,116.0,0.82435,52.0,0.8244,71.0,0.82441,121.0
1753504018527,04:26:58.527,ADA/USDT:USDT,0.82439,116.0,0.82435,52.0,0.8244,71.0,0.82441,121.0
1753504018528,04:26:58.528,ADA/USDT:USDT,0.82439,116.0,0.82435,52.0,0.8244,71.0,0.82441,121.0
1753504018528,04:26:58.528,ADA/USDT:USDT,0.82439,116.0,0.82435,52.0,0.8244,71.0,0.82441,121.0
1753504018528,04:26:58.528,ADA/USDT:USDT,0.82439,116.0,0.82435,52.0,0.8244,71.0,0.82441,121.0
1753504018532,04:26:58.532,ADA/USDT:USDT,0.82439,116.0,0.82435,52.0,0.8244,71.0,0.82441,121.0
1753504018533,04:26:58.533,ADA/USDT:USDT,0.82439,116.0,0.82435,52.0,0.8244,71.0,0.82441,121.0
1753504018533,04:26:58.533,ADA/USDT:USDT,0.82439,116.0,0.82435,52.0,0.8244,71.0,0.82441,121.0
1753504018543,04:26:58.543,ADA/USDT:USDT,0.82439,116.0,0.82435,52.0,0.8244,71.0,0.82441,121.0
1753504018546,04:26:58.546,ADA/USDT:USDT,0.82439,116.0,0.82435,52.0,0.8244,71.0,0.82441,121.0
1753504018547,04:26:58.547,ADA/USDT:USDT,0.82439,116.0,0.82435,52.0,0.8244,71.0,0.82441,121.0
1753504018547,04:26:58.547,ADA/USDT:USDT,0.82439,116.0,0.82435,52.0,0.8244,71.0,0.82441,121.0
1753504018559,04:26:58.559,ADA/USDT:USDT,0.82439,116.0,0.82435,52.0,0.8244,71.0,0.82441,121.0
1753504018564,04:26:58.564,ADA/USDT:USDT,0.82439,116.0,0.82435,52.0,0.8244,71.0,0.82441,121.0
1753504018565,04:26:58.565,ADA/USDT:USDT,0.82439,116.0,0.82435,52.0,0.8244,71.0,0.82441,121.0
1753504018569,04:26:58.569,ADA/USDT:USDT,0.82439,116.0,0.82435,52.0,0.8244,71.0,0.82441,121.0
1753504018572,04:26:58.572,ADA/USDT:USDT,0.82439,116.0,0.82435,52.0,0.8244,71.0,0.82441,121.0
1753504018572,04:26:58.572,ADA/USDT:USDT,0.82439,116.0,0.82435,52.0,0.8244,71.0,0.82441,121.0
1753504018576,04:26:58.576,ADA/USDT:USDT,0.82439,116.0,0.82435,52.0,0.8244,71.0,0.82441,121.0
1753504018581,04:26:58.581,ADA/USDT:USDT,0.82439,116.0,0.82435,52.0,0.8244,71.0,0.82441,121.0
1753504018581,04:26:58.581,ADA/USDT:USDT,0.82439,116.0,0.82435,52.0,0.8244,71.0,0.82441,121.0
1753504018585,04:26:58.585,ADA/USDT:USDT,0.82439,116.0,0.82435,52.0,0.8244,71.0,0.82441,121.0
1753504018640,04:26:58.640,ADA/USDT:USDT,0.82439,116.0,0.82435,52.0,0.8244,71.0,0.82441,121.0
1753504018644,04:26:58.644,ADA/USDT:USDT,0.82439,116.0,0.82435,52.0,0.8244,71.0,0.82441,121.0
1753504018649,04:26:58.649,ADA/USDT:USDT,0.82439,116.0,0.82435,52.0,0.8244,71.0,0.82441,121.0
1753504018653,04:26:58.653,ADA/USDT:USDT,0.82439,116.0,0.82435,52.0,0.8244,71.0,0.82441,121.0
1753504018656,04:26:58.656,ADA/USDT:USDT,0.82439,116.0,0.82435,52.0,0.8244,71.0,0.82441,121.0
1753504018695,04:26:58.695,ADA/USDT:USDT,0.82439,116.0,0.82435,52.0,0.8244,71.0,0.82441,121.0
1753504018697,04:26:58.697,ADA/USDT:USDT,0.82439,116.0,0.82435,52.0,0.8244,71.0,0.82441,121.0
1753504018697,04:26:58.697,ADA/USDT:USDT,0.82439,116.0,0.82435,52.0,0.8244,71.0,0.82441,121.0
1753504018698,04:26:58.698,ADA/USDT:USDT,0.82439,116.0,0.82435,52.0,0.8244,71.0,0.82441,121.0
1753504018700,04:26:58.700,ADA/USDT:USDT,0.82439,116.0,0.82435,52.0,0.8244,71.0,0.82441,121.0
1753504018701,04:26:58.701,ADA/USDT:USDT,0.82439,116.0,0.82435,52.0,0.8244,71.0,0.82441,121.0
1753504018707,04:26:58.707,ADA/USDT:USDT,0.82439,116.0,0.82435,52.0,0.8244,71.0,0.82441,121.0
1753504018761,04:26:58.761,ADA/USDT:USDT,0.82439,116.0,0.82435,52.0,0.8244,71.0,0.82441,121.0
1753504018767,04:26:58.767,ADA/USDT:USDT,0.82439,116.0,0.82435,52.0,0.8244,71.0,0.82441,121.0
1753504018773,04:26:58.773,ADA/USDT:USDT,0.82439,116.0,0.82435,52.0,0.8244,71.0,0.82441,121.0
1753504018835,04:26:58.835,ADA/USDT:USDT,0.82439,116.0,0.82435,52.0,0.82441,121.0,0.82442,842.0
1753504018840,04:26:58.840,ADA/USDT:USDT,0.8244,95.0,0.82439,116.0,0.82442,842.0,0.82445,166.0
1753504018840,04:26:58.840,ADA/USDT:USDT,0.8244,95.0,0.82439,21.0,0.82442,842.0,0.82445,166.0
