timestamp,time,symbol,bid1_price,bid1_volume,bid2_price,bid2_volume,ask1_price,ask1_volume,ask2_price,ask2_volume
1753503734122,04:22:14.122,ADA/USDT:USDT,0.8249,7545.0,0.8248,90854.0,0.825,12679.0,0.8251,69128.0
1753503734222,04:22:14.222,ADA/USDT:USDT,0.8249,7545.0,0.8248,83837.0,0.825,13079.0,0.8251,72833.0
1753503734422,04:22:14.422,ADA/USDT:USDT,0.8249,7545.0,0.8248,83837.0,0.825,13079.0,0.8251,72833.0
1753503734522,04:22:14.522,ADA/USDT:USDT,0.8249,7545.0,0.8248,83837.0,0.825,13207.0,0.8251,72833.0
1753503734622,04:22:14.622,ADA/USDT:USDT,0.8249,7528.0,0.8248,83837.0,0.825,13081.0,0.8251,75433.0
1753503734722,04:22:14.722,ADA/USDT:USDT,0.8249,7528.0,0.8248,83837.0,0.825,13081.0,0.8251,73980.0
1753503734822,04:22:14.822,ADA/USDT:USDT,0.8249,7528.0,0.8248,83837.0,0.825,13081.0,0.8251,73980.0
1753503734922,04:22:14.922,ADA/USDT:USDT,0.8249,7528.0,0.8248,83837.0,0.825,11123.0,0.8251,73980.0
1753503735023,04:22:15.023,ADA/USDT:USDT,0.8249,7528.0,0.8248,83837.0,0.825,12291.0,0.8251,73980.0
1753503735123,04:22:15.123,ADA/USDT:USDT,0.8249,13528.0,0.8248,83837.0,0.825,11312.0,0.8251,73980.0
1753503735222,04:22:15.222,ADA/USDT:USDT,0.8249,13528.0,0.8248,83837.0,0.825,12118.0,0.8251,73980.0
1753503735323,04:22:15.323,ADA/USDT:USDT,0.8249,13528.0,0.8248,83837.0,0.825,14076.0,0.8251,73980.0
1753503735423,04:22:15.423,ADA/USDT:USDT,0.8249,13528.0,0.8248,83837.0,0.825,12118.0,0.8251,73980.0
1753503735523,04:22:15.523,ADA/USDT:USDT,0.8249,7528.0,0.8248,83837.0,0.825,12112.0,0.8251,73980.0
1753503735622,04:22:15.622,ADA/USDT:USDT,0.8249,7528.0,0.8248,83837.0,0.825,13091.0,0.8251,73980.0
1753503735722,04:22:15.722,ADA/USDT:USDT,0.8249,7528.0,0.8248,83837.0,0.825,14092.0,0.8251,73980.0
1753503735822,04:22:15.822,ADA/USDT:USDT,0.8249,7528.0,0.8248,83837.0,0.825,12134.0,0.8251,73980.0
1753503735922,04:22:15.922,ADA/USDT:USDT,0.8249,7528.0,0.8248,83837.0,0.825,14092.0,0.8251,73980.0
1753503736023,04:22:16.023,ADA/USDT:USDT,0.8249,7528.0,0.8248,83837.0,0.825,14092.0,0.8251,73980.0
1753503736122,04:22:16.122,ADA/USDT:USDT,0.8249,13528.0,0.8248,83837.0,0.825,14092.0,0.8251,73980.0
1753503736222,04:22:16.222,ADA/USDT:USDT,0.8249,13528.0,0.8248,90405.0,0.825,11673.0,0.8251,73980.0
1753503736322,04:22:16.322,ADA/USDT:USDT,0.8249,13528.0,0.8248,90405.0,0.825,11676.0,0.8251,72768.0
1753503736422,04:22:16.422,ADA/USDT:USDT,0.8249,13528.0,0.8248,90405.0,0.825,11676.0,0.8251,72768.0
1753503736523,04:22:16.523,ADA/USDT:USDT,0.8249,13528.0,0.8248,83837.0,0.825,11678.0,0.8251,72768.0
1753503736623,04:22:16.623,ADA/USDT:USDT,0.8249,13528.0,0.8248,83837.0,0.825,13690.0,0.8251,72768.0
1753503736722,04:22:16.722,ADA/USDT:USDT,0.8249,13528.0,0.8248,84867.0,0.825,13690.0,0.8251,72768.0
1753503736822,04:22:16.822,ADA/USDT:USDT,0.8249,13528.0,0.8248,87467.0,0.825,10983.0,0.8251,72768.0
1753503736922,04:22:16.922,ADA/USDT:USDT,0.8249,13528.0,0.8248,87467.0,0.825,10983.0,0.8251,72768.0
1753503737022,04:22:17.022,ADA/USDT:USDT,0.8249,13528.0,0.8248,89425.0,0.825,10983.0,0.8251,72768.0
1753503737122,04:22:17.122,ADA/USDT:USDT,0.8249,13528.0,0.8248,89425.0,0.825,10983.0,0.8251,71935.0
1753503737222,04:22:17.222,ADA/USDT:USDT,0.8249,13528.0,0.8248,87467.0,0.825,11962.0,0.8251,71935.0
1753503737323,04:22:17.323,ADA/USDT:USDT,0.8249,7528.0,0.8248,29652.0,0.825,16290.0,0.8251,75251.0
1753503737423,04:22:17.423,ADA/USDT:USDT,0.8249,6032.0,0.8248,18465.0,0.825,18195.0,0.8251,83901.0
1753503737522,04:22:17.522,ADA/USDT:USDT,0.8249,6032.0,0.8248,8733.0,0.825,18195.0,0.8251,83901.0
1753503737622,04:22:17.622,ADA/USDT:USDT,0.8249,6032.0,0.8248,11216.0,0.825,18195.0,0.8251,83901.0
1753503737722,04:22:17.722,ADA/USDT:USDT,0.8249,6032.0,0.8248,11216.0,0.825,18595.0,0.8251,83901.0
1753503737822,04:22:17.822,ADA/USDT:USDT,0.8249,6779.0,0.8248,66188.0,0.825,16637.0,0.8251,78237.0
1753503737924,04:22:17.924,ADA/USDT:USDT,0.8249,6032.0,0.8248,43607.0,0.825,18596.0,0.8251,78237.0
1753503738022,04:22:18.022,ADA/USDT:USDT,0.8249,6032.0,0.8248,23896.0,0.825,18361.0,0.8251,78237.0
1753503738322,04:22:18.322,ADA/USDT:USDT,0.8249,6032.0,0.8248,23896.0,0.825,18361.0,0.8251,78262.0
1753503738422,04:22:18.422,ADA/USDT:USDT,0.8249,6032.0,0.8248,23896.0,0.825,18361.0,0.8251,78237.0
1753503738522,04:22:18.522,ADA/USDT:USDT,0.8249,6032.0,0.8248,23896.0,0.825,18361.0,0.8251,78237.0
1753503738622,04:22:18.622,ADA/USDT:USDT,0.8249,6033.0,0.8248,23896.0,0.825,18360.0,0.8251,78237.0
1753503738722,04:22:18.722,ADA/USDT:USDT,0.8249,6033.0,0.8248,23896.0,0.825,18360.0,0.8251,78237.0
1753503738822,04:22:18.822,ADA/USDT:USDT,0.8249,7529.0,0.8248,26496.0,0.825,16403.0,0.8251,78237.0
1753503738922,04:22:18.922,ADA/USDT:USDT,0.8249,7529.0,0.8248,93512.0,0.825,11961.0,0.8251,72401.0
1753503739022,04:22:19.022,ADA/USDT:USDT,0.8249,7529.0,0.8248,82710.0,0.825,11961.0,0.8251,72401.0
1753503739122,04:22:19.122,ADA/USDT:USDT,0.8249,13529.0,0.8248,82710.0,0.825,10749.0,0.8251,71189.0
1753503739223,04:22:19.223,ADA/USDT:USDT,0.8249,13529.0,0.8248,82710.0,0.825,10749.0,0.8251,69977.0
1753503739323,04:22:19.323,ADA/USDT:USDT,0.8249,13529.0,0.8248,82710.0,0.825,10569.0,0.8251,70956.0
1753503739422,04:22:19.422,ADA/USDT:USDT,0.8249,13529.0,0.8248,82710.0,0.825,10750.0,0.8251,69977.0
1753503739522,04:22:19.522,ADA/USDT:USDT,0.8249,13529.0,0.8248,82710.0,0.825,10755.0,0.8251,69977.0
1753503739622,04:22:19.622,ADA/USDT:USDT,0.8249,13529.0,0.8248,82710.0,0.825,8200.0,0.8251,69977.0
1753503739722,04:22:19.722,ADA/USDT:USDT,0.8249,15512.0,0.8248,92787.0,0.825,1827.0,0.8251,30528.0
1753503739822,04:22:19.822,ADA/USDT:USDT,0.8249,14508.0,0.8248,92787.0,0.825,4838.0,0.8251,60114.0
1753503739925,04:22:19.925,ADA/USDT:USDT,0.8249,13529.0,0.8248,87759.0,0.825,6699.0,0.8251,66977.0
1753503740022,04:22:20.022,ADA/USDT:USDT,0.8249,13529.0,0.8248,84603.0,0.825,8099.0,0.8251,67956.0
1753503740222,04:22:20.222,ADA/USDT:USDT,0.8249,13529.0,0.8248,84603.0,0.825,7611.0,0.8251,67956.0
1753503740323,04:22:20.323,ADA/USDT:USDT,0.8249,13529.0,0.8248,85582.0,0.825,7611.0,0.8251,67956.0
1753503740422,04:22:20.422,ADA/USDT:USDT,0.8249,13529.0,0.8248,86586.0,0.825,6238.0,0.8251,65165.0
1753503740522,04:22:20.522,ADA/USDT:USDT,0.8249,13529.0,0.8248,85582.0,0.825,6238.0,0.8251,57274.0
1753503740623,04:22:20.623,ADA/USDT:USDT,0.8249,13526.0,0.8248,89044.0,0.825,6455.0,0.8251,57507.0
1753503740722,04:22:20.722,ADA/USDT:USDT,0.8249,13526.0,0.8248,87591.0,0.825,6455.0,0.8251,57916.0
1753503740822,04:22:20.822,ADA/USDT:USDT,0.8249,13526.0,0.8248,87591.0,0.825,6455.0,0.8251,57916.0
1753503740923,04:22:20.923,ADA/USDT:USDT,0.8249,13526.0,0.8248,87591.0,0.825,5064.0,0.8251,57916.0
1753503741023,04:22:21.023,ADA/USDT:USDT,0.8249,13526.0,0.8248,88803.0,0.825,5064.0,0.8251,57916.0
1753503741122,04:22:21.122,ADA/USDT:USDT,0.8249,13526.0,0.8248,88828.0,0.825,5064.0,0.8251,57916.0
1753503741323,04:22:21.323,ADA/USDT:USDT,0.8249,13526.0,0.8248,88828.0,0.825,4847.0,0.8251,57916.0
1753503741423,04:22:21.423,ADA/USDT:USDT,0.8249,14963.0,0.8248,88803.0,0.825,4805.0,0.8251,59874.0
1753503741522,04:22:21.522,ADA/USDT:USDT,0.8249,14963.0,0.8248,88803.0,0.825,4805.0,0.8251,60707.0
1753503741622,04:22:21.622,ADA/USDT:USDT,0.8249,16137.0,0.8248,88803.0,0.825,3672.0,0.8251,58749.0
1753503741722,04:22:21.722,ADA/USDT:USDT,0.8249,15179.0,0.8248,88803.0,0.825,3745.0,0.8251,58749.0
1753503741823,04:22:21.823,ADA/USDT:USDT,0.8249,15179.0,0.8248,87824.0,0.825,5676.0,0.8251,60707.0
1753503741923,04:22:21.923,ADA/USDT:USDT,0.8249,15179.0,0.8248,86845.0,0.825,6057.0,0.8251,60707.0
1753503742022,04:22:22.022,ADA/USDT:USDT,0.8249,15179.0,0.8248,86845.0,0.825,7076.0,0.8251,60707.0
1753503742123,04:22:22.123,ADA/USDT:USDT,0.8249,15179.0,0.8248,86845.0,0.825,8069.0,0.8251,60707.0
1753503742222,04:22:22.222,ADA/USDT:USDT,0.8249,15179.0,0.8248,87824.0,0.825,7076.0,0.8251,60707.0
1753503742423,04:22:22.423,ADA/USDT:USDT,0.8249,15179.0,0.8248,87824.0,0.825,7073.0,0.8251,60707.0
1753503742522,04:22:22.522,ADA/USDT:USDT,0.8249,15179.0,0.8248,87824.0,0.825,7073.0,0.8251,60707.0
1753503742623,04:22:22.623,ADA/USDT:USDT,0.8249,15179.0,0.8248,86845.0,0.825,7073.0,0.8251,60707.0
1753503742722,04:22:22.722,ADA/USDT:USDT,0.8249,15179.0,0.8248,87824.0,0.825,7296.0,0.8251,61737.0
1753503742823,04:22:22.823,ADA/USDT:USDT,0.8249,16158.0,0.8248,91311.0,0.825,3614.0,0.8251,45460.0
1753503742923,04:22:22.923,ADA/USDT:USDT,0.8249,15179.0,0.8248,91431.0,0.825,4098.0,0.8251,55321.0
1753503743022,04:22:23.022,ADA/USDT:USDT,0.8249,15179.0,0.8248,91431.0,0.825,1734.0,0.8251,45460.0
1753503743122,04:22:23.122,ADA/USDT:USDT,0.8249,17137.0,0.8248,93558.0,0.825,1734.0,0.8251,18196.0
1753503743222,04:22:23.222,ADA/USDT:USDT,0.8249,17137.0,0.8248,93558.0,0.825,1734.0,0.8251,18196.0
1753503743422,04:22:23.422,ADA/USDT:USDT,0.8249,17137.0,0.8248,93558.0,0.825,1734.0,0.8251,18196.0
1753503743522,04:22:23.522,ADA/USDT:USDT,0.8249,17137.0,0.8248,93558.0,0.825,1734.0,0.8251,17708.0
1753503743622,04:22:23.622,ADA/USDT:USDT,0.8249,17157.0,0.8248,93558.0,0.825,1734.0,0.8251,17708.0
1753503743722,04:22:23.722,ADA/USDT:USDT,0.8249,17147.0,0.8248,93558.0,0.825,1734.0,0.8251,17708.0
1753503743822,04:22:23.822,ADA/USDT:USDT,0.8249,17147.0,0.8248,93558.0,0.825,1748.0,0.8251,40734.0
1753503743925,04:22:23.925,ADA/USDT:USDT,0.8249,17147.0,0.8248,93558.0,0.825,1748.0,0.8251,40734.0
1753503744023,04:22:24.023,ADA/USDT:USDT,0.8249,15189.0,0.8248,93558.0,0.825,1748.0,0.8251,52250.0
1753503744122,04:22:24.122,ADA/USDT:USDT,0.8249,17147.0,0.8248,93558.0,0.825,1748.0,0.8251,40734.0
1753503744222,04:22:24.222,ADA/USDT:USDT,0.8249,17147.0,0.8248,93558.0,0.825,1748.0,0.8251,40734.0
1753503744322,04:22:24.322,ADA/USDT:USDT,0.8249,16159.0,0.8248,93558.0,0.825,1748.0,0.8251,40734.0
1753503744422,04:22:24.422,ADA/USDT:USDT,0.8249,15180.0,0.8248,93558.0,0.825,1748.0,0.8251,52251.0
1753503744523,04:22:24.523,ADA/USDT:USDT,0.8249,15180.0,0.8248,93558.0,0.825,1748.0,0.8251,52251.0
1753503744622,04:22:24.622,ADA/USDT:USDT,0.8249,16159.0,0.8248,93558.0,0.825,1748.0,0.8251,52251.0
1753503744722,04:22:24.722,ADA/USDT:USDT,0.8249,16199.0,0.8248,93558.0,0.825,1748.0,0.8251,44990.0
1753503744822,04:22:24.822,ADA/USDT:USDT,0.8249,15220.0,0.8248,93558.0,0.825,1748.0,0.8251,54854.0
1753503744922,04:22:24.922,ADA/USDT:USDT,0.8249,16199.0,0.8248,93558.0,0.825,1748.0,0.8251,54854.0
1753503745023,04:22:25.023,ADA/USDT:USDT,0.8249,15220.0,0.8248,93558.0,0.825,1748.0,0.8251,54854.0
1753503745122,04:22:25.122,ADA/USDT:USDT,0.8249,16199.0,0.8248,93558.0,0.825,1748.0,0.8251,40052.0
1753503745223,04:22:25.223,ADA/USDT:USDT,0.8249,16199.0,0.8248,93558.0,0.825,1748.0,0.8251,40052.0
1753503745322,04:22:25.322,ADA/USDT:USDT,0.8249,15220.0,0.8248,93558.0,0.825,1748.0,0.8251,44991.0
1753503745423,04:22:25.423,ADA/USDT:USDT,0.8249,15220.0,0.8248,93558.0,0.825,2159.0,0.8251,54857.0
1753503745522,04:22:25.522,ADA/USDT:USDT,0.8249,15220.0,0.8248,91575.0,0.825,1748.0,0.8251,55836.0
1753503745623,04:22:25.623,ADA/USDT:USDT,0.8249,15220.0,0.8248,91575.0,0.825,1748.0,0.8251,55836.0
1753503745722,04:22:25.722,ADA/USDT:USDT,0.8249,14970.0,0.8248,86965.0,0.825,7077.0,0.8251,60248.0
1753503745822,04:22:25.822,ADA/USDT:USDT,0.8249,8974.0,0.8248,86965.0,0.825,8327.0,0.8251,67062.0
1753503745922,04:22:25.922,ADA/USDT:USDT,0.8249,8974.0,0.8248,88236.0,0.825,3148.0,0.8251,68274.0
1753503746022,04:22:26.022,ADA/USDT:USDT,0.8249,14974.0,0.8248,88236.0,0.825,3148.0,0.8251,67062.0
1753503746122,04:22:26.122,ADA/USDT:USDT,0.8249,14974.0,0.8248,88236.0,0.825,3148.0,0.8251,67062.0
1753503746322,04:22:26.322,ADA/USDT:USDT,0.8249,14974.0,0.8248,88236.0,0.825,3454.0,0.8251,67062.0
1753503746422,04:22:26.422,ADA/USDT:USDT,0.8249,14974.0,0.8248,88116.0,0.825,3454.0,0.8251,67062.0
1753503746522,04:22:26.522,ADA/USDT:USDT,0.8249,14974.0,0.8248,85633.0,0.825,8500.0,0.8251,67062.0
1753503746622,04:22:26.622,ADA/USDT:USDT,0.8249,14974.0,0.8248,85633.0,0.825,7521.0,0.8251,67062.0
1753503746722,04:22:26.722,ADA/USDT:USDT,0.8249,8990.0,0.8248,85633.0,0.825,7521.0,0.8251,67062.0
1753503746822,04:22:26.822,ADA/USDT:USDT,0.8249,8990.0,0.8248,83033.0,0.825,8500.0,0.8251,67062.0
1753503746922,04:22:26.922,ADA/USDT:USDT,0.8249,8990.0,0.8248,19172.0,0.825,15361.0,0.8251,70757.0
1753503747023,04:22:27.023,ADA/USDT:USDT,0.8249,8990.0,0.8248,28051.0,0.825,23115.0,0.8251,70757.0
1753503747122,04:22:27.122,ADA/USDT:USDT,0.8249,8990.0,0.8248,28051.0,0.825,23115.0,0.8251,70757.0
1753503747222,04:22:27.222,ADA/USDT:USDT,0.8249,8990.0,0.8248,28051.0,0.825,17515.0,0.8251,68274.0
1753503747322,04:22:27.322,ADA/USDT:USDT,0.8249,8773.0,0.8248,74936.0,0.825,17515.0,0.8251,68274.0
1753503747422,04:22:27.422,ADA/USDT:USDT,0.8249,8773.0,0.8248,68540.0,0.825,17515.0,0.8251,70757.0
1753503747522,04:22:27.522,ADA/USDT:USDT,0.8249,8773.0,0.8248,73481.0,0.825,15557.0,0.8251,68274.0
1753503747622,04:22:27.622,ADA/USDT:USDT,0.8249,8773.0,0.8248,73481.0,0.825,16536.0,0.8251,68274.0
1753503747723,04:22:27.723,ADA/USDT:USDT,0.8249,2755.0,0.8248,73481.0,0.825,16536.0,0.8251,69304.0
1753503747822,04:22:27.822,ADA/USDT:USDT,0.8249,8753.0,0.8248,73481.0,0.825,17517.0,0.8251,69304.0
1753503747925,04:22:27.925,ADA/USDT:USDT,0.8249,8753.0,0.8248,73481.0,0.825,17227.0,0.8251,69304.0
1753503748023,04:22:28.023,ADA/USDT:USDT,0.8249,8753.0,0.8248,73481.0,0.825,17621.0,0.8251,69304.0
1753503748122,04:22:28.122,ADA/USDT:USDT,0.8249,8753.0,0.8248,73481.0,0.825,17621.0,0.8251,69304.0
1753503748322,04:22:28.322,ADA/USDT:USDT,0.8249,8753.0,0.8248,57022.0,0.825,17621.0,0.8251,71787.0
1753503748423,04:22:28.423,ADA/USDT:USDT,0.8249,8482.0,0.8248,57022.0,0.825,17621.0,0.8251,71787.0
1753503748523,04:22:28.523,ADA/USDT:USDT,0.8249,8482.0,0.8248,57022.0,0.825,17667.0,0.8251,71787.0
1753503748623,04:22:28.623,ADA/USDT:USDT,0.8249,8970.0,0.8248,76085.0,0.825,15709.0,0.8251,69304.0
1753503748723,04:22:28.723,ADA/USDT:USDT,0.8249,8970.0,0.8248,76085.0,0.825,15709.0,0.8251,69304.0
1753503748822,04:22:28.822,ADA/USDT:USDT,0.8249,8971.0,0.8248,76085.0,0.825,15709.0,0.8251,69304.0
1753503748922,04:22:28.922,ADA/USDT:USDT,0.8249,8754.0,0.8248,73485.0,0.825,17680.0,0.8251,71787.0
1753503749022,04:22:29.022,ADA/USDT:USDT,0.8249,8754.0,0.8248,73485.0,0.825,17680.0,0.8251,71787.0
1753503749122,04:22:29.122,ADA/USDT:USDT,0.8249,8754.0,0.8248,73485.0,0.825,16701.0,0.8251,69304.0
1753503749223,04:22:29.223,ADA/USDT:USDT,0.8249,8754.0,0.8248,73485.0,0.825,15722.0,0.8251,69304.0
1753503749322,04:22:29.322,ADA/USDT:USDT,0.8249,7262.0,0.8248,60313.0,0.825,16740.0,0.8251,71787.0
1753503749422,04:22:29.422,ADA/USDT:USDT,0.8249,5983.0,0.8248,25570.0,0.825,18079.0,0.8251,71787.0
1753503749523,04:22:29.523,ADA/USDT:USDT,0.8249,5983.0,0.8248,25570.0,0.825,18079.0,0.8251,71787.0
1753503749622,04:22:29.622,ADA/USDT:USDT,0.8249,5983.0,0.8248,25570.0,0.825,18079.0,0.8251,71787.0
1753503749722,04:22:29.722,ADA/USDT:USDT,0.8249,7479.0,0.8248,80868.0,0.825,16121.0,0.8251,68325.0
1753503749822,04:22:29.822,ADA/USDT:USDT,0.8249,7545.0,0.8248,80868.0,0.825,16121.0,0.8251,69975.0
1753503749922,04:22:29.922,ADA/USDT:USDT,0.8249,7545.0,0.8248,79889.0,0.825,16121.0,0.8251,70954.0
1753503750022,04:22:30.022,ADA/USDT:USDT,0.8249,6049.0,0.8248,2733.0,0.825,19316.0,0.8251,79831.0
1753503750122,04:22:30.122,ADA/USDT:USDT,0.8249,6049.0,0.8248,2733.0,0.825,19316.0,0.8251,79831.0
1753503750222,04:22:30.222,ADA/USDT:USDT,0.8249,6049.0,0.8248,2733.0,0.825,19316.0,0.8251,79831.0
1753503750322,04:22:30.322,ADA/USDT:USDT,0.8249,6049.0,0.8248,2733.0,0.825,19316.0,0.8251,79831.0
1753503750422,04:22:30.422,ADA/USDT:USDT,0.8249,6049.0,0.8248,2733.0,0.825,19291.0,0.8251,79831.0
1753503750522,04:22:30.522,ADA/USDT:USDT,0.8249,6049.0,0.8248,5216.0,0.825,19291.0,0.8251,79831.0
1753503750622,04:22:30.622,ADA/USDT:USDT,0.8249,6049.0,0.8248,5216.0,0.825,18312.0,0.8251,79831.0
1753503750722,04:22:30.722,ADA/USDT:USDT,0.8249,6049.0,0.8248,5216.0,0.825,18035.0,0.8251,79831.0
1753503750822,04:22:30.822,ADA/USDT:USDT,0.8248,1510.0,0.8247,100434.0,0.8249,10671.0,0.825,83882.0
1753503750923,04:22:30.923,ADA/USDT:USDT,0.8248,1510.0,0.8247,52196.0,0.8249,10671.0,0.825,84861.0
1753503751023,04:22:31.023,ADA/USDT:USDT,0.8248,1510.0,0.8247,52196.0,0.8249,10671.0,0.825,83882.0
1753503751123,04:22:31.123,ADA/USDT:USDT,0.8248,1510.0,0.8247,52196.0,0.8249,10646.0,0.825,83882.0
1753503751222,04:22:31.222,ADA/USDT:USDT,0.8248,1510.0,0.8247,52196.0,0.8249,10646.0,0.825,84282.0
1753503751322,04:22:31.322,ADA/USDT:USDT,0.8248,1510.0,0.8247,53175.0,0.8249,10646.0,0.825,80820.0
1753503751422,04:22:31.422,ADA/USDT:USDT,0.8248,1510.0,0.8247,52196.0,0.8249,10646.0,0.825,81799.0
1753503751522,04:22:31.522,ADA/USDT:USDT,0.8248,1510.0,0.8247,52196.0,0.8249,10930.0,0.825,81510.0
1753503751622,04:22:31.622,ADA/USDT:USDT,0.8248,1510.0,0.8247,53175.0,0.8249,10930.0,0.825,81510.0
1753503751722,04:22:31.722,ADA/USDT:USDT,0.8248,1510.0,0.8247,53175.0,0.8249,11238.0,0.825,81744.0
1753503751822,04:22:31.822,ADA/USDT:USDT,0.8248,7478.0,0.8247,56637.0,0.8249,11238.0,0.825,80765.0
1753503751925,04:22:31.925,ADA/USDT:USDT,0.8248,7478.0,0.8247,55658.0,0.8249,11238.0,0.825,80765.0
1753503752022,04:22:32.022,ADA/USDT:USDT,0.8248,7478.0,0.8247,55658.0,0.8249,11238.0,0.825,80765.0
1753503752122,04:22:32.122,ADA/USDT:USDT,0.8248,7478.0,0.8247,56637.0,0.8249,11238.0,0.825,80765.0
1753503752223,04:22:32.223,ADA/USDT:USDT,0.8248,7471.0,0.8247,50575.0,0.8249,11238.0,0.825,81744.0
1753503752323,04:22:32.323,ADA/USDT:USDT,0.8248,7471.0,0.8247,54037.0,0.8249,11238.0,0.825,80765.0
1753503752422,04:22:32.422,ADA/USDT:USDT,0.8248,7471.0,0.8247,54037.0,0.8249,11238.0,0.825,80740.0
1753503752522,04:22:32.522,ADA/USDT:USDT,0.8248,7471.0,0.8247,53058.0,0.8249,11238.0,0.825,81744.0
1753503752622,04:22:32.622,ADA/USDT:USDT,0.8248,7471.0,0.8247,51722.0,0.8249,11238.0,0.825,81744.0
1753503752722,04:22:32.722,ADA/USDT:USDT,0.8248,7471.0,0.8247,53680.0,0.8249,11238.0,0.825,80765.0
1753503752822,04:22:32.822,ADA/USDT:USDT,0.8248,7468.0,0.8247,55301.0,0.8249,11238.0,0.825,81744.0
1753503752922,04:22:32.922,ADA/USDT:USDT,0.8248,7468.0,0.8247,55301.0,0.8249,11238.0,0.825,81744.0
1753503753022,04:22:33.022,ADA/USDT:USDT,0.8248,7468.0,0.8247,54322.0,0.8249,11238.0,0.825,81744.0
1753503753222,04:22:33.222,ADA/USDT:USDT,0.8248,7468.0,0.8247,54322.0,0.8249,11238.0,0.825,81744.0
1753503753322,04:22:33.322,ADA/USDT:USDT,0.8248,7468.0,0.8247,55301.0,0.8249,11238.0,0.825,81744.0
1753503753522,04:22:33.522,ADA/USDT:USDT,0.8248,7468.0,0.8247,55301.0,0.8249,11238.0,0.825,80740.0
1753503753622,04:22:33.622,ADA/USDT:USDT,0.8248,7468.0,0.8247,55301.0,0.8249,11238.0,0.825,80740.0
1753503753722,04:22:33.722,ADA/USDT:USDT,0.8248,7468.0,0.8247,55301.0,0.8249,11239.0,0.825,81744.0
1753503753822,04:22:33.822,ADA/USDT:USDT,0.8248,7468.0,0.8247,55301.0,0.8249,11239.0,0.825,81744.0
1753503754022,04:22:34.022,ADA/USDT:USDT,0.8248,7468.0,0.8247,55301.0,0.8249,11239.0,0.825,81744.0
1753503754123,04:22:34.123,ADA/USDT:USDT,0.8248,7468.0,0.8247,55301.0,0.8249,11239.0,0.825,81744.0
1753503754223,04:22:34.223,ADA/USDT:USDT,0.8248,7468.0,0.8247,55301.0,0.8249,11239.0,0.825,81744.0
1753503754322,04:22:34.322,ADA/USDT:USDT,0.8248,7468.0,0.8247,55301.0,0.8249,11239.0,0.825,81744.0
1753503754423,04:22:34.423,ADA/USDT:USDT,0.8248,7468.0,0.8247,54315.0,0.8249,11239.0,0.825,81744.0
1753503754522,04:22:34.522,ADA/USDT:USDT,0.8248,7468.0,0.8247,55294.0,0.8249,11237.0,0.825,81744.0
1753503754622,04:22:34.622,ADA/USDT:USDT,0.8248,7468.0,0.8247,55294.0,0.8249,11237.0,0.825,80765.0
1753503754723,04:22:34.723,ADA/USDT:USDT,0.8248,7468.0,0.8247,56324.0,0.8249,11237.0,0.825,81744.0
1753503754822,04:22:34.822,ADA/USDT:USDT,0.8248,7468.0,0.8247,57303.0,0.8249,11237.0,0.825,80765.0
1753503754922,04:22:34.922,ADA/USDT:USDT,0.8248,7468.0,0.8247,55345.0,0.8249,10929.0,0.825,81744.0
1753503755022,04:22:35.022,ADA/USDT:USDT,0.8248,7468.0,0.8247,55345.0,0.8249,11247.0,0.825,81744.0
1753503755122,04:22:35.122,ADA/USDT:USDT,0.8248,7468.0,0.8247,55345.0,0.8249,11247.0,0.825,80765.0
1753503755222,04:22:35.222,ADA/USDT:USDT,0.8248,7468.0,0.8247,52745.0,0.8249,11276.0,0.825,81744.0
1753503755322,04:22:35.322,ADA/USDT:USDT,0.8248,7468.0,0.8247,52745.0,0.8249,11276.0,0.825,81744.0
1753503755422,04:22:35.422,ADA/USDT:USDT,0.8248,7468.0,0.8247,52745.0,0.8249,11276.0,0.825,82723.0
1753503755522,04:22:35.522,ADA/USDT:USDT,0.8248,7468.0,0.8247,52745.0,0.8249,11276.0,0.825,82723.0
1753503755622,04:22:35.622,ADA/USDT:USDT,0.8248,10068.0,0.8247,54703.0,0.8249,11276.0,0.825,80740.0
1753503755723,04:22:35.723,ADA/USDT:USDT,0.8248,11047.0,0.8247,54703.0,0.8249,9495.0,0.825,69185.0
1753503755823,04:22:35.823,ADA/USDT:USDT,0.8248,12035.0,0.8247,54703.0,0.8249,6148.0,0.825,66943.0
1753503755925,04:22:35.925,ADA/USDT:USDT,0.8248,18035.0,0.8247,56103.0,0.8249,7074.0,0.825,66771.0
1753503756022,04:22:36.022,ADA/USDT:USDT,0.8248,18035.0,0.8247,56103.0,0.8249,7074.0,0.825,66771.0
1753503756122,04:22:36.122,ADA/USDT:USDT,0.8248,18035.0,0.8247,56103.0,0.8249,7074.0,0.825,66771.0
1753503756223,04:22:36.223,ADA/USDT:USDT,0.8248,18035.0,0.8247,56103.0,0.8249,7074.0,0.825,66771.0
1753503756322,04:22:36.322,ADA/USDT:USDT,0.8248,18035.0,0.8247,58703.0,0.8249,1811.0,0.825,66771.0
1753503756422,04:22:36.422,ADA/USDT:USDT,0.8248,18035.0,0.8247,59430.0,0.8249,1811.0,0.825,66771.0
1753503756522,04:22:36.522,ADA/USDT:USDT,0.8248,18035.0,0.8247,59430.0,0.8249,784.0,0.825,32205.0
1753503756623,04:22:36.623,ADA/USDT:USDT,0.8248,18035.0,0.8247,59430.0,0.8249,784.0,0.825,32205.0
1753503756722,04:22:36.722,ADA/USDT:USDT,0.8248,18035.0,0.8247,59430.0,0.8249,784.0,0.825,32205.0
1753503756822,04:22:36.822,ADA/USDT:USDT,0.8248,18035.0,0.8247,60642.0,0.8249,784.0,0.825,32205.0
1753503757022,04:22:37.022,ADA/USDT:USDT,0.8248,17056.0,0.8247,63242.0,0.8249,784.0,0.825,32205.0
1753503757222,04:22:37.222,ADA/USDT:USDT,0.8248,17056.0,0.8247,63242.0,0.8249,784.0,0.825,32205.0
1753503757322,04:22:37.322,ADA/USDT:USDT,0.8248,17056.0,0.8247,63242.0,0.8249,790.0,0.825,32126.0
1753503757423,04:22:37.423,ADA/USDT:USDT,0.8248,17056.0,0.8247,63242.0,0.8249,790.0,0.825,32126.0
1753503757523,04:22:37.523,ADA/USDT:USDT,0.8248,16077.0,0.8247,63242.0,0.8249,789.0,0.825,53521.0
1753503757623,04:22:37.623,ADA/USDT:USDT,0.8248,16077.0,0.8247,63242.0,0.8249,1564.0,0.825,53521.0
1753503757722,04:22:37.722,ADA/USDT:USDT,0.8248,16077.0,0.8247,62263.0,0.8249,1564.0,0.825,53521.0
1753503757822,04:22:37.822,ADA/USDT:USDT,0.8248,16051.0,0.8247,63242.0,0.8249,789.0,0.825,65461.0
1753503757922,04:22:37.922,ADA/USDT:USDT,0.8248,17029.0,0.8247,63242.0,0.8249,1530.0,0.825,52287.0
1753503758022,04:22:38.022,ADA/USDT:USDT,0.8248,16050.0,0.8247,62515.0,0.8249,4854.0,0.825,52287.0
1753503758122,04:22:38.122,ADA/USDT:USDT,0.8248,17029.0,0.8247,62515.0,0.8249,1530.0,0.825,52287.0
1753503758222,04:22:38.222,ADA/USDT:USDT,0.8248,17029.0,0.8247,62515.0,0.8249,1530.0,0.825,52287.0
1753503758322,04:22:38.322,ADA/USDT:USDT,0.8248,17029.0,0.8247,62515.0,0.8249,789.0,0.825,52287.0
1753503758422,04:22:38.422,ADA/USDT:USDT,0.8248,17029.0,0.8247,62515.0,0.8249,789.0,0.825,52287.0
1753503758522,04:22:38.522,ADA/USDT:USDT,0.8248,17029.0,0.8247,62515.0,0.8249,789.0,0.825,52287.0
1753503758622,04:22:38.622,ADA/USDT:USDT,0.8248,17029.0,0.8247,62515.0,0.8249,789.0,0.825,52287.0
1753503758722,04:22:38.722,ADA/USDT:USDT,0.8248,16050.0,0.8247,62515.0,0.8249,2116.0,0.825,52287.0
1753503758822,04:22:38.822,ADA/USDT:USDT,0.8248,17029.0,0.8247,62515.0,0.8249,1367.0,0.825,52287.0
1753503758923,04:22:38.923,ADA/USDT:USDT,0.8248,17029.0,0.8247,62515.0,0.8249,1367.0,0.825,52287.0
1753503759123,04:22:39.123,ADA/USDT:USDT,0.8248,17029.0,0.8247,62515.0,0.8249,1367.0,0.825,52287.0
1753503759222,04:22:39.222,ADA/USDT:USDT,0.8248,17029.0,0.8247,62515.0,0.8249,1367.0,0.825,52287.0
1753503759322,04:22:39.322,ADA/USDT:USDT,0.8248,16050.0,0.8247,61536.0,0.8249,2552.0,0.825,52287.0
1753503759422,04:22:39.422,ADA/USDT:USDT,0.8248,16050.0,0.8247,58074.0,0.8249,5501.0,0.825,68923.0
1753503759522,04:22:39.522,ADA/USDT:USDT,0.8248,10050.0,0.8247,61536.0,0.8249,5501.0,0.825,66440.0
1753503759622,04:22:39.622,ADA/USDT:USDT,0.8248,7450.0,0.8247,55462.0,0.8249,7118.0,0.825,68948.0
1753503759722,04:22:39.722,ADA/USDT:USDT,0.8248,7450.0,0.8247,55462.0,0.8249,7118.0,0.825,69927.0
1753503759822,04:22:39.822,ADA/USDT:USDT,0.8248,7450.0,0.8247,54432.0,0.8249,7118.0,0.825,70160.0
1753503759925,04:22:39.925,ADA/USDT:USDT,0.8248,7445.0,0.8247,54432.0,0.8249,6900.0,0.825,69181.0
1753503760022,04:22:40.022,ADA/USDT:USDT,0.8248,7445.0,0.8247,44583.0,0.8249,6900.0,0.825,70160.0
1753503760122,04:22:40.122,ADA/USDT:USDT,0.8248,7445.0,0.8247,44466.0,0.8249,9500.0,0.825,67677.0
1753503760223,04:22:40.223,ADA/USDT:USDT,0.8248,7445.0,0.8247,44466.0,0.8249,9717.0,0.825,70160.0
1753503760423,04:22:40.423,ADA/USDT:USDT,0.8248,7455.0,0.8247,44466.0,0.8249,9724.0,0.825,67677.0
1753503760523,04:22:40.523,ADA/USDT:USDT,0.8248,7455.0,0.8247,41866.0,0.8249,9724.0,0.825,71139.0
1753503760622,04:22:40.622,ADA/USDT:USDT,0.8248,7455.0,0.8247,39383.0,0.8249,9724.0,0.825,81632.0
1753503760722,04:22:40.722,ADA/USDT:USDT,0.8248,7455.0,0.8247,41866.0,0.8249,9724.0,0.825,80179.0
1753503760822,04:22:40.822,ADA/USDT:USDT,0.8248,7455.0,0.8247,41866.0,0.8249,9724.0,0.825,80179.0
1753503760922,04:22:40.922,ADA/USDT:USDT,0.8248,7382.0,0.8247,42962.0,0.8249,9724.0,0.825,80179.0
1753503761022,04:22:41.022,ADA/USDT:USDT,0.8248,7382.0,0.8247,43941.0,0.8249,9724.0,0.825,79200.0
1753503761122,04:22:41.122,ADA/USDT:USDT,0.8248,7372.0,0.8247,43941.0,0.8249,9734.0,0.825,78221.0
1753503761222,04:22:41.222,ADA/USDT:USDT,0.8248,8351.0,0.8247,43941.0,0.8249,9731.0,0.825,78196.0
1753503761322,04:22:41.322,ADA/USDT:USDT,0.8248,7372.0,0.8247,41341.0,0.8249,9731.0,0.825,78221.0
1753503761422,04:22:41.422,ADA/USDT:USDT,0.8248,7372.0,0.8247,41341.0,0.8249,9731.0,0.825,79200.0
1753503761522,04:22:41.522,ADA/USDT:USDT,0.8248,7372.0,0.8247,40362.0,0.8249,9731.0,0.825,78196.0
1753503761623,04:22:41.623,ADA/USDT:USDT,0.8248,7268.0,0.8247,39383.0,0.8249,9779.0,0.825,82364.0
1753503761722,04:22:41.722,ADA/USDT:USDT,0.8248,7268.0,0.8247,40362.0,0.8249,9779.0,0.825,82364.0
1753503761822,04:22:41.822,ADA/USDT:USDT,0.8248,7268.0,0.8247,40362.0,0.8249,9779.0,0.825,81360.0
1753503761925,04:22:41.925,ADA/USDT:USDT,0.8248,7347.0,0.8247,41866.0,0.8249,10758.0,0.825,82364.0
1753503762022,04:22:42.022,ADA/USDT:USDT,0.8248,7347.0,0.8247,41866.0,0.8249,10758.0,0.825,82364.0
1753503762123,04:22:42.123,ADA/USDT:USDT,0.8248,7347.0,0.8247,41866.0,0.8249,9779.0,0.825,82364.0
1753503762223,04:22:42.223,ADA/USDT:USDT,0.8248,7347.0,0.8247,42845.0,0.8249,9779.0,0.825,80406.0
1753503762330,04:22:42.330,ADA/USDT:USDT,0.8248,7347.0,0.8247,42845.0,0.8249,9859.0,0.825,82364.0
1753503762423,04:22:42.423,ADA/USDT:USDT,0.8248,7347.0,0.8247,42845.0,0.8249,9859.0,0.825,82364.0
1753503762522,04:22:42.522,ADA/USDT:USDT,0.8248,7347.0,0.8247,42845.0,0.8249,9859.0,0.825,82364.0
1753503762622,04:22:42.622,ADA/USDT:USDT,0.8248,7347.0,0.8247,42845.0,0.8249,9859.0,0.825,82364.0
1753503762723,04:22:42.723,ADA/USDT:USDT,0.8248,9305.0,0.8247,43824.0,0.8249,9859.0,0.825,79548.0
1753503762823,04:22:42.823,ADA/USDT:USDT,0.8248,15305.0,0.8247,46424.0,0.8249,9859.0,0.825,79548.0
1753503762922,04:22:42.922,ADA/USDT:USDT,0.8248,15305.0,0.8247,46424.0,0.8249,8459.0,0.825,79548.0
1753503763023,04:22:43.023,ADA/USDT:USDT,0.8248,15305.0,0.8247,46424.0,0.8249,8459.0,0.825,79548.0
1753503763122,04:22:43.122,ADA/USDT:USDT,0.8248,14326.0,0.8247,46424.0,0.8249,8459.0,0.825,79548.0
1753503763322,04:22:43.322,ADA/USDT:USDT,0.8248,14326.0,0.8247,46424.0,0.8249,8459.0,0.825,79548.0
1753503763422,04:22:43.422,ADA/USDT:USDT,0.8248,7347.0,0.8247,45445.0,0.8249,11145.0,0.825,81531.0
1753503763522,04:22:43.522,ADA/USDT:USDT,0.8248,7347.0,0.8247,45445.0,0.8249,11145.0,0.825,81531.0
1753503763723,04:22:43.723,ADA/USDT:USDT,0.8248,7347.0,0.8247,45445.0,0.8249,11145.0,0.825,81531.0
1753503763822,04:22:43.822,ADA/USDT:USDT,0.8248,13347.0,0.8247,45445.0,0.8249,11145.0,0.825,80552.0
1753503763925,04:22:43.925,ADA/USDT:USDT,0.8248,6990.0,0.8247,45445.0,0.8249,12164.0,0.825,81531.0
1753503764022,04:22:44.022,ADA/USDT:USDT,0.8248,6990.0,0.8247,41866.0,0.8249,12580.0,0.825,81531.0
1753503764122,04:22:44.122,ADA/USDT:USDT,0.8248,6990.0,0.8247,39383.0,0.8249,12580.0,0.825,84014.0
1753503764222,04:22:44.222,ADA/USDT:USDT,0.8248,6990.0,0.8247,39383.0,0.8249,12282.0,0.825,84014.0
1753503764322,04:22:44.322,ADA/USDT:USDT,0.8248,6990.0,0.8247,39383.0,0.8249,12310.0,0.825,84014.0
1753503764422,04:22:44.422,ADA/USDT:USDT,0.8248,6990.0,0.8247,41866.0,0.8249,12310.0,0.825,81531.0
1753503764622,04:22:44.622,ADA/USDT:USDT,0.8248,6990.0,0.8247,41866.0,0.8249,12310.0,0.825,81531.0
1753503764723,04:22:44.723,ADA/USDT:USDT,0.8248,6990.0,0.8247,42837.0,0.8249,12310.0,0.825,81531.0
1753503764823,04:22:44.823,ADA/USDT:USDT,0.8248,6990.0,0.8247,42837.0,0.8249,12310.0,0.825,81531.0
1753503764922,04:22:44.922,ADA/USDT:USDT,0.8248,7005.0,0.8247,40354.0,0.8249,12310.0,0.825,84006.0
1753503765022,04:22:45.022,ADA/USDT:USDT,0.8248,7005.0,0.8247,46408.0,0.8249,12310.0,0.825,80330.0
1753503765122,04:22:45.122,ADA/USDT:USDT,0.8248,7005.0,0.8247,46408.0,0.8249,12499.0,0.825,80355.0
1753503765222,04:22:45.222,ADA/USDT:USDT,0.8248,7005.0,0.8247,40841.0,0.8249,12499.0,0.825,81326.0
1753503765323,04:22:45.323,ADA/USDT:USDT,0.8248,7005.0,0.8247,39870.0,0.8249,12499.0,0.825,81326.0
1753503765422,04:22:45.422,ADA/USDT:USDT,0.8248,7005.0,0.8247,41812.0,0.8249,12499.0,0.825,80355.0
1753503765523,04:22:45.523,ADA/USDT:USDT,0.8247,798.0,0.8246,15394.0,0.8248,31593.0,0.8249,103997.0
1753503765622,04:22:45.622,ADA/USDT:USDT,0.8247,798.0,0.8246,26315.0,0.8248,31593.0,0.8249,100154.0
1753503765722,04:22:45.722,ADA/USDT:USDT,0.8247,798.0,0.8246,3930.0,0.8248,33845.0,0.8249,103633.0
1753503765822,04:22:45.822,ADA/USDT:USDT,0.8247,798.0,0.8246,3930.0,0.8248,34272.0,0.8249,103605.0
1753503765925,04:22:45.925,ADA/USDT:USDT,0.8247,798.0,0.8246,3930.0,0.8248,33301.0,0.8249,103605.0
1753503766022,04:22:46.022,ADA/USDT:USDT,0.8247,1715.0,0.8246,88608.0,0.8248,26246.0,0.8249,101604.0
1753503766122,04:22:46.122,ADA/USDT:USDT,0.8247,1715.0,0.8246,80832.0,0.8248,26246.0,0.8249,101604.0
1753503766223,04:22:46.223,ADA/USDT:USDT,0.8247,1986.0,0.8246,80832.0,0.8248,20884.0,0.8249,101363.0
1753503766323,04:22:46.323,ADA/USDT:USDT,0.8247,798.0,0.8246,80832.0,0.8248,21527.0,0.8249,102393.0
1753503766423,04:22:46.423,ADA/USDT:USDT,0.8247,798.0,0.8246,70953.0,0.8248,22582.0,0.8249,107292.0
1753503766523,04:22:46.523,ADA/USDT:USDT,0.8247,1715.0,0.8246,39647.0,0.8248,22582.0,0.8249,107292.0
1753503766622,04:22:46.622,ADA/USDT:USDT,0.8247,798.0,0.8246,39647.0,0.8248,22583.0,0.8249,107292.0
1753503766723,04:22:46.723,ADA/USDT:USDT,0.8247,798.0,0.8246,33060.0,0.8248,22405.0,0.8249,107292.0
1753503766822,04:22:46.822,ADA/USDT:USDT,0.8247,798.0,0.8246,33060.0,0.8248,29435.0,0.8249,107292.0
1753503766923,04:22:46.923,ADA/USDT:USDT,0.8247,798.0,0.8246,22357.0,0.8248,29613.0,0.8249,107099.0
1753503767023,04:22:47.023,ADA/USDT:USDT,0.8247,1806.0,0.8246,55321.0,0.8248,21725.0,0.8249,107099.0
1753503767122,04:22:47.122,ADA/USDT:USDT,0.8247,798.0,0.8246,74258.0,0.8248,22977.0,0.8249,106069.0
1753503767223,04:22:47.223,ADA/USDT:USDT,0.8247,1806.0,0.8246,80856.0,0.8248,21082.0,0.8249,105039.0
1753503767323,04:22:47.323,ADA/USDT:USDT,0.8247,1806.0,0.8246,80856.0,0.8248,21768.0,0.8249,107099.0
1753503767422,04:22:47.422,ADA/USDT:USDT,0.8247,1806.0,0.8246,80856.0,0.8248,22617.0,0.8249,107099.0
1753503767522,04:22:47.522,ADA/USDT:USDT,0.8247,798.0,0.8246,19874.0,0.8248,24677.0,0.8249,107099.0
1753503767622,04:22:47.622,ADA/USDT:USDT,0.8247,798.0,0.8246,22357.0,0.8248,24677.0,0.8249,107099.0
