timestamp,time,symbol,bid1_price,bid1_volume,bid2_price,bid2_volume,ask1_price,ask1_volume,ask2_price,ask2_volume
1753503734190,04:22:14.190,AAVE/USDT:USDT,297.36,0.02,297.35,10.65,297.37,2.91,297.38,5.66
1753503734291,04:22:14.291,AAVE/USDT:USDT,297.36,0.02,297.35,10.65,297.37,2.91,297.38,5.66
1753503734391,04:22:14.391,AAVE/USDT:USDT,297.36,0.02,297.35,10.65,297.37,2.91,297.38,5.66
1753503734491,04:22:14.491,AAVE/USDT:USDT,297.36,0.02,297.35,10.65,297.37,2.91,297.38,5.66
1753503734591,04:22:14.591,AAVE/USDT:USDT,297.36,0.02,297.35,10.65,297.37,2.91,297.38,5.66
1753503734691,04:22:14.691,AAVE/USDT:USDT,297.36,0.02,297.35,10.65,297.37,2.91,297.38,5.66
1753503734792,04:22:14.792,AAVE/USDT:USDT,297.36,0.02,297.35,10.65,297.37,2.91,297.38,5.66
1753503734891,04:22:14.891,AAVE/USDT:USDT,297.36,0.02,297.35,10.65,297.37,2.91,297.38,5.66
1753503734991,04:22:14.991,AAVE/USDT:USDT,297.36,0.02,297.35,10.65,297.37,2.91,297.38,4.08
1753503735091,04:22:15.091,AAVE/USDT:USDT,297.36,0.02,297.35,10.65,297.37,2.91,297.38,4.08
1753503735190,04:22:15.190,AAVE/USDT:USDT,297.36,0.02,297.35,10.65,297.37,2.91,297.38,4.08
1753503735291,04:22:15.291,AAVE/USDT:USDT,297.36,0.02,297.35,10.65,297.37,2.91,297.38,4.08
1753503735391,04:22:15.391,AAVE/USDT:USDT,297.36,0.02,297.35,10.65,297.37,2.91,297.38,4.08
1753503735492,04:22:15.492,AAVE/USDT:USDT,297.35,0.42,297.34,3.08,297.36,2.58,297.37,2.58
1753503735591,04:22:15.591,AAVE/USDT:USDT,297.35,0.42,297.34,3.08,297.36,2.58,297.37,2.58
1753503735691,04:22:15.691,AAVE/USDT:USDT,297.35,0.42,297.34,3.08,297.36,2.58,297.37,2.58
1753503735791,04:22:15.791,AAVE/USDT:USDT,297.35,0.42,297.34,3.08,297.36,2.58,297.37,2.58
1753503735892,04:22:15.892,AAVE/USDT:USDT,297.35,0.42,297.34,3.08,297.36,2.58,297.37,2.58
1753503735991,04:22:15.991,AAVE/USDT:USDT,297.35,0.42,297.34,3.08,297.36,2.58,297.37,2.58
1753503736091,04:22:16.091,AAVE/USDT:USDT,297.35,0.42,297.34,3.08,297.36,2.58,297.37,2.58
1753503736191,04:22:16.191,AAVE/USDT:USDT,297.35,0.42,297.34,3.08,297.36,2.58,297.37,2.58
1753503736291,04:22:16.291,AAVE/USDT:USDT,297.35,1.01,297.34,3.08,297.36,2.58,297.37,2.58
1753503736391,04:22:16.391,AAVE/USDT:USDT,297.35,1.01,297.34,3.08,297.36,2.58,297.37,2.58
1753503736490,04:22:16.490,AAVE/USDT:USDT,297.35,1.01,297.34,3.08,297.36,2.58,297.37,2.58
1753503736591,04:22:16.591,AAVE/USDT:USDT,297.35,0.42,297.34,3.08,297.36,2.58,297.37,2.58
1753503736691,04:22:16.691,AAVE/USDT:USDT,297.35,0.42,297.34,3.08,297.36,2.58,297.37,2.58
1753503736791,04:22:16.791,AAVE/USDT:USDT,297.35,0.42,297.34,2.63,297.36,2.58,297.37,2.58
1753503736891,04:22:16.891,AAVE/USDT:USDT,297.35,0.42,297.34,2.63,297.36,2.58,297.37,2.58
1753503736991,04:22:16.991,AAVE/USDT:USDT,297.35,0.42,297.34,2.63,297.36,2.58,297.37,2.58
1753503737091,04:22:17.091,AAVE/USDT:USDT,297.35,0.42,297.34,2.63,297.36,2.58,297.37,2.58
1753503737192,04:22:17.192,AAVE/USDT:USDT,297.35,0.42,297.34,2.63,297.36,2.58,297.37,2.58
1753503737291,04:22:17.291,AAVE/USDT:USDT,297.35,0.42,297.34,1.11,297.36,2.58,297.37,2.58
1753503737391,04:22:17.391,AAVE/USDT:USDT,297.35,0.42,297.34,1.11,297.36,2.58,297.37,2.58
1753503737491,04:22:17.491,AAVE/USDT:USDT,297.34,0.69,297.33,0.31,297.35,4.61,297.36,4.39
1753503737591,04:22:17.591,AAVE/USDT:USDT,297.34,0.69,297.33,0.31,297.35,4.61,297.36,4.39
1753503737691,04:22:17.691,AAVE/USDT:USDT,297.34,0.69,297.33,0.31,297.35,4.61,297.36,4.39
1753503737791,04:22:17.791,AAVE/USDT:USDT,297.34,0.78,297.33,1.87,297.35,0.1,297.36,0.31
1753503737891,04:22:17.891,AAVE/USDT:USDT,297.34,2.2,297.33,1.87,297.35,0.1,297.37,2.83
1753503737991,04:22:17.991,AAVE/USDT:USDT,297.34,2.2,297.33,1.87,297.35,0.1,297.37,2.83
1753503738090,04:22:18.090,AAVE/USDT:USDT,297.34,2.2,297.33,1.87,297.35,0.1,297.37,2.83
1753503738291,04:22:18.291,AAVE/USDT:USDT,297.34,2.2,297.33,1.87,297.35,0.1,297.37,2.83
1753503738391,04:22:18.391,AAVE/USDT:USDT,297.34,2.2,297.33,1.87,297.35,0.1,297.37,2.83
1753503738491,04:22:18.491,AAVE/USDT:USDT,297.34,2.2,297.33,0.31,297.35,0.1,297.37,2.83
1753503738591,04:22:18.591,AAVE/USDT:USDT,297.34,2.2,297.33,0.31,297.35,0.1,297.37,2.83
1753503738691,04:22:18.691,AAVE/USDT:USDT,297.34,2.2,297.33,0.31,297.35,0.1,297.37,2.83
1753503738791,04:22:18.791,AAVE/USDT:USDT,297.34,2.2,297.33,0.31,297.35,0.1,297.37,2.83
1753503738891,04:22:18.891,AAVE/USDT:USDT,297.34,3.43,297.33,0.31,297.35,0.1,297.37,0.25
1753503738991,04:22:18.991,AAVE/USDT:USDT,297.34,4.55,297.33,2.21,297.35,0.1,297.37,0.25
1753503739099,04:22:19.099,AAVE/USDT:USDT,297.34,4.55,297.33,2.21,297.35,0.1,297.37,0.25
1753503739391,04:22:19.391,AAVE/USDT:USDT,297.34,4.55,297.33,2.21,297.35,0.1,297.37,0.25
1753503739491,04:22:19.491,AAVE/USDT:USDT,297.34,4.55,297.33,2.21,297.35,0.1,297.37,0.25
1753503739591,04:22:19.591,AAVE/USDT:USDT,297.34,4.55,297.33,2.21,297.35,0.1,297.37,0.25
1753503739692,04:22:19.692,AAVE/USDT:USDT,297.38,4.09,297.37,6.07,297.39,0.14,297.4,0.63
1753503739793,04:22:19.793,AAVE/USDT:USDT,297.38,4.09,297.37,6.07,297.39,0.14,297.4,0.63
1753503739891,04:22:19.891,AAVE/USDT:USDT,297.38,0.42,297.37,0.42,297.39,2.88,297.4,0.59
1753503739991,04:22:19.991,AAVE/USDT:USDT,297.38,0.42,297.37,0.42,297.39,2.88,297.4,0.59
1753503740091,04:22:20.091,AAVE/USDT:USDT,297.38,0.42,297.37,0.42,297.39,2.88,297.4,0.59
1753503740191,04:22:20.191,AAVE/USDT:USDT,297.38,0.42,297.37,0.42,297.39,2.88,297.4,0.59
1753503740291,04:22:20.291,AAVE/USDT:USDT,297.37,0.42,297.36,3.12,297.38,2.58,297.39,2.88
1753503740391,04:22:20.391,AAVE/USDT:USDT,297.37,0.42,297.36,3.12,297.38,2.58,297.39,2.88
1753503740491,04:22:20.491,AAVE/USDT:USDT,297.37,0.42,297.36,3.12,297.38,2.58,297.39,2.88
1753503740591,04:22:20.591,AAVE/USDT:USDT,297.37,0.42,297.36,3.12,297.38,2.58,297.39,2.88
1753503740691,04:22:20.691,AAVE/USDT:USDT,297.37,0.42,297.36,3.12,297.38,2.58,297.39,2.88
1753503740791,04:22:20.791,AAVE/USDT:USDT,297.38,0.42,297.37,9.08,297.39,0.14,297.4,0.84
1753503740891,04:22:20.891,AAVE/USDT:USDT,297.38,0.42,297.37,9.08,297.39,0.14,297.4,0.84
1753503740991,04:22:20.991,AAVE/USDT:USDT,297.38,0.42,297.37,9.08,297.39,0.14,297.4,0.84
1753503741091,04:22:21.091,AAVE/USDT:USDT,297.38,0.42,297.37,9.08,297.39,0.14,297.4,0.84
1753503741191,04:22:21.191,AAVE/USDT:USDT,297.37,8.66,297.36,2.79,297.38,1.86,297.39,7.08
1753503741291,04:22:21.291,AAVE/USDT:USDT,297.37,8.66,297.36,2.79,297.38,1.86,297.39,7.08
1753503741391,04:22:21.391,AAVE/USDT:USDT,297.37,8.66,297.36,4.32,297.38,1.44,297.39,4.08
1753503741491,04:22:21.491,AAVE/USDT:USDT,297.37,8.66,297.35,1.96,297.38,2.71,297.39,5.91
1753503741591,04:22:21.591,AAVE/USDT:USDT,297.37,8.66,297.36,1.53,297.38,1.44,297.39,5.66
1753503741691,04:22:21.691,AAVE/USDT:USDT,297.37,8.66,297.36,1.53,297.38,1.44,297.39,5.66
1753503741791,04:22:21.791,AAVE/USDT:USDT,297.37,8.66,297.36,1.53,297.38,1.44,297.39,5.66
1753503741892,04:22:21.892,AAVE/USDT:USDT,297.37,8.66,297.36,1.53,297.38,1.44,297.39,5.66
1753503741990,04:22:21.990,AAVE/USDT:USDT,297.37,8.66,297.35,1.96,297.38,1.44,297.39,5.66
1753503742091,04:22:22.091,AAVE/USDT:USDT,297.34,0.69,297.33,0.02,297.35,8.3,297.36,8.77
1753503742191,04:22:22.191,AAVE/USDT:USDT,297.34,0.69,297.33,0.02,297.35,7.88,297.36,8.57
1753503742291,04:22:22.291,AAVE/USDT:USDT,297.35,3.29,297.34,1.89,297.36,0.07,297.37,3.86
1753503742391,04:22:22.391,AAVE/USDT:USDT,297.36,7.26,297.35,6.69,297.37,0.55,297.38,0.04
1753503742492,04:22:22.492,AAVE/USDT:USDT,297.36,7.26,297.35,6.69,297.37,0.55,297.38,0.04
1753503742590,04:22:22.590,AAVE/USDT:USDT,297.36,5.76,297.35,6.69,297.37,0.55,297.38,0.04
1753503742691,04:22:22.691,AAVE/USDT:USDT,297.36,5.76,297.35,5.18,297.37,0.55,297.38,0.04
1753503742791,04:22:22.791,AAVE/USDT:USDT,297.36,5.47,297.35,5.18,297.37,0.55,297.38,0.04
1753503742891,04:22:22.891,AAVE/USDT:USDT,297.36,5.47,297.35,6.69,297.37,0.55,297.38,0.04
1753503742991,04:22:22.991,AAVE/USDT:USDT,297.36,5.47,297.35,6.69,297.37,0.55,297.38,0.04
1753503743091,04:22:23.091,AAVE/USDT:USDT,297.36,5.84,297.35,6.69,297.37,0.55,297.38,0.04
1753503743191,04:22:23.191,AAVE/USDT:USDT,297.36,5.84,297.35,6.69,297.37,0.55,297.38,0.04
1753503743291,04:22:23.291,AAVE/USDT:USDT,297.36,5.84,297.35,6.69,297.37,0.55,297.38,0.04
1753503743390,04:22:23.390,AAVE/USDT:USDT,297.36,5.84,297.35,6.69,297.37,0.55,297.38,0.04
1753503743491,04:22:23.491,AAVE/USDT:USDT,297.36,4.72,297.35,3.29,297.37,0.55,297.38,0.04
1753503743591,04:22:23.591,AAVE/USDT:USDT,297.36,4.72,297.35,3.29,297.37,0.55,297.38,0.04
1753503743691,04:22:23.691,AAVE/USDT:USDT,297.36,4.72,297.35,3.29,297.37,0.55,297.38,0.04
1753503743794,04:22:23.794,AAVE/USDT:USDT,297.36,4.72,297.35,3.29,297.37,0.55,297.38,0.04
1753503743890,04:22:23.890,AAVE/USDT:USDT,297.36,4.72,297.35,3.29,297.37,0.55,297.38,0.04
1753503743991,04:22:23.991,AAVE/USDT:USDT,297.36,4.72,297.35,3.29,297.37,0.55,297.38,0.04
1753503744091,04:22:24.091,AAVE/USDT:USDT,297.36,4.72,297.35,3.29,297.37,0.55,297.38,0.04
1753503744290,04:22:24.290,AAVE/USDT:USDT,297.36,4.72,297.35,3.29,297.37,0.55,297.38,0.04
1753503744391,04:22:24.391,AAVE/USDT:USDT,297.36,4.72,297.35,3.29,297.37,0.55,297.38,0.04
1753503744491,04:22:24.491,AAVE/USDT:USDT,297.36,4.3,297.35,3.29,297.37,0.55,297.38,0.04
1753503744591,04:22:24.591,AAVE/USDT:USDT,297.36,5.42,297.35,5.18,297.37,0.55,297.38,0.04
1753503744691,04:22:24.691,AAVE/USDT:USDT,297.36,5.42,297.35,5.18,297.37,0.55,297.38,0.04
1753503744791,04:22:24.791,AAVE/USDT:USDT,297.36,5.42,297.35,5.18,297.37,0.55,297.38,0.04
1753503744991,04:22:24.991,AAVE/USDT:USDT,297.36,9.75,297.35,5.18,297.37,0.55,297.38,0.04
1753503745091,04:22:25.091,AAVE/USDT:USDT,297.36,9.75,297.35,5.18,297.37,0.55,297.38,0.04
1753503745191,04:22:25.191,AAVE/USDT:USDT,297.36,7.57,297.35,3.29,297.37,0.55,297.38,0.04
1753503745392,04:22:25.392,AAVE/USDT:USDT,297.36,7.57,297.35,4.8,297.37,0.55,297.38,0.04
1753503745491,04:22:25.491,AAVE/USDT:USDT,297.36,7.57,297.35,3.29,297.37,0.55,297.38,0.04
1753503745591,04:22:25.591,AAVE/USDT:USDT,297.36,7.57,297.35,3.29,297.37,0.55,297.38,0.04
1753503745691,04:22:25.691,AAVE/USDT:USDT,297.36,4.7,297.34,0.06,297.37,2.86,297.38,0.24
1753503745793,04:22:25.793,AAVE/USDT:USDT,297.36,4.7,297.34,0.3,297.37,4.36,297.38,0.24
1753503745890,04:22:25.890,AAVE/USDT:USDT,297.36,4.7,297.34,0.3,297.37,4.36,297.38,0.24
1753503745991,04:22:25.991,AAVE/USDT:USDT,297.36,4.7,297.34,0.3,297.37,2.54,297.38,0.24
1753503746091,04:22:26.091,AAVE/USDT:USDT,297.36,4.7,297.34,0.3,297.37,1.18,297.38,0.24
1753503746191,04:22:26.191,AAVE/USDT:USDT,297.36,4.7,297.34,0.3,297.37,1.18,297.38,0.24
1753503746291,04:22:26.291,AAVE/USDT:USDT,297.36,4.7,297.34,0.3,297.37,1.18,297.38,0.24
1753503746391,04:22:26.391,AAVE/USDT:USDT,297.36,4.7,297.34,0.3,297.37,2.72,297.38,0.24
1753503746491,04:22:26.491,AAVE/USDT:USDT,297.36,4.7,297.34,0.3,297.37,4.22,297.38,0.24
1753503746591,04:22:26.591,AAVE/USDT:USDT,297.36,4.7,297.34,0.3,297.37,4.22,297.38,0.24
1753503746691,04:22:26.691,AAVE/USDT:USDT,297.36,4.7,297.34,0.3,297.37,4.22,297.38,0.24
1753503746791,04:22:26.791,AAVE/USDT:USDT,297.36,4.7,297.34,0.3,297.37,4.22,297.38,0.24
1753503746891,04:22:26.891,AAVE/USDT:USDT,297.34,0.3,297.33,0.44,297.35,2.58,297.36,4.75
1753503746990,04:22:26.990,AAVE/USDT:USDT,297.34,0.02,297.33,0.06,297.35,8.52,297.36,11.48
1753503747091,04:22:27.091,AAVE/USDT:USDT,297.34,0.02,297.33,0.06,297.35,8.52,297.36,11.48
1753503747191,04:22:27.191,AAVE/USDT:USDT,297.34,0.08,297.33,0.3,297.35,2.58,297.36,2.83
1753503747292,04:22:27.292,AAVE/USDT:USDT,297.35,0.42,297.34,3.04,297.36,0.42,297.37,2.51
1753503747391,04:22:27.391,AAVE/USDT:USDT,297.35,0.42,297.34,3.04,297.36,0.42,297.37,2.51
1753503747491,04:22:27.491,AAVE/USDT:USDT,297.34,2.62,297.33,0.26,297.36,3.0,297.37,2.41
1753503747591,04:22:27.591,AAVE/USDT:USDT,297.34,2.62,297.33,0.26,297.36,3.0,297.37,2.41
1753503747691,04:22:27.691,AAVE/USDT:USDT,297.34,2.62,297.33,0.26,297.35,0.1,297.36,3.0
1753503747791,04:22:27.791,AAVE/USDT:USDT,297.34,2.62,297.33,0.26,297.35,0.1,297.36,3.0
1753503747891,04:22:27.891,AAVE/USDT:USDT,297.34,2.62,297.33,0.26,297.35,0.1,297.36,3.0
1753503747990,04:22:27.990,AAVE/USDT:USDT,297.34,2.62,297.33,0.26,297.35,0.1,297.36,3.0
1753503748091,04:22:28.091,AAVE/USDT:USDT,297.34,2.62,297.33,0.26,297.35,0.1,297.36,3.0
1753503748191,04:22:28.191,AAVE/USDT:USDT,297.34,2.62,297.33,0.26,297.35,0.1,297.36,3.0
1753503748291,04:22:28.291,AAVE/USDT:USDT,297.34,2.62,297.33,0.26,297.35,0.1,297.36,3.0
1753503748391,04:22:28.391,AAVE/USDT:USDT,297.34,0.02,297.33,0.26,297.35,1.54,297.36,3.0
1753503748491,04:22:28.491,AAVE/USDT:USDT,297.34,0.44,297.33,0.26,297.35,0.1,297.36,3.0
1753503748591,04:22:28.591,AAVE/USDT:USDT,297.34,0.44,297.33,0.26,297.35,0.1,297.36,3.0
1753503748792,04:22:28.792,AAVE/USDT:USDT,297.34,0.44,297.33,0.26,297.35,0.1,297.36,3.0
1753503748891,04:22:28.891,AAVE/USDT:USDT,297.34,0.44,297.33,0.26,297.35,1.6,297.36,3.0
1753503748992,04:22:28.992,AAVE/USDT:USDT,297.34,0.44,297.33,0.26,297.35,1.6,297.36,3.0
1753503749291,04:22:29.291,AAVE/USDT:USDT,297.34,0.44,297.33,0.26,297.35,1.6,297.36,3.0
1753503749390,04:22:29.390,AAVE/USDT:USDT,297.34,0.44,297.33,0.26,297.35,0.1,297.36,3.0
1753503749491,04:22:29.491,AAVE/USDT:USDT,297.34,0.44,297.33,0.26,297.35,0.1,297.36,3.0
1753503749690,04:22:29.690,AAVE/USDT:USDT,297.34,0.44,297.33,0.26,297.35,2.68,297.36,3.0
1753503749793,04:22:29.793,AAVE/USDT:USDT,297.34,0.44,297.33,0.26,297.35,2.68,297.36,3.0
1753503749891,04:22:29.891,AAVE/USDT:USDT,297.35,0.42,297.34,1.87,297.36,2.58,297.37,2.23
1753503749991,04:22:29.991,AAVE/USDT:USDT,297.35,0.42,297.34,1.87,297.36,2.58,297.37,1.99
1753503750090,04:22:30.090,AAVE/USDT:USDT,297.35,0.42,297.34,1.87,297.36,2.58,297.37,1.99
1753503750191,04:22:30.191,AAVE/USDT:USDT,297.35,0.42,297.34,1.87,297.36,2.58,297.37,3.51
1753503750291,04:22:30.291,AAVE/USDT:USDT,297.35,0.42,297.34,1.87,297.36,2.58,297.37,3.51
1753503750391,04:22:30.391,AAVE/USDT:USDT,297.35,0.42,297.34,1.87,297.36,2.58,297.37,3.51
1753503750491,04:22:30.491,AAVE/USDT:USDT,297.35,0.42,297.34,1.87,297.36,2.58,297.37,3.51
1753503750591,04:22:30.591,AAVE/USDT:USDT,297.35,0.42,297.34,1.87,297.36,2.58,297.37,3.51
1753503750691,04:22:30.691,AAVE/USDT:USDT,297.35,0.42,297.34,1.87,297.36,2.58,297.37,3.51
1753503750791,04:22:30.791,AAVE/USDT:USDT,297.35,0.42,297.34,1.87,297.36,2.58,297.37,3.51
1753503750891,04:22:30.891,AAVE/USDT:USDT,297.34,1.45,297.33,0.26,297.36,3.59,297.37,5.11
1753503750991,04:22:30.991,AAVE/USDT:USDT,297.34,0.02,297.33,0.26,297.35,3.15,297.36,5.09
1753503751091,04:22:31.091,AAVE/USDT:USDT,297.34,0.02,297.33,0.26,297.35,3.15,297.36,5.09
1753503751191,04:22:31.191,AAVE/USDT:USDT,297.34,0.02,297.33,0.26,297.35,3.15,297.36,5.09
1753503751291,04:22:31.291,AAVE/USDT:USDT,297.34,0.02,297.33,0.26,297.35,3.15,297.36,5.09
1753503751490,04:22:31.490,AAVE/USDT:USDT,297.34,0.02,297.33,0.26,297.35,3.43,297.36,5.09
1753503751591,04:22:31.591,AAVE/USDT:USDT,297.34,0.02,297.33,0.26,297.35,3.43,297.36,5.09
1753503751691,04:22:31.691,AAVE/USDT:USDT,297.34,0.02,297.33,0.26,297.35,3.43,297.36,5.09
1753503751792,04:22:31.792,AAVE/USDT:USDT,297.34,0.02,297.33,0.26,297.35,3.43,297.36,4.36
1753503751891,04:22:31.891,AAVE/USDT:USDT,297.34,0.02,297.33,0.26,297.35,3.43,297.36,4.36
1753503751991,04:22:31.991,AAVE/USDT:USDT,297.34,0.02,297.33,0.26,297.35,3.43,297.36,4.36
1753503752291,04:22:32.291,AAVE/USDT:USDT,297.34,0.02,297.33,0.26,297.35,3.43,297.36,4.36
1753503752390,04:22:32.390,AAVE/USDT:USDT,297.34,0.02,297.33,0.26,297.35,3.43,297.36,4.36
1753503752591,04:22:32.591,AAVE/USDT:USDT,297.34,0.02,297.33,0.26,297.35,3.01,297.36,4.36
1753503752691,04:22:32.691,AAVE/USDT:USDT,297.34,0.02,297.33,0.26,297.35,3.01,297.36,4.36
1753503752791,04:22:32.791,AAVE/USDT:USDT,297.34,0.02,297.33,0.26,297.35,3.01,297.36,4.36
1753503752891,04:22:32.891,AAVE/USDT:USDT,297.34,0.02,297.33,0.26,297.35,3.01,297.36,4.36
1753503752991,04:22:32.991,AAVE/USDT:USDT,297.34,0.02,297.33,0.26,297.35,3.01,297.36,4.36
1753503753191,04:22:33.191,AAVE/USDT:USDT,297.34,0.02,297.33,0.26,297.35,3.01,297.36,4.36
1753503753291,04:22:33.291,AAVE/USDT:USDT,297.34,0.02,297.33,0.26,297.35,3.01,297.36,4.36
1753503753591,04:22:33.591,AAVE/USDT:USDT,297.34,0.02,297.33,0.26,297.35,3.01,297.36,4.36
1753503753790,04:22:33.790,AAVE/USDT:USDT,297.34,0.44,297.33,0.26,297.35,4.44,297.36,4.36
1753503753891,04:22:33.891,AAVE/USDT:USDT,297.34,0.02,297.33,0.26,297.35,4.44,297.36,4.36
1753503753991,04:22:33.991,AAVE/USDT:USDT,297.34,0.44,297.33,0.26,297.35,4.29,297.36,4.36
1753503754091,04:22:34.091,AAVE/USDT:USDT,297.34,0.44,297.33,0.26,297.35,4.29,297.36,4.36
1753503754292,04:22:34.292,AAVE/USDT:USDT,297.34,0.44,297.33,0.26,297.35,4.29,297.36,4.36
1753503754391,04:22:34.391,AAVE/USDT:USDT,297.34,0.44,297.33,0.26,297.35,4.29,297.36,4.36
1753503754491,04:22:34.491,AAVE/USDT:USDT,297.34,0.44,297.33,0.26,297.35,4.29,297.36,4.36
1753503754591,04:22:34.591,AAVE/USDT:USDT,297.33,0.02,297.32,0.06,297.34,0.42,297.35,4.29
1753503754691,04:22:34.691,AAVE/USDT:USDT,297.33,0.02,297.32,0.06,297.34,3.35,297.35,4.29
1753503754791,04:22:34.791,AAVE/USDT:USDT,297.33,2.06,297.32,0.06,297.35,1.71,297.36,7.23
1753503754891,04:22:34.891,AAVE/USDT:USDT,297.33,2.06,297.32,0.26,297.35,1.71,297.36,7.19
1753503754991,04:22:34.991,AAVE/USDT:USDT,297.33,1.64,297.32,0.26,297.35,1.93,297.36,7.19
1753503755091,04:22:35.091,AAVE/USDT:USDT,297.33,1.64,297.32,0.26,297.34,1.08,297.35,2.63
1753503755291,04:22:35.291,AAVE/USDT:USDT,297.33,0.02,297.32,0.26,297.34,2.79,297.35,0.92
1753503755391,04:22:35.391,AAVE/USDT:USDT,297.33,0.02,297.32,0.26,297.34,2.79,297.35,0.92
1753503755492,04:22:35.492,AAVE/USDT:USDT,297.33,0.02,297.32,0.26,297.34,2.79,297.35,0.92
1753503755591,04:22:35.591,AAVE/USDT:USDT,297.33,1.4,297.32,0.26,297.34,1.71,297.35,0.92
1753503755691,04:22:35.691,AAVE/USDT:USDT,297.35,4.68,297.34,5.64,297.37,6.06,297.38,16.39
1753503755793,04:22:35.793,AAVE/USDT:USDT,297.36,0.68,297.35,4.68,297.37,0.55,297.38,0.26
1753503755891,04:22:35.891,AAVE/USDT:USDT,297.36,0.68,297.35,4.68,297.37,0.55,297.38,0.26
1753503755991,04:22:35.991,AAVE/USDT:USDT,297.36,0.68,297.35,4.26,297.37,0.55,297.38,0.26
1753503756091,04:22:36.091,AAVE/USDT:USDT,297.36,0.68,297.35,4.26,297.37,0.55,297.38,0.26
1753503756291,04:22:36.291,AAVE/USDT:USDT,297.36,0.68,297.35,4.26,297.37,0.55,297.38,0.26
1753503756391,04:22:36.391,AAVE/USDT:USDT,297.36,0.68,297.35,4.26,297.37,0.55,297.38,0.26
1753503756490,04:22:36.490,AAVE/USDT:USDT,297.36,0.68,297.35,4.26,297.37,0.55,297.38,0.26
1753503756591,04:22:36.591,AAVE/USDT:USDT,297.36,0.68,297.35,4.26,297.37,0.55,297.38,0.26
1753503756690,04:22:36.690,AAVE/USDT:USDT,297.35,1.47,297.34,2.68,297.36,0.42,297.37,1.42
1753503756791,04:22:36.791,AAVE/USDT:USDT,297.35,1.47,297.34,2.64,297.36,0.42,297.37,1.42
1753503756891,04:22:36.891,AAVE/USDT:USDT,297.35,1.47,297.34,2.64,297.36,0.42,297.37,1.42
1753503756991,04:22:36.991,AAVE/USDT:USDT,297.35,1.47,297.34,2.64,297.36,0.42,297.37,1.42
1753503757191,04:22:37.191,AAVE/USDT:USDT,297.35,1.47,297.34,2.64,297.36,0.42,297.37,1.42
1753503757291,04:22:37.291,AAVE/USDT:USDT,297.35,1.47,297.34,2.64,297.36,0.42,297.37,1.42
1753503757391,04:22:37.391,AAVE/USDT:USDT,297.35,1.47,297.34,2.64,297.36,0.42,297.37,1.42
1753503757492,04:22:37.492,AAVE/USDT:USDT,297.34,2.23,297.33,2.95,297.36,1.19,297.37,1.73
1753503757592,04:22:37.592,AAVE/USDT:USDT,297.34,2.23,297.33,2.95,297.36,0.42,297.37,1.73
1753503757691,04:22:37.691,AAVE/USDT:USDT,297.34,2.23,297.33,2.95,297.36,0.42,297.37,1.73
1753503757891,04:22:37.891,AAVE/USDT:USDT,297.34,2.23,297.33,2.95,297.36,0.42,297.37,1.73
1753503757991,04:22:37.991,AAVE/USDT:USDT,297.34,2.23,297.33,2.95,297.36,0.42,297.37,1.73
1753503758091,04:22:38.091,AAVE/USDT:USDT,297.34,2.23,297.33,2.95,297.36,0.42,297.37,1.66
1753503758192,04:22:38.192,AAVE/USDT:USDT,297.35,0.42,297.34,2.23,297.36,0.42,297.37,1.77
1753503758291,04:22:38.291,AAVE/USDT:USDT,297.35,1.89,297.34,2.23,297.36,0.42,297.37,1.77
1753503758392,04:22:38.392,AAVE/USDT:USDT,297.36,0.42,297.35,2.71,297.37,1.11,297.38,0.26
1753503758491,04:22:38.491,AAVE/USDT:USDT,297.36,0.42,297.35,2.71,297.37,1.11,297.38,0.26
1753503758591,04:22:38.591,AAVE/USDT:USDT,297.36,0.42,297.35,2.71,297.37,1.11,297.38,0.26
1753503758692,04:22:38.692,AAVE/USDT:USDT,297.36,0.42,297.35,2.71,297.37,1.11,297.38,0.26
1753503758791,04:22:38.791,AAVE/USDT:USDT,297.36,0.42,297.35,2.71,297.37,1.11,297.38,0.26
1753503758891,04:22:38.891,AAVE/USDT:USDT,297.36,0.42,297.35,2.71,297.37,1.11,297.38,0.26
1753503758991,04:22:38.991,AAVE/USDT:USDT,297.36,0.42,297.35,2.71,297.37,1.11,297.38,0.26
1753503759091,04:22:39.091,AAVE/USDT:USDT,297.35,2.71,297.34,2.47,297.36,0.31,297.37,1.11
1753503759191,04:22:39.191,AAVE/USDT:USDT,297.35,2.71,297.34,2.47,297.36,0.31,297.37,1.11
1753503759291,04:22:39.291,AAVE/USDT:USDT,297.35,2.71,297.34,2.47,297.36,0.31,297.37,1.11
1753503759391,04:22:39.391,AAVE/USDT:USDT,297.35,2.71,297.34,2.47,297.36,0.31,297.37,1.11
1753503759492,04:22:39.492,AAVE/USDT:USDT,297.35,2.71,297.34,2.47,297.36,0.31,297.37,1.11
1753503759591,04:22:39.591,AAVE/USDT:USDT,297.35,2.71,297.34,2.47,297.36,0.31,297.37,1.11
1753503759691,04:22:39.691,AAVE/USDT:USDT,297.35,2.71,297.34,2.47,297.36,0.31,297.37,1.11
1753503759891,04:22:39.891,AAVE/USDT:USDT,297.35,2.71,297.34,2.47,297.36,0.31,297.37,1.11
1753503759991,04:22:39.991,AAVE/USDT:USDT,297.35,2.71,297.34,2.47,297.36,0.31,297.37,1.11
1753503760091,04:22:40.091,AAVE/USDT:USDT,297.35,2.71,297.34,2.47,297.36,0.31,297.37,1.11
1753503760191,04:22:40.191,AAVE/USDT:USDT,297.35,2.71,297.34,2.47,297.36,0.31,297.37,1.11
1753503760292,04:22:40.292,AAVE/USDT:USDT,297.34,2.23,297.33,2.99,297.36,0.31,297.37,1.35
1753503760391,04:22:40.391,AAVE/USDT:USDT,297.34,2.23,297.33,2.95,297.35,0.42,297.36,2.04
1753503760491,04:22:40.491,AAVE/USDT:USDT,297.34,2.23,297.33,2.95,297.35,0.42,297.36,2.04
1753503760591,04:22:40.591,AAVE/USDT:USDT,297.33,2.95,297.32,0.29,297.35,1.84,297.36,2.04
1753503760691,04:22:40.691,AAVE/USDT:USDT,297.33,2.95,297.32,0.29,297.35,1.84,297.36,2.04
1753503760792,04:22:40.792,AAVE/USDT:USDT,297.33,2.95,297.32,0.29,297.35,1.84,297.36,2.04
1753503760891,04:22:40.891,AAVE/USDT:USDT,297.33,2.71,297.32,0.29,297.35,1.84,297.36,2.42
1753503761091,04:22:41.091,AAVE/USDT:USDT,297.33,2.71,297.32,0.29,297.35,1.84,297.36,2.42
1753503761190,04:22:41.190,AAVE/USDT:USDT,297.33,2.71,297.32,0.29,297.35,1.84,297.36,2.42
1753503761291,04:22:41.291,AAVE/USDT:USDT,297.33,2.71,297.32,0.29,297.35,0.42,297.36,2.42
1753503761392,04:22:41.392,AAVE/USDT:USDT,297.33,2.71,297.32,0.29,297.35,0.42,297.36,2.42
1753503761491,04:22:41.491,AAVE/USDT:USDT,297.35,0.42,297.34,0.7,297.36,0.23,297.37,1.11
1753503761591,04:22:41.591,AAVE/USDT:USDT,297.34,0.7,297.33,2.95,297.36,0.23,297.37,1.35
1753503761691,04:22:41.691,AAVE/USDT:USDT,297.34,0.7,297.33,2.95,297.36,0.23,297.37,1.35
1753503761791,04:22:41.791,AAVE/USDT:USDT,297.34,0.34,297.33,2.95,297.35,0.31,297.36,0.65
1753503761891,04:22:41.891,AAVE/USDT:USDT,297.33,2.71,297.32,0.26,297.35,1.73,297.36,2.37
1753503761991,04:22:41.991,AAVE/USDT:USDT,297.33,1.49,297.32,0.26,297.35,1.73,297.36,2.37
1753503762291,04:22:42.291,AAVE/USDT:USDT,297.33,1.49,297.32,0.26,297.35,1.73,297.36,0.89
1753503762391,04:22:42.391,AAVE/USDT:USDT,297.33,0.18,297.32,0.26,297.34,0.42,297.35,1.73
1753503762491,04:22:42.491,AAVE/USDT:USDT,297.33,0.18,297.32,0.26,297.34,0.42,297.35,1.73
1753503762591,04:22:42.591,AAVE/USDT:USDT,297.33,0.18,297.32,0.26,297.34,0.42,297.35,1.73
1753503762691,04:22:42.691,AAVE/USDT:USDT,297.33,0.18,297.32,0.26,297.34,0.42,297.35,1.73
1753503762791,04:22:42.791,AAVE/USDT:USDT,297.33,0.64,297.32,0.26,297.35,1.73,297.36,0.93
1753503762892,04:22:42.892,AAVE/USDT:USDT,297.34,0.42,297.33,1.11,297.35,1.73,297.36,0.89
1753503762991,04:22:42.991,AAVE/USDT:USDT,297.34,0.42,297.33,1.11,297.35,1.73,297.36,0.89
1753503763091,04:22:43.091,AAVE/USDT:USDT,297.34,0.42,297.33,1.11,297.35,1.73,297.36,0.89
1753503763191,04:22:43.191,AAVE/USDT:USDT,297.34,0.42,297.33,0.95,297.35,1.73,297.36,0.89
1753503763291,04:22:43.291,AAVE/USDT:USDT,297.34,0.58,297.33,0.95,297.35,1.73,297.36,0.89
1753503763392,04:22:43.392,AAVE/USDT:USDT,297.34,0.58,297.33,0.95,297.35,1.73,297.36,0.89
1753503763491,04:22:43.491,AAVE/USDT:USDT,297.34,0.58,297.33,0.95,297.35,1.73,297.36,0.89
1753503763591,04:22:43.591,AAVE/USDT:USDT,297.34,0.58,297.33,0.95,297.35,1.73,297.36,0.89
1753503763691,04:22:43.691,AAVE/USDT:USDT,297.34,0.58,297.33,0.95,297.35,1.73,297.36,0.89
1753503763891,04:22:43.891,AAVE/USDT:USDT,297.34,0.58,297.33,0.83,297.35,1.73,297.36,0.96
1753503763991,04:22:43.991,AAVE/USDT:USDT,297.34,0.16,297.33,0.02,297.35,1.73,297.36,0.96
1753503764091,04:22:44.091,AAVE/USDT:USDT,297.34,0.16,297.33,0.02,297.35,1.73,297.36,0.96
1753503764191,04:22:44.191,AAVE/USDT:USDT,297.34,0.16,297.33,0.02,297.35,1.73,297.36,0.89
1753503764391,04:22:44.391,AAVE/USDT:USDT,297.34,0.16,297.33,0.02,297.35,1.73,297.36,0.89
1753503764495,04:22:44.495,AAVE/USDT:USDT,297.34,0.16,297.33,0.02,297.35,2.69,297.36,2.37
1753503764590,04:22:44.590,AAVE/USDT:USDT,297.34,0.16,297.33,0.02,297.35,2.69,297.36,2.44
1753503764691,04:22:44.691,AAVE/USDT:USDT,297.34,0.16,297.33,0.02,297.35,2.69,297.36,2.44
1753503764791,04:22:44.791,AAVE/USDT:USDT,297.34,0.16,297.33,0.02,297.35,2.69,297.36,2.44
1753503764891,04:22:44.891,AAVE/USDT:USDT,297.34,0.16,297.33,0.02,297.35,2.69,297.36,2.44
1753503764990,04:22:44.990,AAVE/USDT:USDT,297.34,0.16,297.33,0.02,297.35,2.69,297.36,2.37
1753503765091,04:22:45.091,AAVE/USDT:USDT,297.34,0.16,297.33,0.02,297.35,2.69,297.36,2.37
1753503765291,04:22:45.291,AAVE/USDT:USDT,297.34,0.16,297.33,0.02,297.35,2.69,297.36,0.89
1753503765391,04:22:45.391,AAVE/USDT:USDT,297.34,0.16,297.33,0.02,297.35,2.69,297.36,0.89
1753503765491,04:22:45.491,AAVE/USDT:USDT,297.31,1.77,297.3,4.78,297.32,2.38,297.33,5.2
1753503765591,04:22:45.591,AAVE/USDT:USDT,297.31,1.35,297.3,2.62,297.32,2.38,297.33,4.82
1753503765692,04:22:45.692,AAVE/USDT:USDT,297.31,1.35,297.3,1.39,297.32,2.83,297.33,4.82
1753503765793,04:22:45.793,AAVE/USDT:USDT,297.3,0.04,297.28,0.33,297.31,3.88,297.32,2.83
1753503765891,04:22:45.891,AAVE/USDT:USDT,297.3,0.04,297.28,0.33,297.31,3.88,297.32,2.83
1753503765991,04:22:45.991,AAVE/USDT:USDT,297.3,0.02,297.28,0.33,297.31,2.37,297.32,2.83
1753503766091,04:22:46.091,AAVE/USDT:USDT,297.3,0.02,297.28,0.33,297.31,2.37,297.32,2.83
1753503766191,04:22:46.191,AAVE/USDT:USDT,297.3,0.02,297.28,0.33,297.31,2.37,297.32,2.83
1753503766291,04:22:46.291,AAVE/USDT:USDT,297.3,0.02,297.28,0.33,297.31,2.37,297.32,2.83
1753503766392,04:22:46.392,AAVE/USDT:USDT,297.3,0.02,297.28,0.33,297.31,2.37,297.32,2.83
1753503766491,04:22:46.491,AAVE/USDT:USDT,297.3,0.02,297.28,0.33,297.31,2.37,297.32,2.83
1753503766591,04:22:46.591,AAVE/USDT:USDT,297.3,0.02,297.28,0.33,297.31,3.88,297.32,2.83
1753503766691,04:22:46.691,AAVE/USDT:USDT,297.3,0.02,297.28,0.33,297.31,3.88,297.32,2.83
1753503766791,04:22:46.791,AAVE/USDT:USDT,297.3,0.02,297.28,0.33,297.31,3.88,297.32,2.83
1753503766891,04:22:46.891,AAVE/USDT:USDT,297.3,0.02,297.28,0.33,297.31,4.2,297.32,2.83
1753503766991,04:22:46.991,AAVE/USDT:USDT,297.3,0.02,297.28,0.33,297.31,4.2,297.32,2.83
1753503767091,04:22:47.091,AAVE/USDT:USDT,297.3,0.02,297.28,0.33,297.31,4.2,297.32,2.83
1753503767191,04:22:47.191,AAVE/USDT:USDT,297.3,0.02,297.28,0.33,297.31,3.88,297.32,0.45
1753503767291,04:22:47.291,AAVE/USDT:USDT,297.3,0.02,297.28,0.33,297.31,3.88,297.32,0.52
1753503767390,04:22:47.390,AAVE/USDT:USDT,297.3,0.02,297.28,0.33,297.31,3.88,297.32,0.52
1753503767490,04:22:47.490,AAVE/USDT:USDT,297.3,0.02,297.28,0.33,297.31,3.88,297.32,0.52
1753503767591,04:22:47.591,AAVE/USDT:USDT,297.3,0.02,297.28,0.33,297.31,3.88,297.32,4.35
1753503767691,04:22:47.691,AAVE/USDT:USDT,297.3,0.02,297.28,0.33,297.31,3.88,297.32,5.93
