timestamp,time,symbol,bid1_price,bid1_volume,bid2_price,bid2_volume,ask1_price,ask1_volume,ask2_price,ask2_volume
1753503734156,04:22:14.156,ALGO/USDT:USDT,0.27,12487.4,0.2699,114891.1,0.2701,48450.4,0.2702,91626.6
1753503734276,04:22:14.276,ALGO/USDT:USDT,0.27,11161.6,0.2699,114891.1,0.2701,48450.4,0.2702,91996.9
1753503734431,04:22:14.431,ALGO/USDT:USDT,0.27,11161.6,0.2699,114891.1,0.2701,48450.4,0.2702,91996.9
1753503734571,04:22:14.571,ALGO/USDT:USDT,0.27,11161.6,0.2699,114891.1,0.2701,49163.8,0.2702,91996.9
1753503734727,04:22:14.727,ALGO/USDT:USDT,0.2699,57464.2,0.2698,112010.5,0.27,18745.9,0.2701,113462.1
1753503734829,04:22:14.829,ALGO/USDT:USDT,0.2699,52250.2,0.2698,113233.3,0.27,17481.3,0.2701,112722.2
1753503734948,04:22:14.948,ALGO/USDT:USDT,0.2699,52250.2,0.2698,113233.3,0.27,17481.3,0.2701,107420.4
1753503735252,04:22:15.252,ALGO/USDT:USDT,0.2699,52250.2,0.2698,113233.3,0.27,17481.3,0.2701,107420.4
1753503735497,04:22:15.497,ALGO/USDT:USDT,0.2699,52359.6,0.2698,113233.3,0.27,17499.9,0.2701,107050.1
1753503735603,04:22:15.603,ALGO/USDT:USDT,0.2699,54520.2,0.2698,113233.3,0.27,17499.9,0.2701,107050.1
1753503735759,04:22:15.759,ALGO/USDT:USDT,0.2699,54520.2,0.2698,113233.3,0.27,17499.9,0.2701,95026.6
1753503735901,04:22:15.901,ALGO/USDT:USDT,0.2699,52317.2,0.2698,113233.3,0.27,17499.9,0.2701,88265.6
1753503736029,04:22:16.029,ALGO/USDT:USDT,0.2699,51056.4,0.2698,114232.6,0.27,17499.9,0.2701,90165.0
1753503736326,04:22:16.326,ALGO/USDT:USDT,0.2699,53254.2,0.2698,114352.6,0.27,17499.9,0.2701,90165.0
1753503736432,04:22:16.432,ALGO/USDT:USDT,0.2699,53254.2,0.2698,114352.6,0.27,17499.9,0.2701,90165.0
1753503736726,04:22:16.726,ALGO/USDT:USDT,0.2699,55223.7,0.2698,114352.6,0.27,17499.9,0.2701,90165.0
1753503736827,04:22:16.827,ALGO/USDT:USDT,0.2699,55223.7,0.2698,114352.6,0.27,17499.9,0.2701,90165.0
1753503737070,04:22:17.070,ALGO/USDT:USDT,0.2699,55223.7,0.2698,114352.6,0.27,17499.9,0.2701,94281.0
1753503737224,04:22:17.224,ALGO/USDT:USDT,0.2699,55223.7,0.2698,114352.6,0.27,17499.9,0.2701,96790.6
1753503737360,04:22:17.360,ALGO/USDT:USDT,0.2699,51463.1,0.2698,114352.6,0.27,30499.9,0.2701,96790.6
1753503737526,04:22:17.526,ALGO/USDT:USDT,0.2699,51463.1,0.2698,114352.6,0.27,30499.9,0.2701,96790.6
1753503737660,04:22:17.660,ALGO/USDT:USDT,0.2699,51463.1,0.2698,114352.6,0.27,17499.9,0.2701,96790.6
1753503737792,04:22:17.792,ALGO/USDT:USDT,0.2699,53623.7,0.2698,114352.6,0.27,17499.9,0.2701,96790.6
1753503737897,04:22:17.897,ALGO/USDT:USDT,0.2699,60251.8,0.2698,107747.7,0.27,17499.9,0.2701,96790.6
1753503738059,04:22:18.059,ALGO/USDT:USDT,0.2699,60251.8,0.2698,107747.7,0.27,21997.0,0.2701,96790.6
1753503738259,04:22:18.259,ALGO/USDT:USDT,0.2699,58072.6,0.2698,107747.7,0.27,23870.0,0.2701,96282.5
1753503738459,04:22:18.459,ALGO/USDT:USDT,0.2699,58072.6,0.2698,107747.7,0.27,22525.6,0.2701,96282.5
1753503738564,04:22:18.564,ALGO/USDT:USDT,0.2699,58072.6,0.2698,107747.7,0.27,22525.6,0.2701,96282.5
1753503738726,04:22:18.726,ALGO/USDT:USDT,0.2699,58072.6,0.2698,107747.7,0.27,22525.6,0.2701,96282.5
1753503738859,04:22:18.859,ALGO/USDT:USDT,0.2699,58072.6,0.2698,107747.7,0.27,22525.6,0.2701,96282.5
1753503738996,04:22:18.996,ALGO/USDT:USDT,0.2699,58072.6,0.2698,107747.7,0.27,22525.6,0.2701,96282.5
1753503739102,04:22:19.102,ALGO/USDT:USDT,0.2699,58072.6,0.2698,107747.7,0.27,22525.6,0.2701,96282.5
1753503739260,04:22:19.260,ALGO/USDT:USDT,0.2699,58072.6,0.2698,107747.7,0.27,22525.6,0.2701,96282.5
1753503739516,04:22:19.516,ALGO/USDT:USDT,0.2699,59242.6,0.2698,106748.4,0.27,23261.0,0.2701,94650.5
1753503739619,04:22:19.619,ALGO/USDT:USDT,0.2699,59242.6,0.2698,106748.4,0.27,21288.0,0.2701,94650.5
1753503739731,04:22:19.731,ALGO/USDT:USDT,0.2699,60150.0,0.2698,106748.4,0.27,21288.0,0.2701,94650.5
1753503739926,04:22:19.926,ALGO/USDT:USDT,0.2699,59937.3,0.2698,106748.4,0.27,21288.0,0.2701,94650.5
1753503740060,04:22:20.060,ALGO/USDT:USDT,0.2699,59937.3,0.2698,106748.4,0.27,21288.0,0.2701,94650.5
1753503740326,04:22:20.326,ALGO/USDT:USDT,0.2699,62135.1,0.2698,106748.4,0.27,21288.0,0.2701,94650.5
1753503740459,04:22:20.459,ALGO/USDT:USDT,0.2699,62135.1,0.2698,106748.4,0.27,21288.0,0.2701,94650.5
1753503740598,04:22:20.598,ALGO/USDT:USDT,0.2699,62135.1,0.2698,106748.4,0.27,21288.0,0.2701,94650.5
1753503740702,04:22:20.702,ALGO/USDT:USDT,0.2699,62135.1,0.2698,106748.4,0.27,21288.0,0.2701,94650.5
1753503740860,04:22:20.860,ALGO/USDT:USDT,0.2699,62135.1,0.2698,106299.6,0.27,21288.0,0.2701,94650.5
1753503741127,04:22:21.127,ALGO/USDT:USDT,0.2699,62135.1,0.2698,106299.6,0.27,22236.8,0.2701,94650.5
1753503741260,04:22:21.260,ALGO/USDT:USDT,0.2699,62135.1,0.2698,106299.6,0.27,22236.8,0.2701,94650.5
1753503741526,04:22:21.526,ALGO/USDT:USDT,0.2699,62135.1,0.2698,106299.6,0.27,22236.8,0.2701,94650.5
1753503741660,04:22:21.660,ALGO/USDT:USDT,0.2699,62135.1,0.2698,106299.6,0.27,22236.8,0.2701,94650.5
1753503741787,04:22:21.787,ALGO/USDT:USDT,0.2699,62135.1,0.2698,106299.6,0.27,22820.9,0.2701,94650.5
1753503742060,04:22:22.060,ALGO/USDT:USDT,0.2699,59955.9,0.2698,106299.6,0.27,22820.9,0.2701,94650.5
1753503742195,04:22:22.195,ALGO/USDT:USDT,0.2699,59955.9,0.2698,106299.6,0.27,22820.9,0.2701,91141.5
1753503742302,04:22:22.302,ALGO/USDT:USDT,0.2699,59955.9,0.2698,106299.6,0.27,22820.9,0.2701,91141.5
1753503742438,04:22:22.438,ALGO/USDT:USDT,0.2699,59955.9,0.2698,106299.6,0.27,22820.9,0.2701,91141.5
1753503742592,04:22:22.592,ALGO/USDT:USDT,0.2699,58630.1,0.2698,106299.6,0.27,24128.1,0.2701,91141.5
1753503742726,04:22:22.726,ALGO/USDT:USDT,0.2699,58630.1,0.2698,106299.6,0.27,24128.1,0.2701,91141.5
1753503742859,04:22:22.859,ALGO/USDT:USDT,0.2699,59955.9,0.2698,106299.6,0.27,24146.7,0.2701,91141.5
1753503742977,04:22:22.977,ALGO/USDT:USDT,0.2699,60404.7,0.2698,106299.6,0.27,22820.9,0.2701,91141.5
1753503743251,04:22:23.251,ALGO/USDT:USDT,0.2699,60404.7,0.2698,106299.6,0.27,22820.9,0.2701,91141.5
1753503743355,04:22:23.355,ALGO/USDT:USDT,0.2699,76644.7,0.2698,106299.6,0.27,22820.9,0.2701,91141.5
1753503743501,04:22:23.501,ALGO/USDT:USDT,0.2699,79237.6,0.2698,106299.6,0.27,22802.2,0.2701,91141.5
1753503743660,04:22:23.660,ALGO/USDT:USDT,0.2699,79237.6,0.2698,106299.6,0.27,22802.2,0.2701,91141.5
1753503743897,04:22:23.897,ALGO/USDT:USDT,0.2699,79237.6,0.2698,106299.6,0.27,22802.2,0.2701,91141.5
1753503744060,04:22:24.060,ALGO/USDT:USDT,0.2699,79237.6,0.2698,106299.6,0.27,22802.2,0.2701,91141.5
1753503744168,04:22:24.168,ALGO/USDT:USDT,0.2699,81416.8,0.2698,112598.7,0.27,24277.2,0.2701,91141.5
1753503744326,04:22:24.326,ALGO/USDT:USDT,0.2699,81416.8,0.2698,112598.7,0.27,24277.2,0.2701,91141.5
1753503744431,04:22:24.431,ALGO/USDT:USDT,0.2699,65416.8,0.2698,112598.7,0.27,24258.6,0.2701,91141.5
1753503744570,04:22:24.570,ALGO/USDT:USDT,0.2699,65416.8,0.2698,112598.7,0.27,24258.6,0.2701,91141.5
1753503744726,04:22:24.726,ALGO/USDT:USDT,0.2699,65416.8,0.2698,112598.7,0.27,24258.6,0.2701,91141.5
1753503744859,04:22:24.859,ALGO/USDT:USDT,0.2699,65416.8,0.2698,112598.7,0.27,24258.6,0.2701,91141.5
1753503744987,04:22:24.987,ALGO/USDT:USDT,0.2699,63237.6,0.2698,112598.7,0.27,24258.6,0.2701,91141.5
1753503745101,04:22:25.101,ALGO/USDT:USDT,0.2699,63237.6,0.2698,112598.7,0.27,24258.6,0.2701,91141.5
1753503745260,04:22:25.260,ALGO/USDT:USDT,0.2699,63237.6,0.2698,112598.7,0.27,24258.6,0.2701,91141.5
1753503745440,04:22:25.440,ALGO/USDT:USDT,0.2699,63237.6,0.2698,112598.7,0.27,24258.6,0.2701,91141.5
1753503745602,04:22:25.602,ALGO/USDT:USDT,0.2699,63237.6,0.2698,112598.7,0.27,25603.0,0.2701,91141.5
1753503745770,04:22:25.770,ALGO/USDT:USDT,0.2699,60644.7,0.2698,112598.7,0.27,25603.0,0.2701,91141.5
1753503745926,04:22:25.926,ALGO/USDT:USDT,0.2699,60644.7,0.2698,112598.7,0.27,25603.0,0.2701,91141.5
1753503746060,04:22:26.060,ALGO/USDT:USDT,0.2699,60644.7,0.2698,112598.7,0.27,25603.0,0.2701,91160.1
1753503746206,04:22:26.206,ALGO/USDT:USDT,0.2699,60644.7,0.2698,112598.7,0.27,25603.0,0.2701,91160.1
1753503746326,04:22:26.326,ALGO/USDT:USDT,0.2699,60644.7,0.2698,112598.7,0.27,25603.0,0.2701,91160.1
1753503746430,04:22:26.430,ALGO/USDT:USDT,0.2699,59474.7,0.2698,113570.7,0.27,24277.2,0.2701,92060.1
1753503746560,04:22:26.560,ALGO/USDT:USDT,0.2699,59474.7,0.2698,113570.7,0.27,24356.2,0.2701,91980.9
1753503746702,04:22:26.702,ALGO/USDT:USDT,0.2699,59474.7,0.2698,113570.7,0.27,25663.4,0.2701,91980.9
1753503746813,04:22:26.813,ALGO/USDT:USDT,0.2699,59474.7,0.2698,113570.7,0.27,24356.2,0.2701,91980.9
1753503746917,04:22:26.917,ALGO/USDT:USDT,0.2699,58148.9,0.2698,113570.7,0.27,27282.0,0.2701,91980.9
1753503747101,04:22:27.101,ALGO/USDT:USDT,0.2699,52865.2,0.2698,120348.2,0.27,27282.0,0.2701,91980.9
1753503747235,04:22:27.235,ALGO/USDT:USDT,0.2699,23500.7,0.2698,109391.3,0.27,45744.8,0.2701,95282.1
1753503747473,04:22:27.473,ALGO/USDT:USDT,0.2699,23500.7,0.2698,109391.3,0.27,29726.2,0.2701,95282.1
1753503747576,04:22:27.576,ALGO/USDT:USDT,0.2699,41792.3,0.2698,112605.9,0.27,26856.2,0.2701,95282.1
1753503747679,04:22:27.679,ALGO/USDT:USDT,0.2699,41792.3,0.2698,112605.9,0.27,26856.2,0.2701,95282.1
1753503747783,04:22:27.783,ALGO/USDT:USDT,0.2699,41512.4,0.2698,111405.7,0.27,25256.2,0.2701,95282.1
1753503747901,04:22:27.901,ALGO/USDT:USDT,0.2699,41512.4,0.2698,111405.7,0.27,25256.2,0.2701,95282.1
1753503748059,04:22:28.059,ALGO/USDT:USDT,0.2699,42819.6,0.2698,112594.1,0.27,25197.0,0.2701,95282.1
1753503748167,04:22:28.167,ALGO/USDT:USDT,0.2699,42819.6,0.2698,112594.1,0.27,25197.0,0.2701,95282.1
1753503748275,04:22:28.275,ALGO/USDT:USDT,0.2699,44134.7,0.2698,112594.1,0.27,25197.0,0.2701,95282.1
1753503748402,04:22:28.402,ALGO/USDT:USDT,0.2699,44134.7,0.2698,112594.1,0.27,25197.0,0.2701,95282.1
1753503748667,04:22:28.667,ALGO/USDT:USDT,0.2699,44134.7,0.2698,112594.1,0.27,25197.0,0.2701,95282.1
1753503748859,04:22:28.859,ALGO/USDT:USDT,0.2699,44134.7,0.2698,112594.1,0.27,25197.0,0.2701,95282.1
1753503748967,04:22:28.967,ALGO/USDT:USDT,0.2699,41271.6,0.2698,112594.1,0.27,23679.0,0.2701,95282.1
1753503749070,04:22:29.070,ALGO/USDT:USDT,0.2699,41271.6,0.2698,112594.1,0.27,23679.0,0.2701,92269.3
1753503749177,04:22:29.177,ALGO/USDT:USDT,0.2699,41271.6,0.2698,112594.1,0.27,23679.0,0.2701,92269.3
1753503749480,04:22:29.480,ALGO/USDT:USDT,0.2699,41271.6,0.2698,112594.1,0.27,23679.0,0.2701,92269.3
1753503749597,04:22:29.597,ALGO/USDT:USDT,0.2699,41271.6,0.2698,112594.1,0.27,23679.0,0.2701,92269.3
1753503749926,04:22:29.926,ALGO/USDT:USDT,0.2699,42423.0,0.2698,111622.1,0.27,22779.0,0.2701,92269.3
1753503750027,04:22:30.027,ALGO/USDT:USDT,0.2699,42423.0,0.2698,111622.1,0.27,22779.0,0.2701,92269.3
1753503750284,04:22:30.284,ALGO/USDT:USDT,0.2699,38297.2,0.2698,106008.5,0.27,25605.0,0.2701,92269.3
1753503750408,04:22:30.408,ALGO/USDT:USDT,0.2699,36971.4,0.2698,102793.9,0.27,25605.0,0.2701,95314.5
1753503750511,04:22:30.511,ALGO/USDT:USDT,0.2699,36971.4,0.2698,102793.9,0.27,24405.0,0.2701,95314.5
1753503750657,04:22:30.657,ALGO/USDT:USDT,0.2699,36971.4,0.2698,104701.9,0.27,24405.0,0.2701,95314.5
1753503750785,04:22:30.785,ALGO/USDT:USDT,0.2699,36971.4,0.2698,104701.9,0.27,24405.0,0.2701,95314.5
1753503751044,04:22:31.044,ALGO/USDT:USDT,0.2699,36971.4,0.2698,104701.9,0.27,24405.0,0.2701,95314.5
1753503751147,04:22:31.147,ALGO/USDT:USDT,0.2699,36971.4,0.2698,104701.9,0.27,24405.0,0.2701,95314.5
1753503751260,04:22:31.260,ALGO/USDT:USDT,0.2699,36971.4,0.2698,104701.9,0.27,25616.5,0.2701,95314.5
1753503751389,04:22:31.389,ALGO/USDT:USDT,0.2699,36971.4,0.2698,107948.7,0.27,24416.5,0.2701,95314.5
1753503751526,04:22:31.526,ALGO/USDT:USDT,0.2699,36971.4,0.2698,107948.7,0.27,24416.5,0.2701,95314.5
1753503751628,04:22:31.628,ALGO/USDT:USDT,0.2699,36971.4,0.2698,107948.7,0.27,24416.5,0.2701,95314.5
1753503751818,04:22:31.818,ALGO/USDT:USDT,0.2699,37609.4,0.2698,107948.7,0.27,24435.1,0.2701,102075.5
1753503751926,04:22:31.926,ALGO/USDT:USDT,0.2699,37609.4,0.2698,107948.7,0.27,24435.1,0.2701,102075.5
1753503752059,04:22:32.059,ALGO/USDT:USDT,0.2699,37609.4,0.2698,107948.7,0.27,24435.1,0.2701,104712.9
1753503752202,04:22:32.202,ALGO/USDT:USDT,0.2699,48590.8,0.2698,107948.7,0.27,24435.1,0.2701,104712.9
1753503752311,04:22:32.311,ALGO/USDT:USDT,0.2699,48590.8,0.2698,107948.7,0.27,24435.1,0.2701,104712.9
1753503752460,04:22:32.460,ALGO/USDT:USDT,0.2699,48590.8,0.2698,107948.7,0.27,24435.1,0.2701,104712.9
1753503752569,04:22:32.569,ALGO/USDT:USDT,0.2699,37609.4,0.2698,107948.7,0.27,24435.1,0.2701,104712.9
1753503752677,04:22:32.677,ALGO/USDT:USDT,0.2699,37609.4,0.2698,107948.7,0.27,24435.1,0.2701,97951.9
1753503752860,04:22:32.860,ALGO/USDT:USDT,0.2699,37609.4,0.2698,107948.7,0.27,24435.1,0.2701,97951.9
1753503753002,04:22:33.002,ALGO/USDT:USDT,0.2699,37609.4,0.2698,107948.7,0.27,24435.1,0.2701,97951.9
1753503753126,04:22:33.126,ALGO/USDT:USDT,0.2699,37609.4,0.2698,107948.7,0.27,24435.1,0.2701,97951.9
1753503753259,04:22:33.259,ALGO/USDT:USDT,0.2699,37609.4,0.2698,107948.7,0.27,24435.1,0.2701,97951.9
1753503753406,04:22:33.406,ALGO/USDT:USDT,0.2699,37609.4,0.2698,107948.7,0.27,24572.6,0.2701,97951.9
1753503753526,04:22:33.526,ALGO/USDT:USDT,0.2699,37609.4,0.2698,107948.7,0.27,24572.6,0.2701,97951.9
1753503753657,04:22:33.657,ALGO/USDT:USDT,0.2699,37609.4,0.2698,107948.7,0.27,24572.6,0.2701,97951.9
1753503753802,04:22:33.802,ALGO/USDT:USDT,0.2699,37609.4,0.2698,107948.7,0.27,25754.0,0.2701,97951.9
1753503753926,04:22:33.926,ALGO/USDT:USDT,0.2699,37609.4,0.2698,107948.7,0.27,25754.0,0.2701,97951.9
1753503754060,04:22:34.060,ALGO/USDT:USDT,0.2699,37609.4,0.2698,107948.7,0.27,24572.6,0.2701,97951.9
1753503754163,04:22:34.163,ALGO/USDT:USDT,0.2699,48590.8,0.2698,107948.7,0.27,24572.6,0.2701,97951.9
1753503754326,04:22:34.326,ALGO/USDT:USDT,0.2699,48590.8,0.2698,107948.7,0.27,24572.6,0.2701,97951.9
1753503754434,04:22:34.434,ALGO/USDT:USDT,0.2699,51202.3,0.2698,116252.0,0.27,24572.6,0.2701,100698.9
1753503754569,04:22:34.569,ALGO/USDT:USDT,0.2699,51221.8,0.2698,116252.0,0.27,24572.6,0.2701,100698.9
1753503754702,04:22:34.702,ALGO/USDT:USDT,0.2699,40221.8,0.2698,116252.0,0.27,24572.6,0.2701,100698.9
1753503754860,04:22:34.860,ALGO/USDT:USDT,0.2699,40221.8,0.2698,116252.0,0.27,24572.6,0.2701,100698.9
1753503755002,04:22:35.002,ALGO/USDT:USDT,0.2699,40221.8,0.2698,116252.0,0.27,24572.6,0.2701,100698.9
1753503755235,04:22:35.235,ALGO/USDT:USDT,0.2699,40221.8,0.2698,116252.0,0.27,24572.5,0.2701,100698.9
1753503755351,04:22:35.351,ALGO/USDT:USDT,0.2699,40221.8,0.2698,116252.0,0.27,24572.5,0.2701,100698.9
1753503755502,04:22:35.502,ALGO/USDT:USDT,0.2699,40221.8,0.2698,116252.0,0.27,24572.5,0.2701,100698.9
1753503755660,04:22:35.660,ALGO/USDT:USDT,0.2699,40221.8,0.2698,116252.0,0.27,22972.5,0.2701,100698.9
1753503755777,04:22:35.777,ALGO/USDT:USDT,0.2699,40221.8,0.2698,121634.1,0.27,13274.8,0.2701,97653.7
1753503755926,04:22:35.926,ALGO/USDT:USDT,0.2699,40221.8,0.2698,121634.1,0.27,13274.8,0.2701,97653.7
1753503756059,04:22:36.059,ALGO/USDT:USDT,0.2699,40377.6,0.2698,122606.1,0.27,14193.4,0.2701,97653.7
1753503756224,04:22:36.224,ALGO/USDT:USDT,0.2699,56377.6,0.2698,122606.1,0.27,10021.2,0.2701,97653.7
1753503756326,04:22:36.326,ALGO/USDT:USDT,0.2699,56377.6,0.2698,122568.0,0.27,10029.2,0.2701,97653.7
1753503756439,04:22:36.439,ALGO/USDT:USDT,0.2699,63136.5,0.2698,115790.5,0.27,10029.2,0.2701,97653.7
1753503756602,04:22:36.602,ALGO/USDT:USDT,0.2699,63136.5,0.2698,115790.5,0.27,10029.2,0.2701,97653.7
1753503756717,04:22:36.717,ALGO/USDT:USDT,0.2699,63136.5,0.2698,115790.5,0.27,10029.2,0.2701,97653.7
1753503756859,04:22:36.859,ALGO/USDT:USDT,0.2699,63136.5,0.2698,115790.5,0.27,10029.2,0.2701,97653.7
1753503756969,04:22:36.969,ALGO/USDT:USDT,0.2699,63136.5,0.2698,115790.5,0.27,10029.2,0.2701,98192.0
1753503757126,04:22:37.126,ALGO/USDT:USDT,0.2699,63136.5,0.2698,115790.5,0.27,10029.2,0.2701,98192.0
1753503757260,04:22:37.260,ALGO/USDT:USDT,0.2699,63136.5,0.2698,121300.3,0.27,10029.2,0.2701,98192.0
1753503757364,04:22:37.364,ALGO/USDT:USDT,0.2699,63155.1,0.2698,121300.3,0.27,10029.3,0.2701,98192.0
1753503757526,04:22:37.526,ALGO/USDT:USDT,0.2699,63155.1,0.2698,121300.3,0.27,10029.3,0.2701,98192.0
1753503757659,04:22:37.659,ALGO/USDT:USDT,0.2699,63155.1,0.2698,121300.3,0.27,10029.3,0.2701,98192.0
1753503757926,04:22:37.926,ALGO/USDT:USDT,0.2699,63155.1,0.2698,121300.3,0.27,10029.3,0.2701,98192.0
1753503758059,04:22:38.059,ALGO/USDT:USDT,0.2699,63155.1,0.2698,121300.3,0.27,10029.3,0.2701,98192.0
1753503758193,04:22:38.193,ALGO/USDT:USDT,0.2699,63155.1,0.2698,115790.5,0.27,14182.9,0.2701,98192.0
1753503758302,04:22:38.302,ALGO/USDT:USDT,0.2699,63155.1,0.2698,115790.5,0.27,10029.3,0.2701,98192.0
1753503758460,04:22:38.460,ALGO/USDT:USDT,0.2699,63155.1,0.2698,115790.5,0.27,10029.3,0.2701,98192.0
1753503758602,04:22:38.602,ALGO/USDT:USDT,0.2699,63155.1,0.2698,115790.5,0.27,10029.3,0.2701,98192.0
1753503758726,04:22:38.726,ALGO/USDT:USDT,0.2699,63155.1,0.2698,115790.5,0.27,10029.3,0.2701,98192.0
1753503758860,04:22:38.860,ALGO/USDT:USDT,0.2699,63155.1,0.2698,115790.5,0.27,10029.3,0.2701,98192.0
1753503759002,04:22:39.002,ALGO/USDT:USDT,0.2699,63155.1,0.2698,115790.5,0.27,10029.3,0.2701,98192.0
1753503759127,04:22:39.127,ALGO/USDT:USDT,0.2699,64325.1,0.2698,114818.5,0.27,9197.1,0.2701,98192.0
1753503759259,04:22:39.259,ALGO/USDT:USDT,0.2699,64325.1,0.2698,114818.5,0.27,9195.9,0.2701,98192.0
1753503759408,04:22:39.408,ALGO/USDT:USDT,0.2699,64325.1,0.2698,120328.4,0.27,9195.9,0.2701,98192.0
1753503759526,04:22:39.526,ALGO/USDT:USDT,0.2699,64325.1,0.2698,120328.4,0.27,9195.9,0.2701,98192.0
1753503759638,04:22:39.638,ALGO/USDT:USDT,0.2699,66523.8,0.2698,120328.4,0.27,9196.0,0.2701,98192.0
1753503759926,04:22:39.926,ALGO/USDT:USDT,0.2699,66523.8,0.2698,120328.4,0.27,9196.0,0.2701,98192.0
1753503760060,04:22:40.060,ALGO/USDT:USDT,0.2699,66523.8,0.2698,120328.4,0.27,9196.0,0.2701,98192.0
1753503760201,04:22:40.201,ALGO/USDT:USDT,0.2699,66523.8,0.2698,120328.4,0.27,9196.0,0.2701,98192.0
1753503760310,04:22:40.310,ALGO/USDT:USDT,0.2699,66523.8,0.2698,120696.9,0.27,9189.9,0.2701,98192.0
1753503760460,04:22:40.460,ALGO/USDT:USDT,0.2699,65523.8,0.2698,120696.9,0.27,9189.9,0.2701,98172.5
1753503760567,04:22:40.567,ALGO/USDT:USDT,0.2699,62018.8,0.2698,120696.9,0.27,13343.5,0.2701,98172.5
1753503760682,04:22:40.682,ALGO/USDT:USDT,0.2699,62018.8,0.2698,120696.9,0.27,13343.5,0.2701,98172.5
1753503760795,04:22:40.795,ALGO/USDT:USDT,0.2699,62018.8,0.2698,120696.9,0.27,13343.5,0.2701,98172.5
1753503761054,04:22:41.054,ALGO/USDT:USDT,0.2699,64198.0,0.2698,120696.9,0.27,13362.1,0.2701,98172.5
1753503761320,04:22:41.320,ALGO/USDT:USDT,0.2699,64198.0,0.2698,120696.9,0.27,9189.9,0.2701,98172.5
1753503761447,04:22:41.447,ALGO/USDT:USDT,0.2699,64198.0,0.2698,120696.9,0.27,9189.9,0.2701,98172.5
1753503761567,04:22:41.567,ALGO/USDT:USDT,0.2699,64198.0,0.2698,120328.4,0.27,9189.9,0.2701,98172.5
1753503761736,04:22:41.736,ALGO/USDT:USDT,0.2699,46018.8,0.2698,114818.5,0.27,13362.1,0.2701,98172.5
1753503761840,04:22:41.840,ALGO/USDT:USDT,0.2699,46018.8,0.2698,114818.5,0.27,14962.1,0.2701,98172.5
1753503761961,04:22:41.961,ALGO/USDT:USDT,0.2699,46018.8,0.2698,109436.4,0.27,30329.4,0.2701,98172.5
1753503762097,04:22:42.097,ALGO/USDT:USDT,0.2699,46018.8,0.2698,109436.4,0.27,30329.4,0.2701,98172.5
1753503762199,04:22:42.199,ALGO/USDT:USDT,0.2699,46018.8,0.2698,109436.4,0.27,32569.8,0.2701,98172.5
1753503762326,04:22:42.326,ALGO/USDT:USDT,0.2699,46018.8,0.2698,109436.4,0.27,32569.9,0.2701,98172.5
1753503762459,04:22:42.459,ALGO/USDT:USDT,0.2699,46018.8,0.2698,109436.4,0.27,32569.9,0.2701,98172.5
1753503762629,04:22:42.629,ALGO/USDT:USDT,0.2699,46018.8,0.2698,109436.4,0.27,32569.9,0.2701,98172.5
1753503762797,04:22:42.797,ALGO/USDT:USDT,0.2699,46018.8,0.2698,109436.4,0.27,32569.9,0.2701,98172.5
1753503762902,04:22:42.902,ALGO/USDT:USDT,0.2699,46018.8,0.2698,109436.4,0.27,32569.9,0.2701,98172.5
1753503763126,04:22:43.126,ALGO/USDT:USDT,0.2699,46018.8,0.2698,110133.1,0.27,33877.1,0.2701,98172.5
1753503763257,04:22:43.257,ALGO/USDT:USDT,0.2699,46018.8,0.2698,110133.1,0.27,33877.1,0.2701,98172.5
1753503763401,04:22:43.401,ALGO/USDT:USDT,0.2699,46018.8,0.2698,110133.1,0.27,33877.1,0.2701,98172.5
1753503763526,04:22:43.526,ALGO/USDT:USDT,0.2699,46018.8,0.2698,110133.1,0.27,33877.1,0.2701,98172.5
1753503763659,04:22:43.659,ALGO/USDT:USDT,0.2699,49523.8,0.2698,108281.0,0.27,31716.5,0.2701,98172.5
1753503763763,04:22:43.763,ALGO/USDT:USDT,0.2699,46018.8,0.2698,106428.9,0.27,33895.7,0.2701,98172.5
1753503763894,04:22:43.894,ALGO/USDT:USDT,0.2699,49523.8,0.2698,110133.1,0.27,31716.5,0.2701,98172.5
1753503763995,04:22:43.995,ALGO/USDT:USDT,0.2699,49523.8,0.2698,110133.1,0.27,30390.7,0.2701,98172.5
1753503764191,04:22:44.191,ALGO/USDT:USDT,0.2699,49523.8,0.2698,110133.1,0.27,30390.7,0.2701,98172.5
1753503764302,04:22:44.302,ALGO/USDT:USDT,0.2699,49523.8,0.2698,110133.1,0.27,30390.3,0.2701,98172.5
1753503764459,04:22:44.459,ALGO/USDT:USDT,0.2699,49523.8,0.2698,110133.1,0.27,30390.3,0.2701,98172.5
1753503764630,04:22:44.630,ALGO/USDT:USDT,0.2699,50406.6,0.2698,110133.1,0.27,30390.3,0.2701,98172.5
1753503764770,04:22:44.770,ALGO/USDT:USDT,0.2699,50406.6,0.2698,110133.1,0.27,30390.3,0.2701,98172.5
1753503764902,04:22:44.902,ALGO/USDT:USDT,0.2699,50406.6,0.2698,110133.1,0.27,30390.3,0.2701,98172.5
1753503765087,04:22:45.087,ALGO/USDT:USDT,0.2699,50406.6,0.2698,110133.1,0.27,30390.3,0.2701,98172.5
1753503765259,04:22:45.259,ALGO/USDT:USDT,0.2699,46869.2,0.2698,111059.1,0.27,30390.3,0.2701,98172.5
1753503765365,04:22:45.365,ALGO/USDT:USDT,0.2699,46869.2,0.2698,111059.1,0.27,30390.3,0.2701,98172.5
1753503765471,04:22:45.471,ALGO/USDT:USDT,0.2699,27893.2,0.2698,106612.3,0.27,36970.4,0.2701,101019.7
1753503765572,04:22:45.572,ALGO/USDT:USDT,0.2699,20993.4,0.2698,102908.1,0.27,37321.8,0.2701,106400.0
1753503765678,04:22:45.678,ALGO/USDT:USDT,0.2699,20993.4,0.2698,103898.1,0.27,33977.7,0.2701,100649.5
1753503765780,04:22:45.780,ALGO/USDT:USDT,0.2699,20795.1,0.2698,105750.2,0.27,34020.3,0.2701,100279.1
1753503765913,04:22:45.913,ALGO/USDT:USDT,0.2699,20795.1,0.2698,105750.2,0.27,34020.3,0.2701,100279.1
1753503766060,04:22:46.060,ALGO/USDT:USDT,0.2699,19625.1,0.2698,106722.2,0.27,53118.1,0.2701,100279.1
1753503766218,04:22:46.218,ALGO/USDT:USDT,0.2699,19625.1,0.2698,106722.2,0.27,53118.1,0.2701,100279.1
1753503766327,04:22:46.327,ALGO/USDT:USDT,0.2699,19625.1,0.2698,106722.2,0.27,53099.4,0.2701,100279.1
1753503766460,04:22:46.460,ALGO/USDT:USDT,0.2699,19625.1,0.2698,106722.2,0.27,53099.4,0.2701,100279.1
1753503766565,04:22:46.565,ALGO/USDT:USDT,0.2699,19625.1,0.2698,107922.2,0.27,53488.1,0.2701,100649.5
1753503766695,04:22:46.695,ALGO/USDT:USDT,0.2699,19625.1,0.2698,107922.2,0.27,53488.1,0.2701,101390.3
1753503766859,04:22:46.859,ALGO/USDT:USDT,0.2699,19602.8,0.2698,107922.2,0.27,55836.5,0.2701,101390.3
1753503766969,04:22:46.969,ALGO/USDT:USDT,0.2699,19602.8,0.2698,107922.2,0.27,56225.0,0.2701,100852.0
1753503767113,04:22:47.113,ALGO/USDT:USDT,0.2699,19602.8,0.2698,107922.2,0.27,57162.2,0.2701,100852.0
1753503767260,04:22:47.260,ALGO/USDT:USDT,0.2699,19602.8,0.2698,107922.2,0.27,57162.2,0.2701,100852.0
1753503767368,04:22:47.368,ALGO/USDT:USDT,0.2699,19602.8,0.2698,107922.2,0.27,57162.2,0.2701,100852.0
1753503767502,04:22:47.502,ALGO/USDT:USDT,0.2699,19602.8,0.2698,107922.2,0.27,57200.3,0.2701,100852.0
1753503767648,04:22:47.648,ALGO/USDT:USDT,0.2699,19602.8,0.2698,107922.2,0.27,61626.8,0.2701,100852.0
1753503767755,04:22:47.755,ALGO/USDT:USDT,0.2699,19602.8,0.2698,107922.2,0.27,62386.2,0.2701,100852.0
1753503767913,04:22:47.913,ALGO/USDT:USDT,0.2699,19602.8,0.2698,107922.2,0.27,62386.2,0.2701,101222.4
1753503768057,04:22:48.057,ALGO/USDT:USDT,0.2699,19602.8,0.2698,107922.2,0.27,62756.4,0.2701,101592.8
1753503768186,04:22:48.186,ALGO/USDT:USDT,0.2699,19602.8,0.2698,107922.2,0.27,63497.2,0.2701,102329.2
1753503768293,04:22:48.293,ALGO/USDT:USDT,0.2699,19602.8,0.2698,107922.2,0.27,63867.6,0.2701,102329.2
1753503768402,04:22:48.402,ALGO/USDT:USDT,0.2699,19602.8,0.2698,107922.2,0.27,63867.6,0.2701,102329.2
1753503768602,04:22:48.602,ALGO/USDT:USDT,0.2699,19602.8,0.2698,107922.2,0.27,63867.6,0.2701,102329.2
1753503768726,04:22:48.726,ALGO/USDT:USDT,0.2699,19602.8,0.2698,107922.2,0.27,63867.6,0.2701,102329.2
1753503768860,04:22:48.860,ALGO/USDT:USDT,0.2699,19602.8,0.2698,107922.2,0.27,63867.6,0.2701,102329.2
1753503769053,04:22:49.053,ALGO/USDT:USDT,0.2699,19870.1,0.2698,107922.2,0.27,63867.6,0.2701,102329.2
1753503769258,04:22:49.258,ALGO/USDT:USDT,0.2699,21040.1,0.2698,106950.2,0.27,64115.4,0.2701,102329.2
1753503769526,04:22:49.526,ALGO/USDT:USDT,0.2699,21040.1,0.2698,106950.2,0.27,64115.4,0.2701,102329.2
1753503769661,04:22:49.661,ALGO/USDT:USDT,0.2699,21040.1,0.2698,106950.2,0.27,64115.4,0.2701,102329.2
1753503769902,04:22:49.902,ALGO/USDT:USDT,0.2699,21040.1,0.2698,106950.2,0.27,63745.0,0.2701,102329.2
1753503770059,04:22:50.059,ALGO/USDT:USDT,0.2699,21040.1,0.2698,104917.5,0.27,64115.4,0.2701,102329.2
1753503770160,04:22:50.160,ALGO/USDT:USDT,0.2699,19558.5,0.2698,101213.4,0.27,64485.4,0.2701,102329.2
1753503770314,04:22:50.314,ALGO/USDT:USDT,0.2699,19558.5,0.2698,101213.4,0.27,64855.7,0.2701,102329.2
1753503770458,04:22:50.458,ALGO/USDT:USDT,0.2699,19558.5,0.2698,101213.4,0.27,64855.7,0.2701,108466.2
1753503770566,04:22:50.566,ALGO/USDT:USDT,0.2699,19558.5,0.2698,101213.4,0.27,65966.9,0.2701,109577.4
1753503770688,04:22:50.688,ALGO/USDT:USDT,0.2698,30680.4,0.2697,119671.9,0.2699,39060.9,0.27,114933.0
1753503770791,04:22:50.791,ALGO/USDT:USDT,0.2698,33935.5,0.2697,110595.9,0.2699,35203.6,0.27,112344.1
1753503770893,04:22:50.893,ALGO/USDT:USDT,0.2698,33935.5,0.2697,110595.9,0.2699,38708.6,0.27,114219.3
1753503770998,04:22:50.998,ALGO/USDT:USDT,0.2698,33954.1,0.2697,110595.9,0.2699,38727.2,0.27,118898.0
1753503771099,04:22:51.099,ALGO/USDT:USDT,0.2698,33954.1,0.2697,110595.9,0.2699,38727.2,0.27,118898.0
1753503771260,04:22:51.260,ALGO/USDT:USDT,0.2698,34044.9,0.2697,110595.9,0.2699,39775.5,0.27,118449.1
1753503771362,04:22:51.362,ALGO/USDT:USDT,0.2698,34044.9,0.2697,110595.9,0.2699,39756.9,0.27,118449.1
1753503771526,04:22:51.526,ALGO/USDT:USDT,0.2698,34044.9,0.2697,110595.9,0.2699,35328.8,0.27,118449.1
1753503771631,04:22:51.631,ALGO/USDT:USDT,0.2698,35341.7,0.2697,110595.9,0.2699,31453.3,0.27,118449.1
1753503771748,04:22:51.748,ALGO/USDT:USDT,0.2698,35250.9,0.2697,110595.9,0.2699,32779.1,0.27,106050.7
1753503771868,04:22:51.868,ALGO/USDT:USDT,0.2698,35250.9,0.2697,110595.9,0.2699,34939.7,0.27,107516.5
1753503772056,04:22:52.056,ALGO/USDT:USDT,0.2698,35250.9,0.2697,110595.9,0.2699,25300.3,0.27,102658.1
1753503772161,04:22:52.161,ALGO/USDT:USDT,0.2698,35992.0,0.2697,110715.9,0.2699,25318.9,0.27,102658.1
1753503772326,04:22:52.326,ALGO/USDT:USDT,0.2698,35992.0,0.2697,110715.9,0.2699,25318.9,0.27,102658.1
1753503772437,04:22:52.437,ALGO/USDT:USDT,0.2698,35992.0,0.2697,110715.9,0.2699,25338.4,0.27,102658.1
1753503772556,04:22:52.556,ALGO/USDT:USDT,0.2698,35992.0,0.2697,110715.9,0.2699,25338.4,0.27,102658.1
1753503772702,04:22:52.702,ALGO/USDT:USDT,0.2698,35992.0,0.2697,110715.9,0.2699,25338.4,0.27,102658.1
1753503772853,04:22:52.853,ALGO/USDT:USDT,0.2698,35992.0,0.2697,110715.9,0.2699,27838.3,0.27,101483.9
1753503772955,04:22:52.955,ALGO/USDT:USDT,0.2698,35992.0,0.2697,110715.9,0.2699,27838.3,0.27,96805.2
1753503773120,04:22:53.120,ALGO/USDT:USDT,0.2698,33925.1,0.2697,110715.9,0.2699,29998.9,0.27,96805.2
1753503773226,04:22:53.226,ALGO/USDT:USDT,0.2698,33925.1,0.2697,109789.5,0.2699,31598.9,0.27,99585.4
1753503773360,04:22:53.360,ALGO/USDT:USDT,0.2698,33925.1,0.2697,110715.9,0.2699,31598.9,0.27,99585.4
1753503773502,04:22:53.502,ALGO/USDT:USDT,0.2698,33925.1,0.2697,110715.9,0.2699,31598.9,0.27,99585.4
1753503773611,04:22:53.611,ALGO/USDT:USDT,0.2698,33925.1,0.2697,109789.5,0.2699,31598.9,0.27,99585.4
1753503773742,04:22:53.742,ALGO/USDT:USDT,0.2698,33925.1,0.2697,109789.5,0.2699,31598.9,0.27,99585.4
1753503773926,04:22:53.926,ALGO/USDT:USDT,0.2698,33925.1,0.2697,109789.5,0.2699,43617.5,0.27,99585.4
1753503774059,04:22:54.059,ALGO/USDT:USDT,0.2698,33925.1,0.2697,109789.5,0.2699,43617.5,0.27,99585.4
1753503774184,04:22:54.184,ALGO/USDT:USDT,0.2699,53006.1,0.2698,97832.3,0.27,27696.9,0.2701,113241.8
1753503774285,04:22:54.285,ALGO/USDT:USDT,0.2699,44309.1,0.2698,88328.0,0.27,29022.7,0.2701,117920.4
1753503774405,04:22:54.405,ALGO/USDT:USDT,0.2699,43201.7,0.2698,87569.2,0.27,29022.7,0.2701,117920.4
1753503774698,04:22:54.698,ALGO/USDT:USDT,0.2699,43201.7,0.2698,84587.4,0.27,29022.7,0.2701,117920.4
1753503774801,04:22:54.801,ALGO/USDT:USDT,0.2699,43220.3,0.2698,84587.4,0.27,31016.5,0.2701,117920.4
1753503774904,04:22:54.904,ALGO/USDT:USDT,0.2699,42479.5,0.2698,84587.4,0.27,32715.6,0.2701,117920.4
1753503775126,04:22:55.126,ALGO/USDT:USDT,0.2699,42479.5,0.2698,84587.4,0.27,32715.6,0.2701,117920.4
1753503775259,04:22:55.259,ALGO/USDT:USDT,0.2699,42479.5,0.2698,84587.4,0.27,32715.6,0.2701,101226.5
1753503775364,04:22:55.364,ALGO/USDT:USDT,0.2699,42479.5,0.2698,84587.4,0.27,32965.6,0.2701,101226.5
1753503775468,04:22:55.468,ALGO/USDT:USDT,0.2699,42479.5,0.2698,84587.4,0.27,32965.6,0.2701,101226.5
1753503775660,04:22:55.660,ALGO/USDT:USDT,0.2699,42479.5,0.2698,84587.4,0.27,31499.8,0.2701,103017.8
1753503776059,04:22:56.059,ALGO/USDT:USDT,0.2699,42050.3,0.2698,85487.4,0.27,32465.2,0.2701,103017.8
1753503776210,04:22:56.210,ALGO/USDT:USDT,0.2699,41309.5,0.2698,85487.4,0.27,32465.2,0.2701,103017.8
1753503776326,04:22:56.326,ALGO/USDT:USDT,0.2699,41309.5,0.2698,85487.4,0.27,32465.2,0.2701,103017.8
1753503776601,04:22:56.601,ALGO/USDT:USDT,0.2699,41309.5,0.2698,85487.4,0.27,32465.2,0.2701,103017.8
1753503776726,04:22:56.726,ALGO/USDT:USDT,0.2699,41309.5,0.2698,85487.4,0.27,32371.3,0.2701,103017.8
1753503776860,04:22:56.860,ALGO/USDT:USDT,0.2699,41309.5,0.2698,85487.4,0.27,32371.3,0.2701,103017.8
1753503777102,04:22:57.102,ALGO/USDT:USDT,0.2699,41309.5,0.2698,85487.4,0.27,32371.3,0.2701,101798.8
1753503777246,04:22:57.246,ALGO/USDT:USDT,0.2699,42635.3,0.2698,85487.4,0.27,28975.7,0.2701,101798.8
1753503777513,04:22:57.513,ALGO/USDT:USDT,0.2699,41309.5,0.2698,85487.4,0.27,30282.9,0.2701,101798.8
1753503777660,04:22:57.660,ALGO/USDT:USDT,0.2699,41309.5,0.2698,85487.4,0.27,30282.9,0.2701,101798.8
1753503777801,04:22:57.801,ALGO/USDT:USDT,0.2699,41309.5,0.2698,85487.4,0.27,30192.1,0.2701,101798.8
1753503777926,04:22:57.926,ALGO/USDT:USDT,0.2699,41309.5,0.2698,85487.4,0.27,30192.1,0.2701,101798.8
1753503778059,04:22:58.059,ALGO/USDT:USDT,0.2699,41309.5,0.2698,85487.4,0.27,30192.1,0.2701,101798.8
1753503778267,04:22:58.267,ALGO/USDT:USDT,0.2699,41253.6,0.2698,85487.4,0.27,30210.7,0.2701,101798.8
1753503778379,04:22:58.379,ALGO/USDT:USDT,0.2699,42598.0,0.2698,87115.8,0.27,13547.2,0.2701,101798.8
1753503778519,04:22:58.519,ALGO/USDT:USDT,0.2699,42598.0,0.2698,87115.8,0.27,9375.0,0.2701,101798.8
1753503778622,04:22:58.622,ALGO/USDT:USDT,0.2699,42598.0,0.2698,87115.8,0.27,9375.0,0.2701,101798.8
1753503778724,04:22:58.724,ALGO/USDT:USDT,0.2699,42598.0,0.2698,87115.8,0.27,9375.0,0.2701,101798.8
1753503778828,04:22:58.828,ALGO/USDT:USDT,0.2699,42598.0,0.2698,87115.8,0.27,9284.2,0.2701,97120.2
1753503778959,04:22:58.959,ALGO/USDT:USDT,0.2699,57272.2,0.2698,87115.8,0.27,14782.2,0.2701,97120.2
1753503779073,04:22:59.073,ALGO/USDT:USDT,0.2699,58013.0,0.2698,87115.8,0.27,14763.6,0.2701,97120.2
1753503779250,04:22:59.250,ALGO/USDT:USDT,0.2699,58013.0,0.2698,87115.8,0.27,14763.6,0.2701,97120.2
1753503779378,04:22:59.378,ALGO/USDT:USDT,0.2699,58013.0,0.2698,87115.8,0.27,14763.6,0.2701,97256.4
1753503779481,04:22:59.481,ALGO/USDT:USDT,0.2699,58013.0,0.2698,87115.8,0.27,9284.2,0.2701,97256.4
1753503779583,04:22:59.583,ALGO/USDT:USDT,0.2699,59183.0,0.2698,86215.8,0.27,8300.2,0.2701,97256.4
1753503779759,04:22:59.759,ALGO/USDT:USDT,0.2699,59183.0,0.2698,86215.8,0.27,8300.2,0.2701,97256.4
1753503779878,04:22:59.878,ALGO/USDT:USDT,0.2699,60490.2,0.2698,86215.8,0.27,9607.4,0.2701,97256.4
1753503779981,04:22:59.981,ALGO/USDT:USDT,0.2699,60490.2,0.2698,86215.8,0.27,9607.4,0.2701,97256.4
1753503780132,04:23:00.132,ALGO/USDT:USDT,0.2699,60490.2,0.2698,86215.8,0.27,9607.4,0.2701,97237.8
1753503780327,04:23:00.327,ALGO/USDT:USDT,0.2699,60508.8,0.2698,86215.8,0.27,8300.2,0.2701,97237.8
1753503780438,04:23:00.438,ALGO/USDT:USDT,0.2699,62669.4,0.2698,84036.6,0.27,8300.2,0.2701,97237.8
1753503780561,04:23:00.561,ALGO/USDT:USDT,0.2699,60490.2,0.2698,84405.1,0.27,8300.2,0.2701,97237.8
1753503780697,04:23:00.697,ALGO/USDT:USDT,0.2699,60490.2,0.2698,84405.1,0.27,8300.2,0.2701,97237.8
1753503780821,04:23:00.821,ALGO/USDT:USDT,0.2699,62688.0,0.2698,84771.2,0.27,8300.2,0.2701,97237.8
1753503781103,04:23:01.103,ALGO/USDT:USDT,0.27,31916.2,0.2699,110285.7,0.2701,36806.0,0.2702,108436.8
1753503781211,04:23:01.211,ALGO/USDT:USDT,0.27,29737.0,0.2699,109671.6,0.2701,36713.4,0.2702,103775.1
1753503781328,04:23:01.328,ALGO/USDT:USDT,0.27,28411.2,0.2699,109671.6,0.2701,36713.4,0.2702,103867.6
1753503781469,04:23:01.469,ALGO/USDT:USDT,0.27,28411.2,0.2699,109671.6,0.2701,36713.4,0.2702,103867.6
1753503781575,04:23:01.575,ALGO/USDT:USDT,0.27,28429.8,0.2699,109671.6,0.2701,36822.8,0.2702,103924.9
1753503781701,04:23:01.701,ALGO/USDT:USDT,0.27,33534.8,0.2699,109671.6,0.2701,36823.7,0.2702,103924.9
1753503781804,04:23:01.804,ALGO/USDT:USDT,0.27,33534.8,0.2699,109671.6,0.2701,23472.2,0.2702,103924.9
1753503781926,04:23:01.926,ALGO/USDT:USDT,0.27,33534.8,0.2699,109671.6,0.2701,24779.4,0.2702,103924.9
1753503782037,04:23:02.037,ALGO/USDT:USDT,0.27,28429.8,0.2699,109671.6,0.2701,28177.2,0.2702,103924.9
1753503782188,04:23:02.188,ALGO/USDT:USDT,0.27,28429.8,0.2699,109671.6,0.2701,28086.4,0.2702,103902.8
1753503782326,04:23:02.326,ALGO/USDT:USDT,0.27,28429.8,0.2699,109671.6,0.2701,28066.9,0.2702,103902.8
1753503782436,04:23:02.436,ALGO/USDT:USDT,0.27,28429.8,0.2699,109671.6,0.2701,28066.9,0.2702,103902.8
1753503782598,04:23:02.598,ALGO/USDT:USDT,0.27,28429.8,0.2699,109671.6,0.2701,28066.9,0.2702,103902.8
1753503782726,04:23:02.726,ALGO/USDT:USDT,0.27,28429.8,0.2699,109671.6,0.2701,28548.3,0.2702,104039.0
1753503782862,04:23:02.862,ALGO/USDT:USDT,0.27,7151.6,0.2699,106486.6,0.2701,44566.9,0.2702,104039.0
1753503782964,04:23:02.964,ALGO/USDT:USDT,0.27,11342.4,0.2699,106486.6,0.2701,44937.0,0.2702,104409.3
1753503783108,04:23:03.108,ALGO/USDT:USDT,0.27,9350.8,0.2699,106486.6,0.2701,44937.0,0.2702,104409.3
1753503783218,04:23:03.218,ALGO/USDT:USDT,0.27,9350.8,0.2699,106486.6,0.2701,44937.0,0.2702,104409.3
1753503783425,04:23:03.425,ALGO/USDT:USDT,0.27,2067.8,0.2699,105183.6,0.2701,44937.0,0.2702,107272.4
1753503783526,04:23:03.526,ALGO/USDT:USDT,0.27,2067.8,0.2699,99305.2,0.2701,45306.9,0.2702,107642.7
1753503783654,04:23:03.654,ALGO/USDT:USDT,0.27,2067.8,0.2699,99305.2,0.2701,45658.6,0.2702,107642.7
1753503783786,04:23:03.786,ALGO/USDT:USDT,0.27,2067.8,0.2699,99305.2,0.2701,46047.0,0.2702,107642.7
1753503783927,04:23:03.927,ALGO/USDT:USDT,0.27,2067.8,0.2699,99305.2,0.2701,46047.0,0.2702,107642.7
1753503784032,04:23:04.032,ALGO/USDT:USDT,0.27,2067.8,0.2699,99305.2,0.2701,46047.0,0.2702,107642.7
1753503784202,04:23:04.202,ALGO/USDT:USDT,0.27,2067.8,0.2699,99305.2,0.2701,46417.1,0.2702,107642.7
1753503784308,04:23:04.308,ALGO/USDT:USDT,0.27,2067.8,0.2699,99305.2,0.2701,46417.1,0.2702,107642.7
1753503784460,04:23:04.460,ALGO/USDT:USDT,0.27,2067.8,0.2699,99305.2,0.2701,44237.9,0.2702,108013.0
1753503784562,04:23:04.562,ALGO/USDT:USDT,0.27,2067.8,0.2699,99305.2,0.2701,44237.9,0.2702,108383.3
1753503784726,04:23:04.726,ALGO/USDT:USDT,0.27,2067.8,0.2699,99305.2,0.2701,44608.2,0.2702,108383.3
1753503784829,04:23:04.829,ALGO/USDT:USDT,0.27,2067.8,0.2699,99305.2,0.2701,44608.2,0.2702,108383.3
1753503785126,04:23:05.126,ALGO/USDT:USDT,0.27,2067.8,0.2699,99305.2,0.2701,46398.5,0.2702,108383.3
1753503785227,04:23:05.227,ALGO/USDT:USDT,0.27,2067.8,0.2699,99305.2,0.2701,44237.9,0.2702,108383.3
1753503785368,04:23:05.368,ALGO/USDT:USDT,0.27,2067.8,0.2699,99305.2,0.2701,46398.5,0.2702,108383.3
1753503785510,04:23:05.510,ALGO/USDT:USDT,0.27,2067.8,0.2699,99305.2,0.2701,46398.5,0.2702,108383.3
1753503785659,04:23:05.659,ALGO/USDT:USDT,0.2699,33327.0,0.2698,110017.5,0.27,27957.7,0.2701,109290.7
1753503785760,04:23:05.760,ALGO/USDT:USDT,0.2699,25869.9,0.2698,110017.5,0.27,26409.5,0.2701,108249.6
1753503785863,04:23:05.863,ALGO/USDT:USDT,0.2699,25869.9,0.2698,114354.2,0.27,40839.5,0.2701,105156.8
1753503785974,04:23:05.974,ALGO/USDT:USDT,0.2699,25869.9,0.2698,114354.2,0.27,40839.5,0.2701,105156.8
1753503786240,04:23:06.240,ALGO/USDT:USDT,0.2699,24718.5,0.2698,115254.2,0.27,23662.9,0.2701,105156.8
1753503786342,04:23:06.342,ALGO/USDT:USDT,0.2699,24718.5,0.2698,115254.2,0.27,23662.9,0.2701,105156.8
1753503786447,04:23:06.447,ALGO/USDT:USDT,0.2699,24718.5,0.2698,115254.2,0.27,25823.5,0.2701,105156.8
1753503786550,04:23:06.550,ALGO/USDT:USDT,0.2699,28964.3,0.2698,115254.2,0.27,22337.1,0.2701,104786.5
1753503786653,04:23:06.653,ALGO/USDT:USDT,0.2699,28964.3,0.2698,115254.2,0.27,22337.1,0.2701,92763.0
1753503786788,04:23:06.788,ALGO/USDT:USDT,0.2699,24718.5,0.2698,104583.5,0.27,43023.5,0.2701,92763.0
1753503786958,04:23:06.958,ALGO/USDT:USDT,0.2699,24718.5,0.2698,104583.5,0.27,43023.5,0.2701,92763.0
1753503787126,04:23:07.126,ALGO/USDT:USDT,0.2699,24718.5,0.2698,104583.5,0.27,43042.1,0.2701,92763.0
1753503787260,04:23:07.260,ALGO/USDT:USDT,0.2699,24718.5,0.2698,104583.5,0.27,43042.1,0.2701,92763.0
1753503787423,04:23:07.423,ALGO/USDT:USDT,0.2699,6249.6,0.2698,101667.8,0.27,43042.1,0.2701,92763.0
1753503787526,04:23:07.526,ALGO/USDT:USDT,0.2699,4786.3,0.2698,101667.8,0.27,43080.8,0.2701,92763.0
1753503787637,04:23:07.637,ALGO/USDT:USDT,0.2699,6755.8,0.2698,101667.8,0.27,43451.2,0.2701,93133.4
1753503787759,04:23:07.759,ALGO/USDT:USDT,0.2699,6725.9,0.2698,100767.8,0.27,43451.2,0.2701,93133.4
1753503787909,04:23:07.909,ALGO/USDT:USDT,0.2699,6696.9,0.2698,99471.0,0.27,43451.2,0.2701,93133.4
1753503788055,04:23:08.055,ALGO/USDT:USDT,0.2699,9016.7,0.2698,99471.0,0.27,43451.2,0.2701,93133.4
1753503788254,04:23:08.254,ALGO/USDT:USDT,0.2699,8967.8,0.2698,99471.0,0.27,41272.0,0.2701,92763.0
1753503788357,04:23:08.357,ALGO/USDT:USDT,0.2699,8938.3,0.2698,99471.0,0.27,43451.2,0.2701,92763.0
1753503788460,04:23:08.460,ALGO/USDT:USDT,0.2699,8918.2,0.2698,99471.0,0.27,43451.2,0.2701,92763.0
1753503788563,04:23:08.563,ALGO/USDT:USDT,0.2699,8847.1,0.2698,99471.0,0.27,43451.2,0.2701,92763.0
1753503788699,04:23:08.699,ALGO/USDT:USDT,0.2699,8824.7,0.2698,99471.0,0.27,43451.2,0.2701,92763.0
1753503788843,04:23:08.843,ALGO/USDT:USDT,0.2699,8824.7,0.2698,100371.0,0.27,43821.6,0.2701,92763.0
1753503789002,04:23:09.002,ALGO/USDT:USDT,0.2699,8741.1,0.2698,100371.0,0.27,43821.6,0.2701,92763.0
1753503789107,04:23:09.107,ALGO/USDT:USDT,0.2699,8741.1,0.2698,100371.0,0.27,43821.6,0.2701,92763.0
1753503789259,04:23:09.259,ALGO/USDT:USDT,0.2699,13416.1,0.2698,99471.0,0.27,39332.6,0.2701,92763.0
1753503789388,04:23:09.388,ALGO/USDT:USDT,0.2699,13416.1,0.2698,99471.0,0.27,39332.6,0.2701,92763.0
1753503789526,04:23:09.526,ALGO/USDT:USDT,0.2699,13416.1,0.2698,99471.0,0.27,39332.6,0.2701,92763.0
1753503789659,04:23:09.659,ALGO/USDT:USDT,0.2699,13416.1,0.2698,99471.0,0.27,38962.2,0.2701,92763.0
1753503789817,04:23:09.817,ALGO/USDT:USDT,0.2699,13416.1,0.2698,99471.0,0.27,38962.2,0.2701,92763.0
1753503789926,04:23:09.926,ALGO/USDT:USDT,0.2699,13416.1,0.2698,99471.0,0.27,38962.2,0.2701,92763.0
1753503790054,04:23:10.054,ALGO/USDT:USDT,0.2699,9911.1,0.2698,99471.0,0.27,42467.2,0.2701,92763.0
1753503790202,04:23:10.202,ALGO/USDT:USDT,0.2699,9911.1,0.2698,99471.0,0.27,42467.2,0.2701,92763.0
1753503790327,04:23:10.327,ALGO/USDT:USDT,0.2699,9911.1,0.2698,99471.0,0.27,42467.2,0.2701,92763.0
1753503790459,04:23:10.459,ALGO/USDT:USDT,0.2699,7399.0,0.2698,99471.0,0.27,47589.6,0.2701,92763.0
1753503790621,04:23:10.621,ALGO/USDT:USDT,0.2699,8706.2,0.2698,99471.0,0.27,47589.6,0.2701,92763.0
1753503790727,04:23:10.727,ALGO/USDT:USDT,0.2699,14326.2,0.2698,99471.0,0.27,42884.6,0.2701,104994.0
1753503790859,04:23:10.859,ALGO/USDT:USDT,0.2699,13416.1,0.2698,99471.0,0.27,26884.6,0.2701,104994.0
1753503791014,04:23:11.014,ALGO/USDT:USDT,0.2699,13416.1,0.2698,99471.0,0.27,26884.6,0.2701,107071.6
1753503791127,04:23:11.127,ALGO/USDT:USDT,0.2699,13416.1,0.2698,99471.0,0.27,26884.6,0.2701,107071.6
1753503791255,04:23:11.255,ALGO/USDT:USDT,0.2699,5738.9,0.2698,99471.0,0.27,30389.6,0.2701,107071.6
1753503791361,04:23:11.361,ALGO/USDT:USDT,0.2699,5738.9,0.2698,99471.0,0.27,30389.8,0.2701,107071.6
1753503791526,04:23:11.526,ALGO/USDT:USDT,0.2699,11236.9,0.2698,99471.0,0.27,30389.8,0.2701,107071.6
1753503791628,04:23:11.628,ALGO/USDT:USDT,0.2699,13397.5,0.2698,99471.0,0.27,26514.4,0.2701,107071.6
1753503791743,04:23:11.743,ALGO/USDT:USDT,0.2699,13416.1,0.2698,99471.0,0.27,26514.4,0.2701,107071.6
1753503791858,04:23:11.858,ALGO/USDT:USDT,0.2699,13416.1,0.2698,99471.0,0.27,26514.4,0.2701,107071.6
1753503791959,04:23:11.959,ALGO/USDT:USDT,0.2699,9911.1,0.2698,99471.0,0.27,30019.4,0.2701,107071.6
1753503792061,04:23:12.061,ALGO/USDT:USDT,0.2699,5738.9,0.2698,99471.0,0.27,30019.4,0.2701,107071.6
1753503792169,04:23:12.169,ALGO/USDT:USDT,0.2699,7046.1,0.2698,99471.0,0.27,30019.4,0.2701,107071.6
1753503792290,04:23:12.290,ALGO/USDT:USDT,0.2699,5738.9,0.2698,99471.0,0.27,30019.4,0.2701,107071.6
1753503792402,04:23:12.402,ALGO/USDT:USDT,0.2699,5738.9,0.2698,99471.0,0.27,30019.4,0.2701,107071.6
1753503792613,04:23:12.613,ALGO/USDT:USDT,0.2699,5813.4,0.2698,99471.0,0.27,30019.4,0.2701,109577.2
1753503792717,04:23:12.717,ALGO/USDT:USDT,0.2699,6941.2,0.2698,99471.0,0.27,46389.8,0.2701,109577.2
1753503792837,04:23:12.837,ALGO/USDT:USDT,0.2699,5771.2,0.2698,100641.0,0.27,46945.6,0.2701,109577.2
1753503792959,04:23:12.959,ALGO/USDT:USDT,0.2699,5771.2,0.2698,100641.0,0.27,46945.6,0.2701,109947.6
1753503793061,04:23:13.061,ALGO/USDT:USDT,0.2699,5771.2,0.2698,100641.0,0.27,47296.9,0.2701,109947.6
1753503793166,04:23:13.166,ALGO/USDT:USDT,0.2699,5696.7,0.2698,100641.0,0.27,47296.9,0.2701,110318.0
1753503793430,04:23:13.430,ALGO/USDT:USDT,0.2699,5696.7,0.2698,100641.0,0.27,47296.9,0.2701,110318.0
1753503793540,04:23:13.540,ALGO/USDT:USDT,0.2699,5696.7,0.2698,100641.0,0.27,47296.9,0.2701,110318.0
1753503793659,04:23:13.659,ALGO/USDT:USDT,0.2699,5696.7,0.2698,100641.0,0.27,47296.9,0.2701,110318.0
1753503793795,04:23:13.795,ALGO/USDT:USDT,0.2699,2771.4,0.2698,100029.6,0.27,48055.9,0.2701,117449.4
1753503793897,04:23:13.897,ALGO/USDT:USDT,0.2699,2710.2,0.2698,100029.6,0.27,48055.9,0.2701,118190.2
1753503794028,04:23:14.028,ALGO/USDT:USDT,0.2699,2752.8,0.2698,95351.5,0.27,48055.9,0.2701,118190.2
1753503794247,04:23:14.247,ALGO/USDT:USDT,0.2698,45323.8,0.2697,122595.0,0.2699,31344.3,0.27,89421.2
1753503794456,04:23:14.456,ALGO/USDT:USDT,0.2698,41513.5,0.2697,117037.5,0.2699,30603.8,0.27,89076.7
1753503794602,04:23:14.602,ALGO/USDT:USDT,0.2698,41513.5,0.2697,117037.5,0.2699,30603.8,0.27,89076.7
1753503794726,04:23:14.726,ALGO/USDT:USDT,0.2698,41513.5,0.2697,117037.5,0.2699,30603.8,0.27,89076.7
1753503794859,04:23:14.859,ALGO/USDT:USDT,0.2698,42273.2,0.2697,117037.5,0.2699,30622.4,0.27,89076.7
1753503794962,04:23:14.962,ALGO/USDT:USDT,0.2698,42273.2,0.2697,117037.5,0.2699,30622.4,0.27,89076.7
1753503795107,04:23:15.107,ALGO/USDT:USDT,0.2698,41532.1,0.2697,117037.5,0.2699,30622.4,0.27,89076.7
1753503795211,04:23:15.211,ALGO/USDT:USDT,0.2698,41532.1,0.2697,117037.5,0.2699,30622.4,0.27,89076.7
1753503795526,04:23:15.526,ALGO/USDT:USDT,0.2698,41532.1,0.2697,117037.5,0.2699,30622.4,0.27,88706.3
1753503795659,04:23:15.659,ALGO/USDT:USDT,0.2698,43692.7,0.2697,117037.5,0.2699,30622.4,0.27,100237.4
1753503795777,04:23:15.777,ALGO/USDT:USDT,0.2698,43745.1,0.2697,117037.5,0.2699,30622.4,0.27,101668.8
1753503795912,04:23:15.912,ALGO/USDT:USDT,0.2698,44467.6,0.2697,117037.5,0.2699,30672.6,0.27,101668.8
1753503796060,04:23:16.060,ALGO/USDT:USDT,0.2698,44467.6,0.2697,117037.5,0.2699,30672.6,0.27,101668.8
1753503796202,04:23:16.202,ALGO/USDT:USDT,0.2698,45304.3,0.2697,117937.5,0.2699,31638.0,0.27,101668.8
1753503796325,04:23:16.325,ALGO/USDT:USDT,0.2698,43125.1,0.2697,117937.5,0.2699,31716.6,0.27,101668.8
1753503796436,04:23:16.436,ALGO/USDT:USDT,0.2698,45304.3,0.2697,117937.5,0.2699,27544.3,0.27,101668.8
1753503796602,04:23:16.602,ALGO/USDT:USDT,0.2698,45304.3,0.2697,117937.5,0.2699,27544.3,0.27,101668.8
1753503796726,04:23:16.726,ALGO/USDT:USDT,0.2698,55285.7,0.2697,117937.5,0.2699,27544.3,0.27,101668.8
1753503796859,04:23:16.859,ALGO/USDT:USDT,0.2698,45304.3,0.2697,117937.5,0.2699,27544.3,0.27,101668.8
1753503797010,04:23:17.010,ALGO/USDT:USDT,0.2698,45304.3,0.2697,117937.5,0.2699,27544.3,0.27,101668.8
1753503797126,04:23:17.126,ALGO/USDT:USDT,0.2698,45304.3,0.2697,117937.5,0.2699,27544.3,0.27,101668.8
1753503797259,04:23:17.259,ALGO/USDT:USDT,0.2698,45304.3,0.2697,117937.5,0.2699,27544.3,0.27,101668.8
1753503797517,04:23:17.517,ALGO/USDT:USDT,0.2698,45304.3,0.2697,117937.5,0.2699,27544.2,0.27,101668.8
1753503797623,04:23:17.623,ALGO/USDT:USDT,0.2698,45304.3,0.2697,117937.5,0.2699,27544.2,0.27,101668.8
1753503797737,04:23:17.737,ALGO/USDT:USDT,0.2698,45304.3,0.2697,117937.5,0.2699,27544.2,0.27,101668.8
1753503797854,04:23:17.854,ALGO/USDT:USDT,0.2698,45304.3,0.2697,115496.7,0.2699,27544.2,0.27,101668.8
1753503798002,04:23:18.002,ALGO/USDT:USDT,0.2698,45304.3,0.2697,115496.7,0.2699,27544.2,0.27,101668.8
1753503798109,04:23:18.109,ALGO/USDT:USDT,0.2698,45304.3,0.2697,115496.7,0.2699,27544.2,0.27,101668.8
1753503798213,04:23:18.213,ALGO/USDT:USDT,0.2698,45304.3,0.2697,115496.7,0.2699,27544.2,0.27,101668.8
1753503798326,04:23:18.326,ALGO/USDT:USDT,0.2698,43125.1,0.2697,115496.7,0.2699,27722.6,0.27,101668.8
1753503798449,04:23:18.449,ALGO/USDT:USDT,0.2698,45285.7,0.2697,115496.7,0.2699,27722.0,0.27,101668.8
1753503798727,04:23:18.727,ALGO/USDT:USDT,0.2698,59304.3,0.2697,115496.7,0.2699,27722.0,0.27,101668.8
1753503798860,04:23:18.860,ALGO/USDT:USDT,0.2698,59304.3,0.2697,115496.7,0.2699,27722.0,0.27,101668.8
1753503799010,04:23:19.010,ALGO/USDT:USDT,0.2698,45304.3,0.2697,115496.7,0.2699,27722.0,0.27,101668.8
1753503799127,04:23:19.127,ALGO/USDT:USDT,0.2698,45304.3,0.2697,115496.7,0.2699,27722.0,0.27,101668.8
1753503799231,04:23:19.231,ALGO/USDT:USDT,0.2698,46455.7,0.2697,114596.7,0.2699,26818.8,0.27,101668.8
1753503799460,04:23:19.460,ALGO/USDT:USDT,0.2698,46455.7,0.2697,114596.7,0.2699,26818.8,0.27,101668.8
1753503799659,04:23:19.659,ALGO/USDT:USDT,0.2698,46455.7,0.2697,114596.7,0.2699,26818.8,0.27,101668.8
1753503799818,04:23:19.818,ALGO/USDT:USDT,0.2698,46455.7,0.2697,125122.4,0.2699,26818.8,0.27,108429.8
1753503799926,04:23:19.926,ALGO/USDT:USDT,0.2698,46455.7,0.2697,125122.4,0.2699,26818.8,0.27,108429.8
1753503800060,04:23:20.060,ALGO/USDT:USDT,0.2698,46455.7,0.2697,125122.4,0.2699,26818.8,0.27,108429.8
1753503800327,04:23:20.327,ALGO/USDT:USDT,0.2698,45733.2,0.2697,125122.4,0.2699,26818.8,0.27,108429.8
1753503800459,04:23:20.459,ALGO/USDT:USDT,0.2698,45733.2,0.2697,125122.4,0.2699,26819.1,0.27,108429.8
1753503800602,04:23:20.602,ALGO/USDT:USDT,0.2698,45733.2,0.2697,125122.4,0.2699,26819.1,0.27,108429.8
1753503800722,04:23:20.722,ALGO/USDT:USDT,0.2698,45733.2,0.2697,125122.4,0.2699,26819.1,0.27,108429.8
1753503800860,04:23:20.860,ALGO/USDT:USDT,0.2698,46474.3,0.2697,125122.4,0.2699,26819.1,0.27,108429.8
1753503800963,04:23:20.963,ALGO/USDT:USDT,0.2698,46474.3,0.2697,125122.4,0.2699,26819.1,0.27,108429.8
1753503801087,04:23:21.087,ALGO/USDT:USDT,0.2698,45733.2,0.2697,125122.4,0.2699,26819.1,0.27,108429.8
1753503801259,04:23:21.259,ALGO/USDT:USDT,0.2698,45733.2,0.2697,125122.4,0.2699,26819.1,0.27,108429.8
1753503801459,04:23:21.459,ALGO/USDT:USDT,0.2698,45733.2,0.2697,125122.4,0.2699,26819.1,0.27,108429.8
1753503801562,04:23:21.562,ALGO/USDT:USDT,0.2698,45733.2,0.2697,125122.4,0.2699,26819.1,0.27,108429.8
1753503801666,04:23:21.666,ALGO/USDT:USDT,0.2698,45733.2,0.2697,125122.4,0.2699,26819.1,0.27,108429.8
1753503801769,04:23:21.769,ALGO/USDT:USDT,0.2698,45733.2,0.2697,125122.4,0.2699,26819.1,0.27,108429.8
1753503801926,04:23:21.926,ALGO/USDT:USDT,0.2698,45733.2,0.2697,125122.4,0.2699,26819.1,0.27,108429.8
1753503802060,04:23:22.060,ALGO/USDT:USDT,0.2698,45733.2,0.2697,125122.4,0.2699,26819.1,0.27,108429.8
1753503802202,04:23:22.202,ALGO/USDT:USDT,0.2698,45733.2,0.2697,125122.4,0.2699,26819.1,0.27,108429.8
1753503802326,04:23:22.326,ALGO/USDT:USDT,0.2698,45733.2,0.2697,125122.4,0.2699,28144.9,0.27,108429.8
1753503802459,04:23:22.459,ALGO/USDT:USDT,0.2698,45733.2,0.2697,125122.4,0.2699,28144.9,0.27,108429.8
1753503802601,04:23:22.601,ALGO/USDT:USDT,0.2698,45733.2,0.2697,125122.4,0.2699,28144.9,0.27,108429.8
1753503802702,04:23:22.702,ALGO/USDT:USDT,0.2698,45733.2,0.2697,125122.4,0.2699,28144.9,0.27,108429.8
1753503802807,04:23:22.807,ALGO/USDT:USDT,0.2698,44407.4,0.2697,125122.4,0.2699,28144.9,0.27,108429.8
1753503803048,04:23:23.048,ALGO/USDT:USDT,0.2698,45733.2,0.2697,125122.4,0.2699,26819.1,0.27,108429.8
1753503803260,04:23:23.260,ALGO/USDT:USDT,0.2698,45733.2,0.2697,125122.4,0.2699,26819.1,0.27,108429.8
1753503803455,04:23:23.455,ALGO/USDT:USDT,0.2698,43554.0,0.2697,125122.4,0.2699,28450.2,0.27,108124.0
1753503803659,04:23:23.659,ALGO/USDT:USDT,0.2698,43554.0,0.2697,125122.4,0.2699,41450.2,0.27,108124.0
1753503803859,04:23:23.859,ALGO/USDT:USDT,0.2698,43554.0,0.2697,125122.4,0.2699,41450.2,0.27,108124.0
1753503804060,04:23:24.060,ALGO/USDT:USDT,0.2698,43554.0,0.2697,125122.4,0.2699,41450.2,0.27,108124.0
1753503804167,04:23:24.167,ALGO/USDT:USDT,0.2698,42228.2,0.2697,125122.4,0.2699,44250.2,0.27,108246.4
1753503804327,04:23:24.327,ALGO/USDT:USDT,0.2698,42228.2,0.2697,125122.4,0.2699,44250.2,0.27,108246.4
1753503804460,04:23:24.460,ALGO/USDT:USDT,0.2698,42228.2,0.2697,125122.4,0.2699,44250.2,0.27,108246.4
1753503804602,04:23:24.602,ALGO/USDT:USDT,0.2698,42228.2,0.2697,125122.4,0.2699,44250.2,0.27,108246.4
1753503804721,04:23:24.721,ALGO/USDT:USDT,0.2698,42228.2,0.2697,125122.4,0.2699,44250.2,0.27,108246.4
1753503804860,04:23:24.860,ALGO/USDT:USDT,0.2698,42228.2,0.2697,125122.4,0.2699,43050.2,0.27,108246.4
1753503805029,04:23:25.029,ALGO/USDT:USDT,0.2698,42228.2,0.2697,125122.4,0.2699,43050.2,0.27,108246.4
1753503805131,04:23:25.131,ALGO/USDT:USDT,0.2698,42228.2,0.2697,125141.0,0.2699,43050.2,0.27,108246.4
1753503805238,04:23:25.238,ALGO/USDT:USDT,0.2698,42228.2,0.2697,125141.0,0.2699,43050.2,0.27,108246.4
1753503805463,04:23:25.463,ALGO/USDT:USDT,0.2698,42228.2,0.2697,125141.0,0.2699,32126.5,0.27,108246.4
1753503805660,04:23:25.660,ALGO/USDT:USDT,0.2698,42228.2,0.2697,125141.0,0.2699,32126.5,0.27,108246.4
1753503805803,04:23:25.803,ALGO/USDT:USDT,0.2698,42228.2,0.2697,125141.0,0.2699,32126.5,0.27,108246.4
1753503805927,04:23:25.927,ALGO/USDT:USDT,0.2698,42228.2,0.2697,125141.0,0.2699,32126.5,0.27,108246.4
1753503806060,04:23:26.060,ALGO/USDT:USDT,0.2698,42228.2,0.2697,125141.0,0.2699,32126.5,0.27,108246.4
1753503806202,04:23:26.202,ALGO/USDT:USDT,0.2698,42228.2,0.2697,125141.0,0.2699,32126.5,0.27,108246.4
1753503806327,04:23:26.327,ALGO/USDT:USDT,0.2698,42228.2,0.2697,125141.0,0.2699,32126.5,0.27,108246.4
1753503806460,04:23:26.460,ALGO/USDT:USDT,0.2698,41058.2,0.2697,126041.0,0.2699,33104.8,0.27,108246.4
1753503806604,04:23:26.604,ALGO/USDT:USDT,0.2698,41058.2,0.2697,126041.0,0.2699,33104.7,0.27,108246.4
1753503806727,04:23:26.727,ALGO/USDT:USDT,0.2698,41799.3,0.2697,126041.0,0.2699,33104.7,0.27,108246.4
1753503806849,04:23:26.849,ALGO/USDT:USDT,0.2698,43106.5,0.2697,126041.0,0.2699,31778.9,0.27,108246.4
1753503807063,04:23:27.063,ALGO/USDT:USDT,0.2698,43125.1,0.2697,126041.0,0.2699,30178.9,0.27,108246.4
1753503807244,04:23:27.244,ALGO/USDT:USDT,0.2698,43125.1,0.2697,126041.0,0.2699,30178.9,0.27,108246.4
1753503807402,04:23:27.402,ALGO/USDT:USDT,0.2698,43125.1,0.2697,126041.0,0.2699,30178.9,0.27,108246.4
1753503807520,04:23:27.520,ALGO/USDT:USDT,0.2698,43125.1,0.2697,110837.6,0.2699,30178.9,0.27,101485.4
1753503807625,04:23:27.625,ALGO/USDT:USDT,0.2698,43125.1,0.2697,115516.2,0.2699,30178.9,0.27,101485.4
1753503807905,04:23:27.905,ALGO/USDT:USDT,0.2698,43125.1,0.2697,115516.2,0.2699,30178.9,0.27,101485.4
1753503808010,04:23:28.010,ALGO/USDT:USDT,0.2698,43125.1,0.2697,115516.2,0.2699,30178.9,0.27,101485.4
1753503808202,04:23:28.202,ALGO/USDT:USDT,0.2698,43125.1,0.2697,115516.2,0.2699,30178.9,0.27,101485.4
1753503808326,04:23:28.326,ALGO/USDT:USDT,0.2698,43125.1,0.2697,115516.2,0.2699,30178.9,0.27,101485.4
1753503808441,04:23:28.441,ALGO/USDT:USDT,0.2698,43125.1,0.2697,115516.2,0.2699,30178.9,0.27,101485.4
1753503808559,04:23:28.559,ALGO/USDT:USDT,0.2698,43125.1,0.2697,115516.2,0.2699,30178.9,0.27,101485.4
1753503808707,04:23:28.707,ALGO/USDT:USDT,0.2698,43125.1,0.2697,115516.2,0.2699,30178.9,0.27,101485.4
1753503808860,04:23:28.860,ALGO/USDT:USDT,0.2698,43125.1,0.2697,115516.2,0.2699,30178.9,0.27,101485.4
1753503809009,04:23:29.009,ALGO/USDT:USDT,0.2698,43125.1,0.2697,115516.2,0.2699,30178.9,0.27,101485.4
1753503809120,04:23:29.120,ALGO/USDT:USDT,0.2698,42113.6,0.2697,114819.5,0.2699,30178.9,0.27,101485.4
1753503809260,04:23:29.260,ALGO/USDT:USDT,0.2698,42113.6,0.2697,114819.5,0.2699,30178.9,0.27,101485.4
1753503809462,04:23:29.462,ALGO/USDT:USDT,0.2698,43265.0,0.2697,113919.5,0.2699,29225.6,0.27,101485.4
1753503809602,04:23:29.602,ALGO/USDT:USDT,0.2698,43265.0,0.2697,113919.5,0.2699,29225.6,0.27,101485.4
1753503809797,04:23:29.797,ALGO/USDT:USDT,0.2698,43265.0,0.2697,113919.5,0.2699,29225.6,0.27,101485.4
1753503809902,04:23:29.902,ALGO/USDT:USDT,0.2698,43265.0,0.2697,113919.5,0.2699,29225.6,0.27,101485.4
1753503810059,04:23:30.059,ALGO/USDT:USDT,0.2698,41939.2,0.2697,113919.5,0.2699,29225.6,0.27,101485.4
1753503810191,04:23:30.191,ALGO/USDT:USDT,0.2698,41957.8,0.2697,113919.5,0.2699,30825.6,0.27,101485.4
1753503810302,04:23:30.302,ALGO/USDT:USDT,0.2698,41957.8,0.2697,113919.5,0.2699,30825.6,0.27,101485.4
1753503810460,04:23:30.460,ALGO/USDT:USDT,0.2698,41957.8,0.2697,113919.5,0.2699,30825.6,0.27,101485.4
1753503810578,04:23:30.578,ALGO/USDT:USDT,0.2698,41957.8,0.2697,113919.5,0.2699,46806.6,0.27,101485.4
1753503810688,04:23:30.688,ALGO/USDT:USDT,0.2698,41957.8,0.2697,113919.5,0.2699,46806.6,0.27,101485.4
1753503810801,04:23:30.801,ALGO/USDT:USDT,0.2698,41957.8,0.2697,113919.5,0.2699,46806.6,0.27,101485.4
1753503810987,04:23:30.987,ALGO/USDT:USDT,0.2698,41957.8,0.2697,113919.5,0.2699,46806.6,0.27,101485.4
1753503811126,04:23:31.126,ALGO/USDT:USDT,0.2698,41957.8,0.2697,113919.5,0.2699,48151.0,0.27,101485.4
1753503811236,04:23:31.236,ALGO/USDT:USDT,0.2698,43283.6,0.2697,113919.5,0.2699,30825.2,0.27,101485.4
1753503811377,04:23:31.377,ALGO/USDT:USDT,0.2698,43283.6,0.2697,113919.5,0.2699,30825.2,0.27,101485.4
1753503811526,04:23:31.526,ALGO/USDT:USDT,0.2698,43283.6,0.2697,113919.5,0.2699,30850.8,0.27,101485.4
1753503811630,04:23:31.630,ALGO/USDT:USDT,0.2698,43283.6,0.2697,113919.5,0.2699,32190.8,0.27,101485.4
1753503811747,04:23:31.747,ALGO/USDT:USDT,0.2698,43283.6,0.2697,113919.5,0.2699,32190.8,0.27,101485.4
1753503811926,04:23:31.926,ALGO/USDT:USDT,0.2698,43283.6,0.2697,113919.5,0.2699,30883.6,0.27,101485.4
1753503812028,04:23:32.028,ALGO/USDT:USDT,0.2698,41957.8,0.2697,113919.5,0.2699,32190.8,0.27,101485.4
1753503812168,04:23:32.168,ALGO/USDT:USDT,0.2698,43283.6,0.2697,113919.5,0.2699,29283.6,0.27,103551.6
1753503812270,04:23:32.270,ALGO/USDT:USDT,0.2698,43283.6,0.2697,113919.5,0.2699,30590.8,0.27,103551.6
1753503812390,04:23:32.390,ALGO/USDT:USDT,0.2698,43283.6,0.2697,113919.5,0.2699,30609.4,0.27,103551.6
1753503812497,04:23:32.497,ALGO/USDT:USDT,0.2698,41957.8,0.2697,113919.5,0.2699,43609.4,0.27,106609.5
1753503812653,04:23:32.653,ALGO/USDT:USDT,0.2698,43283.6,0.2697,113919.5,0.2699,29283.6,0.27,106609.5
1753503812802,04:23:32.802,ALGO/USDT:USDT,0.2698,43283.6,0.2697,113919.5,0.2699,29283.6,0.27,106609.5
1753503812908,04:23:32.908,ALGO/USDT:USDT,0.2698,43283.6,0.2697,113919.5,0.2699,28533.0,0.27,106609.5
1753503813018,04:23:33.018,ALGO/USDT:USDT,0.2698,43283.6,0.2697,113919.5,0.2699,28533.0,0.27,106609.5
1753503813126,04:23:33.126,ALGO/USDT:USDT,0.2698,43283.6,0.2697,113919.5,0.2699,28533.0,0.27,106609.5
1753503813235,04:23:33.235,ALGO/USDT:USDT,0.2698,41957.8,0.2697,113919.5,0.2699,28580.3,0.27,106570.8
1753503813359,04:23:33.359,ALGO/USDT:USDT,0.2698,41957.8,0.2697,113919.5,0.2699,28580.3,0.27,106570.8
1753503813460,04:23:33.460,ALGO/USDT:USDT,0.2698,41957.8,0.2697,113919.5,0.2699,27254.5,0.27,106570.8
1753503813577,04:23:33.577,ALGO/USDT:USDT,0.2698,41957.8,0.2697,113919.5,0.2699,43235.9,0.27,106570.8
1753503813679,04:23:33.679,ALGO/USDT:USDT,0.2698,41957.8,0.2697,113919.5,0.2699,43235.9,0.27,106570.8
1753503813902,04:23:33.902,ALGO/USDT:USDT,0.2698,41957.8,0.2697,113919.5,0.2699,43235.9,0.27,106570.8
1753503814059,04:23:34.059,ALGO/USDT:USDT,0.2698,41957.8,0.2697,113919.5,0.2699,43235.9,0.27,106570.8
1753503814202,04:23:34.202,ALGO/USDT:USDT,0.2698,41957.8,0.2697,113919.5,0.2699,43235.9,0.27,106570.8
1753503814327,04:23:34.327,ALGO/USDT:USDT,0.2698,41957.8,0.2697,113919.5,0.2699,43235.9,0.27,106570.8
1753503814459,04:23:34.459,ALGO/USDT:USDT,0.2698,41957.8,0.2697,113919.5,0.2699,27254.5,0.27,106570.8
1753503814667,04:23:34.667,ALGO/USDT:USDT,0.2698,41957.8,0.2697,113919.5,0.2699,27254.5,0.27,106570.8
1753503814780,04:23:34.780,ALGO/USDT:USDT,0.2698,41957.8,0.2697,113919.5,0.2699,27254.5,0.27,106570.8
1753503814979,04:23:34.979,ALGO/USDT:USDT,0.2698,41957.8,0.2697,113919.5,0.2699,27254.5,0.27,106570.8
1753503815112,04:23:35.112,ALGO/USDT:USDT,0.2698,41957.8,0.2697,113919.5,0.2699,27254.5,0.27,106570.8
1753503815259,04:23:35.259,ALGO/USDT:USDT,0.2698,41957.8,0.2697,113919.5,0.2699,27254.5,0.27,106570.8
1753503815518,04:23:35.518,ALGO/USDT:USDT,0.2698,41976.6,0.2697,113919.5,0.2699,27254.8,0.27,106570.8
1753503815628,04:23:35.628,ALGO/USDT:USDT,0.2698,42717.7,0.2697,113919.5,0.2699,27254.8,0.27,107566.3
1753503815760,04:23:35.760,ALGO/USDT:USDT,0.2698,42717.7,0.2697,113919.5,0.2699,27254.8,0.27,107566.3
1753503815926,04:23:35.926,ALGO/USDT:USDT,0.2698,42717.7,0.2697,113919.5,0.2699,27254.8,0.27,107566.3
1753503816059,04:23:36.059,ALGO/USDT:USDT,0.2698,42717.7,0.2697,113919.5,0.2699,27254.8,0.27,107566.3
1753503816161,04:23:36.161,ALGO/USDT:USDT,0.2698,42717.7,0.2697,113919.5,0.2699,27254.8,0.27,107566.3
1753503816263,04:23:36.263,ALGO/USDT:USDT,0.2698,42717.7,0.2697,113919.5,0.2699,27254.8,0.27,107566.3
1753503816372,04:23:36.372,ALGO/USDT:USDT,0.2698,41547.7,0.2697,114819.5,0.2699,28214.7,0.27,107566.3
1753503816657,04:23:36.657,ALGO/USDT:USDT,0.2698,41547.7,0.2697,114819.5,0.2699,28214.7,0.27,107566.3
1753503816775,04:23:36.775,ALGO/USDT:USDT,0.2698,41547.7,0.2697,114819.5,0.2699,28214.7,0.27,107566.3
1753503816902,04:23:36.902,ALGO/USDT:USDT,0.2698,41547.7,0.2697,114819.5,0.2699,28214.7,0.27,107566.3
1753503817126,04:23:37.126,ALGO/USDT:USDT,0.2698,41547.7,0.2697,114819.5,0.2699,28214.7,0.27,107566.3
1753503817399,04:23:37.399,ALGO/USDT:USDT,0.2698,40806.6,0.2697,114819.5,0.2699,28233.5,0.27,107566.3
1753503817520,04:23:37.520,ALGO/USDT:USDT,0.2698,41013.2,0.2697,114819.5,0.2699,28208.5,0.27,107566.3
1753503817660,04:23:37.660,ALGO/USDT:USDT,0.2698,41772.9,0.2697,114819.5,0.2699,28208.5,0.27,107566.3
1753503817802,04:23:37.802,ALGO/USDT:USDT,0.2698,41772.9,0.2697,114819.5,0.2699,28208.5,0.27,107566.3
1753503817926,04:23:37.926,ALGO/USDT:USDT,0.2698,41772.9,0.2697,114819.5,0.2699,28208.5,0.27,107566.3
1753503818060,04:23:38.060,ALGO/USDT:USDT,0.2698,41031.8,0.2697,114819.5,0.2699,28208.5,0.27,107566.3
1753503818302,04:23:38.302,ALGO/USDT:USDT,0.2698,41031.8,0.2697,114819.5,0.2699,29789.9,0.27,107566.3
1753503818460,04:23:38.460,ALGO/USDT:USDT,0.2698,41031.8,0.2697,114819.5,0.2699,45808.5,0.27,107566.3
1753503818609,04:23:38.609,ALGO/USDT:USDT,0.2698,41031.8,0.2697,113893.1,0.2699,45808.5,0.27,110379.1
1753503818726,04:23:38.726,ALGO/USDT:USDT,0.2698,41031.8,0.2697,113893.1,0.2699,45808.5,0.27,110379.1
1753503818860,04:23:38.860,ALGO/USDT:USDT,0.2698,41031.8,0.2697,113893.1,0.2699,45808.5,0.27,110379.1
1753503818981,04:23:38.981,ALGO/USDT:USDT,0.2698,41031.8,0.2697,113893.1,0.2699,45808.2,0.27,110379.1
1753503819102,04:23:39.102,ALGO/USDT:USDT,0.2698,41031.8,0.2697,113893.1,0.2699,45808.2,0.27,110379.1
1753503819260,04:23:39.260,ALGO/USDT:USDT,0.2698,42201.8,0.2697,112993.1,0.2699,46905.5,0.27,110379.1
1753503819394,04:23:39.394,ALGO/USDT:USDT,0.2698,42145.8,0.2697,112993.1,0.2699,46905.5,0.27,110379.1
1753503819502,04:23:39.502,ALGO/USDT:USDT,0.2698,42145.8,0.2697,112993.1,0.2699,46905.4,0.27,110379.1
1753503819609,04:23:39.609,ALGO/USDT:USDT,0.2698,42145.8,0.2697,112993.1,0.2699,46905.4,0.27,110379.1
1753503819853,04:23:39.853,ALGO/USDT:USDT,0.2698,42145.8,0.2697,112993.1,0.2699,46905.4,0.27,110379.1
1753503820002,04:23:40.002,ALGO/USDT:USDT,0.2698,42145.8,0.2697,112993.1,0.2699,46905.4,0.27,110379.1
1753503820117,04:23:40.117,ALGO/USDT:USDT,0.2698,42145.8,0.2697,112993.1,0.2699,46905.4,0.27,110379.1
1753503820279,04:23:40.279,ALGO/USDT:USDT,0.2698,42145.8,0.2697,112993.1,0.2699,29216.0,0.27,110379.1
1753503820387,04:23:40.387,ALGO/USDT:USDT,0.2698,42145.8,0.2697,112993.1,0.2699,28777.2,0.27,110379.1
1753503820547,04:23:40.547,ALGO/USDT:USDT,0.2698,41645.8,0.2697,112993.1,0.2699,28778.2,0.27,110379.1
1753503820667,04:23:40.667,ALGO/USDT:USDT,0.2699,5926.5,0.2698,93330.9,0.27,60490.2,0.2701,102413.8
1753503820771,04:23:40.771,ALGO/USDT:USDT,0.2699,6001.0,0.2698,91368.8,0.27,63236.6,0.2701,107092.2
1753503820877,04:23:40.877,ALGO/USDT:USDT,0.2699,4523.5,0.2698,91368.8,0.27,63236.6,0.2701,107092.2
1753503821046,04:23:41.046,ALGO/USDT:USDT,0.2699,2449.6,0.2698,91368.8,0.27,64562.4,0.2701,106411.1
1753503821260,04:23:41.260,ALGO/USDT:USDT,0.2699,2449.6,0.2698,91368.8,0.27,64562.4,0.2701,110113.7
1753503821427,04:23:41.427,ALGO/USDT:USDT,0.2699,2449.6,0.2698,91368.8,0.27,63566.9,0.2701,110113.7
1753503821595,04:23:41.595,ALGO/USDT:USDT,0.2699,2468.2,0.2698,91368.8,0.27,66135.1,0.2701,110113.7
1753503821902,04:23:41.902,ALGO/USDT:USDT,0.2699,2468.2,0.2698,91368.8,0.27,67152.9,0.2701,110113.7
1753503822057,04:23:42.057,ALGO/USDT:USDT,0.2699,2142.4,0.2698,91368.8,0.27,63119.3,0.2701,102578.6
1753503822162,04:23:42.162,ALGO/USDT:USDT,0.2699,2067.9,0.2698,91368.8,0.27,49522.0,0.2701,91201.0
1753503822326,04:23:42.326,ALGO/USDT:USDT,0.2699,2067.9,0.2698,91368.8,0.27,49522.0,0.2701,90830.6
1753503822567,04:23:42.567,ALGO/USDT:USDT,0.2699,24040.1,0.2698,91368.8,0.27,27217.0,0.2701,90830.6
1753503822684,04:23:42.684,ALGO/USDT:USDT,0.2699,27735.9,0.2698,95663.0,0.27,27217.0,0.2701,90830.6
1753503822785,04:23:42.785,ALGO/USDT:USDT,0.2699,25210.1,0.2698,95663.0,0.27,28524.2,0.2701,90830.6
1753503822983,04:23:42.983,ALGO/USDT:USDT,0.2699,25210.1,0.2698,95663.0,0.27,28524.2,0.2701,90830.6
1753503823085,04:23:43.085,ALGO/USDT:USDT,0.2699,23610.1,0.2698,95663.0,0.27,28524.2,0.2701,90830.6
1753503823187,04:23:43.187,ALGO/USDT:USDT,0.2699,19437.9,0.2698,90198.8,0.27,30722.0,0.2701,90830.6
1753503823306,04:23:43.306,ALGO/USDT:USDT,0.2699,18267.9,0.2698,91368.8,0.27,30703.4,0.2701,90830.6
1753503823407,04:23:43.407,ALGO/USDT:USDT,0.2699,18267.9,0.2698,91368.8,0.27,46787.9,0.2701,90830.6
1753503823526,04:23:43.526,ALGO/USDT:USDT,0.2699,18267.9,0.2698,91368.8,0.27,47176.8,0.2701,90830.6
1753503823628,04:23:43.628,ALGO/USDT:USDT,0.2699,18267.9,0.2698,91368.8,0.27,47176.8,0.2701,90830.6
1753503823761,04:23:43.761,ALGO/USDT:USDT,0.2699,18267.9,0.2698,91368.8,0.27,46806.4,0.2701,90830.6
1753503823927,04:23:43.927,ALGO/USDT:USDT,0.2699,18267.9,0.2698,91368.8,0.27,30806.4,0.2701,90830.6
1753503824029,04:23:44.029,ALGO/USDT:USDT,0.2699,19419.3,0.2698,90198.8,0.27,28257.3,0.2701,90830.6
1753503824147,04:23:44.147,ALGO/USDT:USDT,0.2699,19419.3,0.2698,89760.9,0.27,28257.3,0.2701,90830.6
1753503824326,04:23:44.326,ALGO/USDT:USDT,0.2699,19419.3,0.2698,89760.9,0.27,28257.3,0.2701,90830.6
1753503824459,04:23:44.459,ALGO/USDT:USDT,0.2697,50275.0,0.2696,120052.1,0.2698,2037.1,0.2699,71542.6
1753503824560,04:23:44.560,ALGO/USDT:USDT,0.2697,27458.5,0.2696,66369.8,0.2698,46585.3,0.2699,131504.7
1753503824661,04:23:44.661,ALGO/USDT:USDT,0.2697,26021.6,0.2696,62667.0,0.2698,38278.8,0.2699,122979.9
1753503824765,04:23:44.765,ALGO/USDT:USDT,0.2697,29545.2,0.2696,69252.9,0.2698,33894.6,0.2699,125926.7
1753503824899,04:23:44.899,ALGO/USDT:USDT,0.2697,29545.2,0.2696,69252.9,0.2698,33894.6,0.2699,125556.0
1753503825005,04:23:45.005,ALGO/USDT:USDT,0.2697,27347.4,0.2696,69252.9,0.2698,33894.6,0.2699,126852.5
1753503825109,04:23:45.109,ALGO/USDT:USDT,0.2697,29636.1,0.2696,69252.9,0.2698,33894.6,0.2699,126852.5
1753503825260,04:23:45.260,ALGO/USDT:USDT,0.2697,29636.1,0.2696,69252.9,0.2698,33894.6,0.2699,126852.5
1753503825408,04:23:45.408,ALGO/USDT:USDT,0.2697,29636.1,0.2696,69252.9,0.2698,33894.6,0.2699,126852.5
1753503825526,04:23:45.526,ALGO/USDT:USDT,0.2697,30010.0,0.2696,73350.7,0.2698,33894.6,0.2699,126852.5
1753503825634,04:23:45.634,ALGO/USDT:USDT,0.2697,30010.0,0.2696,73350.7,0.2698,33894.6,0.2699,104470.7
1753503825755,04:23:45.755,ALGO/USDT:USDT,0.2697,30010.0,0.2696,73350.7,0.2698,33894.6,0.2699,104470.7
1753503825885,04:23:45.885,ALGO/USDT:USDT,0.2697,30010.0,0.2696,73350.7,0.2698,33894.6,0.2699,104470.7
1753503826059,04:23:46.059,ALGO/USDT:USDT,0.2697,29991.4,0.2696,73350.7,0.2698,34083.7,0.2699,104470.7
1753503826161,04:23:46.161,ALGO/USDT:USDT,0.2697,30010.0,0.2696,74868.2,0.2698,34083.7,0.2699,104116.9
1753503826276,04:23:46.276,ALGO/USDT:USDT,0.2697,28821.4,0.2696,75768.2,0.2698,35218.0,0.2699,104116.9
1753503826539,04:23:46.539,ALGO/USDT:USDT,0.2697,46828.1,0.2696,82184.6,0.2698,10889.8,0.2699,101370.5
1753503826642,04:23:46.642,ALGO/USDT:USDT,0.2697,46828.1,0.2696,82184.6,0.2698,10889.8,0.2699,96692.6
1753503826759,04:23:46.759,ALGO/USDT:USDT,0.2697,46828.1,0.2696,82184.6,0.2698,10889.8,0.2699,96692.6
1753503826958,04:23:46.958,ALGO/USDT:USDT,0.2698,29716.2,0.2697,68882.0,0.2699,35061.4,0.27,203152.7
1753503827060,04:23:47.060,ALGO/USDT:USDT,0.2698,29777.4,0.2697,66919.9,0.2699,35122.6,0.27,211210.9
1753503827175,04:23:47.175,ALGO/USDT:USDT,0.2698,29777.4,0.2697,66919.9,0.2699,35122.6,0.27,211210.9
1753503827276,04:23:47.276,ALGO/USDT:USDT,0.2698,29777.4,0.2697,66919.9,0.2699,36448.4,0.27,211210.9
1753503827480,04:23:47.480,ALGO/USDT:USDT,0.2698,26465.4,0.2697,68089.9,0.2699,36467.0,0.27,211210.9
1753503827583,04:23:47.583,ALGO/USDT:USDT,0.2698,28724.7,0.2697,65830.6,0.2699,36467.0,0.27,211210.9
1753503827685,04:23:47.685,ALGO/USDT:USDT,0.2698,28687.5,0.2697,65830.6,0.2699,45820.5,0.27,211210.9
1753503827914,04:23:47.914,ALGO/USDT:USDT,0.2698,27398.9,0.2697,65830.6,0.2699,50671.7,0.27,211210.9
1753503828017,04:23:48.017,ALGO/USDT:USDT,0.2698,27398.9,0.2697,65830.6,0.2699,50671.7,0.27,188837.4
1753503828202,04:23:48.202,ALGO/USDT:USDT,0.2698,27398.9,0.2697,65830.6,0.2699,50671.7,0.27,188837.4
1753503828308,04:23:48.308,ALGO/USDT:USDT,0.2698,23226.7,0.2697,65830.6,0.2699,50671.7,0.27,188837.4
1753503828460,04:23:48.460,ALGO/USDT:USDT,0.2698,24515.3,0.2697,65830.6,0.2699,50671.7,0.27,188837.4
1753503828586,04:23:48.586,ALGO/USDT:USDT,0.2698,23226.7,0.2697,60343.0,0.2699,51042.2,0.27,188837.4
1753503828726,04:23:48.726,ALGO/USDT:USDT,0.2698,23226.7,0.2697,60343.0,0.2699,51042.2,0.27,189207.9
1753503828859,04:23:48.859,ALGO/USDT:USDT,0.2698,23226.7,0.2697,60343.0,0.2699,51042.2,0.27,189207.9
1753503829127,04:23:49.127,ALGO/USDT:USDT,0.2698,24515.3,0.2697,60343.0,0.2699,51042.2,0.27,189207.9
1753503829236,04:23:49.236,ALGO/USDT:USDT,0.2698,3994.5,0.2697,43143.0,0.2699,50378.5,0.27,189207.9
1753503829337,04:23:49.337,ALGO/USDT:USDT,0.2698,5717.1,0.2697,58539.2,0.2699,67488.6,0.27,189948.9
1753503829447,04:23:49.447,ALGO/USDT:USDT,0.2698,5679.9,0.2697,58539.2,0.2699,67488.6,0.27,189948.9
1753503829549,04:23:49.549,ALGO/USDT:USDT,0.2698,5679.9,0.2697,58539.2,0.2699,67118.6,0.27,189578.4
1753503829659,04:23:49.659,ALGO/USDT:USDT,0.2698,5679.9,0.2697,58539.2,0.2699,66748.4,0.27,189207.9
1753503829961,04:23:49.961,ALGO/USDT:USDT,0.2698,5679.9,0.2697,58539.2,0.2699,66748.4,0.27,188837.4
