timestamp,time,symbol,bid1_price,bid1_volume,bid2_price,bid2_volume,ask1_price,ask1_volume,ask2_price,ask2_volume
1753503734097,04:22:14.097,ADA/USDT:USDT,0.8249,16279.0,0.8248,103210.0,0.825,64678.0,0.8251,64382.0
1753503734247,04:22:14.247,ADA/USDT:USDT,0.8249,16279.0,0.8248,103210.0,0.825,64678.0,0.8251,64382.0
1753503734398,04:22:14.398,ADA/USDT:USDT,0.8249,16279.0,0.8248,103210.0,0.825,64678.0,0.8251,64382.0
1753503734548,04:22:14.548,ADA/USDT:USDT,0.8249,16279.0,0.8248,103210.0,0.825,64678.0,0.8251,64382.0
1753503734698,04:22:14.698,ADA/USDT:USDT,0.8249,16279.0,0.8248,103210.0,0.825,64678.0,0.8251,64382.0
1753503734848,04:22:14.848,ADA/USDT:USDT,0.8249,16279.0,0.8248,103210.0,0.825,64678.0,0.8251,64382.0
1753503734998,04:22:14.998,ADA/USDT:USDT,0.8249,17090.0,0.8248,103210.0,0.825,64678.0,0.8251,64382.0
1753503735148,04:22:15.148,ADA/USDT:USDT,0.8249,17090.0,0.8248,119055.0,0.825,64678.0,0.8251,64382.0
1753503735298,04:22:15.298,ADA/USDT:USDT,0.8249,18689.0,0.8248,119055.0,0.825,64678.0,0.8251,64382.0
1753503735448,04:22:15.448,ADA/USDT:USDT,0.8249,18689.0,0.8248,110078.0,0.825,64678.0,0.8251,64382.0
1753503735598,04:22:15.598,ADA/USDT:USDT,0.8249,18689.0,0.8248,110078.0,0.825,64678.0,0.8251,64382.0
1753503735748,04:22:15.748,ADA/USDT:USDT,0.8249,18689.0,0.8248,110078.0,0.825,64678.0,0.8251,64382.0
1753503735898,04:22:15.898,ADA/USDT:USDT,0.8249,18689.0,0.8248,110078.0,0.825,64678.0,0.8251,64382.0
1753503736048,04:22:16.048,ADA/USDT:USDT,0.8249,18689.0,0.8248,110078.0,0.825,64678.0,0.8251,64382.0
1753503736199,04:22:16.199,ADA/USDT:USDT,0.8249,18689.0,0.8248,110078.0,0.825,64678.0,0.8251,67688.0
1753503736199,04:22:16.199,ADA/USDT:USDT,0.8249,18689.0,0.8248,110078.0,0.825,64678.0,0.8251,67688.0
1753503736349,04:22:16.349,ADA/USDT:USDT,0.8249,18689.0,0.8248,110078.0,0.825,64678.0,0.8251,92695.0
1753503736349,04:22:16.349,ADA/USDT:USDT,0.8249,18689.0,0.8248,110078.0,0.825,64678.0,0.8251,92695.0
1753503736499,04:22:16.499,ADA/USDT:USDT,0.8249,18689.0,0.8248,110078.0,0.825,64678.0,0.8251,92695.0
1753503736499,04:22:16.499,ADA/USDT:USDT,0.8249,18689.0,0.8248,110078.0,0.825,64678.0,0.8251,92695.0
1753503736649,04:22:16.649,ADA/USDT:USDT,0.8249,29189.0,0.8248,110078.0,0.825,64678.0,0.8251,92695.0
1753503736649,04:22:16.649,ADA/USDT:USDT,0.8249,29189.0,0.8248,110078.0,0.825,64678.0,0.8251,92695.0
1753503736799,04:22:16.799,ADA/USDT:USDT,0.8249,29189.0,0.8248,110078.0,0.825,64678.0,0.8251,92695.0
1753503736799,04:22:16.799,ADA/USDT:USDT,0.8249,29189.0,0.8248,110078.0,0.825,64678.0,0.8251,92695.0
1753503736949,04:22:16.949,ADA/USDT:USDT,0.8249,29189.0,0.8248,110078.0,0.825,39178.0,0.8251,92695.0
1753503736949,04:22:16.949,ADA/USDT:USDT,0.8249,29189.0,0.8248,110078.0,0.825,39178.0,0.8251,92695.0
1753503737099,04:22:17.099,ADA/USDT:USDT,0.8249,29189.0,0.8248,110078.0,0.825,39178.0,0.8251,92695.0
1753503737099,04:22:17.099,ADA/USDT:USDT,0.8249,29189.0,0.8248,110078.0,0.825,39178.0,0.8251,92695.0
1753503737249,04:22:17.249,ADA/USDT:USDT,0.8249,18689.0,0.8248,110078.0,0.825,39178.0,0.8251,92695.0
1753503737249,04:22:17.249,ADA/USDT:USDT,0.8249,18689.0,0.8248,110078.0,0.825,39178.0,0.8251,92695.0
1753503737399,04:22:17.399,ADA/USDT:USDT,0.8249,940.0,0.8248,42136.0,0.825,44223.0,0.8251,92695.0
1753503737399,04:22:17.399,ADA/USDT:USDT,0.8249,940.0,0.8248,42136.0,0.825,44223.0,0.8251,92695.0
1753503737549,04:22:17.549,ADA/USDT:USDT,0.8248,67090.0,0.8247,79225.0,0.825,75474.0,0.8251,92090.0
1753503737549,04:22:17.549,ADA/USDT:USDT,0.8248,67090.0,0.8247,79225.0,0.825,75474.0,0.8251,92090.0
1753503737699,04:22:17.699,ADA/USDT:USDT,0.8248,68689.0,0.8247,76810.0,0.8249,42691.0,0.825,56787.0
1753503737699,04:22:17.699,ADA/USDT:USDT,0.8248,68689.0,0.8247,76810.0,0.8249,42691.0,0.825,56787.0
1753503737850,04:22:17.850,ADA/USDT:USDT,0.8248,52169.0,0.8247,109893.0,0.8249,28140.0,0.825,56787.0
1753503737850,04:22:17.850,ADA/USDT:USDT,0.8248,52169.0,0.8247,109893.0,0.8249,28140.0,0.825,56787.0
1753503738000,04:22:18.000,ADA/USDT:USDT,0.8248,52169.0,0.8247,110851.0,0.8249,28140.0,0.825,57745.0
1753503738000,04:22:18.000,ADA/USDT:USDT,0.8248,52169.0,0.8247,110851.0,0.8249,28140.0,0.825,57745.0
1753503738150,04:22:18.150,ADA/USDT:USDT,0.8248,52169.0,0.8247,110851.0,0.8249,28140.0,0.825,57745.0
1753503738150,04:22:18.150,ADA/USDT:USDT,0.8248,52169.0,0.8247,110851.0,0.8249,28140.0,0.825,57745.0
1753503738300,04:22:18.300,ADA/USDT:USDT,0.8248,52169.0,0.8247,110851.0,0.8249,28140.0,0.825,57745.0
1753503738300,04:22:18.300,ADA/USDT:USDT,0.8248,52169.0,0.8247,110851.0,0.8249,28140.0,0.825,57745.0
1753503738450,04:22:18.450,ADA/USDT:USDT,0.8248,52169.0,0.8247,110851.0,0.8249,28140.0,0.825,57745.0
1753503738450,04:22:18.450,ADA/USDT:USDT,0.8248,52169.0,0.8247,110851.0,0.8249,28140.0,0.825,57745.0
1753503738600,04:22:18.600,ADA/USDT:USDT,0.8248,52169.0,0.8247,110851.0,0.8249,39640.0,0.825,57745.0
1753503738600,04:22:18.600,ADA/USDT:USDT,0.8248,52169.0,0.8247,110851.0,0.8249,39640.0,0.825,57745.0
1753503738750,04:22:18.750,ADA/USDT:USDT,0.8248,52169.0,0.8247,110851.0,0.8249,28140.0,0.825,57745.0
1753503738750,04:22:18.750,ADA/USDT:USDT,0.8248,52169.0,0.8247,110851.0,0.8249,28140.0,0.825,57745.0
1753503738900,04:22:18.900,ADA/USDT:USDT,0.8248,52169.0,0.8247,110851.0,0.8249,28140.0,0.825,68360.0
1753503738900,04:22:18.900,ADA/USDT:USDT,0.8248,52169.0,0.8247,110851.0,0.8249,28140.0,0.825,68360.0
1753503739050,04:22:19.050,ADA/USDT:USDT,0.8248,67508.0,0.8247,110851.0,0.8249,16563.0,0.825,29090.0
1753503739050,04:22:19.050,ADA/USDT:USDT,0.8248,67508.0,0.8247,110851.0,0.8249,16563.0,0.825,29090.0
1753503739200,04:22:19.200,ADA/USDT:USDT,0.8249,1247.0,0.8248,67508.0,0.825,29090.0,0.8251,91132.0
1753503739200,04:22:19.200,ADA/USDT:USDT,0.8249,1247.0,0.8248,67508.0,0.825,29090.0,0.8251,91132.0
1753503739350,04:22:19.350,ADA/USDT:USDT,0.8249,54190.0,0.8248,107547.0,0.825,24455.0,0.8251,91737.0
1753503739350,04:22:19.350,ADA/USDT:USDT,0.8249,54190.0,0.8248,107547.0,0.825,24455.0,0.8251,91737.0
1753503739501,04:22:19.501,ADA/USDT:USDT,0.8249,54190.0,0.8248,107547.0,0.825,24455.0,0.8251,91132.0
1753503739501,04:22:19.501,ADA/USDT:USDT,0.8249,54190.0,0.8248,107547.0,0.825,24455.0,0.8251,91132.0
1753503739651,04:22:19.651,ADA/USDT:USDT,0.8249,54190.0,0.8248,107547.0,0.825,24455.0,0.8251,91132.0
1753503739651,04:22:19.651,ADA/USDT:USDT,0.8249,54190.0,0.8248,107547.0,0.825,24455.0,0.8251,91132.0
1753503739801,04:22:19.801,ADA/USDT:USDT,0.8249,70487.0,0.8248,113550.0,0.825,3239.0,0.8251,54623.0
1753503739801,04:22:19.801,ADA/USDT:USDT,0.8249,70487.0,0.8248,113550.0,0.825,3239.0,0.8251,54623.0
1753503739951,04:22:19.951,ADA/USDT:USDT,0.8249,70487.0,0.8248,124810.0,0.825,21999.0,0.8251,54623.0
1753503739951,04:22:19.951,ADA/USDT:USDT,0.8249,70487.0,0.8248,124810.0,0.825,21999.0,0.8251,54623.0
1753503740101,04:22:20.101,ADA/USDT:USDT,0.8249,68282.0,0.8248,123852.0,0.825,38562.0,0.8251,55581.0
1753503740101,04:22:20.101,ADA/USDT:USDT,0.8249,68282.0,0.8248,123852.0,0.825,38562.0,0.8251,55581.0
1753503740251,04:22:20.251,ADA/USDT:USDT,0.8249,68282.0,0.8248,124810.0,0.825,38562.0,0.8251,55581.0
1753503740251,04:22:20.251,ADA/USDT:USDT,0.8249,68282.0,0.8248,124810.0,0.825,38562.0,0.8251,55581.0
1753503740401,04:22:20.401,ADA/USDT:USDT,0.8249,68282.0,0.8248,124810.0,0.825,38562.0,0.8251,55581.0
1753503740401,04:22:20.401,ADA/USDT:USDT,0.8249,68282.0,0.8248,124810.0,0.825,38562.0,0.8251,55581.0
1753503740551,04:22:20.551,ADA/USDT:USDT,0.8249,68282.0,0.8248,124810.0,0.825,52062.0,0.8251,55581.0
1753503740551,04:22:20.551,ADA/USDT:USDT,0.8249,68282.0,0.8248,124810.0,0.825,52062.0,0.8251,55581.0
1753503740701,04:22:20.701,ADA/USDT:USDT,0.8249,67918.0,0.8248,124810.0,0.825,38562.0,0.8251,55581.0
1753503740701,04:22:20.701,ADA/USDT:USDT,0.8249,67918.0,0.8248,124810.0,0.825,38562.0,0.8251,55581.0
1753503740851,04:22:20.851,ADA/USDT:USDT,0.8249,67918.0,0.8248,124810.0,0.825,38562.0,0.8251,55581.0
1753503740851,04:22:20.851,ADA/USDT:USDT,0.8249,67918.0,0.8248,124810.0,0.825,38562.0,0.8251,55581.0
1753503741001,04:22:21.001,ADA/USDT:USDT,0.8249,67918.0,0.8248,124810.0,0.825,38562.0,0.8251,55581.0
1753503741001,04:22:21.001,ADA/USDT:USDT,0.8249,67918.0,0.8248,124810.0,0.825,38562.0,0.8251,55581.0
1753503741152,04:22:21.152,ADA/USDT:USDT,0.8249,67918.0,0.8248,124810.0,0.825,38562.0,0.8251,55581.0
1753503741152,04:22:21.152,ADA/USDT:USDT,0.8249,67918.0,0.8248,124810.0,0.825,38562.0,0.8251,55581.0
1753503741302,04:22:21.302,ADA/USDT:USDT,0.8249,67918.0,0.8248,124810.0,0.825,38562.0,0.8251,55581.0
1753503741302,04:22:21.302,ADA/USDT:USDT,0.8249,67918.0,0.8248,124810.0,0.825,38562.0,0.8251,55581.0
1753503741452,04:22:21.452,ADA/USDT:USDT,0.8249,67918.0,0.8248,124810.0,0.825,38562.0,0.8251,55581.0
1753503741452,04:22:21.452,ADA/USDT:USDT,0.8249,67918.0,0.8248,124810.0,0.825,38562.0,0.8251,55581.0
1753503741602,04:22:21.602,ADA/USDT:USDT,0.8249,67918.0,0.8248,124810.0,0.825,37732.0,0.8251,55581.0
1753503741602,04:22:21.602,ADA/USDT:USDT,0.8249,67918.0,0.8248,124810.0,0.825,37732.0,0.8251,55581.0
1753503741752,04:22:21.752,ADA/USDT:USDT,0.8249,67918.0,0.8248,124810.0,0.825,37732.0,0.8251,55581.0
1753503741752,04:22:21.752,ADA/USDT:USDT,0.8249,67918.0,0.8248,124810.0,0.825,37732.0,0.8251,55581.0
1753503741902,04:22:21.902,ADA/USDT:USDT,0.8249,67918.0,0.8248,124810.0,0.825,37732.0,0.8251,55581.0
1753503741902,04:22:21.902,ADA/USDT:USDT,0.8249,67918.0,0.8248,124810.0,0.825,37732.0,0.8251,55581.0
1753503742052,04:22:22.052,ADA/USDT:USDT,0.8249,67918.0,0.8248,123852.0,0.825,37732.0,0.8251,55581.0
1753503742052,04:22:22.052,ADA/USDT:USDT,0.8249,67918.0,0.8248,123852.0,0.825,37732.0,0.8251,55581.0
1753503742202,04:22:22.202,ADA/USDT:USDT,0.8249,67918.0,0.8248,156934.0,0.825,37732.0,0.8251,55581.0
1753503742202,04:22:22.202,ADA/USDT:USDT,0.8249,67918.0,0.8248,156934.0,0.825,37732.0,0.8251,55581.0
1753503742352,04:22:22.352,ADA/USDT:USDT,0.8249,67918.0,0.8248,145795.0,0.825,37732.0,0.8251,55581.0
1753503742352,04:22:22.352,ADA/USDT:USDT,0.8249,67918.0,0.8248,145795.0,0.825,37732.0,0.8251,55581.0
1753503742502,04:22:22.502,ADA/USDT:USDT,0.8249,67918.0,0.8248,145795.0,0.825,37732.0,0.8251,63789.0
1753503742502,04:22:22.502,ADA/USDT:USDT,0.8249,67918.0,0.8248,145795.0,0.825,37732.0,0.8251,63789.0
1753503742653,04:22:22.653,ADA/USDT:USDT,0.8249,67918.0,0.8248,145795.0,0.825,37732.0,0.8251,63789.0
1753503742653,04:22:22.653,ADA/USDT:USDT,0.8249,67918.0,0.8248,145795.0,0.825,37732.0,0.8251,63789.0
1753503742802,04:22:22.802,ADA/USDT:USDT,0.8249,67918.0,0.8248,146753.0,0.825,37732.0,0.8251,63789.0
1753503742802,04:22:22.802,ADA/USDT:USDT,0.8249,67918.0,0.8248,146753.0,0.825,37732.0,0.8251,63789.0
1753503742953,04:22:22.953,ADA/USDT:USDT,0.8249,67918.0,0.8248,146753.0,0.825,37732.0,0.8251,63789.0
1753503742953,04:22:22.953,ADA/USDT:USDT,0.8249,67918.0,0.8248,146753.0,0.825,37732.0,0.8251,63789.0
1753503743103,04:22:23.103,ADA/USDT:USDT,0.8249,67918.0,0.8248,146753.0,0.825,37732.0,0.8251,63789.0
1753503743103,04:22:23.103,ADA/USDT:USDT,0.8249,67918.0,0.8248,146753.0,0.825,37732.0,0.8251,63789.0
1753503743253,04:22:23.253,ADA/USDT:USDT,0.8249,67918.0,0.8248,146753.0,0.825,37732.0,0.8251,53175.0
1753503743253,04:22:23.253,ADA/USDT:USDT,0.8249,67918.0,0.8248,146753.0,0.825,37732.0,0.8251,53175.0
1753503743403,04:22:23.403,ADA/USDT:USDT,0.8249,67918.0,0.8248,146753.0,0.825,35783.0,0.8251,52217.0
1753503743403,04:22:23.403,ADA/USDT:USDT,0.8249,67918.0,0.8248,146753.0,0.825,35783.0,0.8251,52217.0
1753503743553,04:22:23.553,ADA/USDT:USDT,0.8249,67918.0,0.8248,146753.0,0.825,35783.0,0.8251,39717.0
1753503743553,04:22:23.553,ADA/USDT:USDT,0.8249,67918.0,0.8248,146753.0,0.825,35783.0,0.8251,39717.0
1753503743703,04:22:23.703,ADA/USDT:USDT,0.8249,67918.0,0.8248,150509.0,0.825,35141.0,0.8251,39717.0
1753503743703,04:22:23.703,ADA/USDT:USDT,0.8249,67918.0,0.8248,150509.0,0.825,35141.0,0.8251,39717.0
1753503743853,04:22:23.853,ADA/USDT:USDT,0.8249,67918.0,0.8248,150509.0,0.825,35141.0,0.8251,39717.0
1753503743853,04:22:23.853,ADA/USDT:USDT,0.8249,67918.0,0.8248,150509.0,0.825,35141.0,0.8251,39717.0
1753503744003,04:22:24.003,ADA/USDT:USDT,0.8249,67918.0,0.8248,150509.0,0.825,35141.0,0.8251,39717.0
1753503744003,04:22:24.003,ADA/USDT:USDT,0.8249,67918.0,0.8248,150509.0,0.825,35141.0,0.8251,39717.0
1753503744153,04:22:24.153,ADA/USDT:USDT,0.8249,67918.0,0.8248,150509.0,0.825,33542.0,0.8251,39717.0
1753503744153,04:22:24.153,ADA/USDT:USDT,0.8249,67918.0,0.8248,150509.0,0.825,33542.0,0.8251,39717.0
1753503744303,04:22:24.303,ADA/USDT:USDT,0.8249,67918.0,0.8248,150509.0,0.825,33542.0,0.8251,39717.0
1753503744303,04:22:24.303,ADA/USDT:USDT,0.8249,67918.0,0.8248,150509.0,0.825,33542.0,0.8251,39717.0
1753503744453,04:22:24.453,ADA/USDT:USDT,0.8249,67918.0,0.8248,150509.0,0.825,35141.0,0.8251,39717.0
1753503744453,04:22:24.453,ADA/USDT:USDT,0.8249,67918.0,0.8248,150509.0,0.825,35141.0,0.8251,39717.0
1753503744604,04:22:24.604,ADA/USDT:USDT,0.8249,67918.0,0.8248,150509.0,0.825,35141.0,0.8251,39717.0
1753503744604,04:22:24.604,ADA/USDT:USDT,0.8249,67918.0,0.8248,150509.0,0.825,35141.0,0.8251,39717.0
1753503744754,04:22:24.754,ADA/USDT:USDT,0.8249,67918.0,0.8248,150509.0,0.825,33542.0,0.8251,39717.0
1753503744754,04:22:24.754,ADA/USDT:USDT,0.8249,67918.0,0.8248,150509.0,0.825,33542.0,0.8251,39717.0
1753503744904,04:22:24.904,ADA/USDT:USDT,0.8249,67918.0,0.8248,150509.0,0.825,35141.0,0.8251,50331.0
1753503744904,04:22:24.904,ADA/USDT:USDT,0.8249,67918.0,0.8248,150509.0,0.825,35141.0,0.8251,50331.0
1753503745054,04:22:25.054,ADA/USDT:USDT,0.8249,67918.0,0.8248,150509.0,0.825,35141.0,0.8251,50331.0
1753503745054,04:22:25.054,ADA/USDT:USDT,0.8249,67918.0,0.8248,150509.0,0.825,35141.0,0.8251,50331.0
1753503745204,04:22:25.204,ADA/USDT:USDT,0.8249,67918.0,0.8248,150509.0,0.825,33542.0,0.8251,50331.0
1753503745204,04:22:25.204,ADA/USDT:USDT,0.8249,67918.0,0.8248,150509.0,0.825,33542.0,0.8251,50331.0
1753503745354,04:22:25.354,ADA/USDT:USDT,0.8249,67918.0,0.8248,150509.0,0.825,35141.0,0.8251,51289.0
1753503745354,04:22:25.354,ADA/USDT:USDT,0.8249,67918.0,0.8248,150509.0,0.825,35141.0,0.8251,51289.0
1753503745504,04:22:25.504,ADA/USDT:USDT,0.8249,67918.0,0.8248,150509.0,0.825,46491.0,0.8251,51289.0
1753503745504,04:22:25.504,ADA/USDT:USDT,0.8249,67918.0,0.8248,150509.0,0.825,46491.0,0.8251,51289.0
1753503745654,04:22:25.654,ADA/USDT:USDT,0.8249,67918.0,0.8248,150509.0,0.825,35491.0,0.8251,51289.0
1753503745654,04:22:25.654,ADA/USDT:USDT,0.8249,67918.0,0.8248,150509.0,0.825,35491.0,0.8251,51289.0
1753503745804,04:22:25.804,ADA/USDT:USDT,0.8249,42782.0,0.8248,149551.0,0.825,36321.0,0.8251,51289.0
1753503745804,04:22:25.804,ADA/USDT:USDT,0.8249,42782.0,0.8248,149551.0,0.825,36321.0,0.8251,51289.0
1753503745954,04:22:25.954,ADA/USDT:USDT,0.8249,42782.0,0.8248,149551.0,0.825,36321.0,0.8251,51289.0
1753503745954,04:22:25.954,ADA/USDT:USDT,0.8249,42782.0,0.8248,149551.0,0.825,36321.0,0.8251,51289.0
1753503746104,04:22:26.104,ADA/USDT:USDT,0.8249,42782.0,0.8248,149551.0,0.825,36321.0,0.8251,51289.0
1753503746104,04:22:26.104,ADA/USDT:USDT,0.8249,42782.0,0.8248,149551.0,0.825,36321.0,0.8251,51289.0
1753503746254,04:22:26.254,ADA/USDT:USDT,0.8249,42782.0,0.8248,149551.0,0.825,36321.0,0.8251,51289.0
1753503746254,04:22:26.254,ADA/USDT:USDT,0.8249,42782.0,0.8248,149551.0,0.825,36321.0,0.8251,51289.0
1753503746405,04:22:26.405,ADA/USDT:USDT,0.8249,42782.0,0.8248,149551.0,0.825,36321.0,0.8251,51289.0
1753503746405,04:22:26.405,ADA/USDT:USDT,0.8249,42782.0,0.8248,149551.0,0.825,36321.0,0.8251,51289.0
1753503746555,04:22:26.555,ADA/USDT:USDT,0.8249,42782.0,0.8248,149551.0,0.825,61821.0,0.8251,51289.0
1753503746555,04:22:26.555,ADA/USDT:USDT,0.8249,42782.0,0.8248,149551.0,0.825,61821.0,0.8251,51289.0
1753503746705,04:22:26.705,ADA/USDT:USDT,0.8249,42782.0,0.8248,149551.0,0.825,61821.0,0.8251,51894.0
1753503746705,04:22:26.705,ADA/USDT:USDT,0.8249,42782.0,0.8248,149551.0,0.825,61821.0,0.8251,51894.0
1753503746855,04:22:26.855,ADA/USDT:USDT,0.8249,42782.0,0.8248,149551.0,0.825,61821.0,0.8251,51894.0
1753503746855,04:22:26.855,ADA/USDT:USDT,0.8249,42782.0,0.8248,149551.0,0.825,61821.0,0.8251,51894.0
1753503747005,04:22:27.005,ADA/USDT:USDT,0.8249,15339.0,0.8248,81713.0,0.825,61821.0,0.8251,51894.0
1753503747005,04:22:27.005,ADA/USDT:USDT,0.8249,15339.0,0.8248,81713.0,0.825,61821.0,0.8251,51894.0
1753503747155,04:22:27.155,ADA/USDT:USDT,0.8249,14975.0,0.8248,113452.0,0.825,61821.0,0.8251,55193.0
1753503747155,04:22:27.155,ADA/USDT:USDT,0.8249,14975.0,0.8248,113452.0,0.825,61821.0,0.8251,55193.0
1753503747305,04:22:27.305,ADA/USDT:USDT,0.8249,14975.0,0.8248,130126.0,0.825,61821.0,0.8251,55193.0
1753503747305,04:22:27.305,ADA/USDT:USDT,0.8249,14975.0,0.8248,130126.0,0.825,61821.0,0.8251,55193.0
1753503747455,04:22:27.455,ADA/USDT:USDT,0.8249,14975.0,0.8248,130126.0,0.825,61821.0,0.8251,55193.0
1753503747455,04:22:27.455,ADA/USDT:USDT,0.8249,14975.0,0.8248,130126.0,0.825,61821.0,0.8251,55193.0
1753503747605,04:22:27.605,ADA/USDT:USDT,0.8249,15796.0,0.8248,124066.0,0.825,61821.0,0.8251,55193.0
1753503747605,04:22:27.605,ADA/USDT:USDT,0.8249,15796.0,0.8248,124066.0,0.825,61821.0,0.8251,55193.0
1753503747755,04:22:27.755,ADA/USDT:USDT,0.8249,15796.0,0.8248,124066.0,0.825,61821.0,0.8251,55193.0
1753503747755,04:22:27.755,ADA/USDT:USDT,0.8249,15796.0,0.8248,124066.0,0.825,61821.0,0.8251,55193.0
1753503747905,04:22:27.905,ADA/USDT:USDT,0.8249,14975.0,0.8248,124066.0,0.825,61821.0,0.8251,55193.0
1753503747905,04:22:27.905,ADA/USDT:USDT,0.8249,14975.0,0.8248,124066.0,0.825,61821.0,0.8251,55193.0
1753503748056,04:22:28.056,ADA/USDT:USDT,0.8249,14975.0,0.8248,124066.0,0.825,61821.0,0.8251,55193.0
1753503748056,04:22:28.056,ADA/USDT:USDT,0.8249,14975.0,0.8248,124066.0,0.825,61821.0,0.8251,55193.0
1753503748206,04:22:28.206,ADA/USDT:USDT,0.8249,14975.0,0.8248,124066.0,0.825,61821.0,0.8251,55193.0
1753503748206,04:22:28.206,ADA/USDT:USDT,0.8249,14975.0,0.8248,124066.0,0.825,61821.0,0.8251,55193.0
1753503748356,04:22:28.356,ADA/USDT:USDT,0.8249,14975.0,0.8248,124066.0,0.825,61821.0,0.8251,55193.0
1753503748356,04:22:28.356,ADA/USDT:USDT,0.8249,14975.0,0.8248,124066.0,0.825,61821.0,0.8251,55193.0
1753503748506,04:22:28.506,ADA/USDT:USDT,0.8249,14975.0,0.8248,124066.0,0.825,61821.0,0.8251,55193.0
1753503748506,04:22:28.506,ADA/USDT:USDT,0.8249,14975.0,0.8248,124066.0,0.825,61821.0,0.8251,55193.0
1753503748656,04:22:28.656,ADA/USDT:USDT,0.8249,14975.0,0.8248,124066.0,0.825,61821.0,0.8251,55193.0
1753503748656,04:22:28.656,ADA/USDT:USDT,0.8249,14975.0,0.8248,124066.0,0.825,61821.0,0.8251,55193.0
1753503748806,04:22:28.806,ADA/USDT:USDT,0.8249,14975.0,0.8248,119021.0,0.825,61821.0,0.8251,55193.0
1753503748806,04:22:28.806,ADA/USDT:USDT,0.8249,14975.0,0.8248,119021.0,0.825,61821.0,0.8251,55193.0
1753503748956,04:22:28.956,ADA/USDT:USDT,0.8249,14975.0,0.8248,119021.0,0.825,61821.0,0.8251,55193.0
1753503748956,04:22:28.956,ADA/USDT:USDT,0.8249,14975.0,0.8248,119021.0,0.825,61821.0,0.8251,55193.0
1753503749106,04:22:29.106,ADA/USDT:USDT,0.8249,14975.0,0.8248,85939.0,0.825,61821.0,0.8251,55193.0
1753503749106,04:22:29.106,ADA/USDT:USDT,0.8249,14975.0,0.8248,85939.0,0.825,61821.0,0.8251,55193.0
1753503749256,04:22:29.256,ADA/USDT:USDT,0.8249,14975.0,0.8248,119020.0,0.825,61821.0,0.8251,80066.0
1753503749256,04:22:29.256,ADA/USDT:USDT,0.8249,14975.0,0.8248,119020.0,0.825,61821.0,0.8251,80066.0
1753503749406,04:22:29.406,ADA/USDT:USDT,0.8249,16574.0,0.8248,119020.0,0.825,61821.0,0.8251,80066.0
1753503749406,04:22:29.406,ADA/USDT:USDT,0.8249,16574.0,0.8248,119020.0,0.825,61821.0,0.8251,80066.0
1753503749556,04:22:29.556,ADA/USDT:USDT,0.8249,16574.0,0.8248,119020.0,0.825,61821.0,0.8251,80066.0
1753503749556,04:22:29.556,ADA/USDT:USDT,0.8249,16574.0,0.8248,119020.0,0.825,61821.0,0.8251,80066.0
1753503749707,04:22:29.707,ADA/USDT:USDT,0.8249,16574.0,0.8248,119020.0,0.825,61821.0,0.8251,80066.0
1753503749707,04:22:29.707,ADA/USDT:USDT,0.8249,16574.0,0.8248,119020.0,0.825,61821.0,0.8251,80066.0
1753503749857,04:22:29.857,ADA/USDT:USDT,0.8249,16574.0,0.8248,119020.0,0.825,61821.0,0.8251,80066.0
1753503749857,04:22:29.857,ADA/USDT:USDT,0.8249,16574.0,0.8248,119020.0,0.825,61821.0,0.8251,80066.0
1753503750007,04:22:30.007,ADA/USDT:USDT,0.8248,44537.0,0.8247,45231.0,0.825,67592.0,0.8251,80187.0
1753503750007,04:22:30.007,ADA/USDT:USDT,0.8248,44537.0,0.8247,45231.0,0.825,67592.0,0.8251,80187.0
1753503750157,04:22:30.157,ADA/USDT:USDT,0.8248,46136.0,0.8247,87587.0,0.8249,41521.0,0.825,54528.0
1753503750157,04:22:30.157,ADA/USDT:USDT,0.8248,46136.0,0.8247,87587.0,0.8249,41521.0,0.825,54528.0
1753503750307,04:22:30.307,ADA/USDT:USDT,0.8248,9299.0,0.8247,120667.0,0.8249,61428.0,0.825,61210.0
1753503750307,04:22:30.307,ADA/USDT:USDT,0.8248,9299.0,0.8247,120667.0,0.8249,61428.0,0.825,61210.0
1753503750457,04:22:30.457,ADA/USDT:USDT,0.8248,39412.0,0.8247,120667.0,0.8249,61428.0,0.825,61815.0
1753503750457,04:22:30.457,ADA/USDT:USDT,0.8248,39412.0,0.8247,120667.0,0.8249,61428.0,0.825,61815.0
1753503750607,04:22:30.607,ADA/USDT:USDT,0.8248,51362.0,0.8247,120667.0,0.8249,44428.0,0.825,61815.0
1753503750607,04:22:30.607,ADA/USDT:USDT,0.8248,51362.0,0.8247,120667.0,0.8249,44428.0,0.825,61815.0
1753503750757,04:22:30.757,ADA/USDT:USDT,0.8248,51362.0,0.8247,120667.0,0.8249,44428.0,0.825,74887.0
1753503750757,04:22:30.757,ADA/USDT:USDT,0.8248,51362.0,0.8247,120667.0,0.8249,44428.0,0.825,74887.0
1753503750907,04:22:30.907,ADA/USDT:USDT,0.8248,16563.0,0.8247,110053.0,0.8249,44428.0,0.825,74887.0
1753503750907,04:22:30.907,ADA/USDT:USDT,0.8248,16563.0,0.8247,110053.0,0.8249,44428.0,0.825,74887.0
1753503751057,04:22:31.057,ADA/USDT:USDT,0.8248,16563.0,0.8247,62438.0,0.8249,44428.0,0.825,75492.0
1753503751057,04:22:31.057,ADA/USDT:USDT,0.8248,16563.0,0.8247,62438.0,0.8249,44428.0,0.825,75492.0
1753503751207,04:22:31.207,ADA/USDT:USDT,0.8248,16563.0,0.8247,122875.0,0.8249,44428.0,0.825,75492.0
1753503751207,04:22:31.207,ADA/USDT:USDT,0.8248,16563.0,0.8247,122875.0,0.8249,44428.0,0.825,75492.0
1753503751357,04:22:31.357,ADA/USDT:USDT,0.8248,16563.0,0.8247,122875.0,0.8249,44428.0,0.825,74766.0
1753503751357,04:22:31.357,ADA/USDT:USDT,0.8248,16563.0,0.8247,122875.0,0.8249,44428.0,0.825,74766.0
1753503751508,04:22:31.508,ADA/USDT:USDT,0.8248,31563.0,0.8247,110062.0,0.8249,68928.0,0.825,74766.0
1753503751508,04:22:31.508,ADA/USDT:USDT,0.8248,31563.0,0.8247,110062.0,0.8249,68928.0,0.825,74766.0
1753503751658,04:22:31.658,ADA/USDT:USDT,0.8248,33162.0,0.8247,110062.0,0.8249,68928.0,0.825,74766.0
1753503751658,04:22:31.658,ADA/USDT:USDT,0.8248,33162.0,0.8247,110062.0,0.8249,68928.0,0.825,74766.0
1753503751808,04:22:31.808,ADA/USDT:USDT,0.8248,33162.0,0.8247,110062.0,0.8249,68928.0,0.825,74766.0
1753503751808,04:22:31.808,ADA/USDT:USDT,0.8248,33162.0,0.8247,110062.0,0.8249,68928.0,0.825,74766.0
1753503751958,04:22:31.958,ADA/USDT:USDT,0.8248,33162.0,0.8247,110062.0,0.8249,68928.0,0.825,74766.0
1753503751958,04:22:31.958,ADA/USDT:USDT,0.8248,33162.0,0.8247,110062.0,0.8249,68928.0,0.825,74766.0
1753503752108,04:22:32.108,ADA/USDT:USDT,0.8248,33162.0,0.8247,110062.0,0.8249,67970.0,0.825,73808.0
1753503752108,04:22:32.108,ADA/USDT:USDT,0.8248,33162.0,0.8247,110062.0,0.8249,67970.0,0.825,73808.0
1753503752258,04:22:32.258,ADA/USDT:USDT,0.8248,33162.0,0.8247,110062.0,0.8249,67970.0,0.825,74766.0
1753503752258,04:22:32.258,ADA/USDT:USDT,0.8248,33162.0,0.8247,110062.0,0.8249,67970.0,0.825,74766.0
1753503752408,04:22:32.408,ADA/USDT:USDT,0.8248,33162.0,0.8247,110062.0,0.8249,67970.0,0.825,74766.0
1753503752408,04:22:32.408,ADA/USDT:USDT,0.8248,33162.0,0.8247,110062.0,0.8249,67970.0,0.825,74766.0
1753503752558,04:22:32.558,ADA/USDT:USDT,0.8248,33162.0,0.8247,110062.0,0.8249,67970.0,0.825,74766.0
1753503752558,04:22:32.558,ADA/USDT:USDT,0.8248,33162.0,0.8247,110062.0,0.8249,67970.0,0.825,74766.0
1753503752708,04:22:32.708,ADA/USDT:USDT,0.8248,33162.0,0.8247,110062.0,0.8249,67970.0,0.825,74766.0
1753503752708,04:22:32.708,ADA/USDT:USDT,0.8248,33162.0,0.8247,110062.0,0.8249,67970.0,0.825,74766.0
1753503752858,04:22:32.858,ADA/USDT:USDT,0.8248,33162.0,0.8247,110062.0,0.8249,67970.0,0.825,85381.0
1753503752858,04:22:32.858,ADA/USDT:USDT,0.8248,33162.0,0.8247,110062.0,0.8249,67970.0,0.825,85381.0
1753503753008,04:22:33.008,ADA/USDT:USDT,0.8248,33162.0,0.8247,110062.0,0.8249,67970.0,0.825,85381.0
1753503753008,04:22:33.008,ADA/USDT:USDT,0.8248,33162.0,0.8247,110062.0,0.8249,67970.0,0.825,85381.0
1753503753158,04:22:33.158,ADA/USDT:USDT,0.8248,33162.0,0.8247,110062.0,0.8249,67970.0,0.825,85381.0
1753503753158,04:22:33.158,ADA/USDT:USDT,0.8248,33162.0,0.8247,110062.0,0.8249,67970.0,0.825,85381.0
1753503753309,04:22:33.309,ADA/USDT:USDT,0.8248,33162.0,0.8247,110062.0,0.8249,67970.0,0.825,85381.0
1753503753309,04:22:33.309,ADA/USDT:USDT,0.8248,33162.0,0.8247,110062.0,0.8249,67970.0,0.825,85381.0
1753503753458,04:22:33.458,ADA/USDT:USDT,0.8248,33162.0,0.8247,110062.0,0.8249,67970.0,0.825,85381.0
1753503753458,04:22:33.458,ADA/USDT:USDT,0.8248,33162.0,0.8247,110062.0,0.8249,67970.0,0.825,85381.0
1753503753609,04:22:33.609,ADA/USDT:USDT,0.8248,33162.0,0.8247,110062.0,0.8249,67970.0,0.825,85381.0
1753503753609,04:22:33.609,ADA/USDT:USDT,0.8248,33162.0,0.8247,110062.0,0.8249,67970.0,0.825,85381.0
1753503753759,04:22:33.759,ADA/USDT:USDT,0.8248,33162.0,0.8247,110062.0,0.8249,67970.0,0.825,85381.0
1753503753759,04:22:33.759,ADA/USDT:USDT,0.8248,33162.0,0.8247,110062.0,0.8249,67970.0,0.825,85381.0
1753503753909,04:22:33.909,ADA/USDT:USDT,0.8248,33162.0,0.8247,110062.0,0.8249,67970.0,0.825,85381.0
1753503753909,04:22:33.909,ADA/USDT:USDT,0.8248,33162.0,0.8247,110062.0,0.8249,67970.0,0.825,85381.0
1753503754059,04:22:34.059,ADA/USDT:USDT,0.8248,33162.0,0.8247,110062.0,0.8249,67970.0,0.825,85381.0
1753503754059,04:22:34.059,ADA/USDT:USDT,0.8248,33162.0,0.8247,110062.0,0.8249,67970.0,0.825,85381.0
1753503754209,04:22:34.209,ADA/USDT:USDT,0.8248,33162.0,0.8247,110062.0,0.8249,67970.0,0.825,85381.0
1753503754209,04:22:34.209,ADA/USDT:USDT,0.8248,33162.0,0.8247,110062.0,0.8249,67970.0,0.825,85381.0
1753503754359,04:22:34.359,ADA/USDT:USDT,0.8248,33162.0,0.8247,110062.0,0.8249,67970.0,0.825,85381.0
1753503754359,04:22:34.359,ADA/USDT:USDT,0.8248,33162.0,0.8247,110062.0,0.8249,67970.0,0.825,85381.0
1753503754509,04:22:34.509,ADA/USDT:USDT,0.8248,33162.0,0.8247,110062.0,0.8249,67970.0,0.825,85381.0
1753503754509,04:22:34.509,ADA/USDT:USDT,0.8248,33162.0,0.8247,110062.0,0.8249,67970.0,0.825,85381.0
1753503754659,04:22:34.659,ADA/USDT:USDT,0.8248,33162.0,0.8247,110062.0,0.8249,67970.0,0.825,85381.0
1753503754659,04:22:34.659,ADA/USDT:USDT,0.8248,33162.0,0.8247,110062.0,0.8249,67970.0,0.825,85381.0
1753503754809,04:22:34.809,ADA/USDT:USDT,0.8248,1599.0,0.8247,110062.0,0.8249,67970.0,0.825,85381.0
1753503754809,04:22:34.809,ADA/USDT:USDT,0.8248,1599.0,0.8247,110062.0,0.8249,67970.0,0.825,85381.0
1753503754960,04:22:34.960,ADA/USDT:USDT,0.8248,7859.0,0.8247,110062.0,0.8249,67970.0,0.825,85381.0
1753503754960,04:22:34.960,ADA/USDT:USDT,0.8248,7859.0,0.8247,110062.0,0.8249,67970.0,0.825,85381.0
1753503755110,04:22:35.110,ADA/USDT:USDT,0.8248,7859.0,0.8247,110062.0,0.8249,67970.0,0.825,85381.0
1753503755110,04:22:35.110,ADA/USDT:USDT,0.8248,7859.0,0.8247,110062.0,0.8249,67970.0,0.825,85381.0
1753503755260,04:22:35.260,ADA/USDT:USDT,0.8248,9458.0,0.8247,110062.0,0.8249,67970.0,0.825,85381.0
1753503755260,04:22:35.260,ADA/USDT:USDT,0.8248,9458.0,0.8247,110062.0,0.8249,67970.0,0.825,85381.0
1753503755410,04:22:35.410,ADA/USDT:USDT,0.8248,24458.0,0.8247,110062.0,0.8249,67970.0,0.825,85381.0
1753503755410,04:22:35.410,ADA/USDT:USDT,0.8248,24458.0,0.8247,110062.0,0.8249,67970.0,0.825,85381.0
1753503755560,04:22:35.560,ADA/USDT:USDT,0.8248,24458.0,0.8247,110062.0,0.8249,67970.0,0.825,85381.0
1753503755560,04:22:35.560,ADA/USDT:USDT,0.8248,24458.0,0.8247,110062.0,0.8249,67970.0,0.825,85381.0
1753503755710,04:22:35.710,ADA/USDT:USDT,0.8248,25279.0,0.8247,111020.0,0.8249,43470.0,0.825,85381.0
1753503755710,04:22:35.710,ADA/USDT:USDT,0.8248,25279.0,0.8247,111020.0,0.8249,43470.0,0.825,85381.0
1753503755860,04:22:35.860,ADA/USDT:USDT,0.8248,40618.0,0.8247,111020.0,0.8249,43470.0,0.825,84423.0
1753503755860,04:22:35.860,ADA/USDT:USDT,0.8248,40618.0,0.8247,111020.0,0.8249,43470.0,0.825,84423.0
1753503756010,04:22:36.010,ADA/USDT:USDT,0.8248,40618.0,0.8247,111020.0,0.8249,43470.0,0.825,83818.0
1753503756010,04:22:36.010,ADA/USDT:USDT,0.8248,40618.0,0.8247,111020.0,0.8249,43470.0,0.825,83818.0
1753503756160,04:22:36.160,ADA/USDT:USDT,0.8248,40618.0,0.8247,111020.0,0.8249,43470.0,0.825,83818.0
1753503756160,04:22:36.160,ADA/USDT:USDT,0.8248,40618.0,0.8247,111020.0,0.8249,43470.0,0.825,83818.0
1753503756310,04:22:36.310,ADA/USDT:USDT,0.8248,40618.0,0.8247,111020.0,0.8249,42958.0,0.825,83818.0
1753503756310,04:22:36.310,ADA/USDT:USDT,0.8248,40618.0,0.8247,111020.0,0.8249,42958.0,0.825,83818.0
1753503756460,04:22:36.460,ADA/USDT:USDT,0.8248,51118.0,0.8247,111020.0,0.8249,40968.0,0.825,83818.0
1753503756460,04:22:36.460,ADA/USDT:USDT,0.8248,51118.0,0.8247,111020.0,0.8249,40968.0,0.825,83818.0
1753503756610,04:22:36.610,ADA/USDT:USDT,0.8248,51118.0,0.8247,111020.0,0.8249,40968.0,0.825,73203.0
1753503756610,04:22:36.610,ADA/USDT:USDT,0.8248,51118.0,0.8247,111020.0,0.8249,40968.0,0.825,73203.0
1753503756761,04:22:36.761,ADA/USDT:USDT,0.8248,51118.0,0.8247,111020.0,0.8249,40968.0,0.825,73203.0
1753503756761,04:22:36.761,ADA/USDT:USDT,0.8248,51118.0,0.8247,111020.0,0.8249,40968.0,0.825,73203.0
1753503756911,04:22:36.911,ADA/USDT:USDT,0.8248,51118.0,0.8247,111020.0,0.8249,40968.0,0.825,73203.0
1753503756911,04:22:36.911,ADA/USDT:USDT,0.8248,51118.0,0.8247,111020.0,0.8249,40968.0,0.825,73203.0
1753503757061,04:22:37.061,ADA/USDT:USDT,0.8248,51118.0,0.8247,111020.0,0.8249,40968.0,0.825,73203.0
1753503757061,04:22:37.061,ADA/USDT:USDT,0.8248,51118.0,0.8247,111020.0,0.8249,40968.0,0.825,73203.0
1753503757211,04:22:37.211,ADA/USDT:USDT,0.8248,51118.0,0.8247,111020.0,0.8249,40968.0,0.825,73203.0
1753503757211,04:22:37.211,ADA/USDT:USDT,0.8248,51118.0,0.8247,111020.0,0.8249,40968.0,0.825,73203.0
1753503757361,04:22:37.361,ADA/USDT:USDT,0.8248,51118.0,0.8247,111020.0,0.8249,53318.0,0.825,73203.0
1753503757361,04:22:37.361,ADA/USDT:USDT,0.8248,51118.0,0.8247,111020.0,0.8249,53318.0,0.825,73203.0
1753503757511,04:22:37.511,ADA/USDT:USDT,0.8248,51118.0,0.8247,111020.0,0.8249,41318.0,0.825,73203.0
1753503757511,04:22:37.511,ADA/USDT:USDT,0.8248,51118.0,0.8247,111020.0,0.8249,41318.0,0.825,73203.0
1753503757661,04:22:37.661,ADA/USDT:USDT,0.8248,51118.0,0.8247,111020.0,0.8249,41318.0,0.825,83818.0
1753503757661,04:22:37.661,ADA/USDT:USDT,0.8248,51118.0,0.8247,111020.0,0.8249,41318.0,0.825,83818.0
1753503757811,04:22:37.811,ADA/USDT:USDT,0.8248,51118.0,0.8247,111020.0,0.8249,41318.0,0.825,83818.0
1753503757811,04:22:37.811,ADA/USDT:USDT,0.8248,51118.0,0.8247,111020.0,0.8249,41318.0,0.825,83818.0
1753503757961,04:22:37.961,ADA/USDT:USDT,0.8248,51118.0,0.8247,111020.0,0.8249,41318.0,0.825,83818.0
1753503757961,04:22:37.961,ADA/USDT:USDT,0.8248,51118.0,0.8247,111020.0,0.8249,41318.0,0.825,83818.0
1753503758111,04:22:38.111,ADA/USDT:USDT,0.8248,51118.0,0.8247,111020.0,0.8249,41318.0,0.825,80519.0
1753503758111,04:22:38.111,ADA/USDT:USDT,0.8248,51118.0,0.8247,111020.0,0.8249,41318.0,0.825,80519.0
1753503758262,04:22:38.262,ADA/USDT:USDT,0.8248,51118.0,0.8247,111020.0,0.8249,41318.0,0.825,80519.0
1753503758262,04:22:38.262,ADA/USDT:USDT,0.8248,51118.0,0.8247,111020.0,0.8249,41318.0,0.825,80519.0
1753503758412,04:22:38.412,ADA/USDT:USDT,0.8248,51118.0,0.8247,111020.0,0.8249,41318.0,0.825,80519.0
1753503758412,04:22:38.412,ADA/USDT:USDT,0.8248,51118.0,0.8247,111020.0,0.8249,41318.0,0.825,80519.0
1753503758562,04:22:38.562,ADA/USDT:USDT,0.8248,51118.0,0.8247,111020.0,0.8249,41318.0,0.825,80519.0
1753503758562,04:22:38.562,ADA/USDT:USDT,0.8248,51118.0,0.8247,111020.0,0.8249,41318.0,0.825,80519.0
1753503758712,04:22:38.712,ADA/USDT:USDT,0.8248,51118.0,0.8247,111020.0,0.8249,41318.0,0.825,80519.0
1753503758712,04:22:38.712,ADA/USDT:USDT,0.8248,51118.0,0.8247,111020.0,0.8249,41318.0,0.825,80519.0
1753503758862,04:22:38.862,ADA/USDT:USDT,0.8248,51118.0,0.8247,111020.0,0.8249,41318.0,0.825,80519.0
1753503758862,04:22:38.862,ADA/USDT:USDT,0.8248,51118.0,0.8247,111020.0,0.8249,41318.0,0.825,80519.0
1753503759012,04:22:39.012,ADA/USDT:USDT,0.8248,51118.0,0.8247,111020.0,0.8249,41318.0,0.825,80519.0
1753503759012,04:22:39.012,ADA/USDT:USDT,0.8248,51118.0,0.8247,111020.0,0.8249,41318.0,0.825,80519.0
1753503759162,04:22:39.162,ADA/USDT:USDT,0.8248,51118.0,0.8247,111021.0,0.8249,41318.0,0.825,80519.0
1753503759162,04:22:39.162,ADA/USDT:USDT,0.8248,51118.0,0.8247,111021.0,0.8249,41318.0,0.825,80519.0
1753503759312,04:22:39.312,ADA/USDT:USDT,0.8248,51118.0,0.8247,111021.0,0.8249,41318.0,0.825,80519.0
1753503759312,04:22:39.312,ADA/USDT:USDT,0.8248,51118.0,0.8247,111021.0,0.8249,41318.0,0.825,80519.0
1753503759462,04:22:39.462,ADA/USDT:USDT,0.8248,51118.0,0.8247,111021.0,0.8249,56318.0,0.825,80519.0
1753503759462,04:22:39.462,ADA/USDT:USDT,0.8248,51118.0,0.8247,111021.0,0.8249,56318.0,0.825,80519.0
1753503759612,04:22:39.612,ADA/USDT:USDT,0.8248,51118.0,0.8247,111021.0,0.8249,57958.0,0.825,81477.0
1753503759612,04:22:39.612,ADA/USDT:USDT,0.8248,51118.0,0.8247,111021.0,0.8249,57958.0,0.825,81477.0
1753503759762,04:22:39.762,ADA/USDT:USDT,0.8248,51118.0,0.8247,111021.0,0.8249,57958.0,0.825,81477.0
1753503759762,04:22:39.762,ADA/USDT:USDT,0.8248,51118.0,0.8247,111021.0,0.8249,57958.0,0.825,81477.0
1753503759912,04:22:39.912,ADA/USDT:USDT,0.8248,51118.0,0.8247,111021.0,0.8249,57839.0,0.825,81477.0
1753503759912,04:22:39.912,ADA/USDT:USDT,0.8248,51118.0,0.8247,111021.0,0.8249,57839.0,0.825,81477.0
1753503760063,04:22:40.063,ADA/USDT:USDT,0.8248,51118.0,0.8247,111021.0,0.8249,57839.0,0.825,81477.0
1753503760063,04:22:40.063,ADA/USDT:USDT,0.8248,51118.0,0.8247,111021.0,0.8249,57839.0,0.825,81477.0
1753503760213,04:22:40.213,ADA/USDT:USDT,0.8248,40618.0,0.8247,111021.0,0.8249,57839.0,0.825,81477.0
1753503760213,04:22:40.213,ADA/USDT:USDT,0.8248,40618.0,0.8247,111021.0,0.8249,57839.0,0.825,81477.0
1753503760363,04:22:40.363,ADA/USDT:USDT,0.8248,40618.0,0.8247,111021.0,0.8249,57839.0,0.825,81477.0
1753503760363,04:22:40.363,ADA/USDT:USDT,0.8248,40618.0,0.8247,111021.0,0.8249,57839.0,0.825,81477.0
1753503760513,04:22:40.513,ADA/USDT:USDT,0.8248,40618.0,0.8247,95153.0,0.8249,68339.0,0.825,82082.0
1753503760513,04:22:40.513,ADA/USDT:USDT,0.8248,40618.0,0.8247,95153.0,0.8249,68339.0,0.825,82082.0
1753503760663,04:22:40.663,ADA/USDT:USDT,0.8248,39019.0,0.8247,78315.0,0.8249,68339.0,0.825,82082.0
1753503760663,04:22:40.663,ADA/USDT:USDT,0.8248,39019.0,0.8247,78315.0,0.8249,68339.0,0.825,82082.0
1753503760813,04:22:40.813,ADA/USDT:USDT,0.8248,39019.0,0.8247,110079.0,0.8249,68339.0,0.825,82082.0
1753503760813,04:22:40.813,ADA/USDT:USDT,0.8248,39019.0,0.8247,110079.0,0.8249,68339.0,0.825,82082.0
1753503760963,04:22:40.963,ADA/USDT:USDT,0.8248,39019.0,0.8247,110079.0,0.8249,68339.0,0.825,82082.0
1753503760963,04:22:40.963,ADA/USDT:USDT,0.8248,39019.0,0.8247,110079.0,0.8249,68339.0,0.825,82082.0
1753503761113,04:22:41.113,ADA/USDT:USDT,0.8248,40618.0,0.8247,111027.0,0.8249,68339.0,0.825,82082.0
1753503761113,04:22:41.113,ADA/USDT:USDT,0.8248,40618.0,0.8247,111027.0,0.8249,68339.0,0.825,82082.0
1753503761263,04:22:41.263,ADA/USDT:USDT,0.8248,40618.0,0.8247,111027.0,0.8249,57839.0,0.825,82082.0
1753503761263,04:22:41.263,ADA/USDT:USDT,0.8248,40618.0,0.8247,111027.0,0.8249,57839.0,0.825,82082.0
1753503761413,04:22:41.413,ADA/USDT:USDT,0.8248,40618.0,0.8247,111027.0,0.8249,57839.0,0.825,82082.0
1753503761413,04:22:41.413,ADA/USDT:USDT,0.8248,40618.0,0.8247,111027.0,0.8249,57839.0,0.825,82082.0
1753503761563,04:22:41.563,ADA/USDT:USDT,0.8248,40618.0,0.8247,111027.0,0.8249,57839.0,0.825,82082.0
1753503761563,04:22:41.563,ADA/USDT:USDT,0.8248,40618.0,0.8247,111027.0,0.8249,57839.0,0.825,82082.0
1753503761714,04:22:41.714,ADA/USDT:USDT,0.8248,40618.0,0.8247,111027.0,0.8249,57839.0,0.825,82082.0
1753503761714,04:22:41.714,ADA/USDT:USDT,0.8248,40618.0,0.8247,111027.0,0.8249,57839.0,0.825,82082.0
1753503761864,04:22:41.864,ADA/USDT:USDT,0.8248,39797.0,0.8247,111027.0,0.8249,57839.0,0.825,82082.0
1753503761864,04:22:41.864,ADA/USDT:USDT,0.8248,39797.0,0.8247,111027.0,0.8249,57839.0,0.825,82082.0
1753503762014,04:22:42.014,ADA/USDT:USDT,0.8248,39797.0,0.8247,111027.0,0.8249,57839.0,0.825,82082.0
1753503762014,04:22:42.014,ADA/USDT:USDT,0.8248,39797.0,0.8247,111027.0,0.8249,57839.0,0.825,82082.0
1753503762164,04:22:42.164,ADA/USDT:USDT,0.8248,39797.0,0.8247,111027.0,0.8249,57839.0,0.825,82082.0
1753503762164,04:22:42.164,ADA/USDT:USDT,0.8248,39797.0,0.8247,111027.0,0.8249,57839.0,0.825,82082.0
1753503762314,04:22:42.314,ADA/USDT:USDT,0.8248,39797.0,0.8247,111027.0,0.8249,57839.0,0.825,82082.0
1753503762314,04:22:42.314,ADA/USDT:USDT,0.8248,39797.0,0.8247,111027.0,0.8249,57839.0,0.825,82082.0
1753503762464,04:22:42.464,ADA/USDT:USDT,0.8248,39797.0,0.8247,111027.0,0.8249,64839.0,0.825,82082.0
1753503762464,04:22:42.464,ADA/USDT:USDT,0.8248,39797.0,0.8247,111027.0,0.8249,64839.0,0.825,82082.0
1753503762614,04:22:42.614,ADA/USDT:USDT,0.8248,39797.0,0.8247,111027.0,0.8249,64839.0,0.825,82082.0
1753503762614,04:22:42.614,ADA/USDT:USDT,0.8248,39797.0,0.8247,111027.0,0.8249,64839.0,0.825,82082.0
1753503762764,04:22:42.764,ADA/USDT:USDT,0.8248,39797.0,0.8247,111027.0,0.8249,42839.0,0.825,82082.0
1753503762764,04:22:42.764,ADA/USDT:USDT,0.8248,39797.0,0.8247,111027.0,0.8249,42839.0,0.825,82082.0
1753503762914,04:22:42.914,ADA/USDT:USDT,0.8248,39797.0,0.8247,111027.0,0.8249,42839.0,0.825,81477.0
1753503762914,04:22:42.914,ADA/USDT:USDT,0.8248,39797.0,0.8247,111027.0,0.8249,42839.0,0.825,81477.0
1753503763064,04:22:43.064,ADA/USDT:USDT,0.8248,39797.0,0.8247,111027.0,0.8249,42839.0,0.825,81477.0
1753503763064,04:22:43.064,ADA/USDT:USDT,0.8248,39797.0,0.8247,111027.0,0.8249,42839.0,0.825,81477.0
1753503763214,04:22:43.214,ADA/USDT:USDT,0.8248,39797.0,0.8247,111027.0,0.8249,42839.0,0.825,81477.0
1753503763214,04:22:43.214,ADA/USDT:USDT,0.8248,39797.0,0.8247,111027.0,0.8249,42839.0,0.825,81477.0
1753503763365,04:22:43.365,ADA/USDT:USDT,0.8248,50297.0,0.8247,111027.0,0.8249,52839.0,0.825,81477.0
1753503763365,04:22:43.365,ADA/USDT:USDT,0.8248,50297.0,0.8247,111027.0,0.8249,52839.0,0.825,81477.0
1753503763514,04:22:43.514,ADA/USDT:USDT,0.8248,50297.0,0.8247,111027.0,0.8249,52839.0,0.825,81477.0
1753503763514,04:22:43.514,ADA/USDT:USDT,0.8248,50297.0,0.8247,111027.0,0.8249,52839.0,0.825,81477.0
1753503763665,04:22:43.665,ADA/USDT:USDT,0.8248,50297.0,0.8247,111027.0,0.8249,52839.0,0.825,81477.0
1753503763665,04:22:43.665,ADA/USDT:USDT,0.8248,50297.0,0.8247,111027.0,0.8249,52839.0,0.825,81477.0
1753503763815,04:22:43.815,ADA/USDT:USDT,0.8248,50297.0,0.8247,111027.0,0.8249,52839.0,0.825,81477.0
1753503763815,04:22:43.815,ADA/USDT:USDT,0.8248,50297.0,0.8247,111027.0,0.8249,52839.0,0.825,81477.0
1753503763965,04:22:43.965,ADA/USDT:USDT,0.8248,50297.0,0.8247,107517.0,0.8249,52839.0,0.825,81477.0
1753503763965,04:22:43.965,ADA/USDT:USDT,0.8248,50297.0,0.8247,107517.0,0.8249,52839.0,0.825,81477.0
1753503764115,04:22:44.115,ADA/USDT:USDT,0.8248,48698.0,0.8247,90695.0,0.8249,52839.0,0.825,81477.0
1753503764115,04:22:44.115,ADA/USDT:USDT,0.8248,48698.0,0.8247,90695.0,0.8249,52839.0,0.825,81477.0
1753503764265,04:22:44.265,ADA/USDT:USDT,0.8248,50297.0,0.8247,106577.0,0.8249,52839.0,0.825,81477.0
1753503764265,04:22:44.265,ADA/USDT:USDT,0.8248,50297.0,0.8247,106577.0,0.8249,52839.0,0.825,81477.0
1753503764415,04:22:44.415,ADA/USDT:USDT,0.8248,50297.0,0.8247,106577.0,0.8249,52839.0,0.825,81477.0
1753503764415,04:22:44.415,ADA/USDT:USDT,0.8248,50297.0,0.8247,106577.0,0.8249,52839.0,0.825,81477.0
1753503764565,04:22:44.565,ADA/USDT:USDT,0.8248,50297.0,0.8247,106577.0,0.8249,52839.0,0.825,81477.0
1753503764565,04:22:44.565,ADA/USDT:USDT,0.8248,50297.0,0.8247,106577.0,0.8249,52839.0,0.825,81477.0
1753503764715,04:22:44.715,ADA/USDT:USDT,0.8248,50297.0,0.8247,106577.0,0.8249,52839.0,0.825,81477.0
1753503764715,04:22:44.715,ADA/USDT:USDT,0.8248,50297.0,0.8247,106577.0,0.8249,52839.0,0.825,81477.0
1753503764865,04:22:44.865,ADA/USDT:USDT,0.8248,50297.0,0.8247,106577.0,0.8249,52839.0,0.825,81477.0
1753503764865,04:22:44.865,ADA/USDT:USDT,0.8248,50297.0,0.8247,106577.0,0.8249,52839.0,0.825,81477.0
1753503765015,04:22:45.015,ADA/USDT:USDT,0.8248,50297.0,0.8247,107525.0,0.8249,52839.0,0.825,81477.0
1753503765015,04:22:45.015,ADA/USDT:USDT,0.8248,50297.0,0.8247,107525.0,0.8249,52839.0,0.825,81477.0
1753503765166,04:22:45.166,ADA/USDT:USDT,0.8248,50297.0,0.8247,91635.0,0.8249,52839.0,0.825,81477.0
1753503765166,04:22:45.166,ADA/USDT:USDT,0.8248,50297.0,0.8247,91635.0,0.8249,52839.0,0.825,81477.0
1753503765316,04:22:45.316,ADA/USDT:USDT,0.8248,31938.0,0.8247,57089.0,0.8249,64839.0,0.825,84769.0
1753503765316,04:22:45.316,ADA/USDT:USDT,0.8248,31938.0,0.8247,57089.0,0.8249,64839.0,0.825,84769.0
1753503765465,04:22:45.465,ADA/USDT:USDT,0.8247,1092.0,0.8246,30398.0,0.8249,68131.0,0.825,85495.0
1753503765465,04:22:45.465,ADA/USDT:USDT,0.8247,1092.0,0.8246,30398.0,0.8249,68131.0,0.825,85495.0
1753503765616,04:22:45.616,ADA/USDT:USDT,0.8246,23600.0,0.8245,59142.0,0.8247,3305.0,0.8248,69014.0
1753503765616,04:22:45.616,ADA/USDT:USDT,0.8246,23600.0,0.8245,59142.0,0.8247,3305.0,0.8248,69014.0
1753503765766,04:22:45.766,ADA/USDT:USDT,0.8246,39647.0,0.8245,89369.0,0.8247,73392.0,0.8248,68950.0
1753503765766,04:22:45.766,ADA/USDT:USDT,0.8246,39647.0,0.8245,89369.0,0.8247,73392.0,0.8248,68950.0
1753503765916,04:22:45.916,ADA/USDT:USDT,0.8246,11471.0,0.8245,138462.0,0.8247,73392.0,0.8248,83038.0
1753503765916,04:22:45.916,ADA/USDT:USDT,0.8246,11471.0,0.8245,138462.0,0.8247,73392.0,0.8248,83038.0
1753503766066,04:22:46.066,ADA/USDT:USDT,0.8246,48876.0,0.8245,139385.0,0.8247,71626.0,0.8248,82115.0
1753503766066,04:22:46.066,ADA/USDT:USDT,0.8246,48876.0,0.8245,139385.0,0.8247,71626.0,0.8248,82115.0
1753503766216,04:22:46.216,ADA/USDT:USDT,0.8246,48876.0,0.8245,139385.0,0.8247,71626.0,0.8248,81509.0
1753503766216,04:22:46.216,ADA/USDT:USDT,0.8246,48876.0,0.8245,139385.0,0.8247,71626.0,0.8248,81509.0
1753503766366,04:22:46.366,ADA/USDT:USDT,0.8246,74376.0,0.8245,139385.0,0.8247,71626.0,0.8248,81509.0
1753503766366,04:22:46.366,ADA/USDT:USDT,0.8246,74376.0,0.8245,139385.0,0.8247,71626.0,0.8248,81509.0
1753503766516,04:22:46.516,ADA/USDT:USDT,0.8246,48876.0,0.8245,139220.0,0.8247,71626.0,0.8248,69867.0
1753503766516,04:22:46.516,ADA/USDT:USDT,0.8246,48876.0,0.8245,139220.0,0.8247,71626.0,0.8248,69867.0
1753503766667,04:22:46.667,ADA/USDT:USDT,0.8246,48876.0,0.8245,139220.0,0.8247,71626.0,0.8248,70473.0
1753503766667,04:22:46.667,ADA/USDT:USDT,0.8246,48876.0,0.8245,139220.0,0.8247,71626.0,0.8248,70473.0
1753503766817,04:22:46.817,ADA/USDT:USDT,0.8246,48876.0,0.8245,139099.0,0.8247,71626.0,0.8248,70473.0
1753503766817,04:22:46.817,ADA/USDT:USDT,0.8246,48876.0,0.8245,139099.0,0.8247,71626.0,0.8248,70473.0
1753503766967,04:22:46.967,ADA/USDT:USDT,0.8246,48876.0,0.8245,139099.0,0.8247,71626.0,0.8248,71396.0
1753503766967,04:22:46.967,ADA/USDT:USDT,0.8246,48876.0,0.8245,139099.0,0.8247,71626.0,0.8248,71396.0
1753503767116,04:22:47.116,ADA/USDT:USDT,0.8246,48876.0,0.8245,139099.0,0.8247,71626.0,0.8248,71396.0
1753503767116,04:22:47.116,ADA/USDT:USDT,0.8246,48876.0,0.8245,139099.0,0.8247,71626.0,0.8248,71396.0
1753503767267,04:22:47.267,ADA/USDT:USDT,0.8246,48876.0,0.8245,139099.0,0.8247,71626.0,0.8248,69867.0
1753503767267,04:22:47.267,ADA/USDT:USDT,0.8246,48876.0,0.8245,139099.0,0.8247,71626.0,0.8248,69867.0
1753503767417,04:22:47.417,ADA/USDT:USDT,0.8246,74376.0,0.8245,139099.0,0.8247,59806.0,0.8248,69867.0
1753503767417,04:22:47.417,ADA/USDT:USDT,0.8246,74376.0,0.8245,139099.0,0.8247,59806.0,0.8248,69867.0
1753503767567,04:22:47.567,ADA/USDT:USDT,0.8246,48876.0,0.8245,139099.0,0.8247,59806.0,0.8248,70790.0
1753503767567,04:22:47.567,ADA/USDT:USDT,0.8246,48876.0,0.8245,139099.0,0.8247,59806.0,0.8248,70790.0
1753503767717,04:22:47.717,ADA/USDT:USDT,0.8246,44216.0,0.8245,139099.0,0.8247,59806.0,0.8248,70790.0
1753503767717,04:22:47.717,ADA/USDT:USDT,0.8246,44216.0,0.8245,139099.0,0.8247,59806.0,0.8248,70790.0
1753503767867,04:22:47.867,ADA/USDT:USDT,0.8246,44216.0,0.8245,138176.0,0.8247,59806.0,0.8248,70790.0
1753503767867,04:22:47.867,ADA/USDT:USDT,0.8246,44216.0,0.8245,138176.0,0.8247,59806.0,0.8248,70790.0
1753503768017,04:22:48.017,ADA/USDT:USDT,0.8246,44216.0,0.8245,138176.0,0.8247,59806.0,0.8248,70790.0
1753503768017,04:22:48.017,ADA/USDT:USDT,0.8246,44216.0,0.8245,138176.0,0.8247,59806.0,0.8248,70790.0
1753503768167,04:22:48.167,ADA/USDT:USDT,0.8246,44216.0,0.8245,138176.0,0.8247,59806.0,0.8248,70790.0
1753503768167,04:22:48.167,ADA/USDT:USDT,0.8246,44216.0,0.8245,138176.0,0.8247,59806.0,0.8248,70790.0
1753503768317,04:22:48.317,ADA/USDT:USDT,0.8246,53716.0,0.8245,138176.0,0.8247,59806.0,0.8248,70790.0
1753503768317,04:22:48.317,ADA/USDT:USDT,0.8246,53716.0,0.8245,138176.0,0.8247,59806.0,0.8248,70790.0
1753503768467,04:22:48.467,ADA/USDT:USDT,0.8246,53716.0,0.8245,138176.0,0.8247,36806.0,0.8248,70790.0
1753503768467,04:22:48.467,ADA/USDT:USDT,0.8246,53716.0,0.8245,138176.0,0.8247,36806.0,0.8248,70790.0
1753503768618,04:22:48.618,ADA/USDT:USDT,0.8246,53716.0,0.8245,138176.0,0.8247,36294.0,0.8248,70790.0
1753503768618,04:22:48.618,ADA/USDT:USDT,0.8246,53716.0,0.8245,138176.0,0.8247,36294.0,0.8248,70790.0
1753503768768,04:22:48.768,ADA/USDT:USDT,0.8246,44216.0,0.8245,138176.0,0.8247,36294.0,0.8248,70790.0
1753503768768,04:22:48.768,ADA/USDT:USDT,0.8246,44216.0,0.8245,138176.0,0.8247,36294.0,0.8248,70790.0
1753503768918,04:22:48.918,ADA/USDT:USDT,0.8246,44216.0,0.8245,138176.0,0.8247,36294.0,0.8248,70790.0
1753503768918,04:22:48.918,ADA/USDT:USDT,0.8246,44216.0,0.8245,138176.0,0.8247,36294.0,0.8248,70790.0
1753503769068,04:22:49.068,ADA/USDT:USDT,0.8246,44216.0,0.8245,138176.0,0.8247,36294.0,0.8248,70790.0
1753503769068,04:22:49.068,ADA/USDT:USDT,0.8246,44216.0,0.8245,138176.0,0.8247,36294.0,0.8248,70790.0
1753503769218,04:22:49.218,ADA/USDT:USDT,0.8246,44216.0,0.8245,138176.0,0.8247,36294.0,0.8248,70790.0
1753503769218,04:22:49.218,ADA/USDT:USDT,0.8246,44216.0,0.8245,138176.0,0.8247,36294.0,0.8248,70790.0
1753503769368,04:22:49.368,ADA/USDT:USDT,0.8246,58716.0,0.8245,138176.0,0.8247,53294.0,0.8248,70790.0
1753503769368,04:22:49.368,ADA/USDT:USDT,0.8246,58716.0,0.8245,138176.0,0.8247,53294.0,0.8248,70790.0
1753503769518,04:22:49.518,ADA/USDT:USDT,0.8246,44216.0,0.8245,138176.0,0.8247,53294.0,0.8248,70790.0
1753503769518,04:22:49.518,ADA/USDT:USDT,0.8246,44216.0,0.8245,138176.0,0.8247,53294.0,0.8248,70790.0
1753503769668,04:22:49.668,ADA/USDT:USDT,0.8246,44216.0,0.8245,138176.0,0.8247,53294.0,0.8248,70790.0
1753503769668,04:22:49.668,ADA/USDT:USDT,0.8246,44216.0,0.8245,138176.0,0.8247,53294.0,0.8248,70790.0
1753503769818,04:22:49.818,ADA/USDT:USDT,0.8246,44216.0,0.8245,138176.0,0.8247,53294.0,0.8248,70790.0
1753503769818,04:22:49.818,ADA/USDT:USDT,0.8246,44216.0,0.8245,138176.0,0.8247,53294.0,0.8248,70790.0
1753503769968,04:22:49.968,ADA/USDT:USDT,0.8246,44216.0,0.8245,118548.0,0.8247,53294.0,0.8248,70790.0
1753503769968,04:22:49.968,ADA/USDT:USDT,0.8246,44216.0,0.8245,118548.0,0.8247,53294.0,0.8248,70790.0
1753503770118,04:22:50.118,ADA/USDT:USDT,0.8246,44216.0,0.8245,118548.0,0.8247,53294.0,0.8248,70790.0
1753503770118,04:22:50.118,ADA/USDT:USDT,0.8246,44216.0,0.8245,118548.0,0.8247,53294.0,0.8248,70790.0
1753503770269,04:22:50.269,ADA/USDT:USDT,0.8246,44216.0,0.8245,118548.0,0.8247,61294.0,0.8248,70790.0
1753503770269,04:22:50.269,ADA/USDT:USDT,0.8246,44216.0,0.8245,118548.0,0.8247,61294.0,0.8248,70790.0
1753503770419,04:22:50.419,ADA/USDT:USDT,0.8246,44216.0,0.8245,118548.0,0.8247,61294.0,0.8248,70790.0
1753503770419,04:22:50.419,ADA/USDT:USDT,0.8246,44216.0,0.8245,118548.0,0.8247,61294.0,0.8248,70790.0
1753503770569,04:22:50.569,ADA/USDT:USDT,0.8246,43580.0,0.8245,118548.0,0.8247,61294.0,0.8248,70790.0
1753503770569,04:22:50.569,ADA/USDT:USDT,0.8246,43580.0,0.8245,118548.0,0.8247,61294.0,0.8248,70790.0
1753503770719,04:22:50.719,ADA/USDT:USDT,0.8246,43580.0,0.8245,118548.0,0.8247,61294.0,0.8248,70790.0
1753503770719,04:22:50.719,ADA/USDT:USDT,0.8246,43580.0,0.8245,118548.0,0.8247,61294.0,0.8248,70790.0
1753503770869,04:22:50.869,ADA/USDT:USDT,0.8246,15339.0,0.8245,102681.0,0.8247,61294.0,0.8248,71396.0
1753503770869,04:22:50.869,ADA/USDT:USDT,0.8246,15339.0,0.8245,102681.0,0.8247,61294.0,0.8248,71396.0
1753503771019,04:22:51.019,ADA/USDT:USDT,0.8245,61743.0,0.8244,94654.0,0.8246,13802.0,0.8247,74868.0
1753503771019,04:22:51.019,ADA/USDT:USDT,0.8245,61743.0,0.8244,94654.0,0.8246,13802.0,0.8247,74868.0
1753503771169,04:22:51.169,ADA/USDT:USDT,0.8245,61743.0,0.8244,94654.0,0.8246,57814.0,0.8247,69747.0
1753503771169,04:22:51.169,ADA/USDT:USDT,0.8245,61743.0,0.8244,94654.0,0.8246,57814.0,0.8247,69747.0
1753503771319,04:22:51.319,ADA/USDT:USDT,0.8245,28663.0,0.8244,127734.0,0.8246,57814.0,0.8247,69747.0
1753503771319,04:22:51.319,ADA/USDT:USDT,0.8245,28663.0,0.8244,127734.0,0.8246,57814.0,0.8247,69747.0
1753503771469,04:22:51.469,ADA/USDT:USDT,0.8245,28663.0,0.8244,127734.0,0.8246,57814.0,0.8247,69747.0
1753503771469,04:22:51.469,ADA/USDT:USDT,0.8245,28663.0,0.8244,127734.0,0.8246,57814.0,0.8247,69747.0
1753503771619,04:22:51.619,ADA/USDT:USDT,0.8245,28663.0,0.8244,127734.0,0.8246,57814.0,0.8247,102828.0
1753503771619,04:22:51.619,ADA/USDT:USDT,0.8245,28663.0,0.8244,127734.0,0.8246,57814.0,0.8247,102828.0
1753503771769,04:22:51.769,ADA/USDT:USDT,0.8245,27064.0,0.8244,127734.0,0.8246,57814.0,0.8247,102828.0
1753503771769,04:22:51.769,ADA/USDT:USDT,0.8245,27064.0,0.8244,127734.0,0.8246,57814.0,0.8247,102828.0
1753503771919,04:22:51.919,ADA/USDT:USDT,0.8245,27064.0,0.8244,127569.0,0.8246,57814.0,0.8247,102828.0
1753503771919,04:22:51.919,ADA/USDT:USDT,0.8245,27064.0,0.8244,127569.0,0.8246,57814.0,0.8247,102828.0
1753503772070,04:22:52.070,ADA/USDT:USDT,0.8245,27064.0,0.8244,127569.0,0.8246,73153.0,0.8247,102828.0
1753503772070,04:22:52.070,ADA/USDT:USDT,0.8245,27064.0,0.8244,127569.0,0.8246,73153.0,0.8247,102828.0
1753503772220,04:22:52.220,ADA/USDT:USDT,0.8245,27064.0,0.8244,127569.0,0.8246,73153.0,0.8247,102828.0
1753503772220,04:22:52.220,ADA/USDT:USDT,0.8245,27064.0,0.8244,127569.0,0.8246,73153.0,0.8247,102828.0
1753503772370,04:22:52.370,ADA/USDT:USDT,0.8245,27064.0,0.8244,127569.0,0.8246,73153.0,0.8247,95125.0
1753503772370,04:22:52.370,ADA/USDT:USDT,0.8245,27064.0,0.8244,127569.0,0.8246,73153.0,0.8247,95125.0
1753503772520,04:22:52.520,ADA/USDT:USDT,0.8245,27064.0,0.8244,127569.0,0.8246,73153.0,0.8247,95125.0
1753503772520,04:22:52.520,ADA/USDT:USDT,0.8245,27064.0,0.8244,127569.0,0.8246,73153.0,0.8247,95125.0
1753503772670,04:22:52.670,ADA/USDT:USDT,0.8245,27064.0,0.8244,127569.0,0.8246,73153.0,0.8247,95125.0
1753503772670,04:22:52.670,ADA/USDT:USDT,0.8245,27064.0,0.8244,127569.0,0.8246,73153.0,0.8247,95125.0
1753503772820,04:22:52.820,ADA/USDT:USDT,0.8245,27064.0,0.8244,127569.0,0.8246,73153.0,0.8247,95125.0
1753503772820,04:22:52.820,ADA/USDT:USDT,0.8245,27064.0,0.8244,127569.0,0.8246,73153.0,0.8247,95125.0
1753503772970,04:22:52.970,ADA/USDT:USDT,0.8245,27064.0,0.8244,127569.0,0.8246,73153.0,0.8247,95125.0
1753503772970,04:22:52.970,ADA/USDT:USDT,0.8245,27064.0,0.8244,127569.0,0.8246,73153.0,0.8247,95125.0
1753503773120,04:22:53.120,ADA/USDT:USDT,0.8245,27064.0,0.8244,127569.0,0.8246,73153.0,0.8247,95125.0
1753503773120,04:22:53.120,ADA/USDT:USDT,0.8245,27064.0,0.8244,127569.0,0.8246,73153.0,0.8247,95125.0
1753503773270,04:22:53.270,ADA/USDT:USDT,0.8244,12980.0,0.8243,63585.0,0.8246,84247.0,0.8247,100061.0
1753503773270,04:22:53.270,ADA/USDT:USDT,0.8244,12980.0,0.8243,63585.0,0.8246,84247.0,0.8247,100061.0
1753503773420,04:22:53.420,ADA/USDT:USDT,0.8244,11377.0,0.8243,63410.0,0.8245,50526.0,0.8246,80222.0
1753503773420,04:22:53.420,ADA/USDT:USDT,0.8244,11377.0,0.8243,63410.0,0.8245,50526.0,0.8246,80222.0
1753503773570,04:22:53.570,ADA/USDT:USDT,0.8243,80702.0,0.8242,77008.0,0.8245,77625.0,0.8246,80828.0
1753503773570,04:22:53.570,ADA/USDT:USDT,0.8243,80702.0,0.8242,77008.0,0.8245,77625.0,0.8246,80828.0
1753503773721,04:22:53.721,ADA/USDT:USDT,0.8243,61145.0,0.8242,74592.0,0.8244,22077.0,0.8245,58107.0
1753503773721,04:22:53.721,ADA/USDT:USDT,0.8243,61145.0,0.8242,74592.0,0.8244,22077.0,0.8245,58107.0
1753503773871,04:22:53.871,ADA/USDT:USDT,0.8243,50946.0,0.8242,79147.0,0.8244,49176.0,0.8245,58107.0
1753503773871,04:22:53.871,ADA/USDT:USDT,0.8243,50946.0,0.8242,79147.0,0.8244,49176.0,0.8245,58107.0
1753503774021,04:22:54.021,ADA/USDT:USDT,0.8243,55915.0,0.8242,95054.0,0.8244,23676.0,0.8245,68727.0
1753503774021,04:22:54.021,ADA/USDT:USDT,0.8243,55915.0,0.8242,95054.0,0.8244,23676.0,0.8245,68727.0
1753503774171,04:22:54.171,ADA/USDT:USDT,0.8243,50946.0,0.8242,95054.0,0.8244,23676.0,0.8245,76308.0
1753503774171,04:22:54.171,ADA/USDT:USDT,0.8243,50946.0,0.8242,95054.0,0.8244,23676.0,0.8245,76308.0
1753503774321,04:22:54.321,ADA/USDT:USDT,0.8243,84864.0,0.8242,95977.0,0.8244,20955.0,0.8245,65688.0
1753503774321,04:22:54.321,ADA/USDT:USDT,0.8243,84864.0,0.8242,95977.0,0.8244,20955.0,0.8245,65688.0
1753503774471,04:22:54.471,ADA/USDT:USDT,0.8243,84864.0,0.8242,95977.0,0.8244,20955.0,0.8245,40188.0
1753503774471,04:22:54.471,ADA/USDT:USDT,0.8243,84864.0,0.8242,95977.0,0.8244,20955.0,0.8245,40188.0
1753503774621,04:22:54.621,ADA/USDT:USDT,0.8243,84743.0,0.8242,96583.0,0.8245,40188.0,0.8246,89314.0
1753503774621,04:22:54.621,ADA/USDT:USDT,0.8243,84743.0,0.8242,96583.0,0.8245,40188.0,0.8246,89314.0
1753503774771,04:22:54.771,ADA/USDT:USDT,0.8244,57860.0,0.8243,68180.0,0.8245,44018.0,0.8246,86028.0
1753503774771,04:22:54.771,ADA/USDT:USDT,0.8244,57860.0,0.8243,68180.0,0.8245,44018.0,0.8246,86028.0
1753503774921,04:22:54.921,ADA/USDT:USDT,0.8244,72882.0,0.8243,138826.0,0.8245,27316.0,0.8246,86028.0
1753503774921,04:22:54.921,ADA/USDT:USDT,0.8244,72882.0,0.8243,138826.0,0.8245,27316.0,0.8246,86028.0
1753503775071,04:22:55.071,ADA/USDT:USDT,0.8244,72882.0,0.8243,149448.0,0.8245,20768.0,0.8246,86028.0
1753503775071,04:22:55.071,ADA/USDT:USDT,0.8244,72882.0,0.8243,149448.0,0.8245,20768.0,0.8246,86028.0
1753503775221,04:22:55.221,ADA/USDT:USDT,0.8244,60382.0,0.8243,136851.0,0.8245,62155.0,0.8246,86028.0
1753503775221,04:22:55.221,ADA/USDT:USDT,0.8244,60382.0,0.8243,136851.0,0.8245,62155.0,0.8246,86028.0
1753503775372,04:22:55.372,ADA/USDT:USDT,0.8244,60382.0,0.8243,136851.0,0.8245,38155.0,0.8246,86028.0
1753503775372,04:22:55.372,ADA/USDT:USDT,0.8244,60382.0,0.8243,136851.0,0.8245,38155.0,0.8246,86028.0
1753503775522,04:22:55.522,ADA/USDT:USDT,0.8244,59135.0,0.8243,136851.0,0.8245,41055.0,0.8246,86951.0
1753503775522,04:22:55.522,ADA/USDT:USDT,0.8244,59135.0,0.8243,136851.0,0.8245,41055.0,0.8246,86951.0
1753503775672,04:22:55.672,ADA/USDT:USDT,0.8244,59135.0,0.8243,136851.0,0.8245,41055.0,0.8246,86028.0
1753503775672,04:22:55.672,ADA/USDT:USDT,0.8244,59135.0,0.8243,136851.0,0.8245,41055.0,0.8246,86028.0
1753503775822,04:22:55.822,ADA/USDT:USDT,0.8244,59135.0,0.8243,136851.0,0.8245,38155.0,0.8246,86028.0
1753503775822,04:22:55.822,ADA/USDT:USDT,0.8244,59135.0,0.8243,136851.0,0.8245,38155.0,0.8246,86028.0
1753503775972,04:22:55.972,ADA/USDT:USDT,0.8244,59135.0,0.8243,136851.0,0.8245,38155.0,0.8246,86028.0
1753503775972,04:22:55.972,ADA/USDT:USDT,0.8244,59135.0,0.8243,136851.0,0.8245,38155.0,0.8246,86028.0
1753503776122,04:22:56.122,ADA/USDT:USDT,0.8244,59135.0,0.8243,136851.0,0.8245,38155.0,0.8246,86028.0
1753503776122,04:22:56.122,ADA/USDT:USDT,0.8244,59135.0,0.8243,136851.0,0.8245,38155.0,0.8246,86028.0
1753503776272,04:22:56.272,ADA/USDT:USDT,0.8244,59135.0,0.8243,120851.0,0.8245,63655.0,0.8246,86951.0
1753503776272,04:22:56.272,ADA/USDT:USDT,0.8244,59135.0,0.8243,120851.0,0.8245,63655.0,0.8246,86951.0
1753503776422,04:22:56.422,ADA/USDT:USDT,0.8244,58212.0,0.8243,119928.0,0.8245,63655.0,0.8246,86951.0
1753503776422,04:22:56.422,ADA/USDT:USDT,0.8244,58212.0,0.8243,119928.0,0.8245,63655.0,0.8246,86951.0
1753503776572,04:22:56.572,ADA/USDT:USDT,0.8244,58212.0,0.8243,120851.0,0.8245,63655.0,0.8246,86951.0
1753503776572,04:22:56.572,ADA/USDT:USDT,0.8244,58212.0,0.8243,120851.0,0.8245,63655.0,0.8246,86951.0
1753503776722,04:22:56.722,ADA/USDT:USDT,0.8244,58212.0,0.8243,120851.0,0.8245,38155.0,0.8246,86951.0
1753503776722,04:22:56.722,ADA/USDT:USDT,0.8244,58212.0,0.8243,120851.0,0.8245,38155.0,0.8246,86951.0
1753503776872,04:22:56.872,ADA/USDT:USDT,0.8244,58212.0,0.8243,120851.0,0.8245,38155.0,0.8246,86951.0
1753503776872,04:22:56.872,ADA/USDT:USDT,0.8244,58212.0,0.8243,120851.0,0.8245,38155.0,0.8246,86951.0
1753503777022,04:22:57.022,ADA/USDT:USDT,0.8244,58212.0,0.8243,120851.0,0.8245,38155.0,0.8246,86951.0
1753503777022,04:22:57.022,ADA/USDT:USDT,0.8244,58212.0,0.8243,120851.0,0.8245,38155.0,0.8246,86951.0
1753503777173,04:22:57.173,ADA/USDT:USDT,0.8244,58212.0,0.8243,120851.0,0.8245,38155.0,0.8246,86951.0
1753503777173,04:22:57.173,ADA/USDT:USDT,0.8244,58212.0,0.8243,120851.0,0.8245,38155.0,0.8246,86951.0
1753503777323,04:22:57.323,ADA/USDT:USDT,0.8244,73212.0,0.8243,120851.0,0.8245,37331.0,0.8246,86951.0
1753503777323,04:22:57.323,ADA/USDT:USDT,0.8244,73212.0,0.8243,120851.0,0.8245,37331.0,0.8246,86951.0
1753503777473,04:22:57.473,ADA/USDT:USDT,0.8244,73212.0,0.8243,120851.0,0.8245,37331.0,0.8246,86951.0
1753503777473,04:22:57.473,ADA/USDT:USDT,0.8244,73212.0,0.8243,120851.0,0.8245,37331.0,0.8246,86951.0
1753503777623,04:22:57.623,ADA/USDT:USDT,0.8244,73212.0,0.8243,120851.0,0.8245,37331.0,0.8246,86951.0
1753503777623,04:22:57.623,ADA/USDT:USDT,0.8244,73212.0,0.8243,120851.0,0.8245,37331.0,0.8246,86951.0
1753503777773,04:22:57.773,ADA/USDT:USDT,0.8244,73212.0,0.8243,120851.0,0.8245,37331.0,0.8246,86951.0
1753503777773,04:22:57.773,ADA/USDT:USDT,0.8244,73212.0,0.8243,120851.0,0.8245,37331.0,0.8246,86951.0
1753503777923,04:22:57.923,ADA/USDT:USDT,0.8244,73212.0,0.8243,120851.0,0.8245,37331.0,0.8246,86951.0
1753503777923,04:22:57.923,ADA/USDT:USDT,0.8244,73212.0,0.8243,120851.0,0.8245,37331.0,0.8246,86951.0
1753503778073,04:22:58.073,ADA/USDT:USDT,0.8244,73212.0,0.8243,120851.0,0.8245,37331.0,0.8246,86951.0
1753503778073,04:22:58.073,ADA/USDT:USDT,0.8244,73212.0,0.8243,120851.0,0.8245,37331.0,0.8246,86951.0
1753503778223,04:22:58.223,ADA/USDT:USDT,0.8244,83712.0,0.8243,120851.0,0.8245,37331.0,0.8246,86951.0
1753503778223,04:22:58.223,ADA/USDT:USDT,0.8244,83712.0,0.8243,120851.0,0.8245,37331.0,0.8246,86951.0
1753503778373,04:22:58.373,ADA/USDT:USDT,0.8244,83641.0,0.8243,120851.0,0.8245,18578.0,0.8246,60528.0
1753503778373,04:22:58.373,ADA/USDT:USDT,0.8244,83641.0,0.8243,120851.0,0.8245,18578.0,0.8246,60528.0
1753503778523,04:22:58.523,ADA/USDT:USDT,0.8245,1247.0,0.8244,88686.0,0.8246,25140.0,0.8247,59874.0
1753503778523,04:22:58.523,ADA/USDT:USDT,0.8245,1247.0,0.8244,88686.0,0.8246,25140.0,0.8247,59874.0
1753503778673,04:22:58.673,ADA/USDT:USDT,0.8246,1247.0,0.8245,87821.0,0.8247,350.0,0.8248,85284.0
1753503778673,04:22:58.673,ADA/USDT:USDT,0.8246,1247.0,0.8245,87821.0,0.8247,350.0,0.8248,85284.0
1753503778824,04:22:58.824,ADA/USDT:USDT,0.8246,104101.0,0.8245,149777.0,0.8247,16913.0,0.8248,80239.0
1753503778824,04:22:58.824,ADA/USDT:USDT,0.8246,104101.0,0.8245,149777.0,0.8247,16913.0,0.8248,80239.0
1753503778974,04:22:58.974,ADA/USDT:USDT,0.8246,104101.0,0.8245,149777.0,0.8247,19338.0,0.8248,80239.0
1753503778974,04:22:58.974,ADA/USDT:USDT,0.8246,104101.0,0.8245,149777.0,0.8247,19338.0,0.8248,80239.0
1753503779124,04:22:59.124,ADA/USDT:USDT,0.8246,77534.0,0.8245,136841.0,0.8247,68774.0,0.8248,81135.0
1753503779124,04:22:59.124,ADA/USDT:USDT,0.8246,77534.0,0.8245,136841.0,0.8247,68774.0,0.8248,81135.0
1753503779274,04:22:59.274,ADA/USDT:USDT,0.8246,68110.0,0.8245,123996.0,0.8247,43274.0,0.8248,61603.0
1753503779274,04:22:59.274,ADA/USDT:USDT,0.8246,68110.0,0.8245,123996.0,0.8247,43274.0,0.8248,61603.0
1753503779424,04:22:59.424,ADA/USDT:USDT,0.8246,68110.0,0.8245,123996.0,0.8247,43274.0,0.8248,61603.0
1753503779424,04:22:59.424,ADA/USDT:USDT,0.8246,68110.0,0.8245,123996.0,0.8247,43274.0,0.8248,61603.0
1753503779574,04:22:59.574,ADA/USDT:USDT,0.8246,68110.0,0.8245,124892.0,0.8247,42448.0,0.8248,61603.0
1753503779574,04:22:59.574,ADA/USDT:USDT,0.8246,68110.0,0.8245,124892.0,0.8247,42448.0,0.8248,61603.0
1753503779724,04:22:59.724,ADA/USDT:USDT,0.8246,68110.0,0.8245,131946.0,0.8247,42448.0,0.8248,61603.0
1753503779724,04:22:59.724,ADA/USDT:USDT,0.8246,68110.0,0.8245,131946.0,0.8247,42448.0,0.8248,61603.0
1753503779874,04:22:59.874,ADA/USDT:USDT,0.8246,68110.0,0.8245,131946.0,0.8247,42448.0,0.8248,61603.0
1753503779874,04:22:59.874,ADA/USDT:USDT,0.8246,68110.0,0.8245,131946.0,0.8247,42448.0,0.8248,61603.0
1753503780024,04:23:00.024,ADA/USDT:USDT,0.8246,68110.0,0.8245,135692.0,0.8247,42448.0,0.8248,61603.0
1753503780024,04:23:00.024,ADA/USDT:USDT,0.8246,68110.0,0.8245,135692.0,0.8247,42448.0,0.8248,61603.0
1753503780174,04:23:00.174,ADA/USDT:USDT,0.8246,68110.0,0.8245,135692.0,0.8247,58448.0,0.8248,61603.0
1753503780174,04:23:00.174,ADA/USDT:USDT,0.8246,68110.0,0.8245,135692.0,0.8247,58448.0,0.8248,61603.0
1753503780324,04:23:00.324,ADA/USDT:USDT,0.8246,68110.0,0.8245,135692.0,0.8247,42448.0,0.8248,61603.0
1753503780324,04:23:00.324,ADA/USDT:USDT,0.8246,68110.0,0.8245,135692.0,0.8247,42448.0,0.8248,61603.0
1753503780474,04:23:00.474,ADA/USDT:USDT,0.8246,68110.0,0.8245,135692.0,0.8247,20152.0,0.8248,60707.0
1753503780474,04:23:00.474,ADA/USDT:USDT,0.8246,68110.0,0.8245,135692.0,0.8247,20152.0,0.8248,60707.0
1753503780625,04:23:00.625,ADA/USDT:USDT,0.8246,68110.0,0.8245,135692.0,0.8248,60707.0,0.8249,43289.0
1753503780625,04:23:00.625,ADA/USDT:USDT,0.8246,68110.0,0.8245,135692.0,0.8248,60707.0,0.8249,43289.0
1753503780775,04:23:00.775,ADA/USDT:USDT,0.8246,104395.0,0.8245,135692.0,0.8247,1599.0,0.8248,62697.0
1753503780775,04:23:00.775,ADA/USDT:USDT,0.8246,104395.0,0.8245,135692.0,0.8247,1599.0,0.8248,62697.0
1753503780925,04:23:00.925,ADA/USDT:USDT,0.8247,1136.0,0.8246,67598.0,0.8248,64296.0,0.8249,43289.0
1753503780925,04:23:00.925,ADA/USDT:USDT,0.8247,1136.0,0.8246,67598.0,0.8248,64296.0,0.8249,43289.0
1753503781075,04:23:01.075,ADA/USDT:USDT,0.8247,47041.0,0.8246,116556.0,0.8248,47652.0,0.8249,76375.0
1753503781075,04:23:01.075,ADA/USDT:USDT,0.8247,47041.0,0.8246,116556.0,0.8248,47652.0,0.8249,76375.0
1753503781225,04:23:01.225,ADA/USDT:USDT,0.8247,79839.0,0.8246,143801.0,0.8248,20152.0,0.8249,76375.0
1753503781225,04:23:01.225,ADA/USDT:USDT,0.8247,79839.0,0.8246,143801.0,0.8248,20152.0,0.8249,76375.0
1753503781375,04:23:01.375,ADA/USDT:USDT,0.8247,78943.0,0.8246,131788.0,0.8248,20152.0,0.8249,73083.0
1753503781375,04:23:01.375,ADA/USDT:USDT,0.8247,78943.0,0.8246,131788.0,0.8248,20152.0,0.8249,73083.0
1753503781525,04:23:01.525,ADA/USDT:USDT,0.8247,78943.0,0.8246,131788.0,0.8248,20152.0,0.8249,73083.0
1753503781525,04:23:01.525,ADA/USDT:USDT,0.8247,78943.0,0.8246,131788.0,0.8248,20152.0,0.8249,73083.0
1753503781675,04:23:01.675,ADA/USDT:USDT,0.8247,78943.0,0.8246,132684.0,0.8248,42695.0,0.8249,73083.0
1753503781675,04:23:01.675,ADA/USDT:USDT,0.8247,78943.0,0.8246,132684.0,0.8248,42695.0,0.8249,73083.0
1753503781825,04:23:01.825,ADA/USDT:USDT,0.8247,78943.0,0.8246,132684.0,0.8248,33892.0,0.8249,73083.0
1753503781825,04:23:01.825,ADA/USDT:USDT,0.8247,78943.0,0.8246,132684.0,0.8248,33892.0,0.8249,73083.0
1753503781975,04:23:01.975,ADA/USDT:USDT,0.8247,78943.0,0.8246,132684.0,0.8248,35491.0,0.8249,73083.0
1753503781975,04:23:01.975,ADA/USDT:USDT,0.8247,78943.0,0.8246,132684.0,0.8248,35491.0,0.8249,73083.0
1753503782125,04:23:02.125,ADA/USDT:USDT,0.8247,25845.0,0.8246,132684.0,0.8248,66124.0,0.8249,73083.0
1753503782125,04:23:02.125,ADA/USDT:USDT,0.8247,25845.0,0.8246,132684.0,0.8248,66124.0,0.8249,73083.0
1753503782276,04:23:02.276,ADA/USDT:USDT,0.8247,16475.0,0.8246,97542.0,0.8248,66124.0,0.8249,74584.0
1753503782276,04:23:02.276,ADA/USDT:USDT,0.8247,16475.0,0.8246,97542.0,0.8248,66124.0,0.8249,74584.0
1753503782433,04:23:02.433,ADA/USDT:USDT,0.8247,16475.0,0.8246,97542.0,0.8248,66124.0,0.8249,74584.0
1753503782592,04:23:02.592,ADA/USDT:USDT,0.8247,18074.0,0.8246,97542.0,0.8248,66124.0,0.8249,74584.0
1753503782592,04:23:02.592,ADA/USDT:USDT,0.8247,18074.0,0.8246,97542.0,0.8248,66124.0,0.8249,74584.0
1753503782758,04:23:02.758,ADA/USDT:USDT,0.8247,18074.0,0.8246,97542.0,0.8248,66124.0,0.8249,74584.0
1753503782758,04:23:02.758,ADA/USDT:USDT,0.8247,18074.0,0.8246,97542.0,0.8248,66124.0,0.8249,74584.0
1753503782913,04:23:02.913,ADA/USDT:USDT,0.8247,1136.0,0.8246,34171.0,0.8248,73009.0,0.8249,77862.0
1753503782913,04:23:02.913,ADA/USDT:USDT,0.8247,1136.0,0.8246,34171.0,0.8248,73009.0,0.8249,77862.0
1753503783066,04:23:03.066,ADA/USDT:USDT,0.8246,49247.0,0.8245,101142.0,0.8248,73615.0,0.8249,77257.0
1753503783066,04:23:03.066,ADA/USDT:USDT,0.8246,49247.0,0.8245,101142.0,0.8248,73615.0,0.8249,77257.0
1753503783216,04:23:03.216,ADA/USDT:USDT,0.8246,16938.0,0.8245,106428.0,0.8247,34277.0,0.8248,70062.0
1753503783216,04:23:03.216,ADA/USDT:USDT,0.8246,16938.0,0.8245,106428.0,0.8247,34277.0,0.8248,70062.0
1753503783374,04:23:03.374,ADA/USDT:USDT,0.8246,27138.0,0.8245,117044.0,0.8247,62622.0,0.8248,70958.0
1753503783374,04:23:03.374,ADA/USDT:USDT,0.8246,27138.0,0.8245,117044.0,0.8247,62622.0,0.8248,70958.0
1753503783557,04:23:03.557,ADA/USDT:USDT,0.8246,16938.0,0.8245,117044.0,0.8247,62622.0,0.8248,70958.0
1753503783557,04:23:03.557,ADA/USDT:USDT,0.8246,16938.0,0.8245,117044.0,0.8247,62622.0,0.8248,70958.0
1753503783710,04:23:03.710,ADA/USDT:USDT,0.8246,16938.0,0.8245,117044.0,0.8247,62622.0,0.8248,70958.0
1753503783710,04:23:03.710,ADA/USDT:USDT,0.8246,16938.0,0.8245,117044.0,0.8247,62622.0,0.8248,70958.0
1753503783913,04:23:03.913,ADA/USDT:USDT,0.8246,17764.0,0.8245,117044.0,0.8247,62622.0,0.8248,70958.0
1753503783913,04:23:03.913,ADA/USDT:USDT,0.8246,17764.0,0.8245,117044.0,0.8247,62622.0,0.8248,70958.0
1753503784065,04:23:04.065,ADA/USDT:USDT,0.8246,17764.0,0.8245,117044.0,0.8247,62622.0,0.8248,71564.0
1753503784065,04:23:04.065,ADA/USDT:USDT,0.8246,17764.0,0.8245,117044.0,0.8247,62622.0,0.8248,71564.0
1753503784215,04:23:04.215,ADA/USDT:USDT,0.8246,15339.0,0.8245,74623.0,0.8247,62622.0,0.8248,71564.0
1753503784215,04:23:04.215,ADA/USDT:USDT,0.8246,15339.0,0.8245,74623.0,0.8247,62622.0,0.8248,71564.0
1753503784377,04:23:04.377,ADA/USDT:USDT,0.8246,15339.0,0.8245,90528.0,0.8247,62622.0,0.8248,71564.0
1753503784377,04:23:04.377,ADA/USDT:USDT,0.8246,15339.0,0.8245,90528.0,0.8247,62622.0,0.8248,71564.0
1753503784527,04:23:04.527,ADA/USDT:USDT,0.8246,15339.0,0.8245,121568.0,0.8247,62622.0,0.8248,71564.0
1753503784527,04:23:04.527,ADA/USDT:USDT,0.8246,15339.0,0.8245,121568.0,0.8247,62622.0,0.8248,71564.0
1753503784677,04:23:04.677,ADA/USDT:USDT,0.8246,15339.0,0.8245,117048.0,0.8247,62622.0,0.8248,71564.0
1753503784677,04:23:04.677,ADA/USDT:USDT,0.8246,15339.0,0.8245,117048.0,0.8247,62622.0,0.8248,71564.0
1753503784827,04:23:04.827,ADA/USDT:USDT,0.8246,16938.0,0.8245,117048.0,0.8247,62622.0,0.8248,71564.0
1753503784827,04:23:04.827,ADA/USDT:USDT,0.8246,16938.0,0.8245,117048.0,0.8247,62622.0,0.8248,71564.0
1753503784977,04:23:04.977,ADA/USDT:USDT,0.8246,16938.0,0.8245,117048.0,0.8247,62622.0,0.8248,71564.0
1753503784977,04:23:04.977,ADA/USDT:USDT,0.8246,16938.0,0.8245,117048.0,0.8247,62622.0,0.8248,71564.0
1753503785127,04:23:05.127,ADA/USDT:USDT,0.8246,16938.0,0.8245,117048.0,0.8247,62622.0,0.8248,71564.0
1753503785127,04:23:05.127,ADA/USDT:USDT,0.8246,16938.0,0.8245,117048.0,0.8247,62622.0,0.8248,71564.0
1753503785277,04:23:05.277,ADA/USDT:USDT,0.8246,16938.0,0.8245,117048.0,0.8247,62622.0,0.8248,71564.0
1753503785277,04:23:05.277,ADA/USDT:USDT,0.8246,16938.0,0.8245,117048.0,0.8247,62622.0,0.8248,71564.0
1753503785427,04:23:05.427,ADA/USDT:USDT,0.8246,16938.0,0.8245,117048.0,0.8247,62622.0,0.8248,71564.0
1753503785427,04:23:05.427,ADA/USDT:USDT,0.8246,16938.0,0.8245,117048.0,0.8247,62622.0,0.8248,71564.0
1753503785577,04:23:05.577,ADA/USDT:USDT,0.8246,16938.0,0.8245,117048.0,0.8247,62622.0,0.8248,71564.0
1753503785577,04:23:05.577,ADA/USDT:USDT,0.8246,16938.0,0.8245,117048.0,0.8247,62622.0,0.8248,71564.0
1753503785728,04:23:05.728,ADA/USDT:USDT,0.8245,75858.0,0.8244,73613.0,0.8246,24915.0,0.8247,75056.0
1753503785728,04:23:05.728,ADA/USDT:USDT,0.8245,75858.0,0.8244,73613.0,0.8246,24915.0,0.8247,75056.0
1753503785878,04:23:05.878,ADA/USDT:USDT,0.8245,17400.0,0.8244,122598.0,0.8246,76733.0,0.8247,104034.0
1753503785878,04:23:05.878,ADA/USDT:USDT,0.8245,17400.0,0.8244,122598.0,0.8246,76733.0,0.8247,104034.0
1753503786028,04:23:06.028,ADA/USDT:USDT,0.8244,58913.0,0.8243,76051.0,0.8246,83618.0,0.8247,104640.0
1753503786028,04:23:06.028,ADA/USDT:USDT,0.8244,58913.0,0.8243,76051.0,0.8246,83618.0,0.8247,104640.0
1753503786178,04:23:06.178,ADA/USDT:USDT,0.8244,60512.0,0.8243,94311.0,0.8245,41478.0,0.8246,75980.0
1753503786178,04:23:06.178,ADA/USDT:USDT,0.8244,60512.0,0.8243,94311.0,0.8245,41478.0,0.8246,75980.0
1753503786328,04:23:06.328,ADA/USDT:USDT,0.8244,27429.0,0.8243,127350.0,0.8245,70545.0,0.8246,87494.0
1753503786328,04:23:06.328,ADA/USDT:USDT,0.8244,27429.0,0.8243,127350.0,0.8245,70545.0,0.8246,87494.0
1753503786478,04:23:06.478,ADA/USDT:USDT,0.8244,17762.0,0.8243,127350.0,0.8245,70545.0,0.8246,88100.0
1753503786478,04:23:06.478,ADA/USDT:USDT,0.8244,17762.0,0.8243,127350.0,0.8245,70545.0,0.8246,88100.0
1753503786628,04:23:06.628,ADA/USDT:USDT,0.8244,17762.0,0.8243,143254.0,0.8245,70545.0,0.8246,76270.0
1753503786628,04:23:06.628,ADA/USDT:USDT,0.8244,17762.0,0.8243,143254.0,0.8245,70545.0,0.8246,76270.0
1753503786778,04:23:06.778,ADA/USDT:USDT,0.8243,44515.0,0.8242,79650.0,0.8245,70545.0,0.8246,76270.0
1753503786778,04:23:06.778,ADA/USDT:USDT,0.8243,44515.0,0.8242,79650.0,0.8245,70545.0,0.8246,76270.0
1753503786928,04:23:06.928,ADA/USDT:USDT,0.8244,1599.0,0.8243,35875.0,0.8245,72260.0,0.8246,79549.0
1753503786928,04:23:06.928,ADA/USDT:USDT,0.8244,1599.0,0.8243,35875.0,0.8245,72260.0,0.8246,79549.0
1753503787078,04:23:07.078,ADA/USDT:USDT,0.8243,86468.0,0.8242,95748.0,0.8244,28840.0,0.8245,85704.0
1753503787078,04:23:07.078,ADA/USDT:USDT,0.8243,86468.0,0.8242,95748.0,0.8244,28840.0,0.8245,85704.0
1753503787229,04:23:07.229,ADA/USDT:USDT,0.8243,53385.0,0.8242,128831.0,0.8244,69130.0,0.8245,79249.0
1753503787229,04:23:07.229,ADA/USDT:USDT,0.8243,53385.0,0.8242,128831.0,0.8244,69130.0,0.8245,79249.0
1753503787379,04:23:07.379,ADA/USDT:USDT,0.8243,60316.0,0.8242,128831.0,0.8244,69130.0,0.8245,79370.0
1753503787379,04:23:07.379,ADA/USDT:USDT,0.8243,60316.0,0.8242,128831.0,0.8244,69130.0,0.8245,79370.0
1753503787528,04:23:07.528,ADA/USDT:USDT,0.8243,60316.0,0.8242,128831.0,0.8244,69130.0,0.8245,112453.0
1753503787528,04:23:07.528,ADA/USDT:USDT,0.8243,60316.0,0.8242,128831.0,0.8244,69130.0,0.8245,112453.0
1753503787679,04:23:07.679,ADA/USDT:USDT,0.8243,44405.0,0.8242,86395.0,0.8244,69130.0,0.8245,112453.0
1753503787679,04:23:07.679,ADA/USDT:USDT,0.8243,44405.0,0.8242,86395.0,0.8244,69130.0,0.8245,112453.0
1753503787829,04:23:07.829,ADA/USDT:USDT,0.8243,44405.0,0.8242,118214.0,0.8244,69130.0,0.8245,113059.0
1753503787829,04:23:07.829,ADA/USDT:USDT,0.8243,44405.0,0.8242,118214.0,0.8244,69130.0,0.8245,113059.0
1753503787979,04:23:07.979,ADA/USDT:USDT,0.8243,44405.0,0.8242,113649.0,0.8244,69130.0,0.8245,113059.0
1753503787979,04:23:07.979,ADA/USDT:USDT,0.8243,44405.0,0.8242,113649.0,0.8244,69130.0,0.8245,113059.0
1753503788129,04:23:08.129,ADA/USDT:USDT,0.8243,44405.0,0.8242,113649.0,0.8244,69130.0,0.8245,113059.0
1753503788129,04:23:08.129,ADA/USDT:USDT,0.8243,44405.0,0.8242,113649.0,0.8244,69130.0,0.8245,113059.0
1753503788279,04:23:08.279,ADA/USDT:USDT,0.8243,44405.0,0.8242,113649.0,0.8244,69130.0,0.8245,100505.0
1753503788279,04:23:08.279,ADA/USDT:USDT,0.8243,44405.0,0.8242,113649.0,0.8244,69130.0,0.8245,100505.0
1753503788429,04:23:08.429,ADA/USDT:USDT,0.8243,44405.0,0.8242,113649.0,0.8244,69130.0,0.8245,100505.0
1753503788429,04:23:08.429,ADA/USDT:USDT,0.8243,44405.0,0.8242,113649.0,0.8244,69130.0,0.8245,100505.0
1753503788579,04:23:08.579,ADA/USDT:USDT,0.8242,91794.0,0.8241,80821.0,0.8243,3862.0,0.8244,97876.0
1753503788579,04:23:08.579,ADA/USDT:USDT,0.8242,91794.0,0.8241,80821.0,0.8243,3862.0,0.8244,97876.0
1753503788729,04:23:08.729,ADA/USDT:USDT,0.8242,108357.0,0.8241,96854.0,0.8243,43931.0,0.8244,91936.0
1753503788729,04:23:08.729,ADA/USDT:USDT,0.8242,108357.0,0.8241,96854.0,0.8243,43931.0,0.8244,91936.0
1753503788879,04:23:08.879,ADA/USDT:USDT,0.8242,108357.0,0.8241,96854.0,0.8243,43931.0,0.8244,91936.0
1753503788879,04:23:08.879,ADA/USDT:USDT,0.8242,108357.0,0.8241,96854.0,0.8243,43931.0,0.8244,91936.0
1753503789030,04:23:09.030,ADA/USDT:USDT,0.8242,108357.0,0.8241,96854.0,0.8243,43931.0,0.8244,91936.0
1753503789030,04:23:09.030,ADA/USDT:USDT,0.8242,108357.0,0.8241,96854.0,0.8243,43931.0,0.8244,91936.0
1753503789180,04:23:09.180,ADA/USDT:USDT,0.8242,108357.0,0.8241,96854.0,0.8243,18931.0,0.8244,91936.0
1753503789180,04:23:09.180,ADA/USDT:USDT,0.8242,108357.0,0.8241,96854.0,0.8243,18931.0,0.8244,91936.0
1753503789330,04:23:09.330,ADA/USDT:USDT,0.8242,108357.0,0.8241,108373.0,0.8243,16470.0,0.8244,81313.0
1753503789330,04:23:09.330,ADA/USDT:USDT,0.8242,108357.0,0.8241,108373.0,0.8243,16470.0,0.8244,81313.0
1753503789480,04:23:09.480,ADA/USDT:USDT,0.8242,108357.0,0.8241,107477.0,0.8243,2514.0,0.8244,81313.0
1753503789480,04:23:09.480,ADA/USDT:USDT,0.8242,108357.0,0.8241,107477.0,0.8243,2514.0,0.8244,81313.0
1753503789630,04:23:09.630,ADA/USDT:USDT,0.8242,113402.0,0.8241,107477.0,0.8243,4113.0,0.8244,72988.0
1753503789630,04:23:09.630,ADA/USDT:USDT,0.8242,113402.0,0.8241,107477.0,0.8243,4113.0,0.8244,72988.0
1753503789780,04:23:09.780,ADA/USDT:USDT,0.8242,113402.0,0.8241,108252.0,0.8243,4113.0,0.8244,72988.0
1753503789780,04:23:09.780,ADA/USDT:USDT,0.8242,113402.0,0.8241,108252.0,0.8243,4113.0,0.8244,72988.0
1753503789930,04:23:09.930,ADA/USDT:USDT,0.8242,113402.0,0.8241,108252.0,0.8243,4113.0,0.8244,72988.0
1753503789930,04:23:09.930,ADA/USDT:USDT,0.8242,113402.0,0.8241,108252.0,0.8243,4113.0,0.8244,72988.0
1753503790080,04:23:10.080,ADA/USDT:USDT,0.8242,97492.0,0.8241,107356.0,0.8243,21113.0,0.8244,72988.0
1753503790080,04:23:10.080,ADA/USDT:USDT,0.8242,97492.0,0.8241,107356.0,0.8243,21113.0,0.8244,72988.0
1753503790230,04:23:10.230,ADA/USDT:USDT,0.8242,64409.0,0.8241,107356.0,0.8243,21113.0,0.8244,72988.0
1753503790230,04:23:10.230,ADA/USDT:USDT,0.8242,64409.0,0.8241,107356.0,0.8243,21113.0,0.8244,72988.0
1753503790380,04:23:10.380,ADA/USDT:USDT,0.8242,94071.0,0.8241,87593.0,0.8243,21463.0,0.8244,52014.0
1753503790380,04:23:10.380,ADA/USDT:USDT,0.8242,94071.0,0.8241,87593.0,0.8243,21463.0,0.8244,52014.0
1753503790530,04:23:10.530,ADA/USDT:USDT,0.8242,94071.0,0.8241,88489.0,0.8243,21463.0,0.8244,65374.0
1753503790530,04:23:10.530,ADA/USDT:USDT,0.8242,94071.0,0.8241,88489.0,0.8243,21463.0,0.8244,65374.0
1753503790680,04:23:10.680,ADA/USDT:USDT,0.8242,94071.0,0.8241,88489.0,0.8243,2514.0,0.8244,65374.0
1753503790680,04:23:10.680,ADA/USDT:USDT,0.8242,94071.0,0.8241,88489.0,0.8243,2514.0,0.8244,65374.0
1753503790831,04:23:10.831,ADA/USDT:USDT,0.8242,94071.0,0.8241,88489.0,0.8243,4113.0,0.8244,65374.0
1753503790831,04:23:10.831,ADA/USDT:USDT,0.8242,94071.0,0.8241,88489.0,0.8243,4113.0,0.8244,65374.0
1753503790981,04:23:10.981,ADA/USDT:USDT,0.8242,94071.0,0.8241,88489.0,0.8243,4113.0,0.8244,75997.0
1753503790981,04:23:10.981,ADA/USDT:USDT,0.8242,94071.0,0.8241,88489.0,0.8243,4113.0,0.8244,75997.0
1753503791131,04:23:11.131,ADA/USDT:USDT,0.8242,111071.0,0.8241,88489.0,0.8243,11963.0,0.8244,75997.0
1753503791131,04:23:11.131,ADA/USDT:USDT,0.8242,111071.0,0.8241,88489.0,0.8243,11963.0,0.8244,75997.0
1753503791281,04:23:11.281,ADA/USDT:USDT,0.8242,111071.0,0.8241,88489.0,0.8243,11963.0,0.8244,75997.0
1753503791281,04:23:11.281,ADA/USDT:USDT,0.8242,111071.0,0.8241,88489.0,0.8243,11963.0,0.8244,75997.0
1753503791431,04:23:11.431,ADA/USDT:USDT,0.8242,111071.0,0.8241,88489.0,0.8243,11963.0,0.8244,75997.0
1753503791431,04:23:11.431,ADA/USDT:USDT,0.8242,111071.0,0.8241,88489.0,0.8243,11963.0,0.8244,75997.0
1753503791581,04:23:11.581,ADA/USDT:USDT,0.8242,111071.0,0.8241,88324.0,0.8243,4463.0,0.8244,75997.0
1753503791581,04:23:11.581,ADA/USDT:USDT,0.8242,111071.0,0.8241,88324.0,0.8243,4463.0,0.8244,75997.0
1753503791731,04:23:11.731,ADA/USDT:USDT,0.8242,111071.0,0.8241,88324.0,0.8243,4463.0,0.8244,75997.0
1753503791731,04:23:11.731,ADA/USDT:USDT,0.8242,111071.0,0.8241,88324.0,0.8243,4463.0,0.8244,75997.0
1753503791881,04:23:11.881,ADA/USDT:USDT,0.8242,111071.0,0.8241,88324.0,0.8243,4463.0,0.8244,75997.0
1753503791881,04:23:11.881,ADA/USDT:USDT,0.8242,111071.0,0.8241,88324.0,0.8243,4463.0,0.8244,75997.0
1753503792031,04:23:12.031,ADA/USDT:USDT,0.8242,111071.0,0.8241,88324.0,0.8243,4463.0,0.8244,75997.0
1753503792031,04:23:12.031,ADA/USDT:USDT,0.8242,111071.0,0.8241,88324.0,0.8243,4463.0,0.8244,75997.0
1753503792181,04:23:12.181,ADA/USDT:USDT,0.8242,94071.0,0.8241,87428.0,0.8243,29963.0,0.8244,75997.0
1753503792181,04:23:12.181,ADA/USDT:USDT,0.8242,94071.0,0.8241,87428.0,0.8243,29963.0,0.8244,75997.0
1753503792331,04:23:12.331,ADA/USDT:USDT,0.8242,94071.0,0.8241,87428.0,0.8243,46526.0,0.8244,75997.0
1753503792331,04:23:12.331,ADA/USDT:USDT,0.8242,94071.0,0.8241,87428.0,0.8243,46526.0,0.8244,75997.0
1753503792482,04:23:12.482,ADA/USDT:USDT,0.8242,94071.0,0.8241,87428.0,0.8243,46526.0,0.8244,75997.0
1753503792482,04:23:12.482,ADA/USDT:USDT,0.8242,94071.0,0.8241,87428.0,0.8243,46526.0,0.8244,75997.0
1753503792632,04:23:12.632,ADA/USDT:USDT,0.8242,94071.0,0.8241,87428.0,0.8243,46526.0,0.8244,75997.0
1753503792632,04:23:12.632,ADA/USDT:USDT,0.8242,94071.0,0.8241,87428.0,0.8243,46526.0,0.8244,75997.0
1753503792782,04:23:12.782,ADA/USDT:USDT,0.8242,94071.0,0.8241,87428.0,0.8243,46526.0,0.8244,75997.0
1753503792782,04:23:12.782,ADA/USDT:USDT,0.8242,94071.0,0.8241,87428.0,0.8243,46526.0,0.8244,75997.0
1753503792932,04:23:12.932,ADA/USDT:USDT,0.8242,94071.0,0.8241,87428.0,0.8243,46526.0,0.8244,75997.0
1753503792932,04:23:12.932,ADA/USDT:USDT,0.8242,94071.0,0.8241,87428.0,0.8243,46526.0,0.8244,75997.0
1753503793082,04:23:13.082,ADA/USDT:USDT,0.8242,94071.0,0.8241,87428.0,0.8243,46526.0,0.8244,75997.0
1753503793082,04:23:13.082,ADA/USDT:USDT,0.8242,94071.0,0.8241,87428.0,0.8243,46526.0,0.8244,75997.0
1753503793232,04:23:13.232,ADA/USDT:USDT,0.8242,94071.0,0.8241,87428.0,0.8243,46526.0,0.8244,75997.0
1753503793232,04:23:13.232,ADA/USDT:USDT,0.8242,94071.0,0.8241,87428.0,0.8243,46526.0,0.8244,75997.0
1753503793382,04:23:13.382,ADA/USDT:USDT,0.8242,94071.0,0.8241,87428.0,0.8243,46526.0,0.8244,75997.0
1753503793382,04:23:13.382,ADA/USDT:USDT,0.8242,94071.0,0.8241,87428.0,0.8243,46526.0,0.8244,75997.0
1753503793532,04:23:13.532,ADA/USDT:USDT,0.8242,94071.0,0.8241,87428.0,0.8243,46526.0,0.8244,75997.0
1753503793532,04:23:13.532,ADA/USDT:USDT,0.8242,94071.0,0.8241,87428.0,0.8243,46526.0,0.8244,75997.0
1753503793682,04:23:13.682,ADA/USDT:USDT,0.8242,94071.0,0.8241,88324.0,0.8243,21026.0,0.8244,75997.0
1753503793682,04:23:13.682,ADA/USDT:USDT,0.8242,94071.0,0.8241,88324.0,0.8243,21026.0,0.8244,75997.0
1753503793832,04:23:13.832,ADA/USDT:USDT,0.8242,94071.0,0.8241,88324.0,0.8243,21862.0,0.8244,75997.0
1753503793832,04:23:13.832,ADA/USDT:USDT,0.8242,94071.0,0.8241,88324.0,0.8243,21862.0,0.8244,75997.0
1753503793982,04:23:13.982,ADA/USDT:USDT,0.8242,94071.0,0.8241,88324.0,0.8243,46862.0,0.8244,75997.0
1753503793982,04:23:13.982,ADA/USDT:USDT,0.8242,94071.0,0.8241,88324.0,0.8243,46862.0,0.8244,75997.0
1753503794132,04:23:14.132,ADA/USDT:USDT,0.8242,94071.0,0.8241,88324.0,0.8243,46862.0,0.8244,75997.0
1753503794132,04:23:14.132,ADA/USDT:USDT,0.8242,94071.0,0.8241,88324.0,0.8243,46862.0,0.8244,75997.0
1753503794283,04:23:14.283,ADA/USDT:USDT,0.8242,89026.0,0.8241,87428.0,0.8243,47758.0,0.8244,76893.0
1753503794283,04:23:14.283,ADA/USDT:USDT,0.8242,89026.0,0.8241,87428.0,0.8243,47758.0,0.8244,76893.0
1753503794433,04:23:14.433,ADA/USDT:USDT,0.8242,16938.0,0.8241,44983.0,0.8243,63097.0,0.8244,76893.0
1753503794433,04:23:14.433,ADA/USDT:USDT,0.8242,16938.0,0.8241,44983.0,0.8243,63097.0,0.8244,76893.0
1753503794583,04:23:14.583,ADA/USDT:USDT,0.8242,16938.0,0.8241,93988.0,0.8243,63097.0,0.8244,77499.0
1753503794583,04:23:14.583,ADA/USDT:USDT,0.8242,16938.0,0.8241,93988.0,0.8243,63097.0,0.8244,77499.0
1753503794733,04:23:14.733,ADA/USDT:USDT,0.8242,16938.0,0.8241,93988.0,0.8243,63097.0,0.8244,77499.0
1753503794733,04:23:14.733,ADA/USDT:USDT,0.8242,16938.0,0.8241,93988.0,0.8243,63097.0,0.8244,77499.0
1753503794883,04:23:14.883,ADA/USDT:USDT,0.8242,16938.0,0.8241,93988.0,0.8243,63097.0,0.8244,77499.0
1753503795033,04:23:15.033,ADA/USDT:USDT,0.8242,17774.0,0.8241,120525.0,0.8243,63097.0,0.8244,77499.0
1753503795033,04:23:15.033,ADA/USDT:USDT,0.8242,17774.0,0.8241,120525.0,0.8243,63097.0,0.8244,77499.0
1753503795183,04:23:15.183,ADA/USDT:USDT,0.8242,17774.0,0.8241,121421.0,0.8243,63097.0,0.8244,77499.0
1753503795183,04:23:15.183,ADA/USDT:USDT,0.8242,17774.0,0.8241,121421.0,0.8243,63097.0,0.8244,77499.0
1753503795333,04:23:15.333,ADA/USDT:USDT,0.8242,17774.0,0.8241,121421.0,0.8243,62201.0,0.8244,76603.0
1753503795333,04:23:15.333,ADA/USDT:USDT,0.8242,17774.0,0.8241,121421.0,0.8243,62201.0,0.8244,76603.0
1753503795483,04:23:15.483,ADA/USDT:USDT,0.8242,17774.0,0.8241,121421.0,0.8243,62201.0,0.8244,76603.0
1753503795483,04:23:15.483,ADA/USDT:USDT,0.8242,17774.0,0.8241,121421.0,0.8243,62201.0,0.8244,76603.0
1753503795633,04:23:15.633,ADA/USDT:USDT,0.8242,17774.0,0.8241,121421.0,0.8243,62201.0,0.8244,77499.0
1753503795633,04:23:15.633,ADA/USDT:USDT,0.8242,17774.0,0.8241,121421.0,0.8243,62201.0,0.8244,77499.0
1753503795784,04:23:15.784,ADA/USDT:USDT,0.8242,17774.0,0.8241,121421.0,0.8243,62201.0,0.8244,77499.0
1753503795784,04:23:15.784,ADA/USDT:USDT,0.8242,17774.0,0.8241,121421.0,0.8243,62201.0,0.8244,77499.0
1753503795934,04:23:15.934,ADA/USDT:USDT,0.8242,17774.0,0.8241,121421.0,0.8243,62201.0,0.8244,77499.0
1753503795934,04:23:15.934,ADA/USDT:USDT,0.8242,17774.0,0.8241,121421.0,0.8243,62201.0,0.8244,77499.0
1753503796084,04:23:16.084,ADA/USDT:USDT,0.8242,17774.0,0.8241,121421.0,0.8243,62201.0,0.8244,77499.0
1753503796084,04:23:16.084,ADA/USDT:USDT,0.8242,17774.0,0.8241,121421.0,0.8243,62201.0,0.8244,77499.0
1753503796234,04:23:16.234,ADA/USDT:USDT,0.8242,17774.0,0.8241,121421.0,0.8243,62458.0,0.8244,76893.0
1753503796234,04:23:16.234,ADA/USDT:USDT,0.8242,17774.0,0.8241,121421.0,0.8243,62458.0,0.8244,76893.0
1753503796384,04:23:16.384,ADA/USDT:USDT,0.8242,17774.0,0.8241,121421.0,0.8243,61622.0,0.8244,65374.0
1753503796384,04:23:16.384,ADA/USDT:USDT,0.8242,17774.0,0.8241,121421.0,0.8243,61622.0,0.8244,65374.0
1753503796534,04:23:16.534,ADA/USDT:USDT,0.8242,34337.0,0.8241,121421.0,0.8243,36622.0,0.8244,75997.0
1753503796534,04:23:16.534,ADA/USDT:USDT,0.8242,34337.0,0.8241,121421.0,0.8243,36622.0,0.8244,75997.0
1753503796684,04:23:16.684,ADA/USDT:USDT,0.8242,34657.0,0.8241,121421.0,0.8243,36622.0,0.8244,75997.0
1753503796684,04:23:16.684,ADA/USDT:USDT,0.8242,34657.0,0.8241,121421.0,0.8243,36622.0,0.8244,75997.0
1753503796834,04:23:16.834,ADA/USDT:USDT,0.8242,34805.0,0.8241,121421.0,0.8243,36622.0,0.8244,75997.0
1753503796834,04:23:16.834,ADA/USDT:USDT,0.8242,34805.0,0.8241,121421.0,0.8243,36622.0,0.8244,75997.0
1753503796984,04:23:16.984,ADA/USDT:USDT,0.8242,57305.0,0.8241,121421.0,0.8243,49622.0,0.8244,75997.0
1753503796984,04:23:16.984,ADA/USDT:USDT,0.8242,57305.0,0.8241,121421.0,0.8243,49622.0,0.8244,75997.0
1753503797134,04:23:17.134,ADA/USDT:USDT,0.8242,57305.0,0.8241,121421.0,0.8243,49622.0,0.8244,75997.0
1753503797134,04:23:17.134,ADA/USDT:USDT,0.8242,57305.0,0.8241,121421.0,0.8243,49622.0,0.8244,75997.0
1753503797284,04:23:17.284,ADA/USDT:USDT,0.8242,57305.0,0.8241,121421.0,0.8243,36622.0,0.8244,75997.0
1753503797284,04:23:17.284,ADA/USDT:USDT,0.8242,57305.0,0.8241,121421.0,0.8243,36622.0,0.8244,75997.0
1753503797435,04:23:17.435,ADA/USDT:USDT,0.8242,57305.0,0.8241,121421.0,0.8243,36622.0,0.8244,75997.0
1753503797435,04:23:17.435,ADA/USDT:USDT,0.8242,57305.0,0.8241,121421.0,0.8243,36622.0,0.8244,75997.0
1753503797585,04:23:17.585,ADA/USDT:USDT,0.8242,57305.0,0.8241,121421.0,0.8243,36622.0,0.8244,75997.0
1753503797585,04:23:17.585,ADA/USDT:USDT,0.8242,57305.0,0.8241,121421.0,0.8243,36622.0,0.8244,75997.0
1753503797735,04:23:17.735,ADA/USDT:USDT,0.8242,57305.0,0.8241,121421.0,0.8243,36622.0,0.8244,75997.0
1753503797735,04:23:17.735,ADA/USDT:USDT,0.8242,57305.0,0.8241,121421.0,0.8243,36622.0,0.8244,75997.0
1753503797885,04:23:17.885,ADA/USDT:USDT,0.8242,57305.0,0.8241,121421.0,0.8243,36622.0,0.8244,75997.0
1753503797885,04:23:17.885,ADA/USDT:USDT,0.8242,57305.0,0.8241,121421.0,0.8243,36622.0,0.8244,75997.0
1753503798035,04:23:18.035,ADA/USDT:USDT,0.8242,60305.0,0.8241,121421.0,0.8243,17694.0,0.8244,75997.0
1753503798035,04:23:18.035,ADA/USDT:USDT,0.8242,60305.0,0.8241,121421.0,0.8243,17694.0,0.8244,75997.0
1753503798185,04:23:18.185,ADA/USDT:USDT,0.8242,60305.0,0.8241,121421.0,0.8243,1131.0,0.8244,75997.0
1753503798185,04:23:18.185,ADA/USDT:USDT,0.8242,60305.0,0.8241,121421.0,0.8243,1131.0,0.8244,75997.0
1753503798335,04:23:18.335,ADA/USDT:USDT,0.8242,65350.0,0.8241,128092.0,0.8243,1131.0,0.8244,64548.0
1753503798335,04:23:18.335,ADA/USDT:USDT,0.8242,65350.0,0.8241,128092.0,0.8243,1131.0,0.8244,64548.0
1753503798485,04:23:18.485,ADA/USDT:USDT,0.8242,65350.0,0.8241,128092.0,0.8243,1131.0,0.8244,64548.0
1753503798485,04:23:18.485,ADA/USDT:USDT,0.8242,65350.0,0.8241,128092.0,0.8243,1131.0,0.8244,64548.0
1753503798635,04:23:18.635,ADA/USDT:USDT,0.8242,65350.0,0.8241,128213.0,0.8243,1131.0,0.8244,54352.0
1753503798635,04:23:18.635,ADA/USDT:USDT,0.8242,65350.0,0.8241,128213.0,0.8243,1131.0,0.8244,54352.0
1753503798785,04:23:18.785,ADA/USDT:USDT,0.8242,65350.0,0.8241,128213.0,0.8243,257.0,0.8244,34976.0
1753503798785,04:23:18.785,ADA/USDT:USDT,0.8242,65350.0,0.8241,128213.0,0.8243,257.0,0.8244,34976.0
1753503798935,04:23:18.935,ADA/USDT:USDT,0.8242,65350.0,0.8241,128213.0,0.8243,257.0,0.8244,350.0
1753503798935,04:23:18.935,ADA/USDT:USDT,0.8242,65350.0,0.8241,128213.0,0.8243,257.0,0.8244,350.0
1753503799085,04:23:19.085,ADA/USDT:USDT,0.8242,65350.0,0.8241,122158.0,0.8243,257.0,0.8244,25132.0
1753503799085,04:23:19.085,ADA/USDT:USDT,0.8242,65350.0,0.8241,122158.0,0.8243,257.0,0.8244,25132.0
1753503799235,04:23:19.235,ADA/USDT:USDT,0.8242,65350.0,0.8241,122158.0,0.8243,257.0,0.8244,30456.0
1753503799235,04:23:19.235,ADA/USDT:USDT,0.8242,65350.0,0.8241,122158.0,0.8243,257.0,0.8244,30456.0
1753503799386,04:23:19.386,ADA/USDT:USDT,0.8242,65350.0,0.8241,130063.0,0.8243,257.0,0.8244,30456.0
1753503799386,04:23:19.386,ADA/USDT:USDT,0.8242,65350.0,0.8241,130063.0,0.8243,257.0,0.8244,30456.0
1753503799536,04:23:19.536,ADA/USDT:USDT,0.8242,65350.0,0.8241,130063.0,0.8243,257.0,0.8244,30456.0
1753503799536,04:23:19.536,ADA/USDT:USDT,0.8242,65350.0,0.8241,130063.0,0.8243,257.0,0.8244,30456.0
1753503799686,04:23:19.686,ADA/USDT:USDT,0.8243,86224.0,0.8242,54043.0,0.8244,15689.0,0.8245,32193.0
1753503799686,04:23:19.686,ADA/USDT:USDT,0.8243,86224.0,0.8242,54043.0,0.8244,15689.0,0.8245,32193.0
1753503799836,04:23:19.836,ADA/USDT:USDT,0.8243,88703.0,0.8242,98074.0,0.8244,15689.0,0.8245,32193.0
1753503799836,04:23:19.836,ADA/USDT:USDT,0.8243,88703.0,0.8242,98074.0,0.8244,15689.0,0.8245,32193.0
1753503799986,04:23:19.986,ADA/USDT:USDT,0.8243,88703.0,0.8242,98074.0,0.8244,41788.0,0.8245,32193.0
1753503799986,04:23:19.986,ADA/USDT:USDT,0.8243,88703.0,0.8242,98074.0,0.8244,41788.0,0.8245,32193.0
1753503800136,04:23:20.136,ADA/USDT:USDT,0.8243,85329.0,0.8242,112292.0,0.8244,58351.0,0.8245,40756.0
1753503800136,04:23:20.136,ADA/USDT:USDT,0.8243,85329.0,0.8242,112292.0,0.8244,58351.0,0.8245,40756.0
1753503800286,04:23:20.286,ADA/USDT:USDT,0.8243,73113.0,0.8242,112292.0,0.8244,59991.0,0.8245,40756.0
1753503800286,04:23:20.286,ADA/USDT:USDT,0.8243,73113.0,0.8242,112292.0,0.8244,59991.0,0.8245,40756.0
1753503800436,04:23:20.436,ADA/USDT:USDT,0.8243,73113.0,0.8242,112292.0,0.8244,59991.0,0.8245,40756.0
1753503800436,04:23:20.436,ADA/USDT:USDT,0.8243,73113.0,0.8242,112292.0,0.8244,59991.0,0.8245,40756.0
1753503800586,04:23:20.586,ADA/USDT:USDT,0.8243,73113.0,0.8242,112292.0,0.8244,59991.0,0.8245,40756.0
1753503800586,04:23:20.586,ADA/USDT:USDT,0.8243,73113.0,0.8242,112292.0,0.8244,59991.0,0.8245,40756.0
1753503800736,04:23:20.736,ADA/USDT:USDT,0.8243,73113.0,0.8242,112292.0,0.8244,59991.0,0.8245,40756.0
1753503800736,04:23:20.736,ADA/USDT:USDT,0.8243,73113.0,0.8242,112292.0,0.8244,59991.0,0.8245,40756.0
1753503800886,04:23:20.886,ADA/USDT:USDT,0.8243,73113.0,0.8242,123794.0,0.8244,43991.0,0.8245,40756.0
1753503800886,04:23:20.886,ADA/USDT:USDT,0.8243,73113.0,0.8242,123794.0,0.8244,43991.0,0.8245,40756.0
1753503801037,04:23:21.037,ADA/USDT:USDT,0.8243,73113.0,0.8242,123794.0,0.8244,43991.0,0.8245,40756.0
1753503801037,04:23:21.037,ADA/USDT:USDT,0.8243,73113.0,0.8242,123794.0,0.8244,43991.0,0.8245,40756.0
1753503801187,04:23:21.187,ADA/USDT:USDT,0.8243,47613.0,0.8242,123794.0,0.8244,43991.0,0.8245,40756.0
1753503801187,04:23:21.187,ADA/USDT:USDT,0.8243,47613.0,0.8242,123794.0,0.8244,43991.0,0.8245,40756.0
1753503801337,04:23:21.337,ADA/USDT:USDT,0.8243,47613.0,0.8242,122914.0,0.8244,43991.0,0.8245,40756.0
1753503801337,04:23:21.337,ADA/USDT:USDT,0.8243,47613.0,0.8242,122914.0,0.8244,43991.0,0.8245,40756.0
1753503801487,04:23:21.487,ADA/USDT:USDT,0.8243,47613.0,0.8242,122914.0,0.8244,43991.0,0.8245,40756.0
1753503801487,04:23:21.487,ADA/USDT:USDT,0.8243,47613.0,0.8242,122914.0,0.8244,43991.0,0.8245,40756.0
1753503801637,04:23:21.637,ADA/USDT:USDT,0.8243,47613.0,0.8242,122914.0,0.8244,35491.0,0.8245,40756.0
1753503801637,04:23:21.637,ADA/USDT:USDT,0.8243,47613.0,0.8242,122914.0,0.8244,35491.0,0.8245,40756.0
1753503801787,04:23:21.787,ADA/USDT:USDT,0.8243,48443.0,0.8242,122914.0,0.8244,35491.0,0.8245,40756.0
1753503801787,04:23:21.787,ADA/USDT:USDT,0.8243,48443.0,0.8242,122914.0,0.8244,35491.0,0.8245,40756.0
1753503801937,04:23:21.937,ADA/USDT:USDT,0.8243,48443.0,0.8242,122914.0,0.8244,35491.0,0.8245,40756.0
1753503801937,04:23:21.937,ADA/USDT:USDT,0.8243,48443.0,0.8242,122914.0,0.8244,35491.0,0.8245,40756.0
1753503802087,04:23:22.087,ADA/USDT:USDT,0.8243,48443.0,0.8242,123794.0,0.8244,35491.0,0.8245,51378.0
1753503802087,04:23:22.087,ADA/USDT:USDT,0.8243,48443.0,0.8242,123794.0,0.8244,35491.0,0.8245,51378.0
1753503802237,04:23:22.237,ADA/USDT:USDT,0.8243,48443.0,0.8242,123794.0,0.8244,35491.0,0.8245,51378.0
1753503802237,04:23:22.237,ADA/USDT:USDT,0.8243,48443.0,0.8242,123794.0,0.8244,35491.0,0.8245,51378.0
1753503802387,04:23:22.387,ADA/USDT:USDT,0.8243,48443.0,0.8242,123794.0,0.8244,35491.0,0.8245,51378.0
1753503802387,04:23:22.387,ADA/USDT:USDT,0.8243,48443.0,0.8242,123794.0,0.8244,35491.0,0.8245,51378.0
1753503802537,04:23:22.537,ADA/USDT:USDT,0.8243,48443.0,0.8242,123794.0,0.8244,35491.0,0.8245,51378.0
1753503802537,04:23:22.537,ADA/USDT:USDT,0.8243,48443.0,0.8242,123794.0,0.8244,35491.0,0.8245,51378.0
1753503802687,04:23:22.687,ADA/USDT:USDT,0.8243,48443.0,0.8242,123794.0,0.8244,35491.0,0.8245,51378.0
1753503802687,04:23:22.687,ADA/USDT:USDT,0.8243,48443.0,0.8242,123794.0,0.8244,35491.0,0.8245,51378.0
1753503802838,04:23:22.838,ADA/USDT:USDT,0.8243,60943.0,0.8242,123794.0,0.8244,59991.0,0.8245,51378.0
1753503802838,04:23:22.838,ADA/USDT:USDT,0.8243,60943.0,0.8242,123794.0,0.8244,59991.0,0.8245,51378.0
1753503802988,04:23:22.988,ADA/USDT:USDT,0.8243,48443.0,0.8242,123794.0,0.8244,59991.0,0.8245,51378.0
1753503802988,04:23:22.988,ADA/USDT:USDT,0.8243,48443.0,0.8242,123794.0,0.8244,59991.0,0.8245,51378.0
1753503803138,04:23:23.138,ADA/USDT:USDT,0.8243,48443.0,0.8242,122914.0,0.8244,52991.0,0.8245,51378.0
1753503803138,04:23:23.138,ADA/USDT:USDT,0.8243,48443.0,0.8242,122914.0,0.8244,52991.0,0.8245,51378.0
1753503803288,04:23:23.288,ADA/USDT:USDT,0.8243,48443.0,0.8242,123794.0,0.8244,52991.0,0.8245,51378.0
1753503803288,04:23:23.288,ADA/USDT:USDT,0.8243,48443.0,0.8242,123794.0,0.8244,52991.0,0.8245,51378.0
1753503803438,04:23:23.438,ADA/USDT:USDT,0.8243,48443.0,0.8242,123794.0,0.8244,52991.0,0.8245,51378.0
1753503803438,04:23:23.438,ADA/USDT:USDT,0.8243,48443.0,0.8242,123794.0,0.8244,52991.0,0.8245,51378.0
1753503803588,04:23:23.588,ADA/USDT:USDT,0.8243,48443.0,0.8242,123794.0,0.8244,52991.0,0.8245,51378.0
1753503803588,04:23:23.588,ADA/USDT:USDT,0.8243,48443.0,0.8242,123794.0,0.8244,52991.0,0.8245,51378.0
1753503803738,04:23:23.738,ADA/USDT:USDT,0.8243,48443.0,0.8242,123794.0,0.8244,52991.0,0.8245,51378.0
1753503803738,04:23:23.738,ADA/USDT:USDT,0.8243,48443.0,0.8242,123794.0,0.8244,52991.0,0.8245,51378.0
1753503803888,04:23:23.888,ADA/USDT:USDT,0.8243,48443.0,0.8242,123794.0,0.8244,59991.0,0.8245,51378.0
1753503803888,04:23:23.888,ADA/USDT:USDT,0.8243,48443.0,0.8242,123794.0,0.8244,59991.0,0.8245,51378.0
1753503804038,04:23:24.038,ADA/USDT:USDT,0.8243,48443.0,0.8242,123794.0,0.8244,59991.0,0.8245,51378.0
1753503804038,04:23:24.038,ADA/USDT:USDT,0.8243,48443.0,0.8242,123794.0,0.8244,59991.0,0.8245,51378.0
1753503804188,04:23:24.188,ADA/USDT:USDT,0.8243,17562.0,0.8242,73876.0,0.8244,59991.0,0.8245,51984.0
1753503804188,04:23:24.188,ADA/USDT:USDT,0.8243,17562.0,0.8242,73876.0,0.8244,59991.0,0.8245,51984.0
1753503804338,04:23:24.338,ADA/USDT:USDT,0.8243,16938.0,0.8242,84498.0,0.8244,59991.0,0.8245,51984.0
1753503804338,04:23:24.338,ADA/USDT:USDT,0.8243,16938.0,0.8242,84498.0,0.8244,59991.0,0.8245,51984.0
1753503804489,04:23:24.489,ADA/USDT:USDT,0.8243,17768.0,0.8242,100418.0,0.8244,59991.0,0.8245,51984.0
1753503804489,04:23:24.489,ADA/USDT:USDT,0.8243,17768.0,0.8242,100418.0,0.8244,59991.0,0.8245,51984.0
1753503804639,04:23:24.639,ADA/USDT:USDT,0.8243,17768.0,0.8242,100418.0,0.8244,59991.0,0.8245,51984.0
1753503804639,04:23:24.639,ADA/USDT:USDT,0.8243,17768.0,0.8242,100418.0,0.8244,59991.0,0.8245,51984.0
1753503804789,04:23:24.789,ADA/USDT:USDT,0.8243,16938.0,0.8242,100418.0,0.8244,59991.0,0.8245,55255.0
1753503804789,04:23:24.789,ADA/USDT:USDT,0.8243,16938.0,0.8242,100418.0,0.8244,59991.0,0.8245,55255.0
1753503804939,04:23:24.939,ADA/USDT:USDT,0.8243,16938.0,0.8242,100418.0,0.8244,59991.0,0.8245,55255.0
1753503804939,04:23:24.939,ADA/USDT:USDT,0.8243,16938.0,0.8242,100418.0,0.8244,59991.0,0.8245,55255.0
1753503805089,04:23:25.089,ADA/USDT:USDT,0.8243,16938.0,0.8242,100418.0,0.8244,59991.0,0.8245,55255.0
1753503805089,04:23:25.089,ADA/USDT:USDT,0.8243,16938.0,0.8242,100418.0,0.8244,59991.0,0.8245,55255.0
1753503805239,04:23:25.239,ADA/USDT:USDT,0.8243,17768.0,0.8242,100418.0,0.8244,59991.0,0.8245,55255.0
1753503805239,04:23:25.239,ADA/USDT:USDT,0.8243,17768.0,0.8242,100418.0,0.8244,59991.0,0.8245,55255.0
1753503805389,04:23:25.389,ADA/USDT:USDT,0.8243,17768.0,0.8242,100418.0,0.8244,59991.0,0.8245,55255.0
1753503805389,04:23:25.389,ADA/USDT:USDT,0.8243,17768.0,0.8242,100418.0,0.8244,59991.0,0.8245,55255.0
1753503805539,04:23:25.539,ADA/USDT:USDT,0.8243,17768.0,0.8242,100418.0,0.8244,59991.0,0.8245,55255.0
1753503805539,04:23:25.539,ADA/USDT:USDT,0.8243,17768.0,0.8242,100418.0,0.8244,59991.0,0.8245,55255.0
1753503805689,04:23:25.689,ADA/USDT:USDT,0.8243,17768.0,0.8242,100418.0,0.8244,59991.0,0.8245,55255.0
1753503805689,04:23:25.689,ADA/USDT:USDT,0.8243,17768.0,0.8242,100418.0,0.8244,59991.0,0.8245,55255.0
1753503805839,04:23:25.839,ADA/USDT:USDT,0.8243,17768.0,0.8242,100418.0,0.8244,59991.0,0.8245,55255.0
1753503805839,04:23:25.839,ADA/USDT:USDT,0.8243,17768.0,0.8242,100418.0,0.8244,59991.0,0.8245,55255.0
1753503805989,04:23:25.989,ADA/USDT:USDT,0.8243,45831.0,0.8242,101298.0,0.8244,35491.0,0.8245,54649.0
1753503805989,04:23:25.989,ADA/USDT:USDT,0.8243,45831.0,0.8242,101298.0,0.8244,35491.0,0.8245,54649.0
1753503806139,04:23:26.139,ADA/USDT:USDT,0.8243,45831.0,0.8242,101298.0,0.8244,35491.0,0.8245,53769.0
1753503806139,04:23:26.139,ADA/USDT:USDT,0.8243,45831.0,0.8242,101298.0,0.8244,35491.0,0.8245,53769.0
1753503806290,04:23:26.290,ADA/USDT:USDT,0.8243,45831.0,0.8242,101298.0,0.8244,35491.0,0.8245,54649.0
1753503806290,04:23:26.290,ADA/USDT:USDT,0.8243,45831.0,0.8242,101298.0,0.8244,35491.0,0.8245,54649.0
1753503806440,04:23:26.440,ADA/USDT:USDT,0.8243,45831.0,0.8242,101298.0,0.8244,35491.0,0.8245,53769.0
1753503806440,04:23:26.440,ADA/USDT:USDT,0.8243,45831.0,0.8242,101298.0,0.8244,35491.0,0.8245,53769.0
1753503806590,04:23:26.590,ADA/USDT:USDT,0.8243,45831.0,0.8242,101298.0,0.8244,35491.0,0.8245,53769.0
1753503806590,04:23:26.590,ADA/USDT:USDT,0.8243,45831.0,0.8242,101298.0,0.8244,35491.0,0.8245,53769.0
1753503806740,04:23:26.740,ADA/USDT:USDT,0.8243,45831.0,0.8242,101298.0,0.8244,35491.0,0.8245,53769.0
1753503806740,04:23:26.740,ADA/USDT:USDT,0.8243,45831.0,0.8242,101298.0,0.8244,35491.0,0.8245,53769.0
1753503806890,04:23:26.890,ADA/USDT:USDT,0.8243,56331.0,0.8242,101298.0,0.8244,48991.0,0.8245,53769.0
1753503806890,04:23:26.890,ADA/USDT:USDT,0.8243,56331.0,0.8242,101298.0,0.8244,48991.0,0.8245,53769.0
1753503807040,04:23:27.040,ADA/USDT:USDT,0.8243,56331.0,0.8242,101298.0,0.8244,48991.0,0.8245,53769.0
1753503807040,04:23:27.040,ADA/USDT:USDT,0.8243,56331.0,0.8242,101298.0,0.8244,48991.0,0.8245,53769.0
1753503807190,04:23:27.190,ADA/USDT:USDT,0.8243,56331.0,0.8242,101298.0,0.8244,48991.0,0.8245,53769.0
1753503807190,04:23:27.190,ADA/USDT:USDT,0.8243,56331.0,0.8242,101298.0,0.8244,48991.0,0.8245,53769.0
1753503807340,04:23:27.340,ADA/USDT:USDT,0.8243,56331.0,0.8242,101298.0,0.8244,35491.0,0.8245,54649.0
1753503807340,04:23:27.340,ADA/USDT:USDT,0.8243,56331.0,0.8242,101298.0,0.8244,35491.0,0.8245,54649.0
1753503807490,04:23:27.490,ADA/USDT:USDT,0.8243,56331.0,0.8242,101298.0,0.8244,35491.0,0.8245,54649.0
1753503807490,04:23:27.490,ADA/USDT:USDT,0.8243,56331.0,0.8242,101298.0,0.8244,35491.0,0.8245,54649.0
1753503807640,04:23:27.640,ADA/USDT:USDT,0.8243,56331.0,0.8242,101298.0,0.8244,35491.0,0.8245,50498.0
1753503807640,04:23:27.640,ADA/USDT:USDT,0.8243,56331.0,0.8242,101298.0,0.8244,35491.0,0.8245,50498.0
1753503807791,04:23:27.791,ADA/USDT:USDT,0.8243,56331.0,0.8242,101298.0,0.8244,48491.0,0.8245,50498.0
1753503807791,04:23:27.791,ADA/USDT:USDT,0.8243,56331.0,0.8242,101298.0,0.8244,48491.0,0.8245,50498.0
1753503807941,04:23:27.941,ADA/USDT:USDT,0.8243,56331.0,0.8242,101298.0,0.8244,48491.0,0.8245,50498.0
1753503807941,04:23:27.941,ADA/USDT:USDT,0.8243,56331.0,0.8242,101298.0,0.8244,48491.0,0.8245,50498.0
1753503808091,04:23:28.091,ADA/USDT:USDT,0.8243,45831.0,0.8242,101298.0,0.8244,48491.0,0.8245,50498.0
1753503808091,04:23:28.091,ADA/USDT:USDT,0.8243,45831.0,0.8242,101298.0,0.8244,48491.0,0.8245,50498.0
1753503808241,04:23:28.241,ADA/USDT:USDT,0.8243,45831.0,0.8242,101298.0,0.8244,48491.0,0.8245,51378.0
1753503808241,04:23:28.241,ADA/USDT:USDT,0.8243,45831.0,0.8242,101298.0,0.8244,48491.0,0.8245,51378.0
1753503808391,04:23:28.391,ADA/USDT:USDT,0.8243,45831.0,0.8242,101298.0,0.8244,48491.0,0.8245,51378.0
1753503808391,04:23:28.391,ADA/USDT:USDT,0.8243,45831.0,0.8242,101298.0,0.8244,48491.0,0.8245,51378.0
1753503808541,04:23:28.541,ADA/USDT:USDT,0.8243,45831.0,0.8242,101298.0,0.8244,48491.0,0.8245,51378.0
