timestamp,time,symbol,bid1_price,bid1_volume,bid2_price,bid2_volume,ask1_price,ask1_volume,ask2_price,ask2_volume
1753504005197,04:26:45.197,ALGO/USDT:USDT,0.2692,20329.8,0.2691,119599.7,0.2693,44252.3,0.2694,121140.2
1753504005897,04:26:45.897,ALGO/USDT:USDT,0.2692,20329.8,0.2691,119599.7,0.2693,44252.3,0.2694,121140.2
1753504005997,04:26:45.997,ALGO/USDT:USDT,0.2692,20329.8,0.2691,119599.7,0.2693,43618.9,0.2694,121140.2
1753504006097,04:26:46.097,ALGO/USDT:USDT,0.2692,20329.8,0.2691,119599.7,0.2693,43614.0,0.2694,121140.2
1753504006397,04:26:46.397,ALGO/USDT:USDT,0.2692,20329.8,0.2691,119599.7,0.2693,44247.4,0.2694,121140.2
1753504006598,04:26:46.598,ALGO/USDT:USDT,0.2692,20329.8,0.2691,119599.7,0.2693,43614.0,0.2694,121140.2
1753504006697,04:26:46.697,ALGO/USDT:USDT,0.2692,20329.8,0.2691,119599.7,0.2693,43614.0,0.2694,121140.2
1753504006797,04:26:46.797,ALGO/USDT:USDT,0.2692,20329.8,0.2691,119599.7,0.2693,43614.0,0.2694,121140.2
1753504006896,04:26:46.896,ALGO/USDT:USDT,0.2692,20329.8,0.2691,119599.7,0.2693,42986.9,0.2694,121140.2
1753504007397,04:26:47.397,ALGO/USDT:USDT,0.2692,20329.8,0.2691,119525.4,0.2693,44247.4,0.2694,121140.2
1753504007697,04:26:47.697,ALGO/USDT:USDT,0.2692,20329.8,0.2691,119599.7,0.2693,44247.9,0.2694,121140.2
1753504008397,04:26:48.397,ALGO/USDT:USDT,0.2692,20329.8,0.2691,119599.7,0.2693,44247.9,0.2694,121140.2
1753504008497,04:26:48.497,ALGO/USDT:USDT,0.2692,20329.8,0.2691,119525.4,0.2693,44248.0,0.2694,121140.2
1753504008597,04:26:48.597,ALGO/USDT:USDT,0.2692,1765.1,0.2691,116465.5,0.2693,44990.8,0.2694,138318.9
1753504008697,04:26:48.697,ALGO/USDT:USDT,0.2692,1765.1,0.2691,116465.5,0.2693,44990.8,0.2694,138318.9
1753504008797,04:26:48.797,ALGO/USDT:USDT,0.2692,1765.1,0.2691,116465.5,0.2693,44990.8,0.2694,138318.9
1753504008897,04:26:48.897,ALGO/USDT:USDT,0.2692,1727.9,0.2691,116465.5,0.2693,44990.8,0.2694,138318.9
1753504008997,04:26:48.997,ALGO/USDT:USDT,0.2692,1727.9,0.2691,116465.5,0.2693,45065.1,0.2694,138318.9
1753504009096,04:26:49.096,ALGO/USDT:USDT,0.2692,1727.9,0.2691,116465.5,0.2693,61065.1,0.2694,138318.9
1753504009497,04:26:49.497,ALGO/USDT:USDT,0.2692,1727.9,0.2691,116465.5,0.2693,61065.1,0.2694,138318.9
1753504009597,04:26:49.597,ALGO/USDT:USDT,0.2692,1727.9,0.2691,116465.5,0.2693,60990.8,0.2694,138318.9
1753504009997,04:26:49.997,ALGO/USDT:USDT,0.2692,1727.9,0.2691,116465.5,0.2693,61065.1,0.2694,138318.9
1753504010100,04:26:50.100,ALGO/USDT:USDT,0.2692,1727.9,0.2691,116465.5,0.2693,60990.8,0.2694,138318.9
1753504010297,04:26:50.297,ALGO/USDT:USDT,0.2692,1727.9,0.2691,116465.5,0.2693,61035.9,0.2694,138318.9
1753504010397,04:26:50.397,ALGO/USDT:USDT,0.2692,1727.9,0.2691,116465.5,0.2693,61035.9,0.2694,138318.9
1753504010997,04:26:50.997,ALGO/USDT:USDT,0.2692,1727.9,0.2691,116465.5,0.2693,61035.9,0.2694,138318.9
1753504011096,04:26:51.096,ALGO/USDT:USDT,0.2692,1727.9,0.2691,116465.5,0.2693,61111.8,0.2694,138318.9
1753504011197,04:26:51.197,ALGO/USDT:USDT,0.2692,1727.9,0.2691,116465.5,0.2693,61111.8,0.2694,138318.9
1753504011697,04:26:51.697,ALGO/USDT:USDT,0.2692,1727.9,0.2691,117854.0,0.2693,59851.3,0.2694,138318.9
1753504011897,04:26:51.897,ALGO/USDT:USDT,0.2692,8784.2,0.2691,117854.0,0.2693,59851.3,0.2694,138318.9
1753504011997,04:26:51.997,ALGO/USDT:USDT,0.2691,56625.4,0.269,141268.3,0.2692,10975.8,0.2693,95956.7
1753504012097,04:26:52.097,ALGO/USDT:USDT,0.2691,66879.7,0.269,152741.6,0.2692,10975.8,0.2693,105701.1
1753504012197,04:26:52.197,ALGO/USDT:USDT,0.2691,56059.9,0.269,139243.3,0.2692,10975.8,0.2693,105701.1
1753504012297,04:26:52.297,ALGO/USDT:USDT,0.2691,37995.3,0.269,139243.3,0.2692,13249.0,0.2693,105756.9
1753504012397,04:26:52.397,ALGO/USDT:USDT,0.2691,37995.3,0.269,139243.3,0.2692,11726.6,0.2693,105756.9
1753504012497,04:26:52.497,ALGO/USDT:USDT,0.2691,37995.3,0.269,139243.3,0.2692,10975.8,0.2693,105756.9
1753504012696,04:26:52.696,ALGO/USDT:USDT,0.2691,37995.3,0.269,139243.3,0.2692,10975.8,0.2693,105756.9
1753504012797,04:26:52.797,ALGO/USDT:USDT,0.2691,37995.3,0.269,139243.3,0.2692,10975.8,0.2693,105756.9
1753504012997,04:26:52.997,ALGO/USDT:USDT,0.2691,46622.4,0.269,132433.4,0.2692,10975.8,0.2693,105756.9
1753504013096,04:26:53.096,ALGO/USDT:USDT,0.2691,46622.4,0.269,132433.4,0.2692,10975.8,0.2693,105756.9
1753504013197,04:26:53.197,ALGO/USDT:USDT,0.2691,46622.4,0.269,132433.4,0.2692,10975.8,0.2693,105756.9
1753504013297,04:26:53.297,ALGO/USDT:USDT,0.2691,38622.4,0.269,132433.4,0.2692,10975.8,0.2693,105756.9
1753504013397,04:26:53.397,ALGO/USDT:USDT,0.2691,37995.3,0.269,132433.4,0.2692,13255.0,0.2693,105831.3
1753504013497,04:26:53.497,ALGO/USDT:USDT,0.2691,37995.3,0.269,132433.4,0.2692,13255.0,0.2693,105756.9
1753504013796,04:26:53.796,ALGO/USDT:USDT,0.2691,38622.4,0.269,132433.4,0.2692,10975.8,0.2693,105756.9
1753504013997,04:26:53.997,ALGO/USDT:USDT,0.2691,54622.4,0.269,132433.4,0.2692,12433.1,0.2693,105756.9
1753504014196,04:26:54.196,ALGO/USDT:USDT,0.2691,54622.4,0.269,132433.4,0.2692,12433.1,0.2693,105756.9
1753504014297,04:26:54.297,ALGO/USDT:USDT,0.2691,54622.4,0.269,132433.4,0.2692,10975.8,0.2693,105756.9
1753504014397,04:26:54.397,ALGO/USDT:USDT,0.2691,54622.4,0.269,132433.4,0.2692,10975.8,0.2693,105756.9
1753504014496,04:26:54.496,ALGO/USDT:USDT,0.2691,54622.4,0.269,132433.4,0.2692,10975.8,0.2693,105756.9
1753504014598,04:26:54.598,ALGO/USDT:USDT,0.2691,54622.4,0.269,132433.4,0.2692,10975.8,0.2693,105756.9
1753504014697,04:26:54.697,ALGO/USDT:USDT,0.2691,54622.4,0.269,132433.4,0.2692,10975.8,0.2693,104750.0
1753504014798,04:26:54.798,ALGO/USDT:USDT,0.2691,54622.4,0.269,132433.4,0.2692,12011.5,0.2693,104750.0
1753504014896,04:26:54.896,ALGO/USDT:USDT,0.2691,54622.4,0.269,132433.4,0.2692,12011.5,0.2693,104750.0
1753504014997,04:26:54.997,ALGO/USDT:USDT,0.2691,54622.4,0.269,132433.4,0.2692,12011.5,0.2693,104750.0
1753504015097,04:26:55.097,ALGO/USDT:USDT,0.2691,54622.4,0.269,132433.4,0.2692,12011.5,0.2693,104750.0
1753504015497,04:26:55.497,ALGO/USDT:USDT,0.2691,53995.3,0.269,132433.4,0.2692,12118.2,0.2693,104646.6
1753504016197,04:26:56.197,ALGO/USDT:USDT,0.2691,53151.4,0.269,133898.2,0.2692,12118.2,0.2693,104646.6
1753504017097,04:26:57.097,ALGO/USDT:USDT,0.2691,53151.4,0.269,133898.2,0.2692,12118.2,0.2693,104646.6
1753504017197,04:26:57.197,ALGO/USDT:USDT,0.2691,53151.4,0.269,133898.2,0.2692,12118.2,0.2693,104646.6
1753504017297,04:26:57.297,ALGO/USDT:USDT,0.2691,53151.4,0.269,133898.2,0.2692,12118.2,0.2693,104646.6
1753504017396,04:26:57.396,ALGO/USDT:USDT,0.2691,49389.4,0.269,141924.6,0.2692,12118.2,0.2693,104646.6
1753504017497,04:26:57.497,ALGO/USDT:USDT,0.2691,49389.4,0.269,141924.6,0.2692,12118.2,0.2693,104646.6
1753504017796,04:26:57.796,ALGO/USDT:USDT,0.2691,49389.4,0.269,141924.6,0.2692,2306.6,0.2693,89646.6
1753504017897,04:26:57.897,ALGO/USDT:USDT,0.2691,49389.4,0.269,141924.6,0.2692,2306.6,0.2693,86586.7
1753504017997,04:26:57.997,ALGO/USDT:USDT,0.2692,46334.0,0.2691,134233.1,0.2693,51997.2,0.2694,134047.1
1753504018100,04:26:58.100,ALGO/USDT:USDT,0.2692,47134.0,0.2691,130747.2,0.2693,46385.4,0.2694,132191.4
1753504018397,04:26:58.397,ALGO/USDT:USDT,0.2692,46334.0,0.2691,130747.2,0.2693,46385.4,0.2694,132191.4
1753504018597,04:26:58.597,ALGO/USDT:USDT,0.2692,46334.0,0.2691,130747.2,0.2693,46385.4,0.2694,132191.4
1753504018697,04:26:58.697,ALGO/USDT:USDT,0.2692,47134.0,0.2691,130747.2,0.2693,46385.4,0.2694,132191.4
1753504018896,04:26:58.896,ALGO/USDT:USDT,0.2692,47134.0,0.2691,130747.2,0.2693,46385.4,0.2694,132191.4
1753504018997,04:26:58.997,ALGO/USDT:USDT,0.2692,53134.0,0.2691,130747.2,0.2693,46385.4,0.2694,132191.4
1753504019097,04:26:59.097,ALGO/USDT:USDT,0.2692,47134.0,0.2691,130522.9,0.2693,46385.4,0.2694,132191.4
1753504019196,04:26:59.196,ALGO/USDT:USDT,0.2692,47134.0,0.2691,130522.9,0.2693,39039.6,0.2694,132191.4
1753504019298,04:26:59.298,ALGO/USDT:USDT,0.2692,47134.0,0.2691,130522.9,0.2693,39045.6,0.2694,132117.1
1753504019396,04:26:59.396,ALGO/USDT:USDT,0.2692,47134.0,0.2691,130522.9,0.2693,34811.1,0.2694,136349.9
1753504019597,04:26:59.597,ALGO/USDT:USDT,0.2692,47134.0,0.2691,130522.9,0.2693,34811.1,0.2694,136424.2
1753504019997,04:26:59.997,ALGO/USDT:USDT,0.2692,54134.0,0.2691,130522.9,0.2693,34811.1,0.2694,136424.2
1753504020196,04:27:00.196,ALGO/USDT:USDT,0.2692,47134.0,0.2691,130522.9,0.2693,34811.1,0.2694,136424.2
1753504020397,04:27:00.397,ALGO/USDT:USDT,0.2692,47476.7,0.2691,130522.9,0.2693,34731.2,0.2694,136349.9
1753504020497,04:27:00.497,ALGO/USDT:USDT,0.2692,47476.7,0.2691,130522.9,0.2693,34731.2,0.2694,136424.2
1753504020797,04:27:00.797,ALGO/USDT:USDT,0.2692,47476.7,0.2691,130522.9,0.2693,34731.2,0.2694,136424.2
1753504020898,04:27:00.898,ALGO/USDT:USDT,0.2692,47488.6,0.2691,130522.9,0.2693,34731.2,0.2694,136424.2
1753504020996,04:27:00.996,ALGO/USDT:USDT,0.2692,47488.6,0.2691,127463.0,0.2693,35364.6,0.2694,136424.2
1753504021097,04:27:01.097,ALGO/USDT:USDT,0.2692,47451.4,0.2691,127463.0,0.2693,35991.7,0.2694,136424.2
1753504021196,04:27:01.196,ALGO/USDT:USDT,0.2692,47451.4,0.2691,127463.0,0.2693,35991.7,0.2694,136424.2
1753504021396,04:27:01.396,ALGO/USDT:USDT,0.2692,47451.4,0.2691,127463.0,0.2693,34731.2,0.2694,136424.2
1753504021597,04:27:01.597,ALGO/USDT:USDT,0.2692,47451.4,0.2691,127557.6,0.2693,34731.2,0.2694,136424.2
1753504021697,04:27:01.697,ALGO/USDT:USDT,0.2692,47451.4,0.2691,127557.6,0.2693,34731.2,0.2694,136424.2
1753504021797,04:27:01.797,ALGO/USDT:USDT,0.2692,47451.4,0.2691,127557.6,0.2693,34731.2,0.2694,136424.2
1753504021898,04:27:01.898,ALGO/USDT:USDT,0.2692,61451.4,0.2691,127557.6,0.2693,34731.2,0.2694,136349.9
1753504021997,04:27:01.997,ALGO/USDT:USDT,0.2692,61451.4,0.2691,127557.6,0.2693,34731.2,0.2694,136424.2
1753504022100,04:27:02.100,ALGO/USDT:USDT,0.2692,61451.4,0.2691,127557.6,0.2693,34731.2,0.2694,136424.2
1753504022197,04:27:02.197,ALGO/USDT:USDT,0.2692,61451.4,0.2691,127557.6,0.2693,34731.2,0.2694,136424.2
1753504022298,04:27:02.298,ALGO/USDT:USDT,0.2692,61451.4,0.2691,130617.5,0.2693,34731.2,0.2694,136424.2
1753504022497,04:27:02.497,ALGO/USDT:USDT,0.2692,47451.4,0.2691,139321.1,0.2693,34731.2,0.2694,136424.2
1753504022597,04:27:02.597,ALGO/USDT:USDT,0.2693,43804.9,0.2692,134399.7,0.2694,21299.0,0.2695,82329.8
1753504022696,04:27:02.696,ALGO/USDT:USDT,0.2693,54038.3,0.2692,146275.4,0.2694,10348.4,0.2695,82329.8
1753504022796,04:27:02.796,ALGO/USDT:USDT,0.2693,54112.6,0.2692,146275.4,0.2694,9948.4,0.2695,85760.9
1753504022897,04:27:02.897,ALGO/USDT:USDT,0.2693,70112.6,0.2692,146275.4,0.2694,9948.4,0.2695,81529.8
1753504022997,04:27:02.997,ALGO/USDT:USDT,0.2693,70369.6,0.2692,146275.4,0.2694,9948.4,0.2695,81529.8
1753504023097,04:27:03.097,ALGO/USDT:USDT,0.2694,27554.2,0.2693,115334.3,0.2695,45895.6,0.2696,123257.7
1753504023197,04:27:03.197,ALGO/USDT:USDT,0.2694,28354.2,0.2693,132316.3,0.2695,41628.2,0.2696,123257.7
1753504023297,04:27:03.297,ALGO/USDT:USDT,0.2694,28354.2,0.2693,123902.7,0.2695,41628.2,0.2696,123257.7
1753504023497,04:27:03.497,ALGO/USDT:USDT,0.2694,28981.3,0.2693,123902.7,0.2695,41628.2,0.2696,123257.4
1753504023597,04:27:03.597,ALGO/USDT:USDT,0.2694,28981.3,0.2693,123902.7,0.2695,35048.2,0.2696,123257.4
1753504023698,04:27:03.698,ALGO/USDT:USDT,0.2694,28981.3,0.2693,124032.8,0.2695,26158.8,0.2696,121065.0
1753504023796,04:27:03.796,ALGO/USDT:USDT,0.2694,28981.3,0.2693,124032.8,0.2695,26158.8,0.2696,121065.0
1753504023897,04:27:03.897,ALGO/USDT:USDT,0.2694,44981.3,0.2693,124032.8,0.2695,23651.3,0.2696,121065.0
1753504023997,04:27:03.997,ALGO/USDT:USDT,0.2694,44981.3,0.2693,124032.8,0.2695,23651.3,0.2696,121065.0
1753504024097,04:27:04.097,ALGO/USDT:USDT,0.2694,44981.3,0.2693,124032.8,0.2695,13839.7,0.2696,121065.0
1753504024197,04:27:04.197,ALGO/USDT:USDT,0.2694,44981.3,0.2693,124032.8,0.2695,13839.7,0.2696,121065.0
1753504024297,04:27:04.297,ALGO/USDT:USDT,0.2694,44981.3,0.2693,124032.8,0.2695,13839.7,0.2696,121065.0
1753504024396,04:27:04.396,ALGO/USDT:USDT,0.2694,44981.3,0.2693,124032.8,0.2695,13839.7,0.2696,121065.0
1753504024597,04:27:04.597,ALGO/USDT:USDT,0.2694,44981.3,0.2693,124032.8,0.2695,23651.3,0.2696,121065.0
1753504024697,04:27:04.697,ALGO/USDT:USDT,0.2694,44981.3,0.2693,124032.8,0.2695,23651.3,0.2696,121065.0
1753504025197,04:27:05.197,ALGO/USDT:USDT,0.2694,44981.3,0.2693,125566.1,0.2695,23651.3,0.2696,121065.0
1753504025297,04:27:05.297,ALGO/USDT:USDT,0.2694,44981.3,0.2693,125566.1,0.2695,23651.3,0.2696,121065.0
1753504025397,04:27:05.397,ALGO/USDT:USDT,0.2694,44981.3,0.2693,125566.1,0.2695,23651.3,0.2696,121065.0
1753504025598,04:27:05.598,ALGO/USDT:USDT,0.2694,44981.3,0.2693,125566.1,0.2695,23651.3,0.2696,139965.0
1753504025697,04:27:05.697,ALGO/USDT:USDT,0.2694,28981.3,0.2693,125566.1,0.2695,23651.3,0.2696,139965.0
1753504025797,04:27:05.797,ALGO/USDT:USDT,0.2694,28981.3,0.2693,129397.5,0.2695,23651.3,0.2696,143022.9
1753504025897,04:27:05.897,ALGO/USDT:USDT,0.2694,39981.3,0.2693,129397.5,0.2695,23651.3,0.2696,143022.9
1753504025997,04:27:05.997,ALGO/USDT:USDT,0.2694,39981.3,0.2693,129397.5,0.2695,23651.3,0.2696,143022.9
1753504026297,04:27:06.297,ALGO/USDT:USDT,0.2694,39981.3,0.2693,129397.5,0.2695,23651.3,0.2696,143022.9
1753504026396,04:27:06.396,ALGO/USDT:USDT,0.2694,39981.3,0.2693,129397.5,0.2695,23651.3,0.2696,143022.9
1753504026797,04:27:06.797,ALGO/USDT:USDT,0.2694,39981.3,0.2693,129397.5,0.2695,23651.3,0.2696,143022.9
1753504026897,04:27:06.897,ALGO/USDT:USDT,0.2694,44993.3,0.2693,129397.5,0.2695,23651.3,0.2696,143022.9
1753504026997,04:27:06.997,ALGO/USDT:USDT,0.2694,44993.3,0.2693,129397.5,0.2695,23651.3,0.2696,143022.9
1753504027196,04:27:07.196,ALGO/USDT:USDT,0.2694,44993.3,0.2693,129397.5,0.2695,23651.3,0.2696,143022.9
1753504027297,04:27:07.297,ALGO/USDT:USDT,0.2694,45335.9,0.2693,129397.5,0.2695,23651.3,0.2696,143022.9
1753504027597,04:27:07.597,ALGO/USDT:USDT,0.2694,45335.9,0.2693,129397.5,0.2695,23651.3,0.2696,143022.9
1753504027697,04:27:07.697,ALGO/USDT:USDT,0.2694,45335.9,0.2693,129397.5,0.2695,23651.3,0.2696,143022.9
1753504027797,04:27:07.797,ALGO/USDT:USDT,0.2694,45335.9,0.2693,129397.5,0.2695,23651.3,0.2696,143022.9
1753504027997,04:27:07.997,ALGO/USDT:USDT,0.2694,45335.9,0.2693,129397.5,0.2695,23651.3,0.2696,143022.9
1753504028096,04:27:08.096,ALGO/USDT:USDT,0.2694,45335.9,0.2693,129397.5,0.2695,23651.3,0.2696,143022.9
1753504028897,04:27:08.897,ALGO/USDT:USDT,0.2694,45335.9,0.2693,129397.5,0.2695,23651.3,0.2696,143022.9
1753504028997,04:27:08.997,ALGO/USDT:USDT,0.2694,45335.9,0.2693,129397.5,0.2695,23651.3,0.2696,143022.9
1753504029097,04:27:09.097,ALGO/USDT:USDT,0.2694,45335.9,0.2693,129397.5,0.2695,23651.3,0.2696,143022.9
1753504029197,04:27:09.197,ALGO/USDT:USDT,0.2694,45335.9,0.2693,129397.5,0.2695,23651.3,0.2696,143022.9
1753504029296,04:27:09.296,ALGO/USDT:USDT,0.2694,45335.9,0.2693,129397.5,0.2695,23651.3,0.2696,143022.9
1753504029796,04:27:09.796,ALGO/USDT:USDT,0.2694,45335.9,0.2693,129397.5,0.2695,9993.1,0.2696,128990.4
1753504029896,04:27:09.896,ALGO/USDT:USDT,0.2694,45335.9,0.2693,136199.8,0.2695,9993.1,0.2696,128990.4
1753504029998,04:27:09.998,ALGO/USDT:USDT,0.2694,45335.9,0.2693,136199.8,0.2695,9993.1,0.2696,128990.4
1753504030397,04:27:10.397,ALGO/USDT:USDT,0.2694,45257.4,0.2693,136199.8,0.2695,9993.1,0.2696,128990.4
1753504030497,04:27:10.497,ALGO/USDT:USDT,0.2694,45257.4,0.2693,136199.8,0.2695,9993.1,0.2696,128990.4
1753504030597,04:27:10.597,ALGO/USDT:USDT,0.2694,45257.4,0.2693,136199.8,0.2695,9993.1,0.2696,128990.4
1753504030796,04:27:10.796,ALGO/USDT:USDT,0.2694,45257.4,0.2693,136199.8,0.2695,9993.1,0.2696,128990.4
1753504030897,04:27:10.897,ALGO/USDT:USDT,0.2694,45257.4,0.2693,129397.5,0.2695,9993.1,0.2696,128990.4
1753504031096,04:27:11.096,ALGO/USDT:USDT,0.2694,45257.4,0.2693,127482.6,0.2695,9993.1,0.2696,128990.4
1753504031197,04:27:11.197,ALGO/USDT:USDT,0.2694,45253.0,0.2693,127482.6,0.2695,9993.1,0.2696,128990.4
1753504031598,04:27:11.598,ALGO/USDT:USDT,0.2694,45253.0,0.2693,127482.6,0.2695,9993.1,0.2696,128990.4
1753504031697,04:27:11.697,ALGO/USDT:USDT,0.2694,45253.0,0.2693,127482.6,0.2695,9993.1,0.2696,128990.4
1753504031997,04:27:11.997,ALGO/USDT:USDT,0.2694,45253.0,0.2693,127482.6,0.2695,9993.1,0.2696,128990.4
1753504032100,04:27:12.100,ALGO/USDT:USDT,0.2694,45253.0,0.2693,127482.6,0.2695,9993.1,0.2696,128990.4
1753504032197,04:27:12.197,ALGO/USDT:USDT,0.2694,45253.0,0.2693,127482.6,0.2695,9993.1,0.2696,128990.4
1753504032697,04:27:12.697,ALGO/USDT:USDT,0.2694,45253.0,0.2693,127482.6,0.2695,9993.1,0.2696,128990.4
1753504032797,04:27:12.797,ALGO/USDT:USDT,0.2694,45253.0,0.2693,127482.6,0.2695,12279.1,0.2696,132048.3
1753504033497,04:27:13.497,ALGO/USDT:USDT,0.2694,45216.3,0.2693,127482.6,0.2695,12279.1,0.2696,132048.3
1753504033797,04:27:13.797,ALGO/USDT:USDT,0.2694,45216.3,0.2693,127482.6,0.2695,12279.1,0.2696,132048.3
1753504034100,04:27:14.100,ALGO/USDT:USDT,0.2694,45216.3,0.2693,127482.6,0.2695,12279.1,0.2696,132048.3
1753504034197,04:27:14.197,ALGO/USDT:USDT,0.2694,45216.3,0.2693,127482.6,0.2695,12279.1,0.2696,132048.3
1753504034297,04:27:14.297,ALGO/USDT:USDT,0.2694,45216.3,0.2693,127482.6,0.2695,12280.7,0.2696,132048.3
1753504034398,04:27:14.398,ALGO/USDT:USDT,0.2694,44589.2,0.2693,127482.6,0.2695,12280.7,0.2696,132048.3
1753504034497,04:27:14.497,ALGO/USDT:USDT,0.2694,44589.2,0.2693,127482.6,0.2695,12280.7,0.2696,132048.3
1753504034597,04:27:14.597,ALGO/USDT:USDT,0.2694,44589.2,0.2693,127482.6,0.2695,12280.7,0.2696,132048.3
1753504034697,04:27:14.697,ALGO/USDT:USDT,0.2694,44589.2,0.2693,127482.6,0.2695,12280.7,0.2696,132048.3
1753504034796,04:27:14.796,ALGO/USDT:USDT,0.2694,44589.2,0.2693,127482.6,0.2695,12280.7,0.2696,132048.3
1753504034896,04:27:14.896,ALGO/USDT:USDT,0.2694,44589.2,0.2693,127482.6,0.2695,12281.7,0.2696,132048.3
1753504035098,04:27:15.098,ALGO/USDT:USDT,0.2694,45216.3,0.2693,127482.6,0.2695,10907.4,0.2696,132048.3
1753504035397,04:27:15.397,ALGO/USDT:USDT,0.2694,45216.3,0.2693,127482.6,0.2695,10907.4,0.2696,132048.3
1753504035797,04:27:15.797,ALGO/USDT:USDT,0.2694,45216.3,0.2693,127482.6,0.2695,10907.4,0.2696,132048.3
1753504035897,04:27:15.897,ALGO/USDT:USDT,0.2694,44589.2,0.2693,127482.6,0.2695,13193.4,0.2696,132048.3
1753504035996,04:27:15.996,ALGO/USDT:USDT,0.2694,45216.3,0.2693,127482.6,0.2695,13193.4,0.2696,132048.3
1753504036397,04:27:16.397,ALGO/USDT:USDT,0.2694,45216.3,0.2693,127482.6,0.2695,13193.4,0.2696,132048.3
1753504036497,04:27:16.497,ALGO/USDT:USDT,0.2694,45216.3,0.2693,127482.6,0.2695,13193.4,0.2696,132048.3
1753504036697,04:27:16.697,ALGO/USDT:USDT,0.2694,45216.3,0.2693,127482.6,0.2695,13193.4,0.2696,132048.3
1753504036797,04:27:16.797,ALGO/USDT:USDT,0.2694,45216.3,0.2693,127482.6,0.2695,13193.4,0.2696,132048.3
1753504036896,04:27:16.896,ALGO/USDT:USDT,0.2694,45217.7,0.2693,127482.6,0.2695,13193.4,0.2696,132048.3
1753504037197,04:27:17.197,ALGO/USDT:USDT,0.2694,45217.7,0.2693,127482.6,0.2695,13193.4,0.2696,132048.3
1753504037297,04:27:17.297,ALGO/USDT:USDT,0.2694,45217.7,0.2693,127482.6,0.2695,13194.0,0.2696,132048.3
1753504037396,04:27:17.396,ALGO/USDT:USDT,0.2694,45217.7,0.2693,126406.2,0.2695,13194.0,0.2696,132048.3
1753504037597,04:27:17.597,ALGO/USDT:USDT,0.2694,45217.7,0.2693,126406.2,0.2695,13194.0,0.2696,132048.3
1753504037697,04:27:17.697,ALGO/USDT:USDT,0.2694,45217.7,0.2693,126406.2,0.2695,13194.0,0.2696,132048.3
1753504037997,04:27:17.997,ALGO/USDT:USDT,0.2694,45217.7,0.2693,126406.2,0.2695,10908.0,0.2696,132048.3
1753504038099,04:27:18.099,ALGO/USDT:USDT,0.2694,45217.7,0.2693,126406.2,0.2695,10933.9,0.2696,132048.3
1753504038496,04:27:18.496,ALGO/USDT:USDT,0.2694,45217.7,0.2693,126406.2,0.2695,10022.2,0.2696,132048.3
1753504038598,04:27:18.598,ALGO/USDT:USDT,0.2694,45217.7,0.2693,126406.2,0.2695,11042.6,0.2696,132048.3
1753504038697,04:27:18.697,ALGO/USDT:USDT,0.2694,45217.7,0.2693,126406.2,0.2695,11041.6,0.2696,132048.3
1753504038797,04:27:18.797,ALGO/USDT:USDT,0.2694,45217.7,0.2693,126406.2,0.2695,11048.2,0.2696,132048.3
1753504038897,04:27:18.897,ALGO/USDT:USDT,0.2694,45217.7,0.2693,126406.2,0.2695,11048.2,0.2696,132048.3
1753504038997,04:27:18.997,ALGO/USDT:USDT,0.2694,44590.6,0.2693,126406.2,0.2695,13334.2,0.2696,132048.3
1753504039097,04:27:19.097,ALGO/USDT:USDT,0.2694,44590.6,0.2693,126406.2,0.2695,13334.2,0.2696,132048.3
1753504039197,04:27:19.197,ALGO/USDT:USDT,0.2694,44590.6,0.2693,126406.2,0.2695,13334.2,0.2696,132048.3
1753504039297,04:27:19.297,ALGO/USDT:USDT,0.2694,45217.7,0.2693,126406.2,0.2695,13334.2,0.2696,132048.3
1753504039497,04:27:19.497,ALGO/USDT:USDT,0.2694,45217.7,0.2693,126406.2,0.2695,13334.2,0.2696,132048.3
1753504039797,04:27:19.797,ALGO/USDT:USDT,0.2694,45217.7,0.2693,126406.2,0.2695,13334.2,0.2696,132048.3
1753504039997,04:27:19.997,ALGO/USDT:USDT,0.2694,45217.7,0.2693,126406.2,0.2695,11048.2,0.2696,132048.3
1753504040197,04:27:20.197,ALGO/USDT:USDT,0.2694,44590.6,0.2693,126406.2,0.2695,13334.2,0.2696,132048.3
1753504040297,04:27:20.297,ALGO/USDT:USDT,0.2694,44590.6,0.2693,125949.3,0.2695,13334.2,0.2696,132048.3
1753504040397,04:27:20.397,ALGO/USDT:USDT,0.2694,44590.6,0.2693,125949.3,0.2695,23779.2,0.2696,132048.3
1753504040496,04:27:20.496,ALGO/USDT:USDT,0.2694,44590.6,0.2693,125949.3,0.2695,23145.8,0.2696,132048.3
1753504040697,04:27:20.697,ALGO/USDT:USDT,0.2694,44590.6,0.2693,125949.3,0.2695,23145.8,0.2696,132048.3
1753504040797,04:27:20.797,ALGO/USDT:USDT,0.2694,44590.6,0.2693,125949.3,0.2695,23145.8,0.2696,132048.3
1753504040997,04:27:20.997,ALGO/USDT:USDT,0.2694,45217.7,0.2693,125949.3,0.2695,23145.8,0.2696,132048.3
1753504041097,04:27:21.097,ALGO/USDT:USDT,0.2694,45217.7,0.2693,125949.3,0.2695,23145.8,0.2696,132048.3
1753504041197,04:27:21.197,ALGO/USDT:USDT,0.2694,45217.7,0.2693,125949.3,0.2695,23145.8,0.2696,132048.3
1753504041297,04:27:21.297,ALGO/USDT:USDT,0.2694,45217.7,0.2693,125949.3,0.2695,23145.8,0.2696,132048.3
1753504041397,04:27:21.397,ALGO/USDT:USDT,0.2694,45217.7,0.2693,125949.3,0.2695,23145.8,0.2696,132048.3
1753504041498,04:27:21.498,ALGO/USDT:USDT,0.2694,45217.7,0.2693,125949.3,0.2695,13334.2,0.2696,132048.3
1753504041597,04:27:21.597,ALGO/USDT:USDT,0.2694,45217.7,0.2693,125949.3,0.2695,13334.2,0.2696,132048.3
1753504041797,04:27:21.797,ALGO/USDT:USDT,0.2694,45217.7,0.2693,124032.8,0.2695,13334.2,0.2696,132048.3
1753504042100,04:27:22.100,ALGO/USDT:USDT,0.2694,45217.7,0.2693,124032.8,0.2695,13334.2,0.2696,133902.5
1753504042197,04:27:22.197,ALGO/USDT:USDT,0.2694,45217.7,0.2693,124032.8,0.2695,13337.5,0.2696,133902.5
1753504042497,04:27:22.497,ALGO/USDT:USDT,0.2694,45217.7,0.2693,124032.8,0.2695,13337.5,0.2696,133902.5
1753504042598,04:27:22.598,ALGO/USDT:USDT,0.2694,45217.7,0.2693,124032.8,0.2695,13337.5,0.2696,133902.5
1753504042696,04:27:22.696,ALGO/USDT:USDT,0.2694,45217.7,0.2693,124032.8,0.2695,13337.5,0.2696,133902.5
1753504042797,04:27:22.797,ALGO/USDT:USDT,0.2694,45217.7,0.2693,124032.8,0.2695,11051.5,0.2696,133902.5
1753504042996,04:27:22.996,ALGO/USDT:USDT,0.2694,45217.7,0.2693,124032.8,0.2695,11051.5,0.2696,133902.5
1753504043197,04:27:23.197,ALGO/USDT:USDT,0.2694,45217.7,0.2693,124032.8,0.2695,10219.0,0.2696,133902.5
1753504043297,04:27:23.297,ALGO/USDT:USDT,0.2694,45217.7,0.2693,124032.8,0.2695,10219.0,0.2696,133902.5
1753504043397,04:27:23.397,ALGO/USDT:USDT,0.2694,45217.7,0.2693,124032.8,0.2695,10219.0,0.2696,133902.5
1753504043496,04:27:23.496,ALGO/USDT:USDT,0.2694,45217.7,0.2693,124032.8,0.2695,7588.4,0.2696,133902.5
1753504043597,04:27:23.597,ALGO/USDT:USDT,0.2694,45217.7,0.2693,124032.8,0.2695,7588.4,0.2696,133902.5
1753504043697,04:27:23.697,ALGO/USDT:USDT,0.2694,45217.7,0.2693,124032.8,0.2695,7588.4,0.2696,133902.5
1753504043797,04:27:23.797,ALGO/USDT:USDT,0.2694,45217.7,0.2693,124032.8,0.2695,7588.4,0.2696,133902.5
1753504044100,04:27:24.100,ALGO/USDT:USDT,0.2694,45217.7,0.2693,124032.8,0.2695,7588.4,0.2696,133902.5
1753504044397,04:27:24.397,ALGO/USDT:USDT,0.2694,45357.7,0.2693,124032.8,0.2695,7588.4,0.2696,133902.5
1753504044497,04:27:24.497,ALGO/USDT:USDT,0.2694,45357.7,0.2693,124032.8,0.2695,7588.4,0.2696,133902.5
1753504044597,04:27:24.597,ALGO/USDT:USDT,0.2694,45620.4,0.2693,124032.8,0.2695,7588.4,0.2696,133902.5
1753504044797,04:27:24.797,ALGO/USDT:USDT,0.2694,44993.3,0.2693,124032.8,0.2695,9879.4,0.2696,133902.5
1753504044897,04:27:24.897,ALGO/USDT:USDT,0.2694,45620.4,0.2693,124032.8,0.2695,9879.4,0.2696,133902.5
1753504045197,04:27:25.197,ALGO/USDT:USDT,0.2694,45620.4,0.2693,124032.8,0.2695,9879.4,0.2696,133902.5
1753504045497,04:27:25.497,ALGO/USDT:USDT,0.2694,45620.4,0.2693,124032.8,0.2695,9879.4,0.2696,133902.5
1753504045597,04:27:25.597,ALGO/USDT:USDT,0.2694,45620.4,0.2693,124032.8,0.2695,9879.4,0.2696,133902.5
1753504045697,04:27:25.697,ALGO/USDT:USDT,0.2694,45620.4,0.2693,124032.8,0.2695,9879.4,0.2696,133902.5
1753504045797,04:27:25.797,ALGO/USDT:USDT,0.2694,45620.4,0.2693,124032.8,0.2695,9879.4,0.2696,133902.5
1753504045897,04:27:25.897,ALGO/USDT:USDT,0.2694,45620.4,0.2693,124032.8,0.2695,9879.4,0.2696,133902.5
1753504045997,04:27:25.997,ALGO/USDT:USDT,0.2694,45620.4,0.2693,124032.8,0.2695,11158.8,0.2696,133902.5
1753504046099,04:27:26.099,ALGO/USDT:USDT,0.2694,39993.3,0.2693,124032.8,0.2695,11361.1,0.2696,133902.5
1753504046196,04:27:26.196,ALGO/USDT:USDT,0.2694,28993.3,0.2693,120899.7,0.2695,20331.3,0.2696,133902.5
1753504046297,04:27:26.297,ALGO/USDT:USDT,0.2694,28993.3,0.2693,120974.0,0.2695,20331.3,0.2696,133902.5
1753504046396,04:27:26.396,ALGO/USDT:USDT,0.2694,28993.3,0.2693,120974.0,0.2695,20331.3,0.2696,133902.5
1753504046497,04:27:26.497,ALGO/USDT:USDT,0.2694,28993.3,0.2693,120974.0,0.2695,19697.9,0.2696,133902.5
1753504046597,04:27:26.597,ALGO/USDT:USDT,0.2694,28993.3,0.2693,120974.0,0.2695,21131.3,0.2696,133902.5
1753504046697,04:27:26.697,ALGO/USDT:USDT,0.2694,42993.3,0.2693,120974.0,0.2695,21131.3,0.2696,133902.5
1753504046897,04:27:26.897,ALGO/USDT:USDT,0.2694,42979.9,0.2693,120974.0,0.2695,21131.3,0.2696,133902.5
1753504046997,04:27:26.997,ALGO/USDT:USDT,0.2694,28881.1,0.2693,120974.0,0.2695,21131.3,0.2696,133902.5
1753504047097,04:27:27.097,ALGO/USDT:USDT,0.2694,28881.1,0.2693,120974.0,0.2695,21131.3,0.2696,133902.5
1753504047197,04:27:27.197,ALGO/USDT:USDT,0.2694,28881.1,0.2693,120974.0,0.2695,20497.9,0.2696,133902.5
1753504047296,04:27:27.296,ALGO/USDT:USDT,0.2694,28881.1,0.2693,120974.0,0.2695,20497.9,0.2696,133902.5
1753504047397,04:27:27.397,ALGO/USDT:USDT,0.2694,28881.1,0.2693,120974.0,0.2695,21131.3,0.2696,133902.5
1753504047697,04:27:27.697,ALGO/USDT:USDT,0.2694,36881.1,0.2693,124033.1,0.2695,20497.9,0.2696,133902.5
1753504047798,04:27:27.798,ALGO/USDT:USDT,0.2694,36881.1,0.2693,124033.1,0.2695,20497.9,0.2696,133902.5
1753504047897,04:27:27.897,ALGO/USDT:USDT,0.2694,36881.1,0.2693,124033.1,0.2695,20497.9,0.2696,133902.5
1753504047996,04:27:27.996,ALGO/USDT:USDT,0.2694,36881.1,0.2693,124033.1,0.2695,20500.0,0.2696,133902.5
1753504048297,04:27:28.297,ALGO/USDT:USDT,0.2694,36881.1,0.2693,124033.1,0.2695,21133.4,0.2696,133902.5
1753504048396,04:27:28.396,ALGO/USDT:USDT,0.2694,36881.1,0.2693,124033.1,0.2695,20500.0,0.2696,133902.5
1753504048497,04:27:28.497,ALGO/USDT:USDT,0.2694,36881.1,0.2693,124033.1,0.2695,21133.4,0.2696,133902.5
1753504048597,04:27:28.597,ALGO/USDT:USDT,0.2694,41881.1,0.2693,124033.1,0.2695,21133.4,0.2696,133902.5
1753504048697,04:27:28.697,ALGO/USDT:USDT,0.2694,41881.1,0.2693,124033.1,0.2695,20500.0,0.2696,133902.5
1753504048897,04:27:28.897,ALGO/USDT:USDT,0.2694,42508.2,0.2693,124033.1,0.2695,9968.2,0.2696,133902.5
1753504048997,04:27:28.997,ALGO/USDT:USDT,0.2694,42516.4,0.2693,124033.1,0.2695,9968.2,0.2696,133902.5
1753504049097,04:27:29.097,ALGO/USDT:USDT,0.2694,42516.4,0.2693,124033.1,0.2695,8600.6,0.2696,133902.5
1753504049297,04:27:29.297,ALGO/USDT:USDT,0.2694,29516.4,0.2693,124033.1,0.2695,8600.6,0.2696,133902.5
1753504049397,04:27:29.397,ALGO/USDT:USDT,0.2694,29516.4,0.2693,124033.1,0.2695,7597.4,0.2696,133902.5
1753504049497,04:27:29.497,ALGO/USDT:USDT,0.2694,29516.4,0.2693,124033.1,0.2695,7597.4,0.2696,133902.5
1753504049597,04:27:29.597,ALGO/USDT:USDT,0.2694,43516.4,0.2693,124033.1,0.2695,9489.4,0.2696,133902.5
1753504049696,04:27:29.696,ALGO/USDT:USDT,0.2694,43516.4,0.2693,124033.1,0.2695,9489.4,0.2696,133902.5
1753504050099,04:27:30.099,ALGO/USDT:USDT,0.2694,28889.3,0.2693,108033.1,0.2695,19301.0,0.2696,133902.5
1753504050197,04:27:30.197,ALGO/USDT:USDT,0.2694,28889.3,0.2693,108033.1,0.2695,19301.0,0.2696,133902.5
1753504050296,04:27:30.296,ALGO/USDT:USDT,0.2694,28889.3,0.2693,108033.1,0.2695,20734.4,0.2696,133902.5
1753504050397,04:27:30.397,ALGO/USDT:USDT,0.2694,28889.3,0.2693,108033.1,0.2695,20734.3,0.2696,133902.5
1753504050597,04:27:30.597,ALGO/USDT:USDT,0.2694,28889.3,0.2693,108033.1,0.2695,36734.3,0.2696,133902.5
1753504050697,04:27:30.697,ALGO/USDT:USDT,0.2694,28889.3,0.2693,108033.1,0.2695,36734.3,0.2696,133902.5
1753504050796,04:27:30.796,ALGO/USDT:USDT,0.2694,28889.3,0.2693,108033.1,0.2695,36734.3,0.2696,133902.5
1753504050896,04:27:30.896,ALGO/USDT:USDT,0.2694,28889.3,0.2693,108033.1,0.2695,36734.3,0.2696,133902.5
1753504050997,04:27:30.997,ALGO/USDT:USDT,0.2694,28889.3,0.2693,108033.1,0.2695,20734.3,0.2696,133902.5
1753504051297,04:27:31.297,ALGO/USDT:USDT,0.2694,28889.3,0.2693,108033.1,0.2695,20734.3,0.2696,133902.5
1753504051397,04:27:31.397,ALGO/USDT:USDT,0.2694,28889.3,0.2693,108033.1,0.2695,20734.3,0.2696,134776.6
1753504051497,04:27:31.497,ALGO/USDT:USDT,0.2694,28403.6,0.2693,108033.1,0.2695,20734.3,0.2696,134776.6
1753504051598,04:27:31.598,ALGO/USDT:USDT,0.2694,28891.4,0.2693,108033.1,0.2695,36734.3,0.2696,134776.6
1753504051797,04:27:31.797,ALGO/USDT:USDT,0.2694,28891.4,0.2693,108033.1,0.2695,36734.3,0.2696,134776.6
1753504051897,04:27:31.897,ALGO/USDT:USDT,0.2694,28891.4,0.2693,108033.1,0.2695,36734.3,0.2696,138341.9
1753504051997,04:27:31.997,ALGO/USDT:USDT,0.2694,28891.4,0.2693,108033.1,0.2695,36734.3,0.2696,138341.9
1753504052297,04:27:32.297,ALGO/USDT:USDT,0.2694,28891.6,0.2693,108033.1,0.2695,36734.3,0.2696,138341.9
1753504052497,04:27:32.497,ALGO/USDT:USDT,0.2694,28891.6,0.2693,108033.1,0.2695,20734.3,0.2696,138341.9
1753504052597,04:27:32.597,ALGO/USDT:USDT,0.2694,28891.6,0.2693,108033.1,0.2695,34734.3,0.2696,138341.9
1753504052897,04:27:32.897,ALGO/USDT:USDT,0.2694,28891.6,0.2693,108033.1,0.2695,20734.3,0.2696,138341.9
1753504052997,04:27:32.997,ALGO/USDT:USDT,0.2694,28891.6,0.2693,108033.1,0.2695,20734.3,0.2696,138341.9
1753504053097,04:27:33.097,ALGO/USDT:USDT,0.2694,28891.6,0.2693,108033.1,0.2695,20734.3,0.2696,138341.9
1753504053396,04:27:33.396,ALGO/USDT:USDT,0.2694,28891.6,0.2693,108033.1,0.2695,20100.9,0.2696,138341.9
1753504053497,04:27:33.497,ALGO/USDT:USDT,0.2694,28891.6,0.2693,108033.1,0.2695,20734.3,0.2696,138341.9
1753504053597,04:27:33.597,ALGO/USDT:USDT,0.2694,28953.7,0.2693,108033.1,0.2695,20734.3,0.2696,138341.9
1753504053697,04:27:33.697,ALGO/USDT:USDT,0.2694,28953.7,0.2693,108033.1,0.2695,20100.9,0.2696,138341.9
1753504053797,04:27:33.797,ALGO/USDT:USDT,0.2694,28953.7,0.2693,108033.1,0.2695,20100.9,0.2696,138341.9
1753504054097,04:27:34.097,ALGO/USDT:USDT,0.2694,28953.7,0.2693,108033.1,0.2695,20100.9,0.2696,138341.9
1753504054197,04:27:34.197,ALGO/USDT:USDT,0.2694,28953.7,0.2693,108033.1,0.2695,20100.9,0.2696,138341.9
1753504054297,04:27:34.297,ALGO/USDT:USDT,0.2694,28953.7,0.2693,108033.1,0.2695,20100.9,0.2696,138341.9
1753504054597,04:27:34.597,ALGO/USDT:USDT,0.2694,28953.7,0.2693,108033.1,0.2695,25100.9,0.2696,138341.9
1753504054797,04:27:34.797,ALGO/USDT:USDT,0.2694,28953.7,0.2693,108033.1,0.2695,25100.9,0.2696,138341.9
1753504054897,04:27:34.897,ALGO/USDT:USDT,0.2694,28953.7,0.2693,108033.1,0.2695,20097.7,0.2696,138341.9
1753504054996,04:27:34.996,ALGO/USDT:USDT,0.2694,29597.7,0.2693,108033.1,0.2695,7594.1,0.2696,138341.9
1753504055097,04:27:35.097,ALGO/USDT:USDT,0.2694,29597.7,0.2693,108033.1,0.2695,7594.1,0.2696,138341.9
1753504055197,04:27:35.197,ALGO/USDT:USDT,0.2694,29597.7,0.2693,108033.1,0.2695,7594.1,0.2696,139420.9
1753504055296,04:27:35.296,ALGO/USDT:USDT,0.2694,29597.7,0.2693,108033.1,0.2695,7594.1,0.2696,139420.9
1753504055397,04:27:35.397,ALGO/USDT:USDT,0.2694,29598.2,0.2693,108033.1,0.2695,7594.1,0.2696,139420.9
1753504055597,04:27:35.597,ALGO/USDT:USDT,0.2694,37598.2,0.2693,108033.1,0.2695,8693.1,0.2696,139420.9
1753504055697,04:27:35.697,ALGO/USDT:USDT,0.2694,37598.2,0.2693,108033.1,0.2695,8693.1,0.2696,139420.9
1753504055798,04:27:35.798,ALGO/USDT:USDT,0.2694,37598.2,0.2693,108033.1,0.2695,8693.1,0.2696,139420.9
1753504056197,04:27:36.197,ALGO/USDT:USDT,0.2694,36970.5,0.2693,108033.1,0.2695,8693.1,0.2696,139420.9
1753504056296,04:27:36.296,ALGO/USDT:USDT,0.2694,37597.6,0.2693,108033.1,0.2695,7594.1,0.2696,139420.9
1753504056397,04:27:36.397,ALGO/USDT:USDT,0.2694,37597.6,0.2693,108033.1,0.2695,8600.0,0.2696,139420.9
1753504056597,04:27:36.597,ALGO/USDT:USDT,0.2694,44597.6,0.2693,108033.1,0.2695,9945.0,0.2696,139420.9
1753504056696,04:27:36.696,ALGO/USDT:USDT,0.2694,44597.6,0.2693,108033.1,0.2695,9945.0,0.2696,139420.9
1753504056896,04:27:36.896,ALGO/USDT:USDT,0.2694,44597.6,0.2693,108033.1,0.2695,9945.0,0.2696,139420.9
1753504057297,04:27:37.297,ALGO/USDT:USDT,0.2694,44597.6,0.2693,108033.1,0.2695,9945.0,0.2696,139420.9
1753504057397,04:27:37.397,ALGO/USDT:USDT,0.2694,44597.6,0.2693,108033.1,0.2695,9945.0,0.2696,139420.9
1753504057497,04:27:37.497,ALGO/USDT:USDT,0.2694,44597.6,0.2693,108033.1,0.2695,9945.0,0.2696,139420.9
1753504057598,04:27:37.598,ALGO/USDT:USDT,0.2694,44597.6,0.2693,108033.1,0.2695,9945.0,0.2696,139420.9
1753504057997,04:27:37.997,ALGO/USDT:USDT,0.2694,44597.6,0.2693,108033.1,0.2695,9945.0,0.2696,139420.9
1753504058097,04:27:38.097,ALGO/USDT:USDT,0.2694,44597.6,0.2693,108033.1,0.2695,9945.0,0.2696,139420.9
1753504058397,04:27:38.397,ALGO/USDT:USDT,0.2695,40896.1,0.2694,146850.9,0.2696,32455.5,0.2697,114648.9
1753504058498,04:27:38.498,ALGO/USDT:USDT,0.2695,40896.1,0.2694,138493.1,0.2696,31371.6,0.2697,114648.9
1753504058597,04:27:38.597,ALGO/USDT:USDT,0.2695,40896.1,0.2694,138493.1,0.2696,28351.7,0.2697,114648.9
1753504058997,04:27:38.997,ALGO/USDT:USDT,0.2693,16905.0,0.2692,83704.5,0.2694,41220.1,0.2695,198456.7
1753504059098,04:27:39.098,ALGO/USDT:USDT,0.2693,7093.4,0.2692,83704.5,0.2694,58395.0,0.2695,187223.7
1753504059197,04:27:39.197,ALGO/USDT:USDT,0.2692,24511.9,0.2691,122520.2,0.2693,24969.1,0.2694,159934.3
1753504059298,04:27:39.298,ALGO/USDT:USDT,0.2692,24456.1,0.2691,113155.8,0.2693,25596.2,0.2694,164909.8
1753504059397,04:27:39.397,ALGO/USDT:USDT,0.2692,23656.1,0.2691,113155.8,0.2693,25596.2,0.2694,166536.7
1753504059497,04:27:39.497,ALGO/USDT:USDT,0.2692,39656.1,0.2691,113155.8,0.2693,24559.5,0.2694,166536.7
1753504059597,04:27:39.597,ALGO/USDT:USDT,0.2692,39656.1,0.2691,113155.8,0.2693,14137.5,0.2694,166462.4
1753504059697,04:27:39.697,ALGO/USDT:USDT,0.2692,39656.1,0.2691,113155.8,0.2693,14137.5,0.2694,166462.4
1753504059797,04:27:39.797,ALGO/USDT:USDT,0.2692,39656.1,0.2691,113155.8,0.2693,14137.5,0.2694,166462.4
1753504059898,04:27:39.898,ALGO/USDT:USDT,0.2692,39656.1,0.2691,113155.8,0.2693,14137.5,0.2694,166462.4
1753504059997,04:27:39.997,ALGO/USDT:USDT,0.2692,32851.2,0.2691,113155.8,0.2693,14937.5,0.2694,166462.4
1753504060100,04:27:40.100,ALGO/USDT:USDT,0.2692,32851.2,0.2691,113155.8,0.2693,14937.5,0.2694,166462.4
1753504060197,04:27:40.197,ALGO/USDT:USDT,0.2692,32851.2,0.2691,113230.1,0.2693,14937.5,0.2694,166462.4
1753504060297,04:27:40.297,ALGO/USDT:USDT,0.2692,32851.2,0.2691,113230.1,0.2693,14937.5,0.2694,166462.4
1753504060397,04:27:40.397,ALGO/USDT:USDT,0.2692,33478.3,0.2691,113230.1,0.2693,14137.5,0.2694,140016.3
1753504060496,04:27:40.496,ALGO/USDT:USDT,0.2692,33478.3,0.2691,116336.7,0.2693,4325.9,0.2694,141871.9
1753504060596,04:27:40.596,ALGO/USDT:USDT,0.2692,33478.3,0.2691,116336.7,0.2693,4325.9,0.2694,141871.9
1753504060697,04:27:40.697,ALGO/USDT:USDT,0.2692,33478.3,0.2691,116336.7,0.2693,4325.9,0.2694,141871.9
1753504060797,04:27:40.797,ALGO/USDT:USDT,0.2692,33478.3,0.2691,116336.7,0.2693,4325.9,0.2694,141871.9
1753504060996,04:27:40.996,ALGO/USDT:USDT,0.2692,33478.3,0.2691,116336.7,0.2693,4325.9,0.2694,141871.9
1753504061097,04:27:41.097,ALGO/USDT:USDT,0.2692,32851.2,0.2691,116336.7,0.2693,9811.6,0.2694,141871.9
1753504061197,04:27:41.197,ALGO/USDT:USDT,0.2692,32851.2,0.2691,116336.7,0.2693,9811.6,0.2694,141871.9
1753504061397,04:27:41.397,ALGO/USDT:USDT,0.2692,32851.2,0.2691,116336.7,0.2693,9811.6,0.2694,160771.9
1753504061497,04:27:41.497,ALGO/USDT:USDT,0.2692,33478.3,0.2691,116336.7,0.2693,9811.6,0.2694,160771.9
1753504061597,04:27:41.597,ALGO/USDT:USDT,0.2692,33485.4,0.2691,116336.7,0.2693,9811.6,0.2694,160771.9
1753504061697,04:27:41.697,ALGO/USDT:USDT,0.2692,33611.7,0.2691,116336.7,0.2693,9811.6,0.2694,160771.9
1753504061797,04:27:41.797,ALGO/USDT:USDT,0.2692,33611.7,0.2691,116336.7,0.2693,9811.6,0.2694,160771.9
1753504061997,04:27:41.997,ALGO/USDT:USDT,0.2692,33620.2,0.2691,116336.7,0.2693,9811.6,0.2694,160771.9
1753504062099,04:27:42.099,ALGO/USDT:USDT,0.2692,33620.2,0.2691,116336.7,0.2693,9811.6,0.2694,160771.9
1753504062196,04:27:42.196,ALGO/USDT:USDT,0.2692,33620.2,0.2691,116336.7,0.2693,9811.6,0.2694,160771.9
1753504063196,04:27:43.196,ALGO/USDT:USDT,0.2692,33620.2,0.2691,116336.7,0.2693,9811.6,0.2694,160771.9
1753504063297,04:27:43.297,ALGO/USDT:USDT,0.2692,33620.2,0.2691,116336.7,0.2693,9811.6,0.2694,160771.9
1753504063497,04:27:43.497,ALGO/USDT:USDT,0.2692,33620.2,0.2691,116336.7,0.2693,9811.6,0.2694,160771.9
1753504063596,04:27:43.596,ALGO/USDT:USDT,0.2692,33620.2,0.2691,116336.7,0.2693,9811.6,0.2694,160771.9
1753504063697,04:27:43.697,ALGO/USDT:USDT,0.2692,33620.2,0.2691,116336.7,0.2693,9811.6,0.2694,160771.9
1753504063896,04:27:43.896,ALGO/USDT:USDT,0.2692,33620.2,0.2691,116336.7,0.2693,9811.6,0.2694,160771.9
1753504063997,04:27:43.997,ALGO/USDT:USDT,0.2692,33620.2,0.2691,116336.7,0.2693,9811.6,0.2694,160771.9
1753504064097,04:27:44.097,ALGO/USDT:USDT,0.2692,33620.2,0.2691,116336.7,0.2693,9811.6,0.2694,160771.9
1753504064397,04:27:44.397,ALGO/USDT:USDT,0.2692,32993.1,0.2691,116336.7,0.2693,19760.0,0.2694,165630.5
1753504064496,04:27:44.496,ALGO/USDT:USDT,0.2692,32993.1,0.2691,116336.7,0.2693,19760.0,0.2694,165630.5
1753504064597,04:27:44.597,ALGO/USDT:USDT,0.2692,32993.1,0.2691,116336.7,0.2693,19760.0,0.2694,165630.5
1753504064697,04:27:44.697,ALGO/USDT:USDT,0.2692,32993.1,0.2691,116336.7,0.2693,19760.0,0.2694,165630.5
1753504064898,04:27:44.898,ALGO/USDT:USDT,0.2692,32993.1,0.2691,116336.7,0.2693,19760.0,0.2694,165630.5
1753504064997,04:27:44.997,ALGO/USDT:USDT,0.2692,32993.1,0.2691,116336.7,0.2693,19760.0,0.2694,166937.5
1753504065596,04:27:45.596,ALGO/USDT:USDT,0.2692,32993.1,0.2691,116336.7,0.2693,19760.0,0.2694,166937.5
1753504065697,04:27:45.697,ALGO/USDT:USDT,0.2692,32993.1,0.2691,116336.7,0.2693,19760.0,0.2694,166937.5
1753504065798,04:27:45.798,ALGO/USDT:USDT,0.2692,33620.2,0.2691,116336.7,0.2693,19760.0,0.2694,165630.5
1753504065896,04:27:45.896,ALGO/USDT:USDT,0.2692,33620.2,0.2691,116336.7,0.2693,19760.0,0.2694,165630.5
1753504065996,04:27:45.996,ALGO/USDT:USDT,0.2692,33620.2,0.2691,116336.7,0.2693,19760.0,0.2694,165630.5
1753504066197,04:27:46.197,ALGO/USDT:USDT,0.2692,33628.6,0.2691,116336.7,0.2693,19760.0,0.2694,154754.2
1753504066297,04:27:46.297,ALGO/USDT:USDT,0.2692,33628.6,0.2691,116336.7,0.2693,19760.0,0.2694,154754.2
1753504066596,04:27:46.596,ALGO/USDT:USDT,0.2692,33628.6,0.2691,116336.7,0.2693,19761.6,0.2694,154754.2
1753504066796,04:27:46.796,ALGO/USDT:USDT,0.2692,33628.6,0.2691,116336.7,0.2693,19761.6,0.2694,154754.2
1753504066897,04:27:46.897,ALGO/USDT:USDT,0.2692,33628.6,0.2691,116336.7,0.2693,19761.6,0.2694,154754.2
1753504067597,04:27:47.597,ALGO/USDT:USDT,0.2692,33626.2,0.2691,116336.7,0.2693,19761.6,0.2694,154754.2
1753504067897,04:27:47.897,ALGO/USDT:USDT,0.2692,33626.2,0.2691,116336.7,0.2693,19761.6,0.2694,154754.2
1753504067997,04:27:47.997,ALGO/USDT:USDT,0.2692,33626.2,0.2691,116336.7,0.2693,19761.6,0.2694,154754.2
1753504068098,04:27:48.098,ALGO/USDT:USDT,0.2692,33626.2,0.2691,116336.7,0.2693,19761.6,0.2694,154754.2
1753504068397,04:27:48.397,ALGO/USDT:USDT,0.2692,33627.7,0.2691,116336.7,0.2693,19761.6,0.2694,154754.2
1753504068497,04:27:48.497,ALGO/USDT:USDT,0.2692,33000.6,0.2691,116336.7,0.2693,19761.6,0.2694,154754.2
1753504068597,04:27:48.597,ALGO/USDT:USDT,0.2692,33000.1,0.2691,116336.7,0.2693,19761.6,0.2694,154754.2
1753504068697,04:27:48.697,ALGO/USDT:USDT,0.2692,33000.1,0.2691,116336.7,0.2693,19761.6,0.2694,154754.2
1753504068797,04:27:48.797,ALGO/USDT:USDT,0.2692,33000.1,0.2691,116336.7,0.2693,19761.6,0.2694,154754.2
1753504068896,04:27:48.896,ALGO/USDT:USDT,0.2692,33000.1,0.2691,116336.7,0.2693,30615.6,0.2694,154754.2
1753504068997,04:27:48.997,ALGO/USDT:USDT,0.2692,33000.1,0.2691,116336.7,0.2693,30615.6,0.2694,154754.2
1753504069098,04:27:49.098,ALGO/USDT:USDT,0.2692,7225.7,0.2691,113155.8,0.2693,32676.1,0.2694,154754.2
1753504069197,04:27:49.197,ALGO/USDT:USDT,0.2692,7225.7,0.2691,94176.5,0.2693,44169.4,0.2694,154755.6
1753504069297,04:27:49.297,ALGO/USDT:USDT,0.2692,7225.7,0.2691,94176.5,0.2693,44169.4,0.2694,154755.6
1753504069397,04:27:49.397,ALGO/USDT:USDT,0.2692,7225.7,0.2691,94176.5,0.2693,60169.4,0.2694,154755.6
1753504069597,04:27:49.597,ALGO/USDT:USDT,0.2692,8313.7,0.2691,94176.5,0.2693,60167.8,0.2694,154755.6
1753504069797,04:27:49.797,ALGO/USDT:USDT,0.2692,8313.7,0.2691,94176.5,0.2693,60167.8,0.2694,154755.6
1753504070098,04:27:50.098,ALGO/USDT:USDT,0.2692,8313.7,0.2691,94176.5,0.2693,60167.8,0.2694,154755.6
1753504070297,04:27:50.297,ALGO/USDT:USDT,0.2692,8313.7,0.2691,94176.5,0.2693,60167.8,0.2694,154755.6
1753504070497,04:27:50.497,ALGO/USDT:USDT,0.2692,8313.7,0.2691,94176.5,0.2693,60167.8,0.2694,154755.6
1753504070597,04:27:50.597,ALGO/USDT:USDT,0.2692,8313.7,0.2691,94176.5,0.2693,60167.8,0.2694,154755.6
1753504070697,04:27:50.697,ALGO/USDT:USDT,0.2692,8313.7,0.2691,94176.5,0.2693,59540.7,0.2694,154755.6
1753504070896,04:27:50.896,ALGO/USDT:USDT,0.2692,8313.7,0.2691,94176.5,0.2693,60167.8,0.2694,154755.6
1753504070997,04:27:50.997,ALGO/USDT:USDT,0.2692,9401.7,0.2691,94176.5,0.2693,60167.8,0.2694,154755.6
1753504071097,04:27:51.097,ALGO/USDT:USDT,0.2692,9401.7,0.2691,94176.5,0.2693,60167.8,0.2694,154755.6
1753504071297,04:27:51.297,ALGO/USDT:USDT,0.2692,9401.7,0.2691,94176.5,0.2693,57062.3,0.2694,154755.6
1753504071397,04:27:51.397,ALGO/USDT:USDT,0.2692,9400.2,0.2691,94176.5,0.2693,57985.0,0.2694,154755.6
1753504071497,04:27:51.497,ALGO/USDT:USDT,0.2692,9400.2,0.2691,94176.5,0.2693,57985.0,0.2694,154755.6
1753504072102,04:27:52.102,ALGO/USDT:USDT,0.2692,9400.2,0.2691,94176.5,0.2693,57985.0,0.2694,154755.6
1753504072196,04:27:52.196,ALGO/USDT:USDT,0.2692,9400.2,0.2691,94176.5,0.2693,58080.8,0.2694,154755.6
1753504072296,04:27:52.296,ALGO/USDT:USDT,0.2692,9400.2,0.2691,94176.5,0.2693,58080.8,0.2694,154755.6
1753504072396,04:27:52.396,ALGO/USDT:USDT,0.2692,9400.2,0.2691,94176.5,0.2693,58080.8,0.2694,154755.6
1753504072896,04:27:52.896,ALGO/USDT:USDT,0.2692,9400.2,0.2691,94176.5,0.2693,58080.8,0.2694,154755.6
1753504072997,04:27:52.997,ALGO/USDT:USDT,0.2692,9398.3,0.2691,94176.5,0.2693,58080.8,0.2694,154755.6
1753504073397,04:27:53.397,ALGO/USDT:USDT,0.2692,9398.3,0.2691,94176.5,0.2693,58080.8,0.2694,154755.6
1753504073497,04:27:53.497,ALGO/USDT:USDT,0.2692,9398.3,0.2691,94176.5,0.2693,58080.8,0.2694,154755.6
1753504073597,04:27:53.597,ALGO/USDT:USDT,0.2692,9398.3,0.2691,94176.5,0.2693,58080.8,0.2694,154755.6
1753504073697,04:27:53.697,ALGO/USDT:USDT,0.2691,20143.3,0.269,90144.6,0.2692,67831.9,0.2693,144177.2
1753504073797,04:27:53.797,ALGO/USDT:USDT,0.2691,14143.5,0.269,90144.6,0.2692,67831.9,0.2693,149822.2
1753504073897,04:27:53.897,ALGO/USDT:USDT,0.2691,14143.5,0.269,90144.6,0.2692,67831.9,0.2693,149822.2
1753504073997,04:27:53.997,ALGO/USDT:USDT,0.2691,14143.5,0.269,90144.6,0.2692,67831.9,0.2693,149822.2
1753504074099,04:27:54.099,ALGO/USDT:USDT,0.2691,14143.5,0.269,90144.6,0.2692,67831.9,0.2693,149822.2
1753504074297,04:27:54.297,ALGO/USDT:USDT,0.2691,14143.5,0.269,90144.6,0.2692,51831.9,0.2693,149822.2
1753504074397,04:27:54.397,ALGO/USDT:USDT,0.2691,14143.5,0.269,90144.6,0.2692,51831.9,0.2693,149822.2
1753504074496,04:27:54.496,ALGO/USDT:USDT,0.2691,23955.1,0.269,90144.6,0.2692,51831.9,0.2693,149822.2
1753504074597,04:27:54.597,ALGO/USDT:USDT,0.2691,23955.1,0.269,90144.6,0.2692,51831.9,0.2693,149822.2
1753504074697,04:27:54.697,ALGO/USDT:USDT,0.2691,23955.1,0.269,88575.3,0.2692,51831.9,0.2693,149822.2
1753504074797,04:27:54.797,ALGO/USDT:USDT,0.2691,17147.7,0.269,88575.3,0.2692,51831.9,0.2693,149822.2
1753504074997,04:27:54.997,ALGO/USDT:USDT,0.2691,17147.7,0.269,88575.3,0.2692,51831.9,0.2693,149747.8
1753504075097,04:27:55.097,ALGO/USDT:USDT,0.2691,17147.7,0.269,88575.3,0.2692,51831.9,0.2693,149747.8
1753504075197,04:27:55.197,ALGO/USDT:USDT,0.2691,17147.7,0.269,95117.2,0.2692,51831.9,0.2693,149822.2
1753504075297,04:27:55.297,ALGO/USDT:USDT,0.2691,24147.7,0.269,95117.2,0.2692,51831.9,0.2693,149822.2
1753504075397,04:27:55.397,ALGO/USDT:USDT,0.2691,24147.7,0.269,95117.2,0.2692,51833.8,0.2693,149747.8
1753504075497,04:27:55.497,ALGO/USDT:USDT,0.2691,24147.7,0.269,95117.2,0.2692,51833.8,0.2693,149822.2
1753504075598,04:27:55.598,ALGO/USDT:USDT,0.2691,24149.0,0.269,95117.2,0.2692,51833.8,0.2693,149822.2
1753504075696,04:27:55.696,ALGO/USDT:USDT,0.2691,24149.0,0.269,95117.2,0.2692,51833.8,0.2693,149822.2
1753504075799,04:27:55.799,ALGO/USDT:USDT,0.2691,7337.4,0.269,95117.2,0.2692,51833.8,0.2693,149822.2
1753504075896,04:27:55.896,ALGO/USDT:USDT,0.2691,7337.4,0.269,95117.2,0.2692,51833.8,0.2693,149822.2
1753504075997,04:27:55.997,ALGO/USDT:USDT,0.2691,7337.4,0.269,95117.2,0.2692,59418.6,0.2693,147966.0
1753504076100,04:27:56.100,ALGO/USDT:USDT,0.2691,7337.4,0.269,95117.2,0.2692,62018.5,0.2693,147966.0
1753504076197,04:27:56.197,ALGO/USDT:USDT,0.2691,7337.4,0.269,95117.2,0.2692,62018.5,0.2693,147966.0
1753504076297,04:27:56.297,ALGO/USDT:USDT,0.2691,7337.4,0.269,95117.2,0.2692,67018.5,0.2693,147966.0
1753504076397,04:27:56.397,ALGO/USDT:USDT,0.2691,7336.1,0.269,95117.2,0.2692,67038.1,0.2693,135685.1
1753504076698,04:27:56.698,ALGO/USDT:USDT,0.2691,7337.1,0.269,95117.2,0.2692,68055.0,0.2693,134666.6
1753504076797,04:27:56.797,ALGO/USDT:USDT,0.2691,7337.1,0.269,95117.2,0.2692,68055.0,0.2693,134666.6
1753504076897,04:27:56.897,ALGO/USDT:USDT,0.269,36645.2,0.2689,108037.0,0.2691,47416.2,0.2692,110447.4
1753504076998,04:27:56.998,ALGO/USDT:USDT,0.269,35157.8,0.2689,105091.1,0.2691,47416.2,0.2692,130355.5
1753504077097,04:27:57.097,ALGO/USDT:USDT,0.269,35157.8,0.2689,105091.1,0.2691,47416.2,0.2692,130355.5
1753504077197,04:27:57.197,ALGO/USDT:USDT,0.269,35157.8,0.2689,105091.1,0.2691,47435.7,0.2692,130335.9
1753504077297,04:27:57.297,ALGO/USDT:USDT,0.269,40157.8,0.2689,105091.1,0.2691,40622.0,0.2692,130335.9
1753504077397,04:27:57.397,ALGO/USDT:USDT,0.269,40157.8,0.2689,105091.1,0.2691,40622.0,0.2692,130261.5
1753504077497,04:27:57.497,ALGO/USDT:USDT,0.269,35157.8,0.2689,105091.1,0.2691,40622.0,0.2692,130335.9
1753504077597,04:27:57.597,ALGO/USDT:USDT,0.269,29976.1,0.2689,89869.3,0.2691,46127.6,0.2692,134464.4
1753504077697,04:27:57.697,ALGO/USDT:USDT,0.269,29976.1,0.2689,89869.3,0.2691,46127.6,0.2692,134464.4
1753504077804,04:27:57.804,ALGO/USDT:USDT,0.269,30776.1,0.2689,92974.0,0.2691,45500.5,0.2692,129075.4
1753504077997,04:27:57.997,ALGO/USDT:USDT,0.269,23966.2,0.2689,91404.1,0.2691,45500.5,0.2692,129075.4
1753504078099,04:27:58.099,ALGO/USDT:USDT,0.269,23966.2,0.2689,91404.1,0.2691,44867.1,0.2692,129075.4
1753504078197,04:27:58.197,ALGO/USDT:USDT,0.269,23966.2,0.2689,91404.1,0.2691,44867.1,0.2692,129075.4
1753504078297,04:27:58.297,ALGO/USDT:USDT,0.269,23966.2,0.2689,91404.1,0.2691,44867.1,0.2692,129075.4
1753504078397,04:27:58.397,ALGO/USDT:USDT,0.269,23966.2,0.2689,88299.4,0.2691,46127.6,0.2692,134464.4
1753504078497,04:27:58.497,ALGO/USDT:USDT,0.269,23966.2,0.2689,88299.4,0.2691,46127.6,0.2692,134464.4
1753504078697,04:27:58.697,ALGO/USDT:USDT,0.269,23966.2,0.2689,91404.1,0.2691,44867.1,0.2692,129001.0
1753504078796,04:27:58.796,ALGO/USDT:USDT,0.269,23966.2,0.2689,91404.1,0.2691,44867.1,0.2692,129001.0
1753504078897,04:27:58.897,ALGO/USDT:USDT,0.269,23966.2,0.2689,91404.1,0.2691,44867.1,0.2692,129001.0
1753504078997,04:27:58.997,ALGO/USDT:USDT,0.269,23966.2,0.2689,91404.1,0.2691,44867.1,0.2692,129001.0
1753504079107,04:27:59.107,ALGO/USDT:USDT,0.269,23966.2,0.2689,88299.4,0.2691,47059.0,0.2692,139779.0
1753504079197,04:27:59.197,ALGO/USDT:USDT,0.269,23966.2,0.2689,88299.4,0.2691,47059.0,0.2692,139779.0
1753504079297,04:27:59.297,ALGO/USDT:USDT,0.269,23966.2,0.2689,88299.4,0.2691,55059.0,0.2692,139779.0
1753504079398,04:27:59.398,ALGO/USDT:USDT,0.269,23966.2,0.2689,88373.8,0.2691,40622.0,0.2692,141133.6
1753504079497,04:27:59.497,ALGO/USDT:USDT,0.269,23966.2,0.2689,91478.5,0.2691,44937.5,0.2692,138025.8
1753504079597,04:27:59.597,ALGO/USDT:USDT,0.269,23966.2,0.2689,91478.5,0.2691,44937.5,0.2692,138025.8
1753504079698,04:27:59.698,ALGO/USDT:USDT,0.269,23966.2,0.2689,91478.5,0.2691,40677.1,0.2692,142286.2
1753504079797,04:27:59.797,ALGO/USDT:USDT,0.269,23966.2,0.2689,91478.5,0.2691,40677.1,0.2692,142286.2
1753504079896,04:27:59.896,ALGO/USDT:USDT,0.269,23966.2,0.2689,91478.5,0.2691,40677.1,0.2692,142286.2
1753504079997,04:27:59.997,ALGO/USDT:USDT,0.269,22008.1,0.2689,91478.5,0.2691,40677.1,0.2692,144195.0
1753504080100,04:28:00.100,ALGO/USDT:USDT,0.269,22008.1,0.2689,91478.5,0.2691,41310.5,0.2692,144195.0
1753504080197,04:28:00.197,ALGO/USDT:USDT,0.269,22008.1,0.2689,91404.1,0.2691,41310.5,0.2692,144195.0
1753504080297,04:28:00.297,ALGO/USDT:USDT,0.269,30008.1,0.2689,91478.5,0.2691,41311.5,0.2692,147725.7
1753504080396,04:28:00.396,ALGO/USDT:USDT,0.269,30538.8,0.2689,91478.5,0.2691,41311.5,0.2692,147725.7
1753504080497,04:28:00.497,ALGO/USDT:USDT,0.269,30538.8,0.2689,91478.5,0.2691,41311.5,0.2692,147725.7
1753504080597,04:28:00.597,ALGO/USDT:USDT,0.269,30538.8,0.2689,91478.5,0.2691,41311.5,0.2692,152687.6
1753504080697,04:28:00.697,ALGO/USDT:USDT,0.269,30550.0,0.2689,91478.5,0.2691,41311.5,0.2692,152687.6
1753504080797,04:28:00.797,ALGO/USDT:USDT,0.269,22550.0,0.2689,91404.1,0.2691,41311.5,0.2692,152687.6
1753504080897,04:28:00.897,ALGO/USDT:USDT,0.269,22550.0,0.2689,91478.5,0.2691,41311.5,0.2692,150829.3
1753504080997,04:28:00.997,ALGO/USDT:USDT,0.269,18049.3,0.2689,100255.5,0.2691,32294.1,0.2692,152687.6
1753504081097,04:28:01.097,ALGO/USDT:USDT,0.269,18676.4,0.2689,100255.5,0.2691,32294.1,0.2692,144195.0
1753504081197,04:28:01.197,ALGO/USDT:USDT,0.269,18676.4,0.2689,100255.5,0.2691,32294.1,0.2692,144195.0
1753504081297,04:28:01.297,ALGO/USDT:USDT,0.269,18676.4,0.2689,100255.5,0.2691,32294.1,0.2692,144195.0
1753504081497,04:28:01.497,ALGO/USDT:USDT,0.269,18676.4,0.2689,100538.3,0.2691,32294.1,0.2692,144195.0
1753504081597,04:28:01.597,ALGO/USDT:USDT,0.269,14676.4,0.2689,100538.3,0.2691,32294.1,0.2692,144195.0
