timestamp,time,symbol,bid1_price,bid1_volume,bid2_price,bid2_volume,ask1_price,ask1_volume,ask2_price,ask2_volume
1753504244425,04:30:44.425,ANIME/USDT:USDT,0.01944,223771.0,0.01943,251416.0,0.01949,156529.0,0.0195,227385.0
1753504244629,04:30:44.629,ANIME/USDT:USDT,0.01944,169458.0,0.01943,251416.0,0.01949,196871.0,0.0195,227385.0
1753504244824,04:30:44.824,ANIME/USDT:USDT,0.01944,199584.0,0.01943,251416.0,0.01949,211214.0,0.0195,227385.0
1753504245827,04:30:45.827,ANIME/USDT:USDT,0.01944,118728.0,0.01943,251416.0,0.01949,63481.0,0.0195,227385.0
1753504246627,04:30:46.627,ANIME/USDT:USDT,0.01944,218382.0,0.01943,251416.0,0.01949,131950.0,0.0195,227385.0
1753504246825,04:30:46.825,ANIME/USDT:USDT,0.01944,96255.0,0.01943,251416.0,0.01949,76026.0,0.0195,227385.0
1753504247228,04:30:47.228,ANIME/USDT:USDT,0.01944,177214.0,0.01943,251416.0,0.01949,169864.0,0.0195,227385.0
1753504247426,04:30:47.426,ANIME/USDT:USDT,0.01944,167824.0,0.01943,251416.0,0.01949,137218.0,0.0195,227385.0
1753504247627,04:30:47.627,ANIME/USDT:USDT,0.01944,188865.0,0.01943,251416.0,0.01949,143891.0,0.0195,227385.0
1753504247826,04:30:47.826,ANIME/USDT:USDT,0.01944,152544.0,0.01943,251416.0,0.01949,151469.0,0.0195,227385.0
1753504248227,04:30:48.227,ANIME/USDT:USDT,0.01944,105250.0,0.01943,251416.0,0.01949,87396.0,0.0195,227385.0
1753504248427,04:30:48.427,ANIME/USDT:USDT,0.01943,251416.0,0.01942,215860.0,0.0195,227385.0,0.01951,256753.0
1753504248626,04:30:48.626,ANIME/USDT:USDT,0.01944,185597.0,0.01943,251416.0,0.01949,178569.0,0.0195,227385.0
1753504248827,04:30:48.827,ANIME/USDT:USDT,0.01944,151852.0,0.01943,251416.0,0.01949,232151.0,0.0195,227385.0
1753504249027,04:30:49.027,ANIME/USDT:USDT,0.01944,207754.0,0.01943,251416.0,0.01949,198019.0,0.0195,227385.0
1753504249229,04:30:49.229,ANIME/USDT:USDT,0.01944,72618.0,0.01943,251416.0,0.01949,99550.0,0.0195,227385.0
1753504249427,04:30:49.427,ANIME/USDT:USDT,0.01944,178968.0,0.01943,251416.0,0.01949,183593.0,0.0195,227385.0
1753504249625,04:30:49.625,ANIME/USDT:USDT,0.01944,153801.0,0.01943,251416.0,0.01949,186246.0,0.0195,227385.0
1753504249827,04:30:49.827,ANIME/USDT:USDT,0.01944,168366.0,0.01943,251416.0,0.01949,174907.0,0.0195,227385.0
1753504250027,04:30:50.027,ANIME/USDT:USDT,0.01944,194361.0,0.01943,251416.0,0.01949,199984.0,0.0195,227385.0
1753504250225,04:30:50.225,ANIME/USDT:USDT,0.01944,169692.0,0.01943,251416.0,0.01949,200132.0,0.0195,227385.0
1753504250425,04:30:50.425,ANIME/USDT:USDT,0.01944,175900.0,0.01943,251416.0,0.01949,224659.0,0.0195,227385.0
1753504250628,04:30:50.628,ANIME/USDT:USDT,0.01944,98814.0,0.01943,251416.0,0.01949,101091.0,0.0195,227385.0
1753504250835,04:30:50.835,ANIME/USDT:USDT,0.01944,193077.0,0.01943,251416.0,0.01949,195848.0,0.0195,227385.0
1753504251228,04:30:51.228,ANIME/USDT:USDT,0.01944,195456.0,0.01943,251416.0,0.01949,191786.0,0.0195,227385.0
1753504251625,04:30:51.625,ANIME/USDT:USDT,0.01943,251416.0,0.01942,215860.0,0.0195,227385.0,0.01951,256753.0
1753504251827,04:30:51.827,ANIME/USDT:USDT,0.01944,104482.0,0.01943,251416.0,0.01949,232479.0,0.0195,227385.0
1753504252029,04:30:52.029,ANIME/USDT:USDT,0.01944,104482.0,0.01943,251416.0,0.01949,232479.0,0.0195,227385.0
1753504252227,04:30:52.227,ANIME/USDT:USDT,0.01944,85624.0,0.01943,251416.0,0.01949,229964.0,0.0195,227385.0
1753504252432,04:30:52.432,ANIME/USDT:USDT,0.01944,113055.0,0.01943,251416.0,0.01949,244381.0,0.0195,227385.0
1753504252626,04:30:52.626,ANIME/USDT:USDT,0.01944,42426.0,0.01943,251416.0,0.01949,108363.0,0.0195,227385.0
1753504252825,04:30:52.825,ANIME/USDT:USDT,0.01943,251416.0,0.01942,215860.0,0.0195,227385.0,0.01951,256753.0
1753504253024,04:30:53.024,ANIME/USDT:USDT,0.01944,113327.0,0.01943,251416.0,0.01949,122473.0,0.0195,227385.0
1753504253226,04:30:53.226,ANIME/USDT:USDT,0.01944,113327.0,0.01943,251416.0,0.01949,229040.0,0.0195,227385.0
1753504253627,04:30:53.627,ANIME/USDT:USDT,0.01944,47235.0,0.01943,251416.0,0.01949,221037.0,0.0195,227385.0
1753504254029,04:30:54.029,ANIME/USDT:USDT,0.01944,107471.0,0.01943,251416.0,0.01949,214315.0,0.0195,227385.0
1753504254229,04:30:54.229,ANIME/USDT:USDT,0.01944,94955.0,0.01943,251416.0,0.01949,242073.0,0.0195,227385.0
1753504254627,04:30:54.627,ANIME/USDT:USDT,0.01943,64507.0,0.01941,254137.0,0.01948,87003.0,0.0195,269200.0
1753504254825,04:30:54.825,ANIME/USDT:USDT,0.01943,89195.0,0.01942,159320.0,0.01948,70780.0,0.01949,28271.0
1753504255028,04:30:55.028,ANIME/USDT:USDT,0.01943,69282.0,0.01942,156179.0,0.01948,70780.0,0.01949,28271.0
1753504255028,04:30:55.028,ANIME/USDT:USDT,0.01943,69282.0,0.01942,156179.0,0.01948,65998.0,0.01949,137711.0
1753504255226,04:30:55.226,ANIME/USDT:USDT,0.01943,80017.0,0.01942,161225.0,0.01948,61731.0,0.01949,138276.0
1753504255429,04:30:55.429,ANIME/USDT:USDT,0.01943,109248.0,0.01942,128218.0,0.01948,89149.0,0.01949,107901.0
1753504255630,04:30:55.630,ANIME/USDT:USDT,0.01944,125665.0,0.01943,165851.0,0.01949,101969.0,0.0195,129951.0
1753504255827,04:30:55.827,ANIME/USDT:USDT,0.01944,121759.0,0.01943,168887.0,0.01949,91339.0,0.0195,136208.0
1753504256029,04:30:56.029,ANIME/USDT:USDT,0.01944,98526.0,0.01943,138882.0,0.01949,107553.0,0.0195,104464.0
1753504256226,04:30:56.226,ANIME/USDT:USDT,0.01944,95609.0,0.01943,166623.0,0.01949,117394.0,0.0195,136208.0
1753504256429,04:30:56.429,ANIME/USDT:USDT,0.01944,109105.0,0.01943,170586.0,0.01949,117034.0,0.0195,134156.0
1753504257027,04:30:57.027,ANIME/USDT:USDT,0.01944,150996.0,0.01943,166211.0,0.01949,147151.0,0.0195,136669.0
1753504257428,04:30:57.428,ANIME/USDT:USDT,0.01944,113493.0,0.01943,166211.0,0.01949,158902.0,0.0195,136669.0
1753504257626,04:30:57.626,ANIME/USDT:USDT,0.01944,112083.0,0.01943,166211.0,0.01949,106670.0,0.0195,136669.0
1753504257826,04:30:57.826,ANIME/USDT:USDT,0.01943,166211.0,0.01942,158548.0,0.0195,136669.0,0.01951,160482.0
1753504258027,04:30:58.027,ANIME/USDT:USDT,0.01944,117751.0,0.01943,166211.0,0.01949,154848.0,0.0195,136669.0
1753504258229,04:30:58.229,ANIME/USDT:USDT,0.01944,141858.0,0.01943,166211.0,0.01949,132837.0,0.0195,136669.0
1753504258427,04:30:58.427,ANIME/USDT:USDT,0.01943,166211.0,0.01942,158548.0,0.0195,136669.0,0.01951,160482.0
1753504258628,04:30:58.628,ANIME/USDT:USDT,0.01944,107327.0,0.01943,166211.0,0.01949,126978.0,0.0195,136669.0
1753504259228,04:30:59.228,ANIME/USDT:USDT,0.01944,132305.0,0.01943,166211.0,0.01949,76778.0,0.0195,136669.0
1753504259626,04:30:59.626,ANIME/USDT:USDT,0.01944,156173.0,0.01943,166211.0,0.01949,103922.0,0.0195,136669.0
1753504259825,04:30:59.825,ANIME/USDT:USDT,0.01944,130974.0,0.01943,166211.0,0.01949,73283.0,0.0195,136669.0
1753504260028,04:31:00.028,ANIME/USDT:USDT,0.01943,166211.0,0.01942,158548.0,0.0195,136669.0,0.01951,160482.0
1753504260224,04:31:00.224,ANIME/USDT:USDT,0.01944,148354.0,0.01943,166211.0,0.01949,131202.0,0.0195,136669.0
1753504260427,04:31:00.427,ANIME/USDT:USDT,0.01944,133850.0,0.01943,166211.0,0.01949,139346.0,0.0195,136669.0
1753504260627,04:31:00.627,ANIME/USDT:USDT,0.01944,132491.0,0.01943,166211.0,0.01949,116529.0,0.0195,136669.0
1753504260829,04:31:00.829,ANIME/USDT:USDT,0.01944,129500.0,0.01943,166211.0,0.01949,124724.0,0.0195,136669.0
1753504261027,04:31:01.027,ANIME/USDT:USDT,0.01944,133075.0,0.01943,134895.0,0.01949,107533.0,0.0195,136669.0
1753504261229,04:31:01.229,ANIME/USDT:USDT,0.01943,134895.0,0.01942,158548.0,0.0195,136669.0,0.01951,160482.0
1753504261626,04:31:01.626,ANIME/USDT:USDT,0.01944,184557.0,0.01943,134895.0,0.01949,113000.0,0.0195,136669.0
1753504261826,04:31:01.826,ANIME/USDT:USDT,0.01944,171902.0,0.01943,134895.0,0.01949,148754.0,0.0195,136669.0
1753504262028,04:31:02.028,ANIME/USDT:USDT,0.01944,190884.0,0.01943,134895.0,0.01949,111923.0,0.0195,136669.0
1753504262230,04:31:02.230,ANIME/USDT:USDT,0.01944,162797.0,0.01943,134895.0,0.01949,126300.0,0.0195,136669.0
1753504262426,04:31:02.426,ANIME/USDT:USDT,0.01944,31316.0,0.01943,134895.0,0.0195,136669.0,0.01951,160482.0
1753504262827,04:31:02.827,ANIME/USDT:USDT,0.01944,172777.0,0.01943,134895.0,0.01949,124999.0,0.0195,136669.0
1753504263027,04:31:03.027,ANIME/USDT:USDT,0.01944,177881.0,0.01943,166211.0,0.01949,122177.0,0.0195,136669.0
1753504263226,04:31:03.226,ANIME/USDT:USDT,0.01944,146265.0,0.01943,166211.0,0.01949,32991.0,0.0195,136669.0
1753504263427,04:31:03.427,ANIME/USDT:USDT,0.01944,26903.0,0.01943,166211.0,0.01949,32991.0,0.0195,136669.0
1753504263624,04:31:03.624,ANIME/USDT:USDT,0.01944,30041.0,0.01943,166211.0,0.01949,29605.0,0.0195,136669.0
1753504263829,04:31:03.829,ANIME/USDT:USDT,0.01944,149072.0,0.01943,166211.0,0.01949,117396.0,0.0195,136669.0
1753504264028,04:31:04.028,ANIME/USDT:USDT,0.01944,126893.0,0.01943,166211.0,0.01949,148692.0,0.0195,136669.0
1753504264226,04:31:04.226,ANIME/USDT:USDT,0.01944,26749.0,0.01943,166211.0,0.01949,31144.0,0.0195,136669.0
1753504264625,04:31:04.625,ANIME/USDT:USDT,0.01944,127336.0,0.01943,166211.0,0.01949,144276.0,0.0195,136669.0
1753504264826,04:31:04.826,ANIME/USDT:USDT,0.01944,129835.0,0.01943,166211.0,0.01949,109424.0,0.0195,136669.0
1753504265030,04:31:05.030,ANIME/USDT:USDT,0.01944,145113.0,0.01943,166211.0,0.01949,125619.0,0.0195,136669.0
1753504265227,04:31:05.227,ANIME/USDT:USDT,0.01943,166211.0,0.01942,158548.0,0.0195,136669.0,0.01951,160482.0
1753504265426,04:31:05.426,ANIME/USDT:USDT,0.01944,154012.0,0.01943,166211.0,0.01949,114506.0,0.0195,136669.0
1753504265625,04:31:05.625,ANIME/USDT:USDT,0.01943,166211.0,0.01942,158548.0,0.0195,136669.0,0.01951,160482.0
1753504265828,04:31:05.828,ANIME/USDT:USDT,0.01943,166211.0,0.01942,158548.0,0.0195,136669.0,0.01951,160482.0
1753504266028,04:31:06.028,ANIME/USDT:USDT,0.01944,158745.0,0.01943,134895.0,0.01949,127412.0,0.0195,136669.0
1753504266226,04:31:06.226,ANIME/USDT:USDT,0.01943,134895.0,0.01942,158548.0,0.0195,136669.0,0.01951,160482.0
1753504266427,04:31:06.427,ANIME/USDT:USDT,0.01944,159400.0,0.01943,134895.0,0.01949,147842.0,0.0195,136669.0
1753504266629,04:31:06.629,ANIME/USDT:USDT,0.01943,134895.0,0.01942,158548.0,0.0195,136669.0,0.01951,160482.0
1753504266828,04:31:06.828,ANIME/USDT:USDT,0.01943,134895.0,0.01942,158548.0,0.0195,136669.0,0.01951,160482.0
1753504267028,04:31:07.028,ANIME/USDT:USDT,0.01943,134895.0,0.01942,158548.0,0.0195,136669.0,0.01951,160482.0
1753504267226,04:31:07.226,ANIME/USDT:USDT,0.01944,145885.0,0.01943,134895.0,0.01949,143734.0,0.0195,136669.0
1753504267425,04:31:07.425,ANIME/USDT:USDT,0.01944,147325.0,0.01943,134895.0,0.01949,132576.0,0.0195,136669.0
1753504267825,04:31:07.825,ANIME/USDT:USDT,0.01944,150007.0,0.01943,134895.0,0.01949,150640.0,0.0195,136669.0
1753504268028,04:31:08.028,ANIME/USDT:USDT,0.01943,134895.0,0.01942,158548.0,0.0195,136669.0,0.01951,160482.0
1753504268226,04:31:08.226,ANIME/USDT:USDT,0.01944,139173.0,0.01943,134895.0,0.01949,137352.0,0.0195,136669.0
1753504268627,04:31:08.627,ANIME/USDT:USDT,0.01944,101766.0,0.01943,134895.0,0.01949,104574.0,0.0195,136669.0
1753504268827,04:31:08.827,ANIME/USDT:USDT,0.01944,122406.0,0.01943,134895.0,0.01949,118698.0,0.0195,136669.0
1753504269026,04:31:09.026,ANIME/USDT:USDT,0.01944,143622.0,0.01943,134895.0,0.01949,106079.0,0.0195,136669.0
1753504269228,04:31:09.228,ANIME/USDT:USDT,0.01943,134895.0,0.01942,158548.0,0.0195,136669.0,0.01951,160482.0
1753504269427,04:31:09.427,ANIME/USDT:USDT,0.01943,134895.0,0.01942,158548.0,0.0195,136669.0,0.01951,160482.0
1753504269625,04:31:09.625,ANIME/USDT:USDT,0.01944,120885.0,0.01943,134895.0,0.01949,88213.0,0.0195,136669.0
1753504270026,04:31:10.026,ANIME/USDT:USDT,0.01944,97934.0,0.01943,134895.0,0.01949,108761.0,0.0195,136669.0
1753504270425,04:31:10.425,ANIME/USDT:USDT,0.01944,124737.0,0.01943,134895.0,0.01949,146434.0,0.0195,136669.0
1753504270627,04:31:10.627,ANIME/USDT:USDT,0.01944,148148.0,0.01943,134895.0,0.01949,136326.0,0.0195,136669.0
1753504270829,04:31:10.829,ANIME/USDT:USDT,0.01944,109311.0,0.01943,228307.0,0.01949,103165.0,0.0195,225592.0
1753504271029,04:31:11.029,ANIME/USDT:USDT,0.01944,202612.0,0.01943,228307.0,0.01949,193852.0,0.0195,225592.0
1753504271227,04:31:11.227,ANIME/USDT:USDT,0.01944,146512.0,0.01943,228307.0,0.01949,222576.0,0.0195,225592.0
1753504271428,04:31:11.428,ANIME/USDT:USDT,0.01943,228307.0,0.01942,240267.0,0.0195,225592.0,0.01951,242030.0
1753504271625,04:31:11.625,ANIME/USDT:USDT,0.01944,147635.0,0.01943,228307.0,0.01949,232427.0,0.0195,225592.0
1753504271825,04:31:11.825,ANIME/USDT:USDT,0.01944,174355.0,0.01943,228307.0,0.01949,221028.0,0.0195,225592.0
1753504272027,04:31:12.027,ANIME/USDT:USDT,0.01943,228307.0,0.01942,240267.0,0.0195,225592.0,0.01951,242030.0
1753504272228,04:31:12.228,ANIME/USDT:USDT,0.01944,136248.0,0.01943,228307.0,0.01949,224115.0,0.0195,225592.0
1753504272427,04:31:12.427,ANIME/USDT:USDT,0.01944,151812.0,0.01943,228307.0,0.01949,217984.0,0.0195,225592.0
1753504272626,04:31:12.626,ANIME/USDT:USDT,0.01944,71267.0,0.01943,228307.0,0.01949,118266.0,0.0195,225592.0
1753504272828,04:31:12.828,ANIME/USDT:USDT,0.01944,151887.0,0.01943,228307.0,0.01949,231401.0,0.0195,225592.0
1753504273028,04:31:13.028,ANIME/USDT:USDT,0.01944,179683.0,0.01943,228307.0,0.01949,207368.0,0.0195,225592.0
1753504273230,04:31:13.230,ANIME/USDT:USDT,0.01943,228307.0,0.01942,240267.0,0.0195,225592.0,0.01951,242030.0
1753504273428,04:31:13.428,ANIME/USDT:USDT,0.01944,138639.0,0.01943,228307.0,0.01949,214212.0,0.0195,225592.0
1753504273625,04:31:13.625,ANIME/USDT:USDT,0.01943,228307.0,0.01942,240267.0,0.0195,225592.0,0.01951,242030.0
1753504273824,04:31:13.824,ANIME/USDT:USDT,0.01944,58086.0,0.01943,228307.0,0.01949,112109.0,0.0195,225592.0
1753504274029,04:31:14.029,ANIME/USDT:USDT,0.01944,58291.0,0.01943,228307.0,0.01949,130631.0,0.0195,225592.0
1753504274224,04:31:14.224,ANIME/USDT:USDT,0.01944,163371.0,0.01943,228307.0,0.01949,233607.0,0.0195,225592.0
1753504274426,04:31:14.426,ANIME/USDT:USDT,0.01944,175919.0,0.01943,228307.0,0.01949,203488.0,0.0195,225592.0
1753504274629,04:31:14.629,ANIME/USDT:USDT,0.01943,228307.0,0.01942,240267.0,0.0195,225592.0,0.01951,242030.0
1753504274833,04:31:14.833,ANIME/USDT:USDT,0.01943,228307.0,0.01942,240267.0,0.0195,225592.0,0.01951,242030.0
1753504275025,04:31:15.025,ANIME/USDT:USDT,0.01943,228307.0,0.01942,240267.0,0.0195,225592.0,0.01951,242030.0
1753504275426,04:31:15.426,ANIME/USDT:USDT,0.01944,144153.0,0.01943,228307.0,0.01949,233504.0,0.0195,225592.0
1753504275628,04:31:15.628,ANIME/USDT:USDT,0.01944,166360.0,0.01943,228307.0,0.01949,258902.0,0.0195,225592.0
1753504275827,04:31:15.827,ANIME/USDT:USDT,0.01944,145097.0,0.01943,228307.0,0.01949,213134.0,0.0195,225592.0
1753504276228,04:31:16.228,ANIME/USDT:USDT,0.01944,181302.0,0.01943,228307.0,0.01949,260185.0,0.0195,225592.0
1753504276427,04:31:16.427,ANIME/USDT:USDT,0.01944,136337.0,0.01943,228307.0,0.01949,231246.0,0.0195,225592.0
1753504276627,04:31:16.627,ANIME/USDT:USDT,0.01943,228307.0,0.01942,240267.0,0.0195,225592.0,0.01951,242030.0
1753504276828,04:31:16.828,ANIME/USDT:USDT,0.01944,172025.0,0.01943,228307.0,0.01949,231524.0,0.0195,225592.0
1753504277027,04:31:17.027,ANIME/USDT:USDT,0.01943,228307.0,0.01942,240267.0,0.0195,225592.0,0.01951,242030.0
1753504277226,04:31:17.226,ANIME/USDT:USDT,0.01943,228307.0,0.01942,240267.0,0.0195,225592.0,0.01951,242030.0
1753504277425,04:31:17.425,ANIME/USDT:USDT,0.01944,148484.0,0.01943,228307.0,0.01949,189805.0,0.0195,225592.0
1753504277626,04:31:17.626,ANIME/USDT:USDT,0.01944,150285.0,0.01943,228307.0,0.01949,212033.0,0.0195,225592.0
1753504277828,04:31:17.828,ANIME/USDT:USDT,0.01944,183973.0,0.01943,228307.0,0.01949,229066.0,0.0195,225592.0
1753504278028,04:31:18.028,ANIME/USDT:USDT,0.01943,228307.0,0.01942,240267.0,0.0195,225592.0,0.01951,242030.0
1753504278227,04:31:18.227,ANIME/USDT:USDT,0.01944,184928.0,0.01943,228307.0,0.01949,227740.0,0.0195,225592.0
1753504278426,04:31:18.426,ANIME/USDT:USDT,0.01944,222273.0,0.01943,228307.0,0.01949,177442.0,0.0195,225592.0
1753504278627,04:31:18.627,ANIME/USDT:USDT,0.01943,228307.0,0.01942,240267.0,0.0195,225592.0,0.01951,242030.0
1753504278824,04:31:18.824,ANIME/USDT:USDT,0.01944,210232.0,0.01943,228307.0,0.01949,206294.0,0.0195,225592.0
1753504279025,04:31:19.025,ANIME/USDT:USDT,0.01944,110340.0,0.01943,259723.0,0.01949,130679.0,0.0195,225592.0
1753504279228,04:31:19.228,ANIME/USDT:USDT,0.01944,195002.0,0.01943,259723.0,0.01949,80916.0,0.0195,225592.0
1753504279424,04:31:19.424,ANIME/USDT:USDT,0.01944,124588.0,0.01943,259723.0,0.0195,225592.0,0.01951,242030.0
1753504279627,04:31:19.627,ANIME/USDT:USDT,0.01944,211409.0,0.01943,259723.0,0.01949,190444.0,0.0195,225592.0
1753504279828,04:31:19.828,ANIME/USDT:USDT,0.01944,120473.0,0.01943,259723.0,0.01949,90425.0,0.0195,225592.0
1753504280027,04:31:20.027,ANIME/USDT:USDT,0.01943,259723.0,0.01942,240267.0,0.0195,225592.0,0.01951,242030.0
1753504280227,04:31:20.227,ANIME/USDT:USDT,0.01944,118981.0,0.01943,259723.0,0.0195,225592.0,0.01951,242030.0
1753504280426,04:31:20.426,ANIME/USDT:USDT,0.01944,112500.0,0.01943,259723.0,0.01949,85487.0,0.0195,225592.0
1753504280826,04:31:20.826,ANIME/USDT:USDT,0.01943,259723.0,0.01942,240267.0,0.0195,225592.0,0.01951,242030.0
1753504281028,04:31:21.028,ANIME/USDT:USDT,0.01944,257750.0,0.01943,259723.0,0.01949,223596.0,0.0195,225592.0
1753504281225,04:31:21.225,ANIME/USDT:USDT,0.01944,185509.0,0.01943,259723.0,0.01949,213186.0,0.0195,225592.0
1753504281425,04:31:21.425,ANIME/USDT:USDT,0.01944,124170.0,0.01943,259723.0,0.01949,88932.0,0.0195,225592.0
1753504281628,04:31:21.628,ANIME/USDT:USDT,0.01944,97520.0,0.01943,259723.0,0.01949,106917.0,0.0195,225592.0
1753504281827,04:31:21.827,ANIME/USDT:USDT,0.01943,259723.0,0.01942,240267.0,0.0195,225592.0,0.01951,242030.0
1753504282029,04:31:22.029,ANIME/USDT:USDT,0.01943,259723.0,0.01942,240267.0,0.0195,225592.0,0.01951,242030.0
1753504282226,04:31:22.226,ANIME/USDT:USDT,0.01944,234296.0,0.01943,259723.0,0.01949,195628.0,0.0195,225592.0
1753504282428,04:31:22.428,ANIME/USDT:USDT,0.01944,216448.0,0.01943,259723.0,0.01949,196887.0,0.0195,225592.0
1753504282627,04:31:22.627,ANIME/USDT:USDT,0.01944,202135.0,0.01943,259723.0,0.01949,237337.0,0.0195,225592.0
1753504282827,04:31:22.827,ANIME/USDT:USDT,0.01944,207225.0,0.01943,259723.0,0.01949,97891.0,0.0195,225592.0
1753504283027,04:31:23.027,ANIME/USDT:USDT,0.01944,231454.0,0.01943,259723.0,0.01949,211197.0,0.0195,225592.0
1753504283225,04:31:23.225,ANIME/USDT:USDT,0.01944,185115.0,0.01943,259723.0,0.01949,196464.0,0.0195,225592.0
1753504283425,04:31:23.425,ANIME/USDT:USDT,0.01944,216562.0,0.01943,259723.0,0.01949,193245.0,0.0195,225592.0
1753504283628,04:31:23.628,ANIME/USDT:USDT,0.01944,185972.0,0.01943,259723.0,0.01949,169863.0,0.0195,225592.0
1753504284030,04:31:24.030,ANIME/USDT:USDT,0.01944,189997.0,0.01943,259723.0,0.01949,93111.0,0.0195,225592.0
1753504284428,04:31:24.428,ANIME/USDT:USDT,0.01943,259723.0,0.01942,240267.0,0.0195,225592.0,0.01951,242030.0
1753504284625,04:31:24.625,ANIME/USDT:USDT,0.01944,225154.0,0.01943,259723.0,0.01949,223851.0,0.0195,225592.0
1753504285025,04:31:25.025,ANIME/USDT:USDT,0.01944,211734.0,0.01943,259723.0,0.01949,180002.0,0.0195,225592.0
1753504285228,04:31:25.228,ANIME/USDT:USDT,0.01944,211734.0,0.01943,259723.0,0.01949,180002.0,0.0195,225592.0
1753504285626,04:31:25.626,ANIME/USDT:USDT,0.01944,193178.0,0.01943,259723.0,0.01949,206516.0,0.0195,225592.0
1753504285836,04:31:25.836,ANIME/USDT:USDT,0.01944,224132.0,0.01943,259723.0,0.01949,192730.0,0.0195,225592.0
1753504286028,04:31:26.028,ANIME/USDT:USDT,0.01943,259723.0,0.01942,240267.0,0.0195,225592.0,0.01951,242030.0
1753504286227,04:31:26.227,ANIME/USDT:USDT,0.01943,259723.0,0.01942,240267.0,0.0195,225592.0,0.01951,242030.0
1753504286427,04:31:26.427,ANIME/USDT:USDT,0.01944,187695.0,0.01943,259723.0,0.01949,196090.0,0.0195,225592.0
1753504286625,04:31:26.625,ANIME/USDT:USDT,0.01944,209281.0,0.01943,259723.0,0.01949,194329.0,0.0195,225592.0
1753504287026,04:31:27.026,ANIME/USDT:USDT,0.01944,203784.0,0.01943,259723.0,0.01949,220182.0,0.0195,225592.0
1753504287437,04:31:27.437,ANIME/USDT:USDT,0.01944,116681.0,0.01943,228307.0,0.01949,87223.0,0.0195,225592.0
1753504287626,04:31:27.626,ANIME/USDT:USDT,0.01944,110264.0,0.01943,228307.0,0.01949,112057.0,0.0195,225592.0
1753504288025,04:31:28.025,ANIME/USDT:USDT,0.01944,110957.0,0.01943,228307.0,0.01949,97294.0,0.0195,225592.0
1753504288424,04:31:28.424,ANIME/USDT:USDT,0.01943,228307.0,0.01942,240267.0,0.0195,225592.0,0.01951,242030.0
1753504289426,04:31:29.426,ANIME/USDT:USDT,0.01944,219856.0,0.01943,228307.0,0.01949,204472.0,0.0195,225592.0
1753504289630,04:31:29.630,ANIME/USDT:USDT,0.01944,198641.0,0.01943,228307.0,0.01949,217117.0,0.0195,225592.0
1753504289827,04:31:29.827,ANIME/USDT:USDT,0.01944,190185.0,0.01943,228307.0,0.01949,196515.0,0.0195,225592.0
1753504290426,04:31:30.426,ANIME/USDT:USDT,0.01944,242431.0,0.01943,228307.0,0.01949,227245.0,0.0195,256294.0
1753504290627,04:31:30.627,ANIME/USDT:USDT,0.01944,109749.0,0.01943,228307.0,0.01949,118728.0,0.0195,256294.0
1753504291028,04:31:31.028,ANIME/USDT:USDT,0.01944,242181.0,0.01943,228307.0,0.01949,252231.0,0.0195,256294.0
1753504291225,04:31:31.225,ANIME/USDT:USDT,0.01944,227880.0,0.01943,228307.0,0.01949,229913.0,0.0195,256294.0
1753504291624,04:31:31.624,ANIME/USDT:USDT,0.01944,247499.0,0.01943,228307.0,0.01949,236070.0,0.0195,256294.0
1753504291825,04:31:31.825,ANIME/USDT:USDT,0.01943,228307.0,0.01942,240267.0,0.0195,256294.0,0.01951,242030.0
1753504292435,04:31:32.435,ANIME/USDT:USDT,0.01944,236338.0,0.01943,228307.0,0.01949,254900.0,0.0195,225592.0
1753504292828,04:31:32.828,ANIME/USDT:USDT,0.01944,218963.0,0.01943,228307.0,0.01949,259262.0,0.0195,225592.0
1753504293027,04:31:33.027,ANIME/USDT:USDT,0.01944,230525.0,0.01943,228307.0,0.01949,240380.0,0.0195,225592.0
1753504293229,04:31:33.229,ANIME/USDT:USDT,0.01944,237757.0,0.01943,228307.0,0.01949,230067.0,0.0195,225592.0
1753504293629,04:31:33.629,ANIME/USDT:USDT,0.01943,228307.0,0.01942,240267.0,0.0195,225592.0,0.01951,242030.0
1753504293825,04:31:33.825,ANIME/USDT:USDT,0.01943,228307.0,0.01942,240267.0,0.0195,225592.0,0.01951,242030.0
1753504294225,04:31:34.225,ANIME/USDT:USDT,0.01943,228307.0,0.01942,240267.0,0.0195,225592.0,0.01951,242030.0
1753504294424,04:31:34.424,ANIME/USDT:USDT,0.01944,234898.0,0.01943,228307.0,0.01949,228989.0,0.0195,225592.0
1753504294625,04:31:34.625,ANIME/USDT:USDT,0.01944,224743.0,0.01943,228307.0,0.01949,257825.0,0.0195,225592.0
1753504295028,04:31:35.028,ANIME/USDT:USDT,0.01943,228307.0,0.01942,240267.0,0.0195,225592.0,0.01951,242030.0
1753504295225,04:31:35.225,ANIME/USDT:USDT,0.01944,209667.0,0.01943,228307.0,0.01949,235813.0,0.0195,225592.0
1753504295426,04:31:35.426,ANIME/USDT:USDT,0.01944,130556.0,0.01943,228307.0,0.01949,114982.0,0.0195,225592.0
1753504296225,04:31:36.225,ANIME/USDT:USDT,0.01944,241152.0,0.01943,228307.0,0.01949,239558.0,0.0195,225592.0
1753504296829,04:31:36.829,ANIME/USDT:USDT,0.01944,241976.0,0.01943,228307.0,0.01949,247512.0,0.0195,225592.0
1753504297427,04:31:37.427,ANIME/USDT:USDT,0.01944,121427.0,0.01943,228307.0,0.01949,106208.0,0.0195,225592.0
1753504297627,04:31:37.627,ANIME/USDT:USDT,0.01944,109516.0,0.01943,228307.0,0.01949,126783.0,0.0195,225592.0
1753504297827,04:31:37.827,ANIME/USDT:USDT,0.01944,214386.0,0.01943,228307.0,0.01949,215546.0,0.0195,225592.0
1753504298025,04:31:38.025,ANIME/USDT:USDT,0.01944,229681.0,0.01943,228307.0,0.01949,235659.0,0.0195,225592.0
1753504298828,04:31:38.828,ANIME/USDT:USDT,0.01944,216513.0,0.01943,228307.0,0.01949,248897.0,0.0195,225592.0
1753504299029,04:31:39.029,ANIME/USDT:USDT,0.01943,228307.0,0.01942,240267.0,0.0195,225592.0,0.01951,242030.0
1753504299225,04:31:39.225,ANIME/USDT:USDT,0.01944,128909.0,0.01943,228307.0,0.01949,109287.0,0.0195,225592.0
1753504299427,04:31:39.427,ANIME/USDT:USDT,0.01943,228307.0,0.01942,240267.0,0.0195,225592.0,0.01951,242030.0
1753504299628,04:31:39.628,ANIME/USDT:USDT,0.01944,129887.0,0.01943,228307.0,0.01949,110467.0,0.0195,225592.0
1753504299826,04:31:39.826,ANIME/USDT:USDT,0.01944,257562.0,0.01943,228307.0,0.01949,242227.0,0.0195,225592.0
1753504300028,04:31:40.028,ANIME/USDT:USDT,0.01944,104424.0,0.01943,228307.0,0.01949,105387.0,0.0195,225592.0
1753504300227,04:31:40.227,ANIME/USDT:USDT,0.01944,104424.0,0.01943,228307.0,0.01949,105387.0,0.0195,225592.0
1753504300829,04:31:40.829,ANIME/USDT:USDT,0.01944,214357.0,0.01943,228307.0,0.01949,221139.0,0.0195,225592.0
1753504301028,04:31:41.028,ANIME/USDT:USDT,0.01944,214357.0,0.01943,228307.0,0.01949,221139.0,0.0195,225592.0
1753504301226,04:31:41.226,ANIME/USDT:USDT,0.01943,228307.0,0.01942,240267.0,0.0195,225592.0,0.01951,242030.0
1753504301426,04:31:41.426,ANIME/USDT:USDT,0.01944,239660.0,0.01943,228307.0,0.01949,225244.0,0.0195,225592.0
1753504301627,04:31:41.627,ANIME/USDT:USDT,0.01944,233325.0,0.01943,228307.0,0.01949,230220.0,0.0195,225592.0
1753504301828,04:31:41.828,ANIME/USDT:USDT,0.01944,257716.0,0.01943,228307.0,0.01949,259466.0,0.0195,225592.0
1753504302027,04:31:42.027,ANIME/USDT:USDT,0.01944,217109.0,0.01943,228307.0,0.01949,237507.0,0.0195,225592.0
1753504302224,04:31:42.224,ANIME/USDT:USDT,0.01944,222146.0,0.01943,228307.0,0.01949,235043.0,0.0195,225592.0
1753504302427,04:31:42.427,ANIME/USDT:USDT,0.01943,228307.0,0.01942,240267.0,0.0195,225592.0,0.01951,242030.0
1753504302626,04:31:42.626,ANIME/USDT:USDT,0.01944,217439.0,0.01943,228307.0,0.01949,212571.0,0.0195,225592.0
1753504302826,04:31:42.826,ANIME/USDT:USDT,0.01944,248981.0,0.01943,228307.0,0.01949,228271.0,0.0195,225592.0
1753504303026,04:31:43.026,ANIME/USDT:USDT,0.01944,241235.0,0.01943,228307.0,0.01949,215495.0,0.0195,225592.0
1753504303625,04:31:43.625,ANIME/USDT:USDT,0.01944,278536.0,0.01943,228307.0,0.01949,233043.0,0.0195,225592.0
1753504303826,04:31:43.826,ANIME/USDT:USDT,0.01944,250499.0,0.01943,228307.0,0.01949,238481.0,0.0195,225592.0
1753504304024,04:31:44.024,ANIME/USDT:USDT,0.01943,228307.0,0.01942,240267.0,0.0195,225592.0,0.01951,242030.0
1753504304226,04:31:44.226,ANIME/USDT:USDT,0.01944,108486.0,0.01943,228307.0,0.01949,103489.0,0.0195,225592.0
1753504304429,04:31:44.429,ANIME/USDT:USDT,0.01944,211109.0,0.01943,228307.0,0.01949,232991.0,0.0195,225592.0
1753504304626,04:31:44.626,ANIME/USDT:USDT,0.01944,98518.0,0.01943,228307.0,0.0195,225592.0,0.01951,242030.0
1753504304828,04:31:44.828,ANIME/USDT:USDT,0.01944,98518.0,0.01943,228307.0,0.0195,225592.0,0.01951,242030.0
1753504305028,04:31:45.028,ANIME/USDT:USDT,0.01943,228307.0,0.01942,240267.0,0.0195,225592.0,0.01951,242030.0
1753504305227,04:31:45.227,ANIME/USDT:USDT,0.01944,182560.0,0.01943,228307.0,0.01949,219139.0,0.0195,225592.0
1753504305627,04:31:45.627,ANIME/USDT:USDT,0.01944,175581.0,0.01943,228307.0,0.01949,247102.0,0.0195,225592.0
1753504305826,04:31:45.826,ANIME/USDT:USDT,0.01944,172401.0,0.01943,228307.0,0.01949,243560.0,0.0195,225592.0
1753504306026,04:31:46.026,ANIME/USDT:USDT,0.01944,97410.0,0.01943,228307.0,0.01949,127193.0,0.0195,225592.0
1753504306227,04:31:46.227,ANIME/USDT:USDT,0.01944,209676.0,0.01943,228307.0,0.01949,234376.0,0.0195,225592.0
1753504306429,04:31:46.429,ANIME/USDT:USDT,0.01944,208727.0,0.01943,228307.0,0.01949,213751.0,0.0195,225592.0
1753504306824,04:31:46.824,ANIME/USDT:USDT,0.01943,228307.0,0.01942,240267.0,0.0195,225592.0,0.01951,242030.0
1753504307026,04:31:47.026,ANIME/USDT:USDT,0.01944,78536.0,0.01943,228307.0,0.0195,225592.0,0.01951,242030.0
1753504307226,04:31:47.226,ANIME/USDT:USDT,0.01944,217225.0,0.01943,228307.0,0.01949,209493.0,0.0195,225592.0
1753504307429,04:31:47.429,ANIME/USDT:USDT,0.01943,1089.0,0.01942,60196.0,0.0195,56461.0,0.01951,63096.0
1753504307626,04:31:47.626,ANIME/USDT:USDT,0.01942,58857.0,0.01941,55590.0,0.01949,60338.0,0.0195,56461.0
1753504307827,04:31:47.827,ANIME/USDT:USDT,0.01941,55590.0,0.0194,61082.0,0.0195,56461.0,0.01951,63096.0
1753504308026,04:31:48.026,ANIME/USDT:USDT,0.01942,63749.0,0.01941,55590.0,0.01949,58286.0,0.0195,56461.0
1753504308226,04:31:48.226,ANIME/USDT:USDT,0.01941,55590.0,0.0194,61082.0,0.0195,56461.0,0.01951,63096.0
1753504308425,04:31:48.425,ANIME/USDT:USDT,0.01942,63234.0,0.01941,55590.0,0.01949,62545.0,0.0195,56461.0
1753504308629,04:31:48.629,ANIME/USDT:USDT,0.01942,57724.0,0.01941,55590.0,0.01949,58953.0,0.0195,56461.0
1753504308825,04:31:48.825,ANIME/USDT:USDT,0.01943,59444.0,0.01942,57724.0,0.01948,65452.0,0.01949,58953.0
1753504309025,04:31:49.025,ANIME/USDT:USDT,0.01943,26300.0,0.01942,57724.0,0.01948,27875.0,0.01949,58953.0
1753504309229,04:31:49.229,ANIME/USDT:USDT,0.01943,59598.0,0.01942,57724.0,0.01948,51848.0,0.01949,58953.0
1753504309426,04:31:49.426,ANIME/USDT:USDT,0.01943,32630.0,0.01942,57724.0,0.01948,28901.0,0.01949,58953.0
1753504309627,04:31:49.627,ANIME/USDT:USDT,0.01943,58621.0,0.01942,57724.0,0.01948,64990.0,0.01949,58953.0
1753504309825,04:31:49.825,ANIME/USDT:USDT,0.01942,57724.0,0.01941,55590.0,0.01949,58953.0,0.0195,56461.0
1753504310028,04:31:50.028,ANIME/USDT:USDT,0.01943,56048.0,0.01942,57724.0,0.01948,60523.0,0.01949,58953.0
1753504310225,04:31:50.225,ANIME/USDT:USDT,0.01943,59753.0,0.01942,57724.0,0.01948,59137.0,0.01949,58953.0
1753504310429,04:31:50.429,ANIME/USDT:USDT,0.01943,59753.0,0.01942,57724.0,0.01948,59137.0,0.01949,58953.0
1753504310628,04:31:50.628,ANIME/USDT:USDT,0.01943,57849.0,0.01942,57724.0,0.01948,62321.0,0.01949,58953.0
1753504310828,04:31:50.828,ANIME/USDT:USDT,0.01943,30160.0,0.01942,57724.0,0.01948,30185.0,0.01949,58953.0
1753504311028,04:31:51.028,ANIME/USDT:USDT,0.01942,57724.0,0.01941,55590.0,0.01949,58953.0,0.0195,56461.0
1753504311426,04:31:51.426,ANIME/USDT:USDT,0.01943,62944.0,0.01942,89140.0,0.01948,61242.0,0.01949,58953.0
1753504311630,04:31:51.630,ANIME/USDT:USDT,0.01943,54658.0,0.01942,89140.0,0.01948,66068.0,0.01949,58953.0
1753504312024,04:31:52.024,ANIME/USDT:USDT,0.01943,28924.0,0.01942,89140.0,0.01948,26745.0,0.01949,58953.0
1753504313027,04:31:53.027,ANIME/USDT:USDT,0.01943,56717.0,0.01942,89140.0,0.01948,59240.0,0.01949,58953.0
1753504313228,04:31:53.228,ANIME/USDT:USDT,0.01943,32270.0,0.01942,89140.0,0.01948,28080.0,0.01949,58953.0
1753504313427,04:31:53.427,ANIME/USDT:USDT,0.01943,26711.0,0.01942,89140.0,0.01948,29209.0,0.01949,58953.0
1753504313627,04:31:53.627,ANIME/USDT:USDT,0.01943,61091.0,0.01942,89140.0,0.01948,57854.0,0.01949,58953.0
1753504313834,04:31:53.834,ANIME/USDT:USDT,0.01943,64642.0,0.01942,89140.0,0.01948,58624.0,0.01949,58953.0
1753504314026,04:31:54.026,ANIME/USDT:USDT,0.01943,57334.0,0.01942,89140.0,0.01948,58213.0,0.01949,58953.0
1753504314825,04:31:54.825,ANIME/USDT:USDT,0.01943,62995.0,0.01942,89140.0,0.01948,58778.0,0.01949,58953.0
1753504315026,04:31:55.026,ANIME/USDT:USDT,0.01943,62120.0,0.01942,89140.0,0.01948,55031.0,0.01949,58953.0
1753504315427,04:31:55.427,ANIME/USDT:USDT,0.01942,89140.0,0.01941,55590.0,0.01949,58953.0,0.0195,56461.0
1753504315630,04:31:55.630,ANIME/USDT:USDT,0.01943,30726.0,0.01942,89140.0,0.01948,31417.0,0.01949,58953.0
1753504315826,04:31:55.826,ANIME/USDT:USDT,0.01942,89140.0,0.01941,55590.0,0.01949,58953.0,0.0195,56461.0
1753504316027,04:31:56.027,ANIME/USDT:USDT,0.01943,62995.0,0.01942,57724.0,0.01948,57135.0,0.01949,58953.0
1753504316226,04:31:56.226,ANIME/USDT:USDT,0.01943,63253.0,0.01942,57724.0,0.01948,60010.0,0.01949,58953.0
1753504316424,04:31:56.424,ANIME/USDT:USDT,0.01943,25836.0,0.01942,57724.0,0.01948,33419.0,0.01949,58953.0
1753504316625,04:31:56.625,ANIME/USDT:USDT,0.01943,52033.0,0.01942,57724.0,0.01948,60780.0,0.01949,58953.0
1753504316827,04:31:56.827,ANIME/USDT:USDT,0.01943,60165.0,0.01942,57724.0,0.01948,58522.0,0.01949,58953.0
1753504317032,04:31:57.032,ANIME/USDT:USDT,0.01943,54966.0,0.01942,57724.0,0.01948,58213.0,0.01949,58953.0
1753504317428,04:31:57.428,ANIME/USDT:USDT,0.01943,61040.0,0.01942,57724.0,0.01948,56981.0,0.01949,58953.0
1753504317628,04:31:57.628,ANIME/USDT:USDT,0.01943,60988.0,0.01942,57724.0,0.01948,63501.0,0.01949,58953.0
1753504319029,04:31:59.029,ANIME/USDT:USDT,0.01943,52290.0,0.01942,57724.0,0.01948,61191.0,0.01949,58953.0
1753504319227,04:31:59.227,ANIME/USDT:USDT,0.01942,57724.0,0.01941,55590.0,0.01949,58953.0,0.0195,56461.0
1753504319627,04:31:59.627,ANIME/USDT:USDT,0.01943,53062.0,0.01942,57724.0,0.01948,57751.0,0.01949,58953.0
1753504319826,04:31:59.826,ANIME/USDT:USDT,0.01943,56099.0,0.01942,57724.0,0.01948,60934.0,0.01949,58953.0
1753504320027,04:32:00.027,ANIME/USDT:USDT,0.01942,57724.0,0.01941,55590.0,0.01949,58953.0,0.0195,56461.0
1753504320224,04:32:00.224,ANIME/USDT:USDT,0.01943,54863.0,0.01942,57724.0,0.01948,61396.0,0.01949,58953.0
1753504320626,04:32:00.626,ANIME/USDT:USDT,0.01943,59907.0,0.01942,57724.0,0.01948,57135.0,0.01949,58953.0
1753504320827,04:32:00.827,ANIME/USDT:USDT,0.01942,57724.0,0.01941,55590.0,0.01949,58953.0,0.0195,56461.0
1753504321030,04:32:01.030,ANIME/USDT:USDT,0.01942,57724.0,0.01941,55590.0,0.01949,58953.0,0.0195,56461.0
1753504321228,04:32:01.228,ANIME/USDT:USDT,0.01942,57724.0,0.01941,55590.0,0.01949,58953.0,0.0195,56461.0
1753504321429,04:32:01.429,ANIME/USDT:USDT,0.01943,55636.0,0.01942,57724.0,0.01948,64836.0,0.01949,58953.0
1753504321629,04:32:01.629,ANIME/USDT:USDT,0.01943,28616.0,0.01942,57724.0,0.01948,33419.0,0.01949,58953.0
1753504322225,04:32:02.225,ANIME/USDT:USDT,0.01942,57724.0,0.01941,55590.0,0.01949,58953.0,0.0195,56461.0
1753504322827,04:32:02.827,ANIME/USDT:USDT,0.01943,118322.0,0.01942,232595.0,0.01948,126181.0,0.01949,207594.0
1753504323227,04:32:03.227,ANIME/USDT:USDT,0.01943,235872.0,0.01942,232595.0,0.01948,226694.0,0.01949,207594.0
1753504323424,04:32:03.424,ANIME/USDT:USDT,0.01943,232527.0,0.01942,232595.0,0.01948,238296.0,0.01949,207594.0
1753504324225,04:32:04.225,ANIME/USDT:USDT,0.01943,118528.0,0.01942,232595.0,0.01948,117043.0,0.01949,207594.0
1753504324429,04:32:04.429,ANIME/USDT:USDT,0.01942,232595.0,0.01941,230706.0,0.01949,207594.0,0.0195,243692.0
1753504324625,04:32:04.625,ANIME/USDT:USDT,0.01943,119300.0,0.01942,232595.0,0.01948,132392.0,0.01949,207594.0
1753504324829,04:32:04.829,ANIME/USDT:USDT,0.01943,227484.0,0.01942,232595.0,0.01948,210618.0,0.01949,207594.0
1753504325024,04:32:05.024,ANIME/USDT:USDT,0.01942,232595.0,0.01941,230706.0,0.01949,207594.0,0.0195,243692.0
1753504325227,04:32:05.227,ANIME/USDT:USDT,0.01943,227277.0,0.01942,232595.0,0.01948,217864.0,0.01949,207594.0
1753504325427,04:32:05.427,ANIME/USDT:USDT,0.01943,134328.0,0.01942,232595.0,0.01948,111180.0,0.01949,207594.0
1753504325624,04:32:05.624,ANIME/USDT:USDT,0.01943,258157.0,0.01942,232595.0,0.01948,220379.0,0.01949,207594.0
1753504325829,04:32:05.829,ANIME/USDT:USDT,0.01943,260164.0,0.01942,232595.0,0.01948,257245.0,0.01949,207594.0
1753504326026,04:32:06.026,ANIME/USDT:USDT,0.01943,249820.0,0.01942,232595.0,0.01948,231622.0,0.01949,207594.0
1753504326426,04:32:06.426,ANIME/USDT:USDT,0.01942,232595.0,0.01941,230706.0,0.01949,207594.0,0.0195,243692.0
1753504326632,04:32:06.632,ANIME/USDT:USDT,0.01943,253011.0,0.01942,232595.0,0.01948,222433.0,0.01949,207594.0
1753504326830,04:32:06.830,ANIME/USDT:USDT,0.01942,232595.0,0.01941,230706.0,0.01949,207594.0,0.0195,243692.0
1753504327026,04:32:07.026,ANIME/USDT:USDT,0.01943,247298.0,0.01942,232595.0,0.01948,221612.0,0.01949,207594.0
1753504327231,04:32:07.231,ANIME/USDT:USDT,0.01943,235615.0,0.01942,232595.0,0.01948,241324.0,0.01949,207594.0
1753504327428,04:32:07.428,ANIME/USDT:USDT,0.01943,235615.0,0.01942,232595.0,0.01948,241324.0,0.01949,207594.0
1753504327625,04:32:07.625,ANIME/USDT:USDT,0.01943,229130.0,0.01942,232595.0,0.01948,208211.0,0.01949,207594.0
1753504327825,04:32:07.825,ANIME/USDT:USDT,0.01943,234328.0,0.01942,232595.0,0.01948,241790.0,0.01949,207594.0
1753504328027,04:32:08.027,ANIME/USDT:USDT,0.01943,239269.0,0.01942,232595.0,0.01948,236756.0,0.01949,207594.0
1753504328228,04:32:08.228,ANIME/USDT:USDT,0.01943,242974.0,0.01942,232595.0,0.01948,243751.0,0.01949,207594.0
1753504328425,04:32:08.425,ANIME/USDT:USDT,0.01943,125528.0,0.01942,232595.0,0.01948,127772.0,0.01949,207594.0
1753504328828,04:32:08.828,ANIME/USDT:USDT,0.01943,216881.0,0.01942,232595.0,0.01948,242883.0,0.01949,207594.0
1753504329028,04:32:09.028,ANIME/USDT:USDT,0.01943,224550.0,0.01942,232595.0,0.01948,207290.0,0.01949,207594.0
1753504329229,04:32:09.229,ANIME/USDT:USDT,0.01943,251364.0,0.01942,232595.0,0.01948,229980.0,0.01949,207594.0
1753504329429,04:32:09.429,ANIME/USDT:USDT,0.01943,246938.0,0.01942,232595.0,0.01948,232238.0,0.01949,207594.0
1753504329626,04:32:09.626,ANIME/USDT:USDT,0.01942,232595.0,0.01941,230706.0,0.01949,207594.0,0.0195,243692.0
1753504329827,04:32:09.827,ANIME/USDT:USDT,0.01943,256202.0,0.01942,232595.0,0.01948,231915.0,0.01949,207594.0
1753504330028,04:32:10.028,ANIME/USDT:USDT,0.01943,230777.0,0.01942,232595.0,0.01948,227493.0,0.01949,207594.0
1753504330229,04:32:10.229,ANIME/USDT:USDT,0.01943,238240.0,0.01942,232595.0,0.01948,237320.0,0.01949,207594.0
1753504330425,04:32:10.425,ANIME/USDT:USDT,0.01943,131137.0,0.01942,232595.0,0.01948,126129.0,0.01949,207594.0
1753504330627,04:32:10.627,ANIME/USDT:USDT,0.01943,243490.0,0.01942,232595.0,0.01948,225815.0,0.01949,207594.0
1753504330827,04:32:10.827,ANIME/USDT:USDT,0.01943,108441.0,0.01942,232595.0,0.01948,111191.0,0.01949,207594.0
1753504331025,04:32:11.025,ANIME/USDT:USDT,0.01943,248636.0,0.01942,232595.0,0.01948,238179.0,0.01949,207594.0
1753504331230,04:32:11.230,ANIME/USDT:USDT,0.01943,114925.0,0.01942,232595.0,0.01948,119918.0,0.01949,207594.0
1753504331429,04:32:11.429,ANIME/USDT:USDT,0.01943,235512.0,0.01942,232595.0,0.01948,217505.0,0.01949,207594.0
1753504331626,04:32:11.626,ANIME/USDT:USDT,0.01943,113536.0,0.01942,232595.0,0.01948,130801.0,0.01949,207594.0
1753504331824,04:32:11.824,ANIME/USDT:USDT,0.01942,232595.0,0.01941,230706.0,0.01949,207594.0,0.0195,243692.0
1753504332028,04:32:12.028,ANIME/USDT:USDT,0.01942,232595.0,0.01941,230706.0,0.01949,207594.0,0.0195,243692.0
1753504332228,04:32:12.228,ANIME/USDT:USDT,0.01943,91241.0,0.01942,232595.0,0.01948,110832.0,0.01949,207594.0
1753504332425,04:32:12.425,ANIME/USDT:USDT,0.01943,83671.0,0.01942,232595.0,0.01948,112115.0,0.01949,207594.0
1753504332625,04:32:12.625,ANIME/USDT:USDT,0.01943,96630.0,0.01942,232595.0,0.01948,126951.0,0.01949,207594.0
1753504332830,04:32:12.830,ANIME/USDT:USDT,0.01943,71149.0,0.01942,232595.0,0.01948,107238.0,0.01949,207594.0
