timestamp,time,symbol,bid1_price,bid1_volume,bid2_price,bid2_volume,ask1_price,ask1_volume,ask2_price,ask2_volume
1753504007061,04:26:47.061,ADA/USDT:USDT,0.824,37127.0,0.8239,96751.0,0.8241,30284.0,0.8242,45311.0
1753504007247,04:26:47.247,ADA/USDT:USDT,0.824,37236.0,0.8239,96751.0,0.8241,30284.0,0.8242,45311.0
1753504007391,04:26:47.391,ADA/USDT:USDT,0.824,37236.0,0.8239,96751.0,0.8241,30284.0,0.8242,45311.0
1753504007507,04:26:47.507,ADA/USDT:USDT,0.824,37236.0,0.8239,96751.0,0.8241,30284.0,0.8242,45311.0
1753504007642,04:26:47.642,ADA/USDT:USDT,0.824,40797.0,0.8239,96751.0,0.8241,30284.0,0.8242,45336.0
1753504007744,04:26:47.744,ADA/USDT:USDT,0.824,40797.0,0.8239,96751.0,0.8241,30284.0,0.8242,45311.0
1753504007864,04:26:47.864,ADA/USDT:USDT,0.824,40797.0,0.8239,96751.0,0.8241,30284.0,0.8242,45311.0
1753504007979,04:26:47.979,ADA/USDT:USDT,0.824,47268.0,0.8239,96751.0,0.8241,30284.0,0.8242,44102.0
1753504008087,04:26:48.087,ADA/USDT:USDT,0.824,47293.0,0.8239,96751.0,0.8241,30284.0,0.8242,44111.0
1753504008236,04:26:48.236,ADA/USDT:USDT,0.824,47268.0,0.8239,96776.0,0.8241,32110.0,0.8242,44111.0
1753504008345,04:26:48.345,ADA/USDT:USDT,0.824,37243.0,0.8239,96751.0,0.8241,32110.0,0.8242,45311.0
1753504008474,04:26:48.474,ADA/USDT:USDT,0.824,37243.0,0.8239,96751.0,0.8241,32097.0,0.8242,45336.0
1753504008578,04:26:48.578,ADA/USDT:USDT,0.824,41048.0,0.8239,96751.0,0.8241,32097.0,0.8242,45906.0
1753504008737,04:26:48.737,ADA/USDT:USDT,0.824,55889.0,0.8239,99309.0,0.8241,14747.0,0.8242,43422.0
1753504008840,04:26:48.840,ADA/USDT:USDT,0.824,55914.0,0.8239,99309.0,0.8241,20885.0,0.8242,43422.0
1753504008946,04:26:48.946,ADA/USDT:USDT,0.824,55914.0,0.8239,99309.0,0.8241,20885.0,0.8242,43431.0
1753504009196,04:26:49.196,ADA/USDT:USDT,0.824,45613.0,0.8239,99309.0,0.8241,35906.0,0.8242,43456.0
1753504009303,04:26:49.303,ADA/USDT:USDT,0.824,42113.0,0.8239,99309.0,0.8241,32097.0,0.8242,43456.0
1753504009494,04:26:49.494,ADA/USDT:USDT,0.824,42113.0,0.8239,99300.0,0.8241,33506.0,0.8242,44656.0
1753504009599,04:26:49.599,ADA/USDT:USDT,0.824,42190.0,0.8239,99309.0,0.8241,29697.0,0.8242,45244.0
1753504009702,04:26:49.702,ADA/USDT:USDT,0.824,42190.0,0.8239,99309.0,0.8241,29697.0,0.8242,44656.0
1753504009805,04:26:49.805,ADA/USDT:USDT,0.824,42190.0,0.8239,99309.0,0.8241,29697.0,0.8242,44656.0
1753504009915,04:26:49.915,ADA/USDT:USDT,0.824,42190.0,0.8239,99551.0,0.8241,29697.0,0.8242,44656.0
1753504010158,04:26:50.158,ADA/USDT:USDT,0.824,42081.0,0.8239,99551.0,0.8241,29697.0,0.8242,44898.0
1753504010322,04:26:50.322,ADA/USDT:USDT,0.824,42081.0,0.8239,96509.0,0.8241,29697.0,0.8242,43661.0
1753504010456,04:26:50.456,ADA/USDT:USDT,0.824,42081.0,0.8239,96509.0,0.8241,29697.0,0.8242,44175.0
1753504010566,04:26:50.566,ADA/USDT:USDT,0.824,42081.0,0.8239,96509.0,0.8241,29709.0,0.8242,44776.0
1753504010731,04:26:50.731,ADA/USDT:USDT,0.824,42081.0,0.8239,96509.0,0.8241,29709.0,0.8242,44776.0
1753504010835,04:26:50.835,ADA/USDT:USDT,0.824,42040.0,0.8239,96519.0,0.8241,29689.0,0.8242,44193.0
1753504010943,04:26:50.943,ADA/USDT:USDT,0.824,42040.0,0.8239,96761.0,0.8241,29689.0,0.8242,44193.0
1753504011044,04:26:51.044,ADA/USDT:USDT,0.824,42040.0,0.8239,96761.0,0.8241,29689.0,0.8242,44193.0
1753504011151,04:26:51.151,ADA/USDT:USDT,0.824,42040.0,0.8239,96761.0,0.8241,29689.0,0.8242,44193.0
1753504011291,04:26:51.291,ADA/USDT:USDT,0.824,48511.0,0.8239,96761.0,0.8241,18927.0,0.8242,44168.0
1753504011394,04:26:51.394,ADA/USDT:USDT,0.8241,104586.0,0.824,96728.0,0.8242,17850.0,0.8243,73263.0
1753504011501,04:26:51.501,ADA/USDT:USDT,0.8241,104718.0,0.824,96608.0,0.8242,17890.0,0.8243,69630.0
1753504011609,04:26:51.609,ADA/USDT:USDT,0.8241,104718.0,0.824,96850.0,0.8242,17890.0,0.8243,69630.0
1753504011725,04:26:51.725,ADA/USDT:USDT,0.8241,104725.0,0.824,96850.0,0.8242,17890.0,0.8243,69630.0
1753504011835,04:26:51.835,ADA/USDT:USDT,0.8241,104725.0,0.824,96850.0,0.8242,17781.0,0.8243,69630.0
1753504011936,04:26:51.936,ADA/USDT:USDT,0.8241,104725.0,0.824,97481.0,0.8242,17845.0,0.8243,69116.0
1753504012071,04:26:52.071,ADA/USDT:USDT,0.8241,104725.0,0.824,98451.0,0.8242,17845.0,0.8243,69116.0
1753504012176,04:26:52.176,ADA/USDT:USDT,0.8241,104725.0,0.824,98451.0,0.8242,18160.0,0.8243,69116.0
1753504012288,04:26:52.288,ADA/USDT:USDT,0.8241,98254.0,0.824,97769.0,0.8242,18160.0,0.8243,69116.0
1753504012439,04:26:52.439,ADA/USDT:USDT,0.8241,98229.0,0.824,97760.0,0.8242,26097.0,0.8243,69116.0
1753504012561,04:26:52.561,ADA/USDT:USDT,0.8241,98289.0,0.824,97700.0,0.8242,25844.0,0.8243,69116.0
1753504012687,04:26:52.687,ADA/USDT:USDT,0.8241,34442.0,0.824,62972.0,0.8242,58976.0,0.8243,70244.0
1753504012789,04:26:52.789,ADA/USDT:USDT,0.8241,23061.0,0.824,59245.0,0.8242,58976.0,0.8243,73165.0
1753504012893,04:26:52.893,ADA/USDT:USDT,0.8241,19243.0,0.824,59171.0,0.8242,58989.0,0.8243,73407.0
1753504013002,04:26:53.002,ADA/USDT:USDT,0.8241,19243.0,0.824,59171.0,0.8242,52518.0,0.8243,73921.0
1753504013106,04:26:53.106,ADA/USDT:USDT,0.8241,19243.0,0.824,59171.0,0.8242,53190.0,0.8243,73921.0
1753504013308,04:26:53.308,ADA/USDT:USDT,0.824,46062.0,0.8239,64048.0,0.8241,41678.0,0.8242,65968.0
1753504013409,04:26:53.409,ADA/USDT:USDT,0.824,39677.0,0.8239,67400.0,0.8241,42351.0,0.8242,70241.0
1753504013513,04:26:53.513,ADA/USDT:USDT,0.824,39698.0,0.8239,67400.0,0.8241,42394.0,0.8242,63602.0
1753504013637,04:26:53.637,ADA/USDT:USDT,0.824,39353.0,0.8239,67977.0,0.8241,42394.0,0.8242,64199.0
1753504013739,04:26:53.739,ADA/USDT:USDT,0.824,39353.0,0.8239,67977.0,0.8241,42419.0,0.8242,64199.0
1753504013845,04:26:53.845,ADA/USDT:USDT,0.824,39353.0,0.8239,67977.0,0.8241,42394.0,0.8242,64199.0
1753504013963,04:26:53.963,ADA/USDT:USDT,0.824,39353.0,0.8239,67977.0,0.8241,42394.0,0.8242,64199.0
1753504014104,04:26:54.104,ADA/USDT:USDT,0.824,39353.0,0.8239,67977.0,0.8241,42394.0,0.8242,64199.0
1753504014213,04:26:54.213,ADA/USDT:USDT,0.824,39353.0,0.8239,67977.0,0.8241,42394.0,0.8242,64199.0
1753504014427,04:26:54.427,ADA/USDT:USDT,0.824,45830.0,0.8239,67986.0,0.8241,25417.0,0.8242,63577.0
1753504014534,04:26:54.534,ADA/USDT:USDT,0.824,45855.0,0.8239,67986.0,0.8241,14655.0,0.8242,63577.0
1753504014635,04:26:54.635,ADA/USDT:USDT,0.824,45855.0,0.8239,96755.0,0.8241,9148.0,0.8242,63577.0
1753504014771,04:26:54.771,ADA/USDT:USDT,0.824,45855.0,0.8239,96775.0,0.8241,9141.0,0.8242,63577.0
1753504014904,04:26:54.904,ADA/USDT:USDT,0.824,39384.0,0.8239,96775.0,0.8241,9141.0,0.8242,63577.0
1753504015009,04:26:55.009,ADA/USDT:USDT,0.824,45855.0,0.8239,96775.0,0.8241,9141.0,0.8242,63577.0
1753504015113,04:26:55.113,ADA/USDT:USDT,0.824,45830.0,0.8239,96800.0,0.8241,9125.0,0.8242,63577.0
1753504015219,04:26:55.219,ADA/USDT:USDT,0.824,48476.0,0.8239,102520.0,0.8241,2987.0,0.8242,52380.0
1753504015321,04:26:55.321,ADA/USDT:USDT,0.8241,93794.0,0.824,94588.0,0.8242,37063.0,0.8243,70422.0
1753504015430,04:26:55.430,ADA/USDT:USDT,0.8241,93847.0,0.824,94615.0,0.8242,25802.0,0.8243,70430.0
1753504015542,04:26:55.542,ADA/USDT:USDT,0.8241,93847.0,0.824,94857.0,0.8242,25802.0,0.8243,70430.0
1753504015652,04:26:55.652,ADA/USDT:USDT,0.8241,93847.0,0.824,94857.0,0.8242,25802.0,0.8243,70430.0
1753504015753,04:26:55.753,ADA/USDT:USDT,0.8241,94048.0,0.824,94797.0,0.8242,25802.0,0.8243,69630.0
1753504015857,04:26:55.857,ADA/USDT:USDT,0.8241,94048.0,0.824,98329.0,0.8242,25802.0,0.8243,69630.0
1753504015960,04:26:55.960,ADA/USDT:USDT,0.8241,94048.0,0.824,100844.0,0.8242,26322.0,0.8243,70430.0
1753504016065,04:26:56.065,ADA/USDT:USDT,0.8241,87577.0,0.824,100844.0,0.8242,26322.0,0.8243,70430.0
1753504016181,04:26:56.181,ADA/USDT:USDT,0.8241,94065.0,0.824,100844.0,0.8242,26322.0,0.8243,70430.0
1753504016315,04:26:56.315,ADA/USDT:USDT,0.8241,94065.0,0.824,100844.0,0.8242,26322.0,0.8243,70430.0
1753504016416,04:26:56.416,ADA/USDT:USDT,0.8241,94065.0,0.824,100844.0,0.8242,26322.0,0.8243,70430.0
1753504016646,04:26:56.646,ADA/USDT:USDT,0.8241,94065.0,0.824,100844.0,0.8242,26322.0,0.8243,69630.0
1753504016751,04:26:56.751,ADA/USDT:USDT,0.8241,94065.0,0.824,100844.0,0.8242,26322.0,0.8243,69630.0
1753504016923,04:26:56.923,ADA/USDT:USDT,0.8241,94040.0,0.824,100869.0,0.8242,26322.0,0.8243,69630.0
1753504017032,04:26:57.032,ADA/USDT:USDT,0.8241,94040.0,0.824,100869.0,0.8242,26322.0,0.8243,69630.0
1753504017170,04:26:57.170,ADA/USDT:USDT,0.8241,94065.0,0.824,100869.0,0.8242,26322.0,0.8243,69630.0
1753504017274,04:26:57.274,ADA/USDT:USDT,0.8241,58437.0,0.824,100168.0,0.8242,26322.0,0.8243,70430.0
1753504017401,04:26:57.401,ADA/USDT:USDT,0.8241,58437.0,0.824,100180.0,0.8242,23149.0,0.8243,69637.0
1753504017509,04:26:57.509,ADA/USDT:USDT,0.8241,65023.0,0.824,100180.0,0.8242,23149.0,0.8243,69637.0
1753504017611,04:26:57.611,ADA/USDT:USDT,0.8241,65237.0,0.824,100205.0,0.8242,23149.0,0.8243,69637.0
1753504017720,04:26:57.720,ADA/USDT:USDT,0.8241,65262.0,0.824,102763.0,0.8242,23128.0,0.8243,69637.0
1753504017824,04:26:57.824,ADA/USDT:USDT,0.8241,71137.0,0.824,106236.0,0.8242,8822.0,0.8243,68723.0
1753504017945,04:26:57.945,ADA/USDT:USDT,0.8241,71940.0,0.824,107448.0,0.8242,8843.0,0.8243,68723.0
1753504018053,04:26:58.053,ADA/USDT:USDT,0.8241,71965.0,0.824,109048.0,0.8242,8843.0,0.8243,68723.0
1753504018156,04:26:58.156,ADA/USDT:USDT,0.8241,71965.0,0.824,117596.0,0.8242,8843.0,0.8243,56644.0
1753504018259,04:26:58.259,ADA/USDT:USDT,0.8241,71965.0,0.824,117780.0,0.8242,8853.0,0.8243,56296.0
1753504018363,04:26:58.363,ADA/USDT:USDT,0.8241,71965.0,0.824,117780.0,0.8242,8853.0,0.8243,56296.0
1753504018482,04:26:58.482,ADA/USDT:USDT,0.8242,91254.0,0.8241,76125.0,0.8243,13811.0,0.8244,76621.0
1753504018583,04:26:58.583,ADA/USDT:USDT,0.8242,90762.0,0.8241,86198.0,0.8243,13830.0,0.8244,72797.0
1753504018688,04:26:58.688,ADA/USDT:USDT,0.8242,95753.0,0.8241,86233.0,0.8243,13830.0,0.8244,72797.0
1753504018835,04:26:58.835,ADA/USDT:USDT,0.8242,95666.0,0.8241,86233.0,0.8243,7759.0,0.8244,72449.0
1753504018937,04:26:58.937,ADA/USDT:USDT,0.8242,95666.0,0.8241,86233.0,0.8243,13897.0,0.8244,72797.0
1753504019053,04:26:59.053,ADA/USDT:USDT,0.8242,95666.0,0.8241,86233.0,0.8243,24659.0,0.8244,72797.0
1753504019155,04:26:59.155,ADA/USDT:USDT,0.8242,89170.0,0.8241,86233.0,0.8243,7759.0,0.8244,76070.0
1753504019260,04:26:59.260,ADA/USDT:USDT,0.8242,96155.0,0.8241,85875.0,0.8243,7738.0,0.8244,63346.0
1753504019362,04:26:59.362,ADA/USDT:USDT,0.8242,99762.0,0.8241,87087.0,0.8243,7759.0,0.8244,63694.0
1753504019572,04:26:59.572,ADA/USDT:USDT,0.8242,91273.0,0.8241,86881.0,0.8243,14417.0,0.8244,63706.0
1753504019675,04:26:59.675,ADA/USDT:USDT,0.8242,91273.0,0.8241,86863.0,0.8243,14398.0,0.8244,63706.0
1753504020099,04:27:00.099,ADA/USDT:USDT,0.8243,42136.0,0.8242,71112.0,0.8244,63469.0,0.8245,47536.0
1753504020201,04:27:00.201,ADA/USDT:USDT,0.8243,36259.0,0.8242,67920.0,0.8244,26243.0,0.8245,47536.0
1753504020302,04:27:00.302,ADA/USDT:USDT,0.8243,36420.0,0.8242,77371.0,0.8244,13688.0,0.8245,42697.0
1753504020403,04:27:00.403,ADA/USDT:USDT,0.8243,43569.0,0.8242,89603.0,0.8244,18638.0,0.8245,43401.0
1753504020504,04:27:00.504,ADA/USDT:USDT,0.8243,37247.0,0.8242,89603.0,0.8244,18638.0,0.8245,43401.0
1753504020606,04:27:00.606,ADA/USDT:USDT,0.8243,37247.0,0.8242,89603.0,0.8244,18638.0,0.8245,43401.0
1753504020713,04:27:00.713,ADA/USDT:USDT,0.8243,37247.0,0.8242,89603.0,0.8244,18638.0,0.8245,43401.0
1753504020817,04:27:00.817,ADA/USDT:USDT,0.8243,37247.0,0.8242,89331.0,0.8244,18638.0,0.8245,43401.0
1753504020926,04:27:00.926,ADA/USDT:USDT,0.8243,37247.0,0.8242,89331.0,0.8244,18700.0,0.8245,43401.0
1753504021028,04:27:01.028,ADA/USDT:USDT,0.8243,37247.0,0.8242,89331.0,0.8244,18700.0,0.8245,43401.0
1753504021130,04:27:01.130,ADA/USDT:USDT,0.8243,37214.0,0.8242,89306.0,0.8244,18820.0,0.8245,45579.0
1753504021233,04:27:01.233,ADA/USDT:USDT,0.8243,37200.0,0.8242,89306.0,0.8244,18820.0,0.8245,45579.0
1753504021336,04:27:01.336,ADA/USDT:USDT,0.8243,37200.0,0.8242,89306.0,0.8244,18820.0,0.8245,45579.0
1753504021441,04:27:01.441,ADA/USDT:USDT,0.8243,37242.0,0.8242,89306.0,0.8244,18820.0,0.8245,53224.0
1753504021542,04:27:01.542,ADA/USDT:USDT,0.8243,37210.0,0.8242,89306.0,0.8244,18826.0,0.8245,53800.0
1753504021647,04:27:01.647,ADA/USDT:USDT,0.8243,37138.0,0.8242,91388.0,0.8244,18826.0,0.8245,53800.0
1753504021750,04:27:01.750,ADA/USDT:USDT,0.8243,45064.0,0.8242,92696.0,0.8244,1905.0,0.8245,45261.0
1753504021854,04:27:01.854,ADA/USDT:USDT,0.8243,45177.0,0.8242,92454.0,0.8244,1926.0,0.8245,43439.0
1753504021955,04:27:01.955,ADA/USDT:USDT,0.8243,47311.0,0.8242,98925.0,0.8244,1926.0,0.8245,43439.0
1753504022056,04:27:02.056,ADA/USDT:USDT,0.8243,47187.0,0.8242,100137.0,0.8244,1926.0,0.8245,43439.0
1753504022157,04:27:02.157,ADA/USDT:USDT,0.8243,47675.0,0.8242,102937.0,0.8244,1933.0,0.8245,43409.0
1753504022262,04:27:02.262,ADA/USDT:USDT,0.8243,47631.0,0.8242,102937.0,0.8244,1933.0,0.8245,43409.0
1753504022374,04:27:02.374,ADA/USDT:USDT,0.8243,41309.0,0.8242,102937.0,0.8244,1933.0,0.8245,43409.0
1753504022497,04:27:02.497,ADA/USDT:USDT,0.8243,51246.0,0.8242,117695.0,0.8244,1933.0,0.8245,42253.0
1753504022599,04:27:02.599,ADA/USDT:USDT,0.8244,56407.0,0.8243,91262.0,0.8245,34504.0,0.8246,36001.0
1753504022700,04:27:02.700,ADA/USDT:USDT,0.8244,59197.0,0.8243,86424.0,0.8245,23742.0,0.8246,31222.0
1753504022809,04:27:02.809,ADA/USDT:USDT,0.8244,52850.0,0.8243,86439.0,0.8245,34724.0,0.8246,32238.0
1753504022928,04:27:02.928,ADA/USDT:USDT,0.8244,52850.0,0.8243,85897.0,0.8245,28663.0,0.8246,32230.0
1753504023048,04:27:03.048,ADA/USDT:USDT,0.8244,52850.0,0.8243,85897.0,0.8245,28663.0,0.8246,32230.0
1753504023153,04:27:03.153,ADA/USDT:USDT,0.8244,52869.0,0.8243,85878.0,0.8245,28663.0,0.8246,32230.0
1753504023293,04:27:03.293,ADA/USDT:USDT,0.8244,54032.0,0.8243,84956.0,0.8245,28663.0,0.8246,32230.0
1753504023398,04:27:03.398,ADA/USDT:USDT,0.8244,54474.0,0.8243,84956.0,0.8245,28663.0,0.8246,32230.0
1753504023632,04:27:03.632,ADA/USDT:USDT,0.8244,54503.0,0.8243,78992.0,0.8245,25503.0,0.8246,31030.0
1753504023734,04:27:03.734,ADA/USDT:USDT,0.8244,54503.0,0.8243,78967.0,0.8245,25494.0,0.8246,31030.0
1753504023872,04:27:03.872,ADA/USDT:USDT,0.8244,54503.0,0.8243,78967.0,0.8245,25503.0,0.8246,31030.0
1753504023981,04:27:03.981,ADA/USDT:USDT,0.8244,54503.0,0.8243,78967.0,0.8245,19365.0,0.8246,31030.0
1753504024083,04:27:04.083,ADA/USDT:USDT,0.8244,54503.0,0.8243,85438.0,0.8245,14741.0,0.8246,42022.0
1753504024184,04:27:04.184,ADA/USDT:USDT,0.8244,54503.0,0.8243,85438.0,0.8245,14741.0,0.8246,42022.0
1753504024289,04:27:04.289,ADA/USDT:USDT,0.8244,54503.0,0.8243,78967.0,0.8245,25503.0,0.8246,43247.0
1753504024394,04:27:04.394,ADA/USDT:USDT,0.8244,54510.0,0.8243,79209.0,0.8245,25503.0,0.8246,49718.0
1753504024503,04:27:04.503,ADA/USDT:USDT,0.8244,54517.0,0.8243,85680.0,0.8245,25901.0,0.8246,43222.0
1753504024605,04:27:04.605,ADA/USDT:USDT,0.8244,54524.0,0.8243,86282.0,0.8245,25901.0,0.8246,43222.0
1753504024706,04:27:04.706,ADA/USDT:USDT,0.8244,54524.0,0.8243,86065.0,0.8245,25901.0,0.8246,43222.0
1753504024808,04:27:04.808,ADA/USDT:USDT,0.8244,54524.0,0.8243,79569.0,0.8245,25946.0,0.8246,49693.0
1753504024909,04:27:04.909,ADA/USDT:USDT,0.8244,54524.0,0.8243,79626.0,0.8245,25946.0,0.8246,49960.0
1753504025020,04:27:05.020,ADA/USDT:USDT,0.8244,54524.0,0.8243,83265.0,0.8245,29146.0,0.8246,49960.0
1753504025122,04:27:05.122,ADA/USDT:USDT,0.8244,54524.0,0.8243,83265.0,0.8245,32955.0,0.8246,49969.0
1753504025232,04:27:05.232,ADA/USDT:USDT,0.8244,54524.0,0.8243,83265.0,0.8245,32955.0,0.8246,49727.0
1753504025341,04:27:05.341,ADA/USDT:USDT,0.8244,54524.0,0.8243,83265.0,0.8245,29147.0,0.8246,49727.0
1753504025449,04:27:05.449,ADA/USDT:USDT,0.8244,54524.0,0.8243,83265.0,0.8245,29147.0,0.8246,49727.0
1753504025552,04:27:05.552,ADA/USDT:USDT,0.8244,54524.0,0.8243,83532.0,0.8245,29147.0,0.8246,43231.0
1753504025693,04:27:05.693,ADA/USDT:USDT,0.8244,54176.0,0.8243,79982.0,0.8245,29006.0,0.8246,43231.0
1753504025809,04:27:05.809,ADA/USDT:USDT,0.8244,54176.0,0.8243,80007.0,0.8245,28897.0,0.8246,43125.0
1753504025916,04:27:05.916,ADA/USDT:USDT,0.8244,54176.0,0.8243,80007.0,0.8245,28897.0,0.8246,42883.0
1753504026035,04:27:06.035,ADA/USDT:USDT,0.8244,54711.0,0.8243,79634.0,0.8245,31155.0,0.8246,43231.0
1753504026136,04:27:06.136,ADA/USDT:USDT,0.8244,56063.0,0.8243,79634.0,0.8245,29314.0,0.8246,43231.0
1753504026246,04:27:06.246,ADA/USDT:USDT,0.8244,56063.0,0.8243,49962.0,0.8245,27934.0,0.8246,43256.0
1753504026348,04:27:06.348,ADA/USDT:USDT,0.8244,56123.0,0.8243,49962.0,0.8245,26133.0,0.8246,43256.0
1753504026453,04:27:06.453,ADA/USDT:USDT,0.8244,56207.0,0.8243,49962.0,0.8245,26133.0,0.8246,43256.0
1753504026602,04:27:06.602,ADA/USDT:USDT,0.8244,56224.0,0.8243,50204.0,0.8245,26133.0,0.8246,43231.0
1753504026703,04:27:06.703,ADA/USDT:USDT,0.8244,56224.0,0.8243,50229.0,0.8245,26133.0,0.8246,43231.0
1753504026813,04:27:06.813,ADA/USDT:USDT,0.8244,56224.0,0.8243,50229.0,0.8245,26133.0,0.8246,43231.0
1753504026943,04:27:06.943,ADA/USDT:USDT,0.8244,56224.0,0.8243,49987.0,0.8245,26133.0,0.8246,43231.0
1753504027048,04:27:07.048,ADA/USDT:USDT,0.8244,56224.0,0.8243,49987.0,0.8245,26133.0,0.8246,43231.0
1753504027167,04:27:07.167,ADA/USDT:USDT,0.8244,56224.0,0.8243,49987.0,0.8245,26133.0,0.8246,43231.0
1753504027285,04:27:07.285,ADA/USDT:USDT,0.8244,56224.0,0.8243,49987.0,0.8245,26133.0,0.8246,43262.0
1753504027402,04:27:07.402,ADA/USDT:USDT,0.8244,55847.0,0.8243,50310.0,0.8245,33342.0,0.8246,43504.0
1753504027505,04:27:07.505,ADA/USDT:USDT,0.8244,56196.0,0.8243,47162.0,0.8245,29533.0,0.8246,43649.0
1753504027606,04:27:07.606,ADA/USDT:USDT,0.8244,56196.0,0.8243,47162.0,0.8245,29533.0,0.8246,43529.0
1753504027783,04:27:07.783,ADA/USDT:USDT,0.8244,56196.0,0.8243,47162.0,0.8245,29533.0,0.8246,43498.0
1753504027888,04:27:07.888,ADA/USDT:USDT,0.8244,56196.0,0.8243,47187.0,0.8245,29533.0,0.8246,43498.0
1753504028002,04:27:08.002,ADA/USDT:USDT,0.8244,56196.0,0.8243,47162.0,0.8245,29533.0,0.8246,43498.0
1753504028107,04:27:08.107,ADA/USDT:USDT,0.8244,56196.0,0.8243,47162.0,0.8245,29533.0,0.8246,43256.0
1753504028213,04:27:08.213,ADA/USDT:USDT,0.8244,56196.0,0.8243,47187.0,0.8245,29533.0,0.8246,43256.0
1753504028322,04:27:08.322,ADA/USDT:USDT,0.8244,56196.0,0.8243,47187.0,0.8245,26133.0,0.8246,43231.0
1753504028424,04:27:08.424,ADA/USDT:USDT,0.8244,56196.0,0.8243,47187.0,0.8245,26131.0,0.8246,43473.0
1753504028559,04:27:08.559,ADA/USDT:USDT,0.8244,56196.0,0.8243,47187.0,0.8245,26131.0,0.8246,43473.0
1753504028662,04:27:08.662,ADA/USDT:USDT,0.8244,58215.0,0.8243,49987.0,0.8245,26131.0,0.8246,43473.0
1753504028763,04:27:08.763,ADA/USDT:USDT,0.8244,36687.0,0.8243,44710.0,0.8245,26131.0,0.8246,43125.0
1753504028889,04:27:08.889,ADA/USDT:USDT,0.8244,21163.0,0.8243,41397.0,0.8245,52938.0,0.8246,73916.0
1753504028993,04:27:08.993,ADA/USDT:USDT,0.8244,7345.0,0.8243,41397.0,0.8245,53747.0,0.8246,74036.0
1753504029102,04:27:09.102,ADA/USDT:USDT,0.8244,7352.0,0.8243,41397.0,0.8245,53867.0,0.8246,74036.0
1753504029217,04:27:09.217,ADA/USDT:USDT,0.8244,7344.0,0.8243,41397.0,0.8245,53867.0,0.8246,74036.0
1753504029351,04:27:09.351,ADA/USDT:USDT,0.8244,7203.0,0.8243,41397.0,0.8245,50058.0,0.8246,74156.0
1753504029479,04:27:09.479,ADA/USDT:USDT,0.8244,7203.0,0.8243,41397.0,0.8245,50789.0,0.8246,74516.0
1753504029593,04:27:09.593,ADA/USDT:USDT,0.8244,7214.0,0.8243,41397.0,0.8245,50789.0,0.8246,75094.0
1753504029704,04:27:09.704,ADA/USDT:USDT,0.8244,7214.0,0.8243,41397.0,0.8245,50789.0,0.8246,75094.0
1753504029826,04:27:09.826,ADA/USDT:USDT,0.8244,7195.0,0.8243,41397.0,0.8245,51012.0,0.8246,77652.0
1753504029942,04:27:09.942,ADA/USDT:USDT,0.8244,7182.0,0.8243,41397.0,0.8245,50999.0,0.8246,79252.0
1753504030060,04:27:10.060,ADA/USDT:USDT,0.8244,7173.0,0.8243,41288.0,0.8245,50965.0,0.8246,79252.0
1753504030161,04:27:10.161,ADA/USDT:USDT,0.8244,7173.0,0.8243,41288.0,0.8245,50965.0,0.8246,79252.0
1753504030297,04:27:10.297,ADA/USDT:USDT,0.8244,7174.0,0.8243,41288.0,0.8245,50965.0,0.8246,79252.0
1753504030428,04:27:10.428,ADA/USDT:USDT,0.8244,7089.0,0.8243,41288.0,0.8245,58115.0,0.8246,79492.0
1753504030530,04:27:10.530,ADA/USDT:USDT,0.8243,15718.0,0.8242,91024.0,0.8244,70326.0,0.8245,71711.0
1753504030633,04:27:10.633,ADA/USDT:USDT,0.8243,15690.0,0.8242,91605.0,0.8244,59420.0,0.8245,73422.0
1753504030736,04:27:10.736,ADA/USDT:USDT,0.8243,21458.0,0.8242,92871.0,0.8244,49502.0,0.8245,78039.0
1753504030852,04:27:10.852,ADA/USDT:USDT,0.8243,21458.0,0.8242,92871.0,0.8244,49502.0,0.8245,78039.0
1753504030961,04:27:10.961,ADA/USDT:USDT,0.8243,16282.0,0.8242,92871.0,0.8244,49502.0,0.8245,77691.0
1753504031073,04:27:11.073,ADA/USDT:USDT,0.8243,16282.0,0.8242,92871.0,0.8244,49502.0,0.8245,77691.0
1753504031184,04:27:11.184,ADA/USDT:USDT,0.8243,16389.0,0.8242,92871.0,0.8244,50060.0,0.8245,77709.0
1753504031292,04:27:11.292,ADA/USDT:USDT,0.8243,16909.0,0.8242,92871.0,0.8244,50060.0,0.8245,77709.0
1753504031396,04:27:11.396,ADA/USDT:USDT,0.8243,16909.0,0.8242,92939.0,0.8244,50298.0,0.8245,77658.0
1753504031506,04:27:11.506,ADA/USDT:USDT,0.8243,41718.0,0.8242,93518.0,0.8244,33204.0,0.8245,64314.0
1753504031615,04:27:11.615,ADA/USDT:USDT,0.8243,41718.0,0.8242,93518.0,0.8244,32833.0,0.8245,63952.0
1753504031724,04:27:11.724,ADA/USDT:USDT,0.8243,41718.0,0.8242,93518.0,0.8244,30775.0,0.8245,59925.0
1753504031827,04:27:11.827,ADA/USDT:USDT,0.8243,41718.0,0.8242,93518.0,0.8244,19900.0,0.8245,59905.0
1753504031948,04:27:11.948,ADA/USDT:USDT,0.8243,41718.0,0.8242,93518.0,0.8244,19780.0,0.8245,59905.0
1753504032050,04:27:12.050,ADA/USDT:USDT,0.8243,43562.0,0.8242,93518.0,0.8244,19818.0,0.8245,59905.0
1753504032153,04:27:12.153,ADA/USDT:USDT,0.8243,43562.0,0.8242,93518.0,0.8244,19818.0,0.8245,59905.0
1753504032279,04:27:12.279,ADA/USDT:USDT,0.8243,37203.0,0.8242,93518.0,0.8244,19818.0,0.8245,59905.0
1753504032422,04:27:12.422,ADA/USDT:USDT,0.8243,43611.0,0.8242,93518.0,0.8244,30530.0,0.8245,59905.0
1753504032526,04:27:12.526,ADA/USDT:USDT,0.8243,37289.0,0.8242,93518.0,0.8244,30530.0,0.8245,59663.0
1753504032634,04:27:12.634,ADA/USDT:USDT,0.8243,37289.0,0.8242,93493.0,0.8244,30530.0,0.8245,60129.0
1753504032773,04:27:12.773,ADA/USDT:USDT,0.8243,37289.0,0.8242,93493.0,0.8244,30530.0,0.8245,60396.0
1753504032946,04:27:12.946,ADA/USDT:USDT,0.8243,37289.0,0.8242,93493.0,0.8244,30530.0,0.8245,60396.0
1753504033053,04:27:13.053,ADA/USDT:USDT,0.8243,37289.0,0.8242,93493.0,0.8244,30966.0,0.8245,59965.0
1753504033203,04:27:13.203,ADA/USDT:USDT,0.8243,37289.0,0.8242,93493.0,0.8244,30966.0,0.8245,59965.0
1753504033306,04:27:13.306,ADA/USDT:USDT,0.8243,37289.0,0.8242,92814.0,0.8244,30966.0,0.8245,59845.0
1753504033416,04:27:13.416,ADA/USDT:USDT,0.8243,43715.0,0.8242,93525.0,0.8244,30966.0,0.8245,59234.0
1753504033530,04:27:13.530,ADA/USDT:USDT,0.8243,43715.0,0.8242,93525.0,0.8244,30966.0,0.8245,59234.0
1753504033657,04:27:13.657,ADA/USDT:USDT,0.8243,43715.0,0.8242,93525.0,0.8244,30966.0,0.8245,59234.0
1753504033763,04:27:13.763,ADA/USDT:USDT,0.8243,43715.0,0.8242,93525.0,0.8244,30966.0,0.8245,59234.0
1753504033913,04:27:13.913,ADA/USDT:USDT,0.8243,43715.0,0.8242,93525.0,0.8244,30966.0,0.8245,59234.0
1753504034087,04:27:14.087,ADA/USDT:USDT,0.8243,43715.0,0.8242,93525.0,0.8244,30966.0,0.8245,59234.0
1753504034209,04:27:14.209,ADA/USDT:USDT,0.8243,43715.0,0.8242,93534.0,0.8244,20204.0,0.8245,59234.0
1753504034312,04:27:14.312,ADA/USDT:USDT,0.8243,16804.0,0.8242,93162.0,0.8244,32245.0,0.8245,61695.0
1753504034413,04:27:14.413,ADA/USDT:USDT,0.8243,13156.0,0.8242,87151.0,0.8244,28487.0,0.8245,62384.0
1753504034534,04:27:14.534,ADA/USDT:USDT,0.8243,14645.0,0.8242,87142.0,0.8244,32342.0,0.8245,62384.0
1753504034642,04:27:14.642,ADA/USDT:USDT,0.8243,14645.0,0.8242,87142.0,0.8244,32342.0,0.8245,62985.0
1753504034745,04:27:14.745,ADA/USDT:USDT,0.8243,21056.0,0.8242,87151.0,0.8244,28098.0,0.8245,62296.0
1753504034847,04:27:14.847,ADA/USDT:USDT,0.8243,27726.0,0.8242,86803.0,0.8244,27725.0,0.8245,59844.0
1753504034953,04:27:14.953,ADA/USDT:USDT,0.8243,27726.0,0.8242,86837.0,0.8244,27725.0,0.8245,59834.0
1753504035054,04:27:15.054,ADA/USDT:USDT,0.8243,27751.0,0.8242,86837.0,0.8244,27725.0,0.8245,59834.0
1753504035157,04:27:15.157,ADA/USDT:USDT,0.8243,27726.0,0.8242,86837.0,0.8244,27734.0,0.8245,59834.0
1753504035286,04:27:15.286,ADA/USDT:USDT,0.8243,21056.0,0.8242,87160.0,0.8244,27744.0,0.8245,59859.0
1753504035389,04:27:15.389,ADA/USDT:USDT,0.8243,21056.0,0.8242,87160.0,0.8244,27744.0,0.8245,59859.0
1753504035503,04:27:15.503,ADA/USDT:USDT,0.8243,27392.0,0.8242,86812.0,0.8244,27631.0,0.8245,59834.0
1753504035606,04:27:15.606,ADA/USDT:USDT,0.8243,21418.0,0.8242,86812.0,0.8244,27631.0,0.8245,59592.0
1753504035722,04:27:15.722,ADA/USDT:USDT,0.8243,21418.0,0.8242,86812.0,0.8244,27631.0,0.8245,59592.0
1753504035825,04:27:15.825,ADA/USDT:USDT,0.8243,21418.0,0.8242,90451.0,0.8244,27631.0,0.8245,59859.0
1753504035936,04:27:15.936,ADA/USDT:USDT,0.8243,21418.0,0.8242,90451.0,0.8244,27631.0,0.8245,59859.0
1753504036053,04:27:16.053,ADA/USDT:USDT,0.8243,21418.0,0.8242,90451.0,0.8244,27631.0,0.8245,59859.0
1753504036161,04:27:16.161,ADA/USDT:USDT,0.8243,21418.0,0.8242,90451.0,0.8244,27631.0,0.8245,59859.0
1753504036282,04:27:16.282,ADA/USDT:USDT,0.8243,27740.0,0.8242,90476.0,0.8244,27640.0,0.8245,59834.0
1753504036394,04:27:16.394,ADA/USDT:USDT,0.8243,27740.0,0.8242,90476.0,0.8244,27642.0,0.8245,59834.0
1753504036515,04:27:16.515,ADA/USDT:USDT,0.8243,21082.0,0.8242,90799.0,0.8244,31890.0,0.8245,60554.0
1753504036667,04:27:16.667,ADA/USDT:USDT,0.8243,21083.0,0.8242,90799.0,0.8244,28088.0,0.8245,59511.0
1753504036805,04:27:16.805,ADA/USDT:USDT,0.8243,21083.0,0.8242,90799.0,0.8244,28088.0,0.8245,59511.0
1753504036913,04:27:16.913,ADA/USDT:USDT,0.8243,21083.0,0.8242,90799.0,0.8244,28088.0,0.8245,59511.0
1753504037032,04:27:17.032,ADA/USDT:USDT,0.8243,20974.0,0.8242,90451.0,0.8244,28088.0,0.8245,60554.0
1753504037140,04:27:17.140,ADA/USDT:USDT,0.8243,20974.0,0.8242,90799.0,0.8244,28088.0,0.8245,59859.0
1753504037315,04:27:17.315,ADA/USDT:USDT,0.8243,20974.0,0.8242,90799.0,0.8244,28088.0,0.8245,59834.0
1753504037446,04:27:17.446,ADA/USDT:USDT,0.8243,27644.0,0.8242,90451.0,0.8244,25973.0,0.8245,59834.0
1753504037628,04:27:17.628,ADA/USDT:USDT,0.8243,27643.0,0.8242,90451.0,0.8244,25973.0,0.8245,59834.0
1753504037753,04:27:17.753,ADA/USDT:USDT,0.8243,21321.0,0.8242,90451.0,0.8244,25973.0,0.8245,59834.0
1753504037892,04:27:17.892,ADA/USDT:USDT,0.8243,21321.0,0.8242,90451.0,0.8244,25973.0,0.8245,59834.0
1753504038002,04:27:18.002,ADA/USDT:USDT,0.8243,21321.0,0.8242,90451.0,0.8244,25973.0,0.8245,59834.0
1753504038108,04:27:18.108,ADA/USDT:USDT,0.8243,30577.0,0.8242,93977.0,0.8244,2955.0,0.8245,59224.0
1753504038209,04:27:18.209,ADA/USDT:USDT,0.8243,36344.0,0.8242,105338.0,0.8244,2955.0,0.8245,49130.0
1753504038311,04:27:18.311,ADA/USDT:USDT,0.8243,39171.0,0.8242,105338.0,0.8244,2341.0,0.8245,49130.0
1753504038426,04:27:18.426,ADA/USDT:USDT,0.8243,36830.0,0.8242,106607.0,0.8244,2341.0,0.8245,43589.0
1753504038536,04:27:18.536,ADA/USDT:USDT,0.8244,57562.0,0.8243,97181.0,0.8245,25623.0,0.8246,44155.0
1753504038640,04:27:18.640,ADA/USDT:USDT,0.8244,57583.0,0.8243,95969.0,0.8245,25623.0,0.8246,44155.0
1753504038742,04:27:18.742,ADA/USDT:USDT,0.8244,51261.0,0.8243,95969.0,0.8245,25623.0,0.8246,44397.0
1753504038909,04:27:18.909,ADA/USDT:USDT,0.8244,19285.0,0.8243,52924.0,0.8245,51297.0,0.8246,54057.0
1753504039014,04:27:19.014,ADA/USDT:USDT,0.8244,19285.0,0.8243,52924.0,0.8245,51297.0,0.8246,54177.0
1753504039123,04:27:19.123,ADA/USDT:USDT,0.8244,15527.0,0.8243,52873.0,0.8245,32755.0,0.8246,43816.0
1753504039226,04:27:19.226,ADA/USDT:USDT,0.8244,15527.0,0.8243,52873.0,0.8245,32513.0,0.8246,53356.0
1753504039350,04:27:19.350,ADA/USDT:USDT,0.8244,15527.0,0.8243,52873.0,0.8245,32893.0,0.8246,44872.0
1753504039468,04:27:19.468,ADA/USDT:USDT,0.8244,15860.0,0.8243,52742.0,0.8245,32913.0,0.8246,44897.0
1753504039571,04:27:19.571,ADA/USDT:USDT,0.8244,16085.0,0.8243,52742.0,0.8245,36978.0,0.8246,45213.0
1753504039680,04:27:19.680,ADA/USDT:USDT,0.8244,16085.0,0.8243,52742.0,0.8245,36978.0,0.8246,45213.0
1753504039787,04:27:19.787,ADA/USDT:USDT,0.8244,16085.0,0.8243,52742.0,0.8245,37725.0,0.8246,48013.0
1753504039905,04:27:19.905,ADA/USDT:USDT,0.8244,16525.0,0.8243,52246.0,0.8245,37725.0,0.8246,48038.0
1753504040015,04:27:20.015,ADA/USDT:USDT,0.8244,16525.0,0.8243,52246.0,0.8245,33916.0,0.8246,48038.0
1753504040121,04:27:20.121,ADA/USDT:USDT,0.8244,16634.0,0.8243,52246.0,0.8245,33916.0,0.8246,48038.0
1753504040224,04:27:20.224,ADA/USDT:USDT,0.8244,16634.0,0.8243,52246.0,0.8245,33916.0,0.8246,48038.0
1753504040326,04:27:20.326,ADA/USDT:USDT,0.8244,16634.0,0.8243,52246.0,0.8245,33916.0,0.8246,48038.0
1753504040461,04:27:20.461,ADA/USDT:USDT,0.8243,10859.0,0.8242,87752.0,0.8244,61761.0,0.8245,63204.0
1753504040564,04:27:20.564,ADA/USDT:USDT,0.8243,10859.0,0.8242,87752.0,0.8244,61705.0,0.8245,63077.0
1753504040666,04:27:20.666,ADA/USDT:USDT,0.8243,10859.0,0.8242,87752.0,0.8244,62100.0,0.8245,62704.0
1753504040773,04:27:20.773,ADA/USDT:USDT,0.8243,10859.0,0.8242,87752.0,0.8244,62100.0,0.8245,62946.0
1753504040876,04:27:20.876,ADA/USDT:USDT,0.8243,10919.0,0.8242,87752.0,0.8244,65934.0,0.8245,66586.0
1753504040980,04:27:20.980,ADA/USDT:USDT,0.8243,7172.0,0.8242,87752.0,0.8244,62100.0,0.8245,66586.0
1753504041090,04:27:21.090,ADA/USDT:USDT,0.8243,7172.0,0.8242,87752.0,0.8244,62100.0,0.8245,66586.0
1753504041209,04:27:21.209,ADA/USDT:USDT,0.8243,7172.0,0.8242,87752.0,0.8244,52157.0,0.8245,66586.0
1753504041310,04:27:21.310,ADA/USDT:USDT,0.8243,7172.0,0.8242,87752.0,0.8244,52157.0,0.8245,63086.0
1753504041416,04:27:21.416,ADA/USDT:USDT,0.8243,15841.0,0.8242,87752.0,0.8244,52157.0,0.8245,60381.0
1753504041522,04:27:21.522,ADA/USDT:USDT,0.8243,15841.0,0.8242,87752.0,0.8244,52157.0,0.8245,60139.0
1753504041635,04:27:21.635,ADA/USDT:USDT,0.8243,15841.0,0.8242,87752.0,0.8244,52157.0,0.8245,60019.0
1753504041740,04:27:21.740,ADA/USDT:USDT,0.8243,15839.0,0.8242,87777.0,0.8244,50537.0,0.8245,60609.0
1753504041881,04:27:21.881,ADA/USDT:USDT,0.8243,9517.0,0.8242,86929.0,0.8244,50537.0,0.8245,61070.0
1753504042006,04:27:22.006,ADA/USDT:USDT,0.8243,10955.0,0.8242,86929.0,0.8244,50885.0,0.8245,60406.0
1753504042111,04:27:22.111,ADA/USDT:USDT,0.8243,12774.0,0.8242,87171.0,0.8244,50885.0,0.8245,60406.0
1753504042214,04:27:22.214,ADA/USDT:USDT,0.8243,12774.0,0.8242,87171.0,0.8244,50885.0,0.8245,60406.0
1753504042327,04:27:22.327,ADA/USDT:USDT,0.8243,29039.0,0.8242,87541.0,0.8244,29847.0,0.8245,51422.0
1753504042430,04:27:22.430,ADA/USDT:USDT,0.8243,29039.0,0.8242,87541.0,0.8244,29867.0,0.8245,51403.0
1753504042536,04:27:22.536,ADA/USDT:USDT,0.8243,27576.0,0.8242,86606.0,0.8244,30109.0,0.8245,51041.0
1753504042638,04:27:22.638,ADA/USDT:USDT,0.8243,10836.0,0.8242,87528.0,0.8244,30437.0,0.8245,52002.0
1753504042778,04:27:22.778,ADA/USDT:USDT,0.8243,10836.0,0.8242,87528.0,0.8244,30437.0,0.8245,52002.0
1753504042879,04:27:22.879,ADA/USDT:USDT,0.8243,17099.0,0.8242,87553.0,0.8244,29847.0,0.8245,51632.0
1753504043012,04:27:23.012,ADA/USDT:USDT,0.8243,10815.0,0.8242,87528.0,0.8244,29847.0,0.8245,51511.0
1753504043113,04:27:23.113,ADA/USDT:USDT,0.8243,10836.0,0.8242,87528.0,0.8244,30210.0,0.8245,52207.0
1753504043253,04:27:23.253,ADA/USDT:USDT,0.8243,17099.0,0.8242,87795.0,0.8244,29862.0,0.8245,51859.0
1753504043368,04:27:23.368,ADA/USDT:USDT,0.8243,10836.0,0.8242,87795.0,0.8244,30210.0,0.8245,51616.0
1753504043500,04:27:23.500,ADA/USDT:USDT,0.8243,10836.0,0.8242,87795.0,0.8244,30198.0,0.8245,51616.0
1753504043606,04:27:23.606,ADA/USDT:USDT,0.8243,10836.0,0.8242,87528.0,0.8244,30198.0,0.8245,52231.0
1753504043847,04:27:23.847,ADA/USDT:USDT,0.8243,10836.0,0.8242,87528.0,0.8244,30198.0,0.8245,51964.0
1753504043983,04:27:23.983,ADA/USDT:USDT,0.8243,10836.0,0.8242,87528.0,0.8244,30440.0,0.8245,51964.0
1753504044162,04:27:24.162,ADA/USDT:USDT,0.8243,10853.0,0.8242,87554.0,0.8244,30440.0,0.8245,51964.0
1753504044264,04:27:24.264,ADA/USDT:USDT,0.8243,17116.0,0.8242,87554.0,0.8244,30440.0,0.8245,51268.0
1753504044368,04:27:24.368,ADA/USDT:USDT,0.8243,22008.0,0.8242,91546.0,0.8244,30092.0,0.8245,51026.0
1753504044482,04:27:24.482,ADA/USDT:USDT,0.8243,22008.0,0.8242,91546.0,0.8244,30414.0,0.8245,51026.0
1753504044584,04:27:24.584,ADA/USDT:USDT,0.8243,10848.0,0.8242,91194.0,0.8244,30520.0,0.8245,51960.0
1753504044686,04:27:24.686,ADA/USDT:USDT,0.8243,10848.0,0.8242,91194.0,0.8244,30520.0,0.8245,51985.0
1753504044792,04:27:24.792,ADA/USDT:USDT,0.8243,10848.0,0.8242,87554.0,0.8244,30762.0,0.8245,51985.0
1753504044895,04:27:24.895,ADA/USDT:USDT,0.8243,10848.0,0.8242,87554.0,0.8244,30762.0,0.8245,61646.0
1753504044997,04:27:24.997,ADA/USDT:USDT,0.8243,10848.0,0.8242,87554.0,0.8244,30762.0,0.8245,61646.0
1753504045219,04:27:25.219,ADA/USDT:USDT,0.8243,10848.0,0.8242,87563.0,0.8244,30762.0,0.8245,61655.0
1753504045370,04:27:25.370,ADA/USDT:USDT,0.8243,10848.0,0.8242,87563.0,0.8244,30762.0,0.8245,61534.0
1753504045502,04:27:25.502,ADA/USDT:USDT,0.8243,17564.0,0.8242,91227.0,0.8244,30233.0,0.8245,51631.0
1753504045605,04:27:25.605,ADA/USDT:USDT,0.8243,17564.0,0.8242,91227.0,0.8244,30233.0,0.8245,51269.0
1753504045718,04:27:25.718,ADA/USDT:USDT,0.8243,11301.0,0.8242,91202.0,0.8244,30475.0,0.8245,51997.0
1753504045837,04:27:25.837,ADA/USDT:USDT,0.8243,11301.0,0.8242,91202.0,0.8244,30484.0,0.8245,51997.0
1753504045943,04:27:25.943,ADA/USDT:USDT,0.8243,11127.0,0.8242,82061.0,0.8244,34051.0,0.8245,64457.0
1753504046044,04:27:26.044,ADA/USDT:USDT,0.8243,4522.0,0.8242,63854.0,0.8244,40314.0,0.8245,68977.0
1753504046156,04:27:26.156,ADA/USDT:USDT,0.8243,1802.0,0.8242,63854.0,0.8244,46671.0,0.8245,69217.0
1753504046259,04:27:26.259,ADA/USDT:USDT,0.8242,26998.0,0.8241,78286.0,0.8243,70611.0,0.8244,55895.0
1753504046361,04:27:26.361,ADA/USDT:USDT,0.8242,26998.0,0.8241,80801.0,0.8243,70877.0,0.8244,75037.0
1753504046465,04:27:26.465,ADA/USDT:USDT,0.8242,23138.0,0.8241,80801.0,0.8243,70877.0,0.8244,79320.0
1753504046567,04:27:26.567,ADA/USDT:USDT,0.8242,23159.0,0.8241,81410.0,0.8243,67068.0,0.8244,79894.0
1753504046670,04:27:26.670,ADA/USDT:USDT,0.8242,23159.0,0.8241,90168.0,0.8243,66311.0,0.8244,79919.0
1753504046806,04:27:26.806,ADA/USDT:USDT,0.8242,23159.0,0.8241,90168.0,0.8243,73843.0,0.8244,70379.0
1753504046909,04:27:26.909,ADA/USDT:USDT,0.8242,23150.0,0.8241,90168.0,0.8243,63953.0,0.8244,70379.0
1753504047014,04:27:27.014,ADA/USDT:USDT,0.8242,23150.0,0.8241,90168.0,0.8243,63953.0,0.8244,70268.0
1753504047118,04:27:27.118,ADA/USDT:USDT,0.8242,23150.0,0.8241,90168.0,0.8243,63953.0,0.8244,70268.0
1753504047229,04:27:27.229,ADA/USDT:USDT,0.8242,23150.0,0.8241,90168.0,0.8243,63953.0,0.8244,73908.0
1753504047340,04:27:27.340,ADA/USDT:USDT,0.8242,23117.0,0.8241,90168.0,0.8243,73885.0,0.8244,74028.0
1753504047459,04:27:27.459,ADA/USDT:USDT,0.8242,15871.0,0.8241,89567.0,0.8243,73909.0,0.8244,74028.0
1753504047562,04:27:27.562,ADA/USDT:USDT,0.8242,15871.0,0.8241,90156.0,0.8243,73909.0,0.8244,73908.0
1753504047671,04:27:27.671,ADA/USDT:USDT,0.8242,21804.0,0.8241,90181.0,0.8243,44550.0,0.8244,64629.0
1753504047772,04:27:27.772,ADA/USDT:USDT,0.8242,21804.0,0.8241,90181.0,0.8243,44550.0,0.8244,60989.0
1753504047907,04:27:27.907,ADA/USDT:USDT,0.8242,32566.0,0.8241,90181.0,0.8243,44202.0,0.8244,66641.0
1753504048008,04:27:28.008,ADA/USDT:USDT,0.8242,38589.0,0.8241,89833.0,0.8243,36710.0,0.8244,59820.0
1753504048110,04:27:28.110,ADA/USDT:USDT,0.8242,40408.0,0.8241,90535.0,0.8243,42594.0,0.8244,59805.0
1753504048316,04:27:28.316,ADA/USDT:USDT,0.8242,40408.0,0.8241,90535.0,0.8243,42594.0,0.8244,59805.0
1753504048433,04:27:28.433,ADA/USDT:USDT,0.8242,40408.0,0.8241,90535.0,0.8243,29826.0,0.8244,59785.0
1753504048536,04:27:28.536,ADA/USDT:USDT,0.8242,28519.0,0.8241,90181.0,0.8243,40640.0,0.8244,63572.0
1753504048642,04:27:28.642,ADA/USDT:USDT,0.8242,28519.0,0.8241,90156.0,0.8243,40640.0,0.8244,64179.0
1753504048750,04:27:28.750,ADA/USDT:USDT,0.8242,59867.0,0.8241,120973.0,0.8243,3476.0,0.8244,54133.0
1753504048852,04:27:28.852,ADA/USDT:USDT,0.8242,59892.0,0.8241,120973.0,0.8243,3476.0,0.8244,54133.0
1753504048953,04:27:28.953,ADA/USDT:USDT,0.8242,60700.0,0.8241,124612.0,0.8243,3476.0,0.8244,54133.0
1753504049073,04:27:29.073,ADA/USDT:USDT,0.8242,60700.0,0.8241,124612.0,0.8243,3476.0,0.8244,40721.0
1753504049193,04:27:29.193,ADA/USDT:USDT,0.8242,60688.0,0.8241,124751.0,0.8243,3476.0,0.8244,40721.0
1753504049329,04:27:29.329,ADA/USDT:USDT,0.8242,60688.0,0.8241,124751.0,0.8243,3925.0,0.8244,40721.0
1753504049433,04:27:29.433,ADA/USDT:USDT,0.8242,60695.0,0.8241,127551.0,0.8243,3925.0,0.8244,40721.0
1753504049540,04:27:29.540,ADA/USDT:USDT,0.8242,69346.0,0.8241,131191.0,0.8243,3959.0,0.8244,40686.0
1753504049652,04:27:29.652,ADA/USDT:USDT,0.8242,69466.0,0.8241,137774.0,0.8243,3959.0,0.8244,40686.0
1753504049761,04:27:29.761,ADA/USDT:USDT,0.8242,70327.0,0.8241,137774.0,0.8243,3848.0,0.8244,40686.0
1753504049894,04:27:29.894,ADA/USDT:USDT,0.8242,70327.0,0.8241,137774.0,0.8243,3848.0,0.8244,40686.0
1753504050067,04:27:30.067,ADA/USDT:USDT,0.8242,54722.0,0.8241,135169.0,0.8243,21196.0,0.8244,40711.0
1753504050181,04:27:30.181,ADA/USDT:USDT,0.8242,50963.0,0.8241,128686.0,0.8243,21196.0,0.8244,44498.0
1753504050291,04:27:30.291,ADA/USDT:USDT,0.8242,50933.0,0.8241,128566.0,0.8243,21196.0,0.8244,57225.0
1753504050408,04:27:30.408,ADA/USDT:USDT,0.8242,47789.0,0.8241,128566.0,0.8243,21205.0,0.8244,57225.0
1753504050542,04:27:30.542,ADA/USDT:USDT,0.8242,47789.0,0.8241,128326.0,0.8243,21205.0,0.8244,57803.0
1753504050645,04:27:30.645,ADA/USDT:USDT,0.8242,47789.0,0.8241,128326.0,0.8243,21205.0,0.8244,57225.0
1753504050764,04:27:30.764,ADA/USDT:USDT,0.8242,47789.0,0.8241,128326.0,0.8243,21205.0,0.8244,57225.0
1753504050909,04:27:30.909,ADA/USDT:USDT,0.8242,54189.0,0.8241,125551.0,0.8243,21205.0,0.8244,57200.0
1753504051102,04:27:31.102,ADA/USDT:USDT,0.8242,54189.0,0.8241,125551.0,0.8243,21205.0,0.8244,57200.0
1753504051204,04:27:31.204,ADA/USDT:USDT,0.8242,48205.0,0.8241,125526.0,0.8243,21362.0,0.8244,57225.0
1753504051443,04:27:31.443,ADA/USDT:USDT,0.8242,48205.0,0.8241,125526.0,0.8243,21378.0,0.8244,57225.0
1753504051548,04:27:31.548,ADA/USDT:USDT,0.8242,47415.0,0.8241,125286.0,0.8243,21136.0,0.8244,57825.0
1753504051651,04:27:31.651,ADA/USDT:USDT,0.8242,47643.0,0.8241,125286.0,0.8243,21136.0,0.8244,57225.0
1753504051763,04:27:31.763,ADA/USDT:USDT,0.8242,47643.0,0.8241,125286.0,0.8243,21378.0,0.8244,57225.0
1753504051874,04:27:31.874,ADA/USDT:USDT,0.8242,46127.0,0.8241,125166.0,0.8243,21136.0,0.8244,57225.0
1753504051998,04:27:31.998,ADA/USDT:USDT,0.8242,46127.0,0.8241,123954.0,0.8243,24945.0,0.8244,57467.0
1753504052156,04:27:32.156,ADA/USDT:USDT,0.8242,46127.0,0.8241,123954.0,0.8243,24945.0,0.8244,57467.0
1753504052284,04:27:32.284,ADA/USDT:USDT,0.8242,46127.0,0.8241,123954.0,0.8243,21136.0,0.8244,57467.0
1753504052406,04:27:32.406,ADA/USDT:USDT,0.8242,46127.0,0.8241,123954.0,0.8243,21143.0,0.8244,53680.0
1753504052545,04:27:32.545,ADA/USDT:USDT,0.8242,46127.0,0.8241,123954.0,0.8243,21143.0,0.8244,53438.0
1753504052657,04:27:32.657,ADA/USDT:USDT,0.8242,46127.0,0.8241,123954.0,0.8243,24954.0,0.8244,53438.0
1753504052806,04:27:32.806,ADA/USDT:USDT,0.8242,46127.0,0.8241,123954.0,0.8243,24748.0,0.8244,53438.0
1753504052934,04:27:32.934,ADA/USDT:USDT,0.8242,46127.0,0.8241,123954.0,0.8243,24748.0,0.8244,53438.0
1753504053168,04:27:33.168,ADA/USDT:USDT,0.8242,52650.0,0.8241,123979.0,0.8243,20903.0,0.8244,53413.0
1753504053301,04:27:33.301,ADA/USDT:USDT,0.8242,52650.0,0.8241,126779.0,0.8243,3889.0,0.8244,53404.0
1753504053423,04:27:33.423,ADA/USDT:USDT,0.8242,52657.0,0.8241,127991.0,0.8243,4131.0,0.8244,53404.0
1753504053609,04:27:33.609,ADA/USDT:USDT,0.8242,52657.0,0.8241,127991.0,0.8243,4131.0,0.8244,53404.0
1753504053712,04:27:33.712,ADA/USDT:USDT,0.8242,52657.0,0.8241,98980.0,0.8243,4131.0,0.8244,53404.0
1753504053870,04:27:33.870,ADA/USDT:USDT,0.8242,52657.0,0.8241,98980.0,0.8243,4131.0,0.8244,53404.0
1753504053973,04:27:33.973,ADA/USDT:USDT,0.8242,52657.0,0.8241,98980.0,0.8243,4131.0,0.8244,53404.0
1753504054078,04:27:34.078,ADA/USDT:USDT,0.8242,52657.0,0.8241,98980.0,0.8243,4131.0,0.8244,40677.0
1753504054186,04:27:34.186,ADA/USDT:USDT,0.8242,52657.0,0.8241,98980.0,0.8243,4131.0,0.8244,40677.0
1753504054308,04:27:34.308,ADA/USDT:USDT,0.8242,52657.0,0.8241,98980.0,0.8243,4094.0,0.8244,40677.0
1753504054424,04:27:34.424,ADA/USDT:USDT,0.8242,52657.0,0.8241,98980.0,0.8243,4094.0,0.8244,40677.0
1753504054582,04:27:34.582,ADA/USDT:USDT,0.8242,53437.0,0.8241,99340.0,0.8243,4094.0,0.8244,40677.0
1753504054698,04:27:34.698,ADA/USDT:USDT,0.8242,53437.0,0.8241,99340.0,0.8243,4094.0,0.8244,40677.0
1753504054855,04:27:34.855,ADA/USDT:USDT,0.8242,53437.0,0.8241,99460.0,0.8243,4094.0,0.8244,40677.0
1753504054997,04:27:34.997,ADA/USDT:USDT,0.8243,78427.0,0.8242,106995.0,0.8244,17299.0,0.8245,65387.0
1753504055100,04:27:35.100,ADA/USDT:USDT,0.8243,69060.0,0.8242,106269.0,0.8244,17299.0,0.8245,65395.0
1753504055216,04:27:35.216,ADA/USDT:USDT,0.8243,68975.0,0.8242,103272.0,0.8244,34441.0,0.8245,58949.0
1753504055317,04:27:35.317,ADA/USDT:USDT,0.8243,58937.0,0.8242,100435.0,0.8244,39208.0,0.8245,66604.0
1753504055418,04:27:35.418,ADA/USDT:USDT,0.8243,58937.0,0.8242,100435.0,0.8244,45663.0,0.8245,66256.0
1753504055535,04:27:35.535,ADA/USDT:USDT,0.8243,58937.0,0.8242,98475.0,0.8244,45663.0,0.8245,66221.0
1753504055642,04:27:35.642,ADA/USDT:USDT,0.8243,58937.0,0.8242,98475.0,0.8244,45663.0,0.8245,66815.0
1753504055761,04:27:35.761,ADA/USDT:USDT,0.8243,58937.0,0.8242,98475.0,0.8244,45663.0,0.8245,66815.0
1753504055867,04:27:35.867,ADA/USDT:USDT,0.8243,58926.0,0.8242,98475.0,0.8244,45663.0,0.8245,66840.0
1753504055969,04:27:35.969,ADA/USDT:USDT,0.8243,58926.0,0.8242,98475.0,0.8244,45663.0,0.8245,66840.0
1753504056103,04:27:36.103,ADA/USDT:USDT,0.8243,58926.0,0.8242,98475.0,0.8244,45663.0,0.8245,66840.0
1753504056210,04:27:36.210,ADA/USDT:USDT,0.8243,58926.0,0.8242,98475.0,0.8244,35747.0,0.8245,66840.0
1753504056344,04:27:36.344,ADA/USDT:USDT,0.8243,58926.0,0.8242,98475.0,0.8244,35747.0,0.8245,66840.0
1753504056464,04:27:36.464,ADA/USDT:USDT,0.8243,58926.0,0.8242,98466.0,0.8244,45741.0,0.8245,66831.0
1753504056583,04:27:36.583,ADA/USDT:USDT,0.8243,58926.0,0.8242,98475.0,0.8244,45741.0,0.8245,66831.0
1753504056700,04:27:36.700,ADA/USDT:USDT,0.8243,58926.0,0.8242,98468.0,0.8244,45741.0,0.8245,66831.0
1753504056848,04:27:36.848,ADA/USDT:USDT,0.8243,58926.0,0.8242,98468.0,0.8244,45741.0,0.8245,66831.0
1753504056951,04:27:36.951,ADA/USDT:USDT,0.8243,58926.0,0.8242,69638.0,0.8244,35452.0,0.8245,67179.0
1753504057055,04:27:37.055,ADA/USDT:USDT,0.8243,59274.0,0.8242,69638.0,0.8244,34941.0,0.8245,67179.0
1753504057157,04:27:37.157,ADA/USDT:USDT,0.8243,59327.0,0.8242,69611.0,0.8244,34941.0,0.8245,67154.0
1753504057351,04:27:37.351,ADA/USDT:USDT,0.8243,59327.0,0.8242,69611.0,0.8244,34941.0,0.8245,67179.0
1753504057498,04:27:37.498,ADA/USDT:USDT,0.8243,59357.0,0.8242,69611.0,0.8244,34941.0,0.8245,67154.0
1753504057604,04:27:37.604,ADA/USDT:USDT,0.8243,59009.0,0.8242,69934.0,0.8244,40946.0,0.8245,67154.0
1753504057738,04:27:37.738,ADA/USDT:USDT,0.8243,59357.0,0.8242,69586.0,0.8244,41188.0,0.8245,67154.0
1753504057854,04:27:37.854,ADA/USDT:USDT,0.8243,59357.0,0.8242,69611.0,0.8244,35081.0,0.8245,67179.0
1753504058034,04:27:38.034,ADA/USDT:USDT,0.8243,59009.0,0.8242,69218.0,0.8244,45022.0,0.8245,67179.0
1753504058163,04:27:38.163,ADA/USDT:USDT,0.8243,59357.0,0.8242,68870.0,0.8244,38900.0,0.8245,67179.0
1753504058265,04:27:38.265,ADA/USDT:USDT,0.8243,59357.0,0.8242,69618.0,0.8244,35091.0,0.8245,67179.0
1753504058372,04:27:38.372,ADA/USDT:USDT,0.8243,59357.0,0.8242,69618.0,0.8244,35091.0,0.8245,67179.0
1753504058479,04:27:38.479,ADA/USDT:USDT,0.8243,59357.0,0.8242,69618.0,0.8244,35090.0,0.8245,67154.0
1753504058710,04:27:38.710,ADA/USDT:USDT,0.8243,60107.0,0.8242,70196.0,0.8244,38906.0,0.8245,66560.0
1753504058811,04:27:38.811,ADA/USDT:USDT,0.8243,60107.0,0.8242,70171.0,0.8244,38906.0,0.8245,66560.0
1753504058915,04:27:38.915,ADA/USDT:USDT,0.8243,60107.0,0.8242,70171.0,0.8244,24335.0,0.8245,65360.0
1753504059053,04:27:39.053,ADA/USDT:USDT,0.8243,60107.0,0.8242,73811.0,0.8244,24335.0,0.8245,65360.0
1753504059192,04:27:39.192,ADA/USDT:USDT,0.8243,60054.0,0.8242,73836.0,0.8244,24335.0,0.8245,65360.0
1753504059305,04:27:39.305,ADA/USDT:USDT,0.8243,42060.0,0.8242,69787.0,0.8244,45386.0,0.8245,58591.0
1753504059410,04:27:39.410,ADA/USDT:USDT,0.8243,42333.0,0.8242,70174.0,0.8244,35074.0,0.8245,58939.0
1753504059512,04:27:39.512,ADA/USDT:USDT,0.8243,43469.0,0.8242,69430.0,0.8244,34832.0,0.8245,66802.0
1753504059615,04:27:39.615,ADA/USDT:USDT,0.8243,43485.0,0.8242,69423.0,0.8244,34832.0,0.8245,67153.0
1753504059773,04:27:39.773,ADA/USDT:USDT,0.8243,43485.0,0.8242,69423.0,0.8244,35074.0,0.8245,67178.0
1753504059876,04:27:39.876,ADA/USDT:USDT,0.8243,43485.0,0.8242,101411.0,0.8244,12097.0,0.8245,66560.0
1753504059980,04:27:39.980,ADA/USDT:USDT,0.8243,43510.0,0.8242,101436.0,0.8244,18235.0,0.8245,66551.0
1753504060095,04:27:40.095,ADA/USDT:USDT,0.8243,43510.0,0.8242,101436.0,0.8244,7875.0,0.8245,65351.0
1753504060200,04:27:40.200,ADA/USDT:USDT,0.8243,43313.0,0.8242,101327.0,0.8244,17852.0,0.8245,65385.0
1753504060305,04:27:40.305,ADA/USDT:USDT,0.8243,54142.0,0.8242,101327.0,0.8244,7905.0,0.8245,57705.0
1753504060415,04:27:40.415,ADA/USDT:USDT,0.8245,32204.0,0.8244,77470.0,0.8246,30372.0,0.8247,79266.0
1753504060516,04:27:40.516,ADA/USDT:USDT,0.8245,41449.0,0.8244,84068.0,0.8246,19816.0,0.8247,60088.0
1753504060618,04:27:40.618,ADA/USDT:USDT,0.8245,43352.0,0.8244,93828.0,0.8246,14153.0,0.8247,54372.0
1753504060723,04:27:40.723,ADA/USDT:USDT,0.8245,43352.0,0.8244,93828.0,0.8246,14153.0,0.8247,54380.0
1753504060827,04:27:40.827,ADA/USDT:USDT,0.8245,55512.0,0.8244,105567.0,0.8246,7994.0,0.8247,50817.0
1753504060932,04:27:40.932,ADA/USDT:USDT,0.8245,55572.0,0.8244,105567.0,0.8246,8015.0,0.8247,50817.0
1753504061035,04:27:41.035,ADA/USDT:USDT,0.8245,49260.0,0.8244,98292.0,0.8246,24915.0,0.8247,50838.0
1753504061142,04:27:41.142,ADA/USDT:USDT,0.8245,49267.0,0.8244,98292.0,0.8246,25236.0,0.8247,50838.0
1753504061246,04:27:41.246,ADA/USDT:USDT,0.8245,49274.0,0.8244,87786.0,0.8246,25236.0,0.8247,51080.0
1753504061349,04:27:41.349,ADA/USDT:USDT,0.8245,49274.0,0.8244,87786.0,0.8246,25236.0,0.8247,51080.0
1753504061467,04:27:41.467,ADA/USDT:USDT,0.8245,49511.0,0.8244,87793.0,0.8246,25236.0,0.8247,51080.0
1753504061574,04:27:41.574,ADA/USDT:USDT,0.8245,49511.0,0.8244,87793.0,0.8246,25236.0,0.8247,51664.0
1753504061676,04:27:41.676,ADA/USDT:USDT,0.8245,49539.0,0.8244,88035.0,0.8246,25236.0,0.8247,51080.0
1753504061804,04:27:41.804,ADA/USDT:USDT,0.8245,49539.0,0.8244,88035.0,0.8246,25236.0,0.8247,51080.0
1753504061913,04:27:41.913,ADA/USDT:USDT,0.8245,49648.0,0.8244,88035.0,0.8246,25236.0,0.8247,51080.0
1753504062016,04:27:42.016,ADA/USDT:USDT,0.8245,49656.0,0.8244,87915.0,0.8246,25247.0,0.8247,51080.0
1753504062119,04:27:42.119,ADA/USDT:USDT,0.8245,51474.0,0.8244,87940.0,0.8246,25247.0,0.8247,51080.0
1753504062240,04:27:42.240,ADA/USDT:USDT,0.8245,57803.0,0.8244,87940.0,0.8246,25247.0,0.8247,51080.0
1753504062343,04:27:42.343,ADA/USDT:USDT,0.8245,57805.0,0.8244,87940.0,0.8246,8347.0,0.8247,51080.0
1753504062444,04:27:42.444,ADA/USDT:USDT,0.8245,57805.0,0.8244,92668.0,0.8246,25247.0,0.8247,51080.0
1753504062554,04:27:42.554,ADA/USDT:USDT,0.8245,57805.0,0.8244,92668.0,0.8246,25247.0,0.8247,51080.0
1753504062656,04:27:42.656,ADA/USDT:USDT,0.8245,57789.0,0.8244,92668.0,0.8246,25247.0,0.8247,50838.0
1753504062815,04:27:42.815,ADA/USDT:USDT,0.8245,57789.0,0.8244,92668.0,0.8246,25247.0,0.8247,50838.0
1753504062918,04:27:42.918,ADA/USDT:USDT,0.8245,51502.0,0.8244,92920.0,0.8246,25247.0,0.8247,52038.0
1753504063020,04:27:43.020,ADA/USDT:USDT,0.8245,46687.0,0.8244,85074.0,0.8246,25247.0,0.8247,52063.0
1753504063124,04:27:43.124,ADA/USDT:USDT,0.8245,46687.0,0.8244,85074.0,0.8246,25247.0,0.8247,52280.0
1753504063232,04:27:43.232,ADA/USDT:USDT,0.8245,46687.0,0.8244,85074.0,0.8246,25247.0,0.8247,54018.0
1753504063366,04:27:43.366,ADA/USDT:USDT,0.8245,46828.0,0.8244,90498.0,0.8246,25247.0,0.8247,54018.0
1753504063469,04:27:43.469,ADA/USDT:USDT,0.8245,46828.0,0.8244,90498.0,0.8246,25247.0,0.8247,54018.0
1753504063576,04:27:43.576,ADA/USDT:USDT,0.8245,46807.0,0.8244,90498.0,0.8246,17581.0,0.8247,51949.0
1753504063679,04:27:43.679,ADA/USDT:USDT,0.8245,53097.0,0.8244,90498.0,0.8246,17581.0,0.8247,51582.0
1753504063796,04:27:43.796,ADA/USDT:USDT,0.8245,46831.0,0.8244,90498.0,0.8246,25246.0,0.8247,51582.0
1753504063904,04:27:43.904,ADA/USDT:USDT,0.8245,46831.0,0.8244,90740.0,0.8246,25246.0,0.8247,51582.0
1753504064020,04:27:44.020,ADA/USDT:USDT,0.8245,46831.0,0.8244,90523.0,0.8246,25246.0,0.8247,51582.0
1753504064159,04:27:44.159,ADA/USDT:USDT,0.8245,46835.0,0.8244,90523.0,0.8246,25254.0,0.8247,51849.0
1753504064304,04:27:44.304,ADA/USDT:USDT,0.8245,45558.0,0.8244,90498.0,0.8246,25254.0,0.8247,53673.0
1753504064406,04:27:44.406,ADA/USDT:USDT,0.8245,45558.0,0.8244,90498.0,0.8246,25254.0,0.8247,53673.0
1753504064515,04:27:44.515,ADA/USDT:USDT,0.8245,45558.0,0.8244,90498.0,0.8246,25254.0,0.8247,53673.0
1753504064642,04:27:44.642,ADA/USDT:USDT,0.8245,46345.0,0.8244,91076.0,0.8246,25254.0,0.8247,54239.0
1753504064745,04:27:44.745,ADA/USDT:USDT,0.8245,46371.0,0.8244,91076.0,0.8246,25254.0,0.8247,54239.0
1753504065033,04:27:45.033,ADA/USDT:USDT,0.8245,46371.0,0.8244,91076.0,0.8246,25254.0,0.8247,53648.0
1753504065210,04:27:45.210,ADA/USDT:USDT,0.8245,46397.0,0.8244,91086.0,0.8246,25241.0,0.8247,53648.0
1753504065314,04:27:45.314,ADA/USDT:USDT,0.8245,46397.0,0.8244,91086.0,0.8246,25241.0,0.8247,53648.0
1753504065543,04:27:45.543,ADA/USDT:USDT,0.8245,52659.0,0.8244,91086.0,0.8246,25241.0,0.8247,53648.0
1753504065713,04:27:45.713,ADA/USDT:USDT,0.8245,52659.0,0.8244,91086.0,0.8246,8341.0,0.8247,53648.0
1753504065823,04:27:45.823,ADA/USDT:USDT,0.8245,52659.0,0.8244,91086.0,0.8246,19172.0,0.8247,53406.0
1753504065926,04:27:45.926,ADA/USDT:USDT,0.8245,52886.0,0.8244,91086.0,0.8246,19172.0,0.8247,53406.0
1753504066027,04:27:46.027,ADA/USDT:USDT,0.8245,52893.0,0.8244,91086.0,0.8246,19172.0,0.8247,53406.0
1753504066133,04:27:46.133,ADA/USDT:USDT,0.8245,52885.0,0.8244,91086.0,0.8246,19172.0,0.8247,53406.0
1753504066237,04:27:46.237,ADA/USDT:USDT,0.8245,52892.0,0.8244,91086.0,0.8246,19172.0,0.8247,51773.0
1753504066345,04:27:46.345,ADA/USDT:USDT,0.8245,52783.0,0.8244,91143.0,0.8246,11528.0,0.8247,51773.0
1753504066450,04:27:46.450,ADA/USDT:USDT,0.8245,52541.0,0.8244,91143.0,0.8246,11528.0,0.8247,51773.0
1753504066553,04:27:46.553,ADA/USDT:USDT,0.8245,52541.0,0.8244,91143.0,0.8246,11528.0,0.8247,51773.0
1753504066656,04:27:46.656,ADA/USDT:USDT,0.8245,46270.0,0.8244,91143.0,0.8246,11528.0,0.8247,51773.0
1753504066763,04:27:46.763,ADA/USDT:USDT,0.8245,52517.0,0.8244,91143.0,0.8246,11528.0,0.8247,51773.0
1753504066877,04:27:46.877,ADA/USDT:USDT,0.8245,52577.0,0.8244,91143.0,0.8246,11528.0,0.8247,51773.0
1753504066982,04:27:46.982,ADA/USDT:USDT,0.8245,52602.0,0.8244,91143.0,0.8246,11528.0,0.8247,51773.0
1753504067093,04:27:47.093,ADA/USDT:USDT,0.8245,52602.0,0.8244,91143.0,0.8246,11528.0,0.8247,51773.0
1753504067223,04:27:47.223,ADA/USDT:USDT,0.8245,52578.0,0.8244,91143.0,0.8246,11528.0,0.8247,51773.0
1753504067326,04:27:47.326,ADA/USDT:USDT,0.8245,52845.0,0.8244,91143.0,0.8246,11528.0,0.8247,51773.0
1753504067432,04:27:47.432,ADA/USDT:USDT,0.8245,52845.0,0.8244,91143.0,0.8246,11528.0,0.8247,51773.0
1753504067538,04:27:47.538,ADA/USDT:USDT,0.8245,52820.0,0.8244,91143.0,0.8246,11528.0,0.8247,51773.0
1753504067683,04:27:47.683,ADA/USDT:USDT,0.8245,46573.0,0.8244,91143.0,0.8246,11528.0,0.8247,51773.0
1753504067786,04:27:47.786,ADA/USDT:USDT,0.8245,52852.0,0.8244,91143.0,0.8246,11419.0,0.8247,51773.0
1753504067980,04:27:47.980,ADA/USDT:USDT,0.8245,52689.0,0.8244,91118.0,0.8246,11419.0,0.8247,51773.0
1753504068084,04:27:48.084,ADA/USDT:USDT,0.8245,46471.0,0.8244,91118.0,0.8246,17557.0,0.8247,55560.0
1753504068211,04:27:48.211,ADA/USDT:USDT,0.8245,46471.0,0.8244,88318.0,0.8246,21455.0,0.8247,55560.0
1753504068320,04:27:48.320,ADA/USDT:USDT,0.8245,46471.0,0.8244,88318.0,0.8246,21455.0,0.8247,55802.0
1753504068429,04:27:48.429,ADA/USDT:USDT,0.8245,46469.0,0.8244,88318.0,0.8246,21455.0,0.8247,55802.0
1753504068535,04:27:48.535,ADA/USDT:USDT,0.8245,46469.0,0.8244,88318.0,0.8246,21484.0,0.8247,55802.0
1753504068642,04:27:48.642,ADA/USDT:USDT,0.8245,46469.0,0.8244,88318.0,0.8246,21484.0,0.8247,56391.0
1753504068753,04:27:48.753,ADA/USDT:USDT,0.8245,46473.0,0.8244,88318.0,0.8246,21484.0,0.8247,56391.0
1753504068856,04:27:48.856,ADA/USDT:USDT,0.8245,46473.0,0.8244,88318.0,0.8246,17675.0,0.8247,55560.0
1753504068973,04:27:48.973,ADA/USDT:USDT,0.8245,26823.0,0.8244,79303.0,0.8246,37251.0,0.8247,61185.0
1753504069183,04:27:49.183,ADA/USDT:USDT,0.8243,12274.0,0.8242,87005.0,0.8244,54792.0,0.8245,70399.0
1753504069284,04:27:49.284,ADA/USDT:USDT,0.8243,20504.0,0.8242,92048.0,0.8244,51004.0,0.8245,70157.0
1753504069386,04:27:49.386,ADA/USDT:USDT,0.8243,20525.0,0.8242,92048.0,0.8244,40812.0,0.8245,70157.0
1753504069488,04:27:49.488,ADA/USDT:USDT,0.8243,27356.0,0.8242,120304.0,0.8244,29640.0,0.8245,50007.0
1753504069592,04:27:49.592,ADA/USDT:USDT,0.8243,27356.0,0.8242,120902.0,0.8244,28286.0,0.8245,49921.0
1753504069704,04:27:49.704,ADA/USDT:USDT,0.8243,20885.0,0.8242,121760.0,0.8244,28286.0,0.8245,49921.0
1753504069813,04:27:49.813,ADA/USDT:USDT,0.8243,20885.0,0.8242,121760.0,0.8244,28286.0,0.8245,49921.0
1753504069938,04:27:49.938,ADA/USDT:USDT,0.8243,28995.0,0.8242,121760.0,0.8244,28286.0,0.8245,49335.0
1753504070044,04:27:50.044,ADA/USDT:USDT,0.8243,30814.0,0.8242,121760.0,0.8244,22148.0,0.8245,49315.0
1753504070178,04:27:50.178,ADA/USDT:USDT,0.8243,30814.0,0.8242,121785.0,0.8244,22148.0,0.8245,49315.0
1753504070292,04:27:50.292,ADA/USDT:USDT,0.8243,29924.0,0.8242,121785.0,0.8244,22148.0,0.8245,49315.0
1753504070402,04:27:50.402,ADA/USDT:USDT,0.8243,33024.0,0.8242,121247.0,0.8244,25806.0,0.8245,49340.0
1753504070512,04:27:50.512,ADA/USDT:USDT,0.8243,33012.0,0.8242,121905.0,0.8244,25897.0,0.8245,49340.0
1753504070631,04:27:50.631,ADA/USDT:USDT,0.8243,33072.0,0.8242,121905.0,0.8244,25897.0,0.8245,49315.0
1753504070753,04:27:50.753,ADA/USDT:USDT,0.8243,33072.0,0.8242,121940.0,0.8244,25897.0,0.8245,49315.0
1753504070860,04:27:50.860,ADA/USDT:USDT,0.8243,33072.0,0.8242,116347.0,0.8244,25897.0,0.8245,49315.0
1753504071039,04:27:51.039,ADA/USDT:USDT,0.8243,32769.0,0.8242,116322.0,0.8244,32035.0,0.8245,49347.0
1753504071175,04:27:51.175,ADA/USDT:USDT,0.8243,32769.0,0.8242,116322.0,0.8244,32035.0,0.8245,49347.0
1753504071309,04:27:51.309,ADA/USDT:USDT,0.8243,32769.0,0.8242,116322.0,0.8244,32035.0,0.8245,49347.0
1753504071413,04:27:51.413,ADA/USDT:USDT,0.8243,32769.0,0.8242,116322.0,0.8244,32035.0,0.8245,49347.0
1753504071529,04:27:51.529,ADA/USDT:USDT,0.8243,32769.0,0.8242,116564.0,0.8244,31457.0,0.8245,49347.0
1753504071638,04:27:51.638,ADA/USDT:USDT,0.8243,39174.0,0.8242,116564.0,0.8244,31457.0,0.8245,49925.0
1753504071740,04:27:51.740,ADA/USDT:USDT,0.8243,39174.0,0.8242,104387.0,0.8244,31457.0,0.8245,50167.0
1753504071843,04:27:51.843,ADA/USDT:USDT,0.8243,39169.0,0.8242,104362.0,0.8244,31457.0,0.8245,50192.0
1753504071955,04:27:51.955,ADA/USDT:USDT,0.8243,29664.0,0.8242,104362.0,0.8244,31457.0,0.8245,50192.0
1753504072075,04:27:52.075,ADA/USDT:USDT,0.8243,29664.0,0.8242,104362.0,0.8244,31457.0,0.8245,50192.0
1753504072208,04:27:52.208,ADA/USDT:USDT,0.8243,29664.0,0.8242,104362.0,0.8244,31457.0,0.8245,50192.0
1753504072325,04:27:52.325,ADA/USDT:USDT,0.8243,29656.0,0.8242,104362.0,0.8244,31475.0,0.8245,50192.0
1753504072436,04:27:52.436,ADA/USDT:USDT,0.8243,29656.0,0.8242,104362.0,0.8244,31475.0,0.8245,50192.0
1753504072545,04:27:52.545,ADA/USDT:USDT,0.8243,29663.0,0.8242,104362.0,0.8244,31516.0,0.8245,50192.0
1753504072721,04:27:52.721,ADA/USDT:USDT,0.8243,29663.0,0.8242,103874.0,0.8244,31516.0,0.8245,50147.0
1753504072822,04:27:52.822,ADA/USDT:USDT,0.8243,29663.0,0.8242,103849.0,0.8244,31525.0,0.8245,50147.0
1753504072942,04:27:52.942,ADA/USDT:USDT,0.8243,29663.0,0.8242,103849.0,0.8244,31525.0,0.8245,92846.0
1753504073063,04:27:53.063,ADA/USDT:USDT,0.8243,29663.0,0.8242,103849.0,0.8244,31525.0,0.8245,92846.0
1753504073169,04:27:53.169,ADA/USDT:USDT,0.8243,29663.0,0.8242,103849.0,0.8244,31555.0,0.8245,92846.0
1753504073353,04:27:53.353,ADA/USDT:USDT,0.8243,29663.0,0.8242,103849.0,0.8244,31558.0,0.8245,92846.0
1753504073495,04:27:53.495,ADA/USDT:USDT,0.8243,17082.0,0.8242,103482.0,0.8244,35726.0,0.8245,92498.0
1753504073604,04:27:53.604,ADA/USDT:USDT,0.8243,7153.0,0.8242,69009.0,0.8244,42760.0,0.8245,95056.0
1753504073712,04:27:53.712,ADA/USDT:USDT,0.8243,7153.0,0.8242,69009.0,0.8244,42785.0,0.8245,97856.0
1753504073818,04:27:53.818,ADA/USDT:USDT,0.8243,7153.0,0.8242,69009.0,0.8244,48266.0,0.8245,97856.0
1753504073979,04:27:53.979,ADA/USDT:USDT,0.8243,7153.0,0.8242,69009.0,0.8244,48266.0,0.8245,97976.0
1753504074134,04:27:54.134,ADA/USDT:USDT,0.8242,18741.0,0.8241,102322.0,0.8243,54513.0,0.8244,89092.0
1753504074235,04:27:54.235,ADA/USDT:USDT,0.8242,17715.0,0.8241,81347.0,0.8243,61590.0,0.8244,74250.0
1753504074546,04:27:54.546,ADA/USDT:USDT,0.8242,29125.0,0.8241,83198.0,0.8243,41219.0,0.8244,56669.0
1753504074647,04:27:54.647,ADA/USDT:USDT,0.8242,29125.0,0.8241,83198.0,0.8243,39660.0,0.8244,56412.0
1753504074761,04:27:54.761,ADA/USDT:USDT,0.8242,39887.0,0.8241,83198.0,0.8243,39312.0,0.8244,56735.0
1753504074877,04:27:54.877,ADA/USDT:USDT,0.8242,29125.0,0.8241,82508.0,0.8243,49899.0,0.8244,56638.0
1753504075010,04:27:55.010,ADA/USDT:USDT,0.8242,39887.0,0.8241,82508.0,0.8243,49899.0,0.8244,56638.0
1753504075113,04:27:55.113,ADA/USDT:USDT,0.8242,46640.0,0.8241,83701.0,0.8243,39312.0,0.8244,64632.0
1753504075226,04:27:55.226,ADA/USDT:USDT,0.8242,40282.0,0.8241,82847.0,0.8243,39618.0,0.8244,64632.0
1753504075365,04:27:55.365,ADA/USDT:USDT,0.8242,39934.0,0.8241,83195.0,0.8243,39879.0,0.8244,64390.0
1753504075502,04:27:55.502,ADA/USDT:USDT,0.8242,46701.0,0.8241,82872.0,0.8243,39809.0,0.8244,64277.0
1753504075607,04:27:55.607,ADA/USDT:USDT,0.8242,46701.0,0.8241,82967.0,0.8243,39834.0,0.8244,63682.0
1753504075710,04:27:55.710,ADA/USDT:USDT,0.8242,19616.0,0.8241,83315.0,0.8243,43991.0,0.8244,63334.0
1753504075828,04:27:55.828,ADA/USDT:USDT,0.8242,19685.0,0.8241,83315.0,0.8243,40182.0,0.8244,63344.0
1753504075945,04:27:55.945,ADA/USDT:USDT,0.8242,19685.0,0.8241,77481.0,0.8243,39940.0,0.8244,63586.0
1753504076058,04:27:56.058,ADA/USDT:USDT,0.8242,21266.0,0.8241,77481.0,0.8243,39940.0,0.8244,75684.0
1753504076213,04:27:56.213,ADA/USDT:USDT,0.8242,21266.0,0.8241,76905.0,0.8243,43756.0,0.8244,66169.0
1753504076316,04:27:56.316,ADA/USDT:USDT,0.8242,21266.0,0.8241,76905.0,0.8243,43756.0,0.8244,66169.0
1753504076423,04:27:56.423,ADA/USDT:USDT,0.8242,21266.0,0.8241,76905.0,0.8243,39947.0,0.8244,66169.0
1753504076565,04:27:56.565,ADA/USDT:USDT,0.8242,21266.0,0.8241,77498.0,0.8243,39947.0,0.8244,66871.0
1753504076691,04:27:56.691,ADA/USDT:USDT,0.8242,21266.0,0.8241,77498.0,0.8243,39947.0,0.8244,66861.0
1753504076805,04:27:56.805,ADA/USDT:USDT,0.8241,44247.0,0.824,95161.0,0.8242,18886.0,0.8243,44156.0
1753504076906,04:27:56.906,ADA/USDT:USDT,0.8241,32846.0,0.824,80227.0,0.8242,47347.0,0.8243,53628.0
1753504077010,04:27:57.010,ADA/USDT:USDT,0.8241,32867.0,0.824,67627.0,0.8242,47368.0,0.8243,54338.0
1753504077113,04:27:57.113,ADA/USDT:USDT,0.8241,28730.0,0.824,72894.0,0.8242,43534.0,0.8243,54547.0
1753504077218,04:27:57.218,ADA/USDT:USDT,0.8241,28730.0,0.824,73014.0,0.8242,43534.0,0.8243,44765.0
1753504077321,04:27:57.321,ADA/USDT:USDT,0.8241,28730.0,0.824,101851.0,0.8242,43534.0,0.8243,44765.0
1753504077436,04:27:57.436,ADA/USDT:USDT,0.8241,15890.0,0.824,102153.0,0.8242,44206.0,0.8243,46111.0
1753504077546,04:27:57.546,ADA/USDT:USDT,0.8241,11712.0,0.824,97592.0,0.8242,44206.0,0.8243,56236.0
1753504077650,04:27:57.650,ADA/USDT:USDT,0.8241,12804.0,0.824,97592.0,0.8242,44206.0,0.8243,55977.0
1753504077754,04:27:57.754,ADA/USDT:USDT,0.8241,9582.0,0.824,97000.0,0.8242,45506.0,0.8243,55977.0
1753504077858,04:27:57.858,ADA/USDT:USDT,0.8241,9582.0,0.824,97000.0,0.8242,45506.0,0.8243,55977.0
1753504077979,04:27:57.979,ADA/USDT:USDT,0.8241,9582.0,0.824,97000.0,0.8242,45384.0,0.8243,55977.0
1753504078090,04:27:58.090,ADA/USDT:USDT,0.8241,9582.0,0.824,97000.0,0.8242,45384.0,0.8243,55958.0
1753504078226,04:27:58.226,ADA/USDT:USDT,0.8241,9582.0,0.824,97000.0,0.8242,45399.0,0.8243,58758.0
1753504078328,04:27:58.328,ADA/USDT:USDT,0.8241,3444.0,0.824,82452.0,0.8242,45399.0,0.8243,58758.0
1753504078429,04:27:58.429,ADA/USDT:USDT,0.824,9311.0,0.8239,81587.0,0.8241,87053.0,0.8242,46290.0
1753504078530,04:27:58.530,ADA/USDT:USDT,0.824,32134.0,0.8239,76342.0,0.8241,57547.0,0.8242,51755.0
1753504078641,04:27:58.641,ADA/USDT:USDT,0.824,31863.0,0.8239,106572.0,0.8241,51752.0,0.8242,50463.0
1753504078743,04:27:58.743,ADA/USDT:USDT,0.824,43103.0,0.8239,106353.0,0.8241,34250.0,0.8242,47986.0
1753504078846,04:27:58.846,ADA/USDT:USDT,0.824,43103.0,0.8239,106604.0,0.8241,34877.0,0.8242,47370.0
1753504078950,04:27:58.950,ADA/USDT:USDT,0.824,43103.0,0.8239,107487.0,0.8241,25307.0,0.8242,47370.0
1753504079054,04:27:59.054,ADA/USDT:USDT,0.824,43103.0,0.8239,107487.0,0.8241,25337.0,0.8242,45800.0
1753504079220,04:27:59.220,ADA/USDT:USDT,0.824,43103.0,0.8239,107487.0,0.8241,25337.0,0.8242,45800.0
1753504079327,04:27:59.327,ADA/USDT:USDT,0.824,33683.0,0.8239,107462.0,0.8241,26755.0,0.8242,44533.0
1753504079431,04:27:59.431,ADA/USDT:USDT,0.824,33683.0,0.8239,107582.0,0.8241,30575.0,0.8242,44533.0
1753504079546,04:27:59.546,ADA/USDT:USDT,0.824,33820.0,0.8239,107702.0,0.8241,26796.0,0.8242,45057.0
1753504079648,04:27:59.648,ADA/USDT:USDT,0.824,34525.0,0.8239,107702.0,0.8241,26796.0,0.8242,44478.0
1753504079788,04:27:59.788,ADA/USDT:USDT,0.824,34515.0,0.8239,107727.0,0.8241,26796.0,0.8242,44478.0
1753504079902,04:27:59.902,ADA/USDT:USDT,0.824,34515.0,0.8239,107727.0,0.8241,26796.0,0.8242,44478.0
1753504080004,04:28:00.004,ADA/USDT:USDT,0.824,34515.0,0.8239,108075.0,0.8241,30436.0,0.8242,44130.0
1753504080105,04:28:00.105,ADA/USDT:USDT,0.824,20691.0,0.8239,102271.0,0.8241,36138.0,0.8242,44130.0
1753504080208,04:28:00.208,ADA/USDT:USDT,0.824,7835.0,0.8239,87118.0,0.8241,46482.0,0.8242,47180.0
1753504080310,04:28:00.310,ADA/USDT:USDT,0.824,7856.0,0.8239,57477.0,0.8241,46482.0,0.8242,61354.0
1753504080428,04:28:00.428,ADA/USDT:USDT,0.824,7745.0,0.8239,57426.0,0.8241,42001.0,0.8242,60674.0
1753504080533,04:28:00.533,ADA/USDT:USDT,0.824,7745.0,0.8239,57426.0,0.8241,48596.0,0.8242,62274.0
1753504080642,04:28:00.642,ADA/USDT:USDT,0.824,7625.0,0.8239,57188.0,0.8241,48596.0,0.8242,63548.0
1753504080761,04:28:00.761,ADA/USDT:USDT,0.824,12814.0,0.8239,86907.0,0.8241,37543.0,0.8242,53328.0
1753504080862,04:28:00.862,ADA/USDT:USDT,0.824,18905.0,0.8239,86932.0,0.8241,37518.0,0.8242,53328.0
1753504080995,04:28:00.995,ADA/USDT:USDT,0.824,31319.0,0.8239,84764.0,0.8241,37170.0,0.8242,53701.0
1753504081203,04:28:01.203,ADA/USDT:USDT,0.8241,64460.0,0.824,114757.0,0.8242,31944.0,0.8243,86337.0
1753504081307,04:28:01.307,ADA/USDT:USDT,0.8241,63431.0,0.824,111822.0,0.8242,31944.0,0.8243,86579.0
1753504081408,04:28:01.408,ADA/USDT:USDT,0.8241,63406.0,0.824,111727.0,0.8242,31944.0,0.8243,86579.0
1753504081509,04:28:01.509,ADA/USDT:USDT,0.8241,63427.0,0.824,111710.0,0.8242,31944.0,0.8243,86553.0
