timestamp,time,symbol,bid1_price,bid1_volume,bid2_price,bid2_volume,ask1_price,ask1_volume,ask2_price,ask2_volume
1753504008726,04:26:48.726,AAVE/USDT:USDT,297.24,57.0,297.23,87.0,297.25,65.0,297.26,180.0
1753504009526,04:26:49.526,AAVE/USDT:USDT,297.24,57.0,297.23,87.0,297.25,65.0,297.26,180.0
1753504009931,04:26:49.931,AAVE/USDT:USDT,297.24,57.0,297.23,87.0,297.25,65.0,297.26,180.0
1753504010126,04:26:50.126,AAVE/USDT:USDT,297.24,50.0,297.23,87.0,297.25,73.0,297.26,180.0
1753504010725,04:26:50.725,AAVE/USDT:USDT,297.24,119.0,297.23,87.0,297.32,13.0,297.33,166.0
1753504011128,04:26:51.128,AAVE/USDT:USDT,297.31,122.0,297.3,124.0,297.32,13.0,297.33,166.0
1753504011325,04:26:51.325,AAVE/USDT:USDT,297.31,122.0,297.3,124.0,297.32,13.0,297.33,166.0
1753504011736,04:26:51.736,AAVE/USDT:USDT,297.31,122.0,297.3,124.0,297.32,13.0,297.33,166.0
1753504012130,04:26:52.130,AAVE/USDT:USDT,297.31,122.0,297.3,124.0,297.33,9.0,297.34,138.0
1753504012329,04:26:52.329,AAVE/USDT:USDT,297.32,86.0,297.31,122.0,297.33,4.0,297.34,138.0
1753504012526,04:26:52.526,AAVE/USDT:USDT,297.32,86.0,297.31,122.0,297.33,4.0,297.34,138.0
1753504013926,04:26:53.926,AAVE/USDT:USDT,297.31,28.0,297.3,124.0,297.33,135.0,297.34,159.0
1753504014129,04:26:54.129,AAVE/USDT:USDT,297.31,28.0,297.3,124.0,297.33,135.0,297.34,159.0
1753504014526,04:26:54.526,AAVE/USDT:USDT,297.31,28.0,297.3,124.0,297.32,150.0,297.33,135.0
1753504014928,04:26:54.928,AAVE/USDT:USDT,297.31,28.0,297.3,124.0,297.32,150.0,297.33,135.0
1753504015132,04:26:55.132,AAVE/USDT:USDT,297.31,28.0,297.3,124.0,297.32,150.0,297.33,135.0
1753504015549,04:26:55.549,AAVE/USDT:USDT,297.31,34.0,297.3,124.0,297.32,174.0,297.33,135.0
1753504015926,04:26:55.926,AAVE/USDT:USDT,297.31,34.0,297.3,124.0,297.32,113.0,297.33,135.0
1753504016327,04:26:56.327,AAVE/USDT:USDT,297.31,34.0,297.3,124.0,297.32,113.0,297.33,135.0
1753504016526,04:26:56.526,AAVE/USDT:USDT,297.31,34.0,297.3,124.0,297.32,1.0,297.33,135.0
1753504016725,04:26:56.725,AAVE/USDT:USDT,297.31,34.0,297.3,124.0,297.32,1.0,297.33,135.0
1753504016926,04:26:56.926,AAVE/USDT:USDT,297.31,34.0,297.3,124.0,297.32,1.0,297.33,135.0
1753504017129,04:26:57.129,AAVE/USDT:USDT,297.31,34.0,297.3,124.0,297.32,1.0,297.33,135.0
1753504017329,04:26:57.329,AAVE/USDT:USDT,297.31,34.0,297.3,124.0,297.32,1.0,297.33,135.0
1753504017528,04:26:57.528,AAVE/USDT:USDT,297.31,34.0,297.3,124.0,297.32,1.0,297.33,135.0
1753504017928,04:26:57.928,AAVE/USDT:USDT,297.31,125.0,297.3,124.0,297.35,13.0,297.36,199.0
1753504018128,04:26:58.128,AAVE/USDT:USDT,297.31,125.0,297.3,124.0,297.36,18.0,297.37,171.0
1753504018529,04:26:58.529,AAVE/USDT:USDT,297.35,62.0,297.34,147.0,297.36,20.0,297.37,171.0
1753504019126,04:26:59.126,AAVE/USDT:USDT,297.35,62.0,297.34,147.0,297.36,20.0,297.37,171.0
1753504021725,04:27:01.725,AAVE/USDT:USDT,297.37,99.0,297.36,155.0,297.38,39.0,297.43,44.0
1753504022127,04:27:02.127,AAVE/USDT:USDT,297.37,99.0,297.36,155.0,297.38,39.0,297.45,9.0
1753504022727,04:27:02.727,AAVE/USDT:USDT,297.37,50.0,297.36,155.0,297.38,39.0,297.48,165.0
1753504022926,04:27:02.926,AAVE/USDT:USDT,297.37,50.0,297.36,155.0,297.38,39.0,297.48,15.0
1753504025133,04:27:05.133,AAVE/USDT:USDT,297.37,50.0,297.36,155.0,297.38,39.0,297.48,39.0
1753504025329,04:27:05.329,AAVE/USDT:USDT,297.37,50.0,297.36,155.0,297.38,39.0,297.48,25.0
1753504025528,04:27:05.528,AAVE/USDT:USDT,297.37,50.0,297.36,155.0,297.38,39.0,297.48,25.0
1753504025726,04:27:05.726,AAVE/USDT:USDT,297.37,50.0,297.36,155.0,297.38,39.0,297.48,25.0
1753504025931,04:27:05.931,AAVE/USDT:USDT,297.37,50.0,297.36,155.0,297.38,39.0,297.48,25.0
1753504026326,04:27:06.326,AAVE/USDT:USDT,297.37,50.0,297.36,155.0,297.38,39.0,297.48,25.0
1753504026930,04:27:06.930,AAVE/USDT:USDT,297.37,50.0,297.36,155.0,297.38,39.0,297.48,25.0
1753504027325,04:27:07.325,AAVE/USDT:USDT,297.37,86.0,297.36,155.0,297.38,39.0,297.48,45.0
1753504028530,04:27:08.530,AAVE/USDT:USDT,297.47,10.0,297.46,131.0,297.48,120.0,297.49,149.0
1753504028726,04:27:08.726,AAVE/USDT:USDT,297.47,5.0,297.46,131.0,297.48,68.0,297.49,149.0
1753504028929,04:27:08.929,AAVE/USDT:USDT,297.47,5.0,297.46,131.0,297.48,68.0,297.49,149.0
1753504029126,04:27:09.126,AAVE/USDT:USDT,297.47,2.0,297.46,131.0,297.48,68.0,297.49,149.0
1753504029329,04:27:09.329,AAVE/USDT:USDT,297.47,2.0,297.46,131.0,297.48,68.0,297.49,149.0
1753504029528,04:27:09.528,AAVE/USDT:USDT,297.47,40.0,297.46,131.0,297.48,68.0,297.49,149.0
1753504029727,04:27:09.727,AAVE/USDT:USDT,297.47,40.0,297.46,131.0,297.48,68.0,297.49,149.0
1753504030129,04:27:10.129,AAVE/USDT:USDT,297.47,95.0,297.46,131.0,297.48,35.0,297.49,149.0
1753504030527,04:27:10.527,AAVE/USDT:USDT,297.47,95.0,297.46,131.0,297.48,35.0,297.49,149.0
1753504030732,04:27:10.732,AAVE/USDT:USDT,297.47,95.0,297.46,131.0,297.48,35.0,297.49,149.0
1753504030932,04:27:10.932,AAVE/USDT:USDT,297.47,95.0,297.46,131.0,297.48,35.0,297.49,149.0
1753504032329,04:27:12.329,AAVE/USDT:USDT,297.47,86.0,297.46,131.0,297.48,34.0,297.49,233.0
1753504032329,04:27:12.329,AAVE/USDT:USDT,297.47,86.0,297.46,131.0,297.48,34.0,297.49,233.0
1753504032526,04:27:12.526,AAVE/USDT:USDT,297.47,86.0,297.46,131.0,297.48,34.0,297.49,233.0
1753504032926,04:27:12.926,AAVE/USDT:USDT,297.47,86.0,297.46,131.0,297.48,34.0,297.49,233.0
1753504033328,04:27:13.328,AAVE/USDT:USDT,297.47,156.0,297.46,131.0,297.48,79.0,297.49,233.0
1753504033530,04:27:13.530,AAVE/USDT:USDT,297.47,70.0,297.46,131.0,297.48,45.0,297.49,233.0
1753504033726,04:27:13.726,AAVE/USDT:USDT,297.47,70.0,297.46,131.0,297.48,45.0,297.49,233.0
1753504033929,04:27:13.929,AAVE/USDT:USDT,297.47,70.0,297.46,131.0,297.48,45.0,297.49,233.0
1753504034128,04:27:14.128,AAVE/USDT:USDT,297.47,70.0,297.46,131.0,297.48,45.0,297.49,233.0
1753504034330,04:27:14.330,AAVE/USDT:USDT,297.47,70.0,297.46,131.0,297.48,45.0,297.49,233.0
1753504034729,04:27:14.729,AAVE/USDT:USDT,297.47,43.0,297.46,131.0,297.48,45.0,297.49,233.0
1753504034925,04:27:14.925,AAVE/USDT:USDT,297.47,43.0,297.46,131.0,297.48,91.0,297.49,233.0
1753504035134,04:27:15.134,AAVE/USDT:USDT,297.47,43.0,297.46,131.0,297.48,91.0,297.49,233.0
1753504035330,04:27:15.330,AAVE/USDT:USDT,297.47,43.0,297.46,131.0,297.48,91.0,297.49,233.0
1753504035530,04:27:15.530,AAVE/USDT:USDT,297.47,43.0,297.46,131.0,297.48,91.0,297.49,233.0
1753504035729,04:27:15.729,AAVE/USDT:USDT,297.47,43.0,297.46,131.0,297.48,91.0,297.49,233.0
1753504037127,04:27:17.127,AAVE/USDT:USDT,297.47,124.0,297.46,131.0,297.48,84.0,297.49,233.0
1753504037927,04:27:17.927,AAVE/USDT:USDT,297.47,128.0,297.46,131.0,297.48,76.0,297.49,233.0
1753504038330,04:27:18.330,AAVE/USDT:USDT,297.47,128.0,297.46,131.0,297.48,37.0,297.49,233.0
1753504038529,04:27:18.529,AAVE/USDT:USDT,297.47,128.0,297.46,131.0,297.48,37.0,297.49,233.0
1753504038735,04:27:18.735,AAVE/USDT:USDT,297.47,128.0,297.46,131.0,297.48,13.0,297.49,233.0
1753504038926,04:27:18.926,AAVE/USDT:USDT,297.47,128.0,297.46,131.0,297.48,41.0,297.49,233.0
1753504039129,04:27:19.129,AAVE/USDT:USDT,297.47,128.0,297.46,131.0,297.48,41.0,297.49,233.0
1753504039526,04:27:19.526,AAVE/USDT:USDT,297.47,128.0,297.46,131.0,297.48,41.0,297.49,233.0
1753504039728,04:27:19.728,AAVE/USDT:USDT,297.47,128.0,297.46,131.0,297.48,39.0,297.49,233.0
1753504039927,04:27:19.927,AAVE/USDT:USDT,297.47,128.0,297.46,131.0,297.48,39.0,297.49,233.0
1753504040127,04:27:20.127,AAVE/USDT:USDT,297.47,128.0,297.46,131.0,297.48,39.0,297.49,233.0
1753504040528,04:27:20.528,AAVE/USDT:USDT,297.47,128.0,297.46,131.0,297.48,39.0,297.49,233.0
1753504040725,04:27:20.725,AAVE/USDT:USDT,297.47,128.0,297.46,131.0,297.48,69.0,297.49,233.0
1753504040928,04:27:20.928,AAVE/USDT:USDT,297.47,128.0,297.46,131.0,297.48,69.0,297.49,233.0
1753504041329,04:27:21.329,AAVE/USDT:USDT,297.45,5.0,297.44,166.0,297.48,120.0,297.49,233.0
1753504041526,04:27:21.526,AAVE/USDT:USDT,297.45,5.0,297.44,166.0,297.46,152.0,297.47,174.0
1753504041727,04:27:21.727,AAVE/USDT:USDT,297.45,5.0,297.44,166.0,297.46,152.0,297.47,174.0
1753504041929,04:27:21.929,AAVE/USDT:USDT,297.45,5.0,297.44,166.0,297.46,152.0,297.47,174.0
1753504042125,04:27:22.125,AAVE/USDT:USDT,297.45,5.0,297.44,166.0,297.46,152.0,297.47,174.0
1753504042527,04:27:22.527,AAVE/USDT:USDT,297.45,5.0,297.44,166.0,297.46,152.0,297.47,174.0
1753504042726,04:27:22.726,AAVE/USDT:USDT,297.45,9.0,297.44,166.0,297.46,99.0,297.47,174.0
1753504042925,04:27:22.925,AAVE/USDT:USDT,297.45,9.0,297.44,166.0,297.46,99.0,297.47,174.0
1753504043727,04:27:23.727,AAVE/USDT:USDT,297.45,11.0,297.44,166.0,297.46,99.0,297.47,174.0
1753504043926,04:27:23.926,AAVE/USDT:USDT,297.45,11.0,297.44,166.0,297.46,99.0,297.47,174.0
1753504044128,04:27:24.128,AAVE/USDT:USDT,297.45,11.0,297.44,166.0,297.46,99.0,297.47,174.0
1753504044328,04:27:24.328,AAVE/USDT:USDT,297.45,11.0,297.44,166.0,297.46,99.0,297.47,174.0
1753504044527,04:27:24.527,AAVE/USDT:USDT,297.45,11.0,297.44,166.0,297.46,99.0,297.47,174.0
1753504044928,04:27:24.928,AAVE/USDT:USDT,297.45,11.0,297.44,166.0,297.46,99.0,297.47,174.0
1753504045527,04:27:25.527,AAVE/USDT:USDT,297.45,11.0,297.44,166.0,297.46,102.0,297.47,174.0
1753504045730,04:27:25.730,AAVE/USDT:USDT,297.45,11.0,297.44,166.0,297.46,102.0,297.47,174.0
1753504046128,04:27:26.128,AAVE/USDT:USDT,297.42,9.0,297.41,164.0,297.46,102.0,297.47,174.0
1753504046330,04:27:26.330,AAVE/USDT:USDT,297.42,9.0,297.41,164.0,297.46,102.0,297.47,174.0
1753504046526,04:27:26.526,AAVE/USDT:USDT,297.41,1.0,297.4,169.0,297.43,7.0,297.44,212.0
1753504046726,04:27:26.726,AAVE/USDT:USDT,297.41,1.0,297.4,169.0,297.43,164.0,297.44,212.0
1753504046925,04:27:26.925,AAVE/USDT:USDT,297.41,1.0,297.4,169.0,297.42,131.0,297.43,164.0
1753504047928,04:27:27.928,AAVE/USDT:USDT,297.41,2.0,297.4,169.0,297.42,127.0,297.43,164.0
1753504049927,04:27:29.927,AAVE/USDT:USDT,297.4,169.0,297.39,169.0,297.42,132.0,297.43,164.0
1753504050127,04:27:30.127,AAVE/USDT:USDT,297.4,3.0,297.39,169.0,297.42,132.0,297.43,164.0
1753504051527,04:27:31.527,AAVE/USDT:USDT,297.37,1.0,297.36,127.0,297.4,147.0,297.41,146.0
1753504051927,04:27:31.927,AAVE/USDT:USDT,297.37,1.0,297.36,127.0,297.38,134.0,297.39,208.0
1753504052929,04:27:32.929,AAVE/USDT:USDT,297.37,1.0,297.36,127.0,297.38,122.0,297.39,208.0
1753504053328,04:27:33.328,AAVE/USDT:USDT,297.37,1.0,297.36,127.0,297.38,122.0,297.39,208.0
1753504053728,04:27:33.728,AAVE/USDT:USDT,297.37,1.0,297.36,127.0,297.38,122.0,297.39,208.0
1753504054326,04:27:34.326,AAVE/USDT:USDT,297.37,24.0,297.36,127.0,297.38,21.0,297.39,208.0
1753504054528,04:27:34.528,AAVE/USDT:USDT,297.37,24.0,297.36,127.0,297.38,21.0,297.39,208.0
1753504054730,04:27:34.730,AAVE/USDT:USDT,297.37,24.0,297.36,127.0,297.38,21.0,297.39,208.0
1753504054929,04:27:34.929,AAVE/USDT:USDT,297.37,24.0,297.36,127.0,297.38,21.0,297.39,208.0
1753504055134,04:27:35.134,AAVE/USDT:USDT,297.37,24.0,297.36,127.0,297.38,21.0,297.39,208.0
1753504056126,04:27:36.126,AAVE/USDT:USDT,297.37,20.0,297.36,127.0,297.38,45.0,297.39,208.0
1753504056732,04:27:36.732,AAVE/USDT:USDT,297.37,51.0,297.36,127.0,297.38,15.0,297.39,208.0
1753504056928,04:27:36.928,AAVE/USDT:USDT,297.37,51.0,297.36,127.0,297.38,15.0,297.39,208.0
1753504057131,04:27:37.131,AAVE/USDT:USDT,297.37,51.0,297.36,127.0,297.38,15.0,297.39,208.0
1753504057531,04:27:37.531,AAVE/USDT:USDT,297.37,51.0,297.36,127.0,297.38,15.0,297.39,208.0
1753504059125,04:27:39.125,AAVE/USDT:USDT,297.37,27.0,297.36,127.0,297.38,33.0,297.39,208.0
1753504059529,04:27:39.529,AAVE/USDT:USDT,297.37,34.0,297.36,127.0,297.38,36.0,297.39,208.0
1753504059726,04:27:39.726,AAVE/USDT:USDT,297.37,34.0,297.36,127.0,297.38,36.0,297.39,208.0
1753504059928,04:27:39.928,AAVE/USDT:USDT,297.37,34.0,297.36,127.0,297.38,36.0,297.39,208.0
1753504060526,04:27:40.526,AAVE/USDT:USDT,297.37,24.0,297.36,127.0,297.38,36.0,297.39,208.0
1753504060937,04:27:40.937,AAVE/USDT:USDT,297.37,69.0,297.36,127.0,297.38,36.0,297.39,208.0
1753504061326,04:27:41.326,AAVE/USDT:USDT,297.37,69.0,297.36,127.0,297.38,36.0,297.39,208.0
1753504061927,04:27:41.927,AAVE/USDT:USDT,297.37,152.0,297.36,127.0,297.38,78.0,297.39,208.0
1753504062130,04:27:42.130,AAVE/USDT:USDT,297.37,83.0,297.36,127.0,297.38,42.0,297.39,208.0
1753504062327,04:27:42.327,AAVE/USDT:USDT,297.37,83.0,297.36,127.0,297.38,42.0,297.39,208.0
1753504062739,04:27:42.739,AAVE/USDT:USDT,297.37,83.0,297.36,127.0,297.38,42.0,297.39,208.0
1753504063129,04:27:43.129,AAVE/USDT:USDT,297.37,83.0,297.36,127.0,297.38,42.0,297.39,208.0
1753504063330,04:27:43.330,AAVE/USDT:USDT,297.37,83.0,297.36,127.0,297.38,42.0,297.39,208.0
1753504063732,04:27:43.732,AAVE/USDT:USDT,297.37,128.0,297.36,127.0,297.38,40.0,297.39,208.0
1753504063926,04:27:43.926,AAVE/USDT:USDT,297.37,128.0,297.36,127.0,297.38,40.0,297.39,208.0
1753504064127,04:27:44.127,AAVE/USDT:USDT,297.37,128.0,297.36,127.0,297.38,40.0,297.39,208.0
1753504064327,04:27:44.327,AAVE/USDT:USDT,297.37,128.0,297.36,127.0,297.4,8.0,297.41,146.0
1753504065326,04:27:45.326,AAVE/USDT:USDT,297.39,137.0,297.38,176.0,297.4,11.0,297.41,146.0
1753504065927,04:27:45.927,AAVE/USDT:USDT,297.39,137.0,297.38,176.0,297.4,11.0,297.41,146.0
1753504066329,04:27:46.329,AAVE/USDT:USDT,297.39,25.0,297.38,176.0,297.45,49.0,297.46,156.0
1753504066526,04:27:46.526,AAVE/USDT:USDT,297.44,28.0,297.43,168.0,297.45,49.0,297.46,156.0
1753504066930,04:27:46.930,AAVE/USDT:USDT,297.44,28.0,297.43,168.0,297.45,28.0,297.46,156.0
1753504067129,04:27:47.129,AAVE/USDT:USDT,297.44,28.0,297.43,168.0,297.45,28.0,297.46,156.0
1753504067329,04:27:47.329,AAVE/USDT:USDT,297.44,28.0,297.43,168.0,297.45,28.0,297.46,156.0
1753504067730,04:27:47.730,AAVE/USDT:USDT,297.44,28.0,297.43,168.0,297.45,28.0,297.46,156.0
1753504068126,04:27:48.126,AAVE/USDT:USDT,297.44,28.0,297.43,168.0,297.45,28.0,297.46,156.0
1753504068330,04:27:48.330,AAVE/USDT:USDT,297.44,16.0,297.43,168.0,297.45,28.0,297.46,156.0
1753504068530,04:27:48.530,AAVE/USDT:USDT,297.44,16.0,297.43,168.0,297.45,54.0,297.46,156.0
1753504068726,04:27:48.726,AAVE/USDT:USDT,297.44,16.0,297.43,168.0,297.45,54.0,297.46,156.0
1753504068927,04:27:48.927,AAVE/USDT:USDT,297.44,16.0,297.43,168.0,297.45,54.0,297.46,156.0
1753504069126,04:27:49.126,AAVE/USDT:USDT,297.43,168.0,297.42,142.0,297.45,54.0,297.46,156.0
1753504069327,04:27:49.327,AAVE/USDT:USDT,297.4,161.0,297.39,171.0,297.45,54.0,297.46,156.0
1753504069528,04:27:49.528,AAVE/USDT:USDT,297.4,55.0,297.39,171.0,297.44,33.0,297.45,182.0
1753504071125,04:27:51.125,AAVE/USDT:USDT,297.39,171.0,297.38,176.0,297.41,24.0,297.42,132.0
1753504071328,04:27:51.328,AAVE/USDT:USDT,297.37,37.0,297.36,122.0,297.41,53.0,297.42,132.0
1753504071726,04:27:51.726,AAVE/USDT:USDT,297.37,37.0,297.36,122.0,297.38,70.0,297.39,173.0
1753504072129,04:27:52.129,AAVE/USDT:USDT,297.37,37.0,297.36,122.0,297.38,70.0,297.39,173.0
1753504072330,04:27:52.330,AAVE/USDT:USDT,297.37,37.0,297.36,122.0,297.38,70.0,297.39,173.0
1753504072529,04:27:52.529,AAVE/USDT:USDT,297.37,37.0,297.36,122.0,297.38,70.0,297.39,173.0
1753504072740,04:27:52.740,AAVE/USDT:USDT,297.37,37.0,297.36,122.0,297.38,70.0,297.39,173.0
1753504072927,04:27:52.927,AAVE/USDT:USDT,297.37,49.0,297.36,199.0,297.38,25.0,297.39,173.0
1753504073328,04:27:53.328,AAVE/USDT:USDT,297.37,49.0,297.36,199.0,297.38,25.0,297.39,173.0
1753504073529,04:27:53.529,AAVE/USDT:USDT,297.37,49.0,297.36,199.0,297.38,20.0,297.39,173.0
1753504073729,04:27:53.729,AAVE/USDT:USDT,297.37,49.0,297.36,199.0,297.38,20.0,297.39,173.0
1753504073926,04:27:53.926,AAVE/USDT:USDT,297.37,49.0,297.36,199.0,297.38,20.0,297.39,173.0
1753504074329,04:27:54.329,AAVE/USDT:USDT,297.37,49.0,297.36,199.0,297.38,47.0,297.39,173.0
1753504074526,04:27:54.526,AAVE/USDT:USDT,297.37,49.0,297.36,199.0,297.38,47.0,297.39,173.0
1753504074728,04:27:54.728,AAVE/USDT:USDT,297.37,49.0,297.36,199.0,297.38,47.0,297.39,173.0
1753504074926,04:27:54.926,AAVE/USDT:USDT,297.37,49.0,297.36,199.0,297.38,47.0,297.39,173.0
1753504075326,04:27:55.326,AAVE/USDT:USDT,297.37,49.0,297.36,199.0,297.38,47.0,297.39,173.0
1753504075531,04:27:55.531,AAVE/USDT:USDT,297.37,55.0,297.36,199.0,297.38,76.0,297.39,173.0
1753504075728,04:27:55.728,AAVE/USDT:USDT,297.37,55.0,297.36,199.0,297.38,76.0,297.39,173.0
1753504075927,04:27:55.927,AAVE/USDT:USDT,297.37,55.0,297.36,199.0,297.38,76.0,297.39,173.0
1753504076130,04:27:56.130,AAVE/USDT:USDT,297.37,55.0,297.36,199.0,297.38,76.0,297.39,173.0
1753504076326,04:27:56.326,AAVE/USDT:USDT,297.37,15.0,297.36,199.0,297.38,76.0,297.39,173.0
1753504076727,04:27:56.727,AAVE/USDT:USDT,297.37,15.0,297.36,199.0,297.38,76.0,297.39,173.0
1753504077326,04:27:57.326,AAVE/USDT:USDT,297.35,1.0,297.34,142.0,297.36,129.0,297.37,112.0
1753504077529,04:27:57.529,AAVE/USDT:USDT,297.34,142.0,297.33,161.0,297.36,129.0,297.37,112.0
1753504077726,04:27:57.726,AAVE/USDT:USDT,297.34,1.0,297.33,161.0,297.36,129.0,297.37,112.0
1753504078326,04:27:58.326,AAVE/USDT:USDT,297.33,2.0,297.32,148.0,297.34,194.0,297.35,217.0
1753504078730,04:27:58.730,AAVE/USDT:USDT,297.29,18.0,297.28,113.0,297.34,194.0,297.35,217.0
1753504078928,04:27:58.928,AAVE/USDT:USDT,297.29,37.0,297.28,113.0,297.3,123.0,297.31,198.0
1753504079532,04:27:59.532,AAVE/USDT:USDT,297.29,57.0,297.28,113.0,297.3,123.0,297.31,198.0
1753504079727,04:27:59.727,AAVE/USDT:USDT,297.29,57.0,297.28,113.0,297.3,123.0,297.31,198.0
1753504079927,04:27:59.927,AAVE/USDT:USDT,297.29,57.0,297.28,113.0,297.3,123.0,297.31,198.0
1753504080126,04:28:00.126,AAVE/USDT:USDT,297.29,57.0,297.28,113.0,297.3,123.0,297.31,198.0
1753504080327,04:28:00.327,AAVE/USDT:USDT,297.27,164.0,297.26,174.0,297.3,123.0,297.31,198.0
1753504080526,04:28:00.526,AAVE/USDT:USDT,297.27,36.0,297.26,174.0,297.28,106.0,297.29,171.0
1753504081532,04:28:01.532,AAVE/USDT:USDT,297.27,36.0,297.26,174.0,297.28,26.0,297.29,171.0
