timestamp,time,symbol,bid1_price,bid1_volume,bid2_price,bid2_volume,ask1_price,ask1_volume,ask2_price,ask2_volume
1753504007730,04:26:47.730,ADA/USDT:USDT,0.824,30921.0,0.8239,4220.0,0.8241,13812.0,0.8242,4205.0
1753504007926,04:26:47.926,ADA/USDT:USDT,0.824,8200.0,0.8239,4220.0,0.8241,5832.0,0.8242,4205.0
1753504008329,04:26:48.329,ADA/USDT:USDT,0.824,15684.0,0.8239,4220.0,0.8241,16493.0,0.8242,4205.0
1753504008526,04:26:48.526,ADA/USDT:USDT,0.824,15684.0,0.8239,4220.0,0.8241,16493.0,0.8242,4205.0
1753504008730,04:26:48.730,ADA/USDT:USDT,0.824,15684.0,0.8239,4220.0,0.8241,16493.0,0.8242,4205.0
1753504008928,04:26:48.928,ADA/USDT:USDT,0.824,15684.0,0.8239,4220.0,0.8241,16493.0,0.8242,4205.0
1753504009330,04:26:49.330,ADA/USDT:USDT,0.824,15684.0,0.8239,4220.0,0.8241,8418.0,0.8242,4205.0
1753504009735,04:26:49.735,ADA/USDT:USDT,0.824,15684.0,0.8239,4220.0,0.8241,15516.0,0.8242,4205.0
1753504009928,04:26:49.928,ADA/USDT:USDT,0.824,15684.0,0.8239,4220.0,0.8241,15516.0,0.8242,4205.0
1753504010129,04:26:50.129,ADA/USDT:USDT,0.824,15684.0,0.8239,4220.0,0.8241,15516.0,0.8242,4205.0
1753504010328,04:26:50.328,ADA/USDT:USDT,0.824,15684.0,0.8239,4220.0,0.8241,15516.0,0.8242,4205.0
1753504011125,04:26:51.125,ADA/USDT:USDT,0.824,18989.0,0.8239,4220.0,0.8241,14575.0,0.8242,4205.0
1753504011329,04:26:51.329,ADA/USDT:USDT,0.824,18989.0,0.8239,4220.0,0.8241,14575.0,0.8242,4205.0
1753504011526,04:26:51.526,ADA/USDT:USDT,0.824,18989.0,0.8239,4220.0,0.8242,4205.0,0.8243,4105.0
1753504011732,04:26:51.732,ADA/USDT:USDT,0.824,18989.0,0.8239,4220.0,0.8242,7800.0,0.8243,4105.0
1753504011926,04:26:51.926,ADA/USDT:USDT,0.824,18989.0,0.8239,4220.0,0.8242,7800.0,0.8243,4105.0
1753504012331,04:26:52.331,ADA/USDT:USDT,0.8241,26878.0,0.824,3711.0,0.8242,7800.0,0.8243,4105.0
1753504013329,04:26:53.329,ADA/USDT:USDT,0.8241,11005.0,0.824,3711.0,0.8242,19244.0,0.8243,4105.0
1753504013525,04:26:53.525,ADA/USDT:USDT,0.824,3711.0,0.8239,4220.0,0.8242,19244.0,0.8243,4105.0
1753504013930,04:26:53.930,ADA/USDT:USDT,0.824,22649.0,0.8239,4220.0,0.8242,19244.0,0.8243,4105.0
1753504014326,04:26:54.326,ADA/USDT:USDT,0.824,22649.0,0.8239,4220.0,0.8241,16286.0,0.8242,4547.0
1753504014529,04:26:54.529,ADA/USDT:USDT,0.824,22649.0,0.8239,4220.0,0.8241,16286.0,0.8242,4547.0
1753504015128,04:26:55.128,ADA/USDT:USDT,0.824,22649.0,0.8239,4220.0,0.8241,5019.0,0.8242,4547.0
1753504015328,04:26:55.328,ADA/USDT:USDT,0.824,22649.0,0.8239,4220.0,0.8241,5019.0,0.8242,4547.0
1753504016125,04:26:56.125,ADA/USDT:USDT,0.8241,24599.0,0.824,3573.0,0.8242,11821.0,0.8243,4105.0
1753504016728,04:26:56.728,ADA/USDT:USDT,0.8241,24599.0,0.824,3573.0,0.8242,11821.0,0.8243,4105.0
1753504017327,04:26:57.327,ADA/USDT:USDT,0.8241,7107.0,0.824,3573.0,0.8242,7874.0,0.8243,3743.0
1753504017531,04:26:57.531,ADA/USDT:USDT,0.8241,7107.0,0.824,3573.0,0.8242,7874.0,0.8243,3743.0
1753504017726,04:26:57.726,ADA/USDT:USDT,0.8241,25113.0,0.824,3573.0,0.8242,7874.0,0.8243,3743.0
1753504017929,04:26:57.929,ADA/USDT:USDT,0.8241,25113.0,0.824,3573.0,0.8242,7874.0,0.8243,3743.0
1753504018129,04:26:58.129,ADA/USDT:USDT,0.8241,25113.0,0.824,3573.0,0.8242,7874.0,0.8243,3743.0
1753504018328,04:26:58.328,ADA/USDT:USDT,0.8241,25113.0,0.824,3573.0,0.8242,4908.0,0.8243,3743.0
1753504018928,04:26:58.928,ADA/USDT:USDT,0.8241,25113.0,0.824,3573.0,0.8243,3743.0,0.8244,4498.0
1753504019729,04:26:59.729,ADA/USDT:USDT,0.8242,25775.0,0.8241,4402.0,0.8243,4491.0,0.8244,4498.0
1753504019930,04:26:59.930,ADA/USDT:USDT,0.8242,25775.0,0.8241,4402.0,0.8243,4491.0,0.8244,4498.0
1753504020129,04:27:00.129,ADA/USDT:USDT,0.8242,25775.0,0.8241,4402.0,0.8243,4491.0,0.8244,4498.0
1753504020527,04:27:00.527,ADA/USDT:USDT,0.8242,25775.0,0.8241,4402.0,0.8244,12277.0,0.8245,4300.0
1753504020726,04:27:00.726,ADA/USDT:USDT,0.8243,21769.0,0.8242,3758.0,0.8244,12277.0,0.8245,4300.0
1753504021526,04:27:01.526,ADA/USDT:USDT,0.8243,21769.0,0.8242,3758.0,0.8244,12277.0,0.8245,4300.0
1753504021728,04:27:01.728,ADA/USDT:USDT,0.8243,7900.0,0.8242,3758.0,0.8244,7293.0,0.8245,4300.0
1753504021929,04:27:01.929,ADA/USDT:USDT,0.8243,14062.0,0.8242,3758.0,0.8244,7293.0,0.8245,4300.0
1753504022126,04:27:02.126,ADA/USDT:USDT,0.8243,14062.0,0.8242,3758.0,0.8244,787.0,0.8245,4300.0
1753504022525,04:27:02.525,ADA/USDT:USDT,0.8243,14062.0,0.8242,3758.0,0.8244,787.0,0.8245,4300.0
1753504023325,04:27:03.325,ADA/USDT:USDT,0.8244,25906.0,0.8243,4217.0,0.8245,10344.0,0.8246,4451.0
1753504023528,04:27:03.528,ADA/USDT:USDT,0.8244,25906.0,0.8243,4217.0,0.8245,10344.0,0.8246,4451.0
1753504024525,04:27:04.525,ADA/USDT:USDT,0.8244,25906.0,0.8243,4217.0,0.8245,5653.0,0.8246,4451.0
1753504024738,04:27:04.738,ADA/USDT:USDT,0.8244,25906.0,0.8243,4217.0,0.8245,11078.0,0.8246,4451.0
1753504026130,04:27:06.130,ADA/USDT:USDT,0.8244,24603.0,0.8243,4217.0,0.8245,8112.0,0.8246,4451.0
1753504026525,04:27:06.525,ADA/USDT:USDT,0.8244,24603.0,0.8243,4217.0,0.8245,8112.0,0.8246,4451.0
1753504026926,04:27:06.926,ADA/USDT:USDT,0.8244,24603.0,0.8243,4217.0,0.8245,8112.0,0.8246,4451.0
1753504027126,04:27:07.126,ADA/USDT:USDT,0.8244,24603.0,0.8243,4217.0,0.8245,8112.0,0.8246,4451.0
1753504027728,04:27:07.728,ADA/USDT:USDT,0.8244,21143.0,0.8243,4217.0,0.8245,19686.0,0.8246,4451.0
1753504027926,04:27:07.926,ADA/USDT:USDT,0.8244,21143.0,0.8243,4217.0,0.8245,19686.0,0.8246,4451.0
1753504028128,04:27:08.128,ADA/USDT:USDT,0.8244,21143.0,0.8243,4217.0,0.8245,19686.0,0.8246,4451.0
1753504028525,04:27:08.525,ADA/USDT:USDT,0.8244,21143.0,0.8243,4217.0,0.8245,19686.0,0.8246,4451.0
1753504028930,04:27:08.930,ADA/USDT:USDT,0.8244,21143.0,0.8243,4217.0,0.8245,15103.0,0.8246,4451.0
1753504029526,04:27:09.526,ADA/USDT:USDT,0.8244,4798.0,0.8243,4217.0,0.8245,15103.0,0.8246,4451.0
1753504029727,04:27:09.727,ADA/USDT:USDT,0.8244,4798.0,0.8243,4217.0,0.8245,15103.0,0.8246,4451.0
1753504029930,04:27:09.930,ADA/USDT:USDT,0.8244,4798.0,0.8243,4217.0,0.8245,15103.0,0.8246,4451.0
1753504030125,04:27:10.125,ADA/USDT:USDT,0.8244,4798.0,0.8243,4217.0,0.8245,15103.0,0.8246,4451.0
1753504030328,04:27:10.328,ADA/USDT:USDT,0.8244,4798.0,0.8243,4217.0,0.8245,15103.0,0.8246,4451.0
1753504032529,04:27:12.529,ADA/USDT:USDT,0.8243,11580.0,0.8242,3758.0,0.8244,11409.0,0.8245,3840.0
1753504032731,04:27:12.731,ADA/USDT:USDT,0.8243,11580.0,0.8242,3758.0,0.8244,11409.0,0.8245,3840.0
1753504033129,04:27:13.129,ADA/USDT:USDT,0.8243,18186.0,0.8242,3758.0,0.8244,18461.0,0.8245,3840.0
1753504033925,04:27:13.925,ADA/USDT:USDT,0.8243,16954.0,0.8242,3758.0,0.8244,15442.0,0.8245,3840.0
1753504034128,04:27:14.128,ADA/USDT:USDT,0.8243,16954.0,0.8242,3758.0,0.8244,15442.0,0.8245,3840.0
1753504034327,04:27:14.327,ADA/USDT:USDT,0.8243,16954.0,0.8242,3758.0,0.8244,12021.0,0.8245,3840.0
1753504035325,04:27:15.325,ADA/USDT:USDT,0.8243,8387.0,0.8242,3758.0,0.8244,12021.0,0.8245,3840.0
1753504036126,04:27:16.126,ADA/USDT:USDT,0.8243,16083.0,0.8242,3758.0,0.8244,19303.0,0.8245,3840.0
1753504036527,04:27:16.527,ADA/USDT:USDT,0.8243,7696.0,0.8242,3758.0,0.8244,7282.0,0.8245,3840.0
1753504037125,04:27:17.125,ADA/USDT:USDT,0.8243,7696.0,0.8242,3758.0,0.8244,19411.0,0.8245,3840.0
1753504038531,04:27:18.531,ADA/USDT:USDT,0.8243,7551.0,0.8242,3758.0,0.8244,5915.0,0.8245,3840.0
1753504038925,04:27:18.925,ADA/USDT:USDT,0.8243,23728.0,0.8242,3758.0,0.8245,13737.0,0.8246,4451.0
1753504039528,04:27:19.528,ADA/USDT:USDT,0.8244,8256.0,0.8243,3996.0,0.8245,13737.0,0.8246,4451.0
1753504039726,04:27:19.726,ADA/USDT:USDT,0.8244,8256.0,0.8243,3996.0,0.8245,13737.0,0.8246,4451.0
1753504040528,04:27:20.528,ADA/USDT:USDT,0.8244,8256.0,0.8243,3996.0,0.8245,13737.0,0.8246,4451.0
1753504040727,04:27:20.727,ADA/USDT:USDT,0.8243,3996.0,0.8242,3758.0,0.8245,5707.0,0.8246,4451.0
1753504040926,04:27:20.926,ADA/USDT:USDT,0.8243,3996.0,0.8242,3758.0,0.8245,25432.0,0.8246,4451.0
1753504041125,04:27:21.125,ADA/USDT:USDT,0.8243,3996.0,0.8242,3758.0,0.8244,22219.0,0.8245,4213.0
1753504041326,04:27:21.326,ADA/USDT:USDT,0.8243,3996.0,0.8242,3758.0,0.8244,22219.0,0.8245,4213.0
1753504041725,04:27:21.725,ADA/USDT:USDT,0.8243,3996.0,0.8242,3758.0,0.8244,22219.0,0.8245,4213.0
1753504042128,04:27:22.128,ADA/USDT:USDT,0.8243,10357.0,0.8242,3758.0,0.8244,22219.0,0.8245,4213.0
1753504042527,04:27:22.527,ADA/USDT:USDT,0.8243,5893.0,0.8242,3758.0,0.8244,22219.0,0.8245,4213.0
1753504042925,04:27:22.925,ADA/USDT:USDT,0.8243,5639.0,0.8242,3758.0,0.8244,22219.0,0.8245,4213.0
1753504044726,04:27:24.726,ADA/USDT:USDT,0.8243,11690.0,0.8242,3758.0,0.8244,7814.0,0.8245,4213.0
1753504044928,04:27:24.928,ADA/USDT:USDT,0.8243,5293.0,0.8242,3758.0,0.8244,7814.0,0.8245,4213.0
1753504045529,04:27:25.529,ADA/USDT:USDT,0.8243,5293.0,0.8242,3758.0,0.8244,7814.0,0.8245,4213.0
1753504046529,04:27:26.529,ADA/USDT:USDT,0.8242,3758.0,0.8241,4516.0,0.8244,14297.0,0.8245,4213.0
1753504047325,04:27:27.325,ADA/USDT:USDT,0.8242,11580.0,0.8241,4516.0,0.8243,22599.0,0.8244,3674.0
1753504047528,04:27:27.528,ADA/USDT:USDT,0.8242,11580.0,0.8241,4516.0,0.8243,22599.0,0.8244,3674.0
1753504047925,04:27:27.925,ADA/USDT:USDT,0.8242,11580.0,0.8241,4516.0,0.8243,22599.0,0.8244,3674.0
1753504048125,04:27:28.125,ADA/USDT:USDT,0.8242,18882.0,0.8241,4516.0,0.8243,30623.0,0.8244,3674.0
1753504048330,04:27:28.330,ADA/USDT:USDT,0.8242,23024.0,0.8241,4516.0,0.8243,14429.0,0.8244,3674.0
1753504049129,04:27:29.129,ADA/USDT:USDT,0.8242,22612.0,0.8241,4516.0,0.8243,1706.0,0.8244,3674.0
1753504049328,04:27:29.328,ADA/USDT:USDT,0.8242,22612.0,0.8241,4516.0,0.8243,1706.0,0.8244,3674.0
1753504049526,04:27:29.526,ADA/USDT:USDT,0.8242,22612.0,0.8241,4516.0,0.8243,1706.0,0.8244,3674.0
1753504049728,04:27:29.728,ADA/USDT:USDT,0.8242,22612.0,0.8241,4516.0,0.8243,1706.0,0.8244,3674.0
1753504050125,04:27:30.125,ADA/USDT:USDT,0.8242,28014.0,0.8241,4516.0,0.8243,3330.0,0.8244,3674.0
1753504050326,04:27:30.326,ADA/USDT:USDT,0.8242,28014.0,0.8241,4516.0,0.8243,3330.0,0.8244,3674.0
1753504050728,04:27:30.728,ADA/USDT:USDT,0.8242,22104.0,0.8241,4516.0,0.8243,10220.0,0.8244,3674.0
1753504050926,04:27:30.926,ADA/USDT:USDT,0.8242,22104.0,0.8241,4516.0,0.8243,10220.0,0.8244,3674.0
1753504051127,04:27:31.127,ADA/USDT:USDT,0.8242,22104.0,0.8241,4516.0,0.8243,10220.0,0.8244,3674.0
1753504051326,04:27:31.326,ADA/USDT:USDT,0.8242,22104.0,0.8241,4516.0,0.8243,10220.0,0.8244,3674.0
1753504051727,04:27:31.727,ADA/USDT:USDT,0.8242,22104.0,0.8241,4516.0,0.8243,10220.0,0.8244,3674.0
1753504051929,04:27:31.929,ADA/USDT:USDT,0.8242,22104.0,0.8241,4516.0,0.8243,10220.0,0.8244,3674.0
1753504052125,04:27:32.125,ADA/USDT:USDT,0.8242,5305.0,0.8241,4516.0,0.8243,8554.0,0.8244,3674.0
1753504052325,04:27:32.325,ADA/USDT:USDT,0.8242,25010.0,0.8241,4516.0,0.8243,8554.0,0.8244,3674.0
1753504052525,04:27:32.525,ADA/USDT:USDT,0.8242,25010.0,0.8241,4516.0,0.8243,8554.0,0.8244,3674.0
1753504052925,04:27:32.925,ADA/USDT:USDT,0.8242,25010.0,0.8241,4516.0,0.8243,8554.0,0.8244,3674.0
1753504053325,04:27:33.325,ADA/USDT:USDT,0.8242,25010.0,0.8241,4516.0,0.8243,8554.0,0.8244,3674.0
1753504053725,04:27:33.725,ADA/USDT:USDT,0.8242,20756.0,0.8241,4516.0,0.8243,1469.0,0.8244,3674.0
1753504053928,04:27:33.928,ADA/USDT:USDT,0.8242,20756.0,0.8241,4516.0,0.8243,1469.0,0.8244,3674.0
1753504054128,04:27:34.128,ADA/USDT:USDT,0.8242,20756.0,0.8241,4516.0,0.8243,1469.0,0.8244,3674.0
1753504054327,04:27:34.327,ADA/USDT:USDT,0.8242,20756.0,0.8241,4516.0,0.8243,1469.0,0.8244,3674.0
1753504054525,04:27:34.525,ADA/USDT:USDT,0.8242,20756.0,0.8241,4516.0,0.8243,1469.0,0.8244,3674.0
1753504055128,04:27:35.128,ADA/USDT:USDT,0.8242,20756.0,0.8241,4516.0,0.8244,3674.0,0.8245,4213.0
1753504055325,04:27:35.325,ADA/USDT:USDT,0.8242,20756.0,0.8241,4516.0,0.8244,6888.0,0.8245,4213.0
1753504055527,04:27:35.527,ADA/USDT:USDT,0.8242,20756.0,0.8241,4516.0,0.8244,18178.0,0.8245,4213.0
1753504055728,04:27:35.728,ADA/USDT:USDT,0.8243,21432.0,0.8242,3957.0,0.8244,18178.0,0.8245,4213.0
1753504056325,04:27:36.325,ADA/USDT:USDT,0.8243,21432.0,0.8242,3957.0,0.8244,18178.0,0.8245,4213.0
1753504056730,04:27:36.730,ADA/USDT:USDT,0.8243,21432.0,0.8242,3957.0,0.8244,18178.0,0.8245,4213.0
1753504057128,04:27:37.128,ADA/USDT:USDT,0.8243,26913.0,0.8242,3957.0,0.8244,25384.0,0.8245,14064.0
1753504057327,04:27:37.327,ADA/USDT:USDT,0.8243,26156.0,0.8242,3957.0,0.8244,16036.0,0.8245,4029.0
1753504057528,04:27:37.528,ADA/USDT:USDT,0.8243,26156.0,0.8242,3957.0,0.8244,16036.0,0.8245,4029.0
1753504057926,04:27:37.926,ADA/USDT:USDT,0.8243,26156.0,0.8242,3957.0,0.8244,16036.0,0.8245,4029.0
1753504058127,04:27:38.127,ADA/USDT:USDT,0.8243,26156.0,0.8242,3957.0,0.8244,16036.0,0.8245,4029.0
1753504058527,04:27:38.527,ADA/USDT:USDT,0.8243,26156.0,0.8242,3957.0,0.8244,16036.0,0.8245,4029.0
1753504058727,04:27:38.727,ADA/USDT:USDT,0.8243,26156.0,0.8242,3957.0,0.8244,16036.0,0.8245,4029.0
1753504058927,04:27:38.927,ADA/USDT:USDT,0.8243,5618.0,0.8242,3957.0,0.8244,5845.0,0.8245,4029.0
1753504059731,04:27:39.731,ADA/USDT:USDT,0.8243,25420.0,0.8242,3957.0,0.8244,17075.0,0.8245,4029.0
1753504060129,04:27:40.129,ADA/USDT:USDT,0.8243,25420.0,0.8242,3957.0,0.8244,10785.0,0.8245,4029.0
1753504060326,04:27:40.326,ADA/USDT:USDT,0.8243,25420.0,0.8242,3957.0,0.8244,10785.0,0.8245,4029.0
1753504060932,04:27:40.932,ADA/USDT:USDT,0.8245,22644.0,0.8244,4049.0,0.8246,8206.0,0.8247,3804.0
1753504062734,04:27:42.734,ADA/USDT:USDT,0.8245,29836.0,0.8244,4049.0,0.8246,3383.0,0.8247,3804.0
1753504065128,04:27:45.128,ADA/USDT:USDT,0.8245,21770.0,0.8244,4049.0,0.8246,6992.0,0.8247,3804.0
1753504066526,04:27:46.526,ADA/USDT:USDT,0.8245,25360.0,0.8244,4049.0,0.8246,5515.0,0.8247,3804.0
1753504067327,04:27:47.327,ADA/USDT:USDT,0.8245,8269.0,0.8244,4049.0,0.8246,6730.0,0.8247,3804.0
1753504067726,04:27:47.726,ADA/USDT:USDT,0.8245,24443.0,0.8244,4049.0,0.8246,6730.0,0.8247,3804.0
1753504067927,04:27:47.927,ADA/USDT:USDT,0.8245,24443.0,0.8244,4049.0,0.8246,6730.0,0.8247,3804.0
1753504068127,04:27:48.127,ADA/USDT:USDT,0.8245,24443.0,0.8244,4049.0,0.8246,6730.0,0.8247,3804.0
1753504068925,04:27:48.925,ADA/USDT:USDT,0.8245,19051.0,0.8244,4049.0,0.8246,8462.0,0.8247,3804.0
1753504069727,04:27:49.727,ADA/USDT:USDT,0.8243,8273.0,0.8242,3957.0,0.8244,12481.0,0.8245,4195.0
1753504070329,04:27:50.329,ADA/USDT:USDT,0.8243,8273.0,0.8242,3957.0,0.8244,12481.0,0.8245,4195.0
1753504070529,04:27:50.529,ADA/USDT:USDT,0.8243,8273.0,0.8242,3957.0,0.8244,12481.0,0.8245,4195.0
1753504070926,04:27:50.926,ADA/USDT:USDT,0.8243,8273.0,0.8242,3957.0,0.8244,12481.0,0.8245,4195.0
1753504071325,04:27:51.325,ADA/USDT:USDT,0.8243,5403.0,0.8242,3957.0,0.8244,5289.0,0.8245,4195.0
1753504072126,04:27:52.126,ADA/USDT:USDT,0.8243,16931.0,0.8242,3957.0,0.8244,14298.0,0.8245,4195.0
1753504072325,04:27:52.325,ADA/USDT:USDT,0.8243,16931.0,0.8242,3957.0,0.8244,14298.0,0.8245,4195.0
1753504072527,04:27:52.527,ADA/USDT:USDT,0.8243,23507.0,0.8242,3957.0,0.8244,19737.0,0.8245,4195.0
1753504072926,04:27:52.926,ADA/USDT:USDT,0.8243,15458.0,0.8242,3957.0,0.8244,17393.0,0.8245,4195.0
1753504073525,04:27:53.525,ADA/USDT:USDT,0.8243,15458.0,0.8242,3957.0,0.8244,17393.0,0.8245,4195.0
1753504073928,04:27:53.928,ADA/USDT:USDT,0.8243,3861.0,0.8242,3957.0,0.8244,17393.0,0.8245,4195.0
1753504074526,04:27:54.526,ADA/USDT:USDT,0.8242,9503.0,0.8241,4516.0,0.8244,17393.0,0.8245,4195.0
1753504074725,04:27:54.725,ADA/USDT:USDT,0.8242,9503.0,0.8241,4516.0,0.8244,17393.0,0.8245,4195.0
1753504074929,04:27:54.929,ADA/USDT:USDT,0.8242,9503.0,0.8241,4516.0,0.8243,24005.0,0.8244,3895.0
1753504076330,04:27:56.330,ADA/USDT:USDT,0.8242,9617.0,0.8241,4516.0,0.8243,24005.0,0.8244,3895.0
1753504076535,04:27:56.535,ADA/USDT:USDT,0.8242,9617.0,0.8241,4516.0,0.8243,24005.0,0.8244,3895.0
1753504077330,04:27:57.330,ADA/USDT:USDT,0.8241,16110.0,0.824,3677.0,0.8243,25445.0,0.8244,3895.0
1753504078125,04:27:58.125,ADA/USDT:USDT,0.8241,6054.0,0.824,3677.0,0.8242,18959.0,0.8243,3965.0
1753504078531,04:27:58.531,ADA/USDT:USDT,0.8241,6054.0,0.824,3677.0,0.8242,18959.0,0.8243,3965.0
1753504078931,04:27:58.931,ADA/USDT:USDT,0.824,16061.0,0.8239,4220.0,0.8242,18959.0,0.8243,3965.0
1753504079127,04:27:59.127,ADA/USDT:USDT,0.824,16061.0,0.8239,4220.0,0.8242,18959.0,0.8243,3965.0
1753504079526,04:27:59.526,ADA/USDT:USDT,0.824,16061.0,0.8239,4220.0,0.8241,16599.0,0.8242,4413.0
1753504079727,04:27:59.727,ADA/USDT:USDT,0.824,16061.0,0.8239,4220.0,0.8241,16599.0,0.8242,4413.0
1753504079931,04:27:59.931,ADA/USDT:USDT,0.824,16061.0,0.8239,4220.0,0.8241,16599.0,0.8242,4413.0
1753504080728,04:28:00.728,ADA/USDT:USDT,0.824,3485.0,0.8239,4220.0,0.8241,8255.0,0.8242,4413.0
1753504081125,04:28:01.125,ADA/USDT:USDT,0.824,10030.0,0.8239,4220.0,0.8241,21267.0,0.8242,4413.0
1753504081933,04:28:01.933,ADA/USDT:USDT,0.8241,23000.0,0.824,3596.0,0.8242,11543.0,0.8243,3965.0
1753504082326,04:28:02.326,ADA/USDT:USDT,0.8241,23000.0,0.824,3596.0,0.8242,11543.0,0.8243,3965.0
1753504082726,04:28:02.726,ADA/USDT:USDT,0.8241,23000.0,0.824,3596.0,0.8242,4710.0,0.8243,3965.0
1753504083126,04:28:03.126,ADA/USDT:USDT,0.8241,23000.0,0.824,3596.0,0.8242,14240.0,0.8243,3965.0
1753504083330,04:28:03.330,ADA/USDT:USDT,0.8241,23000.0,0.824,3596.0,0.8242,14240.0,0.8243,3965.0
1753504083729,04:28:03.729,ADA/USDT:USDT,0.8241,23000.0,0.824,3596.0,0.8242,14240.0,0.8243,3965.0
1753504084331,04:28:04.331,ADA/USDT:USDT,0.8241,23000.0,0.824,3596.0,0.8242,6990.0,0.8243,3965.0
1753504084728,04:28:04.728,ADA/USDT:USDT,0.8241,23000.0,0.824,3596.0,0.8242,6990.0,0.8243,3965.0
1753504084928,04:28:04.928,ADA/USDT:USDT,0.8241,23000.0,0.824,3596.0,0.8242,6990.0,0.8243,3965.0
1753504085125,04:28:05.125,ADA/USDT:USDT,0.8241,23000.0,0.824,3596.0,0.8242,11400.0,0.8243,3965.0
1753504085529,04:28:05.529,ADA/USDT:USDT,0.8241,23000.0,0.824,3596.0,0.8242,3912.0,0.8243,3965.0
1753504085729,04:28:05.729,ADA/USDT:USDT,0.8241,23000.0,0.824,3596.0,0.8242,3912.0,0.8243,3965.0
1753504085926,04:28:05.926,ADA/USDT:USDT,0.8241,23000.0,0.824,3596.0,0.8242,1039.0,0.8243,3965.0
1753504086728,04:28:06.728,ADA/USDT:USDT,0.8241,23000.0,0.824,3596.0,0.8242,3515.0,0.8243,3965.0
1753504086925,04:28:06.925,ADA/USDT:USDT,0.8241,23000.0,0.824,3596.0,0.8242,3515.0,0.8243,3965.0
1753504087329,04:28:07.329,ADA/USDT:USDT,0.8241,23000.0,0.824,3596.0,0.8242,3515.0,0.8243,3965.0
1753504087526,04:28:07.526,ADA/USDT:USDT,0.8241,27091.0,0.824,3596.0,0.8242,4114.0,0.8243,3965.0
1753504087728,04:28:07.728,ADA/USDT:USDT,0.8241,27091.0,0.824,3596.0,0.8242,4114.0,0.8243,3965.0
1753504087929,04:28:07.929,ADA/USDT:USDT,0.8241,27091.0,0.824,3596.0,0.8242,4114.0,0.8243,3965.0
1753504088325,04:28:08.325,ADA/USDT:USDT,0.8241,27091.0,0.824,3596.0,0.8242,9244.0,0.8243,3965.0
1753504088527,04:28:08.527,ADA/USDT:USDT,0.8241,27091.0,0.824,3596.0,0.8242,9244.0,0.8243,3965.0
1753504090126,04:28:10.126,ADA/USDT:USDT,0.8241,26997.0,0.824,3596.0,0.8242,18685.0,0.8243,3965.0
1753504090328,04:28:10.328,ADA/USDT:USDT,0.8241,26997.0,0.824,3596.0,0.8242,18685.0,0.8243,3965.0
1753504090526,04:28:10.526,ADA/USDT:USDT,0.8241,26997.0,0.824,3596.0,0.8242,18685.0,0.8243,3965.0
1753504090726,04:28:10.726,ADA/USDT:USDT,0.8241,26997.0,0.824,3596.0,0.8242,18685.0,0.8243,3965.0
1753504092526,04:28:12.526,ADA/USDT:USDT,0.8241,25044.0,0.824,3596.0,0.8242,1433.0,0.8243,3965.0
1753504092926,04:28:12.926,ADA/USDT:USDT,0.8241,25044.0,0.824,3596.0,0.8242,1433.0,0.8243,3965.0
1753504093125,04:28:13.125,ADA/USDT:USDT,0.8241,25044.0,0.824,3596.0,0.8243,20014.0,0.8244,3999.0
1753504093326,04:28:13.326,ADA/USDT:USDT,0.8242,22188.0,0.8241,3657.0,0.8243,20014.0,0.8244,3999.0
1753504093529,04:28:13.529,ADA/USDT:USDT,0.8242,22188.0,0.8241,3657.0,0.8243,20014.0,0.8244,3999.0
1753504093726,04:28:13.726,ADA/USDT:USDT,0.8242,22188.0,0.8241,3657.0,0.8243,20014.0,0.8244,3999.0
1753504093927,04:28:13.927,ADA/USDT:USDT,0.8242,22188.0,0.8241,3657.0,0.8243,20014.0,0.8244,3999.0
1753504094329,04:28:14.329,ADA/USDT:USDT,0.8242,22188.0,0.8241,3657.0,0.8243,20014.0,0.8244,3999.0
1753504094929,04:28:14.929,ADA/USDT:USDT,0.8242,30634.0,0.8241,3657.0,0.8243,28096.0,0.8244,3999.0
1753504095126,04:28:15.126,ADA/USDT:USDT,0.8242,18566.0,0.8241,3657.0,0.8243,19166.0,0.8244,3999.0
1753504095329,04:28:15.329,ADA/USDT:USDT,0.8242,18566.0,0.8241,3657.0,0.8243,19166.0,0.8244,3999.0
1753504095532,04:28:15.532,ADA/USDT:USDT,0.8242,18566.0,0.8241,3657.0,0.8243,19166.0,0.8244,3999.0
1753504095728,04:28:15.728,ADA/USDT:USDT,0.8242,18566.0,0.8241,3657.0,0.8243,19166.0,0.8244,3999.0
1753504096925,04:28:16.925,ADA/USDT:USDT,0.8241,15954.0,0.824,3596.0,0.8243,25583.0,0.8244,3999.0
1753504097125,04:28:17.125,ADA/USDT:USDT,0.8241,15954.0,0.824,3596.0,0.8243,25583.0,0.8244,3999.0
1753504097326,04:28:17.326,ADA/USDT:USDT,0.8241,15954.0,0.824,3596.0,0.8242,22612.0,0.8243,3633.0
1753504097528,04:28:17.528,ADA/USDT:USDT,0.8241,15954.0,0.824,3596.0,0.8242,22612.0,0.8243,3633.0
1753504097726,04:28:17.726,ADA/USDT:USDT,0.8241,15954.0,0.824,3596.0,0.8242,5968.0,0.8243,3633.0
1753504098128,04:28:18.128,ADA/USDT:USDT,0.8241,15954.0,0.824,3596.0,0.8242,5968.0,0.8243,3633.0
1753504098330,04:28:18.330,ADA/USDT:USDT,0.8241,15954.0,0.824,3596.0,0.8242,5968.0,0.8243,3633.0
1753504098529,04:28:18.529,ADA/USDT:USDT,0.8241,15954.0,0.824,3596.0,0.8242,5968.0,0.8243,3633.0
1753504098727,04:28:18.727,ADA/USDT:USDT,0.8241,15954.0,0.824,3596.0,0.8242,5968.0,0.8243,3633.0
1753504098927,04:28:18.927,ADA/USDT:USDT,0.8241,6210.0,0.824,3596.0,0.8242,4825.0,0.8243,3633.0
1753504099133,04:28:19.133,ADA/USDT:USDT,0.8241,18936.0,0.824,3596.0,0.8242,4825.0,0.8243,3633.0
1753504099529,04:28:19.529,ADA/USDT:USDT,0.8241,18936.0,0.824,3596.0,0.8242,1312.0,0.8243,3633.0
1753504099730,04:28:19.730,ADA/USDT:USDT,0.8241,18936.0,0.824,3596.0,0.8242,1312.0,0.8243,3633.0
1753504099927,04:28:19.927,ADA/USDT:USDT,0.8241,18936.0,0.824,3596.0,0.8242,1312.0,0.8243,3633.0
1753504100925,04:28:20.925,ADA/USDT:USDT,0.8241,18936.0,0.824,3596.0,0.8242,9999.0,0.8243,3633.0
1753504101328,04:28:21.328,ADA/USDT:USDT,0.8241,18936.0,0.824,3596.0,0.8242,753.0,0.8243,3633.0
1753504101926,04:28:21.926,ADA/USDT:USDT,0.8241,18936.0,0.824,3596.0,0.8242,753.0,0.8243,3633.0
1753504102326,04:28:22.326,ADA/USDT:USDT,0.8241,18936.0,0.824,3596.0,0.8242,753.0,0.8243,3633.0
1753504102728,04:28:22.728,ADA/USDT:USDT,0.8241,25315.0,0.824,4524.0,0.8243,12453.0,0.8244,3999.0
1753504103141,04:28:23.141,ADA/USDT:USDT,0.8242,23572.0,0.8241,4438.0,0.8243,12453.0,0.8244,3999.0
1753504103327,04:28:23.327,ADA/USDT:USDT,0.8242,23572.0,0.8241,4438.0,0.8243,12453.0,0.8244,3999.0
1753504103726,04:28:23.726,ADA/USDT:USDT,0.8242,23572.0,0.8241,4438.0,0.8243,12453.0,0.8244,3999.0
1753504103928,04:28:23.928,ADA/USDT:USDT,0.8242,23572.0,0.8241,4438.0,0.8243,12453.0,0.8244,3999.0
1753504104129,04:28:24.129,ADA/USDT:USDT,0.8242,23572.0,0.8241,4438.0,0.8243,12453.0,0.8244,3999.0
1753504105928,04:28:25.928,ADA/USDT:USDT,0.8243,26783.0,0.8242,3676.0,0.8244,9990.0,0.8245,4099.0
1753504106126,04:28:26.126,ADA/USDT:USDT,0.8243,26783.0,0.8242,3676.0,0.8244,9990.0,0.8245,4099.0
1753504106734,04:28:26.734,ADA/USDT:USDT,0.8243,8437.0,0.8242,3676.0,0.8244,6632.0,0.8245,4099.0
1753504106928,04:28:26.928,ADA/USDT:USDT,0.8243,26180.0,0.8242,3676.0,0.8244,6632.0,0.8245,4099.0
1753504108535,04:28:28.535,ADA/USDT:USDT,0.8243,26180.0,0.8242,3676.0,0.8244,13164.0,0.8245,4099.0
1753504109330,04:28:29.330,ADA/USDT:USDT,0.8243,34016.0,0.8242,3676.0,0.8244,18897.0,0.8245,4099.0
1753504109526,04:28:29.526,ADA/USDT:USDT,0.8243,15007.0,0.8242,3676.0,0.8244,16805.0,0.8245,4099.0
1753504109927,04:28:29.927,ADA/USDT:USDT,0.8243,15007.0,0.8242,3676.0,0.8244,16805.0,0.8245,4099.0
1753504110126,04:28:30.126,ADA/USDT:USDT,0.8243,15007.0,0.8242,3676.0,0.8244,16805.0,0.8245,4099.0
1753504112728,04:28:32.728,ADA/USDT:USDT,0.8243,18363.0,0.8242,3676.0,0.8244,14646.0,0.8245,3964.0
1753504112925,04:28:32.925,ADA/USDT:USDT,0.8243,18363.0,0.8242,3676.0,0.8244,14646.0,0.8245,3964.0
1753504113927,04:28:33.927,ADA/USDT:USDT,0.8243,6942.0,0.8242,3676.0,0.8244,6154.0,0.8245,3964.0
1753504114128,04:28:34.128,ADA/USDT:USDT,0.8243,22916.0,0.8242,3676.0,0.8244,14577.0,0.8245,3964.0
1753504115326,04:28:35.326,ADA/USDT:USDT,0.8243,29391.0,0.8242,3676.0,0.8244,20861.0,0.8245,3964.0
1753504116926,04:28:36.926,ADA/USDT:USDT,0.8243,17611.0,0.8242,3676.0,0.8244,5039.0,0.8245,3964.0
1753504117330,04:28:37.330,ADA/USDT:USDT,0.8243,17611.0,0.8242,3676.0,0.8244,2297.0,0.8245,3964.0
1753504117925,04:28:37.925,ADA/USDT:USDT,0.8243,17611.0,0.8242,3676.0,0.8244,6515.0,0.8245,3964.0
1753504118133,04:28:38.133,ADA/USDT:USDT,0.8243,17611.0,0.8242,3676.0,0.8244,6515.0,0.8245,3964.0
1753504118732,04:28:38.732,ADA/USDT:USDT,0.8243,17611.0,0.8242,3676.0,0.8244,2974.0,0.8245,3964.0
1753504119528,04:28:39.528,ADA/USDT:USDT,0.8243,17611.0,0.8242,3676.0,0.8244,2974.0,0.8245,3964.0
1753504119726,04:28:39.726,ADA/USDT:USDT,0.8243,17611.0,0.8242,3676.0,0.8244,3318.0,0.8245,3964.0
1753504119927,04:28:39.927,ADA/USDT:USDT,0.8243,21664.0,0.8242,3676.0,0.8246,9276.0,0.8247,4394.0
1753504120929,04:28:40.929,ADA/USDT:USDT,0.8245,26695.0,0.8244,4492.0,0.8246,3640.0,0.8247,4394.0
1753504121729,04:28:41.729,ADA/USDT:USDT,0.8245,26695.0,0.8244,4492.0,0.8246,9054.0,0.8247,4394.0
1753504121938,04:28:41.938,ADA/USDT:USDT,0.8245,26695.0,0.8244,4492.0,0.8246,3242.0,0.8247,4394.0
1753504122725,04:28:42.725,ADA/USDT:USDT,0.8245,26695.0,0.8244,4492.0,0.8246,3242.0,0.8247,4394.0
1753504122930,04:28:42.930,ADA/USDT:USDT,0.8245,26695.0,0.8244,4492.0,0.8246,3242.0,0.8247,4394.0
1753504123726,04:28:43.726,ADA/USDT:USDT,0.8245,24397.0,0.8244,4492.0,0.8246,2826.0,0.8247,4394.0
1753504125326,04:28:45.326,ADA/USDT:USDT,0.8244,14790.0,0.8243,3694.0,0.8245,20788.0,0.8246,4285.0
1753504125729,04:28:45.729,ADA/USDT:USDT,0.8244,14790.0,0.8243,3694.0,0.8245,20788.0,0.8246,4285.0
1753504126130,04:28:46.130,ADA/USDT:USDT,0.8244,14790.0,0.8243,3694.0,0.8245,7301.0,0.8246,4285.0
1753504126326,04:28:46.326,ADA/USDT:USDT,0.8244,14790.0,0.8243,3694.0,0.8245,7301.0,0.8246,4285.0
1753504126528,04:28:46.528,ADA/USDT:USDT,0.8244,14790.0,0.8243,3694.0,0.8245,7301.0,0.8246,4285.0
1753504126729,04:28:46.729,ADA/USDT:USDT,0.8244,14790.0,0.8243,3694.0,0.8245,7301.0,0.8246,4285.0
1753504126926,04:28:46.926,ADA/USDT:USDT,0.8244,14790.0,0.8243,3694.0,0.8245,7301.0,0.8246,4285.0
1753504127330,04:28:47.330,ADA/USDT:USDT,0.8244,14790.0,0.8243,3694.0,0.8246,11153.0,0.8247,4394.0
1753504127726,04:28:47.726,ADA/USDT:USDT,0.8245,7463.0,0.8244,4442.0,0.8246,11153.0,0.8247,4394.0
1753504127927,04:28:47.927,ADA/USDT:USDT,0.8245,4542.0,0.8244,4442.0,0.8246,11153.0,0.8247,4394.0
1753504129127,04:28:49.127,ADA/USDT:USDT,0.8245,285.0,0.8244,4442.0,0.8246,11153.0,0.8247,4394.0
1753504129330,04:28:49.330,ADA/USDT:USDT,0.8245,285.0,0.8244,4442.0,0.8246,19897.0,0.8247,4394.0
1753504129525,04:28:49.525,ADA/USDT:USDT,0.8245,285.0,0.8244,4442.0,0.8246,19897.0,0.8247,4394.0
1753504129927,04:28:49.927,ADA/USDT:USDT,0.8245,6507.0,0.8244,4442.0,0.8246,19897.0,0.8247,4394.0
1753504130126,04:28:50.126,ADA/USDT:USDT,0.8245,6507.0,0.8244,4442.0,0.8246,19897.0,0.8247,4394.0
1753504131326,04:28:51.326,ADA/USDT:USDT,0.8245,12515.0,0.8244,4442.0,0.8246,14450.0,0.8247,4394.0
1753504131533,04:28:51.533,ADA/USDT:USDT,0.8245,12515.0,0.8244,4442.0,0.8246,14450.0,0.8247,4394.0
1753504131928,04:28:51.928,ADA/USDT:USDT,0.8245,12515.0,0.8244,4442.0,0.8246,4195.0,0.8247,4394.0
1753504132329,04:28:52.329,ADA/USDT:USDT,0.8245,12515.0,0.8244,4442.0,0.8246,4195.0,0.8247,4394.0
1753504132526,04:28:52.526,ADA/USDT:USDT,0.8245,12515.0,0.8244,4442.0,0.8246,1398.0,0.8247,4394.0
1753504132726,04:28:52.726,ADA/USDT:USDT,0.8245,12515.0,0.8244,4442.0,0.8246,1398.0,0.8247,4394.0
1753504132928,04:28:52.928,ADA/USDT:USDT,0.8245,12515.0,0.8244,4442.0,0.8246,1398.0,0.8247,4394.0
1753504133129,04:28:53.129,ADA/USDT:USDT,0.8245,12515.0,0.8244,4442.0,0.8246,3780.0,0.8247,4394.0
1753504133329,04:28:53.329,ADA/USDT:USDT,0.8245,12515.0,0.8244,4442.0,0.8246,3780.0,0.8247,4394.0
1753504133726,04:28:53.726,ADA/USDT:USDT,0.8245,12515.0,0.8244,4442.0,0.8246,4990.0,0.8247,4394.0
1753504133926,04:28:53.926,ADA/USDT:USDT,0.8245,12515.0,0.8244,4442.0,0.8246,4990.0,0.8247,4394.0
1753504134130,04:28:54.130,ADA/USDT:USDT,0.8245,12515.0,0.8244,4442.0,0.8246,4990.0,0.8247,4394.0
1753504134130,04:28:54.130,ADA/USDT:USDT,0.8245,12515.0,0.8244,4442.0,0.8246,4990.0,0.8247,4394.0
1753504134329,04:28:54.329,ADA/USDT:USDT,0.8245,12515.0,0.8244,4442.0,0.8246,1820.0,0.8247,4394.0
1753504134525,04:28:54.525,ADA/USDT:USDT,0.8245,12515.0,0.8244,4442.0,0.8246,3912.0,0.8247,4394.0
1753504134926,04:28:54.926,ADA/USDT:USDT,0.8245,12515.0,0.8244,4442.0,0.8246,1509.0,0.8247,4394.0
1753504135129,04:28:55.129,ADA/USDT:USDT,0.8245,12515.0,0.8244,4442.0,0.8246,5403.0,0.8247,4394.0
1753504135327,04:28:55.327,ADA/USDT:USDT,0.8245,12515.0,0.8244,4442.0,0.8246,5403.0,0.8247,4394.0
1753504135728,04:28:55.728,ADA/USDT:USDT,0.8245,12515.0,0.8244,4442.0,0.8246,12997.0,0.8247,4394.0
1753504135925,04:28:55.925,ADA/USDT:USDT,0.8245,12515.0,0.8244,4442.0,0.8246,12997.0,0.8247,4394.0
1753504136327,04:28:56.327,ADA/USDT:USDT,0.8245,12515.0,0.8244,4442.0,0.8246,12997.0,0.8247,4394.0
1753504136525,04:28:56.525,ADA/USDT:USDT,0.8245,12515.0,0.8244,4442.0,0.8246,12997.0,0.8247,4394.0
1753504136728,04:28:56.728,ADA/USDT:USDT,0.8245,12515.0,0.8244,4442.0,0.8246,12997.0,0.8247,4394.0
1753504137128,04:28:57.128,ADA/USDT:USDT,0.8245,20816.0,0.8244,4442.0,0.8246,6463.0,0.8247,4394.0
1753504137328,04:28:57.328,ADA/USDT:USDT,0.8245,20816.0,0.8244,4442.0,0.8246,11392.0,0.8247,4394.0
1753504137926,04:28:57.926,ADA/USDT:USDT,0.8245,20816.0,0.8244,4442.0,0.8246,11392.0,0.8247,4394.0
1753504138525,04:28:58.525,ADA/USDT:USDT,0.8245,20816.0,0.8244,4442.0,0.8246,11392.0,0.8247,4394.0
1753504138927,04:28:58.927,ADA/USDT:USDT,0.8245,19511.0,0.8244,4442.0,0.8246,16524.0,0.8247,4394.0
1753504139132,04:28:59.132,ADA/USDT:USDT,0.8245,19511.0,0.8244,4442.0,0.8246,16524.0,0.8247,4394.0
1753504139327,04:28:59.327,ADA/USDT:USDT,0.8245,19511.0,0.8244,4442.0,0.8246,16524.0,0.8247,4394.0
1753504140325,04:29:00.325,ADA/USDT:USDT,0.8245,19511.0,0.8244,4442.0,0.8246,6066.0,0.8247,4394.0
1753504140526,04:29:00.526,ADA/USDT:USDT,0.8245,19511.0,0.8244,4442.0,0.8246,6066.0,0.8247,4394.0
1753504140725,04:29:00.725,ADA/USDT:USDT,0.8245,19511.0,0.8244,4442.0,0.8246,6066.0,0.8247,4394.0
1753504140931,04:29:00.931,ADA/USDT:USDT,0.8245,19511.0,0.8244,4442.0,0.8246,6066.0,0.8247,4394.0
1753504141126,04:29:01.126,ADA/USDT:USDT,0.8245,5223.0,0.8244,4442.0,0.8246,5340.0,0.8247,3833.0
1753504141330,04:29:01.330,ADA/USDT:USDT,0.8245,16831.0,0.8244,4442.0,0.8246,5340.0,0.8247,3833.0
1753504141528,04:29:01.528,ADA/USDT:USDT,0.8245,16831.0,0.8244,4442.0,0.8246,5340.0,0.8247,3833.0
1753504142727,04:29:02.727,ADA/USDT:USDT,0.8245,22700.0,0.8244,4442.0,0.8246,9243.0,0.8247,3833.0
1753504143133,04:29:03.133,ADA/USDT:USDT,0.8245,18307.0,0.8244,4442.0,0.8246,8179.0,0.8247,3833.0
1753504143525,04:29:03.525,ADA/USDT:USDT,0.8245,18307.0,0.8244,4442.0,0.8246,17255.0,0.8247,3833.0
1753504143725,04:29:03.725,ADA/USDT:USDT,0.8245,18307.0,0.8244,4442.0,0.8246,17255.0,0.8247,3833.0
1753504144330,04:29:04.330,ADA/USDT:USDT,0.8245,18307.0,0.8244,4442.0,0.8246,17255.0,0.8247,3833.0
