timestamp,time,symbol,bid1_price,bid1_volume,bid2_price,bid2_volume,ask1_price,ask1_volume,ask2_price,ask2_volume
1753503308082,04:15:08.082,ACH/USDT:USDT,0.0224,29826.0,0.022399,3581.0,0.022401,10772.0,0.022404,7176.0
1753503308154,04:15:08.154,ACH/USDT:USDT,0.0224,29826.0,0.022399,3581.0,0.022401,10772.0,0.022404,7176.0
1753503308302,04:15:08.302,ACH/USDT:USDT,0.0224,29826.0,0.022399,3581.0,0.022401,10772.0,0.022404,7176.0
1753503308555,04:15:08.555,ACH/USDT:USDT,0.0224,29826.0,0.022399,3581.0,0.022401,10772.0,0.022404,7176.0
1753503308902,04:15:08.902,ACH/USDT:USDT,0.0224,29826.0,0.022399,3581.0,0.022401,10772.0,0.022404,7176.0
1753503309168,04:15:09.168,ACH/USDT:USDT,0.0224,29826.0,0.022399,3581.0,0.022401,10772.0,0.022404,7176.0
1753503309398,04:15:09.398,ACH/USDT:USDT,0.0224,29826.0,0.022399,3581.0,0.022401,10772.0,0.022404,7176.0
1753503309502,04:15:09.502,ACH/USDT:USDT,0.0224,29826.0,0.022399,3581.0,0.022401,10772.0,0.022404,7176.0
1753503309616,04:15:09.616,ACH/USDT:USDT,0.0224,29826.0,0.022399,3581.0,0.022401,10772.0,0.022404,7176.0
1753503309839,04:15:09.839,ACH/USDT:USDT,0.0224,29826.0,0.022398,13175.0,0.022401,10772.0,0.022403,3302.0
1753503309943,04:15:09.943,ACH/USDT:USDT,0.0224,29826.0,0.022398,16477.0,0.022401,10772.0,0.022404,7176.0
1753503310102,04:15:10.102,ACH/USDT:USDT,0.0224,29826.0,0.022398,16477.0,0.022401,10772.0,0.022404,7176.0
1753503310208,04:15:10.208,ACH/USDT:USDT,0.0224,29826.0,0.022398,16477.0,0.022401,10772.0,0.022404,7176.0
1753503310548,04:15:10.548,ACH/USDT:USDT,0.0224,29826.0,0.022398,16477.0,0.022401,10772.0,0.022403,893.0
1753503310665,04:15:10.665,ACH/USDT:USDT,0.0224,29826.0,0.022398,16477.0,0.022401,10772.0,0.022403,893.0
1753503310771,04:15:10.771,ACH/USDT:USDT,0.0224,29826.0,0.022398,13175.0,0.022401,10772.0,0.022403,4195.0
1753503311123,04:15:11.123,ACH/USDT:USDT,0.0224,29826.0,0.022398,13175.0,0.022401,10772.0,0.022403,4195.0
1753503311226,04:15:11.226,ACH/USDT:USDT,0.0224,29826.0,0.022398,13175.0,0.022401,10772.0,0.022403,4195.0
1753503311388,04:15:11.388,ACH/USDT:USDT,0.0224,29826.0,0.022398,16477.0,0.022401,10772.0,0.022403,4195.0
1753503311510,04:15:11.510,ACH/USDT:USDT,0.0224,28200.0,0.022398,227.0,0.022401,10772.0,0.022403,15144.0
1753503311622,04:15:11.622,ACH/USDT:USDT,0.0224,28200.0,0.022398,227.0,0.022401,10772.0,0.022403,15144.0
1753503311758,04:15:11.758,ACH/USDT:USDT,0.0224,28200.0,0.022398,227.0,0.022401,10772.0,0.022403,15144.0
1753503312069,04:15:12.069,ACH/USDT:USDT,0.0224,28738.0,0.022399,3302.0,0.022401,10772.0,0.022403,10949.0
1753503312295,04:15:12.295,ACH/USDT:USDT,0.0224,28738.0,0.022399,3302.0,0.022401,10772.0,0.022403,10949.0
1753503312485,04:15:12.485,ACH/USDT:USDT,0.0224,28738.0,0.022399,3302.0,0.022401,10772.0,0.022403,10949.0
1753503312588,04:15:12.588,ACH/USDT:USDT,0.0224,28738.0,0.022398,4259.0,0.022401,10772.0,0.022403,10949.0
1753503312798,04:15:12.798,ACH/USDT:USDT,0.0224,28738.0,0.022398,227.0,0.022401,10772.0,0.022403,15144.0
1753503312903,04:15:12.903,ACH/USDT:USDT,0.0224,28738.0,0.022398,227.0,0.022401,10772.0,0.022403,15144.0
1753503313118,04:15:13.118,ACH/USDT:USDT,0.0224,28738.0,0.022398,3529.0,0.022401,10772.0,0.022403,14251.0
1753503313402,04:15:13.402,ACH/USDT:USDT,0.0224,28738.0,0.022398,3529.0,0.022401,14600.0,0.022403,14251.0
1753503313572,04:15:13.572,ACH/USDT:USDT,0.0224,28738.0,0.022398,3529.0,0.022401,14600.0,0.022403,14251.0
1753503313704,04:15:13.704,ACH/USDT:USDT,0.0224,28738.0,0.022398,3529.0,0.022401,14600.0,0.022403,15144.0
1753503313844,04:15:13.844,ACH/USDT:USDT,0.0224,28738.0,0.022398,3529.0,0.022401,14600.0,0.022403,15144.0
1753503314002,04:15:14.002,ACH/USDT:USDT,0.0224,28738.0,0.022398,227.0,0.022401,26103.0,0.022403,15144.0
1753503314117,04:15:14.117,ACH/USDT:USDT,0.0224,28738.0,0.022398,227.0,0.022401,26103.0,0.022403,15144.0
1753503314227,04:15:14.227,ACH/USDT:USDT,0.0224,28738.0,0.022398,227.0,0.022401,26103.0,0.022403,15144.0
1753503314561,04:15:14.561,ACH/USDT:USDT,0.0224,28738.0,0.022398,227.0,0.022401,26103.0,0.022403,15144.0
1753503314667,04:15:14.667,ACH/USDT:USDT,0.0224,28738.0,0.022398,227.0,0.022401,26103.0,0.022403,15144.0
1753503314771,04:15:14.771,ACH/USDT:USDT,0.0224,28738.0,0.022398,227.0,0.022401,26103.0,0.022403,15144.0
1753503314928,04:15:14.928,ACH/USDT:USDT,0.0224,28738.0,0.022398,3529.0,0.022401,26103.0,0.022403,15144.0
1753503315088,04:15:15.088,ACH/USDT:USDT,0.0224,28738.0,0.022398,3529.0,0.022401,26103.0,0.022403,15144.0
1753503315202,04:15:15.202,ACH/USDT:USDT,0.0224,28738.0,0.022398,3529.0,0.022401,26103.0,0.022403,15144.0
1753503315322,04:15:15.322,ACH/USDT:USDT,0.0224,28738.0,0.022398,3529.0,0.022401,26567.0,0.022403,15144.0
1753503315462,04:15:15.462,ACH/USDT:USDT,0.0224,28738.0,0.022398,7561.0,0.022401,26568.0,0.022403,15144.0
1753503315565,04:15:15.565,ACH/USDT:USDT,0.0224,28738.0,0.022398,7561.0,0.022401,26568.0,0.022403,15144.0
1753503315669,04:15:15.669,ACH/USDT:USDT,0.0224,28738.0,0.022398,7561.0,0.022401,26568.0,0.022403,11842.0
1753503315771,04:15:15.771,ACH/USDT:USDT,0.0224,28738.0,0.022398,7561.0,0.022401,26568.0,0.022403,11842.0
1753503315872,04:15:15.872,ACH/USDT:USDT,0.0224,28738.0,0.022398,7561.0,0.022401,26568.0,0.022403,11842.0
1753503316020,04:15:16.020,ACH/USDT:USDT,0.0224,28738.0,0.022398,7561.0,0.022401,26568.0,0.022403,11842.0
1753503316129,04:15:16.129,ACH/USDT:USDT,0.0224,28738.0,0.022398,7561.0,0.022401,26568.0,0.022403,11842.0
1753503316291,04:15:16.291,ACH/USDT:USDT,0.0224,28738.0,0.022398,7561.0,0.022401,26568.0,0.022403,11842.0
1753503316401,04:15:16.401,ACH/USDT:USDT,0.0224,28738.0,0.022398,7561.0,0.022401,26568.0,0.022403,11842.0
1753503316773,04:15:16.773,ACH/USDT:USDT,0.0224,28738.0,0.022398,7561.0,0.022401,26568.0,0.022403,11842.0
1753503316875,04:15:16.875,ACH/USDT:USDT,0.0224,28738.0,0.022398,7561.0,0.022401,26568.0,0.022403,11842.0
1753503317018,04:15:17.018,ACH/USDT:USDT,0.0224,28738.0,0.022398,7561.0,0.022401,26568.0,0.022403,893.0
1753503317128,04:15:17.128,ACH/USDT:USDT,0.0224,28738.0,0.022398,18773.0,0.022401,26568.0,0.022404,7176.0
1753503317283,04:15:17.283,ACH/USDT:USDT,0.0224,28738.0,0.022398,18773.0,0.022401,26568.0,0.022404,7176.0
1753503317399,04:15:17.399,ACH/USDT:USDT,0.0224,28738.0,0.022398,18773.0,0.022401,26568.0,0.022404,7176.0
1753503317502,04:15:17.502,ACH/USDT:USDT,0.0224,28738.0,0.022398,18773.0,0.022401,26568.0,0.022404,7176.0
1753503317632,04:15:17.632,ACH/USDT:USDT,0.0224,28738.0,0.022398,18773.0,0.022401,26568.0,0.022404,7176.0
1753503317916,04:15:17.916,ACH/USDT:USDT,0.0224,28738.0,0.022398,18773.0,0.022401,24683.0,0.022404,7176.0
1753503318074,04:15:18.074,ACH/USDT:USDT,0.0224,28503.0,0.022398,18773.0,0.022401,24683.0,0.022404,7176.0
1753503318218,04:15:18.218,ACH/USDT:USDT,0.0224,28503.0,0.022398,18773.0,0.022401,24683.0,0.022404,7176.0
1753503318342,04:15:18.342,ACH/USDT:USDT,0.0224,28738.0,0.022398,18773.0,0.022401,24683.0,0.022404,7176.0
1753503318453,04:15:18.453,ACH/USDT:USDT,0.0224,30527.0,0.022398,18773.0,0.022401,24683.0,0.022404,7176.0
1753503318556,04:15:18.556,ACH/USDT:USDT,0.0224,30527.0,0.022398,18773.0,0.022401,24683.0,0.022404,7176.0
1753503318778,04:15:18.778,ACH/USDT:USDT,0.0224,30527.0,0.022398,18773.0,0.022401,24683.0,0.022404,7176.0
1753503318899,04:15:18.899,ACH/USDT:USDT,0.0224,30527.0,0.022398,18773.0,0.022401,24683.0,0.022404,7176.0
1753503319002,04:15:19.002,ACH/USDT:USDT,0.0224,30527.0,0.022398,18773.0,0.022401,24683.0,0.022404,7176.0
1753503319153,04:15:19.153,ACH/USDT:USDT,0.0224,30527.0,0.022398,18773.0,0.022401,24683.0,0.022404,7176.0
1753503319338,04:15:19.338,ACH/USDT:USDT,0.0224,30527.0,0.022398,18773.0,0.022401,24676.0,0.022404,7176.0
1753503319442,04:15:19.442,ACH/USDT:USDT,0.0224,30527.0,0.022398,18773.0,0.022401,24676.0,0.022404,7176.0
1753503319788,04:15:19.788,ACH/USDT:USDT,0.0224,30527.0,0.022398,18773.0,0.022401,24676.0,0.022404,7176.0
1753503320002,04:15:20.002,ACH/USDT:USDT,0.0224,30527.0,0.022398,18773.0,0.022401,24676.0,0.022404,7176.0
1753503320318,04:15:20.318,ACH/USDT:USDT,0.0224,30527.0,0.022398,18773.0,0.022401,24676.0,0.022404,7176.0
1753503320602,04:15:20.602,ACH/USDT:USDT,0.0224,30527.0,0.022398,18773.0,0.022401,24676.0,0.022404,7176.0
1753503320728,04:15:20.728,ACH/USDT:USDT,0.0224,30527.0,0.022398,18773.0,0.022401,24676.0,0.022404,7176.0
1753503320829,04:15:20.829,ACH/USDT:USDT,0.022403,3232.0,0.022401,16672.0,0.022404,246.0,0.022405,738.0
1753503320931,04:15:20.931,ACH/USDT:USDT,0.022403,8660.0,0.022401,16672.0,0.022404,246.0,0.022405,738.0
1753503321035,04:15:21.035,ACH/USDT:USDT,0.022403,19872.0,0.022402,4032.0,0.022404,246.0,0.022406,4886.0
1753503321136,04:15:21.136,ACH/USDT:USDT,0.022406,12069.0,0.022404,17739.0,0.022407,12196.0,0.022408,3567.0
1753503321240,04:15:21.240,ACH/USDT:USDT,0.022406,12069.0,0.022403,7058.0,0.022407,12196.0,0.022408,3567.0
1753503321346,04:15:21.346,ACH/USDT:USDT,0.022406,12069.0,0.022403,7058.0,0.022407,12196.0,0.022408,6869.0
1753503321448,04:15:21.448,ACH/USDT:USDT,0.022406,12069.0,0.022403,7058.0,0.022407,12196.0,0.022408,6869.0
1753503321552,04:15:21.552,ACH/USDT:USDT,0.022403,737.0,0.022402,226.0,0.022406,14514.0,0.022407,20384.0
1753503321656,04:15:21.656,ACH/USDT:USDT,0.022403,737.0,0.022402,226.0,0.022406,14514.0,0.022407,20384.0
1753503321801,04:15:21.801,ACH/USDT:USDT,0.022403,737.0,0.022402,226.0,0.022406,14514.0,0.022407,9172.0
1753503321907,04:15:21.907,ACH/USDT:USDT,0.022403,737.0,0.022402,226.0,0.022406,14514.0,0.022407,9172.0
1753503322127,04:15:22.127,ACH/USDT:USDT,0.022403,737.0,0.022402,226.0,0.022406,14514.0,0.022407,9172.0
1753503322230,04:15:22.230,ACH/USDT:USDT,0.022403,2168.0,0.022402,226.0,0.022406,14514.0,0.022407,9172.0
1753503322353,04:15:22.353,ACH/USDT:USDT,0.022403,3599.0,0.022402,226.0,0.022406,15381.0,0.022407,9172.0
1753503322502,04:15:22.502,ACH/USDT:USDT,0.022403,3599.0,0.022402,226.0,0.022406,15381.0,0.022407,9172.0
1753503322610,04:15:22.610,ACH/USDT:USDT,0.022403,3599.0,0.022402,226.0,0.022406,17613.0,0.022407,9172.0
1753503322712,04:15:22.712,ACH/USDT:USDT,0.022403,3599.0,0.022402,226.0,0.022406,17613.0,0.022407,9172.0
1753503322831,04:15:22.831,ACH/USDT:USDT,0.022403,3599.0,0.022402,226.0,0.022406,17613.0,0.022407,9172.0
1753503322961,04:15:22.961,ACH/USDT:USDT,0.022403,3599.0,0.022402,226.0,0.022405,10719.0,0.022406,6401.0
1753503323064,04:15:23.064,ACH/USDT:USDT,0.022403,3599.0,0.022402,226.0,0.022405,10719.0,0.022406,6401.0
1753503323268,04:15:23.268,ACH/USDT:USDT,0.022403,2862.0,0.022402,226.0,0.022405,10719.0,0.022406,6401.0
1753503323370,04:15:23.370,ACH/USDT:USDT,0.022403,2862.0,0.022402,226.0,0.022405,10719.0,0.022406,6401.0
1753503323556,04:15:23.556,ACH/USDT:USDT,0.022403,2862.0,0.022402,226.0,0.022405,10719.0,0.022406,6401.0
1753503323697,04:15:23.697,ACH/USDT:USDT,0.022403,2862.0,0.022402,226.0,0.022405,10719.0,0.022406,6401.0
1753503323802,04:15:23.802,ACH/USDT:USDT,0.022403,2862.0,0.022402,226.0,0.022405,10719.0,0.022406,6401.0
1753503323932,04:15:23.932,ACH/USDT:USDT,0.022403,2862.0,0.022402,226.0,0.022405,10719.0,0.022406,6401.0
1753503324087,04:15:24.087,ACH/USDT:USDT,0.022403,2862.0,0.022402,226.0,0.022404,16020.0,0.022405,14021.0
1753503324251,04:15:24.251,ACH/USDT:USDT,0.022403,2862.0,0.022402,226.0,0.022404,16020.0,0.022405,3302.0
1753503324354,04:15:24.354,ACH/USDT:USDT,0.022403,2862.0,0.022402,226.0,0.022404,16020.0,0.022405,3302.0
1753503324456,04:15:24.456,ACH/USDT:USDT,0.022403,2862.0,0.022402,226.0,0.022404,16020.0,0.022405,3302.0
1753503324566,04:15:24.566,ACH/USDT:USDT,0.022403,2862.0,0.022402,226.0,0.022404,16020.0,0.022405,3302.0
1753503324669,04:15:24.669,ACH/USDT:USDT,0.022403,2862.0,0.022402,226.0,0.022404,8901.0,0.022405,3302.0
1753503324886,04:15:24.886,ACH/USDT:USDT,0.022403,5201.0,0.022402,226.0,0.022404,1228.0,0.022405,3302.0
1753503324991,04:15:24.991,ACH/USDT:USDT,0.022403,5201.0,0.022402,226.0,0.022405,3302.0,0.022406,14888.0
1753503325126,04:15:25.126,ACH/USDT:USDT,0.022403,5201.0,0.022402,226.0,0.022405,3035.0,0.022406,17120.0
1753503325232,04:15:25.232,ACH/USDT:USDT,0.022403,5201.0,0.022402,226.0,0.022405,3035.0,0.022406,17120.0
1753503325374,04:15:25.374,ACH/USDT:USDT,0.022403,5201.0,0.022402,226.0,0.022406,13818.0,0.022407,4286.0
1753503325477,04:15:25.477,ACH/USDT:USDT,0.022403,10444.0,0.022402,226.0,0.022406,13818.0,0.022407,4286.0
1753503325621,04:15:25.621,ACH/USDT:USDT,0.022403,11875.0,0.022402,226.0,0.022406,13818.0,0.022407,4286.0
1753503325783,04:15:25.783,ACH/USDT:USDT,0.022403,11875.0,0.022402,226.0,0.022406,13818.0,0.022407,4286.0
1753503325902,04:15:25.902,ACH/USDT:USDT,0.022403,11875.0,0.022402,226.0,0.022406,3099.0,0.022407,4286.0
1753503326006,04:15:26.006,ACH/USDT:USDT,0.022403,13306.0,0.022402,226.0,0.022406,3099.0,0.022407,4286.0
1753503326132,04:15:26.132,ACH/USDT:USDT,0.022403,13306.0,0.022402,226.0,0.022406,3099.0,0.022407,4286.0
1753503326502,04:15:26.502,ACH/USDT:USDT,0.022403,13306.0,0.022402,226.0,0.022406,3099.0,0.022407,4286.0
1753503326615,04:15:26.615,ACH/USDT:USDT,0.022403,13306.0,0.022402,226.0,0.022406,3099.0,0.022407,4286.0
1753503327103,04:15:27.103,ACH/USDT:USDT,0.022403,13306.0,0.022402,226.0,0.022406,3099.0,0.022407,4286.0
1753503327207,04:15:27.207,ACH/USDT:USDT,0.022403,14198.0,0.022402,226.0,0.022406,3099.0,0.022407,4286.0
1753503327318,04:15:27.318,ACH/USDT:USDT,0.022403,14198.0,0.022402,226.0,0.022406,3099.0,0.022407,4286.0
1753503327423,04:15:27.423,ACH/USDT:USDT,0.022403,14198.0,0.022402,226.0,0.022406,3099.0,0.022407,4286.0
1753503327572,04:15:27.572,ACH/USDT:USDT,0.022403,14198.0,0.022402,226.0,0.022406,3099.0,0.022407,4286.0
1753503327675,04:15:27.675,ACH/USDT:USDT,0.022403,14198.0,0.022402,226.0,0.022406,3099.0,0.022407,4286.0
1753503327802,04:15:27.802,ACH/USDT:USDT,0.022403,14198.0,0.022402,226.0,0.022406,3099.0,0.022407,4286.0
1753503328302,04:15:28.302,ACH/USDT:USDT,0.022403,14198.0,0.022402,226.0,0.022406,3099.0,0.022407,4286.0
1753503328478,04:15:28.478,ACH/USDT:USDT,0.022403,15487.0,0.022402,226.0,0.022406,3099.0,0.022407,4286.0
1753503328642,04:15:28.642,ACH/USDT:USDT,0.022403,15487.0,0.022402,226.0,0.022406,3099.0,0.022407,4286.0
1753503328773,04:15:28.773,ACH/USDT:USDT,0.022403,15487.0,0.022402,226.0,0.022406,3099.0,0.022407,4286.0
1753503328876,04:15:28.876,ACH/USDT:USDT,0.022403,15487.0,0.022402,226.0,0.022406,3099.0,0.022407,4286.0
1753503329009,04:15:29.009,ACH/USDT:USDT,0.022403,19669.0,0.022402,226.0,0.022406,3099.0,0.022407,4286.0
1753503329338,04:15:29.338,ACH/USDT:USDT,0.022403,19669.0,0.022402,226.0,0.022406,3099.0,0.022407,4286.0
1753503329502,04:15:29.502,ACH/USDT:USDT,0.022403,20742.0,0.022402,226.0,0.022406,3099.0,0.022407,4286.0
1753503329606,04:15:29.606,ACH/USDT:USDT,0.022403,20742.0,0.022402,226.0,0.022406,3099.0,0.022407,4286.0
1753503329786,04:15:29.786,ACH/USDT:USDT,0.022403,20742.0,0.022402,226.0,0.022406,3099.0,0.022407,4286.0
1753503329954,04:15:29.954,ACH/USDT:USDT,0.022403,20742.0,0.022402,226.0,0.022406,3099.0,0.022407,4286.0
1753503330057,04:15:30.057,ACH/USDT:USDT,0.022403,20742.0,0.022402,1119.0,0.022406,3099.0,0.022407,4286.0
1753503330183,04:15:30.183,ACH/USDT:USDT,0.022404,2339.0,0.022403,18403.0,0.022406,867.0,0.022407,4286.0
1753503330297,04:15:30.297,ACH/USDT:USDT,0.022404,2339.0,0.022403,18403.0,0.022406,867.0,0.022407,984.0
1753503330407,04:15:30.407,ACH/USDT:USDT,0.022404,2339.0,0.022403,18403.0,0.022406,867.0,0.022407,984.0
1753503330652,04:15:30.652,ACH/USDT:USDT,0.022404,2339.0,0.022403,18403.0,0.022406,867.0,0.022407,6517.0
1753503330757,04:15:30.757,ACH/USDT:USDT,0.022404,2339.0,0.022403,18403.0,0.022406,1435.0,0.022407,6517.0
1753503330969,04:15:30.969,ACH/USDT:USDT,0.022404,3233.0,0.022403,18403.0,0.022406,1435.0,0.022407,3215.0
1753503331071,04:15:31.071,ACH/USDT:USDT,0.022404,4306.0,0.022403,18403.0,0.022406,1435.0,0.022407,3215.0
1753503331200,04:15:31.200,ACH/USDT:USDT,0.022404,1967.0,0.022403,18403.0,0.022405,834.0,0.022406,867.0
1753503331318,04:15:31.318,ACH/USDT:USDT,0.022404,1967.0,0.022403,18403.0,0.022405,834.0,0.022406,867.0
1753503331463,04:15:31.463,ACH/USDT:USDT,0.022404,2502.0,0.022403,18403.0,0.022405,834.0,0.022406,867.0
1753503331566,04:15:31.566,ACH/USDT:USDT,0.022404,3575.0,0.022403,19296.0,0.022405,834.0,0.022406,867.0
1753503331669,04:15:31.669,ACH/USDT:USDT,0.022404,3575.0,0.022403,19296.0,0.022405,834.0,0.022406,867.0
1753503331918,04:15:31.918,ACH/USDT:USDT,0.022404,3575.0,0.022403,19296.0,0.022405,834.0,0.022406,867.0
1753503332102,04:15:32.102,ACH/USDT:USDT,0.022404,3575.0,0.022403,19296.0,0.022405,834.0,0.022406,867.0
1753503332218,04:15:32.218,ACH/USDT:USDT,0.022404,3575.0,0.022403,19296.0,0.022405,834.0,0.022406,867.0
1753503332332,04:15:32.332,ACH/USDT:USDT,0.022404,5364.0,0.022403,19296.0,0.022405,834.0,0.022406,867.0
1753503332702,04:15:32.702,ACH/USDT:USDT,0.022404,5364.0,0.022403,19296.0,0.022405,834.0,0.022406,867.0
1753503333302,04:15:33.302,ACH/USDT:USDT,0.022404,5364.0,0.022403,19296.0,0.022405,834.0,0.022406,867.0
1753503333595,04:15:33.595,ACH/USDT:USDT,0.022404,5364.0,0.022403,19296.0,0.022405,834.0,0.022406,867.0
1753503333703,04:15:33.703,ACH/USDT:USDT,0.022404,5364.0,0.022403,19296.0,0.022405,834.0,0.022406,867.0
1753503333830,04:15:33.830,ACH/USDT:USDT,0.022404,5364.0,0.022403,19296.0,0.022405,834.0,0.022406,867.0
1753503333948,04:15:33.948,ACH/USDT:USDT,0.022404,5364.0,0.022403,19296.0,0.022405,834.0,0.022406,867.0
1753503334107,04:15:34.107,ACH/USDT:USDT,0.022403,15359.0,0.022402,226.0,0.022405,834.0,0.022406,4169.0
1753503334209,04:15:34.209,ACH/USDT:USDT,0.022403,15359.0,0.022402,226.0,0.022405,834.0,0.022406,4169.0
1753503334318,04:15:34.318,ACH/USDT:USDT,0.022403,15359.0,0.022402,226.0,0.022405,834.0,0.022406,4169.0
1753503334419,04:15:34.419,ACH/USDT:USDT,0.022403,15359.0,0.022402,226.0,0.022405,834.0,0.022406,4169.0
1753503334548,04:15:34.548,ACH/USDT:USDT,0.022403,15359.0,0.022402,226.0,0.022405,834.0,0.022406,4169.0
1753503334902,04:15:34.902,ACH/USDT:USDT,0.022403,15359.0,0.022402,226.0,0.022405,834.0,0.022406,4169.0
1753503335090,04:15:35.090,ACH/USDT:USDT,0.022403,15359.0,0.022402,226.0,0.022405,834.0,0.022406,867.0
1753503335237,04:15:35.237,ACH/USDT:USDT,0.022404,348.0,0.022403,16432.0,0.022405,3066.0,0.022406,867.0
1753503335388,04:15:35.388,ACH/USDT:USDT,0.022404,348.0,0.022403,16432.0,0.022405,3066.0,0.022406,4169.0
1753503335538,04:15:35.538,ACH/USDT:USDT,0.022404,348.0,0.022403,16432.0,0.022405,3066.0,0.022406,4889.0
1753503335652,04:15:35.652,ACH/USDT:USDT,0.022404,2137.0,0.022403,16432.0,0.022405,3066.0,0.022406,1587.0
1753503335795,04:15:35.795,ACH/USDT:USDT,0.022404,2137.0,0.022403,16432.0,0.022405,3066.0,0.022406,2307.0
1753503335912,04:15:35.912,ACH/USDT:USDT,0.022404,2137.0,0.022403,16432.0,0.022405,3066.0,0.022406,2307.0
1753503336102,04:15:36.102,ACH/USDT:USDT,0.022404,2137.0,0.022403,16432.0,0.022405,3066.0,0.022406,2307.0
1753503336208,04:15:36.208,ACH/USDT:USDT,0.022404,2137.0,0.022403,16432.0,0.022405,3066.0,0.022406,5609.0
1753503336327,04:15:36.327,ACH/USDT:USDT,0.022404,2137.0,0.022403,16432.0,0.022405,3066.0,0.022406,5609.0
1753503336431,04:15:36.431,ACH/USDT:USDT,0.022404,4180.0,0.022403,16432.0,0.022405,3066.0,0.022406,867.0
1753503336538,04:15:36.538,ACH/USDT:USDT,0.022404,5969.0,0.022403,16432.0,0.022405,3066.0,0.022406,1587.0
1753503336641,04:15:36.641,ACH/USDT:USDT,0.022404,5969.0,0.022403,16432.0,0.022405,3066.0,0.022406,1587.0
1753503336767,04:15:36.767,ACH/USDT:USDT,0.022404,5969.0,0.022403,16432.0,0.022405,3066.0,0.022406,1587.0
1753503336982,04:15:36.982,ACH/USDT:USDT,0.022404,5969.0,0.022403,16432.0,0.022405,3066.0,0.022406,1587.0
1753503337117,04:15:37.117,ACH/USDT:USDT,0.022404,5969.0,0.022403,16432.0,0.022405,3066.0,0.022406,1587.0
1753503337221,04:15:37.221,ACH/USDT:USDT,0.022404,5969.0,0.022403,16432.0,0.022405,3066.0,0.022406,1587.0
1753503337437,04:15:37.437,ACH/USDT:USDT,0.022404,6863.0,0.022403,16432.0,0.022405,3066.0,0.022406,1587.0
1753503337564,04:15:37.564,ACH/USDT:USDT,0.022404,6863.0,0.022403,16432.0,0.022405,3066.0,0.022406,867.0
1753503337667,04:15:37.667,ACH/USDT:USDT,0.022404,6863.0,0.022403,16432.0,0.022405,3066.0,0.022406,3027.0
1753503337802,04:15:37.802,ACH/USDT:USDT,0.022404,6863.0,0.022403,16432.0,0.022405,3066.0,0.022406,3027.0
1753503337903,04:15:37.903,ACH/USDT:USDT,0.022404,6863.0,0.022403,16432.0,0.022405,3066.0,0.022406,6329.0
1753503338048,04:15:38.048,ACH/USDT:USDT,0.022404,6863.0,0.022403,16432.0,0.022405,3066.0,0.022406,6329.0
1753503338258,04:15:38.258,ACH/USDT:USDT,0.022404,6863.0,0.022403,16432.0,0.022405,3066.0,0.022406,6329.0
1753503338362,04:15:38.362,ACH/USDT:USDT,0.022404,6863.0,0.022403,16432.0,0.022405,3066.0,0.022406,6329.0
1753503338502,04:15:38.502,ACH/USDT:USDT,0.022404,12106.0,0.022403,11371.0,0.022405,3066.0,0.022406,4889.0
1753503338665,04:15:38.665,ACH/USDT:USDT,0.022404,12106.0,0.022403,11371.0,0.022405,3066.0,0.022406,5609.0
1753503338770,04:15:38.770,ACH/USDT:USDT,0.022404,12106.0,0.022403,11371.0,0.022405,3066.0,0.022406,5609.0
1753503338873,04:15:38.873,ACH/USDT:USDT,0.022404,12106.0,0.022403,11371.0,0.022405,3066.0,0.022406,5609.0
1753503339002,04:15:39.002,ACH/USDT:USDT,0.022404,12106.0,0.022403,11371.0,0.022405,3066.0,0.022406,5609.0
1753503339181,04:15:39.181,ACH/USDT:USDT,0.022404,12106.0,0.022403,11371.0,0.022405,3066.0,0.022406,5609.0
1753503339299,04:15:39.299,ACH/USDT:USDT,0.022404,13179.0,0.022403,11371.0,0.022405,3066.0,0.022406,6329.0
1753503339426,04:15:39.426,ACH/USDT:USDT,0.022404,13179.0,0.022403,11371.0,0.022405,3066.0,0.022406,4889.0
1753503339537,04:15:39.537,ACH/USDT:USDT,0.022404,13179.0,0.022403,11371.0,0.022405,5220.0,0.022406,4889.0
1753503339702,04:15:39.702,ACH/USDT:USDT,0.022404,13179.0,0.022403,11371.0,0.022405,5220.0,0.022406,4889.0
1753503339958,04:15:39.958,ACH/USDT:USDT,0.022404,13179.0,0.022403,11371.0,0.022405,5220.0,0.022406,4889.0
1753503340061,04:15:40.061,ACH/USDT:USDT,0.022404,13179.0,0.022403,11371.0,0.022405,5220.0,0.022406,4889.0
1753503340164,04:15:40.164,ACH/USDT:USDT,0.022404,14252.0,0.022403,11371.0,0.022405,5220.0,0.022406,4889.0
1753503340267,04:15:40.267,ACH/USDT:USDT,0.022404,14252.0,0.022403,11371.0,0.022405,5220.0,0.022406,4889.0
1753503340602,04:15:40.602,ACH/USDT:USDT,0.022404,14252.0,0.022403,11371.0,0.022405,5220.0,0.022406,4889.0
1753503340802,04:15:40.802,ACH/USDT:USDT,0.022404,14252.0,0.022403,11371.0,0.022405,5220.0,0.022406,4889.0
1753503341017,04:15:41.017,ACH/USDT:USDT,0.022404,14252.0,0.022403,11371.0,0.022405,5220.0,0.022406,4889.0
1753503341120,04:15:41.120,ACH/USDT:USDT,0.022404,14252.0,0.022403,11371.0,0.022405,5220.0,0.022406,4889.0
1753503341302,04:15:41.302,ACH/USDT:USDT,0.022404,14252.0,0.022403,11371.0,0.022405,16182.0,0.022406,4889.0
1753503341429,04:15:41.429,ACH/USDT:USDT,0.022404,14252.0,0.022403,11371.0,0.022405,13950.0,0.022406,3302.0
1753503341530,04:15:41.530,ACH/USDT:USDT,0.022404,14252.0,0.022403,11371.0,0.022405,14785.0,0.022406,3302.0
1753503341702,04:15:41.702,ACH/USDT:USDT,0.022404,14252.0,0.022403,11371.0,0.022405,14785.0,0.022406,3302.0
1753503341857,04:15:41.857,ACH/USDT:USDT,0.022404,16972.0,0.022403,8651.0,0.022405,14785.0,0.022407,11945.0
1753503341973,04:15:41.973,ACH/USDT:USDT,0.022406,5480.0,0.022405,6254.0,0.022409,43265.0,0.02241,4825.0
1753503342076,04:15:42.076,ACH/USDT:USDT,0.022405,7938.0,0.022404,21133.0,0.022407,720.0,0.022409,45496.0
1753503342181,04:15:42.181,ACH/USDT:USDT,0.022405,3848.0,0.022404,21133.0,0.022407,2160.0,0.022409,48798.0
1753503342294,04:15:42.294,ACH/USDT:USDT,0.022405,5279.0,0.022404,21133.0,0.022407,2160.0,0.022409,48798.0
1753503342401,04:15:42.401,ACH/USDT:USDT,0.022405,6710.0,0.022404,21133.0,0.022407,2160.0,0.022409,48798.0
1753503342540,04:15:42.540,ACH/USDT:USDT,0.022405,6710.0,0.022404,21133.0,0.022407,6054.0,0.022409,48798.0
1753503342661,04:15:42.661,ACH/USDT:USDT,0.022405,10732.0,0.022404,25146.0,0.022407,6054.0,0.022409,45496.0
1753503342773,04:15:42.773,ACH/USDT:USDT,0.022405,10732.0,0.022404,25146.0,0.022407,6054.0,0.022409,45496.0
1753503342988,04:15:42.988,ACH/USDT:USDT,0.022405,10732.0,0.022404,25146.0,0.022407,6054.0,0.022409,45496.0
1753503343116,04:15:43.116,ACH/USDT:USDT,0.022405,10732.0,0.022404,25146.0,0.022407,6054.0,0.022409,45496.0
1753503343223,04:15:43.223,ACH/USDT:USDT,0.022405,10732.0,0.022404,25146.0,0.022407,6054.0,0.022409,45496.0
1753503343402,04:15:43.402,ACH/USDT:USDT,0.022405,11301.0,0.022404,21133.0,0.022407,6054.0,0.022409,45496.0
1753503343508,04:15:43.508,ACH/USDT:USDT,0.022405,11301.0,0.022404,21133.0,0.022407,6054.0,0.022409,48798.0
1753503343679,04:15:43.679,ACH/USDT:USDT,0.022405,11301.0,0.022404,21133.0,0.022407,6054.0,0.022409,48798.0
1753503343802,04:15:43.802,ACH/USDT:USDT,0.022405,10408.0,0.022404,21133.0,0.022407,6054.0,0.022409,48798.0
1753503344051,04:15:44.051,ACH/USDT:USDT,0.022405,10408.0,0.022404,21133.0,0.022407,6054.0,0.022409,48798.0
1753503344154,04:15:44.154,ACH/USDT:USDT,0.022405,10408.0,0.022404,21133.0,0.022407,6054.0,0.022409,48798.0
1753503344402,04:15:44.402,ACH/USDT:USDT,0.022405,12197.0,0.022404,21133.0,0.022407,6054.0,0.022409,48798.0
1753503344538,04:15:44.538,ACH/USDT:USDT,0.022405,14788.0,0.022404,25146.0,0.022407,6054.0,0.022409,45496.0
1753503344641,04:15:44.641,ACH/USDT:USDT,0.022405,14788.0,0.022404,25146.0,0.022407,6054.0,0.022409,45496.0
1753503344985,04:15:44.985,ACH/USDT:USDT,0.022405,14788.0,0.022404,25146.0,0.022407,6054.0,0.022409,45496.0
1753503345102,04:15:45.102,ACH/USDT:USDT,0.022405,14788.0,0.022404,25146.0,0.022407,6054.0,0.022409,45496.0
1753503345229,04:15:45.229,ACH/USDT:USDT,0.022405,14788.0,0.022404,25146.0,0.022407,6054.0,0.022409,43265.0
1753503345505,04:15:45.505,ACH/USDT:USDT,0.022405,10940.0,0.022404,32105.0,0.022407,8285.0,0.022409,43265.0
1753503345607,04:15:45.607,ACH/USDT:USDT,0.022405,10940.0,0.022404,31757.0,0.022407,8285.0,0.022409,43265.0
1753503345716,04:15:45.716,ACH/USDT:USDT,0.022405,9242.0,0.022404,27744.0,0.022407,8285.0,0.022409,43265.0
1753503345869,04:15:45.869,ACH/USDT:USDT,0.022405,9242.0,0.022404,27744.0,0.022407,8285.0,0.022409,43265.0
1753503345974,04:15:45.974,ACH/USDT:USDT,0.022405,9242.0,0.022404,27744.0,0.022407,8285.0,0.022409,43265.0
1753503346077,04:15:46.077,ACH/USDT:USDT,0.022405,9242.0,0.022404,27744.0,0.022407,8285.0,0.022409,43265.0
1753503346180,04:15:46.180,ACH/USDT:USDT,0.022406,348.0,0.022405,16634.0,0.022407,8285.0,0.022409,43265.0
1753503346282,04:15:46.282,ACH/USDT:USDT,0.022406,348.0,0.022405,16634.0,0.022407,8285.0,0.022409,43265.0
1753503346487,04:15:46.487,ACH/USDT:USDT,0.022406,1267.0,0.022405,16634.0,0.022407,8285.0,0.022409,43265.0
1753503346628,04:15:46.628,ACH/USDT:USDT,0.022406,1267.0,0.022405,16634.0,0.022407,8285.0,0.022409,43265.0
1753503346731,04:15:46.731,ACH/USDT:USDT,0.022406,2340.0,0.022405,15741.0,0.022407,8285.0,0.022409,43265.0
1753503346857,04:15:46.857,ACH/USDT:USDT,0.022406,2340.0,0.022405,11651.0,0.022407,8285.0,0.022409,43265.0
1753503347006,04:15:47.006,ACH/USDT:USDT,0.022406,2340.0,0.022405,8601.0,0.022407,8285.0,0.022409,43265.0
1753503347111,04:15:47.111,ACH/USDT:USDT,0.022406,6110.0,0.022405,11903.0,0.022407,8285.0,0.022409,43265.0
1753503347258,04:15:47.258,ACH/USDT:USDT,0.022406,6110.0,0.022405,11903.0,0.022407,8285.0,0.022409,43265.0
1753503347468,04:15:47.468,ACH/USDT:USDT,0.022406,6110.0,0.022405,11365.0,0.022407,9159.0,0.022409,43265.0
1753503347608,04:15:47.608,ACH/USDT:USDT,0.022406,6110.0,0.022405,8063.0,0.022407,9159.0,0.022409,57374.0
1753503347712,04:15:47.712,ACH/USDT:USDT,0.022406,6110.0,0.022405,8063.0,0.022407,9159.0,0.022409,57374.0
1753503347898,04:15:47.898,ACH/USDT:USDT,0.022401,983.0,0.0224,12315.0,0.022404,5640.0,0.022405,31052.0
1753503348001,04:15:48.001,ACH/USDT:USDT,0.022401,983.0,0.0224,461.0,0.022404,16447.0,0.022405,20245.0
1753503348113,04:15:48.113,ACH/USDT:USDT,0.022401,983.0,0.0224,461.0,0.022404,16447.0,0.022405,20245.0
1753503348219,04:15:48.219,ACH/USDT:USDT,0.022401,983.0,0.0224,461.0,0.022404,10807.0,0.022405,8063.0
1753503348327,04:15:48.327,ACH/USDT:USDT,0.022401,983.0,0.0224,461.0,0.022404,10807.0,0.022405,8063.0
1753503348554,04:15:48.554,ACH/USDT:USDT,0.022401,983.0,0.0224,461.0,0.022404,10807.0,0.022405,8063.0
1753503348656,04:15:48.656,ACH/USDT:USDT,0.022401,4647.0,0.0224,4474.0,0.022404,10807.0,0.022407,16312.0
1753503348902,04:15:48.902,ACH/USDT:USDT,0.022401,4647.0,0.0224,4474.0,0.022404,10807.0,0.022407,16312.0
1753503349009,04:15:49.009,ACH/USDT:USDT,0.022406,2339.0,0.022403,2096.0,0.022407,16312.0,0.022408,41986.0
1753503349112,04:15:49.112,ACH/USDT:USDT,0.022406,2339.0,0.022403,6923.0,0.022407,19263.0,0.022408,41986.0
1753503349238,04:15:49.238,ACH/USDT:USDT,0.022406,4128.0,0.022404,893.0,0.022407,20703.0,0.022408,41986.0
1753503349343,04:15:49.343,ACH/USDT:USDT,0.022406,5201.0,0.022404,893.0,0.022407,20703.0,0.022408,41986.0
1753503349458,04:15:49.458,ACH/USDT:USDT,0.022406,5201.0,0.022404,893.0,0.022407,20703.0,0.022408,41986.0
1753503349602,04:15:49.602,ACH/USDT:USDT,0.022406,5201.0,0.022404,893.0,0.022407,20703.0,0.022408,41986.0
1753503349802,04:15:49.802,ACH/USDT:USDT,0.022406,5201.0,0.022404,893.0,0.022407,20703.0,0.022408,41986.0
1753503349937,04:15:49.937,ACH/USDT:USDT,0.022403,737.0,0.022402,226.0,0.022407,20703.0,0.022408,45288.0
1753503350038,04:15:50.038,ACH/USDT:USDT,0.022403,737.0,0.022402,226.0,0.022407,16312.0,0.022408,45288.0
1753503350142,04:15:50.142,ACH/USDT:USDT,0.022403,737.0,0.022402,226.0,0.022407,16312.0,0.022408,45288.0
1753503350256,04:15:50.256,ACH/USDT:USDT,0.022403,737.0,0.022402,226.0,0.022407,16312.0,0.022408,45288.0
1753503350378,04:15:50.378,ACH/USDT:USDT,0.022403,737.0,0.022402,226.0,0.022407,16312.0,0.022408,45288.0
1753503350480,04:15:50.480,ACH/USDT:USDT,0.022405,1825.0,0.022403,737.0,0.022407,16312.0,0.022408,45288.0
1753503350602,04:15:50.602,ACH/USDT:USDT,0.022405,1825.0,0.022403,737.0,0.022407,16741.0,0.022408,45288.0
1753503351102,04:15:51.102,ACH/USDT:USDT,0.022405,1825.0,0.022403,737.0,0.022407,16741.0,0.022408,45288.0
1753503351206,04:15:51.206,ACH/USDT:USDT,0.022405,1825.0,0.022403,737.0,0.022407,16741.0,0.022408,45288.0
1753503351308,04:15:51.308,ACH/USDT:USDT,0.022405,1825.0,0.022403,737.0,0.022407,16741.0,0.022408,45288.0
1753503351498,04:15:51.498,ACH/USDT:USDT,0.022405,3614.0,0.022403,737.0,0.022407,16741.0,0.022408,41986.0
1753503351687,04:15:51.687,ACH/USDT:USDT,0.022405,3614.0,0.022403,737.0,0.022407,16741.0,0.022408,41986.0
1753503351828,04:15:51.828,ACH/USDT:USDT,0.022405,3614.0,0.022403,737.0,0.022407,16741.0,0.022408,41986.0
1753503351930,04:15:51.930,ACH/USDT:USDT,0.022405,3614.0,0.022403,737.0,0.022407,16741.0,0.022408,41986.0
1753503352089,04:15:52.089,ACH/USDT:USDT,0.022405,3614.0,0.022403,737.0,0.022407,16741.0,0.022408,41986.0
1753503352190,04:15:52.190,ACH/USDT:USDT,0.022405,3614.0,0.022403,737.0,0.022407,16741.0,0.022408,41986.0
1753503352317,04:15:52.317,ACH/USDT:USDT,0.022405,3614.0,0.022403,737.0,0.022407,16741.0,0.022408,41986.0
1753503352549,04:15:52.549,ACH/USDT:USDT,0.022403,737.0,0.022402,226.0,0.022404,10903.0,0.022406,6065.0
1753503352651,04:15:52.651,ACH/USDT:USDT,0.022403,737.0,0.022402,226.0,0.022404,11796.0,0.022405,7237.0
1753503352754,04:15:52.754,ACH/USDT:USDT,0.022401,2056.0,0.0224,461.0,0.022404,11796.0,0.022405,7237.0
1753503352866,04:15:52.866,ACH/USDT:USDT,0.022401,2056.0,0.0224,461.0,0.022404,11796.0,0.022405,7237.0
1753503352968,04:15:52.968,ACH/USDT:USDT,0.022401,2056.0,0.0224,461.0,0.022404,11796.0,0.022405,7237.0
1753503353124,04:15:53.124,ACH/USDT:USDT,0.022401,2056.0,0.0224,461.0,0.022404,11796.0,0.022405,7237.0
1753503353229,04:15:53.229,ACH/USDT:USDT,0.022401,2056.0,0.0224,461.0,0.022404,11796.0,0.022405,7237.0
1753503353342,04:15:53.342,ACH/USDT:USDT,0.022401,3845.0,0.0224,461.0,0.022404,11796.0,0.022405,7237.0
1753503353447,04:15:53.447,ACH/USDT:USDT,0.022401,3845.0,0.0224,461.0,0.022404,11796.0,0.022405,7237.0
1753503353584,04:15:53.584,ACH/USDT:USDT,0.022401,3845.0,0.0224,461.0,0.022403,17087.0,0.022404,4313.0
1753503353697,04:15:53.697,ACH/USDT:USDT,0.022401,3845.0,0.0224,461.0,0.022403,17087.0,0.022404,4313.0
1753503353800,04:15:53.800,ACH/USDT:USDT,0.022401,3845.0,0.0224,461.0,0.022403,17087.0,0.022404,4313.0
1753503353968,04:15:53.968,ACH/USDT:USDT,0.022401,3845.0,0.0224,461.0,0.022403,17087.0,0.022404,4313.0
1753503354378,04:15:54.378,ACH/USDT:USDT,0.022402,235.0,0.022401,3845.0,0.022403,13903.0,0.022405,8697.0
1753503354550,04:15:54.550,ACH/USDT:USDT,0.022402,1666.0,0.022401,3845.0,0.022403,13903.0,0.022405,8697.0
1753503354707,04:15:54.707,ACH/USDT:USDT,0.022402,1666.0,0.022401,3845.0,0.022403,13903.0,0.022405,8697.0
1753503354862,04:15:54.862,ACH/USDT:USDT,0.022402,1666.0,0.022401,3845.0,0.022403,10903.0,0.022405,8697.0
1753503355002,04:15:55.002,ACH/USDT:USDT,0.022402,1666.0,0.022401,3845.0,0.022403,10903.0,0.022405,8697.0
1753503355175,04:15:55.175,ACH/USDT:USDT,0.022402,2739.0,0.022401,3845.0,0.022403,10903.0,0.022405,3935.0
1753503355285,04:15:55.285,ACH/USDT:USDT,0.022402,2739.0,0.022401,3845.0,0.022403,10903.0,0.022405,3935.0
1753503355587,04:15:55.587,ACH/USDT:USDT,0.022402,2739.0,0.022401,3845.0,0.022403,10903.0,0.022405,3935.0
1753503355824,04:15:55.824,ACH/USDT:USDT,0.022402,2739.0,0.022401,3845.0,0.022405,10903.0,0.022407,19741.0
1753503355927,04:15:55.927,ACH/USDT:USDT,0.022402,2739.0,0.022401,3845.0,0.022405,10903.0,0.022406,5084.0
1753503356028,04:15:56.028,ACH/USDT:USDT,0.022401,3845.0,0.0224,6354.0,0.022404,3000.0,0.022405,10903.0
1753503356130,04:15:56.130,ACH/USDT:USDT,0.022401,4181.0,0.0224,461.0,0.022403,17458.0,0.022404,6184.0
1753503356237,04:15:56.237,ACH/USDT:USDT,0.022401,4181.0,0.0224,461.0,0.022403,17458.0,0.022404,6184.0
1753503356378,04:15:56.378,ACH/USDT:USDT,0.022401,4181.0,0.0224,461.0,0.022403,17458.0,0.022404,6184.0
1753503356485,04:15:56.485,ACH/USDT:USDT,0.022401,4181.0,0.0224,461.0,0.022403,17458.0,0.022404,6184.0
1753503356631,04:15:56.631,ACH/USDT:USDT,0.022401,4181.0,0.0224,461.0,0.022403,17458.0,0.022404,6184.0
1753503356756,04:15:56.756,ACH/USDT:USDT,0.022401,4181.0,0.0224,461.0,0.022403,16571.0,0.022404,6184.0
1753503356902,04:15:56.902,ACH/USDT:USDT,0.022401,4181.0,0.0224,461.0,0.022403,16571.0,0.022404,6184.0
1753503357006,04:15:57.006,ACH/USDT:USDT,0.022401,4181.0,0.0224,461.0,0.022403,16571.0,0.022404,6184.0
1753503357162,04:15:57.162,ACH/USDT:USDT,0.022401,5254.0,0.0224,461.0,0.022403,16571.0,0.022404,3000.0
1753503357278,04:15:57.278,ACH/USDT:USDT,0.022401,5254.0,0.0224,461.0,0.022403,16571.0,0.022404,3000.0
1753503357407,04:15:57.407,ACH/USDT:USDT,0.022401,5254.0,0.0224,461.0,0.022403,16571.0,0.022404,3000.0
1753503357594,04:15:57.594,ACH/USDT:USDT,0.022401,5254.0,0.0224,461.0,0.022403,16571.0,0.022404,3000.0
1753503357721,04:15:57.721,ACH/USDT:USDT,0.022401,5254.0,0.0224,461.0,0.022403,16571.0,0.022404,6302.0
1753503357824,04:15:57.824,ACH/USDT:USDT,0.022401,5254.0,0.0224,461.0,0.022403,16571.0,0.022404,6302.0
1753503358011,04:15:58.011,ACH/USDT:USDT,0.022399,737.0,0.022398,786.0,0.022401,16157.0,0.022402,11040.0
1753503358115,04:15:58.115,ACH/USDT:USDT,0.022398,559.0,0.022397,737.0,0.022401,16157.0,0.022402,11890.0
1753503358259,04:15:58.259,ACH/USDT:USDT,0.022398,246.0,0.022397,737.0,0.022401,16804.0,0.022402,11890.0
1753503358362,04:15:58.362,ACH/USDT:USDT,0.022398,246.0,0.022397,737.0,0.022401,16804.0,0.022402,12783.0
1753503358648,04:15:58.648,ACH/USDT:USDT,0.022398,1677.0,0.022397,737.0,0.022401,16804.0,0.022402,11933.0
1753503358749,04:15:58.749,ACH/USDT:USDT,0.022398,1677.0,0.022397,737.0,0.022401,16804.0,0.022402,11933.0
1753503358861,04:15:58.861,ACH/USDT:USDT,0.022398,1677.0,0.022397,737.0,0.022401,16804.0,0.022402,11933.0
1753503359002,04:15:59.002,ACH/USDT:USDT,0.022398,1677.0,0.022397,737.0,0.022401,16804.0,0.022402,11933.0
1753503359115,04:15:59.115,ACH/USDT:USDT,0.022398,1677.0,0.022397,737.0,0.022401,16804.0,0.022402,11933.0
1753503359276,04:15:59.276,ACH/USDT:USDT,0.022398,1677.0,0.022397,737.0,0.022401,16804.0,0.022402,9965.0
1753503359428,04:15:59.428,ACH/USDT:USDT,0.022398,1677.0,0.022397,737.0,0.022401,16804.0,0.022402,9965.0
1753503359529,04:15:59.529,ACH/USDT:USDT,0.022398,1677.0,0.022397,737.0,0.022401,16804.0,0.022402,9965.0
1753503359658,04:15:59.658,ACH/USDT:USDT,0.022398,2750.0,0.022397,737.0,0.022401,16804.0,0.022402,9965.0
1753503360002,04:16:00.002,ACH/USDT:USDT,0.022398,2750.0,0.022397,737.0,0.022401,16804.0,0.022403,17308.0
1753503360105,04:16:00.105,ACH/USDT:USDT,0.022398,2750.0,0.022397,4039.0,0.022401,11550.0,0.022403,17308.0
1753503360209,04:16:00.209,ACH/USDT:USDT,0.022398,2750.0,0.022397,4039.0,0.022401,11550.0,0.022403,17308.0
1753503360312,04:16:00.312,ACH/USDT:USDT,0.022398,2750.0,0.022397,4039.0,0.022401,11550.0,0.022403,17308.0
1753503360659,04:16:00.659,ACH/USDT:USDT,0.022398,2750.0,0.022397,737.0,0.022401,11550.0,0.022403,17308.0
1753503360815,04:16:00.815,ACH/USDT:USDT,0.022398,4181.0,0.022397,737.0,0.022401,11550.0,0.022403,17308.0
1753503360928,04:16:00.928,ACH/USDT:USDT,0.022398,4181.0,0.022397,737.0,0.022401,11550.0,0.022403,17308.0
1753503361036,04:16:01.036,ACH/USDT:USDT,0.022398,4181.0,0.022397,737.0,0.022401,11550.0,0.022403,17308.0
1753503361141,04:16:01.141,ACH/USDT:USDT,0.022398,4181.0,0.022397,737.0,0.022401,11550.0,0.022403,17308.0
1753503361248,04:16:01.248,ACH/USDT:USDT,0.022397,737.0,0.022396,1599.0,0.0224,3000.0,0.022401,11550.0
1753503361350,04:16:01.350,ACH/USDT:USDT,0.022397,737.0,0.022396,227.0,0.0224,16999.0,0.022401,4155.0
1753503361517,04:16:01.517,ACH/USDT:USDT,0.022397,737.0,0.022396,227.0,0.0224,16999.0,0.022401,5048.0
1753503361641,04:16:01.641,ACH/USDT:USDT,0.022397,737.0,0.022396,227.0,0.0224,16999.0,0.022401,5048.0
1753503361744,04:16:01.744,ACH/USDT:USDT,0.022397,2168.0,0.022396,227.0,0.0224,16999.0,0.022401,5048.0
1753503361851,04:16:01.851,ACH/USDT:USDT,0.022397,3599.0,0.022396,227.0,0.0224,13903.0,0.022401,647.0
1753503361999,04:16:01.999,ACH/USDT:USDT,0.022397,3599.0,0.022396,227.0,0.0224,13903.0,0.022401,647.0
1753503362168,04:16:02.168,ACH/USDT:USDT,0.022397,3599.0,0.022396,227.0,0.0224,13903.0,0.022401,647.0
1753503362272,04:16:02.272,ACH/USDT:USDT,0.022397,3599.0,0.022396,227.0,0.0224,16776.0,0.022403,25733.0
1753503362375,04:16:02.375,ACH/USDT:USDT,0.022397,3599.0,0.022396,227.0,0.0224,16776.0,0.022403,25733.0
1753503362548,04:16:02.548,ACH/USDT:USDT,0.022398,16443.0,0.022397,4492.0,0.0224,13776.0,0.022403,20610.0
1753503362688,04:16:02.688,ACH/USDT:USDT,0.022398,16443.0,0.022397,7794.0,0.0224,13776.0,0.022403,17308.0
1753503362791,04:16:02.791,ACH/USDT:USDT,0.022398,16443.0,0.022397,7794.0,0.0224,13776.0,0.022403,17308.0
1753503362967,04:16:02.967,ACH/USDT:USDT,0.022399,235.0,0.022398,16443.0,0.0224,13776.0,0.022403,17308.0
1753503363068,04:16:03.068,ACH/USDT:USDT,0.022399,235.0,0.022398,16443.0,0.0224,13776.0,0.022403,17308.0
1753503363171,04:16:03.171,ACH/USDT:USDT,0.022399,235.0,0.022398,16443.0,0.0224,13776.0,0.022402,6630.0
1753503363302,04:16:03.302,ACH/USDT:USDT,0.022399,1308.0,0.022398,16443.0,0.0224,13776.0,0.022402,6630.0
1753503363431,04:16:03.431,ACH/USDT:USDT,0.022399,1308.0,0.022398,16756.0,0.0224,13445.0,0.022402,6630.0
1753503363902,04:16:03.902,ACH/USDT:USDT,0.022399,1308.0,0.022398,16756.0,0.0224,13445.0,0.022402,6630.0
1753503364007,04:16:04.007,ACH/USDT:USDT,0.022399,1308.0,0.022398,16756.0,0.0224,13445.0,0.022402,9932.0
1753503364248,04:16:04.248,ACH/USDT:USDT,0.022399,1308.0,0.022398,16756.0,0.0224,13445.0,0.022402,9932.0
1753503364389,04:16:04.389,ACH/USDT:USDT,0.022399,1308.0,0.022398,15863.0,0.0224,13445.0,0.022402,9932.0
1753503364492,04:16:04.492,ACH/USDT:USDT,0.022399,1308.0,0.022398,15863.0,0.0224,13445.0,0.022402,9932.0
1753503364600,04:16:04.600,ACH/USDT:USDT,0.022399,2202.0,0.022398,15863.0,0.0224,13445.0,0.022402,9932.0
1753503365102,04:16:05.102,ACH/USDT:USDT,0.022399,2202.0,0.022398,15863.0,0.0224,13445.0,0.022402,9932.0
1753503365229,04:16:05.229,ACH/USDT:USDT,0.022399,6361.0,0.022398,15863.0,0.0224,13445.0,0.022402,9932.0
1753503365363,04:16:05.363,ACH/USDT:USDT,0.022399,6361.0,0.022398,15863.0,0.0224,13445.0,0.022402,9932.0
1753503365497,04:16:05.497,ACH/USDT:USDT,0.022399,6011.0,0.022398,15863.0,0.0224,13445.0,0.022402,9932.0
1753503365604,04:16:05.604,ACH/USDT:USDT,0.022399,6011.0,0.022398,15863.0,0.0224,13445.0,0.022402,9932.0
1753503365718,04:16:05.718,ACH/USDT:USDT,0.022399,6905.0,0.022398,15863.0,0.0224,13446.0,0.022402,9932.0
1753503365992,04:16:05.992,ACH/USDT:USDT,0.022399,6905.0,0.022398,15863.0,0.0224,13446.0,0.022402,9932.0
1753503366094,04:16:06.094,ACH/USDT:USDT,0.022399,6905.0,0.022398,15863.0,0.0224,13446.0,0.022402,9932.0
1753503366198,04:16:06.198,ACH/USDT:USDT,0.022399,6905.0,0.022398,15863.0,0.0224,13446.0,0.022402,9932.0
1753503366302,04:16:06.302,ACH/USDT:USDT,0.022399,6905.0,0.022398,15863.0,0.0224,13446.0,0.022402,9932.0
1753503366554,04:16:06.554,ACH/USDT:USDT,0.022399,8694.0,0.022398,15863.0,0.0224,13446.0,0.022402,9932.0
1753503366717,04:16:06.717,ACH/USDT:USDT,0.022399,8694.0,0.022398,15863.0,0.0224,13446.0,0.022402,9932.0
1753503366971,04:16:06.971,ACH/USDT:USDT,0.022399,8694.0,0.022398,15863.0,0.0224,13446.0,0.022402,6630.0
1753503367297,04:16:07.297,ACH/USDT:USDT,0.022399,10865.0,0.022398,15863.0,0.0224,13446.0,0.022402,6630.0
1753503367638,04:16:07.638,ACH/USDT:USDT,0.022399,10865.0,0.022398,15863.0,0.0224,13446.0,0.022402,6630.0
1753503367744,04:16:07.744,ACH/USDT:USDT,0.022399,10865.0,0.022398,19165.0,0.0224,13446.0,0.022402,6630.0
1753503367902,04:16:07.902,ACH/USDT:USDT,0.022399,13547.0,0.022398,19165.0,0.0224,13446.0,0.022403,17308.0
1753503368106,04:16:08.106,ACH/USDT:USDT,0.022399,13547.0,0.022398,19165.0,0.0224,13446.0,0.022403,17308.0
1753503368391,04:16:08.391,ACH/USDT:USDT,0.022399,13547.0,0.022398,15863.0,0.0224,13446.0,0.022403,17308.0
1753503368555,04:16:08.555,ACH/USDT:USDT,0.022399,12654.0,0.022398,15863.0,0.0224,11214.0,0.022403,17308.0
1753503368884,04:16:08.884,ACH/USDT:USDT,0.022399,12654.0,0.022398,15863.0,0.0224,11214.0,0.022402,3302.0
1753503369002,04:16:09.002,ACH/USDT:USDT,0.022399,12654.0,0.022398,15863.0,0.0224,11214.0,0.022402,3302.0
1753503369107,04:16:09.107,ACH/USDT:USDT,0.022399,12654.0,0.022398,15863.0,0.0224,11214.0,0.022402,3302.0
1753503369211,04:16:09.211,ACH/USDT:USDT,0.022399,12654.0,0.022398,15863.0,0.0224,11214.0,0.022402,3302.0
1753503369602,04:16:09.602,ACH/USDT:USDT,0.022399,12654.0,0.022398,15863.0,0.0224,11214.0,0.022402,3302.0
1753503369785,04:16:09.785,ACH/USDT:USDT,0.022399,13727.0,0.022398,15863.0,0.0224,11214.0,0.022402,3302.0
1753503370018,04:16:10.018,ACH/USDT:USDT,0.022399,13727.0,0.022398,15863.0,0.0224,11214.0,0.022402,3302.0
1753503370122,04:16:10.122,ACH/USDT:USDT,0.022399,14800.0,0.022398,15863.0,0.0224,11214.0,0.022403,17308.0
1753503370241,04:16:10.241,ACH/USDT:USDT,0.022399,14800.0,0.022398,15863.0,0.0224,11214.0,0.022403,17308.0
1753503370357,04:16:10.357,ACH/USDT:USDT,0.022399,14800.0,0.022398,15863.0,0.0224,11214.0,0.022403,17308.0
1753503370662,04:16:10.662,ACH/USDT:USDT,0.022399,14800.0,0.022398,15863.0,0.0224,11214.0,0.022403,17308.0
1753503370802,04:16:10.802,ACH/USDT:USDT,0.022399,14800.0,0.022398,15863.0,0.0224,11214.0,0.022403,17308.0
1753503370927,04:16:10.927,ACH/USDT:USDT,0.022399,16113.0,0.022398,15863.0,0.0224,11214.0,0.022403,17308.0
1753503371079,04:16:11.079,ACH/USDT:USDT,0.022399,16113.0,0.022398,15863.0,0.0224,11214.0,0.022403,17308.0
1753503371302,04:16:11.302,ACH/USDT:USDT,0.022399,16113.0,0.022398,15863.0,0.0224,11214.0,0.022403,17308.0
1753503371566,04:16:11.566,ACH/USDT:USDT,0.022399,12350.0,0.022398,15863.0,0.0224,11214.0,0.022402,4195.0
1753503371671,04:16:11.671,ACH/USDT:USDT,0.022399,12350.0,0.022398,15863.0,0.0224,11214.0,0.022402,4195.0
1753503371902,04:16:11.902,ACH/USDT:USDT,0.022399,12350.0,0.022398,15863.0,0.0224,11214.0,0.022402,4195.0
1753503372004,04:16:12.004,ACH/USDT:USDT,0.022399,12350.0,0.022398,15863.0,0.0224,11214.0,0.022403,17308.0
1753503372118,04:16:12.118,ACH/USDT:USDT,0.022399,12350.0,0.022398,15863.0,0.0224,11214.0,0.022403,17308.0
1753503372302,04:16:12.302,ACH/USDT:USDT,0.022399,12350.0,0.022398,15863.0,0.0224,11214.0,0.022403,17308.0
1753503372436,04:16:12.436,ACH/USDT:USDT,0.022399,12350.0,0.022398,15863.0,0.0224,11214.0,0.022403,18201.0
1753503372559,04:16:12.559,ACH/USDT:USDT,0.022397,3956.0,0.022396,227.0,0.022398,3151.0,0.022399,13855.0
1753503372662,04:16:12.662,ACH/USDT:USDT,0.022397,2862.0,0.022396,227.0,0.022398,13855.0,0.022399,3096.0
1753503372811,04:16:12.811,ACH/USDT:USDT,0.022397,2862.0,0.022396,227.0,0.022398,19468.0,0.022399,3096.0
1753503372933,04:16:12.933,ACH/USDT:USDT,0.022397,2862.0,0.022396,227.0,0.022398,20157.0,0.022399,3096.0
1753503373036,04:16:13.036,ACH/USDT:USDT,0.022397,2862.0,0.022396,227.0,0.022398,20157.0,0.022399,3096.0
1753503373141,04:16:13.141,ACH/USDT:USDT,0.022397,2862.0,0.022396,227.0,0.022398,20157.0,0.022399,3096.0
1753503373254,04:16:13.254,ACH/USDT:USDT,0.022397,4293.0,0.022396,227.0,0.022398,20157.0,0.022399,3096.0
1753503373433,04:16:13.433,ACH/USDT:USDT,0.022397,4293.0,0.022396,227.0,0.022398,20157.0,0.022399,3096.0
1753503373602,04:16:13.602,ACH/USDT:USDT,0.022397,4293.0,0.022396,227.0,0.022398,20157.0,0.022399,3096.0
1753503373703,04:16:13.703,ACH/USDT:USDT,0.022397,2061.0,0.022396,227.0,0.022398,19264.0,0.0224,2054.0
1753503373811,04:16:13.811,ACH/USDT:USDT,0.022397,2061.0,0.022396,227.0,0.022398,19264.0,0.0224,2054.0
1753503373937,04:16:13.937,ACH/USDT:USDT,0.022397,2061.0,0.022396,227.0,0.022398,19264.0,0.0224,2054.0
1753503374042,04:16:14.042,ACH/USDT:USDT,0.022397,2061.0,0.022396,227.0,0.022398,19264.0,0.0224,2054.0
1753503374145,04:16:14.145,ACH/USDT:USDT,0.022397,2061.0,0.022396,227.0,0.022398,19264.0,0.0224,2054.0
1753503374320,04:16:14.320,ACH/USDT:USDT,0.022397,2061.0,0.022396,227.0,0.022398,19812.0,0.0224,1412.0
1753503374423,04:16:14.423,ACH/USDT:USDT,0.022397,2061.0,0.022396,227.0,0.022398,19812.0,0.0224,1412.0
1753503374602,04:16:14.602,ACH/USDT:USDT,0.022397,2061.0,0.022396,227.0,0.022398,19812.0,0.0224,1412.0
1753503374728,04:16:14.728,ACH/USDT:USDT,0.022396,56.0,0.022395,983.0,0.022398,19812.0,0.022399,3302.0
1753503374831,04:16:14.831,ACH/USDT:USDT,0.022396,56.0,0.022395,983.0,0.022398,19812.0,0.022399,3302.0
1753503375071,04:16:15.071,ACH/USDT:USDT,0.022396,1073.0,0.022395,983.0,0.022398,19812.0,0.022399,3302.0
1753503375197,04:16:15.197,ACH/USDT:USDT,0.022396,1073.0,0.022395,983.0,0.022398,19812.0,0.022399,3302.0
1753503375502,04:16:15.502,ACH/USDT:USDT,0.022396,1073.0,0.022395,983.0,0.022398,19812.0,0.022399,3302.0
1753503375624,04:16:15.624,ACH/USDT:USDT,0.022396,1073.0,0.022395,983.0,0.022398,19812.0,0.0224,4714.0
1753503375727,04:16:15.727,ACH/USDT:USDT,0.022396,1073.0,0.022395,983.0,0.022398,19812.0,0.0224,4714.0
1753503375828,04:16:15.828,ACH/USDT:USDT,0.022396,1073.0,0.022395,983.0,0.022398,19812.0,0.0224,4714.0
1753503375946,04:16:15.946,ACH/USDT:USDT,0.022396,2146.0,0.022395,983.0,0.022398,19812.0,0.0224,1412.0
1753503376178,04:16:16.178,ACH/USDT:USDT,0.022396,3219.0,0.022395,983.0,0.022398,19812.0,0.0224,1412.0
1753503376287,04:16:16.287,ACH/USDT:USDT,0.022396,3219.0,0.022395,983.0,0.022398,19812.0,0.0224,1412.0
1753503376402,04:16:16.402,ACH/USDT:USDT,0.022396,3219.0,0.022395,983.0,0.022398,19812.0,0.0224,1412.0
1753503376562,04:16:16.562,ACH/USDT:USDT,0.022396,3219.0,0.022395,983.0,0.022398,19812.0,0.0224,1412.0
1753503376732,04:16:16.732,ACH/USDT:USDT,0.022396,3219.0,0.022395,983.0,0.022398,19812.0,0.022399,3302.0
1753503376839,04:16:16.839,ACH/USDT:USDT,0.022396,4650.0,0.022395,983.0,0.022398,19812.0,0.022399,5721.0
1753503377002,04:16:17.002,ACH/USDT:USDT,0.022396,5723.0,0.022395,983.0,0.022398,19812.0,0.022399,2419.0
1753503377356,04:16:17.356,ACH/USDT:USDT,0.022396,5723.0,0.022395,983.0,0.022398,19813.0,0.022399,2419.0
1753503377502,04:16:17.502,ACH/USDT:USDT,0.022396,5723.0,0.022395,983.0,0.022398,19813.0,0.022399,2419.0
1753503377625,04:16:17.625,ACH/USDT:USDT,0.022396,5723.0,0.022395,983.0,0.022397,14393.0,0.022398,15973.0
1753503377732,04:16:17.732,ACH/USDT:USDT,0.022396,3491.0,0.022395,983.0,0.022397,14393.0,0.022398,15973.0
1753503377835,04:16:17.835,ACH/USDT:USDT,0.022396,3491.0,0.022395,983.0,0.022397,14393.0,0.022398,5269.0
1753503377978,04:16:17.978,ACH/USDT:USDT,0.022396,3491.0,0.022395,983.0,0.022397,14393.0,0.022398,5269.0
1753503378259,04:16:18.259,ACH/USDT:USDT,0.022396,4922.0,0.022395,983.0,0.022397,14393.0,0.022398,5269.0
1753503378361,04:16:18.361,ACH/USDT:USDT,0.022396,4922.0,0.022395,983.0,0.022397,14393.0,0.022398,5269.0
1753503378488,04:16:18.488,ACH/USDT:USDT,0.022396,6353.0,0.022395,983.0,0.022397,14393.0,0.022398,5269.0
1753503378638,04:16:18.638,ACH/USDT:USDT,0.022396,6353.0,0.022395,983.0,0.022397,11393.0,0.022398,5269.0
1753503378739,04:16:18.739,ACH/USDT:USDT,0.022396,6353.0,0.022395,983.0,0.022397,11393.0,0.022398,5269.0
1753503378858,04:16:18.858,ACH/USDT:USDT,0.022395,983.0,0.022394,1094.0,0.022397,14393.0,0.022398,8884.0
1753503378974,04:16:18.974,ACH/USDT:USDT,0.022395,246.0,0.022394,1094.0,0.022397,14393.0,0.022398,8884.0
1753503379076,04:16:19.076,ACH/USDT:USDT,0.022395,246.0,0.022394,1094.0,0.022397,14393.0,0.022398,14266.0
1753503379185,04:16:19.185,ACH/USDT:USDT,0.022395,246.0,0.022394,1094.0,0.022397,14393.0,0.022398,14266.0
1753503379290,04:16:19.290,ACH/USDT:USDT,0.022395,246.0,0.022394,1094.0,0.022397,14393.0,0.022398,14266.0
1753503379432,04:16:19.432,ACH/USDT:USDT,0.022395,246.0,0.022394,1094.0,0.022397,14393.0,0.022398,14266.0
1753503379571,04:16:19.571,ACH/USDT:USDT,0.022395,246.0,0.022394,1094.0,0.022397,14393.0,0.022398,14266.0
1753503379676,04:16:19.676,ACH/USDT:USDT,0.022395,246.0,0.022394,1094.0,0.022397,14393.0,0.022398,14266.0
1753503379779,04:16:19.779,ACH/USDT:USDT,0.022395,246.0,0.022394,1094.0,0.022397,14393.0,0.022398,14266.0
1753503379988,04:16:19.988,ACH/USDT:USDT,0.022395,246.0,0.022394,1094.0,0.022397,14393.0,0.022398,14266.0
1753503380094,04:16:20.094,ACH/USDT:USDT,0.022395,246.0,0.022394,1094.0,0.022397,14393.0,0.022398,14266.0
1753503380198,04:16:20.198,ACH/USDT:USDT,0.022395,2035.0,0.022394,1094.0,0.022397,14393.0,0.022398,14266.0
1753503380301,04:16:20.301,ACH/USDT:USDT,0.022395,2035.0,0.022393,1722.0,0.022397,14393.0,0.022398,14266.0
1753503380402,04:16:20.402,ACH/USDT:USDT,0.022395,2035.0,0.022393,2616.0,0.022397,18393.0,0.022398,14266.0
1753503380598,04:16:20.598,ACH/USDT:USDT,0.022395,2035.0,0.022393,2616.0,0.022397,18393.0,0.022398,14266.0
1753503380824,04:16:20.824,ACH/USDT:USDT,0.022395,3824.0,0.022394,1095.0,0.022397,18393.0,0.022398,14266.0
1753503380926,04:16:20.926,ACH/USDT:USDT,0.022395,3824.0,0.022394,1095.0,0.022397,18393.0,0.022398,14266.0
1753503381202,04:16:21.202,ACH/USDT:USDT,0.022395,3824.0,0.022394,1095.0,0.022397,18393.0,0.022398,14266.0
1753503381305,04:16:21.305,ACH/USDT:USDT,0.022395,3824.0,0.022394,1095.0,0.022397,22611.0,0.022398,14266.0
1753503381502,04:16:21.502,ACH/USDT:USDT,0.022395,3824.0,0.022394,1095.0,0.022397,22611.0,0.022398,14266.0
1753503381643,04:16:21.643,ACH/USDT:USDT,0.022395,3824.0,0.022394,1095.0,0.022397,22611.0,0.022398,14266.0
1753503381752,04:16:21.752,ACH/USDT:USDT,0.022395,3824.0,0.022394,1095.0,0.022397,22611.0,0.022398,14266.0
1753503382087,04:16:22.087,ACH/USDT:USDT,0.022395,3824.0,0.022394,1095.0,0.022397,22611.0,0.022398,14266.0
1753503382302,04:16:22.302,ACH/USDT:USDT,0.022395,3824.0,0.022393,2616.0,0.022397,22611.0,0.022398,14266.0
1753503382409,04:16:22.409,ACH/USDT:USDT,0.022395,3824.0,0.022394,3302.0,0.022397,22611.0,0.022398,14266.0
1753503382602,04:16:22.602,ACH/USDT:USDT,0.022395,3824.0,0.022394,3302.0,0.022397,22611.0,0.022398,14266.0
1753503382757,04:16:22.757,ACH/USDT:USDT,0.022395,3824.0,0.022394,4393.0,0.022397,22611.0,0.022398,14266.0
1753503382902,04:16:22.902,ACH/USDT:USDT,0.022395,3824.0,0.022394,4393.0,0.022397,22611.0,0.022398,14266.0
1753503383127,04:16:23.127,ACH/USDT:USDT,0.022395,3824.0,0.022394,4393.0,0.022397,22611.0,0.022398,14266.0
1753503383297,04:16:23.297,ACH/USDT:USDT,0.022395,3824.0,0.022394,4393.0,0.022397,22611.0,0.022398,14266.0
1753503383487,04:16:23.487,ACH/USDT:USDT,0.022395,3824.0,0.022394,4393.0,0.022397,22611.0,0.022398,14266.0
1753503383703,04:16:23.703,ACH/USDT:USDT,0.022395,3824.0,0.022394,4393.0,0.022397,22611.0,0.022398,14266.0
1753503383857,04:16:23.857,ACH/USDT:USDT,0.022395,3824.0,0.022394,4393.0,0.022397,22611.0,0.022398,14266.0
1753503384002,04:16:24.002,ACH/USDT:USDT,0.022395,5613.0,0.022394,4393.0,0.022397,22611.0,0.022398,14266.0
1753503384302,04:16:24.302,ACH/USDT:USDT,0.022395,5613.0,0.022394,4393.0,0.022397,22611.0,0.022398,14266.0
1753503384408,04:16:24.408,ACH/USDT:USDT,0.022395,5613.0,0.022394,3302.0,0.022397,22611.0,0.022398,14266.0
1753503384535,04:16:24.535,ACH/USDT:USDT,0.022395,5613.0,0.022394,3302.0,0.022397,22611.0,0.022398,9546.0
1753503384702,04:16:24.702,ACH/USDT:USDT,0.022395,7044.0,0.022394,3302.0,0.022397,23253.0,0.022398,9546.0
1753503384806,04:16:24.806,ACH/USDT:USDT,0.022392,246.0,0.022391,964.0,0.022394,16470.0,0.022396,4689.0
1753503384907,04:16:24.907,ACH/USDT:USDT,0.022392,246.0,0.022391,964.0,0.022394,21159.0,0.022397,29576.0
1753503385012,04:16:25.012,ACH/USDT:USDT,0.022392,246.0,0.022391,964.0,0.022394,21159.0,0.022395,894.0
1753503385115,04:16:25.115,ACH/USDT:USDT,0.022392,246.0,0.022391,1618.0,0.022394,21159.0,0.022395,894.0
1753503385221,04:16:25.221,ACH/USDT:USDT,0.022392,5603.0,0.022391,5435.0,0.022394,21159.0,0.022397,29576.0
1753503385420,04:16:25.420,ACH/USDT:USDT,0.022392,5603.0,0.022391,5435.0,0.022394,21159.0,0.022397,29576.0
1753503385524,04:16:25.524,ACH/USDT:USDT,0.022392,5603.0,0.022391,5435.0,0.022394,21159.0,0.022397,29576.0
1753503385628,04:16:25.628,ACH/USDT:USDT,0.022392,5603.0,0.022391,5435.0,0.022394,21159.0,0.022397,29576.0
1753503385802,04:16:25.802,ACH/USDT:USDT,0.022392,5603.0,0.022391,5435.0,0.022394,21159.0,0.022397,29576.0
1753503386026,04:16:26.026,ACH/USDT:USDT,0.022392,6676.0,0.022391,5435.0,0.022394,21159.0,0.022397,29576.0
1753503386157,04:16:26.157,ACH/USDT:USDT,0.022392,6676.0,0.022391,5435.0,0.022394,21159.0,0.022397,29576.0
1753503386264,04:16:26.264,ACH/USDT:USDT,0.022392,6676.0,0.022391,5435.0,0.022394,21159.0,0.022397,29576.0
1753503386367,04:16:26.367,ACH/USDT:USDT,0.022392,6676.0,0.022391,5435.0,0.022394,21709.0,0.022397,30470.0
1753503386567,04:16:26.567,ACH/USDT:USDT,0.022392,6676.0,0.022391,4781.0,0.022394,21709.0,0.022397,30470.0
1753503386737,04:16:26.737,ACH/USDT:USDT,0.022392,6676.0,0.022391,4781.0,0.022394,21709.0,0.022397,30470.0
1753503386921,04:16:26.921,ACH/USDT:USDT,0.022392,6676.0,0.022391,4781.0,0.022394,21439.0,0.022397,29576.0
1753503387045,04:16:27.045,ACH/USDT:USDT,0.022392,6676.0,0.022391,4781.0,0.022394,21439.0,0.022397,29576.0
1753503387229,04:16:27.229,ACH/USDT:USDT,0.022392,6676.0,0.022391,4781.0,0.022394,21439.0,0.022397,29576.0
1753503387332,04:16:27.332,ACH/USDT:USDT,0.022392,6676.0,0.022391,4781.0,0.022394,16465.0,0.022397,29576.0
1753503387436,04:16:27.436,ACH/USDT:USDT,0.022392,6676.0,0.022391,8598.0,0.022394,16465.0,0.022397,26576.0
1753503387545,04:16:27.545,ACH/USDT:USDT,0.022392,6676.0,0.022391,8598.0,0.022394,16465.0,0.022397,18117.0
1753503387649,04:16:27.649,ACH/USDT:USDT,0.022392,6676.0,0.022391,8598.0,0.022394,16465.0,0.022397,18117.0
1753503387802,04:16:27.802,ACH/USDT:USDT,0.022392,6676.0,0.022391,4781.0,0.022394,16465.0,0.022397,18117.0
1753503387984,04:16:27.984,ACH/USDT:USDT,0.022392,6676.0,0.022391,4781.0,0.022394,16465.0,0.022397,15885.0
1753503388107,04:16:28.107,ACH/USDT:USDT,0.022392,6676.0,0.022391,4781.0,0.022394,16465.0,0.022397,15885.0
1753503388337,04:16:28.337,ACH/USDT:USDT,0.022392,6676.0,0.022391,4781.0,0.022394,16465.0,0.022397,15885.0
1753503388455,04:16:28.455,ACH/USDT:USDT,0.022392,6676.0,0.022391,4781.0,0.022394,18699.0,0.022397,15885.0
1753503388572,04:16:28.572,ACH/USDT:USDT,0.022392,6676.0,0.022391,4781.0,0.022394,18699.0,0.022397,15885.0
1753503388748,04:16:28.748,ACH/USDT:USDT,0.022392,6676.0,0.022391,4781.0,0.022394,18699.0,0.022397,15885.0
1753503388902,04:16:28.902,ACH/USDT:USDT,0.022392,6676.0,0.022391,4781.0,0.022394,18699.0,0.022397,15885.0
1753503389007,04:16:29.007,ACH/USDT:USDT,0.022392,6676.0,0.022391,4781.0,0.022394,18699.0,0.022397,15885.0
1753503389148,04:16:29.148,ACH/USDT:USDT,0.022392,6676.0,0.022391,4781.0,0.022394,18699.0,0.022397,16779.0
1753503389461,04:16:29.461,ACH/USDT:USDT,0.022392,6676.0,0.022391,4781.0,0.022394,18700.0,0.022397,15885.0
1753503389948,04:16:29.948,ACH/USDT:USDT,0.022392,6676.0,0.022391,4781.0,0.022394,18700.0,0.022397,15885.0
1753503390050,04:16:30.050,ACH/USDT:USDT,0.022392,6676.0,0.022391,4781.0,0.022394,18700.0,0.022397,15885.0
1753503390263,04:16:30.263,ACH/USDT:USDT,0.022392,8107.0,0.022391,4781.0,0.022394,18700.0,0.022397,15885.0
1753503390366,04:16:30.366,ACH/USDT:USDT,0.022392,10790.0,0.022391,4781.0,0.022394,16467.0,0.022397,15885.0
1753503390498,04:16:30.498,ACH/USDT:USDT,0.022392,10790.0,0.022391,4781.0,0.022394,16467.0,0.022397,15885.0
1753503390602,04:16:30.602,ACH/USDT:USDT,0.022392,10790.0,0.022391,4781.0,0.022394,16467.0,0.022397,15885.0
1753503390768,04:16:30.768,ACH/USDT:USDT,0.022392,10790.0,0.022391,4781.0,0.022394,16467.0,0.022397,15885.0
1753503390896,04:16:30.896,ACH/USDT:USDT,0.022392,10790.0,0.022391,4781.0,0.022394,18700.0,0.022397,15885.0
1753503391112,04:16:31.112,ACH/USDT:USDT,0.022392,10790.0,0.022391,4781.0,0.022394,18700.0,0.022397,15885.0
1753503391215,04:16:31.215,ACH/USDT:USDT,0.022392,9896.0,0.022391,4781.0,0.022394,18700.0,0.022396,4960.0
1753503391328,04:16:31.328,ACH/USDT:USDT,0.022392,8694.0,0.022391,4781.0,0.022394,18700.0,0.022396,4960.0
1753503391447,04:16:31.447,ACH/USDT:USDT,0.022392,8694.0,0.022391,4781.0,0.022394,18700.0,0.022396,4960.0
1753503391602,04:16:31.602,ACH/USDT:USDT,0.022392,8694.0,0.022391,5675.0,0.022394,18700.0,0.022397,15885.0
1753503391715,04:16:31.715,ACH/USDT:USDT,0.022392,9588.0,0.022391,5675.0,0.022394,18700.0,0.022397,15885.0
1753503391997,04:16:31.997,ACH/USDT:USDT,0.022392,9588.0,0.022391,5675.0,0.022394,18700.0,0.022397,15885.0
1753503392105,04:16:32.105,ACH/USDT:USDT,0.022392,9588.0,0.022391,5675.0,0.022394,18700.0,0.022397,15885.0
1753503392242,04:16:32.242,ACH/USDT:USDT,0.022392,7201.0,0.022391,1858.0,0.022394,18935.0,0.022397,16779.0
1753503392351,04:16:32.351,ACH/USDT:USDT,0.022392,7201.0,0.022391,964.0,0.022394,18935.0,0.022396,4994.0
1753503392474,04:16:32.474,ACH/USDT:USDT,0.022392,7201.0,0.022391,964.0,0.022394,18936.0,0.022396,4994.0
1753503392588,04:16:32.588,ACH/USDT:USDT,0.022392,7201.0,0.022391,964.0,0.022394,18936.0,0.022396,4994.0
1753503392779,04:16:32.779,ACH/USDT:USDT,0.022392,7201.0,0.022391,964.0,0.022394,18936.0,0.022396,4994.0
1753503392902,04:16:32.902,ACH/USDT:USDT,0.022392,7201.0,0.022391,964.0,0.022394,18936.0,0.022396,4994.0
1753503393006,04:16:33.006,ACH/USDT:USDT,0.022392,7201.0,0.022391,964.0,0.022394,18936.0,0.022396,4994.0
1753503393137,04:16:33.137,ACH/USDT:USDT,0.022392,10914.0,0.022391,5522.0,0.022394,18936.0,0.022397,15885.0
1753503393386,04:16:33.386,ACH/USDT:USDT,0.022392,10914.0,0.022391,5522.0,0.022394,18936.0,0.022397,15885.0
1753503393639,04:16:33.639,ACH/USDT:USDT,0.022392,11987.0,0.022391,5522.0,0.022394,18936.0,0.022397,15885.0
1753503393758,04:16:33.758,ACH/USDT:USDT,0.022393,1999.0,0.022392,14269.0,0.022394,7710.0,0.022397,15885.0
1753503393863,04:16:33.863,ACH/USDT:USDT,0.022393,8336.0,0.022392,14269.0,0.022397,4955.0,0.022398,42775.0
1753503393968,04:16:33.968,ACH/USDT:USDT,0.022393,19068.0,0.022392,14582.0,0.022397,7092.0,0.022398,42775.0
1753503394077,04:16:34.077,ACH/USDT:USDT,0.022393,19068.0,0.022392,14582.0,0.022397,7734.0,0.022398,42775.0
1753503394443,04:16:34.443,ACH/USDT:USDT,0.022393,19068.0,0.022392,14582.0,0.022397,7734.0,0.022398,42775.0
1753503394545,04:16:34.545,ACH/USDT:USDT,0.022393,19068.0,0.022392,14582.0,0.022397,7734.0,0.022398,42775.0
1753503394648,04:16:34.648,ACH/USDT:USDT,0.022393,19068.0,0.022392,14582.0,0.022397,7734.0,0.022398,42775.0
1753503394758,04:16:34.758,ACH/USDT:USDT,0.022393,19068.0,0.022392,14582.0,0.022397,7734.0,0.022398,42775.0
1753503394927,04:16:34.927,ACH/USDT:USDT,0.022393,19068.0,0.022392,14582.0,0.022397,7734.0,0.022398,42775.0
1753503395057,04:16:35.057,ACH/USDT:USDT,0.022393,19068.0,0.022392,14582.0,0.022397,7734.0,0.022398,42775.0
1753503395178,04:16:35.178,ACH/USDT:USDT,0.022393,20499.0,0.022392,14582.0,0.022397,7734.0,0.022398,42775.0
1753503395280,04:16:35.280,ACH/USDT:USDT,0.022393,22288.0,0.022392,14582.0,0.022397,8376.0,0.022398,42775.0
1753503395502,04:16:35.502,ACH/USDT:USDT,0.022393,22288.0,0.022392,14582.0,0.022397,8376.0,0.022398,42775.0
1753503395628,04:16:35.628,ACH/USDT:USDT,0.022393,22288.0,0.022392,14582.0,0.022397,8376.0,0.022398,42775.0
1753503395738,04:16:35.738,ACH/USDT:USDT,0.022393,22288.0,0.022392,14582.0,0.022397,8376.0,0.022398,42775.0
1753503395902,04:16:35.902,ACH/USDT:USDT,0.022393,22288.0,0.022392,14582.0,0.022397,8376.0,0.022398,42775.0
1753503396050,04:16:36.050,ACH/USDT:USDT,0.022393,22288.0,0.022392,14582.0,0.022397,8376.0,0.022398,42775.0
1753503396153,04:16:36.153,ACH/USDT:USDT,0.022393,22288.0,0.022392,14582.0,0.022397,8376.0,0.022398,42775.0
1753503396272,04:16:36.272,ACH/USDT:USDT,0.022393,22288.0,0.022392,14582.0,0.022397,8376.0,0.022398,42775.0
1753503396401,04:16:36.401,ACH/USDT:USDT,0.022393,22288.0,0.022392,14582.0,0.022397,8376.0,0.022398,42775.0
1753503396602,04:16:36.602,ACH/USDT:USDT,0.022393,22288.0,0.022392,14582.0,0.022397,8376.0,0.022398,42775.0
1753503396902,04:16:36.902,ACH/USDT:USDT,0.022393,22288.0,0.022392,14582.0,0.022397,8376.0,0.022398,42775.0
1753503397112,04:16:37.112,ACH/USDT:USDT,0.022393,22288.0,0.022392,14582.0,0.022397,8376.0,0.022398,42073.0
1753503397396,04:16:37.396,ACH/USDT:USDT,0.022393,8556.0,0.022392,14582.0,0.022397,8376.0,0.022398,42073.0
1753503397504,04:16:37.504,ACH/USDT:USDT,0.022393,8556.0,0.022392,14582.0,0.022397,8376.0,0.022398,42967.0
1753503397606,04:16:37.606,ACH/USDT:USDT,0.022393,6557.0,0.022392,10018.0,0.022397,23451.0,0.022398,46269.0
1753503397711,04:16:37.711,ACH/USDT:USDT,0.022393,6557.0,0.022392,10018.0,0.022397,23451.0,0.022398,46269.0
1753503397938,04:16:37.938,ACH/USDT:USDT,0.022393,6557.0,0.022392,10018.0,0.022397,23451.0,0.022398,46269.0
1753503398102,04:16:38.102,ACH/USDT:USDT,0.022393,6557.0,0.022392,10018.0,0.022397,23451.0,0.022398,46269.0
1753503398297,04:16:38.297,ACH/USDT:USDT,0.022393,6557.0,0.022392,10018.0,0.022397,23451.0,0.022398,46269.0
1753503398418,04:16:38.418,ACH/USDT:USDT,0.022393,6557.0,0.022392,10018.0,0.022397,23451.0,0.022398,46269.0
1753503398557,04:16:38.557,ACH/USDT:USDT,0.022393,10135.0,0.022392,10018.0,0.022397,23451.0,0.022398,45375.0
1753503398678,04:16:38.678,ACH/USDT:USDT,0.022393,10135.0,0.022392,13320.0,0.022397,23451.0,0.022398,42073.0
1753503398781,04:16:38.781,ACH/USDT:USDT,0.022393,6798.0,0.022392,13320.0,0.022397,23451.0,0.022398,42073.0
1753503398978,04:16:38.978,ACH/USDT:USDT,0.022393,6798.0,0.022392,10018.0,0.022397,23451.0,0.022398,45375.0
1753503399111,04:16:39.111,ACH/USDT:USDT,0.022393,6798.0,0.022392,10018.0,0.022395,511.0,0.022396,3302.0
1753503399215,04:16:39.215,ACH/USDT:USDT,0.022393,6798.0,0.022392,10018.0,0.022395,511.0,0.022396,4196.0
1753503399325,04:16:39.325,ACH/USDT:USDT,0.022393,6798.0,0.022392,10018.0,0.022394,7921.0,0.022395,511.0
1753503399453,04:16:39.453,ACH/USDT:USDT,0.022393,6798.0,0.022392,10018.0,0.022394,10154.0,0.022395,511.0
1753503399628,04:16:39.628,ACH/USDT:USDT,0.022393,8229.0,0.022392,10018.0,0.022394,10154.0,0.022395,511.0
1753503399744,04:16:39.744,ACH/USDT:USDT,0.022393,9302.0,0.022392,10018.0,0.022394,10154.0,0.022395,511.0
1753503399902,04:16:39.902,ACH/USDT:USDT,0.022393,9302.0,0.022392,10018.0,0.022394,10154.0,0.022395,511.0
1753503400428,04:16:40.428,ACH/USDT:USDT,0.022393,10375.0,0.022392,14214.0,0.022394,10154.0,0.022395,511.0
1753503400557,04:16:40.557,ACH/USDT:USDT,0.022393,10375.0,0.022392,14214.0,0.022394,7921.0,0.022395,511.0
1753503400773,04:16:40.773,ACH/USDT:USDT,0.022393,10375.0,0.022392,14214.0,0.022394,7921.0,0.022395,511.0
1753503400878,04:16:40.878,ACH/USDT:USDT,0.022393,10375.0,0.022392,10912.0,0.022394,7921.0,0.022395,511.0
1753503401088,04:16:41.088,ACH/USDT:USDT,0.022393,6157.0,0.022392,10018.0,0.022394,7921.0,0.022395,511.0
1753503401198,04:16:41.198,ACH/USDT:USDT,0.022393,6157.0,0.022392,10018.0,0.022394,7921.0,0.022395,511.0
1753503401602,04:16:41.602,ACH/USDT:USDT,0.022393,7230.0,0.022392,10018.0,0.022394,7921.0,0.022395,511.0
1753503401748,04:16:41.748,ACH/USDT:USDT,0.022393,7230.0,0.022392,10018.0,0.022394,7921.0,0.022395,511.0
1753503401853,04:16:41.853,ACH/USDT:USDT,0.022393,7230.0,0.022392,10018.0,0.022394,7921.0,0.022395,511.0
1753503401968,04:16:41.968,ACH/USDT:USDT,0.022393,7230.0,0.022392,10018.0,0.022394,7921.0,0.022395,511.0
1753503402074,04:16:42.074,ACH/USDT:USDT,0.022393,7230.0,0.022392,10018.0,0.022394,7921.0,0.022395,511.0
1753503402257,04:16:42.257,ACH/USDT:USDT,0.022393,7230.0,0.022392,10018.0,0.022394,7921.0,0.022395,511.0
1753503402392,04:16:42.392,ACH/USDT:USDT,0.022393,1311.0,0.022392,10018.0,0.022394,7921.0,0.022395,511.0
1753503402493,04:16:42.493,ACH/USDT:USDT,0.022393,1061.0,0.022392,10018.0,0.022394,7921.0,0.022395,511.0
1753503402702,04:16:42.702,ACH/USDT:USDT,0.022393,1061.0,0.022392,10018.0,0.022394,7921.0,0.022395,511.0
1753503402806,04:16:42.806,ACH/USDT:USDT,0.022393,1061.0,0.022392,10018.0,0.022394,7921.0,0.022395,511.0
1753503402976,04:16:42.976,ACH/USDT:USDT,0.022393,1061.0,0.022392,10018.0,0.022394,7921.0,0.022395,511.0
1753503403190,04:16:43.190,ACH/USDT:USDT,0.022393,1907.0,0.022392,9194.0,0.022394,7921.0,0.022395,511.0
1753503403296,04:16:43.296,ACH/USDT:USDT,0.022393,1907.0,0.022392,9194.0,0.022394,24506.0,0.022395,511.0
1753503403400,04:16:43.400,ACH/USDT:USDT,0.022393,1907.0,0.022392,9194.0,0.022394,24506.0,0.022395,511.0
1753503403557,04:16:43.557,ACH/USDT:USDT,0.022392,9194.0,0.022391,964.0,0.022394,24506.0,0.022395,511.0
1753503403663,04:16:43.663,ACH/USDT:USDT,0.022392,9194.0,0.022391,964.0,0.022394,24506.0,0.022395,511.0
1753503403902,04:16:43.902,ACH/USDT:USDT,0.022391,2168.0,0.022389,1210.0,0.022394,31561.0,0.022395,3954.0
1753503404011,04:16:44.011,ACH/USDT:USDT,0.022391,3241.0,0.022389,2148.0,0.022394,25400.0,0.022395,511.0
1753503404118,04:16:44.118,ACH/USDT:USDT,0.022391,3241.0,0.022389,2148.0,0.022394,25400.0,0.022395,511.0
1753503404348,04:16:44.348,ACH/USDT:USDT,0.022391,5523.0,0.02239,3664.0,0.022394,24506.0,0.022395,511.0
1753503404451,04:16:44.451,ACH/USDT:USDT,0.022391,5523.0,0.02239,3664.0,0.022394,24506.0,0.022395,511.0
1753503404554,04:16:44.554,ACH/USDT:USDT,0.022391,5523.0,0.02239,3664.0,0.022394,24506.0,0.022395,511.0
1753503404657,04:16:44.657,ACH/USDT:USDT,0.022391,5523.0,0.02239,3664.0,0.022394,24506.0,0.022395,511.0
1753503404818,04:16:44.818,ACH/USDT:USDT,0.022391,5523.0,0.02239,3664.0,0.022394,22860.0,0.022395,511.0
1753503404960,04:16:44.960,ACH/USDT:USDT,0.022391,5523.0,0.02239,3664.0,0.022394,22860.0,0.022395,511.0
1753503405063,04:16:45.063,ACH/USDT:USDT,0.022391,5523.0,0.02239,3664.0,0.022394,22860.0,0.022395,511.0
1753503405169,04:16:45.169,ACH/USDT:USDT,0.022391,5523.0,0.02239,3664.0,0.022394,22860.0,0.022395,511.0
1753503405374,04:16:45.374,ACH/USDT:USDT,0.022391,5523.0,0.02239,3664.0,0.022394,22860.0,0.022395,511.0
1753503405602,04:16:45.602,ACH/USDT:USDT,0.022391,5523.0,0.02239,3664.0,0.022394,22860.0,0.022395,511.0
1753503405708,04:16:45.708,ACH/USDT:USDT,0.022391,3241.0,0.022389,9070.0,0.022394,22860.0,0.022395,511.0
1753503405818,04:16:45.818,ACH/USDT:USDT,0.022391,4314.0,0.022389,9070.0,0.022394,22860.0,0.022395,511.0
1753503405968,04:16:45.968,ACH/USDT:USDT,0.022391,4314.0,0.022389,9070.0,0.022394,22860.0,0.022395,511.0
1753503406075,04:16:46.075,ACH/USDT:USDT,0.022391,6596.0,0.02239,3664.0,0.022394,22860.0,0.022395,511.0
1753503406202,04:16:46.202,ACH/USDT:USDT,0.022391,6596.0,0.02239,3664.0,0.022394,22860.0,0.022395,511.0
1753503406502,04:16:46.502,ACH/USDT:USDT,0.022391,6596.0,0.02239,3664.0,0.022394,22860.0,0.022395,511.0
1753503406739,04:16:46.739,ACH/USDT:USDT,0.022391,5424.0,0.022389,8176.0,0.022394,24276.0,0.022395,511.0
1753503406841,04:16:46.841,ACH/USDT:USDT,0.022391,5424.0,0.022389,8176.0,0.022394,24276.0,0.022395,511.0
1753503407039,04:16:47.039,ACH/USDT:USDT,0.022391,5424.0,0.022389,8176.0,0.022394,24276.0,0.022395,511.0
1753503407142,04:16:47.142,ACH/USDT:USDT,0.022391,8779.0,0.02239,3664.0,0.022394,24276.0,0.022395,511.0
1753503407244,04:16:47.244,ACH/USDT:USDT,0.022391,8779.0,0.02239,3664.0,0.022394,24276.0,0.022395,511.0
1753503407348,04:16:47.348,ACH/USDT:USDT,0.022391,8779.0,0.02239,3664.0,0.022394,24276.0,0.022395,511.0
1753503407453,04:16:47.453,ACH/USDT:USDT,0.022391,8779.0,0.02239,3664.0,0.022394,24276.0,0.022395,511.0
1753503407585,04:16:47.585,ACH/USDT:USDT,0.022391,11061.0,0.02239,7328.0,0.022394,18783.0,0.022395,511.0
1753503407702,04:16:47.702,ACH/USDT:USDT,0.022391,11061.0,0.02239,7328.0,0.022394,18783.0,0.022395,511.0
1753503407818,04:16:47.818,ACH/USDT:USDT,0.022391,11061.0,0.02239,7328.0,0.022394,18783.0,0.022395,511.0
1753503407919,04:16:47.919,ACH/USDT:USDT,0.022391,11061.0,0.02239,7328.0,0.022394,18783.0,0.022395,511.0
1753503408028,04:16:48.028,ACH/USDT:USDT,0.022391,11061.0,0.02239,7328.0,0.022394,18783.0,0.022395,511.0
1753503408129,04:16:48.129,ACH/USDT:USDT,0.022391,11061.0,0.02239,7328.0,0.022394,18783.0,0.022395,511.0
1753503408231,04:16:48.231,ACH/USDT:USDT,0.022391,6497.0,0.022389,8176.0,0.022394,18783.0,0.022395,511.0
1753503408345,04:16:48.345,ACH/USDT:USDT,0.022391,6497.0,0.022389,8176.0,0.022394,18783.0,0.022395,511.0
1753503408481,04:16:48.481,ACH/USDT:USDT,0.022391,6497.0,0.022389,8176.0,0.022394,18783.0,0.022395,511.0
1753503408628,04:16:48.628,ACH/USDT:USDT,0.022391,6497.0,0.022389,8176.0,0.022394,18783.0,0.022395,511.0
1753503408731,04:16:48.731,ACH/USDT:USDT,0.022391,6497.0,0.022389,8176.0,0.022394,18783.0,0.022395,511.0
1753503408846,04:16:48.846,ACH/USDT:USDT,0.022391,6497.0,0.022389,8176.0,0.022394,18783.0,0.022395,511.0
1753503409002,04:16:49.002,ACH/USDT:USDT,0.022391,6497.0,0.022389,8176.0,0.022394,18783.0,0.022395,511.0
1753503409162,04:16:49.162,ACH/USDT:USDT,0.022391,6497.0,0.022389,8176.0,0.022394,18783.0,0.022395,511.0
1753503409306,04:16:49.306,ACH/USDT:USDT,0.022391,6497.0,0.022389,8176.0,0.022394,18783.0,0.022395,511.0
1753503409598,04:16:49.598,ACH/USDT:USDT,0.022391,6497.0,0.022389,8176.0,0.022394,18783.0,0.022395,511.0
1753503409740,04:16:49.740,ACH/USDT:USDT,0.022391,8779.0,0.02239,3664.0,0.022394,18783.0,0.022395,511.0
1753503409847,04:16:49.847,ACH/USDT:USDT,0.022391,8779.0,0.02239,3664.0,0.022394,18783.0,0.022395,511.0
1753503409981,04:16:49.981,ACH/USDT:USDT,0.022391,8779.0,0.02239,3664.0,0.022394,18783.0,0.022395,511.0
1753503410120,04:16:50.120,ACH/USDT:USDT,0.022391,8779.0,0.02239,3664.0,0.022394,18783.0,0.022395,511.0
1753503410222,04:16:50.222,ACH/USDT:USDT,0.022391,8779.0,0.02239,3664.0,0.022394,18783.0,0.022395,511.0
1753503410402,04:16:50.402,ACH/USDT:USDT,0.022391,8779.0,0.02239,3664.0,0.022394,18783.0,0.022395,511.0
1753503410507,04:16:50.507,ACH/USDT:USDT,0.022391,11283.0,0.02239,3664.0,0.022394,18783.0,0.022395,511.0
1753503410628,04:16:50.628,ACH/USDT:USDT,0.022391,9001.0,0.022389,8176.0,0.022394,18783.0,0.022395,511.0
1753503410731,04:16:50.731,ACH/USDT:USDT,0.022391,9001.0,0.022389,8176.0,0.022394,18783.0,0.022395,511.0
1753503410907,04:16:50.907,ACH/USDT:USDT,0.022391,10156.0,0.022389,4512.0,0.022394,18783.0,0.022395,511.0
1753503411073,04:16:51.073,ACH/USDT:USDT,0.022391,10156.0,0.022389,1210.0,0.022394,20709.0,0.022395,511.0
1753503411192,04:16:51.192,ACH/USDT:USDT,0.022391,10156.0,0.022389,1210.0,0.022394,22942.0,0.022395,511.0
1753503411302,04:16:51.302,ACH/USDT:USDT,0.022391,10156.0,0.022389,1210.0,0.022394,22942.0,0.022395,511.0
1753503411551,04:16:51.551,ACH/USDT:USDT,0.022391,9869.0,0.022389,1210.0,0.022394,22942.0,0.022395,511.0
1753503411653,04:16:51.653,ACH/USDT:USDT,0.022391,9869.0,0.022389,1210.0,0.022394,22942.0,0.022395,511.0
1753503411755,04:16:51.755,ACH/USDT:USDT,0.022391,7569.0,0.022389,1210.0,0.022394,22942.0,0.022395,511.0
1753503411858,04:16:51.858,ACH/USDT:USDT,0.022391,7569.0,0.022389,1210.0,0.022394,22942.0,0.022395,511.0
1753503411978,04:16:51.978,ACH/USDT:USDT,0.022391,7569.0,0.022389,1210.0,0.022394,22942.0,0.022395,511.0
1753503412148,04:16:52.148,ACH/USDT:USDT,0.022391,7569.0,0.022389,4512.0,0.022394,22942.0,0.022395,511.0
1753503412302,04:16:52.302,ACH/USDT:USDT,0.022391,7569.0,0.022389,4512.0,0.022394,22942.0,0.022395,511.0
1753503412437,04:16:52.437,ACH/USDT:USDT,0.022391,9851.0,0.02239,3664.0,0.022394,22942.0,0.022395,511.0
1753503412555,04:16:52.555,ACH/USDT:USDT,0.022391,9851.0,0.02239,4558.0,0.022394,22942.0,0.022395,511.0
1753503412902,04:16:52.902,ACH/USDT:USDT,0.022391,9851.0,0.02239,4558.0,0.022394,22942.0,0.022395,511.0
1753503413145,04:16:53.145,ACH/USDT:USDT,0.022391,10745.0,0.02239,4558.0,0.022394,22942.0,0.022395,511.0
1753503413363,04:16:53.363,ACH/USDT:USDT,0.022391,8463.0,0.022389,4512.0,0.022394,39839.0,0.022395,3813.0
1753503413480,04:16:53.480,ACH/USDT:USDT,0.022391,8463.0,0.022389,4512.0,0.022394,39839.0,0.022395,3813.0
1753503413618,04:16:53.618,ACH/USDT:USDT,0.022391,8463.0,0.022389,4512.0,0.022394,39839.0,0.022395,3813.0
1753503413828,04:16:53.828,ACH/USDT:USDT,0.022391,12176.0,0.02239,3664.0,0.022394,38945.0,0.022395,511.0
1753503414002,04:16:54.002,ACH/USDT:USDT,0.022391,13070.0,0.02239,3664.0,0.022394,38945.0,0.022395,511.0
1753503414117,04:16:54.117,ACH/USDT:USDT,0.022391,14859.0,0.02239,3664.0,0.022394,38945.0,0.022395,511.0
1753503414602,04:16:54.602,ACH/USDT:USDT,0.022391,15577.0,0.02239,3664.0,0.022394,38945.0,0.022395,511.0
1753503414710,04:16:54.710,ACH/USDT:USDT,0.022376,11997.0,0.022375,738.0,0.022378,5872.0,0.022379,20489.0
1753503414812,04:16:54.812,ACH/USDT:USDT,0.022372,13026.0,0.022371,1211.0,0.022377,7206.0,0.022378,11175.0
1753503414916,04:16:54.916,ACH/USDT:USDT,0.022372,18127.0,0.022371,4513.0,0.022377,7206.0,0.022378,11175.0
1753503415018,04:16:55.018,ACH/USDT:USDT,0.022372,18127.0,0.022371,4513.0,0.022377,7206.0,0.022378,11175.0
1753503415121,04:16:55.121,ACH/USDT:USDT,0.022372,18127.0,0.022371,4513.0,0.022377,4055.0,0.022378,11175.0
1753503415227,04:16:55.227,ACH/USDT:USDT,0.022373,29952.0,0.022372,11765.0,0.022377,894.0,0.022378,5721.0
1753503415389,04:16:55.389,ACH/USDT:USDT,0.022373,31741.0,0.022372,11765.0,0.022377,894.0,0.022378,5721.0
1753503415495,04:16:55.495,ACH/USDT:USDT,0.022375,13358.0,0.022374,30001.0,0.022379,4848.0,0.02238,9853.0
1753503415598,04:16:55.598,ACH/USDT:USDT,0.022375,11076.0,0.022374,26337.0,0.022379,4848.0,0.02238,9853.0
1753503415699,04:16:55.699,ACH/USDT:USDT,0.022375,11076.0,0.022374,15261.0,0.022379,4848.0,0.02238,18458.0
1753503415800,04:16:55.800,ACH/USDT:USDT,0.022375,11076.0,0.022373,19121.0,0.022379,4848.0,0.02238,18458.0
1753503415909,04:16:55.909,ACH/USDT:USDT,0.022375,11076.0,0.022373,19121.0,0.022379,4848.0,0.02238,18458.0
1753503416102,04:16:56.102,ACH/USDT:USDT,0.022375,11076.0,0.022373,19121.0,0.022379,4848.0,0.02238,18458.0
1753503416208,04:16:56.208,ACH/USDT:USDT,0.022375,11076.0,0.022373,2527.0,0.022379,4848.0,0.02238,18458.0
1753503416310,04:16:56.310,ACH/USDT:USDT,0.022375,11076.0,0.022373,2527.0,0.022379,4848.0,0.02238,18458.0
1753503416478,04:16:56.478,ACH/USDT:USDT,0.022375,11076.0,0.022373,2527.0,0.022379,4848.0,0.02238,18458.0
1753503416603,04:16:56.603,ACH/USDT:USDT,0.022374,11076.0,0.022373,4809.0,0.022379,738.0,0.02238,18458.0
1753503416706,04:16:56.706,ACH/USDT:USDT,0.022374,11076.0,0.022373,4809.0,0.022379,738.0,0.02238,18458.0
1753503416807,04:16:56.807,ACH/USDT:USDT,0.022374,11076.0,0.022373,4809.0,0.022379,738.0,0.02238,18458.0
1753503416982,04:16:56.982,ACH/USDT:USDT,0.022374,11076.0,0.022373,4809.0,0.022379,738.0,0.02238,18458.0
1753503417157,04:16:57.157,ACH/USDT:USDT,0.022374,11076.0,0.022373,4809.0,0.022379,738.0,0.02238,18458.0
1753503417278,04:16:57.278,ACH/USDT:USDT,0.022374,11076.0,0.022373,4809.0,0.022379,738.0,0.02238,18458.0
1753503417609,04:16:57.609,ACH/USDT:USDT,0.022375,19644.0,0.022374,18404.0,0.022379,738.0,0.02238,5743.0
1753503417712,04:16:57.712,ACH/USDT:USDT,0.022375,19644.0,0.022374,18404.0,0.022381,46608.0,0.022382,313.0
1753503417816,04:16:57.816,ACH/USDT:USDT,0.022375,19644.0,0.022374,18404.0,0.022381,46608.0,0.022382,313.0
1753503417918,04:16:57.918,ACH/USDT:USDT,0.022375,19644.0,0.022374,18404.0,0.022381,46608.0,0.022382,313.0
1753503418022,04:16:58.022,ACH/USDT:USDT,0.022375,19644.0,0.022374,18404.0,0.022381,46608.0,0.022382,313.0
1753503418161,04:16:58.161,ACH/USDT:USDT,0.022375,19644.0,0.022374,18404.0,0.022381,46608.0,0.022382,313.0
1753503418268,04:16:58.268,ACH/USDT:USDT,0.022375,19644.0,0.022374,18404.0,0.022381,46608.0,0.022382,313.0
1753503418372,04:16:58.372,ACH/USDT:USDT,0.022375,19644.0,0.022374,18404.0,0.022381,46608.0,0.022382,313.0
1753503418504,04:16:58.504,ACH/USDT:USDT,0.022375,19644.0,0.022374,18404.0,0.022381,46608.0,0.022382,313.0
1753503418618,04:16:58.618,ACH/USDT:USDT,0.022375,19644.0,0.022374,18404.0,0.022381,46608.0,0.022382,313.0
1753503418728,04:16:58.728,ACH/USDT:USDT,0.022375,19644.0,0.022374,18404.0,0.022381,46608.0,0.022382,313.0
1753503418902,04:16:58.902,ACH/USDT:USDT,0.022375,19644.0,0.022374,18404.0,0.022381,46608.0,0.022382,313.0
1753503419081,04:16:59.081,ACH/USDT:USDT,0.022375,19644.0,0.022374,18404.0,0.022381,46608.0,0.022382,313.0
1753503419262,04:16:59.262,ACH/USDT:USDT,0.022375,19644.0,0.022374,18404.0,0.022381,46608.0,0.022382,313.0
1753503419502,04:16:59.502,ACH/USDT:USDT,0.022376,11076.0,0.022375,19644.0,0.022381,40622.0,0.022382,313.0
1753503419606,04:16:59.606,ACH/USDT:USDT,0.022376,12149.0,0.022375,19644.0,0.022381,171850.0,0.022382,313.0
1753503419710,04:16:59.710,ACH/USDT:USDT,0.022376,12149.0,0.022375,19644.0,0.022381,171850.0,0.022382,313.0
1753503419838,04:16:59.838,ACH/USDT:USDT,0.022376,1073.0,0.022375,12080.0,0.02238,25778.0,0.022381,171850.0
1753503419941,04:16:59.941,ACH/USDT:USDT,0.022376,5924.0,0.022375,12080.0,0.02238,25778.0,0.022381,171850.0
1753503420119,04:17:00.119,ACH/USDT:USDT,0.022376,5924.0,0.022375,12080.0,0.02238,25778.0,0.022381,172744.0
1753503420228,04:17:00.228,ACH/USDT:USDT,0.022376,5924.0,0.022375,12080.0,0.02238,25778.0,0.022381,172744.0
1753503420348,04:17:00.348,ACH/USDT:USDT,0.022376,7355.0,0.022375,12080.0,0.02238,25778.0,0.022381,172744.0
1753503420457,04:17:00.457,ACH/USDT:USDT,0.022376,2504.0,0.022375,12080.0,0.02238,25778.0,0.022381,172744.0
1753503420572,04:17:00.572,ACH/USDT:USDT,0.022376,2504.0,0.022375,12080.0,0.02238,25778.0,0.022381,172744.0
1753503420702,04:17:00.702,ACH/USDT:USDT,0.022376,2504.0,0.022375,12080.0,0.02238,25778.0,0.022381,172744.0
1753503420902,04:17:00.902,ACH/USDT:USDT,0.022377,34122.0,0.022376,11113.0,0.02238,25778.0,0.022381,171850.0
1753503421007,04:17:01.007,ACH/USDT:USDT,0.022377,36294.0,0.022376,14771.0,0.022381,172459.0,0.022382,313.0
1753503421122,04:17:01.122,ACH/USDT:USDT,0.022377,36294.0,0.022376,9820.0,0.022381,172459.0,0.022382,313.0
1753503421260,04:17:01.260,ACH/USDT:USDT,0.022377,36294.0,0.022376,9820.0,0.022381,172459.0,0.022382,313.0
1753503421502,04:17:01.502,ACH/USDT:USDT,0.022377,36294.0,0.022376,9820.0,0.022381,172459.0,0.022382,313.0
1753503421618,04:17:01.618,ACH/USDT:USDT,0.022377,36294.0,0.022376,9820.0,0.022381,172459.0,0.022382,313.0
1753503421773,04:17:01.773,ACH/USDT:USDT,0.022377,36294.0,0.022376,9820.0,0.022381,172459.0,0.022382,313.0
1753503421877,04:17:01.877,ACH/USDT:USDT,0.022377,36294.0,0.022376,9820.0,0.022381,172459.0,0.022382,313.0
1753503422038,04:17:02.038,ACH/USDT:USDT,0.022377,36294.0,0.022376,9820.0,0.022381,172459.0,0.022382,313.0
1753503422142,04:17:02.142,ACH/USDT:USDT,0.022377,36294.0,0.022376,9820.0,0.022381,172459.0,0.022382,313.0
1753503422245,04:17:02.245,ACH/USDT:USDT,0.022377,36294.0,0.022376,9820.0,0.022381,172459.0,0.022382,313.0
1753503422370,04:17:02.370,ACH/USDT:USDT,0.022377,36294.0,0.022376,9820.0,0.022381,172459.0,0.022382,313.0
1753503422602,04:17:02.602,ACH/USDT:USDT,0.022377,35400.0,0.022376,9820.0,0.022381,172459.0,0.022382,313.0
1753503422717,04:17:02.717,ACH/USDT:USDT,0.022378,11217.0,0.022377,24324.0,0.022381,172463.0,0.022382,313.0
1753503422819,04:17:02.819,ACH/USDT:USDT,0.022379,27564.0,0.022378,894.0,0.022381,171725.0,0.022382,313.0
1753503422929,04:17:02.929,ACH/USDT:USDT,0.022379,27564.0,0.022377,28431.0,0.022381,171725.0,0.022382,313.0
1753503423034,04:17:03.034,ACH/USDT:USDT,0.022379,29378.0,0.022378,3658.0,0.022381,171725.0,0.022382,313.0
1753503423140,04:17:03.140,ACH/USDT:USDT,0.022379,29378.0,0.022378,3658.0,0.022381,171725.0,0.022382,313.0
1753503423297,04:17:03.297,ACH/USDT:USDT,0.022379,29378.0,0.022378,3658.0,0.022381,171725.0,0.022382,313.0
1753503423502,04:17:03.502,ACH/USDT:USDT,0.022379,29378.0,0.022378,3658.0,0.022381,171725.0,0.022382,313.0
1753503423702,04:17:03.702,ACH/USDT:USDT,0.022379,30451.0,0.022378,3658.0,0.022381,171725.0,0.022382,313.0
1753503424205,04:17:04.205,ACH/USDT:USDT,0.022379,29352.0,0.022377,27678.0,0.022381,171726.0,0.022382,313.0
1753503424306,04:17:04.306,ACH/USDT:USDT,0.022379,31524.0,0.022378,3658.0,0.022381,171726.0,0.022382,313.0
1753503424426,04:17:04.426,ACH/USDT:USDT,0.022379,31524.0,0.022378,3658.0,0.022381,171726.0,0.022382,313.0
1753503424610,04:17:04.610,ACH/USDT:USDT,0.022379,31524.0,0.022378,3658.0,0.022381,171726.0,0.022382,313.0
1753503424711,04:17:04.711,ACH/USDT:USDT,0.022379,31524.0,0.022378,3658.0,0.022381,171726.0,0.022382,313.0
1753503424818,04:17:04.818,ACH/USDT:USDT,0.022379,32597.0,0.022378,3658.0,0.022381,171726.0,0.022382,313.0
1753503424992,04:17:04.992,ACH/USDT:USDT,0.022379,32597.0,0.022378,3658.0,0.022381,171726.0,0.022382,313.0
1753503425258,04:17:05.258,ACH/USDT:USDT,0.022379,32597.0,0.022378,3658.0,0.022381,171726.0,0.022382,313.0
1753503425612,04:17:05.612,ACH/USDT:USDT,0.022379,4828.0,0.022377,738.0,0.022381,171726.0,0.022382,6093.0
1753503425797,04:17:05.797,ACH/USDT:USDT,0.022379,4828.0,0.022377,738.0,0.022381,171726.0,0.022382,6093.0
1753503425902,04:17:05.902,ACH/USDT:USDT,0.022379,4828.0,0.022377,738.0,0.022381,171726.0,0.022382,6093.0
1753503426102,04:17:06.102,ACH/USDT:USDT,0.022379,4828.0,0.022377,738.0,0.022381,171726.0,0.022382,6093.0
1753503426451,04:17:06.451,ACH/USDT:USDT,0.022379,6259.0,0.022377,738.0,0.02238,6448.0,0.022381,171117.0
1753503426688,04:17:06.688,ACH/USDT:USDT,0.022379,6259.0,0.022377,738.0,0.02238,6448.0,0.022381,171117.0
1753503426808,04:17:06.808,ACH/USDT:USDT,0.022379,6259.0,0.022377,738.0,0.02238,6448.0,0.022381,171117.0
1753503427002,04:17:07.002,ACH/USDT:USDT,0.022379,6259.0,0.022377,738.0,0.02238,6448.0,0.022381,171117.0
1753503427202,04:17:07.202,ACH/USDT:USDT,0.022379,6259.0,0.022377,738.0,0.02238,6448.0,0.022381,171117.0
1753503427313,04:17:07.313,ACH/USDT:USDT,0.022379,6259.0,0.022378,3302.0,0.02238,6448.0,0.022381,171117.0
1753503427602,04:17:07.602,ACH/USDT:USDT,0.022379,6259.0,0.022378,3302.0,0.02238,6448.0,0.022381,171117.0
1753503427886,04:17:07.886,ACH/USDT:USDT,0.022379,7500.0,0.022378,3302.0,0.02238,6448.0,0.022381,171117.0
1753503427990,04:17:07.990,ACH/USDT:USDT,0.022379,7500.0,0.022378,3302.0,0.02238,6448.0,0.022381,171117.0
1753503428168,04:17:08.168,ACH/USDT:USDT,0.022379,7500.0,0.022378,3302.0,0.02238,6448.0,0.022381,171117.0
1753503428302,04:17:08.302,ACH/USDT:USDT,0.022379,7500.0,0.022378,3302.0,0.02238,6448.0,0.022381,171117.0
1753503428575,04:17:08.575,ACH/USDT:USDT,0.022379,7500.0,0.022378,3302.0,0.02238,6448.0,0.022381,171117.0
1753503428787,04:17:08.787,ACH/USDT:USDT,0.022379,8931.0,0.022378,3302.0,0.02238,6448.0,0.022381,171117.0
1753503429007,04:17:09.007,ACH/USDT:USDT,0.022379,8931.0,0.022378,3302.0,0.02238,6448.0,0.022381,171117.0
1753503429176,04:17:09.176,ACH/USDT:USDT,0.022383,18977.0,0.022382,16832.0,0.022385,738.0,0.022386,785.0
1753503429279,04:17:09.279,ACH/USDT:USDT,0.022383,19871.0,0.022382,17726.0,0.022386,785.0,0.022387,1229.0
1753503429382,04:17:09.382,ACH/USDT:USDT,0.022383,19871.0,0.022382,23093.0,0.022386,246.0,0.022387,491.0
1753503429486,04:17:09.486,ACH/USDT:USDT,0.022386,49.0,0.022385,3302.0,0.022387,491.0,0.022388,226.0
1753503429607,04:17:09.607,ACH/USDT:USDT,0.022386,1122.0,0.022385,3302.0,0.022387,491.0,0.022388,226.0
1753503429806,04:17:09.806,ACH/USDT:USDT,0.022386,1122.0,0.022384,11532.0,0.022387,491.0,0.022388,226.0
1753503429910,04:17:09.910,ACH/USDT:USDT,0.022386,1122.0,0.022384,11532.0,0.022387,491.0,0.022388,226.0
1753503430014,04:17:10.014,ACH/USDT:USDT,0.022386,1122.0,0.022384,11532.0,0.022387,491.0,0.022388,671.0
1753503430118,04:17:10.118,ACH/USDT:USDT,0.022386,1122.0,0.022384,11532.0,0.022387,491.0,0.022388,671.0
1753503430227,04:17:10.227,ACH/USDT:USDT,0.022386,1122.0,0.022384,11532.0,0.022387,491.0,0.022388,671.0
1753503430356,04:17:10.356,ACH/USDT:USDT,0.022386,2553.0,0.022384,11532.0,0.022387,491.0,0.022388,671.0
1753503430459,04:17:10.459,ACH/USDT:USDT,0.022386,2553.0,0.022384,11532.0,0.022387,491.0,0.022388,671.0
1753503430562,04:17:10.562,ACH/USDT:USDT,0.022386,2553.0,0.022384,11532.0,0.022387,491.0,0.022388,671.0
1753503430692,04:17:10.692,ACH/USDT:USDT,0.022386,2553.0,0.022384,11532.0,0.022387,491.0,0.022388,671.0
1753503430807,04:17:10.807,ACH/USDT:USDT,0.022386,2553.0,0.022384,11532.0,0.022387,491.0,0.022388,671.0
1753503430918,04:17:10.918,ACH/USDT:USDT,0.022386,2553.0,0.022384,11532.0,0.022387,491.0,0.022388,671.0
1753503431102,04:17:11.102,ACH/USDT:USDT,0.022386,2553.0,0.022384,7874.0,0.022387,491.0,0.022388,671.0
1753503431224,04:17:11.224,ACH/USDT:USDT,0.022386,2553.0,0.022384,7874.0,0.022387,491.0,0.022388,671.0
1753503431373,04:17:11.373,ACH/USDT:USDT,0.022386,2553.0,0.022384,7874.0,0.022387,491.0,0.022388,671.0
1753503431502,04:17:11.502,ACH/USDT:USDT,0.022386,2553.0,0.022384,7874.0,0.022387,491.0,0.022388,671.0
1753503431608,04:17:11.608,ACH/USDT:USDT,0.022383,13922.0,0.022382,14883.0,0.022387,491.0,0.022388,671.0
1753503431711,04:17:11.711,ACH/USDT:USDT,0.022383,13922.0,0.022382,18541.0,0.022387,491.0,0.022388,671.0
1753503431836,04:17:11.836,ACH/USDT:USDT,0.022383,13922.0,0.022382,21843.0,0.022387,491.0,0.022388,671.0
1753503432102,04:17:12.102,ACH/USDT:USDT,0.022383,13922.0,0.022382,21843.0,0.022387,491.0,0.022388,671.0
1753503432206,04:17:12.206,ACH/USDT:USDT,0.022383,13028.0,0.022382,22963.0,0.022387,491.0,0.022388,671.0
1753503432309,04:17:12.309,ACH/USDT:USDT,0.022383,13028.0,0.022382,22963.0,0.022387,491.0,0.022388,671.0
1753503432603,04:17:12.603,ACH/USDT:USDT,0.022384,10679.0,0.022383,21775.0,0.022387,491.0,0.022388,226.0
1753503432741,04:17:12.741,ACH/USDT:USDT,0.022384,10679.0,0.022383,21775.0,0.022387,491.0,0.022388,226.0
1753503432848,04:17:12.848,ACH/USDT:USDT,0.022384,10679.0,0.022383,21775.0,0.022387,491.0,0.022388,226.0
1753503433058,04:17:13.058,ACH/USDT:USDT,0.022384,10679.0,0.022383,21775.0,0.022387,491.0,0.022388,226.0
1753503433183,04:17:13.183,ACH/USDT:USDT,0.022384,10679.0,0.022383,21775.0,0.022387,250.0,0.022388,226.0
1753503433428,04:17:13.428,ACH/USDT:USDT,0.022384,2998.0,0.022383,14459.0,0.022386,6031.0,0.022387,250.0
1753503433711,04:17:13.711,ACH/USDT:USDT,0.022384,2998.0,0.022383,14459.0,0.022386,6031.0,0.022387,250.0
1753503433814,04:17:13.814,ACH/USDT:USDT,0.022384,2998.0,0.022383,14459.0,0.022386,6031.0,0.022387,250.0
1753503433969,04:17:13.969,ACH/USDT:USDT,0.022384,2998.0,0.022383,14459.0,0.022386,6031.0,0.022387,250.0
1753503434072,04:17:14.072,ACH/USDT:USDT,0.022384,2998.0,0.022383,3242.0,0.022386,6031.0,0.022387,250.0
1753503434204,04:17:14.204,ACH/USDT:USDT,0.022384,2998.0,0.022383,3242.0,0.022386,6031.0,0.022387,9332.0
1753503434308,04:17:14.308,ACH/USDT:USDT,0.022384,2998.0,0.022383,2504.0,0.022385,8728.0,0.022386,23272.0
1753503434410,04:17:14.410,ACH/USDT:USDT,0.022383,2504.0,0.022382,226.0,0.022384,11879.0,0.022385,17810.0
1753503434518,04:17:14.518,ACH/USDT:USDT,0.022383,2504.0,0.022382,226.0,0.022384,11879.0,0.022385,17810.0
1753503434623,04:17:14.623,ACH/USDT:USDT,0.022383,2504.0,0.022382,226.0,0.022384,11879.0,0.022385,17810.0
1753503434737,04:17:14.737,ACH/USDT:USDT,0.022383,2504.0,0.022382,226.0,0.022384,19940.0,0.022385,14508.0
1753503434840,04:17:14.840,ACH/USDT:USDT,0.022383,2504.0,0.022382,226.0,0.022384,19940.0,0.022385,14508.0
1753503434959,04:17:14.959,ACH/USDT:USDT,0.022383,2504.0,0.022382,226.0,0.022384,19940.0,0.022385,14508.0
1753503435066,04:17:15.066,ACH/USDT:USDT,0.022383,2504.0,0.022382,226.0,0.022384,19940.0,0.022385,14508.0
1753503435170,04:17:15.170,ACH/USDT:USDT,0.022383,2504.0,0.022382,226.0,0.022384,19940.0,0.022385,14508.0
1753503435290,04:17:15.290,ACH/USDT:USDT,0.022383,2504.0,0.022382,226.0,0.022384,19940.0,0.022385,14508.0
1753503435412,04:17:15.412,ACH/USDT:USDT,0.022383,2504.0,0.022382,226.0,0.022384,19940.0,0.022385,14508.0
1753503435544,04:17:15.544,ACH/USDT:USDT,0.022383,2504.0,0.022382,226.0,0.022384,19940.0,0.022385,14508.0
1753503435648,04:17:15.648,ACH/USDT:USDT,0.022383,2504.0,0.022382,226.0,0.022384,19940.0,0.022385,14508.0
1753503435793,04:17:15.793,ACH/USDT:USDT,0.022383,2504.0,0.022382,226.0,0.022384,19940.0,0.022385,14508.0
1753503435915,04:17:15.915,ACH/USDT:USDT,0.022383,2504.0,0.022382,226.0,0.022384,19940.0,0.022385,14508.0
1753503436130,04:17:16.130,ACH/USDT:USDT,0.022383,2504.0,0.022382,226.0,0.022384,19940.0,0.022385,14508.0
1753503436235,04:17:16.235,ACH/USDT:USDT,0.022383,2504.0,0.022382,226.0,0.022384,19940.0,0.022385,14508.0
1753503436371,04:17:16.371,ACH/USDT:USDT,0.022383,2504.0,0.022382,226.0,0.022384,19940.0,0.022385,14508.0
1753503436474,04:17:16.474,ACH/USDT:USDT,0.022383,2504.0,0.022382,226.0,0.022384,19940.0,0.022385,8728.0
1753503436628,04:17:16.628,ACH/USDT:USDT,0.022383,2504.0,0.022382,226.0,0.022384,19940.0,0.022385,8728.0
1753503436798,04:17:16.798,ACH/USDT:USDT,0.022383,2504.0,0.022382,226.0,0.022384,19940.0,0.022385,8728.0
1753503436901,04:17:16.901,ACH/USDT:USDT,0.022383,2504.0,0.022382,226.0,0.022384,19940.0,0.022385,8728.0
1753503437061,04:17:17.061,ACH/USDT:USDT,0.022383,3577.0,0.022382,226.0,0.022384,19940.0,0.022385,8728.0
1753503437377,04:17:17.377,ACH/USDT:USDT,0.022383,3577.0,0.022382,226.0,0.022384,19940.0,0.022385,8728.0
1753503437502,04:17:17.502,ACH/USDT:USDT,0.022383,3577.0,0.022382,226.0,0.022384,19940.0,0.022385,8728.0
1753503437610,04:17:17.610,ACH/USDT:USDT,0.022383,3577.0,0.022382,226.0,0.022384,19940.0,0.022385,8728.0
1753503437902,04:17:17.902,ACH/USDT:USDT,0.022383,3577.0,0.022382,226.0,0.022384,19940.0,0.022385,8728.0
1753503438102,04:17:18.102,ACH/USDT:USDT,0.022383,3577.0,0.022382,226.0,0.022384,19940.0,0.022385,8728.0
1753503438208,04:17:18.208,ACH/USDT:USDT,0.022383,5366.0,0.022382,3528.0,0.022384,19940.0,0.022385,8728.0
1753503438328,04:17:18.328,ACH/USDT:USDT,0.022383,5366.0,0.022382,3528.0,0.022384,8728.0,0.022385,8728.0
1753503438430,04:17:18.430,ACH/USDT:USDT,0.022383,5366.0,0.022382,3528.0,0.022384,8728.0,0.022385,8728.0
1753503438581,04:17:18.581,ACH/USDT:USDT,0.022383,5366.0,0.022382,3528.0,0.022384,8728.0,0.022385,8728.0
1753503438698,04:17:18.698,ACH/USDT:USDT,0.022383,5366.0,0.022382,3528.0,0.022384,8728.0,0.022385,8728.0
1753503438967,04:17:18.967,ACH/USDT:USDT,0.022383,5366.0,0.022382,3528.0,0.022384,8728.0,0.022385,8728.0
1753503439102,04:17:19.102,ACH/USDT:USDT,0.022383,5366.0,0.022382,3528.0,0.022384,8728.0,0.022385,8728.0
1753503439420,04:17:19.420,ACH/USDT:USDT,0.022383,5366.0,0.022382,226.0,0.022384,8728.0,0.022385,8728.0
1753503439522,04:17:19.522,ACH/USDT:USDT,0.022383,5366.0,0.022382,226.0,0.022384,8728.0,0.022385,8728.0
1753503439773,04:17:19.773,ACH/USDT:USDT,0.022383,5366.0,0.022382,226.0,0.022384,8728.0,0.022385,8728.0
1753503439876,04:17:19.876,ACH/USDT:USDT,0.022383,5366.0,0.022382,226.0,0.022384,8728.0,0.022385,8728.0
1753503439986,04:17:19.986,ACH/USDT:USDT,0.022383,5366.0,0.022382,226.0,0.022384,8728.0,0.022385,8728.0
1753503440102,04:17:20.102,ACH/USDT:USDT,0.022383,5366.0,0.022382,226.0,0.022384,8728.0,0.022385,8728.0
1753503440228,04:17:20.228,ACH/USDT:USDT,0.022383,5366.0,0.022382,226.0,0.022384,8728.0,0.022385,8728.0
1753503440394,04:17:20.394,ACH/USDT:USDT,0.022383,5366.0,0.022382,226.0,0.022384,9523.0,0.022385,8728.0
1753503440532,04:17:20.532,ACH/USDT:USDT,0.022383,5366.0,0.022382,226.0,0.022384,9523.0,0.022385,8728.0
1753503440637,04:17:20.637,ACH/USDT:USDT,0.022383,6439.0,0.022382,226.0,0.022384,9523.0,0.022385,9622.0
1753503440776,04:17:20.776,ACH/USDT:USDT,0.022383,6439.0,0.022382,226.0,0.022384,9843.0,0.022385,9622.0
1753503440902,04:17:20.902,ACH/USDT:USDT,0.022383,7333.0,0.022382,226.0,0.022384,9843.0,0.022385,9622.0
1753503441102,04:17:21.102,ACH/USDT:USDT,0.022383,7333.0,0.022382,226.0,0.022384,9843.0,0.022385,9622.0
1753503441208,04:17:21.208,ACH/USDT:USDT,0.022383,7333.0,0.022382,226.0,0.022384,9843.0,0.022385,9622.0
1753503441402,04:17:21.402,ACH/USDT:USDT,0.022383,7333.0,0.022382,226.0,0.022384,9843.0,0.022385,8728.0
1753503441565,04:17:21.565,ACH/USDT:USDT,0.022383,7333.0,0.022382,226.0,0.022384,9843.0,0.022385,8728.0
1753503441683,04:17:21.683,ACH/USDT:USDT,0.022383,7333.0,0.022382,226.0,0.022384,9843.0,0.022385,21003.0
1753503441786,04:17:21.786,ACH/USDT:USDT,0.022383,7333.0,0.022382,226.0,0.022384,9843.0,0.022385,21003.0
1753503441893,04:17:21.893,ACH/USDT:USDT,0.022384,1999.0,0.022383,30937.0,0.022385,12275.0,0.022386,6344.0
1753503442014,04:17:22.014,ACH/USDT:USDT,0.022384,1999.0,0.022383,30937.0,0.022385,12275.0,0.022386,6344.0
1753503442142,04:17:22.142,ACH/USDT:USDT,0.022384,1999.0,0.022383,30937.0,0.022385,12275.0,0.022386,6344.0
1753503442288,04:17:22.288,ACH/USDT:USDT,0.022384,1999.0,0.022383,28765.0,0.022385,12917.0,0.022386,6344.0
1753503442478,04:17:22.478,ACH/USDT:USDT,0.022383,14553.0,0.022382,7446.0,0.022385,15785.0,0.022386,6344.0
1753503442582,04:17:22.582,ACH/USDT:USDT,0.022383,14553.0,0.022382,7446.0,0.022385,16427.0,0.022386,6344.0
1753503442702,04:17:22.702,ACH/USDT:USDT,0.022383,14553.0,0.022382,7446.0,0.022385,16427.0,0.022386,6344.0
1753503442824,04:17:22.824,ACH/USDT:USDT,0.022383,14553.0,0.022382,7446.0,0.022385,17069.0,0.022386,6344.0
1753503442955,04:17:22.955,ACH/USDT:USDT,0.022383,14553.0,0.022382,7446.0,0.022385,19303.0,0.022386,6344.0
1753503443057,04:17:23.057,ACH/USDT:USDT,0.022383,14553.0,0.022382,7446.0,0.022385,19303.0,0.022386,6344.0
1753503443167,04:17:23.167,ACH/USDT:USDT,0.022383,14553.0,0.022382,7446.0,0.022385,19303.0,0.022386,6344.0
1753503443295,04:17:23.295,ACH/USDT:USDT,0.022383,17415.0,0.022382,7446.0,0.022385,19303.0,0.022386,6344.0
1753503443507,04:17:23.507,ACH/USDT:USDT,0.022383,17415.0,0.022382,7446.0,0.022385,19303.0,0.022386,6344.0
1753503443610,04:17:23.610,ACH/USDT:USDT,0.022383,18488.0,0.022382,7446.0,0.022385,19303.0,0.022386,6344.0
1753503443767,04:17:23.767,ACH/USDT:USDT,0.022383,18488.0,0.022382,7446.0,0.022385,19303.0,0.022386,6344.0
1753503443965,04:17:23.965,ACH/USDT:USDT,0.022383,22333.0,0.022382,7446.0,0.022385,19303.0,0.022386,6344.0
1753503444102,04:17:24.102,ACH/USDT:USDT,0.022383,22333.0,0.022382,7446.0,0.022385,19303.0,0.022386,6344.0
1753503444302,04:17:24.302,ACH/USDT:USDT,0.022383,22333.0,0.022382,7446.0,0.022385,19303.0,0.022386,6344.0
1753503444407,04:17:24.407,ACH/USDT:USDT,0.022383,22333.0,0.022382,7446.0,0.022385,19303.0,0.022386,6344.0
1753503444609,04:17:24.609,ACH/USDT:USDT,0.022383,22333.0,0.022382,7446.0,0.022385,19303.0,0.022386,6344.0
1753503444719,04:17:24.719,ACH/USDT:USDT,0.022383,22333.0,0.022382,7446.0,0.022385,19303.0,0.022386,6344.0
1753503444822,04:17:24.822,ACH/USDT:USDT,0.022383,22333.0,0.022382,7446.0,0.022385,19303.0,0.022386,6344.0
1753503444934,04:17:24.934,ACH/USDT:USDT,0.022383,22333.0,0.022382,7446.0,0.022385,19303.0,0.022386,6344.0
1753503445188,04:17:25.188,ACH/USDT:USDT,0.022383,22333.0,0.022382,7446.0,0.022385,19303.0,0.022386,6344.0
1753503445302,04:17:25.302,ACH/USDT:USDT,0.022383,22333.0,0.022382,7446.0,0.022385,19303.0,0.022386,6344.0
1753503445406,04:17:25.406,ACH/USDT:USDT,0.022383,15113.0,0.022382,7446.0,0.022385,91439.0,0.022386,6344.0
1753503445514,04:17:25.514,ACH/USDT:USDT,0.022383,15113.0,0.022382,7446.0,0.022385,91439.0,0.022386,6344.0
1753503445617,04:17:25.617,ACH/USDT:USDT,0.022383,15113.0,0.022382,7446.0,0.022385,91439.0,0.022386,6344.0
1753503445770,04:17:25.770,ACH/USDT:USDT,0.022383,17975.0,0.022382,7446.0,0.022385,91439.0,0.022386,6344.0
1753503445876,04:17:25.876,ACH/USDT:USDT,0.022383,17975.0,0.022382,7446.0,0.022385,91439.0,0.022386,6344.0
1753503445978,04:17:25.978,ACH/USDT:USDT,0.022383,17975.0,0.022382,7446.0,0.022385,91439.0,0.022386,6344.0
1753503446125,04:17:26.125,ACH/USDT:USDT,0.022383,17975.0,0.022382,7446.0,0.022385,91439.0,0.022386,6344.0
1753503446302,04:17:26.302,ACH/USDT:USDT,0.022383,17975.0,0.022382,7446.0,0.022385,91439.0,0.022386,6344.0
1753503446455,04:17:26.455,ACH/USDT:USDT,0.022383,17975.0,0.022382,8340.0,0.022385,91439.0,0.022386,6344.0
1753503446558,04:17:26.558,ACH/USDT:USDT,0.022383,17975.0,0.022382,8340.0,0.022385,91439.0,0.022386,6344.0
1753503446706,04:17:26.706,ACH/USDT:USDT,0.022383,19048.0,0.022382,8340.0,0.022385,91439.0,0.022386,6344.0
1753503446817,04:17:26.817,ACH/USDT:USDT,0.022383,19048.0,0.022382,8340.0,0.022385,91439.0,0.022386,6344.0
1753503446927,04:17:26.927,ACH/USDT:USDT,0.022383,19048.0,0.022382,8340.0,0.022385,91439.0,0.022386,6344.0
1753503447030,04:17:27.030,ACH/USDT:USDT,0.022383,19048.0,0.022382,8340.0,0.022385,91439.0,0.022386,6344.0
1753503447141,04:17:27.141,ACH/USDT:USDT,0.022383,19048.0,0.022382,8340.0,0.022385,91439.0,0.022386,6344.0
1753503447244,04:17:27.244,ACH/USDT:USDT,0.022383,19048.0,0.022382,8340.0,0.022385,91439.0,0.022386,6344.0
1753503447378,04:17:27.378,ACH/USDT:USDT,0.022383,19048.0,0.022382,8340.0,0.022385,91439.0,0.022386,6344.0
1753503447502,04:17:27.502,ACH/USDT:USDT,0.022383,19048.0,0.022382,8340.0,0.022385,91439.0,0.022386,6344.0
1753503447691,04:17:27.691,ACH/USDT:USDT,0.022383,19048.0,0.022382,8340.0,0.022385,91439.0,0.022386,6344.0
1753503447807,04:17:27.807,ACH/USDT:USDT,0.022383,19048.0,0.022382,8340.0,0.022385,91439.0,0.022386,6344.0
1753503447927,04:17:27.927,ACH/USDT:USDT,0.022383,20121.0,0.022382,8340.0,0.022385,87279.0,0.022386,6344.0
1753503448066,04:17:28.066,ACH/USDT:USDT,0.022383,20121.0,0.022382,8340.0,0.022385,89205.0,0.022386,6344.0
1753503448197,04:17:28.197,ACH/USDT:USDT,0.022383,20121.0,0.022382,7446.0,0.022385,91439.0,0.022386,9646.0
1753503448344,04:17:28.344,ACH/USDT:USDT,0.022383,20121.0,0.022382,7446.0,0.022385,91439.0,0.022386,9646.0
1753503448502,04:17:28.502,ACH/USDT:USDT,0.022383,20121.0,0.022382,7446.0,0.022385,91439.0,0.022386,9646.0
1753503448620,04:17:28.620,ACH/USDT:USDT,0.022383,20121.0,0.022382,7446.0,0.022385,91439.0,0.022386,9646.0
1753503448819,04:17:28.819,ACH/USDT:USDT,0.022383,21194.0,0.022382,8340.0,0.022385,91439.0,0.022386,9646.0
1753503448976,04:17:28.976,ACH/USDT:USDT,0.022383,21194.0,0.022382,8340.0,0.022385,91439.0,0.022386,9646.0
1753503449079,04:17:29.079,ACH/USDT:USDT,0.022383,21194.0,0.022382,8340.0,0.022385,91439.0,0.022386,9646.0
1753503449202,04:17:29.202,ACH/USDT:USDT,0.022383,21194.0,0.022382,8340.0,0.022385,91439.0,0.022386,9646.0
1753503449567,04:17:29.567,ACH/USDT:USDT,0.022383,21194.0,0.022382,8340.0,0.022385,91439.0,0.022386,9646.0
1753503449670,04:17:29.670,ACH/USDT:USDT,0.022383,22983.0,0.022382,8340.0,0.022385,91439.0,0.022386,9646.0
