timestamp,time,symbol,bid1_price,bid1_volume,bid2_price,bid2_volume,ask1_price,ask1_volume,ask2_price,ask2_volume
1753503734103,04:22:14.103,ADA/USDT:USDT,0.8247,19587.0,0.8246,45029.0,0.8248,54700.0,0.8249,88565.0
1753503734226,04:22:14.226,ADA/USDT:USDT,0.8247,12709.0,0.8246,45059.0,0.8248,54693.0,0.8249,88683.0
1753503734335,04:22:14.335,ADA/USDT:USDT,0.8247,12709.0,0.8246,45059.0,0.8248,54704.0,0.8249,88683.0
1753503734443,04:22:14.443,ADA/USDT:USDT,0.8247,12702.0,0.8246,45059.0,0.8248,54704.0,0.8249,88925.0
1753503734545,04:22:14.545,ADA/USDT:USDT,0.8247,12702.0,0.8246,45059.0,0.8248,54711.0,0.8249,89165.0
1753503734649,04:22:14.649,ADA/USDT:USDT,0.8247,12713.0,0.8246,45066.0,0.8248,54607.0,0.8249,91965.0
1753503734753,04:22:14.753,ADA/USDT:USDT,0.8247,12713.0,0.8246,45073.0,0.8248,54607.0,0.8249,91965.0
1753503734856,04:22:14.856,ADA/USDT:USDT,0.8247,18851.0,0.8246,45098.0,0.8248,49478.0,0.8249,91698.0
1753503734958,04:22:14.958,ADA/USDT:USDT,0.8247,18851.0,0.8246,45098.0,0.8248,49478.0,0.8249,91578.0
1753503735080,04:22:15.080,ADA/USDT:USDT,0.8247,18851.0,0.8246,45109.0,0.8248,49475.0,0.8249,91820.0
1753503735183,04:22:15.183,ADA/USDT:USDT,0.8247,18874.0,0.8246,45109.0,0.8248,49475.0,0.8249,91578.0
1753503735296,04:22:15.296,ADA/USDT:USDT,0.8247,18874.0,0.8246,45084.0,0.8248,51874.0,0.8249,91603.0
1753503735510,04:22:15.510,ADA/USDT:USDT,0.8247,18874.0,0.8246,45326.0,0.8248,51873.0,0.8249,91603.0
1753503735687,04:22:15.687,ADA/USDT:USDT,0.8247,18874.0,0.8246,45326.0,0.8248,51873.0,0.8249,91578.0
1753503735790,04:22:15.790,ADA/USDT:USDT,0.8247,18874.0,0.8246,45326.0,0.8248,49474.0,0.8249,91458.0
1753503735910,04:22:15.910,ADA/USDT:USDT,0.8247,18874.0,0.8246,45084.0,0.8248,51873.0,0.8249,91338.0
1753503736014,04:22:16.014,ADA/USDT:USDT,0.8247,18753.0,0.8246,45084.0,0.8248,54603.0,0.8249,91458.0
1753503736127,04:22:16.127,ADA/USDT:USDT,0.8247,29515.0,0.8246,45084.0,0.8248,48802.0,0.8249,91458.0
1753503736230,04:22:16.230,ADA/USDT:USDT,0.8247,18753.0,0.8246,45084.0,0.8248,51341.0,0.8249,91458.0
1753503736341,04:22:16.341,ADA/USDT:USDT,0.8247,18753.0,0.8246,45084.0,0.8248,51341.0,0.8249,95096.0
1753503736460,04:22:16.460,ADA/USDT:USDT,0.8247,18753.0,0.8246,45326.0,0.8248,51341.0,0.8249,95096.0
1753503736569,04:22:16.569,ADA/USDT:USDT,0.8247,18753.0,0.8246,45326.0,0.8248,51452.0,0.8249,95121.0
1753503736671,04:22:16.671,ADA/USDT:USDT,0.8247,18753.0,0.8246,45326.0,0.8248,51489.0,0.8249,95121.0
1753503736786,04:22:16.786,ADA/USDT:USDT,0.8247,29515.0,0.8246,45326.0,0.8248,49134.0,0.8249,95096.0
1753503736889,04:22:16.889,ADA/USDT:USDT,0.8247,29515.0,0.8246,45326.0,0.8248,49134.0,0.8249,94856.0
1753503736992,04:22:16.992,ADA/USDT:USDT,0.8247,29515.0,0.8246,54084.0,0.8248,49134.0,0.8249,94856.0
1753503737094,04:22:17.094,ADA/USDT:USDT,0.8247,29540.0,0.8246,54084.0,0.8248,49134.0,0.8249,85316.0
1753503737201,04:22:17.201,ADA/USDT:USDT,0.8247,29540.0,0.8246,54093.0,0.8248,52161.0,0.8249,85325.0
1753503737304,04:22:17.304,ADA/USDT:USDT,0.8247,13896.0,0.8246,54093.0,0.8248,54839.0,0.8249,94865.0
1753503737406,04:22:17.406,ADA/USDT:USDT,0.8246,27442.0,0.8245,75913.0,0.8247,57172.0,0.8248,80541.0
1753503737508,04:22:17.508,ADA/USDT:USDT,0.8246,25496.0,0.8245,75921.0,0.8247,56605.0,0.8248,80433.0
1753503737610,04:22:17.610,ADA/USDT:USDT,0.8246,25496.0,0.8245,76511.0,0.8247,56605.0,0.8248,81263.0
1753503737723,04:22:17.723,ADA/USDT:USDT,0.8246,38439.0,0.8245,76896.0,0.8247,42795.0,0.8248,78318.0
1753503737826,04:22:17.826,ADA/USDT:USDT,0.8246,33599.0,0.8245,76197.0,0.8247,42795.0,0.8248,78198.0
1753503737950,04:22:17.950,ADA/USDT:USDT,0.8246,25844.0,0.8245,76172.0,0.8247,43244.0,0.8248,77761.0
1753503738062,04:22:18.062,ADA/USDT:USDT,0.8246,25844.0,0.8245,76172.0,0.8247,44348.0,0.8248,76662.0
1753503738163,04:22:18.163,ADA/USDT:USDT,0.8246,25844.0,0.8245,76172.0,0.8247,44348.0,0.8248,76662.0
1753503738274,04:22:18.274,ADA/USDT:USDT,0.8246,25844.0,0.8245,76172.0,0.8247,44348.0,0.8248,76662.0
1753503738389,04:22:18.389,ADA/USDT:USDT,0.8246,25844.0,0.8245,76172.0,0.8247,44348.0,0.8248,76662.0
1753503738497,04:22:18.497,ADA/USDT:USDT,0.8246,25844.0,0.8245,76172.0,0.8247,44348.0,0.8248,76662.0
1753503738602,04:22:18.602,ADA/USDT:USDT,0.8246,25844.0,0.8245,75930.0,0.8247,44347.0,0.8248,76662.0
1753503738708,04:22:18.708,ADA/USDT:USDT,0.8246,25953.0,0.8245,75955.0,0.8247,44347.0,0.8248,76637.0
1753503738815,04:22:18.815,ADA/USDT:USDT,0.8246,37573.0,0.8245,76671.0,0.8247,44206.0,0.8248,76637.0
1753503738928,04:22:18.928,ADA/USDT:USDT,0.8246,44721.0,0.8245,117874.0,0.8247,1857.0,0.8248,64217.0
1753503739167,04:22:19.167,ADA/USDT:USDT,0.8246,46974.0,0.8245,118720.0,0.8247,5456.0,0.8248,60576.0
1753503739280,04:22:19.280,ADA/USDT:USDT,0.8246,46999.0,0.8245,118720.0,0.8247,5496.0,0.8248,60569.0
1753503739385,04:22:19.385,ADA/USDT:USDT,0.8246,48427.0,0.8245,118720.0,0.8247,5496.0,0.8248,47727.0
1753503739489,04:22:19.489,ADA/USDT:USDT,0.8246,52424.0,0.8245,119080.0,0.8247,6476.0,0.8248,47727.0
1753503739593,04:22:19.593,ADA/USDT:USDT,0.8246,54587.0,0.8245,119558.0,0.8247,6688.0,0.8248,33234.0
1753503739695,04:22:19.695,ADA/USDT:USDT,0.8247,65052.0,0.8246,106060.0,0.8248,15684.0,0.8249,78882.0
1753503739796,04:22:19.796,ADA/USDT:USDT,0.8247,67141.0,0.8246,103906.0,0.8248,28385.0,0.8249,78890.0
1753503739906,04:22:19.906,ADA/USDT:USDT,0.8247,60481.0,0.8246,69347.0,0.8248,41392.0,0.8249,78567.0
1753503740008,04:22:20.008,ADA/USDT:USDT,0.8247,46076.0,0.8246,64955.0,0.8248,41740.0,0.8249,78567.0
1753503740113,04:22:20.113,ADA/USDT:USDT,0.8247,46076.0,0.8246,64955.0,0.8248,41740.0,0.8249,78567.0
1753503740237,04:22:20.237,ADA/USDT:USDT,0.8247,46292.0,0.8246,64955.0,0.8248,41525.0,0.8249,78762.0
1753503740353,04:22:20.353,ADA/USDT:USDT,0.8247,48982.0,0.8246,64955.0,0.8248,41525.0,0.8249,78762.0
1753503740455,04:22:20.455,ADA/USDT:USDT,0.8247,47346.0,0.8246,64595.0,0.8248,42828.0,0.8249,78762.0
1753503740556,04:22:20.556,ADA/USDT:USDT,0.8247,40624.0,0.8246,64127.0,0.8248,42828.0,0.8249,79359.0
1753503740658,04:22:20.658,ADA/USDT:USDT,0.8247,40624.0,0.8246,64127.0,0.8248,41525.0,0.8249,79359.0
1753503740802,04:22:20.802,ADA/USDT:USDT,0.8247,43650.0,0.8246,64127.0,0.8248,39280.0,0.8249,79359.0
1753503740927,04:22:20.927,ADA/USDT:USDT,0.8247,43725.0,0.8246,64127.0,0.8248,41481.0,0.8249,79359.0
1753503741049,04:22:21.049,ADA/USDT:USDT,0.8247,41047.0,0.8246,64369.0,0.8248,41481.0,0.8249,79334.0
1753503741155,04:22:21.155,ADA/USDT:USDT,0.8247,43725.0,0.8246,64127.0,0.8248,41433.0,0.8249,79334.0
1753503741309,04:22:21.309,ADA/USDT:USDT,0.8247,43725.0,0.8246,64152.0,0.8248,41433.0,0.8249,79150.0
1753503741410,04:22:21.410,ADA/USDT:USDT,0.8247,41047.0,0.8246,64127.0,0.8248,41448.0,0.8249,79334.0
1753503741556,04:22:21.556,ADA/USDT:USDT,0.8247,41047.0,0.8246,64127.0,0.8248,41448.0,0.8249,79334.0
1753503741719,04:22:21.719,ADA/USDT:USDT,0.8247,41047.0,0.8246,64127.0,0.8248,41448.0,0.8249,79359.0
1753503742002,04:22:22.002,ADA/USDT:USDT,0.8247,38818.0,0.8246,64475.0,0.8248,43673.0,0.8249,79359.0
1753503742106,04:22:22.106,ADA/USDT:USDT,0.8247,38818.0,0.8246,64475.0,0.8248,41447.0,0.8249,79359.0
1753503742238,04:22:22.238,ADA/USDT:USDT,0.8247,38818.0,0.8246,64475.0,0.8248,41447.0,0.8249,79359.0
1753503742354,04:22:22.354,ADA/USDT:USDT,0.8247,38818.0,0.8246,64475.0,0.8248,41447.0,0.8249,79359.0
1753503742502,04:22:22.502,ADA/USDT:USDT,0.8247,38818.0,0.8246,64475.0,0.8248,41447.0,0.8249,79359.0
1753503742609,04:22:22.609,ADA/USDT:USDT,0.8247,38818.0,0.8246,64475.0,0.8248,44140.0,0.8249,79011.0
1753503742716,04:22:22.716,ADA/USDT:USDT,0.8247,41041.0,0.8246,67790.0,0.8248,28874.0,0.8249,79334.0
1753503742834,04:22:22.834,ADA/USDT:USDT,0.8247,41905.0,0.8246,67790.0,0.8248,28874.0,0.8249,79334.0
1753503743001,04:22:23.001,ADA/USDT:USDT,0.8247,43291.0,0.8246,68032.0,0.8248,28866.0,0.8249,79334.0
1753503743125,04:22:23.125,ADA/USDT:USDT,0.8247,43291.0,0.8246,68511.0,0.8248,18104.0,0.8249,78737.0
1753503743229,04:22:23.229,ADA/USDT:USDT,0.8247,43291.0,0.8246,68511.0,0.8248,18138.0,0.8249,78737.0
1753503743352,04:22:23.352,ADA/USDT:USDT,0.8247,43291.0,0.8246,68511.0,0.8248,18078.0,0.8249,75120.0
1753503743458,04:22:23.458,ADA/USDT:USDT,0.8247,43291.0,0.8246,68511.0,0.8248,18085.0,0.8249,75120.0
1753503743561,04:22:23.561,ADA/USDT:USDT,0.8247,43291.0,0.8246,71311.0,0.8248,11947.0,0.8249,75120.0
1753503743666,04:22:23.666,ADA/USDT:USDT,0.8247,43305.0,0.8246,71311.0,0.8248,11934.0,0.8249,75120.0
1753503743773,04:22:23.773,ADA/USDT:USDT,0.8247,42315.0,0.8246,71311.0,0.8248,11925.0,0.8249,75120.0
1753503743875,04:22:23.875,ADA/USDT:USDT,0.8247,42315.0,0.8246,71311.0,0.8248,11925.0,0.8249,75120.0
1753503744001,04:22:24.001,ADA/USDT:USDT,0.8247,42290.0,0.8246,71311.0,0.8248,18063.0,0.8249,75120.0
1753503744102,04:22:24.102,ADA/USDT:USDT,0.8247,42290.0,0.8246,71311.0,0.8248,11925.0,0.8249,75120.0
1753503744255,04:22:24.255,ADA/USDT:USDT,0.8247,42290.0,0.8246,71311.0,0.8248,11925.0,0.8249,75120.0
1753503744412,04:22:24.412,ADA/USDT:USDT,0.8247,42093.0,0.8246,70565.0,0.8248,18063.0,0.8249,75145.0
1753503744533,04:22:24.533,ADA/USDT:USDT,0.8247,42093.0,0.8246,70565.0,0.8248,18063.0,0.8249,75145.0
1753503744643,04:22:24.643,ADA/USDT:USDT,0.8247,44553.0,0.8246,71885.0,0.8248,11925.0,0.8249,75120.0
1753503744748,04:22:24.748,ADA/USDT:USDT,0.8247,42093.0,0.8246,71885.0,0.8248,18063.0,0.8249,75120.0
1753503744887,04:22:24.887,ADA/USDT:USDT,0.8247,43107.0,0.8246,71885.0,0.8248,18063.0,0.8249,75120.0
1753503745000,04:22:25.000,ADA/USDT:USDT,0.8247,40618.0,0.8246,72144.0,0.8248,18063.0,0.8249,75120.0
1753503745102,04:22:25.102,ADA/USDT:USDT,0.8247,43942.0,0.8246,72178.0,0.8248,11925.0,0.8249,75109.0
1753503745213,04:22:25.213,ADA/USDT:USDT,0.8247,43942.0,0.8246,72178.0,0.8248,18063.0,0.8249,75109.0
1753503745330,04:22:25.330,ADA/USDT:USDT,0.8247,44153.0,0.8246,72156.0,0.8248,15824.0,0.8249,75109.0
1753503745439,04:22:25.439,ADA/USDT:USDT,0.8247,41693.0,0.8246,71420.0,0.8248,21962.0,0.8249,75134.0
1753503745563,04:22:25.563,ADA/USDT:USDT,0.8247,40618.0,0.8246,71420.0,0.8248,24297.0,0.8249,75738.0
1753503745692,04:22:25.692,ADA/USDT:USDT,0.8247,39256.0,0.8246,68968.0,0.8248,35432.0,0.8249,76117.0
1753503745807,04:22:25.807,ADA/USDT:USDT,0.8247,39256.0,0.8246,68968.0,0.8248,43122.0,0.8249,85657.0
1753503745929,04:22:25.929,ADA/USDT:USDT,0.8247,39256.0,0.8246,68968.0,0.8248,35432.0,0.8249,84930.0
1753503746033,04:22:26.033,ADA/USDT:USDT,0.8247,39256.0,0.8246,68968.0,0.8248,35440.0,0.8249,84930.0
1753503746169,04:22:26.169,ADA/USDT:USDT,0.8247,39256.0,0.8246,68977.0,0.8248,35440.0,0.8249,84930.0
1753503746395,04:22:26.395,ADA/USDT:USDT,0.8247,39256.0,0.8246,68735.0,0.8248,35433.0,0.8249,84930.0
1753503746528,04:22:26.528,ADA/USDT:USDT,0.8247,39256.0,0.8246,68735.0,0.8248,43332.0,0.8249,84930.0
1753503746645,04:22:26.645,ADA/USDT:USDT,0.8247,39256.0,0.8246,68735.0,0.8248,43332.0,0.8249,85172.0
1753503746751,04:22:26.751,ADA/USDT:USDT,0.8247,39256.0,0.8246,68735.0,0.8248,43332.0,0.8249,84930.0
1753503746927,04:22:26.927,ADA/USDT:USDT,0.8247,2470.0,0.8246,47960.0,0.8248,52385.0,0.8249,91381.0
1753503747030,04:22:27.030,ADA/USDT:USDT,0.8247,2470.0,0.8246,44322.0,0.8248,52819.0,0.8249,91861.0
1753503747155,04:22:27.155,ADA/USDT:USDT,0.8247,2470.0,0.8246,44322.0,0.8248,52819.0,0.8249,91889.0
1753503747256,04:22:27.256,ADA/USDT:USDT,0.8247,2470.0,0.8246,44670.0,0.8248,53654.0,0.8249,91889.0
1753503747383,04:22:27.383,ADA/USDT:USDT,0.8247,2470.0,0.8246,44670.0,0.8248,53684.0,0.8249,91889.0
1753503747498,04:22:27.498,ADA/USDT:USDT,0.8247,8185.0,0.8246,42743.0,0.8248,49039.0,0.8249,91889.0
1753503747599,04:22:27.599,ADA/USDT:USDT,0.8247,8185.0,0.8246,42743.0,0.8248,53019.0,0.8249,92129.0
1753503747701,04:22:27.701,ADA/USDT:USDT,0.8247,8185.0,0.8246,42743.0,0.8248,53044.0,0.8249,92129.0
1753503747819,04:22:27.819,ADA/USDT:USDT,0.8247,8185.0,0.8246,42743.0,0.8248,53044.0,0.8249,92009.0
1753503747965,04:22:27.965,ADA/USDT:USDT,0.8247,8185.0,0.8246,42743.0,0.8248,53044.0,0.8249,92009.0
1753503748099,04:22:28.099,ADA/USDT:USDT,0.8247,8185.0,0.8246,42743.0,0.8248,53044.0,0.8249,92251.0
1753503748211,04:22:28.211,ADA/USDT:USDT,0.8247,8185.0,0.8246,42743.0,0.8248,55666.0,0.8249,92251.0
1753503748316,04:22:28.316,ADA/USDT:USDT,0.8247,6367.0,0.8246,44561.0,0.8248,55666.0,0.8249,92371.0
1753503748418,04:22:28.418,ADA/USDT:USDT,0.8247,6367.0,0.8246,44561.0,0.8248,56353.0,0.8249,92371.0
1753503748522,04:22:28.522,ADA/USDT:USDT,0.8247,6334.0,0.8246,44561.0,0.8248,56697.0,0.8249,92371.0
1753503748624,04:22:28.624,ADA/USDT:USDT,0.8247,6355.0,0.8246,44561.0,0.8248,56697.0,0.8249,92371.0
1753503748771,04:22:28.771,ADA/USDT:USDT,0.8247,8173.0,0.8246,42743.0,0.8248,56697.0,0.8249,92371.0
1753503748897,04:22:28.897,ADA/USDT:USDT,0.8247,2458.0,0.8246,44561.0,0.8248,56817.0,0.8249,92371.0
1753503749017,04:22:29.017,ADA/USDT:USDT,0.8247,2567.0,0.8246,44561.0,0.8248,56817.0,0.8249,92371.0
1753503749143,04:22:29.143,ADA/USDT:USDT,0.8247,2567.0,0.8246,44561.0,0.8248,56824.0,0.8249,92371.0
1753503749253,04:22:29.253,ADA/USDT:USDT,0.8247,8282.0,0.8246,42743.0,0.8248,57289.0,0.8249,92371.0
1753503749362,04:22:29.362,ADA/USDT:USDT,0.8247,4385.0,0.8246,42743.0,0.8248,59594.0,0.8249,92371.0
1753503749474,04:22:29.474,ADA/USDT:USDT,0.8247,2567.0,0.8246,44561.0,0.8248,62054.0,0.8249,92371.0
1753503749609,04:22:29.609,ADA/USDT:USDT,0.8247,2567.0,0.8246,44561.0,0.8248,62054.0,0.8249,92492.0
1753503749712,04:22:29.712,ADA/USDT:USDT,0.8247,8282.0,0.8246,42743.0,0.8248,57529.0,0.8249,92492.0
1753503749925,04:22:29.925,ADA/USDT:USDT,0.8246,17839.0,0.8245,67486.0,0.8247,139836.0,0.8248,79460.0
1753503750027,04:22:30.027,ADA/USDT:USDT,0.8246,17920.0,0.8245,67485.0,0.8247,126627.0,0.8248,81081.0
1753503750131,04:22:30.131,ADA/USDT:USDT,0.8246,17920.0,0.8245,67485.0,0.8247,126507.0,0.8248,80848.0
1753503750257,04:22:30.257,ADA/USDT:USDT,0.8246,17920.0,0.8245,67485.0,0.8247,131347.0,0.8248,80848.0
1753503750363,04:22:30.363,ADA/USDT:USDT,0.8246,28682.0,0.8245,67485.0,0.8247,131347.0,0.8248,80848.0
1753503750475,04:22:30.475,ADA/USDT:USDT,0.8246,28682.0,0.8245,67485.0,0.8247,121661.0,0.8248,79535.0
1753503750577,04:22:30.577,ADA/USDT:USDT,0.8246,28682.0,0.8245,68064.0,0.8247,123002.0,0.8248,79998.0
1753503750689,04:22:30.689,ADA/USDT:USDT,0.8246,28682.0,0.8245,68064.0,0.8247,123002.0,0.8248,79998.0
1753503750855,04:22:30.855,ADA/USDT:USDT,0.8246,15342.0,0.8245,67485.0,0.8247,124509.0,0.8248,79568.0
1753503750958,04:22:30.958,ADA/USDT:USDT,0.8246,13524.0,0.8245,40973.0,0.8247,124509.0,0.8248,79688.0
1753503751071,04:22:31.071,ADA/USDT:USDT,0.8246,13524.0,0.8245,39155.0,0.8247,124509.0,0.8248,79686.0
1753503751195,04:22:31.195,ADA/USDT:USDT,0.8246,13524.0,0.8245,39155.0,0.8247,124080.0,0.8248,79686.0
1753503751355,04:22:31.355,ADA/USDT:USDT,0.8246,13524.0,0.8245,39155.0,0.8247,124563.0,0.8248,74629.0
1753503751456,04:22:31.456,ADA/USDT:USDT,0.8246,11283.0,0.8245,39155.0,0.8247,129190.0,0.8248,74969.0
1753503751559,04:22:31.559,ADA/USDT:USDT,0.8246,17400.0,0.8245,39155.0,0.8247,129190.0,0.8248,74969.0
1753503751662,04:22:31.662,ADA/USDT:USDT,0.8246,17421.0,0.8245,39155.0,0.8247,129190.0,0.8248,74848.0
1753503751778,04:22:31.778,ADA/USDT:USDT,0.8246,17530.0,0.8245,39155.0,0.8247,129190.0,0.8248,74848.0
1753503751883,04:22:31.883,ADA/USDT:USDT,0.8246,17530.0,0.8245,39527.0,0.8247,129190.0,0.8248,74606.0
1753503751992,04:22:31.992,ADA/USDT:USDT,0.8246,17530.0,0.8245,39527.0,0.8247,129190.0,0.8248,74606.0
1753503752119,04:22:32.119,ADA/USDT:USDT,0.8246,19348.0,0.8245,39527.0,0.8247,129190.0,0.8248,74606.0
1753503752223,04:22:32.223,ADA/USDT:USDT,0.8246,13210.0,0.8245,39527.0,0.8247,129214.0,0.8248,74606.0
1753503752327,04:22:32.327,ADA/USDT:USDT,0.8246,19348.0,0.8245,39527.0,0.8247,128542.0,0.8248,74444.0
1753503752453,04:22:32.453,ADA/USDT:USDT,0.8246,13317.0,0.8245,39527.0,0.8247,128749.0,0.8248,74649.0
1753503752562,04:22:32.562,ADA/USDT:USDT,0.8246,13317.0,0.8245,39527.0,0.8247,131479.0,0.8248,74769.0
1753503752686,04:22:32.686,ADA/USDT:USDT,0.8246,19455.0,0.8245,39561.0,0.8247,129189.0,0.8248,74744.0
1753503752860,04:22:32.860,ADA/USDT:USDT,0.8246,13317.0,0.8245,39561.0,0.8247,129189.0,0.8248,74744.0
1753503752961,04:22:32.961,ADA/USDT:USDT,0.8246,13317.0,0.8245,39536.0,0.8247,130949.0,0.8248,74744.0
1753503753066,04:22:33.066,ADA/USDT:USDT,0.8246,13317.0,0.8245,40049.0,0.8247,130949.0,0.8248,75257.0
1753503753202,04:22:33.202,ADA/USDT:USDT,0.8246,13317.0,0.8245,40049.0,0.8247,133150.0,0.8248,73081.0
1753503753356,04:22:33.356,ADA/USDT:USDT,0.8246,19455.0,0.8245,40049.0,0.8247,133150.0,0.8248,73056.0
1753503753475,04:22:33.475,ADA/USDT:USDT,0.8246,20463.0,0.8245,40074.0,0.8247,133151.0,0.8248,73056.0
1753503753600,04:22:33.600,ADA/USDT:USDT,0.8246,20463.0,0.8245,40074.0,0.8247,133202.0,0.8248,73176.0
1753503753730,04:22:33.730,ADA/USDT:USDT,0.8246,20463.0,0.8245,40074.0,0.8247,133202.0,0.8248,73176.0
1753503753902,04:22:33.902,ADA/USDT:USDT,0.8246,23070.0,0.8245,40074.0,0.8247,132520.0,0.8248,73167.0
1753503754006,04:22:34.006,ADA/USDT:USDT,0.8246,23070.0,0.8245,40074.0,0.8247,132520.0,0.8248,73176.0
1753503754110,04:22:34.110,ADA/USDT:USDT,0.8246,20463.0,0.8245,40074.0,0.8247,133148.0,0.8248,72742.0
1753503754302,04:22:34.302,ADA/USDT:USDT,0.8246,20463.0,0.8245,40074.0,0.8247,133148.0,0.8248,72742.0
1753503754448,04:22:34.448,ADA/USDT:USDT,0.8246,22901.0,0.8245,40049.0,0.8247,133148.0,0.8248,72742.0
1753503754560,04:22:34.560,ADA/USDT:USDT,0.8246,22901.0,0.8245,40049.0,0.8247,133148.0,0.8248,72500.0
1753503754689,04:22:34.689,ADA/USDT:USDT,0.8246,21474.0,0.8245,39536.0,0.8247,133259.0,0.8248,72742.0
1753503754791,04:22:34.791,ADA/USDT:USDT,0.8246,20294.0,0.8245,40049.0,0.8247,133259.0,0.8248,72767.0
1753503754895,04:22:34.895,ADA/USDT:USDT,0.8246,20126.0,0.8245,40049.0,0.8247,133235.0,0.8248,72767.0
1753503755007,04:22:35.007,ADA/USDT:USDT,0.8246,20126.0,0.8245,40049.0,0.8247,133235.0,0.8248,72767.0
1753503755126,04:22:35.126,ADA/USDT:USDT,0.8246,20126.0,0.8245,40049.0,0.8247,133712.0,0.8248,72042.0
1753503755319,04:22:35.319,ADA/USDT:USDT,0.8246,20126.0,0.8245,40049.0,0.8247,133941.0,0.8248,71813.0
1753503755422,04:22:35.422,ADA/USDT:USDT,0.8246,20126.0,0.8245,40049.0,0.8247,133941.0,0.8248,72055.0
1753503755533,04:22:35.533,ADA/USDT:USDT,0.8246,20166.0,0.8245,40049.0,0.8247,133941.0,0.8248,71788.0
1753503755658,04:22:35.658,ADA/USDT:USDT,0.8246,33483.0,0.8245,40049.0,0.8247,129101.0,0.8248,71548.0
1753503755802,04:22:35.802,ADA/USDT:USDT,0.8246,42649.0,0.8245,49589.0,0.8247,99596.0,0.8248,62511.0
1753503755916,04:22:35.916,ADA/USDT:USDT,0.8246,42649.0,0.8245,49589.0,0.8247,99596.0,0.8248,66845.0
1753503756018,04:22:36.018,ADA/USDT:USDT,0.8246,42649.0,0.8245,49589.0,0.8247,99604.0,0.8248,66837.0
1753503756148,04:22:36.148,ADA/USDT:USDT,0.8246,42681.0,0.8245,49614.0,0.8247,72375.0,0.8248,65348.0
1753503756263,04:22:36.263,ADA/USDT:USDT,0.8246,42681.0,0.8245,49614.0,0.8247,51207.0,0.8248,64993.0
1753503756374,04:22:36.374,ADA/USDT:USDT,0.8246,42681.0,0.8245,49266.0,0.8247,51087.0,0.8248,64993.0
1753503756526,04:22:36.526,ADA/USDT:USDT,0.8246,43029.0,0.8245,49266.0,0.8247,23450.0,0.8248,58315.0
1753503756632,04:22:36.632,ADA/USDT:USDT,0.8246,43029.0,0.8245,49858.0,0.8247,23125.0,0.8248,58308.0
1753503756733,04:22:36.733,ADA/USDT:USDT,0.8246,43029.0,0.8245,49858.0,0.8247,23125.0,0.8248,57795.0
1753503756863,04:22:36.863,ADA/USDT:USDT,0.8246,43029.0,0.8245,49858.0,0.8247,23125.0,0.8248,57795.0
1753503756965,04:22:36.965,ADA/USDT:USDT,0.8246,43029.0,0.8245,49858.0,0.8247,23125.0,0.8248,57795.0
1753503757116,04:22:37.116,ADA/USDT:USDT,0.8246,43029.0,0.8245,49616.0,0.8247,23125.0,0.8248,57795.0
1753503757257,04:22:37.257,ADA/USDT:USDT,0.8246,43029.0,0.8245,49616.0,0.8247,23124.0,0.8248,57795.0
1753503757376,04:22:37.376,ADA/USDT:USDT,0.8246,43018.0,0.8245,49616.0,0.8247,23124.0,0.8248,57793.0
1753503757513,04:22:37.513,ADA/USDT:USDT,0.8246,42931.0,0.8245,49616.0,0.8247,23123.0,0.8248,57793.0
1753503757614,04:22:37.614,ADA/USDT:USDT,0.8246,42931.0,0.8245,49616.0,0.8247,23123.0,0.8248,57793.0
1753503757727,04:22:37.727,ADA/USDT:USDT,0.8246,40090.0,0.8245,50181.0,0.8247,23123.0,0.8248,58548.0
1753503757832,04:22:37.832,ADA/USDT:USDT,0.8246,42956.0,0.8245,49858.0,0.8247,23123.0,0.8248,57793.0
1753503757935,04:22:37.935,ADA/USDT:USDT,0.8246,42956.0,0.8245,49858.0,0.8247,23123.0,0.8248,57793.0
1753503758053,04:22:38.053,ADA/USDT:USDT,0.8246,42956.0,0.8245,49893.0,0.8247,22398.0,0.8248,58552.0
1753503758209,04:22:38.209,ADA/USDT:USDT,0.8246,43100.0,0.8245,49893.0,0.8247,22398.0,0.8248,58552.0
1753503758343,04:22:38.343,ADA/USDT:USDT,0.8246,43100.0,0.8245,49893.0,0.8247,22398.0,0.8248,58541.0
1753503758556,04:22:38.556,ADA/USDT:USDT,0.8246,43100.0,0.8245,49893.0,0.8247,17586.0,0.8248,58100.0
1753503758665,04:22:38.665,ADA/USDT:USDT,0.8246,43100.0,0.8245,49893.0,0.8247,22397.0,0.8248,58100.0
1753503758783,04:22:38.783,ADA/USDT:USDT,0.8246,43100.0,0.8245,49893.0,0.8247,22397.0,0.8248,58100.0
1753503758893,04:22:38.893,ADA/USDT:USDT,0.8246,43100.0,0.8245,49893.0,0.8247,22397.0,0.8248,58100.0
1753503759022,04:22:39.022,ADA/USDT:USDT,0.8246,43075.0,0.8245,49893.0,0.8247,22397.0,0.8248,58100.0
1753503759125,04:22:39.125,ADA/USDT:USDT,0.8246,44506.0,0.8245,49893.0,0.8247,22397.0,0.8248,67640.0
1753503759277,04:22:39.277,ADA/USDT:USDT,0.8246,44506.0,0.8245,49893.0,0.8247,22843.0,0.8248,67643.0
1753503759383,04:22:39.383,ADA/USDT:USDT,0.8246,41665.0,0.8245,49868.0,0.8247,27934.0,0.8248,67643.0
1753503759484,04:22:39.484,ADA/USDT:USDT,0.8246,42007.0,0.8245,49868.0,0.8247,27934.0,0.8248,67668.0
1753503759616,04:22:39.616,ADA/USDT:USDT,0.8246,41659.0,0.8245,50207.0,0.8247,42742.0,0.8248,73722.0
1753503759721,04:22:39.721,ADA/USDT:USDT,0.8246,41659.0,0.8245,50216.0,0.8247,42742.0,0.8248,73722.0
1753503759835,04:22:39.835,ADA/USDT:USDT,0.8246,41659.0,0.8245,50216.0,0.8247,42742.0,0.8248,73722.0
1753503759941,04:22:39.941,ADA/USDT:USDT,0.8246,41659.0,0.8245,50216.0,0.8247,42742.0,0.8248,73722.0
1753503760046,04:22:40.046,ADA/USDT:USDT,0.8246,41659.0,0.8245,50216.0,0.8247,42742.0,0.8248,74235.0
1753503760156,04:22:40.156,ADA/USDT:USDT,0.8246,41659.0,0.8245,50216.0,0.8247,42742.0,0.8248,74235.0
1753503760373,04:22:40.373,ADA/USDT:USDT,0.8246,41659.0,0.8245,50216.0,0.8247,42742.0,0.8248,74235.0
1753503760476,04:22:40.476,ADA/USDT:USDT,0.8246,21621.0,0.8245,50207.0,0.8247,45232.0,0.8248,81087.0
1753503760578,04:22:40.578,ADA/USDT:USDT,0.8246,21621.0,0.8245,49615.0,0.8247,47725.0,0.8248,81087.0
1753503760685,04:22:40.685,ADA/USDT:USDT,0.8246,21621.0,0.8245,49624.0,0.8247,43099.0,0.8248,81207.0
1753503760802,04:22:40.802,ADA/USDT:USDT,0.8246,16825.0,0.8245,49624.0,0.8247,43099.0,0.8248,81207.0
1753503760948,04:22:40.948,ADA/USDT:USDT,0.8246,16825.0,0.8245,49624.0,0.8247,43099.0,0.8248,81207.0
1753503761051,04:22:41.051,ADA/USDT:USDT,0.8246,32383.0,0.8245,49649.0,0.8247,43099.0,0.8248,81182.0
1753503761203,04:22:41.203,ADA/USDT:USDT,0.8246,40113.0,0.8245,49301.0,0.8247,42751.0,0.8248,81530.0
1753503761317,04:22:41.317,ADA/USDT:USDT,0.8246,32394.0,0.8245,49624.0,0.8247,43099.0,0.8248,81207.0
1753503761419,04:22:41.419,ADA/USDT:USDT,0.8246,32394.0,0.8245,49624.0,0.8247,42798.0,0.8248,85193.0
1753503761532,04:22:41.532,ADA/USDT:USDT,0.8246,32370.0,0.8245,49624.0,0.8247,42798.0,0.8248,85313.0
1753503761637,04:22:41.637,ADA/USDT:USDT,0.8246,32370.0,0.8245,50229.0,0.8247,44933.0,0.8248,84965.0
1753503761756,04:22:41.756,ADA/USDT:USDT,0.8246,32479.0,0.8245,50229.0,0.8247,45281.0,0.8248,84965.0
1753503761860,04:22:41.860,ADA/USDT:USDT,0.8246,21717.0,0.8245,49716.0,0.8247,43146.0,0.8248,85182.0
1753503761963,04:22:41.963,ADA/USDT:USDT,0.8246,15579.0,0.8245,49102.0,0.8247,45398.0,0.8248,85302.0
1753503762089,04:22:42.089,ADA/USDT:USDT,0.8246,15579.0,0.8245,49624.0,0.8247,45398.0,0.8248,85327.0
1753503762209,04:22:42.209,ADA/USDT:USDT,0.8246,24210.0,0.8245,49624.0,0.8247,43263.0,0.8248,85302.0
1753503762334,04:22:42.334,ADA/USDT:USDT,0.8246,21718.0,0.8245,49624.0,0.8247,45398.0,0.8248,85327.0
1753503762466,04:22:42.466,ADA/USDT:USDT,0.8246,15589.0,0.8245,49624.0,0.8247,43353.0,0.8248,85327.0
1753503762573,04:22:42.573,ADA/USDT:USDT,0.8246,16939.0,0.8245,50211.0,0.8247,45107.0,0.8248,85327.0
1753503762684,04:22:42.684,ADA/USDT:USDT,0.8246,34982.0,0.8245,50236.0,0.8247,44759.0,0.8248,85408.0
1753503762814,04:22:42.814,ADA/USDT:USDT,0.8246,40158.0,0.8245,50236.0,0.8247,45121.0,0.8248,85329.0
1753503762916,04:22:42.916,ADA/USDT:USDT,0.8246,40158.0,0.8245,50236.0,0.8247,45121.0,0.8248,85329.0
1753503763043,04:22:43.043,ADA/USDT:USDT,0.8246,40158.0,0.8245,50236.0,0.8247,45121.0,0.8248,85329.0
1753503763155,04:22:43.155,ADA/USDT:USDT,0.8246,40158.0,0.8245,50236.0,0.8247,45124.0,0.8248,85571.0
1753503763275,04:22:43.275,ADA/USDT:USDT,0.8246,40158.0,0.8245,50236.0,0.8247,45124.0,0.8248,85571.0
1753503763377,04:22:43.377,ADA/USDT:USDT,0.8246,32489.0,0.8245,50211.0,0.8247,45472.0,0.8248,85223.0
1753503763540,04:22:43.540,ADA/USDT:USDT,0.8246,32504.0,0.8245,50211.0,0.8247,45472.0,0.8248,85248.0
1753503763673,04:22:43.673,ADA/USDT:USDT,0.8246,32504.0,0.8245,50236.0,0.8247,45352.0,0.8248,85223.0
1753503763779,04:22:43.779,ADA/USDT:USDT,0.8246,32504.0,0.8245,50236.0,0.8247,45352.0,0.8248,85248.0
1753503763900,04:22:43.900,ADA/USDT:USDT,0.8246,32504.0,0.8245,50236.0,0.8247,45352.0,0.8248,85006.0
1753503764017,04:22:44.017,ADA/USDT:USDT,0.8246,21742.0,0.8245,40075.0,0.8247,47487.0,0.8248,85248.0
1753503764120,04:22:44.120,ADA/USDT:USDT,0.8246,17145.0,0.8245,40075.0,0.8247,49368.0,0.8248,114065.0
1753503764226,04:22:44.226,ADA/USDT:USDT,0.8246,16947.0,0.8245,40084.0,0.8247,51515.0,0.8248,114065.0
1753503764328,04:22:44.328,ADA/USDT:USDT,0.8246,16948.0,0.8245,40084.0,0.8247,49382.0,0.8248,114040.0
1753503764433,04:22:44.433,ADA/USDT:USDT,0.8246,16948.0,0.8245,40084.0,0.8247,49382.0,0.8248,114040.0
1753503764545,04:22:44.545,ADA/USDT:USDT,0.8246,16816.0,0.8245,39842.0,0.8247,51644.0,0.8248,114160.0
1753503764647,04:22:44.647,ADA/USDT:USDT,0.8246,16804.0,0.8245,39842.0,0.8247,49509.0,0.8248,114160.0
1753503764750,04:22:44.750,ADA/USDT:USDT,0.8246,16818.0,0.8245,39842.0,0.8247,49509.0,0.8248,114209.0
1753503764853,04:22:44.853,ADA/USDT:USDT,0.8246,16818.0,0.8245,39867.0,0.8247,49509.0,0.8248,114209.0
1753503764977,04:22:44.977,ADA/USDT:USDT,0.8246,21613.0,0.8245,39867.0,0.8247,49509.0,0.8248,113967.0
1753503765105,04:22:45.105,ADA/USDT:USDT,0.8246,11891.0,0.8245,34982.0,0.8247,52316.0,0.8248,116072.0
1753503765206,04:22:45.206,ADA/USDT:USDT,0.8246,11891.0,0.8245,30503.0,0.8247,51211.0,0.8248,116192.0
1753503765309,04:22:45.309,ADA/USDT:USDT,0.8246,11891.0,0.8245,30512.0,0.8247,58855.0,0.8248,116434.0
1753503765434,04:22:45.434,ADA/USDT:USDT,0.8245,16094.0,0.8244,72282.0,0.8246,84052.0,0.8247,72297.0
1753503765535,04:22:45.535,ADA/USDT:USDT,0.8245,1017.0,0.8244,35640.0,0.8246,134295.0,0.8247,93646.0
1753503765636,04:22:45.636,ADA/USDT:USDT,0.8245,1077.0,0.8244,20422.0,0.8246,95270.0,0.8247,126758.0
1753503765740,04:22:45.740,ADA/USDT:USDT,0.8244,21394.0,0.8243,72193.0,0.8245,45474.0,0.8246,75858.0
1753503765841,04:22:45.841,ADA/USDT:USDT,0.8244,37794.0,0.8243,74647.0,0.8245,45470.0,0.8246,65604.0
1753503765943,04:22:45.943,ADA/USDT:USDT,0.8244,45005.0,0.8243,75626.0,0.8245,11123.0,0.8246,62779.0
1753503766047,04:22:46.047,ADA/USDT:USDT,0.8244,45005.0,0.8243,76265.0,0.8245,11123.0,0.8246,63652.0
1753503766150,04:22:46.150,ADA/USDT:USDT,0.8244,45005.0,0.8243,77102.0,0.8245,11123.0,0.8246,55104.0
1753503766252,04:22:46.252,ADA/USDT:USDT,0.8244,48075.0,0.8243,77102.0,0.8245,10205.0,0.8246,55104.0
1753503766363,04:22:46.363,ADA/USDT:USDT,0.8244,48068.0,0.8243,77222.0,0.8245,10324.0,0.8246,55104.0
1753503766464,04:22:46.464,ADA/USDT:USDT,0.8244,45118.0,0.8243,59632.0,0.8245,10324.0,0.8246,64524.0
1753503766567,04:22:46.567,ADA/USDT:USDT,0.8244,45238.0,0.8243,60355.0,0.8245,21086.0,0.8246,65133.0
1753503766681,04:22:46.681,ADA/USDT:USDT,0.8244,45238.0,0.8243,43256.0,0.8245,21086.0,0.8246,71984.0
1753503766784,04:22:46.784,ADA/USDT:USDT,0.8244,45238.0,0.8243,43256.0,0.8245,21086.0,0.8246,71984.0
1753503766887,04:22:46.887,ADA/USDT:USDT,0.8244,43732.0,0.8243,43256.0,0.8245,37567.0,0.8246,76384.0
1753503766991,04:22:46.991,ADA/USDT:USDT,0.8244,46802.0,0.8243,72509.0,0.8245,21086.0,0.8246,71638.0
1753503767103,04:22:47.103,ADA/USDT:USDT,0.8244,46793.0,0.8243,68878.0,0.8245,10324.0,0.8246,70038.0
1753503767205,04:22:47.205,ADA/USDT:USDT,0.8244,50431.0,0.8243,69613.0,0.8245,10324.0,0.8246,60478.0
1753503767306,04:22:47.306,ADA/USDT:USDT,0.8244,49404.0,0.8243,68878.0,0.8245,16058.0,0.8246,60478.0
1753503767510,04:22:47.510,ADA/USDT:USDT,0.8244,49404.0,0.8243,68878.0,0.8245,36834.0,0.8246,60478.0
1753503767613,04:22:47.613,ADA/USDT:USDT,0.8244,47361.0,0.8243,68878.0,0.8245,36834.0,0.8246,70612.0
1753503767766,04:22:47.766,ADA/USDT:USDT,0.8244,46881.0,0.8243,68878.0,0.8245,36834.0,0.8246,71372.0
1753503767883,04:22:47.883,ADA/USDT:USDT,0.8244,43232.0,0.8243,68638.0,0.8245,36814.0,0.8246,71381.0
1753503767993,04:22:47.993,ADA/USDT:USDT,0.8244,41908.0,0.8243,68638.0,0.8245,36814.0,0.8246,72981.0
1753503768098,04:22:48.098,ADA/USDT:USDT,0.8244,41838.0,0.8243,68638.0,0.8245,37266.0,0.8246,72911.0
1753503768206,04:22:48.206,ADA/USDT:USDT,0.8244,43190.0,0.8243,68638.0,0.8245,26504.0,0.8246,72911.0
1753503768308,04:22:48.308,ADA/USDT:USDT,0.8244,43190.0,0.8243,68638.0,0.8245,27161.0,0.8246,72151.0
1753503768444,04:22:48.444,ADA/USDT:USDT,0.8244,43190.0,0.8243,70443.0,0.8245,27161.0,0.8246,72151.0
1753503768555,04:22:48.555,ADA/USDT:USDT,0.8244,43197.0,0.8243,70468.0,0.8245,27161.0,0.8246,72151.0
1753503768662,04:22:48.662,ADA/USDT:USDT,0.8244,43197.0,0.8243,70443.0,0.8245,27161.0,0.8246,72151.0
1753503768766,04:22:48.766,ADA/USDT:USDT,0.8244,43197.0,0.8243,70443.0,0.8245,27161.0,0.8246,72151.0
1753503768908,04:22:48.908,ADA/USDT:USDT,0.8244,43197.0,0.8243,70443.0,0.8245,27161.0,0.8246,72151.0
1753503769010,04:22:49.010,ADA/USDT:USDT,0.8244,43197.0,0.8243,70443.0,0.8245,27161.0,0.8246,72914.0
1753503769122,04:22:49.122,ADA/USDT:USDT,0.8244,43307.0,0.8243,70443.0,0.8245,37923.0,0.8246,72914.0
1753503769224,04:22:49.224,ADA/USDT:USDT,0.8244,43307.0,0.8243,70443.0,0.8245,38347.0,0.8246,72914.0
1753503769352,04:22:49.352,ADA/USDT:USDT,0.8244,43187.0,0.8243,70443.0,0.8245,38441.0,0.8246,72914.0
1753503769473,04:22:49.473,ADA/USDT:USDT,0.8244,43187.0,0.8243,70443.0,0.8245,40940.0,0.8246,72914.0
1753503769575,04:22:49.575,ADA/USDT:USDT,0.8244,43187.0,0.8243,70443.0,0.8245,40940.0,0.8246,72914.0
1753503769686,04:22:49.686,ADA/USDT:USDT,0.8244,42945.0,0.8243,70443.0,0.8245,40940.0,0.8246,72914.0
1753503769790,04:22:49.790,ADA/USDT:USDT,0.8244,42945.0,0.8243,89535.0,0.8245,38441.0,0.8246,72889.0
1753503769896,04:22:49.896,ADA/USDT:USDT,0.8244,42945.0,0.8243,89535.0,0.8245,38441.0,0.8246,72889.0
1753503769998,04:22:49.998,ADA/USDT:USDT,0.8244,42945.0,0.8243,61256.0,0.8245,38441.0,0.8246,72914.0
1753503770102,04:22:50.102,ADA/USDT:USDT,0.8244,42945.0,0.8243,61256.0,0.8245,38441.0,0.8246,72889.0
1753503770225,04:22:50.225,ADA/USDT:USDT,0.8244,42945.0,0.8243,61256.0,0.8245,38671.0,0.8246,75689.0
1753503770373,04:22:50.373,ADA/USDT:USDT,0.8244,36972.0,0.8243,61256.0,0.8245,41227.0,0.8246,75714.0
1753503770508,04:22:50.508,ADA/USDT:USDT,0.8244,37051.0,0.8243,61241.0,0.8245,42029.0,0.8246,75834.0
1753503770609,04:22:50.609,ADA/USDT:USDT,0.8244,37051.0,0.8243,60879.0,0.8245,42029.0,0.8246,75809.0
1753503770718,04:22:50.718,ADA/USDT:USDT,0.8244,25821.0,0.8243,61227.0,0.8245,42085.0,0.8246,75486.0
1753503770820,04:22:50.820,ADA/USDT:USDT,0.8244,3645.0,0.8243,30794.0,0.8245,52488.0,0.8246,111211.0
1753503770921,04:22:50.921,ADA/USDT:USDT,0.8244,3645.0,0.8243,31993.0,0.8245,61424.0,0.8246,111451.0
1753503771024,04:22:51.024,ADA/USDT:USDT,0.8244,3645.0,0.8243,31993.0,0.8245,61424.0,0.8246,119096.0
1753503771132,04:22:51.132,ADA/USDT:USDT,0.8244,3645.0,0.8243,31993.0,0.8245,61432.0,0.8246,118854.0
1753503771238,04:22:51.238,ADA/USDT:USDT,0.8244,3645.0,0.8243,31993.0,0.8245,61431.0,0.8246,118854.0
1753503771340,04:22:51.340,ADA/USDT:USDT,0.8244,3645.0,0.8243,31993.0,0.8245,58408.0,0.8246,118854.0
1753503771448,04:22:51.448,ADA/USDT:USDT,0.8244,3595.0,0.8243,31993.0,0.8245,61239.0,0.8246,118854.0
1753503771554,04:22:51.554,ADA/USDT:USDT,0.8244,3595.0,0.8243,31873.0,0.8245,72087.0,0.8246,119094.0
1753503771669,04:22:51.669,ADA/USDT:USDT,0.8244,3595.0,0.8243,31873.0,0.8245,72087.0,0.8246,119336.0
1753503771817,04:22:51.817,ADA/USDT:USDT,0.8244,3595.0,0.8243,31360.0,0.8245,72527.0,0.8246,119336.0
1753503771919,04:22:51.919,ADA/USDT:USDT,0.8244,3595.0,0.8243,31360.0,0.8245,72830.0,0.8246,119336.0
1753503772034,04:22:52.034,ADA/USDT:USDT,0.8244,3595.0,0.8243,31360.0,0.8245,73137.0,0.8246,119336.0
1753503772137,04:22:52.137,ADA/USDT:USDT,0.8244,3595.0,0.8243,31360.0,0.8245,73137.0,0.8246,119336.0
1753503772374,04:22:52.374,ADA/USDT:USDT,0.8244,3595.0,0.8243,31360.0,0.8245,73373.0,0.8246,119457.0
1753503772502,04:22:52.502,ADA/USDT:USDT,0.8244,3595.0,0.8243,31360.0,0.8245,76415.0,0.8246,119457.0
1753503772649,04:22:52.649,ADA/USDT:USDT,0.8244,3595.0,0.8243,31360.0,0.8245,77628.0,0.8246,119457.0
1753503772784,04:22:52.784,ADA/USDT:USDT,0.8244,3595.0,0.8243,31360.0,0.8245,78395.0,0.8246,119457.0
1753503772903,04:22:52.903,ADA/USDT:USDT,0.8244,3595.0,0.8243,31360.0,0.8245,78395.0,0.8246,119457.0
1753503773017,04:22:53.017,ADA/USDT:USDT,0.8244,3595.0,0.8243,31360.0,0.8245,78698.0,0.8246,119578.0
1753503773127,04:22:53.127,ADA/USDT:USDT,0.8244,3595.0,0.8243,31360.0,0.8245,78698.0,0.8246,119970.0
1753503773233,04:22:53.233,ADA/USDT:USDT,0.8242,35832.0,0.8241,106179.0,0.8243,91500.0,0.8244,110566.0
1753503773336,04:22:53.336,ADA/USDT:USDT,0.8242,19289.0,0.8241,101117.0,0.8243,79412.0,0.8244,129420.0
1753503773439,04:22:53.439,ADA/USDT:USDT,0.8242,10985.0,0.8241,76869.0,0.8243,89149.0,0.8244,128581.0
1753503773542,04:22:53.542,ADA/USDT:USDT,0.8242,10985.0,0.8241,73238.0,0.8243,91028.0,0.8244,129915.0
1753503773643,04:22:53.643,ADA/USDT:USDT,0.8242,10985.0,0.8241,72355.0,0.8243,93492.0,0.8244,129363.0
1753503773750,04:22:53.750,ADA/USDT:USDT,0.8242,10743.0,0.8241,72355.0,0.8243,97092.0,0.8244,129363.0
1753503773854,04:22:53.854,ADA/USDT:USDT,0.8242,10743.0,0.8241,72355.0,0.8243,94085.0,0.8244,137010.0
1753503773976,04:22:53.976,ADA/USDT:USDT,0.8242,10743.0,0.8241,72355.0,0.8243,99179.0,0.8244,137130.0
1753503774095,04:22:54.095,ADA/USDT:USDT,0.8242,10743.0,0.8241,72355.0,0.8243,99179.0,0.8244,137130.0
1753503774199,04:22:54.199,ADA/USDT:USDT,0.8242,27643.0,0.8241,72355.0,0.8243,91596.0,0.8244,137137.0
1753503774303,04:22:54.303,ADA/USDT:USDT,0.8242,39348.0,0.8241,86781.0,0.8243,87189.0,0.8244,132965.0
1753503774404,04:22:54.404,ADA/USDT:USDT,0.8242,36313.0,0.8241,86781.0,0.8243,82772.0,0.8244,132965.0
1753503774506,04:22:54.506,ADA/USDT:USDT,0.8242,41674.0,0.8241,96486.0,0.8243,37880.0,0.8244,111912.0
1753503774620,04:22:54.620,ADA/USDT:USDT,0.8242,41916.0,0.8241,97090.0,0.8243,33461.0,0.8244,111334.0
1753503774721,04:22:54.721,ADA/USDT:USDT,0.8242,41916.0,0.8241,97090.0,0.8243,18528.0,0.8244,111094.0
1753503774842,04:22:54.842,ADA/USDT:USDT,0.8242,41923.0,0.8241,97090.0,0.8243,18500.0,0.8244,111094.0
1753503774968,04:22:54.968,ADA/USDT:USDT,0.8242,43754.0,0.8241,97090.0,0.8243,18347.0,0.8244,111094.0
1753503775093,04:22:55.093,ADA/USDT:USDT,0.8242,45573.0,0.8241,97332.0,0.8243,18683.0,0.8244,111094.0
1753503775210,04:22:55.210,ADA/USDT:USDT,0.8242,45573.0,0.8241,97332.0,0.8243,18683.0,0.8244,111094.0
1753503775311,04:22:55.311,ADA/USDT:USDT,0.8242,45573.0,0.8241,97332.0,0.8243,18683.0,0.8244,111094.0
1753503775414,04:22:55.414,ADA/USDT:USDT,0.8242,38478.0,0.8241,77832.0,0.8243,29445.0,0.8244,111119.0
1753503775533,04:22:55.533,ADA/USDT:USDT,0.8242,41654.0,0.8241,69642.0,0.8243,27827.0,0.8244,110999.0
1753503775642,04:22:55.642,ADA/USDT:USDT,0.8242,41349.0,0.8241,66885.0,0.8243,16881.0,0.8244,89796.0
1753503775745,04:22:55.745,ADA/USDT:USDT,0.8242,48022.0,0.8241,95411.0,0.8243,16881.0,0.8244,89796.0
1753503775902,04:22:55.902,ADA/USDT:USDT,0.8242,48022.0,0.8241,95411.0,0.8243,16881.0,0.8244,89796.0
1753503776013,04:22:56.013,ADA/USDT:USDT,0.8242,48022.0,0.8241,95411.0,0.8243,16881.0,0.8244,89796.0
1753503776124,04:22:56.124,ADA/USDT:USDT,0.8242,44987.0,0.8241,95411.0,0.8243,30552.0,0.8244,89824.0
1753503776231,04:22:56.231,ADA/USDT:USDT,0.8242,44987.0,0.8241,95411.0,0.8243,31019.0,0.8244,89849.0
1753503776357,04:22:56.357,ADA/USDT:USDT,0.8242,42123.0,0.8241,85036.0,0.8243,31019.0,0.8244,89849.0
1753503776461,04:22:56.461,ADA/USDT:USDT,0.8242,42123.0,0.8241,85036.0,0.8243,31041.0,0.8244,90622.0
1753503776609,04:22:56.609,ADA/USDT:USDT,0.8242,42123.0,0.8241,84998.0,0.8243,31041.0,0.8244,91228.0
1753503776741,04:22:56.741,ADA/USDT:USDT,0.8242,42745.0,0.8241,84485.0,0.8243,31016.0,0.8244,90512.0
1753503776940,04:22:56.940,ADA/USDT:USDT,0.8242,45780.0,0.8241,84998.0,0.8243,20254.0,0.8244,89881.0
1753503777046,04:22:57.046,ADA/USDT:USDT,0.8242,45780.0,0.8241,83592.0,0.8243,20254.0,0.8244,89881.0
1753503777150,04:22:57.150,ADA/USDT:USDT,0.8242,42745.0,0.8241,79615.0,0.8243,20483.0,0.8244,89881.0
1753503777273,04:22:57.273,ADA/USDT:USDT,0.8242,45780.0,0.8241,79373.0,0.8243,20490.0,0.8244,89881.0
1753503777417,04:22:57.417,ADA/USDT:USDT,0.8242,45780.0,0.8241,79373.0,0.8243,17589.0,0.8244,89881.0
1753503777520,04:22:57.520,ADA/USDT:USDT,0.8242,45780.0,0.8241,79493.0,0.8243,17588.0,0.8244,89881.0
1753503777644,04:22:57.644,ADA/USDT:USDT,0.8242,45780.0,0.8241,79493.0,0.8243,17594.0,0.8244,89881.0
1753503777774,04:22:57.774,ADA/USDT:USDT,0.8242,42745.0,0.8241,79518.0,0.8243,17594.0,0.8244,89881.0
1753503777888,04:22:57.888,ADA/USDT:USDT,0.8242,42745.0,0.8241,80124.0,0.8243,17594.0,0.8244,89881.0
1753503777992,04:22:57.992,ADA/USDT:USDT,0.8242,42745.0,0.8241,80124.0,0.8243,17594.0,0.8244,89881.0
1753503778093,04:22:58.093,ADA/USDT:USDT,0.8242,42745.0,0.8241,80730.0,0.8243,18030.0,0.8244,89393.0
1753503778271,04:22:58.271,ADA/USDT:USDT,0.8242,49724.0,0.8241,81693.0,0.8243,18037.0,0.8244,89184.0
1753503778380,04:22:58.380,ADA/USDT:USDT,0.8242,49722.0,0.8241,87413.0,0.8243,11899.0,0.8244,59018.0
1753503778491,04:22:58.491,ADA/USDT:USDT,0.8243,84155.0,0.8242,109048.0,0.8244,17363.0,0.8245,98746.0
1753503778592,04:22:58.592,ADA/USDT:USDT,0.8243,85552.0,0.8242,109049.0,0.8244,6925.0,0.8245,70558.0
1753503778694,04:22:58.694,ADA/USDT:USDT,0.8244,83059.0,0.8243,118103.0,0.8245,21537.0,0.8246,57447.0
1753503778795,04:22:58.795,ADA/USDT:USDT,0.8244,73395.0,0.8243,117231.0,0.8245,25675.0,0.8246,53764.0
1753503778902,04:22:58.902,ADA/USDT:USDT,0.8244,64050.0,0.8243,107562.0,0.8245,60318.0,0.8246,53600.0
1753503779023,04:22:59.023,ADA/USDT:USDT,0.8244,21521.0,0.8243,78440.0,0.8245,60318.0,0.8246,54348.0
1753503779132,04:22:59.132,ADA/USDT:USDT,0.8244,31946.0,0.8243,84135.0,0.8245,60318.0,0.8246,53987.0
1753503779235,04:22:59.235,ADA/USDT:USDT,0.8244,36088.0,0.8243,84135.0,0.8245,60533.0,0.8246,53720.0
1753503779337,04:22:59.337,ADA/USDT:USDT,0.8244,36088.0,0.8243,84135.0,0.8245,60533.0,0.8246,53600.0
1753503779540,04:22:59.540,ADA/USDT:USDT,0.8244,32798.0,0.8243,83794.0,0.8245,40899.0,0.8246,54068.0
1753503779642,04:22:59.642,ADA/USDT:USDT,0.8244,32798.0,0.8243,83801.0,0.8245,40899.0,0.8246,54671.0
1753503779748,04:22:59.748,ADA/USDT:USDT,0.8244,32798.0,0.8243,83801.0,0.8245,40842.0,0.8246,54728.0
1753503779896,04:22:59.896,ADA/USDT:USDT,0.8244,32798.0,0.8243,83801.0,0.8245,40842.0,0.8246,54728.0
1753503780000,04:23:00.000,ADA/USDT:USDT,0.8244,26602.0,0.8243,84149.0,0.8245,52016.0,0.8246,55064.0
1753503780107,04:23:00.107,ADA/USDT:USDT,0.8244,26582.0,0.8243,84400.0,0.8245,52000.0,0.8246,55064.0
1753503780211,04:23:00.211,ADA/USDT:USDT,0.8244,30605.0,0.8243,84425.0,0.8245,51170.0,0.8246,54380.0
1753503780312,04:23:00.312,ADA/USDT:USDT,0.8244,30605.0,0.8243,84077.0,0.8245,40060.0,0.8246,54380.0
1753503780415,04:23:00.415,ADA/USDT:USDT,0.8244,42859.0,0.8243,113147.0,0.8245,7105.0,0.8246,54005.0
1753503780522,04:23:00.522,ADA/USDT:USDT,0.8244,42859.0,0.8243,112905.0,0.8245,1821.0,0.8246,33083.0
1753503780673,04:23:00.673,ADA/USDT:USDT,0.8244,43051.0,0.8243,125049.0,0.8245,1821.0,0.8246,32635.0
1753503780775,04:23:00.775,ADA/USDT:USDT,0.8244,43888.0,0.8243,131255.0,0.8245,1821.0,0.8246,32644.0
1753503780879,04:23:00.879,ADA/USDT:USDT,0.8244,43766.0,0.8243,131861.0,0.8245,1821.0,0.8246,32644.0
1753503780986,04:23:00.986,ADA/USDT:USDT,0.8244,43791.0,0.8243,131861.0,0.8245,1821.0,0.8246,21882.0
1753503781090,04:23:01.090,ADA/USDT:USDT,0.8245,73764.0,0.8244,103950.0,0.8246,16741.0,0.8247,76876.0
1753503781191,04:23:01.191,ADA/USDT:USDT,0.8245,74652.0,0.8244,108529.0,0.8246,16684.0,0.8247,64908.0
1753503781293,04:23:01.293,ADA/USDT:USDT,0.8245,53303.0,0.8244,103384.0,0.8246,40128.0,0.8247,70128.0
1753503781396,04:23:01.396,ADA/USDT:USDT,0.8245,53303.0,0.8244,103384.0,0.8246,40128.0,0.8247,70938.0
1753503781498,04:23:01.498,ADA/USDT:USDT,0.8245,53721.0,0.8244,103036.0,0.8246,40169.0,0.8247,70128.0
1753503781606,04:23:01.606,ADA/USDT:USDT,0.8245,61318.0,0.8244,107534.0,0.8246,25195.0,0.8247,70881.0
1753503781716,04:23:01.716,ADA/USDT:USDT,0.8245,61560.0,0.8244,107412.0,0.8246,16809.0,0.8247,61799.0
1753503781832,04:23:01.832,ADA/USDT:USDT,0.8245,61318.0,0.8244,107412.0,0.8246,16830.0,0.8247,61799.0
1753503781952,04:23:01.952,ADA/USDT:USDT,0.8245,59534.0,0.8244,107412.0,0.8246,16830.0,0.8247,62041.0
1753503782058,04:23:02.058,ADA/USDT:USDT,0.8245,22589.0,0.8244,99104.0,0.8246,53175.0,0.8247,64471.0
1753503782162,04:23:02.162,ADA/USDT:USDT,0.8245,16702.0,0.8244,56477.0,0.8246,54630.0,0.8247,76656.0
1753503782265,04:23:02.265,ADA/USDT:USDT,0.8245,15986.0,0.8244,56477.0,0.8246,50824.0,0.8247,76656.0
1753503782388,04:23:02.388,ADA/USDT:USDT,0.8245,15986.0,0.8244,56477.0,0.8246,52635.0,0.8247,76676.0
1753503782489,04:23:02.489,ADA/USDT:USDT,0.8245,15987.0,0.8244,56477.0,0.8246,50996.0,0.8247,77037.0
1753503782603,04:23:02.603,ADA/USDT:USDT,0.8245,10306.0,0.8244,57057.0,0.8246,50996.0,0.8247,77666.0
1753503782704,04:23:02.704,ADA/USDT:USDT,0.8245,10306.0,0.8244,57057.0,0.8246,50975.0,0.8247,77786.0
1753503782807,04:23:02.807,ADA/USDT:USDT,0.8244,30934.0,0.8243,91297.0,0.8245,43974.0,0.8246,61619.0
1753503782913,04:23:02.913,ADA/USDT:USDT,0.8244,30890.0,0.8243,91653.0,0.8245,43995.0,0.8246,63303.0
1753503783022,04:23:03.022,ADA/USDT:USDT,0.8244,30767.0,0.8243,91305.0,0.8245,43875.0,0.8246,63184.0
1753503783125,04:23:03.125,ADA/USDT:USDT,0.8244,19221.0,0.8243,85958.0,0.8245,44895.0,0.8246,64026.0
1753503783231,04:23:03.231,ADA/USDT:USDT,0.8244,19200.0,0.8243,85958.0,0.8245,44223.0,0.8246,63921.0
1753503783342,04:23:03.342,ADA/USDT:USDT,0.8244,19151.0,0.8243,85958.0,0.8245,44311.0,0.8246,63981.0
1753503783447,04:23:03.447,ADA/USDT:USDT,0.8244,19100.0,0.8243,85958.0,0.8245,44983.0,0.8246,63981.0
1753503783554,04:23:03.554,ADA/USDT:USDT,0.8244,15555.0,0.8243,86538.0,0.8245,44983.0,0.8246,64559.0
1753503783760,04:23:03.760,ADA/USDT:USDT,0.8244,15512.0,0.8243,86538.0,0.8245,45095.0,0.8246,69733.0
1753503783870,04:23:03.870,ADA/USDT:USDT,0.8244,15512.0,0.8243,86780.0,0.8245,45095.0,0.8246,69973.0
1753503783981,04:23:03.981,ADA/USDT:USDT,0.8244,15501.0,0.8243,86780.0,0.8245,45095.0,0.8246,69973.0
1753503784101,04:23:04.101,ADA/USDT:USDT,0.8244,15501.0,0.8243,75890.0,0.8245,45095.0,0.8246,82414.0
1753503784209,04:23:04.209,ADA/USDT:USDT,0.8244,9363.0,0.8243,65740.0,0.8245,45120.0,0.8246,86959.0
1753503784311,04:23:04.311,ADA/USDT:USDT,0.8244,9363.0,0.8243,65740.0,0.8245,48320.0,0.8246,87256.0
1753503784415,04:23:04.415,ADA/USDT:USDT,0.8244,9363.0,0.8243,65498.0,0.8245,48447.0,0.8246,87618.0
1753503784544,04:23:04.544,ADA/USDT:USDT,0.8244,7545.0,0.8243,65498.0,0.8245,51753.0,0.8246,87447.0
1753503784682,04:23:04.682,ADA/USDT:USDT,0.8244,7624.0,0.8243,55193.0,0.8245,48528.0,0.8246,87447.0
1753503784786,04:23:04.786,ADA/USDT:USDT,0.8244,7615.0,0.8243,55193.0,0.8245,48528.0,0.8246,87447.0
1753503784902,04:23:04.902,ADA/USDT:USDT,0.8244,7615.0,0.8243,55435.0,0.8245,48528.0,0.8246,87568.0
1753503785006,04:23:05.006,ADA/USDT:USDT,0.8244,7615.0,0.8243,55435.0,0.8245,48528.0,0.8246,87568.0
1753503785136,04:23:05.136,ADA/USDT:USDT,0.8244,5020.0,0.8243,55193.0,0.8245,48581.0,0.8246,90610.0
1753503785239,04:23:05.239,ADA/USDT:USDT,0.8244,5020.0,0.8243,55193.0,0.8245,48549.0,0.8246,90368.0
1753503785345,04:23:05.345,ADA/USDT:USDT,0.8244,5020.0,0.8243,55193.0,0.8245,48549.0,0.8246,90247.0
1753503785451,04:23:05.451,ADA/USDT:USDT,0.8244,5020.0,0.8243,55435.0,0.8245,48542.0,0.8246,90247.0
1753503785567,04:23:05.567,ADA/USDT:USDT,0.8244,5025.0,0.8243,55435.0,0.8245,48807.0,0.8246,90367.0
1753503785669,04:23:05.669,ADA/USDT:USDT,0.8243,29569.0,0.8242,96637.0,0.8244,65528.0,0.8245,70336.0
1753503785772,04:23:05.772,ADA/USDT:USDT,0.8243,29221.0,0.8242,89460.0,0.8244,65809.0,0.8245,63006.0
1753503785874,04:23:05.874,ADA/USDT:USDT,0.8243,29221.0,0.8242,77578.0,0.8244,65809.0,0.8245,70547.0
1753503785981,04:23:05.981,ADA/USDT:USDT,0.8243,3939.0,0.8242,66531.0,0.8244,72036.0,0.8245,79415.0
1753503786082,04:23:06.082,ADA/USDT:USDT,0.8242,28997.0,0.8241,122537.0,0.8243,74222.0,0.8244,76451.0
1753503786185,04:23:06.185,ADA/USDT:USDT,0.8242,24596.0,0.8241,122901.0,0.8243,74623.0,0.8244,102832.0
1753503786286,04:23:06.286,ADA/USDT:USDT,0.8242,23201.0,0.8241,111027.0,0.8243,74728.0,0.8244,102832.0
1753503786389,04:23:06.389,ADA/USDT:USDT,0.8242,15513.0,0.8241,111027.0,0.8243,74728.0,0.8244,110599.0
1753503786502,04:23:06.502,ADA/USDT:USDT,0.8242,15513.0,0.8241,111027.0,0.8243,74728.0,0.8244,110479.0
1753503786609,04:23:06.609,ADA/USDT:USDT,0.8242,15513.0,0.8241,111611.0,0.8243,74767.0,0.8244,123199.0
1753503786722,04:23:06.722,ADA/USDT:USDT,0.8241,88110.0,0.824,119812.0,0.8242,68174.0,0.8243,91442.0
1753503786823,04:23:06.823,ADA/USDT:USDT,0.8241,78288.0,0.824,105404.0,0.8242,39712.0,0.8243,90991.0
1753503786926,04:23:06.926,ADA/USDT:USDT,0.8241,55500.0,0.824,116166.0,0.8242,35508.0,0.8243,96069.0
1753503787033,04:23:07.033,ADA/USDT:USDT,0.8241,55500.0,0.824,116166.0,0.8242,35508.0,0.8243,96069.0
1753503787170,04:23:07.170,ADA/USDT:USDT,0.8241,36628.0,0.824,104207.0,0.8242,35508.0,0.8243,96716.0
1753503787276,04:23:07.276,ADA/USDT:USDT,0.8241,36628.0,0.824,104207.0,0.8242,35508.0,0.8243,96716.0
1753503787377,04:23:07.377,ADA/USDT:USDT,0.8241,36628.0,0.824,104207.0,0.8242,36715.0,0.8243,96716.0
1753503787481,04:23:07.481,ADA/USDT:USDT,0.8241,36232.0,0.824,104207.0,0.8242,40179.0,0.8243,117765.0
1753503787582,04:23:07.582,ADA/USDT:USDT,0.8241,25470.0,0.824,99648.0,0.8242,45665.0,0.8243,118368.0
1753503787692,04:23:07.692,ADA/USDT:USDT,0.8241,25470.0,0.824,99648.0,0.8242,49313.0,0.8243,126023.0
1753503787793,04:23:07.793,ADA/USDT:USDT,0.8241,25456.0,0.824,99055.0,0.8242,49313.0,0.8243,126023.0
1753503788010,04:23:08.010,ADA/USDT:USDT,0.8241,25456.0,0.824,99055.0,0.8242,46577.0,0.8243,126023.0
1753503788113,04:23:08.113,ADA/USDT:USDT,0.8241,27266.0,0.824,99055.0,0.8242,46204.0,0.8243,126371.0
1753503788215,04:23:08.215,ADA/USDT:USDT,0.8241,27266.0,0.824,99055.0,0.8242,46204.0,0.8243,126371.0
1753503788338,04:23:08.338,ADA/USDT:USDT,0.8241,27266.0,0.824,99055.0,0.8242,46204.0,0.8243,126371.0
1753503788444,04:23:08.444,ADA/USDT:USDT,0.824,64576.0,0.8239,46463.0,0.8241,59482.0,0.8242,77062.0
1753503788547,04:23:08.547,ADA/USDT:USDT,0.824,75359.0,0.8239,47064.0,0.8241,59491.0,0.8242,82861.0
1753503788663,04:23:08.663,ADA/USDT:USDT,0.824,75359.0,0.8239,56064.0,0.8241,47948.0,0.8242,82268.0
1753503788773,04:23:08.773,ADA/USDT:USDT,0.824,75359.0,0.8239,56064.0,0.8241,48340.0,0.8242,82243.0
1753503788874,04:23:08.874,ADA/USDT:USDT,0.824,75359.0,0.8239,56106.0,0.8241,48340.0,0.8242,82243.0
1753503788990,04:23:08.990,ADA/USDT:USDT,0.824,79456.0,0.8239,56106.0,0.8241,48340.0,0.8242,72598.0
1753503789093,04:23:09.093,ADA/USDT:USDT,0.824,84183.0,0.8239,56115.0,0.8241,48340.0,0.8242,71948.0
1753503789194,04:23:09.194,ADA/USDT:USDT,0.824,84183.0,0.8239,65136.0,0.8241,493.0,0.8242,66467.0
1753503789300,04:23:09.300,ADA/USDT:USDT,0.824,84183.0,0.8239,65742.0,0.8241,623.0,0.8242,65644.0
1753503789421,04:23:09.421,ADA/USDT:USDT,0.824,75359.0,0.8239,68017.0,0.8241,7714.0,0.8242,74314.0
1753503789543,04:23:09.543,ADA/USDT:USDT,0.824,77179.0,0.8239,68017.0,0.8241,14162.0,0.8242,74959.0
1753503789646,04:23:09.646,ADA/USDT:USDT,0.824,75594.0,0.8239,67775.0,0.8241,14162.0,0.8242,73667.0
1753503789747,04:23:09.747,ADA/USDT:USDT,0.824,84242.0,0.8239,68420.0,0.8241,1577.0,0.8242,64102.0
1753503789857,04:23:09.857,ADA/USDT:USDT,0.824,79647.0,0.8239,68445.0,0.8241,7715.0,0.8242,73642.0
1753503789958,04:23:09.958,ADA/USDT:USDT,0.824,75594.0,0.8239,68445.0,0.8241,7715.0,0.8242,73642.0
1753503790063,04:23:10.063,ADA/USDT:USDT,0.824,77172.0,0.8239,68017.0,0.8241,26610.0,0.8242,73642.0
1753503790168,04:23:10.168,ADA/USDT:USDT,0.824,77172.0,0.8239,68017.0,0.8241,26610.0,0.8242,73642.0
1753503790284,04:23:10.284,ADA/USDT:USDT,0.824,77172.0,0.8239,68017.0,0.8241,26610.0,0.8242,73642.0
1753503790389,04:23:10.389,ADA/USDT:USDT,0.824,81274.0,0.8239,68162.0,0.8241,26475.0,0.8242,73642.0
1753503790492,04:23:10.492,ADA/USDT:USDT,0.824,62544.0,0.8239,67893.0,0.8241,26475.0,0.8242,74185.0
1753503790594,04:23:10.594,ADA/USDT:USDT,0.824,62997.0,0.8239,67893.0,0.8241,26475.0,0.8242,73537.0
1753503790718,04:23:10.718,ADA/USDT:USDT,0.824,64819.0,0.8239,100668.0,0.8241,1421.0,0.8242,63649.0
1753503790821,04:23:10.821,ADA/USDT:USDT,0.824,64819.0,0.8239,101145.0,0.8241,1442.0,0.8242,63649.0
1753503790963,04:23:10.963,ADA/USDT:USDT,0.824,56432.0,0.8239,102263.0,0.8241,7580.0,0.8242,73537.0
1753503791076,04:23:11.076,ADA/USDT:USDT,0.824,56432.0,0.8239,102263.0,0.8241,7580.0,0.8242,73642.0
1753503791195,04:23:11.195,ADA/USDT:USDT,0.824,56432.0,0.8239,102263.0,0.8241,7580.0,0.8242,73642.0
1753503791415,04:23:11.415,ADA/USDT:USDT,0.824,60395.0,0.8239,102263.0,0.8241,7582.0,0.8242,73642.0
1753503791527,04:23:11.527,ADA/USDT:USDT,0.824,56432.0,0.8239,102238.0,0.8241,7583.0,0.8242,73642.0
1753503791636,04:23:11.636,ADA/USDT:USDT,0.824,56432.0,0.8239,102238.0,0.8241,7583.0,0.8242,73642.0
1753503791739,04:23:11.739,ADA/USDT:USDT,0.824,56432.0,0.8239,102238.0,0.8241,7583.0,0.8242,73642.0
1753503791843,04:23:11.843,ADA/USDT:USDT,0.824,60395.0,0.8239,102238.0,0.8241,7583.0,0.8242,73642.0
1753503791946,04:23:11.946,ADA/USDT:USDT,0.824,56432.0,0.8239,98498.0,0.8241,40517.0,0.8242,74293.0
1753503792049,04:23:12.049,ADA/USDT:USDT,0.824,68447.0,0.8239,97412.0,0.8241,39999.0,0.8242,86045.0
1753503792157,04:23:12.157,ADA/USDT:USDT,0.824,58041.0,0.8239,97412.0,0.8241,40063.0,0.8242,95585.0
1753503792263,04:23:12.263,ADA/USDT:USDT,0.824,58041.0,0.8239,93934.0,0.8241,40070.0,0.8242,95585.0
1753503792370,04:23:12.370,ADA/USDT:USDT,0.824,57693.0,0.8239,93208.0,0.8241,40062.0,0.8242,95585.0
1753503792472,04:23:12.472,ADA/USDT:USDT,0.824,58016.0,0.8239,90408.0,0.8241,40067.0,0.8242,95585.0
1753503792598,04:23:12.598,ADA/USDT:USDT,0.824,55974.0,0.8239,90408.0,0.8241,41336.0,0.8242,96191.0
1753503792707,04:23:12.707,ADA/USDT:USDT,0.824,58474.0,0.8239,90408.0,0.8241,41346.0,0.8242,96191.0
1753503792878,04:23:12.878,ADA/USDT:USDT,0.824,58474.0,0.8239,90408.0,0.8241,41346.0,0.8242,96191.0
1753503793008,04:23:13.008,ADA/USDT:USDT,0.824,62437.0,0.8239,90408.0,0.8241,41346.0,0.8242,86651.0
1753503793124,04:23:13.124,ADA/USDT:USDT,0.824,58474.0,0.8239,90408.0,0.8241,41346.0,0.8242,96191.0
1753503793292,04:23:13.292,ADA/USDT:USDT,0.824,58474.0,0.8239,90408.0,0.8241,41362.0,0.8242,96191.0
1753503793408,04:23:13.408,ADA/USDT:USDT,0.824,58474.0,0.8239,90408.0,0.8241,41362.0,0.8242,96191.0
1753503793585,04:23:13.585,ADA/USDT:USDT,0.824,67180.0,0.8239,90408.0,0.8241,30585.0,0.8242,64578.0
1753503793688,04:23:13.688,ADA/USDT:USDT,0.824,67180.0,0.8239,90433.0,0.8241,30585.0,0.8242,74118.0
1753503793790,04:23:13.790,ADA/USDT:USDT,0.824,58746.0,0.8239,98938.0,0.8241,42019.0,0.8242,96171.0
1753503793891,04:23:13.891,ADA/USDT:USDT,0.824,58746.0,0.8239,98938.0,0.8241,42019.0,0.8242,96196.0
1753503793994,04:23:13.994,ADA/USDT:USDT,0.824,58746.0,0.8239,98938.0,0.8241,42019.0,0.8242,96196.0
1753503794104,04:23:14.104,ADA/USDT:USDT,0.824,58746.0,0.8239,98938.0,0.8241,42019.0,0.8242,96196.0
1753503794242,04:23:14.242,ADA/USDT:USDT,0.824,45696.0,0.8239,65480.0,0.8241,46358.0,0.8242,97690.0
1753503794343,04:23:14.343,ADA/USDT:USDT,0.824,39558.0,0.8239,50721.0,0.8241,56300.0,0.8242,97747.0
1753503794467,04:23:14.467,ADA/USDT:USDT,0.824,35713.0,0.8239,50604.0,0.8241,56300.0,0.8242,97505.0
1753503794574,04:23:14.574,ADA/USDT:USDT,0.824,41910.0,0.8239,51183.0,0.8241,47846.0,0.8242,100305.0
1753503794684,04:23:14.684,ADA/USDT:USDT,0.824,35772.0,0.8239,50604.0,0.8241,51809.0,0.8242,107954.0
1753503794810,04:23:14.810,ADA/USDT:USDT,0.824,35772.0,0.8239,50604.0,0.8241,51809.0,0.8242,108029.0
1753503794938,04:23:14.938,ADA/USDT:USDT,0.824,35772.0,0.8239,50604.0,0.8241,51809.0,0.8242,108029.0
1753503795102,04:23:15.102,ADA/USDT:USDT,0.824,35772.0,0.8239,50604.0,0.8241,47821.0,0.8242,98432.0
1753503795204,04:23:15.204,ADA/USDT:USDT,0.824,50364.0,0.8239,50604.0,0.8241,47821.0,0.8242,98407.0
1753503795305,04:23:15.305,ADA/USDT:USDT,0.824,50364.0,0.8239,50629.0,0.8241,47481.0,0.8242,77010.0
1753503795406,04:23:15.406,ADA/USDT:USDT,0.824,41910.0,0.8239,52262.0,0.8241,46863.0,0.8242,77010.0
1753503795508,04:23:15.508,ADA/USDT:USDT,0.824,41911.0,0.8239,52022.0,0.8241,48636.0,0.8242,86670.0
1753503795615,04:23:15.615,ADA/USDT:USDT,0.824,41937.0,0.8239,52591.0,0.8241,48636.0,0.8242,86670.0
1753503795748,04:23:15.748,ADA/USDT:USDT,0.824,41937.0,0.8239,52616.0,0.8241,48636.0,0.8242,88489.0
1753503795864,04:23:15.864,ADA/USDT:USDT,0.824,41937.0,0.8239,52591.0,0.8241,48636.0,0.8242,88514.0
1753503795983,04:23:15.983,ADA/USDT:USDT,0.824,41937.0,0.8239,52591.0,0.8241,48636.0,0.8242,88514.0
1753503796093,04:23:16.093,ADA/USDT:USDT,0.824,52182.0,0.8239,52616.0,0.8241,48636.0,0.8242,78949.0
1753503796204,04:23:16.204,ADA/USDT:USDT,0.824,52182.0,0.8239,58034.0,0.8241,44701.0,0.8242,76497.0
1753503796305,04:23:16.305,ADA/USDT:USDT,0.824,63299.0,0.8239,60440.0,0.8241,9847.0,0.8242,73660.0
1753503796408,04:23:16.408,ADA/USDT:USDT,0.824,63299.0,0.8239,60440.0,0.8241,9847.0,0.8242,73782.0
1753503796509,04:23:16.509,ADA/USDT:USDT,0.824,63443.0,0.8239,60560.0,0.8241,9843.0,0.8242,71963.0
1753503796663,04:23:16.663,ADA/USDT:USDT,0.824,63468.0,0.8239,60560.0,0.8241,9843.0,0.8242,71721.0
1753503797055,04:23:17.055,ADA/USDT:USDT,0.824,63468.0,0.8239,60819.0,0.8241,9852.0,0.8242,71721.0
1753503797156,04:23:17.156,ADA/USDT:USDT,0.824,63468.0,0.8239,60819.0,0.8241,9852.0,0.8242,71721.0
1753503797266,04:23:17.266,ADA/USDT:USDT,0.824,63468.0,0.8239,60819.0,0.8241,9402.0,0.8242,71721.0
1753503797369,04:23:17.369,ADA/USDT:USDT,0.824,63468.0,0.8239,61425.0,0.8241,10061.0,0.8242,71721.0
1753503797497,04:23:17.497,ADA/USDT:USDT,0.824,63917.0,0.8239,61120.0,0.8241,10287.0,0.8242,71721.0
1753503797607,04:23:17.607,ADA/USDT:USDT,0.824,69597.0,0.8239,61908.0,0.8241,10287.0,0.8242,71721.0
1753503797786,04:23:17.786,ADA/USDT:USDT,0.824,69597.0,0.8239,61908.0,0.8241,10287.0,0.8242,71721.0
1753503797902,04:23:17.902,ADA/USDT:USDT,0.824,69597.0,0.8239,65314.0,0.8241,4149.0,0.8242,71721.0
1753503798034,04:23:18.034,ADA/USDT:USDT,0.824,70526.0,0.8239,65434.0,0.8241,4149.0,0.8242,71728.0
1753503798159,04:23:18.159,ADA/USDT:USDT,0.824,70526.0,0.8239,65434.0,0.8241,4085.0,0.8242,71728.0
1753503798263,04:23:18.263,ADA/USDT:USDT,0.824,79828.0,0.8239,63937.0,0.8241,800.0,0.8242,21372.0
1753503798364,04:23:18.364,ADA/USDT:USDT,0.824,82413.0,0.8239,66737.0,0.8241,807.0,0.8242,17256.0
1753503798488,04:23:18.488,ADA/USDT:USDT,0.8241,60876.0,0.824,72619.0,0.8242,28410.0,0.8243,124011.0
1753503798592,04:23:18.592,ADA/USDT:USDT,0.8241,60630.0,0.824,70298.0,0.8242,28472.0,0.8243,124019.0
1753503798693,04:23:18.693,ADA/USDT:USDT,0.8241,59297.0,0.824,67006.0,0.8242,28472.0,0.8243,124019.0
1753503798821,04:23:18.821,ADA/USDT:USDT,0.8241,63260.0,0.824,66658.0,0.8242,12294.0,0.8243,124019.0
1753503798946,04:23:18.946,ADA/USDT:USDT,0.8241,54239.0,0.824,66981.0,0.8242,41165.0,0.8243,124044.0
1753503799050,04:23:19.050,ADA/USDT:USDT,0.8241,54239.0,0.824,66393.0,0.8242,45514.0,0.8243,124044.0
1753503799162,04:23:19.162,ADA/USDT:USDT,0.8241,58550.0,0.824,66393.0,0.8242,25502.0,0.8243,124019.0
1753503799263,04:23:19.263,ADA/USDT:USDT,0.8241,58526.0,0.824,66418.0,0.8242,27034.0,0.8243,124019.0
1753503799366,04:23:19.366,ADA/USDT:USDT,0.8241,62333.0,0.824,66393.0,0.8242,27094.0,0.8243,124044.0
1753503799483,04:23:19.483,ADA/USDT:USDT,0.8241,62312.0,0.824,68668.0,0.8242,27274.0,0.8243,124286.0
1753503799584,04:23:19.584,ADA/USDT:USDT,0.8241,62350.0,0.824,68668.0,0.8242,27274.0,0.8243,124286.0
1753503799686,04:23:19.686,ADA/USDT:USDT,0.8241,60306.0,0.824,72303.0,0.8242,9702.0,0.8243,124019.0
1753503799789,04:23:19.789,ADA/USDT:USDT,0.8241,60306.0,0.824,72303.0,0.8242,9702.0,0.8243,124019.0
1753503799902,04:23:19.902,ADA/USDT:USDT,0.8241,60306.0,0.824,72545.0,0.8242,20464.0,0.8243,124019.0
1753503800005,04:23:20.005,ADA/USDT:USDT,0.8241,52008.0,0.824,69080.0,0.8242,34215.0,0.8243,124019.0
1753503800128,04:23:20.128,ADA/USDT:USDT,0.8241,52008.0,0.824,69080.0,0.8242,34215.0,0.8243,124044.0
1753503800234,04:23:20.234,ADA/USDT:USDT,0.8241,38497.0,0.824,69428.0,0.8242,45320.0,0.8243,123696.0
1753503800335,04:23:20.335,ADA/USDT:USDT,0.8241,38497.0,0.824,69428.0,0.8242,50840.0,0.8243,125538.0
1753503800443,04:23:20.443,ADA/USDT:USDT,0.8241,38509.0,0.824,69428.0,0.8242,41591.0,0.8243,125886.0
1753503800548,04:23:20.548,ADA/USDT:USDT,0.8241,38509.0,0.824,69361.0,0.8242,41591.0,0.8243,126469.0
1753503800664,04:23:20.664,ADA/USDT:USDT,0.8241,38848.0,0.824,69361.0,0.8242,41566.0,0.8243,126227.0
1753503800765,04:23:20.765,ADA/USDT:USDT,0.8241,48095.0,0.824,68796.0,0.8242,33429.0,0.8243,126202.0
1753503800869,04:23:20.869,ADA/USDT:USDT,0.8241,39196.0,0.824,69013.0,0.8242,39494.0,0.8243,125619.0
1753503800995,04:23:20.995,ADA/USDT:USDT,0.8241,39196.0,0.824,68771.0,0.8242,39494.0,0.8243,125619.0
1753503801122,04:23:21.122,ADA/USDT:USDT,0.8241,38848.0,0.824,69361.0,0.8242,50183.0,0.8243,125271.0
1753503801224,04:23:21.224,ADA/USDT:USDT,0.8241,38855.0,0.824,69361.0,0.8242,46434.0,0.8243,125296.0
1753503801378,04:23:21.378,ADA/USDT:USDT,0.8241,38855.0,0.824,69119.0,0.8242,46633.0,0.8243,125296.0
1753503801523,04:23:21.523,ADA/USDT:USDT,0.8241,38855.0,0.824,69119.0,0.8242,46633.0,0.8243,125296.0
1753503801629,04:23:21.629,ADA/USDT:USDT,0.8241,38855.0,0.824,69144.0,0.8242,46633.0,0.8243,125868.0
1753503801734,04:23:21.734,ADA/USDT:USDT,0.8241,44005.0,0.824,68796.0,0.8242,46103.0,0.8243,126216.0
1753503801964,04:23:21.964,ADA/USDT:USDT,0.8241,48102.0,0.824,68796.0,0.8242,46090.0,0.8243,126216.0
1753503802084,04:23:22.084,ADA/USDT:USDT,0.8241,48102.0,0.824,69038.0,0.8242,46090.0,0.8243,126216.0
1753503802211,04:23:22.211,ADA/USDT:USDT,0.8241,48147.0,0.824,68776.0,0.8242,34118.0,0.8243,125861.0
1753503802330,04:23:22.330,ADA/USDT:USDT,0.8241,48147.0,0.824,68776.0,0.8242,34118.0,0.8243,125861.0
1753503802473,04:23:22.473,ADA/USDT:USDT,0.8241,48122.0,0.824,68791.0,0.8242,34309.0,0.8243,125861.0
1753503802583,04:23:22.583,ADA/USDT:USDT,0.8241,48373.0,0.824,69379.0,0.8242,34309.0,0.8243,125861.0
1753503802691,04:23:22.691,ADA/USDT:USDT,0.8241,48274.0,0.824,69379.0,0.8242,33637.0,0.8243,125619.0
1753503802793,04:23:22.793,ADA/USDT:USDT,0.8241,43829.0,0.824,69379.0,0.8242,33637.0,0.8243,125619.0
1753503802900,04:23:22.900,ADA/USDT:USDT,0.8241,39027.0,0.824,73342.0,0.8242,45209.0,0.8243,125538.0
1753503803057,04:23:23.057,ADA/USDT:USDT,0.8241,43713.0,0.824,73342.0,0.8242,40483.0,0.8243,125861.0
1753503803160,04:23:23.160,ADA/USDT:USDT,0.8241,43713.0,0.824,73351.0,0.8242,34127.0,0.8243,125861.0
1753503803263,04:23:23.263,ADA/USDT:USDT,0.8241,43124.0,0.824,73351.0,0.8242,34127.0,0.8243,125861.0
1753503803416,04:23:23.416,ADA/USDT:USDT,0.8241,48158.0,0.824,73003.0,0.8242,34328.0,0.8243,125861.0
1753503803576,04:23:23.576,ADA/USDT:USDT,0.8241,44061.0,0.824,73003.0,0.8242,34352.0,0.8243,126457.0
1753503803683,04:23:23.683,ADA/USDT:USDT,0.8241,39027.0,0.824,73351.0,0.8242,34352.0,0.8243,126482.0
1753503803802,04:23:23.802,ADA/USDT:USDT,0.8241,39027.0,0.824,73351.0,0.8242,34170.0,0.8243,126482.0
1753503803905,04:23:23.905,ADA/USDT:USDT,0.8241,39016.0,0.824,73351.0,0.8242,34170.0,0.8243,126482.0
1753503804071,04:23:24.071,ADA/USDT:USDT,0.8241,39016.0,0.824,73342.0,0.8242,46995.0,0.8243,126134.0
1753503804178,04:23:24.178,ADA/USDT:USDT,0.8241,20727.0,0.824,72754.0,0.8242,46995.0,0.8243,132173.0
1753503804290,04:23:24.290,ADA/USDT:USDT,0.8241,18908.0,0.824,69003.0,0.8242,47076.0,0.8243,132173.0
1753503804396,04:23:24.396,ADA/USDT:USDT,0.8241,18908.0,0.824,69245.0,0.8242,47076.0,0.8243,132173.0
1753503804514,04:23:24.514,ADA/USDT:USDT,0.8241,18908.0,0.824,69245.0,0.8242,46894.0,0.8243,132415.0
1753503804659,04:23:24.659,ADA/USDT:USDT,0.8241,15526.0,0.824,69003.0,0.8242,52318.0,0.8243,132435.0
1753503804779,04:23:24.779,ADA/USDT:USDT,0.8241,15526.0,0.824,69003.0,0.8242,52318.0,0.8243,132555.0
1753503804906,04:23:24.906,ADA/USDT:USDT,0.8241,15526.0,0.824,69003.0,0.8242,52318.0,0.8243,132555.0
1753503805127,04:23:25.127,ADA/USDT:USDT,0.8241,15526.0,0.824,69003.0,0.8242,43349.0,0.8243,132530.0
1753503805280,04:23:25.280,ADA/USDT:USDT,0.8241,15526.0,0.824,69003.0,0.8242,43349.0,0.8243,132530.0
1753503805403,04:23:25.403,ADA/USDT:USDT,0.8241,15526.0,0.824,69003.0,0.8242,43826.0,0.8243,132530.0
1753503805546,04:23:25.546,ADA/USDT:USDT,0.8241,26306.0,0.824,69606.0,0.8242,43826.0,0.8243,132650.0
1753503805704,04:23:25.704,ADA/USDT:USDT,0.8241,26306.0,0.824,69606.0,0.8242,43835.0,0.8243,132650.0
1753503805805,04:23:25.805,ADA/USDT:USDT,0.8241,26306.0,0.824,69631.0,0.8242,42815.0,0.8243,132756.0
1753503805908,04:23:25.908,ADA/USDT:USDT,0.8241,37226.0,0.824,71116.0,0.8242,42815.0,0.8243,126475.0
1753503806010,04:23:26.010,ADA/USDT:USDT,0.8241,43020.0,0.824,71358.0,0.8242,42815.0,0.8243,124279.0
1753503806118,04:23:26.118,ADA/USDT:USDT,0.8241,44839.0,0.824,71358.0,0.8242,42815.0,0.8243,124279.0
1753503806225,04:23:26.225,ADA/USDT:USDT,0.8241,28102.0,0.824,71690.0,0.8242,43371.0,0.8243,124173.0
1753503806334,04:23:26.334,ADA/USDT:USDT,0.8241,38578.0,0.824,71690.0,0.8242,39349.0,0.8243,124521.0
1753503806487,04:23:26.487,ADA/USDT:USDT,0.8241,42943.0,0.824,80882.0,0.8242,39341.0,0.8243,124281.0
1753503806605,04:23:26.605,ADA/USDT:USDT,0.8241,38926.0,0.824,80907.0,0.8242,39341.0,0.8243,124644.0
1753503806805,04:23:26.805,ADA/USDT:USDT,0.8241,38926.0,0.824,80882.0,0.8242,39341.0,0.8243,124911.0
1753503806908,04:23:26.908,ADA/USDT:USDT,0.8241,38926.0,0.824,80882.0,0.8242,39341.0,0.8243,124911.0
1753503807009,04:23:27.009,ADA/USDT:USDT,0.8241,38926.0,0.824,80907.0,0.8242,39341.0,0.8243,124911.0
1753503807127,04:23:27.127,ADA/USDT:USDT,0.8241,38688.0,0.824,80907.0,0.8242,39341.0,0.8243,124886.0
1753503807234,04:23:27.234,ADA/USDT:USDT,0.8241,38772.0,0.824,81255.0,0.8242,39324.0,0.8243,124886.0
1753503807402,04:23:27.402,ADA/USDT:USDT,0.8241,43154.0,0.824,80907.0,0.8242,39324.0,0.8243,124030.0
1753503807504,04:23:27.504,ADA/USDT:USDT,0.8241,43281.0,0.824,80907.0,0.8242,38785.0,0.8243,124039.0
1753503807609,04:23:27.609,ADA/USDT:USDT,0.8241,47769.0,0.824,80907.0,0.8242,38785.0,0.8243,124281.0
1753503807712,04:23:27.712,ADA/USDT:USDT,0.8241,47776.0,0.824,80907.0,0.8242,38785.0,0.8243,124281.0
1753503807939,04:23:27.939,ADA/USDT:USDT,0.8241,38923.0,0.824,81230.0,0.8242,38785.0,0.8243,124306.0
1753503808072,04:23:28.072,ADA/USDT:USDT,0.8241,28447.0,0.824,81221.0,0.8242,47225.0,0.8243,125558.0
1753503808175,04:23:28.175,ADA/USDT:USDT,0.8241,28447.0,0.824,81221.0,0.8242,47225.0,0.8243,126251.0
1753503808283,04:23:28.283,ADA/USDT:USDT,0.8241,28447.0,0.824,81221.0,0.8242,47747.0,0.8243,126251.0
1753503808393,04:23:28.393,ADA/USDT:USDT,0.8241,28447.0,0.824,81230.0,0.8242,43422.0,0.8243,126251.0
1753503808509,04:23:28.509,ADA/USDT:USDT,0.8241,28603.0,0.824,81230.0,0.8242,38959.0,0.8243,126251.0
1753503808611,04:23:28.611,ADA/USDT:USDT,0.8241,28603.0,0.824,81255.0,0.8242,39282.0,0.8243,126835.0
1753503808719,04:23:28.719,ADA/USDT:USDT,0.8241,32555.0,0.824,81013.0,0.8242,38934.0,0.8243,126465.0
1753503808863,04:23:28.863,ADA/USDT:USDT,0.8241,37043.0,0.824,80665.0,0.8242,38934.0,0.8243,126223.0
1753503809005,04:23:29.005,ADA/USDT:USDT,0.8241,37043.0,0.824,80665.0,0.8242,39344.0,0.8243,126465.0
1753503809119,04:23:29.119,ADA/USDT:USDT,0.8241,28603.0,0.824,80988.0,0.8242,39948.0,0.8243,126117.0
1753503809232,04:23:29.232,ADA/USDT:USDT,0.8241,28603.0,0.824,80988.0,0.8242,39973.0,0.8243,125900.0
1753503809338,04:23:29.338,ADA/USDT:USDT,0.8241,28589.0,0.824,80988.0,0.8242,39973.0,0.8243,125900.0
1753503809476,04:23:29.476,ADA/USDT:USDT,0.8241,28596.0,0.824,80988.0,0.8242,39973.0,0.8243,126142.0
1753503809583,04:23:29.583,ADA/USDT:USDT,0.8241,32974.0,0.824,80988.0,0.8242,39600.0,0.8243,126248.0
1753503809689,04:23:29.689,ADA/USDT:USDT,0.8241,28445.0,0.824,80988.0,0.8242,39948.0,0.8243,125900.0
1753503809810,04:23:29.810,ADA/USDT:USDT,0.8241,28445.0,0.824,81221.0,0.8242,48004.0,0.8243,125900.0
1753503809915,04:23:29.915,ADA/USDT:USDT,0.8241,28445.0,0.824,80979.0,0.8242,48029.0,0.8243,125900.0
1753503810063,04:23:30.063,ADA/USDT:USDT,0.8241,17743.0,0.824,80979.0,0.8242,44930.0,0.8243,131500.0
1753503810170,04:23:30.170,ADA/USDT:USDT,0.8241,17829.0,0.824,81014.0,0.8242,48701.0,0.8243,131500.0
1753503810296,04:23:30.296,ADA/USDT:USDT,0.8241,17829.0,0.824,81014.0,0.8242,48701.0,0.8243,131982.0
1753503810409,04:23:30.409,ADA/USDT:USDT,0.8241,17829.0,0.824,81014.0,0.8242,45123.0,0.8243,131982.0
1753503810533,04:23:30.533,ADA/USDT:USDT,0.8241,17829.0,0.824,80411.0,0.8242,50455.0,0.8243,132102.0
1753503810639,04:23:30.639,ADA/USDT:USDT,0.8241,17223.0,0.824,80411.0,0.8242,50455.0,0.8243,132102.0
1753503810743,04:23:30.743,ADA/USDT:USDT,0.8241,17223.0,0.824,80411.0,0.8242,50455.0,0.8243,132102.0
1753503810856,04:23:30.856,ADA/USDT:USDT,0.8241,17223.0,0.824,80411.0,0.8242,50422.0,0.8243,132102.0
1753503811046,04:23:31.046,ADA/USDT:USDT,0.8241,17223.0,0.824,80411.0,0.8242,46651.0,0.8243,132102.0
1753503811196,04:23:31.196,ADA/USDT:USDT,0.8241,17223.0,0.824,80420.0,0.8242,42341.0,0.8243,131835.0
1753503811306,04:23:31.306,ADA/USDT:USDT,0.8241,17223.0,0.824,80445.0,0.8242,42341.0,0.8243,131835.0
1753503811407,04:23:31.407,ADA/USDT:USDT,0.8241,17223.0,0.824,80420.0,0.8242,41433.0,0.8243,132102.0
1753503811514,04:23:31.514,ADA/USDT:USDT,0.8241,30743.0,0.824,80420.0,0.8242,42363.0,0.8243,131957.0
1753503811639,04:23:31.639,ADA/USDT:USDT,0.8241,17400.0,0.824,81014.0,0.8242,42363.0,0.8243,131957.0
1753503811763,04:23:31.763,ADA/USDT:USDT,0.8241,17400.0,0.824,80420.0,0.8242,46087.0,0.8243,131957.0
1753503811885,04:23:31.885,ADA/USDT:USDT,0.8241,17460.0,0.824,80420.0,0.8242,42363.0,0.8243,131715.0
1753503811992,04:23:31.992,ADA/USDT:USDT,0.8241,17460.0,0.824,80662.0,0.8242,42363.0,0.8243,131715.0
1753503812109,04:23:32.109,ADA/USDT:USDT,0.8241,40068.0,0.824,80687.0,0.8242,39782.0,0.8243,124863.0
1753503812227,04:23:32.227,ADA/USDT:USDT,0.8241,28222.0,0.824,80687.0,0.8242,39782.0,0.8243,124495.0
1753503812338,04:23:32.338,ADA/USDT:USDT,0.8241,28222.0,0.824,80687.0,0.8242,39782.0,0.8243,124495.0
1753503812486,04:23:32.486,ADA/USDT:USDT,0.8241,28112.0,0.824,80662.0,0.8242,47082.0,0.8243,126095.0
1753503812615,04:23:32.615,ADA/USDT:USDT,0.8241,28112.0,0.824,81239.0,0.8242,43358.0,0.8243,126095.0
1753503812723,04:23:32.723,ADA/USDT:USDT,0.8241,19134.0,0.824,80653.0,0.8242,51340.0,0.8243,129137.0
1753503812833,04:23:32.833,ADA/USDT:USDT,0.8241,19677.0,0.824,80638.0,0.8242,52012.0,0.8243,129843.0
1753503812961,04:23:32.961,ADA/USDT:USDT,0.8241,19689.0,0.824,80638.0,0.8242,52012.0,0.8243,129843.0
1753503813077,04:23:33.077,ADA/USDT:USDT,0.8241,17553.0,0.824,81152.0,0.8242,43862.0,0.8243,130235.0
1753503813180,04:23:33.180,ADA/USDT:USDT,0.8241,17552.0,0.824,81161.0,0.8242,43862.0,0.8243,130235.0
1753503813333,04:23:33.333,ADA/USDT:USDT,0.8241,17552.0,0.824,81186.0,0.8242,43837.0,0.8243,130502.0
1753503813439,04:23:33.439,ADA/USDT:USDT,0.8241,17552.0,0.824,81186.0,0.8242,43837.0,0.8243,130502.0
1753503813546,04:23:33.546,ADA/USDT:USDT,0.8241,17552.0,0.824,81789.0,0.8242,43861.0,0.8243,130477.0
1753503813699,04:23:33.699,ADA/USDT:USDT,0.8241,17552.0,0.824,81789.0,0.8242,43861.0,0.8243,130477.0
1753503813802,04:23:33.802,ADA/USDT:USDT,0.8241,17552.0,0.824,81764.0,0.8242,43861.0,0.8243,130477.0
1753503813908,04:23:33.908,ADA/USDT:USDT,0.8241,17552.0,0.824,81764.0,0.8242,40657.0,0.8243,130477.0
1753503814013,04:23:34.013,ADA/USDT:USDT,0.8241,17552.0,0.824,81789.0,0.8242,40657.0,0.8243,130477.0
1753503814134,04:23:34.134,ADA/USDT:USDT,0.8241,17552.0,0.824,81789.0,0.8242,40547.0,0.8243,130477.0
1753503814285,04:23:34.285,ADA/USDT:USDT,0.8241,17555.0,0.824,81789.0,0.8242,40547.0,0.8243,130477.0
1753503814402,04:23:34.402,ADA/USDT:USDT,0.8241,17555.0,0.824,81789.0,0.8242,40667.0,0.8243,130502.0
1753503814522,04:23:34.522,ADA/USDT:USDT,0.8241,17566.0,0.824,81789.0,0.8242,40660.0,0.8243,130502.0
1753503814642,04:23:34.642,ADA/USDT:USDT,0.8241,17566.0,0.824,81789.0,0.8242,40660.0,0.8243,130502.0
1753503814757,04:23:34.757,ADA/USDT:USDT,0.8241,17559.0,0.824,81789.0,0.8242,40660.0,0.8243,130260.0
1753503814861,04:23:34.861,ADA/USDT:USDT,0.8241,17559.0,0.824,81547.0,0.8242,40660.0,0.8243,130260.0
1753503814964,04:23:34.964,ADA/USDT:USDT,0.8241,28321.0,0.824,81789.0,0.8242,39988.0,0.8243,130235.0
1753503815098,04:23:35.098,ADA/USDT:USDT,0.8241,32359.0,0.824,69654.0,0.8242,39640.0,0.8243,130583.0
1753503815200,04:23:35.200,ADA/USDT:USDT,0.8241,28332.0,0.824,69654.0,0.8242,39964.0,0.8243,130115.0
1753503815331,04:23:35.331,ADA/USDT:USDT,0.8241,28339.0,0.824,69654.0,0.8242,39964.0,0.8243,130115.0
1753503815472,04:23:35.472,ADA/USDT:USDT,0.8241,29247.0,0.824,69654.0,0.8242,39844.0,0.8243,129995.0
1753503815578,04:23:35.578,ADA/USDT:USDT,0.8241,50325.0,0.824,69654.0,0.8242,39496.0,0.8243,129637.0
1753503815687,04:23:35.687,ADA/USDT:USDT,0.8241,50325.0,0.824,69654.0,0.8242,39496.0,0.8243,129879.0
1753503815800,04:23:35.800,ADA/USDT:USDT,0.8241,29247.0,0.824,69629.0,0.8242,40064.0,0.8243,129556.0
1753503815934,04:23:35.934,ADA/USDT:USDT,0.8241,29071.0,0.824,69629.0,0.8242,43063.0,0.8243,129556.0
1753503816077,04:23:36.077,ADA/USDT:USDT,0.8241,18309.0,0.824,69026.0,0.8242,50653.0,0.8243,130394.0
1753503816302,04:23:36.302,ADA/USDT:USDT,0.8241,18326.0,0.824,69017.0,0.8242,47101.0,0.8243,130394.0
1753503816409,04:23:36.409,ADA/USDT:USDT,0.8241,18326.0,0.824,69026.0,0.8242,43063.0,0.8243,130394.0
1753503816511,04:23:36.511,ADA/USDT:USDT,0.8241,18326.0,0.824,69051.0,0.8242,43086.0,0.8243,130394.0
1753503816625,04:23:36.625,ADA/USDT:USDT,0.8241,18326.0,0.824,69636.0,0.8242,43086.0,0.8243,130394.0
1753503816727,04:23:36.727,ADA/USDT:USDT,0.8241,18326.0,0.824,69122.0,0.8242,43086.0,0.8243,130394.0
1753503816841,04:23:36.841,ADA/USDT:USDT,0.8241,18411.0,0.824,69097.0,0.8242,43086.0,0.8243,130394.0
1753503816959,04:23:36.959,ADA/USDT:USDT,0.8241,35591.0,0.824,69097.0,0.8242,43086.0,0.8243,129641.0
1753503817086,04:23:37.086,ADA/USDT:USDT,0.8241,35964.0,0.824,68749.0,0.8242,40954.0,0.8243,127189.0
1753503817258,04:23:37.258,ADA/USDT:USDT,0.8241,46726.0,0.824,68774.0,0.8242,40954.0,0.8243,127190.0
1753503817361,04:23:37.361,ADA/USDT:USDT,0.8241,46725.0,0.824,68774.0,0.8242,40954.0,0.8243,127070.0
1753503817573,04:23:37.573,ADA/USDT:USDT,0.8241,46725.0,0.824,68774.0,0.8242,32349.0,0.8243,125469.0
1753503817776,04:23:37.776,ADA/USDT:USDT,0.8241,46725.0,0.824,68774.0,0.8242,32349.0,0.8243,125116.0
1753503817909,04:23:37.909,ADA/USDT:USDT,0.8241,46700.0,0.824,68799.0,0.8242,32349.0,0.8243,125116.0
1753503818010,04:23:38.010,ADA/USDT:USDT,0.8241,46700.0,0.824,68799.0,0.8242,32349.0,0.8243,125116.0
1753503818120,04:23:38.120,ADA/USDT:USDT,0.8241,42314.0,0.824,69113.0,0.8242,40620.0,0.8243,125116.0
1753503818276,04:23:38.276,ADA/USDT:USDT,0.8241,31552.0,0.824,69113.0,0.8242,40968.0,0.8243,126730.0
1753503818380,04:23:38.380,ADA/USDT:USDT,0.8241,21724.0,0.824,68528.0,0.8242,41665.0,0.8243,130375.0
1753503818493,04:23:38.493,ADA/USDT:USDT,0.8241,21724.0,0.824,68286.0,0.8242,40729.0,0.8243,130255.0
1753503818598,04:23:38.598,ADA/USDT:USDT,0.8241,21724.0,0.824,68295.0,0.8242,41678.0,0.8243,130255.0
1753503818717,04:23:38.717,ADA/USDT:USDT,0.8241,18337.0,0.824,68295.0,0.8242,41678.0,0.8243,130255.0
1753503818850,04:23:38.850,ADA/USDT:USDT,0.8241,18337.0,0.824,68286.0,0.8242,41678.0,0.8243,130255.0
1753503818983,04:23:38.983,ADA/USDT:USDT,0.8241,18337.0,0.824,68295.0,0.8242,41678.0,0.8243,130255.0
1753503819123,04:23:39.123,ADA/USDT:USDT,0.8241,18337.0,0.824,68295.0,0.8242,33549.0,0.8243,130013.0
1753503819226,04:23:39.226,ADA/USDT:USDT,0.8241,18337.0,0.824,68295.0,0.8242,36733.0,0.8243,130013.0
1753503819328,04:23:39.328,ADA/USDT:USDT,0.8241,18337.0,0.824,68295.0,0.8242,36733.0,0.8243,130013.0
1753503819450,04:23:39.450,ADA/USDT:USDT,0.8241,37122.0,0.824,68320.0,0.8242,36708.0,0.8243,129288.0
1753503819556,04:23:39.556,ADA/USDT:USDT,0.8241,37122.0,0.824,68910.0,0.8242,36273.0,0.8243,129408.0
1753503819659,04:23:39.659,ADA/USDT:USDT,0.8241,37122.0,0.824,68910.0,0.8242,36942.0,0.8243,129408.0
1753503819784,04:23:39.784,ADA/USDT:USDT,0.8241,37122.0,0.824,68910.0,0.8242,36942.0,0.8243,129408.0
1753503819921,04:23:39.921,ADA/USDT:USDT,0.8241,37110.0,0.824,68910.0,0.8242,40433.0,0.8243,129408.0
1753503820041,04:23:40.041,ADA/USDT:USDT,0.8241,26348.0,0.824,68885.0,0.8242,41105.0,0.8243,129408.0
1753503820153,04:23:40.153,ADA/USDT:USDT,0.8241,18325.0,0.824,68286.0,0.8242,47648.0,0.8243,130502.0
1753503820256,04:23:40.256,ADA/USDT:USDT,0.8241,58529.0,0.824,67972.0,0.8242,22852.0,0.8243,126604.0
1753503820357,04:23:40.357,ADA/USDT:USDT,0.8241,58575.0,0.824,97845.0,0.8242,21873.0,0.8243,94785.0
1753503820461,04:23:40.461,ADA/USDT:USDT,0.8241,58575.0,0.824,97845.0,0.8242,11071.0,0.8243,94785.0
1753503820563,04:23:40.563,ADA/USDT:USDT,0.8241,58851.0,0.824,98391.0,0.8242,11071.0,0.8243,94665.0
1753503820683,04:23:40.683,ADA/USDT:USDT,0.8241,58584.0,0.824,98391.0,0.8242,11071.0,0.8243,94674.0
1753503820788,04:23:40.788,ADA/USDT:USDT,0.8241,53496.0,0.824,98633.0,0.8242,32513.0,0.8243,94674.0
1753503820889,04:23:40.889,ADA/USDT:USDT,0.8241,53497.0,0.824,98391.0,0.8242,21812.0,0.8243,94674.0
1753503820996,04:23:40.996,ADA/USDT:USDT,0.8241,53497.0,0.824,98391.0,0.8242,21833.0,0.8243,94674.0
1753503821134,04:23:41.134,ADA/USDT:USDT,0.8241,57282.0,0.824,98391.0,0.8242,21833.0,0.8243,94674.0
1753503821263,04:23:41.263,ADA/USDT:USDT,0.8241,53413.0,0.824,98366.0,0.8242,21833.0,0.8243,94674.0
1753503821415,04:23:41.415,ADA/USDT:USDT,0.8241,57287.0,0.824,98391.0,0.8242,21833.0,0.8243,94674.0
1753503821534,04:23:41.534,ADA/USDT:USDT,0.8241,57287.0,0.824,98391.0,0.8242,21833.0,0.8243,94674.0
1753503821639,04:23:41.639,ADA/USDT:USDT,0.8241,57360.0,0.824,98391.0,0.8242,21833.0,0.8243,94699.0
1753503821762,04:23:41.762,ADA/USDT:USDT,0.8241,53595.0,0.824,98391.0,0.8242,21833.0,0.8243,94916.0
1753503821868,04:23:41.868,ADA/USDT:USDT,0.8241,53595.0,0.824,98391.0,0.8242,21833.0,0.8243,94916.0
1753503822026,04:23:42.026,ADA/USDT:USDT,0.8241,53595.0,0.824,98391.0,0.8242,21833.0,0.8243,94674.0
1753503822144,04:23:42.144,ADA/USDT:USDT,0.8241,53595.0,0.824,98391.0,0.8242,21833.0,0.8243,94699.0
1753503822249,04:23:42.249,ADA/USDT:USDT,0.8241,53597.0,0.824,98608.0,0.8242,21798.0,0.8243,94699.0
1753503822353,04:23:42.353,ADA/USDT:USDT,0.8241,53597.0,0.824,98391.0,0.8242,21797.0,0.8243,94699.0
1753503822460,04:23:42.460,ADA/USDT:USDT,0.8241,57561.0,0.824,104730.0,0.8242,4897.0,0.8243,56685.0
1753503822582,04:23:42.582,ADA/USDT:USDT,0.8242,108846.0,0.8241,111367.0,0.8243,9900.0,0.8244,45979.0
1753503822683,04:23:42.683,ADA/USDT:USDT,0.8243,64076.0,0.8242,133067.0,0.8244,7546.0,0.8245,60530.0
1753503822784,04:23:42.784,ADA/USDT:USDT,0.8243,63254.0,0.8242,121088.0,0.8244,42183.0,0.8245,60574.0
1753503822890,04:23:42.890,ADA/USDT:USDT,0.8243,56478.0,0.8242,121088.0,0.8244,46271.0,0.8245,61420.0
1753503822998,04:23:42.998,ADA/USDT:USDT,0.8243,23167.0,0.8242,83981.0,0.8244,46943.0,0.8245,71002.0
1753503823101,04:23:43.101,ADA/USDT:USDT,0.8243,8105.0,0.8242,60359.0,0.8244,54362.0,0.8245,71636.0
1753503823212,04:23:43.212,ADA/USDT:USDT,0.8243,6308.0,0.8242,62692.0,0.8244,51149.0,0.8245,72236.0
1753503823315,04:23:43.315,ADA/USDT:USDT,0.8243,6308.0,0.8242,62692.0,0.8244,47371.0,0.8245,72236.0
1753503823417,04:23:43.417,ADA/USDT:USDT,0.8243,7496.0,0.8242,54444.0,0.8244,47371.0,0.8245,72236.0
1753503823560,04:23:43.560,ADA/USDT:USDT,0.8243,7639.0,0.8242,54444.0,0.8244,49383.0,0.8245,72942.0
1753503823664,04:23:43.664,ADA/USDT:USDT,0.8243,7639.0,0.8242,54451.0,0.8244,49390.0,0.8245,77462.0
1753503823766,04:23:43.766,ADA/USDT:USDT,0.8243,5820.0,0.8242,56270.0,0.8244,62186.0,0.8245,77583.0
1753503823871,04:23:43.871,ADA/USDT:USDT,0.8243,13777.0,0.8242,54451.0,0.8244,54792.0,0.8245,77462.0
1753503824014,04:23:44.014,ADA/USDT:USDT,0.8243,13777.0,0.8242,54451.0,0.8244,54792.0,0.8245,77462.0
1753503824115,04:23:44.115,ADA/USDT:USDT,0.8243,17838.0,0.8242,54451.0,0.8244,54647.0,0.8245,77317.0
1753503824216,04:23:44.216,ADA/USDT:USDT,0.8243,13770.0,0.8242,54451.0,0.8244,54654.0,0.8245,77196.0
1753503824334,04:23:44.334,ADA/USDT:USDT,0.8243,18334.0,0.8242,54451.0,0.8244,54654.0,0.8245,77196.0
1753503824437,04:23:44.437,ADA/USDT:USDT,0.8243,18334.0,0.8242,54451.0,0.8244,54774.0,0.8245,67656.0
1753503824566,04:23:44.566,ADA/USDT:USDT,0.8243,15874.0,0.8242,54458.0,0.8244,54774.0,0.8245,67536.0
1753503824673,04:23:44.673,ADA/USDT:USDT,0.8243,15874.0,0.8242,54458.0,0.8244,54774.0,0.8245,67536.0
1753503824775,04:23:44.775,ADA/USDT:USDT,0.8243,15874.0,0.8242,54458.0,0.8244,54774.0,0.8245,67536.0
1753503824988,04:23:44.988,ADA/USDT:USDT,0.8243,13667.0,0.8242,54512.0,0.8244,72485.0,0.8245,64112.0
1753503825089,04:23:45.089,ADA/USDT:USDT,0.8243,11827.0,0.8242,53226.0,0.8244,52875.0,0.8245,64498.0
1753503825197,04:23:45.197,ADA/USDT:USDT,0.8243,12179.0,0.8242,53226.0,0.8244,45485.0,0.8245,64473.0
1753503825319,04:23:45.319,ADA/USDT:USDT,0.8243,11841.0,0.8242,56865.0,0.8244,45784.0,0.8245,64498.0
1753503825443,04:23:45.443,ADA/USDT:USDT,0.8243,11841.0,0.8242,56865.0,0.8244,45784.0,0.8245,64498.0
1753503825577,04:23:45.577,ADA/USDT:USDT,0.8243,11841.0,0.8242,56865.0,0.8244,45784.0,0.8245,65752.0
1753503825721,04:23:45.721,ADA/USDT:USDT,0.8243,11951.0,0.8242,56865.0,0.8244,45784.0,0.8245,65727.0
1753503825925,04:23:45.925,ADA/USDT:USDT,0.8243,14808.0,0.8242,56865.0,0.8244,45784.0,0.8245,68527.0
1753503826027,04:23:46.027,ADA/USDT:USDT,0.8243,26819.0,0.8242,56865.0,0.8244,45112.0,0.8245,68527.0
1753503826133,04:23:46.133,ADA/USDT:USDT,0.8243,16223.0,0.8242,56865.0,0.8244,45112.0,0.8245,68406.0
1753503826250,04:23:46.250,ADA/USDT:USDT,0.8243,61322.0,0.8242,56542.0,0.8244,26459.0,0.8245,64655.0
1753503826355,04:23:46.355,ADA/USDT:USDT,0.8243,61322.0,0.8242,56562.0,0.8244,26473.0,0.8245,64295.0
1753503826457,04:23:46.457,ADA/USDT:USDT,0.8243,61322.0,0.8242,58534.0,0.8244,8674.0,0.8245,56202.0
1753503826558,04:23:46.558,ADA/USDT:USDT,0.8243,62161.0,0.8242,86906.0,0.8244,7959.0,0.8245,56082.0
1753503826662,04:23:46.662,ADA/USDT:USDT,0.8243,62161.0,0.8242,95454.0,0.8244,7959.0,0.8245,56324.0
1753503826768,04:23:46.768,ADA/USDT:USDT,0.8243,62161.0,0.8242,95454.0,0.8244,7959.0,0.8245,56324.0
1753503826884,04:23:46.884,ADA/USDT:USDT,0.8243,62186.0,0.8242,95454.0,0.8244,7959.0,0.8245,56324.0
1753503827036,04:23:47.036,ADA/USDT:USDT,0.8243,62161.0,0.8242,95454.0,0.8244,7986.0,0.8245,56324.0
1753503827140,04:23:47.140,ADA/USDT:USDT,0.8243,62161.0,0.8242,95454.0,0.8244,7986.0,0.8245,56324.0
1753503827269,04:23:47.269,ADA/USDT:USDT,0.8243,62161.0,0.8242,94748.0,0.8244,18755.0,0.8245,55670.0
1753503827377,04:23:47.377,ADA/USDT:USDT,0.8243,62161.0,0.8242,94748.0,0.8244,18635.0,0.8245,55670.0
1753503827483,04:23:47.483,ADA/USDT:USDT,0.8243,62161.0,0.8242,94748.0,0.8244,18636.0,0.8245,55550.0
1753503827593,04:23:47.593,ADA/USDT:USDT,0.8243,58100.0,0.8242,95347.0,0.8244,18636.0,0.8245,55308.0
1753503827701,04:23:47.701,ADA/USDT:USDT,0.8243,62087.0,0.8242,95347.0,0.8244,18092.0,0.8245,55308.0
1753503827810,04:23:47.810,ADA/USDT:USDT,0.8243,62087.0,0.8242,96056.0,0.8244,7330.0,0.8245,55550.0
1753503827912,04:23:47.912,ADA/USDT:USDT,0.8243,62087.0,0.8242,96056.0,0.8244,7330.0,0.8245,55550.0
1753503828157,04:23:48.157,ADA/USDT:USDT,0.8243,36295.0,0.8242,58508.0,0.8244,35645.0,0.8245,67658.0
1753503828263,04:23:48.263,ADA/USDT:USDT,0.8243,35393.0,0.8242,58508.0,0.8244,28404.0,0.8245,67900.0
1753503828375,04:23:48.375,ADA/USDT:USDT,0.8243,35393.0,0.8242,58508.0,0.8244,28404.0,0.8245,67900.0
1753503828481,04:23:48.481,ADA/USDT:USDT,0.8243,35393.0,0.8242,58508.0,0.8244,35379.0,0.8245,67925.0
1753503828610,04:23:48.610,ADA/USDT:USDT,0.8243,15131.0,0.8242,58508.0,0.8244,45767.0,0.8245,68266.0
1753503828711,04:23:48.711,ADA/USDT:USDT,0.8243,10238.0,0.8242,56623.0,0.8244,45792.0,0.8245,68386.0
1753503828812,04:23:48.812,ADA/USDT:USDT,0.8243,10238.0,0.8242,54841.0,0.8244,51194.0,0.8245,68386.0
1753503828928,04:23:48.928,ADA/USDT:USDT,0.8243,9975.0,0.8242,54841.0,0.8244,63257.0,0.8245,68506.0
1753503829031,04:23:49.031,ADA/USDT:USDT,0.8243,9975.0,0.8242,54841.0,0.8244,63257.0,0.8245,68626.0
1753503829134,04:23:49.134,ADA/USDT:USDT,0.8243,9904.0,0.8242,54841.0,0.8244,63186.0,0.8245,74346.0
1753503829241,04:23:49.241,ADA/USDT:USDT,0.8242,8478.0,0.8241,87058.0,0.8243,63561.0,0.8244,78700.0
1753503829342,04:23:49.342,ADA/USDT:USDT,0.8242,9795.0,0.8241,86118.0,0.8243,59878.0,0.8244,88874.0
1753503829444,04:23:49.444,ADA/USDT:USDT,0.8242,26487.0,0.8241,87893.0,0.8243,55623.0,0.8244,87707.0
1753503829545,04:23:49.545,ADA/USDT:USDT,0.8242,36784.0,0.8241,88042.0,0.8243,46775.0,0.8244,74067.0
1753503829661,04:23:49.661,ADA/USDT:USDT,0.8242,37132.0,0.8241,88050.0,0.8243,39426.0,0.8244,71267.0
1753503829763,04:23:49.763,ADA/USDT:USDT,0.8242,37132.0,0.8241,88071.0,0.8243,39426.0,0.8244,71147.0
1753503829910,04:23:49.910,ADA/USDT:USDT,0.8242,47365.0,0.8241,89625.0,0.8243,16100.0,0.8244,62001.0
1753503830012,04:23:50.012,ADA/USDT:USDT,0.8242,43320.0,0.8241,90496.0,0.8243,18405.0,0.8244,61397.0
1753503830137,04:23:50.137,ADA/USDT:USDT,0.8242,43320.0,0.8241,90496.0,0.8243,18405.0,0.8244,61397.0
