timestamp,time,symbol,bid1_price,bid1_volume,bid2_price,bid2_volume,ask1_price,ask1_volume,ask2_price,ask2_volume
1753503306281,04:15:06.281,ADA/USDT:USDT,0.8256,49285.0,0.8255,46792.0,0.8257,58005.0,0.8258,69626.0
1753503306389,04:15:06.389,ADA/USDT:USDT,0.8256,49633.0,0.8255,46792.0,0.8257,24844.0,0.8258,69506.0
1753503306513,04:15:06.513,ADA/USDT:USDT,0.8256,40655.0,0.8255,46792.0,0.8257,15998.0,0.8258,77958.0
1753503306614,04:15:06.614,ADA/USDT:USDT,0.8256,50328.0,0.8255,49157.0,0.8257,14210.0,0.8258,77958.0
1753503306724,04:15:06.724,ADA/USDT:USDT,0.8256,39998.0,0.8255,49177.0,0.8257,19577.0,0.8258,77696.0
1753503306830,04:15:06.830,ADA/USDT:USDT,0.8256,39998.0,0.8255,49177.0,0.8257,19603.0,0.8258,77670.0
1753503306946,04:15:06.946,ADA/USDT:USDT,0.8256,39868.0,0.8255,49419.0,0.8257,19603.0,0.8258,77583.0
1753503307079,04:15:07.079,ADA/USDT:USDT,0.8256,39868.0,0.8255,49419.0,0.8257,19864.0,0.8258,77583.0
1753503307191,04:15:07.191,ADA/USDT:USDT,0.8256,44118.0,0.8255,49419.0,0.8257,19864.0,0.8258,77583.0
1753503307326,04:15:07.326,ADA/USDT:USDT,0.8256,39868.0,0.8255,49419.0,0.8257,21083.0,0.8258,77583.0
1753503307488,04:15:07.488,ADA/USDT:USDT,0.8256,39868.0,0.8255,49589.0,0.8257,21350.0,0.8258,77608.0
1753503307602,04:15:07.602,ADA/USDT:USDT,0.8256,39868.0,0.8255,49589.0,0.8257,21469.0,0.8258,78610.0
1753503307708,04:15:07.708,ADA/USDT:USDT,0.8256,28630.0,0.8255,49314.0,0.8257,32471.0,0.8258,78808.0
1753503307825,04:15:07.825,ADA/USDT:USDT,0.8256,28630.0,0.8255,49314.0,0.8257,33644.0,0.8258,78808.0
1753503307938,04:15:07.938,ADA/USDT:USDT,0.8256,28630.0,0.8255,49314.0,0.8257,33644.0,0.8258,78808.0
1753503308044,04:15:08.044,ADA/USDT:USDT,0.8256,28630.0,0.8255,39532.0,0.8257,35315.0,0.8258,78808.0
1753503308355,04:15:08.355,ADA/USDT:USDT,0.8256,30842.0,0.8255,39532.0,0.8257,38032.0,0.8258,82442.0
1753503308475,04:15:08.475,ADA/USDT:USDT,0.8256,30842.0,0.8255,39532.0,0.8257,37663.0,0.8258,82442.0
1753503308577,04:15:08.577,ADA/USDT:USDT,0.8256,30842.0,0.8255,39184.0,0.8257,37663.0,0.8258,83023.0
1753503308692,04:15:08.692,ADA/USDT:USDT,0.8256,30842.0,0.8255,39184.0,0.8257,37671.0,0.8258,84865.0
1753503308809,04:15:08.809,ADA/USDT:USDT,0.8256,30842.0,0.8255,39532.0,0.8257,37696.0,0.8258,84865.0
1753503308913,04:15:08.913,ADA/USDT:USDT,0.8256,30842.0,0.8255,39426.0,0.8257,37708.0,0.8258,84853.0
1753503309036,04:15:09.036,ADA/USDT:USDT,0.8256,35349.0,0.8255,40613.0,0.8257,37683.0,0.8258,84853.0
1753503309156,04:15:09.156,ADA/USDT:USDT,0.8256,35349.0,0.8255,40613.0,0.8257,37683.0,0.8258,84611.0
1753503309276,04:15:09.276,ADA/USDT:USDT,0.8256,14199.0,0.8255,39382.0,0.8257,43963.0,0.8258,93657.0
1753503309385,04:15:09.385,ADA/USDT:USDT,0.8256,13396.0,0.8255,39140.0,0.8257,43979.0,0.8258,94140.0
1753503309634,04:15:09.634,ADA/USDT:USDT,0.8256,19534.0,0.8255,37957.0,0.8257,48364.0,0.8258,103690.0
1753503309749,04:15:09.749,ADA/USDT:USDT,0.8256,13396.0,0.8255,26596.0,0.8257,48727.0,0.8258,103811.0
1753503309852,04:15:09.852,ADA/USDT:USDT,0.8256,19534.0,0.8255,26596.0,0.8257,51833.0,0.8258,103689.0
1753503309992,04:15:09.992,ADA/USDT:USDT,0.8256,13396.0,0.8255,26596.0,0.8257,52115.0,0.8258,103800.0
1753503310110,04:15:10.110,ADA/USDT:USDT,0.8256,19551.0,0.8255,26596.0,0.8257,47840.0,0.8258,103800.0
1753503310214,04:15:10.214,ADA/USDT:USDT,0.8256,13370.0,0.8255,26596.0,0.8257,57718.0,0.8258,103924.0
1753503310328,04:15:10.328,ADA/USDT:USDT,0.8256,19468.0,0.8255,26596.0,0.8257,53493.0,0.8258,103413.0
1753503310431,04:15:10.431,ADA/USDT:USDT,0.8256,19424.0,0.8255,26596.0,0.8257,53475.0,0.8258,103533.0
1753503310545,04:15:10.545,ADA/USDT:USDT,0.8256,19335.0,0.8255,26596.0,0.8257,53803.0,0.8258,103653.0
1753503310654,04:15:10.654,ADA/USDT:USDT,0.8256,19302.0,0.8255,26596.0,0.8257,54070.0,0.8258,103290.0
1753503310779,04:15:10.779,ADA/USDT:USDT,0.8256,19203.0,0.8255,26596.0,0.8257,54050.0,0.8258,103411.0
1753503310892,04:15:10.892,ADA/USDT:USDT,0.8256,19180.0,0.8255,26596.0,0.8257,53808.0,0.8258,103530.0
1753503310994,04:15:10.994,ADA/USDT:USDT,0.8256,19139.0,0.8255,26596.0,0.8257,53783.0,0.8258,103530.0
1753503311117,04:15:11.117,ADA/USDT:USDT,0.8256,19139.0,0.8255,26596.0,0.8257,53849.0,0.8258,104398.0
1753503311223,04:15:11.223,ADA/USDT:USDT,0.8256,19109.0,0.8255,26596.0,0.8257,53849.0,0.8258,104398.0
1753503311326,04:15:11.326,ADA/USDT:USDT,0.8256,19109.0,0.8255,26596.0,0.8257,53849.0,0.8258,104398.0
1753503311433,04:15:11.433,ADA/USDT:USDT,0.8256,23350.0,0.8255,38016.0,0.8257,48601.0,0.8258,103740.0
1753503311538,04:15:11.538,ADA/USDT:USDT,0.8256,23432.0,0.8255,38016.0,0.8257,48431.0,0.8258,103740.0
1753503311642,04:15:11.642,ADA/USDT:USDT,0.8256,23432.0,0.8255,37982.0,0.8257,48596.0,0.8258,103684.0
1753503311769,04:15:11.769,ADA/USDT:USDT,0.8256,23678.0,0.8255,38016.0,0.8257,47554.0,0.8258,103684.0
1753503311876,04:15:11.876,ADA/USDT:USDT,0.8256,23678.0,0.8255,38016.0,0.8257,41926.0,0.8258,103443.0
1753503312004,04:15:12.004,ADA/USDT:USDT,0.8256,23678.0,0.8255,38016.0,0.8257,41926.0,0.8258,103443.0
1753503312110,04:15:12.110,ADA/USDT:USDT,0.8256,23678.0,0.8255,47556.0,0.8257,38726.0,0.8258,103443.0
1753503312218,04:15:12.218,ADA/USDT:USDT,0.8256,23678.0,0.8255,47556.0,0.8257,38959.0,0.8258,103323.0
1753503312334,04:15:12.334,ADA/USDT:USDT,0.8256,19426.0,0.8255,46923.0,0.8257,38977.0,0.8258,103323.0
1753503312441,04:15:12.441,ADA/USDT:USDT,0.8256,35438.0,0.8255,47559.0,0.8257,38977.0,0.8258,100514.0
1753503312553,04:15:12.553,ADA/USDT:USDT,0.8256,35776.0,0.8255,47792.0,0.8257,38688.0,0.8258,100284.0
1753503312656,04:15:12.656,ADA/USDT:USDT,0.8256,35435.0,0.8255,48140.0,0.8257,38687.0,0.8258,100284.0
1753503312821,04:15:12.821,ADA/USDT:USDT,0.8256,31185.0,0.8255,47479.0,0.8257,39057.0,0.8258,100309.0
1753503312940,04:15:12.940,ADA/USDT:USDT,0.8256,31185.0,0.8255,47479.0,0.8257,39057.0,0.8258,100309.0
1753503313047,04:15:13.047,ADA/USDT:USDT,0.8256,31185.0,0.8255,37939.0,0.8257,43579.0,0.8258,100309.0
1753503313150,04:15:13.150,ADA/USDT:USDT,0.8256,31234.0,0.8255,37939.0,0.8257,38979.0,0.8258,100404.0
1753503313264,04:15:13.264,ADA/USDT:USDT,0.8256,20472.0,0.8255,37358.0,0.8257,43676.0,0.8258,100284.0
1753503313387,04:15:13.387,ADA/USDT:USDT,0.8256,20471.0,0.8255,37358.0,0.8257,43697.0,0.8258,100525.0
1753503313556,04:15:13.556,ADA/USDT:USDT,0.8256,20451.0,0.8255,37358.0,0.8257,53339.0,0.8258,103964.0
1753503313658,04:15:13.658,ADA/USDT:USDT,0.8256,20471.0,0.8255,37358.0,0.8257,49417.0,0.8258,103722.0
1753503313772,04:15:13.772,ADA/USDT:USDT,0.8256,31233.0,0.8255,37010.0,0.8257,39223.0,0.8258,103565.0
1753503313877,04:15:13.877,ADA/USDT:USDT,0.8256,35831.0,0.8255,46550.0,0.8257,38919.0,0.8258,103685.0
1753503313998,04:15:13.998,ADA/USDT:USDT,0.8256,35831.0,0.8255,46550.0,0.8257,38919.0,0.8258,103565.0
1753503314110,04:15:14.110,ADA/USDT:USDT,0.8256,31581.0,0.8255,46550.0,0.8257,35418.0,0.8258,103565.0
1753503314217,04:15:14.217,ADA/USDT:USDT,0.8256,31709.0,0.8255,46550.0,0.8257,35462.0,0.8258,103445.0
1753503314334,04:15:14.334,ADA/USDT:USDT,0.8256,32016.0,0.8255,46575.0,0.8257,35410.0,0.8258,103445.0
1753503314468,04:15:14.468,ADA/USDT:USDT,0.8256,36266.0,0.8255,47217.0,0.8257,35138.0,0.8258,103445.0
1753503314605,04:15:14.605,ADA/USDT:USDT,0.8256,37347.0,0.8255,47801.0,0.8257,35796.0,0.8258,103225.0
1753503314793,04:15:14.793,ADA/USDT:USDT,0.8256,37347.0,0.8255,47159.0,0.8257,35930.0,0.8258,103225.0
1753503314902,04:15:14.902,ADA/USDT:USDT,0.8256,33097.0,0.8255,47159.0,0.8257,35930.0,0.8258,103250.0
1753503315009,04:15:15.009,ADA/USDT:USDT,0.8256,33082.0,0.8255,47134.0,0.8257,35930.0,0.8258,103467.0
1753503315114,04:15:15.114,ADA/USDT:USDT,0.8256,33082.0,0.8255,47134.0,0.8257,40180.0,0.8258,103492.0
1753503315226,04:15:15.226,ADA/USDT:USDT,0.8256,32734.0,0.8255,37349.0,0.8257,58190.0,0.8258,103492.0
1753503315341,04:15:15.341,ADA/USDT:USDT,0.8256,33108.0,0.8255,37001.0,0.8257,50968.0,0.8258,103492.0
1753503315463,04:15:15.463,ADA/USDT:USDT,0.8256,33108.0,0.8255,37655.0,0.8257,46718.0,0.8258,103492.0
1753503315568,04:15:15.568,ADA/USDT:USDT,0.8256,37358.0,0.8255,47784.0,0.8257,35830.0,0.8258,103225.0
1753503315674,04:15:15.674,ADA/USDT:USDT,0.8256,37537.0,0.8255,47809.0,0.8257,35623.0,0.8258,103225.0
1753503315805,04:15:15.805,ADA/USDT:USDT,0.8256,33287.0,0.8255,36831.0,0.8257,53842.0,0.8258,108825.0
1753503315909,04:15:15.909,ADA/USDT:USDT,0.8256,22177.0,0.8255,37179.0,0.8257,61457.0,0.8258,109548.0
1753503316012,04:15:16.012,ADA/USDT:USDT,0.8256,22186.0,0.8255,37188.0,0.8257,53887.0,0.8258,109548.0
1753503316121,04:15:16.121,ADA/USDT:USDT,0.8256,32948.0,0.8255,37188.0,0.8257,54159.0,0.8258,109428.0
1753503316223,04:15:16.223,ADA/USDT:USDT,0.8256,32948.0,0.8255,36840.0,0.8257,54134.0,0.8258,106628.0
1753503316330,04:15:16.330,ADA/USDT:USDT,0.8256,34979.0,0.8255,37487.0,0.8257,49870.0,0.8258,106507.0
1753503316433,04:15:16.433,ADA/USDT:USDT,0.8256,35039.0,0.8255,37487.0,0.8257,49870.0,0.8258,106265.0
1753503316553,04:15:16.553,ADA/USDT:USDT,0.8256,35039.0,0.8255,37424.0,0.8257,50221.0,0.8258,106410.0
1753503316658,04:15:16.658,ADA/USDT:USDT,0.8256,35039.0,0.8255,36840.0,0.8257,54471.0,0.8258,106410.0
1753503316761,04:15:16.761,ADA/USDT:USDT,0.8256,35039.0,0.8255,36840.0,0.8257,46994.0,0.8258,106410.0
1753503316889,04:15:16.889,ADA/USDT:USDT,0.8256,35039.0,0.8255,36840.0,0.8257,30094.0,0.8258,103465.0
1753503316990,04:15:16.990,ADA/USDT:USDT,0.8256,47923.0,0.8255,47047.0,0.8257,13078.0,0.8258,60447.0
1753503317091,04:15:17.091,ADA/USDT:USDT,0.8257,70158.0,0.8256,59331.0,0.8258,29124.0,0.8259,127873.0
1753503317193,04:15:17.193,ADA/USDT:USDT,0.8257,65928.0,0.8256,68089.0,0.8258,29144.0,0.8259,138383.0
1753503317296,04:15:17.296,ADA/USDT:USDT,0.8257,66773.0,0.8256,68089.0,0.8258,29155.0,0.8259,138263.0
1753503317402,04:15:17.402,ADA/USDT:USDT,0.8257,66773.0,0.8256,68089.0,0.8258,29155.0,0.8259,138263.0
1753503317503,04:15:17.503,ADA/USDT:USDT,0.8257,57144.0,0.8256,62837.0,0.8258,51106.0,0.8259,138155.0
1753503317607,04:15:17.607,ADA/USDT:USDT,0.8257,57144.0,0.8256,49084.0,0.8258,46856.0,0.8259,139120.0
1753503317709,04:15:17.709,ADA/USDT:USDT,0.8257,57144.0,0.8256,49084.0,0.8258,46856.0,0.8259,139120.0
1753503317948,04:15:17.948,ADA/USDT:USDT,0.8257,57141.0,0.8256,49078.0,0.8258,39850.0,0.8259,138035.0
1753503318055,04:15:18.055,ADA/USDT:USDT,0.8257,57249.0,0.8256,48755.0,0.8258,39850.0,0.8259,138625.0
1753503318158,04:15:18.158,ADA/USDT:USDT,0.8257,57249.0,0.8256,49078.0,0.8258,40287.0,0.8259,138383.0
1753503318261,04:15:18.261,ADA/USDT:USDT,0.8257,57249.0,0.8256,49103.0,0.8258,40287.0,0.8259,138625.0
1753503318363,04:15:18.363,ADA/USDT:USDT,0.8257,57249.0,0.8256,48622.0,0.8258,41446.0,0.8259,138650.0
1753503318464,04:15:18.464,ADA/USDT:USDT,0.8257,57170.0,0.8256,48970.0,0.8258,41446.0,0.8259,138770.0
1753503318566,04:15:18.566,ADA/USDT:USDT,0.8257,57150.0,0.8256,48970.0,0.8258,41336.0,0.8259,138959.0
1753503318668,04:15:18.668,ADA/USDT:USDT,0.8257,56750.0,0.8256,57728.0,0.8258,41366.0,0.8259,138611.0
1753503318801,04:15:18.801,ADA/USDT:USDT,0.8257,56750.0,0.8256,57728.0,0.8258,41366.0,0.8259,138611.0
1753503318918,04:15:18.918,ADA/USDT:USDT,0.8257,56750.0,0.8256,57970.0,0.8258,41366.0,0.8259,138611.0
1753503319020,04:15:19.020,ADA/USDT:USDT,0.8257,56750.0,0.8256,57970.0,0.8258,41366.0,0.8259,138035.0
1753503319131,04:15:19.131,ADA/USDT:USDT,0.8257,66796.0,0.8256,59559.0,0.8258,30604.0,0.8259,138263.0
1753503319252,04:15:19.252,ADA/USDT:USDT,0.8257,66796.0,0.8256,59559.0,0.8258,24436.0,0.8259,131558.0
1753503319356,04:15:19.356,ADA/USDT:USDT,0.8257,57098.0,0.8256,59559.0,0.8258,30597.0,0.8259,131558.0
1753503319463,04:15:19.463,ADA/USDT:USDT,0.8257,28827.0,0.8256,56505.0,0.8258,50704.0,0.8259,131210.0
1753503319566,04:15:19.566,ADA/USDT:USDT,0.8257,28827.0,0.8256,56505.0,0.8258,41610.0,0.8259,133489.0
1753503319668,04:15:19.668,ADA/USDT:USDT,0.8257,28994.0,0.8256,56505.0,0.8258,41580.0,0.8259,132633.0
1753503319771,04:15:19.771,ADA/USDT:USDT,0.8257,33911.0,0.8256,57375.0,0.8258,41580.0,0.8259,133101.0
1753503319874,04:15:19.874,ADA/USDT:USDT,0.8257,38509.0,0.8256,57027.0,0.8258,30818.0,0.8259,132981.0
1753503319976,04:15:19.976,ADA/USDT:USDT,0.8257,38509.0,0.8256,57027.0,0.8258,30818.0,0.8259,132381.0
1753503320168,04:15:20.168,ADA/USDT:USDT,0.8257,33901.0,0.8256,57382.0,0.8258,41580.0,0.8259,132033.0
1753503320315,04:15:20.315,ADA/USDT:USDT,0.8257,33901.0,0.8256,57382.0,0.8258,41580.0,0.8259,132275.0
1753503320416,04:15:20.416,ADA/USDT:USDT,0.8257,34672.0,0.8256,56636.0,0.8258,41578.0,0.8259,132275.0
1753503320532,04:15:20.532,ADA/USDT:USDT,0.8257,34672.0,0.8256,56636.0,0.8258,41578.0,0.8259,132275.0
1753503320644,04:15:20.644,ADA/USDT:USDT,0.8257,34995.0,0.8256,56288.0,0.8258,41578.0,0.8259,133203.0
1753503320755,04:15:20.755,ADA/USDT:USDT,0.8257,35020.0,0.8256,59108.0,0.8258,21811.0,0.8259,132381.0
1753503320857,04:15:20.857,ADA/USDT:USDT,0.8257,34672.0,0.8256,59456.0,0.8258,32593.0,0.8259,132033.0
1753503320986,04:15:20.986,ADA/USDT:USDT,0.8257,40761.0,0.8256,58859.0,0.8258,15693.0,0.8259,118909.0
1753503321091,04:15:21.091,ADA/USDT:USDT,0.8257,55356.0,0.8256,62869.0,0.8258,2439.0,0.8259,117309.0
1753503321196,04:15:21.196,ADA/USDT:USDT,0.8257,38506.0,0.8256,62869.0,0.8258,11157.0,0.8259,116477.0
1753503321304,04:15:21.304,ADA/USDT:USDT,0.8257,52232.0,0.8256,62869.0,0.8258,5009.0,0.8259,116235.0
1753503321406,04:15:21.406,ADA/USDT:USDT,0.8257,42579.0,0.8256,62869.0,0.8258,5281.0,0.8259,116477.0
1753503321521,04:15:21.521,ADA/USDT:USDT,0.8257,44671.0,0.8256,62869.0,0.8258,2681.0,0.8259,116477.0
1753503321624,04:15:21.624,ADA/USDT:USDT,0.8257,38459.0,0.8256,62869.0,0.8258,17048.0,0.8259,116477.0
1753503321834,04:15:21.834,ADA/USDT:USDT,0.8257,48148.0,0.8256,61754.0,0.8258,2409.0,0.8259,116477.0
1753503321953,04:15:21.953,ADA/USDT:USDT,0.8257,43898.0,0.8256,61779.0,0.8258,2452.0,0.8259,116477.0
1753503322083,04:15:22.083,ADA/USDT:USDT,0.8257,45542.0,0.8256,61754.0,0.8258,2724.0,0.8259,116235.0
1753503322214,04:15:22.214,ADA/USDT:USDT,0.8257,45542.0,0.8256,61754.0,0.8258,2417.0,0.8259,116235.0
1753503322318,04:15:22.318,ADA/USDT:USDT,0.8257,35470.0,0.8256,61754.0,0.8258,23194.0,0.8259,117496.0
1753503322426,04:15:22.426,ADA/USDT:USDT,0.8257,35470.0,0.8256,62102.0,0.8258,23211.0,0.8259,117844.0
1753503322530,04:15:22.530,ADA/USDT:USDT,0.8257,35803.0,0.8256,61754.0,0.8258,12565.0,0.8259,118086.0
1753503322655,04:15:22.655,ADA/USDT:USDT,0.8257,35455.0,0.8256,59302.0,0.8258,34025.0,0.8259,117763.0
1753503322781,04:15:22.781,ADA/USDT:USDT,0.8257,35455.0,0.8256,50544.0,0.8258,38282.0,0.8259,72297.0
1753503322884,04:15:22.884,ADA/USDT:USDT,0.8257,35455.0,0.8256,50544.0,0.8258,38282.0,0.8259,87421.0
1753503323002,04:15:23.002,ADA/USDT:USDT,0.8257,35455.0,0.8256,50544.0,0.8258,38282.0,0.8259,87421.0
1753503323108,04:15:23.108,ADA/USDT:USDT,0.8257,35455.0,0.8256,50544.0,0.8258,38282.0,0.8259,87421.0
1753503323213,04:15:23.213,ADA/USDT:USDT,0.8257,35455.0,0.8256,50544.0,0.8258,34032.0,0.8259,87421.0
1753503323321,04:15:23.321,ADA/USDT:USDT,0.8257,35455.0,0.8256,50196.0,0.8258,18710.0,0.8259,87744.0
1753503323437,04:15:23.437,ADA/USDT:USDT,0.8258,31531.0,0.8257,37397.0,0.8259,58633.0,0.826,93797.0
1753503323538,04:15:23.538,ADA/USDT:USDT,0.8258,27492.0,0.8257,37341.0,0.8259,55392.0,0.826,97696.0
1753503323642,04:15:23.642,ADA/USDT:USDT,0.8258,28238.0,0.8257,36595.0,0.8259,55355.0,0.826,98290.0
1753503323744,04:15:23.744,ADA/USDT:USDT,0.8258,27834.0,0.8257,34788.0,0.8259,55785.0,0.826,98290.0
1753503323846,04:15:23.846,ADA/USDT:USDT,0.8258,17072.0,0.8257,34128.0,0.8259,56027.0,0.826,98290.0
1753503323948,04:15:23.948,ADA/USDT:USDT,0.8258,17072.0,0.8257,34128.0,0.8259,56027.0,0.826,98290.0
1753503324051,04:15:24.051,ADA/USDT:USDT,0.8258,16599.0,0.8257,34783.0,0.8259,56027.0,0.826,98290.0
1753503324154,04:15:24.154,ADA/USDT:USDT,0.8258,14388.0,0.8257,33941.0,0.8259,66288.0,0.826,104903.0
1753503324256,04:15:24.256,ADA/USDT:USDT,0.8258,14470.0,0.8257,33941.0,0.8259,68205.0,0.826,105145.0
1753503324357,04:15:24.357,ADA/USDT:USDT,0.8258,14470.0,0.8257,33941.0,0.8259,66528.0,0.826,105145.0
1753503324459,04:15:24.459,ADA/USDT:USDT,0.8258,14450.0,0.8257,33948.0,0.8259,66770.0,0.826,105381.0
1753503324574,04:15:24.574,ADA/USDT:USDT,0.8258,8331.0,0.8257,33948.0,0.8259,68024.0,0.826,115042.0
1753503324677,04:15:24.677,ADA/USDT:USDT,0.8258,25211.0,0.8257,34657.0,0.8259,36339.0,0.826,115017.0
1753503324779,04:15:24.779,ADA/USDT:USDT,0.8258,14469.0,0.8257,34657.0,0.8259,51821.0,0.826,115017.0
1753503325001,04:15:25.001,ADA/USDT:USDT,0.8258,14469.0,0.8257,34657.0,0.8259,52950.0,0.826,115042.0
1753503325102,04:15:25.102,ADA/USDT:USDT,0.8258,14469.0,0.8257,34685.0,0.8259,48249.0,0.826,115138.0
1753503325203,04:15:25.203,ADA/USDT:USDT,0.8258,25231.0,0.8257,34685.0,0.8259,48100.0,0.826,114898.0
1753503325304,04:15:25.304,ADA/USDT:USDT,0.8258,25231.0,0.8257,34685.0,0.8259,47850.0,0.826,114898.0
1753503325441,04:15:25.441,ADA/USDT:USDT,0.8258,25228.0,0.8257,34685.0,0.8259,47719.0,0.826,114898.0
1753503325595,04:15:25.595,ADA/USDT:USDT,0.8258,14466.0,0.8257,34002.0,0.8259,62816.0,0.826,114898.0
1753503325700,04:15:25.700,ADA/USDT:USDT,0.8258,14474.0,0.8257,34002.0,0.8259,62816.0,0.826,114898.0
1753503325815,04:15:25.815,ADA/USDT:USDT,0.8258,14474.0,0.8257,34002.0,0.8259,58808.0,0.826,114656.0
1753503325918,04:15:25.918,ADA/USDT:USDT,0.8258,25236.0,0.8257,34685.0,0.8259,51243.0,0.826,114535.0
1753503326024,04:15:26.024,ADA/USDT:USDT,0.8258,25236.0,0.8257,34685.0,0.8259,51243.0,0.826,114535.0
1753503326156,04:15:26.156,ADA/USDT:USDT,0.8258,25236.0,0.8257,34577.0,0.8259,51243.0,0.826,114535.0
1753503326302,04:15:26.302,ADA/USDT:USDT,0.8258,24463.0,0.8257,34577.0,0.8259,50895.0,0.826,114560.0
1753503326406,04:15:26.406,ADA/USDT:USDT,0.8258,13717.0,0.8257,34554.0,0.8259,50396.0,0.826,114197.0
1753503326507,04:15:26.507,ADA/USDT:USDT,0.8258,7570.0,0.8257,33894.0,0.8259,55371.0,0.826,114801.0
1753503326608,04:15:26.608,ADA/USDT:USDT,0.8258,7550.0,0.8257,33894.0,0.8259,58917.0,0.826,117601.0
1753503326726,04:15:26.726,ADA/USDT:USDT,0.8258,13708.0,0.8257,33894.0,0.8259,58917.0,0.826,117601.0
1753503326839,04:15:26.839,ADA/USDT:USDT,0.8258,7570.0,0.8257,33894.0,0.8259,54642.0,0.826,117601.0
1753503326959,04:15:26.959,ADA/USDT:USDT,0.8258,13708.0,0.8257,33919.0,0.8259,54400.0,0.826,117576.0
1753503327069,04:15:27.069,ADA/USDT:USDT,0.8258,7570.0,0.8257,33894.0,0.8259,58650.0,0.826,117601.0
1753503327182,04:15:27.182,ADA/USDT:USDT,0.8258,7570.0,0.8257,33894.0,0.8259,58650.0,0.826,117601.0
1753503327296,04:15:27.296,ADA/USDT:USDT,0.8258,7878.0,0.8257,33894.0,0.8259,55706.0,0.826,117601.0
1753503327411,04:15:27.411,ADA/USDT:USDT,0.8258,7881.0,0.8257,33894.0,0.8259,55706.0,0.826,117576.0
1753503327517,04:15:27.517,ADA/USDT:USDT,0.8258,7882.0,0.8257,33894.0,0.8259,59956.0,0.826,117696.0
1753503327618,04:15:27.618,ADA/USDT:USDT,0.8258,7882.0,0.8257,33894.0,0.8259,55827.0,0.826,117696.0
1753503327732,04:15:27.732,ADA/USDT:USDT,0.8258,7990.0,0.8257,33894.0,0.8259,61286.0,0.826,117696.0
1753503327878,04:15:27.878,ADA/USDT:USDT,0.8258,8262.0,0.8257,33894.0,0.8259,61311.0,0.826,117696.0
1753503328066,04:15:28.066,ADA/USDT:USDT,0.8258,12181.0,0.8257,33894.0,0.8259,56819.0,0.826,117696.0
1753503328185,04:15:28.185,ADA/USDT:USDT,0.8258,18319.0,0.8257,33919.0,0.8259,57036.0,0.826,117696.0
1753503328289,04:15:28.289,ADA/USDT:USDT,0.8258,12161.0,0.8257,33894.0,0.8259,61286.0,0.826,117696.0
1753503328405,04:15:28.405,ADA/USDT:USDT,0.8258,18319.0,0.8257,33919.0,0.8259,57036.0,0.826,117696.0
1753503328546,04:15:28.546,ADA/USDT:USDT,0.8258,12059.0,0.8257,33894.0,0.8259,61557.0,0.826,117696.0
1753503328647,04:15:28.647,ADA/USDT:USDT,0.8258,18197.0,0.8257,33894.0,0.8259,57307.0,0.826,117696.0
1753503328748,04:15:28.748,ADA/USDT:USDT,0.8258,18197.0,0.8257,33919.0,0.8259,57114.0,0.826,120871.0
1753503328863,04:15:28.863,ADA/USDT:USDT,0.8258,17512.0,0.8257,33894.0,0.8259,57114.0,0.826,120871.0
1753503328973,04:15:28.973,ADA/USDT:USDT,0.8258,11375.0,0.8257,33894.0,0.8259,56921.0,0.826,120871.0
1753503329076,04:15:29.076,ADA/USDT:USDT,0.8258,11375.0,0.8257,33894.0,0.8259,56921.0,0.826,120871.0
1753503329182,04:15:29.182,ADA/USDT:USDT,0.8258,11375.0,0.8257,33894.0,0.8259,56921.0,0.826,120880.0
1753503329310,04:15:29.310,ADA/USDT:USDT,0.8258,17390.0,0.8257,33919.0,0.8259,56249.0,0.826,120880.0
1753503329413,04:15:29.413,ADA/USDT:USDT,0.8258,17390.0,0.8257,34588.0,0.8259,55295.0,0.826,120855.0
1753503329523,04:15:29.523,ADA/USDT:USDT,0.8258,17373.0,0.8257,34588.0,0.8259,49845.0,0.826,120855.0
1753503329642,04:15:29.642,ADA/USDT:USDT,0.8258,17373.0,0.8257,35164.0,0.8259,49845.0,0.826,120880.0
1753503329756,04:15:29.756,ADA/USDT:USDT,0.8258,17388.0,0.8257,35164.0,0.8259,49845.0,0.826,120880.0
1753503329860,04:15:29.860,ADA/USDT:USDT,0.8258,17388.0,0.8257,34495.0,0.8259,55070.0,0.826,120880.0
1753503329965,04:15:29.965,ADA/USDT:USDT,0.8258,17388.0,0.8257,35164.0,0.8259,49796.0,0.826,120880.0
1753503330073,04:15:30.073,ADA/USDT:USDT,0.8258,17388.0,0.8257,35189.0,0.8259,54046.0,0.826,121485.0
1753503330176,04:15:30.176,ADA/USDT:USDT,0.8258,17405.0,0.8257,35192.0,0.8259,49796.0,0.826,121460.0
1753503330286,04:15:30.286,ADA/USDT:USDT,0.8258,28183.0,0.8257,35192.0,0.8259,37304.0,0.826,97028.0
1753503330389,04:15:30.389,ADA/USDT:USDT,0.8258,28183.0,0.8257,35192.0,0.8259,37304.0,0.826,97028.0
1753503330509,04:15:30.509,ADA/USDT:USDT,0.8258,28274.0,0.8257,35192.0,0.8259,36171.0,0.826,96917.0
1753503330644,04:15:30.644,ADA/USDT:USDT,0.8258,28274.0,0.8257,35192.0,0.8259,33026.0,0.826,96917.0
1753503330797,04:15:30.797,ADA/USDT:USDT,0.8258,28274.0,0.8257,35167.0,0.8259,43788.0,0.826,96569.0
1753503330915,04:15:30.915,ADA/USDT:USDT,0.8258,28281.0,0.8257,35167.0,0.8259,33026.0,0.826,90469.0
1753503331016,04:15:31.016,ADA/USDT:USDT,0.8258,28281.0,0.8257,35167.0,0.8259,33026.0,0.826,83754.0
1753503331140,04:15:31.140,ADA/USDT:USDT,0.8258,28281.0,0.8257,34495.0,0.8259,46980.0,0.826,98156.0
1753503331242,04:15:31.242,ADA/USDT:USDT,0.8258,28281.0,0.8257,35170.0,0.8259,49229.0,0.826,98156.0
1753503331359,04:15:31.359,ADA/USDT:USDT,0.8258,28281.0,0.8257,35170.0,0.8259,49229.0,0.826,98181.0
1753503331470,04:15:31.470,ADA/USDT:USDT,0.8258,17519.0,0.8257,34495.0,0.8259,58614.0,0.826,100619.0
1753503331572,04:15:31.572,ADA/USDT:USDT,0.8258,17519.0,0.8257,34495.0,0.8259,53863.0,0.826,101343.0
1753503331675,04:15:31.675,ADA/USDT:USDT,0.8258,17510.0,0.8257,34495.0,0.8259,54162.0,0.826,101465.0
1753503331787,04:15:31.787,ADA/USDT:USDT,0.8258,28272.0,0.8257,35195.0,0.8259,49912.0,0.826,98640.0
1753503331891,04:15:31.891,ADA/USDT:USDT,0.8258,28272.0,0.8257,35195.0,0.8259,49179.0,0.826,98036.0
1753503332003,04:15:32.003,ADA/USDT:USDT,0.8258,28272.0,0.8257,35195.0,0.8259,49269.0,0.826,98036.0
1753503332153,04:15:32.153,ADA/USDT:USDT,0.8258,17510.0,0.8257,34495.0,0.8259,53519.0,0.826,98070.0
1753503332259,04:15:32.259,ADA/USDT:USDT,0.8258,16764.0,0.8257,36292.0,0.8259,49269.0,0.826,98191.0
1753503332414,04:15:32.414,ADA/USDT:USDT,0.8258,27526.0,0.8257,36317.0,0.8259,49269.0,0.826,98036.0
1753503332518,04:15:32.518,ADA/USDT:USDT,0.8258,27526.0,0.8257,36317.0,0.8259,49269.0,0.826,98156.0
1753503332623,04:15:32.623,ADA/USDT:USDT,0.8258,27530.0,0.8257,36317.0,0.8259,49269.0,0.826,98757.0
1753503332757,04:15:32.757,ADA/USDT:USDT,0.8258,27530.0,0.8257,36317.0,0.8259,49269.0,0.826,98748.0
1753503332864,04:15:32.864,ADA/USDT:USDT,0.8258,27530.0,0.8257,36317.0,0.8259,49269.0,0.826,98757.0
1753503333000,04:15:33.000,ADA/USDT:USDT,0.8258,27530.0,0.8257,36292.0,0.8259,49281.0,0.826,98757.0
1753503333102,04:15:33.102,ADA/USDT:USDT,0.8258,27530.0,0.8257,36334.0,0.8259,49281.0,0.826,99269.0
1753503333209,04:15:33.209,ADA/USDT:USDT,0.8258,27579.0,0.8257,36334.0,0.8259,48933.0,0.826,99617.0
1753503333341,04:15:33.341,ADA/USDT:USDT,0.8258,27543.0,0.8257,36334.0,0.8259,48933.0,0.826,99149.0
1753503333463,04:15:33.463,ADA/USDT:USDT,0.8258,27543.0,0.8257,36334.0,0.8259,48933.0,0.826,99149.0
1753503333568,04:15:33.568,ADA/USDT:USDT,0.8258,27543.0,0.8257,36334.0,0.8259,48933.0,0.826,99269.0
1753503333670,04:15:33.670,ADA/USDT:USDT,0.8258,27543.0,0.8257,36335.0,0.8259,48933.0,0.826,99149.0
1753503333784,04:15:33.784,ADA/USDT:USDT,0.8258,27435.0,0.8257,35632.0,0.8259,48933.0,0.826,99497.0
1753503333897,04:15:33.897,ADA/USDT:USDT,0.8258,27435.0,0.8257,35632.0,0.8259,48933.0,0.826,99497.0
1753503334029,04:15:34.029,ADA/USDT:USDT,0.8258,27435.0,0.8257,35632.0,0.8259,49531.0,0.826,99051.0
1753503334170,04:15:34.170,ADA/USDT:USDT,0.8258,27380.0,0.8257,35632.0,0.8259,53781.0,0.826,99051.0
1753503334272,04:15:34.272,ADA/USDT:USDT,0.8258,27458.0,0.8257,35869.0,0.8259,49531.0,0.826,99267.0
1753503334383,04:15:34.383,ADA/USDT:USDT,0.8258,17595.0,0.8257,35632.0,0.8259,49616.0,0.826,99146.0
1753503334506,04:15:34.506,ADA/USDT:USDT,0.8258,17595.0,0.8257,35632.0,0.8259,49586.0,0.826,99267.0
1753503334608,04:15:34.608,ADA/USDT:USDT,0.8258,17595.0,0.8257,35632.0,0.8259,49517.0,0.826,99292.0
1753503334710,04:15:34.710,ADA/USDT:USDT,0.8258,17595.0,0.8257,35632.0,0.8259,49517.0,0.826,99171.0
1753503334827,04:15:34.827,ADA/USDT:USDT,0.8258,17565.0,0.8257,35632.0,0.8259,49759.0,0.826,99171.0
1753503334949,04:15:34.949,ADA/USDT:USDT,0.8258,32678.0,0.8257,35632.0,0.8259,50271.0,0.826,98634.0
1753503335056,04:15:35.056,ADA/USDT:USDT,0.8258,28453.0,0.8257,38084.0,0.8259,37802.0,0.826,80202.0
1753503335192,04:15:35.192,ADA/USDT:USDT,0.8258,28453.0,0.8257,38432.0,0.8259,48564.0,0.826,88261.0
1753503335294,04:15:35.294,ADA/USDT:USDT,0.8258,28427.0,0.8257,38432.0,0.8259,49679.0,0.826,88261.0
1753503335398,04:15:35.398,ADA/USDT:USDT,0.8258,16685.0,0.8257,38432.0,0.8259,54291.0,0.826,97946.0
1753503335506,04:15:35.506,ADA/USDT:USDT,0.8258,16685.0,0.8257,38432.0,0.8259,49933.0,0.826,98308.0
1753503335611,04:15:35.611,ADA/USDT:USDT,0.8258,10547.0,0.8257,35578.0,0.8259,59831.0,0.826,108673.0
1753503335715,04:15:35.715,ADA/USDT:USDT,0.8258,10547.0,0.8257,35578.0,0.8259,60193.0,0.826,109153.0
1753503335817,04:15:35.817,ADA/USDT:USDT,0.8258,10536.0,0.8257,35578.0,0.8259,59951.0,0.826,109153.0
1753503335925,04:15:35.925,ADA/USDT:USDT,0.8258,10536.0,0.8257,35578.0,0.8259,59951.0,0.826,109395.0
1753503336069,04:15:36.069,ADA/USDT:USDT,0.8258,16498.0,0.8257,34977.0,0.8259,63395.0,0.826,109128.0
1753503336184,04:15:36.184,ADA/USDT:USDT,0.8258,16478.0,0.8257,34977.0,0.8259,59145.0,0.826,109153.0
1753503336304,04:15:36.304,ADA/USDT:USDT,0.8258,16478.0,0.8257,34977.0,0.8259,59583.0,0.826,109395.0
1753503336406,04:15:36.406,ADA/USDT:USDT,0.8258,16464.0,0.8257,34977.0,0.8259,59071.0,0.826,109153.0
1753503336509,04:15:36.509,ADA/USDT:USDT,0.8258,16479.0,0.8257,34977.0,0.8259,60944.0,0.826,109395.0
1753503336618,04:15:36.618,ADA/USDT:USDT,0.8258,16479.0,0.8257,34977.0,0.8259,60934.0,0.826,109395.0
1753503336720,04:15:36.720,ADA/USDT:USDT,0.8258,16479.0,0.8257,34977.0,0.8259,60934.0,0.826,109370.0
1753503336863,04:15:36.863,ADA/USDT:USDT,0.8258,16479.0,0.8257,34977.0,0.8259,60934.0,0.826,109370.0
1753503337010,04:15:37.010,ADA/USDT:USDT,0.8258,16549.0,0.8257,34977.0,0.8259,60934.0,0.826,109370.0
1753503337152,04:15:37.152,ADA/USDT:USDT,0.8258,16682.0,0.8257,34977.0,0.8259,60974.0,0.826,109370.0
1753503337314,04:15:37.314,ADA/USDT:USDT,0.8258,16682.0,0.8257,34977.0,0.8259,60854.0,0.826,109370.0
1753503337419,04:15:37.419,ADA/USDT:USDT,0.8258,16728.0,0.8257,35002.0,0.8259,60854.0,0.826,109370.0
1753503337537,04:15:37.537,ADA/USDT:USDT,0.8258,10589.0,0.8257,34977.0,0.8259,65491.0,0.826,109128.0
1753503337642,04:15:37.642,ADA/USDT:USDT,0.8258,16727.0,0.8257,35570.0,0.8259,64846.0,0.826,109128.0
1753503337756,04:15:37.756,ADA/USDT:USDT,0.8258,10589.0,0.8257,35570.0,0.8259,64966.0,0.826,109153.0
1753503337862,04:15:37.862,ADA/USDT:USDT,0.8258,10589.0,0.8257,34780.0,0.8259,76459.0,0.826,112073.0
1753503337966,04:15:37.966,ADA/USDT:USDT,0.8258,10589.0,0.8257,34780.0,0.8259,76726.0,0.826,112073.0
1753503338068,04:15:38.068,ADA/USDT:USDT,0.8258,10569.0,0.8257,34789.0,0.8259,70751.0,0.826,112073.0
1753503338175,04:15:38.175,ADA/USDT:USDT,0.8258,27451.0,0.8257,34789.0,0.8259,66517.0,0.826,109490.0
1753503338282,04:15:38.282,ADA/USDT:USDT,0.8258,27471.0,0.8257,35382.0,0.8259,60509.0,0.826,103361.0
1753503338397,04:15:38.397,ADA/USDT:USDT,0.8258,16738.0,0.8257,34789.0,0.8259,60389.0,0.826,103361.0
1753503338511,04:15:38.511,ADA/USDT:USDT,0.8258,16730.0,0.8257,34789.0,0.8259,64646.0,0.826,103482.0
1753503338617,04:15:38.617,ADA/USDT:USDT,0.8258,16730.0,0.8257,35368.0,0.8259,64766.0,0.826,103482.0
1753503338768,04:15:38.768,ADA/USDT:USDT,0.8258,16730.0,0.8257,35368.0,0.8259,60516.0,0.826,103482.0
1753503338939,04:15:38.939,ADA/USDT:USDT,0.8258,16730.0,0.8257,35368.0,0.8259,60516.0,0.826,100682.0
1753503339048,04:15:39.048,ADA/USDT:USDT,0.8258,16730.0,0.8257,35368.0,0.8259,62029.0,0.826,100682.0
1753503339170,04:15:39.170,ADA/USDT:USDT,0.8258,16730.0,0.8257,35368.0,0.8259,62016.0,0.826,100707.0
1753503339324,04:15:39.324,ADA/USDT:USDT,0.8258,16861.0,0.8257,35393.0,0.8259,61950.0,0.826,100707.0
1753503339436,04:15:39.436,ADA/USDT:USDT,0.8258,16874.0,0.8257,35368.0,0.8259,59700.0,0.826,100682.0
1753503339557,04:15:39.557,ADA/USDT:USDT,0.8258,27643.0,0.8257,35393.0,0.8259,61105.0,0.826,100440.0
1753503339676,04:15:39.676,ADA/USDT:USDT,0.8258,27643.0,0.8257,35393.0,0.8259,60246.0,0.826,100319.0
1753503339792,04:15:39.792,ADA/USDT:USDT,0.8258,27626.0,0.8257,35368.0,0.8259,60275.0,0.826,100465.0
1753503340009,04:15:40.009,ADA/USDT:USDT,0.8258,16864.0,0.8257,35368.0,0.8259,64767.0,0.826,100465.0
1753503340126,04:15:40.126,ADA/USDT:USDT,0.8258,16850.0,0.8257,35447.0,0.8259,61520.0,0.826,100493.0
1753503340271,04:15:40.271,ADA/USDT:USDT,0.8258,16850.0,0.8257,35447.0,0.8259,61280.0,0.826,100493.0
1753503340381,04:15:40.381,ADA/USDT:USDT,0.8258,16850.0,0.8257,35432.0,0.8259,61496.0,0.826,100735.0
1753503340487,04:15:40.487,ADA/USDT:USDT,0.8258,27592.0,0.8257,35457.0,0.8259,57228.0,0.826,100589.0
1753503340609,04:15:40.609,ADA/USDT:USDT,0.8258,16830.0,0.8257,35432.0,0.8259,62188.0,0.826,100589.0
1753503340730,04:15:40.730,ADA/USDT:USDT,0.8258,16830.0,0.8257,35432.0,0.8259,62213.0,0.826,100710.0
1753503340864,04:15:40.864,ADA/USDT:USDT,0.8258,16723.0,0.8257,35432.0,0.8259,62188.0,0.826,100735.0
1753503340976,04:15:40.976,ADA/USDT:USDT,0.8258,16723.0,0.8257,35423.0,0.8259,62213.0,0.826,103293.0
1753503341100,04:15:41.100,ADA/USDT:USDT,0.8258,16723.0,0.8257,35423.0,0.8259,62455.0,0.826,103293.0
1753503341208,04:15:41.208,ADA/USDT:USDT,0.8258,16723.0,0.8257,35423.0,0.8259,64615.0,0.826,103293.0
1753503341309,04:15:41.309,ADA/USDT:USDT,0.8258,16703.0,0.8257,35903.0,0.8259,64615.0,0.826,103293.0
1753503341425,04:15:41.425,ADA/USDT:USDT,0.8258,16722.0,0.8257,35912.0,0.8259,64615.0,0.826,103413.0
1753503341540,04:15:41.540,ADA/USDT:USDT,0.8258,16722.0,0.8257,35912.0,0.8259,64348.0,0.826,103413.0
1753503341642,04:15:41.642,ADA/USDT:USDT,0.8258,16722.0,0.8257,36493.0,0.8259,60098.0,0.826,103413.0
1753503341745,04:15:41.745,ADA/USDT:USDT,0.8258,16722.0,0.8257,36493.0,0.8259,64354.0,0.826,103655.0
1753503341897,04:15:41.897,ADA/USDT:USDT,0.8258,16722.0,0.8257,36493.0,0.8259,64353.0,0.826,103655.0
1753503342004,04:15:42.004,ADA/USDT:USDT,0.8258,16722.0,0.8257,36493.0,0.8259,64595.0,0.826,103467.0
1753503342122,04:15:42.122,ADA/USDT:USDT,0.8258,14025.0,0.8257,32523.0,0.8259,61888.0,0.826,106509.0
1753503342231,04:15:42.231,ADA/USDT:USDT,0.8258,14045.0,0.8257,34468.0,0.8259,61877.0,0.826,106509.0
1753503342362,04:15:42.362,ADA/USDT:USDT,0.8258,13984.0,0.8257,34468.0,0.8259,62119.0,0.826,106267.0
1753503342475,04:15:42.475,ADA/USDT:USDT,0.8258,7846.0,0.8257,34459.0,0.8259,67353.0,0.826,106267.0
1753503342592,04:15:42.592,ADA/USDT:USDT,0.8258,14091.0,0.8257,34468.0,0.8259,57627.0,0.826,106242.0
1753503342740,04:15:42.740,ADA/USDT:USDT,0.8258,17724.0,0.8257,34468.0,0.8259,62119.0,0.826,106242.0
1753503342853,04:15:42.853,ADA/USDT:USDT,0.8258,17724.0,0.8257,34468.0,0.8259,62119.0,0.826,106242.0
1753503342987,04:15:42.987,ADA/USDT:USDT,0.8258,17724.0,0.8257,34468.0,0.8259,60598.0,0.826,109634.0
1753503343093,04:15:43.093,ADA/USDT:USDT,0.8258,17724.0,0.8257,34468.0,0.8259,64848.0,0.826,109392.0
1753503343209,04:15:43.209,ADA/USDT:USDT,0.8258,17724.0,0.8257,34468.0,0.8259,65000.0,0.826,108207.0
1753503343342,04:15:43.342,ADA/USDT:USDT,0.8258,17722.0,0.8257,34468.0,0.8259,65000.0,0.826,108207.0
1753503343445,04:15:43.445,ADA/USDT:USDT,0.8258,11654.0,0.8257,34451.0,0.8259,64975.0,0.826,109537.0
1753503343548,04:15:43.548,ADA/USDT:USDT,0.8258,11654.0,0.8257,34451.0,0.8259,71373.0,0.826,109537.0
1753503343650,04:15:43.650,ADA/USDT:USDT,0.8255,20040.0,0.8254,50927.0,0.8256,93707.0,0.8257,125692.0
1753503343751,04:15:43.751,ADA/USDT:USDT,0.8255,12312.0,0.8254,38413.0,0.8256,62816.0,0.8257,156142.0
1753503343854,04:15:43.854,ADA/USDT:USDT,0.8255,23074.0,0.8254,37901.0,0.8256,56755.0,0.8257,155872.0
1753503343963,04:15:43.963,ADA/USDT:USDT,0.8255,23074.0,0.8254,37910.0,0.8256,51521.0,0.8257,155978.0
1753503344065,04:15:44.065,ADA/USDT:USDT,0.8255,33813.0,0.8254,38503.0,0.8256,49863.0,0.8257,135093.0
1753503344168,04:15:44.168,ADA/USDT:USDT,0.8255,46020.0,0.8254,47425.0,0.8256,14719.0,0.8257,108990.0
1753503344274,04:15:44.274,ADA/USDT:USDT,0.8255,40010.0,0.8254,47425.0,0.8256,17345.0,0.8257,108990.0
1753503344379,04:15:44.379,ADA/USDT:USDT,0.8255,34999.0,0.8254,47425.0,0.8256,15791.0,0.8257,108336.0
1753503344512,04:15:44.512,ADA/USDT:USDT,0.8255,34918.0,0.8254,47425.0,0.8256,6987.0,0.8257,107831.0
1753503344636,04:15:44.636,ADA/USDT:USDT,0.8255,34918.0,0.8254,48013.0,0.8256,11530.0,0.8257,108343.0
1753503344738,04:15:44.738,ADA/USDT:USDT,0.8255,35578.0,0.8254,48013.0,0.8256,5864.0,0.8257,112036.0
1753503344839,04:15:44.839,ADA/USDT:USDT,0.8255,35578.0,0.8254,48013.0,0.8256,5864.0,0.8257,112036.0
1753503344943,04:15:44.943,ADA/USDT:USDT,0.8255,42721.0,0.8254,48013.0,0.8256,5836.0,0.8257,111524.0
1753503345045,04:15:45.045,ADA/USDT:USDT,0.8255,47762.0,0.8254,53249.0,0.8256,5716.0,0.8257,74138.0
1753503345156,04:15:45.156,ADA/USDT:USDT,0.8255,42781.0,0.8254,53249.0,0.8256,5716.0,0.8257,73308.0
1753503345263,04:15:45.263,ADA/USDT:USDT,0.8255,38531.0,0.8254,53249.0,0.8256,6154.0,0.8257,73308.0
1753503345445,04:15:45.445,ADA/USDT:USDT,0.8255,38571.0,0.8254,53394.0,0.8256,7311.0,0.8257,73308.0
1753503345546,04:15:45.546,ADA/USDT:USDT,0.8255,51559.0,0.8254,53514.0,0.8256,7062.0,0.8257,73308.0
1753503345648,04:15:45.648,ADA/USDT:USDT,0.8255,38651.0,0.8254,53729.0,0.8256,7287.0,0.8257,73315.0
1753503345751,04:15:45.751,ADA/USDT:USDT,0.8255,48801.0,0.8254,56769.0,0.8256,7248.0,0.8257,73315.0
1753503345852,04:15:45.852,ADA/USDT:USDT,0.8255,49417.0,0.8254,56769.0,0.8256,7317.0,0.8257,73557.0
1753503345993,04:15:45.993,ADA/USDT:USDT,0.8255,43517.0,0.8254,56769.0,0.8256,7317.0,0.8257,73557.0
1753503346099,04:15:46.099,ADA/USDT:USDT,0.8255,39352.0,0.8254,56794.0,0.8256,7330.0,0.8257,73557.0
1753503346200,04:15:46.200,ADA/USDT:USDT,0.8256,73307.0,0.8255,56235.0,0.8257,19809.0,0.8258,141333.0
1753503346302,04:15:46.302,ADA/USDT:USDT,0.8256,52134.0,0.8255,46812.0,0.8257,23744.0,0.8258,150073.0
1753503346411,04:15:46.411,ADA/USDT:USDT,0.8256,52134.0,0.8255,46873.0,0.8257,22189.0,0.8258,150073.0
1753503346533,04:15:46.533,ADA/USDT:USDT,0.8256,52241.0,0.8255,46873.0,0.8257,25746.0,0.8258,150073.0
1753503346637,04:15:46.637,ADA/USDT:USDT,0.8256,46448.0,0.8255,46933.0,0.8257,25746.0,0.8258,150666.0
1753503346743,04:15:46.743,ADA/USDT:USDT,0.8256,25084.0,0.8255,43521.0,0.8257,43241.0,0.8258,150691.0
1753503346846,04:15:46.846,ADA/USDT:USDT,0.8256,25144.0,0.8255,43521.0,0.8257,38865.0,0.8258,153491.0
1753503346957,04:15:46.957,ADA/USDT:USDT,0.8256,9627.0,0.8255,41993.0,0.8257,46844.0,0.8258,156291.0
1753503347068,04:15:47.068,ADA/USDT:USDT,0.8256,9640.0,0.8255,41823.0,0.8257,46869.0,0.8258,156311.0
1753503347188,04:15:47.188,ADA/USDT:USDT,0.8256,9640.0,0.8255,41823.0,0.8257,46844.0,0.8258,156311.0
1753503347294,04:15:47.294,ADA/USDT:USDT,0.8256,9283.0,0.8255,41823.0,0.8257,47281.0,0.8258,156375.0
1753503347426,04:15:47.426,ADA/USDT:USDT,0.8256,9283.0,0.8255,41823.0,0.8257,43031.0,0.8258,156375.0
1753503347541,04:15:47.541,ADA/USDT:USDT,0.8256,11569.0,0.8255,41703.0,0.8257,49035.0,0.8258,156495.0
1753503347643,04:15:47.643,ADA/USDT:USDT,0.8256,2636.0,0.8255,41710.0,0.8257,60228.0,0.8258,157489.0
1753503347762,04:15:47.762,ADA/USDT:USDT,0.8256,2636.0,0.8255,41710.0,0.8257,60348.0,0.8258,157489.0
1753503347870,04:15:47.870,ADA/USDT:USDT,0.8255,12540.0,0.8254,41268.0,0.8256,112548.0,0.8257,77085.0
1753503347972,04:15:47.972,ADA/USDT:USDT,0.8255,7201.0,0.8254,33845.0,0.8256,109965.0,0.8257,89505.0
1753503348076,04:15:48.076,ADA/USDT:USDT,0.8255,7201.0,0.8254,33845.0,0.8256,114095.0,0.8257,87991.0
1753503348179,04:15:48.179,ADA/USDT:USDT,0.8255,7201.0,0.8254,33845.0,0.8256,109845.0,0.8257,88016.0
1753503348306,04:15:48.306,ADA/USDT:USDT,0.8255,7201.0,0.8254,33845.0,0.8256,104151.0,0.8257,88016.0
1753503348416,04:15:48.416,ADA/USDT:USDT,0.8255,7201.0,0.8254,33845.0,0.8256,109677.0,0.8257,87744.0
1753503348520,04:15:48.520,ADA/USDT:USDT,0.8255,25973.0,0.8254,33854.0,0.8256,97726.0,0.8257,83210.0
1753503348624,04:15:48.624,ADA/USDT:USDT,0.8255,42663.0,0.8254,43467.0,0.8256,3565.0,0.8257,70484.0
1753503348728,04:15:48.728,ADA/USDT:USDT,0.8255,49136.0,0.8254,44677.0,0.8256,299.0,0.8257,57176.0
1753503348857,04:15:48.857,ADA/USDT:USDT,0.8255,49136.0,0.8254,44677.0,0.8256,299.0,0.8257,57425.0
1753503348981,04:15:48.981,ADA/USDT:USDT,0.8256,54845.0,0.8255,50788.0,0.8257,22652.0,0.8258,167816.0
1753503349085,04:15:49.085,ADA/USDT:USDT,0.8256,55213.0,0.8255,49598.0,0.8257,22410.0,0.8258,167574.0
1753503349198,04:15:49.198,ADA/USDT:USDT,0.8256,55213.0,0.8255,49598.0,0.8257,21973.0,0.8258,167574.0
1753503349310,04:15:49.310,ADA/USDT:USDT,0.8256,54865.0,0.8255,44717.0,0.8257,32583.0,0.8258,167574.0
1753503349439,04:15:49.439,ADA/USDT:USDT,0.8256,54865.0,0.8255,44692.0,0.8257,32640.0,0.8258,167574.0
1753503349544,04:15:49.544,ADA/USDT:USDT,0.8256,54865.0,0.8255,44676.0,0.8257,37034.0,0.8258,168067.0
1753503349663,04:15:49.663,ADA/USDT:USDT,0.8256,54865.0,0.8255,44676.0,0.8257,32784.0,0.8258,168309.0
1753503349775,04:15:49.775,ADA/USDT:USDT,0.8256,11407.0,0.8255,44676.0,0.8257,52301.0,0.8258,168067.0
1753503349876,04:15:49.876,ADA/USDT:USDT,0.8255,17856.0,0.8254,42496.0,0.8256,55720.0,0.8257,79639.0
1753503349978,04:15:49.978,ADA/USDT:USDT,0.8255,17927.0,0.8254,33933.0,0.8256,51732.0,0.8257,81909.0
1753503350091,04:15:50.091,ADA/USDT:USDT,0.8255,17927.0,0.8254,34053.0,0.8256,51490.0,0.8257,81909.0
1753503350193,04:15:50.193,ADA/USDT:USDT,0.8255,17927.0,0.8254,34053.0,0.8256,51490.0,0.8257,82588.0
1753503350331,04:15:50.331,ADA/USDT:USDT,0.8255,43008.0,0.8254,34307.0,0.8256,45384.0,0.8257,74008.0
1753503350496,04:15:50.496,ADA/USDT:USDT,0.8255,29204.0,0.8254,34062.0,0.8256,51142.0,0.8257,74244.0
1753503350614,04:15:50.614,ADA/USDT:USDT,0.8255,39522.0,0.8254,34893.0,0.8256,45384.0,0.8257,74797.0
1753503350733,04:15:50.733,ADA/USDT:USDT,0.8255,39522.0,0.8254,34893.0,0.8256,45692.0,0.8257,74797.0
1753503350926,04:15:50.926,ADA/USDT:USDT,0.8255,39522.0,0.8254,36112.0,0.8256,51450.0,0.8257,74804.0
1753503351032,04:15:51.032,ADA/USDT:USDT,0.8255,39522.0,0.8254,36705.0,0.8256,45692.0,0.8257,74804.0
1753503351202,04:15:51.202,ADA/USDT:USDT,0.8255,39522.0,0.8254,36705.0,0.8256,45692.0,0.8257,74367.0
1753503351319,04:15:51.319,ADA/USDT:USDT,0.8255,39174.0,0.8254,36460.0,0.8256,52136.0,0.8257,74125.0
1753503351467,04:15:51.467,ADA/USDT:USDT,0.8255,39423.0,0.8254,36460.0,0.8256,52136.0,0.8257,74125.0
1753503351594,04:15:51.594,ADA/USDT:USDT,0.8255,39755.0,0.8254,36705.0,0.8256,46378.0,0.8257,74125.0
1753503351743,04:15:51.743,ADA/USDT:USDT,0.8255,7818.0,0.8254,34062.0,0.8256,56734.0,0.8257,78037.0
1753503351851,04:15:51.851,ADA/USDT:USDT,0.8255,7818.0,0.8254,34062.0,0.8256,56734.0,0.8257,78037.0
1753503351972,04:15:51.972,ADA/USDT:USDT,0.8255,20801.0,0.8254,34062.0,0.8256,46726.0,0.8257,80210.0
1753503352141,04:15:52.141,ADA/USDT:USDT,0.8255,20801.0,0.8254,34062.0,0.8256,46726.0,0.8257,80210.0
1753503352263,04:15:52.263,ADA/USDT:USDT,0.8255,7818.0,0.8254,34062.0,0.8256,66734.0,0.8257,85264.0
1753503352374,04:15:52.374,ADA/USDT:USDT,0.8255,7895.0,0.8254,34062.0,0.8256,66741.0,0.8257,85264.0
1753503352501,04:15:52.501,ADA/USDT:USDT,0.8255,7895.0,0.8254,33942.0,0.8256,68520.0,0.8257,85384.0
1753503352608,04:15:52.608,ADA/USDT:USDT,0.8255,1779.0,0.8254,33942.0,0.8256,72247.0,0.8257,85864.0
1753503352711,04:15:52.711,ADA/USDT:USDT,0.8255,1794.0,0.8254,33942.0,0.8256,68092.0,0.8257,85864.0
1753503352813,04:15:52.813,ADA/USDT:USDT,0.8255,1814.0,0.8254,33942.0,0.8256,68092.0,0.8257,85864.0
1753503352918,04:15:52.918,ADA/USDT:USDT,0.8255,1822.0,0.8254,33942.0,0.8256,69036.0,0.8257,85864.0
1753503353026,04:15:53.026,ADA/USDT:USDT,0.8255,1822.0,0.8254,34454.0,0.8256,73406.0,0.8257,86376.0
1753503353134,04:15:53.134,ADA/USDT:USDT,0.8254,20110.0,0.8253,44360.0,0.8255,78753.0,0.8256,68505.0
1753503353237,04:15:53.237,ADA/USDT:USDT,0.8254,20110.0,0.8253,46860.0,0.8255,68776.0,0.8256,57498.0
1753503353354,04:15:53.354,ADA/USDT:USDT,0.8254,20118.0,0.8253,46860.0,0.8255,69053.0,0.8256,53991.0
1753503353486,04:15:53.486,ADA/USDT:USDT,0.8254,3218.0,0.8253,41309.0,0.8255,69053.0,0.8256,53991.0
1753503353587,04:15:53.587,ADA/USDT:USDT,0.8254,7254.0,0.8253,39416.0,0.8255,92660.0,0.8256,59841.0
1753503353689,04:15:53.689,ADA/USDT:USDT,0.8253,30678.0,0.8252,30359.0,0.8254,64074.0,0.8255,57847.0
1753503353790,04:15:53.790,ADA/USDT:USDT,0.8253,8820.0,0.8252,29995.0,0.8254,81694.0,0.8255,59558.0
1753503353893,04:15:53.893,ADA/USDT:USDT,0.8253,8820.0,0.8252,29995.0,0.8254,83647.0,0.8255,65360.0
1753503354080,04:15:54.080,ADA/USDT:USDT,0.8253,2662.0,0.8252,29483.0,0.8254,83647.0,0.8255,65367.0
1753503354187,04:15:54.187,ADA/USDT:USDT,0.8253,8791.0,0.8252,29483.0,0.8254,82756.0,0.8255,77598.0
1753503354289,04:15:54.289,ADA/USDT:USDT,0.8253,8811.0,0.8252,29483.0,0.8254,80047.0,0.8255,77758.0
1753503354402,04:15:54.402,ADA/USDT:USDT,0.8253,8811.0,0.8252,29483.0,0.8254,80047.0,0.8255,77767.0
1753503354504,04:15:54.504,ADA/USDT:USDT,0.8253,8811.0,0.8252,29483.0,0.8254,77082.0,0.8255,77767.0
1753503354618,04:15:54.618,ADA/USDT:USDT,0.8253,8811.0,0.8252,29483.0,0.8254,69087.0,0.8255,78343.0
1753503354720,04:15:54.720,ADA/USDT:USDT,0.8253,8811.0,0.8252,29483.0,0.8254,75354.0,0.8255,87371.0
1753503354821,04:15:54.821,ADA/USDT:USDT,0.8253,2673.0,0.8252,29483.0,0.8254,79604.0,0.8255,87838.0
1753503354948,04:15:54.948,ADA/USDT:USDT,0.8253,8811.0,0.8252,29483.0,0.8254,75354.0,0.8255,88619.0
1753503355065,04:15:55.065,ADA/USDT:USDT,0.8253,8811.0,0.8252,29483.0,0.8254,69352.0,0.8255,88619.0
1753503355168,04:15:55.168,ADA/USDT:USDT,0.8253,8791.0,0.8252,29483.0,0.8254,69311.0,0.8255,88644.0
1753503355271,04:15:55.271,ADA/USDT:USDT,0.8253,19573.0,0.8252,29483.0,0.8254,64730.0,0.8255,88062.0
1753503355377,04:15:55.377,ADA/USDT:USDT,0.8253,19573.0,0.8252,29483.0,0.8254,63763.0,0.8255,88062.0
1753503355485,04:15:55.485,ADA/USDT:USDT,0.8253,19573.0,0.8252,29483.0,0.8254,63763.0,0.8255,88062.0
1753503355605,04:15:55.605,ADA/USDT:USDT,0.8253,5056.0,0.8252,29483.0,0.8254,75735.0,0.8255,93528.0
1753503355717,04:15:55.717,ADA/USDT:USDT,0.8253,5056.0,0.8252,29483.0,0.8254,75855.0,0.8255,93648.0
1753503355818,04:15:55.818,ADA/USDT:USDT,0.8253,34819.0,0.8252,29135.0,0.8254,55941.0,0.8255,93892.0
1753503355925,04:15:55.925,ADA/USDT:USDT,0.8253,30241.0,0.8252,29483.0,0.8254,54187.0,0.8255,93892.0
1753503356052,04:15:56.052,ADA/USDT:USDT,0.8252,29779.0,0.8251,51537.0,0.8253,44870.0,0.8254,54517.0
1753503356154,04:15:56.154,ADA/USDT:USDT,0.8252,27053.0,0.8251,46551.0,0.8253,42330.0,0.8254,64767.0
1753503356257,04:15:56.257,ADA/USDT:USDT,0.8252,6624.0,0.8251,43888.0,0.8253,55611.0,0.8254,70216.0
1753503356358,04:15:56.358,ADA/USDT:USDT,0.8252,6618.0,0.8251,43888.0,0.8253,52044.0,0.8254,74574.0
1753503356467,04:15:56.467,ADA/USDT:USDT,0.8252,460.0,0.8251,43888.0,0.8253,57573.0,0.8254,78526.0
1753503356573,04:15:56.573,ADA/USDT:USDT,0.8251,7508.0,0.825,68332.0,0.8252,98661.0,0.8253,61466.0
1753503356675,04:15:56.675,ADA/USDT:USDT,0.8251,18270.0,0.825,68113.0,0.8252,74800.0,0.8253,61466.0
1753503356779,04:15:56.779,ADA/USDT:USDT,0.8251,18290.0,0.825,68113.0,0.8252,65230.0,0.8253,61346.0
1753503356910,04:15:56.910,ADA/USDT:USDT,0.8251,18290.0,0.825,68113.0,0.8252,65230.0,0.8253,61353.0
1753503357025,04:15:57.025,ADA/USDT:USDT,0.8251,18290.0,0.825,68113.0,0.8252,65230.0,0.8253,61360.0
1753503357127,04:15:57.127,ADA/USDT:USDT,0.8251,18290.0,0.825,68113.0,0.8252,58998.0,0.8253,67541.0
1753503357239,04:15:57.239,ADA/USDT:USDT,0.8251,18290.0,0.825,68113.0,0.8252,58973.0,0.8253,67566.0
1753503357397,04:15:57.397,ADA/USDT:USDT,0.8251,7528.0,0.825,68113.0,0.8252,63660.0,0.8253,68159.0
1753503357502,04:15:57.502,ADA/USDT:USDT,0.8251,7528.0,0.825,68113.0,0.8252,60569.0,0.8253,67009.0
1753503357613,04:15:57.613,ADA/USDT:USDT,0.825,26129.0,0.8249,51591.0,0.8251,62846.0,0.8252,69425.0
1753503357714,04:15:57.714,ADA/USDT:USDT,0.825,24764.0,0.8249,34270.0,0.8251,67753.0,0.8252,70822.0
1753503357819,04:15:57.819,ADA/USDT:USDT,0.825,20867.0,0.8249,36079.0,0.8251,63503.0,0.8252,71417.0
1753503357935,04:15:57.935,ADA/USDT:USDT,0.825,10105.0,0.8249,36087.0,0.8251,63503.0,0.8252,71417.0
1753503358047,04:15:58.047,ADA/USDT:USDT,0.825,9403.0,0.8249,36087.0,0.8251,63503.0,0.8252,74281.0
1753503358150,04:15:58.150,ADA/USDT:USDT,0.825,9423.0,0.8249,36087.0,0.8251,69001.0,0.8252,83821.0
1753503358267,04:15:58.267,ADA/USDT:USDT,0.825,9423.0,0.8249,36087.0,0.8251,69005.0,0.8252,91640.0
1753503358371,04:15:58.371,ADA/USDT:USDT,0.825,9423.0,0.8249,36087.0,0.8251,74108.0,0.8252,91637.0
1753503358496,04:15:58.496,ADA/USDT:USDT,0.825,3285.0,0.8249,35967.0,0.8251,77021.0,0.8252,90598.0
1753503358626,04:15:58.626,ADA/USDT:USDT,0.825,3285.0,0.8249,35967.0,0.8251,80217.0,0.8252,91427.0
1753503358728,04:15:58.728,ADA/USDT:USDT,0.825,3270.0,0.8249,25077.0,0.8251,81852.0,0.8252,91427.0
1753503358832,04:15:58.832,ADA/USDT:USDT,0.825,9388.0,0.8249,25077.0,0.8251,85452.0,0.8252,107954.0
1753503358949,04:15:58.949,ADA/USDT:USDT,0.825,9408.0,0.8249,25077.0,0.8251,71410.0,0.8252,107954.0
1753503359056,04:15:59.056,ADA/USDT:USDT,0.825,9408.0,0.8249,25077.0,0.8251,71410.0,0.8252,107954.0
1753503359159,04:15:59.159,ADA/USDT:USDT,0.825,9408.0,0.8249,25077.0,0.8251,71408.0,0.8252,110754.0
1753503359270,04:15:59.270,ADA/USDT:USDT,0.825,9408.0,0.8249,25077.0,0.8251,71408.0,0.8252,110754.0
1753503359409,04:15:59.409,ADA/USDT:USDT,0.825,9408.0,0.8249,25077.0,0.8251,72633.0,0.8252,110754.0
1753503359516,04:15:59.516,ADA/USDT:USDT,0.825,3250.0,0.8249,25077.0,0.8251,72633.0,0.8252,110754.0
1753503359617,04:15:59.617,ADA/USDT:USDT,0.825,9388.0,0.8249,25077.0,0.8251,74558.0,0.8252,110754.0
1753503359726,04:15:59.726,ADA/USDT:USDT,0.825,9408.0,0.8249,25077.0,0.8251,74558.0,0.8252,114511.0
1753503359842,04:15:59.842,ADA/USDT:USDT,0.825,9408.0,0.8249,25077.0,0.8251,74510.0,0.8252,114511.0
1753503359965,04:15:59.965,ADA/USDT:USDT,0.825,39976.0,0.8249,28979.0,0.8251,59838.0,0.8252,94992.0
1753503360069,04:16:00.069,ADA/USDT:USDT,0.825,37801.0,0.8249,35108.0,0.8251,27325.0,0.8252,81833.0
1753503360174,04:16:00.174,ADA/USDT:USDT,0.825,33551.0,0.8249,35133.0,0.8251,27336.0,0.8252,76963.0
1753503360300,04:16:00.300,ADA/USDT:USDT,0.825,33551.0,0.8249,24729.0,0.8251,33441.0,0.8252,83334.0
1753503360403,04:16:00.403,ADA/USDT:USDT,0.825,33551.0,0.8249,24729.0,0.8251,33516.0,0.8252,83334.0
1753503360557,04:16:00.557,ADA/USDT:USDT,0.825,33551.0,0.8249,25311.0,0.8251,27378.0,0.8252,83569.0
1753503360668,04:16:00.668,ADA/USDT:USDT,0.825,33551.0,0.8249,25311.0,0.8251,27378.0,0.8252,83569.0
1753503360770,04:16:00.770,ADA/USDT:USDT,0.825,20170.0,0.8249,25077.0,0.8251,43524.0,0.8252,91018.0
1753503360873,04:16:00.873,ADA/USDT:USDT,0.825,9408.0,0.8249,25077.0,0.8251,49678.0,0.8252,122195.0
1753503360995,04:16:00.995,ADA/USDT:USDT,0.825,11041.0,0.8249,25077.0,0.8251,49678.0,0.8252,122557.0
1753503361100,04:16:01.100,ADA/USDT:USDT,0.825,11041.0,0.8249,25077.0,0.8251,58000.0,0.8252,129855.0
1753503361201,04:16:01.201,ADA/USDT:USDT,0.8249,30308.0,0.8248,32311.0,0.825,86872.0,0.8251,102665.0
1753503361302,04:16:01.302,ADA/USDT:USDT,0.8249,6219.0,0.8248,31971.0,0.825,93634.0,0.8251,125271.0
1753503361404,04:16:01.404,ADA/USDT:USDT,0.8249,6229.0,0.8248,31971.0,0.825,94291.0,0.8251,115626.0
1753503361507,04:16:01.507,ADA/USDT:USDT,0.8249,6229.0,0.8248,31971.0,0.825,96074.0,0.8251,115746.0
1753503361611,04:16:01.611,ADA/USDT:USDT,0.8248,40244.0,0.8247,42840.0,0.8249,55686.0,0.825,120413.0
1753503361712,04:16:01.712,ADA/USDT:USDT,0.8248,39896.0,0.8247,33365.0,0.8249,50597.0,0.825,99338.0
1753503361814,04:16:01.814,ADA/USDT:USDT,0.8248,39896.0,0.8247,33365.0,0.8249,50357.0,0.825,97823.0
1753503361967,04:16:01.967,ADA/USDT:USDT,0.8248,39896.0,0.8247,33025.0,0.8249,49858.0,0.825,97823.0
1753503362071,04:16:02.071,ADA/USDT:USDT,0.8248,40244.0,0.8247,62170.0,0.8249,12202.0,0.825,82858.0
1753503362183,04:16:02.183,ADA/USDT:USDT,0.8249,46026.0,0.8248,52014.0,0.825,51686.0,0.8251,67600.0
1753503362284,04:16:02.284,ADA/USDT:USDT,0.8249,46395.0,0.8248,50802.0,0.825,33679.0,0.8251,64371.0
1753503362385,04:16:02.385,ADA/USDT:USDT,0.8249,46428.0,0.8248,50802.0,0.825,33595.0,0.8251,64349.0
1753503362486,04:16:02.486,ADA/USDT:USDT,0.8249,46428.0,0.8248,50802.0,0.825,33643.0,0.8251,63190.0
1753503362589,04:16:02.589,ADA/USDT:USDT,0.8249,46428.0,0.8248,51385.0,0.825,33643.0,0.8251,63792.0
1753503362703,04:16:02.703,ADA/USDT:USDT,0.8249,46428.0,0.8248,51385.0,0.825,33903.0,0.8251,63792.0
1753503362823,04:16:02.823,ADA/USDT:USDT,0.8249,46428.0,0.8248,51385.0,0.825,33843.0,0.8251,63550.0
1753503362941,04:16:02.941,ADA/USDT:USDT,0.8249,46080.0,0.8248,51733.0,0.825,48822.0,0.8251,66002.0
1753503363055,04:16:03.055,ADA/USDT:USDT,0.8249,46080.0,0.8248,51733.0,0.825,49412.0,0.8251,66002.0
1753503363158,04:16:03.158,ADA/USDT:USDT,0.8249,46080.0,0.8248,47417.0,0.825,44920.0,0.8251,66002.0
1753503363261,04:16:03.261,ADA/USDT:USDT,0.8249,46080.0,0.8248,47417.0,0.825,45009.0,0.8251,66617.0
1753503363390,04:16:03.390,ADA/USDT:USDT,0.8249,46080.0,0.8248,47417.0,0.825,46527.0,0.8251,66001.0
1753503363491,04:16:03.491,ADA/USDT:USDT,0.8249,46047.0,0.8248,47417.0,0.825,51997.0,0.8251,66700.0
1753503363594,04:16:03.594,ADA/USDT:USDT,0.8249,23786.0,0.8248,46834.0,0.825,52304.0,0.8251,71930.0
1753503363706,04:16:03.706,ADA/USDT:USDT,0.8249,6983.0,0.8248,46834.0,0.825,58722.0,0.8251,75444.0
1753503363818,04:16:03.818,ADA/USDT:USDT,0.8248,46282.0,0.8247,33170.0,0.8249,36371.0,0.825,72051.0
1753503363921,04:16:03.921,ADA/USDT:USDT,0.8248,46630.0,0.8247,32830.0,0.8249,32035.0,0.825,69490.0
1753503364027,04:16:04.027,ADA/USDT:USDT,0.8248,46630.0,0.8247,32830.0,0.8249,32010.0,0.825,69370.0
1753503364152,04:16:04.152,ADA/USDT:USDT,0.8248,46630.0,0.8247,32830.0,0.8249,32010.0,0.825,69370.0
1753503364263,04:16:04.263,ADA/USDT:USDT,0.8248,46630.0,0.8247,32830.0,0.8249,32085.0,0.825,69110.0
1753503364368,04:16:04.368,ADA/USDT:USDT,0.8248,41075.0,0.8247,33025.0,0.8249,33637.0,0.825,77278.0
1753503364470,04:16:04.470,ADA/USDT:USDT,0.8248,41075.0,0.8247,29388.0,0.8249,33637.0,0.825,77854.0
1753503364573,04:16:04.573,ADA/USDT:USDT,0.8248,40836.0,0.8247,29992.0,0.8249,33612.0,0.825,77862.0
1753503364751,04:16:04.751,ADA/USDT:USDT,0.8248,41184.0,0.8247,29992.0,0.8249,33872.0,0.825,68322.0
1753503364867,04:16:04.867,ADA/USDT:USDT,0.8248,41184.0,0.8247,29992.0,0.8249,33872.0,0.825,68322.0
1753503364969,04:16:04.969,ADA/USDT:USDT,0.8248,41184.0,0.8247,29992.0,0.8249,33872.0,0.825,68322.0
1753503365073,04:16:05.073,ADA/USDT:USDT,0.8248,41184.0,0.8247,29992.0,0.8249,33872.0,0.825,68322.0
1753503365183,04:16:05.183,ADA/USDT:USDT,0.8248,41184.0,0.8247,29992.0,0.8249,35127.0,0.825,77869.0
1753503365292,04:16:05.292,ADA/USDT:USDT,0.8248,41289.0,0.8247,29992.0,0.8249,35127.0,0.825,77384.0
1753503365394,04:16:05.394,ADA/USDT:USDT,0.8248,41289.0,0.8247,29992.0,0.8249,35512.0,0.825,76869.0
1753503365498,04:16:05.498,ADA/USDT:USDT,0.8248,41289.0,0.8247,29992.0,0.8249,37247.0,0.825,75649.0
1753503365609,04:16:05.609,ADA/USDT:USDT,0.8248,40941.0,0.8247,30340.0,0.8249,37474.0,0.825,75423.0
1753503365726,04:16:05.726,ADA/USDT:USDT,0.8248,40941.0,0.8247,30340.0,0.8249,37474.0,0.825,75423.0
1753503365855,04:16:05.855,ADA/USDT:USDT,0.8248,40941.0,0.8247,30340.0,0.8249,37474.0,0.825,75156.0
1753503365959,04:16:05.959,ADA/USDT:USDT,0.8249,75611.0,0.8248,52030.0,0.825,36127.0,0.8251,68765.0
1753503366062,04:16:06.062,ADA/USDT:USDT,0.8249,71034.0,0.8248,52043.0,0.825,33840.0,0.8251,68773.0
1753503366163,04:16:06.163,ADA/USDT:USDT,0.8249,37186.0,0.8248,46855.0,0.825,45686.0,0.8251,88727.0
1753503366268,04:16:06.268,ADA/USDT:USDT,0.8249,37186.0,0.8248,46855.0,0.825,45686.0,0.8251,88727.0
1753503366374,04:16:06.374,ADA/USDT:USDT,0.8249,26530.0,0.8248,46750.0,0.825,45928.0,0.8251,89061.0
1753503366477,04:16:06.477,ADA/USDT:USDT,0.8249,23756.0,0.8248,46750.0,0.825,55823.0,0.8251,89891.0
1753503366593,04:16:06.593,ADA/USDT:USDT,0.8249,23756.0,0.8248,46750.0,0.825,55823.0,0.8251,90489.0
1753503366741,04:16:06.741,ADA/USDT:USDT,0.8249,23756.0,0.8248,46750.0,0.825,49405.0,0.8251,90851.0
1753503366857,04:16:06.857,ADA/USDT:USDT,0.8249,22918.0,0.8248,46750.0,0.825,49384.0,0.8251,90643.0
1753503367088,04:16:07.088,ADA/USDT:USDT,0.8249,23099.0,0.8248,46750.0,0.825,64874.0,0.8251,99681.0
1753503367195,04:16:07.195,ADA/USDT:USDT,0.8249,23099.0,0.8248,46750.0,0.825,58426.0,0.8251,99681.0
1753503367300,04:16:07.300,ADA/USDT:USDT,0.8249,6462.0,0.8248,46750.0,0.825,64175.0,0.8251,99801.0
1753503367402,04:16:07.402,ADA/USDT:USDT,0.8249,6476.0,0.8248,46750.0,0.825,62335.0,0.8251,100043.0
1753503367511,04:16:07.511,ADA/USDT:USDT,0.8249,5944.0,0.8248,46750.0,0.825,59725.0,0.8251,100041.0
1753503367614,04:16:07.614,ADA/USDT:USDT,0.8249,5944.0,0.8248,46750.0,0.825,66578.0,0.8251,100161.0
1753503367716,04:16:07.716,ADA/USDT:USDT,0.8249,37682.0,0.8248,46750.0,0.825,52273.0,0.8251,99440.0
1753503367817,04:16:07.817,ADA/USDT:USDT,0.8249,37703.0,0.8248,46750.0,0.825,52273.0,0.8251,103197.0
1753503367919,04:16:07.919,ADA/USDT:USDT,0.8249,37703.0,0.8248,46750.0,0.825,52273.0,0.8251,102837.0
1753503368022,04:16:08.022,ADA/USDT:USDT,0.8249,40998.0,0.8248,46750.0,0.825,52515.0,0.8251,102837.0
1753503368124,04:16:08.124,ADA/USDT:USDT,0.8249,40998.0,0.8248,46750.0,0.825,52273.0,0.8251,101237.0
1753503368226,04:16:08.226,ADA/USDT:USDT,0.8249,9239.0,0.8248,46750.0,0.825,56523.0,0.8251,103537.0
1753503368327,04:16:08.327,ADA/USDT:USDT,0.8249,9239.0,0.8248,46750.0,0.825,62844.0,0.8251,103777.0
1753503368432,04:16:08.432,ADA/USDT:USDT,0.8249,9259.0,0.8248,46750.0,0.825,63086.0,0.8251,104577.0
1753503368534,04:16:08.534,ADA/USDT:USDT,0.8249,20262.0,0.8248,46750.0,0.825,44509.0,0.8251,103409.0
1753503368636,04:16:08.636,ADA/USDT:USDT,0.8249,9259.0,0.8248,46750.0,0.825,44509.0,0.8251,102851.0
1753503368761,04:16:08.761,ADA/USDT:USDT,0.8249,9259.0,0.8248,46750.0,0.825,44509.0,0.8251,102731.0
1753503368872,04:16:08.872,ADA/USDT:USDT,0.8249,9259.0,0.8248,46750.0,0.825,49001.0,0.8251,102609.0
1753503368974,04:16:08.974,ADA/USDT:USDT,0.8249,9259.0,0.8248,46750.0,0.825,44654.0,0.8251,103990.0
1753503369077,04:16:09.077,ADA/USDT:USDT,0.8249,9259.0,0.8248,46750.0,0.825,44594.0,0.8251,104232.0
1753503369184,04:16:09.184,ADA/USDT:USDT,0.8249,9259.0,0.8248,46750.0,0.825,55167.0,0.8251,103990.0
1753503369293,04:16:09.293,ADA/USDT:USDT,0.8249,9259.0,0.8248,46750.0,0.825,55409.0,0.8251,103990.0
1753503369404,04:16:09.404,ADA/USDT:USDT,0.8249,9260.0,0.8248,46750.0,0.825,44594.0,0.8251,103990.0
1753503369525,04:16:09.525,ADA/USDT:USDT,0.8249,9260.0,0.8248,46750.0,0.825,44691.0,0.8251,103775.0
1753503369629,04:16:09.629,ADA/USDT:USDT,0.8249,9260.0,0.8248,46750.0,0.825,44971.0,0.8251,103750.0
1753503369736,04:16:09.736,ADA/USDT:USDT,0.8249,9245.0,0.8248,46750.0,0.825,49206.0,0.8251,103992.0
1753503369865,04:16:09.865,ADA/USDT:USDT,0.8249,9237.0,0.8248,46750.0,0.825,55376.0,0.8251,103992.0
1753503369975,04:16:09.975,ADA/USDT:USDT,0.8249,38740.0,0.8248,46750.0,0.825,44547.0,0.8251,102717.0
1753503370078,04:16:10.078,ADA/USDT:USDT,0.8249,39095.0,0.8248,46402.0,0.825,36121.0,0.8251,88537.0
1753503370181,04:16:10.181,ADA/USDT:USDT,0.8249,38553.0,0.8248,46402.0,0.825,36121.0,0.8251,97471.0
1753503370304,04:16:10.304,ADA/USDT:USDT,0.8249,38553.0,0.8248,46402.0,0.825,36121.0,0.8251,98077.0
1753503370413,04:16:10.413,ADA/USDT:USDT,0.8249,38123.0,0.8248,46402.0,0.825,36121.0,0.8251,97729.0
1753503370514,04:16:10.514,ADA/USDT:USDT,0.8249,38595.0,0.8248,46402.0,0.825,36001.0,0.8251,97957.0
1753503370638,04:16:10.638,ADA/USDT:USDT,0.8249,38125.0,0.8248,46750.0,0.825,43847.0,0.8251,97957.0
1753503370744,04:16:10.744,ADA/USDT:USDT,0.8249,38125.0,0.8248,46750.0,0.825,37799.0,0.8251,97957.0
1753503370859,04:16:10.859,ADA/USDT:USDT,0.8249,38125.0,0.8248,46750.0,0.825,35537.0,0.8251,97957.0
1753503370989,04:16:10.989,ADA/USDT:USDT,0.8249,42863.0,0.8248,46427.0,0.825,35537.0,0.8251,97957.0
1753503371100,04:16:11.100,ADA/USDT:USDT,0.8249,38613.0,0.8248,46427.0,0.825,35537.0,0.8251,97957.0
1753503371213,04:16:11.213,ADA/USDT:USDT,0.8249,38613.0,0.8248,46402.0,0.825,35537.0,0.8251,97957.0
1753503371323,04:16:11.323,ADA/USDT:USDT,0.8249,38265.0,0.8248,46750.0,0.825,41933.0,0.8251,97609.0
1753503371427,04:16:11.427,ADA/USDT:USDT,0.8249,38265.0,0.8248,46750.0,0.825,42056.0,0.8251,97634.0
1753503371553,04:16:11.553,ADA/USDT:USDT,0.8249,38265.0,0.8248,47342.0,0.825,46064.0,0.8251,97876.0
1753503371656,04:16:11.656,ADA/USDT:USDT,0.8249,38265.0,0.8248,47342.0,0.825,42084.0,0.8251,97364.0
1753503371804,04:16:11.804,ADA/USDT:USDT,0.8249,38265.0,0.8248,46750.0,0.825,46228.0,0.8251,97712.0
1753503371907,04:16:11.907,ADA/USDT:USDT,0.8249,38254.0,0.8248,46750.0,0.825,47442.0,0.8251,97364.0
1753503372053,04:16:12.053,ADA/USDT:USDT,0.8249,38254.0,0.8248,46750.0,0.825,43202.0,0.8251,97364.0
1753503372155,04:16:12.155,ADA/USDT:USDT,0.8249,38254.0,0.8248,46750.0,0.825,43220.0,0.8251,97355.0
1753503372268,04:16:12.268,ADA/USDT:USDT,0.8249,27492.0,0.8248,46750.0,0.825,47232.0,0.8251,97597.0
1753503372370,04:16:12.370,ADA/USDT:USDT,0.8249,27485.0,0.8248,46750.0,0.825,47253.0,0.8251,97597.0
1753503372484,04:16:12.484,ADA/USDT:USDT,0.8249,27483.0,0.8248,46750.0,0.825,47228.0,0.8251,97597.0
1753503372593,04:16:12.593,ADA/USDT:USDT,0.8249,3616.0,0.8248,42980.0,0.825,48142.0,0.8251,102466.0
1753503372696,04:16:12.696,ADA/USDT:USDT,0.8249,9754.0,0.8248,46789.0,0.825,52979.0,0.8251,103866.0
1753503372800,04:16:12.800,ADA/USDT:USDT,0.8249,9775.0,0.8248,46789.0,0.825,45629.0,0.8251,103866.0
1753503372913,04:16:12.913,ADA/USDT:USDT,0.8249,20537.0,0.8248,48254.0,0.825,38909.0,0.8251,102450.0
1753503373015,04:16:13.015,ADA/USDT:USDT,0.8249,9775.0,0.8248,48254.0,0.825,52472.0,0.8251,103041.0
1753503373118,04:16:13.118,ADA/USDT:USDT,0.8249,3730.0,0.8248,48254.0,0.825,56505.0,0.8251,103066.0
1753503373222,04:16:13.222,ADA/USDT:USDT,0.8249,9947.0,0.8248,48254.0,0.825,46182.0,0.8251,103866.0
1753503373326,04:16:13.326,ADA/USDT:USDT,0.8249,9812.0,0.8248,48254.0,0.825,61288.0,0.8251,103866.0
1753503373435,04:16:13.435,ADA/USDT:USDT,0.8249,3674.0,0.8248,48145.0,0.825,61217.0,0.8251,103841.0
1753503373541,04:16:13.541,ADA/USDT:USDT,0.8249,9806.0,0.8248,46702.0,0.825,63649.0,0.8251,95424.0
1753503373751,04:16:13.751,ADA/USDT:USDT,0.8249,20589.0,0.8248,46702.0,0.825,40575.0,0.8251,87582.0
1753503373859,04:16:13.859,ADA/USDT:USDT,0.8249,20589.0,0.8248,46702.0,0.825,47376.0,0.8251,87944.0
1753503374003,04:16:14.003,ADA/USDT:USDT,0.8249,20589.0,0.8248,46702.0,0.825,58302.0,0.8251,95144.0
1753503374127,04:16:14.127,ADA/USDT:USDT,0.8249,20589.0,0.8248,46702.0,0.825,58562.0,0.8251,94927.0
1753503374228,04:16:14.228,ADA/USDT:USDT,0.8249,20589.0,0.8248,46702.0,0.825,54311.0,0.8251,94927.0
1753503374329,04:16:14.329,ADA/USDT:USDT,0.8249,20589.0,0.8248,46702.0,0.825,58319.0,0.8251,95169.0
1753503374431,04:16:14.431,ADA/USDT:USDT,0.8249,9935.0,0.8248,42500.0,0.825,54062.0,0.8251,95169.0
1753503374533,04:16:14.533,ADA/USDT:USDT,0.8249,9976.0,0.8248,42500.0,0.825,58318.0,0.8251,95047.0
1753503374636,04:16:14.636,ADA/USDT:USDT,0.8249,3838.0,0.8248,27085.0,0.825,59454.0,0.8251,96348.0
1753503374743,04:16:14.743,ADA/USDT:USDT,0.8249,9976.0,0.8248,30916.0,0.825,58624.0,0.8251,96348.0
1753503374861,04:16:14.861,ADA/USDT:USDT,0.8249,35497.0,0.8248,31465.0,0.825,39644.0,0.8251,95083.0
1753503374964,04:16:14.964,ADA/USDT:USDT,0.8249,35497.0,0.8248,31490.0,0.825,39644.0,0.8251,95083.0
1753503375109,04:16:15.109,ADA/USDT:USDT,0.8249,35497.0,0.8248,31465.0,0.825,39996.0,0.8251,95083.0
1753503375214,04:16:15.214,ADA/USDT:USDT,0.8249,35512.0,0.8248,31465.0,0.825,40604.0,0.8251,94518.0
1753503375384,04:16:15.384,ADA/USDT:USDT,0.8249,35548.0,0.8248,31465.0,0.825,40308.0,0.8251,94493.0
1753503375486,04:16:15.486,ADA/USDT:USDT,0.8249,35549.0,0.8248,31465.0,0.825,39960.0,0.8251,94841.0
1753503375593,04:16:15.593,ADA/USDT:USDT,0.8249,35549.0,0.8248,32052.0,0.825,38090.0,0.8251,94841.0
1753503375753,04:16:15.753,ADA/USDT:USDT,0.8249,37832.0,0.8248,31704.0,0.825,33999.0,0.8251,78083.0
1753503375856,04:16:15.856,ADA/USDT:USDT,0.8249,37832.0,0.8248,31794.0,0.825,33999.0,0.8251,78083.0
1753503375965,04:16:15.965,ADA/USDT:USDT,0.8249,37832.0,0.8248,31819.0,0.825,33667.0,0.8251,77963.0
1753503376075,04:16:16.075,ADA/USDT:USDT,0.8249,37832.0,0.8248,31794.0,0.825,33667.0,0.8251,77963.0
1753503376193,04:16:16.193,ADA/USDT:USDT,0.8249,35549.0,0.8248,32142.0,0.825,38414.0,0.8251,87180.0
1753503376304,04:16:16.304,ADA/USDT:USDT,0.8249,35549.0,0.8248,32142.0,0.825,44704.0,0.8251,91338.0
1753503376416,04:16:16.416,ADA/USDT:USDT,0.8249,35549.0,0.8248,32142.0,0.825,40454.0,0.8251,91338.0
1753503376517,04:16:16.517,ADA/USDT:USDT,0.8249,35665.0,0.8248,32142.0,0.825,44697.0,0.8251,91338.0
1753503376627,04:16:16.627,ADA/USDT:USDT,0.8249,35665.0,0.8248,32142.0,0.825,40184.0,0.8251,91580.0
1753503376833,04:16:16.833,ADA/USDT:USDT,0.8249,4003.0,0.8248,31555.0,0.825,52014.0,0.8251,95075.0
1753503376938,04:16:16.938,ADA/USDT:USDT,0.8249,10141.0,0.8248,31555.0,0.825,69996.0,0.8251,95315.0
1753503377051,04:16:17.051,ADA/USDT:USDT,0.8249,10162.0,0.8248,31555.0,0.825,70061.0,0.8251,96115.0
1753503377168,04:16:17.168,ADA/USDT:USDT,0.8249,3991.0,0.8248,31555.0,0.825,70733.0,0.8251,96135.0
1753503377278,04:16:17.278,ADA/USDT:USDT,0.8249,10129.0,0.8248,31555.0,0.825,42193.0,0.8251,95215.0
1753503377386,04:16:17.386,ADA/USDT:USDT,0.8249,10093.0,0.8248,31555.0,0.825,41152.0,0.8251,95215.0
1753503377605,04:16:17.605,ADA/USDT:USDT,0.8249,3955.0,0.8248,31555.0,0.825,46731.0,0.8251,95480.0
1753503377707,04:16:17.707,ADA/USDT:USDT,0.8249,3955.0,0.8248,31555.0,0.825,52779.0,0.8251,95600.0
1753503377816,04:16:17.816,ADA/USDT:USDT,0.8249,3955.0,0.8248,31555.0,0.825,56535.0,0.8251,92763.0
1753503377919,04:16:17.919,ADA/USDT:USDT,0.8249,3934.0,0.8248,31555.0,0.825,45994.0,0.8251,92980.0
1753503378021,04:16:18.021,ADA/USDT:USDT,0.8249,10072.0,0.8248,31555.0,0.825,46008.0,0.8251,92205.0
1753503378123,04:16:18.123,ADA/USDT:USDT,0.8249,3934.0,0.8248,31555.0,0.825,50277.0,0.8251,92205.0
1753503378225,04:16:18.225,ADA/USDT:USDT,0.8249,3955.0,0.8248,31555.0,0.825,47674.0,0.8251,102207.0
1753503378331,04:16:18.331,ADA/USDT:USDT,0.8249,3955.0,0.8248,31555.0,0.825,47674.0,0.8251,102207.0
1753503378441,04:16:18.441,ADA/USDT:USDT,0.8249,3956.0,0.8248,31555.0,0.825,43182.0,0.8251,103055.0
1753503378553,04:16:18.553,ADA/USDT:USDT,0.8249,3956.0,0.8248,31555.0,0.825,56443.0,0.8251,102934.0
1753503378683,04:16:18.683,ADA/USDT:USDT,0.8249,3933.0,0.8248,31572.0,0.825,56667.0,0.8251,102934.0
1753503378806,04:16:18.806,ADA/USDT:USDT,0.8248,17898.0,0.8247,22921.0,0.8249,110136.0,0.825,120131.0
1753503378909,04:16:18.909,ADA/USDT:USDT,0.8248,7142.0,0.8247,26014.0,0.8249,109265.0,0.825,136572.0
1753503379015,04:16:19.015,ADA/USDT:USDT,0.8247,18242.0,0.8246,42488.0,0.8248,51136.0,0.8249,114678.0
1753503379116,04:16:19.116,ADA/USDT:USDT,0.8247,38860.0,0.8246,37792.0,0.8248,25058.0,0.8249,106064.0
1753503379217,04:16:19.217,ADA/USDT:USDT,0.8247,48654.0,0.8246,76967.0,0.8248,1176.0,0.8249,49755.0
1753503379319,04:16:19.319,ADA/USDT:USDT,0.8247,45209.0,0.8246,77205.0,0.8248,1066.0,0.8249,48497.0
1753503379421,04:16:19.421,ADA/USDT:USDT,0.8247,45209.0,0.8246,77205.0,0.8248,1066.0,0.8249,48497.0
1753503379602,04:16:19.602,ADA/USDT:USDT,0.8247,45209.0,0.8246,81433.0,0.8248,1090.0,0.8249,49656.0
1753503379706,04:16:19.706,ADA/USDT:USDT,0.8247,45209.0,0.8246,81433.0,0.8248,1090.0,0.8249,49881.0
1753503379811,04:16:19.811,ADA/USDT:USDT,0.8247,45209.0,0.8246,81433.0,0.8248,1090.0,0.8249,49881.0
1753503379917,04:16:19.917,ADA/USDT:USDT,0.8247,45209.0,0.8246,81433.0,0.8248,7228.0,0.8249,49881.0
1753503380023,04:16:20.023,ADA/USDT:USDT,0.8247,45209.0,0.8246,84233.0,0.8248,7228.0,0.8249,49881.0
1753503380126,04:16:20.126,ADA/USDT:USDT,0.8247,45209.0,0.8246,84242.0,0.8248,7228.0,0.8249,49890.0
1753503380233,04:16:20.233,ADA/USDT:USDT,0.8247,45209.0,0.8246,75484.0,0.8248,7516.0,0.8249,52653.0
1753503380366,04:16:20.366,ADA/USDT:USDT,0.8247,47450.0,0.8246,75604.0,0.8248,7516.0,0.8249,52411.0
1753503380477,04:16:20.477,ADA/USDT:USDT,0.8247,56896.0,0.8246,76829.0,0.8248,6683.0,0.8249,52386.0
1753503380580,04:16:20.580,ADA/USDT:USDT,0.8247,64236.0,0.8246,90888.0,0.8248,3799.0,0.8249,51227.0
1753503380683,04:16:20.683,ADA/USDT:USDT,0.8247,59961.0,0.8246,91370.0,0.8248,7842.0,0.8249,51002.0
1753503380788,04:16:20.788,ADA/USDT:USDT,0.8247,59961.0,0.8246,91370.0,0.8248,7825.0,0.8249,51009.0
1753503380928,04:16:20.928,ADA/USDT:USDT,0.8247,62082.0,0.8246,91490.0,0.8248,9768.0,0.8249,51009.0
1753503381043,04:16:21.043,ADA/USDT:USDT,0.8247,61952.0,0.8246,82465.0,0.8248,17395.0,0.8249,51009.0
1753503381145,04:16:21.145,ADA/USDT:USDT,0.8247,61952.0,0.8246,82345.0,0.8248,17395.0,0.8249,51034.0
1753503381248,04:16:21.248,ADA/USDT:USDT,0.8247,61952.0,0.8246,82345.0,0.8248,17414.0,0.8249,51276.0
1753503381387,04:16:21.387,ADA/USDT:USDT,0.8247,61952.0,0.8246,82345.0,0.8248,17414.0,0.8249,51251.0
1753503381489,04:16:21.489,ADA/USDT:USDT,0.8247,66227.0,0.8246,82225.0,0.8248,7844.0,0.8249,51251.0
1753503381591,04:16:21.591,ADA/USDT:USDT,0.8247,61952.0,0.8246,82225.0,0.8248,7844.0,0.8249,51009.0
1753503381733,04:16:21.733,ADA/USDT:USDT,0.8247,61952.0,0.8246,82225.0,0.8248,7844.0,0.8249,51009.0
1753503381841,04:16:21.841,ADA/USDT:USDT,0.8247,61939.0,0.8246,82467.0,0.8248,7844.0,0.8249,51009.0
1753503382012,04:16:22.012,ADA/USDT:USDT,0.8247,61939.0,0.8246,82467.0,0.8248,7844.0,0.8249,51009.0
1753503382114,04:16:22.114,ADA/USDT:USDT,0.8247,61939.0,0.8246,82467.0,0.8248,8298.0,0.8249,51009.0
1753503382253,04:16:22.253,ADA/USDT:USDT,0.8247,61939.0,0.8246,82467.0,0.8248,8295.0,0.8249,51009.0
1753503382363,04:16:22.363,ADA/USDT:USDT,0.8247,61939.0,0.8246,53607.0,0.8248,25936.0,0.8249,51009.0
1753503382505,04:16:22.505,ADA/USDT:USDT,0.8247,47361.0,0.8246,50208.0,0.8248,43489.0,0.8249,60226.0
1753503382609,04:16:22.609,ADA/USDT:USDT,0.8247,41442.0,0.8246,48996.0,0.8248,43141.0,0.8249,61163.0
1753503382726,04:16:22.726,ADA/USDT:USDT,0.8247,41442.0,0.8246,48878.0,0.8248,37147.0,0.8249,60815.0
1753503382833,04:16:22.833,ADA/USDT:USDT,0.8247,46040.0,0.8246,48883.0,0.8248,25936.0,0.8249,61138.0
1753503382934,04:16:22.934,ADA/USDT:USDT,0.8247,50894.0,0.8246,58423.0,0.8248,8295.0,0.8249,60549.0
1753503383036,04:16:23.036,ADA/USDT:USDT,0.8247,43640.0,0.8246,58423.0,0.8248,17020.0,0.8249,60457.0
1753503383149,04:16:23.149,ADA/USDT:USDT,0.8247,39390.0,0.8246,52647.0,0.8248,27895.0,0.8249,60457.0
1753503383423,04:16:23.423,ADA/USDT:USDT,0.8247,39390.0,0.8246,52527.0,0.8248,28040.0,0.8249,60457.0
1753503383529,04:16:23.529,ADA/USDT:USDT,0.8247,38404.0,0.8246,52407.0,0.8248,28060.0,0.8249,71244.0
1753503383641,04:16:23.641,ADA/USDT:USDT,0.8247,38056.0,0.8246,52755.0,0.8248,31460.0,0.8249,71848.0
1753503383756,04:16:23.756,ADA/USDT:USDT,0.8247,34419.0,0.8246,52755.0,0.8248,31460.0,0.8249,71848.0
1753503383863,04:16:23.863,ADA/USDT:USDT,0.8247,39017.0,0.8246,52407.0,0.8248,31242.0,0.8249,71848.0
1753503383968,04:16:23.968,ADA/USDT:USDT,0.8247,34419.0,0.8246,52755.0,0.8248,31242.0,0.8249,72090.0
1753503384087,04:16:24.087,ADA/USDT:USDT,0.8247,34419.0,0.8246,52755.0,0.8248,31242.0,0.8249,72090.0
1753503384253,04:16:24.253,ADA/USDT:USDT,0.8247,38500.0,0.8246,52432.0,0.8248,31198.0,0.8249,71823.0
1753503384359,04:16:24.359,ADA/USDT:USDT,0.8247,33902.0,0.8246,52755.0,0.8248,38553.0,0.8249,71475.0
1753503384469,04:16:24.469,ADA/USDT:USDT,0.8247,33902.0,0.8246,52755.0,0.8248,38553.0,0.8249,71717.0
1753503384584,04:16:24.584,ADA/USDT:USDT,0.8247,33902.0,0.8246,42624.0,0.8248,40141.0,0.8249,71717.0
1753503384685,04:16:24.685,ADA/USDT:USDT,0.8247,33782.0,0.8246,42504.0,0.8248,40141.0,0.8249,74517.0
1753503384787,04:16:24.787,ADA/USDT:USDT,0.8246,10853.0,0.8245,26008.0,0.8247,66071.0,0.8248,101569.0
1753503384890,04:16:24.890,ADA/USDT:USDT,0.8246,23189.0,0.8245,19441.0,0.8247,66080.0,0.8248,110117.0
1753503384993,04:16:24.993,ADA/USDT:USDT,0.8246,33972.0,0.8245,19441.0,0.8247,66101.0,0.8248,90057.0
1753503385096,04:16:25.096,ADA/USDT:USDT,0.8246,33972.0,0.8245,19441.0,0.8247,66101.0,0.8248,90057.0
1753503385198,04:16:25.198,ADA/USDT:USDT,0.8246,33972.0,0.8245,24939.0,0.8247,51423.0,0.8248,90396.0
1753503385303,04:16:25.303,ADA/USDT:USDT,0.8246,37644.0,0.8245,54979.0,0.8247,25719.0,0.8248,75238.0
1753503385404,04:16:25.404,ADA/USDT:USDT,0.8246,37644.0,0.8245,54979.0,0.8247,23703.0,0.8248,71444.0
1753503385510,04:16:25.510,ADA/USDT:USDT,0.8246,37644.0,0.8245,55004.0,0.8247,23703.0,0.8248,71444.0
1753503385618,04:16:25.618,ADA/USDT:USDT,0.8246,37644.0,0.8245,55593.0,0.8247,20102.0,0.8248,72028.0
1753503385741,04:16:25.741,ADA/USDT:USDT,0.8246,37644.0,0.8245,55593.0,0.8247,20102.0,0.8248,73801.0
1753503385858,04:16:25.858,ADA/USDT:USDT,0.8246,37296.0,0.8245,54126.0,0.8247,43939.0,0.8248,74043.0
1753503385974,04:16:25.974,ADA/USDT:USDT,0.8246,33959.0,0.8245,24939.0,0.8247,55074.0,0.8248,75650.0
1753503386075,04:16:26.075,ADA/USDT:USDT,0.8246,33839.0,0.8245,24939.0,0.8247,55074.0,0.8248,85432.0
1753503386207,04:16:26.207,ADA/USDT:USDT,0.8246,14736.0,0.8245,24821.0,0.8247,58074.0,0.8248,88232.0
1753503386309,04:16:26.309,ADA/USDT:USDT,0.8246,18804.0,0.8245,24821.0,0.8247,58081.0,0.8248,88232.0
1753503386426,04:16:26.426,ADA/USDT:USDT,0.8246,18804.0,0.8245,24821.0,0.8247,58081.0,0.8248,88232.0
1753503386532,04:16:26.532,ADA/USDT:USDT,0.8246,18804.0,0.8245,24821.0,0.8247,58081.0,0.8248,91895.0
1753503386652,04:16:26.652,ADA/USDT:USDT,0.8246,6350.0,0.8245,24821.0,0.8247,52400.0,0.8248,90736.0
1753503386768,04:16:26.768,ADA/USDT:USDT,0.8246,6350.0,0.8245,24821.0,0.8247,52650.0,0.8248,90856.0
1753503386878,04:16:26.878,ADA/USDT:USDT,0.8246,17112.0,0.8245,24821.0,0.8247,32875.0,0.8248,93631.0
1753503386981,04:16:26.981,ADA/USDT:USDT,0.8246,17112.0,0.8245,24846.0,0.8247,32603.0,0.8248,93511.0
1753503387103,04:16:27.103,ADA/USDT:USDT,0.8246,17112.0,0.8245,24846.0,0.8247,32603.0,0.8248,93511.0
1753503387274,04:16:27.274,ADA/USDT:USDT,0.8246,16853.0,0.8245,24821.0,0.8247,37222.0,0.8248,93536.0
1753503387426,04:16:27.426,ADA/USDT:USDT,0.8246,41971.0,0.8245,52749.0,0.8247,12680.0,0.8248,77564.0
1753503387529,04:16:27.529,ADA/USDT:USDT,0.8246,48269.0,0.8245,56151.0,0.8247,4974.0,0.8248,59476.0
1753503387630,04:16:27.630,ADA/USDT:USDT,0.8246,48269.0,0.8245,56727.0,0.8247,7628.0,0.8248,59476.0
1753503387757,04:16:27.757,ADA/USDT:USDT,0.8246,38301.0,0.8245,56125.0,0.8247,8508.0,0.8248,69016.0
1753503387862,04:16:27.862,ADA/USDT:USDT,0.8246,38276.0,0.8245,56125.0,0.8247,14017.0,0.8248,69041.0
1753503387982,04:16:27.982,ADA/USDT:USDT,0.8246,38276.0,0.8245,56125.0,0.8247,8523.0,0.8248,69268.0
1753503388086,04:16:28.086,ADA/USDT:USDT,0.8246,37684.0,0.8245,28197.0,0.8247,28635.0,0.8248,69781.0
1753503388195,04:16:28.195,ADA/USDT:USDT,0.8246,37684.0,0.8245,24522.0,0.8247,39392.0,0.8248,79929.0
1753503388333,04:16:28.333,ADA/USDT:USDT,0.8246,37681.0,0.8245,24522.0,0.8247,39740.0,0.8248,79581.0
1753503388451,04:16:28.451,ADA/USDT:USDT,0.8246,37681.0,0.8245,24522.0,0.8247,39740.0,0.8248,79581.0
1753503388553,04:16:28.553,ADA/USDT:USDT,0.8246,38029.0,0.8245,28395.0,0.8247,28424.0,0.8248,79901.0
1753503388684,04:16:28.684,ADA/USDT:USDT,0.8246,37681.0,0.8245,28743.0,0.8247,39422.0,0.8248,80158.0
1753503388785,04:16:28.785,ADA/USDT:USDT,0.8246,37681.0,0.8245,24522.0,0.8247,39422.0,0.8248,84224.0
1753503388887,04:16:28.887,ADA/USDT:USDT,0.8246,37681.0,0.8245,24764.0,0.8247,40964.0,0.8248,84224.0
1753503389010,04:16:29.010,ADA/USDT:USDT,0.8246,37681.0,0.8245,24764.0,0.8247,40964.0,0.8248,84224.0
1753503389145,04:16:29.145,ADA/USDT:USDT,0.8246,6431.0,0.8245,24522.0,0.8247,41444.0,0.8248,86570.0
1753503389267,04:16:29.267,ADA/USDT:USDT,0.8246,17193.0,0.8245,24522.0,0.8247,30446.0,0.8248,86570.0
1753503389379,04:16:29.379,ADA/USDT:USDT,0.8246,21686.0,0.8245,24522.0,0.8247,30462.0,0.8248,86550.0
1753503389543,04:16:29.543,ADA/USDT:USDT,0.8246,41093.0,0.8245,24759.0,0.8247,30114.0,0.8248,86268.0
1753503389649,04:16:29.649,ADA/USDT:USDT,0.8246,36843.0,0.8245,24784.0,0.8247,30114.0,0.8248,86268.0
1753503389762,04:16:29.762,ADA/USDT:USDT,0.8246,36526.0,0.8245,24784.0,0.8247,30114.0,0.8248,86618.0
1753503389868,04:16:29.868,ADA/USDT:USDT,0.8246,36874.0,0.8245,24784.0,0.8247,19343.0,0.8248,86618.0
1753503389975,04:16:29.975,ADA/USDT:USDT,0.8246,36874.0,0.8245,24784.0,0.8247,19071.0,0.8248,83468.0
1753503390082,04:16:30.082,ADA/USDT:USDT,0.8246,41184.0,0.8245,24784.0,0.8247,19101.0,0.8248,83468.0
1753503390185,04:16:30.185,ADA/USDT:USDT,0.8246,41184.0,0.8245,24793.0,0.8247,19101.0,0.8248,83477.0
1753503390318,04:16:30.318,ADA/USDT:USDT,0.8246,36925.0,0.8245,24768.0,0.8247,19380.0,0.8248,84087.0
1753503390426,04:16:30.426,ADA/USDT:USDT,0.8246,36577.0,0.8245,25107.0,0.8247,41356.0,0.8248,83739.0
1753503390540,04:16:30.540,ADA/USDT:USDT,0.8246,36572.0,0.8245,26308.0,0.8247,41381.0,0.8248,83739.0
1753503390644,04:16:30.644,ADA/USDT:USDT,0.8246,36572.0,0.8245,26898.0,0.8247,37131.0,0.8248,83739.0
1753503390759,04:16:30.759,ADA/USDT:USDT,0.8246,36572.0,0.8245,26898.0,0.8247,37131.0,0.8248,83739.0
1753503390880,04:16:30.880,ADA/USDT:USDT,0.8246,36572.0,0.8245,26550.0,0.8247,30401.0,0.8248,83260.0
1753503390993,04:16:30.993,ADA/USDT:USDT,0.8246,36572.0,0.8245,26550.0,0.8247,30401.0,0.8248,83260.0
1753503391109,04:16:31.109,ADA/USDT:USDT,0.8246,42029.0,0.8245,58013.0,0.8247,9776.0,0.8248,72442.0
1753503391211,04:16:31.211,ADA/USDT:USDT,0.8246,41436.0,0.8245,58013.0,0.8247,15961.0,0.8248,72449.0
1753503391313,04:16:31.313,ADA/USDT:USDT,0.8246,41436.0,0.8245,58013.0,0.8247,9555.0,0.8248,72449.0
1753503391416,04:16:31.416,ADA/USDT:USDT,0.8246,41411.0,0.8245,58038.0,0.8247,9555.0,0.8248,72449.0
1753503391537,04:16:31.537,ADA/USDT:USDT,0.8246,41568.0,0.8245,58038.0,0.8247,9555.0,0.8248,72716.0
1753503391642,04:16:31.642,ADA/USDT:USDT,0.8246,41568.0,0.8245,58038.0,0.8247,9525.0,0.8248,73060.0
1753503391743,04:16:31.743,ADA/USDT:USDT,0.8246,40709.0,0.8245,58013.0,0.8247,22211.0,0.8248,73673.0
1753503391846,04:16:31.846,ADA/USDT:USDT,0.8246,40421.0,0.8245,26550.0,0.8247,22211.0,0.8248,83208.0
1753503391959,04:16:31.959,ADA/USDT:USDT,0.8246,40421.0,0.8245,26317.0,0.8247,43020.0,0.8248,83715.0
1753503392090,04:16:32.090,ADA/USDT:USDT,0.8246,40421.0,0.8245,26317.0,0.8247,43020.0,0.8248,83715.0
1753503392197,04:16:32.197,ADA/USDT:USDT,0.8246,40421.0,0.8245,26308.0,0.8247,43020.0,0.8248,83724.0
1753503392310,04:16:32.310,ADA/USDT:USDT,0.8246,40769.0,0.8245,54471.0,0.8247,11420.0,0.8248,74886.0
1753503392429,04:16:32.429,ADA/USDT:USDT,0.8246,50697.0,0.8245,54471.0,0.8247,11420.0,0.8248,71689.0
1753503392532,04:16:32.532,ADA/USDT:USDT,0.8246,45044.0,0.8245,54471.0,0.8247,11420.0,0.8248,71112.0
1753503392634,04:16:32.634,ADA/USDT:USDT,0.8246,45019.0,0.8245,55071.0,0.8247,11420.0,0.8248,71720.0
1753503392739,04:16:32.739,ADA/USDT:USDT,0.8246,40769.0,0.8245,55046.0,0.8247,22182.0,0.8248,72335.0
1753503392842,04:16:32.842,ADA/USDT:USDT,0.8246,40769.0,0.8245,55661.0,0.8247,5282.0,0.8248,71112.0
1753503392943,04:16:32.943,ADA/USDT:USDT,0.8246,45019.0,0.8245,55661.0,0.8247,11399.0,0.8248,70870.0
1753503393059,04:16:33.059,ADA/USDT:USDT,0.8246,45019.0,0.8245,55046.0,0.8247,11420.0,0.8248,70870.0
1753503393191,04:16:33.191,ADA/USDT:USDT,0.8246,40769.0,0.8245,56967.0,0.8247,7560.0,0.8248,70870.0
1753503393297,04:16:33.297,ADA/USDT:USDT,0.8246,45012.0,0.8245,57610.0,0.8247,5325.0,0.8248,70870.0
1753503393435,04:16:33.435,ADA/USDT:USDT,0.8246,54223.0,0.8245,63210.0,0.8247,5325.0,0.8248,61330.0
1753503393555,04:16:33.555,ADA/USDT:USDT,0.8246,57823.0,0.8245,63450.0,0.8247,5325.0,0.8248,70870.0
1753503393675,04:16:33.675,ADA/USDT:USDT,0.8247,20959.0,0.8246,54223.0,0.8248,59634.0,0.8249,117574.0
1753503393776,04:16:33.776,ADA/USDT:USDT,0.8247,92528.0,0.8246,87730.0,0.8248,8952.0,0.8249,99112.0
1753503393877,04:16:33.877,ADA/USDT:USDT,0.8248,84350.0,0.8247,123645.0,0.8249,11200.0,0.825,62152.0
1753503393980,04:16:33.980,ADA/USDT:USDT,0.8248,90829.0,0.8247,130553.0,0.8249,411.0,0.825,20862.0
1753503394081,04:16:34.081,ADA/USDT:USDT,0.8248,96521.0,0.8247,131765.0,0.8249,162.0,0.825,20678.0
1753503394196,04:16:34.196,ADA/USDT:USDT,0.8248,96521.0,0.8247,131885.0,0.8249,162.0,0.825,20678.0
1753503394303,04:16:34.303,ADA/USDT:USDT,0.8248,96530.0,0.8247,131885.0,0.8249,162.0,0.825,20678.0
1753503394406,04:16:34.406,ADA/USDT:USDT,0.8248,91210.0,0.8247,122345.0,0.8249,208.0,0.825,24315.0
1753503394508,04:16:34.508,ADA/USDT:USDT,0.8248,91185.0,0.8247,122345.0,0.8249,208.0,0.825,24315.0
1753503394613,04:16:34.613,ADA/USDT:USDT,0.8248,91185.0,0.8247,122345.0,0.8249,208.0,0.825,24315.0
1753503394730,04:16:34.730,ADA/USDT:USDT,0.8248,85532.0,0.8247,122352.0,0.8249,1368.0,0.825,43815.0
1753503394839,04:16:34.839,ADA/USDT:USDT,0.8248,85532.0,0.8247,116290.0,0.8249,1368.0,0.825,43815.0
1753503394951,04:16:34.951,ADA/USDT:USDT,0.8248,87794.0,0.8247,116290.0,0.8249,20583.0,0.825,51457.0
1753503395059,04:16:35.059,ADA/USDT:USDT,0.8248,90428.0,0.8247,114958.0,0.8249,32.0,0.825,48831.0
1753503395168,04:16:35.168,ADA/USDT:USDT,0.8249,70504.0,0.8248,82997.0,0.825,53471.0,0.8251,60173.0
1753503395269,04:16:35.269,ADA/USDT:USDT,0.8249,29267.0,0.8248,81087.0,0.825,58835.0,0.8251,69971.0
1753503395379,04:16:35.379,ADA/USDT:USDT,0.8249,18498.0,0.8248,66695.0,0.825,59441.0,0.8251,69996.0
1753503395480,04:16:35.480,ADA/USDT:USDT,0.8249,14471.0,0.8248,66695.0,0.825,59194.0,0.8251,70934.0
1753503395583,04:16:35.583,ADA/USDT:USDT,0.8249,10845.0,0.8248,66686.0,0.825,59708.0,0.8251,72109.0
1753503395704,04:16:35.704,ADA/USDT:USDT,0.8249,10845.0,0.8248,66693.0,0.825,59828.0,0.8251,72229.0
1753503395807,04:16:35.807,ADA/USDT:USDT,0.8249,10845.0,0.8248,66693.0,0.825,59803.0,0.8251,76510.0
1753503395933,04:16:35.933,ADA/USDT:USDT,0.8249,10845.0,0.8248,61026.0,0.825,59561.0,0.8251,79672.0
1753503396036,04:16:36.036,ADA/USDT:USDT,0.8249,10845.0,0.8248,61026.0,0.825,59561.0,0.8251,79672.0
1753503396141,04:16:36.141,ADA/USDT:USDT,0.8249,10845.0,0.8248,61026.0,0.825,59681.0,0.8251,79672.0
1753503396245,04:16:36.245,ADA/USDT:USDT,0.8249,10845.0,0.8248,61026.0,0.825,55431.0,0.8251,79672.0
1753503396350,04:16:36.350,ADA/USDT:USDT,0.8249,10845.0,0.8248,61026.0,0.825,55941.0,0.8251,79551.0
1753503396452,04:16:36.452,ADA/USDT:USDT,0.8249,10862.0,0.8248,61026.0,0.825,55941.0,0.8251,79671.0
1753503396557,04:16:36.557,ADA/USDT:USDT,0.8249,10862.0,0.8248,61026.0,0.825,59752.0,0.8251,79911.0
1753503396659,04:16:36.659,ADA/USDT:USDT,0.8249,10210.0,0.8248,61026.0,0.825,58605.0,0.8251,79911.0
1753503396761,04:16:36.761,ADA/USDT:USDT,0.8248,55017.0,0.8247,95225.0,0.8249,56114.0,0.825,96737.0
1753503396862,04:16:36.862,ADA/USDT:USDT,0.8248,55158.0,0.8247,86815.0,0.8249,55535.0,0.825,82361.0
1753503396984,04:16:36.984,ADA/USDT:USDT,0.8248,44027.0,0.8247,87172.0,0.8249,55535.0,0.825,82147.0
1753503397159,04:16:37.159,ADA/USDT:USDT,0.8248,43977.0,0.8247,87172.0,0.8249,55415.0,0.825,82147.0
1753503397264,04:16:37.264,ADA/USDT:USDT,0.8248,44010.0,0.8247,87172.0,0.8249,55415.0,0.825,82267.0
1753503397368,04:16:37.368,ADA/USDT:USDT,0.8248,44010.0,0.8247,87172.0,0.8249,56208.0,0.825,81125.0
1753503397481,04:16:37.481,ADA/USDT:USDT,0.8248,44010.0,0.8247,87172.0,0.8249,54832.0,0.825,80885.0
1753503397583,04:16:37.583,ADA/USDT:USDT,0.8248,44999.0,0.8247,87774.0,0.8249,55292.0,0.825,81478.0
1753503397705,04:16:37.705,ADA/USDT:USDT,0.8248,44999.0,0.8247,87774.0,0.8249,55292.0,0.825,81478.0
1753503397814,04:16:37.814,ADA/USDT:USDT,0.8248,44999.0,0.8247,87774.0,0.8249,55292.0,0.825,81478.0
1753503397915,04:16:37.915,ADA/USDT:USDT,0.8248,44999.0,0.8247,87774.0,0.8249,55292.0,0.825,61978.0
1753503398033,04:16:38.033,ADA/USDT:USDT,0.8248,42916.0,0.8247,87774.0,0.8249,55292.0,0.825,61978.0
1753503398153,04:16:38.153,ADA/USDT:USDT,0.8248,40833.0,0.8247,87774.0,0.8249,55292.0,0.825,65615.0
1753503398284,04:16:38.284,ADA/USDT:USDT,0.8248,40833.0,0.8247,87774.0,0.8249,55291.0,0.825,65615.0
1753503398388,04:16:38.388,ADA/USDT:USDT,0.8248,40819.0,0.8247,87426.0,0.8249,54943.0,0.825,65963.0
1753503398496,04:16:38.496,ADA/USDT:USDT,0.8248,40819.0,0.8247,87426.0,0.8249,54943.0,0.825,65963.0
1753503398632,04:16:38.632,ADA/USDT:USDT,0.8248,40819.0,0.8247,87426.0,0.8249,54943.0,0.825,65963.0
1753503398864,04:16:38.864,ADA/USDT:USDT,0.8248,40819.0,0.8247,87451.0,0.8249,54943.0,0.825,65693.0
1753503398969,04:16:38.969,ADA/USDT:USDT,0.8248,29572.0,0.8247,87774.0,0.8249,55291.0,0.825,69720.0
1753503399072,04:16:39.072,ADA/USDT:USDT,0.8248,51483.0,0.8247,87451.0,0.8249,54943.0,0.825,59009.0
1753503399174,04:16:39.174,ADA/USDT:USDT,0.8248,51458.0,0.8247,87451.0,0.8249,54943.0,0.825,54775.0
1753503399316,04:16:39.316,ADA/USDT:USDT,0.8248,51458.0,0.8247,87451.0,0.8249,55015.0,0.825,54775.0
1753503399468,04:16:39.468,ADA/USDT:USDT,0.8248,51458.0,0.8247,87451.0,0.8249,55032.0,0.825,54775.0
1753503399573,04:16:39.573,ADA/USDT:USDT,0.8248,51303.0,0.8247,87451.0,0.8249,55032.0,0.825,54775.0
1753503399683,04:16:39.683,ADA/USDT:USDT,0.8248,51303.0,0.8247,87451.0,0.8249,55032.0,0.825,54775.0
1753503399844,04:16:39.844,ADA/USDT:USDT,0.8249,12272.0,0.8248,62503.0,0.825,24276.0,0.8251,65423.0
1753503399945,04:16:39.945,ADA/USDT:USDT,0.8249,70610.0,0.8248,98936.0,0.825,10318.0,0.8251,61768.0
1753503400053,04:16:40.053,ADA/USDT:USDT,0.8249,70610.0,0.8248,98936.0,0.825,10560.0,0.8251,61648.0
1753503400161,04:16:40.161,ADA/USDT:USDT,0.8249,70585.0,0.8248,98936.0,0.825,10560.0,0.8251,61648.0
1753503400263,04:16:40.263,ADA/USDT:USDT,0.8249,70585.0,0.8248,93283.0,0.825,16698.0,0.8251,61648.0
1753503400370,04:16:40.370,ADA/USDT:USDT,0.8249,66522.0,0.8248,93587.0,0.825,25956.0,0.8251,61648.0
1753503400472,04:16:40.472,ADA/USDT:USDT,0.8249,66522.0,0.8248,93587.0,0.825,26198.0,0.8251,61325.0
1753503400608,04:16:40.608,ADA/USDT:USDT,0.8249,66522.0,0.8248,93239.0,0.825,20082.0,0.8251,61648.0
1753503400712,04:16:40.712,ADA/USDT:USDT,0.8249,66895.0,0.8248,93264.0,0.825,10582.0,0.8251,61648.0
1753503400827,04:16:40.827,ADA/USDT:USDT,0.8249,66895.0,0.8248,93264.0,0.825,11766.0,0.8251,61054.0
1753503400944,04:16:40.944,ADA/USDT:USDT,0.8249,66895.0,0.8248,93239.0,0.825,17904.0,0.8251,61079.0
1753503401047,04:16:41.047,ADA/USDT:USDT,0.8249,66895.0,0.8248,93239.0,0.825,17904.0,0.8251,61079.0
1753503401155,04:16:41.155,ADA/USDT:USDT,0.8249,66895.0,0.8248,93862.0,0.825,15579.0,0.8251,61054.0
1753503401261,04:16:41.261,ADA/USDT:USDT,0.8249,66897.0,0.8248,93862.0,0.825,7358.0,0.8251,61054.0
1753503401365,04:16:41.365,ADA/USDT:USDT,0.8249,66897.0,0.8248,93837.0,0.825,17988.0,0.8251,61054.0
1753503401502,04:16:41.502,ADA/USDT:USDT,0.8249,66897.0,0.8248,93239.0,0.825,22649.0,0.8251,61054.0
1753503401625,04:16:41.625,ADA/USDT:USDT,0.8249,67730.0,0.8248,92405.0,0.825,12048.0,0.8251,61079.0
1753503401726,04:16:41.726,ADA/USDT:USDT,0.8249,67730.0,0.8248,93028.0,0.825,7086.0,0.8251,61321.0
1753503401829,04:16:41.829,ADA/USDT:USDT,0.8249,66392.0,0.8248,92405.0,0.825,16494.0,0.8251,61079.0
1753503401994,04:16:41.994,ADA/USDT:USDT,0.8249,66392.0,0.8248,95803.0,0.825,1232.0,0.8251,61181.0
1753503402103,04:16:42.103,ADA/USDT:USDT,0.8249,66392.0,0.8248,97015.0,0.825,1232.0,0.8251,61423.0
1753503402206,04:16:42.206,ADA/USDT:USDT,0.8249,66392.0,0.8248,97015.0,0.825,1232.0,0.8251,61423.0
1753503402323,04:16:42.323,ADA/USDT:USDT,0.8249,66392.0,0.8248,97040.0,0.825,1277.0,0.8251,61239.0
1753503402467,04:16:42.467,ADA/USDT:USDT,0.825,76965.0,0.8249,82478.0,0.8251,33922.0,0.8252,120475.0
1753503402568,04:16:42.568,ADA/USDT:USDT,0.825,58588.0,0.8249,68588.0,0.8251,31249.0,0.8252,102567.0
1753503402670,04:16:42.670,ADA/USDT:USDT,0.825,58588.0,0.8249,68588.0,0.8251,31249.0,0.8252,102567.0
1753503402809,04:16:42.809,ADA/USDT:USDT,0.825,47673.0,0.8249,68588.0,0.8251,50328.0,0.8252,102400.0
1753503402923,04:16:42.923,ADA/USDT:USDT,0.825,24950.0,0.8249,68568.0,0.8251,61138.0,0.8252,111190.0
1753503403024,04:16:43.024,ADA/USDT:USDT,0.825,6285.0,0.8249,64407.0,0.8251,62890.0,0.8252,121290.0
1753503403128,04:16:43.128,ADA/USDT:USDT,0.825,6285.0,0.8249,63030.0,0.8251,67065.0,0.8252,117654.0
1753503403240,04:16:43.240,ADA/USDT:USDT,0.8249,32072.0,0.8248,68222.0,0.825,62759.0,0.8251,83324.0
1753503403344,04:16:43.344,ADA/USDT:USDT,0.8249,32072.0,0.8248,68222.0,0.825,62909.0,0.8251,83084.0
1753503403460,04:16:43.460,ADA/USDT:USDT,0.8249,12665.0,0.8248,67755.0,0.825,62667.0,0.8251,83891.0
1753503403562,04:16:43.562,ADA/USDT:USDT,0.8249,12655.0,0.8248,61229.0,0.825,64738.0,0.8251,83931.0
1753503403665,04:16:43.665,ADA/USDT:USDT,0.8249,12583.0,0.8248,61229.0,0.825,64738.0,0.8251,85218.0
1753503403769,04:16:43.769,ADA/USDT:USDT,0.8249,12604.0,0.8248,61229.0,0.825,64713.0,0.8251,84418.0
1753503403903,04:16:43.903,ADA/USDT:USDT,0.8249,3707.0,0.8248,60881.0,0.825,65385.0,0.8251,83746.0
1753503404008,04:16:44.008,ADA/USDT:USDT,0.8247,64202.0,0.8246,61759.0,0.8248,34947.0,0.8249,67881.0
1753503404109,04:16:44.109,ADA/USDT:USDT,0.8247,51378.0,0.8246,57053.0,0.8248,35219.0,0.8249,67174.0
1753503404221,04:16:44.221,ADA/USDT:USDT,0.8247,39676.0,0.8246,60691.0,0.8248,41053.0,0.8249,80952.0
1753503404322,04:16:44.322,ADA/USDT:USDT,0.8247,34233.0,0.8246,60224.0,0.8248,44253.0,0.8249,75186.0
1753503404442,04:16:44.442,ADA/USDT:USDT,0.8247,45115.0,0.8246,64927.0,0.8248,34878.0,0.8249,75534.0
1753503404547,04:16:44.547,ADA/USDT:USDT,0.8247,45115.0,0.8246,65514.0,0.8248,34878.0,0.8249,76120.0
1753503404662,04:16:44.662,ADA/USDT:USDT,0.8247,45115.0,0.8246,65514.0,0.8248,34878.0,0.8249,76120.0
1753503404795,04:16:44.795,ADA/USDT:USDT,0.8247,34536.0,0.8246,66133.0,0.8248,38301.0,0.8249,75772.0
1753503404953,04:16:44.953,ADA/USDT:USDT,0.8247,34529.0,0.8246,66133.0,0.8248,35201.0,0.8249,75772.0
1753503405065,04:16:45.065,ADA/USDT:USDT,0.8247,36020.0,0.8246,66133.0,0.8248,35330.0,0.8249,75772.0
1753503405168,04:16:45.168,ADA/USDT:USDT,0.8247,51380.0,0.8246,65785.0,0.8248,23732.0,0.8249,74952.0
1753503405302,04:16:45.302,ADA/USDT:USDT,0.8247,51380.0,0.8246,65785.0,0.8248,23732.0,0.8249,65412.0
1753503405405,04:16:45.405,ADA/USDT:USDT,0.8247,47130.0,0.8246,65785.0,0.8248,23869.0,0.8249,65971.0
1753503405523,04:16:45.523,ADA/USDT:USDT,0.8247,46789.0,0.8246,66253.0,0.8248,23869.0,0.8249,75518.0
1753503405644,04:16:45.644,ADA/USDT:USDT,0.8247,46789.0,0.8246,66253.0,0.8248,23869.0,0.8249,75868.0
1753503405777,04:16:45.777,ADA/USDT:USDT,0.8247,46789.0,0.8246,66253.0,0.8248,24111.0,0.8249,75868.0
1753503405960,04:16:45.960,ADA/USDT:USDT,0.8247,46897.0,0.8246,66253.0,0.8248,24120.0,0.8249,75401.0
1753503406063,04:16:46.063,ADA/USDT:USDT,0.8247,46897.0,0.8246,65905.0,0.8248,24544.0,0.8249,75401.0
1753503406191,04:16:46.191,ADA/USDT:USDT,0.8247,47245.0,0.8246,65905.0,0.8248,24706.0,0.8249,64952.0
1753503406304,04:16:46.304,ADA/USDT:USDT,0.8247,47295.0,0.8246,66253.0,0.8248,24706.0,0.8249,74492.0
1753503406419,04:16:46.419,ADA/USDT:USDT,0.8247,47643.0,0.8246,66154.0,0.8248,24703.0,0.8249,74492.0
1753503406535,04:16:46.535,ADA/USDT:USDT,0.8247,52433.0,0.8246,66032.0,0.8248,24862.0,0.8249,61910.0
1753503406641,04:16:46.641,ADA/USDT:USDT,0.8247,48183.0,0.8246,66032.0,0.8248,25104.0,0.8249,72011.0
1753503406810,04:16:46.810,ADA/USDT:USDT,0.8247,48183.0,0.8246,66032.0,0.8248,25104.0,0.8249,72036.0
1753503406917,04:16:46.917,ADA/USDT:USDT,0.8247,47835.0,0.8246,66380.0,0.8248,34452.0,0.8249,71688.0
1753503407030,04:16:47.030,ADA/USDT:USDT,0.8247,47835.0,0.8246,66380.0,0.8248,37563.0,0.8249,71688.0
1753503407131,04:16:47.131,ADA/USDT:USDT,0.8247,37073.0,0.8246,66380.0,0.8248,34466.0,0.8249,74488.0
1753503407238,04:16:47.238,ADA/USDT:USDT,0.8247,54304.0,0.8246,66032.0,0.8248,21638.0,0.8249,71905.0
1753503407339,04:16:47.339,ADA/USDT:USDT,0.8247,59350.0,0.8246,73322.0,0.8248,5177.0,0.8249,39169.0
1753503407556,04:16:47.556,ADA/USDT:USDT,0.8248,19632.0,0.8247,55762.0,0.8249,38357.0,0.825,94283.0
1753503407657,04:16:47.657,ADA/USDT:USDT,0.8248,62892.0,0.8247,91720.0,0.8249,16452.0,0.825,79766.0
1753503407760,04:16:47.760,ADA/USDT:USDT,0.8248,52989.0,0.8247,91720.0,0.8249,16452.0,0.825,79766.0
1753503407897,04:16:47.897,ADA/USDT:USDT,0.8248,52989.0,0.8247,91720.0,0.8249,16452.0,0.825,79766.0
1753503407999,04:16:47.999,ADA/USDT:USDT,0.8248,52630.0,0.8247,92068.0,0.8249,16452.0,0.825,79766.0
1753503408100,04:16:48.100,ADA/USDT:USDT,0.8248,52657.0,0.8247,92212.0,0.8249,16452.0,0.825,79775.0
1753503408202,04:16:48.202,ADA/USDT:USDT,0.8248,50108.0,0.8247,92212.0,0.8249,17175.0,0.825,79427.0
1753503408304,04:16:48.304,ADA/USDT:USDT,0.8248,50718.0,0.8247,91617.0,0.8249,16827.0,0.825,79775.0
1753503408428,04:16:48.428,ADA/USDT:USDT,0.8248,50725.0,0.8247,91606.0,0.8249,16827.0,0.825,79775.0
1753503408534,04:16:48.534,ADA/USDT:USDT,0.8248,54975.0,0.8247,91258.0,0.8249,16585.0,0.825,80017.0
1753503408658,04:16:48.658,ADA/USDT:USDT,0.8248,50725.0,0.8247,91606.0,0.8249,16585.0,0.825,80017.0
1753503408762,04:16:48.762,ADA/USDT:USDT,0.8248,54975.0,0.8247,91258.0,0.8249,16585.0,0.825,80017.0
1753503408864,04:16:48.864,ADA/USDT:USDT,0.8248,54975.0,0.8247,91258.0,0.8249,16585.0,0.825,80017.0
1753503409208,04:16:49.208,ADA/USDT:USDT,0.8248,54975.0,0.8247,91283.0,0.8249,16585.0,0.825,80017.0
1753503409325,04:16:49.325,ADA/USDT:USDT,0.8248,50725.0,0.8247,91631.0,0.8249,16827.0,0.825,79427.0
1753503409431,04:16:49.431,ADA/USDT:USDT,0.8248,50718.0,0.8247,91606.0,0.8249,18848.0,0.825,79427.0
1753503409533,04:16:49.533,ADA/USDT:USDT,0.8248,50718.0,0.8247,91606.0,0.8249,18609.0,0.825,79775.0
1753503409639,04:16:49.639,ADA/USDT:USDT,0.8248,50718.0,0.8247,91606.0,0.8249,18609.0,0.825,80941.0
1753503409758,04:16:49.758,ADA/USDT:USDT,0.8248,50718.0,0.8247,91606.0,0.8249,18609.0,0.825,80941.0
1753503409861,04:16:49.861,ADA/USDT:USDT,0.8248,50718.0,0.8247,91497.0,0.8249,18609.0,0.825,80941.0
1753503409964,04:16:49.964,ADA/USDT:USDT,0.8248,50718.0,0.8247,91497.0,0.8249,18609.0,0.825,80339.0
1753503410067,04:16:50.067,ADA/USDT:USDT,0.8248,50603.0,0.8247,62561.0,0.8249,39286.0,0.825,95741.0
1753503410169,04:16:50.169,ADA/USDT:USDT,0.8248,29578.0,0.8247,62561.0,0.8249,42818.0,0.825,95741.0
1753503410297,04:16:50.297,ADA/USDT:USDT,0.8248,40340.0,0.8247,62561.0,0.8249,22489.0,0.825,95175.0
1753503410410,04:16:50.410,ADA/USDT:USDT,0.8248,40338.0,0.8247,62561.0,0.8249,22489.0,0.825,95175.0
1753503410522,04:16:50.522,ADA/USDT:USDT,0.8248,26866.0,0.8247,62561.0,0.8249,41622.0,0.825,95983.0
1753503410625,04:16:50.625,ADA/USDT:USDT,0.8248,37675.0,0.8247,70971.0,0.8249,18374.0,0.825,88323.0
1753503410759,04:16:50.759,ADA/USDT:USDT,0.8248,37722.0,0.8247,74956.0,0.8249,18964.0,0.825,87975.0
1753503410902,04:16:50.902,ADA/USDT:USDT,0.8248,37840.0,0.8247,74981.0,0.8249,18964.0,0.825,87975.0
1753503411006,04:16:51.006,ADA/USDT:USDT,0.8248,37897.0,0.8247,74981.0,0.8249,18964.0,0.825,87975.0
1753503411109,04:16:51.109,ADA/USDT:USDT,0.8248,42162.0,0.8247,74981.0,0.8249,18507.0,0.825,88323.0
1753503411227,04:16:51.227,ADA/USDT:USDT,0.8248,42510.0,0.8247,74633.0,0.8249,18850.0,0.825,88323.0
1753503411343,04:16:51.343,ADA/USDT:USDT,0.8248,37912.0,0.8247,74981.0,0.8249,18850.0,0.825,88323.0
1753503411502,04:16:51.502,ADA/USDT:USDT,0.8248,37912.0,0.8247,74981.0,0.8249,18923.0,0.825,88323.0
1753503411604,04:16:51.604,ADA/USDT:USDT,0.8248,38995.0,0.8247,74981.0,0.8249,18681.0,0.825,88923.0
1753503411707,04:16:51.707,ADA/USDT:USDT,0.8248,38995.0,0.8247,74981.0,0.8249,19187.0,0.825,88575.0
1753503411808,04:16:51.808,ADA/USDT:USDT,0.8248,38995.0,0.8247,74956.0,0.8249,18945.0,0.825,92585.0
1753503411926,04:16:51.926,ADA/USDT:USDT,0.8248,38995.0,0.8247,74956.0,0.8249,18945.0,0.825,92827.0
1753503412033,04:16:52.033,ADA/USDT:USDT,0.8248,37881.0,0.8247,74956.0,0.8249,18945.0,0.825,92237.0
1753503412255,04:16:52.255,ADA/USDT:USDT,0.8248,38025.0,0.8247,74837.0,0.8249,19677.0,0.825,92237.0
1753503412406,04:16:52.406,ADA/USDT:USDT,0.8248,38005.0,0.8247,74812.0,0.8249,19967.0,0.825,92237.0
1753503412522,04:16:52.522,ADA/USDT:USDT,0.8248,38005.0,0.8247,74812.0,0.8249,19742.0,0.825,92237.0
1753503412636,04:16:52.636,ADA/USDT:USDT,0.8248,38005.0,0.8247,75392.0,0.8249,19984.0,0.825,92237.0
1753503412837,04:16:52.837,ADA/USDT:USDT,0.8248,38005.0,0.8247,75392.0,0.8249,19984.0,0.825,92237.0
1753503412940,04:16:52.940,ADA/USDT:USDT,0.8248,38005.0,0.8247,75884.0,0.8249,19984.0,0.825,92237.0
1753503413054,04:16:53.054,ADA/USDT:USDT,0.8248,38005.0,0.8247,75884.0,0.8249,19984.0,0.825,91637.0
1753503413157,04:16:53.157,ADA/USDT:USDT,0.8248,38005.0,0.8247,75884.0,0.8249,19976.0,0.825,91612.0
1753503413298,04:16:53.298,ADA/USDT:USDT,0.8248,38005.0,0.8247,75884.0,0.8249,19976.0,0.825,91612.0
1753503413451,04:16:53.451,ADA/USDT:USDT,0.8248,38019.0,0.8247,75884.0,0.8249,19988.0,0.825,91612.0
1753503413603,04:16:53.603,ADA/USDT:USDT,0.8248,38019.0,0.8247,75859.0,0.8249,19716.0,0.825,92232.0
1753503413705,04:16:53.705,ADA/USDT:USDT,0.8248,38019.0,0.8247,75859.0,0.8249,19727.0,0.825,92352.0
1753503413823,04:16:53.823,ADA/USDT:USDT,0.8248,38019.0,0.8247,75859.0,0.8249,19727.0,0.825,92352.0
1753503413936,04:16:53.936,ADA/USDT:USDT,0.8248,38019.0,0.8247,75859.0,0.8249,19727.0,0.825,92232.0
1753503414057,04:16:54.057,ADA/USDT:USDT,0.8248,38012.0,0.8247,75403.0,0.8249,9709.0,0.825,91960.0
1753503414159,04:16:54.159,ADA/USDT:USDT,0.8248,38360.0,0.8247,105669.0,0.8249,3578.0,0.825,91960.0
1753503414260,04:16:54.260,ADA/USDT:USDT,0.8248,42635.0,0.8247,105118.0,0.8249,9717.0,0.825,91960.0
1753503414395,04:16:54.395,ADA/USDT:USDT,0.8248,42635.0,0.8247,105118.0,0.8249,9721.0,0.825,91776.0
1753503414524,04:16:54.524,ADA/USDT:USDT,0.8248,42635.0,0.8247,105118.0,0.8249,9478.0,0.825,92018.0
1753503414625,04:16:54.625,ADA/USDT:USDT,0.8248,38012.0,0.8247,105441.0,0.8249,24838.0,0.825,91428.0
1753503414730,04:16:54.730,ADA/USDT:USDT,0.8248,38544.0,0.8247,96143.0,0.8249,30654.0,0.825,91453.0
1753503414832,04:16:54.832,ADA/USDT:USDT,0.8248,38544.0,0.8247,96143.0,0.8249,26404.0,0.825,91453.0
1753503415016,04:16:55.016,ADA/USDT:USDT,0.8248,38544.0,0.8247,96143.0,0.8249,20831.0,0.825,91453.0
1753503415153,04:16:55.153,ADA/USDT:USDT,0.8248,38544.0,0.8247,96143.0,0.8249,19370.0,0.825,91453.0
1753503415255,04:16:55.255,ADA/USDT:USDT,0.8248,38544.0,0.8247,96143.0,0.8249,20830.0,0.825,91428.0
1753503415373,04:16:55.373,ADA/USDT:USDT,0.8248,38661.0,0.8247,96168.0,0.8249,20830.0,0.825,91428.0
1753503415530,04:16:55.530,ADA/USDT:USDT,0.8248,42936.0,0.8247,96168.0,0.8249,20539.0,0.825,91428.0
1753503415634,04:16:55.634,ADA/USDT:USDT,0.8248,38661.0,0.8247,96143.0,0.8249,21058.0,0.825,91428.0
1753503415752,04:16:55.752,ADA/USDT:USDT,0.8248,38661.0,0.8247,96143.0,0.8249,21058.0,0.825,91428.0
1753503415867,04:16:55.867,ADA/USDT:USDT,0.8248,38661.0,0.8247,96143.0,0.8249,21058.0,0.825,91453.0
1753503416153,04:16:56.153,ADA/USDT:USDT,0.8248,39009.0,0.8247,96376.0,0.8249,9927.0,0.825,91776.0
1753503416261,04:16:56.261,ADA/USDT:USDT,0.8248,38661.0,0.8247,96168.0,0.8249,20765.0,0.825,91428.0
1753503416362,04:16:56.362,ADA/USDT:USDT,0.8248,39009.0,0.8247,95820.0,0.8249,9655.0,0.825,91776.0
1753503416488,04:16:56.488,ADA/USDT:USDT,0.8248,39009.0,0.8247,95940.0,0.8249,9857.0,0.825,91801.0
1753503416615,04:16:56.615,ADA/USDT:USDT,0.8248,49056.0,0.8247,96521.0,0.8249,3719.0,0.825,83228.0
1753503416719,04:16:56.719,ADA/USDT:USDT,0.8248,52693.0,0.8247,97853.0,0.8249,3515.0,0.825,83228.0
1753503416822,04:16:56.822,ADA/USDT:USDT,0.8248,48443.0,0.8247,97853.0,0.8249,3515.0,0.825,91776.0
1753503416934,04:16:56.934,ADA/USDT:USDT,0.8248,48443.0,0.8247,97853.0,0.8249,3515.0,0.825,91776.0
1753503417037,04:16:57.037,ADA/USDT:USDT,0.8248,48443.0,0.8247,97853.0,0.8249,7593.0,0.825,91801.0
1753503417163,04:16:57.163,ADA/USDT:USDT,0.8248,58275.0,0.8247,100653.0,0.8249,3599.0,0.825,83228.0
1753503417268,04:16:57.268,ADA/USDT:USDT,0.8248,52702.0,0.8247,100673.0,0.8249,3593.0,0.825,83228.0
1753503417371,04:16:57.371,ADA/USDT:USDT,0.8249,85344.0,0.8248,75186.0,0.825,39036.0,0.8251,55679.0
1753503417474,04:16:57.474,ADA/USDT:USDT,0.8249,82033.0,0.8248,73512.0,0.825,8460.0,0.8251,53968.0
1753503417577,04:16:57.577,ADA/USDT:USDT,0.8249,85566.0,0.8248,73632.0,0.825,8460.0,0.8251,53968.0
1753503417788,04:16:57.788,ADA/USDT:USDT,0.8249,85566.0,0.8248,73632.0,0.825,8346.0,0.8251,49301.0
1753503417891,04:16:57.891,ADA/USDT:USDT,0.8249,85566.0,0.8248,73632.0,0.825,8346.0,0.8251,49117.0
1753503417995,04:16:57.995,ADA/USDT:USDT,0.8249,90692.0,0.8248,73632.0,0.825,8104.0,0.8251,48875.0
1753503418108,04:16:58.108,ADA/USDT:USDT,0.825,83781.0,0.8249,76695.0,0.8251,6209.0,0.8252,79148.0
1753503418209,04:16:58.209,ADA/USDT:USDT,0.8251,33535.0,0.825,71668.0,0.8252,54485.0,0.8253,72681.0
1753503418310,04:16:58.310,ADA/USDT:USDT,0.8251,32114.0,0.825,70333.0,0.8252,56872.0,0.8253,72739.0
1753503418414,04:16:58.414,ADA/USDT:USDT,0.8251,33065.0,0.825,74968.0,0.8252,57122.0,0.8253,78398.0
1753503418517,04:16:58.517,ADA/USDT:USDT,0.8251,33065.0,0.825,74968.0,0.8252,57480.0,0.8253,78406.0
1753503418619,04:16:58.619,ADA/USDT:USDT,0.8251,33065.0,0.825,74943.0,0.8252,57480.0,0.8253,79007.0
1753503418728,04:16:58.728,ADA/USDT:USDT,0.8251,33065.0,0.825,74943.0,0.8252,57480.0,0.8253,79007.0
1753503418837,04:16:58.837,ADA/USDT:USDT,0.8251,33065.0,0.825,74943.0,0.8252,65120.0,0.8253,79007.0
1753503418977,04:16:58.977,ADA/USDT:USDT,0.8251,29347.0,0.825,74943.0,0.8252,65362.0,0.8253,79611.0
1753503419185,04:16:59.185,ADA/USDT:USDT,0.8251,29357.0,0.825,74943.0,0.8252,65482.0,0.8253,74483.0
1753503419288,04:16:59.288,ADA/USDT:USDT,0.8251,29357.0,0.825,74943.0,0.8252,65482.0,0.8253,74483.0
1753503419392,04:16:59.392,ADA/USDT:USDT,0.8251,29357.0,0.825,74950.0,0.8252,65602.0,0.8253,74483.0
1753503419494,04:16:59.494,ADA/USDT:USDT,0.8251,24208.0,0.825,74950.0,0.8252,65602.0,0.8253,74963.0
1753503419719,04:16:59.719,ADA/USDT:USDT,0.8251,12426.0,0.825,70295.0,0.8252,75525.0,0.8253,86558.0
1753503419822,04:16:59.822,ADA/USDT:USDT,0.8251,11883.0,0.825,70295.0,0.8252,77357.0,0.8253,88022.0
1753503419923,04:16:59.923,ADA/USDT:USDT,0.8251,11883.0,0.825,70295.0,0.8252,77380.0,0.8253,88022.0
1753503420034,04:17:00.034,ADA/USDT:USDT,0.8251,11883.0,0.825,70295.0,0.8252,67697.0,0.8253,88022.0
1753503420138,04:17:00.138,ADA/USDT:USDT,0.8251,11882.0,0.825,70295.0,0.8252,67713.0,0.8253,86544.0
1753503420239,04:17:00.239,ADA/USDT:USDT,0.8251,22644.0,0.825,70295.0,0.8252,66965.0,0.8253,77004.0
1753503420340,04:17:00.340,ADA/USDT:USDT,0.8251,29052.0,0.825,70305.0,0.8252,66985.0,0.8253,76883.0
