timestamp,time,symbol,bid1_price,bid1_volume,bid2_price,bid2_volume,ask1_price,ask1_volume,ask2_price,ask2_volume
1753504006658,04:26:46.658,ADA/USDT:USDT,0.8242,61448.0,0.8241,100333.0,0.8243,30666.0,0.8244,93111.0
1753504006808,04:26:46.808,ADA/USDT:USDT,0.8242,61448.0,0.8241,100333.0,0.8243,30666.0,0.8244,93111.0
1753504006958,04:26:46.958,ADA/USDT:USDT,0.8242,61448.0,0.8241,100333.0,0.8243,30666.0,0.8244,93111.0
1753504007258,04:26:47.258,ADA/USDT:USDT,0.8242,44948.0,0.8241,100333.0,0.8243,47229.0,0.8244,93111.0
1753504007408,04:26:47.408,ADA/USDT:USDT,0.8242,44948.0,0.8241,100333.0,0.8243,47229.0,0.8244,93111.0
1753504007558,04:26:47.558,ADA/USDT:USDT,0.8242,44948.0,0.8241,100333.0,0.8243,47229.0,0.8244,93111.0
1753504007858,04:26:47.858,ADA/USDT:USDT,0.8242,44948.0,0.8241,100333.0,0.8243,47229.0,0.8244,93111.0
1753504008008,04:26:48.008,ADA/USDT:USDT,0.8242,44948.0,0.8241,100333.0,0.8243,47229.0,0.8244,93111.0
1753504008159,04:26:48.159,ADA/USDT:USDT,0.8242,44948.0,0.8241,100333.0,0.8243,47229.0,0.8244,93111.0
1753504008459,04:26:48.459,ADA/USDT:USDT,0.8242,44948.0,0.8241,100333.0,0.8243,47229.0,0.8244,93111.0
1753504008609,04:26:48.609,ADA/USDT:USDT,0.8242,44948.0,0.8241,100333.0,0.8243,47229.0,0.8244,93111.0
1753504008759,04:26:48.759,ADA/USDT:USDT,0.8242,44948.0,0.8241,100333.0,0.8243,20446.0,0.8244,81819.0
1753504008909,04:26:48.909,ADA/USDT:USDT,0.8242,44948.0,0.8241,100333.0,0.8243,20446.0,0.8244,92442.0
1753504009059,04:26:49.059,ADA/USDT:USDT,0.8242,44948.0,0.8241,100333.0,0.8243,20446.0,0.8244,92442.0
1753504009209,04:26:49.209,ADA/USDT:USDT,0.8242,44948.0,0.8241,100333.0,0.8243,20446.0,0.8244,93112.0
1753504009359,04:26:49.359,ADA/USDT:USDT,0.8242,44948.0,0.8241,100333.0,0.8243,20446.0,0.8244,93112.0
1753504009509,04:26:49.509,ADA/USDT:USDT,0.8242,44948.0,0.8241,100333.0,0.8243,45946.0,0.8244,93112.0
1753504009659,04:26:49.659,ADA/USDT:USDT,0.8242,44948.0,0.8241,99663.0,0.8243,45946.0,0.8244,93112.0
1753504009960,04:26:49.960,ADA/USDT:USDT,0.8242,44948.0,0.8241,99663.0,0.8243,45946.0,0.8244,93112.0
1753504010110,04:26:50.110,ADA/USDT:USDT,0.8242,44948.0,0.8241,99663.0,0.8243,45946.0,0.8244,93112.0
1753504010260,04:26:50.260,ADA/USDT:USDT,0.8242,44948.0,0.8241,99663.0,0.8243,45946.0,0.8244,93112.0
1753504010410,04:26:50.410,ADA/USDT:USDT,0.8242,44948.0,0.8241,99663.0,0.8243,20446.0,0.8244,93112.0
1753504010560,04:26:50.560,ADA/USDT:USDT,0.8242,61448.0,0.8241,99663.0,0.8243,45946.0,0.8244,93112.0
1753504010710,04:26:50.710,ADA/USDT:USDT,0.8242,61448.0,0.8241,99663.0,0.8243,45946.0,0.8244,93112.0
1753504010860,04:26:50.860,ADA/USDT:USDT,0.8242,61448.0,0.8241,99663.0,0.8243,45946.0,0.8244,93112.0
1753504011010,04:26:51.010,ADA/USDT:USDT,0.8242,61448.0,0.8241,99663.0,0.8243,45946.0,0.8244,93112.0
1753504011160,04:26:51.160,ADA/USDT:USDT,0.8242,61448.0,0.8241,99663.0,0.8243,45946.0,0.8244,93112.0
1753504011310,04:26:51.310,ADA/USDT:USDT,0.8242,61448.0,0.8241,100333.0,0.8243,45946.0,0.8244,93112.0
1753504011460,04:26:51.460,ADA/USDT:USDT,0.8243,27181.0,0.8242,79496.0,0.8244,62357.0,0.8245,30509.0
1753504011611,04:26:51.611,ADA/USDT:USDT,0.8243,65705.0,0.8242,86553.0,0.8244,6271.0,0.8245,79474.0
1753504011761,04:26:51.761,ADA/USDT:USDT,0.8243,65705.0,0.8242,86553.0,0.8244,6271.0,0.8245,78868.0
1753504011911,04:26:51.911,ADA/USDT:USDT,0.8243,65705.0,0.8242,119621.0,0.8244,3830.0,0.8245,78868.0
1753504012211,04:26:52.211,ADA/USDT:USDT,0.8243,65705.0,0.8242,130244.0,0.8244,2682.0,0.8245,89491.0
1753504012361,04:26:52.361,ADA/USDT:USDT,0.8243,65705.0,0.8242,130244.0,0.8244,4281.0,0.8245,89491.0
1753504012511,04:26:52.511,ADA/USDT:USDT,0.8243,65035.0,0.8242,120574.0,0.8244,4281.0,0.8245,90161.0
1753504012661,04:26:52.661,ADA/USDT:USDT,0.8243,65035.0,0.8242,136465.0,0.8244,40110.0,0.8245,90161.0
1753504012811,04:26:52.811,ADA/USDT:USDT,0.8243,64193.0,0.8242,122962.0,0.8244,56673.0,0.8245,90161.0
1753504012961,04:26:52.961,ADA/USDT:USDT,0.8243,17788.0,0.8242,96448.0,0.8244,56673.0,0.8245,90161.0
1753504013111,04:26:53.111,ADA/USDT:USDT,0.8243,17788.0,0.8242,122961.0,0.8244,56673.0,0.8245,90767.0
1753504013262,04:26:53.262,ADA/USDT:USDT,0.8243,17788.0,0.8242,122961.0,0.8244,56673.0,0.8245,90767.0
1753504013412,04:26:53.412,ADA/USDT:USDT,0.8242,41016.0,0.8241,55948.0,0.8244,61718.0,0.8245,90767.0
1753504013562,04:26:53.562,ADA/USDT:USDT,0.8242,101033.0,0.8241,69423.0,0.8243,17640.0,0.8244,72943.0
1753504013712,04:26:53.712,ADA/USDT:USDT,0.8242,118096.0,0.8241,69423.0,0.8243,40089.0,0.8244,106074.0
1753504014012,04:26:54.012,ADA/USDT:USDT,0.8242,85028.0,0.8241,102491.0,0.8243,56652.0,0.8244,89511.0
1753504014162,04:26:54.162,ADA/USDT:USDT,0.8242,85028.0,0.8241,102491.0,0.8243,56652.0,0.8244,89511.0
1753504014312,04:26:54.312,ADA/USDT:USDT,0.8242,85028.0,0.8241,102491.0,0.8243,56652.0,0.8244,89511.0
1753504014462,04:26:54.462,ADA/USDT:USDT,0.8242,85028.0,0.8241,102491.0,0.8243,55474.0,0.8244,89511.0
1753504014612,04:26:54.612,ADA/USDT:USDT,0.8242,85028.0,0.8241,103161.0,0.8243,21788.0,0.8244,84466.0
1753504014763,04:26:54.763,ADA/USDT:USDT,0.8242,85028.0,0.8241,103161.0,0.8243,5225.0,0.8244,95089.0
1753504014913,04:26:54.913,ADA/USDT:USDT,0.8242,85028.0,0.8241,103161.0,0.8243,4081.0,0.8244,95089.0
1753504015063,04:26:55.063,ADA/USDT:USDT,0.8242,85028.0,0.8241,103161.0,0.8243,4081.0,0.8244,95089.0
1753504015213,04:26:55.213,ADA/USDT:USDT,0.8242,85028.0,0.8241,103161.0,0.8243,4081.0,0.8244,95089.0
1753504015363,04:26:55.363,ADA/USDT:USDT,0.8242,85028.0,0.8241,103161.0,0.8243,1640.0,0.8244,95089.0
1753504015513,04:26:55.513,ADA/USDT:USDT,0.8243,41339.0,0.8242,89573.0,0.8244,47754.0,0.8245,89484.0
1753504015663,04:26:55.663,ADA/USDT:USDT,0.8243,60521.0,0.8242,98243.0,0.8244,24771.0,0.8245,89484.0
1753504015813,04:26:55.813,ADA/USDT:USDT,0.8243,60521.0,0.8242,106923.0,0.8244,24771.0,0.8245,89484.0
1753504015963,04:26:55.963,ADA/USDT:USDT,0.8243,60521.0,0.8242,106923.0,0.8244,27386.0,0.8245,89484.0
1753504016263,04:26:56.263,ADA/USDT:USDT,0.8243,60521.0,0.8242,106923.0,0.8244,26882.0,0.8245,89484.0
1753504016413,04:26:56.413,ADA/USDT:USDT,0.8243,60521.0,0.8242,106923.0,0.8244,26882.0,0.8245,89484.0
1753504016563,04:26:56.563,ADA/USDT:USDT,0.8243,60521.0,0.8242,106923.0,0.8244,31771.0,0.8245,89484.0
1753504016714,04:26:56.714,ADA/USDT:USDT,0.8243,60521.0,0.8242,106923.0,0.8244,31771.0,0.8245,89484.0
1753504016864,04:26:56.864,ADA/USDT:USDT,0.8243,60521.0,0.8242,106923.0,0.8244,31771.0,0.8245,89484.0
1753504017014,04:26:57.014,ADA/USDT:USDT,0.8243,60521.0,0.8242,106923.0,0.8244,24771.0,0.8245,89484.0
1753504017164,04:26:57.164,ADA/USDT:USDT,0.8243,60521.0,0.8242,106923.0,0.8244,25383.0,0.8245,89484.0
1753504017314,04:26:57.314,ADA/USDT:USDT,0.8243,60521.0,0.8242,106923.0,0.8244,25383.0,0.8245,89484.0
1753504017464,04:26:57.464,ADA/USDT:USDT,0.8243,59851.0,0.8242,106923.0,0.8244,25751.0,0.8245,93351.0
1753504017614,04:26:57.614,ADA/USDT:USDT,0.8243,59851.0,0.8242,106923.0,0.8244,25751.0,0.8245,92681.0
1753504017764,04:26:57.764,ADA/USDT:USDT,0.8243,59851.0,0.8242,107763.0,0.8244,5079.0,0.8245,89484.0
1753504018064,04:26:58.064,ADA/USDT:USDT,0.8243,59851.0,0.8242,107763.0,0.8244,1599.0,0.8245,62971.0
1753504018365,04:26:58.365,ADA/USDT:USDT,0.8244,71821.0,0.8243,84071.0,0.8245,66439.0,0.8246,78660.0
1753504018514,04:26:58.514,ADA/USDT:USDT,0.8244,71821.0,0.8243,110860.0,0.8245,33371.0,0.8246,111726.0
1753504018665,04:26:58.665,ADA/USDT:USDT,0.8244,77536.0,0.8243,126844.0,0.8245,5429.0,0.8246,106676.0
1753504018815,04:26:58.815,ADA/USDT:USDT,0.8244,77536.0,0.8243,126844.0,0.8245,5429.0,0.8246,106676.0
1753504018965,04:26:58.965,ADA/USDT:USDT,0.8244,77536.0,0.8243,126844.0,0.8245,5079.0,0.8246,96056.0
1753504019415,04:26:59.415,ADA/USDT:USDT,0.8244,77536.0,0.8243,126844.0,0.8245,1840.0,0.8246,17465.0
1753504019565,04:26:59.565,ADA/USDT:USDT,0.8244,77536.0,0.8243,126844.0,0.8245,3439.0,0.8246,58075.0
1753504019715,04:26:59.715,ADA/USDT:USDT,0.8244,77536.0,0.8243,126844.0,0.8245,3789.0,0.8246,68695.0
1753504019865,04:26:59.865,ADA/USDT:USDT,0.8244,77536.0,0.8243,126844.0,0.8245,3789.0,0.8246,68695.0
1753504020015,04:27:00.015,ADA/USDT:USDT,0.8244,76866.0,0.8243,126174.0,0.8245,5429.0,0.8246,68530.0
1753504020165,04:27:00.165,ADA/USDT:USDT,0.8244,76866.0,0.8243,126965.0,0.8246,25728.0,0.8247,78139.0
1753504020316,04:27:00.316,ADA/USDT:USDT,0.8245,53992.0,0.8244,81478.0,0.8246,30157.0,0.8247,94626.0
1753504020466,04:27:00.466,ADA/USDT:USDT,0.8245,55941.0,0.8244,111296.0,0.8246,4429.0,0.8247,67519.0
1753504020616,04:27:00.616,ADA/USDT:USDT,0.8245,55941.0,0.8244,111296.0,0.8246,4429.0,0.8247,83400.0
1753504020766,04:27:00.766,ADA/USDT:USDT,0.8245,55941.0,0.8244,111296.0,0.8246,4429.0,0.8247,83400.0
1753504020916,04:27:00.916,ADA/USDT:USDT,0.8245,55941.0,0.8244,111296.0,0.8246,5695.0,0.8247,76942.0
1753504021066,04:27:01.066,ADA/USDT:USDT,0.8245,55941.0,0.8244,111296.0,0.8246,20866.0,0.8247,77612.0
1753504021216,04:27:01.216,ADA/USDT:USDT,0.8245,55941.0,0.8244,121915.0,0.8246,28773.0,0.8247,88231.0
1753504021366,04:27:01.366,ADA/USDT:USDT,0.8245,55941.0,0.8244,121915.0,0.8246,28773.0,0.8247,88231.0
1753504021516,04:27:01.516,ADA/USDT:USDT,0.8245,55941.0,0.8244,121915.0,0.8246,53433.0,0.8247,88231.0
1753504021666,04:27:01.666,ADA/USDT:USDT,0.8245,55941.0,0.8244,108282.0,0.8246,53433.0,0.8247,88231.0
1753504021817,04:27:01.817,ADA/USDT:USDT,0.8245,55941.0,0.8244,108282.0,0.8246,20026.0,0.8247,61731.0
1753504021967,04:27:01.967,ADA/USDT:USDT,0.8245,58357.0,0.8244,110698.0,0.8246,20026.0,0.8247,61731.0
1753504022117,04:27:02.117,ADA/USDT:USDT,0.8245,58357.0,0.8244,110698.0,0.8246,18077.0,0.8247,72350.0
1753504022267,04:27:02.267,ADA/USDT:USDT,0.8245,58357.0,0.8244,110698.0,0.8246,18077.0,0.8247,88228.0
1753504022417,04:27:02.417,ADA/USDT:USDT,0.8245,77857.0,0.8244,110698.0,0.8246,33176.0,0.8247,88228.0
1753504022567,04:27:02.567,ADA/USDT:USDT,0.8245,58357.0,0.8244,111304.0,0.8247,60899.0,0.8248,67647.0
1753504022867,04:27:02.867,ADA/USDT:USDT,0.8246,52038.0,0.8245,80718.0,0.8247,10720.0,0.8248,100666.0
1753504023017,04:27:03.017,ADA/USDT:USDT,0.8246,52038.0,0.8245,113781.0,0.8247,27283.0,0.8248,84790.0
1753504023167,04:27:03.167,ADA/USDT:USDT,0.8246,52038.0,0.8245,113781.0,0.8247,29877.0,0.8248,81897.0
1753504023317,04:27:03.317,ADA/USDT:USDT,0.8246,52038.0,0.8245,113781.0,0.8247,29877.0,0.8248,81897.0
1753504023467,04:27:03.467,ADA/USDT:USDT,0.8246,59538.0,0.8245,113781.0,0.8247,53377.0,0.8248,81897.0
1753504023618,04:27:03.618,ADA/USDT:USDT,0.8246,59538.0,0.8245,107679.0,0.8247,20699.0,0.8248,66021.0
1753504023768,04:27:03.768,ADA/USDT:USDT,0.8246,59538.0,0.8245,105263.0,0.8247,24800.0,0.8248,81895.0
1753504023917,04:27:03.917,ADA/USDT:USDT,0.8246,59538.0,0.8245,105263.0,0.8247,20699.0,0.8248,81774.0
1753504024218,04:27:04.218,ADA/USDT:USDT,0.8246,59538.0,0.8245,105263.0,0.8247,14732.0,0.8248,81774.0
1753504024368,04:27:04.368,ADA/USDT:USDT,0.8246,52038.0,0.8245,105263.0,0.8247,16331.0,0.8248,82488.0
1753504024518,04:27:04.518,ADA/USDT:USDT,0.8246,64538.0,0.8245,105263.0,0.8247,46182.0,0.8248,82488.0
1753504024668,04:27:04.668,ADA/USDT:USDT,0.8246,64538.0,0.8245,105263.0,0.8247,46182.0,0.8248,82488.0
1753504024818,04:27:04.818,ADA/USDT:USDT,0.8246,52038.0,0.8245,105263.0,0.8247,46182.0,0.8248,82488.0
1753504025118,04:27:05.118,ADA/USDT:USDT,0.8246,52038.0,0.8245,105263.0,0.8247,46182.0,0.8248,82488.0
1753504025269,04:27:05.269,ADA/USDT:USDT,0.8246,52038.0,0.8245,104593.0,0.8247,46182.0,0.8248,82488.0
1753504025419,04:27:05.419,ADA/USDT:USDT,0.8246,52038.0,0.8245,104593.0,0.8247,46182.0,0.8248,82488.0
1753504025569,04:27:05.569,ADA/USDT:USDT,0.8246,52038.0,0.8245,104593.0,0.8247,46182.0,0.8248,82488.0
1753504025719,04:27:05.719,ADA/USDT:USDT,0.8246,52038.0,0.8245,105307.0,0.8247,46182.0,0.8248,82488.0
1753504025869,04:27:05.869,ADA/USDT:USDT,0.8246,52038.0,0.8245,105307.0,0.8247,46182.0,0.8248,82488.0
1753504026019,04:27:06.019,ADA/USDT:USDT,0.8246,52038.0,0.8245,105307.0,0.8247,46182.0,0.8248,82488.0
1753504026169,04:27:06.169,ADA/USDT:USDT,0.8246,52038.0,0.8245,105307.0,0.8247,46182.0,0.8248,82488.0
1753504026319,04:27:06.319,ADA/USDT:USDT,0.8246,52038.0,0.8245,105307.0,0.8247,45342.0,0.8248,82488.0
1753504026469,04:27:06.469,ADA/USDT:USDT,0.8246,52038.0,0.8245,105307.0,0.8247,45342.0,0.8248,82488.0
1753504026619,04:27:06.619,ADA/USDT:USDT,0.8246,52038.0,0.8245,105307.0,0.8247,45342.0,0.8248,82488.0
1753504026769,04:27:06.769,ADA/USDT:USDT,0.8246,52038.0,0.8245,105307.0,0.8247,45342.0,0.8248,82488.0
1753504026920,04:27:06.920,ADA/USDT:USDT,0.8246,52038.0,0.8245,105307.0,0.8247,45342.0,0.8248,82488.0
1753504027070,04:27:07.070,ADA/USDT:USDT,0.8246,52038.0,0.8245,105307.0,0.8247,45342.0,0.8248,82488.0
1753504027220,04:27:07.220,ADA/USDT:USDT,0.8246,52038.0,0.8245,105307.0,0.8247,45342.0,0.8248,82488.0
1753504027370,04:27:07.370,ADA/USDT:USDT,0.8246,52038.0,0.8245,105307.0,0.8247,45342.0,0.8248,82488.0
1753504027520,04:27:07.520,ADA/USDT:USDT,0.8246,52038.0,0.8245,105307.0,0.8247,45342.0,0.8248,82488.0
1753504027670,04:27:07.670,ADA/USDT:USDT,0.8246,52038.0,0.8245,105307.0,0.8247,45342.0,0.8248,82488.0
1753504027820,04:27:07.820,ADA/USDT:USDT,0.8246,52038.0,0.8245,105307.0,0.8247,45342.0,0.8248,82488.0
1753504027970,04:27:07.970,ADA/USDT:USDT,0.8246,52038.0,0.8245,105307.0,0.8247,45342.0,0.8248,82488.0
1753504028120,04:27:08.120,ADA/USDT:USDT,0.8246,52038.0,0.8245,105307.0,0.8247,45342.0,0.8248,82488.0
1753504028270,04:27:08.270,ADA/USDT:USDT,0.8246,52038.0,0.8245,105307.0,0.8247,45342.0,0.8248,82488.0
1753504028420,04:27:08.420,ADA/USDT:USDT,0.8246,67538.0,0.8245,105307.0,0.8247,30342.0,0.8248,82488.0
1753504028570,04:27:08.570,ADA/USDT:USDT,0.8246,67538.0,0.8245,105307.0,0.8247,26078.0,0.8248,82488.0
1753504028721,04:27:08.721,ADA/USDT:USDT,0.8246,67538.0,0.8245,105307.0,0.8247,28456.0,0.8248,82488.0
1753504028871,04:27:08.871,ADA/USDT:USDT,0.8246,25265.0,0.8245,104587.0,0.8247,42240.0,0.8248,82488.0
1753504029021,04:27:09.021,ADA/USDT:USDT,0.8246,15689.0,0.8245,104587.0,0.8247,42240.0,0.8248,86290.0
1753504029171,04:27:09.171,ADA/USDT:USDT,0.8246,15689.0,0.8245,71530.0,0.8247,42240.0,0.8248,86290.0
1753504029321,04:27:09.321,ADA/USDT:USDT,0.8246,15689.0,0.8245,71530.0,0.8247,42240.0,0.8248,86290.0
1753504029471,04:27:09.471,ADA/USDT:USDT,0.8246,15689.0,0.8245,76911.0,0.8247,58240.0,0.8248,86290.0
1753504029621,04:27:09.621,ADA/USDT:USDT,0.8246,15689.0,0.8245,76911.0,0.8247,58240.0,0.8248,86290.0
1753504029771,04:27:09.771,ADA/USDT:USDT,0.8246,15689.0,0.8245,76911.0,0.8247,58240.0,0.8248,86290.0
1753504029921,04:27:09.921,ADA/USDT:USDT,0.8246,15689.0,0.8245,76911.0,0.8247,58240.0,0.8248,86290.0
1753504030221,04:27:10.221,ADA/USDT:USDT,0.8246,15689.0,0.8245,76911.0,0.8247,58240.0,0.8248,86284.0
1753504030372,04:27:10.372,ADA/USDT:USDT,0.8246,15689.0,0.8245,76911.0,0.8247,58240.0,0.8248,86284.0
1753504030522,04:27:10.522,ADA/USDT:USDT,0.8245,34539.0,0.8244,81286.0,0.8247,58240.0,0.8248,86284.0
1753504030672,04:27:10.672,ADA/USDT:USDT,0.8245,35648.0,0.8244,107782.0,0.8246,45842.0,0.8247,65879.0
1753504030822,04:27:10.822,ADA/USDT:USDT,0.8245,47413.0,0.8244,107782.0,0.8246,48557.0,0.8247,93743.0
1753504030972,04:27:10.972,ADA/USDT:USDT,0.8245,47413.0,0.8244,107782.0,0.8246,48557.0,0.8247,93137.0
1753504031122,04:27:11.122,ADA/USDT:USDT,0.8245,47413.0,0.8244,107782.0,0.8246,48557.0,0.8247,93137.0
1753504031272,04:27:11.272,ADA/USDT:USDT,0.8245,40418.0,0.8244,107782.0,0.8246,48557.0,0.8247,93137.0
1753504031422,04:27:11.422,ADA/USDT:USDT,0.8245,55418.0,0.8244,107782.0,0.8246,59557.0,0.8247,93743.0
1753504031572,04:27:11.572,ADA/USDT:USDT,0.8245,55418.0,0.8244,107782.0,0.8246,48557.0,0.8247,93743.0
1753504031722,04:27:11.722,ADA/USDT:USDT,0.8245,57058.0,0.8244,108548.0,0.8246,46613.0,0.8247,92371.0
1753504031872,04:27:11.872,ADA/USDT:USDT,0.8245,57058.0,0.8244,108548.0,0.8246,46613.0,0.8247,65879.0
1753504032022,04:27:12.022,ADA/USDT:USDT,0.8245,57058.0,0.8244,108548.0,0.8246,46613.0,0.8247,92374.0
1753504032173,04:27:12.173,ADA/USDT:USDT,0.8245,57058.0,0.8244,108548.0,0.8246,46613.0,0.8247,92374.0
1753504032323,04:27:12.323,ADA/USDT:USDT,0.8245,57058.0,0.8244,108548.0,0.8246,53482.0,0.8247,92374.0
1753504032473,04:27:12.473,ADA/USDT:USDT,0.8245,64558.0,0.8244,108548.0,0.8246,44963.0,0.8247,92374.0
1753504032623,04:27:12.623,ADA/USDT:USDT,0.8245,51058.0,0.8244,108548.0,0.8246,44133.0,0.8247,93101.0
1753504032773,04:27:12.773,ADA/USDT:USDT,0.8245,51058.0,0.8244,108548.0,0.8246,44133.0,0.8247,93101.0
1753504032923,04:27:12.923,ADA/USDT:USDT,0.8245,51058.0,0.8244,108548.0,0.8246,44133.0,0.8247,93101.0
1753504033073,04:27:13.073,ADA/USDT:USDT,0.8245,51058.0,0.8244,108548.0,0.8246,44133.0,0.8247,93101.0
1753504033223,04:27:13.223,ADA/USDT:USDT,0.8245,51058.0,0.8244,108548.0,0.8246,44133.0,0.8247,93101.0
1753504033373,04:27:13.373,ADA/USDT:USDT,0.8245,67558.0,0.8244,108548.0,0.8246,55626.0,0.8247,93101.0
1753504033523,04:27:13.523,ADA/USDT:USDT,0.8245,67558.0,0.8244,108548.0,0.8246,55619.0,0.8247,93101.0
1753504033673,04:27:13.673,ADA/USDT:USDT,0.8245,67558.0,0.8244,108548.0,0.8246,55619.0,0.8247,93101.0
1753504033824,04:27:13.824,ADA/USDT:USDT,0.8245,67558.0,0.8244,108548.0,0.8246,55612.0,0.8247,93101.0
1753504033974,04:27:13.974,ADA/USDT:USDT,0.8245,67558.0,0.8244,108548.0,0.8246,44112.0,0.8247,66606.0
1753504034124,04:27:14.124,ADA/USDT:USDT,0.8245,67558.0,0.8244,108548.0,0.8246,44105.0,0.8247,93100.0
1753504034274,04:27:14.274,ADA/USDT:USDT,0.8245,67558.0,0.8244,108548.0,0.8246,12203.0,0.8247,66606.0
1753504034424,04:27:14.424,ADA/USDT:USDT,0.8245,42058.0,0.8244,107782.0,0.8246,14995.0,0.8247,82481.0
1753504034574,04:27:14.574,ADA/USDT:USDT,0.8245,42058.0,0.8244,107782.0,0.8246,11308.0,0.8247,82481.0
1753504034724,04:27:14.724,ADA/USDT:USDT,0.8245,42058.0,0.8244,107782.0,0.8246,11308.0,0.8247,82481.0
1753504034874,04:27:14.874,ADA/USDT:USDT,0.8245,49058.0,0.8244,108402.0,0.8246,13445.0,0.8247,82481.0
1753504035024,04:27:15.024,ADA/USDT:USDT,0.8245,67558.0,0.8244,108402.0,0.8246,13438.0,0.8247,82481.0
1753504035174,04:27:15.174,ADA/USDT:USDT,0.8245,67558.0,0.8244,108402.0,0.8246,13438.0,0.8247,81754.0
1753504035324,04:27:15.324,ADA/USDT:USDT,0.8245,42058.0,0.8244,108402.0,0.8246,38247.0,0.8247,81754.0
1753504035474,04:27:15.474,ADA/USDT:USDT,0.8245,42058.0,0.8244,108402.0,0.8246,38247.0,0.8247,82339.0
1753504035625,04:27:15.625,ADA/USDT:USDT,0.8245,65058.0,0.8244,108402.0,0.8246,38240.0,0.8247,82339.0
1753504035775,04:27:15.775,ADA/USDT:USDT,0.8245,65058.0,0.8244,108402.0,0.8246,38226.0,0.8247,81754.0
1753504035925,04:27:15.925,ADA/USDT:USDT,0.8245,65058.0,0.8244,108402.0,0.8246,38226.0,0.8247,81754.0
1753504036225,04:27:16.225,ADA/USDT:USDT,0.8245,65058.0,0.8244,108402.0,0.8246,38219.0,0.8247,81754.0
1753504036525,04:27:16.525,ADA/USDT:USDT,0.8245,65058.0,0.8244,108402.0,0.8246,38212.0,0.8247,81754.0
1753504036675,04:27:16.675,ADA/USDT:USDT,0.8245,49058.0,0.8244,108402.0,0.8246,38198.0,0.8247,82336.0
1753504036825,04:27:16.825,ADA/USDT:USDT,0.8245,49058.0,0.8244,108402.0,0.8246,38198.0,0.8247,82336.0
1753504036975,04:27:16.975,ADA/USDT:USDT,0.8245,49058.0,0.8244,108402.0,0.8246,38198.0,0.8247,82336.0
1753504037125,04:27:17.125,ADA/USDT:USDT,0.8245,49058.0,0.8244,108402.0,0.8246,38198.0,0.8247,82336.0
1753504037275,04:27:17.275,ADA/USDT:USDT,0.8245,65058.0,0.8244,108402.0,0.8246,38198.0,0.8247,82336.0
1753504037426,04:27:17.426,ADA/USDT:USDT,0.8245,65058.0,0.8244,108402.0,0.8246,38198.0,0.8247,82336.0
1753504037576,04:27:17.576,ADA/USDT:USDT,0.8245,65058.0,0.8244,108402.0,0.8246,14198.0,0.8247,82336.0
1753504037726,04:27:17.726,ADA/USDT:USDT,0.8245,65058.0,0.8244,108402.0,0.8246,14198.0,0.8247,82336.0
1753504038026,04:27:18.026,ADA/USDT:USDT,0.8245,65058.0,0.8244,108402.0,0.8246,14198.0,0.8247,82336.0
1753504038176,04:27:18.176,ADA/USDT:USDT,0.8245,65058.0,0.8244,108402.0,0.8246,2792.0,0.8247,65879.0
1753504038326,04:27:18.326,ADA/USDT:USDT,0.8245,65058.0,0.8244,108402.0,0.8247,65879.0,0.8248,95704.0
1753504038476,04:27:18.476,ADA/USDT:USDT,0.8246,71440.0,0.8245,69323.0,0.8247,24836.0,0.8248,82375.0
1753504038626,04:27:18.626,ADA/USDT:USDT,0.8247,11656.0,0.8246,71969.0,0.8248,65894.0,0.8249,78503.0
1753504038776,04:27:18.776,ADA/USDT:USDT,0.8247,12821.0,0.8246,110121.0,0.8248,84203.0,0.8249,78503.0
1753504038926,04:27:18.926,ADA/USDT:USDT,0.8246,36519.0,0.8245,53853.0,0.8248,100766.0,0.8249,79085.0
1753504039077,04:27:19.077,ADA/USDT:USDT,0.8246,36519.0,0.8245,80471.0,0.8247,51805.0,0.8248,87247.0
1753504039227,04:27:19.227,ADA/USDT:USDT,0.8246,18928.0,0.8245,80471.0,0.8247,79836.0,0.8248,87829.0
1753504039377,04:27:19.377,ADA/USDT:USDT,0.8246,18928.0,0.8245,80471.0,0.8247,79836.0,0.8248,84785.0
1753504039527,04:27:19.527,ADA/USDT:USDT,0.8246,29589.0,0.8245,80471.0,0.8247,79254.0,0.8248,84203.0
1753504039677,04:27:19.677,ADA/USDT:USDT,0.8246,29589.0,0.8245,80471.0,0.8247,79254.0,0.8248,84785.0
1753504039827,04:27:19.827,ADA/USDT:USDT,0.8246,29589.0,0.8245,80471.0,0.8247,79254.0,0.8248,84785.0
1753504039977,04:27:19.977,ADA/USDT:USDT,0.8246,27990.0,0.8245,80471.0,0.8247,79254.0,0.8248,84785.0
1753504040127,04:27:20.127,ADA/USDT:USDT,0.8246,29589.0,0.8245,80471.0,0.8247,79254.0,0.8248,84785.0
1753504040277,04:27:20.277,ADA/USDT:USDT,0.8246,29589.0,0.8245,80557.0,0.8247,79254.0,0.8248,84785.0
1753504040427,04:27:20.427,ADA/USDT:USDT,0.8246,27990.0,0.8245,80557.0,0.8247,79254.0,0.8248,84785.0
1753504040577,04:27:20.577,ADA/USDT:USDT,0.8245,21129.0,0.8244,58971.0,0.8246,2356.0,0.8247,82450.0
1753504040727,04:27:20.727,ADA/USDT:USDT,0.8245,19837.0,0.8244,92023.0,0.8246,75229.0,0.8247,80653.0
1753504040878,04:27:20.878,ADA/USDT:USDT,0.8245,19837.0,0.8244,92023.0,0.8246,75229.0,0.8247,81259.0
1753504041028,04:27:21.028,ADA/USDT:USDT,0.8245,34837.0,0.8244,74848.0,0.8246,75113.0,0.8247,81259.0
1753504041178,04:27:21.178,ADA/USDT:USDT,0.8245,34837.0,0.8244,74848.0,0.8246,75113.0,0.8247,91877.0
1753504041328,04:27:21.328,ADA/USDT:USDT,0.8245,34837.0,0.8244,80703.0,0.8246,75113.0,0.8247,91877.0
1753504041478,04:27:21.478,ADA/USDT:USDT,0.8245,34837.0,0.8244,80703.0,0.8246,74531.0,0.8247,91295.0
1753504041628,04:27:21.628,ADA/USDT:USDT,0.8245,51400.0,0.8244,80703.0,0.8246,73716.0,0.8247,91295.0
1753504041778,04:27:21.778,ADA/USDT:USDT,0.8245,51400.0,0.8244,80703.0,0.8246,73716.0,0.8247,91295.0
1753504041928,04:27:21.928,ADA/USDT:USDT,0.8245,51400.0,0.8244,80703.0,0.8246,73716.0,0.8247,91295.0
1753504042078,04:27:22.078,ADA/USDT:USDT,0.8245,51400.0,0.8244,80703.0,0.8246,73716.0,0.8247,91877.0
1753504042228,04:27:22.228,ADA/USDT:USDT,0.8245,61900.0,0.8244,80703.0,0.8246,73716.0,0.8247,91877.0
1753504042378,04:27:22.378,ADA/USDT:USDT,0.8245,61900.0,0.8244,81225.0,0.8246,48216.0,0.8247,65795.0
1753504042679,04:27:22.679,ADA/USDT:USDT,0.8245,61900.0,0.8244,81225.0,0.8246,45976.0,0.8247,65771.0
1753504042829,04:27:22.829,ADA/USDT:USDT,0.8245,61900.0,0.8244,80703.0,0.8246,45976.0,0.8247,65771.0
1753504042979,04:27:22.979,ADA/USDT:USDT,0.8245,61900.0,0.8244,80703.0,0.8246,45976.0,0.8247,65771.0
1753504043129,04:27:23.129,ADA/USDT:USDT,0.8245,51400.0,0.8244,80703.0,0.8246,45976.0,0.8247,65771.0
1753504043279,04:27:23.279,ADA/USDT:USDT,0.8245,51400.0,0.8244,80703.0,0.8246,45976.0,0.8247,65771.0
1753504043429,04:27:23.429,ADA/USDT:USDT,0.8245,51400.0,0.8244,81225.0,0.8246,45976.0,0.8247,65771.0
1753504043579,04:27:23.579,ADA/USDT:USDT,0.8245,51400.0,0.8244,81225.0,0.8246,45976.0,0.8247,65771.0
1753504043729,04:27:23.729,ADA/USDT:USDT,0.8245,51400.0,0.8244,81225.0,0.8246,45976.0,0.8247,65771.0
1753504043879,04:27:23.879,ADA/USDT:USDT,0.8245,51276.0,0.8244,81225.0,0.8246,45976.0,0.8247,65771.0
1753504044029,04:27:24.029,ADA/USDT:USDT,0.8245,51276.0,0.8244,81225.0,0.8246,45976.0,0.8247,65771.0
1753504044180,04:27:24.180,ADA/USDT:USDT,0.8245,58276.0,0.8244,81225.0,0.8246,55976.0,0.8247,65771.0
1753504044330,04:27:24.330,ADA/USDT:USDT,0.8245,58276.0,0.8244,80703.0,0.8246,45976.0,0.8247,65771.0
1753504044480,04:27:24.480,ADA/USDT:USDT,0.8245,58276.0,0.8244,81207.0,0.8246,45976.0,0.8247,65771.0
1753504044630,04:27:24.630,ADA/USDT:USDT,0.8245,58276.0,0.8244,81207.0,0.8246,45976.0,0.8247,65771.0
1753504044780,04:27:24.780,ADA/USDT:USDT,0.8245,58276.0,0.8244,80703.0,0.8246,45976.0,0.8247,65771.0
1753504044930,04:27:24.930,ADA/USDT:USDT,0.8245,58276.0,0.8244,80703.0,0.8246,45976.0,0.8247,65771.0
1753504045080,04:27:25.080,ADA/USDT:USDT,0.8245,51276.0,0.8244,80703.0,0.8246,45976.0,0.8247,65771.0
1753504045230,04:27:25.230,ADA/USDT:USDT,0.8245,51276.0,0.8244,80703.0,0.8246,64976.0,0.8247,65771.0
1753504045380,04:27:25.380,ADA/USDT:USDT,0.8245,51276.0,0.8244,80703.0,0.8246,64976.0,0.8247,65771.0
1753504045530,04:27:25.530,ADA/USDT:USDT,0.8245,51276.0,0.8244,80703.0,0.8246,64976.0,0.8247,65771.0
1753504045680,04:27:25.680,ADA/USDT:USDT,0.8245,51276.0,0.8244,81207.0,0.8246,64976.0,0.8247,65771.0
1753504045830,04:27:25.830,ADA/USDT:USDT,0.8245,51276.0,0.8244,81207.0,0.8246,64976.0,0.8247,65771.0
1753504045981,04:27:25.981,ADA/USDT:USDT,0.8245,51276.0,0.8244,81207.0,0.8246,64976.0,0.8247,65771.0
1753504046131,04:27:26.131,ADA/USDT:USDT,0.8245,33587.0,0.8244,80703.0,0.8246,71476.0,0.8247,66377.0
1753504046281,04:27:26.281,ADA/USDT:USDT,0.8245,15425.0,0.8244,54208.0,0.8246,71476.0,0.8247,66377.0
1753504046431,04:27:26.431,ADA/USDT:USDT,0.8244,32809.0,0.8243,107947.0,0.8245,64341.0,0.8246,65157.0
1753504046581,04:27:26.581,ADA/USDT:USDT,0.8244,16924.0,0.8243,123832.0,0.8245,40790.0,0.8246,114087.0
1753504046731,04:27:26.731,ADA/USDT:USDT,0.8244,17739.0,0.8243,106296.0,0.8245,40790.0,0.8246,114087.0
1753504046881,04:27:26.881,ADA/USDT:USDT,0.8244,17739.0,0.8243,106296.0,0.8245,40790.0,0.8246,114087.0
1753504047031,04:27:27.031,ADA/USDT:USDT,0.8244,17739.0,0.8243,106296.0,0.8245,40790.0,0.8246,114087.0
1753504047181,04:27:27.181,ADA/USDT:USDT,0.8244,43239.0,0.8243,106296.0,0.8245,63790.0,0.8246,114087.0
1753504047331,04:27:27.331,ADA/USDT:USDT,0.8244,43239.0,0.8243,106296.0,0.8245,63790.0,0.8246,114087.0
1753504047481,04:27:27.481,ADA/USDT:USDT,0.8244,43239.0,0.8243,106296.0,0.8245,63790.0,0.8246,114087.0
1753504047631,04:27:27.631,ADA/USDT:USDT,0.8244,43239.0,0.8243,106296.0,0.8245,63790.0,0.8246,114087.0
1753504047782,04:27:27.782,ADA/USDT:USDT,0.8244,61442.0,0.8243,106770.0,0.8245,35487.0,0.8246,112899.0
1753504048232,04:27:28.232,ADA/USDT:USDT,0.8244,61442.0,0.8243,106770.0,0.8245,35487.0,0.8246,120323.0
1753504048382,04:27:28.382,ADA/USDT:USDT,0.8244,61442.0,0.8243,106770.0,0.8245,33851.0,0.8246,120323.0
1753504048532,04:27:28.532,ADA/USDT:USDT,0.8244,61442.0,0.8243,106770.0,0.8245,33851.0,0.8246,120323.0
1753504048682,04:27:28.682,ADA/USDT:USDT,0.8244,61442.0,0.8243,106770.0,0.8245,33851.0,0.8246,120905.0
1753504048832,04:27:28.832,ADA/USDT:USDT,0.8244,61442.0,0.8243,106770.0,0.8246,63278.0,0.8247,41667.0
1753504048982,04:27:28.982,ADA/USDT:USDT,0.8245,52262.0,0.8244,76499.0,0.8246,63278.0,0.8247,57551.0
1753504049132,04:27:29.132,ADA/USDT:USDT,0.8245,43262.0,0.8244,108275.0,0.8246,47228.0,0.8247,57551.0
1753504049282,04:27:29.282,ADA/USDT:USDT,0.8245,43262.0,0.8244,99327.0,0.8246,47228.0,0.8247,89996.0
1753504049583,04:27:29.583,ADA/USDT:USDT,0.8245,43262.0,0.8244,109947.0,0.8246,47228.0,0.8247,89996.0
1753504049733,04:27:29.733,ADA/USDT:USDT,0.8245,43262.0,0.8244,109947.0,0.8246,47228.0,0.8247,89996.0
1753504049883,04:27:29.883,ADA/USDT:USDT,0.8245,43262.0,0.8244,109947.0,0.8246,47228.0,0.8247,89996.0
1753504050033,04:27:30.033,ADA/USDT:USDT,0.8245,43262.0,0.8244,109947.0,0.8246,47228.0,0.8247,89996.0
1753504050183,04:27:30.183,ADA/USDT:USDT,0.8245,31902.0,0.8244,57941.0,0.8246,55228.0,0.8247,90578.0
1753504050333,04:27:30.333,ADA/USDT:USDT,0.8245,31902.0,0.8244,84444.0,0.8246,71791.0,0.8247,91184.0
1753504050483,04:27:30.483,ADA/USDT:USDT,0.8245,31902.0,0.8244,84444.0,0.8246,71791.0,0.8247,91184.0
1753504050633,04:27:30.633,ADA/USDT:USDT,0.8245,31902.0,0.8244,84444.0,0.8246,71791.0,0.8247,91184.0
1753504050783,04:27:30.783,ADA/USDT:USDT,0.8245,31902.0,0.8244,84444.0,0.8246,71791.0,0.8247,91184.0
1753504050933,04:27:30.933,ADA/USDT:USDT,0.8245,31902.0,0.8244,79399.0,0.8246,76836.0,0.8247,91184.0
1753504051084,04:27:31.084,ADA/USDT:USDT,0.8245,31902.0,0.8244,79399.0,0.8246,76836.0,0.8247,91184.0
1753504051234,04:27:31.234,ADA/USDT:USDT,0.8245,33501.0,0.8244,79399.0,0.8246,76836.0,0.8247,91184.0
1753504051384,04:27:31.384,ADA/USDT:USDT,0.8245,33501.0,0.8244,79399.0,0.8246,76836.0,0.8247,91184.0
1753504051534,04:27:31.534,ADA/USDT:USDT,0.8245,33501.0,0.8244,79399.0,0.8246,76836.0,0.8247,91184.0
1753504051684,04:27:31.684,ADA/USDT:USDT,0.8245,33501.0,0.8244,79399.0,0.8246,76836.0,0.8247,91184.0
1753504051834,04:27:31.834,ADA/USDT:USDT,0.8245,33501.0,0.8244,79399.0,0.8246,76836.0,0.8247,91184.0
1753504051984,04:27:31.984,ADA/USDT:USDT,0.8245,33501.0,0.8244,79399.0,0.8246,76836.0,0.8247,91184.0
1753504052134,04:27:32.134,ADA/USDT:USDT,0.8245,33501.0,0.8244,79399.0,0.8246,76836.0,0.8247,91184.0
1753504052284,04:27:32.284,ADA/USDT:USDT,0.8245,33501.0,0.8244,79399.0,0.8246,76836.0,0.8247,91184.0
1753504052434,04:27:32.434,ADA/USDT:USDT,0.8245,33501.0,0.8244,79399.0,0.8246,76836.0,0.8247,91184.0
1753504052584,04:27:32.584,ADA/USDT:USDT,0.8245,33501.0,0.8244,79399.0,0.8246,76836.0,0.8247,91184.0
1753504052735,04:27:32.735,ADA/USDT:USDT,0.8245,33501.0,0.8244,79399.0,0.8246,76836.0,0.8247,91184.0
1753504052885,04:27:32.885,ADA/USDT:USDT,0.8245,33501.0,0.8244,79399.0,0.8246,76836.0,0.8247,91184.0
1753504053035,04:27:33.035,ADA/USDT:USDT,0.8245,33501.0,0.8244,79399.0,0.8246,76836.0,0.8247,91184.0
1753504053185,04:27:33.185,ADA/USDT:USDT,0.8245,33851.0,0.8244,79399.0,0.8246,76836.0,0.8247,91184.0
1753504053335,04:27:33.335,ADA/USDT:USDT,0.8245,35491.0,0.8244,79399.0,0.8246,76836.0,0.8247,91184.0
1753504053485,04:27:33.485,ADA/USDT:USDT,0.8245,35491.0,0.8244,79399.0,0.8246,76836.0,0.8247,91184.0
1753504053635,04:27:33.635,ADA/USDT:USDT,0.8245,35491.0,0.8244,79399.0,0.8246,76836.0,0.8247,91184.0
1753504053785,04:27:33.785,ADA/USDT:USDT,0.8245,35491.0,0.8244,79399.0,0.8246,76836.0,0.8247,91184.0
1753504053935,04:27:33.935,ADA/USDT:USDT,0.8245,35491.0,0.8244,79399.0,0.8246,76836.0,0.8247,91184.0
1753504054085,04:27:34.085,ADA/USDT:USDT,0.8245,35491.0,0.8244,79399.0,0.8246,76836.0,0.8247,91184.0
1753504054235,04:27:34.235,ADA/USDT:USDT,0.8245,35491.0,0.8244,81815.0,0.8246,76836.0,0.8247,91184.0
1753504054386,04:27:34.386,ADA/USDT:USDT,0.8245,35491.0,0.8244,79399.0,0.8246,76836.0,0.8247,91184.0
1753504054536,04:27:34.536,ADA/USDT:USDT,0.8245,35491.0,0.8244,79399.0,0.8246,76836.0,0.8247,91184.0
1753504054836,04:27:34.836,ADA/USDT:USDT,0.8245,35491.0,0.8244,79399.0,0.8246,76836.0,0.8247,91184.0
1753504054986,04:27:34.986,ADA/USDT:USDT,0.8245,35491.0,0.8244,85039.0,0.8246,28688.0,0.8247,63373.0
1753504055136,04:27:35.136,ADA/USDT:USDT,0.8245,64230.0,0.8244,87455.0,0.8247,63373.0,0.8248,76672.0
1753504055286,04:27:35.286,ADA/USDT:USDT,0.8246,1599.0,0.8245,54406.0,0.8247,83617.0,0.8248,77254.0
1753504055436,04:27:35.436,ADA/USDT:USDT,0.8246,1599.0,0.8245,53728.0,0.8247,100786.0,0.8248,76648.0
1753504055586,04:27:35.586,ADA/USDT:USDT,0.8245,81867.0,0.8244,67072.0,0.8246,35006.0,0.8247,100786.0
1753504055736,04:27:35.736,ADA/USDT:USDT,0.8245,57260.0,0.8244,82957.0,0.8246,79018.0,0.8247,94236.0
1753504055886,04:27:35.886,ADA/USDT:USDT,0.8245,51516.0,0.8244,82957.0,0.8246,79018.0,0.8247,94842.0
1753504056037,04:27:36.037,ADA/USDT:USDT,0.8245,35636.0,0.8244,82957.0,0.8246,79018.0,0.8247,94842.0
1753504056187,04:27:36.187,ADA/USDT:USDT,0.8245,35636.0,0.8244,82957.0,0.8246,79018.0,0.8247,94842.0
1753504056337,04:27:36.337,ADA/USDT:USDT,0.8245,45085.0,0.8244,85373.0,0.8246,79018.0,0.8247,94842.0
1753504056487,04:27:36.487,ADA/USDT:USDT,0.8245,61648.0,0.8244,82957.0,0.8246,79018.0,0.8247,94842.0
1753504056637,04:27:36.637,ADA/USDT:USDT,0.8245,61648.0,0.8244,82957.0,0.8246,79018.0,0.8247,94842.0
1753504056787,04:27:36.787,ADA/USDT:USDT,0.8245,61648.0,0.8244,82957.0,0.8246,79018.0,0.8247,94842.0
1753504056937,04:27:36.937,ADA/USDT:USDT,0.8245,61648.0,0.8244,82957.0,0.8246,79018.0,0.8247,94842.0
1753504057087,04:27:37.087,ADA/USDT:USDT,0.8245,61648.0,0.8244,83440.0,0.8246,70399.0,0.8247,94842.0
1753504057237,04:27:37.237,ADA/USDT:USDT,0.8245,61648.0,0.8244,83440.0,0.8246,70399.0,0.8247,94236.0
1753504057387,04:27:37.387,ADA/USDT:USDT,0.8245,61648.0,0.8244,83440.0,0.8246,70399.0,0.8247,94236.0
1753504057537,04:27:37.537,ADA/USDT:USDT,0.8245,61648.0,0.8244,83440.0,0.8246,70399.0,0.8247,94236.0
1753504057687,04:27:37.687,ADA/USDT:USDT,0.8245,61648.0,0.8244,83440.0,0.8246,70399.0,0.8247,94236.0
1753504057838,04:27:37.838,ADA/USDT:USDT,0.8245,61648.0,0.8244,83440.0,0.8246,70399.0,0.8247,94236.0
1753504058138,04:27:38.138,ADA/USDT:USDT,0.8245,61648.0,0.8244,83440.0,0.8246,70399.0,0.8247,94236.0
1753504058288,04:27:38.288,ADA/USDT:USDT,0.8245,61648.0,0.8244,85856.0,0.8246,70399.0,0.8247,94236.0
1753504058438,04:27:38.438,ADA/USDT:USDT,0.8245,61648.0,0.8244,85856.0,0.8246,70399.0,0.8247,94236.0
1753504058588,04:27:38.588,ADA/USDT:USDT,0.8245,61648.0,0.8244,85856.0,0.8246,70399.0,0.8247,94236.0
1753504058738,04:27:38.738,ADA/USDT:USDT,0.8245,61648.0,0.8244,85856.0,0.8246,70399.0,0.8247,94236.0
1753504058888,04:27:38.888,ADA/USDT:USDT,0.8245,61648.0,0.8244,83440.0,0.8246,44076.0,0.8247,83617.0
1753504059038,04:27:39.038,ADA/USDT:USDT,0.8245,79648.0,0.8244,83440.0,0.8246,32627.0,0.8247,83617.0
1753504059188,04:27:39.188,ADA/USDT:USDT,0.8245,79648.0,0.8244,83440.0,0.8246,38136.0,0.8247,83617.0
1753504059338,04:27:39.338,ADA/USDT:USDT,0.8245,61648.0,0.8244,82957.0,0.8246,38136.0,0.8247,83617.0
1753504059489,04:27:39.489,ADA/USDT:USDT,0.8245,61648.0,0.8244,82957.0,0.8246,38486.0,0.8247,83617.0
1753504059639,04:27:39.639,ADA/USDT:USDT,0.8245,61648.0,0.8244,83510.0,0.8246,38486.0,0.8247,83617.0
1753504059789,04:27:39.789,ADA/USDT:USDT,0.8245,61648.0,0.8244,83510.0,0.8246,38486.0,0.8247,83617.0
1753504060089,04:27:40.089,ADA/USDT:USDT,0.8245,80148.0,0.8244,83510.0,0.8246,32627.0,0.8247,94231.0
1753504060239,04:27:40.239,ADA/USDT:USDT,0.8245,80148.0,0.8244,83510.0,0.8246,9955.0,0.8247,83612.0
1753504060389,04:27:40.389,ADA/USDT:USDT,0.8246,13769.0,0.8245,80148.0,0.8247,67739.0,0.8248,49448.0
1753504060539,04:27:40.539,ADA/USDT:USDT,0.8247,28006.0,0.8246,97342.0,0.8248,23546.0,0.8249,60548.0
1753504060689,04:27:40.689,ADA/USDT:USDT,0.8247,71230.0,0.8246,99125.0,0.8248,350.0,0.8249,60548.0
1753504060839,04:27:40.839,ADA/USDT:USDT,0.8247,71230.0,0.8246,99125.0,0.8248,350.0,0.8249,66089.0
1753504060989,04:27:40.989,ADA/USDT:USDT,0.8247,71230.0,0.8246,99246.0,0.8248,350.0,0.8249,66089.0
1753504061140,04:27:41.140,ADA/USDT:USDT,0.8247,72829.0,0.8246,99246.0,0.8248,350.0,0.8249,81961.0
1753504061290,04:27:41.290,ADA/USDT:USDT,0.8247,72829.0,0.8246,99246.0,0.8248,350.0,0.8249,81961.0
1753504061440,04:27:41.440,ADA/USDT:USDT,0.8247,72829.0,0.8246,99246.0,0.8248,350.0,0.8249,81961.0
1753504061590,04:27:41.590,ADA/USDT:USDT,0.8247,72829.0,0.8246,99246.0,0.8248,350.0,0.8249,81961.0
1753504061740,04:27:41.740,ADA/USDT:USDT,0.8247,72829.0,0.8246,91519.0,0.8248,350.0,0.8249,83818.0
1753504061890,04:27:41.890,ADA/USDT:USDT,0.8247,72829.0,0.8246,91519.0,0.8248,350.0,0.8249,83818.0
1753504062040,04:27:42.040,ADA/USDT:USDT,0.8247,72829.0,0.8246,91519.0,0.8248,350.0,0.8249,83818.0
1753504062190,04:27:42.190,ADA/USDT:USDT,0.8247,72829.0,0.8246,124568.0,0.8248,350.0,0.8249,83818.0
1753504062340,04:27:42.340,ADA/USDT:USDT,0.8247,72829.0,0.8246,114913.0,0.8248,350.0,0.8249,83818.0
1753504062490,04:27:42.490,ADA/USDT:USDT,0.8247,72829.0,0.8246,114913.0,0.8248,350.0,0.8249,57330.0
1753504062640,04:27:42.640,ADA/USDT:USDT,0.8247,72829.0,0.8246,114913.0,0.8248,350.0,0.8249,73201.0
1753504062791,04:27:42.791,ADA/USDT:USDT,0.8247,72829.0,0.8246,130786.0,0.8249,73201.0,0.825,46366.0
1753504062941,04:27:42.941,ADA/USDT:USDT,0.8248,40223.0,0.8247,92021.0,0.8249,84650.0,0.825,60226.0
1753504063090,04:27:43.090,ADA/USDT:USDT,0.8248,19223.0,0.8247,107903.0,0.8249,84650.0,0.825,60347.0
1753504063241,04:27:43.241,ADA/USDT:USDT,0.8248,19223.0,0.8247,123776.0,0.8249,101213.0,0.825,60347.0
1753504063391,04:27:43.391,ADA/USDT:USDT,0.8248,19223.0,0.8247,123776.0,0.8249,101213.0,0.825,60347.0
1753504063541,04:27:43.541,ADA/USDT:USDT,0.8248,19223.0,0.8247,123776.0,0.8249,101213.0,0.825,60347.0
1753504063691,04:27:43.691,ADA/USDT:USDT,0.8248,20863.0,0.8247,105573.0,0.8249,101213.0,0.825,60347.0
1753504063841,04:27:43.841,ADA/USDT:USDT,0.8248,37426.0,0.8247,105573.0,0.8249,101213.0,0.825,60347.0
1753504063991,04:27:43.991,ADA/USDT:USDT,0.8248,45426.0,0.8247,105573.0,0.8249,101213.0,0.825,60347.0
1753504064141,04:27:44.141,ADA/USDT:USDT,0.8248,45426.0,0.8247,95045.0,0.8249,91713.0,0.825,60226.0
1753504064291,04:27:44.291,ADA/USDT:USDT,0.8248,45426.0,0.8247,95045.0,0.8249,91713.0,0.825,60226.0
1753504064441,04:27:44.441,ADA/USDT:USDT,0.8248,37426.0,0.8247,95045.0,0.8249,91713.0,0.825,63424.0
1753504064592,04:27:44.592,ADA/USDT:USDT,0.8248,37426.0,0.8247,95045.0,0.8249,91713.0,0.825,63424.0
1753504064742,04:27:44.742,ADA/USDT:USDT,0.8248,37426.0,0.8247,95045.0,0.8249,91713.0,0.825,63424.0
1753504064892,04:27:44.892,ADA/USDT:USDT,0.8248,37426.0,0.8247,95045.0,0.8249,91713.0,0.825,63424.0
1753504065042,04:27:45.042,ADA/USDT:USDT,0.8248,37426.0,0.8247,95045.0,0.8249,91713.0,0.825,63424.0
1753504065192,04:27:45.192,ADA/USDT:USDT,0.8248,37426.0,0.8247,95045.0,0.8249,91713.0,0.825,63424.0
1753504065342,04:27:45.342,ADA/USDT:USDT,0.8248,37426.0,0.8247,95045.0,0.8249,91713.0,0.825,63424.0
1753504065492,04:27:45.492,ADA/USDT:USDT,0.8248,37426.0,0.8247,95045.0,0.8249,91713.0,0.825,63424.0
1753504065642,04:27:45.642,ADA/USDT:USDT,0.8248,37426.0,0.8247,95045.0,0.8249,91713.0,0.825,63424.0
1753504065792,04:27:45.792,ADA/USDT:USDT,0.8248,37426.0,0.8247,97460.0,0.8249,75021.0,0.825,63424.0
1753504065942,04:27:45.942,ADA/USDT:USDT,0.8248,62926.0,0.8247,97460.0,0.8249,75021.0,0.825,63424.0
1753504066092,04:27:46.092,ADA/USDT:USDT,0.8248,62926.0,0.8247,97460.0,0.8249,75021.0,0.825,60226.0
1753504066243,04:27:46.243,ADA/USDT:USDT,0.8248,62926.0,0.8247,97460.0,0.8249,75021.0,0.825,59644.0
1753504066393,04:27:46.393,ADA/USDT:USDT,0.8248,62926.0,0.8247,97460.0,0.8249,75021.0,0.825,60226.0
1753504066543,04:27:46.543,ADA/USDT:USDT,0.8248,62926.0,0.8247,97460.0,0.8249,75021.0,0.825,60226.0
1753504066693,04:27:46.693,ADA/USDT:USDT,0.8248,37426.0,0.8247,95045.0,0.8249,75021.0,0.825,60226.0
1753504066843,04:27:46.843,ADA/USDT:USDT,0.8248,37426.0,0.8247,95045.0,0.8249,75021.0,0.825,59621.0
1753504066993,04:27:46.993,ADA/USDT:USDT,0.8248,57841.0,0.8247,97460.0,0.8249,75021.0,0.825,59621.0
1753504067143,04:27:47.143,ADA/USDT:USDT,0.8248,55426.0,0.8247,97460.0,0.8249,75021.0,0.825,59621.0
1753504067293,04:27:47.293,ADA/USDT:USDT,0.8248,55426.0,0.8247,95045.0,0.8249,75021.0,0.825,59621.0
1753504067443,04:27:47.443,ADA/USDT:USDT,0.8248,55426.0,0.8247,95045.0,0.8249,75021.0,0.825,59621.0
1753504067594,04:27:47.594,ADA/USDT:USDT,0.8248,55426.0,0.8247,95045.0,0.8249,75021.0,0.825,60226.0
1753504067743,04:27:47.743,ADA/USDT:USDT,0.8248,55426.0,0.8247,95045.0,0.8249,41972.0,0.825,93269.0
1753504067894,04:27:47.894,ADA/USDT:USDT,0.8248,55426.0,0.8247,95045.0,0.8249,57990.0,0.825,92664.0
1753504068044,04:27:48.044,ADA/USDT:USDT,0.8248,37426.0,0.8247,95045.0,0.8249,57990.0,0.825,92664.0
1753504068194,04:27:48.194,ADA/USDT:USDT,0.8248,37426.0,0.8247,95045.0,0.8249,57990.0,0.825,93269.0
1753504068344,04:27:48.344,ADA/USDT:USDT,0.8248,34625.0,0.8247,95045.0,0.8249,57990.0,0.825,93269.0
1753504068494,04:27:48.494,ADA/USDT:USDT,0.8248,34625.0,0.8247,95045.0,0.8249,57990.0,0.825,93269.0
1753504068644,04:27:48.644,ADA/USDT:USDT,0.8248,34625.0,0.8247,95045.0,0.8249,57990.0,0.825,93269.0
1753504068794,04:27:48.794,ADA/USDT:USDT,0.8248,31902.0,0.8247,95045.0,0.8249,57990.0,0.825,93269.0
1753504068944,04:27:48.944,ADA/USDT:USDT,0.8248,16563.0,0.8247,79172.0,0.8249,69990.0,0.825,93269.0
1753504069094,04:27:49.094,ADA/USDT:USDT,0.8247,63290.0,0.8246,80053.0,0.8249,69990.0,0.825,93269.0
1753504069244,04:27:49.244,ADA/USDT:USDT,0.8245,6518.0,0.8244,101299.0,0.8246,50158.0,0.8247,30211.0
1753504069394,04:27:49.394,ADA/USDT:USDT,0.8245,52205.0,0.8244,68257.0,0.8246,66721.0,0.8247,105990.0
1753504069545,04:27:49.545,ADA/USDT:USDT,0.8245,52205.0,0.8244,68257.0,0.8246,47380.0,0.8247,106225.0
1753504069695,04:27:49.695,ADA/USDT:USDT,0.8245,57946.0,0.8244,77648.0,0.8246,47380.0,0.8247,107817.0
1753504069844,04:27:49.844,ADA/USDT:USDT,0.8245,78446.0,0.8244,78188.0,0.8246,47380.0,0.8247,107817.0
1753504069995,04:27:49.995,ADA/USDT:USDT,0.8245,72705.0,0.8244,78188.0,0.8246,47380.0,0.8247,93622.0
1753504070145,04:27:50.145,ADA/USDT:USDT,0.8245,72705.0,0.8244,78188.0,0.8246,42335.0,0.8247,93622.0
1753504070295,04:27:50.295,ADA/USDT:USDT,0.8245,72705.0,0.8244,78188.0,0.8246,42335.0,0.8247,81462.0
1753504070445,04:27:50.445,ADA/USDT:USDT,0.8245,72705.0,0.8244,78188.0,0.8246,36591.0,0.8247,81462.0
1753504070595,04:27:50.595,ADA/USDT:USDT,0.8245,79953.0,0.8244,78188.0,0.8246,36591.0,0.8247,81462.0
1753504070745,04:27:50.745,ADA/USDT:USDT,0.8245,77537.0,0.8244,83233.0,0.8246,35295.0,0.8247,81462.0
1753504070895,04:27:50.895,ADA/USDT:USDT,0.8245,75121.0,0.8244,85484.0,0.8246,35295.0,0.8247,81462.0
1753504071045,04:27:51.045,ADA/USDT:USDT,0.8245,72705.0,0.8244,83068.0,0.8246,34714.0,0.8247,86500.0
1753504071196,04:27:51.196,ADA/USDT:USDT,0.8245,72705.0,0.8244,83068.0,0.8246,34714.0,0.8247,87082.0
1753504071346,04:27:51.346,ADA/USDT:USDT,0.8245,72705.0,0.8244,83068.0,0.8246,34714.0,0.8247,87082.0
1753504071496,04:27:51.496,ADA/USDT:USDT,0.8245,72705.0,0.8244,83068.0,0.8246,34714.0,0.8247,87082.0
1753504071646,04:27:51.646,ADA/USDT:USDT,0.8245,72705.0,0.8244,83068.0,0.8246,34714.0,0.8247,87082.0
1753504071796,04:27:51.796,ADA/USDT:USDT,0.8245,72705.0,0.8244,83068.0,0.8246,34714.0,0.8247,87082.0
1753504071946,04:27:51.946,ADA/USDT:USDT,0.8245,72705.0,0.8244,83068.0,0.8246,43214.0,0.8247,87082.0
1753504072096,04:27:52.096,ADA/USDT:USDT,0.8245,72705.0,0.8244,83068.0,0.8246,43214.0,0.8247,87082.0
1753504072246,04:27:52.246,ADA/USDT:USDT,0.8245,72705.0,0.8244,83068.0,0.8246,43214.0,0.8247,87082.0
1753504072546,04:27:52.546,ADA/USDT:USDT,0.8245,52205.0,0.8244,83068.0,0.8246,43214.0,0.8247,87082.0
1753504072696,04:27:52.696,ADA/USDT:USDT,0.8245,52205.0,0.8244,83068.0,0.8246,43214.0,0.8247,87082.0
1753504072846,04:27:52.846,ADA/USDT:USDT,0.8245,52205.0,0.8244,83068.0,0.8246,43214.0,0.8247,87082.0
1753504072997,04:27:52.997,ADA/USDT:USDT,0.8245,52205.0,0.8244,83068.0,0.8246,60214.0,0.8247,87082.0
1753504073147,04:27:53.147,ADA/USDT:USDT,0.8245,52205.0,0.8244,83068.0,0.8246,60214.0,0.8247,87082.0
1753504073297,04:27:53.297,ADA/USDT:USDT,0.8245,54621.0,0.8244,85484.0,0.8246,60214.0,0.8247,87082.0
1753504073447,04:27:53.447,ADA/USDT:USDT,0.8245,54621.0,0.8244,85484.0,0.8246,60214.0,0.8247,87082.0
1753504073597,04:27:53.597,ADA/USDT:USDT,0.8245,54621.0,0.8244,84944.0,0.8246,60214.0,0.8247,87082.0
1753504073747,04:27:53.747,ADA/USDT:USDT,0.8245,35141.0,0.8244,82532.0,0.8246,60214.0,0.8247,87082.0
1753504073897,04:27:53.897,ADA/USDT:USDT,0.8245,35141.0,0.8244,82532.0,0.8246,60214.0,0.8247,87688.0
1753504074047,04:27:54.047,ADA/USDT:USDT,0.8245,35141.0,0.8244,82532.0,0.8246,60214.0,0.8247,87688.0
1753504074197,04:27:54.197,ADA/USDT:USDT,0.8244,34973.0,0.8243,94796.0,0.8246,65259.0,0.8247,87809.0
1753504074347,04:27:54.347,ADA/USDT:USDT,0.8244,16560.0,0.8243,106467.0,0.8245,74733.0,0.8246,70187.0
1753504074497,04:27:54.497,ADA/USDT:USDT,0.8244,16210.0,0.8243,106467.0,0.8245,77264.0,0.8246,101914.0
1753504074648,04:27:54.648,ADA/USDT:USDT,0.8244,40244.0,0.8243,106467.0,0.8245,77264.0,0.8246,101308.0
1753504074798,04:27:54.798,ADA/USDT:USDT,0.8244,43075.0,0.8243,106467.0,0.8245,77264.0,0.8246,101308.0
1753504074948,04:27:54.948,ADA/USDT:USDT,0.8244,43075.0,0.8243,106995.0,0.8245,76682.0,0.8246,101914.0
1753504075098,04:27:55.098,ADA/USDT:USDT,0.8244,47312.0,0.8243,106995.0,0.8245,76682.0,0.8246,101914.0
1753504075248,04:27:55.248,ADA/USDT:USDT,0.8244,47312.0,0.8243,106995.0,0.8245,76682.0,0.8246,101308.0
1753504075398,04:27:55.398,ADA/USDT:USDT,0.8244,47312.0,0.8243,106995.0,0.8245,76682.0,0.8246,101308.0
1753504075548,04:27:55.548,ADA/USDT:USDT,0.8244,47312.0,0.8243,106995.0,0.8245,76682.0,0.8246,101308.0
1753504075698,04:27:55.698,ADA/USDT:USDT,0.8244,47312.0,0.8243,106995.0,0.8245,76682.0,0.8246,101308.0
1753504075848,04:27:55.848,ADA/USDT:USDT,0.8244,46121.0,0.8243,106995.0,0.8245,76682.0,0.8246,101914.0
1753504075998,04:27:55.998,ADA/USDT:USDT,0.8244,46121.0,0.8243,106995.0,0.8245,76682.0,0.8246,101914.0
1753504076148,04:27:56.148,ADA/USDT:USDT,0.8244,46471.0,0.8243,106830.0,0.8245,76682.0,0.8246,101914.0
1753504076299,04:27:56.299,ADA/USDT:USDT,0.8244,46471.0,0.8243,106830.0,0.8245,76682.0,0.8246,101914.0
1753504076449,04:27:56.449,ADA/USDT:USDT,0.8244,46471.0,0.8243,106830.0,0.8245,76682.0,0.8246,101914.0
1753504076599,04:27:56.599,ADA/USDT:USDT,0.8244,46471.0,0.8243,106830.0,0.8245,76682.0,0.8246,101914.0
1753504076749,04:27:56.749,ADA/USDT:USDT,0.8244,46471.0,0.8243,106830.0,0.8245,76682.0,0.8246,101914.0
1753504076899,04:27:56.899,ADA/USDT:USDT,0.8243,28058.0,0.8242,44170.0,0.8245,76682.0,0.8246,102035.0
1753504077049,04:27:57.049,ADA/USDT:USDT,0.8243,18928.0,0.8242,106583.0,0.8244,76356.0,0.8245,101483.0
1753504077199,04:27:57.199,ADA/USDT:USDT,0.8243,18928.0,0.8242,106583.0,0.8244,76356.0,0.8245,120024.0
1753504077499,04:27:57.499,ADA/USDT:USDT,0.8243,35491.0,0.8242,106583.0,0.8244,72672.0,0.8245,120024.0
1753504077649,04:27:57.649,ADA/USDT:USDT,0.8243,35491.0,0.8242,73541.0,0.8244,73254.0,0.8245,120606.0
1753504077799,04:27:57.799,ADA/USDT:USDT,0.8243,35491.0,0.8242,73541.0,0.8244,73254.0,0.8245,120606.0
1753504077949,04:27:57.949,ADA/USDT:USDT,0.8243,35491.0,0.8242,81673.0,0.8244,73254.0,0.8245,120606.0
1753504078100,04:27:58.100,ADA/USDT:USDT,0.8243,35491.0,0.8242,81673.0,0.8244,73254.0,0.8245,120606.0
1753504078250,04:27:58.250,ADA/USDT:USDT,0.8243,35491.0,0.8242,81673.0,0.8244,73254.0,0.8245,120606.0
1753504078400,04:27:58.400,ADA/USDT:USDT,0.8243,35491.0,0.8242,81673.0,0.8244,73254.0,0.8245,120606.0
1753504078550,04:27:58.550,ADA/USDT:USDT,0.8242,33187.0,0.8241,124668.0,0.8243,27804.0,0.8244,77436.0
1753504078700,04:27:58.700,ADA/USDT:USDT,0.8242,18928.0,0.8241,107041.0,0.8243,71816.0,0.8244,106905.0
1753504078850,04:27:58.850,ADA/USDT:USDT,0.8242,54891.0,0.8241,73999.0,0.8243,61049.0,0.8244,106323.0
1753504079000,04:27:59.000,ADA/USDT:USDT,0.8242,50454.0,0.8241,74541.0,0.8243,61049.0,0.8244,84229.0
1753504079150,04:27:59.150,ADA/USDT:USDT,0.8242,50454.0,0.8241,79912.0,0.8243,35549.0,0.8244,94320.0
1753504079300,04:27:59.300,ADA/USDT:USDT,0.8242,50454.0,0.8241,107585.0,0.8243,35549.0,0.8244,117273.0
1753504079450,04:27:59.450,ADA/USDT:USDT,0.8242,50454.0,0.8241,107585.0,0.8243,35549.0,0.8244,117273.0
1753504079600,04:27:59.600,ADA/USDT:USDT,0.8242,45954.0,0.8241,107585.0,0.8243,35549.0,0.8244,117855.0
1753504079750,04:27:59.750,ADA/USDT:USDT,0.8242,45954.0,0.8241,107585.0,0.8243,35549.0,0.8244,117855.0
1753504080051,04:28:00.051,ADA/USDT:USDT,0.8242,45954.0,0.8241,107585.0,0.8243,61049.0,0.8244,117855.0
1753504080209,04:28:00.209,ADA/USDT:USDT,0.8242,35127.0,0.8241,80531.0,0.8243,61049.0,0.8244,118461.0
1753504080378,04:28:00.378,ADA/USDT:USDT,0.8242,35127.0,0.8241,96422.0,0.8243,61049.0,0.8244,118461.0
1753504080742,04:28:00.742,ADA/USDT:USDT,0.8242,35127.0,0.8241,101454.0,0.8243,61049.0,0.8244,118461.0
1753504080906,04:28:00.906,ADA/USDT:USDT,0.8242,35127.0,0.8241,101996.0,0.8243,61049.0,0.8244,118461.0
1753504081056,04:28:01.056,ADA/USDT:USDT,0.8242,35127.0,0.8241,101996.0,0.8243,61049.0,0.8244,117879.0
1753504081215,04:28:01.215,ADA/USDT:USDT,0.8242,51441.0,0.8241,107600.0,0.8244,60215.0,0.8245,60140.0
1753504081365,04:28:01.365,ADA/USDT:USDT,0.8243,53237.0,0.8242,48011.0,0.8244,60215.0,0.8245,60140.0
1753504081515,04:28:01.515,ADA/USDT:USDT,0.8243,55186.0,0.8242,79799.0,0.8244,27171.0,0.8245,92582.0
