timestamp,time,symbol,bid1_price,bid1_volume,bid2_price,bid2_volume,ask1_price,ask1_volume,ask2_price,ask2_volume
1753503305745,04:15:05.745,ADA/USDT:USDT,0.8257,58764.0,0.8256,68383.0,0.8259,74881.0,0.826,98853.0
1753503305895,04:15:05.895,ADA/USDT:USDT,0.8257,50808.0,0.8256,68383.0,0.8258,18978.0,0.8259,71048.0
1753503306045,04:15:06.045,ADA/USDT:USDT,0.8257,56908.0,0.8256,110293.0,0.8258,16563.0,0.8259,64954.0
1753503306195,04:15:06.195,ADA/USDT:USDT,0.8257,62790.0,0.8256,110293.0,0.8259,39909.0,0.826,76013.0
1753503306345,04:15:06.345,ADA/USDT:USDT,0.8258,81263.0,0.8257,94158.0,0.8259,3240.0,0.826,72652.0
1753503306496,04:15:06.496,ADA/USDT:USDT,0.8258,81263.0,0.8257,109826.0,0.8259,29817.0,0.826,72652.0
1753503306646,04:15:06.646,ADA/USDT:USDT,0.8258,81263.0,0.8257,109826.0,0.8259,29467.0,0.826,72773.0
1753503306796,04:15:06.796,ADA/USDT:USDT,0.8258,80651.0,0.8257,99763.0,0.8259,27553.0,0.826,72773.0
1753503306946,04:15:06.946,ADA/USDT:USDT,0.8258,80651.0,0.8257,99763.0,0.8259,27553.0,0.826,72773.0
1753503307096,04:15:07.096,ADA/USDT:USDT,0.8258,80651.0,0.8257,99763.0,0.8259,27553.0,0.826,73385.0
1753503307246,04:15:07.246,ADA/USDT:USDT,0.8258,80651.0,0.8257,99763.0,0.8259,27553.0,0.826,73385.0
1753503307396,04:15:07.396,ADA/USDT:USDT,0.8258,80651.0,0.8257,99763.0,0.8259,27553.0,0.826,73385.0
1753503307546,04:15:07.546,ADA/USDT:USDT,0.8258,80651.0,0.8257,99763.0,0.8259,27553.0,0.826,73385.0
1753503307696,04:15:07.696,ADA/USDT:USDT,0.8258,80651.0,0.8257,99763.0,0.8259,27553.0,0.826,73385.0
1753503307846,04:15:07.846,ADA/USDT:USDT,0.8258,80651.0,0.8257,99763.0,0.8259,44466.0,0.826,73385.0
1753503307996,04:15:07.996,ADA/USDT:USDT,0.8258,80651.0,0.8257,99763.0,0.8259,44466.0,0.826,73385.0
1753503308147,04:15:08.147,ADA/USDT:USDT,0.8258,80651.0,0.8257,99763.0,0.8259,44466.0,0.826,73385.0
1753503308297,04:15:08.297,ADA/USDT:USDT,0.8258,80651.0,0.8257,99763.0,0.8259,44466.0,0.826,78430.0
1753503308447,04:15:08.447,ADA/USDT:USDT,0.8258,80651.0,0.8257,122747.0,0.8259,44466.0,0.826,78430.0
1753503308597,04:15:08.597,ADA/USDT:USDT,0.8258,80651.0,0.8257,122747.0,0.8259,44466.0,0.826,78430.0
1753503308747,04:15:08.747,ADA/USDT:USDT,0.8258,80651.0,0.8257,123359.0,0.8259,44466.0,0.826,78430.0
1753503308897,04:15:08.897,ADA/USDT:USDT,0.8258,80651.0,0.8257,123359.0,0.8259,44466.0,0.826,78430.0
1753503309047,04:15:09.047,ADA/USDT:USDT,0.8258,80651.0,0.8257,123359.0,0.8259,44466.0,0.826,78430.0
1753503309197,04:15:09.197,ADA/USDT:USDT,0.8258,80651.0,0.8257,123359.0,0.8259,44466.0,0.826,78430.0
1753503309347,04:15:09.347,ADA/USDT:USDT,0.8258,55151.0,0.8257,123359.0,0.8259,44466.0,0.826,78430.0
1753503309497,04:15:09.497,ADA/USDT:USDT,0.8258,15339.0,0.8257,92201.0,0.8259,60624.0,0.826,78430.0
1753503309647,04:15:09.647,ADA/USDT:USDT,0.8258,15339.0,0.8257,92201.0,0.8259,60624.0,0.826,82396.0
1753503309797,04:15:09.797,ADA/USDT:USDT,0.8258,15689.0,0.8257,92201.0,0.8259,60624.0,0.826,82396.0
1753503309948,04:15:09.948,ADA/USDT:USDT,0.8257,76534.0,0.8256,57399.0,0.8259,60624.0,0.826,82396.0
1753503310098,04:15:10.098,ADA/USDT:USDT,0.8257,60748.0,0.8256,71281.0,0.8258,54616.0,0.8259,65629.0
1753503310248,04:15:10.248,ADA/USDT:USDT,0.8257,74275.0,0.8256,71281.0,0.8258,29116.0,0.8259,65585.0
1753503310398,04:15:10.398,ADA/USDT:USDT,0.8257,57745.0,0.8256,104374.0,0.8258,29116.0,0.8259,74808.0
1753503310548,04:15:10.548,ADA/USDT:USDT,0.8257,70245.0,0.8256,103762.0,0.8258,54616.0,0.8259,74808.0
1753503310698,04:15:10.698,ADA/USDT:USDT,0.8257,70245.0,0.8256,103762.0,0.8258,54616.0,0.8259,74808.0
1753503310848,04:15:10.848,ADA/USDT:USDT,0.8257,70245.0,0.8256,103762.0,0.8258,54616.0,0.8259,74808.0
1753503310998,04:15:10.998,ADA/USDT:USDT,0.8257,70245.0,0.8256,103762.0,0.8258,29116.0,0.8259,74808.0
1753503311148,04:15:11.148,ADA/USDT:USDT,0.8257,70245.0,0.8256,103762.0,0.8258,29116.0,0.8259,74808.0
1753503311298,04:15:11.298,ADA/USDT:USDT,0.8257,70245.0,0.8256,103762.0,0.8258,29116.0,0.8259,74808.0
1753503311448,04:15:11.448,ADA/USDT:USDT,0.8257,83245.0,0.8256,103762.0,0.8258,29116.0,0.8259,74808.0
1753503311598,04:15:11.598,ADA/USDT:USDT,0.8257,83245.0,0.8256,103762.0,0.8258,20909.0,0.8259,74808.0
1753503311749,04:15:11.749,ADA/USDT:USDT,0.8257,83245.0,0.8256,103762.0,0.8258,20909.0,0.8259,74808.0
1753503311899,04:15:11.899,ADA/USDT:USDT,0.8257,83245.0,0.8256,104374.0,0.8258,20909.0,0.8259,64206.0
1753503312049,04:15:12.049,ADA/USDT:USDT,0.8257,83245.0,0.8256,104374.0,0.8258,20909.0,0.8259,74810.0
1753503312199,04:15:12.199,ADA/USDT:USDT,0.8257,83245.0,0.8256,104374.0,0.8258,20909.0,0.8259,74810.0
1753503312349,04:15:12.349,ADA/USDT:USDT,0.8257,83245.0,0.8256,104374.0,0.8258,20909.0,0.8259,74810.0
1753503312499,04:15:12.499,ADA/USDT:USDT,0.8257,83245.0,0.8256,104374.0,0.8258,454.0,0.8259,43607.0
1753503312649,04:15:12.649,ADA/USDT:USDT,0.8257,83245.0,0.8256,104374.0,0.8259,65447.0,0.826,88097.0
1753503312799,04:15:12.799,ADA/USDT:USDT,0.8258,40764.0,0.8257,103288.0,0.8259,65901.0,0.826,85341.0
1753503312949,04:15:12.949,ADA/USDT:USDT,0.8258,42713.0,0.8257,103288.0,0.8259,44720.0,0.826,85953.0
1753503313099,04:15:13.099,ADA/USDT:USDT,0.8258,42713.0,0.8257,118959.0,0.8259,63052.0,0.826,85348.0
1753503313250,04:15:13.250,ADA/USDT:USDT,0.8258,42713.0,0.8257,110563.0,0.8259,63052.0,0.826,85953.0
1753503313400,04:15:13.400,ADA/USDT:USDT,0.8258,25612.0,0.8257,110563.0,0.8259,63052.0,0.826,85953.0
1753503313550,04:15:13.550,ADA/USDT:USDT,0.8258,25612.0,0.8257,110563.0,0.8259,63052.0,0.826,85953.0
1753503313700,04:15:13.700,ADA/USDT:USDT,0.8258,23972.0,0.8257,81000.0,0.8259,63052.0,0.826,85953.0
1753503313850,04:15:13.850,ADA/USDT:USDT,0.8258,28030.0,0.8257,81000.0,0.8259,36733.0,0.826,85953.0
1753503314000,04:15:14.000,ADA/USDT:USDT,0.8258,31478.0,0.8257,81000.0,0.8259,37552.0,0.826,85341.0
1753503314150,04:15:14.150,ADA/USDT:USDT,0.8258,32090.0,0.8257,81612.0,0.8259,37552.0,0.826,85341.0
1753503314300,04:15:14.300,ADA/USDT:USDT,0.8258,48653.0,0.8257,81612.0,0.8259,37552.0,0.826,84736.0
1753503314450,04:15:14.450,ADA/USDT:USDT,0.8258,74153.0,0.8257,81612.0,0.8259,37552.0,0.826,84736.0
1753503314600,04:15:14.600,ADA/USDT:USDT,0.8258,74153.0,0.8257,81612.0,0.8259,37552.0,0.826,84736.0
1753503314750,04:15:14.750,ADA/USDT:USDT,0.8258,74153.0,0.8257,81612.0,0.8259,37552.0,0.826,84736.0
1753503314900,04:15:14.900,ADA/USDT:USDT,0.8258,74153.0,0.8257,81612.0,0.8259,37552.0,0.826,84736.0
1753503315051,04:15:15.051,ADA/USDT:USDT,0.8258,74153.0,0.8257,81612.0,0.8259,37552.0,0.826,84736.0
1753503315201,04:15:15.201,ADA/USDT:USDT,0.8258,73541.0,0.8257,81612.0,0.8259,37552.0,0.826,85348.0
1753503315351,04:15:15.351,ADA/USDT:USDT,0.8258,48041.0,0.8257,81000.0,0.8259,63052.0,0.826,85348.0
1753503315501,04:15:15.501,ADA/USDT:USDT,0.8258,47432.0,0.8257,81000.0,0.8259,63052.0,0.826,85953.0
1753503315651,04:15:15.651,ADA/USDT:USDT,0.8258,47432.0,0.8257,81000.0,0.8259,37552.0,0.826,85953.0
1753503315801,04:15:15.801,ADA/USDT:USDT,0.8258,44820.0,0.8257,81612.0,0.8259,37552.0,0.826,85348.0
1753503315951,04:15:15.951,ADA/USDT:USDT,0.8258,35394.0,0.8257,65329.0,0.8259,39228.0,0.826,88709.0
1753503316101,04:15:16.101,ADA/USDT:USDT,0.8258,35394.0,0.8257,80999.0,0.8259,39228.0,0.826,88709.0
1753503316251,04:15:16.251,ADA/USDT:USDT,0.8258,35394.0,0.8257,80999.0,0.8259,37552.0,0.826,88709.0
1753503316401,04:15:16.401,ADA/USDT:USDT,0.8258,60894.0,0.8257,81611.0,0.8259,37552.0,0.826,88709.0
1753503316551,04:15:16.551,ADA/USDT:USDT,0.8258,60894.0,0.8257,81611.0,0.8259,39015.0,0.826,88709.0
1753503316701,04:15:16.701,ADA/USDT:USDT,0.8258,60894.0,0.8257,81611.0,0.8259,37552.0,0.826,88709.0
1753503316852,04:15:16.852,ADA/USDT:USDT,0.8258,60894.0,0.8257,81611.0,0.8259,38352.0,0.826,88709.0
1753503317002,04:15:17.002,ADA/USDT:USDT,0.8258,60894.0,0.8257,81611.0,0.8259,37183.0,0.826,88709.0
1753503317151,04:15:17.151,ADA/USDT:USDT,0.8259,30485.0,0.8258,77448.0,0.826,3240.0,0.8261,74110.0
1753503317302,04:15:17.302,ADA/USDT:USDT,0.8259,74759.0,0.8258,110276.0,0.826,11071.0,0.8261,87395.0
1753503317452,04:15:17.452,ADA/USDT:USDT,0.8259,75109.0,0.8258,110276.0,0.826,11421.0,0.8261,87395.0
1753503317602,04:15:17.602,ADA/USDT:USDT,0.8259,74497.0,0.8258,101923.0,0.826,14518.0,0.8261,87395.0
1753503317752,04:15:17.752,ADA/USDT:USDT,0.8259,74497.0,0.8258,101923.0,0.826,25860.0,0.8261,88007.0
1753503317902,04:15:17.902,ADA/USDT:USDT,0.8259,74497.0,0.8258,117592.0,0.826,25860.0,0.8261,98609.0
1753503318052,04:15:18.052,ADA/USDT:USDT,0.8259,74497.0,0.8258,113488.0,0.826,16703.0,0.8261,98609.0
1753503318202,04:15:18.202,ADA/USDT:USDT,0.8259,74497.0,0.8258,113488.0,0.826,20953.0,0.8261,98609.0
1753503318353,04:15:18.353,ADA/USDT:USDT,0.8259,74497.0,0.8258,115720.0,0.826,20953.0,0.8261,98609.0
1753503318503,04:15:18.503,ADA/USDT:USDT,0.8259,74497.0,0.8258,115720.0,0.826,20953.0,0.8261,98609.0
1753503318653,04:15:18.653,ADA/USDT:USDT,0.8259,74497.0,0.8258,115720.0,0.826,20953.0,0.8261,98609.0
1753503318803,04:15:18.803,ADA/USDT:USDT,0.8259,74497.0,0.8258,115720.0,0.826,20953.0,0.8261,98609.0
1753503318953,04:15:18.953,ADA/USDT:USDT,0.8259,74497.0,0.8258,115720.0,0.826,20953.0,0.8261,98609.0
1753503319103,04:15:19.103,ADA/USDT:USDT,0.8259,74497.0,0.8258,115720.0,0.826,20953.0,0.8261,98609.0
1753503319253,04:15:19.253,ADA/USDT:USDT,0.8259,74497.0,0.8258,115720.0,0.826,10593.0,0.8261,98609.0
1753503319403,04:15:19.403,ADA/USDT:USDT,0.8259,74497.0,0.8258,115720.0,0.826,10593.0,0.8261,97997.0
1753503319553,04:15:19.553,ADA/USDT:USDT,0.8259,32760.0,0.8258,99439.0,0.826,47016.0,0.8261,101969.0
1753503319703,04:15:19.703,ADA/USDT:USDT,0.8259,34359.0,0.8258,115109.0,0.826,47016.0,0.8261,102574.0
1753503319853,04:15:19.853,ADA/USDT:USDT,0.8259,34359.0,0.8258,115721.0,0.826,37542.0,0.8261,77523.0
1753503320003,04:15:20.003,ADA/USDT:USDT,0.8259,35999.0,0.8258,126322.0,0.826,32497.0,0.8261,83645.0
1753503320154,04:15:20.154,ADA/USDT:USDT,0.8259,35999.0,0.8258,126322.0,0.826,32497.0,0.8261,83645.0
1753503320304,04:15:20.304,ADA/USDT:USDT,0.8259,61499.0,0.8258,126322.0,0.826,32497.0,0.8261,83645.0
1753503320454,04:15:20.454,ADA/USDT:USDT,0.8259,61499.0,0.8258,126322.0,0.826,51357.0,0.8261,83645.0
1753503320604,04:15:20.604,ADA/USDT:USDT,0.8259,61499.0,0.8258,126322.0,0.826,34027.0,0.8261,83645.0
1753503320754,04:15:20.754,ADA/USDT:USDT,0.8259,61499.0,0.8258,126322.0,0.826,25932.0,0.8261,69071.0
1753503320904,04:15:20.904,ADA/USDT:USDT,0.8259,61499.0,0.8258,126322.0,0.826,31557.0,0.8261,79672.0
1753503321054,04:15:21.054,ADA/USDT:USDT,0.8259,61499.0,0.8258,126322.0,0.826,31207.0,0.8261,79672.0
1753503321204,04:15:21.204,ADA/USDT:USDT,0.8259,61499.0,0.8258,126322.0,0.826,25582.0,0.8261,79672.0
1753503321354,04:15:21.354,ADA/USDT:USDT,0.8259,61499.0,0.8258,129408.0,0.826,26760.0,0.8261,79672.0
1753503321504,04:15:21.504,ADA/USDT:USDT,0.8259,61499.0,0.8258,129408.0,0.826,26760.0,0.8261,79672.0
1753503321654,04:15:21.654,ADA/USDT:USDT,0.8259,61499.0,0.8258,129408.0,0.826,26760.0,0.8261,79672.0
1753503321805,04:15:21.805,ADA/USDT:USDT,0.8259,61499.0,0.8258,129408.0,0.826,24811.0,0.8261,69071.0
1753503321955,04:15:21.955,ADA/USDT:USDT,0.8259,61499.0,0.8258,129408.0,0.826,24811.0,0.8261,79672.0
1753503322105,04:15:22.105,ADA/USDT:USDT,0.8259,61499.0,0.8258,129408.0,0.826,25582.0,0.8261,79672.0
1753503322255,04:15:22.255,ADA/USDT:USDT,0.8259,61499.0,0.8258,129408.0,0.826,25582.0,0.8261,79672.0
1753503322405,04:15:22.405,ADA/USDT:USDT,0.8259,61499.0,0.8258,129408.0,0.826,26760.0,0.8261,80284.0
1753503322555,04:15:22.555,ADA/USDT:USDT,0.8259,61499.0,0.8258,129408.0,0.826,26760.0,0.8261,80284.0
1753503322705,04:15:22.705,ADA/USDT:USDT,0.8259,61499.0,0.8258,129408.0,0.826,26760.0,0.8261,80284.0
1753503322855,04:15:22.855,ADA/USDT:USDT,0.8259,61499.0,0.8258,129408.0,0.826,31202.0,0.8261,80284.0
1753503323005,04:15:23.005,ADA/USDT:USDT,0.8259,61499.0,0.8258,128796.0,0.826,31202.0,0.8261,80284.0
1753503323155,04:15:23.155,ADA/USDT:USDT,0.8259,61499.0,0.8258,128796.0,0.826,31202.0,0.8261,80284.0
1753503323305,04:15:23.305,ADA/USDT:USDT,0.8259,61499.0,0.8258,128796.0,0.826,52702.0,0.8261,80284.0
1753503323455,04:15:23.455,ADA/USDT:USDT,0.8259,61499.0,0.8258,129408.0,0.826,31202.0,0.8261,80284.0
1753503323606,04:15:23.606,ADA/USDT:USDT,0.8259,61499.0,0.8258,129529.0,0.826,18941.0,0.8261,34017.0
1753503323756,04:15:23.756,ADA/USDT:USDT,0.8259,61499.0,0.8258,129529.0,0.826,18941.0,0.8261,27290.0
1753503323906,04:15:23.906,ADA/USDT:USDT,0.8259,61499.0,0.8258,129408.0,0.826,10593.0,0.8261,36379.0
1753503324056,04:15:24.056,ADA/USDT:USDT,0.8259,61499.0,0.8258,129529.0,0.826,10593.0,0.8261,36379.0
1753503324206,04:15:24.206,ADA/USDT:USDT,0.8259,35999.0,0.8258,129529.0,0.826,10593.0,0.8261,36379.0
1753503324356,04:15:24.356,ADA/USDT:USDT,0.8259,57999.0,0.8258,129529.0,0.826,41390.0,0.8261,36379.0
1753503324506,04:15:24.506,ADA/USDT:USDT,0.8259,57999.0,0.8258,129529.0,0.826,41390.0,0.8261,36379.0
1753503324656,04:15:24.656,ADA/USDT:USDT,0.8259,57999.0,0.8258,129529.0,0.826,41390.0,0.8261,36379.0
1753503324806,04:15:24.806,ADA/USDT:USDT,0.8259,57999.0,0.8258,129529.0,0.826,15890.0,0.8261,36379.0
1753503324956,04:15:24.956,ADA/USDT:USDT,0.8259,35999.0,0.8258,129529.0,0.826,18968.0,0.8261,36379.0
1753503325106,04:15:25.106,ADA/USDT:USDT,0.8259,35999.0,0.8258,129529.0,0.826,18968.0,0.8261,36379.0
1753503325256,04:15:25.256,ADA/USDT:USDT,0.8259,62327.0,0.8258,129529.0,0.826,19421.0,0.8261,36379.0
1753503325407,04:15:25.407,ADA/USDT:USDT,0.8259,62327.0,0.8258,129529.0,0.826,19421.0,0.8261,36379.0
1753503325557,04:15:25.557,ADA/USDT:USDT,0.8259,62327.0,0.8258,129529.0,0.826,19421.0,0.8261,36379.0
1753503325707,04:15:25.707,ADA/USDT:USDT,0.8259,62327.0,0.8258,129529.0,0.826,31190.0,0.8261,36379.0
1753503325857,04:15:25.857,ADA/USDT:USDT,0.8259,62327.0,0.8258,129529.0,0.826,11421.0,0.8261,36379.0
1753503326007,04:15:26.007,ADA/USDT:USDT,0.8259,62327.0,0.8258,129529.0,0.826,10243.0,0.8261,36379.0
1753503326157,04:15:26.157,ADA/USDT:USDT,0.8259,62327.0,0.8258,129529.0,0.826,10243.0,0.8261,36379.0
1753503326307,04:15:26.307,ADA/USDT:USDT,0.8259,62327.0,0.8258,129529.0,0.826,10243.0,0.8261,36379.0
1753503326457,04:15:26.457,ADA/USDT:USDT,0.8259,62327.0,0.8258,129529.0,0.826,10243.0,0.8261,36379.0
1753503326607,04:15:26.607,ADA/USDT:USDT,0.8259,36827.0,0.8258,129529.0,0.826,21839.0,0.8261,36379.0
1753503326757,04:15:26.757,ADA/USDT:USDT,0.8259,36827.0,0.8258,129529.0,0.826,21839.0,0.8261,50340.0
1753503326908,04:15:26.908,ADA/USDT:USDT,0.8259,36827.0,0.8258,129529.0,0.826,17158.0,0.8261,50340.0
1753503327057,04:15:27.057,ADA/USDT:USDT,0.8259,36827.0,0.8258,129529.0,0.826,27185.0,0.8261,50340.0
1753503327208,04:15:27.208,ADA/USDT:USDT,0.8259,50327.0,0.8258,129529.0,0.826,52685.0,0.8261,50340.0
1753503327358,04:15:27.358,ADA/USDT:USDT,0.8259,50327.0,0.8258,129529.0,0.826,52685.0,0.8261,50340.0
1753503327508,04:15:27.508,ADA/USDT:USDT,0.8259,50327.0,0.8258,129529.0,0.826,52685.0,0.8261,50340.0
1753503327658,04:15:27.658,ADA/USDT:USDT,0.8259,50327.0,0.8258,129529.0,0.826,52685.0,0.8261,50340.0
1753503327808,04:15:27.808,ADA/USDT:USDT,0.8259,50327.0,0.8258,129529.0,0.826,52685.0,0.8261,50340.0
1753503327958,04:15:27.958,ADA/USDT:USDT,0.8259,50327.0,0.8258,129529.0,0.826,52685.0,0.8261,50340.0
1753503328108,04:15:28.108,ADA/USDT:USDT,0.8259,35999.0,0.8258,129529.0,0.826,52685.0,0.8261,50340.0
1753503328258,04:15:28.258,ADA/USDT:USDT,0.8259,48499.0,0.8258,129529.0,0.826,52685.0,0.8261,47585.0
1753503328409,04:15:28.409,ADA/USDT:USDT,0.8259,35999.0,0.8258,129529.0,0.826,52685.0,0.8261,46980.0
1753503328558,04:15:28.558,ADA/USDT:USDT,0.8259,35999.0,0.8258,129529.0,0.826,27185.0,0.8261,47585.0
1753503328709,04:15:28.709,ADA/USDT:USDT,0.8259,35999.0,0.8258,129529.0,0.826,27185.0,0.8261,46980.0
1753503328859,04:15:28.859,ADA/USDT:USDT,0.8259,35999.0,0.8258,129529.0,0.826,27185.0,0.8261,46980.0
1753503329009,04:15:29.009,ADA/USDT:USDT,0.8259,35999.0,0.8258,129529.0,0.826,27185.0,0.8261,46980.0
1753503329159,04:15:29.159,ADA/USDT:USDT,0.8259,35999.0,0.8258,129523.0,0.826,27185.0,0.8261,46980.0
1753503329309,04:15:29.309,ADA/USDT:USDT,0.8259,56499.0,0.8258,129523.0,0.826,52685.0,0.8261,46980.0
1753503329459,04:15:29.459,ADA/USDT:USDT,0.8259,56499.0,0.8258,129523.0,0.826,27185.0,0.8261,46980.0
1753503329609,04:15:29.609,ADA/USDT:USDT,0.8259,56499.0,0.8258,129523.0,0.826,27791.0,0.8261,46980.0
1753503329759,04:15:29.759,ADA/USDT:USDT,0.8259,56499.0,0.8258,129523.0,0.826,27185.0,0.8261,46980.0
1753503329909,04:15:29.909,ADA/USDT:USDT,0.8259,56499.0,0.8258,129523.0,0.826,27185.0,0.8261,46980.0
1753503330059,04:15:30.059,ADA/USDT:USDT,0.8259,35999.0,0.8258,129523.0,0.826,27185.0,0.8261,46980.0
1753503330209,04:15:30.209,ADA/USDT:USDT,0.8259,57499.0,0.8258,129523.0,0.826,52685.0,0.8261,46980.0
1753503330360,04:15:30.360,ADA/USDT:USDT,0.8259,57499.0,0.8258,129523.0,0.826,17392.0,0.8261,36379.0
1753503330510,04:15:30.510,ADA/USDT:USDT,0.8259,57499.0,0.8258,129523.0,0.826,17392.0,0.8261,46980.0
1753503330660,04:15:30.660,ADA/USDT:USDT,0.8259,57499.0,0.8258,129523.0,0.826,17392.0,0.8261,46980.0
1753503330810,04:15:30.810,ADA/USDT:USDT,0.8259,57499.0,0.8258,129523.0,0.826,17392.0,0.8261,46980.0
1753503330960,04:15:30.960,ADA/USDT:USDT,0.8259,57499.0,0.8258,129523.0,0.826,17392.0,0.8261,36379.0
1753503331110,04:15:31.110,ADA/USDT:USDT,0.8259,57499.0,0.8258,129523.0,0.826,2422.0,0.8261,46980.0
1753503331260,04:15:31.260,ADA/USDT:USDT,0.8259,61499.0,0.8258,129523.0,0.826,10422.0,0.8261,46980.0
1753503331410,04:15:31.410,ADA/USDT:USDT,0.8259,61499.0,0.8258,129523.0,0.826,10422.0,0.8261,46980.0
1753503331560,04:15:31.560,ADA/USDT:USDT,0.8259,61499.0,0.8258,129523.0,0.826,27439.0,0.8261,46980.0
1753503331710,04:15:31.710,ADA/USDT:USDT,0.8259,61499.0,0.8258,129523.0,0.826,27789.0,0.8261,46980.0
1753503331860,04:15:31.860,ADA/USDT:USDT,0.8259,61499.0,0.8258,129523.0,0.826,18966.0,0.8261,46980.0
1753503332010,04:15:32.010,ADA/USDT:USDT,0.8259,61499.0,0.8258,129523.0,0.826,18966.0,0.8261,46980.0
1753503332161,04:15:32.161,ADA/USDT:USDT,0.8259,61499.0,0.8258,129523.0,0.826,18966.0,0.8261,46980.0
1753503332311,04:15:32.311,ADA/USDT:USDT,0.8259,61499.0,0.8258,129523.0,0.826,47848.0,0.8261,46980.0
1753503332461,04:15:32.461,ADA/USDT:USDT,0.8259,61499.0,0.8258,129523.0,0.826,47848.0,0.8261,46980.0
1753503332611,04:15:32.611,ADA/USDT:USDT,0.8259,61499.0,0.8258,129523.0,0.826,47848.0,0.8261,46980.0
1753503332761,04:15:32.761,ADA/USDT:USDT,0.8259,61499.0,0.8258,129523.0,0.826,47848.0,0.8261,46980.0
1753503332911,04:15:32.911,ADA/USDT:USDT,0.8259,61499.0,0.8258,129523.0,0.826,21525.0,0.8261,46980.0
1753503333061,04:15:33.061,ADA/USDT:USDT,0.8259,61499.0,0.8258,129523.0,0.826,21175.0,0.8261,46980.0
1753503333211,04:15:33.211,ADA/USDT:USDT,0.8259,61499.0,0.8258,129523.0,0.826,18616.0,0.8261,46980.0
1753503333361,04:15:33.361,ADA/USDT:USDT,0.8259,61499.0,0.8258,129523.0,0.826,18616.0,0.8261,46980.0
1753503333511,04:15:33.511,ADA/USDT:USDT,0.8259,61499.0,0.8258,129523.0,0.826,18616.0,0.8261,46980.0
1753503333662,04:15:33.662,ADA/USDT:USDT,0.8259,61499.0,0.8258,129523.0,0.826,18616.0,0.8261,46980.0
1753503333811,04:15:33.811,ADA/USDT:USDT,0.8259,61499.0,0.8258,129523.0,0.826,18616.0,0.8261,46980.0
1753503333962,04:15:33.962,ADA/USDT:USDT,0.8259,61499.0,0.8258,129523.0,0.826,18616.0,0.8261,46980.0
1753503334112,04:15:34.112,ADA/USDT:USDT,0.8259,61499.0,0.8258,129523.0,0.826,33466.0,0.8261,46980.0
1753503334262,04:15:34.262,ADA/USDT:USDT,0.8259,61499.0,0.8258,128911.0,0.826,33466.0,0.8261,50340.0
1753503334412,04:15:34.412,ADA/USDT:USDT,0.8259,35999.0,0.8258,128911.0,0.826,33466.0,0.8261,50340.0
1753503334562,04:15:34.562,ADA/USDT:USDT,0.8259,35999.0,0.8258,129523.0,0.826,33466.0,0.8261,50340.0
1753503334712,04:15:34.712,ADA/USDT:USDT,0.8259,35999.0,0.8258,129523.0,0.826,33466.0,0.8261,50340.0
1753503334862,04:15:34.862,ADA/USDT:USDT,0.8259,35999.0,0.8258,129523.0,0.826,33466.0,0.8261,50340.0
1753503335012,04:15:35.012,ADA/USDT:USDT,0.8259,35999.0,0.8258,129523.0,0.826,18966.0,0.8261,50340.0
1753503335162,04:15:35.162,ADA/USDT:USDT,0.8259,62322.0,0.8258,129523.0,0.826,9560.0,0.8261,27029.0
1753503335312,04:15:35.312,ADA/USDT:USDT,0.8259,62322.0,0.8258,129533.0,0.826,9560.0,0.8261,48518.0
1753503335462,04:15:35.462,ADA/USDT:USDT,0.8259,36822.0,0.8258,129533.0,0.826,15795.0,0.8261,51878.0
1753503335613,04:15:35.613,ADA/USDT:USDT,0.8259,36822.0,0.8258,98177.0,0.826,31484.0,0.8261,51878.0
1753503335763,04:15:35.763,ADA/USDT:USDT,0.8259,36822.0,0.8258,128931.0,0.826,31484.0,0.8261,52490.0
1753503335913,04:15:35.913,ADA/USDT:USDT,0.8259,35999.0,0.8258,103431.0,0.826,31484.0,0.8261,52490.0
1753503336063,04:15:36.063,ADA/USDT:USDT,0.8259,35999.0,0.8258,103431.0,0.826,31484.0,0.8261,52490.0
1753503336213,04:15:36.213,ADA/USDT:USDT,0.8259,61499.0,0.8258,103431.0,0.826,51984.0,0.8261,52490.0
1753503336363,04:15:36.363,ADA/USDT:USDT,0.8259,35999.0,0.8258,104043.0,0.826,51984.0,0.8261,52490.0
1753503336513,04:15:36.513,ADA/USDT:USDT,0.8259,35999.0,0.8258,104043.0,0.826,51984.0,0.8261,53095.0
1753503336664,04:15:36.664,ADA/USDT:USDT,0.8259,35999.0,0.8258,104043.0,0.826,31484.0,0.8261,49735.0
1753503336813,04:15:36.813,ADA/USDT:USDT,0.8259,35999.0,0.8258,104043.0,0.826,31484.0,0.8261,49130.0
1753503336963,04:15:36.963,ADA/USDT:USDT,0.8259,35999.0,0.8258,104043.0,0.826,31484.0,0.8261,49130.0
1753503337113,04:15:37.113,ADA/USDT:USDT,0.8259,61499.0,0.8258,104043.0,0.826,54484.0,0.8261,49130.0
1753503337264,04:15:37.264,ADA/USDT:USDT,0.8259,61499.0,0.8258,104043.0,0.826,54484.0,0.8261,48518.0
1753503337413,04:15:37.413,ADA/USDT:USDT,0.8259,61499.0,0.8258,104043.0,0.826,54484.0,0.8261,48518.0
1753503337564,04:15:37.564,ADA/USDT:USDT,0.8259,35999.0,0.8258,104043.0,0.826,54484.0,0.8261,48518.0
1753503337714,04:15:37.714,ADA/USDT:USDT,0.8259,35999.0,0.8258,104043.0,0.826,54484.0,0.8261,48518.0
1753503337864,04:15:37.864,ADA/USDT:USDT,0.8259,35999.0,0.8258,104043.0,0.826,54484.0,0.8261,48518.0
1753503338014,04:15:38.014,ADA/USDT:USDT,0.8259,22760.0,0.8258,104033.0,0.826,54484.0,0.8261,49735.0
1753503338164,04:15:38.164,ADA/USDT:USDT,0.8259,48260.0,0.8258,104033.0,0.826,54484.0,0.8261,49735.0
1753503338314,04:15:38.314,ADA/USDT:USDT,0.8259,65631.0,0.8258,104030.0,0.826,24076.0,0.8261,48518.0
1753503338464,04:15:38.464,ADA/USDT:USDT,0.8259,40131.0,0.8258,104030.0,0.826,28924.0,0.8261,48518.0
1753503338614,04:15:38.614,ADA/USDT:USDT,0.8259,40131.0,0.8258,104030.0,0.826,28924.0,0.8261,48518.0
1753503338765,04:15:38.765,ADA/USDT:USDT,0.8259,40131.0,0.8258,104030.0,0.826,25234.0,0.8261,48518.0
1753503338915,04:15:38.915,ADA/USDT:USDT,0.8259,40131.0,0.8258,104030.0,0.826,25234.0,0.8261,48518.0
1753503339065,04:15:39.065,ADA/USDT:USDT,0.8259,40131.0,0.8258,104030.0,0.826,25234.0,0.8261,48518.0
1753503339215,04:15:39.215,ADA/USDT:USDT,0.8259,64131.0,0.8258,104030.0,0.826,49734.0,0.8261,48518.0
1753503339365,04:15:39.365,ADA/USDT:USDT,0.8259,64131.0,0.8258,104030.0,0.826,49734.0,0.8261,48518.0
1753503339515,04:15:39.515,ADA/USDT:USDT,0.8259,64131.0,0.8258,104030.0,0.826,49734.0,0.8261,48518.0
1753503339665,04:15:39.665,ADA/USDT:USDT,0.8259,64131.0,0.8258,104030.0,0.826,27423.0,0.8261,48518.0
1753503339815,04:15:39.815,ADA/USDT:USDT,0.8259,64131.0,0.8258,104030.0,0.826,27423.0,0.8261,48518.0
1753503339965,04:15:39.965,ADA/USDT:USDT,0.8259,64131.0,0.8258,104030.0,0.826,27423.0,0.8261,48518.0
1753503340115,04:15:40.115,ADA/USDT:USDT,0.8259,64131.0,0.8258,104030.0,0.826,27423.0,0.8261,48518.0
1753503340265,04:15:40.265,ADA/USDT:USDT,0.8259,64131.0,0.8258,104030.0,0.826,27423.0,0.8261,48518.0
1753503340416,04:15:40.416,ADA/USDT:USDT,0.8259,64131.0,0.8258,104030.0,0.826,27423.0,0.8261,48518.0
1753503340566,04:15:40.566,ADA/USDT:USDT,0.8259,64131.0,0.8258,104030.0,0.826,25234.0,0.8261,48518.0
1753503340716,04:15:40.716,ADA/USDT:USDT,0.8259,64131.0,0.8258,104030.0,0.826,25348.0,0.8261,48518.0
1753503340866,04:15:40.866,ADA/USDT:USDT,0.8259,64131.0,0.8258,104030.0,0.826,25423.0,0.8261,48518.0
1753503341016,04:15:41.016,ADA/USDT:USDT,0.8259,64131.0,0.8258,104030.0,0.826,52459.0,0.8261,49130.0
1753503341166,04:15:41.166,ADA/USDT:USDT,0.8259,64131.0,0.8258,104030.0,0.826,52459.0,0.8261,49130.0
1753503341316,04:15:41.316,ADA/USDT:USDT,0.8259,64131.0,0.8258,104030.0,0.826,52459.0,0.8261,49130.0
1753503341466,04:15:41.466,ADA/USDT:USDT,0.8259,40131.0,0.8258,104030.0,0.826,52459.0,0.8261,49130.0
1753503341616,04:15:41.616,ADA/USDT:USDT,0.8259,40131.0,0.8258,104030.0,0.826,26959.0,0.8261,49130.0
1753503341766,04:15:41.766,ADA/USDT:USDT,0.8259,40131.0,0.8258,104030.0,0.826,25423.0,0.8261,49130.0
1753503341916,04:15:41.916,ADA/USDT:USDT,0.8259,40131.0,0.8258,104030.0,0.826,25234.0,0.8261,49130.0
1753503342066,04:15:42.066,ADA/USDT:USDT,0.8259,60631.0,0.8258,104030.0,0.826,50734.0,0.8261,49130.0
1753503342217,04:15:42.217,ADA/USDT:USDT,0.8259,60631.0,0.8258,104029.0,0.826,50734.0,0.8261,52490.0
1753503342367,04:15:42.367,ADA/USDT:USDT,0.8259,60631.0,0.8258,104029.0,0.826,50734.0,0.8261,52490.0
1753503342517,04:15:42.517,ADA/USDT:USDT,0.8259,60631.0,0.8258,104029.0,0.826,50734.0,0.8261,52490.0
1753503342667,04:15:42.667,ADA/USDT:USDT,0.8259,60631.0,0.8258,104029.0,0.826,50734.0,0.8261,52490.0
1753503342817,04:15:42.817,ADA/USDT:USDT,0.8259,60631.0,0.8258,104029.0,0.826,50734.0,0.8261,51878.0
1753503342967,04:15:42.967,ADA/USDT:USDT,0.8259,40131.0,0.8258,104029.0,0.826,50734.0,0.8261,51878.0
1753503343117,04:15:43.117,ADA/USDT:USDT,0.8259,65631.0,0.8258,104029.0,0.826,50734.0,0.8261,51878.0
1753503343267,04:15:43.267,ADA/USDT:USDT,0.8259,65631.0,0.8258,104029.0,0.826,50734.0,0.8261,51878.0
1753503343417,04:15:43.417,ADA/USDT:USDT,0.8259,65631.0,0.8258,104029.0,0.826,50734.0,0.8261,51878.0
1753503343567,04:15:43.567,ADA/USDT:USDT,0.8259,40131.0,0.8258,104029.0,0.826,50734.0,0.8261,51878.0
1753503343717,04:15:43.717,ADA/USDT:USDT,0.8257,11634.0,0.8256,46490.0,0.8259,60300.0,0.826,63684.0
1753503343868,04:15:43.868,ADA/USDT:USDT,0.8256,95269.0,0.8255,59463.0,0.8258,53854.0,0.8259,63068.0
1753503344018,04:15:44.018,ADA/USDT:USDT,0.8256,87223.0,0.8255,104791.0,0.8257,3211.0,0.8258,82617.0
1753503344168,04:15:44.168,ADA/USDT:USDT,0.8256,87223.0,0.8255,111025.0,0.8257,2403.0,0.8258,82617.0
1753503344318,04:15:44.318,ADA/USDT:USDT,0.8256,103786.0,0.8255,111625.0,0.8257,454.0,0.8258,66054.0
1753503344468,04:15:44.468,ADA/USDT:USDT,0.8256,103786.0,0.8255,111625.0,0.8257,454.0,0.8258,66054.0
1753503344618,04:15:44.618,ADA/USDT:USDT,0.8256,103786.0,0.8255,112230.0,0.8257,454.0,0.8258,72707.0
1753503344768,04:15:44.768,ADA/USDT:USDT,0.8256,103786.0,0.8255,112230.0,0.8257,454.0,0.8258,72707.0
1753503344918,04:15:44.918,ADA/USDT:USDT,0.8256,103786.0,0.8255,112230.0,0.8257,454.0,0.8258,66054.0
1753503345068,04:15:45.068,ADA/USDT:USDT,0.8256,103786.0,0.8255,112109.0,0.8257,454.0,0.8258,66054.0
1753503345218,04:15:45.218,ADA/USDT:USDT,0.8256,103786.0,0.8255,118164.0,0.8257,454.0,0.8258,66054.0
1753503345368,04:15:45.368,ADA/USDT:USDT,0.8256,103786.0,0.8255,118174.0,0.8257,454.0,0.8258,66054.0
1753503345519,04:15:45.519,ADA/USDT:USDT,0.8256,103786.0,0.8255,118174.0,0.8257,454.0,0.8258,40554.0
1753503345668,04:15:45.668,ADA/USDT:USDT,0.8256,103786.0,0.8255,118174.0,0.8257,454.0,0.8258,40554.0
1753503345819,04:15:45.819,ADA/USDT:USDT,0.8256,103786.0,0.8255,118174.0,0.8258,40554.0,0.8259,74308.0
1753503345969,04:15:45.969,ADA/USDT:USDT,0.8257,87238.0,0.8256,104874.0,0.8258,23595.0,0.8259,70947.0
1753503346119,04:15:46.119,ADA/USDT:USDT,0.8257,87238.0,0.8256,115479.0,0.8258,52261.0,0.8259,70947.0
1753503346269,04:15:46.269,ADA/USDT:USDT,0.8257,87838.0,0.8256,104970.0,0.8258,19774.0,0.8259,58381.0
1753503346419,04:15:46.419,ADA/USDT:USDT,0.8257,87838.0,0.8256,104970.0,0.8258,19774.0,0.8259,58381.0
1753503346569,04:15:46.569,ADA/USDT:USDT,0.8257,87838.0,0.8256,104970.0,0.8258,19774.0,0.8259,58381.0
1753503346719,04:15:46.719,ADA/USDT:USDT,0.8257,86430.0,0.8256,104370.0,0.8258,19774.0,0.8259,58381.0
1753503346869,04:15:46.869,ADA/USDT:USDT,0.8257,86430.0,0.8256,104370.0,0.8258,32251.0,0.8259,58381.0
1753503347019,04:15:47.019,ADA/USDT:USDT,0.8257,60930.0,0.8256,79470.0,0.8258,73090.0,0.8259,58981.0
1753503347169,04:15:47.169,ADA/USDT:USDT,0.8257,60930.0,0.8256,79470.0,0.8258,73090.0,0.8259,58981.0
1753503347320,04:15:47.320,ADA/USDT:USDT,0.8257,60930.0,0.8256,79470.0,0.8258,73090.0,0.8259,58981.0
1753503347470,04:15:47.470,ADA/USDT:USDT,0.8257,60930.0,0.8256,79470.0,0.8258,73090.0,0.8259,58981.0
1753503347620,04:15:47.620,ADA/USDT:USDT,0.8257,60930.0,0.8256,79470.0,0.8258,73090.0,0.8259,58981.0
1753503347770,04:15:47.770,ADA/USDT:USDT,0.8257,42768.0,0.8256,79470.0,0.8258,73090.0,0.8259,58981.0
1753503347920,04:15:47.920,ADA/USDT:USDT,0.8256,34333.0,0.8255,100326.0,0.8258,78135.0,0.8259,73670.0
1753503348070,04:15:48.070,ADA/USDT:USDT,0.8256,36282.0,0.8255,110920.0,0.8257,32619.0,0.8258,61118.0
1753503348220,04:15:48.220,ADA/USDT:USDT,0.8256,18279.0,0.8255,110920.0,0.8257,59068.0,0.8258,61118.0
1753503348370,04:15:48.370,ADA/USDT:USDT,0.8256,30847.0,0.8255,110920.0,0.8257,59068.0,0.8258,61118.0
1753503348520,04:15:48.520,ADA/USDT:USDT,0.8256,30847.0,0.8255,110920.0,0.8257,59068.0,0.8258,61118.0
1753503348670,04:15:48.670,ADA/USDT:USDT,0.8256,49884.0,0.8255,111520.0,0.8257,17397.0,0.8258,61118.0
1753503348820,04:15:48.820,ADA/USDT:USDT,0.8257,22356.0,0.8256,63456.0,0.8258,56527.0,0.8259,48806.0
1753503348971,04:15:48.971,ADA/USDT:USDT,0.8257,73827.0,0.8256,89264.0,0.8258,3211.0,0.8259,36845.0
1753503349121,04:15:49.121,ADA/USDT:USDT,0.8257,74661.0,0.8256,122261.0,0.8258,2887.0,0.8259,32881.0
1753503349271,04:15:49.271,ADA/USDT:USDT,0.8257,74661.0,0.8256,103647.0,0.8258,2887.0,0.8259,32881.0
1753503349421,04:15:49.421,ADA/USDT:USDT,0.8257,74661.0,0.8256,103647.0,0.8258,2887.0,0.8259,32881.0
1753503349571,04:15:49.571,ADA/USDT:USDT,0.8257,74061.0,0.8256,103647.0,0.8258,2887.0,0.8259,32881.0
1753503349721,04:15:49.721,ADA/USDT:USDT,0.8257,74061.0,0.8256,103647.0,0.8258,2887.0,0.8259,32881.0
1753503349871,04:15:49.871,ADA/USDT:USDT,0.8257,56289.0,0.8256,76630.0,0.8258,35139.0,0.8259,33602.0
1753503350021,04:15:50.021,ADA/USDT:USDT,0.8256,76630.0,0.8255,53957.0,0.8258,65521.0,0.8259,36961.0
1753503350171,04:15:50.171,ADA/USDT:USDT,0.8256,45537.0,0.8255,100335.0,0.8257,1288.0,0.8258,65067.0
1753503350321,04:15:50.321,ADA/USDT:USDT,0.8256,57766.0,0.8255,110940.0,0.8257,2403.0,0.8258,65067.0
1753503350471,04:15:50.471,ADA/USDT:USDT,0.8256,57766.0,0.8255,111540.0,0.8257,3237.0,0.8258,65067.0
1753503350622,04:15:50.622,ADA/USDT:USDT,0.8256,57766.0,0.8255,111540.0,0.8257,3237.0,0.8258,65067.0
1753503350772,04:15:50.772,ADA/USDT:USDT,0.8256,57766.0,0.8255,111540.0,0.8257,3237.0,0.8258,65067.0
1753503350922,04:15:50.922,ADA/USDT:USDT,0.8256,57766.0,0.8255,111540.0,0.8257,3237.0,0.8258,65067.0
1753503351072,04:15:51.072,ADA/USDT:USDT,0.8256,83266.0,0.8255,111540.0,0.8257,16737.0,0.8258,65067.0
1753503351222,04:15:51.222,ADA/USDT:USDT,0.8256,83266.0,0.8255,111540.0,0.8257,16737.0,0.8258,65067.0
1753503351372,04:15:51.372,ADA/USDT:USDT,0.8256,83266.0,0.8255,111540.0,0.8257,16737.0,0.8258,65067.0
1753503351522,04:15:51.522,ADA/USDT:USDT,0.8256,83266.0,0.8255,111540.0,0.8257,16737.0,0.8258,69376.0
1753503351672,04:15:51.672,ADA/USDT:USDT,0.8256,57766.0,0.8255,111540.0,0.8257,16737.0,0.8258,69376.0
1753503351822,04:15:51.822,ADA/USDT:USDT,0.8256,39629.0,0.8255,110940.0,0.8257,52135.0,0.8258,52813.0
1753503351972,04:15:51.972,ADA/USDT:USDT,0.8256,40257.0,0.8255,110930.0,0.8257,64735.0,0.8258,53413.0
1753503352122,04:15:52.122,ADA/USDT:USDT,0.8256,44035.0,0.8255,110930.0,0.8257,64135.0,0.8258,52813.0
1753503352272,04:15:52.272,ADA/USDT:USDT,0.8256,44035.0,0.8255,111530.0,0.8257,64135.0,0.8258,53413.0
1753503352423,04:15:52.423,ADA/USDT:USDT,0.8256,42743.0,0.8255,110930.0,0.8257,64135.0,0.8258,53413.0
1753503352572,04:15:52.572,ADA/USDT:USDT,0.8256,42743.0,0.8255,110930.0,0.8257,64135.0,0.8258,53413.0
1753503352723,04:15:52.723,ADA/USDT:USDT,0.8256,41228.0,0.8255,110930.0,0.8257,64135.0,0.8258,53413.0
1753503352873,04:15:52.873,ADA/USDT:USDT,0.8256,41228.0,0.8255,110930.0,0.8257,64135.0,0.8258,53413.0
1753503353023,04:15:53.023,ADA/USDT:USDT,0.8256,41228.0,0.8255,110930.0,0.8257,64135.0,0.8258,53413.0
1753503353173,04:15:53.173,ADA/USDT:USDT,0.8256,350.0,0.8255,79468.0,0.8257,64135.0,0.8258,59184.0
1753503353323,04:15:53.323,ADA/USDT:USDT,0.8256,350.0,0.8255,104937.0,0.8257,64135.0,0.8258,62543.0
1753503353473,04:15:53.473,ADA/USDT:USDT,0.8256,350.0,0.8255,104937.0,0.8257,64135.0,0.8258,95629.0
1753503353623,04:15:53.623,ADA/USDT:USDT,0.8255,56694.0,0.8254,47871.0,0.8257,64135.0,0.8258,97348.0
1753503353773,04:15:53.773,ADA/USDT:USDT,0.8255,350.0,0.8254,61623.0,0.8256,79698.0,0.8257,75641.0
1753503353923,04:15:53.923,ADA/USDT:USDT,0.8255,350.0,0.8254,77129.0,0.8256,83408.0,0.8257,79343.0
1753503354073,04:15:54.073,ADA/USDT:USDT,0.8254,43209.0,0.8253,82399.0,0.8256,83408.0,0.8257,79464.0
1753503354223,04:15:54.223,ADA/USDT:USDT,0.8254,35759.0,0.8253,98112.0,0.8255,36169.0,0.8256,73865.0
1753503354374,04:15:54.374,ADA/USDT:USDT,0.8254,23025.0,0.8253,98112.0,0.8255,63106.0,0.8256,73865.0
1753503354524,04:15:54.524,ADA/USDT:USDT,0.8254,25353.0,0.8253,98233.0,0.8255,63106.0,0.8256,64755.0
1753503354673,04:15:54.673,ADA/USDT:USDT,0.8254,41916.0,0.8253,98833.0,0.8255,63106.0,0.8256,64755.0
1753503354824,04:15:54.824,ADA/USDT:USDT,0.8254,46826.0,0.8253,98833.0,0.8255,63106.0,0.8256,58364.0
1753503354974,04:15:54.974,ADA/USDT:USDT,0.8254,46826.0,0.8253,98833.0,0.8255,63106.0,0.8256,62703.0
1753503355124,04:15:55.124,ADA/USDT:USDT,0.8254,46826.0,0.8253,98833.0,0.8255,63106.0,0.8256,62703.0
1753503355274,04:15:55.274,ADA/USDT:USDT,0.8254,36179.0,0.8253,98833.0,0.8255,26661.0,0.8256,62703.0
1753503355424,04:15:55.424,ADA/USDT:USDT,0.8254,33851.0,0.8253,98712.0,0.8255,21668.0,0.8256,62703.0
1753503355574,04:15:55.574,ADA/USDT:USDT,0.8254,32252.0,0.8253,98712.0,0.8255,23557.0,0.8256,62703.0
1753503355724,04:15:55.724,ADA/USDT:USDT,0.8254,32252.0,0.8253,108719.0,0.8255,23557.0,0.8256,73310.0
1753503355874,04:15:55.874,ADA/USDT:USDT,0.8254,35491.0,0.8253,108719.0,0.8255,19450.0,0.8256,63234.0
1753503356025,04:15:56.025,ADA/USDT:USDT,0.8254,36325.0,0.8253,109319.0,0.8255,27450.0,0.8256,68371.0
1753503356175,04:15:56.175,ADA/USDT:USDT,0.8253,82292.0,0.8252,80839.0,0.8255,47217.0,0.8256,69092.0
1753503356325,04:15:56.325,ADA/USDT:USDT,0.8253,33491.0,0.8252,85950.0,0.8254,17397.0,0.8255,32313.0
1753503356475,04:15:56.475,ADA/USDT:USDT,0.8253,19678.0,0.8252,119028.0,0.8254,45300.0,0.8255,53711.0
1753503356625,04:15:56.625,ADA/USDT:USDT,0.8253,2740.0,0.8252,98155.0,0.8254,50945.0,0.8255,58397.0
1753503356775,04:15:56.775,ADA/USDT:USDT,0.8252,74232.0,0.8251,50851.0,0.8254,66284.0,0.8255,60237.0
1753503356925,04:15:56.925,ADA/USDT:USDT,0.8252,84821.0,0.8251,66578.0,0.8253,54732.0,0.8254,49267.0
1753503357075,04:15:57.075,ADA/USDT:USDT,0.8252,51733.0,0.8251,106704.0,0.8253,56681.0,0.8254,55004.0
1753503357225,04:15:57.225,ADA/USDT:USDT,0.8252,60462.0,0.8251,106704.0,0.8253,56681.0,0.8254,62998.0
1753503357375,04:15:57.375,ADA/USDT:USDT,0.8252,60462.0,0.8251,106704.0,0.8253,56681.0,0.8254,73606.0
1753503357525,04:15:57.525,ADA/USDT:USDT,0.8252,60462.0,0.8251,111615.0,0.8253,56681.0,0.8254,73606.0
1753503357675,04:15:57.675,ADA/USDT:USDT,0.8252,9128.0,0.8251,85179.0,0.8253,72020.0,0.8254,77088.0
1753503357826,04:15:57.826,ADA/USDT:USDT,0.8251,80268.0,0.825,70020.0,0.8253,72020.0,0.8254,112015.0
1753503357976,04:15:57.976,ADA/USDT:USDT,0.8251,67296.0,0.825,70027.0,0.8252,48516.0,0.8253,71450.0
1753503358126,04:15:58.126,ADA/USDT:USDT,0.8251,21433.0,0.825,118827.0,0.8252,65297.0,0.8253,74811.0
1753503358276,04:15:58.276,ADA/USDT:USDT,0.8251,33517.0,0.825,118827.0,0.8252,65297.0,0.8253,60240.0
1753503358426,04:15:58.426,ADA/USDT:USDT,0.8251,33517.0,0.825,118827.0,0.8252,65297.0,0.8253,60240.0
1753503358576,04:15:58.576,ADA/USDT:USDT,0.8251,33517.0,0.825,97538.0,0.8252,65297.0,0.8253,60240.0
1753503358728,04:15:58.728,ADA/USDT:USDT,0.8251,33517.0,0.825,97538.0,0.8252,65897.0,0.8253,60840.0
1753503358893,04:15:58.893,ADA/USDT:USDT,0.8251,31918.0,0.825,92493.0,0.8252,65897.0,0.8253,60840.0
1753503359049,04:15:59.049,ADA/USDT:USDT,0.8251,25571.0,0.825,59406.0,0.8252,65897.0,0.8253,60840.0
1753503359208,04:15:59.208,ADA/USDT:USDT,0.8251,25571.0,0.825,92497.0,0.8252,65897.0,0.8253,60840.0
1753503359378,04:15:59.378,ADA/USDT:USDT,0.8251,27773.0,0.825,92497.0,0.8252,65897.0,0.8253,68454.0
1753503359535,04:15:59.535,ADA/USDT:USDT,0.8251,27773.0,0.825,92497.0,0.8252,65897.0,0.8253,68454.0
1753503359691,04:15:59.691,ADA/USDT:USDT,0.8251,27773.0,0.825,92497.0,0.8252,65897.0,0.8253,68454.0
1753503359844,04:15:59.844,ADA/USDT:USDT,0.8251,27773.0,0.825,92497.0,0.8252,65897.0,0.8253,68454.0
1753503359994,04:15:59.994,ADA/USDT:USDT,0.8251,37372.0,0.825,95511.0,0.8252,40447.0,0.8253,61493.0
1753503360153,04:16:00.153,ADA/USDT:USDT,0.8251,54772.0,0.825,95511.0,0.8252,34792.0,0.8253,61493.0
1753503360304,04:16:00.304,ADA/USDT:USDT,0.8251,54772.0,0.825,96116.0,0.8252,34792.0,0.8253,61493.0
1753503360457,04:16:00.457,ADA/USDT:USDT,0.8251,54772.0,0.825,106727.0,0.8252,34792.0,0.8253,61493.0
1753503360628,04:16:00.628,ADA/USDT:USDT,0.8251,54772.0,0.825,106727.0,0.8252,34792.0,0.8253,61493.0
1753503360781,04:16:00.781,ADA/USDT:USDT,0.8251,53935.0,0.825,106727.0,0.8252,35142.0,0.8253,61493.0
1753503360933,04:16:00.933,ADA/USDT:USDT,0.8251,53935.0,0.825,105522.0,0.8252,60642.0,0.8253,62093.0
1753503361108,04:16:01.108,ADA/USDT:USDT,0.8251,29372.0,0.825,105522.0,0.8252,60642.0,0.8253,62093.0
1753503361257,04:16:01.257,ADA/USDT:USDT,0.8251,665.0,0.825,59093.0,0.8252,65687.0,0.8253,68020.0
1753503361414,04:16:01.414,ADA/USDT:USDT,0.825,55548.0,0.8249,45104.0,0.8252,65687.0,0.8253,68020.0
1753503361578,04:16:01.578,ADA/USDT:USDT,0.825,24406.0,0.8249,88811.0,0.8251,32627.0,0.8252,62815.0
1753503361728,04:16:01.728,ADA/USDT:USDT,0.825,4967.0,0.8249,78079.0,0.8251,60676.0,0.8252,101834.0
1753503361878,04:16:01.878,ADA/USDT:USDT,0.825,29899.0,0.8249,78079.0,0.8251,76015.0,0.8252,93426.0
1753503362028,04:16:02.028,ADA/USDT:USDT,0.825,30249.0,0.8249,78079.0,0.8251,76015.0,0.8252,97370.0
1753503362178,04:16:02.178,ADA/USDT:USDT,0.825,59951.0,0.8249,78788.0,0.8251,33739.0,0.8252,91447.0
1753503362328,04:16:02.328,ADA/USDT:USDT,0.825,59951.0,0.8249,81203.0,0.8251,18616.0,0.8252,58351.0
1753503362478,04:16:02.478,ADA/USDT:USDT,0.825,59951.0,0.8249,81203.0,0.8251,18616.0,0.8252,58351.0
1753503362629,04:16:02.629,ADA/USDT:USDT,0.825,59951.0,0.8249,107413.0,0.8251,18966.0,0.8252,67605.0
1753503362778,04:16:02.778,ADA/USDT:USDT,0.825,59951.0,0.8249,108139.0,0.8251,18966.0,0.8252,67605.0
1753503362929,04:16:02.929,ADA/USDT:USDT,0.825,69951.0,0.8249,108139.0,0.8251,26966.0,0.8252,67605.0
1753503363079,04:16:03.079,ADA/USDT:USDT,0.825,69951.0,0.8249,108139.0,0.8251,27803.0,0.8252,67605.0
1753503363229,04:16:03.229,ADA/USDT:USDT,0.825,69951.0,0.8249,107534.0,0.8251,27803.0,0.8252,67605.0
1753503363379,04:16:03.379,ADA/USDT:USDT,0.825,69951.0,0.8249,107534.0,0.8251,27803.0,0.8252,67605.0
1753503363529,04:16:03.529,ADA/USDT:USDT,0.825,59951.0,0.8249,107534.0,0.8251,27803.0,0.8252,67605.0
1753503363679,04:16:03.679,ADA/USDT:USDT,0.825,59114.0,0.8249,106946.0,0.8251,27803.0,0.8252,68193.0
1753503363829,04:16:03.829,ADA/USDT:USDT,0.825,41624.0,0.8249,78200.0,0.8251,60642.0,0.8252,68193.0
1753503363979,04:16:03.979,ADA/USDT:USDT,0.825,25061.0,0.8249,93797.0,0.8251,60642.0,0.8252,74111.0
1753503364129,04:16:04.129,ADA/USDT:USDT,0.825,25061.0,0.8249,93797.0,0.8251,60642.0,0.8252,74111.0
1753503364279,04:16:04.279,ADA/USDT:USDT,0.825,25411.0,0.8249,93797.0,0.8251,60642.0,0.8252,73506.0
1753503364430,04:16:04.430,ADA/USDT:USDT,0.825,23462.0,0.8249,78079.0,0.8251,60642.0,0.8252,73506.0
1753503364580,04:16:04.580,ADA/USDT:USDT,0.825,23462.0,0.8249,78079.0,0.8251,60642.0,0.8252,73506.0
1753503364730,04:16:04.730,ADA/USDT:USDT,0.825,23462.0,0.8249,93797.0,0.8251,60642.0,0.8252,74111.0
1753503364880,04:16:04.880,ADA/USDT:USDT,0.825,23812.0,0.8249,93797.0,0.8251,60641.0,0.8252,74111.0
1753503365030,04:16:05.030,ADA/USDT:USDT,0.825,23812.0,0.8249,93797.0,0.8251,60641.0,0.8252,74111.0
1753503365180,04:16:05.180,ADA/USDT:USDT,0.825,23812.0,0.8249,104410.0,0.8251,60641.0,0.8252,74111.0
1753503365330,04:16:05.330,ADA/USDT:USDT,0.825,23812.0,0.8249,104410.0,0.8251,60641.0,0.8252,74111.0
1753503365480,04:16:05.480,ADA/USDT:USDT,0.825,23812.0,0.8249,104410.0,0.8251,60641.0,0.8252,74111.0
1753503365630,04:16:05.630,ADA/USDT:USDT,0.825,23812.0,0.8249,104410.0,0.8251,60641.0,0.8252,74111.0
1753503365780,04:16:05.780,ADA/USDT:USDT,0.825,23812.0,0.8249,104410.0,0.8251,60641.0,0.8252,74111.0
1753503365930,04:16:05.930,ADA/USDT:USDT,0.825,23812.0,0.8249,104410.0,0.8251,60641.0,0.8252,74111.0
1753503366081,04:16:06.081,ADA/USDT:USDT,0.825,44451.0,0.8249,105105.0,0.8252,100705.0,0.8253,37306.0
1753503366231,04:16:06.231,ADA/USDT:USDT,0.825,44451.0,0.8249,105105.0,0.8251,2926.0,0.8252,54407.0
1753503366380,04:16:06.380,ADA/USDT:USDT,0.825,44451.0,0.8249,105105.0,0.8251,30375.0,0.8252,64089.0
1753503366531,04:16:06.531,ADA/USDT:USDT,0.825,43614.0,0.8249,104531.0,0.8251,46938.0,0.8252,64671.0
1753503366681,04:16:06.681,ADA/USDT:USDT,0.825,43614.0,0.8249,104531.0,0.8251,46938.0,0.8252,64671.0
1753503366831,04:16:06.831,ADA/USDT:USDT,0.825,43614.0,0.8249,104531.0,0.8251,46938.0,0.8252,64671.0
1753503366981,04:16:06.981,ADA/USDT:USDT,0.825,43614.0,0.8249,105105.0,0.8251,46938.0,0.8252,64671.0
1753503367131,04:16:07.131,ADA/USDT:USDT,0.825,43614.0,0.8249,105105.0,0.8251,46938.0,0.8252,64671.0
1753503367281,04:16:07.281,ADA/USDT:USDT,0.825,43614.0,0.8249,104531.0,0.8251,62277.0,0.8252,68023.0
1753503367431,04:16:07.431,ADA/USDT:USDT,0.825,43614.0,0.8249,93915.0,0.8251,62277.0,0.8252,78636.0
1753503367581,04:16:07.581,ADA/USDT:USDT,0.825,43614.0,0.8249,93915.0,0.8251,62277.0,0.8252,78636.0
1753503367731,04:16:07.731,ADA/USDT:USDT,0.825,43614.0,0.8249,94489.0,0.8251,62277.0,0.8252,78054.0
1753503367881,04:16:07.881,ADA/USDT:USDT,0.825,44963.0,0.8249,94489.0,0.8251,62277.0,0.8252,78054.0
1753503368032,04:16:08.032,ADA/USDT:USDT,0.825,44963.0,0.8249,94489.0,0.8251,62277.0,0.8252,78054.0
1753503368182,04:16:08.182,ADA/USDT:USDT,0.825,44963.0,0.8249,94489.0,0.8251,62277.0,0.8252,78054.0
1753503368332,04:16:08.332,ADA/USDT:USDT,0.825,44963.0,0.8249,94489.0,0.8251,62277.0,0.8252,78636.0
1753503368482,04:16:08.482,ADA/USDT:USDT,0.825,43614.0,0.8249,105102.0,0.8251,62277.0,0.8252,78636.0
1753503368632,04:16:08.632,ADA/USDT:USDT,0.825,43614.0,0.8249,105102.0,0.8251,62277.0,0.8252,74702.0
1753503368782,04:16:08.782,ADA/USDT:USDT,0.825,43614.0,0.8249,105102.0,0.8251,62277.0,0.8252,74702.0
1753503368932,04:16:08.932,ADA/USDT:USDT,0.825,43614.0,0.8249,105102.0,0.8251,62277.0,0.8252,75284.0
1753503369082,04:16:09.082,ADA/USDT:USDT,0.825,44425.0,0.8249,105102.0,0.8251,35940.0,0.8252,75284.0
1753503369232,04:16:09.232,ADA/USDT:USDT,0.825,44425.0,0.8249,105102.0,0.8251,35940.0,0.8252,74702.0
1753503369382,04:16:09.382,ADA/USDT:USDT,0.825,44425.0,0.8249,105102.0,0.8251,35940.0,0.8252,75284.0
1753503369533,04:16:09.533,ADA/USDT:USDT,0.825,44425.0,0.8249,105102.0,0.8251,35940.0,0.8252,75284.0
1753503369683,04:16:09.683,ADA/USDT:USDT,0.825,43819.0,0.8249,105102.0,0.8251,46940.0,0.8252,75284.0
1753503369833,04:16:09.833,ADA/USDT:USDT,0.825,62319.0,0.8249,104528.0,0.8251,61440.0,0.8252,75284.0
1753503369983,04:16:09.983,ADA/USDT:USDT,0.825,62319.0,0.8249,104528.0,0.8251,61440.0,0.8252,75284.0
1753503370133,04:16:10.133,ADA/USDT:USDT,0.825,62319.0,0.8249,105093.0,0.8251,35940.0,0.8252,74702.0
1753503370283,04:16:10.283,ADA/USDT:USDT,0.825,62319.0,0.8249,105093.0,0.8251,35940.0,0.8252,74702.0
1753503370433,04:16:10.433,ADA/USDT:USDT,0.825,62319.0,0.8249,105093.0,0.8251,35940.0,0.8252,74702.0
1753503370583,04:16:10.583,ADA/USDT:USDT,0.825,62319.0,0.8249,105093.0,0.8251,35940.0,0.8252,74702.0
1753503370733,04:16:10.733,ADA/USDT:USDT,0.825,62319.0,0.8249,105093.0,0.8251,35940.0,0.8252,74702.0
1753503370883,04:16:10.883,ADA/USDT:USDT,0.825,62319.0,0.8249,105093.0,0.8251,35940.0,0.8252,74702.0
1753503371033,04:16:11.033,ADA/USDT:USDT,0.825,61757.0,0.8249,105093.0,0.8251,53440.0,0.8252,74702.0
1753503371183,04:16:11.183,ADA/USDT:USDT,0.825,61757.0,0.8249,105093.0,0.8251,53440.0,0.8252,74702.0
1753503371333,04:16:11.333,ADA/USDT:USDT,0.825,43257.0,0.8249,105093.0,0.8251,53440.0,0.8252,74702.0
1753503371484,04:16:11.484,ADA/USDT:USDT,0.825,47942.0,0.8249,105093.0,0.8251,53440.0,0.8252,74702.0
1753503371634,04:16:11.634,ADA/USDT:USDT,0.825,43257.0,0.8249,105093.0,0.8251,53440.0,0.8252,74702.0
1753503371784,04:16:11.784,ADA/USDT:USDT,0.825,55416.0,0.8249,105093.0,0.8251,61440.0,0.8252,74702.0
1753503371934,04:16:11.934,ADA/USDT:USDT,0.825,45416.0,0.8249,104528.0,0.8251,61440.0,0.8252,75284.0
1753503372084,04:16:12.084,ADA/USDT:USDT,0.825,45416.0,0.8249,104528.0,0.8251,61440.0,0.8252,75284.0
1753503372234,04:16:12.234,ADA/USDT:USDT,0.825,45416.0,0.8249,104528.0,0.8251,61440.0,0.8252,75284.0
1753503372384,04:16:12.384,ADA/USDT:USDT,0.825,45416.0,0.8249,104528.0,0.8251,61440.0,0.8252,75284.0
1753503372534,04:16:12.534,ADA/USDT:USDT,0.825,45416.0,0.8249,104528.0,0.8251,61440.0,0.8252,75421.0
1753503372684,04:16:12.684,ADA/USDT:USDT,0.825,17298.0,0.8249,66953.0,0.8251,61440.0,0.8252,76026.0
1753503372834,04:16:12.834,ADA/USDT:USDT,0.825,17298.0,0.8249,107154.0,0.8251,61440.0,0.8252,75421.0
1753503372984,04:16:12.984,ADA/USDT:USDT,0.825,27685.0,0.8249,107154.0,0.8251,61440.0,0.8252,75421.0
1753503373135,04:16:13.135,ADA/USDT:USDT,0.825,27685.0,0.8249,103265.0,0.8251,61440.0,0.8252,75421.0
1753503373285,04:16:13.285,ADA/USDT:USDT,0.825,27685.0,0.8249,103265.0,0.8251,61440.0,0.8252,75421.0
1753503373435,04:16:13.435,ADA/USDT:USDT,0.825,27685.0,0.8249,103265.0,0.8251,61440.0,0.8252,75421.0
1753503373585,04:16:13.585,ADA/USDT:USDT,0.825,18938.0,0.8249,103265.0,0.8251,61440.0,0.8252,75421.0
1753503373735,04:16:13.735,ADA/USDT:USDT,0.825,64767.0,0.8249,103265.0,0.8251,19377.0,0.8252,74839.0
1753503373885,04:16:13.885,ADA/USDT:USDT,0.825,65117.0,0.8249,103265.0,0.8251,17391.0,0.8252,49339.0
1753503374035,04:16:14.035,ADA/USDT:USDT,0.825,65117.0,0.8249,103265.0,0.8251,18202.0,0.8252,49339.0
1753503374185,04:16:14.185,ADA/USDT:USDT,0.825,65117.0,0.8249,103265.0,0.8251,37307.0,0.8252,49339.0
1753503374335,04:16:14.335,ADA/USDT:USDT,0.825,65107.0,0.8249,103265.0,0.8251,37657.0,0.8252,49921.0
1753503374485,04:16:14.485,ADA/USDT:USDT,0.825,65107.0,0.8249,103265.0,0.8251,37657.0,0.8252,49921.0
1753503374636,04:16:14.636,ADA/USDT:USDT,0.825,65107.0,0.8249,103265.0,0.8251,37657.0,0.8252,49921.0
1753503374786,04:16:14.786,ADA/USDT:USDT,0.825,18928.0,0.8249,86992.0,0.8251,68142.0,0.8252,49921.0
1753503374936,04:16:14.936,ADA/USDT:USDT,0.825,25476.0,0.8249,87549.0,0.8251,42642.0,0.8252,49339.0
1753503375086,04:16:15.086,ADA/USDT:USDT,0.825,44722.0,0.8249,87549.0,0.8251,35115.0,0.8252,49339.0
1753503375236,04:16:15.236,ADA/USDT:USDT,0.825,44722.0,0.8249,103265.0,0.8251,35115.0,0.8252,49339.0
1753503375386,04:16:15.386,ADA/USDT:USDT,0.825,44722.0,0.8249,103265.0,0.8251,35115.0,0.8252,49339.0
1753503375536,04:16:15.536,ADA/USDT:USDT,0.825,44732.0,0.8249,103265.0,0.8251,35115.0,0.8252,49339.0
1753503375686,04:16:15.686,ADA/USDT:USDT,0.825,70232.0,0.8249,103265.0,0.8251,55115.0,0.8252,49339.0
1753503375836,04:16:15.836,ADA/USDT:USDT,0.825,70232.0,0.8249,103265.0,0.8251,17741.0,0.8252,49339.0
1753503375986,04:16:15.986,ADA/USDT:USDT,0.825,70232.0,0.8249,103265.0,0.8251,17741.0,0.8252,49339.0
1753503376136,04:16:16.136,ADA/USDT:USDT,0.825,44732.0,0.8249,103265.0,0.8251,17741.0,0.8252,49339.0
1753503376286,04:16:16.286,ADA/USDT:USDT,0.825,44732.0,0.8249,103265.0,0.8251,18552.0,0.8252,49269.0
1753503376437,04:16:16.437,ADA/USDT:USDT,0.825,44732.0,0.8249,103265.0,0.8251,24601.0,0.8252,49269.0
1753503376587,04:16:16.587,ADA/USDT:USDT,0.825,44732.0,0.8249,103265.0,0.8251,24601.0,0.8252,49269.0
1753503376737,04:16:16.737,ADA/USDT:USDT,0.825,44732.0,0.8249,76379.0,0.8251,50101.0,0.8252,49851.0
1753503376887,04:16:16.887,ADA/USDT:USDT,0.825,43571.0,0.8249,76379.0,0.8251,50101.0,0.8252,49851.0
1753503377037,04:16:17.037,ADA/USDT:USDT,0.825,43571.0,0.8249,76379.0,0.8251,50101.0,0.8252,49851.0
1753503377187,04:16:17.187,ADA/USDT:USDT,0.825,43571.0,0.8249,76379.0,0.8251,50101.0,0.8252,49851.0
1753503377337,04:16:17.337,ADA/USDT:USDT,0.825,43571.0,0.8249,92094.0,0.8251,50101.0,0.8252,53203.0
1753503377487,04:16:17.487,ADA/USDT:USDT,0.825,43571.0,0.8249,92651.0,0.8251,50101.0,0.8252,53203.0
1753503377637,04:16:17.637,ADA/USDT:USDT,0.825,43571.0,0.8249,92651.0,0.8251,50101.0,0.8252,53203.0
1753503377787,04:16:17.787,ADA/USDT:USDT,0.825,43571.0,0.8249,92651.0,0.8251,50101.0,0.8252,53203.0
1753503377937,04:16:17.937,ADA/USDT:USDT,0.825,43571.0,0.8249,92651.0,0.8251,50101.0,0.8252,53203.0
1753503378088,04:16:18.088,ADA/USDT:USDT,0.825,43921.0,0.8249,92651.0,0.8251,50101.0,0.8252,53203.0
1753503378238,04:16:18.238,ADA/USDT:USDT,0.825,43921.0,0.8249,92651.0,0.8251,50101.0,0.8252,53203.0
1753503378388,04:16:18.388,ADA/USDT:USDT,0.825,43557.0,0.8249,103264.0,0.8251,50101.0,0.8252,53203.0
1753503378538,04:16:18.538,ADA/USDT:USDT,0.825,43557.0,0.8249,103264.0,0.8251,50101.0,0.8252,53203.0
1753503378688,04:16:18.688,ADA/USDT:USDT,0.825,35137.0,0.8249,103264.0,0.8251,50101.0,0.8252,53203.0
1753503378838,04:16:18.838,ADA/USDT:USDT,0.8249,60162.0,0.8248,52863.0,0.8251,44052.0,0.8252,54655.0
1753503378988,04:16:18.988,ADA/USDT:USDT,0.8249,55998.0,0.8248,68584.0,0.825,68684.0,0.8251,54653.0
1753503379138,04:16:19.138,ADA/USDT:USDT,0.8249,1949.0,0.8248,94685.0,0.825,79612.0,0.8251,61153.0
1753503379288,04:16:19.288,ADA/USDT:USDT,0.8249,4402.0,0.8248,86469.0,0.825,79030.0,0.8251,61176.0
1753503379438,04:16:19.438,ADA/USDT:USDT,0.8249,58534.0,0.8248,97374.0,0.825,46484.0,0.8251,80733.0
1753503379588,04:16:19.588,ADA/USDT:USDT,0.8249,58534.0,0.8248,97374.0,0.825,46484.0,0.8251,81315.0
1753503379739,04:16:19.739,ADA/USDT:USDT,0.8249,48023.0,0.8248,97374.0,0.825,46484.0,0.8251,81315.0
1753503379889,04:16:19.889,ADA/USDT:USDT,0.8249,48023.0,0.8248,97374.0,0.825,46484.0,0.8251,81315.0
1753503380039,04:16:20.039,ADA/USDT:USDT,0.8249,48023.0,0.8248,97374.0,0.825,46484.0,0.8251,81315.0
1753503380189,04:16:20.189,ADA/USDT:USDT,0.8249,48023.0,0.8248,97374.0,0.825,46484.0,0.8251,81315.0
1753503380339,04:16:20.339,ADA/USDT:USDT,0.8249,48023.0,0.8248,97374.0,0.825,46484.0,0.8251,81315.0
1753503380489,04:16:20.489,ADA/USDT:USDT,0.8249,48023.0,0.8248,97374.0,0.825,46484.0,0.8251,81315.0
1753503380639,04:16:20.639,ADA/USDT:USDT,0.8249,48023.0,0.8248,97374.0,0.825,46484.0,0.8251,80733.0
1753503380789,04:16:20.789,ADA/USDT:USDT,0.8249,48023.0,0.8248,97374.0,0.825,46484.0,0.8251,80589.0
1753503380939,04:16:20.939,ADA/USDT:USDT,0.8249,48023.0,0.8248,97374.0,0.825,46484.0,0.8251,80589.0
1753503381089,04:16:21.089,ADA/USDT:USDT,0.8249,48023.0,0.8248,97374.0,0.825,46484.0,0.8251,80589.0
1753503381239,04:16:21.239,ADA/USDT:USDT,0.8249,47210.0,0.8248,107464.0,0.825,46484.0,0.8251,80589.0
1753503381389,04:16:21.389,ADA/USDT:USDT,0.8249,47210.0,0.8248,107464.0,0.825,46484.0,0.8251,80589.0
1753503381540,04:16:21.540,ADA/USDT:USDT,0.8249,47210.0,0.8248,107464.0,0.825,46484.0,0.8251,80709.0
1753503381690,04:16:21.690,ADA/USDT:USDT,0.8249,56210.0,0.8248,107464.0,0.825,46484.0,0.8251,80709.0
1753503381840,04:16:21.840,ADA/USDT:USDT,0.8249,56210.0,0.8248,107464.0,0.825,46484.0,0.8251,80709.0
1753503381990,04:16:21.990,ADA/USDT:USDT,0.8249,47210.0,0.8248,107464.0,0.825,46484.0,0.8251,80709.0
1753503382140,04:16:22.140,ADA/USDT:USDT,0.8249,47210.0,0.8248,107464.0,0.825,46484.0,0.8251,80709.0
1753503382290,04:16:22.290,ADA/USDT:USDT,0.8249,47210.0,0.8248,107464.0,0.825,46484.0,0.8251,80709.0
1753503382440,04:16:22.440,ADA/USDT:USDT,0.8249,47210.0,0.8248,107464.0,0.825,46484.0,0.8251,80709.0
1753503382590,04:16:22.590,ADA/USDT:USDT,0.8249,47210.0,0.8248,81135.0,0.825,61823.0,0.8251,80709.0
1753503382740,04:16:22.740,ADA/USDT:USDT,0.8249,47210.0,0.8248,81135.0,0.825,61823.0,0.8251,81314.0
1753503382890,04:16:22.890,ADA/USDT:USDT,0.8249,47210.0,0.8248,91749.0,0.825,61823.0,0.8251,81314.0
1753503383040,04:16:23.040,ADA/USDT:USDT,0.8249,47210.0,0.8248,91749.0,0.825,61823.0,0.8251,81314.0
1753503383191,04:16:23.191,ADA/USDT:USDT,0.8249,47210.0,0.8248,91749.0,0.825,61823.0,0.8251,81314.0
1753503383341,04:16:23.341,ADA/USDT:USDT,0.8249,47210.0,0.8248,91749.0,0.825,61823.0,0.8251,81314.0
1753503383491,04:16:23.491,ADA/USDT:USDT,0.8249,47210.0,0.8248,91749.0,0.825,61823.0,0.8251,81314.0
1753503383641,04:16:23.641,ADA/USDT:USDT,0.8249,47210.0,0.8248,91749.0,0.825,61823.0,0.8251,81314.0
1753503383791,04:16:23.791,ADA/USDT:USDT,0.8249,47210.0,0.8248,91749.0,0.825,61823.0,0.8251,81314.0
1753503383941,04:16:23.941,ADA/USDT:USDT,0.8249,47210.0,0.8248,91749.0,0.825,61823.0,0.8251,81314.0
1753503384091,04:16:24.091,ADA/USDT:USDT,0.8249,47210.0,0.8248,91749.0,0.825,61823.0,0.8251,81314.0
1753503384241,04:16:24.241,ADA/USDT:USDT,0.8249,47210.0,0.8248,91749.0,0.825,61823.0,0.8251,81314.0
1753503384391,04:16:24.391,ADA/USDT:USDT,0.8249,47210.0,0.8248,91749.0,0.825,61823.0,0.8251,81314.0
1753503384541,04:16:24.541,ADA/USDT:USDT,0.8249,47210.0,0.8248,91749.0,0.825,61823.0,0.8251,81314.0
1753503384691,04:16:24.691,ADA/USDT:USDT,0.8249,35491.0,0.8248,91749.0,0.825,61823.0,0.8251,81314.0
1753503384841,04:16:24.841,ADA/USDT:USDT,0.8249,1640.0,0.8248,60359.0,0.825,61823.0,0.8251,81314.0
1753503384992,04:16:24.992,ADA/USDT:USDT,0.8247,51551.0,0.8246,97659.0,0.8248,14808.0,0.8249,53204.0
1753503385142,04:16:25.142,ADA/USDT:USDT,0.8247,51551.0,0.8246,97660.0,0.8248,48309.0,0.8249,69287.0
1753503385292,04:16:25.292,ADA/USDT:USDT,0.8247,51551.0,0.8246,130771.0,0.8248,37127.0,0.8249,70100.0
1753503385442,04:16:25.442,ADA/USDT:USDT,0.8247,68114.0,0.8246,131126.0,0.8248,16938.0,0.8249,59486.0
1753503385592,04:16:25.592,ADA/USDT:USDT,0.8247,93614.0,0.8246,131126.0,0.8248,16938.0,0.8249,59486.0
1753503385742,04:16:25.742,ADA/USDT:USDT,0.8247,93614.0,0.8246,131126.0,0.8248,16938.0,0.8249,59562.0
1753503385892,04:16:25.892,ADA/USDT:USDT,0.8247,93614.0,0.8246,146848.0,0.8248,16938.0,0.8249,70178.0
1753503386042,04:16:26.042,ADA/USDT:USDT,0.8247,93614.0,0.8246,146328.0,0.8248,35141.0,0.8249,70178.0
1753503386192,04:16:26.192,ADA/USDT:USDT,0.8247,68114.0,0.8246,135714.0,0.8248,35491.0,0.8249,70760.0
1753503386342,04:16:26.342,ADA/USDT:USDT,0.8247,51541.0,0.8246,130614.0,0.8248,36304.0,0.8249,74103.0
1753503386492,04:16:26.492,ADA/USDT:USDT,0.8247,51541.0,0.8246,130614.0,0.8248,36304.0,0.8249,74103.0
1753503386643,04:16:26.643,ADA/USDT:USDT,0.8247,73041.0,0.8246,130614.0,0.8248,58304.0,0.8249,74103.0
1753503386793,04:16:26.793,ADA/USDT:USDT,0.8247,73041.0,0.8246,130614.0,0.8248,58304.0,0.8249,74103.0
1753503386943,04:16:26.943,ADA/USDT:USDT,0.8247,73041.0,0.8246,146338.0,0.8248,36304.0,0.8249,74103.0
1753503387093,04:16:27.093,ADA/USDT:USDT,0.8247,73041.0,0.8246,146858.0,0.8248,35491.0,0.8249,74103.0
1753503387243,04:16:27.243,ADA/USDT:USDT,0.8247,73041.0,0.8246,146858.0,0.8248,35491.0,0.8249,74103.0
1753503387393,04:16:27.393,ADA/USDT:USDT,0.8247,73041.0,0.8246,146858.0,0.8248,18203.0,0.8249,44678.0
1753503387543,04:16:27.543,ADA/USDT:USDT,0.8247,77041.0,0.8246,149880.0,0.8248,18203.0,0.8249,34062.0
1753503387693,04:16:27.693,ADA/USDT:USDT,0.8247,77041.0,0.8246,149880.0,0.8249,34062.0,0.825,82608.0
1753503387843,04:16:27.843,ADA/USDT:USDT,0.8248,57064.0,0.8247,60747.0,0.8249,37651.0,0.825,82608.0
1753503387993,04:16:27.993,ADA/USDT:USDT,0.8248,57363.0,0.8247,136602.0,0.8249,29414.0,0.825,83190.0
1753503388143,04:16:28.143,ADA/USDT:USDT,0.8248,57363.0,0.8247,122291.0,0.8249,29414.0,0.825,83190.0
1753503388293,04:16:28.293,ADA/USDT:USDT,0.8248,56559.0,0.8247,65330.0,0.8249,45977.0,0.825,83190.0
1753503388444,04:16:28.444,ADA/USDT:USDT,0.8248,25662.0,0.8247,65330.0,0.8249,45977.0,0.825,83190.0
1753503388594,04:16:28.594,ADA/USDT:USDT,0.8248,33662.0,0.8247,81066.0,0.8249,71477.0,0.825,83795.0
1753503388744,04:16:28.744,ADA/USDT:USDT,0.8248,16292.0,0.8247,81066.0,0.8249,71477.0,0.825,83795.0
1753503388894,04:16:28.894,ADA/USDT:USDT,0.8248,15942.0,0.8247,81066.0,0.8249,71477.0,0.825,83795.0
1753503389044,04:16:29.044,ADA/USDT:USDT,0.8248,15942.0,0.8247,81066.0,0.8249,71477.0,0.825,83795.0
1753503389194,04:16:29.194,ADA/USDT:USDT,0.8248,15339.0,0.8247,65330.0,0.8249,71477.0,0.825,83795.0
1753503389344,04:16:29.344,ADA/USDT:USDT,0.8248,15339.0,0.8247,81067.0,0.8249,71477.0,0.825,83795.0
1753503389494,04:16:29.494,ADA/USDT:USDT,0.8248,36839.0,0.8247,81067.0,0.8249,71477.0,0.825,83795.0
1753503389644,04:16:29.644,ADA/USDT:USDT,0.8248,38788.0,0.8247,81067.0,0.8249,71477.0,0.825,83795.0
1753503389794,04:16:29.794,ADA/USDT:USDT,0.8248,38788.0,0.8247,81067.0,0.8249,71477.0,0.825,83795.0
1753503389945,04:16:29.945,ADA/USDT:USDT,0.8248,38788.0,0.8247,81067.0,0.8249,71477.0,0.825,83795.0
1753503390095,04:16:30.095,ADA/USDT:USDT,0.8248,38788.0,0.8247,81067.0,0.8249,71477.0,0.825,83795.0
1753503390245,04:16:30.245,ADA/USDT:USDT,0.8248,17288.0,0.8247,114180.0,0.8249,71477.0,0.825,83797.0
1753503390395,04:16:30.395,ADA/USDT:USDT,0.8248,22343.0,0.8247,114180.0,0.8249,71477.0,0.825,83797.0
1753503390545,04:16:30.545,ADA/USDT:USDT,0.8248,17383.0,0.8247,114180.0,0.8249,71477.0,0.825,83797.0
1753503390695,04:16:30.695,ADA/USDT:USDT,0.8248,17383.0,0.8247,114180.0,0.8249,71477.0,0.825,83797.0
1753503390845,04:16:30.845,ADA/USDT:USDT,0.8248,17383.0,0.8247,114180.0,0.8249,71477.0,0.825,83797.0
1753503390995,04:16:30.995,ADA/USDT:USDT,0.8248,17383.0,0.8247,114180.0,0.8249,71477.0,0.825,83071.0
1753503391145,04:16:31.145,ADA/USDT:USDT,0.8248,17383.0,0.8247,114180.0,0.8249,45977.0,0.825,83071.0
1753503391295,04:16:31.295,ADA/USDT:USDT,0.8248,37283.0,0.8247,114700.0,0.8249,45901.0,0.825,82466.0
1753503391445,04:16:31.445,ADA/USDT:USDT,0.8248,37283.0,0.8247,114700.0,0.8249,45901.0,0.825,81956.0
1753503391596,04:16:31.596,ADA/USDT:USDT,0.8248,49283.0,0.8247,130423.0,0.8249,71401.0,0.825,81956.0
1753503391746,04:16:31.746,ADA/USDT:USDT,0.8248,49283.0,0.8247,130423.0,0.8249,71401.0,0.825,82538.0
1753503391896,04:16:31.896,ADA/USDT:USDT,0.8248,36479.0,0.8247,106062.0,0.8249,71401.0,0.825,82538.0
1753503392046,04:16:32.046,ADA/USDT:USDT,0.8248,36479.0,0.8247,106062.0,0.8249,71401.0,0.825,82538.0
1753503392196,04:16:32.196,ADA/USDT:USDT,0.8248,36479.0,0.8247,121785.0,0.8249,71401.0,0.825,83143.0
1753503392346,04:16:32.346,ADA/USDT:USDT,0.8248,36479.0,0.8247,121785.0,0.8249,71401.0,0.825,83143.0
1753503392496,04:16:32.496,ADA/USDT:USDT,0.8248,60479.0,0.8247,122305.0,0.8249,71401.0,0.825,79189.0
1753503392646,04:16:32.646,ADA/USDT:USDT,0.8248,60479.0,0.8247,122305.0,0.8249,71401.0,0.825,79189.0
1753503392796,04:16:32.796,ADA/USDT:USDT,0.8248,60479.0,0.8247,122305.0,0.8249,71401.0,0.825,79189.0
1753503392946,04:16:32.946,ADA/USDT:USDT,0.8248,60479.0,0.8247,122305.0,0.8249,45901.0,0.825,79189.0
1753503393096,04:16:33.096,ADA/USDT:USDT,0.8248,60479.0,0.8247,122305.0,0.8249,45901.0,0.825,79189.0
1753503393246,04:16:33.246,ADA/USDT:USDT,0.8248,60479.0,0.8247,122305.0,0.8249,45901.0,0.825,79189.0
1753503393396,04:16:33.396,ADA/USDT:USDT,0.8248,60479.0,0.8247,122305.0,0.8249,45901.0,0.825,79189.0
1753503393547,04:16:33.547,ADA/USDT:USDT,0.8248,60479.0,0.8247,122305.0,0.8249,45088.0,0.825,79189.0
1753503393696,04:16:33.696,ADA/USDT:USDT,0.8248,60479.0,0.8247,122305.0,0.8249,45088.0,0.825,79189.0
1753503393847,04:16:33.847,ADA/USDT:USDT,0.8249,43468.0,0.8248,68620.0,0.825,72.0,0.8251,62268.0
1753503393997,04:16:33.997,ADA/USDT:USDT,0.8249,86137.0,0.8248,136942.0,0.825,72.0,0.8251,56951.0
1753503394147,04:16:34.147,ADA/USDT:USDT,0.825,76062.0,0.8249,128270.0,0.8251,121.0,0.8252,85438.0
1753503394297,04:16:34.297,ADA/USDT:USDT,0.825,92625.0,0.8249,170340.0,0.8251,925.0,0.8252,75870.0
1753503394447,04:16:34.447,ADA/USDT:USDT,0.825,92625.0,0.8249,150570.0,0.8251,1275.0,0.8252,75870.0
1753503394597,04:16:34.597,ADA/USDT:USDT,0.825,92625.0,0.8249,150570.0,0.8251,1275.0,0.8252,42755.0
1753503394747,04:16:34.747,ADA/USDT:USDT,0.825,92625.0,0.8249,150570.0,0.8251,1275.0,0.8252,52560.0
1753503394897,04:16:34.897,ADA/USDT:USDT,0.825,92625.0,0.8249,150570.0,0.8251,1275.0,0.8252,53142.0
1753503395048,04:16:35.048,ADA/USDT:USDT,0.825,92625.0,0.8249,144070.0,0.8251,2444.0,0.8252,52560.0
1753503395198,04:16:35.198,ADA/USDT:USDT,0.825,92625.0,0.8249,144191.0,0.8251,4043.0,0.8252,39984.0
1753503395348,04:16:35.348,ADA/USDT:USDT,0.825,92625.0,0.8249,144191.0,0.8251,4043.0,0.8252,50597.0
1753503395498,04:16:35.498,ADA/USDT:USDT,0.825,92625.0,0.8249,144191.0,0.8251,29893.0,0.8252,51179.0
1753503395648,04:16:35.648,ADA/USDT:USDT,0.825,89397.0,0.8249,144191.0,0.8251,29893.0,0.8252,51179.0
1753503395798,04:16:35.798,ADA/USDT:USDT,0.825,89397.0,0.8249,144191.0,0.8251,47218.0,0.8252,51179.0
1753503395948,04:16:35.948,ADA/USDT:USDT,0.825,63897.0,0.8249,144191.0,0.8251,47218.0,0.8252,51179.0
1753503396098,04:16:36.098,ADA/USDT:USDT,0.825,63897.0,0.8249,144191.0,0.8251,47218.0,0.8252,51179.0
1753503396248,04:16:36.248,ADA/USDT:USDT,0.825,63897.0,0.8249,144191.0,0.8251,47218.0,0.8252,51134.0
1753503396398,04:16:36.398,ADA/USDT:USDT,0.825,63897.0,0.8249,144191.0,0.8251,47218.0,0.8252,51134.0
1753503396548,04:16:36.548,ADA/USDT:USDT,0.825,63897.0,0.8249,144191.0,0.8251,47218.0,0.8252,51134.0
1753503396699,04:16:36.699,ADA/USDT:USDT,0.825,63897.0,0.8249,144191.0,0.8251,47218.0,0.8252,51134.0
1753503396849,04:16:36.849,ADA/USDT:USDT,0.825,23240.0,0.8249,144137.0,0.8251,47218.0,0.8252,54589.0
1753503396999,04:16:36.999,ADA/USDT:USDT,0.825,19115.0,0.8249,118637.0,0.8251,47218.0,0.8252,55194.0
1753503397149,04:16:37.149,ADA/USDT:USDT,0.825,18257.0,0.8249,118637.0,0.8251,47218.0,0.8252,55194.0
1753503397299,04:16:37.299,ADA/USDT:USDT,0.825,18257.0,0.8249,118637.0,0.8251,47217.0,0.8252,57034.0
1753503397449,04:16:37.449,ADA/USDT:USDT,0.825,18257.0,0.8249,118637.0,0.8251,47217.0,0.8252,57034.0
1753503397599,04:16:37.599,ADA/USDT:USDT,0.825,18257.0,0.8249,118637.0,0.8251,47217.0,0.8252,57034.0
1753503397749,04:16:37.749,ADA/USDT:USDT,0.825,18257.0,0.8249,118637.0,0.8251,47217.0,0.8252,57034.0
1753503397899,04:16:37.899,ADA/USDT:USDT,0.825,18257.0,0.8249,118637.0,0.8251,47217.0,0.8252,57034.0
1753503398049,04:16:38.049,ADA/USDT:USDT,0.825,18257.0,0.8249,118637.0,0.8251,47217.0,0.8252,57034.0
1753503398199,04:16:38.199,ADA/USDT:USDT,0.825,18257.0,0.8249,118637.0,0.8251,47217.0,0.8252,57034.0
1753503398349,04:16:38.349,ADA/USDT:USDT,0.825,18257.0,0.8249,85522.0,0.8251,47217.0,0.8252,57034.0
1753503398500,04:16:38.500,ADA/USDT:USDT,0.825,18257.0,0.8249,85522.0,0.8251,47217.0,0.8252,57034.0
1753503398650,04:16:38.650,ADA/USDT:USDT,0.825,18257.0,0.8249,85522.0,0.8251,47217.0,0.8252,57034.0
1753503398800,04:16:38.800,ADA/USDT:USDT,0.825,18257.0,0.8249,85522.0,0.8251,47217.0,0.8252,57034.0
1753503398950,04:16:38.950,ADA/USDT:USDT,0.825,95.0,0.8249,51461.0,0.8251,47217.0,0.8252,57034.0
1753503399100,04:16:39.100,ADA/USDT:USDT,0.825,1694.0,0.8249,82899.0,0.8251,47217.0,0.8252,57034.0
1753503399250,04:16:39.250,ADA/USDT:USDT,0.825,18257.0,0.8249,82899.0,0.8251,47217.0,0.8252,57034.0
1753503399400,04:16:39.400,ADA/USDT:USDT,0.825,34107.0,0.8249,82899.0,0.8251,47217.0,0.8252,57034.0
1753503399550,04:16:39.550,ADA/USDT:USDT,0.825,34107.0,0.8249,82899.0,0.8251,47217.0,0.8252,57034.0
1753503399700,04:16:39.700,ADA/USDT:USDT,0.825,18607.0,0.8249,82899.0,0.8251,47217.0,0.8252,57034.0
1753503399850,04:16:39.850,ADA/USDT:USDT,0.825,33946.0,0.8249,83392.0,0.8251,4392.0,0.8252,42505.0
1753503400000,04:16:40.000,ADA/USDT:USDT,0.8251,12216.0,0.825,60258.0,0.8252,34894.0,0.8253,31391.0
1753503400150,04:16:40.150,ADA/USDT:USDT,0.8251,41798.0,0.825,105493.0,0.8252,50155.0,0.8253,31996.0
1753503400301,04:16:40.301,ADA/USDT:USDT,0.8251,41798.0,0.825,133744.0,0.8252,45006.0,0.8253,65109.0
1753503400451,04:16:40.451,ADA/USDT:USDT,0.8251,24805.0,0.825,130090.0,0.8252,70506.0,0.8253,65086.0
1753503400601,04:16:40.601,ADA/USDT:USDT,0.8251,15805.0,0.825,130090.0,0.8252,70506.0,0.8253,65691.0
1753503400751,04:16:40.751,ADA/USDT:USDT,0.8251,15805.0,0.825,130583.0,0.8252,70506.0,0.8253,65691.0
1753503400901,04:16:40.901,ADA/USDT:USDT,0.8251,15805.0,0.825,130583.0,0.8252,70506.0,0.8253,65691.0
1753503401051,04:16:41.051,ADA/USDT:USDT,0.8251,15805.0,0.825,130583.0,0.8252,70506.0,0.8253,69017.0
1753503401201,04:16:41.201,ADA/USDT:USDT,0.8251,38092.0,0.825,114020.0,0.8252,70506.0,0.8253,69017.0
1753503401351,04:16:41.351,ADA/USDT:USDT,0.8251,38092.0,0.825,114020.0,0.8252,70506.0,0.8253,68435.0
1753503401501,04:16:41.501,ADA/USDT:USDT,0.8251,38092.0,0.825,114020.0,0.8252,70506.0,0.8253,69017.0
1753503401651,04:16:41.651,ADA/USDT:USDT,0.8251,38092.0,0.825,114020.0,0.8252,70506.0,0.8253,69017.0
1753503401802,04:16:41.802,ADA/USDT:USDT,0.8251,25876.0,0.825,114020.0,0.8252,70506.0,0.8253,69017.0
1753503401952,04:16:41.952,ADA/USDT:USDT,0.8251,25876.0,0.825,114020.0,0.8252,45006.0,0.8253,69017.0
1753503402102,04:16:42.102,ADA/USDT:USDT,0.8251,20964.0,0.825,114020.0,0.8252,28443.0,0.8253,65691.0
1753503402252,04:16:42.252,ADA/USDT:USDT,0.8251,20964.0,0.825,124631.0,0.8252,24364.0,0.8253,69017.0
1753503402402,04:16:42.402,ADA/USDT:USDT,0.8251,46464.0,0.825,124631.0,0.8252,48864.0,0.8253,68412.0
1753503402552,04:16:42.552,ADA/USDT:USDT,0.8251,66848.0,0.825,124752.0,0.8253,29430.0,0.8254,66414.0
1753503402702,04:16:42.702,ADA/USDT:USDT,0.8252,53538.0,0.8251,54369.0,0.8253,31894.0,0.8254,99526.0
1753503402852,04:16:42.852,ADA/USDT:USDT,0.8252,43262.0,0.8251,109622.0,0.8253,31894.0,0.8254,96177.0
1753503403002,04:16:43.002,ADA/USDT:USDT,0.8252,35491.0,0.8251,86924.0,0.8253,46143.0,0.8254,76103.0
1753503403152,04:16:43.152,ADA/USDT:USDT,0.8251,42646.0,0.825,101358.0,0.8252,24879.0,0.8253,49327.0
1753503403302,04:16:43.302,ADA/USDT:USDT,0.8251,1235.0,0.825,85524.0,0.8252,79486.0,0.8253,35307.0
1753503403452,04:16:43.452,ADA/USDT:USDT,0.8251,1235.0,0.825,85524.0,0.8252,79486.0,0.8253,39238.0
1753503403603,04:16:43.603,ADA/USDT:USDT,0.825,45389.0,0.8249,96909.0,0.8251,18860.0,0.8252,72017.0
1753503403753,04:16:43.753,ADA/USDT:USDT,0.825,35462.0,0.8249,110217.0,0.8251,61648.0,0.8252,72017.0
1753503403903,04:16:43.903,ADA/USDT:USDT,0.825,52025.0,0.8249,125925.0,0.8251,61648.0,0.8252,55454.0
1753503404053,04:16:44.053,ADA/USDT:USDT,0.8249,32659.0,0.8248,37495.0,0.8251,63202.0,0.8252,88565.0
1753503404203,04:16:44.203,ADA/USDT:USDT,0.8249,7673.0,0.8248,79564.0,0.825,47505.0,0.8251,62063.0
1753503404353,04:16:44.353,ADA/USDT:USDT,0.8249,350.0,0.8248,79685.0,0.825,80581.0,0.8251,73403.0
1753503404503,04:16:44.503,ADA/USDT:USDT,0.8249,2761.0,0.8248,87796.0,0.825,80581.0,0.8251,77304.0
1753503404653,04:16:44.653,ADA/USDT:USDT,0.8249,1949.0,0.8248,54685.0,0.825,80581.0,0.8251,77304.0
1753503404803,04:16:44.803,ADA/USDT:USDT,0.8249,1949.0,0.8248,54685.0,0.825,80581.0,0.8251,77304.0
1753503404953,04:16:44.953,ADA/USDT:USDT,0.8249,1949.0,0.8248,79315.0,0.825,80581.0,0.8251,77304.0
1753503405103,04:16:45.103,ADA/USDT:USDT,0.8249,1949.0,0.8248,79315.0,0.825,80581.0,0.8251,77304.0
1753503405254,04:16:45.254,ADA/USDT:USDT,0.8249,18676.0,0.8248,79315.0,0.825,79999.0,0.8251,72676.0
1753503405404,04:16:45.404,ADA/USDT:USDT,0.8249,35239.0,0.8248,70760.0,0.825,79999.0,0.8251,72676.0
1753503405554,04:16:45.554,ADA/USDT:USDT,0.8249,27095.0,0.8248,70760.0,0.825,79999.0,0.8251,72676.0
1753503405704,04:16:45.704,ADA/USDT:USDT,0.8249,26283.0,0.8248,70760.0,0.825,79999.0,0.8251,73258.0
1753503405854,04:16:45.854,ADA/USDT:USDT,0.8249,26283.0,0.8248,70760.0,0.825,79999.0,0.8251,73258.0
1753503406004,04:16:46.004,ADA/USDT:USDT,0.8249,26283.0,0.8248,70760.0,0.825,79999.0,0.8251,73258.0
1753503406154,04:16:46.154,ADA/USDT:USDT,0.8249,26283.0,0.8248,70760.0,0.825,79999.0,0.8251,73258.0
1753503406304,04:16:46.304,ADA/USDT:USDT,0.8249,42783.0,0.8248,70760.0,0.825,79999.0,0.8251,73258.0
1753503406454,04:16:46.454,ADA/USDT:USDT,0.8249,42783.0,0.8248,70760.0,0.825,79999.0,0.8251,73258.0
1753503406604,04:16:46.604,ADA/USDT:USDT,0.8249,44423.0,0.8248,70760.0,0.825,79999.0,0.8251,73258.0
1753503406754,04:16:46.754,ADA/USDT:USDT,0.8249,27923.0,0.8248,70760.0,0.825,79999.0,0.8251,73258.0
1753503406905,04:16:46.905,ADA/USDT:USDT,0.8249,27923.0,0.8248,70760.0,0.825,79999.0,0.8251,73258.0
1753503407055,04:16:47.055,ADA/USDT:USDT,0.8249,27923.0,0.8248,70275.0,0.825,79999.0,0.8251,73258.0
1753503407205,04:16:47.205,ADA/USDT:USDT,0.8249,27923.0,0.8248,70275.0,0.825,79999.0,0.8251,73258.0
1753503407355,04:16:47.355,ADA/USDT:USDT,0.8249,26021.0,0.8248,70760.0,0.825,52088.0,0.8251,72676.0
1753503407505,04:16:47.505,ADA/USDT:USDT,0.8249,26021.0,0.8248,70760.0,0.825,53687.0,0.8251,72676.0
1753503407655,04:16:47.655,ADA/USDT:USDT,0.8249,41360.0,0.8248,75926.0,0.825,515.0,0.8251,43600.0
1753503407805,04:16:47.805,ADA/USDT:USDT,0.8249,41360.0,0.8248,81086.0,0.8251,57191.0,0.8252,68480.0
1753503407955,04:16:47.955,ADA/USDT:USDT,0.8249,43505.0,0.8248,81086.0,0.825,1124.0,0.8251,57706.0
1753503408105,04:16:48.105,ADA/USDT:USDT,0.8249,27533.0,0.8248,88380.0,0.825,12458.0,0.8251,74439.0
1753503408255,04:16:48.255,ADA/USDT:USDT,0.8249,27995.0,0.8248,88380.0,0.825,12458.0,0.8251,74439.0
1753503408405,04:16:48.405,ADA/USDT:USDT,0.8249,66058.0,0.8248,88380.0,0.825,27458.0,0.8251,63825.0
1753503408556,04:16:48.556,ADA/USDT:USDT,0.8249,66058.0,0.8248,88380.0,0.825,27458.0,0.8251,63825.0
1753503408706,04:16:48.706,ADA/USDT:USDT,0.8249,66058.0,0.8248,88380.0,0.825,27458.0,0.8251,63825.0
1753503408856,04:16:48.856,ADA/USDT:USDT,0.8249,66058.0,0.8248,88380.0,0.825,27458.0,0.8251,71655.0
1753503409006,04:16:49.006,ADA/USDT:USDT,0.8249,70058.0,0.8248,88380.0,0.825,26778.0,0.8251,71655.0
1753503409156,04:16:49.156,ADA/USDT:USDT,0.8249,70058.0,0.8248,121490.0,0.825,25944.0,0.8251,71655.0
1753503409306,04:16:49.306,ADA/USDT:USDT,0.8249,70058.0,0.8248,113379.0,0.825,25944.0,0.8251,71655.0
1753503409456,04:16:49.456,ADA/USDT:USDT,0.8249,70058.0,0.8248,104528.0,0.825,25944.0,0.8251,63825.0
1753503409606,04:16:49.606,ADA/USDT:USDT,0.8249,70058.0,0.8248,104528.0,0.825,25944.0,0.8251,63825.0
1753503409756,04:16:49.756,ADA/USDT:USDT,0.8249,70058.0,0.8248,104528.0,0.825,25944.0,0.8251,63825.0
1753503409906,04:16:49.906,ADA/USDT:USDT,0.8249,70058.0,0.8248,104528.0,0.825,25944.0,0.8251,63825.0
1753503410057,04:16:50.057,ADA/USDT:USDT,0.8249,70058.0,0.8248,104528.0,0.825,25944.0,0.8251,63825.0
1753503410206,04:16:50.206,ADA/USDT:USDT,0.8249,44558.0,0.8248,104043.0,0.825,29242.0,0.8251,63892.0
1753503410357,04:16:50.357,ADA/USDT:USDT,0.8249,55058.0,0.8248,113106.0,0.825,29242.0,0.8251,74506.0
1753503410507,04:16:50.507,ADA/USDT:USDT,0.8249,55058.0,0.8248,113585.0,0.825,29242.0,0.8251,73924.0
1753503410657,04:16:50.657,ADA/USDT:USDT,0.8249,44558.0,0.8248,113106.0,0.825,29242.0,0.8251,74506.0
1753503410807,04:16:50.807,ADA/USDT:USDT,0.8249,44558.0,0.8248,113585.0,0.825,27643.0,0.8251,73924.0
1753503410957,04:16:50.957,ADA/USDT:USDT,0.8249,44558.0,0.8248,113585.0,0.825,27643.0,0.8251,73924.0
1753503411107,04:16:51.107,ADA/USDT:USDT,0.8249,44558.0,0.8248,113585.0,0.825,1309.0,0.8251,73924.0
1753503411257,04:16:51.257,ADA/USDT:USDT,0.8249,70058.0,0.8248,113585.0,0.825,11959.0,0.8251,73924.0
1753503411407,04:16:51.407,ADA/USDT:USDT,0.8249,70058.0,0.8248,113585.0,0.825,11959.0,0.8251,73924.0
1753503411557,04:16:51.557,ADA/USDT:USDT,0.8249,70058.0,0.8248,113585.0,0.825,959.0,0.8251,73924.0
1753503411707,04:16:51.707,ADA/USDT:USDT,0.8249,70058.0,0.8248,113585.0,0.825,959.0,0.8251,73924.0
1753503411857,04:16:51.857,ADA/USDT:USDT,0.8249,70058.0,0.8248,113585.0,0.825,959.0,0.8251,73924.0
1753503412008,04:16:52.008,ADA/USDT:USDT,0.8249,70058.0,0.8248,113585.0,0.825,959.0,0.8251,73924.0
1753503412158,04:16:52.158,ADA/USDT:USDT,0.8249,70058.0,0.8248,113585.0,0.825,1793.0,0.8251,73924.0
1753503412308,04:16:52.308,ADA/USDT:USDT,0.8249,70058.0,0.8248,113585.0,0.825,1793.0,0.8251,73924.0
1753503412458,04:16:52.458,ADA/USDT:USDT,0.8249,70058.0,0.8248,113585.0,0.825,1793.0,0.8251,73924.0
1753503412608,04:16:52.608,ADA/USDT:USDT,0.8249,70058.0,0.8248,113585.0,0.825,2143.0,0.8251,73924.0
1753503412758,04:16:52.758,ADA/USDT:USDT,0.8249,70058.0,0.8248,113585.0,0.825,2143.0,0.8251,73924.0
1753503412908,04:16:52.908,ADA/USDT:USDT,0.8249,70058.0,0.8248,113585.0,0.825,2143.0,0.8251,73924.0
1753503413058,04:16:53.058,ADA/USDT:USDT,0.8249,70058.0,0.8248,113585.0,0.825,2143.0,0.8251,73924.0
1753503413208,04:16:53.208,ADA/USDT:USDT,0.8249,70058.0,0.8248,113585.0,0.825,2143.0,0.8251,73924.0
1753503413358,04:16:53.358,ADA/USDT:USDT,0.8249,70058.0,0.8248,113585.0,0.825,24242.0,0.8251,73924.0
1753503413508,04:16:53.508,ADA/USDT:USDT,0.8249,70058.0,0.8248,113585.0,0.825,24242.0,0.8251,73924.0
1753503413659,04:16:53.659,ADA/USDT:USDT,0.8249,70058.0,0.8248,113585.0,0.825,24242.0,0.8251,73924.0
1753503413809,04:16:53.809,ADA/USDT:USDT,0.8249,70058.0,0.8248,113585.0,0.825,2908.0,0.8251,73924.0
1753503413959,04:16:53.959,ADA/USDT:USDT,0.8249,70058.0,0.8248,113585.0,0.825,2908.0,0.8251,73924.0
1753503414109,04:16:54.109,ADA/USDT:USDT,0.8249,70058.0,0.8248,113585.0,0.825,515.0,0.8251,63310.0
1753503414259,04:16:54.259,ADA/USDT:USDT,0.8249,70058.0,0.8248,113585.0,0.8251,63310.0,0.8252,81078.0
1753503414409,04:16:54.409,ADA/USDT:USDT,0.825,43335.0,0.8249,51855.0,0.8251,63825.0,0.8252,81683.0
1753503414559,04:16:54.559,ADA/USDT:USDT,0.825,58784.0,0.8249,104296.0,0.8251,44115.0,0.8252,82265.0
1753503414709,04:16:54.709,ADA/USDT:USDT,0.825,45284.0,0.8249,94207.0,0.8251,65916.0,0.8252,81660.0
1753503414859,04:16:54.859,ADA/USDT:USDT,0.825,45284.0,0.8249,94207.0,0.8251,65916.0,0.8252,82265.0
1753503415009,04:16:55.009,ADA/USDT:USDT,0.825,45284.0,0.8249,94207.0,0.8251,65916.0,0.8252,82265.0
1753503415159,04:16:55.159,ADA/USDT:USDT,0.825,45284.0,0.8249,94207.0,0.8251,65916.0,0.8252,82265.0
1753503415309,04:16:55.309,ADA/USDT:USDT,0.825,45284.0,0.8249,94207.0,0.8251,65916.0,0.8252,82265.0
1753503415460,04:16:55.460,ADA/USDT:USDT,0.825,45284.0,0.8249,94207.0,0.8251,65916.0,0.8252,82265.0
1753503415610,04:16:55.610,ADA/USDT:USDT,0.825,54784.0,0.8249,94207.0,0.8251,65504.0,0.8252,82265.0
1753503415760,04:16:55.760,ADA/USDT:USDT,0.825,54784.0,0.8249,94207.0,0.8251,65504.0,0.8252,82265.0
1753503415910,04:16:55.910,ADA/USDT:USDT,0.825,54784.0,0.8249,94207.0,0.8251,65504.0,0.8252,82265.0
1753503416060,04:16:56.060,ADA/USDT:USDT,0.825,54784.0,0.8249,94207.0,0.8251,65504.0,0.8252,82265.0
1753503416210,04:16:56.210,ADA/USDT:USDT,0.825,70784.0,0.8249,94678.0,0.8251,65504.0,0.8252,82265.0
1753503416360,04:16:56.360,ADA/USDT:USDT,0.825,70870.0,0.8249,94207.0,0.8251,65504.0,0.8252,81660.0
1753503416510,04:16:56.510,ADA/USDT:USDT,0.825,70870.0,0.8249,94207.0,0.8251,65504.0,0.8252,81660.0
1753503416660,04:16:56.660,ADA/USDT:USDT,0.825,54870.0,0.8249,94207.0,0.8251,65504.0,0.8252,81660.0
1753503416810,04:16:56.810,ADA/USDT:USDT,0.825,54870.0,0.8249,94678.0,0.8251,34766.0,0.8252,82265.0
1753503416961,04:16:56.961,ADA/USDT:USDT,0.825,54870.0,0.8249,94678.0,0.8251,34766.0,0.8252,81660.0
1753503417110,04:16:57.110,ADA/USDT:USDT,0.825,54870.0,0.8249,94678.0,0.8251,34766.0,0.8252,81660.0
1753503417261,04:16:57.261,ADA/USDT:USDT,0.825,70870.0,0.8249,94678.0,0.8251,34366.0,0.8252,81660.0
1753503417411,04:16:57.411,ADA/USDT:USDT,0.825,70870.0,0.8249,94678.0,0.8251,34366.0,0.8252,77758.0
1753503417561,04:16:57.561,ADA/USDT:USDT,0.8251,33160.0,0.825,73766.0,0.8252,27894.0,0.8253,82794.0
1753503417711,04:16:57.711,ADA/USDT:USDT,0.8251,71672.0,0.825,80528.0,0.8252,18615.0,0.8253,82189.0
1753503417861,04:16:57.861,ADA/USDT:USDT,0.8251,71672.0,0.825,120061.0,0.8252,30242.0,0.8253,82189.0
1753503418011,04:16:58.011,ADA/USDT:USDT,0.8251,71672.0,0.825,120061.0,0.8252,30242.0,0.8253,82189.0
1753503418161,04:16:58.161,ADA/USDT:USDT,0.8251,71672.0,0.825,120061.0,0.8252,7401.0,0.8253,82189.0
1753503418311,04:16:58.311,ADA/USDT:USDT,0.8252,36182.0,0.8251,100441.0,0.8253,33215.0,0.8254,29840.0
1753503418461,04:16:58.461,ADA/USDT:USDT,0.8252,92077.0,0.8251,98871.0,0.8253,10541.0,0.8254,62948.0
1753503418611,04:16:58.611,ADA/USDT:USDT,0.8252,92077.0,0.8251,98871.0,0.8253,12499.0,0.8254,29840.0
1753503418762,04:16:58.762,ADA/USDT:USDT,0.8252,92077.0,0.8251,98871.0,0.8253,12499.0,0.8254,33656.0
1753503418912,04:16:58.912,ADA/USDT:USDT,0.8252,92077.0,0.8251,103796.0,0.8253,12499.0,0.8254,43111.0
1753503419062,04:16:59.062,ADA/USDT:USDT,0.8252,92077.0,0.8251,103796.0,0.8253,26844.0,0.8254,43111.0
1753503419212,04:16:59.212,ADA/USDT:USDT,0.8252,92077.0,0.8251,98296.0,0.8253,42344.0,0.8254,43111.0
1753503419362,04:16:59.362,ADA/USDT:USDT,0.8252,92077.0,0.8251,98296.0,0.8253,26844.0,0.8254,53721.0
1753503419512,04:16:59.512,ADA/USDT:USDT,0.8252,92077.0,0.8251,97825.0,0.8253,26844.0,0.8254,54303.0
1753503419662,04:16:59.662,ADA/USDT:USDT,0.8252,92077.0,0.8251,97825.0,0.8253,26844.0,0.8254,54303.0
1753503419812,04:16:59.812,ADA/USDT:USDT,0.8252,91258.0,0.8251,97825.0,0.8253,26844.0,0.8254,54303.0
1753503419962,04:16:59.962,ADA/USDT:USDT,0.8252,91258.0,0.8251,97825.0,0.8253,26844.0,0.8254,54303.0
1753503420112,04:17:00.112,ADA/USDT:USDT,0.8252,91258.0,0.8251,98296.0,0.8253,26844.0,0.8254,54303.0
1753503420262,04:17:00.262,ADA/USDT:USDT,0.8252,91258.0,0.8251,98296.0,0.8253,26844.0,0.8254,43693.0
1753503420413,04:17:00.413,ADA/USDT:USDT,0.8252,91258.0,0.8251,108906.0,0.8253,17128.0,0.8254,43693.0
1753503420563,04:17:00.563,ADA/USDT:USDT,0.8252,91258.0,0.8251,108906.0,0.8254,43111.0,0.8255,84948.0
1753503420713,04:17:00.713,ADA/USDT:USDT,0.8253,33705.0,0.8252,72375.0,0.8254,45575.0,0.8255,85553.0
1753503420863,04:17:00.863,ADA/USDT:USDT,0.8253,61154.0,0.8252,120859.0,0.8254,23682.0,0.8255,85553.0
1753503421013,04:17:01.013,ADA/USDT:USDT,0.8253,61154.0,0.8252,147300.0,0.8254,51428.0,0.8255,85530.0
1753503421163,04:17:01.163,ADA/USDT:USDT,0.8253,61154.0,0.8252,147300.0,0.8254,46733.0,0.8255,84948.0
1753503421313,04:17:01.313,ADA/USDT:USDT,0.8253,61154.0,0.8252,147300.0,0.8254,46733.0,0.8255,84948.0
1753503421463,04:17:01.463,ADA/USDT:USDT,0.8253,61154.0,0.8252,147300.0,0.8254,46733.0,0.8255,69886.0
1753503421613,04:17:01.613,ADA/USDT:USDT,0.8253,61154.0,0.8252,147300.0,0.8254,40947.0,0.8255,70468.0
1753503421763,04:17:01.763,ADA/USDT:USDT,0.8253,61154.0,0.8252,147300.0,0.8254,40947.0,0.8255,70468.0
1753503421913,04:17:01.913,ADA/USDT:USDT,0.8253,61154.0,0.8252,147179.0,0.8254,40947.0,0.8255,70468.0
1753503422064,04:17:02.064,ADA/USDT:USDT,0.8253,61154.0,0.8252,147179.0,0.8254,40947.0,0.8255,81077.0
1753503422214,04:17:02.214,ADA/USDT:USDT,0.8253,61154.0,0.8252,147176.0,0.8254,65992.0,0.8255,81073.0
1753503422364,04:17:02.364,ADA/USDT:USDT,0.8253,61154.0,0.8252,147176.0,0.8254,65992.0,0.8255,81073.0
1753503422514,04:17:02.514,ADA/USDT:USDT,0.8253,61154.0,0.8252,147176.0,0.8254,65992.0,0.8255,81073.0
1753503422664,04:17:02.664,ADA/USDT:USDT,0.8253,61154.0,0.8252,147176.0,0.8254,45992.0,0.8255,81073.0
1753503422814,04:17:02.814,ADA/USDT:USDT,0.8253,61154.0,0.8252,147176.0,0.8254,45642.0,0.8255,81073.0
1753503422964,04:17:02.964,ADA/USDT:USDT,0.8253,61154.0,0.8252,147176.0,0.8254,45992.0,0.8255,80908.0
1753503423114,04:17:03.114,ADA/USDT:USDT,0.8253,61154.0,0.8252,147176.0,0.8254,66492.0,0.8255,80908.0
1753503423264,04:17:03.264,ADA/USDT:USDT,0.8253,61154.0,0.8252,147176.0,0.8254,66492.0,0.8255,80908.0
1753503423414,04:17:03.414,ADA/USDT:USDT,0.8253,61154.0,0.8252,147176.0,0.8254,66492.0,0.8255,80908.0
1753503423564,04:17:03.564,ADA/USDT:USDT,0.8253,61154.0,0.8252,147176.0,0.8254,66492.0,0.8255,80908.0
1753503423714,04:17:03.714,ADA/USDT:USDT,0.8253,61154.0,0.8252,147176.0,0.8254,66492.0,0.8255,80908.0
1753503423865,04:17:03.865,ADA/USDT:USDT,0.8253,34835.0,0.8252,147176.0,0.8254,66492.0,0.8255,80908.0
1753503424015,04:17:04.015,ADA/USDT:USDT,0.8253,36352.0,0.8252,147176.0,0.8254,66492.0,0.8255,80908.0
1753503424165,04:17:04.165,ADA/USDT:USDT,0.8253,36352.0,0.8252,147176.0,0.8254,71492.0,0.8255,80908.0
1753503424315,04:17:04.315,ADA/USDT:USDT,0.8253,34835.0,0.8252,147176.0,0.8254,71492.0,0.8255,80908.0
1753503424465,04:17:04.465,ADA/USDT:USDT,0.8253,29111.0,0.8252,147176.0,0.8254,71367.0,0.8255,81513.0
1753503424615,04:17:04.615,ADA/USDT:USDT,0.8253,29111.0,0.8252,147176.0,0.8254,71367.0,0.8255,81513.0
1753503424765,04:17:04.765,ADA/USDT:USDT,0.8253,29748.0,0.8252,147176.0,0.8254,71367.0,0.8255,81513.0
1753503424915,04:17:04.915,ADA/USDT:USDT,0.8253,29748.0,0.8252,147176.0,0.8254,71367.0,0.8255,81513.0
1753503425065,04:17:05.065,ADA/USDT:USDT,0.8253,29111.0,0.8252,147176.0,0.8254,71367.0,0.8255,81513.0
1753503425215,04:17:05.215,ADA/USDT:USDT,0.8253,29111.0,0.8252,147176.0,0.8254,71367.0,0.8255,81513.0
1753503425366,04:17:05.366,ADA/USDT:USDT,0.8253,29111.0,0.8252,147176.0,0.8254,71367.0,0.8255,81513.0
1753503425516,04:17:05.516,ADA/USDT:USDT,0.8252,11969.0,0.8251,50311.0,0.8253,71980.0,0.8254,72755.0
1753503425666,04:17:05.666,ADA/USDT:USDT,0.8252,13568.0,0.8251,107317.0,0.8253,72562.0,0.8254,84765.0
1753503425816,04:17:05.816,ADA/USDT:USDT,0.8252,13568.0,0.8251,58627.0,0.8253,74511.0,0.8254,84765.0
1753503425966,04:17:05.966,ADA/USDT:USDT,0.8252,11969.0,0.8251,63728.0,0.8253,77823.0,0.8254,84765.0
1753503426116,04:17:06.116,ADA/USDT:USDT,0.8252,11969.0,0.8251,71849.0,0.8253,77823.0,0.8254,79765.0
1753503426266,04:17:06.266,ADA/USDT:USDT,0.8252,11969.0,0.8251,71849.0,0.8253,77823.0,0.8254,79765.0
1753503426416,04:17:06.416,ADA/USDT:USDT,0.8252,11969.0,0.8251,71849.0,0.8253,77823.0,0.8254,80370.0
1753503426566,04:17:06.566,ADA/USDT:USDT,0.8252,11969.0,0.8251,71849.0,0.8253,77823.0,0.8254,80370.0
1753503426716,04:17:06.716,ADA/USDT:USDT,0.8252,11969.0,0.8251,82338.0,0.8253,77823.0,0.8254,80370.0
1753503426866,04:17:06.866,ADA/USDT:USDT,0.8252,11969.0,0.8251,82338.0,0.8253,77823.0,0.8254,80370.0
1753503427016,04:17:07.016,ADA/USDT:USDT,0.8252,11969.0,0.8251,82338.0,0.8253,77823.0,0.8254,80370.0
1753503427167,04:17:07.167,ADA/USDT:USDT,0.8252,11969.0,0.8251,82338.0,0.8253,77823.0,0.8254,80370.0
1753503427317,04:17:07.317,ADA/USDT:USDT,0.8252,16385.0,0.8251,82338.0,0.8253,73929.0,0.8254,75871.0
1753503427467,04:17:07.467,ADA/USDT:USDT,0.8252,39162.0,0.8251,82790.0,0.8253,73929.0,0.8254,68574.0
1753503427617,04:17:07.617,ADA/USDT:USDT,0.8252,39162.0,0.8251,82790.0,0.8253,73929.0,0.8254,79184.0
1753503427767,04:17:07.767,ADA/USDT:USDT,0.8252,39162.0,0.8251,82790.0,0.8253,73929.0,0.8254,79184.0
1753503427917,04:17:07.917,ADA/USDT:USDT,0.8252,39162.0,0.8251,82790.0,0.8253,17453.0,0.8254,44762.0
1753503428067,04:17:08.067,ADA/USDT:USDT,0.8252,39162.0,0.8251,82790.0,0.8253,17803.0,0.8254,55372.0
1753503428217,04:17:08.217,ADA/USDT:USDT,0.8252,64662.0,0.8251,82790.0,0.8253,17803.0,0.8254,55372.0
1753503428367,04:17:08.367,ADA/USDT:USDT,0.8252,64662.0,0.8251,82790.0,0.8253,17803.0,0.8254,55954.0
1753503428517,04:17:08.517,ADA/USDT:USDT,0.8252,64662.0,0.8251,107768.0,0.8253,27097.0,0.8254,59266.0
1753503428667,04:17:08.667,ADA/USDT:USDT,0.8252,64662.0,0.8251,107768.0,0.8253,40584.0,0.8254,59266.0
1753503428818,04:17:08.818,ADA/USDT:USDT,0.8252,64662.0,0.8251,107768.0,0.8253,40584.0,0.8254,59266.0
1753503428968,04:17:08.968,ADA/USDT:USDT,0.8252,64662.0,0.8251,107768.0,0.8253,40584.0,0.8254,48656.0
1753503429118,04:17:09.118,ADA/USDT:USDT,0.8252,64662.0,0.8251,107768.0,0.8253,52084.0,0.8254,81755.0
1753503429268,04:17:09.268,ADA/USDT:USDT,0.8252,64662.0,0.8251,107768.0,0.8253,52084.0,0.8254,70410.0
1753503429418,04:17:09.418,ADA/USDT:USDT,0.8252,64662.0,0.8251,107768.0,0.8253,52084.0,0.8254,70410.0
1753503429568,04:17:09.568,ADA/USDT:USDT,0.8252,64662.0,0.8251,107316.0,0.8253,52084.0,0.8254,70410.0
1753503429718,04:17:09.718,ADA/USDT:USDT,0.8252,64662.0,0.8251,107316.0,0.8253,52084.0,0.8254,70410.0
1753503429868,04:17:09.868,ADA/USDT:USDT,0.8252,38335.0,0.8251,107316.0,0.8253,52084.0,0.8254,70410.0
1753503430018,04:17:10.018,ADA/USDT:USDT,0.8252,38335.0,0.8251,107316.0,0.8253,52084.0,0.8254,71015.0
1753503430168,04:17:10.168,ADA/USDT:USDT,0.8252,48335.0,0.8251,107316.0,0.8253,66084.0,0.8254,71015.0
1753503430318,04:17:10.318,ADA/USDT:USDT,0.8252,48335.0,0.8251,107316.0,0.8253,66084.0,0.8254,71015.0
1753503430468,04:17:10.468,ADA/USDT:USDT,0.8252,48335.0,0.8251,107316.0,0.8253,66084.0,0.8254,71015.0
1753503430619,04:17:10.619,ADA/USDT:USDT,0.8252,48335.0,0.8251,107316.0,0.8253,66084.0,0.8254,71015.0
1753503430769,04:17:10.769,ADA/USDT:USDT,0.8252,48335.0,0.8251,107316.0,0.8253,66084.0,0.8254,71015.0
1753503430919,04:17:10.919,ADA/USDT:USDT,0.8252,48335.0,0.8251,107316.0,0.8253,66084.0,0.8254,66977.0
1753503431069,04:17:11.069,ADA/USDT:USDT,0.8252,48335.0,0.8251,107768.0,0.8253,66084.0,0.8254,66977.0
1753503431219,04:17:11.219,ADA/USDT:USDT,0.8252,63835.0,0.8251,107768.0,0.8253,66084.0,0.8254,66977.0
1753503431369,04:17:11.369,ADA/USDT:USDT,0.8252,63835.0,0.8251,107768.0,0.8253,66084.0,0.8254,66372.0
1753503431519,04:17:11.519,ADA/USDT:USDT,0.8252,63835.0,0.8251,107316.0,0.8253,66084.0,0.8254,66372.0
1753503431669,04:17:11.669,ADA/USDT:USDT,0.8252,63835.0,0.8251,107316.0,0.8253,66084.0,0.8254,66372.0
1753503431819,04:17:11.819,ADA/USDT:USDT,0.8252,63835.0,0.8251,107316.0,0.8253,66084.0,0.8254,66372.0
1753503431969,04:17:11.969,ADA/USDT:USDT,0.8252,63835.0,0.8251,107316.0,0.8253,66084.0,0.8254,66372.0
1753503432119,04:17:12.119,ADA/USDT:USDT,0.8252,63835.0,0.8251,107316.0,0.8253,66084.0,0.8254,66372.0
1753503432270,04:17:12.270,ADA/USDT:USDT,0.8252,63835.0,0.8251,107316.0,0.8253,66084.0,0.8254,66372.0
1753503432420,04:17:12.420,ADA/USDT:USDT,0.8252,63835.0,0.8251,107768.0,0.8253,66084.0,0.8254,66372.0
1753503432570,04:17:12.570,ADA/USDT:USDT,0.8252,63835.0,0.8251,107768.0,0.8253,40584.0,0.8254,66372.0
1753503432720,04:17:12.720,ADA/USDT:USDT,0.8252,63835.0,0.8251,107768.0,0.8253,38985.0,0.8254,66372.0
1753503432870,04:17:12.870,ADA/USDT:USDT,0.8252,63835.0,0.8251,107768.0,0.8253,40584.0,0.8254,66372.0
1753503433020,04:17:13.020,ADA/USDT:USDT,0.8252,63835.0,0.8251,107768.0,0.8253,65084.0,0.8254,76982.0
1753503433170,04:17:13.170,ADA/USDT:USDT,0.8252,63835.0,0.8251,107768.0,0.8253,65084.0,0.8254,76982.0
1753503433320,04:17:13.320,ADA/USDT:USDT,0.8252,63835.0,0.8251,107316.0,0.8253,65084.0,0.8254,80294.0
1753503433470,04:17:13.470,ADA/USDT:USDT,0.8252,63835.0,0.8251,107316.0,0.8253,65084.0,0.8254,80294.0
1753503433620,04:17:13.620,ADA/USDT:USDT,0.8252,63835.0,0.8251,107316.0,0.8253,65084.0,0.8254,80294.0
1753503433770,04:17:13.770,ADA/USDT:USDT,0.8252,63835.0,0.8251,107316.0,0.8253,65084.0,0.8254,80294.0
1753503433921,04:17:13.921,ADA/USDT:USDT,0.8252,63835.0,0.8251,107316.0,0.8253,65084.0,0.8254,80294.0
1753503434071,04:17:14.071,ADA/USDT:USDT,0.8252,34746.0,0.8251,107316.0,0.8253,65084.0,0.8254,80294.0
1753503434221,04:17:14.221,ADA/USDT:USDT,0.8252,30131.0,0.8251,107316.0,0.8253,65084.0,0.8254,80899.0
1753503434371,04:17:14.371,ADA/USDT:USDT,0.8252,30131.0,0.8251,107316.0,0.8253,65084.0,0.8254,80899.0
1753503434521,04:17:14.521,ADA/USDT:USDT,0.8252,28532.0,0.8251,107316.0,0.8253,65084.0,0.8254,80899.0
1753503434671,04:17:14.671,ADA/USDT:USDT,0.8252,28532.0,0.8251,107316.0,0.8253,65084.0,0.8254,80899.0
1753503434821,04:17:14.821,ADA/USDT:USDT,0.8252,30131.0,0.8251,107316.0,0.8253,65084.0,0.8254,80899.0
1753503434971,04:17:14.971,ADA/USDT:USDT,0.8252,32121.0,0.8251,107316.0,0.8253,65084.0,0.8254,80899.0
1753503435121,04:17:15.121,ADA/USDT:USDT,0.8252,50121.0,0.8251,107768.0,0.8253,65084.0,0.8254,80317.0
1753503435271,04:17:15.271,ADA/USDT:USDT,0.8252,50121.0,0.8251,107768.0,0.8253,65084.0,0.8254,80317.0
1753503435421,04:17:15.421,ADA/USDT:USDT,0.8252,50121.0,0.8251,107768.0,0.8253,65084.0,0.8254,80317.0
1753503435572,04:17:15.572,ADA/USDT:USDT,0.8252,50121.0,0.8251,107768.0,0.8253,65084.0,0.8254,80899.0
1753503435722,04:17:15.722,ADA/USDT:USDT,0.8252,50121.0,0.8251,107768.0,0.8253,65084.0,0.8254,80899.0
1753503435872,04:17:15.872,ADA/USDT:USDT,0.8252,50121.0,0.8251,107316.0,0.8253,65084.0,0.8254,80899.0
1753503436022,04:17:16.022,ADA/USDT:USDT,0.8252,50121.0,0.8251,107316.0,0.8253,65084.0,0.8254,80899.0
1753503436172,04:17:16.172,ADA/USDT:USDT,0.8252,50121.0,0.8251,107316.0,0.8253,65084.0,0.8254,80899.0
1753503436322,04:17:16.322,ADA/USDT:USDT,0.8252,50121.0,0.8251,107316.0,0.8253,65084.0,0.8254,80899.0
1753503436472,04:17:16.472,ADA/USDT:USDT,0.8252,50121.0,0.8251,107316.0,0.8253,65084.0,0.8254,80899.0
1753503436622,04:17:16.622,ADA/USDT:USDT,0.8252,32121.0,0.8251,107316.0,0.8253,65084.0,0.8254,80899.0
1753503436772,04:17:16.772,ADA/USDT:USDT,0.8252,32121.0,0.8251,107316.0,0.8253,65084.0,0.8254,80899.0
1753503436922,04:17:16.922,ADA/USDT:USDT,0.8252,32121.0,0.8251,107316.0,0.8253,65084.0,0.8254,80899.0
1753503437072,04:17:17.072,ADA/USDT:USDT,0.8252,59182.0,0.8251,107768.0,0.8253,40584.0,0.8254,80899.0
1753503437223,04:17:17.223,ADA/USDT:USDT,0.8252,59182.0,0.8251,107768.0,0.8253,40584.0,0.8254,80294.0
1753503437373,04:17:17.373,ADA/USDT:USDT,0.8252,59182.0,0.8251,107768.0,0.8253,40584.0,0.8254,80294.0
1753503437523,04:17:17.523,ADA/USDT:USDT,0.8252,59182.0,0.8251,107768.0,0.8253,40584.0,0.8254,80294.0
1753503437673,04:17:17.673,ADA/USDT:USDT,0.8252,59182.0,0.8251,107768.0,0.8253,40584.0,0.8254,80294.0
1753503437823,04:17:17.823,ADA/USDT:USDT,0.8252,59182.0,0.8251,107768.0,0.8253,40584.0,0.8254,80294.0
1753503437973,04:17:17.973,ADA/USDT:USDT,0.8252,59182.0,0.8251,107768.0,0.8253,66084.0,0.8254,80294.0
1753503438123,04:17:18.123,ADA/USDT:USDT,0.8252,59182.0,0.8251,107768.0,0.8253,66084.0,0.8254,80294.0
1753503438273,04:17:18.273,ADA/USDT:USDT,0.8252,59182.0,0.8251,107768.0,0.8253,66084.0,0.8254,80294.0
1753503438423,04:17:18.423,ADA/USDT:USDT,0.8252,59182.0,0.8251,107768.0,0.8253,66084.0,0.8254,80294.0
1753503438573,04:17:18.573,ADA/USDT:USDT,0.8252,59182.0,0.8251,107768.0,0.8253,66084.0,0.8254,80294.0
1753503438723,04:17:18.723,ADA/USDT:USDT,0.8252,59182.0,0.8251,107316.0,0.8253,66084.0,0.8254,80294.0
1753503438874,04:17:18.874,ADA/USDT:USDT,0.8252,59182.0,0.8251,107316.0,0.8253,66084.0,0.8254,80294.0
1753503439024,04:17:19.024,ADA/USDT:USDT,0.8252,59182.0,0.8251,107316.0,0.8253,66084.0,0.8254,80294.0
1753503439174,04:17:19.174,ADA/USDT:USDT,0.8252,59182.0,0.8251,107313.0,0.8253,66084.0,0.8254,80291.0
1753503439324,04:17:19.324,ADA/USDT:USDT,0.8252,59182.0,0.8251,107313.0,0.8253,66084.0,0.8254,80291.0
1753503439474,04:17:19.474,ADA/USDT:USDT,0.8252,59182.0,0.8251,107313.0,0.8253,66084.0,0.8254,80291.0
1753503439624,04:17:19.624,ADA/USDT:USDT,0.8252,59182.0,0.8251,107313.0,0.8253,66084.0,0.8254,80291.0
1753503439774,04:17:19.774,ADA/USDT:USDT,0.8252,33682.0,0.8251,107313.0,0.8253,66084.0,0.8254,80291.0
1753503439924,04:17:19.924,ADA/USDT:USDT,0.8252,39121.0,0.8251,107313.0,0.8253,66084.0,0.8254,80896.0
1753503440074,04:17:20.074,ADA/USDT:USDT,0.8252,39121.0,0.8251,107313.0,0.8253,66084.0,0.8254,80896.0
1753503440224,04:17:20.224,ADA/USDT:USDT,0.8252,32121.0,0.8251,107313.0,0.8253,66084.0,0.8254,80896.0
1753503440374,04:17:20.374,ADA/USDT:USDT,0.8252,32121.0,0.8251,107313.0,0.8253,66084.0,0.8254,80896.0
1753503440524,04:17:20.524,ADA/USDT:USDT,0.8252,32121.0,0.8251,107313.0,0.8253,66084.0,0.8254,80896.0
1753503440675,04:17:20.675,ADA/USDT:USDT,0.8252,32121.0,0.8251,107313.0,0.8253,66084.0,0.8254,80896.0
1753503440825,04:17:20.825,ADA/USDT:USDT,0.8252,32121.0,0.8251,107313.0,0.8253,66084.0,0.8254,80896.0
1753503440975,04:17:20.975,ADA/USDT:USDT,0.8252,41121.0,0.8251,107313.0,0.8253,66084.0,0.8254,80896.0
1753503441125,04:17:21.125,ADA/USDT:USDT,0.8252,41121.0,0.8251,107313.0,0.8253,66084.0,0.8254,80896.0
1753503441275,04:17:21.275,ADA/USDT:USDT,0.8252,41121.0,0.8251,107313.0,0.8253,66084.0,0.8254,80896.0
1753503441425,04:17:21.425,ADA/USDT:USDT,0.8252,41121.0,0.8251,107313.0,0.8253,66084.0,0.8254,80896.0
1753503441575,04:17:21.575,ADA/USDT:USDT,0.8252,41121.0,0.8251,107765.0,0.8253,52597.0,0.8254,80896.0
1753503441725,04:17:21.725,ADA/USDT:USDT,0.8252,41121.0,0.8251,107765.0,0.8253,27097.0,0.8254,80896.0
1753503441875,04:17:21.875,ADA/USDT:USDT,0.8252,64753.0,0.8251,111199.0,0.8255,27006.0,0.8256,53108.0
1753503442025,04:17:22.025,ADA/USDT:USDT,0.8254,27887.0,0.8253,32736.0,0.8255,24381.0,0.8256,52503.0
1753503442175,04:17:22.175,ADA/USDT:USDT,0.8254,70402.0,0.8253,92955.0,0.8255,21527.0,0.8256,52503.0
1753503442326,04:17:22.326,ADA/USDT:USDT,0.8254,44450.0,0.8253,125597.0,0.8255,29809.0,0.8256,85597.0
1753503442475,04:17:22.475,ADA/USDT:USDT,0.8254,36679.0,0.8253,125597.0,0.8255,46372.0,0.8256,66510.0
1753503442626,04:17:22.626,ADA/USDT:USDT,0.8254,36171.0,0.8253,125597.0,0.8255,46372.0,0.8256,67115.0
1753503442776,04:17:22.776,ADA/USDT:USDT,0.8254,34572.0,0.8253,92503.0,0.8255,46372.0,0.8256,67115.0
1753503442926,04:17:22.926,ADA/USDT:USDT,0.8254,680.0,0.8253,56546.0,0.8255,55336.0,0.8256,70420.0
1753503443076,04:17:23.076,ADA/USDT:USDT,0.8254,680.0,0.8253,97705.0,0.8255,80836.0,0.8256,70420.0
1753503443226,04:17:23.226,ADA/USDT:USDT,0.8254,680.0,0.8253,70663.0,0.8255,80836.0,0.8256,70420.0
1753503443376,04:17:23.376,ADA/USDT:USDT,0.8254,680.0,0.8253,70663.0,0.8255,80836.0,0.8256,70420.0
1753503443526,04:17:23.526,ADA/USDT:USDT,0.8254,680.0,0.8253,86355.0,0.8255,80836.0,0.8256,70255.0
1753503443676,04:17:23.676,ADA/USDT:USDT,0.8254,680.0,0.8253,86355.0,0.8255,80836.0,0.8256,70255.0
1753503443826,04:17:23.826,ADA/USDT:USDT,0.8254,680.0,0.8253,86355.0,0.8255,80836.0,0.8256,70255.0
1753503443977,04:17:23.977,ADA/USDT:USDT,0.8254,680.0,0.8253,60855.0,0.8255,80836.0,0.8256,70255.0
1753503444127,04:17:24.127,ADA/USDT:USDT,0.8254,680.0,0.8253,71462.0,0.8255,80836.0,0.8256,80862.0
1753503444277,04:17:24.277,ADA/USDT:USDT,0.8252,73442.0,0.8251,34717.0,0.8254,77164.0,0.8255,64363.0
1753503444427,04:17:24.427,ADA/USDT:USDT,0.8252,13959.0,0.8251,32182.0,0.8253,57689.0,0.8254,66840.0
1753503444577,04:17:24.577,ADA/USDT:USDT,0.8252,13959.0,0.8251,90100.0,0.8253,57689.0,0.8254,99017.0
1753503444727,04:17:24.727,ADA/USDT:USDT,0.8252,13959.0,0.8251,57006.0,0.8253,57689.0,0.8254,99017.0
1753503444877,04:17:24.877,ADA/USDT:USDT,0.8252,40252.0,0.8251,72718.0,0.8253,57689.0,0.8254,99138.0
1753503445027,04:17:25.027,ADA/USDT:USDT,0.8252,58455.0,0.8251,72718.0,0.8253,49189.0,0.8254,99138.0
1753503445177,04:17:25.177,ADA/USDT:USDT,0.8252,58455.0,0.8251,83776.0,0.8253,31066.0,0.8254,98677.0
1753503445327,04:17:25.327,ADA/USDT:USDT,0.8252,58455.0,0.8251,83776.0,0.8253,31066.0,0.8254,98677.0
1753503445477,04:17:25.477,ADA/USDT:USDT,0.8252,58455.0,0.8251,83776.0,0.8253,31900.0,0.8254,98677.0
1753503445627,04:17:25.627,ADA/USDT:USDT,0.8252,58455.0,0.8251,83776.0,0.8253,31900.0,0.8254,99259.0
1753503445778,04:17:25.778,ADA/USDT:USDT,0.8252,58455.0,0.8251,99476.0,0.8253,31900.0,0.8254,95953.0
1753503445928,04:17:25.928,ADA/USDT:USDT,0.8252,58455.0,0.8251,99476.0,0.8253,31174.0,0.8254,95953.0
1753503446078,04:17:26.078,ADA/USDT:USDT,0.8252,58455.0,0.8251,99476.0,0.8253,17038.0,0.8254,95953.0
1753503446228,04:17:26.228,ADA/USDT:USDT,0.8252,58455.0,0.8251,99476.0,0.8253,27077.0,0.8254,95953.0
1753503446378,04:17:26.378,ADA/USDT:USDT,0.8252,57621.0,0.8251,99476.0,0.8253,27077.0,0.8254,95953.0
1753503446528,04:17:26.528,ADA/USDT:USDT,0.8252,57621.0,0.8251,99476.0,0.8253,27077.0,0.8254,95953.0
1753503446678,04:17:26.678,ADA/USDT:USDT,0.8252,57621.0,0.8251,99476.0,0.8253,27077.0,0.8254,95227.0
1753503446828,04:17:26.828,ADA/USDT:USDT,0.8252,57621.0,0.8251,99476.0,0.8253,27077.0,0.8254,105837.0
1753503446978,04:17:26.978,ADA/USDT:USDT,0.8252,57621.0,0.8251,99028.0,0.8253,43077.0,0.8254,105837.0
1753503447128,04:17:27.128,ADA/USDT:USDT,0.8252,32121.0,0.8251,99028.0,0.8253,43077.0,0.8254,105837.0
1753503447279,04:17:27.279,ADA/USDT:USDT,0.8252,32121.0,0.8251,99030.0,0.8253,59640.0,0.8254,106442.0
1753503447429,04:17:27.429,ADA/USDT:USDT,0.8252,32121.0,0.8251,99030.0,0.8253,59640.0,0.8254,106442.0
1753503447579,04:17:27.579,ADA/USDT:USDT,0.8252,32121.0,0.8251,99030.0,0.8253,59640.0,0.8254,106442.0
1753503447729,04:17:27.729,ADA/USDT:USDT,0.8252,30172.0,0.8251,57006.0,0.8253,59640.0,0.8254,106442.0
1753503447879,04:17:27.879,ADA/USDT:USDT,0.8252,30172.0,0.8251,99035.0,0.8253,69140.0,0.8254,109741.0
1753503448029,04:17:28.029,ADA/USDT:USDT,0.8252,30172.0,0.8251,99035.0,0.8253,69140.0,0.8254,109741.0
1753503448179,04:17:28.179,ADA/USDT:USDT,0.8252,30172.0,0.8251,99035.0,0.8253,69140.0,0.8254,109741.0
1753503448329,04:17:28.329,ADA/USDT:USDT,0.8252,30172.0,0.8251,99035.0,0.8253,69140.0,0.8254,109741.0
1753503448479,04:17:28.479,ADA/USDT:USDT,0.8252,30172.0,0.8251,99035.0,0.8253,69140.0,0.8254,109741.0
1753503448629,04:17:28.629,ADA/USDT:USDT,0.8252,31771.0,0.8251,99035.0,0.8253,69140.0,0.8254,109741.0
1753503448779,04:17:28.779,ADA/USDT:USDT,0.8252,31771.0,0.8251,99035.0,0.8253,69140.0,0.8254,109741.0
1753503448930,04:17:28.930,ADA/USDT:USDT,0.8252,57621.0,0.8251,99483.0,0.8253,69140.0,0.8254,109741.0
1753503449080,04:17:29.080,ADA/USDT:USDT,0.8252,57621.0,0.8251,99483.0,0.8253,69140.0,0.8254,109741.0
1753503449230,04:17:29.230,ADA/USDT:USDT,0.8252,57621.0,0.8251,99483.0,0.8253,59640.0,0.8254,109159.0
1753503449380,04:17:29.380,ADA/USDT:USDT,0.8252,57621.0,0.8251,99483.0,0.8253,59640.0,0.8254,108554.0
1753503449530,04:17:29.530,ADA/USDT:USDT,0.8252,57621.0,0.8251,99483.0,0.8253,59640.0,0.8254,108554.0
1753503449680,04:17:29.680,ADA/USDT:USDT,0.8252,57621.0,0.8251,99035.0,0.8253,59640.0,0.8254,109136.0
1753503449830,04:17:29.830,ADA/USDT:USDT,0.8252,57621.0,0.8251,99035.0,0.8253,59640.0,0.8254,109136.0
1753503449980,04:17:29.980,ADA/USDT:USDT,0.8252,57621.0,0.8251,99035.0,0.8253,67140.0,0.8254,109136.0
1753503450130,04:17:30.130,ADA/USDT:USDT,0.8252,57621.0,0.8251,99035.0,0.8253,67140.0,0.8254,109136.0
1753503450280,04:17:30.280,ADA/USDT:USDT,0.8252,57621.0,0.8251,99035.0,0.8253,18287.0,0.8254,95227.0
1753503450430,04:17:30.430,ADA/USDT:USDT,0.8252,57621.0,0.8251,101897.0,0.8253,16938.0,0.8254,72161.0
1753503450580,04:17:30.580,ADA/USDT:USDT,0.8252,57621.0,0.8251,101897.0,0.8253,16938.0,0.8254,65013.0
1753503450731,04:17:30.731,ADA/USDT:USDT,0.8252,57621.0,0.8251,101897.0,0.8253,15339.0,0.8254,72935.0
1753503450881,04:17:30.881,ADA/USDT:USDT,0.8253,25277.0,0.8252,94900.0,0.8254,49899.0,0.8255,78256.0
1753503451031,04:17:31.031,ADA/USDT:USDT,0.8253,69289.0,0.8252,109424.0,0.8254,31246.0,0.8255,78861.0
1753503451181,04:17:31.181,ADA/USDT:USDT,0.8253,69289.0,0.8252,142516.0,0.8254,40059.0,0.8255,78256.0
1753503451331,04:17:31.331,ADA/USDT:USDT,0.8253,69289.0,0.8252,132372.0,0.8254,56622.0,0.8255,78838.0
1753503451481,04:17:31.481,ADA/USDT:USDT,0.8253,68460.0,0.8252,148078.0,0.8254,56622.0,0.8255,78838.0
1753503451631,04:17:31.631,ADA/USDT:USDT,0.8253,68908.0,0.8252,159135.0,0.8254,32799.0,0.8255,64347.0
1753503451781,04:17:31.781,ADA/USDT:USDT,0.8253,68908.0,0.8252,151423.0,0.8255,64347.0,0.8256,56412.0
1753503451931,04:17:31.931,ADA/USDT:USDT,0.8254,70779.0,0.8253,89756.0,0.8255,64741.0,0.8256,53107.0
1753503452081,04:17:32.081,ADA/USDT:USDT,0.8254,70779.0,0.8253,103711.0,0.8255,31649.0,0.8256,85593.0
1753503452232,04:17:32.232,ADA/USDT:USDT,0.8254,70779.0,0.8253,103711.0,0.8255,872.0,0.8256,85472.0
1753503452382,04:17:32.382,ADA/USDT:USDT,0.8254,70779.0,0.8253,106125.0,0.8255,872.0,0.8256,85472.0
1753503452532,04:17:32.532,ADA/USDT:USDT,0.8254,70779.0,0.8253,106125.0,0.8255,26371.0,0.8256,65804.0
1753503452682,04:17:32.682,ADA/USDT:USDT,0.8254,70779.0,0.8253,116853.0,0.8255,24422.0,0.8256,76411.0
