timestamp,time,symbol,bid1_price,bid1_volume,bid2_price,bid2_volume,ask1_price,ask1_volume,ask2_price,ask2_volume
1753504243847,04:30:43.847,ANIME/USDT:USDT,0.01947,8440.0,0.01946,318818.0,0.01948,123552.0,0.01949,1378009.0
1753504243997,04:30:43.997,ANIME/USDT:USDT,0.01947,8440.0,0.01946,318818.0,0.01948,123552.0,0.01949,1378009.0
1753504244147,04:30:44.147,ANIME/USDT:USDT,0.01947,8440.0,0.01946,318818.0,0.01948,123552.0,0.01949,1378009.0
1753504244298,04:30:44.298,ANIME/USDT:USDT,0.01947,8440.0,0.01946,318818.0,0.01948,123552.0,0.01949,1378009.0
1753504244448,04:30:44.448,ANIME/USDT:USDT,0.01947,8440.0,0.01946,318818.0,0.01948,126776.0,0.01949,1351660.0
1753504244598,04:30:44.598,ANIME/USDT:USDT,0.01947,8440.0,0.01946,318818.0,0.01948,126776.0,0.01949,1351660.0
1753504244748,04:30:44.748,ANIME/USDT:USDT,0.01947,8440.0,0.01946,318818.0,0.01948,123552.0,0.01949,1351660.0
1753504244898,04:30:44.898,ANIME/USDT:USDT,0.01946,318818.0,0.01945,1332449.0,0.01948,123552.0,0.01949,1351660.0
1753504246549,04:30:46.549,ANIME/USDT:USDT,0.01946,187422.0,0.01945,1467082.0,0.01948,123552.0,0.01949,1351660.0
1753504246699,04:30:46.699,ANIME/USDT:USDT,0.01946,187422.0,0.01945,1467082.0,0.01948,123552.0,0.01949,1351660.0
1753504246849,04:30:46.849,ANIME/USDT:USDT,0.01946,187422.0,0.01945,1467082.0,0.01948,123552.0,0.01949,1351660.0
1753504246999,04:30:46.999,ANIME/USDT:USDT,0.01946,187422.0,0.01945,1467082.0,0.01948,123552.0,0.01949,1351660.0
1753504247149,04:30:47.149,ANIME/USDT:USDT,0.01946,187422.0,0.01945,1467082.0,0.01948,123552.0,0.01949,1351660.0
1753504247299,04:30:47.299,ANIME/USDT:USDT,0.01946,187422.0,0.01945,1467082.0,0.01948,123552.0,0.01949,1351660.0
1753504247449,04:30:47.449,ANIME/USDT:USDT,0.01946,184198.0,0.01945,1467082.0,0.01948,123552.0,0.01949,1351660.0
1753504247599,04:30:47.599,ANIME/USDT:USDT,0.01946,184198.0,0.01945,1467082.0,0.01948,123552.0,0.01949,1351660.0
1753504247749,04:30:47.749,ANIME/USDT:USDT,0.01946,187422.0,0.01945,1467082.0,0.01948,123552.0,0.01949,1351660.0
1753504247899,04:30:47.899,ANIME/USDT:USDT,0.01946,184198.0,0.01945,1467082.0,0.01948,123552.0,0.01949,1351660.0
1753504248050,04:30:48.050,ANIME/USDT:USDT,0.01946,184198.0,0.01945,1467082.0,0.01948,123552.0,0.01949,1351660.0
1753504248200,04:30:48.200,ANIME/USDT:USDT,0.01946,184198.0,0.01945,1467082.0,0.01948,123552.0,0.01949,1351660.0
1753504248350,04:30:48.350,ANIME/USDT:USDT,0.01946,184198.0,0.01945,1467082.0,0.01948,126776.0,0.01949,1351660.0
1753504248500,04:30:48.500,ANIME/USDT:USDT,0.01946,184198.0,0.01945,1467082.0,0.01948,126776.0,0.01949,1351660.0
1753504248650,04:30:48.650,ANIME/USDT:USDT,0.01946,184198.0,0.01945,1467082.0,0.01948,126776.0,0.01949,1351660.0
1753504248800,04:30:48.800,ANIME/USDT:USDT,0.01946,184198.0,0.01945,1467082.0,0.01948,126776.0,0.01949,1351660.0
1753504248950,04:30:48.950,ANIME/USDT:USDT,0.01946,184198.0,0.01945,1467082.0,0.01948,126776.0,0.01949,1351660.0
1753504249100,04:30:49.100,ANIME/USDT:USDT,0.01946,184198.0,0.01945,1467082.0,0.01948,126776.0,0.01949,1351660.0
1753504249250,04:30:49.250,ANIME/USDT:USDT,0.01946,184198.0,0.01945,1467082.0,0.01948,126776.0,0.01949,1351660.0
1753504249400,04:30:49.400,ANIME/USDT:USDT,0.01946,184198.0,0.01945,1467082.0,0.01948,126776.0,0.01949,1351660.0
1753504249550,04:30:49.550,ANIME/USDT:USDT,0.01946,184198.0,0.01945,1467082.0,0.01948,126776.0,0.01949,1351660.0
1753504249700,04:30:49.700,ANIME/USDT:USDT,0.01946,184198.0,0.01945,1467082.0,0.01948,126776.0,0.01949,1351660.0
1753504249851,04:30:49.851,ANIME/USDT:USDT,0.01946,184198.0,0.01945,1467082.0,0.01948,126776.0,0.01949,1351660.0
1753504250001,04:30:50.001,ANIME/USDT:USDT,0.01946,184198.0,0.01945,1467082.0,0.01948,126776.0,0.01949,1351660.0
1753504250151,04:30:50.151,ANIME/USDT:USDT,0.01946,184198.0,0.01945,1467082.0,0.01948,126776.0,0.01949,1351660.0
1753504250301,04:30:50.301,ANIME/USDT:USDT,0.01946,184198.0,0.01945,1467082.0,0.01948,126776.0,0.01949,1351660.0
1753504250451,04:30:50.451,ANIME/USDT:USDT,0.01946,184198.0,0.01945,1467082.0,0.01948,126776.0,0.01949,1351660.0
1753504250601,04:30:50.601,ANIME/USDT:USDT,0.01946,184198.0,0.01945,1467082.0,0.01948,126776.0,0.01949,1351660.0
1753504250751,04:30:50.751,ANIME/USDT:USDT,0.01946,184198.0,0.01945,1467082.0,0.01948,126776.0,0.01949,1351660.0
1753504250901,04:30:50.901,ANIME/USDT:USDT,0.01946,184198.0,0.01945,1467082.0,0.01948,126776.0,0.01949,1351660.0
1753504251051,04:30:51.051,ANIME/USDT:USDT,0.01946,184198.0,0.01945,1467082.0,0.01948,126776.0,0.01949,1351660.0
1753504251201,04:30:51.201,ANIME/USDT:USDT,0.01946,184198.0,0.01945,1467082.0,0.01948,126776.0,0.01949,1351660.0
1753504251352,04:30:51.352,ANIME/USDT:USDT,0.01946,184198.0,0.01945,1467082.0,0.01948,126776.0,0.01949,1351660.0
1753504251501,04:30:51.501,ANIME/USDT:USDT,0.01946,184198.0,0.01945,1467082.0,0.01948,126776.0,0.01949,1351660.0
1753504251652,04:30:51.652,ANIME/USDT:USDT,0.01946,184198.0,0.01945,1467082.0,0.01948,126776.0,0.01949,1351660.0
1753504251802,04:30:51.802,ANIME/USDT:USDT,0.01946,184198.0,0.01945,1467082.0,0.01948,126776.0,0.01949,1351660.0
1753504251952,04:30:51.952,ANIME/USDT:USDT,0.01946,184198.0,0.01945,1467082.0,0.01948,126776.0,0.01949,1351660.0
1753504252102,04:30:52.102,ANIME/USDT:USDT,0.01946,184198.0,0.01945,1467082.0,0.01948,126776.0,0.01949,1351660.0
1753504252252,04:30:52.252,ANIME/USDT:USDT,0.01946,184198.0,0.01945,1467082.0,0.01948,126776.0,0.01949,1351660.0
1753504252402,04:30:52.402,ANIME/USDT:USDT,0.01946,184198.0,0.01945,1467082.0,0.01948,126776.0,0.01949,1351660.0
1753504252552,04:30:52.552,ANIME/USDT:USDT,0.01946,184198.0,0.01945,1467082.0,0.01948,126776.0,0.01949,1351660.0
1753504252702,04:30:52.702,ANIME/USDT:USDT,0.01946,184198.0,0.01945,1467082.0,0.01948,126776.0,0.01949,1351660.0
1753504252852,04:30:52.852,ANIME/USDT:USDT,0.01946,184198.0,0.01945,1467082.0,0.01948,126776.0,0.01949,1351660.0
1753504253002,04:30:53.002,ANIME/USDT:USDT,0.01946,184198.0,0.01945,1467082.0,0.01948,126776.0,0.01949,1351660.0
1753504253152,04:30:53.152,ANIME/USDT:USDT,0.01946,184198.0,0.01945,1467082.0,0.01948,126776.0,0.01949,1351660.0
1753504253302,04:30:53.302,ANIME/USDT:USDT,0.01946,184198.0,0.01945,1467082.0,0.01948,126776.0,0.01949,1351660.0
1753504253452,04:30:53.452,ANIME/USDT:USDT,0.01946,184198.0,0.01945,1467082.0,0.01948,126776.0,0.01949,1351660.0
1753504253603,04:30:53.603,ANIME/USDT:USDT,0.01946,184198.0,0.01945,1467082.0,0.01948,126776.0,0.01949,1351660.0
1753504253753,04:30:53.753,ANIME/USDT:USDT,0.01946,184198.0,0.01945,1467082.0,0.01948,126776.0,0.01949,1351660.0
1753504253903,04:30:53.903,ANIME/USDT:USDT,0.01946,184198.0,0.01945,1467082.0,0.01948,126776.0,0.01949,1351660.0
1753504254053,04:30:54.053,ANIME/USDT:USDT,0.01946,184198.0,0.01945,1467082.0,0.01948,126776.0,0.01949,1351660.0
1753504254203,04:30:54.203,ANIME/USDT:USDT,0.01946,184198.0,0.01945,1467082.0,0.01948,126776.0,0.01949,1351660.0
1753504254353,04:30:54.353,ANIME/USDT:USDT,0.01946,6762.0,0.01945,224763.0,0.01947,71829.0,0.01948,252060.0
1753504254503,04:30:54.503,ANIME/USDT:USDT,0.01946,22307.0,0.01945,224763.0,0.01947,63442.0,0.01948,260760.0
1753504254653,04:30:54.653,ANIME/USDT:USDT,0.01946,22307.0,0.01945,330499.0,0.01947,63442.0,0.01948,260760.0
1753504254803,04:30:54.803,ANIME/USDT:USDT,0.01946,22307.0,0.01945,330499.0,0.01947,63442.0,0.01948,260760.0
1753504254953,04:30:54.953,ANIME/USDT:USDT,0.01946,22307.0,0.01945,330499.0,0.01947,63442.0,0.01948,260760.0
1753504255103,04:30:55.103,ANIME/USDT:USDT,0.01946,22307.0,0.01945,330499.0,0.01947,63442.0,0.01948,260760.0
1753504255253,04:30:55.253,ANIME/USDT:USDT,0.01946,22307.0,0.01945,330499.0,0.01947,79302.0,0.01948,260760.0
1753504255403,04:30:55.403,ANIME/USDT:USDT,0.01947,10736.0,0.01946,194709.0,0.01948,118772.0,0.01949,927422.0
1753504255554,04:30:55.554,ANIME/USDT:USDT,0.01947,19123.0,0.01946,399062.0,0.01948,114852.0,0.01949,927422.0
1753504255704,04:30:55.704,ANIME/USDT:USDT,0.01947,19123.0,0.01946,399062.0,0.01948,114852.0,0.01949,1326381.0
1753504255854,04:30:55.854,ANIME/USDT:USDT,0.01947,19123.0,0.01946,399062.0,0.01948,114852.0,0.01949,1326381.0
1753504256004,04:30:56.004,ANIME/USDT:USDT,0.01947,19123.0,0.01946,399062.0,0.01948,114852.0,0.01949,1326381.0
1753504256154,04:30:56.154,ANIME/USDT:USDT,0.01947,19123.0,0.01946,399062.0,0.01948,114852.0,0.01949,1326381.0
1753504256304,04:30:56.304,ANIME/USDT:USDT,0.01947,19123.0,0.01946,399062.0,0.01948,114852.0,0.01949,1326381.0
1753504256454,04:30:56.454,ANIME/USDT:USDT,0.01947,19123.0,0.01946,399062.0,0.01948,114852.0,0.01949,1326381.0
1753504256604,04:30:56.604,ANIME/USDT:USDT,0.01947,19123.0,0.01946,399062.0,0.01948,114852.0,0.01949,1326381.0
1753504256754,04:30:56.754,ANIME/USDT:USDT,0.01947,19123.0,0.01946,399062.0,0.01948,114852.0,0.01949,1326381.0
1753504256904,04:30:56.904,ANIME/USDT:USDT,0.01947,19123.0,0.01946,399062.0,0.01948,114852.0,0.01949,1326381.0
1753504257054,04:30:57.054,ANIME/USDT:USDT,0.01947,19123.0,0.01946,399062.0,0.01948,114852.0,0.01949,1326381.0
1753504257204,04:30:57.204,ANIME/USDT:USDT,0.01947,8387.0,0.01946,399062.0,0.01948,118076.0,0.01949,1326381.0
1753504257355,04:30:57.355,ANIME/USDT:USDT,0.01947,8387.0,0.01946,399062.0,0.01948,118076.0,0.01949,1326381.0
1753504257505,04:30:57.505,ANIME/USDT:USDT,0.01947,8387.0,0.01946,399062.0,0.01948,114852.0,0.01949,1326381.0
1753504257655,04:30:57.655,ANIME/USDT:USDT,0.01947,8387.0,0.01946,399062.0,0.01948,114852.0,0.01949,1326381.0
1753504257805,04:30:57.805,ANIME/USDT:USDT,0.01947,8387.0,0.01946,399062.0,0.01948,118076.0,0.01949,1326381.0
1753504257955,04:30:57.955,ANIME/USDT:USDT,0.01947,8387.0,0.01946,399062.0,0.01948,114852.0,0.01949,1326381.0
1753504258105,04:30:58.105,ANIME/USDT:USDT,0.01947,8387.0,0.01946,399062.0,0.01948,114852.0,0.01949,1326381.0
1753504258255,04:30:58.255,ANIME/USDT:USDT,0.01947,8387.0,0.01946,399062.0,0.01948,114852.0,0.01949,1326505.0
1753504258405,04:30:58.405,ANIME/USDT:USDT,0.01947,8387.0,0.01946,399062.0,0.01948,114852.0,0.01949,1326505.0
1753504258555,04:30:58.555,ANIME/USDT:USDT,0.01947,8387.0,0.01946,399062.0,0.01948,114852.0,0.01949,1326505.0
1753504258705,04:30:58.705,ANIME/USDT:USDT,0.01947,8387.0,0.01946,399062.0,0.01948,114852.0,0.01949,1326505.0
1753504258855,04:30:58.855,ANIME/USDT:USDT,0.01947,8387.0,0.01946,399062.0,0.01948,114852.0,0.01949,1326505.0
1753504259005,04:30:59.005,ANIME/USDT:USDT,0.01947,8387.0,0.01946,399062.0,0.01948,114852.0,0.01949,1326505.0
1753504259156,04:30:59.156,ANIME/USDT:USDT,0.01947,8387.0,0.01946,399062.0,0.01948,114852.0,0.01949,1326505.0
1753504259306,04:30:59.306,ANIME/USDT:USDT,0.01947,8387.0,0.01946,399062.0,0.01948,114852.0,0.01949,1326505.0
1753504259456,04:30:59.456,ANIME/USDT:USDT,0.01947,8387.0,0.01946,399062.0,0.01948,114852.0,0.01949,1326505.0
1753504259606,04:30:59.606,ANIME/USDT:USDT,0.01947,8387.0,0.01946,399062.0,0.01948,114852.0,0.01949,1326505.0
1753504259756,04:30:59.756,ANIME/USDT:USDT,0.01947,8387.0,0.01946,399062.0,0.01948,114852.0,0.01949,1326505.0
1753504259906,04:30:59.906,ANIME/USDT:USDT,0.01947,8387.0,0.01946,399062.0,0.01948,114852.0,0.01949,1326505.0
1753504260056,04:31:00.056,ANIME/USDT:USDT,0.01947,8387.0,0.01946,399062.0,0.01948,114852.0,0.01949,1326505.0
1753504260206,04:31:00.206,ANIME/USDT:USDT,0.01947,8387.0,0.01946,399062.0,0.01948,114852.0,0.01949,1326505.0
1753504260356,04:31:00.356,ANIME/USDT:USDT,0.01947,8387.0,0.01946,399062.0,0.01948,114852.0,0.01949,1326505.0
1753504260506,04:31:00.506,ANIME/USDT:USDT,0.01947,8387.0,0.01946,399062.0,0.01948,114852.0,0.01949,1326505.0
1753504260656,04:31:00.656,ANIME/USDT:USDT,0.01947,8387.0,0.01946,399062.0,0.01948,114852.0,0.01949,1326505.0
1753504260806,04:31:00.806,ANIME/USDT:USDT,0.01947,8387.0,0.01946,399062.0,0.01948,114852.0,0.01949,1326505.0
1753504260957,04:31:00.957,ANIME/USDT:USDT,0.01947,8387.0,0.01946,399062.0,0.01948,114852.0,0.01949,1326505.0
1753504261107,04:31:01.107,ANIME/USDT:USDT,0.01947,8387.0,0.01946,399062.0,0.01948,114852.0,0.01949,1326505.0
1753504261257,04:31:01.257,ANIME/USDT:USDT,0.01947,8387.0,0.01946,399062.0,0.01948,114852.0,0.01949,1326505.0
1753504261407,04:31:01.407,ANIME/USDT:USDT,0.01947,8387.0,0.01946,399062.0,0.01948,114852.0,0.01949,1326505.0
1753504261557,04:31:01.557,ANIME/USDT:USDT,0.01947,8387.0,0.01946,399062.0,0.01948,114852.0,0.01949,1326505.0
1753504261707,04:31:01.707,ANIME/USDT:USDT,0.01947,8387.0,0.01946,399062.0,0.01948,114852.0,0.01949,1326505.0
1753504261857,04:31:01.857,ANIME/USDT:USDT,0.01947,8387.0,0.01946,399062.0,0.01948,114852.0,0.01949,1326505.0
1753504262007,04:31:02.007,ANIME/USDT:USDT,0.01947,8387.0,0.01946,399062.0,0.01948,114852.0,0.01949,1326505.0
1753504262157,04:31:02.157,ANIME/USDT:USDT,0.01947,8387.0,0.01946,399062.0,0.01948,114852.0,0.01949,1326505.0
1753504262307,04:31:02.307,ANIME/USDT:USDT,0.01947,8387.0,0.01946,399062.0,0.01948,114852.0,0.01949,1326505.0
1753504262457,04:31:02.457,ANIME/USDT:USDT,0.01947,8387.0,0.01946,399062.0,0.01948,114852.0,0.01949,1326505.0
1753504262608,04:31:02.608,ANIME/USDT:USDT,0.01947,8387.0,0.01946,399062.0,0.01948,114852.0,0.01949,1326505.0
1753504262758,04:31:02.758,ANIME/USDT:USDT,0.01947,8387.0,0.01946,399062.0,0.01948,114852.0,0.01949,1326505.0
1753504262908,04:31:02.908,ANIME/USDT:USDT,0.01947,8387.0,0.01946,399062.0,0.01948,114852.0,0.01949,1326505.0
1753504263058,04:31:03.058,ANIME/USDT:USDT,0.01947,8387.0,0.01946,399062.0,0.01948,114852.0,0.01949,1326505.0
1753504263208,04:31:03.208,ANIME/USDT:USDT,0.01947,8387.0,0.01946,399062.0,0.01948,114852.0,0.01949,1326505.0
1753504263358,04:31:03.358,ANIME/USDT:USDT,0.01947,8387.0,0.01946,399062.0,0.01948,114852.0,0.01949,1326505.0
1753504263508,04:31:03.508,ANIME/USDT:USDT,0.01947,8387.0,0.01946,399062.0,0.01948,114852.0,0.01949,1326505.0
1753504263658,04:31:03.658,ANIME/USDT:USDT,0.01947,8387.0,0.01946,399062.0,0.01948,114852.0,0.01949,1326505.0
1753504263808,04:31:03.808,ANIME/USDT:USDT,0.01947,8387.0,0.01946,399062.0,0.01948,114852.0,0.01949,1326505.0
1753504263958,04:31:03.958,ANIME/USDT:USDT,0.01947,8387.0,0.01946,399062.0,0.01948,114852.0,0.01949,1326505.0
1753504264108,04:31:04.108,ANIME/USDT:USDT,0.01947,8387.0,0.01946,399062.0,0.01948,114852.0,0.01949,1326505.0
1753504264258,04:31:04.258,ANIME/USDT:USDT,0.01947,8387.0,0.01946,399062.0,0.01948,114852.0,0.01949,1326505.0
1753504264408,04:31:04.408,ANIME/USDT:USDT,0.01947,8387.0,0.01946,399062.0,0.01948,114852.0,0.01949,1326505.0
1753504264559,04:31:04.559,ANIME/USDT:USDT,0.01947,8387.0,0.01946,399062.0,0.01948,114852.0,0.01949,1326505.0
1753504264709,04:31:04.709,ANIME/USDT:USDT,0.01947,8387.0,0.01946,399062.0,0.01948,114852.0,0.01949,1326505.0
1753504264859,04:31:04.859,ANIME/USDT:USDT,0.01947,8387.0,0.01946,399062.0,0.01948,114852.0,0.01949,1326505.0
1753504265009,04:31:05.009,ANIME/USDT:USDT,0.01947,8387.0,0.01946,399062.0,0.01948,114852.0,0.01949,1326505.0
1753504265159,04:31:05.159,ANIME/USDT:USDT,0.01947,8387.0,0.01946,399062.0,0.01948,114852.0,0.01949,1326505.0
1753504265309,04:31:05.309,ANIME/USDT:USDT,0.01947,8387.0,0.01946,399062.0,0.01948,114852.0,0.01949,1326505.0
1753504265459,04:31:05.459,ANIME/USDT:USDT,0.01947,8387.0,0.01946,399062.0,0.01948,114852.0,0.01949,1326505.0
1753504265609,04:31:05.609,ANIME/USDT:USDT,0.01947,8387.0,0.01946,399062.0,0.01948,114852.0,0.01949,1326505.0
1753504265759,04:31:05.759,ANIME/USDT:USDT,0.01947,8387.0,0.01946,399062.0,0.01948,114852.0,0.01949,1326505.0
1753504265909,04:31:05.909,ANIME/USDT:USDT,0.01947,8387.0,0.01946,399062.0,0.01948,114852.0,0.01949,1326505.0
1753504266059,04:31:06.059,ANIME/USDT:USDT,0.01947,8387.0,0.01946,399062.0,0.01948,114852.0,0.01949,1326505.0
1753504266209,04:31:06.209,ANIME/USDT:USDT,0.01947,8387.0,0.01946,399062.0,0.01948,114852.0,0.01949,1326505.0
1753504266360,04:31:06.360,ANIME/USDT:USDT,0.01947,8387.0,0.01946,399062.0,0.01948,114852.0,0.01949,1326505.0
1753504266510,04:31:06.510,ANIME/USDT:USDT,0.01947,8387.0,0.01946,399062.0,0.01948,114852.0,0.01949,1326505.0
1753504266660,04:31:06.660,ANIME/USDT:USDT,0.01947,8387.0,0.01946,399062.0,0.01948,114852.0,0.01949,1326505.0
1753504266810,04:31:06.810,ANIME/USDT:USDT,0.01947,8387.0,0.01946,399062.0,0.01948,114852.0,0.01949,1326505.0
1753504266960,04:31:06.960,ANIME/USDT:USDT,0.01947,8387.0,0.01946,399062.0,0.01948,114852.0,0.01949,1326505.0
1753504267110,04:31:07.110,ANIME/USDT:USDT,0.01947,8387.0,0.01946,399062.0,0.01948,114852.0,0.01949,1326505.0
1753504267260,04:31:07.260,ANIME/USDT:USDT,0.01947,8387.0,0.01946,399062.0,0.01948,114852.0,0.01949,1326505.0
1753504267410,04:31:07.410,ANIME/USDT:USDT,0.01947,8387.0,0.01946,399062.0,0.01948,114852.0,0.01949,1326505.0
1753504267560,04:31:07.560,ANIME/USDT:USDT,0.01947,8387.0,0.01946,399062.0,0.01948,114852.0,0.01949,1326505.0
1753504267710,04:31:07.710,ANIME/USDT:USDT,0.01947,8387.0,0.01946,399062.0,0.01948,114852.0,0.01949,1326505.0
1753504267860,04:31:07.860,ANIME/USDT:USDT,0.01947,8387.0,0.01946,399062.0,0.01948,114852.0,0.01949,1326505.0
1753504268010,04:31:08.010,ANIME/USDT:USDT,0.01947,8387.0,0.01946,399062.0,0.01948,114852.0,0.01949,1326505.0
1753504268161,04:31:08.161,ANIME/USDT:USDT,0.01947,8387.0,0.01946,399062.0,0.01948,114852.0,0.01949,1326505.0
1753504268311,04:31:08.311,ANIME/USDT:USDT,0.01947,8387.0,0.01946,399062.0,0.01948,114852.0,0.01949,1326505.0
1753504268461,04:31:08.461,ANIME/USDT:USDT,0.01947,8387.0,0.01946,399062.0,0.01948,114852.0,0.01949,1326505.0
1753504268611,04:31:08.611,ANIME/USDT:USDT,0.01947,8387.0,0.01946,399062.0,0.01948,114852.0,0.01949,1326505.0
1753504268761,04:31:08.761,ANIME/USDT:USDT,0.01947,8387.0,0.01946,399062.0,0.01948,114852.0,0.01949,1326505.0
1753504268911,04:31:08.911,ANIME/USDT:USDT,0.01947,8387.0,0.01946,399062.0,0.01948,114852.0,0.01949,1326505.0
1753504269061,04:31:09.061,ANIME/USDT:USDT,0.01947,8387.0,0.01946,399062.0,0.01948,114852.0,0.01949,1326505.0
1753504269211,04:31:09.211,ANIME/USDT:USDT,0.01947,8387.0,0.01946,399062.0,0.01948,114852.0,0.01949,1326505.0
1753504269361,04:31:09.361,ANIME/USDT:USDT,0.01947,8387.0,0.01946,399062.0,0.01948,114852.0,0.01949,1326505.0
1753504269511,04:31:09.511,ANIME/USDT:USDT,0.01947,8387.0,0.01946,399062.0,0.01948,114852.0,0.01949,1326505.0
1753504269661,04:31:09.661,ANIME/USDT:USDT,0.01947,8387.0,0.01946,399062.0,0.01948,114852.0,0.01949,1326505.0
1753504269811,04:31:09.811,ANIME/USDT:USDT,0.01947,8387.0,0.01946,399062.0,0.01948,114852.0,0.01949,1326505.0
1753504269962,04:31:09.962,ANIME/USDT:USDT,0.01947,8387.0,0.01946,399062.0,0.01948,114852.0,0.01949,1326505.0
1753504270112,04:31:10.112,ANIME/USDT:USDT,0.01947,8387.0,0.01946,399062.0,0.01948,114852.0,0.01949,1326505.0
1753504270262,04:31:10.262,ANIME/USDT:USDT,0.01947,8387.0,0.01946,399062.0,0.01948,114852.0,0.01949,1326505.0
1753504270412,04:31:10.412,ANIME/USDT:USDT,0.01947,8387.0,0.01946,399062.0,0.01948,114852.0,0.01949,1326505.0
1753504270562,04:31:10.562,ANIME/USDT:USDT,0.01947,8387.0,0.01946,399062.0,0.01948,114852.0,0.01949,1326505.0
1753504270712,04:31:10.712,ANIME/USDT:USDT,0.01947,8387.0,0.01946,399062.0,0.01948,114852.0,0.01949,1326505.0
1753504270862,04:31:10.862,ANIME/USDT:USDT,0.01947,8387.0,0.01946,399062.0,0.01948,114852.0,0.01949,1326505.0
1753504271012,04:31:11.012,ANIME/USDT:USDT,0.01946,399062.0,0.01945,1334015.0,0.01948,114852.0,0.01949,1326505.0
1753504271162,04:31:11.162,ANIME/USDT:USDT,0.01946,271485.0,0.01945,1468711.0,0.01948,118076.0,0.01949,1326505.0
1753504271312,04:31:11.312,ANIME/USDT:USDT,0.01946,271485.0,0.01945,1468711.0,0.01948,118076.0,0.01949,1326505.0
1753504271462,04:31:11.462,ANIME/USDT:USDT,0.01946,271485.0,0.01945,1468711.0,0.01948,118076.0,0.01949,1326505.0
1753504271612,04:31:11.612,ANIME/USDT:USDT,0.01946,274709.0,0.01945,1468711.0,0.01948,118076.0,0.01949,1326505.0
1753504271763,04:31:11.763,ANIME/USDT:USDT,0.01946,274709.0,0.01945,1468711.0,0.01948,118076.0,0.01949,1326505.0
1753504271913,04:31:11.913,ANIME/USDT:USDT,0.01946,274709.0,0.01945,1468711.0,0.01948,118076.0,0.01949,1326505.0
1753504272063,04:31:12.063,ANIME/USDT:USDT,0.01946,274709.0,0.01945,1468711.0,0.01948,114852.0,0.01949,1326505.0
1753504272213,04:31:12.213,ANIME/USDT:USDT,0.01946,274709.0,0.01945,1468711.0,0.01948,114852.0,0.01949,1326505.0
1753504272363,04:31:12.363,ANIME/USDT:USDT,0.01946,274709.0,0.01945,1468711.0,0.01948,118076.0,0.01949,1326505.0
1753504272513,04:31:12.513,ANIME/USDT:USDT,0.01946,274709.0,0.01945,1468711.0,0.01948,118076.0,0.01949,1326505.0
1753504272663,04:31:12.663,ANIME/USDT:USDT,0.01946,274709.0,0.01945,1468711.0,0.01948,118076.0,0.01949,1326505.0
1753504272813,04:31:12.813,ANIME/USDT:USDT,0.01946,274709.0,0.01945,1468711.0,0.01948,114852.0,0.01949,1326505.0
1753504272963,04:31:12.963,ANIME/USDT:USDT,0.01946,271485.0,0.01945,1468711.0,0.01948,114852.0,0.01949,1326505.0
1753504273113,04:31:13.113,ANIME/USDT:USDT,0.01946,271485.0,0.01945,1468711.0,0.01948,118076.0,0.01949,1326505.0
1753504273263,04:31:13.263,ANIME/USDT:USDT,0.01946,271485.0,0.01945,1468711.0,0.01948,118076.0,0.01949,1326505.0
1753504273414,04:31:13.414,ANIME/USDT:USDT,0.01946,274709.0,0.01945,1468711.0,0.01948,118076.0,0.01949,1326505.0
1753504273564,04:31:13.564,ANIME/USDT:USDT,0.01946,271485.0,0.01945,1468711.0,0.01948,118076.0,0.01949,1326505.0
1753504273714,04:31:13.714,ANIME/USDT:USDT,0.01946,271485.0,0.01945,1468711.0,0.01948,118076.0,0.01949,1326505.0
1753504273864,04:31:13.864,ANIME/USDT:USDT,0.01946,274709.0,0.01945,1468711.0,0.01948,118076.0,0.01949,1326505.0
1753504274014,04:31:14.014,ANIME/USDT:USDT,0.01946,271485.0,0.01945,1468711.0,0.01948,118076.0,0.01949,1326505.0
1753504274164,04:31:14.164,ANIME/USDT:USDT,0.01946,271485.0,0.01945,1468711.0,0.01948,118076.0,0.01949,1326505.0
1753504274314,04:31:14.314,ANIME/USDT:USDT,0.01946,274709.0,0.01945,1468711.0,0.01948,118076.0,0.01949,1326505.0
1753504274464,04:31:14.464,ANIME/USDT:USDT,0.01946,274709.0,0.01945,1468711.0,0.01948,114852.0,0.01949,1326505.0
1753504274614,04:31:14.614,ANIME/USDT:USDT,0.01947,8066.0,0.01946,274709.0,0.01948,118076.0,0.01949,1326505.0
1753504274764,04:31:14.764,ANIME/USDT:USDT,0.01947,8066.0,0.01946,399071.0,0.01948,114852.0,0.01949,1329729.0
1753504274914,04:31:14.914,ANIME/USDT:USDT,0.01947,8066.0,0.01946,399071.0,0.01948,114852.0,0.01949,1329729.0
1753504275064,04:31:15.064,ANIME/USDT:USDT,0.01947,8066.0,0.01946,399071.0,0.01948,114852.0,0.01949,1329729.0
1753504275214,04:31:15.214,ANIME/USDT:USDT,0.01947,8066.0,0.01946,399071.0,0.01948,114852.0,0.01949,1329729.0
1753504275365,04:31:15.365,ANIME/USDT:USDT,0.01947,8066.0,0.01946,399071.0,0.01948,114852.0,0.01949,1329729.0
1753504275515,04:31:15.515,ANIME/USDT:USDT,0.01947,8066.0,0.01946,399071.0,0.01948,114852.0,0.01949,1329729.0
1753504275665,04:31:15.665,ANIME/USDT:USDT,0.01947,8066.0,0.01946,399071.0,0.01948,114852.0,0.01949,1329729.0
1753504275815,04:31:15.815,ANIME/USDT:USDT,0.01947,8066.0,0.01946,399071.0,0.01948,114852.0,0.01949,1329729.0
1753504275965,04:31:15.965,ANIME/USDT:USDT,0.01947,8066.0,0.01946,399071.0,0.01948,114852.0,0.01949,1329729.0
1753504276115,04:31:16.115,ANIME/USDT:USDT,0.01947,8066.0,0.01946,399071.0,0.01948,114852.0,0.01949,1329729.0
1753504276265,04:31:16.265,ANIME/USDT:USDT,0.01947,8066.0,0.01946,399071.0,0.01948,114852.0,0.01949,1329729.0
1753504276415,04:31:16.415,ANIME/USDT:USDT,0.01947,8066.0,0.01946,399071.0,0.01948,114852.0,0.01949,1329729.0
1753504276565,04:31:16.565,ANIME/USDT:USDT,0.01947,8066.0,0.01946,399071.0,0.01948,114852.0,0.01949,1329729.0
1753504276715,04:31:16.715,ANIME/USDT:USDT,0.01947,8066.0,0.01946,399071.0,0.01948,114852.0,0.01949,1329729.0
1753504276865,04:31:16.865,ANIME/USDT:USDT,0.01947,8066.0,0.01946,399071.0,0.01948,114852.0,0.01949,1329729.0
1753504277016,04:31:17.016,ANIME/USDT:USDT,0.01947,8066.0,0.01946,399071.0,0.01948,114852.0,0.01949,1329729.0
1753504277166,04:31:17.166,ANIME/USDT:USDT,0.01947,8066.0,0.01946,399071.0,0.01948,114852.0,0.01949,1329729.0
1753504277316,04:31:17.316,ANIME/USDT:USDT,0.01947,8066.0,0.01946,399071.0,0.01948,114852.0,0.01949,1329729.0
1753504277466,04:31:17.466,ANIME/USDT:USDT,0.01947,8066.0,0.01946,399071.0,0.01948,114852.0,0.01949,1329729.0
1753504277616,04:31:17.616,ANIME/USDT:USDT,0.01947,8066.0,0.01946,399071.0,0.01948,114852.0,0.01949,1329729.0
1753504277766,04:31:17.766,ANIME/USDT:USDT,0.01947,8066.0,0.01946,399071.0,0.01948,114852.0,0.01949,1329729.0
1753504277916,04:31:17.916,ANIME/USDT:USDT,0.01947,8066.0,0.01946,399071.0,0.01948,114852.0,0.01949,1329729.0
1753504278066,04:31:18.066,ANIME/USDT:USDT,0.01947,8066.0,0.01946,399071.0,0.01948,114852.0,0.01949,1329729.0
1753504278216,04:31:18.216,ANIME/USDT:USDT,0.01947,8066.0,0.01946,399071.0,0.01948,114852.0,0.01949,1329729.0
1753504278366,04:31:18.366,ANIME/USDT:USDT,0.01947,8066.0,0.01946,399071.0,0.01948,114852.0,0.01949,1329729.0
1753504278516,04:31:18.516,ANIME/USDT:USDT,0.01947,8066.0,0.01946,399071.0,0.01948,114852.0,0.01949,1329729.0
1753504278666,04:31:18.666,ANIME/USDT:USDT,0.01947,8066.0,0.01946,399071.0,0.01948,114852.0,0.01949,1326505.0
1753504278816,04:31:18.816,ANIME/USDT:USDT,0.01947,8066.0,0.01946,399071.0,0.01948,114852.0,0.01949,1326505.0
1753504278967,04:31:18.967,ANIME/USDT:USDT,0.01947,8066.0,0.01946,399071.0,0.01948,114852.0,0.01949,1326505.0
1753504279117,04:31:19.117,ANIME/USDT:USDT,0.01947,8066.0,0.01946,399071.0,0.01948,114852.0,0.01949,1326505.0
1753504279267,04:31:19.267,ANIME/USDT:USDT,0.01947,8066.0,0.01946,399071.0,0.01948,114852.0,0.01949,1326505.0
1753504279417,04:31:19.417,ANIME/USDT:USDT,0.01947,8066.0,0.01946,399071.0,0.01948,114852.0,0.01949,1326505.0
1753504279567,04:31:19.567,ANIME/USDT:USDT,0.01947,8066.0,0.01946,399071.0,0.01948,114852.0,0.01949,1326505.0
1753504279717,04:31:19.717,ANIME/USDT:USDT,0.01947,8066.0,0.01946,399071.0,0.01948,114852.0,0.01949,1326505.0
1753504279867,04:31:19.867,ANIME/USDT:USDT,0.01947,8066.0,0.01946,399071.0,0.01948,114852.0,0.01949,1326505.0
1753504280017,04:31:20.017,ANIME/USDT:USDT,0.01947,8066.0,0.01946,399071.0,0.01948,114852.0,0.01949,1326505.0
1753504280167,04:31:20.167,ANIME/USDT:USDT,0.01947,8066.0,0.01946,399071.0,0.01948,114852.0,0.01949,1326505.0
1753504280317,04:31:20.317,ANIME/USDT:USDT,0.01947,8066.0,0.01946,399071.0,0.01948,114852.0,0.01949,1326505.0
1753504280467,04:31:20.467,ANIME/USDT:USDT,0.01947,8066.0,0.01946,399071.0,0.01948,123552.0,0.01949,1353226.0
1753504280617,04:31:20.617,ANIME/USDT:USDT,0.01947,8066.0,0.01946,399071.0,0.01948,123552.0,0.01949,1353226.0
1753504280768,04:31:20.768,ANIME/USDT:USDT,0.01947,8066.0,0.01946,399071.0,0.01948,123552.0,0.01949,1353226.0
1753504280918,04:31:20.918,ANIME/USDT:USDT,0.01947,8066.0,0.01946,399071.0,0.01948,123552.0,0.01949,1353226.0
1753504281068,04:31:21.068,ANIME/USDT:USDT,0.01947,8066.0,0.01946,399071.0,0.01948,123552.0,0.01949,1353226.0
1753504281218,04:31:21.218,ANIME/USDT:USDT,0.01947,8066.0,0.01946,399071.0,0.01948,123552.0,0.01949,1353226.0
1753504281368,04:31:21.368,ANIME/USDT:USDT,0.01947,8066.0,0.01946,399071.0,0.01948,123552.0,0.01949,1353226.0
1753504281518,04:31:21.518,ANIME/USDT:USDT,0.01947,8066.0,0.01946,399071.0,0.01948,123552.0,0.01949,1353226.0
1753504281668,04:31:21.668,ANIME/USDT:USDT,0.01947,8066.0,0.01946,399071.0,0.01948,123552.0,0.01949,1353226.0
1753504281818,04:31:21.818,ANIME/USDT:USDT,0.01947,8066.0,0.01946,399071.0,0.01948,123552.0,0.01949,1353226.0
1753504281968,04:31:21.968,ANIME/USDT:USDT,0.01947,8066.0,0.01946,399071.0,0.01948,123552.0,0.01949,1353226.0
1753504282118,04:31:22.118,ANIME/USDT:USDT,0.01947,8066.0,0.01946,399071.0,0.01948,123552.0,0.01949,1353226.0
1753504282268,04:31:22.268,ANIME/USDT:USDT,0.01947,8066.0,0.01946,399071.0,0.01948,123552.0,0.01949,1353226.0
1753504282418,04:31:22.418,ANIME/USDT:USDT,0.01947,8066.0,0.01946,399071.0,0.01948,123552.0,0.01949,1353226.0
1753504282569,04:31:22.569,ANIME/USDT:USDT,0.01947,8066.0,0.01946,399071.0,0.01948,123552.0,0.01949,1353226.0
1753504282719,04:31:22.719,ANIME/USDT:USDT,0.01947,8066.0,0.01946,399071.0,0.01948,123552.0,0.01949,1353226.0
1753504282869,04:31:22.869,ANIME/USDT:USDT,0.01947,8066.0,0.01946,399071.0,0.01948,123552.0,0.01949,1353226.0
1753504283019,04:31:23.019,ANIME/USDT:USDT,0.01947,8066.0,0.01946,399071.0,0.01948,123552.0,0.01949,1353226.0
1753504283169,04:31:23.169,ANIME/USDT:USDT,0.01947,8066.0,0.01946,399071.0,0.01948,123552.0,0.01949,1353226.0
1753504283319,04:31:23.319,ANIME/USDT:USDT,0.01947,8066.0,0.01946,399071.0,0.01948,123552.0,0.01949,1353226.0
1753504283469,04:31:23.469,ANIME/USDT:USDT,0.01947,8066.0,0.01946,399071.0,0.01948,123552.0,0.01949,1353226.0
1753504283619,04:31:23.619,ANIME/USDT:USDT,0.01947,8066.0,0.01946,399071.0,0.01948,123552.0,0.01949,1353226.0
1753504283769,04:31:23.769,ANIME/USDT:USDT,0.01947,8066.0,0.01946,399071.0,0.01948,123552.0,0.01949,1353226.0
1753504283919,04:31:23.919,ANIME/USDT:USDT,0.01947,8066.0,0.01946,399071.0,0.01948,123552.0,0.01949,1353226.0
1753504284069,04:31:24.069,ANIME/USDT:USDT,0.01947,8066.0,0.01946,399071.0,0.01948,123552.0,0.01949,1353226.0
1753504284219,04:31:24.219,ANIME/USDT:USDT,0.01947,8066.0,0.01946,399071.0,0.01948,123552.0,0.01949,1353226.0
1753504284370,04:31:24.370,ANIME/USDT:USDT,0.01947,8066.0,0.01946,399071.0,0.01948,123552.0,0.01949,1353226.0
1753504284520,04:31:24.520,ANIME/USDT:USDT,0.01947,8066.0,0.01946,399071.0,0.01948,123552.0,0.01949,1353226.0
1753504284670,04:31:24.670,ANIME/USDT:USDT,0.01947,8066.0,0.01946,399071.0,0.01948,123552.0,0.01949,1353226.0
1753504284820,04:31:24.820,ANIME/USDT:USDT,0.01947,8066.0,0.01946,399071.0,0.01948,123552.0,0.01949,1353226.0
1753504284970,04:31:24.970,ANIME/USDT:USDT,0.01947,8066.0,0.01946,399071.0,0.01948,123552.0,0.01949,1353226.0
1753504285120,04:31:25.120,ANIME/USDT:USDT,0.01947,8066.0,0.01946,399071.0,0.01948,123552.0,0.01949,1353226.0
1753504285270,04:31:25.270,ANIME/USDT:USDT,0.01947,8066.0,0.01946,399071.0,0.01948,123552.0,0.01949,1353226.0
1753504285420,04:31:25.420,ANIME/USDT:USDT,0.01947,8066.0,0.01946,399071.0,0.01948,123552.0,0.01949,1353226.0
1753504285570,04:31:25.570,ANIME/USDT:USDT,0.01947,8066.0,0.01946,399071.0,0.01948,123552.0,0.01949,1353226.0
1753504285720,04:31:25.720,ANIME/USDT:USDT,0.01947,8066.0,0.01946,399071.0,0.01948,123552.0,0.01949,1353226.0
1753504285870,04:31:25.870,ANIME/USDT:USDT,0.01947,8066.0,0.01946,399071.0,0.01948,123552.0,0.01949,1353226.0
1753504286020,04:31:26.020,ANIME/USDT:USDT,0.01947,8066.0,0.01946,399071.0,0.01948,123552.0,0.01949,1353226.0
1753504286171,04:31:26.171,ANIME/USDT:USDT,0.01947,8066.0,0.01946,399071.0,0.01948,123552.0,0.01949,1353226.0
1753504286321,04:31:26.321,ANIME/USDT:USDT,0.01947,8066.0,0.01946,399071.0,0.01948,123552.0,0.01949,1353226.0
1753504286471,04:31:26.471,ANIME/USDT:USDT,0.01947,8066.0,0.01946,399071.0,0.01948,123552.0,0.01949,1353226.0
1753504286621,04:31:26.621,ANIME/USDT:USDT,0.01947,8066.0,0.01946,399071.0,0.01948,123552.0,0.01949,1353226.0
1753504286771,04:31:26.771,ANIME/USDT:USDT,0.01947,8066.0,0.01946,399071.0,0.01948,123552.0,0.01949,1353226.0
1753504286921,04:31:26.921,ANIME/USDT:USDT,0.01947,8066.0,0.01946,399071.0,0.01948,123552.0,0.01949,1353226.0
1753504287071,04:31:27.071,ANIME/USDT:USDT,0.01947,8066.0,0.01946,399071.0,0.01948,123552.0,0.01949,1353226.0
1753504287221,04:31:27.221,ANIME/USDT:USDT,0.01947,8066.0,0.01946,399071.0,0.01948,123552.0,0.01949,1353226.0
1753504287371,04:31:27.371,ANIME/USDT:USDT,0.01947,8066.0,0.01946,399071.0,0.01948,123552.0,0.01949,1353226.0
1753504287521,04:31:27.521,ANIME/USDT:USDT,0.01947,8066.0,0.01946,399071.0,0.01948,123552.0,0.01949,1353226.0
1753504287671,04:31:27.671,ANIME/USDT:USDT,0.01947,8066.0,0.01946,399071.0,0.01948,123552.0,0.01949,1353226.0
1753504287821,04:31:27.821,ANIME/USDT:USDT,0.01947,8066.0,0.01946,399071.0,0.01948,123552.0,0.01949,1353226.0
1753504287972,04:31:27.972,ANIME/USDT:USDT,0.01947,8066.0,0.01946,399071.0,0.01948,123552.0,0.01949,1353226.0
1753504288122,04:31:28.122,ANIME/USDT:USDT,0.01947,8066.0,0.01946,399071.0,0.01948,123552.0,0.01949,1353226.0
1753504288272,04:31:28.272,ANIME/USDT:USDT,0.01947,8066.0,0.01946,399071.0,0.01948,123552.0,0.01949,1353226.0
1753504288422,04:31:28.422,ANIME/USDT:USDT,0.01947,8066.0,0.01946,399071.0,0.01948,123552.0,0.01949,1353226.0
1753504288572,04:31:28.572,ANIME/USDT:USDT,0.01947,8066.0,0.01946,399071.0,0.01948,123552.0,0.01949,1353226.0
1753504288722,04:31:28.722,ANIME/USDT:USDT,0.01947,8066.0,0.01946,399071.0,0.01948,123552.0,0.01949,1353226.0
1753504288872,04:31:28.872,ANIME/USDT:USDT,0.01947,8066.0,0.01946,399071.0,0.01948,123552.0,0.01949,1353226.0
1753504289022,04:31:29.022,ANIME/USDT:USDT,0.01947,8066.0,0.01946,399071.0,0.01948,123552.0,0.01949,1353226.0
1753504289172,04:31:29.172,ANIME/USDT:USDT,0.01947,8066.0,0.01946,399071.0,0.01948,123552.0,0.01949,1353226.0
1753504289322,04:31:29.322,ANIME/USDT:USDT,0.01947,8066.0,0.01946,399071.0,0.01948,123552.0,0.01949,1353226.0
1753504289472,04:31:29.472,ANIME/USDT:USDT,0.01947,8066.0,0.01946,399071.0,0.01948,123552.0,0.01949,1353226.0
1753504289622,04:31:29.622,ANIME/USDT:USDT,0.01947,8066.0,0.01946,399071.0,0.01948,123552.0,0.01949,1353226.0
1753504289773,04:31:29.773,ANIME/USDT:USDT,0.01947,8066.0,0.01946,399071.0,0.01948,123552.0,0.01949,1353226.0
1753504289923,04:31:29.923,ANIME/USDT:USDT,0.01947,8066.0,0.01946,399071.0,0.01948,126776.0,0.01949,1353226.0
1753504290073,04:31:30.073,ANIME/USDT:USDT,0.01946,399071.0,0.01945,1334015.0,0.01948,126776.0,0.01949,1353226.0
1753504290223,04:31:30.223,ANIME/USDT:USDT,0.01946,274709.0,0.01945,1334015.0,0.01948,123552.0,0.01949,1353226.0
1753504290373,04:31:30.373,ANIME/USDT:USDT,0.01946,274709.0,0.01945,1468690.0,0.01948,123552.0,0.01949,1353226.0
1753504290523,04:31:30.523,ANIME/USDT:USDT,0.01946,274709.0,0.01945,1468690.0,0.01948,123552.0,0.01949,1353226.0
1753504290673,04:31:30.673,ANIME/USDT:USDT,0.01946,274709.0,0.01945,1468690.0,0.01948,123552.0,0.01949,1353226.0
1753504290823,04:31:30.823,ANIME/USDT:USDT,0.01946,274709.0,0.01945,1468690.0,0.01948,123552.0,0.01949,1353226.0
1753504290973,04:31:30.973,ANIME/USDT:USDT,0.01946,274709.0,0.01945,1468690.0,0.01948,123552.0,0.01949,1353226.0
1753504291123,04:31:31.123,ANIME/USDT:USDT,0.01946,274709.0,0.01945,1468690.0,0.01948,123552.0,0.01949,1353226.0
1753504291273,04:31:31.273,ANIME/USDT:USDT,0.01946,274709.0,0.01945,1468690.0,0.01948,123552.0,0.01949,1353226.0
1753504291424,04:31:31.424,ANIME/USDT:USDT,0.01946,274709.0,0.01945,1468690.0,0.01948,123552.0,0.01949,1353226.0
1753504291574,04:31:31.574,ANIME/USDT:USDT,0.01946,194709.0,0.01945,1468690.0,0.01948,123552.0,0.01949,1353226.0
1753504291724,04:31:31.724,ANIME/USDT:USDT,0.01946,194709.0,0.01945,1468690.0,0.01948,123552.0,0.01949,1353226.0
1753504291874,04:31:31.874,ANIME/USDT:USDT,0.01946,194709.0,0.01945,1468690.0,0.01948,123552.0,0.01949,1353226.0
1753504292024,04:31:32.024,ANIME/USDT:USDT,0.01946,194709.0,0.01945,1468690.0,0.01948,123552.0,0.01949,1353226.0
1753504292174,04:31:32.174,ANIME/USDT:USDT,0.01946,194709.0,0.01945,1468690.0,0.01948,123552.0,0.01949,1353226.0
1753504292324,04:31:32.324,ANIME/USDT:USDT,0.01946,194709.0,0.01945,1468690.0,0.01948,123552.0,0.01949,1353226.0
1753504292474,04:31:32.474,ANIME/USDT:USDT,0.01946,191485.0,0.01945,1468690.0,0.01948,123552.0,0.01949,1353226.0
1753504292624,04:31:32.624,ANIME/USDT:USDT,0.01946,191485.0,0.01945,1468690.0,0.01948,123552.0,0.01949,1353226.0
1753504292774,04:31:32.774,ANIME/USDT:USDT,0.01946,194709.0,0.01945,1468690.0,0.01948,123552.0,0.01949,1353226.0
1753504292924,04:31:32.924,ANIME/USDT:USDT,0.01946,194709.0,0.01945,1468690.0,0.01948,123552.0,0.01949,1353226.0
1753504293074,04:31:33.074,ANIME/USDT:USDT,0.01946,194709.0,0.01945,1468690.0,0.01948,123552.0,0.01949,1353226.0
1753504293225,04:31:33.225,ANIME/USDT:USDT,0.01946,194709.0,0.01945,1468690.0,0.01948,123552.0,0.01949,1353226.0
1753504293375,04:31:33.375,ANIME/USDT:USDT,0.01946,194709.0,0.01945,1468690.0,0.01948,123552.0,0.01949,1353226.0
1753504293675,04:31:33.675,ANIME/USDT:USDT,0.01946,85749.0,0.01945,1468690.0,0.01948,123552.0,0.01949,1353226.0
1753504293825,04:31:33.825,ANIME/USDT:USDT,0.01946,85749.0,0.01945,1468690.0,0.01948,123552.0,0.01949,1353226.0
1753504293975,04:31:33.975,ANIME/USDT:USDT,0.01946,85749.0,0.01945,1468690.0,0.01948,123552.0,0.01949,1353226.0
1753504294125,04:31:34.125,ANIME/USDT:USDT,0.01946,85749.0,0.01945,1468690.0,0.01948,123552.0,0.01949,1353226.0
1753504294275,04:31:34.275,ANIME/USDT:USDT,0.01946,85749.0,0.01945,1468690.0,0.01948,123552.0,0.01949,1353226.0
1753504294425,04:31:34.425,ANIME/USDT:USDT,0.01946,85749.0,0.01945,1468690.0,0.01948,123552.0,0.01949,1353226.0
1753504294575,04:31:34.575,ANIME/USDT:USDT,0.01946,191485.0,0.01945,1468690.0,0.01948,123552.0,0.01949,1353226.0
1753504294725,04:31:34.725,ANIME/USDT:USDT,0.01946,194709.0,0.01945,1468690.0,0.01948,123552.0,0.01949,1353226.0
1753504294875,04:31:34.875,ANIME/USDT:USDT,0.01946,194709.0,0.01945,1468690.0,0.01948,123552.0,0.01949,1353226.0
1753504295025,04:31:35.025,ANIME/USDT:USDT,0.01946,194709.0,0.01945,1468690.0,0.01948,123552.0,0.01949,1353226.0
1753504295176,04:31:35.176,ANIME/USDT:USDT,0.01946,194709.0,0.01945,1468690.0,0.01948,123552.0,0.01949,1353226.0
1753504295326,04:31:35.326,ANIME/USDT:USDT,0.01946,194709.0,0.01945,1468690.0,0.01948,123552.0,0.01949,1353226.0
1753504295476,04:31:35.476,ANIME/USDT:USDT,0.01946,194709.0,0.01945,1468690.0,0.01948,123552.0,0.01949,1353226.0
1753504295626,04:31:35.626,ANIME/USDT:USDT,0.01946,194709.0,0.01945,1468690.0,0.01948,123552.0,0.01949,1353226.0
1753504295776,04:31:35.776,ANIME/USDT:USDT,0.01946,194709.0,0.01945,1468690.0,0.01948,123552.0,0.01949,1353226.0
1753504295926,04:31:35.926,ANIME/USDT:USDT,0.01946,194709.0,0.01945,1468690.0,0.01948,123552.0,0.01949,1353226.0
1753504296076,04:31:36.076,ANIME/USDT:USDT,0.01946,194709.0,0.01945,1468690.0,0.01948,123552.0,0.01949,1353226.0
1753504296226,04:31:36.226,ANIME/USDT:USDT,0.01946,194709.0,0.01945,1468690.0,0.01948,123552.0,0.01949,1353226.0
1753504296376,04:31:36.376,ANIME/USDT:USDT,0.01946,194709.0,0.01945,1468690.0,0.01948,123552.0,0.01949,1353226.0
1753504296526,04:31:36.526,ANIME/USDT:USDT,0.01946,194709.0,0.01945,1468690.0,0.01948,123552.0,0.01949,1353226.0
1753504296676,04:31:36.676,ANIME/USDT:USDT,0.01946,194709.0,0.01945,1468690.0,0.01948,123552.0,0.01949,1353226.0
1753504296826,04:31:36.826,ANIME/USDT:USDT,0.01946,194709.0,0.01945,1468690.0,0.01948,123552.0,0.01949,1353226.0
1753504296977,04:31:36.977,ANIME/USDT:USDT,0.01947,8255.0,0.01946,194709.0,0.01948,123552.0,0.01949,1353226.0
1753504297127,04:31:37.127,ANIME/USDT:USDT,0.01947,15413.0,0.01946,322269.0,0.01948,123552.0,0.01949,1353226.0
1753504297277,04:31:37.277,ANIME/USDT:USDT,0.01947,15413.0,0.01946,322269.0,0.01948,123552.0,0.01949,1353226.0
1753504297427,04:31:37.427,ANIME/USDT:USDT,0.01947,15413.0,0.01946,322269.0,0.01948,123552.0,0.01949,1353226.0
1753504297577,04:31:37.577,ANIME/USDT:USDT,0.01947,15413.0,0.01946,322269.0,0.01948,123552.0,0.01949,1353226.0
1753504297727,04:31:37.727,ANIME/USDT:USDT,0.01947,15413.0,0.01946,322269.0,0.01948,123552.0,0.01949,1353226.0
1753504297877,04:31:37.877,ANIME/USDT:USDT,0.01947,15413.0,0.01946,322269.0,0.01948,123552.0,0.01949,1353226.0
1753504298027,04:31:38.027,ANIME/USDT:USDT,0.01947,15413.0,0.01946,322269.0,0.01948,123552.0,0.01949,1353226.0
1753504298177,04:31:38.177,ANIME/USDT:USDT,0.01947,15413.0,0.01946,322269.0,0.01948,123552.0,0.01949,1353226.0
1753504298327,04:31:38.327,ANIME/USDT:USDT,0.01947,15413.0,0.01946,322269.0,0.01948,123552.0,0.01949,1353226.0
1753504298477,04:31:38.477,ANIME/USDT:USDT,0.01947,15413.0,0.01946,322269.0,0.01948,123552.0,0.01949,1353226.0
1753504298627,04:31:38.627,ANIME/USDT:USDT,0.01947,15413.0,0.01946,322269.0,0.01948,123552.0,0.01949,1353226.0
1753504298778,04:31:38.778,ANIME/USDT:USDT,0.01947,15413.0,0.01946,322269.0,0.01948,123552.0,0.01949,1353226.0
1753504298928,04:31:38.928,ANIME/USDT:USDT,0.01947,15413.0,0.01946,322269.0,0.01948,123552.0,0.01949,1353226.0
1753504299078,04:31:39.078,ANIME/USDT:USDT,0.01947,15413.0,0.01946,322269.0,0.01948,123552.0,0.01949,1353226.0
1753504299228,04:31:39.228,ANIME/USDT:USDT,0.01947,8255.0,0.01946,322269.0,0.01948,123552.0,0.01949,1353226.0
1753504299378,04:31:39.378,ANIME/USDT:USDT,0.01947,8255.0,0.01946,322269.0,0.01948,123552.0,0.01949,1353226.0
1753504299528,04:31:39.528,ANIME/USDT:USDT,0.01947,8255.0,0.01946,322269.0,0.01948,123552.0,0.01949,1353226.0
1753504299678,04:31:39.678,ANIME/USDT:USDT,0.01947,8255.0,0.01946,322269.0,0.01948,123552.0,0.01949,1353226.0
1753504299828,04:31:39.828,ANIME/USDT:USDT,0.01947,8255.0,0.01946,322269.0,0.01948,123552.0,0.01949,1353226.0
1753504299978,04:31:39.978,ANIME/USDT:USDT,0.01947,8255.0,0.01946,322269.0,0.01948,123552.0,0.01949,1353226.0
1753504300128,04:31:40.128,ANIME/USDT:USDT,0.01947,8255.0,0.01946,322269.0,0.01948,123552.0,0.01949,1353226.0
1753504300278,04:31:40.278,ANIME/USDT:USDT,0.01947,8255.0,0.01946,322269.0,0.01948,123552.0,0.01949,1353226.0
1753504300428,04:31:40.428,ANIME/USDT:USDT,0.01947,8255.0,0.01946,322269.0,0.01948,123552.0,0.01949,1353226.0
1753504300579,04:31:40.579,ANIME/USDT:USDT,0.01947,8255.0,0.01946,322269.0,0.01948,123552.0,0.01949,1353226.0
1753504300729,04:31:40.729,ANIME/USDT:USDT,0.01947,8255.0,0.01946,322269.0,0.01948,123552.0,0.01949,1353226.0
1753504300879,04:31:40.879,ANIME/USDT:USDT,0.01947,8255.0,0.01946,322269.0,0.01948,123552.0,0.01949,1353226.0
1753504301029,04:31:41.029,ANIME/USDT:USDT,0.01947,8255.0,0.01946,322269.0,0.01948,123552.0,0.01949,1353226.0
1753504301179,04:31:41.179,ANIME/USDT:USDT,0.01947,8255.0,0.01946,322269.0,0.01948,123552.0,0.01949,1353226.0
1753504301329,04:31:41.329,ANIME/USDT:USDT,0.01947,8255.0,0.01946,322269.0,0.01948,123552.0,0.01949,1353226.0
1753504301479,04:31:41.479,ANIME/USDT:USDT,0.01947,8255.0,0.01946,322269.0,0.01948,123552.0,0.01949,1353226.0
1753504301629,04:31:41.629,ANIME/USDT:USDT,0.01947,8255.0,0.01946,319045.0,0.01948,123552.0,0.01949,1353226.0
1753504301779,04:31:41.779,ANIME/USDT:USDT,0.01947,8255.0,0.01946,319045.0,0.01948,123552.0,0.01949,1353226.0
1753504301929,04:31:41.929,ANIME/USDT:USDT,0.01947,8255.0,0.01946,319045.0,0.01948,123552.0,0.01949,1353226.0
1753504302079,04:31:42.079,ANIME/USDT:USDT,0.01947,8255.0,0.01946,319045.0,0.01948,123552.0,0.01949,1353226.0
1753504302229,04:31:42.229,ANIME/USDT:USDT,0.01947,8255.0,0.01946,319045.0,0.01948,123552.0,0.01949,1353226.0
1753504302380,04:31:42.380,ANIME/USDT:USDT,0.01947,8255.0,0.01946,319045.0,0.01948,123552.0,0.01949,1353226.0
1753504302530,04:31:42.530,ANIME/USDT:USDT,0.01947,8255.0,0.01946,319045.0,0.01948,123552.0,0.01949,1353226.0
1753504302680,04:31:42.680,ANIME/USDT:USDT,0.01947,8255.0,0.01946,319045.0,0.01948,123552.0,0.01949,1353226.0
1753504302830,04:31:42.830,ANIME/USDT:USDT,0.01947,8255.0,0.01946,319045.0,0.01948,123552.0,0.01949,1353226.0
1753504302980,04:31:42.980,ANIME/USDT:USDT,0.01947,8255.0,0.01946,319045.0,0.01948,123552.0,0.01949,1353226.0
1753504303130,04:31:43.130,ANIME/USDT:USDT,0.01946,319045.0,0.01945,1334015.0,0.01948,123552.0,0.01949,1353226.0
1753504303280,04:31:43.280,ANIME/USDT:USDT,0.01946,194709.0,0.01945,1468682.0,0.01948,123552.0,0.01949,1353226.0
1753504303430,04:31:43.430,ANIME/USDT:USDT,0.01946,194709.0,0.01945,1468682.0,0.01948,123552.0,0.01949,1353226.0
1753504303580,04:31:43.580,ANIME/USDT:USDT,0.01946,194709.0,0.01945,1468682.0,0.01948,123552.0,0.01949,1353226.0
1753504303730,04:31:43.730,ANIME/USDT:USDT,0.01946,194709.0,0.01945,1468682.0,0.01948,123552.0,0.01949,1353226.0
1753504303880,04:31:43.880,ANIME/USDT:USDT,0.01946,194709.0,0.01945,1468682.0,0.01948,123552.0,0.01949,1353226.0
1753504304030,04:31:44.030,ANIME/USDT:USDT,0.01946,194709.0,0.01945,1468682.0,0.01948,123552.0,0.01949,1353226.0
1753504304181,04:31:44.181,ANIME/USDT:USDT,0.01946,194709.0,0.01945,1468682.0,0.01948,123552.0,0.01949,1353226.0
1753504304331,04:31:44.331,ANIME/USDT:USDT,0.01946,194709.0,0.01945,1468682.0,0.01948,123552.0,0.01949,1353226.0
1753504304481,04:31:44.481,ANIME/USDT:USDT,0.01946,191485.0,0.01945,1468682.0,0.01948,123552.0,0.01949,1353226.0
1753504304631,04:31:44.631,ANIME/USDT:USDT,0.01946,191485.0,0.01945,1468682.0,0.01948,123552.0,0.01949,1353226.0
1753504304781,04:31:44.781,ANIME/USDT:USDT,0.01946,191485.0,0.01945,1468682.0,0.01948,123552.0,0.01949,1353226.0
1753504304931,04:31:44.931,ANIME/USDT:USDT,0.01946,191485.0,0.01945,1468682.0,0.01948,123552.0,0.01949,1353226.0
1753504305081,04:31:45.081,ANIME/USDT:USDT,0.01946,191485.0,0.01945,1468682.0,0.01948,126776.0,0.01949,1353226.0
1753504305231,04:31:45.231,ANIME/USDT:USDT,0.01946,191485.0,0.01945,1468682.0,0.01948,126776.0,0.01949,1353226.0
1753504305381,04:31:45.381,ANIME/USDT:USDT,0.01946,191485.0,0.01945,1468682.0,0.01948,126776.0,0.01949,1353226.0
1753504305531,04:31:45.531,ANIME/USDT:USDT,0.01946,191485.0,0.01945,1468682.0,0.01948,126776.0,0.01949,1353226.0
1753504305681,04:31:45.681,ANIME/USDT:USDT,0.01946,191485.0,0.01945,1468682.0,0.01948,126776.0,0.01949,1353226.0
1753504305831,04:31:45.831,ANIME/USDT:USDT,0.01946,191485.0,0.01945,1468682.0,0.01948,123552.0,0.01949,1353226.0
1753504305982,04:31:45.982,ANIME/USDT:USDT,0.01946,191485.0,0.01945,1468682.0,0.01948,123552.0,0.01949,1353226.0
1753504306132,04:31:46.132,ANIME/USDT:USDT,0.01946,191485.0,0.01945,1468682.0,0.01948,123552.0,0.01949,1353226.0
1753504306282,04:31:46.282,ANIME/USDT:USDT,0.01946,191485.0,0.01945,1468682.0,0.01948,123552.0,0.01949,1353226.0
1753504306432,04:31:46.432,ANIME/USDT:USDT,0.01946,191485.0,0.01945,1468682.0,0.01948,126776.0,0.01949,1353226.0
1753504306582,04:31:46.582,ANIME/USDT:USDT,0.01946,191485.0,0.01945,1468682.0,0.01948,126776.0,0.01949,1353226.0
1753504306732,04:31:46.732,ANIME/USDT:USDT,0.01946,191485.0,0.01945,1468682.0,0.01948,126776.0,0.01949,1353226.0
1753504306882,04:31:46.882,ANIME/USDT:USDT,0.01946,191485.0,0.01945,1468682.0,0.01948,126776.0,0.01949,1353226.0
1753504307032,04:31:47.032,ANIME/USDT:USDT,0.01946,191485.0,0.01945,1468682.0,0.01948,126776.0,0.01949,1353226.0
1753504307182,04:31:47.182,ANIME/USDT:USDT,0.01946,191485.0,0.01945,729456.0,0.01948,126776.0,0.01949,1353226.0
1753504307332,04:31:47.332,ANIME/USDT:USDT,0.01946,78591.0,0.01945,729456.0,0.01948,126776.0,0.01949,1353226.0
1753504307482,04:31:47.482,ANIME/USDT:USDT,0.01946,15149.0,0.01945,729456.0,0.01947,16996.0,0.01948,241525.0
1753504307632,04:31:47.632,ANIME/USDT:USDT,0.01946,78591.0,0.01945,330533.0,0.01947,16996.0,0.01948,269773.0
1753504307783,04:31:47.783,ANIME/USDT:USDT,0.01946,78591.0,0.01945,330533.0,0.01947,16996.0,0.01948,269773.0
1753504307933,04:31:47.933,ANIME/USDT:USDT,0.01946,78591.0,0.01945,330533.0,0.01947,16996.0,0.01948,269773.0
1753504308083,04:31:48.083,ANIME/USDT:USDT,0.01946,78591.0,0.01945,330533.0,0.01947,16996.0,0.01948,269773.0
1753504308233,04:31:48.233,ANIME/USDT:USDT,0.01946,78591.0,0.01945,330533.0,0.01947,16996.0,0.01948,269773.0
1753504308383,04:31:48.383,ANIME/USDT:USDT,0.01946,78591.0,0.01945,330533.0,0.01947,16996.0,0.01948,269773.0
1753504308533,04:31:48.533,ANIME/USDT:USDT,0.01946,78591.0,0.01945,330533.0,0.01947,16996.0,0.01948,269773.0
1753504308683,04:31:48.683,ANIME/USDT:USDT,0.01946,78591.0,0.01945,330533.0,0.01947,16996.0,0.01948,269773.0
1753504308833,04:31:48.833,ANIME/USDT:USDT,0.01946,78591.0,0.01945,330533.0,0.01947,16996.0,0.01948,269773.0
1753504308983,04:31:48.983,ANIME/USDT:USDT,0.01946,78591.0,0.01945,330533.0,0.01947,16996.0,0.01948,269773.0
1753504309133,04:31:49.133,ANIME/USDT:USDT,0.01946,78591.0,0.01945,330533.0,0.01947,16996.0,0.01948,269773.0
1753504309283,04:31:49.283,ANIME/USDT:USDT,0.01946,78591.0,0.01945,330533.0,0.01947,16996.0,0.01948,269773.0
1753504309433,04:31:49.433,ANIME/USDT:USDT,0.01946,78591.0,0.01945,330533.0,0.01947,16996.0,0.01948,269773.0
1753504309584,04:31:49.584,ANIME/USDT:USDT,0.01946,78591.0,0.01945,330533.0,0.01947,16996.0,0.01948,269773.0
1753504309734,04:31:49.734,ANIME/USDT:USDT,0.01946,78591.0,0.01945,330533.0,0.01947,16996.0,0.01948,269773.0
1753504309884,04:31:49.884,ANIME/USDT:USDT,0.01946,78591.0,0.01945,330533.0,0.01947,16996.0,0.01948,269773.0
1753504310034,04:31:50.034,ANIME/USDT:USDT,0.01946,78591.0,0.01945,330533.0,0.01947,16996.0,0.01948,269773.0
1753504310184,04:31:50.184,ANIME/USDT:USDT,0.01946,78591.0,0.01945,330533.0,0.01947,16996.0,0.01948,269773.0
1753504310334,04:31:50.334,ANIME/USDT:USDT,0.01946,78591.0,0.01945,330533.0,0.01947,16996.0,0.01948,269773.0
1753504310484,04:31:50.484,ANIME/USDT:USDT,0.01946,78591.0,0.01945,330533.0,0.01947,16996.0,0.01948,269773.0
1753504310634,04:31:50.634,ANIME/USDT:USDT,0.01946,78591.0,0.01945,330533.0,0.01947,16996.0,0.01948,269773.0
1753504310784,04:31:50.784,ANIME/USDT:USDT,0.01946,78591.0,0.01945,330533.0,0.01947,16996.0,0.01948,269773.0
1753504310934,04:31:50.934,ANIME/USDT:USDT,0.01946,78591.0,0.01945,330533.0,0.01947,16996.0,0.01948,269773.0
1753504311084,04:31:51.084,ANIME/USDT:USDT,0.01946,78591.0,0.01945,330533.0,0.01947,16996.0,0.01948,269773.0
1753504311235,04:31:51.235,ANIME/USDT:USDT,0.01946,78591.0,0.01945,330533.0,0.01947,16996.0,0.01948,269773.0
1753504311385,04:31:51.385,ANIME/USDT:USDT,0.01946,78591.0,0.01945,330533.0,0.01947,16996.0,0.01948,269773.0
1753504311535,04:31:51.535,ANIME/USDT:USDT,0.01946,78591.0,0.01945,330533.0,0.01947,16996.0,0.01948,269773.0
1753504311685,04:31:51.685,ANIME/USDT:USDT,0.01946,78591.0,0.01945,330533.0,0.01947,16996.0,0.01948,269773.0
1753504311835,04:31:51.835,ANIME/USDT:USDT,0.01946,78591.0,0.01945,330533.0,0.01947,16996.0,0.01948,269773.0
1753504311985,04:31:51.985,ANIME/USDT:USDT,0.01946,78591.0,0.01945,330533.0,0.01947,16996.0,0.01948,269773.0
1753504312135,04:31:52.135,ANIME/USDT:USDT,0.01946,78591.0,0.01945,330533.0,0.01947,16996.0,0.01948,269773.0
1753504312285,04:31:52.285,ANIME/USDT:USDT,0.01946,78591.0,0.01945,330533.0,0.01947,16996.0,0.01948,269773.0
1753504312435,04:31:52.435,ANIME/USDT:USDT,0.01946,78591.0,0.01945,330533.0,0.01947,16996.0,0.01948,269773.0
1753504312585,04:31:52.585,ANIME/USDT:USDT,0.01946,78591.0,0.01945,330533.0,0.01947,16996.0,0.01948,269773.0
1753504312736,04:31:52.736,ANIME/USDT:USDT,0.01946,78591.0,0.01945,330533.0,0.01947,16996.0,0.01948,269773.0
1753504312886,04:31:52.886,ANIME/USDT:USDT,0.01946,78591.0,0.01945,330533.0,0.01947,16996.0,0.01948,269773.0
1753504313036,04:31:53.036,ANIME/USDT:USDT,0.01946,78591.0,0.01945,330533.0,0.01947,16996.0,0.01948,269773.0
1753504313186,04:31:53.186,ANIME/USDT:USDT,0.01946,78591.0,0.01945,330533.0,0.01947,16996.0,0.01948,269773.0
1753504313336,04:31:53.336,ANIME/USDT:USDT,0.01946,78591.0,0.01945,330533.0,0.01947,16996.0,0.01948,269773.0
1753504313486,04:31:53.486,ANIME/USDT:USDT,0.01946,78591.0,0.01945,330533.0,0.01947,56996.0,0.01948,269773.0
1753504313636,04:31:53.636,ANIME/USDT:USDT,0.01946,78591.0,0.01945,330533.0,0.01947,56996.0,0.01948,269773.0
1753504313786,04:31:53.786,ANIME/USDT:USDT,0.01946,78591.0,0.01945,330533.0,0.01947,56996.0,0.01948,269773.0
1753504313936,04:31:53.936,ANIME/USDT:USDT,0.01946,78591.0,0.01945,330533.0,0.01947,56996.0,0.01948,269773.0
1753504314086,04:31:54.086,ANIME/USDT:USDT,0.01946,78591.0,0.01945,330533.0,0.01947,56996.0,0.01948,269773.0
1753504314236,04:31:54.236,ANIME/USDT:USDT,0.01946,78591.0,0.01945,330533.0,0.01947,56996.0,0.01948,269773.0
1753504314386,04:31:54.386,ANIME/USDT:USDT,0.01946,78591.0,0.01945,330533.0,0.01947,56996.0,0.01948,269773.0
1753504314537,04:31:54.537,ANIME/USDT:USDT,0.01946,78591.0,0.01945,330533.0,0.01947,56996.0,0.01948,269773.0
1753504314687,04:31:54.687,ANIME/USDT:USDT,0.01946,78591.0,0.01945,330533.0,0.01947,71245.0,0.01948,269773.0
1753504314837,04:31:54.837,ANIME/USDT:USDT,0.01946,78591.0,0.01945,330533.0,0.01947,71245.0,0.01948,269773.0
1753504314987,04:31:54.987,ANIME/USDT:USDT,0.01946,78591.0,0.01945,330533.0,0.01947,71245.0,0.01948,269773.0
1753504315137,04:31:55.137,ANIME/USDT:USDT,0.01946,78591.0,0.01945,330533.0,0.01947,71245.0,0.01948,269773.0
1753504315287,04:31:55.287,ANIME/USDT:USDT,0.01946,78591.0,0.01945,330533.0,0.01947,71245.0,0.01948,269773.0
1753504315437,04:31:55.437,ANIME/USDT:USDT,0.01946,78591.0,0.01945,330533.0,0.01947,71245.0,0.01948,269773.0
1753504315587,04:31:55.587,ANIME/USDT:USDT,0.01946,78591.0,0.01945,330533.0,0.01947,71245.0,0.01948,269773.0
1753504315737,04:31:55.737,ANIME/USDT:USDT,0.01946,78591.0,0.01945,330533.0,0.01947,71245.0,0.01948,269773.0
1753504315887,04:31:55.887,ANIME/USDT:USDT,0.01946,78591.0,0.01945,330533.0,0.01947,71245.0,0.01948,269773.0
1753504316037,04:31:56.037,ANIME/USDT:USDT,0.01946,78591.0,0.01945,330533.0,0.01947,71245.0,0.01948,269773.0
1753504316188,04:31:56.188,ANIME/USDT:USDT,0.01946,78591.0,0.01945,330533.0,0.01947,71245.0,0.01948,269773.0
1753504316338,04:31:56.338,ANIME/USDT:USDT,0.01946,78591.0,0.01945,330533.0,0.01947,31245.0,0.01948,269773.0
1753504316488,04:31:56.488,ANIME/USDT:USDT,0.01946,78591.0,0.01945,330533.0,0.01947,31245.0,0.01948,269773.0
1753504316638,04:31:56.638,ANIME/USDT:USDT,0.01946,78591.0,0.01945,330533.0,0.01947,31245.0,0.01948,269773.0
1753504316788,04:31:56.788,ANIME/USDT:USDT,0.01946,78591.0,0.01945,330533.0,0.01947,31245.0,0.01948,269773.0
1753504316938,04:31:56.938,ANIME/USDT:USDT,0.01946,78591.0,0.01945,330533.0,0.01947,31245.0,0.01948,269773.0
1753504317088,04:31:57.088,ANIME/USDT:USDT,0.01946,78591.0,0.01945,330533.0,0.01947,31245.0,0.01948,269773.0
1753504317238,04:31:57.238,ANIME/USDT:USDT,0.01946,78591.0,0.01945,330533.0,0.01947,31245.0,0.01948,269773.0
1753504317388,04:31:57.388,ANIME/USDT:USDT,0.01946,78591.0,0.01945,330533.0,0.01947,31245.0,0.01948,269773.0
1753504317538,04:31:57.538,ANIME/USDT:USDT,0.01946,78591.0,0.01945,330533.0,0.01947,31245.0,0.01948,269773.0
1753504317688,04:31:57.688,ANIME/USDT:USDT,0.01946,78591.0,0.01945,330533.0,0.01947,31245.0,0.01948,269773.0
1753504317838,04:31:57.838,ANIME/USDT:USDT,0.01946,78591.0,0.01945,330533.0,0.01947,31245.0,0.01948,269773.0
1753504317989,04:31:57.989,ANIME/USDT:USDT,0.01946,78591.0,0.01945,330533.0,0.01947,31245.0,0.01948,269773.0
1753504318139,04:31:58.139,ANIME/USDT:USDT,0.01946,78591.0,0.01945,330533.0,0.01947,31245.0,0.01948,269773.0
1753504318289,04:31:58.289,ANIME/USDT:USDT,0.01946,78591.0,0.01945,330533.0,0.01947,31245.0,0.01948,269773.0
1753504318439,04:31:58.439,ANIME/USDT:USDT,0.01946,78591.0,0.01945,330533.0,0.01947,31245.0,0.01948,269773.0
1753504318589,04:31:58.589,ANIME/USDT:USDT,0.01946,78591.0,0.01945,330533.0,0.01947,31245.0,0.01948,269773.0
1753504318739,04:31:58.739,ANIME/USDT:USDT,0.01946,78591.0,0.01945,330533.0,0.01947,31245.0,0.01948,269773.0
1753504318889,04:31:58.889,ANIME/USDT:USDT,0.01946,78591.0,0.01945,330533.0,0.01947,31245.0,0.01948,269773.0
1753504319039,04:31:59.039,ANIME/USDT:USDT,0.01946,78591.0,0.01945,330533.0,0.01947,31245.0,0.01948,269773.0
1753504319189,04:31:59.189,ANIME/USDT:USDT,0.01946,78591.0,0.01945,330533.0,0.01947,31245.0,0.01948,269773.0
1753504319339,04:31:59.339,ANIME/USDT:USDT,0.01946,78591.0,0.01945,330533.0,0.01947,31245.0,0.01948,278329.0
1753504319489,04:31:59.489,ANIME/USDT:USDT,0.01946,78591.0,0.01945,330533.0,0.01947,31245.0,0.01948,280374.0
1753504319639,04:31:59.639,ANIME/USDT:USDT,0.01946,78591.0,0.01945,330533.0,0.01947,31245.0,0.01948,278329.0
1753504319789,04:31:59.789,ANIME/USDT:USDT,0.01946,78591.0,0.01945,330533.0,0.01947,31245.0,0.01948,284954.0
1753504319940,04:31:59.940,ANIME/USDT:USDT,0.01946,78591.0,0.01945,330533.0,0.01947,31245.0,0.01948,284954.0
1753504320090,04:32:00.090,ANIME/USDT:USDT,0.01946,78591.0,0.01945,330533.0,0.01947,31245.0,0.01948,284954.0
1753504320240,04:32:00.240,ANIME/USDT:USDT,0.01946,78591.0,0.01945,330533.0,0.01947,31245.0,0.01948,284954.0
1753504320390,04:32:00.390,ANIME/USDT:USDT,0.01946,78591.0,0.01945,330533.0,0.01947,71245.0,0.01948,299754.0
1753504320540,04:32:00.540,ANIME/USDT:USDT,0.01946,78591.0,0.01945,330533.0,0.01947,114469.0,0.01948,457799.0
1753504320690,04:32:00.690,ANIME/USDT:USDT,0.01946,78591.0,0.01945,330533.0,0.01947,111245.0,0.01948,477835.0
1753504320840,04:32:00.840,ANIME/USDT:USDT,0.01946,78591.0,0.01945,330533.0,0.01947,111245.0,0.01948,475790.0
1753504320990,04:32:00.990,ANIME/USDT:USDT,0.01946,78591.0,0.01945,330533.0,0.01947,111245.0,0.01948,490724.0
1753504321140,04:32:01.140,ANIME/USDT:USDT,0.01946,78591.0,0.01945,330533.0,0.01947,111245.0,0.01948,490724.0
1753504321290,04:32:01.290,ANIME/USDT:USDT,0.01946,78591.0,0.01945,330533.0,0.01947,111245.0,0.01948,1005943.0
1753504321440,04:32:01.440,ANIME/USDT:USDT,0.01946,78591.0,0.01945,330533.0,0.01947,111245.0,0.01948,1005943.0
1753504321591,04:32:01.591,ANIME/USDT:USDT,0.01946,78591.0,0.01945,330533.0,0.01947,111245.0,0.01948,1005943.0
1753504321741,04:32:01.741,ANIME/USDT:USDT,0.01946,78591.0,0.01945,330533.0,0.01947,111245.0,0.01948,1005943.0
1753504321891,04:32:01.891,ANIME/USDT:USDT,0.01946,78591.0,0.01945,330533.0,0.01947,111245.0,0.01948,1005943.0
1753504322041,04:32:02.041,ANIME/USDT:USDT,0.01946,78591.0,0.01945,330533.0,0.01947,111245.0,0.01948,1005943.0
1753504322191,04:32:02.191,ANIME/USDT:USDT,0.01946,78591.0,0.01945,330533.0,0.01947,111245.0,0.01948,1403965.0
1753504322341,04:32:02.341,ANIME/USDT:USDT,0.01946,15149.0,0.01945,330533.0,0.01947,111245.0,0.01948,1403965.0
1753504322491,04:32:02.491,ANIME/USDT:USDT,0.01946,78591.0,0.01945,330533.0,0.01947,111245.0,0.01948,1403965.0
1753504322641,04:32:02.641,ANIME/USDT:USDT,0.01946,78591.0,0.01945,330533.0,0.01947,71245.0,0.01948,1403965.0
1753504322791,04:32:02.791,ANIME/USDT:USDT,0.01946,78591.0,0.01945,330533.0,0.01947,31245.0,0.01948,664571.0
1753504322941,04:32:02.941,ANIME/USDT:USDT,0.01946,78591.0,0.01945,330533.0,0.01947,31245.0,0.01948,664571.0
1753504323091,04:32:03.091,ANIME/USDT:USDT,0.01946,78591.0,0.01945,330533.0,0.01947,31245.0,0.01948,664571.0
1753504323241,04:32:03.241,ANIME/USDT:USDT,0.01946,78591.0,0.01945,330533.0,0.01947,31245.0,0.01948,664571.0
1753504323392,04:32:03.392,ANIME/USDT:USDT,0.01946,78591.0,0.01945,330533.0,0.01947,31245.0,0.01948,664571.0
1753504323542,04:32:03.542,ANIME/USDT:USDT,0.01946,78591.0,0.01945,330533.0,0.01947,31245.0,0.01948,664571.0
1753504323692,04:32:03.692,ANIME/USDT:USDT,0.01946,78591.0,0.01945,330533.0,0.01947,31245.0,0.01948,664571.0
1753504323842,04:32:03.842,ANIME/USDT:USDT,0.01946,78591.0,0.01945,330533.0,0.01947,31245.0,0.01948,664571.0
1753504323992,04:32:03.992,ANIME/USDT:USDT,0.01946,78591.0,0.01945,330533.0,0.01947,31245.0,0.01948,664571.0
1753504324142,04:32:04.142,ANIME/USDT:USDT,0.01946,78591.0,0.01945,330533.0,0.01947,31245.0,0.01948,664571.0
1753504324292,04:32:04.292,ANIME/USDT:USDT,0.01946,78591.0,0.01945,330533.0,0.01947,31245.0,0.01948,664571.0
1753504324442,04:32:04.442,ANIME/USDT:USDT,0.01946,78591.0,0.01945,330533.0,0.01947,31245.0,0.01948,664571.0
1753504324592,04:32:04.592,ANIME/USDT:USDT,0.01946,78591.0,0.01945,330533.0,0.01947,31245.0,0.01948,664571.0
1753504324742,04:32:04.742,ANIME/USDT:USDT,0.01946,78591.0,0.01945,330533.0,0.01947,31245.0,0.01948,664571.0
1753504324892,04:32:04.892,ANIME/USDT:USDT,0.01946,78591.0,0.01945,330533.0,0.01947,31245.0,0.01948,664571.0
1753504325042,04:32:05.042,ANIME/USDT:USDT,0.01946,78591.0,0.01945,330533.0,0.01947,31245.0,0.01948,664571.0
1753504325193,04:32:05.193,ANIME/USDT:USDT,0.01946,78591.0,0.01945,330533.0,0.01947,31245.0,0.01948,664571.0
1753504325343,04:32:05.343,ANIME/USDT:USDT,0.01946,78591.0,0.01945,330533.0,0.01947,31245.0,0.01948,664571.0
1753504325493,04:32:05.493,ANIME/USDT:USDT,0.01946,78591.0,0.01945,330533.0,0.01947,31245.0,0.01948,664571.0
1753504325643,04:32:05.643,ANIME/USDT:USDT,0.01946,78591.0,0.01945,330533.0,0.01947,31245.0,0.01948,664571.0
1753504325793,04:32:05.793,ANIME/USDT:USDT,0.01946,78591.0,0.01945,330533.0,0.01947,31245.0,0.01948,664571.0
1753504325943,04:32:05.943,ANIME/USDT:USDT,0.01946,78591.0,0.01945,330533.0,0.01947,31245.0,0.01948,664571.0
1753504326093,04:32:06.093,ANIME/USDT:USDT,0.01946,78591.0,0.01945,330533.0,0.01947,31245.0,0.01948,664571.0
1753504326243,04:32:06.243,ANIME/USDT:USDT,0.01946,78591.0,0.01945,330533.0,0.01947,31245.0,0.01948,664571.0
1753504326393,04:32:06.393,ANIME/USDT:USDT,0.01946,78591.0,0.01945,330533.0,0.01947,31245.0,0.01948,664571.0
1753504326543,04:32:06.543,ANIME/USDT:USDT,0.01946,78591.0,0.01945,330533.0,0.01947,31245.0,0.01948,664571.0
1753504326693,04:32:06.693,ANIME/USDT:USDT,0.01946,78591.0,0.01945,330533.0,0.01947,31245.0,0.01948,664571.0
1753504326843,04:32:06.843,ANIME/USDT:USDT,0.01946,78591.0,0.01945,330533.0,0.01947,31245.0,0.01948,664571.0
1753504326994,04:32:06.994,ANIME/USDT:USDT,0.01946,78591.0,0.01945,330533.0,0.01947,31245.0,0.01948,664571.0
1753504327144,04:32:07.144,ANIME/USDT:USDT,0.01946,78591.0,0.01945,330533.0,0.01947,31245.0,0.01948,664571.0
1753504327294,04:32:07.294,ANIME/USDT:USDT,0.01946,78591.0,0.01945,330533.0,0.01947,31245.0,0.01948,664571.0
1753504327444,04:32:07.444,ANIME/USDT:USDT,0.01946,78591.0,0.01945,330533.0,0.01947,31245.0,0.01948,664571.0
1753504327594,04:32:07.594,ANIME/USDT:USDT,0.01946,78591.0,0.01945,330533.0,0.01947,31245.0,0.01948,664571.0
1753504327744,04:32:07.744,ANIME/USDT:USDT,0.01946,78591.0,0.01945,330533.0,0.01947,31245.0,0.01948,664571.0
1753504327894,04:32:07.894,ANIME/USDT:USDT,0.01946,78591.0,0.01945,330533.0,0.01947,31245.0,0.01948,664571.0
1753504328044,04:32:08.044,ANIME/USDT:USDT,0.01946,78591.0,0.01945,330533.0,0.01947,31245.0,0.01948,664571.0
1753504328194,04:32:08.194,ANIME/USDT:USDT,0.01946,78591.0,0.01945,330533.0,0.01947,31245.0,0.01948,664571.0
1753504328344,04:32:08.344,ANIME/USDT:USDT,0.01946,78591.0,0.01945,330533.0,0.01947,31245.0,0.01948,664571.0
1753504328494,04:32:08.494,ANIME/USDT:USDT,0.01946,78591.0,0.01945,330533.0,0.01947,31245.0,0.01948,664571.0
1753504328645,04:32:08.645,ANIME/USDT:USDT,0.01946,78591.0,0.01945,330533.0,0.01947,31245.0,0.01948,664571.0
1753504328795,04:32:08.795,ANIME/USDT:USDT,0.01946,78591.0,0.01945,330533.0,0.01947,31245.0,0.01948,1403976.0
1753504328945,04:32:08.945,ANIME/USDT:USDT,0.01946,78591.0,0.01945,330533.0,0.01947,31245.0,0.01948,1403976.0
1753504329095,04:32:09.095,ANIME/USDT:USDT,0.01946,78591.0,0.01945,330533.0,0.01947,31245.0,0.01948,1403976.0
1753504329245,04:32:09.245,ANIME/USDT:USDT,0.01946,78591.0,0.01945,330533.0,0.01947,31245.0,0.01948,1403976.0
1753504329395,04:32:09.395,ANIME/USDT:USDT,0.01946,78591.0,0.01945,330533.0,0.01947,31245.0,0.01948,1403976.0
1753504329545,04:32:09.545,ANIME/USDT:USDT,0.01946,78591.0,0.01945,330533.0,0.01947,31245.0,0.01948,1403976.0
1753504329695,04:32:09.695,ANIME/USDT:USDT,0.01946,78591.0,0.01945,330533.0,0.01947,31245.0,0.01948,1403976.0
1753504329845,04:32:09.845,ANIME/USDT:USDT,0.01946,78591.0,0.01945,330533.0,0.01947,31245.0,0.01948,1403976.0
1753504329995,04:32:09.995,ANIME/USDT:USDT,0.01946,78591.0,0.01945,330533.0,0.01947,31245.0,0.01948,1403976.0
1753504330145,04:32:10.145,ANIME/USDT:USDT,0.01946,78591.0,0.01945,330533.0,0.01947,31245.0,0.01948,1403976.0
1753504330295,04:32:10.295,ANIME/USDT:USDT,0.01946,78591.0,0.01945,330533.0,0.01947,31245.0,0.01948,1403976.0
1753504330446,04:32:10.446,ANIME/USDT:USDT,0.01946,78591.0,0.01945,330533.0,0.01947,31245.0,0.01948,1403976.0
1753504330596,04:32:10.596,ANIME/USDT:USDT,0.01946,78591.0,0.01945,330533.0,0.01947,31245.0,0.01948,1403976.0
1753504330746,04:32:10.746,ANIME/USDT:USDT,0.01946,78591.0,0.01945,330533.0,0.01947,31245.0,0.01948,1403976.0
1753504330896,04:32:10.896,ANIME/USDT:USDT,0.01946,78591.0,0.01945,330533.0,0.01947,31245.0,0.01948,1403976.0
1753504331046,04:32:11.046,ANIME/USDT:USDT,0.01946,78591.0,0.01945,330533.0,0.01947,31245.0,0.01948,1403976.0
1753504331196,04:32:11.196,ANIME/USDT:USDT,0.01946,15149.0,0.01945,330533.0,0.01947,94687.0,0.01948,1403976.0
1753504331346,04:32:11.346,ANIME/USDT:USDT,0.01946,15149.0,0.01945,330533.0,0.01947,94687.0,0.01948,1403976.0
1753504331496,04:32:11.496,ANIME/USDT:USDT,0.01946,15149.0,0.01945,330533.0,0.01947,97911.0,0.01948,1403976.0
1753504331646,04:32:11.646,ANIME/USDT:USDT,0.01946,15149.0,0.01945,330533.0,0.01947,97911.0,0.01948,1403976.0
1753504331796,04:32:11.796,ANIME/USDT:USDT,0.01946,15149.0,0.01945,330533.0,0.01947,97911.0,0.01948,1403976.0
1753504331946,04:32:11.946,ANIME/USDT:USDT,0.01946,15149.0,0.01945,330533.0,0.01947,97911.0,0.01948,1403976.0
1753504332096,04:32:12.096,ANIME/USDT:USDT,0.01946,15149.0,0.01945,330533.0,0.01947,97911.0,0.01948,1403976.0
1753504332247,04:32:12.247,ANIME/USDT:USDT,0.01946,15149.0,0.01945,330533.0,0.01947,97911.0,0.01948,1403976.0
1753504332397,04:32:12.397,ANIME/USDT:USDT,0.01946,15149.0,0.01945,330533.0,0.01947,97911.0,0.01948,1403976.0
1753504332547,04:32:12.547,ANIME/USDT:USDT,0.01946,15149.0,0.01945,330533.0,0.01947,97911.0,0.01948,1403976.0
1753504332697,04:32:12.697,ANIME/USDT:USDT,0.01946,15149.0,0.01945,330533.0,0.01947,97911.0,0.01948,1403976.0
1753504332847,04:32:12.847,ANIME/USDT:USDT,0.01946,15149.0,0.01945,330533.0,0.01947,97911.0,0.01948,1403976.0
