timestamp,time,symbol,bid1_price,bid1_volume,bid2_price,bid2_volume,ask1_price,ask1_volume,ask2_price,ask2_volume
1753504007677,04:26:47.677,AAVE/USDT:USDT,297.24,12.5,297.23,20.7,297.25,17.3,297.26,1.8
1753504007721,04:26:47.721,AAVE/USDT:USDT,297.24,12.5,297.23,20.7,297.25,17.3,297.26,1.8
1753504007823,04:26:47.823,AAVE/USDT:USDT,297.24,10.7,297.23,20.7,297.25,17.3,297.26,1.8
1753504007958,04:26:47.958,AAVE/USDT:USDT,297.24,10.7,297.23,20.7,297.25,17.3,297.26,1.8
1753504008248,04:26:48.248,AAVE/USDT:USDT,297.24,10.7,297.23,20.7,297.25,17.3,297.26,1.8
1753504008354,04:26:48.354,AAVE/USDT:USDT,297.24,10.7,297.23,20.7,297.25,17.3,297.26,2.0
1753504008471,04:26:48.471,AAVE/USDT:USDT,297.24,10.7,297.23,20.7,297.25,18.5,297.26,2.0
1753504008602,04:26:48.602,AAVE/USDT:USDT,297.24,10.7,297.23,20.7,297.25,18.5,297.26,2.0
1753504008706,04:26:48.706,AAVE/USDT:USDT,297.24,12.5,297.23,20.7,297.25,18.5,297.26,2.0
1753504008808,04:26:48.808,AAVE/USDT:USDT,297.24,10.7,297.23,20.7,297.25,18.5,297.26,1.8
1753504009052,04:26:49.052,AAVE/USDT:USDT,297.24,10.7,297.23,19.9,297.25,18.5,297.26,1.8
1753504009156,04:26:49.156,AAVE/USDT:USDT,297.24,11.5,297.23,19.9,297.25,18.5,297.26,1.8
1753504009259,04:26:49.259,AAVE/USDT:USDT,297.24,11.5,297.23,19.9,297.25,18.5,297.26,1.8
1753504009404,04:26:49.404,AAVE/USDT:USDT,297.24,11.5,297.23,20.0,297.25,18.5,297.26,1.8
1753504009567,04:26:49.567,AAVE/USDT:USDT,297.24,11.5,297.23,20.0,297.25,18.5,297.26,1.8
1753504009669,04:26:49.669,AAVE/USDT:USDT,297.24,11.5,297.23,20.0,297.25,18.5,297.26,1.8
1753504009770,04:26:49.770,AAVE/USDT:USDT,297.24,11.5,297.23,20.0,297.25,18.5,297.26,1.8
1753504010070,04:26:50.070,AAVE/USDT:USDT,297.24,11.6,297.23,24.3,297.25,18.5,297.26,1.8
1753504010173,04:26:50.173,AAVE/USDT:USDT,297.24,11.6,297.23,24.3,297.25,18.5,297.26,1.8
1753504010279,04:26:50.279,AAVE/USDT:USDT,297.27,28.4,297.26,28.5,297.28,1.3,297.29,0.2
1753504010380,04:26:50.380,AAVE/USDT:USDT,297.31,39.6,297.3,13.3,297.32,0.1,297.33,0.6
1753504010483,04:26:50.483,AAVE/USDT:USDT,297.31,39.6,297.3,13.3,297.32,3.3,297.33,0.6
1753504010585,04:26:50.585,AAVE/USDT:USDT,297.31,39.5,297.3,13.3,297.32,3.3,297.33,0.6
1753504010689,04:26:50.689,AAVE/USDT:USDT,297.31,40.3,297.3,13.3,297.32,3.5,297.33,0.6
1753504010794,04:26:50.794,AAVE/USDT:USDT,297.31,40.3,297.3,13.3,297.32,3.5,297.33,0.6
1753504010900,04:26:50.900,AAVE/USDT:USDT,297.31,40.3,297.3,13.3,297.32,3.5,297.33,0.6
1753504011012,04:26:51.012,AAVE/USDT:USDT,297.31,39.5,297.3,13.3,297.32,3.5,297.33,0.6
1753504011114,04:26:51.114,AAVE/USDT:USDT,297.31,39.5,297.3,13.3,297.32,3.5,297.33,0.6
1753504011221,04:26:51.221,AAVE/USDT:USDT,297.31,39.5,297.3,13.3,297.32,3.5,297.33,0.6
1753504011353,04:26:51.353,AAVE/USDT:USDT,297.31,39.5,297.3,13.3,297.32,3.6,297.33,0.6
1753504011456,04:26:51.456,AAVE/USDT:USDT,297.31,39.5,297.3,13.3,297.32,3.6,297.33,0.6
1753504011559,04:26:51.559,AAVE/USDT:USDT,297.31,43.7,297.3,20.7,297.32,3.6,297.33,0.6
1753504011663,04:26:51.663,AAVE/USDT:USDT,297.31,43.7,297.3,20.7,297.32,3.6,297.33,0.6
1753504011776,04:26:51.776,AAVE/USDT:USDT,297.32,18.4,297.31,17.5,297.33,1.4,297.34,0.4
1753504011878,04:26:51.878,AAVE/USDT:USDT,297.32,18.0,297.31,17.1,297.33,1.4,297.34,0.4
1753504011982,04:26:51.982,AAVE/USDT:USDT,297.32,18.4,297.31,17.1,297.33,0.7,297.34,0.4
1753504012090,04:26:52.090,AAVE/USDT:USDT,297.32,18.4,297.31,17.1,297.33,0.7,297.34,0.4
1753504012195,04:26:52.195,AAVE/USDT:USDT,297.32,18.4,297.31,17.1,297.33,0.7,297.34,0.4
1753504012300,04:26:52.300,AAVE/USDT:USDT,297.32,18.4,297.31,17.1,297.33,0.7,297.34,0.4
1753504012403,04:26:52.403,AAVE/USDT:USDT,297.32,18.4,297.31,17.3,297.33,0.7,297.34,0.4
1753504012506,04:26:52.506,AAVE/USDT:USDT,297.32,18.4,297.31,17.3,297.33,0.7,297.34,0.4
1753504012608,04:26:52.608,AAVE/USDT:USDT,297.32,18.4,297.31,17.3,297.33,0.7,297.34,0.4
1753504012713,04:26:52.713,AAVE/USDT:USDT,297.32,18.4,297.31,17.3,297.33,0.7,297.34,0.4
1753504012820,04:26:52.820,AAVE/USDT:USDT,297.33,31.4,297.32,13.8,297.34,2.8,297.35,6.4
1753504012923,04:26:52.923,AAVE/USDT:USDT,297.34,29.5,297.33,12.1,297.35,3.5,297.36,3.1
1753504013026,04:26:53.026,AAVE/USDT:USDT,297.34,27.0,297.33,7.9,297.35,7.1,297.36,3.1
1753504013129,04:26:53.129,AAVE/USDT:USDT,297.34,27.0,297.33,7.9,297.35,6.8,297.36,3.1
1753504013231,04:26:53.231,AAVE/USDT:USDT,297.34,27.0,297.33,7.9,297.35,6.8,297.36,3.1
1753504013333,04:26:53.333,AAVE/USDT:USDT,297.33,7.7,297.32,11.7,297.34,24.1,297.35,9.6
1753504013434,04:26:53.434,AAVE/USDT:USDT,297.33,7.8,297.32,11.7,297.34,15.3,297.35,11.8
1753504013638,04:26:53.638,AAVE/USDT:USDT,297.32,0.1,297.31,9.3,297.33,25.3,297.34,25.1
1753504013843,04:26:53.843,AAVE/USDT:USDT,297.31,5.7,297.3,3.2,297.32,34.5,297.33,19.5
1753504013946,04:26:53.946,AAVE/USDT:USDT,297.31,5.7,297.3,3.2,297.32,30.5,297.33,19.5
1753504014111,04:26:54.111,AAVE/USDT:USDT,297.31,5.7,297.3,3.2,297.32,30.5,297.33,19.5
1753504014421,04:26:54.421,AAVE/USDT:USDT,297.31,5.9,297.3,3.2,297.32,30.5,297.33,17.0
1753504014524,04:26:54.524,AAVE/USDT:USDT,297.31,5.9,297.3,3.2,297.32,30.5,297.33,17.0
1753504014626,04:26:54.626,AAVE/USDT:USDT,297.31,5.9,297.3,3.2,297.32,30.5,297.33,17.0
1753504014764,04:26:54.764,AAVE/USDT:USDT,297.31,5.9,297.3,3.2,297.32,30.5,297.33,20.3
1753504014868,04:26:54.868,AAVE/USDT:USDT,297.31,5.9,297.3,3.2,297.32,30.5,297.33,20.3
1753504014971,04:26:54.971,AAVE/USDT:USDT,297.31,5.9,297.3,3.2,297.32,30.5,297.33,20.3
1753504015111,04:26:55.111,AAVE/USDT:USDT,297.31,5.9,297.3,3.2,297.32,30.5,297.33,20.3
1753504015267,04:26:55.267,AAVE/USDT:USDT,297.31,5.9,297.3,3.2,297.32,30.5,297.33,20.3
1753504015421,04:26:55.421,AAVE/USDT:USDT,297.31,7.9,297.3,3.3,297.32,30.7,297.33,17.0
1753504015522,04:26:55.522,AAVE/USDT:USDT,297.31,9.6,297.3,3.3,297.32,19.6,297.33,14.1
1753504015653,04:26:55.653,AAVE/USDT:USDT,297.31,9.6,297.3,3.3,297.32,19.6,297.33,14.1
1753504015754,04:26:55.754,AAVE/USDT:USDT,297.31,8.1,297.3,3.3,297.32,19.6,297.33,14.1
1753504015859,04:26:55.859,AAVE/USDT:USDT,297.31,8.1,297.3,3.3,297.32,19.6,297.33,14.1
1753504015962,04:26:55.962,AAVE/USDT:USDT,297.31,8.1,297.3,3.3,297.32,19.6,297.33,14.1
1753504016064,04:26:56.064,AAVE/USDT:USDT,297.31,8.1,297.3,3.3,297.32,19.6,297.33,14.1
1753504016168,04:26:56.168,AAVE/USDT:USDT,297.31,8.9,297.3,3.3,297.32,19.6,297.33,14.1
1753504016273,04:26:56.273,AAVE/USDT:USDT,297.31,9.0,297.3,3.3,297.32,19.6,297.33,14.1
1753504016379,04:26:56.379,AAVE/USDT:USDT,297.31,13.4,297.3,8.0,297.32,0.3,297.33,14.1
1753504016485,04:26:56.485,AAVE/USDT:USDT,297.31,13.4,297.3,12.2,297.32,0.3,297.33,12.7
1753504016589,04:26:56.589,AAVE/USDT:USDT,297.31,13.4,297.3,12.2,297.32,0.3,297.33,3.7
1753504016691,04:26:56.691,AAVE/USDT:USDT,297.31,13.4,297.3,12.2,297.32,0.3,297.33,3.7
1753504016794,04:26:56.794,AAVE/USDT:USDT,297.31,13.4,297.3,12.2,297.32,0.3,297.33,3.7
1753504016898,04:26:56.898,AAVE/USDT:USDT,297.31,13.4,297.3,8.0,297.32,0.3,297.33,3.7
1753504017015,04:26:57.015,AAVE/USDT:USDT,297.31,13.4,297.3,13.9,297.32,0.3,297.33,0.1
1753504017118,04:26:57.118,AAVE/USDT:USDT,297.31,13.4,297.3,13.9,297.32,0.3,297.33,0.1
1753504017255,04:26:57.255,AAVE/USDT:USDT,297.31,13.4,297.3,13.9,297.32,0.3,297.33,0.1
1753504017402,04:26:57.402,AAVE/USDT:USDT,297.31,13.7,297.3,13.9,297.32,0.3,297.33,0.1
1753504017555,04:26:57.555,AAVE/USDT:USDT,297.31,13.7,297.3,13.9,297.32,0.3,297.33,0.1
1753504017658,04:26:57.658,AAVE/USDT:USDT,297.32,36.3,297.31,9.2,297.33,0.1,297.34,1.8
1753504017764,04:26:57.764,AAVE/USDT:USDT,297.34,20.0,297.33,18.5,297.35,2.5,297.36,3.1
1753504017865,04:26:57.865,AAVE/USDT:USDT,297.35,18.8,297.34,14.6,297.36,3.0,297.37,5.8
1753504017967,04:26:57.967,AAVE/USDT:USDT,297.35,12.9,297.34,11.9,297.36,8.5,297.37,5.8
1753504018071,04:26:58.071,AAVE/USDT:USDT,297.35,11.1,297.34,11.9,297.36,8.6,297.37,6.3
1753504018173,04:26:58.173,AAVE/USDT:USDT,297.35,11.1,297.34,11.9,297.36,8.6,297.37,6.3
1753504018292,04:26:58.292,AAVE/USDT:USDT,297.35,11.1,297.34,11.9,297.36,8.6,297.37,5.8
1753504018394,04:26:58.394,AAVE/USDT:USDT,297.35,11.1,297.34,11.9,297.36,5.0,297.37,6.3
1753504018609,04:26:58.609,AAVE/USDT:USDT,297.35,14.1,297.34,11.9,297.36,5.0,297.37,5.8
1753504018712,04:26:58.712,AAVE/USDT:USDT,297.35,12.3,297.34,11.9,297.36,6.7,297.37,6.3
1753504018819,04:26:58.819,AAVE/USDT:USDT,297.35,12.3,297.34,11.9,297.36,6.8,297.37,5.8
1753504018931,04:26:58.931,AAVE/USDT:USDT,297.35,15.8,297.34,11.9,297.36,3.2,297.37,5.8
1753504019033,04:26:59.033,AAVE/USDT:USDT,297.35,15.8,297.34,11.9,297.36,3.2,297.37,5.8
1753504019159,04:26:59.159,AAVE/USDT:USDT,297.37,1.7,297.36,43.2,297.38,29.8,297.39,4.7
1753504019361,04:26:59.361,AAVE/USDT:USDT,297.4,19.6,297.39,36.6,297.41,1.4,297.42,5.9
1753504019462,04:26:59.462,AAVE/USDT:USDT,297.42,14.0,297.41,14.1,297.43,21.6,297.44,1.9
1753504019563,04:26:59.563,AAVE/USDT:USDT,297.42,15.2,297.41,14.1,297.43,21.7,297.44,1.9
1753504019666,04:26:59.666,AAVE/USDT:USDT,297.42,23.2,297.41,14.1,297.43,21.6,297.44,1.9
1753504019769,04:26:59.769,AAVE/USDT:USDT,297.42,23.2,297.41,14.1,297.43,22.3,297.44,1.9
1753504019873,04:26:59.873,AAVE/USDT:USDT,297.42,23.2,297.41,14.1,297.43,22.3,297.44,1.9
1753504019980,04:26:59.980,AAVE/USDT:USDT,297.42,23.2,297.41,14.1,297.43,22.3,297.44,1.9
1753504020104,04:27:00.104,AAVE/USDT:USDT,297.42,23.2,297.41,14.1,297.43,22.3,297.44,1.8
1753504020208,04:27:00.208,AAVE/USDT:USDT,297.42,23.2,297.41,14.1,297.43,22.3,297.44,1.8
1753504020318,04:27:00.318,AAVE/USDT:USDT,297.42,23.2,297.41,12.3,297.43,22.4,297.44,1.8
1753504020419,04:27:00.419,AAVE/USDT:USDT,297.42,23.2,297.41,12.3,297.43,22.4,297.44,1.8
1753504020521,04:27:00.521,AAVE/USDT:USDT,297.42,23.2,297.41,12.3,297.43,22.4,297.44,1.8
1753504020624,04:27:00.624,AAVE/USDT:USDT,297.42,23.2,297.41,12.3,297.43,22.4,297.44,1.8
1753504020727,04:27:00.727,AAVE/USDT:USDT,297.42,23.2,297.41,12.3,297.43,22.4,297.44,1.8
1753504020839,04:27:00.839,AAVE/USDT:USDT,297.42,23.2,297.41,12.3,297.43,22.4,297.44,1.8
1753504020941,04:27:00.941,AAVE/USDT:USDT,297.42,23.2,297.41,12.3,297.43,22.4,297.44,1.8
1753504021050,04:27:01.050,AAVE/USDT:USDT,297.42,19.0,297.41,12.3,297.43,22.4,297.44,0.2
1753504021153,04:27:01.153,AAVE/USDT:USDT,297.42,17.2,297.41,12.3,297.43,21.9,297.44,0.2
1753504021256,04:27:01.256,AAVE/USDT:USDT,297.42,17.2,297.41,12.3,297.43,18.1,297.44,0.2
1753504021409,04:27:01.409,AAVE/USDT:USDT,297.42,17.2,297.41,12.3,297.43,18.1,297.44,0.2
1753504021511,04:27:01.511,AAVE/USDT:USDT,297.42,17.2,297.41,12.3,297.43,11.5,297.44,0.2
1753504021614,04:27:01.614,AAVE/USDT:USDT,297.42,17.2,297.41,12.3,297.43,11.5,297.44,0.2
1753504021728,04:27:01.728,AAVE/USDT:USDT,297.42,17.2,297.41,12.3,297.43,10.1,297.44,0.2
1753504021838,04:27:01.838,AAVE/USDT:USDT,297.43,28.8,297.42,21.8,297.44,0.1,297.45,1.8
1753504021939,04:27:01.939,AAVE/USDT:USDT,297.43,28.8,297.42,32.3,297.44,0.1,297.45,1.8
1753504022042,04:27:02.042,AAVE/USDT:USDT,297.44,25.6,297.43,16.6,297.45,1.8,297.46,3.7
1753504022145,04:27:02.145,AAVE/USDT:USDT,297.44,25.8,297.43,16.6,297.45,1.7,297.46,3.7
1753504022248,04:27:02.248,AAVE/USDT:USDT,297.44,33.7,297.43,16.6,297.45,1.7,297.46,3.7
1753504022356,04:27:02.356,AAVE/USDT:USDT,297.44,45.5,297.43,16.6,297.45,1.7,297.46,3.7
1753504022458,04:27:02.458,AAVE/USDT:USDT,297.44,45.5,297.43,28.5,297.45,1.7,297.46,3.7
1753504022559,04:27:02.559,AAVE/USDT:USDT,297.47,34.3,297.46,16.0,297.48,2.7,297.49,8.0
1753504022660,04:27:02.660,AAVE/USDT:USDT,297.47,13.3,297.46,16.1,297.48,2.7,297.49,7.9
1753504022763,04:27:02.763,AAVE/USDT:USDT,297.47,15.1,297.46,16.1,297.48,2.8,297.49,7.9
1753504022875,04:27:02.875,AAVE/USDT:USDT,297.47,13.2,297.46,16.0,297.48,6.4,297.49,7.9
1753504022994,04:27:02.994,AAVE/USDT:USDT,297.47,15.4,297.46,16.0,297.48,2.8,297.49,7.9
1753504023097,04:27:03.097,AAVE/USDT:USDT,297.47,16.2,297.46,16.0,297.48,2.8,297.49,7.9
1753504023198,04:27:03.198,AAVE/USDT:USDT,297.47,14.1,297.46,16.0,297.48,8.0,297.49,7.9
1753504023301,04:27:03.301,AAVE/USDT:USDT,297.47,14.1,297.46,16.0,297.48,8.0,297.49,7.9
1753504023407,04:27:03.407,AAVE/USDT:USDT,297.47,14.1,297.46,16.0,297.48,8.0,297.49,7.9
1753504023508,04:27:03.508,AAVE/USDT:USDT,297.47,16.3,297.46,16.0,297.48,8.0,297.49,7.9
1753504023610,04:27:03.610,AAVE/USDT:USDT,297.47,16.3,297.46,16.0,297.48,4.4,297.49,7.9
1753504023714,04:27:03.714,AAVE/USDT:USDT,297.47,16.3,297.46,16.0,297.48,8.0,297.49,7.9
1753504023818,04:27:03.818,AAVE/USDT:USDT,297.47,12.8,297.46,16.0,297.48,8.0,297.49,7.9
1753504023930,04:27:03.930,AAVE/USDT:USDT,297.47,14.6,297.46,16.0,297.48,8.0,297.49,7.9
1753504024109,04:27:04.109,AAVE/USDT:USDT,297.47,16.3,297.46,16.0,297.48,4.4,297.49,7.9
1753504024210,04:27:04.210,AAVE/USDT:USDT,297.47,16.3,297.46,16.0,297.48,4.4,297.49,7.9
1753504024319,04:27:04.319,AAVE/USDT:USDT,297.47,12.8,297.46,16.0,297.48,9.8,297.49,7.9
1753504024424,04:27:04.424,AAVE/USDT:USDT,297.47,12.8,297.46,16.0,297.48,9.8,297.49,7.9
1753504024532,04:27:04.532,AAVE/USDT:USDT,297.47,12.8,297.46,16.0,297.48,9.8,297.49,7.9
1753504024635,04:27:04.635,AAVE/USDT:USDT,297.47,12.8,297.46,16.0,297.48,9.8,297.49,7.9
1753504024737,04:27:04.737,AAVE/USDT:USDT,297.47,12.8,297.46,16.0,297.48,8.0,297.49,7.9
1753504024864,04:27:04.864,AAVE/USDT:USDT,297.47,12.8,297.46,16.0,297.48,8.0,297.49,7.9
1753504024969,04:27:04.969,AAVE/USDT:USDT,297.47,12.8,297.46,16.0,297.48,4.6,297.49,7.9
1753504025073,04:27:05.073,AAVE/USDT:USDT,297.47,12.8,297.46,16.0,297.48,4.6,297.49,7.9
1753504025176,04:27:05.176,AAVE/USDT:USDT,297.47,12.8,297.46,16.0,297.48,8.0,297.49,7.9
1753504025279,04:27:05.279,AAVE/USDT:USDT,297.47,12.7,297.46,16.0,297.48,8.0,297.49,7.9
1753504025403,04:27:05.403,AAVE/USDT:USDT,297.47,12.7,297.46,16.0,297.48,8.0,297.49,7.9
1753504025589,04:27:05.589,AAVE/USDT:USDT,297.47,12.7,297.46,16.0,297.48,8.0,297.49,7.0
1753504025692,04:27:05.692,AAVE/USDT:USDT,297.47,12.7,297.46,11.6,297.48,8.8,297.49,7.0
1753504025817,04:27:05.817,AAVE/USDT:USDT,297.47,12.7,297.46,11.6,297.48,8.8,297.49,4.1
1753504025925,04:27:05.925,AAVE/USDT:USDT,297.47,16.2,297.46,11.6,297.48,7.4,297.49,4.1
1753504026057,04:27:06.057,AAVE/USDT:USDT,297.47,17.2,297.46,11.6,297.48,7.5,297.49,4.1
1753504026161,04:27:06.161,AAVE/USDT:USDT,297.47,16.1,297.46,11.6,297.48,7.5,297.49,4.1
1753504026267,04:27:06.267,AAVE/USDT:USDT,297.47,16.1,297.46,11.6,297.48,7.5,297.49,4.1
1753504026385,04:27:06.385,AAVE/USDT:USDT,297.47,17.5,297.46,11.6,297.48,7.5,297.49,4.1
1753504026490,04:27:06.490,AAVE/USDT:USDT,297.47,17.0,297.46,11.6,297.48,7.8,297.49,4.1
1753504026618,04:27:06.618,AAVE/USDT:USDT,297.47,17.0,297.46,11.6,297.48,7.8,297.49,4.1
1753504026721,04:27:06.721,AAVE/USDT:USDT,297.47,17.0,297.46,11.6,297.48,7.8,297.49,4.1
1753504026867,04:27:06.867,AAVE/USDT:USDT,297.47,17.0,297.46,11.6,297.48,7.8,297.49,4.1
1753504026977,04:27:06.977,AAVE/USDT:USDT,297.47,17.0,297.46,11.6,297.48,7.8,297.49,4.1
1753504027084,04:27:07.084,AAVE/USDT:USDT,297.47,17.0,297.46,11.6,297.48,7.8,297.49,4.1
1753504027192,04:27:07.192,AAVE/USDT:USDT,297.47,17.0,297.46,11.6,297.48,7.8,297.49,4.1
1753504027302,04:27:07.302,AAVE/USDT:USDT,297.47,17.0,297.46,11.6,297.48,7.8,297.49,4.1
1753504027410,04:27:07.410,AAVE/USDT:USDT,297.47,3.2,297.46,0.6,297.48,15.4,297.49,8.6
1753504027512,04:27:07.512,AAVE/USDT:USDT,297.47,3.0,297.46,0.6,297.48,16.2,297.49,8.1
1753504027618,04:27:07.618,AAVE/USDT:USDT,297.47,2.9,297.46,0.6,297.48,16.2,297.49,8.1
1753504027720,04:27:07.720,AAVE/USDT:USDT,297.47,2.9,297.46,0.6,297.48,15.2,297.49,8.1
1753504027821,04:27:07.821,AAVE/USDT:USDT,297.47,2.7,297.46,0.6,297.48,15.5,297.49,10.3
1753504027927,04:27:07.927,AAVE/USDT:USDT,297.47,2.1,297.46,0.6,297.48,15.5,297.49,10.3
1753504028034,04:27:08.034,AAVE/USDT:USDT,297.47,2.1,297.46,0.6,297.48,15.5,297.49,10.3
1753504028136,04:27:08.136,AAVE/USDT:USDT,297.47,2.0,297.46,0.6,297.48,19.5,297.49,10.3
1753504028297,04:27:08.297,AAVE/USDT:USDT,297.47,1.7,297.46,0.6,297.48,19.5,297.49,10.3
1753504028399,04:27:08.399,AAVE/USDT:USDT,297.47,1.7,297.46,0.6,297.48,15.2,297.49,10.3
1753504028502,04:27:08.502,AAVE/USDT:USDT,297.47,1.1,297.46,0.6,297.48,15.4,297.49,10.8
1753504028611,04:27:08.611,AAVE/USDT:USDT,297.47,1.0,297.46,0.6,297.48,15.4,297.49,10.8
1753504028720,04:27:08.720,AAVE/USDT:USDT,297.47,1.0,297.46,0.6,297.48,15.4,297.49,10.8
1753504028823,04:27:08.823,AAVE/USDT:USDT,297.47,1.0,297.46,0.6,297.48,15.4,297.49,10.8
1753504028957,04:27:08.957,AAVE/USDT:USDT,297.47,0.5,297.46,0.6,297.48,15.4,297.49,10.8
1753504029063,04:27:09.063,AAVE/USDT:USDT,297.47,0.5,297.46,0.6,297.48,15.4,297.49,10.8
1753504029169,04:27:09.169,AAVE/USDT:USDT,297.47,0.5,297.46,0.6,297.48,15.4,297.49,10.8
1753504029275,04:27:09.275,AAVE/USDT:USDT,297.47,8.6,297.46,1.1,297.48,14.4,297.49,8.1
1753504029379,04:27:09.379,AAVE/USDT:USDT,297.47,8.6,297.46,1.1,297.48,14.4,297.49,8.1
1753504029480,04:27:09.480,AAVE/USDT:USDT,297.47,8.8,297.46,0.6,297.48,14.4,297.49,8.1
1753504029583,04:27:09.583,AAVE/USDT:USDT,297.47,8.8,297.46,0.6,297.48,14.4,297.49,8.1
1753504029685,04:27:09.685,AAVE/USDT:USDT,297.47,14.5,297.46,3.7,297.48,12.6,297.49,8.1
1753504029787,04:27:09.787,AAVE/USDT:USDT,297.47,14.5,297.46,3.7,297.48,8.3,297.49,8.1
1753504029896,04:27:09.896,AAVE/USDT:USDT,297.47,14.5,297.46,3.7,297.48,8.3,297.49,8.1
1753504030039,04:27:10.039,AAVE/USDT:USDT,297.47,14.5,297.46,3.7,297.48,8.3,297.49,8.1
1753504030141,04:27:10.141,AAVE/USDT:USDT,297.47,14.5,297.46,3.7,297.48,8.3,297.49,8.1
1753504030247,04:27:10.247,AAVE/USDT:USDT,297.47,14.5,297.46,3.7,297.48,8.3,297.49,8.1
1753504030350,04:27:10.350,AAVE/USDT:USDT,297.47,14.5,297.46,3.7,297.48,8.8,297.49,11.4
1753504030461,04:27:10.461,AAVE/USDT:USDT,297.47,13.9,297.46,3.7,297.48,8.7,297.49,11.4
1753504030565,04:27:10.565,AAVE/USDT:USDT,297.47,13.9,297.46,3.7,297.48,8.7,297.49,8.1
1753504030708,04:27:10.708,AAVE/USDT:USDT,297.47,13.9,297.46,3.7,297.48,8.7,297.49,8.1
1753504030813,04:27:10.813,AAVE/USDT:USDT,297.47,13.5,297.46,8.2,297.48,8.7,297.49,8.1
1753504030915,04:27:10.915,AAVE/USDT:USDT,297.47,13.9,297.46,3.7,297.48,10.9,297.49,11.4
1753504031017,04:27:11.017,AAVE/USDT:USDT,297.47,13.9,297.46,3.7,297.48,8.7,297.49,8.1
1753504031238,04:27:11.238,AAVE/USDT:USDT,297.47,14.5,297.46,8.2,297.48,8.7,297.49,8.1
1753504031343,04:27:11.343,AAVE/USDT:USDT,297.47,14.5,297.46,3.7,297.48,8.7,297.49,8.1
1753504031447,04:27:11.447,AAVE/USDT:USDT,297.47,14.4,297.46,3.7,297.48,7.4,297.49,8.1
1753504031550,04:27:11.550,AAVE/USDT:USDT,297.47,16.1,297.46,8.2,297.48,7.5,297.49,8.1
1753504031653,04:27:11.653,AAVE/USDT:USDT,297.47,16.1,297.46,8.2,297.48,7.5,297.49,8.1
1753504031756,04:27:11.756,AAVE/USDT:USDT,297.47,16.1,297.46,3.7,297.48,7.6,297.49,8.1
1753504031890,04:27:11.890,AAVE/USDT:USDT,297.47,16.1,297.46,3.7,297.48,7.6,297.49,8.1
1753504032020,04:27:12.020,AAVE/USDT:USDT,297.47,16.1,297.46,3.7,297.48,7.6,297.49,8.1
1753504032169,04:27:12.169,AAVE/USDT:USDT,297.47,16.1,297.46,3.7,297.48,7.6,297.49,8.1
1753504032344,04:27:12.344,AAVE/USDT:USDT,297.47,16.4,297.46,8.2,297.48,7.6,297.49,8.1
1753504032447,04:27:12.447,AAVE/USDT:USDT,297.47,14.7,297.46,3.7,297.48,7.6,297.49,11.4
1753504032553,04:27:12.553,AAVE/USDT:USDT,297.47,14.1,297.46,3.7,297.48,7.6,297.49,8.1
1753504032655,04:27:12.655,AAVE/USDT:USDT,297.47,14.1,297.46,8.2,297.48,7.6,297.49,8.1
1753504032758,04:27:12.758,AAVE/USDT:USDT,297.47,14.1,297.46,8.2,297.48,7.6,297.49,8.1
1753504032860,04:27:12.860,AAVE/USDT:USDT,297.47,16.4,297.46,8.2,297.48,7.6,297.49,8.1
1753504032963,04:27:12.963,AAVE/USDT:USDT,297.47,16.4,297.46,8.3,297.48,6.6,297.49,8.1
1753504033065,04:27:13.065,AAVE/USDT:USDT,297.47,16.4,297.46,8.3,297.48,7.4,297.49,8.1
1753504033267,04:27:13.267,AAVE/USDT:USDT,297.47,14.3,297.46,8.5,297.48,7.4,297.49,8.1
1753504033370,04:27:13.370,AAVE/USDT:USDT,297.47,14.3,297.46,8.5,297.48,7.4,297.49,8.1
1753504033473,04:27:13.473,AAVE/USDT:USDT,297.47,14.3,297.46,3.9,297.48,7.7,297.49,8.1
1753504033581,04:27:13.581,AAVE/USDT:USDT,297.47,14.3,297.46,4.1,297.48,7.7,297.49,8.1
1753504033720,04:27:13.720,AAVE/USDT:USDT,297.47,14.3,297.46,8.6,297.48,7.7,297.49,8.1
1753504033823,04:27:13.823,AAVE/USDT:USDT,297.47,14.3,297.46,8.6,297.48,7.4,297.49,8.1
1753504033937,04:27:13.937,AAVE/USDT:USDT,297.47,16.6,297.46,8.6,297.48,7.4,297.49,8.1
1753504034067,04:27:14.067,AAVE/USDT:USDT,297.47,14.3,297.46,8.6,297.48,7.4,297.49,8.1
1753504034227,04:27:14.227,AAVE/USDT:USDT,297.47,10.0,297.46,8.7,297.48,7.4,297.49,8.1
1753504034329,04:27:14.329,AAVE/USDT:USDT,297.47,10.1,297.46,4.1,297.48,11.6,297.49,10.8
1753504034431,04:27:14.431,AAVE/USDT:USDT,297.47,9.9,297.46,3.5,297.48,17.5,297.49,10.3
1753504034532,04:27:14.532,AAVE/USDT:USDT,297.47,9.9,297.46,3.5,297.48,18.4,297.49,13.6
1753504034648,04:27:14.648,AAVE/USDT:USDT,297.47,9.9,297.46,3.5,297.48,16.6,297.49,10.3
1753504034750,04:27:14.750,AAVE/USDT:USDT,297.47,9.9,297.46,3.5,297.48,16.6,297.49,10.3
1753504034851,04:27:14.851,AAVE/USDT:USDT,297.47,9.9,297.46,8.0,297.48,13.8,297.49,10.3
1753504034954,04:27:14.954,AAVE/USDT:USDT,297.47,12.2,297.46,8.0,297.48,13.8,297.49,10.3
1753504035057,04:27:15.057,AAVE/USDT:USDT,297.47,12.2,297.46,3.5,297.48,13.8,297.49,10.3
1753504035167,04:27:15.167,AAVE/USDT:USDT,297.47,12.2,297.46,3.5,297.48,14.0,297.49,13.6
1753504035278,04:27:15.278,AAVE/USDT:USDT,297.47,12.2,297.46,3.5,297.48,14.7,297.49,13.6
1753504035383,04:27:15.383,AAVE/USDT:USDT,297.47,12.2,297.46,3.5,297.48,15.5,297.49,13.6
1753504035614,04:27:15.614,AAVE/USDT:USDT,297.47,12.3,297.46,3.5,297.48,14.4,297.49,10.3
1753504035733,04:27:15.733,AAVE/USDT:USDT,297.47,12.3,297.46,8.0,297.48,14.4,297.49,10.3
1753504035838,04:27:15.838,AAVE/USDT:USDT,297.47,12.3,297.46,8.0,297.48,14.4,297.49,10.3
1753504035941,04:27:15.941,AAVE/USDT:USDT,297.47,10.0,297.46,3.5,297.48,16.2,297.49,10.3
1753504036049,04:27:16.049,AAVE/USDT:USDT,297.47,10.0,297.46,3.5,297.48,16.2,297.49,10.3
1753504036152,04:27:16.152,AAVE/USDT:USDT,297.47,10.0,297.46,3.5,297.48,17.6,297.49,10.4
1753504036294,04:27:16.294,AAVE/USDT:USDT,297.47,10.0,297.46,3.5,297.48,17.6,297.49,10.4
1753504036400,04:27:16.400,AAVE/USDT:USDT,297.47,23.6,297.46,12.0,297.48,17.6,297.49,10.3
1753504036506,04:27:16.506,AAVE/USDT:USDT,297.47,23.6,297.46,12.0,297.48,16.2,297.49,10.3
1753504036638,04:27:16.638,AAVE/USDT:USDT,297.47,23.6,297.46,12.0,297.48,14.4,297.49,10.3
1753504036997,04:27:16.997,AAVE/USDT:USDT,297.47,23.6,297.46,12.0,297.48,14.4,297.49,10.3
1753504037100,04:27:17.100,AAVE/USDT:USDT,297.47,23.6,297.46,12.0,297.48,11.2,297.49,10.3
1753504037203,04:27:17.203,AAVE/USDT:USDT,297.47,23.6,297.46,12.0,297.48,12.8,297.49,10.3
1753504037315,04:27:17.315,AAVE/USDT:USDT,297.47,24.6,297.46,16.5,297.48,12.8,297.49,10.3
1753504037417,04:27:17.417,AAVE/USDT:USDT,297.47,24.6,297.46,16.5,297.48,12.8,297.49,10.3
1753504037519,04:27:17.519,AAVE/USDT:USDT,297.47,24.6,297.46,16.5,297.48,12.8,297.49,8.1
1753504037785,04:27:17.785,AAVE/USDT:USDT,297.47,24.6,297.46,16.5,297.48,12.8,297.49,8.1
1753504037891,04:27:17.891,AAVE/USDT:USDT,297.47,24.6,297.46,12.0,297.48,14.4,297.49,8.1
1753504037995,04:27:17.995,AAVE/USDT:USDT,297.47,24.6,297.46,12.0,297.48,14.4,297.49,8.1
1753504038099,04:27:18.099,AAVE/USDT:USDT,297.47,24.6,297.46,16.5,297.48,10.4,297.49,8.1
1753504038201,04:27:18.201,AAVE/USDT:USDT,297.47,24.6,297.46,16.5,297.48,6.9,297.49,4.1
1753504038341,04:27:18.341,AAVE/USDT:USDT,297.47,24.5,297.46,16.5,297.48,6.9,297.49,4.1
1753504038527,04:27:18.527,AAVE/USDT:USDT,297.47,24.5,297.46,16.5,297.48,3.2,297.49,4.1
1753504038633,04:27:18.633,AAVE/USDT:USDT,297.47,24.5,297.46,16.5,297.48,3.3,297.49,4.1
1753504038851,04:27:18.851,AAVE/USDT:USDT,297.47,25.6,297.46,12.0,297.48,10.9,297.49,4.1
1753504038958,04:27:18.958,AAVE/USDT:USDT,297.47,25.2,297.46,12.0,297.48,6.9,297.49,4.1
1753504039114,04:27:19.114,AAVE/USDT:USDT,297.47,25.2,297.46,12.0,297.48,6.9,297.49,4.1
1753504039306,04:27:19.306,AAVE/USDT:USDT,297.47,25.2,297.46,12.0,297.48,6.9,297.49,4.1
1753504039422,04:27:19.422,AAVE/USDT:USDT,297.47,25.2,297.46,12.0,297.48,6.9,297.49,8.1
1753504039527,04:27:19.527,AAVE/USDT:USDT,297.47,25.2,297.46,12.0,297.48,10.1,297.49,8.1
1753504039638,04:27:19.638,AAVE/USDT:USDT,297.47,25.2,297.46,12.0,297.48,10.1,297.49,8.1
1753504039752,04:27:19.752,AAVE/USDT:USDT,297.47,25.2,297.46,12.0,297.48,10.1,297.49,11.6
1753504039858,04:27:19.858,AAVE/USDT:USDT,297.47,25.2,297.46,12.0,297.48,12.0,297.49,11.7
1753504039985,04:27:19.985,AAVE/USDT:USDT,297.47,25.2,297.46,12.0,297.48,12.0,297.49,8.1
1753504040148,04:27:20.148,AAVE/USDT:USDT,297.47,25.2,297.46,12.0,297.48,11.0,297.49,11.4
1753504040257,04:27:20.257,AAVE/USDT:USDT,297.47,25.2,297.46,12.0,297.48,14.2,297.49,11.4
1753504040361,04:27:20.361,AAVE/USDT:USDT,297.47,25.2,297.46,12.0,297.48,14.2,297.49,11.5
1753504040464,04:27:20.464,AAVE/USDT:USDT,297.47,25.2,297.46,12.0,297.48,16.6,297.49,15.0
1753504040570,04:27:20.570,AAVE/USDT:USDT,297.47,25.2,297.46,12.0,297.48,18.0,297.49,15.0
1753504040702,04:27:20.702,AAVE/USDT:USDT,297.47,25.2,297.46,12.0,297.48,18.0,297.49,15.0
1753504040807,04:27:20.807,AAVE/USDT:USDT,297.47,25.2,297.46,12.0,297.48,18.0,297.49,15.0
1753504040993,04:27:20.993,AAVE/USDT:USDT,297.45,1.5,297.44,13.3,297.46,32.2,297.47,30.0
1753504041095,04:27:21.095,AAVE/USDT:USDT,297.45,1.5,297.44,13.3,297.46,32.2,297.47,30.0
1753504041198,04:27:21.198,AAVE/USDT:USDT,297.45,1.5,297.44,13.3,297.46,32.2,297.47,29.9
1753504041304,04:27:21.304,AAVE/USDT:USDT,297.45,1.5,297.44,13.3,297.46,32.2,297.47,29.9
1753504041405,04:27:21.405,AAVE/USDT:USDT,297.45,1.5,297.44,13.3,297.46,32.2,297.47,27.7
1753504041545,04:27:21.545,AAVE/USDT:USDT,297.45,1.8,297.44,13.3,297.46,32.2,297.47,25.4
1753504041647,04:27:21.647,AAVE/USDT:USDT,297.45,1.8,297.44,13.3,297.46,23.7,297.47,21.4
1753504041750,04:27:21.750,AAVE/USDT:USDT,297.45,1.8,297.44,13.3,297.46,23.7,297.47,18.7
1753504042020,04:27:22.020,AAVE/USDT:USDT,297.45,1.8,297.44,13.3,297.46,23.7,297.47,18.7
1753504042123,04:27:22.123,AAVE/USDT:USDT,297.45,1.8,297.44,13.3,297.46,23.7,297.47,18.7
1753504042238,04:27:22.238,AAVE/USDT:USDT,297.45,5.4,297.44,13.3,297.46,17.6,297.47,18.7
1753504042339,04:27:22.339,AAVE/USDT:USDT,297.45,5.5,297.44,17.8,297.46,17.6,297.47,18.7
1753504042475,04:27:22.475,AAVE/USDT:USDT,297.45,1.9,297.44,17.8,297.46,17.6,297.47,18.7
1753504042578,04:27:22.578,AAVE/USDT:USDT,297.45,6.1,297.44,13.3,297.46,17.6,297.47,18.7
1753504042681,04:27:22.681,AAVE/USDT:USDT,297.45,1.9,297.44,13.3,297.46,17.6,297.47,21.2
1753504042794,04:27:22.794,AAVE/USDT:USDT,297.45,1.9,297.44,13.3,297.46,17.6,297.47,21.2
1753504043001,04:27:23.001,AAVE/USDT:USDT,297.45,1.9,297.44,13.3,297.46,18.2,297.47,24.7
1753504043102,04:27:23.102,AAVE/USDT:USDT,297.45,1.9,297.44,13.3,297.46,21.2,297.47,24.7
1753504043207,04:27:23.207,AAVE/USDT:USDT,297.45,1.9,297.44,13.3,297.46,21.2,297.47,24.7
1753504043309,04:27:23.309,AAVE/USDT:USDT,297.45,5.5,297.44,13.4,297.46,21.2,297.47,21.2
1753504043412,04:27:23.412,AAVE/USDT:USDT,297.45,5.5,297.44,13.4,297.46,21.2,297.47,18.7
1753504043523,04:27:23.523,AAVE/USDT:USDT,297.45,1.9,297.44,13.4,297.46,21.2,297.47,18.7
1753504043627,04:27:23.627,AAVE/USDT:USDT,297.45,2.1,297.44,13.4,297.46,21.2,297.47,21.0
1753504043735,04:27:23.735,AAVE/USDT:USDT,297.45,2.1,297.44,13.3,297.46,21.2,297.47,21.0
1753504043986,04:27:23.986,AAVE/USDT:USDT,297.45,2.1,297.44,13.3,297.46,21.2,297.47,18.7
1753504044111,04:27:24.111,AAVE/USDT:USDT,297.45,2.1,297.44,13.3,297.46,23.2,297.47,18.7
1753504044258,04:27:24.258,AAVE/USDT:USDT,297.45,2.1,297.44,13.3,297.46,23.2,297.47,18.7
1753504044391,04:27:24.391,AAVE/USDT:USDT,297.45,2.1,297.44,13.3,297.46,23.2,297.47,18.7
1753504044589,04:27:24.589,AAVE/USDT:USDT,297.45,2.1,297.44,13.3,297.46,23.2,297.47,18.7
1753504044692,04:27:24.692,AAVE/USDT:USDT,297.45,2.1,297.44,13.3,297.46,23.2,297.47,18.7
1753504044802,04:27:24.802,AAVE/USDT:USDT,297.45,2.1,297.44,13.3,297.46,23.2,297.47,18.7
1753504045008,04:27:25.008,AAVE/USDT:USDT,297.45,2.1,297.44,13.3,297.46,22.2,297.47,18.7
1753504045113,04:27:25.113,AAVE/USDT:USDT,297.45,2.1,297.44,13.3,297.46,24.2,297.47,18.7
1753504045229,04:27:25.229,AAVE/USDT:USDT,297.45,2.1,297.44,13.3,297.46,25.4,297.47,28.6
1753504045347,04:27:25.347,AAVE/USDT:USDT,297.45,2.0,297.44,13.3,297.46,25.4,297.47,28.6
1753504045462,04:27:25.462,AAVE/USDT:USDT,297.45,2.0,297.44,13.3,297.46,31.7,297.47,28.6
1753504045569,04:27:25.569,AAVE/USDT:USDT,297.45,2.0,297.44,13.3,297.46,31.7,297.47,28.6
1753504045805,04:27:25.805,AAVE/USDT:USDT,297.45,2.0,297.44,13.3,297.46,31.7,297.47,28.6
1753504045941,04:27:25.941,AAVE/USDT:USDT,297.42,1.4,297.41,0.3,297.43,41.0,297.44,23.6
1753504046145,04:27:26.145,AAVE/USDT:USDT,297.42,1.5,297.41,0.3,297.43,44.0,297.44,23.6
1753504046247,04:27:26.247,AAVE/USDT:USDT,297.42,1.5,297.41,0.3,297.43,44.0,297.44,23.6
1753504046355,04:27:26.355,AAVE/USDT:USDT,297.41,0.2,297.4,0.2,297.42,26.3,297.43,34.1
1753504046457,04:27:26.457,AAVE/USDT:USDT,297.41,0.2,297.4,0.2,297.42,26.5,297.43,34.1
1753504046560,04:27:26.560,AAVE/USDT:USDT,297.41,0.2,297.4,0.2,297.42,27.0,297.43,37.4
1753504046664,04:27:26.664,AAVE/USDT:USDT,297.41,0.2,297.4,0.2,297.42,27.0,297.43,37.4
1753504046766,04:27:26.766,AAVE/USDT:USDT,297.41,0.2,297.4,0.2,297.42,27.0,297.43,37.4
1753504046869,04:27:26.869,AAVE/USDT:USDT,297.41,0.2,297.4,0.2,297.42,28.0,297.43,37.4
1753504046989,04:27:26.989,AAVE/USDT:USDT,297.41,0.2,297.4,0.2,297.42,28.0,297.43,37.4
1753504047099,04:27:27.099,AAVE/USDT:USDT,297.41,0.2,297.4,0.4,297.42,28.0,297.43,37.4
1753504047277,04:27:27.277,AAVE/USDT:USDT,297.41,0.3,297.4,0.4,297.42,28.0,297.43,30.6
1753504047380,04:27:27.380,AAVE/USDT:USDT,297.41,0.3,297.4,0.4,297.42,29.0,297.43,30.6
1753504047483,04:27:27.483,AAVE/USDT:USDT,297.41,0.3,297.4,0.4,297.42,29.0,297.43,30.6
1753504047586,04:27:27.586,AAVE/USDT:USDT,297.41,0.3,297.4,0.4,297.42,29.0,297.43,30.6
1753504047730,04:27:27.730,AAVE/USDT:USDT,297.41,0.3,297.4,0.4,297.42,29.0,297.43,30.6
1753504047833,04:27:27.833,AAVE/USDT:USDT,297.41,0.3,297.4,0.4,297.42,29.0,297.43,30.6
1753504047935,04:27:27.935,AAVE/USDT:USDT,297.41,0.3,297.4,0.4,297.42,29.0,297.43,30.6
1753504048040,04:27:28.040,AAVE/USDT:USDT,297.41,0.3,297.4,0.4,297.42,25.0,297.43,26.6
1753504048143,04:27:28.143,AAVE/USDT:USDT,297.41,0.3,297.4,0.4,297.42,25.0,297.43,26.6
1753504048246,04:27:28.246,AAVE/USDT:USDT,297.41,0.3,297.4,0.4,297.42,25.0,297.43,26.6
1753504048370,04:27:28.370,AAVE/USDT:USDT,297.41,0.3,297.4,0.4,297.42,25.0,297.43,26.6
1753504048476,04:27:28.476,AAVE/USDT:USDT,297.41,0.3,297.4,0.4,297.42,27.2,297.43,26.6
1753504048579,04:27:28.579,AAVE/USDT:USDT,297.41,0.3,297.4,0.4,297.42,27.2,297.43,26.6
1753504048682,04:27:28.682,AAVE/USDT:USDT,297.41,0.3,297.4,0.4,297.42,27.2,297.43,26.6
1753504048789,04:27:28.789,AAVE/USDT:USDT,297.41,0.3,297.4,0.4,297.42,27.2,297.43,26.6
1753504048905,04:27:28.905,AAVE/USDT:USDT,297.41,0.3,297.4,0.4,297.42,27.2,297.43,26.6
1753504049011,04:27:29.011,AAVE/USDT:USDT,297.41,0.3,297.4,0.4,297.42,27.2,297.43,26.6
1753504049149,04:27:29.149,AAVE/USDT:USDT,297.41,0.3,297.4,0.4,297.42,27.2,297.43,26.6
1753504049257,04:27:29.257,AAVE/USDT:USDT,297.41,0.3,297.4,0.4,297.42,27.2,297.43,26.6
1753504049466,04:27:29.466,AAVE/USDT:USDT,297.41,0.3,297.4,0.4,297.42,27.3,297.43,26.6
1753504049568,04:27:29.568,AAVE/USDT:USDT,297.41,0.3,297.4,0.4,297.42,27.3,297.43,26.6
1753504049670,04:27:29.670,AAVE/USDT:USDT,297.41,0.3,297.4,0.4,297.42,27.3,297.43,26.6
1753504049819,04:27:29.819,AAVE/USDT:USDT,297.4,4.9,297.39,6.7,297.41,26.7,297.42,20.2
1753504049922,04:27:29.922,AAVE/USDT:USDT,297.4,0.5,297.39,0.1,297.41,30.8,297.42,20.2
1753504050024,04:27:30.024,AAVE/USDT:USDT,297.4,0.5,297.39,0.1,297.41,29.8,297.42,20.2
1753504050127,04:27:30.127,AAVE/USDT:USDT,297.4,0.5,297.39,0.1,297.41,29.8,297.42,20.2
1753504050230,04:27:30.230,AAVE/USDT:USDT,297.4,0.5,297.39,0.1,297.41,30.0,297.42,20.2
1753504050346,04:27:30.346,AAVE/USDT:USDT,297.4,0.5,297.39,0.1,297.41,30.3,297.42,20.2
1753504050449,04:27:30.449,AAVE/USDT:USDT,297.4,0.5,297.39,0.1,297.41,34.0,297.42,18.0
1753504050567,04:27:30.567,AAVE/USDT:USDT,297.4,0.5,297.39,0.1,297.41,34.0,297.42,18.0
1753504050710,04:27:30.710,AAVE/USDT:USDT,297.4,0.5,297.39,0.1,297.41,33.0,297.42,18.0
1753504050834,04:27:30.834,AAVE/USDT:USDT,297.39,0.1,297.38,0.2,297.4,24.8,297.41,24.7
1753504050937,04:27:30.937,AAVE/USDT:USDT,297.37,0.2,297.36,4.2,297.38,25.4,297.39,25.0
1753504051038,04:27:31.038,AAVE/USDT:USDT,297.37,0.2,297.36,4.2,297.38,25.5,297.39,25.0
1753504051145,04:27:31.145,AAVE/USDT:USDT,297.37,0.2,297.36,4.2,297.38,28.5,297.39,25.0
1753504051248,04:27:31.248,AAVE/USDT:USDT,297.37,0.2,297.36,4.2,297.38,28.5,297.39,25.0
1753504051361,04:27:31.361,AAVE/USDT:USDT,297.37,0.2,297.36,4.2,297.38,28.5,297.39,25.0
1753504051464,04:27:31.464,AAVE/USDT:USDT,297.37,0.2,297.36,4.2,297.38,28.5,297.39,24.0
1753504051567,04:27:31.567,AAVE/USDT:USDT,297.37,0.2,297.36,4.2,297.38,28.5,297.39,24.0
1753504051781,04:27:31.781,AAVE/USDT:USDT,297.37,0.2,297.36,4.2,297.38,28.5,297.39,24.0
1753504051886,04:27:31.886,AAVE/USDT:USDT,297.37,0.2,297.36,4.2,297.38,28.5,297.39,24.0
1753504052021,04:27:32.021,AAVE/USDT:USDT,297.37,0.2,297.36,4.2,297.38,28.5,297.39,24.0
1753504052127,04:27:32.127,AAVE/USDT:USDT,297.37,0.2,297.36,4.2,297.38,28.5,297.39,24.0
1753504052300,04:27:32.300,AAVE/USDT:USDT,297.37,0.2,297.36,4.2,297.38,28.5,297.39,20.0
1753504052443,04:27:32.443,AAVE/USDT:USDT,297.37,0.2,297.36,8.3,297.38,28.5,297.39,20.0
1753504052547,04:27:32.547,AAVE/USDT:USDT,297.37,0.2,297.36,8.4,297.38,28.5,297.39,17.8
1753504052653,04:27:32.653,AAVE/USDT:USDT,297.37,0.2,297.36,8.4,297.38,28.5,297.39,17.8
1753504052818,04:27:32.818,AAVE/USDT:USDT,297.37,0.2,297.36,8.4,297.38,24.1,297.39,17.8
1753504052942,04:27:32.942,AAVE/USDT:USDT,297.37,0.2,297.36,8.4,297.38,24.1,297.39,17.8
1753504053090,04:27:33.090,AAVE/USDT:USDT,297.37,0.2,297.36,4.3,297.38,24.1,297.39,17.8
1753504053209,04:27:33.209,AAVE/USDT:USDT,297.37,0.2,297.36,4.3,297.38,24.2,297.39,17.8
1753504053363,04:27:33.363,AAVE/USDT:USDT,297.37,0.2,297.36,4.3,297.38,24.2,297.39,17.8
1753504053528,04:27:33.528,AAVE/USDT:USDT,297.37,0.2,297.36,8.4,297.38,24.2,297.39,17.8
1753504053671,04:27:33.671,AAVE/USDT:USDT,297.37,8.7,297.36,13.1,297.38,6.8,297.39,10.5
1753504053773,04:27:33.773,AAVE/USDT:USDT,297.37,7.1,297.36,12.6,297.38,7.0,297.39,10.5
1753504053878,04:27:33.878,AAVE/USDT:USDT,297.37,6.3,297.36,12.6,297.38,7.0,297.39,10.5
1753504053987,04:27:33.987,AAVE/USDT:USDT,297.37,6.3,297.36,12.6,297.38,7.0,297.39,10.5
1753504054111,04:27:34.111,AAVE/USDT:USDT,297.37,6.3,297.36,12.6,297.38,7.0,297.39,10.5
1753504054216,04:27:34.216,AAVE/USDT:USDT,297.37,6.3,297.36,12.6,297.38,7.0,297.39,10.5
1753504054392,04:27:34.392,AAVE/USDT:USDT,297.37,6.3,297.36,12.6,297.38,7.0,297.39,10.5
1753504054506,04:27:34.506,AAVE/USDT:USDT,297.37,6.3,297.36,12.6,297.38,7.0,297.39,10.5
1753504054647,04:27:34.647,AAVE/USDT:USDT,297.37,6.1,297.36,8.4,297.38,7.0,297.39,10.5
1753504054771,04:27:34.771,AAVE/USDT:USDT,297.37,5.5,297.36,8.4,297.38,7.0,297.39,10.5
1753504054876,04:27:34.876,AAVE/USDT:USDT,297.37,5.5,297.36,8.4,297.38,7.0,297.39,10.5
1753504055021,04:27:35.021,AAVE/USDT:USDT,297.37,14.1,297.36,15.0,297.38,3.4,297.39,0.9
1753504055126,04:27:35.126,AAVE/USDT:USDT,297.37,14.1,297.36,15.0,297.38,3.4,297.39,0.9
1753504055240,04:27:35.240,AAVE/USDT:USDT,297.37,14.1,297.36,10.9,297.38,3.9,297.39,0.9
1753504055343,04:27:35.343,AAVE/USDT:USDT,297.37,14.1,297.36,6.8,297.38,3.9,297.39,0.9
1753504055445,04:27:35.445,AAVE/USDT:USDT,297.37,3.7,297.36,6.3,297.38,12.2,297.39,1.9
1753504055594,04:27:35.594,AAVE/USDT:USDT,297.37,3.7,297.36,6.3,297.38,12.2,297.39,1.9
1753504055699,04:27:35.699,AAVE/USDT:USDT,297.37,3.7,297.36,6.3,297.38,12.2,297.39,1.9
1753504055848,04:27:35.848,AAVE/USDT:USDT,297.37,3.7,297.36,6.3,297.38,12.2,297.39,1.9
1753504055949,04:27:35.949,AAVE/USDT:USDT,297.37,3.7,297.36,6.3,297.38,12.2,297.39,1.9
1753504056052,04:27:36.052,AAVE/USDT:USDT,297.37,3.7,297.36,6.3,297.38,12.2,297.39,1.9
1753504056238,04:27:36.238,AAVE/USDT:USDT,297.37,7.5,297.36,10.4,297.38,7.5,297.39,0.9
1753504056339,04:27:36.339,AAVE/USDT:USDT,297.37,9.0,297.36,10.4,297.38,7.5,297.39,0.9
1753504056443,04:27:36.443,AAVE/USDT:USDT,297.37,11.4,297.36,10.5,297.38,3.9,297.39,0.9
1753504056575,04:27:36.575,AAVE/USDT:USDT,297.37,11.7,297.36,10.5,297.38,3.9,297.39,0.9
1753504056910,04:27:36.910,AAVE/USDT:USDT,297.37,11.7,297.36,10.5,297.38,3.9,297.39,0.9
1753504057098,04:27:37.098,AAVE/USDT:USDT,297.37,11.7,297.36,10.5,297.38,3.9,297.39,0.9
1753504057373,04:27:37.373,AAVE/USDT:USDT,297.37,11.7,297.36,10.5,297.38,3.9,297.39,0.9
1753504057476,04:27:37.476,AAVE/USDT:USDT,297.37,5.8,297.36,6.3,297.38,8.4,297.39,1.9
1753504057582,04:27:37.582,AAVE/USDT:USDT,297.37,4.0,297.36,6.3,297.38,8.5,297.39,1.9
1753504057686,04:27:37.686,AAVE/USDT:USDT,297.37,4.0,297.36,6.3,297.38,8.5,297.39,1.9
1753504057799,04:27:37.799,AAVE/USDT:USDT,297.37,4.6,297.36,10.4,297.38,6.7,297.39,1.9
1753504057912,04:27:37.912,AAVE/USDT:USDT,297.37,4.6,297.36,10.5,297.38,6.7,297.39,1.9
1753504058111,04:27:38.111,AAVE/USDT:USDT,297.37,4.6,297.36,10.5,297.38,6.7,297.39,1.9
1753504058213,04:27:38.213,AAVE/USDT:USDT,297.37,4.6,297.36,10.5,297.38,6.7,297.39,1.9
1753504058393,04:27:38.393,AAVE/USDT:USDT,297.37,4.6,297.36,10.5,297.38,6.7,297.39,1.9
1753504058628,04:27:38.628,AAVE/USDT:USDT,297.37,9.1,297.36,14.6,297.38,6.7,297.39,0.9
1753504058734,04:27:38.734,AAVE/USDT:USDT,297.37,9.1,297.36,14.6,297.38,6.7,297.39,1.9
1753504058836,04:27:38.836,AAVE/USDT:USDT,297.37,6.8,297.36,14.6,297.38,6.7,297.39,1.9
1753504058967,04:27:38.967,AAVE/USDT:USDT,297.37,6.8,297.36,14.6,297.38,6.7,297.39,1.9
1753504059090,04:27:39.090,AAVE/USDT:USDT,297.37,6.8,297.36,14.6,297.38,6.7,297.39,1.9
1753504059217,04:27:39.217,AAVE/USDT:USDT,297.37,8.1,297.36,14.6,297.38,8.1,297.39,0.9
1753504059337,04:27:39.337,AAVE/USDT:USDT,297.37,5.9,297.36,14.6,297.38,8.0,297.39,1.9
1753504059440,04:27:39.440,AAVE/USDT:USDT,297.37,5.9,297.36,14.6,297.38,8.0,297.39,0.9
1753504059647,04:27:39.647,AAVE/USDT:USDT,297.37,5.9,297.36,10.4,297.38,9.9,297.39,1.9
1753504059750,04:27:39.750,AAVE/USDT:USDT,297.37,4.1,297.36,6.3,297.38,9.9,297.39,1.9
1753504059950,04:27:39.950,AAVE/USDT:USDT,297.37,4.1,297.36,6.3,297.38,9.9,297.39,1.9
1753504060110,04:27:40.110,AAVE/USDT:USDT,297.37,4.1,297.36,6.3,297.38,9.9,297.39,1.9
1753504060302,04:27:40.302,AAVE/USDT:USDT,297.37,4.1,297.36,10.4,297.38,9.9,297.39,1.9
1753504060405,04:27:40.405,AAVE/USDT:USDT,297.37,4.7,297.36,10.5,297.38,8.1,297.39,1.9
1753504060509,04:27:40.509,AAVE/USDT:USDT,297.37,15.0,297.36,14.6,297.38,8.0,297.39,0.9
1753504060627,04:27:40.627,AAVE/USDT:USDT,297.37,15.0,297.36,14.6,297.38,8.0,297.39,0.9
1753504060821,04:27:40.821,AAVE/USDT:USDT,297.37,15.0,297.36,14.6,297.38,8.0,297.39,0.9
1753504060923,04:27:40.923,AAVE/USDT:USDT,297.37,15.0,297.36,14.6,297.38,8.0,297.39,0.9
1753504061084,04:27:41.084,AAVE/USDT:USDT,297.37,15.0,297.36,14.6,297.38,8.0,297.39,0.9
1753504061270,04:27:41.270,AAVE/USDT:USDT,297.37,15.0,297.36,14.6,297.38,8.0,297.39,0.9
1753504061387,04:27:41.387,AAVE/USDT:USDT,297.37,15.1,297.36,14.6,297.38,8.0,297.39,0.9
1753504061549,04:27:41.549,AAVE/USDT:USDT,297.37,15.1,297.36,14.6,297.38,8.0,297.39,0.9
1753504061683,04:27:41.683,AAVE/USDT:USDT,297.37,15.1,297.36,14.6,297.38,8.0,297.39,0.9
1753504061857,04:27:41.857,AAVE/USDT:USDT,297.37,15.1,297.36,14.6,297.38,8.0,297.39,0.9
1753504061961,04:27:41.961,AAVE/USDT:USDT,297.37,15.1,297.36,10.5,297.38,8.3,297.39,0.9
1753504062064,04:27:42.064,AAVE/USDT:USDT,297.37,15.1,297.36,10.4,297.38,8.3,297.39,0.9
1753504062226,04:27:42.226,AAVE/USDT:USDT,297.37,15.1,297.36,10.4,297.38,8.3,297.39,0.9
1753504062349,04:27:42.349,AAVE/USDT:USDT,297.37,14.9,297.36,10.4,297.38,8.4,297.39,0.9
1753504062467,04:27:42.467,AAVE/USDT:USDT,297.37,14.9,297.36,10.4,297.38,8.4,297.39,0.9
1753504062577,04:27:42.577,AAVE/USDT:USDT,297.37,14.9,297.36,10.4,297.38,8.4,297.39,0.9
1753504062728,04:27:42.728,AAVE/USDT:USDT,297.37,14.9,297.36,10.4,297.38,8.4,297.39,0.9
1753504062913,04:27:42.913,AAVE/USDT:USDT,297.37,14.9,297.36,10.4,297.38,8.4,297.39,0.9
1753504063129,04:27:43.129,AAVE/USDT:USDT,297.37,23.8,297.36,14.5,297.38,8.4,297.39,0.9
1753504063270,04:27:43.270,AAVE/USDT:USDT,297.37,23.9,297.36,14.5,297.38,8.4,297.39,0.9
1753504063387,04:27:43.387,AAVE/USDT:USDT,297.37,23.9,297.36,14.5,297.38,8.1,297.39,0.9
1753504063497,04:27:43.497,AAVE/USDT:USDT,297.37,23.9,297.36,14.5,297.38,8.0,297.39,0.9
1753504063599,04:27:43.599,AAVE/USDT:USDT,297.37,23.6,297.36,14.5,297.38,8.4,297.39,0.9
1753504063700,04:27:43.700,AAVE/USDT:USDT,297.37,23.6,297.36,14.5,297.38,8.4,297.39,0.9
1753504063802,04:27:43.802,AAVE/USDT:USDT,297.37,23.6,297.36,14.5,297.38,8.4,297.39,0.9
1753504063923,04:27:43.923,AAVE/USDT:USDT,297.37,23.6,297.36,14.5,297.38,8.4,297.39,0.9
1753504064028,04:27:44.028,AAVE/USDT:USDT,297.39,28.6,297.38,25.0,297.4,1.6,297.41,0.1
1753504064137,04:27:44.137,AAVE/USDT:USDT,297.39,28.6,297.38,25.0,297.4,1.6,297.41,0.1
1753504064240,04:27:44.240,AAVE/USDT:USDT,297.39,28.6,297.38,25.0,297.4,1.7,297.41,0.1
1753504064345,04:27:44.345,AAVE/USDT:USDT,297.39,28.6,297.38,16.8,297.4,1.7,297.41,0.1
1753504064469,04:27:44.469,AAVE/USDT:USDT,297.39,28.6,297.38,16.8,297.4,1.7,297.41,0.1
1753504064572,04:27:44.572,AAVE/USDT:USDT,297.39,28.6,297.38,16.8,297.4,1.9,297.41,0.1
1753504064757,04:27:44.757,AAVE/USDT:USDT,297.39,28.6,297.38,16.8,297.4,1.9,297.41,0.1
1753504064924,04:27:44.924,AAVE/USDT:USDT,297.39,28.6,297.38,20.9,297.4,0.5,297.41,0.1
1753504065025,04:27:45.025,AAVE/USDT:USDT,297.39,28.6,297.38,21.0,297.4,1.9,297.41,0.1
1753504065152,04:27:45.152,AAVE/USDT:USDT,297.39,28.6,297.38,21.0,297.4,1.9,297.41,0.1
1753504065261,04:27:45.261,AAVE/USDT:USDT,297.39,28.6,297.38,21.0,297.4,1.9,297.41,0.1
1753504065366,04:27:45.366,AAVE/USDT:USDT,297.39,28.6,297.38,21.0,297.4,1.9,297.41,0.1
1753504065471,04:27:45.471,AAVE/USDT:USDT,297.39,28.6,297.38,16.8,297.4,1.9,297.41,0.1
1753504065576,04:27:45.576,AAVE/USDT:USDT,297.39,28.6,297.38,16.8,297.4,1.9,297.41,0.1
1753504065682,04:27:45.682,AAVE/USDT:USDT,297.39,28.6,297.38,16.8,297.4,1.9,297.41,0.1
1753504065805,04:27:45.805,AAVE/USDT:USDT,297.39,28.6,297.38,25.0,297.4,1.9,297.41,0.1
1753504065920,04:27:45.920,AAVE/USDT:USDT,297.39,28.7,297.38,25.0,297.4,0.5,297.41,0.1
1753504066024,04:27:46.024,AAVE/USDT:USDT,297.44,5.6,297.42,15.3,297.45,11.5,297.46,4.6
1753504066125,04:27:46.125,AAVE/USDT:USDT,297.44,9.2,297.42,15.3,297.45,10.0,297.46,4.2
1753504066226,04:27:46.226,AAVE/USDT:USDT,297.44,9.2,297.42,14.7,297.45,10.4,297.46,4.2
1753504066328,04:27:46.328,AAVE/USDT:USDT,297.44,5.6,297.42,14.7,297.45,12.2,297.46,4.2
1753504066433,04:27:46.433,AAVE/USDT:USDT,297.44,5.6,297.42,14.7,297.45,12.2,297.46,4.2
1753504066566,04:27:46.566,AAVE/USDT:USDT,297.44,6.4,297.42,14.7,297.45,13.0,297.46,4.2
1753504066676,04:27:46.676,AAVE/USDT:USDT,297.44,9.3,297.42,18.8,297.45,6.9,297.46,4.2
1753504066778,04:27:46.778,AAVE/USDT:USDT,297.44,11.0,297.42,18.8,297.45,5.1,297.46,3.7
1753504066884,04:27:46.884,AAVE/USDT:USDT,297.44,11.0,297.42,18.8,297.45,5.1,297.46,3.7
1753504066985,04:27:46.985,AAVE/USDT:USDT,297.44,9.3,297.42,18.8,297.45,5.1,297.46,3.7
1753504067104,04:27:47.104,AAVE/USDT:USDT,297.44,11.0,297.42,18.8,297.45,5.1,297.46,3.7
1753504067220,04:27:47.220,AAVE/USDT:USDT,297.44,11.0,297.42,18.8,297.45,5.1,297.46,3.7
1753504067326,04:27:47.326,AAVE/USDT:USDT,297.44,11.0,297.42,18.8,297.45,5.1,297.46,3.7
1753504067457,04:27:47.457,AAVE/USDT:USDT,297.44,11.0,297.42,18.8,297.45,5.2,297.46,3.7
1753504067562,04:27:47.562,AAVE/USDT:USDT,297.44,11.0,297.42,14.7,297.45,5.2,297.46,3.7
1753504067665,04:27:47.665,AAVE/USDT:USDT,297.44,11.0,297.42,14.7,297.45,5.3,297.46,3.7
1753504067787,04:27:47.787,AAVE/USDT:USDT,297.44,8.7,297.42,14.7,297.45,7.1,297.46,4.2
1753504067889,04:27:47.889,AAVE/USDT:USDT,297.44,8.7,297.42,14.7,297.45,7.1,297.46,4.2
1753504067991,04:27:47.991,AAVE/USDT:USDT,297.44,9.3,297.42,14.7,297.45,5.3,297.46,3.7
1753504068120,04:27:48.120,AAVE/USDT:USDT,297.44,5.3,297.42,14.7,297.45,10.8,297.46,4.2
1753504068222,04:27:48.222,AAVE/USDT:USDT,297.44,3.0,297.42,14.7,297.45,11.8,297.46,6.3
1753504068323,04:27:48.323,AAVE/USDT:USDT,297.44,3.3,297.42,14.7,297.45,10.8,297.46,6.3
1753504068449,04:27:48.449,AAVE/USDT:USDT,297.44,3.3,297.42,14.7,297.45,10.8,297.46,6.3
1753504068658,04:27:48.658,AAVE/USDT:USDT,297.44,3.3,297.42,14.7,297.45,11.8,297.46,6.3
1753504068817,04:27:48.817,AAVE/USDT:USDT,297.44,3.3,297.42,14.7,297.45,12.5,297.46,6.3
1753504068946,04:27:48.946,AAVE/USDT:USDT,297.44,3.3,297.42,14.7,297.45,12.5,297.46,6.3
1753504069058,04:27:49.058,AAVE/USDT:USDT,297.4,4.6,297.39,12.7,297.42,18.9,297.43,9.5
1753504069159,04:27:49.159,AAVE/USDT:USDT,297.4,9.2,297.39,13.2,297.41,12.2,297.42,3.7
1753504069261,04:27:49.261,AAVE/USDT:USDT,297.4,9.3,297.39,12.7,297.41,12.2,297.42,3.7
1753504069364,04:27:49.364,AAVE/USDT:USDT,297.4,9.9,297.39,13.2,297.41,5.4,297.42,3.7
1753504069467,04:27:49.467,AAVE/USDT:USDT,297.4,9.9,297.39,13.2,297.41,5.4,297.42,3.7
1753504069618,04:27:49.618,AAVE/USDT:USDT,297.4,11.7,297.39,13.2,297.41,5.4,297.42,3.7
1753504069725,04:27:49.725,AAVE/USDT:USDT,297.4,11.7,297.39,13.2,297.41,5.4,297.42,3.7
1753504069838,04:27:49.838,AAVE/USDT:USDT,297.4,11.1,297.39,12.7,297.41,7.4,297.42,3.7
1753504069941,04:27:49.941,AAVE/USDT:USDT,297.4,11.1,297.39,12.7,297.41,7.4,297.42,3.7
1753504070044,04:27:50.044,AAVE/USDT:USDT,297.4,11.1,297.39,12.7,297.41,7.4,297.42,3.7
1753504070171,04:27:50.171,AAVE/USDT:USDT,297.4,11.1,297.39,12.7,297.41,7.4,297.42,3.7
1753504070274,04:27:50.274,AAVE/USDT:USDT,297.4,11.1,297.39,12.7,297.41,7.6,297.42,3.7
1753504070377,04:27:50.377,AAVE/USDT:USDT,297.4,11.1,297.39,13.2,297.41,6.3,297.42,3.7
1753504070486,04:27:50.486,AAVE/USDT:USDT,297.4,11.1,297.39,13.2,297.41,6.3,297.42,3.7
1753504070589,04:27:50.589,AAVE/USDT:USDT,297.4,11.1,297.39,12.7,297.41,6.3,297.42,3.7
1753504070707,04:27:50.707,AAVE/USDT:USDT,297.4,11.1,297.39,12.7,297.41,8.1,297.42,3.7
1753504070810,04:27:50.810,AAVE/USDT:USDT,297.4,11.1,297.39,12.7,297.41,8.1,297.42,3.7
1753504070987,04:27:50.987,AAVE/USDT:USDT,297.37,9.0,297.36,0.7,297.38,15.1,297.39,15.7
1753504071089,04:27:51.089,AAVE/USDT:USDT,297.37,9.1,297.36,1.1,297.38,15.5,297.39,15.7
1753504071193,04:27:51.193,AAVE/USDT:USDT,297.37,9.1,297.36,1.1,297.38,14.5,297.39,15.7
1753504071296,04:27:51.296,AAVE/USDT:USDT,297.37,9.1,297.36,0.6,297.38,14.5,297.39,15.7
1753504071402,04:27:51.402,AAVE/USDT:USDT,297.37,9.1,297.36,0.6,297.38,14.5,297.39,15.7
1753504071526,04:27:51.526,AAVE/USDT:USDT,297.37,9.1,297.36,0.6,297.38,14.6,297.39,15.7
1753504071627,04:27:51.627,AAVE/USDT:USDT,297.37,9.1,297.36,0.6,297.38,14.6,297.39,15.7
1753504071802,04:27:51.802,AAVE/USDT:USDT,297.37,9.1,297.36,0.6,297.38,14.5,297.39,15.7
1753504071907,04:27:51.907,AAVE/USDT:USDT,297.37,9.1,297.36,0.6,297.38,14.5,297.39,15.7
1753504072009,04:27:52.009,AAVE/USDT:USDT,297.37,9.1,297.36,0.6,297.38,14.5,297.39,15.7
1753504072111,04:27:52.111,AAVE/USDT:USDT,297.37,9.1,297.36,0.6,297.38,14.6,297.39,15.7
1753504072249,04:27:52.249,AAVE/USDT:USDT,297.37,9.1,297.36,0.6,297.38,14.6,297.39,15.7
1753504072353,04:27:52.353,AAVE/USDT:USDT,297.37,9.1,297.36,0.6,297.38,14.6,297.39,15.7
1753504072608,04:27:52.608,AAVE/USDT:USDT,297.37,9.1,297.36,0.6,297.38,15.6,297.39,15.7
1753504072712,04:27:52.712,AAVE/USDT:USDT,297.37,9.1,297.36,0.6,297.38,14.6,297.39,15.7
1753504072814,04:27:52.814,AAVE/USDT:USDT,297.37,9.1,297.36,1.1,297.38,5.8,297.39,11.3
1753504072944,04:27:52.944,AAVE/USDT:USDT,297.37,9.9,297.36,1.1,297.38,5.9,297.39,4.9
1753504073047,04:27:53.047,AAVE/USDT:USDT,297.37,9.1,297.36,1.1,297.38,5.9,297.39,4.9
1753504073150,04:27:53.150,AAVE/USDT:USDT,297.37,9.1,297.36,1.1,297.38,5.9,297.39,4.9
1753504073253,04:27:53.253,AAVE/USDT:USDT,297.37,9.9,297.36,3.1,297.38,4.6,297.39,4.9
1753504073355,04:27:53.355,AAVE/USDT:USDT,297.37,11.4,297.36,3.1,297.38,4.9,297.39,3.6
1753504073457,04:27:53.457,AAVE/USDT:USDT,297.37,11.4,297.36,3.1,297.38,4.9,297.39,3.6
1753504073581,04:27:53.581,AAVE/USDT:USDT,297.37,11.4,297.36,2.6,297.38,4.9,297.39,3.6
1753504073684,04:27:53.684,AAVE/USDT:USDT,297.37,11.4,297.36,2.6,297.38,4.9,297.39,3.6
1753504073805,04:27:53.805,AAVE/USDT:USDT,297.37,9.1,297.36,2.6,297.38,6.7,297.39,4.1
1753504073911,04:27:53.911,AAVE/USDT:USDT,297.37,9.1,297.36,2.6,297.38,7.7,297.39,4.1
1753504074025,04:27:54.025,AAVE/USDT:USDT,297.37,9.1,297.36,2.6,297.38,7.7,297.39,4.1
1753504074128,04:27:54.128,AAVE/USDT:USDT,297.37,9.1,297.36,2.6,297.38,10.1,297.39,8.1
1753504074230,04:27:54.230,AAVE/USDT:USDT,297.37,9.1,297.36,0.6,297.38,10.1,297.39,8.1
1753504074338,04:27:54.338,AAVE/USDT:USDT,297.37,9.1,297.36,0.6,297.38,13.0,297.39,8.1
1753504074443,04:27:54.443,AAVE/USDT:USDT,297.37,9.1,297.36,0.6,297.38,13.0,297.39,10.3
1753504074617,04:27:54.617,AAVE/USDT:USDT,297.37,9.1,297.36,0.6,297.38,13.0,297.39,10.3
1753504074720,04:27:54.720,AAVE/USDT:USDT,297.37,9.1,297.36,0.6,297.38,13.0,297.39,10.3
1753504074867,04:27:54.867,AAVE/USDT:USDT,297.37,9.1,297.36,0.6,297.38,13.0,297.39,10.3
1753504075016,04:27:55.016,AAVE/USDT:USDT,297.37,9.1,297.36,0.6,297.38,13.0,297.39,10.3
1753504075117,04:27:55.117,AAVE/USDT:USDT,297.37,9.1,297.36,0.6,297.38,13.0,297.39,10.3
1753504075267,04:27:55.267,AAVE/USDT:USDT,297.37,9.1,297.36,0.6,297.38,13.9,297.39,10.3
1753504075373,04:27:55.373,AAVE/USDT:USDT,297.37,9.9,297.36,0.6,297.38,10.9,297.39,9.8
1753504075476,04:27:55.476,AAVE/USDT:USDT,297.37,9.9,297.36,0.6,297.38,10.9,297.39,9.8
1753504075582,04:27:55.582,AAVE/USDT:USDT,297.37,9.9,297.36,0.6,297.38,10.9,297.39,9.8
1753504075712,04:27:55.712,AAVE/USDT:USDT,297.37,12.2,297.36,1.1,297.38,9.1,297.39,9.8
1753504075813,04:27:55.813,AAVE/USDT:USDT,297.37,9.9,297.36,0.6,297.38,10.9,297.39,7.6
1753504075914,04:27:55.914,AAVE/USDT:USDT,297.37,9.9,297.36,0.6,297.38,10.9,297.39,7.6
1753504076017,04:27:56.017,AAVE/USDT:USDT,297.37,3.2,297.36,0.6,297.38,11.9,297.39,8.1
1753504076120,04:27:56.120,AAVE/USDT:USDT,297.37,3.2,297.36,0.6,297.38,15.9,297.39,8.1
1753504076224,04:27:56.224,AAVE/USDT:USDT,297.37,3.2,297.36,0.6,297.38,15.9,297.39,7.6
1753504076327,04:27:56.327,AAVE/USDT:USDT,297.37,3.2,297.36,0.6,297.38,15.9,297.39,7.6
1753504076488,04:27:56.488,AAVE/USDT:USDT,297.37,3.2,297.36,0.6,297.38,15.9,297.39,7.6
1753504076591,04:27:56.591,AAVE/USDT:USDT,297.37,3.2,297.36,0.6,297.38,15.9,297.39,7.6
1753504076698,04:27:56.698,AAVE/USDT:USDT,297.37,3.2,297.36,0.6,297.38,15.9,297.39,7.6
1753504076804,04:27:56.804,AAVE/USDT:USDT,297.35,0.2,297.34,0.3,297.36,18.6,297.37,28.0
1753504076908,04:27:56.908,AAVE/USDT:USDT,297.35,0.2,297.34,0.3,297.36,26.9,297.37,23.8
1753504077011,04:27:57.011,AAVE/USDT:USDT,297.35,0.2,297.34,0.3,297.36,27.0,297.37,37.4
1753504077220,04:27:57.220,AAVE/USDT:USDT,297.35,0.2,297.34,0.3,297.36,31.0,297.37,37.4
1753504077323,04:27:57.323,AAVE/USDT:USDT,297.35,0.2,297.34,0.3,297.36,31.3,297.37,37.4
1753504077439,04:27:57.439,AAVE/USDT:USDT,297.34,0.3,297.33,0.4,297.35,37.6,297.36,38.8
1753504077543,04:27:57.543,AAVE/USDT:USDT,297.34,0.3,297.33,0.4,297.35,37.7,297.36,38.8
1753504077646,04:27:57.646,AAVE/USDT:USDT,297.34,0.3,297.33,0.4,297.35,37.9,297.36,38.8
1753504077749,04:27:57.749,AAVE/USDT:USDT,297.34,0.3,297.33,0.4,297.35,37.9,297.36,38.8
1753504077851,04:27:57.851,AAVE/USDT:USDT,297.33,0.3,297.32,0.1,297.34,42.0,297.35,28.6
1753504077953,04:27:57.953,AAVE/USDT:USDT,297.33,0.3,297.32,0.1,297.34,43.2,297.35,28.6
1753504078057,04:27:58.057,AAVE/USDT:USDT,297.33,0.3,297.32,0.1,297.34,43.5,297.35,28.6
1753504078170,04:27:58.170,AAVE/USDT:USDT,297.33,0.3,297.32,0.1,297.34,43.5,297.35,28.6
1753504078308,04:27:58.308,AAVE/USDT:USDT,297.33,0.3,297.32,0.1,297.34,43.5,297.35,28.6
1753504078411,04:27:58.411,AAVE/USDT:USDT,297.29,4.0,297.28,0.3,297.3,23.4,297.31,13.8
1753504078512,04:27:58.512,AAVE/USDT:USDT,297.29,4.0,297.28,0.3,297.3,20.0,297.31,13.8
1753504078614,04:27:58.614,AAVE/USDT:USDT,297.29,7.7,297.28,0.3,297.3,20.1,297.31,13.8
1753504078718,04:27:58.718,AAVE/USDT:USDT,297.29,7.7,297.28,0.3,297.3,21.4,297.31,12.3
1753504078820,04:27:58.820,AAVE/USDT:USDT,297.29,7.7,297.28,0.3,297.3,21.7,297.31,12.3
1753504078922,04:27:58.922,AAVE/USDT:USDT,297.29,4.1,297.28,0.3,297.3,21.7,297.31,12.3
1753504079025,04:27:59.025,AAVE/USDT:USDT,297.29,4.1,297.28,0.3,297.3,21.7,297.31,12.3
1753504079132,04:27:59.132,AAVE/USDT:USDT,297.29,9.5,297.28,0.3,297.3,21.7,297.31,12.3
1753504079252,04:27:59.252,AAVE/USDT:USDT,297.29,9.5,297.28,0.3,297.3,21.7,297.31,12.3
1753504079355,04:27:59.355,AAVE/USDT:USDT,297.29,9.5,297.28,0.3,297.3,21.7,297.31,12.3
1753504079457,04:27:59.457,AAVE/USDT:USDT,297.29,10.4,297.28,0.3,297.3,22.0,297.31,12.3
1753504079559,04:27:59.559,AAVE/USDT:USDT,297.29,10.4,297.28,0.3,297.3,22.0,297.31,12.3
1753504079668,04:27:59.668,AAVE/USDT:USDT,297.29,10.4,297.28,0.3,297.3,22.0,297.31,12.3
1753504079808,04:27:59.808,AAVE/USDT:USDT,297.29,10.4,297.28,0.3,297.3,22.0,297.31,12.3
1753504079931,04:27:59.931,AAVE/USDT:USDT,297.29,10.4,297.28,0.3,297.3,22.0,297.31,12.3
1753504080038,04:28:00.038,AAVE/USDT:USDT,297.29,10.4,297.28,0.3,297.3,22.0,297.31,12.3
1753504080141,04:28:00.141,AAVE/USDT:USDT,297.29,10.3,297.28,0.3,297.3,26.0,297.31,16.3
1753504080245,04:28:00.245,AAVE/USDT:USDT,297.27,7.6,297.26,0.5,297.28,27.3,297.29,24.1
1753504080348,04:28:00.348,AAVE/USDT:USDT,297.27,7.6,297.26,0.5,297.28,27.0,297.29,34.6
1753504080450,04:28:00.450,AAVE/USDT:USDT,297.27,8.6,297.26,0.5,297.28,26.9,297.29,34.7
1753504080553,04:28:00.553,AAVE/USDT:USDT,297.27,8.6,297.26,0.5,297.28,26.9,297.29,34.7
1753504080665,04:28:00.665,AAVE/USDT:USDT,297.27,8.6,297.26,0.5,297.28,27.2,297.29,21.4
1753504080767,04:28:00.767,AAVE/USDT:USDT,297.27,8.6,297.26,0.5,297.28,27.4,297.29,21.4
1753504080873,04:28:00.873,AAVE/USDT:USDT,297.27,8.6,297.26,0.5,297.28,27.4,297.29,21.4
1753504081002,04:28:01.002,AAVE/USDT:USDT,297.27,8.6,297.26,0.5,297.28,27.4,297.29,21.4
1753504081205,04:28:01.205,AAVE/USDT:USDT,297.27,6.7,297.26,0.5,297.28,25.6,297.29,21.4
1753504081309,04:28:01.309,AAVE/USDT:USDT,297.27,13.3,297.26,6.9,297.28,4.5,297.29,8.7
1753504081412,04:28:01.412,AAVE/USDT:USDT,297.27,8.8,297.26,6.9,297.28,4.5,297.29,8.7
1753504081513,04:28:01.513,AAVE/USDT:USDT,297.27,10.5,297.26,3.0,297.28,3.9,297.29,8.7
