timestamp,time,symbol,bid1_price,bid1_volume,bid2_price,bid2_volume,ask1_price,ask1_volume,ask2_price,ask2_volume
1753503304504,04:15:04.504,ALGO/USDT:USDT,0.2699,391.0,0.2698,4405.0,0.27,1659.0,0.2701,4551.0
1753503304904,04:15:04.904,ALGO/USDT:USDT,0.2699,174.0,0.2698,4193.0,0.27,1957.0,0.2701,4952.0
1753503305004,04:15:05.004,ALGO/USDT:USDT,0.2699,174.0,0.2698,4193.0,0.27,1957.0,0.2701,5013.0
1753503305104,04:15:05.104,ALGO/USDT:USDT,0.2699,174.0,0.2698,4193.0,0.27,1957.0,0.2701,5049.0
1753503305204,04:15:05.204,ALGO/USDT:USDT,0.2699,174.0,0.2698,4193.0,0.27,1957.0,0.2701,5086.0
1753503305404,04:15:05.404,ALGO/USDT:USDT,0.2699,174.0,0.2698,4193.0,0.27,1957.0,0.2701,5086.0
1753503305504,04:15:05.504,ALGO/USDT:USDT,0.2699,174.0,0.2698,4193.0,0.27,1957.0,0.2701,5095.0
1753503305804,04:15:05.804,ALGO/USDT:USDT,0.2699,1134.0,0.2698,6633.0,0.27,273.0,0.2701,3266.0
1753503305904,04:15:05.904,ALGO/USDT:USDT,0.2699,1193.0,0.2698,7002.0,0.27,273.0,0.2701,3266.0
1753503306004,04:15:06.004,ALGO/USDT:USDT,0.2699,1405.0,0.2698,7002.0,0.27,273.0,0.2701,3266.0
1753503306104,04:15:06.104,ALGO/USDT:USDT,0.2699,1405.0,0.2698,7010.0,0.27,258.0,0.2701,3450.0
1753503306204,04:15:06.204,ALGO/USDT:USDT,0.2699,1441.0,0.2698,7120.0,0.27,258.0,0.2701,3414.0
1753503306304,04:15:06.304,ALGO/USDT:USDT,0.2699,1441.0,0.2698,6830.0,0.27,302.0,0.2701,3414.0
1753503306404,04:15:06.404,ALGO/USDT:USDT,0.2699,1149.0,0.2698,6830.0,0.27,302.0,0.2701,3418.0
1753503306504,04:15:06.504,ALGO/USDT:USDT,0.2699,1149.0,0.2698,6681.0,0.27,287.0,0.2701,3418.0
1753503306604,04:15:06.604,ALGO/USDT:USDT,0.2699,1147.0,0.2698,6717.0,0.27,287.0,0.2701,2818.0
1753503306904,04:15:06.904,ALGO/USDT:USDT,0.2699,1433.0,0.2698,6717.0,0.27,287.0,0.2701,2818.0
1753503307004,04:15:07.004,ALGO/USDT:USDT,0.2699,1433.0,0.2698,7086.0,0.27,287.0,0.2701,2818.0
1753503307104,04:15:07.104,ALGO/USDT:USDT,0.2699,1433.0,0.2698,7123.0,0.27,287.0,0.2701,2818.0
1753503307504,04:15:07.504,ALGO/USDT:USDT,0.2699,1433.0,0.2698,7492.0,0.27,287.0,0.2701,2612.0
1753503307604,04:15:07.604,ALGO/USDT:USDT,0.2699,1433.0,0.2698,7492.0,0.27,287.0,0.2701,2612.0
1753503307704,04:15:07.704,ALGO/USDT:USDT,0.27,2562.0,0.2699,6159.0,0.2701,16.0,0.2702,2308.0
1753503307804,04:15:07.804,ALGO/USDT:USDT,0.27,3366.0,0.2699,6525.0,0.2701,18.0,0.2702,2938.0
1753503307904,04:15:07.904,ALGO/USDT:USDT,0.27,3425.0,0.2699,7088.0,0.2701,18.0,0.2702,2938.0
1753503308004,04:15:08.004,ALGO/USDT:USDT,0.27,3425.0,0.2699,7088.0,0.2701,18.0,0.2702,2938.0
1753503308104,04:15:08.104,ALGO/USDT:USDT,0.27,3425.0,0.2699,7088.0,0.2701,18.0,0.2702,2938.0
1753503308304,04:15:08.304,ALGO/USDT:USDT,0.27,3213.0,0.2699,6793.0,0.2701,265.0,0.2702,3150.0
1753503308404,04:15:08.404,ALGO/USDT:USDT,0.27,3213.0,0.2699,6793.0,0.2701,265.0,0.2702,3150.0
1753503308504,04:15:08.504,ALGO/USDT:USDT,0.27,3213.0,0.2699,6793.0,0.2701,1318.0,0.2702,3150.0
1753503308604,04:15:08.604,ALGO/USDT:USDT,0.27,2503.0,0.2699,7393.0,0.2701,1318.0,0.2702,3150.0
1753503308704,04:15:08.704,ALGO/USDT:USDT,0.27,2415.0,0.2699,7298.0,0.2701,1333.0,0.2702,3190.0
1753503308804,04:15:08.804,ALGO/USDT:USDT,0.27,1894.0,0.2699,7298.0,0.2701,1333.0,0.2702,3190.0
1753503308904,04:15:08.904,ALGO/USDT:USDT,0.27,1894.0,0.2699,6773.0,0.2701,1333.0,0.2702,3190.0
1753503309104,04:15:09.104,ALGO/USDT:USDT,0.27,1894.0,0.2699,6665.0,0.2701,1333.0,0.2702,3190.0
1753503309204,04:15:09.204,ALGO/USDT:USDT,0.27,1894.0,0.2699,6591.0,0.2701,1333.0,0.2702,3190.0
1753503309304,04:15:09.304,ALGO/USDT:USDT,0.27,1239.0,0.2699,5739.0,0.2701,1965.0,0.2702,3190.0
1753503309404,04:15:09.404,ALGO/USDT:USDT,0.27,1383.0,0.2699,4693.0,0.2701,2264.0,0.2702,3355.0
1753503309504,04:15:09.504,ALGO/USDT:USDT,0.27,779.0,0.2699,5349.0,0.2701,1946.0,0.2702,3355.0
1753503309604,04:15:09.604,ALGO/USDT:USDT,0.27,1617.0,0.2699,6074.0,0.2701,1405.0,0.2702,2608.0
1753503309704,04:15:09.704,ALGO/USDT:USDT,0.27,1747.0,0.2699,6782.0,0.2701,1405.0,0.2702,3232.0
1753503309804,04:15:09.804,ALGO/USDT:USDT,0.27,1535.0,0.2699,7031.0,0.2701,1405.0,0.2702,3232.0
1753503309904,04:15:09.904,ALGO/USDT:USDT,0.27,1479.0,0.2699,7031.0,0.2701,1405.0,0.2702,3232.0
1753503310004,04:15:10.004,ALGO/USDT:USDT,0.27,1479.0,0.2699,7031.0,0.2701,1405.0,0.2702,3232.0
1753503310104,04:15:10.104,ALGO/USDT:USDT,0.27,1479.0,0.2699,7031.0,0.2701,1405.0,0.2702,3232.0
1753503310204,04:15:10.204,ALGO/USDT:USDT,0.27,1400.0,0.2699,6975.0,0.2701,1405.0,0.2702,3232.0
1753503310304,04:15:10.304,ALGO/USDT:USDT,0.27,1479.0,0.2699,6975.0,0.2701,1405.0,0.2702,3232.0
1753503310404,04:15:10.404,ALGO/USDT:USDT,0.27,1443.0,0.2699,6938.0,0.2701,1405.0,0.2702,3232.0
1753503310604,04:15:10.604,ALGO/USDT:USDT,0.27,1443.0,0.2699,7030.0,0.2701,1405.0,0.2702,3232.0
1753503310704,04:15:10.704,ALGO/USDT:USDT,0.27,1443.0,0.2699,6541.0,0.2701,1405.0,0.2702,3232.0
1753503310804,04:15:10.804,ALGO/USDT:USDT,0.27,1364.0,0.2699,6541.0,0.2701,1405.0,0.2702,3232.0
1753503311404,04:15:11.404,ALGO/USDT:USDT,0.27,1407.0,0.2699,6541.0,0.2701,1681.0,0.2702,3290.0
1753503311504,04:15:11.504,ALGO/USDT:USDT,0.27,1328.0,0.2699,6395.0,0.2701,1681.0,0.2702,3290.0
1753503312104,04:15:12.104,ALGO/USDT:USDT,0.27,1328.0,0.2699,6395.0,0.2701,1681.0,0.2702,3290.0
1753503312904,04:15:12.904,ALGO/USDT:USDT,0.27,1619.0,0.2699,6183.0,0.2701,1681.0,0.2702,3290.0
1753503313004,04:15:13.004,ALGO/USDT:USDT,0.27,1619.0,0.2699,6183.0,0.2701,1681.0,0.2702,3290.0
1753503313204,04:15:13.204,ALGO/USDT:USDT,0.27,1619.0,0.2699,6183.0,0.2701,1681.0,0.2702,3290.0
1753503313304,04:15:13.304,ALGO/USDT:USDT,0.27,1407.0,0.2699,6183.0,0.2701,1681.0,0.2702,4712.0
1753503313404,04:15:13.404,ALGO/USDT:USDT,0.27,1328.0,0.2699,6110.0,0.2701,1681.0,0.2702,4712.0
1753503313804,04:15:13.804,ALGO/USDT:USDT,0.27,1619.0,0.2699,6110.0,0.2701,1681.0,0.2702,4712.0
1753503314704,04:15:14.704,ALGO/USDT:USDT,0.27,2282.0,0.2699,6119.0,0.2701,1681.0,0.2702,4712.0
1753503314804,04:15:14.804,ALGO/USDT:USDT,0.27,2282.0,0.2699,6119.0,0.2701,1681.0,0.2702,4712.0
1753503314904,04:15:14.904,ALGO/USDT:USDT,0.27,2282.0,0.2699,6119.0,0.2701,1681.0,0.2702,4712.0
1753503315404,04:15:15.404,ALGO/USDT:USDT,0.27,1646.0,0.2699,6082.0,0.2701,1741.0,0.2702,4712.0
1753503315604,04:15:15.604,ALGO/USDT:USDT,0.27,1567.0,0.2699,6082.0,0.2701,1741.0,0.2702,4712.0
1753503315704,04:15:15.704,ALGO/USDT:USDT,0.27,1567.0,0.2699,6082.0,0.2701,1741.0,0.2702,4712.0
1753503315804,04:15:15.804,ALGO/USDT:USDT,0.27,1487.0,0.2699,6082.0,0.2701,1741.0,0.2702,4712.0
1753503316004,04:15:16.004,ALGO/USDT:USDT,0.27,1196.0,0.2699,6082.0,0.2701,1741.0,0.2702,4712.0
1753503316104,04:15:16.104,ALGO/USDT:USDT,0.27,1196.0,0.2699,6082.0,0.2701,1741.0,0.2702,4712.0
1753503316204,04:15:16.204,ALGO/USDT:USDT,0.2699,2065.0,0.2698,7749.0,0.27,245.0,0.2701,4910.0
1753503316304,04:15:16.304,ALGO/USDT:USDT,0.2699,2897.0,0.2698,7380.0,0.27,245.0,0.2701,4910.0
1753503316404,04:15:16.404,ALGO/USDT:USDT,0.2699,2773.0,0.2698,7380.0,0.27,245.0,0.2701,4910.0
1753503316504,04:15:16.504,ALGO/USDT:USDT,0.2699,2773.0,0.2698,7271.0,0.27,245.0,0.2701,4910.0
1753503316604,04:15:16.604,ALGO/USDT:USDT,0.2699,2561.0,0.2698,7234.0,0.27,245.0,0.2701,4910.0
1753503316704,04:15:16.704,ALGO/USDT:USDT,0.2699,2773.0,0.2698,7234.0,0.27,245.0,0.2701,4910.0
1753503316904,04:15:16.904,ALGO/USDT:USDT,0.2699,2773.0,0.2698,6957.0,0.27,245.0,0.2701,4910.0
1753503317204,04:15:17.204,ALGO/USDT:USDT,0.27,2046.0,0.2699,5715.0,0.2701,2082.0,0.2702,3934.0
1753503317504,04:15:17.504,ALGO/USDT:USDT,0.27,2046.0,0.2699,5715.0,0.2701,2094.0,0.2702,3826.0
1753503317604,04:15:17.604,ALGO/USDT:USDT,0.27,2046.0,0.2699,5715.0,0.2701,2094.0,0.2702,3826.0
1753503317704,04:15:17.704,ALGO/USDT:USDT,0.27,2046.0,0.2699,5715.0,0.2701,2094.0,0.2702,3790.0
1753503318004,04:15:18.004,ALGO/USDT:USDT,0.27,2125.0,0.2699,5715.0,0.2701,1753.0,0.2702,3687.0
1753503318404,04:15:18.404,ALGO/USDT:USDT,0.27,2329.0,0.2699,5807.0,0.2701,1753.0,0.2702,3651.0
1753503318704,04:15:18.704,ALGO/USDT:USDT,0.27,2329.0,0.2699,5807.0,0.2701,1753.0,0.2702,3615.0
1753503318904,04:15:18.904,ALGO/USDT:USDT,0.27,2329.0,0.2699,5807.0,0.2701,1753.0,0.2702,3615.0
1753503319504,04:15:19.504,ALGO/USDT:USDT,0.27,2329.0,0.2699,5807.0,0.2701,1753.0,0.2702,3615.0
1753503319904,04:15:19.904,ALGO/USDT:USDT,0.27,5969.0,0.2699,5844.0,0.2701,1753.0,0.2702,3615.0
1753503320104,04:15:20.104,ALGO/USDT:USDT,0.27,6005.0,0.2699,5983.0,0.2701,1752.0,0.2702,3615.0
1753503320204,04:15:20.204,ALGO/USDT:USDT,0.27,6041.0,0.2699,6055.0,0.2701,1752.0,0.2702,3615.0
1753503320304,04:15:20.304,ALGO/USDT:USDT,0.27,6041.0,0.2699,6062.0,0.2701,1752.0,0.2702,3615.0
1753503320504,04:15:20.504,ALGO/USDT:USDT,0.27,6041.0,0.2699,5953.0,0.2701,1752.0,0.2702,3615.0
1753503320704,04:15:20.704,ALGO/USDT:USDT,0.27,6041.0,0.2699,6026.0,0.2701,1752.0,0.2702,3615.0
1753503321004,04:15:21.004,ALGO/USDT:USDT,0.27,6263.0,0.2699,5767.0,0.2701,1752.0,0.2702,2993.0
1753503321104,04:15:21.104,ALGO/USDT:USDT,0.27,6263.0,0.2699,5767.0,0.2701,1752.0,0.2702,2993.0
1753503321304,04:15:21.304,ALGO/USDT:USDT,0.27,6263.0,0.2699,5877.0,0.2701,1752.0,0.2702,2993.0
1753503322404,04:15:22.404,ALGO/USDT:USDT,0.27,5722.0,0.2699,5848.0,0.2701,1817.0,0.2702,2993.0
1753503322504,04:15:22.504,ALGO/USDT:USDT,0.27,5722.0,0.2699,5812.0,0.2701,389.0,0.2702,2993.0
1753503322604,04:15:22.604,ALGO/USDT:USDT,0.27,6072.0,0.2699,5775.0,0.2701,1820.0,0.2702,3593.0
1753503322704,04:15:22.704,ALGO/USDT:USDT,0.27,6220.0,0.2699,5775.0,0.2701,1820.0,0.2702,3593.0
1753503323304,04:15:23.304,ALGO/USDT:USDT,0.27,5993.0,0.2699,5702.0,0.2701,1820.0,0.2702,3593.0
1753503323404,04:15:23.404,ALGO/USDT:USDT,0.27,5993.0,0.2699,5702.0,0.2701,1820.0,0.2702,3593.0
1753503323504,04:15:23.504,ALGO/USDT:USDT,0.27,5998.0,0.2699,5702.0,0.2701,1820.0,0.2702,3593.0
1753503323604,04:15:23.604,ALGO/USDT:USDT,0.27,6220.0,0.2699,5702.0,0.2701,1820.0,0.2702,3593.0
1753503324004,04:15:24.004,ALGO/USDT:USDT,0.27,6220.0,0.2699,5702.0,0.2701,1820.0,0.2702,3593.0
1753503324104,04:15:24.104,ALGO/USDT:USDT,0.27,5620.0,0.2699,5702.0,0.2701,1820.0,0.2702,3593.0
1753503324304,04:15:24.304,ALGO/USDT:USDT,0.27,5472.0,0.2699,5702.0,0.2701,1819.0,0.2702,3593.0
1753503324704,04:15:24.704,ALGO/USDT:USDT,0.27,5620.0,0.2699,5774.0,0.2701,1819.0,0.2702,3593.0
1753503324904,04:15:24.904,ALGO/USDT:USDT,0.27,5620.0,0.2699,5774.0,0.2701,1819.0,0.2702,3593.0
1753503325104,04:15:25.104,ALGO/USDT:USDT,0.27,5620.0,0.2699,5774.0,0.2701,1819.0,0.2702,4957.0
1753503325304,04:15:25.304,ALGO/USDT:USDT,0.27,5239.0,0.2699,5702.0,0.2701,1819.0,0.2702,4957.0
1753503325404,04:15:25.404,ALGO/USDT:USDT,0.27,5239.0,0.2699,5768.0,0.2701,1850.0,0.2702,4957.0
1753503325504,04:15:25.504,ALGO/USDT:USDT,0.27,5436.0,0.2699,5768.0,0.2701,1850.0,0.2702,4957.0
1753503325604,04:15:25.604,ALGO/USDT:USDT,0.27,5436.0,0.2699,5768.0,0.2701,1850.0,0.2702,4957.0
1753503325904,04:15:25.904,ALGO/USDT:USDT,0.27,5584.0,0.2699,5702.0,0.2701,1850.0,0.2702,4957.0
1753503326004,04:15:26.004,ALGO/USDT:USDT,0.27,5510.0,0.2699,5702.0,0.2701,1850.0,0.2702,4957.0
1753503326104,04:15:26.104,ALGO/USDT:USDT,0.27,5584.0,0.2699,5702.0,0.2701,1850.0,0.2702,4957.0
1753503326204,04:15:26.204,ALGO/USDT:USDT,0.27,5584.0,0.2699,5702.0,0.2701,1850.0,0.2702,4957.0
1753503326304,04:15:26.304,ALGO/USDT:USDT,0.27,5584.0,0.2699,5695.0,0.2701,1850.0,0.2702,4957.0
1753503326404,04:15:26.404,ALGO/USDT:USDT,0.27,5239.0,0.2699,5695.0,0.2701,1850.0,0.2702,4957.0
1753503326504,04:15:26.504,ALGO/USDT:USDT,0.27,5160.0,0.2699,5622.0,0.2701,1850.0,0.2702,4957.0
1753503326904,04:15:26.904,ALGO/USDT:USDT,0.27,5436.0,0.2699,5622.0,0.2701,1850.0,0.2702,4957.0
1753503327004,04:15:27.004,ALGO/USDT:USDT,0.27,5357.0,0.2699,5622.0,0.2701,1850.0,0.2702,4957.0
1753503327204,04:15:27.204,ALGO/USDT:USDT,0.27,5160.0,0.2699,5585.0,0.2701,1850.0,0.2702,4957.0
1753503328004,04:15:28.004,ALGO/USDT:USDT,0.27,5160.0,0.2699,5585.0,0.2701,1850.0,0.2702,5060.0
1753503328704,04:15:28.704,ALGO/USDT:USDT,0.27,5239.0,0.2699,5585.0,0.2701,1850.0,0.2702,5060.0
1753503329304,04:15:29.304,ALGO/USDT:USDT,0.27,5436.0,0.2699,5585.0,0.2701,1850.0,0.2702,5060.0
1753503329404,04:15:29.404,ALGO/USDT:USDT,0.27,5436.0,0.2699,5585.0,0.2701,1850.0,0.2702,5060.0
1753503329504,04:15:29.504,ALGO/USDT:USDT,0.27,5436.0,0.2699,5585.0,0.2701,1850.0,0.2702,5060.0
1753503329604,04:15:29.604,ALGO/USDT:USDT,0.27,5474.0,0.2699,5585.0,0.2701,1850.0,0.2702,5060.0
1753503329704,04:15:29.704,ALGO/USDT:USDT,0.27,5474.0,0.2699,5585.0,0.2701,1850.0,0.2702,5060.0
1753503330204,04:15:30.204,ALGO/USDT:USDT,0.27,5474.0,0.2699,5585.0,0.2701,1852.0,0.2702,5060.0
1753503330904,04:15:30.904,ALGO/USDT:USDT,0.27,5622.0,0.2699,5585.0,0.2701,1852.0,0.2702,4957.0
1753503331104,04:15:31.104,ALGO/USDT:USDT,0.27,5622.0,0.2699,5585.0,0.2701,1852.0,0.2702,4957.0
1753503331304,04:15:31.304,ALGO/USDT:USDT,0.27,5622.0,0.2699,5585.0,0.2701,1852.0,0.2702,4957.0
1753503331404,04:15:31.404,ALGO/USDT:USDT,0.27,5622.0,0.2699,5585.0,0.2701,1852.0,0.2702,4957.0
1753503331504,04:15:31.504,ALGO/USDT:USDT,0.27,5622.0,0.2699,5585.0,0.2701,1852.0,0.2702,4957.0
1753503331804,04:15:31.804,ALGO/USDT:USDT,0.27,5622.0,0.2699,5585.0,0.2701,1852.0,0.2702,4957.0
1753503332004,04:15:32.004,ALGO/USDT:USDT,0.27,5622.0,0.2699,5585.0,0.2701,1852.0,0.2702,4957.0
1753503332204,04:15:32.204,ALGO/USDT:USDT,0.27,5622.0,0.2699,5585.0,0.2701,1852.0,0.2702,4957.0
1753503332304,04:15:32.304,ALGO/USDT:USDT,0.27,5622.0,0.2699,5585.0,0.2701,1852.0,0.2702,4957.0
1753503332504,04:15:32.504,ALGO/USDT:USDT,0.27,6047.0,0.2699,5511.0,0.2701,1852.0,0.2702,4957.0
1753503332604,04:15:32.604,ALGO/USDT:USDT,0.27,6121.0,0.2699,5511.0,0.2701,1852.0,0.2702,4957.0
1753503332704,04:15:32.704,ALGO/USDT:USDT,0.27,6121.0,0.2699,5511.0,0.2701,1852.0,0.2702,4957.0
1753503333804,04:15:33.804,ALGO/USDT:USDT,0.27,6121.0,0.2699,5548.0,0.2701,1965.0,0.2702,4957.0
1753503333904,04:15:33.904,ALGO/USDT:USDT,0.27,6121.0,0.2699,5548.0,0.2701,1965.0,0.2702,4957.0
1753503334004,04:15:34.004,ALGO/USDT:USDT,0.27,6121.0,0.2699,5548.0,0.2701,1965.0,0.2702,4957.0
1753503334104,04:15:34.104,ALGO/USDT:USDT,0.27,6121.0,0.2699,5548.0,0.2701,1965.0,0.2702,4957.0
1753503334304,04:15:34.304,ALGO/USDT:USDT,0.27,6121.0,0.2699,6250.0,0.2701,1965.0,0.2702,4957.0
1753503334404,04:15:34.404,ALGO/USDT:USDT,0.27,5845.0,0.2699,6250.0,0.2701,2162.0,0.2702,4957.0
1753503334604,04:15:34.604,ALGO/USDT:USDT,0.27,5845.0,0.2699,6213.0,0.2701,1965.0,0.2702,4957.0
1753503334704,04:15:34.704,ALGO/USDT:USDT,0.27,5845.0,0.2699,6213.0,0.2701,1965.0,0.2702,4957.0
1753503334904,04:15:34.904,ALGO/USDT:USDT,0.27,6121.0,0.2699,6213.0,0.2701,1965.0,0.2702,4957.0
1753503335004,04:15:35.004,ALGO/USDT:USDT,0.27,6121.0,0.2699,6250.0,0.2701,1965.0,0.2702,4957.0
1753503335104,04:15:35.104,ALGO/USDT:USDT,0.27,6191.0,0.2699,5548.0,0.2701,1722.0,0.2702,4357.0
1753503335504,04:15:35.504,ALGO/USDT:USDT,0.27,6193.0,0.2699,5548.0,0.2701,1722.0,0.2702,4357.0
1753503335604,04:15:35.604,ALGO/USDT:USDT,0.27,6157.0,0.2699,5548.0,0.2701,1722.0,0.2702,4357.0
1753503335704,04:15:35.704,ALGO/USDT:USDT,0.27,6157.0,0.2699,5548.0,0.2701,1722.0,0.2702,4357.0
1753503335804,04:15:35.804,ALGO/USDT:USDT,0.27,6157.0,0.2699,5548.0,0.2701,1722.0,0.2702,4357.0
1753503335904,04:15:35.904,ALGO/USDT:USDT,0.27,5924.0,0.2699,5511.0,0.2701,1722.0,0.2702,4357.0
1753503336004,04:15:36.004,ALGO/USDT:USDT,0.27,5924.0,0.2699,5511.0,0.2701,1722.0,0.2702,2993.0
1753503336104,04:15:36.104,ALGO/USDT:USDT,0.27,6121.0,0.2699,5511.0,0.2701,1722.0,0.2702,2993.0
1753503336204,04:15:36.204,ALGO/USDT:USDT,0.27,6157.0,0.2699,5658.0,0.2701,1722.0,0.2702,2993.0
1753503336304,04:15:36.304,ALGO/USDT:USDT,0.27,6157.0,0.2699,5694.0,0.2701,1722.0,0.2702,2993.0
1753503336404,04:15:36.404,ALGO/USDT:USDT,0.27,6157.0,0.2699,5694.0,0.2701,1722.0,0.2702,3593.0
1753503336604,04:15:36.604,ALGO/USDT:USDT,0.27,6193.0,0.2699,5694.0,0.2701,1722.0,0.2702,3593.0
1753503336904,04:15:36.904,ALGO/USDT:USDT,0.27,6193.0,0.2699,5803.0,0.2701,1722.0,0.2702,3593.0
1753503337304,04:15:37.304,ALGO/USDT:USDT,0.27,6193.0,0.2699,5803.0,0.2701,2039.0,0.2702,3593.0
1753503337404,04:15:37.404,ALGO/USDT:USDT,0.27,6193.0,0.2699,5803.0,0.2701,2039.0,0.2702,3593.0
1753503337604,04:15:37.604,ALGO/USDT:USDT,0.27,6157.0,0.2699,5730.0,0.2701,2039.0,0.2702,3593.0
1753503337704,04:15:37.704,ALGO/USDT:USDT,0.27,5960.0,0.2699,5730.0,0.2701,2039.0,0.2702,3593.0
1753503337804,04:15:37.804,ALGO/USDT:USDT,0.27,5881.0,0.2699,5730.0,0.2701,2236.0,0.2702,3593.0
1753503338004,04:15:38.004,ALGO/USDT:USDT,0.27,5420.0,0.2699,5657.0,0.2701,2389.0,0.2702,3593.0
1753503338304,04:15:38.304,ALGO/USDT:USDT,0.27,6121.0,0.2699,5694.0,0.2701,2038.0,0.2702,3593.0
1753503338404,04:15:38.404,ALGO/USDT:USDT,0.27,6121.0,0.2699,5694.0,0.2701,2038.0,0.2702,3593.0
1753503338804,04:15:38.804,ALGO/USDT:USDT,0.27,6121.0,0.2699,5694.0,0.2701,2039.0,0.2702,3593.0
1753503339204,04:15:39.204,ALGO/USDT:USDT,0.27,6121.0,0.2699,5694.0,0.2701,2039.0,0.2702,3593.0
1753503339304,04:15:39.304,ALGO/USDT:USDT,0.27,6121.0,0.2699,5694.0,0.2701,2039.0,0.2702,3593.0
1753503339704,04:15:39.704,ALGO/USDT:USDT,0.27,5845.0,0.2699,5657.0,0.2701,2039.0,0.2702,3593.0
1753503340104,04:15:40.104,ALGO/USDT:USDT,0.27,5924.0,0.2699,5657.0,0.2701,2095.0,0.2702,3593.0
1753503340204,04:15:40.204,ALGO/USDT:USDT,0.27,5924.0,0.2699,5657.0,0.2701,2095.0,0.2702,3593.0
1753503340304,04:15:40.304,ALGO/USDT:USDT,0.27,5924.0,0.2699,5657.0,0.2701,2095.0,0.2702,3593.0
1753503340404,04:15:40.404,ALGO/USDT:USDT,0.27,6121.0,0.2699,5657.0,0.2701,2096.0,0.2702,3593.0
1753503340504,04:15:40.504,ALGO/USDT:USDT,0.27,5924.0,0.2699,5657.0,0.2701,2096.0,0.2702,3593.0
1753503340704,04:15:40.704,ALGO/USDT:USDT,0.27,6121.0,0.2699,5657.0,0.2701,2096.0,0.2702,3593.0
1753503340804,04:15:40.804,ALGO/USDT:USDT,0.27,6121.0,0.2699,5657.0,0.2701,2096.0,0.2702,3593.0
1753503341304,04:15:41.304,ALGO/USDT:USDT,0.27,5420.0,0.2699,5657.0,0.2701,2444.0,0.2702,3593.0
1753503341404,04:15:41.404,ALGO/USDT:USDT,0.27,5420.0,0.2699,5657.0,0.2701,2247.0,0.2702,3593.0
1753503341504,04:15:41.504,ALGO/USDT:USDT,0.27,5709.0,0.2699,5657.0,0.2701,2168.0,0.2702,3593.0
1753503341704,04:15:41.704,ALGO/USDT:USDT,0.27,6121.0,0.2699,5657.0,0.2701,2096.0,0.2702,3593.0
1753503342104,04:15:42.104,ALGO/USDT:USDT,0.27,5420.0,0.2699,5657.0,0.2701,2096.0,0.2702,3593.0
1753503342604,04:15:42.604,ALGO/USDT:USDT,0.27,5420.0,0.2699,5657.0,0.2701,2096.0,0.2702,3593.0
1753503343304,04:15:43.304,ALGO/USDT:USDT,0.27,6121.0,0.2699,5707.0,0.2701,2148.0,0.2702,3593.0
1753503343404,04:15:43.404,ALGO/USDT:USDT,0.27,6121.0,0.2699,5657.0,0.2701,2148.0,0.2702,3593.0
1753503343604,04:15:43.604,ALGO/USDT:USDT,0.27,5420.0,0.2699,5657.0,0.2701,2221.0,0.2702,3629.0
1753503343704,04:15:43.704,ALGO/USDT:USDT,0.27,5266.0,0.2699,5657.0,0.2701,2497.0,0.2702,3665.0
1753503343804,04:15:43.804,ALGO/USDT:USDT,0.27,5340.0,0.2699,5657.0,0.2701,2497.0,0.2702,3665.0
1753503344004,04:15:44.004,ALGO/USDT:USDT,0.27,5340.0,0.2699,5657.0,0.2701,2221.0,0.2702,3629.0
1753503344304,04:15:44.304,ALGO/USDT:USDT,0.27,5340.0,0.2699,5621.0,0.2701,2221.0,0.2702,3629.0
1753503344804,04:15:44.804,ALGO/USDT:USDT,0.27,5340.0,0.2699,5621.0,0.2701,2221.0,0.2702,3629.0
1753503345304,04:15:45.304,ALGO/USDT:USDT,0.27,5340.0,0.2699,5511.0,0.2701,2497.0,0.2702,3593.0
1753503345604,04:15:45.604,ALGO/USDT:USDT,0.27,6041.0,0.2699,5511.0,0.2701,2148.0,0.2702,3593.0
1753503346304,04:15:46.304,ALGO/USDT:USDT,0.27,6041.0,0.2699,5511.0,0.2701,2148.0,0.2702,3593.0
1753503346404,04:15:46.404,ALGO/USDT:USDT,0.27,5844.0,0.2699,5511.0,0.2701,2152.0,0.2702,3593.0
1753503346604,04:15:46.604,ALGO/USDT:USDT,0.27,6041.0,0.2699,5511.0,0.2701,2152.0,0.2702,3593.0
1753503346704,04:15:46.704,ALGO/USDT:USDT,0.27,5844.0,0.2699,5511.0,0.2701,2152.0,0.2702,3593.0
1753503347204,04:15:47.204,ALGO/USDT:USDT,0.27,5765.0,0.2699,5511.0,0.2701,2428.0,0.2702,3593.0
1753503347404,04:15:47.404,ALGO/USDT:USDT,0.27,5432.0,0.2699,5511.0,0.2701,2428.0,0.2702,3593.0
1753503348104,04:15:48.104,ALGO/USDT:USDT,0.27,4635.0,0.2699,4819.0,0.2701,2514.0,0.2702,6184.0
1753503348604,04:15:48.604,ALGO/USDT:USDT,0.27,4635.0,0.2699,4819.0,0.2701,2515.0,0.2702,6220.0
1753503348804,04:15:48.804,ALGO/USDT:USDT,0.27,5134.0,0.2699,4819.0,0.2701,2153.0,0.2702,3846.0
1753503348904,04:15:48.904,ALGO/USDT:USDT,0.27,5484.0,0.2699,4819.0,0.2701,2153.0,0.2702,3774.0
1753503349604,04:15:49.604,ALGO/USDT:USDT,0.27,5558.0,0.2699,4819.0,0.2701,2153.0,0.2702,3630.0
1753503349804,04:15:49.804,ALGO/USDT:USDT,0.27,5282.0,0.2699,4819.0,0.2701,2429.0,0.2702,3630.0
1753503349904,04:15:49.904,ALGO/USDT:USDT,0.27,5282.0,0.2699,4819.0,0.2701,2427.0,0.2702,3630.0
1753503350004,04:15:50.004,ALGO/USDT:USDT,0.27,4949.0,0.2699,4819.0,0.2701,2429.0,0.2702,3630.0
1753503350104,04:15:50.104,ALGO/USDT:USDT,0.27,4949.0,0.2699,4819.0,0.2701,2429.0,0.2702,3630.0
1753503350204,04:15:50.204,ALGO/USDT:USDT,0.27,4949.0,0.2699,4819.0,0.2701,2429.0,0.2702,3630.0
1753503350304,04:15:50.304,ALGO/USDT:USDT,0.27,4949.0,0.2699,4819.0,0.2701,2232.0,0.2702,3666.0
1753503350404,04:15:50.404,ALGO/USDT:USDT,0.27,5287.0,0.2699,4819.0,0.2701,2153.0,0.2702,3666.0
1753503350704,04:15:50.704,ALGO/USDT:USDT,0.27,5558.0,0.2699,4819.0,0.2701,2153.0,0.2702,3666.0
1753503351004,04:15:51.004,ALGO/USDT:USDT,0.27,5558.0,0.2699,4819.0,0.2701,2153.0,0.2702,3666.0
1753503351304,04:15:51.304,ALGO/USDT:USDT,0.27,5282.0,0.2699,4819.0,0.2701,2429.0,0.2702,3666.0
1753503351404,04:15:51.404,ALGO/USDT:USDT,0.27,5282.0,0.2699,4819.0,0.2701,2577.0,0.2702,3666.0
1753503351504,04:15:51.504,ALGO/USDT:USDT,0.27,5282.0,0.2699,4819.0,0.2701,2380.0,0.2702,3666.0
1753503351704,04:15:51.704,ALGO/USDT:USDT,0.27,5282.0,0.2699,4911.0,0.2701,2577.0,0.2702,3666.0
1753503351904,04:15:51.904,ALGO/USDT:USDT,0.27,4709.0,0.2699,4911.0,0.2701,2653.0,0.2702,3666.0
1753503352504,04:15:52.504,ALGO/USDT:USDT,0.27,4709.0,0.2699,4911.0,0.2701,2653.0,0.2702,3810.0
1753503352904,04:15:52.904,ALGO/USDT:USDT,0.27,4709.0,0.2699,4819.0,0.2701,2653.0,0.2702,4007.0
1753503353004,04:15:53.004,ALGO/USDT:USDT,0.27,4709.0,0.2699,4819.0,0.2701,2653.0,0.2702,4043.0
1753503353504,04:15:53.504,ALGO/USDT:USDT,0.27,4709.0,0.2699,4819.0,0.2701,2671.0,0.2702,4043.0
1753503353804,04:15:53.804,ALGO/USDT:USDT,0.27,4561.0,0.2699,4058.0,0.2701,2707.0,0.2702,4628.0
1753503353904,04:15:53.904,ALGO/USDT:USDT,0.27,4561.0,0.2699,4058.0,0.2701,2707.0,0.2702,4557.0
1753503354004,04:15:54.004,ALGO/USDT:USDT,0.27,4561.0,0.2699,4058.0,0.2701,2707.0,0.2702,4593.0
1753503354804,04:15:54.804,ALGO/USDT:USDT,0.27,4561.0,0.2699,4058.0,0.2701,3344.0,0.2702,5247.0
1753503355004,04:15:55.004,ALGO/USDT:USDT,0.27,4561.0,0.2699,4058.0,0.2701,3344.0,0.2702,5247.0
1753503355304,04:15:55.304,ALGO/USDT:USDT,0.27,4561.0,0.2699,4058.0,0.2701,3299.0,0.2702,5346.0
1753503355404,04:15:55.404,ALGO/USDT:USDT,0.27,4561.0,0.2699,4058.0,0.2701,3309.0,0.2702,5346.0
1753503355604,04:15:55.604,ALGO/USDT:USDT,0.27,4561.0,0.2699,4058.0,0.2701,3309.0,0.2702,5346.0
1753503355704,04:15:55.704,ALGO/USDT:USDT,0.27,4561.0,0.2699,4058.0,0.2701,3309.0,0.2702,5382.0
1753503356404,04:15:56.404,ALGO/USDT:USDT,0.2699,18.0,0.2698,5345.0,0.27,1992.0,0.2701,6135.0
1753503356504,04:15:56.504,ALGO/USDT:USDT,0.2699,18.0,0.2698,5345.0,0.27,1992.0,0.2701,4165.0
1753503356604,04:15:56.604,ALGO/USDT:USDT,0.2699,18.0,0.2698,5345.0,0.27,3978.0,0.2701,4237.0
1753503356804,04:15:56.804,ALGO/USDT:USDT,0.2699,18.0,0.2698,5345.0,0.27,3978.0,0.2701,5193.0
1753503357004,04:15:57.004,ALGO/USDT:USDT,0.2699,18.0,0.2698,5345.0,0.27,3978.0,0.2701,5409.0
1753503357204,04:15:57.204,ALGO/USDT:USDT,0.2698,3435.0,0.2697,4699.0,0.2699,893.0,0.27,6056.0
1753503357504,04:15:57.504,ALGO/USDT:USDT,0.2698,2835.0,0.2697,4662.0,0.2699,893.0,0.27,5985.0
1753503357604,04:15:57.604,ALGO/USDT:USDT,0.2698,2761.0,0.2697,4625.0,0.2699,893.0,0.27,5985.0
1753503358004,04:15:58.004,ALGO/USDT:USDT,0.2698,888.0,0.2697,4404.0,0.2699,969.0,0.27,6134.0
1753503358304,04:15:58.304,ALGO/USDT:USDT,0.2698,1607.0,0.2697,4032.0,0.2699,332.0,0.27,5990.0
1753503358404,04:15:58.404,ALGO/USDT:USDT,0.2698,1607.0,0.2697,4032.0,0.2699,332.0,0.27,5990.0
1753503358504,04:15:58.504,ALGO/USDT:USDT,0.2698,1607.0,0.2697,4349.0,0.2699,332.0,0.27,5990.0
1753503358604,04:15:58.604,ALGO/USDT:USDT,0.2698,1607.0,0.2697,4386.0,0.2699,253.0,0.27,5990.0
1753503358704,04:15:58.704,ALGO/USDT:USDT,0.2698,1607.0,0.2697,4386.0,0.2699,253.0,0.27,5990.0
1753503358804,04:15:58.804,ALGO/USDT:USDT,0.2698,1607.0,0.2697,4386.0,0.2699,544.0,0.27,5990.0
1753503358904,04:15:58.904,ALGO/USDT:USDT,0.2698,1607.0,0.2697,4349.0,0.2699,332.0,0.27,6202.0
1753503359004,04:15:59.004,ALGO/USDT:USDT,0.2698,1607.0,0.2697,4349.0,0.2699,253.0,0.27,6202.0
1753503359104,04:15:59.104,ALGO/USDT:USDT,0.2698,2207.0,0.2697,4349.0,0.2699,253.0,0.27,6202.0
1753503359204,04:15:59.204,ALGO/USDT:USDT,0.2698,2207.0,0.2697,4386.0,0.2699,253.0,0.27,6202.0
1753503359604,04:15:59.604,ALGO/USDT:USDT,0.2698,2280.0,0.2697,4423.0,0.2699,253.0,0.27,6202.0
1753503359804,04:15:59.804,ALGO/USDT:USDT,0.2698,1833.0,0.2697,4635.0,0.2699,253.0,0.27,6202.0
1753503359904,04:15:59.904,ALGO/USDT:USDT,0.2698,2045.0,0.2697,4635.0,0.2699,253.0,0.27,5533.0
1753503360104,04:16:00.104,ALGO/USDT:USDT,0.2698,2976.0,0.2697,5077.0,0.2699,253.0,0.27,5284.0
1753503360204,04:16:00.204,ALGO/USDT:USDT,0.2698,2976.0,0.2697,5114.0,0.2699,253.0,0.27,5284.0
1753503360304,04:16:00.304,ALGO/USDT:USDT,0.2698,2976.0,0.2697,5157.0,0.2699,253.0,0.27,5496.0
1753503360404,04:16:00.404,ALGO/USDT:USDT,0.2698,3199.0,0.2697,5193.0,0.2699,253.0,0.27,5284.0
1753503360604,04:16:00.604,ALGO/USDT:USDT,0.2698,3199.0,0.2697,5193.0,0.2699,253.0,0.27,5284.0
1753503360704,04:16:00.704,ALGO/USDT:USDT,0.2698,3199.0,0.2697,5193.0,0.2699,253.0,0.27,5284.0
1753503360804,04:16:00.804,ALGO/USDT:USDT,0.2698,2908.0,0.2697,4935.0,0.2699,254.0,0.27,5496.0
1753503361004,04:16:01.004,ALGO/USDT:USDT,0.2698,2691.0,0.2697,4750.0,0.2699,254.0,0.27,6165.0
1753503361104,04:16:01.104,ALGO/USDT:USDT,0.2698,2655.0,0.2697,4750.0,0.2699,254.0,0.27,6165.0
1753503361604,04:16:01.604,ALGO/USDT:USDT,0.2698,1981.0,0.2697,4641.0,0.2699,545.0,0.27,6165.0
1753503361804,04:16:01.804,ALGO/USDT:USDT,0.2698,1981.0,0.2697,4641.0,0.2699,545.0,0.27,6165.0
1753503362204,04:16:02.204,ALGO/USDT:USDT,0.2698,2581.0,0.2697,4605.0,0.2699,254.0,0.27,6165.0
1753503362504,04:16:02.504,ALGO/USDT:USDT,0.2698,2659.0,0.2697,4642.0,0.2699,254.0,0.27,6165.0
1753503362604,04:16:02.604,ALGO/USDT:USDT,0.2698,2580.0,0.2697,4642.0,0.2699,254.0,0.27,6165.0
1753503363804,04:16:03.804,ALGO/USDT:USDT,0.2698,1647.0,0.2697,4605.0,0.2699,620.0,0.27,6165.0
1753503364004,04:16:04.004,ALGO/USDT:USDT,0.2698,1574.0,0.2697,4568.0,0.2699,620.0,0.27,6165.0
1753503364704,04:16:04.704,ALGO/USDT:USDT,0.2698,1255.0,0.2697,5362.0,0.2699,254.0,0.27,6165.0
1753503365004,04:16:05.004,ALGO/USDT:USDT,0.2698,1334.0,0.2697,5177.0,0.2699,254.0,0.27,6165.0
1753503365304,04:16:05.304,ALGO/USDT:USDT,0.2698,1934.0,0.2697,5398.0,0.2699,254.0,0.27,6165.0
1753503365404,04:16:05.404,ALGO/USDT:USDT,0.2698,1934.0,0.2697,5398.0,0.2699,254.0,0.27,6385.0
1753503365604,04:16:05.604,ALGO/USDT:USDT,0.2698,1855.0,0.2697,5213.0,0.2699,254.0,0.27,6385.0
1753503365804,04:16:05.804,ALGO/USDT:USDT,0.2698,1934.0,0.2697,5213.0,0.2699,254.0,0.27,6385.0
1753503365904,04:16:05.904,ALGO/USDT:USDT,0.2698,1934.0,0.2697,5398.0,0.2699,254.0,0.27,6385.0
1753503366204,04:16:06.204,ALGO/USDT:USDT,0.2698,1934.0,0.2697,5398.0,0.2699,254.0,0.27,6385.0
1753503366404,04:16:06.404,ALGO/USDT:USDT,0.2698,1181.0,0.2697,5213.0,0.2699,466.0,0.27,6385.0
1753503366504,04:16:06.504,ALGO/USDT:USDT,0.2698,1181.0,0.2697,5213.0,0.2699,466.0,0.27,6385.0
1753503367504,04:16:07.504,ALGO/USDT:USDT,0.2698,1181.0,0.2697,5213.0,0.2699,254.0,0.27,5785.0
1753503367904,04:16:07.904,ALGO/USDT:USDT,0.2698,1260.0,0.2697,5213.0,0.2699,254.0,0.27,5785.0
1753503368304,04:16:08.304,ALGO/USDT:USDT,0.2698,1181.0,0.2697,5213.0,0.2699,487.0,0.27,5785.0
1753503368404,04:16:08.404,ALGO/USDT:USDT,0.2698,1181.0,0.2697,5213.0,0.2699,487.0,0.27,5785.0
1753503368504,04:16:08.504,ALGO/USDT:USDT,0.2698,1181.0,0.2697,5213.0,0.2699,487.0,0.27,5785.0
1753503368704,04:16:08.704,ALGO/USDT:USDT,0.2698,1181.0,0.2697,5213.0,0.2699,487.0,0.27,5785.0
1753503368804,04:16:08.804,ALGO/USDT:USDT,0.2698,1181.0,0.2697,5213.0,0.2699,487.0,0.27,5785.0
1753503368904,04:16:08.904,ALGO/USDT:USDT,0.2698,1181.0,0.2697,5213.0,0.2699,487.0,0.27,5785.0
1753503369204,04:16:09.204,ALGO/USDT:USDT,0.2698,1181.0,0.2697,5213.0,0.2699,487.0,0.27,5785.0
1753503369304,04:16:09.304,ALGO/USDT:USDT,0.2698,1035.0,0.2697,5177.0,0.2699,2846.0,0.27,3799.0
1753503369404,04:16:09.404,ALGO/USDT:USDT,0.2698,1035.0,0.2697,5177.0,0.2699,3137.0,0.27,3902.0
1753503369504,04:16:09.504,ALGO/USDT:USDT,0.2698,1035.0,0.2697,5177.0,0.2699,3137.0,0.27,3902.0
1753503369604,04:16:09.604,ALGO/USDT:USDT,0.2698,17.0,0.2697,4138.0,0.2699,3137.0,0.27,4011.0
1753503369704,04:16:09.704,ALGO/USDT:USDT,0.2698,17.0,0.2697,3486.0,0.2699,3173.0,0.27,4325.0
1753503369904,04:16:09.904,ALGO/USDT:USDT,0.2698,1900.0,0.2697,4413.0,0.2699,2436.0,0.27,3733.0
1753503370004,04:16:10.004,ALGO/USDT:USDT,0.2698,2114.0,0.2697,4413.0,0.2699,2436.0,0.27,3733.0
1753503370304,04:16:10.304,ALGO/USDT:USDT,0.2698,2114.0,0.2697,4413.0,0.2699,2436.0,0.27,3521.0
1753503370404,04:16:10.404,ALGO/USDT:USDT,0.2698,2333.0,0.2697,4413.0,0.2699,2436.0,0.27,3521.0
1753503370504,04:16:10.504,ALGO/USDT:USDT,0.2698,2518.0,0.2697,4598.0,0.2699,2436.0,0.27,2632.0
1753503370704,04:16:10.704,ALGO/USDT:USDT,0.2698,2592.0,0.2697,4671.0,0.2699,2436.0,0.27,2632.0
1753503371304,04:16:11.304,ALGO/USDT:USDT,0.2698,2116.0,0.2697,4274.0,0.2699,2436.0,0.27,3301.0
1753503371404,04:16:11.404,ALGO/USDT:USDT,0.2698,2195.0,0.2697,4237.0,0.2699,2454.0,0.27,3301.0
1753503371504,04:16:11.504,ALGO/USDT:USDT,0.2698,2592.0,0.2697,4422.0,0.2699,2456.0,0.27,3301.0
1753503371604,04:16:11.604,ALGO/USDT:USDT,0.2698,2592.0,0.2697,4514.0,0.2699,2456.0,0.27,3301.0
1753503371904,04:16:11.904,ALGO/USDT:USDT,0.2698,2592.0,0.2697,4514.0,0.2699,2456.0,0.27,3301.0
1753503372504,04:16:12.504,ALGO/USDT:USDT,0.2698,2592.0,0.2697,4514.0,0.2699,2456.0,0.27,3301.0
1753503372804,04:16:12.804,ALGO/USDT:USDT,0.2698,2116.0,0.2697,4329.0,0.2699,2456.0,0.27,3301.0
1753503373404,04:16:13.404,ALGO/USDT:USDT,0.2698,2116.0,0.2697,4329.0,0.2699,3076.0,0.27,3301.0
1753503373504,04:16:13.504,ALGO/USDT:USDT,0.2698,2116.0,0.2697,4329.0,0.2699,3076.0,0.27,3301.0
1753503373604,04:16:13.604,ALGO/USDT:USDT,0.2698,2116.0,0.2697,4293.0,0.2699,3087.0,0.27,3301.0
1753503373704,04:16:13.704,ALGO/USDT:USDT,0.2698,2592.0,0.2697,4478.0,0.2699,2796.0,0.27,3301.0
1753503373804,04:16:13.804,ALGO/USDT:USDT,0.2698,2592.0,0.2697,4515.0,0.2699,2796.0,0.27,3301.0
1753503374004,04:16:14.004,ALGO/USDT:USDT,0.2698,2380.0,0.2697,4515.0,0.2699,2796.0,0.27,3301.0
1753503374204,04:16:14.204,ALGO/USDT:USDT,0.2698,2380.0,0.2697,4478.0,0.2699,2796.0,0.27,3301.0
1753503374304,04:16:14.304,ALGO/USDT:USDT,0.2698,2380.0,0.2697,4478.0,0.2699,2795.0,0.27,3301.0
1753503374404,04:16:14.404,ALGO/USDT:USDT,0.2698,2380.0,0.2697,4478.0,0.2699,2795.0,0.27,3301.0
1753503374504,04:16:14.504,ALGO/USDT:USDT,0.2698,2380.0,0.2697,4478.0,0.2699,2795.0,0.27,3301.0
1753503375304,04:16:15.304,ALGO/USDT:USDT,0.2698,2042.0,0.2697,4293.0,0.2699,2812.0,0.27,3519.0
1753503375504,04:16:15.504,ALGO/USDT:USDT,0.2698,2333.0,0.2697,4293.0,0.2699,2812.0,0.27,3519.0
1753503375604,04:16:15.604,ALGO/USDT:USDT,0.2698,2592.0,0.2697,4478.0,0.2699,2812.0,0.27,3519.0
1753503376104,04:16:16.104,ALGO/USDT:USDT,0.2698,2116.0,0.2697,4293.0,0.2699,2812.0,0.27,3519.0
1753503376204,04:16:16.204,ALGO/USDT:USDT,0.2698,2116.0,0.2697,4293.0,0.2699,2894.0,0.27,3519.0
1753503376404,04:16:16.404,ALGO/USDT:USDT,0.2698,2116.0,0.2697,4293.0,0.2699,2894.0,0.27,3519.0
1753503376804,04:16:16.804,ALGO/USDT:USDT,0.2698,2042.0,0.2697,4293.0,0.2699,3185.0,0.27,3519.0
1753503377504,04:16:17.504,ALGO/USDT:USDT,0.2698,2042.0,0.2697,4293.0,0.2699,3185.0,0.27,3440.0
1753503378704,04:16:18.704,ALGO/USDT:USDT,0.2698,470.0,0.2697,4293.0,0.2699,3273.0,0.27,3661.0
1753503379404,04:16:19.404,ALGO/USDT:USDT,0.2697,2957.0,0.2696,6809.0,0.2698,1132.0,0.2699,5199.0
1753503379604,04:16:19.604,ALGO/USDT:USDT,0.2697,3176.0,0.2696,6809.0,0.2698,1132.0,0.2699,5199.0
1753503379704,04:16:19.704,ALGO/USDT:USDT,0.2697,3176.0,0.2696,6105.0,0.2698,1132.0,0.2699,5199.0
1753503380004,04:16:20.004,ALGO/USDT:USDT,0.2697,3176.0,0.2696,6105.0,0.2698,1132.0,0.2699,5199.0
1753503380304,04:16:20.304,ALGO/USDT:USDT,0.2697,3431.0,0.2696,6105.0,0.2698,1132.0,0.2699,5120.0
1753503380404,04:16:20.404,ALGO/USDT:USDT,0.2697,3431.0,0.2696,6105.0,0.2698,1132.0,0.2699,5120.0
1753503380704,04:16:20.704,ALGO/USDT:USDT,0.2697,3431.0,0.2696,6105.0,0.2698,1132.0,0.2699,5120.0
1753503381104,04:16:21.104,ALGO/USDT:USDT,0.2697,3140.0,0.2696,6105.0,0.2698,1132.0,0.2699,5120.0
1753503381404,04:16:21.404,ALGO/USDT:USDT,0.2697,3431.0,0.2696,6031.0,0.2698,1132.0,0.2699,5120.0
1753503381504,04:16:21.504,ALGO/USDT:USDT,0.2697,3431.0,0.2696,6318.0,0.2698,426.0,0.2699,5120.0
1753503381804,04:16:21.804,ALGO/USDT:USDT,0.2697,3431.0,0.2696,6318.0,0.2698,426.0,0.2699,5120.0
1753503381904,04:16:21.904,ALGO/USDT:USDT,0.2697,3431.0,0.2696,6688.0,0.2698,426.0,0.2699,5120.0
1753503382304,04:16:22.304,ALGO/USDT:USDT,0.2697,3431.0,0.2696,6695.0,0.2698,426.0,0.2699,5120.0
1753503382604,04:16:22.604,ALGO/USDT:USDT,0.2697,2845.0,0.2696,6106.0,0.2698,640.0,0.2699,5120.0
1753503382804,04:16:22.804,ALGO/USDT:USDT,0.2697,2845.0,0.2696,6291.0,0.2698,428.0,0.2699,5120.0
1753503383004,04:16:23.004,ALGO/USDT:USDT,0.2697,3136.0,0.2696,6291.0,0.2698,428.0,0.2699,5120.0
1753503383304,04:16:23.304,ALGO/USDT:USDT,0.2697,2845.0,0.2696,6291.0,0.2698,428.0,0.2699,5120.0
1753503383404,04:16:23.404,ALGO/USDT:USDT,0.2697,2845.0,0.2696,6291.0,0.2698,719.0,0.2699,5120.0
1753503383504,04:16:23.504,ALGO/USDT:USDT,0.2697,2845.0,0.2696,6291.0,0.2698,719.0,0.2699,5120.0
1753503383604,04:16:23.604,ALGO/USDT:USDT,0.2697,2845.0,0.2696,6106.0,0.2698,719.0,0.2699,5120.0
1753503383704,04:16:23.704,ALGO/USDT:USDT,0.2697,2845.0,0.2696,6291.0,0.2698,719.0,0.2699,5120.0
1753503383804,04:16:23.804,ALGO/USDT:USDT,0.2697,2845.0,0.2696,6291.0,0.2698,507.0,0.2699,5120.0
1753503384304,04:16:24.304,ALGO/USDT:USDT,0.2697,3136.0,0.2696,6291.0,0.2698,428.0,0.2699,5120.0
1753503384404,04:16:24.404,ALGO/USDT:USDT,0.2697,2845.0,0.2696,6291.0,0.2698,428.0,0.2699,5120.0
1753503384604,04:16:24.604,ALGO/USDT:USDT,0.2697,2845.0,0.2696,6291.0,0.2698,428.0,0.2699,5120.0
1753503384704,04:16:24.704,ALGO/USDT:USDT,0.2697,2845.0,0.2696,6291.0,0.2698,258.0,0.2699,5120.0
1753503384904,04:16:24.904,ALGO/USDT:USDT,0.2697,2128.0,0.2696,5885.0,0.2698,1597.0,0.2699,5161.0
1753503385004,04:16:25.004,ALGO/USDT:USDT,0.2697,2128.0,0.2696,5415.0,0.2698,1597.0,0.2699,5161.0
1753503385104,04:16:25.104,ALGO/USDT:USDT,0.2697,2128.0,0.2696,5338.0,0.2698,1518.0,0.2699,5161.0
1753503385204,04:16:25.204,ALGO/USDT:USDT,0.2697,2055.0,0.2696,5116.0,0.2698,1649.0,0.2699,5161.0
1753503385304,04:16:25.304,ALGO/USDT:USDT,0.2697,2055.0,0.2696,5150.0,0.2698,1358.0,0.2699,5161.0
