timestamp,time,symbol,bid1_price,bid1_volume,bid2_price,bid2_volume,ask1_price,ask1_volume,ask2_price,ask2_volume
1753504007551,04:26:47.551,ALGO/USDT:USDT,0.26916,1536.0,0.26915,1000.0,0.26929,1516.0,0.2693,1000.0
1753504008013,04:26:48.013,ALGO/USDT:USDT,0.26916,1536.0,0.26915,1000.0,0.26929,1516.0,0.2693,1000.0
1753504008047,04:26:48.047,ALGO/USDT:USDT,0.26916,1536.0,0.26915,1000.0,0.26929,1516.0,0.2693,1000.0
1753504008049,04:26:48.049,ALGO/USDT:USDT,0.26916,1536.0,0.26915,1000.0,0.26929,1516.0,0.2693,1000.0
1753504008090,04:26:48.090,ALGO/USDT:USDT,0.26916,1536.0,0.26915,1000.0,0.26929,1516.0,0.2693,1000.0
1753504008090,04:26:48.090,ALGO/USDT:USDT,0.26916,1536.0,0.26915,1000.0,0.26929,1516.0,0.2693,1000.0
1753504008242,04:26:48.242,ALGO/USDT:USDT,0.26916,1536.0,0.26915,1000.0,0.26929,1516.0,0.2693,1000.0
1753504008255,04:26:48.255,ALGO/USDT:USDT,0.26916,1536.0,0.26915,1000.0,0.26929,1516.0,0.2693,1000.0
1753504008311,04:26:48.311,ALGO/USDT:USDT,0.26916,1536.0,0.26915,1000.0,0.26929,1516.0,0.2693,1000.0
1753504008342,04:26:48.342,ALGO/USDT:USDT,0.26916,1536.0,0.26915,1000.0,0.26929,1516.0,0.26934,3226.0
1753504008353,04:26:48.353,ALGO/USDT:USDT,0.26916,1536.0,0.26915,1000.0,0.26929,1516.0,0.26934,3226.0
1753504008406,04:26:48.406,ALGO/USDT:USDT,0.26916,1536.0,0.26915,1000.0,0.26929,1516.0,0.26934,3226.0
1753504008415,04:26:48.415,ALGO/USDT:USDT,0.26916,1536.0,0.26915,1000.0,0.26929,1516.0,0.26934,3226.0
1753504008420,04:26:48.420,ALGO/USDT:USDT,0.26916,1536.0,0.26915,1000.0,0.26929,1516.0,0.26934,3226.0
1753504008467,04:26:48.467,ALGO/USDT:USDT,0.26916,1536.0,0.26915,1000.0,0.26929,1516.0,0.26934,3226.0
1753504008469,04:26:48.469,ALGO/USDT:USDT,0.26916,1536.0,0.26915,1000.0,0.26929,1516.0,0.26934,3226.0
1753504008469,04:26:48.469,ALGO/USDT:USDT,0.26916,1536.0,0.26915,1000.0,0.26929,1516.0,0.26934,3226.0
1753504008471,04:26:48.471,ALGO/USDT:USDT,0.26916,1536.0,0.26914,2462.0,0.26929,1516.0,0.26934,3226.0
1753504008473,04:26:48.473,ALGO/USDT:USDT,0.26916,1536.0,0.26914,1536.0,0.26929,1516.0,0.26934,3226.0
1753504008474,04:26:48.474,ALGO/USDT:USDT,0.26916,1536.0,0.26914,1536.0,0.26929,1516.0,0.26934,3226.0
1753504008475,04:26:48.475,ALGO/USDT:USDT,0.26916,1536.0,0.26914,1536.0,0.26929,1516.0,0.26934,3226.0
1753504008477,04:26:48.477,ALGO/USDT:USDT,0.26914,1536.0,0.26913,2088.0,0.26929,1516.0,0.26934,3226.0
1753504008479,04:26:48.479,ALGO/USDT:USDT,0.26914,1536.0,0.26912,1536.0,0.26929,1516.0,0.26934,3226.0
1753504008482,04:26:48.482,ALGO/USDT:USDT,0.26914,1536.0,0.26912,1536.0,0.26929,1516.0,0.26934,3226.0
1753504008484,04:26:48.484,ALGO/USDT:USDT,0.26912,1536.0,0.26911,3175.0,0.26929,1516.0,0.26934,3226.0
1753504008488,04:26:48.488,ALGO/USDT:USDT,0.26912,1536.0,0.26911,1087.0,0.26929,1516.0,0.26934,3226.0
1753504008489,04:26:48.489,ALGO/USDT:USDT,0.26912,1536.0,0.26911,1087.0,0.26929,1516.0,0.26934,3226.0
1753504008491,04:26:48.491,ALGO/USDT:USDT,0.26912,1536.0,0.2691,1536.0,0.26929,1516.0,0.26934,3226.0
1753504008498,04:26:48.498,ALGO/USDT:USDT,0.2691,1536.0,0.26909,1090.0,0.26929,1516.0,0.26934,3226.0
1753504008502,04:26:48.502,ALGO/USDT:USDT,0.2691,1536.0,0.26909,1090.0,0.26929,1516.0,0.26934,3226.0
1753504008505,04:26:48.505,ALGO/USDT:USDT,0.2691,1536.0,0.26908,1545.0,0.26929,1516.0,0.26934,3226.0
1753504008505,04:26:48.505,ALGO/USDT:USDT,0.2691,1536.0,0.26908,1545.0,0.26929,1516.0,0.26934,3226.0
1753504008506,04:26:48.506,ALGO/USDT:USDT,0.2691,1536.0,0.26908,1545.0,0.26929,1516.0,0.26934,3226.0
1753504008508,04:26:48.508,ALGO/USDT:USDT,0.2691,1536.0,0.26908,1545.0,0.26929,1516.0,0.26934,3226.0
1753504008509,04:26:48.509,ALGO/USDT:USDT,0.2691,1536.0,0.26908,1545.0,0.26929,1516.0,0.26934,3226.0
1753504008509,04:26:48.509,ALGO/USDT:USDT,0.2691,1536.0,0.26908,1545.0,0.26929,1516.0,0.26934,3226.0
1753504008510,04:26:48.510,ALGO/USDT:USDT,0.26908,1545.0,0.26907,1117.0,0.26929,1516.0,0.26934,3226.0
1753504008514,04:26:48.514,ALGO/USDT:USDT,0.26908,1545.0,0.26907,1117.0,0.26929,1516.0,0.26934,3226.0
1753504008518,04:26:48.518,ALGO/USDT:USDT,0.26908,1545.0,0.26907,27.0,0.26929,1516.0,0.26934,3226.0
1753504008536,04:26:48.536,ALGO/USDT:USDT,0.26908,1545.0,0.26907,27.0,0.26929,1516.0,0.26934,3226.0
1753504008536,04:26:48.536,ALGO/USDT:USDT,0.26908,1545.0,0.26907,27.0,0.26929,1516.0,0.26934,3226.0
1753504008536,04:26:48.536,ALGO/USDT:USDT,0.26908,1545.0,0.26907,27.0,0.26929,1516.0,0.26934,3226.0
1753504008536,04:26:48.536,ALGO/USDT:USDT,0.26908,1545.0,0.26907,27.0,0.26929,1516.0,0.26934,3226.0
1753504008537,04:26:48.537,ALGO/USDT:USDT,0.26908,1545.0,0.26906,6925.0,0.26929,1516.0,0.26934,3226.0
1753504008537,04:26:48.537,ALGO/USDT:USDT,0.26908,1545.0,0.26906,6925.0,0.26929,1516.0,0.26934,3226.0
1753504008537,04:26:48.537,ALGO/USDT:USDT,0.26908,1545.0,0.26906,6925.0,0.26929,1516.0,0.26934,3226.0
1753504008548,04:26:48.548,ALGO/USDT:USDT,0.26908,1545.0,0.26906,6925.0,0.26929,1516.0,0.26934,3226.0
1753504008548,04:26:48.548,ALGO/USDT:USDT,0.26908,1545.0,0.26906,6925.0,0.26929,1516.0,0.26934,3226.0
1753504008548,04:26:48.548,ALGO/USDT:USDT,0.26908,1545.0,0.26906,6925.0,0.26929,1516.0,0.26934,3226.0
1753504008548,04:26:48.548,ALGO/USDT:USDT,0.26908,1545.0,0.26906,6925.0,0.26929,1516.0,0.26934,3226.0
1753504008548,04:26:48.548,ALGO/USDT:USDT,0.26908,1545.0,0.26906,6925.0,0.26929,1516.0,0.26934,3226.0
1753504008548,04:26:48.548,ALGO/USDT:USDT,0.26908,1545.0,0.26906,6925.0,0.26929,1516.0,0.26934,3226.0
1753504008553,04:26:48.553,ALGO/USDT:USDT,0.26908,1545.0,0.26906,6925.0,0.26929,1516.0,0.26934,3226.0
1753504008559,04:26:48.559,ALGO/USDT:USDT,0.26908,1545.0,0.26906,6925.0,0.26929,1516.0,0.26934,3226.0
1753504008569,04:26:48.569,ALGO/USDT:USDT,0.26908,1545.0,0.26906,6925.0,0.26929,1516.0,0.26934,3226.0
1753504008571,04:26:48.571,ALGO/USDT:USDT,0.26908,1545.0,0.26906,6925.0,0.26929,1516.0,0.26934,3226.0
1753504008571,04:26:48.571,ALGO/USDT:USDT,0.26908,1545.0,0.26906,6925.0,0.26929,1516.0,0.26934,3226.0
1753504008572,04:26:48.572,ALGO/USDT:USDT,0.26908,1545.0,0.26906,6925.0,0.26929,1516.0,0.26934,3226.0
1753504008575,04:26:48.575,ALGO/USDT:USDT,0.26908,1545.0,0.26906,6925.0,0.26929,1516.0,0.26934,3226.0
1753504008575,04:26:48.575,ALGO/USDT:USDT,0.26908,1545.0,0.26906,6925.0,0.26929,1516.0,0.26934,3226.0
1753504008576,04:26:48.576,ALGO/USDT:USDT,0.26908,1545.0,0.26906,6925.0,0.26929,1516.0,0.26934,3226.0
1753504008577,04:26:48.577,ALGO/USDT:USDT,0.26908,1545.0,0.26906,6925.0,0.26929,1516.0,0.26934,3226.0
1753504008577,04:26:48.577,ALGO/USDT:USDT,0.26908,1545.0,0.26906,6925.0,0.26929,1516.0,0.26934,3226.0
1753504008577,04:26:48.577,ALGO/USDT:USDT,0.26908,1545.0,0.26906,6925.0,0.26929,1516.0,0.26934,3226.0
1753504008578,04:26:48.578,ALGO/USDT:USDT,0.26908,1545.0,0.26906,6925.0,0.26929,1516.0,0.26934,3226.0
1753504008585,04:26:48.585,ALGO/USDT:USDT,0.26908,1545.0,0.26906,6925.0,0.26929,1516.0,0.26934,3226.0
1753504008585,04:26:48.585,ALGO/USDT:USDT,0.26908,1545.0,0.26906,6925.0,0.26929,1516.0,0.26934,3226.0
1753504008586,04:26:48.586,ALGO/USDT:USDT,0.26908,1545.0,0.26906,6925.0,0.26929,1516.0,0.26934,3226.0
1753504008586,04:26:48.586,ALGO/USDT:USDT,0.26908,1545.0,0.26906,6925.0,0.26929,1516.0,0.26934,3226.0
1753504008589,04:26:48.589,ALGO/USDT:USDT,0.26908,1545.0,0.26906,6925.0,0.26929,1516.0,0.26934,3226.0
1753504008589,04:26:48.589,ALGO/USDT:USDT,0.26908,1545.0,0.26906,6925.0,0.26929,1516.0,0.26934,3226.0
1753504008589,04:26:48.589,ALGO/USDT:USDT,0.26908,1545.0,0.26906,6925.0,0.26929,1516.0,0.26934,3226.0
1753504008591,04:26:48.591,ALGO/USDT:USDT,0.26908,1545.0,0.26906,6925.0,0.26929,1516.0,0.26934,3226.0
1753504008592,04:26:48.592,ALGO/USDT:USDT,0.26908,1545.0,0.26906,6925.0,0.26929,1516.0,0.26934,3226.0
1753504008594,04:26:48.594,ALGO/USDT:USDT,0.26908,1545.0,0.26906,6925.0,0.26929,1516.0,0.26934,3226.0
1753504008596,04:26:48.596,ALGO/USDT:USDT,0.26908,1545.0,0.26906,6925.0,0.26929,1516.0,0.26934,3226.0
1753504008598,04:26:48.598,ALGO/USDT:USDT,0.26908,1545.0,0.26906,6925.0,0.26929,1516.0,0.26934,3226.0
1753504008599,04:26:48.599,ALGO/USDT:USDT,0.26908,1545.0,0.26906,6925.0,0.26929,1516.0,0.26934,3226.0
1753504008601,04:26:48.601,ALGO/USDT:USDT,0.26908,1545.0,0.26906,6925.0,0.26929,1516.0,0.26934,3226.0
1753504008644,04:26:48.644,ALGO/USDT:USDT,0.26908,1545.0,0.26906,6925.0,0.26929,1516.0,0.26934,3226.0
1753504008677,04:26:48.677,ALGO/USDT:USDT,0.26908,1545.0,0.26906,6925.0,0.26929,1516.0,0.26934,3226.0
1753504008683,04:26:48.683,ALGO/USDT:USDT,0.26908,1545.0,0.26906,6925.0,0.26929,1516.0,0.26934,3226.0
1753504008687,04:26:48.687,ALGO/USDT:USDT,0.26908,1545.0,0.26906,6925.0,0.26929,1516.0,0.26934,3226.0
1753504008695,04:26:48.695,ALGO/USDT:USDT,0.26908,1545.0,0.26906,6925.0,0.26929,1516.0,0.26934,3226.0
1753504008776,04:26:48.776,ALGO/USDT:USDT,0.26908,1545.0,0.26906,6925.0,0.26929,1516.0,0.26934,3226.0
1753504008809,04:26:48.809,ALGO/USDT:USDT,0.26908,1545.0,0.26906,6925.0,0.26929,1516.0,0.26934,3226.0
1753504008998,04:26:48.998,ALGO/USDT:USDT,0.26908,1545.0,0.26906,6925.0,0.26928,418.0,0.26929,1516.0
1753504009001,04:26:49.001,ALGO/USDT:USDT,0.26908,1545.0,0.26906,6925.0,0.26927,1516.0,0.26928,418.0
1753504009002,04:26:49.002,ALGO/USDT:USDT,0.26908,1545.0,0.26906,6925.0,0.26927,1516.0,0.26928,1418.0
1753504009007,04:26:49.007,ALGO/USDT:USDT,0.26908,1545.0,0.26906,6925.0,0.26927,1516.0,0.26928,1418.0
1753504009019,04:26:49.019,ALGO/USDT:USDT,0.26908,1545.0,0.26906,6925.0,0.26927,1516.0,0.26928,1418.0
1753504009021,04:26:49.021,ALGO/USDT:USDT,0.26908,1545.0,0.26906,6925.0,0.26927,1516.0,0.26928,1418.0
1753504009044,04:26:49.044,ALGO/USDT:USDT,0.26908,1545.0,0.26906,6925.0,0.26927,1516.0,0.26928,1000.0
1753504009060,04:26:49.060,ALGO/USDT:USDT,0.26908,1545.0,0.26906,6925.0,0.26927,1516.0,0.26928,1000.0
1753504009074,04:26:49.074,ALGO/USDT:USDT,0.26908,1545.0,0.26906,6925.0,0.26927,1516.0,0.26928,1000.0
1753504009076,04:26:49.076,ALGO/USDT:USDT,0.26908,1545.0,0.26906,6925.0,0.26927,1516.0,0.26928,1000.0
1753504009078,04:26:49.078,ALGO/USDT:USDT,0.26908,1545.0,0.26906,6925.0,0.26927,1516.0,0.26928,1000.0
1753504009084,04:26:49.084,ALGO/USDT:USDT,0.26908,1158.0,0.26906,6925.0,0.26927,2516.0,0.26928,1000.0
1753504009111,04:26:49.111,ALGO/USDT:USDT,0.26908,1158.0,0.26906,6925.0,0.26926,1516.0,0.26927,1000.0
1753504009122,04:26:49.122,ALGO/USDT:USDT,0.26908,1158.0,0.26906,6925.0,0.26926,1516.0,0.26927,1000.0
1753504009164,04:26:49.164,ALGO/USDT:USDT,0.26908,1158.0,0.26906,6925.0,0.26926,1516.0,0.26927,1000.0
1753504009275,04:26:49.275,ALGO/USDT:USDT,0.26908,1158.0,0.26906,6925.0,0.26926,1516.0,0.26927,1000.0
1753504009275,04:26:49.275,ALGO/USDT:USDT,0.26908,1158.0,0.26906,6925.0,0.26926,1516.0,0.26927,1000.0
1753504009538,04:26:49.538,ALGO/USDT:USDT,0.26908,1158.0,0.26906,6925.0,0.26926,1516.0,0.26927,1000.0
1753504009911,04:26:49.911,ALGO/USDT:USDT,0.26908,1158.0,0.26906,6925.0,0.26926,1516.0,0.26927,1000.0
1753504010167,04:26:50.167,ALGO/USDT:USDT,0.26908,1158.0,0.26906,6925.0,0.26926,1516.0,0.26927,1000.0
1753504010167,04:26:50.167,ALGO/USDT:USDT,0.26908,1158.0,0.26906,6925.0,0.26926,1516.0,0.26927,1000.0
1753504010167,04:26:50.167,ALGO/USDT:USDT,0.26908,1158.0,0.26906,6925.0,0.26926,1516.0,0.26927,1000.0
1753504010167,04:26:50.167,ALGO/USDT:USDT,0.26908,1158.0,0.26906,6925.0,0.26926,1516.0,0.26927,1000.0
1753504010167,04:26:50.167,ALGO/USDT:USDT,0.26908,1158.0,0.26906,6925.0,0.26926,1516.0,0.26927,1000.0
1753504010189,04:26:50.189,ALGO/USDT:USDT,0.26908,1158.0,0.26906,6925.0,0.26926,1516.0,0.26927,1000.0
1753504010194,04:26:50.194,ALGO/USDT:USDT,0.26908,1158.0,0.26906,6925.0,0.26926,1516.0,0.26927,1000.0
1753504010194,04:26:50.194,ALGO/USDT:USDT,0.26908,1158.0,0.26906,6925.0,0.26926,1516.0,0.26927,1000.0
1753504010198,04:26:50.198,ALGO/USDT:USDT,0.26908,1158.0,0.26906,6925.0,0.26926,1516.0,0.26927,1000.0
1753504010200,04:26:50.200,ALGO/USDT:USDT,0.26908,1158.0,0.26906,6925.0,0.26926,1516.0,0.26927,1000.0
1753504010201,04:26:50.201,ALGO/USDT:USDT,0.26908,1158.0,0.26906,6925.0,0.26926,1516.0,0.26927,1000.0
1753504010203,04:26:50.203,ALGO/USDT:USDT,0.26908,1158.0,0.26906,6925.0,0.26926,1516.0,0.26927,1000.0
1753504010205,04:26:50.205,ALGO/USDT:USDT,0.26908,1158.0,0.26906,6925.0,0.26926,1516.0,0.26927,1000.0
1753504010205,04:26:50.205,ALGO/USDT:USDT,0.26908,1158.0,0.26906,6925.0,0.26926,1516.0,0.26927,1000.0
1753504010207,04:26:50.207,ALGO/USDT:USDT,0.26908,1158.0,0.26906,6925.0,0.26926,1516.0,0.26927,1000.0
1753504010209,04:26:50.209,ALGO/USDT:USDT,0.26908,1158.0,0.26906,6925.0,0.26926,1516.0,0.26927,1000.0
1753504010210,04:26:50.210,ALGO/USDT:USDT,0.26908,1158.0,0.26906,6925.0,0.26926,1516.0,0.26927,1000.0
1753504010211,04:26:50.211,ALGO/USDT:USDT,0.26908,1158.0,0.26906,6925.0,0.26926,1516.0,0.26927,1000.0
1753504010213,04:26:50.213,ALGO/USDT:USDT,0.26908,1158.0,0.26906,6925.0,0.26926,1516.0,0.26927,1000.0
1753504010289,04:26:50.289,ALGO/USDT:USDT,0.26908,1158.0,0.26906,6925.0,0.26926,1516.0,0.26928,1000.0
1753504011009,04:26:51.009,ALGO/USDT:USDT,0.26908,1158.0,0.26906,6925.0,0.26926,1516.0,0.26928,1000.0
1753504011011,04:26:51.011,ALGO/USDT:USDT,0.26908,1158.0,0.26906,6925.0,0.26926,1516.0,0.26928,1000.0
1753504011011,04:26:51.011,ALGO/USDT:USDT,0.26908,1158.0,0.26906,6925.0,0.26926,1516.0,0.26928,1000.0
1753504011013,04:26:51.013,ALGO/USDT:USDT,0.26908,1158.0,0.26906,6925.0,0.26926,1516.0,0.26928,1000.0
1753504011090,04:26:51.090,ALGO/USDT:USDT,0.26908,1158.0,0.26906,6925.0,0.26926,1516.0,0.26928,1000.0
1753504011093,04:26:51.093,ALGO/USDT:USDT,0.26908,1158.0,0.26906,6925.0,0.26926,1516.0,0.26928,1000.0
1753504011412,04:26:51.412,ALGO/USDT:USDT,0.26908,1158.0,0.26906,6925.0,0.26926,1516.0,0.26928,1000.0
1753504011417,04:26:51.417,ALGO/USDT:USDT,0.26908,1158.0,0.26906,6925.0,0.26926,1516.0,0.26928,1000.0
1753504011696,04:26:51.696,ALGO/USDT:USDT,0.26908,1158.0,0.26906,6925.0,0.26926,1516.0,0.26928,1000.0
1753504011699,04:26:51.699,ALGO/USDT:USDT,0.26908,1158.0,0.26906,6925.0,0.26926,1516.0,0.26928,1000.0
1753504011911,04:26:51.911,ALGO/USDT:USDT,0.26908,1158.0,0.26906,6925.0,0.26926,1516.0,0.26928,1000.0
1753504011930,04:26:51.930,ALGO/USDT:USDT,0.26908,1158.0,0.26906,6925.0,0.26926,1516.0,0.26928,1000.0
1753504011932,04:26:51.932,ALGO/USDT:USDT,0.26908,1158.0,0.26906,6925.0,0.26926,1516.0,0.26929,1516.0
1753504011933,04:26:51.933,ALGO/USDT:USDT,0.26908,1158.0,0.26906,6925.0,0.26926,1516.0,0.26929,1516.0
1753504011934,04:26:51.934,ALGO/USDT:USDT,0.26908,1158.0,0.26906,6925.0,0.26926,1516.0,0.26929,1516.0
1753504011939,04:26:51.939,ALGO/USDT:USDT,0.26908,1158.0,0.26906,6925.0,0.26929,1516.0,0.26931,13748.0
1753504011939,04:26:51.939,ALGO/USDT:USDT,0.26908,1158.0,0.26906,6925.0,0.26929,1516.0,0.26931,12610.0
1753504011945,04:26:51.945,ALGO/USDT:USDT,0.26908,1158.0,0.26906,6925.0,0.26929,1516.0,0.26931,12610.0
1753504011948,04:26:51.948,ALGO/USDT:USDT,0.26908,1158.0,0.26906,6925.0,0.26929,1516.0,0.26931,12610.0
1753504011949,04:26:51.949,ALGO/USDT:USDT,0.26908,1158.0,0.26906,6925.0,0.26929,1516.0,0.26931,12610.0
1753504011953,04:26:51.953,ALGO/USDT:USDT,0.26908,1158.0,0.26906,6925.0,0.26929,1516.0,0.26931,12610.0
1753504011964,04:26:51.964,ALGO/USDT:USDT,0.26908,1158.0,0.26906,6925.0,0.26929,1516.0,0.26931,12610.0
1753504011964,04:26:51.964,ALGO/USDT:USDT,0.26908,1158.0,0.26906,6925.0,0.26929,1516.0,0.26931,12610.0
1753504011964,04:26:51.964,ALGO/USDT:USDT,0.26908,1158.0,0.26906,6925.0,0.26929,1516.0,0.26931,12610.0
1753504011964,04:26:51.964,ALGO/USDT:USDT,0.26908,1158.0,0.26906,6925.0,0.26929,1516.0,0.26931,12610.0
1753504011964,04:26:51.964,ALGO/USDT:USDT,0.26908,1158.0,0.26906,6925.0,0.26929,1516.0,0.26931,12610.0
1753504011980,04:26:51.980,ALGO/USDT:USDT,0.26908,1158.0,0.26906,6925.0,0.26929,1516.0,0.26931,12610.0
1753504011996,04:26:51.996,ALGO/USDT:USDT,0.26908,1158.0,0.26906,6925.0,0.26929,1516.0,0.26931,12610.0
1753504011996,04:26:51.996,ALGO/USDT:USDT,0.26908,1158.0,0.26906,6925.0,0.26929,1516.0,0.26931,12610.0
1753504011997,04:26:51.997,ALGO/USDT:USDT,0.26908,1158.0,0.26906,6925.0,0.26929,1516.0,0.26931,12610.0
1753504011997,04:26:51.997,ALGO/USDT:USDT,0.26908,1158.0,0.26906,6925.0,0.26929,1516.0,0.26931,12610.0
1753504012000,04:26:52.000,ALGO/USDT:USDT,0.26908,1158.0,0.26906,6925.0,0.26929,1516.0,0.26931,12610.0
1753504012000,04:26:52.000,ALGO/USDT:USDT,0.26908,1158.0,0.26906,6925.0,0.26929,1516.0,0.26931,12610.0
1753504012002,04:26:52.002,ALGO/USDT:USDT,0.26908,1158.0,0.26906,6925.0,0.26929,1516.0,0.26931,12610.0
1753504012004,04:26:52.004,ALGO/USDT:USDT,0.26908,1158.0,0.26906,6925.0,0.26929,1516.0,0.26931,12610.0
1753504012006,04:26:52.006,ALGO/USDT:USDT,0.26908,1158.0,0.26906,6925.0,0.26929,1516.0,0.26931,12610.0
1753504012006,04:26:52.006,ALGO/USDT:USDT,0.26908,1158.0,0.26906,6925.0,0.26929,1516.0,0.26931,12610.0
1753504012007,04:26:52.007,ALGO/USDT:USDT,0.26908,1158.0,0.26906,6925.0,0.26929,1516.0,0.26931,12610.0
1753504012008,04:26:52.008,ALGO/USDT:USDT,0.26908,1158.0,0.26906,6925.0,0.26929,1516.0,0.26931,12610.0
1753504012010,04:26:52.010,ALGO/USDT:USDT,0.26908,1158.0,0.26906,6925.0,0.26929,1516.0,0.26931,12610.0
1753504012010,04:26:52.010,ALGO/USDT:USDT,0.26908,1158.0,0.26906,6925.0,0.26929,1516.0,0.26931,12610.0
1753504012011,04:26:52.011,ALGO/USDT:USDT,0.26908,1158.0,0.26906,6925.0,0.26929,1516.0,0.26931,12610.0
1753504012011,04:26:52.011,ALGO/USDT:USDT,0.26908,1158.0,0.26906,6925.0,0.26929,1516.0,0.26931,12610.0
1753504012012,04:26:52.012,ALGO/USDT:USDT,0.26908,1158.0,0.26906,6925.0,0.26929,1516.0,0.26931,12610.0
1753504012014,04:26:52.014,ALGO/USDT:USDT,0.26908,1158.0,0.26906,6925.0,0.26929,1516.0,0.26931,12610.0
1753504012019,04:26:52.019,ALGO/USDT:USDT,0.26908,1158.0,0.26906,6925.0,0.26929,1516.0,0.26931,12610.0
1753504012019,04:26:52.019,ALGO/USDT:USDT,0.26908,1158.0,0.26906,6925.0,0.26929,1516.0,0.26931,12610.0
1753504012025,04:26:52.025,ALGO/USDT:USDT,0.26908,1158.0,0.26906,6925.0,0.26929,1516.0,0.26931,12610.0
1753504012040,04:26:52.040,ALGO/USDT:USDT,0.26908,1158.0,0.26906,6925.0,0.26929,1516.0,0.26931,12610.0
1753504012044,04:26:52.044,ALGO/USDT:USDT,0.26908,1158.0,0.26906,6925.0,0.26929,1516.0,0.26931,12610.0
1753504012054,04:26:52.054,ALGO/USDT:USDT,0.26908,1158.0,0.26906,6925.0,0.26929,1516.0,0.26931,12610.0
1753504012067,04:26:52.067,ALGO/USDT:USDT,0.26908,1158.0,0.26906,6925.0,0.26929,1516.0,0.26931,12610.0
1753504012067,04:26:52.067,ALGO/USDT:USDT,0.26908,1158.0,0.26906,6925.0,0.26929,1516.0,0.26931,12610.0
1753504012067,04:26:52.067,ALGO/USDT:USDT,0.26908,1158.0,0.26906,6925.0,0.26929,1516.0,0.26931,12610.0
1753504012068,04:26:52.068,ALGO/USDT:USDT,0.26908,1158.0,0.26906,6925.0,0.26929,1516.0,0.26931,12610.0
1753504012068,04:26:52.068,ALGO/USDT:USDT,0.26908,1158.0,0.26906,6925.0,0.26929,1516.0,0.26931,12610.0
1753504012069,04:26:52.069,ALGO/USDT:USDT,0.26908,1158.0,0.26906,6925.0,0.26929,1516.0,0.26931,12610.0
1753504012070,04:26:52.070,ALGO/USDT:USDT,0.26908,1158.0,0.26906,6925.0,0.26929,1516.0,0.26931,12610.0
1753504012070,04:26:52.070,ALGO/USDT:USDT,0.26908,1158.0,0.26906,6925.0,0.26929,1516.0,0.26931,12610.0
1753504012072,04:26:52.072,ALGO/USDT:USDT,0.26908,1158.0,0.26906,6925.0,0.26929,1516.0,0.26931,12610.0
1753504012072,04:26:52.072,ALGO/USDT:USDT,0.26908,1158.0,0.26906,6925.0,0.26929,1516.0,0.26931,12610.0
1753504012073,04:26:52.073,ALGO/USDT:USDT,0.26908,1158.0,0.26906,6925.0,0.26929,1516.0,0.26931,12610.0
1753504012074,04:26:52.074,ALGO/USDT:USDT,0.26908,1158.0,0.26906,6925.0,0.26929,1516.0,0.26931,12610.0
1753504012074,04:26:52.074,ALGO/USDT:USDT,0.26908,1158.0,0.26906,6925.0,0.26929,1516.0,0.26931,12610.0
1753504012074,04:26:52.074,ALGO/USDT:USDT,0.26908,1158.0,0.26906,6925.0,0.26929,1516.0,0.26931,12610.0
1753504012135,04:26:52.135,ALGO/USDT:USDT,0.26908,1158.0,0.26906,6925.0,0.26929,1516.0,0.26931,12610.0
1753504012136,04:26:52.136,ALGO/USDT:USDT,0.26908,1158.0,0.26906,6925.0,0.26929,1516.0,0.26931,12610.0
1753504012223,04:26:52.223,ALGO/USDT:USDT,0.26908,1158.0,0.26906,6925.0,0.26929,1516.0,0.26931,12610.0
1753504012223,04:26:52.223,ALGO/USDT:USDT,0.26908,1158.0,0.26906,6925.0,0.26929,1516.0,0.26931,12610.0
1753504012227,04:26:52.227,ALGO/USDT:USDT,0.26908,1158.0,0.26906,6925.0,0.26929,1516.0,0.26931,12610.0
1753504012242,04:26:52.242,ALGO/USDT:USDT,0.26908,1158.0,0.26906,6925.0,0.26929,1516.0,0.26931,12610.0
1753504012298,04:26:52.298,ALGO/USDT:USDT,0.26908,1158.0,0.26906,6925.0,0.26929,2516.0,0.26931,12610.0
1753504012302,04:26:52.302,ALGO/USDT:USDT,0.26908,1158.0,0.26906,6925.0,0.26928,1516.0,0.26929,2516.0
1753504012303,04:26:52.303,ALGO/USDT:USDT,0.26908,1158.0,0.26906,6925.0,0.26928,1516.0,0.26929,1000.0
1753504012307,04:26:52.307,ALGO/USDT:USDT,0.26908,1158.0,0.26906,6925.0,0.26928,2516.0,0.26929,1000.0
1753504012311,04:26:52.311,ALGO/USDT:USDT,0.26908,1158.0,0.26906,6925.0,0.26927,1516.0,0.26928,2516.0
1753504012313,04:26:52.313,ALGO/USDT:USDT,0.26908,1158.0,0.26906,6925.0,0.26927,1516.0,0.26928,1000.0
1753504012344,04:26:52.344,ALGO/USDT:USDT,0.26908,1158.0,0.26906,6925.0,0.26927,1516.0,0.26928,1000.0
1753504012348,04:26:52.348,ALGO/USDT:USDT,0.26908,1158.0,0.26906,6925.0,0.26927,1516.0,0.26928,1000.0
1753504012392,04:26:52.392,ALGO/USDT:USDT,0.26908,1158.0,0.26906,6925.0,0.26927,1516.0,0.26928,1000.0
1753504012392,04:26:52.392,ALGO/USDT:USDT,0.26908,1158.0,0.26906,6925.0,0.26927,1516.0,0.26928,1000.0
1753504012400,04:26:52.400,ALGO/USDT:USDT,0.26908,1158.0,0.26906,6925.0,0.26927,1516.0,0.26928,1000.0
1753504012726,04:26:52.726,ALGO/USDT:USDT,0.26908,1158.0,0.26906,6925.0,0.26927,1516.0,0.26928,1000.0
1753504012817,04:26:52.817,ALGO/USDT:USDT,0.26908,1158.0,0.26906,6925.0,0.26927,1516.0,0.26928,1000.0
1753504013254,04:26:53.254,ALGO/USDT:USDT,0.26908,1158.0,0.26906,6925.0,0.26927,1516.0,0.26928,1000.0
1753504013257,04:26:53.257,ALGO/USDT:USDT,0.26908,1158.0,0.26906,6925.0,0.26927,1516.0,0.26928,1000.0
1753504013259,04:26:53.259,ALGO/USDT:USDT,0.26908,1158.0,0.26906,6925.0,0.26927,1516.0,0.26928,1000.0
1753504013288,04:26:53.288,ALGO/USDT:USDT,0.26908,1158.0,0.26906,6925.0,0.26927,1516.0,0.26931,12610.0
1753504014010,04:26:54.010,ALGO/USDT:USDT,0.26908,1158.0,0.26906,6925.0,0.26927,1516.0,0.26931,12610.0
1753504014012,04:26:54.012,ALGO/USDT:USDT,0.26908,1158.0,0.26906,6925.0,0.26927,1516.0,0.26931,12610.0
1753504014012,04:26:54.012,ALGO/USDT:USDT,0.26908,1158.0,0.26906,6925.0,0.26927,1516.0,0.26931,12610.0
1753504015266,04:26:55.266,ALGO/USDT:USDT,0.26908,2158.0,0.26906,6925.0,0.26927,1516.0,0.26931,12610.0
1753504015268,04:26:55.268,ALGO/USDT:USDT,0.26909,1572.0,0.26908,2158.0,0.26927,1516.0,0.26931,12610.0
1753504015270,04:26:55.270,ALGO/USDT:USDT,0.26909,1572.0,0.26908,1000.0,0.26927,1516.0,0.26931,12610.0
1753504015548,04:26:55.548,ALGO/USDT:USDT,0.26909,1572.0,0.26908,1000.0,0.26927,1516.0,0.26931,12610.0
1753504016212,04:26:56.212,ALGO/USDT:USDT,0.26909,1572.0,0.26908,1000.0,0.26927,1516.0,0.26931,12610.0
1753504016216,04:26:56.216,ALGO/USDT:USDT,0.26909,1572.0,0.26908,1000.0,0.26927,1516.0,0.26931,12610.0
1753504016217,04:26:56.217,ALGO/USDT:USDT,0.26909,1572.0,0.26908,1000.0,0.26927,1516.0,0.26931,12610.0
1753504016222,04:26:56.222,ALGO/USDT:USDT,0.26909,1572.0,0.26906,6925.0,0.26927,1516.0,0.26931,12610.0
1753504016892,04:26:56.892,ALGO/USDT:USDT,0.26909,1572.0,0.26906,6925.0,0.26927,1516.0,0.26931,12610.0
1753504016895,04:26:56.895,ALGO/USDT:USDT,0.26909,1572.0,0.26906,6925.0,0.26927,1516.0,0.26931,12610.0
1753504016896,04:26:56.896,ALGO/USDT:USDT,0.26909,1572.0,0.26906,6925.0,0.26927,1516.0,0.26931,12610.0
1753504016897,04:26:56.897,ALGO/USDT:USDT,0.26909,1572.0,0.26906,6925.0,0.26927,1516.0,0.26931,12610.0
1753504017019,04:26:57.019,ALGO/USDT:USDT,0.26909,1572.0,0.26906,6925.0,0.26926,421.0,0.26927,1516.0
1753504017023,04:26:57.023,ALGO/USDT:USDT,0.26909,1572.0,0.26906,6925.0,0.26926,421.0,0.26927,1516.0
1753504017024,04:26:57.024,ALGO/USDT:USDT,0.26909,1572.0,0.26906,6925.0,0.26925,1572.0,0.26927,1516.0
1753504017027,04:26:57.027,ALGO/USDT:USDT,0.26909,1572.0,0.26906,6925.0,0.26925,1572.0,0.26927,1516.0
1753504017037,04:26:57.037,ALGO/USDT:USDT,0.26909,1572.0,0.26906,6925.0,0.26925,1572.0,0.26927,1516.0
1753504017043,04:26:57.043,ALGO/USDT:USDT,0.26909,1572.0,0.26906,6925.0,0.26925,1572.0,0.26927,1516.0
1753504017090,04:26:57.090,ALGO/USDT:USDT,0.26909,1572.0,0.26906,6925.0,0.26925,1572.0,0.26927,1516.0
1753504017177,04:26:57.177,ALGO/USDT:USDT,0.26909,1572.0,0.26906,6925.0,0.26927,1516.0,0.2693,3228.0
1753504017812,04:26:57.812,ALGO/USDT:USDT,0.26909,1572.0,0.26906,6925.0,0.26927,1516.0,0.2693,3228.0
1753504017813,04:26:57.813,ALGO/USDT:USDT,0.26909,1572.0,0.26906,6925.0,0.26927,1516.0,0.2693,3228.0
1753504017912,04:26:57.912,ALGO/USDT:USDT,0.26909,1572.0,0.26906,6925.0,0.26927,1516.0,0.2693,3228.0
1753504017915,04:26:57.915,ALGO/USDT:USDT,0.26909,1572.0,0.26906,6925.0,0.26927,1516.0,0.2693,3228.0
1753504017917,04:26:57.917,ALGO/USDT:USDT,0.26909,1572.0,0.26906,6925.0,0.26927,1516.0,0.2693,3228.0
1753504017925,04:26:57.925,ALGO/USDT:USDT,0.26909,1572.0,0.26906,6925.0,0.26927,1516.0,0.2693,3228.0
1753504017927,04:26:57.927,ALGO/USDT:USDT,0.26909,1572.0,0.26906,6925.0,0.26927,1516.0,0.2693,3228.0
1753504017964,04:26:57.964,ALGO/USDT:USDT,0.26909,1572.0,0.26906,6925.0,0.26927,1516.0,0.2693,3228.0
1753504017971,04:26:57.971,ALGO/USDT:USDT,0.26909,1572.0,0.26906,6925.0,0.26927,1516.0,0.2693,3228.0
1753504017971,04:26:57.971,ALGO/USDT:USDT,0.26909,1572.0,0.26906,6925.0,0.26927,1516.0,0.2693,3228.0
1753504017972,04:26:57.972,ALGO/USDT:USDT,0.26909,1572.0,0.26906,6925.0,0.26927,1516.0,0.2693,1140.0
1753504017972,04:26:57.972,ALGO/USDT:USDT,0.26909,1572.0,0.26906,6925.0,0.26927,1516.0,0.26932,2088.0
1753504017972,04:26:57.972,ALGO/USDT:USDT,0.26909,1572.0,0.26906,6925.0,0.26927,1516.0,0.26932,2088.0
1753504017972,04:26:57.972,ALGO/USDT:USDT,0.26909,1572.0,0.26906,6925.0,0.26927,1516.0,0.26932,2088.0
1753504017974,04:26:57.974,ALGO/USDT:USDT,0.26909,1572.0,0.26906,6925.0,0.26927,1516.0,0.26932,2088.0
1753504017976,04:26:57.976,ALGO/USDT:USDT,0.26909,1572.0,0.26906,6925.0,0.26927,1516.0,0.26932,2088.0
1753504017978,04:26:57.978,ALGO/USDT:USDT,0.26909,1572.0,0.26906,6925.0,0.26927,1516.0,0.26932,2088.0
1753504017979,04:26:57.979,ALGO/USDT:USDT,0.26909,1572.0,0.26906,6925.0,0.26927,1516.0,0.26932,2088.0
1753504017999,04:26:57.999,ALGO/USDT:USDT,0.26909,3352.0,0.26906,6925.0,0.26927,1516.0,0.26932,2088.0
1753504018003,04:26:58.003,ALGO/USDT:USDT,0.2691,2578.0,0.26909,3352.0,0.26927,1516.0,0.26932,2088.0
1753504018003,04:26:58.003,ALGO/USDT:USDT,0.2691,2578.0,0.26909,1780.0,0.26927,1516.0,0.26932,2088.0
1753504018007,04:26:58.007,ALGO/USDT:USDT,0.2691,1572.0,0.26909,1780.0,0.26927,1516.0,0.26932,2088.0
1753504018008,04:26:58.008,ALGO/USDT:USDT,0.26911,1572.0,0.2691,2572.0,0.26927,1516.0,0.26932,2088.0
1753504018010,04:26:58.010,ALGO/USDT:USDT,0.26911,2344.0,0.2691,1000.0,0.26927,1516.0,0.26932,2088.0
1753504018012,04:26:58.012,ALGO/USDT:USDT,0.26911,2572.0,0.2691,1000.0,0.26927,1516.0,0.26932,2088.0
1753504018013,04:26:58.013,ALGO/USDT:USDT,0.26912,1572.0,0.26911,2572.0,0.26927,1516.0,0.26932,2088.0
1753504018015,04:26:58.015,ALGO/USDT:USDT,0.26912,1572.0,0.26911,1000.0,0.26927,1516.0,0.26932,2088.0
1753504018016,04:26:58.016,ALGO/USDT:USDT,0.26912,2344.0,0.26911,1000.0,0.26927,1516.0,0.26932,2088.0
1753504018016,04:26:58.016,ALGO/USDT:USDT,0.26912,2344.0,0.26911,1000.0,0.26927,1516.0,0.26932,2088.0
1753504018017,04:26:58.017,ALGO/USDT:USDT,0.26912,3344.0,0.26911,1000.0,0.26927,1516.0,0.26932,2088.0
1753504018019,04:26:58.019,ALGO/USDT:USDT,0.26912,2572.0,0.26911,1000.0,0.26927,1516.0,0.26932,2088.0
1753504018019,04:26:58.019,ALGO/USDT:USDT,0.26913,1572.0,0.26912,2572.0,0.26927,1516.0,0.26932,2088.0
1753504018020,04:26:58.020,ALGO/USDT:USDT,0.26913,2344.0,0.26912,2572.0,0.26927,1516.0,0.26932,2088.0
1753504018021,04:26:58.021,ALGO/USDT:USDT,0.26913,2344.0,0.26912,1000.0,0.26927,1516.0,0.26932,2088.0
1753504018022,04:26:58.022,ALGO/USDT:USDT,0.26913,3344.0,0.26912,1000.0,0.26927,1516.0,0.26932,2088.0
1753504018023,04:26:58.023,ALGO/USDT:USDT,0.26913,2572.0,0.26912,1000.0,0.26927,1516.0,0.26932,2088.0
1753504018025,04:26:58.025,ALGO/USDT:USDT,0.26914,1572.0,0.26913,2572.0,0.26927,1516.0,0.26932,2088.0
1753504018025,04:26:58.025,ALGO/USDT:USDT,0.26914,1572.0,0.26913,1000.0,0.26927,1516.0,0.26932,2088.0
1753504018027,04:26:58.027,ALGO/USDT:USDT,0.26914,2344.0,0.26913,1000.0,0.26927,1516.0,0.26932,2088.0
1753504018027,04:26:58.027,ALGO/USDT:USDT,0.26914,2344.0,0.26913,1000.0,0.26927,1516.0,0.26932,2088.0
1753504018029,04:26:58.029,ALGO/USDT:USDT,0.26914,1572.0,0.26913,1000.0,0.26927,1516.0,0.26932,3228.0
1753504018029,04:26:58.029,ALGO/USDT:USDT,0.26914,1572.0,0.26913,1000.0,0.26927,1516.0,0.26932,3228.0
1753504018030,04:26:58.030,ALGO/USDT:USDT,0.26914,1572.0,0.26913,1000.0,0.26927,1516.0,0.26932,3228.0
1753504018030,04:26:58.030,ALGO/USDT:USDT,0.26915,1572.0,0.26914,1572.0,0.26927,1516.0,0.26932,3228.0
1753504018031,04:26:58.031,ALGO/USDT:USDT,0.26915,1572.0,0.26914,2572.0,0.26927,1516.0,0.26932,3228.0
1753504018031,04:26:58.031,ALGO/USDT:USDT,0.26915,1572.0,0.26914,2572.0,0.26927,1516.0,0.26932,3228.0
1753504018035,04:26:58.035,ALGO/USDT:USDT,0.26915,2344.0,0.26914,1000.0,0.26927,1516.0,0.26932,3228.0
1753504018035,04:26:58.035,ALGO/USDT:USDT,0.26915,1572.0,0.26914,1000.0,0.26927,1516.0,0.26932,3228.0
1753504018036,04:26:58.036,ALGO/USDT:USDT,0.26915,1572.0,0.26914,1000.0,0.26927,1516.0,0.26932,3228.0
1753504018039,04:26:58.039,ALGO/USDT:USDT,0.26915,1572.0,0.26914,1000.0,0.26927,1516.0,0.26932,3228.0
1753504018039,04:26:58.039,ALGO/USDT:USDT,0.26916,1572.0,0.26914,1000.0,0.26927,1516.0,0.26932,3228.0
1753504018039,04:26:58.039,ALGO/USDT:USDT,0.26916,1572.0,0.26914,1000.0,0.26927,1516.0,0.26932,3228.0
1753504018039,04:26:58.039,ALGO/USDT:USDT,0.26916,1572.0,0.26914,1000.0,0.26927,1516.0,0.26932,3228.0
1753504018039,04:26:58.039,ALGO/USDT:USDT,0.26916,1572.0,0.26914,1000.0,0.26927,1516.0,0.26932,3228.0
1753504018041,04:26:58.041,ALGO/USDT:USDT,0.26916,1572.0,0.26914,1772.0,0.26927,1516.0,0.26932,3228.0
1753504018043,04:26:58.043,ALGO/USDT:USDT,0.26916,1572.0,0.26914,1772.0,0.26927,1516.0,0.26932,3228.0
1753504018049,04:26:58.049,ALGO/USDT:USDT,0.26916,1572.0,0.26914,1772.0,0.26927,1516.0,0.26932,3228.0
1753504018053,04:26:58.053,ALGO/USDT:USDT,0.26916,1572.0,0.26914,1772.0,0.26927,1516.0,0.26932,3228.0
1753504018053,04:26:58.053,ALGO/USDT:USDT,0.26916,1572.0,0.26914,1772.0,0.26927,1516.0,0.26932,3228.0
1753504018053,04:26:58.053,ALGO/USDT:USDT,0.26916,1572.0,0.26914,1772.0,0.26927,1516.0,0.26932,3228.0
1753504018054,04:26:58.054,ALGO/USDT:USDT,0.26916,1572.0,0.26914,1772.0,0.26927,1516.0,0.26932,3228.0
1753504018058,04:26:58.058,ALGO/USDT:USDT,0.26916,1572.0,0.26914,1772.0,0.26927,1516.0,0.26932,3228.0
1753504018061,04:26:58.061,ALGO/USDT:USDT,0.26916,1572.0,0.26914,1772.0,0.26927,1516.0,0.26932,3228.0
1753504018061,04:26:58.061,ALGO/USDT:USDT,0.26916,1572.0,0.26914,1772.0,0.26927,1516.0,0.26932,3228.0
1753504018061,04:26:58.061,ALGO/USDT:USDT,0.26916,1572.0,0.26914,1772.0,0.26927,1516.0,0.26932,3228.0
1753504018072,04:26:58.072,ALGO/USDT:USDT,0.26916,1572.0,0.26914,1772.0,0.26927,1516.0,0.26932,3228.0
1753504018074,04:26:58.074,ALGO/USDT:USDT,0.26916,1572.0,0.26914,1772.0,0.26927,1516.0,0.26932,3228.0
1753504018075,04:26:58.075,ALGO/USDT:USDT,0.26916,1572.0,0.26914,1772.0,0.26927,1516.0,0.26932,3228.0
1753504018077,04:26:58.077,ALGO/USDT:USDT,0.26916,1572.0,0.26914,1772.0,0.26927,1516.0,0.26932,3228.0
1753504018080,04:26:58.080,ALGO/USDT:USDT,0.26916,1572.0,0.26914,1772.0,0.26927,1516.0,0.26932,3228.0
1753504018080,04:26:58.080,ALGO/USDT:USDT,0.26916,1572.0,0.26914,1772.0,0.26927,1516.0,0.26932,3228.0
1753504018082,04:26:58.082,ALGO/USDT:USDT,0.26916,1572.0,0.26914,1772.0,0.26927,1516.0,0.26932,3228.0
1753504018082,04:26:58.082,ALGO/USDT:USDT,0.26916,1572.0,0.26914,1772.0,0.26927,1516.0,0.26932,3228.0
1753504018084,04:26:58.084,ALGO/USDT:USDT,0.26916,1572.0,0.26914,1772.0,0.26927,1516.0,0.26932,3228.0
1753504018084,04:26:58.084,ALGO/USDT:USDT,0.26916,1572.0,0.26914,1772.0,0.26927,1516.0,0.26932,3228.0
1753504018085,04:26:58.085,ALGO/USDT:USDT,0.26916,1572.0,0.26914,1772.0,0.26927,1516.0,0.26932,3228.0
1753504018086,04:26:58.086,ALGO/USDT:USDT,0.26916,1572.0,0.26914,1772.0,0.26927,1516.0,0.26932,3228.0
1753504018086,04:26:58.086,ALGO/USDT:USDT,0.26916,1572.0,0.26914,1772.0,0.26927,1516.0,0.26932,3228.0
1753504018087,04:26:58.087,ALGO/USDT:USDT,0.26916,1572.0,0.26914,1772.0,0.26927,1516.0,0.26932,3228.0
1753504018088,04:26:58.088,ALGO/USDT:USDT,0.26916,1572.0,0.26914,1772.0,0.26927,1516.0,0.26932,3228.0
1753504018089,04:26:58.089,ALGO/USDT:USDT,0.26916,1572.0,0.26914,1772.0,0.26927,1516.0,0.26932,3228.0
1753504018090,04:26:58.090,ALGO/USDT:USDT,0.26916,1572.0,0.26914,1772.0,0.26927,1516.0,0.26932,3228.0
1753504018090,04:26:58.090,ALGO/USDT:USDT,0.26916,1572.0,0.26914,1772.0,0.26927,1516.0,0.26932,3228.0
1753504018090,04:26:58.090,ALGO/USDT:USDT,0.26916,1572.0,0.26914,1772.0,0.26927,1516.0,0.26932,3228.0
1753504018092,04:26:58.092,ALGO/USDT:USDT,0.26916,1572.0,0.26914,1772.0,0.26927,1516.0,0.26932,3228.0
1753504018094,04:26:58.094,ALGO/USDT:USDT,0.26916,1572.0,0.26914,1772.0,0.26927,1516.0,0.26932,3228.0
1753504018095,04:26:58.095,ALGO/USDT:USDT,0.26916,1572.0,0.26914,1772.0,0.26927,1516.0,0.26932,3228.0
1753504018096,04:26:58.096,ALGO/USDT:USDT,0.26916,1572.0,0.26914,1772.0,0.26927,1516.0,0.26932,3228.0
1753504018097,04:26:58.097,ALGO/USDT:USDT,0.26916,1572.0,0.26914,1772.0,0.26927,1516.0,0.26932,3228.0
1753504018097,04:26:58.097,ALGO/USDT:USDT,0.26916,1572.0,0.26914,1772.0,0.26927,1516.0,0.26932,3228.0
1753504018098,04:26:58.098,ALGO/USDT:USDT,0.26916,1572.0,0.26914,1772.0,0.26927,1516.0,0.26932,3228.0
1753504018099,04:26:58.099,ALGO/USDT:USDT,0.26916,1572.0,0.26914,1772.0,0.26927,1516.0,0.26932,3228.0
1753504018101,04:26:58.101,ALGO/USDT:USDT,0.26916,1572.0,0.26914,1772.0,0.26927,1516.0,0.26932,3228.0
1753504018101,04:26:58.101,ALGO/USDT:USDT,0.26916,1572.0,0.26914,1772.0,0.26927,1516.0,0.26932,3228.0
1753504018103,04:26:58.103,ALGO/USDT:USDT,0.26916,1572.0,0.26914,1772.0,0.26927,1516.0,0.26932,3228.0
1753504018103,04:26:58.103,ALGO/USDT:USDT,0.26916,1572.0,0.26914,1772.0,0.26927,1516.0,0.26932,3228.0
1753504018103,04:26:58.103,ALGO/USDT:USDT,0.26916,1572.0,0.26914,1772.0,0.26927,1516.0,0.26932,3228.0
1753504018105,04:26:58.105,ALGO/USDT:USDT,0.26916,1572.0,0.26914,1772.0,0.26927,1516.0,0.26932,3228.0
1753504018105,04:26:58.105,ALGO/USDT:USDT,0.26916,1572.0,0.26914,1772.0,0.26927,1516.0,0.26932,3228.0
1753504018107,04:26:58.107,ALGO/USDT:USDT,0.26916,1572.0,0.26914,1772.0,0.26927,1516.0,0.26932,3228.0
1753504018109,04:26:58.109,ALGO/USDT:USDT,0.26916,1572.0,0.26914,1772.0,0.26927,1516.0,0.26932,3228.0
1753504018109,04:26:58.109,ALGO/USDT:USDT,0.26916,1572.0,0.26914,1772.0,0.26927,1516.0,0.26932,3228.0
1753504018490,04:26:58.490,ALGO/USDT:USDT,0.26916,1572.0,0.26914,1772.0,0.26927,1516.0,0.26932,3228.0
1753504018537,04:26:58.537,ALGO/USDT:USDT,0.26916,1572.0,0.26914,1772.0,0.26927,1516.0,0.26932,3228.0
1753504018638,04:26:58.638,ALGO/USDT:USDT,0.26916,1572.0,0.26914,1772.0,0.26927,1516.0,0.26932,3228.0
1753504018640,04:26:58.640,ALGO/USDT:USDT,0.26916,1572.0,0.26914,1772.0,0.26927,1516.0,0.26932,3228.0
1753504018890,04:26:58.890,ALGO/USDT:USDT,0.26916,1572.0,0.26914,1772.0,0.26927,1516.0,0.26932,3228.0
1753504018892,04:26:58.892,ALGO/USDT:USDT,0.26916,1572.0,0.26914,1772.0,0.26927,1516.0,0.26932,3228.0
1753504018895,04:26:58.895,ALGO/USDT:USDT,0.26916,1572.0,0.26914,1772.0,0.26927,1516.0,0.26932,3228.0
1753504019138,04:26:59.138,ALGO/USDT:USDT,0.26916,1572.0,0.26914,1772.0,0.26927,1516.0,0.26932,3228.0
1753504019141,04:26:59.141,ALGO/USDT:USDT,0.26916,1572.0,0.26914,1772.0,0.26932,3228.0,0.26934,18444.0
1753504019150,04:26:59.150,ALGO/USDT:USDT,0.26916,1572.0,0.26914,1772.0,0.26932,3228.0,0.26934,18444.0
1753504019151,04:26:59.151,ALGO/USDT:USDT,0.26916,1572.0,0.26914,1772.0,0.26934,16356.0,0.26935,3032.0
1753504019168,04:26:59.168,ALGO/USDT:USDT,0.26916,1572.0,0.26914,1772.0,0.26931,1572.0,0.26934,16356.0
1753504019181,04:26:59.181,ALGO/USDT:USDT,0.26916,1572.0,0.26914,1772.0,0.26931,1572.0,0.26934,16356.0
1753504019239,04:26:59.239,ALGO/USDT:USDT,0.26916,1572.0,0.26914,1772.0,0.26931,1572.0,0.26934,16356.0
1753504019241,04:26:59.241,ALGO/USDT:USDT,0.26916,1572.0,0.26914,1772.0,0.26931,1572.0,0.26934,16356.0
1753504019299,04:26:59.299,ALGO/USDT:USDT,0.26916,1572.0,0.26914,1772.0,0.26931,1572.0,0.26934,16356.0
1753504019363,04:26:59.363,ALGO/USDT:USDT,0.26916,1572.0,0.26914,1772.0,0.26931,1572.0,0.26934,16356.0
1753504019363,04:26:59.363,ALGO/USDT:USDT,0.26916,1572.0,0.26914,1772.0,0.26931,1572.0,0.26934,16356.0
1753504019384,04:26:59.384,ALGO/USDT:USDT,0.26916,1572.0,0.26914,1772.0,0.26931,1572.0,0.26934,16356.0
1753504019384,04:26:59.384,ALGO/USDT:USDT,0.26916,1572.0,0.26914,1772.0,0.26931,1572.0,0.26934,16356.0
1753504019414,04:26:59.414,ALGO/USDT:USDT,0.26916,1572.0,0.26914,1772.0,0.26931,1572.0,0.26934,16356.0
1753504019418,04:26:59.418,ALGO/USDT:USDT,0.26916,1572.0,0.26914,1772.0,0.26931,1572.0,0.26934,16356.0
1753504019424,04:26:59.424,ALGO/USDT:USDT,0.26916,1572.0,0.26914,1772.0,0.26931,1572.0,0.26934,16356.0
1753504019428,04:26:59.428,ALGO/USDT:USDT,0.26916,1572.0,0.26914,1772.0,0.26931,1572.0,0.26934,16356.0
1753504019430,04:26:59.430,ALGO/USDT:USDT,0.26916,1572.0,0.26914,1772.0,0.26931,1572.0,0.26934,16356.0
1753504019447,04:26:59.447,ALGO/USDT:USDT,0.26916,1572.0,0.26914,1772.0,0.26931,1572.0,0.26934,16356.0
1753504019472,04:26:59.472,ALGO/USDT:USDT,0.26916,1572.0,0.26914,1772.0,0.26931,1572.0,0.26934,16356.0
1753504019710,04:26:59.710,ALGO/USDT:USDT,0.26916,1572.0,0.26914,1772.0,0.26931,1572.0,0.26934,16356.0
1753504019710,04:26:59.710,ALGO/USDT:USDT,0.26916,1572.0,0.26914,1772.0,0.26931,1572.0,0.26934,16356.0
1753504019710,04:26:59.710,ALGO/USDT:USDT,0.26916,1572.0,0.26914,1772.0,0.26931,1572.0,0.26934,16356.0
1753504019710,04:26:59.710,ALGO/USDT:USDT,0.26916,1572.0,0.26914,1772.0,0.26931,1572.0,0.26934,16356.0
1753504019741,04:26:59.741,ALGO/USDT:USDT,0.26916,1572.0,0.26914,1772.0,0.26931,1572.0,0.26934,16356.0
1753504019741,04:26:59.741,ALGO/USDT:USDT,0.26916,1572.0,0.26914,1772.0,0.26931,1572.0,0.26934,16356.0
1753504019742,04:26:59.742,ALGO/USDT:USDT,0.26916,1572.0,0.26914,1772.0,0.26931,1572.0,0.26934,16356.0
1753504019745,04:26:59.745,ALGO/USDT:USDT,0.26916,1572.0,0.26914,1772.0,0.26931,1572.0,0.26934,16356.0
1753504019745,04:26:59.745,ALGO/USDT:USDT,0.26916,1572.0,0.26914,1772.0,0.26931,1572.0,0.26934,16356.0
1753504019747,04:26:59.747,ALGO/USDT:USDT,0.26916,1572.0,0.26914,1772.0,0.26931,1572.0,0.26934,16356.0
1753504019747,04:26:59.747,ALGO/USDT:USDT,0.26916,1572.0,0.26914,1772.0,0.26931,1572.0,0.26934,16356.0
1753504019748,04:26:59.748,ALGO/USDT:USDT,0.26916,1572.0,0.26914,1772.0,0.26931,1572.0,0.26934,16356.0
1753504019751,04:26:59.751,ALGO/USDT:USDT,0.26916,1572.0,0.26914,1772.0,0.26931,1572.0,0.26934,16356.0
1753504019752,04:26:59.752,ALGO/USDT:USDT,0.26916,1572.0,0.26914,1772.0,0.26931,1572.0,0.26934,16356.0
1753504019752,04:26:59.752,ALGO/USDT:USDT,0.26916,1572.0,0.26914,1772.0,0.26931,1572.0,0.26934,16356.0
1753504019753,04:26:59.753,ALGO/USDT:USDT,0.26916,1572.0,0.26914,1772.0,0.26931,1572.0,0.26934,16356.0
1753504019755,04:26:59.755,ALGO/USDT:USDT,0.26916,1572.0,0.26914,1772.0,0.26931,1572.0,0.26934,16356.0
1753504019757,04:26:59.757,ALGO/USDT:USDT,0.26916,1572.0,0.26914,1772.0,0.26931,1572.0,0.26934,16356.0
1753504019874,04:26:59.874,ALGO/USDT:USDT,0.26916,1572.0,0.26914,1772.0,0.26931,1572.0,0.26934,16356.0
1753504019874,04:26:59.874,ALGO/USDT:USDT,0.26916,1572.0,0.26914,1772.0,0.26931,1572.0,0.26934,16356.0
1753504019874,04:26:59.874,ALGO/USDT:USDT,0.26916,1572.0,0.26914,1772.0,0.26931,1572.0,0.26934,16356.0
1753504019908,04:26:59.908,ALGO/USDT:USDT,0.26916,1572.0,0.26914,1772.0,0.26931,1572.0,0.26934,16356.0
1753504019909,04:26:59.909,ALGO/USDT:USDT,0.26916,1572.0,0.26914,1772.0,0.26931,1572.0,0.26934,16356.0
1753504019911,04:26:59.911,ALGO/USDT:USDT,0.26916,1572.0,0.26914,1772.0,0.26931,1572.0,0.26934,16356.0
1753504019913,04:26:59.913,ALGO/USDT:USDT,0.26916,1572.0,0.26914,1772.0,0.26931,1572.0,0.26934,16356.0
1753504019915,04:26:59.915,ALGO/USDT:USDT,0.26916,1572.0,0.26914,1772.0,0.26931,1572.0,0.26934,16356.0
1753504019916,04:26:59.916,ALGO/USDT:USDT,0.26916,1572.0,0.26914,1772.0,0.26931,1572.0,0.26934,16356.0
1753504019919,04:26:59.919,ALGO/USDT:USDT,0.26916,1572.0,0.26914,1772.0,0.26931,1572.0,0.26934,16356.0
1753504019919,04:26:59.919,ALGO/USDT:USDT,0.26916,1572.0,0.26914,1772.0,0.26931,1572.0,0.26934,16356.0
1753504019921,04:26:59.921,ALGO/USDT:USDT,0.26916,1572.0,0.26914,1772.0,0.26931,1572.0,0.26934,16356.0
1753504019922,04:26:59.922,ALGO/USDT:USDT,0.26916,1572.0,0.26914,1772.0,0.26931,1572.0,0.26934,16356.0
1753504019924,04:26:59.924,ALGO/USDT:USDT,0.26916,1572.0,0.26914,1772.0,0.26931,1572.0,0.26934,16356.0
1753504020025,04:27:00.025,ALGO/USDT:USDT,0.26916,1572.0,0.26914,1772.0,0.26931,1572.0,0.26934,16356.0
1753504020031,04:27:00.031,ALGO/USDT:USDT,0.26916,1572.0,0.26914,1772.0,0.26931,1572.0,0.26934,16356.0
1753504020067,04:27:00.067,ALGO/USDT:USDT,0.26916,1572.0,0.26914,1772.0,0.26931,1572.0,0.26934,16356.0
1753504020313,04:27:00.313,ALGO/USDT:USDT,0.26916,1572.0,0.26914,1772.0,0.26931,1572.0,0.26934,16356.0
1753504020315,04:27:00.315,ALGO/USDT:USDT,0.26916,1572.0,0.26914,1772.0,0.26931,1572.0,0.26934,16356.0
1753504020319,04:27:00.319,ALGO/USDT:USDT,0.26916,1572.0,0.26914,1772.0,0.26931,1572.0,0.26934,16356.0
1753504020319,04:27:00.319,ALGO/USDT:USDT,0.26916,1572.0,0.26914,1772.0,0.26931,1572.0,0.26934,16356.0
1753504020323,04:27:00.323,ALGO/USDT:USDT,0.26916,1572.0,0.26914,1772.0,0.26931,1572.0,0.26934,16356.0
1753504020429,04:27:00.429,ALGO/USDT:USDT,0.26916,1572.0,0.26914,1772.0,0.26931,1572.0,0.26934,16356.0
1753504020436,04:27:00.436,ALGO/USDT:USDT,0.26916,1572.0,0.26914,1772.0,0.26931,1572.0,0.26934,16356.0
1753504020510,04:27:00.510,ALGO/USDT:USDT,0.26916,1572.0,0.26914,1772.0,0.26931,1572.0,0.26934,16356.0
1753504020619,04:27:00.619,ALGO/USDT:USDT,0.26916,1572.0,0.26914,1772.0,0.26931,1572.0,0.26934,16356.0
1753504020623,04:27:00.623,ALGO/USDT:USDT,0.26916,1572.0,0.26914,1772.0,0.26931,1572.0,0.26934,16356.0
1753504020949,04:27:00.949,ALGO/USDT:USDT,0.26916,1572.0,0.26914,1772.0,0.26931,1572.0,0.26934,16356.0
1753504020949,04:27:00.949,ALGO/USDT:USDT,0.26916,1572.0,0.26914,1772.0,0.26931,1572.0,0.26934,16356.0
1753504020951,04:27:00.951,ALGO/USDT:USDT,0.26916,1572.0,0.26914,1772.0,0.26931,1572.0,0.26934,16356.0
1753504021016,04:27:01.016,ALGO/USDT:USDT,0.26916,1572.0,0.26914,1772.0,0.26931,1572.0,0.26934,16356.0
1753504021020,04:27:01.020,ALGO/USDT:USDT,0.26916,1572.0,0.26914,1772.0,0.26931,1572.0,0.26934,16356.0
1753504021101,04:27:01.101,ALGO/USDT:USDT,0.26916,1572.0,0.26914,1772.0,0.26931,1572.0,0.26934,16356.0
1753504021105,04:27:01.105,ALGO/USDT:USDT,0.26916,1572.0,0.26914,1772.0,0.26931,1572.0,0.26934,16356.0
1753504021784,04:27:01.784,ALGO/USDT:USDT,0.26916,1572.0,0.26914,1772.0,0.26931,1572.0,0.26934,16356.0
1753504021789,04:27:01.789,ALGO/USDT:USDT,0.26916,1572.0,0.26914,1772.0,0.26931,1572.0,0.26934,16356.0
1753504021876,04:27:01.876,ALGO/USDT:USDT,0.26916,1572.0,0.26914,1772.0,0.26931,1572.0,0.26934,16356.0
1753504021878,04:27:01.878,ALGO/USDT:USDT,0.26916,1572.0,0.26914,1772.0,0.26931,1572.0,0.26934,16356.0
1753504022509,04:27:02.509,ALGO/USDT:USDT,0.26916,1572.0,0.26914,1772.0,0.26931,1572.0,0.26934,16356.0
1753504022509,04:27:02.509,ALGO/USDT:USDT,0.26916,1572.0,0.26914,1772.0,0.26931,1572.0,0.26934,16356.0
1753504022511,04:27:02.511,ALGO/USDT:USDT,0.26916,1572.0,0.26914,1772.0,0.26934,16356.0,0.26935,3032.0
1753504022512,04:27:02.512,ALGO/USDT:USDT,0.26916,1572.0,0.26914,1772.0,0.26934,16356.0,0.26935,1487.0
1753504022514,04:27:02.514,ALGO/USDT:USDT,0.26916,1572.0,0.26914,1772.0,0.26934,16356.0,0.26935,1487.0
1753504022515,04:27:02.515,ALGO/USDT:USDT,0.26916,1572.0,0.26914,1772.0,0.26934,16356.0,0.26935,1487.0
1753504022516,04:27:02.516,ALGO/USDT:USDT,0.26916,1572.0,0.26914,1772.0,0.26934,16356.0,0.26935,1487.0
1753504022517,04:27:02.517,ALGO/USDT:USDT,0.26916,1572.0,0.26914,1772.0,0.26933,1572.0,0.26934,16356.0
1753504022537,04:27:02.537,ALGO/USDT:USDT,0.26916,1572.0,0.26914,1772.0,0.26935,1487.0,0.26937,2088.0
1753504022537,04:27:02.537,ALGO/USDT:USDT,0.26916,1572.0,0.26914,1772.0,0.26935,1487.0,0.26937,2088.0
1753504022537,04:27:02.537,ALGO/USDT:USDT,0.26916,1572.0,0.26914,2536.0,0.26935,1487.0,0.26937,2088.0
1753504022539,04:27:02.539,ALGO/USDT:USDT,0.26916,1572.0,0.26914,2536.0,0.26935,1487.0,0.26939,3653.0
1753504022541,04:27:02.541,ALGO/USDT:USDT,0.26916,1572.0,0.26914,2536.0,0.26939,3653.0,0.2694,4187.0
1753504022542,04:27:02.542,ALGO/USDT:USDT,0.26916,1572.0,0.26914,2536.0,0.26939,3653.0,0.2694,4187.0
1753504022543,04:27:02.543,ALGO/USDT:USDT,0.26916,1572.0,0.26914,2536.0,0.26939,3653.0,0.2694,2114.0
1753504022544,04:27:02.544,ALGO/USDT:USDT,0.26916,1572.0,0.26914,2536.0,0.26939,3653.0,0.2694,2114.0
1753504022544,04:27:02.544,ALGO/USDT:USDT,0.26916,1572.0,0.26914,2536.0,0.26939,3653.0,0.2694,27.0
1753504022546,04:27:02.546,ALGO/USDT:USDT,0.26916,1572.0,0.26914,2536.0,0.26939,1566.0,0.2694,27.0
1753504022547,04:27:02.547,ALGO/USDT:USDT,0.26916,1572.0,0.26914,2536.0,0.2694,27.0,0.26941,1572.0
1753504022548,04:27:02.548,ALGO/USDT:USDT,0.26916,1572.0,0.26914,2536.0,0.2694,27.0,0.26941,1572.0
1753504022548,04:27:02.548,ALGO/USDT:USDT,0.26916,1572.0,0.26914,2536.0,0.2694,27.0,0.26941,1572.0
1753504022551,04:27:02.551,ALGO/USDT:USDT,0.26916,1572.0,0.26914,2536.0,0.26939,1572.0,0.2694,27.0
1753504022552,04:27:02.552,ALGO/USDT:USDT,0.26916,1572.0,0.26914,2536.0,0.26939,1572.0,0.2694,27.0
1753504022552,04:27:02.552,ALGO/USDT:USDT,0.26916,1572.0,0.26914,2536.0,0.26939,1572.0,0.2694,27.0
1753504022553,04:27:02.553,ALGO/USDT:USDT,0.26916,1572.0,0.26914,2536.0,0.2694,27.0,0.26941,1572.0
1753504022554,04:27:02.554,ALGO/USDT:USDT,0.26916,1572.0,0.26914,2536.0,0.2694,27.0,0.26941,1572.0
1753504022554,04:27:02.554,ALGO/USDT:USDT,0.26916,1572.0,0.26914,2536.0,0.2694,27.0,0.26941,1572.0
1753504022558,04:27:02.558,ALGO/USDT:USDT,0.26916,1572.0,0.26914,2536.0,0.2694,1599.0,0.26941,1572.0
1753504022561,04:27:02.561,ALGO/USDT:USDT,0.26916,1572.0,0.26914,2536.0,0.2694,1599.0,0.26942,1572.0
1753504022561,04:27:02.561,ALGO/USDT:USDT,0.26916,1572.0,0.26914,2536.0,0.26939,1572.0,0.2694,1599.0
1753504022563,04:27:02.563,ALGO/USDT:USDT,0.26916,1572.0,0.26914,2536.0,0.26939,1572.0,0.2694,27.0
1753504022567,04:27:02.567,ALGO/USDT:USDT,0.26916,1572.0,0.26914,2536.0,0.26939,1572.0,0.2694,27.0
1753504022569,04:27:02.569,ALGO/USDT:USDT,0.26916,1572.0,0.26914,2536.0,0.26939,1572.0,0.2694,27.0
1753504022570,04:27:02.570,ALGO/USDT:USDT,0.26916,1572.0,0.26914,2536.0,0.26939,1572.0,0.2694,27.0
1753504022572,04:27:02.572,ALGO/USDT:USDT,0.26916,1572.0,0.26914,2536.0,0.26939,1572.0,0.2694,27.0
1753504022573,04:27:02.573,ALGO/USDT:USDT,0.26917,16336.0,0.26916,1572.0,0.26939,1572.0,0.2694,27.0
1753504022575,04:27:02.575,ALGO/USDT:USDT,0.26917,16336.0,0.26916,1572.0,0.26939,1572.0,0.2694,27.0
1753504022576,04:27:02.576,ALGO/USDT:USDT,0.26918,4901.0,0.26917,16336.0,0.26939,1572.0,0.2694,27.0
1753504022577,04:27:02.577,ALGO/USDT:USDT,0.26918,6473.0,0.26917,16336.0,0.26939,1572.0,0.2694,27.0
1753504022579,04:27:02.579,ALGO/USDT:USDT,0.26919,1572.0,0.26918,6473.0,0.26939,1572.0,0.2694,27.0
1753504022581,04:27:02.581,ALGO/USDT:USDT,0.26919,1572.0,0.26918,6473.0,0.26939,1572.0,0.2694,27.0
1753504022581,04:27:02.581,ALGO/USDT:USDT,0.26919,1572.0,0.26918,6473.0,0.26939,1572.0,0.2694,27.0
1753504022581,04:27:02.581,ALGO/USDT:USDT,0.26919,1572.0,0.26918,6473.0,0.26939,1572.0,0.26942,1520.0
1753504022581,04:27:02.581,ALGO/USDT:USDT,0.26919,1572.0,0.26918,6473.0,0.26939,1572.0,0.26942,1520.0
1753504022581,04:27:02.581,ALGO/USDT:USDT,0.26919,1572.0,0.26918,6473.0,0.26939,1572.0,0.26942,1520.0
1753504022581,04:27:02.581,ALGO/USDT:USDT,0.26919,1572.0,0.26918,6473.0,0.26939,1572.0,0.26942,1520.0
1753504022582,04:27:02.582,ALGO/USDT:USDT,0.26919,1572.0,0.26918,4901.0,0.26939,1572.0,0.26942,1520.0
1753504022582,04:27:02.582,ALGO/USDT:USDT,0.26919,1572.0,0.26918,4901.0,0.26939,1572.0,0.26942,1520.0
1753504022585,04:27:02.585,ALGO/USDT:USDT,0.26919,1572.0,0.26918,4901.0,0.26939,1572.0,0.26942,1520.0
1753504022586,04:27:02.586,ALGO/USDT:USDT,0.26919,1572.0,0.26918,4901.0,0.26939,1572.0,0.26942,1520.0
1753504022590,04:27:02.590,ALGO/USDT:USDT,0.26919,1572.0,0.26918,4901.0,0.26939,1572.0,0.26942,1520.0
1753504022591,04:27:02.591,ALGO/USDT:USDT,0.26919,1572.0,0.26918,4901.0,0.26939,1572.0,0.26942,1520.0
1753504022593,04:27:02.593,ALGO/USDT:USDT,0.26919,1572.0,0.26918,4901.0,0.26939,1572.0,0.26942,1520.0
1753504022593,04:27:02.593,ALGO/USDT:USDT,0.26919,1572.0,0.26918,4901.0,0.26939,1572.0,0.26942,1520.0
1753504022594,04:27:02.594,ALGO/USDT:USDT,0.26919,1572.0,0.26918,4901.0,0.26939,1572.0,0.26942,1520.0
1753504022595,04:27:02.595,ALGO/USDT:USDT,0.26919,1572.0,0.26918,4901.0,0.26939,1572.0,0.26942,1520.0
1753504022599,04:27:02.599,ALGO/USDT:USDT,0.26919,1572.0,0.26918,4901.0,0.26939,1572.0,0.26942,1520.0
1753504022600,04:27:02.600,ALGO/USDT:USDT,0.26919,1572.0,0.26918,4901.0,0.26939,1572.0,0.26943,1572.0
1753504022603,04:27:02.603,ALGO/USDT:USDT,0.26919,1572.0,0.26918,4901.0,0.26939,1572.0,0.26943,1572.0
1753504022604,04:27:02.604,ALGO/USDT:USDT,0.26919,1572.0,0.26918,4901.0,0.26943,1572.0,0.26944,3225.0
1753504022606,04:27:02.606,ALGO/USDT:USDT,0.26919,1572.0,0.26918,4901.0,0.26943,1572.0,0.26944,3225.0
1753504022608,04:27:02.608,ALGO/USDT:USDT,0.26919,1572.0,0.26918,4901.0,0.26943,1572.0,0.26944,1138.0
1753504022609,04:27:02.609,ALGO/USDT:USDT,0.26919,1572.0,0.26918,4901.0,0.26943,1572.0,0.26944,1138.0
1753504022609,04:27:02.609,ALGO/USDT:USDT,0.26919,1572.0,0.26918,4901.0,0.26943,1572.0,0.26944,1138.0
1753504022609,04:27:02.609,ALGO/USDT:USDT,0.26919,1572.0,0.26918,4901.0,0.26943,1572.0,0.26945,1552.0
1753504022610,04:27:02.610,ALGO/USDT:USDT,0.26919,1572.0,0.26918,4901.0,0.26943,1572.0,0.26945,1552.0
1753504022611,04:27:02.611,ALGO/USDT:USDT,0.26919,1572.0,0.26918,4901.0,0.26943,1572.0,0.26945,1552.0
1753504022611,04:27:02.611,ALGO/USDT:USDT,0.26919,1572.0,0.26918,4901.0,0.26943,1572.0,0.26945,1552.0
1753504022612,04:27:02.612,ALGO/USDT:USDT,0.26919,1572.0,0.26918,4901.0,0.26943,1572.0,0.26945,1552.0
1753504022613,04:27:02.613,ALGO/USDT:USDT,0.26919,1572.0,0.26918,4901.0,0.26943,1572.0,0.26945,1552.0
1753504022613,04:27:02.613,ALGO/USDT:USDT,0.26919,1572.0,0.26918,4901.0,0.26943,1572.0,0.26945,1552.0
1753504022615,04:27:02.615,ALGO/USDT:USDT,0.26919,1572.0,0.26918,4901.0,0.26943,1572.0,0.26945,1552.0
1753504022615,04:27:02.615,ALGO/USDT:USDT,0.26919,1572.0,0.26918,4901.0,0.26943,1572.0,0.26945,1552.0
1753504022615,04:27:02.615,ALGO/USDT:USDT,0.26919,1572.0,0.26918,4901.0,0.26943,1572.0,0.26945,1552.0
1753504022617,04:27:02.617,ALGO/USDT:USDT,0.26919,1572.0,0.26918,4901.0,0.26943,1572.0,0.26945,1552.0
1753504022619,04:27:02.619,ALGO/USDT:USDT,0.26919,1572.0,0.26918,4901.0,0.26943,1572.0,0.26945,1552.0
1753504022619,04:27:02.619,ALGO/USDT:USDT,0.26919,1572.0,0.26918,4901.0,0.26943,1572.0,0.26945,1552.0
1753504022623,04:27:02.623,ALGO/USDT:USDT,0.26919,1572.0,0.26918,4901.0,0.26943,1599.0,0.26945,1552.0
1753504022623,04:27:02.623,ALGO/USDT:USDT,0.26919,1572.0,0.26918,4901.0,0.26943,1599.0,0.26945,1552.0
1753504022625,04:27:02.625,ALGO/USDT:USDT,0.26919,1572.0,0.26918,4901.0,0.26943,1599.0,0.26945,1552.0
1753504022625,04:27:02.625,ALGO/USDT:USDT,0.26919,1572.0,0.26918,4901.0,0.26942,1572.0,0.26943,27.0
1753504022626,04:27:02.626,ALGO/USDT:USDT,0.26919,1572.0,0.26918,4901.0,0.26942,1572.0,0.26943,27.0
1753504022629,04:27:02.629,ALGO/USDT:USDT,0.26919,1572.0,0.26918,4901.0,0.26942,1572.0,0.26943,27.0
1753504022629,04:27:02.629,ALGO/USDT:USDT,0.26919,1572.0,0.26918,4901.0,0.26942,1572.0,0.26943,27.0
1753504022630,04:27:02.630,ALGO/USDT:USDT,0.26919,3040.0,0.26918,4901.0,0.26942,1572.0,0.26943,27.0
1753504022631,04:27:02.631,ALGO/USDT:USDT,0.26919,3040.0,0.26918,4901.0,0.26942,1572.0,0.26943,27.0
1753504022632,04:27:02.632,ALGO/USDT:USDT,0.26919,3040.0,0.26918,4901.0,0.26942,1572.0,0.26943,27.0
1753504022633,04:27:02.633,ALGO/USDT:USDT,0.26919,3040.0,0.26918,4901.0,0.26942,1572.0,0.26943,27.0
1753504022634,04:27:02.634,ALGO/USDT:USDT,0.2692,912.0,0.26919,3040.0,0.26942,1572.0,0.26943,27.0
1753504022635,04:27:02.635,ALGO/USDT:USDT,0.2692,2484.0,0.26919,3040.0,0.26942,1572.0,0.26943,27.0
1753504022637,04:27:02.637,ALGO/USDT:USDT,0.2692,2484.0,0.26919,1468.0,0.26942,1572.0,0.26943,27.0
1753504022637,04:27:02.637,ALGO/USDT:USDT,0.26921,1572.0,0.2692,2484.0,0.26942,1572.0,0.26943,27.0
1753504022640,04:27:02.640,ALGO/USDT:USDT,0.26921,1572.0,0.2692,912.0,0.26942,1572.0,0.26943,27.0
1753504022640,04:27:02.640,ALGO/USDT:USDT,0.26921,1572.0,0.26919,1468.0,0.26942,1572.0,0.26943,27.0
1753504022641,04:27:02.641,ALGO/USDT:USDT,0.26921,1572.0,0.26919,1468.0,0.26943,27.0,0.26945,1552.0
1753504022647,04:27:02.647,ALGO/USDT:USDT,0.26921,1572.0,0.26919,1468.0,0.26943,27.0,0.26945,1552.0
1753504022649,04:27:02.649,ALGO/USDT:USDT,0.26921,1572.0,0.26919,1468.0,0.26943,27.0,0.26945,1552.0
1753504022650,04:27:02.650,ALGO/USDT:USDT,0.26921,1572.0,0.26919,4233.0,0.26943,27.0,0.26945,1552.0
1753504022653,04:27:02.653,ALGO/USDT:USDT,0.26921,1572.0,0.26919,5805.0,0.26943,27.0,0.26945,1552.0
1753504022653,04:27:02.653,ALGO/USDT:USDT,0.26921,1572.0,0.26919,5805.0,0.26943,27.0,0.26945,1552.0
1753504022655,04:27:02.655,ALGO/USDT:USDT,0.26921,1572.0,0.2692,1270.0,0.26943,27.0,0.26945,1552.0
1753504022657,04:27:02.657,ALGO/USDT:USDT,0.26921,1572.0,0.2692,1270.0,0.26943,27.0,0.26945,1552.0
1753504022664,04:27:02.664,ALGO/USDT:USDT,0.26921,1572.0,0.2692,1270.0,0.26943,27.0,0.26945,1552.0
1753504022667,04:27:02.667,ALGO/USDT:USDT,0.26921,1572.0,0.2692,1270.0,0.26943,27.0,0.26945,1552.0
1753504022673,04:27:02.673,ALGO/USDT:USDT,0.26921,1572.0,0.2692,1270.0,0.26943,27.0,0.26945,1552.0
1753504022674,04:27:02.674,ALGO/USDT:USDT,0.26921,1572.0,0.2692,1270.0,0.26943,27.0,0.26945,1552.0
1753504022675,04:27:02.675,ALGO/USDT:USDT,0.26921,1572.0,0.2692,1270.0,0.26943,27.0,0.26945,1552.0
1753504022676,04:27:02.676,ALGO/USDT:USDT,0.26921,1572.0,0.2692,2182.0,0.26943,27.0,0.26945,1552.0
1753504022676,04:27:02.676,ALGO/USDT:USDT,0.26921,1572.0,0.2692,912.0,0.26943,27.0,0.26945,1552.0
1753504022681,04:27:02.681,ALGO/USDT:USDT,0.26921,1572.0,0.2692,912.0,0.26943,27.0,0.26945,1552.0
1753504022684,04:27:02.684,ALGO/USDT:USDT,0.26921,1572.0,0.2692,912.0,0.26943,27.0,0.26945,1552.0
1753504022686,04:27:02.686,ALGO/USDT:USDT,0.26921,1572.0,0.2692,912.0,0.26943,27.0,0.26945,1552.0
1753504022687,04:27:02.687,ALGO/USDT:USDT,0.26921,1572.0,0.2692,912.0,0.26943,27.0,0.26945,1552.0
1753504022689,04:27:02.689,ALGO/USDT:USDT,0.26921,1572.0,0.2692,912.0,0.26943,27.0,0.26945,1552.0
1753504022692,04:27:02.692,ALGO/USDT:USDT,0.26921,1572.0,0.2692,912.0,0.26943,27.0,0.26945,1552.0
1753504022694,04:27:02.694,ALGO/USDT:USDT,0.26921,1572.0,0.2692,912.0,0.26943,27.0,0.26945,1552.0
1753504022703,04:27:02.703,ALGO/USDT:USDT,0.26921,1572.0,0.2692,912.0,0.26943,27.0,0.26945,1552.0
1753504022710,04:27:02.710,ALGO/USDT:USDT,0.26921,1572.0,0.2692,912.0,0.26943,27.0,0.26945,1552.0
1753504022711,04:27:02.711,ALGO/USDT:USDT,0.26921,1572.0,0.2692,912.0,0.26943,27.0,0.26945,1552.0
1753504022713,04:27:02.713,ALGO/USDT:USDT,0.26921,1572.0,0.2692,912.0,0.26943,27.0,0.26945,1552.0
1753504022713,04:27:02.713,ALGO/USDT:USDT,0.26921,1572.0,0.2692,912.0,0.26943,27.0,0.26945,1552.0
1753504022730,04:27:02.730,ALGO/USDT:USDT,0.26921,1572.0,0.2692,912.0,0.26943,27.0,0.26945,1552.0
1753504022732,04:27:02.732,ALGO/USDT:USDT,0.26921,1572.0,0.2692,912.0,0.26943,27.0,0.26945,1552.0
1753504022735,04:27:02.735,ALGO/USDT:USDT,0.26921,1572.0,0.2692,912.0,0.26943,27.0,0.26945,1552.0
1753504022739,04:27:02.739,ALGO/USDT:USDT,0.26921,1572.0,0.2692,912.0,0.26943,27.0,0.26945,1552.0
1753504022742,04:27:02.742,ALGO/USDT:USDT,0.26921,1572.0,0.2692,912.0,0.26943,27.0,0.26945,1552.0
1753504022743,04:27:02.743,ALGO/USDT:USDT,0.26921,1572.0,0.2692,912.0,0.26943,27.0,0.26945,1552.0
1753504022747,04:27:02.747,ALGO/USDT:USDT,0.26921,1572.0,0.2692,912.0,0.26943,27.0,0.26945,1552.0
1753504022750,04:27:02.750,ALGO/USDT:USDT,0.26921,1572.0,0.2692,912.0,0.26943,27.0,0.26945,1552.0
1753504022752,04:27:02.752,ALGO/USDT:USDT,0.26921,1572.0,0.2692,912.0,0.26943,27.0,0.26945,1552.0
1753504022768,04:27:02.768,ALGO/USDT:USDT,0.26921,1572.0,0.2692,912.0,0.26943,27.0,0.26945,1552.0
1753504022770,04:27:02.770,ALGO/USDT:USDT,0.26921,1572.0,0.2692,912.0,0.26943,27.0,0.26945,1552.0
1753504022770,04:27:02.770,ALGO/USDT:USDT,0.26921,1572.0,0.2692,912.0,0.26943,27.0,0.26945,1552.0
1753504022797,04:27:02.797,ALGO/USDT:USDT,0.26921,1572.0,0.2692,912.0,0.26943,27.0,0.26945,1552.0
1753504022809,04:27:02.809,ALGO/USDT:USDT,0.26921,4337.0,0.2692,912.0,0.26943,27.0,0.26945,1552.0
1753504022813,04:27:02.813,ALGO/USDT:USDT,0.26922,2873.0,0.26921,4337.0,0.26943,27.0,0.26945,1552.0
1753504022817,04:27:02.817,ALGO/USDT:USDT,0.26922,2873.0,0.26921,2765.0,0.26943,27.0,0.26945,1552.0
1753504022817,04:27:02.817,ALGO/USDT:USDT,0.26923,1572.0,0.26922,2873.0,0.26943,27.0,0.26945,1552.0
1753504022820,04:27:02.820,ALGO/USDT:USDT,0.26923,1572.0,0.26921,2765.0,0.26943,27.0,0.26945,1552.0
1753504022823,04:27:02.823,ALGO/USDT:USDT,0.26923,1572.0,0.26922,830.0,0.26943,27.0,0.26945,1552.0
1753504022846,04:27:02.846,ALGO/USDT:USDT,0.26923,1572.0,0.26922,830.0,0.26943,27.0,0.26945,1552.0
1753504022851,04:27:02.851,ALGO/USDT:USDT,0.26923,1572.0,0.26922,830.0,0.26943,27.0,0.26945,1552.0
1753504022861,04:27:02.861,ALGO/USDT:USDT,0.26923,1572.0,0.26921,1572.0,0.26943,27.0,0.26945,1552.0
1753504022863,04:27:02.863,ALGO/USDT:USDT,0.26923,1572.0,0.26921,1572.0,0.26943,27.0,0.26945,1552.0
1753504022866,04:27:02.866,ALGO/USDT:USDT,0.26923,1572.0,0.26921,1572.0,0.26943,27.0,0.26945,1552.0
1753504022869,04:27:02.869,ALGO/USDT:USDT,0.26923,1572.0,0.26921,1572.0,0.26943,27.0,0.26945,1552.0
1753504022873,04:27:02.873,ALGO/USDT:USDT,0.26923,1572.0,0.26921,1572.0,0.26943,27.0,0.26945,1552.0
1753504022875,04:27:02.875,ALGO/USDT:USDT,0.26923,1572.0,0.26921,1572.0,0.26943,27.0,0.26945,1552.0
1753504022882,04:27:02.882,ALGO/USDT:USDT,0.26923,1572.0,0.26921,1572.0,0.26943,27.0,0.26945,1552.0
1753504022884,04:27:02.884,ALGO/USDT:USDT,0.26923,1572.0,0.26921,1572.0,0.26943,27.0,0.26945,1552.0
1753504022927,04:27:02.927,ALGO/USDT:USDT,0.26923,1572.0,0.26921,1572.0,0.26943,27.0,0.26945,1552.0
1753504022949,04:27:02.949,ALGO/USDT:USDT,0.26923,4337.0,0.26921,1572.0,0.26943,27.0,0.26945,1552.0
1753504022953,04:27:02.953,ALGO/USDT:USDT,0.26924,1572.0,0.26923,2765.0,0.26943,27.0,0.26945,1552.0
1753504022955,04:27:02.955,ALGO/USDT:USDT,0.26924,2873.0,0.26923,2765.0,0.26943,27.0,0.26945,1552.0
1753504022956,04:27:02.956,ALGO/USDT:USDT,0.26924,1572.0,0.26923,2765.0,0.26943,27.0,0.26945,1552.0
1753504022957,04:27:02.957,ALGO/USDT:USDT,0.26924,2402.0,0.26923,2765.0,0.26943,27.0,0.26945,1552.0
1753504022959,04:27:02.959,ALGO/USDT:USDT,0.26924,830.0,0.26923,2765.0,0.26943,27.0,0.26945,1552.0
1753504022959,04:27:02.959,ALGO/USDT:USDT,0.26925,1572.0,0.26924,830.0,0.26943,27.0,0.26945,1552.0
1753504022978,04:27:02.978,ALGO/USDT:USDT,0.26925,1572.0,0.26924,830.0,0.26943,27.0,0.26945,1552.0
1753504022982,04:27:02.982,ALGO/USDT:USDT,0.26925,1572.0,0.26921,1572.0,0.26943,27.0,0.26945,1552.0
1753504022985,04:27:02.985,ALGO/USDT:USDT,0.26925,1572.0,0.26921,1572.0,0.26943,27.0,0.26945,1552.0
1753504022986,04:27:02.986,ALGO/USDT:USDT,0.26925,1572.0,0.26921,1572.0,0.26943,27.0,0.26945,1552.0
1753504022990,04:27:02.990,ALGO/USDT:USDT,0.26925,1572.0,0.26921,1572.0,0.26943,27.0,0.26945,1552.0
1753504022998,04:27:02.998,ALGO/USDT:USDT,0.26925,1572.0,0.26921,1572.0,0.26942,1572.0,0.26943,27.0
1753504023003,04:27:03.003,ALGO/USDT:USDT,0.26925,1572.0,0.26921,1572.0,0.26942,1572.0,0.26943,27.0
1753504023004,04:27:03.004,ALGO/USDT:USDT,0.26925,1572.0,0.26921,1572.0,0.26942,1572.0,0.26943,27.0
1753504023006,04:27:03.006,ALGO/USDT:USDT,0.26925,1572.0,0.26921,1572.0,0.26942,1572.0,0.26943,27.0
1753504023012,04:27:03.012,ALGO/USDT:USDT,0.26925,1572.0,0.26921,1572.0,0.26942,1572.0,0.26943,27.0
1753504023016,04:27:03.016,ALGO/USDT:USDT,0.26925,1572.0,0.26921,1572.0,0.26942,1572.0,0.26943,27.0
1753504023035,04:27:03.035,ALGO/USDT:USDT,0.26925,1572.0,0.26921,1572.0,0.26942,1572.0,0.26943,27.0
1753504023055,04:27:03.055,ALGO/USDT:USDT,0.26925,1572.0,0.26921,1572.0,0.26942,1572.0,0.26943,27.0
1753504023066,04:27:03.066,ALGO/USDT:USDT,0.26925,1572.0,0.26921,1572.0,0.26942,1572.0,0.26943,27.0
1753504023071,04:27:03.071,ALGO/USDT:USDT,0.26925,1572.0,0.26921,1572.0,0.26942,1572.0,0.26943,27.0
1753504023074,04:27:03.074,ALGO/USDT:USDT,0.26925,1572.0,0.26921,1572.0,0.26942,1572.0,0.26943,27.0
1753504023074,04:27:03.074,ALGO/USDT:USDT,0.26925,1572.0,0.26921,1572.0,0.26942,1572.0,0.26943,27.0
1753504023079,04:27:03.079,ALGO/USDT:USDT,0.26925,1572.0,0.26921,1572.0,0.26942,1572.0,0.26943,27.0
1753504023089,04:27:03.089,ALGO/USDT:USDT,0.26925,1572.0,0.26921,1572.0,0.26942,1572.0,0.26943,27.0
1753504023092,04:27:03.092,ALGO/USDT:USDT,0.26925,1572.0,0.26921,1572.0,0.26942,1572.0,0.26943,27.0
1753504023107,04:27:03.107,ALGO/USDT:USDT,0.26925,1572.0,0.26921,1572.0,0.26942,1572.0,0.26943,27.0
1753504023113,04:27:03.113,ALGO/USDT:USDT,0.26921,4436.0,0.2692,2999.0,0.26942,1572.0,0.26943,27.0
1753504023117,04:27:03.117,ALGO/USDT:USDT,0.26922,2903.0,0.26921,4436.0,0.26942,1572.0,0.26943,27.0
1753504023119,04:27:03.119,ALGO/USDT:USDT,0.26922,2903.0,0.26921,2864.0,0.26942,1572.0,0.26943,27.0
1753504023121,04:27:03.121,ALGO/USDT:USDT,0.26923,1572.0,0.26922,2903.0,0.26942,1572.0,0.26943,27.0
1753504023123,04:27:03.123,ALGO/USDT:USDT,0.26923,1572.0,0.26922,3762.0,0.26942,1572.0,0.26943,27.0
1753504023123,04:27:03.123,ALGO/USDT:USDT,0.26923,1572.0,0.26922,2431.0,0.26942,1572.0,0.26943,27.0
1753504023124,04:27:03.124,ALGO/USDT:USDT,0.26923,1572.0,0.26922,859.0,0.26942,1572.0,0.26943,27.0
1753504023131,04:27:03.131,ALGO/USDT:USDT,0.26923,1572.0,0.26922,859.0,0.26942,1572.0,0.26943,27.0
1753504023138,04:27:03.138,ALGO/USDT:USDT,0.26923,1572.0,0.26922,859.0,0.26942,1572.0,0.26943,27.0
1753504023144,04:27:03.144,ALGO/USDT:USDT,0.26923,1572.0,0.26922,859.0,0.26942,1572.0,0.26943,27.0
1753504023144,04:27:03.144,ALGO/USDT:USDT,0.26923,1572.0,0.26922,859.0,0.26942,1572.0,0.26943,27.0
1753504023147,04:27:03.147,ALGO/USDT:USDT,0.26923,1572.0,0.26922,859.0,0.26942,1572.0,0.26943,27.0
1753504023253,04:27:03.253,ALGO/USDT:USDT,0.26923,4337.0,0.26922,859.0,0.26942,1572.0,0.26943,27.0
1753504023256,04:27:03.256,ALGO/USDT:USDT,0.26924,1572.0,0.26923,2765.0,0.26942,1572.0,0.26943,27.0
1753504023257,04:27:03.257,ALGO/USDT:USDT,0.26924,2873.0,0.26923,2765.0,0.26942,1572.0,0.26943,27.0
1753504023260,04:27:03.260,ALGO/USDT:USDT,0.26924,1572.0,0.26923,2765.0,0.26942,1572.0,0.26943,27.0
1753504023260,04:27:03.260,ALGO/USDT:USDT,0.26924,2402.0,0.26923,2765.0,0.26942,1572.0,0.26943,27.0
1753504023262,04:27:03.262,ALGO/USDT:USDT,0.26925,1572.0,0.26924,830.0,0.26942,1572.0,0.26943,27.0
1753504023265,04:27:03.265,ALGO/USDT:USDT,0.26925,1572.0,0.26924,830.0,0.26942,1572.0,0.26943,27.0
1753504023270,04:27:03.270,ALGO/USDT:USDT,0.26925,1572.0,0.26924,830.0,0.26942,1572.0,0.26943,27.0
1753504023286,04:27:03.286,ALGO/USDT:USDT,0.26925,1572.0,0.26924,830.0,0.26942,1572.0,0.26943,27.0
1753504023290,04:27:03.290,ALGO/USDT:USDT,0.26925,1572.0,0.26923,1572.0,0.26942,1572.0,0.26943,27.0
1753504023292,04:27:03.292,ALGO/USDT:USDT,0.26925,1572.0,0.26923,1572.0,0.26942,1572.0,0.26943,27.0
1753504023344,04:27:03.344,ALGO/USDT:USDT,0.26925,1572.0,0.26923,1572.0,0.26942,1572.0,0.26943,27.0
1753504023369,04:27:03.369,ALGO/USDT:USDT,0.26925,1572.0,0.26923,1572.0,0.26942,1572.0,0.26943,27.0
1753504023371,04:27:03.371,ALGO/USDT:USDT,0.26925,1572.0,0.26923,1572.0,0.26942,1572.0,0.26943,27.0
1753504023373,04:27:03.373,ALGO/USDT:USDT,0.26925,1572.0,0.26923,1572.0,0.26942,1572.0,0.26943,27.0
1753504023397,04:27:03.397,ALGO/USDT:USDT,0.26925,2697.0,0.26923,1572.0,0.26942,1572.0,0.26943,27.0
1753504023401,04:27:03.401,ALGO/USDT:USDT,0.26926,1572.0,0.26925,2697.0,0.26942,1572.0,0.26943,27.0
1753504023403,04:27:03.403,ALGO/USDT:USDT,0.26926,2381.0,0.26925,1125.0,0.26942,1572.0,0.26943,27.0
1753504023407,04:27:03.407,ALGO/USDT:USDT,0.26927,1572.0,0.26925,1125.0,0.26942,1572.0,0.26943,27.0
1753504023445,04:27:03.445,ALGO/USDT:USDT,0.26927,1572.0,0.26925,1125.0,0.26942,1572.0,0.26943,27.0
1753504023450,04:27:03.450,ALGO/USDT:USDT,0.26927,1572.0,0.26923,1572.0,0.26942,1572.0,0.26943,27.0
1753504023474,04:27:03.474,ALGO/USDT:USDT,0.26927,1572.0,0.26923,1572.0,0.26942,1572.0,0.26943,27.0
1753504023484,04:27:03.484,ALGO/USDT:USDT,0.26927,1572.0,0.26923,1572.0,0.26942,1572.0,0.26943,27.0
1753504023488,04:27:03.488,ALGO/USDT:USDT,0.26927,1572.0,0.26923,1572.0,0.26942,1572.0,0.26943,27.0
1753504023497,04:27:03.497,ALGO/USDT:USDT,0.26927,1572.0,0.26923,1572.0,0.26942,1572.0,0.26943,27.0
1753504023547,04:27:03.547,ALGO/USDT:USDT,0.26927,1572.0,0.26923,1572.0,0.26943,27.0,0.26945,1552.0
1753504023548,04:27:03.548,ALGO/USDT:USDT,0.26927,1572.0,0.26923,1572.0,0.26943,27.0,0.26945,1552.0
1753504023550,04:27:03.550,ALGO/USDT:USDT,0.26927,1572.0,0.26923,1572.0,0.26943,27.0,0.26945,1552.0
1753504023554,04:27:03.554,ALGO/USDT:USDT,0.26927,1572.0,0.26923,1572.0,0.26943,27.0,0.26945,1552.0
1753504023555,04:27:03.555,ALGO/USDT:USDT,0.26927,2697.0,0.26923,1572.0,0.26943,27.0,0.26945,1552.0
1753504023556,04:27:03.556,ALGO/USDT:USDT,0.26927,2697.0,0.26923,1572.0,0.26943,27.0,0.26945,1552.0
1753504023559,04:27:03.559,ALGO/USDT:USDT,0.26928,809.0,0.26927,2697.0,0.26943,27.0,0.26945,1552.0
1753504023559,04:27:03.559,ALGO/USDT:USDT,0.26928,809.0,0.26927,1125.0,0.26943,27.0,0.26945,1552.0
1753504023560,04:27:03.560,ALGO/USDT:USDT,0.26928,809.0,0.26927,1125.0,0.26943,27.0,0.26945,1552.0
1753504023562,04:27:03.562,ALGO/USDT:USDT,0.26927,1125.0,0.26923,1572.0,0.26943,27.0,0.26945,1552.0
1753504023563,04:27:03.563,ALGO/USDT:USDT,0.26929,1572.0,0.26927,1125.0,0.26943,27.0,0.26945,1552.0
1753504023564,04:27:03.564,ALGO/USDT:USDT,0.26929,1572.0,0.26927,1125.0,0.26943,27.0,0.26945,1552.0
1753504023566,04:27:03.566,ALGO/USDT:USDT,0.26929,1572.0,0.26927,1125.0,0.26943,27.0,0.26945,1552.0
1753504023567,04:27:03.567,ALGO/USDT:USDT,0.26929,1572.0,0.26927,1125.0,0.26943,27.0,0.26945,1552.0
1753504023567,04:27:03.567,ALGO/USDT:USDT,0.2693,16360.0,0.26929,1572.0,0.26943,27.0,0.26945,1552.0
1753504023570,04:27:03.570,ALGO/USDT:USDT,0.2693,16360.0,0.26929,1572.0,0.26943,27.0,0.26945,1552.0
1753504023571,04:27:03.571,ALGO/USDT:USDT,0.26931,1572.0,0.2693,16360.0,0.26943,27.0,0.26945,1552.0
1753504023572,04:27:03.572,ALGO/USDT:USDT,0.26931,6480.0,0.2693,16360.0,0.26943,27.0,0.26945,1552.0
1753504023575,04:27:03.575,ALGO/USDT:USDT,0.26931,6480.0,0.2693,16360.0,0.26943,27.0,0.26945,1552.0
1753504023575,04:27:03.575,ALGO/USDT:USDT,0.26932,1572.0,0.26931,4908.0,0.26943,27.0,0.26945,1552.0
1753504023579,04:27:03.579,ALGO/USDT:USDT,0.26932,1572.0,0.26931,4908.0,0.26943,27.0,0.26945,1552.0
1753504023582,04:27:03.582,ALGO/USDT:USDT,0.26932,1572.0,0.26931,4908.0,0.26943,27.0,0.26945,1552.0
1753504023584,04:27:03.584,ALGO/USDT:USDT,0.26932,1572.0,0.26931,4908.0,0.26943,27.0,0.26945,1552.0
1753504023587,04:27:03.587,ALGO/USDT:USDT,0.26932,1572.0,0.26931,4908.0,0.26943,27.0,0.26945,1552.0
1753504023601,04:27:03.601,ALGO/USDT:USDT,0.26932,1572.0,0.26931,4908.0,0.26943,27.0,0.26945,1552.0
1753504023605,04:27:03.605,ALGO/USDT:USDT,0.26932,1572.0,0.26931,4908.0,0.26943,27.0,0.26945,1552.0
1753504023619,04:27:03.619,ALGO/USDT:USDT,0.26932,1572.0,0.26931,4908.0,0.26943,27.0,0.26945,1552.0
1753504023619,04:27:03.619,ALGO/USDT:USDT,0.26932,1572.0,0.26931,4908.0,0.26945,1552.0,0.26948,1552.0
1753504023623,04:27:03.623,ALGO/USDT:USDT,0.26932,1572.0,0.26931,4908.0,0.26945,1552.0,0.26948,1552.0
1753504023623,04:27:03.623,ALGO/USDT:USDT,0.26932,1572.0,0.26931,4908.0,0.26948,1552.0,0.2695,3626.0
1753504023626,04:27:03.626,ALGO/USDT:USDT,0.26932,1572.0,0.26931,4908.0,0.26948,1552.0,0.2695,3626.0
1753504023627,04:27:03.627,ALGO/USDT:USDT,0.26932,1572.0,0.26931,4908.0,0.26948,1552.0,0.2695,1541.0
1753504023627,04:27:03.627,ALGO/USDT:USDT,0.26932,1572.0,0.26931,4908.0,0.26948,1552.0,0.2695,1541.0
1753504023628,04:27:03.628,ALGO/USDT:USDT,0.26932,1572.0,0.26931,4908.0,0.26948,1552.0,0.2695,1541.0
1753504023633,04:27:03.633,ALGO/USDT:USDT,0.26932,1572.0,0.26931,4908.0,0.2695,1541.0,0.26952,3626.0
1753504023637,04:27:03.637,ALGO/USDT:USDT,0.26932,1572.0,0.26931,5672.0,0.2695,1541.0,0.26952,1541.0
1753504023638,04:27:03.638,ALGO/USDT:USDT,0.26932,1572.0,0.26931,5672.0,0.2695,1541.0,0.26952,1541.0
1753504023640,04:27:03.640,ALGO/USDT:USDT,0.26932,1572.0,0.26931,5672.0,0.26952,1541.0,0.26953,1137.0
1753504023644,04:27:03.644,ALGO/USDT:USDT,0.26932,1572.0,0.26931,5672.0,0.26952,1541.0,0.26954,3626.0
1753504023645,04:27:03.645,ALGO/USDT:USDT,0.26932,1572.0,0.26931,5672.0,0.26952,1541.0,0.26954,1541.0
1753504023648,04:27:03.648,ALGO/USDT:USDT,0.26932,1572.0,0.26931,5672.0,0.26952,1541.0,0.26954,1541.0
1753504023650,04:27:03.650,ALGO/USDT:USDT,0.26932,1572.0,0.26931,5672.0,0.26952,1541.0,0.26954,1541.0
1753504023650,04:27:03.650,ALGO/USDT:USDT,0.26932,1572.0,0.26931,5672.0,0.26954,1541.0,0.26956,19974.0
1753504023652,04:27:03.652,ALGO/USDT:USDT,0.26932,1572.0,0.26931,5672.0,0.26954,1541.0,0.26956,19974.0
1753504023654,04:27:03.654,ALGO/USDT:USDT,0.26932,1572.0,0.26931,5672.0,0.26954,1541.0,0.26956,19974.0
1753504023654,04:27:03.654,ALGO/USDT:USDT,0.26932,1572.0,0.26931,5672.0,0.26954,1541.0,0.26956,17889.0
1753504023654,04:27:03.654,ALGO/USDT:USDT,0.26932,1572.0,0.26931,5672.0,0.26954,1541.0,0.26956,17889.0
1753504023655,04:27:03.655,ALGO/USDT:USDT,0.26932,1572.0,0.26931,5672.0,0.26954,1541.0,0.26956,17889.0
1753504023656,04:27:03.656,ALGO/USDT:USDT,0.26932,1572.0,0.26931,5672.0,0.26954,1541.0,0.26956,17889.0
1753504023658,04:27:03.658,ALGO/USDT:USDT,0.26932,1572.0,0.26931,5672.0,0.26954,1541.0,0.26956,17889.0
1753504023660,04:27:03.660,ALGO/USDT:USDT,0.26932,1572.0,0.26931,5672.0,0.26954,1541.0,0.26956,17889.0
1753504023662,04:27:03.662,ALGO/USDT:USDT,0.26932,1572.0,0.26931,5672.0,0.26954,1541.0,0.26956,17889.0
1753504023662,04:27:03.662,ALGO/USDT:USDT,0.26932,1572.0,0.26931,5672.0,0.26954,1541.0,0.26956,17889.0
1753504023663,04:27:03.663,ALGO/USDT:USDT,0.26932,1572.0,0.26931,5672.0,0.26954,1541.0,0.26956,17889.0
1753504023665,04:27:03.665,ALGO/USDT:USDT,0.26932,1572.0,0.26931,5672.0,0.26954,1541.0,0.26956,17889.0
1753504023665,04:27:03.665,ALGO/USDT:USDT,0.26932,1572.0,0.26931,5672.0,0.26954,1541.0,0.26956,17889.0
1753504023667,04:27:03.667,ALGO/USDT:USDT,0.26932,1572.0,0.26931,5672.0,0.26954,1541.0,0.26956,17889.0
1753504023682,04:27:03.682,ALGO/USDT:USDT,0.26932,1572.0,0.26931,5672.0,0.26954,1541.0,0.26956,17889.0
1753504023694,04:27:03.694,ALGO/USDT:USDT,0.26932,1572.0,0.26931,5672.0,0.26954,1541.0,0.26956,17889.0
1753504023701,04:27:03.701,ALGO/USDT:USDT,0.26932,1572.0,0.26931,5672.0,0.26954,1541.0,0.26956,17889.0
1753504023702,04:27:03.702,ALGO/USDT:USDT,0.26932,1572.0,0.26931,5672.0,0.26954,1541.0,0.26956,17889.0
1753504023704,04:27:03.704,ALGO/USDT:USDT,0.26932,2697.0,0.26931,5672.0,0.26954,1541.0,0.26956,17889.0
1753504023707,04:27:03.707,ALGO/USDT:USDT,0.26933,809.0,0.26932,2697.0,0.26954,1541.0,0.26956,17889.0
1753504023707,04:27:03.707,ALGO/USDT:USDT,0.26933,2381.0,0.26932,2697.0,0.26954,1541.0,0.26956,17889.0
1753504023708,04:27:03.708,ALGO/USDT:USDT,0.26933,2381.0,0.26932,1125.0,0.26954,1541.0,0.26956,17889.0
1753504023711,04:27:03.711,ALGO/USDT:USDT,0.26934,1572.0,0.26933,2381.0,0.26954,1541.0,0.26956,17889.0
1753504023711,04:27:03.711,ALGO/USDT:USDT,0.26934,1572.0,0.26933,809.0,0.26954,1541.0,0.26955,1471.0
1753504023712,04:27:03.712,ALGO/USDT:USDT,0.26934,1572.0,0.26932,1125.0,0.26954,1541.0,0.26955,1471.0
1753504023712,04:27:03.712,ALGO/USDT:USDT,0.26934,1572.0,0.26932,1125.0,0.26954,1541.0,0.26955,1471.0
1753504023715,04:27:03.715,ALGO/USDT:USDT,0.26934,1572.0,0.26932,1125.0,0.26954,1541.0,0.26955,1471.0
1753504023716,04:27:03.716,ALGO/USDT:USDT,0.26934,1572.0,0.26932,1125.0,0.26954,1541.0,0.26955,1471.0
1753504023720,04:27:03.720,ALGO/USDT:USDT,0.26934,1572.0,0.26932,2697.0,0.26954,1541.0,0.26955,1471.0
1753504023724,04:27:03.724,ALGO/USDT:USDT,0.26934,1572.0,0.26933,809.0,0.26954,1541.0,0.26955,1471.0
1753504023727,04:27:03.727,ALGO/USDT:USDT,0.26934,1572.0,0.26933,809.0,0.26954,1541.0,0.26955,1471.0
1753504023727,04:27:03.727,ALGO/USDT:USDT,0.26934,1572.0,0.26933,809.0,0.26954,1541.0,0.26955,1471.0
1753504023730,04:27:03.730,ALGO/USDT:USDT,0.26934,1572.0,0.26932,1572.0,0.26954,1541.0,0.26955,1471.0
1753504023730,04:27:03.730,ALGO/USDT:USDT,0.26934,1572.0,0.26932,1572.0,0.26954,1541.0,0.26955,1471.0
1753504023747,04:27:03.747,ALGO/USDT:USDT,0.26934,1572.0,0.26932,1572.0,0.26954,1541.0,0.26955,1471.0
1753504023753,04:27:03.753,ALGO/USDT:USDT,0.26934,1572.0,0.26932,1572.0,0.26954,1541.0,0.26955,1471.0
1753504023756,04:27:03.756,ALGO/USDT:USDT,0.26934,1572.0,0.26932,1572.0,0.26954,1541.0,0.26955,1471.0
1753504023760,04:27:03.760,ALGO/USDT:USDT,0.26934,1572.0,0.26932,1572.0,0.26954,1541.0,0.26955,1471.0
1753504023777,04:27:03.777,ALGO/USDT:USDT,0.26934,1572.0,0.26932,1572.0,0.26954,1541.0,0.26955,1471.0
1753504023800,04:27:03.800,ALGO/USDT:USDT,0.26934,1572.0,0.26932,1572.0,0.26954,1541.0,0.26955,1471.0
1753504023804,04:27:03.804,ALGO/USDT:USDT,0.26934,1572.0,0.26932,1572.0,0.26954,1541.0,0.26955,1471.0
1753504023807,04:27:03.807,ALGO/USDT:USDT,0.26934,1572.0,0.26932,1572.0,0.26954,1541.0,0.26955,1471.0
1753504023810,04:27:03.810,ALGO/USDT:USDT,0.26934,1572.0,0.26932,1572.0,0.26954,1541.0,0.26955,1471.0
1753504023811,04:27:03.811,ALGO/USDT:USDT,0.26934,1572.0,0.26932,1572.0,0.26954,1541.0,0.26955,1471.0
1753504023828,04:27:03.828,ALGO/USDT:USDT,0.26934,1572.0,0.26932,1572.0,0.26954,1541.0,0.26955,1471.0
1753504023836,04:27:03.836,ALGO/USDT:USDT,0.26934,1572.0,0.26932,1572.0,0.26954,1541.0,0.26955,1471.0
1753504023854,04:27:03.854,ALGO/USDT:USDT,0.26934,1572.0,0.26932,1572.0,0.26954,1541.0,0.26955,1471.0
1753504023862,04:27:03.862,ALGO/USDT:USDT,0.26934,1572.0,0.26932,1572.0,0.26954,1541.0,0.26955,1471.0
1753504023865,04:27:03.865,ALGO/USDT:USDT,0.26932,1572.0,0.26931,5672.0,0.26954,1541.0,0.26955,1471.0
1753504023871,04:27:03.871,ALGO/USDT:USDT,0.26932,1572.0,0.26931,5672.0,0.26954,1541.0,0.26955,1471.0
1753504023872,04:27:03.872,ALGO/USDT:USDT,0.26932,1572.0,0.26931,5672.0,0.26954,1541.0,0.26955,1471.0
1753504023875,04:27:03.875,ALGO/USDT:USDT,0.26932,1572.0,0.26931,5672.0,0.26954,1541.0,0.26955,1471.0
1753504023878,04:27:03.878,ALGO/USDT:USDT,0.26932,1572.0,0.26931,5672.0,0.26954,1541.0,0.26955,1471.0
1753504023898,04:27:03.898,ALGO/USDT:USDT,0.26932,1572.0,0.26931,5672.0,0.26954,1541.0,0.26955,1471.0
1753504023906,04:27:03.906,ALGO/USDT:USDT,0.26932,1572.0,0.26931,5672.0,0.26954,1541.0,0.26956,1541.0
1753504023910,04:27:03.910,ALGO/USDT:USDT,0.26932,1572.0,0.26931,5672.0,0.26956,1541.0,0.26958,3626.0
1753504023914,04:27:03.914,ALGO/USDT:USDT,0.26932,1572.0,0.26931,5672.0,0.26956,1541.0,0.26958,1541.0
1753504023916,04:27:03.916,ALGO/USDT:USDT,0.26932,1572.0,0.26931,5672.0,0.26956,1541.0,0.26957,1480.0
1753504023923,04:27:03.923,ALGO/USDT:USDT,0.26932,1572.0,0.26931,5672.0,0.26956,1582.0,0.26958,1541.0
1753504023926,04:27:03.926,ALGO/USDT:USDT,0.26932,1572.0,0.26931,5672.0,0.26956,1582.0,0.26958,1541.0
1753504023934,04:27:03.934,ALGO/USDT:USDT,0.26932,1572.0,0.26931,5672.0,0.26956,1582.0,0.26958,1541.0
1753504023958,04:27:03.958,ALGO/USDT:USDT,0.26932,1572.0,0.26931,5672.0,0.26956,1582.0,0.26958,1541.0
1753504023975,04:27:03.975,ALGO/USDT:USDT,0.26932,1572.0,0.26931,5672.0,0.26956,1582.0,0.26958,1541.0
1753504023979,04:27:03.979,ALGO/USDT:USDT,0.26932,1572.0,0.26931,5672.0,0.26956,1582.0,0.26958,1541.0
1753504023988,04:27:03.988,ALGO/USDT:USDT,0.26932,1572.0,0.26931,5672.0,0.26956,1582.0,0.26958,3021.0
1753504023994,04:27:03.994,ALGO/USDT:USDT,0.26932,1572.0,0.26931,5672.0,0.26956,1582.0,0.26958,3021.0
1753504023999,04:27:03.999,ALGO/USDT:USDT,0.26932,3737.0,0.26931,5672.0,0.26956,1582.0,0.26958,3021.0
1753504024002,04:27:04.002,ALGO/USDT:USDT,0.26933,1121.0,0.26932,3737.0,0.26956,1582.0,0.26958,3021.0
1753504024003,04:27:04.003,ALGO/USDT:USDT,0.26933,2703.0,0.26932,2165.0,0.26956,1582.0,0.26958,3021.0
1753504024006,04:27:04.006,ALGO/USDT:USDT,0.26933,1582.0,0.26932,2165.0,0.26956,1582.0,0.26958,3021.0
1753504024007,04:27:04.007,ALGO/USDT:USDT,0.26934,1582.0,0.26933,1582.0,0.26956,1582.0,0.26958,3021.0
1753504024007,04:27:04.007,ALGO/USDT:USDT,0.26934,1582.0,0.26932,2165.0,0.26956,1582.0,0.26958,3021.0
1753504024009,04:27:04.009,ALGO/USDT:USDT,0.26934,1582.0,0.26932,2165.0,0.26956,1582.0,0.26958,3021.0
1753504024010,04:27:04.010,ALGO/USDT:USDT,0.26934,1582.0,0.26932,2165.0,0.26956,1582.0,0.26958,3021.0
1753504024010,04:27:04.010,ALGO/USDT:USDT,0.26934,1582.0,0.26932,2165.0,0.26956,1582.0,0.26958,3021.0
1753504024012,04:27:04.012,ALGO/USDT:USDT,0.26934,1582.0,0.26932,3747.0,0.26956,1582.0,0.26958,3021.0
1753504024014,04:27:04.014,ALGO/USDT:USDT,0.26934,1582.0,0.26932,3747.0,0.26956,1582.0,0.26958,3021.0
1753504024024,04:27:04.024,ALGO/USDT:USDT,0.26934,1582.0,0.26932,1582.0,0.26956,1582.0,0.26958,3021.0
1753504024059,04:27:04.059,ALGO/USDT:USDT,0.26934,1582.0,0.26932,1582.0,0.26956,1582.0,0.26958,3021.0
1753504024108,04:27:04.108,ALGO/USDT:USDT,0.26934,1582.0,0.26932,1582.0,0.26956,1582.0,0.26958,3021.0
1753504024133,04:27:04.133,ALGO/USDT:USDT,0.26934,1582.0,0.26932,1582.0,0.26956,1582.0,0.26958,3021.0
1753504024158,04:27:04.158,ALGO/USDT:USDT,0.26934,1582.0,0.26932,1582.0,0.26956,1582.0,0.26958,3021.0
1753504024158,04:27:04.158,ALGO/USDT:USDT,0.26934,1582.0,0.26932,1582.0,0.26956,1582.0,0.26958,3021.0
1753504024158,04:27:04.158,ALGO/USDT:USDT,0.26934,1582.0,0.26932,1582.0,0.26956,1582.0,0.26958,3021.0
1753504024158,04:27:04.158,ALGO/USDT:USDT,0.26934,1582.0,0.26932,1582.0,0.26956,1582.0,0.26958,3021.0
1753504024158,04:27:04.158,ALGO/USDT:USDT,0.26934,1582.0,0.26932,1582.0,0.26956,1582.0,0.26958,3021.0
1753504024162,04:27:04.162,ALGO/USDT:USDT,0.26932,1582.0,0.26931,5672.0,0.26956,1582.0,0.26958,3021.0
1753504024166,04:27:04.166,ALGO/USDT:USDT,0.26932,1582.0,0.26931,5672.0,0.26956,1582.0,0.26958,3021.0
1753504024166,04:27:04.166,ALGO/USDT:USDT,0.26932,1582.0,0.26931,5672.0,0.26956,1582.0,0.26958,3021.0
1753504024168,04:27:04.168,ALGO/USDT:USDT,0.26932,1582.0,0.26931,5672.0,0.26956,1582.0,0.26958,3021.0
1753504024168,04:27:04.168,ALGO/USDT:USDT,0.26932,1582.0,0.26931,5672.0,0.26956,1582.0,0.26958,3021.0
1753504024171,04:27:04.171,ALGO/USDT:USDT,0.26932,1582.0,0.26931,5672.0,0.26956,1582.0,0.26958,3021.0
1753504024190,04:27:04.190,ALGO/USDT:USDT,0.26932,1582.0,0.26931,5672.0,0.26956,1582.0,0.26958,3021.0
1753504024192,04:27:04.192,ALGO/USDT:USDT,0.26932,1582.0,0.26931,5672.0,0.26956,1582.0,0.26958,3021.0
1753504024192,04:27:04.192,ALGO/USDT:USDT,0.26932,1582.0,0.26931,5672.0,0.26956,1582.0,0.26958,3021.0
1753504024193,04:27:04.193,ALGO/USDT:USDT,0.26932,1582.0,0.26931,5672.0,0.26956,1582.0,0.26958,3021.0
1753504024194,04:27:04.194,ALGO/USDT:USDT,0.26932,1582.0,0.26931,5672.0,0.26956,1582.0,0.26958,3021.0
1753504024196,04:27:04.196,ALGO/USDT:USDT,0.26932,1582.0,0.26931,5672.0,0.26956,1582.0,0.26958,3021.0
1753504024199,04:27:04.199,ALGO/USDT:USDT,0.26932,1582.0,0.26931,5672.0,0.26956,1582.0,0.26958,3021.0
1753504024199,04:27:04.199,ALGO/USDT:USDT,0.26932,1582.0,0.26931,5672.0,0.26956,1582.0,0.26958,3021.0
1753504024200,04:27:04.200,ALGO/USDT:USDT,0.26932,1582.0,0.26931,5672.0,0.26956,1582.0,0.26958,3021.0
1753504024200,04:27:04.200,ALGO/USDT:USDT,0.26932,1582.0,0.26931,5672.0,0.26956,1582.0,0.26958,3021.0
1753504024202,04:27:04.202,ALGO/USDT:USDT,0.26932,1582.0,0.26931,5672.0,0.26956,1582.0,0.26958,3021.0
1753504024202,04:27:04.202,ALGO/USDT:USDT,0.26932,1582.0,0.26931,5672.0,0.26956,1582.0,0.26958,3021.0
1753504024202,04:27:04.202,ALGO/USDT:USDT,0.26932,1582.0,0.26931,5672.0,0.26956,1582.0,0.26958,3021.0
1753504024204,04:27:04.204,ALGO/USDT:USDT,0.26932,1582.0,0.26931,5672.0,0.26956,1582.0,0.26958,3021.0
1753504024204,04:27:04.204,ALGO/USDT:USDT,0.26932,1582.0,0.26931,5672.0,0.26956,1582.0,0.26958,3021.0
1753504024204,04:27:04.204,ALGO/USDT:USDT,0.26932,1582.0,0.26931,5672.0,0.26956,1582.0,0.26958,3021.0
1753504024206,04:27:04.206,ALGO/USDT:USDT,0.26932,1582.0,0.26931,5672.0,0.26956,1582.0,0.26958,3021.0
1753504024206,04:27:04.206,ALGO/USDT:USDT,0.26932,1582.0,0.26931,5672.0,0.26956,1582.0,0.26958,3021.0
1753504024206,04:27:04.206,ALGO/USDT:USDT,0.26932,1582.0,0.26931,5672.0,0.26956,1582.0,0.26958,3021.0
1753504024208,04:27:04.208,ALGO/USDT:USDT,0.26932,1582.0,0.26931,5672.0,0.26956,1582.0,0.26958,3021.0
1753504024210,04:27:04.210,ALGO/USDT:USDT,0.26932,1582.0,0.26931,5672.0,0.26956,1582.0,0.26958,3021.0
1753504024210,04:27:04.210,ALGO/USDT:USDT,0.26932,1582.0,0.26931,5672.0,0.26956,1582.0,0.26958,3021.0
1753504024213,04:27:04.213,ALGO/USDT:USDT,0.26932,1582.0,0.26931,5672.0,0.26956,1582.0,0.26958,3021.0
1753504024214,04:27:04.214,ALGO/USDT:USDT,0.26932,1582.0,0.26931,5672.0,0.26956,1582.0,0.26958,3021.0
1753504024216,04:27:04.216,ALGO/USDT:USDT,0.26932,1582.0,0.26931,5672.0,0.26956,1582.0,0.26958,3021.0
1753504024299,04:27:04.299,ALGO/USDT:USDT,0.26932,3747.0,0.26931,5672.0,0.26956,1582.0,0.26958,3021.0
1753504024303,04:27:04.303,ALGO/USDT:USDT,0.26933,1582.0,0.26932,2165.0,0.26956,1582.0,0.26958,3021.0
1753504024308,04:27:04.308,ALGO/USDT:USDT,0.26933,1582.0,0.26932,2165.0,0.26956,1582.0,0.26958,3021.0
1753504024333,04:27:04.333,ALGO/USDT:USDT,0.26933,1582.0,0.26931,7254.0,0.26956,1582.0,0.26958,3021.0
1753504024368,04:27:04.368,ALGO/USDT:USDT,0.26933,1582.0,0.26931,7254.0,0.26956,1582.0,0.26958,3021.0
1753504024401,04:27:04.401,ALGO/USDT:USDT,0.26933,1582.0,0.26931,7254.0,0.26956,1582.0,0.26958,3021.0
1753504024440,04:27:04.440,ALGO/USDT:USDT,0.26933,1582.0,0.26931,7254.0,0.26956,1582.0,0.26958,3021.0
1753504024474,04:27:04.474,ALGO/USDT:USDT,0.26933,1582.0,0.26931,7254.0,0.26956,1582.0,0.26958,3021.0
1753504024517,04:27:04.517,ALGO/USDT:USDT,0.26933,1582.0,0.26931,7254.0,0.26956,1582.0,0.26958,3021.0
1753504024535,04:27:04.535,ALGO/USDT:USDT,0.26933,1582.0,0.26931,7254.0,0.26956,1582.0,0.26958,3021.0
1753504024539,04:27:04.539,ALGO/USDT:USDT,0.26933,1582.0,0.26931,7254.0,0.26956,1582.0,0.26958,3021.0
1753504024551,04:27:04.551,ALGO/USDT:USDT,0.26933,1582.0,0.26931,7254.0,0.26956,1582.0,0.26958,3021.0
1753504024568,04:27:04.568,ALGO/USDT:USDT,0.26933,1582.0,0.26931,7254.0,0.26956,1582.0,0.26958,3021.0
1753504024570,04:27:04.570,ALGO/USDT:USDT,0.26933,1582.0,0.26931,7254.0,0.26956,1582.0,0.26958,3021.0
1753504024572,04:27:04.572,ALGO/USDT:USDT,0.26933,1582.0,0.26931,7254.0,0.26956,1582.0,0.26958,3021.0
1753504024574,04:27:04.574,ALGO/USDT:USDT,0.26933,1582.0,0.26931,7254.0,0.26956,1582.0,0.26958,3021.0
1753504024576,04:27:04.576,ALGO/USDT:USDT,0.26933,1582.0,0.26931,7254.0,0.26956,1582.0,0.26958,3021.0
1753504024578,04:27:04.578,ALGO/USDT:USDT,0.26933,1582.0,0.26931,7254.0,0.26956,1582.0,0.26958,3021.0
1753504024580,04:27:04.580,ALGO/USDT:USDT,0.26933,1582.0,0.26931,7254.0,0.26956,1582.0,0.26958,3021.0
1753504024582,04:27:04.582,ALGO/USDT:USDT,0.26933,1582.0,0.26931,7254.0,0.26956,1582.0,0.26958,3021.0
1753504024584,04:27:04.584,ALGO/USDT:USDT,0.26933,1582.0,0.26931,7254.0,0.26956,1582.0,0.26958,3021.0
1753504024610,04:27:04.610,ALGO/USDT:USDT,0.26933,1582.0,0.26931,7254.0,0.26956,1582.0,0.26958,3021.0
1753504024614,04:27:04.614,ALGO/USDT:USDT,0.26933,1582.0,0.26931,7254.0,0.26956,1582.0,0.26958,3021.0
1753504024633,04:27:04.633,ALGO/USDT:USDT,0.26933,1582.0,0.26931,7254.0,0.26956,1582.0,0.26958,3021.0
1753504024897,04:27:04.897,ALGO/USDT:USDT,0.26933,3747.0,0.26931,7254.0,0.26956,1582.0,0.26958,3021.0
1753504024900,04:27:04.900,ALGO/USDT:USDT,0.26934,1582.0,0.26933,2165.0,0.26956,1582.0,0.26958,3021.0
1753504024900,04:27:04.900,ALGO/USDT:USDT,0.26934,1582.0,0.26933,2165.0,0.26956,1582.0,0.26958,3021.0
1753504024925,04:27:04.925,ALGO/USDT:USDT,0.26934,1582.0,0.26931,7254.0,0.26956,1582.0,0.26958,3021.0
1753504025430,04:27:05.430,ALGO/USDT:USDT,0.26934,1582.0,0.26931,7254.0,0.26956,1582.0,0.26958,3021.0
1753504025430,04:27:05.430,ALGO/USDT:USDT,0.26934,1582.0,0.26931,7254.0,0.26956,1582.0,0.26958,3021.0
1753504025430,04:27:05.430,ALGO/USDT:USDT,0.26934,1582.0,0.26931,7254.0,0.26956,1582.0,0.26958,3021.0
1753504025430,04:27:05.430,ALGO/USDT:USDT,0.26934,1582.0,0.26931,7254.0,0.26956,1582.0,0.26958,3021.0
1753504025483,04:27:05.483,ALGO/USDT:USDT,0.26934,1582.0,0.26931,7254.0,0.26956,1582.0,0.26958,3021.0
1753504025484,04:27:05.484,ALGO/USDT:USDT,0.26934,1582.0,0.26931,7254.0,0.26956,1582.0,0.26958,3021.0
1753504025488,04:27:05.488,ALGO/USDT:USDT,0.26934,1582.0,0.26931,7254.0,0.26956,1582.0,0.26958,3021.0
1753504025702,04:27:05.702,ALGO/USDT:USDT,0.26934,1582.0,0.26931,7254.0,0.26956,1582.0,0.26958,3021.0
1753504025907,04:27:05.907,ALGO/USDT:USDT,0.26934,1582.0,0.26931,7254.0,0.26956,1582.0,0.26958,3021.0
1753504025915,04:27:05.915,ALGO/USDT:USDT,0.26934,1582.0,0.26931,7254.0,0.26956,1582.0,0.26958,3021.0
1753504025915,04:27:05.915,ALGO/USDT:USDT,0.26934,1582.0,0.26931,7254.0,0.26956,1582.0,0.26958,3021.0
1753504025915,04:27:05.915,ALGO/USDT:USDT,0.26934,1582.0,0.26931,7254.0,0.26956,1582.0,0.26958,3021.0
1753504025915,04:27:05.915,ALGO/USDT:USDT,0.26934,1582.0,0.26931,7254.0,0.26956,1582.0,0.26958,3021.0
1753504025999,04:27:05.999,ALGO/USDT:USDT,0.26934,1582.0,0.26931,7254.0,0.26956,1582.0,0.26958,3021.0
1753504026409,04:27:06.409,ALGO/USDT:USDT,0.26934,1582.0,0.26931,7254.0,0.26956,1582.0,0.26958,3021.0
1753504026409,04:27:06.409,ALGO/USDT:USDT,0.26934,1582.0,0.26931,7254.0,0.26956,1582.0,0.26958,3021.0
1753504026409,04:27:06.409,ALGO/USDT:USDT,0.26934,1582.0,0.26931,7254.0,0.26956,1582.0,0.26958,3021.0
1753504026409,04:27:06.409,ALGO/USDT:USDT,0.26934,1582.0,0.26931,7254.0,0.26956,1582.0,0.26958,3021.0
1753504026623,04:27:06.623,ALGO/USDT:USDT,0.26934,1582.0,0.26931,7254.0,0.26956,1582.0,0.26958,3021.0
1753504026627,04:27:06.627,ALGO/USDT:USDT,0.26934,1582.0,0.26931,7254.0,0.26956,1582.0,0.26958,3021.0
1753504026627,04:27:06.627,ALGO/USDT:USDT,0.26934,1582.0,0.26931,7254.0,0.26956,1582.0,0.26958,3021.0
1753504026630,04:27:06.630,ALGO/USDT:USDT,0.26934,1582.0,0.26931,7254.0,0.26956,1582.0,0.26958,3021.0
1753504026635,04:27:06.635,ALGO/USDT:USDT,0.26934,1582.0,0.26931,7254.0,0.26956,1582.0,0.26958,3021.0
1753504026814,04:27:06.814,ALGO/USDT:USDT,0.26934,1582.0,0.26931,7254.0,0.26956,1582.0,0.26958,3021.0
1753504026817,04:27:06.817,ALGO/USDT:USDT,0.26934,1582.0,0.26931,7254.0,0.26956,1582.0,0.26958,3021.0
1753504027119,04:27:07.119,ALGO/USDT:USDT,0.26934,1582.0,0.26931,7254.0,0.26956,1582.0,0.26958,3021.0
1753504027119,04:27:07.119,ALGO/USDT:USDT,0.26934,1582.0,0.26931,7254.0,0.26956,1582.0,0.26958,3021.0
1753504027140,04:27:07.140,ALGO/USDT:USDT,0.26934,1582.0,0.26931,7254.0,0.26956,1582.0,0.26958,3021.0
1753504027140,04:27:07.140,ALGO/USDT:USDT,0.26934,1582.0,0.26931,7254.0,0.26956,1582.0,0.26958,3021.0
1753504027241,04:27:07.241,ALGO/USDT:USDT,0.26934,1582.0,0.26931,7254.0,0.26956,1582.0,0.26958,3021.0
1753504027244,04:27:07.244,ALGO/USDT:USDT,0.26934,1582.0,0.26931,7254.0,0.26956,1582.0,0.26958,3021.0
1753504028562,04:27:08.562,ALGO/USDT:USDT,0.26934,1582.0,0.26931,7254.0,0.26956,1582.0,0.26958,3021.0
1753504028566,04:27:08.566,ALGO/USDT:USDT,0.26934,1582.0,0.26931,7254.0,0.26956,1582.0,0.26958,3021.0
1753504028568,04:27:08.568,ALGO/USDT:USDT,0.26934,1582.0,0.26931,7254.0,0.26956,1582.0,0.26958,3021.0
1753504028922,04:27:08.922,ALGO/USDT:USDT,0.26934,1582.0,0.26931,7254.0,0.26956,1582.0,0.26958,3021.0
1753504028925,04:27:08.925,ALGO/USDT:USDT,0.26934,1582.0,0.26931,7254.0,0.26956,1582.0,0.26958,3021.0
1753504029022,04:27:09.022,ALGO/USDT:USDT,0.26934,1582.0,0.26931,7254.0,0.26955,416.0,0.26956,1582.0
1753504029035,04:27:09.035,ALGO/USDT:USDT,0.26934,1582.0,0.26931,7254.0,0.26954,1582.0,0.26956,1582.0
1753504029052,04:27:09.052,ALGO/USDT:USDT,0.26934,1582.0,0.26931,7254.0,0.26954,1582.0,0.26956,1582.0
1753504029067,04:27:09.067,ALGO/USDT:USDT,0.26934,1582.0,0.26931,7254.0,0.26954,1582.0,0.26956,1582.0
1753504029106,04:27:09.106,ALGO/USDT:USDT,0.26934,1582.0,0.26931,7254.0,0.26954,1582.0,0.26956,1582.0
1753504029179,04:27:09.179,ALGO/USDT:USDT,0.26934,1582.0,0.26931,7254.0,0.26956,1582.0,0.26958,3021.0
1753504029745,04:27:09.745,ALGO/USDT:USDT,0.26934,1582.0,0.26931,7254.0,0.26956,1582.0,0.26958,3021.0
1753504029747,04:27:09.747,ALGO/USDT:USDT,0.26934,1582.0,0.26931,7254.0,0.26956,1582.0,0.26958,3021.0
1753504029749,04:27:09.749,ALGO/USDT:USDT,0.26934,1582.0,0.26931,7254.0,0.26956,1582.0,0.26958,3021.0
1753504029749,04:27:09.749,ALGO/USDT:USDT,0.26934,1582.0,0.26931,7254.0,0.26956,1582.0,0.26958,3021.0
1753504029766,04:27:09.766,ALGO/USDT:USDT,0.26934,1582.0,0.26931,7254.0,0.26956,1582.0,0.26958,3021.0
1753504029766,04:27:09.766,ALGO/USDT:USDT,0.26934,1582.0,0.26931,7254.0,0.26956,1582.0,0.26958,3021.0
1753504029776,04:27:09.776,ALGO/USDT:USDT,0.26934,1582.0,0.26931,7254.0,0.26956,1582.0,0.26958,3021.0
1753504029776,04:27:09.776,ALGO/USDT:USDT,0.26934,1582.0,0.26931,7254.0,0.26956,1582.0,0.26958,3021.0
1753504029779,04:27:09.779,ALGO/USDT:USDT,0.26934,1582.0,0.26931,7254.0,0.26956,1582.0,0.26958,3021.0
1753504029814,04:27:09.814,ALGO/USDT:USDT,0.26934,1582.0,0.26931,7254.0,0.26956,1582.0,0.26958,3021.0
1753504029818,04:27:09.818,ALGO/USDT:USDT,0.26934,1582.0,0.26931,7254.0,0.26956,1582.0,0.26958,3021.0
1753504029826,04:27:09.826,ALGO/USDT:USDT,0.26934,1582.0,0.26931,7254.0,0.26956,1582.0,0.26958,3021.0
1753504029827,04:27:09.827,ALGO/USDT:USDT,0.26934,1582.0,0.26931,7254.0,0.26956,1582.0,0.26958,3021.0
1753504029846,04:27:09.846,ALGO/USDT:USDT,0.26934,1582.0,0.26931,7254.0,0.26956,1582.0,0.26958,3021.0
1753504029849,04:27:09.849,ALGO/USDT:USDT,0.26934,1582.0,0.26931,7254.0,0.26956,1582.0,0.26958,3021.0
1753504029878,04:27:09.878,ALGO/USDT:USDT,0.26934,1582.0,0.26931,7254.0,0.26956,1582.0,0.26958,1541.0
1753504029884,04:27:09.884,ALGO/USDT:USDT,0.26934,1582.0,0.26931,7254.0,0.26958,1541.0,0.26959,3219.0
1753504029888,04:27:09.888,ALGO/USDT:USDT,0.26934,1582.0,0.26931,7254.0,0.26958,1541.0,0.2696,1572.0
1753504029889,04:27:09.889,ALGO/USDT:USDT,0.26934,1582.0,0.26931,7254.0,0.26958,1541.0,0.2696,1572.0
1753504029889,04:27:09.889,ALGO/USDT:USDT,0.26934,1582.0,0.26931,7254.0,0.26957,6983.0,0.26958,1541.0
1753504029889,04:27:09.889,ALGO/USDT:USDT,0.26934,1582.0,0.26931,7254.0,0.26957,6983.0,0.26958,1541.0
1753504029892,04:27:09.892,ALGO/USDT:USDT,0.26934,1582.0,0.26931,7254.0,0.26956,1582.0,0.26957,6983.0
1753504029893,04:27:09.893,ALGO/USDT:USDT,0.26934,1582.0,0.26931,7254.0,0.26956,1582.0,0.26957,6983.0
1753504029901,04:27:09.901,ALGO/USDT:USDT,0.26934,1582.0,0.26931,7254.0,0.26956,1582.0,0.26958,1541.0
1753504029939,04:27:09.939,ALGO/USDT:USDT,0.26934,1582.0,0.26931,7254.0,0.26956,1582.0,0.26958,1541.0
1753504030048,04:27:10.048,ALGO/USDT:USDT,0.26934,1582.0,0.26931,7254.0,0.26958,1541.0,0.2696,1572.0
1753504030051,04:27:10.051,ALGO/USDT:USDT,0.26934,1582.0,0.26931,7254.0,0.2696,1572.0,0.26961,1133.0
1753504030054,04:27:10.054,ALGO/USDT:USDT,0.26934,1582.0,0.26931,7254.0,0.2696,1572.0,0.26961,1133.0
1753504030056,04:27:10.056,ALGO/USDT:USDT,0.26934,1582.0,0.26931,7254.0,0.2696,1572.0,0.26962,17930.0
1753504030056,04:27:10.056,ALGO/USDT:USDT,0.26934,1582.0,0.26931,7254.0,0.2696,1572.0,0.26962,17930.0
1753504030058,04:27:10.058,ALGO/USDT:USDT,0.26934,1582.0,0.26931,7254.0,0.2696,1572.0,0.26962,17930.0
1753504030098,04:27:10.098,ALGO/USDT:USDT,0.26934,1582.0,0.26931,7254.0,0.2696,1572.0,0.26962,17930.0
1753504030104,04:27:10.104,ALGO/USDT:USDT,0.26934,1582.0,0.26931,7254.0,0.2696,1572.0,0.26962,17930.0
1753504030104,04:27:10.104,ALGO/USDT:USDT,0.26934,1582.0,0.26931,7254.0,0.2696,1572.0,0.26962,17930.0
1753504030107,04:27:10.107,ALGO/USDT:USDT,0.26934,1582.0,0.26931,7254.0,0.2696,1572.0,0.26962,17930.0
1753504030107,04:27:10.107,ALGO/USDT:USDT,0.26934,1582.0,0.26931,7254.0,0.2696,1572.0,0.26962,17930.0
1753504030126,04:27:10.126,ALGO/USDT:USDT,0.26934,1582.0,0.26931,7254.0,0.2696,1572.0,0.26962,17930.0
1753504030151,04:27:10.151,ALGO/USDT:USDT,0.26934,1582.0,0.26931,7254.0,0.2696,1572.0,0.26962,17930.0
1753504030262,04:27:10.262,ALGO/USDT:USDT,0.26934,1582.0,0.26931,7254.0,0.2696,1572.0,0.26962,17930.0
1753504030262,04:27:10.262,ALGO/USDT:USDT,0.26934,1582.0,0.26931,7254.0,0.2696,1572.0,0.26962,17930.0
1753504030267,04:27:10.267,ALGO/USDT:USDT,0.26934,1582.0,0.26931,7254.0,0.2696,1572.0,0.26962,17930.0
1753504030332,04:27:10.332,ALGO/USDT:USDT,0.26934,1582.0,0.26931,7254.0,0.2696,1572.0,0.26962,17930.0
1753504030346,04:27:10.346,ALGO/USDT:USDT,0.26934,1582.0,0.26931,7254.0,0.2696,1572.0,0.26962,17930.0
1753504030347,04:27:10.347,ALGO/USDT:USDT,0.26934,1582.0,0.26931,7254.0,0.2696,1572.0,0.26962,17930.0
1753504030351,04:27:10.351,ALGO/USDT:USDT,0.26934,1582.0,0.26931,7254.0,0.2696,1572.0,0.26962,17930.0
1753504030357,04:27:10.357,ALGO/USDT:USDT,0.26934,1582.0,0.26931,7254.0,0.2696,1572.0,0.26962,17930.0
1753504030378,04:27:10.378,ALGO/USDT:USDT,0.26934,1582.0,0.26931,7254.0,0.2696,1572.0,0.26962,19399.0
1753504030515,04:27:10.515,ALGO/USDT:USDT,0.26934,1582.0,0.26931,7254.0,0.2696,1572.0,0.26962,19399.0
1753504030515,04:27:10.515,ALGO/USDT:USDT,0.26934,1582.0,0.26931,7254.0,0.2696,1572.0,0.26962,19399.0
1753504030836,04:27:10.836,ALGO/USDT:USDT,0.26934,1582.0,0.26931,7254.0,0.2696,1572.0,0.26962,19399.0
1753504030841,04:27:10.841,ALGO/USDT:USDT,0.26934,1582.0,0.26931,7254.0,0.2696,1572.0,0.26962,19399.0
1753504030842,04:27:10.842,ALGO/USDT:USDT,0.26934,1582.0,0.26931,7254.0,0.2696,1572.0,0.26962,19399.0
1753504031002,04:27:11.002,ALGO/USDT:USDT,0.26934,1582.0,0.26931,7254.0,0.2696,1572.0,0.26962,19399.0
1753504031011,04:27:11.011,ALGO/USDT:USDT,0.26934,1582.0,0.26931,7254.0,0.2696,1572.0,0.26962,19399.0
1753504031614,04:27:11.614,ALGO/USDT:USDT,0.26934,1582.0,0.26931,7254.0,0.2696,1572.0,0.26962,19399.0
1753504031618,04:27:11.618,ALGO/USDT:USDT,0.26934,1582.0,0.26931,7254.0,0.2696,1572.0,0.26962,19399.0
1753504031705,04:27:11.705,ALGO/USDT:USDT,0.26934,1582.0,0.26931,7254.0,0.2696,1572.0,0.26962,19399.0
1753504032142,04:27:12.142,ALGO/USDT:USDT,0.26934,1582.0,0.26931,7254.0,0.2696,1572.0,0.26962,19399.0
1753504032146,04:27:12.146,ALGO/USDT:USDT,0.26934,1582.0,0.26931,7254.0,0.2696,1572.0,0.26962,19399.0
1753504032302,04:27:12.302,ALGO/USDT:USDT,0.26934,1582.0,0.26931,7254.0,0.2696,1572.0,0.26962,19399.0
1753504032307,04:27:12.307,ALGO/USDT:USDT,0.26934,1582.0,0.26931,7254.0,0.2696,1572.0,0.26962,19399.0
1753504032515,04:27:12.515,ALGO/USDT:USDT,0.26934,1582.0,0.26931,7254.0,0.2696,1572.0,0.26962,19399.0
1753504032519,04:27:12.519,ALGO/USDT:USDT,0.26934,1582.0,0.26931,7254.0,0.2696,1572.0,0.26962,19399.0
1753504032709,04:27:12.709,ALGO/USDT:USDT,0.26934,1582.0,0.26931,7254.0,0.26959,7018.0,0.2696,1572.0
1753504032714,04:27:12.714,ALGO/USDT:USDT,0.26934,1582.0,0.26931,7254.0,0.26958,1582.0,0.26959,7018.0
1753504032720,04:27:12.720,ALGO/USDT:USDT,0.26934,1582.0,0.26931,7254.0,0.26958,1582.0,0.26959,7018.0
1753504032727,04:27:12.727,ALGO/USDT:USDT,0.26934,1582.0,0.26931,7254.0,0.26958,1582.0,0.2696,1572.0
1753504032752,04:27:12.752,ALGO/USDT:USDT,0.26934,1582.0,0.26931,7254.0,0.26957,7018.0,0.26958,1582.0
1753504032756,04:27:12.756,ALGO/USDT:USDT,0.26934,1582.0,0.26931,7254.0,0.26957,7018.0,0.26958,1582.0
1753504032758,04:27:12.758,ALGO/USDT:USDT,0.26934,1582.0,0.26931,7254.0,0.26956,1582.0,0.26957,7018.0
1753504032758,04:27:12.758,ALGO/USDT:USDT,0.26934,1582.0,0.26931,7254.0,0.26956,1582.0,0.26957,7018.0
1753504032760,04:27:12.760,ALGO/USDT:USDT,0.26934,1582.0,0.26931,7254.0,0.26956,1582.0,0.26958,1582.0
1753504032796,04:27:12.796,ALGO/USDT:USDT,0.26934,1582.0,0.26931,7254.0,0.26956,1582.0,0.26958,1582.0
1753504032798,04:27:12.798,ALGO/USDT:USDT,0.26934,1582.0,0.26931,7254.0,0.26956,1582.0,0.26958,1582.0
1753504032810,04:27:12.810,ALGO/USDT:USDT,0.26934,1582.0,0.26931,7254.0,0.26956,1582.0,0.26958,1582.0
1753504032861,04:27:12.861,ALGO/USDT:USDT,0.26934,1582.0,0.26931,7254.0,0.26956,1582.0,0.26958,1582.0
1753504032863,04:27:12.863,ALGO/USDT:USDT,0.26934,1582.0,0.26931,7254.0,0.26956,1582.0,0.26958,1582.0
1753504032864,04:27:12.864,ALGO/USDT:USDT,0.26934,1582.0,0.26931,7254.0,0.26956,1582.0,0.26958,1582.0
1753504032913,04:27:12.913,ALGO/USDT:USDT,0.26934,1582.0,0.26931,7254.0,0.26958,1582.0,0.2696,1572.0
1753504032918,04:27:12.918,ALGO/USDT:USDT,0.26934,1582.0,0.26931,7254.0,0.2696,1572.0,0.26961,3216.0
1753504032919,04:27:12.919,ALGO/USDT:USDT,0.26934,1582.0,0.26931,7254.0,0.26957,6962.0,0.2696,1572.0
1753504032922,04:27:12.922,ALGO/USDT:USDT,0.26934,1582.0,0.26931,7254.0,0.26957,6962.0,0.2696,1572.0
1753504032922,04:27:12.922,ALGO/USDT:USDT,0.26934,1582.0,0.26931,7254.0,0.26956,1582.0,0.26957,6962.0
1753504032936,04:27:12.936,ALGO/USDT:USDT,0.26934,1582.0,0.26931,7254.0,0.26956,1582.0,0.2696,1572.0
1753504032950,04:27:12.950,ALGO/USDT:USDT,0.26934,1582.0,0.26931,7254.0,0.26956,1582.0,0.2696,1572.0
1753504032966,04:27:12.966,ALGO/USDT:USDT,0.26934,1582.0,0.26931,7254.0,0.26956,1582.0,0.2696,1572.0
1753504033076,04:27:13.076,ALGO/USDT:USDT,0.26934,1582.0,0.26931,7254.0,0.2696,1572.0,0.26961,3216.0
1753504033079,04:27:13.079,ALGO/USDT:USDT,0.26934,1582.0,0.26931,7254.0,0.2696,1572.0,0.26961,1130.0
1753504033081,04:27:13.081,ALGO/USDT:USDT,0.26934,1582.0,0.26931,7254.0,0.2696,1572.0,0.26962,19399.0
1753504033081,04:27:13.081,ALGO/USDT:USDT,0.26934,1582.0,0.26931,7254.0,0.26959,6962.0,0.2696,1572.0
1753504033084,04:27:13.084,ALGO/USDT:USDT,0.26934,1582.0,0.26931,7254.0,0.26958,1582.0,0.26959,6962.0
1753504033105,04:27:13.105,ALGO/USDT:USDT,0.26934,1582.0,0.26931,7254.0,0.26958,1582.0,0.2696,1572.0
1753504033123,04:27:13.123,ALGO/USDT:USDT,0.26934,1582.0,0.26931,7254.0,0.26958,1582.0,0.2696,1572.0
1753504033234,04:27:13.234,ALGO/USDT:USDT,0.26934,1582.0,0.26931,7254.0,0.26957,6962.0,0.26958,1582.0
1753504033238,04:27:13.238,ALGO/USDT:USDT,0.26934,1582.0,0.26931,7254.0,0.26956,1582.0,0.26957,6962.0
1753504033250,04:27:13.250,ALGO/USDT:USDT,0.26934,1582.0,0.26931,7254.0,0.26956,1582.0,0.26958,1582.0
1753504033256,04:27:13.256,ALGO/USDT:USDT,0.26934,1582.0,0.26931,7254.0,0.26956,1582.0,0.26958,1582.0
1753504033280,04:27:13.280,ALGO/USDT:USDT,0.26934,1582.0,0.26931,7254.0,0.26956,1582.0,0.26958,1582.0
1753504033384,04:27:13.384,ALGO/USDT:USDT,0.26934,1582.0,0.26931,7254.0,0.26956,1582.0,0.26958,1582.0
1753504033396,04:27:13.396,ALGO/USDT:USDT,0.26934,1582.0,0.26931,7254.0,0.2696,1572.0,0.26961,3216.0
1753504033400,04:27:13.400,ALGO/USDT:USDT,0.26934,1582.0,0.26931,7254.0,0.2696,1572.0,0.26961,1130.0
1753504033402,04:27:13.402,ALGO/USDT:USDT,0.26934,1582.0,0.26931,7254.0,0.26959,6962.0,0.2696,1572.0
1753504033406,04:27:13.406,ALGO/USDT:USDT,0.26934,1582.0,0.26931,7254.0,0.26958,1582.0,0.26959,6962.0
1753504033427,04:27:13.427,ALGO/USDT:USDT,0.26934,1582.0,0.26931,7254.0,0.26958,1582.0,0.2696,1572.0
1753504033436,04:27:13.436,ALGO/USDT:USDT,0.26934,1582.0,0.26931,7254.0,0.26958,1582.0,0.2696,1572.0
1753504033437,04:27:13.437,ALGO/USDT:USDT,0.26934,1582.0,0.26931,7254.0,0.26957,6962.0,0.26958,1582.0
