timestamp,time,symbol,bid1_price,bid1_volume,bid2_price,bid2_volume,ask1_price,ask1_volume,ask2_price,ask2_volume
1753504003592,04:26:43.592,ADA/USDT:USDT,0.8235,668.0,0.8234,1852.0,0.8238,48.0,0.8241,3875.0
1753504004591,04:26:44.591,ADA/USDT:USDT,0.8235,631.0,0.823,8316.0,0.8238,338.0,0.824,5403.0
1753504005048,04:26:45.048,ADA/USDT:USDT,0.8236,515.0,0.8235,9.0,0.8238,4.0,0.8239,40.0
1753504005650,04:26:45.650,ADA/USDT:USDT,0.8237,263.0,0.8236,1.0,0.8238,2.0,0.8239,580.0
1753504006094,04:26:46.094,ADA/USDT:USDT,0.8237,263.0,0.8236,1.0,0.8238,2.0,0.8239,580.0
1753504007096,04:26:47.096,ADA/USDT:USDT,0.8237,4.0,0.8236,280.0,0.8238,2.0,0.8239,580.0
1753504007595,04:26:47.595,ADA/USDT:USDT,0.8237,4.0,0.8236,280.0,0.8238,2.0,0.8239,580.0
1753504008097,04:26:48.097,ADA/USDT:USDT,0.8237,213.0,0.8235,5.0,0.8238,2.0,0.8239,583.0
1753504009099,04:26:49.099,ADA/USDT:USDT,0.8237,4.0,0.8236,229.0,0.8238,2.0,0.8239,591.0
1753504009600,04:26:49.600,ADA/USDT:USDT,0.8237,4.0,0.8236,229.0,0.8238,2.0,0.8239,591.0
1753504010101,04:26:50.101,ADA/USDT:USDT,0.8237,205.0,0.8236,7469.0,0.8238,2.0,0.8239,474.0
1753504010654,04:26:50.654,ADA/USDT:USDT,0.8237,2.0,0.8236,229.0,0.8238,2.0,0.8239,486.0
1753504011103,04:26:51.103,ADA/USDT:USDT,0.8236,231.0,0.8235,5.0,0.8238,2.0,0.8239,486.0
1753504011882,04:26:51.882,ADA/USDT:USDT,0.8237,782.0,0.8236,2.0,0.8238,2.0,0.8239,1.0
1753504012105,04:26:52.105,ADA/USDT:USDT,0.8237,782.0,0.8236,2.0,0.8238,2.0,0.824,34.0
1753504013108,04:26:53.108,ADA/USDT:USDT,0.8237,428.0,0.8235,3204.0,0.8238,2.0,0.824,439.0
1753504013608,04:26:53.608,ADA/USDT:USDT,0.8237,431.0,0.8235,3204.0,0.8238,2.0,0.824,439.0
1753504014107,04:26:54.107,ADA/USDT:USDT,0.8237,15.0,0.8235,5.0,0.8238,2.0,0.824,686.0
1753504015109,04:26:55.109,ADA/USDT:USDT,0.8237,177.0,0.8235,5.0,0.8238,2.0,0.824,507.0
1753504015663,04:26:55.663,ADA/USDT:USDT,0.8237,178.0,0.8232,3261.0,0.824,511.0,0.8245,4557.0
1753504016113,04:26:56.113,ADA/USDT:USDT,0.8237,305.0,0.8234,6231.0,0.824,332.0,0.8245,708.0
1753504016612,04:26:56.612,ADA/USDT:USDT,0.8237,305.0,0.8234,6231.0,0.824,329.0,0.8245,708.0
1753504017614,04:26:57.614,ADA/USDT:USDT,0.8238,306.0,0.8237,4449.0,0.824,502.0,0.8242,1081.0
1753504018114,04:26:58.114,ADA/USDT:USDT,0.8238,5.0,0.8237,359.0,0.824,329.0,0.8241,4755.0
1753504018614,04:26:58.614,ADA/USDT:USDT,0.8238,5.0,0.8237,359.0,0.824,329.0,0.8241,4755.0
1753504019615,04:26:59.615,ADA/USDT:USDT,0.8238,685.0,0.8237,1.0,0.824,5.0,0.8241,103.0
1753504020323,04:27:00.323,ADA/USDT:USDT,0.824,510.0,0.8238,4.0,0.8242,65.0,0.8243,4576.0
1753504021118,04:27:01.118,ADA/USDT:USDT,0.824,4.0,0.8239,381.0,0.8242,490.0,0.8243,27.0
1753504021619,04:27:01.619,ADA/USDT:USDT,0.8239,383.0,0.8238,6791.0,0.8242,490.0,0.8243,27.0
1753504022120,04:27:02.120,ADA/USDT:USDT,0.8239,390.0,0.8237,1.0,0.8242,491.0,0.8243,27.0
1753504023123,04:27:03.123,ADA/USDT:USDT,0.824,378.0,0.8239,3.0,0.8243,208.0,0.8244,5469.0
1753504023620,04:27:03.620,ADA/USDT:USDT,0.824,378.0,0.8239,3.0,0.8243,181.0,0.8244,5469.0
1753504024122,04:27:04.122,ADA/USDT:USDT,0.8241,370.0,0.824,4022.0,0.8244,358.0,0.8248,259.0
1753504024623,04:27:04.623,ADA/USDT:USDT,0.8241,370.0,0.824,4022.0,0.8244,355.0,0.8248,259.0
1753504025124,04:27:05.124,ADA/USDT:USDT,0.8241,196.0,0.8239,3.0,0.8243,338.0,0.8244,1.0
1753504026127,04:27:06.127,ADA/USDT:USDT,0.8241,197.0,0.824,4611.0,0.8243,341.0,0.8246,1707.0
1753504026624,04:27:06.624,ADA/USDT:USDT,0.8241,201.0,0.824,4611.0,0.8243,341.0,0.8246,1707.0
1753504027126,04:27:07.126,ADA/USDT:USDT,0.8241,180.0,0.8239,4123.0,0.8243,363.0,0.8246,2328.0
1753504028628,04:27:08.628,ADA/USDT:USDT,0.8241,5.0,0.824,214.0,0.8243,365.0,0.8245,4853.0
1753504029129,04:27:09.129,ADA/USDT:USDT,0.8241,237.0,0.8239,608.0,0.8243,377.0,0.8248,2368.0
1753504029630,04:27:09.630,ADA/USDT:USDT,0.8241,237.0,0.8239,608.0,0.8243,377.0,0.8248,2368.0
1753504030131,04:27:10.131,ADA/USDT:USDT,0.8241,5.0,0.824,9.0,0.8243,507.0,0.8247,4346.0
1753504030638,04:27:10.638,ADA/USDT:USDT,0.8239,13.0,0.8238,2918.0,0.8242,500.0,0.8243,4.0
1753504031131,04:27:11.131,ADA/USDT:USDT,0.8239,6.0,0.8238,1277.0,0.8242,1334.0,0.8243,5034.0
1753504032133,04:27:12.133,ADA/USDT:USDT,0.824,191.0,0.8239,5.0,0.8242,862.0,0.8243,230.0
1753504032633,04:27:12.633,ADA/USDT:USDT,0.824,196.0,0.8237,1.0,0.8242,862.0,0.8243,230.0
1753504033636,04:27:13.636,ADA/USDT:USDT,0.824,5.0,0.8239,209.0,0.8242,860.0,0.8245,5116.0
1753504034135,04:27:14.135,ADA/USDT:USDT,0.824,5.0,0.8239,210.0,0.8242,875.0,0.8245,6193.0
1753504035139,04:27:15.139,ADA/USDT:USDT,0.824,5.0,0.8239,174.0,0.8242,633.0,0.8243,2416.0
1753504035637,04:27:15.637,ADA/USDT:USDT,0.824,5.0,0.8239,174.0,0.8242,633.0,0.8243,2416.0
1753504036138,04:27:16.138,ADA/USDT:USDT,0.8239,211.0,0.8237,1.0,0.8242,601.0,0.8245,618.0
1753504036639,04:27:16.639,ADA/USDT:USDT,0.8239,212.0,0.8237,1.0,0.8242,601.0,0.8245,618.0
1753504037639,04:27:17.639,ADA/USDT:USDT,0.8239,193.0,0.8237,1.0,0.8242,601.0,0.8243,3029.0
1753504038140,04:27:18.140,ADA/USDT:USDT,0.824,222.0,0.8239,3.0,0.8242,637.0,0.8247,2555.0
1753504039143,04:27:19.143,ADA/USDT:USDT,0.824,598.0,0.8239,3.0,0.8242,50.0,0.8247,5778.0
1753504039641,04:27:19.641,ADA/USDT:USDT,0.824,598.0,0.8239,3.0,0.8242,50.0,0.8245,3.0
1753504040644,04:27:20.644,ADA/USDT:USDT,0.8239,361.0,0.8237,3017.0,0.8242,318.0,0.8244,1319.0
1753504041144,04:27:21.144,ADA/USDT:USDT,0.8239,72.0,0.8237,1.0,0.8242,393.0,0.8245,4927.0
1753504041645,04:27:21.645,ADA/USDT:USDT,0.8239,72.0,0.8237,1.0,0.8242,391.0,0.8245,4927.0
1753504042646,04:27:22.646,ADA/USDT:USDT,0.8239,76.0,0.8238,3624.0,0.8242,370.0,0.8245,2059.0
1753504043147,04:27:23.147,ADA/USDT:USDT,0.8239,149.0,0.8238,1273.0,0.8242,404.0,0.8243,502.0
1753504043648,04:27:23.648,ADA/USDT:USDT,0.8239,151.0,0.8238,1273.0,0.8242,404.0,0.8243,502.0
1753504044651,04:27:24.651,ADA/USDT:USDT,0.824,149.0,0.8239,3191.0,0.8242,3.0,0.8243,387.0
1753504045152,04:27:25.152,ADA/USDT:USDT,0.8239,150.0,0.8237,1.0,0.8242,400.0,0.8245,754.0
1753504045654,04:27:25.654,ADA/USDT:USDT,0.8239,150.0,0.8237,1.0,0.8242,398.0,0.8245,754.0
1753504046654,04:27:26.654,ADA/USDT:USDT,0.8239,5.0,0.8238,17.0,0.8241,494.0,0.8242,5.0
1753504047154,04:27:27.154,ADA/USDT:USDT,0.8239,5.0,0.8238,3.0,0.8241,1129.0,0.8242,4.0
1753504048156,04:27:28.156,ADA/USDT:USDT,0.8239,9.0,0.8235,5911.0,0.8241,1159.0,0.8242,4.0
1753504048659,04:27:28.659,ADA/USDT:USDT,0.8239,9.0,0.8235,5911.0,0.8241,1161.0,0.8242,4.0
1753504049159,04:27:29.159,ADA/USDT:USDT,0.8239,3.0,0.8238,261.0,0.8241,266.0,0.8242,4.0
1753504050160,04:27:30.160,ADA/USDT:USDT,0.8239,3.0,0.8238,795.0,0.8241,32.0,0.8242,4.0
1753504050661,04:27:30.661,ADA/USDT:USDT,0.8239,3.0,0.8238,793.0,0.8241,32.0,0.8242,4.0
1753504051162,04:27:31.162,ADA/USDT:USDT,0.8239,3.0,0.8238,354.0,0.8241,176.0,0.8242,682.0
1753504051662,04:27:31.662,ADA/USDT:USDT,0.8239,3.0,0.8238,355.0,0.8241,176.0,0.8242,682.0
1753504052166,04:27:32.166,ADA/USDT:USDT,0.8239,3.0,0.8238,277.0,0.8241,381.0,0.8242,4.0
1753504053164,04:27:33.164,ADA/USDT:USDT,0.8239,3.0,0.8238,183.0,0.8241,385.0,0.8242,4.0
1753504053667,04:27:33.667,ADA/USDT:USDT,0.8239,3.0,0.8238,183.0,0.8241,384.0,0.8242,4.0
1753504054667,04:27:34.667,ADA/USDT:USDT,0.8239,3.0,0.8238,416.0,0.8241,191.0,0.8242,4.0
1753504055167,04:27:35.167,ADA/USDT:USDT,0.8239,3.0,0.8238,416.0,0.8241,119.0,0.8242,1327.0
1753504055668,04:27:35.668,ADA/USDT:USDT,0.8239,3.0,0.8238,416.0,0.8241,119.0,0.8242,1327.0
1753504056169,04:27:36.169,ADA/USDT:USDT,0.8239,3.0,0.8238,344.0,0.8241,178.0,0.8242,4.0
1753504056669,04:27:36.669,ADA/USDT:USDT,0.8239,3.0,0.8238,345.0,0.8241,178.0,0.8242,4.0
1753504057671,04:27:37.671,ADA/USDT:USDT,0.8239,3.0,0.8238,435.0,0.8241,129.0,0.8242,4.0
1753504058171,04:27:38.171,ADA/USDT:USDT,0.8239,428.0,0.8238,4.0,0.8241,129.0,0.8242,4.0
1753504058672,04:27:38.672,ADA/USDT:USDT,0.8239,428.0,0.8238,4.0,0.8241,128.0,0.8242,4.0
1753504059172,04:27:39.172,ADA/USDT:USDT,0.8239,3.0,0.8238,461.0,0.8241,128.0,0.8242,4.0
1753504060173,04:27:40.173,ADA/USDT:USDT,0.8239,3.0,0.8238,398.0,0.8241,117.0,0.8242,240.0
1753504060674,04:27:40.674,ADA/USDT:USDT,0.8242,648.0,0.8239,3.0,0.8243,113.0,0.8247,2865.0
1753504061176,04:27:41.176,ADA/USDT:USDT,0.8241,823.0,0.8239,3.0,0.8244,67.0,0.8246,1084.0
1753504062177,04:27:42.177,ADA/USDT:USDT,0.8241,852.0,0.8239,3.0,0.8244,272.0,0.8246,1387.0
1753504062679,04:27:42.679,ADA/USDT:USDT,0.8241,852.0,0.8239,3.0,0.8244,272.0,0.8246,1387.0
1753504063678,04:27:43.678,ADA/USDT:USDT,0.8241,924.0,0.824,5684.0,0.8244,161.0,0.8247,3378.0
1753504064179,04:27:44.179,ADA/USDT:USDT,0.8242,863.0,0.8239,2891.0,0.8244,340.0,0.8248,6650.0
1753504064680,04:27:44.680,ADA/USDT:USDT,0.8242,862.0,0.8239,2891.0,0.8244,340.0,0.8248,6650.0
1753504065681,04:27:45.681,ADA/USDT:USDT,0.8242,618.0,0.8239,3.0,0.8244,340.0,0.8248,623.0
1753504066183,04:27:46.183,ADA/USDT:USDT,0.8242,620.0,0.8241,998.0,0.8244,338.0,0.8246,1961.0
1753504066682,04:27:46.682,ADA/USDT:USDT,0.8242,620.0,0.8241,998.0,0.8244,340.0,0.8246,1961.0
1753504067183,04:27:47.183,ADA/USDT:USDT,0.8241,665.0,0.8239,3.0,0.8244,68.0,0.8248,2555.0
1753504067683,04:27:47.683,ADA/USDT:USDT,0.8241,665.0,0.8239,3.0,0.8244,68.0,0.8248,2555.0
1753504068685,04:27:48.685,ADA/USDT:USDT,0.8241,687.0,0.824,4776.0,0.8244,68.0,0.8245,778.0
1753504069185,04:27:49.185,ADA/USDT:USDT,0.8241,1.0,0.8239,170.0,0.8242,472.0,0.8243,695.0
1753504069689,04:27:49.689,ADA/USDT:USDT,0.8241,1.0,0.824,386.0,0.8242,730.0,0.8244,5.0
1753504070689,04:27:50.689,ADA/USDT:USDT,0.824,389.0,0.8239,3.0,0.8242,731.0,0.8246,162.0
1753504071196,04:27:51.196,ADA/USDT:USDT,0.8239,424.0,0.8236,5.88,0.8242,729.0,0.8246,2774.0
1753504071690,04:27:51.690,ADA/USDT:USDT,0.824,365.0,0.8239,2113.0,0.8242,1.0,0.8243,728.0
1753504072194,04:27:52.194,ADA/USDT:USDT,0.824,366.0,0.8239,2109.0,0.8242,1.0,0.8243,728.0
1753504072690,04:27:52.690,ADA/USDT:USDT,0.824,1.0,0.8239,319.0,0.8242,739.0,0.8243,5130.0
1753504073194,04:27:53.194,ADA/USDT:USDT,0.824,1.0,0.8239,319.0,0.8242,741.0,0.8243,5130.0
1753504073691,04:27:53.691,ADA/USDT:USDT,0.824,2.0,0.8239,3.0,0.8242,857.0,0.8246,162.0
1753504074691,04:27:54.691,ADA/USDT:USDT,0.824,2.0,0.8239,170.0,0.8241,1294.0,0.8242,3.0
1753504075197,04:27:55.197,ADA/USDT:USDT,0.824,2.0,0.8239,170.0,0.8241,1299.0,0.8243,101.0
1753504075705,04:27:55.705,ADA/USDT:USDT,0.824,2.0,0.8239,171.0,0.8241,1300.0,0.8243,101.0
1753504076693,04:27:56.693,ADA/USDT:USDT,0.8239,7.0,0.8238,119.0,0.8241,1092.0,0.8244,489.0
1753504077202,04:27:57.202,ADA/USDT:USDT,0.8239,7.0,0.8237,115.0,0.824,1089.0,0.8241,3205.0
1753504077693,04:27:57.693,ADA/USDT:USDT,0.8239,7.0,0.8237,52.0,0.824,913.0,0.8241,1.0
1753504078695,04:27:58.695,ADA/USDT:USDT,0.8237,5.0,0.8236,250.88,0.8239,972.0,0.824,3.0
1753504079208,04:27:59.208,ADA/USDT:USDT,0.8236,251.88,0.8234,697.0,0.8239,972.0,0.824,3.0
1753504080208,04:28:00.208,ADA/USDT:USDT,0.8237,2.0,0.8236,433.88,0.8239,853.0,0.8241,1.0
1753504080694,04:28:00.694,ADA/USDT:USDT,0.8236,430.88,0.8232,2548.0,0.8239,855.0,0.8241,1.0
