timestamp,time,symbol,bid1_price,bid1_volume,bid2_price,bid2_volume,ask1_price,ask1_volume,ask2_price,ask2_volume
1753503734103,04:22:14.103,ADA/USDT:USDT,0.8247,19587.0,0.8246,45029.0,0.8248,54700.0,0.8249,88565.0
1753503734226,04:22:14.226,ADA/USDT:USDT,0.8247,12709.0,0.8246,45059.0,0.8248,54693.0,0.8249,88683.0
1753503734335,04:22:14.335,ADA/USDT:USDT,0.8247,12709.0,0.8246,45059.0,0.8248,54704.0,0.8249,88683.0
1753503734443,04:22:14.443,ADA/USDT:USDT,0.8247,12702.0,0.8246,45059.0,0.8248,54704.0,0.8249,88925.0
1753503734545,04:22:14.545,ADA/USDT:USDT,0.8247,12702.0,0.8246,45059.0,0.8248,54711.0,0.8249,89165.0
1753503734649,04:22:14.649,ADA/USDT:USDT,0.8247,12713.0,0.8246,45066.0,0.8248,54607.0,0.8249,91965.0
1753503734753,04:22:14.753,ADA/USDT:USDT,0.8247,12713.0,0.8246,45073.0,0.8248,54607.0,0.8249,91965.0
1753503734856,04:22:14.856,ADA/USDT:USDT,0.8247,18851.0,0.8246,45098.0,0.8248,49478.0,0.8249,91698.0
1753503734958,04:22:14.958,ADA/USDT:USDT,0.8247,18851.0,0.8246,45098.0,0.8248,49478.0,0.8249,91578.0
1753503735080,04:22:15.080,ADA/USDT:USDT,0.8247,18851.0,0.8246,45109.0,0.8248,49475.0,0.8249,91820.0
1753503735183,04:22:15.183,ADA/USDT:USDT,0.8247,18874.0,0.8246,45109.0,0.8248,49475.0,0.8249,91578.0
1753503735296,04:22:15.296,ADA/USDT:USDT,0.8247,18874.0,0.8246,45084.0,0.8248,51874.0,0.8249,91603.0
1753503735510,04:22:15.510,ADA/USDT:USDT,0.8247,18874.0,0.8246,45326.0,0.8248,51873.0,0.8249,91603.0
1753503735687,04:22:15.687,ADA/USDT:USDT,0.8247,18874.0,0.8246,45326.0,0.8248,51873.0,0.8249,91578.0
1753503735790,04:22:15.790,ADA/USDT:USDT,0.8247,18874.0,0.8246,45326.0,0.8248,49474.0,0.8249,91458.0
1753503735910,04:22:15.910,ADA/USDT:USDT,0.8247,18874.0,0.8246,45084.0,0.8248,51873.0,0.8249,91338.0
1753503736014,04:22:16.014,ADA/USDT:USDT,0.8247,18753.0,0.8246,45084.0,0.8248,54603.0,0.8249,91458.0
1753503736127,04:22:16.127,ADA/USDT:USDT,0.8247,29515.0,0.8246,45084.0,0.8248,48802.0,0.8249,91458.0
1753503736230,04:22:16.230,ADA/USDT:USDT,0.8247,18753.0,0.8246,45084.0,0.8248,51341.0,0.8249,91458.0
1753503736341,04:22:16.341,ADA/USDT:USDT,0.8247,18753.0,0.8246,45084.0,0.8248,51341.0,0.8249,95096.0
1753503736460,04:22:16.460,ADA/USDT:USDT,0.8247,18753.0,0.8246,45326.0,0.8248,51341.0,0.8249,95096.0
1753503736569,04:22:16.569,ADA/USDT:USDT,0.8247,18753.0,0.8246,45326.0,0.8248,51452.0,0.8249,95121.0
1753503736671,04:22:16.671,ADA/USDT:USDT,0.8247,18753.0,0.8246,45326.0,0.8248,51489.0,0.8249,95121.0
1753503736786,04:22:16.786,ADA/USDT:USDT,0.8247,29515.0,0.8246,45326.0,0.8248,49134.0,0.8249,95096.0
1753503736889,04:22:16.889,ADA/USDT:USDT,0.8247,29515.0,0.8246,45326.0,0.8248,49134.0,0.8249,94856.0
1753503736992,04:22:16.992,ADA/USDT:USDT,0.8247,29515.0,0.8246,54084.0,0.8248,49134.0,0.8249,94856.0
1753503737094,04:22:17.094,ADA/USDT:USDT,0.8247,29540.0,0.8246,54084.0,0.8248,49134.0,0.8249,85316.0
1753503737201,04:22:17.201,ADA/USDT:USDT,0.8247,29540.0,0.8246,54093.0,0.8248,52161.0,0.8249,85325.0
1753503737304,04:22:17.304,ADA/USDT:USDT,0.8247,13896.0,0.8246,54093.0,0.8248,54839.0,0.8249,94865.0
1753503737406,04:22:17.406,ADA/USDT:USDT,0.8246,27442.0,0.8245,75913.0,0.8247,57172.0,0.8248,80541.0
1753503737508,04:22:17.508,ADA/USDT:USDT,0.8246,25496.0,0.8245,75921.0,0.8247,56605.0,0.8248,80433.0
1753503737610,04:22:17.610,ADA/USDT:USDT,0.8246,25496.0,0.8245,76511.0,0.8247,56605.0,0.8248,81263.0
1753503737723,04:22:17.723,ADA/USDT:USDT,0.8246,38439.0,0.8245,76896.0,0.8247,42795.0,0.8248,78318.0
1753503737826,04:22:17.826,ADA/USDT:USDT,0.8246,33599.0,0.8245,76197.0,0.8247,42795.0,0.8248,78198.0
1753503737950,04:22:17.950,ADA/USDT:USDT,0.8246,25844.0,0.8245,76172.0,0.8247,43244.0,0.8248,77761.0
1753503738062,04:22:18.062,ADA/USDT:USDT,0.8246,25844.0,0.8245,76172.0,0.8247,44348.0,0.8248,76662.0
1753503738163,04:22:18.163,ADA/USDT:USDT,0.8246,25844.0,0.8245,76172.0,0.8247,44348.0,0.8248,76662.0
1753503738274,04:22:18.274,ADA/USDT:USDT,0.8246,25844.0,0.8245,76172.0,0.8247,44348.0,0.8248,76662.0
1753503738389,04:22:18.389,ADA/USDT:USDT,0.8246,25844.0,0.8245,76172.0,0.8247,44348.0,0.8248,76662.0
1753503738497,04:22:18.497,ADA/USDT:USDT,0.8246,25844.0,0.8245,76172.0,0.8247,44348.0,0.8248,76662.0
1753503738602,04:22:18.602,ADA/USDT:USDT,0.8246,25844.0,0.8245,75930.0,0.8247,44347.0,0.8248,76662.0
1753503738708,04:22:18.708,ADA/USDT:USDT,0.8246,25953.0,0.8245,75955.0,0.8247,44347.0,0.8248,76637.0
1753503738815,04:22:18.815,ADA/USDT:USDT,0.8246,37573.0,0.8245,76671.0,0.8247,44206.0,0.8248,76637.0
1753503738928,04:22:18.928,ADA/USDT:USDT,0.8246,44721.0,0.8245,117874.0,0.8247,1857.0,0.8248,64217.0
1753503739167,04:22:19.167,ADA/USDT:USDT,0.8246,46974.0,0.8245,118720.0,0.8247,5456.0,0.8248,60576.0
1753503739280,04:22:19.280,ADA/USDT:USDT,0.8246,46999.0,0.8245,118720.0,0.8247,5496.0,0.8248,60569.0
1753503739385,04:22:19.385,ADA/USDT:USDT,0.8246,48427.0,0.8245,118720.0,0.8247,5496.0,0.8248,47727.0
1753503739489,04:22:19.489,ADA/USDT:USDT,0.8246,52424.0,0.8245,119080.0,0.8247,6476.0,0.8248,47727.0
1753503739593,04:22:19.593,ADA/USDT:USDT,0.8246,54587.0,0.8245,119558.0,0.8247,6688.0,0.8248,33234.0
1753503739695,04:22:19.695,ADA/USDT:USDT,0.8247,65052.0,0.8246,106060.0,0.8248,15684.0,0.8249,78882.0
1753503739796,04:22:19.796,ADA/USDT:USDT,0.8247,67141.0,0.8246,103906.0,0.8248,28385.0,0.8249,78890.0
1753503739906,04:22:19.906,ADA/USDT:USDT,0.8247,60481.0,0.8246,69347.0,0.8248,41392.0,0.8249,78567.0
1753503740008,04:22:20.008,ADA/USDT:USDT,0.8247,46076.0,0.8246,64955.0,0.8248,41740.0,0.8249,78567.0
1753503740113,04:22:20.113,ADA/USDT:USDT,0.8247,46076.0,0.8246,64955.0,0.8248,41740.0,0.8249,78567.0
1753503740237,04:22:20.237,ADA/USDT:USDT,0.8247,46292.0,0.8246,64955.0,0.8248,41525.0,0.8249,78762.0
1753503740353,04:22:20.353,ADA/USDT:USDT,0.8247,48982.0,0.8246,64955.0,0.8248,41525.0,0.8249,78762.0
1753503740455,04:22:20.455,ADA/USDT:USDT,0.8247,47346.0,0.8246,64595.0,0.8248,42828.0,0.8249,78762.0
1753503740556,04:22:20.556,ADA/USDT:USDT,0.8247,40624.0,0.8246,64127.0,0.8248,42828.0,0.8249,79359.0
1753503740658,04:22:20.658,ADA/USDT:USDT,0.8247,40624.0,0.8246,64127.0,0.8248,41525.0,0.8249,79359.0
1753503740802,04:22:20.802,ADA/USDT:USDT,0.8247,43650.0,0.8246,64127.0,0.8248,39280.0,0.8249,79359.0
1753503740927,04:22:20.927,ADA/USDT:USDT,0.8247,43725.0,0.8246,64127.0,0.8248,41481.0,0.8249,79359.0
1753503741049,04:22:21.049,ADA/USDT:USDT,0.8247,41047.0,0.8246,64369.0,0.8248,41481.0,0.8249,79334.0
1753503741155,04:22:21.155,ADA/USDT:USDT,0.8247,43725.0,0.8246,64127.0,0.8248,41433.0,0.8249,79334.0
1753503741309,04:22:21.309,ADA/USDT:USDT,0.8247,43725.0,0.8246,64152.0,0.8248,41433.0,0.8249,79150.0
1753503741410,04:22:21.410,ADA/USDT:USDT,0.8247,41047.0,0.8246,64127.0,0.8248,41448.0,0.8249,79334.0
1753503741556,04:22:21.556,ADA/USDT:USDT,0.8247,41047.0,0.8246,64127.0,0.8248,41448.0,0.8249,79334.0
1753503741719,04:22:21.719,ADA/USDT:USDT,0.8247,41047.0,0.8246,64127.0,0.8248,41448.0,0.8249,79359.0
1753503742002,04:22:22.002,ADA/USDT:USDT,0.8247,38818.0,0.8246,64475.0,0.8248,43673.0,0.8249,79359.0
1753503742106,04:22:22.106,ADA/USDT:USDT,0.8247,38818.0,0.8246,64475.0,0.8248,41447.0,0.8249,79359.0
1753503742238,04:22:22.238,ADA/USDT:USDT,0.8247,38818.0,0.8246,64475.0,0.8248,41447.0,0.8249,79359.0
1753503742354,04:22:22.354,ADA/USDT:USDT,0.8247,38818.0,0.8246,64475.0,0.8248,41447.0,0.8249,79359.0
1753503742502,04:22:22.502,ADA/USDT:USDT,0.8247,38818.0,0.8246,64475.0,0.8248,41447.0,0.8249,79359.0
1753503742609,04:22:22.609,ADA/USDT:USDT,0.8247,38818.0,0.8246,64475.0,0.8248,44140.0,0.8249,79011.0
1753503742716,04:22:22.716,ADA/USDT:USDT,0.8247,41041.0,0.8246,67790.0,0.8248,28874.0,0.8249,79334.0
1753503742834,04:22:22.834,ADA/USDT:USDT,0.8247,41905.0,0.8246,67790.0,0.8248,28874.0,0.8249,79334.0
1753503743001,04:22:23.001,ADA/USDT:USDT,0.8247,43291.0,0.8246,68032.0,0.8248,28866.0,0.8249,79334.0
1753503743125,04:22:23.125,ADA/USDT:USDT,0.8247,43291.0,0.8246,68511.0,0.8248,18104.0,0.8249,78737.0
1753503743229,04:22:23.229,ADA/USDT:USDT,0.8247,43291.0,0.8246,68511.0,0.8248,18138.0,0.8249,78737.0
1753503743352,04:22:23.352,ADA/USDT:USDT,0.8247,43291.0,0.8246,68511.0,0.8248,18078.0,0.8249,75120.0
1753503743458,04:22:23.458,ADA/USDT:USDT,0.8247,43291.0,0.8246,68511.0,0.8248,18085.0,0.8249,75120.0
1753503743561,04:22:23.561,ADA/USDT:USDT,0.8247,43291.0,0.8246,71311.0,0.8248,11947.0,0.8249,75120.0
1753503743666,04:22:23.666,ADA/USDT:USDT,0.8247,43305.0,0.8246,71311.0,0.8248,11934.0,0.8249,75120.0
1753503743773,04:22:23.773,ADA/USDT:USDT,0.8247,42315.0,0.8246,71311.0,0.8248,11925.0,0.8249,75120.0
1753503743875,04:22:23.875,ADA/USDT:USDT,0.8247,42315.0,0.8246,71311.0,0.8248,11925.0,0.8249,75120.0
1753503744001,04:22:24.001,ADA/USDT:USDT,0.8247,42290.0,0.8246,71311.0,0.8248,18063.0,0.8249,75120.0
1753503744102,04:22:24.102,ADA/USDT:USDT,0.8247,42290.0,0.8246,71311.0,0.8248,11925.0,0.8249,75120.0
1753503744255,04:22:24.255,ADA/USDT:USDT,0.8247,42290.0,0.8246,71311.0,0.8248,11925.0,0.8249,75120.0
1753503744412,04:22:24.412,ADA/USDT:USDT,0.8247,42093.0,0.8246,70565.0,0.8248,18063.0,0.8249,75145.0
1753503744533,04:22:24.533,ADA/USDT:USDT,0.8247,42093.0,0.8246,70565.0,0.8248,18063.0,0.8249,75145.0
1753503744643,04:22:24.643,ADA/USDT:USDT,0.8247,44553.0,0.8246,71885.0,0.8248,11925.0,0.8249,75120.0
1753503744748,04:22:24.748,ADA/USDT:USDT,0.8247,42093.0,0.8246,71885.0,0.8248,18063.0,0.8249,75120.0
1753503744887,04:22:24.887,ADA/USDT:USDT,0.8247,43107.0,0.8246,71885.0,0.8248,18063.0,0.8249,75120.0
1753503745000,04:22:25.000,ADA/USDT:USDT,0.8247,40618.0,0.8246,72144.0,0.8248,18063.0,0.8249,75120.0
1753503745102,04:22:25.102,ADA/USDT:USDT,0.8247,43942.0,0.8246,72178.0,0.8248,11925.0,0.8249,75109.0
1753503745213,04:22:25.213,ADA/USDT:USDT,0.8247,43942.0,0.8246,72178.0,0.8248,18063.0,0.8249,75109.0
1753503745330,04:22:25.330,ADA/USDT:USDT,0.8247,44153.0,0.8246,72156.0,0.8248,15824.0,0.8249,75109.0
1753503745439,04:22:25.439,ADA/USDT:USDT,0.8247,41693.0,0.8246,71420.0,0.8248,21962.0,0.8249,75134.0
1753503745563,04:22:25.563,ADA/USDT:USDT,0.8247,40618.0,0.8246,71420.0,0.8248,24297.0,0.8249,75738.0
1753503745692,04:22:25.692,ADA/USDT:USDT,0.8247,39256.0,0.8246,68968.0,0.8248,35432.0,0.8249,76117.0
1753503745807,04:22:25.807,ADA/USDT:USDT,0.8247,39256.0,0.8246,68968.0,0.8248,43122.0,0.8249,85657.0
1753503745929,04:22:25.929,ADA/USDT:USDT,0.8247,39256.0,0.8246,68968.0,0.8248,35432.0,0.8249,84930.0
1753503746033,04:22:26.033,ADA/USDT:USDT,0.8247,39256.0,0.8246,68968.0,0.8248,35440.0,0.8249,84930.0
1753503746169,04:22:26.169,ADA/USDT:USDT,0.8247,39256.0,0.8246,68977.0,0.8248,35440.0,0.8249,84930.0
1753503746395,04:22:26.395,ADA/USDT:USDT,0.8247,39256.0,0.8246,68735.0,0.8248,35433.0,0.8249,84930.0
1753503746528,04:22:26.528,ADA/USDT:USDT,0.8247,39256.0,0.8246,68735.0,0.8248,43332.0,0.8249,84930.0
1753503746645,04:22:26.645,ADA/USDT:USDT,0.8247,39256.0,0.8246,68735.0,0.8248,43332.0,0.8249,85172.0
1753503746751,04:22:26.751,ADA/USDT:USDT,0.8247,39256.0,0.8246,68735.0,0.8248,43332.0,0.8249,84930.0
1753503746927,04:22:26.927,ADA/USDT:USDT,0.8247,2470.0,0.8246,47960.0,0.8248,52385.0,0.8249,91381.0
1753503747030,04:22:27.030,ADA/USDT:USDT,0.8247,2470.0,0.8246,44322.0,0.8248,52819.0,0.8249,91861.0
1753503747155,04:22:27.155,ADA/USDT:USDT,0.8247,2470.0,0.8246,44322.0,0.8248,52819.0,0.8249,91889.0
1753503747256,04:22:27.256,ADA/USDT:USDT,0.8247,2470.0,0.8246,44670.0,0.8248,53654.0,0.8249,91889.0
1753503747383,04:22:27.383,ADA/USDT:USDT,0.8247,2470.0,0.8246,44670.0,0.8248,53684.0,0.8249,91889.0
1753503747498,04:22:27.498,ADA/USDT:USDT,0.8247,8185.0,0.8246,42743.0,0.8248,49039.0,0.8249,91889.0
1753503747599,04:22:27.599,ADA/USDT:USDT,0.8247,8185.0,0.8246,42743.0,0.8248,53019.0,0.8249,92129.0
1753503747701,04:22:27.701,ADA/USDT:USDT,0.8247,8185.0,0.8246,42743.0,0.8248,53044.0,0.8249,92129.0
1753503747819,04:22:27.819,ADA/USDT:USDT,0.8247,8185.0,0.8246,42743.0,0.8248,53044.0,0.8249,92009.0
1753503747965,04:22:27.965,ADA/USDT:USDT,0.8247,8185.0,0.8246,42743.0,0.8248,53044.0,0.8249,92009.0
1753503748099,04:22:28.099,ADA/USDT:USDT,0.8247,8185.0,0.8246,42743.0,0.8248,53044.0,0.8249,92251.0
1753503748211,04:22:28.211,ADA/USDT:USDT,0.8247,8185.0,0.8246,42743.0,0.8248,55666.0,0.8249,92251.0
1753503748316,04:22:28.316,ADA/USDT:USDT,0.8247,6367.0,0.8246,44561.0,0.8248,55666.0,0.8249,92371.0
1753503748418,04:22:28.418,ADA/USDT:USDT,0.8247,6367.0,0.8246,44561.0,0.8248,56353.0,0.8249,92371.0
1753503748522,04:22:28.522,ADA/USDT:USDT,0.8247,6334.0,0.8246,44561.0,0.8248,56697.0,0.8249,92371.0
1753503748624,04:22:28.624,ADA/USDT:USDT,0.8247,6355.0,0.8246,44561.0,0.8248,56697.0,0.8249,92371.0
1753503748771,04:22:28.771,ADA/USDT:USDT,0.8247,8173.0,0.8246,42743.0,0.8248,56697.0,0.8249,92371.0
1753503748897,04:22:28.897,ADA/USDT:USDT,0.8247,2458.0,0.8246,44561.0,0.8248,56817.0,0.8249,92371.0
1753503749017,04:22:29.017,ADA/USDT:USDT,0.8247,2567.0,0.8246,44561.0,0.8248,56817.0,0.8249,92371.0
1753503749143,04:22:29.143,ADA/USDT:USDT,0.8247,2567.0,0.8246,44561.0,0.8248,56824.0,0.8249,92371.0
1753503749253,04:22:29.253,ADA/USDT:USDT,0.8247,8282.0,0.8246,42743.0,0.8248,57289.0,0.8249,92371.0
1753503749362,04:22:29.362,ADA/USDT:USDT,0.8247,4385.0,0.8246,42743.0,0.8248,59594.0,0.8249,92371.0
1753503749474,04:22:29.474,ADA/USDT:USDT,0.8247,2567.0,0.8246,44561.0,0.8248,62054.0,0.8249,92371.0
1753503749609,04:22:29.609,ADA/USDT:USDT,0.8247,2567.0,0.8246,44561.0,0.8248,62054.0,0.8249,92492.0
1753503749712,04:22:29.712,ADA/USDT:USDT,0.8247,8282.0,0.8246,42743.0,0.8248,57529.0,0.8249,92492.0
1753503749925,04:22:29.925,ADA/USDT:USDT,0.8246,17839.0,0.8245,67486.0,0.8247,139836.0,0.8248,79460.0
1753503750027,04:22:30.027,ADA/USDT:USDT,0.8246,17920.0,0.8245,67485.0,0.8247,126627.0,0.8248,81081.0
1753503750131,04:22:30.131,ADA/USDT:USDT,0.8246,17920.0,0.8245,67485.0,0.8247,126507.0,0.8248,80848.0
1753503750257,04:22:30.257,ADA/USDT:USDT,0.8246,17920.0,0.8245,67485.0,0.8247,131347.0,0.8248,80848.0
1753503750363,04:22:30.363,ADA/USDT:USDT,0.8246,28682.0,0.8245,67485.0,0.8247,131347.0,0.8248,80848.0
1753503750475,04:22:30.475,ADA/USDT:USDT,0.8246,28682.0,0.8245,67485.0,0.8247,121661.0,0.8248,79535.0
1753503750577,04:22:30.577,ADA/USDT:USDT,0.8246,28682.0,0.8245,68064.0,0.8247,123002.0,0.8248,79998.0
1753503750689,04:22:30.689,ADA/USDT:USDT,0.8246,28682.0,0.8245,68064.0,0.8247,123002.0,0.8248,79998.0
1753503750855,04:22:30.855,ADA/USDT:USDT,0.8246,15342.0,0.8245,67485.0,0.8247,124509.0,0.8248,79568.0
1753503750958,04:22:30.958,ADA/USDT:USDT,0.8246,13524.0,0.8245,40973.0,0.8247,124509.0,0.8248,79688.0
1753503751071,04:22:31.071,ADA/USDT:USDT,0.8246,13524.0,0.8245,39155.0,0.8247,124509.0,0.8248,79686.0
1753503751195,04:22:31.195,ADA/USDT:USDT,0.8246,13524.0,0.8245,39155.0,0.8247,124080.0,0.8248,79686.0
1753503751355,04:22:31.355,ADA/USDT:USDT,0.8246,13524.0,0.8245,39155.0,0.8247,124563.0,0.8248,74629.0
1753503751456,04:22:31.456,ADA/USDT:USDT,0.8246,11283.0,0.8245,39155.0,0.8247,129190.0,0.8248,74969.0
1753503751559,04:22:31.559,ADA/USDT:USDT,0.8246,17400.0,0.8245,39155.0,0.8247,129190.0,0.8248,74969.0
1753503751662,04:22:31.662,ADA/USDT:USDT,0.8246,17421.0,0.8245,39155.0,0.8247,129190.0,0.8248,74848.0
1753503751778,04:22:31.778,ADA/USDT:USDT,0.8246,17530.0,0.8245,39155.0,0.8247,129190.0,0.8248,74848.0
1753503751883,04:22:31.883,ADA/USDT:USDT,0.8246,17530.0,0.8245,39527.0,0.8247,129190.0,0.8248,74606.0
1753503751992,04:22:31.992,ADA/USDT:USDT,0.8246,17530.0,0.8245,39527.0,0.8247,129190.0,0.8248,74606.0
1753503752119,04:22:32.119,ADA/USDT:USDT,0.8246,19348.0,0.8245,39527.0,0.8247,129190.0,0.8248,74606.0
1753503752223,04:22:32.223,ADA/USDT:USDT,0.8246,13210.0,0.8245,39527.0,0.8247,129214.0,0.8248,74606.0
1753503752327,04:22:32.327,ADA/USDT:USDT,0.8246,19348.0,0.8245,39527.0,0.8247,128542.0,0.8248,74444.0
1753503752453,04:22:32.453,ADA/USDT:USDT,0.8246,13317.0,0.8245,39527.0,0.8247,128749.0,0.8248,74649.0
1753503752562,04:22:32.562,ADA/USDT:USDT,0.8246,13317.0,0.8245,39527.0,0.8247,131479.0,0.8248,74769.0
1753503752686,04:22:32.686,ADA/USDT:USDT,0.8246,19455.0,0.8245,39561.0,0.8247,129189.0,0.8248,74744.0
1753503752860,04:22:32.860,ADA/USDT:USDT,0.8246,13317.0,0.8245,39561.0,0.8247,129189.0,0.8248,74744.0
1753503752961,04:22:32.961,ADA/USDT:USDT,0.8246,13317.0,0.8245,39536.0,0.8247,130949.0,0.8248,74744.0
1753503753066,04:22:33.066,ADA/USDT:USDT,0.8246,13317.0,0.8245,40049.0,0.8247,130949.0,0.8248,75257.0
1753503753202,04:22:33.202,ADA/USDT:USDT,0.8246,13317.0,0.8245,40049.0,0.8247,133150.0,0.8248,73081.0
1753503753356,04:22:33.356,ADA/USDT:USDT,0.8246,19455.0,0.8245,40049.0,0.8247,133150.0,0.8248,73056.0
1753503753475,04:22:33.475,ADA/USDT:USDT,0.8246,20463.0,0.8245,40074.0,0.8247,133151.0,0.8248,73056.0
1753503753600,04:22:33.600,ADA/USDT:USDT,0.8246,20463.0,0.8245,40074.0,0.8247,133202.0,0.8248,73176.0
1753503753730,04:22:33.730,ADA/USDT:USDT,0.8246,20463.0,0.8245,40074.0,0.8247,133202.0,0.8248,73176.0
1753503753902,04:22:33.902,ADA/USDT:USDT,0.8246,23070.0,0.8245,40074.0,0.8247,132520.0,0.8248,73167.0
1753503754006,04:22:34.006,ADA/USDT:USDT,0.8246,23070.0,0.8245,40074.0,0.8247,132520.0,0.8248,73176.0
1753503754110,04:22:34.110,ADA/USDT:USDT,0.8246,20463.0,0.8245,40074.0,0.8247,133148.0,0.8248,72742.0
1753503754302,04:22:34.302,ADA/USDT:USDT,0.8246,20463.0,0.8245,40074.0,0.8247,133148.0,0.8248,72742.0
1753503754448,04:22:34.448,ADA/USDT:USDT,0.8246,22901.0,0.8245,40049.0,0.8247,133148.0,0.8248,72742.0
1753503754560,04:22:34.560,ADA/USDT:USDT,0.8246,22901.0,0.8245,40049.0,0.8247,133148.0,0.8248,72500.0
1753503754689,04:22:34.689,ADA/USDT:USDT,0.8246,21474.0,0.8245,39536.0,0.8247,133259.0,0.8248,72742.0
1753503754791,04:22:34.791,ADA/USDT:USDT,0.8246,20294.0,0.8245,40049.0,0.8247,133259.0,0.8248,72767.0
1753503754895,04:22:34.895,ADA/USDT:USDT,0.8246,20126.0,0.8245,40049.0,0.8247,133235.0,0.8248,72767.0
1753503755007,04:22:35.007,ADA/USDT:USDT,0.8246,20126.0,0.8245,40049.0,0.8247,133235.0,0.8248,72767.0
1753503755126,04:22:35.126,ADA/USDT:USDT,0.8246,20126.0,0.8245,40049.0,0.8247,133712.0,0.8248,72042.0
1753503755319,04:22:35.319,ADA/USDT:USDT,0.8246,20126.0,0.8245,40049.0,0.8247,133941.0,0.8248,71813.0
1753503755422,04:22:35.422,ADA/USDT:USDT,0.8246,20126.0,0.8245,40049.0,0.8247,133941.0,0.8248,72055.0
1753503755533,04:22:35.533,ADA/USDT:USDT,0.8246,20166.0,0.8245,40049.0,0.8247,133941.0,0.8248,71788.0
1753503755658,04:22:35.658,ADA/USDT:USDT,0.8246,33483.0,0.8245,40049.0,0.8247,129101.0,0.8248,71548.0
1753503755802,04:22:35.802,ADA/USDT:USDT,0.8246,42649.0,0.8245,49589.0,0.8247,99596.0,0.8248,62511.0
1753503755916,04:22:35.916,ADA/USDT:USDT,0.8246,42649.0,0.8245,49589.0,0.8247,99596.0,0.8248,66845.0
1753503756018,04:22:36.018,ADA/USDT:USDT,0.8246,42649.0,0.8245,49589.0,0.8247,99604.0,0.8248,66837.0
1753503756148,04:22:36.148,ADA/USDT:USDT,0.8246,42681.0,0.8245,49614.0,0.8247,72375.0,0.8248,65348.0
1753503756263,04:22:36.263,ADA/USDT:USDT,0.8246,42681.0,0.8245,49614.0,0.8247,51207.0,0.8248,64993.0
1753503756374,04:22:36.374,ADA/USDT:USDT,0.8246,42681.0,0.8245,49266.0,0.8247,51087.0,0.8248,64993.0
1753503756526,04:22:36.526,ADA/USDT:USDT,0.8246,43029.0,0.8245,49266.0,0.8247,23450.0,0.8248,58315.0
1753503756632,04:22:36.632,ADA/USDT:USDT,0.8246,43029.0,0.8245,49858.0,0.8247,23125.0,0.8248,58308.0
1753503756733,04:22:36.733,ADA/USDT:USDT,0.8246,43029.0,0.8245,49858.0,0.8247,23125.0,0.8248,57795.0
1753503756863,04:22:36.863,ADA/USDT:USDT,0.8246,43029.0,0.8245,49858.0,0.8247,23125.0,0.8248,57795.0
1753503756965,04:22:36.965,ADA/USDT:USDT,0.8246,43029.0,0.8245,49858.0,0.8247,23125.0,0.8248,57795.0
1753503757116,04:22:37.116,ADA/USDT:USDT,0.8246,43029.0,0.8245,49616.0,0.8247,23125.0,0.8248,57795.0
1753503757257,04:22:37.257,ADA/USDT:USDT,0.8246,43029.0,0.8245,49616.0,0.8247,23124.0,0.8248,57795.0
1753503757376,04:22:37.376,ADA/USDT:USDT,0.8246,43018.0,0.8245,49616.0,0.8247,23124.0,0.8248,57793.0
1753503757513,04:22:37.513,ADA/USDT:USDT,0.8246,42931.0,0.8245,49616.0,0.8247,23123.0,0.8248,57793.0
1753503757614,04:22:37.614,ADA/USDT:USDT,0.8246,42931.0,0.8245,49616.0,0.8247,23123.0,0.8248,57793.0
1753503757727,04:22:37.727,ADA/USDT:USDT,0.8246,40090.0,0.8245,50181.0,0.8247,23123.0,0.8248,58548.0
1753503757832,04:22:37.832,ADA/USDT:USDT,0.8246,42956.0,0.8245,49858.0,0.8247,23123.0,0.8248,57793.0
1753503757935,04:22:37.935,ADA/USDT:USDT,0.8246,42956.0,0.8245,49858.0,0.8247,23123.0,0.8248,57793.0
1753503758053,04:22:38.053,ADA/USDT:USDT,0.8246,42956.0,0.8245,49893.0,0.8247,22398.0,0.8248,58552.0
1753503758209,04:22:38.209,ADA/USDT:USDT,0.8246,43100.0,0.8245,49893.0,0.8247,22398.0,0.8248,58552.0
1753503758343,04:22:38.343,ADA/USDT:USDT,0.8246,43100.0,0.8245,49893.0,0.8247,22398.0,0.8248,58541.0
1753503758556,04:22:38.556,ADA/USDT:USDT,0.8246,43100.0,0.8245,49893.0,0.8247,17586.0,0.8248,58100.0
1753503758665,04:22:38.665,ADA/USDT:USDT,0.8246,43100.0,0.8245,49893.0,0.8247,22397.0,0.8248,58100.0
1753503758783,04:22:38.783,ADA/USDT:USDT,0.8246,43100.0,0.8245,49893.0,0.8247,22397.0,0.8248,58100.0
1753503758893,04:22:38.893,ADA/USDT:USDT,0.8246,43100.0,0.8245,49893.0,0.8247,22397.0,0.8248,58100.0
1753503759022,04:22:39.022,ADA/USDT:USDT,0.8246,43075.0,0.8245,49893.0,0.8247,22397.0,0.8248,58100.0
1753503759125,04:22:39.125,ADA/USDT:USDT,0.8246,44506.0,0.8245,49893.0,0.8247,22397.0,0.8248,67640.0
1753503759277,04:22:39.277,ADA/USDT:USDT,0.8246,44506.0,0.8245,49893.0,0.8247,22843.0,0.8248,67643.0
1753503759383,04:22:39.383,ADA/USDT:USDT,0.8246,41665.0,0.8245,49868.0,0.8247,27934.0,0.8248,67643.0
1753503759484,04:22:39.484,ADA/USDT:USDT,0.8246,42007.0,0.8245,49868.0,0.8247,27934.0,0.8248,67668.0
1753503759616,04:22:39.616,ADA/USDT:USDT,0.8246,41659.0,0.8245,50207.0,0.8247,42742.0,0.8248,73722.0
1753503759721,04:22:39.721,ADA/USDT:USDT,0.8246,41659.0,0.8245,50216.0,0.8247,42742.0,0.8248,73722.0
1753503759835,04:22:39.835,ADA/USDT:USDT,0.8246,41659.0,0.8245,50216.0,0.8247,42742.0,0.8248,73722.0
1753503759941,04:22:39.941,ADA/USDT:USDT,0.8246,41659.0,0.8245,50216.0,0.8247,42742.0,0.8248,73722.0
1753503760046,04:22:40.046,ADA/USDT:USDT,0.8246,41659.0,0.8245,50216.0,0.8247,42742.0,0.8248,74235.0
1753503760156,04:22:40.156,ADA/USDT:USDT,0.8246,41659.0,0.8245,50216.0,0.8247,42742.0,0.8248,74235.0
1753503760373,04:22:40.373,ADA/USDT:USDT,0.8246,41659.0,0.8245,50216.0,0.8247,42742.0,0.8248,74235.0
1753503760476,04:22:40.476,ADA/USDT:USDT,0.8246,21621.0,0.8245,50207.0,0.8247,45232.0,0.8248,81087.0
1753503760578,04:22:40.578,ADA/USDT:USDT,0.8246,21621.0,0.8245,49615.0,0.8247,47725.0,0.8248,81087.0
1753503760685,04:22:40.685,ADA/USDT:USDT,0.8246,21621.0,0.8245,49624.0,0.8247,43099.0,0.8248,81207.0
1753503760802,04:22:40.802,ADA/USDT:USDT,0.8246,16825.0,0.8245,49624.0,0.8247,43099.0,0.8248,81207.0
1753503760948,04:22:40.948,ADA/USDT:USDT,0.8246,16825.0,0.8245,49624.0,0.8247,43099.0,0.8248,81207.0
1753503761051,04:22:41.051,ADA/USDT:USDT,0.8246,32383.0,0.8245,49649.0,0.8247,43099.0,0.8248,81182.0
1753503761203,04:22:41.203,ADA/USDT:USDT,0.8246,40113.0,0.8245,49301.0,0.8247,42751.0,0.8248,81530.0
1753503761317,04:22:41.317,ADA/USDT:USDT,0.8246,32394.0,0.8245,49624.0,0.8247,43099.0,0.8248,81207.0
1753503761419,04:22:41.419,ADA/USDT:USDT,0.8246,32394.0,0.8245,49624.0,0.8247,42798.0,0.8248,85193.0
1753503761532,04:22:41.532,ADA/USDT:USDT,0.8246,32370.0,0.8245,49624.0,0.8247,42798.0,0.8248,85313.0
1753503761637,04:22:41.637,ADA/USDT:USDT,0.8246,32370.0,0.8245,50229.0,0.8247,44933.0,0.8248,84965.0
1753503761756,04:22:41.756,ADA/USDT:USDT,0.8246,32479.0,0.8245,50229.0,0.8247,45281.0,0.8248,84965.0
1753503761860,04:22:41.860,ADA/USDT:USDT,0.8246,21717.0,0.8245,49716.0,0.8247,43146.0,0.8248,85182.0
1753503761963,04:22:41.963,ADA/USDT:USDT,0.8246,15579.0,0.8245,49102.0,0.8247,45398.0,0.8248,85302.0
1753503762089,04:22:42.089,ADA/USDT:USDT,0.8246,15579.0,0.8245,49624.0,0.8247,45398.0,0.8248,85327.0
1753503762209,04:22:42.209,ADA/USDT:USDT,0.8246,24210.0,0.8245,49624.0,0.8247,43263.0,0.8248,85302.0
1753503762334,04:22:42.334,ADA/USDT:USDT,0.8246,21718.0,0.8245,49624.0,0.8247,45398.0,0.8248,85327.0
1753503762466,04:22:42.466,ADA/USDT:USDT,0.8246,15589.0,0.8245,49624.0,0.8247,43353.0,0.8248,85327.0
1753503762573,04:22:42.573,ADA/USDT:USDT,0.8246,16939.0,0.8245,50211.0,0.8247,45107.0,0.8248,85327.0
1753503762684,04:22:42.684,ADA/USDT:USDT,0.8246,34982.0,0.8245,50236.0,0.8247,44759.0,0.8248,85408.0
1753503762814,04:22:42.814,ADA/USDT:USDT,0.8246,40158.0,0.8245,50236.0,0.8247,45121.0,0.8248,85329.0
1753503762916,04:22:42.916,ADA/USDT:USDT,0.8246,40158.0,0.8245,50236.0,0.8247,45121.0,0.8248,85329.0
1753503763043,04:22:43.043,ADA/USDT:USDT,0.8246,40158.0,0.8245,50236.0,0.8247,45121.0,0.8248,85329.0
1753503763155,04:22:43.155,ADA/USDT:USDT,0.8246,40158.0,0.8245,50236.0,0.8247,45124.0,0.8248,85571.0
1753503763275,04:22:43.275,ADA/USDT:USDT,0.8246,40158.0,0.8245,50236.0,0.8247,45124.0,0.8248,85571.0
1753503763377,04:22:43.377,ADA/USDT:USDT,0.8246,32489.0,0.8245,50211.0,0.8247,45472.0,0.8248,85223.0
1753503763540,04:22:43.540,ADA/USDT:USDT,0.8246,32504.0,0.8245,50211.0,0.8247,45472.0,0.8248,85248.0
1753503763673,04:22:43.673,ADA/USDT:USDT,0.8246,32504.0,0.8245,50236.0,0.8247,45352.0,0.8248,85223.0
1753503763779,04:22:43.779,ADA/USDT:USDT,0.8246,32504.0,0.8245,50236.0,0.8247,45352.0,0.8248,85248.0
1753503763900,04:22:43.900,ADA/USDT:USDT,0.8246,32504.0,0.8245,50236.0,0.8247,45352.0,0.8248,85006.0
1753503764017,04:22:44.017,ADA/USDT:USDT,0.8246,21742.0,0.8245,40075.0,0.8247,47487.0,0.8248,85248.0
1753503764120,04:22:44.120,ADA/USDT:USDT,0.8246,17145.0,0.8245,40075.0,0.8247,49368.0,0.8248,114065.0
1753503764226,04:22:44.226,ADA/USDT:USDT,0.8246,16947.0,0.8245,40084.0,0.8247,51515.0,0.8248,114065.0
1753503764328,04:22:44.328,ADA/USDT:USDT,0.8246,16948.0,0.8245,40084.0,0.8247,49382.0,0.8248,114040.0
1753503764433,04:22:44.433,ADA/USDT:USDT,0.8246,16948.0,0.8245,40084.0,0.8247,49382.0,0.8248,114040.0
1753503764545,04:22:44.545,ADA/USDT:USDT,0.8246,16816.0,0.8245,39842.0,0.8247,51644.0,0.8248,114160.0
1753503764647,04:22:44.647,ADA/USDT:USDT,0.8246,16804.0,0.8245,39842.0,0.8247,49509.0,0.8248,114160.0
1753503764750,04:22:44.750,ADA/USDT:USDT,0.8246,16818.0,0.8245,39842.0,0.8247,49509.0,0.8248,114209.0
1753503764853,04:22:44.853,ADA/USDT:USDT,0.8246,16818.0,0.8245,39867.0,0.8247,49509.0,0.8248,114209.0
1753503764977,04:22:44.977,ADA/USDT:USDT,0.8246,21613.0,0.8245,39867.0,0.8247,49509.0,0.8248,113967.0
1753503765105,04:22:45.105,ADA/USDT:USDT,0.8246,11891.0,0.8245,34982.0,0.8247,52316.0,0.8248,116072.0
1753503765206,04:22:45.206,ADA/USDT:USDT,0.8246,11891.0,0.8245,30503.0,0.8247,51211.0,0.8248,116192.0
1753503765309,04:22:45.309,ADA/USDT:USDT,0.8246,11891.0,0.8245,30512.0,0.8247,58855.0,0.8248,116434.0
1753503765434,04:22:45.434,ADA/USDT:USDT,0.8245,16094.0,0.8244,72282.0,0.8246,84052.0,0.8247,72297.0
1753503765535,04:22:45.535,ADA/USDT:USDT,0.8245,1017.0,0.8244,35640.0,0.8246,134295.0,0.8247,93646.0
1753503765636,04:22:45.636,ADA/USDT:USDT,0.8245,1077.0,0.8244,20422.0,0.8246,95270.0,0.8247,126758.0
1753503765740,04:22:45.740,ADA/USDT:USDT,0.8244,21394.0,0.8243,72193.0,0.8245,45474.0,0.8246,75858.0
1753503765841,04:22:45.841,ADA/USDT:USDT,0.8244,37794.0,0.8243,74647.0,0.8245,45470.0,0.8246,65604.0
1753503765943,04:22:45.943,ADA/USDT:USDT,0.8244,45005.0,0.8243,75626.0,0.8245,11123.0,0.8246,62779.0
1753503766047,04:22:46.047,ADA/USDT:USDT,0.8244,45005.0,0.8243,76265.0,0.8245,11123.0,0.8246,63652.0
1753503766150,04:22:46.150,ADA/USDT:USDT,0.8244,45005.0,0.8243,77102.0,0.8245,11123.0,0.8246,55104.0
1753503766252,04:22:46.252,ADA/USDT:USDT,0.8244,48075.0,0.8243,77102.0,0.8245,10205.0,0.8246,55104.0
1753503766363,04:22:46.363,ADA/USDT:USDT,0.8244,48068.0,0.8243,77222.0,0.8245,10324.0,0.8246,55104.0
1753503766464,04:22:46.464,ADA/USDT:USDT,0.8244,45118.0,0.8243,59632.0,0.8245,10324.0,0.8246,64524.0
1753503766567,04:22:46.567,ADA/USDT:USDT,0.8244,45238.0,0.8243,60355.0,0.8245,21086.0,0.8246,65133.0
1753503766681,04:22:46.681,ADA/USDT:USDT,0.8244,45238.0,0.8243,43256.0,0.8245,21086.0,0.8246,71984.0
1753503766784,04:22:46.784,ADA/USDT:USDT,0.8244,45238.0,0.8243,43256.0,0.8245,21086.0,0.8246,71984.0
1753503766887,04:22:46.887,ADA/USDT:USDT,0.8244,43732.0,0.8243,43256.0,0.8245,37567.0,0.8246,76384.0
1753503766991,04:22:46.991,ADA/USDT:USDT,0.8244,46802.0,0.8243,72509.0,0.8245,21086.0,0.8246,71638.0
1753503767103,04:22:47.103,ADA/USDT:USDT,0.8244,46793.0,0.8243,68878.0,0.8245,10324.0,0.8246,70038.0
1753503767205,04:22:47.205,ADA/USDT:USDT,0.8244,50431.0,0.8243,69613.0,0.8245,10324.0,0.8246,60478.0
1753503767306,04:22:47.306,ADA/USDT:USDT,0.8244,49404.0,0.8243,68878.0,0.8245,16058.0,0.8246,60478.0
1753503767510,04:22:47.510,ADA/USDT:USDT,0.8244,49404.0,0.8243,68878.0,0.8245,36834.0,0.8246,60478.0
1753503767613,04:22:47.613,ADA/USDT:USDT,0.8244,47361.0,0.8243,68878.0,0.8245,36834.0,0.8246,70612.0
