timestamp,time,symbol,bid1_price,bid1_volume,bid2_price,bid2_volume,ask1_price,ask1_volume,ask2_price,ask2_volume
1753503734102,04:22:14.102,AAVE/USDT:USDT,297.59,1.2,297.58,25.8,297.6,0.6,297.62,6.4
1753503734252,04:22:14.252,AAVE/USDT:USDT,297.59,0.7,297.58,25.8,297.6,1.4,297.61,1.8
1753503734402,04:22:14.402,AAVE/USDT:USDT,297.59,0.7,297.58,25.8,297.6,1.4,297.61,3.4
1753503734552,04:22:14.552,AAVE/USDT:USDT,297.59,0.7,297.58,26.8,297.6,1.4,297.61,3.4
1753503734702,04:22:14.702,AAVE/USDT:USDT,297.59,1.0,297.58,26.8,297.6,3.7,297.61,3.4
1753503734852,04:22:14.852,AAVE/USDT:USDT,297.59,1.2,297.58,26.8,297.6,3.7,297.61,3.4
1753503735011,04:22:15.011,AAVE/USDT:USDT,297.59,1.5,297.58,26.8,297.6,3.7,297.61,3.4
1753503735180,04:22:15.180,AAVE/USDT:USDT,297.59,1.5,297.58,26.8,297.6,3.7,297.61,3.4
1753503735353,04:22:15.353,AAVE/USDT:USDT,297.59,1.5,297.58,26.8,297.6,3.7,297.61,3.4
1753503735528,04:22:15.528,AAVE/USDT:USDT,297.59,1.2,297.58,27.1,297.6,3.7,297.61,4.9
1753503735679,04:22:15.679,AAVE/USDT:USDT,297.59,1.5,297.58,27.1,297.6,3.7,297.61,4.9
1753503735830,04:22:15.830,AAVE/USDT:USDT,297.59,1.5,297.58,27.1,297.6,3.4,297.61,3.4
1753503736029,04:22:16.029,AAVE/USDT:USDT,297.59,1.5,297.58,27.1,297.6,3.4,297.61,4.9
1753503736179,04:22:16.179,AAVE/USDT:USDT,297.59,1.5,297.58,27.1,297.6,3.7,297.61,4.9
1753503736329,04:22:16.329,AAVE/USDT:USDT,297.59,1.2,297.58,27.1,297.6,3.7,297.61,4.9
1753503736329,04:22:16.329,AAVE/USDT:USDT,297.59,1.2,297.58,27.1,297.6,3.7,297.61,4.9
1753503736479,04:22:16.479,AAVE/USDT:USDT,297.59,1.2,297.58,26.8,297.6,0.8,297.61,4.9
1753503736479,04:22:16.479,AAVE/USDT:USDT,297.59,1.2,297.58,26.8,297.6,0.8,297.61,4.9
1753503736629,04:22:16.629,AAVE/USDT:USDT,297.59,1.2,297.58,26.8,297.6,3.2,297.61,4.9
1753503736629,04:22:16.629,AAVE/USDT:USDT,297.59,1.2,297.58,26.8,297.6,3.2,297.61,4.9
1753503736780,04:22:16.780,AAVE/USDT:USDT,297.59,1.2,297.58,26.8,297.6,3.2,297.61,4.9
1753503736780,04:22:16.780,AAVE/USDT:USDT,297.59,1.2,297.58,26.8,297.6,3.2,297.61,4.9
1753503736941,04:22:16.941,AAVE/USDT:USDT,297.59,1.5,297.58,26.8,297.6,3.2,297.61,4.9
1753503736941,04:22:16.941,AAVE/USDT:USDT,297.59,1.5,297.58,26.8,297.6,3.2,297.61,4.9
1753503737104,04:22:17.104,AAVE/USDT:USDT,297.59,1.5,297.58,26.8,297.6,3.2,297.61,4.9
1753503737104,04:22:17.104,AAVE/USDT:USDT,297.59,1.5,297.58,26.8,297.6,3.2,297.61,4.9
1753503737253,04:22:17.253,AAVE/USDT:USDT,297.59,1.2,297.58,26.8,297.6,3.2,297.61,4.9
1753503737253,04:22:17.253,AAVE/USDT:USDT,297.59,1.2,297.58,26.8,297.6,3.2,297.61,4.9
1753503737404,04:22:17.404,AAVE/USDT:USDT,297.59,1.2,297.58,25.8,297.6,3.2,297.61,4.9
1753503737404,04:22:17.404,AAVE/USDT:USDT,297.59,1.2,297.58,25.8,297.6,3.2,297.61,4.9
1753503737554,04:22:17.554,AAVE/USDT:USDT,297.59,1.2,297.58,26.8,297.6,3.2,297.61,4.9
1753503737554,04:22:17.554,AAVE/USDT:USDT,297.59,1.2,297.58,26.8,297.6,3.2,297.61,4.9
1753503737704,04:22:17.704,AAVE/USDT:USDT,297.59,1.2,297.58,26.8,297.6,3.2,297.61,4.9
1753503737704,04:22:17.704,AAVE/USDT:USDT,297.59,1.2,297.58,26.8,297.6,3.2,297.61,4.9
1753503737854,04:22:17.854,AAVE/USDT:USDT,297.59,1.8,297.58,26.8,297.6,2.9,297.61,3.4
1753503737854,04:22:17.854,AAVE/USDT:USDT,297.59,1.8,297.58,26.8,297.6,2.9,297.61,3.4
1753503738004,04:22:18.004,AAVE/USDT:USDT,297.59,1.8,297.58,26.8,297.6,2.9,297.61,3.4
1753503738004,04:22:18.004,AAVE/USDT:USDT,297.59,1.8,297.58,26.8,297.6,2.9,297.61,3.4
1753503738154,04:22:18.154,AAVE/USDT:USDT,297.59,1.8,297.58,26.8,297.6,3.2,297.61,3.4
1753503738154,04:22:18.154,AAVE/USDT:USDT,297.59,1.8,297.58,26.8,297.6,3.2,297.61,3.4
1753503738304,04:22:18.304,AAVE/USDT:USDT,297.59,1.8,297.58,26.8,297.6,3.2,297.61,3.4
1753503738304,04:22:18.304,AAVE/USDT:USDT,297.59,1.8,297.58,26.8,297.6,3.2,297.61,3.4
1753503738454,04:22:18.454,AAVE/USDT:USDT,297.59,1.5,297.58,26.8,297.6,3.2,297.61,4.9
1753503738454,04:22:18.454,AAVE/USDT:USDT,297.59,1.5,297.58,26.8,297.6,3.2,297.61,4.9
1753503738604,04:22:18.604,AAVE/USDT:USDT,297.59,1.2,297.58,26.8,297.6,3.2,297.61,4.9
1753503738604,04:22:18.604,AAVE/USDT:USDT,297.59,1.2,297.58,26.8,297.6,3.2,297.61,4.9
1753503738754,04:22:18.754,AAVE/USDT:USDT,297.59,1.2,297.58,25.8,297.6,3.2,297.61,4.9
1753503738754,04:22:18.754,AAVE/USDT:USDT,297.59,1.2,297.58,25.8,297.6,3.2,297.61,4.9
1753503738904,04:22:18.904,AAVE/USDT:USDT,297.59,1.5,297.58,26.1,297.6,2.9,297.61,3.4
1753503738904,04:22:18.904,AAVE/USDT:USDT,297.59,1.5,297.58,26.1,297.6,2.9,297.61,3.4
1753503739055,04:22:19.055,AAVE/USDT:USDT,297.59,2.5,297.58,26.1,297.6,2.4,297.61,3.4
1753503739055,04:22:19.055,AAVE/USDT:USDT,297.59,2.5,297.58,26.1,297.6,2.4,297.61,3.4
1753503739205,04:22:19.205,AAVE/USDT:USDT,297.59,2.5,297.58,26.1,297.6,2.4,297.61,3.4
1753503739205,04:22:19.205,AAVE/USDT:USDT,297.59,2.5,297.58,26.1,297.6,2.4,297.61,3.4
1753503739355,04:22:19.355,AAVE/USDT:USDT,297.59,2.5,297.58,26.1,297.6,2.4,297.61,3.4
1753503739355,04:22:19.355,AAVE/USDT:USDT,297.59,2.5,297.58,26.1,297.6,2.4,297.61,3.4
1753503739505,04:22:19.505,AAVE/USDT:USDT,297.59,2.5,297.58,26.1,297.6,2.4,297.61,3.4
1753503739505,04:22:19.505,AAVE/USDT:USDT,297.59,2.5,297.58,26.1,297.6,2.4,297.61,3.4
1753503739655,04:22:19.655,AAVE/USDT:USDT,297.59,2.5,297.58,26.1,297.6,2.4,297.61,3.4
1753503739655,04:22:19.655,AAVE/USDT:USDT,297.59,2.5,297.58,26.1,297.6,2.4,297.61,3.4
1753503739805,04:22:19.805,AAVE/USDT:USDT,297.59,5.3,297.58,27.9,297.63,1.8,297.64,1.1
1753503739805,04:22:19.805,AAVE/USDT:USDT,297.59,5.3,297.58,27.9,297.63,1.8,297.64,1.1
1753503739955,04:22:19.955,AAVE/USDT:USDT,297.62,0.5,297.6,0.3,297.63,2.1,297.64,2.6
1753503739955,04:22:19.955,AAVE/USDT:USDT,297.62,0.5,297.6,0.3,297.63,2.1,297.64,2.6
1753503740105,04:22:20.105,AAVE/USDT:USDT,297.62,0.5,297.59,4.7,297.63,4.0,297.64,4.3
1753503740255,04:22:20.255,AAVE/USDT:USDT,297.62,0.5,297.59,4.7,297.63,5.0,297.64,4.3
1753503740255,04:22:20.255,AAVE/USDT:USDT,297.62,0.5,297.59,4.7,297.63,5.0,297.64,4.3
1753503740405,04:22:20.405,AAVE/USDT:USDT,297.62,0.5,297.59,4.7,297.63,5.0,297.64,4.3
1753503740555,04:22:20.555,AAVE/USDT:USDT,297.62,0.5,297.59,4.7,297.63,5.0,297.64,4.3
1753503740555,04:22:20.555,AAVE/USDT:USDT,297.62,0.5,297.59,4.7,297.63,5.0,297.64,4.3
1753503740705,04:22:20.705,AAVE/USDT:USDT,297.62,0.5,297.59,4.7,297.63,5.0,297.64,4.3
1753503740705,04:22:20.705,AAVE/USDT:USDT,297.62,0.5,297.59,4.7,297.63,5.0,297.64,4.3
1753503740856,04:22:20.856,AAVE/USDT:USDT,297.62,0.8,297.61,0.3,297.63,4.7,297.64,4.3
1753503740856,04:22:20.856,AAVE/USDT:USDT,297.62,0.8,297.61,0.3,297.63,4.7,297.64,4.3
1753503741006,04:22:21.006,AAVE/USDT:USDT,297.62,0.8,297.61,0.3,297.63,5.7,297.64,4.3
1753503741006,04:22:21.006,AAVE/USDT:USDT,297.62,0.8,297.61,0.3,297.63,5.7,297.64,4.3
1753503741156,04:22:21.156,AAVE/USDT:USDT,297.62,0.5,297.61,0.3,297.63,6.0,297.64,4.3
1753503741156,04:22:21.156,AAVE/USDT:USDT,297.62,0.5,297.61,0.3,297.63,6.0,297.64,4.3
1753503741306,04:22:21.306,AAVE/USDT:USDT,297.62,0.5,297.59,2.7,297.63,6.0,297.64,4.3
1753503741306,04:22:21.306,AAVE/USDT:USDT,297.62,0.5,297.59,2.7,297.63,6.0,297.64,4.3
1753503741456,04:22:21.456,AAVE/USDT:USDT,297.59,2.7,297.58,25.8,297.63,6.0,297.64,4.3
1753503741456,04:22:21.456,AAVE/USDT:USDT,297.59,2.7,297.58,25.8,297.63,6.0,297.64,4.3
1753503741606,04:22:21.606,AAVE/USDT:USDT,297.59,1.2,297.58,25.8,297.6,0.6,297.61,0.3
1753503741606,04:22:21.606,AAVE/USDT:USDT,297.59,1.2,297.58,25.8,297.6,0.6,297.61,0.3
1753503741756,04:22:21.756,AAVE/USDT:USDT,297.59,3.5,297.58,27.1,297.62,8.7,297.63,5.6
1753503741906,04:22:21.906,AAVE/USDT:USDT,297.61,0.5,297.6,0.3,297.62,2.4,297.63,5.6
1753503741906,04:22:21.906,AAVE/USDT:USDT,297.61,0.5,297.6,0.3,297.62,2.4,297.63,5.6
1753503742056,04:22:22.056,AAVE/USDT:USDT,297.61,0.5,297.6,0.3,297.62,4.2,297.63,5.6
1753503742056,04:22:22.056,AAVE/USDT:USDT,297.61,0.5,297.6,0.3,297.62,4.2,297.63,5.6
1753503742206,04:22:22.206,AAVE/USDT:USDT,297.56,0.5,297.55,25.8,297.58,0.3,297.6,323.2
1753503742206,04:22:22.206,AAVE/USDT:USDT,297.56,0.5,297.55,25.8,297.58,0.3,297.6,323.2
1753503742356,04:22:22.356,AAVE/USDT:USDT,297.56,1.0,297.55,25.8,297.57,2.6,297.58,2.2
1753503742356,04:22:22.356,AAVE/USDT:USDT,297.56,1.0,297.55,25.8,297.57,2.6,297.58,2.2
1753503742506,04:22:22.506,AAVE/USDT:USDT,297.6,2.4,297.59,5.2,297.61,1.6,297.62,11.2
1753503742657,04:22:22.657,AAVE/USDT:USDT,297.6,3.2,297.59,0.5,297.61,1.9,297.62,3.9
1753503742657,04:22:22.657,AAVE/USDT:USDT,297.6,3.2,297.59,0.5,297.61,1.9,297.62,3.9
1753503742807,04:22:22.807,AAVE/USDT:USDT,297.6,3.2,297.59,0.5,297.61,2.1,297.62,3.9
1753503742807,04:22:22.807,AAVE/USDT:USDT,297.6,3.2,297.59,0.5,297.61,2.1,297.62,3.9
1753503742957,04:22:22.957,AAVE/USDT:USDT,297.6,0.8,297.59,0.5,297.61,2.1,297.62,2.4
1753503743107,04:22:23.107,AAVE/USDT:USDT,297.6,0.8,297.59,1.5,297.61,4.0,297.62,2.4
1753503743257,04:22:23.257,AAVE/USDT:USDT,297.6,0.8,297.59,1.5,297.61,2.5,297.62,2.4
1753503743257,04:22:23.257,AAVE/USDT:USDT,297.6,0.8,297.59,1.5,297.61,2.5,297.62,2.4
1753503743407,04:22:23.407,AAVE/USDT:USDT,297.6,0.8,297.59,1.8,297.61,2.5,297.62,2.4
1753503743557,04:22:23.557,AAVE/USDT:USDT,297.6,0.8,297.59,2.5,297.61,2.0,297.62,3.9
1753503743557,04:22:23.557,AAVE/USDT:USDT,297.6,0.8,297.59,2.5,297.61,2.0,297.62,3.9
1753503743707,04:22:23.707,AAVE/USDT:USDT,297.6,0.8,297.59,2.7,297.61,2.0,297.62,3.9
1753503743707,04:22:23.707,AAVE/USDT:USDT,297.6,0.8,297.59,2.7,297.61,2.0,297.62,3.9
1753503743857,04:22:23.857,AAVE/USDT:USDT,297.6,0.8,297.59,2.7,297.61,2.3,297.62,3.9
1753503743857,04:22:23.857,AAVE/USDT:USDT,297.6,0.8,297.59,2.7,297.61,2.3,297.62,3.9
1753503744007,04:22:24.007,AAVE/USDT:USDT,297.6,0.8,297.59,2.7,297.61,3.4,297.62,3.9
1753503744007,04:22:24.007,AAVE/USDT:USDT,297.6,0.8,297.59,2.7,297.61,3.4,297.62,3.9
1753503744157,04:22:24.157,AAVE/USDT:USDT,297.6,0.8,297.59,1.5,297.61,3.4,297.62,3.9
1753503744157,04:22:24.157,AAVE/USDT:USDT,297.6,0.8,297.59,1.5,297.61,3.4,297.62,3.9
1753503744307,04:22:24.307,AAVE/USDT:USDT,297.6,0.8,297.59,1.2,297.61,3.4,297.62,3.9
1753503744307,04:22:24.307,AAVE/USDT:USDT,297.6,0.8,297.59,1.2,297.61,3.4,297.62,3.9
1753503744458,04:22:24.458,AAVE/USDT:USDT,297.6,0.5,297.59,1.2,297.61,3.4,297.62,3.9
1753503744458,04:22:24.458,AAVE/USDT:USDT,297.6,0.5,297.59,1.2,297.61,3.4,297.62,3.9
1753503744608,04:22:24.608,AAVE/USDT:USDT,297.6,0.8,297.59,1.2,297.61,3.4,297.62,2.4
1753503744608,04:22:24.608,AAVE/USDT:USDT,297.6,0.8,297.59,1.2,297.61,3.4,297.62,2.4
1753503744758,04:22:24.758,AAVE/USDT:USDT,297.6,0.8,297.59,2.2,297.61,3.1,297.62,2.4
1753503744758,04:22:24.758,AAVE/USDT:USDT,297.6,0.8,297.59,2.2,297.61,3.1,297.62,2.4
1753503744908,04:22:24.908,AAVE/USDT:USDT,297.6,0.8,297.59,2.2,297.61,3.1,297.62,2.4
1753503744908,04:22:24.908,AAVE/USDT:USDT,297.6,0.8,297.59,2.2,297.61,3.1,297.62,2.4
1753503745058,04:22:25.058,AAVE/USDT:USDT,297.6,0.8,297.59,2.5,297.61,3.4,297.62,2.4
1753503745058,04:22:25.058,AAVE/USDT:USDT,297.6,0.8,297.59,2.5,297.61,3.4,297.62,2.4
1753503745208,04:22:25.208,AAVE/USDT:USDT,297.6,0.8,297.59,1.5,297.61,1.9,297.62,2.4
1753503745208,04:22:25.208,AAVE/USDT:USDT,297.6,0.8,297.59,1.5,297.61,1.9,297.62,2.4
1753503745358,04:22:25.358,AAVE/USDT:USDT,297.6,1.5,297.59,1.5,297.61,1.9,297.62,2.4
1753503745508,04:22:25.508,AAVE/USDT:USDT,297.6,0.8,297.59,1.2,297.61,1.9,297.62,3.9
1753503745508,04:22:25.508,AAVE/USDT:USDT,297.6,0.8,297.59,1.2,297.61,1.9,297.62,3.9
1753503745658,04:22:25.658,AAVE/USDT:USDT,297.6,0.5,297.59,1.2,297.61,1.9,297.62,3.9
1753503745658,04:22:25.658,AAVE/USDT:USDT,297.6,0.5,297.59,1.2,297.61,1.9,297.62,3.9
1753503745808,04:22:25.808,AAVE/USDT:USDT,297.6,0.5,297.59,1.2,297.61,3.0,297.62,5.9
1753503745808,04:22:25.808,AAVE/USDT:USDT,297.6,0.5,297.59,1.2,297.61,3.0,297.62,5.9
1753503745958,04:22:25.958,AAVE/USDT:USDT,297.59,1.2,297.58,25.8,297.6,0.3,297.61,2.7
1753503745958,04:22:25.958,AAVE/USDT:USDT,297.59,1.2,297.58,25.8,297.6,0.3,297.61,2.7
1753503746108,04:22:26.108,AAVE/USDT:USDT,297.59,1.5,297.58,26.8,297.6,1.4,297.61,2.1
1753503746108,04:22:26.108,AAVE/USDT:USDT,297.59,1.5,297.58,26.8,297.6,1.4,297.61,2.1
1753503746259,04:22:26.259,AAVE/USDT:USDT,297.59,1.5,297.58,26.8,297.6,1.4,297.61,2.1
1753503746259,04:22:26.259,AAVE/USDT:USDT,297.59,1.5,297.58,26.8,297.6,1.4,297.61,2.1
1753503746409,04:22:26.409,AAVE/USDT:USDT,297.59,1.5,297.58,26.8,297.6,1.4,297.61,2.1
1753503746409,04:22:26.409,AAVE/USDT:USDT,297.59,1.5,297.58,26.8,297.6,1.4,297.61,2.1
1753503746559,04:22:26.559,AAVE/USDT:USDT,297.59,1.2,297.58,25.8,297.6,1.4,297.61,2.1
1753503746559,04:22:26.559,AAVE/USDT:USDT,297.59,1.2,297.58,25.8,297.6,1.4,297.61,2.1
1753503746709,04:22:26.709,AAVE/USDT:USDT,297.59,1.2,297.58,25.8,297.6,1.4,297.61,2.1
1753503746709,04:22:26.709,AAVE/USDT:USDT,297.59,1.2,297.58,25.8,297.6,1.4,297.61,2.1
1753503746859,04:22:26.859,AAVE/USDT:USDT,297.59,1.2,297.58,25.8,297.6,1.4,297.61,2.1
1753503746859,04:22:26.859,AAVE/USDT:USDT,297.59,1.2,297.58,25.8,297.6,1.4,297.61,2.1
1753503747009,04:22:27.009,AAVE/USDT:USDT,297.55,26.3,297.54,1.0,297.56,0.5,297.57,0.3
1753503747009,04:22:27.009,AAVE/USDT:USDT,297.55,26.3,297.54,1.0,297.56,0.5,297.57,0.3
1753503747159,04:22:27.159,AAVE/USDT:USDT,297.55,0.5,297.54,2.0,297.56,1.4,297.58,3.4
1753503747159,04:22:27.159,AAVE/USDT:USDT,297.55,0.5,297.54,2.0,297.56,1.4,297.58,3.4
1753503747309,04:22:27.309,AAVE/USDT:USDT,297.55,2.5,297.54,2.3,297.6,1.4,297.61,33.8
1753503747309,04:22:27.309,AAVE/USDT:USDT,297.55,2.5,297.54,2.3,297.6,1.4,297.61,33.8
1753503747459,04:22:27.459,AAVE/USDT:USDT,297.59,0.5,297.57,0.3,297.6,6.1,297.61,27.0
1753503747459,04:22:27.459,AAVE/USDT:USDT,297.59,0.5,297.57,0.3,297.6,6.1,297.61,27.0
1753503747609,04:22:27.609,AAVE/USDT:USDT,297.59,0.5,297.57,0.3,297.6,6.4,297.61,30.0
1753503747759,04:22:27.759,AAVE/USDT:USDT,297.59,0.5,297.57,0.3,297.6,6.4,297.61,30.0
1753503747759,04:22:27.759,AAVE/USDT:USDT,297.59,0.5,297.57,0.3,297.6,6.4,297.61,30.0
1753503747909,04:22:27.909,AAVE/USDT:USDT,297.59,0.5,297.57,0.3,297.6,6.4,297.61,30.0
1753503747909,04:22:27.909,AAVE/USDT:USDT,297.59,0.5,297.57,0.3,297.6,6.4,297.61,30.0
1753503748060,04:22:28.060,AAVE/USDT:USDT,297.59,0.5,297.57,0.3,297.6,6.4,297.61,30.0
1753503748210,04:22:28.210,AAVE/USDT:USDT,297.59,0.5,297.57,0.3,297.6,6.4,297.61,30.0
1753503748210,04:22:28.210,AAVE/USDT:USDT,297.59,0.5,297.57,0.3,297.6,6.4,297.61,30.0
1753503748360,04:22:28.360,AAVE/USDT:USDT,297.59,0.5,297.55,3.1,297.6,6.4,297.61,30.0
1753503748360,04:22:28.360,AAVE/USDT:USDT,297.59,0.5,297.55,3.1,297.6,6.4,297.61,30.0
1753503748510,04:22:28.510,AAVE/USDT:USDT,297.55,3.1,297.54,1.3,297.6,6.4,297.61,29.6
1753503748660,04:22:28.660,AAVE/USDT:USDT,297.57,0.3,297.55,3.1,297.58,0.3,297.6,13.5
1753503748660,04:22:28.660,AAVE/USDT:USDT,297.57,0.3,297.55,3.1,297.58,0.3,297.6,13.5
1753503748810,04:22:28.810,AAVE/USDT:USDT,297.57,0.5,297.56,1.0,297.58,0.9,297.6,20.3
1753503748810,04:22:28.810,AAVE/USDT:USDT,297.57,0.5,297.56,1.0,297.58,0.9,297.6,20.3
1753503748960,04:22:28.960,AAVE/USDT:USDT,297.57,0.5,297.56,1.0,297.58,0.9,297.6,20.3
1753503748960,04:22:28.960,AAVE/USDT:USDT,297.57,0.5,297.56,1.0,297.58,0.9,297.6,20.3
1753503749110,04:22:29.110,AAVE/USDT:USDT,297.57,0.5,297.56,1.0,297.58,0.9,297.6,20.3
1753503749260,04:22:29.260,AAVE/USDT:USDT,297.57,0.8,297.56,1.0,297.58,0.9,297.6,20.3
1753503749260,04:22:29.260,AAVE/USDT:USDT,297.57,0.8,297.56,1.0,297.58,0.9,297.6,20.3
1753503749410,04:22:29.410,AAVE/USDT:USDT,297.57,0.8,297.56,1.0,297.58,0.9,297.6,20.3
1753503749410,04:22:29.410,AAVE/USDT:USDT,297.57,0.8,297.56,1.0,297.58,0.9,297.6,20.3
1753503749560,04:22:29.560,AAVE/USDT:USDT,297.57,0.8,297.56,1.0,297.58,1.4,297.6,20.3
1753503749710,04:22:29.710,AAVE/USDT:USDT,297.57,0.8,297.56,1.0,297.58,1.4,297.6,20.3
1753503749710,04:22:29.710,AAVE/USDT:USDT,297.57,0.8,297.56,1.0,297.58,1.4,297.6,20.3
1753503749861,04:22:29.861,AAVE/USDT:USDT,297.57,0.8,297.56,1.0,297.58,1.4,297.6,20.3
1753503749861,04:22:29.861,AAVE/USDT:USDT,297.57,0.8,297.56,1.0,297.58,1.4,297.6,20.3
1753503750011,04:22:30.011,AAVE/USDT:USDT,297.57,3.1,297.56,1.0,297.58,0.5,297.6,10.1
1753503750161,04:22:30.161,AAVE/USDT:USDT,297.57,3.1,297.56,1.0,297.58,0.3,297.6,10.1
1753503750311,04:22:30.311,AAVE/USDT:USDT,297.57,0.8,297.56,1.0,297.58,0.3,297.6,10.1
1753503750311,04:22:30.311,AAVE/USDT:USDT,297.57,0.8,297.56,1.0,297.58,0.3,297.6,10.1
1753503750461,04:22:30.461,AAVE/USDT:USDT,297.57,0.8,297.56,1.3,297.58,0.3,297.6,16.8
1753503750461,04:22:30.461,AAVE/USDT:USDT,297.57,0.8,297.56,1.3,297.58,0.3,297.6,16.8
1753503750611,04:22:30.611,AAVE/USDT:USDT,297.57,0.8,297.56,1.3,297.58,0.3,297.6,16.8
1753503750761,04:22:30.761,AAVE/USDT:USDT,297.57,0.8,297.56,1.3,297.58,0.3,297.6,16.8
1753503750761,04:22:30.761,AAVE/USDT:USDT,297.57,0.8,297.56,1.3,297.58,0.3,297.6,16.8
1753503750911,04:22:30.911,AAVE/USDT:USDT,297.57,0.8,297.56,1.3,297.58,0.3,297.6,16.8
1753503751061,04:22:31.061,AAVE/USDT:USDT,297.57,0.5,297.56,1.0,297.58,0.3,297.59,1.5
1753503751061,04:22:31.061,AAVE/USDT:USDT,297.57,0.5,297.56,1.0,297.58,0.3,297.59,1.5
1753503751211,04:22:31.211,AAVE/USDT:USDT,297.57,0.8,297.56,1.0,297.58,0.8,297.59,1.5
1753503751211,04:22:31.211,AAVE/USDT:USDT,297.57,0.8,297.56,1.0,297.58,0.8,297.59,1.5
1753503751361,04:22:31.361,AAVE/USDT:USDT,297.57,0.8,297.56,1.3,297.58,0.8,297.59,1.5
1753503751511,04:22:31.511,AAVE/USDT:USDT,297.57,0.8,297.56,1.3,297.58,0.8,297.59,1.5
1753503751511,04:22:31.511,AAVE/USDT:USDT,297.57,0.8,297.56,1.3,297.58,0.8,297.59,1.5
1753503751662,04:22:31.662,AAVE/USDT:USDT,297.57,0.8,297.55,1.1,297.58,0.8,297.59,1.5
1753503751662,04:22:31.662,AAVE/USDT:USDT,297.57,0.8,297.55,1.1,297.58,0.8,297.59,1.5
1753503751812,04:22:31.812,AAVE/USDT:USDT,297.57,0.8,297.56,1.0,297.58,0.8,297.6,16.8
1753503751812,04:22:31.812,AAVE/USDT:USDT,297.57,0.8,297.56,1.0,297.58,0.8,297.6,16.8
1753503751962,04:22:31.962,AAVE/USDT:USDT,297.57,1.1,297.56,1.0,297.58,0.5,297.6,16.8
1753503751962,04:22:31.962,AAVE/USDT:USDT,297.57,1.1,297.56,1.0,297.58,0.5,297.6,16.8
1753503752112,04:22:32.112,AAVE/USDT:USDT,297.57,0.8,297.56,1.0,297.58,0.5,297.6,16.8
1753503752112,04:22:32.112,AAVE/USDT:USDT,297.57,0.8,297.56,1.0,297.58,0.5,297.6,16.8
1753503752262,04:22:32.262,AAVE/USDT:USDT,297.57,0.8,297.56,1.0,297.58,0.8,297.6,16.8
1753503752262,04:22:32.262,AAVE/USDT:USDT,297.57,0.8,297.56,1.0,297.58,0.8,297.6,16.8
1753503752412,04:22:32.412,AAVE/USDT:USDT,297.57,1.1,297.56,1.0,297.58,0.8,297.6,16.8
1753503752412,04:22:32.412,AAVE/USDT:USDT,297.57,1.1,297.56,1.0,297.58,0.8,297.6,16.8
1753503752562,04:22:32.562,AAVE/USDT:USDT,297.57,0.8,297.56,1.0,297.58,0.3,297.6,16.8
1753503752562,04:22:32.562,AAVE/USDT:USDT,297.57,0.8,297.56,1.0,297.58,0.3,297.6,16.8
1753503752712,04:22:32.712,AAVE/USDT:USDT,297.57,0.5,297.56,1.0,297.58,0.8,297.6,16.8
1753503752712,04:22:32.712,AAVE/USDT:USDT,297.57,0.5,297.56,1.0,297.58,0.8,297.6,16.8
1753503752862,04:22:32.862,AAVE/USDT:USDT,297.57,0.8,297.56,1.0,297.58,0.8,297.59,1.5
1753503752862,04:22:32.862,AAVE/USDT:USDT,297.57,0.8,297.56,1.0,297.58,0.8,297.59,1.5
1753503753012,04:22:33.012,AAVE/USDT:USDT,297.57,0.8,297.56,1.0,297.58,0.8,297.59,1.5
1753503753012,04:22:33.012,AAVE/USDT:USDT,297.57,0.8,297.56,1.0,297.58,0.8,297.59,1.5
1753503753162,04:22:33.162,AAVE/USDT:USDT,297.57,0.8,297.56,1.0,297.58,0.8,297.59,1.5
1753503753162,04:22:33.162,AAVE/USDT:USDT,297.57,0.8,297.56,1.0,297.58,0.8,297.59,1.5
1753503753312,04:22:33.312,AAVE/USDT:USDT,297.57,0.8,297.56,1.0,297.58,0.8,297.59,1.5
1753503753312,04:22:33.312,AAVE/USDT:USDT,297.57,0.8,297.56,1.0,297.58,0.8,297.59,1.5
1753503753463,04:22:33.463,AAVE/USDT:USDT,297.57,0.8,297.56,1.0,297.58,0.8,297.59,1.5
1753503753463,04:22:33.463,AAVE/USDT:USDT,297.57,0.8,297.56,1.0,297.58,0.8,297.59,1.5
1753503753613,04:22:33.613,AAVE/USDT:USDT,297.57,0.8,297.56,1.0,297.58,0.8,297.6,16.8
1753503753613,04:22:33.613,AAVE/USDT:USDT,297.57,0.8,297.56,1.0,297.58,0.8,297.6,16.8
1753503753763,04:22:33.763,AAVE/USDT:USDT,297.57,0.8,297.56,1.3,297.58,0.5,297.6,16.8
1753503753763,04:22:33.763,AAVE/USDT:USDT,297.57,0.8,297.56,1.3,297.58,0.5,297.6,16.8
1753503753913,04:22:33.913,AAVE/USDT:USDT,297.57,0.8,297.56,1.0,297.6,14.1,297.61,27.6
1753503753913,04:22:33.913,AAVE/USDT:USDT,297.57,0.8,297.56,1.0,297.6,14.1,297.61,27.6
1753503754063,04:22:34.063,AAVE/USDT:USDT,297.57,0.8,297.56,1.0,297.58,0.3,297.59,1.1
1753503754213,04:22:34.213,AAVE/USDT:USDT,297.57,0.8,297.56,2.5,297.58,0.9,297.59,0.5
1753503754213,04:22:34.213,AAVE/USDT:USDT,297.57,0.8,297.56,2.5,297.58,0.9,297.59,0.5
1753503754363,04:22:34.363,AAVE/USDT:USDT,297.57,0.8,297.56,2.5,297.58,0.9,297.59,0.5
1753503754363,04:22:34.363,AAVE/USDT:USDT,297.57,0.8,297.56,2.5,297.58,0.9,297.59,0.5
1753503754513,04:22:34.513,AAVE/USDT:USDT,297.57,0.5,297.55,3.8,297.58,0.9,297.59,0.5
1753503754513,04:22:34.513,AAVE/USDT:USDT,297.57,0.5,297.55,3.8,297.58,0.9,297.59,0.5
1753503754663,04:22:34.663,AAVE/USDT:USDT,297.57,0.5,297.56,2.5,297.58,0.9,297.59,0.5
1753503754663,04:22:34.663,AAVE/USDT:USDT,297.57,0.5,297.56,2.5,297.58,0.9,297.59,0.5
1753503754813,04:22:34.813,AAVE/USDT:USDT,297.57,0.5,297.56,1.0,297.58,1.4,297.59,3.6
1753503754813,04:22:34.813,AAVE/USDT:USDT,297.57,0.5,297.56,1.0,297.58,1.4,297.59,3.6
1753503754963,04:22:34.963,AAVE/USDT:USDT,297.57,0.5,297.56,2.5,297.58,1.4,297.59,3.6
1753503754963,04:22:34.963,AAVE/USDT:USDT,297.57,0.5,297.56,2.5,297.58,1.4,297.59,3.6
1753503755113,04:22:35.113,AAVE/USDT:USDT,297.57,0.5,297.56,1.0,297.58,1.4,297.59,3.6
1753503755263,04:22:35.263,AAVE/USDT:USDT,297.57,0.5,297.56,1.0,297.58,1.4,297.59,3.6
1753503755263,04:22:35.263,AAVE/USDT:USDT,297.57,0.5,297.56,1.0,297.58,1.4,297.59,3.6
1753503755414,04:22:35.414,AAVE/USDT:USDT,297.57,0.5,297.56,1.0,297.58,1.4,297.59,3.6
1753503755414,04:22:35.414,AAVE/USDT:USDT,297.57,0.5,297.56,1.0,297.58,1.4,297.59,3.6
1753503755564,04:22:35.564,AAVE/USDT:USDT,297.57,0.5,297.56,2.5,297.58,1.4,297.59,3.6
1753503755564,04:22:35.564,AAVE/USDT:USDT,297.57,0.5,297.56,2.5,297.58,1.4,297.59,3.6
1753503755714,04:22:35.714,AAVE/USDT:USDT,297.57,0.8,297.56,2.5,297.59,3.6,297.6,17.6
1753503755714,04:22:35.714,AAVE/USDT:USDT,297.57,0.8,297.56,2.5,297.59,3.6,297.6,17.6
1753503755864,04:22:35.864,AAVE/USDT:USDT,297.58,2.3,297.57,0.5,297.6,1.6,297.61,1.8
1753503755864,04:22:35.864,AAVE/USDT:USDT,297.58,2.3,297.57,0.5,297.6,1.6,297.61,1.8
1753503756014,04:22:36.014,AAVE/USDT:USDT,297.59,0.8,297.58,2.0,297.6,1.9,297.61,1.8
1753503756014,04:22:36.014,AAVE/USDT:USDT,297.59,0.8,297.58,2.0,297.6,1.9,297.61,1.8
1753503756164,04:22:36.164,AAVE/USDT:USDT,297.59,2.8,297.57,0.5,297.6,1.9,297.61,1.8
1753503756164,04:22:36.164,AAVE/USDT:USDT,297.59,2.8,297.57,0.5,297.6,1.9,297.61,1.8
1753503756314,04:22:36.314,AAVE/USDT:USDT,297.59,2.8,297.57,0.5,297.6,1.9,297.61,1.8
1753503756314,04:22:36.314,AAVE/USDT:USDT,297.59,2.8,297.57,0.5,297.6,1.9,297.61,1.8
1753503756464,04:22:36.464,AAVE/USDT:USDT,297.59,4.3,297.57,0.5,297.6,1.9,297.61,1.8
1753503756464,04:22:36.464,AAVE/USDT:USDT,297.59,4.3,297.57,0.5,297.6,1.9,297.61,1.8
1753503756614,04:22:36.614,AAVE/USDT:USDT,297.59,4.0,297.57,0.5,297.6,1.9,297.61,1.8
1753503756614,04:22:36.614,AAVE/USDT:USDT,297.59,4.0,297.57,0.5,297.6,1.9,297.61,1.8
1753503756764,04:22:36.764,AAVE/USDT:USDT,297.59,0.5,297.57,0.5,297.6,2.4,297.61,1.8
1753503756764,04:22:36.764,AAVE/USDT:USDT,297.59,0.5,297.57,0.5,297.6,2.4,297.61,1.8
1753503756914,04:22:36.914,AAVE/USDT:USDT,297.59,0.5,297.58,1.5,297.6,2.4,297.61,1.8
1753503756914,04:22:36.914,AAVE/USDT:USDT,297.59,0.5,297.58,1.5,297.6,2.4,297.61,1.8
1753503757065,04:22:37.065,AAVE/USDT:USDT,297.59,0.5,297.58,1.5,297.6,2.4,297.61,1.8
1753503757065,04:22:37.065,AAVE/USDT:USDT,297.59,0.5,297.58,1.5,297.6,2.4,297.61,1.8
1753503757215,04:22:37.215,AAVE/USDT:USDT,297.59,0.5,297.58,1.5,297.6,2.4,297.61,1.8
1753503757215,04:22:37.215,AAVE/USDT:USDT,297.59,0.5,297.58,1.5,297.6,2.4,297.61,1.8
1753503757365,04:22:37.365,AAVE/USDT:USDT,297.59,0.5,297.57,0.5,297.6,2.4,297.61,3.7
1753503757515,04:22:37.515,AAVE/USDT:USDT,297.59,0.5,297.57,0.5,297.6,2.4,297.61,3.7
1753503757515,04:22:37.515,AAVE/USDT:USDT,297.59,0.5,297.57,0.5,297.6,2.4,297.61,3.7
1753503757665,04:22:37.665,AAVE/USDT:USDT,297.59,0.5,297.57,0.5,297.6,2.4,297.61,3.7
1753503757665,04:22:37.665,AAVE/USDT:USDT,297.59,0.5,297.57,0.5,297.6,2.4,297.61,3.7
1753503757815,04:22:37.815,AAVE/USDT:USDT,297.59,0.5,297.57,0.5,297.6,2.4,297.61,3.7
1753503757815,04:22:37.815,AAVE/USDT:USDT,297.59,0.5,297.57,0.5,297.6,2.4,297.61,3.7
1753503757965,04:22:37.965,AAVE/USDT:USDT,297.59,0.5,297.57,0.5,297.6,2.4,297.61,3.7
1753503757965,04:22:37.965,AAVE/USDT:USDT,297.59,0.5,297.57,0.5,297.6,2.4,297.61,3.7
1753503758115,04:22:38.115,AAVE/USDT:USDT,297.59,0.5,297.57,0.5,297.6,2.4,297.61,3.7
1753503758115,04:22:38.115,AAVE/USDT:USDT,297.59,0.5,297.57,0.5,297.6,2.4,297.61,3.7
1753503758265,04:22:38.265,AAVE/USDT:USDT,297.59,0.5,297.58,1.5,297.6,2.4,297.61,3.7
1753503758415,04:22:38.415,AAVE/USDT:USDT,297.59,0.5,297.58,1.5,297.6,2.4,297.61,3.7
1753503758565,04:22:38.565,AAVE/USDT:USDT,297.59,0.8,297.58,1.5,297.6,2.4,297.61,3.7
1753503758565,04:22:38.565,AAVE/USDT:USDT,297.59,0.8,297.58,1.5,297.6,2.4,297.61,3.7
1753503758715,04:22:38.715,AAVE/USDT:USDT,297.59,0.8,297.58,1.5,297.6,2.4,297.61,3.7
1753503758715,04:22:38.715,AAVE/USDT:USDT,297.59,0.8,297.58,1.5,297.6,2.4,297.61,3.7
1753503758865,04:22:38.865,AAVE/USDT:USDT,297.59,0.5,297.58,1.5,297.6,2.4,297.61,3.7
1753503758865,04:22:38.865,AAVE/USDT:USDT,297.59,0.5,297.58,1.5,297.6,2.4,297.61,3.7
1753503759016,04:22:39.016,AAVE/USDT:USDT,297.59,0.5,297.58,1.5,297.6,2.4,297.61,3.7
1753503759166,04:22:39.166,AAVE/USDT:USDT,297.59,0.5,297.57,0.5,297.6,2.4,297.61,3.7
1753503759166,04:22:39.166,AAVE/USDT:USDT,297.59,0.5,297.57,0.5,297.6,2.4,297.61,3.7
1753503759316,04:22:39.316,AAVE/USDT:USDT,297.59,0.5,297.57,0.5,297.6,2.4,297.61,3.7
1753503759316,04:22:39.316,AAVE/USDT:USDT,297.59,0.5,297.57,0.5,297.6,2.4,297.61,3.7
1753503759466,04:22:39.466,AAVE/USDT:USDT,297.59,0.5,297.57,0.5,297.6,2.4,297.61,3.7
1753503759466,04:22:39.466,AAVE/USDT:USDT,297.59,0.5,297.57,0.5,297.6,2.4,297.61,3.7
1753503759616,04:22:39.616,AAVE/USDT:USDT,297.59,0.5,297.58,1.5,297.6,2.4,297.61,3.7
1753503759616,04:22:39.616,AAVE/USDT:USDT,297.59,0.5,297.58,1.5,297.6,2.4,297.61,3.7
1753503759766,04:22:39.766,AAVE/USDT:USDT,297.59,0.5,297.58,1.5,297.6,2.4,297.61,3.7
1753503759766,04:22:39.766,AAVE/USDT:USDT,297.59,0.5,297.58,1.5,297.6,2.4,297.61,3.7
1753503759916,04:22:39.916,AAVE/USDT:USDT,297.59,0.5,297.58,1.5,297.6,2.4,297.61,3.7
1753503759916,04:22:39.916,AAVE/USDT:USDT,297.59,0.5,297.58,1.5,297.6,2.4,297.61,3.7
1753503760066,04:22:40.066,AAVE/USDT:USDT,297.59,0.5,297.58,1.5,297.6,2.4,297.61,3.7
1753503760066,04:22:40.066,AAVE/USDT:USDT,297.59,0.5,297.58,1.5,297.6,2.4,297.61,3.7
1753503760216,04:22:40.216,AAVE/USDT:USDT,297.59,0.5,297.57,0.5,297.6,2.4,297.61,3.7
1753503760366,04:22:40.366,AAVE/USDT:USDT,297.59,0.5,297.57,0.5,297.6,2.4,297.61,3.7
1753503760366,04:22:40.366,AAVE/USDT:USDT,297.59,0.5,297.57,0.5,297.6,2.4,297.61,3.7
1753503760517,04:22:40.517,AAVE/USDT:USDT,297.59,0.5,297.57,0.5,297.6,2.4,297.61,3.7
1753503760517,04:22:40.517,AAVE/USDT:USDT,297.59,0.5,297.57,0.5,297.6,2.4,297.61,3.7
1753503760667,04:22:40.667,AAVE/USDT:USDT,297.59,0.5,297.57,0.5,297.6,2.4,297.61,3.7
1753503760667,04:22:40.667,AAVE/USDT:USDT,297.59,0.5,297.57,0.5,297.6,2.4,297.61,3.7
1753503760817,04:22:40.817,AAVE/USDT:USDT,297.59,0.5,297.57,0.5,297.6,2.4,297.61,3.7
1753503760817,04:22:40.817,AAVE/USDT:USDT,297.59,0.5,297.57,0.5,297.6,2.4,297.61,3.7
1753503760967,04:22:40.967,AAVE/USDT:USDT,297.59,0.5,297.57,0.5,297.6,2.4,297.61,3.7
1753503760967,04:22:40.967,AAVE/USDT:USDT,297.59,0.5,297.57,0.5,297.6,2.4,297.61,3.7
1753503761117,04:22:41.117,AAVE/USDT:USDT,297.59,0.5,297.57,0.5,297.6,2.4,297.61,3.7
1753503761117,04:22:41.117,AAVE/USDT:USDT,297.59,0.5,297.57,0.5,297.6,2.4,297.61,3.7
1753503761267,04:22:41.267,AAVE/USDT:USDT,297.59,0.5,297.57,0.5,297.6,2.4,297.61,3.7
1753503761267,04:22:41.267,AAVE/USDT:USDT,297.59,0.5,297.57,0.5,297.6,2.4,297.61,3.7
1753503761417,04:22:41.417,AAVE/USDT:USDT,297.59,0.5,297.57,0.5,297.6,2.4,297.61,3.7
1753503761417,04:22:41.417,AAVE/USDT:USDT,297.59,0.5,297.57,0.5,297.6,2.4,297.61,3.7
1753503761567,04:22:41.567,AAVE/USDT:USDT,297.59,0.5,297.58,1.5,297.6,2.4,297.61,3.7
1753503761717,04:22:41.717,AAVE/USDT:USDT,297.59,0.5,297.58,1.5,297.6,2.4,297.61,3.7
1753503761717,04:22:41.717,AAVE/USDT:USDT,297.59,0.5,297.58,1.5,297.6,2.4,297.61,3.7
1753503761867,04:22:41.867,AAVE/USDT:USDT,297.59,0.5,297.58,1.5,297.6,2.4,297.61,3.7
1753503761867,04:22:41.867,AAVE/USDT:USDT,297.59,0.5,297.58,1.5,297.6,2.4,297.61,3.7
1753503762017,04:22:42.017,AAVE/USDT:USDT,297.57,0.5,297.55,0.6,297.6,2.4,297.61,3.7
1753503762167,04:22:42.167,AAVE/USDT:USDT,297.57,1.5,297.56,1.5,297.58,1.4,297.6,4.0
1753503762167,04:22:42.167,AAVE/USDT:USDT,297.57,1.5,297.56,1.5,297.58,1.4,297.6,4.0
1753503762318,04:22:42.318,AAVE/USDT:USDT,297.57,1.5,297.56,1.5,297.58,1.4,297.6,10.7
1753503762468,04:22:42.468,AAVE/USDT:USDT,297.57,0.5,297.56,1.5,297.58,1.4,297.6,10.7
1753503762468,04:22:42.468,AAVE/USDT:USDT,297.57,0.5,297.56,1.5,297.58,1.4,297.6,10.7
1753503762618,04:22:42.618,AAVE/USDT:USDT,297.57,0.5,297.56,2.5,297.58,1.4,297.6,10.7
1753503762618,04:22:42.618,AAVE/USDT:USDT,297.57,0.5,297.56,2.5,297.58,1.4,297.6,10.7
1753503762768,04:22:42.768,AAVE/USDT:USDT,297.57,0.5,297.56,2.5,297.58,1.4,297.6,11.2
1753503762918,04:22:42.918,AAVE/USDT:USDT,297.57,0.8,297.56,2.5,297.58,1.4,297.6,11.2
1753503762918,04:22:42.918,AAVE/USDT:USDT,297.57,0.8,297.56,2.5,297.58,1.4,297.6,11.2
1753503763068,04:22:43.068,AAVE/USDT:USDT,297.57,0.8,297.56,2.5,297.58,1.4,297.6,11.2
1753503763068,04:22:43.068,AAVE/USDT:USDT,297.57,0.8,297.56,2.5,297.58,1.4,297.6,11.2
1753503763218,04:22:43.218,AAVE/USDT:USDT,297.57,0.8,297.56,2.5,297.58,1.4,297.6,11.2
1753503763218,04:22:43.218,AAVE/USDT:USDT,297.57,0.8,297.56,2.5,297.58,1.4,297.6,11.2
1753503763368,04:22:43.368,AAVE/USDT:USDT,297.57,0.8,297.56,2.5,297.58,0.8,297.6,11.2
1753503763368,04:22:43.368,AAVE/USDT:USDT,297.57,0.8,297.56,2.5,297.58,0.8,297.6,11.2
1753503763518,04:22:43.518,AAVE/USDT:USDT,297.57,0.8,297.56,2.5,297.58,0.5,297.6,11.2
1753503763518,04:22:43.518,AAVE/USDT:USDT,297.57,0.8,297.56,2.5,297.58,0.5,297.6,11.2
1753503763668,04:22:43.668,AAVE/USDT:USDT,297.57,0.8,297.56,2.5,297.58,0.8,297.6,11.2
1753503763668,04:22:43.668,AAVE/USDT:USDT,297.57,0.8,297.56,2.5,297.58,0.8,297.6,11.2
1753503763818,04:22:43.818,AAVE/USDT:USDT,297.57,0.8,297.56,2.5,297.58,0.8,297.6,11.2
1753503763818,04:22:43.818,AAVE/USDT:USDT,297.57,0.8,297.56,2.5,297.58,0.8,297.6,11.2
1753503763968,04:22:43.968,AAVE/USDT:USDT,297.57,0.5,297.56,2.5,297.58,0.8,297.6,11.2
1753503763968,04:22:43.968,AAVE/USDT:USDT,297.57,0.5,297.56,2.5,297.58,0.8,297.6,11.2
1753503764119,04:22:44.119,AAVE/USDT:USDT,297.57,0.5,297.56,2.5,297.58,0.8,297.6,11.2
1753503764119,04:22:44.119,AAVE/USDT:USDT,297.57,0.5,297.56,2.5,297.58,0.8,297.6,11.2
1753503764269,04:22:44.269,AAVE/USDT:USDT,297.57,0.5,297.56,2.5,297.58,0.8,297.6,11.2
1753503764269,04:22:44.269,AAVE/USDT:USDT,297.57,0.5,297.56,2.5,297.58,0.8,297.6,11.2
1753503764419,04:22:44.419,AAVE/USDT:USDT,297.57,0.5,297.56,2.5,297.58,0.8,297.6,11.2
1753503764419,04:22:44.419,AAVE/USDT:USDT,297.57,0.5,297.56,2.5,297.58,0.8,297.6,11.2
1753503764569,04:22:44.569,AAVE/USDT:USDT,297.57,0.5,297.55,0.6,297.58,0.8,297.6,11.2
1753503764569,04:22:44.569,AAVE/USDT:USDT,297.57,0.5,297.55,0.6,297.58,0.8,297.6,11.2
1753503764719,04:22:44.719,AAVE/USDT:USDT,297.57,0.5,297.55,0.6,297.58,0.8,297.6,11.2
1753503764719,04:22:44.719,AAVE/USDT:USDT,297.57,0.5,297.55,0.6,297.58,0.8,297.6,11.2
1753503764869,04:22:44.869,AAVE/USDT:USDT,297.57,0.5,297.56,1.5,297.58,0.8,297.6,11.2
1753503764869,04:22:44.869,AAVE/USDT:USDT,297.57,0.5,297.56,1.5,297.58,0.8,297.6,11.2
1753503765019,04:22:45.019,AAVE/USDT:USDT,297.57,0.5,297.56,2.5,297.58,0.8,297.6,11.2
1753503765169,04:22:45.169,AAVE/USDT:USDT,297.57,0.5,297.56,2.5,297.58,0.8,297.6,11.2
1753503765169,04:22:45.169,AAVE/USDT:USDT,297.57,0.5,297.56,2.5,297.58,0.8,297.6,11.2
1753503765319,04:22:45.319,AAVE/USDT:USDT,297.57,0.5,297.56,1.0,297.58,0.8,297.6,11.2
1753503765319,04:22:45.319,AAVE/USDT:USDT,297.57,0.5,297.56,1.0,297.58,0.8,297.6,11.2
1753503765469,04:22:45.469,AAVE/USDT:USDT,297.54,0.7,297.53,3.0,297.56,21.9,297.57,318.7
1753503765469,04:22:45.469,AAVE/USDT:USDT,297.54,0.7,297.53,3.0,297.56,21.9,297.57,318.7
1753503765619,04:22:45.619,AAVE/USDT:USDT,297.5,0.5,297.49,34.0,297.55,4.5,297.56,103.0
1753503765619,04:22:45.619,AAVE/USDT:USDT,297.5,0.5,297.49,34.0,297.55,4.5,297.56,103.0
1753503765920,04:22:45.920,AAVE/USDT:USDT,297.5,0.8,297.49,32.0,297.51,0.6,297.54,7.2
1753503765920,04:22:45.920,AAVE/USDT:USDT,297.5,0.8,297.49,32.0,297.51,0.6,297.54,7.2
1753503766069,04:22:46.069,AAVE/USDT:USDT,297.5,4.6,297.49,32.0,297.51,0.6,297.54,7.2
1753503766069,04:22:46.069,AAVE/USDT:USDT,297.5,4.6,297.49,32.0,297.51,0.6,297.54,7.2
1753503766220,04:22:46.220,AAVE/USDT:USDT,297.5,1.1,297.49,32.0,297.51,0.6,297.54,7.5
1753503766220,04:22:46.220,AAVE/USDT:USDT,297.5,1.1,297.49,32.0,297.51,0.6,297.54,7.5
1753503766370,04:22:46.370,AAVE/USDT:USDT,297.5,2.6,297.49,32.0,297.51,0.6,297.54,7.5
1753503766370,04:22:46.370,AAVE/USDT:USDT,297.5,2.6,297.49,32.0,297.51,0.6,297.54,7.5
1753503766520,04:22:46.520,AAVE/USDT:USDT,297.5,2.6,297.49,32.0,297.51,0.6,297.54,7.5
1753503766520,04:22:46.520,AAVE/USDT:USDT,297.5,2.6,297.49,32.0,297.51,0.6,297.54,7.5
1753503766670,04:22:46.670,AAVE/USDT:USDT,297.5,0.9,297.49,33.5,297.51,0.9,297.54,7.5
1753503766670,04:22:46.670,AAVE/USDT:USDT,297.5,0.9,297.49,33.5,297.51,0.9,297.54,7.5
1753503766820,04:22:46.820,AAVE/USDT:USDT,297.5,0.6,297.49,33.7,297.51,1.4,297.54,7.5
1753503766820,04:22:46.820,AAVE/USDT:USDT,297.5,0.6,297.49,33.7,297.51,1.4,297.54,7.5
1753503766970,04:22:46.970,AAVE/USDT:USDT,297.5,0.6,297.49,33.7,297.51,1.4,297.54,7.5
1753503766970,04:22:46.970,AAVE/USDT:USDT,297.5,0.6,297.49,33.7,297.51,1.4,297.54,7.5
1753503767120,04:22:47.120,AAVE/USDT:USDT,297.5,0.9,297.49,33.7,297.51,0.5,297.54,7.5
1753503767120,04:22:47.120,AAVE/USDT:USDT,297.5,0.9,297.49,33.7,297.51,0.5,297.54,7.5
1753503767270,04:22:47.270,AAVE/USDT:USDT,297.5,2.9,297.49,33.7,297.51,0.5,297.54,0.8
1753503767270,04:22:47.270,AAVE/USDT:USDT,297.5,2.9,297.49,33.7,297.51,0.5,297.54,0.8
1753503767420,04:22:47.420,AAVE/USDT:USDT,297.5,2.9,297.49,33.7,297.54,7.5,297.55,2.9
1753503767420,04:22:47.420,AAVE/USDT:USDT,297.5,2.9,297.49,33.7,297.54,7.5,297.55,2.9
1753503767571,04:22:47.571,AAVE/USDT:USDT,297.51,2.4,297.5,2.6,297.53,0.3,297.54,2.4
1753503767571,04:22:47.571,AAVE/USDT:USDT,297.51,2.4,297.5,2.6,297.53,0.3,297.54,2.4
