timestamp,time,symbol,bid1_price,bid1_volume,bid2_price,bid2_volume,ask1_price,ask1_volume,ask2_price,ask2_volume
1753504008137,04:26:48.137,ALGO/USDT:USDT,0.2689,2921.0,0.2687,50394.0,0.2698,2945.0,0.2699,1097837.0
1753504008529,04:26:48.529,ALGO/USDT:USDT,0.2689,2921.0,0.2687,50394.0,0.2698,2945.0,0.2699,1097837.0
1753504008926,04:26:48.926,ALGO/USDT:USDT,0.2689,2921.0,0.2687,50394.0,0.2698,2945.0,0.2699,1097837.0
1753504009126,04:26:49.126,ALGO/USDT:USDT,0.2689,2921.0,0.2687,50394.0,0.2698,791053.0,0.2699,1097837.0
1753504009726,04:26:49.726,ALGO/USDT:USDT,0.2689,2921.0,0.2687,50394.0,0.2698,2945.0,0.2699,1097837.0
1753504010126,04:26:50.126,ALGO/USDT:USDT,0.2689,2921.0,0.2687,50394.0,0.2698,802354.0,0.2699,1097837.0
1753504010325,04:26:50.325,ALGO/USDT:USDT,0.2689,2921.0,0.2687,50394.0,0.2698,598698.0,0.2699,1097837.0
1753504010528,04:26:50.528,ALGO/USDT:USDT,0.2689,2921.0,0.2687,50394.0,0.2698,2945.0,0.2699,1097837.0
1753504010728,04:26:50.728,ALGO/USDT:USDT,0.2689,2921.0,0.2687,50394.0,0.2698,2945.0,0.2699,1097837.0
1753504010930,04:26:50.930,ALGO/USDT:USDT,0.2689,2921.0,0.2687,50394.0,0.2698,577997.0,0.2699,1097837.0
1753504011128,04:26:51.128,ALGO/USDT:USDT,0.2689,2921.0,0.2687,50394.0,0.2698,2945.0,0.2699,1097837.0
1753504011529,04:26:51.529,ALGO/USDT:USDT,0.2689,2921.0,0.2687,50394.0,0.2698,788883.0,0.2699,1097837.0
1753504011727,04:26:51.727,ALGO/USDT:USDT,0.2689,2921.0,0.2687,50394.0,0.2698,784927.0,0.2699,1097837.0
1753504011928,04:26:51.928,ALGO/USDT:USDT,0.2689,2921.0,0.2687,50394.0,0.2698,2945.0,0.2699,1097837.0
1753504012126,04:26:52.126,ALGO/USDT:USDT,0.2689,2921.0,0.2687,50394.0,0.2698,2945.0,0.2699,1097837.0
1753504012330,04:26:52.330,ALGO/USDT:USDT,0.2689,2921.0,0.2687,50394.0,0.2698,2945.0,0.2699,1097837.0
1753504012528,04:26:52.528,ALGO/USDT:USDT,0.2689,2921.0,0.2687,50394.0,0.2698,470150.0,0.2699,1097837.0
1753504013327,04:26:53.327,ALGO/USDT:USDT,0.2689,2921.0,0.2687,50394.0,0.2698,2945.0,0.2699,1097837.0
1753504013730,04:26:53.730,ALGO/USDT:USDT,0.2689,2921.0,0.2687,50394.0,0.2698,2945.0,0.2699,1097837.0
1753504014127,04:26:54.127,ALGO/USDT:USDT,0.2689,2921.0,0.2687,50394.0,0.2698,2945.0,0.2699,1097837.0
1753504014328,04:26:54.328,ALGO/USDT:USDT,0.2689,2921.0,0.2687,50394.0,0.2698,822895.0,0.2699,1097837.0
1753504014729,04:26:54.729,ALGO/USDT:USDT,0.2689,2921.0,0.2687,50394.0,0.2698,2945.0,0.2699,969515.0
1753504016934,04:26:56.934,ALGO/USDT:USDT,0.2689,2921.0,0.2687,50394.0,0.2698,2945.0,0.2699,969515.0
1753504017128,04:26:57.128,ALGO/USDT:USDT,0.2689,2921.0,0.2687,50394.0,0.2698,2945.0,0.2699,969515.0
1753504017329,04:26:57.329,ALGO/USDT:USDT,0.2689,2921.0,0.2687,50394.0,0.2698,846374.0,0.2699,969515.0
1753504017527,04:26:57.527,ALGO/USDT:USDT,0.2689,2921.0,0.2687,50394.0,0.2698,653789.0,0.2699,969515.0
1753504017729,04:26:57.729,ALGO/USDT:USDT,0.2689,2921.0,0.2687,50394.0,0.2698,2945.0,0.2699,969515.0
1753504017926,04:26:57.926,ALGO/USDT:USDT,0.2689,2921.0,0.2687,50394.0,0.2698,2945.0,0.2699,969515.0
1753504018127,04:26:58.127,ALGO/USDT:USDT,0.2689,2921.0,0.2687,50394.0,0.2698,2945.0,0.2699,969515.0
1753504019728,04:26:59.728,ALGO/USDT:USDT,0.2689,2921.0,0.2687,53650.0,0.2698,2945.0,0.2699,969515.0
1753504020126,04:27:00.126,ALGO/USDT:USDT,0.2689,2921.0,0.2687,53650.0,0.2698,2945.0,0.2699,969515.0
1753504020327,04:27:00.327,ALGO/USDT:USDT,0.2689,2921.0,0.2687,53650.0,0.2698,2945.0,0.2699,969515.0
1753504020529,04:27:00.529,ALGO/USDT:USDT,0.2689,2921.0,0.2687,50394.0,0.2698,2945.0,0.2699,969515.0
1753504020940,04:27:00.940,ALGO/USDT:USDT,0.2689,2921.0,0.2687,50394.0,0.2698,2945.0,0.2699,969515.0
1753504021329,04:27:01.329,ALGO/USDT:USDT,0.2689,2921.0,0.2687,50394.0,0.2698,2945.0,0.2699,969515.0
1753504021529,04:27:01.529,ALGO/USDT:USDT,0.2689,2921.0,0.2687,50394.0,0.2698,2945.0,0.2699,969515.0
1753504021725,04:27:01.725,ALGO/USDT:USDT,0.2689,2921.0,0.2687,50394.0,0.2698,2945.0,0.2699,969515.0
1753504021926,04:27:01.926,ALGO/USDT:USDT,0.2689,2921.0,0.2687,50394.0,0.2698,2945.0,0.2699,969515.0
1753504022327,04:27:02.327,ALGO/USDT:USDT,0.2689,2921.0,0.2687,50394.0,0.2698,2945.0,0.2699,969515.0
1753504022528,04:27:02.528,ALGO/USDT:USDT,0.2689,2921.0,0.2687,50394.0,0.2698,2945.0,0.2699,969515.0
1753504022729,04:27:02.729,ALGO/USDT:USDT,0.2689,2921.0,0.2687,50394.0,0.2698,2945.0,0.2699,969515.0
1753504022929,04:27:02.929,ALGO/USDT:USDT,0.2689,2921.0,0.2687,561328.0,0.2699,50394.0,0.27,900482.0
1753504023129,04:27:03.129,ALGO/USDT:USDT,0.2689,2921.0,0.2688,428084.0,0.2699,50394.0,0.27,128326.0
1753504024337,04:27:04.337,ALGO/USDT:USDT,0.2689,131235.0,0.2688,428084.0,0.27,131269.0,0.2701,917327.0
1753504024926,04:27:04.926,ALGO/USDT:USDT,0.2689,131235.0,0.2688,428084.0,0.27,131269.0,0.2701,917327.0
1753504026728,04:27:06.728,ALGO/USDT:USDT,0.2689,131235.0,0.2688,428084.0,0.27,131269.0,0.2701,917327.0
1753504026928,04:27:06.928,ALGO/USDT:USDT,0.2689,131235.0,0.2688,428084.0,0.27,131269.0,0.2701,917327.0
1753504028126,04:27:08.126,ALGO/USDT:USDT,0.2689,131235.0,0.2688,428084.0,0.27,131269.0,0.2701,917327.0
1753504028534,04:27:08.534,ALGO/USDT:USDT,0.269,50394.0,0.2689,131235.0,0.27,131269.0,0.2701,917327.0
1753504029327,04:27:09.327,ALGO/USDT:USDT,0.269,50394.0,0.2689,128314.0,0.27,2943.0,0.2701,917327.0
1753504030529,04:27:10.529,ALGO/USDT:USDT,0.269,50394.0,0.2689,128314.0,0.27,2943.0,0.2701,917327.0
1753504032527,04:27:12.527,ALGO/USDT:USDT,0.269,50394.0,0.2689,128314.0,0.27,2943.0,0.2701,917327.0
1753504033127,04:27:13.127,ALGO/USDT:USDT,0.269,50394.0,0.2689,128314.0,0.27,2943.0,0.2701,917327.0
1753504033528,04:27:13.528,ALGO/USDT:USDT,0.269,50394.0,0.2689,128314.0,0.27,2943.0,0.2701,917327.0
1753504034538,04:27:14.538,ALGO/USDT:USDT,0.269,50394.0,0.2689,128314.0,0.27,2943.0,0.2701,917327.0
1753504034929,04:27:14.929,ALGO/USDT:USDT,0.269,50394.0,0.2689,128314.0,0.27,2943.0,0.2701,917327.0
1753504035927,04:27:15.927,ALGO/USDT:USDT,0.269,50394.0,0.2689,128314.0,0.27,2943.0,0.2701,917327.0
1753504036726,04:27:16.726,ALGO/USDT:USDT,0.269,50394.0,0.2689,128314.0,0.27,2943.0,0.2701,917327.0
1753504036936,04:27:16.936,ALGO/USDT:USDT,0.269,50394.0,0.2689,128314.0,0.27,2943.0,0.2701,917327.0
1753504037326,04:27:17.326,ALGO/USDT:USDT,0.269,50394.0,0.2689,128314.0,0.27,2943.0,0.2701,917327.0
1753504037527,04:27:17.527,ALGO/USDT:USDT,0.269,50394.0,0.2689,128314.0,0.27,2943.0,0.2701,917327.0
1753504037728,04:27:17.728,ALGO/USDT:USDT,0.269,50394.0,0.2689,128314.0,0.27,2943.0,0.2701,917327.0
1753504038129,04:27:18.129,ALGO/USDT:USDT,0.269,50394.0,0.2689,128314.0,0.27,2943.0,0.2701,917327.0
1753504039127,04:27:19.127,ALGO/USDT:USDT,0.269,50394.0,0.2689,128314.0,0.27,2943.0,0.2701,917327.0
1753504039331,04:27:19.331,ALGO/USDT:USDT,0.269,50394.0,0.2689,128314.0,0.27,2943.0,0.2701,917327.0
1753504039527,04:27:19.527,ALGO/USDT:USDT,0.269,50394.0,0.2689,128314.0,0.27,2943.0,0.2701,917327.0
1753504039730,04:27:19.730,ALGO/USDT:USDT,0.269,50394.0,0.2689,128314.0,0.27,2943.0,0.2701,917327.0
1753504040126,04:27:20.126,ALGO/USDT:USDT,0.269,50394.0,0.2689,128314.0,0.27,2943.0,0.2701,917327.0
1753504040525,04:27:20.525,ALGO/USDT:USDT,0.269,50394.0,0.2689,128314.0,0.27,2943.0,0.2701,917327.0
1753504041530,04:27:21.530,ALGO/USDT:USDT,0.269,50394.0,0.2689,128314.0,0.27,2943.0,0.2701,917327.0
1753504041928,04:27:21.928,ALGO/USDT:USDT,0.269,50394.0,0.2689,128314.0,0.27,2943.0,0.2701,917327.0
1753504042125,04:27:22.125,ALGO/USDT:USDT,0.269,50394.0,0.2689,128314.0,0.27,2943.0,0.2701,917327.0
1753504042332,04:27:22.332,ALGO/USDT:USDT,0.269,50394.0,0.2689,128314.0,0.27,2943.0,0.2701,917327.0
1753504042926,04:27:22.926,ALGO/USDT:USDT,0.269,50394.0,0.2689,128314.0,0.27,2943.0,0.2701,917327.0
1753504044333,04:27:24.333,ALGO/USDT:USDT,0.269,50394.0,0.2689,128314.0,0.27,2943.0,0.2701,917327.0
1753504046325,04:27:26.325,ALGO/USDT:USDT,0.269,50394.0,0.2689,128314.0,0.27,2943.0,0.2701,917327.0
1753504046728,04:27:26.728,ALGO/USDT:USDT,0.269,50394.0,0.2689,128314.0,0.27,2943.0,0.2701,917327.0
1753504047127,04:27:27.127,ALGO/USDT:USDT,0.269,50394.0,0.2689,128314.0,0.27,2943.0,0.2701,917327.0
1753504047325,04:27:27.325,ALGO/USDT:USDT,0.269,50394.0,0.2689,128314.0,0.27,2943.0,0.2701,917327.0
1753504047527,04:27:27.527,ALGO/USDT:USDT,0.269,50394.0,0.2689,128314.0,0.27,2943.0,0.2701,917327.0
1753504047728,04:27:27.728,ALGO/USDT:USDT,0.269,50394.0,0.2689,128314.0,0.27,2943.0,0.2701,917327.0
1753504048126,04:27:28.126,ALGO/USDT:USDT,0.269,50394.0,0.2689,128314.0,0.27,2943.0,0.2701,917327.0
1753504048527,04:27:28.527,ALGO/USDT:USDT,0.269,50394.0,0.2689,128314.0,0.27,2943.0,0.2701,917327.0
1753504048725,04:27:28.725,ALGO/USDT:USDT,0.269,50394.0,0.2689,128314.0,0.27,2943.0,0.2701,917327.0
1753504048925,04:27:28.925,ALGO/USDT:USDT,0.269,50394.0,0.2689,128314.0,0.27,2943.0,0.2701,917327.0
1753504049127,04:27:29.127,ALGO/USDT:USDT,0.269,50394.0,0.2689,128314.0,0.27,2943.0,0.2701,917327.0
1753504049329,04:27:29.329,ALGO/USDT:USDT,0.269,50394.0,0.2689,128314.0,0.27,2943.0,0.2701,917327.0
1753504049528,04:27:29.528,ALGO/USDT:USDT,0.269,50394.0,0.2689,128314.0,0.27,2943.0,0.2701,917327.0
1753504049730,04:27:29.730,ALGO/USDT:USDT,0.269,50394.0,0.2689,128314.0,0.27,2943.0,0.2701,917327.0
1753504050125,04:27:30.125,ALGO/USDT:USDT,0.269,50394.0,0.2689,128314.0,0.27,2943.0,0.2701,917327.0
1753504050728,04:27:30.728,ALGO/USDT:USDT,0.269,50394.0,0.2689,128314.0,0.27,2943.0,0.2701,917327.0
1753504050925,04:27:30.925,ALGO/USDT:USDT,0.269,50394.0,0.2689,128314.0,0.27,2943.0,0.2701,917327.0
1753504052528,04:27:32.528,ALGO/USDT:USDT,0.269,50394.0,0.2689,128314.0,0.27,2943.0,0.2701,917327.0
1753504052729,04:27:32.729,ALGO/USDT:USDT,0.269,50394.0,0.2689,128314.0,0.27,2943.0,0.2701,917327.0
1753504053136,04:27:33.136,ALGO/USDT:USDT,0.269,50394.0,0.2689,128314.0,0.27,2943.0,0.2701,917327.0
1753504054725,04:27:34.725,ALGO/USDT:USDT,0.269,50394.0,0.2689,128314.0,0.27,2943.0,0.2701,917327.0
1753504055328,04:27:35.328,ALGO/USDT:USDT,0.269,50394.0,0.2689,128314.0,0.27,2943.0,0.2701,917327.0
1753504055532,04:27:35.532,ALGO/USDT:USDT,0.269,50394.0,0.2689,128314.0,0.27,2943.0,0.2701,917327.0
1753504056327,04:27:36.327,ALGO/USDT:USDT,0.269,50394.0,0.2689,128314.0,0.27,2943.0,0.2701,917327.0
1753504056526,04:27:36.526,ALGO/USDT:USDT,0.269,50394.0,0.2689,128314.0,0.27,2943.0,0.2701,917327.0
1753504056725,04:27:36.725,ALGO/USDT:USDT,0.269,50394.0,0.2689,128314.0,0.27,2943.0,0.2701,917327.0
1753504057128,04:27:37.128,ALGO/USDT:USDT,0.269,50394.0,0.2689,128314.0,0.27,2943.0,0.2701,917327.0
1753504057325,04:27:37.325,ALGO/USDT:USDT,0.269,50394.0,0.2689,128314.0,0.27,2943.0,0.2701,917327.0
1753504057529,04:27:37.529,ALGO/USDT:USDT,0.269,50394.0,0.2689,128314.0,0.27,2943.0,0.2701,917327.0
1753504057727,04:27:37.727,ALGO/USDT:USDT,0.269,50394.0,0.2689,128314.0,0.27,2943.0,0.2701,917327.0
1753504058528,04:27:38.528,ALGO/USDT:USDT,0.269,50394.0,0.2689,128314.0,0.2701,917327.0,0.2702,178680.0
1753504058926,04:27:38.926,ALGO/USDT:USDT,0.2691,2920.0,0.269,178600.0,0.2701,920268.0,0.2702,178680.0
1753504059730,04:27:39.730,ALGO/USDT:USDT,0.2689,2921.0,0.2686,822582.0,0.2698,53339.0,0.2699,791829.0
1753504060727,04:27:40.727,ALGO/USDT:USDT,0.2689,2921.0,0.2686,822582.0,0.2698,53339.0,0.2699,791829.0
1753504061128,04:27:41.128,ALGO/USDT:USDT,0.2689,2921.0,0.2686,822582.0,0.2698,53339.0,0.2699,791829.0
1753504061325,04:27:41.325,ALGO/USDT:USDT,0.2689,2921.0,0.2686,822582.0,0.2698,53339.0,0.2699,791829.0
1753504061526,04:27:41.526,ALGO/USDT:USDT,0.2689,2921.0,0.2686,822582.0,0.2698,53339.0,0.2699,791829.0
1753504061727,04:27:41.727,ALGO/USDT:USDT,0.2689,2921.0,0.2686,822582.0,0.2698,53339.0,0.2699,791829.0
1753504061928,04:27:41.928,ALGO/USDT:USDT,0.2689,2921.0,0.2686,822582.0,0.2698,53339.0,0.2699,791829.0
1753504062528,04:27:42.528,ALGO/USDT:USDT,0.2689,2921.0,0.2686,822582.0,0.2698,53339.0,0.2699,791829.0
1753504063526,04:27:43.526,ALGO/USDT:USDT,0.2689,2921.0,0.2686,822582.0,0.2698,53339.0,0.2699,791829.0
1753504064130,04:27:44.130,ALGO/USDT:USDT,0.2689,2921.0,0.2686,822582.0,0.2698,53339.0,0.2699,791829.0
1753504064525,04:27:44.525,ALGO/USDT:USDT,0.2689,2921.0,0.2686,822582.0,0.2698,53339.0,0.2699,791829.0
1753504064730,04:27:44.730,ALGO/USDT:USDT,0.2689,2921.0,0.2686,822582.0,0.2698,53339.0,0.2699,791829.0
1753504064930,04:27:44.930,ALGO/USDT:USDT,0.2689,2921.0,0.2686,822582.0,0.2698,53339.0,0.2699,791829.0
1753504065329,04:27:45.329,ALGO/USDT:USDT,0.2689,2921.0,0.2686,822582.0,0.2698,53339.0,0.2699,791829.0
1753504065931,04:27:45.931,ALGO/USDT:USDT,0.2689,2921.0,0.2686,822582.0,0.2698,53339.0,0.2699,791829.0
1753504066725,04:27:46.725,ALGO/USDT:USDT,0.2689,2921.0,0.2686,822582.0,0.2698,53339.0,0.2699,791829.0
1753504067329,04:27:47.329,ALGO/USDT:USDT,0.2689,2921.0,0.2686,822582.0,0.2698,53339.0,0.2699,791829.0
1753504067528,04:27:47.528,ALGO/USDT:USDT,0.2689,2921.0,0.2686,822582.0,0.2698,53339.0,0.2699,791829.0
1753504067725,04:27:47.725,ALGO/USDT:USDT,0.2689,2921.0,0.2686,822582.0,0.2698,53339.0,0.2699,791829.0
1753504067925,04:27:47.925,ALGO/USDT:USDT,0.2689,2921.0,0.2686,822582.0,0.2698,53339.0,0.2699,791829.0
1753504068126,04:27:48.126,ALGO/USDT:USDT,0.2689,2921.0,0.2686,822582.0,0.2698,53339.0,0.2699,791829.0
1753504068733,04:27:48.733,ALGO/USDT:USDT,0.2689,2921.0,0.2687,128257.0,0.2698,53339.0,0.2699,791829.0
1753504068926,04:27:48.926,ALGO/USDT:USDT,0.2689,2921.0,0.2687,128257.0,0.2698,53339.0,0.2699,791829.0
1753504070127,04:27:50.127,ALGO/USDT:USDT,0.2689,2921.0,0.2687,128257.0,0.2698,848322.0,0.2699,791829.0
1753504070330,04:27:50.330,ALGO/USDT:USDT,0.2689,2921.0,0.2687,128257.0,0.2698,848322.0,0.27,128233.0
1753504070526,04:27:50.526,ALGO/USDT:USDT,0.2689,2921.0,0.2687,128257.0,0.2698,848322.0,0.27,128233.0
1753504070927,04:27:50.927,ALGO/USDT:USDT,0.2689,2921.0,0.2687,128257.0,0.2698,848322.0,0.2699,706324.0
1753504071327,04:27:51.327,ALGO/USDT:USDT,0.2689,2921.0,0.2687,128257.0,0.2698,848322.0,0.27,128233.0
1753504071725,04:27:51.725,ALGO/USDT:USDT,0.2689,2921.0,0.2687,128257.0,0.2698,53339.0,0.2699,855649.0
1753504071926,04:27:51.926,ALGO/USDT:USDT,0.2689,2921.0,0.2687,128257.0,0.2698,507706.0,0.2699,855649.0
1753504072128,04:27:52.128,ALGO/USDT:USDT,0.2689,2921.0,0.2687,128257.0,0.2698,53339.0,0.2699,855649.0
1753504072328,04:27:52.328,ALGO/USDT:USDT,0.2689,2921.0,0.2687,128257.0,0.2698,53339.0,0.2699,855649.0
1753504072734,04:27:52.734,ALGO/USDT:USDT,0.2689,2921.0,0.2687,128257.0,0.2698,53339.0,0.2699,855649.0
1753504073130,04:27:53.130,ALGO/USDT:USDT,0.2689,2921.0,0.2686,822668.0,0.2698,53339.0,0.2699,855649.0
1753504073526,04:27:53.526,ALGO/USDT:USDT,0.2689,2921.0,0.2686,822668.0,0.2698,53339.0,0.2699,855649.0
1753504073728,04:27:53.728,ALGO/USDT:USDT,0.2689,2921.0,0.2686,822668.0,0.2698,53339.0,0.2699,855649.0
1753504075127,04:27:55.127,ALGO/USDT:USDT,0.2689,2921.0,0.2686,822668.0,0.2698,53339.0,0.2699,855649.0
1753504075930,04:27:55.930,ALGO/USDT:USDT,0.2689,2921.0,0.2686,822668.0,0.2698,53339.0,0.2699,855649.0
1753504076926,04:27:56.926,ALGO/USDT:USDT,0.2687,2923.0,0.2686,128292.0,0.2696,706752.0,0.2698,376614.0
1753504077127,04:27:57.127,ALGO/USDT:USDT,0.2687,2923.0,0.2686,128292.0,0.2696,706752.0,0.2698,376614.0
1753504077527,04:27:57.527,ALGO/USDT:USDT,0.2687,2923.0,0.2686,128292.0,0.2696,706752.0,0.2698,376614.0
1753504078129,04:27:58.129,ALGO/USDT:USDT,0.2687,2923.0,0.2686,128292.0,0.2696,706752.0,0.2697,128328.0
1753504078526,04:27:58.526,ALGO/USDT:USDT,0.2687,2923.0,0.2686,128292.0,0.2696,706752.0,0.2697,128328.0
1753504078726,04:27:58.726,ALGO/USDT:USDT,0.2687,2923.0,0.2686,128292.0,0.2696,706752.0,0.2697,128328.0
1753504078927,04:27:58.927,ALGO/USDT:USDT,0.2687,2923.0,0.2686,128292.0,0.2696,706752.0,0.2697,128328.0
1753504079125,04:27:59.125,ALGO/USDT:USDT,0.2687,2923.0,0.2686,128292.0,0.2696,706752.0,0.2697,128328.0
1753504079528,04:27:59.528,ALGO/USDT:USDT,0.2687,2923.0,0.2686,128292.0,0.2695,2948.0,0.2696,706752.0
1753504080127,04:28:00.127,ALGO/USDT:USDT,0.2687,2923.0,0.2686,128292.0,0.2696,709698.0,0.2697,128328.0
1753504080930,04:28:00.930,ALGO/USDT:USDT,0.2687,2923.0,0.2686,128292.0,0.2696,709698.0,0.2697,128328.0
1753504081125,04:28:01.125,ALGO/USDT:USDT,0.2687,2923.0,0.2686,128292.0,0.2696,709698.0,0.2697,128328.0
1753504081326,04:28:01.326,ALGO/USDT:USDT,0.2687,2923.0,0.2686,128292.0,0.2696,709698.0,0.2697,128328.0
