timestamp,time,symbol,bid1_price,bid1_volume,bid2_price,bid2_volume,ask1_price,ask1_volume,ask2_price,ask2_volume
1753504007551,04:26:47.551,ALGO/USDT:USDT,0.26916,1536.0,0.26915,1000.0,0.26929,1516.0,0.2693,1000.0
1753504008013,04:26:48.013,ALGO/USDT:USDT,0.26916,1536.0,0.26915,1000.0,0.26929,1516.0,0.2693,1000.0
1753504008047,04:26:48.047,ALGO/USDT:USDT,0.26916,1536.0,0.26915,1000.0,0.26929,1516.0,0.2693,1000.0
1753504008049,04:26:48.049,ALGO/USDT:USDT,0.26916,1536.0,0.26915,1000.0,0.26929,1516.0,0.2693,1000.0
1753504008090,04:26:48.090,ALGO/USDT:USDT,0.26916,1536.0,0.26915,1000.0,0.26929,1516.0,0.2693,1000.0
1753504008090,04:26:48.090,ALGO/USDT:USDT,0.26916,1536.0,0.26915,1000.0,0.26929,1516.0,0.2693,1000.0
1753504008242,04:26:48.242,ALGO/USDT:USDT,0.26916,1536.0,0.26915,1000.0,0.26929,1516.0,0.2693,1000.0
1753504008255,04:26:48.255,ALGO/USDT:USDT,0.26916,1536.0,0.26915,1000.0,0.26929,1516.0,0.2693,1000.0
1753504008311,04:26:48.311,ALGO/USDT:USDT,0.26916,1536.0,0.26915,1000.0,0.26929,1516.0,0.2693,1000.0
1753504008342,04:26:48.342,ALGO/USDT:USDT,0.26916,1536.0,0.26915,1000.0,0.26929,1516.0,0.26934,3226.0
1753504008353,04:26:48.353,ALGO/USDT:USDT,0.26916,1536.0,0.26915,1000.0,0.26929,1516.0,0.26934,3226.0
1753504008406,04:26:48.406,ALGO/USDT:USDT,0.26916,1536.0,0.26915,1000.0,0.26929,1516.0,0.26934,3226.0
1753504008415,04:26:48.415,ALGO/USDT:USDT,0.26916,1536.0,0.26915,1000.0,0.26929,1516.0,0.26934,3226.0
1753504008420,04:26:48.420,ALGO/USDT:USDT,0.26916,1536.0,0.26915,1000.0,0.26929,1516.0,0.26934,3226.0
1753504008467,04:26:48.467,ALGO/USDT:USDT,0.26916,1536.0,0.26915,1000.0,0.26929,1516.0,0.26934,3226.0
1753504008469,04:26:48.469,ALGO/USDT:USDT,0.26916,1536.0,0.26915,1000.0,0.26929,1516.0,0.26934,3226.0
1753504008469,04:26:48.469,ALGO/USDT:USDT,0.26916,1536.0,0.26915,1000.0,0.26929,1516.0,0.26934,3226.0
1753504008471,04:26:48.471,ALGO/USDT:USDT,0.26916,1536.0,0.26914,2462.0,0.26929,1516.0,0.26934,3226.0
1753504008473,04:26:48.473,ALGO/USDT:USDT,0.26916,1536.0,0.26914,1536.0,0.26929,1516.0,0.26934,3226.0
1753504008474,04:26:48.474,ALGO/USDT:USDT,0.26916,1536.0,0.26914,1536.0,0.26929,1516.0,0.26934,3226.0
1753504008475,04:26:48.475,ALGO/USDT:USDT,0.26916,1536.0,0.26914,1536.0,0.26929,1516.0,0.26934,3226.0
1753504008477,04:26:48.477,ALGO/USDT:USDT,0.26914,1536.0,0.26913,2088.0,0.26929,1516.0,0.26934,3226.0
1753504008479,04:26:48.479,ALGO/USDT:USDT,0.26914,1536.0,0.26912,1536.0,0.26929,1516.0,0.26934,3226.0
1753504008482,04:26:48.482,ALGO/USDT:USDT,0.26914,1536.0,0.26912,1536.0,0.26929,1516.0,0.26934,3226.0
1753504008484,04:26:48.484,ALGO/USDT:USDT,0.26912,1536.0,0.26911,3175.0,0.26929,1516.0,0.26934,3226.0
1753504008488,04:26:48.488,ALGO/USDT:USDT,0.26912,1536.0,0.26911,1087.0,0.26929,1516.0,0.26934,3226.0
1753504008489,04:26:48.489,ALGO/USDT:USDT,0.26912,1536.0,0.26911,1087.0,0.26929,1516.0,0.26934,3226.0
1753504008491,04:26:48.491,ALGO/USDT:USDT,0.26912,1536.0,0.2691,1536.0,0.26929,1516.0,0.26934,3226.0
1753504008498,04:26:48.498,ALGO/USDT:USDT,0.2691,1536.0,0.26909,1090.0,0.26929,1516.0,0.26934,3226.0
1753504008502,04:26:48.502,ALGO/USDT:USDT,0.2691,1536.0,0.26909,1090.0,0.26929,1516.0,0.26934,3226.0
1753504008505,04:26:48.505,ALGO/USDT:USDT,0.2691,1536.0,0.26908,1545.0,0.26929,1516.0,0.26934,3226.0
1753504008505,04:26:48.505,ALGO/USDT:USDT,0.2691,1536.0,0.26908,1545.0,0.26929,1516.0,0.26934,3226.0
1753504008506,04:26:48.506,ALGO/USDT:USDT,0.2691,1536.0,0.26908,1545.0,0.26929,1516.0,0.26934,3226.0
1753504008508,04:26:48.508,ALGO/USDT:USDT,0.2691,1536.0,0.26908,1545.0,0.26929,1516.0,0.26934,3226.0
1753504008509,04:26:48.509,ALGO/USDT:USDT,0.2691,1536.0,0.26908,1545.0,0.26929,1516.0,0.26934,3226.0
1753504008509,04:26:48.509,ALGO/USDT:USDT,0.2691,1536.0,0.26908,1545.0,0.26929,1516.0,0.26934,3226.0
1753504008510,04:26:48.510,ALGO/USDT:USDT,0.26908,1545.0,0.26907,1117.0,0.26929,1516.0,0.26934,3226.0
1753504008514,04:26:48.514,ALGO/USDT:USDT,0.26908,1545.0,0.26907,1117.0,0.26929,1516.0,0.26934,3226.0
1753504008518,04:26:48.518,ALGO/USDT:USDT,0.26908,1545.0,0.26907,27.0,0.26929,1516.0,0.26934,3226.0
1753504008536,04:26:48.536,ALGO/USDT:USDT,0.26908,1545.0,0.26907,27.0,0.26929,1516.0,0.26934,3226.0
1753504008536,04:26:48.536,ALGO/USDT:USDT,0.26908,1545.0,0.26907,27.0,0.26929,1516.0,0.26934,3226.0
1753504008536,04:26:48.536,ALGO/USDT:USDT,0.26908,1545.0,0.26907,27.0,0.26929,1516.0,0.26934,3226.0
1753504008536,04:26:48.536,ALGO/USDT:USDT,0.26908,1545.0,0.26907,27.0,0.26929,1516.0,0.26934,3226.0
1753504008537,04:26:48.537,ALGO/USDT:USDT,0.26908,1545.0,0.26906,6925.0,0.26929,1516.0,0.26934,3226.0
1753504008537,04:26:48.537,ALGO/USDT:USDT,0.26908,1545.0,0.26906,6925.0,0.26929,1516.0,0.26934,3226.0
1753504008537,04:26:48.537,ALGO/USDT:USDT,0.26908,1545.0,0.26906,6925.0,0.26929,1516.0,0.26934,3226.0
1753504008548,04:26:48.548,ALGO/USDT:USDT,0.26908,1545.0,0.26906,6925.0,0.26929,1516.0,0.26934,3226.0
1753504008548,04:26:48.548,ALGO/USDT:USDT,0.26908,1545.0,0.26906,6925.0,0.26929,1516.0,0.26934,3226.0
1753504008548,04:26:48.548,ALGO/USDT:USDT,0.26908,1545.0,0.26906,6925.0,0.26929,1516.0,0.26934,3226.0
1753504008548,04:26:48.548,ALGO/USDT:USDT,0.26908,1545.0,0.26906,6925.0,0.26929,1516.0,0.26934,3226.0
1753504008548,04:26:48.548,ALGO/USDT:USDT,0.26908,1545.0,0.26906,6925.0,0.26929,1516.0,0.26934,3226.0
1753504008548,04:26:48.548,ALGO/USDT:USDT,0.26908,1545.0,0.26906,6925.0,0.26929,1516.0,0.26934,3226.0
1753504008553,04:26:48.553,ALGO/USDT:USDT,0.26908,1545.0,0.26906,6925.0,0.26929,1516.0,0.26934,3226.0
1753504008559,04:26:48.559,ALGO/USDT:USDT,0.26908,1545.0,0.26906,6925.0,0.26929,1516.0,0.26934,3226.0
1753504008569,04:26:48.569,ALGO/USDT:USDT,0.26908,1545.0,0.26906,6925.0,0.26929,1516.0,0.26934,3226.0
1753504008571,04:26:48.571,ALGO/USDT:USDT,0.26908,1545.0,0.26906,6925.0,0.26929,1516.0,0.26934,3226.0
1753504008571,04:26:48.571,ALGO/USDT:USDT,0.26908,1545.0,0.26906,6925.0,0.26929,1516.0,0.26934,3226.0
1753504008572,04:26:48.572,ALGO/USDT:USDT,0.26908,1545.0,0.26906,6925.0,0.26929,1516.0,0.26934,3226.0
1753504008575,04:26:48.575,ALGO/USDT:USDT,0.26908,1545.0,0.26906,6925.0,0.26929,1516.0,0.26934,3226.0
1753504008575,04:26:48.575,ALGO/USDT:USDT,0.26908,1545.0,0.26906,6925.0,0.26929,1516.0,0.26934,3226.0
1753504008576,04:26:48.576,ALGO/USDT:USDT,0.26908,1545.0,0.26906,6925.0,0.26929,1516.0,0.26934,3226.0
1753504008577,04:26:48.577,ALGO/USDT:USDT,0.26908,1545.0,0.26906,6925.0,0.26929,1516.0,0.26934,3226.0
1753504008577,04:26:48.577,ALGO/USDT:USDT,0.26908,1545.0,0.26906,6925.0,0.26929,1516.0,0.26934,3226.0
1753504008577,04:26:48.577,ALGO/USDT:USDT,0.26908,1545.0,0.26906,6925.0,0.26929,1516.0,0.26934,3226.0
1753504008578,04:26:48.578,ALGO/USDT:USDT,0.26908,1545.0,0.26906,6925.0,0.26929,1516.0,0.26934,3226.0
1753504008585,04:26:48.585,ALGO/USDT:USDT,0.26908,1545.0,0.26906,6925.0,0.26929,1516.0,0.26934,3226.0
1753504008585,04:26:48.585,ALGO/USDT:USDT,0.26908,1545.0,0.26906,6925.0,0.26929,1516.0,0.26934,3226.0
1753504008586,04:26:48.586,ALGO/USDT:USDT,0.26908,1545.0,0.26906,6925.0,0.26929,1516.0,0.26934,3226.0
1753504008586,04:26:48.586,ALGO/USDT:USDT,0.26908,1545.0,0.26906,6925.0,0.26929,1516.0,0.26934,3226.0
1753504008589,04:26:48.589,ALGO/USDT:USDT,0.26908,1545.0,0.26906,6925.0,0.26929,1516.0,0.26934,3226.0
1753504008589,04:26:48.589,ALGO/USDT:USDT,0.26908,1545.0,0.26906,6925.0,0.26929,1516.0,0.26934,3226.0
1753504008589,04:26:48.589,ALGO/USDT:USDT,0.26908,1545.0,0.26906,6925.0,0.26929,1516.0,0.26934,3226.0
1753504008591,04:26:48.591,ALGO/USDT:USDT,0.26908,1545.0,0.26906,6925.0,0.26929,1516.0,0.26934,3226.0
1753504008592,04:26:48.592,ALGO/USDT:USDT,0.26908,1545.0,0.26906,6925.0,0.26929,1516.0,0.26934,3226.0
1753504008594,04:26:48.594,ALGO/USDT:USDT,0.26908,1545.0,0.26906,6925.0,0.26929,1516.0,0.26934,3226.0
1753504008596,04:26:48.596,ALGO/USDT:USDT,0.26908,1545.0,0.26906,6925.0,0.26929,1516.0,0.26934,3226.0
1753504008598,04:26:48.598,ALGO/USDT:USDT,0.26908,1545.0,0.26906,6925.0,0.26929,1516.0,0.26934,3226.0
1753504008599,04:26:48.599,ALGO/USDT:USDT,0.26908,1545.0,0.26906,6925.0,0.26929,1516.0,0.26934,3226.0
1753504008601,04:26:48.601,ALGO/USDT:USDT,0.26908,1545.0,0.26906,6925.0,0.26929,1516.0,0.26934,3226.0
1753504008644,04:26:48.644,ALGO/USDT:USDT,0.26908,1545.0,0.26906,6925.0,0.26929,1516.0,0.26934,3226.0
1753504008677,04:26:48.677,ALGO/USDT:USDT,0.26908,1545.0,0.26906,6925.0,0.26929,1516.0,0.26934,3226.0
1753504008683,04:26:48.683,ALGO/USDT:USDT,0.26908,1545.0,0.26906,6925.0,0.26929,1516.0,0.26934,3226.0
1753504008687,04:26:48.687,ALGO/USDT:USDT,0.26908,1545.0,0.26906,6925.0,0.26929,1516.0,0.26934,3226.0
1753504008695,04:26:48.695,ALGO/USDT:USDT,0.26908,1545.0,0.26906,6925.0,0.26929,1516.0,0.26934,3226.0
1753504008776,04:26:48.776,ALGO/USDT:USDT,0.26908,1545.0,0.26906,6925.0,0.26929,1516.0,0.26934,3226.0
1753504008809,04:26:48.809,ALGO/USDT:USDT,0.26908,1545.0,0.26906,6925.0,0.26929,1516.0,0.26934,3226.0
1753504008998,04:26:48.998,ALGO/USDT:USDT,0.26908,1545.0,0.26906,6925.0,0.26928,418.0,0.26929,1516.0
1753504009001,04:26:49.001,ALGO/USDT:USDT,0.26908,1545.0,0.26906,6925.0,0.26927,1516.0,0.26928,418.0
1753504009002,04:26:49.002,ALGO/USDT:USDT,0.26908,1545.0,0.26906,6925.0,0.26927,1516.0,0.26928,1418.0
1753504009007,04:26:49.007,ALGO/USDT:USDT,0.26908,1545.0,0.26906,6925.0,0.26927,1516.0,0.26928,1418.0
1753504009019,04:26:49.019,ALGO/USDT:USDT,0.26908,1545.0,0.26906,6925.0,0.26927,1516.0,0.26928,1418.0
1753504009021,04:26:49.021,ALGO/USDT:USDT,0.26908,1545.0,0.26906,6925.0,0.26927,1516.0,0.26928,1418.0
1753504009044,04:26:49.044,ALGO/USDT:USDT,0.26908,1545.0,0.26906,6925.0,0.26927,1516.0,0.26928,1000.0
1753504009060,04:26:49.060,ALGO/USDT:USDT,0.26908,1545.0,0.26906,6925.0,0.26927,1516.0,0.26928,1000.0
1753504009074,04:26:49.074,ALGO/USDT:USDT,0.26908,1545.0,0.26906,6925.0,0.26927,1516.0,0.26928,1000.0
1753504009076,04:26:49.076,ALGO/USDT:USDT,0.26908,1545.0,0.26906,6925.0,0.26927,1516.0,0.26928,1000.0
1753504009078,04:26:49.078,ALGO/USDT:USDT,0.26908,1545.0,0.26906,6925.0,0.26927,1516.0,0.26928,1000.0
1753504009084,04:26:49.084,ALGO/USDT:USDT,0.26908,1158.0,0.26906,6925.0,0.26927,2516.0,0.26928,1000.0
1753504009111,04:26:49.111,ALGO/USDT:USDT,0.26908,1158.0,0.26906,6925.0,0.26926,1516.0,0.26927,1000.0
1753504009122,04:26:49.122,ALGO/USDT:USDT,0.26908,1158.0,0.26906,6925.0,0.26926,1516.0,0.26927,1000.0
1753504009164,04:26:49.164,ALGO/USDT:USDT,0.26908,1158.0,0.26906,6925.0,0.26926,1516.0,0.26927,1000.0
1753504009275,04:26:49.275,ALGO/USDT:USDT,0.26908,1158.0,0.26906,6925.0,0.26926,1516.0,0.26927,1000.0
1753504009275,04:26:49.275,ALGO/USDT:USDT,0.26908,1158.0,0.26906,6925.0,0.26926,1516.0,0.26927,1000.0
1753504009538,04:26:49.538,ALGO/USDT:USDT,0.26908,1158.0,0.26906,6925.0,0.26926,1516.0,0.26927,1000.0
1753504009911,04:26:49.911,ALGO/USDT:USDT,0.26908,1158.0,0.26906,6925.0,0.26926,1516.0,0.26927,1000.0
1753504010167,04:26:50.167,ALGO/USDT:USDT,0.26908,1158.0,0.26906,6925.0,0.26926,1516.0,0.26927,1000.0
1753504010167,04:26:50.167,ALGO/USDT:USDT,0.26908,1158.0,0.26906,6925.0,0.26926,1516.0,0.26927,1000.0
1753504010167,04:26:50.167,ALGO/USDT:USDT,0.26908,1158.0,0.26906,6925.0,0.26926,1516.0,0.26927,1000.0
1753504010167,04:26:50.167,ALGO/USDT:USDT,0.26908,1158.0,0.26906,6925.0,0.26926,1516.0,0.26927,1000.0
1753504010167,04:26:50.167,ALGO/USDT:USDT,0.26908,1158.0,0.26906,6925.0,0.26926,1516.0,0.26927,1000.0
1753504010189,04:26:50.189,ALGO/USDT:USDT,0.26908,1158.0,0.26906,6925.0,0.26926,1516.0,0.26927,1000.0
1753504010194,04:26:50.194,ALGO/USDT:USDT,0.26908,1158.0,0.26906,6925.0,0.26926,1516.0,0.26927,1000.0
1753504010194,04:26:50.194,ALGO/USDT:USDT,0.26908,1158.0,0.26906,6925.0,0.26926,1516.0,0.26927,1000.0
1753504010198,04:26:50.198,ALGO/USDT:USDT,0.26908,1158.0,0.26906,6925.0,0.26926,1516.0,0.26927,1000.0
1753504010200,04:26:50.200,ALGO/USDT:USDT,0.26908,1158.0,0.26906,6925.0,0.26926,1516.0,0.26927,1000.0
1753504010201,04:26:50.201,ALGO/USDT:USDT,0.26908,1158.0,0.26906,6925.0,0.26926,1516.0,0.26927,1000.0
1753504010203,04:26:50.203,ALGO/USDT:USDT,0.26908,1158.0,0.26906,6925.0,0.26926,1516.0,0.26927,1000.0
1753504010205,04:26:50.205,ALGO/USDT:USDT,0.26908,1158.0,0.26906,6925.0,0.26926,1516.0,0.26927,1000.0
1753504010205,04:26:50.205,ALGO/USDT:USDT,0.26908,1158.0,0.26906,6925.0,0.26926,1516.0,0.26927,1000.0
1753504010207,04:26:50.207,ALGO/USDT:USDT,0.26908,1158.0,0.26906,6925.0,0.26926,1516.0,0.26927,1000.0
1753504010209,04:26:50.209,ALGO/USDT:USDT,0.26908,1158.0,0.26906,6925.0,0.26926,1516.0,0.26927,1000.0
1753504010210,04:26:50.210,ALGO/USDT:USDT,0.26908,1158.0,0.26906,6925.0,0.26926,1516.0,0.26927,1000.0
1753504010211,04:26:50.211,ALGO/USDT:USDT,0.26908,1158.0,0.26906,6925.0,0.26926,1516.0,0.26927,1000.0
1753504010213,04:26:50.213,ALGO/USDT:USDT,0.26908,1158.0,0.26906,6925.0,0.26926,1516.0,0.26927,1000.0
1753504010289,04:26:50.289,ALGO/USDT:USDT,0.26908,1158.0,0.26906,6925.0,0.26926,1516.0,0.26928,1000.0
1753504011009,04:26:51.009,ALGO/USDT:USDT,0.26908,1158.0,0.26906,6925.0,0.26926,1516.0,0.26928,1000.0
1753504011011,04:26:51.011,ALGO/USDT:USDT,0.26908,1158.0,0.26906,6925.0,0.26926,1516.0,0.26928,1000.0
1753504011011,04:26:51.011,ALGO/USDT:USDT,0.26908,1158.0,0.26906,6925.0,0.26926,1516.0,0.26928,1000.0
1753504011013,04:26:51.013,ALGO/USDT:USDT,0.26908,1158.0,0.26906,6925.0,0.26926,1516.0,0.26928,1000.0
1753504011090,04:26:51.090,ALGO/USDT:USDT,0.26908,1158.0,0.26906,6925.0,0.26926,1516.0,0.26928,1000.0
1753504011093,04:26:51.093,ALGO/USDT:USDT,0.26908,1158.0,0.26906,6925.0,0.26926,1516.0,0.26928,1000.0
1753504011412,04:26:51.412,ALGO/USDT:USDT,0.26908,1158.0,0.26906,6925.0,0.26926,1516.0,0.26928,1000.0
1753504011417,04:26:51.417,ALGO/USDT:USDT,0.26908,1158.0,0.26906,6925.0,0.26926,1516.0,0.26928,1000.0
1753504011696,04:26:51.696,ALGO/USDT:USDT,0.26908,1158.0,0.26906,6925.0,0.26926,1516.0,0.26928,1000.0
1753504011699,04:26:51.699,ALGO/USDT:USDT,0.26908,1158.0,0.26906,6925.0,0.26926,1516.0,0.26928,1000.0
1753504011911,04:26:51.911,ALGO/USDT:USDT,0.26908,1158.0,0.26906,6925.0,0.26926,1516.0,0.26928,1000.0
1753504011930,04:26:51.930,ALGO/USDT:USDT,0.26908,1158.0,0.26906,6925.0,0.26926,1516.0,0.26928,1000.0
1753504011932,04:26:51.932,ALGO/USDT:USDT,0.26908,1158.0,0.26906,6925.0,0.26926,1516.0,0.26929,1516.0
1753504011933,04:26:51.933,ALGO/USDT:USDT,0.26908,1158.0,0.26906,6925.0,0.26926,1516.0,0.26929,1516.0
1753504011934,04:26:51.934,ALGO/USDT:USDT,0.26908,1158.0,0.26906,6925.0,0.26926,1516.0,0.26929,1516.0
1753504011939,04:26:51.939,ALGO/USDT:USDT,0.26908,1158.0,0.26906,6925.0,0.26929,1516.0,0.26931,13748.0
1753504011939,04:26:51.939,ALGO/USDT:USDT,0.26908,1158.0,0.26906,6925.0,0.26929,1516.0,0.26931,12610.0
1753504011945,04:26:51.945,ALGO/USDT:USDT,0.26908,1158.0,0.26906,6925.0,0.26929,1516.0,0.26931,12610.0
1753504011948,04:26:51.948,ALGO/USDT:USDT,0.26908,1158.0,0.26906,6925.0,0.26929,1516.0,0.26931,12610.0
1753504011949,04:26:51.949,ALGO/USDT:USDT,0.26908,1158.0,0.26906,6925.0,0.26929,1516.0,0.26931,12610.0
1753504011953,04:26:51.953,ALGO/USDT:USDT,0.26908,1158.0,0.26906,6925.0,0.26929,1516.0,0.26931,12610.0
1753504011964,04:26:51.964,ALGO/USDT:USDT,0.26908,1158.0,0.26906,6925.0,0.26929,1516.0,0.26931,12610.0
1753504011964,04:26:51.964,ALGO/USDT:USDT,0.26908,1158.0,0.26906,6925.0,0.26929,1516.0,0.26931,12610.0
1753504011964,04:26:51.964,ALGO/USDT:USDT,0.26908,1158.0,0.26906,6925.0,0.26929,1516.0,0.26931,12610.0
1753504011964,04:26:51.964,ALGO/USDT:USDT,0.26908,1158.0,0.26906,6925.0,0.26929,1516.0,0.26931,12610.0
1753504011964,04:26:51.964,ALGO/USDT:USDT,0.26908,1158.0,0.26906,6925.0,0.26929,1516.0,0.26931,12610.0
1753504011980,04:26:51.980,ALGO/USDT:USDT,0.26908,1158.0,0.26906,6925.0,0.26929,1516.0,0.26931,12610.0
1753504011996,04:26:51.996,ALGO/USDT:USDT,0.26908,1158.0,0.26906,6925.0,0.26929,1516.0,0.26931,12610.0
1753504011996,04:26:51.996,ALGO/USDT:USDT,0.26908,1158.0,0.26906,6925.0,0.26929,1516.0,0.26931,12610.0
1753504011997,04:26:51.997,ALGO/USDT:USDT,0.26908,1158.0,0.26906,6925.0,0.26929,1516.0,0.26931,12610.0
1753504011997,04:26:51.997,ALGO/USDT:USDT,0.26908,1158.0,0.26906,6925.0,0.26929,1516.0,0.26931,12610.0
1753504012000,04:26:52.000,ALGO/USDT:USDT,0.26908,1158.0,0.26906,6925.0,0.26929,1516.0,0.26931,12610.0
1753504012000,04:26:52.000,ALGO/USDT:USDT,0.26908,1158.0,0.26906,6925.0,0.26929,1516.0,0.26931,12610.0
1753504012002,04:26:52.002,ALGO/USDT:USDT,0.26908,1158.0,0.26906,6925.0,0.26929,1516.0,0.26931,12610.0
1753504012004,04:26:52.004,ALGO/USDT:USDT,0.26908,1158.0,0.26906,6925.0,0.26929,1516.0,0.26931,12610.0
1753504012006,04:26:52.006,ALGO/USDT:USDT,0.26908,1158.0,0.26906,6925.0,0.26929,1516.0,0.26931,12610.0
1753504012006,04:26:52.006,ALGO/USDT:USDT,0.26908,1158.0,0.26906,6925.0,0.26929,1516.0,0.26931,12610.0
1753504012007,04:26:52.007,ALGO/USDT:USDT,0.26908,1158.0,0.26906,6925.0,0.26929,1516.0,0.26931,12610.0
1753504012008,04:26:52.008,ALGO/USDT:USDT,0.26908,1158.0,0.26906,6925.0,0.26929,1516.0,0.26931,12610.0
1753504012010,04:26:52.010,ALGO/USDT:USDT,0.26908,1158.0,0.26906,6925.0,0.26929,1516.0,0.26931,12610.0
1753504012010,04:26:52.010,ALGO/USDT:USDT,0.26908,1158.0,0.26906,6925.0,0.26929,1516.0,0.26931,12610.0
1753504012011,04:26:52.011,ALGO/USDT:USDT,0.26908,1158.0,0.26906,6925.0,0.26929,1516.0,0.26931,12610.0
1753504012011,04:26:52.011,ALGO/USDT:USDT,0.26908,1158.0,0.26906,6925.0,0.26929,1516.0,0.26931,12610.0
1753504012012,04:26:52.012,ALGO/USDT:USDT,0.26908,1158.0,0.26906,6925.0,0.26929,1516.0,0.26931,12610.0
1753504012014,04:26:52.014,ALGO/USDT:USDT,0.26908,1158.0,0.26906,6925.0,0.26929,1516.0,0.26931,12610.0
1753504012019,04:26:52.019,ALGO/USDT:USDT,0.26908,1158.0,0.26906,6925.0,0.26929,1516.0,0.26931,12610.0
1753504012019,04:26:52.019,ALGO/USDT:USDT,0.26908,1158.0,0.26906,6925.0,0.26929,1516.0,0.26931,12610.0
1753504012025,04:26:52.025,ALGO/USDT:USDT,0.26908,1158.0,0.26906,6925.0,0.26929,1516.0,0.26931,12610.0
1753504012040,04:26:52.040,ALGO/USDT:USDT,0.26908,1158.0,0.26906,6925.0,0.26929,1516.0,0.26931,12610.0
1753504012044,04:26:52.044,ALGO/USDT:USDT,0.26908,1158.0,0.26906,6925.0,0.26929,1516.0,0.26931,12610.0
1753504012054,04:26:52.054,ALGO/USDT:USDT,0.26908,1158.0,0.26906,6925.0,0.26929,1516.0,0.26931,12610.0
1753504012067,04:26:52.067,ALGO/USDT:USDT,0.26908,1158.0,0.26906,6925.0,0.26929,1516.0,0.26931,12610.0
1753504012067,04:26:52.067,ALGO/USDT:USDT,0.26908,1158.0,0.26906,6925.0,0.26929,1516.0,0.26931,12610.0
1753504012067,04:26:52.067,ALGO/USDT:USDT,0.26908,1158.0,0.26906,6925.0,0.26929,1516.0,0.26931,12610.0
1753504012068,04:26:52.068,ALGO/USDT:USDT,0.26908,1158.0,0.26906,6925.0,0.26929,1516.0,0.26931,12610.0
1753504012068,04:26:52.068,ALGO/USDT:USDT,0.26908,1158.0,0.26906,6925.0,0.26929,1516.0,0.26931,12610.0
1753504012069,04:26:52.069,ALGO/USDT:USDT,0.26908,1158.0,0.26906,6925.0,0.26929,1516.0,0.26931,12610.0
1753504012070,04:26:52.070,ALGO/USDT:USDT,0.26908,1158.0,0.26906,6925.0,0.26929,1516.0,0.26931,12610.0
1753504012070,04:26:52.070,ALGO/USDT:USDT,0.26908,1158.0,0.26906,6925.0,0.26929,1516.0,0.26931,12610.0
1753504012072,04:26:52.072,ALGO/USDT:USDT,0.26908,1158.0,0.26906,6925.0,0.26929,1516.0,0.26931,12610.0
1753504012072,04:26:52.072,ALGO/USDT:USDT,0.26908,1158.0,0.26906,6925.0,0.26929,1516.0,0.26931,12610.0
1753504012073,04:26:52.073,ALGO/USDT:USDT,0.26908,1158.0,0.26906,6925.0,0.26929,1516.0,0.26931,12610.0
1753504012074,04:26:52.074,ALGO/USDT:USDT,0.26908,1158.0,0.26906,6925.0,0.26929,1516.0,0.26931,12610.0
1753504012074,04:26:52.074,ALGO/USDT:USDT,0.26908,1158.0,0.26906,6925.0,0.26929,1516.0,0.26931,12610.0
1753504012074,04:26:52.074,ALGO/USDT:USDT,0.26908,1158.0,0.26906,6925.0,0.26929,1516.0,0.26931,12610.0
1753504012135,04:26:52.135,ALGO/USDT:USDT,0.26908,1158.0,0.26906,6925.0,0.26929,1516.0,0.26931,12610.0
1753504012136,04:26:52.136,ALGO/USDT:USDT,0.26908,1158.0,0.26906,6925.0,0.26929,1516.0,0.26931,12610.0
1753504012223,04:26:52.223,ALGO/USDT:USDT,0.26908,1158.0,0.26906,6925.0,0.26929,1516.0,0.26931,12610.0
1753504012223,04:26:52.223,ALGO/USDT:USDT,0.26908,1158.0,0.26906,6925.0,0.26929,1516.0,0.26931,12610.0
1753504012227,04:26:52.227,ALGO/USDT:USDT,0.26908,1158.0,0.26906,6925.0,0.26929,1516.0,0.26931,12610.0
1753504012242,04:26:52.242,ALGO/USDT:USDT,0.26908,1158.0,0.26906,6925.0,0.26929,1516.0,0.26931,12610.0
1753504012298,04:26:52.298,ALGO/USDT:USDT,0.26908,1158.0,0.26906,6925.0,0.26929,2516.0,0.26931,12610.0
1753504012302,04:26:52.302,ALGO/USDT:USDT,0.26908,1158.0,0.26906,6925.0,0.26928,1516.0,0.26929,2516.0
1753504012303,04:26:52.303,ALGO/USDT:USDT,0.26908,1158.0,0.26906,6925.0,0.26928,1516.0,0.26929,1000.0
1753504012307,04:26:52.307,ALGO/USDT:USDT,0.26908,1158.0,0.26906,6925.0,0.26928,2516.0,0.26929,1000.0
1753504012311,04:26:52.311,ALGO/USDT:USDT,0.26908,1158.0,0.26906,6925.0,0.26927,1516.0,0.26928,2516.0
1753504012313,04:26:52.313,ALGO/USDT:USDT,0.26908,1158.0,0.26906,6925.0,0.26927,1516.0,0.26928,1000.0
1753504012344,04:26:52.344,ALGO/USDT:USDT,0.26908,1158.0,0.26906,6925.0,0.26927,1516.0,0.26928,1000.0
1753504012348,04:26:52.348,ALGO/USDT:USDT,0.26908,1158.0,0.26906,6925.0,0.26927,1516.0,0.26928,1000.0
1753504012392,04:26:52.392,ALGO/USDT:USDT,0.26908,1158.0,0.26906,6925.0,0.26927,1516.0,0.26928,1000.0
1753504012392,04:26:52.392,ALGO/USDT:USDT,0.26908,1158.0,0.26906,6925.0,0.26927,1516.0,0.26928,1000.0
1753504012400,04:26:52.400,ALGO/USDT:USDT,0.26908,1158.0,0.26906,6925.0,0.26927,1516.0,0.26928,1000.0
1753504012726,04:26:52.726,ALGO/USDT:USDT,0.26908,1158.0,0.26906,6925.0,0.26927,1516.0,0.26928,1000.0
1753504012817,04:26:52.817,ALGO/USDT:USDT,0.26908,1158.0,0.26906,6925.0,0.26927,1516.0,0.26928,1000.0
1753504013254,04:26:53.254,ALGO/USDT:USDT,0.26908,1158.0,0.26906,6925.0,0.26927,1516.0,0.26928,1000.0
1753504013257,04:26:53.257,ALGO/USDT:USDT,0.26908,1158.0,0.26906,6925.0,0.26927,1516.0,0.26928,1000.0
1753504013259,04:26:53.259,ALGO/USDT:USDT,0.26908,1158.0,0.26906,6925.0,0.26927,1516.0,0.26928,1000.0
1753504013288,04:26:53.288,ALGO/USDT:USDT,0.26908,1158.0,0.26906,6925.0,0.26927,1516.0,0.26931,12610.0
1753504014010,04:26:54.010,ALGO/USDT:USDT,0.26908,1158.0,0.26906,6925.0,0.26927,1516.0,0.26931,12610.0
1753504014012,04:26:54.012,ALGO/USDT:USDT,0.26908,1158.0,0.26906,6925.0,0.26927,1516.0,0.26931,12610.0
1753504014012,04:26:54.012,ALGO/USDT:USDT,0.26908,1158.0,0.26906,6925.0,0.26927,1516.0,0.26931,12610.0
1753504015266,04:26:55.266,ALGO/USDT:USDT,0.26908,2158.0,0.26906,6925.0,0.26927,1516.0,0.26931,12610.0
1753504015268,04:26:55.268,ALGO/USDT:USDT,0.26909,1572.0,0.26908,2158.0,0.26927,1516.0,0.26931,12610.0
1753504015270,04:26:55.270,ALGO/USDT:USDT,0.26909,1572.0,0.26908,1000.0,0.26927,1516.0,0.26931,12610.0
1753504015548,04:26:55.548,ALGO/USDT:USDT,0.26909,1572.0,0.26908,1000.0,0.26927,1516.0,0.26931,12610.0
1753504016212,04:26:56.212,ALGO/USDT:USDT,0.26909,1572.0,0.26908,1000.0,0.26927,1516.0,0.26931,12610.0
1753504016216,04:26:56.216,ALGO/USDT:USDT,0.26909,1572.0,0.26908,1000.0,0.26927,1516.0,0.26931,12610.0
1753504016217,04:26:56.217,ALGO/USDT:USDT,0.26909,1572.0,0.26908,1000.0,0.26927,1516.0,0.26931,12610.0
1753504016222,04:26:56.222,ALGO/USDT:USDT,0.26909,1572.0,0.26906,6925.0,0.26927,1516.0,0.26931,12610.0
1753504016892,04:26:56.892,ALGO/USDT:USDT,0.26909,1572.0,0.26906,6925.0,0.26927,1516.0,0.26931,12610.0
1753504016895,04:26:56.895,ALGO/USDT:USDT,0.26909,1572.0,0.26906,6925.0,0.26927,1516.0,0.26931,12610.0
1753504016896,04:26:56.896,ALGO/USDT:USDT,0.26909,1572.0,0.26906,6925.0,0.26927,1516.0,0.26931,12610.0
1753504016897,04:26:56.897,ALGO/USDT:USDT,0.26909,1572.0,0.26906,6925.0,0.26927,1516.0,0.26931,12610.0
1753504017019,04:26:57.019,ALGO/USDT:USDT,0.26909,1572.0,0.26906,6925.0,0.26926,421.0,0.26927,1516.0
1753504017023,04:26:57.023,ALGO/USDT:USDT,0.26909,1572.0,0.26906,6925.0,0.26926,421.0,0.26927,1516.0
1753504017024,04:26:57.024,ALGO/USDT:USDT,0.26909,1572.0,0.26906,6925.0,0.26925,1572.0,0.26927,1516.0
1753504017027,04:26:57.027,ALGO/USDT:USDT,0.26909,1572.0,0.26906,6925.0,0.26925,1572.0,0.26927,1516.0
1753504017037,04:26:57.037,ALGO/USDT:USDT,0.26909,1572.0,0.26906,6925.0,0.26925,1572.0,0.26927,1516.0
1753504017043,04:26:57.043,ALGO/USDT:USDT,0.26909,1572.0,0.26906,6925.0,0.26925,1572.0,0.26927,1516.0
1753504017090,04:26:57.090,ALGO/USDT:USDT,0.26909,1572.0,0.26906,6925.0,0.26925,1572.0,0.26927,1516.0
1753504017177,04:26:57.177,ALGO/USDT:USDT,0.26909,1572.0,0.26906,6925.0,0.26927,1516.0,0.2693,3228.0
1753504017812,04:26:57.812,ALGO/USDT:USDT,0.26909,1572.0,0.26906,6925.0,0.26927,1516.0,0.2693,3228.0
1753504017813,04:26:57.813,ALGO/USDT:USDT,0.26909,1572.0,0.26906,6925.0,0.26927,1516.0,0.2693,3228.0
1753504017912,04:26:57.912,ALGO/USDT:USDT,0.26909,1572.0,0.26906,6925.0,0.26927,1516.0,0.2693,3228.0
1753504017915,04:26:57.915,ALGO/USDT:USDT,0.26909,1572.0,0.26906,6925.0,0.26927,1516.0,0.2693,3228.0
1753504017917,04:26:57.917,ALGO/USDT:USDT,0.26909,1572.0,0.26906,6925.0,0.26927,1516.0,0.2693,3228.0
1753504017925,04:26:57.925,ALGO/USDT:USDT,0.26909,1572.0,0.26906,6925.0,0.26927,1516.0,0.2693,3228.0
1753504017927,04:26:57.927,ALGO/USDT:USDT,0.26909,1572.0,0.26906,6925.0,0.26927,1516.0,0.2693,3228.0
1753504017964,04:26:57.964,ALGO/USDT:USDT,0.26909,1572.0,0.26906,6925.0,0.26927,1516.0,0.2693,3228.0
1753504017971,04:26:57.971,ALGO/USDT:USDT,0.26909,1572.0,0.26906,6925.0,0.26927,1516.0,0.2693,3228.0
1753504017971,04:26:57.971,ALGO/USDT:USDT,0.26909,1572.0,0.26906,6925.0,0.26927,1516.0,0.2693,3228.0
1753504017972,04:26:57.972,ALGO/USDT:USDT,0.26909,1572.0,0.26906,6925.0,0.26927,1516.0,0.2693,1140.0
1753504017972,04:26:57.972,ALGO/USDT:USDT,0.26909,1572.0,0.26906,6925.0,0.26927,1516.0,0.26932,2088.0
1753504017972,04:26:57.972,ALGO/USDT:USDT,0.26909,1572.0,0.26906,6925.0,0.26927,1516.0,0.26932,2088.0
1753504017972,04:26:57.972,ALGO/USDT:USDT,0.26909,1572.0,0.26906,6925.0,0.26927,1516.0,0.26932,2088.0
1753504017974,04:26:57.974,ALGO/USDT:USDT,0.26909,1572.0,0.26906,6925.0,0.26927,1516.0,0.26932,2088.0
1753504017976,04:26:57.976,ALGO/USDT:USDT,0.26909,1572.0,0.26906,6925.0,0.26927,1516.0,0.26932,2088.0
1753504017978,04:26:57.978,ALGO/USDT:USDT,0.26909,1572.0,0.26906,6925.0,0.26927,1516.0,0.26932,2088.0
1753504017979,04:26:57.979,ALGO/USDT:USDT,0.26909,1572.0,0.26906,6925.0,0.26927,1516.0,0.26932,2088.0
1753504017999,04:26:57.999,ALGO/USDT:USDT,0.26909,3352.0,0.26906,6925.0,0.26927,1516.0,0.26932,2088.0
1753504018003,04:26:58.003,ALGO/USDT:USDT,0.2691,2578.0,0.26909,3352.0,0.26927,1516.0,0.26932,2088.0
1753504018003,04:26:58.003,ALGO/USDT:USDT,0.2691,2578.0,0.26909,1780.0,0.26927,1516.0,0.26932,2088.0
1753504018007,04:26:58.007,ALGO/USDT:USDT,0.2691,1572.0,0.26909,1780.0,0.26927,1516.0,0.26932,2088.0
1753504018008,04:26:58.008,ALGO/USDT:USDT,0.26911,1572.0,0.2691,2572.0,0.26927,1516.0,0.26932,2088.0
1753504018010,04:26:58.010,ALGO/USDT:USDT,0.26911,2344.0,0.2691,1000.0,0.26927,1516.0,0.26932,2088.0
1753504018012,04:26:58.012,ALGO/USDT:USDT,0.26911,2572.0,0.2691,1000.0,0.26927,1516.0,0.26932,2088.0
1753504018013,04:26:58.013,ALGO/USDT:USDT,0.26912,1572.0,0.26911,2572.0,0.26927,1516.0,0.26932,2088.0
1753504018015,04:26:58.015,ALGO/USDT:USDT,0.26912,1572.0,0.26911,1000.0,0.26927,1516.0,0.26932,2088.0
1753504018016,04:26:58.016,ALGO/USDT:USDT,0.26912,2344.0,0.26911,1000.0,0.26927,1516.0,0.26932,2088.0
1753504018016,04:26:58.016,ALGO/USDT:USDT,0.26912,2344.0,0.26911,1000.0,0.26927,1516.0,0.26932,2088.0
1753504018017,04:26:58.017,ALGO/USDT:USDT,0.26912,3344.0,0.26911,1000.0,0.26927,1516.0,0.26932,2088.0
1753504018019,04:26:58.019,ALGO/USDT:USDT,0.26912,2572.0,0.26911,1000.0,0.26927,1516.0,0.26932,2088.0
1753504018019,04:26:58.019,ALGO/USDT:USDT,0.26913,1572.0,0.26912,2572.0,0.26927,1516.0,0.26932,2088.0
1753504018020,04:26:58.020,ALGO/USDT:USDT,0.26913,2344.0,0.26912,2572.0,0.26927,1516.0,0.26932,2088.0
1753504018021,04:26:58.021,ALGO/USDT:USDT,0.26913,2344.0,0.26912,1000.0,0.26927,1516.0,0.26932,2088.0
1753504018022,04:26:58.022,ALGO/USDT:USDT,0.26913,3344.0,0.26912,1000.0,0.26927,1516.0,0.26932,2088.0
1753504018023,04:26:58.023,ALGO/USDT:USDT,0.26913,2572.0,0.26912,1000.0,0.26927,1516.0,0.26932,2088.0
1753504018025,04:26:58.025,ALGO/USDT:USDT,0.26914,1572.0,0.26913,2572.0,0.26927,1516.0,0.26932,2088.0
1753504018025,04:26:58.025,ALGO/USDT:USDT,0.26914,1572.0,0.26913,1000.0,0.26927,1516.0,0.26932,2088.0
1753504018027,04:26:58.027,ALGO/USDT:USDT,0.26914,2344.0,0.26913,1000.0,0.26927,1516.0,0.26932,2088.0
1753504018027,04:26:58.027,ALGO/USDT:USDT,0.26914,2344.0,0.26913,1000.0,0.26927,1516.0,0.26932,2088.0
1753504018029,04:26:58.029,ALGO/USDT:USDT,0.26914,1572.0,0.26913,1000.0,0.26927,1516.0,0.26932,3228.0
1753504018029,04:26:58.029,ALGO/USDT:USDT,0.26914,1572.0,0.26913,1000.0,0.26927,1516.0,0.26932,3228.0
1753504018030,04:26:58.030,ALGO/USDT:USDT,0.26914,1572.0,0.26913,1000.0,0.26927,1516.0,0.26932,3228.0
1753504018030,04:26:58.030,ALGO/USDT:USDT,0.26915,1572.0,0.26914,1572.0,0.26927,1516.0,0.26932,3228.0
1753504018031,04:26:58.031,ALGO/USDT:USDT,0.26915,1572.0,0.26914,2572.0,0.26927,1516.0,0.26932,3228.0
1753504018031,04:26:58.031,ALGO/USDT:USDT,0.26915,1572.0,0.26914,2572.0,0.26927,1516.0,0.26932,3228.0
1753504018035,04:26:58.035,ALGO/USDT:USDT,0.26915,2344.0,0.26914,1000.0,0.26927,1516.0,0.26932,3228.0
1753504018035,04:26:58.035,ALGO/USDT:USDT,0.26915,1572.0,0.26914,1000.0,0.26927,1516.0,0.26932,3228.0
1753504018036,04:26:58.036,ALGO/USDT:USDT,0.26915,1572.0,0.26914,1000.0,0.26927,1516.0,0.26932,3228.0
1753504018039,04:26:58.039,ALGO/USDT:USDT,0.26915,1572.0,0.26914,1000.0,0.26927,1516.0,0.26932,3228.0
1753504018039,04:26:58.039,ALGO/USDT:USDT,0.26916,1572.0,0.26914,1000.0,0.26927,1516.0,0.26932,3228.0
1753504018039,04:26:58.039,ALGO/USDT:USDT,0.26916,1572.0,0.26914,1000.0,0.26927,1516.0,0.26932,3228.0
1753504018039,04:26:58.039,ALGO/USDT:USDT,0.26916,1572.0,0.26914,1000.0,0.26927,1516.0,0.26932,3228.0
1753504018039,04:26:58.039,ALGO/USDT:USDT,0.26916,1572.0,0.26914,1000.0,0.26927,1516.0,0.26932,3228.0
1753504018041,04:26:58.041,ALGO/USDT:USDT,0.26916,1572.0,0.26914,1772.0,0.26927,1516.0,0.26932,3228.0
1753504018043,04:26:58.043,ALGO/USDT:USDT,0.26916,1572.0,0.26914,1772.0,0.26927,1516.0,0.26932,3228.0
1753504018049,04:26:58.049,ALGO/USDT:USDT,0.26916,1572.0,0.26914,1772.0,0.26927,1516.0,0.26932,3228.0
1753504018053,04:26:58.053,ALGO/USDT:USDT,0.26916,1572.0,0.26914,1772.0,0.26927,1516.0,0.26932,3228.0
1753504018053,04:26:58.053,ALGO/USDT:USDT,0.26916,1572.0,0.26914,1772.0,0.26927,1516.0,0.26932,3228.0
1753504018053,04:26:58.053,ALGO/USDT:USDT,0.26916,1572.0,0.26914,1772.0,0.26927,1516.0,0.26932,3228.0
1753504018054,04:26:58.054,ALGO/USDT:USDT,0.26916,1572.0,0.26914,1772.0,0.26927,1516.0,0.26932,3228.0
1753504018058,04:26:58.058,ALGO/USDT:USDT,0.26916,1572.0,0.26914,1772.0,0.26927,1516.0,0.26932,3228.0
1753504018061,04:26:58.061,ALGO/USDT:USDT,0.26916,1572.0,0.26914,1772.0,0.26927,1516.0,0.26932,3228.0
1753504018061,04:26:58.061,ALGO/USDT:USDT,0.26916,1572.0,0.26914,1772.0,0.26927,1516.0,0.26932,3228.0
1753504018061,04:26:58.061,ALGO/USDT:USDT,0.26916,1572.0,0.26914,1772.0,0.26927,1516.0,0.26932,3228.0
1753504018072,04:26:58.072,ALGO/USDT:USDT,0.26916,1572.0,0.26914,1772.0,0.26927,1516.0,0.26932,3228.0
1753504018074,04:26:58.074,ALGO/USDT:USDT,0.26916,1572.0,0.26914,1772.0,0.26927,1516.0,0.26932,3228.0
1753504018075,04:26:58.075,ALGO/USDT:USDT,0.26916,1572.0,0.26914,1772.0,0.26927,1516.0,0.26932,3228.0
1753504018077,04:26:58.077,ALGO/USDT:USDT,0.26916,1572.0,0.26914,1772.0,0.26927,1516.0,0.26932,3228.0
1753504018080,04:26:58.080,ALGO/USDT:USDT,0.26916,1572.0,0.26914,1772.0,0.26927,1516.0,0.26932,3228.0
1753504018080,04:26:58.080,ALGO/USDT:USDT,0.26916,1572.0,0.26914,1772.0,0.26927,1516.0,0.26932,3228.0
1753504018082,04:26:58.082,ALGO/USDT:USDT,0.26916,1572.0,0.26914,1772.0,0.26927,1516.0,0.26932,3228.0
1753504018082,04:26:58.082,ALGO/USDT:USDT,0.26916,1572.0,0.26914,1772.0,0.26927,1516.0,0.26932,3228.0
1753504018084,04:26:58.084,ALGO/USDT:USDT,0.26916,1572.0,0.26914,1772.0,0.26927,1516.0,0.26932,3228.0
1753504018084,04:26:58.084,ALGO/USDT:USDT,0.26916,1572.0,0.26914,1772.0,0.26927,1516.0,0.26932,3228.0
1753504018085,04:26:58.085,ALGO/USDT:USDT,0.26916,1572.0,0.26914,1772.0,0.26927,1516.0,0.26932,3228.0
1753504018086,04:26:58.086,ALGO/USDT:USDT,0.26916,1572.0,0.26914,1772.0,0.26927,1516.0,0.26932,3228.0
1753504018086,04:26:58.086,ALGO/USDT:USDT,0.26916,1572.0,0.26914,1772.0,0.26927,1516.0,0.26932,3228.0
1753504018087,04:26:58.087,ALGO/USDT:USDT,0.26916,1572.0,0.26914,1772.0,0.26927,1516.0,0.26932,3228.0
1753504018088,04:26:58.088,ALGO/USDT:USDT,0.26916,1572.0,0.26914,1772.0,0.26927,1516.0,0.26932,3228.0
1753504018089,04:26:58.089,ALGO/USDT:USDT,0.26916,1572.0,0.26914,1772.0,0.26927,1516.0,0.26932,3228.0
1753504018090,04:26:58.090,ALGO/USDT:USDT,0.26916,1572.0,0.26914,1772.0,0.26927,1516.0,0.26932,3228.0
1753504018090,04:26:58.090,ALGO/USDT:USDT,0.26916,1572.0,0.26914,1772.0,0.26927,1516.0,0.26932,3228.0
1753504018090,04:26:58.090,ALGO/USDT:USDT,0.26916,1572.0,0.26914,1772.0,0.26927,1516.0,0.26932,3228.0
1753504018092,04:26:58.092,ALGO/USDT:USDT,0.26916,1572.0,0.26914,1772.0,0.26927,1516.0,0.26932,3228.0
1753504018094,04:26:58.094,ALGO/USDT:USDT,0.26916,1572.0,0.26914,1772.0,0.26927,1516.0,0.26932,3228.0
1753504018095,04:26:58.095,ALGO/USDT:USDT,0.26916,1572.0,0.26914,1772.0,0.26927,1516.0,0.26932,3228.0
1753504018096,04:26:58.096,ALGO/USDT:USDT,0.26916,1572.0,0.26914,1772.0,0.26927,1516.0,0.26932,3228.0
1753504018097,04:26:58.097,ALGO/USDT:USDT,0.26916,1572.0,0.26914,1772.0,0.26927,1516.0,0.26932,3228.0
1753504018097,04:26:58.097,ALGO/USDT:USDT,0.26916,1572.0,0.26914,1772.0,0.26927,1516.0,0.26932,3228.0
1753504018098,04:26:58.098,ALGO/USDT:USDT,0.26916,1572.0,0.26914,1772.0,0.26927,1516.0,0.26932,3228.0
1753504018099,04:26:58.099,ALGO/USDT:USDT,0.26916,1572.0,0.26914,1772.0,0.26927,1516.0,0.26932,3228.0
1753504018101,04:26:58.101,ALGO/USDT:USDT,0.26916,1572.0,0.26914,1772.0,0.26927,1516.0,0.26932,3228.0
1753504018101,04:26:58.101,ALGO/USDT:USDT,0.26916,1572.0,0.26914,1772.0,0.26927,1516.0,0.26932,3228.0
1753504018103,04:26:58.103,ALGO/USDT:USDT,0.26916,1572.0,0.26914,1772.0,0.26927,1516.0,0.26932,3228.0
1753504018103,04:26:58.103,ALGO/USDT:USDT,0.26916,1572.0,0.26914,1772.0,0.26927,1516.0,0.26932,3228.0
1753504018103,04:26:58.103,ALGO/USDT:USDT,0.26916,1572.0,0.26914,1772.0,0.26927,1516.0,0.26932,3228.0
1753504018105,04:26:58.105,ALGO/USDT:USDT,0.26916,1572.0,0.26914,1772.0,0.26927,1516.0,0.26932,3228.0
1753504018105,04:26:58.105,ALGO/USDT:USDT,0.26916,1572.0,0.26914,1772.0,0.26927,1516.0,0.26932,3228.0
1753504018107,04:26:58.107,ALGO/USDT:USDT,0.26916,1572.0,0.26914,1772.0,0.26927,1516.0,0.26932,3228.0
1753504018109,04:26:58.109,ALGO/USDT:USDT,0.26916,1572.0,0.26914,1772.0,0.26927,1516.0,0.26932,3228.0
1753504018109,04:26:58.109,ALGO/USDT:USDT,0.26916,1572.0,0.26914,1772.0,0.26927,1516.0,0.26932,3228.0
1753504018490,04:26:58.490,ALGO/USDT:USDT,0.26916,1572.0,0.26914,1772.0,0.26927,1516.0,0.26932,3228.0
1753504018537,04:26:58.537,ALGO/USDT:USDT,0.26916,1572.0,0.26914,1772.0,0.26927,1516.0,0.26932,3228.0
1753504018638,04:26:58.638,ALGO/USDT:USDT,0.26916,1572.0,0.26914,1772.0,0.26927,1516.0,0.26932,3228.0
1753504018640,04:26:58.640,ALGO/USDT:USDT,0.26916,1572.0,0.26914,1772.0,0.26927,1516.0,0.26932,3228.0
1753504018890,04:26:58.890,ALGO/USDT:USDT,0.26916,1572.0,0.26914,1772.0,0.26927,1516.0,0.26932,3228.0
1753504018892,04:26:58.892,ALGO/USDT:USDT,0.26916,1572.0,0.26914,1772.0,0.26927,1516.0,0.26932,3228.0
1753504018895,04:26:58.895,ALGO/USDT:USDT,0.26916,1572.0,0.26914,1772.0,0.26927,1516.0,0.26932,3228.0
