timestamp,time,symbol,bid1_price,bid1_volume,bid2_price,bid2_volume,ask1_price,ask1_volume,ask2_price,ask2_volume
1753503304504,04:15:04.504,AAVE/USDT:USDT,297.47,105.6,297.46,39.7,297.48,75.0,297.5,28.6
1753503304604,04:15:04.604,AAVE/USDT:USDT,297.47,85.4,297.46,39.7,297.48,102.8,297.49,28.0
1753503305304,04:15:05.304,AAVE/USDT:USDT,297.47,83.3,297.46,0.7,297.48,155.1,297.49,28.0
1753503305604,04:15:05.604,AAVE/USDT:USDT,297.47,83.3,297.46,0.7,297.48,263.6,297.49,28.0
1753503305704,04:15:05.704,AAVE/USDT:USDT,297.47,83.3,297.46,0.7,297.48,263.6,297.49,28.0
1753503306704,04:15:06.704,AAVE/USDT:USDT,297.47,83.3,297.46,0.7,297.48,268.3,297.49,28.0
1753503306804,04:15:06.804,AAVE/USDT:USDT,297.47,83.3,297.46,0.7,297.48,268.3,297.49,45.6
1753503307204,04:15:07.204,AAVE/USDT:USDT,297.47,83.3,297.46,0.7,297.48,268.3,297.49,28.0
1753503307304,04:15:07.304,AAVE/USDT:USDT,297.47,83.2,297.46,0.7,297.48,268.5,297.49,28.0
1753503307404,04:15:07.404,AAVE/USDT:USDT,297.47,83.2,297.46,0.7,297.48,268.5,297.49,28.0
1753503307804,04:15:07.804,AAVE/USDT:USDT,297.45,0.8,297.44,1.1,297.46,380.3,297.47,131.6
1753503308204,04:15:08.204,AAVE/USDT:USDT,297.45,0.8,297.44,1.1,297.46,404.3,297.47,131.6
1753503308404,04:15:08.404,AAVE/USDT:USDT,297.45,1.2,297.44,1.1,297.46,395.8,297.47,130.8
1753503309004,04:15:09.004,AAVE/USDT:USDT,297.45,1.2,297.44,1.1,297.46,348.4,297.47,83.4
1753503310504,04:15:10.504,AAVE/USDT:USDT,297.45,1.1,297.44,1.1,297.46,423.6,297.47,96.5
1753503310904,04:15:10.904,AAVE/USDT:USDT,297.45,1.1,297.44,1.1,297.46,423.6,297.47,96.5
1753503311004,04:15:11.004,AAVE/USDT:USDT,297.45,1.1,297.44,1.1,297.46,423.6,297.47,96.5
1753503311104,04:15:11.104,AAVE/USDT:USDT,297.45,1.1,297.44,1.1,297.46,394.0,297.47,66.9
1753503311204,04:15:11.204,AAVE/USDT:USDT,297.45,1.1,297.44,1.1,297.46,439.9,297.47,112.8
1753503311304,04:15:11.304,AAVE/USDT:USDT,297.45,1.1,297.44,1.1,297.46,440.7,297.47,112.8
1753503311604,04:15:11.604,AAVE/USDT:USDT,297.45,1.1,297.44,1.1,297.46,440.6,297.47,112.8
1753503311704,04:15:11.704,AAVE/USDT:USDT,297.45,1.1,297.44,1.1,297.46,424.1,297.47,95.9
1753503311804,04:15:11.804,AAVE/USDT:USDT,297.45,1.1,297.44,1.1,297.46,424.1,297.47,95.9
1753503311904,04:15:11.904,AAVE/USDT:USDT,297.45,1.1,297.44,1.1,297.46,424.1,297.47,95.9
1753503312004,04:15:12.004,AAVE/USDT:USDT,297.45,1.1,297.44,1.1,297.46,424.1,297.47,95.9
1753503312304,04:15:12.304,AAVE/USDT:USDT,297.45,1.1,297.44,1.1,297.46,424.1,297.47,95.9
1753503312404,04:15:12.404,AAVE/USDT:USDT,297.45,1.1,297.44,1.1,297.46,442.5,297.47,112.8
1753503312504,04:15:12.504,AAVE/USDT:USDT,297.45,1.1,297.44,1.1,297.46,442.5,297.47,112.8
1753503312804,04:15:12.804,AAVE/USDT:USDT,297.45,1.1,297.44,1.1,297.46,425.6,297.47,95.9
1753503313604,04:15:13.604,AAVE/USDT:USDT,297.45,1.1,297.44,1.1,297.46,442.8,297.47,112.8
1753503314104,04:15:14.104,AAVE/USDT:USDT,297.45,37.6,297.44,15.1,297.46,380.0,297.47,34.7
1753503314304,04:15:14.304,AAVE/USDT:USDT,297.45,37.6,297.44,15.1,297.46,380.0,297.47,89.5
1753503314404,04:15:14.404,AAVE/USDT:USDT,297.45,37.6,297.44,15.1,297.46,380.0,297.47,34.7
1753503314504,04:15:14.504,AAVE/USDT:USDT,297.45,37.6,297.44,15.1,297.46,380.0,297.47,34.7
1753503315004,04:15:15.004,AAVE/USDT:USDT,297.45,37.6,297.44,15.1,297.46,425.9,297.47,107.5
1753503315504,04:15:15.504,AAVE/USDT:USDT,297.45,37.6,297.44,0.8,297.46,380.0,297.47,51.6
1753503316804,04:15:16.804,AAVE/USDT:USDT,297.45,114.9,297.44,56.8,297.46,54.9,297.48,30.0
1753503317004,04:15:17.004,AAVE/USDT:USDT,297.47,214.9,297.46,150.3,297.48,29.9,297.5,0.6
1753503317404,04:15:17.404,AAVE/USDT:USDT,297.51,182.0,297.5,152.1,297.52,98.0,297.53,65.6
1753503317804,04:15:17.804,AAVE/USDT:USDT,297.48,92.4,297.47,50.0,297.49,123.4,297.5,14.5
1753503317904,04:15:17.904,AAVE/USDT:USDT,297.49,235.4,297.48,110.3,297.5,0.2,297.51,77.7
1753503318804,04:15:18.804,AAVE/USDT:USDT,297.51,121.3,297.5,90.0,297.52,98.0,297.53,45.0
1753503319004,04:15:19.004,AAVE/USDT:USDT,297.51,139.7,297.5,114.8,297.52,98.0,297.53,45.0
1753503319104,04:15:19.104,AAVE/USDT:USDT,297.51,139.7,297.5,114.8,297.52,98.0,297.53,45.0
1753503319204,04:15:19.204,AAVE/USDT:USDT,297.51,228.7,297.5,114.8,297.52,98.4,297.53,45.0
1753503319304,04:15:19.304,AAVE/USDT:USDT,297.51,159.5,297.5,114.8,297.52,98.4,297.53,45.0
1753503319604,04:15:19.604,AAVE/USDT:USDT,297.51,159.6,297.5,114.8,297.52,98.4,297.53,45.0
1753503319704,04:15:19.704,AAVE/USDT:USDT,297.51,159.6,297.5,85.5,297.52,98.4,297.53,45.0
1753503319804,04:15:19.804,AAVE/USDT:USDT,297.51,167.3,297.5,85.5,297.52,98.4,297.53,45.0
1753503320404,04:15:20.404,AAVE/USDT:USDT,297.51,274.8,297.5,92.9,297.52,98.4,297.53,45.0
1753503320604,04:15:20.604,AAVE/USDT:USDT,297.51,235.2,297.5,92.9,297.52,98.6,297.54,0.6
1753503320904,04:15:20.904,AAVE/USDT:USDT,297.51,241.9,297.5,92.9,297.52,98.6,297.54,0.6
1753503321104,04:15:21.104,AAVE/USDT:USDT,297.55,97.8,297.54,71.4,297.56,222.6,297.57,56.9
1753503321304,04:15:21.304,AAVE/USDT:USDT,297.55,95.8,297.54,77.8,297.56,97.5,297.57,56.9
1753503321704,04:15:21.704,AAVE/USDT:USDT,297.55,38.8,297.54,77.8,297.56,97.5,297.57,56.9
1753503321804,04:15:21.804,AAVE/USDT:USDT,297.55,38.8,297.54,77.8,297.56,97.5,297.57,56.9
1753503322304,04:15:22.304,AAVE/USDT:USDT,297.55,41.8,297.54,53.0,297.56,38.8,297.57,69.5
1753503322804,04:15:22.804,AAVE/USDT:USDT,297.55,58.4,297.54,53.0,297.56,38.8,297.57,33.5
1753503324004,04:15:24.004,AAVE/USDT:USDT,297.55,58.9,297.54,59.3,297.56,38.8,297.57,33.5
1753503324204,04:15:24.204,AAVE/USDT:USDT,297.55,59.5,297.54,77.6,297.56,53.2,297.57,33.5
1753503324604,04:15:24.604,AAVE/USDT:USDT,297.55,59.5,297.54,77.6,297.56,53.2,297.57,33.5
1753503325204,04:15:25.204,AAVE/USDT:USDT,297.53,84.3,297.52,77.7,297.54,46.7,297.55,61.2
1753503325804,04:15:25.804,AAVE/USDT:USDT,297.53,175.7,297.52,77.7,297.54,47.0,297.55,61.2
1753503326604,04:15:26.604,AAVE/USDT:USDT,297.53,50.4,297.52,34.6,297.54,17.6,297.56,30.5
1753503326704,04:15:26.704,AAVE/USDT:USDT,297.53,50.4,297.52,41.3,297.54,17.6,297.56,30.5
1753503326804,04:15:26.804,AAVE/USDT:USDT,297.53,50.4,297.52,41.3,297.54,17.6,297.56,30.5
1753503327004,04:15:27.004,AAVE/USDT:USDT,297.53,75.5,297.52,84.2,297.54,2.9,297.56,30.5
1753503327304,04:15:27.304,AAVE/USDT:USDT,297.53,184.0,297.52,84.2,297.54,2.9,297.56,30.5
1753503327404,04:15:27.404,AAVE/USDT:USDT,297.53,184.0,297.52,84.2,297.54,2.9,297.56,30.5
1753503327504,04:15:27.504,AAVE/USDT:USDT,297.53,183.8,297.52,84.2,297.54,8.1,297.56,30.5
1753503327604,04:15:27.604,AAVE/USDT:USDT,297.53,75.5,297.52,84.2,297.54,8.1,297.56,30.5
1753503327704,04:15:27.704,AAVE/USDT:USDT,297.53,184.0,297.52,84.2,297.54,8.1,297.56,30.5
1753503328204,04:15:28.204,AAVE/USDT:USDT,297.53,184.0,297.52,84.2,297.54,8.6,297.56,30.5
1753503328404,04:15:28.404,AAVE/USDT:USDT,297.52,41.4,297.51,33.0,297.53,60.9,297.54,78.9
1753503328504,04:15:28.504,AAVE/USDT:USDT,297.52,157.6,297.51,75.9,297.53,40.7,297.54,58.7
1753503328604,04:15:28.604,AAVE/USDT:USDT,297.52,89.0,297.51,75.9,297.53,21.1,297.54,58.7
1753503328804,04:15:28.804,AAVE/USDT:USDT,297.52,204.0,297.51,82.6,297.53,21.1,297.54,58.7
1753503328904,04:15:28.904,AAVE/USDT:USDT,297.52,185.8,297.51,45.2,297.53,21.1,297.54,58.7
1753503329004,04:15:29.004,AAVE/USDT:USDT,297.52,95.7,297.51,70.0,297.53,21.1,297.54,58.7
1753503329104,04:15:29.104,AAVE/USDT:USDT,297.52,89.0,297.51,51.9,297.53,21.1,297.54,58.7
1753503329204,04:15:29.204,AAVE/USDT:USDT,297.52,88.8,297.51,51.9,297.53,21.1,297.54,58.7
1753503329304,04:15:29.304,AAVE/USDT:USDT,297.52,138.9,297.51,51.9,297.53,21.1,297.54,58.7
1753503329804,04:15:29.804,AAVE/USDT:USDT,297.52,44.4,297.51,27.1,297.53,23.9,297.54,56.3
1753503330004,04:15:30.004,AAVE/USDT:USDT,297.52,44.4,297.51,27.1,297.53,23.9,297.54,56.3
1753503330604,04:15:30.604,AAVE/USDT:USDT,297.52,130.1,297.51,69.9,297.53,5.3,297.54,0.5
1753503330704,04:15:30.704,AAVE/USDT:USDT,297.52,130.1,297.51,69.9,297.53,5.3,297.54,0.5
1753503330804,04:15:30.804,AAVE/USDT:USDT,297.52,130.1,297.51,69.9,297.53,5.3,297.54,0.5
1753503330904,04:15:30.904,AAVE/USDT:USDT,297.52,130.1,297.51,70.6,297.53,5.3,297.54,0.5
1753503331504,04:15:31.504,AAVE/USDT:USDT,297.52,202.1,297.51,51.6,297.53,8.9,297.54,0.5
1753503331604,04:15:31.604,AAVE/USDT:USDT,297.52,202.1,297.51,51.6,297.53,8.9,297.54,0.5
1753503332104,04:15:32.104,AAVE/USDT:USDT,297.52,75.7,297.51,27.1,297.53,8.9,297.54,0.5
1753503332404,04:15:32.404,AAVE/USDT:USDT,297.52,220.1,297.51,69.9,297.53,8.9,297.54,0.5
1753503332804,04:15:32.804,AAVE/USDT:USDT,297.52,220.1,297.51,69.9,297.53,9.3,297.54,0.5
1753503332904,04:15:32.904,AAVE/USDT:USDT,297.52,220.1,297.51,69.9,297.53,9.3,297.54,0.5
1753503333204,04:15:33.204,AAVE/USDT:USDT,297.52,198.8,297.51,69.9,297.53,9.8,297.55,0.3
1753503333404,04:15:33.404,AAVE/USDT:USDT,297.52,198.8,297.51,69.9,297.53,11.2,297.55,0.3
1753503333604,04:15:33.604,AAVE/USDT:USDT,297.52,198.8,297.51,69.9,297.53,11.2,297.55,0.3
1753503333704,04:15:33.704,AAVE/USDT:USDT,297.52,198.8,297.51,69.9,297.53,11.2,297.55,0.3
1753503334104,04:15:34.104,AAVE/USDT:USDT,297.52,72.3,297.51,27.1,297.53,11.2,297.55,0.3
1753503334204,04:15:34.204,AAVE/USDT:USDT,297.52,72.3,297.51,27.1,297.53,11.2,297.55,13.3
1753503334504,04:15:34.504,AAVE/USDT:USDT,297.52,180.8,297.51,69.4,297.53,11.2,297.55,13.3
1753503334804,04:15:34.804,AAVE/USDT:USDT,297.52,180.8,297.51,69.4,297.53,11.2,297.55,13.3
1753503335404,04:15:35.404,AAVE/USDT:USDT,297.52,186.3,297.51,44.9,297.53,5.5,297.55,13.3
1753503336904,04:15:36.904,AAVE/USDT:USDT,297.52,140.7,297.51,38.0,297.53,10.5,297.55,13.3
1753503337104,04:15:37.104,AAVE/USDT:USDT,297.52,140.7,297.51,38.0,297.53,10.5,297.55,13.3
1753503337304,04:15:37.304,AAVE/USDT:USDT,297.52,140.7,297.51,38.0,297.53,10.5,297.55,13.3
1753503337504,04:15:37.504,AAVE/USDT:USDT,297.52,161.8,297.51,38.0,297.53,10.3,297.55,13.3
1753503337804,04:15:37.804,AAVE/USDT:USDT,297.52,82.1,297.51,20.4,297.53,57.1,297.54,45.1
1753503338104,04:15:38.104,AAVE/USDT:USDT,297.52,182.0,297.51,27.1,297.53,10.3,297.54,15.0
1753503338204,04:15:38.204,AAVE/USDT:USDT,297.52,219.5,297.51,62.5,297.53,5.1,297.54,15.0
1753503338604,04:15:38.604,AAVE/USDT:USDT,297.52,74.4,297.51,38.0,297.53,25.2,297.55,13.3
1753503338704,04:15:38.704,AAVE/USDT:USDT,297.52,74.4,297.51,38.0,297.53,10.0,297.55,13.3
1753503338904,04:15:38.904,AAVE/USDT:USDT,297.52,182.7,297.51,38.0,297.53,10.2,297.55,13.3
1753503339004,04:15:39.004,AAVE/USDT:USDT,297.52,182.9,297.51,38.0,297.53,10.3,297.55,13.3
1753503339104,04:15:39.104,AAVE/USDT:USDT,297.52,182.9,297.51,38.0,297.53,10.3,297.55,13.3
1753503339504,04:15:39.504,AAVE/USDT:USDT,297.52,78.1,297.51,20.4,297.53,28.0,297.55,13.3
1753503339604,04:15:39.604,AAVE/USDT:USDT,297.52,128.9,297.51,20.4,297.53,13.2,297.55,13.3
1753503339904,04:15:39.904,AAVE/USDT:USDT,297.52,70.3,297.51,20.4,297.53,13.2,297.55,13.3
1753503341004,04:15:41.004,AAVE/USDT:USDT,297.52,194.7,297.51,37.7,297.53,13.2,297.55,13.3
1753503341104,04:15:41.104,AAVE/USDT:USDT,297.52,68.9,297.51,20.4,297.53,13.2,297.55,13.3
1753503341204,04:15:41.204,AAVE/USDT:USDT,297.52,177.2,297.51,20.4,297.53,13.2,297.55,13.3
1753503341404,04:15:41.404,AAVE/USDT:USDT,297.52,68.4,297.51,20.4,297.53,69.2,297.54,15.8
1753503341804,04:15:41.804,AAVE/USDT:USDT,297.52,85.5,297.51,37.7,297.53,13.5,297.55,13.3
1753503341904,04:15:41.904,AAVE/USDT:USDT,297.52,194.0,297.51,44.4,297.53,13.5,297.55,13.3
1753503342004,04:15:42.004,AAVE/USDT:USDT,297.52,194.0,297.51,44.4,297.53,13.5,297.55,13.3
1753503342504,04:15:42.504,AAVE/USDT:USDT,297.55,41.6,297.54,15.0,297.56,198.7,297.57,63.9
1753503342804,04:15:42.804,AAVE/USDT:USDT,297.55,41.6,297.54,15.0,297.56,173.6,297.57,15.7
1753503343104,04:15:43.104,AAVE/USDT:USDT,297.55,41.6,297.54,15.0,297.56,202.0,297.57,44.1
1753503343204,04:15:43.204,AAVE/USDT:USDT,297.55,41.6,297.54,15.0,297.56,202.0,297.57,44.1
1753503343604,04:15:43.604,AAVE/USDT:USDT,297.55,48.1,297.53,20.5,297.56,201.7,297.57,63.9
1753503343704,04:15:43.704,AAVE/USDT:USDT,297.55,48.1,297.53,0.3,297.56,201.7,297.57,80.9
1753503343804,04:15:43.804,AAVE/USDT:USDT,297.55,46.0,297.53,0.3,297.56,201.7,297.57,80.9
1753503343904,04:15:43.904,AAVE/USDT:USDT,297.55,46.0,297.53,0.3,297.56,201.7,297.57,63.9
1753503344104,04:15:44.104,AAVE/USDT:USDT,297.55,46.0,297.53,0.3,297.56,201.7,297.57,80.9
1753503344404,04:15:44.404,AAVE/USDT:USDT,297.55,46.0,297.53,0.3,297.56,202.0,297.57,44.1
1753503344704,04:15:44.704,AAVE/USDT:USDT,297.55,46.0,297.53,0.3,297.56,202.0,297.57,44.1
1753503344904,04:15:44.904,AAVE/USDT:USDT,297.55,46.0,297.53,0.3,297.56,173.6,297.57,2.1
1753503345304,04:15:45.304,AAVE/USDT:USDT,297.55,46.0,297.53,0.3,297.56,202.1,297.57,68.1
1753503345404,04:15:45.404,AAVE/USDT:USDT,297.55,54.6,297.53,0.3,297.56,202.4,297.57,51.1
1753503345804,04:15:45.804,AAVE/USDT:USDT,297.55,54.8,297.53,0.3,297.56,199.5,297.57,31.3
1753503345904,04:15:45.904,AAVE/USDT:USDT,297.55,54.8,297.53,0.3,297.56,199.5,297.57,31.3
1753503346004,04:15:46.004,AAVE/USDT:USDT,297.55,54.8,297.53,0.3,297.56,199.5,297.57,31.3
1753503347004,04:15:47.004,AAVE/USDT:USDT,297.52,3.0,297.51,0.5,297.53,290.7,297.54,101.3
1753503347304,04:15:47.304,AAVE/USDT:USDT,297.52,4.3,297.51,0.5,297.53,310.0,297.54,101.3
1753503347804,04:15:47.804,AAVE/USDT:USDT,297.45,0.7,297.44,1.2,297.46,403.9,297.47,170.3
1753503348004,04:15:48.004,AAVE/USDT:USDT,297.43,0.9,297.42,0.6,297.44,370.5,297.45,184.0
1753503348504,04:15:48.504,AAVE/USDT:USDT,297.45,65.4,297.44,15.1,297.46,2.0,297.47,47.3
1753503349404,04:15:49.404,AAVE/USDT:USDT,297.45,87.5,297.44,15.1,297.46,2.0,297.48,0.3
1753503349504,04:15:49.504,AAVE/USDT:USDT,297.45,81.8,297.44,15.1,297.46,2.0,297.48,0.3
1753503349704,04:15:49.704,AAVE/USDT:USDT,297.45,81.8,297.44,15.1,297.46,2.0,297.48,0.3
1753503350004,04:15:50.004,AAVE/USDT:USDT,297.45,56.6,297.44,15.1,297.46,26.8,297.47,24.8
1753503350804,04:15:50.804,AAVE/USDT:USDT,297.45,202.8,297.44,45.1,297.46,2.0,297.48,0.3
1753503350904,04:15:50.904,AAVE/USDT:USDT,297.45,202.8,297.44,45.1,297.46,2.0,297.48,0.3
1753503351204,04:15:51.204,AAVE/USDT:USDT,297.45,102.7,297.44,30.2,297.46,2.0,297.48,0.3
1753503351704,04:15:51.704,AAVE/USDT:USDT,297.45,2.3,297.44,15.1,297.46,73.2,297.47,24.8
1753503352004,04:15:52.004,AAVE/USDT:USDT,297.44,35.3,297.43,36.3,297.45,5.0,297.46,54.1
1753503352104,04:15:52.104,AAVE/USDT:USDT,297.44,17.3,297.43,36.3,297.45,22.6,297.46,54.1
1753503352204,04:15:52.204,AAVE/USDT:USDT,297.44,17.3,297.43,0.7,297.45,47.2,297.46,79.7
1753503352404,04:15:52.404,AAVE/USDT:USDT,297.43,0.9,297.42,0.8,297.44,324.6,297.45,153.5
1753503353104,04:15:53.104,AAVE/USDT:USDT,297.43,0.9,297.42,0.8,297.44,342.7,297.45,126.2
1753503353204,04:15:53.204,AAVE/USDT:USDT,297.43,0.9,297.42,0.8,297.44,342.7,297.45,126.2
1753503353504,04:15:53.504,AAVE/USDT:USDT,297.43,0.9,297.42,0.8,297.44,358.1,297.45,126.2
1753503353604,04:15:53.604,AAVE/USDT:USDT,297.38,20.3,297.37,13.4,297.39,308.3,297.4,107.9
1753503354404,04:15:54.404,AAVE/USDT:USDT,297.37,0.9,297.36,14.7,297.38,277.3,297.39,74.4
1753503354604,04:15:54.604,AAVE/USDT:USDT,297.37,0.9,297.36,14.7,297.38,321.6,297.39,50.5
1753503354904,04:15:54.904,AAVE/USDT:USDT,297.37,0.9,297.36,14.7,297.38,321.9,297.39,50.5
1753503355104,04:15:55.104,AAVE/USDT:USDT,297.37,0.9,297.36,14.7,297.38,213.2,297.39,50.5
1753503355204,04:15:55.204,AAVE/USDT:USDT,297.37,0.9,297.36,14.7,297.38,321.9,297.39,50.5
1753503355504,04:15:55.504,AAVE/USDT:USDT,297.37,0.9,297.36,14.7,297.38,210.6,297.39,64.2
1753503356104,04:15:56.104,AAVE/USDT:USDT,297.37,63.0,297.36,14.7,297.38,64.1,297.39,23.6
1753503356204,04:15:56.204,AAVE/USDT:USDT,297.37,56.3,297.36,14.7,297.38,66.8,297.39,23.6
1753503356304,04:15:56.304,AAVE/USDT:USDT,297.37,2.3,297.36,14.7,297.38,142.6,297.39,23.6
1753503356504,04:15:56.504,AAVE/USDT:USDT,297.37,2.3,297.36,14.7,297.38,197.1,297.39,23.6
1753503357404,04:15:57.404,AAVE/USDT:USDT,297.37,2.3,297.36,0.4,297.38,193.8,297.39,22.8
1753503357704,04:15:57.704,AAVE/USDT:USDT,297.35,1.2,297.34,0.4,297.36,379.4,297.37,96.2
1753503358004,04:15:58.004,AAVE/USDT:USDT,297.35,1.4,297.34,0.4,297.36,407.0,297.37,120.7
1753503358104,04:15:58.104,AAVE/USDT:USDT,297.35,1.4,297.34,0.4,297.36,407.0,297.37,120.7
1753503358204,04:15:58.204,AAVE/USDT:USDT,297.35,1.4,297.34,0.4,297.36,407.0,297.37,120.7
1753503358504,04:15:58.504,AAVE/USDT:USDT,297.33,2.8,297.32,14.7,297.34,169.3,297.35,121.5
1753503358604,04:15:58.604,AAVE/USDT:USDT,297.33,43.2,297.32,14.7,297.34,20.2,297.35,107.7
1753503358804,04:15:58.804,AAVE/USDT:USDT,297.33,4.9,297.32,14.7,297.34,63.1,297.35,126.1
1753503360004,04:16:00.004,AAVE/USDT:USDT,297.33,89.4,297.32,14.7,297.34,15.4,297.35,52.7
1753503360104,04:16:00.104,AAVE/USDT:USDT,297.33,89.6,297.32,14.7,297.34,14.9,297.35,33.7
1753503360504,04:16:00.504,AAVE/USDT:USDT,297.33,56.9,297.32,14.7,297.34,36.4,297.35,33.7
1753503360804,04:16:00.804,AAVE/USDT:USDT,297.33,45.6,297.32,14.7,297.34,22.1,297.36,91.7
1753503361004,04:16:01.004,AAVE/USDT:USDT,297.33,46.5,297.32,15.1,297.34,22.1,297.35,27.5
1753503361504,04:16:01.504,AAVE/USDT:USDT,297.33,43.0,297.32,0.8,297.34,85.3,297.35,63.5
1753503361604,04:16:01.604,AAVE/USDT:USDT,297.33,43.0,297.32,0.8,297.34,193.8,297.35,63.5
1753503361704,04:16:01.704,AAVE/USDT:USDT,297.33,43.0,297.32,0.8,297.34,194.0,297.35,63.5
1753503361904,04:16:01.904,AAVE/USDT:USDT,297.33,43.0,297.32,0.8,297.34,85.5,297.35,63.5
1753503362004,04:16:02.004,AAVE/USDT:USDT,297.33,43.0,297.32,0.8,297.34,85.8,297.35,63.5
1753503362104,04:16:02.104,AAVE/USDT:USDT,297.33,175.5,297.32,15.1,297.34,1.9,297.36,14.7
1753503362804,04:16:02.804,AAVE/USDT:USDT,297.33,203.2,297.32,15.1,297.34,4.8,297.36,14.7
1753503362904,04:16:02.904,AAVE/USDT:USDT,297.33,182.8,297.32,15.1,297.34,25.0,297.36,14.7
1753503363504,04:16:03.504,AAVE/USDT:USDT,297.33,46.8,297.32,15.1,297.34,27.1,297.36,27.7
1753503363604,04:16:03.604,AAVE/USDT:USDT,297.33,46.8,297.32,15.1,297.34,27.1,297.35,24.9
1753503364004,04:16:04.004,AAVE/USDT:USDT,297.33,46.8,297.32,15.1,297.34,27.1,297.35,24.9
1753503364804,04:16:04.804,AAVE/USDT:USDT,297.33,46.5,297.32,15.1,297.34,64.5,297.35,24.9
1753503365104,04:16:05.104,AAVE/USDT:USDT,297.33,46.5,297.32,15.1,297.34,64.5,297.36,27.7
1753503365704,04:16:05.704,AAVE/USDT:USDT,297.33,46.4,297.32,15.1,297.34,64.5,297.35,24.9
1753503366104,04:16:06.104,AAVE/USDT:USDT,297.33,196.9,297.32,30.0,297.34,6.9,297.36,27.7
1753503366304,04:16:06.304,AAVE/USDT:USDT,297.33,46.4,297.32,15.1,297.34,27.1,297.35,24.9
1753503366804,04:16:06.804,AAVE/USDT:USDT,297.33,46.4,297.32,15.1,297.34,27.1,297.35,24.9
1753503367104,04:16:07.104,AAVE/USDT:USDT,297.33,46.4,297.32,15.1,297.34,27.1,297.35,24.9
1753503367404,04:16:07.404,AAVE/USDT:USDT,297.33,43.5,297.32,15.1,297.34,27.3,297.35,24.9
1753503367504,04:16:07.504,AAVE/USDT:USDT,297.33,43.5,297.32,15.1,297.34,27.3,297.35,24.9
1753503367804,04:16:07.804,AAVE/USDT:USDT,297.33,173.0,297.32,30.0,297.34,7.1,297.36,27.7
1753503368104,04:16:08.104,AAVE/USDT:USDT,297.33,197.1,297.32,30.0,297.34,7.1,297.36,27.7
1753503368204,04:16:08.204,AAVE/USDT:USDT,297.33,197.5,297.32,30.0,297.34,7.1,297.36,27.7
1753503368604,04:16:08.604,AAVE/USDT:USDT,297.33,43.9,297.32,15.1,297.34,52.2,297.35,24.9
1753503369104,04:16:09.104,AAVE/USDT:USDT,297.33,62.5,297.32,15.1,297.34,27.3,297.36,27.7
1753503370104,04:16:10.104,AAVE/USDT:USDT,297.33,194.9,297.32,28.9,297.34,7.0,297.36,27.7
1753503370204,04:16:10.204,AAVE/USDT:USDT,297.33,195.8,297.32,52.5,297.34,7.0,297.36,27.7
1753503370804,04:16:10.804,AAVE/USDT:USDT,297.33,55.2,297.32,15.1,297.34,7.0,297.36,27.7
1753503370904,04:16:10.904,AAVE/USDT:USDT,297.33,62.3,297.32,15.1,297.34,7.0,297.36,27.7
1753503371004,04:16:11.004,AAVE/USDT:USDT,297.33,82.3,297.32,28.9,297.34,7.0,297.36,27.7
1753503371104,04:16:11.104,AAVE/USDT:USDT,297.33,82.3,297.32,28.9,297.34,7.0,297.36,27.7
1753503371204,04:16:11.204,AAVE/USDT:USDT,297.33,82.3,297.32,28.9,297.34,7.0,297.36,27.7
1753503371804,04:16:11.804,AAVE/USDT:USDT,297.33,96.3,297.32,15.1,297.34,7.5,297.36,27.7
1753503372004,04:16:12.004,AAVE/USDT:USDT,297.33,96.5,297.32,15.1,297.34,7.5,297.36,27.7
1753503372204,04:16:12.204,AAVE/USDT:USDT,297.33,136.6,297.32,15.1,297.34,8.8,297.36,27.7
1753503372404,04:16:12.404,AAVE/USDT:USDT,297.33,69.4,297.32,15.1,297.34,28.9,297.35,22.9
1753503373104,04:16:13.104,AAVE/USDT:USDT,297.33,62.8,297.32,0.8,297.34,47.0,297.35,22.9
1753503373804,04:16:13.804,AAVE/USDT:USDT,297.33,53.7,297.32,34.8,297.34,8.9,297.36,27.7
1753503375204,04:16:15.204,AAVE/USDT:USDT,297.33,28.7,297.32,14.3,297.34,1260.1,297.36,14.7
1753503375404,04:16:15.404,AAVE/USDT:USDT,297.33,28.7,297.32,14.3,297.34,1260.1,297.36,14.7
1753503375604,04:16:15.604,AAVE/USDT:USDT,297.33,28.7,297.32,14.3,297.34,1260.0,297.36,14.7
1753503376004,04:16:16.004,AAVE/USDT:USDT,297.33,80.5,297.32,28.1,297.34,1260.0,297.36,14.7
1753503376304,04:16:16.304,AAVE/USDT:USDT,297.33,80.5,297.32,28.1,297.34,1260.0,297.36,14.7
1753503376604,04:16:16.604,AAVE/USDT:USDT,297.33,53.6,297.32,14.3,297.34,1264.0,297.36,14.7
1753503376904,04:16:16.904,AAVE/USDT:USDT,297.33,28.7,297.32,0.8,297.34,1404.0,297.35,13.8
1753503377104,04:16:17.104,AAVE/USDT:USDT,297.33,28.7,297.32,0.8,297.34,1264.0,297.36,49.8
1753503377204,04:16:17.204,AAVE/USDT:USDT,297.33,28.7,297.32,0.8,297.34,1374.1,297.36,49.8
1753503377404,04:16:17.404,AAVE/USDT:USDT,297.33,28.7,297.32,0.8,297.34,1407.6,297.35,36.7
1753503377604,04:16:17.604,AAVE/USDT:USDT,297.33,28.7,297.32,0.8,297.34,1407.6,297.35,36.7
1753503377704,04:16:17.704,AAVE/USDT:USDT,297.33,28.7,297.32,0.8,297.34,1407.6,297.35,36.7
1753503378004,04:16:18.004,AAVE/USDT:USDT,297.33,28.7,297.32,0.8,297.34,1407.6,297.35,36.7
1753503378504,04:16:18.504,AAVE/USDT:USDT,297.32,2.2,297.31,1.3,297.33,404.5,297.34,1302.8
1753503378604,04:16:18.604,AAVE/USDT:USDT,297.31,1.0,297.3,1.1,297.32,374.8,297.33,476.5
1753503379504,04:16:19.504,AAVE/USDT:USDT,297.3,1.9,297.29,0.8,297.31,424.4,297.32,196.9
1753503379804,04:16:19.804,AAVE/USDT:USDT,297.3,1.9,297.29,0.8,297.31,401.5,297.32,174.0
1753503379904,04:16:19.904,AAVE/USDT:USDT,297.3,1.9,297.29,0.8,297.31,401.5,297.32,174.0
1753503380104,04:16:20.104,AAVE/USDT:USDT,297.3,1.9,297.29,0.8,297.31,401.5,297.32,196.7
1753503380504,04:16:20.504,AAVE/USDT:USDT,297.3,0.7,297.29,0.8,297.31,402.5,297.32,196.7
1753503380604,04:16:20.604,AAVE/USDT:USDT,297.3,0.7,297.29,0.8,297.31,402.5,297.32,196.7
1753503381204,04:16:21.204,AAVE/USDT:USDT,297.29,0.5,297.28,0.6,297.3,269.5,297.31,161.2
1753503381704,04:16:21.704,AAVE/USDT:USDT,297.29,15.4,297.28,0.3,297.3,214.6,297.31,157.4
1753503382104,04:16:22.104,AAVE/USDT:USDT,297.29,15.4,297.28,0.3,297.3,217.1,297.31,158.2
1753503382204,04:16:22.204,AAVE/USDT:USDT,297.29,15.4,297.28,0.3,297.3,218.4,297.31,158.2
1753503382504,04:16:22.504,AAVE/USDT:USDT,297.26,0.5,297.25,33.9,297.27,252.9,297.28,180.7
1753503382704,04:16:22.704,AAVE/USDT:USDT,297.26,0.5,297.25,33.9,297.27,254.2,297.28,156.0
1753503382904,04:16:22.904,AAVE/USDT:USDT,297.26,0.5,297.25,33.9,297.27,212.4,297.28,120.3
1753503383104,04:16:23.104,AAVE/USDT:USDT,297.26,18.9,297.25,33.6,297.27,29.5,297.28,74.0
1753503384004,04:16:24.004,AAVE/USDT:USDT,297.26,3.2,297.25,33.6,297.27,29.6,297.28,119.8
1753503384204,04:16:24.204,AAVE/USDT:USDT,297.26,3.2,297.25,33.6,297.27,29.6,297.28,119.8
1753503384504,04:16:24.504,AAVE/USDT:USDT,297.26,3.2,297.25,33.6,297.27,152.4,297.28,134.1
1753503384804,04:16:24.804,AAVE/USDT:USDT,297.26,0.9,297.25,33.6,297.27,192.4,297.28,134.1
1753503385204,04:16:25.204,AAVE/USDT:USDT,297.26,0.9,297.25,33.6,297.27,191.6,297.28,134.1
1753503385704,04:16:25.704,AAVE/USDT:USDT,297.26,3.0,297.25,33.6,297.27,194.7,297.28,134.1
1753503385904,04:16:25.904,AAVE/USDT:USDT,297.26,0.9,297.25,33.6,297.27,194.7,297.28,134.1
1753503386204,04:16:26.204,AAVE/USDT:USDT,297.26,0.9,297.25,33.6,297.27,194.7,297.28,133.3
1753503387204,04:16:27.204,AAVE/USDT:USDT,297.26,0.9,297.25,33.6,297.27,197.0,297.28,133.3
1753503387304,04:16:27.304,AAVE/USDT:USDT,297.26,0.9,297.25,33.6,297.27,197.0,297.28,133.3
1753503387404,04:16:27.404,AAVE/USDT:USDT,297.26,16.4,297.25,33.6,297.27,53.7,297.28,74.0
1753503387804,04:16:27.804,AAVE/USDT:USDT,297.26,88.7,297.25,63.8,297.27,24.9,297.29,4.0
1753503388304,04:16:28.304,AAVE/USDT:USDT,297.26,78.4,297.25,40.3,297.27,24.7,297.29,26.4
1753503388604,04:16:28.604,AAVE/USDT:USDT,297.26,212.1,297.25,48.7,297.27,24.9,297.29,4.0
1753503388904,04:16:28.904,AAVE/USDT:USDT,297.26,78.5,297.25,33.6,297.27,24.9,297.29,4.0
1753503389504,04:16:29.504,AAVE/USDT:USDT,297.26,98.6,297.25,33.6,297.27,24.9,297.29,4.0
1753503389704,04:16:29.704,AAVE/USDT:USDT,297.26,98.4,297.25,41.0,297.27,24.9,297.29,4.0
1753503390004,04:16:30.004,AAVE/USDT:USDT,297.26,98.5,297.25,41.0,297.27,24.9,297.29,4.0
1753503390204,04:16:30.204,AAVE/USDT:USDT,297.26,117.3,297.25,66.2,297.27,34.9,297.29,4.0
1753503390604,04:16:30.604,AAVE/USDT:USDT,297.26,80.4,297.25,40.3,297.27,34.7,297.29,4.0
1753503390704,04:16:30.704,AAVE/USDT:USDT,297.26,80.4,297.25,40.3,297.27,34.7,297.29,4.0
1753503390804,04:16:30.804,AAVE/USDT:USDT,297.26,80.4,297.25,62.7,297.27,34.7,297.29,4.0
1753503393004,04:16:33.004,AAVE/USDT:USDT,297.3,39.6,297.29,151.1,297.31,3.6,297.32,28.5
1753503393104,04:16:33.104,AAVE/USDT:USDT,297.3,41.7,297.29,42.3,297.31,3.8,297.32,28.5
1753503393204,04:16:33.204,AAVE/USDT:USDT,297.3,38.2,297.29,43.5,297.31,3.8,297.32,28.5
1753503393404,04:16:33.404,AAVE/USDT:USDT,297.3,38.5,297.29,43.5,297.31,3.8,297.32,28.5
1753503393604,04:16:33.604,AAVE/USDT:USDT,297.3,38.5,297.29,43.5,297.31,3.8,297.32,28.5
1753503393704,04:16:33.704,AAVE/USDT:USDT,297.31,195.0,297.3,94.7,297.32,0.1,297.34,1251.7
1753503393904,04:16:33.904,AAVE/USDT:USDT,297.31,215.7,297.3,94.0,297.32,0.1,297.34,1251.7
1753503394604,04:16:34.604,AAVE/USDT:USDT,297.31,215.7,297.3,94.9,297.32,3.6,297.34,1251.7
1753503395204,04:16:35.204,AAVE/USDT:USDT,297.31,80.4,297.3,59.1,297.32,3.6,297.34,1251.7
1753503395304,04:16:35.304,AAVE/USDT:USDT,297.31,80.4,297.3,59.1,297.32,3.6,297.34,1251.7
1753503395904,04:16:35.904,AAVE/USDT:USDT,297.31,188.9,297.3,72.5,297.32,22.9,297.34,1251.7
1753503396004,04:16:36.004,AAVE/USDT:USDT,297.31,188.9,297.3,72.5,297.32,23.2,297.34,1251.7
1753503396304,04:16:36.304,AAVE/USDT:USDT,297.31,102.8,297.3,94.9,297.32,23.2,297.34,1251.7
1753503397204,04:16:37.204,AAVE/USDT:USDT,297.31,187.4,297.3,94.9,297.32,23.2,297.34,1251.7
1753503397504,04:16:37.504,AAVE/USDT:USDT,297.31,163.2,297.3,72.5,297.32,33.7,297.34,1251.7
1753503397804,04:16:37.804,AAVE/USDT:USDT,297.31,198.0,297.3,95.6,297.32,33.7,297.34,1251.7
1753503398104,04:16:38.104,AAVE/USDT:USDT,297.31,204.7,297.3,94.9,297.32,33.7,297.34,1251.7
1753503399504,04:16:39.504,AAVE/USDT:USDT,297.31,170.1,297.3,59.1,297.32,66.8,297.34,1251.7
1753503399704,04:16:39.704,AAVE/USDT:USDT,297.31,125.3,297.3,94.9,297.32,66.8,297.34,1251.7
1753503399804,04:16:39.804,AAVE/USDT:USDT,297.31,173.7,297.3,59.1,297.32,66.7,297.34,1251.7
1753503399904,04:16:39.904,AAVE/USDT:USDT,297.31,194.4,297.3,79.8,297.32,66.6,297.34,1251.7
1753503400004,04:16:40.004,AAVE/USDT:USDT,297.31,194.4,297.3,79.8,297.32,66.6,297.34,1251.7
1753503400704,04:16:40.704,AAVE/USDT:USDT,297.31,194.6,297.3,79.8,297.32,48.4,297.34,1251.7
1753503401304,04:16:41.304,AAVE/USDT:USDT,297.31,206.8,297.3,92.0,297.32,48.4,297.34,1251.7
1753503401504,04:16:41.504,AAVE/USDT:USDT,297.31,206.8,297.3,92.0,297.32,48.4,297.34,1251.7
1753503402104,04:16:42.104,AAVE/USDT:USDT,297.33,90.8,297.32,108.1,297.34,1251.5,297.36,44.5
1753503402404,04:16:42.404,AAVE/USDT:USDT,297.33,76.2,297.32,108.7,297.34,1251.6,297.36,44.5
1753503402604,04:16:42.604,AAVE/USDT:USDT,297.33,55.5,297.32,108.7,297.34,1251.6,297.36,0.8
1753503402804,04:16:42.804,AAVE/USDT:USDT,297.33,85.2,297.32,108.7,297.34,1251.6,297.36,0.8
1753503402904,04:16:42.904,AAVE/USDT:USDT,297.33,45.6,297.32,75.6,297.34,1251.6,297.36,0.8
1753503403704,04:16:43.704,AAVE/USDT:USDT,297.33,1.9,297.31,13.0,297.34,1400.3,297.35,33.9
1753503404004,04:16:44.004,AAVE/USDT:USDT,297.28,0.1,297.27,0.5,297.29,289.6,297.3,71.9
1753503404104,04:16:44.104,AAVE/USDT:USDT,297.26,2.3,297.25,0.3,297.27,413.0,297.28,150.0
1753503404204,04:16:44.204,AAVE/USDT:USDT,297.26,2.5,297.24,0.5,297.27,438.0,297.28,150.1
1753503404304,04:16:44.304,AAVE/USDT:USDT,297.26,2.5,297.24,0.5,297.27,438.0,297.28,150.1
1753503404604,04:16:44.604,AAVE/USDT:USDT,297.26,2.5,297.24,0.5,297.27,438.0,297.28,150.1
1753503404904,04:16:44.904,AAVE/USDT:USDT,297.26,2.5,297.24,0.5,297.27,438.0,297.28,150.1
1753503405404,04:16:45.404,AAVE/USDT:USDT,297.24,0.3,297.23,0.1,297.25,309.4,297.26,60.6
1753503405704,04:16:45.704,AAVE/USDT:USDT,297.22,13.7,297.21,6.9,297.23,136.5,297.24,89.1
1753503405804,04:16:45.804,AAVE/USDT:USDT,297.22,67.6,297.21,6.9,297.23,118.5,297.24,72.0
1753503406604,04:16:46.604,AAVE/USDT:USDT,297.22,21.0,297.21,0.2,297.23,147.4,297.24,84.6
1753503406704,04:16:46.704,AAVE/USDT:USDT,297.2,36.2,297.19,6.7,297.21,85.1,297.22,77.2
1753503406804,04:16:46.804,AAVE/USDT:USDT,297.2,36.4,297.19,6.7,297.21,164.2,297.22,77.2
1753503406904,04:16:46.904,AAVE/USDT:USDT,297.2,36.3,297.19,6.7,297.21,164.2,297.22,77.2
1753503407004,04:16:47.004,AAVE/USDT:USDT,297.2,36.3,297.19,6.7,297.21,164.2,297.22,77.2
1753503407104,04:16:47.104,AAVE/USDT:USDT,297.2,36.2,297.19,6.7,297.21,141.0,297.22,77.2
1753503407404,04:16:47.404,AAVE/USDT:USDT,297.22,113.7,297.21,58.0,297.24,39.6,297.25,13.0
1753503407904,04:16:47.904,AAVE/USDT:USDT,297.25,39.3,297.24,51.7,297.26,42.5,297.27,72.3
1753503408004,04:16:48.004,AAVE/USDT:USDT,297.25,10.2,297.24,51.7,297.26,105.1,297.27,105.1
1753503408204,04:16:48.204,AAVE/USDT:USDT,297.23,33.7,297.22,31.8,297.24,200.9,297.25,77.5
1753503408304,04:16:48.304,AAVE/USDT:USDT,297.23,34.2,297.22,31.8,297.24,145.5,297.25,77.5
1753503408704,04:16:48.704,AAVE/USDT:USDT,297.23,44.2,297.22,31.8,297.24,73.2,297.25,21.0
1753503408904,04:16:48.904,AAVE/USDT:USDT,297.23,44.2,297.22,31.8,297.24,73.2,297.25,21.0
1753503409004,04:16:49.004,AAVE/USDT:USDT,297.23,44.2,297.22,31.8,297.24,73.2,297.25,21.0
1753503409704,04:16:49.704,AAVE/USDT:USDT,297.23,44.6,297.22,31.8,297.24,72.4,297.25,20.2
1753503409804,04:16:49.804,AAVE/USDT:USDT,297.23,44.6,297.22,31.8,297.24,72.4,297.25,20.2
1753503409904,04:16:49.904,AAVE/USDT:USDT,297.23,0.9,297.21,0.5,297.24,166.7,297.25,66.0
1753503410004,04:16:50.004,AAVE/USDT:USDT,297.23,1.1,297.21,0.5,297.24,166.9,297.25,66.0
1753503410804,04:16:50.804,AAVE/USDT:USDT,297.23,1.1,297.21,0.5,297.24,167.0,297.25,66.0
1753503410904,04:16:50.904,AAVE/USDT:USDT,297.23,1.1,297.21,0.5,297.24,167.0,297.25,66.0
1753503411504,04:16:51.504,AAVE/USDT:USDT,297.23,1.1,297.21,0.5,297.24,167.0,297.25,66.0
1753503411604,04:16:51.604,AAVE/USDT:USDT,297.23,1.1,297.21,0.5,297.24,167.0,297.25,66.0
1753503411704,04:16:51.704,AAVE/USDT:USDT,297.23,1.1,297.21,0.5,297.24,167.0,297.25,66.0
1753503412004,04:16:52.004,AAVE/USDT:USDT,297.23,1.1,297.21,0.5,297.24,167.0,297.25,66.0
1753503412104,04:16:52.104,AAVE/USDT:USDT,297.23,1.1,297.21,0.5,297.24,167.0,297.25,66.0
1753503412404,04:16:52.404,AAVE/USDT:USDT,297.23,1.1,297.21,0.5,297.24,167.0,297.25,66.0
1753503412504,04:16:52.504,AAVE/USDT:USDT,297.23,1.1,297.21,0.5,297.24,167.0,297.25,66.0
1753503412604,04:16:52.604,AAVE/USDT:USDT,297.23,1.1,297.21,0.5,297.24,167.0,297.25,66.0
1753503412804,04:16:52.804,AAVE/USDT:USDT,297.23,1.1,297.21,0.5,297.24,147.0,297.25,46.0
1753503412904,04:16:52.904,AAVE/USDT:USDT,297.23,1.1,297.21,0.5,297.24,147.0,297.25,46.0
1753503413004,04:16:53.004,AAVE/USDT:USDT,297.23,1.1,297.21,0.5,297.24,167.0,297.25,66.0
1753503413104,04:16:53.104,AAVE/USDT:USDT,297.23,1.1,297.21,0.5,297.24,170.1,297.25,66.0
1753503413504,04:16:53.504,AAVE/USDT:USDT,297.23,1.1,297.21,0.5,297.24,150.1,297.25,46.0
1753503414004,04:16:54.004,AAVE/USDT:USDT,297.26,42.6,297.25,20.2,297.27,79.8,297.28,26.4
1753503414404,04:16:54.404,AAVE/USDT:USDT,297.26,45.4,297.25,20.2,297.27,79.8,297.28,26.4
1753503414704,04:16:54.704,AAVE/USDT:USDT,297.26,45.4,297.25,20.2,297.27,188.3,297.28,83.9
1753503414804,04:16:54.804,AAVE/USDT:USDT,297.26,45.4,297.25,20.2,297.27,79.6,297.28,83.9
1753503415304,04:16:55.304,AAVE/USDT:USDT,297.26,45.4,297.25,20.2,297.27,40.1,297.28,83.9
1753503415904,04:16:55.904,AAVE/USDT:USDT,297.26,22.0,297.24,52.8,297.27,88.8,297.28,83.9
1753503416004,04:16:56.004,AAVE/USDT:USDT,297.26,22.0,297.24,52.8,297.27,63.7,297.28,83.9
1753503416104,04:16:56.104,AAVE/USDT:USDT,297.26,22.0,297.24,52.8,297.27,74.1,297.28,83.9
1753503416404,04:16:56.404,AAVE/USDT:USDT,297.26,57.3,297.24,73.1,297.27,20.5,297.28,26.4
1753503416504,04:16:56.504,AAVE/USDT:USDT,297.26,57.5,297.24,73.1,297.27,20.5,297.28,26.4
1753503416804,04:16:56.804,AAVE/USDT:USDT,297.28,107.1,297.27,22.1,297.29,0.1,297.3,20.5
1753503416904,04:16:56.904,AAVE/USDT:USDT,297.28,45.5,297.27,20.1,297.29,151.9,297.3,72.0
1753503417004,04:16:57.004,AAVE/USDT:USDT,297.26,24.8,297.24,52.8,297.27,128.0,297.28,107.1
1753503417204,04:16:57.204,AAVE/USDT:USDT,297.26,28.4,297.24,52.8,297.27,79.8,297.28,95.1
1753503417504,04:16:57.504,AAVE/USDT:USDT,297.29,25.8,297.28,86.1,297.3,39.6,297.31,8.0
1753503417604,04:16:57.604,AAVE/USDT:USDT,297.29,52.0,297.28,64.7,297.3,20.6,297.31,7.7
1753503417704,04:16:57.704,AAVE/USDT:USDT,297.29,52.2,297.28,64.7,297.3,20.6,297.31,7.7
1753503417804,04:16:57.804,AAVE/USDT:USDT,297.29,52.2,297.28,93.7,297.3,20.6,297.31,7.7
1753503417904,04:16:57.904,AAVE/USDT:USDT,297.29,52.7,297.28,93.7,297.3,20.6,297.31,7.7
1753503418804,04:16:58.804,AAVE/USDT:USDT,297.29,26.9,297.28,45.3,297.3,20.5,297.31,3.6
1753503420804,04:17:00.804,AAVE/USDT:USDT,297.29,64.6,297.28,45.3,297.3,0.1,297.32,0.4
1753503420904,04:17:00.904,AAVE/USDT:USDT,297.29,169.8,297.28,92.7,297.3,0.2,297.31,0.2
1753503421204,04:17:01.204,AAVE/USDT:USDT,297.29,212.9,297.28,93.4,297.3,0.2,297.31,0.2
1753503421304,04:17:01.304,AAVE/USDT:USDT,297.29,212.9,297.28,93.4,297.3,0.2,297.31,0.2
1753503421504,04:17:01.504,AAVE/USDT:USDT,297.29,173.1,297.28,64.7,297.3,0.2,297.31,0.2
1753503421704,04:17:01.704,AAVE/USDT:USDT,297.29,287.3,297.28,93.4,297.3,0.2,297.31,0.2
1753503421804,04:17:01.804,AAVE/USDT:USDT,297.29,287.3,297.28,93.4,297.3,0.2,297.31,0.2
1753503421904,04:17:01.904,AAVE/USDT:USDT,297.29,267.9,297.28,93.4,297.3,0.2,297.31,0.2
1753503422004,04:17:02.004,AAVE/USDT:USDT,297.29,267.9,297.28,74.0,297.3,0.3,297.31,0.2
1753503422104,04:17:02.104,AAVE/USDT:USDT,297.3,314.3,297.29,161.1,297.31,0.2,297.32,0.3
1753503422304,04:17:02.304,AAVE/USDT:USDT,297.3,352.1,297.29,169.4,297.31,0.2,297.32,0.3
1753503422404,04:17:02.404,AAVE/USDT:USDT,297.3,333.5,297.29,169.4,297.31,0.2,297.32,0.3
1753503422604,04:17:02.604,AAVE/USDT:USDT,297.3,346.6,297.29,168.6,297.31,0.2,297.32,0.3
1753503423404,04:17:03.404,AAVE/USDT:USDT,297.3,218.4,297.29,149.3,297.31,0.9,297.32,0.3
1753503423604,04:17:03.604,AAVE/USDT:USDT,297.3,256.7,297.29,168.6,297.31,0.9,297.32,0.3
1753503424204,04:17:04.204,AAVE/USDT:USDT,297.3,170.5,297.29,148.4,297.31,0.9,297.32,18.4
1753503424604,04:17:04.604,AAVE/USDT:USDT,297.3,335.2,297.29,167.7,297.31,0.9,297.32,18.4
1753503424704,04:17:04.704,AAVE/USDT:USDT,297.3,226.7,297.29,167.7,297.31,0.9,297.32,18.4
1753503424804,04:17:04.804,AAVE/USDT:USDT,297.3,335.2,297.29,167.7,297.31,0.9,297.32,18.4
1753503425204,04:17:05.204,AAVE/USDT:USDT,297.3,190.2,297.29,149.1,297.31,0.9,297.32,18.4
1753503425404,04:17:05.404,AAVE/USDT:USDT,297.3,56.8,297.29,117.2,297.31,41.1,297.32,49.4
1753503426304,04:17:06.304,AAVE/USDT:USDT,297.29,36.4,297.28,0.1,297.3,209.2,297.31,130.5
1753503426604,04:17:06.604,AAVE/USDT:USDT,297.29,36.4,297.28,0.1,297.3,349.2,297.31,130.5
1753503426904,04:17:06.904,AAVE/USDT:USDT,297.29,36.4,297.28,0.1,297.3,349.2,297.31,130.5
1753503427204,04:17:07.204,AAVE/USDT:USDT,297.29,36.4,297.28,18.2,297.3,164.3,297.31,53.1
1753503427304,04:17:07.304,AAVE/USDT:USDT,297.29,54.0,297.28,18.2,297.3,50.6,297.31,53.1
1753503427904,04:17:07.904,AAVE/USDT:USDT,297.29,36.2,297.28,18.2,297.3,277.7,297.31,89.7
1753503428404,04:17:08.404,AAVE/USDT:USDT,297.29,46.0,297.28,0.1,297.3,226.8,297.31,92.3
1753503429004,04:17:09.004,AAVE/USDT:USDT,297.29,46.0,297.28,0.1,297.3,226.8,297.31,32.4
1753503429104,04:17:09.104,AAVE/USDT:USDT,297.29,46.0,297.28,0.1,297.3,226.8,297.31,92.3
1753503429904,04:17:09.904,AAVE/USDT:USDT,297.29,46.0,297.28,0.1,297.3,279.1,297.31,113.3
1753503430104,04:17:10.104,AAVE/USDT:USDT,297.29,46.0,297.28,0.1,297.3,279.9,297.31,113.3
1753503430804,04:17:10.804,AAVE/USDT:USDT,297.29,46.0,297.28,0.1,297.3,279.9,297.31,113.3
1753503431104,04:17:11.104,AAVE/USDT:USDT,297.29,45.2,297.28,0.1,297.3,279.2,297.31,112.6
1753503431204,04:17:11.204,AAVE/USDT:USDT,297.29,45.2,297.28,0.1,297.3,279.2,297.31,112.6
1753503431604,04:17:11.604,AAVE/USDT:USDT,297.29,45.3,297.28,0.1,297.3,279.2,297.31,112.6
1753503431904,04:17:11.904,AAVE/USDT:USDT,297.29,45.3,297.28,0.1,297.3,279.2,297.31,112.6
1753503432504,04:17:12.504,AAVE/USDT:USDT,297.29,45.7,297.28,0.1,297.3,228.8,297.31,52.7
1753503432704,04:17:12.704,AAVE/USDT:USDT,297.29,45.7,297.28,0.1,297.3,228.8,297.31,112.3
1753503433404,04:17:13.404,AAVE/USDT:USDT,297.29,45.7,297.28,0.1,297.3,229.5,297.31,113.0
1753503433504,04:17:13.504,AAVE/USDT:USDT,297.29,45.7,297.28,0.1,297.3,228.8,297.31,78.4
1753503433904,04:17:13.904,AAVE/USDT:USDT,297.29,45.7,297.28,0.1,297.3,260.1,297.31,112.3
1753503434904,04:17:14.904,AAVE/USDT:USDT,297.29,56.5,297.28,0.1,297.3,228.9,297.31,92.0
1753503435004,04:17:15.004,AAVE/USDT:USDT,297.29,56.5,297.28,0.1,297.3,228.9,297.31,92.0
1753503435104,04:17:15.104,AAVE/USDT:USDT,297.29,75.8,297.28,0.1,297.3,228.9,297.31,58.1
1753503435504,04:17:15.504,AAVE/USDT:USDT,297.29,80.4,297.28,0.1,297.3,259.0,297.31,113.0
1753503435604,04:17:15.604,AAVE/USDT:USDT,297.29,80.4,297.28,0.1,297.3,227.7,297.31,113.0
1753503436004,04:17:16.004,AAVE/USDT:USDT,297.29,80.4,297.28,0.1,297.3,227.7,297.31,92.7
1753503436104,04:17:16.104,AAVE/USDT:USDT,297.29,80.4,297.28,0.1,297.3,227.7,297.31,92.7
1753503436204,04:17:16.204,AAVE/USDT:USDT,297.29,80.4,297.28,0.1,297.3,227.7,297.31,58.1
1753503436304,04:17:16.304,AAVE/USDT:USDT,297.29,80.4,297.28,0.1,297.3,227.7,297.31,92.0
1753503436504,04:17:16.504,AAVE/USDT:USDT,297.29,80.4,297.28,0.1,297.3,259.0,297.31,92.0
1753503436704,04:17:16.704,AAVE/USDT:USDT,297.29,80.4,297.28,0.1,297.3,227.7,297.31,92.0
1753503436904,04:17:16.904,AAVE/USDT:USDT,297.29,80.4,297.28,0.1,297.3,259.7,297.31,92.7
1753503437004,04:17:17.004,AAVE/USDT:USDT,297.29,80.4,297.28,0.1,297.3,227.7,297.31,92.0
1753503437104,04:17:17.104,AAVE/USDT:USDT,297.29,79.5,297.28,0.1,297.3,227.7,297.31,92.0
1753503437804,04:17:17.804,AAVE/USDT:USDT,297.29,79.5,297.28,0.1,297.3,227.7,297.31,92.0
1753503438004,04:17:18.004,AAVE/USDT:USDT,297.29,79.5,297.28,0.1,297.3,227.7,297.31,58.1
1753503438104,04:17:18.104,AAVE/USDT:USDT,297.29,79.5,297.28,0.1,297.3,227.7,297.31,92.0
1753503438204,04:17:18.204,AAVE/USDT:USDT,297.29,79.5,297.28,0.1,297.3,227.7,297.31,92.0
1753503439004,04:17:19.004,AAVE/USDT:USDT,297.29,79.5,297.28,0.1,297.3,227.7,297.31,112.3
1753503439104,04:17:19.104,AAVE/USDT:USDT,297.29,79.5,297.28,0.1,297.3,227.7,297.31,112.3
1753503439204,04:17:19.204,AAVE/USDT:USDT,297.29,79.5,297.28,0.1,297.3,279.3,297.31,113.0
1753503439604,04:17:19.604,AAVE/USDT:USDT,297.29,79.4,297.28,0.1,297.3,228.0,297.31,92.0
1753503439804,04:17:19.804,AAVE/USDT:USDT,297.29,79.4,297.28,0.1,297.3,259.5,297.31,92.0
1753503440704,04:17:20.704,AAVE/USDT:USDT,297.29,78.9,297.28,0.1,297.3,228.2,297.31,58.1
1753503440904,04:17:20.904,AAVE/USDT:USDT,297.29,78.9,297.28,0.1,297.3,228.2,297.31,66.3
1753503441004,04:17:21.004,AAVE/USDT:USDT,297.29,78.9,297.28,0.1,297.3,259.5,297.31,110.2
1753503441104,04:17:21.104,AAVE/USDT:USDT,297.29,84.3,297.28,0.1,297.3,259.5,297.31,110.2
1753503441204,04:17:21.204,AAVE/USDT:USDT,297.29,84.3,297.28,0.1,297.3,228.2,297.31,110.2
1753503441304,04:17:21.304,AAVE/USDT:USDT,297.29,84.3,297.28,0.1,297.3,228.2,297.31,110.2
1753503441404,04:17:21.404,AAVE/USDT:USDT,297.29,84.3,297.28,0.1,297.3,228.2,297.31,76.3
1753503441704,04:17:21.704,AAVE/USDT:USDT,297.29,83.8,297.28,0.1,297.3,228.2,297.31,32.4
1753503441904,04:17:21.904,AAVE/USDT:USDT,297.31,375.1,297.3,167.6,297.32,0.3,297.33,0.4
1753503442204,04:17:22.204,AAVE/USDT:USDT,297.31,180.0,297.3,117.2,297.32,0.3,297.33,0.4
1753503442704,04:17:22.704,AAVE/USDT:USDT,297.31,319.0,297.3,117.2,297.32,0.3,297.33,0.4
1753503442804,04:17:22.804,AAVE/USDT:USDT,297.31,319.0,297.3,117.2,297.32,0.3,297.33,0.4
1753503442904,04:17:22.904,AAVE/USDT:USDT,297.31,319.0,297.3,117.2,297.32,0.3,297.33,0.4
1753503443004,04:17:23.004,AAVE/USDT:USDT,297.31,319.0,297.3,117.2,297.32,0.3,297.33,0.4
1753503443404,04:17:23.404,AAVE/USDT:USDT,297.31,67.7,297.3,116.1,297.32,0.3,297.33,0.4
1753503443504,04:17:23.504,AAVE/USDT:USDT,297.31,47.8,297.3,97.5,297.32,0.3,297.33,0.4
1753503443604,04:17:23.604,AAVE/USDT:USDT,297.31,47.6,297.3,97.5,297.32,0.3,297.33,0.4
1753503443704,04:17:23.704,AAVE/USDT:USDT,297.33,98.9,297.32,88.6,297.34,1179.9,297.36,23.4
1753503443904,04:17:23.904,AAVE/USDT:USDT,297.33,38.0,297.32,42.0,297.34,1214.3,297.36,55.1
1753503444004,04:17:24.004,AAVE/USDT:USDT,297.33,17.8,297.32,20.2,297.34,1284.1,297.35,73.6
1753503444104,04:17:24.104,AAVE/USDT:USDT,297.33,17.8,297.32,20.2,297.34,1265.1,297.35,53.9
1753503444204,04:17:24.204,AAVE/USDT:USDT,297.33,17.8,297.32,20.2,297.34,1339.4,297.35,73.6
1753503444404,04:17:24.404,AAVE/USDT:USDT,297.33,17.8,297.32,20.2,297.34,1339.4,297.35,72.9
1753503444504,04:17:24.504,AAVE/USDT:USDT,297.33,17.8,297.32,20.2,297.34,1308.1,297.35,22.2
1753503444704,04:17:24.704,AAVE/USDT:USDT,297.33,17.8,297.32,20.2,297.34,1340.1,297.35,54.6
1753503445304,04:17:25.304,AAVE/USDT:USDT,297.33,48.7,297.32,38.3,297.34,1180.1,297.36,55.1
1753503445904,04:17:25.904,AAVE/USDT:USDT,297.33,10.9,297.32,18.1,297.34,1231.9,297.35,73.2
1753503446004,04:17:26.004,AAVE/USDT:USDT,297.33,10.9,297.32,18.1,297.34,1231.9,297.35,73.2
1753503446204,04:17:26.204,AAVE/USDT:USDT,297.33,11.8,297.31,33.7,297.34,1231.9,297.35,73.2
1753503446604,04:17:26.604,AAVE/USDT:USDT,297.33,11.8,297.31,33.7,297.34,1340.4,297.35,73.2
1753503447704,04:17:27.704,AAVE/USDT:USDT,297.29,74.4,297.28,0.2,297.3,184.6,297.31,102.7
1753503447804,04:17:27.804,AAVE/USDT:USDT,297.29,74.4,297.28,0.2,297.3,203.3,297.31,129.9
1753503448104,04:17:28.104,AAVE/USDT:USDT,297.29,74.4,297.28,0.2,297.3,311.8,297.31,129.9
1753503448204,04:17:28.204,AAVE/USDT:USDT,297.29,74.4,297.28,0.2,297.3,311.8,297.31,129.9
1753503448604,04:17:28.604,AAVE/USDT:USDT,297.29,74.5,297.28,0.2,297.3,261.9,297.31,129.6
1753503448804,04:17:28.804,AAVE/USDT:USDT,297.29,74.5,297.28,0.2,297.3,311.8,297.31,129.6
1753503449004,04:17:29.004,AAVE/USDT:USDT,297.29,74.5,297.28,0.2,297.3,311.8,297.31,129.6
1753503449304,04:17:29.304,AAVE/USDT:USDT,297.29,84.3,297.28,0.2,297.3,153.4,297.31,76.8
1753503449504,04:17:29.504,AAVE/USDT:USDT,297.29,84.3,297.28,0.2,297.3,261.9,297.31,71.2
1753503449904,04:17:29.904,AAVE/USDT:USDT,297.29,84.3,297.28,0.2,297.3,293.1,297.31,132.3
1753503450004,04:17:30.004,AAVE/USDT:USDT,297.29,84.3,297.28,0.2,297.3,293.1,297.31,132.3
1753503450104,04:17:30.104,AAVE/USDT:USDT,297.29,84.3,297.28,0.2,297.3,153.4,297.31,132.3
1753503450404,04:17:30.404,AAVE/USDT:USDT,297.29,103.6,297.28,20.9,297.3,55.0,297.31,52.5
1753503450704,04:17:30.704,AAVE/USDT:USDT,297.29,102.9,297.28,20.2,297.3,48.3,297.31,52.5
1753503450904,04:17:30.904,AAVE/USDT:USDT,297.29,102.9,297.28,20.2,297.3,48.3,297.31,52.5
1753503451204,04:17:31.204,AAVE/USDT:USDT,297.28,23.5,297.27,0.2,297.29,126.4,297.3,56.9
1753503451604,04:17:31.604,AAVE/USDT:USDT,297.28,28.7,297.27,0.2,297.29,126.9,297.3,77.5
1753503451904,04:17:31.904,AAVE/USDT:USDT,297.28,28.7,297.27,0.2,297.29,126.8,297.3,57.2
1753503452204,04:17:32.204,AAVE/USDT:USDT,297.28,214.7,297.27,55.6,297.29,0.7,297.3,0.5
1753503452304,04:17:32.304,AAVE/USDT:USDT,297.28,309.9,297.27,55.6,297.29,0.7,297.3,0.5
1753503452404,04:17:32.404,AAVE/USDT:USDT,297.28,289.6,297.27,55.6,297.29,0.7,297.3,0.5
1753503452804,04:17:32.804,AAVE/USDT:USDT,297.32,234.1,297.31,98.1,297.33,0.1,297.34,1180.0
1753503453004,04:17:33.004,AAVE/USDT:USDT,297.32,125.8,297.31,97.4,297.33,0.1,297.34,1180.0
1753503453504,04:17:33.504,AAVE/USDT:USDT,297.33,271.8,297.32,92.7,297.34,1180.2,297.35,59.7
1753503453604,04:17:33.604,AAVE/USDT:USDT,297.33,219.8,297.32,92.7,297.34,1180.2,297.36,177.9
1753503453704,04:17:33.704,AAVE/USDT:USDT,297.33,182.7,297.32,92.7,297.34,1180.2,297.36,177.9
1753503453804,04:17:33.804,AAVE/USDT:USDT,297.33,163.3,297.32,92.7,297.34,1180.2,297.36,177.9
1753503454804,04:17:34.804,AAVE/USDT:USDT,297.33,122.9,297.32,40.2,297.34,1180.2,297.35,47.1
1753503455004,04:17:35.004,AAVE/USDT:USDT,297.33,122.9,297.32,40.2,297.34,1180.2,297.35,47.1
1753503455104,04:17:35.104,AAVE/USDT:USDT,297.33,116.1,297.32,40.2,297.34,1180.2,297.35,47.1
1753503455704,04:17:35.704,AAVE/USDT:USDT,297.33,95.9,297.31,20.5,297.34,1229.8,297.35,77.2
1753503456004,04:17:36.004,AAVE/USDT:USDT,297.33,109.7,297.32,19.0,297.34,1180.2,297.35,26.6
1753503456204,04:17:36.204,AAVE/USDT:USDT,297.33,109.7,297.32,19.0,297.34,1180.2,297.35,26.6
1753503456504,04:17:36.504,AAVE/USDT:USDT,297.33,93.8,297.31,33.7,297.34,1180.5,297.35,31.6
1753503456904,04:17:36.904,AAVE/USDT:USDT,297.33,93.8,297.31,33.7,297.34,1180.5,297.35,31.6
1753503457004,04:17:37.004,AAVE/USDT:USDT,297.33,93.8,297.31,33.7,297.34,1211.7,297.35,31.6
1753503457104,04:17:37.104,AAVE/USDT:USDT,297.33,94.9,297.31,33.7,297.34,1180.5,297.35,31.6
1753503457704,04:17:37.704,AAVE/USDT:USDT,297.33,154.0,297.32,68.5,297.34,1180.5,297.36,1.3
1753503457804,04:17:37.804,AAVE/USDT:USDT,297.33,171.8,297.32,69.2,297.34,1180.5,297.36,1.3
1753503458004,04:17:38.004,AAVE/USDT:USDT,297.33,154.0,297.32,69.2,297.34,1180.5,297.36,1.3
1753503458404,04:17:38.404,AAVE/USDT:USDT,297.33,282.3,297.32,75.2,297.34,1180.5,297.36,1.3
1753503458704,04:17:38.704,AAVE/USDT:USDT,297.33,282.3,297.32,75.2,297.34,1180.5,297.36,1.3
1753503459004,04:17:39.004,AAVE/USDT:USDT,297.33,153.8,297.32,75.2,297.34,1180.5,297.36,1.3
1753503459304,04:17:39.304,AAVE/USDT:USDT,297.33,177.3,297.32,75.9,297.34,1180.5,297.36,1.3
1753503459604,04:17:39.604,AAVE/USDT:USDT,297.33,263.3,297.32,69.2,297.34,1180.4,297.36,1.3
1753503459704,04:17:39.704,AAVE/USDT:USDT,297.33,244.6,297.32,69.2,297.34,1180.4,297.36,1.3
1753503459804,04:17:39.804,AAVE/USDT:USDT,297.33,263.3,297.32,69.2,297.34,1180.4,297.36,1.3
1753503460204,04:17:40.204,AAVE/USDT:USDT,297.33,224.4,297.32,41.5,297.34,1180.4,297.36,1.3
1753503460304,04:17:40.304,AAVE/USDT:USDT,297.33,224.4,297.32,69.2,297.34,1180.4,297.36,1.3
1753503460804,04:17:40.804,AAVE/USDT:USDT,297.33,232.8,297.32,40.8,297.34,1181.0,297.36,1.3
1753503460904,04:17:40.904,AAVE/USDT:USDT,297.33,251.7,297.32,68.5,297.34,1181.0,297.36,1.3
1753503461004,04:17:41.004,AAVE/USDT:USDT,297.33,360.2,297.32,68.5,297.34,1181.0,297.36,1.3
1753503461104,04:17:41.104,AAVE/USDT:USDT,297.33,380.4,297.32,68.5,297.34,1181.0,297.36,1.3
1753503461204,04:17:41.204,AAVE/USDT:USDT,297.33,271.7,297.32,68.5,297.34,1181.0,297.36,1.3
1753503461404,04:17:41.404,AAVE/USDT:USDT,297.33,360.2,297.32,40.8,297.34,1181.0,297.36,1.3
1753503461804,04:17:41.804,AAVE/USDT:USDT,297.33,196.1,297.31,20.5,297.34,1231.3,297.35,31.2
1753503462304,04:17:42.304,AAVE/USDT:USDT,297.33,196.1,297.31,39.2,297.34,1231.3,297.35,31.2
1753503462404,04:17:42.404,AAVE/USDT:USDT,297.33,214.8,297.32,18.7,297.34,1200.1,297.36,32.5
1753503462804,04:17:42.804,AAVE/USDT:USDT,297.33,196.1,297.31,39.2,297.34,1200.1,297.35,31.2
1753503463504,04:17:43.504,AAVE/USDT:USDT,297.33,208.2,297.31,20.5,297.34,1200.1,297.35,31.2
1753503463704,04:17:43.704,AAVE/USDT:USDT,297.33,208.2,297.31,0.3,297.34,1231.3,297.35,31.2
1753503464304,04:17:44.304,AAVE/USDT:USDT,297.33,208.2,297.31,0.3,297.34,1231.3,297.35,49.9
1753503464404,04:17:44.404,AAVE/USDT:USDT,297.33,208.2,297.31,0.3,297.34,1231.3,297.35,49.9
1753503464704,04:17:44.704,AAVE/USDT:USDT,297.33,208.2,297.31,0.3,297.34,1231.3,297.35,49.9
1753503464804,04:17:44.804,AAVE/USDT:USDT,297.33,208.2,297.31,0.3,297.34,1231.3,297.35,49.9
1753503464904,04:17:44.904,AAVE/USDT:USDT,297.33,208.2,297.31,0.3,297.34,1231.3,297.35,49.9
1753503465104,04:17:45.104,AAVE/USDT:USDT,297.33,208.2,297.31,0.3,297.34,1231.3,297.35,31.2
1753503465504,04:17:45.504,AAVE/USDT:USDT,297.33,208.7,297.31,0.3,297.34,1272.2,297.35,49.9
1753503465704,04:17:45.704,AAVE/USDT:USDT,297.33,208.7,297.31,0.3,297.34,1359.3,297.35,50.6
1753503465904,04:17:45.904,AAVE/USDT:USDT,297.28,0.1,297.26,64.2,297.29,169.5,297.3,46.3
1753503466004,04:17:46.004,AAVE/USDT:USDT,297.33,54.1,297.32,219.1,297.34,1180.9,297.35,0.3
1753503466504,04:17:46.504,AAVE/USDT:USDT,297.32,89.5,297.31,52.7,297.33,21.9,297.34,1180.9
1753503466604,04:17:46.604,AAVE/USDT:USDT,297.32,89.7,297.31,52.7,297.33,21.9,297.34,1180.9
1753503466704,04:17:46.704,AAVE/USDT:USDT,297.32,89.7,297.31,52.7,297.33,22.2,297.34,1180.6
1753503466904,04:17:46.904,AAVE/USDT:USDT,297.32,89.7,297.31,52.7,297.33,22.2,297.34,1221.7
1753503467104,04:17:47.104,AAVE/USDT:USDT,297.32,89.7,297.31,52.7,297.33,22.2,297.34,1180.6
1753503467204,04:17:47.204,AAVE/USDT:USDT,297.32,89.7,297.31,52.7,297.33,22.2,297.34,1180.6
1753503467404,04:17:47.404,AAVE/USDT:USDT,297.31,26.4,297.3,7.3,297.32,159.3,297.33,460.5
1753503467704,04:17:47.704,AAVE/USDT:USDT,297.31,26.4,297.3,7.3,297.32,92.0,297.33,475.2
1753503468104,04:17:48.104,AAVE/USDT:USDT,297.32,46.0,297.31,35.9,297.33,61.1,297.34,1229.0
1753503468504,04:17:48.504,AAVE/USDT:USDT,297.3,0.1,297.29,0.3,297.31,219.2,297.32,179.0
1753503468604,04:17:48.604,AAVE/USDT:USDT,297.28,50.1,297.26,39.3,297.29,25.4,297.3,117.4
1753503469004,04:17:49.004,AAVE/USDT:USDT,297.28,0.1,297.26,26.1,297.29,167.8,297.3,138.9
1753503469604,04:17:49.604,AAVE/USDT:USDT,297.28,0.1,297.26,36.2,297.29,168.5,297.3,138.2
1753503469804,04:17:49.804,AAVE/USDT:USDT,297.24,0.3,297.23,0.3,297.25,238.2,297.26,232.3
1753503469904,04:17:49.904,AAVE/USDT:USDT,297.24,0.3,297.23,0.3,297.25,238.2,297.26,232.3
1753503470104,04:17:50.104,AAVE/USDT:USDT,297.24,53.1,297.22,39.3,297.25,23.2,297.26,87.1
1753503470804,04:17:50.804,AAVE/USDT:USDT,297.24,34.2,297.22,39.3,297.25,21.9,297.26,87.1
1753503470904,04:17:50.904,AAVE/USDT:USDT,297.24,75.3,297.22,39.3,297.25,21.9,297.26,47.0
1753503471004,04:17:51.004,AAVE/USDT:USDT,297.24,75.3,297.22,39.3,297.25,21.9,297.26,47.0
1753503471704,04:17:51.704,AAVE/USDT:USDT,297.24,14.9,297.22,36.9,297.25,59.4,297.26,69.6
1753503471804,04:17:51.804,AAVE/USDT:USDT,297.24,14.9,297.22,36.9,297.25,156.2,297.26,91.7
1753503472004,04:17:52.004,AAVE/USDT:USDT,297.24,14.9,297.22,36.9,297.25,113.4,297.26,91.7
1753503472204,04:17:52.204,AAVE/USDT:USDT,297.24,14.9,297.22,36.9,297.25,113.4,297.26,69.6
1753503472404,04:17:52.404,AAVE/USDT:USDT,297.24,99.5,297.22,75.1,297.25,2.0,297.26,26.8
1753503472604,04:17:52.604,AAVE/USDT:USDT,297.24,208.2,297.23,76.2,297.25,2.0,297.26,26.8
1753503472804,04:17:52.804,AAVE/USDT:USDT,297.24,214.9,297.23,82.9,297.25,2.0,297.27,0.3
1753503472904,04:17:52.904,AAVE/USDT:USDT,297.24,214.9,297.23,82.9,297.25,2.0,297.27,0.3
1753503473204,04:17:53.204,AAVE/USDT:USDT,297.24,214.9,297.23,82.9,297.25,2.0,297.27,0.3
1753503473704,04:17:53.704,AAVE/USDT:USDT,297.24,216.6,297.23,82.9,297.25,2.2,297.27,0.3
1753503473904,04:17:53.904,AAVE/USDT:USDT,297.24,90.6,297.23,6.7,297.25,2.2,297.27,0.3
1753503474004,04:17:54.004,AAVE/USDT:USDT,297.24,218.8,297.23,6.7,297.25,2.2,297.27,0.3
1753503474104,04:17:54.104,AAVE/USDT:USDT,297.24,218.8,297.23,6.7,297.25,2.2,297.27,0.3
1753503474204,04:17:54.204,AAVE/USDT:USDT,297.24,239.0,297.23,79.5,297.25,2.4,297.27,0.3
1753503474604,04:17:54.604,AAVE/USDT:USDT,297.22,64.4,297.21,37.5,297.23,27.2,297.24,52.3
1753503475104,04:17:55.104,AAVE/USDT:USDT,297.23,85.3,297.22,84.5,297.24,25.7,297.25,41.0
1753503475704,04:17:55.704,AAVE/USDT:USDT,297.23,85.3,297.22,64.2,297.24,52.5,297.25,41.0
1753503476204,04:17:56.204,AAVE/USDT:USDT,297.23,88.2,297.22,84.3,297.24,52.4,297.25,41.0
1753503477904,04:17:57.904,AAVE/USDT:USDT,297.24,367.5,297.23,117.2,297.25,57.7,297.27,13.7
1753503478004,04:17:58.004,AAVE/USDT:USDT,297.24,367.5,297.23,117.2,297.25,57.7,297.27,13.7
1753503478104,04:17:58.104,AAVE/USDT:USDT,297.24,367.5,297.23,117.2,297.25,57.7,297.27,13.7
1753503478204,04:17:58.204,AAVE/USDT:USDT,297.24,367.5,297.23,117.2,297.25,57.7,297.27,13.7
1753503478504,04:17:58.504,AAVE/USDT:USDT,297.24,367.5,297.23,97.0,297.25,1.4,297.27,13.7
1753503479104,04:17:59.104,AAVE/USDT:USDT,297.24,351.2,297.23,124.7,297.25,47.5,297.27,13.7
1753503479604,04:17:59.604,AAVE/USDT:USDT,297.24,351.2,297.23,124.7,297.25,47.5,297.27,13.7
1753503479704,04:17:59.704,AAVE/USDT:USDT,297.24,351.2,297.23,124.7,297.25,47.5,297.27,13.7
1753503479904,04:17:59.904,AAVE/USDT:USDT,297.24,351.2,297.23,124.7,297.25,47.5,297.27,13.7
1753503480204,04:18:00.204,AAVE/USDT:USDT,297.29,136.3,297.28,85.5,297.3,27.5,297.31,13.7
1753503480404,04:18:00.404,AAVE/USDT:USDT,297.29,86.4,297.28,26.8,297.3,32.8,297.31,46.6
1753503481004,04:18:01.004,AAVE/USDT:USDT,297.29,29.2,297.28,97.5,297.3,34.4,297.31,46.6
1753503481104,04:18:01.104,AAVE/USDT:USDT,297.29,29.8,297.28,97.5,297.3,36.6,297.31,46.6
1753503481204,04:18:01.204,AAVE/USDT:USDT,297.29,129.7,297.28,118.0,297.3,0.2,297.32,140.6
1753503481404,04:18:01.404,AAVE/USDT:USDT,297.3,4.3,297.29,25.0,297.31,112.2,297.32,239.7
1753503481504,04:18:01.504,AAVE/USDT:USDT,297.3,4.3,297.29,0.9,297.31,173.4,297.32,236.3
1753503482004,04:18:02.004,AAVE/USDT:USDT,297.3,4.3,297.29,0.6,297.31,203.9,297.32,139.8
1753503482404,04:18:02.404,AAVE/USDT:USDT,297.3,4.5,297.29,0.6,297.31,161.2,297.32,94.0
1753503482504,04:18:02.504,AAVE/USDT:USDT,297.3,4.5,297.29,0.6,297.31,191.8,297.32,139.8
1753503482804,04:18:02.804,AAVE/USDT:USDT,297.29,0.6,297.28,0.4,297.3,434.9,297.31,133.8
1753503483304,04:18:03.304,AAVE/USDT:USDT,297.29,0.6,297.28,0.4,297.3,465.2,297.31,149.2
1753503483404,04:18:03.404,AAVE/USDT:USDT,297.29,0.6,297.28,0.4,297.3,466.3,297.31,148.0
1753503483804,04:18:03.804,AAVE/USDT:USDT,297.29,0.6,297.28,0.4,297.3,466.3,297.31,148.0
1753503484004,04:18:04.004,AAVE/USDT:USDT,297.24,0.2,297.23,0.3,297.25,25.3,297.26,108.9
1753503484204,04:18:04.204,AAVE/USDT:USDT,297.24,69.0,297.22,72.5,297.25,20.4,297.26,47.0
1753503484404,04:18:04.404,AAVE/USDT:USDT,297.24,95.8,297.23,21.8,297.25,20.4,297.26,47.0
1753503484504,04:18:04.504,AAVE/USDT:USDT,297.24,95.8,297.23,21.8,297.25,20.7,297.26,47.0
1753503485804,04:18:05.804,AAVE/USDT:USDT,297.24,97.7,297.23,21.8,297.25,20.7,297.26,47.0
1753503486704,04:18:06.704,AAVE/USDT:USDT,297.24,100.1,297.23,51.4,297.25,0.3,297.26,26.8
1753503487004,04:18:07.004,AAVE/USDT:USDT,297.24,228.7,297.23,58.9,297.25,0.3,297.27,20.5
1753503487204,04:18:07.204,AAVE/USDT:USDT,297.24,235.4,297.23,22.5,297.25,0.3,297.27,20.5
1753503487404,04:18:07.404,AAVE/USDT:USDT,297.24,183.2,297.23,21.8,297.25,0.3,297.27,20.5
1753503487704,04:18:07.704,AAVE/USDT:USDT,297.24,132.5,297.23,21.8,297.25,0.3,297.27,20.5
1753503487804,04:18:07.804,AAVE/USDT:USDT,297.24,132.3,297.23,78.2,297.25,0.3,297.27,20.5
1753503488004,04:18:08.004,AAVE/USDT:USDT,297.24,241.0,297.23,104.6,297.25,0.3,297.27,20.5
1753503488504,04:18:08.504,AAVE/USDT:USDT,297.24,270.3,297.23,105.3,297.25,0.3,297.27,0.3
1753503488604,04:18:08.604,AAVE/USDT:USDT,297.24,161.1,297.23,21.8,297.25,0.4,297.27,0.3
1753503489104,04:18:09.104,AAVE/USDT:USDT,297.29,54.4,297.28,80.3,297.3,27.1,297.31,63.6
1753503489204,04:18:09.204,AAVE/USDT:USDT,297.29,239.8,297.28,161.4,297.3,0.3,297.31,25.5
1753503489304,04:18:09.304,AAVE/USDT:USDT,297.29,259.6,297.28,161.4,297.3,0.1,297.31,25.5
1753503489404,04:18:09.404,AAVE/USDT:USDT,297.29,259.6,297.28,148.2,297.3,0.1,297.31,25.5
1753503489504,04:18:09.504,AAVE/USDT:USDT,297.29,273.0,297.28,135.3,297.3,0.1,297.31,25.5
1753503489604,04:18:09.604,AAVE/USDT:USDT,297.29,274.7,297.28,135.3,297.3,0.1,297.31,25.5
1753503489704,04:18:09.704,AAVE/USDT:USDT,297.29,146.4,297.28,135.3,297.3,0.1,297.31,25.5
1753503489904,04:18:09.904,AAVE/USDT:USDT,297.29,53.9,297.28,77.8,297.3,30.7,297.31,25.5
1753503490204,04:18:10.204,AAVE/USDT:USDT,297.29,233.6,297.28,161.8,297.3,5.4,297.31,25.5
1753503490404,04:18:10.404,AAVE/USDT:USDT,297.29,87.7,297.28,103.7,297.3,51.1,297.31,25.5
1753503490604,04:18:10.604,AAVE/USDT:USDT,297.29,48.4,297.28,69.5,297.3,31.1,297.31,25.5
1753503490704,04:18:10.704,AAVE/USDT:USDT,297.29,213.9,297.28,138.6,297.3,5.6,297.31,25.5
1753503490804,04:18:10.804,AAVE/USDT:USDT,297.29,105.4,297.28,138.6,297.3,6.2,297.31,25.5
1753503491004,04:18:11.004,AAVE/USDT:USDT,297.29,48.4,297.28,48.6,297.3,26.4,297.31,25.5
1753503491104,04:18:11.104,AAVE/USDT:USDT,297.29,48.4,297.28,48.6,297.3,131.3,297.31,25.5
1753503491504,04:18:11.504,AAVE/USDT:USDT,297.29,48.0,297.28,48.6,297.3,131.9,297.31,74.3
1753503491604,04:18:11.604,AAVE/USDT:USDT,297.29,67.8,297.28,85.7,297.3,32.3,297.31,74.3
1753503491704,04:18:11.704,AAVE/USDT:USDT,297.29,48.0,297.28,85.7,297.3,32.3,297.31,25.5
1753503491804,04:18:11.804,AAVE/USDT:USDT,297.29,48.0,297.28,48.6,297.3,32.3,297.31,41.1
1753503491904,04:18:11.904,AAVE/USDT:USDT,297.29,67.2,297.28,25.6,297.3,32.3,297.31,41.1
1753503492004,04:18:12.004,AAVE/USDT:USDT,297.29,67.4,297.28,62.7,297.3,32.3,297.32,40.6
1753503492104,04:18:12.104,AAVE/USDT:USDT,297.29,67.4,297.28,62.7,297.3,32.3,297.32,40.6
1753503492204,04:18:12.204,AAVE/USDT:USDT,297.29,67.4,297.28,25.6,297.3,32.3,297.32,40.6
1753503492304,04:18:12.304,AAVE/USDT:USDT,297.29,75.6,297.28,25.6,297.3,32.3,297.32,40.6
1753503492404,04:18:12.404,AAVE/USDT:USDT,297.29,75.6,297.28,25.6,297.3,32.3,297.32,40.6
1753503492504,04:18:12.504,AAVE/USDT:USDT,297.29,75.6,297.28,25.6,297.3,32.4,297.32,87.3
1753503492604,04:18:12.604,AAVE/USDT:USDT,297.29,75.6,297.28,25.6,297.3,32.4,297.32,87.3
1753503492804,04:18:12.804,AAVE/USDT:USDT,297.29,75.6,297.28,25.6,297.3,32.4,297.32,87.3
1753503492904,04:18:12.904,AAVE/USDT:USDT,297.29,95.4,297.28,72.1,297.3,8.3,297.32,40.6
1753503493004,04:18:13.004,AAVE/USDT:USDT,297.29,75.6,297.28,25.6,297.3,93.6,297.31,78.6
1753503493504,04:18:13.504,AAVE/USDT:USDT,297.29,76.0,297.28,25.6,297.3,56.2,297.31,20.1
1753503493704,04:18:13.704,AAVE/USDT:USDT,297.29,76.0,297.28,25.6,297.3,56.2,297.32,40.6
1753503493804,04:18:13.804,AAVE/USDT:USDT,297.29,76.0,297.28,25.6,297.3,56.2,297.32,137.8
1753503493904,04:18:13.904,AAVE/USDT:USDT,297.29,76.0,297.28,25.6,297.3,56.2,297.32,94.8
1753503494004,04:18:14.004,AAVE/USDT:USDT,297.29,76.0,297.28,25.6,297.3,56.2,297.32,94.8
1753503494104,04:18:14.104,AAVE/USDT:USDT,297.29,76.0,297.28,25.6,297.3,56.2,297.32,137.8
1753503494404,04:18:14.404,AAVE/USDT:USDT,297.29,49.8,297.28,25.6,297.3,98.5,297.31,70.7
1753503494604,04:18:14.604,AAVE/USDT:USDT,297.29,49.8,297.28,25.6,297.3,98.6,297.31,70.7
1753503494704,04:18:14.704,AAVE/USDT:USDT,297.29,49.8,297.28,25.6,297.3,98.6,297.31,110.7
1753503494904,04:18:14.904,AAVE/USDT:USDT,297.29,49.8,297.28,25.6,297.3,263.2,297.31,179.5
1753503495204,04:18:15.204,AAVE/USDT:USDT,297.29,49.8,297.28,25.6,297.3,124.4,297.31,179.5
1753503495304,04:18:15.304,AAVE/USDT:USDT,297.29,49.8,297.28,25.6,297.3,98.6,297.31,153.7
1753503495604,04:18:15.604,AAVE/USDT:USDT,297.29,49.6,297.28,25.6,297.3,98.5,297.31,153.7
1753503495804,04:18:15.804,AAVE/USDT:USDT,297.29,49.6,297.28,25.6,297.3,98.5,297.31,153.7
1753503496104,04:18:16.104,AAVE/USDT:USDT,297.29,49.6,297.28,25.6,297.3,124.1,297.31,179.5
1753503496404,04:18:16.404,AAVE/USDT:USDT,297.29,49.6,297.28,25.6,297.3,237.1,297.31,179.5
1753503496604,04:18:16.604,AAVE/USDT:USDT,297.29,49.7,297.28,25.6,297.3,237.3,297.31,179.5
1753503496704,04:18:16.704,AAVE/USDT:USDT,297.33,249.7,297.32,215.7,297.34,1144.2,297.35,0.8
1753503497104,04:18:17.104,AAVE/USDT:USDT,297.33,184.0,297.32,185.7,297.34,1144.4,297.35,0.7
1753503497704,04:18:17.704,AAVE/USDT:USDT,297.33,559.9,297.32,240.5,297.34,1144.5,297.35,0.7
1753503498404,04:18:18.404,AAVE/USDT:USDT,297.33,509.6,297.32,162.0,297.34,1144.7,297.35,0.7
1753503498604,04:18:18.604,AAVE/USDT:USDT,297.33,509.6,297.32,132.4,297.34,1144.8,297.35,0.7
1753503499404,04:18:19.404,AAVE/USDT:USDT,297.33,509.7,297.32,132.4,297.34,1145.4,297.35,0.7
1753503499604,04:18:19.604,AAVE/USDT:USDT,297.33,509.7,297.32,132.4,297.34,1145.4,297.35,0.7
1753503499704,04:18:19.704,AAVE/USDT:USDT,297.33,509.7,297.32,132.4,297.34,1145.4,297.35,0.7
1753503500004,04:18:20.004,AAVE/USDT:USDT,297.33,376.3,297.32,132.4,297.34,1145.4,297.35,67.7
1753503500604,04:18:20.604,AAVE/USDT:USDT,297.33,375.1,297.32,107.0,297.34,1194.4,297.35,67.8
1753503500704,04:18:20.704,AAVE/USDT:USDT,297.33,375.1,297.32,107.0,297.34,1164.1,297.35,67.8
1753503500904,04:18:20.904,AAVE/USDT:USDT,297.33,375.1,297.32,107.0,297.34,1164.1,297.35,67.8
1753503501004,04:18:21.004,AAVE/USDT:USDT,297.33,375.1,297.32,134.3,297.34,1164.1,297.36,45.1
1753503502504,04:18:22.504,AAVE/USDT:USDT,297.33,473.3,297.32,201.0,297.34,1145.4,297.36,2.5
1753503502604,04:18:22.604,AAVE/USDT:USDT,297.33,547.7,297.32,201.0,297.34,1145.4,297.36,2.5
1753503503104,04:18:23.104,AAVE/USDT:USDT,297.33,439.2,297.32,201.0,297.34,1145.4,297.36,2.5
1753503503504,04:18:23.504,AAVE/USDT:USDT,297.33,550.7,297.32,201.0,297.34,1145.4,297.36,2.5
1753503504004,04:18:24.004,AAVE/USDT:USDT,297.33,550.7,297.32,201.0,297.34,1145.4,297.36,2.5
1753503504304,04:18:24.304,AAVE/USDT:USDT,297.33,550.7,297.32,202.2,297.34,1145.4,297.36,2.5
1753503504404,04:18:24.404,AAVE/USDT:USDT,297.33,437.5,297.32,202.2,297.34,1145.4,297.36,2.5
1753503504704,04:18:24.704,AAVE/USDT:USDT,297.33,416.5,297.32,165.1,297.34,1145.5,297.36,2.5
1753503504804,04:18:24.804,AAVE/USDT:USDT,297.33,436.2,297.32,202.2,297.34,1145.5,297.36,2.5
1753503505404,04:18:25.404,AAVE/USDT:USDT,297.33,362.3,297.32,10.1,297.34,1302.8,297.35,95.6
1753503505504,04:18:25.504,AAVE/USDT:USDT,297.33,362.3,297.32,10.1,297.34,1163.0,297.35,22.5
1753503505904,04:18:25.904,AAVE/USDT:USDT,297.33,362.3,297.32,10.1,297.34,1145.5,297.35,94.9
1753503506004,04:18:26.004,AAVE/USDT:USDT,297.33,362.3,297.32,10.1,297.34,1145.5,297.36,29.8
1753503506604,04:18:26.604,AAVE/USDT:USDT,297.33,362.3,297.32,59.4,297.34,1145.5,297.36,2.5
1753503506804,04:18:26.804,AAVE/USDT:USDT,297.33,362.3,297.32,96.5,297.34,1145.5,297.36,2.5
1753503507404,04:18:27.404,AAVE/USDT:USDT,297.33,407.8,297.32,96.5,297.34,1145.5,297.36,2.5
1753503507604,04:18:27.604,AAVE/USDT:USDT,297.33,368.1,297.32,96.5,297.34,1145.5,297.36,2.5
1753503507704,04:18:27.704,AAVE/USDT:USDT,297.33,404.5,297.32,96.5,297.34,1145.5,297.36,2.5
1753503507904,04:18:27.904,AAVE/USDT:USDT,297.33,424.4,297.32,96.5,297.34,1145.9,297.36,2.5
1753503508204,04:18:28.204,AAVE/USDT:USDT,297.33,449.4,297.32,127.5,297.34,1145.6,297.36,2.5
1753503508304,04:18:28.304,AAVE/USDT:USDT,297.33,449.4,297.32,127.5,297.34,1145.6,297.36,2.5
1753503508404,04:18:28.404,AAVE/USDT:USDT,297.33,449.0,297.32,127.5,297.34,1145.6,297.36,2.5
1753503508504,04:18:28.504,AAVE/USDT:USDT,297.33,449.0,297.32,127.5,297.34,1145.6,297.36,2.5
1753503508604,04:18:28.604,AAVE/USDT:USDT,297.33,449.0,297.32,127.5,297.34,1145.6,297.36,2.5
1753503508904,04:18:28.904,AAVE/USDT:USDT,297.33,573.0,297.32,127.5,297.34,1145.6,297.36,2.5
1753503509504,04:18:29.504,AAVE/USDT:USDT,297.33,363.3,297.32,41.1,297.34,1264.2,297.35,45.1
1753503509604,04:18:29.604,AAVE/USDT:USDT,297.33,363.3,297.32,41.1,297.34,1264.2,297.35,45.8
1753503509704,04:18:29.704,AAVE/USDT:USDT,297.33,363.3,297.32,41.1,297.34,1264.2,297.35,45.8
1753503509804,04:18:29.804,AAVE/USDT:USDT,297.33,363.3,297.32,41.1,297.34,1264.2,297.35,45.8
1753503510004,04:18:30.004,AAVE/USDT:USDT,297.33,396.3,297.32,90.4,297.34,1264.2,297.36,2.5
1753503510104,04:18:30.104,AAVE/USDT:USDT,297.33,426.3,297.32,127.5,297.34,1264.2,297.36,2.5
1753503510304,04:18:30.304,AAVE/USDT:USDT,297.33,411.0,297.32,127.5,297.34,1264.2,297.36,2.5
1753503510604,04:18:30.604,AAVE/USDT:USDT,297.33,433.0,297.32,136.0,297.34,1269.3,297.36,2.5
1753503510804,04:18:30.804,AAVE/USDT:USDT,297.33,548.2,297.32,136.0,297.34,1269.3,297.36,2.5
1753503510904,04:18:30.904,AAVE/USDT:USDT,297.33,548.2,297.32,136.0,297.34,1269.3,297.36,2.5
1753503511104,04:18:31.104,AAVE/USDT:USDT,297.33,563.3,297.32,152.8,297.34,1269.3,297.36,2.5
1753503511304,04:18:31.304,AAVE/USDT:USDT,297.33,563.3,297.32,152.8,297.34,1269.3,297.36,2.5
1753503511804,04:18:31.804,AAVE/USDT:USDT,297.33,563.3,297.32,152.8,297.34,1269.3,297.36,2.5
1753503511904,04:18:31.904,AAVE/USDT:USDT,297.33,563.3,297.32,152.8,297.34,1269.3,297.36,2.5
1753503512304,04:18:32.304,AAVE/USDT:USDT,297.37,383.0,297.36,254.2,297.38,0.1,297.39,40.0
1753503512704,04:18:32.704,AAVE/USDT:USDT,297.37,413.6,297.36,257.6,297.38,0.1,297.39,40.0
1753503512804,04:18:32.804,AAVE/USDT:USDT,297.37,413.6,297.36,257.6,297.38,0.1,297.39,40.0
1753503512904,04:18:32.904,AAVE/USDT:USDT,297.37,413.6,297.36,257.6,297.38,0.1,297.39,40.0
1753503513004,04:18:33.004,AAVE/USDT:USDT,297.37,391.4,297.36,257.6,297.38,0.1,297.39,40.0
1753503513204,04:18:33.204,AAVE/USDT:USDT,297.37,422.2,297.36,257.6,297.38,0.1,297.39,40.0
1753503513404,04:18:33.404,AAVE/USDT:USDT,297.37,427.7,297.36,257.6,297.38,0.1,297.39,40.0
1753503513504,04:18:33.504,AAVE/USDT:USDT,297.37,427.7,297.36,257.6,297.38,0.1,297.39,40.0
1753503513804,04:18:33.804,AAVE/USDT:USDT,297.37,397.1,297.36,177.3,297.38,0.1,297.39,40.0
1753503513904,04:18:33.904,AAVE/USDT:USDT,297.37,257.9,297.36,177.3,297.38,32.7,297.39,40.0
1753503514104,04:18:34.104,AAVE/USDT:USDT,297.37,143.9,297.36,146.6,297.38,32.9,297.39,39.7
1753503514204,04:18:34.204,AAVE/USDT:USDT,297.37,252.6,297.36,146.6,297.38,32.9,297.39,39.7
1753503514304,04:18:34.304,AAVE/USDT:USDT,297.37,301.0,297.36,232.4,297.38,0.3,297.39,39.7
1753503514504,04:18:34.504,AAVE/USDT:USDT,297.37,270.4,297.36,218.6,297.38,0.1,297.39,39.7
1753503514604,04:18:34.604,AAVE/USDT:USDT,297.37,270.4,297.36,146.6,297.38,0.1,297.39,39.7
1753503515104,04:18:35.104,AAVE/USDT:USDT,297.37,270.4,297.36,182.4,297.38,0.1,297.39,39.7
1753503515204,04:18:35.204,AAVE/USDT:USDT,297.37,270.2,297.36,182.4,297.38,5.1,297.39,39.7
1753503515804,04:18:35.804,AAVE/USDT:USDT,297.37,301.7,297.36,182.4,297.38,5.1,297.4,132.4
1753503516304,04:18:36.304,AAVE/USDT:USDT,297.37,80.9,297.36,83.8,297.38,57.9,297.39,71.8
1753503517004,04:18:37.004,AAVE/USDT:USDT,297.37,74.1,297.36,83.8,297.38,57.9,297.4,46.6
1753503517604,04:18:37.604,AAVE/USDT:USDT,297.37,51.6,297.36,32.7,297.38,113.4,297.39,71.4
1753503518904,04:18:38.904,AAVE/USDT:USDT,297.37,319.9,297.36,193.8,297.38,12.8,297.4,0.4
1753503519004,04:18:39.004,AAVE/USDT:USDT,297.37,335.0,297.36,210.6,297.38,12.8,297.4,0.4
1753503519804,04:18:39.804,AAVE/USDT:USDT,297.37,565.2,297.36,107.6,297.38,12.8,297.4,0.4
1753503520404,04:18:40.404,AAVE/USDT:USDT,297.37,565.2,297.36,81.4,297.38,12.8,297.4,33.0
1753503520504,04:18:40.504,AAVE/USDT:USDT,297.37,565.2,297.36,81.4,297.38,12.8,297.4,33.0
1753503520604,04:18:40.604,AAVE/USDT:USDT,297.37,595.9,297.36,202.5,297.38,12.8,297.4,33.0
1753503520704,04:18:40.704,AAVE/USDT:USDT,297.37,595.9,297.36,202.5,297.38,12.8,297.4,33.0
1753503522104,04:18:42.104,AAVE/USDT:USDT,297.37,531.7,297.36,83.6,297.38,45.4,297.4,33.0
1753503522204,04:18:42.204,AAVE/USDT:USDT,297.37,531.7,297.36,83.6,297.38,12.8,297.4,33.0
1753503522404,04:18:42.404,AAVE/USDT:USDT,297.37,531.9,297.36,163.8,297.38,12.8,297.4,33.0
1753503522804,04:18:42.804,AAVE/USDT:USDT,297.37,557.8,297.36,163.8,297.38,12.8,297.4,33.0
1753503523004,04:18:43.004,AAVE/USDT:USDT,297.37,419.7,297.36,83.6,297.38,45.4,297.4,33.0
1753503523204,04:18:43.204,AAVE/USDT:USDT,297.37,417.3,297.36,131.4,297.38,45.4,297.4,33.0
1753503523604,04:18:43.604,AAVE/USDT:USDT,297.37,575.5,297.36,172.3,297.38,45.4,297.4,33.0
1753503524104,04:18:44.104,AAVE/USDT:USDT,297.37,575.7,297.36,88.7,297.38,13.9,297.4,33.0
1753503524504,04:18:44.504,AAVE/USDT:USDT,297.37,417.3,297.36,47.8,297.38,61.5,297.4,33.0
1753503524604,04:18:44.604,AAVE/USDT:USDT,297.37,359.9,297.36,39.4,297.38,61.5,297.4,58.7
1753503525004,04:18:45.004,AAVE/USDT:USDT,297.37,359.9,297.36,32.7,297.38,61.5,297.4,58.7
1753503525304,04:18:45.304,AAVE/USDT:USDT,297.37,323.2,297.36,0.1,297.38,66.7,297.39,101.8
1753503525404,04:18:45.404,AAVE/USDT:USDT,297.37,323.2,297.36,0.1,297.38,66.7,297.39,142.5
1753503525504,04:18:45.504,AAVE/USDT:USDT,297.37,323.2,297.36,0.1,297.38,66.7,297.39,70.7
1753503525804,04:18:45.804,AAVE/USDT:USDT,297.37,323.2,297.36,22.3,297.38,66.7,297.39,70.7
1753503526004,04:18:46.004,AAVE/USDT:USDT,297.37,323.2,297.36,0.1,297.38,66.7,297.39,70.7
1753503526204,04:18:46.204,AAVE/USDT:USDT,297.37,323.2,297.36,35.9,297.38,61.5,297.4,103.7
1753503526704,04:18:46.704,AAVE/USDT:USDT,297.37,523.2,297.36,134.9,297.38,12.2,297.4,0.4
1753503526804,04:18:46.804,AAVE/USDT:USDT,297.37,516.5,297.36,119.8,297.38,12.2,297.4,0.4
1753503526904,04:18:46.904,AAVE/USDT:USDT,297.37,516.5,297.36,119.8,297.38,12.2,297.4,0.4
1753503527904,04:18:47.904,AAVE/USDT:USDT,297.37,320.6,297.36,0.1,297.38,221.7,297.39,136.6
1753503528104,04:18:48.104,AAVE/USDT:USDT,297.37,323.4,297.36,0.1,297.38,203.5,297.39,147.0
1753503528404,04:18:48.404,AAVE/USDT:USDT,297.37,322.0,297.36,0.1,297.38,166.8,297.39,111.2
1753503529004,04:18:49.004,AAVE/USDT:USDT,297.37,417.9,297.36,107.8,297.38,11.1,297.4,33.0
1753503529104,04:18:49.104,AAVE/USDT:USDT,297.37,504.5,297.36,185.0,297.38,11.3,297.4,0.4
1753503529404,04:18:49.404,AAVE/USDT:USDT,297.37,467.2,297.36,114.1,297.38,11.3,297.4,0.4
1753503529504,04:18:49.504,AAVE/USDT:USDT,297.37,467.2,297.36,114.1,297.38,11.3,297.4,0.4
1753503530004,04:18:50.004,AAVE/USDT:USDT,297.37,343.8,297.36,81.4,297.38,26.3,297.39,71.8
1753503530404,04:18:50.404,AAVE/USDT:USDT,297.37,328.7,297.36,64.6,297.38,26.3,297.4,33.0
1753503530804,04:18:50.804,AAVE/USDT:USDT,297.37,341.0,297.36,64.6,297.38,11.3,297.4,33.0
1753503531204,04:18:51.204,AAVE/USDT:USDT,297.37,452.3,297.36,180.6,297.38,11.3,297.4,33.0
1753503531604,04:18:51.604,AAVE/USDT:USDT,297.37,443.9,297.36,64.6,297.38,11.3,297.4,46.6
1753503531804,04:18:51.804,AAVE/USDT:USDT,297.37,335.4,297.36,84.0,297.38,11.3,297.4,46.6
1753503532804,04:18:52.804,AAVE/USDT:USDT,297.37,239.0,297.36,187.3,297.38,11.7,297.4,46.8
1753503533104,04:18:53.104,AAVE/USDT:USDT,297.37,130.5,297.36,187.7,297.38,11.7,297.4,46.8
1753503534304,04:18:54.304,AAVE/USDT:USDT,297.36,36.6,297.35,74.8,297.37,25.6,297.38,60.5
1753503535404,04:18:55.404,AAVE/USDT:USDT,297.36,91.3,297.35,110.6,297.37,20.5,297.38,60.4
1753503535504,04:18:55.504,AAVE/USDT:USDT,297.36,91.3,297.35,74.8,297.37,20.5,297.38,60.4
1753503536404,04:18:56.404,AAVE/USDT:USDT,297.34,85.0,297.33,75.4,297.35,45.2,297.36,93.9
1753503536504,04:18:56.504,AAVE/USDT:USDT,297.34,85.0,297.33,75.4,297.35,45.2,297.36,93.9
1753503536604,04:18:56.604,AAVE/USDT:USDT,297.34,85.0,297.33,75.4,297.35,45.2,297.36,93.9
1753503536704,04:18:56.704,AAVE/USDT:USDT,297.34,85.0,297.33,75.4,297.35,45.2,297.36,93.9
1753503536804,04:18:56.804,AAVE/USDT:USDT,297.34,85.0,297.33,75.4,297.35,45.2,297.36,93.9
1753503537104,04:18:57.104,AAVE/USDT:USDT,297.34,85.0,297.33,74.9,297.35,45.4,297.36,93.9
1753503537404,04:18:57.404,AAVE/USDT:USDT,297.36,276.3,297.35,138.8,297.37,20.5,297.38,60.2
1753503537504,04:18:57.504,AAVE/USDT:USDT,297.36,276.3,297.35,138.8,297.37,20.5,297.38,50.5
1753503537604,04:18:57.604,AAVE/USDT:USDT,297.36,430.0,297.35,138.8,297.37,20.5,297.38,50.5
1753503538104,04:18:58.104,AAVE/USDT:USDT,297.36,482.7,297.35,108.1,297.37,0.2,297.38,35.5
1753503538204,04:18:58.204,AAVE/USDT:USDT,297.36,430.0,297.35,108.1,297.37,0.2,297.38,35.5
1753503538404,04:18:58.404,AAVE/USDT:USDT,297.36,409.3,297.35,108.1,297.37,0.2,297.38,34.1
1753503538504,04:18:58.504,AAVE/USDT:USDT,297.36,409.3,297.35,108.1,297.37,0.2,297.38,34.1
1753503538604,04:18:58.604,AAVE/USDT:USDT,297.36,517.8,297.35,108.1,297.37,0.2,297.38,34.1
1753503538704,04:18:58.704,AAVE/USDT:USDT,297.36,409.3,297.35,108.1,297.37,0.2,297.38,34.1
1753503538804,04:18:58.804,AAVE/USDT:USDT,297.36,409.3,297.35,108.1,297.37,0.2,297.38,34.1
1753503539304,04:18:59.304,AAVE/USDT:USDT,297.36,517.8,297.35,108.1,297.37,0.2,297.38,72.9
1753503539704,04:18:59.704,AAVE/USDT:USDT,297.36,568.6,297.35,150.5,297.37,5.3,297.38,0.1
1753503540804,04:19:00.804,AAVE/USDT:USDT,297.36,222.5,297.35,71.0,297.37,125.4,297.38,174.5
1753503540904,04:19:00.904,AAVE/USDT:USDT,297.36,222.5,297.35,71.0,297.37,89.8,297.38,138.7
1753503541504,04:19:01.504,AAVE/USDT:USDT,297.34,0.7,297.33,1.0,297.35,424.4,297.36,291.8
1753503541604,04:19:01.604,AAVE/USDT:USDT,297.34,86.4,297.33,1.0,297.35,444.4,297.36,291.8
1753503541704,04:19:01.704,AAVE/USDT:USDT,297.34,86.6,297.33,1.0,297.35,444.6,297.36,279.4
1753503541804,04:19:01.804,AAVE/USDT:USDT,297.34,86.6,297.33,1.0,297.35,167.0,297.36,207.8
1753503541904,04:19:01.904,AAVE/USDT:USDT,297.34,86.6,297.33,1.0,297.35,334.3,297.36,278.7
1753503543004,04:19:03.004,AAVE/USDT:USDT,297.27,30.3,297.26,25.5,297.28,263.7,297.29,35.8
1753503544104,04:19:04.104,AAVE/USDT:USDT,297.26,22.5,297.24,61.7,297.27,120.0,297.28,133.9
1753503544704,04:19:04.704,AAVE/USDT:USDT,297.26,70.5,297.24,61.7,297.27,21.0,297.28,57.8
1753503545304,04:19:05.304,AAVE/USDT:USDT,297.26,71.8,297.24,34.3,297.27,21.0,297.28,57.8
1753503545804,04:19:05.804,AAVE/USDT:USDT,297.26,84.2,297.24,34.3,297.27,22.6,297.28,57.8
1753503546004,04:19:06.004,AAVE/USDT:USDT,297.26,84.6,297.24,34.3,297.27,22.6,297.28,57.8
1753503546404,04:19:06.404,AAVE/USDT:USDT,297.26,84.6,297.24,34.3,297.27,22.6,297.28,57.8
1753503546804,04:19:06.804,AAVE/USDT:USDT,297.26,21.5,297.24,27.4,297.27,98.4,297.28,162.8
1753503547004,04:19:07.004,AAVE/USDT:USDT,297.26,51.9,297.25,102.2,297.27,22.6,297.28,57.8
1753503547104,04:19:07.104,AAVE/USDT:USDT,297.26,84.5,297.25,102.2,297.27,22.6,297.28,57.8
1753503547204,04:19:07.204,AAVE/USDT:USDT,297.26,84.5,297.25,102.2,297.27,22.6,297.28,57.8
1753503547304,04:19:07.304,AAVE/USDT:USDT,297.26,84.5,297.25,102.2,297.27,24.2,297.28,57.8
1753503547404,04:19:07.404,AAVE/USDT:USDT,297.26,84.5,297.25,102.2,297.27,24.2,297.28,93.6
1753503548504,04:19:08.504,AAVE/USDT:USDT,297.26,82.9,297.25,102.2,297.27,24.1,297.28,128.7
1753503549104,04:19:09.104,AAVE/USDT:USDT,297.26,82.9,297.25,102.2,297.27,133.9,297.28,164.5
1753503549204,04:19:09.204,AAVE/USDT:USDT,297.26,82.9,297.25,102.2,297.27,134.1,297.28,164.5
1753503549604,04:19:09.604,AAVE/USDT:USDT,297.26,82.9,297.25,102.2,297.27,133.9,297.28,164.5
1753503550304,04:19:10.304,AAVE/USDT:USDT,297.21,68.7,297.2,154.8,297.22,240.3,297.23,216.8
1753503550604,04:19:10.604,AAVE/USDT:USDT,297.21,59.4,297.2,27.1,297.22,225.4,297.23,216.1
1753503550804,04:19:10.804,AAVE/USDT:USDT,297.21,61.7,297.2,27.1,297.22,298.1,297.23,180.3
1753503550904,04:19:10.904,AAVE/USDT:USDT,297.21,61.7,297.2,27.1,297.22,334.6,297.23,216.8
1753503551004,04:19:11.004,AAVE/USDT:USDT,297.21,61.7,297.2,27.1,297.22,334.6,297.23,216.8
1753503551204,04:19:11.204,AAVE/USDT:USDT,297.21,61.7,297.2,27.1,297.22,331.3,297.23,216.8
1753503551404,04:19:11.404,AAVE/USDT:USDT,297.21,61.7,297.2,27.1,297.22,226.6,297.23,253.4
1753503552504,04:19:12.504,AAVE/USDT:USDT,297.21,61.7,297.2,27.1,297.22,309.7,297.23,254.1
1753503552704,04:19:12.704,AAVE/USDT:USDT,297.21,34.5,297.2,0.3,297.22,358.7,297.23,280.1
1753503553504,04:19:13.504,AAVE/USDT:USDT,297.21,34.5,297.2,0.3,297.22,358.2,297.23,279.4
1753503553904,04:19:13.904,AAVE/USDT:USDT,297.18,42.2,297.17,6.9,297.19,266.6,297.2,101.2
1753503555404,04:19:15.404,AAVE/USDT:USDT,297.18,39.7,297.17,6.9,297.19,21.8,297.2,67.1
1753503555604,04:19:15.604,AAVE/USDT:USDT,297.18,38.8,297.17,6.9,297.19,131.3,297.2,181.3
1753503555804,04:19:15.804,AAVE/USDT:USDT,297.18,32.2,297.17,6.9,297.19,222.2,297.2,182.0
1753503555904,04:19:15.904,AAVE/USDT:USDT,297.18,32.2,297.17,6.9,297.19,222.2,297.2,182.0
1753503556304,04:19:16.304,AAVE/USDT:USDT,297.18,32.2,297.17,6.9,297.19,222.2,297.2,182.0
1753503556804,04:19:16.804,AAVE/USDT:USDT,297.18,42.4,297.17,6.9,297.19,224.1,297.2,99.4
1753503557404,04:19:17.404,AAVE/USDT:USDT,297.18,67.7,297.17,6.9,297.19,206.1,297.2,31.3
1753503557804,04:19:17.804,AAVE/USDT:USDT,297.18,87.9,297.17,13.6,297.19,78.8,297.2,63.4
1753503557904,04:19:17.904,AAVE/USDT:USDT,297.18,38.6,297.17,13.6,297.19,78.8,297.2,0.4
1753503558004,04:19:18.004,AAVE/USDT:USDT,297.18,38.6,297.17,13.6,297.19,78.8,297.2,0.4
1753503558604,04:19:18.604,AAVE/USDT:USDT,297.18,57.5,297.17,6.9,297.19,244.0,297.2,130.1
1753503559004,04:19:19.004,AAVE/USDT:USDT,297.18,57.5,297.17,6.9,297.19,244.2,297.2,178.6
1753503559304,04:19:19.304,AAVE/USDT:USDT,297.18,57.5,297.17,6.9,297.19,226.8,297.2,166.1
1753503559404,04:19:19.404,AAVE/USDT:USDT,297.18,57.5,297.17,6.9,297.19,226.8,297.2,166.1
1753503559604,04:19:19.604,AAVE/USDT:USDT,297.18,57.5,297.17,6.9,297.19,229.2,297.2,166.1
1753503559804,04:19:19.804,AAVE/USDT:USDT,297.18,57.5,297.17,6.9,297.19,229.2,297.2,166.1
1753503560004,04:19:20.004,AAVE/USDT:USDT,297.18,49.5,297.17,6.9,297.19,84.7,297.2,94.3
1753503560404,04:19:20.404,AAVE/USDT:USDT,297.18,16.5,297.17,6.9,297.19,247.9,297.2,165.9
1753503560804,04:19:20.804,AAVE/USDT:USDT,297.18,33.1,297.17,0.2,297.19,212.1,297.2,31.3
1753503561004,04:19:21.004,AAVE/USDT:USDT,297.18,37.7,297.17,0.2,297.19,103.6,297.2,31.3
1753503561204,04:19:21.204,AAVE/USDT:USDT,297.18,37.9,297.17,0.2,297.19,212.1,297.2,126.3
1753503561304,04:19:21.304,AAVE/USDT:USDT,297.18,29.1,297.17,0.2,297.19,247.9,297.2,162.1
1753503562004,04:19:22.004,AAVE/USDT:USDT,297.18,73.9,297.17,0.2,297.19,103.6,297.2,31.3
1753503562104,04:19:22.104,AAVE/USDT:USDT,297.18,73.9,297.17,0.2,297.19,103.4,297.2,31.3
1753503562204,04:19:22.204,AAVE/USDT:USDT,297.18,73.9,297.17,0.2,297.19,83.1,297.2,94.3
1753503562604,04:19:22.604,AAVE/USDT:USDT,297.18,45.6,297.17,0.2,297.19,191.8,297.2,31.3
1753503563504,04:19:23.504,AAVE/USDT:USDT,297.22,20.4,297.21,46.3,297.23,261.9,297.24,50.1
1753503563704,04:19:23.704,AAVE/USDT:USDT,297.22,39.6,297.21,46.3,297.23,134.6,297.24,31.0
1753503563804,04:19:23.804,AAVE/USDT:USDT,297.22,20.4,297.21,46.3,297.23,242.9,297.24,31.0
1753503564004,04:19:24.004,AAVE/USDT:USDT,297.22,20.4,297.21,46.3,297.23,134.6,297.24,31.0
1753503564104,04:19:24.104,AAVE/USDT:USDT,297.22,20.8,297.21,46.3,297.23,243.1,297.24,31.0
1753503564204,04:19:24.204,AAVE/USDT:USDT,297.22,20.8,297.21,46.3,297.23,243.1,297.24,31.0
1753503564604,04:19:24.604,AAVE/USDT:USDT,297.22,20.8,297.21,46.3,297.23,134.5,297.24,31.0
1753503564804,04:19:24.804,AAVE/USDT:USDT,297.22,20.8,297.21,46.3,297.23,140.0,297.24,31.0
1753503564904,04:19:24.904,AAVE/USDT:USDT,297.22,20.8,297.21,46.3,297.23,172.3,297.24,55.7
1753503565204,04:19:25.204,AAVE/USDT:USDT,297.22,20.8,297.21,46.3,297.23,172.5,297.24,31.0
1753503566004,04:19:26.004,AAVE/USDT:USDT,297.22,50.2,297.21,46.3,297.23,0.2,297.24,31.0
1753503566204,04:19:26.204,AAVE/USDT:USDT,297.22,97.6,297.21,46.3,297.23,0.2,297.24,31.0
1753503566304,04:19:26.304,AAVE/USDT:USDT,297.22,97.6,297.21,46.3,297.23,0.2,297.24,31.0
1753503566404,04:19:26.404,AAVE/USDT:USDT,297.22,97.8,297.21,46.3,297.23,0.2,297.24,31.0
1753503566504,04:19:26.504,AAVE/USDT:USDT,297.22,97.8,297.21,46.3,297.23,0.3,297.24,31.0
1753503567004,04:19:27.004,AAVE/USDT:USDT,297.22,21.0,297.21,46.3,297.23,15.4,297.24,117.0
1753503567104,04:19:27.104,AAVE/USDT:USDT,297.22,21.0,297.21,46.3,297.23,123.7,297.24,117.0
1753503567704,04:19:27.704,AAVE/USDT:USDT,297.22,21.0,297.21,46.3,297.23,123.7,297.24,117.0
1753503567904,04:19:27.904,AAVE/USDT:USDT,297.22,21.0,297.21,46.3,297.23,15.4,297.24,117.0
1753503568004,04:19:28.004,AAVE/USDT:USDT,297.22,0.8,297.21,46.3,297.23,140.4,297.24,117.0
1753503568104,04:19:28.104,AAVE/USDT:USDT,297.22,0.6,297.2,58.3,297.23,176.2,297.24,152.8
1753503568904,04:19:28.904,AAVE/USDT:USDT,297.22,0.6,297.2,0.5,297.23,265.6,297.24,150.8
1753503569004,04:19:29.004,AAVE/USDT:USDT,297.22,25.7,297.2,0.5,297.23,265.6,297.24,150.8
1753503569104,04:19:29.104,AAVE/USDT:USDT,297.22,0.8,297.2,0.5,297.23,265.6,297.24,150.8
1753503569504,04:19:29.504,AAVE/USDT:USDT,297.22,11.6,297.2,10.8,297.23,230.5,297.24,125.4
1753503569604,04:19:29.604,AAVE/USDT:USDT,297.22,11.6,297.2,11.1,297.23,230.5,297.24,125.4
1753503569804,04:19:29.804,AAVE/USDT:USDT,297.22,11.4,297.2,11.1,297.23,122.0,297.24,31.0
1753503569904,04:19:29.904,AAVE/USDT:USDT,297.24,345.9,297.23,161.8,297.25,0.8,297.26,104.7
1753503570904,04:19:30.904,AAVE/USDT:USDT,297.22,42.3,297.21,0.2,297.23,118.3,297.24,85.5
1753503571004,04:19:31.004,AAVE/USDT:USDT,297.22,42.3,297.21,0.2,297.23,118.3,297.24,85.5
1753503571204,04:19:31.204,AAVE/USDT:USDT,297.22,42.3,297.21,0.2,297.23,118.3,297.24,53.6
1753503571404,04:19:31.404,AAVE/USDT:USDT,297.22,42.3,297.21,0.2,297.23,118.3,297.24,53.6
1753503571504,04:19:31.504,AAVE/USDT:USDT,297.22,22.1,297.21,0.2,297.23,118.3,297.24,53.6
1753503571604,04:19:31.604,AAVE/USDT:USDT,297.2,0.3,297.19,0.3,297.21,273.2,297.22,102.9
1753503571904,04:19:31.904,AAVE/USDT:USDT,297.2,28.1,297.18,45.9,297.21,306.4,297.22,171.8
1753503572904,04:19:32.904,AAVE/USDT:USDT,297.24,450.9,297.23,123.3,297.25,0.3,297.26,0.4
1753503573604,04:19:33.604,AAVE/USDT:USDT,297.24,451.3,297.23,123.3,297.25,0.3,297.26,0.4
1753503573704,04:19:33.704,AAVE/USDT:USDT,297.24,451.3,297.23,117.5,297.25,0.4,297.26,0.4
1753503573904,04:19:33.904,AAVE/USDT:USDT,297.24,451.3,297.23,85.2,297.25,0.4,297.26,0.4
1753503574204,04:19:34.204,AAVE/USDT:USDT,297.24,496.7,297.23,199.3,297.25,0.4,297.26,0.4
1753503574504,04:19:34.504,AAVE/USDT:USDT,297.24,460.9,297.23,140.1,297.25,0.4,297.26,0.4
1753503574604,04:19:34.604,AAVE/USDT:USDT,297.24,460.9,297.23,140.1,297.25,0.4,297.26,0.4
1753503574704,04:19:34.704,AAVE/USDT:USDT,297.24,460.9,297.23,140.1,297.25,0.4,297.26,0.4
1753503574904,04:19:34.904,AAVE/USDT:USDT,297.24,460.8,297.23,88.2,297.25,0.4,297.26,0.4
1753503575404,04:19:35.404,AAVE/USDT:USDT,297.24,377.7,297.23,102.5,297.25,12.5,297.26,0.1
1753503575604,04:19:35.604,AAVE/USDT:USDT,297.24,41.9,297.23,40.4,297.25,12.5,297.26,29.5
1753503575704,04:19:35.704,AAVE/USDT:USDT,297.24,146.2,297.23,40.4,297.25,12.5,297.26,29.5
1753503576004,04:19:36.004,AAVE/USDT:USDT,297.24,187.4,297.23,95.3,297.25,12.7,297.26,29.5
1753503576104,04:19:36.104,AAVE/USDT:USDT,297.24,187.4,297.23,95.3,297.25,12.7,297.26,29.5
1753503576204,04:19:36.204,AAVE/USDT:USDT,297.24,78.9,297.23,64.6,297.25,12.7,297.26,29.5
1753503576304,04:19:36.304,AAVE/USDT:USDT,297.24,71.8,297.23,64.6,297.25,12.7,297.26,29.5
1753503576504,04:19:36.504,AAVE/USDT:USDT,297.24,180.3,297.23,95.3,297.25,31.7,297.26,29.5
1753503576704,04:19:36.704,AAVE/USDT:USDT,297.24,187.0,297.23,168.1,297.25,31.7,297.26,29.5
1753503577104,04:19:37.104,AAVE/USDT:USDT,297.24,207.9,297.23,95.3,297.25,31.7,297.26,0.1
1753503577404,04:19:37.404,AAVE/USDT:USDT,297.24,263.6,297.23,174.7,297.25,34.8,297.26,0.1
1753503577904,04:19:37.904,AAVE/USDT:USDT,297.24,218.2,297.23,168.8,297.25,34.8,297.26,28.0
1753503578104,04:19:38.104,AAVE/USDT:USDT,297.24,218.2,297.23,168.8,297.25,34.8,297.26,28.0
1753503578204,04:19:38.204,AAVE/USDT:USDT,297.24,116.4,297.23,168.8,297.25,33.7,297.26,28.0
1753503579104,04:19:39.104,AAVE/USDT:USDT,297.24,157.7,297.23,64.6,297.25,21.6,297.26,28.0
1753503579204,04:19:39.204,AAVE/USDT:USDT,297.24,157.7,297.23,95.3,297.25,21.6,297.26,28.0
1753503579304,04:19:39.304,AAVE/USDT:USDT,297.24,266.2,297.23,95.3,297.25,21.6,297.26,28.0
1753503579404,04:19:39.404,AAVE/USDT:USDT,297.24,157.7,297.23,95.3,297.25,21.6,297.26,28.0
1753503579604,04:19:39.604,AAVE/USDT:USDT,297.24,169.4,297.23,64.6,297.25,21.6,297.26,28.0
1753503579704,04:19:39.704,AAVE/USDT:USDT,297.24,169.4,297.23,94.5,297.25,17.2,297.26,28.0
1753503579804,04:19:39.804,AAVE/USDT:USDT,297.24,169.4,297.23,95.2,297.25,17.2,297.26,28.0
1753503580404,04:19:40.404,AAVE/USDT:USDT,297.24,261.1,297.23,94.5,297.25,17.2,297.26,28.0
1753503580604,04:19:40.604,AAVE/USDT:USDT,297.24,296.1,297.23,94.5,297.25,17.2,297.26,28.0
1753503581004,04:19:41.004,AAVE/USDT:USDT,297.24,296.1,297.23,165.7,297.25,17.2,297.26,0.1
1753503581104,04:19:41.104,AAVE/USDT:USDT,297.24,296.1,297.23,165.7,297.25,17.2,297.26,0.1
1753503581504,04:19:41.504,AAVE/USDT:USDT,297.24,296.2,297.23,165.0,297.25,17.2,297.26,0.1
1753503582004,04:19:42.004,AAVE/USDT:USDT,297.24,296.2,297.23,190.2,297.25,17.2,297.26,0.1
1753503582104,04:19:42.104,AAVE/USDT:USDT,297.24,296.2,297.23,190.2,297.25,17.2,297.26,0.1
1753503582304,04:19:42.304,AAVE/USDT:USDT,297.29,147.6,297.28,188.8,297.3,5.0,297.31,0.3
1753503582904,04:19:42.904,AAVE/USDT:USDT,297.29,376.1,297.28,218.1,297.3,4.8,297.31,0.3
1753503583204,04:19:43.204,AAVE/USDT:USDT,297.29,376.1,297.28,218.1,297.3,5.2,297.31,0.3
1753503583404,04:19:43.404,AAVE/USDT:USDT,297.29,376.1,297.28,218.1,297.3,5.3,297.31,0.3
1753503583504,04:19:43.504,AAVE/USDT:USDT,297.29,376.1,297.28,218.1,297.3,5.3,297.31,0.3
1753503583904,04:19:43.904,AAVE/USDT:USDT,297.29,239.2,297.28,189.7,297.3,5.3,297.31,0.3
1753503584004,04:19:44.004,AAVE/USDT:USDT,297.29,347.7,297.28,189.7,297.3,5.3,297.31,0.3
1753503584204,04:19:44.204,AAVE/USDT:USDT,297.29,376.4,297.28,218.2,297.3,5.2,297.31,0.3
1753503584504,04:19:44.504,AAVE/USDT:USDT,297.29,91.4,297.28,69.1,297.3,53.3,297.31,89.0
1753503584704,04:19:44.704,AAVE/USDT:USDT,297.29,91.4,297.28,69.1,297.3,84.4,297.31,89.0
1753503584804,04:19:44.804,AAVE/USDT:USDT,297.29,91.4,297.28,69.1,297.3,84.4,297.31,21.2
1753503585004,04:19:45.004,AAVE/USDT:USDT,297.29,91.4,297.28,69.1,297.3,84.4,297.31,41.4
1753503585104,04:19:45.104,AAVE/USDT:USDT,297.29,91.4,297.28,69.1,297.3,152.0,297.31,41.4
1753503585504,04:19:45.504,AAVE/USDT:USDT,297.29,91.4,297.28,28.0,297.3,209.4,297.31,89.0
1753503585604,04:19:45.604,AAVE/USDT:USDT,297.29,91.4,297.28,0.1,297.3,120.3,297.31,89.0
1753503585904,04:19:45.904,AAVE/USDT:USDT,297.29,91.4,297.28,0.1,297.3,282.6,297.31,117.5
1753503586404,04:19:46.404,AAVE/USDT:USDT,297.24,24.1,297.23,44.3,297.25,229.9,297.26,129.7
1753503586604,04:19:46.604,AAVE/USDT:USDT,297.24,0.9,297.22,0.5,297.25,262.9,297.26,129.7
1753503586704,04:19:46.704,AAVE/USDT:USDT,297.24,0.9,297.22,0.5,297.25,230.1,297.26,129.7
1753503587704,04:19:47.704,AAVE/USDT:USDT,297.24,0.9,297.22,0.5,297.25,281.0,297.26,129.7
1753503587804,04:19:47.804,AAVE/USDT:USDT,297.24,0.9,297.22,0.5,297.25,281.0,297.26,129.7
1753503587904,04:19:47.904,AAVE/USDT:USDT,297.24,0.9,297.22,0.5,297.25,281.0,297.26,129.7
1753503588004,04:19:48.004,AAVE/USDT:USDT,297.24,0.9,297.22,0.5,297.25,281.0,297.26,129.7
1753503588104,04:19:48.104,AAVE/USDT:USDT,297.24,0.9,297.22,0.5,297.25,281.4,297.26,129.7
1753503588704,04:19:48.704,AAVE/USDT:USDT,297.22,0.1,297.2,7.2,297.23,283.4,297.24,149.9
1753503588804,04:19:48.804,AAVE/USDT:USDT,297.22,0.1,297.2,7.2,297.23,300.0,297.24,149.9
1753503589004,04:19:49.004,AAVE/USDT:USDT,297.22,0.1,297.2,7.2,297.23,300.0,297.24,149.9
1753503589104,04:19:49.104,AAVE/USDT:USDT,297.22,0.1,297.2,7.2,297.23,300.0,297.24,150.6
1753503589204,04:19:49.204,AAVE/USDT:USDT,297.22,0.1,297.2,7.2,297.23,328.7,297.24,179.3
1753503591104,04:19:51.104,AAVE/USDT:USDT,297.21,20.4,297.2,50.7,297.22,162.1,297.23,21.6
1753503591204,04:19:51.204,AAVE/USDT:USDT,297.21,20.4,297.2,50.7,297.22,164.0,297.23,19.5
1753503591304,04:19:51.304,AAVE/USDT:USDT,297.21,20.4,297.2,50.7,297.22,55.5,297.23,19.5
1753503591404,04:19:51.404,AAVE/USDT:USDT,297.21,152.7,297.2,75.3,297.22,2.1,297.24,50.3
1753503591904,04:19:51.904,AAVE/USDT:USDT,297.21,81.3,297.2,57.4,297.22,2.1,297.24,28.2
1753503592004,04:19:52.004,AAVE/USDT:USDT,297.21,128.2,297.2,82.0,297.22,2.1,297.24,28.2
1753503592204,04:19:52.204,AAVE/USDT:USDT,297.21,173.4,297.2,158.4,297.22,2.1,297.24,0.3
1753503592704,04:19:52.704,AAVE/USDT:USDT,297.21,281.9,297.2,158.4,297.22,2.1,297.24,0.3
1753503593104,04:19:53.104,AAVE/USDT:USDT,297.21,209.4,297.2,126.8,297.22,2.7,297.24,28.2
1753503593704,04:19:53.704,AAVE/USDT:USDT,297.21,209.4,297.2,126.8,297.22,4.0,297.24,28.2
1753503594004,04:19:54.004,AAVE/USDT:USDT,297.21,209.4,297.2,65.8,297.22,4.0,297.24,28.2
1753503595304,04:19:55.304,AAVE/USDT:USDT,297.17,61.1,297.16,35.9,297.18,136.6,297.19,65.4
1753503595504,04:19:55.504,AAVE/USDT:USDT,297.17,57.3,297.16,35.9,297.18,156.8,297.19,87.8
1753503596104,04:19:56.104,AAVE/USDT:USDT,297.17,89.2,297.16,35.9,297.18,51.0,297.19,20.2
1753503596804,04:19:56.804,AAVE/USDT:USDT,297.17,35.6,297.16,35.9,297.18,136.6,297.19,87.5
1753503597104,04:19:57.104,AAVE/USDT:USDT,297.17,154.8,297.16,15.2,297.18,28.0,297.19,115.3
1753503597404,04:19:57.404,AAVE/USDT:USDT,297.17,186.3,297.16,15.2,297.18,72.3,297.19,20.2
1753503597504,04:19:57.504,AAVE/USDT:USDT,297.17,186.3,297.16,15.2,297.18,72.3,297.19,20.2
1753503597604,04:19:57.604,AAVE/USDT:USDT,297.17,186.3,297.16,15.2,297.18,72.3,297.19,20.2
1753503597704,04:19:57.704,AAVE/USDT:USDT,297.17,186.3,297.16,15.2,297.18,28.2,297.2,51.0
1753503597804,04:19:57.804,AAVE/USDT:USDT,297.17,186.3,297.16,15.2,297.18,28.4,297.19,45.2
1753503597904,04:19:57.904,AAVE/USDT:USDT,297.17,186.3,297.16,15.2,297.18,28.4,297.19,22.1
1753503598404,04:19:58.404,AAVE/USDT:USDT,297.17,204.8,297.16,48.4,297.18,27.6,297.2,47.4
1753503598604,04:19:58.604,AAVE/USDT:USDT,297.17,204.8,297.16,48.4,297.18,27.6,297.2,47.4
1753503599704,04:19:59.704,AAVE/USDT:USDT,297.21,137.4,297.2,26.7,297.22,67.5,297.23,23.6
1753503600604,04:20:00.604,AAVE/USDT:USDT,297.21,199.9,297.2,53.6,297.22,31.7,297.24,35.3
1753503602504,04:20:02.504,AAVE/USDT:USDT,297.21,79.9,297.2,26.8,297.22,33.9,297.23,0.4
1753503603604,04:20:03.604,AAVE/USDT:USDT,297.21,205.9,297.2,121.8,297.22,7.4,297.23,0.4
1753503604904,04:20:04.904,AAVE/USDT:USDT,297.23,20.4,297.22,53.7,297.24,26.7,297.25,20.2
1753503605904,04:20:05.904,AAVE/USDT:USDT,297.23,135.5,297.22,98.4,297.24,26.7,297.26,35.4
1753503606304,04:20:06.304,AAVE/USDT:USDT,297.23,94.4,297.22,98.4,297.24,26.7,297.26,35.4
1753503607504,04:20:07.504,AAVE/USDT:USDT,297.23,0.4,297.22,98.4,297.24,47.3,297.25,96.1
1753503607704,04:20:07.704,AAVE/USDT:USDT,297.23,0.4,297.21,59.4,297.24,155.8,297.25,96.1
1753503607804,04:20:07.804,AAVE/USDT:USDT,297.23,0.4,297.21,41.5,297.24,155.6,297.25,96.1
1753503607904,04:20:07.904,AAVE/USDT:USDT,297.23,0.4,297.21,41.5,297.24,155.6,297.25,96.1
1753503608904,04:20:08.904,AAVE/USDT:USDT,297.23,0.4,297.21,41.5,297.24,155.8,297.25,96.1
1753503609404,04:20:09.404,AAVE/USDT:USDT,297.23,41.4,297.21,0.8,297.24,155.8,297.25,56.8
1753503609504,04:20:09.504,AAVE/USDT:USDT,297.23,41.4,297.21,7.6,297.24,155.8,297.25,19.9
1753503609704,04:20:09.704,AAVE/USDT:USDT,297.23,41.4,297.21,7.6,297.24,155.8,297.26,29.3
1753503609804,04:20:09.804,AAVE/USDT:USDT,297.23,41.4,297.21,7.6,297.24,155.8,297.26,29.3
1753503610404,04:20:10.404,AAVE/USDT:USDT,297.23,41.3,297.21,7.6,297.24,136.7,297.25,175.0
1753503611004,04:20:11.004,AAVE/USDT:USDT,297.23,106.8,297.22,25.2,297.24,1.7,297.25,175.0
1753503611404,04:20:11.404,AAVE/USDT:USDT,297.23,88.4,297.22,25.2,297.24,10.9,297.25,219.6
1753503611704,04:20:11.704,AAVE/USDT:USDT,297.23,177.7,297.22,120.3,297.24,1.7,297.25,175.0
1753503611904,04:20:11.904,AAVE/USDT:USDT,297.28,258.8,297.27,46.7,297.29,83.0,297.3,5.0
1753503612104,04:20:12.104,AAVE/USDT:USDT,297.28,324.9,297.27,71.3,297.29,53.8,297.3,30.0
1753503612604,04:20:12.604,AAVE/USDT:USDT,297.29,278.7,297.28,145.1,297.3,30.0,297.32,39.9
1753503612904,04:20:12.904,AAVE/USDT:USDT,297.29,278.7,297.28,172.3,297.3,30.0,297.32,39.9
1753503613004,04:20:13.004,AAVE/USDT:USDT,297.29,278.7,297.28,172.3,297.3,4.8,297.32,39.9
1753503613304,04:20:13.304,AAVE/USDT:USDT,297.29,278.7,297.28,172.3,297.32,7.3,297.33,7.4
1753503613804,04:20:13.804,AAVE/USDT:USDT,297.33,20.7,297.32,45.4,297.34,46.4,297.35,48.2
1753503613904,04:20:13.904,AAVE/USDT:USDT,297.33,20.7,297.32,45.4,297.34,154.9,297.35,48.2
1753503614504,04:20:14.504,AAVE/USDT:USDT,297.33,0.3,297.32,25.2,297.34,202.6,297.35,90.4
1753503614604,04:20:14.604,AAVE/USDT:USDT,297.33,0.3,297.32,25.2,297.34,202.6,297.35,90.4
1753503614704,04:20:14.704,AAVE/USDT:USDT,297.33,0.3,297.32,25.2,297.34,202.6,297.35,90.4
1753503614804,04:20:14.804,AAVE/USDT:USDT,297.33,0.3,297.32,25.2,297.34,202.6,297.35,90.4
1753503615004,04:20:15.004,AAVE/USDT:USDT,297.33,0.3,297.32,25.2,297.34,202.6,297.35,90.4
1753503615104,04:20:15.104,AAVE/USDT:USDT,297.33,0.3,297.32,25.2,297.34,202.6,297.35,90.4
1753503615204,04:20:15.204,AAVE/USDT:USDT,297.33,0.6,297.32,25.2,297.34,160.4,297.35,48.2
1753503615404,04:20:15.404,AAVE/USDT:USDT,297.33,34.5,297.32,25.2,297.34,51.7,297.35,48.2
1753503615504,04:20:15.504,AAVE/USDT:USDT,297.33,34.7,297.32,25.2,297.34,51.9,297.35,48.2
1753503615804,04:20:15.804,AAVE/USDT:USDT,297.33,34.7,297.32,25.2,297.34,202.6,297.35,90.4
1753503616204,04:20:16.204,AAVE/USDT:USDT,297.33,34.7,297.32,25.2,297.34,51.7,297.35,48.2
1753503616304,04:20:16.304,AAVE/USDT:USDT,297.33,34.7,297.32,25.2,297.34,51.9,297.35,48.2
1753503616704,04:20:16.704,AAVE/USDT:USDT,297.33,34.7,297.32,25.2,297.34,202.6,297.35,90.4
1753503616904,04:20:16.904,AAVE/USDT:USDT,297.33,34.7,297.32,25.2,297.34,202.6,297.35,90.4
1753503617904,04:20:17.904,AAVE/USDT:USDT,297.3,66.1,297.29,6.9,297.31,20.2,297.32,25.2
1753503618104,04:20:18.104,AAVE/USDT:USDT,297.31,20.4,297.3,65.9,297.32,25.4,297.33,20.2
1753503618304,04:20:18.304,AAVE/USDT:USDT,297.31,20.7,297.3,65.9,297.32,34.6,297.33,20.2
1753503618704,04:20:18.704,AAVE/USDT:USDT,297.31,20.7,297.3,65.9,297.32,34.6,297.33,20.2
1753503618904,04:20:18.904,AAVE/USDT:USDT,297.31,0.3,297.3,65.9,297.32,34.6,297.33,20.2
1753503619004,04:20:19.004,AAVE/USDT:USDT,297.31,47.0,297.3,65.9,297.32,34.6,297.33,20.2
1753503619604,04:20:19.604,AAVE/USDT:USDT,297.31,0.3,297.3,65.9,297.32,34.9,297.33,20.2
1753503619804,04:20:19.804,AAVE/USDT:USDT,297.31,20.5,297.3,65.9,297.32,143.4,297.33,20.2
1753503619904,04:20:19.904,AAVE/USDT:USDT,297.31,20.7,297.3,65.9,297.32,34.9,297.33,20.2
1753503620604,04:20:20.604,AAVE/USDT:USDT,297.31,74.4,297.3,77.6,297.32,20.7,297.33,20.2
1753503620904,04:20:20.904,AAVE/USDT:USDT,297.31,57.8,297.3,52.3,297.32,0.3,297.33,20.2
1753503621004,04:20:21.004,AAVE/USDT:USDT,297.31,75.4,297.3,52.3,297.32,0.3,297.33,20.2
1753503621604,04:20:21.604,AAVE/USDT:USDT,297.33,62.5,297.32,90.5,297.34,45.1,297.36,33.2
1753503622204,04:20:22.204,AAVE/USDT:USDT,297.33,62.5,297.32,90.5,297.34,45.1,297.36,33.2
1753503622404,04:20:22.404,AAVE/USDT:USDT,297.33,3.2,297.32,70.3,297.34,45.1,297.35,88.6
1753503622904,04:20:22.904,AAVE/USDT:USDT,297.33,31.0,297.32,70.3,297.34,45.1,297.36,33.2
1753503623504,04:20:23.504,AAVE/USDT:USDT,297.33,15.5,297.32,70.3,297.34,24.9,297.36,33.2
1753503623804,04:20:23.804,AAVE/USDT:USDT,297.33,15.5,297.32,70.3,297.34,24.9,297.36,33.2
1753503624104,04:20:24.104,AAVE/USDT:USDT,297.33,15.5,297.32,70.3,297.34,24.9,297.36,33.2
1753503624404,04:20:24.404,AAVE/USDT:USDT,297.33,15.6,297.32,70.3,297.34,24.9,297.36,33.2
1753503624704,04:20:24.704,AAVE/USDT:USDT,297.33,15.6,297.32,70.3,297.34,24.9,297.36,33.2
1753503624904,04:20:24.904,AAVE/USDT:USDT,297.33,15.6,297.32,70.3,297.34,24.9,297.36,33.2
1753503625604,04:20:25.604,AAVE/USDT:USDT,297.33,15.6,297.31,7.4,297.34,45.1,297.35,22.3
1753503625704,04:20:25.704,AAVE/USDT:USDT,297.33,15.6,297.31,7.4,297.34,44.9,297.35,22.3
1753503625904,04:20:25.904,AAVE/USDT:USDT,297.33,15.6,297.31,7.4,297.34,44.9,297.35,22.3
1753503626004,04:20:26.004,AAVE/USDT:USDT,297.33,15.6,297.31,7.4,297.34,145.5,297.35,22.3
1753503627004,04:20:27.004,AAVE/USDT:USDT,297.33,200.9,297.32,48.5,297.34,1.5,297.36,33.2
1753503627304,04:20:27.304,AAVE/USDT:USDT,297.33,265.4,297.32,89.5,297.34,1.5,297.36,33.2
1753503627404,04:20:27.404,AAVE/USDT:USDT,297.33,265.6,297.32,89.5,297.34,1.5,297.36,33.2
1753503627504,04:20:27.504,AAVE/USDT:USDT,297.33,265.6,297.32,99.1,297.34,1.5,297.36,33.2
1753503627604,04:20:27.604,AAVE/USDT:USDT,297.33,200.0,297.32,33.5,297.34,1.5,297.36,33.2
1753503627704,04:20:27.704,AAVE/USDT:USDT,297.33,200.0,297.32,33.5,297.34,1.5,297.36,33.2
1753503627804,04:20:27.804,AAVE/USDT:USDT,297.33,91.5,297.32,33.5,297.34,1.5,297.36,33.2
1753503627904,04:20:27.904,AAVE/USDT:USDT,297.33,200.0,297.32,74.5,297.34,1.5,297.36,9.1
1753503628004,04:20:28.004,AAVE/USDT:USDT,297.33,200.0,297.32,74.5,297.34,1.5,297.36,9.1
1753503628104,04:20:28.104,AAVE/USDT:USDT,297.33,200.0,297.32,74.5,297.34,1.5,297.36,9.1
1753503628204,04:20:28.204,AAVE/USDT:USDT,297.33,200.0,297.32,33.5,297.34,1.5,297.36,9.1
1753503628604,04:20:28.604,AAVE/USDT:USDT,297.33,153.0,297.32,74.5,297.34,1.5,297.36,9.1
1753503628804,04:20:28.804,AAVE/USDT:USDT,297.33,153.0,297.32,33.5,297.34,1.5,297.36,9.1
1753503628904,04:20:28.904,AAVE/USDT:USDT,297.33,153.0,297.32,33.5,297.34,1.5,297.36,9.1
1753503629104,04:20:29.104,AAVE/USDT:USDT,297.33,153.0,297.32,33.5,297.34,1.5,297.36,33.0
1753503629204,04:20:29.204,AAVE/USDT:USDT,297.33,91.5,297.32,33.5,297.34,1.5,297.36,33.0
1753503629804,04:20:29.804,AAVE/USDT:USDT,297.33,74.8,297.32,33.5,297.34,1.5,297.36,33.0
1753503629904,04:20:29.904,AAVE/USDT:USDT,297.33,74.8,297.32,74.5,297.34,1.5,297.36,33.0
1753503630304,04:20:30.304,AAVE/USDT:USDT,297.33,15.4,297.32,23.9,297.34,34.6,297.36,33.0
1753503630404,04:20:30.404,AAVE/USDT:USDT,297.33,91.7,297.32,23.9,297.34,25.4,297.36,33.0
1753503630604,04:20:30.604,AAVE/USDT:USDT,297.33,200.4,297.32,89.5,297.34,1.5,297.36,33.0
1753503630804,04:20:30.804,AAVE/USDT:USDT,297.33,200.4,297.32,48.5,297.34,1.5,297.36,33.0
1753503630904,04:20:30.904,AAVE/USDT:USDT,297.33,200.4,297.32,48.5,297.34,1.5,297.36,33.0
1753503631004,04:20:31.004,AAVE/USDT:USDT,297.33,91.9,297.32,89.5,297.34,1.5,297.36,33.0
1753503631104,04:20:31.104,AAVE/USDT:USDT,297.33,54.4,297.32,48.5,297.34,21.7,297.36,33.0
1753503631204,04:20:31.204,AAVE/USDT:USDT,297.33,54.4,297.32,48.5,297.34,21.7,297.36,33.0
1753503631504,04:20:31.504,AAVE/USDT:USDT,297.33,15.5,297.32,23.9,297.34,152.9,297.35,63.4
1753503632104,04:20:32.104,AAVE/USDT:USDT,297.33,81.5,297.32,48.5,297.34,24.2,297.36,33.0
1753503632204,04:20:32.204,AAVE/USDT:USDT,297.33,81.3,297.32,48.5,297.34,24.2,297.36,33.0
1753503632304,04:20:32.304,AAVE/USDT:USDT,297.33,99.4,297.32,89.5,297.34,1.5,297.36,33.0
1753503632804,04:20:32.804,AAVE/USDT:USDT,297.33,115.6,297.32,89.5,297.34,1.5,297.36,33.0
1753503633204,04:20:33.204,AAVE/USDT:USDT,297.33,175.6,297.32,89.5,297.34,1.5,297.36,33.0
1753503633304,04:20:33.304,AAVE/USDT:USDT,297.33,175.6,297.32,89.5,297.34,1.5,297.36,33.0
1753503633504,04:20:33.504,AAVE/USDT:USDT,297.33,197.8,297.32,89.5,297.34,1.5,297.36,33.0
1753503633704,04:20:33.704,AAVE/USDT:USDT,297.33,101.1,297.32,89.5,297.34,1.5,297.36,33.0
1753503633804,04:20:33.804,AAVE/USDT:USDT,297.33,61.6,297.32,23.9,297.34,108.5,297.35,48.2
1753503633904,04:20:33.904,AAVE/USDT:USDT,297.33,61.6,297.32,23.9,297.34,217.2,297.35,48.2
1753503634204,04:20:34.204,AAVE/USDT:USDT,297.33,61.6,297.32,23.9,297.34,88.5,297.35,95.4
1753503634304,04:20:34.304,AAVE/USDT:USDT,297.33,15.8,297.32,23.9,297.34,197.7,297.35,96.1
1753503634404,04:20:34.404,AAVE/USDT:USDT,297.33,15.8,297.32,23.9,297.34,89.2,297.35,96.1
1753503634804,04:20:34.804,AAVE/USDT:USDT,297.33,15.8,297.32,23.9,297.34,197.7,297.35,96.1
1753503635004,04:20:35.004,AAVE/USDT:USDT,297.33,15.8,297.32,23.9,297.34,197.7,297.35,96.1
1753503635104,04:20:35.104,AAVE/USDT:USDT,297.33,15.8,297.32,23.9,297.34,197.7,297.35,96.1
1753503635204,04:20:35.204,AAVE/USDT:USDT,297.33,15.8,297.32,23.9,297.34,197.7,297.35,96.1
1753503635404,04:20:35.404,AAVE/USDT:USDT,297.33,17.2,297.32,23.9,297.34,24.2,297.36,33.0
1753503635604,04:20:35.604,AAVE/USDT:USDT,297.33,17.2,297.32,23.9,297.34,44.4,297.35,22.2
1753503635704,04:20:35.704,AAVE/USDT:USDT,297.33,17.2,297.32,23.9,297.34,86.1,297.35,63.9
1753503635804,04:20:35.804,AAVE/USDT:USDT,297.33,17.2,297.32,23.9,297.34,194.6,297.35,63.9
1753503635904,04:20:35.904,AAVE/USDT:USDT,297.33,17.2,297.32,23.9,297.34,194.6,297.35,63.9
