timestamp,time,symbol,bid1_price,bid1_volume,bid2_price,bid2_volume,ask1_price,ask1_volume,ask2_price,ask2_volume
1753503304500,04:15:04.500,ADA/USDT:USDT,0.8259,235.9,0.8258,486.9,0.826,322.6,0.8261,728.6
1753503304600,04:15:04.600,ADA/USDT:USDT,0.8259,133.2,0.8258,486.9,0.826,391.5,0.8261,728.6
1753503304800,04:15:04.800,ADA/USDT:USDT,0.8259,125.5,0.8258,500.2,0.826,376.7,0.8261,725.8
1753503304900,04:15:04.900,ADA/USDT:USDT,0.8259,105.1,0.8258,486.8,0.826,394.3,0.8261,725.8
1753503305000,04:15:05.000,ADA/USDT:USDT,0.8259,105.1,0.8258,486.8,0.826,394.7,0.8261,725.8
1753503305100,04:15:05.100,ADA/USDT:USDT,0.8259,105.1,0.8258,486.8,0.826,394.7,0.8261,725.8
1753503305200,04:15:05.200,ADA/USDT:USDT,0.8259,105.1,0.8258,486.8,0.826,394.7,0.8261,739.7
1753503305300,04:15:05.300,ADA/USDT:USDT,0.8259,105.1,0.8258,486.8,0.826,394.4,0.8261,725.8
1753503305400,04:15:05.400,ADA/USDT:USDT,0.8259,105.1,0.8258,486.8,0.826,394.7,0.8261,725.8
1753503305500,04:15:05.500,ADA/USDT:USDT,0.8259,105.1,0.8258,486.8,0.826,394.7,0.8261,725.8
1753503305600,04:15:05.600,ADA/USDT:USDT,0.8258,164.3,0.8257,494.9,0.8259,748.9,0.826,727.2
1753503305700,04:15:05.700,ADA/USDT:USDT,0.8258,164.5,0.8257,504.3,0.8259,788.9,0.826,718.3
1753503305800,04:15:05.800,ADA/USDT:USDT,0.8258,164.5,0.8257,504.7,0.8259,788.9,0.826,718.3
1753503305900,04:15:05.900,ADA/USDT:USDT,0.8258,176.9,0.8257,504.3,0.8259,728.4,0.826,717.7
1753503306000,04:15:06.000,ADA/USDT:USDT,0.8258,503.2,0.8257,541.6,0.8259,32.7,0.826,705.2
1753503306100,04:15:06.100,ADA/USDT:USDT,0.8259,515.4,0.8258,674.0,0.826,226.8,0.8261,718.9
1753503306200,04:15:06.200,ADA/USDT:USDT,0.8259,515.4,0.8258,688.4,0.826,226.8,0.8261,718.8
1753503306300,04:15:06.300,ADA/USDT:USDT,0.8259,536.0,0.8258,674.0,0.826,226.8,0.8261,717.5
1753503306400,04:15:06.400,ADA/USDT:USDT,0.8259,535.6,0.8258,559.0,0.826,194.6,0.8261,714.9
1753503306500,04:15:06.500,ADA/USDT:USDT,0.8259,543.4,0.8258,563.6,0.826,214.6,0.8261,714.9
1753503306600,04:15:06.600,ADA/USDT:USDT,0.8259,543.1,0.8258,563.0,0.826,214.6,0.8261,714.9
1753503306700,04:15:06.700,ADA/USDT:USDT,0.8259,616.5,0.8258,563.0,0.826,158.7,0.8261,714.9
1753503306800,04:15:06.800,ADA/USDT:USDT,0.8259,535.3,0.8258,563.0,0.826,177.8,0.8261,714.9
1753503306900,04:15:06.900,ADA/USDT:USDT,0.8259,535.3,0.8258,563.4,0.826,177.7,0.8261,714.9
1753503307100,04:15:07.100,ADA/USDT:USDT,0.8259,535.3,0.8258,563.4,0.826,177.7,0.8261,714.9
1753503307200,04:15:07.200,ADA/USDT:USDT,0.8259,535.3,0.8258,563.4,0.826,177.7,0.8261,714.9
1753503307300,04:15:07.300,ADA/USDT:USDT,0.8259,535.3,0.8258,563.4,0.826,177.9,0.8261,714.9
1753503307400,04:15:07.400,ADA/USDT:USDT,0.8259,535.3,0.8258,563.4,0.826,177.9,0.8261,714.9
1753503307500,04:15:07.500,ADA/USDT:USDT,0.8259,456.4,0.8258,550.5,0.826,200.6,0.8261,714.9
1753503307600,04:15:07.600,ADA/USDT:USDT,0.8259,341.2,0.8258,550.5,0.826,160.8,0.8261,714.9
1753503307700,04:15:07.700,ADA/USDT:USDT,0.8259,122.7,0.8258,550.5,0.826,197.1,0.8261,715.2
1753503307800,04:15:07.800,ADA/USDT:USDT,0.8259,97.8,0.8258,465.9,0.826,197.1,0.8261,716.4
1753503307900,04:15:07.900,ADA/USDT:USDT,0.8259,57.8,0.8258,465.9,0.826,197.1,0.8261,716.4
1753503308000,04:15:08.000,ADA/USDT:USDT,0.8259,57.8,0.8258,465.9,0.826,197.1,0.8261,716.1
1753503308100,04:15:08.100,ADA/USDT:USDT,0.8259,57.8,0.8258,550.1,0.826,197.1,0.8261,716.2
1753503308300,04:15:08.300,ADA/USDT:USDT,0.8259,176.7,0.8258,550.1,0.826,312.3,0.8261,716.1
1753503308400,04:15:08.400,ADA/USDT:USDT,0.8259,77.3,0.8258,550.1,0.826,315.1,0.8261,717.1
1753503308500,04:15:08.500,ADA/USDT:USDT,0.8259,61.4,0.8258,550.1,0.826,191.6,0.8261,717.1
1753503308600,04:15:08.600,ADA/USDT:USDT,0.8259,61.4,0.8258,550.1,0.826,199.5,0.8261,717.1
1753503308700,04:15:08.700,ADA/USDT:USDT,0.8259,61.4,0.8258,550.1,0.826,191.9,0.8261,717.1
1753503308800,04:15:08.800,ADA/USDT:USDT,0.8259,61.4,0.8258,550.1,0.826,178.1,0.8261,716.8
1753503308900,04:15:08.900,ADA/USDT:USDT,0.8259,61.4,0.8258,550.1,0.826,178.1,0.8261,716.8
1753503309000,04:15:09.000,ADA/USDT:USDT,0.8259,61.4,0.8258,562.5,0.826,178.1,0.8261,716.8
1753503309100,04:15:09.100,ADA/USDT:USDT,0.8259,61.4,0.8258,562.9,0.826,178.1,0.8261,716.8
1753503309200,04:15:09.200,ADA/USDT:USDT,0.8259,61.4,0.8258,562.9,0.826,178.1,0.8261,716.8
1753503309300,04:15:09.300,ADA/USDT:USDT,0.8259,4.1,0.8258,244.5,0.826,374.5,0.8261,717.1
1753503309400,04:15:09.400,ADA/USDT:USDT,0.8258,116.7,0.8257,663.4,0.8259,337.2,0.826,538.4
1753503309500,04:15:09.500,ADA/USDT:USDT,0.8258,140.5,0.8257,663.8,0.8259,360.2,0.826,755.7
1753503309600,04:15:09.600,ADA/USDT:USDT,0.8258,140.5,0.8257,663.8,0.8259,360.2,0.826,737.2
1753503309700,04:15:09.700,ADA/USDT:USDT,0.8258,140.5,0.8257,663.8,0.8259,360.2,0.826,749.6
1753503309800,04:15:09.800,ADA/USDT:USDT,0.8258,132.9,0.8257,663.8,0.8259,360.2,0.826,749.6
1753503309900,04:15:09.900,ADA/USDT:USDT,0.8258,151.5,0.8257,663.4,0.8259,360.2,0.826,749.6
1753503310000,04:15:10.000,ADA/USDT:USDT,0.8258,151.5,0.8257,651.0,0.8259,376.4,0.826,749.9
1753503310100,04:15:10.100,ADA/USDT:USDT,0.8258,151.5,0.8257,651.0,0.8259,364.0,0.826,749.6
1753503310200,04:15:10.200,ADA/USDT:USDT,0.8258,151.5,0.8257,663.4,0.8259,364.0,0.826,749.6
1753503310300,04:15:10.300,ADA/USDT:USDT,0.8258,132.8,0.8257,651.0,0.8259,439.4,0.826,680.9
1753503310400,04:15:10.400,ADA/USDT:USDT,0.8258,132.8,0.8257,651.0,0.8259,377.9,0.826,680.9
1753503310500,04:15:10.500,ADA/USDT:USDT,0.8258,155.3,0.8257,651.0,0.8259,378.3,0.826,680.6
1753503310600,04:15:10.600,ADA/USDT:USDT,0.8258,155.2,0.8257,651.0,0.8259,378.3,0.826,680.6
1753503310700,04:15:10.700,ADA/USDT:USDT,0.8258,156.3,0.8257,663.2,0.8259,365.9,0.826,680.6
1753503310800,04:15:10.800,ADA/USDT:USDT,0.8258,156.3,0.8257,651.0,0.8259,365.9,0.826,680.6
1753503310900,04:15:10.900,ADA/USDT:USDT,0.8258,156.3,0.8257,663.2,0.8259,365.9,0.826,680.6
1753503311000,04:15:11.000,ADA/USDT:USDT,0.8258,168.3,0.8257,663.6,0.8259,365.6,0.826,667.9
1753503311100,04:15:11.100,ADA/USDT:USDT,0.8258,156.3,0.8257,663.6,0.8259,365.6,0.826,680.4
1753503311200,04:15:11.200,ADA/USDT:USDT,0.8258,156.3,0.8257,663.6,0.8259,365.6,0.826,680.1
1753503311300,04:15:11.300,ADA/USDT:USDT,0.8258,156.3,0.8257,651.4,0.8259,378.7,0.826,680.4
1753503311400,04:15:11.400,ADA/USDT:USDT,0.8258,155.8,0.8257,651.4,0.8259,366.3,0.826,680.4
1753503311500,04:15:11.500,ADA/USDT:USDT,0.8258,175.8,0.8257,651.4,0.8259,366.3,0.826,680.4
1753503311600,04:15:11.600,ADA/USDT:USDT,0.8258,175.8,0.8257,651.4,0.8259,366.3,0.826,680.1
1753503311700,04:15:11.700,ADA/USDT:USDT,0.8258,194.7,0.8257,651.4,0.8259,366.3,0.826,680.1
1753503311800,04:15:11.800,ADA/USDT:USDT,0.8258,206.9,0.8257,651.4,0.8259,225.5,0.826,667.5
1753503311900,04:15:11.900,ADA/USDT:USDT,0.8258,173.4,0.8257,663.6,0.8259,229.0,0.826,664.0
1753503312000,04:15:12.000,ADA/USDT:USDT,0.8258,173.4,0.8257,663.6,0.8259,227.8,0.826,664.0
1753503312200,04:15:12.200,ADA/USDT:USDT,0.8258,161.2,0.8257,651.4,0.8259,230.7,0.826,664.0
1753503312300,04:15:12.300,ADA/USDT:USDT,0.8258,288.4,0.8257,651.4,0.8259,345.7,0.826,664.0
1753503312400,04:15:12.400,ADA/USDT:USDT,0.8258,295.7,0.8257,661.1,0.8259,40.6,0.826,423.5
1753503312500,04:15:12.500,ADA/USDT:USDT,0.8258,296.9,0.8257,661.1,0.8259,72.9,0.826,423.5
1753503312600,04:15:12.600,ADA/USDT:USDT,0.8258,296.9,0.8257,661.1,0.8259,72.9,0.826,423.5
1753503312800,04:15:12.800,ADA/USDT:USDT,0.8258,276.2,0.8257,673.4,0.8259,72.9,0.826,662.8
1753503312900,04:15:12.900,ADA/USDT:USDT,0.8258,276.2,0.8257,673.4,0.8259,137.9,0.826,662.8
1753503313000,04:15:13.000,ADA/USDT:USDT,0.8258,276.2,0.8257,655.0,0.8259,137.9,0.826,662.8
1753503313200,04:15:13.200,ADA/USDT:USDT,0.8258,276.2,0.8257,655.0,0.8259,137.9,0.826,662.8
1753503313300,04:15:13.300,ADA/USDT:USDT,0.8258,167.4,0.8257,655.0,0.8259,288.5,0.826,664.0
1753503313400,04:15:13.400,ADA/USDT:USDT,0.8258,167.4,0.8257,655.0,0.8259,288.6,0.826,664.3
1753503313500,04:15:13.500,ADA/USDT:USDT,0.8258,167.4,0.8257,655.0,0.8259,338.7,0.826,664.3
1753503313600,04:15:13.600,ADA/USDT:USDT,0.8258,127.3,0.8257,651.4,0.8259,339.9,0.826,664.3
1753503313800,04:15:13.800,ADA/USDT:USDT,0.8258,333.9,0.8257,651.3,0.8259,64.1,0.826,340.0
1753503313900,04:15:13.900,ADA/USDT:USDT,0.8258,334.1,0.8257,655.9,0.8259,64.3,0.826,340.0
1753503314000,04:15:14.000,ADA/USDT:USDT,0.8258,335.1,0.8257,655.9,0.8259,64.3,0.826,340.0
1753503314100,04:15:14.100,ADA/USDT:USDT,0.8258,335.1,0.8257,655.9,0.8259,62.0,0.826,264.6
1753503314200,04:15:14.200,ADA/USDT:USDT,0.8258,321.5,0.8257,669.5,0.8259,67.7,0.826,306.9
1753503314300,04:15:14.300,ADA/USDT:USDT,0.8258,436.5,0.8257,669.5,0.8259,71.1,0.826,306.9
1753503314400,04:15:14.400,ADA/USDT:USDT,0.8258,436.5,0.8257,670.7,0.8259,71.1,0.826,306.9
1753503314500,04:15:14.500,ADA/USDT:USDT,0.8258,450.1,0.8257,671.9,0.8259,62.4,0.826,306.9
1753503314600,04:15:14.600,ADA/USDT:USDT,0.8258,450.1,0.8257,672.3,0.8259,62.4,0.826,306.9
1753503314700,04:15:14.700,ADA/USDT:USDT,0.8258,450.1,0.8257,672.3,0.8259,62.4,0.826,306.9
1753503314900,04:15:14.900,ADA/USDT:USDT,0.8258,371.0,0.8257,658.0,0.8259,58.5,0.826,496.0
1753503315000,04:15:15.000,ADA/USDT:USDT,0.8258,362.9,0.8257,653.4,0.8259,58.5,0.826,559.6
1753503315100,04:15:15.100,ADA/USDT:USDT,0.8258,362.9,0.8257,653.4,0.8259,62.0,0.826,559.6
1753503315200,04:15:15.200,ADA/USDT:USDT,0.8258,362.9,0.8257,653.4,0.8259,71.1,0.826,559.6
1753503315300,04:15:15.300,ADA/USDT:USDT,0.8258,362.9,0.8257,652.2,0.8259,117.0,0.826,559.9
1753503315400,04:15:15.400,ADA/USDT:USDT,0.8258,363.9,0.8257,665.5,0.8259,62.4,0.826,559.6
1753503315500,04:15:15.500,ADA/USDT:USDT,0.8258,385.2,0.8257,665.8,0.8259,58.4,0.826,546.2
1753503315600,04:15:15.600,ADA/USDT:USDT,0.8258,385.2,0.8257,665.8,0.8259,58.4,0.826,302.5
1753503315700,04:15:15.700,ADA/USDT:USDT,0.8258,445.7,0.8257,665.8,0.8259,58.5,0.826,302.5
1753503315800,04:15:15.800,ADA/USDT:USDT,0.8258,340.4,0.8257,652.6,0.8259,362.7,0.826,315.4
1753503315900,04:15:15.900,ADA/USDT:USDT,0.8258,225.4,0.8257,652.2,0.8259,287.1,0.826,555.0
1753503316000,04:15:16.000,ADA/USDT:USDT,0.8258,225.4,0.8257,651.0,0.8259,287.3,0.826,555.0
1753503316100,04:15:16.100,ADA/USDT:USDT,0.8258,245.6,0.8257,651.0,0.8259,271.8,0.826,555.0
1753503316200,04:15:16.200,ADA/USDT:USDT,0.8258,245.6,0.8257,651.4,0.8259,271.8,0.826,541.8
1753503316300,04:15:16.300,ADA/USDT:USDT,0.8258,368.3,0.8257,651.4,0.8259,132.7,0.826,541.8
1753503316400,04:15:16.400,ADA/USDT:USDT,0.8258,368.3,0.8257,651.4,0.8259,132.7,0.826,302.5
1753503316500,04:15:16.500,ADA/USDT:USDT,0.8258,360.6,0.8257,651.4,0.8259,100.7,0.826,302.5
1753503316600,04:15:16.600,ADA/USDT:USDT,0.8258,369.1,0.8257,656.0,0.8259,78.9,0.826,302.5
1753503316800,04:15:16.800,ADA/USDT:USDT,0.8258,381.5,0.8257,669.9,0.8259,57.3,0.826,302.5
1753503316900,04:15:16.900,ADA/USDT:USDT,0.8258,381.5,0.8257,669.9,0.8259,57.3,0.826,302.5
1753503317000,04:15:17.000,ADA/USDT:USDT,0.8259,789.9,0.8258,671.0,0.826,99.1,0.8261,299.6
1753503317100,04:15:17.100,ADA/USDT:USDT,0.826,412.4,0.8259,953.9,0.8261,276.8,0.8262,600.6
1753503317200,04:15:17.200,ADA/USDT:USDT,0.826,400.6,0.8259,952.5,0.8261,277.0,0.8262,600.6
1753503317300,04:15:17.300,ADA/USDT:USDT,0.826,400.2,0.8259,871.1,0.8261,277.5,0.8262,600.6
1753503317400,04:15:17.400,ADA/USDT:USDT,0.826,424.7,0.8259,871.1,0.8261,277.5,0.8262,600.6
1753503317500,04:15:17.500,ADA/USDT:USDT,0.826,64.8,0.8259,853.1,0.8261,339.0,0.8262,613.0
1753503317600,04:15:17.600,ADA/USDT:USDT,0.826,64.8,0.8259,853.1,0.8261,351.4,0.8262,613.0
1753503317700,04:15:17.700,ADA/USDT:USDT,0.826,64.8,0.8259,853.1,0.8261,339.0,0.8262,613.0
1753503317800,04:15:17.800,ADA/USDT:USDT,0.826,232.0,0.8259,853.1,0.8261,242.6,0.8262,613.0
1753503317900,04:15:17.900,ADA/USDT:USDT,0.826,99.4,0.8259,853.1,0.8261,243.9,0.8262,613.0
1753503318000,04:15:18.000,ADA/USDT:USDT,0.826,71.4,0.8259,865.6,0.8261,244.0,0.8262,600.6
1753503318100,04:15:18.100,ADA/USDT:USDT,0.826,71.4,0.8259,853.2,0.8261,244.0,0.8262,613.0
1753503318200,04:15:18.200,ADA/USDT:USDT,0.826,69.7,0.8259,853.2,0.8261,360.2,0.8262,614.2
1753503318300,04:15:18.300,ADA/USDT:USDT,0.826,51.4,0.8259,853.2,0.8261,257.6,0.8262,642.5
1753503318400,04:15:18.400,ADA/USDT:USDT,0.826,62.4,0.8259,853.2,0.8261,257.6,0.8262,642.5
1753503318500,04:15:18.500,ADA/USDT:USDT,0.826,62.4,0.8259,853.2,0.8261,245.2,0.8262,642.5
1753503318600,04:15:18.600,ADA/USDT:USDT,0.826,51.4,0.8259,853.2,0.8261,244.2,0.8262,654.5
1753503318700,04:15:18.700,ADA/USDT:USDT,0.826,51.4,0.8259,853.2,0.8261,256.4,0.8262,654.5
1753503318800,04:15:18.800,ADA/USDT:USDT,0.826,51.4,0.8259,853.2,0.8261,256.4,0.8262,661.9
1753503318900,04:15:18.900,ADA/USDT:USDT,0.826,51.4,0.8259,853.2,0.8261,244.0,0.8262,661.9
1753503319000,04:15:19.000,ADA/USDT:USDT,0.826,51.4,0.8259,853.2,0.8261,244.0,0.8262,661.9
1753503319100,04:15:19.100,ADA/USDT:USDT,0.826,84.7,0.8259,873.0,0.8261,243.0,0.8262,642.1
1753503319200,04:15:19.200,ADA/USDT:USDT,0.826,247.1,0.8259,873.3,0.8261,243.3,0.8262,630.1
1753503319300,04:15:19.300,ADA/USDT:USDT,0.826,247.1,0.8259,873.3,0.8261,243.3,0.8262,630.1
1753503319400,04:15:19.400,ADA/USDT:USDT,0.8259,348.8,0.8258,553.3,0.826,328.0,0.8261,659.5
1753503319500,04:15:19.500,ADA/USDT:USDT,0.8259,385.5,0.8258,571.8,0.826,256.0,0.8261,641.3
1753503319600,04:15:19.600,ADA/USDT:USDT,0.8259,387.9,0.8258,559.7,0.826,257.2,0.8261,642.5
1753503319700,04:15:19.700,ADA/USDT:USDT,0.8259,387.9,0.8258,559.7,0.826,256.0,0.8261,641.3
1753503319800,04:15:19.800,ADA/USDT:USDT,0.8259,399.2,0.8258,559.7,0.826,147.9,0.8261,402.0
1753503319900,04:15:19.900,ADA/USDT:USDT,0.8259,460.7,0.8258,559.7,0.826,38.4,0.8261,402.0
1753503320000,04:15:20.000,ADA/USDT:USDT,0.8259,460.7,0.8258,559.7,0.826,44.8,0.8261,402.0
1753503320100,04:15:20.100,ADA/USDT:USDT,0.8259,460.7,0.8258,559.7,0.826,45.2,0.8261,402.0
1753503320200,04:15:20.200,ADA/USDT:USDT,0.8259,389.5,0.8258,570.6,0.826,113.3,0.8261,401.6
1753503320300,04:15:20.300,ADA/USDT:USDT,0.8259,256.5,0.8258,560.6,0.826,153.7,0.8261,659.3
1753503320400,04:15:20.400,ADA/USDT:USDT,0.8259,274.7,0.8258,560.9,0.826,153.7,0.8261,596.6
1753503320500,04:15:20.500,ADA/USDT:USDT,0.8259,285.6,0.8258,560.9,0.826,153.7,0.8261,596.6
1753503320600,04:15:20.600,ADA/USDT:USDT,0.8259,285.6,0.8258,560.9,0.826,130.6,0.8261,596.6
1753503320700,04:15:20.700,ADA/USDT:USDT,0.8259,285.6,0.8258,560.9,0.826,130.6,0.8261,596.6
1753503320800,04:15:20.800,ADA/USDT:USDT,0.8259,257.5,0.8258,571.8,0.826,84.3,0.8261,538.5
1753503320900,04:15:20.900,ADA/USDT:USDT,0.8259,210.1,0.8258,542.8,0.826,160.6,0.8261,600.6
1753503321100,04:15:21.100,ADA/USDT:USDT,0.8259,329.9,0.8258,562.5,0.826,40.2,0.8261,317.1
1753503321200,04:15:21.200,ADA/USDT:USDT,0.8259,444.9,0.8258,562.5,0.826,40.2,0.8261,317.1
1753503321300,04:15:21.300,ADA/USDT:USDT,0.8259,444.9,0.8258,572.9,0.826,40.2,0.8261,317.1
1753503321400,04:15:21.400,ADA/USDT:USDT,0.8259,444.9,0.8258,574.1,0.826,40.6,0.8261,317.1
1753503321500,04:15:21.500,ADA/USDT:USDT,0.8259,444.9,0.8258,574.1,0.826,40.7,0.8261,317.1
1753503321600,04:15:21.600,ADA/USDT:USDT,0.8259,434.1,0.8258,574.1,0.826,49.4,0.8261,454.8
1753503321700,04:15:21.700,ADA/USDT:USDT,0.8259,434.1,0.8258,574.1,0.826,40.7,0.8261,556.6
1753503321800,04:15:21.800,ADA/USDT:USDT,0.8259,444.9,0.8258,574.1,0.826,40.7,0.8261,274.8
1753503322000,04:15:22.000,ADA/USDT:USDT,0.8259,444.9,0.8258,574.1,0.826,41.0,0.8261,274.8
1753503322100,04:15:22.100,ADA/USDT:USDT,0.8259,444.9,0.8258,574.1,0.826,41.0,0.8261,338.5
1753503322200,04:15:22.200,ADA/USDT:USDT,0.8259,444.9,0.8258,575.3,0.826,41.4,0.8261,338.5
1753503322300,04:15:22.300,ADA/USDT:USDT,0.8259,416.0,0.8258,574.1,0.826,82.4,0.8261,412.3
1753503322400,04:15:22.400,ADA/USDT:USDT,0.8259,354.5,0.8258,573.8,0.826,82.4,0.8261,594.8
1753503322600,04:15:22.600,ADA/USDT:USDT,0.8259,415.4,0.8258,574.1,0.826,44.9,0.8261,294.8
1753503322700,04:15:22.700,ADA/USDT:USDT,0.8259,353.9,0.8258,543.7,0.826,157.9,0.8261,605.6
1753503322800,04:15:22.800,ADA/USDT:USDT,0.8259,353.9,0.8258,543.7,0.826,158.0,0.8261,605.6
1753503322900,04:15:22.900,ADA/USDT:USDT,0.8259,238.9,0.8258,543.7,0.826,177.5,0.8261,625.6
1753503323000,04:15:23.000,ADA/USDT:USDT,0.8259,238.9,0.8258,543.7,0.826,195.6,0.8261,625.6
1753503323100,04:15:23.100,ADA/USDT:USDT,0.8259,237.7,0.8258,543.7,0.826,177.7,0.8261,625.6
1753503323200,04:15:23.200,ADA/USDT:USDT,0.8259,352.7,0.8258,572.6,0.826,177.7,0.8261,625.6
1753503323300,04:15:23.300,ADA/USDT:USDT,0.8259,352.7,0.8258,553.3,0.826,177.7,0.8261,614.8
1753503323400,04:15:23.400,ADA/USDT:USDT,0.8259,442.1,0.8258,571.7,0.826,45.2,0.8261,357.2
1753503323500,04:15:23.500,ADA/USDT:USDT,0.8259,482.1,0.8258,584.9,0.826,45.2,0.8261,238.8
1753503323600,04:15:23.600,ADA/USDT:USDT,0.8259,482.1,0.8258,584.9,0.826,45.2,0.8261,275.6
1753503323700,04:15:23.700,ADA/USDT:USDT,0.8259,482.1,0.8258,584.9,0.826,45.2,0.8261,275.6
1753503323800,04:15:23.800,ADA/USDT:USDT,0.8259,482.1,0.8258,611.0,0.826,45.2,0.8261,318.0
1753503323900,04:15:23.900,ADA/USDT:USDT,0.8259,464.0,0.8258,611.1,0.826,77.5,0.8261,318.0
1753503324000,04:15:24.000,ADA/USDT:USDT,0.8259,464.0,0.8258,611.1,0.826,45.5,0.8261,338.1
1753503324100,04:15:24.100,ADA/USDT:USDT,0.8259,337.2,0.8258,611.1,0.826,80.1,0.8261,356.2
1753503324200,04:15:24.200,ADA/USDT:USDT,0.8259,240.1,0.8258,583.8,0.826,150.1,0.8261,546.2
1753503324300,04:15:24.300,ADA/USDT:USDT,0.8259,240.1,0.8258,583.8,0.826,150.9,0.8261,577.7
1753503324400,04:15:24.400,ADA/USDT:USDT,0.8259,240.1,0.8258,583.8,0.826,170.2,0.8261,577.7
1753503324500,04:15:24.500,ADA/USDT:USDT,0.8259,240.1,0.8258,583.8,0.826,99.3,0.8261,577.7
1753503324600,04:15:24.600,ADA/USDT:USDT,0.8259,240.1,0.8258,583.8,0.826,99.3,0.8261,577.7
1753503324700,04:15:24.700,ADA/USDT:USDT,0.8259,269.0,0.8258,583.8,0.826,45.2,0.8261,295.7
1753503324800,04:15:24.800,ADA/USDT:USDT,0.8259,240.1,0.8258,583.8,0.826,86.2,0.8261,595.8
1753503324900,04:15:24.900,ADA/USDT:USDT,0.8259,240.1,0.8258,583.4,0.826,138.8,0.8261,595.8
1753503325000,04:15:25.000,ADA/USDT:USDT,0.8259,300.6,0.8258,572.6,0.826,86.4,0.8261,338.1
1753503325100,04:15:25.100,ADA/USDT:USDT,0.8259,330.5,0.8258,574.1,0.826,45.7,0.8261,295.7
1753503325200,04:15:25.200,ADA/USDT:USDT,0.8259,457.6,0.8258,576.5,0.826,49.3,0.8261,295.7
1753503325300,04:15:25.300,ADA/USDT:USDT,0.8259,457.6,0.8258,576.5,0.826,49.3,0.8261,295.7
1753503325400,04:15:25.400,ADA/USDT:USDT,0.8259,459.2,0.8258,576.5,0.826,49.3,0.8261,295.7
1753503325500,04:15:25.500,ADA/USDT:USDT,0.8259,460.2,0.8258,576.5,0.826,50.1,0.8261,295.7
1753503325600,04:15:25.600,ADA/USDT:USDT,0.8259,460.2,0.8258,576.5,0.826,50.1,0.8261,440.2
1753503325700,04:15:25.700,ADA/USDT:USDT,0.8259,442.1,0.8258,587.0,0.826,52.6,0.8261,514.0
1753503325800,04:15:25.800,ADA/USDT:USDT,0.8259,441.7,0.8258,587.4,0.826,52.6,0.8261,514.0
1753503325900,04:15:25.900,ADA/USDT:USDT,0.8259,459.8,0.8258,587.7,0.826,50.5,0.8261,295.7
1753503326000,04:15:26.000,ADA/USDT:USDT,0.8259,461.0,0.8258,594.9,0.826,50.5,0.8261,295.7
1753503326200,04:15:26.200,ADA/USDT:USDT,0.8259,461.0,0.8258,594.9,0.826,50.5,0.8261,295.7
1753503326300,04:15:26.300,ADA/USDT:USDT,0.8259,461.0,0.8258,596.1,0.826,50.5,0.8261,295.7
1753503326400,04:15:26.400,ADA/USDT:USDT,0.8259,256.6,0.8258,595.8,0.826,50.1,0.8261,440.2
1753503326500,04:15:26.500,ADA/USDT:USDT,0.8259,255.6,0.8258,561.7,0.826,137.0,0.8261,595.8
1753503326600,04:15:26.600,ADA/USDT:USDT,0.8259,255.6,0.8258,578.2,0.826,105.0,0.8261,595.5
1753503326700,04:15:26.700,ADA/USDT:USDT,0.8259,255.6,0.8258,578.6,0.826,125.0,0.8261,615.5
1753503326800,04:15:26.800,ADA/USDT:USDT,0.8259,255.6,0.8258,578.6,0.826,125.0,0.8261,597.8
1753503326900,04:15:26.900,ADA/USDT:USDT,0.8259,255.6,0.8258,578.6,0.826,125.0,0.8261,597.8
1753503327000,04:15:27.000,ADA/USDT:USDT,0.8259,267.2,0.8258,592.4,0.826,82.4,0.8261,402.1
1753503327100,04:15:27.100,ADA/USDT:USDT,0.8259,266.6,0.8258,574.7,0.826,235.5,0.8261,595.5
1753503327200,04:15:27.200,ADA/USDT:USDT,0.8259,254.4,0.8258,574.7,0.826,235.5,0.8261,595.5
1753503327300,04:15:27.300,ADA/USDT:USDT,0.8259,254.4,0.8258,589.2,0.826,235.5,0.8261,595.5
1753503327400,04:15:27.400,ADA/USDT:USDT,0.8259,265.0,0.8258,578.2,0.826,235.5,0.8261,577.8
1753503327500,04:15:27.500,ADA/USDT:USDT,0.8259,253.4,0.8258,560.9,0.826,217.6,0.8261,595.2
1753503327600,04:15:27.600,ADA/USDT:USDT,0.8259,253.4,0.8258,578.6,0.826,217.6,0.8261,595.2
1753503327700,04:15:27.700,ADA/USDT:USDT,0.8259,263.7,0.8258,560.9,0.826,102.6,0.8261,557.1
1753503327800,04:15:27.800,ADA/USDT:USDT,0.8259,253.1,0.8258,560.9,0.826,102.6,0.8261,557.1
1753503327900,04:15:27.900,ADA/USDT:USDT,0.8259,253.1,0.8258,560.9,0.826,102.9,0.8261,557.1
1753503328000,04:15:28.000,ADA/USDT:USDT,0.8259,253.1,0.8258,577.7,0.826,102.9,0.8261,557.1
1753503328100,04:15:28.100,ADA/USDT:USDT,0.8259,253.1,0.8258,577.7,0.826,217.9,0.8261,525.3
1753503328200,04:15:28.200,ADA/USDT:USDT,0.8259,253.1,0.8258,577.7,0.826,217.9,0.8261,577.2
1753503328300,04:15:28.300,ADA/USDT:USDT,0.8259,252.8,0.8258,558.1,0.826,217.9,0.8261,614.4
1753503328400,04:15:28.400,ADA/USDT:USDT,0.8259,252.8,0.8258,574.9,0.826,102.9,0.8261,374.7
1753503328500,04:15:28.500,ADA/USDT:USDT,0.8259,279.7,0.8258,574.9,0.826,102.9,0.8261,357.5
1753503328600,04:15:28.600,ADA/USDT:USDT,0.8259,262.9,0.8258,573.7,0.826,102.9,0.8261,597.2
1753503328700,04:15:28.700,ADA/USDT:USDT,0.8259,262.9,0.8258,573.7,0.826,102.9,0.8261,495.1
1753503328800,04:15:28.800,ADA/USDT:USDT,0.8259,262.9,0.8258,573.7,0.826,102.9,0.8261,495.1
1753503328900,04:15:28.900,ADA/USDT:USDT,0.8259,262.9,0.8258,574.1,0.826,102.9,0.8261,559.1
1753503329000,04:15:29.000,ADA/USDT:USDT,0.8259,262.9,0.8258,574.1,0.826,102.9,0.8261,559.1
1753503329100,04:15:29.100,ADA/USDT:USDT,0.8259,377.9,0.8258,574.1,0.826,217.9,0.8261,559.1
1753503329200,04:15:29.200,ADA/USDT:USDT,0.8259,252.8,0.8258,574.1,0.826,218.2,0.8261,597.2
1753503329300,04:15:29.300,ADA/USDT:USDT,0.8259,281.0,0.8258,574.1,0.826,103.4,0.8261,357.5
1753503329400,04:15:29.400,ADA/USDT:USDT,0.8259,281.0,0.8258,574.1,0.826,103.4,0.8261,357.2
1753503329500,04:15:29.500,ADA/USDT:USDT,0.8259,343.5,0.8258,574.4,0.826,51.6,0.8261,314.8
1753503329600,04:15:29.600,ADA/USDT:USDT,0.8259,341.8,0.8258,574.4,0.826,51.6,0.8261,314.8
1753503329700,04:15:29.700,ADA/USDT:USDT,0.8259,342.8,0.8258,574.4,0.826,51.6,0.8261,314.8
1753503329800,04:15:29.800,ADA/USDT:USDT,0.8259,264.9,0.8258,574.1,0.826,83.9,0.8261,373.6
1753503329900,04:15:29.900,ADA/USDT:USDT,0.8259,254.4,0.8258,573.7,0.826,83.8,0.8261,373.6
1753503330000,04:15:30.000,ADA/USDT:USDT,0.8259,264.0,0.8258,573.7,0.826,83.8,0.8261,357.2
1753503330100,04:15:30.100,ADA/USDT:USDT,0.8259,381.4,0.8258,574.0,0.826,83.4,0.8261,357.2
1753503330200,04:15:30.200,ADA/USDT:USDT,0.8259,444.5,0.8258,574.0,0.826,47.6,0.8261,357.2
1753503330300,04:15:30.300,ADA/USDT:USDT,0.8259,482.1,0.8258,582.0,0.826,48.8,0.8261,186.7
1753503330400,04:15:30.400,ADA/USDT:USDT,0.8259,482.1,0.8258,582.0,0.826,48.8,0.8261,186.7
1753503330500,04:15:30.500,ADA/USDT:USDT,0.8259,482.1,0.8258,582.0,0.826,48.8,0.8261,221.3
1753503330600,04:15:30.600,ADA/USDT:USDT,0.8259,482.1,0.8258,582.0,0.826,48.8,0.8261,221.3
1753503330700,04:15:30.700,ADA/USDT:USDT,0.8259,482.1,0.8258,582.4,0.826,48.8,0.8261,221.3
1753503330800,04:15:30.800,ADA/USDT:USDT,0.8259,482.1,0.8258,582.1,0.826,48.8,0.8261,263.7
1753503330900,04:15:30.900,ADA/USDT:USDT,0.8259,484.5,0.8258,584.8,0.826,48.8,0.8261,112.2
1753503331000,04:15:31.000,ADA/USDT:USDT,0.8259,466.4,0.8258,584.8,0.826,49.1,0.8261,112.2
1753503331100,04:15:31.100,ADA/USDT:USDT,0.8259,466.4,0.8258,584.8,0.826,49.1,0.8261,227.2
1753503331200,04:15:31.200,ADA/USDT:USDT,0.8259,457.0,0.8258,577.3,0.826,49.1,0.8261,383.9
1753503331300,04:15:31.300,ADA/USDT:USDT,0.8259,457.0,0.8258,592.6,0.826,48.8,0.8261,383.9
1753503331400,04:15:31.400,ADA/USDT:USDT,0.8259,456.4,0.8258,577.3,0.826,48.8,0.8261,383.9
1753503331500,04:15:31.500,ADA/USDT:USDT,0.8259,455.1,0.8258,591.7,0.826,63.8,0.8261,590.2
1753503331600,04:15:31.600,ADA/USDT:USDT,0.8259,461.4,0.8258,591.7,0.826,63.5,0.8261,590.2
1753503331700,04:15:31.700,ADA/USDT:USDT,0.8259,461.4,0.8258,591.7,0.826,63.5,0.8261,605.2
1753503331800,04:15:31.800,ADA/USDT:USDT,0.8259,470.4,0.8258,591.7,0.826,48.7,0.8261,388.6
1753503331900,04:15:31.900,ADA/USDT:USDT,0.8259,470.8,0.8258,591.7,0.826,49.0,0.8261,388.6
1753503332000,04:15:32.000,ADA/USDT:USDT,0.8259,469.1,0.8258,591.7,0.826,49.0,0.8261,388.6
1753503332100,04:15:32.100,ADA/USDT:USDT,0.8259,297.5,0.8258,566.9,0.826,166.0,0.8261,579.5
1753503332200,04:15:32.200,ADA/USDT:USDT,0.8259,292.6,0.8258,566.9,0.826,166.0,0.8261,643.3
1753503332300,04:15:32.300,ADA/USDT:USDT,0.8259,364.8,0.8258,581.6,0.826,51.0,0.8261,403.3
1753503332400,04:15:32.400,ADA/USDT:USDT,0.8259,377.6,0.8258,581.6,0.826,48.7,0.8261,388.6
1753503332500,04:15:32.500,ADA/USDT:USDT,0.8259,367.5,0.8258,581.6,0.826,51.4,0.8261,388.6
1753503332600,04:15:32.600,ADA/USDT:USDT,0.8259,380.0,0.8258,581.2,0.826,51.4,0.8261,388.6
1753503332700,04:15:32.700,ADA/USDT:USDT,0.8259,365.3,0.8258,581.2,0.826,49.1,0.8261,388.6
1753503332800,04:15:32.800,ADA/USDT:USDT,0.8259,381.6,0.8258,581.5,0.826,49.1,0.8261,388.6
1753503332900,04:15:32.900,ADA/USDT:USDT,0.8259,380.4,0.8258,581.2,0.826,51.4,0.8261,388.6
1753503333000,04:15:33.000,ADA/USDT:USDT,0.8259,380.4,0.8258,581.2,0.826,51.4,0.8261,388.6
1753503333100,04:15:33.100,ADA/USDT:USDT,0.8259,495.4,0.8258,582.7,0.826,49.1,0.8261,368.6
1753503333200,04:15:33.200,ADA/USDT:USDT,0.8259,495.4,0.8258,582.4,0.826,49.2,0.8261,368.6
1753503333300,04:15:33.300,ADA/USDT:USDT,0.8259,495.4,0.8258,582.8,0.826,49.2,0.8261,368.6
1753503333400,04:15:33.400,ADA/USDT:USDT,0.8259,498.0,0.8258,584.0,0.826,49.2,0.8261,368.6
1753503333500,04:15:33.500,ADA/USDT:USDT,0.8259,498.3,0.8258,584.4,0.826,49.2,0.8261,368.6
1753503333600,04:15:33.600,ADA/USDT:USDT,0.8259,498.3,0.8258,584.0,0.826,49.2,0.8261,368.6
1753503333700,04:15:33.700,ADA/USDT:USDT,0.8259,498.3,0.8258,584.4,0.826,49.2,0.8261,368.6
1753503333800,04:15:33.800,ADA/USDT:USDT,0.8259,501.2,0.8258,584.1,0.826,49.2,0.8261,368.6
1753503333900,04:15:33.900,ADA/USDT:USDT,0.8259,498.3,0.8258,584.1,0.826,49.4,0.8261,368.6
1753503334000,04:15:34.000,ADA/USDT:USDT,0.8259,484.0,0.8258,583.7,0.826,49.4,0.8261,368.6
1753503334100,04:15:34.100,ADA/USDT:USDT,0.8259,498.0,0.8258,583.7,0.826,49.4,0.8261,368.6
1753503334200,04:15:34.200,ADA/USDT:USDT,0.8259,497.8,0.8258,593.0,0.826,57.8,0.8261,368.6
1753503334300,04:15:34.300,ADA/USDT:USDT,0.8259,497.8,0.8258,587.0,0.826,49.1,0.8261,368.6
1753503334400,04:15:34.400,ADA/USDT:USDT,0.8259,381.8,0.8258,587.9,0.826,99.7,0.8261,628.3
1753503334500,04:15:34.500,ADA/USDT:USDT,0.8259,381.5,0.8258,587.9,0.826,99.7,0.8261,628.3
1753503334600,04:15:34.600,ADA/USDT:USDT,0.8259,382.5,0.8258,588.2,0.826,91.0,0.8261,628.3
1753503334700,04:15:34.700,ADA/USDT:USDT,0.8259,382.5,0.8258,588.2,0.826,91.0,0.8261,628.3
1753503334800,04:15:34.800,ADA/USDT:USDT,0.8259,381.5,0.8258,587.9,0.826,91.0,0.8261,628.3
1753503334900,04:15:34.900,ADA/USDT:USDT,0.8259,381.5,0.8258,587.9,0.826,93.3,0.8261,628.3
1753503335000,04:15:35.000,ADA/USDT:USDT,0.8259,500.4,0.8258,587.9,0.826,49.1,0.8261,289.6
1753503335100,04:15:35.100,ADA/USDT:USDT,0.8259,497.6,0.8258,601.0,0.826,48.9,0.8261,112.2
1753503335200,04:15:35.200,ADA/USDT:USDT,0.8259,481.1,0.8258,600.7,0.826,51.8,0.8261,290.3
1753503335300,04:15:35.300,ADA/USDT:USDT,0.8259,484.0,0.8258,600.7,0.826,51.5,0.8261,290.3
1753503335400,04:15:35.400,ADA/USDT:USDT,0.8259,293.5,0.8258,559.4,0.826,172.3,0.8261,563.7
1753503335500,04:15:35.500,ADA/USDT:USDT,0.8259,296.1,0.8258,558.6,0.826,273.7,0.8261,563.7
1753503335600,04:15:35.600,ADA/USDT:USDT,0.8259,274.2,0.8258,468.0,0.826,273.7,0.8261,583.7
1753503335700,04:15:35.700,ADA/USDT:USDT,0.8259,270.2,0.8258,465.6,0.826,273.7,0.8261,583.7
1753503335800,04:15:35.800,ADA/USDT:USDT,0.8259,267.8,0.8258,550.4,0.826,273.7,0.8261,583.5
1753503335900,04:15:35.900,ADA/USDT:USDT,0.8259,267.8,0.8258,550.4,0.826,274.0,0.8261,583.5
1753503336000,04:15:36.000,ADA/USDT:USDT,0.8259,266.5,0.8258,550.4,0.826,274.0,0.8261,583.5
1753503336100,04:15:36.100,ADA/USDT:USDT,0.8259,287.6,0.8258,550.4,0.826,158.8,0.8261,343.7
1753503336200,04:15:36.200,ADA/USDT:USDT,0.8259,292.7,0.8258,563.8,0.826,158.8,0.8261,343.7
1753503336300,04:15:36.300,ADA/USDT:USDT,0.8259,284.5,0.8258,550.0,0.826,307.2,0.8261,583.6
1753503336400,04:15:36.400,ADA/USDT:USDT,0.8259,287.4,0.8258,550.0,0.826,178.8,0.8261,583.6
1753503336500,04:15:36.500,ADA/USDT:USDT,0.8259,295.7,0.8258,550.0,0.826,178.8,0.8261,583.6
1753503336600,04:15:36.600,ADA/USDT:USDT,0.8259,295.3,0.8258,563.1,0.826,109.6,0.8261,570.2
1753503336700,04:15:36.700,ADA/USDT:USDT,0.8259,295.3,0.8258,563.1,0.826,70.3,0.8261,570.2
1753503336800,04:15:36.800,ADA/USDT:USDT,0.8259,295.3,0.8258,563.1,0.826,102.6,0.8261,583.3
1753503336900,04:15:36.900,ADA/USDT:USDT,0.8259,295.3,0.8258,550.4,0.826,102.6,0.8261,583.3
1753503337000,04:15:37.000,ADA/USDT:USDT,0.8259,295.3,0.8258,550.4,0.826,102.6,0.8261,583.3
1753503337100,04:15:37.100,ADA/USDT:USDT,0.8259,295.7,0.8258,563.1,0.826,102.6,0.8261,570.2
1753503337200,04:15:37.200,ADA/USDT:USDT,0.8259,295.8,0.8258,563.1,0.826,102.9,0.8261,583.3
1753503337300,04:15:37.300,ADA/USDT:USDT,0.8259,295.8,0.8258,563.1,0.826,102.6,0.8261,583.3
1753503337400,04:15:37.400,ADA/USDT:USDT,0.8259,292.9,0.8258,563.1,0.826,106.9,0.8261,583.3
1753503337500,04:15:37.500,ADA/USDT:USDT,0.8259,286.7,0.8258,563.5,0.826,165.7,0.8261,583.3
1753503337600,04:15:37.600,ADA/USDT:USDT,0.8259,286.7,0.8258,550.4,0.826,181.3,0.8261,583.3
1753503337700,04:15:37.700,ADA/USDT:USDT,0.8259,286.7,0.8258,563.3,0.826,181.2,0.8261,583.3
1753503337800,04:15:37.800,ADA/USDT:USDT,0.8259,151.8,0.8258,550.4,0.826,214.1,0.8261,583.6
1753503337900,04:15:37.900,ADA/USDT:USDT,0.8259,166.3,0.8258,550.0,0.826,214.4,0.8261,583.6
1753503338000,04:15:38.000,ADA/USDT:USDT,0.8259,187.0,0.8258,550.0,0.826,201.5,0.8261,583.3
1753503338100,04:15:38.100,ADA/USDT:USDT,0.8259,189.4,0.8258,550.0,0.826,185.6,0.8261,583.3
1753503338200,04:15:38.200,ADA/USDT:USDT,0.8259,270.5,0.8258,550.0,0.826,83.8,0.8261,330.3
1753503338300,04:15:38.300,ADA/USDT:USDT,0.8259,195.8,0.8258,562.9,0.826,87.6,0.8261,330.3
1753503338400,04:15:38.400,ADA/USDT:USDT,0.8259,195.8,0.8258,562.9,0.826,110.4,0.8261,330.3
1753503338500,04:15:38.500,ADA/USDT:USDT,0.8259,187.1,0.8258,550.4,0.826,123.1,0.8261,583.0
1753503338600,04:15:38.600,ADA/USDT:USDT,0.8259,187.1,0.8258,550.4,0.826,134.2,0.8261,583.0
1753503338700,04:15:38.700,ADA/USDT:USDT,0.8259,187.1,0.8258,551.6,0.826,145.4,0.8261,583.0
1753503338800,04:15:38.800,ADA/USDT:USDT,0.8259,192.9,0.8258,551.6,0.826,137.0,0.8261,583.0
1753503338900,04:15:38.900,ADA/USDT:USDT,0.8259,200.3,0.8258,551.6,0.826,110.4,0.8261,343.0
1753503339000,04:15:39.000,ADA/USDT:USDT,0.8259,202.7,0.8258,551.6,0.826,110.7,0.8261,343.0
1753503339100,04:15:39.100,ADA/USDT:USDT,0.8259,197.5,0.8258,551.6,0.826,110.7,0.8261,544.9
1753503339200,04:15:39.200,ADA/USDT:USDT,0.8259,197.5,0.8258,551.6,0.826,123.4,0.8261,544.9
1753503339300,04:15:39.300,ADA/USDT:USDT,0.8259,197.8,0.8258,551.6,0.826,123.4,0.8261,544.9
1753503339400,04:15:39.400,ADA/USDT:USDT,0.8259,195.4,0.8258,551.6,0.826,119.3,0.8261,583.0
1753503339500,04:15:39.500,ADA/USDT:USDT,0.8259,202.0,0.8258,551.6,0.826,111.6,0.8261,583.0
1753503339600,04:15:39.600,ADA/USDT:USDT,0.8259,208.1,0.8258,551.6,0.826,111.6,0.8261,330.3
1753503339700,04:15:39.700,ADA/USDT:USDT,0.8259,208.1,0.8258,551.2,0.826,120.3,0.8261,330.3
1753503339800,04:15:39.800,ADA/USDT:USDT,0.8259,196.4,0.8258,550.0,0.826,129.7,0.8261,330.3
1753503339900,04:15:39.900,ADA/USDT:USDT,0.8259,196.4,0.8258,550.0,0.826,130.0,0.8261,570.3
1753503340000,04:15:40.000,ADA/USDT:USDT,0.8259,196.4,0.8258,550.4,0.826,130.5,0.8261,570.3
1753503340200,04:15:40.200,ADA/USDT:USDT,0.8259,198.8,0.8258,550.4,0.826,130.0,0.8261,582.6
1753503340300,04:15:40.300,ADA/USDT:USDT,0.8259,198.1,0.8258,550.4,0.826,133.1,0.8261,582.6
1753503340400,04:15:40.400,ADA/USDT:USDT,0.8259,198.1,0.8258,550.4,0.826,133.1,0.8261,582.6
1753503340500,04:15:40.500,ADA/USDT:USDT,0.8259,199.1,0.8258,550.4,0.826,89.4,0.8261,582.6
1753503340600,04:15:40.600,ADA/USDT:USDT,0.8259,199.5,0.8258,550.0,0.826,98.1,0.8261,582.6
1753503340700,04:15:40.700,ADA/USDT:USDT,0.8259,199.5,0.8258,551.2,0.826,98.1,0.8261,582.6
1753503340800,04:15:40.800,ADA/USDT:USDT,0.8259,199.5,0.8258,551.2,0.826,98.1,0.8261,582.6
1753503340900,04:15:40.900,ADA/USDT:USDT,0.8259,198.5,0.8258,551.2,0.826,110.1,0.8261,582.6
1753503341000,04:15:41.000,ADA/USDT:USDT,0.8259,198.1,0.8258,551.2,0.826,169.3,0.8261,582.6
1753503341100,04:15:41.100,ADA/USDT:USDT,0.8259,198.1,0.8258,551.2,0.826,169.3,0.8261,582.6
1753503341200,04:15:41.200,ADA/USDT:USDT,0.8259,198.1,0.8258,551.6,0.826,169.0,0.8261,570.3
1753503341300,04:15:41.300,ADA/USDT:USDT,0.8259,199.3,0.8258,551.6,0.826,176.5,0.8261,570.6
1753503341400,04:15:41.400,ADA/USDT:USDT,0.8259,197.8,0.8258,551.6,0.826,189.5,0.8261,574.4
1753503341500,04:15:41.500,ADA/USDT:USDT,0.8259,197.8,0.8258,551.6,0.826,177.2,0.8261,574.1
1753503341600,04:15:41.600,ADA/USDT:USDT,0.8259,197.8,0.8258,551.6,0.826,189.0,0.8261,574.1
1753503341700,04:15:41.700,ADA/USDT:USDT,0.8259,197.8,0.8258,551.6,0.826,189.0,0.8261,574.1
1753503341800,04:15:41.800,ADA/USDT:USDT,0.8259,197.8,0.8258,551.6,0.826,189.0,0.8261,574.1
1753503341900,04:15:41.900,ADA/USDT:USDT,0.8259,197.8,0.8258,551.6,0.826,189.0,0.8261,574.1
1753503342000,04:15:42.000,ADA/USDT:USDT,0.8259,197.8,0.8258,551.6,0.826,189.0,0.8261,574.1
1753503342100,04:15:42.100,ADA/USDT:USDT,0.8259,192.2,0.8258,550.4,0.826,188.7,0.8261,574.4
1753503342200,04:15:42.200,ADA/USDT:USDT,0.8259,192.2,0.8258,550.4,0.826,181.6,0.8261,574.4
1753503342300,04:15:42.300,ADA/USDT:USDT,0.8259,191.9,0.8258,550.4,0.826,188.0,0.8261,574.4
1753503342400,04:15:42.400,ADA/USDT:USDT,0.8259,191.9,0.8258,550.4,0.826,188.0,0.8261,574.4
1753503342500,04:15:42.500,ADA/USDT:USDT,0.8259,191.8,0.8258,550.4,0.826,196.7,0.8261,570.6
1753503342600,04:15:42.600,ADA/USDT:USDT,0.8259,191.8,0.8258,550.4,0.826,189.7,0.8261,570.3
1753503342700,04:15:42.700,ADA/USDT:USDT,0.8259,191.8,0.8258,550.4,0.826,189.5,0.8261,570.3
1753503342800,04:15:42.800,ADA/USDT:USDT,0.8259,191.8,0.8258,550.4,0.826,189.5,0.8261,570.3
1753503342900,04:15:42.900,ADA/USDT:USDT,0.8259,191.8,0.8258,550.4,0.826,189.5,0.8261,570.3
1753503343000,04:15:43.000,ADA/USDT:USDT,0.8259,191.8,0.8258,551.6,0.826,189.5,0.8261,570.3
1753503343100,04:15:43.100,ADA/USDT:USDT,0.8259,191.8,0.8258,551.6,0.826,189.5,0.8261,570.3
1753503343200,04:15:43.200,ADA/USDT:USDT,0.8259,193.0,0.8258,551.6,0.826,150.4,0.8261,570.3
1753503343300,04:15:43.300,ADA/USDT:USDT,0.8259,192.9,0.8258,551.6,0.826,150.4,0.8261,570.3
1753503343400,04:15:43.400,ADA/USDT:USDT,0.8259,192.9,0.8258,551.6,0.826,193.1,0.8261,570.3
1753503343500,04:15:43.500,ADA/USDT:USDT,0.8259,191.7,0.8258,551.6,0.826,192.1,0.8261,570.3
1753503343600,04:15:43.600,ADA/USDT:USDT,0.8259,72.5,0.8258,306.0,0.826,272.1,0.8261,574.6
1753503343700,04:15:43.700,ADA/USDT:USDT,0.8257,108.9,0.8256,449.6,0.8258,666.1,0.8259,948.5
1753503343800,04:15:43.800,ADA/USDT:USDT,0.8257,145.5,0.8256,449.6,0.8258,591.2,0.8259,949.8
1753503343900,04:15:43.900,ADA/USDT:USDT,0.8257,225.3,0.8256,449.6,0.8258,562.9,0.8259,949.8
1753503344000,04:15:44.000,ADA/USDT:USDT,0.8257,188.0,0.8256,534.6,0.8258,550.4,0.8259,876.7
1753503344100,04:15:44.100,ADA/USDT:USDT,0.8257,278.4,0.8256,499.8,0.8258,103.9,0.8259,891.2
1753503344200,04:15:44.200,ADA/USDT:USDT,0.8257,348.7,0.8256,499.8,0.8258,41.5,0.8259,524.9
1753503344300,04:15:44.300,ADA/USDT:USDT,0.8257,324.4,0.8256,485.3,0.8258,191.0,0.8259,809.7
1753503344400,04:15:44.400,ADA/USDT:USDT,0.8257,324.4,0.8256,485.3,0.8258,213.9,0.8259,809.7
1753503344500,04:15:44.500,ADA/USDT:USDT,0.8257,324.4,0.8256,499.4,0.8258,176.5,0.8259,809.7
1753503344600,04:15:44.600,ADA/USDT:USDT,0.8257,324.4,0.8256,499.4,0.8258,176.5,0.8259,809.7
1753503344700,04:15:44.700,ADA/USDT:USDT,0.8257,328.0,0.8256,500.6,0.8258,190.6,0.8259,809.8
1753503344800,04:15:44.800,ADA/USDT:USDT,0.8257,327.6,0.8256,486.5,0.8258,190.6,0.8259,809.8
1753503344900,04:15:44.900,ADA/USDT:USDT,0.8257,327.6,0.8256,500.3,0.8258,176.5,0.8259,809.8
1753503345000,04:15:45.000,ADA/USDT:USDT,0.8257,328.6,0.8256,500.3,0.8258,41.8,0.8259,569.0
1753503345100,04:15:45.100,ADA/USDT:USDT,0.8257,328.6,0.8256,500.7,0.8258,41.8,0.8259,569.0
1753503345200,04:15:45.200,ADA/USDT:USDT,0.8257,324.3,0.8256,486.9,0.8258,170.6,0.8259,809.0
1753503345300,04:15:45.300,ADA/USDT:USDT,0.8257,324.4,0.8256,486.9,0.8258,170.6,0.8259,809.0
1753503345400,04:15:45.400,ADA/USDT:USDT,0.8257,324.4,0.8256,500.5,0.8258,156.8,0.8259,809.0
1753503345600,04:15:45.600,ADA/USDT:USDT,0.8257,326.3,0.8256,487.7,0.8258,63.7,0.8259,808.8
1753503345700,04:15:45.700,ADA/USDT:USDT,0.8257,326.3,0.8256,501.5,0.8258,40.6,0.8259,808.8
1753503345800,04:15:45.800,ADA/USDT:USDT,0.8257,326.3,0.8256,487.7,0.8258,53.9,0.8259,808.8
1753503345900,04:15:45.900,ADA/USDT:USDT,0.8257,326.3,0.8256,487.7,0.8258,169.2,0.8259,808.8
1753503346000,04:15:46.000,ADA/USDT:USDT,0.8257,326.3,0.8256,487.7,0.8258,169.2,0.8259,808.8
1753503346100,04:15:46.100,ADA/USDT:USDT,0.8257,326.3,0.8256,488.1,0.8258,169.2,0.8259,808.8
1753503346200,04:15:46.200,ADA/USDT:USDT,0.8257,378.9,0.8256,517.8,0.8258,124.1,0.8259,592.7
1753503346300,04:15:46.300,ADA/USDT:USDT,0.8257,378.6,0.8256,504.7,0.8258,139.6,0.8259,592.7
1753503346400,04:15:46.400,ADA/USDT:USDT,0.8257,378.6,0.8256,504.7,0.8258,139.6,0.8259,592.7
1753503346500,04:15:46.500,ADA/USDT:USDT,0.8257,378.6,0.8256,505.1,0.8258,126.4,0.8259,592.7
1753503346600,04:15:46.600,ADA/USDT:USDT,0.8257,378.6,0.8256,518.0,0.8258,124.1,0.8259,579.5
1753503346700,04:15:46.700,ADA/USDT:USDT,0.8257,263.5,0.8256,505.1,0.8258,185.6,0.8259,790.0
1753503346800,04:15:46.800,ADA/USDT:USDT,0.8257,263.5,0.8256,504.7,0.8258,235.7,0.8259,832.7
1753503346900,04:15:46.900,ADA/USDT:USDT,0.8257,263.5,0.8256,504.7,0.8258,178.5,0.8259,814.3
1753503347000,04:15:47.000,ADA/USDT:USDT,0.8257,243.5,0.8256,504.7,0.8258,213.7,0.8259,852.4
1753503347100,04:15:47.100,ADA/USDT:USDT,0.8257,243.5,0.8256,504.7,0.8258,246.0,0.8259,852.4
1753503347200,04:15:47.200,ADA/USDT:USDT,0.8257,243.5,0.8256,505.1,0.8258,246.0,0.8259,852.4
1753503347300,04:15:47.300,ADA/USDT:USDT,0.8257,243.5,0.8256,504.7,0.8258,246.0,0.8259,852.4
1753503347400,04:15:47.400,ADA/USDT:USDT,0.8257,243.5,0.8256,504.7,0.8258,238.2,0.8259,852.4
1753503347500,04:15:47.500,ADA/USDT:USDT,0.8257,243.5,0.8256,504.7,0.8258,224.0,0.8259,852.4
1753503347600,04:15:47.600,ADA/USDT:USDT,0.8257,243.5,0.8256,505.1,0.8258,231.8,0.8259,852.4
1753503347700,04:15:47.700,ADA/USDT:USDT,0.8257,166.8,0.8256,498.7,0.8258,256.3,0.8259,857.5
1753503347800,04:15:47.800,ADA/USDT:USDT,0.8257,165.6,0.8256,498.7,0.8258,256.3,0.8259,857.5
1753503347900,04:15:47.900,ADA/USDT:USDT,0.8257,0.4,0.8256,187.9,0.8258,318.2,0.8259,865.0
1753503348000,04:15:48.000,ADA/USDT:USDT,0.8257,0.4,0.8256,200.0,0.8258,319.4,0.8259,865.0
1753503348100,04:15:48.100,ADA/USDT:USDT,0.8257,0.4,0.8256,200.0,0.8258,317.9,0.8259,863.8
1753503348200,04:15:48.200,ADA/USDT:USDT,0.8257,0.4,0.8256,200.0,0.8258,317.9,0.8259,863.8
1753503348300,04:15:48.300,ADA/USDT:USDT,0.8257,43.7,0.8256,333.5,0.8258,318.0,0.8259,864.9
1753503348400,04:15:48.400,ADA/USDT:USDT,0.8257,43.7,0.8256,333.5,0.8258,318.0,0.8259,864.9
1753503348500,04:15:48.500,ADA/USDT:USDT,0.8257,75.9,0.8256,418.3,0.8258,311.2,0.8259,872.4
1753503348600,04:15:48.600,ADA/USDT:USDT,0.8257,245.4,0.8256,458.3,0.8258,122.0,0.8259,847.2
1753503348700,04:15:48.700,ADA/USDT:USDT,0.8257,266.2,0.8256,458.3,0.8258,82.0,0.8259,563.3
1753503348800,04:15:48.800,ADA/USDT:USDT,0.8257,266.2,0.8256,458.4,0.8258,82.0,0.8259,575.8
1753503348900,04:15:48.900,ADA/USDT:USDT,0.8257,381.2,0.8256,459.6,0.8258,82.0,0.8259,563.3
1753503349000,04:15:49.000,ADA/USDT:USDT,0.8257,486.9,0.8256,465.6,0.8258,27.9,0.8259,383.5
1753503349100,04:15:49.100,ADA/USDT:USDT,0.8257,486.9,0.8256,465.6,0.8258,19.5,0.8259,383.5
1753503349200,04:15:49.200,ADA/USDT:USDT,0.8257,474.4,0.8256,465.6,0.8258,28.0,0.8259,383.5
1753503349300,04:15:49.300,ADA/USDT:USDT,0.8257,475.6,0.8256,474.3,0.8258,28.2,0.8259,383.5
1753503349400,04:15:49.400,ADA/USDT:USDT,0.8257,437.5,0.8256,475.5,0.8258,28.2,0.8259,383.5
1753503349500,04:15:49.500,ADA/USDT:USDT,0.8257,414.8,0.8256,463.0,0.8258,28.2,0.8259,396.0
1753503349600,04:15:49.600,ADA/USDT:USDT,0.8257,414.8,0.8256,475.2,0.8258,28.2,0.8259,395.7
1753503349700,04:15:49.700,ADA/USDT:USDT,0.8257,414.7,0.8256,475.2,0.8258,28.2,0.8259,395.7
1753503349800,04:15:49.800,ADA/USDT:USDT,0.8257,252.2,0.8256,454.1,0.8258,168.1,0.8259,829.6
1753503349900,04:15:49.900,ADA/USDT:USDT,0.8257,116.2,0.8256,202.5,0.8258,310.6,0.8259,840.8
1753503350000,04:15:50.000,ADA/USDT:USDT,0.8257,91.4,0.8256,233.5,0.8258,310.6,0.8259,841.0
1753503350100,04:15:50.100,ADA/USDT:USDT,0.8257,79.3,0.8256,297.4,0.8258,368.1,0.8259,843.6
1753503350200,04:15:50.200,ADA/USDT:USDT,0.8257,79.3,0.8256,367.0,0.8258,367.8,0.8259,843.6
1753503350300,04:15:50.300,ADA/USDT:USDT,0.8257,139.0,0.8256,462.5,0.8258,287.4,0.8259,829.7
1753503350400,04:15:50.400,ADA/USDT:USDT,0.8257,137.7,0.8256,450.8,0.8258,287.4,0.8259,842.8
1753503350500,04:15:50.500,ADA/USDT:USDT,0.8257,137.7,0.8256,450.8,0.8258,306.5,0.8259,842.8
1753503350600,04:15:50.600,ADA/USDT:USDT,0.8257,137.7,0.8256,450.8,0.8258,306.5,0.8259,842.8
1753503350700,04:15:50.700,ADA/USDT:USDT,0.8257,137.7,0.8256,450.8,0.8258,299.4,0.8259,842.8
1753503350800,04:15:50.800,ADA/USDT:USDT,0.8257,137.7,0.8256,450.8,0.8258,299.6,0.8259,835.6
1753503350900,04:15:50.900,ADA/USDT:USDT,0.8257,137.7,0.8256,470.8,0.8258,306.5,0.8259,835.6
1753503351000,04:15:51.000,ADA/USDT:USDT,0.8257,137.7,0.8256,470.8,0.8258,306.5,0.8259,835.6
1753503351100,04:15:51.100,ADA/USDT:USDT,0.8257,137.7,0.8256,470.8,0.8258,306.5,0.8259,835.6
1753503351200,04:15:51.200,ADA/USDT:USDT,0.8257,137.7,0.8256,470.8,0.8258,306.5,0.8259,835.6
1753503351300,04:15:51.300,ADA/USDT:USDT,0.8257,137.7,0.8256,470.8,0.8258,311.8,0.8259,835.9
1753503351400,04:15:51.400,ADA/USDT:USDT,0.8257,137.4,0.8256,470.8,0.8258,312.7,0.8259,835.9
1753503351500,04:15:51.500,ADA/USDT:USDT,0.8257,137.4,0.8256,470.8,0.8258,311.9,0.8259,835.9
1753503351600,04:15:51.600,ADA/USDT:USDT,0.8257,137.4,0.8256,470.8,0.8258,312.2,0.8259,835.6
1753503351700,04:15:51.700,ADA/USDT:USDT,0.8257,78.7,0.8256,232.3,0.8258,313.5,0.8259,835.9
1753503351800,04:15:51.800,ADA/USDT:USDT,0.8257,60.8,0.8256,232.3,0.8258,374.1,0.8259,835.9
1753503351900,04:15:51.900,ADA/USDT:USDT,0.8257,60.8,0.8256,232.3,0.8258,374.1,0.8259,835.9
1753503352000,04:15:52.000,ADA/USDT:USDT,0.8257,93.1,0.8256,451.3,0.8258,313.0,0.8259,831.1
1753503352100,04:15:52.100,ADA/USDT:USDT,0.8257,60.8,0.8256,450.9,0.8258,313.3,0.8259,831.1
1753503352200,04:15:52.200,ADA/USDT:USDT,0.8257,60.8,0.8256,450.9,0.8258,313.6,0.8259,831.1
1753503352300,04:15:52.300,ADA/USDT:USDT,0.8257,60.8,0.8256,232.3,0.8258,374.2,0.8259,831.1
1753503352400,04:15:52.400,ADA/USDT:USDT,0.8257,60.8,0.8256,232.3,0.8258,374.2,0.8259,831.1
1753503352500,04:15:52.500,ADA/USDT:USDT,0.8257,60.8,0.8256,365.9,0.8258,374.2,0.8259,831.1
1753503352700,04:15:52.700,ADA/USDT:USDT,0.8257,12.1,0.8256,337.5,0.8258,375.4,0.8259,836.7
1753503352800,04:15:52.800,ADA/USDT:USDT,0.8257,12.1,0.8256,337.5,0.8258,375.4,0.8259,836.7
1753503352900,04:15:52.900,ADA/USDT:USDT,0.8257,12.1,0.8256,325.4,0.8258,375.4,0.8259,836.7
1753503353000,04:15:53.000,ADA/USDT:USDT,0.8257,12.1,0.8256,325.4,0.8258,375.4,0.8259,837.2
1753503353100,04:15:53.100,ADA/USDT:USDT,0.8256,114.6,0.8255,590.7,0.8257,757.2,0.8258,507.8
1753503353200,04:15:53.200,ADA/USDT:USDT,0.8256,114.6,0.8255,590.7,0.8257,841.1,0.8258,507.0
1753503353300,04:15:53.300,ADA/USDT:USDT,0.8256,123.3,0.8255,587.6,0.8257,787.1,0.8258,500.8
1753503353400,04:15:53.400,ADA/USDT:USDT,0.8256,123.3,0.8255,587.6,0.8257,847.7,0.8258,500.8
1753503353500,04:15:53.500,ADA/USDT:USDT,0.8256,123.3,0.8255,577.9,0.8257,847.7,0.8258,500.8
1753503353600,04:15:53.600,ADA/USDT:USDT,0.8256,3.3,0.8255,177.3,0.8257,847.7,0.8258,505.1
1753503353700,04:15:53.700,ADA/USDT:USDT,0.8256,3.0,0.8255,136.3,0.8257,853.1,0.8258,519.3
1753503353800,04:15:53.800,ADA/USDT:USDT,0.8255,54.5,0.8254,412.9,0.8256,901.9,0.8257,893.4
1753503353900,04:15:53.900,ADA/USDT:USDT,0.8255,60.9,0.8254,409.8,0.8256,902.2,0.8257,893.5
1753503354000,04:15:54.000,ADA/USDT:USDT,0.8255,60.9,0.8254,494.8,0.8256,903.4,0.8257,853.3
1753503354100,04:15:54.100,ADA/USDT:USDT,0.8255,54.5,0.8254,276.9,0.8256,911.4,0.8257,846.8
1753503354200,04:15:54.200,ADA/USDT:USDT,0.8255,63.2,0.8254,288.8,0.8256,900.5,0.8257,860.1
1753503354300,04:15:54.300,ADA/USDT:USDT,0.8255,63.2,0.8254,507.5,0.8256,899.2,0.8257,847.0
1753503354400,04:15:54.400,ADA/USDT:USDT,0.8255,63.2,0.8254,507.5,0.8256,918.9,0.8257,847.0
1753503354500,04:15:54.500,ADA/USDT:USDT,0.8255,63.2,0.8254,507.5,0.8256,918.9,0.8257,847.0
1753503354600,04:15:54.600,ADA/USDT:USDT,0.8255,54.5,0.8254,507.5,0.8256,918.9,0.8257,847.0
1753503354700,04:15:54.700,ADA/USDT:USDT,0.8255,63.2,0.8254,507.5,0.8256,907.8,0.8257,847.0
1753503354800,04:15:54.800,ADA/USDT:USDT,0.8255,54.5,0.8254,507.5,0.8256,919.7,0.8257,847.0
1753503354900,04:15:54.900,ADA/USDT:USDT,0.8255,54.5,0.8254,320.3,0.8256,919.7,0.8257,847.0
1753503355000,04:15:55.000,ADA/USDT:USDT,0.8255,60.9,0.8254,507.5,0.8256,919.7,0.8257,847.0
1753503355100,04:15:55.100,ADA/USDT:USDT,0.8255,54.5,0.8254,507.5,0.8256,908.4,0.8257,847.0
1753503355200,04:15:55.200,ADA/USDT:USDT,0.8255,63.2,0.8254,507.5,0.8256,908.1,0.8257,847.0
1753503355300,04:15:55.300,ADA/USDT:USDT,0.8255,77.0,0.8254,507.5,0.8256,908.0,0.8257,847.0
1753503355400,04:15:55.400,ADA/USDT:USDT,0.8255,70.6,0.8254,507.5,0.8256,919.1,0.8257,847.0
1753503355500,04:15:55.500,ADA/USDT:USDT,0.8255,77.0,0.8254,507.5,0.8256,919.1,0.8257,847.2
1753503355600,04:15:55.600,ADA/USDT:USDT,0.8255,38.3,0.8254,422.5,0.8256,920.1,0.8257,847.2
1753503355800,04:15:55.800,ADA/USDT:USDT,0.8255,121.9,0.8254,538.2,0.8256,399.4,0.8257,849.8
1753503355900,04:15:55.900,ADA/USDT:USDT,0.8255,94.7,0.8254,527.5,0.8256,416.9,0.8257,854.3
1753503356000,04:15:56.000,ADA/USDT:USDT,0.8255,94.7,0.8254,527.5,0.8256,410.5,0.8257,854.3
1753503356100,04:15:56.100,ADA/USDT:USDT,0.8254,71.4,0.8253,736.7,0.8255,690.0,0.8256,739.2
1753503356200,04:15:56.200,ADA/USDT:USDT,0.8254,71.6,0.8253,736.6,0.8255,688.5,0.8256,915.9
1753503356300,04:15:56.300,ADA/USDT:USDT,0.8254,43.2,0.8253,237.1,0.8255,760.9,0.8256,907.3
1753503356400,04:15:56.400,ADA/USDT:USDT,0.8254,1.1,0.8253,237.1,0.8255,767.2,0.8256,901.1
1753503356500,04:15:56.500,ADA/USDT:USDT,0.8254,0.7,0.8253,209.4,0.8255,771.2,0.8256,901.1
1753503356600,04:15:56.600,ADA/USDT:USDT,0.8253,58.8,0.8252,234.3,0.8254,884.3,0.8255,1012.5
1753503356700,04:15:56.700,ADA/USDT:USDT,0.8253,58.8,0.8252,414.5,0.8254,915.4,0.8255,1012.5
1753503356800,04:15:56.800,ADA/USDT:USDT,0.8253,58.8,0.8252,452.7,0.8254,914.4,0.8255,897.5
1753503356900,04:15:56.900,ADA/USDT:USDT,0.8253,58.8,0.8252,449.6,0.8254,915.8,0.8255,897.5
1753503357000,04:15:57.000,ADA/USDT:USDT,0.8253,58.8,0.8252,449.6,0.8254,915.8,0.8255,897.5
1753503357100,04:15:57.100,ADA/USDT:USDT,0.8253,58.8,0.8252,449.6,0.8254,915.5,0.8255,897.6
1753503357200,04:15:57.200,ADA/USDT:USDT,0.8253,58.8,0.8252,449.6,0.8254,916.7,0.8255,897.6
1753503357300,04:15:57.300,ADA/USDT:USDT,0.8253,58.8,0.8252,449.6,0.8254,917.0,0.8255,897.6
1753503357400,04:15:57.400,ADA/USDT:USDT,0.8253,58.5,0.8252,449.6,0.8254,923.1,0.8255,891.3
1753503357500,04:15:57.500,ADA/USDT:USDT,0.8253,58.5,0.8252,449.6,0.8254,923.1,0.8255,891.3
1753503357600,04:15:57.600,ADA/USDT:USDT,0.8253,58.5,0.8252,449.5,0.8254,923.1,0.8255,891.3
1753503357700,04:15:57.700,ADA/USDT:USDT,0.8252,90.5,0.8251,408.4,0.8253,875.7,0.8254,1060.1
1753503357800,04:15:57.800,ADA/USDT:USDT,0.8252,90.8,0.8251,252.5,0.8253,875.9,0.8254,945.3
1753503357900,04:15:57.900,ADA/USDT:USDT,0.8252,90.8,0.8251,471.5,0.8253,777.6,0.8254,945.3
1753503358000,04:15:58.000,ADA/USDT:USDT,0.8252,13.0,0.8251,141.0,0.8253,838.2,0.8254,945.3
1753503358100,04:15:58.100,ADA/USDT:USDT,0.8252,13.0,0.8251,321.8,0.8253,838.2,0.8254,945.3
1753503358200,04:15:58.200,ADA/USDT:USDT,0.8252,13.0,0.8251,360.0,0.8253,851.2,0.8254,932.4
1753503358300,04:15:58.300,ADA/USDT:USDT,0.8252,12.7,0.8251,360.0,0.8253,851.3,0.8254,932.4
1753503358500,04:15:58.500,ADA/USDT:USDT,0.8252,12.7,0.8251,274.8,0.8253,851.3,0.8254,932.4
1753503358600,04:15:58.600,ADA/USDT:USDT,0.8252,12.7,0.8251,274.8,0.8253,851.3,0.8254,932.4
1753503358800,04:15:58.800,ADA/USDT:USDT,0.8252,12.7,0.8251,274.8,0.8253,851.3,0.8254,936.6
1753503358900,04:15:58.900,ADA/USDT:USDT,0.8252,12.7,0.8251,274.8,0.8253,841.2,0.8254,936.6
1753503359000,04:15:59.000,ADA/USDT:USDT,0.8252,12.7,0.8251,274.8,0.8253,851.4,0.8254,936.6
1753503359100,04:15:59.100,ADA/USDT:USDT,0.8252,12.7,0.8251,274.8,0.8253,851.1,0.8254,936.6
1753503359200,04:15:59.200,ADA/USDT:USDT,0.8252,12.7,0.8251,274.8,0.8253,851.1,0.8254,936.6
1753503359300,04:15:59.300,ADA/USDT:USDT,0.8252,12.7,0.8251,274.8,0.8253,851.1,0.8254,936.6
1753503359400,04:15:59.400,ADA/USDT:USDT,0.8252,12.7,0.8251,271.7,0.8253,851.1,0.8254,936.6
1753503359500,04:15:59.500,ADA/USDT:USDT,0.8252,12.4,0.8251,271.7,0.8253,851.1,0.8254,936.6
1753503359600,04:15:59.600,ADA/USDT:USDT,0.8252,12.4,0.8251,207.6,0.8253,851.4,0.8254,936.6
1753503359700,04:15:59.700,ADA/USDT:USDT,0.8252,12.4,0.8251,207.6,0.8253,851.1,0.8254,936.6
1753503359800,04:15:59.800,ADA/USDT:USDT,0.8252,12.4,0.8251,207.6,0.8253,841.2,0.8254,936.6
1753503359900,04:15:59.900,ADA/USDT:USDT,0.8252,12.4,0.8251,207.6,0.8253,841.5,0.8254,936.6
1753503360000,04:16:00.000,ADA/USDT:USDT,0.8252,115.8,0.8251,412.6,0.8253,658.8,0.8254,915.8
1753503360100,04:16:00.100,ADA/USDT:USDT,0.8252,201.1,0.8251,412.9,0.8253,376.0,0.8254,914.0
1753503360200,04:16:00.200,ADA/USDT:USDT,0.8252,191.3,0.8251,412.6,0.8253,347.3,0.8254,914.0
1753503360300,04:16:00.300,ADA/USDT:USDT,0.8252,147.7,0.8251,402.8,0.8253,483.7,0.8254,927.3
1753503360400,04:16:00.400,ADA/USDT:USDT,0.8252,147.7,0.8251,402.8,0.8253,502.2,0.8254,920.4
1753503360500,04:16:00.500,ADA/USDT:USDT,0.8252,147.7,0.8251,396.9,0.8253,517.2,0.8254,920.4
1753503360600,04:16:00.600,ADA/USDT:USDT,0.8252,147.7,0.8251,449.0,0.8253,507.2,0.8254,910.3
1753503360700,04:16:00.700,ADA/USDT:USDT,0.8252,135.8,0.8251,449.0,0.8253,507.2,0.8254,920.0
1753503360800,04:16:00.800,ADA/USDT:USDT,0.8252,88.5,0.8251,348.3,0.8253,524.0,0.8254,920.3
1753503360900,04:16:00.900,ADA/USDT:USDT,0.8252,88.5,0.8251,194.8,0.8253,584.6,0.8254,920.3
1753503361000,04:16:01.000,ADA/USDT:USDT,0.8252,54.5,0.8251,194.8,0.8253,584.6,0.8254,920.3
1753503361200,04:16:01.200,ADA/USDT:USDT,0.8251,81.5,0.825,413.9,0.8252,512.8,0.8253,970.9
1753503361300,04:16:01.300,ADA/USDT:USDT,0.8251,25.7,0.825,196.1,0.8252,512.8,0.8253,972.7
1753503361400,04:16:01.400,ADA/USDT:USDT,0.8251,25.7,0.825,196.1,0.8252,526.7,0.8253,959.0
1753503361500,04:16:01.500,ADA/USDT:USDT,0.8251,25.7,0.825,176.1,0.8252,533.6,0.8253,952.7
1753503361600,04:16:01.600,ADA/USDT:USDT,0.8251,25.7,0.825,176.1,0.8252,533.6,0.8253,952.7
1753503361700,04:16:01.700,ADA/USDT:USDT,0.8251,0.6,0.825,286.1,0.8252,533.6,0.8253,844.9
1753503361800,04:16:01.800,ADA/USDT:USDT,0.8251,0.6,0.825,176.1,0.8252,533.6,0.8253,844.9
1753503361900,04:16:01.900,ADA/USDT:USDT,0.8251,0.3,0.825,176.1,0.8252,535.4,0.8253,844.9
1753503362000,04:16:02.000,ADA/USDT:USDT,0.8251,0.3,0.825,176.1,0.8252,535.7,0.8253,844.8
1753503362100,04:16:02.100,ADA/USDT:USDT,0.8251,32.6,0.825,395.1,0.8252,521.1,0.8253,844.8
1753503362200,04:16:02.200,ADA/USDT:USDT,0.8251,129.8,0.825,384.0,0.8252,345.8,0.8253,824.2
1753503362300,04:16:02.300,ADA/USDT:USDT,0.8251,148.4,0.825,384.0,0.8252,306.2,0.8253,824.2
1753503362400,04:16:02.400,ADA/USDT:USDT,0.8251,142.6,0.825,374.4,0.8252,306.2,0.8253,839.6
1753503362500,04:16:02.500,ADA/USDT:USDT,0.8251,224.2,0.825,374.4,0.8252,420.2,0.8253,835.4
1753503362600,04:16:02.600,ADA/USDT:USDT,0.8251,176.3,0.825,383.9,0.8252,420.2,0.8253,835.4
1753503362700,04:16:02.700,ADA/USDT:USDT,0.8251,176.3,0.825,374.4,0.8252,420.2,0.8253,835.4
1753503362800,04:16:02.800,ADA/USDT:USDT,0.8251,176.3,0.825,374.4,0.8252,420.2,0.8253,835.4
1753503362900,04:16:02.900,ADA/USDT:USDT,0.8251,128.4,0.825,374.4,0.8252,429.7,0.8253,835.4
1753503363000,04:16:03.000,ADA/USDT:USDT,0.8251,128.4,0.825,369.0,0.8252,437.0,0.8253,835.7
1753503363100,04:16:03.100,ADA/USDT:USDT,0.8251,96.1,0.825,369.0,0.8252,437.0,0.8253,835.7
1753503363200,04:16:03.200,ADA/USDT:USDT,0.8251,128.4,0.825,394.7,0.8252,421.6,0.8253,835.3
1753503363300,04:16:03.300,ADA/USDT:USDT,0.8251,128.4,0.825,389.0,0.8252,437.1,0.8253,835.3
1753503363400,04:16:03.400,ADA/USDT:USDT,0.8251,128.4,0.825,389.0,0.8252,423.5,0.8253,835.3
1753503363500,04:16:03.500,ADA/USDT:USDT,0.8251,128.4,0.825,389.0,0.8252,437.5,0.8253,835.3
1753503363600,04:16:03.600,ADA/USDT:USDT,0.8251,73.4,0.825,337.5,0.8252,498.1,0.8253,838.9
1753503363700,04:16:03.700,ADA/USDT:USDT,0.8251,73.4,0.825,252.3,0.8252,498.1,0.8253,838.9
1753503363800,04:16:03.800,ADA/USDT:USDT,0.8251,21.4,0.825,130.0,0.8252,498.1,0.8253,838.9
1753503363900,04:16:03.900,ADA/USDT:USDT,0.8251,21.4,0.825,130.0,0.8252,498.3,0.8253,838.9
1753503364000,04:16:04.000,ADA/USDT:USDT,0.8251,21.4,0.825,130.0,0.8252,498.3,0.8253,840.7
1753503364100,04:16:04.100,ADA/USDT:USDT,0.8251,21.4,0.825,130.0,0.8252,500.1,0.8253,840.7
1753503364200,04:16:04.200,ADA/USDT:USDT,0.8251,21.4,0.825,162.3,0.8252,500.1,0.8253,841.9
1753503364400,04:16:04.400,ADA/USDT:USDT,0.8251,21.1,0.825,162.3,0.8252,498.3,0.8253,845.5
1753503364500,04:16:04.500,ADA/USDT:USDT,0.8251,21.0,0.825,162.3,0.8252,498.3,0.8253,845.5
1753503364600,04:16:04.600,ADA/USDT:USDT,0.8251,21.0,0.825,162.3,0.8252,498.3,0.8253,845.5
1753503364700,04:16:04.700,ADA/USDT:USDT,0.8251,21.0,0.825,277.3,0.8252,488.5,0.8253,845.5
1753503364800,04:16:04.800,ADA/USDT:USDT,0.8251,21.0,0.825,277.3,0.8252,498.2,0.8253,845.5
1753503364900,04:16:04.900,ADA/USDT:USDT,0.8251,21.0,0.825,277.3,0.8252,498.2,0.8253,845.5
1753503365000,04:16:05.000,ADA/USDT:USDT,0.8251,21.0,0.825,277.3,0.8252,499.1,0.8253,845.5
1753503365100,04:16:05.100,ADA/USDT:USDT,0.8251,21.0,0.825,277.3,0.8252,499.1,0.8253,845.5
1753503365200,04:16:05.200,ADA/USDT:USDT,0.8251,21.0,0.825,162.3,0.8252,502.1,0.8253,845.5
1753503365300,04:16:05.300,ADA/USDT:USDT,0.8251,21.0,0.825,162.3,0.8252,502.1,0.8253,845.5
1753503365400,04:16:05.400,ADA/USDT:USDT,0.8251,33.1,0.825,162.3,0.8252,502.1,0.8253,845.5
1753503365500,04:16:05.500,ADA/USDT:USDT,0.8251,32.7,0.825,162.3,0.8252,502.1,0.8253,845.5
1753503365600,04:16:05.600,ADA/USDT:USDT,0.8251,32.7,0.825,162.3,0.8252,502.1,0.8253,845.5
1753503365700,04:16:05.700,ADA/USDT:USDT,0.8251,32.7,0.825,277.3,0.8252,502.1,0.8253,845.5
1753503365900,04:16:05.900,ADA/USDT:USDT,0.8251,41.4,0.825,297.3,0.8252,426.1,0.8253,845.5
1753503366000,04:16:06.000,ADA/USDT:USDT,0.8251,293.1,0.825,551.6,0.8252,270.1,0.8253,611.8
1753503366100,04:16:06.100,ADA/USDT:USDT,0.8251,144.8,0.825,542.0,0.8252,298.7,0.8253,835.9
1753503366200,04:16:06.200,ADA/USDT:USDT,0.8251,106.0,0.825,536.4,0.8252,305.3,0.8253,835.0
1753503366300,04:16:06.300,ADA/USDT:USDT,0.8251,118.6,0.825,536.4,0.8252,422.5,0.8253,835.0
1753503366400,04:16:06.400,ADA/USDT:USDT,0.8251,86.3,0.825,267.5,0.8252,422.5,0.8253,835.0
1753503366500,04:16:06.500,ADA/USDT:USDT,0.8251,77.6,0.825,182.3,0.8252,422.5,0.8253,835.0
1753503366600,04:16:06.600,ADA/USDT:USDT,0.8251,66.0,0.825,213.8,0.8252,483.1,0.8253,835.0
1753503366700,04:16:06.700,ADA/USDT:USDT,0.8251,66.0,0.825,278.0,0.8252,483.1,0.8253,835.0
1753503366800,04:16:06.800,ADA/USDT:USDT,0.8251,5.4,0.825,182.3,0.8252,483.2,0.8253,838.2
1753503366900,04:16:06.900,ADA/USDT:USDT,0.8251,5.4,0.825,182.3,0.8252,483.2,0.8253,838.2
1753503367000,04:16:07.000,ADA/USDT:USDT,0.8251,0.2,0.825,182.3,0.8252,483.2,0.8253,838.2
1753503367100,04:16:07.100,ADA/USDT:USDT,0.825,193.0,0.8249,451.2,0.8251,382.5,0.8252,870.6
1753503367200,04:16:07.200,ADA/USDT:USDT,0.825,193.0,0.8249,451.2,0.8251,403.1,0.8252,863.8
1753503367400,04:16:07.400,ADA/USDT:USDT,0.825,193.0,0.8249,366.8,0.8251,403.4,0.8252,863.6
1753503367500,04:16:07.500,ADA/USDT:USDT,0.825,191.7,0.8249,366.8,0.8251,299.5,0.8252,863.2
1753503367600,04:16:07.600,ADA/USDT:USDT,0.825,191.7,0.8249,366.8,0.8251,299.5,0.8252,863.2
1753503367700,04:16:07.700,ADA/USDT:USDT,0.825,267.7,0.8249,462.1,0.8251,99.6,0.8252,852.4
1753503367800,04:16:07.800,ADA/USDT:USDT,0.825,267.7,0.8249,462.1,0.8251,99.6,0.8252,852.4
1753503367900,04:16:07.900,ADA/USDT:USDT,0.825,267.7,0.8249,462.1,0.8251,99.6,0.8252,852.4
1753503368000,04:16:08.000,ADA/USDT:USDT,0.825,268.7,0.8249,462.1,0.8251,47.3,0.8252,852.2
1753503368100,04:16:08.100,ADA/USDT:USDT,0.825,268.7,0.8249,462.1,0.8251,47.3,0.8252,852.2
1753503368200,04:16:08.200,ADA/USDT:USDT,0.825,267.7,0.8249,452.0,0.8251,132.3,0.8252,862.0
1753503368300,04:16:08.300,ADA/USDT:USDT,0.825,206.7,0.8249,452.0,0.8251,324.4,0.8252,847.4
1753503368500,04:16:08.500,ADA/USDT:USDT,0.825,205.6,0.8249,452.0,0.8251,324.4,0.8252,847.4
1753503368600,04:16:08.600,ADA/USDT:USDT,0.825,250.8,0.8249,464.0,0.8251,314.0,0.8252,837.0
1753503368700,04:16:08.700,ADA/USDT:USDT,0.825,230.8,0.8249,464.0,0.8251,314.1,0.8252,846.6
1753503368800,04:16:08.800,ADA/USDT:USDT,0.825,230.8,0.8249,464.0,0.8251,314.1,0.8252,846.6
1753503368900,04:16:08.900,ADA/USDT:USDT,0.825,230.6,0.8249,454.4,0.8251,327.8,0.8252,844.8
1753503369000,04:16:09.000,ADA/USDT:USDT,0.825,186.7,0.8249,463.9,0.8251,203.3,0.8252,844.8
1753503369100,04:16:09.100,ADA/USDT:USDT,0.825,186.7,0.8249,463.9,0.8251,203.5,0.8252,844.8
1753503369200,04:16:09.200,ADA/USDT:USDT,0.825,186.7,0.8249,454.4,0.8251,203.5,0.8252,844.8
1753503369300,04:16:09.300,ADA/USDT:USDT,0.825,186.7,0.8249,463.9,0.8251,202.3,0.8252,844.8
1753503369400,04:16:09.400,ADA/USDT:USDT,0.825,186.7,0.8249,454.4,0.8251,211.8,0.8252,844.8
1753503369500,04:16:09.500,ADA/USDT:USDT,0.825,218.9,0.8249,454.4,0.8251,326.8,0.8252,844.8
1753503369600,04:16:09.600,ADA/USDT:USDT,0.825,333.9,0.8249,463.8,0.8251,202.3,0.8252,844.8
1753503369700,04:16:09.700,ADA/USDT:USDT,0.825,333.9,0.8249,454.4,0.8251,211.7,0.8252,844.8
1753503369800,04:16:09.800,ADA/USDT:USDT,0.825,333.9,0.8249,454.4,0.8251,211.7,0.8252,844.8
1753503369900,04:16:09.900,ADA/USDT:USDT,0.825,218.5,0.8249,454.4,0.8251,326.3,0.8252,844.8
1753503370000,04:16:10.000,ADA/USDT:USDT,0.825,277.1,0.8249,463.7,0.8251,142.8,0.8252,783.8
1753503370100,04:16:10.100,ADA/USDT:USDT,0.825,273.4,0.8249,464.0,0.8251,122.8,0.8252,543.1
1753503370200,04:16:10.200,ADA/USDT:USDT,0.825,266.9,0.8249,467.6,0.8251,39.0,0.8252,780.5
1753503370300,04:16:10.300,ADA/USDT:USDT,0.825,266.9,0.8249,467.6,0.8251,29.7,0.8252,780.5
1753503370400,04:16:10.400,ADA/USDT:USDT,0.825,266.9,0.8249,467.6,0.8251,44.7,0.8252,780.5
1753503370500,04:16:10.500,ADA/USDT:USDT,0.825,266.9,0.8249,467.6,0.8251,44.7,0.8252,780.5
1753503370600,04:16:10.600,ADA/USDT:USDT,0.825,381.9,0.8249,467.6,0.8251,192.2,0.8252,779.3
1753503370700,04:16:10.700,ADA/USDT:USDT,0.825,380.9,0.8249,467.3,0.8251,77.2,0.8252,779.3
1753503370800,04:16:10.800,ADA/USDT:USDT,0.825,381.9,0.8249,467.3,0.8251,45.1,0.8252,779.3
1753503370900,04:16:10.900,ADA/USDT:USDT,0.825,384.3,0.8249,467.6,0.8251,36.4,0.8252,779.3
1753503371000,04:16:11.000,ADA/USDT:USDT,0.825,399.2,0.8249,467.6,0.8251,36.4,0.8252,779.3
1753503371100,04:16:11.100,ADA/USDT:USDT,0.825,399.2,0.8249,467.6,0.8251,36.4,0.8252,779.3
1753503371200,04:16:11.200,ADA/USDT:USDT,0.825,387.5,0.8249,467.6,0.8251,36.5,0.8252,806.4
1753503371300,04:16:11.300,ADA/USDT:USDT,0.825,205.3,0.8249,458.0,0.8251,99.3,0.8252,816.0
1753503371400,04:16:11.400,ADA/USDT:USDT,0.825,253.1,0.8249,467.3,0.8251,90.6,0.8252,806.4
1753503371500,04:16:11.500,ADA/USDT:USDT,0.825,205.3,0.8249,467.3,0.8251,104.9,0.8252,811.0
1753503371600,04:16:11.600,ADA/USDT:USDT,0.825,236.9,0.8249,467.3,0.8251,219.9,0.8252,801.7
1753503371700,04:16:11.700,ADA/USDT:USDT,0.825,236.9,0.8249,467.3,0.8251,211.6,0.8252,801.7
1753503371800,04:16:11.800,ADA/USDT:USDT,0.825,236.9,0.8249,467.3,0.8251,211.6,0.8252,811.0
1753503371900,04:16:11.900,ADA/USDT:USDT,0.825,236.9,0.8249,467.3,0.8251,211.6,0.8252,811.0
1753503372000,04:16:12.000,ADA/USDT:USDT,0.825,236.9,0.8249,467.3,0.8251,211.6,0.8252,811.0
1753503372100,04:16:12.100,ADA/USDT:USDT,0.825,217.4,0.8249,467.3,0.8251,96.6,0.8252,860.5
1753503372200,04:16:12.200,ADA/USDT:USDT,0.825,217.4,0.8249,467.3,0.8251,96.6,0.8252,860.5
1753503372300,04:16:12.300,ADA/USDT:USDT,0.825,217.4,0.8249,458.0,0.8251,129.1,0.8252,860.5
1753503372400,04:16:12.400,ADA/USDT:USDT,0.825,217.4,0.8249,458.0,0.8251,166.2,0.8252,860.5
1753503372500,04:16:12.500,ADA/USDT:USDT,0.825,231.1,0.8249,458.0,0.8251,186.2,0.8252,860.5
1753503372600,04:16:12.600,ADA/USDT:USDT,0.825,103.1,0.8249,369.2,0.8251,317.4,0.8252,861.0
1753503372700,04:16:12.700,ADA/USDT:USDT,0.825,161.3,0.8249,369.2,0.8251,317.7,0.8252,861.0
1753503372800,04:16:12.800,ADA/USDT:USDT,0.825,161.3,0.8249,454.4,0.8251,301.7,0.8252,860.7
1753503372900,04:16:12.900,ADA/USDT:USDT,0.825,181.3,0.8249,454.4,0.8251,301.7,0.8252,860.7
1753503373000,04:16:13.000,ADA/USDT:USDT,0.825,161.3,0.8249,454.4,0.8251,301.7,0.8252,851.4
1753503373100,04:16:13.100,ADA/USDT:USDT,0.825,161.3,0.8249,454.4,0.8251,311.0,0.8252,851.4
1753503373200,04:16:13.200,ADA/USDT:USDT,0.825,183.4,0.8249,454.4,0.8251,312.0,0.8252,851.4
1753503373300,04:16:13.300,ADA/USDT:USDT,0.825,161.3,0.8249,454.4,0.8251,311.1,0.8252,861.0
1753503373400,04:16:13.400,ADA/USDT:USDT,0.825,161.3,0.8249,454.4,0.8251,311.3,0.8252,861.0
1753503373500,04:16:13.500,ADA/USDT:USDT,0.825,161.3,0.8249,454.4,0.8251,317.5,0.8252,861.0
1753503373600,04:16:13.600,ADA/USDT:USDT,0.825,146.7,0.8249,463.7,0.8251,186.3,0.8252,860.7
1753503373700,04:16:13.700,ADA/USDT:USDT,0.825,360.3,0.8249,463.7,0.8251,70.6,0.8252,851.4
1753503373800,04:16:13.800,ADA/USDT:USDT,0.825,286.3,0.8249,469.3,0.8251,85.2,0.8252,744.5
1753503373900,04:16:13.900,ADA/USDT:USDT,0.825,273.5,0.8249,460.0,0.8251,85.2,0.8252,744.5
1753503374000,04:16:14.000,ADA/USDT:USDT,0.825,273.5,0.8249,460.0,0.8251,85.2,0.8252,744.5
1753503374100,04:16:14.100,ADA/USDT:USDT,0.825,204.7,0.8249,454.4,0.8251,176.4,0.8252,744.5
1753503374200,04:16:14.200,ADA/USDT:USDT,0.825,204.7,0.8249,454.4,0.8251,167.1,0.8252,744.5
1753503374300,04:16:14.300,ADA/USDT:USDT,0.825,204.7,0.8249,463.7,0.8251,167.0,0.8252,744.1
1753503374400,04:16:14.400,ADA/USDT:USDT,0.825,146.7,0.8249,454.4,0.8251,167.0,0.8252,744.1
1753503374500,04:16:14.500,ADA/USDT:USDT,0.825,146.7,0.8249,454.4,0.8251,167.0,0.8252,744.1
1753503374600,04:16:14.600,ADA/USDT:USDT,0.825,147.6,0.8249,454.4,0.8251,291.9,0.8252,744.1
1753503374700,04:16:14.700,ADA/USDT:USDT,0.825,101.3,0.8249,369.2,0.8251,359.2,0.8252,745.6
1753503374800,04:16:14.800,ADA/USDT:USDT,0.825,202.7,0.8249,463.2,0.8251,221.3,0.8252,736.4
1753503374900,04:16:14.900,ADA/USDT:USDT,0.825,240.9,0.8249,463.6,0.8251,93.8,0.8252,607.9
1753503375000,04:16:15.000,ADA/USDT:USDT,0.825,240.9,0.8249,463.3,0.8251,61.5,0.8252,533.9
1753503375100,04:16:15.100,ADA/USDT:USDT,0.825,231.5,0.8249,468.6,0.8251,44.1,0.8252,736.4
1753503375200,04:16:15.200,ADA/USDT:USDT,0.825,231.5,0.8249,468.6,0.8251,44.1,0.8252,736.4
1753503375300,04:16:15.300,ADA/USDT:USDT,0.825,226.2,0.8249,468.6,0.8251,51.9,0.8252,745.3
1753503375400,04:16:15.400,ADA/USDT:USDT,0.825,231.3,0.8249,468.6,0.8251,43.6,0.8252,735.2
1753503375500,04:16:15.500,ADA/USDT:USDT,0.825,231.3,0.8249,468.6,0.8251,43.6,0.8252,735.2
1753503375600,04:16:15.600,ADA/USDT:USDT,0.825,243.0,0.8249,468.6,0.8251,158.7,0.8252,735.2
1753503375700,04:16:15.700,ADA/USDT:USDT,0.825,226.2,0.8249,468.6,0.8251,43.7,0.8252,726.5
1753503375800,04:16:15.800,ADA/USDT:USDT,0.825,233.7,0.8249,468.6,0.8251,43.7,0.8252,728.4
1753503375900,04:16:15.900,ADA/USDT:USDT,0.825,231.3,0.8249,459.7,0.8251,43.7,0.8252,736.9
1753503376000,04:16:16.000,ADA/USDT:USDT,0.825,231.3,0.8249,468.2,0.8251,43.7,0.8252,728.4
1753503376100,04:16:16.100,ADA/USDT:USDT,0.825,231.3,0.8249,468.2,0.8251,43.7,0.8252,728.4
1753503376200,04:16:16.200,ADA/USDT:USDT,0.825,225.2,0.8249,459.7,0.8251,84.3,0.8252,736.9
1753503376300,04:16:16.300,ADA/USDT:USDT,0.825,225.2,0.8249,459.5,0.8251,67.2,0.8252,742.0
1753503376400,04:16:16.400,ADA/USDT:USDT,0.825,212.4,0.8249,459.5,0.8251,90.0,0.8252,740.0
1753503376500,04:16:16.500,ADA/USDT:USDT,0.825,212.4,0.8249,459.5,0.8251,90.0,0.8252,740.0
1753503376600,04:16:16.600,ADA/USDT:USDT,0.825,196.8,0.8249,468.0,0.8251,205.0,0.8252,741.2
1753503376700,04:16:16.700,ADA/USDT:USDT,0.825,206.8,0.8249,454.4,0.8251,226.8,0.8252,741.5
1753503376800,04:16:16.800,ADA/USDT:USDT,0.825,135.1,0.8249,369.2,0.8251,301.2,0.8252,741.5
1753503376900,04:16:16.900,ADA/USDT:USDT,0.825,146.5,0.8249,377.7,0.8251,233.0,0.8252,741.5
1753503377000,04:16:17.000,ADA/USDT:USDT,0.825,146.5,0.8249,462.9,0.8251,227.5,0.8252,741.2
1753503377100,04:16:17.100,ADA/USDT:USDT,0.825,146.5,0.8249,454.4,0.8251,241.1,0.8252,741.2
1753503377200,04:16:17.200,ADA/USDT:USDT,0.825,146.5,0.8249,454.4,0.8251,241.4,0.8252,741.5
1753503377300,04:16:17.300,ADA/USDT:USDT,0.825,166.5,0.8249,454.4,0.8251,227.8,0.8252,741.2
1753503377400,04:16:17.400,ADA/USDT:USDT,0.825,166.5,0.8249,454.4,0.8251,226.6,0.8252,741.6
1753503377500,04:16:17.500,ADA/USDT:USDT,0.825,166.5,0.8249,454.4,0.8251,240.2,0.8252,741.3
1753503377600,04:16:17.600,ADA/USDT:USDT,0.825,166.5,0.8249,454.4,0.8251,240.2,0.8252,741.3
1753503377700,04:16:17.700,ADA/USDT:USDT,0.825,166.5,0.8249,454.4,0.8251,240.2,0.8252,741.3
1753503377800,04:16:17.800,ADA/USDT:USDT,0.825,166.5,0.8249,454.4,0.8251,240.2,0.8252,741.3
1753503377900,04:16:17.900,ADA/USDT:USDT,0.825,166.5,0.8249,454.4,0.8251,240.2,0.8252,741.3
1753503378000,04:16:18.000,ADA/USDT:USDT,0.825,166.5,0.8249,454.4,0.8251,235.1,0.8252,741.3
1753503378100,04:16:18.100,ADA/USDT:USDT,0.825,166.5,0.8249,454.4,0.8251,235.1,0.8252,741.3
1753503378200,04:16:18.200,ADA/USDT:USDT,0.825,166.5,0.8249,454.4,0.8251,240.2,0.8252,741.6
1753503378300,04:16:18.300,ADA/USDT:USDT,0.825,143.5,0.8249,454.4,0.8251,241.4,0.8252,741.6
1753503378400,04:16:18.400,ADA/USDT:USDT,0.825,143.5,0.8249,454.4,0.8251,235.3,0.8252,741.3
1753503378500,04:16:18.500,ADA/USDT:USDT,0.825,142.3,0.8249,454.4,0.8251,240.7,0.8252,741.6
1753503378600,04:16:18.600,ADA/USDT:USDT,0.825,90.0,0.8249,434.4,0.8251,241.4,0.8252,741.8
1753503378800,04:16:18.800,ADA/USDT:USDT,0.825,40.8,0.8249,129.2,0.8251,305.2,0.8252,741.8
1753503379000,04:16:19.000,ADA/USDT:USDT,0.825,40.8,0.8249,157.0,0.8251,307.0,0.8252,756.3
1753503379100,04:16:19.100,ADA/USDT:USDT,0.825,40.8,0.8249,120.1,0.8251,303.8,0.8252,756.3
1753503379200,04:16:19.200,ADA/USDT:USDT,0.825,49.5,0.8249,358.2,0.8251,237.8,0.8252,756.0
1753503379300,04:16:19.300,ADA/USDT:USDT,0.825,84.0,0.8249,396.4,0.8251,227.7,0.8252,756.0
1753503379400,04:16:19.400,ADA/USDT:USDT,0.825,81.8,0.8249,396.4,0.8251,236.2,0.8252,756.0
1753503379500,04:16:19.500,ADA/USDT:USDT,0.825,81.8,0.8249,396.4,0.8251,236.2,0.8252,756.0
1753503379600,04:16:19.600,ADA/USDT:USDT,0.825,49.5,0.8249,396.4,0.8251,241.3,0.8252,756.0
1753503379700,04:16:19.700,ADA/USDT:USDT,0.825,73.5,0.8249,396.4,0.8251,227.7,0.8252,747.5
1753503379800,04:16:19.800,ADA/USDT:USDT,0.825,73.5,0.8249,396.4,0.8251,227.7,0.8252,756.0
1753503379900,04:16:19.900,ADA/USDT:USDT,0.825,73.5,0.8249,396.4,0.8251,232.8,0.8252,756.0
1753503380000,04:16:20.000,ADA/USDT:USDT,0.825,69.9,0.8249,262.5,0.8251,241.1,0.8252,756.0
1753503380100,04:16:20.100,ADA/USDT:USDT,0.825,69.9,0.8249,300.7,0.8251,241.5,0.8252,756.3
1753503380200,04:16:20.200,ADA/USDT:USDT,0.825,61.2,0.8249,262.5,0.8251,241.5,0.8252,756.3
1753503380300,04:16:20.300,ADA/USDT:USDT,0.825,69.9,0.8249,262.5,0.8251,241.5,0.8252,756.3
1753503380500,04:16:20.500,ADA/USDT:USDT,0.825,69.9,0.8249,294.0,0.8251,228.0,0.8252,728.9
1753503380600,04:16:20.600,ADA/USDT:USDT,0.825,69.9,0.8249,396.4,0.8251,228.0,0.8252,728.9
1753503380700,04:16:20.700,ADA/USDT:USDT,0.825,69.9,0.8249,396.4,0.8251,241.4,0.8252,727.1
1753503380800,04:16:20.800,ADA/USDT:USDT,0.825,69.9,0.8249,396.4,0.8251,241.4,0.8252,727.1
1753503380900,04:16:20.900,ADA/USDT:USDT,0.825,69.9,0.8249,396.4,0.8251,228.0,0.8252,727.1
1753503381000,04:16:21.000,ADA/USDT:USDT,0.825,61.2,0.8249,396.4,0.8251,241.4,0.8252,727.4
1753503381100,04:16:21.100,ADA/USDT:USDT,0.825,37.2,0.8249,242.5,0.8251,241.7,0.8252,727.4
1753503381200,04:16:21.200,ADA/USDT:USDT,0.825,37.2,0.8249,157.3,0.8251,244.5,0.8252,727.4
1753503381300,04:16:21.300,ADA/USDT:USDT,0.825,37.2,0.8249,157.3,0.8251,244.5,0.8252,727.4
1753503381400,04:16:21.400,ADA/USDT:USDT,0.825,37.2,0.8249,157.3,0.8251,244.5,0.8252,765.6
1753503381500,04:16:21.500,ADA/USDT:USDT,0.825,78.2,0.8249,396.6,0.8251,230.8,0.8252,765.2
1753503381600,04:16:21.600,ADA/USDT:USDT,0.825,78.2,0.8249,396.6,0.8251,244.2,0.8252,765.2
1753503381700,04:16:21.700,ADA/USDT:USDT,0.825,45.9,0.8249,396.6,0.8251,244.8,0.8252,765.5
1753503381800,04:16:21.800,ADA/USDT:USDT,0.825,37.2,0.8249,396.6,0.8251,244.8,0.8252,765.5
1753503381900,04:16:21.900,ADA/USDT:USDT,0.825,37.6,0.8249,397.0,0.8251,236.4,0.8252,765.2
1753503382000,04:16:22.000,ADA/USDT:USDT,0.825,37.2,0.8249,397.0,0.8251,244.8,0.8252,765.5
1753503382100,04:16:22.100,ADA/USDT:USDT,0.825,37.2,0.8249,397.0,0.8251,245.1,0.8252,765.5
1753503382200,04:16:22.200,ADA/USDT:USDT,0.825,37.2,0.8249,397.0,0.8251,244.8,0.8252,765.5
1753503382300,04:16:22.300,ADA/USDT:USDT,0.825,37.2,0.8249,397.0,0.8251,244.8,0.8252,765.5
1753503382400,04:16:22.400,ADA/USDT:USDT,0.825,37.2,0.8249,157.3,0.8251,305.7,0.8252,768.5
1753503382500,04:16:22.500,ADA/USDT:USDT,0.825,37.2,0.8249,129.6,0.8251,305.7,0.8252,768.5
1753503382600,04:16:22.600,ADA/USDT:USDT,0.825,37.2,0.8249,129.6,0.8251,305.7,0.8252,768.5
1753503382900,04:16:22.900,ADA/USDT:USDT,0.825,37.2,0.8249,129.6,0.8251,307.5,0.8252,775.7
1753503383100,04:16:23.100,ADA/USDT:USDT,0.825,37.2,0.8249,135.7,0.8251,307.5,0.8252,775.6
1753503383200,04:16:23.200,ADA/USDT:USDT,0.825,37.2,0.8249,135.7,0.8251,305.2,0.8252,775.6
1753503383300,04:16:23.300,ADA/USDT:USDT,0.825,37.2,0.8249,135.7,0.8251,299.4,0.8252,778.0
1753503383400,04:16:23.400,ADA/USDT:USDT,0.825,37.2,0.8249,135.7,0.8251,305.3,0.8252,778.0
1753503383500,04:16:23.500,ADA/USDT:USDT,0.825,37.2,0.8249,135.7,0.8251,305.3,0.8252,778.0
1753503383600,04:16:23.600,ADA/USDT:USDT,0.825,37.2,0.8249,135.7,0.8251,305.3,0.8252,778.0
1753503383700,04:16:23.700,ADA/USDT:USDT,0.825,37.2,0.8249,135.7,0.8251,305.4,0.8252,778.0
1753503383800,04:16:23.800,ADA/USDT:USDT,0.825,37.2,0.8249,135.7,0.8251,305.4,0.8252,778.0
1753503383900,04:16:23.900,ADA/USDT:USDT,0.825,37.2,0.8249,135.7,0.8251,305.4,0.8252,778.0
1753503384000,04:16:24.000,ADA/USDT:USDT,0.825,37.2,0.8249,135.7,0.8251,305.4,0.8252,778.0
1753503384100,04:16:24.100,ADA/USDT:USDT,0.825,37.2,0.8249,135.7,0.8251,307.2,0.8252,778.0
1753503384200,04:16:24.200,ADA/USDT:USDT,0.825,37.2,0.8249,135.7,0.8251,306.9,0.8252,778.0
1753503384300,04:16:24.300,ADA/USDT:USDT,0.825,37.2,0.8249,135.7,0.8251,307.2,0.8252,779.2
1753503384400,04:16:24.400,ADA/USDT:USDT,0.825,37.2,0.8249,135.7,0.8251,305.4,0.8252,779.2
1753503384500,04:16:24.500,ADA/USDT:USDT,0.825,37.2,0.8249,135.7,0.8251,307.2,0.8252,779.2
1753503384600,04:16:24.600,ADA/USDT:USDT,0.825,37.2,0.8249,135.7,0.8251,307.2,0.8252,779.2
1753503384700,04:16:24.700,ADA/USDT:USDT,0.825,37.2,0.8249,135.7,0.8251,293.6,0.8252,779.2
1753503384800,04:16:24.800,ADA/USDT:USDT,0.8248,80.4,0.8247,310.1,0.8249,913.6,0.825,934.2
1753503384900,04:16:24.900,ADA/USDT:USDT,0.8248,47.4,0.8247,201.7,0.8249,897.8,0.825,1058.0
1753503385000,04:16:25.000,ADA/USDT:USDT,0.8248,44.6,0.8247,201.7,0.8249,897.0,0.825,1058.0
1753503385100,04:16:25.100,ADA/USDT:USDT,0.8248,44.6,0.8247,198.6,0.8249,910.3,0.825,990.2
1753503385200,04:16:25.200,ADA/USDT:USDT,0.8248,44.6,0.8247,198.6,0.8249,923.8,0.825,990.2
1753503385300,04:16:25.300,ADA/USDT:USDT,0.8248,135.3,0.8247,213.1,0.8249,846.1,0.825,977.3
1753503385400,04:16:25.400,ADA/USDT:USDT,0.8248,213.7,0.8247,249.7,0.8249,437.6,0.825,977.7
1753503385500,04:16:25.500,ADA/USDT:USDT,0.8248,213.7,0.8247,249.7,0.8249,409.7,0.825,940.0
1753503385600,04:16:25.600,ADA/USDT:USDT,0.8248,213.7,0.8247,249.7,0.8249,409.7,0.825,940.0
1753503385700,04:16:25.700,ADA/USDT:USDT,0.8248,213.7,0.8247,249.7,0.8249,409.7,0.825,940.0
1753503385800,04:16:25.800,ADA/USDT:USDT,0.8248,170.5,0.8247,249.7,0.8249,409.7,0.825,940.0
1753503385900,04:16:25.900,ADA/USDT:USDT,0.8248,135.2,0.8247,235.2,0.8249,424.2,0.825,940.3
1753503386000,04:16:26.000,ADA/USDT:USDT,0.8248,135.2,0.8247,235.2,0.8249,425.1,0.825,940.3
1753503386100,04:16:26.100,ADA/USDT:USDT,0.8248,102.9,0.8247,235.2,0.8249,425.1,0.825,940.3
1753503386200,04:16:26.200,ADA/USDT:USDT,0.8248,88.2,0.8247,235.2,0.8249,425.1,0.825,940.3
1753503386300,04:16:26.300,ADA/USDT:USDT,0.8248,88.0,0.8247,193.7,0.8249,485.7,0.825,940.3
1753503386400,04:16:26.400,ADA/USDT:USDT,0.8248,88.0,0.8247,193.7,0.8249,501.6,0.825,941.5
1753503386500,04:16:26.500,ADA/USDT:USDT,0.8248,88.0,0.8247,193.7,0.8249,505.0,0.825,941.5
1753503386600,04:16:26.600,ADA/USDT:USDT,0.8248,88.0,0.8247,193.7,0.8249,505.0,0.825,941.5
1753503386800,04:16:26.800,ADA/USDT:USDT,0.8248,88.0,0.8247,206.0,0.8249,505.4,0.825,1034.5
1753503386900,04:16:26.900,ADA/USDT:USDT,0.8248,120.3,0.8247,206.0,0.8249,430.2,0.825,1028.8
1753503387000,04:16:27.000,ADA/USDT:USDT,0.8248,113.9,0.8247,215.0,0.8249,314.6,0.825,1028.8
1753503387100,04:16:27.100,ADA/USDT:USDT,0.8248,113.9,0.8247,206.0,0.8249,314.6,0.825,1028.8
1753503387200,04:16:27.200,ADA/USDT:USDT,0.8248,113.9,0.8247,206.0,0.8249,329.0,0.825,1028.8
1753503387300,04:16:27.300,ADA/USDT:USDT,0.8248,113.9,0.8247,206.0,0.8249,329.0,0.825,1028.8
1753503387400,04:16:27.400,ADA/USDT:USDT,0.8248,304.0,0.8247,215.3,0.8249,293.6,0.825,1019.7
1753503387500,04:16:27.500,ADA/USDT:USDT,0.8248,364.6,0.8247,215.3,0.8249,251.1,0.825,1019.7
1753503387600,04:16:27.600,ADA/USDT:USDT,0.8248,356.6,0.8247,215.0,0.8249,161.8,0.825,867.6
1753503387700,04:16:27.700,ADA/USDT:USDT,0.8248,350.2,0.8247,215.0,0.8249,161.8,0.825,969.2
1753503387800,04:16:27.800,ADA/USDT:USDT,0.8248,350.2,0.8247,206.0,0.8249,170.8,0.825,969.2
1753503387900,04:16:27.900,ADA/USDT:USDT,0.8248,350.2,0.8247,206.0,0.8249,211.2,0.825,969.2
1753503388000,04:16:28.000,ADA/USDT:USDT,0.8248,350.2,0.8247,206.0,0.8249,211.2,0.825,969.2
1753503388100,04:16:28.100,ADA/USDT:USDT,0.8248,289.6,0.8247,206.0,0.8249,216.9,0.825,969.5
1753503388200,04:16:28.200,ADA/USDT:USDT,0.8248,113.9,0.8247,206.0,0.8249,217.6,0.825,969.5
1753503388300,04:16:28.300,ADA/USDT:USDT,0.8248,81.6,0.8247,206.0,0.8249,217.6,0.825,969.5
1753503388400,04:16:28.400,ADA/USDT:USDT,0.8248,196.6,0.8247,206.0,0.8249,332.3,0.825,969.5
1753503388500,04:16:28.500,ADA/USDT:USDT,0.8248,312.6,0.8247,206.0,0.8249,202.2,0.825,970.4
1753503388600,04:16:28.600,ADA/USDT:USDT,0.8248,252.0,0.8247,206.0,0.8249,211.8,0.825,970.4
1753503388700,04:16:28.700,ADA/USDT:USDT,0.8248,8.9,0.8247,206.0,0.8249,395.3,0.825,970.7
1753503388800,04:16:28.800,ADA/USDT:USDT,0.8248,85.5,0.8247,206.0,0.8249,334.7,0.825,970.7
1753503388900,04:16:28.900,ADA/USDT:USDT,0.8248,85.7,0.8247,226.0,0.8249,334.4,0.825,970.7
1753503389000,04:16:29.000,ADA/USDT:USDT,0.8248,86.1,0.8247,225.6,0.8249,334.4,0.825,970.7
1753503389100,04:16:29.100,ADA/USDT:USDT,0.8248,33.8,0.8247,205.6,0.8249,335.6,0.825,969.9
1753503389200,04:16:29.200,ADA/USDT:USDT,0.8248,66.1,0.8247,206.0,0.8249,335.3,0.825,969.9
1753503389300,04:16:29.300,ADA/USDT:USDT,0.8248,66.1,0.8247,206.0,0.8249,326.3,0.825,969.9
1753503389400,04:16:29.400,ADA/USDT:USDT,0.8248,66.1,0.8247,206.0,0.8249,338.2,0.825,969.9
1753503389500,04:16:29.500,ADA/USDT:USDT,0.8248,86.1,0.8247,217.9,0.8249,320.9,0.825,960.6
1753503389600,04:16:29.600,ADA/USDT:USDT,0.8248,127.0,0.8247,217.9,0.8249,320.9,0.825,960.6
1753503389700,04:16:29.700,ADA/USDT:USDT,0.8248,127.0,0.8247,217.9,0.8249,320.9,0.825,972.5
1753503389800,04:16:29.800,ADA/USDT:USDT,0.8248,126.6,0.8247,206.0,0.8249,320.5,0.825,972.5
1753503389900,04:16:29.900,ADA/USDT:USDT,0.8248,123.2,0.8247,237.5,0.8249,317.1,0.825,972.5
1753503390000,04:16:30.000,ADA/USDT:USDT,0.8248,123.2,0.8247,237.5,0.8249,317.1,0.825,972.5
1753503390100,04:16:30.100,ADA/USDT:USDT,0.8248,153.7,0.8247,237.5,0.8249,316.1,0.825,960.6
1753503390300,04:16:30.300,ADA/USDT:USDT,0.8248,176.1,0.8247,237.5,0.8249,316.5,0.825,960.6
1753503390400,04:16:30.400,ADA/USDT:USDT,0.8248,157.9,0.8247,237.5,0.8249,314.7,0.825,960.6
1753503390500,04:16:30.500,ADA/USDT:USDT,0.8248,157.9,0.8247,226.0,0.8249,339.6,0.825,972.4
1753503390600,04:16:30.600,ADA/USDT:USDT,0.8248,135.5,0.8247,226.0,0.8249,340.5,0.825,972.4
1753503390700,04:16:30.700,ADA/USDT:USDT,0.8248,135.5,0.8247,226.0,0.8249,340.2,0.825,972.4
1753503390800,04:16:30.800,ADA/USDT:USDT,0.8248,111.2,0.8247,226.0,0.8249,206.8,0.825,972.1
1753503390900,04:16:30.900,ADA/USDT:USDT,0.8248,130.2,0.8247,226.0,0.8249,205.9,0.825,972.1
1753503391000,04:16:31.000,ADA/USDT:USDT,0.8248,130.2,0.8247,226.0,0.8249,205.9,0.825,972.1
1753503391100,04:16:31.100,ADA/USDT:USDT,0.8248,142.5,0.8247,226.0,0.8249,206.2,0.825,960.6
1753503391200,04:16:31.200,ADA/USDT:USDT,0.8248,169.3,0.8247,237.8,0.8249,184.9,0.825,960.6
1753503391300,04:16:31.300,ADA/USDT:USDT,0.8248,157.8,0.8247,237.8,0.8249,184.9,0.825,960.6
1753503391400,04:16:31.400,ADA/USDT:USDT,0.8248,272.8,0.8247,237.8,0.8249,206.1,0.825,960.6
1753503391500,04:16:31.500,ADA/USDT:USDT,0.8248,272.8,0.8247,237.5,0.8249,206.1,0.825,960.6
1753503391600,04:16:31.600,ADA/USDT:USDT,0.8248,284.3,0.8247,237.8,0.8249,191.8,0.825,960.6
1753503391700,04:16:31.700,ADA/USDT:USDT,0.8248,284.3,0.8247,237.8,0.8249,205.0,0.825,960.6
1753503391800,04:16:31.800,ADA/USDT:USDT,0.8248,150.9,0.8247,237.5,0.8249,207.6,0.825,960.6
1753503391900,04:16:31.900,ADA/USDT:USDT,0.8248,111.2,0.8247,226.0,0.8249,226.7,0.825,960.9
1753503392000,04:16:32.000,ADA/USDT:USDT,0.8248,111.2,0.8247,226.0,0.8249,226.7,0.825,960.9
1753503392100,04:16:32.100,ADA/USDT:USDT,0.8248,111.2,0.8247,226.0,0.8249,227.0,0.825,960.9
1753503392200,04:16:32.200,ADA/USDT:USDT,0.8248,111.2,0.8247,226.0,0.8249,226.7,0.825,960.9
1753503392300,04:16:32.300,ADA/USDT:USDT,0.8248,111.2,0.8247,226.0,0.8249,227.0,0.825,960.9
1753503392500,04:16:32.500,ADA/USDT:USDT,0.8248,267.3,0.8247,237.8,0.8249,205.0,0.825,960.6
1753503392600,04:16:32.600,ADA/USDT:USDT,0.8248,267.3,0.8247,237.8,0.8249,205.0,0.825,960.6
1753503392700,04:16:32.700,ADA/USDT:USDT,0.8248,212.9,0.8247,237.8,0.8249,205.0,0.825,960.6
1753503392800,04:16:32.800,ADA/USDT:USDT,0.8248,133.9,0.8247,225.6,0.8249,210.9,0.825,960.7
1753503392900,04:16:32.900,ADA/USDT:USDT,0.8248,172.3,0.8247,225.9,0.8249,206.2,0.825,960.7
1753503393000,04:16:33.000,ADA/USDT:USDT,0.8248,184.2,0.8247,226.3,0.8249,206.2,0.825,960.7
1753503393100,04:16:33.100,ADA/USDT:USDT,0.8248,184.2,0.8247,226.3,0.8249,206.2,0.825,960.7
1753503393200,04:16:33.200,ADA/USDT:USDT,0.8248,177.3,0.8247,226.3,0.8249,165.0,0.825,960.7
1753503393300,04:16:33.300,ADA/USDT:USDT,0.8248,244.8,0.8247,226.3,0.8249,124.0,0.825,952.0
1753503393500,04:16:33.500,ADA/USDT:USDT,0.8248,359.8,0.8247,226.4,0.8249,129.0,0.825,952.0
1753503393600,04:16:33.600,ADA/USDT:USDT,0.8248,359.8,0.8247,226.4,0.8249,129.0,0.825,952.0
1753503393700,04:16:33.700,ADA/USDT:USDT,0.8248,416.2,0.8247,237.3,0.8249,50.1,0.825,374.3
1753503393800,04:16:33.800,ADA/USDT:USDT,0.8249,739.5,0.8248,569.6,0.825,93.1,0.8251,390.7
1753503393900,04:16:33.900,ADA/USDT:USDT,0.8249,791.8,0.8248,635.2,0.825,93.3,0.8251,323.4
1753503394000,04:16:34.000,ADA/USDT:USDT,0.825,751.6,0.8249,896.9,0.8251,14.1,0.8252,964.8
1753503394100,04:16:34.100,ADA/USDT:USDT,0.825,756.4,0.8249,897.0,0.8251,8.0,0.8252,964.8
1753503394300,04:16:34.300,ADA/USDT:USDT,0.825,756.4,0.8249,897.0,0.8251,8.0,0.8252,964.8
1753503394400,04:16:34.400,ADA/USDT:USDT,0.825,744.7,0.8249,710.7,0.8251,8.1,0.8252,1007.6
1753503394500,04:16:34.500,ADA/USDT:USDT,0.825,748.7,0.8249,716.3,0.8251,8.1,0.8252,1248.9
1753503394600,04:16:34.600,ADA/USDT:USDT,0.825,734.6,0.8249,716.3,0.8251,8.1,0.8252,1248.9
1753503394700,04:16:34.700,ADA/USDT:USDT,0.825,734.6,0.8249,716.3,0.8251,16.8,0.8252,1248.9
1753503394800,04:16:34.800,ADA/USDT:USDT,0.825,716.5,0.8249,716.7,0.8251,16.8,0.8252,1248.9
1753503394900,04:16:34.900,ADA/USDT:USDT,0.825,716.5,0.8249,716.7,0.8251,16.8,0.8252,1248.9
1753503395000,04:16:35.000,ADA/USDT:USDT,0.825,682.9,0.8249,712.7,0.8251,128.2,0.8252,1248.9
1753503395100,04:16:35.100,ADA/USDT:USDT,0.825,681.8,0.8249,712.7,0.8251,96.1,0.8252,1007.6
1753503395200,04:16:35.200,ADA/USDT:USDT,0.825,703.6,0.8249,717.0,0.8251,22.8,0.8252,964.8
1753503395300,04:16:35.300,ADA/USDT:USDT,0.825,506.2,0.8249,696.7,0.8251,154.1,0.8252,1248.9
1753503395400,04:16:35.400,ADA/USDT:USDT,0.825,438.5,0.8249,665.0,0.8251,162.0,0.8252,1248.9
1753503395500,04:16:35.500,ADA/USDT:USDT,0.825,438.5,0.8249,657.2,0.8251,198.4,0.8252,1248.9
1753503395600,04:16:35.600,ADA/USDT:USDT,0.825,362.7,0.8249,657.2,0.8251,202.2,0.8252,1248.9
1753503395700,04:16:35.700,ADA/USDT:USDT,0.825,254.7,0.8249,655.8,0.8251,317.2,0.8252,1223.4
1753503395800,04:16:35.800,ADA/USDT:USDT,0.825,254.7,0.8249,663.5,0.8251,317.2,0.8252,1210.6
1753503395900,04:16:35.900,ADA/USDT:USDT,0.825,254.7,0.8249,663.5,0.8251,317.2,0.8252,1210.6
1753503396000,04:16:36.000,ADA/USDT:USDT,0.825,254.7,0.8249,663.5,0.8251,317.2,0.8252,1210.6
1753503396100,04:16:36.100,ADA/USDT:USDT,0.825,257.1,0.8249,663.5,0.8251,317.7,0.8252,1087.4
1753503396200,04:16:36.200,ADA/USDT:USDT,0.825,229.1,0.8249,663.5,0.8251,202.7,0.8252,1125.7
1753503396300,04:16:36.300,ADA/USDT:USDT,0.825,371.2,0.8249,659.9,0.8251,317.7,0.8252,1087.4
1753503396400,04:16:36.400,ADA/USDT:USDT,0.825,371.4,0.8249,659.9,0.8251,317.7,0.8252,1087.4
1753503396500,04:16:36.500,ADA/USDT:USDT,0.825,248.9,0.8249,659.9,0.8251,317.7,0.8252,1087.4
1753503396600,04:16:36.600,ADA/USDT:USDT,0.825,246.5,0.8249,661.1,0.8251,317.7,0.8252,1087.4
1753503396700,04:16:36.700,ADA/USDT:USDT,0.825,256.4,0.8249,661.1,0.8251,317.7,0.8252,786.0
1753503396800,04:16:36.800,ADA/USDT:USDT,0.825,144.2,0.8249,519.0,0.8251,337.8,0.8252,806.4
1753503396900,04:16:36.900,ADA/USDT:USDT,0.825,145.4,0.8249,617.0,0.8251,202.7,0.8252,806.4
1753503397000,04:16:37.000,ADA/USDT:USDT,0.825,145.4,0.8249,604.6,0.8251,222.8,0.8252,711.4
1753503397100,04:16:37.100,ADA/USDT:USDT,0.825,145.4,0.8249,617.0,0.8251,202.7,0.8252,711.4
1753503397200,04:16:37.200,ADA/USDT:USDT,0.825,132.6,0.8249,617.0,0.8251,203.7,0.8252,711.4
1753503397300,04:16:37.300,ADA/USDT:USDT,0.825,132.6,0.8249,617.0,0.8251,203.7,0.8252,711.4
1753503397400,04:16:37.400,ADA/USDT:USDT,0.825,132.6,0.8249,617.0,0.8251,211.2,0.8252,711.4
1753503397500,04:16:37.500,ADA/USDT:USDT,0.825,132.6,0.8249,604.6,0.8251,224.9,0.8252,711.4
1753503397600,04:16:37.600,ADA/USDT:USDT,0.825,132.6,0.8249,617.0,0.8251,203.8,0.8252,711.1
1753503397700,04:16:37.700,ADA/USDT:USDT,0.825,132.6,0.8249,617.0,0.8251,203.8,0.8252,711.1
1753503397800,04:16:37.800,ADA/USDT:USDT,0.825,132.6,0.8249,617.0,0.8251,203.8,0.8252,711.1
1753503397900,04:16:37.900,ADA/USDT:USDT,0.825,132.6,0.8249,617.0,0.8251,203.8,0.8252,711.1
1753503398000,04:16:38.000,ADA/USDT:USDT,0.825,132.6,0.8249,617.0,0.8251,203.8,0.8252,711.1
1753503398100,04:16:38.100,ADA/USDT:USDT,0.825,132.6,0.8249,614.6,0.8251,203.8,0.8252,711.1
1753503398300,04:16:38.300,ADA/USDT:USDT,0.825,127.8,0.8249,602.2,0.8251,215.3,0.8252,712.6
1753503398400,04:16:38.400,ADA/USDT:USDT,0.825,127.8,0.8249,614.5,0.8251,207.9,0.8252,712.3
1753503398600,04:16:38.600,ADA/USDT:USDT,0.825,127.8,0.8249,614.5,0.8251,207.9,0.8252,711.1
1753503398700,04:16:38.700,ADA/USDT:USDT,0.825,127.8,0.8249,602.2,0.8251,227.6,0.8252,711.1
1753503398900,04:16:38.900,ADA/USDT:USDT,0.825,127.8,0.8249,602.2,0.8251,227.6,0.8252,711.4
1753503399000,04:16:39.000,ADA/USDT:USDT,0.825,107.8,0.8249,497.8,0.8251,227.9,0.8252,711.4
1753503399100,04:16:39.100,ADA/USDT:USDT,0.825,127.8,0.8249,574.5,0.8251,207.9,0.8252,698.5
1753503399200,04:16:39.200,ADA/USDT:USDT,0.825,130.2,0.8249,574.5,0.8251,207.9,0.8252,698.5
1753503399300,04:16:39.300,ADA/USDT:USDT,0.825,130.2,0.8249,574.5,0.8251,207.9,0.8252,710.8
1753503399500,04:16:39.500,ADA/USDT:USDT,0.825,130.2,0.8249,574.5,0.8251,215.3,0.8252,710.8
1753503399600,04:16:39.600,ADA/USDT:USDT,0.825,127.8,0.8249,574.5,0.8251,215.3,0.8252,710.8
1753503399700,04:16:39.700,ADA/USDT:USDT,0.825,127.8,0.8249,574.5,0.8251,211.6,0.8252,710.8
1753503399800,04:16:39.800,ADA/USDT:USDT,0.825,127.8,0.8249,574.5,0.8251,217.5,0.8252,710.8
1753503400100,04:16:40.100,ADA/USDT:USDT,0.825,426.5,0.8249,584.6,0.8251,18.8,0.8252,132.7
1753503400200,04:16:40.200,ADA/USDT:USDT,0.825,426.5,0.8249,584.6,0.8251,18.8,0.8252,132.7
1753503400300,04:16:40.300,ADA/USDT:USDT,0.825,375.9,0.8249,589.4,0.8251,27.5,0.8252,74.0
1753503400400,04:16:40.400,ADA/USDT:USDT,0.825,356.2,0.8249,589.4,0.8251,22.2,0.8252,277.0
1753503400500,04:16:40.500,ADA/USDT:USDT,0.825,356.2,0.8249,589.1,0.8251,22.2,0.8252,277.0
1753503400600,04:16:40.600,ADA/USDT:USDT,0.825,361.8,0.8249,590.6,0.8251,27.5,0.8252,169.8
1753503400700,04:16:40.700,ADA/USDT:USDT,0.825,374.1,0.8249,590.6,0.8251,27.5,0.8252,74.0
1753503400800,04:16:40.800,ADA/USDT:USDT,0.825,374.1,0.8249,590.6,0.8251,27.5,0.8252,74.0
1753503400900,04:16:40.900,ADA/USDT:USDT,0.825,374.1,0.8249,590.6,0.8251,27.5,0.8252,74.0
1753503401100,04:16:41.100,ADA/USDT:USDT,0.825,374.1,0.8249,590.6,0.8251,27.5,0.8252,74.0
1753503401200,04:16:41.200,ADA/USDT:USDT,0.825,374.1,0.8249,590.6,0.8251,27.5,0.8252,74.0
1753503401300,04:16:41.300,ADA/USDT:USDT,0.825,374.1,0.8249,590.6,0.8251,27.5,0.8252,74.0
1753503401400,04:16:41.400,ADA/USDT:USDT,0.825,374.1,0.8249,590.6,0.8251,27.5,0.8252,74.0
1753503401500,04:16:41.500,ADA/USDT:USDT,0.825,374.1,0.8249,598.0,0.8251,27.5,0.8252,74.0
1753503401700,04:16:41.700,ADA/USDT:USDT,0.825,374.1,0.8249,598.0,0.8251,27.5,0.8252,74.0
1753503401800,04:16:41.800,ADA/USDT:USDT,0.825,369.3,0.8249,598.0,0.8251,32.4,0.8252,116.8
1753503401900,04:16:41.900,ADA/USDT:USDT,0.825,349.6,0.8249,598.0,0.8251,27.5,0.8252,46.5
1753503402000,04:16:42.000,ADA/USDT:USDT,0.825,373.3,0.8249,597.6,0.8251,27.5,0.8252,33.1
1753503402100,04:16:42.100,ADA/USDT:USDT,0.825,373.3,0.8249,598.8,0.8251,27.5,0.8252,33.1
1753503402200,04:16:42.200,ADA/USDT:USDT,0.825,373.3,0.8249,598.8,0.8251,27.5,0.8252,33.1
1753503402300,04:16:42.300,ADA/USDT:USDT,0.825,373.3,0.8249,598.8,0.8251,27.5,0.8252,33.1
1753503402400,04:16:42.400,ADA/USDT:USDT,0.825,373.3,0.8249,598.8,0.8251,27.5,0.8252,33.1
1753503402500,04:16:42.500,ADA/USDT:USDT,0.8252,183.1,0.8251,890.1,0.8253,369.3,0.8254,1116.4
1753503402600,04:16:42.600,ADA/USDT:USDT,0.8252,138.7,0.8251,795.8,0.8253,380.7,0.8254,844.0
1753503402700,04:16:42.700,ADA/USDT:USDT,0.8252,138.7,0.8251,795.8,0.8253,380.7,0.8254,844.0
1753503402900,04:16:42.900,ADA/USDT:USDT,0.8252,57.4,0.8251,751.6,0.8253,441.3,0.8254,837.2
1753503403000,04:16:43.000,ADA/USDT:USDT,0.8251,314.6,0.825,776.5,0.8252,317.9,0.8253,803.0
1753503403100,04:16:43.100,ADA/USDT:USDT,0.8251,314.8,0.825,764.7,0.8252,358.6,0.8253,796.3
1753503403200,04:16:43.200,ADA/USDT:USDT,0.8251,67.8,0.825,385.5,0.8252,420.2,0.8253,803.0
1753503403300,04:16:43.300,ADA/USDT:USDT,0.8251,25.3,0.825,383.1,0.8252,420.2,0.8253,688.2
1753503403400,04:16:43.400,ADA/USDT:USDT,0.8251,0.7,0.825,380.5,0.8252,420.8,0.8253,689.4
1753503403500,04:16:43.500,ADA/USDT:USDT,0.8251,9.2,0.825,284.6,0.8252,420.8,0.8253,688.3
1753503403600,04:16:43.600,ADA/USDT:USDT,0.8251,0.7,0.825,220.1,0.8252,420.8,0.8253,688.3
1753503403700,04:16:43.700,ADA/USDT:USDT,0.8251,0.7,0.825,220.1,0.8252,422.6,0.8253,694.4
1753503403800,04:16:43.800,ADA/USDT:USDT,0.8251,12.8,0.825,305.0,0.8252,422.7,0.8253,694.4
1753503403900,04:16:43.900,ADA/USDT:USDT,0.8251,12.8,0.825,252.8,0.8252,422.7,0.8253,694.4
1753503404000,04:16:44.000,ADA/USDT:USDT,0.825,12.7,0.8249,248.1,0.8251,882.0,0.8252,790.7
1753503404100,04:16:44.100,ADA/USDT:USDT,0.825,12.6,0.8249,71.3,0.8251,882.2,0.8252,803.4
1753503404200,04:16:44.200,ADA/USDT:USDT,0.825,0.1,0.8249,120.6,0.8251,882.2,0.8252,766.9
1753503404300,04:16:44.300,ADA/USDT:USDT,0.8249,84.1,0.8248,458.0,0.825,748.1,0.8251,1050.7
1753503404400,04:16:44.400,ADA/USDT:USDT,0.8249,92.9,0.8248,458.0,0.825,736.8,0.8251,986.5
1753503404500,04:16:44.500,ADA/USDT:USDT,0.8249,92.9,0.8248,460.8,0.825,748.5,0.8251,948.2
1753503404600,04:16:44.600,ADA/USDT:USDT,0.8249,177.4,0.8248,460.4,0.825,676.3,0.8251,948.2
1753503404700,04:16:44.700,ADA/USDT:USDT,0.8249,177.4,0.8248,460.8,0.825,675.1,0.8251,948.2
1753503404800,04:16:44.800,ADA/USDT:USDT,0.8249,145.1,0.8248,460.8,0.825,747.3,0.8251,948.2
1753503404900,04:16:44.900,ADA/USDT:USDT,0.8249,145.1,0.8248,460.8,0.825,747.0,0.8251,948.2
1753503405000,04:16:45.000,ADA/USDT:USDT,0.8249,145.1,0.8248,460.8,0.825,747.0,0.8251,948.2
1753503405100,04:16:45.100,ADA/USDT:USDT,0.8249,145.1,0.8248,460.8,0.825,686.7,0.8251,948.2
1753503405200,04:16:45.200,ADA/USDT:USDT,0.8249,165.1,0.8248,478.9,0.825,668.5,0.8251,837.6
1753503405300,04:16:45.300,ADA/USDT:USDT,0.8249,240.8,0.8248,478.9,0.825,668.2,0.8251,874.6
1753503405400,04:16:45.400,ADA/USDT:USDT,0.8249,240.7,0.8248,478.9,0.825,668.2,0.8251,836.3
1753503405500,04:16:45.500,ADA/USDT:USDT,0.8249,238.8,0.8248,460.8,0.825,686.3,0.8251,836.4
1753503405600,04:16:45.600,ADA/USDT:USDT,0.8249,206.5,0.8248,460.4,0.825,675.3,0.8251,836.4
1753503405700,04:16:45.700,ADA/USDT:USDT,0.8249,186.5,0.8248,467.2,0.825,675.3,0.8251,836.4
1753503405800,04:16:45.800,ADA/USDT:USDT,0.8249,186.5,0.8248,478.9,0.825,668.2,0.8251,836.1
1753503405900,04:16:45.900,ADA/USDT:USDT,0.8249,186.5,0.8248,460.8,0.825,686.6,0.8251,836.4
1753503406000,04:16:46.000,ADA/USDT:USDT,0.8249,188.9,0.8248,478.9,0.825,668.2,0.8251,836.4
1753503406100,04:16:46.100,ADA/USDT:USDT,0.8249,188.9,0.8248,478.9,0.825,668.2,0.8251,836.4
1753503406200,04:16:46.200,ADA/USDT:USDT,0.8249,189.1,0.8248,467.6,0.825,686.6,0.8251,836.4
1753503406300,04:16:46.300,ADA/USDT:USDT,0.8249,189.1,0.8248,460.8,0.825,686.6,0.8251,836.4
1753503406400,04:16:46.400,ADA/USDT:USDT,0.8249,189.2,0.8248,460.8,0.825,686.6,0.8251,836.4
1753503406500,04:16:46.500,ADA/USDT:USDT,0.8249,189.2,0.8248,472.1,0.825,668.2,0.8251,836.4
1753503406600,04:16:46.600,ADA/USDT:USDT,0.8249,189.2,0.8248,472.1,0.825,675.0,0.8251,829.6
1753503406700,04:16:46.700,ADA/USDT:USDT,0.8249,189.2,0.8248,472.1,0.825,675.0,0.8251,829.6
1753503406800,04:16:46.800,ADA/USDT:USDT,0.8249,189.2,0.8248,460.8,0.825,686.6,0.8251,867.9
1753503406900,04:16:46.900,ADA/USDT:USDT,0.8249,189.2,0.8248,460.8,0.825,686.6,0.8251,867.9
1753503407000,04:16:47.000,ADA/USDT:USDT,0.8249,189.2,0.8248,460.8,0.825,689.6,0.8251,867.9
1753503407100,04:16:47.100,ADA/USDT:USDT,0.8249,76.3,0.8248,460.8,0.825,750.2,0.8251,867.9
1753503407200,04:16:47.200,ADA/USDT:USDT,0.8249,76.3,0.8248,460.8,0.825,751.2,0.8251,867.9
1753503407300,04:16:47.300,ADA/USDT:USDT,0.8249,321.8,0.8248,472.4,0.825,235.9,0.8251,851.9
1753503407400,04:16:47.400,ADA/USDT:USDT,0.8249,309.5,0.8248,474.5,0.825,236.1,0.8251,863.2
1753503407500,04:16:47.500,ADA/USDT:USDT,0.8249,302.6,0.8248,463.2,0.825,268.7,0.8251,863.2
1753503407600,04:16:47.600,ADA/USDT:USDT,0.8249,413.7,0.8248,536.2,0.825,3.1,0.8251,394.6
1753503407700,04:16:47.700,ADA/USDT:USDT,0.825,314.7,0.8249,582.3,0.8251,234.3,0.8252,678.7
1753503407800,04:16:47.800,ADA/USDT:USDT,0.825,346.0,0.8249,582.3,0.8251,253.6,0.8252,678.7
1753503407900,04:16:47.900,ADA/USDT:USDT,0.825,346.0,0.8249,582.3,0.8251,253.6,0.8252,678.7
1753503408000,04:16:48.000,ADA/USDT:USDT,0.825,330.7,0.8249,579.9,0.8251,253.6,0.8252,678.7
1753503408100,04:16:48.100,ADA/USDT:USDT,0.825,330.7,0.8249,568.8,0.8251,264.7,0.8252,678.7
1753503408200,04:16:48.200,ADA/USDT:USDT,0.825,330.7,0.8249,568.8,0.8251,387.7,0.8252,679.0
1753503408300,04:16:48.300,ADA/USDT:USDT,0.825,330.7,0.8249,568.8,0.8251,388.0,0.8252,679.0
1753503408400,04:16:48.400,ADA/USDT:USDT,0.825,330.7,0.8249,568.8,0.8251,388.0,0.8252,679.0
1753503408500,04:16:48.500,ADA/USDT:USDT,0.825,254.9,0.8249,568.8,0.8251,381.4,0.8252,685.6
1753503408600,04:16:48.600,ADA/USDT:USDT,0.825,254.9,0.8249,568.8,0.8251,381.5,0.8252,685.6
1753503408800,04:16:48.800,ADA/USDT:USDT,0.825,254.9,0.8249,579.9,0.8251,370.1,0.8252,685.6
1753503408900,04:16:48.900,ADA/USDT:USDT,0.825,254.9,0.8249,579.9,0.8251,370.1,0.8252,685.6
1753503409200,04:16:49.200,ADA/USDT:USDT,0.825,254.9,0.8249,579.9,0.8251,370.1,0.8252,685.3
1753503409300,04:16:49.300,ADA/USDT:USDT,0.825,254.9,0.8249,568.8,0.8251,388.2,0.8252,679.0
1753503409400,04:16:49.400,ADA/USDT:USDT,0.825,221.0,0.8249,568.8,0.8251,388.2,0.8252,679.0
1753503409500,04:16:49.500,ADA/USDT:USDT,0.825,221.0,0.8249,563.6,0.8251,388.2,0.8252,680.2
1753503409600,04:16:49.600,ADA/USDT:USDT,0.825,221.0,0.8249,563.6,0.8251,388.2,0.8252,680.2
1753503409700,04:16:49.700,ADA/USDT:USDT,0.825,221.0,0.8249,563.6,0.8251,377.1,0.8252,680.2
1753503409800,04:16:49.800,ADA/USDT:USDT,0.825,221.0,0.8249,574.7,0.8251,370.2,0.8252,679.9
1753503409900,04:16:49.900,ADA/USDT:USDT,0.825,229.7,0.8249,563.6,0.8251,387.9,0.8252,680.2
1753503410000,04:16:50.000,ADA/USDT:USDT,0.825,221.0,0.8249,563.6,0.8251,388.2,0.8252,680.2
1753503410100,04:16:50.100,ADA/USDT:USDT,0.825,53.9,0.8249,499.1,0.8251,450.0,0.8252,680.4
1753503410200,04:16:50.200,ADA/USDT:USDT,0.825,53.9,0.8249,427.0,0.8251,448.6,0.8252,680.4
1753503410300,04:16:50.300,ADA/USDT:USDT,0.825,53.9,0.8249,525.3,0.8251,389.7,0.8252,680.4
1753503410500,04:16:50.500,ADA/USDT:USDT,0.825,53.9,0.8249,563.6,0.8251,389.7,0.8252,680.4
1753503410600,04:16:50.600,ADA/USDT:USDT,0.825,94.9,0.8249,499.1,0.8251,392.1,0.8252,680.4
1753503410700,04:16:50.700,ADA/USDT:USDT,0.825,120.7,0.8249,574.7,0.8251,372.3,0.8252,680.1
1753503410800,04:16:50.800,ADA/USDT:USDT,0.825,120.7,0.8249,563.6,0.8251,390.3,0.8252,680.4
1753503410900,04:16:50.900,ADA/USDT:USDT,0.825,120.7,0.8249,563.6,0.8251,390.3,0.8252,680.4
1753503411000,04:16:51.000,ADA/USDT:USDT,0.825,120.7,0.8249,574.7,0.8251,372.3,0.8252,680.4
1753503411100,04:16:51.100,ADA/USDT:USDT,0.825,140.5,0.8249,574.7,0.8251,372.3,0.8252,680.1
1753503411200,04:16:51.200,ADA/USDT:USDT,0.825,140.5,0.8249,574.7,0.8251,372.3,0.8252,680.1
1753503411300,04:16:51.300,ADA/USDT:USDT,0.825,163.1,0.8249,574.7,0.8251,372.3,0.8252,680.1
1753503411400,04:16:51.400,ADA/USDT:USDT,0.825,163.1,0.8249,574.7,0.8251,372.3,0.8252,680.1
1753503411500,04:16:51.500,ADA/USDT:USDT,0.825,163.1,0.8249,563.6,0.8251,391.0,0.8252,680.4
1753503411600,04:16:51.600,ADA/USDT:USDT,0.825,163.1,0.8249,574.7,0.8251,373.0,0.8252,680.1
1753503411700,04:16:51.700,ADA/USDT:USDT,0.825,163.1,0.8249,574.7,0.8251,379.6,0.8252,680.4
1753503411800,04:16:51.800,ADA/USDT:USDT,0.825,163.1,0.8249,563.6,0.8251,391.0,0.8252,680.4
1753503411900,04:16:51.900,ADA/USDT:USDT,0.825,163.1,0.8249,563.6,0.8251,391.0,0.8252,680.4
1753503412000,04:16:52.000,ADA/USDT:USDT,0.825,163.1,0.8249,574.7,0.8251,391.0,0.8252,680.4
1753503412100,04:16:52.100,ADA/USDT:USDT,0.825,163.1,0.8249,574.7,0.8251,379.9,0.8252,680.4
1753503412200,04:16:52.200,ADA/USDT:USDT,0.825,169.6,0.8249,563.4,0.8251,389.4,0.8252,680.4
1753503412300,04:16:52.300,ADA/USDT:USDT,0.825,169.6,0.8249,563.4,0.8251,391.3,0.8252,680.4
1753503412400,04:16:52.400,ADA/USDT:USDT,0.825,169.6,0.8249,563.4,0.8251,391.3,0.8252,680.4
1753503412600,04:16:52.600,ADA/USDT:USDT,0.825,169.6,0.8249,563.4,0.8251,391.3,0.8252,680.4
1753503412800,04:16:52.800,ADA/USDT:USDT,0.825,146.2,0.8249,563.4,0.8251,392.2,0.8252,680.4
1753503413000,04:16:53.000,ADA/USDT:USDT,0.825,146.2,0.8249,563.4,0.8251,392.2,0.8252,680.4
1753503413100,04:16:53.100,ADA/USDT:USDT,0.825,146.2,0.8249,563.4,0.8251,392.2,0.8252,680.4
1753503413200,04:16:53.200,ADA/USDT:USDT,0.825,146.2,0.8249,563.4,0.8251,392.2,0.8252,680.4
1753503413300,04:16:53.300,ADA/USDT:USDT,0.825,146.2,0.8249,563.5,0.8251,392.7,0.8252,680.4
1753503413500,04:16:53.500,ADA/USDT:USDT,0.825,146.2,0.8249,563.5,0.8251,392.0,0.8252,680.4
1753503413600,04:16:53.600,ADA/USDT:USDT,0.825,146.2,0.8249,563.5,0.8251,392.3,0.8252,680.4
1753503413700,04:16:53.700,ADA/USDT:USDT,0.825,175.8,0.8249,564.7,0.8251,389.0,0.8252,679.2
1753503413800,04:16:53.800,ADA/USDT:USDT,0.825,175.8,0.8249,564.7,0.8251,385.8,0.8252,679.2
1753503413900,04:16:53.900,ADA/USDT:USDT,0.825,175.8,0.8249,564.7,0.8251,385.8,0.8252,679.2
1753503414100,04:16:54.100,ADA/USDT:USDT,0.825,378.4,0.8249,574.2,0.8251,300.6,0.8252,678.9
1753503414200,04:16:54.200,ADA/USDT:USDT,0.825,269.8,0.8249,574.2,0.8251,300.6,0.8252,678.9
1753503414300,04:16:54.300,ADA/USDT:USDT,0.825,263.4,0.8249,574.5,0.8251,300.6,0.8252,667.8
1753503414400,04:16:54.400,ADA/USDT:USDT,0.825,269.8,0.8249,574.5,0.8251,300.6,0.8252,667.8
1753503414500,04:16:54.500,ADA/USDT:USDT,0.825,269.8,0.8249,574.5,0.8251,300.6,0.8252,667.8
1753503414600,04:16:54.600,ADA/USDT:USDT,0.825,263.4,0.8249,563.5,0.8251,311.3,0.8252,667.8
1753503414700,04:16:54.700,ADA/USDT:USDT,0.825,172.2,0.8249,563.5,0.8251,318.0,0.8252,668.1
1753503414800,04:16:54.800,ADA/USDT:USDT,0.825,172.2,0.8249,563.5,0.8251,318.0,0.8252,668.1
1753503414900,04:16:54.900,ADA/USDT:USDT,0.825,172.2,0.8249,563.5,0.8251,318.0,0.8252,668.1
1753503415000,04:16:55.000,ADA/USDT:USDT,0.825,212.0,0.8249,563.5,0.8251,317.7,0.8252,668.1
1753503415100,04:16:55.100,ADA/USDT:USDT,0.825,212.0,0.8249,563.5,0.8251,318.0,0.8252,678.8
1753503415200,04:16:55.200,ADA/USDT:USDT,0.825,212.0,0.8249,563.5,0.8251,317.7,0.8252,678.8
1753503415300,04:16:55.300,ADA/USDT:USDT,0.825,212.0,0.8249,563.5,0.8251,317.7,0.8252,678.8
1753503415400,04:16:55.400,ADA/USDT:USDT,0.825,212.0,0.8249,563.5,0.8251,318.0,0.8252,678.8
1753503415500,04:16:55.500,ADA/USDT:USDT,0.825,212.0,0.8249,563.5,0.8251,317.7,0.8252,678.8
1753503415600,04:16:55.600,ADA/USDT:USDT,0.825,212.0,0.8249,563.5,0.8251,318.0,0.8252,678.8
1753503415700,04:16:55.700,ADA/USDT:USDT,0.825,212.0,0.8249,563.5,0.8251,318.0,0.8252,678.8
1753503416100,04:16:56.100,ADA/USDT:USDT,0.825,212.0,0.8249,563.5,0.8251,318.0,0.8252,678.8
1753503416300,04:16:56.300,ADA/USDT:USDT,0.825,189.6,0.8249,563.5,0.8251,185.1,0.8252,667.8
1753503416400,04:16:56.400,ADA/USDT:USDT,0.825,189.6,0.8249,563.5,0.8251,185.1,0.8252,667.8
1753503416500,04:16:56.500,ADA/USDT:USDT,0.825,209.6,0.8249,563.5,0.8251,195.8,0.8252,667.8
1753503416600,04:16:56.600,ADA/USDT:USDT,0.825,209.4,0.8249,563.5,0.8251,217.3,0.8252,668.1
1753503416800,04:16:56.800,ADA/USDT:USDT,0.825,242.2,0.8249,563.8,0.8251,165.8,0.8252,667.8
1753503416900,04:16:56.900,ADA/USDT:USDT,0.825,242.2,0.8249,563.8,0.8251,165.8,0.8252,667.8
1753503417000,04:16:57.000,ADA/USDT:USDT,0.825,234.8,0.8249,563.6,0.8251,176.5,0.8252,667.8
1753503417100,04:16:57.100,ADA/USDT:USDT,0.825,349.8,0.8249,563.6,0.8251,291.5,0.8252,667.8
1753503417200,04:16:57.200,ADA/USDT:USDT,0.825,430.9,0.8249,567.5,0.8251,46.9,0.8252,625.0
1753503417300,04:16:57.300,ADA/USDT:USDT,0.825,430.9,0.8249,567.5,0.8251,46.9,0.8252,625.0
1753503417400,04:16:57.400,ADA/USDT:USDT,0.825,434.5,0.8249,571.7,0.8251,8.3,0.8252,344.4
1753503417500,04:16:57.500,ADA/USDT:USDT,0.825,435.7,0.8249,572.9,0.8251,8.3,0.8252,41.7
1753503417600,04:16:57.600,ADA/USDT:USDT,0.825,395.9,0.8249,576.5,0.8251,8.3,0.8252,41.7
1753503417700,04:16:57.700,ADA/USDT:USDT,0.825,395.9,0.8249,576.5,0.8251,8.3,0.8252,41.7
1753503417800,04:16:57.800,ADA/USDT:USDT,0.825,395.9,0.8249,576.5,0.8251,8.3,0.8252,41.7
1753503417900,04:16:57.900,ADA/USDT:USDT,0.825,395.9,0.8249,576.9,0.8251,8.3,0.8252,41.7
