timestamp,time,symbol,bid1_price,bid1_volume,bid2_price,bid2_volume,ask1_price,ask1_volume,ask2_price,ask2_volume
1753503734104,04:22:14.104,ALGO/USDT:USDT,0.2699,1296.0,0.2698,7141.0,0.27,860.0,0.2701,3171.0
1753503734404,04:22:14.404,ALGO/USDT:USDT,0.2699,1296.0,0.2698,7141.0,0.27,942.0,0.2701,3171.0
1753503734504,04:22:14.504,ALGO/USDT:USDT,0.2699,1296.0,0.2698,7141.0,0.27,1155.0,0.2701,3171.0
1753503734804,04:22:14.804,ALGO/USDT:USDT,0.2699,235.0,0.2698,6360.0,0.27,1155.0,0.2701,3626.0
1753503734904,04:22:14.904,ALGO/USDT:USDT,0.2699,235.0,0.2698,6437.0,0.27,1155.0,0.2701,3626.0
1753503735404,04:22:15.404,ALGO/USDT:USDT,0.2699,95.0,0.2698,6437.0,0.27,1155.0,0.2701,4143.0
1753503735604,04:22:15.604,ALGO/USDT:USDT,0.2699,95.0,0.2698,6437.0,0.27,1155.0,0.2701,4198.0
1753503735904,04:22:15.904,ALGO/USDT:USDT,0.2699,215.0,0.2698,6437.0,0.27,1155.0,0.2701,4184.0
1753503736004,04:22:16.004,ALGO/USDT:USDT,0.2699,95.0,0.2698,6437.0,0.27,1155.0,0.2701,4184.0
1753503736204,04:22:16.204,ALGO/USDT:USDT,0.2699,95.0,0.2698,6437.0,0.27,1155.0,0.2701,4220.0
1753503736304,04:22:16.304,ALGO/USDT:USDT,0.2699,95.0,0.2698,6437.0,0.27,1192.0,0.2701,4220.0
1753503736504,04:22:16.504,ALGO/USDT:USDT,0.2699,95.0,0.2698,6437.0,0.27,1192.0,0.2701,4220.0
1753503736604,04:22:16.604,ALGO/USDT:USDT,0.2699,95.0,0.2698,6437.0,0.27,1192.0,0.2701,4220.0
1753503736804,04:22:16.804,ALGO/USDT:USDT,0.2699,214.0,0.2698,6650.0,0.27,1112.0,0.2701,4220.0
1753503737204,04:22:17.204,ALGO/USDT:USDT,0.2699,214.0,0.2698,6650.0,0.27,899.0,0.2701,4220.0
1753503737404,04:22:17.404,ALGO/USDT:USDT,0.2699,95.0,0.2698,6437.0,0.27,1192.0,0.2701,4256.0
1753503737604,04:22:17.604,ALGO/USDT:USDT,0.2699,95.0,0.2698,6437.0,0.27,1192.0,0.2701,4536.0
1753503737704,04:22:17.704,ALGO/USDT:USDT,0.2699,217.0,0.2698,6437.0,0.27,1192.0,0.2701,4536.0
1753503737804,04:22:17.804,ALGO/USDT:USDT,0.2699,217.0,0.2698,7319.0,0.27,899.0,0.2701,4439.0
1753503737904,04:22:17.904,ALGO/USDT:USDT,0.2699,217.0,0.2698,7319.0,0.27,899.0,0.2701,4257.0
1753503738104,04:22:18.104,ALGO/USDT:USDT,0.2699,95.0,0.2698,6650.0,0.27,1192.0,0.2701,4183.0
1753503738204,04:22:18.204,ALGO/USDT:USDT,0.2699,95.0,0.2698,6437.0,0.27,1192.0,0.2701,4183.0
1753503738304,04:22:18.304,ALGO/USDT:USDT,0.2699,95.0,0.2698,6437.0,0.27,1192.0,0.2701,4183.0
1753503738404,04:22:18.404,ALGO/USDT:USDT,0.2699,95.0,0.2698,6437.0,0.27,1192.0,0.2701,4183.0
1753503738604,04:22:18.604,ALGO/USDT:USDT,0.2699,214.0,0.2698,6437.0,0.27,1192.0,0.2701,4220.0
1753503738904,04:22:18.904,ALGO/USDT:USDT,0.2699,214.0,0.2698,7319.0,0.27,899.0,0.2701,4220.0
1753503739304,04:22:19.304,ALGO/USDT:USDT,0.2699,390.0,0.2698,7319.0,0.27,1121.0,0.2701,4129.0
1753503739404,04:22:19.404,ALGO/USDT:USDT,0.2699,393.0,0.2698,7319.0,0.27,1201.0,0.2701,4156.0
1753503739504,04:22:19.504,ALGO/USDT:USDT,0.2699,393.0,0.2698,7319.0,0.27,1201.0,0.2701,4120.0
1753503739804,04:22:19.804,ALGO/USDT:USDT,0.2699,473.0,0.2698,7319.0,0.27,1121.0,0.2701,4048.0
1753503739904,04:22:19.904,ALGO/USDT:USDT,0.2699,473.0,0.2698,7319.0,0.27,1121.0,0.2701,4048.0
1753503740304,04:22:20.304,ALGO/USDT:USDT,0.2699,473.0,0.2698,7319.0,0.27,1084.0,0.2701,3912.0
1753503740404,04:22:20.404,ALGO/USDT:USDT,0.2699,204.0,0.2698,7319.0,0.27,1084.0,0.2701,3912.0
1753503740504,04:22:20.504,ALGO/USDT:USDT,0.2699,209.0,0.2698,6650.0,0.27,1084.0,0.2701,3912.0
1753503740604,04:22:20.604,ALGO/USDT:USDT,0.2699,209.0,0.2698,6650.0,0.27,1084.0,0.2701,3912.0
1753503740804,04:22:20.804,ALGO/USDT:USDT,0.2699,211.0,0.2698,6650.0,0.27,1084.0,0.2701,3876.0
1753503741004,04:22:21.004,ALGO/USDT:USDT,0.2699,211.0,0.2698,6650.0,0.27,1084.0,0.2701,3876.0
1753503741304,04:22:21.304,ALGO/USDT:USDT,0.2699,205.0,0.2698,6437.0,0.27,1377.0,0.2701,4002.0
1753503741604,04:22:21.604,ALGO/USDT:USDT,0.2699,206.0,0.2698,6650.0,0.27,1084.0,0.2701,4002.0
1753503741804,04:22:21.804,ALGO/USDT:USDT,0.2699,291.0,0.2698,6650.0,0.27,1084.0,0.2701,4002.0
1753503741904,04:22:21.904,ALGO/USDT:USDT,0.2699,293.0,0.2698,6650.0,0.27,1084.0,0.2701,4002.0
1753503742504,04:22:22.504,ALGO/USDT:USDT,0.2699,206.0,0.2698,6650.0,0.27,1085.0,0.2701,4002.0
1753503742604,04:22:22.604,ALGO/USDT:USDT,0.2699,88.0,0.2698,6465.0,0.27,1085.0,0.2701,4002.0
1753503742704,04:22:22.704,ALGO/USDT:USDT,0.2699,88.0,0.2698,6252.0,0.27,1378.0,0.2701,4002.0
1753503743004,04:22:23.004,ALGO/USDT:USDT,0.2699,210.0,0.2698,6465.0,0.27,1085.0,0.2701,4002.0
1753503743204,04:22:23.204,ALGO/USDT:USDT,0.2699,542.0,0.2698,7134.0,0.27,1085.0,0.2701,3935.0
1753503743404,04:22:23.404,ALGO/USDT:USDT,0.2699,542.0,0.2698,7134.0,0.27,1085.0,0.2701,3935.0
1753503743604,04:22:23.604,ALGO/USDT:USDT,0.2699,542.0,0.2698,7134.0,0.27,1085.0,0.2701,3899.0
1753503744004,04:22:24.004,ALGO/USDT:USDT,0.2699,755.0,0.2698,7134.0,0.27,1085.0,0.2701,3899.0
1753503744204,04:22:24.204,ALGO/USDT:USDT,0.2699,542.0,0.2698,7134.0,0.27,1085.0,0.2701,3738.0
1753503744604,04:22:24.604,ALGO/USDT:USDT,0.2699,542.0,0.2698,7134.0,0.27,570.0,0.2701,3664.0
1753503745104,04:22:25.104,ALGO/USDT:USDT,0.2699,542.0,0.2698,7134.0,0.27,1042.0,0.2701,3664.0
1753503745204,04:22:25.204,ALGO/USDT:USDT,0.2699,462.0,0.2698,7134.0,0.27,1596.0,0.2701,3700.0
1753503745304,04:22:25.304,ALGO/USDT:USDT,0.2699,171.0,0.2698,6921.0,0.27,1596.0,0.2701,3840.0
1753503745604,04:22:25.604,ALGO/USDT:USDT,0.2699,171.0,0.2698,6252.0,0.27,1596.0,0.2701,3840.0
1753503745704,04:22:25.704,ALGO/USDT:USDT,0.2699,171.0,0.2698,6252.0,0.27,1596.0,0.2701,3948.0
1753503746104,04:22:26.104,ALGO/USDT:USDT,0.2699,171.0,0.2698,6252.0,0.27,1596.0,0.2701,3948.0
1753503746704,04:22:26.704,ALGO/USDT:USDT,0.2699,171.0,0.2698,6252.0,0.27,1596.0,0.2701,4556.0
1753503746804,04:22:26.804,ALGO/USDT:USDT,0.2699,292.0,0.2698,6252.0,0.27,1596.0,0.2701,4556.0
1753503747404,04:22:27.404,ALGO/USDT:USDT,0.2698,2856.0,0.2697,8742.0,0.2699,647.0,0.27,3565.0
1753503747504,04:22:27.504,ALGO/USDT:USDT,0.2699,556.0,0.2698,6875.0,0.27,1713.0,0.2701,4744.0
1753503747604,04:22:27.604,ALGO/USDT:USDT,0.2699,351.0,0.2698,6329.0,0.27,1715.0,0.2701,4749.0
1753503747704,04:22:27.704,ALGO/USDT:USDT,0.2699,351.0,0.2698,6330.0,0.27,1715.0,0.2701,4749.0
1753503747804,04:22:27.804,ALGO/USDT:USDT,0.2699,351.0,0.2698,6330.0,0.27,2315.0,0.2701,4712.0
1753503748604,04:22:28.604,ALGO/USDT:USDT,0.2699,351.0,0.2698,6330.0,0.27,2316.0,0.2701,4676.0
1753503748804,04:22:28.804,ALGO/USDT:USDT,0.2699,177.0,0.2698,5661.0,0.27,2609.0,0.2701,4604.0
1753503748904,04:22:28.904,ALGO/USDT:USDT,0.2699,487.0,0.2698,5645.0,0.27,2624.0,0.2701,3801.0
1753503749004,04:22:29.004,ALGO/USDT:USDT,0.2699,487.0,0.2698,6409.0,0.27,2399.0,0.2701,4129.0
1753503749204,04:22:29.204,ALGO/USDT:USDT,0.2699,254.0,0.2698,5740.0,0.27,2399.0,0.2701,4202.0
1753503749404,04:22:29.404,ALGO/USDT:USDT,0.2699,293.0,0.2698,5720.0,0.27,2399.0,0.2701,4202.0
1753503749504,04:22:29.504,ALGO/USDT:USDT,0.2699,293.0,0.2698,5720.0,0.27,2399.0,0.2701,4238.0
1753503749804,04:22:29.804,ALGO/USDT:USDT,0.2699,293.0,0.2698,5720.0,0.27,2399.0,0.2701,4238.0
1753503749904,04:22:29.904,ALGO/USDT:USDT,0.2699,419.0,0.2698,5720.0,0.27,2399.0,0.2701,4238.0
1753503750004,04:22:30.004,ALGO/USDT:USDT,0.2699,419.0,0.2698,5720.0,0.27,2399.0,0.2701,4238.0
1753503750404,04:22:30.404,ALGO/USDT:USDT,0.2698,3211.0,0.2697,8740.0,0.2699,658.0,0.27,4104.0
1753503750704,04:22:30.704,ALGO/USDT:USDT,0.2698,4024.0,0.2697,8922.0,0.2699,49.0,0.27,4104.0
1753503750804,04:22:30.804,ALGO/USDT:USDT,0.2698,4024.0,0.2697,8922.0,0.2699,49.0,0.27,4104.0
1753503750904,04:22:30.904,ALGO/USDT:USDT,0.2698,4101.0,0.2697,8922.0,0.2699,50.0,0.27,3891.0
1753503751004,04:22:31.004,ALGO/USDT:USDT,0.2698,4101.0,0.2697,8922.0,0.2699,50.0,0.27,4104.0
1753503751204,04:22:31.204,ALGO/USDT:USDT,0.2698,4254.0,0.2697,9032.0,0.2699,50.0,0.27,3891.0
1753503751304,04:22:31.304,ALGO/USDT:USDT,0.2699,1314.0,0.2698,7512.0,0.27,2243.0,0.2701,3354.0
1753503751404,04:22:31.404,ALGO/USDT:USDT,0.2699,1083.0,0.2698,6953.0,0.27,2243.0,0.2701,3369.0
1753503751804,04:22:31.804,ALGO/USDT:USDT,0.2699,1083.0,0.2698,6954.0,0.27,2456.0,0.2701,3369.0
1753503751904,04:22:31.904,ALGO/USDT:USDT,0.2699,848.0,0.2698,6954.0,0.27,2243.0,0.2701,3369.0
1753503752004,04:22:32.004,ALGO/USDT:USDT,0.2699,848.0,0.2698,6954.0,0.27,2243.0,0.2701,3369.0
1753503752204,04:22:32.204,ALGO/USDT:USDT,0.2699,986.0,0.2698,6954.0,0.27,2243.0,0.2701,3623.0
1753503752304,04:22:32.304,ALGO/USDT:USDT,0.2699,848.0,0.2698,6954.0,0.27,2243.0,0.2701,3875.0
1753503752404,04:22:32.404,ALGO/USDT:USDT,0.2699,848.0,0.2698,6954.0,0.27,2243.0,0.2701,3875.0
1753503752504,04:22:32.504,ALGO/USDT:USDT,0.2699,106.0,0.2698,6880.0,0.27,2536.0,0.2701,3911.0
1753503752604,04:22:32.604,ALGO/USDT:USDT,0.2699,229.0,0.2698,6880.0,0.27,2536.0,0.2701,4014.0
1753503752804,04:22:32.804,ALGO/USDT:USDT,0.2699,231.0,0.2698,6880.0,0.27,2536.0,0.2701,4014.0
1753503753204,04:22:33.204,ALGO/USDT:USDT,0.2699,231.0,0.2698,6880.0,0.27,2536.0,0.2701,4051.0
1753503753304,04:22:33.304,ALGO/USDT:USDT,0.2699,231.0,0.2698,6880.0,0.27,2573.0,0.2701,4159.0
1753503753504,04:22:33.504,ALGO/USDT:USDT,0.2699,231.0,0.2698,6880.0,0.27,2572.0,0.2701,4196.0
1753503754304,04:22:34.304,ALGO/USDT:USDT,0.2699,361.0,0.2698,6667.0,0.27,2279.0,0.2701,4238.0
1753503754504,04:22:34.504,ALGO/USDT:USDT,0.2699,361.0,0.2698,6667.0,0.27,2279.0,0.2701,4238.0
1753503754604,04:22:34.604,ALGO/USDT:USDT,0.2699,361.0,0.2698,6667.0,0.27,2279.0,0.2701,4238.0
1753503754704,04:22:34.704,ALGO/USDT:USDT,0.2699,104.0,0.2698,6667.0,0.27,2572.0,0.2701,4238.0
1753503754804,04:22:34.804,ALGO/USDT:USDT,0.2699,362.0,0.2698,6667.0,0.27,2279.0,0.2701,4238.0
1753503755104,04:22:35.104,ALGO/USDT:USDT,0.2699,362.0,0.2698,6667.0,0.27,2279.0,0.2701,4238.0
1753503755604,04:22:35.604,ALGO/USDT:USDT,0.2699,315.0,0.2698,6667.0,0.27,1679.0,0.2701,4238.0
1753503755704,04:22:35.704,ALGO/USDT:USDT,0.2699,1458.0,0.2698,6667.0,0.27,1679.0,0.2701,4135.0
1753503755804,04:22:35.804,ALGO/USDT:USDT,0.2699,1245.0,0.2698,6880.0,0.27,1679.0,0.2701,4135.0
1753503756204,04:22:36.204,ALGO/USDT:USDT,0.2699,1458.0,0.2698,6880.0,0.27,1679.0,0.2701,4056.0
1753503756304,04:22:36.304,ALGO/USDT:USDT,0.2699,1245.0,0.2698,6880.0,0.27,1642.0,0.2701,3374.0
1753503756704,04:22:36.704,ALGO/USDT:USDT,0.2699,1458.0,0.2698,6880.0,0.27,1642.0,0.2701,3374.0
1753503756804,04:22:36.804,ALGO/USDT:USDT,0.2699,1538.0,0.2698,6880.0,0.27,1642.0,0.2701,3338.0
1753503757304,04:22:37.304,ALGO/USDT:USDT,0.2699,1458.0,0.2698,6880.0,0.27,1642.0,0.2701,3338.0
1753503757604,04:22:37.604,ALGO/USDT:USDT,0.2699,1245.0,0.2698,6880.0,0.27,1642.0,0.2701,3338.0
1753503758104,04:22:38.104,ALGO/USDT:USDT,0.2699,1458.0,0.2698,6972.0,0.27,1642.0,0.2701,3338.0
1753503758204,04:22:38.204,ALGO/USDT:USDT,0.2699,1165.0,0.2698,6880.0,0.27,1642.0,0.2701,3338.0
1753503758304,04:22:38.304,ALGO/USDT:USDT,0.2699,1245.0,0.2698,6880.0,0.27,1641.0,0.2701,3338.0
1753503758404,04:22:38.404,ALGO/USDT:USDT,0.2699,1245.0,0.2698,6880.0,0.27,1641.0,0.2701,3338.0
1753503758604,04:22:38.604,ALGO/USDT:USDT,0.2699,1245.0,0.2698,6880.0,0.27,1641.0,0.2701,3338.0
1753503758704,04:22:38.704,ALGO/USDT:USDT,0.2699,1165.0,0.2698,6880.0,0.27,1641.0,0.2701,3338.0
1753503758904,04:22:38.904,ALGO/USDT:USDT,0.2699,1378.0,0.2698,6880.0,0.27,1641.0,0.2701,3338.0
1753503759004,04:22:39.004,ALGO/USDT:USDT,0.2699,1165.0,0.2698,6880.0,0.27,1641.0,0.2701,3338.0
1753503759304,04:22:39.304,ALGO/USDT:USDT,0.2699,1245.0,0.2698,6880.0,0.27,1641.0,0.2701,3338.0
1753503759404,04:22:39.404,ALGO/USDT:USDT,0.2699,1538.0,0.2698,6880.0,0.27,1641.0,0.2701,3338.0
1753503759604,04:22:39.604,ALGO/USDT:USDT,0.2699,1245.0,0.2698,6880.0,0.27,1302.0,0.2701,3938.0
1753503760104,04:22:40.104,ALGO/USDT:USDT,0.2699,1165.0,0.2698,6880.0,0.27,1302.0,0.2701,3938.0
1753503760204,04:22:40.204,ALGO/USDT:USDT,0.2699,1165.0,0.2698,6880.0,0.27,1302.0,0.2701,3902.0
1753503760304,04:22:40.304,ALGO/USDT:USDT,0.2699,1245.0,0.2698,6880.0,0.27,1302.0,0.2701,3866.0
1753503760404,04:22:40.404,ALGO/USDT:USDT,0.2699,1165.0,0.2698,7583.0,0.27,1302.0,0.2701,3866.0
1753503760504,04:22:40.504,ALGO/USDT:USDT,0.2699,1165.0,0.2698,7583.0,0.27,1302.0,0.2701,3866.0
1753503760704,04:22:40.704,ALGO/USDT:USDT,0.2699,565.0,0.2698,7583.0,0.27,1302.0,0.2701,3866.0
1753503761204,04:22:41.204,ALGO/USDT:USDT,0.2699,565.0,0.2698,7583.0,0.27,1302.0,0.2701,3902.0
1753503761504,04:22:41.504,ALGO/USDT:USDT,0.2699,858.0,0.2698,7583.0,0.27,1302.0,0.2701,3938.0
1753503761604,04:22:41.604,ALGO/USDT:USDT,0.2699,645.0,0.2698,7583.0,0.27,1302.0,0.2701,3938.0
1753503761704,04:22:41.704,ALGO/USDT:USDT,0.2699,282.0,0.2698,7583.0,0.27,1896.0,0.2701,4046.0
1753503761804,04:22:41.804,ALGO/USDT:USDT,0.2699,282.0,0.2698,7417.0,0.27,1896.0,0.2701,4221.0
1753503761904,04:22:41.904,ALGO/USDT:USDT,0.2699,171.0,0.2698,6045.0,0.27,2189.0,0.2701,4586.0
1753503762104,04:22:42.104,ALGO/USDT:USDT,0.2699,173.0,0.2698,6045.0,0.27,2189.0,0.2701,4877.0
1753503762204,04:22:42.204,ALGO/USDT:USDT,0.2699,173.0,0.2698,6045.0,0.27,2189.0,0.2701,4949.0
1753503762304,04:22:42.304,ALGO/USDT:USDT,0.2699,173.0,0.2698,5832.0,0.27,2226.0,0.2701,5130.0
1753503762404,04:22:42.404,ALGO/USDT:USDT,0.2699,173.0,0.2698,5832.0,0.27,2226.0,0.2701,5130.0
1753503762604,04:22:42.604,ALGO/USDT:USDT,0.2699,173.0,0.2698,5832.0,0.27,2826.0,0.2701,5166.0
1753503762704,04:22:42.704,ALGO/USDT:USDT,0.2699,173.0,0.2698,5832.0,0.27,2826.0,0.2701,5166.0
1753503762804,04:22:42.804,ALGO/USDT:USDT,0.2699,173.0,0.2698,5832.0,0.27,2826.0,0.2701,5240.0
1753503762904,04:22:42.904,ALGO/USDT:USDT,0.2699,173.0,0.2698,5832.0,0.27,2826.0,0.2701,5384.0
1753503763104,04:22:43.104,ALGO/USDT:USDT,0.2699,173.0,0.2698,5832.0,0.27,2826.0,0.2701,5420.0
1753503763304,04:22:43.304,ALGO/USDT:USDT,0.2699,173.0,0.2698,5832.0,0.27,2826.0,0.2701,5528.0
1753503763504,04:22:43.504,ALGO/USDT:USDT,0.2699,173.0,0.2698,5832.0,0.27,3302.0,0.2701,5661.0
1753503763804,04:22:43.804,ALGO/USDT:USDT,0.2699,173.0,0.2698,5327.0,0.27,3302.0,0.2701,5697.0
1753503763904,04:22:43.904,ALGO/USDT:USDT,0.2699,298.0,0.2698,5869.0,0.27,3302.0,0.2701,5697.0
1753503764504,04:22:44.504,ALGO/USDT:USDT,0.2699,298.0,0.2698,5869.0,0.27,3100.0,0.2701,6036.0
1753503764604,04:22:44.604,ALGO/USDT:USDT,0.2699,298.0,0.2698,5869.0,0.27,3313.0,0.2701,6036.0
1753503764704,04:22:44.704,ALGO/USDT:USDT,0.2699,298.0,0.2698,5869.0,0.27,3277.0,0.2701,6036.0
1753503764904,04:22:44.904,ALGO/USDT:USDT,0.2699,298.0,0.2698,5869.0,0.27,3064.0,0.2701,5787.0
1753503765104,04:22:45.104,ALGO/USDT:USDT,0.2699,308.0,0.2698,5869.0,0.27,3277.0,0.2701,5690.0
1753503765204,04:22:45.204,ALGO/USDT:USDT,0.2699,308.0,0.2698,5869.0,0.27,3277.0,0.2701,5654.0
1753503765304,04:22:45.304,ALGO/USDT:USDT,0.2699,308.0,0.2698,5869.0,0.27,3277.0,0.2701,5618.0
1753503765804,04:22:45.804,ALGO/USDT:USDT,0.2698,3290.0,0.2697,6652.0,0.2699,293.0,0.27,5203.0
1753503766204,04:22:46.204,ALGO/USDT:USDT,0.2698,3290.0,0.2697,6652.0,0.2699,293.0,0.27,5203.0
1753503766504,04:22:46.504,ALGO/USDT:USDT,0.2698,3290.0,0.2697,6688.0,0.2699,256.0,0.27,5131.0
1753503766804,04:22:46.804,ALGO/USDT:USDT,0.2698,3254.0,0.2697,6688.0,0.2699,336.0,0.27,5131.0
1753503767404,04:22:47.404,ALGO/USDT:USDT,0.2698,3254.0,0.2697,6938.0,0.2699,256.0,0.27,5344.0
1753503767604,04:22:47.604,ALGO/USDT:USDT,0.2698,3254.0,0.2697,6902.0,0.2699,462.0,0.27,5344.0
1753503767904,04:22:47.904,ALGO/USDT:USDT,0.2698,3254.0,0.2697,6865.0,0.2699,462.0,0.27,5344.0
1753503768304,04:22:48.304,ALGO/USDT:USDT,0.2698,3254.0,0.2697,6829.0,0.2699,1487.0,0.27,4318.0
1753503769304,04:22:49.304,ALGO/USDT:USDT,0.2698,3254.0,0.2697,6829.0,0.2699,1487.0,0.27,4318.0
1753503770104,04:22:50.104,ALGO/USDT:USDT,0.2698,2755.0,0.2697,6829.0,0.2699,1487.0,0.27,4318.0
1753503770204,04:22:50.204,ALGO/USDT:USDT,0.2698,2755.0,0.2697,6829.0,0.2699,1487.0,0.27,4354.0
1753503770604,04:22:50.604,ALGO/USDT:USDT,0.2698,2755.0,0.2697,6829.0,0.2699,1487.0,0.27,4354.0
1753503770704,04:22:50.704,ALGO/USDT:USDT,0.2698,361.0,0.2697,4699.0,0.2699,1780.0,0.27,4668.0
1753503770804,04:22:50.804,ALGO/USDT:USDT,0.2698,338.0,0.2697,5858.0,0.2699,1780.0,0.27,4668.0
1753503770904,04:22:50.904,ALGO/USDT:USDT,0.2698,203.0,0.2697,5189.0,0.2699,1780.0,0.27,4809.0
1753503771204,04:22:51.204,ALGO/USDT:USDT,0.2698,205.0,0.2697,5858.0,0.2699,1853.0,0.27,4845.0
1753503771504,04:22:51.504,ALGO/USDT:USDT,0.2698,214.0,0.2697,5189.0,0.2699,2831.0,0.27,5167.0
1753503771804,04:22:51.804,ALGO/USDT:USDT,0.2698,214.0,0.2697,5189.0,0.2699,2831.0,0.27,5167.0
1753503772004,04:22:52.004,ALGO/USDT:USDT,0.2698,809.0,0.2697,5858.0,0.2699,2831.0,0.27,5094.0
1753503772104,04:22:52.104,ALGO/USDT:USDT,0.2698,809.0,0.2697,5821.0,0.2699,2795.0,0.27,5094.0
1753503772204,04:22:52.204,ALGO/USDT:USDT,0.2698,809.0,0.2697,5821.0,0.2699,2795.0,0.27,4949.0
1753503772304,04:22:52.304,ALGO/USDT:USDT,0.2698,889.0,0.2697,5821.0,0.2699,2502.0,0.27,4912.0
1753503772404,04:22:52.404,ALGO/USDT:USDT,0.2698,809.0,0.2697,5821.0,0.2699,2502.0,0.27,4875.0
1753503772704,04:22:52.704,ALGO/USDT:USDT,0.2698,809.0,0.2697,5821.0,0.2699,2795.0,0.27,4801.0
1753503772804,04:22:52.804,ALGO/USDT:USDT,0.2698,315.0,0.2697,5821.0,0.2699,2795.0,0.27,4801.0
1753503773004,04:22:53.004,ALGO/USDT:USDT,0.2698,401.0,0.2697,5821.0,0.2699,2795.0,0.27,4801.0
1753503773104,04:22:53.104,ALGO/USDT:USDT,0.2698,315.0,0.2697,5821.0,0.2699,2800.0,0.27,4801.0
1753503773404,04:22:53.404,ALGO/USDT:USDT,0.2698,315.0,0.2697,4247.0,0.2699,2836.0,0.27,5254.0
1753503773604,04:22:53.604,ALGO/USDT:USDT,0.2698,203.0,0.2697,4247.0,0.2699,2873.0,0.27,5362.0
1753503773704,04:22:53.704,ALGO/USDT:USDT,0.2698,203.0,0.2697,4962.0,0.2699,2873.0,0.27,5362.0
1753503773904,04:22:53.904,ALGO/USDT:USDT,0.2698,203.0,0.2697,4962.0,0.2699,2873.0,0.27,5362.0
1753503774304,04:22:54.304,ALGO/USDT:USDT,0.2698,2460.0,0.2697,7490.0,0.2699,1334.0,0.27,3993.0
1753503774604,04:22:54.604,ALGO/USDT:USDT,0.2698,2460.0,0.2697,7308.0,0.2699,1334.0,0.27,3993.0
1753503774704,04:22:54.704,ALGO/USDT:USDT,0.2698,2460.0,0.2697,7308.0,0.2699,1334.0,0.27,3993.0
1753503774904,04:22:54.904,ALGO/USDT:USDT,0.2698,2312.0,0.2697,7272.0,0.2699,1334.0,0.27,3993.0
1753503775004,04:22:55.004,ALGO/USDT:USDT,0.2698,2176.0,0.2697,7272.0,0.2699,1334.0,0.27,3993.0
1753503775104,04:22:55.104,ALGO/USDT:USDT,0.2698,2389.0,0.2697,7272.0,0.2699,1334.0,0.27,3993.0
1753503776804,04:22:56.804,ALGO/USDT:USDT,0.2698,2389.0,0.2697,7299.0,0.2699,1896.0,0.27,3216.0
1753503778104,04:22:58.104,ALGO/USDT:USDT,0.2698,2389.0,0.2697,7299.0,0.2699,1896.0,0.27,3216.0
1753503778204,04:22:58.204,ALGO/USDT:USDT,0.2698,2315.0,0.2697,7299.0,0.2699,1896.0,0.27,3216.0
1753503778604,04:22:58.604,ALGO/USDT:USDT,0.2698,2351.0,0.2697,7554.0,0.2699,1890.0,0.27,3216.0
1753503778704,04:22:58.704,ALGO/USDT:USDT,0.2698,2351.0,0.2697,7590.0,0.2699,1890.0,0.27,2616.0
1753503779004,04:22:59.004,ALGO/USDT:USDT,0.2698,2425.0,0.2697,7626.0,0.2699,1890.0,0.27,2616.0
1753503779404,04:22:59.404,ALGO/USDT:USDT,0.2698,2425.0,0.2697,7662.0,0.2699,1891.0,0.27,2616.0
1753503779604,04:22:59.604,ALGO/USDT:USDT,0.2698,2425.0,0.2697,7669.0,0.2699,1891.0,0.27,2616.0
1753503779804,04:22:59.804,ALGO/USDT:USDT,0.2698,2461.0,0.2697,7742.0,0.2699,1891.0,0.27,2616.0
1753503779904,04:22:59.904,ALGO/USDT:USDT,0.2698,2461.0,0.2697,7742.0,0.2699,1891.0,0.27,2616.0
1753503780104,04:23:00.104,ALGO/USDT:USDT,0.2698,2461.0,0.2697,8444.0,0.2699,1891.0,0.27,2613.0
1753503780204,04:23:00.204,ALGO/USDT:USDT,0.2698,2498.0,0.2697,8111.0,0.2699,1891.0,0.27,2613.0
1753503781004,04:23:01.004,ALGO/USDT:USDT,0.2699,2145.0,0.2698,8715.0,0.27,421.0,0.2701,3759.0
1753503781104,04:23:01.104,ALGO/USDT:USDT,0.2699,1898.0,0.2698,8306.0,0.27,553.0,0.2701,3774.0
1753503781404,04:23:01.404,ALGO/USDT:USDT,0.2699,2111.0,0.2698,8234.0,0.27,553.0,0.2701,3774.0
1753503781904,04:23:01.904,ALGO/USDT:USDT,0.2699,2111.0,0.2698,8234.0,0.27,452.0,0.2701,3774.0
1753503782004,04:23:02.004,ALGO/USDT:USDT,0.2699,1898.0,0.2698,8447.0,0.27,532.0,0.2701,3774.0
1753503782104,04:23:02.104,ALGO/USDT:USDT,0.2699,1818.0,0.2698,8447.0,0.27,532.0,0.2701,3774.0
1753503782304,04:23:02.304,ALGO/USDT:USDT,0.2699,1818.0,0.2698,8447.0,0.27,532.0,0.2701,3987.0
1753503782404,04:23:02.404,ALGO/USDT:USDT,0.2699,1818.0,0.2698,8447.0,0.27,533.0,0.2701,3987.0
1753503782704,04:23:02.704,ALGO/USDT:USDT,0.2699,1818.0,0.2698,8447.0,0.27,533.0,0.2701,3987.0
1753503782904,04:23:02.904,ALGO/USDT:USDT,0.2699,1672.0,0.2698,7975.0,0.27,826.0,0.2701,3987.0
1753503783304,04:23:03.304,ALGO/USDT:USDT,0.2699,947.0,0.2698,7930.0,0.27,826.0,0.2701,3987.0
1753503783704,04:23:03.704,ALGO/USDT:USDT,0.2699,467.0,0.2698,6281.0,0.27,1426.0,0.2701,4127.0
1753503783804,04:23:03.804,ALGO/USDT:USDT,0.2699,467.0,0.2698,6281.0,0.27,1426.0,0.2701,4127.0
1753503783904,04:23:03.904,ALGO/USDT:USDT,0.2699,557.0,0.2698,6281.0,0.27,1346.0,0.2701,4127.0
1753503784104,04:23:04.104,ALGO/USDT:USDT,0.2699,447.0,0.2698,6281.0,0.27,1346.0,0.2701,4127.0
1753503784204,04:23:04.204,ALGO/USDT:USDT,0.2699,441.0,0.2698,6281.0,0.27,1426.0,0.2701,4163.0
1753503784704,04:23:04.704,ALGO/USDT:USDT,0.2699,446.0,0.2698,6281.0,0.27,1133.0,0.2701,4199.0
1753503784804,04:23:04.804,ALGO/USDT:USDT,0.2699,446.0,0.2698,6281.0,0.27,1426.0,0.2701,4199.0
1753503784904,04:23:04.904,ALGO/USDT:USDT,0.2699,447.0,0.2698,6281.0,0.27,1426.0,0.2701,4199.0
1753503785104,04:23:05.104,ALGO/USDT:USDT,0.2699,447.0,0.2698,6281.0,0.27,1346.0,0.2701,4199.0
1753503785204,04:23:05.204,ALGO/USDT:USDT,0.2699,453.0,0.2698,6281.0,0.27,1133.0,0.2701,4199.0
1753503785404,04:23:05.404,ALGO/USDT:USDT,0.2699,457.0,0.2698,6281.0,0.27,1431.0,0.2701,4199.0
1753503785704,04:23:05.704,ALGO/USDT:USDT,0.2698,2282.0,0.2697,7359.0,0.2699,254.0,0.27,3049.0
1753503785804,04:23:05.804,ALGO/USDT:USDT,0.2698,2273.0,0.2697,6744.0,0.2699,256.0,0.27,3743.0
1753503786104,04:23:06.104,ALGO/USDT:USDT,0.2698,2273.0,0.2697,6744.0,0.2699,336.0,0.27,3742.0
1753503786204,04:23:06.204,ALGO/USDT:USDT,0.2698,1544.0,0.2697,7210.0,0.2699,344.0,0.27,3742.0
1753503786404,04:23:06.404,ALGO/USDT:USDT,0.2698,1544.0,0.2697,7253.0,0.2699,473.0,0.27,3742.0
1753503786504,04:23:06.504,ALGO/USDT:USDT,0.2698,1618.0,0.2697,7253.0,0.2699,266.0,0.27,3742.0
1753503786604,04:23:06.604,ALGO/USDT:USDT,0.2698,1618.0,0.2697,7289.0,0.2699,266.0,0.27,2752.0
1753503786704,04:23:06.704,ALGO/USDT:USDT,0.2698,1997.0,0.2697,7289.0,0.2699,266.0,0.27,2459.0
1753503787004,04:23:07.004,ALGO/USDT:USDT,0.2698,1544.0,0.2697,7253.0,0.2699,470.0,0.27,2672.0
1753503787304,04:23:07.304,ALGO/USDT:USDT,0.2698,1544.0,0.2697,7181.0,0.2699,470.0,0.27,2672.0
1753503787504,04:23:07.504,ALGO/USDT:USDT,0.2698,1282.0,0.2697,6867.0,0.2699,763.0,0.27,2672.0
1753503787604,04:23:07.604,ALGO/USDT:USDT,0.2698,1282.0,0.2697,6490.0,0.2699,550.0,0.27,2672.0
1753503788104,04:23:08.104,ALGO/USDT:USDT,0.2698,1356.0,0.2697,6675.0,0.2699,470.0,0.27,2672.0
1753503788204,04:23:08.204,ALGO/USDT:USDT,0.2698,1356.0,0.2697,6675.0,0.2699,470.0,0.27,2672.0
1753503788504,04:23:08.504,ALGO/USDT:USDT,0.2698,1356.0,0.2697,6675.0,0.2699,473.0,0.27,2671.0
1753503788704,04:23:08.704,ALGO/USDT:USDT,0.2698,1356.0,0.2697,6675.0,0.2699,473.0,0.27,2671.0
1753503789004,04:23:09.004,ALGO/USDT:USDT,0.2698,1282.0,0.2697,6490.0,0.2699,473.0,0.27,2671.0
1753503789304,04:23:09.304,ALGO/USDT:USDT,0.2698,2011.0,0.2697,8411.0,0.2699,269.0,0.27,2671.0
1753503789404,04:23:09.404,ALGO/USDT:USDT,0.2698,2011.0,0.2697,8226.0,0.2699,269.0,0.27,2671.0
1753503789504,04:23:09.504,ALGO/USDT:USDT,0.2698,2011.0,0.2697,8411.0,0.2699,395.0,0.27,2671.0
1753503789704,04:23:09.704,ALGO/USDT:USDT,0.2698,2011.0,0.2697,8411.0,0.2699,395.0,0.27,2670.0
1753503789804,04:23:09.804,ALGO/USDT:USDT,0.2698,1798.0,0.2697,8411.0,0.2699,402.0,0.27,2670.0
1753503789904,04:23:09.904,ALGO/USDT:USDT,0.2698,1798.0,0.2697,8411.0,0.2699,402.0,0.27,2670.0
1753503790004,04:23:10.004,ALGO/USDT:USDT,0.2698,1718.0,0.2697,8411.0,0.2699,482.0,0.27,2670.0
1753503790204,04:23:10.204,ALGO/USDT:USDT,0.2698,1718.0,0.2697,8411.0,0.2699,482.0,0.27,2670.0
1753503790404,04:23:10.404,ALGO/USDT:USDT,0.2698,1718.0,0.2697,8411.0,0.2699,482.0,0.27,2670.0
1753503790604,04:23:10.604,ALGO/USDT:USDT,0.2698,1710.0,0.2697,8226.0,0.2699,482.0,0.27,2670.0
1753503791204,04:23:11.204,ALGO/USDT:USDT,0.2698,1790.0,0.2697,9115.0,0.2699,503.0,0.27,2670.0
1753503791504,04:23:11.504,ALGO/USDT:USDT,0.2698,2000.0,0.2697,9122.0,0.2699,503.0,0.27,2670.0
1753503791704,04:23:11.704,ALGO/USDT:USDT,0.2698,2000.0,0.2697,9122.0,0.2699,503.0,0.27,2670.0
1753503791804,04:23:11.804,ALGO/USDT:USDT,0.2698,2000.0,0.2697,9122.0,0.2699,503.0,0.27,2670.0
1753503791904,04:23:11.904,ALGO/USDT:USDT,0.2698,1787.0,0.2697,9122.0,0.2699,503.0,0.27,2670.0
1753503792604,04:23:12.604,ALGO/USDT:USDT,0.2698,1787.0,0.2697,8937.0,0.2699,583.0,0.27,2670.0
1753503792804,04:23:12.804,ALGO/USDT:USDT,0.2698,1633.0,0.2697,8937.0,0.2699,796.0,0.27,2670.0
1753503793104,04:23:13.104,ALGO/USDT:USDT,0.2698,1633.0,0.2697,8937.0,0.2699,876.0,0.27,2670.0
1753503793204,04:23:13.204,ALGO/USDT:USDT,0.2698,1633.0,0.2697,8937.0,0.2699,876.0,0.27,2670.0
1753503793304,04:23:13.304,ALGO/USDT:USDT,0.2698,1633.0,0.2697,8894.0,0.2699,876.0,0.27,2670.0
1753503793504,04:23:13.504,ALGO/USDT:USDT,0.2698,1633.0,0.2697,8894.0,0.2699,876.0,0.27,2670.0
1753503793804,04:23:13.804,ALGO/USDT:USDT,0.2698,1375.0,0.2697,8040.0,0.2699,876.0,0.27,2670.0
1753503794104,04:23:14.104,ALGO/USDT:USDT,0.2698,1487.0,0.2697,8040.0,0.2699,663.0,0.27,2670.0
1753503794404,04:23:14.404,ALGO/USDT:USDT,0.2698,443.0,0.2697,6734.0,0.2699,876.0,0.27,2868.0
1753503794504,04:23:14.504,ALGO/USDT:USDT,0.2698,443.0,0.2697,6734.0,0.2699,876.0,0.27,2868.0
1753503794904,04:23:14.904,ALGO/USDT:USDT,0.2698,443.0,0.2697,7438.0,0.2699,876.0,0.27,2872.0
1753503795004,04:23:15.004,ALGO/USDT:USDT,0.2698,443.0,0.2697,7438.0,0.2699,876.0,0.27,2872.0
1753503795104,04:23:15.104,ALGO/USDT:USDT,0.2698,355.0,0.2697,7438.0,0.2699,876.0,0.27,2872.0
1753503795204,04:23:15.204,ALGO/USDT:USDT,0.2698,355.0,0.2697,5887.0,0.2699,880.0,0.27,2908.0
1753503795304,04:23:15.304,ALGO/USDT:USDT,0.2698,355.0,0.2697,5887.0,0.2699,880.0,0.27,2980.0
1753503795704,04:23:15.704,ALGO/USDT:USDT,0.2698,442.0,0.2697,5887.0,0.2699,880.0,0.27,2980.0
1753503795904,04:23:15.904,ALGO/USDT:USDT,0.2698,442.0,0.2697,5887.0,0.2699,880.0,0.27,2980.0
1753503796004,04:23:16.004,ALGO/USDT:USDT,0.2698,442.0,0.2697,6100.0,0.2699,667.0,0.27,2980.0
1753503796204,04:23:16.204,ALGO/USDT:USDT,0.2698,442.0,0.2697,6100.0,0.2699,667.0,0.27,2980.0
1753503796404,04:23:16.404,ALGO/USDT:USDT,0.2698,442.0,0.2697,6769.0,0.2699,587.0,0.27,2944.0
1753503797704,04:23:17.704,ALGO/USDT:USDT,0.2698,442.0,0.2697,6100.0,0.2699,667.0,0.27,2841.0
1753503797804,04:23:17.804,ALGO/USDT:USDT,0.2698,442.0,0.2697,6100.0,0.2699,668.0,0.27,2841.0
1753503798004,04:23:18.004,ALGO/USDT:USDT,0.2698,442.0,0.2697,5887.0,0.2699,881.0,0.27,2877.0
1753503798304,04:23:18.304,ALGO/USDT:USDT,0.2698,442.0,0.2697,5887.0,0.2699,881.0,0.27,2913.0
1753503798404,04:23:18.404,ALGO/USDT:USDT,0.2698,442.0,0.2697,5887.0,0.2699,881.0,0.27,2949.0
1753503798604,04:23:18.604,ALGO/USDT:USDT,0.2698,442.0,0.2697,5887.0,0.2699,881.0,0.27,2913.0
1753503798704,04:23:18.704,ALGO/USDT:USDT,0.2698,442.0,0.2697,6769.0,0.2699,588.0,0.27,2913.0
1753503798804,04:23:18.804,ALGO/USDT:USDT,0.2698,522.0,0.2697,6769.0,0.2699,588.0,0.27,2877.0
1753503798904,04:23:18.904,ALGO/USDT:USDT,0.2698,522.0,0.2697,6769.0,0.2699,588.0,0.27,2877.0
1753503799004,04:23:19.004,ALGO/USDT:USDT,0.2698,355.0,0.2697,5887.0,0.2699,881.0,0.27,2913.0
1753503799104,04:23:19.104,ALGO/USDT:USDT,0.2698,444.0,0.2697,5887.0,0.2699,881.0,0.27,2913.0
1753503799204,04:23:19.204,ALGO/USDT:USDT,0.2698,444.0,0.2697,6769.0,0.2699,731.0,0.27,2913.0
1753503799304,04:23:19.304,ALGO/USDT:USDT,0.2698,444.0,0.2697,6769.0,0.2699,731.0,0.27,2913.0
1753503799404,04:23:19.404,ALGO/USDT:USDT,0.2698,444.0,0.2697,6769.0,0.2699,944.0,0.27,2913.0
1753503799604,04:23:19.604,ALGO/USDT:USDT,0.2698,444.0,0.2697,6100.0,0.2699,944.0,0.27,2913.0
1753503799704,04:23:19.704,ALGO/USDT:USDT,0.2698,444.0,0.2697,6100.0,0.2699,944.0,0.27,2913.0
1753503800004,04:23:20.004,ALGO/USDT:USDT,0.2698,444.0,0.2697,6100.0,0.2699,944.0,0.27,2913.0
1753503800104,04:23:20.104,ALGO/USDT:USDT,0.2698,444.0,0.2697,6100.0,0.2699,731.0,0.27,2913.0
1753503800504,04:23:20.504,ALGO/USDT:USDT,0.2698,451.0,0.2697,6100.0,0.2699,728.0,0.27,2949.0
1753503800604,04:23:20.604,ALGO/USDT:USDT,0.2698,355.0,0.2697,5887.0,0.2699,1104.0,0.27,2949.0
1753503800704,04:23:20.704,ALGO/USDT:USDT,0.2698,355.0,0.2697,5887.0,0.2699,1104.0,0.27,2949.0
1753503800804,04:23:20.804,ALGO/USDT:USDT,0.2698,445.0,0.2697,6100.0,0.2699,811.0,0.27,2949.0
1753503800904,04:23:20.904,ALGO/USDT:USDT,0.2698,445.0,0.2697,6769.0,0.2699,811.0,0.27,2949.0
1753503801204,04:23:21.204,ALGO/USDT:USDT,0.2698,346.0,0.2697,5887.0,0.2699,1104.0,0.27,2949.0
1753503801504,04:23:21.504,ALGO/USDT:USDT,0.2698,346.0,0.2697,5887.0,0.2699,1104.0,0.27,2949.0
1753503801704,04:23:21.704,ALGO/USDT:USDT,0.2698,346.0,0.2697,5887.0,0.2699,1104.0,0.27,2949.0
1753503802204,04:23:22.204,ALGO/USDT:USDT,0.2698,346.0,0.2697,5887.0,0.2699,1177.0,0.27,2985.0
1753503802304,04:23:22.304,ALGO/USDT:USDT,0.2698,346.0,0.2697,5887.0,0.2699,1177.0,0.27,3021.0
1753503803504,04:23:23.504,ALGO/USDT:USDT,0.2698,437.0,0.2697,5887.0,0.2699,1177.0,0.27,3021.0
1753503803704,04:23:23.704,ALGO/USDT:USDT,0.2698,437.0,0.2697,5887.0,0.2699,1177.0,0.27,3021.0
1753503804004,04:23:24.004,ALGO/USDT:USDT,0.2698,437.0,0.2697,6814.0,0.2699,964.0,0.27,3021.0
1753503804204,04:23:24.204,ALGO/USDT:USDT,0.2698,437.0,0.2697,6814.0,0.2699,1177.0,0.27,3160.0
1753503804304,04:23:24.304,ALGO/USDT:USDT,0.2698,437.0,0.2697,6814.0,0.2699,1177.0,0.27,3160.0
1753503804704,04:23:24.704,ALGO/USDT:USDT,0.2698,437.0,0.2697,6110.0,0.2699,1177.0,0.27,3160.0
1753503804804,04:23:24.804,ALGO/USDT:USDT,0.2698,437.0,0.2697,6110.0,0.2699,1177.0,0.27,3160.0
1753503805204,04:23:25.204,ALGO/USDT:USDT,0.2698,437.0,0.2697,6110.0,0.2699,1224.0,0.27,3197.0
1753503805304,04:23:25.304,ALGO/USDT:USDT,0.2698,437.0,0.2697,6046.0,0.2699,1224.0,0.27,3269.0
1753503805604,04:23:25.604,ALGO/USDT:USDT,0.2698,437.0,0.2697,6046.0,0.2699,1224.0,0.27,3434.0
1753503805704,04:23:25.704,ALGO/USDT:USDT,0.2698,437.0,0.2697,6046.0,0.2699,1224.0,0.27,3434.0
1753503806504,04:23:26.504,ALGO/USDT:USDT,0.2698,437.0,0.2697,6046.0,0.2699,1224.0,0.27,3434.0
1753503806804,04:23:26.804,ALGO/USDT:USDT,0.2698,437.0,0.2697,6259.0,0.2699,1011.0,0.27,3434.0
1753503807504,04:23:27.504,ALGO/USDT:USDT,0.2698,437.0,0.2697,5396.0,0.2699,1011.0,0.27,3434.0
1753503807604,04:23:27.604,ALGO/USDT:USDT,0.2698,437.0,0.2697,6046.0,0.2699,1224.0,0.27,3434.0
1753503808404,04:23:28.404,ALGO/USDT:USDT,0.2698,437.0,0.2697,6046.0,0.2699,1224.0,0.27,3470.0
1753503808604,04:23:28.604,ALGO/USDT:USDT,0.2698,437.0,0.2697,6046.0,0.2699,1224.0,0.27,3470.0
1753503808704,04:23:28.704,ALGO/USDT:USDT,0.2698,437.0,0.2697,6046.0,0.2699,1224.0,0.27,3470.0
1753503809304,04:23:29.304,ALGO/USDT:USDT,0.2698,456.0,0.2697,6046.0,0.2699,1225.0,0.27,3470.0
1753503809704,04:23:29.704,ALGO/USDT:USDT,0.2698,343.0,0.2697,6046.0,0.2699,932.0,0.27,3470.0
1753503809904,04:23:29.904,ALGO/USDT:USDT,0.2698,343.0,0.2697,6259.0,0.2699,932.0,0.27,3470.0
1753503810004,04:23:30.004,ALGO/USDT:USDT,0.2698,343.0,0.2697,6259.0,0.2699,932.0,0.27,3470.0
1753503810104,04:23:30.104,ALGO/USDT:USDT,0.2698,343.0,0.2697,6259.0,0.2699,932.0,0.27,3470.0
1753503810204,04:23:30.204,ALGO/USDT:USDT,0.2698,343.0,0.2697,6046.0,0.2699,1225.0,0.27,3470.0
1753503810404,04:23:30.404,ALGO/USDT:USDT,0.2698,343.0,0.2697,6046.0,0.2699,1224.0,0.27,3470.0
1753503810604,04:23:30.604,ALGO/USDT:USDT,0.2698,341.0,0.2697,6046.0,0.2699,1224.0,0.27,3689.0
1753503811004,04:23:31.004,ALGO/USDT:USDT,0.2698,341.0,0.2697,6046.0,0.2699,1224.0,0.27,3725.0
1753503811204,04:23:31.204,ALGO/USDT:USDT,0.2698,341.0,0.2697,6046.0,0.2699,1224.0,0.27,3725.0
1753503811504,04:23:31.504,ALGO/USDT:USDT,0.2698,341.0,0.2697,6259.0,0.2699,1011.0,0.27,3651.0
1753503811604,04:23:31.604,ALGO/USDT:USDT,0.2698,341.0,0.2697,6259.0,0.2699,931.0,0.27,3651.0
1753503811704,04:23:31.704,ALGO/USDT:USDT,0.2698,341.0,0.2697,6046.0,0.2699,1224.0,0.27,3651.0
1753503811804,04:23:31.804,ALGO/USDT:USDT,0.2698,341.0,0.2697,6259.0,0.2699,1224.0,0.27,3651.0
1753503812004,04:23:32.004,ALGO/USDT:USDT,0.2698,252.0,0.2697,6259.0,0.2699,1224.0,0.27,3678.0
1753503812104,04:23:32.104,ALGO/USDT:USDT,0.2698,342.0,0.2697,6259.0,0.2699,1224.0,0.27,3678.0
1753503812204,04:23:32.204,ALGO/USDT:USDT,0.2698,342.0,0.2697,6259.0,0.2699,931.0,0.27,3678.0
1753503812404,04:23:32.404,ALGO/USDT:USDT,0.2698,340.0,0.2697,6046.0,0.2699,1262.0,0.27,3678.0
1753503812504,04:23:32.504,ALGO/USDT:USDT,0.2698,340.0,0.2697,6259.0,0.2699,1268.0,0.27,3673.0
1753503812704,04:23:32.704,ALGO/USDT:USDT,0.2698,342.0,0.2697,6259.0,0.2699,975.0,0.27,3709.0
1753503812904,04:23:32.904,ALGO/USDT:USDT,0.2698,341.0,0.2697,6046.0,0.2699,1268.0,0.27,3709.0
1753503813204,04:23:33.204,ALGO/USDT:USDT,0.2698,341.0,0.2697,6259.0,0.2699,1268.0,0.27,3709.0
1753503814304,04:23:34.304,ALGO/USDT:USDT,0.2698,290.0,0.2697,6046.0,0.2699,1268.0,0.27,3783.0
1753503814504,04:23:34.504,ALGO/USDT:USDT,0.2698,564.0,0.2697,6928.0,0.2699,975.0,0.27,3783.0
1753503814604,04:23:34.604,ALGO/USDT:USDT,0.2698,564.0,0.2697,6928.0,0.2699,975.0,0.27,3783.0
1753503814704,04:23:34.704,ALGO/USDT:USDT,0.2698,564.0,0.2697,6928.0,0.2699,975.0,0.27,3709.0
1753503815004,04:23:35.004,ALGO/USDT:USDT,0.2698,564.0,0.2697,6928.0,0.2699,1188.0,0.27,3709.0
1753503815104,04:23:35.104,ALGO/USDT:USDT,0.2698,564.0,0.2697,6928.0,0.2699,1188.0,0.27,3709.0
1753503815304,04:23:35.304,ALGO/USDT:USDT,0.2698,564.0,0.2697,6928.0,0.2699,975.0,0.27,3673.0
1753503815504,04:23:35.504,ALGO/USDT:USDT,0.2698,564.0,0.2697,6928.0,0.2699,975.0,0.27,3498.0
1753503815704,04:23:35.704,ALGO/USDT:USDT,0.2698,564.0,0.2697,6928.0,0.2699,1055.0,0.27,3498.0
1753503815804,04:23:35.804,ALGO/USDT:USDT,0.2698,564.0,0.2697,6928.0,0.2699,975.0,0.27,3498.0
1753503815904,04:23:35.904,ALGO/USDT:USDT,0.2698,564.0,0.2697,6928.0,0.2699,975.0,0.27,3498.0
1753503816004,04:23:36.004,ALGO/USDT:USDT,0.2698,564.0,0.2697,6715.0,0.2699,1231.0,0.27,3498.0
1753503816104,04:23:36.104,ALGO/USDT:USDT,0.2698,564.0,0.2697,6928.0,0.2699,1231.0,0.27,3498.0
1753503817304,04:23:37.304,ALGO/USDT:USDT,0.2698,290.0,0.2697,6963.0,0.2699,1018.0,0.27,3462.0
1753503817504,04:23:37.504,ALGO/USDT:USDT,0.2698,370.0,0.2697,7632.0,0.2699,938.0,0.27,3462.0
1753503817804,04:23:37.804,ALGO/USDT:USDT,0.2698,370.0,0.2697,7632.0,0.2699,938.0,0.27,3462.0
1753503818004,04:23:38.004,ALGO/USDT:USDT,0.2698,370.0,0.2697,7632.0,0.2699,938.0,0.27,3435.0
1753503818404,04:23:38.404,ALGO/USDT:USDT,0.2698,290.0,0.2697,6963.0,0.2699,1232.0,0.27,3502.0
1753503818504,04:23:38.504,ALGO/USDT:USDT,0.2698,290.0,0.2697,6046.0,0.2699,1232.0,0.27,3502.0
1753503818604,04:23:38.604,ALGO/USDT:USDT,0.2698,290.0,0.2697,6259.0,0.2699,1232.0,0.27,3612.0
1753503818804,04:23:38.804,ALGO/USDT:USDT,0.2698,290.0,0.2697,6046.0,0.2699,1232.0,0.27,3612.0
1753503819004,04:23:39.004,ALGO/USDT:USDT,0.2698,290.0,0.2697,6046.0,0.2699,1232.0,0.27,3648.0
1753503819204,04:23:39.204,ALGO/USDT:USDT,0.2698,290.0,0.2697,6046.0,0.2699,1232.0,0.27,3684.0
1753503820004,04:23:40.004,ALGO/USDT:USDT,0.2698,290.0,0.2697,6259.0,0.2699,1232.0,0.27,3839.0
1753503820204,04:23:40.204,ALGO/USDT:USDT,0.2698,290.0,0.2697,6046.0,0.2699,1232.0,0.27,3875.0
1753503820304,04:23:40.304,ALGO/USDT:USDT,0.2698,562.0,0.2697,6928.0,0.2699,939.0,0.27,3801.0
1753503820404,04:23:40.404,ALGO/USDT:USDT,0.2698,564.0,0.2697,6928.0,0.2699,939.0,0.27,3801.0
1753503820504,04:23:40.504,ALGO/USDT:USDT,0.2698,564.0,0.2697,6928.0,0.2699,939.0,0.27,3801.0
1753503820604,04:23:40.604,ALGO/USDT:USDT,0.2698,367.0,0.2697,6928.0,0.2699,939.0,0.27,3801.0
1753503820704,04:23:40.704,ALGO/USDT:USDT,0.2698,986.0,0.2697,7132.0,0.2699,870.0,0.27,3102.0
1753503820804,04:23:40.804,ALGO/USDT:USDT,0.2698,853.0,0.2697,7132.0,0.2699,870.0,0.27,3066.0
1753503820904,04:23:40.904,ALGO/USDT:USDT,0.2698,773.0,0.2697,6947.0,0.2699,870.0,0.27,3066.0
1753503821004,04:23:41.004,ALGO/USDT:USDT,0.2698,699.0,0.2697,6947.0,0.2699,870.0,0.27,3066.0
1753503821104,04:23:41.104,ALGO/USDT:USDT,0.2698,699.0,0.2697,6947.0,0.2699,870.0,0.27,3030.0
1753503821204,04:23:41.204,ALGO/USDT:USDT,0.2698,699.0,0.2697,6947.0,0.2699,797.0,0.27,2922.0
1753503821304,04:23:41.304,ALGO/USDT:USDT,0.2698,699.0,0.2697,6947.0,0.2699,797.0,0.27,2778.0
1753503821704,04:23:41.704,ALGO/USDT:USDT,0.2698,699.0,0.2697,6947.0,0.2699,797.0,0.27,2742.0
1753503822004,04:23:42.004,ALGO/USDT:USDT,0.2698,699.0,0.2697,6947.0,0.2699,797.0,0.27,2742.0
1753503822104,04:23:42.104,ALGO/USDT:USDT,0.2698,699.0,0.2697,6947.0,0.2699,797.0,0.27,2742.0
1753503822304,04:23:42.304,ALGO/USDT:USDT,0.2698,699.0,0.2697,6947.0,0.2699,797.0,0.27,2742.0
1753503822404,04:23:42.404,ALGO/USDT:USDT,0.2698,699.0,0.2697,6947.0,0.2699,633.0,0.27,2742.0
1753503822504,04:23:42.504,ALGO/USDT:USDT,0.2698,1064.0,0.2697,6947.0,0.2699,800.0,0.27,2742.0
1753503822704,04:23:42.704,ALGO/USDT:USDT,0.2698,1066.0,0.2697,7354.0,0.2699,662.0,0.27,2456.0
1753503822804,04:23:42.804,ALGO/USDT:USDT,0.2698,1066.0,0.2697,7317.0,0.2699,796.0,0.27,2456.0
1753503823204,04:23:43.204,ALGO/USDT:USDT,0.2698,853.0,0.2697,7317.0,0.2699,796.0,0.27,2669.0
1753503823304,04:23:43.304,ALGO/USDT:USDT,0.2698,743.0,0.2697,7317.0,0.2699,847.0,0.27,2456.0
1753503823404,04:23:43.404,ALGO/USDT:USDT,0.2698,663.0,0.2697,7317.0,0.2699,847.0,0.27,2669.0
1753503824004,04:23:44.004,ALGO/USDT:USDT,0.2698,743.0,0.2697,7317.0,0.2699,847.0,0.27,2669.0
1753503824104,04:23:44.104,ALGO/USDT:USDT,0.2698,956.0,0.2697,7317.0,0.2699,847.0,0.27,2456.0
1753503824504,04:23:44.504,ALGO/USDT:USDT,0.2696,1386.0,0.2695,9246.0,0.2697,680.0,0.2698,3797.0
1753503824704,04:23:44.704,ALGO/USDT:USDT,0.2696,2284.0,0.2695,5961.0,0.2697,932.0,0.2698,5213.0
1753503824804,04:23:44.804,ALGO/USDT:USDT,0.2696,2514.0,0.2695,6034.0,0.2697,82.0,0.2698,4580.0
1753503825004,04:23:45.004,ALGO/USDT:USDT,0.2696,3327.0,0.2695,6216.0,0.2697,82.0,0.2698,4580.0
1753503825104,04:23:45.104,ALGO/USDT:USDT,0.2696,3327.0,0.2695,6216.0,0.2697,82.0,0.2698,4580.0
1753503825204,04:23:45.204,ALGO/USDT:USDT,0.2696,3187.0,0.2695,6326.0,0.2697,82.0,0.2698,4580.0
1753503825304,04:23:45.304,ALGO/USDT:USDT,0.2696,3260.0,0.2695,6442.0,0.2697,82.0,0.2698,4580.0
1753503825704,04:23:45.704,ALGO/USDT:USDT,0.2696,4173.0,0.2695,5744.0,0.2698,2785.0,0.2699,5285.0
1753503825804,04:23:45.804,ALGO/USDT:USDT,0.2696,4065.0,0.2695,6782.0,0.2698,3196.0,0.2699,6127.0
1753503825904,04:23:45.904,ALGO/USDT:USDT,0.2696,4029.0,0.2695,6745.0,0.2698,3196.0,0.2699,6127.0
1753503826004,04:23:46.004,ALGO/USDT:USDT,0.2696,4029.0,0.2695,6745.0,0.2698,3196.0,0.2699,6127.0
1753503826104,04:23:46.104,ALGO/USDT:USDT,0.2696,4457.0,0.2695,7107.0,0.2698,3533.0,0.2699,6127.0
1753503826204,04:23:46.204,ALGO/USDT:USDT,0.2696,4312.0,0.2695,6851.0,0.2698,3746.0,0.2699,6127.0
1753503826404,04:23:46.404,ALGO/USDT:USDT,0.2696,4203.0,0.2695,6771.0,0.2698,2933.0,0.2699,6127.0
1753503827004,04:23:47.004,ALGO/USDT:USDT,0.2698,329.0,0.2697,3955.0,0.2699,2338.0,0.27,6472.0
1753503827104,04:23:47.104,ALGO/USDT:USDT,0.2698,329.0,0.2697,5360.0,0.2699,2338.0,0.27,6472.0
1753503827204,04:23:47.204,ALGO/USDT:USDT,0.2698,329.0,0.2697,5360.0,0.2699,2410.0,0.27,6653.0
1753503827304,04:23:47.304,ALGO/USDT:USDT,0.2698,329.0,0.2697,5151.0,0.2699,2623.0,0.27,6907.0
1753503827404,04:23:47.404,ALGO/USDT:USDT,0.2698,329.0,0.2697,5371.0,0.2699,2623.0,0.27,6943.0
1753503827504,04:23:47.504,ALGO/USDT:USDT,0.2698,329.0,0.2697,5371.0,0.2699,2660.0,0.27,7071.0
1753503827704,04:23:47.704,ALGO/USDT:USDT,0.2698,329.0,0.2697,5371.0,0.2699,2660.0,0.27,6738.0
1753503827904,04:23:47.904,ALGO/USDT:USDT,0.2698,329.0,0.2697,5371.0,0.2699,2660.0,0.27,6666.0
1753503828004,04:23:48.004,ALGO/USDT:USDT,0.2698,79.0,0.2697,5371.0,0.2699,2660.0,0.27,6738.0
1753503828504,04:23:48.504,ALGO/USDT:USDT,0.2698,79.0,0.2697,5371.0,0.2699,2739.0,0.27,6920.0
1753503828604,04:23:48.604,ALGO/USDT:USDT,0.2698,79.0,0.2697,5371.0,0.2699,2733.0,0.27,6956.0
1753503828704,04:23:48.704,ALGO/USDT:USDT,0.2698,79.0,0.2697,5371.0,0.2699,2751.0,0.27,6956.0
1753503828904,04:23:48.904,ALGO/USDT:USDT,0.2698,79.0,0.2697,4702.0,0.2699,2751.0,0.27,6956.0
1753503829004,04:23:49.004,ALGO/USDT:USDT,0.2698,79.0,0.2697,4702.0,0.2699,2751.0,0.27,6972.0
1753503829204,04:23:49.204,ALGO/USDT:USDT,0.2698,79.0,0.2697,4702.0,0.2699,2751.0,0.27,7305.0
1753503829604,04:23:49.604,ALGO/USDT:USDT,0.2698,79.0,0.2697,3510.0,0.2699,2753.0,0.27,8469.0
1753503829704,04:23:49.704,ALGO/USDT:USDT,0.2698,79.0,0.2697,3510.0,0.2699,2753.0,0.27,8469.0
1753503830404,04:23:50.404,ALGO/USDT:USDT,0.2698,79.0,0.2697,3510.0,0.2699,2754.0,0.27,7953.0
1753503830504,04:23:50.504,ALGO/USDT:USDT,0.2698,79.0,0.2697,3510.0,0.2699,2754.0,0.27,8322.0
1753503830704,04:23:50.704,ALGO/USDT:USDT,0.2698,79.0,0.2697,3510.0,0.2699,2754.0,0.27,8322.0
1753503830904,04:23:50.904,ALGO/USDT:USDT,0.2698,79.0,0.2697,3723.0,0.2699,2674.0,0.27,8322.0
1753503831204,04:23:51.204,ALGO/USDT:USDT,0.2698,79.0,0.2697,5585.0,0.2699,2519.0,0.27,7474.0
1753503831304,04:23:51.304,ALGO/USDT:USDT,0.2698,79.0,0.2697,5585.0,0.2699,2519.0,0.27,7438.0
1753503831504,04:23:51.504,ALGO/USDT:USDT,0.2698,79.0,0.2697,5585.0,0.2699,2812.0,0.27,7438.0
1753503831604,04:23:51.604,ALGO/USDT:USDT,0.2698,79.0,0.2697,5585.0,0.2699,2812.0,0.27,7438.0
1753503832304,04:23:52.304,ALGO/USDT:USDT,0.2698,79.0,0.2697,5585.0,0.2699,2812.0,0.27,7438.0
1753503832804,04:23:52.804,ALGO/USDT:USDT,0.2698,79.0,0.2697,4703.0,0.2699,2812.0,0.27,7917.0
1753503833404,04:23:53.404,ALGO/USDT:USDT,0.2698,79.0,0.2697,4703.0,0.2699,2812.0,0.27,7917.0
1753503833704,04:23:53.704,ALGO/USDT:USDT,0.2698,79.0,0.2697,4703.0,0.2699,2828.0,0.27,7953.0
1753503834304,04:23:54.304,ALGO/USDT:USDT,0.2698,79.0,0.2697,4916.0,0.2699,2828.0,0.27,7989.0
1753503834404,04:23:54.404,ALGO/USDT:USDT,0.2698,79.0,0.2697,4916.0,0.2699,2828.0,0.27,7989.0
1753503834604,04:23:54.604,ALGO/USDT:USDT,0.2698,79.0,0.2697,4916.0,0.2699,2828.0,0.27,7989.0
1753503834704,04:23:54.704,ALGO/USDT:USDT,0.2698,79.0,0.2697,4703.0,0.2699,2864.0,0.27,7989.0
1753503835504,04:23:55.504,ALGO/USDT:USDT,0.2698,79.0,0.2697,4767.0,0.2699,2651.0,0.27,7809.0
1753503835604,04:23:55.604,ALGO/USDT:USDT,0.2698,79.0,0.2697,4767.0,0.2699,2864.0,0.27,8916.0
1753503835704,04:23:55.704,ALGO/USDT:USDT,0.2698,79.0,0.2697,4767.0,0.2699,2864.0,0.27,8916.0
1753503835804,04:23:55.804,ALGO/USDT:USDT,0.2698,79.0,0.2697,4767.0,0.2699,2864.0,0.27,8953.0
1753503835904,04:23:55.904,ALGO/USDT:USDT,0.2698,79.0,0.2697,4767.0,0.2699,2864.0,0.27,8953.0
1753503836004,04:23:56.004,ALGO/USDT:USDT,0.2698,79.0,0.2697,4767.0,0.2699,2864.0,0.27,8620.0
1753503836104,04:23:56.104,ALGO/USDT:USDT,0.2698,79.0,0.2697,4980.0,0.2699,2864.0,0.27,8620.0
1753503836204,04:23:56.204,ALGO/USDT:USDT,0.2698,79.0,0.2697,4980.0,0.2699,2861.0,0.27,8620.0
1753503836604,04:23:56.604,ALGO/USDT:USDT,0.2698,79.0,0.2697,4767.0,0.2699,2861.0,0.27,9249.0
1753503836904,04:23:56.904,ALGO/USDT:USDT,0.2698,79.0,0.2697,4980.0,0.2699,2861.0,0.27,9249.0
1753503837104,04:23:57.104,ALGO/USDT:USDT,0.2698,79.0,0.2697,4980.0,0.2699,2568.0,0.27,8881.0
1753503837204,04:23:57.204,ALGO/USDT:USDT,0.2698,79.0,0.2697,4980.0,0.2699,2568.0,0.27,7874.0
1753503837504,04:23:57.504,ALGO/USDT:USDT,0.2698,79.0,0.2697,4980.0,0.2699,2648.0,0.27,7874.0
1753503837604,04:23:57.604,ALGO/USDT:USDT,0.2698,79.0,0.2697,4980.0,0.2699,2861.0,0.27,7874.0
1753503837904,04:23:57.904,ALGO/USDT:USDT,0.2698,79.0,0.2697,4980.0,0.2699,2648.0,0.27,7874.0
1753503838004,04:23:58.004,ALGO/USDT:USDT,0.2698,79.0,0.2697,4980.0,0.2699,2861.0,0.27,8170.0
1753503838304,04:23:58.304,ALGO/USDT:USDT,0.2698,79.0,0.2697,4767.0,0.2699,2884.0,0.27,8836.0
1753503838504,04:23:58.504,ALGO/USDT:USDT,0.2698,79.0,0.2697,4703.0,0.2699,2884.0,0.27,9241.0
1753503838604,04:23:58.604,ALGO/USDT:USDT,0.2698,79.0,0.2697,4703.0,0.2699,2884.0,0.27,9907.0
1753503838704,04:23:58.704,ALGO/USDT:USDT,0.2698,79.0,0.2697,4703.0,0.2699,2884.0,0.27,9907.0
1753503838804,04:23:58.804,ALGO/USDT:USDT,0.2698,79.0,0.2697,4703.0,0.2699,2884.0,0.27,9907.0
1753503839204,04:23:59.204,ALGO/USDT:USDT,0.2697,1492.0,0.2696,8590.0,0.2698,1288.0,0.2699,5972.0
1753503839304,04:23:59.304,ALGO/USDT:USDT,0.2697,1492.0,0.2696,8589.0,0.2698,1140.0,0.2699,5423.0
1753503839404,04:23:59.404,ALGO/USDT:USDT,0.2697,1492.0,0.2696,8589.0,0.2698,1283.0,0.2699,5424.0
1753503839904,04:23:59.904,ALGO/USDT:USDT,0.2697,1492.0,0.2696,8589.0,0.2698,1283.0,0.2699,5428.0
1753503840104,04:24:00.104,ALGO/USDT:USDT,0.2697,4.0,0.2696,8096.0,0.2698,1576.0,0.2699,6059.0
1753503840504,04:24:00.504,ALGO/USDT:USDT,0.2697,328.0,0.2696,8765.0,0.2698,1267.0,0.2699,5014.0
1753503840604,04:24:00.604,ALGO/USDT:USDT,0.2697,330.0,0.2696,8765.0,0.2698,1267.0,0.2699,5014.0
1753503840804,04:24:00.804,ALGO/USDT:USDT,0.2697,1223.0,0.2696,8802.0,0.2699,4661.0,0.27,3290.0
1753503840904,04:24:00.904,ALGO/USDT:USDT,0.2698,984.0,0.2697,5775.0,0.2699,2423.0,0.27,4121.0
1753503841004,04:24:01.004,ALGO/USDT:USDT,0.2698,984.0,0.2697,5775.0,0.2699,2423.0,0.27,3975.0
1753503841104,04:24:01.104,ALGO/USDT:USDT,0.2698,984.0,0.2697,5775.0,0.2699,1823.0,0.27,3903.0
1753503841404,04:24:01.404,ALGO/USDT:USDT,0.2698,984.0,0.2697,6000.0,0.2699,1856.0,0.27,3759.0
1753503841704,04:24:01.704,ALGO/USDT:USDT,0.2698,984.0,0.2697,6000.0,0.2699,2456.0,0.27,3831.0
1753503841904,04:24:01.904,ALGO/USDT:USDT,0.2698,984.0,0.2697,6000.0,0.2699,2456.0,0.27,3867.0
1753503842104,04:24:02.104,ALGO/USDT:USDT,0.2698,984.0,0.2697,6000.0,0.2699,1856.0,0.27,3686.0
1753503842204,04:24:02.204,ALGO/USDT:USDT,0.2698,1277.0,0.2697,5920.0,0.2699,1856.0,0.27,3511.0
1753503842404,04:24:02.404,ALGO/USDT:USDT,0.2698,1064.0,0.2697,5920.0,0.2699,1856.0,0.27,3367.0
1753503842504,04:24:02.504,ALGO/USDT:USDT,0.2698,1064.0,0.2697,5920.0,0.2699,1856.0,0.27,3367.0
1753503842604,04:24:02.604,ALGO/USDT:USDT,0.2698,984.0,0.2697,5920.0,0.2699,1856.0,0.27,3367.0
1753503842704,04:24:02.704,ALGO/USDT:USDT,0.2698,1340.0,0.2697,5920.0,0.2699,1856.0,0.27,3367.0
1753503843104,04:24:03.104,ALGO/USDT:USDT,0.2698,1633.0,0.2697,5920.0,0.2699,1856.0,0.27,3367.0
1753503843204,04:24:03.204,ALGO/USDT:USDT,0.2698,1633.0,0.2697,5920.0,0.2699,1783.0,0.27,3331.0
1753503843304,04:24:03.304,ALGO/USDT:USDT,0.2698,1633.0,0.2697,5920.0,0.2699,1783.0,0.27,3331.0
1753503843404,04:24:03.404,ALGO/USDT:USDT,0.2698,1340.0,0.2697,5920.0,0.2699,1783.0,0.27,3331.0
1753503843704,04:24:03.704,ALGO/USDT:USDT,0.2698,1340.0,0.2697,5920.0,0.2699,1783.0,0.27,3331.0
1753503844004,04:24:04.004,ALGO/USDT:USDT,0.2698,1633.0,0.2697,5957.0,0.2699,1783.0,0.27,3368.0
1753503844104,04:24:04.104,ALGO/USDT:USDT,0.2698,1340.0,0.2697,5957.0,0.2699,1783.0,0.27,3368.0
1753503844204,04:24:04.204,ALGO/USDT:USDT,0.2698,1340.0,0.2697,5957.0,0.2699,1783.0,0.27,3332.0
1753503844504,04:24:04.504,ALGO/USDT:USDT,0.2698,1633.0,0.2697,5957.0,0.2699,1783.0,0.27,3296.0
1753503844704,04:24:04.704,ALGO/USDT:USDT,0.2698,1633.0,0.2697,5957.0,0.2699,1783.0,0.27,3296.0
1753503845804,04:24:05.804,ALGO/USDT:USDT,0.2698,1420.0,0.2697,5957.0,0.2699,1783.0,0.27,3296.0
1753503845904,04:24:05.904,ALGO/USDT:USDT,0.2698,1340.0,0.2697,5957.0,0.2699,1783.0,0.27,3332.0
1753503846204,04:24:06.204,ALGO/USDT:USDT,0.2698,1633.0,0.2697,5744.0,0.2699,987.0,0.27,3046.0
1753503846504,04:24:06.504,ALGO/USDT:USDT,0.2698,1633.0,0.2697,5744.0,0.2699,907.0,0.27,3046.0
1753503846604,04:24:06.604,ALGO/USDT:USDT,0.2698,1661.0,0.2697,5744.0,0.2699,827.0,0.27,3046.0
1753503846704,04:24:06.704,ALGO/USDT:USDT,0.2698,1661.0,0.2697,5781.0,0.2699,827.0,0.27,3046.0
1753503847104,04:24:07.104,ALGO/USDT:USDT,0.2698,1368.0,0.2697,5957.0,0.2699,907.0,0.27,3046.0
1753503847504,04:24:07.504,ALGO/USDT:USDT,0.2698,1368.0,0.2697,5957.0,0.2699,827.0,0.27,3046.0
1753503847804,04:24:07.804,ALGO/USDT:USDT,0.2698,1368.0,0.2697,5957.0,0.2699,907.0,0.27,3259.0
1753503848504,04:24:08.504,ALGO/USDT:USDT,0.2698,1368.0,0.2697,5957.0,0.2699,907.0,0.27,3259.0
1753503848904,04:24:08.904,ALGO/USDT:USDT,0.2698,1661.0,0.2697,5994.0,0.2699,827.0,0.27,3259.0
1753503849004,04:24:09.004,ALGO/USDT:USDT,0.2698,1661.0,0.2697,5994.0,0.2699,827.0,0.27,3259.0
1753503849204,04:24:09.204,ALGO/USDT:USDT,0.2698,1661.0,0.2697,5994.0,0.2699,827.0,0.27,3259.0
1753503849304,04:24:09.304,ALGO/USDT:USDT,0.2698,1661.0,0.2697,6001.0,0.2699,827.0,0.27,3259.0
1753503849404,04:24:09.404,ALGO/USDT:USDT,0.2698,1633.0,0.2697,6001.0,0.2699,885.0,0.27,3259.0
1753503849504,04:24:09.504,ALGO/USDT:USDT,0.2698,1420.0,0.2697,6001.0,0.2699,885.0,0.27,3259.0
1753503849804,04:24:09.804,ALGO/USDT:USDT,0.2698,1420.0,0.2697,5964.0,0.2699,965.0,0.27,3259.0
1753503850404,04:24:10.404,ALGO/USDT:USDT,0.2698,1420.0,0.2697,5964.0,0.2699,885.0,0.27,3259.0
1753503851204,04:24:11.204,ALGO/USDT:USDT,0.2698,1340.0,0.2697,5964.0,0.2699,965.0,0.27,3296.0
1753503851304,04:24:11.304,ALGO/USDT:USDT,0.2698,1340.0,0.2697,5957.0,0.2699,965.0,0.27,3296.0
1753503851404,04:24:11.404,ALGO/USDT:USDT,0.2698,1340.0,0.2697,5957.0,0.2699,1053.0,0.27,3296.0
1753503852104,04:24:12.104,ALGO/USDT:USDT,0.2698,1340.0,0.2697,5957.0,0.2699,1266.0,0.27,3296.0
1753503852204,04:24:12.204,ALGO/USDT:USDT,0.2698,1340.0,0.2697,5957.0,0.2699,1053.0,0.27,3296.0
1753503852304,04:24:12.304,ALGO/USDT:USDT,0.2698,1340.0,0.2697,5957.0,0.2699,1054.0,0.27,3296.0
1753503853104,04:24:13.104,ALGO/USDT:USDT,0.2698,1340.0,0.2697,5957.0,0.2699,974.0,0.27,3296.0
1753503853304,04:24:13.304,ALGO/USDT:USDT,0.2698,1340.0,0.2697,5957.0,0.2699,974.0,0.27,3296.0
1753503853504,04:24:13.504,ALGO/USDT:USDT,0.2698,1340.0,0.2697,5957.0,0.2699,973.0,0.27,3296.0
1753503853604,04:24:13.604,ALGO/USDT:USDT,0.2698,1340.0,0.2697,5957.0,0.2699,973.0,0.27,3296.0
1753503856204,04:24:16.204,ALGO/USDT:USDT,0.2698,1924.0,0.2697,6207.0,0.2699,628.0,0.27,3062.0
1753503856404,04:24:16.404,ALGO/USDT:USDT,0.2698,1960.0,0.2697,6158.0,0.2699,857.0,0.27,3062.0
1753503856504,04:24:16.504,ALGO/USDT:USDT,0.2698,1960.0,0.2697,6158.0,0.2699,857.0,0.27,3062.0
1753503856704,04:24:16.704,ALGO/USDT:USDT,0.2698,1960.0,0.2697,6158.0,0.2699,857.0,0.27,3062.0
1753503856804,04:24:16.804,ALGO/USDT:USDT,0.2698,1960.0,0.2697,6158.0,0.2699,857.0,0.27,3062.0
1753503856904,04:24:16.904,ALGO/USDT:USDT,0.2698,1924.0,0.2697,8056.0,0.2699,857.0,0.27,3062.0
1753503857004,04:24:17.004,ALGO/USDT:USDT,0.2698,1924.0,0.2697,8056.0,0.2699,857.0,0.27,3062.0
1753503857104,04:24:17.104,ALGO/USDT:USDT,0.2698,1924.0,0.2697,8020.0,0.2699,857.0,0.27,3062.0
1753503857204,04:24:17.204,ALGO/USDT:USDT,0.2698,1924.0,0.2697,8057.0,0.2699,857.0,0.27,3062.0
1753503857504,04:24:17.504,ALGO/USDT:USDT,0.2698,1924.0,0.2697,8064.0,0.2699,994.0,0.27,3062.0
1753503857704,04:24:17.704,ALGO/USDT:USDT,0.2698,1924.0,0.2697,8135.0,0.2699,994.0,0.27,3062.0
1753503857804,04:24:17.804,ALGO/USDT:USDT,0.2698,1924.0,0.2697,8171.0,0.2699,857.0,0.27,3062.0
1753503857904,04:24:17.904,ALGO/USDT:USDT,0.2698,1924.0,0.2697,8171.0,0.2699,857.0,0.27,3062.0
1753503858404,04:24:18.404,ALGO/USDT:USDT,0.2698,1924.0,0.2697,8171.0,0.2699,857.0,0.27,3062.0
1753503858604,04:24:18.604,ALGO/USDT:USDT,0.2698,1960.0,0.2697,8316.0,0.2699,857.0,0.27,3062.0
1753503858704,04:24:18.704,ALGO/USDT:USDT,0.2698,2032.0,0.2697,8316.0,0.2699,857.0,0.27,3062.0
1753503859304,04:24:19.304,ALGO/USDT:USDT,0.2698,2032.0,0.2697,8244.0,0.2699,857.0,0.27,3062.0
1753503859404,04:24:19.404,ALGO/USDT:USDT,0.2698,2032.0,0.2697,8171.0,0.2699,857.0,0.27,3062.0
1753503859504,04:24:19.504,ALGO/USDT:USDT,0.2698,1996.0,0.2697,8171.0,0.2699,857.0,0.27,3062.0
1753503859904,04:24:19.904,ALGO/USDT:USDT,0.2698,1996.0,0.2697,8171.0,0.2699,857.0,0.27,3062.0
1753503860104,04:24:20.104,ALGO/USDT:USDT,0.2698,1996.0,0.2697,8207.0,0.2699,994.0,0.27,3062.0
1753503860204,04:24:20.204,ALGO/USDT:USDT,0.2698,1783.0,0.2697,8207.0,0.2699,994.0,0.27,3062.0
1753503860404,04:24:20.404,ALGO/USDT:USDT,0.2698,1996.0,0.2697,8207.0,0.2699,994.0,0.27,3062.0
1753503860804,04:24:20.804,ALGO/USDT:USDT,0.2698,1996.0,0.2697,8207.0,0.2699,994.0,0.27,3062.0
1753503861004,04:24:21.004,ALGO/USDT:USDT,0.2698,1996.0,0.2697,8207.0,0.2699,994.0,0.27,3062.0
1753503861104,04:24:21.104,ALGO/USDT:USDT,0.2698,1996.0,0.2697,7994.0,0.2699,994.0,0.27,3062.0
1753503861204,04:24:21.204,ALGO/USDT:USDT,0.2698,1996.0,0.2697,8698.0,0.2699,994.0,0.27,3062.0
1753503861404,04:24:21.404,ALGO/USDT:USDT,0.2698,1996.0,0.2697,8698.0,0.2699,994.0,0.27,3062.0
1753503861504,04:24:21.504,ALGO/USDT:USDT,0.2698,1996.0,0.2697,8698.0,0.2699,994.0,0.27,3062.0
1753503861604,04:24:21.604,ALGO/USDT:USDT,0.2698,1996.0,0.2697,8698.0,0.2699,994.0,0.27,3062.0
1753503861704,04:24:21.704,ALGO/USDT:USDT,0.2698,1888.0,0.2697,8698.0,0.2699,994.0,0.27,3062.0
1753503861804,04:24:21.804,ALGO/USDT:USDT,0.2698,1888.0,0.2697,8698.0,0.2699,1075.0,0.27,3062.0
1753503862004,04:24:22.004,ALGO/USDT:USDT,0.2698,1888.0,0.2697,8698.0,0.2699,1075.0,0.27,3062.0
1753503862304,04:24:22.304,ALGO/USDT:USDT,0.2698,1888.0,0.2697,8662.0,0.2699,1075.0,0.27,3062.0
1753503862604,04:24:22.604,ALGO/USDT:USDT,0.2698,1888.0,0.2697,8662.0,0.2699,1075.0,0.27,3062.0
1753503863104,04:24:23.104,ALGO/USDT:USDT,0.2698,1888.0,0.2697,8662.0,0.2699,1075.0,0.27,3062.0
1753503863604,04:24:23.604,ALGO/USDT:USDT,0.2698,1595.0,0.2697,8591.0,0.2699,1075.0,0.27,3062.0
1753503864004,04:24:24.004,ALGO/USDT:USDT,0.2698,1595.0,0.2697,8591.0,0.2699,1075.0,0.27,3062.0
1753503864104,04:24:24.104,ALGO/USDT:USDT,0.2698,1595.0,0.2697,8591.0,0.2699,1075.0,0.27,3062.0
1753503864204,04:24:24.204,ALGO/USDT:USDT,0.2698,1595.0,0.2697,8554.0,0.2699,1075.0,0.27,3062.0
1753503864304,04:24:24.304,ALGO/USDT:USDT,0.2698,1595.0,0.2697,8518.0,0.2699,1075.0,0.27,3062.0
1753503864604,04:24:24.604,ALGO/USDT:USDT,0.2698,1515.0,0.2697,8518.0,0.2699,1155.0,0.27,3062.0
1753503864704,04:24:24.704,ALGO/USDT:USDT,0.2698,1515.0,0.2697,7686.0,0.2699,1368.0,0.27,3084.0
1753503864804,04:24:24.804,ALGO/USDT:USDT,0.2698,1515.0,0.2697,7017.0,0.2699,1368.0,0.27,3084.0
1753503864904,04:24:24.904,ALGO/USDT:USDT,0.2698,955.0,0.2697,7017.0,0.2699,1368.0,0.27,3084.0
1753503865004,04:24:25.004,ALGO/USDT:USDT,0.2698,955.0,0.2697,7017.0,0.2699,1368.0,0.27,3084.0
1753503865104,04:24:25.104,ALGO/USDT:USDT,0.2698,955.0,0.2697,6974.0,0.2699,1368.0,0.27,3084.0
1753503865404,04:24:25.404,ALGO/USDT:USDT,0.2698,700.0,0.2697,6974.0,0.2699,1658.0,0.27,3084.0
1753503866004,04:24:26.004,ALGO/USDT:USDT,0.2698,700.0,0.2697,6518.0,0.2699,1658.0,0.27,3156.0
1753503866204,04:24:26.204,ALGO/USDT:USDT,0.2698,700.0,0.2697,6518.0,0.2699,1731.0,0.27,3264.0
1753503866304,04:24:26.304,ALGO/USDT:USDT,0.2698,700.0,0.2697,6518.0,0.2699,1731.0,0.27,3264.0
1753503867104,04:24:27.104,ALGO/USDT:USDT,0.2698,700.0,0.2697,6518.0,0.2699,1731.0,0.27,3331.0
1753503867504,04:24:27.504,ALGO/USDT:USDT,0.2698,700.0,0.2697,6518.0,0.2699,1731.0,0.27,3367.0
1753503868304,04:24:28.304,ALGO/USDT:USDT,0.2698,700.0,0.2697,6518.0,0.2699,1731.0,0.27,3475.0
1753503868404,04:24:28.404,ALGO/USDT:USDT,0.2698,700.0,0.2697,6518.0,0.2699,1731.0,0.27,3475.0
1753503868504,04:24:28.504,ALGO/USDT:USDT,0.2698,700.0,0.2697,6518.0,0.2699,1731.0,0.27,3475.0
1753503868704,04:24:28.704,ALGO/USDT:USDT,0.2698,700.0,0.2697,6518.0,0.2699,1731.0,0.27,3475.0
1753503869204,04:24:29.204,ALGO/USDT:USDT,0.2698,700.0,0.2697,6518.0,0.2699,1731.0,0.27,3621.0
1753503869304,04:24:29.304,ALGO/USDT:USDT,0.2698,700.0,0.2697,6518.0,0.2699,1731.0,0.27,3693.0
1753503869404,04:24:29.404,ALGO/USDT:USDT,0.2698,700.0,0.2697,6518.0,0.2699,1731.0,0.27,3729.0
1753503869504,04:24:29.504,ALGO/USDT:USDT,0.2698,700.0,0.2697,6518.0,0.2699,1731.0,0.27,3789.0
1753503869604,04:24:29.604,ALGO/USDT:USDT,0.2697,1248.0,0.2696,10584.0,0.2698,464.0,0.2699,3443.0
1753503870004,04:24:30.004,ALGO/USDT:USDT,0.2697,1009.0,0.2696,10513.0,0.2698,316.0,0.2699,3159.0
1753503870404,04:24:30.404,ALGO/USDT:USDT,0.2697,1009.0,0.2696,10556.0,0.2698,443.0,0.2699,3759.0
1753503870504,04:24:30.504,ALGO/USDT:USDT,0.2697,1009.0,0.2696,10556.0,0.2698,1031.0,0.2699,3170.0
1753503870604,04:24:30.604,ALGO/USDT:USDT,0.2697,1009.0,0.2696,10519.0,0.2698,1031.0,0.2699,3170.0
1753503870704,04:24:30.704,ALGO/USDT:USDT,0.2697,1009.0,0.2696,10519.0,0.2698,1031.0,0.2699,3170.0
1753503871204,04:24:31.204,ALGO/USDT:USDT,0.2697,1009.0,0.2696,10483.0,0.2698,1031.0,0.2699,3170.0
1753503871304,04:24:31.304,ALGO/USDT:USDT,0.2697,1009.0,0.2696,10476.0,0.2698,1031.0,0.2699,3170.0
1753503872504,04:24:32.504,ALGO/USDT:USDT,0.2697,1009.0,0.2696,10440.0,0.2698,1630.0,0.2699,3170.0
1753503872704,04:24:32.704,ALGO/USDT:USDT,0.2697,253.0,0.2696,10440.0,0.2698,1630.0,0.2699,3206.0
1753503872804,04:24:32.804,ALGO/USDT:USDT,0.2697,253.0,0.2696,10440.0,0.2698,1630.0,0.2699,3206.0
1753503873604,04:24:33.604,ALGO/USDT:USDT,0.2697,9.0,0.2696,9839.0,0.2698,2111.0,0.2699,3187.0
1753503873804,04:24:33.804,ALGO/USDT:USDT,0.2697,9.0,0.2696,9626.0,0.2698,2111.0,0.2699,3398.0
1753503874104,04:24:34.104,ALGO/USDT:USDT,0.2697,3.0,0.2696,9839.0,0.2698,2111.0,0.2699,3398.0
1753503874304,04:24:34.304,ALGO/USDT:USDT,0.2697,3.0,0.2696,9839.0,0.2698,2111.0,0.2699,3578.0
1753503875304,04:24:35.304,ALGO/USDT:USDT,0.2697,3.0,0.2696,4918.0,0.2698,2354.0,0.2699,3765.0
1753503875404,04:24:35.404,ALGO/USDT:USDT,0.2697,3.0,0.2696,4918.0,0.2698,2354.0,0.2699,3801.0
1753503875604,04:24:35.604,ALGO/USDT:USDT,0.2697,3.0,0.2696,5131.0,0.2698,2354.0,0.2699,3801.0
1753503875704,04:24:35.704,ALGO/USDT:USDT,0.2697,3.0,0.2696,4918.0,0.2698,2354.0,0.2699,3801.0
1753503875804,04:24:35.804,ALGO/USDT:USDT,0.2697,691.0,0.2696,5131.0,0.2698,2141.0,0.2699,3801.0
1753503876304,04:24:36.304,ALGO/USDT:USDT,0.2697,1373.0,0.2696,5800.0,0.2698,1388.0,0.2699,3157.0
1753503876404,04:24:36.404,ALGO/USDT:USDT,0.2697,1373.0,0.2696,5800.0,0.2698,1388.0,0.2699,3121.0
1753503876604,04:24:36.604,ALGO/USDT:USDT,0.2697,773.0,0.2696,5800.0,0.2698,1388.0,0.2699,3121.0
1753503876904,04:24:36.904,ALGO/USDT:USDT,0.2697,773.0,0.2696,5800.0,0.2698,1388.0,0.2699,3121.0
1753503877304,04:24:37.304,ALGO/USDT:USDT,0.2697,773.0,0.2696,5800.0,0.2698,1605.0,0.2699,3121.0
1753503877404,04:24:37.404,ALGO/USDT:USDT,0.2697,773.0,0.2696,5800.0,0.2698,1605.0,0.2699,3121.0
1753503877604,04:24:37.604,ALGO/USDT:USDT,0.2697,773.0,0.2696,5800.0,0.2698,1605.0,0.2699,3121.0
1753503877704,04:24:37.704,ALGO/USDT:USDT,0.2697,773.0,0.2696,5800.0,0.2698,1605.0,0.2699,3121.0
1753503878004,04:24:38.004,ALGO/USDT:USDT,0.2697,773.0,0.2696,5800.0,0.2698,1605.0,0.2699,3121.0
1753503878104,04:24:38.104,ALGO/USDT:USDT,0.2697,773.0,0.2696,5800.0,0.2698,1605.0,0.2699,3121.0
1753503878504,04:24:38.504,ALGO/USDT:USDT,0.2697,773.0,0.2696,5800.0,0.2698,1612.0,0.2699,3121.0
1753503878604,04:24:38.604,ALGO/USDT:USDT,0.2697,773.0,0.2696,5800.0,0.2698,1612.0,0.2699,3338.0
1753503879104,04:24:39.104,ALGO/USDT:USDT,0.2697,773.0,0.2696,5800.0,0.2698,1905.0,0.2699,3338.0
1753503879604,04:24:39.604,ALGO/USDT:USDT,0.2697,249.0,0.2696,5131.0,0.2698,2505.0,0.2699,3338.0
1753503879704,04:24:39.704,ALGO/USDT:USDT,0.2697,249.0,0.2696,5131.0,0.2698,2505.0,0.2699,3374.0
1753503879804,04:24:39.804,ALGO/USDT:USDT,0.2697,249.0,0.2696,5131.0,0.2698,2425.0,0.2699,3374.0
1753503880204,04:24:40.204,ALGO/USDT:USDT,0.2697,249.0,0.2696,5131.0,0.2698,2505.0,0.2699,3519.0
1753503880404,04:24:40.404,ALGO/USDT:USDT,0.2697,249.0,0.2696,7818.0,0.2698,2541.0,0.2699,3555.0
1753503880504,04:24:40.504,ALGO/USDT:USDT,0.2697,249.0,0.2696,7818.0,0.2698,2541.0,0.2699,3591.0
1753503880904,04:24:40.904,ALGO/USDT:USDT,0.2697,249.0,0.2696,7818.0,0.2698,2541.0,0.2699,3591.0
1753503881004,04:24:41.004,ALGO/USDT:USDT,0.2697,249.0,0.2696,7818.0,0.2698,6144.0,0.2699,3597.0
1753503881104,04:24:41.104,ALGO/USDT:USDT,0.2697,3.0,0.2696,7818.0,0.2698,6144.0,0.2699,3633.0
1753503881204,04:24:41.204,ALGO/USDT:USDT,0.2697,3.0,0.2696,7818.0,0.2698,6144.0,0.2699,3669.0
1753503881404,04:24:41.404,ALGO/USDT:USDT,0.2697,3.0,0.2696,7818.0,0.2698,6144.0,0.2699,3806.0
1753503881504,04:24:41.504,ALGO/USDT:USDT,0.2697,3.0,0.2696,7818.0,0.2698,6153.0,0.2699,3842.0
1753503881604,04:24:41.604,ALGO/USDT:USDT,0.2697,3.0,0.2696,7818.0,0.2698,6153.0,0.2699,3842.0
1753503881704,04:24:41.704,ALGO/USDT:USDT,0.2697,3.0,0.2696,7605.0,0.2698,6153.0,0.2699,3847.0
1753503882404,04:24:42.404,ALGO/USDT:USDT,0.2697,3.0,0.2696,7605.0,0.2698,6190.0,0.2699,4301.0
1753503882504,04:24:42.504,ALGO/USDT:USDT,0.2697,3.0,0.2696,7605.0,0.2698,6226.0,0.2699,4301.0
1753503882604,04:24:42.604,ALGO/USDT:USDT,0.2697,3.0,0.2696,7605.0,0.2698,6262.0,0.2699,4315.0
1753503883204,04:24:43.204,ALGO/USDT:USDT,0.2697,3.0,0.2696,7605.0,0.2698,6262.0,0.2699,4352.0
1753503883304,04:24:43.304,ALGO/USDT:USDT,0.2697,3.0,0.2696,7605.0,0.2698,6307.0,0.2699,4426.0
1753503883404,04:24:43.404,ALGO/USDT:USDT,0.2697,3.0,0.2696,7605.0,0.2698,6324.0,0.2699,4446.0
1753503883604,04:24:43.604,ALGO/USDT:USDT,0.2697,3.0,0.2696,7605.0,0.2698,6324.0,0.2699,4888.0
1753503884704,04:24:44.704,ALGO/USDT:USDT,0.2697,3.0,0.2696,7005.0,0.2698,6324.0,0.2699,4925.0
1753503884804,04:24:44.804,ALGO/USDT:USDT,0.2697,3.0,0.2696,7005.0,0.2698,6324.0,0.2699,4925.0
1753503885604,04:24:45.604,ALGO/USDT:USDT,0.2697,3.0,0.2696,7005.0,0.2698,6324.0,0.2699,4924.0
1753503885804,04:24:45.804,ALGO/USDT:USDT,0.2697,3.0,0.2696,7005.0,0.2698,6324.0,0.2699,4924.0
1753503886304,04:24:46.304,ALGO/USDT:USDT,0.2697,3.0,0.2696,7005.0,0.2698,6324.0,0.2699,4627.0
1753503886404,04:24:46.404,ALGO/USDT:USDT,0.2697,3.0,0.2696,7005.0,0.2698,6307.0,0.2699,4627.0
1753503886504,04:24:46.504,ALGO/USDT:USDT,0.2697,3.0,0.2696,7005.0,0.2698,6326.0,0.2699,4627.0
1753503886604,04:24:46.604,ALGO/USDT:USDT,0.2697,3.0,0.2696,7005.0,0.2698,6033.0,0.2699,4627.0
1753503886704,04:24:46.704,ALGO/USDT:USDT,0.2697,3.0,0.2696,7005.0,0.2698,6033.0,0.2699,4627.0
1753503886804,04:24:46.804,ALGO/USDT:USDT,0.2697,3.0,0.2696,7005.0,0.2698,6033.0,0.2699,4590.0
1753503886904,04:24:46.904,ALGO/USDT:USDT,0.2697,782.0,0.2696,7674.0,0.2698,5397.0,0.2699,4517.0
1753503887004,04:24:47.004,ALGO/USDT:USDT,0.2697,784.0,0.2696,7674.0,0.2698,5397.0,0.2699,4480.0
1753503887204,04:24:47.204,ALGO/USDT:USDT,0.2697,784.0,0.2696,7674.0,0.2698,5397.0,0.2699,4372.0
1753503887404,04:24:47.404,ALGO/USDT:USDT,0.2697,704.0,0.2696,7674.0,0.2698,5360.0,0.2699,3796.0
1753503887504,04:24:47.504,ALGO/USDT:USDT,0.2697,704.0,0.2696,7674.0,0.2698,5360.0,0.2699,3760.0
1753503887804,04:24:47.804,ALGO/USDT:USDT,0.2697,864.0,0.2696,7887.0,0.2698,5360.0,0.2699,3621.0
1753503887904,04:24:47.904,ALGO/USDT:USDT,0.2697,864.0,0.2696,7887.0,0.2698,5360.0,0.2699,3621.0
1753503888004,04:24:48.004,ALGO/USDT:USDT,0.2697,784.0,0.2696,7887.0,0.2698,5324.0,0.2699,3548.0
1753503888104,04:24:48.104,ALGO/USDT:USDT,0.2697,784.0,0.2696,7887.0,0.2698,5324.0,0.2699,3512.0
1753503888304,04:24:48.304,ALGO/USDT:USDT,0.2697,784.0,0.2696,7887.0,0.2698,5324.0,0.2699,3512.0
1753503888404,04:24:48.404,ALGO/USDT:USDT,0.2697,1077.0,0.2696,7887.0,0.2698,5324.0,0.2699,2840.0
1753503888504,04:24:48.504,ALGO/USDT:USDT,0.2697,1077.0,0.2696,7887.0,0.2698,5321.0,0.2699,2840.0
1753503888604,04:24:48.604,ALGO/USDT:USDT,0.2697,1077.0,0.2696,7674.0,0.2698,5321.0,0.2699,2840.0
1753503888704,04:24:48.704,ALGO/USDT:USDT,0.2697,1176.0,0.2696,7711.0,0.2698,5194.0,0.2699,2840.0
1753503888804,04:24:48.804,ALGO/USDT:USDT,0.2697,1176.0,0.2696,7803.0,0.2698,5194.0,0.2699,2338.0
1753503888904,04:24:48.904,ALGO/USDT:USDT,0.2697,1307.0,0.2696,7803.0,0.2698,5194.0,0.2699,2338.0
1753503889004,04:24:49.004,ALGO/USDT:USDT,0.2697,1307.0,0.2696,7803.0,0.2698,5194.0,0.2699,2338.0
1753503889704,04:24:49.704,ALGO/USDT:USDT,0.2697,1483.0,0.2696,7803.0,0.2698,5194.0,0.2699,2230.0
1753503889804,04:24:49.804,ALGO/USDT:USDT,0.2697,1776.0,0.2696,7803.0,0.2698,5194.0,0.2699,2230.0
1753503889904,04:24:49.904,ALGO/USDT:USDT,0.2697,1776.0,0.2696,7803.0,0.2698,5194.0,0.2699,2194.0
1753503890004,04:24:50.004,ALGO/USDT:USDT,0.2697,1776.0,0.2696,7803.0,0.2698,5194.0,0.2699,2194.0
1753503890104,04:24:50.104,ALGO/USDT:USDT,0.2697,1776.0,0.2696,7803.0,0.2698,5194.0,0.2699,2194.0
1753503890504,04:24:50.504,ALGO/USDT:USDT,0.2697,1696.0,0.2696,7803.0,0.2698,5151.0,0.2699,2194.0
1753503890704,04:24:50.704,ALGO/USDT:USDT,0.2697,1483.0,0.2696,7803.0,0.2698,5151.0,0.2699,2194.0
1753503891004,04:24:51.004,ALGO/USDT:USDT,0.2697,1483.0,0.2696,7803.0,0.2698,5151.0,0.2699,2194.0
1753503891104,04:24:51.104,ALGO/USDT:USDT,0.2697,1483.0,0.2696,7803.0,0.2698,5151.0,0.2699,2194.0
1753503891204,04:24:51.204,ALGO/USDT:USDT,0.2697,1483.0,0.2696,7803.0,0.2698,5151.0,0.2699,2194.0
1753503891304,04:24:51.304,ALGO/USDT:USDT,0.2697,1483.0,0.2696,7803.0,0.2698,4938.0,0.2699,2194.0
1753503891404,04:24:51.404,ALGO/USDT:USDT,0.2697,1483.0,0.2696,7803.0,0.2698,4938.0,0.2699,2194.0
1753503891504,04:24:51.504,ALGO/USDT:USDT,0.2697,1483.0,0.2696,7803.0,0.2698,4938.0,0.2699,2194.0
1753503891604,04:24:51.604,ALGO/USDT:USDT,0.2697,1483.0,0.2696,7803.0,0.2698,4938.0,0.2699,2194.0
1753503891904,04:24:51.904,ALGO/USDT:USDT,0.2697,883.0,0.2696,7803.0,0.2698,4938.0,0.2699,2194.0
1753503892004,04:24:52.004,ALGO/USDT:USDT,0.2697,784.0,0.2696,7803.0,0.2698,4938.0,0.2699,2194.0
1753503892504,04:24:52.504,ALGO/USDT:USDT,0.2697,784.0,0.2696,7803.0,0.2698,4938.0,0.2699,2194.0
1753503892804,04:24:52.804,ALGO/USDT:USDT,0.2697,784.0,0.2696,7803.0,0.2698,4938.0,0.2699,2194.0
1753503893404,04:24:53.404,ALGO/USDT:USDT,0.2697,1384.0,0.2696,7803.0,0.2698,4936.0,0.2699,2194.0
1753503893804,04:24:53.804,ALGO/USDT:USDT,0.2697,1677.0,0.2696,7803.0,0.2698,4936.0,0.2699,2194.0
1753503893904,04:24:53.904,ALGO/USDT:USDT,0.2697,1677.0,0.2696,7803.0,0.2698,4936.0,0.2699,2158.0
1753503894104,04:24:54.104,ALGO/USDT:USDT,0.2697,1677.0,0.2696,7803.0,0.2698,4936.0,0.2699,2158.0
1753503894204,04:24:54.204,ALGO/USDT:USDT,0.2697,1677.0,0.2696,7803.0,0.2698,4900.0,0.2699,2085.0
1753503894304,04:24:54.304,ALGO/USDT:USDT,0.2697,1677.0,0.2696,7803.0,0.2698,4900.0,0.2699,2085.0
1753503894804,04:24:54.804,ALGO/USDT:USDT,0.2697,1464.0,0.2696,7803.0,0.2698,4900.0,0.2699,2085.0
1753503895004,04:24:55.004,ALGO/USDT:USDT,0.2697,864.0,0.2696,7803.0,0.2698,4900.0,0.2699,2085.0
1753503895104,04:24:55.104,ALGO/USDT:USDT,0.2697,864.0,0.2696,7803.0,0.2698,4900.0,0.2699,2085.0
1753503895304,04:24:55.304,ALGO/USDT:USDT,0.2697,864.0,0.2696,7803.0,0.2698,4900.0,0.2699,2085.0
1753503895404,04:24:55.404,ALGO/USDT:USDT,0.2697,784.0,0.2696,7803.0,0.2698,4900.0,0.2699,2085.0
1753503895604,04:24:55.604,ALGO/USDT:USDT,0.2697,784.0,0.2696,7803.0,0.2698,4900.0,0.2699,2085.0
1753503896104,04:24:56.104,ALGO/USDT:USDT,0.2697,704.0,0.2696,7803.0,0.2698,4900.0,0.2699,2085.0
1753503896304,04:24:56.304,ALGO/USDT:USDT,0.2697,704.0,0.2696,7803.0,0.2698,4900.0,0.2699,2085.0
1753503896404,04:24:56.404,ALGO/USDT:USDT,0.2697,704.0,0.2696,7803.0,0.2698,4900.0,0.2699,2085.0
1753503896804,04:24:56.804,ALGO/USDT:USDT,0.2697,1597.0,0.2696,7803.0,0.2698,4905.0,0.2699,2085.0
1753503896904,04:24:56.904,ALGO/USDT:USDT,0.2697,1597.0,0.2696,7803.0,0.2698,4905.0,0.2699,2085.0
1753503897604,04:24:57.604,ALGO/USDT:USDT,0.2697,1677.0,0.2696,7803.0,0.2698,4906.0,0.2699,2085.0
1753503897704,04:24:57.704,ALGO/USDT:USDT,0.2697,1677.0,0.2696,7803.0,0.2698,4906.0,0.2699,2085.0
1753503898604,04:24:58.604,ALGO/USDT:USDT,0.2697,1597.0,0.2696,7803.0,0.2698,4906.0,0.2699,2085.0
1753503898904,04:24:58.904,ALGO/USDT:USDT,0.2697,1384.0,0.2696,7803.0,0.2698,4906.0,0.2699,2085.0
1753503899004,04:24:59.004,ALGO/USDT:USDT,0.2697,1384.0,0.2696,7803.0,0.2698,4906.0,0.2699,2085.0
1753503899104,04:24:59.104,ALGO/USDT:USDT,0.2697,1677.0,0.2696,7803.0,0.2698,4906.0,0.2699,2085.0
1753503899204,04:24:59.204,ALGO/USDT:USDT,0.2697,1677.0,0.2696,7840.0,0.2698,4906.0,0.2699,2085.0
1753503899304,04:24:59.304,ALGO/USDT:USDT,0.2697,1677.0,0.2696,7840.0,0.2698,4906.0,0.2699,2085.0
1753503899404,04:24:59.404,ALGO/USDT:USDT,0.2697,1384.0,0.2696,7840.0,0.2698,5053.0,0.2699,2085.0
1753503899604,04:24:59.604,ALGO/USDT:USDT,0.2697,1384.0,0.2696,7840.0,0.2698,5055.0,0.2699,2085.0
1753503899804,04:24:59.804,ALGO/USDT:USDT,0.2697,1384.0,0.2696,7803.0,0.2698,5055.0,0.2699,2085.0
1753503901304,04:25:01.304,ALGO/USDT:USDT,0.2697,1081.0,0.2696,7803.0,0.2698,5055.0,0.2699,2085.0
1753503901404,04:25:01.404,ALGO/USDT:USDT,0.2697,497.0,0.2696,7803.0,0.2698,5055.0,0.2699,2085.0
1753503901504,04:25:01.504,ALGO/USDT:USDT,0.2697,497.0,0.2696,7803.0,0.2698,5055.0,0.2699,2085.0
1753503901604,04:25:01.604,ALGO/USDT:USDT,0.2697,6.0,0.2696,7159.0,0.2698,5390.0,0.2699,2258.0
1753503902304,04:25:02.304,ALGO/USDT:USDT,0.2696,89.0,0.2695,4486.0,0.2697,1361.0,0.2698,8157.0
1753503902704,04:25:02.704,ALGO/USDT:USDT,0.2696,166.0,0.2695,4936.0,0.2697,1455.0,0.2698,8208.0
1753503902804,04:25:02.804,ALGO/USDT:USDT,0.2696,166.0,0.2695,4719.0,0.2697,1491.0,0.2698,8542.0
1753503902904,04:25:02.904,ALGO/USDT:USDT,0.2696,166.0,0.2695,4719.0,0.2697,1563.0,0.2698,8615.0
1753503903104,04:25:03.104,ALGO/USDT:USDT,0.2696,166.0,0.2695,5319.0,0.2697,1635.0,0.2698,8688.0
1753503903204,04:25:03.204,ALGO/USDT:USDT,0.2696,166.0,0.2695,5319.0,0.2697,1635.0,0.2698,8869.0
1753503903304,04:25:03.304,ALGO/USDT:USDT,0.2696,166.0,0.2695,5319.0,0.2697,1709.0,0.2698,9267.0
1753503903404,04:25:03.404,ALGO/USDT:USDT,0.2696,166.0,0.2695,5319.0,0.2697,1709.0,0.2698,9376.0
1753503903504,04:25:03.504,ALGO/USDT:USDT,0.2696,166.0,0.2695,5319.0,0.2697,1709.0,0.2698,9782.0
1753503904204,04:25:04.204,ALGO/USDT:USDT,0.2696,166.0,0.2695,5282.0,0.2697,1637.0,0.2698,9809.0
1753503904604,04:25:04.604,ALGO/USDT:USDT,0.2696,166.0,0.2695,5282.0,0.2697,1709.0,0.2698,10178.0
1753503905104,04:25:05.104,ALGO/USDT:USDT,0.2696,166.0,0.2695,5499.0,0.2697,1673.0,0.2698,10141.0
1753503905204,04:25:05.204,ALGO/USDT:USDT,0.2696,166.0,0.2695,5499.0,0.2697,1420.0,0.2698,9845.0
1753503905404,04:25:05.404,ALGO/USDT:USDT,0.2696,164.0,0.2695,5951.0,0.2697,1673.0,0.2698,9845.0
1753503905504,04:25:05.504,ALGO/USDT:USDT,0.2696,164.0,0.2695,5282.0,0.2697,1673.0,0.2698,9845.0
1753503905804,04:25:05.804,ALGO/USDT:USDT,0.2696,163.0,0.2695,5282.0,0.2697,1781.0,0.2698,10548.0
1753503905904,04:25:05.904,ALGO/USDT:USDT,0.2696,163.0,0.2695,5282.0,0.2697,1781.0,0.2698,10881.0
1753503906004,04:25:06.004,ALGO/USDT:USDT,0.2696,163.0,0.2695,5282.0,0.2697,1781.0,0.2698,10881.0
1753503906104,04:25:06.104,ALGO/USDT:USDT,0.2695,2511.0,0.2694,6194.0,0.2696,571.0,0.2697,5701.0
1753503906204,04:25:06.204,ALGO/USDT:USDT,0.2695,2511.0,0.2694,5489.0,0.2696,356.0,0.2697,5610.0
1753503906304,04:25:06.304,ALGO/USDT:USDT,0.2695,2511.0,0.2694,5489.0,0.2696,487.0,0.2697,5573.0
1753503906404,04:25:06.404,ALGO/USDT:USDT,0.2695,1546.0,0.2694,6139.0,0.2696,487.0,0.2697,5573.0
1753503906504,04:25:06.504,ALGO/USDT:USDT,0.2695,1546.0,0.2694,6139.0,0.2696,487.0,0.2697,4680.0
1753503906904,04:25:06.904,ALGO/USDT:USDT,0.2695,338.0,0.2694,4406.0,0.2696,973.0,0.2697,5045.0
1753503907204,04:25:07.204,ALGO/USDT:USDT,0.2695,338.0,0.2694,4625.0,0.2696,973.0,0.2697,5197.0
1753503907404,04:25:07.404,ALGO/USDT:USDT,0.2694,4625.0,0.2693,5010.0,0.2695,324.0,0.2696,1890.0
1753503907504,04:25:07.504,ALGO/USDT:USDT,0.2695,357.0,0.2694,6319.0,0.2696,1133.0,0.2697,4235.0
1753503907604,04:25:07.604,ALGO/USDT:USDT,0.2695,603.0,0.2694,5845.0,0.2696,692.0,0.2697,4896.0
1753503907704,04:25:07.704,ALGO/USDT:USDT,0.2695,603.0,0.2694,6026.0,0.2696,620.0,0.2697,4818.0
1753503907904,04:25:07.904,ALGO/USDT:USDT,0.2695,603.0,0.2694,6026.0,0.2696,620.0,0.2697,4635.0
1753503908004,04:25:08.004,ALGO/USDT:USDT,0.2695,1203.0,0.2694,6026.0,0.2696,734.0,0.2697,4419.0
1753503908304,04:25:08.304,ALGO/USDT:USDT,0.2695,1203.0,0.2694,6026.0,0.2696,692.0,0.2697,3997.0
1753503908404,04:25:08.404,ALGO/USDT:USDT,0.2695,1203.0,0.2694,6026.0,0.2696,692.0,0.2697,3997.0
1753503908604,04:25:08.604,ALGO/USDT:USDT,0.2694,5809.0,0.2693,4941.0,0.2696,1076.0,0.2697,4100.0
1753503908804,04:25:08.804,ALGO/USDT:USDT,0.2694,4890.0,0.2693,6671.0,0.2696,1398.0,0.2697,3889.0
1753503908904,04:25:08.904,ALGO/USDT:USDT,0.2694,4890.0,0.2693,6671.0,0.2696,1998.0,0.2697,3889.0
1753503909004,04:25:09.004,ALGO/USDT:USDT,0.2694,4890.0,0.2693,6124.0,0.2696,1998.0,0.2697,3889.0
1753503909104,04:25:09.104,ALGO/USDT:USDT,0.2694,4890.0,0.2693,6124.0,0.2696,1998.0,0.2697,3889.0
1753503909304,04:25:09.304,ALGO/USDT:USDT,0.2695,246.0,0.2694,6278.0,0.2696,1576.0,0.2697,4106.0
1753503909404,04:25:09.404,ALGO/USDT:USDT,0.2695,246.0,0.2694,5818.0,0.2696,1657.0,0.2697,4106.0
1753503909504,04:25:09.504,ALGO/USDT:USDT,0.2695,688.0,0.2694,6035.0,0.2696,1292.0,0.2697,4100.0
1753503909604,04:25:09.604,ALGO/USDT:USDT,0.2695,690.0,0.2694,6035.0,0.2696,1292.0,0.2697,4064.0
1753503909704,04:25:09.704,ALGO/USDT:USDT,0.2695,690.0,0.2694,6035.0,0.2696,1292.0,0.2697,3992.0
1753503910204,04:25:10.204,ALGO/USDT:USDT,0.2695,690.0,0.2694,6035.0,0.2696,1292.0,0.2697,4028.0
1753503910604,04:25:10.604,ALGO/USDT:USDT,0.2695,690.0,0.2694,6035.0,0.2696,1292.0,0.2697,3997.0
1753503910704,04:25:10.704,ALGO/USDT:USDT,0.2695,246.0,0.2694,5818.0,0.2696,1590.0,0.2697,4100.0
1753503910904,04:25:10.904,ALGO/USDT:USDT,0.2695,1057.0,0.2694,6035.0,0.2696,692.0,0.2697,4633.0
1753503911304,04:25:11.304,ALGO/USDT:USDT,0.2695,246.0,0.2694,5809.0,0.2696,851.0,0.2697,4561.0
1753503911604,04:25:11.604,ALGO/USDT:USDT,0.2695,246.0,0.2694,6026.0,0.2696,553.0,0.2697,4525.0
1753503911904,04:25:11.904,ALGO/USDT:USDT,0.2695,846.0,0.2694,6026.0,0.2696,714.0,0.2697,4525.0
1753503912204,04:25:12.204,ALGO/USDT:USDT,0.2695,846.0,0.2694,6026.0,0.2696,714.0,0.2697,4525.0
1753503912304,04:25:12.304,ALGO/USDT:USDT,0.2695,846.0,0.2694,6026.0,0.2696,714.0,0.2697,4525.0
1753503912404,04:25:12.404,ALGO/USDT:USDT,0.2695,846.0,0.2694,6026.0,0.2696,553.0,0.2697,4525.0
1753503912804,04:25:12.804,ALGO/USDT:USDT,0.2695,926.0,0.2694,8208.0,0.2696,926.0,0.2697,4525.0
1753503912904,04:25:12.904,ALGO/USDT:USDT,0.2695,846.0,0.2694,8208.0,0.2696,926.0,0.2697,4525.0
1753503913104,04:25:13.104,ALGO/USDT:USDT,0.2695,846.0,0.2694,8208.0,0.2696,926.0,0.2697,4525.0
1753503913604,04:25:13.604,ALGO/USDT:USDT,0.2695,246.0,0.2694,8208.0,0.2696,4314.0,0.2697,3273.0
1753503913704,04:25:13.704,ALGO/USDT:USDT,0.2695,246.0,0.2694,8208.0,0.2696,4531.0,0.2697,3340.0
1753503914304,04:25:14.304,ALGO/USDT:USDT,0.2695,246.0,0.2694,8208.0,0.2696,4551.0,0.2697,3427.0
1753503914404,04:25:14.404,ALGO/USDT:USDT,0.2695,246.0,0.2694,8208.0,0.2696,4551.0,0.2697,3427.0
1753503914604,04:25:14.604,ALGO/USDT:USDT,0.2695,246.0,0.2694,7322.0,0.2696,4551.0,0.2697,3427.0
1753503915104,04:25:15.104,ALGO/USDT:USDT,0.2695,246.0,0.2694,7322.0,0.2696,4551.0,0.2697,3499.0
1753503915204,04:25:15.204,ALGO/USDT:USDT,0.2695,246.0,0.2694,7539.0,0.2696,4551.0,0.2697,3499.0
1753503915304,04:25:15.304,ALGO/USDT:USDT,0.2695,246.0,0.2694,7539.0,0.2696,4627.0,0.2697,3499.0
1753503915604,04:25:15.604,ALGO/USDT:USDT,0.2695,256.0,0.2694,6777.0,0.2696,4620.0,0.2697,3288.0
1753503915704,04:25:15.704,ALGO/USDT:USDT,0.2695,256.0,0.2694,7542.0,0.2696,4843.0,0.2697,3463.0
1753503915904,04:25:15.904,ALGO/USDT:USDT,0.2695,256.0,0.2694,8211.0,0.2696,4843.0,0.2697,3463.0
1753503916504,04:25:16.504,ALGO/USDT:USDT,0.2694,6196.0,0.2693,14647.0,0.2696,5240.0,0.2697,3035.0
1753503916904,04:25:16.904,ALGO/USDT:USDT,0.2695,256.0,0.2694,7114.0,0.2696,4545.0,0.2697,3504.0
1753503917004,04:25:17.004,ALGO/USDT:USDT,0.2695,256.0,0.2694,6535.0,0.2696,4843.0,0.2697,3535.0
1753503917304,04:25:17.304,ALGO/USDT:USDT,0.2695,256.0,0.2694,6454.0,0.2696,4843.0,0.2697,3535.0
1753503917404,04:25:17.404,ALGO/USDT:USDT,0.2695,256.0,0.2694,6237.0,0.2696,4843.0,0.2697,3535.0
1753503917504,04:25:17.504,ALGO/USDT:USDT,0.2695,256.0,0.2694,6237.0,0.2696,4843.0,0.2697,3571.0
1753503917604,04:25:17.604,ALGO/USDT:USDT,0.2695,256.0,0.2694,6454.0,0.2696,4843.0,0.2697,3571.0
1753503917704,04:25:17.704,ALGO/USDT:USDT,0.2695,256.0,0.2694,6454.0,0.2696,4626.0,0.2697,3607.0
1753503918004,04:25:18.004,ALGO/USDT:USDT,0.2695,256.0,0.2694,6454.0,0.2696,4545.0,0.2697,3607.0
1753503918104,04:25:18.104,ALGO/USDT:USDT,0.2695,256.0,0.2694,6454.0,0.2696,4545.0,0.2697,3607.0
1753503918304,04:25:18.304,ALGO/USDT:USDT,0.2695,256.0,0.2694,6454.0,0.2696,4545.0,0.2697,3571.0
1753503918404,04:25:18.404,ALGO/USDT:USDT,0.2694,7123.0,0.2693,11467.0,0.2696,4545.0,0.2697,3535.0
1753503918504,04:25:18.504,ALGO/USDT:USDT,0.2694,5108.0,0.2693,12687.0,0.2696,5098.0,0.2697,3396.0
1753503918604,04:25:18.604,ALGO/USDT:USDT,0.2694,5108.0,0.2693,12687.0,0.2696,5098.0,0.2697,3288.0
1753503918704,04:25:18.704,ALGO/USDT:USDT,0.2694,4458.0,0.2693,12633.0,0.2696,5098.0,0.2697,3288.0
1753503918804,04:25:18.804,ALGO/USDT:USDT,0.2694,4458.0,0.2693,12596.0,0.2696,5698.0,0.2697,3288.0
1753503919304,04:25:19.304,ALGO/USDT:USDT,0.2694,4458.0,0.2693,12596.0,0.2696,5698.0,0.2697,3180.0
1753503919504,04:25:19.504,ALGO/USDT:USDT,0.2694,4458.0,0.2693,12596.0,0.2696,5698.0,0.2697,3180.0
1753503919704,04:25:19.704,ALGO/USDT:USDT,0.2694,4458.0,0.2693,12596.0,0.2696,5098.0,0.2697,3180.0
1753503919804,04:25:19.804,ALGO/USDT:USDT,0.2694,4458.0,0.2693,12596.0,0.2696,5105.0,0.2697,3180.0
1753503920604,04:25:20.604,ALGO/USDT:USDT,0.2694,4458.0,0.2693,12596.0,0.2696,5105.0,0.2697,3180.0
1753503920904,04:25:20.904,ALGO/USDT:USDT,0.2695,256.0,0.2694,5881.0,0.2696,4552.0,0.2697,3503.0
1753503921204,04:25:21.204,ALGO/USDT:USDT,0.2695,256.0,0.2694,5801.0,0.2696,4633.0,0.2697,3575.0
1753503921404,04:25:21.404,ALGO/USDT:USDT,0.2695,256.0,0.2694,5801.0,0.2696,4850.0,0.2697,3683.0
1753503921804,04:25:21.804,ALGO/USDT:USDT,0.2695,256.0,0.2694,5801.0,0.2696,4850.0,0.2697,3535.0
1753503922004,04:25:22.004,ALGO/USDT:USDT,0.2695,256.0,0.2694,5801.0,0.2696,4850.0,0.2697,3535.0
1753503922104,04:25:22.104,ALGO/USDT:USDT,0.2694,4377.0,0.2693,12782.0,0.2696,5475.0,0.2697,3252.0
1753503922204,04:25:22.204,ALGO/USDT:USDT,0.2695,250.0,0.2694,5292.0,0.2696,4627.0,0.2697,3210.0
1753503922304,04:25:22.304,ALGO/USDT:USDT,0.2695,250.0,0.2694,5800.0,0.2696,4633.0,0.2697,3354.0
1753503922404,04:25:22.404,ALGO/USDT:USDT,0.2695,250.0,0.2694,5800.0,0.2696,4633.0,0.2697,3371.0
1753503922504,04:25:22.504,ALGO/USDT:USDT,0.2695,250.0,0.2694,5801.0,0.2696,4642.0,0.2697,3407.0
1753503922604,04:25:22.604,ALGO/USDT:USDT,0.2695,250.0,0.2694,5801.0,0.2696,4561.0,0.2697,3407.0
1753503922704,04:25:22.704,ALGO/USDT:USDT,0.2695,250.0,0.2694,5801.0,0.2696,4561.0,0.2697,3407.0
1753503923204,04:25:23.204,ALGO/USDT:USDT,0.2695,1067.0,0.2694,6470.0,0.2696,4561.0,0.2697,2632.0
1753503923304,04:25:23.304,ALGO/USDT:USDT,0.2695,1223.0,0.2694,6470.0,0.2696,4561.0,0.2697,2524.0
1753503923404,04:25:23.404,ALGO/USDT:USDT,0.2695,1303.0,0.2694,6470.0,0.2696,4561.0,0.2697,2488.0
1753503923804,04:25:23.804,ALGO/USDT:USDT,0.2695,1303.0,0.2694,6470.0,0.2696,4561.0,0.2697,2452.0
1753503923904,04:25:23.904,ALGO/USDT:USDT,0.2695,1303.0,0.2694,6470.0,0.2696,4561.0,0.2697,2452.0
1753503924004,04:25:24.004,ALGO/USDT:USDT,0.2695,1303.0,0.2694,6507.0,0.2696,4561.0,0.2697,2399.0
1753503924204,04:25:24.204,ALGO/USDT:USDT,0.2695,1303.0,0.2694,6507.0,0.2696,4561.0,0.2697,2399.0
1753503924904,04:25:24.904,ALGO/USDT:USDT,0.2695,1005.0,0.2694,6253.0,0.2696,4561.0,0.2697,2399.0
1753503925304,04:25:25.304,ALGO/USDT:USDT,0.2695,1005.0,0.2694,6253.0,0.2696,4594.0,0.2697,2399.0
1753503925704,04:25:25.704,ALGO/USDT:USDT,0.2695,850.0,0.2694,6253.0,0.2696,4675.0,0.2697,2399.0
1753503925904,04:25:25.904,ALGO/USDT:USDT,0.2695,850.0,0.2694,6253.0,0.2696,4675.0,0.2697,2399.0
1753503926504,04:25:26.504,ALGO/USDT:USDT,0.2695,1147.0,0.2694,6253.0,0.2696,4594.0,0.2697,2399.0
1753503926904,04:25:26.904,ALGO/USDT:USDT,0.2695,250.0,0.2694,3983.0,0.2696,6147.0,0.2697,2399.0
1753503927004,04:25:27.004,ALGO/USDT:USDT,0.2695,250.0,0.2694,6972.0,0.2696,4594.0,0.2697,2615.0
1753503927104,04:25:27.104,ALGO/USDT:USDT,0.2695,250.0,0.2694,6973.0,0.2696,4594.0,0.2697,2615.0
1753503927204,04:25:27.204,ALGO/USDT:USDT,0.2695,467.0,0.2694,6756.0,0.2696,4594.0,0.2697,2615.0
1753503927304,04:25:27.304,ALGO/USDT:USDT,0.2695,467.0,0.2694,6756.0,0.2696,4594.0,0.2697,2579.0
1753503927404,04:25:27.404,ALGO/USDT:USDT,0.2695,467.0,0.2694,6756.0,0.2696,4594.0,0.2697,2579.0
1753503927504,04:25:27.504,ALGO/USDT:USDT,0.2695,250.0,0.2694,6756.0,0.2696,4594.0,0.2697,2615.0
1753503927604,04:25:27.604,ALGO/USDT:USDT,0.2695,250.0,0.2694,6756.0,0.2696,4630.0,0.2697,2651.0
1753503928004,04:25:28.004,ALGO/USDT:USDT,0.2695,628.0,0.2694,6675.0,0.2696,4630.0,0.2697,2651.0
1753503928604,04:25:28.604,ALGO/USDT:USDT,0.2695,548.0,0.2694,6675.0,0.2696,4594.0,0.2697,2543.0
1753503928804,04:25:28.804,ALGO/USDT:USDT,0.2695,548.0,0.2694,6675.0,0.2696,4594.0,0.2697,2543.0
1753503929004,04:25:29.004,ALGO/USDT:USDT,0.2695,548.0,0.2694,6675.0,0.2696,4594.0,0.2697,2471.0
1753503930904,04:25:30.904,ALGO/USDT:USDT,0.2695,486.0,0.2694,6675.0,0.2696,4592.0,0.2697,2471.0
1753503931204,04:25:31.204,ALGO/USDT:USDT,0.2695,486.0,0.2694,6675.0,0.2696,4592.0,0.2697,2471.0
1753503932504,04:25:32.504,ALGO/USDT:USDT,0.2695,567.0,0.2694,6675.0,0.2696,4592.0,0.2697,2435.0
1753503932804,04:25:32.804,ALGO/USDT:USDT,0.2695,567.0,0.2694,6712.0,0.2696,4592.0,0.2697,2435.0
1753503933304,04:25:33.304,ALGO/USDT:USDT,0.2695,567.0,0.2694,6712.0,0.2696,4595.0,0.2697,2435.0
1753503933504,04:25:33.504,ALGO/USDT:USDT,0.2695,567.0,0.2694,6712.0,0.2696,4595.0,0.2697,2435.0
1753503933804,04:25:33.804,ALGO/USDT:USDT,0.2695,486.0,0.2694,6712.0,0.2696,4616.0,0.2697,2435.0
1753503934404,04:25:34.404,ALGO/USDT:USDT,0.2695,269.0,0.2694,6675.0,0.2696,4621.0,0.2697,2435.0
1753503934604,04:25:34.604,ALGO/USDT:USDT,0.2695,269.0,0.2694,6675.0,0.2696,4702.0,0.2697,2435.0
1753503934704,04:25:34.704,ALGO/USDT:USDT,0.2695,269.0,0.2694,6675.0,0.2696,5302.0,0.2697,2435.0
1753503934804,04:25:34.804,ALGO/USDT:USDT,0.2695,269.0,0.2694,6675.0,0.2696,5302.0,0.2697,2435.0
1753503935004,04:25:35.004,ALGO/USDT:USDT,0.2695,269.0,0.2694,6675.0,0.2696,5302.0,0.2697,2435.0
1753503935104,04:25:35.104,ALGO/USDT:USDT,0.2695,269.0,0.2694,6675.0,0.2696,5302.0,0.2697,2435.0
1753503935204,04:25:35.204,ALGO/USDT:USDT,0.269,501.0,0.2689,3507.0,0.2691,2010.0,0.2692,4393.0
1753503935604,04:25:35.604,ALGO/USDT:USDT,0.2691,45.0,0.269,2795.0,0.2692,1737.0,0.2693,4141.0
1753503935704,04:25:35.704,ALGO/USDT:USDT,0.269,2548.0,0.2689,5142.0,0.2692,2718.0,0.2693,3523.0
1753503935904,04:25:35.904,ALGO/USDT:USDT,0.269,2476.0,0.2689,5516.0,0.2692,1913.0,0.2693,3487.0
1753503936004,04:25:36.004,ALGO/USDT:USDT,0.269,2476.0,0.2689,5516.0,0.2692,1913.0,0.2693,3487.0
1753503936304,04:25:36.304,ALGO/USDT:USDT,0.2691,296.0,0.269,3435.0,0.2692,1702.0,0.2693,3649.0
1753503936704,04:25:36.704,ALGO/USDT:USDT,0.2691,920.0,0.269,4035.0,0.2692,1481.0,0.2693,3544.0
1753503936804,04:25:36.804,ALGO/USDT:USDT,0.2691,920.0,0.269,4035.0,0.2692,1635.0,0.2693,3761.0
1753503937004,04:25:37.004,ALGO/USDT:USDT,0.2691,920.0,0.269,4035.0,0.2692,1635.0,0.2693,3507.0
1753503937104,04:25:37.104,ALGO/USDT:USDT,0.2691,920.0,0.269,4035.0,0.2692,1635.0,0.2693,3435.0
1753503937604,04:25:37.604,ALGO/USDT:USDT,0.2691,1173.0,0.269,4123.0,0.2692,1635.0,0.2693,3652.0
1753503938504,04:25:38.504,ALGO/USDT:USDT,0.2691,335.0,0.269,4040.0,0.2692,1670.0,0.2693,3688.0
1753503938604,04:25:38.604,ALGO/USDT:USDT,0.2691,335.0,0.269,4040.0,0.2692,2000.0,0.2693,3688.0
1753503938704,04:25:38.704,ALGO/USDT:USDT,0.2691,335.0,0.269,4040.0,0.2692,2000.0,0.2693,3688.0
1753503938804,04:25:38.804,ALGO/USDT:USDT,0.2691,335.0,0.269,4040.0,0.2692,2000.0,0.2693,3688.0
1753503938904,04:25:38.904,ALGO/USDT:USDT,0.2691,335.0,0.269,4040.0,0.2692,2000.0,0.2693,3688.0
1753503939004,04:25:39.004,ALGO/USDT:USDT,0.2691,335.0,0.269,4040.0,0.2692,2000.0,0.2693,3688.0
1753503939204,04:25:39.204,ALGO/USDT:USDT,0.2691,335.0,0.269,4040.0,0.2692,2000.0,0.2693,3652.0
1753503939304,04:25:39.304,ALGO/USDT:USDT,0.2691,270.0,0.269,4040.0,0.2692,2238.0,0.2693,3652.0
1753503939504,04:25:39.504,ALGO/USDT:USDT,0.2691,253.0,0.269,3359.0,0.2692,2238.0,0.2693,3725.0
1753503939804,04:25:39.804,ALGO/USDT:USDT,0.2691,552.0,0.269,3359.0,0.2692,2238.0,0.2693,3725.0
1753503940004,04:25:40.004,ALGO/USDT:USDT,0.2691,552.0,0.269,3359.0,0.2692,2238.0,0.2693,3652.0
1753503940104,04:25:40.104,ALGO/USDT:USDT,0.2691,2.0,0.269,3359.0,0.2692,2238.0,0.2693,3652.0
1753503940204,04:25:40.204,ALGO/USDT:USDT,0.269,646.0,0.2689,6190.0,0.2691,1211.0,0.2692,3658.0
1753503940304,04:25:40.304,ALGO/USDT:USDT,0.269,614.0,0.2689,5592.0,0.2691,2298.0,0.2692,4333.0
1753503940404,04:25:40.404,ALGO/USDT:USDT,0.269,831.0,0.2689,4926.0,0.2691,2298.0,0.2692,4338.0
1753503940504,04:25:40.504,ALGO/USDT:USDT,0.269,831.0,0.2689,5597.0,0.2691,2334.0,0.2692,4303.0
1753503940704,04:25:40.704,ALGO/USDT:USDT,0.269,1431.0,0.2689,5562.0,0.2691,2334.0,0.2692,4303.0
1753503940804,04:25:40.804,ALGO/USDT:USDT,0.269,1431.0,0.2689,5562.0,0.2691,2334.0,0.2692,4303.0
1753503940904,04:25:40.904,ALGO/USDT:USDT,0.2691,1150.0,0.269,3576.0,0.2692,2525.0,0.2693,2743.0
1753503941404,04:25:41.404,ALGO/USDT:USDT,0.2692,1907.0,0.2691,4655.0,0.2693,1070.0,0.2694,2722.0
1753503941804,04:25:41.804,ALGO/USDT:USDT,0.2692,1907.0,0.2691,4692.0,0.2693,1070.0,0.2694,2722.0
1753503942004,04:25:42.004,ALGO/USDT:USDT,0.2692,1907.0,0.2691,4766.0,0.2693,1070.0,0.2694,2722.0
1753503942104,04:25:42.104,ALGO/USDT:USDT,0.2692,1907.0,0.2691,4766.0,0.2693,1070.0,0.2694,2939.0
1753503942204,04:25:42.204,ALGO/USDT:USDT,0.2692,1907.0,0.2691,4766.0,0.2693,1070.0,0.2694,2722.0
1753503942504,04:25:42.504,ALGO/USDT:USDT,0.2692,1842.0,0.2691,4681.0,0.2693,990.0,0.2694,2884.0
1753503942804,04:25:42.804,ALGO/USDT:USDT,0.2692,1842.0,0.2691,4718.0,0.2693,990.0,0.2694,3181.0
1753503942904,04:25:42.904,ALGO/USDT:USDT,0.2692,1842.0,0.2691,4718.0,0.2693,990.0,0.2694,2964.0
1753503943004,04:25:43.004,ALGO/USDT:USDT,0.2692,1842.0,0.2691,4754.0,0.2693,990.0,0.2694,2964.0
1753503943104,04:25:43.104,ALGO/USDT:USDT,0.2692,1842.0,0.2691,4681.0,0.2693,990.0,0.2694,2964.0
1753503943204,04:25:43.204,ALGO/USDT:USDT,0.2692,1625.0,0.2691,4681.0,0.2693,990.0,0.2694,3181.0
1753503943304,04:25:43.304,ALGO/USDT:USDT,0.2692,1084.0,0.2691,4681.0,0.2693,990.0,0.2694,3181.0
1753503943404,04:25:43.404,ALGO/USDT:USDT,0.2692,1621.0,0.2691,4681.0,0.2693,990.0,0.2694,2964.0
1753503943604,04:25:43.604,ALGO/USDT:USDT,0.2692,1404.0,0.2691,4681.0,0.2693,990.0,0.2694,3781.0
1753503943704,04:25:43.704,ALGO/USDT:USDT,0.2692,1621.0,0.2691,4681.0,0.2693,990.0,0.2694,3781.0
1753503943804,04:25:43.804,ALGO/USDT:USDT,0.2692,1621.0,0.2691,4681.0,0.2693,990.0,0.2694,3181.0
1753503943904,04:25:43.904,ALGO/USDT:USDT,0.2692,1621.0,0.2691,4681.0,0.2693,990.0,0.2694,2964.0
1753503944004,04:25:44.004,ALGO/USDT:USDT,0.2692,1621.0,0.2691,4681.0,0.2693,990.0,0.2694,3181.0
1753503944104,04:25:44.104,ALGO/USDT:USDT,0.2692,1404.0,0.2691,4607.0,0.2693,990.0,0.2694,3181.0
1753503944304,04:25:44.304,ALGO/USDT:USDT,0.2692,1621.0,0.2691,4607.0,0.2693,990.0,0.2694,3181.0
1753503944504,04:25:44.504,ALGO/USDT:USDT,0.2692,1621.0,0.2691,4644.0,0.2693,592.0,0.2694,3144.0
1753503944604,04:25:44.604,ALGO/USDT:USDT,0.2692,1621.0,0.2691,4718.0,0.2693,592.0,0.2694,2927.0
1753503944704,04:25:44.704,ALGO/USDT:USDT,0.2692,1619.0,0.2691,4607.0,0.2693,738.0,0.2694,3144.0
1753503944804,04:25:44.804,ALGO/USDT:USDT,0.2692,1621.0,0.2691,4607.0,0.2693,738.0,0.2694,3144.0
1753503944904,04:25:44.904,ALGO/USDT:USDT,0.2692,1621.0,0.2691,4607.0,0.2693,592.0,0.2694,2927.0
1753503945004,04:25:45.004,ALGO/USDT:USDT,0.2692,1621.0,0.2691,4607.0,0.2693,592.0,0.2694,2465.0
1753503945804,04:25:45.804,ALGO/USDT:USDT,0.2692,1404.0,0.2691,4643.0,0.2693,731.0,0.2694,2682.0
1753503946004,04:25:46.004,ALGO/USDT:USDT,0.2692,1404.0,0.2691,4643.0,0.2693,731.0,0.2694,2682.0
1753503946104,04:25:46.104,ALGO/USDT:USDT,0.2692,1404.0,0.2691,4643.0,0.2693,731.0,0.2694,2682.0
1753503946204,04:25:46.204,ALGO/USDT:USDT,0.2692,1621.0,0.2691,4607.0,0.2693,592.0,0.2694,2465.0
1753503946604,04:25:46.604,ALGO/USDT:USDT,0.2692,1621.0,0.2691,4754.0,0.2693,592.0,0.2694,2465.0
1753503947404,04:25:47.404,ALGO/USDT:USDT,0.2692,2327.0,0.2691,4937.0,0.2693,592.0,0.2694,2340.0
1753503947604,04:25:47.604,ALGO/USDT:USDT,0.2692,2483.0,0.2691,5078.0,0.2693,592.0,0.2694,2340.0
1753503947804,04:25:47.804,ALGO/USDT:USDT,0.2692,2483.0,0.2691,5114.0,0.2693,592.0,0.2694,2340.0
1753503948204,04:25:48.204,ALGO/USDT:USDT,0.2692,2449.0,0.2691,5115.0,0.2693,734.0,0.2694,2340.0
1753503948404,04:25:48.404,ALGO/USDT:USDT,0.2692,2516.0,0.2691,5188.0,0.2693,592.0,0.2694,2340.0
1753503948504,04:25:48.504,ALGO/USDT:USDT,0.2692,2449.0,0.2691,5255.0,0.2693,592.0,0.2694,2340.0
1753503948704,04:25:48.704,ALGO/USDT:USDT,0.2692,2522.0,0.2691,5255.0,0.2693,592.0,0.2694,2340.0
1753503948904,04:25:48.904,ALGO/USDT:USDT,0.2692,2522.0,0.2691,5283.0,0.2693,592.0,0.2694,2340.0
1753503949004,04:25:49.004,ALGO/USDT:USDT,0.2692,2522.0,0.2691,5283.0,0.2693,592.0,0.2694,2340.0
1753503949304,04:25:49.304,ALGO/USDT:USDT,0.2692,2522.0,0.2691,5283.0,0.2693,592.0,0.2694,2340.0
1753503949704,04:25:49.704,ALGO/USDT:USDT,0.2692,2666.0,0.2691,5653.0,0.2693,592.0,0.2694,2340.0
1753503949804,04:25:49.804,ALGO/USDT:USDT,0.2692,2630.0,0.2691,5319.0,0.2693,592.0,0.2694,2340.0
1753503949904,04:25:49.904,ALGO/USDT:USDT,0.2692,2594.0,0.2691,5319.0,0.2693,592.0,0.2694,2340.0
1753503950004,04:25:50.004,ALGO/USDT:USDT,0.2692,2522.0,0.2691,5251.0,0.2693,728.0,0.2694,2340.0
1753503950504,04:25:50.504,ALGO/USDT:USDT,0.2692,2305.0,0.2691,5251.0,0.2693,728.0,0.2694,2940.0
1753503950604,04:25:50.604,ALGO/USDT:USDT,0.2692,2305.0,0.2691,5251.0,0.2693,728.0,0.2694,3157.0
1753503950904,04:25:50.904,ALGO/USDT:USDT,0.2692,2197.0,0.2691,5214.0,0.2693,728.0,0.2694,3157.0
1753503951004,04:25:51.004,ALGO/USDT:USDT,0.2692,2414.0,0.2691,5214.0,0.2693,592.0,0.2694,2940.0
1753503951404,04:25:51.404,ALGO/USDT:USDT,0.2692,3012.0,0.2691,5214.0,0.2693,728.0,0.2694,2940.0
1753503951704,04:25:51.704,ALGO/USDT:USDT,0.2692,2795.0,0.2691,5214.0,0.2693,1190.0,0.2694,3157.0
1753503952204,04:25:52.204,ALGO/USDT:USDT,0.2692,2795.0,0.2691,5178.0,0.2693,1190.0,0.2694,3157.0
1753503952304,04:25:52.304,ALGO/USDT:USDT,0.2692,3012.0,0.2691,5178.0,0.2693,1190.0,0.2694,2940.0
1753503952404,04:25:52.404,ALGO/USDT:USDT,0.2692,2714.0,0.2691,5178.0,0.2693,1190.0,0.2694,3157.0
1753503952604,04:25:52.604,ALGO/USDT:USDT,0.2692,2795.0,0.2691,5178.0,0.2693,1190.0,0.2694,3157.0
1753503952704,04:25:52.704,ALGO/USDT:USDT,0.2692,3012.0,0.2691,5178.0,0.2693,1190.0,0.2694,2940.0
1753503952804,04:25:52.804,ALGO/USDT:USDT,0.2692,3012.0,0.2691,5178.0,0.2693,1190.0,0.2694,2940.0
1753503953104,04:25:53.104,ALGO/USDT:USDT,0.2692,3029.0,0.2691,5178.0,0.2693,1190.0,0.2694,2340.0
1753503953204,04:25:53.204,ALGO/USDT:USDT,0.2692,3029.0,0.2691,5178.0,0.2693,1190.0,0.2694,2340.0
1753503953404,04:25:53.404,ALGO/USDT:USDT,0.2692,3029.0,0.2691,5178.0,0.2693,1190.0,0.2694,2340.0
1753503953804,04:25:53.804,ALGO/USDT:USDT,0.2692,2739.0,0.2691,4815.0,0.2693,4799.0,0.2694,2340.0
1753503954004,04:25:54.004,ALGO/USDT:USDT,0.2692,2956.0,0.2691,4743.0,0.2693,4799.0,0.2694,2340.0
1753503954204,04:25:54.204,ALGO/USDT:USDT,0.2692,2920.0,0.2691,4706.0,0.2693,4799.0,0.2694,2340.0
1753503954604,04:25:54.604,ALGO/USDT:USDT,0.2692,2031.0,0.2691,4485.0,0.2693,4799.0,0.2694,2377.0
