timestamp,time,symbol,bid1_price,bid1_volume,bid2_price,bid2_volume,ask1_price,ask1_volume,ask2_price,ask2_volume
1753503304597,04:15:04.597,ALGO/USDT:USDT,0.27,5.9,0.2699,107185.1,0.2701,47266.9,0.2702,149227.2
1753503305097,04:15:05.097,ALGO/USDT:USDT,0.27,5.9,0.2699,107185.1,0.2701,48308.1,0.2702,155135.1
1753503305397,04:15:05.397,ALGO/USDT:USDT,0.27,5.9,0.2699,103383.5,0.2701,48308.1,0.2702,155135.1
1753503305596,04:15:05.596,ALGO/USDT:USDT,0.27,5.9,0.2699,103383.5,0.2701,48678.4,0.2702,154771.2
1753503305698,04:15:05.698,ALGO/USDT:USDT,0.27,19134.3,0.2699,128556.0,0.2701,25720.4,0.2702,70430.5
1753503305797,04:15:05.797,ALGO/USDT:USDT,0.27,19134.3,0.2699,134339.1,0.2701,25720.4,0.2702,85800.5
1753503305897,04:15:05.897,ALGO/USDT:USDT,0.27,19134.3,0.2699,134339.1,0.2701,32884.6,0.2702,89256.7
1753503305996,04:15:05.996,ALGO/USDT:USDT,0.27,19134.3,0.2699,134339.1,0.2701,32884.6,0.2702,89256.7
1753503306198,04:15:06.198,ALGO/USDT:USDT,0.27,19134.3,0.2699,134339.1,0.2701,32884.6,0.2702,89256.7
1753503306297,04:15:06.297,ALGO/USDT:USDT,0.27,19134.3,0.2699,134339.1,0.2701,32896.4,0.2702,89256.7
1753503306397,04:15:06.397,ALGO/USDT:USDT,0.27,19134.3,0.2699,134339.1,0.2701,32896.4,0.2702,89256.6
1753503306497,04:15:06.497,ALGO/USDT:USDT,0.27,19134.3,0.2699,134339.1,0.2701,32896.4,0.2702,88149.3
1753503306797,04:15:06.797,ALGO/USDT:USDT,0.27,19134.3,0.2699,123664.2,0.2701,32896.4,0.2702,88149.3
1753503306897,04:15:06.897,ALGO/USDT:USDT,0.27,19134.3,0.2699,123664.2,0.2701,32896.4,0.2702,88149.3
1753503306997,04:15:06.997,ALGO/USDT:USDT,0.27,19134.3,0.2699,123664.2,0.2701,32896.4,0.2702,88149.3
1753503307097,04:15:07.097,ALGO/USDT:USDT,0.27,19134.3,0.2699,123664.2,0.2701,32896.4,0.2702,88149.3
1753503307397,04:15:07.397,ALGO/USDT:USDT,0.27,19134.3,0.2699,109872.5,0.2701,32896.4,0.2702,88149.3
1753503307697,04:15:07.697,ALGO/USDT:USDT,0.2701,20097.8,0.27,149459.5,0.2702,28268.6,0.2703,48412.5
1753503307797,04:15:07.797,ALGO/USDT:USDT,0.2701,22200.6,0.27,159464.2,0.2702,12268.6,0.2703,54399.9
1753503307897,04:15:07.897,ALGO/USDT:USDT,0.2701,70039.9,0.27,147729.3,0.2702,12268.6,0.2703,52927.7
1753503307997,04:15:07.997,ALGO/USDT:USDT,0.2701,79039.9,0.27,147729.3,0.2702,12268.6,0.2703,73114.8
1753503308100,04:15:08.100,ALGO/USDT:USDT,0.2701,35609.1,0.27,145820.5,0.2702,12268.6,0.2703,73114.8
1753503308398,04:15:08.398,ALGO/USDT:USDT,0.2701,35609.1,0.27,145820.5,0.2702,12268.6,0.2703,73114.8
1753503308497,04:15:08.497,ALGO/USDT:USDT,0.2701,31276.3,0.27,145820.5,0.2702,16895.6,0.2703,73114.8
1753503308598,04:15:08.598,ALGO/USDT:USDT,0.2701,29028.5,0.27,145820.5,0.2702,24059.8,0.2703,96150.9
1753503308697,04:15:08.697,ALGO/USDT:USDT,0.2701,29028.5,0.27,145820.5,0.2702,24059.8,0.2703,96150.9
1753503308797,04:15:08.797,ALGO/USDT:USDT,0.2701,29028.5,0.27,145820.5,0.2702,24059.8,0.2703,96150.9
1753503308897,04:15:08.897,ALGO/USDT:USDT,0.2701,29028.5,0.27,145820.5,0.2702,24059.8,0.2703,96150.9
1753503308997,04:15:08.997,ALGO/USDT:USDT,0.2701,36028.5,0.27,145820.5,0.2702,24059.8,0.2703,96150.9
1753503309097,04:15:09.097,ALGO/USDT:USDT,0.2701,35952.8,0.27,145820.5,0.2702,24072.0,0.2703,96150.9
1753503309197,04:15:09.197,ALGO/USDT:USDT,0.2701,35952.8,0.27,145820.5,0.2702,24072.0,0.2703,96150.9
1753503309297,04:15:09.297,ALGO/USDT:USDT,0.2701,35952.8,0.27,145820.5,0.2702,24072.0,0.2703,96150.9
1753503309397,04:15:09.397,ALGO/USDT:USDT,0.2701,19152.8,0.27,138800.7,0.2702,25337.6,0.2703,100863.5
1753503309497,04:15:09.497,ALGO/USDT:USDT,0.2701,19727.9,0.27,143000.3,0.2702,9720.4,0.2703,53890.9
1753503309597,04:15:09.597,ALGO/USDT:USDT,0.2701,19952.8,0.27,141724.4,0.2702,29547.4,0.2703,87561.8
1753503309697,04:15:09.697,ALGO/USDT:USDT,0.2701,20024.0,0.27,141724.4,0.2702,29547.4,0.2703,87561.8
1753503309797,04:15:09.797,ALGO/USDT:USDT,0.2701,20024.0,0.27,141724.4,0.2702,29547.4,0.2703,87561.8
1753503309897,04:15:09.897,ALGO/USDT:USDT,0.2701,20024.0,0.27,141724.4,0.2702,29547.4,0.2703,87561.8
1753503310099,04:15:10.099,ALGO/USDT:USDT,0.2701,20099.7,0.27,141724.4,0.2702,29547.4,0.2703,87561.8
1753503310197,04:15:10.197,ALGO/USDT:USDT,0.2701,20099.7,0.27,141724.4,0.2702,29547.4,0.2703,87561.8
1753503310297,04:15:10.297,ALGO/USDT:USDT,0.2701,20099.7,0.27,148117.0,0.2702,29547.4,0.2703,87561.8
1753503310398,04:15:10.398,ALGO/USDT:USDT,0.2701,20099.7,0.27,148396.8,0.2702,30180.8,0.2703,87561.8
1753503310497,04:15:10.497,ALGO/USDT:USDT,0.2701,20099.7,0.27,148470.9,0.2702,29547.4,0.2703,87561.8
1753503310597,04:15:10.597,ALGO/USDT:USDT,0.2701,20099.7,0.27,148470.9,0.2702,29547.4,0.2703,87561.8
1753503310797,04:15:10.797,ALGO/USDT:USDT,0.2701,20099.7,0.27,148396.8,0.2702,30180.8,0.2703,88361.8
1753503310897,04:15:10.897,ALGO/USDT:USDT,0.2701,20099.7,0.27,148470.9,0.2702,30180.8,0.2703,88361.8
1753503311097,04:15:11.097,ALGO/USDT:USDT,0.2701,20099.7,0.27,148470.9,0.2702,29547.4,0.2703,88361.8
1753503311197,04:15:11.197,ALGO/USDT:USDT,0.2701,20099.7,0.27,148470.9,0.2702,30180.8,0.2703,88361.8
1753503311297,04:15:11.297,ALGO/USDT:USDT,0.2701,22415.7,0.27,148470.9,0.2702,30180.8,0.2703,88361.8
1753503311397,04:15:11.397,ALGO/USDT:USDT,0.2701,20099.7,0.27,148470.9,0.2702,30180.8,0.2703,88361.8
1753503311598,04:15:11.598,ALGO/USDT:USDT,0.2701,19874.8,0.27,148470.9,0.2702,30180.8,0.2703,88361.8
1753503311697,04:15:11.697,ALGO/USDT:USDT,0.2701,19074.8,0.27,148470.9,0.2702,30191.3,0.2703,88361.8
1753503311897,04:15:11.897,ALGO/USDT:USDT,0.2701,19074.8,0.27,148396.8,0.2702,30191.3,0.2703,88361.8
1753503311998,04:15:11.998,ALGO/USDT:USDT,0.2701,19299.7,0.27,148470.9,0.2702,29873.4,0.2703,87831.8
1753503312097,04:15:12.097,ALGO/USDT:USDT,0.2701,18999.1,0.27,148470.9,0.2702,29873.4,0.2703,87831.8
1753503312197,04:15:12.197,ALGO/USDT:USDT,0.2701,18999.1,0.27,148470.9,0.2702,29873.4,0.2703,87831.8
1753503312297,04:15:12.297,ALGO/USDT:USDT,0.2701,18999.1,0.27,148396.8,0.2702,37219.8,0.2703,87831.8
1753503312397,04:15:12.397,ALGO/USDT:USDT,0.2701,18999.1,0.27,148470.9,0.2702,36586.4,0.2703,87831.8
1753503312496,04:15:12.496,ALGO/USDT:USDT,0.2701,18999.1,0.27,148470.9,0.2702,36586.4,0.2703,87831.8
1753503312897,04:15:12.897,ALGO/USDT:USDT,0.2701,18999.1,0.27,148470.9,0.2702,37219.8,0.2703,87831.8
1753503312997,04:15:12.997,ALGO/USDT:USDT,0.2701,18999.1,0.27,148470.9,0.2702,36586.4,0.2703,87831.8
1753503313097,04:15:13.097,ALGO/USDT:USDT,0.2701,18999.1,0.27,148470.9,0.2702,36586.4,0.2703,87831.8
1753503313197,04:15:13.197,ALGO/USDT:USDT,0.2701,18999.1,0.27,148470.9,0.2702,36586.4,0.2703,87831.8
1753503313297,04:15:13.297,ALGO/USDT:USDT,0.2701,18999.1,0.27,148470.9,0.2702,36586.4,0.2703,87831.8
1753503313397,04:15:13.397,ALGO/USDT:USDT,0.2701,18999.1,0.27,148470.9,0.2702,37219.8,0.2703,87831.8
1753503313497,04:15:13.497,ALGO/USDT:USDT,0.2701,18999.1,0.27,148470.9,0.2702,35369.0,0.2703,87831.8
1753503313598,04:15:13.598,ALGO/USDT:USDT,0.2701,18999.1,0.27,148470.9,0.2702,35369.0,0.2703,87831.8
1753503313896,04:15:13.896,ALGO/USDT:USDT,0.2701,26799.1,0.27,148470.9,0.2702,25735.6,0.2703,87831.8
1753503314197,04:15:14.197,ALGO/USDT:USDT,0.2701,26799.1,0.27,148470.9,0.2702,19535.6,0.2703,87831.8
1753503314598,04:15:14.598,ALGO/USDT:USDT,0.2701,26799.1,0.27,148470.9,0.2702,19535.6,0.2703,87831.8
1753503314697,04:15:14.697,ALGO/USDT:USDT,0.2701,19799.1,0.27,148470.9,0.2702,19535.6,0.2703,87831.8
1753503314797,04:15:14.797,ALGO/USDT:USDT,0.2701,19799.1,0.27,148470.9,0.2702,19535.6,0.2703,87831.8
1753503314898,04:15:14.898,ALGO/USDT:USDT,0.2701,24799.1,0.27,148470.9,0.2702,28535.6,0.2703,87831.8
1753503314997,04:15:14.997,ALGO/USDT:USDT,0.2701,24799.1,0.27,148470.9,0.2702,19535.6,0.2703,87831.8
1753503315197,04:15:15.197,ALGO/USDT:USDT,0.2701,19799.1,0.27,148470.9,0.2702,19535.6,0.2703,87831.8
1753503315398,04:15:15.398,ALGO/USDT:USDT,0.2701,19799.1,0.27,148470.9,0.2702,19525.4,0.2703,87831.8
1753503315697,04:15:15.697,ALGO/USDT:USDT,0.2701,19799.1,0.27,148470.9,0.2702,19525.4,0.2703,87831.8
1753503315797,04:15:15.797,ALGO/USDT:USDT,0.2701,19799.1,0.27,148470.9,0.2702,19525.4,0.2703,87831.8
1753503315897,04:15:15.897,ALGO/USDT:USDT,0.2701,19799.1,0.27,148470.9,0.2702,35525.4,0.2703,87831.8
1753503315997,04:15:15.997,ALGO/USDT:USDT,0.2701,19799.1,0.27,148470.9,0.2702,36158.8,0.2703,87831.8
1753503316099,04:15:16.099,ALGO/USDT:USDT,0.2701,19799.1,0.27,148470.9,0.2702,20158.8,0.2703,87831.8
1753503316197,04:15:16.197,ALGO/USDT:USDT,0.2701,71.2,0.27,138815.8,0.2702,30557.2,0.2703,100037.7
1753503316296,04:15:16.296,ALGO/USDT:USDT,0.2701,71.2,0.27,138815.8,0.2702,30957.2,0.2703,101515.4
1753503316497,04:15:16.497,ALGO/USDT:USDT,0.2701,71.2,0.27,138815.8,0.2702,30957.2,0.2703,101882.1
1753503316697,04:15:16.697,ALGO/USDT:USDT,0.2701,72.8,0.27,138815.8,0.2702,30957.2,0.2703,102252.2
1753503316897,04:15:16.897,ALGO/USDT:USDT,0.2701,72.8,0.27,138815.8,0.2702,46957.2,0.2703,102252.2
1753503316997,04:15:16.997,ALGO/USDT:USDT,0.2701,72.8,0.27,138815.8,0.2702,32892.5,0.2703,102440.2
1753503317097,04:15:17.097,ALGO/USDT:USDT,0.2701,9793.2,0.27,138815.8,0.2702,21051.0,0.2703,96728.1
1753503317197,04:15:17.197,ALGO/USDT:USDT,0.2701,8993.2,0.27,138889.9,0.2702,19925.4,0.2703,96358.0
1753503317597,04:15:17.597,ALGO/USDT:USDT,0.2701,8993.2,0.27,138815.8,0.2702,19925.4,0.2703,96358.0
1753503317696,04:15:17.696,ALGO/USDT:USDT,0.2701,8993.2,0.27,138815.8,0.2702,19925.4,0.2703,96358.0
1753503317802,04:15:17.802,ALGO/USDT:USDT,0.2701,8998.5,0.27,138815.8,0.2702,19925.4,0.2703,98207.4
1753503317897,04:15:17.897,ALGO/USDT:USDT,0.2701,24998.5,0.27,141720.9,0.2702,19925.4,0.2703,98207.4
1753503317996,04:15:17.996,ALGO/USDT:USDT,0.2701,24998.5,0.27,141720.9,0.2702,19925.4,0.2703,96358.0
1753503318097,04:15:18.097,ALGO/USDT:USDT,0.2701,24998.5,0.27,141720.9,0.2702,19925.4,0.2703,96358.0
1753503318196,04:15:18.196,ALGO/USDT:USDT,0.2701,24998.5,0.27,141720.9,0.2702,19925.4,0.2703,96358.0
1753503318397,04:15:18.397,ALGO/USDT:USDT,0.2701,24998.5,0.27,141720.9,0.2702,19925.4,0.2703,95991.3
1753503318897,04:15:18.897,ALGO/USDT:USDT,0.2701,24998.5,0.27,141720.9,0.2702,19925.4,0.2703,95991.3
1753503319097,04:15:19.097,ALGO/USDT:USDT,0.2701,24998.5,0.27,141720.9,0.2702,19925.4,0.2703,95991.3
1753503319197,04:15:19.197,ALGO/USDT:USDT,0.2701,24998.5,0.27,141720.9,0.2702,19925.4,0.2703,95991.3
1753503319396,04:15:19.396,ALGO/USDT:USDT,0.2701,24998.5,0.27,141720.9,0.2702,19925.4,0.2703,95991.3
1753503319797,04:15:19.797,ALGO/USDT:USDT,0.2701,24998.5,0.27,141720.9,0.2702,19925.4,0.2703,95991.3
1753503319896,04:15:19.896,ALGO/USDT:USDT,0.2701,24998.5,0.27,141720.9,0.2702,19925.4,0.2703,95991.3
1753503319997,04:15:19.997,ALGO/USDT:USDT,0.2701,24998.5,0.27,141720.9,0.2702,19925.4,0.2703,94519.1
1753503320097,04:15:20.097,ALGO/USDT:USDT,0.2701,24998.5,0.27,141720.9,0.2702,19925.4,0.2703,94519.1
1753503320197,04:15:20.197,ALGO/USDT:USDT,0.2701,24998.5,0.27,141720.9,0.2702,19925.4,0.2703,94519.1
1753503320296,04:15:20.296,ALGO/USDT:USDT,0.2701,8998.5,0.27,141646.8,0.2702,19925.4,0.2703,94519.1
1753503320496,04:15:20.496,ALGO/USDT:USDT,0.2701,8998.5,0.27,141646.8,0.2702,19925.4,0.2703,94519.1
1753503320598,04:15:20.598,ALGO/USDT:USDT,0.2701,9798.5,0.27,141720.9,0.2702,19925.4,0.2703,94519.1
1753503320696,04:15:20.696,ALGO/USDT:USDT,0.2701,9798.5,0.27,141720.9,0.2702,19925.4,0.2703,93778.8
1753503320797,04:15:20.797,ALGO/USDT:USDT,0.2701,35334.5,0.27,141720.9,0.2702,19925.4,0.2703,82593.8
1753503320897,04:15:20.897,ALGO/USDT:USDT,0.2701,35334.5,0.27,141720.9,0.2702,19925.4,0.2703,82593.8
1753503320996,04:15:20.996,ALGO/USDT:USDT,0.2701,35334.5,0.27,141720.9,0.2702,19925.4,0.2703,66593.8
1753503321097,04:15:21.097,ALGO/USDT:USDT,0.2701,35334.5,0.27,141720.9,0.2702,19125.4,0.2703,66593.8
1753503321396,04:15:21.396,ALGO/USDT:USDT,0.2701,35334.5,0.27,141720.9,0.2702,19125.4,0.2703,66593.8
1753503321496,04:15:21.496,ALGO/USDT:USDT,0.2701,35334.5,0.27,141720.9,0.2702,19125.4,0.2703,66593.8
1753503321596,04:15:21.596,ALGO/USDT:USDT,0.2701,35334.5,0.27,141720.9,0.2702,19125.4,0.2703,66593.8
1753503321797,04:15:21.797,ALGO/USDT:USDT,0.2701,35334.5,0.27,146176.8,0.2702,19125.3,0.2703,66593.8
1753503321997,04:15:21.997,ALGO/USDT:USDT,0.2701,35334.5,0.27,146176.8,0.2702,19125.3,0.2703,66593.8
1753503322102,04:15:22.102,ALGO/USDT:USDT,0.2701,35334.5,0.27,146176.8,0.2702,10533.0,0.2703,66593.8
1753503322197,04:15:22.197,ALGO/USDT:USDT,0.2701,35334.5,0.27,147399.2,0.2702,10533.0,0.2703,74834.5
1753503322397,04:15:22.397,ALGO/USDT:USDT,0.2701,35334.5,0.27,147325.1,0.2702,27466.8,0.2703,77664.5
1753503322496,04:15:22.496,ALGO/USDT:USDT,0.2701,35334.5,0.27,147399.2,0.2702,26833.4,0.2703,77664.5
1753503322598,04:15:22.598,ALGO/USDT:USDT,0.2701,35334.5,0.27,147399.2,0.2702,20253.4,0.2703,77664.5
1753503322697,04:15:22.697,ALGO/USDT:USDT,0.2701,35334.5,0.27,147399.2,0.2702,20253.4,0.2703,77664.5
1753503322797,04:15:22.797,ALGO/USDT:USDT,0.2701,31334.5,0.27,147399.2,0.2702,26253.4,0.2703,77664.5
1753503322897,04:15:22.897,ALGO/USDT:USDT,0.2701,19334.5,0.27,147399.2,0.2702,20253.4,0.2703,77664.5
1753503322996,04:15:22.996,ALGO/USDT:USDT,0.2701,19334.5,0.27,147399.2,0.2702,20253.4,0.2703,77664.5
1753503323296,04:15:23.296,ALGO/USDT:USDT,0.2701,19334.5,0.27,147399.2,0.2702,20253.4,0.2703,77664.5
1753503323396,04:15:23.396,ALGO/USDT:USDT,0.2701,19334.5,0.27,147399.2,0.2702,20886.8,0.2703,77664.5
1753503323497,04:15:23.497,ALGO/USDT:USDT,0.2701,19334.5,0.27,147399.2,0.2702,20253.4,0.2703,77664.5
1753503323597,04:15:23.597,ALGO/USDT:USDT,0.2701,19334.5,0.27,147399.2,0.2702,20253.4,0.2703,77664.5
1753503323698,04:15:23.698,ALGO/USDT:USDT,0.2701,19334.5,0.27,147399.2,0.2702,20253.4,0.2703,77664.5
1753503323897,04:15:23.897,ALGO/USDT:USDT,0.2701,35334.5,0.27,147399.2,0.2702,20253.4,0.2703,77664.5
1753503323997,04:15:23.997,ALGO/USDT:USDT,0.2701,35334.5,0.27,147399.2,0.2702,20253.4,0.2703,77664.5
1753503324096,04:15:24.096,ALGO/USDT:USDT,0.2701,19334.5,0.27,147399.2,0.2702,20253.4,0.2703,77664.5
1753503324697,04:15:24.697,ALGO/USDT:USDT,0.2701,19334.5,0.27,147399.2,0.2702,20253.4,0.2703,77664.5
1753503324797,04:15:24.797,ALGO/USDT:USDT,0.2701,19334.5,0.27,147399.2,0.2702,36253.4,0.2703,93264.6
1753503324997,04:15:24.997,ALGO/USDT:USDT,0.2701,19334.5,0.27,147399.2,0.2702,36253.4,0.2703,93264.6
1753503325096,04:15:25.096,ALGO/USDT:USDT,0.2701,19334.5,0.27,147399.2,0.2702,36253.4,0.2703,93264.6
1753503325197,04:15:25.197,ALGO/USDT:USDT,0.2701,19334.5,0.27,147399.2,0.2702,36253.4,0.2703,93264.6
1753503325296,04:15:25.296,ALGO/USDT:USDT,0.2701,17004.7,0.27,147325.1,0.2702,36253.4,0.2703,93264.6
1753503325397,04:15:25.397,ALGO/USDT:USDT,0.2701,17004.7,0.27,147399.2,0.2702,36886.8,0.2703,93264.6
1753503325498,04:15:25.498,ALGO/USDT:USDT,0.2701,17004.7,0.27,147399.2,0.2702,36886.8,0.2703,93264.6
1753503325597,04:15:25.597,ALGO/USDT:USDT,0.2701,17004.7,0.27,147399.2,0.2702,36253.4,0.2703,93264.6
1753503325697,04:15:25.697,ALGO/USDT:USDT,0.2701,16204.7,0.27,147325.1,0.2702,36886.8,0.2703,93264.6
1753503325797,04:15:25.797,ALGO/USDT:USDT,0.2701,16204.7,0.27,147399.2,0.2702,20886.8,0.2703,93264.6
1753503325897,04:15:25.897,ALGO/USDT:USDT,0.2701,16204.7,0.27,147399.2,0.2702,20253.4,0.2703,93264.6
1753503325997,04:15:25.997,ALGO/USDT:USDT,0.2701,19334.5,0.27,147399.2,0.2702,20253.4,0.2703,93264.6
1753503326097,04:15:26.097,ALGO/USDT:USDT,0.2701,19334.5,0.27,148055.9,0.2702,20253.4,0.2703,90434.6
1753503326197,04:15:26.197,ALGO/USDT:USDT,0.2701,19334.5,0.27,148055.9,0.2702,20253.4,0.2703,90434.6
1753503326397,04:15:26.397,ALGO/USDT:USDT,0.2701,16204.7,0.27,148055.9,0.2702,20516.0,0.2703,93264.6
1753503326497,04:15:26.497,ALGO/USDT:USDT,0.2701,16204.7,0.27,147981.8,0.2702,21687.9,0.2703,93264.6
1753503326598,04:15:26.598,ALGO/USDT:USDT,0.2701,16204.7,0.27,148055.9,0.2702,21687.9,0.2703,93264.6
1753503326698,04:15:26.698,ALGO/USDT:USDT,0.2701,16131.9,0.27,148055.9,0.2702,21687.9,0.2703,93264.6
1753503326796,04:15:26.796,ALGO/USDT:USDT,0.2701,16138.7,0.27,147981.8,0.2702,37149.4,0.2703,93264.6
1753503326896,04:15:26.896,ALGO/USDT:USDT,0.2701,16138.7,0.27,148055.9,0.2702,36516.0,0.2703,93264.6
1753503326998,04:15:26.998,ALGO/USDT:USDT,0.2701,16138.7,0.27,148055.9,0.2702,37149.4,0.2703,93264.6
1753503327096,04:15:27.096,ALGO/USDT:USDT,0.2701,16138.7,0.27,147981.8,0.2702,37149.4,0.2703,93264.6
1753503327197,04:15:27.197,ALGO/USDT:USDT,0.2701,16138.7,0.27,147981.8,0.2702,37149.4,0.2703,93264.6
1753503327297,04:15:27.297,ALGO/USDT:USDT,0.2701,16138.7,0.27,147981.8,0.2702,37687.9,0.2703,93264.6
1753503327496,04:15:27.496,ALGO/USDT:USDT,0.2701,16138.7,0.27,147981.8,0.2702,37687.9,0.2703,94004.9
1753503327597,04:15:27.597,ALGO/USDT:USDT,0.2701,16138.7,0.27,147981.8,0.2702,37687.9,0.2703,94004.9
1753503327997,04:15:27.997,ALGO/USDT:USDT,0.2701,8932.5,0.27,147981.8,0.2702,37687.9,0.2703,94004.9
1753503328099,04:15:28.099,ALGO/USDT:USDT,0.2701,8932.5,0.27,147981.8,0.2702,37687.9,0.2703,94004.9
1753503328396,04:15:28.396,ALGO/USDT:USDT,0.2701,8932.5,0.27,147981.8,0.2702,37687.9,0.2703,94371.6
1753503328497,04:15:28.497,ALGO/USDT:USDT,0.2701,8932.5,0.27,147981.8,0.2702,37687.9,0.2703,94371.6
1753503328697,04:15:28.697,ALGO/USDT:USDT,0.2701,8932.5,0.27,147981.8,0.2702,37149.4,0.2703,94371.6
1753503328797,04:15:28.797,ALGO/USDT:USDT,0.2701,16932.5,0.27,148055.9,0.2702,36516.0,0.2703,94371.6
1753503328997,04:15:28.997,ALGO/USDT:USDT,0.2701,8932.5,0.27,147981.8,0.2702,37149.4,0.2703,94371.6
1753503329297,04:15:29.297,ALGO/USDT:USDT,0.2701,11262.3,0.27,148055.9,0.2702,20516.0,0.2703,94371.6
1753503329497,04:15:29.497,ALGO/USDT:USDT,0.2701,11262.3,0.27,148055.9,0.2702,21267.7,0.2703,94371.6
1753503329597,04:15:29.597,ALGO/USDT:USDT,0.2701,11262.3,0.27,148055.9,0.2702,21267.7,0.2703,94371.6
1753503329696,04:15:29.696,ALGO/USDT:USDT,0.2701,27262.3,0.27,148055.9,0.2702,21267.7,0.2703,94371.6
1753503329797,04:15:29.797,ALGO/USDT:USDT,0.2701,27262.3,0.27,148055.9,0.2702,21267.7,0.2703,94371.6
1753503329897,04:15:29.897,ALGO/USDT:USDT,0.2701,27262.3,0.27,148055.9,0.2702,20634.3,0.2703,94371.6
1753503329997,04:15:29.997,ALGO/USDT:USDT,0.2701,27262.3,0.27,148055.9,0.2702,20634.3,0.2703,94371.6
1753503330097,04:15:30.097,ALGO/USDT:USDT,0.2701,27262.3,0.27,148055.9,0.2702,20634.3,0.2703,94371.6
1753503330197,04:15:30.197,ALGO/USDT:USDT,0.2701,27262.3,0.27,148055.9,0.2702,20634.3,0.2703,94371.6
1753503330297,04:15:30.297,ALGO/USDT:USDT,0.2701,27262.3,0.27,148055.9,0.2702,20634.3,0.2703,94371.6
1753503330397,04:15:30.397,ALGO/USDT:USDT,0.2701,27262.4,0.27,148055.9,0.2702,20634.3,0.2703,94004.9
1753503330497,04:15:30.497,ALGO/USDT:USDT,0.2701,27262.4,0.27,148055.9,0.2702,20634.3,0.2703,93264.6
1753503330897,04:15:30.897,ALGO/USDT:USDT,0.2701,34499.5,0.27,148055.9,0.2702,11713.9,0.2703,93264.6
1753503330997,04:15:30.997,ALGO/USDT:USDT,0.2701,34499.5,0.27,148055.9,0.2702,11713.9,0.2703,90434.6
1753503331097,04:15:31.097,ALGO/USDT:USDT,0.2701,34499.5,0.27,148055.9,0.2702,11713.9,0.2703,90434.6
1753503331297,04:15:31.297,ALGO/USDT:USDT,0.2701,34499.5,0.27,148055.9,0.2702,20634.3,0.2703,90434.6
1753503331397,04:15:31.397,ALGO/USDT:USDT,0.2701,34499.5,0.27,148055.9,0.2702,20634.3,0.2703,90434.6
1753503331797,04:15:31.797,ALGO/USDT:USDT,0.2701,34499.5,0.27,148055.9,0.2702,20652.3,0.2703,90434.6
1753503331997,04:15:31.997,ALGO/USDT:USDT,0.2701,34499.5,0.27,148055.9,0.2702,20652.3,0.2703,90434.6
1753503332100,04:15:32.100,ALGO/USDT:USDT,0.2701,34499.5,0.27,148055.9,0.2702,20652.3,0.2703,93264.6
1753503332197,04:15:32.197,ALGO/USDT:USDT,0.2701,34499.5,0.27,148055.9,0.2702,20652.3,0.2703,93264.6
1753503332397,04:15:32.397,ALGO/USDT:USDT,0.2701,34499.5,0.27,146960.5,0.2702,20652.3,0.2703,93264.6
1753503332598,04:15:32.598,ALGO/USDT:USDT,0.2701,34499.5,0.27,146960.5,0.2702,20652.4,0.2703,93264.6
1753503332997,04:15:32.997,ALGO/USDT:USDT,0.2701,34499.5,0.27,146960.5,0.2702,20652.4,0.2703,90434.6
1753503333097,04:15:33.097,ALGO/USDT:USDT,0.2701,34499.5,0.27,146960.5,0.2702,20652.4,0.2703,90434.6
1753503333197,04:15:33.197,ALGO/USDT:USDT,0.2701,34499.5,0.27,146960.5,0.2702,20652.4,0.2703,90434.6
1753503333297,04:15:33.297,ALGO/USDT:USDT,0.2701,34499.5,0.27,146960.5,0.2702,19852.4,0.2703,90434.6
1753503333397,04:15:33.397,ALGO/USDT:USDT,0.2701,34499.5,0.27,146960.5,0.2702,19852.4,0.2703,90434.6
1753503333497,04:15:33.497,ALGO/USDT:USDT,0.2701,34499.5,0.27,146960.5,0.2702,19852.4,0.2703,90434.6
1753503333696,04:15:33.696,ALGO/USDT:USDT,0.2701,34499.5,0.27,146960.5,0.2702,19852.4,0.2703,90434.6
1753503333797,04:15:33.797,ALGO/USDT:USDT,0.2701,34499.5,0.27,146960.5,0.2702,19852.4,0.2703,90434.6
1753503333897,04:15:33.897,ALGO/USDT:USDT,0.2701,34499.5,0.27,146954.6,0.2702,19953.6,0.2703,90434.6
1753503333997,04:15:33.997,ALGO/USDT:USDT,0.2701,34523.3,0.27,146954.6,0.2702,20753.6,0.2703,90434.6
1753503334100,04:15:34.100,ALGO/USDT:USDT,0.2701,34523.3,0.27,146954.6,0.2702,19953.6,0.2703,90434.6
1753503334197,04:15:34.197,ALGO/USDT:USDT,0.2701,34517.9,0.27,146954.6,0.2702,20755.1,0.2703,90434.6
1753503334297,04:15:34.297,ALGO/USDT:USDT,0.2701,34517.9,0.27,146954.6,0.2702,21365.2,0.2703,90434.6
1753503334397,04:15:34.397,ALGO/USDT:USDT,0.2701,34517.9,0.27,146954.6,0.2702,21998.6,0.2703,93264.6
1753503334497,04:15:34.497,ALGO/USDT:USDT,0.2701,34517.9,0.27,146954.6,0.2702,21998.6,0.2703,93264.6
1753503334605,04:15:34.605,ALGO/USDT:USDT,0.2701,34517.9,0.27,147324.7,0.2702,14308.2,0.2703,93264.6
1753503334697,04:15:34.697,ALGO/USDT:USDT,0.2701,34517.9,0.27,147324.7,0.2702,14308.2,0.2703,93264.6
1753503334797,04:15:34.797,ALGO/USDT:USDT,0.2701,34517.9,0.27,147324.7,0.2702,14308.2,0.2703,93264.6
1753503334898,04:15:34.898,ALGO/USDT:USDT,0.2701,34517.9,0.27,147324.7,0.2702,15108.2,0.2703,93264.6
1753503334996,04:15:34.996,ALGO/USDT:USDT,0.2701,71819.9,0.27,147324.7,0.2702,5387.8,0.2703,90434.6
1753503335096,04:15:35.096,ALGO/USDT:USDT,0.2701,72044.8,0.27,140932.1,0.2702,5387.8,0.2703,90434.6
1753503335497,04:15:35.497,ALGO/USDT:USDT,0.2701,72044.8,0.27,140932.1,0.2702,5387.8,0.2703,90434.6
1753503335597,04:15:35.597,ALGO/USDT:USDT,0.2701,72044.8,0.27,140932.1,0.2702,5387.8,0.2703,90434.6
1753503335696,04:15:35.696,ALGO/USDT:USDT,0.2701,34742.8,0.27,140932.1,0.2702,5388.7,0.2703,90434.6
1753503335797,04:15:35.797,ALGO/USDT:USDT,0.2701,34742.8,0.27,143184.8,0.2702,5388.7,0.2703,90434.6
1753503335897,04:15:35.897,ALGO/USDT:USDT,0.2701,34742.8,0.27,143184.8,0.2702,15109.1,0.2703,90434.6
1753503335997,04:15:35.997,ALGO/USDT:USDT,0.2701,34517.9,0.27,143184.8,0.2702,6188.7,0.2703,77664.5
1753503336100,04:15:36.100,ALGO/USDT:USDT,0.2701,34742.8,0.27,143184.8,0.2702,6188.7,0.2703,77664.5
1753503336497,04:15:36.497,ALGO/USDT:USDT,0.2701,34742.8,0.27,147483.7,0.2702,6188.7,0.2703,77664.5
1753503336697,04:15:36.697,ALGO/USDT:USDT,0.2701,34742.8,0.27,150310.5,0.2702,6188.7,0.2703,77664.5
1753503336996,04:15:36.996,ALGO/USDT:USDT,0.2701,34742.8,0.27,150310.5,0.2702,6188.7,0.2703,77664.5
1753503337197,04:15:37.197,ALGO/USDT:USDT,0.2701,34742.8,0.27,150310.5,0.2702,6188.7,0.2703,77664.5
1753503337297,04:15:37.297,ALGO/USDT:USDT,0.2701,34742.8,0.27,150310.5,0.2702,6188.7,0.2703,77664.5
1753503337596,04:15:37.596,ALGO/USDT:USDT,0.2701,34742.8,0.27,150310.5,0.2702,6188.7,0.2703,77664.5
1753503337697,04:15:37.697,ALGO/USDT:USDT,0.2701,34742.8,0.27,150310.5,0.2702,6188.7,0.2703,77664.5
1753503337797,04:15:37.797,ALGO/USDT:USDT,0.2701,34742.8,0.27,150310.5,0.2702,6188.7,0.2703,77664.5
1753503337897,04:15:37.897,ALGO/USDT:USDT,0.2701,18742.8,0.27,150236.4,0.2702,16281.0,0.2703,77664.5
1753503337996,04:15:37.996,ALGO/USDT:USDT,0.2701,16188.1,0.27,150236.4,0.2702,16281.0,0.2703,77664.5
1753503338197,04:15:38.197,ALGO/USDT:USDT,0.2701,16988.1,0.27,150310.5,0.2702,6188.7,0.2703,77664.5
1753503338497,04:15:38.497,ALGO/USDT:USDT,0.2701,17213.0,0.27,150310.5,0.2702,16281.0,0.2703,77664.5
1753503338598,04:15:38.598,ALGO/USDT:USDT,0.2701,32188.1,0.27,150310.5,0.2702,15647.6,0.2703,77664.5
1753503338697,04:15:38.697,ALGO/USDT:USDT,0.2701,32413.0,0.27,150310.5,0.2702,15109.1,0.2703,77664.5
1753503338896,04:15:38.896,ALGO/USDT:USDT,0.2701,32413.0,0.27,150310.5,0.2702,6188.7,0.2703,77664.5
1753503338997,04:15:38.997,ALGO/USDT:USDT,0.2701,32413.0,0.27,150310.5,0.2702,6188.7,0.2703,77664.5
1753503339297,04:15:39.297,ALGO/USDT:USDT,0.2701,32413.0,0.27,150310.5,0.2702,6188.7,0.2703,77664.5
1753503339397,04:15:39.397,ALGO/USDT:USDT,0.2701,32413.0,0.27,150310.5,0.2702,7360.6,0.2703,77664.5
1753503339497,04:15:39.497,ALGO/USDT:USDT,0.2701,32413.0,0.27,150310.5,0.2702,16281.0,0.2703,77664.5
1753503339897,04:15:39.897,ALGO/USDT:USDT,0.2701,32413.0,0.27,150310.5,0.2702,15109.1,0.2703,77664.5
1753503339997,04:15:39.997,ALGO/USDT:USDT,0.2701,32413.0,0.27,150310.5,0.2702,15109.1,0.2703,77664.5
1753503340198,04:15:40.198,ALGO/USDT:USDT,0.2701,32413.0,0.27,150310.5,0.2702,15109.1,0.2703,77664.5
1753503340297,04:15:40.297,ALGO/USDT:USDT,0.2701,32413.0,0.27,150310.5,0.2702,15109.1,0.2703,77664.5
1753503340397,04:15:40.397,ALGO/USDT:USDT,0.2701,32413.0,0.27,150310.5,0.2702,15109.1,0.2703,77664.5
1753503340597,04:15:40.597,ALGO/USDT:USDT,0.2701,32413.0,0.27,150310.5,0.2702,15647.6,0.2703,77664.5
1753503340797,04:15:40.797,ALGO/USDT:USDT,0.2701,32413.0,0.27,150310.5,0.2702,15109.1,0.2703,77664.5
1753503340897,04:15:40.897,ALGO/USDT:USDT,0.2701,32413.0,0.27,149076.6,0.2702,16281.0,0.2703,77664.5
1753503340997,04:15:40.997,ALGO/USDT:USDT,0.2701,32413.0,0.27,149076.6,0.2702,16281.0,0.2703,77664.5
1753503341097,04:15:41.097,ALGO/USDT:USDT,0.2701,32413.0,0.27,149076.6,0.2702,15668.0,0.2703,77664.5
1753503341296,04:15:41.296,ALGO/USDT:USDT,0.2701,16413.0,0.27,149002.5,0.2702,16301.4,0.2703,77664.5
1753503341397,04:15:41.397,ALGO/USDT:USDT,0.2701,16188.1,0.27,149002.5,0.2702,16301.4,0.2703,77664.5
1753503341597,04:15:41.597,ALGO/USDT:USDT,0.2701,32188.1,0.27,149076.6,0.2702,15129.5,0.2703,77664.5
1753503341697,04:15:41.697,ALGO/USDT:USDT,0.2701,32413.0,0.27,149076.6,0.2702,16151.8,0.2703,77664.5
1753503341797,04:15:41.797,ALGO/USDT:USDT,0.2701,32193.1,0.27,149076.6,0.2702,16151.8,0.2703,77664.5
1753503341897,04:15:41.897,ALGO/USDT:USDT,0.2701,32193.1,0.27,149076.6,0.2702,16151.8,0.2703,77664.5
1753503341996,04:15:41.996,ALGO/USDT:USDT,0.2701,32418.0,0.27,149076.6,0.2702,16151.8,0.2703,77664.5
1753503342097,04:15:42.097,ALGO/USDT:USDT,0.2701,32418.0,0.27,149076.6,0.2702,16151.8,0.2703,77664.5
1753503342197,04:15:42.197,ALGO/USDT:USDT,0.2701,32418.0,0.27,149076.6,0.2702,17323.7,0.2703,77664.5
1753503342297,04:15:42.297,ALGO/USDT:USDT,0.2701,32193.1,0.27,149076.6,0.2702,17323.7,0.2703,77664.5
1753503342397,04:15:42.397,ALGO/USDT:USDT,0.2701,32193.1,0.27,149076.6,0.2702,17323.7,0.2703,77664.5
1753503342597,04:15:42.597,ALGO/USDT:USDT,0.2701,32193.1,0.27,149076.6,0.2702,23713.6,0.2703,77664.5
1753503342697,04:15:42.697,ALGO/USDT:USDT,0.2701,32193.1,0.27,149076.6,0.2702,24327.1,0.2703,77664.5
1753503342897,04:15:42.897,ALGO/USDT:USDT,0.2701,16193.1,0.27,149076.6,0.2702,24327.1,0.2703,77664.5
1753503342997,04:15:42.997,ALGO/USDT:USDT,0.2701,16193.1,0.27,149076.6,0.2702,16155.2,0.2703,77664.5
1753503343197,04:15:43.197,ALGO/USDT:USDT,0.2701,16193.1,0.27,149076.6,0.2702,16155.2,0.2703,77664.5
1753503343296,04:15:43.296,ALGO/USDT:USDT,0.2701,16193.1,0.27,149076.6,0.2702,16155.2,0.2703,77664.5
1753503343497,04:15:43.497,ALGO/USDT:USDT,0.2701,16193.1,0.27,149076.6,0.2702,16155.1,0.2703,77664.5
1753503343596,04:15:43.596,ALGO/USDT:USDT,0.2701,16193.1,0.27,148632.4,0.2702,33341.8,0.2703,77664.5
1753503343697,04:15:43.697,ALGO/USDT:USDT,0.2701,16193.1,0.27,148632.4,0.2702,17341.8,0.2703,77664.5
1753503344197,04:15:44.197,ALGO/USDT:USDT,0.2701,16193.1,0.27,148632.4,0.2702,20800.5,0.2703,77664.5
1753503344297,04:15:44.297,ALGO/USDT:USDT,0.2701,16193.1,0.27,148632.4,0.2702,20167.1,0.2703,77664.5
1753503344397,04:15:44.397,ALGO/USDT:USDT,0.2701,16193.1,0.27,148632.4,0.2702,20800.5,0.2703,77664.5
1753503344497,04:15:44.497,ALGO/USDT:USDT,0.2701,16193.1,0.27,148632.4,0.2702,20800.5,0.2703,77664.5
1753503344597,04:15:44.597,ALGO/USDT:USDT,0.2701,32193.1,0.27,148632.4,0.2702,20800.5,0.2703,77664.5
1753503344896,04:15:44.896,ALGO/USDT:USDT,0.2701,32193.1,0.27,148706.5,0.2702,20168.5,0.2703,77664.5
1753503344997,04:15:44.997,ALGO/USDT:USDT,0.2701,32193.1,0.27,148706.5,0.2702,20168.5,0.2703,77664.5
1753503345097,04:15:45.097,ALGO/USDT:USDT,0.2701,32193.1,0.27,148632.4,0.2702,20801.9,0.2703,77664.5
1753503345397,04:15:45.397,ALGO/USDT:USDT,0.2701,32193.1,0.27,148706.5,0.2702,20801.9,0.2703,77664.5
1753503345497,04:15:45.497,ALGO/USDT:USDT,0.2701,32193.1,0.27,148706.5,0.2702,19630.0,0.2703,77664.5
1753503345597,04:15:45.597,ALGO/USDT:USDT,0.2701,32193.1,0.27,148706.5,0.2702,19630.0,0.2703,77664.5
1753503345696,04:15:45.696,ALGO/USDT:USDT,0.2701,32193.1,0.27,145582.9,0.2702,19630.0,0.2703,77664.5
1753503345897,04:15:45.897,ALGO/USDT:USDT,0.2701,32193.1,0.27,145582.9,0.2702,19692.7,0.2703,77664.5
1753503346396,04:15:46.396,ALGO/USDT:USDT,0.2701,32193.1,0.27,144564.1,0.2702,19699.9,0.2703,77664.5
1753503346597,04:15:46.597,ALGO/USDT:USDT,0.2701,32193.1,0.27,144564.1,0.2702,19704.4,0.2703,77664.5
1753503346696,04:15:46.696,ALGO/USDT:USDT,0.2701,32193.1,0.27,144564.1,0.2702,19704.4,0.2703,77664.5
1753503346796,04:15:46.796,ALGO/USDT:USDT,0.2701,32193.1,0.27,144490.0,0.2702,20876.3,0.2703,77664.5
1753503346997,04:15:46.997,ALGO/USDT:USDT,0.2701,16193.1,0.27,142274.5,0.2702,20876.3,0.2703,77664.5
1753503347097,04:15:47.097,ALGO/USDT:USDT,0.2701,16193.1,0.27,142348.6,0.2702,20876.3,0.2703,77664.5
1753503347197,04:15:47.197,ALGO/USDT:USDT,0.2701,16193.1,0.27,142348.6,0.2702,20876.3,0.2703,77664.5
1753503347396,04:15:47.396,ALGO/USDT:USDT,0.2701,16193.1,0.27,141978.5,0.2702,20876.3,0.2703,77664.5
1753503347497,04:15:47.497,ALGO/USDT:USDT,0.2701,30193.1,0.27,141978.5,0.2702,20876.3,0.2703,77664.5
1753503347597,04:15:47.597,ALGO/USDT:USDT,0.2701,16193.1,0.27,141978.5,0.2702,20876.3,0.2703,77664.5
1753503347798,04:15:47.798,ALGO/USDT:USDT,0.2701,16193.1,0.27,141978.5,0.2702,20242.9,0.2703,77664.5
1753503347897,04:15:47.897,ALGO/USDT:USDT,0.2701,9051.8,0.27,139073.4,0.2702,23206.1,0.2703,109320.7
1753503347997,04:15:47.997,ALGO/USDT:USDT,0.2701,9051.8,0.27,139073.4,0.2702,23206.1,0.2703,110061.0
1753503348197,04:15:48.197,ALGO/USDT:USDT,0.2701,9051.8,0.27,139073.4,0.2702,23206.1,0.2703,110061.0
1753503348296,04:15:48.296,ALGO/USDT:USDT,0.2701,9051.8,0.27,139073.4,0.2702,19704.4,0.2703,109135.6
1753503348497,04:15:48.497,ALGO/USDT:USDT,0.2701,24051.8,0.27,141904.4,0.2702,20876.3,0.2703,109135.6
1753503348598,04:15:48.598,ALGO/USDT:USDT,0.2701,24051.8,0.27,141978.5,0.2702,20242.9,0.2703,109135.6
1753503348697,04:15:48.697,ALGO/USDT:USDT,0.2701,24051.8,0.27,141978.5,0.2702,20242.9,0.2703,108395.3
1753503348797,04:15:48.797,ALGO/USDT:USDT,0.2701,24051.8,0.27,141978.5,0.2702,19704.4,0.2703,108395.3
1753503348897,04:15:48.897,ALGO/USDT:USDT,0.2701,31244.6,0.27,141978.5,0.2702,15809.1,0.2703,97926.7
1753503348997,04:15:48.997,ALGO/USDT:USDT,0.2701,31244.6,0.27,141978.5,0.2702,19704.2,0.2703,97926.7
1753503349497,04:15:49.497,ALGO/USDT:USDT,0.2701,31244.6,0.27,141978.5,0.2702,19704.2,0.2703,97926.7
1753503349697,04:15:49.697,ALGO/USDT:USDT,0.2701,31244.6,0.27,142348.6,0.2702,19704.2,0.2703,97926.7
1753503349797,04:15:49.797,ALGO/USDT:USDT,0.2701,31244.6,0.27,142348.6,0.2702,20876.1,0.2703,97926.7
1753503349897,04:15:49.897,ALGO/USDT:USDT,0.2701,31244.6,0.27,142348.6,0.2702,20876.1,0.2703,78547.8
1753503349997,04:15:49.997,ALGO/USDT:USDT,0.2701,16244.6,0.27,142348.6,0.2702,20876.1,0.2703,86762.0
1753503350097,04:15:50.097,ALGO/USDT:USDT,0.2701,16244.6,0.27,142348.6,0.2702,20876.1,0.2703,86762.0
1753503350197,04:15:50.197,ALGO/USDT:USDT,0.2701,16244.6,0.27,142348.6,0.2702,20876.1,0.2703,86762.0
1753503350297,04:15:50.297,ALGO/USDT:USDT,0.2701,16244.6,0.27,140514.9,0.2702,20876.1,0.2703,86762.0
1753503350397,04:15:50.397,ALGO/USDT:USDT,0.2701,16244.6,0.27,140144.8,0.2702,19704.2,0.2703,86762.0
1753503350497,04:15:50.497,ALGO/USDT:USDT,0.2701,21244.6,0.27,140144.8,0.2702,34704.2,0.2703,86762.0
1753503350697,04:15:50.697,ALGO/USDT:USDT,0.2701,21244.6,0.27,140144.8,0.2702,19704.2,0.2703,86762.0
1753503351097,04:15:51.097,ALGO/USDT:USDT,0.2701,21244.6,0.27,140144.8,0.2702,19704.2,0.2703,86762.0
1753503351297,04:15:51.297,ALGO/USDT:USDT,0.2701,21244.6,0.27,140144.8,0.2702,19727.9,0.2703,86762.0
1753503351396,04:15:51.396,ALGO/USDT:USDT,0.2701,21244.6,0.27,140070.7,0.2702,20899.8,0.2703,86762.0
1753503351497,04:15:51.497,ALGO/USDT:USDT,0.2701,32244.6,0.27,140144.8,0.2702,20361.3,0.2703,86762.0
1753503351597,04:15:51.597,ALGO/USDT:USDT,0.2701,32244.6,0.27,140144.8,0.2702,20899.8,0.2703,86762.0
1753503351697,04:15:51.697,ALGO/USDT:USDT,0.2701,21244.6,0.27,140144.8,0.2702,20899.8,0.2703,86762.0
1753503351797,04:15:51.797,ALGO/USDT:USDT,0.2701,16244.6,0.27,135248.3,0.2702,20910.1,0.2703,86762.0
1753503351896,04:15:51.896,ALGO/USDT:USDT,0.2701,16244.6,0.27,135248.3,0.2702,20910.1,0.2703,86762.0
1753503351997,04:15:51.997,ALGO/USDT:USDT,0.2701,16244.6,0.27,135248.3,0.2702,20910.1,0.2703,86762.0
1753503352197,04:15:52.197,ALGO/USDT:USDT,0.2701,16244.6,0.27,135248.3,0.2702,20910.1,0.2703,86762.0
1753503352297,04:15:52.297,ALGO/USDT:USDT,0.2701,16244.6,0.27,135248.3,0.2702,20910.1,0.2703,86762.0
1753503352497,04:15:52.497,ALGO/USDT:USDT,0.2701,16244.6,0.27,135248.3,0.2702,36910.1,0.2703,86762.0
1753503352596,04:15:52.596,ALGO/USDT:USDT,0.2701,9051.8,0.27,135248.3,0.2702,36910.1,0.2703,86762.0
1753503352697,04:15:52.697,ALGO/USDT:USDT,0.2701,9051.8,0.27,132417.3,0.2702,36910.1,0.2703,88989.9
1753503352797,04:15:52.797,ALGO/USDT:USDT,0.2701,9048.7,0.27,132417.3,0.2702,36910.1,0.2703,88989.9
1753503352897,04:15:52.897,ALGO/USDT:USDT,0.2701,9048.7,0.27,132417.3,0.2702,36910.1,0.2703,88989.9
1753503353497,04:15:53.497,ALGO/USDT:USDT,0.2701,9048.7,0.27,132417.3,0.2702,36910.1,0.2703,90087.8
1753503353597,04:15:53.597,ALGO/USDT:USDT,0.2701,128.3,0.27,132417.3,0.2702,36910.1,0.2703,91013.2
1753503353696,04:15:53.696,ALGO/USDT:USDT,0.2701,128.3,0.27,132417.3,0.2702,36910.1,0.2703,91379.8
1753503353797,04:15:53.797,ALGO/USDT:USDT,0.2701,128.3,0.27,132417.3,0.2702,36910.1,0.2703,91379.8
1753503354099,04:15:54.099,ALGO/USDT:USDT,0.2701,128.3,0.27,132417.3,0.2702,36832.6,0.2703,91379.8
1753503354196,04:15:54.196,ALGO/USDT:USDT,0.2701,128.3,0.27,132417.3,0.2702,36939.6,0.2703,91379.8
1753503354296,04:15:54.296,ALGO/USDT:USDT,0.2701,128.3,0.27,132417.3,0.2702,36939.6,0.2703,91379.8
1753503354397,04:15:54.397,ALGO/USDT:USDT,0.2701,128.3,0.27,132417.3,0.2702,36939.6,0.2703,91379.8
1753503354497,04:15:54.497,ALGO/USDT:USDT,0.2701,128.3,0.27,132417.3,0.2702,36939.6,0.2703,92119.1
1753503354597,04:15:54.597,ALGO/USDT:USDT,0.2701,128.3,0.27,132417.3,0.2702,36939.6,0.2703,92489.2
1753503354897,04:15:54.897,ALGO/USDT:USDT,0.2701,128.3,0.27,132417.3,0.2702,36939.6,0.2703,92859.3
1753503355097,04:15:55.097,ALGO/USDT:USDT,0.2701,128.3,0.27,132417.3,0.2702,36946.2,0.2703,92859.3
1753503355197,04:15:55.197,ALGO/USDT:USDT,0.2701,128.3,0.27,132417.3,0.2702,36948.3,0.2703,92859.3
1753503355297,04:15:55.297,ALGO/USDT:USDT,0.2701,128.3,0.27,132417.3,0.2702,37064.4,0.2703,92859.3
1753503355797,04:15:55.797,ALGO/USDT:USDT,0.2701,128.3,0.27,132417.3,0.2702,36525.9,0.2703,93961.6
1753503355897,04:15:55.897,ALGO/USDT:USDT,0.2701,128.3,0.27,132417.3,0.2702,36525.9,0.2703,93594.3
1753503356098,04:15:56.098,ALGO/USDT:USDT,0.27,6169.8,0.2699,117486.8,0.2701,38843.0,0.2702,111500.2
1753503356197,04:15:56.197,ALGO/USDT:USDT,0.27,353.9,0.2699,101693.7,0.2701,40014.9,0.2702,115817.4
1753503356297,04:15:56.297,ALGO/USDT:USDT,0.27,353.9,0.2699,101693.7,0.2701,41037.2,0.2702,114649.2
1753503356397,04:15:56.397,ALGO/USDT:USDT,0.27,353.9,0.2699,101693.7,0.2701,45209.0,0.2702,116558.0
1753503356497,04:15:56.497,ALGO/USDT:USDT,0.27,353.9,0.2699,101693.7,0.2701,45209.0,0.2702,116558.0
1753503356597,04:15:56.597,ALGO/USDT:USDT,0.27,353.9,0.2699,100564.6,0.2701,45209.0,0.2702,116558.0
1753503356696,04:15:56.696,ALGO/USDT:USDT,0.27,353.9,0.2699,100564.6,0.2701,45209.0,0.2702,118778.6
1753503356797,04:15:56.797,ALGO/USDT:USDT,0.27,353.9,0.2699,100564.6,0.2701,45209.0,0.2702,119148.9
1753503356897,04:15:56.897,ALGO/USDT:USDT,0.27,353.9,0.2699,100564.6,0.2701,45209.0,0.2702,119148.9
1753503356997,04:15:56.997,ALGO/USDT:USDT,0.27,354.9,0.2699,100564.6,0.2701,45841.6,0.2702,118516.5
1753503357097,04:15:57.097,ALGO/USDT:USDT,0.2699,98996.5,0.2698,95263.1,0.27,15995.0,0.2701,77194.8
1753503357197,04:15:57.197,ALGO/USDT:USDT,0.2699,20866.1,0.2698,120159.8,0.27,24895.5,0.2701,100981.6
1753503357297,04:15:57.297,ALGO/USDT:USDT,0.2699,20866.1,0.2698,120159.8,0.27,25917.8,0.2701,100244.4
1753503357397,04:15:57.397,ALGO/USDT:USDT,0.2699,36866.1,0.2698,120159.8,0.27,25917.8,0.2701,100244.4
1753503357497,04:15:57.497,ALGO/USDT:USDT,0.2699,20866.1,0.2698,120159.8,0.27,25917.8,0.2701,99503.6
1753503357597,04:15:57.597,ALGO/USDT:USDT,0.2699,20866.1,0.2698,120159.8,0.27,25917.8,0.2701,99503.6
1753503357697,04:15:57.697,ALGO/USDT:USDT,0.2699,20066.1,0.2698,120159.8,0.27,27089.7,0.2701,98965.1
1753503357897,04:15:57.897,ALGO/USDT:USDT,0.2699,20066.1,0.2698,120159.8,0.27,27089.7,0.2701,98965.1
1753503358023,04:15:58.023,ALGO/USDT:USDT,0.2699,20066.1,0.2698,120159.8,0.27,25917.8,0.2701,99039.2
1753503358100,04:15:58.100,ALGO/USDT:USDT,0.2699,11291.1,0.2698,120159.8,0.27,28941.8,0.2701,101630.8
1753503358197,04:15:58.197,ALGO/USDT:USDT,0.2699,11291.1,0.2698,120159.8,0.27,24991.8,0.2701,98780.2
1753503358296,04:15:58.296,ALGO/USDT:USDT,0.2699,11291.1,0.2698,120159.8,0.27,25917.8,0.2701,98780.2
1753503358397,04:15:58.397,ALGO/USDT:USDT,0.2699,27291.1,0.2698,120159.8,0.27,34991.8,0.2701,98780.2
1753503358497,04:15:58.497,ALGO/USDT:USDT,0.2699,27291.1,0.2698,120159.8,0.27,24991.8,0.2701,98039.4
1753503358597,04:15:58.597,ALGO/USDT:USDT,0.2699,27291.1,0.2698,120159.8,0.27,24991.8,0.2701,98039.4
1753503358797,04:15:58.797,ALGO/USDT:USDT,0.2699,11291.1,0.2698,120159.8,0.27,24991.8,0.2701,98039.4
1753503358997,04:15:58.997,ALGO/USDT:USDT,0.2699,11291.1,0.2698,120159.8,0.27,24991.8,0.2701,98039.4
1753503359096,04:15:59.096,ALGO/USDT:USDT,0.2699,11291.1,0.2698,120159.8,0.27,24991.8,0.2701,98039.4
1753503359197,04:15:59.197,ALGO/USDT:USDT,0.2699,11291.1,0.2698,120159.8,0.27,24991.8,0.2701,98039.4
1753503359297,04:15:59.297,ALGO/USDT:USDT,0.2699,11291.1,0.2698,120159.8,0.27,24991.8,0.2701,98039.4
1753503359396,04:15:59.396,ALGO/USDT:USDT,0.2699,27291.1,0.2698,120233.9,0.27,24991.8,0.2701,98039.4
1753503359596,04:15:59.596,ALGO/USDT:USDT,0.2699,27291.1,0.2698,120233.9,0.27,24991.8,0.2701,98039.4
1753503359696,04:15:59.696,ALGO/USDT:USDT,0.2699,27291.1,0.2698,120233.9,0.27,24991.8,0.2701,98039.4
1753503359796,04:15:59.796,ALGO/USDT:USDT,0.2699,27291.1,0.2698,120233.9,0.27,24991.8,0.2701,98039.4
1753503359997,04:15:59.997,ALGO/USDT:USDT,0.2699,34622.6,0.2698,120233.9,0.27,24991.8,0.2701,94573.9
1753503360101,04:16:00.101,ALGO/USDT:USDT,0.2699,34622.6,0.2698,120233.9,0.27,16071.4,0.2701,94573.9
1753503360197,04:16:00.197,ALGO/USDT:USDT,0.2699,34622.6,0.2698,120233.9,0.27,16071.4,0.2701,94573.9
1753503360397,04:16:00.397,ALGO/USDT:USDT,0.2699,34751.5,0.2698,120233.9,0.27,16071.4,0.2701,94573.9
1753503360697,04:16:00.697,ALGO/USDT:USDT,0.2699,34751.5,0.2698,120233.9,0.27,16071.4,0.2701,94573.9
1753503360797,04:16:00.797,ALGO/USDT:USDT,0.2699,34751.5,0.2698,120233.9,0.27,24991.8,0.2701,94573.9
1753503360897,04:16:00.897,ALGO/USDT:USDT,0.2699,34751.5,0.2698,120159.8,0.27,24991.8,0.2701,94573.9
1753503361196,04:16:01.196,ALGO/USDT:USDT,0.2699,27420.0,0.2698,120159.8,0.27,24991.8,0.2701,94573.9
1753503361297,04:16:01.297,ALGO/USDT:USDT,0.2699,27420.0,0.2698,121114.0,0.27,24991.8,0.2701,94573.9
1753503361397,04:16:01.397,ALGO/USDT:USDT,0.2699,27420.0,0.2698,121114.0,0.27,24991.8,0.2701,97406.0
1753503361497,04:16:01.497,ALGO/USDT:USDT,0.2699,27420.0,0.2698,121114.0,0.27,25917.8,0.2701,97406.0
1753503361598,04:16:01.598,ALGO/USDT:USDT,0.2699,27420.0,0.2698,121114.0,0.27,25917.8,0.2701,97406.0
1753503361797,04:16:01.797,ALGO/USDT:USDT,0.2699,27420.0,0.2698,121114.0,0.27,27089.7,0.2701,97406.0
1753503361997,04:16:01.997,ALGO/USDT:USDT,0.2699,27420.0,0.2698,121114.0,0.27,24991.8,0.2701,97406.0
1753503362100,04:16:02.100,ALGO/USDT:USDT,0.2699,27401.4,0.2698,121114.0,0.27,28931.5,0.2701,97406.0
1753503362197,04:16:02.197,ALGO/USDT:USDT,0.2699,28201.4,0.2698,121188.1,0.27,28931.5,0.2701,97406.0
1753503362296,04:16:02.296,ALGO/USDT:USDT,0.2699,28201.4,0.2698,121188.1,0.27,28931.5,0.2701,97406.0
1753503362397,04:16:02.397,ALGO/USDT:USDT,0.2699,28201.4,0.2698,121188.1,0.27,28931.5,0.2701,97406.0
1753503362696,04:16:02.696,ALGO/USDT:USDT,0.2699,28201.4,0.2698,121188.1,0.27,28931.5,0.2701,97406.0
1753503362796,04:16:02.796,ALGO/USDT:USDT,0.2699,28201.4,0.2698,121188.1,0.27,28931.5,0.2701,97406.0
1753503362897,04:16:02.897,ALGO/USDT:USDT,0.2699,28201.4,0.2698,121188.1,0.27,28931.5,0.2701,97406.0
1753503362997,04:16:02.997,ALGO/USDT:USDT,0.2699,28201.4,0.2698,121114.0,0.27,28931.5,0.2701,97406.0
1753503363097,04:16:03.097,ALGO/USDT:USDT,0.2699,28226.5,0.2698,121114.0,0.27,30490.9,0.2701,97406.0
1753503363197,04:16:03.197,ALGO/USDT:USDT,0.2699,27426.5,0.2698,121114.0,0.27,30490.9,0.2701,97406.0
1753503363297,04:16:03.297,ALGO/USDT:USDT,0.2699,27426.5,0.2698,121114.0,0.27,30490.9,0.2701,97406.0
1753503363396,04:16:03.396,ALGO/USDT:USDT,0.2699,27426.5,0.2698,121188.1,0.27,28931.5,0.2701,97406.0
1753503363497,04:16:03.497,ALGO/USDT:USDT,0.2699,27426.5,0.2698,121114.0,0.27,28931.5,0.2701,97406.0
1753503363596,04:16:03.596,ALGO/USDT:USDT,0.2699,27426.5,0.2698,121114.0,0.27,29075.8,0.2701,97406.0
1753503363696,04:16:03.696,ALGO/USDT:USDT,0.2699,27426.5,0.2698,121114.0,0.27,29075.8,0.2701,97406.0
1753503363896,04:16:03.896,ALGO/USDT:USDT,0.2699,27426.5,0.2698,121114.0,0.27,31173.7,0.2701,97406.0
1753503363996,04:16:03.996,ALGO/USDT:USDT,0.2699,11426.5,0.2698,121114.0,0.27,31173.7,0.2701,97406.0
1753503364099,04:16:04.099,ALGO/USDT:USDT,0.2699,11426.5,0.2698,121114.0,0.27,31173.7,0.2701,97406.0
1753503364197,04:16:04.197,ALGO/USDT:USDT,0.2699,11426.5,0.2698,121114.0,0.27,30247.7,0.2701,97406.0
1753503364397,04:16:04.397,ALGO/USDT:USDT,0.2699,27426.5,0.2698,121188.1,0.27,23543.2,0.2701,97406.0
1753503364497,04:16:04.497,ALGO/USDT:USDT,0.2699,27426.5,0.2698,121188.1,0.27,23543.2,0.2701,97406.0
1753503364597,04:16:04.597,ALGO/USDT:USDT,0.2699,27426.5,0.2698,121188.1,0.27,23543.2,0.2701,97406.0
1753503365099,04:16:05.099,ALGO/USDT:USDT,0.2699,27426.5,0.2698,121188.1,0.27,23543.2,0.2701,97406.0
1753503365297,04:16:05.297,ALGO/USDT:USDT,0.2699,27426.5,0.2698,120233.9,0.27,23543.2,0.2701,97406.0
1753503365397,04:16:05.397,ALGO/USDT:USDT,0.2699,27426.5,0.2698,120233.9,0.27,23543.2,0.2701,97406.0
1753503365696,04:16:05.696,ALGO/USDT:USDT,0.2699,27426.5,0.2698,120233.9,0.27,23543.2,0.2701,97406.0
1753503365796,04:16:05.796,ALGO/USDT:USDT,0.2699,27426.5,0.2698,120233.9,0.27,23543.2,0.2701,97406.0
1753503365897,04:16:05.897,ALGO/USDT:USDT,0.2699,27426.5,0.2698,120233.9,0.27,23565.4,0.2701,97406.0
1753503365997,04:16:05.997,ALGO/USDT:USDT,0.2699,27426.5,0.2698,120233.9,0.27,23565.4,0.2701,97406.0
1753503366097,04:16:06.097,ALGO/USDT:USDT,0.2699,27426.5,0.2698,120233.9,0.27,23565.4,0.2701,97406.0
1753503366197,04:16:06.197,ALGO/USDT:USDT,0.2699,27426.5,0.2698,120233.9,0.27,23565.4,0.2701,97406.0
1753503366397,04:16:06.397,ALGO/USDT:USDT,0.2699,11426.5,0.2698,120159.8,0.27,23565.4,0.2701,97406.0
1753503366497,04:16:06.497,ALGO/USDT:USDT,0.2699,11426.5,0.2698,120159.8,0.27,25663.3,0.2701,97406.0
1753503366697,04:16:06.697,ALGO/USDT:USDT,0.2699,11426.5,0.2698,120159.8,0.27,25371.6,0.2701,96773.4
1753503366897,04:16:06.897,ALGO/USDT:USDT,0.2699,11426.5,0.2698,120159.8,0.27,25371.5,0.2701,96773.4
1753503367197,04:16:07.197,ALGO/USDT:USDT,0.2699,11426.5,0.2698,120159.8,0.27,25371.5,0.2701,96773.4
1753503367297,04:16:07.297,ALGO/USDT:USDT,0.2699,27426.5,0.2698,120233.9,0.27,24738.1,0.2701,96773.4
1753503367397,04:16:07.397,ALGO/USDT:USDT,0.2699,27426.5,0.2698,120233.9,0.27,24738.1,0.2701,96773.4
1753503367497,04:16:07.497,ALGO/USDT:USDT,0.2699,27426.5,0.2698,120233.9,0.27,24199.7,0.2701,96773.4
1753503367598,04:16:07.598,ALGO/USDT:USDT,0.2699,27426.5,0.2698,120233.9,0.27,24738.2,0.2701,96773.4
1753503367697,04:16:07.697,ALGO/USDT:USDT,0.2699,27426.5,0.2698,120233.9,0.27,24199.7,0.2701,96773.4
1753503367897,04:16:07.897,ALGO/USDT:USDT,0.2699,27426.5,0.2698,120233.9,0.27,24199.7,0.2701,96773.4
1753503367996,04:16:07.996,ALGO/USDT:USDT,0.2699,27426.5,0.2698,120233.9,0.27,24199.7,0.2701,96773.4
1753503368096,04:16:08.096,ALGO/USDT:USDT,0.2699,27426.5,0.2698,120233.9,0.27,24199.7,0.2701,96773.4
1753503368297,04:16:08.297,ALGO/USDT:USDT,0.2699,11426.5,0.2698,119030.7,0.27,40199.7,0.2701,96773.4
1753503368396,04:16:08.396,ALGO/USDT:USDT,0.2699,11426.5,0.2698,114858.9,0.27,42297.6,0.2701,96773.4
1753503368497,04:16:08.497,ALGO/USDT:USDT,0.2699,11426.5,0.2698,114858.9,0.27,42297.6,0.2701,97514.2
1753503368697,04:16:08.697,ALGO/USDT:USDT,0.2699,11426.5,0.2698,114858.9,0.27,42297.6,0.2701,97514.2
1753503369197,04:16:09.197,ALGO/USDT:USDT,0.2699,11426.5,0.2698,114858.9,0.27,42297.6,0.2701,97514.2
1753503369297,04:16:09.297,ALGO/USDT:USDT,0.2699,11426.5,0.2698,114858.9,0.27,42297.6,0.2701,97514.2
1753503369397,04:16:09.397,ALGO/USDT:USDT,0.2699,9096.7,0.2698,112026.8,0.27,44149.7,0.2701,97514.2
1753503369497,04:16:09.497,ALGO/USDT:USDT,0.2699,9096.7,0.2698,112026.8,0.27,44149.7,0.2701,97871.8
1753503369597,04:16:09.597,ALGO/USDT:USDT,0.2698,100432.0,0.2697,91681.6,0.2699,11793.4,0.27,50820.4
1753503369696,04:16:09.696,ALGO/USDT:USDT,0.2698,23305.9,0.2697,124268.9,0.2699,18747.1,0.27,116386.9
1753503369797,04:16:09.797,ALGO/USDT:USDT,0.2698,23305.9,0.2697,124268.9,0.2699,19769.4,0.27,115625.2
1753503369897,04:16:09.897,ALGO/USDT:USDT,0.2699,38707.1,0.2698,127414.7,0.27,23794.7,0.2701,45259.0
1753503369997,04:16:09.997,ALGO/USDT:USDT,0.2699,38932.0,0.2698,133365.0,0.27,23794.7,0.2701,82400.6
1753503370099,04:16:10.099,ALGO/USDT:USDT,0.2699,38932.0,0.2698,133365.0,0.27,23794.7,0.2701,86574.5
1753503370198,04:16:10.198,ALGO/USDT:USDT,0.2699,38707.1,0.2698,133365.0,0.27,23794.7,0.2701,86574.5
1753503370297,04:16:10.297,ALGO/USDT:USDT,0.2699,54932.0,0.2698,133365.0,0.27,23794.7,0.2701,86500.4
1753503370397,04:16:10.397,ALGO/USDT:USDT,0.2699,54932.0,0.2698,133365.0,0.27,23794.7,0.2701,86500.4
1753503370597,04:16:10.597,ALGO/USDT:USDT,0.2699,38932.0,0.2698,133735.4,0.27,23794.7,0.2701,86500.4
1753503370697,04:16:10.697,ALGO/USDT:USDT,0.2699,38707.1,0.2698,133735.4,0.27,23794.7,0.2701,86574.5
1753503370897,04:16:10.897,ALGO/USDT:USDT,0.2699,38707.1,0.2698,133735.4,0.27,23794.7,0.2701,86574.5
1753503370997,04:16:10.997,ALGO/USDT:USDT,0.2699,38707.1,0.2698,133735.4,0.27,23794.7,0.2701,86574.5
1753503371297,04:16:11.297,ALGO/USDT:USDT,0.2699,38707.1,0.2698,134260.5,0.27,23794.7,0.2701,86574.5
1753503371397,04:16:11.397,ALGO/USDT:USDT,0.2699,38932.0,0.2698,134260.5,0.27,24329.8,0.2701,89406.6
1753503371497,04:16:11.497,ALGO/USDT:USDT,0.2699,38932.0,0.2698,134260.5,0.27,23791.3,0.2701,89406.6
1753503371697,04:16:11.697,ALGO/USDT:USDT,0.2699,38707.1,0.2698,134260.5,0.27,23791.3,0.2701,89406.6
1753503371797,04:16:11.797,ALGO/USDT:USDT,0.2699,38707.1,0.2698,134260.5,0.27,23791.3,0.2701,89406.6
1753503372100,04:16:12.100,ALGO/USDT:USDT,0.2699,38932.0,0.2698,134260.5,0.27,23791.3,0.2701,89406.6
1753503372196,04:16:12.196,ALGO/USDT:USDT,0.2699,38707.1,0.2698,134260.5,0.27,23791.3,0.2701,89406.6
1753503372296,04:16:12.296,ALGO/USDT:USDT,0.2699,54932.0,0.2698,134260.5,0.27,23791.3,0.2701,89406.6
1753503372597,04:16:12.597,ALGO/USDT:USDT,0.2699,38932.0,0.2698,134260.5,0.27,24963.2,0.2701,89406.6
1753503372696,04:16:12.696,ALGO/USDT:USDT,0.2699,38707.1,0.2698,134260.5,0.27,24963.2,0.2701,89406.6
1753503372797,04:16:12.797,ALGO/USDT:USDT,0.2699,38707.1,0.2698,134260.5,0.27,24963.2,0.2701,89406.6
1753503372996,04:16:12.996,ALGO/USDT:USDT,0.2699,38932.0,0.2698,133334.1,0.27,24963.2,0.2701,89406.6
1753503373097,04:16:13.097,ALGO/USDT:USDT,0.2699,38932.0,0.2698,133334.1,0.27,24963.2,0.2701,89406.6
1753503373197,04:16:13.197,ALGO/USDT:USDT,0.2699,38932.0,0.2698,133334.1,0.27,24963.2,0.2701,89406.6
1753503373297,04:16:13.297,ALGO/USDT:USDT,0.2699,38932.0,0.2698,133334.1,0.27,31963.2,0.2701,89406.6
1753503373397,04:16:13.397,ALGO/USDT:USDT,0.2699,38932.0,0.2698,133334.1,0.27,24963.2,0.2701,89406.6
1753503373497,04:16:13.497,ALGO/USDT:USDT,0.2699,38132.0,0.2698,133334.1,0.27,27678.2,0.2701,89406.6
1753503373598,04:16:13.598,ALGO/USDT:USDT,0.2699,38132.0,0.2698,133334.1,0.27,27678.2,0.2701,89406.6
1753503373696,04:16:13.696,ALGO/USDT:USDT,0.2699,37907.1,0.2698,133334.1,0.27,26506.3,0.2701,89406.6
1753503373797,04:16:13.797,ALGO/USDT:USDT,0.2699,37907.1,0.2698,133334.1,0.27,26506.3,0.2701,89406.6
1753503374196,04:16:14.196,ALGO/USDT:USDT,0.2699,53907.1,0.2698,133334.1,0.27,26506.3,0.2701,89406.6
1753503374296,04:16:14.296,ALGO/USDT:USDT,0.2699,54132.0,0.2698,133334.1,0.27,26506.3,0.2701,89406.6
1753503374397,04:16:14.397,ALGO/USDT:USDT,0.2699,43132.0,0.2698,133334.1,0.27,26506.3,0.2701,89406.6
1753503374497,04:16:14.497,ALGO/USDT:USDT,0.2699,42907.1,0.2698,133334.1,0.27,26506.3,0.2701,89406.6
1753503374598,04:16:14.598,ALGO/USDT:USDT,0.2699,43132.0,0.2698,133334.1,0.27,26506.3,0.2701,89406.6
1753503374697,04:16:14.697,ALGO/USDT:USDT,0.2699,37907.1,0.2698,133334.1,0.27,27678.2,0.2701,89406.6
1753503374796,04:16:14.796,ALGO/USDT:USDT,0.2699,37907.1,0.2698,133334.1,0.27,27678.2,0.2701,89406.6
1753503374897,04:16:14.897,ALGO/USDT:USDT,0.2699,37907.1,0.2698,133334.1,0.27,27044.8,0.2701,89406.6
1753503375097,04:16:15.097,ALGO/USDT:USDT,0.2699,37907.1,0.2698,133334.1,0.27,27044.8,0.2701,89406.6
1753503375197,04:16:15.197,ALGO/USDT:USDT,0.2699,53907.1,0.2698,133334.1,0.27,26506.3,0.2701,89406.6
1753503375297,04:16:15.297,ALGO/USDT:USDT,0.2699,54132.0,0.2698,133334.1,0.27,27044.8,0.2701,89406.6
1753503375396,04:16:15.396,ALGO/USDT:USDT,0.2699,54132.0,0.2698,133334.1,0.27,27678.2,0.2701,89406.6
1753503375496,04:16:15.496,ALGO/USDT:USDT,0.2699,54132.0,0.2698,133334.1,0.27,26506.3,0.2701,89406.6
1753503375697,04:16:15.697,ALGO/USDT:USDT,0.2699,53907.1,0.2698,133334.1,0.27,26506.3,0.2701,89406.6
1753503375797,04:16:15.797,ALGO/USDT:USDT,0.2699,53907.1,0.2698,133334.1,0.27,17585.6,0.2701,89406.6
1753503375897,04:16:15.897,ALGO/USDT:USDT,0.2699,54132.0,0.2698,132437.2,0.27,17585.6,0.2701,89406.6
1753503375997,04:16:15.997,ALGO/USDT:USDT,0.2699,54132.0,0.2698,130955.0,0.27,26059.6,0.2701,89406.6
1753503376099,04:16:16.099,ALGO/USDT:USDT,0.2699,37907.1,0.2698,130955.0,0.27,27231.5,0.2701,89406.6
1753503376197,04:16:16.197,ALGO/USDT:USDT,0.2699,53907.1,0.2698,130584.6,0.27,27231.5,0.2701,89406.6
1753503376396,04:16:16.396,ALGO/USDT:USDT,0.2699,54132.0,0.2698,130584.6,0.27,26598.1,0.2701,89406.6
1753503376497,04:16:16.497,ALGO/USDT:USDT,0.2699,54132.0,0.2698,130584.6,0.27,27231.5,0.2701,89406.6
1753503376697,04:16:16.697,ALGO/USDT:USDT,0.2699,53907.1,0.2698,130584.6,0.27,27231.5,0.2701,89406.6
1753503376797,04:16:16.797,ALGO/USDT:USDT,0.2699,37907.1,0.2698,130584.6,0.27,27231.5,0.2701,89406.6
1753503376997,04:16:16.997,ALGO/USDT:USDT,0.2699,37907.1,0.2698,130584.6,0.27,27231.5,0.2701,89406.6
1753503377097,04:16:17.097,ALGO/USDT:USDT,0.2699,37907.1,0.2698,130584.6,0.27,27231.5,0.2701,89406.6
1753503377196,04:16:17.196,ALGO/USDT:USDT,0.2699,53907.1,0.2698,130584.6,0.27,27231.5,0.2701,89406.6
1753503377297,04:16:17.297,ALGO/USDT:USDT,0.2699,53907.1,0.2698,130584.6,0.27,27232.9,0.2701,89406.6
1753503377397,04:16:17.397,ALGO/USDT:USDT,0.2699,54132.0,0.2698,130584.6,0.27,27232.9,0.2701,89406.6
1753503377597,04:16:17.597,ALGO/USDT:USDT,0.2699,54132.0,0.2698,130584.6,0.27,27232.9,0.2701,89406.6
1753503377696,04:16:17.696,ALGO/USDT:USDT,0.2699,41907.1,0.2698,130584.6,0.27,27232.9,0.2701,89406.6
1753503377997,04:16:17.997,ALGO/USDT:USDT,0.2699,42132.0,0.2698,130584.6,0.27,27235.3,0.2701,89406.6
1753503378197,04:16:18.197,ALGO/USDT:USDT,0.2699,48132.0,0.2698,130584.6,0.27,27235.3,0.2701,89406.6
1753503378297,04:16:18.297,ALGO/USDT:USDT,0.2699,37907.1,0.2698,130584.6,0.27,27235.3,0.2701,89406.6
1753503378397,04:16:18.397,ALGO/USDT:USDT,0.2699,38132.0,0.2698,130584.6,0.27,27235.3,0.2701,89406.6
1753503378696,04:16:18.696,ALGO/USDT:USDT,0.2699,26287.1,0.2698,119504.6,0.27,28475.8,0.2701,89406.6
1753503378797,04:16:18.797,ALGO/USDT:USDT,0.2699,26287.1,0.2698,119504.6,0.27,28475.8,0.2701,91258.7
1753503378897,04:16:18.897,ALGO/USDT:USDT,0.2698,32038.2,0.2697,140432.5,0.2699,35223.6,0.27,108641.5
1753503378996,04:16:18.996,ALGO/USDT:USDT,0.2698,26087.9,0.2697,130225.4,0.2699,35223.6,0.27,122374.2
1753503379097,04:16:19.097,ALGO/USDT:USDT,0.2698,26087.9,0.2697,130225.4,0.2699,35223.6,0.27,122374.2
1753503379197,04:16:19.197,ALGO/USDT:USDT,0.2698,35087.9,0.2697,130225.4,0.2699,36023.6,0.27,122374.2
1753503379297,04:16:19.297,ALGO/USDT:USDT,0.2698,35087.9,0.2697,130225.4,0.2699,20023.6,0.27,122374.2
1753503379396,04:16:19.396,ALGO/USDT:USDT,0.2698,35087.9,0.2697,130225.4,0.2699,20023.6,0.27,122374.2
1753503379598,04:16:19.598,ALGO/USDT:USDT,0.2698,23056.3,0.2697,130225.4,0.2699,20023.6,0.27,122374.2
1753503379697,04:16:19.697,ALGO/USDT:USDT,0.2698,22831.4,0.2697,130225.4,0.2699,20023.6,0.27,122374.2
1753503380097,04:16:20.097,ALGO/USDT:USDT,0.2698,22831.4,0.2697,128372.4,0.2699,20023.6,0.27,122374.2
1753503380197,04:16:20.197,ALGO/USDT:USDT,0.2698,22831.4,0.2697,128372.4,0.2699,36023.6,0.27,122374.2
1753503380297,04:16:20.297,ALGO/USDT:USDT,0.2698,22831.4,0.2697,128372.4,0.2699,36023.6,0.27,122374.2
1753503380397,04:16:20.397,ALGO/USDT:USDT,0.2698,22831.4,0.2697,128372.4,0.2699,36023.6,0.27,122374.2
1753503380497,04:16:20.497,ALGO/USDT:USDT,0.2698,22831.4,0.2697,128372.4,0.2699,36023.6,0.27,122374.2
1753503380597,04:16:20.597,ALGO/USDT:USDT,0.2698,21350.4,0.2697,128372.4,0.2699,36023.6,0.27,122374.2
1753503381097,04:16:21.097,ALGO/USDT:USDT,0.2698,21350.4,0.2697,128372.4,0.2699,36657.0,0.27,121740.8
1753503381197,04:16:21.197,ALGO/USDT:USDT,0.2698,21350.4,0.2697,128372.4,0.2699,36657.0,0.27,121740.8
1753503381297,04:16:21.297,ALGO/USDT:USDT,0.2698,21350.4,0.2697,128372.4,0.2699,36657.0,0.27,121740.8
1753503381397,04:16:21.397,ALGO/USDT:USDT,0.2698,21350.4,0.2697,128001.9,0.2699,36023.6,0.27,121740.8
1753503381497,04:16:21.497,ALGO/USDT:USDT,0.2698,21350.4,0.2697,128076.1,0.2699,23960.1,0.27,117804.4
1753503381597,04:16:21.597,ALGO/USDT:USDT,0.2698,21350.4,0.2697,128076.1,0.2699,23960.1,0.27,117804.4
1753503381797,04:16:21.797,ALGO/USDT:USDT,0.2698,21350.4,0.2697,128001.9,0.2699,24095.5,0.27,117681.2
1753503381897,04:16:21.897,ALGO/USDT:USDT,0.2698,21350.4,0.2697,128076.1,0.2699,24095.5,0.27,117681.2
1753503382196,04:16:22.196,ALGO/USDT:USDT,0.2698,22583.3,0.2697,128001.9,0.2699,40095.5,0.27,117681.2
1753503382297,04:16:22.297,ALGO/USDT:USDT,0.2698,22583.3,0.2697,128001.9,0.2699,40967.0,0.27,117681.2
1753503382397,04:16:22.397,ALGO/USDT:USDT,0.2698,16962.0,0.2697,128001.9,0.2699,41600.4,0.27,117681.2
1753503382496,04:16:22.496,ALGO/USDT:USDT,0.2698,16162.0,0.2697,128001.9,0.2699,41600.4,0.27,117681.2
1753503382597,04:16:22.597,ALGO/USDT:USDT,0.2698,16162.0,0.2697,128001.9,0.2699,41600.4,0.27,117681.2
1753503383097,04:16:23.097,ALGO/USDT:USDT,0.2698,16162.0,0.2697,128001.9,0.2699,40967.0,0.27,117681.2
1753503383396,04:16:23.396,ALGO/USDT:USDT,0.2698,16162.0,0.2697,128001.9,0.2699,41600.4,0.27,117681.2
1753503383597,04:16:23.597,ALGO/USDT:USDT,0.2698,16162.0,0.2697,128001.9,0.2699,41600.4,0.27,117681.2
1753503383797,04:16:23.797,ALGO/USDT:USDT,0.2698,16162.0,0.2697,128001.9,0.2699,41600.4,0.27,117681.2
1753503383897,04:16:23.897,ALGO/USDT:USDT,0.2698,16162.0,0.2697,128076.1,0.2699,24967.0,0.27,117681.2
1753503383997,04:16:23.997,ALGO/USDT:USDT,0.2698,16162.0,0.2697,128076.1,0.2699,24967.0,0.27,117681.2
1753503384100,04:16:24.100,ALGO/USDT:USDT,0.2698,32162.0,0.2697,128076.1,0.2699,40967.0,0.27,117681.2
1753503384296,04:16:24.296,ALGO/USDT:USDT,0.2698,32162.0,0.2697,128076.1,0.2699,24967.0,0.27,117681.2
1753503384397,04:16:24.397,ALGO/USDT:USDT,0.2698,16162.0,0.2697,128076.1,0.2699,25600.4,0.27,117681.2
1753503384497,04:16:24.497,ALGO/USDT:USDT,0.2698,16162.0,0.2697,128001.9,0.2699,25600.4,0.27,117681.2
1753503384597,04:16:24.597,ALGO/USDT:USDT,0.2698,16162.0,0.2697,128001.9,0.2699,25600.4,0.27,117681.2
1753503384696,04:16:24.696,ALGO/USDT:USDT,0.2698,16162.0,0.2697,128076.1,0.2699,25600.4,0.27,117681.2
1753503384796,04:16:24.796,ALGO/USDT:USDT,0.2698,16162.0,0.2697,128001.9,0.2699,26138.9,0.27,117681.2
1753503384897,04:16:24.897,ALGO/USDT:USDT,0.2698,8925.3,0.2697,128001.9,0.2699,26218.8,0.27,117681.2
1753503384996,04:16:24.996,ALGO/USDT:USDT,0.2698,8925.3,0.2697,123828.0,0.2699,30393.6,0.27,117681.2
1753503385097,04:16:25.097,ALGO/USDT:USDT,0.2698,8925.3,0.2697,123828.0,0.2699,46393.6,0.27,117681.2
1753503385197,04:16:25.197,ALGO/USDT:USDT,0.2698,8925.3,0.2697,123828.0,0.2699,46393.6,0.27,119590.0
1753503385397,04:16:25.397,ALGO/USDT:USDT,0.2698,8925.3,0.2697,123828.0,0.2699,46393.6,0.27,119590.0
1753503385796,04:16:25.796,ALGO/USDT:USDT,0.2698,8925.3,0.2697,123828.0,0.2699,45855.1,0.27,119590.0
1753503385898,04:16:25.898,ALGO/USDT:USDT,0.2698,8925.3,0.2697,123828.0,0.2699,45855.1,0.27,119590.0
1753503385997,04:16:25.997,ALGO/USDT:USDT,0.2698,8925.3,0.2697,123828.0,0.2699,45855.1,0.27,119587.6
1753503386097,04:16:26.097,ALGO/USDT:USDT,0.2698,9084.0,0.2697,123828.0,0.2699,45855.1,0.27,119587.6
1753503386397,04:16:26.397,ALGO/USDT:USDT,0.2698,9084.0,0.2697,123828.0,0.2699,46393.6,0.27,119587.6
1753503386497,04:16:26.497,ALGO/USDT:USDT,0.2698,18713.6,0.2697,123902.2,0.2699,29221.7,0.27,109426.1
1753503386597,04:16:26.597,ALGO/USDT:USDT,0.2698,18713.6,0.2697,123902.2,0.2699,29221.7,0.27,109426.1
1753503386797,04:16:26.797,ALGO/USDT:USDT,0.2698,18713.6,0.2697,123902.2,0.2699,25046.9,0.27,113600.9
1753503386897,04:16:26.897,ALGO/USDT:USDT,0.2698,18713.6,0.2697,123902.2,0.2699,25120.1,0.27,113578.8
1753503386996,04:16:26.996,ALGO/USDT:USDT,0.2698,18713.6,0.2697,123902.2,0.2699,25120.1,0.27,113578.8
1753503387097,04:16:27.097,ALGO/USDT:USDT,0.2698,34713.6,0.2697,123902.2,0.2699,25120.1,0.27,110746.7
1753503387297,04:16:27.297,ALGO/USDT:USDT,0.2698,34713.6,0.2697,123902.2,0.2699,25120.1,0.27,110746.7
1753503387396,04:16:27.396,ALGO/USDT:USDT,0.2698,34713.6,0.2697,128618.8,0.2699,12957.7,0.27,110672.5
1753503387497,04:16:27.497,ALGO/USDT:USDT,0.2698,37665.0,0.2697,128618.8,0.2699,5096.5,0.27,110672.5
1753503387597,04:16:27.597,ALGO/USDT:USDT,0.2698,37889.9,0.2697,125755.7,0.2699,5096.5,0.27,110672.5
1753503387696,04:16:27.696,ALGO/USDT:USDT,0.2698,37889.9,0.2697,125755.7,0.2699,5096.5,0.27,110672.5
1753503387997,04:16:27.997,ALGO/USDT:USDT,0.2698,34938.5,0.2697,125755.7,0.2699,5096.5,0.27,110672.5
1753503388097,04:16:28.097,ALGO/USDT:USDT,0.2698,34934.9,0.2697,125755.7,0.2699,5096.5,0.27,110672.5
1753503388197,04:16:28.197,ALGO/USDT:USDT,0.2698,18934.9,0.2697,133989.8,0.2699,6399.7,0.27,110672.5
1753503388297,04:16:28.297,ALGO/USDT:USDT,0.2698,18710.0,0.2697,133989.8,0.2699,6399.7,0.27,110672.5
1753503388396,04:16:28.396,ALGO/USDT:USDT,0.2698,18710.0,0.2697,134360.3,0.2699,14499.9,0.27,110672.5
1753503388597,04:16:28.597,ALGO/USDT:USDT,0.2698,18710.0,0.2697,134360.3,0.2699,14499.9,0.27,110672.5
1753503388796,04:16:28.796,ALGO/USDT:USDT,0.2698,18710.0,0.2697,134360.3,0.2699,14499.9,0.27,110672.5
1753503388897,04:16:28.897,ALGO/USDT:USDT,0.2698,18710.0,0.2697,134360.3,0.2699,14500.8,0.27,110672.5
1753503388996,04:16:28.996,ALGO/USDT:USDT,0.2698,18710.0,0.2697,134360.3,0.2699,14500.8,0.27,110672.5
1753503389097,04:16:29.097,ALGO/USDT:USDT,0.2698,34710.0,0.2697,134360.3,0.2699,14500.8,0.27,110672.5
1753503389196,04:16:29.196,ALGO/USDT:USDT,0.2698,34934.9,0.2697,134360.3,0.2699,14500.8,0.27,110672.5
1753503389297,04:16:29.297,ALGO/USDT:USDT,0.2698,34934.9,0.2697,134360.3,0.2699,14500.8,0.27,110672.5
1753503389397,04:16:29.397,ALGO/USDT:USDT,0.2698,34710.0,0.2697,134360.3,0.2699,14500.8,0.27,110672.5
1753503389496,04:16:29.496,ALGO/USDT:USDT,0.2698,34710.0,0.2697,134360.3,0.2699,14500.8,0.27,110672.5
1753503389597,04:16:29.597,ALGO/USDT:USDT,0.2698,35451.1,0.2697,135842.5,0.2699,5097.4,0.27,110672.5
1753503389697,04:16:29.697,ALGO/USDT:USDT,0.2698,35676.0,0.2697,135842.5,0.2699,5097.4,0.27,110672.5
1753503390197,04:16:30.197,ALGO/USDT:USDT,0.2698,35676.0,0.2697,135842.5,0.2699,5097.4,0.27,110672.5
1753503390297,04:16:30.297,ALGO/USDT:USDT,0.2698,35676.0,0.2697,135842.5,0.2699,5097.4,0.27,110672.5
1753503390697,04:16:30.697,ALGO/USDT:USDT,0.2698,35676.0,0.2697,135842.5,0.2699,5097.4,0.27,110672.5
1753503390796,04:16:30.796,ALGO/USDT:USDT,0.2698,35676.0,0.2697,135842.5,0.2699,5098.7,0.27,110672.5
1753503391197,04:16:31.197,ALGO/USDT:USDT,0.2698,49262.5,0.2697,143707.7,0.2699,5098.7,0.27,83082.5
1753503391297,04:16:31.297,ALGO/USDT:USDT,0.2698,49188.3,0.2697,143707.7,0.2699,5098.7,0.27,83082.5
1753503391397,04:16:31.397,ALGO/USDT:USDT,0.2698,50114.7,0.2697,145560.5,0.2699,5098.7,0.27,83082.5
1753503391598,04:16:31.598,ALGO/USDT:USDT,0.2698,48261.9,0.2697,145560.5,0.2699,5101.8,0.27,94677.3
1753503391897,04:16:31.897,ALGO/USDT:USDT,0.2698,47335.5,0.2697,143707.7,0.2699,5101.8,0.27,94677.3
1753503391997,04:16:31.997,ALGO/USDT:USDT,0.2698,44384.1,0.2697,143707.7,0.2699,5101.8,0.27,94677.3
1753503392197,04:16:32.197,ALGO/USDT:USDT,0.2698,44610.5,0.2697,143707.7,0.2699,5101.8,0.27,94677.3
1753503392297,04:16:32.297,ALGO/USDT:USDT,0.2698,41090.2,0.2697,141854.9,0.2699,5107.6,0.27,94677.3
1753503392397,04:16:32.397,ALGO/USDT:USDT,0.2698,45536.9,0.2697,143707.7,0.2699,5107.7,0.27,94677.3
1753503392496,04:16:32.496,ALGO/USDT:USDT,0.2698,45536.9,0.2697,143707.7,0.2699,5107.7,0.27,94677.3
1753503392597,04:16:32.597,ALGO/USDT:USDT,0.2698,45536.9,0.2697,143707.7,0.2699,5107.7,0.27,90502.5
1753503392697,04:16:32.697,ALGO/USDT:USDT,0.2698,45536.9,0.2697,143707.7,0.2699,5107.7,0.27,90502.5
1753503392996,04:16:32.996,ALGO/USDT:USDT,0.2698,45536.9,0.2697,143707.7,0.2699,5107.7,0.27,90502.5
1753503393197,04:16:33.197,ALGO/USDT:USDT,0.2698,46648.1,0.2697,143707.7,0.2699,5107.7,0.27,90502.5
1753503393297,04:16:33.297,ALGO/USDT:USDT,0.2698,46648.1,0.2697,143707.7,0.2699,5107.7,0.27,90502.5
1753503393397,04:16:33.397,ALGO/USDT:USDT,0.2698,46648.1,0.2697,143707.7,0.2699,5308.6,0.27,90358.2
1753503393498,04:16:33.498,ALGO/USDT:USDT,0.2698,46648.1,0.2697,143707.7,0.2699,5308.6,0.27,90358.2
1753503393597,04:16:33.597,ALGO/USDT:USDT,0.2698,47016.8,0.2697,144078.2,0.2699,5308.6,0.27,90358.2
1753503393797,04:16:33.797,ALGO/USDT:USDT,0.27,18913.8,0.2699,123952.4,0.2701,34062.0,0.2702,103110.8
1753503393897,04:16:33.897,ALGO/USDT:USDT,0.27,27063.1,0.2699,143140.3,0.2701,21263.6,0.2702,101075.4
1753503393998,04:16:33.998,ALGO/USDT:USDT,0.27,43063.1,0.2699,143140.3,0.2701,16930.8,0.2702,105250.4
1753503394099,04:16:34.099,ALGO/USDT:USDT,0.27,43063.1,0.2699,129006.9,0.2701,17115.0,0.2702,105250.4
1753503394197,04:16:34.197,ALGO/USDT:USDT,0.27,43063.1,0.2699,129006.9,0.2701,17115.0,0.2702,105250.4
1753503394497,04:16:34.497,ALGO/USDT:USDT,0.27,43063.1,0.2699,129006.9,0.2701,18040.7,0.2702,108193.4
1753503394598,04:16:34.598,ALGO/USDT:USDT,0.27,43063.1,0.2699,129006.9,0.2701,18040.7,0.2702,108193.4
1753503394697,04:16:34.697,ALGO/USDT:USDT,0.27,43063.1,0.2699,129006.9,0.2701,18040.7,0.2702,108193.4
1753503394897,04:16:34.897,ALGO/USDT:USDT,0.27,43063.1,0.2699,129006.9,0.2701,18048.2,0.2702,108193.4
1753503395097,04:16:35.097,ALGO/USDT:USDT,0.27,43063.1,0.2699,129006.9,0.2701,18048.2,0.2702,108267.5
1753503395198,04:16:35.198,ALGO/USDT:USDT,0.2701,31155.7,0.27,120451.0,0.2702,35051.1,0.2703,117438.3
1753503395297,04:16:35.297,ALGO/USDT:USDT,0.2701,31155.7,0.27,126003.8,0.2702,27507.4,0.2703,117438.3
1753503395396,04:16:35.396,ALGO/USDT:USDT,0.2701,31155.7,0.27,126003.8,0.2702,23332.4,0.2703,121246.6
1753503395497,04:16:35.497,ALGO/USDT:USDT,0.2701,31155.7,0.27,130178.8,0.2702,22699.0,0.2703,98624.2
1753503395597,04:16:35.597,ALGO/USDT:USDT,0.2701,31155.7,0.27,130178.8,0.2702,22699.0,0.2703,98624.2
1753503395697,04:16:35.697,ALGO/USDT:USDT,0.2701,31155.7,0.27,130178.8,0.2702,22699.0,0.2703,97883.9
1753503395801,04:16:35.801,ALGO/USDT:USDT,0.2701,31155.7,0.27,130178.8,0.2702,24998.1,0.2703,97883.9
1753503395997,04:16:35.997,ALGO/USDT:USDT,0.2701,31155.7,0.27,130178.8,0.2702,40998.1,0.2703,97883.9
1753503396097,04:16:36.097,ALGO/USDT:USDT,0.2701,31155.7,0.27,126003.8,0.2702,41172.0,0.2703,97883.9
1753503396297,04:16:36.297,ALGO/USDT:USDT,0.2701,31155.7,0.27,126003.8,0.2702,41172.0,0.2703,95108.9
1753503396397,04:16:36.397,ALGO/USDT:USDT,0.2701,31155.7,0.27,126003.8,0.2702,41172.0,0.2703,95108.9
1753503396497,04:16:36.497,ALGO/USDT:USDT,0.2701,31155.7,0.27,126003.8,0.2702,41172.0,0.2703,95108.9
1753503396697,04:16:36.697,ALGO/USDT:USDT,0.2701,31155.7,0.27,126003.8,0.2702,41172.0,0.2703,95108.9
1753503396897,04:16:36.897,ALGO/USDT:USDT,0.2701,31155.7,0.27,126003.8,0.2702,41172.0,0.2703,95108.9
1753503396997,04:16:36.997,ALGO/USDT:USDT,0.2701,31155.7,0.27,126003.8,0.2702,41172.0,0.2703,94737.8
1753503397096,04:16:37.096,ALGO/USDT:USDT,0.27,107060.8,0.2699,124566.0,0.2702,45486.2,0.2703,102966.8
1753503397196,04:16:37.196,ALGO/USDT:USDT,0.27,19511.7,0.2699,140288.7,0.2701,37483.6,0.2702,97250.5
1753503397296,04:16:37.296,ALGO/USDT:USDT,0.27,19511.7,0.2699,140288.7,0.2701,37483.6,0.2702,97250.5
1753503397697,04:16:37.697,ALGO/USDT:USDT,0.27,19511.7,0.2699,140288.7,0.2701,41186.6,0.2702,97250.5
1753503398099,04:16:38.099,ALGO/USDT:USDT,0.27,19511.7,0.2699,140288.7,0.2701,41186.6,0.2702,97076.6
1753503398196,04:16:38.196,ALGO/USDT:USDT,0.27,19511.7,0.2699,140288.7,0.2701,37483.6,0.2702,97076.6
1753503398297,04:16:38.297,ALGO/USDT:USDT,0.27,19511.7,0.2699,140288.7,0.2701,36945.1,0.2702,97076.6
1753503398397,04:16:38.397,ALGO/USDT:USDT,0.27,19511.7,0.2699,140288.7,0.2701,37483.6,0.2702,97076.6
1753503398696,04:16:38.696,ALGO/USDT:USDT,0.27,19511.7,0.2699,140288.7,0.2701,37483.6,0.2702,97076.6
1753503398797,04:16:38.797,ALGO/USDT:USDT,0.27,22634.3,0.2699,140362.8,0.2701,36311.7,0.2702,97076.6
1753503398897,04:16:38.897,ALGO/USDT:USDT,0.27,22634.3,0.2699,140362.8,0.2701,36311.7,0.2702,97076.6
1753503399097,04:16:39.097,ALGO/USDT:USDT,0.27,22634.3,0.2699,140362.8,0.2701,11837.7,0.2702,86891.9
1753503399196,04:16:39.196,ALGO/USDT:USDT,0.27,29879.8,0.2699,140362.8,0.2701,8149.3,0.2702,86891.9
1753503399297,04:16:39.297,ALGO/USDT:USDT,0.27,29879.8,0.2699,140362.8,0.2701,8152.3,0.2702,86891.9
1753503399396,04:16:39.396,ALGO/USDT:USDT,0.27,29879.8,0.2699,140362.8,0.2701,8152.3,0.2702,86891.9
1753503399497,04:16:39.497,ALGO/USDT:USDT,0.27,29879.8,0.2699,140362.8,0.2701,8152.3,0.2702,86891.9
1753503399597,04:16:39.597,ALGO/USDT:USDT,0.27,29879.8,0.2699,140362.8,0.2701,8152.3,0.2702,86891.9
1753503399997,04:16:39.997,ALGO/USDT:USDT,0.27,45879.8,0.2699,140362.8,0.2701,8152.3,0.2702,86891.9
1753503400097,04:16:40.097,ALGO/USDT:USDT,0.27,46104.7,0.2699,140362.8,0.2701,8388.7,0.2702,86891.9
1753503400297,04:16:40.297,ALGO/USDT:USDT,0.27,46104.7,0.2699,142214.9,0.2701,7588.7,0.2702,86891.9
1753503400397,04:16:40.397,ALGO/USDT:USDT,0.27,46104.7,0.2699,142585.2,0.2701,7588.7,0.2702,86891.9
1753503400596,04:16:40.596,ALGO/USDT:USDT,0.27,46104.7,0.2699,142585.2,0.2701,7588.7,0.2702,86891.9
1753503400697,04:16:40.697,ALGO/USDT:USDT,0.27,46105.7,0.2699,142585.2,0.2701,7588.7,0.2702,86891.9
1753503401097,04:16:41.097,ALGO/USDT:USDT,0.27,46105.7,0.2699,142585.2,0.2701,7588.7,0.2702,86891.9
1753503401196,04:16:41.196,ALGO/USDT:USDT,0.27,46105.7,0.2699,140733.1,0.2701,7588.7,0.2702,86891.9
1753503401297,04:16:41.297,ALGO/USDT:USDT,0.27,46105.7,0.2699,140733.1,0.2701,7588.7,0.2702,86891.9
1753503401397,04:16:41.397,ALGO/USDT:USDT,0.27,27783.1,0.2699,140733.1,0.2701,8799.7,0.2702,89834.9
1753503401497,04:16:41.497,ALGO/USDT:USDT,0.27,27558.2,0.2699,140733.1,0.2701,16045.2,0.2702,89834.9
1753503401596,04:16:41.596,ALGO/USDT:USDT,0.27,27558.2,0.2699,140733.1,0.2701,16045.2,0.2702,89834.9
1753503401697,04:16:41.697,ALGO/USDT:USDT,0.27,27558.2,0.2699,140733.1,0.2701,16064.0,0.2702,89834.9
1753503401897,04:16:41.897,ALGO/USDT:USDT,0.27,43558.2,0.2699,140733.1,0.2701,16064.0,0.2702,89834.9
1753503401997,04:16:41.997,ALGO/USDT:USDT,0.27,43558.2,0.2699,142585.2,0.2701,258.2,0.2702,86891.9
1753503402100,04:16:42.100,ALGO/USDT:USDT,0.27,43783.1,0.2699,142585.2,0.2701,1044.1,0.2702,86891.9
1753503402198,04:16:42.198,ALGO/USDT:USDT,0.27,43783.1,0.2699,142585.2,0.2701,1044.1,0.2702,86891.9
1753503402297,04:16:42.297,ALGO/USDT:USDT,0.27,43783.1,0.2699,142585.2,0.2701,1044.1,0.2702,86891.9
1753503402396,04:16:42.396,ALGO/USDT:USDT,0.27,43558.2,0.2699,142585.2,0.2701,1044.1,0.2702,86891.9
1753503402497,04:16:42.497,ALGO/USDT:USDT,0.27,43783.1,0.2699,142585.2,0.2701,1044.1,0.2702,86891.9
1753503402797,04:16:42.797,ALGO/USDT:USDT,0.27,43558.2,0.2699,142585.2,0.2701,1044.1,0.2702,86891.9
1753503402897,04:16:42.897,ALGO/USDT:USDT,0.27,43783.1,0.2699,142585.2,0.2701,8044.1,0.2702,86891.9
1753503402997,04:16:42.997,ALGO/USDT:USDT,0.27,27558.2,0.2699,142585.2,0.2701,15381.3,0.2702,86891.9
1753503403197,04:16:43.197,ALGO/USDT:USDT,0.27,27558.2,0.2699,140659.0,0.2701,24655.3,0.2702,89834.9
1753503403297,04:16:43.297,ALGO/USDT:USDT,0.27,27644.3,0.2699,140733.1,0.2701,24655.3,0.2702,89834.9
1753503403397,04:16:43.397,ALGO/USDT:USDT,0.27,27644.3,0.2699,140659.0,0.2701,25288.7,0.2702,89834.9
1753503403496,04:16:43.496,ALGO/USDT:USDT,0.27,20398.8,0.2699,137709.8,0.2701,29530.2,0.2702,89834.9
1753503403697,04:16:43.697,ALGO/USDT:USDT,0.27,20398.8,0.2699,137709.8,0.2701,25827.2,0.2702,89834.9
1753503403797,04:16:43.797,ALGO/USDT:USDT,0.27,20398.8,0.2699,137709.8,0.2701,25827.2,0.2702,89834.9
1753503403897,04:16:43.897,ALGO/USDT:USDT,0.27,19598.8,0.2699,137709.8,0.2701,34827.2,0.2702,89834.9
1753503403997,04:16:43.997,ALGO/USDT:USDT,0.27,15106.1,0.2699,137709.8,0.2701,34827.2,0.2702,89834.9
1753503404096,04:16:44.096,ALGO/USDT:USDT,0.27,15106.1,0.2699,137709.8,0.2701,35057.3,0.2702,89834.9
1753503404196,04:16:44.196,ALGO/USDT:USDT,0.27,12249.5,0.2699,137709.8,0.2701,35057.3,0.2702,91743.7
1753503404297,04:16:44.297,ALGO/USDT:USDT,0.27,12249.5,0.2699,137339.5,0.2701,35057.3,0.2702,91817.8
1753503404398,04:16:44.398,ALGO/USDT:USDT,0.27,12249.5,0.2699,133158.2,0.2701,35057.3,0.2702,89834.9
1753503404497,04:16:44.497,ALGO/USDT:USDT,0.27,87.1,0.2699,123171.7,0.2701,53133.0,0.2702,96260.1
1753503404597,04:16:44.597,ALGO/USDT:USDT,0.27,87.1,0.2699,123171.7,0.2701,53133.0,0.2702,96260.1
1753503404697,04:16:44.697,ALGO/USDT:USDT,0.27,87.1,0.2699,107171.7,0.2701,53533.0,0.2702,96260.1
1753503405097,04:16:45.097,ALGO/USDT:USDT,0.27,87.1,0.2699,107171.7,0.2701,55384.5,0.2702,96617.7
1753503405197,04:16:45.197,ALGO/USDT:USDT,0.27,241.5,0.2699,107171.7,0.2701,55384.5,0.2702,96617.7
1753503405397,04:16:45.397,ALGO/USDT:USDT,0.27,241.5,0.2699,107171.7,0.2701,55384.5,0.2702,96617.7
1753503405497,04:16:45.497,ALGO/USDT:USDT,0.27,241.0,0.2699,107171.7,0.2701,55384.5,0.2702,97724.0
1753503405697,04:16:45.697,ALGO/USDT:USDT,0.27,241.0,0.2699,107171.7,0.2701,55384.5,0.2702,97724.0
1753503405897,04:16:45.897,ALGO/USDT:USDT,0.27,241.0,0.2699,107171.7,0.2701,55384.5,0.2702,97724.0
1753503405997,04:16:45.997,ALGO/USDT:USDT,0.27,241.0,0.2699,107171.7,0.2701,55384.5,0.2702,97724.0
1753503406097,04:16:46.097,ALGO/USDT:USDT,0.27,241.0,0.2699,107171.7,0.2701,55154.4,0.2702,97724.0
1753503406197,04:16:46.197,ALGO/USDT:USDT,0.27,155.4,0.2699,107171.7,0.2701,55154.4,0.2702,98094.3
1753503406296,04:16:46.296,ALGO/USDT:USDT,0.27,228.7,0.2699,107171.7,0.2701,55160.3,0.2702,98834.9
1753503406396,04:16:46.396,ALGO/USDT:USDT,0.27,228.7,0.2699,107171.7,0.2701,55160.3,0.2702,99201.7
1753503406497,04:16:46.497,ALGO/USDT:USDT,0.27,228.7,0.2699,107171.7,0.2701,55160.3,0.2702,99572.0
1753503406598,04:16:46.598,ALGO/USDT:USDT,0.27,228.7,0.2699,107171.7,0.2701,55160.3,0.2702,99572.0
1753503406697,04:16:46.697,ALGO/USDT:USDT,0.27,228.7,0.2699,107171.7,0.2701,55160.3,0.2702,99572.0
1753503406997,04:16:46.997,ALGO/USDT:USDT,0.27,228.7,0.2699,107171.7,0.2701,55160.3,0.2702,99942.3
1753503407097,04:16:47.097,ALGO/USDT:USDT,0.27,228.7,0.2699,107171.7,0.2701,55160.2,0.2702,100680.0
1753503407297,04:16:47.297,ALGO/USDT:USDT,0.27,228.7,0.2699,107171.7,0.2701,44971.7,0.2702,99200.1
1753503407396,04:16:47.396,ALGO/USDT:USDT,0.27,228.7,0.2699,107171.7,0.2701,44971.7,0.2702,98828.8
1753503407497,04:16:47.497,ALGO/USDT:USDT,0.27,228.7,0.2699,107171.7,0.2701,44971.7,0.2702,98828.8
1753503407597,04:16:47.597,ALGO/USDT:USDT,0.27,1916.5,0.2699,107171.7,0.2701,44971.7,0.2702,96903.2
1753503407697,04:16:47.697,ALGO/USDT:USDT,0.27,12979.4,0.2699,110115.7,0.2701,38245.3,0.2702,97536.6
1753503407797,04:16:47.797,ALGO/USDT:USDT,0.27,12979.4,0.2699,110115.7,0.2701,38245.3,0.2702,96532.9
1753503407896,04:16:47.896,ALGO/USDT:USDT,0.27,12979.4,0.2699,110115.7,0.2701,38245.3,0.2702,96162.6
1753503408101,04:16:48.101,ALGO/USDT:USDT,0.27,12979.4,0.2699,110115.7,0.2701,38475.3,0.2702,96162.6
1753503408197,04:16:48.197,ALGO/USDT:USDT,0.27,12979.4,0.2699,110115.7,0.2701,39647.2,0.2702,96236.7
1753503408397,04:16:48.397,ALGO/USDT:USDT,0.27,12979.4,0.2699,110115.7,0.2701,39647.2,0.2702,95870.3
1753503408496,04:16:48.496,ALGO/USDT:USDT,0.27,12979.4,0.2699,110115.7,0.2701,39647.2,0.2702,95130.7
1753503408597,04:16:48.597,ALGO/USDT:USDT,0.27,9206.4,0.2699,110115.7,0.2701,43350.2,0.2702,94760.4
1753503408697,04:16:48.697,ALGO/USDT:USDT,0.27,1916.5,0.2699,110115.7,0.2701,43349.9,0.2702,94760.4
1753503408797,04:16:48.797,ALGO/USDT:USDT,0.27,1916.5,0.2699,110115.7,0.2701,43349.9,0.2702,94686.3
1753503408997,04:16:48.997,ALGO/USDT:USDT,0.27,1916.5,0.2699,110115.7,0.2701,43378.8,0.2702,94686.3
1753503409097,04:16:49.097,ALGO/USDT:USDT,0.27,1916.5,0.2699,107171.7,0.2701,43378.8,0.2702,96537.8
1753503409197,04:16:49.197,ALGO/USDT:USDT,0.27,1916.5,0.2699,107171.7,0.2701,43378.8,0.2702,96611.9
1753503409497,04:16:49.497,ALGO/USDT:USDT,0.27,1916.5,0.2699,107171.7,0.2701,43378.8,0.2702,98458.5
1753503409697,04:16:49.697,ALGO/USDT:USDT,0.27,1916.5,0.2699,107171.7,0.2701,43378.8,0.2702,98458.5
1753503409897,04:16:49.897,ALGO/USDT:USDT,0.27,1916.5,0.2699,107171.7,0.2701,43378.8,0.2702,98458.5
1753503409997,04:16:49.997,ALGO/USDT:USDT,0.27,1916.5,0.2699,107171.7,0.2701,43378.8,0.2702,98458.5
1753503410096,04:16:50.096,ALGO/USDT:USDT,0.27,1916.5,0.2699,107171.7,0.2701,43739.0,0.2702,98458.5
1753503410197,04:16:50.197,ALGO/USDT:USDT,0.27,1916.5,0.2699,107171.7,0.2701,43739.0,0.2702,98828.8
1753503410296,04:16:50.296,ALGO/USDT:USDT,0.27,1916.5,0.2699,107171.7,0.2701,43509.0,0.2702,98828.8
1753503410497,04:16:50.497,ALGO/USDT:USDT,0.27,1916.5,0.2699,107171.7,0.2701,43509.0,0.2702,98828.8
1753503410597,04:16:50.597,ALGO/USDT:USDT,0.27,1916.5,0.2699,107171.7,0.2701,43509.0,0.2702,98828.8
1753503410697,04:16:50.697,ALGO/USDT:USDT,0.27,1843.2,0.2699,107171.7,0.2701,43586.9,0.2702,98828.8
1753503410797,04:16:50.797,ALGO/USDT:USDT,0.27,1843.2,0.2699,107171.7,0.2701,45438.4,0.2702,98828.8
1753503411097,04:16:51.097,ALGO/USDT:USDT,0.27,155.4,0.2699,107171.7,0.2701,45438.4,0.2702,100678.9
1753503411197,04:16:51.197,ALGO/USDT:USDT,0.27,155.4,0.2699,107171.7,0.2701,45438.4,0.2702,101789.8
1753503411497,04:16:51.497,ALGO/USDT:USDT,0.27,155.4,0.2699,107171.7,0.2701,45438.4,0.2702,102154.8
1753503411597,04:16:51.597,ALGO/USDT:USDT,0.27,155.4,0.2699,107171.7,0.2701,45438.4,0.2702,102154.8
1753503412197,04:16:52.197,ALGO/USDT:USDT,0.27,155.4,0.2699,107171.7,0.2701,45676.1,0.2702,102154.8
1753503412297,04:16:52.297,ALGO/USDT:USDT,0.27,155.4,0.2699,107171.7,0.2701,45676.1,0.2702,102521.6
1753503412397,04:16:52.397,ALGO/USDT:USDT,0.27,155.4,0.2699,107171.7,0.2701,45676.1,0.2702,102891.9
1753503412497,04:16:52.497,ALGO/USDT:USDT,0.27,155.4,0.2699,107171.7,0.2701,45676.1,0.2702,102891.9
1753503412597,04:16:52.597,ALGO/USDT:USDT,0.27,155.4,0.2699,107171.7,0.2701,45676.1,0.2702,102891.9
1753503412697,04:16:52.697,ALGO/USDT:USDT,0.27,155.4,0.2699,107171.7,0.2701,45676.1,0.2702,104360.1
1753503413096,04:16:53.096,ALGO/USDT:USDT,0.27,16964.4,0.2699,110115.7,0.2701,45137.6,0.2702,104656.3
1753503413198,04:16:53.198,ALGO/USDT:USDT,0.27,16964.4,0.2699,110115.7,0.2701,45137.6,0.2702,103180.4
1753503413297,04:16:53.297,ALGO/USDT:USDT,0.27,16964.4,0.2699,110115.7,0.2701,45137.6,0.2702,101338.4
1753503413397,04:16:53.397,ALGO/USDT:USDT,0.27,16964.4,0.2699,110115.7,0.2701,45137.6,0.2702,100971.6
1753503413597,04:16:53.597,ALGO/USDT:USDT,0.27,16964.4,0.2699,110115.7,0.2701,45137.6,0.2702,100971.6
1753503413697,04:16:53.697,ALGO/USDT:USDT,0.27,16964.4,0.2699,110115.7,0.2701,45137.6,0.2702,120350.5
1753503413797,04:16:53.797,ALGO/USDT:USDT,0.27,16964.4,0.2699,110115.7,0.2701,45137.6,0.2702,120350.5
1753503414100,04:16:54.100,ALGO/USDT:USDT,0.27,16964.4,0.2699,110115.7,0.2701,42652.7,0.2702,118395.7
1753503414197,04:16:54.197,ALGO/USDT:USDT,0.27,16964.4,0.2699,110115.7,0.2701,42415.0,0.2702,118395.7
1753503414297,04:16:54.297,ALGO/USDT:USDT,0.27,16963.4,0.2699,110115.7,0.2701,42454.2,0.2702,118025.4
1753503414397,04:16:54.397,ALGO/USDT:USDT,0.27,16963.4,0.2699,110115.7,0.2701,42454.2,0.2702,117288.3
1753503414497,04:16:54.497,ALGO/USDT:USDT,0.27,16963.4,0.2699,110115.7,0.2701,42454.2,0.2702,115071.0
1753503414597,04:16:54.597,ALGO/USDT:USDT,0.27,16963.4,0.2699,110115.7,0.2701,42454.2,0.2702,114437.6
1753503414698,04:16:54.698,ALGO/USDT:USDT,0.27,16963.4,0.2699,110115.7,0.2701,43087.6,0.2702,114437.6
1753503414896,04:16:54.896,ALGO/USDT:USDT,0.27,16963.4,0.2699,110115.7,0.2701,43087.6,0.2702,114437.6
1753503414996,04:16:54.996,ALGO/USDT:USDT,0.27,16963.4,0.2699,110115.7,0.2701,43087.6,0.2702,114437.6
1753503415097,04:16:55.097,ALGO/USDT:USDT,0.27,1842.2,0.2699,110115.7,0.2701,43742.5,0.2702,116181.3
1753503415196,04:16:55.196,ALGO/USDT:USDT,0.27,1842.2,0.2699,110115.7,0.2701,43742.5,0.2702,116181.3
1753503415297,04:16:55.297,ALGO/USDT:USDT,0.27,1842.2,0.2699,110115.7,0.2701,43742.5,0.2702,116181.3
1753503415396,04:16:55.396,ALGO/USDT:USDT,0.27,1842.2,0.2699,110115.7,0.2701,43742.5,0.2702,116255.4
1753503415497,04:16:55.497,ALGO/USDT:USDT,0.27,1842.2,0.2699,110115.7,0.2701,43742.5,0.2702,116255.4
1753503415997,04:16:55.997,ALGO/USDT:USDT,0.27,1842.2,0.2699,110115.7,0.2701,43716.8,0.2702,116255.4
1753503416096,04:16:56.096,ALGO/USDT:USDT,0.27,1842.2,0.2699,110115.7,0.2701,43716.8,0.2702,116255.4
1753503416197,04:16:56.197,ALGO/USDT:USDT,0.27,1842.2,0.2699,110115.7,0.2701,44192.2,0.2702,129255.4
1753503416396,04:16:56.396,ALGO/USDT:USDT,0.27,1842.2,0.2699,110115.7,0.2701,44192.2,0.2702,129992.5
1753503416497,04:16:56.497,ALGO/USDT:USDT,0.27,1842.2,0.2699,110115.7,0.2701,44192.2,0.2702,129992.5
1753503416598,04:16:56.598,ALGO/USDT:USDT,0.27,154.4,0.2699,107171.7,0.2701,46043.7,0.2702,130732.1
1753503416698,04:16:56.698,ALGO/USDT:USDT,0.27,154.4,0.2699,107171.7,0.2701,46043.7,0.2702,131843.0
1753503416797,04:16:56.797,ALGO/USDT:USDT,0.27,154.4,0.2699,107171.7,0.2701,46043.7,0.2702,131843.0
1753503416896,04:16:56.896,ALGO/USDT:USDT,0.27,154.4,0.2699,107171.7,0.2701,46043.7,0.2702,131843.0
1753503417096,04:16:57.096,ALGO/USDT:USDT,0.27,154.4,0.2699,107171.7,0.2701,46043.7,0.2702,132209.8
1753503417197,04:16:57.197,ALGO/USDT:USDT,0.27,154.4,0.2699,107171.7,0.2701,46043.8,0.2702,132209.8
1753503417297,04:16:57.297,ALGO/USDT:USDT,0.27,154.4,0.2699,107171.7,0.2701,46043.8,0.2702,132576.2
1753503417397,04:16:57.397,ALGO/USDT:USDT,0.27,154.4,0.2699,107171.7,0.2701,46043.8,0.2702,134047.9
1753503417597,04:16:57.597,ALGO/USDT:USDT,0.27,8628.4,0.2699,110115.7,0.2701,43653.8,0.2702,132829.8
1753503417697,04:16:57.697,ALGO/USDT:USDT,0.27,8628.4,0.2699,110115.7,0.2701,43653.8,0.2702,132829.8
1753503417797,04:16:57.797,ALGO/USDT:USDT,0.27,8628.4,0.2699,110115.7,0.2701,43653.8,0.2702,132098.7
1753503417997,04:16:57.997,ALGO/USDT:USDT,0.27,8628.4,0.2699,110115.7,0.2701,43020.4,0.2702,131391.2
1753503418099,04:16:58.099,ALGO/USDT:USDT,0.27,8628.4,0.2699,110115.7,0.2701,43020.4,0.2702,131391.2
1753503418197,04:16:58.197,ALGO/USDT:USDT,0.27,8628.4,0.2699,110115.7,0.2701,43653.8,0.2702,131391.2
1753503418297,04:16:58.297,ALGO/USDT:USDT,0.27,8628.4,0.2699,110115.7,0.2701,43020.4,0.2702,131391.2
1753503418397,04:16:58.397,ALGO/USDT:USDT,0.27,8628.4,0.2699,110115.7,0.2701,43020.4,0.2702,130284.2
1753503418497,04:16:58.497,ALGO/USDT:USDT,0.27,8628.4,0.2699,110115.7,0.2701,43020.4,0.2702,129187.0
1753503418597,04:16:58.597,ALGO/USDT:USDT,0.27,8628.4,0.2699,110115.7,0.2701,43020.4,0.2702,128449.9
1753503418897,04:16:58.897,ALGO/USDT:USDT,0.27,8628.4,0.2699,110115.7,0.2701,43020.4,0.2702,128449.9
1753503418996,04:16:58.996,ALGO/USDT:USDT,0.27,8628.4,0.2699,110115.7,0.2701,43020.4,0.2702,128449.9
1753503419097,04:16:59.097,ALGO/USDT:USDT,0.27,8628.4,0.2699,110115.7,0.2701,43653.8,0.2702,128079.6
1753503419296,04:16:59.296,ALGO/USDT:USDT,0.27,8628.4,0.2699,110115.7,0.2701,43053.5,0.2702,128079.6
1753503419397,04:16:59.397,ALGO/USDT:USDT,0.27,8628.4,0.2699,110115.7,0.2701,43686.9,0.2702,128079.6
1753503419498,04:16:59.498,ALGO/USDT:USDT,0.27,8628.4,0.2699,110115.7,0.2701,43702.5,0.2702,128079.6
1753503419598,04:16:59.598,ALGO/USDT:USDT,0.27,8628.4,0.2699,110115.7,0.2701,43702.5,0.2702,128079.6
1753503419797,04:16:59.797,ALGO/USDT:USDT,0.27,8628.4,0.2699,110115.7,0.2701,43702.5,0.2702,128079.6
1753503419897,04:16:59.897,ALGO/USDT:USDT,0.27,8628.4,0.2699,110115.7,0.2701,43702.5,0.2702,128079.6
1753503420100,04:17:00.100,ALGO/USDT:USDT,0.27,8628.4,0.2699,110115.7,0.2701,43702.5,0.2702,128079.6
1753503420197,04:17:00.197,ALGO/USDT:USDT,0.27,8628.4,0.2699,110115.7,0.2701,43069.1,0.2702,128079.6
1753503420398,04:17:00.398,ALGO/USDT:USDT,0.27,8628.4,0.2699,110115.7,0.2701,43069.1,0.2702,128079.6
1753503420498,04:17:00.498,ALGO/USDT:USDT,0.27,15752.6,0.2699,110115.7,0.2701,43069.1,0.2702,128079.6
1753503420598,04:17:00.598,ALGO/USDT:USDT,0.27,29064.7,0.2699,110189.8,0.2701,36470.3,0.2702,101628.5
1753503420697,04:17:00.697,ALGO/USDT:USDT,0.27,45064.7,0.2699,110189.8,0.2701,36470.3,0.2702,101628.5
1753503420797,04:17:00.797,ALGO/USDT:USDT,0.27,45064.7,0.2699,110189.8,0.2701,36470.3,0.2702,100891.5
1753503420896,04:17:00.896,ALGO/USDT:USDT,0.27,45064.7,0.2699,110189.8,0.2701,16812.1,0.2702,104710.4
1753503420997,04:17:00.997,ALGO/USDT:USDT,0.27,45064.7,0.2699,110189.8,0.2701,16838.9,0.2702,103969.8
1753503421096,04:17:01.096,ALGO/USDT:USDT,0.27,45064.7,0.2699,110189.8,0.2701,16838.9,0.2702,103969.8
1753503421397,04:17:01.397,ALGO/USDT:USDT,0.27,45064.7,0.2699,110189.8,0.2701,16838.9,0.2702,103969.8
1753503421697,04:17:01.697,ALGO/USDT:USDT,0.27,45064.7,0.2699,110189.8,0.2701,16478.7,0.2702,103969.8
1753503421996,04:17:01.996,ALGO/USDT:USDT,0.27,45064.7,0.2699,110189.8,0.2701,16478.7,0.2702,103969.8
1753503422197,04:17:02.197,ALGO/USDT:USDT,0.27,45064.7,0.2699,110189.8,0.2701,16478.7,0.2702,103969.8
1753503422297,04:17:02.297,ALGO/USDT:USDT,0.27,45064.7,0.2699,111204.2,0.2701,23724.2,0.2702,103969.8
1753503422397,04:17:02.397,ALGO/USDT:USDT,0.27,42120.7,0.2699,111204.2,0.2701,23724.2,0.2702,103969.8
1753503422597,04:17:02.597,ALGO/USDT:USDT,0.27,42120.7,0.2699,111204.2,0.2701,23724.2,0.2702,103969.8
1753503422697,04:17:02.697,ALGO/USDT:USDT,0.27,42120.7,0.2699,111204.2,0.2701,16478.7,0.2702,87969.8
1753503422797,04:17:02.797,ALGO/USDT:USDT,0.27,42120.7,0.2699,111204.2,0.2701,23724.2,0.2702,87969.8
1753503422997,04:17:02.997,ALGO/USDT:USDT,0.27,42120.7,0.2699,111204.2,0.2701,23724.2,0.2702,87969.8
1753503423196,04:17:03.196,ALGO/USDT:USDT,0.27,42120.7,0.2699,111204.2,0.2701,23724.2,0.2702,98436.4
1753503423597,04:17:03.597,ALGO/USDT:USDT,0.27,34875.2,0.2699,111204.2,0.2701,32198.2,0.2702,98436.4
1753503423697,04:17:03.697,ALGO/USDT:USDT,0.27,34875.2,0.2699,111204.2,0.2701,24952.7,0.2702,98436.4
1753503423897,04:17:03.897,ALGO/USDT:USDT,0.27,23798.1,0.2699,111130.1,0.2701,24952.7,0.2702,101379.4
1753503423997,04:17:03.997,ALGO/USDT:USDT,0.27,23798.1,0.2699,111130.1,0.2701,32831.6,0.2702,101379.4
1753503424099,04:17:04.099,ALGO/USDT:USDT,0.27,16552.6,0.2699,111130.1,0.2701,33370.1,0.2702,103288.2
1753503424397,04:17:04.397,ALGO/USDT:USDT,0.27,16552.6,0.2699,111130.1,0.2701,33370.1,0.2702,103288.2
1753503424497,04:17:04.497,ALGO/USDT:USDT,0.27,16552.6,0.2699,111130.1,0.2701,33370.1,0.2702,103288.2
1753503424597,04:17:04.597,ALGO/USDT:USDT,0.27,16552.6,0.2699,111130.1,0.2701,33370.1,0.2702,103288.2
1753503424697,04:17:04.697,ALGO/USDT:USDT,0.27,32552.6,0.2699,111204.2,0.2701,33370.1,0.2702,103288.2
1753503424797,04:17:04.797,ALGO/USDT:USDT,0.27,32552.6,0.2699,111130.1,0.2701,33370.1,0.2702,103288.2
1753503424896,04:17:04.896,ALGO/USDT:USDT,0.27,32552.6,0.2699,111204.2,0.2701,33370.1,0.2702,103288.2
1753503424997,04:17:04.997,ALGO/USDT:USDT,0.27,32552.6,0.2699,111204.2,0.2701,33370.2,0.2702,103288.2
1753503425098,04:17:05.098,ALGO/USDT:USDT,0.27,32552.6,0.2699,111204.2,0.2701,33370.2,0.2702,103306.8
1753503425197,04:17:05.197,ALGO/USDT:USDT,0.27,32552.6,0.2699,113374.2,0.2701,33370.2,0.2702,103306.8
1753503425397,04:17:05.397,ALGO/USDT:USDT,0.27,15752.6,0.2699,113300.1,0.2701,33370.2,0.2702,104047.4
1753503425496,04:17:05.496,ALGO/USDT:USDT,0.27,154.4,0.2699,110356.1,0.2701,33370.2,0.2702,127202.2
1753503425597,04:17:05.597,ALGO/USDT:USDT,0.27,154.4,0.2699,110356.1,0.2701,36313.2,0.2702,127202.2
1753503425697,04:17:05.697,ALGO/USDT:USDT,0.27,154.4,0.2699,110356.1,0.2701,52313.2,0.2702,127202.2
1753503425796,04:17:05.796,ALGO/USDT:USDT,0.27,154.4,0.2699,110356.1,0.2701,52313.2,0.2702,127202.2
1753503425896,04:17:05.896,ALGO/USDT:USDT,0.27,154.4,0.2699,110356.1,0.2701,54164.7,0.2702,127202.2
1753503425997,04:17:05.997,ALGO/USDT:USDT,0.27,154.4,0.2699,110356.1,0.2701,54164.7,0.2702,127572.5
1753503426097,04:17:06.097,ALGO/USDT:USDT,0.27,154.4,0.2699,110356.1,0.2701,54164.7,0.2702,127572.5
1753503426197,04:17:06.197,ALGO/USDT:USDT,0.27,154.4,0.2699,110356.1,0.2701,54164.7,0.2702,127202.2
1753503426297,04:17:06.297,ALGO/USDT:USDT,0.27,154.4,0.2699,110356.1,0.2701,54164.7,0.2702,127572.5
1753503426397,04:17:06.397,ALGO/USDT:USDT,0.27,154.4,0.2699,110356.1,0.2701,54164.7,0.2702,127939.3
1753503426498,04:17:06.498,ALGO/USDT:USDT,0.27,154.4,0.2699,110356.1,0.2701,54164.7,0.2702,130143.8
1753503426597,04:17:06.597,ALGO/USDT:USDT,0.27,154.4,0.2699,110356.1,0.2701,51221.7,0.2702,130510.6
1753503426697,04:17:06.697,ALGO/USDT:USDT,0.27,154.4,0.2699,110356.1,0.2701,51221.7,0.2702,130880.9
1753503426797,04:17:06.797,ALGO/USDT:USDT,0.27,154.4,0.2699,110356.1,0.2701,51221.7,0.2702,131251.2
1753503427097,04:17:07.097,ALGO/USDT:USDT,0.27,154.4,0.2699,110356.1,0.2701,51221.6,0.2702,131251.2
1753503427296,04:17:07.296,ALGO/USDT:USDT,0.27,8628.4,0.2699,110356.1,0.2701,40952.7,0.2702,107612.4
1753503427798,04:17:07.798,ALGO/USDT:USDT,0.27,2477.0,0.2699,110356.1,0.2701,46308.8,0.2702,108052.9
1753503427901,04:17:07.901,ALGO/USDT:USDT,0.27,19884.3,0.2699,113374.2,0.2701,24952.7,0.2702,88230.8
1753503427997,04:17:07.997,ALGO/USDT:USDT,0.27,19884.3,0.2699,113374.2,0.2701,29135.7,0.2702,87860.5
1753503428096,04:17:08.096,ALGO/USDT:USDT,0.27,19884.3,0.2699,113300.1,0.2701,32198.2,0.2702,92043.3
1753503428198,04:17:08.198,ALGO/USDT:USDT,0.27,19881.1,0.2699,113300.1,0.2701,32831.6,0.2702,92043.3
1753503428301,04:17:08.301,ALGO/USDT:USDT,0.27,19881.1,0.2699,113300.1,0.2701,32894.7,0.2702,91306.6
1753503428397,04:17:08.397,ALGO/USDT:USDT,0.27,19881.1,0.2699,113300.1,0.2701,25649.2,0.2702,90566.0
1753503428497,04:17:08.497,ALGO/USDT:USDT,0.27,19881.1,0.2699,113300.1,0.2701,25649.2,0.2702,89092.9
1753503428598,04:17:08.598,ALGO/USDT:USDT,0.27,19881.1,0.2699,113300.1,0.2701,41649.2,0.2702,89092.9
1753503428697,04:17:08.697,ALGO/USDT:USDT,0.27,12635.6,0.2699,113300.1,0.2701,41649.2,0.2702,92035.9
1753503428796,04:17:08.796,ALGO/USDT:USDT,0.27,12635.6,0.2699,113300.1,0.2701,41649.2,0.2702,92035.9
1753503428897,04:17:08.897,ALGO/USDT:USDT,0.27,12635.6,0.2699,113300.1,0.2701,41649.2,0.2702,92035.9
1753503429396,04:17:09.396,ALGO/USDT:USDT,0.27,12635.6,0.2699,113300.1,0.2701,41649.2,0.2702,92035.9
1753503429497,04:17:09.497,ALGO/USDT:USDT,0.27,12635.6,0.2699,113300.1,0.2701,41649.1,0.2702,92035.9
1753503429597,04:17:09.597,ALGO/USDT:USDT,0.27,12635.6,0.2699,113300.1,0.2701,41649.1,0.2702,92035.9
1753503429697,04:17:09.697,ALGO/USDT:USDT,0.27,12635.6,0.2699,113300.1,0.2701,41649.1,0.2702,92035.9
1753503429897,04:17:09.897,ALGO/USDT:USDT,0.27,12635.6,0.2699,113300.1,0.2701,41649.1,0.2702,92035.9
1753503429997,04:17:09.997,ALGO/USDT:USDT,0.27,12635.6,0.2699,113300.1,0.2701,41649.1,0.2702,92035.9
1753503430297,04:17:10.297,ALGO/USDT:USDT,0.27,12635.6,0.2699,113300.1,0.2701,42081.2,0.2702,92035.9
1753503430696,04:17:10.696,ALGO/USDT:USDT,0.27,12635.6,0.2699,113300.1,0.2701,42081.2,0.2702,92035.9
1753503430797,04:17:10.797,ALGO/USDT:USDT,0.27,12635.6,0.2699,113300.1,0.2701,42081.2,0.2702,92035.9
1753503430997,04:17:10.997,ALGO/USDT:USDT,0.27,12635.6,0.2699,113300.1,0.2701,42081.2,0.2702,92035.9
1753503431097,04:17:11.097,ALGO/USDT:USDT,0.27,12635.6,0.2699,113300.1,0.2701,42077.5,0.2702,92035.9
1753503431197,04:17:11.197,ALGO/USDT:USDT,0.27,12635.6,0.2699,113300.1,0.2701,42077.5,0.2702,92035.9
1753503431697,04:17:11.697,ALGO/USDT:USDT,0.27,12635.6,0.2699,113300.1,0.2701,42078.4,0.2702,92035.9
1753503431796,04:17:11.796,ALGO/USDT:USDT,0.27,12635.6,0.2699,113300.1,0.2701,42078.4,0.2702,92035.9
1753503431897,04:17:11.897,ALGO/USDT:USDT,0.27,12635.6,0.2699,113300.1,0.2701,42078.4,0.2702,92035.9
1753503431997,04:17:11.997,ALGO/USDT:USDT,0.27,12635.6,0.2699,113300.1,0.2701,42078.4,0.2702,93944.7
1753503432297,04:17:12.297,ALGO/USDT:USDT,0.27,12635.6,0.2699,113300.1,0.2701,40419.7,0.2702,93944.7
1753503432397,04:17:12.397,ALGO/USDT:USDT,0.27,12635.6,0.2699,113300.1,0.2701,41591.6,0.2702,93944.7
1753503432597,04:17:12.597,ALGO/USDT:USDT,0.27,27635.6,0.2699,113374.2,0.2701,40958.2,0.2702,93944.7
1753503432697,04:17:12.697,ALGO/USDT:USDT,0.27,27635.6,0.2699,113374.2,0.2701,40958.2,0.2702,92035.9
1753503432897,04:17:12.897,ALGO/USDT:USDT,0.27,12635.6,0.2699,113300.1,0.2701,41591.6,0.2702,92035.9
1753503432996,04:17:12.996,ALGO/USDT:USDT,0.27,12635.6,0.2699,113300.1,0.2701,41591.6,0.2702,92035.9
1753503433097,04:17:13.097,ALGO/USDT:USDT,0.27,12635.6,0.2699,113300.1,0.2701,41591.6,0.2702,92035.9
1753503433397,04:17:13.397,ALGO/USDT:USDT,0.27,12635.6,0.2699,113300.1,0.2701,41655.4,0.2702,92035.9
1753503433496,04:17:13.496,ALGO/USDT:USDT,0.27,12635.6,0.2699,113300.1,0.2701,41655.4,0.2702,92035.9
1753503433597,04:17:13.597,ALGO/USDT:USDT,0.27,35799.6,0.2699,113374.2,0.2701,29877.5,0.2702,92035.9
1753503433797,04:17:13.797,ALGO/USDT:USDT,0.27,35799.6,0.2699,113374.2,0.2701,29877.5,0.2702,92035.9
1753503433898,04:17:13.898,ALGO/USDT:USDT,0.27,35799.6,0.2699,113374.2,0.2701,22632.0,0.2702,89092.9
1753503433997,04:17:13.997,ALGO/USDT:USDT,0.27,35799.6,0.2699,113374.2,0.2701,22632.0,0.2702,89092.9
1753503434099,04:17:14.099,ALGO/USDT:USDT,0.27,19799.6,0.2699,113300.1,0.2701,23265.4,0.2702,92035.9
1753503434198,04:17:14.198,ALGO/USDT:USDT,0.27,19799.6,0.2699,113300.1,0.2701,23803.9,0.2702,92035.9
1753503434296,04:17:14.296,ALGO/USDT:USDT,0.27,19799.6,0.2699,113300.1,0.2701,31514.3,0.2702,92035.9
1753503434397,04:17:14.397,ALGO/USDT:USDT,0.27,19799.6,0.2699,113300.1,0.2701,31514.3,0.2702,91669.1
1753503434497,04:17:14.497,ALGO/USDT:USDT,0.27,19799.6,0.2699,113300.1,0.2701,31516.0,0.2702,91669.1
1753503434598,04:17:14.598,ALGO/USDT:USDT,0.27,19799.6,0.2699,113300.1,0.2701,47516.0,0.2702,91669.1
1753503434697,04:17:14.697,ALGO/USDT:USDT,0.27,19799.6,0.2699,113300.1,0.2701,47518.1,0.2702,91669.1
1753503434797,04:17:14.797,ALGO/USDT:USDT,0.27,19799.6,0.2699,113300.1,0.2701,31518.1,0.2702,91669.1
1753503434897,04:17:14.897,ALGO/USDT:USDT,0.27,19799.6,0.2699,113374.2,0.2701,30346.2,0.2702,91669.1
1753503435297,04:17:15.297,ALGO/USDT:USDT,0.27,19799.6,0.2699,113374.2,0.2701,30346.2,0.2702,91669.1
1753503435497,04:17:15.497,ALGO/USDT:USDT,0.27,19799.6,0.2699,111811.4,0.2701,30346.2,0.2702,91669.1
1753503435597,04:17:15.597,ALGO/USDT:USDT,0.27,35799.6,0.2699,111811.4,0.2701,23100.7,0.2702,91669.1
1753503435797,04:17:15.797,ALGO/USDT:USDT,0.27,35799.6,0.2699,111811.4,0.2701,23100.7,0.2702,91669.1
1753503435896,04:17:15.896,ALGO/USDT:USDT,0.27,35799.6,0.2699,111811.4,0.2701,23100.7,0.2702,91669.1
1753503436197,04:17:16.197,ALGO/USDT:USDT,0.27,35799.6,0.2699,111811.4,0.2701,23100.7,0.2702,91669.1
1753503436296,04:17:16.296,ALGO/USDT:USDT,0.27,35799.6,0.2699,111737.3,0.2701,29881.3,0.2702,91669.1
1753503436397,04:17:16.397,ALGO/USDT:USDT,0.27,19799.6,0.2699,111737.3,0.2701,31053.2,0.2702,91669.1
1753503436497,04:17:16.497,ALGO/USDT:USDT,0.27,19799.6,0.2699,111737.3,0.2701,47053.2,0.2702,91669.1
1753503436597,04:17:16.597,ALGO/USDT:USDT,0.27,19799.6,0.2699,111737.3,0.2701,47053.2,0.2702,91669.1
1753503436697,04:17:16.697,ALGO/USDT:USDT,0.27,19799.6,0.2699,111811.4,0.2701,31053.2,0.2702,91669.1
1753503436796,04:17:16.796,ALGO/USDT:USDT,0.27,19799.6,0.2699,111811.4,0.2701,30514.7,0.2702,91669.1
1753503437197,04:17:17.197,ALGO/USDT:USDT,0.27,19799.6,0.2699,111811.4,0.2701,30514.7,0.2702,91669.1
1753503437297,04:17:17.297,ALGO/USDT:USDT,0.27,19799.6,0.2699,111811.4,0.2701,30514.7,0.2702,91669.1
1753503437397,04:17:17.397,ALGO/USDT:USDT,0.27,19799.6,0.2699,111811.4,0.2701,31053.2,0.2702,91669.1
1753503437497,04:17:17.497,ALGO/USDT:USDT,0.27,35799.6,0.2699,111737.3,0.2701,29881.3,0.2702,91669.1
1753503437597,04:17:17.597,ALGO/USDT:USDT,0.27,35799.6,0.2699,111811.4,0.2701,29881.3,0.2702,91669.1
1753503437697,04:17:17.697,ALGO/USDT:USDT,0.27,35799.6,0.2699,111811.4,0.2701,29883.9,0.2702,91669.1
1753503437797,04:17:17.797,ALGO/USDT:USDT,0.27,19799.6,0.2699,111811.4,0.2701,22638.4,0.2702,91669.1
1753503437897,04:17:17.897,ALGO/USDT:USDT,0.27,19799.6,0.2699,111811.4,0.2701,23271.8,0.2702,91669.1
1753503438099,04:17:18.099,ALGO/USDT:USDT,0.27,19799.6,0.2699,111737.3,0.2701,23810.3,0.2702,91669.1
1753503438297,04:17:18.297,ALGO/USDT:USDT,0.27,19799.6,0.2699,111737.3,0.2701,31520.6,0.2702,91669.1
1753503438397,04:17:18.397,ALGO/USDT:USDT,0.27,19799.6,0.2699,111737.3,0.2701,31520.6,0.2702,91669.1
1753503438497,04:17:18.497,ALGO/USDT:USDT,0.27,19799.6,0.2699,111737.3,0.2701,47520.6,0.2702,91669.1
1753503438596,04:17:18.596,ALGO/USDT:USDT,0.27,19799.6,0.2699,111811.4,0.2701,31520.6,0.2702,91669.1
1753503438697,04:17:18.697,ALGO/USDT:USDT,0.27,19799.6,0.2699,111811.4,0.2701,31520.6,0.2702,91669.1
1753503438797,04:17:18.797,ALGO/USDT:USDT,0.27,19799.6,0.2699,111811.4,0.2701,30348.7,0.2702,91669.1
1753503438896,04:17:18.896,ALGO/USDT:USDT,0.27,19799.6,0.2699,111811.4,0.2701,30994.1,0.2702,91669.1
1753503438997,04:17:18.997,ALGO/USDT:USDT,0.27,19799.6,0.2699,111811.4,0.2701,30994.1,0.2702,91669.1
1753503439097,04:17:19.097,ALGO/USDT:USDT,0.27,19799.6,0.2699,111811.4,0.2701,30360.7,0.2702,91669.1
1753503439297,04:17:19.297,ALGO/USDT:USDT,0.27,19799.6,0.2699,111811.4,0.2701,30360.7,0.2702,91669.1
1753503439397,04:17:19.397,ALGO/USDT:USDT,0.27,19799.6,0.2699,111811.4,0.2701,30994.1,0.2702,91669.1
1753503439497,04:17:19.497,ALGO/USDT:USDT,0.27,35799.6,0.2699,111811.4,0.2701,23115.2,0.2702,91669.1
1753503439597,04:17:19.597,ALGO/USDT:USDT,0.27,35799.6,0.2699,111811.4,0.2701,24287.1,0.2702,91669.1
1753503439796,04:17:19.796,ALGO/USDT:USDT,0.27,35799.6,0.2699,111737.3,0.2701,23115.2,0.2702,91669.1
1753503439897,04:17:19.897,ALGO/USDT:USDT,0.27,35799.6,0.2699,111737.3,0.2701,30994.1,0.2702,91669.1
1753503440097,04:17:20.097,ALGO/USDT:USDT,0.27,22799.6,0.2699,111737.3,0.2701,30994.1,0.2702,91669.1
1753503440297,04:17:20.297,ALGO/USDT:USDT,0.27,22799.6,0.2699,111737.3,0.2701,30529.3,0.2702,91669.1
1753503440397,04:17:20.397,ALGO/USDT:USDT,0.27,22799.6,0.2699,111811.4,0.2701,30529.3,0.2702,91669.1
1753503440497,04:17:20.497,ALGO/USDT:USDT,0.27,22799.6,0.2699,111737.3,0.2701,46529.3,0.2702,91669.1
1753503440597,04:17:20.597,ALGO/USDT:USDT,0.27,17477.0,0.2699,108793.3,0.2701,47067.8,0.2702,95880.7
1753503440697,04:17:20.697,ALGO/USDT:USDT,0.27,17477.0,0.2699,111811.4,0.2701,25822.3,0.2702,93577.9
1753503440797,04:17:20.797,ALGO/USDT:USDT,0.27,17477.0,0.2699,111811.4,0.2701,25188.9,0.2702,93577.9
1753503440897,04:17:20.897,ALGO/USDT:USDT,0.27,17477.0,0.2699,111811.4,0.2701,24650.4,0.2702,93577.9
1753503441097,04:17:21.097,ALGO/USDT:USDT,0.27,17477.0,0.2699,111811.4,0.2701,25188.8,0.2702,93577.9
1753503441197,04:17:21.197,ALGO/USDT:USDT,0.27,17477.0,0.2699,111811.4,0.2701,25188.8,0.2702,93577.9
1753503441297,04:17:21.297,ALGO/USDT:USDT,0.27,17477.0,0.2699,111811.4,0.2701,23188.7,0.2702,93577.9
1753503441397,04:17:21.397,ALGO/USDT:USDT,0.27,17477.0,0.2699,111811.4,0.2701,22650.2,0.2702,93577.9
1753503441496,04:17:21.496,ALGO/USDT:USDT,0.27,33477.0,0.2699,111811.4,0.2701,24715.0,0.2702,93577.9
1753503441597,04:17:21.597,ALGO/USDT:USDT,0.27,33477.0,0.2699,111811.4,0.2701,24254.9,0.2702,93577.9
1753503441697,04:17:21.697,ALGO/USDT:USDT,0.27,33477.0,0.2699,111811.4,0.2701,23716.4,0.2702,93577.9
1753503441796,04:17:21.796,ALGO/USDT:USDT,0.27,33477.0,0.2699,113551.4,0.2701,22650.2,0.2702,88726.1
1753503441897,04:17:21.897,ALGO/USDT:USDT,0.27,33477.0,0.2699,113551.4,0.2701,6039.0,0.2702,87985.5
1753503441996,04:17:21.996,ALGO/USDT:USDT,0.27,33477.0,0.2699,113551.4,0.2701,6039.0,0.2702,87985.5
1753503442100,04:17:22.100,ALGO/USDT:USDT,0.27,33477.0,0.2699,113551.4,0.2701,6039.0,0.2702,87985.5
1753503442197,04:17:22.197,ALGO/USDT:USDT,0.27,33477.0,0.2699,113551.4,0.2701,14513.0,0.2702,87985.5
1753503442297,04:17:22.297,ALGO/USDT:USDT,0.27,33477.0,0.2699,113551.4,0.2701,14237.3,0.2702,87985.5
1753503442397,04:17:22.397,ALGO/USDT:USDT,0.27,33477.0,0.2699,113551.4,0.2701,14269.4,0.2702,87985.5
1753503442498,04:17:22.498,ALGO/USDT:USDT,0.27,33477.0,0.2699,113551.4,0.2701,14269.4,0.2702,87985.5
1753503442697,04:17:22.697,ALGO/USDT:USDT,0.27,33477.0,0.2699,113551.4,0.2701,5795.4,0.2702,87985.5
1753503442797,04:17:22.797,ALGO/USDT:USDT,0.27,33477.0,0.2699,113551.4,0.2701,5795.4,0.2702,87985.5
1753503442897,04:17:22.897,ALGO/USDT:USDT,0.27,33701.9,0.2699,113551.4,0.2701,13039.0,0.2702,87985.5
1753503442997,04:17:22.997,ALGO/USDT:USDT,0.27,33477.0,0.2699,113551.4,0.2701,5795.4,0.2702,87985.5
1753503443097,04:17:23.097,ALGO/USDT:USDT,0.27,33477.0,0.2699,113551.4,0.2701,5795.4,0.2702,87985.5
1753503443197,04:17:23.197,ALGO/USDT:USDT,0.27,33477.0,0.2699,113551.4,0.2701,5795.4,0.2702,87985.5
1753503443397,04:17:23.397,ALGO/USDT:USDT,0.27,33701.9,0.2699,113921.7,0.2701,5795.4,0.2702,87985.5
1753503443796,04:17:23.796,ALGO/USDT:USDT,0.27,33477.0,0.2699,113921.7,0.2701,5795.4,0.2702,87985.5
1753503443896,04:17:23.896,ALGO/USDT:USDT,0.27,33477.0,0.2699,113921.7,0.2701,7065.1,0.2702,87985.5
1753503443998,04:17:23.998,ALGO/USDT:USDT,0.27,33477.0,0.2699,113921.7,0.2701,14308.7,0.2702,87985.5
1753503444099,04:17:24.099,ALGO/USDT:USDT,0.27,33477.0,0.2699,113921.7,0.2701,14308.7,0.2702,87985.5
1753503444297,04:17:24.297,ALGO/USDT:USDT,0.27,33477.0,0.2699,113921.7,0.2701,21031.6,0.2702,90928.5
1753503444597,04:17:24.597,ALGO/USDT:USDT,0.27,33477.0,0.2699,113847.6,0.2701,30939.0,0.2702,90928.5
1753503444697,04:17:24.697,ALGO/USDT:USDT,0.27,17477.0,0.2699,113477.3,0.2701,31477.5,0.2702,90928.5
1753503444797,04:17:24.797,ALGO/USDT:USDT,0.27,17477.0,0.2699,110533.3,0.2701,31477.5,0.2702,90928.5
1753503444896,04:17:24.896,ALGO/USDT:USDT,0.27,17477.0,0.2699,110533.3,0.2701,30305.6,0.2702,90928.5
1753503444997,04:17:24.997,ALGO/USDT:USDT,0.27,18277.0,0.2699,110533.3,0.2701,30305.6,0.2702,90928.5
