timestamp,time,symbol,bid1_price,bid1_volume,bid2_price,bid2_volume,ask1_price,ask1_volume,ask2_price,ask2_volume
1753503734100,04:22:14.100,ADA/USDT:USDT,0.8249,60.9,0.8248,406.3,0.825,347.9,0.8251,1100.3
1753503734200,04:22:14.200,ADA/USDT:USDT,0.8249,60.9,0.8248,406.7,0.825,347.9,0.8251,1100.3
1753503734300,04:22:14.300,ADA/USDT:USDT,0.8249,60.9,0.8248,404.9,0.825,347.9,0.8251,1100.3
1753503734400,04:22:14.400,ADA/USDT:USDT,0.8249,60.9,0.8248,404.9,0.825,347.3,0.8251,1100.3
1753503734600,04:22:14.600,ADA/USDT:USDT,0.8249,60.9,0.8248,404.9,0.825,286.7,0.8251,1100.3
1753503734700,04:22:14.700,ADA/USDT:USDT,0.8249,73.0,0.8248,404.9,0.825,286.7,0.8251,1100.3
1753503734800,04:22:14.800,ADA/USDT:USDT,0.8249,73.1,0.8248,404.9,0.825,347.3,0.8251,1100.3
1753503734900,04:22:14.900,ADA/USDT:USDT,0.8249,125.4,0.8248,405.3,0.825,279.3,0.8251,1100.0
1753503735000,04:22:15.000,ADA/USDT:USDT,0.8249,125.4,0.8248,405.3,0.825,279.3,0.8251,1100.0
1753503735100,04:22:15.100,ADA/USDT:USDT,0.8249,125.6,0.8248,404.9,0.825,279.3,0.8251,1100.0
1753503735200,04:22:15.200,ADA/USDT:USDT,0.8249,127.1,0.8248,404.9,0.825,282.3,0.8251,1100.3
1753503735300,04:22:15.300,ADA/USDT:USDT,0.8249,127.2,0.8248,405.3,0.825,288.8,0.8251,1100.3
1753503735400,04:22:15.400,ADA/USDT:USDT,0.8249,127.2,0.8248,405.3,0.825,282.2,0.8251,1100.0
1753503735500,04:22:15.500,ADA/USDT:USDT,0.8249,127.2,0.8248,405.3,0.825,288.7,0.8251,1100.3
1753503735600,04:22:15.600,ADA/USDT:USDT,0.8249,127.2,0.8248,405.3,0.825,288.7,0.8251,1100.3
1753503735800,04:22:15.800,ADA/USDT:USDT,0.8249,127.2,0.8248,405.3,0.825,284.5,0.8251,1100.3
1753503735900,04:22:15.900,ADA/USDT:USDT,0.8249,127.2,0.8248,405.3,0.825,288.7,0.8251,1100.3
1753503736100,04:22:16.100,ADA/USDT:USDT,0.8249,127.2,0.8248,405.3,0.825,288.7,0.8251,1100.3
1753503736200,04:22:16.200,ADA/USDT:USDT,0.8249,163.5,0.8248,405.3,0.825,282.2,0.8251,1100.0
1753503736300,04:22:16.300,ADA/USDT:USDT,0.8249,163.5,0.8248,405.3,0.825,282.2,0.8251,1100.0
1753503736400,04:22:16.400,ADA/USDT:USDT,0.8249,163.5,0.8248,406.5,0.825,257.1,0.8251,1100.0
1753503736500,04:22:16.500,ADA/USDT:USDT,0.8249,278.5,0.8248,406.5,0.825,282.4,0.8251,1100.0
1753503736600,04:22:16.600,ADA/USDT:USDT,0.8249,163.5,0.8248,406.5,0.825,288.6,0.8251,1100.0
1753503736700,04:22:16.700,ADA/USDT:USDT,0.8249,163.5,0.8248,406.5,0.825,288.6,0.8251,1100.0
1753503736800,04:22:16.800,ADA/USDT:USDT,0.8249,159.5,0.8248,406.5,0.825,217.7,0.8251,1100.0
1753503736900,04:22:16.900,ADA/USDT:USDT,0.8249,159.5,0.8248,406.5,0.825,217.7,0.8251,1100.0
1753503737000,04:22:17.000,ADA/USDT:USDT,0.8249,159.5,0.8248,406.5,0.825,213.8,0.8251,1100.0
1753503737100,04:22:17.100,ADA/USDT:USDT,0.8249,159.5,0.8248,406.5,0.825,213.8,0.8251,1100.0
1753503737200,04:22:17.200,ADA/USDT:USDT,0.8249,159.5,0.8248,406.5,0.825,217.7,0.8251,1100.0
1753503737300,04:22:17.300,ADA/USDT:USDT,0.8249,159.5,0.8248,406.5,0.825,246.5,0.8251,1100.3
1753503737400,04:22:17.400,ADA/USDT:USDT,0.8249,61.8,0.8248,152.9,0.825,307.7,0.8251,1100.3
1753503737500,04:22:17.500,ADA/USDT:USDT,0.8249,61.8,0.8248,151.7,0.825,422.7,0.8251,1100.3
1753503737600,04:22:17.600,ADA/USDT:USDT,0.8249,61.8,0.8248,151.7,0.825,422.7,0.8251,1100.3
1753503737700,04:22:17.700,ADA/USDT:USDT,0.8249,61.8,0.8248,151.7,0.825,422.7,0.8251,1100.3
1753503737800,04:22:17.800,ADA/USDT:USDT,0.8249,61.8,0.8248,219.9,0.825,422.1,0.8251,1100.3
1753503737900,04:22:17.900,ADA/USDT:USDT,0.8249,61.8,0.8248,286.9,0.825,361.5,0.8251,1100.3
1753503738100,04:22:18.100,ADA/USDT:USDT,0.8249,61.8,0.8248,284.5,0.825,361.5,0.8251,1100.3
1753503738200,04:22:18.200,ADA/USDT:USDT,0.8249,61.8,0.8248,284.5,0.825,361.5,0.8251,1100.3
1753503738300,04:22:18.300,ADA/USDT:USDT,0.8249,61.8,0.8248,284.5,0.825,362.5,0.8251,1100.3
1753503738400,04:22:18.400,ADA/USDT:USDT,0.8249,61.8,0.8248,284.5,0.825,362.8,0.8251,1100.3
1753503738500,04:22:18.500,ADA/USDT:USDT,0.8249,61.8,0.8248,284.5,0.825,362.8,0.8251,1100.3
1753503738600,04:22:18.600,ADA/USDT:USDT,0.8249,61.8,0.8248,284.9,0.825,362.5,0.8251,1100.3
1753503738700,04:22:18.700,ADA/USDT:USDT,0.8249,61.9,0.8248,190.0,0.825,423.1,0.8251,1100.3
1753503738800,04:22:18.800,ADA/USDT:USDT,0.8249,61.9,0.8248,190.0,0.825,419.2,0.8251,1100.0
1753503738900,04:22:18.900,ADA/USDT:USDT,0.8249,219.3,0.8248,393.6,0.825,212.5,0.8251,1100.0
1753503739000,04:22:19.000,ADA/USDT:USDT,0.8249,215.4,0.8248,393.6,0.825,212.5,0.8251,1100.0
1753503739100,04:22:19.100,ADA/USDT:USDT,0.8249,213.1,0.8248,394.8,0.825,212.5,0.8251,1100.0
1753503739200,04:22:19.200,ADA/USDT:USDT,0.8249,213.1,0.8248,394.8,0.825,212.5,0.8251,1100.0
1753503739300,04:22:19.300,ADA/USDT:USDT,0.8249,233.2,0.8248,407.1,0.825,213.9,0.8251,1100.0
1753503739400,04:22:19.400,ADA/USDT:USDT,0.8249,240.6,0.8248,407.1,0.825,214.0,0.8251,1100.0
1753503739500,04:22:19.500,ADA/USDT:USDT,0.8249,355.6,0.8248,407.1,0.825,214.0,0.8251,1021.5
1753503739600,04:22:19.600,ADA/USDT:USDT,0.8249,353.3,0.8248,407.1,0.825,247.8,0.8251,1021.5
1753503739700,04:22:19.700,ADA/USDT:USDT,0.8249,453.8,0.8248,410.3,0.825,123.0,0.8251,776.3
1753503739800,04:22:19.800,ADA/USDT:USDT,0.8249,456.2,0.8248,410.3,0.825,123.0,0.8251,776.3
1753503739900,04:22:19.900,ADA/USDT:USDT,0.8249,353.8,0.8248,410.0,0.825,183.9,0.8251,1021.8
1753503740000,04:22:20.000,ADA/USDT:USDT,0.8249,273.6,0.8248,410.0,0.825,226.9,0.8251,1021.8
1753503740100,04:22:20.100,ADA/USDT:USDT,0.8249,275.2,0.8248,410.4,0.825,226.9,0.8251,1021.8
1753503740200,04:22:20.200,ADA/USDT:USDT,0.8249,273.8,0.8248,410.4,0.825,224.8,0.8251,1021.8
1753503740300,04:22:20.300,ADA/USDT:USDT,0.8249,279.6,0.8248,410.4,0.825,224.8,0.8251,1021.8
1753503740400,04:22:20.400,ADA/USDT:USDT,0.8249,279.6,0.8248,410.4,0.825,187.8,0.8251,1015.9
1753503740500,04:22:20.500,ADA/USDT:USDT,0.8249,273.8,0.8248,410.4,0.825,188.0,0.8251,1015.9
1753503740600,04:22:20.600,ADA/USDT:USDT,0.8249,279.7,0.8248,410.4,0.825,188.0,0.8251,1015.9
1753503740700,04:22:20.700,ADA/USDT:USDT,0.8249,282.1,0.8248,410.4,0.825,188.0,0.8251,1015.9
1753503740800,04:22:20.800,ADA/USDT:USDT,0.8249,282.1,0.8248,410.7,0.825,188.0,0.8251,1015.9
1753503740900,04:22:20.900,ADA/USDT:USDT,0.8249,282.1,0.8248,410.7,0.825,188.0,0.8251,1015.9
1753503741000,04:22:21.000,ADA/USDT:USDT,0.8249,282.1,0.8248,410.4,0.825,188.0,0.8251,1015.9
1753503741100,04:22:21.100,ADA/USDT:USDT,0.8249,282.1,0.8248,410.7,0.825,188.0,0.8251,1015.9
1753503741200,04:22:21.200,ADA/USDT:USDT,0.8249,282.1,0.8248,410.7,0.825,188.0,0.8251,1015.9
1753503741300,04:22:21.300,ADA/USDT:USDT,0.8249,282.1,0.8248,410.4,0.825,193.2,0.8251,1015.9
1753503741400,04:22:21.400,ADA/USDT:USDT,0.8249,282.2,0.8248,410.4,0.825,194.4,0.8251,1015.9
1753503741500,04:22:21.500,ADA/USDT:USDT,0.8249,282.2,0.8248,410.4,0.825,194.4,0.8251,1015.9
1753503741600,04:22:21.600,ADA/USDT:USDT,0.8249,282.2,0.8248,410.4,0.825,166.3,0.8251,1015.9
1753503741800,04:22:21.800,ADA/USDT:USDT,0.8249,280.0,0.8248,410.4,0.825,174.3,0.8251,1015.9
1753503741900,04:22:21.900,ADA/USDT:USDT,0.8249,276.4,0.8248,410.4,0.825,174.3,0.8251,1015.9
1753503742000,04:22:22.000,ADA/USDT:USDT,0.8249,276.4,0.8248,410.4,0.825,174.3,0.8251,1016.2
1753503742100,04:22:22.100,ADA/USDT:USDT,0.8249,276.4,0.8248,410.4,0.825,174.3,0.8251,1015.9
1753503742200,04:22:22.200,ADA/USDT:USDT,0.8249,280.0,0.8248,410.4,0.825,174.3,0.8251,1015.9
1753503742300,04:22:22.300,ADA/USDT:USDT,0.8249,282.2,0.8248,410.4,0.825,174.3,0.8251,1015.9
1753503742500,04:22:22.500,ADA/USDT:USDT,0.8249,282.2,0.8248,410.4,0.825,166.3,0.8251,1015.9
1753503742600,04:22:22.600,ADA/USDT:USDT,0.8249,276.4,0.8248,410.4,0.825,175.0,0.8251,1015.9
1753503742700,04:22:22.700,ADA/USDT:USDT,0.8249,276.4,0.8248,410.4,0.825,175.0,0.8251,1015.9
1753503742800,04:22:22.800,ADA/USDT:USDT,0.8249,283.2,0.8248,410.3,0.825,134.0,0.8251,1015.9
1753503742900,04:22:22.900,ADA/USDT:USDT,0.8249,283.2,0.8248,435.7,0.825,142.0,0.8251,1015.9
1753503743000,04:22:23.000,ADA/USDT:USDT,0.8249,283.6,0.8248,435.7,0.825,134.0,0.8251,1015.9
1753503743100,04:22:23.100,ADA/USDT:USDT,0.8249,283.6,0.8248,435.7,0.825,134.0,0.8251,985.6
1753503743200,04:22:23.200,ADA/USDT:USDT,0.8249,283.6,0.8248,435.7,0.825,134.0,0.8251,1015.9
1753503743300,04:22:23.300,ADA/USDT:USDT,0.8249,343.8,0.8248,435.7,0.825,133.5,0.8251,1015.9
1753503743400,04:22:23.400,ADA/USDT:USDT,0.8249,343.8,0.8248,435.7,0.825,133.7,0.8251,1015.9
1753503743500,04:22:23.500,ADA/USDT:USDT,0.8249,343.8,0.8248,436.1,0.825,133.7,0.8251,1015.9
1753503743600,04:22:23.600,ADA/USDT:USDT,0.8249,343.8,0.8248,435.7,0.825,133.7,0.8251,1015.9
1753503743700,04:22:23.700,ADA/USDT:USDT,0.8249,343.8,0.8248,435.7,0.825,133.7,0.8251,1015.9
1753503743800,04:22:23.800,ADA/USDT:USDT,0.8249,343.8,0.8248,435.8,0.825,133.7,0.8251,1015.9
1753503743900,04:22:23.900,ADA/USDT:USDT,0.8249,343.8,0.8248,435.8,0.825,133.7,0.8251,1015.9
1753503744000,04:22:24.000,ADA/USDT:USDT,0.8249,340.2,0.8248,435.8,0.825,133.7,0.8251,1015.9
1753503744100,04:22:24.100,ADA/USDT:USDT,0.8249,343.8,0.8248,437.2,0.825,133.7,0.8251,1015.9
1753503744200,04:22:24.200,ADA/USDT:USDT,0.8249,340.2,0.8248,435.5,0.825,133.9,0.8251,1015.9
1753503744300,04:22:24.300,ADA/USDT:USDT,0.8249,340.2,0.8248,435.5,0.825,133.9,0.8251,1015.9
1753503744400,04:22:24.400,ADA/USDT:USDT,0.8249,340.2,0.8248,435.5,0.825,133.9,0.8251,1015.9
1753503744600,04:22:24.600,ADA/USDT:USDT,0.8249,340.2,0.8248,435.5,0.825,102.3,0.8251,1015.9
1753503744700,04:22:24.700,ADA/USDT:USDT,0.8249,343.9,0.8248,435.5,0.825,133.8,0.8251,1015.9
1753503744800,04:22:24.800,ADA/USDT:USDT,0.8249,343.9,0.8248,436.9,0.825,133.8,0.8251,1015.9
1753503744900,04:22:24.900,ADA/USDT:USDT,0.8249,344.0,0.8248,436.9,0.825,133.8,0.8251,1015.9
1753503745000,04:22:25.000,ADA/USDT:USDT,0.8249,338.9,0.8248,436.9,0.825,132.9,0.8251,1015.9
1753503745100,04:22:25.100,ADA/USDT:USDT,0.8249,338.9,0.8248,437.2,0.825,132.9,0.8251,1015.9
1753503745200,04:22:25.200,ADA/USDT:USDT,0.8249,342.2,0.8248,437.2,0.825,132.6,0.8251,1015.9
1753503745300,04:22:25.300,ADA/USDT:USDT,0.8249,343.9,0.8248,463.3,0.825,132.6,0.8251,1015.9
1753503745400,04:22:25.400,ADA/USDT:USDT,0.8249,340.8,0.8248,463.3,0.825,132.9,0.8251,1015.9
1753503745500,04:22:25.500,ADA/USDT:USDT,0.8249,338.5,0.8248,463.0,0.825,133.1,0.8251,1015.9
1753503745600,04:22:25.600,ADA/USDT:USDT,0.8249,338.5,0.8248,463.0,0.825,133.1,0.8251,1015.9
1753503745700,04:22:25.700,ADA/USDT:USDT,0.8249,274.5,0.8248,463.0,0.825,199.8,0.8251,1016.2
1753503745800,04:22:25.800,ADA/USDT:USDT,0.8249,231.7,0.8248,459.4,0.825,200.0,0.8251,1016.2
1753503745900,04:22:25.900,ADA/USDT:USDT,0.8249,231.7,0.8248,407.9,0.825,225.1,0.8251,1015.9
1753503746000,04:22:26.000,ADA/USDT:USDT,0.8249,231.7,0.8248,407.9,0.825,194.8,0.8251,1015.9
1753503746200,04:22:26.200,ADA/USDT:USDT,0.8249,231.7,0.8248,407.9,0.825,194.8,0.8251,1015.9
1753503746300,04:22:26.300,ADA/USDT:USDT,0.8249,231.7,0.8248,407.9,0.825,194.8,0.8251,1015.9
1753503746400,04:22:26.400,ADA/USDT:USDT,0.8249,346.3,0.8248,407.9,0.825,312.9,0.8251,1015.9
1753503746500,04:22:26.500,ADA/USDT:USDT,0.8249,222.8,0.8248,407.9,0.825,314.7,0.8251,1016.2
1753503746600,04:22:26.600,ADA/USDT:USDT,0.8249,222.9,0.8248,408.3,0.825,309.8,0.8251,1015.9
1753503746700,04:22:26.700,ADA/USDT:USDT,0.8249,222.9,0.8248,408.3,0.825,309.8,0.8251,1015.9
1753503746800,04:22:26.800,ADA/USDT:USDT,0.8249,222.9,0.8248,408.3,0.825,314.7,0.8251,1016.2
1753503746900,04:22:26.900,ADA/USDT:USDT,0.8249,89.7,0.8248,309.2,0.825,376.4,0.8251,1016.2
1753503747000,04:22:27.000,ADA/USDT:USDT,0.8249,69.7,0.8248,223.1,0.825,376.4,0.8251,1016.2
1753503747100,04:22:27.100,ADA/USDT:USDT,0.8249,68.5,0.8248,221.9,0.825,376.9,0.8251,1016.2
1753503747200,04:22:27.200,ADA/USDT:USDT,0.8249,68.5,0.8248,222.3,0.825,376.9,0.8251,1016.2
1753503747300,04:22:27.300,ADA/USDT:USDT,0.8249,77.2,0.8248,222.3,0.825,376.9,0.8251,1016.2
1753503747400,04:22:27.400,ADA/USDT:USDT,0.8249,77.3,0.8248,405.9,0.825,376.6,0.8251,1016.2
1753503747500,04:22:27.500,ADA/USDT:USDT,0.8249,109.6,0.8248,405.9,0.825,310.3,0.8251,1015.9
1753503747600,04:22:27.600,ADA/USDT:USDT,0.8249,109.6,0.8248,405.9,0.825,315.5,0.8251,1016.2
1753503747700,04:22:27.700,ADA/USDT:USDT,0.8249,109.6,0.8248,405.9,0.825,315.5,0.8251,1016.2
1753503747800,04:22:27.800,ADA/USDT:USDT,0.8249,109.6,0.8248,405.9,0.825,315.6,0.8251,1016.2
1753503747900,04:22:27.900,ADA/USDT:USDT,0.8249,109.6,0.8248,405.9,0.825,315.6,0.8251,1016.2
1753503748100,04:22:28.100,ADA/USDT:USDT,0.8249,109.6,0.8248,405.9,0.825,315.6,0.8251,1016.2
1753503748200,04:22:28.200,ADA/USDT:USDT,0.8249,95.0,0.8248,405.5,0.825,315.6,0.8251,1016.2
1753503748300,04:22:28.300,ADA/USDT:USDT,0.8249,77.4,0.8248,405.5,0.825,377.0,0.8251,1016.2
1753503748400,04:22:28.400,ADA/USDT:USDT,0.8249,77.4,0.8248,405.5,0.825,376.8,0.8251,1016.2
1753503748500,04:22:28.500,ADA/USDT:USDT,0.8249,77.4,0.8248,405.5,0.825,377.1,0.8251,1016.2
1753503748600,04:22:28.600,ADA/USDT:USDT,0.8249,78.1,0.8248,405.5,0.825,374.0,0.8251,1016.2
1753503748700,04:22:28.700,ADA/USDT:USDT,0.8249,78.1,0.8248,405.5,0.825,374.0,0.8251,1016.2
1753503748800,04:22:28.800,ADA/USDT:USDT,0.8249,78.1,0.8248,405.5,0.825,377.1,0.8251,1016.2
1753503748900,04:22:28.900,ADA/USDT:USDT,0.8249,78.0,0.8248,405.5,0.825,373.7,0.8251,1016.2
1753503749000,04:22:29.000,ADA/USDT:USDT,0.8249,78.0,0.8248,405.5,0.825,377.1,0.8251,1016.2
1753503749100,04:22:29.100,ADA/USDT:USDT,0.8249,78.0,0.8248,405.5,0.825,372.8,0.8251,1016.2
1753503749200,04:22:29.200,ADA/USDT:USDT,0.8249,78.6,0.8248,405.5,0.825,372.8,0.8251,1016.2
1753503749300,04:22:29.300,ADA/USDT:USDT,0.8249,78.6,0.8248,405.5,0.825,373.1,0.8251,1016.2
1753503749400,04:22:29.400,ADA/USDT:USDT,0.8249,69.9,0.8248,405.5,0.825,376.9,0.8251,1016.2
1753503749500,04:22:29.500,ADA/USDT:USDT,0.8249,69.8,0.8248,405.5,0.825,376.9,0.8251,1016.2
1753503749600,04:22:29.600,ADA/USDT:USDT,0.8249,69.8,0.8248,405.5,0.825,376.9,0.8251,1016.2
1753503749700,04:22:29.700,ADA/USDT:USDT,0.8249,78.5,0.8248,405.5,0.825,370.9,0.8251,1016.2
1753503749800,04:22:29.800,ADA/USDT:USDT,0.8249,69.8,0.8248,405.5,0.825,372.6,0.8251,1016.2
1753503749900,04:22:29.900,ADA/USDT:USDT,0.8249,102.1,0.8248,405.5,0.825,376.7,0.8251,1016.2
1753503750000,04:22:30.000,ADA/USDT:USDT,0.8249,16.7,0.8248,70.7,0.825,375.1,0.8251,1029.4
1753503750100,04:22:30.100,ADA/USDT:USDT,0.8249,16.5,0.8248,72.2,0.825,376.5,0.8251,1029.4
1753503750200,04:22:30.200,ADA/USDT:USDT,0.8249,16.5,0.8248,72.2,0.825,376.5,0.8251,1032.0
1753503750300,04:22:30.300,ADA/USDT:USDT,0.8249,16.5,0.8248,118.8,0.825,376.9,0.8251,1038.0
1753503750400,04:22:30.400,ADA/USDT:USDT,0.8249,16.5,0.8248,233.8,0.825,375.2,0.8251,1038.0
1753503750500,04:22:30.500,ADA/USDT:USDT,0.8249,18.1,0.8248,233.8,0.825,375.2,0.8251,1038.0
1753503750600,04:22:30.600,ADA/USDT:USDT,0.8249,18.2,0.8248,233.8,0.825,375.2,0.8251,1038.0
1753503750800,04:22:30.800,ADA/USDT:USDT,0.8249,17.4,0.8248,233.8,0.825,375.2,0.8251,1038.0
1753503750900,04:22:30.900,ADA/USDT:USDT,0.8249,17.4,0.8248,118.8,0.825,379.3,0.8251,1059.0
1753503751000,04:22:31.000,ADA/USDT:USDT,0.8249,17.4,0.8248,88.0,0.825,380.4,0.8251,1063.8
1753503751100,04:22:31.100,ADA/USDT:USDT,0.8249,17.4,0.8248,88.0,0.825,380.4,0.8251,1063.8
1753503751200,04:22:31.200,ADA/USDT:USDT,0.8249,17.4,0.8248,88.0,0.825,378.7,0.8251,1063.8
1753503751300,04:22:31.300,ADA/USDT:USDT,0.8249,17.5,0.8248,88.0,0.825,378.7,0.8251,1063.8
1753503751400,04:22:31.400,ADA/USDT:USDT,0.8249,17.5,0.8248,188.0,0.825,378.7,0.8251,1063.8
1753503751500,04:22:31.500,ADA/USDT:USDT,0.8249,17.5,0.8248,188.0,0.825,380.7,0.8251,1063.8
1753503751600,04:22:31.600,ADA/USDT:USDT,0.8249,17.4,0.8248,226.7,0.825,383.6,0.8251,1063.8
1753503751700,04:22:31.700,ADA/USDT:USDT,0.8249,17.4,0.8248,226.7,0.825,383.6,0.8251,1063.8
1753503751800,04:22:31.800,ADA/USDT:USDT,0.8249,17.4,0.8248,226.7,0.825,380.8,0.8251,1065.2
1753503751900,04:22:31.900,ADA/USDT:USDT,0.8249,17.4,0.8248,226.7,0.825,383.3,0.8251,1065.2
1753503752000,04:22:32.000,ADA/USDT:USDT,0.8249,17.4,0.8248,226.7,0.825,383.3,0.8251,1065.2
1753503752100,04:22:32.100,ADA/USDT:USDT,0.8249,17.4,0.8248,226.7,0.825,383.3,0.8251,1065.2
1753503752300,04:22:32.300,ADA/USDT:USDT,0.8249,17.4,0.8248,226.7,0.825,383.3,0.8251,1065.2
1753503752400,04:22:32.400,ADA/USDT:USDT,0.8249,17.4,0.8248,226.7,0.825,383.3,0.8251,1065.2
1753503752600,04:22:32.600,ADA/USDT:USDT,0.8249,17.4,0.8248,226.7,0.825,383.3,0.8251,1065.2
1753503752700,04:22:32.700,ADA/USDT:USDT,0.8249,17.4,0.8248,226.7,0.825,383.3,0.8251,1065.2
1753503752800,04:22:32.800,ADA/USDT:USDT,0.8249,17.4,0.8248,126.7,0.825,383.3,0.8251,1065.2
1753503752900,04:22:32.900,ADA/USDT:USDT,0.8249,17.4,0.8248,126.7,0.825,385.1,0.8251,1065.2
1753503753000,04:22:33.000,ADA/USDT:USDT,0.8249,17.4,0.8248,126.7,0.825,385.1,0.8251,1070.0
1753503753100,04:22:33.100,ADA/USDT:USDT,0.8249,17.4,0.8248,126.7,0.825,385.1,0.8251,1070.0
1753503753200,04:22:33.200,ADA/USDT:USDT,0.8249,17.4,0.8248,126.7,0.825,383.3,0.8251,1070.0
1753503753300,04:22:33.300,ADA/USDT:USDT,0.8249,17.4,0.8248,241.7,0.825,385.7,0.8251,1074.8
1753503753600,04:22:33.600,ADA/USDT:USDT,0.8249,17.4,0.8248,241.7,0.825,385.7,0.8251,1074.8
1753503753700,04:22:33.700,ADA/USDT:USDT,0.8249,17.4,0.8248,241.7,0.825,388.2,0.8251,1074.8
1753503753900,04:22:33.900,ADA/USDT:USDT,0.8249,17.4,0.8248,126.7,0.825,388.2,0.8251,1079.6
1753503754000,04:22:34.000,ADA/USDT:USDT,0.8249,17.4,0.8248,126.7,0.825,388.2,0.8251,1079.6
1753503754100,04:22:34.100,ADA/USDT:USDT,0.8249,17.4,0.8248,126.7,0.825,388.2,0.8251,1079.6
1753503754200,04:22:34.200,ADA/USDT:USDT,0.8249,17.4,0.8248,126.7,0.825,388.2,0.8251,1079.6
1753503754300,04:22:34.300,ADA/USDT:USDT,0.8249,17.4,0.8248,241.7,0.825,385.7,0.8251,1079.6
1753503754400,04:22:34.400,ADA/USDT:USDT,0.8249,17.4,0.8248,241.7,0.825,385.7,0.8251,1079.6
1753503754500,04:22:34.500,ADA/USDT:USDT,0.8249,17.4,0.8248,241.7,0.825,385.7,0.8251,1079.6
1753503754600,04:22:34.600,ADA/USDT:USDT,0.8249,17.4,0.8248,241.7,0.825,385.7,0.8251,1079.6
1753503754700,04:22:34.700,ADA/USDT:USDT,0.8249,17.5,0.8248,126.7,0.825,385.7,0.8251,1079.6
1753503754800,04:22:34.800,ADA/USDT:USDT,0.8249,15.9,0.8248,126.7,0.825,384.1,0.8251,1079.6
1753503754900,04:22:34.900,ADA/USDT:USDT,0.8249,15.8,0.8248,126.7,0.825,386.5,0.8251,1079.6
1753503755000,04:22:35.000,ADA/USDT:USDT,0.8249,15.8,0.8248,126.7,0.825,386.5,0.8251,1079.6
1753503755100,04:22:35.100,ADA/USDT:USDT,0.8249,15.8,0.8248,126.7,0.825,383.8,0.8251,1089.2
1753503755200,04:22:35.200,ADA/USDT:USDT,0.8249,17.2,0.8248,126.7,0.825,385.5,0.8251,1089.2
1753503755300,04:22:35.300,ADA/USDT:USDT,0.8249,17.3,0.8248,241.7,0.825,385.8,0.8251,1089.2
1753503755400,04:22:35.400,ADA/USDT:USDT,0.8249,17.3,0.8248,241.7,0.825,388.0,0.8251,1089.2
1753503755500,04:22:35.500,ADA/USDT:USDT,0.8249,17.2,0.8248,241.7,0.825,386.3,0.8251,1089.2
1753503755600,04:22:35.600,ADA/USDT:USDT,0.8249,17.2,0.8248,241.7,0.825,384.1,0.8251,1089.2
1753503755700,04:22:35.700,ADA/USDT:USDT,0.8249,49.5,0.8248,388.1,0.825,319.1,0.8251,1056.3
1753503755800,04:22:35.800,ADA/USDT:USDT,0.8249,51.7,0.8248,388.1,0.825,318.0,0.8251,1056.3
1753503755900,04:22:35.900,ADA/USDT:USDT,0.8249,49.5,0.8248,438.4,0.825,318.0,0.8251,1056.3
1753503756000,04:22:36.000,ADA/USDT:USDT,0.8249,49.5,0.8248,438.4,0.825,318.0,0.8251,1051.5
1753503756100,04:22:36.100,ADA/USDT:USDT,0.8249,49.5,0.8248,438.4,0.825,318.0,0.8251,1053.7
1753503756200,04:22:36.200,ADA/USDT:USDT,0.8249,49.5,0.8248,438.4,0.825,318.0,0.8251,1053.7
1753503756300,04:22:36.300,ADA/USDT:USDT,0.8249,68.8,0.8248,505.5,0.825,314.4,0.8251,1049.1
1753503756400,04:22:36.400,ADA/USDT:USDT,0.8249,68.8,0.8248,505.5,0.825,314.4,0.8251,1049.1
1753503756500,04:22:36.500,ADA/USDT:USDT,0.8249,144.6,0.8248,505.5,0.825,314.4,0.8251,1045.5
1753503756600,04:22:36.600,ADA/USDT:USDT,0.8249,146.0,0.8248,505.5,0.825,314.4,0.8251,1045.5
1753503756700,04:22:36.700,ADA/USDT:USDT,0.8249,148.2,0.8248,505.5,0.825,314.4,0.8251,1045.5
1753503756800,04:22:36.800,ADA/USDT:USDT,0.8249,148.1,0.8248,505.5,0.825,314.4,0.8251,1045.5
1753503756900,04:22:36.900,ADA/USDT:USDT,0.8249,148.1,0.8248,505.5,0.825,267.0,0.8251,1045.5
1753503757000,04:22:37.000,ADA/USDT:USDT,0.8249,148.1,0.8248,505.5,0.825,266.9,0.8251,1045.5
1753503757100,04:22:37.100,ADA/USDT:USDT,0.8249,148.1,0.8248,505.5,0.825,266.9,0.8251,1045.5
1753503757300,04:22:37.300,ADA/USDT:USDT,0.8249,147.9,0.8248,503.3,0.825,278.4,0.8251,1018.5
1753503757400,04:22:37.400,ADA/USDT:USDT,0.8249,144.7,0.8248,503.3,0.825,278.4,0.8251,1018.5
1753503757500,04:22:37.500,ADA/USDT:USDT,0.8249,144.7,0.8248,503.3,0.825,278.0,0.8251,1018.8
1753503757600,04:22:37.600,ADA/USDT:USDT,0.8249,144.6,0.8248,503.3,0.825,277.7,0.8251,1018.5
1753503757800,04:22:37.800,ADA/USDT:USDT,0.8249,144.6,0.8248,503.3,0.825,304.2,0.8251,1018.8
1753503757900,04:22:37.900,ADA/USDT:USDT,0.8249,146.6,0.8248,503.3,0.825,304.2,0.8251,1018.5
1753503758000,04:22:38.000,ADA/USDT:USDT,0.8249,144.6,0.8248,503.3,0.825,304.2,0.8251,1018.5
1753503758100,04:22:38.100,ADA/USDT:USDT,0.8249,144.6,0.8248,503.3,0.825,304.5,0.8251,1018.5
1753503758200,04:22:38.200,ADA/USDT:USDT,0.8249,144.6,0.8248,503.3,0.825,315.3,0.8251,1018.5
1753503758300,04:22:38.300,ADA/USDT:USDT,0.8249,144.6,0.8248,503.3,0.825,315.3,0.8251,1018.5
1753503758400,04:22:38.400,ADA/USDT:USDT,0.8249,144.6,0.8248,503.3,0.825,315.3,0.8251,1018.5
1753503758600,04:22:38.600,ADA/USDT:USDT,0.8249,144.6,0.8248,503.3,0.825,314.3,0.8251,1018.5
1753503758700,04:22:38.700,ADA/USDT:USDT,0.8249,144.6,0.8248,503.3,0.825,314.3,0.8251,1018.5
1753503758800,04:22:38.800,ADA/USDT:USDT,0.8249,144.6,0.8248,503.3,0.825,314.3,0.8251,1018.5
1753503758900,04:22:38.900,ADA/USDT:USDT,0.8249,144.6,0.8248,503.3,0.825,314.3,0.8251,1018.5
1753503759000,04:22:39.000,ADA/USDT:USDT,0.8249,144.6,0.8248,503.3,0.825,314.3,0.8251,1018.5
1753503759100,04:22:39.100,ADA/USDT:USDT,0.8249,144.6,0.8248,503.3,0.825,314.3,0.8251,1018.8
1753503759200,04:22:39.200,ADA/USDT:USDT,0.8249,144.6,0.8248,503.3,0.825,314.3,0.8251,1018.8
1753503759300,04:22:39.300,ADA/USDT:USDT,0.8249,144.6,0.8248,503.3,0.825,315.1,0.8251,1018.5
1753503759400,04:22:39.400,ADA/USDT:USDT,0.8249,79.9,0.8248,503.3,0.825,315.4,0.8251,1018.8
1753503759500,04:22:39.500,ADA/USDT:USDT,0.8249,79.9,0.8248,503.3,0.825,313.4,0.8251,1018.8
1753503759600,04:22:39.600,ADA/USDT:USDT,0.8249,47.6,0.8248,405.9,0.825,376.0,0.8251,1018.8
1753503759700,04:22:39.700,ADA/USDT:USDT,0.8249,38.9,0.8248,405.9,0.825,376.0,0.8251,1018.8
1753503759800,04:22:39.800,ADA/USDT:USDT,0.8249,60.1,0.8248,405.9,0.825,376.7,0.8251,1020.0
1753503759900,04:22:39.900,ADA/USDT:USDT,0.8249,60.1,0.8248,405.9,0.825,314.1,0.8251,1020.0
1753503760000,04:22:40.000,ADA/USDT:USDT,0.8249,49.1,0.8248,405.9,0.825,375.7,0.8251,1018.8
1753503760100,04:22:40.100,ADA/USDT:USDT,0.8249,49.1,0.8248,405.9,0.825,376.7,0.8251,1018.8
1753503760200,04:22:40.200,ADA/USDT:USDT,0.8249,49.1,0.8248,405.9,0.825,376.7,0.8251,1018.8
1753503760300,04:22:40.300,ADA/USDT:USDT,0.8249,49.1,0.8248,405.9,0.825,376.7,0.8251,1018.8
1753503760400,04:22:40.400,ADA/USDT:USDT,0.8249,38.8,0.8248,405.9,0.825,375.2,0.8251,1018.8
1753503760500,04:22:40.500,ADA/USDT:USDT,0.8249,17.1,0.8248,241.7,0.825,375.2,0.8251,1018.8
1753503760600,04:22:40.600,ADA/USDT:USDT,0.8249,17.2,0.8248,241.7,0.825,375.2,0.8251,1018.8
1753503760700,04:22:40.700,ADA/USDT:USDT,0.8249,17.2,0.8248,241.7,0.825,375.2,0.8251,1018.8
1753503760800,04:22:40.800,ADA/USDT:USDT,0.8249,17.1,0.8248,241.7,0.825,375.2,0.8251,1018.8
1753503761000,04:22:41.000,ADA/USDT:USDT,0.8249,17.1,0.8248,241.7,0.825,375.1,0.8251,1018.8
1753503761100,04:22:41.100,ADA/USDT:USDT,0.8249,17.1,0.8248,279.6,0.825,372.0,0.8251,1018.8
1753503761200,04:22:41.200,ADA/USDT:USDT,0.8249,59.7,0.8248,365.8,0.825,311.1,0.8251,1018.5
1753503761300,04:22:41.300,ADA/USDT:USDT,0.8249,19.0,0.8248,309.9,0.825,372.1,0.8251,1019.7
1753503761400,04:22:41.400,ADA/USDT:USDT,0.8249,17.2,0.8248,309.9,0.825,375.4,0.8251,1020.0
1753503761500,04:22:41.500,ADA/USDT:USDT,0.8249,17.1,0.8248,309.9,0.825,374.0,0.8251,420.6
1753503761600,04:22:41.600,ADA/USDT:USDT,0.8249,17.1,0.8248,309.9,0.825,375.4,0.8251,420.6
1753503761700,04:22:41.700,ADA/USDT:USDT,0.8249,17.1,0.8248,309.9,0.825,375.3,0.8251,419.4
1753503761800,04:22:41.800,ADA/USDT:USDT,0.8249,17.1,0.8248,309.9,0.825,374.2,0.8251,419.4
1753503761900,04:22:41.900,ADA/USDT:USDT,0.8249,17.1,0.8248,241.7,0.825,376.5,0.8251,428.5
1753503762000,04:22:42.000,ADA/USDT:USDT,0.8249,17.1,0.8248,241.7,0.825,376.5,0.8251,433.3
1753503762100,04:22:42.100,ADA/USDT:USDT,0.8249,17.1,0.8248,241.7,0.825,340.7,0.8251,434.5
1753503762200,04:22:42.200,ADA/USDT:USDT,0.8249,17.1,0.8248,241.7,0.825,378.1,0.8251,434.5
1753503762300,04:22:42.300,ADA/USDT:USDT,0.8249,16.9,0.8248,241.7,0.825,378.1,0.8251,434.5
1753503762400,04:22:42.400,ADA/USDT:USDT,0.8249,17.1,0.8248,241.7,0.825,378.1,0.8251,434.5
1753503762500,04:22:42.500,ADA/USDT:USDT,0.8249,17.1,0.8248,241.7,0.825,378.1,0.8251,434.5
1753503762600,04:22:42.600,ADA/USDT:USDT,0.8249,17.1,0.8248,241.7,0.825,378.1,0.8251,435.7
1753503762700,04:22:42.700,ADA/USDT:USDT,0.8249,25.8,0.8248,241.7,0.825,374.9,0.8251,435.4
1753503762800,04:22:42.800,ADA/USDT:USDT,0.8249,58.2,0.8248,483.2,0.825,314.3,0.8251,433.0
1753503762900,04:22:42.900,ADA/USDT:USDT,0.8249,58.2,0.8248,483.2,0.825,313.3,0.8251,433.0
1753503763000,04:22:43.000,ADA/USDT:USDT,0.8249,58.2,0.8248,483.2,0.825,313.3,0.8251,433.0
1753503763100,04:22:43.100,ADA/USDT:USDT,0.8249,60.0,0.8248,483.2,0.825,313.3,0.8251,433.0
1753503763200,04:22:43.200,ADA/USDT:USDT,0.8249,58.2,0.8248,483.2,0.825,313.1,0.8251,433.0
1753503763300,04:22:43.300,ADA/USDT:USDT,0.8249,58.3,0.8248,483.2,0.825,311.9,0.8251,428.2
1753503763400,04:22:43.400,ADA/USDT:USDT,0.8249,49.6,0.8248,483.2,0.825,316.2,0.8251,428.5
1753503763500,04:22:43.500,ADA/USDT:USDT,0.8249,49.6,0.8248,483.2,0.825,316.2,0.8251,428.5
1753503763600,04:22:43.600,ADA/USDT:USDT,0.8249,17.3,0.8248,483.2,0.825,377.1,0.8251,428.5
1753503763800,04:22:43.800,ADA/USDT:USDT,0.8249,17.3,0.8248,483.2,0.825,377.1,0.8251,428.5
1753503763900,04:22:43.900,ADA/USDT:USDT,0.8249,17.3,0.8248,483.2,0.825,377.1,0.8251,428.5
1753503764000,04:22:44.000,ADA/USDT:USDT,0.8249,17.3,0.8248,463.2,0.825,377.1,0.8251,429.7
1753503764100,04:22:44.100,ADA/USDT:USDT,0.8249,17.3,0.8248,241.7,0.825,377.1,0.8251,434.5
1753503764200,04:22:44.200,ADA/USDT:USDT,0.8249,17.3,0.8248,241.7,0.825,377.1,0.8251,434.5
1753503764300,04:22:44.300,ADA/USDT:USDT,0.8249,17.3,0.8248,241.7,0.825,379.5,0.8251,435.7
1753503764400,04:22:44.400,ADA/USDT:USDT,0.8249,17.3,0.8248,241.7,0.825,379.5,0.8251,435.7
1753503764500,04:22:44.500,ADA/USDT:USDT,0.8249,17.3,0.8248,241.7,0.825,379.5,0.8251,435.7
1753503764600,04:22:44.600,ADA/USDT:USDT,0.8249,17.3,0.8248,241.7,0.825,379.5,0.8251,435.7
1753503764700,04:22:44.700,ADA/USDT:USDT,0.8249,17.3,0.8248,241.7,0.825,379.4,0.8251,435.7
1753503764800,04:22:44.800,ADA/USDT:USDT,0.8249,17.3,0.8248,241.7,0.825,379.4,0.8251,438.1
1753503764900,04:22:44.900,ADA/USDT:USDT,0.8249,17.0,0.8248,241.7,0.825,379.2,0.8251,442.9
1753503765000,04:22:45.000,ADA/USDT:USDT,0.8249,17.0,0.8248,241.7,0.825,378.1,0.8251,442.9
1753503765100,04:22:45.100,ADA/USDT:USDT,0.8249,15.6,0.8248,279.6,0.825,377.6,0.8251,442.9
1753503765200,04:22:45.200,ADA/USDT:USDT,0.8249,15.6,0.8248,241.7,0.825,377.5,0.8251,444.1
1753503765300,04:22:45.300,ADA/USDT:USDT,0.8249,15.6,0.8248,241.7,0.825,377.5,0.8251,444.1
1753503765400,04:22:45.400,ADA/USDT:USDT,0.8249,15.6,0.8248,241.7,0.825,374.8,0.8251,444.5
1753503765500,04:22:45.500,ADA/USDT:USDT,0.8247,0.3,0.8246,163.4,0.8248,470.7,0.8249,1074.6
1753503765600,04:22:45.600,ADA/USDT:USDT,0.8247,60.2,0.8246,174.1,0.8248,493.4,0.8249,1069.7
1753503765700,04:22:45.700,ADA/USDT:USDT,0.8247,0.3,0.8246,85.0,0.8248,493.4,0.8249,1073.1
1753503765900,04:22:45.900,ADA/USDT:USDT,0.8247,41.5,0.8246,180.7,0.8248,493.7,0.8249,1068.5
1753503766000,04:22:46.000,ADA/USDT:USDT,0.8247,47.7,0.8246,364.0,0.8248,428.8,0.8249,1067.3
1753503766100,04:22:46.100,ADA/USDT:USDT,0.8247,89.3,0.8246,363.7,0.8248,428.8,0.8249,1067.3
1753503766200,04:22:46.200,ADA/USDT:USDT,0.8247,80.0,0.8246,367.2,0.8248,444.4,0.8249,1067.3
1753503766300,04:22:46.300,ADA/USDT:USDT,0.8247,102.6,0.8246,367.2,0.8248,448.7,0.8249,1070.8
1753503766400,04:22:46.400,ADA/USDT:USDT,0.8247,102.2,0.8246,367.6,0.8248,521.4,0.8249,997.9
1753503766500,04:22:46.500,ADA/USDT:USDT,0.8247,79.6,0.8246,407.6,0.8248,521.4,0.8249,997.9
1753503766600,04:22:46.600,ADA/USDT:USDT,0.8247,79.7,0.8246,407.6,0.8248,521.4,0.8249,992.1
1753503766700,04:22:46.700,ADA/USDT:USDT,0.8247,47.4,0.8246,407.6,0.8248,521.4,0.8249,997.9
1753503766800,04:22:46.800,ADA/USDT:USDT,0.8247,47.4,0.8246,401.8,0.8248,582.0,0.8249,1163.4
1753503766900,04:22:46.900,ADA/USDT:USDT,0.8247,47.4,0.8246,289.9,0.8248,586.5,0.8249,1163.4
1753503767000,04:22:47.000,ADA/USDT:USDT,0.8247,98.8,0.8246,385.4,0.8248,407.4,0.8249,1157.6
1753503767100,04:22:47.100,ADA/USDT:USDT,0.8247,98.8,0.8246,387.4,0.8248,407.4,0.8249,1157.6
1753503767200,04:22:47.200,ADA/USDT:USDT,0.8247,223.1,0.8246,387.4,0.8248,521.4,0.8249,1154.1
1753503767300,04:22:47.300,ADA/USDT:USDT,0.8247,213.9,0.8246,387.4,0.8248,521.4,0.8249,1163.4
1753503767400,04:22:47.400,ADA/USDT:USDT,0.8247,213.9,0.8246,387.4,0.8248,521.5,0.8249,1163.4
1753503767500,04:22:47.500,ADA/USDT:USDT,0.8247,67.4,0.8246,311.4,0.8248,592.4,0.8249,1163.7
1753503767600,04:22:47.600,ADA/USDT:USDT,0.8247,67.4,0.8246,311.4,0.8248,592.4,0.8249,1163.7
1753503767700,04:22:47.700,ADA/USDT:USDT,0.8247,67.4,0.8246,311.4,0.8248,592.4,0.8249,1163.7
1753503767800,04:22:47.800,ADA/USDT:USDT,0.8247,67.4,0.8246,388.1,0.8248,592.4,0.8249,1048.7
1753503767900,04:22:47.900,ADA/USDT:USDT,0.8247,67.4,0.8246,390.5,0.8248,592.4,0.8249,1048.7
1753503768000,04:22:48.000,ADA/USDT:USDT,0.8247,67.4,0.8246,390.5,0.8248,592.4,0.8249,1048.7
1753503768100,04:22:48.100,ADA/USDT:USDT,0.8247,67.4,0.8246,390.5,0.8248,592.4,0.8249,1048.7
1753503768200,04:22:48.200,ADA/USDT:USDT,0.8247,67.4,0.8246,390.5,0.8248,525.8,0.8249,1048.7
1753503768300,04:22:48.300,ADA/USDT:USDT,0.8247,67.4,0.8246,390.5,0.8248,525.8,0.8249,1048.7
1753503768400,04:22:48.400,ADA/USDT:USDT,0.8247,99.7,0.8246,390.5,0.8248,531.6,0.8249,1048.7
1753503768500,04:22:48.500,ADA/USDT:USDT,0.8247,99.7,0.8246,390.5,0.8248,531.6,0.8249,1048.7
1753503768600,04:22:48.600,ADA/USDT:USDT,0.8247,99.7,0.8246,390.5,0.8248,531.6,0.8249,1048.7
1753503768700,04:22:48.700,ADA/USDT:USDT,0.8247,99.7,0.8246,410.1,0.8248,525.5,0.8249,1048.7
1753503768800,04:22:48.800,ADA/USDT:USDT,0.8247,99.8,0.8246,410.1,0.8248,522.0,0.8249,1049.1
1753503768900,04:22:48.900,ADA/USDT:USDT,0.8247,99.8,0.8246,410.1,0.8248,531.6,0.8249,1049.1
1753503769000,04:22:49.000,ADA/USDT:USDT,0.8247,99.8,0.8246,410.1,0.8248,525.8,0.8249,1049.1
1753503769100,04:22:49.100,ADA/USDT:USDT,0.8247,67.5,0.8246,410.1,0.8248,592.2,0.8249,1049.1
1753503769200,04:22:49.200,ADA/USDT:USDT,0.8247,67.5,0.8246,410.5,0.8248,586.4,0.8249,1049.1
1753503769300,04:22:49.300,ADA/USDT:USDT,0.8247,67.5,0.8246,410.5,0.8248,592.2,0.8249,1049.1
1753503769400,04:22:49.400,ADA/USDT:USDT,0.8247,67.5,0.8246,410.5,0.8248,592.2,0.8249,1049.1
1753503769500,04:22:49.500,ADA/USDT:USDT,0.8247,67.5,0.8246,410.4,0.8248,592.2,0.8249,1049.1
1753503769600,04:22:49.600,ADA/USDT:USDT,0.8247,67.5,0.8246,410.4,0.8248,592.2,0.8249,1049.1
1753503769700,04:22:49.700,ADA/USDT:USDT,0.8247,67.5,0.8246,410.0,0.8248,592.2,0.8249,1049.1
1753503769800,04:22:49.800,ADA/USDT:USDT,0.8247,67.5,0.8246,410.0,0.8248,531.7,0.8249,1049.1
1753503769900,04:22:49.900,ADA/USDT:USDT,0.8247,67.5,0.8246,410.0,0.8248,531.7,0.8249,1049.1
1753503770000,04:22:50.000,ADA/USDT:USDT,0.8247,67.5,0.8246,410.0,0.8248,531.7,0.8249,1049.1
1753503770200,04:22:50.200,ADA/USDT:USDT,0.8247,67.5,0.8246,390.0,0.8248,534.0,0.8249,1049.1
1753503770300,04:22:50.300,ADA/USDT:USDT,0.8247,67.5,0.8246,390.0,0.8248,534.0,0.8249,1049.1
1753503770400,04:22:50.400,ADA/USDT:USDT,0.8247,67.5,0.8246,390.0,0.8248,534.0,0.8249,1049.1
1753503770500,04:22:50.500,ADA/USDT:USDT,0.8247,67.5,0.8246,390.0,0.8248,534.0,0.8249,1049.1
1753503770600,04:22:50.600,ADA/USDT:USDT,0.8247,67.5,0.8246,378.4,0.8248,534.0,0.8249,1049.1
1753503770700,04:22:50.700,ADA/USDT:USDT,0.8247,38.9,0.8246,242.7,0.8248,594.6,0.8249,1055.1
1753503770800,04:22:50.800,ADA/USDT:USDT,0.8246,92.8,0.8245,515.2,0.8247,438.2,0.8248,704.6
1753503770900,04:22:50.900,ADA/USDT:USDT,0.8246,60.5,0.8245,195.5,0.8247,515.9,0.8248,704.6
1753503771000,04:22:51.000,ADA/USDT:USDT,0.8246,58.1,0.8245,195.5,0.8247,515.9,0.8248,705.7
1753503771100,04:22:51.100,ADA/USDT:USDT,0.8246,58.1,0.8245,319.7,0.8247,515.9,0.8248,590.7
1753503771200,04:22:51.200,ADA/USDT:USDT,0.8246,58.1,0.8245,319.7,0.8247,512.4,0.8248,590.7
1753503771300,04:22:51.300,ADA/USDT:USDT,0.8246,70.3,0.8245,386.9,0.8247,512.4,0.8248,590.7
1753503771400,04:22:51.400,ADA/USDT:USDT,0.8246,70.3,0.8245,417.2,0.8247,512.4,0.8248,573.0
1753503771600,04:22:51.600,ADA/USDT:USDT,0.8246,70.3,0.8245,417.2,0.8247,529.1,0.8248,573.0
1753503771700,04:22:51.700,ADA/USDT:USDT,0.8246,70.3,0.8245,417.2,0.8247,534.5,0.8248,573.0
1753503771800,04:22:51.800,ADA/USDT:USDT,0.8246,70.3,0.8245,417.2,0.8247,534.5,0.8248,573.0
1753503771900,04:22:51.900,ADA/USDT:USDT,0.8246,70.2,0.8245,417.2,0.8247,537.7,0.8248,573.0
1753503772100,04:22:52.100,ADA/USDT:USDT,0.8246,61.5,0.8245,417.2,0.8247,537.7,0.8248,573.0
1753503772200,04:22:52.200,ADA/USDT:USDT,0.8246,61.5,0.8245,429.3,0.8247,537.7,0.8248,573.0
1753503772300,04:22:52.300,ADA/USDT:USDT,0.8246,70.2,0.8245,429.3,0.8247,529.1,0.8248,573.0
1753503772400,04:22:52.400,ADA/USDT:USDT,0.8246,61.5,0.8245,429.3,0.8247,529.1,0.8248,573.0
1753503772500,04:22:52.500,ADA/USDT:USDT,0.8246,61.5,0.8245,429.3,0.8247,537.7,0.8248,573.0
1753503772600,04:22:52.600,ADA/USDT:USDT,0.8246,61.6,0.8245,429.3,0.8247,537.7,0.8248,573.0
1753503772700,04:22:52.700,ADA/USDT:USDT,0.8246,61.6,0.8245,429.3,0.8247,537.7,0.8248,584.8
1753503772800,04:22:52.800,ADA/USDT:USDT,0.8246,61.6,0.8245,429.3,0.8247,537.7,0.8248,584.8
1753503772900,04:22:52.900,ADA/USDT:USDT,0.8246,70.3,0.8245,429.3,0.8247,477.1,0.8248,583.6
1753503773000,04:22:53.000,ADA/USDT:USDT,0.8246,61.6,0.8245,429.3,0.8247,537.7,0.8248,583.6
1753503773100,04:22:53.100,ADA/USDT:USDT,0.8246,61.6,0.8245,429.3,0.8247,537.8,0.8248,583.6
1753503773200,04:22:53.200,ADA/USDT:USDT,0.8245,107.4,0.8244,297.3,0.8246,671.0,0.8247,489.7
1753503773300,04:22:53.300,ADA/USDT:USDT,0.8245,13.9,0.8244,165.8,0.8246,706.5,0.8247,614.9
1753503773400,04:22:53.400,ADA/USDT:USDT,0.8245,14.0,0.8244,164.0,0.8246,706.5,0.8247,598.1
1753503773500,04:22:53.500,ADA/USDT:USDT,0.8245,14.0,0.8244,164.0,0.8246,729.6,0.8247,599.3
1753503773600,04:22:53.600,ADA/USDT:USDT,0.8245,14.0,0.8244,164.0,0.8246,731.4,0.8247,600.5
1753503773700,04:22:53.700,ADA/USDT:USDT,0.8245,14.0,0.8244,135.7,0.8246,731.4,0.8247,600.5
1753503773800,04:22:53.800,ADA/USDT:USDT,0.8245,14.0,0.8244,135.7,0.8246,731.4,0.8247,600.5
1753503773900,04:22:53.900,ADA/USDT:USDT,0.8245,14.0,0.8244,135.7,0.8246,729.6,0.8247,600.9
1753503774000,04:22:54.000,ADA/USDT:USDT,0.8245,14.0,0.8244,135.7,0.8246,731.4,0.8247,607.0
1753503774100,04:22:54.100,ADA/USDT:USDT,0.8245,14.0,0.8244,250.7,0.8246,732.6,0.8247,493.2
1753503774200,04:22:54.200,ADA/USDT:USDT,0.8245,54.8,0.8244,250.7,0.8246,732.6,0.8247,493.2
1753503774300,04:22:54.300,ADA/USDT:USDT,0.8245,54.8,0.8244,496.4,0.8246,657.9,0.8247,492.2
1753503774400,04:22:54.400,ADA/USDT:USDT,0.8245,55.0,0.8244,496.4,0.8246,657.9,0.8247,492.2
1753503774500,04:22:54.500,ADA/USDT:USDT,0.8245,164.2,0.8244,503.1,0.8246,470.6,0.8247,481.5
1753503774600,04:22:54.600,ADA/USDT:USDT,0.8245,164.3,0.8244,503.1,0.8246,470.6,0.8247,480.3
1753503774700,04:22:54.700,ADA/USDT:USDT,0.8245,157.6,0.8244,503.1,0.8246,470.6,0.8247,480.3
1753503774800,04:22:54.800,ADA/USDT:USDT,0.8245,157.6,0.8244,503.1,0.8246,470.6,0.8247,480.3
1753503774900,04:22:54.900,ADA/USDT:USDT,0.8245,157.6,0.8244,503.5,0.8246,470.6,0.8247,480.3
1753503775000,04:22:55.000,ADA/USDT:USDT,0.8245,157.6,0.8244,502.9,0.8246,470.6,0.8247,487.0
1753503775100,04:22:55.100,ADA/USDT:USDT,0.8245,153.6,0.8244,502.9,0.8246,584.8,0.8247,486.2
1753503775200,04:22:55.200,ADA/USDT:USDT,0.8245,153.6,0.8244,496.2,0.8246,577.9,0.8247,486.2
1753503775300,04:22:55.300,ADA/USDT:USDT,0.8245,153.6,0.8244,522.9,0.8246,578.0,0.8247,486.2
1753503775500,04:22:55.500,ADA/USDT:USDT,0.8245,80.0,0.8244,328.5,0.8246,594.6,0.8247,485.1
1753503775600,04:22:55.600,ADA/USDT:USDT,0.8245,111.3,0.8244,335.2,0.8246,587.0,0.8247,485.1
1753503775700,04:22:55.700,ADA/USDT:USDT,0.8245,186.0,0.8244,518.9,0.8246,578.0,0.8247,478.1
1753503775800,04:22:55.800,ADA/USDT:USDT,0.8245,186.0,0.8244,518.9,0.8246,578.0,0.8247,478.1
1753503775900,04:22:55.900,ADA/USDT:USDT,0.8245,175.3,0.8244,518.9,0.8246,578.3,0.8247,484.8
1753503776100,04:22:56.100,ADA/USDT:USDT,0.8245,155.8,0.8244,414.7,0.8246,596.2,0.8247,485.1
1753503776200,04:22:56.200,ADA/USDT:USDT,0.8245,155.8,0.8244,414.7,0.8246,589.5,0.8247,485.1
1753503776300,04:22:56.300,ADA/USDT:USDT,0.8245,155.8,0.8244,414.7,0.8246,597.6,0.8247,485.1
1753503776400,04:22:56.400,ADA/USDT:USDT,0.8245,155.8,0.8244,414.7,0.8246,590.9,0.8247,485.1
1753503776500,04:22:56.500,ADA/USDT:USDT,0.8245,155.8,0.8244,414.7,0.8246,590.9,0.8247,485.1
1753503776600,04:22:56.600,ADA/USDT:USDT,0.8245,155.8,0.8244,421.4,0.8246,586.9,0.8247,485.1
1753503776700,04:22:56.700,ADA/USDT:USDT,0.8245,155.8,0.8244,488.6,0.8246,586.6,0.8247,485.1
1753503776800,04:22:56.800,ADA/USDT:USDT,0.8245,155.8,0.8244,518.9,0.8246,579.7,0.8247,484.8
1753503776900,04:22:56.900,ADA/USDT:USDT,0.8245,155.8,0.8244,518.9,0.8246,590.9,0.8247,485.1
1753503777000,04:22:57.000,ADA/USDT:USDT,0.8245,155.8,0.8244,512.2,0.8246,593.6,0.8247,485.1
1753503777100,04:22:57.100,ADA/USDT:USDT,0.8245,155.8,0.8244,518.9,0.8246,579.7,0.8247,485.1
1753503777200,04:22:57.200,ADA/USDT:USDT,0.8245,155.8,0.8244,518.9,0.8246,482.6,0.8247,485.1
1753503777300,04:22:57.300,ADA/USDT:USDT,0.8245,178.3,0.8244,518.9,0.8246,400.7,0.8247,485.1
1753503777400,04:22:57.400,ADA/USDT:USDT,0.8245,178.3,0.8244,518.9,0.8246,400.7,0.8247,484.8
1753503777500,04:22:57.500,ADA/USDT:USDT,0.8245,178.3,0.8244,518.9,0.8246,400.7,0.8247,485.1
1753503777600,04:22:57.600,ADA/USDT:USDT,0.8245,178.3,0.8244,518.9,0.8246,403.1,0.8247,485.1
1753503777700,04:22:57.700,ADA/USDT:USDT,0.8245,178.3,0.8244,518.9,0.8246,410.1,0.8247,485.1
1753503777800,04:22:57.800,ADA/USDT:USDT,0.8245,178.3,0.8244,512.2,0.8246,414.1,0.8247,485.1
1753503777900,04:22:57.900,ADA/USDT:USDT,0.8245,178.3,0.8244,512.2,0.8246,414.1,0.8247,485.1
1753503778000,04:22:58.000,ADA/USDT:USDT,0.8245,293.3,0.8244,512.2,0.8246,529.1,0.8247,485.1
1753503778100,04:22:58.100,ADA/USDT:USDT,0.8245,313.3,0.8244,512.2,0.8246,407.2,0.8247,479.0
1753503778200,04:22:58.200,ADA/USDT:USDT,0.8245,313.3,0.8244,512.2,0.8246,403.1,0.8247,479.0
1753503778300,04:22:58.300,ADA/USDT:USDT,0.8245,333.3,0.8244,512.6,0.8246,396.2,0.8247,478.7
1753503778400,04:22:58.400,ADA/USDT:USDT,0.8245,405.6,0.8244,512.5,0.8246,83.3,0.8247,472.0
1753503778500,04:22:58.500,ADA/USDT:USDT,0.8245,446.1,0.8244,522.4,0.8246,61.7,0.8247,160.9
1753503778600,04:22:58.600,ADA/USDT:USDT,0.8246,863.3,0.8245,657.5,0.8247,9.1,0.8248,420.8
1753503778700,04:22:58.700,ADA/USDT:USDT,0.8247,561.0,0.8246,901.0,0.8248,295.4,0.8249,965.5
1753503778800,04:22:58.800,ADA/USDT:USDT,0.8247,493.6,0.8246,845.5,0.8248,295.6,0.8249,970.5
1753503778900,04:22:58.900,ADA/USDT:USDT,0.8247,217.6,0.8246,758.4,0.8248,346.0,0.8249,970.3
1753503779000,04:22:59.000,ADA/USDT:USDT,0.8247,53.1,0.8246,462.3,0.8248,448.6,0.8249,970.6
1753503779100,04:22:59.100,ADA/USDT:USDT,0.8247,53.1,0.8246,469.0,0.8248,436.0,0.8249,974.7
1753503779200,04:22:59.200,ADA/USDT:USDT,0.8247,78.2,0.8246,465.8,0.8248,442.5,0.8249,984.6
1753503779300,04:22:59.300,ADA/USDT:USDT,0.8247,78.3,0.8246,499.1,0.8248,442.5,0.8249,1009.2
1753503779400,04:22:59.400,ADA/USDT:USDT,0.8247,78.3,0.8246,506.2,0.8248,369.8,0.8249,1009.2
1753503779500,04:22:59.500,ADA/USDT:USDT,0.8247,53.4,0.8246,687.4,0.8248,267.0,0.8249,1010.4
1753503779600,04:22:59.600,ADA/USDT:USDT,0.8247,53.4,0.8246,695.4,0.8248,267.0,0.8249,1010.4
1753503779700,04:22:59.700,ADA/USDT:USDT,0.8247,53.4,0.8246,695.4,0.8248,267.0,0.8249,1010.8
1753503779800,04:22:59.800,ADA/USDT:USDT,0.8247,53.4,0.8246,687.5,0.8248,267.0,0.8249,1010.8
1753503779900,04:22:59.900,ADA/USDT:USDT,0.8247,53.4,0.8246,695.4,0.8248,267.0,0.8249,1010.8
1753503780000,04:23:00.000,ADA/USDT:USDT,0.8247,68.1,0.8246,547.4,0.8248,442.6,0.8249,1003.6
1753503780100,04:23:00.100,ADA/USDT:USDT,0.8247,53.4,0.8246,598.0,0.8248,442.4,0.8249,1003.6
1753503780200,04:23:00.200,ADA/USDT:USDT,0.8247,53.4,0.8246,598.0,0.8248,382.0,0.8249,995.7
1753503780300,04:23:00.300,ADA/USDT:USDT,0.8247,53.4,0.8246,695.3,0.8248,267.0,0.8249,996.9
1753503780400,04:23:00.400,ADA/USDT:USDT,0.8247,217.3,0.8246,695.6,0.8248,207.1,0.8249,992.2
1753503780500,04:23:00.500,ADA/USDT:USDT,0.8247,278.9,0.8246,695.6,0.8248,175.0,0.8249,992.2
1753503780600,04:23:00.600,ADA/USDT:USDT,0.8247,278.0,0.8246,695.6,0.8248,175.0,0.8249,992.2
1753503780700,04:23:00.700,ADA/USDT:USDT,0.8247,278.0,0.8246,696.0,0.8248,137.4,0.8249,992.2
1753503780800,04:23:00.800,ADA/USDT:USDT,0.8247,277.3,0.8246,696.0,0.8248,80.1,0.8249,978.4
1753503780900,04:23:00.900,ADA/USDT:USDT,0.8247,269.9,0.8246,695.3,0.8248,80.4,0.8249,978.6
1753503781000,04:23:01.000,ADA/USDT:USDT,0.8247,392.2,0.8246,696.8,0.8248,80.4,0.8249,971.4
1753503781100,04:23:01.100,ADA/USDT:USDT,0.8247,392.2,0.8246,696.5,0.8248,80.6,0.8249,971.4
1753503781200,04:23:01.200,ADA/USDT:USDT,0.8247,393.0,0.8246,709.2,0.8248,80.6,0.8249,905.7
1753503781300,04:23:01.300,ADA/USDT:USDT,0.8247,392.9,0.8246,709.2,0.8248,80.6,0.8249,905.7
1753503781400,04:23:01.400,ADA/USDT:USDT,0.8247,370.2,0.8246,709.2,0.8248,80.6,0.8249,905.7
1753503781500,04:23:01.500,ADA/USDT:USDT,0.8247,380.9,0.8246,709.2,0.8248,80.6,0.8249,905.7
1753503781600,04:23:01.600,ADA/USDT:USDT,0.8247,380.9,0.8246,709.2,0.8248,80.6,0.8249,905.7
1753503781700,04:23:01.700,ADA/USDT:USDT,0.8247,380.9,0.8246,709.2,0.8248,80.6,0.8249,784.1
1753503781800,04:23:01.800,ADA/USDT:USDT,0.8247,383.3,0.8246,709.2,0.8248,80.7,0.8249,784.1
1753503781900,04:23:01.900,ADA/USDT:USDT,0.8247,384.8,0.8246,709.2,0.8248,89.4,0.8249,814.3
1753503782000,04:23:02.000,ADA/USDT:USDT,0.8247,311.1,0.8246,696.6,0.8248,139.3,0.8249,883.4
1753503782100,04:23:02.100,ADA/USDT:USDT,0.8247,252.0,0.8246,696.6,0.8248,284.5,0.8249,887.3
1753503782200,04:23:02.200,ADA/USDT:USDT,0.8247,252.0,0.8246,702.7,0.8248,274.7,0.8249,887.0
1753503782300,04:23:02.300,ADA/USDT:USDT,0.8247,252.0,0.8246,706.3,0.8248,274.7,0.8249,887.0
1753503782400,04:23:02.400,ADA/USDT:USDT,0.8247,252.0,0.8246,716.6,0.8248,274.7,0.8249,887.0
1753503782500,04:23:02.500,ADA/USDT:USDT,0.8247,252.0,0.8246,716.6,0.8248,274.8,0.8249,887.0
1753503782600,04:23:02.600,ADA/USDT:USDT,0.8247,252.0,0.8246,716.6,0.8248,274.8,0.8249,887.0
1753503782700,04:23:02.700,ADA/USDT:USDT,0.8247,252.0,0.8246,716.6,0.8248,274.8,0.8249,887.0
1753503782800,04:23:02.800,ADA/USDT:USDT,0.8247,42.8,0.8246,472.7,0.8248,346.2,0.8249,889.9
1753503782900,04:23:02.900,ADA/USDT:USDT,0.8247,10.5,0.8246,471.5,0.8248,346.2,0.8249,889.9
1753503783000,04:23:03.000,ADA/USDT:USDT,0.8247,40.2,0.8246,471.5,0.8248,461.2,0.8249,889.9
1753503783100,04:23:03.100,ADA/USDT:USDT,0.8247,1.8,0.8246,300.8,0.8248,460.7,0.8249,894.7
1753503783200,04:23:03.200,ADA/USDT:USDT,0.8247,2.0,0.8246,300.8,0.8248,454.9,0.8249,894.7
1753503783300,04:23:03.300,ADA/USDT:USDT,0.8247,2.1,0.8246,311.1,0.8248,460.7,0.8249,895.9
1753503783400,04:23:03.400,ADA/USDT:USDT,0.8247,2.1,0.8246,311.1,0.8248,454.9,0.8249,908.6
1753503783500,04:23:03.500,ADA/USDT:USDT,0.8247,2.1,0.8246,300.8,0.8248,461.9,0.8249,912.2
1753503783600,04:23:03.600,ADA/USDT:USDT,0.8247,2.1,0.8246,300.8,0.8248,461.9,0.8249,917.0
1753503783700,04:23:03.700,ADA/USDT:USDT,0.8247,2.1,0.8246,300.8,0.8248,456.1,0.8249,917.0
1753503783800,04:23:03.800,ADA/USDT:USDT,0.8247,2.1,0.8246,300.8,0.8248,456.0,0.8249,917.0
1753503783900,04:23:03.900,ADA/USDT:USDT,0.8247,2.1,0.8246,290.5,0.8248,462.9,0.8249,918.2
1753503784000,04:23:04.000,ADA/USDT:USDT,0.8247,2.1,0.8246,290.5,0.8248,462.9,0.8249,923.0
1753503784100,04:23:04.100,ADA/USDT:USDT,0.8247,2.1,0.8246,262.8,0.8248,462.9,0.8249,925.4
1753503784200,04:23:04.200,ADA/USDT:USDT,0.8247,2.1,0.8246,262.8,0.8248,462.9,0.8249,925.4
1753503784300,04:23:04.300,ADA/USDT:USDT,0.8247,2.1,0.8246,210.5,0.8248,462.9,0.8249,925.4
1753503784400,04:23:04.400,ADA/USDT:USDT,0.8247,2.1,0.8246,210.5,0.8248,463.3,0.8249,926.6
1753503784500,04:23:04.500,ADA/USDT:USDT,0.8247,2.1,0.8246,210.5,0.8248,463.3,0.8249,926.6
1753503784600,04:23:04.600,ADA/USDT:USDT,0.8247,2.1,0.8246,210.5,0.8248,463.3,0.8249,933.8
1753503784700,04:23:04.700,ADA/USDT:USDT,0.8247,2.1,0.8246,134.7,0.8248,463.3,0.8249,933.8
1753503784900,04:23:04.900,ADA/USDT:USDT,0.8247,2.3,0.8246,134.7,0.8248,463.3,0.8249,935.0
1753503785000,04:23:05.000,ADA/USDT:USDT,0.8247,2.3,0.8246,249.7,0.8248,463.3,0.8249,947.6
1753503785100,04:23:05.100,ADA/USDT:USDT,0.8247,2.3,0.8246,134.7,0.8248,463.3,0.8249,947.6
1753503785200,04:23:05.200,ADA/USDT:USDT,0.8247,2.4,0.8246,134.7,0.8248,464.5,0.8249,947.6
1753503785300,04:23:05.300,ADA/USDT:USDT,0.8247,4.9,0.8246,134.7,0.8248,462.6,0.8249,947.9
1753503785400,04:23:05.400,ADA/USDT:USDT,0.8247,4.9,0.8246,134.7,0.8248,469.0,0.8249,952.7
1753503785500,04:23:05.500,ADA/USDT:USDT,0.8247,4.9,0.8246,134.7,0.8248,469.0,0.8249,952.7
1753503785600,04:23:05.600,ADA/USDT:USDT,0.8247,4.9,0.8246,134.7,0.8248,469.0,0.8249,952.7
1753503785700,04:23:05.700,ADA/USDT:USDT,0.8246,47.4,0.8245,326.4,0.8247,794.9,0.8248,575.2
1753503785800,04:23:05.800,ADA/USDT:USDT,0.8246,0.1,0.8245,240.2,0.8247,794.9,0.8248,580.9
1753503785900,04:23:05.900,ADA/USDT:USDT,0.8245,240.2,0.8244,501.2,0.8246,60.6,0.8247,794.9
1753503786000,04:23:06.000,ADA/USDT:USDT,0.8245,165.6,0.8244,501.2,0.8246,338.5,0.8247,719.0
1753503786100,04:23:06.100,ADA/USDT:USDT,0.8245,80.1,0.8244,271.5,0.8246,431.3,0.8247,716.9
1753503786200,04:23:06.200,ADA/USDT:USDT,0.8245,47.8,0.8244,271.5,0.8246,498.4,0.8247,716.9
1753503786300,04:23:06.300,ADA/USDT:USDT,0.8245,14.0,0.8244,271.5,0.8246,504.1,0.8247,716.9
1753503786400,04:23:06.400,ADA/USDT:USDT,0.8245,14.0,0.8244,231.5,0.8246,504.4,0.8247,716.9
1753503786500,04:23:06.500,ADA/USDT:USDT,0.8245,26.1,0.8244,231.5,0.8246,504.4,0.8247,716.9
1753503786600,04:23:06.600,ADA/USDT:USDT,0.8245,34.8,0.8244,231.5,0.8246,498.4,0.8247,716.6
1753503786700,04:23:06.700,ADA/USDT:USDT,0.8245,34.8,0.8244,231.5,0.8246,494.0,0.8247,716.7
1753503786800,04:23:06.800,ADA/USDT:USDT,0.8244,114.5,0.8243,316.0,0.8245,808.2,0.8246,877.5
1753503786900,04:23:06.900,ADA/USDT:USDT,0.8244,82.4,0.8243,313.6,0.8245,808.9,0.8246,764.1
1753503787000,04:23:07.000,ADA/USDT:USDT,0.8244,133.3,0.8243,283.4,0.8245,749.3,0.8246,764.1
1753503787100,04:23:07.100,ADA/USDT:USDT,0.8244,101.0,0.8243,283.4,0.8245,754.2,0.8246,762.9
1753503787200,04:23:07.200,ADA/USDT:USDT,0.8244,101.0,0.8243,283.4,0.8245,753.9,0.8246,762.9
1753503787300,04:23:07.300,ADA/USDT:USDT,0.8244,101.0,0.8243,289.5,0.8245,747.8,0.8246,762.9
1753503787500,04:23:07.500,ADA/USDT:USDT,0.8244,92.3,0.8243,321.3,0.8245,754.4,0.8246,762.9
1753503787600,04:23:07.600,ADA/USDT:USDT,0.8244,37.9,0.8243,271.1,0.8245,808.6,0.8246,762.9
1753503787700,04:23:07.700,ADA/USDT:USDT,0.8244,37.7,0.8243,271.1,0.8245,815.0,0.8246,762.9
1753503787800,04:23:07.800,ADA/USDT:USDT,0.8244,37.7,0.8243,271.1,0.8245,815.0,0.8246,762.9
1753503788000,04:23:08.000,ADA/USDT:USDT,0.8244,27.3,0.8243,299.3,0.8245,815.0,0.8246,764.1
1753503788100,04:23:08.100,ADA/USDT:USDT,0.8244,36.0,0.8243,299.3,0.8245,816.2,0.8246,764.1
1753503788200,04:23:08.200,ADA/USDT:USDT,0.8244,27.3,0.8243,299.3,0.8245,816.3,0.8246,764.1
1753503788300,04:23:08.300,ADA/USDT:USDT,0.8244,27.3,0.8243,299.3,0.8245,816.3,0.8246,764.1
1753503788400,04:23:08.400,ADA/USDT:USDT,0.8244,27.3,0.8243,72.5,0.8245,816.3,0.8246,818.2
1753503788500,04:23:08.500,ADA/USDT:USDT,0.8244,17.0,0.8243,82.8,0.8245,823.0,0.8246,822.4
1753503788600,04:23:08.600,ADA/USDT:USDT,0.8244,17.0,0.8243,230.1,0.8245,823.0,0.8246,823.6
1753503788700,04:23:08.700,ADA/USDT:USDT,0.8244,17.0,0.8243,230.1,0.8245,823.0,0.8246,824.8
1753503788800,04:23:08.800,ADA/USDT:USDT,0.8244,17.0,0.8243,230.1,0.8245,821.2,0.8246,824.8
1753503788900,04:23:08.900,ADA/USDT:USDT,0.8244,17.0,0.8243,261.5,0.8245,821.2,0.8246,824.8
1753503789000,04:23:09.000,ADA/USDT:USDT,0.8244,17.0,0.8243,261.5,0.8245,815.1,0.8246,824.8
1753503789100,04:23:09.100,ADA/USDT:USDT,0.8244,17.0,0.8243,261.5,0.8245,821.2,0.8246,823.6
1753503789200,04:23:09.200,ADA/USDT:USDT,0.8244,57.8,0.8243,411.5,0.8245,750.5,0.8246,770.0
1753503789300,04:23:09.300,ADA/USDT:USDT,0.8244,61.8,0.8243,435.6,0.8245,745.8,0.8246,779.8
1753503789400,04:23:09.400,ADA/USDT:USDT,0.8244,29.5,0.8243,367.5,0.8245,745.8,0.8246,780.1
1753503789500,04:23:09.500,ADA/USDT:USDT,0.8244,20.8,0.8243,281.5,0.8245,816.5,0.8246,782.5
1753503789600,04:23:09.600,ADA/USDT:USDT,0.8244,29.5,0.8243,281.5,0.8245,756.9,0.8246,782.5
1753503789700,04:23:09.700,ADA/USDT:USDT,0.8244,61.8,0.8243,367.5,0.8245,747.1,0.8246,782.5
1753503789800,04:23:09.800,ADA/USDT:USDT,0.8244,61.8,0.8243,367.5,0.8245,819.7,0.8246,709.7
1753503789900,04:23:09.900,ADA/USDT:USDT,0.8244,29.5,0.8243,367.5,0.8245,829.8,0.8246,709.7
1753503790000,04:23:10.000,ADA/USDT:USDT,0.8244,31.0,0.8243,301.5,0.8245,829.8,0.8246,709.7
1753503790100,04:23:10.100,ADA/USDT:USDT,0.8244,31.0,0.8243,301.5,0.8245,829.8,0.8246,721.8
1753503790200,04:23:10.200,ADA/USDT:USDT,0.8244,31.2,0.8243,301.5,0.8245,829.8,0.8246,721.8
1753503790300,04:23:10.300,ADA/USDT:USDT,0.8244,31.2,0.8243,301.5,0.8245,890.4,0.8246,721.8
1753503790500,04:23:10.500,ADA/USDT:USDT,0.8244,22.5,0.8243,301.5,0.8245,829.8,0.8246,721.8
1753503790600,04:23:10.600,ADA/USDT:USDT,0.8244,22.5,0.8243,301.5,0.8245,890.4,0.8246,721.8
1753503790700,04:23:10.700,ADA/USDT:USDT,0.8244,86.4,0.8243,387.5,0.8245,818.5,0.8246,721.5
1753503790800,04:23:10.800,ADA/USDT:USDT,0.8244,86.4,0.8243,427.8,0.8245,703.5,0.8246,722.2
1753503790900,04:23:10.900,ADA/USDT:USDT,0.8244,63.5,0.8243,387.5,0.8245,824.9,0.8246,722.2
1753503791000,04:23:11.000,ADA/USDT:USDT,0.8244,63.5,0.8243,387.5,0.8245,828.6,0.8246,722.2
1753503791100,04:23:11.100,ADA/USDT:USDT,0.8244,63.5,0.8243,387.5,0.8245,828.6,0.8246,722.2
1753503791200,04:23:11.200,ADA/USDT:USDT,0.8244,31.2,0.8243,387.5,0.8245,828.6,0.8246,721.9
1753503791300,04:23:11.300,ADA/USDT:USDT,0.8244,23.0,0.8243,387.5,0.8245,829.1,0.8246,759.8
1753503791400,04:23:11.400,ADA/USDT:USDT,0.8244,23.0,0.8243,387.5,0.8245,825.4,0.8246,759.8
1753503791500,04:23:11.500,ADA/USDT:USDT,0.8244,31.5,0.8243,301.5,0.8245,825.4,0.8246,764.6
1753503791600,04:23:11.600,ADA/USDT:USDT,0.8244,31.5,0.8243,301.5,0.8245,825.4,0.8246,764.6
1753503791700,04:23:11.700,ADA/USDT:USDT,0.8244,31.5,0.8243,301.5,0.8245,825.4,0.8246,764.6
1753503791800,04:23:11.800,ADA/USDT:USDT,0.8244,31.5,0.8243,301.5,0.8245,825.1,0.8246,764.6
1753503791900,04:23:11.900,ADA/USDT:USDT,0.8244,31.5,0.8243,301.5,0.8245,825.1,0.8246,764.6
1753503792000,04:23:12.000,ADA/USDT:USDT,0.8244,22.8,0.8243,261.5,0.8245,889.8,0.8246,769.8
1753503792100,04:23:12.100,ADA/USDT:USDT,0.8244,27.2,0.8243,261.5,0.8245,889.8,0.8246,772.2
1753503792200,04:23:12.200,ADA/USDT:USDT,0.8244,27.2,0.8243,261.5,0.8245,889.8,0.8246,772.2
1753503792300,04:23:12.300,ADA/USDT:USDT,0.8244,27.2,0.8243,261.5,0.8245,889.8,0.8246,774.6
1753503792400,04:23:12.400,ADA/USDT:USDT,0.8244,27.2,0.8243,261.5,0.8245,893.9,0.8246,774.6
1753503792500,04:23:12.500,ADA/USDT:USDT,0.8244,27.2,0.8243,261.5,0.8245,893.9,0.8246,775.8
1753503792600,04:23:12.600,ADA/USDT:USDT,0.8244,39.3,0.8243,261.5,0.8245,893.9,0.8246,775.8
1753503792700,04:23:12.700,ADA/USDT:USDT,0.8244,39.3,0.8243,261.5,0.8245,893.9,0.8246,775.8
1753503792800,04:23:12.800,ADA/USDT:USDT,0.8244,39.3,0.8243,261.5,0.8245,893.9,0.8246,775.8
1753503792900,04:23:12.900,ADA/USDT:USDT,0.8244,39.3,0.8243,261.5,0.8245,893.9,0.8246,775.8
1753503793000,04:23:13.000,ADA/USDT:USDT,0.8244,39.3,0.8243,261.5,0.8245,893.9,0.8246,775.8
1753503793100,04:23:13.100,ADA/USDT:USDT,0.8244,39.3,0.8243,261.5,0.8245,890.2,0.8246,775.8
1753503793200,04:23:13.200,ADA/USDT:USDT,0.8244,39.3,0.8243,261.5,0.8245,893.8,0.8246,775.8
1753503793300,04:23:13.300,ADA/USDT:USDT,0.8244,39.3,0.8243,261.5,0.8245,935.5,0.8246,775.8
1753503793400,04:23:13.400,ADA/USDT:USDT,0.8244,39.3,0.8243,261.5,0.8245,935.5,0.8246,775.8
1753503793500,04:23:13.500,ADA/USDT:USDT,0.8244,39.3,0.8243,261.5,0.8245,935.5,0.8246,775.8
1753503793600,04:23:13.600,ADA/USDT:USDT,0.8244,39.3,0.8243,261.5,0.8245,925.4,0.8246,775.8
1753503793700,04:23:13.700,ADA/USDT:USDT,0.8244,39.3,0.8243,146.5,0.8245,931.8,0.8246,775.8
1753503793800,04:23:13.800,ADA/USDT:USDT,0.8244,39.3,0.8243,114.2,0.8245,935.5,0.8246,780.6
1753503793900,04:23:13.900,ADA/USDT:USDT,0.8244,39.3,0.8243,229.2,0.8245,935.5,0.8246,780.2
1753503794000,04:23:14.000,ADA/USDT:USDT,0.8244,39.3,0.8243,229.2,0.8245,935.5,0.8246,780.2
1753503794100,04:23:14.100,ADA/USDT:USDT,0.8244,39.3,0.8243,229.2,0.8245,935.5,0.8246,780.2
1753503794200,04:23:14.200,ADA/USDT:USDT,0.8243,70.0,0.8242,324.8,0.8244,872.0,0.8245,1064.6
1753503794400,04:23:14.400,ADA/USDT:USDT,0.8243,21.4,0.8242,229.9,0.8244,872.0,0.8245,1064.5
1753503794500,04:23:14.500,ADA/USDT:USDT,0.8243,21.4,0.8242,229.9,0.8244,872.0,0.8245,1067.5
1753503794600,04:23:14.600,ADA/USDT:USDT,0.8243,30.1,0.8242,236.8,0.8244,860.9,0.8245,1071.7
1753503794700,04:23:14.700,ADA/USDT:USDT,0.8243,21.4,0.8242,229.9,0.8244,872.0,0.8245,1071.7
1753503794900,04:23:14.900,ADA/USDT:USDT,0.8243,21.4,0.8242,229.9,0.8244,872.0,0.8245,956.7
1753503795000,04:23:15.000,ADA/USDT:USDT,0.8243,21.4,0.8242,266.9,0.8244,860.9,0.8245,956.7
1753503795200,04:23:15.200,ADA/USDT:USDT,0.8243,62.6,0.8242,307.3,0.8244,801.5,0.8245,955.5
1753503795300,04:23:15.300,ADA/USDT:USDT,0.8243,63.9,0.8242,372.0,0.8244,917.6,0.8245,842.9
1753503795400,04:23:15.400,ADA/USDT:USDT,0.8243,63.9,0.8242,372.0,0.8244,924.2,0.8245,842.9
1753503795500,04:23:15.500,ADA/USDT:USDT,0.8243,63.9,0.8242,372.0,0.8244,924.5,0.8245,842.9
1753503795600,04:23:15.600,ADA/USDT:USDT,0.8243,22.9,0.8242,372.0,0.8244,992.1,0.8245,842.9
1753503795700,04:23:15.700,ADA/USDT:USDT,0.8243,22.9,0.8242,372.0,0.8244,985.2,0.8245,842.9
1753503795800,04:23:15.800,ADA/USDT:USDT,0.8243,19.8,0.8242,229.9,0.8244,992.1,0.8245,845.7
1753503795900,04:23:15.900,ADA/USDT:USDT,0.8243,19.8,0.8242,229.9,0.8244,992.1,0.8245,845.7
1753503796000,04:23:16.000,ADA/USDT:USDT,0.8243,28.5,0.8242,236.7,0.8244,985.2,0.8245,845.7
1753503796100,04:23:16.100,ADA/USDT:USDT,0.8243,28.5,0.8242,236.7,0.8244,986.4,0.8245,845.7
1753503796200,04:23:16.200,ADA/USDT:USDT,0.8243,60.8,0.8242,371.9,0.8244,926.0,0.8245,845.1
1753503796300,04:23:16.300,ADA/USDT:USDT,0.8243,169.5,0.8242,457.9,0.8244,923.8,0.8245,831.3
1753503796400,04:23:16.400,ADA/USDT:USDT,0.8243,286.0,0.8242,458.2,0.8244,292.2,0.8245,830.1
1753503796500,04:23:16.500,ADA/USDT:USDT,0.8243,279.2,0.8242,457.9,0.8244,270.2,0.8245,830.1
1753503796600,04:23:16.600,ADA/USDT:USDT,0.8243,279.2,0.8242,457.9,0.8244,270.2,0.8245,830.1
1753503796700,04:23:16.700,ADA/USDT:USDT,0.8243,279.2,0.8242,457.9,0.8244,279.0,0.8245,836.9
1753503796800,04:23:16.800,ADA/USDT:USDT,0.8243,394.2,0.8242,457.9,0.8244,279.0,0.8245,827.0
1753503796900,04:23:16.900,ADA/USDT:USDT,0.8243,401.1,0.8242,457.9,0.8244,279.0,0.8245,827.0
1753503797000,04:23:17.000,ADA/USDT:USDT,0.8243,401.1,0.8242,457.9,0.8244,279.0,0.8245,827.0
1753503797100,04:23:17.100,ADA/USDT:USDT,0.8243,401.1,0.8242,457.9,0.8244,279.0,0.8245,827.0
1753503797200,04:23:17.200,ADA/USDT:USDT,0.8243,401.1,0.8242,457.9,0.8244,279.0,0.8245,827.0
1753503797300,04:23:17.300,ADA/USDT:USDT,0.8243,402.1,0.8242,459.4,0.8244,183.6,0.8245,827.0
1753503797400,04:23:17.400,ADA/USDT:USDT,0.8243,402.1,0.8242,459.4,0.8244,183.6,0.8245,827.0
1753503797500,04:23:17.500,ADA/USDT:USDT,0.8243,402.1,0.8242,459.1,0.8244,183.6,0.8245,827.0
1753503797600,04:23:17.600,ADA/USDT:USDT,0.8243,402.1,0.8242,459.1,0.8244,185.8,0.8245,826.8
1753503797700,04:23:17.700,ADA/USDT:USDT,0.8243,402.1,0.8242,459.4,0.8244,185.8,0.8245,826.8
1753503797800,04:23:17.800,ADA/USDT:USDT,0.8243,402.1,0.8242,459.4,0.8244,183.8,0.8245,826.8
1753503797900,04:23:17.900,ADA/USDT:USDT,0.8243,402.1,0.8242,459.1,0.8244,158.9,0.8245,826.8
1753503798000,04:23:18.000,ADA/USDT:USDT,0.8243,402.1,0.8242,459.4,0.8244,158.9,0.8245,826.8
1753503798100,04:23:18.100,ADA/USDT:USDT,0.8243,402.1,0.8242,459.1,0.8244,158.9,0.8245,826.8
1753503798200,04:23:18.200,ADA/USDT:USDT,0.8243,402.1,0.8242,459.1,0.8244,158.9,0.8245,826.8
1753503798300,04:23:18.300,ADA/USDT:USDT,0.8243,403.3,0.8242,459.4,0.8244,126.6,0.8245,826.9
1753503798400,04:23:18.400,ADA/USDT:USDT,0.8243,403.4,0.8242,459.4,0.8244,158.9,0.8245,826.9
1753503798500,04:23:18.500,ADA/USDT:USDT,0.8243,403.4,0.8242,459.4,0.8244,126.6,0.8245,541.2
1753503798600,04:23:18.600,ADA/USDT:USDT,0.8243,403.3,0.8242,459.4,0.8244,126.6,0.8245,541.2
1753503798700,04:23:18.700,ADA/USDT:USDT,0.8243,403.4,0.8242,459.4,0.8244,126.6,0.8245,541.2
1753503798800,04:23:18.800,ADA/USDT:USDT,0.8243,403.4,0.8242,459.4,0.8244,126.6,0.8245,408.8
1753503798900,04:23:18.900,ADA/USDT:USDT,0.8243,408.2,0.8242,463.4,0.8244,126.6,0.8245,408.8
1753503799000,04:23:19.000,ADA/USDT:USDT,0.8243,334.2,0.8242,456.3,0.8244,126.6,0.8245,649.2
1753503799100,04:23:19.100,ADA/USDT:USDT,0.8243,394.9,0.8242,456.3,0.8244,126.6,0.8245,649.2
1753503799200,04:23:19.200,ADA/USDT:USDT,0.8243,405.3,0.8242,462.8,0.8244,126.6,0.8245,408.8
1753503799300,04:23:19.300,ADA/USDT:USDT,0.8243,418.0,0.8242,462.8,0.8244,126.3,0.8245,516.5
1753503799400,04:23:19.400,ADA/USDT:USDT,0.8243,418.0,0.8242,462.8,0.8244,126.3,0.8245,365.8
1753503799500,04:23:19.500,ADA/USDT:USDT,0.8243,418.0,0.8242,462.8,0.8244,126.3,0.8245,365.8
1753503799600,04:23:19.600,ADA/USDT:USDT,0.8243,418.0,0.8242,462.8,0.8244,126.3,0.8245,482.0
1753503799700,04:23:19.700,ADA/USDT:USDT,0.8243,454.6,0.8242,462.8,0.8244,126.3,0.8245,204.6
1753503799800,04:23:19.800,ADA/USDT:USDT,0.8243,454.6,0.8242,462.8,0.8244,126.3,0.8245,271.8
1753503799900,04:23:19.900,ADA/USDT:USDT,0.8243,454.6,0.8242,462.8,0.8244,126.3,0.8245,271.8
1753503800000,04:23:20.000,ADA/USDT:USDT,0.8243,390.0,0.8242,462.8,0.8244,126.3,0.8245,555.3
1753503800100,04:23:20.100,ADA/USDT:USDT,0.8243,389.2,0.8242,462.8,0.8244,126.3,0.8245,555.3
1753503800200,04:23:20.200,ADA/USDT:USDT,0.8243,344.8,0.8242,462.8,0.8244,126.3,0.8245,555.3
1753503800300,04:23:20.300,ADA/USDT:USDT,0.8243,345.0,0.8242,459.2,0.8244,126.3,0.8245,555.3
1753503800400,04:23:20.400,ADA/USDT:USDT,0.8243,351.5,0.8242,459.2,0.8244,126.3,0.8245,555.3
1753503800500,04:23:20.500,ADA/USDT:USDT,0.8243,355.4,0.8242,459.5,0.8244,126.3,0.8245,555.3
1753503800600,04:23:20.600,ADA/USDT:USDT,0.8243,345.0,0.8242,459.2,0.8244,126.3,0.8245,555.3
1753503800700,04:23:20.700,ADA/USDT:USDT,0.8243,417.2,0.8242,459.5,0.8244,126.3,0.8245,314.9
1753503800800,04:23:20.800,ADA/USDT:USDT,0.8243,417.2,0.8242,459.1,0.8244,126.3,0.8245,314.9
1753503800900,04:23:20.900,ADA/USDT:USDT,0.8243,417.2,0.8242,458.8,0.8244,126.3,0.8245,555.3
1753503801000,04:23:21.000,ADA/USDT:USDT,0.8243,410.7,0.8242,458.8,0.8244,126.3,0.8245,555.3
1753503801100,04:23:21.100,ADA/USDT:USDT,0.8243,345.1,0.8242,458.8,0.8244,146.9,0.8245,555.3
1753503801200,04:23:21.200,ADA/USDT:USDT,0.8243,345.1,0.8242,458.8,0.8244,144.9,0.8245,581.8
1753503801300,04:23:21.300,ADA/USDT:USDT,0.8243,345.1,0.8242,458.8,0.8244,176.9,0.8245,581.8
1753503801400,04:23:21.400,ADA/USDT:USDT,0.8243,345.1,0.8242,458.8,0.8244,170.0,0.8245,581.8
1753503801500,04:23:21.500,ADA/USDT:USDT,0.8243,345.1,0.8242,458.8,0.8244,177.4,0.8245,581.8
1753503801600,04:23:21.600,ADA/USDT:USDT,0.8243,345.0,0.8242,458.8,0.8244,165.3,0.8245,581.8
1753503801700,04:23:21.700,ADA/USDT:USDT,0.8243,418.2,0.8242,458.8,0.8244,158.8,0.8245,576.1
1753503801800,04:23:21.800,ADA/USDT:USDT,0.8243,418.2,0.8242,458.8,0.8244,158.8,0.8245,576.1
1753503801900,04:23:21.900,ADA/USDT:USDT,0.8243,357.5,0.8242,458.8,0.8244,158.8,0.8245,576.5
1753503802000,04:23:22.000,ADA/USDT:USDT,0.8243,357.5,0.8242,458.8,0.8244,126.5,0.8245,576.5
1753503802100,04:23:22.100,ADA/USDT:USDT,0.8243,357.5,0.8242,459.1,0.8244,126.5,0.8245,576.5
1753503802200,04:23:22.200,ADA/USDT:USDT,0.8243,357.5,0.8242,458.9,0.8244,126.5,0.8245,576.5
1753503802300,04:23:22.300,ADA/USDT:USDT,0.8243,357.5,0.8242,458.9,0.8244,126.5,0.8245,576.5
1753503802400,04:23:22.400,ADA/USDT:USDT,0.8243,357.5,0.8242,458.9,0.8244,126.5,0.8245,576.5
1753503802500,04:23:22.500,ADA/USDT:USDT,0.8243,356.9,0.8242,458.6,0.8244,127.1,0.8245,576.5
1753503802600,04:23:22.600,ADA/USDT:USDT,0.8243,358.0,0.8242,458.9,0.8244,127.1,0.8245,576.5
1753503802700,04:23:22.700,ADA/USDT:USDT,0.8243,358.0,0.8242,458.6,0.8244,127.1,0.8245,576.5
1753503802800,04:23:22.800,ADA/USDT:USDT,0.8243,358.0,0.8242,458.9,0.8244,127.1,0.8245,576.5
1753503802900,04:23:22.900,ADA/USDT:USDT,0.8243,347.9,0.8242,459.0,0.8244,127.1,0.8245,576.5
1753503803000,04:23:23.000,ADA/USDT:USDT,0.8243,418.7,0.8242,459.3,0.8244,127.1,0.8245,576.5
1753503803100,04:23:23.100,ADA/USDT:USDT,0.8243,351.7,0.8242,459.3,0.8244,127.1,0.8245,576.5
1753503803200,04:23:23.200,ADA/USDT:USDT,0.8243,418.7,0.8242,459.3,0.8244,127.1,0.8245,576.5
1753503803300,04:23:23.300,ADA/USDT:USDT,0.8243,419.7,0.8242,459.3,0.8244,126.5,0.8245,576.5
1753503803400,04:23:23.400,ADA/USDT:USDT,0.8243,419.7,0.8242,459.3,0.8244,126.5,0.8245,576.5
1753503803500,04:23:23.500,ADA/USDT:USDT,0.8243,419.7,0.8242,459.3,0.8244,126.5,0.8245,576.5
1753503803600,04:23:23.600,ADA/USDT:USDT,0.8243,419.7,0.8242,459.3,0.8244,126.5,0.8245,576.5
1753503803700,04:23:23.700,ADA/USDT:USDT,0.8243,419.7,0.8242,459.3,0.8244,158.8,0.8245,576.5
1753503803800,04:23:23.800,ADA/USDT:USDT,0.8243,355.6,0.8242,459.3,0.8244,158.8,0.8245,576.5
1753503803900,04:23:23.900,ADA/USDT:USDT,0.8243,416.3,0.8242,459.3,0.8244,158.8,0.8245,576.5
1753503804000,04:23:24.000,ADA/USDT:USDT,0.8243,412.5,0.8242,459.3,0.8244,158.8,0.8245,576.5
1753503804100,04:23:24.100,ADA/USDT:USDT,0.8243,345.5,0.8242,452.5,0.8244,167.5,0.8245,544.8
1753503804200,04:23:24.200,ADA/USDT:USDT,0.8243,188.6,0.8242,452.5,0.8244,251.2,0.8245,538.7
1753503804300,04:23:24.300,ADA/USDT:USDT,0.8243,188.7,0.8242,452.5,0.8244,251.2,0.8245,539.0
1753503804400,04:23:24.400,ADA/USDT:USDT,0.8243,188.7,0.8242,452.5,0.8244,251.2,0.8245,538.7
1753503804500,04:23:24.500,ADA/USDT:USDT,0.8243,188.7,0.8242,452.5,0.8244,251.3,0.8245,538.7
1753503804600,04:23:24.600,ADA/USDT:USDT,0.8243,188.6,0.8242,452.5,0.8244,366.3,0.8245,541.3
1753503804700,04:23:24.700,ADA/USDT:USDT,0.8243,303.6,0.8242,452.1,0.8244,370.3,0.8245,541.6
1753503804800,04:23:24.800,ADA/USDT:USDT,0.8243,192.3,0.8242,452.1,0.8244,366.3,0.8245,541.6
1753503804900,04:23:24.900,ADA/USDT:USDT,0.8243,183.3,0.8242,452.1,0.8244,364.5,0.8245,539.0
1753503805000,04:23:25.000,ADA/USDT:USDT,0.8243,183.5,0.8242,452.1,0.8244,357.0,0.8245,539.0
1753503805100,04:23:25.100,ADA/USDT:USDT,0.8243,183.5,0.8242,452.1,0.8244,348.3,0.8245,538.7
1753503805200,04:23:25.200,ADA/USDT:USDT,0.8243,205.0,0.8242,452.1,0.8244,348.3,0.8245,538.7
1753503805300,04:23:25.300,ADA/USDT:USDT,0.8243,204.7,0.8242,452.1,0.8244,348.2,0.8245,538.7
1753503805500,04:23:25.500,ADA/USDT:USDT,0.8243,234.2,0.8242,452.1,0.8244,200.0,0.8245,538.7
1753503805600,04:23:25.600,ADA/USDT:USDT,0.8243,228.3,0.8242,458.0,0.8244,207.3,0.8245,538.7
1753503805700,04:23:25.700,ADA/USDT:USDT,0.8243,343.3,0.8242,458.0,0.8244,322.3,0.8245,538.7
1753503805800,04:23:25.800,ADA/USDT:USDT,0.8243,404.0,0.8242,458.0,0.8244,161.9,0.8245,538.7
1753503805900,04:23:25.900,ADA/USDT:USDT,0.8243,410.9,0.8242,458.3,0.8244,123.3,0.8245,538.7
1753503806000,04:23:26.000,ADA/USDT:USDT,0.8243,410.9,0.8242,509.9,0.8244,123.3,0.8245,336.3
1753503806100,04:23:26.100,ADA/USDT:USDT,0.8243,410.9,0.8242,509.9,0.8244,123.3,0.8245,401.0
1753503806200,04:23:26.200,ADA/USDT:USDT,0.8243,225.7,0.8242,504.1,0.8244,155.6,0.8245,538.7
1753503806300,04:23:26.300,ADA/USDT:USDT,0.8243,229.3,0.8242,504.1,0.8244,155.6,0.8245,538.7
1753503806400,04:23:26.400,ADA/USDT:USDT,0.8243,235.3,0.8242,504.4,0.8244,155.6,0.8245,538.7
1753503806500,04:23:26.500,ADA/USDT:USDT,0.8243,235.2,0.8242,504.4,0.8244,123.3,0.8245,538.7
1753503806600,04:23:26.600,ADA/USDT:USDT,0.8243,235.2,0.8242,504.4,0.8244,123.3,0.8245,538.7
1753503806700,04:23:26.700,ADA/USDT:USDT,0.8243,350.2,0.8242,504.1,0.8244,238.2,0.8245,538.7
1753503806800,04:23:26.800,ADA/USDT:USDT,0.8243,235.3,0.8242,504.4,0.8244,238.2,0.8245,538.7
1753503807000,04:23:27.000,ADA/USDT:USDT,0.8243,235.3,0.8242,504.4,0.8244,238.2,0.8245,538.7
1753503807100,04:23:27.100,ADA/USDT:USDT,0.8243,235.2,0.8242,504.4,0.8244,238.2,0.8245,538.7
1753503807200,04:23:27.200,ADA/USDT:USDT,0.8243,235.2,0.8242,504.4,0.8244,238.2,0.8245,538.7
1753503807300,04:23:27.300,ADA/USDT:USDT,0.8243,235.2,0.8242,504.4,0.8244,123.2,0.8245,538.7
1753503807400,04:23:27.400,ADA/USDT:USDT,0.8243,350.2,0.8242,504.4,0.8244,123.1,0.8245,538.8
1753503807500,04:23:27.500,ADA/USDT:USDT,0.8243,352.6,0.8242,504.4,0.8244,123.1,0.8245,538.8
1753503807600,04:23:27.600,ADA/USDT:USDT,0.8243,352.6,0.8242,504.2,0.8244,123.2,0.8245,538.8
1753503807800,04:23:27.800,ADA/USDT:USDT,0.8243,413.3,0.8242,504.2,0.8244,123.2,0.8245,538.8
1753503807900,04:23:27.900,ADA/USDT:USDT,0.8243,350.2,0.8242,503.9,0.8244,123.2,0.8245,538.8
1753503808000,04:23:28.000,ADA/USDT:USDT,0.8243,344.3,0.8242,503.9,0.8244,123.2,0.8245,538.8
1753503808100,04:23:28.100,ADA/USDT:USDT,0.8243,340.7,0.8242,503.9,0.8244,155.5,0.8245,538.8
1753503808200,04:23:28.200,ADA/USDT:USDT,0.8243,225.7,0.8242,503.9,0.8244,155.5,0.8245,538.8
1753503808300,04:23:28.300,ADA/USDT:USDT,0.8243,224.7,0.8242,503.9,0.8244,155.5,0.8245,538.8
1753503808400,04:23:28.400,ADA/USDT:USDT,0.8243,228.1,0.8242,503.9,0.8244,155.5,0.8245,538.8
1753503808500,04:23:28.500,ADA/USDT:USDT,0.8243,228.1,0.8242,503.9,0.8244,155.5,0.8245,538.8
1753503808600,04:23:28.600,ADA/USDT:USDT,0.8243,228.0,0.8242,503.9,0.8244,155.5,0.8245,538.8
1753503808700,04:23:28.700,ADA/USDT:USDT,0.8243,351.0,0.8242,504.2,0.8244,155.5,0.8245,538.8
1753503808800,04:23:28.800,ADA/USDT:USDT,0.8243,351.0,0.8242,505.0,0.8244,155.4,0.8245,538.8
1753503808900,04:23:28.900,ADA/USDT:USDT,0.8243,350.9,0.8242,505.0,0.8244,123.1,0.8245,538.8
1753503809000,04:23:29.000,ADA/USDT:USDT,0.8243,350.9,0.8242,505.0,0.8244,123.1,0.8245,538.8
1753503809100,04:23:29.100,ADA/USDT:USDT,0.8243,349.9,0.8242,504.7,0.8244,155.4,0.8245,538.8
1753503809200,04:23:29.200,ADA/USDT:USDT,0.8243,350.9,0.8242,505.0,0.8244,155.3,0.8245,538.8
1753503809300,04:23:29.300,ADA/USDT:USDT,0.8243,350.9,0.8242,505.9,0.8244,155.3,0.8245,538.8
1753503809400,04:23:29.400,ADA/USDT:USDT,0.8243,341.8,0.8242,505.9,0.8244,155.3,0.8245,538.8
1753503809500,04:23:29.500,ADA/USDT:USDT,0.8243,341.8,0.8242,505.9,0.8244,155.3,0.8245,538.8
1753503809600,04:23:29.600,ADA/USDT:USDT,0.8243,350.7,0.8242,505.9,0.8244,155.3,0.8245,538.8
1753503809700,04:23:29.700,ADA/USDT:USDT,0.8243,345.1,0.8242,505.9,0.8244,155.3,0.8245,538.8
1753503809800,04:23:29.800,ADA/USDT:USDT,0.8243,231.4,0.8242,505.9,0.8244,175.3,0.8245,538.8
1753503809900,04:23:29.900,ADA/USDT:USDT,0.8243,224.8,0.8242,505.9,0.8244,175.3,0.8245,538.8
1753503810000,04:23:30.000,ADA/USDT:USDT,0.8243,224.6,0.8242,505.9,0.8244,206.3,0.8245,538.8
1753503810300,04:23:30.300,ADA/USDT:USDT,0.8243,203.2,0.8242,454.3,0.8244,205.0,0.8245,538.8
1753503810400,04:23:30.400,ADA/USDT:USDT,0.8243,203.2,0.8242,454.3,0.8244,205.0,0.8245,538.8
1753503810500,04:23:30.500,ADA/USDT:USDT,0.8243,204.6,0.8242,454.3,0.8244,213.2,0.8245,536.3
1753503810600,04:23:30.600,ADA/USDT:USDT,0.8243,168.7,0.8242,454.3,0.8244,233.3,0.8245,536.3
1753503810700,04:23:30.700,ADA/USDT:USDT,0.8243,172.4,0.8242,454.3,0.8244,348.3,0.8245,536.3
1753503810900,04:23:30.900,ADA/USDT:USDT,0.8243,172.3,0.8242,454.3,0.8244,339.5,0.8245,536.3
1753503811000,04:23:31.000,ADA/USDT:USDT,0.8243,172.3,0.8242,454.3,0.8244,348.3,0.8245,536.3
1753503811100,04:23:31.100,ADA/USDT:USDT,0.8243,172.3,0.8242,454.3,0.8244,339.1,0.8245,536.3
1753503811200,04:23:31.200,ADA/USDT:USDT,0.8243,193.4,0.8242,454.3,0.8244,344.7,0.8245,536.3
1753503811300,04:23:31.300,ADA/USDT:USDT,0.8243,192.2,0.8242,451.9,0.8244,344.7,0.8245,536.3
1753503811400,04:23:31.400,ADA/USDT:USDT,0.8243,192.2,0.8242,451.9,0.8244,344.7,0.8245,536.3
1753503811600,04:23:31.600,ADA/USDT:USDT,0.8243,192.2,0.8242,452.3,0.8244,325.0,0.8245,536.3
1753503811700,04:23:31.700,ADA/USDT:USDT,0.8243,192.2,0.8242,452.3,0.8244,333.9,0.8245,536.3
1753503811800,04:23:31.800,ADA/USDT:USDT,0.8243,192.2,0.8242,452.3,0.8244,330.7,0.8245,536.3
1753503811900,04:23:31.900,ADA/USDT:USDT,0.8243,192.2,0.8242,452.3,0.8244,330.4,0.8245,536.3
1753503812100,04:23:32.100,ADA/USDT:USDT,0.8243,192.2,0.8242,452.3,0.8244,307.9,0.8245,536.3
1753503812200,04:23:32.200,ADA/USDT:USDT,0.8243,239.9,0.8242,452.3,0.8244,144.3,0.8245,536.0
1753503812300,04:23:32.300,ADA/USDT:USDT,0.8243,234.6,0.8242,452.3,0.8244,173.6,0.8245,536.0
1753503812400,04:23:32.400,ADA/USDT:USDT,0.8243,234.6,0.8242,452.3,0.8244,186.0,0.8245,536.0
1753503812500,04:23:32.500,ADA/USDT:USDT,0.8243,230.4,0.8242,452.3,0.8244,223.7,0.8245,536.3
1753503812600,04:23:32.600,ADA/USDT:USDT,0.8243,230.4,0.8242,452.3,0.8244,223.7,0.8245,536.3
1753503812700,04:23:32.700,ADA/USDT:USDT,0.8243,230.4,0.8242,452.3,0.8244,338.7,0.8245,536.3
1753503812800,04:23:32.800,ADA/USDT:USDT,0.8243,230.4,0.8242,452.3,0.8244,339.0,0.8245,537.1
1753503812900,04:23:32.900,ADA/USDT:USDT,0.8243,230.4,0.8242,453.7,0.8244,338.7,0.8245,537.1
1753503813000,04:23:33.000,ADA/USDT:USDT,0.8243,212.3,0.8242,453.7,0.8244,339.0,0.8245,537.1
1753503813100,04:23:33.100,ADA/USDT:USDT,0.8243,212.3,0.8242,453.7,0.8244,338.5,0.8245,537.1
1753503813200,04:23:33.200,ADA/USDT:USDT,0.8243,212.3,0.8242,453.7,0.8244,342.0,0.8245,537.1
1753503813300,04:23:33.300,ADA/USDT:USDT,0.8243,212.3,0.8242,453.7,0.8244,338.8,0.8245,537.1
1753503813400,04:23:33.400,ADA/USDT:USDT,0.8243,211.8,0.8242,453.7,0.8244,340.5,0.8245,537.1
1753503813600,04:23:33.600,ADA/USDT:USDT,0.8243,211.8,0.8242,453.7,0.8244,340.2,0.8245,537.1
1753503813900,04:23:33.900,ADA/USDT:USDT,0.8243,211.8,0.8242,453.7,0.8244,340.2,0.8245,537.1
1753503814000,04:23:34.000,ADA/USDT:USDT,0.8243,211.8,0.8242,453.7,0.8244,340.2,0.8245,537.1
1753503814100,04:23:34.100,ADA/USDT:USDT,0.8243,211.8,0.8242,453.7,0.8244,340.2,0.8245,536.8
1753503814200,04:23:34.200,ADA/USDT:USDT,0.8243,211.8,0.8242,453.7,0.8244,340.2,0.8245,536.8
1753503814300,04:23:34.300,ADA/USDT:USDT,0.8243,211.8,0.8242,453.7,0.8244,340.4,0.8245,537.1
1753503814400,04:23:34.400,ADA/USDT:USDT,0.8243,211.9,0.8242,453.7,0.8244,338.9,0.8245,537.1
1753503814500,04:23:34.500,ADA/USDT:USDT,0.8243,211.8,0.8242,453.7,0.8244,340.8,0.8245,537.1
1753503814600,04:23:34.600,ADA/USDT:USDT,0.8243,211.8,0.8242,453.7,0.8244,340.8,0.8245,537.1
1753503814700,04:23:34.700,ADA/USDT:USDT,0.8243,326.8,0.8242,453.7,0.8244,340.8,0.8245,536.8
1753503814800,04:23:34.800,ADA/USDT:USDT,0.8243,326.9,0.8242,453.7,0.8244,340.8,0.8245,536.8
1753503814900,04:23:34.900,ADA/USDT:USDT,0.8243,326.6,0.8242,453.3,0.8244,339.8,0.8245,536.8
1753503815000,04:23:35.000,ADA/USDT:USDT,0.8243,326.6,0.8242,453.3,0.8244,224.8,0.8245,536.8
1753503815100,04:23:35.100,ADA/USDT:USDT,0.8243,337.3,0.8242,453.6,0.8244,219.4,0.8245,536.8
1753503815200,04:23:35.200,ADA/USDT:USDT,0.8243,337.3,0.8242,454.0,0.8244,219.3,0.8245,536.8
1753503815300,04:23:35.300,ADA/USDT:USDT,0.8243,337.2,0.8242,454.0,0.8244,219.3,0.8245,536.8
1753503815400,04:23:35.400,ADA/USDT:USDT,0.8243,337.2,0.8242,454.0,0.8244,220.2,0.8245,536.8
1753503815500,04:23:35.500,ADA/USDT:USDT,0.8243,332.1,0.8242,454.0,0.8244,220.2,0.8245,536.8
1753503815600,04:23:35.600,ADA/USDT:USDT,0.8243,337.2,0.8242,454.0,0.8244,220.2,0.8245,536.8
1753503815700,04:23:35.700,ADA/USDT:USDT,0.8243,222.2,0.8242,453.7,0.8244,220.3,0.8245,536.8
1753503815800,04:23:35.800,ADA/USDT:USDT,0.8243,214.9,0.8242,453.7,0.8244,220.3,0.8245,536.8
1753503816000,04:23:36.000,ADA/USDT:USDT,0.8243,211.8,0.8242,453.7,0.8244,225.4,0.8245,536.8
1753503816100,04:23:36.100,ADA/USDT:USDT,0.8243,211.8,0.8242,453.7,0.8244,226.9,0.8245,537.1
1753503816200,04:23:36.200,ADA/USDT:USDT,0.8243,211.8,0.8242,453.7,0.8244,219.4,0.8245,537.1
1753503816300,04:23:36.300,ADA/USDT:USDT,0.8243,211.8,0.8242,453.7,0.8244,227.0,0.8245,537.1
1753503816400,04:23:36.400,ADA/USDT:USDT,0.8243,211.8,0.8242,453.7,0.8244,227.0,0.8245,536.8
1753503816500,04:23:36.500,ADA/USDT:USDT,0.8243,211.8,0.8242,453.7,0.8244,227.0,0.8245,536.8
1753503816600,04:23:36.600,ADA/USDT:USDT,0.8243,211.7,0.8242,453.7,0.8244,342.0,0.8245,536.8
1753503816700,04:23:36.700,ADA/USDT:USDT,0.8243,213.0,0.8242,453.7,0.8244,342.0,0.8245,536.8
1753503816800,04:23:36.800,ADA/USDT:USDT,0.8243,216.1,0.8242,453.7,0.8244,336.8,0.8245,536.8
1753503816900,04:23:36.900,ADA/USDT:USDT,0.8243,216.1,0.8242,479.9,0.8244,221.8,0.8245,536.8
1753503817000,04:23:37.000,ADA/USDT:USDT,0.8243,227.1,0.8242,479.9,0.8244,221.9,0.8245,536.8
1753503817100,04:23:37.100,ADA/USDT:USDT,0.8243,228.1,0.8242,480.2,0.8244,201.3,0.8245,334.3
1753503817200,04:23:37.200,ADA/USDT:USDT,0.8243,228.1,0.8242,480.2,0.8244,199.3,0.8245,536.7
1753503817300,04:23:37.300,ADA/USDT:USDT,0.8243,227.0,0.8242,480.2,0.8244,190.6,0.8245,536.7
1753503817400,04:23:37.400,ADA/USDT:USDT,0.8243,227.0,0.8242,480.2,0.8244,168.1,0.8245,536.7
1753503817500,04:23:37.500,ADA/USDT:USDT,0.8243,227.0,0.8242,480.2,0.8244,168.1,0.8245,536.7
1753503817600,04:23:37.600,ADA/USDT:USDT,0.8243,227.0,0.8242,480.2,0.8244,159.4,0.8245,536.7
1753503817800,04:23:37.800,ADA/USDT:USDT,0.8243,227.0,0.8242,480.2,0.8244,159.4,0.8245,536.7
1753503817900,04:23:37.900,ADA/USDT:USDT,0.8243,227.0,0.8242,480.2,0.8244,159.4,0.8245,536.7
1753503818000,04:23:38.000,ADA/USDT:USDT,0.8243,227.0,0.8242,479.9,0.8244,159.4,0.8245,536.7
1753503818100,04:23:38.100,ADA/USDT:USDT,0.8243,226.0,0.8242,479.9,0.8244,200.2,0.8245,536.7
1753503818200,04:23:38.200,ADA/USDT:USDT,0.8243,226.1,0.8242,479.9,0.8244,222.2,0.8245,537.0
1753503818300,04:23:38.300,ADA/USDT:USDT,0.8243,226.1,0.8242,479.8,0.8244,227.2,0.8245,537.6
1753503818400,04:23:38.400,ADA/USDT:USDT,0.8243,226.1,0.8242,479.8,0.8244,236.9,0.8245,537.3
1753503818500,04:23:38.500,ADA/USDT:USDT,0.8243,226.1,0.8242,479.4,0.8244,236.9,0.8245,537.3
1753503818600,04:23:38.600,ADA/USDT:USDT,0.8243,226.1,0.8242,479.4,0.8244,236.9,0.8245,537.3
1753503818700,04:23:38.700,ADA/USDT:USDT,0.8243,226.1,0.8242,479.4,0.8244,236.9,0.8245,537.3
1753503818900,04:23:38.900,ADA/USDT:USDT,0.8243,227.3,0.8242,479.4,0.8244,236.9,0.8245,537.3
1753503819000,04:23:39.000,ADA/USDT:USDT,0.8243,217.0,0.8242,489.7,0.8244,236.9,0.8245,537.3
1753503819100,04:23:39.100,ADA/USDT:USDT,0.8243,217.0,0.8242,489.7,0.8244,236.8,0.8245,537.3
1753503819200,04:23:39.200,ADA/USDT:USDT,0.8243,220.0,0.8242,489.7,0.8244,231.8,0.8245,537.3
1753503819300,04:23:39.300,ADA/USDT:USDT,0.8243,222.3,0.8242,489.7,0.8244,230.6,0.8245,537.3
1753503819400,04:23:39.400,ADA/USDT:USDT,0.8243,222.3,0.8242,489.7,0.8244,230.2,0.8245,537.3
1753503819500,04:23:39.500,ADA/USDT:USDT,0.8243,219.3,0.8242,489.7,0.8244,232.2,0.8245,537.3
1753503819600,04:23:39.600,ADA/USDT:USDT,0.8243,219.3,0.8242,490.1,0.8244,237.2,0.8245,537.3
1753503820000,04:23:40.000,ADA/USDT:USDT,0.8243,220.7,0.8242,490.1,0.8244,237.2,0.8245,537.3
1753503820100,04:23:40.100,ADA/USDT:USDT,0.8243,204.3,0.8242,490.1,0.8244,237.2,0.8245,537.3
1753503820200,04:23:40.200,ADA/USDT:USDT,0.8243,207.6,0.8242,488.9,0.8244,237.2,0.8245,537.3
1753503820300,04:23:40.300,ADA/USDT:USDT,0.8243,321.7,0.8242,488.8,0.8244,138.6,0.8245,142.4
1753503820500,04:23:40.500,ADA/USDT:USDT,0.8243,315.8,0.8242,491.2,0.8244,137.2,0.8245,370.6
1753503820600,04:23:40.600,ADA/USDT:USDT,0.8243,320.8,0.8242,491.2,0.8244,137.2,0.8245,370.6
1753503820700,04:23:40.700,ADA/USDT:USDT,0.8243,260.1,0.8242,494.9,0.8244,137.1,0.8245,370.6
1753503820800,04:23:40.800,ADA/USDT:USDT,0.8243,259.7,0.8242,494.6,0.8244,137.1,0.8245,529.8
1753503820900,04:23:40.900,ADA/USDT:USDT,0.8243,259.6,0.8242,492.2,0.8244,169.4,0.8245,1129.7
1753503821000,04:23:41.000,ADA/USDT:USDT,0.8243,254.7,0.8242,492.2,0.8244,169.4,0.8245,1129.7
1753503821100,04:23:41.100,ADA/USDT:USDT,0.8243,254.7,0.8242,493.4,0.8244,169.4,0.8245,1129.7
1753503821200,04:23:41.200,ADA/USDT:USDT,0.8243,259.6,0.8242,493.4,0.8244,169.4,0.8245,1129.7
1753503821300,04:23:41.300,ADA/USDT:USDT,0.8243,259.6,0.8242,493.4,0.8244,169.4,0.8245,1129.7
1753503821400,04:23:41.400,ADA/USDT:USDT,0.8243,255.0,0.8242,493.4,0.8244,166.2,0.8245,1129.7
1753503821500,04:23:41.500,ADA/USDT:USDT,0.8243,259.9,0.8242,493.4,0.8244,166.3,0.8245,1129.7
1753503821600,04:23:41.600,ADA/USDT:USDT,0.8243,259.9,0.8242,493.4,0.8244,166.3,0.8245,1129.7
1753503821700,04:23:41.700,ADA/USDT:USDT,0.8243,259.9,0.8242,493.7,0.8244,166.3,0.8245,1129.7
1753503821800,04:23:41.800,ADA/USDT:USDT,0.8243,255.0,0.8242,493.4,0.8244,166.3,0.8245,1129.7
1753503821900,04:23:41.900,ADA/USDT:USDT,0.8243,255.0,0.8242,493.4,0.8244,166.3,0.8245,1129.7
1753503822000,04:23:42.000,ADA/USDT:USDT,0.8243,252.1,0.8242,493.4,0.8244,171.2,0.8245,1129.7
1753503822100,04:23:42.100,ADA/USDT:USDT,0.8243,256.2,0.8242,493.4,0.8244,166.3,0.8245,1129.7
1753503822200,04:23:42.200,ADA/USDT:USDT,0.8243,256.2,0.8242,493.8,0.8244,166.3,0.8245,1129.7
1753503822300,04:23:42.300,ADA/USDT:USDT,0.8243,256.2,0.8242,493.4,0.8244,166.3,0.8245,1129.7
1753503822400,04:23:42.400,ADA/USDT:USDT,0.8243,256.1,0.8242,493.4,0.8244,166.3,0.8245,1129.7
1753503822500,04:23:42.500,ADA/USDT:USDT,0.8243,321.7,0.8242,497.3,0.8244,134.0,0.8245,742.1
1753503822600,04:23:42.600,ADA/USDT:USDT,0.8244,700.1,0.8243,605.8,0.8245,602.9,0.8246,350.3
1753503822700,04:23:42.700,ADA/USDT:USDT,0.8246,430.0,0.8245,1042.5,0.8247,256.6,0.8248,316.2
1753503822800,04:23:42.800,ADA/USDT:USDT,0.8246,7.5,0.8245,857.7,0.8247,428.1,0.8248,315.0
1753503822900,04:23:42.900,ADA/USDT:USDT,0.8246,7.5,0.8245,616.4,0.8247,428.1,0.8248,350.6
1753503823000,04:23:43.000,ADA/USDT:USDT,0.8246,32.4,0.8245,616.4,0.8247,439.7,0.8248,350.6
1753503823100,04:23:43.100,ADA/USDT:USDT,0.8246,4.9,0.8245,447.5,0.8247,439.6,0.8248,354.1
1753503823200,04:23:43.200,ADA/USDT:USDT,0.8246,5.3,0.8245,215.4,0.8247,439.5,0.8248,409.8
1753503823300,04:23:43.300,ADA/USDT:USDT,0.8246,5.3,0.8245,258.0,0.8247,428.3,0.8248,422.4
1753503823400,04:23:43.400,ADA/USDT:USDT,0.8246,7.5,0.8245,221.4,0.8247,430.5,0.8248,422.4
1753503823500,04:23:43.500,ADA/USDT:USDT,0.8246,7.5,0.8245,221.4,0.8247,442.5,0.8248,423.6
1753503823600,04:23:43.600,ADA/USDT:USDT,0.8246,7.5,0.8245,221.4,0.8247,431.4,0.8248,423.3
1753503823700,04:23:43.700,ADA/USDT:USDT,0.8246,5.0,0.8245,221.4,0.8247,442.1,0.8248,423.7
1753503823800,04:23:43.800,ADA/USDT:USDT,0.8246,5.0,0.8245,221.4,0.8247,460.1,0.8248,425.1
1753503823900,04:23:43.900,ADA/USDT:USDT,0.8246,16.9,0.8245,221.4,0.8247,449.7,0.8248,429.9
1753503824000,04:23:44.000,ADA/USDT:USDT,0.8246,7.5,0.8245,221.4,0.8247,449.7,0.8248,428.7
1753503824100,04:23:44.100,ADA/USDT:USDT,0.8246,7.5,0.8245,221.4,0.8247,449.7,0.8248,428.7
1753503824200,04:23:44.200,ADA/USDT:USDT,0.8246,5.1,0.8245,221.4,0.8247,447.9,0.8248,425.1
1753503824300,04:23:44.300,ADA/USDT:USDT,0.8246,5.1,0.8245,221.4,0.8247,447.9,0.8248,426.3
1753503824400,04:23:44.400,ADA/USDT:USDT,0.8246,5.1,0.8245,221.4,0.8247,447.9,0.8248,426.3
1753503824500,04:23:44.500,ADA/USDT:USDT,0.8246,2.7,0.8245,221.4,0.8247,447.9,0.8248,426.3
1753503824600,04:23:44.600,ADA/USDT:USDT,0.8246,2.7,0.8245,221.5,0.8247,447.9,0.8248,426.3
1753503824700,04:23:44.700,ADA/USDT:USDT,0.8246,2.7,0.8245,221.5,0.8247,447.9,0.8248,428.7
1753503824800,04:23:44.800,ADA/USDT:USDT,0.8246,2.7,0.8245,221.5,0.8247,447.8,0.8248,428.7
1753503824900,04:23:44.900,ADA/USDT:USDT,0.8246,4.1,0.8245,221.5,0.8247,428.5,0.8248,434.6
1753503825000,04:23:45.000,ADA/USDT:USDT,0.8246,76.1,0.8245,248.2,0.8247,428.5,0.8248,417.6
1753503825100,04:23:45.100,ADA/USDT:USDT,0.8245,332.2,0.8244,749.2,0.8246,677.7,0.8247,654.9
1753503825200,04:23:45.200,ADA/USDT:USDT,0.8245,352.2,0.8244,749.5,0.8246,677.7,0.8247,654.9
1753503825300,04:23:45.300,ADA/USDT:USDT,0.8245,336.3,0.8244,749.2,0.8246,686.3,0.8247,653.7
1753503825400,04:23:45.400,ADA/USDT:USDT,0.8245,326.4,0.8244,749.2,0.8246,686.3,0.8247,677.1
1753503825500,04:23:45.500,ADA/USDT:USDT,0.8245,335.6,0.8244,749.2,0.8246,686.3,0.8247,553.3
1753503825600,04:23:45.600,ADA/USDT:USDT,0.8245,193.6,0.8244,732.7,0.8246,700.9,0.8247,562.0
1753503825700,04:23:45.700,ADA/USDT:USDT,0.8245,202.4,0.8244,747.3,0.8246,686.3,0.8247,538.6
1753503825800,04:23:45.800,ADA/USDT:USDT,0.8245,202.4,0.8244,747.3,0.8246,686.3,0.8247,628.9
1753503825900,04:23:45.900,ADA/USDT:USDT,0.8245,202.4,0.8244,747.7,0.8246,686.3,0.8247,620.1
1753503826000,04:23:46.000,ADA/USDT:USDT,0.8245,205.8,0.8244,748.0,0.8246,261.3,0.8247,605.5
1753503826100,04:23:46.100,ADA/USDT:USDT,0.8245,205.8,0.8244,748.0,0.8246,261.3,0.8247,620.1
1753503826200,04:23:46.200,ADA/USDT:USDT,0.8245,205.9,0.8244,747.6,0.8246,261.3,0.8247,620.1
1753503826300,04:23:46.300,ADA/USDT:USDT,0.8245,331.0,0.8244,747.6,0.8246,28.9,0.8247,605.5
1753503826400,04:23:46.400,ADA/USDT:USDT,0.8245,331.0,0.8244,747.6,0.8246,8.9,0.8247,322.2
1753503826500,04:23:46.500,ADA/USDT:USDT,0.8246,117.4,0.8245,647.9,0.8247,285.3,0.8248,803.4
1753503826600,04:23:46.600,ADA/USDT:USDT,0.8246,140.8,0.8245,662.2,0.8247,306.6,0.8248,803.6
1753503826700,04:23:46.700,ADA/USDT:USDT,0.8246,140.8,0.8245,666.3,0.8247,306.1,0.8248,803.6
1753503826800,04:23:46.800,ADA/USDT:USDT,0.8246,140.8,0.8245,666.3,0.8247,306.1,0.8248,803.6
1753503826900,04:23:46.900,ADA/USDT:USDT,0.8246,157.2,0.8245,666.6,0.8247,307.7,0.8248,803.6
1753503827000,04:23:47.000,ADA/USDT:USDT,0.8246,157.2,0.8245,662.2,0.8247,307.7,0.8248,803.6
1753503827100,04:23:47.100,ADA/USDT:USDT,0.8246,157.2,0.8245,647.6,0.8247,307.8,0.8248,803.1
1753503827200,04:23:47.200,ADA/USDT:USDT,0.8246,161.6,0.8245,638.8,0.8247,307.8,0.8248,803.1
1753503827300,04:23:47.300,ADA/USDT:USDT,0.8246,139.7,0.8245,638.8,0.8247,307.8,0.8248,803.1
1753503827400,04:23:47.400,ADA/USDT:USDT,0.8246,139.7,0.8245,638.7,0.8247,323.5,0.8248,803.1
1753503827500,04:23:47.500,ADA/USDT:USDT,0.8246,139.7,0.8245,638.7,0.8247,309.4,0.8248,803.1
1753503827600,04:23:47.600,ADA/USDT:USDT,0.8246,139.7,0.8245,638.7,0.8247,323.5,0.8248,803.1
1753503827700,04:23:47.700,ADA/USDT:USDT,0.8246,148.4,0.8245,638.7,0.8247,309.5,0.8248,803.1
1753503827800,04:23:47.800,ADA/USDT:USDT,0.8246,148.4,0.8245,638.7,0.8247,323.6,0.8248,803.1
1753503827900,04:23:47.900,ADA/USDT:USDT,0.8246,156.8,0.8245,652.8,0.8247,309.5,0.8248,803.1
1753503828000,04:23:48.000,ADA/USDT:USDT,0.8246,116.5,0.8245,638.7,0.8247,323.6,0.8248,803.1
1753503828100,04:23:48.100,ADA/USDT:USDT,0.8246,47.5,0.8245,331.9,0.8247,393.6,0.8248,804.6
1753503828200,04:23:48.200,ADA/USDT:USDT,0.8246,47.5,0.8245,331.9,0.8247,393.2,0.8248,804.6
1753503828300,04:23:48.300,ADA/USDT:USDT,0.8246,33.7,0.8245,331.9,0.8247,393.2,0.8248,804.6
1753503828400,04:23:48.400,ADA/USDT:USDT,0.8246,33.7,0.8245,331.9,0.8247,393.3,0.8248,804.6
1753503828500,04:23:48.500,ADA/USDT:USDT,0.8246,33.7,0.8245,331.9,0.8247,393.3,0.8248,804.6
1753503828600,04:23:48.600,ADA/USDT:USDT,0.8246,0.1,0.8245,245.9,0.8247,394.5,0.8248,809.8
1753503828700,04:23:48.700,ADA/USDT:USDT,0.8245,126.2,0.8244,643.9,0.8246,731.5,0.8247,783.7
1753503828800,04:23:48.800,ADA/USDT:USDT,0.8245,126.2,0.8244,643.9,0.8246,731.5,0.8247,783.7
1753503828900,04:23:48.900,ADA/USDT:USDT,0.8245,126.2,0.8244,643.9,0.8246,731.5,0.8247,783.6
1753503829000,04:23:49.000,ADA/USDT:USDT,0.8245,134.9,0.8244,643.9,0.8246,731.5,0.8247,784.5
1753503829100,04:23:49.100,ADA/USDT:USDT,0.8245,134.9,0.8244,643.9,0.8246,709.9,0.8247,775.1
1753503829200,04:23:49.200,ADA/USDT:USDT,0.8244,106.8,0.8243,462.8,0.8245,789.2,0.8246,863.7
1753503829300,04:23:49.300,ADA/USDT:USDT,0.8244,85.5,0.8243,406.9,0.8245,788.3,0.8246,936.9
1753503829400,04:23:49.400,ADA/USDT:USDT,0.8244,60.4,0.8243,409.3,0.8245,719.2,0.8246,937.7
1753503829500,04:23:49.500,ADA/USDT:USDT,0.8244,155.7,0.8243,548.5,0.8245,704.7,0.8246,762.6
1753503829600,04:23:49.600,ADA/USDT:USDT,0.8244,195.7,0.8243,577.1,0.8245,282.8,0.8246,754.6
1753503829700,04:23:49.700,ADA/USDT:USDT,0.8244,216.5,0.8243,577.4,0.8245,282.8,0.8246,740.2
1753503829800,04:23:49.800,ADA/USDT:USDT,0.8244,207.8,0.8243,569.9,0.8245,282.8,0.8246,754.7
1753503829900,04:23:49.900,ADA/USDT:USDT,0.8245,166.1,0.8244,651.7,0.8246,288.8,0.8247,676.2
1753503830000,04:23:50.000,ADA/USDT:USDT,0.8245,161.1,0.8244,674.4,0.8246,342.6,0.8247,692.5
1753503830100,04:23:50.100,ADA/USDT:USDT,0.8245,78.6,0.8244,675.6,0.8246,362.8,0.8247,703.0
1753503830200,04:23:50.200,ADA/USDT:USDT,0.8245,109.9,0.8244,674.5,0.8246,423.4,0.8247,703.0
1753503830300,04:23:50.300,ADA/USDT:USDT,0.8245,48.8,0.8244,412.0,0.8246,434.9,0.8247,703.0
1753503830400,04:23:50.400,ADA/USDT:USDT,0.8245,89.8,0.8244,576.6,0.8246,359.2,0.8247,703.0
1753503830500,04:23:50.500,ADA/USDT:USDT,0.8245,89.8,0.8244,643.7,0.8246,359.2,0.8247,702.9
1753503830600,04:23:50.600,ADA/USDT:USDT,0.8245,89.8,0.8244,643.7,0.8246,376.8,0.8247,702.9
1753503830700,04:23:50.700,ADA/USDT:USDT,0.8245,89.9,0.8244,643.7,0.8246,376.7,0.8247,702.9
1753503830800,04:23:50.800,ADA/USDT:USDT,0.8245,89.9,0.8244,643.7,0.8246,376.7,0.8247,702.9
1753503830900,04:23:50.900,ADA/USDT:USDT,0.8245,89.9,0.8244,643.7,0.8246,376.7,0.8247,702.9
1753503831000,04:23:51.000,ADA/USDT:USDT,0.8245,136.2,0.8244,643.7,0.8246,359.1,0.8247,692.4
1753503831100,04:23:51.100,ADA/USDT:USDT,0.8245,136.2,0.8244,660.2,0.8246,359.0,0.8247,692.4
1753503831200,04:23:51.200,ADA/USDT:USDT,0.8245,175.4,0.8244,660.2,0.8246,359.0,0.8247,674.7
1753503831300,04:23:51.300,ADA/USDT:USDT,0.8245,175.4,0.8244,643.7,0.8246,359.0,0.8247,690.9
1753503831400,04:23:51.400,ADA/USDT:USDT,0.8245,179.6,0.8244,643.7,0.8246,359.2,0.8247,699.0
1753503831500,04:23:51.500,ADA/USDT:USDT,0.8245,165.7,0.8244,643.7,0.8246,359.4,0.8247,698.9
1753503831600,04:23:51.600,ADA/USDT:USDT,0.8245,165.7,0.8244,643.7,0.8246,375.6,0.8247,698.9
1753503831800,04:23:51.800,ADA/USDT:USDT,0.8245,165.7,0.8244,643.7,0.8246,375.6,0.8247,698.9
1753503831900,04:23:51.900,ADA/USDT:USDT,0.8245,165.7,0.8244,643.7,0.8246,375.6,0.8247,625.0
1753503832000,04:23:52.000,ADA/USDT:USDT,0.8245,165.7,0.8244,643.7,0.8246,375.6,0.8247,625.0
1753503832100,04:23:52.100,ADA/USDT:USDT,0.8245,165.7,0.8244,643.7,0.8246,375.6,0.8247,625.0
1753503832200,04:23:52.200,ADA/USDT:USDT,0.8245,157.0,0.8244,643.7,0.8246,375.6,0.8247,624.8
1753503832300,04:23:52.300,ADA/USDT:USDT,0.8245,165.8,0.8244,643.7,0.8246,375.9,0.8247,624.8
1753503832400,04:23:52.400,ADA/USDT:USDT,0.8245,165.8,0.8244,643.7,0.8246,375.9,0.8247,624.8
1753503832600,04:23:52.600,ADA/USDT:USDT,0.8245,188.2,0.8244,644.0,0.8246,359.7,0.8247,615.1
1753503832700,04:23:52.700,ADA/USDT:USDT,0.8245,97.1,0.8244,633.2,0.8246,359.7,0.8247,615.1
1753503832800,04:23:52.800,ADA/USDT:USDT,0.8245,129.4,0.8244,633.2,0.8246,359.7,0.8247,615.1
1753503832900,04:23:52.900,ADA/USDT:USDT,0.8245,117.3,0.8244,621.1,0.8246,360.7,0.8247,615.1
1753503833000,04:23:53.000,ADA/USDT:USDT,0.8245,117.3,0.8244,621.1,0.8246,360.7,0.8247,615.1
1753503833200,04:23:53.200,ADA/USDT:USDT,0.8245,117.3,0.8244,621.1,0.8246,359.5,0.8247,615.5
1753503833300,04:23:53.300,ADA/USDT:USDT,0.8245,117.3,0.8244,621.1,0.8246,374.3,0.8247,615.5
1753503833400,04:23:53.400,ADA/USDT:USDT,0.8245,113.8,0.8244,621.1,0.8246,374.1,0.8247,618.7
1753503833500,04:23:53.500,ADA/USDT:USDT,0.8245,94.3,0.8244,621.1,0.8246,359.3,0.8247,618.3
1753503833600,04:23:53.600,ADA/USDT:USDT,0.8245,81.5,0.8244,621.1,0.8246,374.1,0.8247,618.3
1753503833700,04:23:53.700,ADA/USDT:USDT,0.8245,92.8,0.8244,621.1,0.8246,383.0,0.8247,618.3
1753503833800,04:23:53.800,ADA/USDT:USDT,0.8245,92.8,0.8244,621.2,0.8246,383.0,0.8247,618.7
1753503833900,04:23:53.900,ADA/USDT:USDT,0.8245,39.1,0.8244,621.2,0.8246,384.0,0.8247,619.0
1753503834000,04:23:54.000,ADA/USDT:USDT,0.8245,39.1,0.8244,621.2,0.8246,384.0,0.8247,619.0
1753503834100,04:23:54.100,ADA/USDT:USDT,0.8245,39.1,0.8244,621.2,0.8246,384.0,0.8247,619.0
1753503834200,04:23:54.200,ADA/USDT:USDT,0.8245,47.8,0.8244,621.2,0.8246,374.1,0.8247,618.7
1753503834300,04:23:54.300,ADA/USDT:USDT,0.8245,47.9,0.8244,621.2,0.8246,374.1,0.8247,618.3
1753503834400,04:23:54.400,ADA/USDT:USDT,0.8245,39.2,0.8244,621.2,0.8246,383.0,0.8247,618.0
1753503834500,04:23:54.500,ADA/USDT:USDT,0.8245,39.2,0.8244,621.2,0.8246,383.0,0.8247,618.7
1753503834600,04:23:54.600,ADA/USDT:USDT,0.8245,39.2,0.8244,621.2,0.8246,384.0,0.8247,618.3
1753503834700,04:23:54.700,ADA/USDT:USDT,0.8245,39.2,0.8244,621.2,0.8246,384.0,0.8247,618.7
1753503834800,04:23:54.800,ADA/USDT:USDT,0.8245,39.2,0.8244,621.2,0.8246,384.0,0.8247,618.7
1753503834900,04:23:54.900,ADA/USDT:USDT,0.8245,39.2,0.8244,621.2,0.8246,384.0,0.8247,618.7
1753503835000,04:23:55.000,ADA/USDT:USDT,0.8245,39.2,0.8244,621.2,0.8246,384.0,0.8247,618.7
1753503835100,04:23:55.100,ADA/USDT:USDT,0.8245,39.2,0.8244,463.7,0.8246,444.6,0.8247,618.7
1753503835200,04:23:55.200,ADA/USDT:USDT,0.8245,39.2,0.8244,463.7,0.8246,446.3,0.8247,618.7
1753503835300,04:23:55.300,ADA/USDT:USDT,0.8245,39.2,0.8244,463.7,0.8246,446.0,0.8247,618.7
1753503835400,04:23:55.400,ADA/USDT:USDT,0.8245,39.2,0.8244,504.0,0.8246,385.4,0.8247,618.7
1753503835500,04:23:55.500,ADA/USDT:USDT,0.8245,39.2,0.8244,534.2,0.8246,360.0,0.8247,627.3
1753503835600,04:23:55.600,ADA/USDT:USDT,0.8245,1.9,0.8244,113.0,0.8246,447.0,0.8247,655.2
1753503835700,04:23:55.700,ADA/USDT:USDT,0.8245,1.9,0.8244,143.9,0.8246,448.8,0.8247,655.2
1753503835800,04:23:55.800,ADA/USDT:USDT,0.8245,1.9,0.8244,143.9,0.8246,448.8,0.8247,657.0
1753503835900,04:23:55.900,ADA/USDT:USDT,0.8245,1.9,0.8244,143.9,0.8246,448.8,0.8247,656.6
1753503836000,04:23:56.000,ADA/USDT:USDT,0.8245,1.9,0.8244,143.9,0.8246,447.0,0.8247,647.0
1753503836100,04:23:56.100,ADA/USDT:USDT,0.8245,1.9,0.8244,143.9,0.8246,447.0,0.8247,642.2
1753503836200,04:23:56.200,ADA/USDT:USDT,0.8245,1.9,0.8244,143.9,0.8246,447.0,0.8247,643.4
1753503836300,04:23:56.300,ADA/USDT:USDT,0.8245,1.9,0.8244,143.9,0.8246,448.9,0.8247,645.7
1753503836400,04:23:56.400,ADA/USDT:USDT,0.8245,2.0,0.8244,258.9,0.8246,448.9,0.8247,650.5
1753503836500,04:23:56.500,ADA/USDT:USDT,0.8244,60.6,0.8243,561.0,0.8245,554.7,0.8246,774.1
1753503836600,04:23:56.600,ADA/USDT:USDT,0.8244,51.9,0.8243,561.0,0.8245,592.1,0.8246,728.9
1753503836700,04:23:56.700,ADA/USDT:USDT,0.8244,52.0,0.8243,561.0,0.8245,592.1,0.8246,729.3
1753503836800,04:23:56.800,ADA/USDT:USDT,0.8244,52.0,0.8243,561.0,0.8245,592.1,0.8246,729.3
1753503836900,04:23:56.900,ADA/USDT:USDT,0.8244,93.0,0.8243,569.8,0.8245,506.5,0.8246,728.9
1753503837000,04:23:57.000,ADA/USDT:USDT,0.8244,104.2,0.8243,569.8,0.8245,506.7,0.8246,727.4
1753503837100,04:23:57.100,ADA/USDT:USDT,0.8244,267.4,0.8243,584.7,0.8245,84.4,0.8246,703.3
1753503837200,04:23:57.200,ADA/USDT:USDT,0.8244,197.0,0.8243,569.8,0.8245,122.4,0.8246,716.7
1753503837300,04:23:57.300,ADA/USDT:USDT,0.8244,197.0,0.8243,569.8,0.8245,122.4,0.8246,716.7
1753503837400,04:23:57.400,ADA/USDT:USDT,0.8244,312.0,0.8243,561.0,0.8245,253.5,0.8246,725.8
1753503837500,04:23:57.500,ADA/USDT:USDT,0.8244,312.0,0.8243,561.0,0.8245,238.0,0.8246,725.3
1753503837600,04:23:57.600,ADA/USDT:USDT,0.8244,312.0,0.8243,571.0,0.8245,124.2,0.8246,725.3
1753503837700,04:23:57.700,ADA/USDT:USDT,0.8244,312.0,0.8243,571.0,0.8245,124.2,0.8246,725.3
1753503837800,04:23:57.800,ADA/USDT:USDT,0.8244,373.6,0.8243,585.9,0.8245,124.2,0.8246,701.9
1753503837900,04:23:57.900,ADA/USDT:USDT,0.8244,394.5,0.8243,585.9,0.8245,124.2,0.8246,701.9
1753503838000,04:23:58.000,ADA/USDT:USDT,0.8244,394.5,0.8243,585.9,0.8245,124.2,0.8246,701.9
1753503838100,04:23:58.100,ADA/USDT:USDT,0.8244,385.7,0.8243,571.0,0.8245,124.2,0.8246,716.5
1753503838200,04:23:58.200,ADA/USDT:USDT,0.8244,324.1,0.8243,562.2,0.8245,139.5,0.8246,716.5
1753503838300,04:23:58.300,ADA/USDT:USDT,0.8244,324.5,0.8243,562.2,0.8245,139.5,0.8246,715.8
1753503838400,04:23:58.400,ADA/USDT:USDT,0.8244,324.5,0.8243,562.2,0.8245,177.2,0.8246,716.1
1753503838500,04:23:58.500,ADA/USDT:USDT,0.8244,93.1,0.8243,339.6,0.8245,404.5,0.8246,716.5
1753503838600,04:23:58.600,ADA/USDT:USDT,0.8244,199.2,0.8243,575.7,0.8245,262.2,0.8246,701.2
1753503838700,04:23:58.700,ADA/USDT:USDT,0.8244,190.5,0.8243,561.1,0.8245,262.2,0.8246,715.8
1753503838800,04:23:58.800,ADA/USDT:USDT,0.8244,190.5,0.8243,561.1,0.8245,262.2,0.8246,715.8
1753503838900,04:23:58.900,ADA/USDT:USDT,0.8244,190.5,0.8243,561.1,0.8245,276.8,0.8246,716.1
1753503839000,04:23:59.000,ADA/USDT:USDT,0.8244,190.5,0.8243,561.1,0.8245,277.1,0.8246,716.1
1753503839100,04:23:59.100,ADA/USDT:USDT,0.8244,149.7,0.8243,561.1,0.8245,285.9,0.8246,716.1
1753503839200,04:23:59.200,ADA/USDT:USDT,0.8244,125.5,0.8243,561.1,0.8245,286.0,0.8246,716.1
1753503839300,04:23:59.300,ADA/USDT:USDT,0.8244,125.5,0.8243,561.1,0.8245,286.0,0.8246,716.1
1753503839400,04:23:59.400,ADA/USDT:USDT,0.8244,96.8,0.8243,561.1,0.8245,392.8,0.8246,716.1
1753503839500,04:23:59.500,ADA/USDT:USDT,0.8244,64.5,0.8243,561.1,0.8245,401.6,0.8246,716.1
1753503839700,04:23:59.700,ADA/USDT:USDT,0.8244,64.5,0.8243,561.1,0.8245,400.6,0.8246,716.1
1753503839800,04:23:59.800,ADA/USDT:USDT,0.8244,64.5,0.8243,561.1,0.8245,400.9,0.8246,716.5
1753503839900,04:23:59.900,ADA/USDT:USDT,0.8244,64.5,0.8243,561.1,0.8245,400.9,0.8246,716.5
1753503840000,04:24:00.000,ADA/USDT:USDT,0.8244,64.5,0.8243,561.1,0.8245,401.9,0.8246,716.5
1753503840100,04:24:00.100,ADA/USDT:USDT,0.8244,64.5,0.8243,319.7,0.8245,401.9,0.8246,717.7
1753503840200,04:24:00.200,ADA/USDT:USDT,0.8243,80.1,0.8242,195.7,0.8244,875.3,0.8245,675.8
1753503840300,04:24:00.300,ADA/USDT:USDT,0.8243,55.9,0.8242,228.3,0.8244,860.9,0.8245,675.8
1753503840400,04:24:00.400,ADA/USDT:USDT,0.8243,53.5,0.8242,228.4,0.8244,860.9,0.8245,675.8
1753503840500,04:24:00.500,ADA/USDT:USDT,0.8243,150.0,0.8242,432.6,0.8244,674.9,0.8245,659.4
1753503840600,04:24:00.600,ADA/USDT:USDT,0.8243,150.0,0.8242,432.6,0.8244,674.9,0.8245,659.1
1753503840700,04:24:00.700,ADA/USDT:USDT,0.8243,279.6,0.8242,432.9,0.8244,519.0,0.8245,659.0
1753503840800,04:24:00.800,ADA/USDT:USDT,0.8243,361.4,0.8242,432.9,0.8244,62.3,0.8245,414.6
1753503840900,04:24:00.900,ADA/USDT:USDT,0.8243,361.4,0.8242,432.9,0.8244,42.1,0.8245,371.5
1753503841000,04:24:01.000,ADA/USDT:USDT,0.8243,346.1,0.8242,432.9,0.8244,42.3,0.8245,371.5
1753503841100,04:24:01.100,ADA/USDT:USDT,0.8243,337.0,0.8242,432.6,0.8244,62.9,0.8245,655.2
1753503841200,04:24:01.200,ADA/USDT:USDT,0.8243,337.2,0.8242,418.5,0.8244,62.9,0.8245,670.8
1753503841300,04:24:01.300,ADA/USDT:USDT,0.8243,462.4,0.8242,469.4,0.8244,62.9,0.8245,655.2
1753503841400,04:24:01.400,ADA/USDT:USDT,0.8243,462.4,0.8242,469.4,0.8244,64.9,0.8245,653.3
1753503841500,04:24:01.500,ADA/USDT:USDT,0.8243,477.7,0.8242,469.7,0.8244,80.1,0.8245,653.3
1753503841600,04:24:01.600,ADA/USDT:USDT,0.8243,477.7,0.8242,469.7,0.8244,80.1,0.8245,653.3
1753503841700,04:24:01.700,ADA/USDT:USDT,0.8243,462.4,0.8242,469.4,0.8244,80.1,0.8245,653.3
1753503841800,04:24:01.800,ADA/USDT:USDT,0.8243,451.0,0.8242,463.3,0.8244,169.7,0.8245,668.9
1753503841900,04:24:01.900,ADA/USDT:USDT,0.8243,451.0,0.8242,463.3,0.8244,169.7,0.8245,668.9
1753503842000,04:24:02.000,ADA/USDT:USDT,0.8243,452.8,0.8242,478.6,0.8244,169.7,0.8245,653.3
1753503842100,04:24:02.100,ADA/USDT:USDT,0.8243,452.8,0.8242,463.3,0.8244,169.7,0.8245,668.9
1753503842200,04:24:02.200,ADA/USDT:USDT,0.8243,478.3,0.8242,469.7,0.8244,28.3,0.8245,572.0
1753503842300,04:24:02.300,ADA/USDT:USDT,0.8243,453.9,0.8242,478.3,0.8244,82.9,0.8245,550.3
1753503842400,04:24:02.400,ADA/USDT:USDT,0.8243,392.2,0.8242,463.0,0.8244,133.6,0.8245,667.7
1753503842500,04:24:02.500,ADA/USDT:USDT,0.8243,334.9,0.8242,454.1,0.8244,208.6,0.8245,668.0
1753503842600,04:24:02.600,ADA/USDT:USDT,0.8243,334.9,0.8242,454.1,0.8244,252.7,0.8245,668.0
1753503842700,04:24:02.700,ADA/USDT:USDT,0.8243,136.7,0.8242,454.1,0.8244,252.7,0.8245,668.0
1753503842800,04:24:02.800,ADA/USDT:USDT,0.8243,136.7,0.8242,454.1,0.8244,229.0,0.8245,668.0
1753503843100,04:24:03.100,ADA/USDT:USDT,0.8243,136.7,0.8242,454.1,0.8244,229.0,0.8245,668.0
1753503843200,04:24:03.200,ADA/USDT:USDT,0.8243,136.7,0.8242,454.1,0.8244,229.3,0.8245,667.7
1753503843300,04:24:03.300,ADA/USDT:USDT,0.8243,251.7,0.8242,452.9,0.8244,208.2,0.8245,667.7
1753503843400,04:24:03.400,ADA/USDT:USDT,0.8243,251.7,0.8242,452.9,0.8244,208.2,0.8245,667.7
1753503843500,04:24:03.500,ADA/USDT:USDT,0.8243,251.7,0.8242,452.9,0.8244,223.0,0.8245,667.7
1753503843600,04:24:03.600,ADA/USDT:USDT,0.8243,251.7,0.8242,452.9,0.8244,231.9,0.8245,667.7
1753503843700,04:24:03.700,ADA/USDT:USDT,0.8243,251.7,0.8242,452.9,0.8244,193.9,0.8245,667.7
1753503843800,04:24:03.800,ADA/USDT:USDT,0.8243,251.7,0.8242,452.9,0.8244,203.3,0.8245,667.7
1753503843900,04:24:03.900,ADA/USDT:USDT,0.8243,251.7,0.8242,452.9,0.8244,203.3,0.8245,667.7
1753503844000,04:24:04.000,ADA/USDT:USDT,0.8243,136.7,0.8242,452.9,0.8244,187.4,0.8245,667.7
1753503844100,04:24:04.100,ADA/USDT:USDT,0.8243,116.6,0.8242,451.7,0.8244,361.4,0.8245,667.7
1753503844200,04:24:04.200,ADA/USDT:USDT,0.8243,116.6,0.8242,451.7,0.8244,361.6,0.8245,670.0
1753503844300,04:24:04.300,ADA/USDT:USDT,0.8243,231.6,0.8242,451.7,0.8244,338.1,0.8245,670.0
1753503844400,04:24:04.400,ADA/USDT:USDT,0.8243,231.6,0.8242,451.7,0.8244,338.1,0.8245,652.6
1753503844500,04:24:04.500,ADA/USDT:USDT,0.8243,231.6,0.8242,451.7,0.8244,337.1,0.8245,652.6
1753503844600,04:24:04.600,ADA/USDT:USDT,0.8243,253.7,0.8242,466.1,0.8244,170.3,0.8245,652.3
1753503844700,04:24:04.700,ADA/USDT:USDT,0.8243,336.9,0.8242,466.4,0.8244,103.8,0.8245,652.3
1753503844800,04:24:04.800,ADA/USDT:USDT,0.8243,322.7,0.8242,466.1,0.8244,103.8,0.8245,652.3
1753503844900,04:24:04.900,ADA/USDT:USDT,0.8243,322.6,0.8242,466.1,0.8244,103.8,0.8245,652.3
1753503845000,04:24:05.000,ADA/USDT:USDT,0.8243,322.6,0.8242,467.3,0.8244,103.8,0.8245,652.3
1753503845100,04:24:05.100,ADA/USDT:USDT,0.8243,255.5,0.8242,451.7,0.8244,279.2,0.8245,666.3
1753503845200,04:24:05.200,ADA/USDT:USDT,0.8243,336.2,0.8242,451.7,0.8244,170.3,0.8245,652.3
1753503845300,04:24:05.300,ADA/USDT:USDT,0.8243,358.6,0.8242,452.0,0.8244,29.0,0.8245,652.3
1753503845400,04:24:05.400,ADA/USDT:USDT,0.8243,358.6,0.8242,452.0,0.8244,28.5,0.8245,368.6
1753503845500,04:24:05.500,ADA/USDT:USDT,0.8243,358.6,0.8242,467.0,0.8244,27.9,0.8245,433.3
1753503845600,04:24:05.600,ADA/USDT:USDT,0.8243,359.7,0.8242,467.1,0.8244,28.1,0.8245,571.1
1753503845700,04:24:05.700,ADA/USDT:USDT,0.8243,346.3,0.8242,467.1,0.8244,28.1,0.8245,652.0
1753503845800,04:24:05.800,ADA/USDT:USDT,0.8243,346.3,0.8242,467.1,0.8244,28.1,0.8245,652.0
1753503845900,04:24:05.900,ADA/USDT:USDT,0.8243,346.3,0.8242,453.4,0.8244,28.1,0.8245,652.0
1753503846000,04:24:06.000,ADA/USDT:USDT,0.8243,347.5,0.8242,468.3,0.8244,28.1,0.8245,652.0
1753503846100,04:24:06.100,ADA/USDT:USDT,0.8243,347.5,0.8242,454.6,0.8244,28.1,0.8245,652.0
1753503846200,04:24:06.200,ADA/USDT:USDT,0.8243,347.5,0.8242,468.0,0.8244,27.0,0.8245,652.0
1753503846300,04:24:06.300,ADA/USDT:USDT,0.8243,347.5,0.8242,469.5,0.8244,28.1,0.8245,652.0
1753503846400,04:24:06.400,ADA/USDT:USDT,0.8243,346.5,0.8242,471.9,0.8244,29.0,0.8245,652.0
1753503846500,04:24:06.500,ADA/USDT:USDT,0.8243,362.0,0.8242,471.6,0.8244,20.3,0.8245,373.6
