timestamp,time,symbol,bid1_price,bid1_volume,bid2_price,bid2_volume,ask1_price,ask1_volume,ask2_price,ask2_volume
1753503304504,04:15:04.504,ALGO/USDT:USDT,0.2699,391.0,0.2698,4405.0,0.27,1659.0,0.2701,4551.0
1753503304904,04:15:04.904,ALGO/USDT:USDT,0.2699,174.0,0.2698,4193.0,0.27,1957.0,0.2701,4952.0
1753503305004,04:15:05.004,ALGO/USDT:USDT,0.2699,174.0,0.2698,4193.0,0.27,1957.0,0.2701,5013.0
1753503305104,04:15:05.104,ALGO/USDT:USDT,0.2699,174.0,0.2698,4193.0,0.27,1957.0,0.2701,5049.0
1753503305204,04:15:05.204,ALGO/USDT:USDT,0.2699,174.0,0.2698,4193.0,0.27,1957.0,0.2701,5086.0
1753503305404,04:15:05.404,ALGO/USDT:USDT,0.2699,174.0,0.2698,4193.0,0.27,1957.0,0.2701,5086.0
1753503305504,04:15:05.504,ALGO/USDT:USDT,0.2699,174.0,0.2698,4193.0,0.27,1957.0,0.2701,5095.0
1753503305804,04:15:05.804,ALGO/USDT:USDT,0.2699,1134.0,0.2698,6633.0,0.27,273.0,0.2701,3266.0
1753503305904,04:15:05.904,ALGO/USDT:USDT,0.2699,1193.0,0.2698,7002.0,0.27,273.0,0.2701,3266.0
1753503306004,04:15:06.004,ALGO/USDT:USDT,0.2699,1405.0,0.2698,7002.0,0.27,273.0,0.2701,3266.0
1753503306104,04:15:06.104,ALGO/USDT:USDT,0.2699,1405.0,0.2698,7010.0,0.27,258.0,0.2701,3450.0
1753503306204,04:15:06.204,ALGO/USDT:USDT,0.2699,1441.0,0.2698,7120.0,0.27,258.0,0.2701,3414.0
1753503306304,04:15:06.304,ALGO/USDT:USDT,0.2699,1441.0,0.2698,6830.0,0.27,302.0,0.2701,3414.0
1753503306404,04:15:06.404,ALGO/USDT:USDT,0.2699,1149.0,0.2698,6830.0,0.27,302.0,0.2701,3418.0
1753503306504,04:15:06.504,ALGO/USDT:USDT,0.2699,1149.0,0.2698,6681.0,0.27,287.0,0.2701,3418.0
1753503306604,04:15:06.604,ALGO/USDT:USDT,0.2699,1147.0,0.2698,6717.0,0.27,287.0,0.2701,2818.0
1753503306904,04:15:06.904,ALGO/USDT:USDT,0.2699,1433.0,0.2698,6717.0,0.27,287.0,0.2701,2818.0
1753503307004,04:15:07.004,ALGO/USDT:USDT,0.2699,1433.0,0.2698,7086.0,0.27,287.0,0.2701,2818.0
1753503307104,04:15:07.104,ALGO/USDT:USDT,0.2699,1433.0,0.2698,7123.0,0.27,287.0,0.2701,2818.0
1753503307504,04:15:07.504,ALGO/USDT:USDT,0.2699,1433.0,0.2698,7492.0,0.27,287.0,0.2701,2612.0
1753503307604,04:15:07.604,ALGO/USDT:USDT,0.2699,1433.0,0.2698,7492.0,0.27,287.0,0.2701,2612.0
1753503307704,04:15:07.704,ALGO/USDT:USDT,0.27,2562.0,0.2699,6159.0,0.2701,16.0,0.2702,2308.0
1753503307804,04:15:07.804,ALGO/USDT:USDT,0.27,3366.0,0.2699,6525.0,0.2701,18.0,0.2702,2938.0
1753503307904,04:15:07.904,ALGO/USDT:USDT,0.27,3425.0,0.2699,7088.0,0.2701,18.0,0.2702,2938.0
1753503308004,04:15:08.004,ALGO/USDT:USDT,0.27,3425.0,0.2699,7088.0,0.2701,18.0,0.2702,2938.0
1753503308104,04:15:08.104,ALGO/USDT:USDT,0.27,3425.0,0.2699,7088.0,0.2701,18.0,0.2702,2938.0
1753503308304,04:15:08.304,ALGO/USDT:USDT,0.27,3213.0,0.2699,6793.0,0.2701,265.0,0.2702,3150.0
1753503308404,04:15:08.404,ALGO/USDT:USDT,0.27,3213.0,0.2699,6793.0,0.2701,265.0,0.2702,3150.0
1753503308504,04:15:08.504,ALGO/USDT:USDT,0.27,3213.0,0.2699,6793.0,0.2701,1318.0,0.2702,3150.0
1753503308604,04:15:08.604,ALGO/USDT:USDT,0.27,2503.0,0.2699,7393.0,0.2701,1318.0,0.2702,3150.0
1753503308704,04:15:08.704,ALGO/USDT:USDT,0.27,2415.0,0.2699,7298.0,0.2701,1333.0,0.2702,3190.0
1753503308804,04:15:08.804,ALGO/USDT:USDT,0.27,1894.0,0.2699,7298.0,0.2701,1333.0,0.2702,3190.0
1753503308904,04:15:08.904,ALGO/USDT:USDT,0.27,1894.0,0.2699,6773.0,0.2701,1333.0,0.2702,3190.0
1753503309104,04:15:09.104,ALGO/USDT:USDT,0.27,1894.0,0.2699,6665.0,0.2701,1333.0,0.2702,3190.0
1753503309204,04:15:09.204,ALGO/USDT:USDT,0.27,1894.0,0.2699,6591.0,0.2701,1333.0,0.2702,3190.0
1753503309304,04:15:09.304,ALGO/USDT:USDT,0.27,1239.0,0.2699,5739.0,0.2701,1965.0,0.2702,3190.0
1753503309404,04:15:09.404,ALGO/USDT:USDT,0.27,1383.0,0.2699,4693.0,0.2701,2264.0,0.2702,3355.0
1753503309504,04:15:09.504,ALGO/USDT:USDT,0.27,779.0,0.2699,5349.0,0.2701,1946.0,0.2702,3355.0
1753503309604,04:15:09.604,ALGO/USDT:USDT,0.27,1617.0,0.2699,6074.0,0.2701,1405.0,0.2702,2608.0
1753503309704,04:15:09.704,ALGO/USDT:USDT,0.27,1747.0,0.2699,6782.0,0.2701,1405.0,0.2702,3232.0
1753503309804,04:15:09.804,ALGO/USDT:USDT,0.27,1535.0,0.2699,7031.0,0.2701,1405.0,0.2702,3232.0
1753503309904,04:15:09.904,ALGO/USDT:USDT,0.27,1479.0,0.2699,7031.0,0.2701,1405.0,0.2702,3232.0
1753503310004,04:15:10.004,ALGO/USDT:USDT,0.27,1479.0,0.2699,7031.0,0.2701,1405.0,0.2702,3232.0
1753503310104,04:15:10.104,ALGO/USDT:USDT,0.27,1479.0,0.2699,7031.0,0.2701,1405.0,0.2702,3232.0
1753503310204,04:15:10.204,ALGO/USDT:USDT,0.27,1400.0,0.2699,6975.0,0.2701,1405.0,0.2702,3232.0
1753503310304,04:15:10.304,ALGO/USDT:USDT,0.27,1479.0,0.2699,6975.0,0.2701,1405.0,0.2702,3232.0
1753503310404,04:15:10.404,ALGO/USDT:USDT,0.27,1443.0,0.2699,6938.0,0.2701,1405.0,0.2702,3232.0
1753503310604,04:15:10.604,ALGO/USDT:USDT,0.27,1443.0,0.2699,7030.0,0.2701,1405.0,0.2702,3232.0
1753503310704,04:15:10.704,ALGO/USDT:USDT,0.27,1443.0,0.2699,6541.0,0.2701,1405.0,0.2702,3232.0
1753503310804,04:15:10.804,ALGO/USDT:USDT,0.27,1364.0,0.2699,6541.0,0.2701,1405.0,0.2702,3232.0
1753503311404,04:15:11.404,ALGO/USDT:USDT,0.27,1407.0,0.2699,6541.0,0.2701,1681.0,0.2702,3290.0
1753503311504,04:15:11.504,ALGO/USDT:USDT,0.27,1328.0,0.2699,6395.0,0.2701,1681.0,0.2702,3290.0
1753503312104,04:15:12.104,ALGO/USDT:USDT,0.27,1328.0,0.2699,6395.0,0.2701,1681.0,0.2702,3290.0
1753503312904,04:15:12.904,ALGO/USDT:USDT,0.27,1619.0,0.2699,6183.0,0.2701,1681.0,0.2702,3290.0
1753503313004,04:15:13.004,ALGO/USDT:USDT,0.27,1619.0,0.2699,6183.0,0.2701,1681.0,0.2702,3290.0
1753503313204,04:15:13.204,ALGO/USDT:USDT,0.27,1619.0,0.2699,6183.0,0.2701,1681.0,0.2702,3290.0
1753503313304,04:15:13.304,ALGO/USDT:USDT,0.27,1407.0,0.2699,6183.0,0.2701,1681.0,0.2702,4712.0
1753503313404,04:15:13.404,ALGO/USDT:USDT,0.27,1328.0,0.2699,6110.0,0.2701,1681.0,0.2702,4712.0
1753503313804,04:15:13.804,ALGO/USDT:USDT,0.27,1619.0,0.2699,6110.0,0.2701,1681.0,0.2702,4712.0
1753503314704,04:15:14.704,ALGO/USDT:USDT,0.27,2282.0,0.2699,6119.0,0.2701,1681.0,0.2702,4712.0
1753503314804,04:15:14.804,ALGO/USDT:USDT,0.27,2282.0,0.2699,6119.0,0.2701,1681.0,0.2702,4712.0
1753503314904,04:15:14.904,ALGO/USDT:USDT,0.27,2282.0,0.2699,6119.0,0.2701,1681.0,0.2702,4712.0
1753503315404,04:15:15.404,ALGO/USDT:USDT,0.27,1646.0,0.2699,6082.0,0.2701,1741.0,0.2702,4712.0
1753503315604,04:15:15.604,ALGO/USDT:USDT,0.27,1567.0,0.2699,6082.0,0.2701,1741.0,0.2702,4712.0
1753503315704,04:15:15.704,ALGO/USDT:USDT,0.27,1567.0,0.2699,6082.0,0.2701,1741.0,0.2702,4712.0
1753503315804,04:15:15.804,ALGO/USDT:USDT,0.27,1487.0,0.2699,6082.0,0.2701,1741.0,0.2702,4712.0
1753503316004,04:15:16.004,ALGO/USDT:USDT,0.27,1196.0,0.2699,6082.0,0.2701,1741.0,0.2702,4712.0
1753503316104,04:15:16.104,ALGO/USDT:USDT,0.27,1196.0,0.2699,6082.0,0.2701,1741.0,0.2702,4712.0
1753503316204,04:15:16.204,ALGO/USDT:USDT,0.2699,2065.0,0.2698,7749.0,0.27,245.0,0.2701,4910.0
1753503316304,04:15:16.304,ALGO/USDT:USDT,0.2699,2897.0,0.2698,7380.0,0.27,245.0,0.2701,4910.0
1753503316404,04:15:16.404,ALGO/USDT:USDT,0.2699,2773.0,0.2698,7380.0,0.27,245.0,0.2701,4910.0
1753503316504,04:15:16.504,ALGO/USDT:USDT,0.2699,2773.0,0.2698,7271.0,0.27,245.0,0.2701,4910.0
1753503316604,04:15:16.604,ALGO/USDT:USDT,0.2699,2561.0,0.2698,7234.0,0.27,245.0,0.2701,4910.0
1753503316704,04:15:16.704,ALGO/USDT:USDT,0.2699,2773.0,0.2698,7234.0,0.27,245.0,0.2701,4910.0
1753503316904,04:15:16.904,ALGO/USDT:USDT,0.2699,2773.0,0.2698,6957.0,0.27,245.0,0.2701,4910.0
1753503317204,04:15:17.204,ALGO/USDT:USDT,0.27,2046.0,0.2699,5715.0,0.2701,2082.0,0.2702,3934.0
1753503317504,04:15:17.504,ALGO/USDT:USDT,0.27,2046.0,0.2699,5715.0,0.2701,2094.0,0.2702,3826.0
1753503317604,04:15:17.604,ALGO/USDT:USDT,0.27,2046.0,0.2699,5715.0,0.2701,2094.0,0.2702,3826.0
1753503317704,04:15:17.704,ALGO/USDT:USDT,0.27,2046.0,0.2699,5715.0,0.2701,2094.0,0.2702,3790.0
1753503318004,04:15:18.004,ALGO/USDT:USDT,0.27,2125.0,0.2699,5715.0,0.2701,1753.0,0.2702,3687.0
1753503318404,04:15:18.404,ALGO/USDT:USDT,0.27,2329.0,0.2699,5807.0,0.2701,1753.0,0.2702,3651.0
1753503318704,04:15:18.704,ALGO/USDT:USDT,0.27,2329.0,0.2699,5807.0,0.2701,1753.0,0.2702,3615.0
1753503318904,04:15:18.904,ALGO/USDT:USDT,0.27,2329.0,0.2699,5807.0,0.2701,1753.0,0.2702,3615.0
1753503319504,04:15:19.504,ALGO/USDT:USDT,0.27,2329.0,0.2699,5807.0,0.2701,1753.0,0.2702,3615.0
1753503319904,04:15:19.904,ALGO/USDT:USDT,0.27,5969.0,0.2699,5844.0,0.2701,1753.0,0.2702,3615.0
1753503320104,04:15:20.104,ALGO/USDT:USDT,0.27,6005.0,0.2699,5983.0,0.2701,1752.0,0.2702,3615.0
1753503320204,04:15:20.204,ALGO/USDT:USDT,0.27,6041.0,0.2699,6055.0,0.2701,1752.0,0.2702,3615.0
1753503320304,04:15:20.304,ALGO/USDT:USDT,0.27,6041.0,0.2699,6062.0,0.2701,1752.0,0.2702,3615.0
1753503320504,04:15:20.504,ALGO/USDT:USDT,0.27,6041.0,0.2699,5953.0,0.2701,1752.0,0.2702,3615.0
1753503320704,04:15:20.704,ALGO/USDT:USDT,0.27,6041.0,0.2699,6026.0,0.2701,1752.0,0.2702,3615.0
1753503321004,04:15:21.004,ALGO/USDT:USDT,0.27,6263.0,0.2699,5767.0,0.2701,1752.0,0.2702,2993.0
1753503321104,04:15:21.104,ALGO/USDT:USDT,0.27,6263.0,0.2699,5767.0,0.2701,1752.0,0.2702,2993.0
1753503321304,04:15:21.304,ALGO/USDT:USDT,0.27,6263.0,0.2699,5877.0,0.2701,1752.0,0.2702,2993.0
1753503322404,04:15:22.404,ALGO/USDT:USDT,0.27,5722.0,0.2699,5848.0,0.2701,1817.0,0.2702,2993.0
1753503322504,04:15:22.504,ALGO/USDT:USDT,0.27,5722.0,0.2699,5812.0,0.2701,389.0,0.2702,2993.0
1753503322604,04:15:22.604,ALGO/USDT:USDT,0.27,6072.0,0.2699,5775.0,0.2701,1820.0,0.2702,3593.0
1753503322704,04:15:22.704,ALGO/USDT:USDT,0.27,6220.0,0.2699,5775.0,0.2701,1820.0,0.2702,3593.0
