timestamp,time,symbol,bid1_price,bid1_volume,bid2_price,bid2_volume,ask1_price,ask1_volume,ask2_price,ask2_volume
1753504005963,04:26:45.963,ALGO/USDT:USDT,0.2693,4318.5,0.2692,42934.7,0.2694,75792.6,0.2695,154728.5
1753504006563,04:26:46.563,ALGO/USDT:USDT,0.2693,18318.5,0.2692,42934.7,0.2694,75792.6,0.2695,154728.5
1753504006714,04:26:46.714,ALGO/USDT:USDT,0.2693,18318.5,0.2692,42934.7,0.2694,75792.6,0.2695,154728.5
1753504006864,04:26:46.864,ALGO/USDT:USDT,0.2693,18318.5,0.2692,42934.7,0.2694,75792.6,0.2695,154728.5
1753504007164,04:26:47.164,ALGO/USDT:USDT,0.2693,18318.5,0.2692,42934.7,0.2694,75792.6,0.2695,154728.5
1753504007314,04:26:47.314,ALGO/USDT:USDT,0.2693,18318.5,0.2692,42934.7,0.2694,75792.6,0.2695,154728.5
1753504007464,04:26:47.464,ALGO/USDT:USDT,0.2693,18318.5,0.2692,42934.7,0.2694,75792.6,0.2695,154728.5
1753504007614,04:26:47.614,ALGO/USDT:USDT,0.2693,18318.5,0.2692,42934.7,0.2694,75792.6,0.2695,154728.5
1753504007764,04:26:47.764,ALGO/USDT:USDT,0.2693,18318.5,0.2692,42934.7,0.2694,75792.6,0.2695,154728.5
1753504008215,04:26:48.215,ALGO/USDT:USDT,0.2693,18318.5,0.2692,42934.7,0.2694,75792.6,0.2695,154728.5
1753504008365,04:26:48.365,ALGO/USDT:USDT,0.2693,18318.5,0.2692,42934.7,0.2694,75792.6,0.2695,154728.5
1753504008515,04:26:48.515,ALGO/USDT:USDT,0.2692,42934.7,0.2691,26005.9,0.2694,72808.9,0.2695,154728.5
1753504008815,04:26:48.815,ALGO/USDT:USDT,0.2692,25608.9,0.2691,43333.9,0.2693,19534.5,0.2694,91377.5
1753504008965,04:26:48.965,ALGO/USDT:USDT,0.2692,25608.9,0.2691,43705.3,0.2693,19534.5,0.2694,91377.5
1753504009115,04:26:49.115,ALGO/USDT:USDT,0.2692,25608.9,0.2691,43705.3,0.2693,19534.5,0.2694,91377.5
1753504009265,04:26:49.265,ALGO/USDT:USDT,0.2692,25608.9,0.2691,43705.3,0.2693,19534.5,0.2694,91377.5
1753504009415,04:26:49.415,ALGO/USDT:USDT,0.2692,25608.9,0.2691,43705.3,0.2693,19534.5,0.2694,91377.5
1753504009565,04:26:49.565,ALGO/USDT:USDT,0.2692,25608.9,0.2691,43705.3,0.2693,19534.5,0.2694,91377.5
1753504009716,04:26:49.716,ALGO/USDT:USDT,0.2692,25608.9,0.2691,43705.3,0.2693,19534.5,0.2694,91377.5
1753504009866,04:26:49.866,ALGO/USDT:USDT,0.2692,25608.9,0.2691,43333.9,0.2693,19534.5,0.2694,91377.5
1753504010316,04:26:50.316,ALGO/USDT:USDT,0.2692,25608.9,0.2691,43333.9,0.2693,19534.5,0.2694,91377.5
1753504010466,04:26:50.466,ALGO/USDT:USDT,0.2692,25608.9,0.2691,43333.9,0.2693,19334.5,0.2694,91377.5
1753504010766,04:26:50.766,ALGO/USDT:USDT,0.2692,25608.9,0.2691,43333.9,0.2693,19334.5,0.2694,91377.5
1753504010916,04:26:50.916,ALGO/USDT:USDT,0.2692,25608.9,0.2691,43333.9,0.2693,19334.5,0.2694,91377.5
1753504011066,04:26:51.066,ALGO/USDT:USDT,0.2692,25608.9,0.2691,43333.9,0.2693,19334.5,0.2694,91377.5
1753504011367,04:26:51.367,ALGO/USDT:USDT,0.2692,25608.9,0.2691,43333.9,0.2693,19334.5,0.2694,91377.5
1753504011517,04:26:51.517,ALGO/USDT:USDT,0.2692,25608.9,0.2691,43333.9,0.2693,19334.5,0.2694,91377.5
1753504011667,04:26:51.667,ALGO/USDT:USDT,0.2692,25608.9,0.2691,43333.9,0.2693,19334.5,0.2694,91377.5
1753504012417,04:26:52.417,ALGO/USDT:USDT,0.2692,23702.3,0.2691,43705.3,0.2694,79198.1,0.2695,160513.4
1753504012567,04:26:52.567,ALGO/USDT:USDT,0.2692,23702.3,0.2691,43705.3,0.2694,79198.1,0.2695,160513.4
1753504012717,04:26:52.717,ALGO/USDT:USDT,0.2692,23702.3,0.2691,43705.3,0.2694,79198.1,0.2695,160513.4
1753504012868,04:26:52.868,ALGO/USDT:USDT,0.2692,23702.3,0.2691,43705.3,0.2694,79198.1,0.2695,160513.4
1753504013018,04:26:53.018,ALGO/USDT:USDT,0.2692,23702.3,0.2691,43705.3,0.2694,78419.9,0.2695,160513.4
1753504013168,04:26:53.168,ALGO/USDT:USDT,0.2692,23702.3,0.2691,43705.3,0.2694,78419.9,0.2695,160513.4
1753504013468,04:26:53.468,ALGO/USDT:USDT,0.2692,23702.3,0.2691,43333.9,0.2694,79198.1,0.2695,160513.4
1753504013618,04:26:53.618,ALGO/USDT:USDT,0.2692,23702.3,0.2691,43333.9,0.2694,79198.1,0.2695,160513.4
1753504013918,04:26:53.918,ALGO/USDT:USDT,0.2692,23702.3,0.2691,43333.9,0.2694,79198.1,0.2695,160884.7
1753504014068,04:26:54.068,ALGO/USDT:USDT,0.2692,23702.3,0.2691,43333.9,0.2694,79198.1,0.2695,160884.7
1753504014368,04:26:54.368,ALGO/USDT:USDT,0.2692,23702.3,0.2691,43333.9,0.2694,78419.9,0.2695,160884.7
1753504014669,04:26:54.669,ALGO/USDT:USDT,0.2692,23702.3,0.2691,43333.9,0.2694,78419.9,0.2695,160513.4
1753504014819,04:26:54.819,ALGO/USDT:USDT,0.2692,23702.3,0.2691,43333.9,0.2694,78419.9,0.2695,160513.4
1753504014969,04:26:54.969,ALGO/USDT:USDT,0.2692,23702.3,0.2691,43333.9,0.2694,78419.9,0.2695,160513.4
1753504015119,04:26:55.119,ALGO/USDT:USDT,0.2692,23702.3,0.2691,43333.9,0.2694,78419.9,0.2695,160513.4
1753504015269,04:26:55.269,ALGO/USDT:USDT,0.2692,23702.3,0.2691,43333.9,0.2694,78419.9,0.2695,160513.4
1753504015419,04:26:55.419,ALGO/USDT:USDT,0.2692,23702.3,0.2691,43333.9,0.2694,78419.9,0.2695,160513.4
1753504015719,04:26:55.719,ALGO/USDT:USDT,0.2692,23702.3,0.2691,43333.9,0.2694,78419.9,0.2695,160513.4
1753504016170,04:26:56.170,ALGO/USDT:USDT,0.2692,24480.5,0.2691,43333.9,0.2694,78419.9,0.2695,160513.4
1753504016320,04:26:56.320,ALGO/USDT:USDT,0.2692,24480.5,0.2691,43333.9,0.2694,78419.9,0.2695,160513.4
1753504016620,04:26:56.620,ALGO/USDT:USDT,0.2692,24480.5,0.2691,43333.9,0.2694,78419.9,0.2695,160513.4
1753504017070,04:26:57.070,ALGO/USDT:USDT,0.2692,23702.3,0.2691,43333.9,0.2694,78419.9,0.2695,160513.4
1753504017220,04:26:57.220,ALGO/USDT:USDT,0.2692,23702.3,0.2691,43333.9,0.2694,78419.9,0.2695,160513.4
1753504017370,04:26:57.370,ALGO/USDT:USDT,0.2692,23702.3,0.2691,43333.9,0.2694,78419.9,0.2695,160513.4
1753504017520,04:26:57.520,ALGO/USDT:USDT,0.2692,23702.3,0.2691,43333.9,0.2694,78419.9,0.2695,160513.4
1753504017971,04:26:57.971,ALGO/USDT:USDT,0.2693,28469.9,0.2692,26387.1,0.2694,74706.6,0.2695,160513.4
1753504018121,04:26:58.121,ALGO/USDT:USDT,0.2693,33948.2,0.2692,42947.7,0.2694,60706.6,0.2695,160513.4
1753504018271,04:26:58.271,ALGO/USDT:USDT,0.2693,33948.2,0.2692,42947.7,0.2694,60706.6,0.2695,160884.6
1753504018421,04:26:58.421,ALGO/USDT:USDT,0.2693,33948.2,0.2692,42947.7,0.2694,60706.6,0.2695,160884.6
1753504018571,04:26:58.571,ALGO/USDT:USDT,0.2693,33948.2,0.2692,42947.7,0.2694,60706.6,0.2695,160884.6
1753504018871,04:26:58.871,ALGO/USDT:USDT,0.2693,33948.2,0.2692,42947.7,0.2694,60706.6,0.2695,160884.6
1753504019171,04:26:59.171,ALGO/USDT:USDT,0.2693,33948.2,0.2692,42947.7,0.2694,60706.6,0.2695,160513.4
1753504019472,04:26:59.472,ALGO/USDT:USDT,0.2693,34726.4,0.2692,42947.7,0.2694,59850.7,0.2695,160513.4
1753504019622,04:26:59.622,ALGO/USDT:USDT,0.2693,34726.4,0.2692,43725.9,0.2694,59850.7,0.2695,160513.4
1753504019922,04:26:59.922,ALGO/USDT:USDT,0.2693,33948.2,0.2692,43725.9,0.2694,59850.7,0.2695,160513.4
1753504020372,04:27:00.372,ALGO/USDT:USDT,0.2693,33948.2,0.2692,43725.9,0.2694,59850.7,0.2695,160513.4
1753504020822,04:27:00.822,ALGO/USDT:USDT,0.2693,33948.2,0.2692,43725.9,0.2694,59850.7,0.2695,160513.4
1753504020973,04:27:00.973,ALGO/USDT:USDT,0.2693,33948.2,0.2692,43725.9,0.2694,59850.7,0.2695,160513.4
1753504021273,04:27:01.273,ALGO/USDT:USDT,0.2693,18303.1,0.2692,42947.7,0.2694,59850.7,0.2695,160513.4
1753504021423,04:27:01.423,ALGO/USDT:USDT,0.2693,18303.1,0.2692,42947.7,0.2694,59850.7,0.2695,160513.4
1753504021723,04:27:01.723,ALGO/USDT:USDT,0.2693,22565.2,0.2692,42947.7,0.2694,59850.7,0.2695,160513.4
1753504021873,04:27:01.873,ALGO/USDT:USDT,0.2693,22565.2,0.2692,42947.7,0.2694,59850.7,0.2695,159753.4
1753504022023,04:27:02.023,ALGO/USDT:USDT,0.2693,22565.2,0.2692,42947.7,0.2694,59850.7,0.2695,159753.4
1753504022173,04:27:02.173,ALGO/USDT:USDT,0.2693,22565.2,0.2692,42947.7,0.2694,59850.7,0.2695,159753.4
1753504022474,04:27:02.474,ALGO/USDT:USDT,0.2693,22565.2,0.2692,42947.7,0.2694,59850.7,0.2695,159753.4
1753504022624,04:27:02.624,ALGO/USDT:USDT,0.2694,53862.5,0.2693,33736.3,0.2696,136267.0,0.2697,187436.0
1753504022774,04:27:02.774,ALGO/USDT:USDT,0.2695,19948.2,0.2694,64529.2,0.2696,7533.0,0.2697,215109.0
1753504022924,04:27:02.924,ALGO/USDT:USDT,0.2695,17932.9,0.2694,78065.2,0.2696,67226.9,0.2697,142361.7
1753504023074,04:27:03.074,ALGO/USDT:USDT,0.2695,17932.9,0.2694,78065.2,0.2696,67226.9,0.2697,142361.7
1753504023224,04:27:03.224,ALGO/USDT:USDT,0.2695,17932.9,0.2694,79971.8,0.2696,69233.5,0.2697,142361.7
1753504023524,04:27:03.524,ALGO/USDT:USDT,0.2695,17932.9,0.2694,79971.8,0.2696,69233.5,0.2697,142361.7
1753504023674,04:27:03.674,ALGO/USDT:USDT,0.2695,17932.9,0.2694,79971.8,0.2696,69133.5,0.2697,142361.7
1753504023824,04:27:03.824,ALGO/USDT:USDT,0.2695,34617.7,0.2694,79971.8,0.2696,67226.9,0.2697,141990.7
1753504023974,04:27:03.974,ALGO/USDT:USDT,0.2695,34617.7,0.2694,79971.8,0.2696,67226.9,0.2697,141990.7
1753504024275,04:27:04.275,ALGO/USDT:USDT,0.2695,34617.7,0.2694,79971.8,0.2696,19626.4,0.2697,78225.0
1753504024575,04:27:04.575,ALGO/USDT:USDT,0.2695,34617.7,0.2694,79971.8,0.2696,19626.4,0.2697,78225.0
1753504025025,04:27:05.025,ALGO/USDT:USDT,0.2695,34617.7,0.2694,79971.8,0.2696,19626.4,0.2697,78225.0
1753504025325,04:27:05.325,ALGO/USDT:USDT,0.2695,34617.7,0.2694,79971.8,0.2696,19626.4,0.2697,78225.0
1753504025475,04:27:05.475,ALGO/USDT:USDT,0.2695,34617.7,0.2694,79971.8,0.2696,19626.4,0.2697,78225.0
1753504025776,04:27:05.776,ALGO/USDT:USDT,0.2695,33839.5,0.2694,79971.8,0.2696,19626.4,0.2697,78225.0
1753504025926,04:27:05.926,ALGO/USDT:USDT,0.2695,33839.5,0.2694,79971.8,0.2696,19626.4,0.2697,76974.2
1753504026076,04:27:06.076,ALGO/USDT:USDT,0.2695,34617.7,0.2694,79971.8,0.2696,19626.4,0.2697,76974.2
1753504026226,04:27:06.226,ALGO/USDT:USDT,0.2695,34617.7,0.2694,79971.8,0.2696,19626.4,0.2697,76974.2
1753504026376,04:27:06.376,ALGO/USDT:USDT,0.2695,34617.7,0.2694,79971.8,0.2696,19626.4,0.2697,76974.2
1753504026526,04:27:06.526,ALGO/USDT:USDT,0.2695,34617.7,0.2694,79971.8,0.2696,19626.4,0.2697,76974.2
1753504026676,04:27:06.676,ALGO/USDT:USDT,0.2695,34617.7,0.2694,79971.8,0.2696,19626.4,0.2697,76974.2
1753504026826,04:27:06.826,ALGO/USDT:USDT,0.2695,34617.7,0.2694,79971.8,0.2696,5626.4,0.2697,76974.2
1753504026976,04:27:06.976,ALGO/USDT:USDT,0.2695,34617.7,0.2694,79971.8,0.2696,5626.4,0.2697,76974.2
1753504027126,04:27:07.126,ALGO/USDT:USDT,0.2695,34617.7,0.2694,79971.8,0.2696,5626.4,0.2697,76974.2
1753504027277,04:27:07.277,ALGO/USDT:USDT,0.2695,34617.7,0.2694,79971.8,0.2696,5626.4,0.2697,76974.2
1753504027427,04:27:07.427,ALGO/USDT:USDT,0.2695,34617.7,0.2694,79971.8,0.2696,5626.4,0.2697,76974.2
1753504027577,04:27:07.577,ALGO/USDT:USDT,0.2695,33839.5,0.2694,79971.8,0.2696,5626.4,0.2697,76974.2
1753504027727,04:27:07.727,ALGO/USDT:USDT,0.2695,34617.7,0.2694,79971.8,0.2696,5626.4,0.2697,76974.2
1753504027877,04:27:07.877,ALGO/USDT:USDT,0.2695,34617.7,0.2694,79971.8,0.2696,5626.4,0.2697,76214.2
1753504028027,04:27:08.027,ALGO/USDT:USDT,0.2695,34617.7,0.2694,79971.8,0.2696,5626.4,0.2697,76214.2
1753504028177,04:27:08.177,ALGO/USDT:USDT,0.2695,34617.7,0.2694,79971.8,0.2696,5626.4,0.2697,76214.2
1753504028778,04:27:08.778,ALGO/USDT:USDT,0.2695,34617.7,0.2694,79971.8,0.2696,19626.4,0.2697,76214.2
1753504029078,04:27:09.078,ALGO/USDT:USDT,0.2695,33839.5,0.2694,79971.8,0.2696,19626.4,0.2697,76214.2
1753504029228,04:27:09.228,ALGO/USDT:USDT,0.2695,34617.7,0.2694,79971.8,0.2696,19626.4,0.2697,76214.2
1753504029378,04:27:09.378,ALGO/USDT:USDT,0.2695,34617.7,0.2694,79971.8,0.2696,19626.4,0.2697,76214.2
1753504029528,04:27:09.528,ALGO/USDT:USDT,0.2695,34617.7,0.2694,79971.8,0.2696,19626.4,0.2697,79197.9
1753504029678,04:27:09.678,ALGO/USDT:USDT,0.2695,34617.7,0.2694,79971.8,0.2696,19626.4,0.2697,79197.9
1753504029828,04:27:09.828,ALGO/USDT:USDT,0.2695,34617.7,0.2694,79971.8,0.2696,5626.4,0.2697,79197.9
1753504029978,04:27:09.978,ALGO/USDT:USDT,0.2695,34617.7,0.2694,79971.8,0.2696,5626.4,0.2697,79197.9
1753504030278,04:27:10.278,ALGO/USDT:USDT,0.2695,34617.7,0.2694,79971.8,0.2696,5626.4,0.2697,79197.9
1753504030429,04:27:10.429,ALGO/USDT:USDT,0.2695,34617.7,0.2694,79971.8,0.2696,5626.4,0.2697,79197.9
1753504030579,04:27:10.579,ALGO/USDT:USDT,0.2695,34617.7,0.2694,79971.8,0.2696,5626.4,0.2697,79197.9
1753504030879,04:27:10.879,ALGO/USDT:USDT,0.2695,34617.7,0.2694,79971.8,0.2696,5626.4,0.2697,79197.9
1753504031029,04:27:11.029,ALGO/USDT:USDT,0.2695,34617.7,0.2694,79971.8,0.2696,5626.4,0.2697,79197.9
1753504031179,04:27:11.179,ALGO/USDT:USDT,0.2695,34617.7,0.2694,79971.8,0.2696,5626.4,0.2697,79197.9
1753504031329,04:27:11.329,ALGO/USDT:USDT,0.2695,34617.7,0.2694,79971.8,0.2696,5626.4,0.2697,79197.9
1753504031479,04:27:11.479,ALGO/USDT:USDT,0.2695,34617.7,0.2694,79971.8,0.2696,5626.4,0.2697,79197.9
1753504032080,04:27:12.080,ALGO/USDT:USDT,0.2695,34617.7,0.2694,79971.8,0.2696,5626.4,0.2697,79197.9
1753504032230,04:27:12.230,ALGO/USDT:USDT,0.2695,34617.7,0.2694,79971.8,0.2696,5581.1,0.2697,79197.9
1753504032380,04:27:12.380,ALGO/USDT:USDT,0.2695,34617.7,0.2694,79971.8,0.2696,5537.1,0.2697,79197.9
1753504032680,04:27:12.680,ALGO/USDT:USDT,0.2695,34617.7,0.2694,79971.8,0.2696,5427.4,0.2697,79197.9
1753504032830,04:27:12.830,ALGO/USDT:USDT,0.2695,33839.5,0.2694,79971.8,0.2696,5427.4,0.2697,79197.9
1753504032980,04:27:12.980,ALGO/USDT:USDT,0.2695,33839.5,0.2694,79971.8,0.2696,5427.4,0.2697,79197.9
1753504033130,04:27:13.130,ALGO/USDT:USDT,0.2695,33839.5,0.2694,79971.8,0.2696,5427.4,0.2697,79197.9
1753504033580,04:27:13.580,ALGO/USDT:USDT,0.2695,33839.5,0.2694,79971.8,0.2696,5339.8,0.2697,79197.9
1753504033881,04:27:13.881,ALGO/USDT:USDT,0.2695,33839.5,0.2694,79971.8,0.2696,5274.1,0.2697,79197.9
1753504034031,04:27:14.031,ALGO/USDT:USDT,0.2695,33839.5,0.2694,79971.8,0.2696,5252.2,0.2697,79197.9
1753504034181,04:27:14.181,ALGO/USDT:USDT,0.2695,33839.5,0.2694,79971.8,0.2696,5252.2,0.2697,79197.9
1753504034331,04:27:14.331,ALGO/USDT:USDT,0.2695,33839.5,0.2694,79971.8,0.2696,5208.4,0.2697,79197.9
1753504035081,04:27:15.081,ALGO/USDT:USDT,0.2695,34617.7,0.2694,79971.8,0.2696,5077.0,0.2697,79197.9
1753504035232,04:27:15.232,ALGO/USDT:USDT,0.2695,34617.7,0.2694,79971.8,0.2696,8038.8,0.2697,81993.4
1753504035532,04:27:15.532,ALGO/USDT:USDT,0.2695,33839.5,0.2694,79971.8,0.2696,7995.0,0.2697,81993.4
1753504035682,04:27:15.682,ALGO/USDT:USDT,0.2695,33839.5,0.2694,79971.8,0.2696,7995.0,0.2697,81993.4
1753504035832,04:27:15.832,ALGO/USDT:USDT,0.2695,33839.5,0.2694,79971.8,0.2696,7995.0,0.2697,81993.4
1753504035982,04:27:15.982,ALGO/USDT:USDT,0.2695,33839.5,0.2694,79971.8,0.2696,7973.1,0.2697,81993.4
1753504036282,04:27:16.282,ALGO/USDT:USDT,0.2695,34617.7,0.2694,79971.8,0.2696,7951.2,0.2697,81993.4
1753504036432,04:27:16.432,ALGO/USDT:USDT,0.2695,34617.7,0.2694,79971.8,0.2696,7951.2,0.2697,81993.4
1753504036582,04:27:16.582,ALGO/USDT:USDT,0.2695,34617.7,0.2694,79971.8,0.2696,7907.4,0.2697,81993.4
1753504036883,04:27:16.883,ALGO/USDT:USDT,0.2695,33839.5,0.2694,79971.8,0.2696,21907.4,0.2697,81993.4
1753504037033,04:27:17.033,ALGO/USDT:USDT,0.2695,33839.5,0.2694,79971.8,0.2696,21907.4,0.2697,81993.4
1753504037333,04:27:17.333,ALGO/USDT:USDT,0.2695,33839.5,0.2694,79971.8,0.2696,21907.4,0.2697,81993.4
1753504037483,04:27:17.483,ALGO/USDT:USDT,0.2695,33839.5,0.2694,79971.8,0.2696,21907.4,0.2697,81993.4
1753504037633,04:27:17.633,ALGO/USDT:USDT,0.2695,33839.5,0.2694,79971.8,0.2696,21907.4,0.2697,81993.4
1753504037783,04:27:17.783,ALGO/USDT:USDT,0.2695,33839.5,0.2694,79971.8,0.2696,21907.4,0.2697,81993.4
1753504037933,04:27:17.933,ALGO/USDT:USDT,0.2695,33839.5,0.2694,79971.8,0.2696,21907.4,0.2697,81993.4
1753504038083,04:27:18.083,ALGO/USDT:USDT,0.2695,33839.5,0.2694,79971.8,0.2696,21907.4,0.2697,81993.4
1753504038834,04:27:18.834,ALGO/USDT:USDT,0.2695,34617.7,0.2694,127402.3,0.2696,7907.4,0.2697,81993.4
1753504038984,04:27:18.984,ALGO/USDT:USDT,0.2695,33839.5,0.2694,127402.3,0.2696,7907.4,0.2697,81993.4
1753504039134,04:27:19.134,ALGO/USDT:USDT,0.2695,33839.5,0.2694,127402.3,0.2696,7907.4,0.2697,81993.4
1753504039284,04:27:19.284,ALGO/USDT:USDT,0.2695,33839.5,0.2694,127402.3,0.2696,7907.4,0.2697,81993.4
1753504039434,04:27:19.434,ALGO/USDT:USDT,0.2695,33839.5,0.2694,127402.3,0.2696,7907.4,0.2697,81993.4
1753504039584,04:27:19.584,ALGO/USDT:USDT,0.2695,33839.5,0.2694,127402.3,0.2696,7907.4,0.2697,81993.4
1753504039884,04:27:19.884,ALGO/USDT:USDT,0.2695,33839.5,0.2694,127402.3,0.2696,21907.4,0.2697,81993.4
1753504040035,04:27:20.035,ALGO/USDT:USDT,0.2695,33839.5,0.2694,127402.3,0.2696,21907.4,0.2697,81993.4
1753504040185,04:27:20.185,ALGO/USDT:USDT,0.2695,33839.5,0.2694,127402.3,0.2696,21907.4,0.2697,81993.4
1753504040635,04:27:20.635,ALGO/USDT:USDT,0.2695,33839.5,0.2694,127402.3,0.2696,21907.4,0.2697,81993.4
1753504040785,04:27:20.785,ALGO/USDT:USDT,0.2695,33839.5,0.2694,127402.3,0.2696,21907.4,0.2697,81993.4
1753504040935,04:27:20.935,ALGO/USDT:USDT,0.2695,33839.5,0.2694,127402.3,0.2696,21907.4,0.2697,81993.4
1753504041235,04:27:21.235,ALGO/USDT:USDT,0.2695,34617.7,0.2694,127402.3,0.2696,21907.4,0.2697,81993.4
1753504041686,04:27:21.686,ALGO/USDT:USDT,0.2695,33839.5,0.2694,127402.3,0.2696,21907.4,0.2697,81993.4
1753504041836,04:27:21.836,ALGO/USDT:USDT,0.2695,33839.5,0.2694,127402.3,0.2696,21907.4,0.2697,81993.4
1753504042136,04:27:22.136,ALGO/USDT:USDT,0.2695,34617.7,0.2694,127402.3,0.2696,7907.4,0.2697,81993.4
1753504042286,04:27:22.286,ALGO/USDT:USDT,0.2695,34617.7,0.2694,127402.3,0.2696,7907.4,0.2697,81993.4
1753504043036,04:27:23.036,ALGO/USDT:USDT,0.2695,34617.7,0.2694,127402.3,0.2696,7907.4,0.2697,81993.4
1753504043186,04:27:23.186,ALGO/USDT:USDT,0.2695,34617.7,0.2694,127402.3,0.2696,7907.4,0.2697,81993.4
1753504043337,04:27:23.337,ALGO/USDT:USDT,0.2695,33839.5,0.2694,127402.3,0.2696,7907.4,0.2697,81993.4
1753504043487,04:27:23.487,ALGO/USDT:USDT,0.2695,34617.7,0.2694,127402.3,0.2696,7907.4,0.2697,81993.4
1753504043937,04:27:23.937,ALGO/USDT:USDT,0.2695,34617.7,0.2694,127402.3,0.2696,7907.4,0.2697,81993.4
1753504044087,04:27:24.087,ALGO/USDT:USDT,0.2695,34617.7,0.2694,127402.3,0.2696,7907.4,0.2697,81993.4
1753504044237,04:27:24.237,ALGO/USDT:USDT,0.2695,34617.7,0.2694,127402.3,0.2696,7907.4,0.2697,81993.4
1753504044537,04:27:24.537,ALGO/USDT:USDT,0.2695,33839.5,0.2694,127402.3,0.2696,7907.4,0.2697,81993.4
1753504044687,04:27:24.687,ALGO/USDT:USDT,0.2695,33839.5,0.2694,127402.3,0.2696,7907.4,0.2697,81993.4
1753504044838,04:27:24.838,ALGO/USDT:USDT,0.2695,33839.5,0.2694,127402.3,0.2696,7907.4,0.2697,81993.4
1753504044988,04:27:24.988,ALGO/USDT:USDT,0.2695,33839.5,0.2694,127402.3,0.2696,7907.4,0.2697,81993.4
1753504045738,04:27:25.738,ALGO/USDT:USDT,0.2695,33839.5,0.2694,127402.3,0.2696,7907.4,0.2697,81993.4
1753504045888,04:27:25.888,ALGO/USDT:USDT,0.2695,33839.5,0.2694,127402.3,0.2696,7907.4,0.2697,81993.4
1753504046038,04:27:26.038,ALGO/USDT:USDT,0.2695,33839.5,0.2694,127402.3,0.2696,7907.4,0.2697,81993.4
1753504046639,04:27:26.639,ALGO/USDT:USDT,0.2695,33839.5,0.2694,127402.3,0.2696,22777.1,0.2697,81993.4
1753504046789,04:27:26.789,ALGO/USDT:USDT,0.2695,33839.5,0.2694,127402.3,0.2696,22777.1,0.2697,81993.4
1753504046939,04:27:26.939,ALGO/USDT:USDT,0.2695,33839.5,0.2694,127402.3,0.2696,22777.1,0.2697,81993.4
1753504047239,04:27:27.239,ALGO/USDT:USDT,0.2695,33839.5,0.2694,127402.3,0.2696,22777.1,0.2697,81993.4
1753504047839,04:27:27.839,ALGO/USDT:USDT,0.2695,33839.5,0.2694,127402.3,0.2696,22777.1,0.2697,81993.4
1753504047990,04:27:27.990,ALGO/USDT:USDT,0.2695,33839.5,0.2694,127402.3,0.2696,22777.1,0.2697,81993.4
1753504048140,04:27:28.140,ALGO/USDT:USDT,0.2695,33839.5,0.2694,127402.3,0.2696,22777.1,0.2697,81993.4
1753504048290,04:27:28.290,ALGO/USDT:USDT,0.2695,33839.5,0.2694,127402.3,0.2696,22777.1,0.2697,81993.4
1753504048440,04:27:28.440,ALGO/USDT:USDT,0.2695,33839.5,0.2694,127402.3,0.2696,22777.1,0.2697,81993.4
1753504048590,04:27:28.590,ALGO/USDT:USDT,0.2695,33839.5,0.2694,127402.3,0.2696,22777.1,0.2697,81993.4
1753504048740,04:27:28.740,ALGO/USDT:USDT,0.2695,33839.5,0.2694,127402.3,0.2696,22777.1,0.2697,81993.4
1753504048890,04:27:28.890,ALGO/USDT:USDT,0.2695,33839.5,0.2694,127402.3,0.2696,22777.1,0.2697,81993.4
1753504049190,04:27:29.190,ALGO/USDT:USDT,0.2695,34617.7,0.2694,127402.3,0.2696,8777.1,0.2697,81993.4
1753504049340,04:27:29.340,ALGO/USDT:USDT,0.2695,34617.7,0.2694,127402.3,0.2696,8777.1,0.2697,81993.4
1753504049491,04:27:29.491,ALGO/USDT:USDT,0.2695,34617.7,0.2694,127402.3,0.2696,8777.1,0.2697,81993.4
1753504049641,04:27:29.641,ALGO/USDT:USDT,0.2695,33839.5,0.2694,127402.3,0.2696,22777.1,0.2697,81993.4
1753504049941,04:27:29.941,ALGO/USDT:USDT,0.2695,34617.7,0.2694,127402.3,0.2696,22777.1,0.2697,81993.4
1753504050091,04:27:30.091,ALGO/USDT:USDT,0.2695,34617.7,0.2694,127402.3,0.2696,22777.1,0.2697,81993.4
1753504050391,04:27:30.391,ALGO/USDT:USDT,0.2695,19839.5,0.2694,127402.3,0.2696,23555.3,0.2697,81993.4
1753504050541,04:27:30.541,ALGO/USDT:USDT,0.2695,19839.5,0.2694,127402.3,0.2696,25461.9,0.2697,81993.4
1753504050841,04:27:30.841,ALGO/USDT:USDT,0.2695,19839.5,0.2694,127402.3,0.2696,24683.7,0.2697,81993.4
1753504050991,04:27:30.991,ALGO/USDT:USDT,0.2695,19839.5,0.2694,127402.3,0.2696,24683.7,0.2697,81993.4
1753504051292,04:27:31.292,ALGO/USDT:USDT,0.2695,19839.5,0.2694,127402.3,0.2696,24683.7,0.2697,81993.4
1753504051442,04:27:31.442,ALGO/USDT:USDT,0.2695,19839.5,0.2694,127402.3,0.2696,24683.7,0.2697,81993.4
1753504051592,04:27:31.592,ALGO/USDT:USDT,0.2695,33839.5,0.2694,127402.3,0.2696,24683.7,0.2697,81993.4
1753504051742,04:27:31.742,ALGO/USDT:USDT,0.2695,19839.5,0.2694,127402.3,0.2696,24683.7,0.2697,81993.4
1753504052192,04:27:32.192,ALGO/USDT:USDT,0.2695,19839.5,0.2694,127402.3,0.2696,24683.7,0.2697,81993.4
1753504052342,04:27:32.342,ALGO/USDT:USDT,0.2695,19839.5,0.2694,127402.3,0.2696,24683.7,0.2697,81993.4
1753504052492,04:27:32.492,ALGO/USDT:USDT,0.2695,19839.5,0.2694,127402.3,0.2696,24683.7,0.2697,81993.4
1753504052643,04:27:32.643,ALGO/USDT:USDT,0.2695,33839.5,0.2694,127402.3,0.2696,22777.1,0.2697,81993.4
1753504052943,04:27:32.943,ALGO/USDT:USDT,0.2695,33839.5,0.2694,127402.3,0.2696,22777.1,0.2697,81993.4
1753504053093,04:27:33.093,ALGO/USDT:USDT,0.2695,33839.5,0.2694,127402.3,0.2696,22777.1,0.2697,81993.4
1753504053243,04:27:33.243,ALGO/USDT:USDT,0.2695,33839.5,0.2694,127402.3,0.2696,22777.1,0.2697,81993.4
1753504053393,04:27:33.393,ALGO/USDT:USDT,0.2695,33839.5,0.2694,127402.3,0.2696,22777.1,0.2697,81993.4
1753504053543,04:27:33.543,ALGO/USDT:USDT,0.2695,33839.5,0.2694,127402.3,0.2696,22777.1,0.2697,81993.4
1753504053693,04:27:33.693,ALGO/USDT:USDT,0.2695,33839.5,0.2694,127402.3,0.2696,22777.1,0.2697,81993.4
1753504053843,04:27:33.843,ALGO/USDT:USDT,0.2695,33839.5,0.2694,127402.3,0.2696,22777.1,0.2697,81993.4
1753504054143,04:27:34.143,ALGO/USDT:USDT,0.2695,33839.5,0.2694,127402.3,0.2696,22777.1,0.2697,81993.4
1753504054444,04:27:34.444,ALGO/USDT:USDT,0.2695,33839.5,0.2694,127402.3,0.2696,22777.1,0.2697,81993.4
1753504054744,04:27:34.744,ALGO/USDT:USDT,0.2695,33839.5,0.2694,127402.3,0.2696,22777.1,0.2697,81993.4
1753504054894,04:27:34.894,ALGO/USDT:USDT,0.2695,33839.5,0.2694,127402.3,0.2696,22777.1,0.2697,81993.4
1753504055044,04:27:35.044,ALGO/USDT:USDT,0.2695,34617.7,0.2694,127402.3,0.2696,8777.1,0.2697,81993.4
1753504055194,04:27:35.194,ALGO/USDT:USDT,0.2695,34617.7,0.2694,127402.3,0.2696,7907.4,0.2697,81993.4
1753504055344,04:27:35.344,ALGO/USDT:USDT,0.2695,34617.7,0.2694,127402.3,0.2696,7907.4,0.2697,81993.4
1753504055494,04:27:35.494,ALGO/USDT:USDT,0.2695,34617.7,0.2694,127402.3,0.2696,21907.4,0.2697,81993.4
1753504055644,04:27:35.644,ALGO/USDT:USDT,0.2695,33839.5,0.2694,127402.3,0.2696,21907.4,0.2697,81993.4
1753504055794,04:27:35.794,ALGO/USDT:USDT,0.2695,33839.5,0.2694,127402.3,0.2696,21907.4,0.2697,81993.4
1753504055945,04:27:35.945,ALGO/USDT:USDT,0.2695,33839.5,0.2694,127402.3,0.2696,21907.4,0.2697,81993.4
1753504056095,04:27:36.095,ALGO/USDT:USDT,0.2695,33839.5,0.2694,127402.3,0.2696,21907.4,0.2697,81993.4
1753504056245,04:27:36.245,ALGO/USDT:USDT,0.2695,33839.5,0.2694,127402.3,0.2696,21907.4,0.2697,81993.4
1753504056395,04:27:36.395,ALGO/USDT:USDT,0.2695,33839.5,0.2694,127402.3,0.2696,21907.4,0.2697,81993.4
1753504056545,04:27:36.545,ALGO/USDT:USDT,0.2695,33839.5,0.2694,127402.3,0.2696,21907.4,0.2697,81993.4
1753504056695,04:27:36.695,ALGO/USDT:USDT,0.2695,33839.5,0.2694,127402.3,0.2696,21907.4,0.2697,81993.4
1753504056845,04:27:36.845,ALGO/USDT:USDT,0.2695,33839.5,0.2694,127402.3,0.2696,21907.4,0.2697,81993.4
1753504056995,04:27:36.995,ALGO/USDT:USDT,0.2695,34617.7,0.2694,127402.3,0.2696,21907.4,0.2697,81993.4
1753504057145,04:27:37.145,ALGO/USDT:USDT,0.2695,33839.5,0.2694,127402.3,0.2696,21907.4,0.2697,81993.4
1753504057295,04:27:37.295,ALGO/USDT:USDT,0.2695,33839.5,0.2694,127402.3,0.2696,21907.4,0.2697,81993.4
1753504057445,04:27:37.445,ALGO/USDT:USDT,0.2695,33839.5,0.2694,127402.3,0.2696,21907.4,0.2697,81993.4
1753504057596,04:27:37.596,ALGO/USDT:USDT,0.2695,33839.5,0.2694,127402.3,0.2696,21907.4,0.2697,81993.4
1753504057746,04:27:37.746,ALGO/USDT:USDT,0.2695,33839.5,0.2694,127402.3,0.2696,21907.4,0.2697,81993.4
1753504057896,04:27:37.896,ALGO/USDT:USDT,0.2695,33839.5,0.2694,127402.3,0.2696,7907.4,0.2697,81993.4
1753504058346,04:27:38.346,ALGO/USDT:USDT,0.2696,1.9,0.2695,33839.5,0.2697,71447.7,0.2698,123857.4
1753504058646,04:27:38.646,ALGO/USDT:USDT,0.2696,26437.6,0.2695,50572.5,0.2697,9563.1,0.2698,75548.8
1753504058796,04:27:38.796,ALGO/USDT:USDT,0.2696,26437.6,0.2695,50572.5,0.2697,11469.7,0.2698,75548.8
1753504058946,04:27:38.946,ALGO/USDT:USDT,0.2696,26437.6,0.2695,47712.6,0.2697,11469.7,0.2698,75548.8
1753504059096,04:27:39.096,ALGO/USDT:USDT,0.2694,4262.1,0.2693,22438.3,0.2695,60965.4,0.2696,33864.2
1753504059246,04:27:39.246,ALGO/USDT:USDT,0.2693,5102.2,0.2692,9130.7,0.2694,866.4,0.2695,120124.3
1753504059397,04:27:39.397,ALGO/USDT:USDT,0.2693,27435.8,0.2692,26466.8,0.2694,23525.8,0.2695,132416.0
1753504059547,04:27:39.547,ALGO/USDT:USDT,0.2693,27435.8,0.2692,25706.8,0.2694,22029.9,0.2695,133176.0
1753504059697,04:27:39.697,ALGO/USDT:USDT,0.2693,27435.8,0.2692,25706.8,0.2694,7251.7,0.2695,133176.0
1753504059847,04:27:39.847,ALGO/USDT:USDT,0.2693,27435.8,0.2692,25706.8,0.2694,7251.7,0.2695,133176.0
1753504059997,04:27:39.997,ALGO/USDT:USDT,0.2693,27435.8,0.2692,25706.8,0.2694,7251.7,0.2695,133176.0
1753504060147,04:27:40.147,ALGO/USDT:USDT,0.2693,27435.8,0.2692,25706.8,0.2694,7251.7,0.2695,133176.0
1753504060297,04:27:40.297,ALGO/USDT:USDT,0.2693,27435.8,0.2692,25706.8,0.2694,7251.7,0.2695,133176.0
1753504060447,04:27:40.447,ALGO/USDT:USDT,0.2693,27435.8,0.2692,25706.8,0.2694,2989.6,0.2695,133176.0
1753504060747,04:27:40.747,ALGO/USDT:USDT,0.2693,27435.8,0.2692,25706.8,0.2694,2989.6,0.2695,133176.0
1753504061048,04:27:41.048,ALGO/USDT:USDT,0.2693,27435.8,0.2692,25706.8,0.2694,2989.6,0.2695,133176.0
1753504061198,04:27:41.198,ALGO/USDT:USDT,0.2693,27435.8,0.2692,25706.8,0.2694,7251.7,0.2695,133176.0
1753504061348,04:27:41.348,ALGO/USDT:USDT,0.2693,27435.8,0.2692,25706.8,0.2694,7251.7,0.2695,133176.0
1753504061498,04:27:41.498,ALGO/USDT:USDT,0.2693,27435.8,0.2692,25706.8,0.2694,2989.6,0.2695,133176.0
1753504061648,04:27:41.648,ALGO/USDT:USDT,0.2693,27435.8,0.2692,25706.8,0.2694,2989.6,0.2695,133176.0
1753504061798,04:27:41.798,ALGO/USDT:USDT,0.2693,27435.8,0.2692,25706.8,0.2694,2989.6,0.2695,133176.0
1753504061948,04:27:41.948,ALGO/USDT:USDT,0.2693,27435.8,0.2692,25706.8,0.2694,2989.6,0.2695,133176.0
1753504062248,04:27:42.248,ALGO/USDT:USDT,0.2693,27435.8,0.2692,25706.8,0.2694,2989.6,0.2695,133176.0
1753504062549,04:27:42.549,ALGO/USDT:USDT,0.2693,27435.8,0.2692,25706.8,0.2694,2989.6,0.2695,133176.0
1753504062699,04:27:42.699,ALGO/USDT:USDT,0.2693,27435.8,0.2692,25706.8,0.2694,2123.2,0.2695,133176.0
1753504062849,04:27:42.849,ALGO/USDT:USDT,0.2693,27435.8,0.2692,25706.8,0.2694,2123.2,0.2695,133176.0
1753504063149,04:27:43.149,ALGO/USDT:USDT,0.2693,27435.8,0.2692,25706.8,0.2694,2989.6,0.2695,133176.0
1753504063299,04:27:43.299,ALGO/USDT:USDT,0.2693,27435.8,0.2692,25706.8,0.2694,2989.6,0.2695,133176.0
1753504063449,04:27:43.449,ALGO/USDT:USDT,0.2693,27435.8,0.2692,25706.8,0.2694,16989.6,0.2695,133176.0
1753504063599,04:27:43.599,ALGO/USDT:USDT,0.2693,27435.8,0.2692,25706.8,0.2694,16989.6,0.2695,133176.0
1753504063749,04:27:43.749,ALGO/USDT:USDT,0.2693,27435.8,0.2692,25706.8,0.2694,16989.6,0.2695,133176.0
1753504063899,04:27:43.899,ALGO/USDT:USDT,0.2693,27435.8,0.2692,25706.8,0.2694,21251.7,0.2695,133176.0
1753504064049,04:27:44.049,ALGO/USDT:USDT,0.2693,27435.8,0.2692,25706.8,0.2694,21251.7,0.2695,133176.0
1753504064199,04:27:44.199,ALGO/USDT:USDT,0.2693,27435.8,0.2692,25706.8,0.2694,21251.7,0.2695,133176.0
1753504064500,04:27:44.500,ALGO/USDT:USDT,0.2693,27435.8,0.2692,25706.8,0.2694,24235.4,0.2695,133176.0
1753504064650,04:27:44.650,ALGO/USDT:USDT,0.2693,27435.8,0.2692,25706.8,0.2694,24235.4,0.2695,132416.0
1753504064800,04:27:44.800,ALGO/USDT:USDT,0.2693,27435.8,0.2692,25706.8,0.2694,24235.4,0.2695,132416.0
1753504064950,04:27:44.950,ALGO/USDT:USDT,0.2693,27435.8,0.2692,25706.8,0.2694,24235.4,0.2695,132416.0
1753504065100,04:27:45.100,ALGO/USDT:USDT,0.2693,27435.8,0.2692,25706.8,0.2694,24235.4,0.2695,132416.0
1753504065250,04:27:45.250,ALGO/USDT:USDT,0.2693,27435.8,0.2692,25706.8,0.2694,24235.4,0.2695,132416.0
1753504065550,04:27:45.550,ALGO/USDT:USDT,0.2693,27435.8,0.2692,25706.8,0.2694,24235.4,0.2695,132416.0
1753504065700,04:27:45.700,ALGO/USDT:USDT,0.2693,27435.8,0.2692,25706.8,0.2694,24235.4,0.2695,132416.0
1753504065851,04:27:45.851,ALGO/USDT:USDT,0.2693,27435.8,0.2692,25706.8,0.2694,5106.9,0.2695,132416.0
1753504066301,04:27:46.301,ALGO/USDT:USDT,0.2693,27435.8,0.2692,25706.8,0.2694,5106.9,0.2695,132416.0
1753504066451,04:27:46.451,ALGO/USDT:USDT,0.2693,27435.8,0.2692,25706.8,0.2694,19106.9,0.2695,132416.0
1753504066901,04:27:46.901,ALGO/USDT:USDT,0.2693,27435.8,0.2692,25706.8,0.2694,19106.9,0.2695,132416.0
1753504067051,04:27:47.051,ALGO/USDT:USDT,0.2693,27435.8,0.2692,25706.8,0.2694,23369.0,0.2695,132416.0
1753504067201,04:27:47.201,ALGO/USDT:USDT,0.2693,27435.8,0.2692,25706.8,0.2694,23369.0,0.2695,132416.0
1753504067351,04:27:47.351,ALGO/USDT:USDT,0.2693,27435.8,0.2692,25706.8,0.2694,23369.0,0.2695,132416.0
1753504067802,04:27:47.802,ALGO/USDT:USDT,0.2693,27435.8,0.2692,25706.8,0.2694,23369.0,0.2695,132416.0
1753504067952,04:27:47.952,ALGO/USDT:USDT,0.2693,27435.8,0.2692,25706.8,0.2694,23369.0,0.2695,132416.0
1753504068252,04:27:48.252,ALGO/USDT:USDT,0.2693,27435.8,0.2692,25706.8,0.2694,23369.0,0.2695,132416.0
1753504068402,04:27:48.402,ALGO/USDT:USDT,0.2693,27435.8,0.2692,25706.8,0.2694,23369.0,0.2695,132416.0
1753504068702,04:27:48.702,ALGO/USDT:USDT,0.2693,27435.8,0.2692,25706.8,0.2694,23369.0,0.2695,132416.0
1753504069002,04:27:49.002,ALGO/USDT:USDT,0.2693,27435.8,0.2692,25706.8,0.2694,23369.0,0.2695,132416.0
1753504069153,04:27:49.153,ALGO/USDT:USDT,0.2692,18173.8,0.2691,56234.0,0.2693,2983.7,0.2694,23733.6
1753504069453,04:27:49.453,ALGO/USDT:USDT,0.2692,19099.8,0.2691,26105.9,0.2693,22089.9,0.2694,36043.7
1753504069603,04:27:49.603,ALGO/USDT:USDT,0.2692,21006.4,0.2691,28965.8,0.2693,22089.9,0.2694,36043.7
1753504069753,04:27:49.753,ALGO/USDT:USDT,0.2692,21006.4,0.2691,28965.8,0.2693,22089.9,0.2694,36043.7
1753504069903,04:27:49.903,ALGO/USDT:USDT,0.2692,21006.4,0.2691,28965.8,0.2693,22089.9,0.2694,36043.7
1753504070053,04:27:50.053,ALGO/USDT:USDT,0.2692,21006.4,0.2691,28965.8,0.2693,22089.9,0.2694,36043.7
1753504070353,04:27:50.353,ALGO/USDT:USDT,0.2692,21006.4,0.2691,28594.4,0.2693,22089.9,0.2694,36043.7
1753504070503,04:27:50.503,ALGO/USDT:USDT,0.2692,21006.4,0.2691,28594.4,0.2693,22089.9,0.2694,36043.7
1753504070653,04:27:50.653,ALGO/USDT:USDT,0.2692,21006.4,0.2691,28594.4,0.2693,22089.9,0.2694,36043.7
1753504070804,04:27:50.804,ALGO/USDT:USDT,0.2692,21006.4,0.2691,28594.4,0.2693,22089.9,0.2694,36043.7
1753504070954,04:27:50.954,ALGO/USDT:USDT,0.2692,21006.4,0.2691,28594.4,0.2693,22089.9,0.2694,36043.7
1753504071254,04:27:51.254,ALGO/USDT:USDT,0.2692,21006.4,0.2691,28594.4,0.2693,22089.9,0.2694,36043.7
1753504071404,04:27:51.404,ALGO/USDT:USDT,0.2692,21006.4,0.2691,28594.4,0.2693,22089.9,0.2694,36043.7
1753504071704,04:27:51.704,ALGO/USDT:USDT,0.2692,21006.4,0.2691,28594.4,0.2693,22089.9,0.2694,36043.7
1753504072154,04:27:52.154,ALGO/USDT:USDT,0.2692,21006.4,0.2691,28594.4,0.2693,22089.9,0.2694,36043.7
1753504073205,04:27:53.205,ALGO/USDT:USDT,0.2692,21006.4,0.2691,28594.4,0.2693,22089.9,0.2694,36043.7
1753504073505,04:27:53.505,ALGO/USDT:USDT,0.2692,21006.4,0.2691,28594.4,0.2693,22089.9,0.2694,36043.7
1753504073805,04:27:53.805,ALGO/USDT:USDT,0.2691,25734.5,0.269,56075.9,0.2692,1495.9,0.2693,27634.6
1753504073955,04:27:53.955,ALGO/USDT:USDT,0.2691,12648.1,0.269,73433.7,0.2692,1495.9,0.2693,93222.0
1753504074256,04:27:54.256,ALGO/USDT:USDT,0.2691,12648.1,0.269,73433.7,0.2692,5758.0,0.2693,93222.0
1753504074406,04:27:54.406,ALGO/USDT:USDT,0.2691,26648.1,0.269,73433.7,0.2692,5758.0,0.2693,93222.0
1753504075156,04:27:55.156,ALGO/USDT:USDT,0.2691,26648.1,0.269,73433.7,0.2692,5758.0,0.2693,93222.0
1753504075306,04:27:55.306,ALGO/USDT:USDT,0.2691,26648.1,0.269,73433.7,0.2692,5758.0,0.2693,93222.0
1753504075456,04:27:55.456,ALGO/USDT:USDT,0.2691,26648.1,0.269,73433.7,0.2692,5758.0,0.2693,93222.0
1753504075907,04:27:55.907,ALGO/USDT:USDT,0.2691,26648.1,0.269,73433.7,0.2692,5758.0,0.2693,93222.0
1753504076207,04:27:56.207,ALGO/USDT:USDT,0.2691,24741.5,0.269,25650.8,0.2692,23289.6,0.2693,93222.0
1753504076357,04:27:56.357,ALGO/USDT:USDT,0.2691,24741.5,0.269,25650.8,0.2692,23289.6,0.2693,93593.5
1753504077107,04:27:57.107,ALGO/USDT:USDT,0.2691,10741.5,0.269,25650.8,0.2692,23289.6,0.2693,93593.5
1753504077257,04:27:57.257,ALGO/USDT:USDT,0.2691,10741.5,0.269,39650.8,0.2692,22511.4,0.2693,93593.5
1753504077408,04:27:57.408,ALGO/USDT:USDT,0.2691,10741.5,0.269,39650.8,0.2692,23289.6,0.2693,93222.0
1753504077558,04:27:57.558,ALGO/USDT:USDT,0.2691,10741.5,0.269,39650.8,0.2692,23289.6,0.2693,93222.0
1753504077708,04:27:57.708,ALGO/USDT:USDT,0.269,38890.8,0.2689,55029.8,0.2691,1495.9,0.2692,23289.6
1753504078008,04:27:58.008,ALGO/USDT:USDT,0.2691,2015.3,0.269,25795.1,0.2692,23663.5,0.2693,94092.0
1753504078158,04:27:58.158,ALGO/USDT:USDT,0.2691,19478.3,0.269,43158.8,0.2692,23663.5,0.2693,94092.0
1753504078308,04:27:58.308,ALGO/USDT:USDT,0.2691,21725.1,0.269,43530.3,0.2692,23663.5,0.2693,94092.0
1753504078458,04:27:58.458,ALGO/USDT:USDT,0.2691,3463.0,0.269,43530.3,0.2692,23663.5,0.2693,95718.1
1753504078758,04:27:58.758,ALGO/USDT:USDT,0.2691,14846.0,0.269,26166.6,0.2692,22885.3,0.2693,95718.1
1753504079359,04:27:59.359,ALGO/USDT:USDT,0.269,43157.5,0.2689,55029.8,0.2692,27378.8,0.2693,98288.2
1753504079509,04:27:59.509,ALGO/USDT:USDT,0.2691,35861.5,0.269,26573.3,0.2692,20978.7,0.2693,98288.2
1753504080259,04:28:00.259,ALGO/USDT:USDT,0.2691,33954.9,0.269,43938.6,0.2692,22885.3,0.2693,98288.2
1753504080409,04:28:00.409,ALGO/USDT:USDT,0.2691,33954.9,0.269,43938.6,0.2692,22885.3,0.2693,98288.2
1753504080559,04:28:00.559,ALGO/USDT:USDT,0.2691,33954.9,0.269,43160.4,0.2692,22885.3,0.2693,98288.2
1753504080710,04:28:00.710,ALGO/USDT:USDT,0.2691,33954.9,0.269,43160.4,0.2692,22885.3,0.2693,98288.2
1753504080860,04:28:00.860,ALGO/USDT:USDT,0.2691,33954.9,0.269,43160.4,0.2692,22885.3,0.2693,98288.2
1753504081160,04:28:01.160,ALGO/USDT:USDT,0.2691,33954.9,0.269,43160.4,0.2692,22885.3,0.2693,98288.2
1753504081310,04:28:01.310,ALGO/USDT:USDT,0.2691,33954.9,0.269,43160.4,0.2692,22885.3,0.2693,98288.2
1753504081460,04:28:01.460,ALGO/USDT:USDT,0.2691,33954.9,0.269,43160.4,0.2692,22885.3,0.2693,98288.2
1753504081760,04:28:01.760,ALGO/USDT:USDT,0.2691,33954.9,0.269,43160.4,0.2692,22885.3,0.2693,98288.2
1753504081910,04:28:01.910,ALGO/USDT:USDT,0.2691,33954.9,0.269,43160.4,0.2692,22885.3,0.2693,98288.2
1753504082210,04:28:02.210,ALGO/USDT:USDT,0.2691,31939.6,0.269,43160.4,0.2692,22885.3,0.2693,98288.2
1753504082361,04:28:02.361,ALGO/USDT:USDT,0.2691,31939.6,0.269,43160.4,0.2692,22885.3,0.2693,98288.2
1753504082511,04:28:02.511,ALGO/USDT:USDT,0.2691,31939.6,0.269,43160.4,0.2692,22885.3,0.2693,98288.2
1753504082961,04:28:02.961,ALGO/USDT:USDT,0.2691,31939.6,0.269,43160.4,0.2692,22885.3,0.2693,98288.2
1753504083261,04:28:03.261,ALGO/USDT:USDT,0.2691,31939.6,0.269,43160.4,0.2692,22885.3,0.2693,97528.2
1753504083411,04:28:03.411,ALGO/USDT:USDT,0.2691,31939.6,0.269,43160.4,0.2692,22885.3,0.2693,97528.2
1753504083561,04:28:03.561,ALGO/USDT:USDT,0.2691,31939.6,0.269,43160.4,0.2692,22885.3,0.2693,97528.2
1753504084162,04:28:04.162,ALGO/USDT:USDT,0.2691,31939.6,0.269,43160.4,0.2692,22885.3,0.2693,97528.2
1753504084312,04:28:04.312,ALGO/USDT:USDT,0.2691,31939.6,0.269,43160.4,0.2692,22885.3,0.2693,97528.2
1753504084462,04:28:04.462,ALGO/USDT:USDT,0.2691,31939.6,0.269,43160.4,0.2692,22885.3,0.2693,97528.2
1753504084612,04:28:04.612,ALGO/USDT:USDT,0.2691,31939.6,0.269,43160.4,0.2692,22885.3,0.2693,97528.2
1753504084762,04:28:04.762,ALGO/USDT:USDT,0.2691,31939.6,0.269,43160.4,0.2692,22885.3,0.2693,97528.2
1753504085062,04:28:05.062,ALGO/USDT:USDT,0.2691,31939.6,0.269,43160.4,0.2692,22885.3,0.2693,97528.2
1753504085663,04:28:05.663,ALGO/USDT:USDT,0.2691,29186.9,0.269,43160.4,0.2692,22885.3,0.2693,97528.2
1753504085813,04:28:05.813,ALGO/USDT:USDT,0.2691,29186.9,0.269,43160.4,0.2692,22885.3,0.2693,97528.2
1753504085963,04:28:05.963,ALGO/USDT:USDT,0.2691,29186.9,0.269,43160.4,0.2692,22885.3,0.2693,97528.2
1753504086263,04:28:06.263,ALGO/USDT:USDT,0.2691,29186.9,0.269,43160.4,0.2692,25869.0,0.2693,100323.7
1753504086413,04:28:06.413,ALGO/USDT:USDT,0.2691,29186.9,0.269,43160.4,0.2692,25869.0,0.2693,100323.7
1753504086563,04:28:06.563,ALGO/USDT:USDT,0.2691,29186.9,0.269,43160.4,0.2692,25869.0,0.2693,100323.7
1753504086713,04:28:06.713,ALGO/USDT:USDT,0.2691,29186.9,0.269,43160.4,0.2692,25869.0,0.2693,100323.7
1753504086863,04:28:06.863,ALGO/USDT:USDT,0.2691,29186.9,0.269,43160.4,0.2692,25869.0,0.2693,100323.7
1753504087464,04:28:07.464,ALGO/USDT:USDT,0.2691,29186.9,0.269,43160.4,0.2692,25869.0,0.2693,100323.7
1753504087614,04:28:07.614,ALGO/USDT:USDT,0.2691,29186.9,0.269,43160.4,0.2692,25869.0,0.2693,100323.7
1753504087914,04:28:07.914,ALGO/USDT:USDT,0.2691,29186.9,0.269,43160.4,0.2692,25869.0,0.2693,100323.7
1753504088064,04:28:08.064,ALGO/USDT:USDT,0.2691,29186.9,0.269,43160.4,0.2692,25869.0,0.2693,100323.7
1753504088214,04:28:08.214,ALGO/USDT:USDT,0.2691,29186.9,0.269,43160.4,0.2692,25869.0,0.2693,100323.7
1753504088364,04:28:08.364,ALGO/USDT:USDT,0.2691,29186.9,0.269,43160.4,0.2692,25869.0,0.2693,100323.7
1753504088515,04:28:08.515,ALGO/USDT:USDT,0.2691,29186.9,0.269,43160.4,0.2692,25869.0,0.2693,100323.7
1753504088665,04:28:08.665,ALGO/USDT:USDT,0.2691,29186.9,0.269,43160.4,0.2692,25869.0,0.2693,100323.7
1753504089265,04:28:09.265,ALGO/USDT:USDT,0.2691,29186.9,0.269,43160.4,0.2692,25869.0,0.2693,100323.7
1753504089415,04:28:09.415,ALGO/USDT:USDT,0.2691,29186.9,0.269,43160.4,0.2692,25869.0,0.2693,100323.7
1753504089565,04:28:09.565,ALGO/USDT:USDT,0.2691,29186.9,0.269,43160.4,0.2692,25869.0,0.2693,100323.7
1753504090015,04:28:10.015,ALGO/USDT:USDT,0.2691,29186.9,0.269,43160.4,0.2692,25869.0,0.2693,100323.7
1753504090166,04:28:10.166,ALGO/USDT:USDT,0.2691,29186.9,0.269,43160.4,0.2692,25869.0,0.2693,100323.7
1753504090466,04:28:10.466,ALGO/USDT:USDT,0.2691,29186.9,0.269,43160.4,0.2692,25869.0,0.2693,100323.7
1753504090616,04:28:10.616,ALGO/USDT:USDT,0.2691,29186.9,0.269,43160.4,0.2692,25869.0,0.2693,100323.7
1753504090766,04:28:10.766,ALGO/USDT:USDT,0.2691,29186.9,0.269,43160.4,0.2692,25869.0,0.2693,100323.7
1753504090916,04:28:10.916,ALGO/USDT:USDT,0.2691,29965.1,0.269,43160.4,0.2692,11869.0,0.2693,100323.7
1753504091066,04:28:11.066,ALGO/USDT:USDT,0.2691,32965.1,0.269,43160.4,0.2692,11022.2,0.2693,100323.7
1753504091366,04:28:11.366,ALGO/USDT:USDT,0.2691,32965.1,0.269,43160.4,0.2692,11022.2,0.2693,211778.4
1753504091516,04:28:11.516,ALGO/USDT:USDT,0.2691,32965.1,0.269,43160.4,0.2692,11022.2,0.2693,211778.4
1753504091666,04:28:11.666,ALGO/USDT:USDT,0.2691,32965.1,0.269,43160.4,0.2692,11022.2,0.2693,211778.4
1753504091817,04:28:11.817,ALGO/USDT:USDT,0.2691,32965.1,0.269,43160.4,0.2692,11022.2,0.2693,211778.4
1753504091967,04:28:11.967,ALGO/USDT:USDT,0.2691,32965.1,0.269,43160.4,0.2692,11022.2,0.2693,211778.4
1753504092117,04:28:12.117,ALGO/USDT:USDT,0.2691,32965.1,0.269,43160.4,0.2692,25022.2,0.2693,211778.4
1753504092267,04:28:12.267,ALGO/USDT:USDT,0.2691,32186.9,0.269,43160.4,0.2692,25022.2,0.2693,211778.4
1753504092567,04:28:12.567,ALGO/USDT:USDT,0.2691,32186.9,0.269,43160.4,0.2692,25022.2,0.2693,211778.4
1753504092717,04:28:12.717,ALGO/USDT:USDT,0.2691,32186.9,0.269,43160.4,0.2692,25022.2,0.2693,211778.4
1753504092867,04:28:12.867,ALGO/USDT:USDT,0.2691,32186.9,0.269,43160.4,0.2692,11022.2,0.2693,211778.4
1753504093317,04:28:13.317,ALGO/USDT:USDT,0.2691,32186.9,0.269,43160.4,0.2692,11022.2,0.2693,211778.4
1753504093618,04:28:13.618,ALGO/USDT:USDT,0.2692,30384.7,0.2691,27585.7,0.2693,31082.0,0.2694,128964.1
1753504094368,04:28:14.368,ALGO/USDT:USDT,0.2692,28478.1,0.2691,41486.4,0.2693,29622.9,0.2694,194198.1
1753504094518,04:28:14.518,ALGO/USDT:USDT,0.2692,28478.1,0.2691,41486.4,0.2693,29622.9,0.2694,194198.1
1753504094668,04:28:14.668,ALGO/USDT:USDT,0.2692,28478.1,0.2691,41486.4,0.2693,29622.9,0.2694,194198.1
1753504094969,04:28:14.969,ALGO/USDT:USDT,0.2692,28478.1,0.2691,41486.4,0.2693,29622.9,0.2694,194198.1
1753504095119,04:28:15.119,ALGO/USDT:USDT,0.2692,28478.1,0.2691,41486.4,0.2693,29622.9,0.2694,194198.1
1753504095269,04:28:15.269,ALGO/USDT:USDT,0.2692,28478.1,0.2691,41486.4,0.2693,29622.9,0.2694,194198.1
1753504095419,04:28:15.419,ALGO/USDT:USDT,0.2692,29256.3,0.2691,41486.4,0.2693,27716.3,0.2694,194198.1
1753504095569,04:28:15.569,ALGO/USDT:USDT,0.2692,29256.3,0.2691,41486.4,0.2693,27716.3,0.2694,194198.1
1753504095719,04:28:15.719,ALGO/USDT:USDT,0.2692,29256.3,0.2691,41486.4,0.2693,27716.3,0.2694,194198.1
1753504096169,04:28:16.169,ALGO/USDT:USDT,0.2692,29256.3,0.2691,41486.4,0.2693,27716.3,0.2694,82742.4
1753504096469,04:28:16.469,ALGO/USDT:USDT,0.2692,14478.1,0.2691,41486.4,0.2693,29622.9,0.2694,82742.4
1753504096770,04:28:16.770,ALGO/USDT:USDT,0.2692,14478.1,0.2691,38626.5,0.2693,32482.8,0.2694,82742.4
1753504096920,04:28:16.920,ALGO/USDT:USDT,0.2691,42246.0,0.269,26555.1,0.2693,33261.0,0.2694,82742.4
1753504097070,04:28:17.070,ALGO/USDT:USDT,0.2692,12830.7,0.2691,24882.3,0.2693,33261.0,0.2694,82742.4
1753504097220,04:28:17.220,ALGO/USDT:USDT,0.2692,30092.8,0.2691,42241.5,0.2693,33261.0,0.2694,82742.4
1753504097370,04:28:17.370,ALGO/USDT:USDT,0.2692,30092.8,0.2691,42241.5,0.2693,32482.8,0.2694,82742.4
1753504097520,04:28:17.520,ALGO/USDT:USDT,0.2692,30092.8,0.2691,42241.5,0.2693,32482.8,0.2694,82742.4
1753504097670,04:28:17.670,ALGO/USDT:USDT,0.2692,30092.8,0.2691,42241.5,0.2693,32482.8,0.2694,82742.4
1753504097820,04:28:17.820,ALGO/USDT:USDT,0.2692,30092.8,0.2691,42241.5,0.2693,32482.8,0.2694,82742.4
1753504097970,04:28:17.970,ALGO/USDT:USDT,0.2692,30092.8,0.2691,42241.5,0.2693,32482.8,0.2694,82742.4
1753504098271,04:28:18.271,ALGO/USDT:USDT,0.2692,30092.8,0.2691,42241.5,0.2693,32482.8,0.2694,82742.4
1753504098421,04:28:18.421,ALGO/USDT:USDT,0.2692,30092.8,0.2691,42241.5,0.2693,32482.8,0.2694,82742.4
1753504098571,04:28:18.571,ALGO/USDT:USDT,0.2692,30092.8,0.2691,42241.5,0.2693,32482.8,0.2694,82742.4
1753504098721,04:28:18.721,ALGO/USDT:USDT,0.2692,30092.8,0.2691,42241.5,0.2693,32482.8,0.2694,82742.4
1753504098871,04:28:18.871,ALGO/USDT:USDT,0.2692,30092.8,0.2691,42241.5,0.2693,32482.8,0.2694,82742.4
1753504099021,04:28:19.021,ALGO/USDT:USDT,0.2692,30092.8,0.2691,42241.5,0.2693,32482.8,0.2694,82742.4
1753504099321,04:28:19.321,ALGO/USDT:USDT,0.2692,30092.8,0.2691,42241.5,0.2693,32482.8,0.2694,82742.4
1753504099771,04:28:19.771,ALGO/USDT:USDT,0.2692,3463.0,0.2691,42241.5,0.2693,33261.0,0.2694,82742.4
1753504099922,04:28:19.922,ALGO/USDT:USDT,0.2692,3463.0,0.2691,42241.5,0.2693,32482.8,0.2694,82742.4
1753504100072,04:28:20.072,ALGO/USDT:USDT,0.2692,3463.0,0.2691,42241.5,0.2693,32482.8,0.2694,82742.4
1753504100222,04:28:20.222,ALGO/USDT:USDT,0.2691,42241.5,0.269,26555.1,0.2692,4994.4,0.2693,32482.8
1753504100672,04:28:20.672,ALGO/USDT:USDT,0.2691,24882.3,0.269,43916.9,0.2692,9256.5,0.2693,45585.5
1753504100822,04:28:20.822,ALGO/USDT:USDT,0.2691,25660.5,0.269,43916.9,0.2692,9256.5,0.2693,45585.5
1753504100972,04:28:20.972,ALGO/USDT:USDT,0.2691,25660.5,0.269,43916.9,0.2692,4994.4,0.2693,45585.5
1753504101423,04:28:21.423,ALGO/USDT:USDT,0.2691,25660.5,0.269,43916.9,0.2692,4994.4,0.2693,45585.5
1753504102023,04:28:22.023,ALGO/USDT:USDT,0.2691,25660.5,0.269,43916.9,0.2692,4994.4,0.2693,45585.5
1753504102173,04:28:22.173,ALGO/USDT:USDT,0.2691,25660.5,0.269,43916.9,0.2692,4994.4,0.2693,45585.5
1753504102323,04:28:22.323,ALGO/USDT:USDT,0.2691,25660.5,0.269,43916.9,0.2692,4994.4,0.2693,45585.5
1753504102623,04:28:22.623,ALGO/USDT:USDT,0.2691,25660.5,0.269,43916.9,0.2692,4994.4,0.2693,45585.5
1753504103224,04:28:23.224,ALGO/USDT:USDT,0.2691,25660.5,0.269,43916.9,0.2692,4994.4,0.2693,45585.5
1753504103374,04:28:23.374,ALGO/USDT:USDT,0.2691,25660.5,0.269,43916.9,0.2692,4994.4,0.2693,45585.5
1753504103524,04:28:23.524,ALGO/USDT:USDT,0.2691,25660.5,0.269,43916.9,0.2692,4994.4,0.2693,45585.5
1753504103674,04:28:23.674,ALGO/USDT:USDT,0.2691,25660.5,0.269,43916.9,0.2692,4994.4,0.2693,45585.5
1753504103824,04:28:23.824,ALGO/USDT:USDT,0.2691,25660.5,0.269,43916.9,0.2692,4994.4,0.2693,45585.5
1753504103974,04:28:23.974,ALGO/USDT:USDT,0.2691,25660.5,0.269,43916.9,0.2692,4994.4,0.2693,45585.5
1753504104124,04:28:24.124,ALGO/USDT:USDT,0.2691,25660.5,0.269,43916.9,0.2692,4994.4,0.2693,45585.5
1753504104424,04:28:24.424,ALGO/USDT:USDT,0.2691,25660.5,0.269,43916.9,0.2692,4994.4,0.2693,45585.5
1753504104725,04:28:24.725,ALGO/USDT:USDT,0.2691,25660.5,0.269,26555.1,0.2692,2064.8,0.2693,28220.7
1753504104875,04:28:24.875,ALGO/USDT:USDT,0.2691,25660.5,0.269,26555.1,0.2692,2064.8,0.2693,45595.2
1753504105025,04:28:25.025,ALGO/USDT:USDT,0.2691,25660.5,0.269,26555.1,0.2692,2064.8,0.2693,45595.2
1753504105175,04:28:25.175,ALGO/USDT:USDT,0.2691,25660.5,0.269,26555.1,0.2692,2064.8,0.2693,45595.2
1753504105325,04:28:25.325,ALGO/USDT:USDT,0.2691,25660.5,0.269,26555.1,0.2692,2064.8,0.2693,45595.2
1753504105475,04:28:25.475,ALGO/USDT:USDT,0.2691,25660.5,0.269,26555.1,0.2692,2064.8,0.2693,45595.2
1753504105625,04:28:25.625,ALGO/USDT:USDT,0.2691,25660.5,0.269,26555.1,0.2692,2064.8,0.2693,45595.2
1753504105775,04:28:25.775,ALGO/USDT:USDT,0.2691,25660.5,0.269,26555.1,0.2692,2064.8,0.2693,45595.2
1753504106376,04:28:26.376,ALGO/USDT:USDT,0.2691,25660.5,0.269,26555.1,0.2692,2064.8,0.2693,45595.2
1753504106526,04:28:26.526,ALGO/USDT:USDT,0.2691,25660.5,0.269,26555.1,0.2692,2064.8,0.2693,45595.2
1753504106676,04:28:26.676,ALGO/USDT:USDT,0.2691,25660.5,0.269,26555.1,0.2692,2064.8,0.2693,45595.2
1753504106826,04:28:26.826,ALGO/USDT:USDT,0.2691,25660.5,0.269,26555.1,0.2692,2064.8,0.2693,45595.2
1753504107126,04:28:27.126,ALGO/USDT:USDT,0.2691,25660.5,0.269,26555.1,0.2692,2064.8,0.2693,45595.2
1753504107426,04:28:27.426,ALGO/USDT:USDT,0.2691,25660.5,0.269,26555.1,0.2692,2064.8,0.2693,45595.2
1753504107576,04:28:27.576,ALGO/USDT:USDT,0.2691,25660.5,0.269,26555.1,0.2692,2064.8,0.2693,45595.2
1753504107726,04:28:27.726,ALGO/USDT:USDT,0.2691,25660.5,0.269,26555.1,0.2692,2064.8,0.2693,45595.2
1753504108027,04:28:28.027,ALGO/USDT:USDT,0.2691,25660.5,0.269,26555.1,0.2692,2064.8,0.2693,45595.2
1753504108177,04:28:28.177,ALGO/USDT:USDT,0.2691,25660.5,0.269,26555.1,0.2692,2064.8,0.2693,45595.2
1753504108327,04:28:28.327,ALGO/USDT:USDT,0.2691,25660.5,0.269,26555.1,0.2692,2064.8,0.2693,45595.2
1753504108477,04:28:28.477,ALGO/USDT:USDT,0.2691,25660.5,0.269,26555.1,0.2692,2064.8,0.2693,45595.2
1753504108627,04:28:28.627,ALGO/USDT:USDT,0.2691,24882.3,0.269,26555.1,0.2692,2064.8,0.2693,45595.2
1753504108777,04:28:28.777,ALGO/USDT:USDT,0.2691,24882.3,0.269,26555.1,0.2692,2064.8,0.2693,45595.2
1753504108927,04:28:28.927,ALGO/USDT:USDT,0.2691,25660.5,0.269,26555.1,0.2692,2064.8,0.2693,45595.2
1753504109077,04:28:29.077,ALGO/USDT:USDT,0.2691,24882.3,0.269,26555.1,0.2692,2064.8,0.2693,45595.2
1753504109377,04:28:29.377,ALGO/USDT:USDT,0.2691,24882.3,0.269,26555.1,0.2692,2064.8,0.2693,45595.2
1753504109678,04:28:29.678,ALGO/USDT:USDT,0.2691,25660.5,0.269,26555.1,0.2692,2064.8,0.2693,45595.2
1753504109828,04:28:29.828,ALGO/USDT:USDT,0.2691,25660.5,0.269,26555.1,0.2692,2064.8,0.2693,45595.2
1753504109978,04:28:29.978,ALGO/USDT:USDT,0.2691,25660.5,0.269,26555.1,0.2692,2064.8,0.2693,45595.2
1753504110128,04:28:30.128,ALGO/USDT:USDT,0.2691,25660.5,0.269,26555.1,0.2692,2064.8,0.2693,45595.2
1753504110428,04:28:30.428,ALGO/USDT:USDT,0.2691,24882.3,0.269,26555.1,0.2692,2064.8,0.2693,45595.2
1753504110578,04:28:30.578,ALGO/USDT:USDT,0.2691,24882.3,0.269,26555.1,0.2692,2064.8,0.2693,45595.2
1753504110878,04:28:30.878,ALGO/USDT:USDT,0.2691,25660.5,0.269,26555.1,0.2692,2064.8,0.2693,45595.2
1753504111028,04:28:31.028,ALGO/USDT:USDT,0.2691,25660.5,0.269,26555.1,0.2692,2064.8,0.2693,45595.2
1753504111179,04:28:31.179,ALGO/USDT:USDT,0.2691,25660.5,0.269,26555.1,0.2692,2064.8,0.2693,45595.2
1753504111479,04:28:31.479,ALGO/USDT:USDT,0.2691,25660.5,0.269,26555.1,0.2692,2064.8,0.2693,45595.2
1753504112079,04:28:32.079,ALGO/USDT:USDT,0.2691,25660.5,0.269,26555.1,0.2692,2064.8,0.2693,45595.2
1753504112229,04:28:32.229,ALGO/USDT:USDT,0.2691,25660.5,0.269,26555.1,0.2692,2064.8,0.2693,45595.2
1753504112379,04:28:32.379,ALGO/USDT:USDT,0.2691,25660.5,0.269,26555.1,0.2692,2064.8,0.2693,45595.2
1753504113130,04:28:33.130,ALGO/USDT:USDT,0.2691,25660.5,0.269,137976.5,0.2692,2064.8,0.2693,45595.2
1753504113280,04:28:33.280,ALGO/USDT:USDT,0.2691,25660.5,0.269,137976.5,0.2692,2064.8,0.2693,45595.2
1753504113580,04:28:33.580,ALGO/USDT:USDT,0.2691,25660.5,0.269,137976.5,0.2692,2064.8,0.2693,45595.2
1753504113730,04:28:33.730,ALGO/USDT:USDT,0.2691,25660.5,0.269,137976.5,0.2692,2064.8,0.2693,45595.2
1753504113880,04:28:33.880,ALGO/USDT:USDT,0.2691,25660.5,0.269,137976.5,0.2692,2064.8,0.2693,45595.2
1753504114030,04:28:34.030,ALGO/USDT:USDT,0.2692,16802.1,0.2691,28520.4,0.2694,16332.7,0.2695,227062.7
1753504114330,04:28:34.330,ALGO/USDT:USDT,0.2692,33924.0,0.2691,78131.8,0.2694,18986.9,0.2695,264581.5
1753504114481,04:28:34.481,ALGO/USDT:USDT,0.2692,33924.0,0.2691,78131.8,0.2694,18986.9,0.2695,264581.5
1753504114631,04:28:34.631,ALGO/USDT:USDT,0.2692,33924.0,0.2691,78131.8,0.2694,18986.9,0.2695,264581.5
1753504114781,04:28:34.781,ALGO/USDT:USDT,0.2692,33924.0,0.2691,78131.8,0.2694,32986.9,0.2695,264581.5
1753504115081,04:28:35.081,ALGO/USDT:USDT,0.2692,39550.4,0.2691,78131.8,0.2693,2015.3,0.2694,32986.9
1753504115231,04:28:35.231,ALGO/USDT:USDT,0.2692,39550.4,0.2691,78131.8,0.2693,7773.3,0.2694,62690.5
1753504115381,04:28:35.381,ALGO/USDT:USDT,0.2692,39550.4,0.2691,78131.8,0.2693,7773.3,0.2694,62690.5
1753504115981,04:28:35.981,ALGO/USDT:USDT,0.2692,39550.4,0.2691,78131.8,0.2693,7773.3,0.2694,62690.5
1753504116132,04:28:36.132,ALGO/USDT:USDT,0.2692,39550.4,0.2691,78131.8,0.2693,6277.4,0.2694,62690.5
1753504116282,04:28:36.282,ALGO/USDT:USDT,0.2692,39550.4,0.2691,78131.8,0.2693,6277.4,0.2694,62690.5
1753504116432,04:28:36.432,ALGO/USDT:USDT,0.2692,39550.4,0.2691,78131.8,0.2693,6277.4,0.2694,62690.5
1753504116582,04:28:36.582,ALGO/USDT:USDT,0.2692,39550.4,0.2691,77353.6,0.2693,4262.1,0.2694,62690.5
1753504116732,04:28:36.732,ALGO/USDT:USDT,0.2692,40328.6,0.2691,77353.6,0.2693,4262.1,0.2694,62690.5
1753504116882,04:28:36.882,ALGO/USDT:USDT,0.2692,39550.4,0.2691,77353.6,0.2693,4262.1,0.2694,62690.5
1753504117182,04:28:37.182,ALGO/USDT:USDT,0.2692,40328.6,0.2691,77353.6,0.2694,32208.7,0.2695,264204.3
1753504117482,04:28:37.482,ALGO/USDT:USDT,0.2692,39550.4,0.2691,77353.6,0.2694,32986.9,0.2695,264204.3
1753504117783,04:28:37.783,ALGO/USDT:USDT,0.2692,39550.4,0.2691,77353.6,0.2694,32986.9,0.2695,264204.3
1753504118233,04:28:38.233,ALGO/USDT:USDT,0.2692,39550.4,0.2691,77353.6,0.2693,2015.3,0.2694,32986.9
1753504118383,04:28:38.383,ALGO/USDT:USDT,0.2692,39550.4,0.2691,77353.6,0.2693,7773.3,0.2694,62698.9
1753504118683,04:28:38.683,ALGO/USDT:USDT,0.2692,39550.4,0.2691,77353.6,0.2693,6277.4,0.2694,62698.9
1753504118833,04:28:38.833,ALGO/USDT:USDT,0.2692,39550.4,0.2691,77353.6,0.2693,6277.4,0.2694,62698.9
1753504118983,04:28:38.983,ALGO/USDT:USDT,0.2692,39550.4,0.2691,77353.6,0.2693,6277.4,0.2694,62698.9
1753504119133,04:28:39.133,ALGO/USDT:USDT,0.2692,39550.4,0.2691,77353.6,0.2693,6277.4,0.2694,62698.9
1753504119284,04:28:39.284,ALGO/USDT:USDT,0.2692,39550.4,0.2691,77353.6,0.2693,6277.4,0.2694,62698.9
1753504119434,04:28:39.434,ALGO/USDT:USDT,0.2692,39550.4,0.2691,78113.6,0.2693,4262.1,0.2694,62698.9
1753504119884,04:28:39.884,ALGO/USDT:USDT,0.2693,28467.7,0.2692,26719.7,0.2694,18208.7,0.2695,257339.4
1753504120034,04:28:40.034,ALGO/USDT:USDT,0.2693,28467.7,0.2692,26719.7,0.2694,18208.7,0.2695,257339.4
1753504120184,04:28:40.184,ALGO/USDT:USDT,0.2693,28467.7,0.2692,26719.7,0.2694,18208.7,0.2695,257339.4
1753504120334,04:28:40.334,ALGO/USDT:USDT,0.2693,28467.7,0.2692,26719.7,0.2694,18208.7,0.2695,257339.4
1753504120634,04:28:40.634,ALGO/USDT:USDT,0.2693,28467.7,0.2692,26719.7,0.2694,18208.7,0.2695,257339.4
1753504120784,04:28:40.784,ALGO/USDT:USDT,0.2693,28467.7,0.2692,26719.7,0.2694,18208.7,0.2695,257339.4
1753504120935,04:28:40.935,ALGO/USDT:USDT,0.2693,28467.7,0.2692,26719.7,0.2694,16302.1,0.2695,257339.4
1753504121085,04:28:41.085,ALGO/USDT:USDT,0.2693,28467.7,0.2692,26719.7,0.2694,16302.1,0.2695,257339.4
1753504121385,04:28:41.385,ALGO/USDT:USDT,0.2693,28467.7,0.2692,26719.7,0.2694,16302.1,0.2695,145895.3
1753504121835,04:28:41.835,ALGO/USDT:USDT,0.2693,28467.7,0.2692,26719.7,0.2694,16302.1,0.2695,145895.3
1753504121985,04:28:41.985,ALGO/USDT:USDT,0.2693,28467.7,0.2692,26719.7,0.2694,16302.1,0.2695,145895.3
1753504122135,04:28:42.135,ALGO/USDT:USDT,0.2693,28467.7,0.2692,26719.7,0.2694,16302.1,0.2695,145895.3
1753504122435,04:28:42.435,ALGO/USDT:USDT,0.2693,28467.7,0.2692,26719.7,0.2694,16302.1,0.2695,145895.3
1753504122586,04:28:42.586,ALGO/USDT:USDT,0.2693,28467.7,0.2692,26719.7,0.2694,13732.0,0.2695,148465.4
1753504122736,04:28:42.736,ALGO/USDT:USDT,0.2693,28467.7,0.2692,26719.7,0.2694,25732.0,0.2695,148465.4
1753504123036,04:28:43.036,ALGO/USDT:USDT,0.2693,28467.7,0.2692,26719.7,0.2694,25732.0,0.2695,148465.4
1753504123336,04:28:43.336,ALGO/USDT:USDT,0.2693,31152.5,0.2692,26719.7,0.2695,148465.4,0.2696,142210.0
1753504123486,04:28:43.486,ALGO/USDT:USDT,0.2693,31152.5,0.2692,26719.7,0.2695,117205.8,0.2696,180321.4
1753504124086,04:28:44.086,ALGO/USDT:USDT,0.2693,28467.7,0.2692,26719.7,0.2694,24517.8,0.2695,99918.2
1753504124387,04:28:44.387,ALGO/USDT:USDT,0.2693,28467.7,0.2692,26719.7,0.2694,25296.0,0.2695,100678.2
1753504124687,04:28:44.687,ALGO/USDT:USDT,0.2693,14467.7,0.2692,26719.7,0.2694,25296.0,0.2695,100678.2
1753504124837,04:28:44.837,ALGO/USDT:USDT,0.2693,14467.7,0.2692,26719.7,0.2694,25296.0,0.2695,100678.2
1753504124987,04:28:44.987,ALGO/USDT:USDT,0.2693,14467.7,0.2692,26719.7,0.2694,25296.0,0.2695,100678.2
1753504125401,04:28:45.401,ALGO/USDT:USDT,0.2693,14467.7,0.2692,26719.7,0.2694,24517.8,0.2695,100678.2
1753504125587,04:28:45.587,ALGO/USDT:USDT,0.2693,14467.7,0.2692,26719.7,0.2694,24517.8,0.2695,100678.2
1753504125737,04:28:45.737,ALGO/USDT:USDT,0.2693,28467.7,0.2692,26719.7,0.2694,24517.8,0.2695,100678.2
1753504125888,04:28:45.888,ALGO/USDT:USDT,0.2693,28467.7,0.2692,26719.7,0.2694,24517.8,0.2695,100678.2
1753504126038,04:28:46.038,ALGO/USDT:USDT,0.2693,14467.7,0.2692,26719.7,0.2694,25296.0,0.2695,100678.2
1753504126188,04:28:46.188,ALGO/USDT:USDT,0.2693,14467.7,0.2692,26719.7,0.2694,25296.0,0.2695,100678.2
1753504126338,04:28:46.338,ALGO/USDT:USDT,0.2693,14467.7,0.2692,26719.7,0.2694,24517.8,0.2695,100678.2
1753504126638,04:28:46.638,ALGO/USDT:USDT,0.2693,14467.7,0.2692,26719.7,0.2694,24517.8,0.2695,100678.2
1753504127238,04:28:47.238,ALGO/USDT:USDT,0.2693,28467.7,0.2692,26719.7,0.2694,30144.2,0.2695,100678.2
1753504127388,04:28:47.388,ALGO/USDT:USDT,0.2693,28467.7,0.2692,26719.7,0.2694,30144.2,0.2695,100678.2
1753504127539,04:28:47.539,ALGO/USDT:USDT,0.2693,28467.7,0.2692,26719.7,0.2694,30144.2,0.2695,100678.2
1753504127689,04:28:47.689,ALGO/USDT:USDT,0.2693,28467.7,0.2692,26719.7,0.2694,30144.2,0.2695,100678.2
1753504127839,04:28:47.839,ALGO/USDT:USDT,0.2693,28467.7,0.2692,26719.7,0.2694,30144.2,0.2695,100678.2
1753504127989,04:28:47.989,ALGO/USDT:USDT,0.2693,28467.7,0.2692,26719.7,0.2694,30144.2,0.2695,100678.2
1753504128139,04:28:48.139,ALGO/USDT:USDT,0.2693,28467.7,0.2692,26719.7,0.2694,30144.2,0.2695,100678.2
1753504128439,04:28:48.439,ALGO/USDT:USDT,0.2693,28467.7,0.2692,26719.7,0.2694,30144.2,0.2695,100678.2
1753504128589,04:28:48.589,ALGO/USDT:USDT,0.2693,28467.7,0.2692,26719.7,0.2694,30144.2,0.2695,100678.2
1753504128889,04:28:48.889,ALGO/USDT:USDT,0.2693,28467.7,0.2692,26719.7,0.2694,30144.2,0.2695,100678.2
1753504129039,04:28:49.039,ALGO/USDT:USDT,0.2693,28467.7,0.2692,26719.7,0.2694,30922.4,0.2695,100678.2
1753504129190,04:28:49.190,ALGO/USDT:USDT,0.2693,28467.7,0.2692,26719.7,0.2694,30922.4,0.2695,100678.2
1753504129490,04:28:49.490,ALGO/USDT:USDT,0.2693,28467.7,0.2692,26719.7,0.2694,33127.9,0.2695,106457.4
1753504129640,04:28:49.640,ALGO/USDT:USDT,0.2693,28467.7,0.2692,26719.7,0.2694,33127.9,0.2695,106457.4
1753504129790,04:28:49.790,ALGO/USDT:USDT,0.2693,28467.7,0.2692,26719.7,0.2694,33127.9,0.2695,106457.4
1753504130090,04:28:50.090,ALGO/USDT:USDT,0.2693,28467.7,0.2692,26719.7,0.2694,33127.9,0.2695,106457.4
1753504130240,04:28:50.240,ALGO/USDT:USDT,0.2693,28467.7,0.2692,26719.7,0.2694,33127.9,0.2695,106457.4
1753504130390,04:28:50.390,ALGO/USDT:USDT,0.2693,28467.7,0.2692,26719.7,0.2694,33127.9,0.2695,106457.4
1753504130691,04:28:50.691,ALGO/USDT:USDT,0.2693,28467.7,0.2692,26719.7,0.2694,33127.9,0.2695,106457.4
1753504130841,04:28:50.841,ALGO/USDT:USDT,0.2693,28467.7,0.2692,26719.7,0.2694,33127.9,0.2695,106457.4
1753504130991,04:28:50.991,ALGO/USDT:USDT,0.2693,28467.7,0.2692,26719.7,0.2694,33127.9,0.2695,106457.4
1753504131141,04:28:51.141,ALGO/USDT:USDT,0.2693,28467.7,0.2692,26719.7,0.2694,33127.9,0.2695,106457.4
1753504131291,04:28:51.291,ALGO/USDT:USDT,0.2693,28467.7,0.2692,26719.7,0.2694,33127.9,0.2695,106457.4
1753504131591,04:28:51.591,ALGO/USDT:USDT,0.2693,28467.7,0.2692,26719.7,0.2694,33127.9,0.2695,106457.4
1753504131741,04:28:51.741,ALGO/USDT:USDT,0.2693,28467.7,0.2692,26719.7,0.2694,33127.9,0.2695,106457.4
1753504131891,04:28:51.891,ALGO/USDT:USDT,0.2693,28467.7,0.2692,26719.7,0.2694,19127.9,0.2695,106457.4
1753504132041,04:28:52.041,ALGO/USDT:USDT,0.2693,28467.7,0.2692,26719.7,0.2694,19127.9,0.2695,106457.4
1753504132192,04:28:52.192,ALGO/USDT:USDT,0.2693,28467.7,0.2692,26719.7,0.2694,19127.9,0.2695,106457.4
1753504132492,04:28:52.492,ALGO/USDT:USDT,0.2693,28467.7,0.2692,26719.7,0.2694,19127.9,0.2695,106457.4
1753504132642,04:28:52.642,ALGO/USDT:USDT,0.2693,28467.7,0.2692,26719.7,0.2694,19127.9,0.2695,106457.4
1753504132792,04:28:52.792,ALGO/USDT:USDT,0.2693,28467.7,0.2692,26719.7,0.2694,19127.9,0.2695,106457.4
1753504133392,04:28:53.392,ALGO/USDT:USDT,0.2693,28467.7,0.2692,26719.7,0.2694,19127.9,0.2695,106457.4
1753504133843,04:28:53.843,ALGO/USDT:USDT,0.2693,28467.7,0.2692,26719.7,0.2694,19127.9,0.2695,106457.4
1753504134143,04:28:54.143,ALGO/USDT:USDT,0.2693,28467.7,0.2692,26719.7,0.2694,19127.9,0.2695,106457.4
1753504134443,04:28:54.443,ALGO/USDT:USDT,0.2693,28467.7,0.2692,26719.7,0.2694,19127.9,0.2695,106457.4
1753504134593,04:28:54.593,ALGO/USDT:USDT,0.2693,28467.7,0.2692,26719.7,0.2694,19127.9,0.2695,106457.4
1753504134743,04:28:54.743,ALGO/USDT:USDT,0.2693,28467.7,0.2692,26719.7,0.2694,18290.0,0.2695,106457.4
1753504134893,04:28:54.893,ALGO/USDT:USDT,0.2693,29245.9,0.2692,26719.7,0.2694,9119.8,0.2695,89077.5
1753504135043,04:28:55.043,ALGO/USDT:USDT,0.2693,28467.7,0.2692,26719.7,0.2694,9119.8,0.2695,89077.5
1753504135193,04:28:55.193,ALGO/USDT:USDT,0.2693,28467.7,0.2692,26719.7,0.2694,9119.8,0.2695,89077.5
1753504135494,04:28:55.494,ALGO/USDT:USDT,0.2693,28467.7,0.2692,26719.7,0.2694,9119.8,0.2695,89077.5
1753504135644,04:28:55.644,ALGO/USDT:USDT,0.2693,28467.7,0.2692,26719.7,0.2694,23119.8,0.2695,89077.5
1753504136244,04:28:56.244,ALGO/USDT:USDT,0.2693,28467.7,0.2692,26719.7,0.2694,23119.8,0.2695,89077.5
1753504136394,04:28:56.394,ALGO/USDT:USDT,0.2693,28467.7,0.2692,26719.7,0.2694,23119.8,0.2695,89077.5
1753504136694,04:28:56.694,ALGO/USDT:USDT,0.2693,28467.7,0.2692,26719.7,0.2694,23119.8,0.2695,89077.5
1753504136995,04:28:56.995,ALGO/USDT:USDT,0.2693,28467.7,0.2692,26719.7,0.2694,23119.8,0.2695,89077.5
1753504137145,04:28:57.145,ALGO/USDT:USDT,0.2693,28467.7,0.2692,26719.7,0.2694,23119.8,0.2695,89077.5
1753504137445,04:28:57.445,ALGO/USDT:USDT,0.2693,28467.7,0.2692,26719.7,0.2694,23119.8,0.2695,89077.5
1753504137745,04:28:57.745,ALGO/USDT:USDT,0.2693,28467.7,0.2692,26719.7,0.2694,23119.8,0.2695,89077.5
1753504137895,04:28:57.895,ALGO/USDT:USDT,0.2693,28467.7,0.2692,26719.7,0.2694,23119.8,0.2695,89077.5
1753504138345,04:28:58.345,ALGO/USDT:USDT,0.2693,28467.7,0.2692,26719.7,0.2694,23119.8,0.2695,89077.5
1753504138646,04:28:58.646,ALGO/USDT:USDT,0.2693,28467.7,0.2692,26719.7,0.2694,23119.8,0.2695,89077.5
1753504138796,04:28:58.796,ALGO/USDT:USDT,0.2693,28467.7,0.2692,26719.7,0.2694,23119.8,0.2695,89077.5
1753504138946,04:28:58.946,ALGO/USDT:USDT,0.2693,28467.7,0.2692,26719.7,0.2694,23119.8,0.2695,89077.5
1753504139246,04:28:59.246,ALGO/USDT:USDT,0.2693,28467.7,0.2692,26719.7,0.2694,23119.8,0.2695,89077.5
1753504139396,04:28:59.396,ALGO/USDT:USDT,0.2693,28467.7,0.2692,26719.7,0.2694,23119.8,0.2695,89077.5
1753504139997,04:28:59.997,ALGO/USDT:USDT,0.2693,28467.7,0.2692,26719.7,0.2694,9119.8,0.2695,88317.5
1753504140147,04:29:00.147,ALGO/USDT:USDT,0.2693,28467.7,0.2692,26719.7,0.2694,9119.8,0.2695,88317.5
1753504140297,04:29:00.297,ALGO/USDT:USDT,0.2693,29245.9,0.2692,26719.7,0.2694,9119.8,0.2695,88317.5
1753504140447,04:29:00.447,ALGO/USDT:USDT,0.2693,28467.7,0.2692,26719.7,0.2694,9119.8,0.2695,88317.5
1753504140597,04:29:00.597,ALGO/USDT:USDT,0.2693,28467.7,0.2692,26719.7,0.2694,22119.8,0.2695,88317.5
1753504140747,04:29:00.747,ALGO/USDT:USDT,0.2693,28467.7,0.2692,26719.7,0.2694,22119.8,0.2695,88317.5
1753504141197,04:29:01.197,ALGO/USDT:USDT,0.2693,29245.9,0.2692,26719.7,0.2694,9119.8,0.2695,88317.5
1753504141648,04:29:01.648,ALGO/USDT:USDT,0.2693,28467.7,0.2692,26719.7,0.2694,24516.7,0.2695,88317.5
1753504141798,04:29:01.798,ALGO/USDT:USDT,0.2693,28467.7,0.2692,26719.7,0.2694,24516.7,0.2695,88317.5
1753504141948,04:29:01.948,ALGO/USDT:USDT,0.2693,28467.7,0.2692,26719.7,0.2694,24516.7,0.2695,88317.5
1753504142248,04:29:02.248,ALGO/USDT:USDT,0.2693,28467.7,0.2692,26719.7,0.2694,22610.1,0.2695,88317.5
1753504142398,04:29:02.398,ALGO/USDT:USDT,0.2693,14467.7,0.2692,26719.7,0.2694,22610.1,0.2695,88317.5
1753504142548,04:29:02.548,ALGO/USDT:USDT,0.2693,14467.7,0.2692,26719.7,0.2694,22610.1,0.2695,88317.5
1753504142698,04:29:02.698,ALGO/USDT:USDT,0.2693,14467.7,0.2692,26719.7,0.2694,22610.1,0.2695,88317.5
1753504142848,04:29:02.848,ALGO/USDT:USDT,0.2693,14467.7,0.2692,26719.7,0.2694,23388.3,0.2695,88317.5
1753504142998,04:29:02.998,ALGO/USDT:USDT,0.2693,14467.7,0.2692,26719.7,0.2694,22610.1,0.2695,88317.5
1753504143148,04:29:03.148,ALGO/USDT:USDT,0.2693,14467.7,0.2692,26719.7,0.2694,22610.1,0.2695,88317.5
1753504143449,04:29:03.449,ALGO/USDT:USDT,0.2693,14467.7,0.2692,26719.7,0.2694,22610.1,0.2695,88317.5
1753504143749,04:29:03.749,ALGO/USDT:USDT,0.2693,14467.7,0.2692,26719.7,0.2694,22610.1,0.2695,88317.5
1753504144049,04:29:04.049,ALGO/USDT:USDT,0.2693,14467.7,0.2692,26719.7,0.2694,22610.1,0.2695,88317.5
1753504144199,04:29:04.199,ALGO/USDT:USDT,0.2693,14467.7,0.2692,26719.7,0.2694,22610.1,0.2695,88317.5
1753504144349,04:29:04.349,ALGO/USDT:USDT,0.2693,14467.7,0.2692,26719.7,0.2694,22610.1,0.2695,88317.5
1753504144499,04:29:04.499,ALGO/USDT:USDT,0.2693,28467.7,0.2692,26719.7,0.2694,22610.1,0.2695,88317.5
