timestamp,time,symbol,bid1_price,bid1_volume,bid2_price,bid2_volume,ask1_price,ask1_volume,ask2_price,ask2_volume
1753504005590,04:26:45.590,ACH/USDT:USDT,0.02231,2048.0,0.02228,1568.0,0.02233,2.0,0.02234,4192.0
1753504006290,04:26:46.290,ACH/USDT:USDT,0.02231,2045.0,0.02228,17179.0,0.02233,2.0,0.02234,4192.0
1753504006593,04:26:46.593,ACH/USDT:USDT,0.02231,2045.0,0.0223,11683.0,0.02233,2.0,0.02234,4192.0
1753504007594,04:26:47.594,ACH/USDT:USDT,0.02231,2045.0,0.0223,11683.0,0.02233,2.0,0.02234,4192.0
1753504008302,04:26:48.302,ACH/USDT:USDT,0.02231,2046.0,0.0223,82695.0,0.02233,4194.0,0.02235,12481.0
1753504008595,04:26:48.595,ACH/USDT:USDT,0.02231,2046.0,0.0223,82695.0,0.02233,4194.0,0.02235,12481.0
1753504009292,04:26:49.292,ACH/USDT:USDT,0.02231,2046.0,0.0223,11683.0,0.02233,4194.0,0.02235,12481.0
1753504010098,04:26:50.098,ACH/USDT:USDT,0.02231,2046.0,0.02229,72164.0,0.02233,4194.0,0.02235,12481.0
1753504010598,04:26:50.598,ACH/USDT:USDT,0.02231,2050.0,0.02228,174135.0,0.02233,2.0,0.02234,4196.0
1753504011296,04:26:51.296,ACH/USDT:USDT,0.02231,2346.0,0.0223,145978.0,0.02233,3898.0,0.02234,3.0
1753504012101,04:26:52.101,ACH/USDT:USDT,0.02231,2343.0,0.0223,145978.0,0.02233,3898.0,0.02234,3.0
1753504012604,04:26:52.604,ACH/USDT:USDT,0.02231,3167.0,0.02228,6523.0,0.02233,2907.0,0.02237,55467.0
1753504013297,04:26:53.297,ACH/USDT:USDT,0.02231,3167.0,0.02229,11596.0,0.02233,2907.0,0.02234,120945.0
1753504014105,04:26:54.105,ACH/USDT:USDT,0.02231,3167.0,0.0223,6565.0,0.02233,2907.0,0.02234,120945.0
1753504014606,04:26:54.606,ACH/USDT:USDT,0.02231,2047.0,0.0223,108597.0,0.02233,3195.0,0.02235,20828.0
1753504015298,04:26:55.298,ACH/USDT:USDT,0.02231,2046.0,0.0223,108572.0,0.02233,3197.0,0.02235,20828.0
1753504016109,04:26:56.109,ACH/USDT:USDT,0.02231,2046.0,0.02228,105835.0,0.02233,3199.0,0.02234,89163.0
1753504016610,04:26:56.610,ACH/USDT:USDT,0.02231,2046.0,0.02228,385.0,0.02233,3199.0,0.02237,70410.0
1753504017300,04:26:57.300,ACH/USDT:USDT,0.02231,3168.0,0.0223,20871.0,0.02233,7.0,0.02234,2896.0
1753504017611,04:26:57.611,ACH/USDT:USDT,0.02231,3168.0,0.0223,20871.0,0.02233,7.0,0.02234,2896.0
1753504018614,04:26:58.614,ACH/USDT:USDT,0.02231,3170.0,0.02228,385.0,0.02233,7.0,0.02234,152.0
1753504019301,04:26:59.301,ACH/USDT:USDT,0.02231,3522.0,0.02228,385.0,0.02233,183.0,0.02236,125414.0
1753504020303,04:27:00.303,ACH/USDT:USDT,0.02231,3520.0,0.02228,385.0,0.02233,181.0,0.02236,125414.0
1753504020620,04:27:00.620,ACH/USDT:USDT,0.02231,5120.0,0.02228,385.0,0.02233,181.0,0.02236,115607.0
1753504021623,04:27:01.623,ACH/USDT:USDT,0.02231,5120.0,0.0223,6693.0,0.02233,183.0,0.02236,73934.0
1753504022302,04:27:02.302,ACH/USDT:USDT,0.02231,5120.0,0.0223,146071.0,0.02233,183.0,0.02235,63488.0
1753504022622,04:27:02.622,ACH/USDT:USDT,0.02231,5122.0,0.0223,146071.0,0.02233,183.0,0.02235,63488.0
1753504023624,04:27:03.624,ACH/USDT:USDT,0.02231,5122.0,0.0223,6693.0,0.02233,2.0,0.02234,179.0
1753504024303,04:27:04.303,ACH/USDT:USDT,0.02231,7418.0,0.0223,6693.0,0.02233,178.0,0.02234,102185.0
1753504024632,04:27:04.632,ACH/USDT:USDT,0.02231,7414.0,0.0223,6693.0,0.02233,178.0,0.02234,102185.0
1753504025629,04:27:05.629,ACH/USDT:USDT,0.02231,7417.0,0.0223,150521.0,0.02233,179.0,0.02237,147026.0
1753504026305,04:27:06.305,ACH/USDT:USDT,0.02231,7417.0,0.0223,66877.0,0.02233,6.0,0.02234,176.0
1753504026634,04:27:06.634,ACH/USDT:USDT,0.02231,7417.0,0.0223,66877.0,0.02233,2.0,0.02234,177.0
1753504027631,04:27:07.631,ACH/USDT:USDT,0.02231,7417.0,0.0223,39234.0,0.02233,2.0,0.02234,178.0
1753504028308,04:27:08.308,ACH/USDT:USDT,0.02231,7417.0,0.02228,385.0,0.02233,178.0,0.02234,2.0
1753504028633,04:27:08.633,ACH/USDT:USDT,0.02231,7416.0,0.02228,385.0,0.02233,178.0,0.02234,2.0
1753504029309,04:27:09.309,ACH/USDT:USDT,0.02231,7416.0,0.02228,385.0,0.02233,178.0,0.02234,2.0
1753504030136,04:27:10.136,ACH/USDT:USDT,0.02231,7416.0,0.02229,2223.0,0.02233,178.0,0.02234,2.0
1753504030635,04:27:10.635,ACH/USDT:USDT,0.02231,7418.0,0.02228,6758.0,0.02233,4.0,0.02234,176.0
1753504031312,04:27:11.312,ACH/USDT:USDT,0.02231,7418.0,0.02229,14424.0,0.02233,2.0,0.02234,413.0
1753504031637,04:27:11.637,ACH/USDT:USDT,0.02231,7418.0,0.02229,14424.0,0.02233,2.0,0.02234,413.0
1753504032640,04:27:12.640,ACH/USDT:USDT,0.02231,7414.0,0.02229,5734.0,0.02233,410.0,0.02234,5.0
1753504033312,04:27:13.312,ACH/USDT:USDT,0.02231,7414.0,0.02228,7540.0,0.02233,413.0,0.02237,64226.0
1753504033640,04:27:13.640,ACH/USDT:USDT,0.02231,7415.0,0.02228,7540.0,0.02233,413.0,0.02237,64226.0
1753504034311,04:27:14.311,ACH/USDT:USDT,0.02231,7415.0,0.0223,144960.0,0.02233,413.0,0.02235,114234.0
1753504035142,04:27:15.142,ACH/USDT:USDT,0.02231,7417.0,0.0223,144960.0,0.02233,412.0,0.02235,114234.0
1753504035642,04:27:15.642,ACH/USDT:USDT,0.02231,3728.0,0.02228,97538.0,0.02233,2340.0,0.02236,75373.0
1753504036313,04:27:16.313,ACH/USDT:USDT,0.02231,3647.0,0.02229,130825.0,0.02233,2260.0,0.02234,99019.0
1753504036644,04:27:16.644,ACH/USDT:USDT,0.02231,3647.0,0.02229,130825.0,0.02233,2259.0,0.02234,99019.0
1753504037647,04:27:17.647,ACH/USDT:USDT,0.02231,3650.0,0.02228,385.0,0.02233,2339.0,0.02234,30554.0
1753504038315,04:27:18.315,ACH/USDT:USDT,0.02231,3729.0,0.02228,385.0,0.02233,2339.0,0.02238,63461.0
1753504038648,04:27:18.648,ACH/USDT:USDT,0.02231,3729.0,0.02228,385.0,0.02233,2339.0,0.02238,63461.0
1753504039315,04:27:19.315,ACH/USDT:USDT,0.02231,4496.0,0.02228,385.0,0.02233,1547.0,0.02234,84901.0
1753504040150,04:27:20.150,ACH/USDT:USDT,0.02231,4494.0,0.02228,385.0,0.02233,1547.0,0.02234,84901.0
1753504040650,04:27:20.650,ACH/USDT:USDT,0.02231,3645.0,0.02229,16621.0,0.02233,3260.0,0.02235,27922.0
1753504041317,04:27:21.317,ACH/USDT:USDT,0.02231,3726.0,0.02229,134940.0,0.02233,4.0,0.02234,3256.0
1753504041651,04:27:21.651,ACH/USDT:USDT,0.02231,3726.0,0.02229,134940.0,0.02233,4.0,0.02234,3256.0
1753504042318,04:27:22.318,ACH/USDT:USDT,0.02231,3726.0,0.02229,16621.0,0.02233,1.0,0.02234,3257.0
1753504042653,04:27:22.653,ACH/USDT:USDT,0.02231,3726.0,0.02229,16621.0,0.02233,1.0,0.02234,3260.0
1753504043656,04:27:23.656,ACH/USDT:USDT,0.02231,3646.0,0.02229,16621.0,0.02233,3257.0,0.02234,4.0
1753504044157,04:27:24.157,ACH/USDT:USDT,0.02231,3646.0,0.02229,16621.0,0.02233,3259.0,0.02236,16556.0
1753504044658,04:27:24.658,ACH/USDT:USDT,0.02231,3646.0,0.02229,17912.0,0.02233,3.0,0.02234,3256.0
1753504045320,04:27:25.320,ACH/USDT:USDT,0.02231,3646.0,0.02229,16621.0,0.02233,1.0,0.02234,3260.0
1753504045660,04:27:25.660,ACH/USDT:USDT,0.02231,3646.0,0.02229,16621.0,0.02233,3262.0,0.02236,59043.0
1753504047322,04:27:27.322,ACH/USDT:USDT,0.02231,3725.0,0.02229,78991.0,0.02233,3182.0,0.02235,34322.0
1753504048324,04:27:28.324,ACH/USDT:USDT,0.02231,3725.0,0.02229,16621.0,0.02233,3182.0,0.02236,16556.0
1753504049167,04:27:29.167,ACH/USDT:USDT,0.02231,3725.0,0.02229,16621.0,0.02233,3179.0,0.02236,16556.0
1753504049668,04:27:29.668,ACH/USDT:USDT,0.02231,4637.0,0.02229,73180.0,0.02233,2963.0,0.02234,18908.0
1753504050326,04:27:30.326,ACH/USDT:USDT,0.02231,4638.0,0.02229,76672.0,0.02233,2964.0,0.02234,18908.0
1753504050671,04:27:30.671,ACH/USDT:USDT,0.02231,4422.0,0.02229,20113.0,0.02233,3180.0,0.02235,133747.0
1753504051671,04:27:31.671,ACH/USDT:USDT,0.02231,4421.0,0.02229,20113.0,0.02233,3180.0,0.02236,31831.0
1753504052326,04:27:32.326,ACH/USDT:USDT,0.02231,4421.0,0.02229,16621.0,0.02233,3180.0,0.02236,16556.0
1753504052672,04:27:32.672,ACH/USDT:USDT,0.02231,4421.0,0.02229,28374.0,0.02233,3180.0,0.02236,16556.0
1753504053680,04:27:33.680,ACH/USDT:USDT,0.02231,4421.0,0.02229,28374.0,0.02233,3182.0,0.02236,129986.0
1753504054331,04:27:34.331,ACH/USDT:USDT,0.02231,4421.0,0.02229,27588.0,0.02233,3262.0,0.02236,16556.0
1753504054678,04:27:34.678,ACH/USDT:USDT,0.02231,4421.0,0.02229,27588.0,0.02233,3260.0,0.02236,16556.0
1753504055331,04:27:35.331,ACH/USDT:USDT,0.02231,4421.0,0.02229,16621.0,0.02233,3260.0,0.02236,16556.0
1753504056180,04:27:36.180,ACH/USDT:USDT,0.02231,4421.0,0.0223,12080.0,0.02233,4.0,0.02234,3176.0
1753504056681,04:27:36.681,ACH/USDT:USDT,0.02231,4421.0,0.0223,12080.0,0.02233,3180.0,0.02236,16556.0
1753504057333,04:27:37.333,ACH/USDT:USDT,0.02231,4639.0,0.0223,12080.0,0.02233,3180.0,0.02234,99420.0
1753504058685,04:27:38.685,ACH/USDT:USDT,0.02231,4641.0,0.0223,12080.0,0.02233,1.0,0.02234,3178.0
1753504059336,04:27:39.336,ACH/USDT:USDT,0.02231,4641.0,0.0223,12080.0,0.02233,3177.0,0.02234,2.0
1753504059686,04:27:39.686,ACH/USDT:USDT,0.02231,4641.0,0.02229,23695.0,0.02233,3177.0,0.02234,2.0
1753504060341,04:27:40.341,ACH/USDT:USDT,0.02231,4638.0,0.0223,7446.0,0.02233,3180.0,0.02236,78772.0
1753504061191,04:27:41.191,ACH/USDT:USDT,0.02231,4641.0,0.0223,7446.0,0.02233,3179.0,0.02236,116725.0
1753504061690,04:27:41.690,ACH/USDT:USDT,0.02231,4689.0,0.0223,7446.0,0.02233,3155.0,0.02236,16556.0
1753504062340,04:27:42.340,ACH/USDT:USDT,0.02231,4689.0,0.0223,160804.0,0.02233,3155.0,0.02236,16556.0
1753504063693,04:27:43.693,ACH/USDT:USDT,0.02231,4473.0,0.0223,6310.0,0.02233,3158.0,0.02236,31601.0
1753504064341,04:27:44.341,ACH/USDT:USDT,0.02231,4471.0,0.0223,6310.0,0.02233,3158.0,0.02236,16556.0
1753504064696,04:27:44.696,ACH/USDT:USDT,0.02231,4471.0,0.02229,16621.0,0.02233,3158.0,0.02236,16556.0
1753504065342,04:27:45.342,ACH/USDT:USDT,0.02231,4469.0,0.0223,2705.0,0.02233,3157.0,0.02236,16556.0
1753504065697,04:27:45.697,ACH/USDT:USDT,0.02231,4469.0,0.0223,2705.0,0.02233,3237.0,0.02235,44945.0
1753504066697,04:27:46.697,ACH/USDT:USDT,0.02231,5384.0,0.0223,2705.0,0.02233,604.0,0.02235,9633.0
1753504067345,04:27:47.345,ACH/USDT:USDT,0.02231,5600.0,0.02229,16621.0,0.02233,4.0,0.02234,384.0
1753504067701,04:27:47.701,ACH/USDT:USDT,0.02231,5600.0,0.02229,16621.0,0.02233,1.0,0.02234,388.0
1753504068701,04:27:48.701,ACH/USDT:USDT,0.02231,5384.0,0.0223,5244.0,0.02233,601.0,0.02234,4.0
1753504069701,04:27:49.701,ACH/USDT:USDT,0.02231,5304.0,0.0223,5244.0,0.02233,1.0,0.02234,1593.0
1753504070704,04:27:50.704,ACH/USDT:USDT,0.02231,5301.0,0.02229,10372.0,0.02233,1592.0,0.02234,12736.0
1753504071348,04:27:51.348,ACH/USDT:USDT,0.02231,5597.0,0.0223,112931.0,0.02233,384.0,0.02234,4.0
1753504071707,04:27:51.707,ACH/USDT:USDT,0.02231,5600.0,0.0223,112931.0,0.02233,384.0,0.02234,4.0
1753504072708,04:27:52.708,ACH/USDT:USDT,0.02231,5597.0,0.02229,10372.0,0.02233,384.0,0.02234,4.0
1753504073352,04:27:53.352,ACH/USDT:USDT,0.02231,5381.0,0.02229,10372.0,0.02233,680.0,0.02234,4.0
1753504073712,04:27:53.712,ACH/USDT:USDT,0.02231,5380.0,0.02229,10372.0,0.02233,680.0,0.02234,4.0
1753504074712,04:27:54.712,ACH/USDT:USDT,0.02231,4388.0,0.0223,54026.0,0.02233,3256.0,0.02234,4.0
1753504075353,04:27:55.353,ACH/USDT:USDT,0.02231,4388.0,0.0223,65258.0,0.02233,3260.0,0.02234,1.0
1753504076215,04:27:56.215,ACH/USDT:USDT,0.02231,4388.0,0.0223,1951.0,0.02233,3244.0,0.02234,1.0
1753504076715,04:27:56.715,ACH/USDT:USDT,0.02231,4388.0,0.0223,64385.0,0.02233,3244.0,0.02234,1.0
1753504077354,04:27:57.354,ACH/USDT:USDT,0.02231,4388.0,0.0223,1951.0,0.02233,3241.0,0.02234,20761.0
1753504078358,04:27:58.358,ACH/USDT:USDT,0.02231,3308.0,0.0223,1951.0,0.02233,4355.0,0.02234,1.0
1753504078719,04:27:58.719,ACH/USDT:USDT,0.02231,3312.0,0.0223,1951.0,0.02233,4355.0,0.02234,1.0
1753504079721,04:27:59.721,ACH/USDT:USDT,0.02231,2552.0,0.0223,8069.0,0.02233,4356.0,0.02234,1.0
1753504080359,04:28:00.359,ACH/USDT:USDT,0.02231,2548.0,0.02229,10372.0,0.02233,4356.0,0.02234,1.0
1753504080725,04:28:00.725,ACH/USDT:USDT,0.02231,2549.0,0.02229,10372.0,0.02233,4356.0,0.02234,9835.0
