timestamp,time,symbol,bid1_price,bid1_volume,bid2_price,bid2_volume,ask1_price,ask1_volume,ask2_price,ask2_volume
1753503308082,04:15:08.082,ACH/USDT:USDT,0.0224,29826.0,0.022399,3581.0,0.022401,10772.0,0.022404,7176.0
1753503308154,04:15:08.154,ACH/USDT:USDT,0.0224,29826.0,0.022399,3581.0,0.022401,10772.0,0.022404,7176.0
1753503308302,04:15:08.302,ACH/USDT:USDT,0.0224,29826.0,0.022399,3581.0,0.022401,10772.0,0.022404,7176.0
1753503308555,04:15:08.555,ACH/USDT:USDT,0.0224,29826.0,0.022399,3581.0,0.022401,10772.0,0.022404,7176.0
1753503308902,04:15:08.902,ACH/USDT:USDT,0.0224,29826.0,0.022399,3581.0,0.022401,10772.0,0.022404,7176.0
1753503309168,04:15:09.168,ACH/USDT:USDT,0.0224,29826.0,0.022399,3581.0,0.022401,10772.0,0.022404,7176.0
1753503309398,04:15:09.398,ACH/USDT:USDT,0.0224,29826.0,0.022399,3581.0,0.022401,10772.0,0.022404,7176.0
1753503309502,04:15:09.502,ACH/USDT:USDT,0.0224,29826.0,0.022399,3581.0,0.022401,10772.0,0.022404,7176.0
1753503309616,04:15:09.616,ACH/USDT:USDT,0.0224,29826.0,0.022399,3581.0,0.022401,10772.0,0.022404,7176.0
1753503309839,04:15:09.839,ACH/USDT:USDT,0.0224,29826.0,0.022398,13175.0,0.022401,10772.0,0.022403,3302.0
1753503309943,04:15:09.943,ACH/USDT:USDT,0.0224,29826.0,0.022398,16477.0,0.022401,10772.0,0.022404,7176.0
1753503310102,04:15:10.102,ACH/USDT:USDT,0.0224,29826.0,0.022398,16477.0,0.022401,10772.0,0.022404,7176.0
1753503310208,04:15:10.208,ACH/USDT:USDT,0.0224,29826.0,0.022398,16477.0,0.022401,10772.0,0.022404,7176.0
1753503310548,04:15:10.548,ACH/USDT:USDT,0.0224,29826.0,0.022398,16477.0,0.022401,10772.0,0.022403,893.0
1753503310665,04:15:10.665,ACH/USDT:USDT,0.0224,29826.0,0.022398,16477.0,0.022401,10772.0,0.022403,893.0
1753503310771,04:15:10.771,ACH/USDT:USDT,0.0224,29826.0,0.022398,13175.0,0.022401,10772.0,0.022403,4195.0
1753503311123,04:15:11.123,ACH/USDT:USDT,0.0224,29826.0,0.022398,13175.0,0.022401,10772.0,0.022403,4195.0
1753503311226,04:15:11.226,ACH/USDT:USDT,0.0224,29826.0,0.022398,13175.0,0.022401,10772.0,0.022403,4195.0
1753503311388,04:15:11.388,ACH/USDT:USDT,0.0224,29826.0,0.022398,16477.0,0.022401,10772.0,0.022403,4195.0
1753503311510,04:15:11.510,ACH/USDT:USDT,0.0224,28200.0,0.022398,227.0,0.022401,10772.0,0.022403,15144.0
1753503311622,04:15:11.622,ACH/USDT:USDT,0.0224,28200.0,0.022398,227.0,0.022401,10772.0,0.022403,15144.0
1753503311758,04:15:11.758,ACH/USDT:USDT,0.0224,28200.0,0.022398,227.0,0.022401,10772.0,0.022403,15144.0
1753503312069,04:15:12.069,ACH/USDT:USDT,0.0224,28738.0,0.022399,3302.0,0.022401,10772.0,0.022403,10949.0
1753503312295,04:15:12.295,ACH/USDT:USDT,0.0224,28738.0,0.022399,3302.0,0.022401,10772.0,0.022403,10949.0
1753503312485,04:15:12.485,ACH/USDT:USDT,0.0224,28738.0,0.022399,3302.0,0.022401,10772.0,0.022403,10949.0
1753503312588,04:15:12.588,ACH/USDT:USDT,0.0224,28738.0,0.022398,4259.0,0.022401,10772.0,0.022403,10949.0
1753503312798,04:15:12.798,ACH/USDT:USDT,0.0224,28738.0,0.022398,227.0,0.022401,10772.0,0.022403,15144.0
1753503312903,04:15:12.903,ACH/USDT:USDT,0.0224,28738.0,0.022398,227.0,0.022401,10772.0,0.022403,15144.0
1753503313118,04:15:13.118,ACH/USDT:USDT,0.0224,28738.0,0.022398,3529.0,0.022401,10772.0,0.022403,14251.0
1753503313402,04:15:13.402,ACH/USDT:USDT,0.0224,28738.0,0.022398,3529.0,0.022401,14600.0,0.022403,14251.0
1753503313572,04:15:13.572,ACH/USDT:USDT,0.0224,28738.0,0.022398,3529.0,0.022401,14600.0,0.022403,14251.0
1753503313704,04:15:13.704,ACH/USDT:USDT,0.0224,28738.0,0.022398,3529.0,0.022401,14600.0,0.022403,15144.0
1753503313844,04:15:13.844,ACH/USDT:USDT,0.0224,28738.0,0.022398,3529.0,0.022401,14600.0,0.022403,15144.0
1753503314002,04:15:14.002,ACH/USDT:USDT,0.0224,28738.0,0.022398,227.0,0.022401,26103.0,0.022403,15144.0
1753503314117,04:15:14.117,ACH/USDT:USDT,0.0224,28738.0,0.022398,227.0,0.022401,26103.0,0.022403,15144.0
1753503314227,04:15:14.227,ACH/USDT:USDT,0.0224,28738.0,0.022398,227.0,0.022401,26103.0,0.022403,15144.0
1753503314561,04:15:14.561,ACH/USDT:USDT,0.0224,28738.0,0.022398,227.0,0.022401,26103.0,0.022403,15144.0
1753503314667,04:15:14.667,ACH/USDT:USDT,0.0224,28738.0,0.022398,227.0,0.022401,26103.0,0.022403,15144.0
1753503314771,04:15:14.771,ACH/USDT:USDT,0.0224,28738.0,0.022398,227.0,0.022401,26103.0,0.022403,15144.0
1753503314928,04:15:14.928,ACH/USDT:USDT,0.0224,28738.0,0.022398,3529.0,0.022401,26103.0,0.022403,15144.0
1753503315088,04:15:15.088,ACH/USDT:USDT,0.0224,28738.0,0.022398,3529.0,0.022401,26103.0,0.022403,15144.0
1753503315202,04:15:15.202,ACH/USDT:USDT,0.0224,28738.0,0.022398,3529.0,0.022401,26103.0,0.022403,15144.0
1753503315322,04:15:15.322,ACH/USDT:USDT,0.0224,28738.0,0.022398,3529.0,0.022401,26567.0,0.022403,15144.0
1753503315462,04:15:15.462,ACH/USDT:USDT,0.0224,28738.0,0.022398,7561.0,0.022401,26568.0,0.022403,15144.0
1753503315565,04:15:15.565,ACH/USDT:USDT,0.0224,28738.0,0.022398,7561.0,0.022401,26568.0,0.022403,15144.0
1753503315669,04:15:15.669,ACH/USDT:USDT,0.0224,28738.0,0.022398,7561.0,0.022401,26568.0,0.022403,11842.0
1753503315771,04:15:15.771,ACH/USDT:USDT,0.0224,28738.0,0.022398,7561.0,0.022401,26568.0,0.022403,11842.0
1753503315872,04:15:15.872,ACH/USDT:USDT,0.0224,28738.0,0.022398,7561.0,0.022401,26568.0,0.022403,11842.0
1753503316020,04:15:16.020,ACH/USDT:USDT,0.0224,28738.0,0.022398,7561.0,0.022401,26568.0,0.022403,11842.0
1753503316129,04:15:16.129,ACH/USDT:USDT,0.0224,28738.0,0.022398,7561.0,0.022401,26568.0,0.022403,11842.0
1753503316291,04:15:16.291,ACH/USDT:USDT,0.0224,28738.0,0.022398,7561.0,0.022401,26568.0,0.022403,11842.0
1753503316401,04:15:16.401,ACH/USDT:USDT,0.0224,28738.0,0.022398,7561.0,0.022401,26568.0,0.022403,11842.0
1753503316773,04:15:16.773,ACH/USDT:USDT,0.0224,28738.0,0.022398,7561.0,0.022401,26568.0,0.022403,11842.0
1753503316875,04:15:16.875,ACH/USDT:USDT,0.0224,28738.0,0.022398,7561.0,0.022401,26568.0,0.022403,11842.0
1753503317018,04:15:17.018,ACH/USDT:USDT,0.0224,28738.0,0.022398,7561.0,0.022401,26568.0,0.022403,893.0
1753503317128,04:15:17.128,ACH/USDT:USDT,0.0224,28738.0,0.022398,18773.0,0.022401,26568.0,0.022404,7176.0
1753503317283,04:15:17.283,ACH/USDT:USDT,0.0224,28738.0,0.022398,18773.0,0.022401,26568.0,0.022404,7176.0
1753503317399,04:15:17.399,ACH/USDT:USDT,0.0224,28738.0,0.022398,18773.0,0.022401,26568.0,0.022404,7176.0
1753503317502,04:15:17.502,ACH/USDT:USDT,0.0224,28738.0,0.022398,18773.0,0.022401,26568.0,0.022404,7176.0
1753503317632,04:15:17.632,ACH/USDT:USDT,0.0224,28738.0,0.022398,18773.0,0.022401,26568.0,0.022404,7176.0
1753503317916,04:15:17.916,ACH/USDT:USDT,0.0224,28738.0,0.022398,18773.0,0.022401,24683.0,0.022404,7176.0
1753503318074,04:15:18.074,ACH/USDT:USDT,0.0224,28503.0,0.022398,18773.0,0.022401,24683.0,0.022404,7176.0
1753503318218,04:15:18.218,ACH/USDT:USDT,0.0224,28503.0,0.022398,18773.0,0.022401,24683.0,0.022404,7176.0
1753503318342,04:15:18.342,ACH/USDT:USDT,0.0224,28738.0,0.022398,18773.0,0.022401,24683.0,0.022404,7176.0
1753503318453,04:15:18.453,ACH/USDT:USDT,0.0224,30527.0,0.022398,18773.0,0.022401,24683.0,0.022404,7176.0
1753503318556,04:15:18.556,ACH/USDT:USDT,0.0224,30527.0,0.022398,18773.0,0.022401,24683.0,0.022404,7176.0
1753503318778,04:15:18.778,ACH/USDT:USDT,0.0224,30527.0,0.022398,18773.0,0.022401,24683.0,0.022404,7176.0
1753503318899,04:15:18.899,ACH/USDT:USDT,0.0224,30527.0,0.022398,18773.0,0.022401,24683.0,0.022404,7176.0
1753503319002,04:15:19.002,ACH/USDT:USDT,0.0224,30527.0,0.022398,18773.0,0.022401,24683.0,0.022404,7176.0
1753503319153,04:15:19.153,ACH/USDT:USDT,0.0224,30527.0,0.022398,18773.0,0.022401,24683.0,0.022404,7176.0
1753503319338,04:15:19.338,ACH/USDT:USDT,0.0224,30527.0,0.022398,18773.0,0.022401,24676.0,0.022404,7176.0
1753503319442,04:15:19.442,ACH/USDT:USDT,0.0224,30527.0,0.022398,18773.0,0.022401,24676.0,0.022404,7176.0
1753503319788,04:15:19.788,ACH/USDT:USDT,0.0224,30527.0,0.022398,18773.0,0.022401,24676.0,0.022404,7176.0
1753503320002,04:15:20.002,ACH/USDT:USDT,0.0224,30527.0,0.022398,18773.0,0.022401,24676.0,0.022404,7176.0
1753503320318,04:15:20.318,ACH/USDT:USDT,0.0224,30527.0,0.022398,18773.0,0.022401,24676.0,0.022404,7176.0
1753503320602,04:15:20.602,ACH/USDT:USDT,0.0224,30527.0,0.022398,18773.0,0.022401,24676.0,0.022404,7176.0
1753503320728,04:15:20.728,ACH/USDT:USDT,0.0224,30527.0,0.022398,18773.0,0.022401,24676.0,0.022404,7176.0
1753503320829,04:15:20.829,ACH/USDT:USDT,0.022403,3232.0,0.022401,16672.0,0.022404,246.0,0.022405,738.0
1753503320931,04:15:20.931,ACH/USDT:USDT,0.022403,8660.0,0.022401,16672.0,0.022404,246.0,0.022405,738.0
1753503321035,04:15:21.035,ACH/USDT:USDT,0.022403,19872.0,0.022402,4032.0,0.022404,246.0,0.022406,4886.0
1753503321136,04:15:21.136,ACH/USDT:USDT,0.022406,12069.0,0.022404,17739.0,0.022407,12196.0,0.022408,3567.0
1753503321240,04:15:21.240,ACH/USDT:USDT,0.022406,12069.0,0.022403,7058.0,0.022407,12196.0,0.022408,3567.0
1753503321346,04:15:21.346,ACH/USDT:USDT,0.022406,12069.0,0.022403,7058.0,0.022407,12196.0,0.022408,6869.0
1753503321448,04:15:21.448,ACH/USDT:USDT,0.022406,12069.0,0.022403,7058.0,0.022407,12196.0,0.022408,6869.0
1753503321552,04:15:21.552,ACH/USDT:USDT,0.022403,737.0,0.022402,226.0,0.022406,14514.0,0.022407,20384.0
1753503321656,04:15:21.656,ACH/USDT:USDT,0.022403,737.0,0.022402,226.0,0.022406,14514.0,0.022407,20384.0
1753503321801,04:15:21.801,ACH/USDT:USDT,0.022403,737.0,0.022402,226.0,0.022406,14514.0,0.022407,9172.0
1753503321907,04:15:21.907,ACH/USDT:USDT,0.022403,737.0,0.022402,226.0,0.022406,14514.0,0.022407,9172.0
1753503322127,04:15:22.127,ACH/USDT:USDT,0.022403,737.0,0.022402,226.0,0.022406,14514.0,0.022407,9172.0
1753503322230,04:15:22.230,ACH/USDT:USDT,0.022403,2168.0,0.022402,226.0,0.022406,14514.0,0.022407,9172.0
1753503322353,04:15:22.353,ACH/USDT:USDT,0.022403,3599.0,0.022402,226.0,0.022406,15381.0,0.022407,9172.0
1753503322502,04:15:22.502,ACH/USDT:USDT,0.022403,3599.0,0.022402,226.0,0.022406,15381.0,0.022407,9172.0
1753503322610,04:15:22.610,ACH/USDT:USDT,0.022403,3599.0,0.022402,226.0,0.022406,17613.0,0.022407,9172.0
1753503322712,04:15:22.712,ACH/USDT:USDT,0.022403,3599.0,0.022402,226.0,0.022406,17613.0,0.022407,9172.0
1753503322831,04:15:22.831,ACH/USDT:USDT,0.022403,3599.0,0.022402,226.0,0.022406,17613.0,0.022407,9172.0
1753503322961,04:15:22.961,ACH/USDT:USDT,0.022403,3599.0,0.022402,226.0,0.022405,10719.0,0.022406,6401.0
1753503323064,04:15:23.064,ACH/USDT:USDT,0.022403,3599.0,0.022402,226.0,0.022405,10719.0,0.022406,6401.0
1753503323268,04:15:23.268,ACH/USDT:USDT,0.022403,2862.0,0.022402,226.0,0.022405,10719.0,0.022406,6401.0
1753503323370,04:15:23.370,ACH/USDT:USDT,0.022403,2862.0,0.022402,226.0,0.022405,10719.0,0.022406,6401.0
1753503323556,04:15:23.556,ACH/USDT:USDT,0.022403,2862.0,0.022402,226.0,0.022405,10719.0,0.022406,6401.0
1753503323697,04:15:23.697,ACH/USDT:USDT,0.022403,2862.0,0.022402,226.0,0.022405,10719.0,0.022406,6401.0
1753503323802,04:15:23.802,ACH/USDT:USDT,0.022403,2862.0,0.022402,226.0,0.022405,10719.0,0.022406,6401.0
1753503323932,04:15:23.932,ACH/USDT:USDT,0.022403,2862.0,0.022402,226.0,0.022405,10719.0,0.022406,6401.0
1753503324087,04:15:24.087,ACH/USDT:USDT,0.022403,2862.0,0.022402,226.0,0.022404,16020.0,0.022405,14021.0
1753503324251,04:15:24.251,ACH/USDT:USDT,0.022403,2862.0,0.022402,226.0,0.022404,16020.0,0.022405,3302.0
1753503324354,04:15:24.354,ACH/USDT:USDT,0.022403,2862.0,0.022402,226.0,0.022404,16020.0,0.022405,3302.0
1753503324456,04:15:24.456,ACH/USDT:USDT,0.022403,2862.0,0.022402,226.0,0.022404,16020.0,0.022405,3302.0
1753503324566,04:15:24.566,ACH/USDT:USDT,0.022403,2862.0,0.022402,226.0,0.022404,16020.0,0.022405,3302.0
1753503324669,04:15:24.669,ACH/USDT:USDT,0.022403,2862.0,0.022402,226.0,0.022404,8901.0,0.022405,3302.0
1753503324886,04:15:24.886,ACH/USDT:USDT,0.022403,5201.0,0.022402,226.0,0.022404,1228.0,0.022405,3302.0
1753503324991,04:15:24.991,ACH/USDT:USDT,0.022403,5201.0,0.022402,226.0,0.022405,3302.0,0.022406,14888.0
1753503325126,04:15:25.126,ACH/USDT:USDT,0.022403,5201.0,0.022402,226.0,0.022405,3035.0,0.022406,17120.0
1753503325232,04:15:25.232,ACH/USDT:USDT,0.022403,5201.0,0.022402,226.0,0.022405,3035.0,0.022406,17120.0
1753503325374,04:15:25.374,ACH/USDT:USDT,0.022403,5201.0,0.022402,226.0,0.022406,13818.0,0.022407,4286.0
1753503325477,04:15:25.477,ACH/USDT:USDT,0.022403,10444.0,0.022402,226.0,0.022406,13818.0,0.022407,4286.0
1753503325621,04:15:25.621,ACH/USDT:USDT,0.022403,11875.0,0.022402,226.0,0.022406,13818.0,0.022407,4286.0
1753503325783,04:15:25.783,ACH/USDT:USDT,0.022403,11875.0,0.022402,226.0,0.022406,13818.0,0.022407,4286.0
1753503325902,04:15:25.902,ACH/USDT:USDT,0.022403,11875.0,0.022402,226.0,0.022406,3099.0,0.022407,4286.0
1753503326006,04:15:26.006,ACH/USDT:USDT,0.022403,13306.0,0.022402,226.0,0.022406,3099.0,0.022407,4286.0
1753503326132,04:15:26.132,ACH/USDT:USDT,0.022403,13306.0,0.022402,226.0,0.022406,3099.0,0.022407,4286.0
1753503326502,04:15:26.502,ACH/USDT:USDT,0.022403,13306.0,0.022402,226.0,0.022406,3099.0,0.022407,4286.0
1753503326615,04:15:26.615,ACH/USDT:USDT,0.022403,13306.0,0.022402,226.0,0.022406,3099.0,0.022407,4286.0
1753503327103,04:15:27.103,ACH/USDT:USDT,0.022403,13306.0,0.022402,226.0,0.022406,3099.0,0.022407,4286.0
1753503327207,04:15:27.207,ACH/USDT:USDT,0.022403,14198.0,0.022402,226.0,0.022406,3099.0,0.022407,4286.0
1753503327318,04:15:27.318,ACH/USDT:USDT,0.022403,14198.0,0.022402,226.0,0.022406,3099.0,0.022407,4286.0
1753503327423,04:15:27.423,ACH/USDT:USDT,0.022403,14198.0,0.022402,226.0,0.022406,3099.0,0.022407,4286.0
1753503327572,04:15:27.572,ACH/USDT:USDT,0.022403,14198.0,0.022402,226.0,0.022406,3099.0,0.022407,4286.0
1753503327675,04:15:27.675,ACH/USDT:USDT,0.022403,14198.0,0.022402,226.0,0.022406,3099.0,0.022407,4286.0
1753503327802,04:15:27.802,ACH/USDT:USDT,0.022403,14198.0,0.022402,226.0,0.022406,3099.0,0.022407,4286.0
1753503328302,04:15:28.302,ACH/USDT:USDT,0.022403,14198.0,0.022402,226.0,0.022406,3099.0,0.022407,4286.0
1753503328478,04:15:28.478,ACH/USDT:USDT,0.022403,15487.0,0.022402,226.0,0.022406,3099.0,0.022407,4286.0
1753503328642,04:15:28.642,ACH/USDT:USDT,0.022403,15487.0,0.022402,226.0,0.022406,3099.0,0.022407,4286.0
1753503328773,04:15:28.773,ACH/USDT:USDT,0.022403,15487.0,0.022402,226.0,0.022406,3099.0,0.022407,4286.0
1753503328876,04:15:28.876,ACH/USDT:USDT,0.022403,15487.0,0.022402,226.0,0.022406,3099.0,0.022407,4286.0
1753503329009,04:15:29.009,ACH/USDT:USDT,0.022403,19669.0,0.022402,226.0,0.022406,3099.0,0.022407,4286.0
1753503329338,04:15:29.338,ACH/USDT:USDT,0.022403,19669.0,0.022402,226.0,0.022406,3099.0,0.022407,4286.0
1753503329502,04:15:29.502,ACH/USDT:USDT,0.022403,20742.0,0.022402,226.0,0.022406,3099.0,0.022407,4286.0
1753503329606,04:15:29.606,ACH/USDT:USDT,0.022403,20742.0,0.022402,226.0,0.022406,3099.0,0.022407,4286.0
1753503329786,04:15:29.786,ACH/USDT:USDT,0.022403,20742.0,0.022402,226.0,0.022406,3099.0,0.022407,4286.0
1753503329954,04:15:29.954,ACH/USDT:USDT,0.022403,20742.0,0.022402,226.0,0.022406,3099.0,0.022407,4286.0
1753503330057,04:15:30.057,ACH/USDT:USDT,0.022403,20742.0,0.022402,1119.0,0.022406,3099.0,0.022407,4286.0
1753503330183,04:15:30.183,ACH/USDT:USDT,0.022404,2339.0,0.022403,18403.0,0.022406,867.0,0.022407,4286.0
1753503330297,04:15:30.297,ACH/USDT:USDT,0.022404,2339.0,0.022403,18403.0,0.022406,867.0,0.022407,984.0
1753503330407,04:15:30.407,ACH/USDT:USDT,0.022404,2339.0,0.022403,18403.0,0.022406,867.0,0.022407,984.0
1753503330652,04:15:30.652,ACH/USDT:USDT,0.022404,2339.0,0.022403,18403.0,0.022406,867.0,0.022407,6517.0
1753503330757,04:15:30.757,ACH/USDT:USDT,0.022404,2339.0,0.022403,18403.0,0.022406,1435.0,0.022407,6517.0
1753503330969,04:15:30.969,ACH/USDT:USDT,0.022404,3233.0,0.022403,18403.0,0.022406,1435.0,0.022407,3215.0
1753503331071,04:15:31.071,ACH/USDT:USDT,0.022404,4306.0,0.022403,18403.0,0.022406,1435.0,0.022407,3215.0
1753503331200,04:15:31.200,ACH/USDT:USDT,0.022404,1967.0,0.022403,18403.0,0.022405,834.0,0.022406,867.0
1753503331318,04:15:31.318,ACH/USDT:USDT,0.022404,1967.0,0.022403,18403.0,0.022405,834.0,0.022406,867.0
1753503331463,04:15:31.463,ACH/USDT:USDT,0.022404,2502.0,0.022403,18403.0,0.022405,834.0,0.022406,867.0
1753503331566,04:15:31.566,ACH/USDT:USDT,0.022404,3575.0,0.022403,19296.0,0.022405,834.0,0.022406,867.0
1753503331669,04:15:31.669,ACH/USDT:USDT,0.022404,3575.0,0.022403,19296.0,0.022405,834.0,0.022406,867.0
1753503331918,04:15:31.918,ACH/USDT:USDT,0.022404,3575.0,0.022403,19296.0,0.022405,834.0,0.022406,867.0
1753503332102,04:15:32.102,ACH/USDT:USDT,0.022404,3575.0,0.022403,19296.0,0.022405,834.0,0.022406,867.0
1753503332218,04:15:32.218,ACH/USDT:USDT,0.022404,3575.0,0.022403,19296.0,0.022405,834.0,0.022406,867.0
1753503332332,04:15:32.332,ACH/USDT:USDT,0.022404,5364.0,0.022403,19296.0,0.022405,834.0,0.022406,867.0
1753503332702,04:15:32.702,ACH/USDT:USDT,0.022404,5364.0,0.022403,19296.0,0.022405,834.0,0.022406,867.0
1753503333302,04:15:33.302,ACH/USDT:USDT,0.022404,5364.0,0.022403,19296.0,0.022405,834.0,0.022406,867.0
1753503333595,04:15:33.595,ACH/USDT:USDT,0.022404,5364.0,0.022403,19296.0,0.022405,834.0,0.022406,867.0
1753503333703,04:15:33.703,ACH/USDT:USDT,0.022404,5364.0,0.022403,19296.0,0.022405,834.0,0.022406,867.0
1753503333830,04:15:33.830,ACH/USDT:USDT,0.022404,5364.0,0.022403,19296.0,0.022405,834.0,0.022406,867.0
1753503333948,04:15:33.948,ACH/USDT:USDT,0.022404,5364.0,0.022403,19296.0,0.022405,834.0,0.022406,867.0
1753503334107,04:15:34.107,ACH/USDT:USDT,0.022403,15359.0,0.022402,226.0,0.022405,834.0,0.022406,4169.0
1753503334209,04:15:34.209,ACH/USDT:USDT,0.022403,15359.0,0.022402,226.0,0.022405,834.0,0.022406,4169.0
1753503334318,04:15:34.318,ACH/USDT:USDT,0.022403,15359.0,0.022402,226.0,0.022405,834.0,0.022406,4169.0
1753503334419,04:15:34.419,ACH/USDT:USDT,0.022403,15359.0,0.022402,226.0,0.022405,834.0,0.022406,4169.0
1753503334548,04:15:34.548,ACH/USDT:USDT,0.022403,15359.0,0.022402,226.0,0.022405,834.0,0.022406,4169.0
1753503334902,04:15:34.902,ACH/USDT:USDT,0.022403,15359.0,0.022402,226.0,0.022405,834.0,0.022406,4169.0
1753503335090,04:15:35.090,ACH/USDT:USDT,0.022403,15359.0,0.022402,226.0,0.022405,834.0,0.022406,867.0
1753503335237,04:15:35.237,ACH/USDT:USDT,0.022404,348.0,0.022403,16432.0,0.022405,3066.0,0.022406,867.0
1753503335388,04:15:35.388,ACH/USDT:USDT,0.022404,348.0,0.022403,16432.0,0.022405,3066.0,0.022406,4169.0
1753503335538,04:15:35.538,ACH/USDT:USDT,0.022404,348.0,0.022403,16432.0,0.022405,3066.0,0.022406,4889.0
1753503335652,04:15:35.652,ACH/USDT:USDT,0.022404,2137.0,0.022403,16432.0,0.022405,3066.0,0.022406,1587.0
1753503335795,04:15:35.795,ACH/USDT:USDT,0.022404,2137.0,0.022403,16432.0,0.022405,3066.0,0.022406,2307.0
1753503335912,04:15:35.912,ACH/USDT:USDT,0.022404,2137.0,0.022403,16432.0,0.022405,3066.0,0.022406,2307.0
1753503336102,04:15:36.102,ACH/USDT:USDT,0.022404,2137.0,0.022403,16432.0,0.022405,3066.0,0.022406,2307.0
1753503336208,04:15:36.208,ACH/USDT:USDT,0.022404,2137.0,0.022403,16432.0,0.022405,3066.0,0.022406,5609.0
1753503336327,04:15:36.327,ACH/USDT:USDT,0.022404,2137.0,0.022403,16432.0,0.022405,3066.0,0.022406,5609.0
1753503336431,04:15:36.431,ACH/USDT:USDT,0.022404,4180.0,0.022403,16432.0,0.022405,3066.0,0.022406,867.0
1753503336538,04:15:36.538,ACH/USDT:USDT,0.022404,5969.0,0.022403,16432.0,0.022405,3066.0,0.022406,1587.0
1753503336641,04:15:36.641,ACH/USDT:USDT,0.022404,5969.0,0.022403,16432.0,0.022405,3066.0,0.022406,1587.0
1753503336767,04:15:36.767,ACH/USDT:USDT,0.022404,5969.0,0.022403,16432.0,0.022405,3066.0,0.022406,1587.0
1753503336982,04:15:36.982,ACH/USDT:USDT,0.022404,5969.0,0.022403,16432.0,0.022405,3066.0,0.022406,1587.0
1753503337117,04:15:37.117,ACH/USDT:USDT,0.022404,5969.0,0.022403,16432.0,0.022405,3066.0,0.022406,1587.0
1753503337221,04:15:37.221,ACH/USDT:USDT,0.022404,5969.0,0.022403,16432.0,0.022405,3066.0,0.022406,1587.0
1753503337437,04:15:37.437,ACH/USDT:USDT,0.022404,6863.0,0.022403,16432.0,0.022405,3066.0,0.022406,1587.0
1753503337564,04:15:37.564,ACH/USDT:USDT,0.022404,6863.0,0.022403,16432.0,0.022405,3066.0,0.022406,867.0
1753503337667,04:15:37.667,ACH/USDT:USDT,0.022404,6863.0,0.022403,16432.0,0.022405,3066.0,0.022406,3027.0
1753503337802,04:15:37.802,ACH/USDT:USDT,0.022404,6863.0,0.022403,16432.0,0.022405,3066.0,0.022406,3027.0
1753503337903,04:15:37.903,ACH/USDT:USDT,0.022404,6863.0,0.022403,16432.0,0.022405,3066.0,0.022406,6329.0
1753503338048,04:15:38.048,ACH/USDT:USDT,0.022404,6863.0,0.022403,16432.0,0.022405,3066.0,0.022406,6329.0
1753503338258,04:15:38.258,ACH/USDT:USDT,0.022404,6863.0,0.022403,16432.0,0.022405,3066.0,0.022406,6329.0
1753503338362,04:15:38.362,ACH/USDT:USDT,0.022404,6863.0,0.022403,16432.0,0.022405,3066.0,0.022406,6329.0
1753503338502,04:15:38.502,ACH/USDT:USDT,0.022404,12106.0,0.022403,11371.0,0.022405,3066.0,0.022406,4889.0
1753503338665,04:15:38.665,ACH/USDT:USDT,0.022404,12106.0,0.022403,11371.0,0.022405,3066.0,0.022406,5609.0
1753503338770,04:15:38.770,ACH/USDT:USDT,0.022404,12106.0,0.022403,11371.0,0.022405,3066.0,0.022406,5609.0
1753503338873,04:15:38.873,ACH/USDT:USDT,0.022404,12106.0,0.022403,11371.0,0.022405,3066.0,0.022406,5609.0
1753503339002,04:15:39.002,ACH/USDT:USDT,0.022404,12106.0,0.022403,11371.0,0.022405,3066.0,0.022406,5609.0
1753503339181,04:15:39.181,ACH/USDT:USDT,0.022404,12106.0,0.022403,11371.0,0.022405,3066.0,0.022406,5609.0
1753503339299,04:15:39.299,ACH/USDT:USDT,0.022404,13179.0,0.022403,11371.0,0.022405,3066.0,0.022406,6329.0
1753503339426,04:15:39.426,ACH/USDT:USDT,0.022404,13179.0,0.022403,11371.0,0.022405,3066.0,0.022406,4889.0
1753503339537,04:15:39.537,ACH/USDT:USDT,0.022404,13179.0,0.022403,11371.0,0.022405,5220.0,0.022406,4889.0
1753503339702,04:15:39.702,ACH/USDT:USDT,0.022404,13179.0,0.022403,11371.0,0.022405,5220.0,0.022406,4889.0
1753503339958,04:15:39.958,ACH/USDT:USDT,0.022404,13179.0,0.022403,11371.0,0.022405,5220.0,0.022406,4889.0
1753503340061,04:15:40.061,ACH/USDT:USDT,0.022404,13179.0,0.022403,11371.0,0.022405,5220.0,0.022406,4889.0
1753503340164,04:15:40.164,ACH/USDT:USDT,0.022404,14252.0,0.022403,11371.0,0.022405,5220.0,0.022406,4889.0
1753503340267,04:15:40.267,ACH/USDT:USDT,0.022404,14252.0,0.022403,11371.0,0.022405,5220.0,0.022406,4889.0
1753503340602,04:15:40.602,ACH/USDT:USDT,0.022404,14252.0,0.022403,11371.0,0.022405,5220.0,0.022406,4889.0
1753503340802,04:15:40.802,ACH/USDT:USDT,0.022404,14252.0,0.022403,11371.0,0.022405,5220.0,0.022406,4889.0
1753503341017,04:15:41.017,ACH/USDT:USDT,0.022404,14252.0,0.022403,11371.0,0.022405,5220.0,0.022406,4889.0
1753503341120,04:15:41.120,ACH/USDT:USDT,0.022404,14252.0,0.022403,11371.0,0.022405,5220.0,0.022406,4889.0
1753503341302,04:15:41.302,ACH/USDT:USDT,0.022404,14252.0,0.022403,11371.0,0.022405,16182.0,0.022406,4889.0
1753503341429,04:15:41.429,ACH/USDT:USDT,0.022404,14252.0,0.022403,11371.0,0.022405,13950.0,0.022406,3302.0
1753503341530,04:15:41.530,ACH/USDT:USDT,0.022404,14252.0,0.022403,11371.0,0.022405,14785.0,0.022406,3302.0
1753503341702,04:15:41.702,ACH/USDT:USDT,0.022404,14252.0,0.022403,11371.0,0.022405,14785.0,0.022406,3302.0
1753503341857,04:15:41.857,ACH/USDT:USDT,0.022404,16972.0,0.022403,8651.0,0.022405,14785.0,0.022407,11945.0
1753503341973,04:15:41.973,ACH/USDT:USDT,0.022406,5480.0,0.022405,6254.0,0.022409,43265.0,0.02241,4825.0
1753503342076,04:15:42.076,ACH/USDT:USDT,0.022405,7938.0,0.022404,21133.0,0.022407,720.0,0.022409,45496.0
1753503342181,04:15:42.181,ACH/USDT:USDT,0.022405,3848.0,0.022404,21133.0,0.022407,2160.0,0.022409,48798.0
1753503342294,04:15:42.294,ACH/USDT:USDT,0.022405,5279.0,0.022404,21133.0,0.022407,2160.0,0.022409,48798.0
1753503342401,04:15:42.401,ACH/USDT:USDT,0.022405,6710.0,0.022404,21133.0,0.022407,2160.0,0.022409,48798.0
1753503342540,04:15:42.540,ACH/USDT:USDT,0.022405,6710.0,0.022404,21133.0,0.022407,6054.0,0.022409,48798.0
1753503342661,04:15:42.661,ACH/USDT:USDT,0.022405,10732.0,0.022404,25146.0,0.022407,6054.0,0.022409,45496.0
1753503342773,04:15:42.773,ACH/USDT:USDT,0.022405,10732.0,0.022404,25146.0,0.022407,6054.0,0.022409,45496.0
1753503342988,04:15:42.988,ACH/USDT:USDT,0.022405,10732.0,0.022404,25146.0,0.022407,6054.0,0.022409,45496.0
1753503343116,04:15:43.116,ACH/USDT:USDT,0.022405,10732.0,0.022404,25146.0,0.022407,6054.0,0.022409,45496.0
1753503343223,04:15:43.223,ACH/USDT:USDT,0.022405,10732.0,0.022404,25146.0,0.022407,6054.0,0.022409,45496.0
1753503343402,04:15:43.402,ACH/USDT:USDT,0.022405,11301.0,0.022404,21133.0,0.022407,6054.0,0.022409,45496.0
1753503343508,04:15:43.508,ACH/USDT:USDT,0.022405,11301.0,0.022404,21133.0,0.022407,6054.0,0.022409,48798.0
1753503343679,04:15:43.679,ACH/USDT:USDT,0.022405,11301.0,0.022404,21133.0,0.022407,6054.0,0.022409,48798.0
1753503343802,04:15:43.802,ACH/USDT:USDT,0.022405,10408.0,0.022404,21133.0,0.022407,6054.0,0.022409,48798.0
1753503344051,04:15:44.051,ACH/USDT:USDT,0.022405,10408.0,0.022404,21133.0,0.022407,6054.0,0.022409,48798.0
1753503344154,04:15:44.154,ACH/USDT:USDT,0.022405,10408.0,0.022404,21133.0,0.022407,6054.0,0.022409,48798.0
1753503344402,04:15:44.402,ACH/USDT:USDT,0.022405,12197.0,0.022404,21133.0,0.022407,6054.0,0.022409,48798.0
1753503344538,04:15:44.538,ACH/USDT:USDT,0.022405,14788.0,0.022404,25146.0,0.022407,6054.0,0.022409,45496.0
1753503344641,04:15:44.641,ACH/USDT:USDT,0.022405,14788.0,0.022404,25146.0,0.022407,6054.0,0.022409,45496.0
1753503344985,04:15:44.985,ACH/USDT:USDT,0.022405,14788.0,0.022404,25146.0,0.022407,6054.0,0.022409,45496.0
1753503345102,04:15:45.102,ACH/USDT:USDT,0.022405,14788.0,0.022404,25146.0,0.022407,6054.0,0.022409,45496.0
1753503345229,04:15:45.229,ACH/USDT:USDT,0.022405,14788.0,0.022404,25146.0,0.022407,6054.0,0.022409,43265.0
1753503345505,04:15:45.505,ACH/USDT:USDT,0.022405,10940.0,0.022404,32105.0,0.022407,8285.0,0.022409,43265.0
1753503345607,04:15:45.607,ACH/USDT:USDT,0.022405,10940.0,0.022404,31757.0,0.022407,8285.0,0.022409,43265.0
1753503345716,04:15:45.716,ACH/USDT:USDT,0.022405,9242.0,0.022404,27744.0,0.022407,8285.0,0.022409,43265.0
1753503345869,04:15:45.869,ACH/USDT:USDT,0.022405,9242.0,0.022404,27744.0,0.022407,8285.0,0.022409,43265.0
1753503345974,04:15:45.974,ACH/USDT:USDT,0.022405,9242.0,0.022404,27744.0,0.022407,8285.0,0.022409,43265.0
1753503346077,04:15:46.077,ACH/USDT:USDT,0.022405,9242.0,0.022404,27744.0,0.022407,8285.0,0.022409,43265.0
1753503346180,04:15:46.180,ACH/USDT:USDT,0.022406,348.0,0.022405,16634.0,0.022407,8285.0,0.022409,43265.0
1753503346282,04:15:46.282,ACH/USDT:USDT,0.022406,348.0,0.022405,16634.0,0.022407,8285.0,0.022409,43265.0
1753503346487,04:15:46.487,ACH/USDT:USDT,0.022406,1267.0,0.022405,16634.0,0.022407,8285.0,0.022409,43265.0
1753503346628,04:15:46.628,ACH/USDT:USDT,0.022406,1267.0,0.022405,16634.0,0.022407,8285.0,0.022409,43265.0
1753503346731,04:15:46.731,ACH/USDT:USDT,0.022406,2340.0,0.022405,15741.0,0.022407,8285.0,0.022409,43265.0
1753503346857,04:15:46.857,ACH/USDT:USDT,0.022406,2340.0,0.022405,11651.0,0.022407,8285.0,0.022409,43265.0
1753503347006,04:15:47.006,ACH/USDT:USDT,0.022406,2340.0,0.022405,8601.0,0.022407,8285.0,0.022409,43265.0
1753503347111,04:15:47.111,ACH/USDT:USDT,0.022406,6110.0,0.022405,11903.0,0.022407,8285.0,0.022409,43265.0
1753503347258,04:15:47.258,ACH/USDT:USDT,0.022406,6110.0,0.022405,11903.0,0.022407,8285.0,0.022409,43265.0
1753503347468,04:15:47.468,ACH/USDT:USDT,0.022406,6110.0,0.022405,11365.0,0.022407,9159.0,0.022409,43265.0
1753503347608,04:15:47.608,ACH/USDT:USDT,0.022406,6110.0,0.022405,8063.0,0.022407,9159.0,0.022409,57374.0
1753503347712,04:15:47.712,ACH/USDT:USDT,0.022406,6110.0,0.022405,8063.0,0.022407,9159.0,0.022409,57374.0
1753503347898,04:15:47.898,ACH/USDT:USDT,0.022401,983.0,0.0224,12315.0,0.022404,5640.0,0.022405,31052.0
1753503348001,04:15:48.001,ACH/USDT:USDT,0.022401,983.0,0.0224,461.0,0.022404,16447.0,0.022405,20245.0
1753503348113,04:15:48.113,ACH/USDT:USDT,0.022401,983.0,0.0224,461.0,0.022404,16447.0,0.022405,20245.0
1753503348219,04:15:48.219,ACH/USDT:USDT,0.022401,983.0,0.0224,461.0,0.022404,10807.0,0.022405,8063.0
1753503348327,04:15:48.327,ACH/USDT:USDT,0.022401,983.0,0.0224,461.0,0.022404,10807.0,0.022405,8063.0
1753503348554,04:15:48.554,ACH/USDT:USDT,0.022401,983.0,0.0224,461.0,0.022404,10807.0,0.022405,8063.0
1753503348656,04:15:48.656,ACH/USDT:USDT,0.022401,4647.0,0.0224,4474.0,0.022404,10807.0,0.022407,16312.0
1753503348902,04:15:48.902,ACH/USDT:USDT,0.022401,4647.0,0.0224,4474.0,0.022404,10807.0,0.022407,16312.0
1753503349009,04:15:49.009,ACH/USDT:USDT,0.022406,2339.0,0.022403,2096.0,0.022407,16312.0,0.022408,41986.0
1753503349112,04:15:49.112,ACH/USDT:USDT,0.022406,2339.0,0.022403,6923.0,0.022407,19263.0,0.022408,41986.0
1753503349238,04:15:49.238,ACH/USDT:USDT,0.022406,4128.0,0.022404,893.0,0.022407,20703.0,0.022408,41986.0
1753503349343,04:15:49.343,ACH/USDT:USDT,0.022406,5201.0,0.022404,893.0,0.022407,20703.0,0.022408,41986.0
1753503349458,04:15:49.458,ACH/USDT:USDT,0.022406,5201.0,0.022404,893.0,0.022407,20703.0,0.022408,41986.0
1753503349602,04:15:49.602,ACH/USDT:USDT,0.022406,5201.0,0.022404,893.0,0.022407,20703.0,0.022408,41986.0
1753503349802,04:15:49.802,ACH/USDT:USDT,0.022406,5201.0,0.022404,893.0,0.022407,20703.0,0.022408,41986.0
1753503349937,04:15:49.937,ACH/USDT:USDT,0.022403,737.0,0.022402,226.0,0.022407,20703.0,0.022408,45288.0
1753503350038,04:15:50.038,ACH/USDT:USDT,0.022403,737.0,0.022402,226.0,0.022407,16312.0,0.022408,45288.0
1753503350142,04:15:50.142,ACH/USDT:USDT,0.022403,737.0,0.022402,226.0,0.022407,16312.0,0.022408,45288.0
1753503350256,04:15:50.256,ACH/USDT:USDT,0.022403,737.0,0.022402,226.0,0.022407,16312.0,0.022408,45288.0
1753503350378,04:15:50.378,ACH/USDT:USDT,0.022403,737.0,0.022402,226.0,0.022407,16312.0,0.022408,45288.0
1753503350480,04:15:50.480,ACH/USDT:USDT,0.022405,1825.0,0.022403,737.0,0.022407,16312.0,0.022408,45288.0
1753503350602,04:15:50.602,ACH/USDT:USDT,0.022405,1825.0,0.022403,737.0,0.022407,16741.0,0.022408,45288.0
1753503351102,04:15:51.102,ACH/USDT:USDT,0.022405,1825.0,0.022403,737.0,0.022407,16741.0,0.022408,45288.0
1753503351206,04:15:51.206,ACH/USDT:USDT,0.022405,1825.0,0.022403,737.0,0.022407,16741.0,0.022408,45288.0
1753503351308,04:15:51.308,ACH/USDT:USDT,0.022405,1825.0,0.022403,737.0,0.022407,16741.0,0.022408,45288.0
1753503351498,04:15:51.498,ACH/USDT:USDT,0.022405,3614.0,0.022403,737.0,0.022407,16741.0,0.022408,41986.0
1753503351687,04:15:51.687,ACH/USDT:USDT,0.022405,3614.0,0.022403,737.0,0.022407,16741.0,0.022408,41986.0
1753503351828,04:15:51.828,ACH/USDT:USDT,0.022405,3614.0,0.022403,737.0,0.022407,16741.0,0.022408,41986.0
1753503351930,04:15:51.930,ACH/USDT:USDT,0.022405,3614.0,0.022403,737.0,0.022407,16741.0,0.022408,41986.0
1753503352089,04:15:52.089,ACH/USDT:USDT,0.022405,3614.0,0.022403,737.0,0.022407,16741.0,0.022408,41986.0
1753503352190,04:15:52.190,ACH/USDT:USDT,0.022405,3614.0,0.022403,737.0,0.022407,16741.0,0.022408,41986.0
1753503352317,04:15:52.317,ACH/USDT:USDT,0.022405,3614.0,0.022403,737.0,0.022407,16741.0,0.022408,41986.0
1753503352549,04:15:52.549,ACH/USDT:USDT,0.022403,737.0,0.022402,226.0,0.022404,10903.0,0.022406,6065.0
1753503352651,04:15:52.651,ACH/USDT:USDT,0.022403,737.0,0.022402,226.0,0.022404,11796.0,0.022405,7237.0
1753503352754,04:15:52.754,ACH/USDT:USDT,0.022401,2056.0,0.0224,461.0,0.022404,11796.0,0.022405,7237.0
1753503352866,04:15:52.866,ACH/USDT:USDT,0.022401,2056.0,0.0224,461.0,0.022404,11796.0,0.022405,7237.0
1753503352968,04:15:52.968,ACH/USDT:USDT,0.022401,2056.0,0.0224,461.0,0.022404,11796.0,0.022405,7237.0
1753503353124,04:15:53.124,ACH/USDT:USDT,0.022401,2056.0,0.0224,461.0,0.022404,11796.0,0.022405,7237.0
1753503353229,04:15:53.229,ACH/USDT:USDT,0.022401,2056.0,0.0224,461.0,0.022404,11796.0,0.022405,7237.0
1753503353342,04:15:53.342,ACH/USDT:USDT,0.022401,3845.0,0.0224,461.0,0.022404,11796.0,0.022405,7237.0
1753503353447,04:15:53.447,ACH/USDT:USDT,0.022401,3845.0,0.0224,461.0,0.022404,11796.0,0.022405,7237.0
1753503353584,04:15:53.584,ACH/USDT:USDT,0.022401,3845.0,0.0224,461.0,0.022403,17087.0,0.022404,4313.0
1753503353697,04:15:53.697,ACH/USDT:USDT,0.022401,3845.0,0.0224,461.0,0.022403,17087.0,0.022404,4313.0
1753503353800,04:15:53.800,ACH/USDT:USDT,0.022401,3845.0,0.0224,461.0,0.022403,17087.0,0.022404,4313.0
1753503353968,04:15:53.968,ACH/USDT:USDT,0.022401,3845.0,0.0224,461.0,0.022403,17087.0,0.022404,4313.0
1753503354378,04:15:54.378,ACH/USDT:USDT,0.022402,235.0,0.022401,3845.0,0.022403,13903.0,0.022405,8697.0
1753503354550,04:15:54.550,ACH/USDT:USDT,0.022402,1666.0,0.022401,3845.0,0.022403,13903.0,0.022405,8697.0
1753503354707,04:15:54.707,ACH/USDT:USDT,0.022402,1666.0,0.022401,3845.0,0.022403,13903.0,0.022405,8697.0
1753503354862,04:15:54.862,ACH/USDT:USDT,0.022402,1666.0,0.022401,3845.0,0.022403,10903.0,0.022405,8697.0
1753503355002,04:15:55.002,ACH/USDT:USDT,0.022402,1666.0,0.022401,3845.0,0.022403,10903.0,0.022405,8697.0
1753503355175,04:15:55.175,ACH/USDT:USDT,0.022402,2739.0,0.022401,3845.0,0.022403,10903.0,0.022405,3935.0
1753503355285,04:15:55.285,ACH/USDT:USDT,0.022402,2739.0,0.022401,3845.0,0.022403,10903.0,0.022405,3935.0
1753503355587,04:15:55.587,ACH/USDT:USDT,0.022402,2739.0,0.022401,3845.0,0.022403,10903.0,0.022405,3935.0
1753503355824,04:15:55.824,ACH/USDT:USDT,0.022402,2739.0,0.022401,3845.0,0.022405,10903.0,0.022407,19741.0
1753503355927,04:15:55.927,ACH/USDT:USDT,0.022402,2739.0,0.022401,3845.0,0.022405,10903.0,0.022406,5084.0
1753503356028,04:15:56.028,ACH/USDT:USDT,0.022401,3845.0,0.0224,6354.0,0.022404,3000.0,0.022405,10903.0
1753503356130,04:15:56.130,ACH/USDT:USDT,0.022401,4181.0,0.0224,461.0,0.022403,17458.0,0.022404,6184.0
1753503356237,04:15:56.237,ACH/USDT:USDT,0.022401,4181.0,0.0224,461.0,0.022403,17458.0,0.022404,6184.0
1753503356378,04:15:56.378,ACH/USDT:USDT,0.022401,4181.0,0.0224,461.0,0.022403,17458.0,0.022404,6184.0
1753503356485,04:15:56.485,ACH/USDT:USDT,0.022401,4181.0,0.0224,461.0,0.022403,17458.0,0.022404,6184.0
1753503356631,04:15:56.631,ACH/USDT:USDT,0.022401,4181.0,0.0224,461.0,0.022403,17458.0,0.022404,6184.0
1753503356756,04:15:56.756,ACH/USDT:USDT,0.022401,4181.0,0.0224,461.0,0.022403,16571.0,0.022404,6184.0
1753503356902,04:15:56.902,ACH/USDT:USDT,0.022401,4181.0,0.0224,461.0,0.022403,16571.0,0.022404,6184.0
1753503357006,04:15:57.006,ACH/USDT:USDT,0.022401,4181.0,0.0224,461.0,0.022403,16571.0,0.022404,6184.0
1753503357162,04:15:57.162,ACH/USDT:USDT,0.022401,5254.0,0.0224,461.0,0.022403,16571.0,0.022404,3000.0
1753503357278,04:15:57.278,ACH/USDT:USDT,0.022401,5254.0,0.0224,461.0,0.022403,16571.0,0.022404,3000.0
1753503357407,04:15:57.407,ACH/USDT:USDT,0.022401,5254.0,0.0224,461.0,0.022403,16571.0,0.022404,3000.0
1753503357594,04:15:57.594,ACH/USDT:USDT,0.022401,5254.0,0.0224,461.0,0.022403,16571.0,0.022404,3000.0
1753503357721,04:15:57.721,ACH/USDT:USDT,0.022401,5254.0,0.0224,461.0,0.022403,16571.0,0.022404,6302.0
1753503357824,04:15:57.824,ACH/USDT:USDT,0.022401,5254.0,0.0224,461.0,0.022403,16571.0,0.022404,6302.0
1753503358011,04:15:58.011,ACH/USDT:USDT,0.022399,737.0,0.022398,786.0,0.022401,16157.0,0.022402,11040.0
1753503358115,04:15:58.115,ACH/USDT:USDT,0.022398,559.0,0.022397,737.0,0.022401,16157.0,0.022402,11890.0
1753503358259,04:15:58.259,ACH/USDT:USDT,0.022398,246.0,0.022397,737.0,0.022401,16804.0,0.022402,11890.0
1753503358362,04:15:58.362,ACH/USDT:USDT,0.022398,246.0,0.022397,737.0,0.022401,16804.0,0.022402,12783.0
1753503358648,04:15:58.648,ACH/USDT:USDT,0.022398,1677.0,0.022397,737.0,0.022401,16804.0,0.022402,11933.0
1753503358749,04:15:58.749,ACH/USDT:USDT,0.022398,1677.0,0.022397,737.0,0.022401,16804.0,0.022402,11933.0
1753503358861,04:15:58.861,ACH/USDT:USDT,0.022398,1677.0,0.022397,737.0,0.022401,16804.0,0.022402,11933.0
1753503359002,04:15:59.002,ACH/USDT:USDT,0.022398,1677.0,0.022397,737.0,0.022401,16804.0,0.022402,11933.0
1753503359115,04:15:59.115,ACH/USDT:USDT,0.022398,1677.0,0.022397,737.0,0.022401,16804.0,0.022402,11933.0
1753503359276,04:15:59.276,ACH/USDT:USDT,0.022398,1677.0,0.022397,737.0,0.022401,16804.0,0.022402,9965.0
1753503359428,04:15:59.428,ACH/USDT:USDT,0.022398,1677.0,0.022397,737.0,0.022401,16804.0,0.022402,9965.0
1753503359529,04:15:59.529,ACH/USDT:USDT,0.022398,1677.0,0.022397,737.0,0.022401,16804.0,0.022402,9965.0
1753503359658,04:15:59.658,ACH/USDT:USDT,0.022398,2750.0,0.022397,737.0,0.022401,16804.0,0.022402,9965.0
1753503360002,04:16:00.002,ACH/USDT:USDT,0.022398,2750.0,0.022397,737.0,0.022401,16804.0,0.022403,17308.0
1753503360105,04:16:00.105,ACH/USDT:USDT,0.022398,2750.0,0.022397,4039.0,0.022401,11550.0,0.022403,17308.0
1753503360209,04:16:00.209,ACH/USDT:USDT,0.022398,2750.0,0.022397,4039.0,0.022401,11550.0,0.022403,17308.0
1753503360312,04:16:00.312,ACH/USDT:USDT,0.022398,2750.0,0.022397,4039.0,0.022401,11550.0,0.022403,17308.0
1753503360659,04:16:00.659,ACH/USDT:USDT,0.022398,2750.0,0.022397,737.0,0.022401,11550.0,0.022403,17308.0
1753503360815,04:16:00.815,ACH/USDT:USDT,0.022398,4181.0,0.022397,737.0,0.022401,11550.0,0.022403,17308.0
1753503360928,04:16:00.928,ACH/USDT:USDT,0.022398,4181.0,0.022397,737.0,0.022401,11550.0,0.022403,17308.0
1753503361036,04:16:01.036,ACH/USDT:USDT,0.022398,4181.0,0.022397,737.0,0.022401,11550.0,0.022403,17308.0
1753503361141,04:16:01.141,ACH/USDT:USDT,0.022398,4181.0,0.022397,737.0,0.022401,11550.0,0.022403,17308.0
1753503361248,04:16:01.248,ACH/USDT:USDT,0.022397,737.0,0.022396,1599.0,0.0224,3000.0,0.022401,11550.0
1753503361350,04:16:01.350,ACH/USDT:USDT,0.022397,737.0,0.022396,227.0,0.0224,16999.0,0.022401,4155.0
1753503361517,04:16:01.517,ACH/USDT:USDT,0.022397,737.0,0.022396,227.0,0.0224,16999.0,0.022401,5048.0
1753503361641,04:16:01.641,ACH/USDT:USDT,0.022397,737.0,0.022396,227.0,0.0224,16999.0,0.022401,5048.0
1753503361744,04:16:01.744,ACH/USDT:USDT,0.022397,2168.0,0.022396,227.0,0.0224,16999.0,0.022401,5048.0
1753503361851,04:16:01.851,ACH/USDT:USDT,0.022397,3599.0,0.022396,227.0,0.0224,13903.0,0.022401,647.0
1753503361999,04:16:01.999,ACH/USDT:USDT,0.022397,3599.0,0.022396,227.0,0.0224,13903.0,0.022401,647.0
1753503362168,04:16:02.168,ACH/USDT:USDT,0.022397,3599.0,0.022396,227.0,0.0224,13903.0,0.022401,647.0
1753503362272,04:16:02.272,ACH/USDT:USDT,0.022397,3599.0,0.022396,227.0,0.0224,16776.0,0.022403,25733.0
1753503362375,04:16:02.375,ACH/USDT:USDT,0.022397,3599.0,0.022396,227.0,0.0224,16776.0,0.022403,25733.0
1753503362548,04:16:02.548,ACH/USDT:USDT,0.022398,16443.0,0.022397,4492.0,0.0224,13776.0,0.022403,20610.0
1753503362688,04:16:02.688,ACH/USDT:USDT,0.022398,16443.0,0.022397,7794.0,0.0224,13776.0,0.022403,17308.0
1753503362791,04:16:02.791,ACH/USDT:USDT,0.022398,16443.0,0.022397,7794.0,0.0224,13776.0,0.022403,17308.0
1753503362967,04:16:02.967,ACH/USDT:USDT,0.022399,235.0,0.022398,16443.0,0.0224,13776.0,0.022403,17308.0
1753503363068,04:16:03.068,ACH/USDT:USDT,0.022399,235.0,0.022398,16443.0,0.0224,13776.0,0.022403,17308.0
1753503363171,04:16:03.171,ACH/USDT:USDT,0.022399,235.0,0.022398,16443.0,0.0224,13776.0,0.022402,6630.0
1753503363302,04:16:03.302,ACH/USDT:USDT,0.022399,1308.0,0.022398,16443.0,0.0224,13776.0,0.022402,6630.0
1753503363431,04:16:03.431,ACH/USDT:USDT,0.022399,1308.0,0.022398,16756.0,0.0224,13445.0,0.022402,6630.0
1753503363902,04:16:03.902,ACH/USDT:USDT,0.022399,1308.0,0.022398,16756.0,0.0224,13445.0,0.022402,6630.0
1753503364007,04:16:04.007,ACH/USDT:USDT,0.022399,1308.0,0.022398,16756.0,0.0224,13445.0,0.022402,9932.0
1753503364248,04:16:04.248,ACH/USDT:USDT,0.022399,1308.0,0.022398,16756.0,0.0224,13445.0,0.022402,9932.0
1753503364389,04:16:04.389,ACH/USDT:USDT,0.022399,1308.0,0.022398,15863.0,0.0224,13445.0,0.022402,9932.0
1753503364492,04:16:04.492,ACH/USDT:USDT,0.022399,1308.0,0.022398,15863.0,0.0224,13445.0,0.022402,9932.0
1753503364600,04:16:04.600,ACH/USDT:USDT,0.022399,2202.0,0.022398,15863.0,0.0224,13445.0,0.022402,9932.0
1753503365102,04:16:05.102,ACH/USDT:USDT,0.022399,2202.0,0.022398,15863.0,0.0224,13445.0,0.022402,9932.0
1753503365229,04:16:05.229,ACH/USDT:USDT,0.022399,6361.0,0.022398,15863.0,0.0224,13445.0,0.022402,9932.0
1753503365363,04:16:05.363,ACH/USDT:USDT,0.022399,6361.0,0.022398,15863.0,0.0224,13445.0,0.022402,9932.0
1753503365497,04:16:05.497,ACH/USDT:USDT,0.022399,6011.0,0.022398,15863.0,0.0224,13445.0,0.022402,9932.0
1753503365604,04:16:05.604,ACH/USDT:USDT,0.022399,6011.0,0.022398,15863.0,0.0224,13445.0,0.022402,9932.0
1753503365718,04:16:05.718,ACH/USDT:USDT,0.022399,6905.0,0.022398,15863.0,0.0224,13446.0,0.022402,9932.0
1753503365992,04:16:05.992,ACH/USDT:USDT,0.022399,6905.0,0.022398,15863.0,0.0224,13446.0,0.022402,9932.0
1753503366094,04:16:06.094,ACH/USDT:USDT,0.022399,6905.0,0.022398,15863.0,0.0224,13446.0,0.022402,9932.0
1753503366198,04:16:06.198,ACH/USDT:USDT,0.022399,6905.0,0.022398,15863.0,0.0224,13446.0,0.022402,9932.0
1753503366302,04:16:06.302,ACH/USDT:USDT,0.022399,6905.0,0.022398,15863.0,0.0224,13446.0,0.022402,9932.0
1753503366554,04:16:06.554,ACH/USDT:USDT,0.022399,8694.0,0.022398,15863.0,0.0224,13446.0,0.022402,9932.0
1753503366717,04:16:06.717,ACH/USDT:USDT,0.022399,8694.0,0.022398,15863.0,0.0224,13446.0,0.022402,9932.0
1753503366971,04:16:06.971,ACH/USDT:USDT,0.022399,8694.0,0.022398,15863.0,0.0224,13446.0,0.022402,6630.0
1753503367297,04:16:07.297,ACH/USDT:USDT,0.022399,10865.0,0.022398,15863.0,0.0224,13446.0,0.022402,6630.0
1753503367638,04:16:07.638,ACH/USDT:USDT,0.022399,10865.0,0.022398,15863.0,0.0224,13446.0,0.022402,6630.0
1753503367744,04:16:07.744,ACH/USDT:USDT,0.022399,10865.0,0.022398,19165.0,0.0224,13446.0,0.022402,6630.0
1753503367902,04:16:07.902,ACH/USDT:USDT,0.022399,13547.0,0.022398,19165.0,0.0224,13446.0,0.022403,17308.0
1753503368106,04:16:08.106,ACH/USDT:USDT,0.022399,13547.0,0.022398,19165.0,0.0224,13446.0,0.022403,17308.0
1753503368391,04:16:08.391,ACH/USDT:USDT,0.022399,13547.0,0.022398,15863.0,0.0224,13446.0,0.022403,17308.0
1753503368555,04:16:08.555,ACH/USDT:USDT,0.022399,12654.0,0.022398,15863.0,0.0224,11214.0,0.022403,17308.0
1753503368884,04:16:08.884,ACH/USDT:USDT,0.022399,12654.0,0.022398,15863.0,0.0224,11214.0,0.022402,3302.0
1753503369002,04:16:09.002,ACH/USDT:USDT,0.022399,12654.0,0.022398,15863.0,0.0224,11214.0,0.022402,3302.0
1753503369107,04:16:09.107,ACH/USDT:USDT,0.022399,12654.0,0.022398,15863.0,0.0224,11214.0,0.022402,3302.0
1753503369211,04:16:09.211,ACH/USDT:USDT,0.022399,12654.0,0.022398,15863.0,0.0224,11214.0,0.022402,3302.0
1753503369602,04:16:09.602,ACH/USDT:USDT,0.022399,12654.0,0.022398,15863.0,0.0224,11214.0,0.022402,3302.0
1753503369785,04:16:09.785,ACH/USDT:USDT,0.022399,13727.0,0.022398,15863.0,0.0224,11214.0,0.022402,3302.0
1753503370018,04:16:10.018,ACH/USDT:USDT,0.022399,13727.0,0.022398,15863.0,0.0224,11214.0,0.022402,3302.0
1753503370122,04:16:10.122,ACH/USDT:USDT,0.022399,14800.0,0.022398,15863.0,0.0224,11214.0,0.022403,17308.0
1753503370241,04:16:10.241,ACH/USDT:USDT,0.022399,14800.0,0.022398,15863.0,0.0224,11214.0,0.022403,17308.0
1753503370357,04:16:10.357,ACH/USDT:USDT,0.022399,14800.0,0.022398,15863.0,0.0224,11214.0,0.022403,17308.0
1753503370662,04:16:10.662,ACH/USDT:USDT,0.022399,14800.0,0.022398,15863.0,0.0224,11214.0,0.022403,17308.0
1753503370802,04:16:10.802,ACH/USDT:USDT,0.022399,14800.0,0.022398,15863.0,0.0224,11214.0,0.022403,17308.0
1753503370927,04:16:10.927,ACH/USDT:USDT,0.022399,16113.0,0.022398,15863.0,0.0224,11214.0,0.022403,17308.0
1753503371079,04:16:11.079,ACH/USDT:USDT,0.022399,16113.0,0.022398,15863.0,0.0224,11214.0,0.022403,17308.0
1753503371302,04:16:11.302,ACH/USDT:USDT,0.022399,16113.0,0.022398,15863.0,0.0224,11214.0,0.022403,17308.0
1753503371566,04:16:11.566,ACH/USDT:USDT,0.022399,12350.0,0.022398,15863.0,0.0224,11214.0,0.022402,4195.0
1753503371671,04:16:11.671,ACH/USDT:USDT,0.022399,12350.0,0.022398,15863.0,0.0224,11214.0,0.022402,4195.0
1753503371902,04:16:11.902,ACH/USDT:USDT,0.022399,12350.0,0.022398,15863.0,0.0224,11214.0,0.022402,4195.0
1753503372004,04:16:12.004,ACH/USDT:USDT,0.022399,12350.0,0.022398,15863.0,0.0224,11214.0,0.022403,17308.0
1753503372118,04:16:12.118,ACH/USDT:USDT,0.022399,12350.0,0.022398,15863.0,0.0224,11214.0,0.022403,17308.0
1753503372302,04:16:12.302,ACH/USDT:USDT,0.022399,12350.0,0.022398,15863.0,0.0224,11214.0,0.022403,17308.0
1753503372436,04:16:12.436,ACH/USDT:USDT,0.022399,12350.0,0.022398,15863.0,0.0224,11214.0,0.022403,18201.0
1753503372559,04:16:12.559,ACH/USDT:USDT,0.022397,3956.0,0.022396,227.0,0.022398,3151.0,0.022399,13855.0
1753503372662,04:16:12.662,ACH/USDT:USDT,0.022397,2862.0,0.022396,227.0,0.022398,13855.0,0.022399,3096.0
1753503372811,04:16:12.811,ACH/USDT:USDT,0.022397,2862.0,0.022396,227.0,0.022398,19468.0,0.022399,3096.0
1753503372933,04:16:12.933,ACH/USDT:USDT,0.022397,2862.0,0.022396,227.0,0.022398,20157.0,0.022399,3096.0
1753503373036,04:16:13.036,ACH/USDT:USDT,0.022397,2862.0,0.022396,227.0,0.022398,20157.0,0.022399,3096.0
1753503373141,04:16:13.141,ACH/USDT:USDT,0.022397,2862.0,0.022396,227.0,0.022398,20157.0,0.022399,3096.0
1753503373254,04:16:13.254,ACH/USDT:USDT,0.022397,4293.0,0.022396,227.0,0.022398,20157.0,0.022399,3096.0
1753503373433,04:16:13.433,ACH/USDT:USDT,0.022397,4293.0,0.022396,227.0,0.022398,20157.0,0.022399,3096.0
1753503373602,04:16:13.602,ACH/USDT:USDT,0.022397,4293.0,0.022396,227.0,0.022398,20157.0,0.022399,3096.0
1753503373703,04:16:13.703,ACH/USDT:USDT,0.022397,2061.0,0.022396,227.0,0.022398,19264.0,0.0224,2054.0
1753503373811,04:16:13.811,ACH/USDT:USDT,0.022397,2061.0,0.022396,227.0,0.022398,19264.0,0.0224,2054.0
1753503373937,04:16:13.937,ACH/USDT:USDT,0.022397,2061.0,0.022396,227.0,0.022398,19264.0,0.0224,2054.0
1753503374042,04:16:14.042,ACH/USDT:USDT,0.022397,2061.0,0.022396,227.0,0.022398,19264.0,0.0224,2054.0
1753503374145,04:16:14.145,ACH/USDT:USDT,0.022397,2061.0,0.022396,227.0,0.022398,19264.0,0.0224,2054.0
1753503374320,04:16:14.320,ACH/USDT:USDT,0.022397,2061.0,0.022396,227.0,0.022398,19812.0,0.0224,1412.0
1753503374423,04:16:14.423,ACH/USDT:USDT,0.022397,2061.0,0.022396,227.0,0.022398,19812.0,0.0224,1412.0
1753503374602,04:16:14.602,ACH/USDT:USDT,0.022397,2061.0,0.022396,227.0,0.022398,19812.0,0.0224,1412.0
1753503374728,04:16:14.728,ACH/USDT:USDT,0.022396,56.0,0.022395,983.0,0.022398,19812.0,0.022399,3302.0
1753503374831,04:16:14.831,ACH/USDT:USDT,0.022396,56.0,0.022395,983.0,0.022398,19812.0,0.022399,3302.0
1753503375071,04:16:15.071,ACH/USDT:USDT,0.022396,1073.0,0.022395,983.0,0.022398,19812.0,0.022399,3302.0
1753503375197,04:16:15.197,ACH/USDT:USDT,0.022396,1073.0,0.022395,983.0,0.022398,19812.0,0.022399,3302.0
1753503375502,04:16:15.502,ACH/USDT:USDT,0.022396,1073.0,0.022395,983.0,0.022398,19812.0,0.022399,3302.0
1753503375624,04:16:15.624,ACH/USDT:USDT,0.022396,1073.0,0.022395,983.0,0.022398,19812.0,0.0224,4714.0
1753503375727,04:16:15.727,ACH/USDT:USDT,0.022396,1073.0,0.022395,983.0,0.022398,19812.0,0.0224,4714.0
1753503375828,04:16:15.828,ACH/USDT:USDT,0.022396,1073.0,0.022395,983.0,0.022398,19812.0,0.0224,4714.0
1753503375946,04:16:15.946,ACH/USDT:USDT,0.022396,2146.0,0.022395,983.0,0.022398,19812.0,0.0224,1412.0
1753503376178,04:16:16.178,ACH/USDT:USDT,0.022396,3219.0,0.022395,983.0,0.022398,19812.0,0.0224,1412.0
1753503376287,04:16:16.287,ACH/USDT:USDT,0.022396,3219.0,0.022395,983.0,0.022398,19812.0,0.0224,1412.0
1753503376402,04:16:16.402,ACH/USDT:USDT,0.022396,3219.0,0.022395,983.0,0.022398,19812.0,0.0224,1412.0
1753503376562,04:16:16.562,ACH/USDT:USDT,0.022396,3219.0,0.022395,983.0,0.022398,19812.0,0.0224,1412.0
1753503376732,04:16:16.732,ACH/USDT:USDT,0.022396,3219.0,0.022395,983.0,0.022398,19812.0,0.022399,3302.0
1753503376839,04:16:16.839,ACH/USDT:USDT,0.022396,4650.0,0.022395,983.0,0.022398,19812.0,0.022399,5721.0
1753503377002,04:16:17.002,ACH/USDT:USDT,0.022396,5723.0,0.022395,983.0,0.022398,19812.0,0.022399,2419.0
1753503377356,04:16:17.356,ACH/USDT:USDT,0.022396,5723.0,0.022395,983.0,0.022398,19813.0,0.022399,2419.0
1753503377502,04:16:17.502,ACH/USDT:USDT,0.022396,5723.0,0.022395,983.0,0.022398,19813.0,0.022399,2419.0
1753503377625,04:16:17.625,ACH/USDT:USDT,0.022396,5723.0,0.022395,983.0,0.022397,14393.0,0.022398,15973.0
1753503377732,04:16:17.732,ACH/USDT:USDT,0.022396,3491.0,0.022395,983.0,0.022397,14393.0,0.022398,15973.0
1753503377835,04:16:17.835,ACH/USDT:USDT,0.022396,3491.0,0.022395,983.0,0.022397,14393.0,0.022398,5269.0
1753503377978,04:16:17.978,ACH/USDT:USDT,0.022396,3491.0,0.022395,983.0,0.022397,14393.0,0.022398,5269.0
1753503378259,04:16:18.259,ACH/USDT:USDT,0.022396,4922.0,0.022395,983.0,0.022397,14393.0,0.022398,5269.0
1753503378361,04:16:18.361,ACH/USDT:USDT,0.022396,4922.0,0.022395,983.0,0.022397,14393.0,0.022398,5269.0
1753503378488,04:16:18.488,ACH/USDT:USDT,0.022396,6353.0,0.022395,983.0,0.022397,14393.0,0.022398,5269.0
1753503378638,04:16:18.638,ACH/USDT:USDT,0.022396,6353.0,0.022395,983.0,0.022397,11393.0,0.022398,5269.0
1753503378739,04:16:18.739,ACH/USDT:USDT,0.022396,6353.0,0.022395,983.0,0.022397,11393.0,0.022398,5269.0
1753503378858,04:16:18.858,ACH/USDT:USDT,0.022395,983.0,0.022394,1094.0,0.022397,14393.0,0.022398,8884.0
1753503378974,04:16:18.974,ACH/USDT:USDT,0.022395,246.0,0.022394,1094.0,0.022397,14393.0,0.022398,8884.0
1753503379076,04:16:19.076,ACH/USDT:USDT,0.022395,246.0,0.022394,1094.0,0.022397,14393.0,0.022398,14266.0
1753503379185,04:16:19.185,ACH/USDT:USDT,0.022395,246.0,0.022394,1094.0,0.022397,14393.0,0.022398,14266.0
1753503379290,04:16:19.290,ACH/USDT:USDT,0.022395,246.0,0.022394,1094.0,0.022397,14393.0,0.022398,14266.0
1753503379432,04:16:19.432,ACH/USDT:USDT,0.022395,246.0,0.022394,1094.0,0.022397,14393.0,0.022398,14266.0
1753503379571,04:16:19.571,ACH/USDT:USDT,0.022395,246.0,0.022394,1094.0,0.022397,14393.0,0.022398,14266.0
1753503379676,04:16:19.676,ACH/USDT:USDT,0.022395,246.0,0.022394,1094.0,0.022397,14393.0,0.022398,14266.0
1753503379779,04:16:19.779,ACH/USDT:USDT,0.022395,246.0,0.022394,1094.0,0.022397,14393.0,0.022398,14266.0
1753503379988,04:16:19.988,ACH/USDT:USDT,0.022395,246.0,0.022394,1094.0,0.022397,14393.0,0.022398,14266.0
1753503380094,04:16:20.094,ACH/USDT:USDT,0.022395,246.0,0.022394,1094.0,0.022397,14393.0,0.022398,14266.0
1753503380198,04:16:20.198,ACH/USDT:USDT,0.022395,2035.0,0.022394,1094.0,0.022397,14393.0,0.022398,14266.0
1753503380301,04:16:20.301,ACH/USDT:USDT,0.022395,2035.0,0.022393,1722.0,0.022397,14393.0,0.022398,14266.0
1753503380402,04:16:20.402,ACH/USDT:USDT,0.022395,2035.0,0.022393,2616.0,0.022397,18393.0,0.022398,14266.0
1753503380598,04:16:20.598,ACH/USDT:USDT,0.022395,2035.0,0.022393,2616.0,0.022397,18393.0,0.022398,14266.0
1753503380824,04:16:20.824,ACH/USDT:USDT,0.022395,3824.0,0.022394,1095.0,0.022397,18393.0,0.022398,14266.0
1753503380926,04:16:20.926,ACH/USDT:USDT,0.022395,3824.0,0.022394,1095.0,0.022397,18393.0,0.022398,14266.0
1753503381202,04:16:21.202,ACH/USDT:USDT,0.022395,3824.0,0.022394,1095.0,0.022397,18393.0,0.022398,14266.0
1753503381305,04:16:21.305,ACH/USDT:USDT,0.022395,3824.0,0.022394,1095.0,0.022397,22611.0,0.022398,14266.0
1753503381502,04:16:21.502,ACH/USDT:USDT,0.022395,3824.0,0.022394,1095.0,0.022397,22611.0,0.022398,14266.0
1753503381643,04:16:21.643,ACH/USDT:USDT,0.022395,3824.0,0.022394,1095.0,0.022397,22611.0,0.022398,14266.0
1753503381752,04:16:21.752,ACH/USDT:USDT,0.022395,3824.0,0.022394,1095.0,0.022397,22611.0,0.022398,14266.0
1753503382087,04:16:22.087,ACH/USDT:USDT,0.022395,3824.0,0.022394,1095.0,0.022397,22611.0,0.022398,14266.0
1753503382302,04:16:22.302,ACH/USDT:USDT,0.022395,3824.0,0.022393,2616.0,0.022397,22611.0,0.022398,14266.0
1753503382409,04:16:22.409,ACH/USDT:USDT,0.022395,3824.0,0.022394,3302.0,0.022397,22611.0,0.022398,14266.0
1753503382602,04:16:22.602,ACH/USDT:USDT,0.022395,3824.0,0.022394,3302.0,0.022397,22611.0,0.022398,14266.0
1753503382757,04:16:22.757,ACH/USDT:USDT,0.022395,3824.0,0.022394,4393.0,0.022397,22611.0,0.022398,14266.0
1753503382902,04:16:22.902,ACH/USDT:USDT,0.022395,3824.0,0.022394,4393.0,0.022397,22611.0,0.022398,14266.0
1753503383127,04:16:23.127,ACH/USDT:USDT,0.022395,3824.0,0.022394,4393.0,0.022397,22611.0,0.022398,14266.0
1753503383297,04:16:23.297,ACH/USDT:USDT,0.022395,3824.0,0.022394,4393.0,0.022397,22611.0,0.022398,14266.0
1753503383487,04:16:23.487,ACH/USDT:USDT,0.022395,3824.0,0.022394,4393.0,0.022397,22611.0,0.022398,14266.0
1753503383703,04:16:23.703,ACH/USDT:USDT,0.022395,3824.0,0.022394,4393.0,0.022397,22611.0,0.022398,14266.0
1753503383857,04:16:23.857,ACH/USDT:USDT,0.022395,3824.0,0.022394,4393.0,0.022397,22611.0,0.022398,14266.0
1753503384002,04:16:24.002,ACH/USDT:USDT,0.022395,5613.0,0.022394,4393.0,0.022397,22611.0,0.022398,14266.0
1753503384302,04:16:24.302,ACH/USDT:USDT,0.022395,5613.0,0.022394,4393.0,0.022397,22611.0,0.022398,14266.0
1753503384408,04:16:24.408,ACH/USDT:USDT,0.022395,5613.0,0.022394,3302.0,0.022397,22611.0,0.022398,14266.0
1753503384535,04:16:24.535,ACH/USDT:USDT,0.022395,5613.0,0.022394,3302.0,0.022397,22611.0,0.022398,9546.0
1753503384702,04:16:24.702,ACH/USDT:USDT,0.022395,7044.0,0.022394,3302.0,0.022397,23253.0,0.022398,9546.0
1753503384806,04:16:24.806,ACH/USDT:USDT,0.022392,246.0,0.022391,964.0,0.022394,16470.0,0.022396,4689.0
1753503384907,04:16:24.907,ACH/USDT:USDT,0.022392,246.0,0.022391,964.0,0.022394,21159.0,0.022397,29576.0
1753503385012,04:16:25.012,ACH/USDT:USDT,0.022392,246.0,0.022391,964.0,0.022394,21159.0,0.022395,894.0
1753503385115,04:16:25.115,ACH/USDT:USDT,0.022392,246.0,0.022391,1618.0,0.022394,21159.0,0.022395,894.0
1753503385221,04:16:25.221,ACH/USDT:USDT,0.022392,5603.0,0.022391,5435.0,0.022394,21159.0,0.022397,29576.0
