timestamp,time,symbol,bid1_price,bid1_volume,bid2_price,bid2_volume,ask1_price,ask1_volume,ask2_price,ask2_volume
1753504004335,04:26:44.335,AAVE/USDT:USDT,297.03,39.0,297.0,925.0,297.05,43.0,297.06,100.0
1753504005336,04:26:45.336,AAVE/USDT:USDT,297.03,223.0,297.02,464.0,297.05,22.0,297.06,98.0
1753504006339,04:26:46.339,AAVE/USDT:USDT,297.03,75.0,297.01,211.0,297.05,22.0,297.06,325.0
1753504007339,04:26:47.339,AAVE/USDT:USDT,297.03,217.0,297.0,471.0,297.05,15.0,297.06,98.0
1753504007841,04:26:47.841,AAVE/USDT:USDT,297.03,64.0,297.0,729.0,297.05,27.0,297.06,98.0
1753504008842,04:26:48.842,AAVE/USDT:USDT,297.03,5.0,297.02,61.0,297.05,28.0,297.06,98.0
1753504009342,04:26:49.342,AAVE/USDT:USDT,297.02,65.0,297.0,1268.0,297.05,28.0,297.06,98.0
1753504009855,04:26:49.855,AAVE/USDT:USDT,297.02,68.0,297.0,1268.0,297.05,32.0,297.07,110.0
1753504010845,04:26:50.845,AAVE/USDT:USDT,297.09,233.0,297.05,785.0,297.1,1.0,297.11,42.0
1753504011360,04:26:51.360,AAVE/USDT:USDT,297.09,233.0,297.05,785.0,297.1,1.0,297.11,42.0
1753504011843,04:26:51.843,AAVE/USDT:USDT,297.09,208.0,297.07,485.0,297.1,1.0,297.11,42.0
1753504012352,04:26:52.352,AAVE/USDT:USDT,297.09,208.0,297.07,485.0,297.11,42.0,297.12,64.0
1753504013442,04:26:53.442,AAVE/USDT:USDT,297.12,6.0,297.1,5.0,297.14,81.0,297.16,168.0
1753504013843,04:26:53.843,AAVE/USDT:USDT,297.1,13.0,297.08,68.0,297.12,222.0,297.14,1137.0
1753504014354,04:26:54.354,AAVE/USDT:USDT,297.1,10.0,297.08,68.0,297.12,222.0,297.14,1137.0
1753504015357,04:26:55.357,AAVE/USDT:USDT,297.1,4.0,297.09,931.0,297.12,197.0,297.16,1130.0
1753504015845,04:26:55.845,AAVE/USDT:USDT,297.1,22.0,297.09,904.0,297.12,5.0,297.13,36.0
1753504016358,04:26:56.358,AAVE/USDT:USDT,297.1,22.0,297.09,904.0,297.13,37.0,297.15,1002.0
1753504017359,04:26:57.359,AAVE/USDT:USDT,297.11,56.0,297.1,3.0,297.13,1.0,297.14,20.0
1753504017944,04:26:57.944,AAVE/USDT:USDT,297.14,58.0,297.13,701.0,297.16,139.0,297.18,179.0
1753504018366,04:26:58.366,AAVE/USDT:USDT,297.14,58.0,297.13,701.0,297.16,139.0,297.18,179.0
1753504019413,04:26:59.413,AAVE/USDT:USDT,297.17,246.0,297.16,756.0,297.18,184.0,297.19,24.0
1753504019848,04:26:59.848,AAVE/USDT:USDT,297.17,248.0,297.16,756.0,297.18,179.0,297.19,24.0
1753504020846,04:27:00.846,AAVE/USDT:USDT,297.18,182.0,297.17,2.0,297.19,24.0,297.2,3.0
1753504021363,04:27:01.363,AAVE/USDT:USDT,297.18,185.0,297.16,373.0,297.19,24.0,297.2,3.0
1753504022365,04:27:02.365,AAVE/USDT:USDT,297.25,302.0,297.23,974.0,297.27,41.0,297.28,42.0
1753504022847,04:27:02.847,AAVE/USDT:USDT,297.25,256.0,297.22,548.0,297.27,83.0,297.28,42.0
1753504023365,04:27:03.365,AAVE/USDT:USDT,297.25,256.0,297.22,548.0,297.27,87.0,297.28,39.0
1753504024367,04:27:04.367,AAVE/USDT:USDT,297.25,322.0,297.24,825.0,297.27,88.0,297.28,39.0
1753504024849,04:27:04.849,AAVE/USDT:USDT,297.25,322.0,297.24,825.0,297.27,47.0,297.29,1359.0
1753504025369,04:27:05.369,AAVE/USDT:USDT,297.25,344.0,297.24,185.0,297.28,43.0,297.29,931.0
1753504025850,04:27:05.850,AAVE/USDT:USDT,297.25,283.0,297.24,772.0,297.27,44.0,297.28,1.0
1753504026850,04:27:06.850,AAVE/USDT:USDT,297.25,195.0,297.23,651.0,297.27,49.0,297.28,1268.0
1753504027369,04:27:07.369,AAVE/USDT:USDT,297.25,197.0,297.23,651.0,297.27,49.0,297.28,1268.0
1753504028372,04:27:08.372,AAVE/USDT:USDT,297.25,105.0,297.24,755.0,297.27,5.0,297.28,23.0
1753504028852,04:27:08.852,AAVE/USDT:USDT,297.25,79.0,297.22,260.0,297.27,50.0,297.29,1281.0
1753504029387,04:27:09.387,AAVE/USDT:USDT,297.25,76.0,297.22,260.0,297.27,50.0,297.29,1281.0
1753504029855,04:27:09.855,AAVE/USDT:USDT,297.25,77.0,297.22,260.0,297.27,50.0,297.29,1281.0
1753504030854,04:27:10.854,AAVE/USDT:USDT,297.25,119.0,297.23,575.0,297.27,28.0,297.29,900.0
1753504031376,04:27:11.376,AAVE/USDT:USDT,297.25,119.0,297.23,575.0,297.27,27.0,297.29,900.0
1753504031856,04:27:11.856,AAVE/USDT:USDT,297.25,229.0,297.22,323.0,297.27,24.0,297.29,407.0
1753504032381,04:27:12.381,AAVE/USDT:USDT,297.25,226.0,297.22,323.0,297.27,24.0,297.29,407.0
1753504033379,04:27:13.379,AAVE/USDT:USDT,297.25,178.0,297.22,1209.0,297.27,23.0,297.29,404.0
1753504033859,04:27:13.859,AAVE/USDT:USDT,297.25,1.0,297.24,228.0,297.27,23.0,297.29,140.0
1753504034380,04:27:14.380,AAVE/USDT:USDT,297.25,1.0,297.24,228.0,297.27,24.0,297.29,140.0
1753504034860,04:27:14.860,AAVE/USDT:USDT,297.24,229.0,297.19,1097.0,297.27,24.0,297.29,173.0
1753504035861,04:27:15.861,AAVE/USDT:USDT,297.24,225.0,297.2,1054.0,297.27,24.0,297.29,296.0
1753504036384,04:27:16.384,AAVE/USDT:USDT,297.24,229.0,297.2,1054.0,297.27,24.0,297.29,296.0
1753504036861,04:27:16.861,AAVE/USDT:USDT,297.25,229.0,297.24,522.0,297.27,2.0,297.28,22.0
1753504037385,04:27:17.385,AAVE/USDT:USDT,297.25,229.0,297.24,522.0,297.28,27.0,297.29,107.0
1753504037861,04:27:17.861,AAVE/USDT:USDT,297.24,266.0,297.19,251.0,297.27,40.0,297.28,5.0
1753504038862,04:27:18.862,AAVE/USDT:USDT,297.25,251.0,297.24,1300.0,297.28,24.0,297.29,107.0
1753504039388,04:27:19.388,AAVE/USDT:USDT,297.25,256.0,297.24,1295.0,297.28,23.0,297.29,107.0
1753504039876,04:27:19.876,AAVE/USDT:USDT,297.25,259.0,297.24,1295.0,297.28,24.0,297.3,486.0
1753504040863,04:27:20.863,AAVE/USDT:USDT,297.25,113.0,297.22,793.0,297.27,64.0,297.28,1.0
1753504041391,04:27:21.391,AAVE/USDT:USDT,297.25,3.0,297.23,110.0,297.26,113.0,297.27,1.0
1753504041863,04:27:21.863,AAVE/USDT:USDT,297.23,22.0,297.21,768.0,297.25,89.0,297.26,143.0
1753504042391,04:27:22.391,AAVE/USDT:USDT,297.23,22.0,297.21,768.0,297.25,94.0,297.26,143.0
1753504042867,04:27:22.867,AAVE/USDT:USDT,297.23,26.0,297.22,39.0,297.25,5.0,297.26,52.0
1753504043393,04:27:23.393,AAVE/USDT:USDT,297.23,29.0,297.22,39.0,297.25,5.0,297.26,52.0
1753504043866,04:27:23.866,AAVE/USDT:USDT,297.23,11.0,297.21,845.0,297.25,93.0,297.27,654.0
1753504044866,04:27:24.866,AAVE/USDT:USDT,297.23,10.0,297.21,845.0,297.25,93.0,297.27,654.0
1753504045396,04:27:25.396,AAVE/USDT:USDT,297.23,10.0,297.21,644.0,297.25,127.0,297.26,552.0
1753504045971,04:27:25.971,AAVE/USDT:USDT,297.23,10.0,297.2,100.0,297.24,251.0,297.25,125.0
1753504046457,04:27:26.457,AAVE/USDT:USDT,297.2,100.0,297.19,35.0,297.21,308.0,297.22,323.0
1753504047399,04:27:27.399,AAVE/USDT:USDT,297.19,35.0,297.18,3.0,297.2,335.0,297.23,287.0
1753504047877,04:27:27.877,AAVE/USDT:USDT,297.19,35.0,297.18,3.0,297.2,3.0,297.21,381.0
1753504048399,04:27:28.399,AAVE/USDT:USDT,297.19,35.0,297.18,5.0,297.21,383.0,297.26,991.0
1753504048869,04:27:28.869,AAVE/USDT:USDT,297.19,35.0,297.18,5.0,297.2,384.0,297.21,1026.0
1753504049872,04:27:29.872,AAVE/USDT:USDT,297.18,2.0,297.16,539.0,297.2,389.0,297.21,1024.0
1753504050402,04:27:30.402,AAVE/USDT:USDT,297.18,17.0,297.17,609.0,297.2,5.0,297.21,256.0
1753504050873,04:27:30.873,AAVE/USDT:USDT,297.18,11.0,297.17,322.0,297.2,5.0,297.21,370.0
1753504051403,04:27:31.403,AAVE/USDT:USDT,297.18,11.0,297.17,322.0,297.21,374.0,297.24,1042.0
1753504052405,04:27:32.405,AAVE/USDT:USDT,297.17,8.0,297.16,917.0,297.2,370.0,297.21,4.0
1753504052875,04:27:32.875,AAVE/USDT:USDT,297.18,5.0,297.17,3.0,297.2,370.0,297.21,4.0
1753504053406,04:27:33.406,AAVE/USDT:USDT,297.18,5.0,297.17,3.0,297.2,372.0,297.23,949.0
1753504053877,04:27:33.877,AAVE/USDT:USDT,297.18,6.0,297.17,456.0,297.2,325.0,297.23,1406.0
1753504054883,04:27:34.883,AAVE/USDT:USDT,297.18,8.0,297.17,453.0,297.2,324.0,297.23,1406.0
1753504055409,04:27:35.409,AAVE/USDT:USDT,297.18,6.0,297.16,889.0,297.2,325.0,297.21,1197.0
1753504055878,04:27:35.878,AAVE/USDT:USDT,297.18,16.0,297.16,212.0,297.2,278.0,297.21,1117.0
1753504056885,04:27:36.885,AAVE/USDT:USDT,297.18,31.0,297.16,123.0,297.2,5.0,297.21,148.0
1753504057413,04:27:37.413,AAVE/USDT:USDT,297.18,31.0,297.16,123.0,297.21,150.0,297.25,96.0
1753504057880,04:27:37.880,AAVE/USDT:USDT,297.18,26.0,297.16,30.0,297.2,147.0,297.21,2.0
1753504058414,04:27:38.414,AAVE/USDT:USDT,297.18,27.0,297.16,30.0,297.2,147.0,297.21,2.0
1753504058879,04:27:38.879,AAVE/USDT:USDT,297.18,27.0,297.16,954.0,297.2,272.0,297.21,868.0
1753504059881,04:27:39.881,AAVE/USDT:USDT,297.18,30.0,297.16,954.0,297.2,273.0,297.21,866.0
1753504060418,04:27:40.418,AAVE/USDT:USDT,297.18,32.0,297.16,985.0,297.2,273.0,297.21,280.0
1753504060881,04:27:40.881,AAVE/USDT:USDT,297.18,36.0,297.16,30.0,297.2,130.0,297.22,888.0
1753504061422,04:27:41.422,AAVE/USDT:USDT,297.18,39.0,297.16,30.0,297.2,130.0,297.22,888.0
1753504062422,04:27:42.422,AAVE/USDT:USDT,297.18,39.0,297.17,805.0,297.21,135.0,297.26,398.0
1753504062886,04:27:42.886,AAVE/USDT:USDT,297.18,35.0,297.16,468.0,297.2,130.0,297.21,808.0
1753504063423,04:27:43.423,AAVE/USDT:USDT,297.18,35.0,297.16,468.0,297.2,135.0,297.21,803.0
1753504063885,04:27:43.885,AAVE/USDT:USDT,297.18,33.0,297.17,1433.0,297.2,5.0,297.21,130.0
1753504064886,04:27:44.886,AAVE/USDT:USDT,297.18,31.0,297.17,1433.0,297.21,133.0,297.23,1019.0
1753504065427,04:27:45.427,AAVE/USDT:USDT,297.18,154.0,297.16,30.0,297.2,114.0,297.23,185.0
1753504065927,04:27:45.927,AAVE/USDT:USDT,297.22,64.0,297.19,809.0,297.24,37.0,297.26,42.0
1753504066746,04:27:46.746,AAVE/USDT:USDT,297.24,106.0,297.22,5.0,297.26,62.0,297.28,957.0
1753504066892,04:27:46.892,AAVE/USDT:USDT,297.24,125.0,297.22,5.0,297.26,64.0,297.28,1.0
1753504067889,04:27:47.889,AAVE/USDT:USDT,297.24,2.0,297.23,110.0,297.26,64.0,297.28,1.0
1753504068431,04:27:48.431,AAVE/USDT:USDT,297.24,2.0,297.23,110.0,297.26,69.0,297.28,1.0
1753504068889,04:27:48.889,AAVE/USDT:USDT,297.24,18.0,297.22,325.0,297.26,114.0,297.27,245.0
1753504069907,04:27:49.907,AAVE/USDT:USDT,297.24,22.0,297.22,325.0,297.26,115.0,297.27,245.0
1753504070435,04:27:50.435,AAVE/USDT:USDT,297.24,21.0,297.21,287.0,297.26,202.0,297.28,42.0
1753504071892,04:27:51.892,AAVE/USDT:USDT,297.19,22.0,297.18,114.0,297.21,327.0,297.23,209.0
1753504072665,04:27:52.665,AAVE/USDT:USDT,297.19,19.0,297.18,117.0,297.2,332.0,297.21,5.0
1753504073438,04:27:53.438,AAVE/USDT:USDT,297.18,55.0,297.17,1173.0,297.2,36.0,297.21,5.0
1753504073894,04:27:53.894,AAVE/USDT:USDT,297.18,55.0,297.15,640.0,297.2,191.0,297.21,5.0
1753504074441,04:27:54.441,AAVE/USDT:USDT,297.18,55.0,297.15,640.0,297.2,191.0,297.21,5.0
1753504075441,04:27:55.441,AAVE/USDT:USDT,297.18,51.0,297.15,474.0,297.2,210.0,297.22,981.0
1753504075894,04:27:55.894,AAVE/USDT:USDT,297.18,51.0,297.16,355.0,297.2,165.0,297.22,879.0
1753504076846,04:27:56.846,AAVE/USDT:USDT,297.16,2.0,297.15,182.0,297.18,39.0,297.19,699.0
1753504077435,04:27:57.435,AAVE/USDT:USDT,297.16,1.0,297.15,183.0,297.17,342.0,297.19,1255.0
1753504077897,04:27:57.897,AAVE/USDT:USDT,297.15,186.0,297.11,710.0,297.16,488.0,297.18,724.0
1753504078898,04:27:58.898,AAVE/USDT:USDT,297.1,58.0,297.09,58.0,297.11,184.0,297.13,563.0
1753504079445,04:27:59.445,AAVE/USDT:USDT,297.1,58.0,297.09,25.0,297.11,186.0,297.13,563.0
1753504079916,04:27:59.916,AAVE/USDT:USDT,297.1,58.0,297.09,28.0,297.11,189.0,297.13,563.0
1753504080900,04:28:00.900,AAVE/USDT:USDT,297.08,5.0,297.07,1.0,297.1,279.0,297.11,5.0
