timestamp,time,symbol,bid1_price,bid1_volume,bid2_price,bid2_volume,ask1_price,ask1_volume,ask2_price,ask2_volume
1753504246425,04:30:46.425,ALGO/USDT:USDT,0.2687,2923.0,0.2685,144200.0,0.2696,751712.0,0.2698,1054195.0
1753504247025,04:30:47.025,ALGO/USDT:USDT,0.2687,2923.0,0.2685,144200.0,0.2696,751712.0,0.2698,1054195.0
1753504247427,04:30:47.427,ALGO/USDT:USDT,0.2687,2923.0,0.2685,128364.0,0.2696,751712.0,0.2698,1054195.0
1753504247629,04:30:47.629,ALGO/USDT:USDT,0.2687,2923.0,0.2685,128364.0,0.2696,751712.0,0.2698,1054195.0
1753504248027,04:30:48.027,ALGO/USDT:USDT,0.2687,2923.0,0.2685,128364.0,0.2696,751712.0,0.2698,1054195.0
1753504248427,04:30:48.427,ALGO/USDT:USDT,0.2687,2923.0,0.2685,128364.0,0.2696,751712.0,0.2698,1054195.0
1753504248629,04:30:48.629,ALGO/USDT:USDT,0.2687,2923.0,0.2685,128364.0,0.2696,751712.0,0.2698,1054195.0
1753504249626,04:30:49.626,ALGO/USDT:USDT,0.2687,2923.0,0.2685,128364.0,0.2696,751712.0,0.2698,1054195.0
1753504250026,04:30:50.026,ALGO/USDT:USDT,0.2687,2923.0,0.2685,128364.0,0.2696,751712.0,0.2698,1054195.0
1753504250427,04:30:50.427,ALGO/USDT:USDT,0.2687,2923.0,0.2685,128364.0,0.2696,751712.0,0.2698,925820.0
1753504250627,04:30:50.627,ALGO/USDT:USDT,0.2687,2923.0,0.2685,128364.0,0.2696,751712.0,0.2697,128402.0
1753504251028,04:30:51.028,ALGO/USDT:USDT,0.2687,2923.0,0.2685,128364.0,0.2696,751712.0,0.2697,128402.0
1753504251229,04:30:51.229,ALGO/USDT:USDT,0.2687,2923.0,0.2685,128364.0,0.2696,751712.0,0.2697,128402.0
1753504251428,04:30:51.428,ALGO/USDT:USDT,0.2687,2923.0,0.2685,128364.0,0.2696,751712.0,0.2697,128402.0
1753504251630,04:30:51.630,ALGO/USDT:USDT,0.2687,2923.0,0.2685,128364.0,0.2695,2948.0,0.2696,751712.0
1753504251829,04:30:51.829,ALGO/USDT:USDT,0.2687,2923.0,0.2685,128364.0,0.2695,2948.0,0.2696,50468.0
1753504252027,04:30:52.027,ALGO/USDT:USDT,0.2687,2923.0,0.2685,128364.0,0.2695,2948.0,0.2696,50468.0
1753504252226,04:30:52.226,ALGO/USDT:USDT,0.2687,2923.0,0.2685,128364.0,0.2695,2948.0,0.2696,50468.0
1753504252424,04:30:52.424,ALGO/USDT:USDT,0.2687,2923.0,0.2685,128364.0,0.2695,2948.0,0.2696,850915.0
1753504252630,04:30:52.630,ALGO/USDT:USDT,0.2687,2923.0,0.2685,128364.0,0.2695,2948.0,0.2696,512681.0
1753504252828,04:30:52.828,ALGO/USDT:USDT,0.2687,2923.0,0.2685,128364.0,0.2695,2948.0,0.2696,50468.0
1753504253030,04:30:53.030,ALGO/USDT:USDT,0.2687,2923.0,0.2685,128364.0,0.2695,2948.0,0.2696,50468.0
1753504253227,04:30:53.227,ALGO/USDT:USDT,0.2687,2923.0,0.2685,128364.0,0.2695,2948.0,0.2696,763642.0
1753504253428,04:30:53.428,ALGO/USDT:USDT,0.2687,2923.0,0.2685,128364.0,0.2695,2948.0,0.2696,50468.0
1753504253628,04:30:53.628,ALGO/USDT:USDT,0.2687,2923.0,0.2685,128364.0,0.2695,2948.0,0.2696,798705.0
1753504253826,04:30:53.826,ALGO/USDT:USDT,0.2687,2923.0,0.2685,128364.0,0.2695,2948.0,0.2696,958268.0
1753504254031,04:30:54.031,ALGO/USDT:USDT,0.2687,2923.0,0.2684,926379.0,0.2695,2948.0,0.2696,958268.0
1753504254227,04:30:54.227,ALGO/USDT:USDT,0.2687,2923.0,0.2684,1054792.0,0.2695,2948.0,0.2696,958268.0
1753504254428,04:30:54.428,ALGO/USDT:USDT,0.2687,2923.0,0.2684,1054792.0,0.2695,2948.0,0.2696,958268.0
1753504254624,04:30:54.624,ALGO/USDT:USDT,0.2687,2923.0,0.2684,1054792.0,0.2695,2948.0,0.2696,958268.0
1753504255026,04:30:55.026,ALGO/USDT:USDT,0.2687,2923.0,0.2685,50468.0,0.2695,2948.0,0.2696,958268.0
1753504255227,04:30:55.227,ALGO/USDT:USDT,0.2687,2923.0,0.2685,50468.0,0.2695,2948.0,0.2696,958268.0
1753504255428,04:30:55.428,ALGO/USDT:USDT,0.2687,2923.0,0.2685,50468.0,0.2695,2948.0,0.2696,958268.0
1753504256024,04:30:56.024,ALGO/USDT:USDT,0.2687,2923.0,0.2685,50468.0,0.2695,2948.0,0.2696,958268.0
1753504256425,04:30:56.425,ALGO/USDT:USDT,0.2687,2923.0,0.2685,50468.0,0.2695,2948.0,0.2696,958268.0
1753504256628,04:30:56.628,ALGO/USDT:USDT,0.2687,2923.0,0.2685,50468.0,0.2695,2948.0,0.2696,958268.0
1753504256826,04:30:56.826,ALGO/USDT:USDT,0.2687,2923.0,0.2685,50468.0,0.2695,2948.0,0.2696,958268.0
1753504257024,04:30:57.024,ALGO/USDT:USDT,0.2687,2923.0,0.2685,50468.0,0.2695,2948.0,0.2696,958268.0
1753504257237,04:30:57.237,ALGO/USDT:USDT,0.2687,2923.0,0.2685,50468.0,0.2695,2948.0,0.2696,958268.0
1753504257424,04:30:57.424,ALGO/USDT:USDT,0.2687,2923.0,0.2685,50468.0,0.2695,2948.0,0.2696,958268.0
1753504258225,04:30:58.225,ALGO/USDT:USDT,0.2687,2923.0,0.2685,50468.0,0.2695,2948.0,0.2696,958268.0
1753504258625,04:30:58.625,ALGO/USDT:USDT,0.2687,2923.0,0.2685,50468.0,0.2695,2948.0,0.2696,958268.0
1753504258825,04:30:58.825,ALGO/USDT:USDT,0.2687,2923.0,0.2685,50468.0,0.2695,2948.0,0.2696,958268.0
1753504259029,04:30:59.029,ALGO/USDT:USDT,0.2687,2923.0,0.2685,50468.0,0.2695,2948.0,0.2696,958268.0
1753504259225,04:30:59.225,ALGO/USDT:USDT,0.2687,2923.0,0.2685,50468.0,0.2696,958268.0,0.2697,128402.0
1753504259428,04:30:59.428,ALGO/USDT:USDT,0.2687,2923.0,0.2685,50468.0,0.2696,958268.0,0.2697,128402.0
1753504260426,04:31:00.426,ALGO/USDT:USDT,0.2687,2923.0,0.2685,50468.0,0.2696,961214.0,0.2698,1054250.0
1753504260624,04:31:00.624,ALGO/USDT:USDT,0.2687,2923.0,0.2685,50468.0,0.2696,961214.0,0.2698,1054250.0
1753504260824,04:31:00.824,ALGO/USDT:USDT,0.2687,2923.0,0.2685,50468.0,0.2696,961214.0,0.2698,1054250.0
1753504261226,04:31:01.226,ALGO/USDT:USDT,0.2687,2923.0,0.2685,50468.0,0.2696,961214.0,0.2698,1054250.0
1753504261429,04:31:01.429,ALGO/USDT:USDT,0.2687,2923.0,0.2685,50468.0,0.2696,961214.0,0.2698,1054250.0
1753504261834,04:31:01.834,ALGO/USDT:USDT,0.2687,2923.0,0.2685,50468.0,0.2696,961214.0,0.2698,1054250.0
1753504262625,04:31:02.625,ALGO/USDT:USDT,0.2687,2923.0,0.2685,50468.0,0.2696,961214.0,0.2698,1054250.0
1753504263429,04:31:03.429,ALGO/USDT:USDT,0.2687,2923.0,0.2684,128413.0,0.2696,961214.0,0.2698,1054250.0
1753504264026,04:31:04.026,ALGO/USDT:USDT,0.2687,2923.0,0.2684,128413.0,0.2696,961214.0,0.2698,1054250.0
1753504264427,04:31:04.427,ALGO/USDT:USDT,0.2687,2923.0,0.2684,128413.0,0.2696,961214.0,0.2698,1054250.0
1753504264828,04:31:04.828,ALGO/USDT:USDT,0.2687,2923.0,0.2684,128413.0,0.2696,961214.0,0.2698,1054250.0
1753504265426,04:31:05.426,ALGO/USDT:USDT,0.2687,2923.0,0.2684,128413.0,0.2696,961214.0,0.2698,1054250.0
1753504265630,04:31:05.630,ALGO/USDT:USDT,0.2687,2923.0,0.2684,128413.0,0.2696,961214.0,0.2698,1054250.0
1753504265825,04:31:05.825,ALGO/USDT:USDT,0.2687,2923.0,0.2684,541186.0,0.2696,961214.0,0.2698,1054250.0
1753504266027,04:31:06.027,ALGO/USDT:USDT,0.2687,2923.0,0.2684,128413.0,0.2696,961214.0,0.2698,1054250.0
1753504266625,04:31:06.625,ALGO/USDT:USDT,0.2687,2923.0,0.2684,643335.0,0.2696,961214.0,0.2698,1054250.0
1753504266625,04:31:06.625,ALGO/USDT:USDT,0.2687,2923.0,0.2684,643335.0,0.2696,961214.0,0.2698,925820.0
1753504266827,04:31:06.827,ALGO/USDT:USDT,0.2687,2923.0,0.2684,128413.0,0.2696,961214.0,0.2697,128432.0
1753504267024,04:31:07.024,ALGO/USDT:USDT,0.2687,2923.0,0.2684,880020.0,0.2696,961214.0,0.2697,128432.0
1753504267227,04:31:07.227,ALGO/USDT:USDT,0.2687,2923.0,0.2684,128413.0,0.2696,961214.0,0.2697,128432.0
1753504267427,04:31:07.427,ALGO/USDT:USDT,0.2687,2923.0,0.2684,128413.0,0.2696,961214.0,0.2697,128432.0
1753504267627,04:31:07.627,ALGO/USDT:USDT,0.2687,2923.0,0.2684,128413.0,0.2696,961214.0,0.2697,128432.0
1753504268428,04:31:08.428,ALGO/USDT:USDT,0.2687,2923.0,0.2684,128413.0,0.2696,961214.0,0.2697,128432.0
1753504269225,04:31:09.225,ALGO/USDT:USDT,0.2687,2923.0,0.2684,128413.0,0.2696,961214.0,0.2697,128432.0
1753504269626,04:31:09.626,ALGO/USDT:USDT,0.2687,2923.0,0.2684,128413.0,0.2696,961214.0,0.2697,128432.0
1753504269626,04:31:09.626,ALGO/USDT:USDT,0.2687,2923.0,0.2684,128413.0,0.2696,961214.0,0.2697,128432.0
1753504269825,04:31:09.825,ALGO/USDT:USDT,0.2687,2923.0,0.2684,128413.0,0.2696,961214.0,0.2697,128432.0
1753504270228,04:31:10.228,ALGO/USDT:USDT,0.2687,2923.0,0.2684,1044534.0,0.2696,961214.0,0.2697,128432.0
1753504270825,04:31:10.825,ALGO/USDT:USDT,0.2687,2923.0,0.2684,810135.0,0.2696,961214.0,0.2697,128432.0
1753504271029,04:31:11.029,ALGO/USDT:USDT,0.2687,53391.0,0.2686,533137.0,0.2698,925820.0,0.2699,50468.0
1753504271229,04:31:11.229,ALGO/USDT:USDT,0.2687,53391.0,0.2686,667860.0,0.2698,925820.0,0.2699,50468.0
1753504271624,04:31:11.624,ALGO/USDT:USDT,0.2687,2923.0,0.2686,709389.0,0.2698,928765.0,0.2699,50468.0
1753504271827,04:31:11.827,ALGO/USDT:USDT,0.2687,2923.0,0.2686,709389.0,0.2698,928765.0,0.2699,50468.0
1753504272026,04:31:12.026,ALGO/USDT:USDT,0.2687,2923.0,0.2686,709389.0,0.2698,928765.0,0.2699,864839.0
1753504272225,04:31:12.225,ALGO/USDT:USDT,0.2687,2923.0,0.2686,709389.0,0.2698,928765.0,0.2699,864839.0
1753504272824,04:31:12.824,ALGO/USDT:USDT,0.2687,2923.0,0.2686,709389.0,0.2698,928765.0,0.2699,50468.0
1753504273028,04:31:13.028,ALGO/USDT:USDT,0.2687,2923.0,0.2686,709389.0,0.2698,928765.0,0.2699,50468.0
1753504273424,04:31:13.424,ALGO/USDT:USDT,0.2687,2923.0,0.2686,709389.0,0.2698,928765.0,0.2699,50468.0
1753504274026,04:31:14.026,ALGO/USDT:USDT,0.2687,2923.0,0.2686,709389.0,0.2698,928765.0,0.2699,861438.0
1753504274227,04:31:14.227,ALGO/USDT:USDT,0.2687,2923.0,0.2686,709389.0,0.2698,928765.0,0.2699,861438.0
1753504274227,04:31:14.227,ALGO/USDT:USDT,0.2687,2923.0,0.2686,709389.0,0.2698,928765.0,0.2699,943686.0
1753504274828,04:31:14.828,ALGO/USDT:USDT,0.2687,2923.0,0.2686,709389.0,0.2698,928765.0,0.2699,777651.0
1753504275226,04:31:15.226,ALGO/USDT:USDT,0.2687,2923.0,0.2686,709389.0,0.2698,928765.0,0.2699,50468.0
1753504275424,04:31:15.424,ALGO/USDT:USDT,0.2687,2923.0,0.2686,709389.0,0.2698,928765.0,0.2699,50468.0
1753504275825,04:31:15.825,ALGO/USDT:USDT,0.2687,2923.0,0.2686,709389.0,0.2698,928765.0,0.2699,50468.0
1753504276027,04:31:16.027,ALGO/USDT:USDT,0.2687,2923.0,0.2686,709389.0,0.2698,928765.0,0.2699,50468.0
1753504276425,04:31:16.425,ALGO/USDT:USDT,0.2687,131287.0,0.2686,709389.0,0.2698,928765.0,0.2699,50468.0
1753504276825,04:31:16.825,ALGO/USDT:USDT,0.2687,131287.0,0.2686,709389.0,0.2698,928765.0,0.2699,50468.0
1753504277224,04:31:17.224,ALGO/USDT:USDT,0.2687,131287.0,0.2686,709389.0,0.2698,928765.0,0.2699,50468.0
1753504277429,04:31:17.429,ALGO/USDT:USDT,0.2687,131287.0,0.2686,709389.0,0.2698,928765.0,0.2699,50468.0
1753504277830,04:31:17.830,ALGO/USDT:USDT,0.2687,131287.0,0.2686,709389.0,0.2698,928765.0,0.2699,50468.0
1753504278229,04:31:18.229,ALGO/USDT:USDT,0.2687,131287.0,0.2686,753088.0,0.2698,928765.0,0.2699,50468.0
1753504278428,04:31:18.428,ALGO/USDT:USDT,0.2687,131287.0,0.2686,753088.0,0.2698,928765.0,0.2699,50468.0
1753504278827,04:31:18.827,ALGO/USDT:USDT,0.2687,131287.0,0.2686,753088.0,0.2698,928765.0,0.2699,975456.0
1753504279026,04:31:19.026,ALGO/USDT:USDT,0.2687,131287.0,0.2686,753088.0,0.2698,928765.0,0.2699,50468.0
1753504279226,04:31:19.226,ALGO/USDT:USDT,0.2687,131287.0,0.2686,753088.0,0.2698,928765.0,0.2699,50468.0
1753504279826,04:31:19.826,ALGO/USDT:USDT,0.2687,131287.0,0.2686,753088.0,0.2698,928765.0,0.2699,50468.0
1753504280230,04:31:20.230,ALGO/USDT:USDT,0.2688,50394.0,0.2687,131287.0,0.2698,928765.0,0.2699,50468.0
1753504280427,04:31:20.427,ALGO/USDT:USDT,0.2688,50394.0,0.2687,128364.0,0.2699,873769.0,0.27,929443.0
1753504280624,04:31:20.624,ALGO/USDT:USDT,0.2688,50394.0,0.2687,492039.0,0.2699,876712.0,0.2702,922209.0
1753504280826,04:31:20.826,ALGO/USDT:USDT,0.2688,50394.0,0.2687,492039.0,0.2699,876712.0,0.2701,128355.0
1753504281025,04:31:21.025,ALGO/USDT:USDT,0.2688,50394.0,0.2687,492039.0,0.2699,876712.0,0.2701,128355.0
1753504281427,04:31:21.427,ALGO/USDT:USDT,0.2688,50394.0,0.2687,492039.0,0.2699,53411.0,0.27,830913.0
1753504281625,04:31:21.625,ALGO/USDT:USDT,0.2688,50394.0,0.2687,492039.0,0.2699,53411.0,0.27,830913.0
1753504282029,04:31:22.029,ALGO/USDT:USDT,0.2688,50394.0,0.2687,492039.0,0.2699,53411.0,0.27,830913.0
1753504282224,04:31:22.224,ALGO/USDT:USDT,0.2688,50394.0,0.2687,492039.0,0.2699,53411.0,0.27,830913.0
1753504282426,04:31:22.426,ALGO/USDT:USDT,0.2689,1760.0,0.2688,50394.0,0.2699,50468.0,0.27,830913.0
1753504282628,04:31:22.628,ALGO/USDT:USDT,0.2689,1760.0,0.2688,386506.0,0.27,830913.0,0.2701,128355.0
1753504282830,04:31:22.830,ALGO/USDT:USDT,0.2689,1760.0,0.2688,386506.0,0.27,830913.0,0.2701,128355.0
1753504283227,04:31:23.227,ALGO/USDT:USDT,0.2689,1760.0,0.2688,50394.0,0.27,833856.0,0.2701,128355.0
1753504283427,04:31:23.427,ALGO/USDT:USDT,0.2689,1760.0,0.2688,7622.0,0.2699,833735.0,0.27,7975.0
1753504283825,04:31:23.825,ALGO/USDT:USDT,0.2689,1760.0,0.2688,7622.0,0.2699,833735.0,0.27,5032.0
1753504284027,04:31:24.027,ALGO/USDT:USDT,0.2689,1760.0,0.2688,7622.0,0.2699,833735.0,0.27,5032.0
1753504284225,04:31:24.225,ALGO/USDT:USDT,0.2689,1760.0,0.2688,7622.0,0.2699,833735.0,0.27,5032.0
1753504284426,04:31:24.426,ALGO/USDT:USDT,0.2689,1760.0,0.2688,7622.0,0.2699,833735.0,0.27,5032.0
1753504284627,04:31:24.627,ALGO/USDT:USDT,0.2689,1760.0,0.2688,7622.0,0.27,854295.0,0.2701,128355.0
1753504284828,04:31:24.828,ALGO/USDT:USDT,0.2689,1760.0,0.2688,3182.0,0.2699,3535.0,0.27,849263.0
1753504285028,04:31:25.028,ALGO/USDT:USDT,0.2689,1760.0,0.2688,3182.0,0.2699,3535.0,0.27,849263.0
1753504285225,04:31:25.225,ALGO/USDT:USDT,0.2689,1760.0,0.2688,3182.0,0.2699,53947.0,0.27,849263.0
1753504285428,04:31:25.428,ALGO/USDT:USDT,0.2689,1760.0,0.2688,3182.0,0.2699,53947.0,0.27,849263.0
1753504285627,04:31:25.627,ALGO/USDT:USDT,0.2689,1760.0,0.2688,3182.0,0.2699,53947.0,0.27,849263.0
1753504285837,04:31:25.837,ALGO/USDT:USDT,0.2689,1760.0,0.2688,3182.0,0.2699,53947.0,0.27,849263.0
1753504286029,04:31:26.029,ALGO/USDT:USDT,0.2689,1760.0,0.2688,3182.0,0.2699,53947.0,0.27,849263.0
1753504286428,04:31:26.428,ALGO/USDT:USDT,0.2689,1760.0,0.2688,3182.0,0.2699,53947.0,0.27,849263.0
1753504286628,04:31:26.628,ALGO/USDT:USDT,0.2689,1760.0,0.2688,3182.0,0.2699,53947.0,0.27,849263.0
1753504286828,04:31:26.828,ALGO/USDT:USDT,0.2689,1760.0,0.2688,6882.0,0.2699,53355.0,0.27,853628.0
1753504287025,04:31:27.025,ALGO/USDT:USDT,0.2689,1760.0,0.2688,6882.0,0.2699,53355.0,0.27,853628.0
1753504287229,04:31:27.229,ALGO/USDT:USDT,0.2689,1760.0,0.2688,6882.0,0.2699,53355.0,0.27,853628.0
1753504287431,04:31:27.431,ALGO/USDT:USDT,0.2689,1760.0,0.2688,6882.0,0.2699,53355.0,0.27,853628.0
1753504287826,04:31:27.826,ALGO/USDT:USDT,0.2689,1760.0,0.2688,6882.0,0.2699,53355.0,0.27,853628.0
1753504288027,04:31:28.027,ALGO/USDT:USDT,0.2689,1760.0,0.2688,6882.0,0.2699,53355.0,0.27,853628.0
1753504288226,04:31:28.226,ALGO/USDT:USDT,0.2689,1760.0,0.2688,6882.0,0.2699,53355.0,0.27,853628.0
1753504288427,04:31:28.427,ALGO/USDT:USDT,0.2689,1760.0,0.2688,6882.0,0.2699,53355.0,0.27,853628.0
1753504288624,04:31:28.624,ALGO/USDT:USDT,0.2689,1760.0,0.2688,6882.0,0.2699,53355.0,0.27,853628.0
1753504288826,04:31:28.826,ALGO/USDT:USDT,0.2689,1760.0,0.2688,3552.0,0.2699,54317.0,0.27,849263.0
1753504289029,04:31:29.029,ALGO/USDT:USDT,0.2689,1760.0,0.2688,3552.0,0.2699,54317.0,0.27,849263.0
1753504289225,04:31:29.225,ALGO/USDT:USDT,0.2689,1760.0,0.2688,3552.0,0.2699,54317.0,0.27,849263.0
1753504289425,04:31:29.425,ALGO/USDT:USDT,0.2689,1760.0,0.2688,3552.0,0.2699,54317.0,0.27,849263.0
1753504289625,04:31:29.625,ALGO/USDT:USDT,0.2689,1760.0,0.2688,10582.0,0.2699,61347.0,0.27,849263.0
1753504289828,04:31:29.828,ALGO/USDT:USDT,0.2689,1760.0,0.2688,10582.0,0.2699,61347.0,0.27,849263.0
1753504290028,04:31:30.028,ALGO/USDT:USDT,0.2689,1760.0,0.2688,10582.0,0.2699,61347.0,0.27,849263.0
1753504290224,04:31:30.224,ALGO/USDT:USDT,0.2689,1760.0,0.2688,10582.0,0.2699,61347.0,0.27,849263.0
1753504290625,04:31:30.625,ALGO/USDT:USDT,0.2689,1760.0,0.2688,10582.0,0.2699,61347.0,0.27,849263.0
1753504290826,04:31:30.826,ALGO/USDT:USDT,0.2689,1760.0,0.2688,6586.0,0.2699,57351.0,0.27,849263.0
1753504291026,04:31:31.026,ALGO/USDT:USDT,0.2689,1760.0,0.2688,6586.0,0.2699,57351.0,0.27,849263.0
1753504291227,04:31:31.227,ALGO/USDT:USDT,0.2689,1760.0,0.2688,6586.0,0.2699,57351.0,0.27,849263.0
1753504291425,04:31:31.425,ALGO/USDT:USDT,0.2689,1760.0,0.2688,6586.0,0.2699,57351.0,0.27,849263.0
1753504291628,04:31:31.628,ALGO/USDT:USDT,0.2689,1760.0,0.2688,6586.0,0.2699,57351.0,0.27,849263.0
1753504292025,04:31:32.025,ALGO/USDT:USDT,0.2689,1760.0,0.2687,853500.0,0.2699,53355.0,0.27,849263.0
1753504292228,04:31:32.228,ALGO/USDT:USDT,0.2689,1760.0,0.2687,853500.0,0.2699,53355.0,0.27,849263.0
1753504292428,04:31:32.428,ALGO/USDT:USDT,0.2689,1760.0,0.2687,853500.0,0.2699,53355.0,0.27,849263.0
1753504292625,04:31:32.625,ALGO/USDT:USDT,0.2689,1760.0,0.2687,853500.0,0.2699,53355.0,0.27,849263.0
1753504292828,04:31:32.828,ALGO/USDT:USDT,0.2689,1760.0,0.2687,853500.0,0.2699,759774.0,0.27,849263.0
1753504293024,04:31:33.024,ALGO/USDT:USDT,0.2689,1760.0,0.2687,853500.0,0.2699,759774.0,0.27,849263.0
1753504293225,04:31:33.225,ALGO/USDT:USDT,0.2689,1760.0,0.2687,853500.0,0.2699,759774.0,0.27,977563.0
1753504293428,04:31:33.428,ALGO/USDT:USDT,0.2689,1760.0,0.2687,128314.0,0.2699,759774.0,0.27,977563.0
1753504293627,04:31:33.627,ALGO/USDT:USDT,0.2689,1760.0,0.2687,128314.0,0.2699,759774.0,0.27,977563.0
1753504293828,04:31:33.828,ALGO/USDT:USDT,0.2689,1760.0,0.2687,128314.0,0.2699,759774.0,0.27,977563.0
1753504294028,04:31:34.028,ALGO/USDT:USDT,0.2689,1760.0,0.2687,128314.0,0.2699,759774.0,0.27,977563.0
1753504294428,04:31:34.428,ALGO/USDT:USDT,0.2689,1760.0,0.2687,128314.0,0.2699,759774.0,0.27,977563.0
1753504294629,04:31:34.629,ALGO/USDT:USDT,0.2689,1760.0,0.2687,128314.0,0.2699,759774.0,0.27,977563.0
1753504294825,04:31:34.825,ALGO/USDT:USDT,0.2689,1760.0,0.2687,128314.0,0.2699,759774.0,0.27,977563.0
1753504295024,04:31:35.024,ALGO/USDT:USDT,0.2689,1760.0,0.2687,128314.0,0.2699,759774.0,0.27,977563.0
1753504295228,04:31:35.228,ALGO/USDT:USDT,0.2689,1760.0,0.2687,128314.0,0.2699,759774.0,0.27,977563.0
1753504295427,04:31:35.427,ALGO/USDT:USDT,0.2689,1760.0,0.2687,801258.0,0.2699,53355.0,0.27,977563.0
1753504295631,04:31:35.631,ALGO/USDT:USDT,0.2689,1760.0,0.2687,1560474.0,0.2699,53355.0,0.27,977563.0
1753504295827,04:31:35.827,ALGO/USDT:USDT,0.2689,1760.0,0.2687,1560474.0,0.2699,53355.0,0.27,977563.0
1753504296027,04:31:36.027,ALGO/USDT:USDT,0.2689,1760.0,0.2687,887530.0,0.2699,53355.0,0.27,977563.0
1753504296426,04:31:36.426,ALGO/USDT:USDT,0.2689,1760.0,0.2687,887530.0,0.2699,53355.0,0.27,977563.0
1753504296626,04:31:36.626,ALGO/USDT:USDT,0.2689,1760.0,0.2687,887530.0,0.2699,53355.0,0.27,977563.0
1753504296825,04:31:36.825,ALGO/USDT:USDT,0.2689,1760.0,0.2687,887530.0,0.2699,53355.0,0.27,977563.0
1753504297028,04:31:37.028,ALGO/USDT:USDT,0.2689,1760.0,0.2687,887530.0,0.2699,53355.0,0.27,977563.0
1753504297227,04:31:37.227,ALGO/USDT:USDT,0.2689,1760.0,0.2687,887530.0,0.2699,53355.0,0.27,977563.0
1753504297428,04:31:37.428,ALGO/USDT:USDT,0.2689,1760.0,0.2688,128299.0,0.2699,53355.0,0.27,977563.0
1753504297628,04:31:37.628,ALGO/USDT:USDT,0.2689,1760.0,0.2688,128299.0,0.2699,53355.0,0.27,977563.0
1753504297829,04:31:37.829,ALGO/USDT:USDT,0.2689,1760.0,0.2688,128299.0,0.2699,53355.0,0.27,977563.0
1753504298028,04:31:38.028,ALGO/USDT:USDT,0.2689,1760.0,0.2688,128299.0,0.2699,53355.0,0.27,977563.0
1753504298229,04:31:38.229,ALGO/USDT:USDT,0.2689,1760.0,0.2688,128299.0,0.2699,53355.0,0.27,977563.0
1753504298429,04:31:38.429,ALGO/USDT:USDT,0.2689,1760.0,0.2688,128299.0,0.2699,53355.0,0.27,977563.0
1753504298625,04:31:38.625,ALGO/USDT:USDT,0.2689,1760.0,0.2688,128299.0,0.2699,53355.0,0.27,977563.0
1753504299026,04:31:39.026,ALGO/USDT:USDT,0.2689,1760.0,0.2688,128299.0,0.2699,53355.0,0.27,977563.0
1753504299425,04:31:39.425,ALGO/USDT:USDT,0.2689,1760.0,0.2688,128299.0,0.2699,53355.0,0.27,977563.0
1753504299626,04:31:39.626,ALGO/USDT:USDT,0.2689,1760.0,0.2688,128299.0,0.2699,53355.0,0.27,977563.0
1753504300229,04:31:40.229,ALGO/USDT:USDT,0.2689,1760.0,0.2688,128299.0,0.2699,53355.0,0.27,977563.0
1753504300427,04:31:40.427,ALGO/USDT:USDT,0.2689,1760.0,0.2688,128299.0,0.2699,53355.0,0.27,977563.0
1753504300635,04:31:40.635,ALGO/USDT:USDT,0.2689,1760.0,0.2688,128299.0,0.2699,53355.0,0.27,977563.0
1753504302426,04:31:42.426,ALGO/USDT:USDT,0.2689,1760.0,0.2688,128299.0,0.2699,53355.0,0.27,849263.0
1753504302625,04:31:42.625,ALGO/USDT:USDT,0.2689,1760.0,0.2688,128299.0,0.2699,53355.0,0.27,849263.0
1753504303028,04:31:43.028,ALGO/USDT:USDT,0.2689,1760.0,0.2688,128299.0,0.2699,53355.0,0.27,849263.0
1753504303228,04:31:43.228,ALGO/USDT:USDT,0.2689,1760.0,0.2688,128299.0,0.2699,53355.0,0.27,849263.0
1753504303427,04:31:43.427,ALGO/USDT:USDT,0.2689,1760.0,0.2688,128299.0,0.2699,53355.0,0.27,849263.0
1753504303624,04:31:43.624,ALGO/USDT:USDT,0.2689,1760.0,0.2688,128299.0,0.2701,178689.0,0.2702,922209.0
1753504304035,04:31:44.035,ALGO/USDT:USDT,0.2689,495454.0,0.2688,577167.0,0.2701,131236.0,0.2702,922209.0
1753504304227,04:31:44.227,ALGO/USDT:USDT,0.2689,495454.0,0.2688,577167.0,0.2701,131236.0,0.2702,922209.0
1753504304824,04:31:44.824,ALGO/USDT:USDT,0.2689,495454.0,0.2688,577167.0,0.2701,131236.0,0.2702,922209.0
1753504305225,04:31:45.225,ALGO/USDT:USDT,0.2689,495454.0,0.2688,128299.0,0.2701,723030.0,0.2702,922209.0
1753504305424,04:31:45.424,ALGO/USDT:USDT,0.2689,495454.0,0.2688,128299.0,0.2701,723030.0,0.2702,922209.0
1753504305829,04:31:45.829,ALGO/USDT:USDT,0.269,1406.0,0.2689,493694.0,0.2701,1096608.0,0.2702,922209.0
1753504306028,04:31:46.028,ALGO/USDT:USDT,0.269,1406.0,0.2688,894655.0,0.2701,1096608.0,0.2702,922209.0
1753504306227,04:31:46.227,ALGO/USDT:USDT,0.269,1406.0,0.2688,894655.0,0.2701,1096608.0,0.2702,922209.0
1753504306425,04:31:46.425,ALGO/USDT:USDT,0.269,1848.0,0.2688,894655.0,0.2701,1096608.0,0.2702,922209.0
1753504306626,04:31:46.626,ALGO/USDT:USDT,0.269,1848.0,0.2688,894655.0,0.2701,1096608.0,0.2702,922209.0
1753504306826,04:31:46.826,ALGO/USDT:USDT,0.269,1848.0,0.2688,894655.0,0.2701,968313.0,0.2702,922209.0
1753504307029,04:31:47.029,ALGO/USDT:USDT,0.269,1848.0,0.2688,894655.0,0.2701,968313.0,0.2702,1050467.0
1753504307424,04:31:47.424,ALGO/USDT:USDT,0.269,1848.0,0.2688,894655.0,0.2701,968313.0,0.2702,1050467.0
1753504307628,04:31:47.628,ALGO/USDT:USDT,0.269,1848.0,0.2688,894655.0,0.2701,968313.0,0.2702,1050467.0
1753504307828,04:31:47.828,ALGO/USDT:USDT,0.269,1848.0,0.2688,894655.0,0.2701,968313.0,0.2702,1050467.0
1753504308028,04:31:48.028,ALGO/USDT:USDT,0.269,1848.0,0.2688,894655.0,0.2701,968313.0,0.2702,1050467.0
1753504308225,04:31:48.225,ALGO/USDT:USDT,0.269,1848.0,0.2688,894655.0,0.2701,968313.0,0.2702,1050467.0
1753504308426,04:31:48.426,ALGO/USDT:USDT,0.269,1848.0,0.2688,894655.0,0.2701,968313.0,0.2702,1050467.0
1753504308627,04:31:48.627,ALGO/USDT:USDT,0.269,1848.0,0.2688,894655.0,0.2701,968313.0,0.2702,1050467.0
1753504309225,04:31:49.225,ALGO/USDT:USDT,0.269,1848.0,0.2688,894655.0,0.2701,968313.0,0.2702,1050467.0
1753504310025,04:31:50.025,ALGO/USDT:USDT,0.269,1848.0,0.2688,894655.0,0.2701,968313.0,0.2702,1050467.0
1753504310424,04:31:50.424,ALGO/USDT:USDT,0.269,1848.0,0.2688,894655.0,0.2701,968313.0,0.2702,1050467.0
1753504310625,04:31:50.625,ALGO/USDT:USDT,0.269,1848.0,0.2688,894655.0,0.2701,968313.0,0.2702,1050467.0
1753504311025,04:31:51.025,ALGO/USDT:USDT,0.2691,2920.0,0.269,1848.0,0.2701,968313.0,0.2702,1050467.0
1753504311226,04:31:51.226,ALGO/USDT:USDT,0.2691,2920.0,0.269,1848.0,0.27,532321.0,0.2701,968313.0
1753504311425,04:31:51.425,ALGO/USDT:USDT,0.2691,2920.0,0.269,1848.0,0.27,532321.0,0.2701,965372.0
1753504311629,04:31:51.629,ALGO/USDT:USDT,0.2691,2920.0,0.2688,130593.0,0.27,532321.0,0.2701,965372.0
1753504311826,04:31:51.826,ALGO/USDT:USDT,0.2691,2920.0,0.2688,130593.0,0.27,532321.0,0.2701,965372.0
1753504312028,04:31:52.028,ALGO/USDT:USDT,0.2691,2920.0,0.2688,717889.0,0.27,2943.0,0.2701,1093627.0
1753504312228,04:31:52.228,ALGO/USDT:USDT,0.2691,2920.0,0.2688,717889.0,0.27,2943.0,0.2701,1093627.0
1753504312426,04:31:52.426,ALGO/USDT:USDT,0.2691,2920.0,0.2688,717889.0,0.27,2943.0,0.2701,1093627.0
1753504312628,04:31:52.628,ALGO/USDT:USDT,0.2691,2920.0,0.2688,717889.0,0.27,2943.0,0.2701,1093627.0
1753504312826,04:31:52.826,ALGO/USDT:USDT,0.2691,2920.0,0.2688,717889.0,0.27,2943.0,0.2701,1093627.0
1753504313029,04:31:53.029,ALGO/USDT:USDT,0.2691,2920.0,0.2688,717889.0,0.27,2943.0,0.2701,1093627.0
1753504313225,04:31:53.225,ALGO/USDT:USDT,0.2691,2920.0,0.2688,717889.0,0.27,2943.0,0.2701,1093627.0
1753504314025,04:31:54.025,ALGO/USDT:USDT,0.2691,2920.0,0.2688,717889.0,0.27,2943.0,0.2701,1093627.0
1753504314227,04:31:54.227,ALGO/USDT:USDT,0.2691,2920.0,0.2688,717889.0,0.27,514657.0,0.2701,1093627.0
1753504314424,04:31:54.424,ALGO/USDT:USDT,0.2691,2920.0,0.2688,130593.0,0.27,514657.0,0.2701,1093627.0
1753504314628,04:31:54.628,ALGO/USDT:USDT,0.2691,2920.0,0.2688,130593.0,0.27,514657.0,0.2701,1093627.0
1753504314825,04:31:54.825,ALGO/USDT:USDT,0.2691,2920.0,0.2688,130593.0,0.27,514657.0,0.2701,1093627.0
1753504315026,04:31:55.026,ALGO/USDT:USDT,0.2691,2920.0,0.2688,130593.0,0.27,514657.0,0.2701,1093627.0
1753504315225,04:31:55.225,ALGO/USDT:USDT,0.2691,2920.0,0.2688,130593.0,0.27,514657.0,0.2701,1093627.0
1753504315428,04:31:55.428,ALGO/USDT:USDT,0.2691,2920.0,0.2688,130593.0,0.27,514657.0,0.2701,1093627.0
1753504316429,04:31:56.429,ALGO/USDT:USDT,0.2691,326068.0,0.269,781541.0,0.2704,523107.0,0.2705,920133.0
1753504316627,04:31:56.627,ALGO/USDT:USDT,0.2691,1171091.0,0.269,781541.0,0.2704,591107.0,0.2705,920133.0
1753504316824,04:31:56.824,ALGO/USDT:USDT,0.2691,891626.0,0.269,781541.0,0.2703,2940.0,0.2704,591107.0
1753504317026,04:31:57.026,ALGO/USDT:USDT,0.2691,850237.0,0.269,781541.0,0.2703,2940.0,0.2704,591107.0
1753504317225,04:31:57.225,ALGO/USDT:USDT,0.2691,850237.0,0.269,781541.0,0.2703,2940.0,0.2704,591107.0
1753504317629,04:31:57.629,ALGO/USDT:USDT,0.2693,1554.0,0.2691,847943.0,0.2703,2940.0,0.2704,591107.0
1753504317827,04:31:57.827,ALGO/USDT:USDT,0.2693,1554.0,0.2691,845023.0,0.2703,2940.0,0.2704,591107.0
1753504318026,04:31:58.026,ALGO/USDT:USDT,0.2694,2916.0,0.2693,1554.0,0.2705,920133.0,0.2707,943543.0
1753504318224,04:31:58.224,ALGO/USDT:USDT,0.2694,2916.0,0.2693,1554.0,0.2705,920133.0,0.2706,832541.0
1753504318424,04:31:58.424,ALGO/USDT:USDT,0.2694,2916.0,0.2693,1554.0,0.2704,2938.0,0.2705,920133.0
1753504318625,04:31:58.625,ALGO/USDT:USDT,0.2694,2916.0,0.2693,1554.0,0.2704,2938.0,0.2705,920133.0
1753504318825,04:31:58.825,ALGO/USDT:USDT,0.2694,2916.0,0.2693,1554.0,0.2704,2938.0,0.2705,920133.0
1753504319025,04:31:59.025,ALGO/USDT:USDT,0.2694,2916.0,0.2693,1554.0,0.2704,2938.0,0.2705,920133.0
1753504319228,04:31:59.228,ALGO/USDT:USDT,0.2694,2916.0,0.2693,1554.0,0.2704,2938.0,0.2705,920133.0
1753504319425,04:31:59.425,ALGO/USDT:USDT,0.2694,2916.0,0.2693,1554.0,0.2704,2938.0,0.2705,920133.0
1753504319627,04:31:59.627,ALGO/USDT:USDT,0.2694,2916.0,0.2693,2442.0,0.2704,2938.0,0.2705,920133.0
1753504320227,04:32:00.227,ALGO/USDT:USDT,0.2694,2916.0,0.2693,2442.0,0.2704,880992.0,0.2705,920133.0
1753504320426,04:32:00.426,ALGO/USDT:USDT,0.2694,2916.0,0.2693,2442.0,0.2704,880992.0,0.2705,920133.0
1753504320624,04:32:00.624,ALGO/USDT:USDT,0.2694,2916.0,0.2693,2442.0,0.2704,880992.0,0.2705,920133.0
1753504320826,04:32:00.826,ALGO/USDT:USDT,0.2694,2916.0,0.2693,1480.0,0.2704,880992.0,0.2705,920133.0
1753504321028,04:32:01.028,ALGO/USDT:USDT,0.2694,2916.0,0.2693,1480.0,0.2704,880992.0,0.2705,920133.0
1753504321227,04:32:01.227,ALGO/USDT:USDT,0.2694,2916.0,0.2693,1480.0,0.2704,880992.0,0.2705,920133.0
1753504321428,04:32:01.428,ALGO/USDT:USDT,0.2694,2916.0,0.2693,1480.0,0.2704,880992.0,0.2705,920133.0
1753504321625,04:32:01.625,ALGO/USDT:USDT,0.2694,2916.0,0.2693,1480.0,0.2704,880992.0,0.2705,920133.0
1753504321828,04:32:01.828,ALGO/USDT:USDT,0.2694,2916.0,0.2693,1924.0,0.2704,880992.0,0.2705,920133.0
1753504322027,04:32:02.027,ALGO/USDT:USDT,0.2694,2916.0,0.2693,1924.0,0.2704,880992.0,0.2705,920133.0
1753504322426,04:32:02.426,ALGO/USDT:USDT,0.2694,2916.0,0.2693,1924.0,0.2704,880992.0,0.2705,920133.0
1753504322626,04:32:02.626,ALGO/USDT:USDT,0.2694,2916.0,0.2693,1924.0,0.2704,880992.0,0.2705,920133.0
1753504322825,04:32:02.825,ALGO/USDT:USDT,0.2694,2916.0,0.2693,1924.0,0.2704,880992.0,0.2705,920133.0
1753504323026,04:32:03.026,ALGO/USDT:USDT,0.2694,2916.0,0.2693,1924.0,0.2704,880992.0,0.2705,920133.0
1753504323229,04:32:03.229,ALGO/USDT:USDT,0.2694,2916.0,0.2693,1924.0,0.2704,880992.0,0.2705,920133.0
1753504323625,04:32:03.625,ALGO/USDT:USDT,0.2694,2916.0,0.2693,1924.0,0.2704,880992.0,0.2705,920133.0
1753504323825,04:32:03.825,ALGO/USDT:USDT,0.2694,2916.0,0.2693,1924.0,0.2704,880992.0,0.2705,920133.0
1753504324026,04:32:04.026,ALGO/USDT:USDT,0.2694,2916.0,0.2692,50320.0,0.2704,880992.0,0.2705,920133.0
1753504324428,04:32:04.428,ALGO/USDT:USDT,0.2694,2916.0,0.2692,50320.0,0.2704,880992.0,0.2705,920133.0
1753504324627,04:32:04.627,ALGO/USDT:USDT,0.2694,2916.0,0.2692,50320.0,0.2704,880992.0,0.2705,920133.0
1753504325225,04:32:05.225,ALGO/USDT:USDT,0.2694,2916.0,0.2692,50320.0,0.2704,880992.0,0.2705,920133.0
1753504325628,04:32:05.628,ALGO/USDT:USDT,0.2694,2916.0,0.2692,50320.0,0.2704,880992.0,0.2705,920133.0
1753504325829,04:32:05.829,ALGO/USDT:USDT,0.2694,2916.0,0.2692,50320.0,0.2704,880992.0,0.2705,920133.0
1753504326024,04:32:06.024,ALGO/USDT:USDT,0.2694,2916.0,0.2692,50320.0,0.2704,880992.0,0.2705,920133.0
1753504326224,04:32:06.224,ALGO/USDT:USDT,0.2694,2916.0,0.2692,50320.0,0.2704,1009133.0,0.2705,920133.0
1753504326627,04:32:06.627,ALGO/USDT:USDT,0.2694,2916.0,0.2692,50320.0,0.2704,1009133.0,0.2705,920133.0
1753504326828,04:32:06.828,ALGO/USDT:USDT,0.2694,2916.0,0.2692,50320.0,0.2704,1009133.0,0.2705,920133.0
1753504327029,04:32:07.029,ALGO/USDT:USDT,0.2694,2916.0,0.2692,50320.0,0.2703,899637.0,0.2704,1009133.0
1753504327225,04:32:07.225,ALGO/USDT:USDT,0.2694,2916.0,0.2692,50320.0,0.2703,899637.0,0.2704,1006195.0
1753504327427,04:32:07.427,ALGO/USDT:USDT,0.2694,2916.0,0.2692,50320.0,0.2703,899637.0,0.2704,1006195.0
1753504327624,04:32:07.624,ALGO/USDT:USDT,0.2694,2916.0,0.2692,50320.0,0.2704,1006195.0,0.2705,920133.0
1753504327827,04:32:07.827,ALGO/USDT:USDT,0.2694,2916.0,0.2692,201859.0,0.2704,128141.0,0.2705,920133.0
1753504328029,04:32:08.029,ALGO/USDT:USDT,0.2694,2916.0,0.2692,201859.0,0.2704,131079.0,0.2705,920133.0
1753504328231,04:32:08.231,ALGO/USDT:USDT,0.2694,2916.0,0.2692,201859.0,0.2704,131079.0,0.2705,920133.0
1753504328426,04:32:08.426,ALGO/USDT:USDT,0.2694,2916.0,0.2692,201859.0,0.2704,131079.0,0.2705,920133.0
1753504328628,04:32:08.628,ALGO/USDT:USDT,0.2694,2916.0,0.2692,201859.0,0.2704,131079.0,0.2705,920133.0
1753504329426,04:32:09.426,ALGO/USDT:USDT,0.2694,2916.0,0.2692,50320.0,0.2704,873492.0,0.2705,920133.0
1753504330625,04:32:10.625,ALGO/USDT:USDT,0.2694,2916.0,0.2692,50320.0,0.2703,784003.0,0.2704,873492.0
1753504330829,04:32:10.829,ALGO/USDT:USDT,0.2694,2916.0,0.2692,50320.0,0.2703,784003.0,0.2704,745351.0
1753504331029,04:32:11.029,ALGO/USDT:USDT,0.2694,2916.0,0.2691,973188.0,0.2703,784003.0,0.2704,870518.0
1753504331225,04:32:11.225,ALGO/USDT:USDT,0.2694,2916.0,0.2691,973188.0,0.2703,784003.0,0.2704,870518.0
1753504331427,04:32:11.427,ALGO/USDT:USDT,0.2694,2916.0,0.2691,973188.0,0.2703,784003.0,0.2704,870518.0
1753504331828,04:32:11.828,ALGO/USDT:USDT,0.2694,2916.0,0.2691,973188.0,0.2703,784003.0,0.2704,870518.0
1753504332224,04:32:12.224,ALGO/USDT:USDT,0.2694,2916.0,0.2691,973188.0,0.2703,784003.0,0.2704,870518.0
1753504332430,04:32:12.430,ALGO/USDT:USDT,0.2694,2916.0,0.2691,973188.0,0.2703,784003.0,0.2704,870518.0
