timestamp,time,symbol,bid1_price,bid1_volume,bid2_price,bid2_volume,ask1_price,ask1_volume,ask2_price,ask2_volume
1753503305260,04:15:05.260,ALGO/USDT:USDT,0.2699,34029.5,0.2698,119430.2,0.27,22050.8,0.2701,85594.8
1753503305403,04:15:05.403,ALGO/USDT:USDT,0.2699,34029.5,0.2698,115326.1,0.27,22050.8,0.2701,85594.8
1753503305526,04:15:05.526,ALGO/USDT:USDT,0.2699,34029.5,0.2698,114587.2,0.27,22050.8,0.2701,85594.8
1753503305659,04:15:05.659,ALGO/USDT:USDT,0.2699,34029.5,0.2698,114587.2,0.27,22050.8,0.2701,85594.8
1753503305767,04:15:05.767,ALGO/USDT:USDT,0.27,23513.3,0.2699,125322.9,0.2701,39669.8,0.2702,57667.7
1753503305869,04:15:05.869,ALGO/USDT:USDT,0.27,20585.0,0.2699,123045.5,0.2701,42020.3,0.2702,58965.5
1753503305987,04:15:05.987,ALGO/USDT:USDT,0.27,20581.0,0.2699,123045.5,0.2701,56649.5,0.2702,58965.5
1753503306092,04:15:06.092,ALGO/USDT:USDT,0.27,21970.4,0.2699,113990.7,0.2701,56649.5,0.2702,58965.5
1753503306193,04:15:06.193,ALGO/USDT:USDT,0.27,21970.4,0.2699,113990.7,0.2701,55749.5,0.2702,59865.5
1753503306298,04:15:06.298,ALGO/USDT:USDT,0.27,21970.4,0.2699,113990.7,0.2701,57138.9,0.2702,59865.5
1753503306407,04:15:06.407,ALGO/USDT:USDT,0.27,21970.4,0.2699,119316.6,0.2701,39749.5,0.2702,59865.5
1753503306509,04:15:06.509,ALGO/USDT:USDT,0.27,20581.0,0.2699,118865.6,0.2701,41138.9,0.2702,59865.5
1753503306726,04:15:06.726,ALGO/USDT:USDT,0.27,20581.0,0.2699,118865.6,0.2701,41138.9,0.2702,59865.5
1753503306855,04:15:06.855,ALGO/USDT:USDT,0.27,39231.5,0.2699,121143.0,0.2701,38536.4,0.2702,59865.5
1753503306956,04:15:06.956,ALGO/USDT:USDT,0.27,39292.6,0.2699,122530.4,0.2701,37147.0,0.2702,59865.5
1753503307057,04:15:07.057,ALGO/USDT:USDT,0.27,39292.6,0.2699,122530.4,0.2701,38746.6,0.2702,59865.5
1753503307164,04:15:07.164,ALGO/USDT:USDT,0.27,39292.6,0.2699,122530.4,0.2701,38746.6,0.2702,59865.5
1753503307437,04:15:07.437,ALGO/USDT:USDT,0.27,39292.6,0.2699,122530.4,0.2701,38746.6,0.2702,59865.5
1753503307556,04:15:07.556,ALGO/USDT:USDT,0.27,39292.6,0.2699,122530.4,0.2701,38746.6,0.2702,59865.5
1753503307659,04:15:07.659,ALGO/USDT:USDT,0.27,39292.6,0.2699,122530.4,0.2701,38746.6,0.2702,59865.5
1753503307775,04:15:07.775,ALGO/USDT:USDT,0.2701,38256.6,0.27,124736.5,0.2702,17787.5,0.2703,68206.1
1753503307880,04:15:07.880,ALGO/USDT:USDT,0.2701,37948.3,0.27,124736.5,0.2702,21634.5,0.2703,64606.1
1753503307985,04:15:07.985,ALGO/USDT:USDT,0.2701,37948.3,0.27,124736.5,0.2702,19238.0,0.2703,63706.1
1753503308100,04:15:08.100,ALGO/USDT:USDT,0.2701,37948.3,0.27,124736.5,0.2702,19238.0,0.2703,63706.1
1753503308387,04:15:08.387,ALGO/USDT:USDT,0.2701,36577.5,0.27,124736.5,0.2702,35256.6,0.2703,63706.1
1753503308502,04:15:08.502,ALGO/USDT:USDT,0.2701,37728.9,0.27,117664.2,0.2702,34393.5,0.2703,65556.9
1753503308660,04:15:08.660,ALGO/USDT:USDT,0.2701,37747.5,0.27,117664.2,0.2702,34279.7,0.2703,66851.9
1753503308828,04:15:08.828,ALGO/USDT:USDT,0.2701,37747.5,0.27,117664.2,0.2702,34279.7,0.2703,66851.9
1753503308959,04:15:08.959,ALGO/USDT:USDT,0.2701,37747.5,0.27,117664.2,0.2702,34279.7,0.2703,66851.9
1753503309062,04:15:09.062,ALGO/USDT:USDT,0.2701,37747.5,0.27,117664.2,0.2702,34279.7,0.2703,66851.9
1753503309259,04:15:09.259,ALGO/USDT:USDT,0.2701,37747.5,0.27,117664.2,0.2702,34279.7,0.2703,66851.9
1753503309363,04:15:09.363,ALGO/USDT:USDT,0.27,46289.3,0.2699,132326.7,0.2701,5798.3,0.2702,66154.5
1753503309468,04:15:09.468,ALGO/USDT:USDT,0.27,52464.1,0.2699,131956.4,0.2701,4380.7,0.2702,64272.5
1753503309577,04:15:09.577,ALGO/USDT:USDT,0.2701,43139.2,0.27,122615.4,0.2702,15629.2,0.2703,71070.7
1753503309679,04:15:09.679,ALGO/USDT:USDT,0.2701,44219.4,0.27,121205.9,0.2702,16804.2,0.2703,67345.9
1753503309784,04:15:09.784,ALGO/USDT:USDT,0.2701,42093.2,0.27,120838.1,0.2702,18193.6,0.2703,68799.3
1753503309892,04:15:09.892,ALGO/USDT:USDT,0.2701,42111.8,0.27,122133.8,0.2702,19412.2,0.2703,70094.3
1753503310059,04:15:10.059,ALGO/USDT:USDT,0.2701,42111.8,0.27,122133.8,0.2702,19412.2,0.2703,70094.3
1753503310202,04:15:10.202,ALGO/USDT:USDT,0.2701,42111.8,0.27,122133.8,0.2702,35412.2,0.2703,70094.3
1753503310317,04:15:10.317,ALGO/USDT:USDT,0.2701,42111.8,0.27,122133.8,0.2702,35412.2,0.2703,70094.3
1753503310460,04:15:10.460,ALGO/USDT:USDT,0.2701,43263.2,0.27,120963.8,0.2702,35412.2,0.2703,70094.3
1753503310605,04:15:10.605,ALGO/USDT:USDT,0.2701,43263.2,0.27,121332.1,0.2702,35412.2,0.2703,68799.3
1753503310727,04:15:10.727,ALGO/USDT:USDT,0.2701,43281.8,0.27,121332.1,0.2702,35644.8,0.2703,68799.3
1753503310857,04:15:10.857,ALGO/USDT:USDT,0.2701,43281.8,0.27,121332.1,0.2702,35644.8,0.2703,68799.3
1753503311126,04:15:11.126,ALGO/USDT:USDT,0.2701,43281.8,0.27,121332.1,0.2702,35644.8,0.2703,68799.3
1753503311242,04:15:11.242,ALGO/USDT:USDT,0.2701,43199.8,0.27,121332.1,0.2702,35644.8,0.2703,68799.3
1753503311347,04:15:11.347,ALGO/USDT:USDT,0.2701,43159.5,0.27,121332.1,0.2702,35644.8,0.2703,68799.3
1753503311451,04:15:11.451,ALGO/USDT:USDT,0.2701,43048.7,0.27,121332.1,0.2702,35644.8,0.2703,68799.3
1753503311552,04:15:11.552,ALGO/USDT:USDT,0.2701,41448.7,0.27,120963.8,0.2702,35644.8,0.2703,68799.3
1753503311660,04:15:11.660,ALGO/USDT:USDT,0.2701,41386.0,0.27,120963.8,0.2702,35644.8,0.2703,68799.3
1753503311761,04:15:11.761,ALGO/USDT:USDT,0.2701,41322.2,0.27,120963.8,0.2702,35644.8,0.2703,68799.3
1753503311864,04:15:11.864,ALGO/USDT:USDT,0.2701,41174.3,0.27,120963.8,0.2702,35644.8,0.2703,68799.3
1753503311974,04:15:11.974,ALGO/USDT:USDT,0.2701,41143.1,0.27,120963.8,0.2702,35644.8,0.2703,68799.3
1753503312102,04:15:12.102,ALGO/USDT:USDT,0.2701,41143.1,0.27,120963.8,0.2702,35644.8,0.2703,68799.3
1753503312326,04:15:12.326,ALGO/USDT:USDT,0.2701,41236.4,0.27,120963.8,0.2702,35644.8,0.2703,68799.3
1753503312431,04:15:12.431,ALGO/USDT:USDT,0.2701,41236.4,0.27,120963.8,0.2702,35644.8,0.2703,68799.3
1753503312665,04:15:12.665,ALGO/USDT:USDT,0.2701,41236.4,0.27,120963.8,0.2702,35644.8,0.2703,68799.3
1753503312859,04:15:12.859,ALGO/USDT:USDT,0.2701,41351.9,0.27,120963.8,0.2702,35644.8,0.2703,68799.3
1753503312997,04:15:12.997,ALGO/USDT:USDT,0.2701,41351.9,0.27,120963.8,0.2702,35644.8,0.2703,68799.3
1753503313126,04:15:13.126,ALGO/USDT:USDT,0.2701,41351.9,0.27,120963.8,0.2702,35644.8,0.2703,68799.3
1753503313260,04:15:13.260,ALGO/USDT:USDT,0.2701,41351.9,0.27,120963.8,0.2702,35644.8,0.2703,75560.3
1753503313365,04:15:13.365,ALGO/USDT:USDT,0.2701,41351.9,0.27,120963.8,0.2702,37477.0,0.2703,75560.3
1753503313468,04:15:13.468,ALGO/USDT:USDT,0.2701,40181.9,0.27,122133.8,0.2702,37598.1,0.2703,75560.3
1753503313571,04:15:13.571,ALGO/USDT:USDT,0.2701,40181.9,0.27,122133.8,0.2702,39199.0,0.2703,75560.3
1753503313812,04:15:13.812,ALGO/USDT:USDT,0.2701,40627.6,0.27,122133.8,0.2702,20417.6,0.2703,75560.3
1753503313927,04:15:13.927,ALGO/USDT:USDT,0.2701,40627.6,0.27,122133.8,0.2702,20417.6,0.2703,75560.3
1753503314057,04:15:14.057,ALGO/USDT:USDT,0.2701,40627.6,0.27,122133.8,0.2702,20417.6,0.2703,75560.3
1753503314326,04:15:14.326,ALGO/USDT:USDT,0.2701,40627.6,0.27,122133.8,0.2702,20417.6,0.2703,75560.3
1753503314430,04:15:14.430,ALGO/USDT:USDT,0.2701,40627.6,0.27,122133.8,0.2702,20417.6,0.2703,75560.3
1753503314537,04:15:14.537,ALGO/USDT:USDT,0.2701,40627.6,0.27,122133.8,0.2702,20417.6,0.2703,75560.3
1753503314638,04:15:14.638,ALGO/USDT:USDT,0.2701,40627.6,0.27,122133.8,0.2702,22002.5,0.2703,75560.3
1753503314860,04:15:14.860,ALGO/USDT:USDT,0.2701,40627.6,0.27,122133.8,0.2702,22002.5,0.2703,75560.3
1753503315060,04:15:15.060,ALGO/USDT:USDT,0.2701,40627.6,0.27,122133.8,0.2702,22055.7,0.2703,75560.3
1753503315163,04:15:15.163,ALGO/USDT:USDT,0.2701,40627.6,0.27,122133.8,0.2702,35955.7,0.2703,75560.3
1753503315352,04:15:15.352,ALGO/USDT:USDT,0.2701,40627.6,0.27,122133.8,0.2702,37137.1,0.2703,75560.3
1753503315471,04:15:15.471,ALGO/USDT:USDT,0.2701,40627.6,0.27,122133.8,0.2702,37137.1,0.2703,75560.3
1753503315660,04:15:15.660,ALGO/USDT:USDT,0.2701,40627.6,0.27,122133.8,0.2702,37137.1,0.2703,75560.3
1753503315802,04:15:15.802,ALGO/USDT:USDT,0.2701,40627.6,0.27,122133.8,0.2702,37137.1,0.2703,75560.3
1753503315914,04:15:15.914,ALGO/USDT:USDT,0.2701,40627.6,0.27,122133.8,0.2702,37137.1,0.2703,75645.5
1753503316038,04:15:16.038,ALGO/USDT:USDT,0.2701,40627.6,0.27,121679.7,0.2702,37137.1,0.2703,75645.5
1753503316167,04:15:16.167,ALGO/USDT:USDT,0.27,30871.9,0.2699,110899.3,0.2701,19912.9,0.2702,74674.1
1753503316270,04:15:16.270,ALGO/USDT:USDT,0.27,35409.9,0.2699,111084.6,0.2701,19936.2,0.2702,74674.1
1753503316377,04:15:16.377,ALGO/USDT:USDT,0.27,35409.9,0.2699,111084.6,0.2701,19936.2,0.2702,74674.1
1753503316492,04:15:16.492,ALGO/USDT:USDT,0.27,30705.2,0.2699,115807.6,0.2701,19954.8,0.2702,74674.1
1753503316651,04:15:16.651,ALGO/USDT:USDT,0.27,30705.2,0.2699,115807.6,0.2701,19954.8,0.2702,74674.1
1753503316754,04:15:16.754,ALGO/USDT:USDT,0.27,30705.2,0.2699,113116.1,0.2701,19954.8,0.2702,74674.1
1753503316859,04:15:16.859,ALGO/USDT:USDT,0.27,30705.2,0.2699,113116.1,0.2701,19954.8,0.2702,74674.1
1753503317064,04:15:17.064,ALGO/USDT:USDT,0.27,31075.5,0.2699,113482.1,0.2701,4214.1,0.2702,73488.9
1753503317175,04:15:17.175,ALGO/USDT:USDT,0.27,54288.4,0.2699,118567.8,0.2701,4275.2,0.2702,68189.4
1753503317297,04:15:17.297,ALGO/USDT:USDT,0.27,53918.1,0.2699,118567.8,0.2701,4275.2,0.2702,68189.4
1753503317459,04:15:17.459,ALGO/USDT:USDT,0.27,53918.1,0.2699,118567.8,0.2701,4275.2,0.2702,68189.4
1753503317625,04:15:17.625,ALGO/USDT:USDT,0.27,53918.1,0.2699,114418.9,0.2701,4275.2,0.2702,68189.4
1753503317797,04:15:17.797,ALGO/USDT:USDT,0.27,53918.1,0.2699,114418.9,0.2701,4275.2,0.2702,68189.4
1753503317902,04:15:17.902,ALGO/USDT:USDT,0.27,55195.5,0.2699,113122.7,0.2701,41.9,0.2702,68189.4
1753503318013,04:15:18.013,ALGO/USDT:USDT,0.27,60665.8,0.2699,113122.7,0.2701,41.9,0.2702,68189.4
1753503318131,04:15:18.131,ALGO/USDT:USDT,0.27,61398.9,0.2699,113122.7,0.2701,41.9,0.2702,68122.3
1753503318326,04:15:18.326,ALGO/USDT:USDT,0.27,61398.9,0.2699,113122.7,0.2701,41.9,0.2702,68122.3
1753503318438,04:15:18.438,ALGO/USDT:USDT,0.27,61398.9,0.2699,114661.3,0.2701,41.9,0.2702,67222.3
1753503318556,04:15:18.556,ALGO/USDT:USDT,0.27,63979.5,0.2699,116133.9,0.2701,90.4,0.2702,67222.3
1753503318726,04:15:18.726,ALGO/USDT:USDT,0.27,64349.8,0.2699,116133.9,0.2701,109.0,0.2702,67222.3
1753503318860,04:15:18.860,ALGO/USDT:USDT,0.27,64349.8,0.2699,116133.9,0.2701,109.0,0.2702,67222.3
1753503319001,04:15:19.001,ALGO/USDT:USDT,0.27,64349.8,0.2699,115767.9,0.2701,109.0,0.2702,67222.3
1753503319127,04:15:19.127,ALGO/USDT:USDT,0.27,64718.4,0.2699,116504.0,0.2701,109.0,0.2702,66022.3
1753503319260,04:15:19.260,ALGO/USDT:USDT,0.27,65086.8,0.2699,116504.0,0.2701,109.0,0.2702,66022.3
1753503319372,04:15:19.372,ALGO/USDT:USDT,0.27,65272.1,0.2699,117058.1,0.2701,109.0,0.2702,66022.3
1753503319487,04:15:19.487,ALGO/USDT:USDT,0.27,65272.1,0.2699,117058.1,0.2701,131.6,0.2702,66022.3
1753503319602,04:15:19.602,ALGO/USDT:USDT,0.27,65272.1,0.2699,117058.1,0.2701,131.6,0.2702,66022.3
1753503319785,04:15:19.785,ALGO/USDT:USDT,0.27,65622.6,0.2699,117058.1,0.2701,131.6,0.2702,66022.3
1753503319927,04:15:19.927,ALGO/USDT:USDT,0.27,65622.6,0.2699,117058.1,0.2701,131.6,0.2702,51632.9
1753503320060,04:15:20.060,ALGO/USDT:USDT,0.27,65622.6,0.2699,117058.1,0.2701,131.6,0.2702,49782.1
1753503320202,04:15:20.202,ALGO/USDT:USDT,0.27,67461.1,0.2699,117058.1,0.2701,131.6,0.2702,49782.1
1753503320447,04:15:20.447,ALGO/USDT:USDT,0.27,67461.1,0.2699,117428.4,0.2701,131.6,0.2702,49782.1
1753503320562,04:15:20.562,ALGO/USDT:USDT,0.27,72256.4,0.2699,117797.8,0.2701,131.6,0.2702,49782.1
1753503320701,04:15:20.701,ALGO/USDT:USDT,0.27,72256.4,0.2699,117797.8,0.2701,131.6,0.2702,49803.6
1753503320803,04:15:20.803,ALGO/USDT:USDT,0.2701,18536.0,0.27,114008.1,0.2702,18690.2,0.2703,81397.5
1753503320906,04:15:20.906,ALGO/USDT:USDT,0.2701,16384.3,0.27,107332.4,0.2702,18751.3,0.2703,81397.5
1753503321009,04:15:21.009,ALGO/USDT:USDT,0.2701,16384.3,0.27,107332.4,0.2702,18751.3,0.2703,81397.5
1753503321111,04:15:21.111,ALGO/USDT:USDT,0.2701,32402.9,0.27,107600.0,0.2702,18769.9,0.2703,81397.5
1753503321224,04:15:21.224,ALGO/USDT:USDT,0.2701,32402.9,0.27,107600.0,0.2702,18769.9,0.2703,81397.5
1753503321418,04:15:21.418,ALGO/USDT:USDT,0.2701,32402.9,0.27,107600.0,0.2702,18769.9,0.2703,81397.5
1753503321526,04:15:21.526,ALGO/USDT:USDT,0.2701,31666.1,0.27,106489.4,0.2702,18783.5,0.2703,75897.5
1753503321659,04:15:21.659,ALGO/USDT:USDT,0.2701,31666.1,0.27,106121.6,0.2702,18783.5,0.2703,75897.5
1753503321839,04:15:21.839,ALGO/USDT:USDT,0.2701,31666.1,0.27,106121.6,0.2702,18783.5,0.2703,75897.5
1753503321942,04:15:21.942,ALGO/USDT:USDT,0.2701,31666.1,0.27,106121.6,0.2702,18783.5,0.2703,75897.5
1753503322057,04:15:22.057,ALGO/USDT:USDT,0.2701,31666.1,0.27,106121.6,0.2702,18783.5,0.2703,75897.5
1753503322160,04:15:22.160,ALGO/USDT:USDT,0.2701,31666.1,0.27,106121.6,0.2702,18783.5,0.2703,75897.5
1753503322277,04:15:22.277,ALGO/USDT:USDT,0.2701,1675.8,0.27,103762.4,0.2702,20172.9,0.2703,77074.3
1753503322378,04:15:22.378,ALGO/USDT:USDT,0.2701,832.5,0.27,103545.0,0.2702,21468.0,0.2703,76149.4
1753503322494,04:15:22.494,ALGO/USDT:USDT,0.2701,875.0,0.27,103906.7,0.2702,21468.0,0.2703,76149.4
1753503322617,04:15:22.617,ALGO/USDT:USDT,0.2701,7139.7,0.27,103906.7,0.2702,20078.6,0.2703,75779.0
1753503322726,04:15:22.726,ALGO/USDT:USDT,0.2701,7139.7,0.27,103906.7,0.2702,20078.6,0.2703,75779.0
1753503322859,04:15:22.859,ALGO/USDT:USDT,0.2701,7139.7,0.27,103906.7,0.2702,20078.6,0.2703,75779.0
