timestamp,time,symbol,bid1_price,bid1_volume,bid2_price,bid2_volume,ask1_price,ask1_volume,ask2_price,ask2_volume
1753503305329,04:15:05.329,ALGO/USDT:USDT,0.27,21034.3,0.2699,38446.1,0.2701,22378.2,0.2702,43472.5
1753503305479,04:15:05.479,ALGO/USDT:USDT,0.27,21034.3,0.2699,38446.1,0.2701,22378.2,0.2702,43472.5
1753503305629,04:15:05.629,ALGO/USDT:USDT,0.27,21034.3,0.2699,38446.1,0.2701,22378.2,0.2702,43472.5
1753503305779,04:15:05.779,ALGO/USDT:USDT,0.2701,25844.0,0.27,21803.7,0.2702,7782.1,0.2703,120580.9
1753503305929,04:15:05.929,ALGO/USDT:USDT,0.2701,30106.1,0.27,43595.9,0.2702,17149.8,0.2703,167662.2
1753503306079,04:15:06.079,ALGO/USDT:USDT,0.2701,844.0,0.27,44365.3,0.2702,31149.8,0.2703,184966.7
1753503306379,04:15:06.379,ALGO/USDT:USDT,0.2701,22569.1,0.27,43595.9,0.2702,31149.8,0.2703,184966.7
1753503306529,04:15:06.529,ALGO/USDT:USDT,0.2701,22569.1,0.27,43595.9,0.2702,31149.8,0.2703,184966.7
1753503306679,04:15:06.679,ALGO/USDT:USDT,0.2701,22569.1,0.27,43595.9,0.2702,31149.8,0.2703,184966.7
1753503306830,04:15:06.830,ALGO/USDT:USDT,0.2701,22569.1,0.27,43595.9,0.2702,31149.8,0.2703,184966.7
1753503307280,04:15:07.280,ALGO/USDT:USDT,0.2701,22569.1,0.27,43595.9,0.2702,31149.8,0.2703,184596.6
1753503307430,04:15:07.430,ALGO/USDT:USDT,0.2701,22569.1,0.27,43595.9,0.2702,31149.8,0.2703,184596.6
1753503307580,04:15:07.580,ALGO/USDT:USDT,0.2701,22569.1,0.27,43595.9,0.2702,31149.8,0.2703,184596.6
1753503307730,04:15:07.730,ALGO/USDT:USDT,0.2702,34177.2,0.2701,28105.0,0.2703,6758.8,0.2704,53732.0
1753503307880,04:15:07.880,ALGO/USDT:USDT,0.2702,38439.3,0.2701,41573.0,0.2703,34388.6,0.2704,76070.5
1753503308030,04:15:08.030,ALGO/USDT:USDT,0.2702,38439.3,0.2701,41573.0,0.2703,34388.6,0.2704,76440.5
1753503308481,04:15:08.481,ALGO/USDT:USDT,0.2702,38439.3,0.2701,41573.0,0.2703,36295.2,0.2704,76440.5
1753503308781,04:15:08.781,ALGO/USDT:USDT,0.2702,7289.5,0.2701,41573.0,0.2703,36295.2,0.2704,76440.5
1753503308931,04:15:08.931,ALGO/USDT:USDT,0.2702,7289.5,0.2701,41573.0,0.2703,36295.2,0.2704,76070.5
1753503309081,04:15:09.081,ALGO/USDT:USDT,0.2702,7289.5,0.2701,41573.0,0.2703,36295.2,0.2704,76070.5
1753503309531,04:15:09.531,ALGO/USDT:USDT,0.2701,24732.5,0.27,44341.4,0.2702,27629.8,0.2703,44924.9
1753503309681,04:15:09.681,ALGO/USDT:USDT,0.2702,29287.9,0.2701,30268.4,0.2703,13297.6,0.2704,59140.4
1753503309831,04:15:09.831,ALGO/USDT:USDT,0.2702,6485.0,0.2701,47201.4,0.2703,26927.5,0.2704,76072.8
1753503309982,04:15:09.982,ALGO/USDT:USDT,0.2702,6485.0,0.2701,47201.4,0.2703,26927.5,0.2704,76072.8
1753503310132,04:15:10.132,ALGO/USDT:USDT,0.2702,9948.0,0.2701,47201.4,0.2703,26927.5,0.2704,76072.8
1753503310582,04:15:10.582,ALGO/USDT:USDT,0.2702,9948.0,0.2701,46432.0,0.2703,26927.5,0.2704,76072.8
1753503310732,04:15:10.732,ALGO/USDT:USDT,0.2702,9948.0,0.2701,46432.0,0.2703,26927.5,0.2704,76072.8
1753503310882,04:15:10.882,ALGO/USDT:USDT,0.2702,22948.0,0.2701,46432.0,0.2703,26927.5,0.2704,76072.8
1753503311032,04:15:11.032,ALGO/USDT:USDT,0.2702,22948.0,0.2701,46432.0,0.2703,26927.5,0.2704,76072.8
1753503311332,04:15:11.332,ALGO/USDT:USDT,0.2702,22948.0,0.2701,46432.0,0.2703,27027.5,0.2704,76072.8
1753503311482,04:15:11.482,ALGO/USDT:USDT,0.2702,9948.0,0.2701,46432.0,0.2703,27796.9,0.2704,76072.8
1753503311633,04:15:11.633,ALGO/USDT:USDT,0.2702,9948.0,0.2701,46432.0,0.2703,27796.9,0.2704,76072.8
1753503311783,04:15:11.783,ALGO/USDT:USDT,0.2702,23948.0,0.2701,46432.0,0.2703,27796.9,0.2704,76072.8
1753503311933,04:15:11.933,ALGO/USDT:USDT,0.2702,23948.0,0.2701,46432.0,0.2703,27796.9,0.2704,76072.8
1753503312083,04:15:12.083,ALGO/USDT:USDT,0.2702,23948.0,0.2701,46432.0,0.2703,27796.9,0.2704,76072.8
1753503312233,04:15:12.233,ALGO/USDT:USDT,0.2702,23948.0,0.2701,46432.0,0.2703,27736.9,0.2704,76072.8
1753503312533,04:15:12.533,ALGO/USDT:USDT,0.2702,23948.0,0.2701,46432.0,0.2703,26927.5,0.2704,76072.8
1753503312683,04:15:12.683,ALGO/USDT:USDT,0.2702,23948.0,0.2701,46432.0,0.2703,26927.5,0.2704,76072.8
1753503312833,04:15:12.833,ALGO/USDT:USDT,0.2702,23948.0,0.2701,46432.0,0.2703,26927.5,0.2704,76072.8
1753503313134,04:15:13.134,ALGO/USDT:USDT,0.2702,23948.0,0.2701,46432.0,0.2703,27696.9,0.2704,75322.8
1753503313284,04:15:13.284,ALGO/USDT:USDT,0.2702,23948.0,0.2701,46432.0,0.2703,27696.9,0.2704,75322.8
1753503313434,04:15:13.434,ALGO/USDT:USDT,0.2702,23948.0,0.2701,46432.0,0.2703,27736.9,0.2704,75322.8
1753503313584,04:15:13.584,ALGO/USDT:USDT,0.2702,23948.0,0.2701,46432.0,0.2703,27736.9,0.2704,75322.8
1753503313734,04:15:13.734,ALGO/USDT:USDT,0.2702,9948.0,0.2701,46432.0,0.2703,26967.5,0.2704,75322.8
1753503313884,04:15:13.884,ALGO/USDT:USDT,0.2702,23948.0,0.2701,46432.0,0.2703,26967.5,0.2704,75322.8
1753503314184,04:15:14.184,ALGO/USDT:USDT,0.2702,23948.0,0.2701,46432.0,0.2703,26967.5,0.2704,75322.8
1753503314334,04:15:14.334,ALGO/USDT:USDT,0.2702,23948.0,0.2701,46432.0,0.2703,26967.5,0.2704,75322.8
1753503314484,04:15:14.484,ALGO/USDT:USDT,0.2702,23948.0,0.2701,46432.0,0.2703,26967.5,0.2704,75322.8
1753503314634,04:15:14.634,ALGO/USDT:USDT,0.2702,23948.0,0.2701,46432.0,0.2703,26967.5,0.2704,75322.8
1753503315085,04:15:15.085,ALGO/USDT:USDT,0.2702,23948.0,0.2701,46432.0,0.2703,26967.5,0.2704,75322.8
1753503315535,04:15:15.535,ALGO/USDT:USDT,0.2702,5685.9,0.2701,46432.0,0.2703,26967.5,0.2704,89905.3
1753503315985,04:15:15.985,ALGO/USDT:USDT,0.2702,19685.9,0.2701,46432.0,0.2703,26967.5,0.2704,89905.3
1753503316285,04:15:16.285,ALGO/USDT:USDT,0.2701,41665.5,0.27,27415.7,0.2702,2963.2,0.2703,31437.0
1753503316436,04:15:16.436,ALGO/USDT:USDT,0.2701,23888.5,0.27,44347.3,0.2702,31440.4,0.2703,48698.1
1753503316586,04:15:16.586,ALGO/USDT:USDT,0.2701,23888.5,0.27,44347.3,0.2702,32209.8,0.2703,158963.0
1753503316886,04:15:16.886,ALGO/USDT:USDT,0.2701,23888.5,0.27,44347.3,0.2702,34116.4,0.2703,158963.0
1753503317186,04:15:17.186,ALGO/USDT:USDT,0.2701,28655.0,0.27,44347.3,0.2702,17440.4,0.2703,155262.9
1753503317486,04:15:17.486,ALGO/USDT:USDT,0.2701,28655.0,0.27,44347.3,0.2702,17440.4,0.2703,43858.5
1753503317636,04:15:17.636,ALGO/USDT:USDT,0.2701,28655.0,0.27,44347.3,0.2702,17440.4,0.2703,43858.5
1753503317786,04:15:17.786,ALGO/USDT:USDT,0.2701,28655.0,0.27,44347.3,0.2702,17440.4,0.2703,43858.5
1753503317936,04:15:17.936,ALGO/USDT:USDT,0.2701,28655.0,0.27,44347.3,0.2702,847.4,0.2703,43858.5
1753503318087,04:15:18.087,ALGO/USDT:USDT,0.2701,29424.4,0.27,44347.3,0.2702,847.4,0.2703,43858.5
1753503318237,04:15:18.237,ALGO/USDT:USDT,0.2701,28655.0,0.27,44347.3,0.2702,847.4,0.2703,43858.5
1753503318387,04:15:18.387,ALGO/USDT:USDT,0.2701,28655.0,0.27,44347.3,0.2702,847.4,0.2703,43858.5
1753503318537,04:15:18.537,ALGO/USDT:USDT,0.2701,29424.4,0.27,44347.3,0.2702,5109.5,0.2703,43858.5
1753503318687,04:15:18.687,ALGO/USDT:USDT,0.2701,29424.4,0.27,44347.3,0.2702,5109.5,0.2703,43858.5
1753503319137,04:15:19.137,ALGO/USDT:USDT,0.2701,29424.4,0.27,44347.3,0.2702,5109.5,0.2703,43858.5
1753503319287,04:15:19.287,ALGO/USDT:USDT,0.2701,29424.4,0.27,44347.3,0.2702,5109.5,0.2703,43858.5
1753503319587,04:15:19.587,ALGO/USDT:USDT,0.2701,29424.4,0.27,44347.3,0.2702,847.4,0.2703,43858.5
1753503319738,04:15:19.738,ALGO/USDT:USDT,0.2701,29424.4,0.27,44347.3,0.2702,847.4,0.2703,43858.5
1753503319888,04:15:19.888,ALGO/USDT:USDT,0.2701,29424.4,0.27,44347.3,0.2702,847.4,0.2703,43858.5
1753503320188,04:15:20.188,ALGO/USDT:USDT,0.2701,29424.4,0.27,44347.3,0.2702,847.4,0.2703,43858.5
1753503320338,04:15:20.338,ALGO/USDT:USDT,0.2701,29424.4,0.27,44347.3,0.2702,847.4,0.2703,43858.5
1753503320488,04:15:20.488,ALGO/USDT:USDT,0.2701,29424.4,0.27,44347.3,0.2702,847.4,0.2703,43858.5
1753503320638,04:15:20.638,ALGO/USDT:USDT,0.2701,29424.4,0.27,44347.3,0.2702,847.4,0.2703,43858.5
1753503320938,04:15:20.938,ALGO/USDT:USDT,0.2702,5478.3,0.2701,29424.4,0.2703,26927.5,0.2704,187115.7
1753503321088,04:15:21.088,ALGO/USDT:USDT,0.2702,23740.4,0.2701,45596.5,0.2703,12927.5,0.2704,187115.7
1753503321839,04:15:21.839,ALGO/USDT:USDT,0.2702,23740.4,0.2701,45596.5,0.2703,12927.5,0.2704,187485.7
1753503322139,04:15:22.139,ALGO/USDT:USDT,0.2702,23740.4,0.2701,45596.5,0.2703,12927.5,0.2704,187115.7
1753503322289,04:15:22.289,ALGO/USDT:USDT,0.2702,23740.4,0.2701,45596.5,0.2703,12927.5,0.2704,187115.7
1753503323040,04:15:23.040,ALGO/USDT:USDT,0.2702,17463.0,0.2701,42736.6,0.2703,27027.5,0.2704,187115.7
1753503323190,04:15:23.190,ALGO/USDT:USDT,0.2702,17463.0,0.2701,42736.6,0.2703,27796.9,0.2704,187115.7
1753503323340,04:15:23.340,ALGO/USDT:USDT,0.2702,17463.0,0.2701,42736.6,0.2703,27796.9,0.2704,187115.7
1753503323640,04:15:23.640,ALGO/USDT:USDT,0.2702,17463.0,0.2701,42736.6,0.2703,27027.5,0.2704,187115.7
1753503323790,04:15:23.790,ALGO/USDT:USDT,0.2702,17463.0,0.2701,42736.6,0.2703,27027.5,0.2704,187115.7
1753503323940,04:15:23.940,ALGO/USDT:USDT,0.2702,17463.0,0.2701,42736.6,0.2703,27027.5,0.2704,187115.7
1753503324090,04:15:24.090,ALGO/USDT:USDT,0.2702,17463.0,0.2701,42736.6,0.2703,27027.5,0.2704,192917.4
1753503324390,04:15:24.390,ALGO/USDT:USDT,0.2702,17463.0,0.2701,42736.6,0.2703,27796.9,0.2704,201698.2
1753503324541,04:15:24.541,ALGO/USDT:USDT,0.2702,17463.0,0.2701,42736.6,0.2703,27796.9,0.2704,201698.2
1753503324841,04:15:24.841,ALGO/USDT:USDT,0.2702,17463.0,0.2701,42736.6,0.2703,27027.5,0.2704,201698.2
1753503324991,04:15:24.991,ALGO/USDT:USDT,0.2702,17463.0,0.2701,42736.6,0.2703,27027.5,0.2704,201698.2
1753503325141,04:15:25.141,ALGO/USDT:USDT,0.2702,17463.0,0.2701,42736.6,0.2703,27027.5,0.2704,201698.2
1753503325591,04:15:25.591,ALGO/USDT:USDT,0.2702,17463.0,0.2701,42736.6,0.2703,27027.5,0.2704,201698.2
1753503325891,04:15:25.891,ALGO/USDT:USDT,0.2702,17463.0,0.2701,42736.6,0.2703,27796.9,0.2704,201698.2
1753503326191,04:15:26.191,ALGO/USDT:USDT,0.2702,22494.5,0.2701,42736.6,0.2703,26927.5,0.2704,201698.2
1753503326342,04:15:26.342,ALGO/USDT:USDT,0.2702,21725.1,0.2701,42736.6,0.2703,26927.5,0.2704,201698.2
1753503326492,04:15:26.492,ALGO/USDT:USDT,0.2702,17463.0,0.2701,42736.6,0.2703,27696.9,0.2704,201698.2
1753503326792,04:15:26.792,ALGO/USDT:USDT,0.2702,17463.0,0.2701,42736.6,0.2703,27796.9,0.2704,201698.2
1753503326942,04:15:26.942,ALGO/USDT:USDT,0.2702,17463.0,0.2701,42736.6,0.2703,27796.9,0.2704,201698.2
1753503327092,04:15:27.092,ALGO/USDT:USDT,0.2702,17463.0,0.2701,42736.6,0.2703,27027.5,0.2704,201698.2
1753503327242,04:15:27.242,ALGO/USDT:USDT,0.2702,17463.0,0.2701,42736.6,0.2703,27796.9,0.2704,201698.2
1753503327392,04:15:27.392,ALGO/USDT:USDT,0.2702,17463.0,0.2701,42736.6,0.2703,27796.9,0.2704,201698.2
1753503327542,04:15:27.542,ALGO/USDT:USDT,0.2702,17463.0,0.2701,42736.6,0.2703,27796.9,0.2704,201698.2
1753503327993,04:15:27.993,ALGO/USDT:USDT,0.2702,17463.0,0.2701,42736.6,0.2703,27796.9,0.2704,201698.2
1753503328143,04:15:28.143,ALGO/USDT:USDT,0.2702,3463.0,0.2701,42736.6,0.2703,27796.9,0.2704,201698.2
1753503328293,04:15:28.293,ALGO/USDT:USDT,0.2702,3463.0,0.2701,42736.6,0.2703,27796.9,0.2704,200948.2
1753503328593,04:15:28.593,ALGO/USDT:USDT,0.2702,3463.0,0.2701,42736.6,0.2703,27027.5,0.2704,200948.2
1753503328743,04:15:28.743,ALGO/USDT:USDT,0.2702,17463.0,0.2701,42736.6,0.2703,27027.5,0.2704,200948.2
1753503328893,04:15:28.893,ALGO/USDT:USDT,0.2702,17463.0,0.2701,42736.6,0.2703,27027.5,0.2704,200948.2
1753503329193,04:15:29.193,ALGO/USDT:USDT,0.2702,17463.0,0.2701,42736.6,0.2703,27796.9,0.2704,200948.2
1753503329344,04:15:29.344,ALGO/USDT:USDT,0.2702,17463.0,0.2701,42736.6,0.2703,27796.9,0.2704,200948.2
1753503329494,04:15:29.494,ALGO/USDT:USDT,0.2702,17463.0,0.2701,42736.6,0.2703,27027.5,0.2704,200948.2
1753503329644,04:15:29.644,ALGO/USDT:USDT,0.2702,17463.0,0.2701,42736.6,0.2703,27027.5,0.2704,200948.2
1753503329794,04:15:29.794,ALGO/USDT:USDT,0.2702,17463.0,0.2701,42736.6,0.2703,27027.5,0.2704,200948.2
1753503330094,04:15:30.094,ALGO/USDT:USDT,0.2702,17463.0,0.2701,42736.6,0.2703,27027.5,0.2704,200948.2
1753503330244,04:15:30.244,ALGO/USDT:USDT,0.2702,17463.0,0.2701,42736.6,0.2703,27027.5,0.2704,200948.2
1753503330845,04:15:30.845,ALGO/USDT:USDT,0.2702,21725.1,0.2701,42736.6,0.2703,26927.5,0.2704,200948.2
1753503331145,04:15:31.145,ALGO/USDT:USDT,0.2702,22494.5,0.2701,42736.6,0.2703,12927.5,0.2704,200948.2
1753503331295,04:15:31.295,ALGO/USDT:USDT,0.2702,22494.5,0.2701,42736.6,0.2703,12927.5,0.2704,200948.2
1753503331445,04:15:31.445,ALGO/USDT:USDT,0.2702,17463.0,0.2701,42736.6,0.2703,12927.5,0.2704,200948.2
1753503331595,04:15:31.595,ALGO/USDT:USDT,0.2702,21725.1,0.2701,42736.6,0.2703,26967.5,0.2704,200948.2
1753503331745,04:15:31.745,ALGO/USDT:USDT,0.2702,21725.1,0.2701,42736.6,0.2703,26967.5,0.2704,200948.2
1753503331895,04:15:31.895,ALGO/USDT:USDT,0.2702,21725.1,0.2701,42736.6,0.2703,26927.5,0.2704,200948.2
1753503332345,04:15:32.345,ALGO/USDT:USDT,0.2702,21725.1,0.2701,42736.6,0.2703,26927.5,0.2704,200948.2
1753503332646,04:15:32.646,ALGO/USDT:USDT,0.2702,21725.1,0.2701,42736.6,0.2703,26927.5,0.2704,200948.2
1753503332946,04:15:32.946,ALGO/USDT:USDT,0.2702,21725.1,0.2701,42736.6,0.2703,26927.5,0.2704,200948.2
1753503333246,04:15:33.246,ALGO/USDT:USDT,0.2702,22494.5,0.2701,42736.6,0.2703,12927.5,0.2704,200948.2
1753503333396,04:15:33.396,ALGO/USDT:USDT,0.2702,22494.5,0.2701,42736.6,0.2703,11020.9,0.2704,200948.2
1753503333546,04:15:33.546,ALGO/USDT:USDT,0.2702,22494.5,0.2701,42736.6,0.2703,12927.5,0.2704,200948.2
1753503333696,04:15:33.696,ALGO/USDT:USDT,0.2702,21725.1,0.2701,42736.6,0.2703,26927.5,0.2704,200948.2
1753503333846,04:15:33.846,ALGO/USDT:USDT,0.2702,21725.1,0.2701,42736.6,0.2703,26927.5,0.2704,200948.2
1753503334297,04:15:34.297,ALGO/USDT:USDT,0.2702,21725.1,0.2701,42736.6,0.2703,26927.5,0.2704,200948.2
1753503334447,04:15:34.447,ALGO/USDT:USDT,0.2702,17463.0,0.2701,42736.6,0.2703,26927.5,0.2704,200948.2
1753503334747,04:15:34.747,ALGO/USDT:USDT,0.2702,21725.1,0.2701,42736.6,0.2703,26967.5,0.2704,200948.2
1753503334897,04:15:34.897,ALGO/USDT:USDT,0.2702,21725.1,0.2701,42736.6,0.2703,26927.5,0.2704,200948.2
1753503335047,04:15:35.047,ALGO/USDT:USDT,0.2702,22494.5,0.2701,42736.6,0.2703,12927.5,0.2704,200948.2
1753503335197,04:15:35.197,ALGO/USDT:USDT,0.2702,22494.5,0.2701,42736.6,0.2703,12927.5,0.2704,200948.2
1753503335648,04:15:35.648,ALGO/USDT:USDT,0.2702,21725.1,0.2701,42736.6,0.2703,26927.5,0.2704,200948.2
1753503335798,04:15:35.798,ALGO/USDT:USDT,0.2702,21725.1,0.2701,42736.6,0.2703,26927.5,0.2704,200948.2
1753503335948,04:15:35.948,ALGO/USDT:USDT,0.2702,17463.0,0.2701,42736.6,0.2703,26927.5,0.2704,200948.2
1753503336098,04:15:36.098,ALGO/USDT:USDT,0.2702,21725.1,0.2701,42736.6,0.2703,26927.5,0.2704,186365.7
1753503336248,04:15:36.248,ALGO/USDT:USDT,0.2702,21725.1,0.2701,42736.6,0.2703,26927.5,0.2704,186365.7
1753503336698,04:15:36.698,ALGO/USDT:USDT,0.2702,21725.1,0.2701,42736.6,0.2703,26927.5,0.2704,186365.7
1753503336848,04:15:36.848,ALGO/USDT:USDT,0.2702,21725.1,0.2701,42736.6,0.2703,26927.5,0.2704,186365.7
1753503336998,04:15:36.998,ALGO/USDT:USDT,0.2702,21725.1,0.2701,42736.6,0.2703,26927.5,0.2704,186365.7
1753503337298,04:15:37.298,ALGO/USDT:USDT,0.2702,22494.5,0.2701,42736.6,0.2703,26927.5,0.2704,186365.7
1753503337449,04:15:37.449,ALGO/USDT:USDT,0.2702,22494.5,0.2701,42736.6,0.2703,26927.5,0.2704,186365.7
1753503337749,04:15:37.749,ALGO/USDT:USDT,0.2702,21725.1,0.2701,42736.6,0.2703,26927.5,0.2704,186365.7
1753503337899,04:15:37.899,ALGO/USDT:USDT,0.2702,21725.1,0.2701,42736.6,0.2703,26927.5,0.2704,186365.7
1753503338049,04:15:38.049,ALGO/USDT:USDT,0.2702,17463.0,0.2701,42736.6,0.2703,27696.9,0.2704,186365.7
1753503338199,04:15:38.199,ALGO/USDT:USDT,0.2702,17463.0,0.2701,42736.6,0.2703,26927.5,0.2704,186365.7
1753503338349,04:15:38.349,ALGO/USDT:USDT,0.2702,21725.1,0.2701,42736.6,0.2703,26927.5,0.2704,186365.7
1753503338649,04:15:38.649,ALGO/USDT:USDT,0.2702,21725.1,0.2701,42736.6,0.2703,26927.5,0.2704,186365.7
1753503338799,04:15:38.799,ALGO/USDT:USDT,0.2702,21725.1,0.2701,42736.6,0.2703,26927.5,0.2704,186365.7
1753503338950,04:15:38.950,ALGO/USDT:USDT,0.2702,22494.5,0.2701,42736.6,0.2703,26927.5,0.2704,186365.7
1753503339250,04:15:39.250,ALGO/USDT:USDT,0.2702,21725.1,0.2701,42736.6,0.2703,26927.5,0.2704,186365.7
1753503339400,04:15:39.400,ALGO/USDT:USDT,0.2702,21725.1,0.2701,42736.6,0.2703,26927.5,0.2704,186365.7
1753503339550,04:15:39.550,ALGO/USDT:USDT,0.2702,21725.1,0.2701,42736.6,0.2703,26927.5,0.2704,186365.7
1753503339700,04:15:39.700,ALGO/USDT:USDT,0.2702,21725.1,0.2701,42736.6,0.2703,26927.5,0.2704,186365.7
1753503339850,04:15:39.850,ALGO/USDT:USDT,0.2702,21725.1,0.2701,42736.6,0.2703,26927.5,0.2704,186365.7
1753503340000,04:15:40.000,ALGO/USDT:USDT,0.2702,21725.1,0.2701,42736.6,0.2703,26927.5,0.2704,186365.7
1753503340300,04:15:40.300,ALGO/USDT:USDT,0.2702,21725.1,0.2701,42736.6,0.2703,26927.5,0.2704,186365.7
1753503340451,04:15:40.451,ALGO/USDT:USDT,0.2702,21725.1,0.2701,42736.6,0.2703,26927.5,0.2704,186365.7
1753503340601,04:15:40.601,ALGO/USDT:USDT,0.2702,21725.1,0.2701,42736.6,0.2703,26927.5,0.2704,186365.7
1753503340751,04:15:40.751,ALGO/USDT:USDT,0.2702,21725.1,0.2701,42736.6,0.2703,26927.5,0.2704,186365.7
1753503340901,04:15:40.901,ALGO/USDT:USDT,0.2702,21725.1,0.2701,42736.6,0.2703,26927.5,0.2704,186365.7
1753503341051,04:15:41.051,ALGO/USDT:USDT,0.2702,21725.1,0.2701,42736.6,0.2703,26927.5,0.2704,186365.7
1753503341201,04:15:41.201,ALGO/USDT:USDT,0.2702,21725.1,0.2701,42736.6,0.2703,26927.5,0.2704,186365.7
1753503341351,04:15:41.351,ALGO/USDT:USDT,0.2702,21725.1,0.2701,42736.6,0.2703,27696.9,0.2704,186365.7
1753503341801,04:15:41.801,ALGO/USDT:USDT,0.2702,21725.1,0.2701,42736.6,0.2703,26927.5,0.2704,186365.7
1753503341951,04:15:41.951,ALGO/USDT:USDT,0.2702,21725.1,0.2701,42736.6,0.2703,26927.5,0.2704,186365.7
1753503342102,04:15:42.102,ALGO/USDT:USDT,0.2702,21725.1,0.2701,42736.6,0.2703,26927.5,0.2704,186365.7
1753503342402,04:15:42.402,ALGO/USDT:USDT,0.2702,21725.1,0.2701,42736.6,0.2703,27696.9,0.2704,186365.7
1753503342852,04:15:42.852,ALGO/USDT:USDT,0.2702,21725.1,0.2701,42736.6,0.2703,27736.9,0.2704,186365.7
1753503343002,04:15:43.002,ALGO/USDT:USDT,0.2702,21725.1,0.2701,42736.6,0.2703,27736.9,0.2704,186365.7
1753503343152,04:15:43.152,ALGO/USDT:USDT,0.2702,21725.1,0.2701,42736.6,0.2703,26927.5,0.2704,186365.7
1753503343302,04:15:43.302,ALGO/USDT:USDT,0.2702,21725.1,0.2701,42736.6,0.2703,26927.5,0.2704,186365.7
1753503343452,04:15:43.452,ALGO/USDT:USDT,0.2702,21725.1,0.2701,42736.6,0.2703,26927.5,0.2704,186365.7
1753503343603,04:15:43.603,ALGO/USDT:USDT,0.2702,21725.1,0.2701,42736.6,0.2703,27696.9,0.2704,186365.7
1753503343753,04:15:43.753,ALGO/USDT:USDT,0.2702,3463.0,0.2701,42736.6,0.2703,27736.9,0.2704,186365.7
1753503343903,04:15:43.903,ALGO/USDT:USDT,0.2702,3463.0,0.2701,42736.6,0.2703,27736.9,0.2704,186365.7
1753503344203,04:15:44.203,ALGO/USDT:USDT,0.2702,3463.0,0.2701,42736.6,0.2703,27736.9,0.2704,186365.7
1753503344503,04:15:44.503,ALGO/USDT:USDT,0.2702,3463.0,0.2701,42736.6,0.2703,27736.9,0.2704,186365.7
1753503344653,04:15:44.653,ALGO/USDT:USDT,0.2702,17463.0,0.2701,42736.6,0.2703,27696.9,0.2704,186365.7
1753503344953,04:15:44.953,ALGO/USDT:USDT,0.2702,17463.0,0.2701,42736.6,0.2703,27796.9,0.2704,186365.7
1753503345104,04:15:45.104,ALGO/USDT:USDT,0.2702,17463.0,0.2701,42736.6,0.2703,27796.9,0.2704,186365.7
1753503345254,04:15:45.254,ALGO/USDT:USDT,0.2702,17463.0,0.2701,42736.6,0.2703,27796.9,0.2704,186365.7
1753503345404,04:15:45.404,ALGO/USDT:USDT,0.2702,17463.0,0.2701,42736.6,0.2703,27796.9,0.2704,186365.7
1753503345554,04:15:45.554,ALGO/USDT:USDT,0.2702,21725.1,0.2701,42736.6,0.2703,26927.5,0.2704,186365.7
1753503345704,04:15:45.704,ALGO/USDT:USDT,0.2702,21725.1,0.2701,42736.6,0.2703,26927.5,0.2704,186365.7
1753503346004,04:15:46.004,ALGO/USDT:USDT,0.2702,21725.1,0.2701,42736.6,0.2703,26927.5,0.2704,186365.7
1753503346304,04:15:46.304,ALGO/USDT:USDT,0.2702,21725.1,0.2701,42736.6,0.2703,26927.5,0.2704,186365.7
1753503346604,04:15:46.604,ALGO/USDT:USDT,0.2702,21725.1,0.2701,42736.6,0.2703,26927.5,0.2704,186365.7
1753503346755,04:15:46.755,ALGO/USDT:USDT,0.2702,21725.1,0.2701,42736.6,0.2703,26927.5,0.2704,186365.7
1753503346905,04:15:46.905,ALGO/USDT:USDT,0.2702,21725.1,0.2701,42736.6,0.2703,27696.9,0.2704,186365.7
1753503347055,04:15:47.055,ALGO/USDT:USDT,0.2702,21725.1,0.2701,42736.6,0.2703,27696.9,0.2704,186365.7
1753503347355,04:15:47.355,ALGO/USDT:USDT,0.2702,17463.0,0.2701,42736.6,0.2703,27696.9,0.2704,186365.7
1753503347505,04:15:47.505,ALGO/USDT:USDT,0.2702,21725.1,0.2701,42736.6,0.2703,26927.5,0.2704,186365.7
1753503347655,04:15:47.655,ALGO/USDT:USDT,0.2702,7725.1,0.2701,42736.6,0.2703,26927.5,0.2704,186365.7
1753503348105,04:15:48.105,ALGO/USDT:USDT,0.2701,25795.1,0.27,45485.3,0.2702,22084.1,0.2703,60265.5
1753503348556,04:15:48.556,ALGO/USDT:USDT,0.2701,26564.5,0.27,45485.3,0.2702,22084.1,0.2703,60635.6
1753503349006,04:15:49.006,ALGO/USDT:USDT,0.2702,1492.1,0.2701,29424.4,0.2703,44237.9,0.2704,178205.5
1753503349156,04:15:49.156,ALGO/USDT:USDT,0.2702,21769.5,0.2701,45602.6,0.2703,26927.5,0.2704,186371.4
1753503349606,04:15:49.606,ALGO/USDT:USDT,0.2702,25232.5,0.2701,45602.6,0.2703,26927.5,0.2704,186741.4
1753503349756,04:15:49.756,ALGO/USDT:USDT,0.2702,25232.5,0.2701,45602.6,0.2703,26927.5,0.2704,186741.4
1753503350057,04:15:50.057,ALGO/USDT:USDT,0.2702,3463.0,0.2701,42742.7,0.2703,26927.5,0.2704,187491.4
1753503350207,04:15:50.207,ALGO/USDT:USDT,0.2702,3463.0,0.2701,42742.7,0.2703,26927.5,0.2704,187121.4
1753503350657,04:15:50.657,ALGO/USDT:USDT,0.2702,17463.0,0.2701,42742.7,0.2703,26927.5,0.2704,187121.4
1753503351107,04:15:51.107,ALGO/USDT:USDT,0.2702,21725.1,0.2701,42742.7,0.2703,26927.5,0.2704,187121.4
1753503351408,04:15:51.408,ALGO/USDT:USDT,0.2702,21725.1,0.2701,42742.7,0.2703,26927.5,0.2704,187121.4
1753503351558,04:15:51.558,ALGO/USDT:USDT,0.2702,21725.1,0.2701,42742.7,0.2703,26927.5,0.2704,187121.4
1753503351858,04:15:51.858,ALGO/USDT:USDT,0.2702,3463.0,0.2701,42742.7,0.2703,27696.9,0.2704,187121.4
1753503352158,04:15:52.158,ALGO/USDT:USDT,0.2702,3463.0,0.2701,42742.7,0.2703,27696.9,0.2704,187121.4
1753503352308,04:15:52.308,ALGO/USDT:USDT,0.2702,3463.0,0.2701,42742.7,0.2703,27696.9,0.2704,187121.4
1753503352608,04:15:52.608,ALGO/USDT:USDT,0.2702,3463.0,0.2701,42742.7,0.2703,27696.9,0.2704,187121.4
1753503352908,04:15:52.908,ALGO/USDT:USDT,0.2702,3463.0,0.2701,42742.7,0.2703,31397.0,0.2704,187121.4
1753503353059,04:15:53.059,ALGO/USDT:USDT,0.2702,3463.0,0.2701,42742.7,0.2703,31397.0,0.2704,187121.4
1753503353209,04:15:53.209,ALGO/USDT:USDT,0.2702,3463.0,0.2701,42742.7,0.2703,31397.0,0.2704,187121.4
1753503353359,04:15:53.359,ALGO/USDT:USDT,0.2702,3463.0,0.2701,42742.7,0.2703,31397.0,0.2704,187121.4
1753503353509,04:15:53.509,ALGO/USDT:USDT,0.2702,3463.0,0.2701,42742.7,0.2703,31397.0,0.2704,187121.4
1753503353659,04:15:53.659,ALGO/USDT:USDT,0.2701,42742.7,0.27,28544.2,0.2703,31397.0,0.2704,187121.4
1753503353809,04:15:53.809,ALGO/USDT:USDT,0.2701,25795.1,0.27,45484.8,0.2702,11343.2,0.2703,31397.0
1753503354259,04:15:54.259,ALGO/USDT:USDT,0.2701,25795.1,0.27,45484.8,0.2702,30464.1,0.2703,47937.5
1753503354409,04:15:54.409,ALGO/USDT:USDT,0.2701,25795.1,0.27,45484.8,0.2702,30464.1,0.2703,47937.5
1753503354860,04:15:54.860,ALGO/USDT:USDT,0.2701,25795.1,0.27,45484.8,0.2702,30464.1,0.2703,47937.5
1753503355010,04:15:55.010,ALGO/USDT:USDT,0.2701,25795.1,0.27,45484.8,0.2702,30464.1,0.2703,47567.4
1753503355160,04:15:55.160,ALGO/USDT:USDT,0.2701,25795.1,0.27,45484.8,0.2702,30464.1,0.2703,47567.4
1753503355460,04:15:55.460,ALGO/USDT:USDT,0.2701,25795.1,0.27,45484.8,0.2702,30464.1,0.2703,47567.4
1753503355610,04:15:55.610,ALGO/USDT:USDT,0.2701,25795.1,0.27,45484.8,0.2702,30464.1,0.2703,47567.4
1753503355910,04:15:55.910,ALGO/USDT:USDT,0.2701,26564.5,0.27,45484.8,0.2702,30464.1,0.2703,47567.4
1753503356210,04:15:56.210,ALGO/USDT:USDT,0.27,29601.3,0.2699,13142.0,0.2701,31459.2,0.2702,76516.4
1753503356361,04:15:56.361,ALGO/USDT:USDT,0.27,25795.1,0.2699,44090.1,0.2701,31459.2,0.2702,93395.7
1753503356511,04:15:56.511,ALGO/USDT:USDT,0.27,25795.1,0.2699,44090.1,0.2701,31459.2,0.2702,93766.0
1753503356661,04:15:56.661,ALGO/USDT:USDT,0.27,21533.0,0.2699,44090.1,0.2701,32228.6,0.2702,204790.5
1753503356811,04:15:56.811,ALGO/USDT:USDT,0.27,21533.0,0.2699,44090.1,0.2701,32228.6,0.2702,204790.5
1753503357111,04:15:57.111,ALGO/USDT:USDT,0.27,5626.4,0.2699,44090.1,0.2701,34135.2,0.2702,204790.5
1753503357411,04:15:57.411,ALGO/USDT:USDT,0.27,5626.4,0.2699,42961.6,0.2701,34135.2,0.2702,204420.2
1753503357561,04:15:57.561,ALGO/USDT:USDT,0.27,5626.4,0.2699,42961.6,0.2701,34135.2,0.2702,204420.2
1753503357861,04:15:57.861,ALGO/USDT:USDT,0.27,5626.4,0.2699,42961.6,0.2701,34135.2,0.2702,204420.2
1753503358012,04:15:58.012,ALGO/USDT:USDT,0.27,5626.4,0.2699,42961.6,0.2701,34135.2,0.2702,204420.2
1753503358162,04:15:58.162,ALGO/USDT:USDT,0.2699,43608.8,0.2698,10975.9,0.2701,38992.2,0.2702,205175.2
1753503358612,04:15:58.612,ALGO/USDT:USDT,0.2699,30290.0,0.2698,27930.5,0.2701,38992.2,0.2702,205175.2
1753503358762,04:15:58.762,ALGO/USDT:USDT,0.2699,30290.0,0.2698,27930.5,0.2701,38992.2,0.2702,205175.2
1753503358912,04:15:58.912,ALGO/USDT:USDT,0.2699,30290.0,0.2698,27930.5,0.2701,38992.2,0.2702,205175.2
1753503359362,04:15:59.362,ALGO/USDT:USDT,0.2699,30290.0,0.2698,27930.5,0.2701,38992.2,0.2702,205175.2
1753503359513,04:15:59.513,ALGO/USDT:USDT,0.2699,30290.0,0.2698,27930.5,0.2701,38992.2,0.2702,205175.2
1753503359663,04:15:59.663,ALGO/USDT:USDT,0.2699,30290.0,0.2698,27930.5,0.2701,38992.2,0.2702,205175.2
1753503359813,04:15:59.813,ALGO/USDT:USDT,0.2699,30290.0,0.2698,27930.5,0.2701,38992.2,0.2702,205175.2
1753503359963,04:15:59.963,ALGO/USDT:USDT,0.27,3463.0,0.2699,30290.0,0.2701,38992.2,0.2702,205175.2
1753503360113,04:16:00.113,ALGO/USDT:USDT,0.27,23217.2,0.2699,46479.3,0.2701,38992.2,0.2702,205175.2
1753503360563,04:16:00.563,ALGO/USDT:USDT,0.27,23986.6,0.2699,46479.3,0.2701,38992.2,0.2702,205175.2
1753503360863,04:16:00.863,ALGO/USDT:USDT,0.27,23217.2,0.2699,46479.3,0.2701,38992.2,0.2702,205175.2
1753503361014,04:16:01.014,ALGO/USDT:USDT,0.27,23217.2,0.2699,46479.3,0.2701,38992.2,0.2702,205175.2
1753503361314,04:16:01.314,ALGO/USDT:USDT,0.27,9217.2,0.2699,46479.3,0.2701,38992.2,0.2702,205175.2
1753503361614,04:16:01.614,ALGO/USDT:USDT,0.27,7725.1,0.2699,46479.3,0.2701,38992.2,0.2702,205175.2
1753503361764,04:16:01.764,ALGO/USDT:USDT,0.27,7725.1,0.2699,46479.3,0.2701,38992.2,0.2702,205175.2
1753503361914,04:16:01.914,ALGO/USDT:USDT,0.27,7725.1,0.2699,46479.3,0.2701,38992.2,0.2702,205175.2
1753503362064,04:16:02.064,ALGO/USDT:USDT,0.27,7725.1,0.2699,46479.3,0.2701,38992.2,0.2702,205175.2
1753503362364,04:16:02.364,ALGO/USDT:USDT,0.27,21725.1,0.2699,46479.3,0.2701,38992.2,0.2702,205175.2
1753503362514,04:16:02.514,ALGO/USDT:USDT,0.27,21725.1,0.2699,46479.3,0.2701,38992.2,0.2702,205175.2
1753503362664,04:16:02.664,ALGO/USDT:USDT,0.27,21725.1,0.2699,46479.3,0.2701,38992.2,0.2702,205175.2
1753503362815,04:16:02.815,ALGO/USDT:USDT,0.27,21725.1,0.2699,46479.3,0.2701,38992.2,0.2702,205175.2
1753503362965,04:16:02.965,ALGO/USDT:USDT,0.27,21725.1,0.2699,46479.3,0.2701,38992.2,0.2702,205175.2
1753503363115,04:16:03.115,ALGO/USDT:USDT,0.27,21725.1,0.2699,46479.3,0.2701,38992.2,0.2702,205175.2
1753503363265,04:16:03.265,ALGO/USDT:USDT,0.27,21725.1,0.2699,46479.3,0.2701,38992.2,0.2702,205175.2
1753503363715,04:16:03.715,ALGO/USDT:USDT,0.27,7725.1,0.2699,46479.3,0.2701,38992.2,0.2702,204420.2
1753503364015,04:16:04.015,ALGO/USDT:USDT,0.27,7725.1,0.2699,46479.3,0.2701,38992.2,0.2702,204420.2
1753503364466,04:16:04.466,ALGO/USDT:USDT,0.27,21725.1,0.2699,46479.3,0.2701,36029.0,0.2702,204420.2
1753503364616,04:16:04.616,ALGO/USDT:USDT,0.27,21725.1,0.2699,46479.3,0.2701,36029.0,0.2702,204420.2
1753503364766,04:16:04.766,ALGO/USDT:USDT,0.27,21725.1,0.2699,46479.3,0.2701,36029.0,0.2702,204420.2
1753503365066,04:16:05.066,ALGO/USDT:USDT,0.27,21725.1,0.2699,46479.3,0.2701,36029.0,0.2702,204420.2
1753503365216,04:16:05.216,ALGO/USDT:USDT,0.27,21725.1,0.2699,46479.3,0.2701,36029.0,0.2702,204420.2
1753503365516,04:16:05.516,ALGO/USDT:USDT,0.27,21725.1,0.2699,46479.3,0.2701,36029.0,0.2702,204420.2
1753503365666,04:16:05.666,ALGO/USDT:USDT,0.27,21725.1,0.2699,46479.3,0.2701,36029.0,0.2702,204420.2
1753503365816,04:16:05.816,ALGO/USDT:USDT,0.27,21725.1,0.2699,46479.3,0.2701,36029.0,0.2702,204420.2
1753503365967,04:16:05.967,ALGO/USDT:USDT,0.27,21725.1,0.2699,46479.3,0.2701,36029.0,0.2702,204420.2
1753503366117,04:16:06.117,ALGO/USDT:USDT,0.27,21725.1,0.2699,46479.3,0.2701,36029.0,0.2702,204420.2
1753503366267,04:16:06.267,ALGO/USDT:USDT,0.27,21725.1,0.2699,46479.3,0.2701,36029.0,0.2702,204420.2
1753503366417,04:16:06.417,ALGO/USDT:USDT,0.27,7725.1,0.2699,46479.3,0.2701,36029.0,0.2702,204420.2
1753503366567,04:16:06.567,ALGO/USDT:USDT,0.27,3463.0,0.2699,46479.3,0.2701,36798.4,0.2702,204420.2
1753503366717,04:16:06.717,ALGO/USDT:USDT,0.27,3463.0,0.2699,46479.3,0.2701,36029.0,0.2702,204420.2
1753503367167,04:16:07.167,ALGO/USDT:USDT,0.27,3463.0,0.2699,46479.3,0.2701,36029.0,0.2702,204420.2
1753503367317,04:16:07.317,ALGO/USDT:USDT,0.27,19725.1,0.2699,46479.3,0.2701,36029.0,0.2702,204420.2
1753503367467,04:16:07.467,ALGO/USDT:USDT,0.27,19725.1,0.2699,46479.3,0.2701,36029.0,0.2702,204420.2
1753503367618,04:16:07.618,ALGO/USDT:USDT,0.27,19725.1,0.2699,46479.3,0.2701,36029.0,0.2702,204420.2
1753503367918,04:16:07.918,ALGO/USDT:USDT,0.27,19725.1,0.2699,46479.3,0.2701,36029.0,0.2702,204420.2
1753503368068,04:16:08.068,ALGO/USDT:USDT,0.27,19725.1,0.2699,46479.3,0.2701,36029.0,0.2702,204420.2
1753503368218,04:16:08.218,ALGO/USDT:USDT,0.27,19725.1,0.2699,46479.3,0.2701,36029.0,0.2702,204420.2
1753503368368,04:16:08.368,ALGO/USDT:USDT,0.27,3463.0,0.2699,46479.3,0.2701,36029.0,0.2702,204420.2
1753503368518,04:16:08.518,ALGO/USDT:USDT,0.27,3463.0,0.2699,46479.3,0.2701,36029.0,0.2702,204420.2
1753503368818,04:16:08.818,ALGO/USDT:USDT,0.27,3463.0,0.2699,46479.3,0.2701,36029.0,0.2702,204420.2
1753503368968,04:16:08.968,ALGO/USDT:USDT,0.27,3463.0,0.2699,46479.3,0.2701,36029.0,0.2702,204420.2
1753503369119,04:16:09.119,ALGO/USDT:USDT,0.27,3463.0,0.2699,46479.3,0.2701,36798.4,0.2702,219002.7
1753503369569,04:16:09.569,ALGO/USDT:USDT,0.27,3463.0,0.2699,29520.6,0.2701,36029.0,0.2702,219002.7
1753503369719,04:16:09.719,ALGO/USDT:USDT,0.2699,19127.7,0.2698,26049.2,0.27,2963.2,0.2701,40501.3
1753503369869,04:16:09.869,ALGO/USDT:USDT,0.27,3463.0,0.2699,24663.6,0.2701,50687.2,0.2702,157486.5
1753503370169,04:16:10.169,ALGO/USDT:USDT,0.27,22590.8,0.2699,25418.6,0.2701,77362.2,0.2702,174443.3
1753503370469,04:16:10.469,ALGO/USDT:USDT,0.27,22590.8,0.2699,25418.6,0.2701,77362.2,0.2702,174443.3
1753503370619,04:16:10.619,ALGO/USDT:USDT,0.27,22590.8,0.2699,30275.6,0.2701,77362.2,0.2702,174443.3
1753503370770,04:16:10.770,ALGO/USDT:USDT,0.27,22590.8,0.2699,30275.6,0.2701,77362.2,0.2702,174443.3
1753503370920,04:16:10.920,ALGO/USDT:USDT,0.27,22590.8,0.2699,30275.6,0.2701,77362.2,0.2702,174443.3
1753503371070,04:16:11.070,ALGO/USDT:USDT,0.27,22590.8,0.2699,30275.6,0.2701,77362.2,0.2702,174443.3
1753503371220,04:16:11.220,ALGO/USDT:USDT,0.27,22590.8,0.2699,30275.6,0.2701,77362.2,0.2702,174443.3
1753503371370,04:16:11.370,ALGO/USDT:USDT,0.27,22590.8,0.2699,30275.6,0.2701,77362.2,0.2702,174443.3
1753503371670,04:16:11.670,ALGO/USDT:USDT,0.27,22590.8,0.2699,30275.6,0.2701,77362.2,0.2702,174443.3
1753503372120,04:16:12.120,ALGO/USDT:USDT,0.27,22590.8,0.2699,30275.6,0.2701,77362.2,0.2702,174443.3
1753503372571,04:16:12.571,ALGO/USDT:USDT,0.27,18328.7,0.2699,30275.6,0.2701,77362.2,0.2702,174443.3
1753503372721,04:16:12.721,ALGO/USDT:USDT,0.27,18328.7,0.2699,30275.6,0.2701,78131.6,0.2702,174443.3
1753503373021,04:16:13.021,ALGO/USDT:USDT,0.27,18328.7,0.2699,30275.6,0.2701,78131.6,0.2702,174443.3
1753503373171,04:16:13.171,ALGO/USDT:USDT,0.27,18328.7,0.2699,30275.6,0.2701,78131.6,0.2702,174443.3
1753503373321,04:16:13.321,ALGO/USDT:USDT,0.27,18328.7,0.2699,30275.6,0.2701,77362.2,0.2702,174443.3
1753503373771,04:16:13.771,ALGO/USDT:USDT,0.27,22590.8,0.2699,30275.6,0.2701,63362.2,0.2702,174443.3
1753503373922,04:16:13.922,ALGO/USDT:USDT,0.27,22590.8,0.2699,30275.6,0.2701,63362.2,0.2702,174443.3
1753503374072,04:16:14.072,ALGO/USDT:USDT,0.27,22590.8,0.2699,30275.6,0.2701,63362.2,0.2702,174443.3
1753503374522,04:16:14.522,ALGO/USDT:USDT,0.27,22590.8,0.2699,30275.6,0.2701,63362.2,0.2702,174443.3
1753503374672,04:16:14.672,ALGO/USDT:USDT,0.27,4328.7,0.2699,30275.6,0.2701,63362.2,0.2702,174443.3
1753503374822,04:16:14.822,ALGO/USDT:USDT,0.27,4328.7,0.2699,30275.6,0.2701,64131.6,0.2702,174443.3
1753503374972,04:16:14.972,ALGO/USDT:USDT,0.27,4328.7,0.2699,30275.6,0.2701,63362.2,0.2702,174443.3
1753503375122,04:16:15.122,ALGO/USDT:USDT,0.27,4328.7,0.2699,30275.6,0.2701,63362.2,0.2702,174443.3
1753503375272,04:16:15.272,ALGO/USDT:USDT,0.27,22590.8,0.2699,29520.6,0.2701,63362.2,0.2702,174443.3
1753503375573,04:16:15.573,ALGO/USDT:USDT,0.27,23360.2,0.2699,29520.6,0.2701,63362.2,0.2702,174443.3
1753503375723,04:16:15.723,ALGO/USDT:USDT,0.27,22590.8,0.2699,29520.6,0.2701,63362.2,0.2702,174443.3
1753503375873,04:16:15.873,ALGO/USDT:USDT,0.27,22590.8,0.2699,29520.6,0.2701,63362.2,0.2702,174443.3
1753503376023,04:16:16.023,ALGO/USDT:USDT,0.27,22590.8,0.2699,29520.6,0.2701,63362.2,0.2702,174443.3
1753503376173,04:16:16.173,ALGO/USDT:USDT,0.27,22590.8,0.2699,29520.6,0.2701,78131.6,0.2702,174443.3
1753503376323,04:16:16.323,ALGO/USDT:USDT,0.27,22590.8,0.2699,29520.6,0.2701,78131.6,0.2702,174443.3
1753503376473,04:16:16.473,ALGO/USDT:USDT,0.27,22590.8,0.2699,29520.6,0.2701,77362.2,0.2702,174443.3
1753503376623,04:16:16.623,ALGO/USDT:USDT,0.27,22590.8,0.2699,29520.6,0.2701,77362.2,0.2702,174443.3
1753503376773,04:16:16.773,ALGO/USDT:USDT,0.27,22590.8,0.2699,29520.6,0.2701,78131.6,0.2702,174443.3
1753503376923,04:16:16.923,ALGO/USDT:USDT,0.27,22590.8,0.2699,29520.6,0.2701,78131.6,0.2702,174443.3
1753503377224,04:16:17.224,ALGO/USDT:USDT,0.27,22590.8,0.2699,29520.6,0.2701,78131.6,0.2702,174443.3
1753503377374,04:16:17.374,ALGO/USDT:USDT,0.27,22590.8,0.2699,29520.6,0.2701,77362.2,0.2702,174443.3
1753503377524,04:16:17.524,ALGO/USDT:USDT,0.27,22590.8,0.2699,29520.6,0.2701,77362.2,0.2702,174443.3
1753503377674,04:16:17.674,ALGO/USDT:USDT,0.27,22590.8,0.2699,29520.6,0.2701,77362.2,0.2702,174443.3
1753503377974,04:16:17.974,ALGO/USDT:USDT,0.27,22590.8,0.2699,29520.6,0.2701,78131.6,0.2702,174443.3
1753503378124,04:16:18.124,ALGO/USDT:USDT,0.27,22590.8,0.2699,29520.6,0.2701,78131.6,0.2702,174443.3
1753503378274,04:16:18.274,ALGO/USDT:USDT,0.27,22590.8,0.2699,29520.6,0.2701,78131.6,0.2702,174443.3
1753503378424,04:16:18.424,ALGO/USDT:USDT,0.27,22590.8,0.2699,29520.6,0.2701,78131.6,0.2702,174443.3
1753503378725,04:16:18.725,ALGO/USDT:USDT,0.27,18328.7,0.2699,29520.6,0.2701,77362.2,0.2702,174443.3
1753503379175,04:16:19.175,ALGO/USDT:USDT,0.2699,23888.5,0.2698,22668.7,0.27,33527.2,0.2701,95631.4
1753503379475,04:16:19.475,ALGO/USDT:USDT,0.2699,23888.5,0.2698,22668.7,0.27,33527.2,0.2701,111991.2
1753503379625,04:16:19.625,ALGO/USDT:USDT,0.2699,23888.5,0.2698,22668.7,0.27,33527.2,0.2701,111991.2
1753503379775,04:16:19.775,ALGO/USDT:USDT,0.2699,23888.5,0.2698,22668.7,0.27,33527.2,0.2701,111991.2
1753503379925,04:16:19.925,ALGO/USDT:USDT,0.2699,23888.5,0.2698,22668.7,0.27,33527.2,0.2701,111991.2
1753503380075,04:16:20.075,ALGO/USDT:USDT,0.2699,23888.5,0.2698,22668.7,0.27,33527.2,0.2701,111991.2
1753503380225,04:16:20.225,ALGO/USDT:USDT,0.2699,23888.5,0.2698,22668.7,0.27,33527.2,0.2701,111991.2
1753503380376,04:16:20.376,ALGO/USDT:USDT,0.2699,23888.5,0.2698,22668.7,0.27,33527.2,0.2701,111991.2
1753503380826,04:16:20.826,ALGO/USDT:USDT,0.2699,23888.5,0.2698,21913.7,0.27,33527.2,0.2701,111991.2
1753503380976,04:16:20.976,ALGO/USDT:USDT,0.2699,23888.5,0.2698,21913.7,0.27,33527.2,0.2701,111991.2
1753503381126,04:16:21.126,ALGO/USDT:USDT,0.2699,23888.5,0.2698,21913.7,0.27,33527.2,0.2701,111991.2
1753503381276,04:16:21.276,ALGO/USDT:USDT,0.2699,23888.5,0.2698,21913.7,0.27,33527.2,0.2701,111991.2
1753503381576,04:16:21.576,ALGO/USDT:USDT,0.2699,23888.5,0.2698,21913.7,0.27,33527.2,0.2701,111221.8
1753503381726,04:16:21.726,ALGO/USDT:USDT,0.2699,23888.5,0.2698,21913.7,0.27,33527.2,0.2701,111221.8
1753503381876,04:16:21.876,ALGO/USDT:USDT,0.2699,23888.5,0.2698,21913.7,0.27,33527.2,0.2701,111221.8
1753503382027,04:16:22.027,ALGO/USDT:USDT,0.2699,23888.5,0.2698,21913.7,0.27,33527.2,0.2701,111221.8
1753503382177,04:16:22.177,ALGO/USDT:USDT,0.2699,23888.5,0.2698,21913.7,0.27,33527.2,0.2701,111221.8
1753503382327,04:16:22.327,ALGO/USDT:USDT,0.2699,23888.5,0.2698,21913.7,0.27,33527.2,0.2701,111221.8
1753503382627,04:16:22.627,ALGO/USDT:USDT,0.2699,9888.5,0.2698,21913.7,0.27,34296.6,0.2701,111221.8
1753503382777,04:16:22.777,ALGO/USDT:USDT,0.2699,9888.5,0.2698,21913.7,0.27,33527.2,0.2701,111221.8
1753503382927,04:16:22.927,ALGO/USDT:USDT,0.2699,9888.5,0.2698,21913.7,0.27,33527.2,0.2701,111221.8
1753503383077,04:16:23.077,ALGO/USDT:USDT,0.2699,23888.5,0.2698,21913.7,0.27,33527.2,0.2701,111221.8
1753503383227,04:16:23.227,ALGO/USDT:USDT,0.2699,23888.5,0.2698,21913.7,0.27,33527.2,0.2701,111221.8
1753503383528,04:16:23.528,ALGO/USDT:USDT,0.2699,23888.5,0.2698,21913.7,0.27,33527.2,0.2701,111221.8
1753503383678,04:16:23.678,ALGO/USDT:USDT,0.2699,23888.5,0.2698,21913.7,0.27,33527.2,0.2701,111221.8
1753503383828,04:16:23.828,ALGO/USDT:USDT,0.2699,23888.5,0.2698,21913.7,0.27,33527.2,0.2701,111221.8
1753503383978,04:16:23.978,ALGO/USDT:USDT,0.2699,23888.5,0.2698,21913.7,0.27,33527.2,0.2701,111221.8
1753503384128,04:16:24.128,ALGO/USDT:USDT,0.2699,23888.5,0.2698,21913.7,0.27,33527.2,0.2701,111221.8
1753503384428,04:16:24.428,ALGO/USDT:USDT,0.2699,23888.5,0.2698,21913.7,0.27,33527.2,0.2701,111221.8
1753503384728,04:16:24.728,ALGO/USDT:USDT,0.2699,23888.5,0.2698,21913.7,0.27,33527.2,0.2701,111221.8
1753503384878,04:16:24.878,ALGO/USDT:USDT,0.2699,9888.5,0.2698,21913.7,0.27,34296.6,0.2701,111221.8
1753503385028,04:16:25.028,ALGO/USDT:USDT,0.2699,9888.5,0.2698,21913.7,0.27,34296.6,0.2701,111221.8
1753503385179,04:16:25.179,ALGO/USDT:USDT,0.2699,5626.4,0.2698,21913.7,0.27,34296.6,0.2701,111221.8
1753503385479,04:16:25.479,ALGO/USDT:USDT,0.2699,5626.4,0.2698,21913.7,0.27,34296.6,0.2701,111221.8
1753503385629,04:16:25.629,ALGO/USDT:USDT,0.2699,5626.4,0.2698,21913.7,0.27,34296.6,0.2701,111221.8
1753503385779,04:16:25.779,ALGO/USDT:USDT,0.2699,5626.4,0.2698,21913.7,0.27,34296.6,0.2701,111221.8
1753503385929,04:16:25.929,ALGO/USDT:USDT,0.2699,9888.5,0.2698,21913.7,0.27,33527.2,0.2701,111221.8
1753503386079,04:16:26.079,ALGO/USDT:USDT,0.2699,9888.5,0.2698,21913.7,0.27,33527.2,0.2701,111221.8
1753503386229,04:16:26.229,ALGO/USDT:USDT,0.2699,9888.5,0.2698,21913.7,0.27,33527.2,0.2701,111221.8
1753503386529,04:16:26.529,ALGO/USDT:USDT,0.2699,9888.5,0.2698,21913.7,0.27,29536.4,0.2701,111221.8
1753503386679,04:16:26.679,ALGO/USDT:USDT,0.2699,9888.5,0.2698,21913.7,0.27,29536.4,0.2701,111221.8
1753503386830,04:16:26.830,ALGO/USDT:USDT,0.2699,9888.5,0.2698,21913.7,0.27,29536.4,0.2701,111221.8
1753503387130,04:16:27.130,ALGO/USDT:USDT,0.2699,24657.9,0.2698,21913.7,0.27,29536.4,0.2701,111221.8
1753503387280,04:16:27.280,ALGO/USDT:USDT,0.2699,24657.9,0.2698,21913.7,0.27,29536.4,0.2701,111221.8
1753503387580,04:16:27.580,ALGO/USDT:USDT,0.2699,24657.9,0.2698,21913.7,0.2701,107518.9,0.2702,123031.2
1753503387880,04:16:27.880,ALGO/USDT:USDT,0.2699,24657.9,0.2698,21913.7,0.2701,77324.6,0.2702,156933.6
1753503388030,04:16:28.030,ALGO/USDT:USDT,0.2699,23915.3,0.2698,21913.7,0.2701,77324.6,0.2702,156933.6
1753503388331,04:16:28.331,ALGO/USDT:USDT,0.2699,23145.9,0.2698,21913.7,0.27,9367.7,0.2701,77324.6
1753503388481,04:16:28.481,ALGO/USDT:USDT,0.2699,23145.9,0.2698,21913.7,0.27,27629.8,0.2701,111988.7
1753503388781,04:16:28.781,ALGO/USDT:USDT,0.2699,23145.9,0.2698,21913.7,0.27,27629.8,0.2701,111219.3
1753503388931,04:16:28.931,ALGO/USDT:USDT,0.2699,23145.9,0.2698,21913.7,0.27,27629.8,0.2701,111219.3
1753503389081,04:16:29.081,ALGO/USDT:USDT,0.2699,23145.9,0.2698,21913.7,0.27,27629.8,0.2701,111219.3
1753503389231,04:16:29.231,ALGO/USDT:USDT,0.2699,23145.9,0.2698,21913.7,0.27,27629.8,0.2701,111219.3
1753503389381,04:16:29.381,ALGO/USDT:USDT,0.2699,23915.3,0.2698,21913.7,0.27,27629.8,0.2701,111219.3
1753503389681,04:16:29.681,ALGO/USDT:USDT,0.2699,23915.3,0.2698,21913.7,0.27,18262.1,0.2701,111219.3
1753503389982,04:16:29.982,ALGO/USDT:USDT,0.2699,23915.3,0.2698,21913.7,0.27,4262.1,0.2701,111219.3
1753503390132,04:16:30.132,ALGO/USDT:USDT,0.2699,23915.3,0.2698,21913.7,0.27,4262.1,0.2701,111219.3
1753503390282,04:16:30.282,ALGO/USDT:USDT,0.2699,23915.3,0.2698,21913.7,0.27,4262.1,0.2701,111219.3
1753503390582,04:16:30.582,ALGO/USDT:USDT,0.2699,23915.3,0.2698,21913.7,0.27,4262.1,0.2701,111219.3
1753503390732,04:16:30.732,ALGO/USDT:USDT,0.2699,23915.3,0.2698,21913.7,0.27,4262.1,0.2701,111219.3
1753503390882,04:16:30.882,ALGO/USDT:USDT,0.2699,23915.3,0.2698,21913.7,0.27,4262.1,0.2701,111219.3
1753503391032,04:16:31.032,ALGO/USDT:USDT,0.2699,23915.3,0.2698,21913.7,0.27,18262.1,0.2701,111219.3
1753503391332,04:16:31.332,ALGO/USDT:USDT,0.27,4323.6,0.2699,26775.2,0.2701,59620.9,0.2702,171514.7
1753503391633,04:16:31.633,ALGO/USDT:USDT,0.27,22585.7,0.2699,26775.2,0.2701,59620.9,0.2702,171885.0
1753503391783,04:16:31.783,ALGO/USDT:USDT,0.27,8585.7,0.2699,26775.2,0.2701,59620.9,0.2702,171885.0
1753503391933,04:16:31.933,ALGO/USDT:USDT,0.27,8585.7,0.2699,26775.2,0.2701,73620.9,0.2702,171885.0
1753503392533,04:16:32.533,ALGO/USDT:USDT,0.27,8585.7,0.2699,26775.2,0.2701,59620.9,0.2702,171514.7
1753503392833,04:16:32.833,ALGO/USDT:USDT,0.27,8585.7,0.2699,26775.2,0.2701,59620.9,0.2702,171514.7
1753503392983,04:16:32.983,ALGO/USDT:USDT,0.27,19122.7,0.2699,26775.2,0.2701,59620.9,0.2702,171514.7
1753503393134,04:16:33.134,ALGO/USDT:USDT,0.27,19122.7,0.2699,26775.2,0.2701,59620.9,0.2702,171514.7
1753503393434,04:16:33.434,ALGO/USDT:USDT,0.27,19892.1,0.2699,26005.8,0.2701,59620.9,0.2702,171514.7
1753503393734,04:16:33.734,ALGO/USDT:USDT,0.27,19122.7,0.2699,26005.8,0.2701,59620.9,0.2702,171514.7
1753503393884,04:16:33.884,ALGO/USDT:USDT,0.27,19892.1,0.2699,23783.6,0.2702,25344.0,0.2703,123925.2
1753503394034,04:16:34.034,ALGO/USDT:USDT,0.2701,5815.7,0.27,24865.1,0.2702,59623.0,0.2703,157814.2
1753503394484,04:16:34.484,ALGO/USDT:USDT,0.2701,16077.8,0.27,26771.7,0.2702,59623.0,0.2703,158184.4
1753503394635,04:16:34.635,ALGO/USDT:USDT,0.2701,16077.8,0.27,26771.7,0.2702,59623.0,0.2703,158184.4
1753503394785,04:16:34.785,ALGO/USDT:USDT,0.2701,16077.8,0.27,26771.7,0.2702,59623.0,0.2703,158184.4
1753503394935,04:16:34.935,ALGO/USDT:USDT,0.2701,16077.8,0.27,26771.7,0.2702,59623.0,0.2703,158184.4
1753503395235,04:16:35.235,ALGO/USDT:USDT,0.2701,16847.2,0.27,26002.3,0.2702,6485.2,0.2703,39895.2
1753503395385,04:16:35.385,ALGO/USDT:USDT,0.2701,18753.8,0.27,26002.3,0.2702,6485.2,0.2703,86864.1
1753503395535,04:16:35.535,ALGO/USDT:USDT,0.2701,18753.8,0.27,26002.3,0.2702,6485.2,0.2703,85392.7
1753503395685,04:16:35.685,ALGO/USDT:USDT,0.2701,18753.8,0.27,26002.3,0.2702,6485.2,0.2703,85392.7
1753503395835,04:16:35.835,ALGO/USDT:USDT,0.2701,18753.8,0.27,26002.3,0.2702,6485.2,0.2703,85392.7
1753503395985,04:16:35.985,ALGO/USDT:USDT,0.2701,18753.8,0.27,26002.3,0.2702,6485.2,0.2703,85392.7
1753503396135,04:16:36.135,ALGO/USDT:USDT,0.2701,18753.8,0.27,26002.3,0.2702,6485.2,0.2703,85392.7
1753503396286,04:16:36.286,ALGO/USDT:USDT,0.2701,18753.8,0.27,26002.3,0.2702,6485.2,0.2703,85392.7
1753503396436,04:16:36.436,ALGO/USDT:USDT,0.2701,18753.8,0.27,26002.3,0.2702,6485.2,0.2703,85392.7
1753503396586,04:16:36.586,ALGO/USDT:USDT,0.2701,18753.8,0.27,26002.3,0.2702,6485.2,0.2703,85392.7
1753503396736,04:16:36.736,ALGO/USDT:USDT,0.2701,18753.8,0.27,26002.3,0.2702,6485.2,0.2703,85392.7
1753503396886,04:16:36.886,ALGO/USDT:USDT,0.2701,26753.8,0.27,26002.3,0.2702,17485.2,0.2703,85392.7
1753503397186,04:16:37.186,ALGO/USDT:USDT,0.2701,25984.4,0.27,26002.3,0.2702,22516.7,0.2703,85392.7
1753503397336,04:16:37.336,ALGO/USDT:USDT,0.2701,10077.8,0.27,26002.3,0.2702,24423.3,0.2703,85392.7
1753503397486,04:16:37.486,ALGO/USDT:USDT,0.2701,5122.7,0.27,26002.3,0.2702,24423.3,0.2703,85392.7
1753503397636,04:16:37.636,ALGO/USDT:USDT,0.2701,5122.7,0.27,26002.3,0.2702,24423.3,0.2703,85392.7
1753503397787,04:16:37.787,ALGO/USDT:USDT,0.2701,5122.7,0.27,26002.3,0.2702,24423.3,0.2703,85392.7
1753503397937,04:16:37.937,ALGO/USDT:USDT,0.2701,5122.7,0.27,26002.3,0.2702,27423.3,0.2703,85392.7
1753503398087,04:16:38.087,ALGO/USDT:USDT,0.2701,860.6,0.27,26002.3,0.2702,27423.3,0.2703,85392.7
1753503398387,04:16:38.387,ALGO/USDT:USDT,0.2701,15463.0,0.27,26002.3,0.2702,26653.9,0.2703,85392.7
1753503398537,04:16:38.537,ALGO/USDT:USDT,0.2701,19725.1,0.27,26002.3,0.2702,26653.9,0.2703,85392.7
1753503398687,04:16:38.687,ALGO/USDT:USDT,0.2701,19725.1,0.27,26002.3,0.2702,26653.9,0.2703,85392.7
1753503398837,04:16:38.837,ALGO/USDT:USDT,0.2701,20494.5,0.27,26002.3,0.2702,24747.3,0.2703,85392.7
1753503398987,04:16:38.987,ALGO/USDT:USDT,0.2701,20494.5,0.27,26002.3,0.2702,24747.3,0.2703,84637.7
1753503399137,04:16:39.137,ALGO/USDT:USDT,0.2701,20494.5,0.27,26002.3,0.2702,26653.9,0.2703,84637.7
1753503399287,04:16:39.287,ALGO/USDT:USDT,0.2701,20494.5,0.27,26002.3,0.2702,24747.3,0.2703,84637.7
1753503399438,04:16:39.438,ALGO/USDT:USDT,0.2701,20494.5,0.27,26002.3,0.2702,24747.3,0.2703,84637.7
1753503399588,04:16:39.588,ALGO/USDT:USDT,0.2701,20494.5,0.27,26002.3,0.2702,24747.3,0.2703,84637.7
1753503399738,04:16:39.738,ALGO/USDT:USDT,0.2701,20494.5,0.27,26002.3,0.2702,24747.3,0.2703,84637.7
1753503399888,04:16:39.888,ALGO/USDT:USDT,0.2701,22494.5,0.27,26002.3,0.2702,24747.3,0.2703,84637.7
1753503400038,04:16:40.038,ALGO/USDT:USDT,0.2701,22494.5,0.27,26002.3,0.2702,21747.3,0.2703,84637.7
1753503400188,04:16:40.188,ALGO/USDT:USDT,0.2701,22494.5,0.27,26002.3,0.2702,21747.3,0.2703,84637.7
1753503400338,04:16:40.338,ALGO/USDT:USDT,0.2701,22494.5,0.27,26002.3,0.2702,21747.3,0.2703,84637.7
1753503400488,04:16:40.488,ALGO/USDT:USDT,0.2701,22494.5,0.27,26002.3,0.2702,21747.3,0.2703,84637.7
1753503400638,04:16:40.638,ALGO/USDT:USDT,0.2701,22494.5,0.27,26002.3,0.2702,21747.3,0.2703,84637.7
1753503400788,04:16:40.788,ALGO/USDT:USDT,0.2701,22494.5,0.27,26002.3,0.2702,21747.3,0.2703,84637.7
1753503400938,04:16:40.938,ALGO/USDT:USDT,0.2701,22494.5,0.27,26002.3,0.2702,21747.3,0.2703,84637.7
1753503401089,04:16:41.089,ALGO/USDT:USDT,0.2701,22494.5,0.27,26002.3,0.2702,21747.3,0.2703,84637.7
1753503401239,04:16:41.239,ALGO/USDT:USDT,0.2701,22494.5,0.27,26002.3,0.2702,21747.3,0.2703,84637.7
1753503401389,04:16:41.389,ALGO/USDT:USDT,0.2701,21725.1,0.27,26002.3,0.2702,21747.3,0.2703,84637.7
1753503401539,04:16:41.539,ALGO/USDT:USDT,0.2701,22494.5,0.27,26002.3,0.2702,21747.3,0.2703,84637.7
1753503401839,04:16:41.839,ALGO/USDT:USDT,0.2701,22494.5,0.27,26002.3,0.2702,21747.3,0.2703,84637.7
1753503402139,04:16:42.139,ALGO/USDT:USDT,0.2701,22494.5,0.27,26002.3,0.2702,10747.3,0.2703,90439.4
1753503402289,04:16:42.289,ALGO/USDT:USDT,0.2701,22494.5,0.27,26002.3,0.2702,10747.3,0.2703,90439.4
1753503402439,04:16:42.439,ALGO/USDT:USDT,0.2701,22494.5,0.27,26002.3,0.2702,10747.3,0.2703,90439.4
1753503402589,04:16:42.589,ALGO/USDT:USDT,0.2701,22494.5,0.27,26002.3,0.2702,10747.3,0.2703,90439.4
1753503402740,04:16:42.740,ALGO/USDT:USDT,0.2701,22494.5,0.27,26002.3,0.2702,10747.3,0.2703,90439.4
1753503402890,04:16:42.890,ALGO/USDT:USDT,0.2701,22494.5,0.27,26002.3,0.2702,10747.3,0.2703,90439.4
1753503403190,04:16:43.190,ALGO/USDT:USDT,0.2701,21725.1,0.27,26002.3,0.2702,10747.3,0.2703,90439.4
1753503403490,04:16:43.490,ALGO/USDT:USDT,0.2701,7725.1,0.27,26002.3,0.2702,12653.9,0.2703,90439.4
1753503403790,04:16:43.790,ALGO/USDT:USDT,0.2701,7725.1,0.27,26002.3,0.2702,13423.3,0.2703,90439.4
1753503403940,04:16:43.940,ALGO/USDT:USDT,0.2701,7725.1,0.27,26002.3,0.2702,26653.9,0.2703,90439.4
1753503404090,04:16:44.090,ALGO/USDT:USDT,0.2701,7725.1,0.27,26002.3,0.2702,27423.3,0.2703,90439.4
1753503404391,04:16:44.391,ALGO/USDT:USDT,0.27,26002.3,0.2699,26366.0,0.2701,27629.8,0.2702,60528.8
1753503404541,04:16:44.541,ALGO/USDT:USDT,0.27,21029.3,0.2699,25611.0,0.2701,27629.8,0.2702,63388.7
1753503404691,04:16:44.691,ALGO/USDT:USDT,0.27,21029.3,0.2699,24482.5,0.2701,27629.8,0.2702,63388.7
1753503404841,04:16:44.841,ALGO/USDT:USDT,0.27,7029.3,0.2699,24482.5,0.2701,27629.8,0.2702,174466.0
1753503404991,04:16:44.991,ALGO/USDT:USDT,0.27,10492.3,0.2699,24482.5,0.2701,27629.8,0.2702,174466.0
1753503405141,04:16:45.141,ALGO/USDT:USDT,0.27,10492.3,0.2699,24482.5,0.2701,27629.8,0.2702,174466.0
1753503405291,04:16:45.291,ALGO/USDT:USDT,0.27,10492.3,0.2699,24482.5,0.2701,27629.8,0.2702,174466.0
1753503405441,04:16:45.441,ALGO/USDT:USDT,0.27,10492.3,0.2699,24482.5,0.2701,33256.2,0.2702,174466.0
1753503405741,04:16:45.741,ALGO/USDT:USDT,0.27,10492.3,0.2699,24482.5,0.2701,33256.2,0.2702,174466.0
1753503406042,04:16:46.042,ALGO/USDT:USDT,0.27,24492.3,0.2699,24482.5,0.2701,33256.2,0.2702,174466.0
1753503406192,04:16:46.192,ALGO/USDT:USDT,0.27,24492.3,0.2699,24482.5,0.2701,33256.2,0.2702,174466.0
1753503406342,04:16:46.342,ALGO/USDT:USDT,0.27,24492.3,0.2699,24482.5,0.2701,33256.2,0.2702,174466.0
1753503406642,04:16:46.642,ALGO/USDT:USDT,0.27,24492.3,0.2699,24482.5,0.2701,34025.6,0.2702,174466.0
1753503406942,04:16:46.942,ALGO/USDT:USDT,0.27,24492.3,0.2699,24482.5,0.2701,81137.7,0.2702,174466.0
1753503407092,04:16:47.092,ALGO/USDT:USDT,0.27,10492.3,0.2699,24482.5,0.2701,81137.7,0.2702,174466.0
1753503407242,04:16:47.242,ALGO/USDT:USDT,0.27,10492.3,0.2699,24482.5,0.2701,34025.6,0.2702,221578.1
1753503407392,04:16:47.392,ALGO/USDT:USDT,0.27,10492.3,0.2699,24482.5,0.2701,33256.2,0.2702,221578.1
1753503407542,04:16:47.542,ALGO/USDT:USDT,0.27,10492.3,0.2699,24482.5,0.2701,33256.2,0.2702,221578.1
1753503407693,04:16:47.693,ALGO/USDT:USDT,0.27,11261.7,0.2699,24482.5,0.2701,19256.2,0.2702,110500.8
1753503407843,04:16:47.843,ALGO/USDT:USDT,0.27,25261.7,0.2699,24482.5,0.2701,9888.5,0.2702,110500.8
1753503408143,04:16:48.143,ALGO/USDT:USDT,0.27,25261.7,0.2699,24482.5,0.2701,9888.5,0.2702,110500.8
1753503408293,04:16:48.293,ALGO/USDT:USDT,0.27,24492.3,0.2699,24482.5,0.2701,10736.5,0.2702,110500.8
1753503408443,04:16:48.443,ALGO/USDT:USDT,0.27,24492.3,0.2699,24482.5,0.2701,10736.5,0.2702,110500.8
1753503408593,04:16:48.593,ALGO/USDT:USDT,0.27,24492.3,0.2699,24482.5,0.2701,10736.5,0.2702,110500.8
1753503408743,04:16:48.743,ALGO/USDT:USDT,0.27,24492.3,0.2699,24482.5,0.2701,24736.5,0.2702,110500.8
1753503408893,04:16:48.893,ALGO/USDT:USDT,0.27,24492.3,0.2699,24482.5,0.2701,24736.5,0.2702,110500.8
1753503409193,04:16:49.193,ALGO/USDT:USDT,0.27,24492.3,0.2699,24482.5,0.2701,24736.5,0.2702,110500.8
1753503409344,04:16:49.344,ALGO/USDT:USDT,0.27,24492.3,0.2699,24482.5,0.2701,24736.5,0.2702,110500.8
1753503409494,04:16:49.494,ALGO/USDT:USDT,0.27,24492.3,0.2699,24482.5,0.2701,24736.5,0.2702,110500.8
1753503409644,04:16:49.644,ALGO/USDT:USDT,0.27,24492.3,0.2699,24482.5,0.2701,24736.5,0.2702,110500.8
1753503409944,04:16:49.944,ALGO/USDT:USDT,0.27,24492.3,0.2699,24482.5,0.2701,24736.5,0.2702,110500.8
1753503410244,04:16:50.244,ALGO/USDT:USDT,0.27,24492.3,0.2699,24482.5,0.2701,24736.5,0.2702,110500.8
1753503410394,04:16:50.394,ALGO/USDT:USDT,0.27,24492.3,0.2699,24482.5,0.2701,24736.5,0.2702,110500.8
1753503410694,04:16:50.694,ALGO/USDT:USDT,0.27,24492.3,0.2699,24482.5,0.2701,24736.5,0.2702,110500.8
1753503410845,04:16:50.845,ALGO/USDT:USDT,0.27,24492.3,0.2699,24482.5,0.2701,24736.5,0.2702,110500.8
1753503410995,04:16:50.995,ALGO/USDT:USDT,0.27,24492.3,0.2699,24482.5,0.2701,24736.5,0.2702,110500.8
1753503411145,04:16:51.145,ALGO/USDT:USDT,0.27,24492.3,0.2699,24482.5,0.2701,24736.5,0.2702,116302.5
1753503411295,04:16:51.295,ALGO/USDT:USDT,0.27,24492.3,0.2699,24482.5,0.2701,24736.5,0.2702,116302.5
1753503411445,04:16:51.445,ALGO/USDT:USDT,0.27,24492.3,0.2699,24482.5,0.2701,24736.5,0.2702,116302.5
1753503411595,04:16:51.595,ALGO/USDT:USDT,0.27,24492.3,0.2699,24482.5,0.2701,24736.5,0.2702,116302.5
1753503411745,04:16:51.745,ALGO/USDT:USDT,0.27,24492.3,0.2699,24482.5,0.2701,24736.5,0.2702,116302.5
1753503412045,04:16:52.045,ALGO/USDT:USDT,0.27,24492.3,0.2699,24482.5,0.2701,24736.5,0.2702,116302.5
1753503412345,04:16:52.345,ALGO/USDT:USDT,0.27,24492.3,0.2699,24482.5,0.2701,24736.5,0.2702,116302.5
1753503412646,04:16:52.646,ALGO/USDT:USDT,0.27,24492.3,0.2699,24482.5,0.2701,24736.5,0.2702,116302.5
1753503413096,04:16:53.096,ALGO/USDT:USDT,0.27,10492.3,0.2699,24482.5,0.2701,24736.5,0.2702,116302.5
1753503413396,04:16:53.396,ALGO/USDT:USDT,0.27,10492.3,0.2699,24482.5,0.2701,24736.5,0.2702,116302.5
1753503413546,04:16:53.546,ALGO/USDT:USDT,0.27,10492.3,0.2699,24482.5,0.2701,24736.5,0.2702,116302.5
1753503413846,04:16:53.846,ALGO/USDT:USDT,0.27,24492.3,0.2699,24482.5,0.2701,24736.5,0.2702,116302.5
1753503413996,04:16:53.996,ALGO/USDT:USDT,0.27,24492.3,0.2699,24482.5,0.2701,24736.5,0.2702,116302.5
1753503414297,04:16:54.297,ALGO/USDT:USDT,0.27,25261.7,0.2699,24482.5,0.2701,24736.5,0.2702,116302.5
1753503414447,04:16:54.447,ALGO/USDT:USDT,0.27,25261.7,0.2699,24482.5,0.2701,24736.5,0.2702,116302.5
1753503414597,04:16:54.597,ALGO/USDT:USDT,0.27,25261.7,0.2699,24482.5,0.2701,24736.5,0.2702,116302.5
1753503414747,04:16:54.747,ALGO/USDT:USDT,0.27,25261.7,0.2699,24482.5,0.2701,24736.5,0.2702,116302.5
1753503415347,04:16:55.347,ALGO/USDT:USDT,0.27,24492.3,0.2699,24482.5,0.2701,24736.5,0.2702,116302.5
1753503415497,04:16:55.497,ALGO/USDT:USDT,0.27,24492.3,0.2699,24482.5,0.2701,24736.5,0.2702,116302.5
1753503415648,04:16:55.648,ALGO/USDT:USDT,0.27,24492.3,0.2699,24482.5,0.2701,24736.5,0.2702,116302.5
1753503415948,04:16:55.948,ALGO/USDT:USDT,0.27,24492.3,0.2699,24482.5,0.2701,24736.5,0.2702,116302.5
1753503416248,04:16:56.248,ALGO/USDT:USDT,0.27,24492.3,0.2699,24482.5,0.2701,24736.5,0.2702,116302.5
1753503416398,04:16:56.398,ALGO/USDT:USDT,0.27,24492.3,0.2699,24482.5,0.2701,24736.5,0.2702,116302.5
1753503416698,04:16:56.698,ALGO/USDT:USDT,0.27,24492.3,0.2699,24482.5,0.2701,24736.5,0.2702,116302.5
1753503416848,04:16:56.848,ALGO/USDT:USDT,0.27,24492.3,0.2699,24482.5,0.2701,24736.5,0.2702,116302.5
1753503416998,04:16:56.998,ALGO/USDT:USDT,0.27,24492.3,0.2699,24482.5,0.2701,24736.5,0.2702,116302.5
1753503417299,04:16:57.299,ALGO/USDT:USDT,0.27,24492.3,0.2699,24482.5,0.2701,24736.5,0.2702,116302.5
1753503417449,04:16:57.449,ALGO/USDT:USDT,0.27,24492.3,0.2699,24482.5,0.2701,24736.5,0.2702,116302.5
1753503417599,04:16:57.599,ALGO/USDT:USDT,0.27,25261.7,0.2699,24482.5,0.2701,24736.5,0.2702,116302.5
1753503417749,04:16:57.749,ALGO/USDT:USDT,0.27,25261.7,0.2699,24482.5,0.2701,24736.5,0.2702,116302.5
1753503417899,04:16:57.899,ALGO/USDT:USDT,0.27,25261.7,0.2699,24482.5,0.2701,24736.5,0.2702,116302.5
1753503418199,04:16:58.199,ALGO/USDT:USDT,0.27,25261.7,0.2699,24482.5,0.2701,10736.5,0.2702,116302.5
1753503418499,04:16:58.499,ALGO/USDT:USDT,0.27,25261.7,0.2699,24482.5,0.2701,10736.5,0.2702,116302.5
1753503418649,04:16:58.649,ALGO/USDT:USDT,0.27,25261.7,0.2699,24482.5,0.2701,10736.5,0.2702,116302.5
1753503418799,04:16:58.799,ALGO/USDT:USDT,0.27,25261.7,0.2699,24482.5,0.2701,10736.5,0.2702,116302.5
1753503418950,04:16:58.950,ALGO/USDT:USDT,0.27,25261.7,0.2699,24482.5,0.2701,10736.5,0.2702,116302.5
1753503419100,04:16:59.100,ALGO/USDT:USDT,0.27,25261.7,0.2699,24482.5,0.2701,10736.5,0.2702,116302.5
1753503419250,04:16:59.250,ALGO/USDT:USDT,0.27,25261.7,0.2699,24482.5,0.2701,10736.5,0.2702,116302.5
1753503419400,04:16:59.400,ALGO/USDT:USDT,0.27,25261.7,0.2699,24482.5,0.2701,10736.5,0.2702,116302.5
1753503419550,04:16:59.550,ALGO/USDT:USDT,0.27,25261.7,0.2699,24482.5,0.2701,10736.5,0.2702,116302.5
1753503419850,04:16:59.850,ALGO/USDT:USDT,0.27,25261.7,0.2699,24482.5,0.2701,23736.5,0.2702,116302.5
1753503420300,04:17:00.300,ALGO/USDT:USDT,0.27,25261.7,0.2699,24482.5,0.2701,10736.5,0.2702,116302.5
1753503420601,04:17:00.601,ALGO/USDT:USDT,0.27,25261.7,0.2699,24482.5,0.2702,90704.7,0.2703,114860.0
1753503420751,04:17:00.751,ALGO/USDT:USDT,0.2701,24067.8,0.27,25847.3,0.2702,73766.0,0.2703,148748.4
1753503421201,04:17:01.201,ALGO/USDT:USDT,0.2701,24837.2,0.27,21614.9,0.2702,73766.0,0.2703,148748.4
1753503421351,04:17:01.351,ALGO/USDT:USDT,0.2701,24837.2,0.27,21614.9,0.2702,73766.0,0.2703,148748.4
1753503421501,04:17:01.501,ALGO/USDT:USDT,0.2701,24837.2,0.27,21614.9,0.2702,73766.0,0.2703,148748.4
1753503421651,04:17:01.651,ALGO/USDT:USDT,0.2701,24837.2,0.27,21614.9,0.2702,73766.0,0.2703,148748.4
1753503421951,04:17:01.951,ALGO/USDT:USDT,0.2701,24837.2,0.27,21614.9,0.2702,73766.0,0.2703,148748.4
1753503422252,04:17:02.252,ALGO/USDT:USDT,0.2701,24837.2,0.27,21614.9,0.2702,73766.0,0.2703,148748.4
1753503422402,04:17:02.402,ALGO/USDT:USDT,0.2701,24067.8,0.27,21614.9,0.2702,73766.0,0.2703,148748.4
1753503422552,04:17:02.552,ALGO/USDT:USDT,0.2701,24067.8,0.27,21614.9,0.2702,73766.0,0.2703,148748.4
1753503423452,04:17:03.452,ALGO/USDT:USDT,0.2701,24067.8,0.27,21614.9,0.2702,59766.0,0.2703,148748.4
1753503423903,04:17:03.903,ALGO/USDT:USDT,0.2701,24067.8,0.27,21614.9,0.2702,59766.0,0.2703,148748.4
1753503424353,04:17:04.353,ALGO/USDT:USDT,0.2701,3463.0,0.27,21614.9,0.2702,60535.4,0.2703,148748.4
1753503424503,04:17:04.503,ALGO/USDT:USDT,0.2701,3463.0,0.27,21614.9,0.2702,60535.4,0.2703,148748.4
1753503425103,04:17:05.103,ALGO/USDT:USDT,0.2701,14463.0,0.27,21614.9,0.2702,74535.4,0.2703,148748.4
1753503425254,04:17:05.254,ALGO/USDT:USDT,0.2701,14463.0,0.27,21614.9,0.2702,74535.4,0.2703,148748.4
1753503425854,04:17:05.854,ALGO/USDT:USDT,0.27,21614.9,0.2699,27399.3,0.2701,31115.7,0.2702,120259.2
1753503426004,04:17:06.004,ALGO/USDT:USDT,0.27,21614.9,0.2699,27399.3,0.2701,31885.1,0.2702,120259.2
1753503426604,04:17:06.604,ALGO/USDT:USDT,0.27,21614.9,0.2699,27399.3,0.2701,31115.7,0.2702,120259.2
1753503427055,04:17:07.055,ALGO/USDT:USDT,0.27,21614.9,0.2699,27399.3,0.2701,31115.7,0.2702,119888.9
1753503427205,04:17:07.205,ALGO/USDT:USDT,0.27,21614.9,0.2699,27399.3,0.2701,31115.7,0.2702,119888.9
1753503427355,04:17:07.355,ALGO/USDT:USDT,0.27,21614.9,0.2699,27399.3,0.2701,28092.8,0.2702,66335.3
1753503427655,04:17:07.655,ALGO/USDT:USDT,0.27,21614.9,0.2699,27399.3,0.2701,28092.8,0.2702,110465.7
1753503427805,04:17:07.805,ALGO/USDT:USDT,0.27,21614.9,0.2699,27399.3,0.2701,13629.8,0.2702,110465.7
1753503428105,04:17:08.105,ALGO/USDT:USDT,0.27,21614.9,0.2699,27399.3,0.2702,73712.6,0.2703,149511.6
1753503428255,04:17:08.255,ALGO/USDT:USDT,0.27,21614.9,0.2699,27399.3,0.2702,74482.0,0.2703,149511.6
1753503428406,04:17:08.406,ALGO/USDT:USDT,0.27,21614.9,0.2699,27399.3,0.2702,74482.0,0.2703,149511.6
1753503428556,04:17:08.556,ALGO/USDT:USDT,0.27,21614.9,0.2699,27399.3,0.2702,74482.0,0.2703,149511.6
1753503428706,04:17:08.706,ALGO/USDT:USDT,0.27,21614.9,0.2699,27399.3,0.2702,74482.0,0.2703,149511.6
1753503428856,04:17:08.856,ALGO/USDT:USDT,0.27,21614.9,0.2699,27399.3,0.2702,74482.0,0.2703,149511.6
1753503429006,04:17:09.006,ALGO/USDT:USDT,0.27,21614.9,0.2699,27399.3,0.2702,74482.0,0.2703,149511.6
1753503429456,04:17:09.456,ALGO/USDT:USDT,0.27,21614.9,0.2699,27399.3,0.2702,74482.0,0.2703,149511.6
1753503429606,04:17:09.606,ALGO/USDT:USDT,0.27,21614.9,0.2699,27399.3,0.2702,74482.0,0.2703,149511.6
1753503429756,04:17:09.756,ALGO/USDT:USDT,0.27,21614.9,0.2699,27399.3,0.2702,74482.0,0.2703,149511.6
1753503430057,04:17:10.057,ALGO/USDT:USDT,0.27,21614.9,0.2699,27399.3,0.2701,19096.1,0.2702,73712.6
1753503430357,04:17:10.357,ALGO/USDT:USDT,0.27,21614.9,0.2699,27399.3,0.2701,19096.1,0.2702,107609.7
1753503430507,04:17:10.507,ALGO/USDT:USDT,0.27,21614.9,0.2699,27399.3,0.2701,19096.1,0.2702,107609.7
1753503430657,04:17:10.657,ALGO/USDT:USDT,0.27,21614.9,0.2699,27399.3,0.2701,19096.1,0.2702,107609.7
1753503430807,04:17:10.807,ALGO/USDT:USDT,0.27,21614.9,0.2699,27399.3,0.2701,19096.1,0.2702,107609.7
1753503430957,04:17:10.957,ALGO/USDT:USDT,0.27,21614.9,0.2699,27399.3,0.2701,19096.1,0.2702,107609.7
1753503431107,04:17:11.107,ALGO/USDT:USDT,0.27,21614.9,0.2699,27399.3,0.2701,19096.1,0.2702,107609.7
1753503431257,04:17:11.257,ALGO/USDT:USDT,0.27,21614.9,0.2699,27399.3,0.2701,19096.1,0.2702,107609.7
1753503431407,04:17:11.407,ALGO/USDT:USDT,0.27,21614.9,0.2699,27399.3,0.2701,19096.1,0.2702,107609.7
1753503431557,04:17:11.557,ALGO/USDT:USDT,0.27,21614.9,0.2699,27399.3,0.2701,19096.1,0.2702,107609.7
1753503431858,04:17:11.858,ALGO/USDT:USDT,0.27,21614.9,0.2699,27399.3,0.2701,19096.1,0.2702,107609.7
1753503432008,04:17:12.008,ALGO/USDT:USDT,0.27,21614.9,0.2699,27399.3,0.2701,19096.1,0.2702,107609.7
1753503432158,04:17:12.158,ALGO/USDT:USDT,0.27,21614.9,0.2699,27399.3,0.2701,19096.1,0.2702,107609.7
1753503432308,04:17:12.308,ALGO/USDT:USDT,0.27,22384.3,0.2699,27399.3,0.2701,19096.1,0.2702,107609.7
1753503433058,04:17:13.058,ALGO/USDT:USDT,0.27,21614.9,0.2699,27399.3,0.2701,4262.1,0.2702,107609.7
1753503433209,04:17:13.209,ALGO/USDT:USDT,0.27,21614.9,0.2699,27399.3,0.2701,4262.1,0.2702,107609.7
1753503433359,04:17:13.359,ALGO/USDT:USDT,0.27,21614.9,0.2699,27399.3,0.2701,4262.1,0.2702,107609.7
1753503433509,04:17:13.509,ALGO/USDT:USDT,0.27,21614.9,0.2699,27399.3,0.2701,4262.1,0.2702,107609.7
1753503433659,04:17:13.659,ALGO/USDT:USDT,0.27,22384.3,0.2699,27399.3,0.2702,107609.7,0.2703,121416.7
1753503433809,04:17:13.809,ALGO/USDT:USDT,0.2701,14834.0,0.27,21614.9,0.2702,73712.6,0.2703,155330.4
1753503433959,04:17:13.959,ALGO/USDT:USDT,0.2701,14834.0,0.27,21614.9,0.2702,73712.6,0.2703,155330.4
1753503434109,04:17:14.109,ALGO/USDT:USDT,0.2701,834.0,0.27,21614.9,0.2702,73712.6,0.2703,155330.4
1753503434259,04:17:14.259,ALGO/USDT:USDT,0.2701,834.0,0.27,21614.9,0.2702,74482.0,0.2703,155330.4
1753503434559,04:17:14.559,ALGO/USDT:USDT,0.2701,834.0,0.27,21614.9,0.2702,74482.0,0.2703,155330.4
1753503434709,04:17:14.709,ALGO/USDT:USDT,0.2701,834.0,0.27,21614.9,0.2702,74482.0,0.2703,155330.4
1753503434860,04:17:14.860,ALGO/USDT:USDT,0.2701,834.0,0.27,21614.9,0.2702,73712.6,0.2703,155330.4
1753503435010,04:17:15.010,ALGO/USDT:USDT,0.2701,834.0,0.27,21614.9,0.2702,73712.6,0.2703,155330.4
1753503435160,04:17:15.160,ALGO/USDT:USDT,0.2701,834.0,0.27,21614.9,0.2702,73712.6,0.2703,155330.4
1753503435310,04:17:15.310,ALGO/USDT:USDT,0.2701,834.0,0.27,21614.9,0.2702,73712.6,0.2703,155330.4
1753503435460,04:17:15.460,ALGO/USDT:USDT,0.2701,14834.0,0.27,21614.9,0.2702,73712.6,0.2703,155330.4
1753503435610,04:17:15.610,ALGO/USDT:USDT,0.2701,14834.0,0.27,21614.9,0.2702,73712.6,0.2703,155330.4
1753503435910,04:17:15.910,ALGO/USDT:USDT,0.2701,19096.1,0.27,21614.9,0.2702,73712.6,0.2703,155330.4
1753503436060,04:17:16.060,ALGO/USDT:USDT,0.2701,19096.1,0.27,21614.9,0.2702,73712.6,0.2703,155330.4
1753503436511,04:17:16.511,ALGO/USDT:USDT,0.2701,834.0,0.27,21614.9,0.2702,74482.0,0.2703,155325.4
1753503436811,04:17:16.811,ALGO/USDT:USDT,0.2701,834.0,0.27,21614.9,0.2702,74482.0,0.2703,155325.4
1753503436961,04:17:16.961,ALGO/USDT:USDT,0.2701,834.0,0.27,21614.9,0.2702,73712.6,0.2703,155325.4
1753503437261,04:17:17.261,ALGO/USDT:USDT,0.2701,834.0,0.27,21614.9,0.2702,73712.6,0.2703,155325.4
1753503437561,04:17:17.561,ALGO/USDT:USDT,0.2701,4297.0,0.27,21614.9,0.2702,73712.6,0.2703,155325.4
1753503437711,04:17:17.711,ALGO/USDT:USDT,0.2701,4297.0,0.27,21614.9,0.2702,73712.6,0.2703,155325.4
1753503437861,04:17:17.861,ALGO/USDT:USDT,0.2701,4297.0,0.27,21614.9,0.2702,73712.6,0.2703,155325.4
1753503438011,04:17:18.011,ALGO/USDT:USDT,0.2701,4297.0,0.27,21614.9,0.2702,73712.6,0.2703,155325.4
1753503438162,04:17:18.162,ALGO/USDT:USDT,0.2701,4297.0,0.27,21614.9,0.2702,73712.6,0.2703,155325.4
1753503438312,04:17:18.312,ALGO/USDT:USDT,0.2701,4297.0,0.27,21614.9,0.2702,73712.6,0.2703,155325.4
1753503438612,04:17:18.612,ALGO/USDT:USDT,0.2701,4297.0,0.27,21614.9,0.2702,73712.6,0.2703,155325.4
1753503438762,04:17:18.762,ALGO/USDT:USDT,0.2701,4297.0,0.27,21614.9,0.2702,73712.6,0.2703,155325.4
1753503439662,04:17:19.662,ALGO/USDT:USDT,0.2701,4297.0,0.27,21614.9,0.2702,73712.6,0.2703,155325.4
1753503439813,04:17:19.813,ALGO/USDT:USDT,0.2701,4297.0,0.27,21614.9,0.2702,73712.6,0.2703,155325.4
1753503440113,04:17:20.113,ALGO/USDT:USDT,0.2701,4297.0,0.27,21614.9,0.2702,73712.6,0.2703,155325.4
1753503440263,04:17:20.263,ALGO/USDT:USDT,0.2701,4297.0,0.27,21614.9,0.2702,73712.6,0.2703,155325.4
1753503440413,04:17:20.413,ALGO/USDT:USDT,0.2701,4297.0,0.27,21614.9,0.2702,73712.6,0.2703,155325.4
1753503440713,04:17:20.713,ALGO/USDT:USDT,0.27,19708.3,0.2699,27399.3,0.2702,76572.5,0.2703,149523.7
1753503440863,04:17:20.863,ALGO/USDT:USDT,0.27,21614.9,0.2699,27399.3,0.2701,8252.9,0.2702,73712.6
1753503441163,04:17:21.163,ALGO/USDT:USDT,0.27,21614.9,0.2699,27399.3,0.2701,8252.9,0.2702,107629.6
1753503441313,04:17:21.313,ALGO/USDT:USDT,0.27,21614.9,0.2699,27399.3,0.2701,8252.9,0.2702,107629.6
1753503441614,04:17:21.614,ALGO/USDT:USDT,0.27,21614.9,0.2699,27399.3,0.2701,6237.6,0.2702,107629.6
1753503441914,04:17:21.914,ALGO/USDT:USDT,0.2701,6237.6,0.27,22384.3,0.2702,93629.6,0.2703,115615.0
1753503442064,04:17:22.064,ALGO/USDT:USDT,0.2701,18499.7,0.27,22384.3,0.2702,59712.6,0.2703,132581.9
1753503442214,04:17:22.214,ALGO/USDT:USDT,0.2701,22732.1,0.27,21614.9,0.2702,59712.6,0.2703,149547.1
1753503442364,04:17:22.364,ALGO/USDT:USDT,0.2701,21962.7,0.27,21614.9,0.2702,59712.6,0.2703,149547.1
1753503442664,04:17:22.664,ALGO/USDT:USDT,0.2701,21962.7,0.27,21614.9,0.2702,59712.6,0.2703,149547.1
1753503442814,04:17:22.814,ALGO/USDT:USDT,0.2701,22732.1,0.27,21614.9,0.2702,59712.6,0.2703,149547.1
1753503442964,04:17:22.964,ALGO/USDT:USDT,0.2701,22732.1,0.27,21614.9,0.2702,59712.6,0.2703,149547.1
1753503443265,04:17:23.265,ALGO/USDT:USDT,0.2701,22732.1,0.27,21614.9,0.2702,59712.6,0.2703,149547.1
1753503443415,04:17:23.415,ALGO/USDT:USDT,0.2701,22732.1,0.27,21614.9,0.2702,59712.6,0.2703,149547.1
1753503443565,04:17:23.565,ALGO/USDT:USDT,0.2701,22732.1,0.27,21614.9,0.2702,59712.6,0.2703,149547.1
1753503443715,04:17:23.715,ALGO/USDT:USDT,0.2701,22732.1,0.27,21614.9,0.2702,59712.6,0.2703,149547.1
1753503443865,04:17:23.865,ALGO/USDT:USDT,0.2701,22732.1,0.27,21614.9,0.2702,59712.6,0.2703,149547.1
1753503444015,04:17:24.015,ALGO/USDT:USDT,0.2701,21962.7,0.27,21614.9,0.2702,59712.6,0.2703,149547.1
1753503444165,04:17:24.165,ALGO/USDT:USDT,0.2701,21962.7,0.27,21614.9,0.2702,59712.6,0.2703,149547.1
1753503444315,04:17:24.315,ALGO/USDT:USDT,0.2701,21962.7,0.27,21614.9,0.2702,59712.6,0.2703,149547.1
1753503444465,04:17:24.465,ALGO/USDT:USDT,0.2701,21962.7,0.27,21614.9,0.2702,73712.6,0.2703,149547.1
1753503444615,04:17:24.615,ALGO/USDT:USDT,0.2701,21962.7,0.27,21614.9,0.2702,73712.6,0.2703,149547.1
1753503444766,04:17:24.766,ALGO/USDT:USDT,0.27,21614.9,0.2699,27399.3,0.2702,74482.0,0.2703,149547.1
1753503445066,04:17:25.066,ALGO/USDT:USDT,0.2701,857.6,0.27,22384.3,0.2702,93638.8,0.2703,115615.0
1753503445966,04:17:25.966,ALGO/USDT:USDT,0.2701,14857.6,0.27,21614.9,0.2702,74482.0,0.2703,149541.2
1753503446116,04:17:26.116,ALGO/USDT:USDT,0.2701,14857.6,0.27,21614.9,0.2702,74482.0,0.2703,149541.2
1753503446266,04:17:26.266,ALGO/USDT:USDT,0.2701,14857.6,0.27,21614.9,0.2702,74482.0,0.2703,149541.2
1753503446417,04:17:26.417,ALGO/USDT:USDT,0.2701,14857.6,0.27,21614.9,0.2702,74482.0,0.2703,149541.2
1753503446567,04:17:26.567,ALGO/USDT:USDT,0.2701,14000.0,0.27,21614.9,0.2702,74482.0,0.2703,149536.2
1753503446717,04:17:26.717,ALGO/USDT:USDT,0.2701,14000.0,0.27,21614.9,0.2702,73712.6,0.2703,149536.2
1753503446867,04:17:26.867,ALGO/USDT:USDT,0.27,21614.9,0.2699,27399.3,0.2702,73712.6,0.2703,149536.2
1753503447317,04:17:27.317,ALGO/USDT:USDT,0.27,21614.9,0.2699,33395.9,0.2701,20252.9,0.2702,107640.9
1753503447617,04:17:27.617,ALGO/USDT:USDT,0.27,21614.9,0.2699,33395.9,0.2701,20252.9,0.2702,107640.9
1753503447767,04:17:27.767,ALGO/USDT:USDT,0.27,21614.9,0.2699,33395.9,0.2701,20252.9,0.2702,107640.9
1753503448218,04:17:28.218,ALGO/USDT:USDT,0.27,21614.9,0.2699,33395.9,0.2701,20252.9,0.2702,107640.9
1753503448368,04:17:28.368,ALGO/USDT:USDT,0.27,21614.9,0.2699,33395.9,0.2701,20252.9,0.2702,107640.9
1753503448668,04:17:28.668,ALGO/USDT:USDT,0.27,21614.9,0.2699,33395.9,0.2701,20252.9,0.2702,107640.9
1753503448968,04:17:28.968,ALGO/USDT:USDT,0.27,21614.9,0.2699,33395.9,0.2701,20252.9,0.2702,107640.9
1753503449268,04:17:29.268,ALGO/USDT:USDT,0.27,21614.9,0.2699,33395.9,0.2701,20252.9,0.2702,107640.9
1753503449568,04:17:29.568,ALGO/USDT:USDT,0.27,21614.9,0.2699,33395.9,0.2701,20252.9,0.2702,107640.9
1753503449719,04:17:29.719,ALGO/USDT:USDT,0.27,21614.9,0.2699,33395.9,0.2701,20252.9,0.2702,107640.9
1753503450019,04:17:30.019,ALGO/USDT:USDT,0.27,21614.9,0.2699,33395.9,0.2701,20252.9,0.2702,107640.9
1753503450169,04:17:30.169,ALGO/USDT:USDT,0.27,21614.9,0.2699,33395.9,0.2701,20252.9,0.2702,107640.9
1753503450469,04:17:30.469,ALGO/USDT:USDT,0.2701,14834.7,0.27,22384.3,0.2702,59712.6,0.2703,164135.9
1753503450769,04:17:30.769,ALGO/USDT:USDT,0.2701,19096.8,0.27,22384.3,0.2702,59712.6,0.2703,164135.9
1753503450919,04:17:30.919,ALGO/USDT:USDT,0.2701,19866.2,0.27,21614.9,0.2702,59712.6,0.2703,164135.9
1753503451069,04:17:31.069,ALGO/USDT:USDT,0.2701,19096.8,0.27,21614.9,0.2702,59712.6,0.2703,164135.9
1753503451519,04:17:31.519,ALGO/USDT:USDT,0.2701,19096.8,0.27,21614.9,0.2702,59712.6,0.2703,164135.9
1753503451670,04:17:31.670,ALGO/USDT:USDT,0.2701,19096.8,0.27,21614.9,0.2702,59712.6,0.2703,164135.9
1753503451970,04:17:31.970,ALGO/USDT:USDT,0.2701,19866.2,0.27,21614.9,0.2702,59712.6,0.2703,164135.9
1753503452120,04:17:32.120,ALGO/USDT:USDT,0.2701,19866.2,0.27,21614.9,0.2702,59712.6,0.2703,164135.9
1753503452270,04:17:32.270,ALGO/USDT:USDT,0.2701,19866.2,0.27,21614.9,0.2702,54086.2,0.2703,164514.3
1753503452420,04:17:32.420,ALGO/USDT:USDT,0.2701,19866.2,0.27,21614.9,0.2702,53227.4,0.2703,164514.3
1753503452570,04:17:32.570,ALGO/USDT:USDT,0.2701,19866.2,0.27,21614.9,0.2702,53227.4,0.2703,164514.3
1753503452720,04:17:32.720,ALGO/USDT:USDT,0.2701,19096.8,0.27,21614.9,0.2702,53227.4,0.2703,164514.3
1753503452870,04:17:32.870,ALGO/USDT:USDT,0.2701,19096.8,0.27,21614.9,0.2702,53227.4,0.2703,164514.3
1753503453171,04:17:33.171,ALGO/USDT:USDT,0.2701,19096.8,0.27,21614.9,0.2702,53227.4,0.2703,164514.3
1753503453321,04:17:33.321,ALGO/USDT:USDT,0.2701,19096.8,0.27,21614.9,0.2702,53227.4,0.2703,164514.3
1753503453471,04:17:33.471,ALGO/USDT:USDT,0.2701,19096.8,0.27,21614.9,0.2702,53227.4,0.2703,164514.3
1753503453771,04:17:33.771,ALGO/USDT:USDT,0.2702,4955.1,0.2701,27500.3,0.2703,55004.8,0.2704,165571.2
1753503453921,04:17:33.921,ALGO/USDT:USDT,0.2702,8463.0,0.2701,26730.9,0.2703,55004.8,0.2704,165941.2
1753503454071,04:17:34.071,ALGO/USDT:USDT,0.2702,8463.0,0.2701,26730.9,0.2703,55004.8,0.2704,165941.2
1753503454221,04:17:34.221,ALGO/USDT:USDT,0.2702,8463.0,0.2701,26730.9,0.2703,55004.8,0.2704,165941.2
1753503454371,04:17:34.371,ALGO/USDT:USDT,0.2702,8463.0,0.2701,26730.9,0.2703,69004.8,0.2704,165941.2
1753503454671,04:17:34.671,ALGO/USDT:USDT,0.2701,23871.0,0.27,22369.9,0.2703,69879.2,0.2704,165941.2
1753503454822,04:17:34.822,ALGO/USDT:USDT,0.2701,24640.4,0.27,22369.9,0.2702,13358.5,0.2703,69109.8
1753503454972,04:17:34.972,ALGO/USDT:USDT,0.2701,24640.4,0.27,22369.9,0.2702,15605.3,0.2703,102924.5
1753503455722,04:17:35.722,ALGO/USDT:USDT,0.2701,23871.0,0.27,22369.9,0.2702,15605.3,0.2703,102924.5
1753503455872,04:17:35.872,ALGO/USDT:USDT,0.2701,23871.0,0.27,22369.9,0.2702,15605.3,0.2703,102924.5
1753503456022,04:17:36.022,ALGO/USDT:USDT,0.2701,23871.0,0.27,22369.9,0.2702,15605.3,0.2703,102924.5
1753503456323,04:17:36.323,ALGO/USDT:USDT,0.2701,23871.0,0.27,22369.9,0.2702,29605.3,0.2703,102924.5
1753503456623,04:17:36.623,ALGO/USDT:USDT,0.2701,23871.0,0.27,22369.9,0.2702,29605.3,0.2703,102924.5
1753503456773,04:17:36.773,ALGO/USDT:USDT,0.2701,23871.0,0.27,22369.9,0.2702,29605.3,0.2703,102924.5
1753503457223,04:17:37.223,ALGO/USDT:USDT,0.2701,23871.0,0.27,22369.9,0.2702,29605.3,0.2703,102924.5
1753503457373,04:17:37.373,ALGO/USDT:USDT,0.2701,23871.0,0.27,22369.9,0.2702,29605.3,0.2703,102924.5
1753503457523,04:17:37.523,ALGO/USDT:USDT,0.2701,23871.0,0.27,22369.9,0.2702,29605.3,0.2703,102924.5
1753503457823,04:17:37.823,ALGO/USDT:USDT,0.2701,23871.0,0.27,22369.9,0.2702,31511.9,0.2703,102924.5
1753503458274,04:17:38.274,ALGO/USDT:USDT,0.2701,23871.0,0.27,22369.9,0.2702,31511.9,0.2703,102924.5
1753503458424,04:17:38.424,ALGO/USDT:USDT,0.2701,23871.0,0.27,22369.9,0.2702,31511.9,0.2703,102924.5
1753503458574,04:17:38.574,ALGO/USDT:USDT,0.2701,23871.0,0.27,22369.9,0.2702,31511.9,0.2703,102924.5
1753503458724,04:17:38.724,ALGO/USDT:USDT,0.2701,23871.0,0.27,22369.9,0.2702,31511.9,0.2703,102924.5
1753503458874,04:17:38.874,ALGO/USDT:USDT,0.2701,23871.0,0.27,22369.9,0.2702,31511.9,0.2703,102924.5
1753503459024,04:17:39.024,ALGO/USDT:USDT,0.2701,23871.0,0.27,22369.9,0.2702,31511.9,0.2703,102924.5
1753503459174,04:17:39.174,ALGO/USDT:USDT,0.2701,23871.0,0.27,22369.9,0.2702,31511.9,0.2703,109002.8
1753503459775,04:17:39.775,ALGO/USDT:USDT,0.2701,23871.0,0.27,21614.9,0.2702,31511.9,0.2703,109002.8
1753503459925,04:17:39.925,ALGO/USDT:USDT,0.2701,23871.0,0.27,21614.9,0.2702,31511.9,0.2703,109002.8
1753503460075,04:17:40.075,ALGO/USDT:USDT,0.2701,23871.0,0.27,21614.9,0.2702,31511.9,0.2703,109002.8
1753503460375,04:17:40.375,ALGO/USDT:USDT,0.2701,23871.0,0.27,21614.9,0.2702,31511.9,0.2703,109002.8
1753503460525,04:17:40.525,ALGO/USDT:USDT,0.2701,23871.0,0.27,21614.9,0.2702,31511.9,0.2703,109002.8
1753503460825,04:17:40.825,ALGO/USDT:USDT,0.2701,23871.0,0.27,21614.9,0.2702,31511.9,0.2703,109002.8
1753503461126,04:17:41.126,ALGO/USDT:USDT,0.2701,23871.0,0.27,21614.9,0.2702,31511.9,0.2703,109002.8
1753503461276,04:17:41.276,ALGO/USDT:USDT,0.2701,23871.0,0.27,21614.9,0.2702,31511.9,0.2703,109002.8
1753503461426,04:17:41.426,ALGO/USDT:USDT,0.2701,23871.0,0.27,21614.9,0.2702,31511.9,0.2703,109002.8
1753503461576,04:17:41.576,ALGO/USDT:USDT,0.2701,23871.0,0.27,21614.9,0.2702,31511.9,0.2703,109002.8
1753503462026,04:17:42.026,ALGO/USDT:USDT,0.2701,23871.0,0.27,21614.9,0.2702,31511.9,0.2703,109002.8
1753503462626,04:17:42.626,ALGO/USDT:USDT,0.2701,23871.0,0.27,21614.9,0.2702,31511.9,0.2703,109002.8
1753503462777,04:17:42.777,ALGO/USDT:USDT,0.2701,23871.0,0.27,21614.9,0.2702,31511.9,0.2703,109002.8
1753503463077,04:17:43.077,ALGO/USDT:USDT,0.2701,23871.0,0.27,21614.9,0.2702,31511.9,0.2703,109002.8
1753503463227,04:17:43.227,ALGO/USDT:USDT,0.2701,23871.0,0.27,21614.9,0.2702,31511.9,0.2703,109002.8
1753503463377,04:17:43.377,ALGO/USDT:USDT,0.2701,23871.0,0.27,21614.9,0.2702,31511.9,0.2703,109002.8
1753503463527,04:17:43.527,ALGO/USDT:USDT,0.2701,23871.0,0.27,21614.9,0.2702,31511.9,0.2703,109002.8
1753503463677,04:17:43.677,ALGO/USDT:USDT,0.2701,23871.0,0.27,21614.9,0.2702,31511.9,0.2703,109002.8
1753503463827,04:17:43.827,ALGO/USDT:USDT,0.2701,23871.0,0.27,21614.9,0.2702,31511.9,0.2703,109002.8
1753503463977,04:17:43.977,ALGO/USDT:USDT,0.2701,23871.0,0.27,21614.9,0.2702,31511.9,0.2703,109002.8
1753503464127,04:17:44.127,ALGO/USDT:USDT,0.2701,23871.0,0.27,21614.9,0.2702,31511.9,0.2703,109002.8
1753503464278,04:17:44.278,ALGO/USDT:USDT,0.2701,23871.0,0.27,21614.9,0.2702,31511.9,0.2703,109002.8
1753503464428,04:17:44.428,ALGO/USDT:USDT,0.2701,23871.0,0.27,21614.9,0.2702,31511.9,0.2703,109002.8
1753503464728,04:17:44.728,ALGO/USDT:USDT,0.2701,23871.0,0.27,21614.9,0.2702,31511.9,0.2703,109002.8
1753503465028,04:17:45.028,ALGO/USDT:USDT,0.2701,23871.0,0.27,21614.9,0.2702,31511.9,0.2703,109002.8
1753503465178,04:17:45.178,ALGO/USDT:USDT,0.2701,23871.0,0.27,21614.9,0.2702,31511.9,0.2703,109002.8
1753503465328,04:17:45.328,ALGO/USDT:USDT,0.2701,19608.9,0.27,21614.9,0.2702,32281.3,0.2703,109002.8
1753503465478,04:17:45.478,ALGO/USDT:USDT,0.2701,18774.2,0.27,21614.9,0.2702,32281.3,0.2703,109002.8
1753503465628,04:17:45.628,ALGO/USDT:USDT,0.2701,18774.2,0.27,21614.9,0.2702,32281.3,0.2703,109002.8
1753503465779,04:17:45.779,ALGO/USDT:USDT,0.2701,18774.2,0.27,21614.9,0.2702,32281.3,0.2703,109002.8
1753503465929,04:17:45.929,ALGO/USDT:USDT,0.2701,18774.2,0.27,21614.9,0.2702,32281.3,0.2703,109002.8
1753503466079,04:17:46.079,ALGO/USDT:USDT,0.2701,18774.2,0.27,21614.9,0.2702,32281.3,0.2703,109002.8
1753503466229,04:17:46.229,ALGO/USDT:USDT,0.27,21614.9,0.2699,28952.6,0.2702,32281.3,0.2703,117885.4
1753503466379,04:17:46.379,ALGO/USDT:USDT,0.27,21614.9,0.2699,28952.6,0.2701,1975.5,0.2702,37138.3
1753503466679,04:17:46.679,ALGO/USDT:USDT,0.27,21614.9,0.2699,28952.6,0.2701,4262.1,0.2702,69110.0
1753503466829,04:17:46.829,ALGO/USDT:USDT,0.27,21614.9,0.2699,28952.6,0.2701,4262.1,0.2702,69110.0
1753503467129,04:17:47.129,ALGO/USDT:USDT,0.27,21614.9,0.2699,28952.6,0.2701,4262.1,0.2702,69110.0
1753503467280,04:17:47.280,ALGO/USDT:USDT,0.27,21614.9,0.2699,28952.6,0.2701,4262.1,0.2702,69110.0
1753503467429,04:17:47.429,ALGO/USDT:USDT,0.27,21614.9,0.2699,28952.6,0.2701,5111.0,0.2702,69110.0
1753503467580,04:17:47.580,ALGO/USDT:USDT,0.27,21614.9,0.2699,28952.6,0.2701,5111.0,0.2702,69110.0
1753503467880,04:17:47.880,ALGO/USDT:USDT,0.27,21614.9,0.2699,28952.6,0.2702,63483.6,0.2703,79703.6
1753503468180,04:17:48.180,ALGO/USDT:USDT,0.2701,3463.0,0.27,21614.9,0.2702,31511.9,0.2703,114037.9
1753503468630,04:17:48.630,ALGO/USDT:USDT,0.2701,865.7,0.27,21614.9,0.2702,32281.3,0.2703,107959.6
1753503468930,04:17:48.930,ALGO/USDT:USDT,0.2701,865.7,0.27,21614.9,0.2702,32281.3,0.2703,99077.0
1753503469231,04:17:49.231,ALGO/USDT:USDT,0.2701,865.7,0.27,21614.9,0.2702,31511.9,0.2703,98706.9
1753503469381,04:17:49.381,ALGO/USDT:USDT,0.2701,865.7,0.27,21614.9,0.2702,31511.9,0.2703,98706.9
1753503469681,04:17:49.681,ALGO/USDT:USDT,0.2701,865.7,0.27,21614.9,0.2702,31511.9,0.2703,98706.9
1753503469831,04:17:49.831,ALGO/USDT:USDT,0.2701,865.7,0.27,21614.9,0.2702,32281.3,0.2703,99456.9
1753503469981,04:17:49.981,ALGO/USDT:USDT,0.27,19708.3,0.2699,23137.2,0.2701,1731.4,0.2702,44469.1
1753503470281,04:17:50.281,ALGO/USDT:USDT,0.27,4847.7,0.2699,23137.2,0.2701,83963.2,0.2702,177368.1
1753503470581,04:17:50.581,ALGO/USDT:USDT,0.27,5696.6,0.2699,23137.2,0.2701,83193.8,0.2702,177368.1
1753503470882,04:17:50.882,ALGO/USDT:USDT,0.27,9159.6,0.2699,23137.2,0.2701,83193.8,0.2702,177368.1
1753503471032,04:17:51.032,ALGO/USDT:USDT,0.27,27327.7,0.2699,23137.2,0.2701,31367.3,0.2702,110407.9
1753503471182,04:17:51.182,ALGO/USDT:USDT,0.27,27327.7,0.2699,23137.2,0.2701,13629.8,0.2702,106706.4
1753503471632,04:17:51.632,ALGO/USDT:USDT,0.27,27327.7,0.2699,23137.2,0.2701,4262.1,0.2702,106706.4
1753503471932,04:17:51.932,ALGO/USDT:USDT,0.27,27327.7,0.2699,23137.2,0.2701,4262.1,0.2702,106706.4
1753503472082,04:17:52.082,ALGO/USDT:USDT,0.27,27327.7,0.2699,23137.2,0.2701,15262.1,0.2702,106706.4
1753503472383,04:17:52.383,ALGO/USDT:USDT,0.27,27327.7,0.2699,23137.2,0.2701,15262.1,0.2702,106706.4
1753503472533,04:17:52.533,ALGO/USDT:USDT,0.27,27327.7,0.2699,23137.2,0.2701,4262.1,0.2702,109566.3
1753503472683,04:17:52.683,ALGO/USDT:USDT,0.27,27327.7,0.2699,23137.2,0.2701,4262.1,0.2702,109566.3
1753503472983,04:17:52.983,ALGO/USDT:USDT,0.27,27327.7,0.2699,23137.2,0.2701,4262.1,0.2702,109566.3
1753503473133,04:17:53.133,ALGO/USDT:USDT,0.27,27327.7,0.2699,23137.2,0.2701,4262.1,0.2702,109566.3
1753503473283,04:17:53.283,ALGO/USDT:USDT,0.27,27327.7,0.2699,23137.2,0.2701,4262.1,0.2702,109566.3
1753503474184,04:17:54.184,ALGO/USDT:USDT,0.27,26558.3,0.2699,23137.2,0.2701,4262.1,0.2702,109566.3
1753503474334,04:17:54.334,ALGO/USDT:USDT,0.27,27327.7,0.2699,23137.2,0.2701,4262.1,0.2702,109566.3
1753503474484,04:17:54.484,ALGO/USDT:USDT,0.27,27327.7,0.2699,23137.2,0.2701,4262.1,0.2702,109566.3
1753503474634,04:17:54.634,ALGO/USDT:USDT,0.27,27327.7,0.2699,23137.2,0.2701,4262.1,0.2702,109566.3
1753503475234,04:17:55.234,ALGO/USDT:USDT,0.27,26558.3,0.2699,22382.2,0.2701,4262.1,0.2702,109566.3
1753503475535,04:17:55.535,ALGO/USDT:USDT,0.27,26558.3,0.2699,22382.2,0.2701,4262.1,0.2702,109566.3
1753503475685,04:17:55.685,ALGO/USDT:USDT,0.27,26558.3,0.2699,22382.2,0.2701,4262.1,0.2702,109566.3
1753503475835,04:17:55.835,ALGO/USDT:USDT,0.27,26558.3,0.2699,22382.2,0.2701,4262.1,0.2702,109566.3
1753503475985,04:17:55.985,ALGO/USDT:USDT,0.27,26558.3,0.2699,22382.2,0.2701,4262.1,0.2702,109566.3
1753503476135,04:17:56.135,ALGO/USDT:USDT,0.27,26558.3,0.2699,22382.2,0.2701,4262.1,0.2702,109566.3
1753503476285,04:17:56.285,ALGO/USDT:USDT,0.27,26558.3,0.2699,22382.2,0.2701,4262.1,0.2702,109566.3
1753503476435,04:17:56.435,ALGO/USDT:USDT,0.27,26558.3,0.2699,22382.2,0.2701,4262.1,0.2702,109566.3
1753503476585,04:17:56.585,ALGO/USDT:USDT,0.27,27327.7,0.2699,22382.2,0.2701,4262.1,0.2702,109566.3
1753503476735,04:17:56.735,ALGO/USDT:USDT,0.27,27327.7,0.2699,22382.2,0.2702,106706.4,0.2703,115591.6
1753503477336,04:17:57.336,ALGO/USDT:USDT,0.2701,17463.0,0.27,23864.7,0.2702,74727.1,0.2703,149952.0
1753503477486,04:17:57.486,ALGO/USDT:USDT,0.2701,17463.0,0.27,23864.7,0.2702,74727.1,0.2703,149952.0
1753503477636,04:17:57.636,ALGO/USDT:USDT,0.2701,17463.0,0.27,23864.7,0.2702,74727.1,0.2703,149952.0
1753503477786,04:17:57.786,ALGO/USDT:USDT,0.2701,17463.0,0.27,23864.7,0.2702,74727.1,0.2703,149952.0
1753503477936,04:17:57.936,ALGO/USDT:USDT,0.2701,17463.0,0.27,23864.7,0.2702,74727.1,0.2703,149952.0
1753503478086,04:17:58.086,ALGO/USDT:USDT,0.2701,21725.1,0.27,23864.7,0.2702,74727.1,0.2703,149581.9
1753503478386,04:17:58.386,ALGO/USDT:USDT,0.2701,21725.1,0.27,23095.3,0.2702,72820.5,0.2703,149581.9
1753503478537,04:17:58.537,ALGO/USDT:USDT,0.2701,22494.5,0.27,23095.3,0.2702,25864.0,0.2703,196542.4
1753503478837,04:17:58.837,ALGO/USDT:USDT,0.2701,22494.5,0.27,23095.3,0.2702,11864.0,0.2703,196542.4
1753503478987,04:17:58.987,ALGO/USDT:USDT,0.2701,22494.5,0.27,23095.3,0.2702,11864.0,0.2703,196542.4
1753503479137,04:17:59.137,ALGO/USDT:USDT,0.2701,21725.1,0.27,23095.3,0.2702,25864.0,0.2703,196542.4
1753503479287,04:17:59.287,ALGO/USDT:USDT,0.2701,21725.1,0.27,23095.3,0.2702,25864.0,0.2703,196542.4
1753503479587,04:17:59.587,ALGO/USDT:USDT,0.2701,21725.1,0.27,23095.3,0.2702,27770.6,0.2703,196542.4
1753503479737,04:17:59.737,ALGO/USDT:USDT,0.2701,21725.1,0.27,23095.3,0.2702,27770.6,0.2703,196542.4
1753503480038,04:18:00.038,ALGO/USDT:USDT,0.2701,21725.1,0.27,23095.3,0.2702,27770.6,0.2703,196542.4
1753503480338,04:18:00.338,ALGO/USDT:USDT,0.2701,21725.1,0.27,23095.3,0.2702,13770.6,0.2703,196537.4
1753503480488,04:18:00.488,ALGO/USDT:USDT,0.2701,21725.1,0.27,23095.3,0.2702,13770.6,0.2703,196537.4
1753503480638,04:18:00.638,ALGO/USDT:USDT,0.2701,21725.1,0.27,23095.3,0.2702,13770.6,0.2703,196537.4
1753503480938,04:18:00.938,ALGO/USDT:USDT,0.2701,21725.1,0.27,23095.3,0.2702,13770.6,0.2703,196537.4
1753503481088,04:18:01.088,ALGO/USDT:USDT,0.2701,21725.1,0.27,23095.3,0.2702,13770.6,0.2703,196537.4
1753503481238,04:18:01.238,ALGO/USDT:USDT,0.2701,21725.1,0.27,23095.3,0.2702,13770.6,0.2703,196537.4
1753503481388,04:18:01.388,ALGO/USDT:USDT,0.2701,21725.1,0.27,23095.3,0.2702,13770.6,0.2703,196537.4
1753503481538,04:18:01.538,ALGO/USDT:USDT,0.2701,21725.1,0.27,23095.3,0.2702,14633.2,0.2703,196537.4
1753503481689,04:18:01.689,ALGO/USDT:USDT,0.2701,21725.1,0.27,23095.3,0.2702,14633.2,0.2703,196537.4
1753503481839,04:18:01.839,ALGO/USDT:USDT,0.2701,21725.1,0.27,23095.3,0.2702,14633.2,0.2703,196537.4
1753503481989,04:18:01.989,ALGO/USDT:USDT,0.2701,21725.1,0.27,23095.3,0.2702,28633.2,0.2703,196537.4
1753503482289,04:18:02.289,ALGO/USDT:USDT,0.2701,21725.1,0.27,23095.3,0.2702,28633.2,0.2703,196537.4
1753503482439,04:18:02.439,ALGO/USDT:USDT,0.2701,17463.0,0.27,23095.3,0.2702,28633.2,0.2703,196537.4
1753503482589,04:18:02.589,ALGO/USDT:USDT,0.2701,3463.0,0.27,23095.3,0.2702,28633.2,0.2703,196537.4
1753503482739,04:18:02.739,ALGO/USDT:USDT,0.27,23095.3,0.2699,23137.2,0.2702,29402.6,0.2703,196537.4
1753503483039,04:18:03.039,ALGO/USDT:USDT,0.27,23095.3,0.2699,23137.2,0.2701,4262.1,0.2702,61016.2
1753503483189,04:18:03.189,ALGO/USDT:USDT,0.27,23095.3,0.2699,23137.2,0.2701,4262.1,0.2702,61016.2
1753503483340,04:18:03.340,ALGO/USDT:USDT,0.27,23095.3,0.2699,23137.2,0.2701,4262.1,0.2702,61016.2
1753503483490,04:18:03.490,ALGO/USDT:USDT,0.27,23095.3,0.2699,23137.2,0.2701,4262.1,0.2702,61016.2
1753503483640,04:18:03.640,ALGO/USDT:USDT,0.27,23095.3,0.2699,23137.2,0.2701,4262.1,0.2702,61016.2
1753503483790,04:18:03.790,ALGO/USDT:USDT,0.27,23095.3,0.2699,23137.2,0.2701,4262.1,0.2702,61016.2
1753503484090,04:18:04.090,ALGO/USDT:USDT,0.27,23095.3,0.2699,23137.2,0.2701,19124.7,0.2702,63505.8
1753503484240,04:18:04.240,ALGO/USDT:USDT,0.27,23095.3,0.2699,23137.2,0.2701,19124.7,0.2702,63505.8
1753503484390,04:18:04.390,ALGO/USDT:USDT,0.27,23095.3,0.2699,23137.2,0.2701,19124.7,0.2702,63505.8
1753503484540,04:18:04.540,ALGO/USDT:USDT,0.27,23095.3,0.2699,23137.2,0.2701,19124.7,0.2702,63505.8
1753503484690,04:18:04.690,ALGO/USDT:USDT,0.27,23095.3,0.2699,23137.2,0.2701,19124.7,0.2702,63505.8
1753503484991,04:18:04.991,ALGO/USDT:USDT,0.27,23095.3,0.2699,23137.2,0.2701,19124.7,0.2702,63505.8
1753503485591,04:18:05.591,ALGO/USDT:USDT,0.27,23864.7,0.2699,23137.2,0.2701,5124.7,0.2702,60645.9
1753503485741,04:18:05.741,ALGO/USDT:USDT,0.27,23095.3,0.2699,23137.2,0.2701,5124.7,0.2702,60645.9
1753503485891,04:18:05.891,ALGO/USDT:USDT,0.27,23095.3,0.2699,23137.2,0.2701,5124.7,0.2702,60645.9
1753503486191,04:18:06.191,ALGO/USDT:USDT,0.27,23095.3,0.2699,23137.2,0.2701,5124.7,0.2702,60645.9
1753503486341,04:18:06.341,ALGO/USDT:USDT,0.27,23095.3,0.2699,23137.2,0.2701,5124.7,0.2702,60645.9
1753503486792,04:18:06.792,ALGO/USDT:USDT,0.27,23095.3,0.2699,23137.2,0.2701,5124.7,0.2702,60645.9
1753503486942,04:18:06.942,ALGO/USDT:USDT,0.27,23095.3,0.2699,23137.2,0.2701,19124.7,0.2702,60645.9
1753503487092,04:18:07.092,ALGO/USDT:USDT,0.27,23095.3,0.2699,23137.2,0.2701,19124.7,0.2702,60645.9
1753503487392,04:18:07.392,ALGO/USDT:USDT,0.27,23095.3,0.2699,23137.2,0.2701,19124.7,0.2702,60645.9
1753503487542,04:18:07.542,ALGO/USDT:USDT,0.27,23095.3,0.2699,23137.2,0.2701,19124.7,0.2702,60645.9
1753503487692,04:18:07.692,ALGO/USDT:USDT,0.27,23095.3,0.2699,23137.2,0.2701,5124.7,0.2702,60645.9
1753503487842,04:18:07.842,ALGO/USDT:USDT,0.27,23095.3,0.2699,23137.2,0.2701,18124.7,0.2702,60645.9
1753503487992,04:18:07.992,ALGO/USDT:USDT,0.27,23095.3,0.2699,23137.2,0.2701,5124.7,0.2702,60645.9
1753503488143,04:18:08.143,ALGO/USDT:USDT,0.27,23095.3,0.2699,23137.2,0.2701,5124.7,0.2702,60645.9
1753503488593,04:18:08.593,ALGO/USDT:USDT,0.27,23095.3,0.2699,23137.2,0.2701,5124.7,0.2702,60645.9
1753503489043,04:18:09.043,ALGO/USDT:USDT,0.27,23864.7,0.2699,23137.2,0.2701,4262.1,0.2702,60645.9
1753503489193,04:18:09.193,ALGO/USDT:USDT,0.2701,2361.3,0.27,22372.6,0.2702,60645.9,0.2703,162552.1
1753503489493,04:18:09.493,ALGO/USDT:USDT,0.2701,18332.2,0.27,22372.6,0.2702,28633.2,0.2703,203016.1
1753503489794,04:18:09.794,ALGO/USDT:USDT,0.2701,22594.3,0.27,22372.6,0.2702,28633.2,0.2703,203016.1
1753503490394,04:18:10.394,ALGO/USDT:USDT,0.2701,22594.3,0.27,22372.6,0.2702,28633.2,0.2703,203016.1
1753503490544,04:18:10.544,ALGO/USDT:USDT,0.2701,3463.0,0.27,21603.2,0.2702,29402.6,0.2703,202646.0
1753503490694,04:18:10.694,ALGO/USDT:USDT,0.2701,3463.0,0.27,21603.2,0.2702,29402.6,0.2703,202641.0
1753503490844,04:18:10.844,ALGO/USDT:USDT,0.27,21603.2,0.2699,28952.6,0.2702,29402.6,0.2703,202641.0
1753503491144,04:18:11.144,ALGO/USDT:USDT,0.27,21603.2,0.2699,28952.6,0.2701,22252.9,0.2702,61034.3
1753503491445,04:18:11.445,ALGO/USDT:USDT,0.27,21603.2,0.2699,28952.6,0.2701,22252.9,0.2702,61034.3
1753503491745,04:18:11.745,ALGO/USDT:USDT,0.27,21603.2,0.2699,28952.6,0.2701,22252.9,0.2702,61034.3
1753503491895,04:18:11.895,ALGO/USDT:USDT,0.27,21603.2,0.2699,28952.6,0.2701,22252.9,0.2702,61034.3
1753503492045,04:18:12.045,ALGO/USDT:USDT,0.27,21603.2,0.2699,28952.6,0.2701,22252.9,0.2702,61034.3
1753503492195,04:18:12.195,ALGO/USDT:USDT,0.27,21603.2,0.2699,28952.6,0.2701,22252.9,0.2702,60664.0
1753503492495,04:18:12.495,ALGO/USDT:USDT,0.27,21603.2,0.2699,28952.6,0.2701,22252.9,0.2702,60664.0
1753503492795,04:18:12.795,ALGO/USDT:USDT,0.27,21603.2,0.2699,28952.6,0.2701,22252.9,0.2702,60664.0
1753503492946,04:18:12.946,ALGO/USDT:USDT,0.27,21603.2,0.2699,28952.6,0.2701,22252.9,0.2702,60664.0
1753503493096,04:18:13.096,ALGO/USDT:USDT,0.27,21603.2,0.2699,28952.6,0.2701,22252.9,0.2702,60664.0
1753503493246,04:18:13.246,ALGO/USDT:USDT,0.27,21603.2,0.2699,28952.6,0.2701,22252.9,0.2702,60664.0
1753503493396,04:18:13.396,ALGO/USDT:USDT,0.27,21603.2,0.2699,28952.6,0.2701,22252.9,0.2702,60664.0
1753503493546,04:18:13.546,ALGO/USDT:USDT,0.27,22372.6,0.2699,28952.6,0.2701,4262.1,0.2702,60664.0
1753503493696,04:18:13.696,ALGO/USDT:USDT,0.27,22372.6,0.2699,28952.6,0.2701,4262.1,0.2702,60664.0
1753503493996,04:18:13.996,ALGO/USDT:USDT,0.27,21603.2,0.2699,28952.6,0.2701,18262.1,0.2702,60664.0
1753503494146,04:18:14.146,ALGO/USDT:USDT,0.27,21603.2,0.2699,28952.6,0.2701,18262.1,0.2702,60664.0
1753503494296,04:18:14.296,ALGO/USDT:USDT,0.27,21603.2,0.2699,28952.6,0.2701,18262.1,0.2702,60664.0
1753503494446,04:18:14.446,ALGO/USDT:USDT,0.27,21603.2,0.2699,28952.6,0.2701,18262.1,0.2702,60664.0
1753503494747,04:18:14.747,ALGO/USDT:USDT,0.27,21603.2,0.2699,28952.6,0.2701,17262.1,0.2702,60664.0
1753503494897,04:18:14.897,ALGO/USDT:USDT,0.27,21603.2,0.2699,28952.6,0.2701,17262.1,0.2702,60664.0
1753503495047,04:18:15.047,ALGO/USDT:USDT,0.27,21603.2,0.2699,28952.6,0.2701,17262.1,0.2702,60664.0
1753503495197,04:18:15.197,ALGO/USDT:USDT,0.27,21603.2,0.2699,28952.6,0.2701,4262.1,0.2702,60664.0
1753503495347,04:18:15.347,ALGO/USDT:USDT,0.27,21603.2,0.2699,28952.6,0.2701,4262.1,0.2702,60664.0
1753503495647,04:18:15.647,ALGO/USDT:USDT,0.27,21603.2,0.2699,28952.6,0.2701,4262.1,0.2702,60664.0
1753503495797,04:18:15.797,ALGO/USDT:USDT,0.27,21603.2,0.2699,28952.6,0.2701,14262.1,0.2702,60664.0
1753503495947,04:18:15.947,ALGO/USDT:USDT,0.27,21603.2,0.2699,28952.6,0.2701,14262.1,0.2702,60664.0
1753503496097,04:18:16.097,ALGO/USDT:USDT,0.27,21603.2,0.2699,28952.6,0.2701,14262.1,0.2702,60664.0
1753503496398,04:18:16.398,ALGO/USDT:USDT,0.27,21603.2,0.2699,28952.6,0.2701,14262.1,0.2702,60664.0
1753503496698,04:18:16.698,ALGO/USDT:USDT,0.27,21603.2,0.2699,28952.6,0.2701,4262.1,0.2702,60664.0
1753503497148,04:18:17.148,ALGO/USDT:USDT,0.27,22372.6,0.2699,23137.2,0.2702,28633.2,0.2703,202670.5
1753503497298,04:18:17.298,ALGO/USDT:USDT,0.27,22372.6,0.2699,23137.2,0.2702,28633.2,0.2703,202670.5
1753503497448,04:18:17.448,ALGO/USDT:USDT,0.27,22372.6,0.2699,23137.2,0.2702,28633.2,0.2703,202670.5
1753503497598,04:18:17.598,ALGO/USDT:USDT,0.27,22372.6,0.2699,23137.2,0.2702,28633.2,0.2703,202670.5
1753503497748,04:18:17.748,ALGO/USDT:USDT,0.27,22372.6,0.2699,23137.2,0.2702,28633.2,0.2703,202670.5
1753503497898,04:18:17.898,ALGO/USDT:USDT,0.27,22372.6,0.2699,23137.2,0.2702,28633.2,0.2703,202670.5
1753503498049,04:18:18.049,ALGO/USDT:USDT,0.27,21603.2,0.2699,23137.2,0.2701,834.3,0.2702,28633.2
1753503498199,04:18:18.199,ALGO/USDT:USDT,0.27,21603.2,0.2699,23137.2,0.2701,9087.2,0.2702,60694.6
1753503498349,04:18:18.349,ALGO/USDT:USDT,0.27,21603.2,0.2699,23137.2,0.2701,4825.1,0.2702,60694.6
1753503498499,04:18:18.499,ALGO/USDT:USDT,0.27,21603.2,0.2699,23137.2,0.2701,4825.1,0.2702,60694.6
1753503498649,04:18:18.649,ALGO/USDT:USDT,0.27,21603.2,0.2699,23137.2,0.2701,4825.1,0.2702,60694.6
1753503498799,04:18:18.799,ALGO/USDT:USDT,0.27,22372.6,0.2699,23137.2,0.2702,60694.6,0.2703,162552.1
1753503499099,04:18:19.099,ALGO/USDT:USDT,0.27,22372.6,0.2699,23137.2,0.2702,28633.2,0.2703,196593.6
1753503499249,04:18:19.249,ALGO/USDT:USDT,0.27,22372.6,0.2699,23137.2,0.2702,28633.2,0.2703,196593.6
1753503499399,04:18:19.399,ALGO/USDT:USDT,0.27,22372.6,0.2699,23137.2,0.2702,28633.2,0.2703,196593.6
1753503499700,04:18:19.700,ALGO/USDT:USDT,0.27,22372.6,0.2699,23137.2,0.2702,28633.2,0.2703,196593.6
1753503499850,04:18:19.850,ALGO/USDT:USDT,0.27,22372.6,0.2699,23137.2,0.2702,28633.2,0.2703,196593.6
1753503500750,04:18:20.750,ALGO/USDT:USDT,0.2701,8365.1,0.27,21603.2,0.2702,29402.6,0.2703,179575.4
1753503500900,04:18:20.900,ALGO/USDT:USDT,0.2701,8365.1,0.27,21603.2,0.2702,28633.2,0.2703,196979.6
1753503501201,04:18:21.201,ALGO/USDT:USDT,0.2701,8365.1,0.27,21603.2,0.2702,29402.6,0.2703,197729.6
1753503501351,04:18:21.351,ALGO/USDT:USDT,0.2701,8365.1,0.27,21603.2,0.2702,28633.2,0.2703,197729.6
1753503501651,04:18:21.651,ALGO/USDT:USDT,0.2701,13461.5,0.27,21603.2,0.2702,28633.2,0.2703,196960.2
1753503501801,04:18:21.801,ALGO/USDT:USDT,0.2701,27461.5,0.27,21603.2,0.2702,28633.2,0.2703,196590.1
1753503502101,04:18:22.101,ALGO/USDT:USDT,0.2701,27461.5,0.27,21603.2,0.2702,28633.2,0.2703,196590.1
1753503502251,04:18:22.251,ALGO/USDT:USDT,0.2701,27461.5,0.27,21603.2,0.2702,28633.2,0.2703,196590.1
1753503502401,04:18:22.401,ALGO/USDT:USDT,0.2701,27461.5,0.27,21603.2,0.2702,28633.2,0.2703,196590.1
1753503502551,04:18:22.551,ALGO/USDT:USDT,0.2701,27461.5,0.27,21603.2,0.2702,28633.2,0.2703,196590.1
1753503502702,04:18:22.702,ALGO/USDT:USDT,0.2701,27461.5,0.27,21603.2,0.2702,14633.2,0.2703,196590.1
1753503502852,04:18:22.852,ALGO/USDT:USDT,0.2701,27461.5,0.27,21603.2,0.2702,14633.2,0.2703,196590.1
1753503503002,04:18:23.002,ALGO/USDT:USDT,0.2701,27461.5,0.27,21603.2,0.2702,14633.2,0.2703,196590.1
1753503503152,04:18:23.152,ALGO/USDT:USDT,0.2701,27461.5,0.27,21603.2,0.2702,14633.2,0.2703,196590.1
1753503503302,04:18:23.302,ALGO/USDT:USDT,0.2701,27461.5,0.27,21603.2,0.2702,14633.2,0.2703,196590.1
1753503503452,04:18:23.452,ALGO/USDT:USDT,0.2701,27461.5,0.27,21603.2,0.2702,28633.2,0.2703,196590.1
1753503503602,04:18:23.602,ALGO/USDT:USDT,0.2701,27461.5,0.27,21603.2,0.2702,28633.2,0.2703,196590.1
1753503504052,04:18:24.052,ALGO/USDT:USDT,0.2701,27461.5,0.27,21603.2,0.2702,28633.2,0.2703,196590.1
1753503504202,04:18:24.202,ALGO/USDT:USDT,0.2701,27461.5,0.27,21603.2,0.2702,28633.2,0.2703,196590.1
1753503504352,04:18:24.352,ALGO/USDT:USDT,0.2701,27461.5,0.27,21603.2,0.2702,28633.2,0.2703,196590.1
1753503504503,04:18:24.503,ALGO/USDT:USDT,0.2701,27461.5,0.27,21603.2,0.2702,28633.2,0.2703,196590.1
1753503504653,04:18:24.653,ALGO/USDT:USDT,0.2701,27461.5,0.27,21603.2,0.2702,28633.2,0.2703,196590.1
1753503504803,04:18:24.803,ALGO/USDT:USDT,0.2701,27461.5,0.27,21603.2,0.2702,28633.2,0.2703,196590.1
1753503504953,04:18:24.953,ALGO/USDT:USDT,0.2701,27461.5,0.27,21603.2,0.2702,28633.2,0.2703,196590.1
1753503505103,04:18:25.103,ALGO/USDT:USDT,0.2701,27461.5,0.27,21603.2,0.2702,28633.2,0.2703,196590.1
1753503505403,04:18:25.403,ALGO/USDT:USDT,0.2701,8365.1,0.27,21603.2,0.2702,29402.6,0.2703,196590.1
1753503505703,04:18:25.703,ALGO/USDT:USDT,0.2701,22365.1,0.27,21603.2,0.2702,29402.6,0.2703,196590.1
1753503505853,04:18:25.853,ALGO/USDT:USDT,0.2701,22365.1,0.27,21603.2,0.2702,29402.6,0.2703,196590.1
1753503506154,04:18:26.154,ALGO/USDT:USDT,0.2701,26627.2,0.27,21603.2,0.2702,28633.2,0.2703,196590.1
1753503506304,04:18:26.304,ALGO/USDT:USDT,0.2701,22365.1,0.27,21603.2,0.2702,28633.2,0.2703,196590.1
1753503506454,04:18:26.454,ALGO/USDT:USDT,0.2701,22365.1,0.27,21603.2,0.2702,28633.2,0.2703,196590.1
1753503506754,04:18:26.754,ALGO/USDT:USDT,0.2701,22365.1,0.27,21603.2,0.2702,28633.2,0.2703,196590.1
1753503507054,04:18:27.054,ALGO/USDT:USDT,0.2701,26627.2,0.27,21603.2,0.2702,28633.2,0.2703,196590.1
1753503507204,04:18:27.204,ALGO/USDT:USDT,0.2701,26627.2,0.27,21603.2,0.2702,28633.2,0.2703,196590.1
1753503507354,04:18:27.354,ALGO/USDT:USDT,0.2701,26627.2,0.27,21603.2,0.2702,28633.2,0.2703,196590.1
1753503507504,04:18:27.504,ALGO/USDT:USDT,0.2701,26627.2,0.27,21603.2,0.2702,28633.2,0.2703,196590.1
1753503507654,04:18:27.654,ALGO/USDT:USDT,0.2701,26627.2,0.27,21603.2,0.2702,28633.2,0.2703,196590.1
1753503507955,04:18:27.955,ALGO/USDT:USDT,0.2701,26627.2,0.27,21603.2,0.2702,28633.2,0.2703,196590.1
1753503508255,04:18:28.255,ALGO/USDT:USDT,0.2701,26627.2,0.27,21603.2,0.2702,14633.2,0.2703,196590.1
1753503508405,04:18:28.405,ALGO/USDT:USDT,0.2701,26627.2,0.27,21603.2,0.2702,14633.2,0.2703,196590.1
1753503508555,04:18:28.555,ALGO/USDT:USDT,0.2701,26627.2,0.27,21603.2,0.2702,14633.2,0.2703,196590.1
1753503508855,04:18:28.855,ALGO/USDT:USDT,0.2701,26627.2,0.27,21603.2,0.2702,14633.2,0.2703,196590.1
1753503509005,04:18:29.005,ALGO/USDT:USDT,0.2701,26627.2,0.27,21603.2,0.2702,14633.2,0.2703,196590.1
1753503509306,04:18:29.306,ALGO/USDT:USDT,0.2701,26627.2,0.27,21603.2,0.2702,14633.2,0.2703,196590.1
1753503509456,04:18:29.456,ALGO/USDT:USDT,0.2701,26627.2,0.27,21603.2,0.2702,14633.2,0.2703,196590.1
1753503509906,04:18:29.906,ALGO/USDT:USDT,0.2701,26627.2,0.27,21603.2,0.2702,28633.2,0.2703,196590.1
1753503510206,04:18:30.206,ALGO/USDT:USDT,0.2701,26627.2,0.27,21603.2,0.2702,14633.2,0.2703,202668.4
1753503510356,04:18:30.356,ALGO/USDT:USDT,0.2701,26627.2,0.27,21603.2,0.2702,14633.2,0.2703,202668.4
1753503510506,04:18:30.506,ALGO/USDT:USDT,0.2701,26627.2,0.27,21603.2,0.2702,14633.2,0.2703,202668.4
1753503510807,04:18:30.807,ALGO/USDT:USDT,0.2701,26627.2,0.27,21603.2,0.2702,14633.2,0.2703,202668.4
1753503510957,04:18:30.957,ALGO/USDT:USDT,0.2701,26627.2,0.27,21603.2,0.2702,14633.2,0.2703,202668.4
1753503511107,04:18:31.107,ALGO/USDT:USDT,0.2701,27396.6,0.27,21603.2,0.2702,14633.2,0.2703,202668.4
1753503511257,04:18:31.257,ALGO/USDT:USDT,0.2701,27396.6,0.27,21603.2,0.2702,14633.2,0.2703,202668.4
1753503511407,04:18:31.407,ALGO/USDT:USDT,0.2701,27396.6,0.27,21603.2,0.2702,14633.2,0.2703,202668.4
1753503511857,04:18:31.857,ALGO/USDT:USDT,0.2701,27396.6,0.27,21603.2,0.2702,14633.2,0.2703,202668.4
1753503512007,04:18:32.007,ALGO/USDT:USDT,0.2701,27396.6,0.27,21603.2,0.2702,14633.2,0.2703,202668.4
1753503512157,04:18:32.157,ALGO/USDT:USDT,0.2701,27396.6,0.27,21603.2,0.2702,14633.2,0.2703,202668.4
1753503512307,04:18:32.307,ALGO/USDT:USDT,0.2701,27396.6,0.27,21603.2,0.2702,14633.2,0.2703,202668.4
1753503512458,04:18:32.458,ALGO/USDT:USDT,0.2701,27396.6,0.27,21603.2,0.2702,14633.2,0.2703,202668.4
1753503512758,04:18:32.758,ALGO/USDT:USDT,0.2701,27396.6,0.27,21603.2,0.2702,14633.2,0.2703,202668.4
1753503512908,04:18:32.908,ALGO/USDT:USDT,0.2701,27396.6,0.27,21603.2,0.2702,14633.2,0.2703,202668.4
1753503513358,04:18:33.358,ALGO/USDT:USDT,0.2701,27396.6,0.27,21603.2,0.2702,14633.2,0.2703,202668.4
1753503513508,04:18:33.508,ALGO/USDT:USDT,0.2701,27396.6,0.27,21603.2,0.2702,14633.2,0.2703,202668.4
