timestamp,time,symbol,bid1_price,bid1_volume,bid2_price,bid2_volume,ask1_price,ask1_volume,ask2_price,ask2_volume
1753503734144,04:22:14.144,ACH/USDT:USDT,0.022369,312.0,0.022366,8288.0,0.02237,47474.0,0.022371,287494.0
1753503734294,04:22:14.294,ACH/USDT:USDT,0.022369,312.0,0.022366,8288.0,0.02237,47474.0,0.022371,287494.0
1753503734444,04:22:14.444,ACH/USDT:USDT,0.022369,312.0,0.022366,8288.0,0.02237,47474.0,0.022371,287494.0
1753503734595,04:22:14.595,ACH/USDT:USDT,0.022369,312.0,0.022366,8288.0,0.02237,47474.0,0.022371,287494.0
1753503735045,04:22:15.045,ACH/USDT:USDT,0.022369,312.0,0.022366,8288.0,0.02237,47474.0,0.022371,287494.0
1753503735195,04:22:15.195,ACH/USDT:USDT,0.022369,312.0,0.022366,8288.0,0.02237,47474.0,0.022371,287494.0
1753503735345,04:22:15.345,ACH/USDT:USDT,0.022369,312.0,0.022366,8288.0,0.02237,47474.0,0.022371,287494.0
1753503735495,04:22:15.495,ACH/USDT:USDT,0.022369,312.0,0.022366,8288.0,0.02237,47474.0,0.022371,287494.0
1753503735645,04:22:15.645,ACH/USDT:USDT,0.022369,312.0,0.022366,8288.0,0.02237,47474.0,0.022371,287494.0
1753503735795,04:22:15.795,ACH/USDT:USDT,0.022369,312.0,0.022366,8288.0,0.02237,47474.0,0.022371,287494.0
1753503735945,04:22:15.945,ACH/USDT:USDT,0.022369,312.0,0.022366,8288.0,0.02237,47474.0,0.022371,287494.0
1753503736095,04:22:16.095,ACH/USDT:USDT,0.022369,312.0,0.022366,8288.0,0.02237,47474.0,0.022371,287494.0
1753503736246,04:22:16.246,ACH/USDT:USDT,0.022369,312.0,0.022366,8288.0,0.02237,47474.0,0.022371,287494.0
1753503736246,04:22:16.246,ACH/USDT:USDT,0.022369,312.0,0.022366,8288.0,0.02237,47474.0,0.022371,287494.0
1753503736396,04:22:16.396,ACH/USDT:USDT,0.022369,312.0,0.022366,8288.0,0.02237,47474.0,0.022371,287494.0
1753503736396,04:22:16.396,ACH/USDT:USDT,0.022369,312.0,0.022366,8288.0,0.02237,47474.0,0.022371,287494.0
1753503736546,04:22:16.546,ACH/USDT:USDT,0.022369,312.0,0.022366,8288.0,0.02237,47474.0,0.022371,287494.0
1753503736696,04:22:16.696,ACH/USDT:USDT,0.022369,312.0,0.022366,8288.0,0.02237,47474.0,0.022371,287494.0
1753503736846,04:22:16.846,ACH/USDT:USDT,0.022369,312.0,0.022366,8288.0,0.02237,47474.0,0.022371,287494.0
1753503736846,04:22:16.846,ACH/USDT:USDT,0.022369,312.0,0.022366,8288.0,0.02237,47474.0,0.022371,287494.0
1753503736996,04:22:16.996,ACH/USDT:USDT,0.022369,312.0,0.022366,8288.0,0.02237,47474.0,0.022371,287494.0
1753503736996,04:22:16.996,ACH/USDT:USDT,0.022369,312.0,0.022366,8288.0,0.02237,47474.0,0.022371,287494.0
1753503737146,04:22:17.146,ACH/USDT:USDT,0.022369,312.0,0.022366,8288.0,0.02237,47474.0,0.022371,287494.0
1753503737146,04:22:17.146,ACH/USDT:USDT,0.022369,312.0,0.022366,8288.0,0.02237,47474.0,0.022371,287494.0
1753503737296,04:22:17.296,ACH/USDT:USDT,0.022369,312.0,0.022366,8288.0,0.02237,47474.0,0.022371,287494.0
1753503737296,04:22:17.296,ACH/USDT:USDT,0.022369,312.0,0.022366,8288.0,0.02237,47474.0,0.022371,287494.0
1753503737446,04:22:17.446,ACH/USDT:USDT,0.022369,312.0,0.022366,8288.0,0.02237,47474.0,0.022371,287494.0
1753503737446,04:22:17.446,ACH/USDT:USDT,0.022369,312.0,0.022366,8288.0,0.02237,47474.0,0.022371,287494.0
1753503737596,04:22:17.596,ACH/USDT:USDT,0.022369,312.0,0.022366,8288.0,0.02237,47474.0,0.022371,287494.0
1753503737747,04:22:17.747,ACH/USDT:USDT,0.022369,312.0,0.022366,8288.0,0.02237,47474.0,0.022371,287494.0
1753503737897,04:22:17.897,ACH/USDT:USDT,0.022369,312.0,0.022366,8288.0,0.02237,47474.0,0.022371,287494.0
1753503737897,04:22:17.897,ACH/USDT:USDT,0.022369,312.0,0.022366,8288.0,0.02237,47474.0,0.022371,287494.0
1753503738047,04:22:18.047,ACH/USDT:USDT,0.022369,312.0,0.022366,8288.0,0.02237,47474.0,0.022371,287494.0
1753503738047,04:22:18.047,ACH/USDT:USDT,0.022369,312.0,0.022366,8288.0,0.02237,47474.0,0.022371,287494.0
1753503738197,04:22:18.197,ACH/USDT:USDT,0.022369,312.0,0.022366,8288.0,0.02237,47474.0,0.022371,287494.0
1753503738197,04:22:18.197,ACH/USDT:USDT,0.022369,312.0,0.022366,8288.0,0.02237,47474.0,0.022371,287494.0
1753503738347,04:22:18.347,ACH/USDT:USDT,0.022369,312.0,0.022366,8288.0,0.02237,47474.0,0.022371,287494.0
1753503738347,04:22:18.347,ACH/USDT:USDT,0.022369,312.0,0.022366,8288.0,0.02237,47474.0,0.022371,287494.0
1753503738497,04:22:18.497,ACH/USDT:USDT,0.022369,312.0,0.022366,8288.0,0.02237,47474.0,0.022371,287494.0
1753503738497,04:22:18.497,ACH/USDT:USDT,0.022369,312.0,0.022366,8288.0,0.02237,47474.0,0.022371,287494.0
1753503738647,04:22:18.647,ACH/USDT:USDT,0.022369,312.0,0.022366,8288.0,0.02237,47474.0,0.022371,287494.0
1753503738647,04:22:18.647,ACH/USDT:USDT,0.022369,312.0,0.022366,8288.0,0.02237,47474.0,0.022371,287494.0
1753503738797,04:22:18.797,ACH/USDT:USDT,0.022369,312.0,0.022366,8288.0,0.02237,47474.0,0.022371,287494.0
1753503738797,04:22:18.797,ACH/USDT:USDT,0.022369,312.0,0.022366,8288.0,0.02237,47474.0,0.022371,287494.0
1753503738947,04:22:18.947,ACH/USDT:USDT,0.022369,312.0,0.022366,8288.0,0.02237,47474.0,0.022371,287494.0
1753503738947,04:22:18.947,ACH/USDT:USDT,0.022369,312.0,0.022366,8288.0,0.02237,47474.0,0.022371,287494.0
1753503739097,04:22:19.097,ACH/USDT:USDT,0.022369,312.0,0.022366,8288.0,0.02237,47474.0,0.022371,287494.0
1753503739097,04:22:19.097,ACH/USDT:USDT,0.022369,312.0,0.022366,8288.0,0.02237,47474.0,0.022371,287494.0
1753503739247,04:22:19.247,ACH/USDT:USDT,0.022369,312.0,0.022366,8288.0,0.02237,47474.0,0.022371,287494.0
1753503739247,04:22:19.247,ACH/USDT:USDT,0.022369,312.0,0.022366,8288.0,0.02237,47474.0,0.022371,287494.0
1753503739397,04:22:19.397,ACH/USDT:USDT,0.022369,312.0,0.022366,8288.0,0.02237,47474.0,0.022371,287494.0
1753503739397,04:22:19.397,ACH/USDT:USDT,0.022369,312.0,0.022366,8288.0,0.02237,47474.0,0.022371,287494.0
1753503739548,04:22:19.548,ACH/USDT:USDT,0.022369,312.0,0.022366,8288.0,0.02237,47474.0,0.022371,287494.0
1753503739548,04:22:19.548,ACH/USDT:USDT,0.022369,312.0,0.022366,8288.0,0.02237,47474.0,0.022371,287494.0
1753503739698,04:22:19.698,ACH/USDT:USDT,0.022369,312.0,0.022366,2875.0,0.02237,47474.0,0.022371,287494.0
1753503739848,04:22:19.848,ACH/USDT:USDT,0.022369,312.0,0.022366,5415.0,0.02237,44599.0,0.022371,287494.0
1753503739848,04:22:19.848,ACH/USDT:USDT,0.022369,312.0,0.022366,5415.0,0.02237,44599.0,0.022371,287494.0
1753503739998,04:22:19.998,ACH/USDT:USDT,0.022369,312.0,0.022366,5415.0,0.02237,44599.0,0.022371,287494.0
1753503740148,04:22:20.148,ACH/USDT:USDT,0.022369,312.0,0.022366,5415.0,0.02237,44599.0,0.022371,287494.0
1753503740148,04:22:20.148,ACH/USDT:USDT,0.022369,312.0,0.022366,5415.0,0.02237,44599.0,0.022371,287494.0
1753503740298,04:22:20.298,ACH/USDT:USDT,0.022369,312.0,0.022366,5415.0,0.02237,44599.0,0.022371,287494.0
1753503740298,04:22:20.298,ACH/USDT:USDT,0.022369,312.0,0.022366,5415.0,0.02237,44599.0,0.022371,287494.0
1753503740448,04:22:20.448,ACH/USDT:USDT,0.022369,312.0,0.022366,5415.0,0.02237,44599.0,0.022371,287494.0
1753503740448,04:22:20.448,ACH/USDT:USDT,0.022369,312.0,0.022366,5415.0,0.02237,44599.0,0.022371,287494.0
1753503740598,04:22:20.598,ACH/USDT:USDT,0.022369,312.0,0.022366,5415.0,0.02237,44599.0,0.022371,287494.0
1753503740748,04:22:20.748,ACH/USDT:USDT,0.022369,3231.0,0.022366,5415.0,0.02237,44599.0,0.022371,287494.0
1753503740748,04:22:20.748,ACH/USDT:USDT,0.022369,3231.0,0.022366,5415.0,0.02237,44599.0,0.022371,287494.0
1753503740898,04:22:20.898,ACH/USDT:USDT,0.022369,3231.0,0.022367,5416.0,0.02237,44599.0,0.022371,287494.0
1753503740898,04:22:20.898,ACH/USDT:USDT,0.022369,3231.0,0.022367,5416.0,0.02237,44599.0,0.022371,287494.0
1753503741049,04:22:21.049,ACH/USDT:USDT,0.022369,3231.0,0.022367,5416.0,0.02237,44599.0,0.022371,287494.0
1753503741199,04:22:21.199,ACH/USDT:USDT,0.022369,3231.0,0.022367,5416.0,0.02237,44599.0,0.022371,287494.0
1753503741199,04:22:21.199,ACH/USDT:USDT,0.022369,3231.0,0.022367,5416.0,0.02237,44599.0,0.022371,287494.0
1753503741349,04:22:21.349,ACH/USDT:USDT,0.022369,312.0,0.022367,5416.0,0.02237,44599.0,0.022371,287494.0
1753503741499,04:22:21.499,ACH/USDT:USDT,0.022369,312.0,0.022366,5416.0,0.02237,44599.0,0.022371,287494.0
1753503741499,04:22:21.499,ACH/USDT:USDT,0.022369,312.0,0.022366,5416.0,0.02237,44599.0,0.022371,287494.0
1753503741649,04:22:21.649,ACH/USDT:USDT,0.022369,3231.0,0.022366,5416.0,0.02237,44599.0,0.022371,287494.0
1753503741649,04:22:21.649,ACH/USDT:USDT,0.022369,3231.0,0.022366,5416.0,0.02237,44599.0,0.022371,287494.0
1753503741799,04:22:21.799,ACH/USDT:USDT,0.022369,3231.0,0.022367,5416.0,0.02237,44599.0,0.022371,287494.0
1753503741799,04:22:21.799,ACH/USDT:USDT,0.022369,3231.0,0.022367,5416.0,0.02237,44599.0,0.022371,287494.0
1753503741949,04:22:21.949,ACH/USDT:USDT,0.022369,3231.0,0.022367,5416.0,0.02237,44599.0,0.022371,287494.0
1753503742099,04:22:22.099,ACH/USDT:USDT,0.022369,3231.0,0.022367,5416.0,0.02237,44599.0,0.022371,287494.0
1753503742099,04:22:22.099,ACH/USDT:USDT,0.022369,3231.0,0.022367,5416.0,0.02237,44599.0,0.022371,287494.0
1753503742249,04:22:22.249,ACH/USDT:USDT,0.022369,3231.0,0.022367,5416.0,0.02237,44599.0,0.022371,287494.0
1753503742249,04:22:22.249,ACH/USDT:USDT,0.022369,3231.0,0.022367,5416.0,0.02237,44599.0,0.022371,287494.0
1753503742399,04:22:22.399,ACH/USDT:USDT,0.022369,3231.0,0.022367,5416.0,0.02237,44599.0,0.022371,287494.0
1753503742399,04:22:22.399,ACH/USDT:USDT,0.022369,3231.0,0.022367,5416.0,0.02237,44599.0,0.022371,287494.0
1753503742549,04:22:22.549,ACH/USDT:USDT,0.022369,3231.0,0.022367,5416.0,0.02237,44599.0,0.022371,287494.0
1753503742549,04:22:22.549,ACH/USDT:USDT,0.022369,3231.0,0.022367,5416.0,0.02237,44599.0,0.022371,287494.0
1753503742700,04:22:22.700,ACH/USDT:USDT,0.022369,3231.0,0.022367,5416.0,0.02237,44599.0,0.022371,287494.0
1753503742850,04:22:22.850,ACH/USDT:USDT,0.022369,3231.0,0.022367,5416.0,0.02237,44599.0,0.022371,287494.0
1753503742850,04:22:22.850,ACH/USDT:USDT,0.022369,3231.0,0.022367,5416.0,0.02237,44599.0,0.022371,287494.0
1753503743000,04:22:23.000,ACH/USDT:USDT,0.022369,3231.0,0.022367,5416.0,0.02237,44599.0,0.022371,287494.0
1753503743000,04:22:23.000,ACH/USDT:USDT,0.022369,3231.0,0.022367,5416.0,0.02237,44599.0,0.022371,287494.0
1753503743150,04:22:23.150,ACH/USDT:USDT,0.022369,3231.0,0.022367,5416.0,0.02237,44599.0,0.022371,287494.0
1753503743150,04:22:23.150,ACH/USDT:USDT,0.022369,3231.0,0.022367,5416.0,0.02237,44599.0,0.022371,287494.0
1753503743300,04:22:23.300,ACH/USDT:USDT,0.022369,3231.0,0.022367,5416.0,0.02237,44599.0,0.022371,287494.0
1753503743300,04:22:23.300,ACH/USDT:USDT,0.022369,3231.0,0.022367,5416.0,0.02237,44599.0,0.022371,287494.0
1753503743450,04:22:23.450,ACH/USDT:USDT,0.022369,3231.0,0.022367,5416.0,0.02237,44599.0,0.022371,287494.0
1753503743450,04:22:23.450,ACH/USDT:USDT,0.022369,3231.0,0.022367,5416.0,0.02237,44599.0,0.022371,287494.0
1753503743600,04:22:23.600,ACH/USDT:USDT,0.022369,2919.0,0.022367,5416.0,0.02237,44599.0,0.022371,287494.0
1753503743600,04:22:23.600,ACH/USDT:USDT,0.022369,2919.0,0.022367,5416.0,0.02237,44599.0,0.022371,287494.0
1753503743750,04:22:23.750,ACH/USDT:USDT,0.022369,2919.0,0.022367,5416.0,0.02237,44599.0,0.022371,287494.0
1753503743750,04:22:23.750,ACH/USDT:USDT,0.022369,2919.0,0.022367,5416.0,0.02237,44599.0,0.022371,287494.0
1753503743900,04:22:23.900,ACH/USDT:USDT,0.022369,2919.0,0.022367,5416.0,0.02237,44599.0,0.022371,287494.0
1753503743900,04:22:23.900,ACH/USDT:USDT,0.022369,2919.0,0.022367,5416.0,0.02237,44599.0,0.022371,287494.0
1753503744050,04:22:24.050,ACH/USDT:USDT,0.022369,2919.0,0.022367,5416.0,0.02237,44599.0,0.022371,287494.0
1753503744200,04:22:24.200,ACH/USDT:USDT,0.022369,2919.0,0.022367,5416.0,0.02237,44599.0,0.022371,287494.0
1753503744200,04:22:24.200,ACH/USDT:USDT,0.022369,2919.0,0.022367,5416.0,0.02237,44599.0,0.022371,287494.0
1753503744351,04:22:24.351,ACH/USDT:USDT,0.022369,2919.0,0.022367,5416.0,0.02237,44599.0,0.022371,287494.0
1753503744351,04:22:24.351,ACH/USDT:USDT,0.022369,2919.0,0.022367,5416.0,0.02237,44599.0,0.022371,287494.0
1753503744501,04:22:24.501,ACH/USDT:USDT,0.022369,2919.0,0.022367,5416.0,0.02237,44599.0,0.022371,287494.0
1753503744651,04:22:24.651,ACH/USDT:USDT,0.022369,2919.0,0.022367,5416.0,0.02237,44599.0,0.022371,287494.0
1753503744651,04:22:24.651,ACH/USDT:USDT,0.022369,2919.0,0.022367,5416.0,0.02237,44599.0,0.022371,287494.0
1753503744801,04:22:24.801,ACH/USDT:USDT,0.022369,2919.0,0.022367,5416.0,0.02237,44599.0,0.022371,287494.0
1753503744801,04:22:24.801,ACH/USDT:USDT,0.022369,2919.0,0.022367,5416.0,0.02237,44599.0,0.022371,287494.0
1753503744951,04:22:24.951,ACH/USDT:USDT,0.022369,2919.0,0.022367,5416.0,0.02237,44599.0,0.022371,287494.0
1753503745101,04:22:25.101,ACH/USDT:USDT,0.022369,2919.0,0.022367,5416.0,0.02237,44599.0,0.022371,287494.0
1753503745101,04:22:25.101,ACH/USDT:USDT,0.022369,2919.0,0.022367,5416.0,0.02237,44599.0,0.022371,287494.0
1753503745251,04:22:25.251,ACH/USDT:USDT,0.022369,2919.0,0.022367,5416.0,0.02237,44599.0,0.022371,287494.0
1753503745251,04:22:25.251,ACH/USDT:USDT,0.022369,2919.0,0.022367,5416.0,0.02237,44599.0,0.022371,287494.0
1753503745401,04:22:25.401,ACH/USDT:USDT,0.022369,2919.0,0.022367,5416.0,0.02237,44599.0,0.022371,287494.0
1753503745551,04:22:25.551,ACH/USDT:USDT,0.022369,2919.0,0.022367,5416.0,0.02237,44599.0,0.022371,287494.0
1753503745551,04:22:25.551,ACH/USDT:USDT,0.022369,2919.0,0.022367,5416.0,0.02237,44599.0,0.022371,287494.0
1753503745701,04:22:25.701,ACH/USDT:USDT,0.022367,5416.0,0.022363,2875.0,0.02237,44599.0,0.022371,287494.0
1753503745701,04:22:25.701,ACH/USDT:USDT,0.022367,5416.0,0.022363,2875.0,0.02237,44599.0,0.022371,287494.0
1753503745851,04:22:25.851,ACH/USDT:USDT,0.022365,5418.0,0.022363,2875.0,0.022369,297817.0,0.02237,130847.0
1753503745851,04:22:25.851,ACH/USDT:USDT,0.022365,5418.0,0.022363,2875.0,0.022369,297817.0,0.02237,130847.0
1753503746002,04:22:26.002,ACH/USDT:USDT,0.022367,2919.0,0.022366,9444.0,0.022368,85331.0,0.022369,297817.0
1753503746152,04:22:26.152,ACH/USDT:USDT,0.022367,12364.0,0.022365,5418.0,0.022369,297817.0,0.02237,44599.0
1753503746302,04:22:26.302,ACH/USDT:USDT,0.022367,12364.0,0.022365,5418.0,0.022369,297817.0,0.02237,44599.0
1753503746302,04:22:26.302,ACH/USDT:USDT,0.022367,12364.0,0.022365,5418.0,0.022369,297817.0,0.02237,44599.0
1753503746452,04:22:26.452,ACH/USDT:USDT,0.022367,12364.0,0.022365,5418.0,0.022369,297817.0,0.02237,44599.0
1753503746602,04:22:26.602,ACH/USDT:USDT,0.022367,12364.0,0.022365,5418.0,0.022369,297817.0,0.02237,44599.0
1753503746602,04:22:26.602,ACH/USDT:USDT,0.022367,12364.0,0.022365,5418.0,0.022369,297817.0,0.02237,44599.0
1753503746752,04:22:26.752,ACH/USDT:USDT,0.022367,9445.0,0.022365,5418.0,0.022369,297817.0,0.02237,44599.0
1753503746752,04:22:26.752,ACH/USDT:USDT,0.022367,9445.0,0.022365,5418.0,0.022369,297817.0,0.02237,44599.0
1753503746902,04:22:26.902,ACH/USDT:USDT,0.022367,9445.0,0.022365,5418.0,0.022369,297817.0,0.02237,44599.0
1753503746902,04:22:26.902,ACH/USDT:USDT,0.022367,9445.0,0.022365,5418.0,0.022369,297817.0,0.02237,44599.0
1753503747052,04:22:27.052,ACH/USDT:USDT,0.022364,5417.0,0.022363,2875.0,0.022368,2807.0,0.022369,297817.0
1753503747052,04:22:27.052,ACH/USDT:USDT,0.022364,5417.0,0.022363,2875.0,0.022368,2807.0,0.022369,297817.0
1753503747202,04:22:27.202,ACH/USDT:USDT,0.022364,8224.0,0.022362,5417.0,0.022368,88138.0,0.022369,297817.0
1753503747202,04:22:27.202,ACH/USDT:USDT,0.022364,8224.0,0.022362,5417.0,0.022368,88138.0,0.022369,297817.0
1753503747352,04:22:27.352,ACH/USDT:USDT,0.022364,8224.0,0.022362,5417.0,0.022368,88138.0,0.022369,297817.0
1753503747352,04:22:27.352,ACH/USDT:USDT,0.022364,8224.0,0.022362,5417.0,0.022368,88138.0,0.022369,297817.0
1753503747503,04:22:27.503,ACH/USDT:USDT,0.022364,8224.0,0.022362,5417.0,0.022368,88138.0,0.022369,297817.0
1753503747503,04:22:27.503,ACH/USDT:USDT,0.022364,8224.0,0.022362,5417.0,0.022368,88138.0,0.022369,297817.0
1753503747653,04:22:27.653,ACH/USDT:USDT,0.022364,8224.0,0.022362,5417.0,0.022368,85331.0,0.022369,297817.0
1753503747653,04:22:27.653,ACH/USDT:USDT,0.022364,8224.0,0.022362,5417.0,0.022368,85331.0,0.022369,297817.0
1753503747803,04:22:27.803,ACH/USDT:USDT,0.022364,8224.0,0.022362,5417.0,0.022368,85331.0,0.022369,297817.0
1753503747803,04:22:27.803,ACH/USDT:USDT,0.022364,8224.0,0.022362,5417.0,0.022368,85331.0,0.022369,297817.0
1753503747953,04:22:27.953,ACH/USDT:USDT,0.022364,8224.0,0.022362,5417.0,0.022368,85331.0,0.022369,297817.0
1753503747953,04:22:27.953,ACH/USDT:USDT,0.022364,8224.0,0.022362,5417.0,0.022368,85331.0,0.022369,297817.0
1753503748103,04:22:28.103,ACH/USDT:USDT,0.022364,8224.0,0.022362,5417.0,0.022368,85331.0,0.022369,297817.0
1753503748103,04:22:28.103,ACH/USDT:USDT,0.022364,8224.0,0.022362,5417.0,0.022368,85331.0,0.022369,297817.0
1753503748253,04:22:28.253,ACH/USDT:USDT,0.022364,8224.0,0.022362,5417.0,0.022368,85331.0,0.022369,297817.0
1753503748253,04:22:28.253,ACH/USDT:USDT,0.022364,8224.0,0.022362,5417.0,0.022368,85331.0,0.022369,297817.0
1753503748403,04:22:28.403,ACH/USDT:USDT,0.022364,8224.0,0.022362,5417.0,0.022368,85331.0,0.022369,297817.0
1753503748403,04:22:28.403,ACH/USDT:USDT,0.022364,8224.0,0.022362,5417.0,0.022368,85331.0,0.022369,297817.0
1753503748553,04:22:28.553,ACH/USDT:USDT,0.022364,8224.0,0.022362,5417.0,0.022368,85331.0,0.022369,297817.0
1753503748553,04:22:28.553,ACH/USDT:USDT,0.022364,8224.0,0.022362,5417.0,0.022368,85331.0,0.022369,297817.0
1753503748703,04:22:28.703,ACH/USDT:USDT,0.022364,8224.0,0.022362,5417.0,0.022368,85331.0,0.022369,297817.0
1753503748703,04:22:28.703,ACH/USDT:USDT,0.022364,8224.0,0.022362,5417.0,0.022368,85331.0,0.022369,297817.0
1753503748853,04:22:28.853,ACH/USDT:USDT,0.022364,8224.0,0.022362,5417.0,0.022368,85331.0,0.022369,297817.0
1753503748853,04:22:28.853,ACH/USDT:USDT,0.022364,8224.0,0.022362,5417.0,0.022368,85331.0,0.022369,297817.0
1753503749003,04:22:29.003,ACH/USDT:USDT,0.022364,8224.0,0.022362,5417.0,0.022368,85331.0,0.022369,297817.0
1753503749003,04:22:29.003,ACH/USDT:USDT,0.022364,8224.0,0.022362,5417.0,0.022368,85331.0,0.022369,297817.0
1753503749153,04:22:29.153,ACH/USDT:USDT,0.022364,8224.0,0.022362,5417.0,0.022368,85331.0,0.022369,297817.0
1753503749304,04:22:29.304,ACH/USDT:USDT,0.022364,8224.0,0.022362,5417.0,0.022368,85331.0,0.022369,297817.0
1753503749304,04:22:29.304,ACH/USDT:USDT,0.022364,8224.0,0.022362,5417.0,0.022368,85331.0,0.022369,297817.0
1753503749454,04:22:29.454,ACH/USDT:USDT,0.022364,8224.0,0.022362,5417.0,0.022368,85331.0,0.022369,297817.0
1753503749454,04:22:29.454,ACH/USDT:USDT,0.022364,8224.0,0.022362,5417.0,0.022368,85331.0,0.022369,297817.0
1753503749604,04:22:29.604,ACH/USDT:USDT,0.022364,8224.0,0.022362,5417.0,0.022368,85331.0,0.022369,297817.0
1753503749604,04:22:29.604,ACH/USDT:USDT,0.022364,8224.0,0.022362,5417.0,0.022368,85331.0,0.022369,297817.0
1753503749754,04:22:29.754,ACH/USDT:USDT,0.022364,8224.0,0.022362,5417.0,0.022368,85331.0,0.022369,297817.0
1753503749754,04:22:29.754,ACH/USDT:USDT,0.022364,8224.0,0.022362,5417.0,0.022368,85331.0,0.022369,297817.0
1753503749904,04:22:29.904,ACH/USDT:USDT,0.022364,8224.0,0.022362,5417.0,0.022368,85331.0,0.022369,297817.0
1753503749904,04:22:29.904,ACH/USDT:USDT,0.022364,8224.0,0.022362,5417.0,0.022368,85331.0,0.022369,297817.0
1753503750054,04:22:30.054,ACH/USDT:USDT,0.022364,8224.0,0.022362,5417.0,0.022368,85331.0,0.022369,297817.0
1753503750054,04:22:30.054,ACH/USDT:USDT,0.022364,8224.0,0.022362,5417.0,0.022368,85331.0,0.022369,297817.0
1753503750204,04:22:30.204,ACH/USDT:USDT,0.022364,8224.0,0.022362,5417.0,0.022368,85331.0,0.022369,297817.0
1753503750204,04:22:30.204,ACH/USDT:USDT,0.022364,8224.0,0.022362,5417.0,0.022368,85331.0,0.022369,297817.0
1753503750354,04:22:30.354,ACH/USDT:USDT,0.022364,8224.0,0.022362,5417.0,0.022368,85331.0,0.022369,297817.0
1753503750504,04:22:30.504,ACH/USDT:USDT,0.022364,8224.0,0.022362,5417.0,0.022368,85331.0,0.022369,297817.0
1753503750654,04:22:30.654,ACH/USDT:USDT,0.022364,8224.0,0.022362,5417.0,0.022368,85331.0,0.022369,297817.0
1753503750654,04:22:30.654,ACH/USDT:USDT,0.022364,8224.0,0.022362,5417.0,0.022368,85331.0,0.022369,297817.0
1753503750804,04:22:30.804,ACH/USDT:USDT,0.022364,8224.0,0.022362,5417.0,0.022368,85331.0,0.022369,297817.0
1753503750804,04:22:30.804,ACH/USDT:USDT,0.022364,8224.0,0.022362,5417.0,0.022368,85331.0,0.022369,297817.0
1753503750955,04:22:30.955,ACH/USDT:USDT,0.022364,8224.0,0.022362,5417.0,0.022368,85331.0,0.022369,297817.0
1753503750955,04:22:30.955,ACH/USDT:USDT,0.022364,8224.0,0.022362,5417.0,0.022368,85331.0,0.022369,297817.0
1753503751105,04:22:31.105,ACH/USDT:USDT,0.022364,8224.0,0.022362,5417.0,0.022368,85331.0,0.022369,297817.0
1753503751105,04:22:31.105,ACH/USDT:USDT,0.022364,8224.0,0.022362,5417.0,0.022368,85331.0,0.022369,297817.0
1753503751255,04:22:31.255,ACH/USDT:USDT,0.022364,8224.0,0.022362,5417.0,0.022368,85331.0,0.022369,297817.0
1753503751255,04:22:31.255,ACH/USDT:USDT,0.022364,8224.0,0.022362,5417.0,0.022368,85331.0,0.022369,297817.0
1753503751405,04:22:31.405,ACH/USDT:USDT,0.022364,8224.0,0.022362,5417.0,0.022368,85331.0,0.022369,297817.0
1753503751405,04:22:31.405,ACH/USDT:USDT,0.022364,8224.0,0.022362,5417.0,0.022368,85331.0,0.022369,297817.0
1753503751555,04:22:31.555,ACH/USDT:USDT,0.022364,8224.0,0.022362,5417.0,0.022368,85331.0,0.022369,297817.0
1753503751705,04:22:31.705,ACH/USDT:USDT,0.022364,8224.0,0.022362,5417.0,0.022368,85331.0,0.022369,297817.0
1753503751855,04:22:31.855,ACH/USDT:USDT,0.022364,8224.0,0.022362,5417.0,0.022368,85331.0,0.022369,297817.0
1753503751855,04:22:31.855,ACH/USDT:USDT,0.022364,8224.0,0.022362,5417.0,0.022368,85331.0,0.022369,297817.0
1753503752005,04:22:32.005,ACH/USDT:USDT,0.022364,8224.0,0.022362,5417.0,0.022368,85331.0,0.022369,297817.0
1753503752005,04:22:32.005,ACH/USDT:USDT,0.022364,8224.0,0.022362,5417.0,0.022368,85331.0,0.022369,297817.0
1753503752155,04:22:32.155,ACH/USDT:USDT,0.022364,8224.0,0.022362,5417.0,0.022368,85331.0,0.022369,297817.0
1753503752155,04:22:32.155,ACH/USDT:USDT,0.022364,8224.0,0.022362,5417.0,0.022368,85331.0,0.022369,297817.0
1753503752305,04:22:32.305,ACH/USDT:USDT,0.022364,8224.0,0.022362,5417.0,0.022368,85331.0,0.022369,297817.0
1753503752305,04:22:32.305,ACH/USDT:USDT,0.022364,8224.0,0.022362,5417.0,0.022368,85331.0,0.022369,297817.0
1753503752455,04:22:32.455,ACH/USDT:USDT,0.022364,8224.0,0.022362,5417.0,0.022368,85331.0,0.022369,297817.0
1753503752455,04:22:32.455,ACH/USDT:USDT,0.022364,8224.0,0.022362,5417.0,0.022368,85331.0,0.022369,297817.0
1753503752606,04:22:32.606,ACH/USDT:USDT,0.022364,8224.0,0.022362,5417.0,0.022368,85331.0,0.022369,297817.0
1753503752606,04:22:32.606,ACH/USDT:USDT,0.022364,8224.0,0.022362,5417.0,0.022368,85331.0,0.022369,297817.0
1753503752756,04:22:32.756,ACH/USDT:USDT,0.022364,8224.0,0.022362,5417.0,0.022368,85331.0,0.022369,297817.0
1753503752756,04:22:32.756,ACH/USDT:USDT,0.022364,8224.0,0.022362,5417.0,0.022368,85331.0,0.022369,297817.0
1753503752906,04:22:32.906,ACH/USDT:USDT,0.022364,8224.0,0.022362,5417.0,0.022368,85331.0,0.022369,297817.0
1753503753056,04:22:33.056,ACH/USDT:USDT,0.022364,8224.0,0.022362,5417.0,0.022368,85331.0,0.022369,297817.0
1753503753206,04:22:33.206,ACH/USDT:USDT,0.022364,8224.0,0.022362,5417.0,0.022368,85331.0,0.022369,297817.0
1753503753206,04:22:33.206,ACH/USDT:USDT,0.022364,8224.0,0.022362,5417.0,0.022368,85331.0,0.022369,297817.0
1753503753356,04:22:33.356,ACH/USDT:USDT,0.022364,8224.0,0.022362,5417.0,0.022368,85331.0,0.022369,297817.0
1753503753356,04:22:33.356,ACH/USDT:USDT,0.022364,8224.0,0.022362,5417.0,0.022368,85331.0,0.022369,297817.0
1753503753506,04:22:33.506,ACH/USDT:USDT,0.022364,8224.0,0.022362,5417.0,0.022368,85331.0,0.022369,297817.0
1753503753506,04:22:33.506,ACH/USDT:USDT,0.022364,8224.0,0.022362,5417.0,0.022368,85331.0,0.022369,297817.0
1753503753656,04:22:33.656,ACH/USDT:USDT,0.022364,8224.0,0.022362,5417.0,0.022367,2807.0,0.022368,85331.0
1753503753656,04:22:33.656,ACH/USDT:USDT,0.022364,8224.0,0.022362,5417.0,0.022367,2807.0,0.022368,85331.0
1753503753806,04:22:33.806,ACH/USDT:USDT,0.022364,8224.0,0.022362,5417.0,0.022367,2807.0,0.022368,85331.0
1753503753806,04:22:33.806,ACH/USDT:USDT,0.022364,8224.0,0.022362,5417.0,0.022367,2807.0,0.022368,85331.0
1753503753957,04:22:33.957,ACH/USDT:USDT,0.022364,8224.0,0.022362,5417.0,0.022367,2807.0,0.022368,85331.0
1753503753957,04:22:33.957,ACH/USDT:USDT,0.022364,8224.0,0.022362,5417.0,0.022367,2807.0,0.022368,85331.0
1753503754107,04:22:34.107,ACH/USDT:USDT,0.022364,8224.0,0.022362,5417.0,0.022367,2807.0,0.022368,85331.0
1753503754107,04:22:34.107,ACH/USDT:USDT,0.022364,8224.0,0.022362,5417.0,0.022367,2807.0,0.022368,85331.0
1753503754257,04:22:34.257,ACH/USDT:USDT,0.022364,8224.0,0.022362,5417.0,0.022367,2807.0,0.022368,85331.0
1753503754257,04:22:34.257,ACH/USDT:USDT,0.022364,8224.0,0.022362,5417.0,0.022367,2807.0,0.022368,85331.0
1753503754407,04:22:34.407,ACH/USDT:USDT,0.022364,8224.0,0.022362,5417.0,0.022367,2807.0,0.022368,85331.0
1753503754407,04:22:34.407,ACH/USDT:USDT,0.022364,8224.0,0.022362,5417.0,0.022367,2807.0,0.022368,85331.0
1753503754557,04:22:34.557,ACH/USDT:USDT,0.022364,8224.0,0.022362,5417.0,0.022367,2807.0,0.022368,85331.0
1753503754557,04:22:34.557,ACH/USDT:USDT,0.022364,8224.0,0.022362,5417.0,0.022367,2807.0,0.022368,85331.0
1753503754707,04:22:34.707,ACH/USDT:USDT,0.022364,8224.0,0.022362,5417.0,0.022367,2807.0,0.022368,85331.0
1753503754707,04:22:34.707,ACH/USDT:USDT,0.022364,8224.0,0.022362,5417.0,0.022367,2807.0,0.022368,85331.0
1753503754857,04:22:34.857,ACH/USDT:USDT,0.022362,5417.0,0.022361,3119.0,0.022367,5729.0,0.022368,88253.0
1753503755007,04:22:35.007,ACH/USDT:USDT,0.022362,8224.0,0.022361,312.0,0.022366,2807.0,0.022367,2922.0
1753503755157,04:22:35.157,ACH/USDT:USDT,0.022362,8224.0,0.022361,312.0,0.022366,2807.0,0.022367,2922.0
1753503755157,04:22:35.157,ACH/USDT:USDT,0.022362,8224.0,0.022361,312.0,0.022366,2807.0,0.022367,2922.0
1753503755307,04:22:35.307,ACH/USDT:USDT,0.022362,8224.0,0.022361,312.0,0.022366,2807.0,0.022367,2922.0
1753503755457,04:22:35.457,ACH/USDT:USDT,0.022362,8224.0,0.022361,312.0,0.022366,2807.0,0.022367,2922.0
1753503755457,04:22:35.457,ACH/USDT:USDT,0.022362,8224.0,0.022361,312.0,0.022366,2807.0,0.022367,2922.0
1753503755607,04:22:35.607,ACH/USDT:USDT,0.022362,8224.0,0.022361,312.0,0.022366,2807.0,0.022367,2922.0
1753503755607,04:22:35.607,ACH/USDT:USDT,0.022362,8224.0,0.022361,312.0,0.022366,2807.0,0.022367,2922.0
1753503755758,04:22:35.758,ACH/USDT:USDT,0.022362,8224.0,0.022361,312.0,0.022366,2807.0,0.022367,2922.0
1753503755758,04:22:35.758,ACH/USDT:USDT,0.022362,8224.0,0.022361,312.0,0.022366,2807.0,0.022367,2922.0
1753503755908,04:22:35.908,ACH/USDT:USDT,0.022362,8224.0,0.022361,312.0,0.022366,2807.0,0.022367,2922.0
1753503755908,04:22:35.908,ACH/USDT:USDT,0.022362,8224.0,0.022361,312.0,0.022366,2807.0,0.022367,2922.0
1753503756058,04:22:36.058,ACH/USDT:USDT,0.022362,8224.0,0.022361,312.0,0.022366,2807.0,0.022367,2922.0
1753503756058,04:22:36.058,ACH/USDT:USDT,0.022362,8224.0,0.022361,312.0,0.022366,2807.0,0.022367,2922.0
1753503756208,04:22:36.208,ACH/USDT:USDT,0.022362,8224.0,0.022361,312.0,0.022366,2807.0,0.022367,2922.0
1753503756208,04:22:36.208,ACH/USDT:USDT,0.022362,8224.0,0.022361,312.0,0.022366,2807.0,0.022367,2922.0
1753503756358,04:22:36.358,ACH/USDT:USDT,0.022362,8224.0,0.022361,312.0,0.022366,2807.0,0.022367,2922.0
1753503756358,04:22:36.358,ACH/USDT:USDT,0.022362,8224.0,0.022361,312.0,0.022366,2807.0,0.022367,2922.0
1753503756508,04:22:36.508,ACH/USDT:USDT,0.022362,8224.0,0.022361,312.0,0.022366,2807.0,0.022367,2922.0
1753503756508,04:22:36.508,ACH/USDT:USDT,0.022362,8224.0,0.022361,312.0,0.022366,2807.0,0.022367,2922.0
1753503756658,04:22:36.658,ACH/USDT:USDT,0.022362,8224.0,0.022361,312.0,0.022366,2807.0,0.022367,2922.0
1753503756658,04:22:36.658,ACH/USDT:USDT,0.022362,8224.0,0.022361,312.0,0.022366,2807.0,0.022367,2922.0
1753503756808,04:22:36.808,ACH/USDT:USDT,0.022362,8224.0,0.022361,312.0,0.022366,2807.0,0.022367,2922.0
1753503756808,04:22:36.808,ACH/USDT:USDT,0.022362,8224.0,0.022361,312.0,0.022366,2807.0,0.022367,2922.0
1753503756958,04:22:36.958,ACH/USDT:USDT,0.022362,8224.0,0.022361,312.0,0.022366,2807.0,0.022367,2922.0
1753503756958,04:22:36.958,ACH/USDT:USDT,0.022362,8224.0,0.022361,312.0,0.022366,2807.0,0.022367,2922.0
1753503757108,04:22:37.108,ACH/USDT:USDT,0.022362,8224.0,0.022361,312.0,0.022366,2807.0,0.022367,2922.0
1753503757108,04:22:37.108,ACH/USDT:USDT,0.022362,8224.0,0.022361,312.0,0.022366,2807.0,0.022367,2922.0
1753503757258,04:22:37.258,ACH/USDT:USDT,0.022362,8224.0,0.022361,312.0,0.022366,2807.0,0.022367,2922.0
1753503757258,04:22:37.258,ACH/USDT:USDT,0.022362,8224.0,0.022361,312.0,0.022366,2807.0,0.022367,2922.0
1753503757409,04:22:37.409,ACH/USDT:USDT,0.022362,8224.0,0.022361,312.0,0.022366,2807.0,0.022367,2922.0
1753503757409,04:22:37.409,ACH/USDT:USDT,0.022362,8224.0,0.022361,312.0,0.022366,2807.0,0.022367,2922.0
1753503757559,04:22:37.559,ACH/USDT:USDT,0.022362,8224.0,0.022361,312.0,0.022366,2807.0,0.022367,2922.0
1753503757559,04:22:37.559,ACH/USDT:USDT,0.022362,8224.0,0.022361,312.0,0.022366,2807.0,0.022367,2922.0
1753503757709,04:22:37.709,ACH/USDT:USDT,0.022362,8224.0,0.022361,312.0,0.022366,2807.0,0.022367,2922.0
1753503757709,04:22:37.709,ACH/USDT:USDT,0.022362,8224.0,0.022361,312.0,0.022366,2807.0,0.022367,2922.0
1753503757859,04:22:37.859,ACH/USDT:USDT,0.022362,8224.0,0.022361,312.0,0.022366,2807.0,0.022367,2922.0
1753503757859,04:22:37.859,ACH/USDT:USDT,0.022362,8224.0,0.022361,312.0,0.022366,2807.0,0.022367,2922.0
1753503758009,04:22:38.009,ACH/USDT:USDT,0.022362,8224.0,0.022361,312.0,0.022366,2807.0,0.022367,2922.0
1753503758009,04:22:38.009,ACH/USDT:USDT,0.022362,8224.0,0.022361,312.0,0.022366,2807.0,0.022367,2922.0
1753503758159,04:22:38.159,ACH/USDT:USDT,0.022362,8224.0,0.022361,312.0,0.022366,2807.0,0.022367,2922.0
1753503758309,04:22:38.309,ACH/USDT:USDT,0.022362,8224.0,0.022361,312.0,0.022366,2807.0,0.022367,2922.0
1753503758459,04:22:38.459,ACH/USDT:USDT,0.022362,8224.0,0.022361,312.0,0.022366,2807.0,0.022367,2922.0
1753503758459,04:22:38.459,ACH/USDT:USDT,0.022362,8224.0,0.022361,312.0,0.022366,2807.0,0.022367,2922.0
1753503758609,04:22:38.609,ACH/USDT:USDT,0.022363,9444.0,0.022362,8224.0,0.022367,2922.0,0.022368,88253.0
1753503758609,04:22:38.609,ACH/USDT:USDT,0.022363,9444.0,0.022362,8224.0,0.022367,2922.0,0.022368,88253.0
1753503758759,04:22:38.759,ACH/USDT:USDT,0.022364,9444.0,0.022363,12269.0,0.022367,5747.0,0.022368,88253.0
1753503758910,04:22:38.910,ACH/USDT:USDT,0.022365,9444.0,0.022364,9444.0,0.022367,5747.0,0.022368,88253.0
1753503758910,04:22:38.910,ACH/USDT:USDT,0.022365,9444.0,0.022364,9444.0,0.022367,5747.0,0.022368,88253.0
1753503759060,04:22:39.060,ACH/USDT:USDT,0.022365,9444.0,0.022363,8258.0,0.022367,5747.0,0.022368,88253.0
1753503759060,04:22:39.060,ACH/USDT:USDT,0.022365,9444.0,0.022363,8258.0,0.022367,5747.0,0.022368,88253.0
1753503759210,04:22:39.210,ACH/USDT:USDT,0.022363,8258.0,0.022361,312.0,0.022367,2922.0,0.022368,88253.0
1753503759210,04:22:39.210,ACH/USDT:USDT,0.022363,8258.0,0.022361,312.0,0.022367,2922.0,0.022368,88253.0
1753503759360,04:22:39.360,ACH/USDT:USDT,0.022363,8258.0,0.022361,5745.0,0.022366,2825.0,0.022367,2922.0
1753503759360,04:22:39.360,ACH/USDT:USDT,0.022363,8258.0,0.022361,5745.0,0.022366,2825.0,0.022367,2922.0
1753503759510,04:22:39.510,ACH/USDT:USDT,0.022363,8258.0,0.022361,5745.0,0.022366,2825.0,0.022367,2922.0
1753503759510,04:22:39.510,ACH/USDT:USDT,0.022363,8258.0,0.022361,5745.0,0.022366,2825.0,0.022367,2922.0
1753503759660,04:22:39.660,ACH/USDT:USDT,0.022363,8258.0,0.022361,5745.0,0.022366,2825.0,0.022367,2922.0
1753503759660,04:22:39.660,ACH/USDT:USDT,0.022363,8258.0,0.022361,5745.0,0.022366,2825.0,0.022367,2922.0
1753503759810,04:22:39.810,ACH/USDT:USDT,0.022363,8258.0,0.022361,5745.0,0.022366,2825.0,0.022367,2922.0
1753503759810,04:22:39.810,ACH/USDT:USDT,0.022363,8258.0,0.022361,5745.0,0.022366,2825.0,0.022367,2922.0
1753503759960,04:22:39.960,ACH/USDT:USDT,0.022363,8258.0,0.022361,5745.0,0.022366,2825.0,0.022367,2922.0
1753503759960,04:22:39.960,ACH/USDT:USDT,0.022363,8258.0,0.022361,5745.0,0.022366,2825.0,0.022367,2922.0
1753503760110,04:22:40.110,ACH/USDT:USDT,0.022363,8258.0,0.022361,5745.0,0.022366,2825.0,0.022367,2922.0
1753503760260,04:22:40.260,ACH/USDT:USDT,0.022363,8258.0,0.022361,5745.0,0.022366,2825.0,0.022367,2922.0
1753503760410,04:22:40.410,ACH/USDT:USDT,0.022363,5433.0,0.022361,5745.0,0.022366,2825.0,0.022367,2922.0
1753503760410,04:22:40.410,ACH/USDT:USDT,0.022363,5433.0,0.022361,5745.0,0.022366,2825.0,0.022367,2922.0
1753503760561,04:22:40.561,ACH/USDT:USDT,0.022363,5433.0,0.022361,5745.0,0.022366,2825.0,0.022367,2922.0
1753503760561,04:22:40.561,ACH/USDT:USDT,0.022363,5433.0,0.022361,5745.0,0.022366,2825.0,0.022367,2922.0
1753503760711,04:22:40.711,ACH/USDT:USDT,0.022363,5433.0,0.022361,5745.0,0.022366,2825.0,0.022367,2922.0
1753503760711,04:22:40.711,ACH/USDT:USDT,0.022363,5433.0,0.022361,5745.0,0.022366,2825.0,0.022367,2922.0
1753503760861,04:22:40.861,ACH/USDT:USDT,0.022363,5433.0,0.022361,5745.0,0.022366,2825.0,0.022367,2922.0
1753503760861,04:22:40.861,ACH/USDT:USDT,0.022363,5433.0,0.022361,5745.0,0.022366,2825.0,0.022367,2922.0
1753503761011,04:22:41.011,ACH/USDT:USDT,0.022363,5433.0,0.022361,5745.0,0.022366,2825.0,0.022367,2922.0
1753503761011,04:22:41.011,ACH/USDT:USDT,0.022363,5433.0,0.022361,5745.0,0.022366,2825.0,0.022367,2922.0
1753503761161,04:22:41.161,ACH/USDT:USDT,0.022363,5433.0,0.022361,5745.0,0.022366,2825.0,0.022367,2922.0
1753503761311,04:22:41.311,ACH/USDT:USDT,0.022363,8258.0,0.022361,5745.0,0.022366,2825.0,0.022367,2922.0
1753503761461,04:22:41.461,ACH/USDT:USDT,0.022363,8258.0,0.022361,5745.0,0.022367,2922.0,0.022368,88253.0
1753503761611,04:22:41.611,ACH/USDT:USDT,0.022363,8258.0,0.022361,5745.0,0.022367,5747.0,0.022368,88253.0
1753503761611,04:22:41.611,ACH/USDT:USDT,0.022363,8258.0,0.022361,5745.0,0.022367,5747.0,0.022368,88253.0
1753503761761,04:22:41.761,ACH/USDT:USDT,0.022363,8258.0,0.022361,5745.0,0.022367,5747.0,0.022368,88253.0
1753503761761,04:22:41.761,ACH/USDT:USDT,0.022363,8258.0,0.022361,5745.0,0.022367,5747.0,0.022368,88253.0
1753503761911,04:22:41.911,ACH/USDT:USDT,0.022363,5433.0,0.022361,5745.0,0.022367,2922.0,0.022368,88253.0
1753503761911,04:22:41.911,ACH/USDT:USDT,0.022363,5433.0,0.022361,5745.0,0.022367,2922.0,0.022368,88253.0
1753503762061,04:22:42.061,ACH/USDT:USDT,0.022363,5433.0,0.022361,5745.0,0.022366,2825.0,0.022367,2922.0
1753503762212,04:22:42.212,ACH/USDT:USDT,0.022363,5433.0,0.022361,5745.0,0.022366,2825.0,0.022367,2922.0
1753503762212,04:22:42.212,ACH/USDT:USDT,0.022363,5433.0,0.022361,5745.0,0.022366,2825.0,0.022367,2922.0
1753503762362,04:22:42.362,ACH/USDT:USDT,0.022363,8258.0,0.022361,5745.0,0.022366,2825.0,0.022367,2922.0
1753503762362,04:22:42.362,ACH/USDT:USDT,0.022363,8258.0,0.022361,5745.0,0.022366,2825.0,0.022367,2922.0
1753503762512,04:22:42.512,ACH/USDT:USDT,0.022363,8258.0,0.022361,5745.0,0.022366,2825.0,0.022367,2922.0
1753503762662,04:22:42.662,ACH/USDT:USDT,0.022363,8258.0,0.022361,5745.0,0.022366,2825.0,0.022367,2922.0
1753503762812,04:22:42.812,ACH/USDT:USDT,0.022363,8258.0,0.022361,5745.0,0.022366,2825.0,0.022367,2922.0
1753503762812,04:22:42.812,ACH/USDT:USDT,0.022363,8258.0,0.022361,5745.0,0.022366,2825.0,0.022367,2922.0
1753503762962,04:22:42.962,ACH/USDT:USDT,0.022363,8258.0,0.022361,5745.0,0.022366,2825.0,0.022367,2922.0
1753503762962,04:22:42.962,ACH/USDT:USDT,0.022363,8258.0,0.022361,5745.0,0.022366,2825.0,0.022367,2922.0
1753503763112,04:22:43.112,ACH/USDT:USDT,0.022363,8258.0,0.022361,5745.0,0.022366,2825.0,0.022367,2922.0
1753503763112,04:22:43.112,ACH/USDT:USDT,0.022363,8258.0,0.022361,5745.0,0.022366,2825.0,0.022367,2922.0
1753503763262,04:22:43.262,ACH/USDT:USDT,0.022363,8258.0,0.022361,5745.0,0.022366,2825.0,0.022367,2922.0
1753503763412,04:22:43.412,ACH/USDT:USDT,0.022363,8258.0,0.022361,5745.0,0.022366,2825.0,0.022367,2922.0
1753503763412,04:22:43.412,ACH/USDT:USDT,0.022363,8258.0,0.022361,5745.0,0.022366,2825.0,0.022367,2922.0
1753503763563,04:22:43.563,ACH/USDT:USDT,0.022363,8258.0,0.022361,5745.0,0.022366,2825.0,0.022367,2922.0
1753503763563,04:22:43.563,ACH/USDT:USDT,0.022363,8258.0,0.022361,5745.0,0.022366,2825.0,0.022367,2922.0
1753503763713,04:22:43.713,ACH/USDT:USDT,0.022363,8258.0,0.022361,5745.0,0.022366,2825.0,0.022367,2922.0
1753503763863,04:22:43.863,ACH/USDT:USDT,0.022363,8258.0,0.022361,5745.0,0.022366,2825.0,0.022367,2922.0
1753503763863,04:22:43.863,ACH/USDT:USDT,0.022363,8258.0,0.022361,5745.0,0.022366,2825.0,0.022367,2922.0
1753503764013,04:22:44.013,ACH/USDT:USDT,0.022363,8258.0,0.022361,5745.0,0.022366,2825.0,0.022367,2922.0
1753503764013,04:22:44.013,ACH/USDT:USDT,0.022363,8258.0,0.022361,5745.0,0.022366,2825.0,0.022367,2922.0
1753503764163,04:22:44.163,ACH/USDT:USDT,0.022361,312.0,0.022357,2905.0,0.022364,44599.0,0.022366,2825.0
1753503764163,04:22:44.163,ACH/USDT:USDT,0.022361,312.0,0.022357,2905.0,0.022364,44599.0,0.022366,2825.0
1753503764313,04:22:44.313,ACH/USDT:USDT,0.022357,2905.0,0.022354,2875.0,0.022363,16205.0,0.022364,328990.0
1753503764313,04:22:44.313,ACH/USDT:USDT,0.022357,2905.0,0.022354,2875.0,0.022363,16205.0,0.022364,328990.0
1753503764463,04:22:44.463,ACH/USDT:USDT,0.022356,313.0,0.022355,5440.0,0.022362,7687.0,0.022363,16258.0
1753503764613,04:22:44.613,ACH/USDT:USDT,0.022356,3138.0,0.022354,5440.0,0.022362,7687.0,0.022363,100766.0
1753503764763,04:22:44.763,ACH/USDT:USDT,0.022356,3138.0,0.022354,5440.0,0.022362,4862.0,0.022363,100766.0
1753503764763,04:22:44.763,ACH/USDT:USDT,0.022356,3138.0,0.022354,5440.0,0.022362,4862.0,0.022363,100766.0
1753503764913,04:22:44.913,ACH/USDT:USDT,0.022356,3138.0,0.022354,5440.0,0.022361,2825.0,0.022362,4862.0
1753503764913,04:22:44.913,ACH/USDT:USDT,0.022356,3138.0,0.022354,5440.0,0.022361,2825.0,0.022362,4862.0
1753503765063,04:22:45.063,ACH/USDT:USDT,0.022356,3138.0,0.022354,5440.0,0.02236,284389.0,0.022361,2825.0
1753503765063,04:22:45.063,ACH/USDT:USDT,0.022356,3138.0,0.022354,5440.0,0.02236,284389.0,0.022361,2825.0
1753503765213,04:22:45.213,ACH/USDT:USDT,0.022356,3138.0,0.022354,5440.0,0.022359,85317.0,0.02236,284389.0
1753503765213,04:22:45.213,ACH/USDT:USDT,0.022356,3138.0,0.022354,5440.0,0.022359,85317.0,0.02236,284389.0
1753503765364,04:22:45.364,ACH/USDT:USDT,0.022356,3138.0,0.022354,5440.0,0.022359,85317.0,0.02236,284389.0
1753503765364,04:22:45.364,ACH/USDT:USDT,0.022356,3138.0,0.022354,5440.0,0.022359,85317.0,0.02236,284389.0
1753503765514,04:22:45.514,ACH/USDT:USDT,0.022356,313.0,0.022354,5440.0,0.022359,88195.0,0.02236,287267.0
1753503765664,04:22:45.664,ACH/USDT:USDT,0.022356,313.0,0.022354,5440.0,0.022358,2825.0,0.022359,88195.0
1753503765664,04:22:45.664,ACH/USDT:USDT,0.022356,313.0,0.022354,5440.0,0.022358,2825.0,0.022359,88195.0
1753503765814,04:22:45.814,ACH/USDT:USDT,0.022356,313.0,0.022354,5440.0,0.022358,2825.0,0.022359,88195.0
1753503765814,04:22:45.814,ACH/USDT:USDT,0.022356,313.0,0.022354,5440.0,0.022358,2825.0,0.022359,88195.0
1753503765964,04:22:45.964,ACH/USDT:USDT,0.022356,313.0,0.022354,5440.0,0.022358,2825.0,0.022359,88195.0
1753503765964,04:22:45.964,ACH/USDT:USDT,0.022356,313.0,0.022354,5440.0,0.022358,2825.0,0.022359,88195.0
1753503766114,04:22:46.114,ACH/USDT:USDT,0.022356,313.0,0.022354,5440.0,0.022358,2825.0,0.022359,88195.0
1753503766114,04:22:46.114,ACH/USDT:USDT,0.022356,313.0,0.022354,5440.0,0.022358,2825.0,0.022359,88195.0
1753503766264,04:22:46.264,ACH/USDT:USDT,0.022356,313.0,0.022354,5440.0,0.022358,2825.0,0.022359,88195.0
1753503766264,04:22:46.264,ACH/USDT:USDT,0.022356,313.0,0.022354,5440.0,0.022358,2825.0,0.022359,88195.0
1753503766414,04:22:46.414,ACH/USDT:USDT,0.022356,313.0,0.022354,5440.0,0.022358,2825.0,0.022359,88195.0
1753503766414,04:22:46.414,ACH/USDT:USDT,0.022356,313.0,0.022354,5440.0,0.022358,2825.0,0.022359,88195.0
1753503766564,04:22:46.564,ACH/USDT:USDT,0.022356,313.0,0.022354,5440.0,0.022358,2825.0,0.022359,88195.0
1753503766564,04:22:46.564,ACH/USDT:USDT,0.022356,313.0,0.022354,5440.0,0.022358,2825.0,0.022359,88195.0
1753503766714,04:22:46.714,ACH/USDT:USDT,0.022356,313.0,0.022354,5440.0,0.022358,2825.0,0.022359,88195.0
1753503766714,04:22:46.714,ACH/USDT:USDT,0.022356,313.0,0.022354,5440.0,0.022358,2825.0,0.022359,88195.0
1753503766865,04:22:46.865,ACH/USDT:USDT,0.022356,313.0,0.022354,5440.0,0.022358,2825.0,0.022359,88195.0
1753503767015,04:22:47.015,ACH/USDT:USDT,0.022356,3144.0,0.022354,5440.0,0.022359,88195.0,0.02236,287267.0
1753503767015,04:22:47.015,ACH/USDT:USDT,0.022356,3144.0,0.022354,5440.0,0.022359,88195.0,0.02236,287267.0
1753503767165,04:22:47.165,ACH/USDT:USDT,0.022356,3144.0,0.022354,5440.0,0.022359,88195.0,0.02236,287267.0
1753503767165,04:22:47.165,ACH/USDT:USDT,0.022356,3144.0,0.022354,5440.0,0.022359,88195.0,0.02236,287267.0
1753503767315,04:22:47.315,ACH/USDT:USDT,0.022356,313.0,0.022354,5440.0,0.022359,88195.0,0.02236,287267.0
1753503767315,04:22:47.315,ACH/USDT:USDT,0.022356,313.0,0.022354,5440.0,0.022359,88195.0,0.02236,287267.0
1753503767465,04:22:47.465,ACH/USDT:USDT,0.022356,313.0,0.022354,5440.0,0.022358,2831.0,0.022359,88195.0
1753503767465,04:22:47.465,ACH/USDT:USDT,0.022356,313.0,0.022354,5440.0,0.022358,2831.0,0.022359,88195.0
1753503767615,04:22:47.615,ACH/USDT:USDT,0.022356,313.0,0.022354,5440.0,0.022358,2831.0,0.022359,88195.0
1753503767615,04:22:47.615,ACH/USDT:USDT,0.022356,313.0,0.022354,5440.0,0.022358,2831.0,0.022359,88195.0
