timestamp,time,symbol,bid1_price,bid1_volume,bid2_price,bid2_volume,ask1_price,ask1_volume,ask2_price,ask2_volume
1753504009529,04:26:49.529,ACH/USDT:USDT,0.022285,3541.0,0.022282,83472.0,0.022359,680.0,0.02236,765.0
1753504012127,04:26:52.127,ACH/USDT:USDT,0.02229,805.0,0.022285,78879.0,0.022359,220.0,0.022361,17730.0
1753504012127,04:26:52.127,ACH/USDT:USDT,0.02229,805.0,0.022285,78879.0,0.022359,247.0,0.022361,17730.0
1753504012326,04:26:52.326,ACH/USDT:USDT,0.022285,84372.0,0.022281,96441.0,0.022359,240.0,0.022361,17730.0
1753504012727,04:26:52.727,ACH/USDT:USDT,0.02229,8171.0,0.022285,84372.0,0.022359,295.0,0.022361,17730.0
1753504012929,04:26:52.929,ACH/USDT:USDT,0.02229,7438.0,0.022285,84372.0,0.022359,208.0,0.022361,17730.0
1753504013127,04:26:53.127,ACH/USDT:USDT,0.02229,5602.0,0.022285,84372.0,0.022359,272.0,0.022361,17730.0
1753504013331,04:26:53.331,ACH/USDT:USDT,0.02229,5584.0,0.022285,84372.0,0.022359,285.0,0.022361,17730.0
1753504013528,04:26:53.528,ACH/USDT:USDT,0.02229,7808.0,0.022285,84372.0,0.022359,253.0,0.022361,17730.0
1753504013726,04:26:53.726,ACH/USDT:USDT,0.022285,84372.0,0.022281,96441.0,0.022359,244.0,0.022361,17730.0
1753504013931,04:26:53.931,ACH/USDT:USDT,0.02229,5033.0,0.022285,84372.0,0.022359,320.0,0.022361,17730.0
1753504014726,04:26:54.726,ACH/USDT:USDT,0.022285,2382.0,0.022281,96441.0,0.022359,869.0,0.022361,17730.0
1753504015538,04:26:55.538,ACH/USDT:USDT,0.022285,12393.0,0.022281,96441.0,0.022361,17730.0,0.022364,85540.0
1753504015726,04:26:55.726,ACH/USDT:USDT,0.022285,12393.0,0.022281,96441.0,0.022358,367.0,0.022359,364.0
1753504016127,04:26:56.127,ACH/USDT:USDT,0.022285,12393.0,0.022281,96441.0,0.022361,17730.0,0.022364,85540.0
1753504016328,04:26:56.328,ACH/USDT:USDT,0.022285,12393.0,0.022281,96441.0,0.022358,414.0,0.022359,406.0
1753504016527,04:26:56.527,ACH/USDT:USDT,0.022285,12393.0,0.022281,96441.0,0.022361,17730.0,0.022364,85540.0
1753504016727,04:26:56.727,ACH/USDT:USDT,0.022285,12393.0,0.022281,96441.0,0.022358,330.0,0.022359,285.0
1753504017127,04:26:57.127,ACH/USDT:USDT,0.022285,12393.0,0.022281,96441.0,0.022358,415.0,0.022359,361.0
1753504017526,04:26:57.526,ACH/USDT:USDT,0.022285,12393.0,0.022281,96441.0,0.022358,388.0,0.022359,385.0
1753504018131,04:26:58.131,ACH/USDT:USDT,0.022292,2379.0,0.02229,783.0,0.022361,17730.0,0.022364,1989.0
1753504018327,04:26:58.327,ACH/USDT:USDT,0.02229,1870.0,0.022285,178276.0,0.022361,17730.0,0.022364,1989.0
1753504018729,04:26:58.729,ACH/USDT:USDT,0.02229,1870.0,0.022285,178276.0,0.022361,17730.0,0.022364,1989.0
1753504018925,04:26:58.925,ACH/USDT:USDT,0.02229,1870.0,0.022285,178276.0,0.022361,17730.0,0.022364,1989.0
1753504019131,04:26:59.131,ACH/USDT:USDT,0.022292,7195.0,0.02229,7563.0,0.022361,17730.0,0.022364,1989.0
1753504019326,04:26:59.326,ACH/USDT:USDT,0.02229,7563.0,0.022285,178276.0,0.022361,17730.0,0.022364,1989.0
1753504019527,04:26:59.527,ACH/USDT:USDT,0.022294,8339.0,0.02229,7563.0,0.022361,17730.0,0.022364,788.0
1753504019726,04:26:59.726,ACH/USDT:USDT,0.022294,7289.0,0.02229,7563.0,0.022361,17730.0,0.022364,844.0
1753504019925,04:26:59.925,ACH/USDT:USDT,0.02229,7563.0,0.022285,178276.0,0.022361,17730.0,0.022364,417.0
1753504020728,04:27:00.728,ACH/USDT:USDT,0.022294,5081.0,0.02229,7563.0,0.022361,17730.0,0.022364,542.0
1753504021126,04:27:01.126,ACH/USDT:USDT,0.022294,6989.0,0.02229,7563.0,0.022361,17730.0,0.022364,509.0
1753504021729,04:27:01.729,ACH/USDT:USDT,0.02229,7563.0,0.022285,178276.0,0.022361,17730.0,0.022364,283.0
1753504022131,04:27:02.131,ACH/USDT:USDT,0.022294,6710.0,0.02229,7563.0,0.022361,17730.0,0.022364,283.0
1753504022329,04:27:02.329,ACH/USDT:USDT,0.02229,7563.0,0.022285,178276.0,0.022361,17730.0,0.022364,283.0
1753504022529,04:27:02.529,ACH/USDT:USDT,0.022294,7153.0,0.02229,7563.0,0.022361,17730.0,0.022364,543.0
1753504023726,04:27:03.726,ACH/USDT:USDT,0.02229,7563.0,0.022285,178276.0,0.022361,17730.0,0.022364,283.0
1753504023937,04:27:03.937,ACH/USDT:USDT,0.022294,5363.0,0.02229,7563.0,0.022361,17730.0,0.022364,572.0
1753504024126,04:27:04.126,ACH/USDT:USDT,0.022294,5028.0,0.02229,7563.0,0.022361,17730.0,0.022364,480.0
1753504024331,04:27:04.331,ACH/USDT:USDT,0.022294,5028.0,0.02229,7563.0,0.022361,17730.0,0.022364,480.0
1753504024527,04:27:04.527,ACH/USDT:USDT,0.02229,7563.0,0.022285,178276.0,0.022361,17730.0,0.022364,5843.0
1753504024731,04:27:04.731,ACH/USDT:USDT,0.02229,7563.0,0.022285,178276.0,0.022361,17730.0,0.022364,5843.0
1753504025132,04:27:05.132,ACH/USDT:USDT,0.022294,7683.0,0.02229,7563.0,0.022361,17730.0,0.022364,10207.0
1753504025327,04:27:05.327,ACH/USDT:USDT,0.022294,5618.0,0.02229,7563.0,0.022361,17730.0,0.022364,10292.0
1753504025526,04:27:05.526,ACH/USDT:USDT,0.022294,5071.0,0.02229,7563.0,0.022361,17730.0,0.022364,10925.0
1753504025729,04:27:05.729,ACH/USDT:USDT,0.022294,5933.0,0.02229,7563.0,0.022361,17730.0,0.022364,11661.0
1753504025929,04:27:05.929,ACH/USDT:USDT,0.022294,7415.0,0.02229,7563.0,0.022361,17730.0,0.022364,10649.0
1753504026127,04:27:06.127,ACH/USDT:USDT,0.022294,6644.0,0.02229,7563.0,0.022361,17730.0,0.022364,11935.0
1753504026328,04:27:06.328,ACH/USDT:USDT,0.022294,5607.0,0.02229,7563.0,0.022361,17730.0,0.022364,11039.0
1753504026527,04:27:06.527,ACH/USDT:USDT,0.022294,6186.0,0.02229,7563.0,0.022361,17730.0,0.022364,10603.0
1753504026730,04:27:06.730,ACH/USDT:USDT,0.022294,8165.0,0.02229,7563.0,0.022361,17730.0,0.022364,11544.0
1753504027128,04:27:07.128,ACH/USDT:USDT,0.022294,6197.0,0.02229,7563.0,0.022361,17730.0,0.022364,14285.0
1753504027526,04:27:07.526,ACH/USDT:USDT,0.022294,6331.0,0.02229,7563.0,0.022361,17730.0,0.022364,14781.0
1753504027929,04:27:07.929,ACH/USDT:USDT,0.022294,7886.0,0.02229,7563.0,0.022361,17730.0,0.022364,12380.0
1753504028327,04:27:08.327,ACH/USDT:USDT,0.022294,5370.0,0.02229,7563.0,0.022361,17730.0,0.022364,13033.0
1753504028538,04:27:08.538,ACH/USDT:USDT,0.022294,6955.0,0.02229,7563.0,0.022361,17730.0,0.022364,11764.0
1753504028729,04:27:08.729,ACH/USDT:USDT,0.022294,8010.0,0.02229,7563.0,0.022361,17730.0,0.022364,12972.0
1753504028925,04:27:08.925,ACH/USDT:USDT,0.022294,5108.0,0.02229,7563.0,0.022361,17730.0,0.022364,13350.0
1753504029328,04:27:09.328,ACH/USDT:USDT,0.022294,8061.0,0.02229,7563.0,0.022361,17730.0,0.022364,13703.0
1753504029934,04:27:09.934,ACH/USDT:USDT,0.022294,7042.0,0.02229,7563.0,0.022361,17730.0,0.022364,12050.0
1753504030126,04:27:10.126,ACH/USDT:USDT,0.022294,7136.0,0.02229,7563.0,0.022361,17730.0,0.022364,12069.0
1753504030330,04:27:10.330,ACH/USDT:USDT,0.022294,7972.0,0.02229,7563.0,0.022361,17730.0,0.022364,14163.0
1753504030527,04:27:10.527,ACH/USDT:USDT,0.022294,5980.0,0.02229,7563.0,0.022361,17730.0,0.022364,14032.0
1753504030926,04:27:10.926,ACH/USDT:USDT,0.02229,1229.0,0.022285,178276.0,0.022361,17730.0,0.022364,5843.0
1753504031129,04:27:11.129,ACH/USDT:USDT,0.022294,1137.0,0.02229,1229.0,0.022361,17730.0,0.022364,14595.0
1753504031328,04:27:11.328,ACH/USDT:USDT,0.02229,1229.0,0.022285,178276.0,0.022361,17730.0,0.022364,5843.0
1753504031529,04:27:11.529,ACH/USDT:USDT,0.02229,1229.0,0.022285,178276.0,0.022361,17730.0,0.022364,5843.0
1753504031728,04:27:11.728,ACH/USDT:USDT,0.022294,1410.0,0.02229,1229.0,0.022361,17730.0,0.022364,11586.0
1753504031929,04:27:11.929,ACH/USDT:USDT,0.022294,1484.0,0.02229,1229.0,0.022361,17730.0,0.022364,12621.0
1753504032129,04:27:12.129,ACH/USDT:USDT,0.022294,1276.0,0.02229,1229.0,0.022361,17730.0,0.022364,14789.0
1753504032327,04:27:12.327,ACH/USDT:USDT,0.02229,1229.0,0.022285,178276.0,0.022361,17730.0,0.022364,5843.0
1753504032727,04:27:12.727,ACH/USDT:USDT,0.022294,1594.0,0.02229,1229.0,0.022361,17730.0,0.022364,13001.0
1753504032931,04:27:12.931,ACH/USDT:USDT,0.02229,1229.0,0.022285,178276.0,0.022361,17730.0,0.022364,5843.0
1753504033126,04:27:13.126,ACH/USDT:USDT,0.022294,1434.0,0.02229,1229.0,0.022361,17730.0,0.022364,14849.0
1753504033329,04:27:13.329,ACH/USDT:USDT,0.02229,1229.0,0.022285,178276.0,0.022361,17730.0,0.022364,5843.0
1753504033527,04:27:13.527,ACH/USDT:USDT,0.022294,1529.0,0.02229,1229.0,0.022361,17730.0,0.022364,12819.0
1753504033728,04:27:13.728,ACH/USDT:USDT,0.022294,1173.0,0.02229,1229.0,0.022361,17730.0,0.022364,13570.0
1753504033926,04:27:13.926,ACH/USDT:USDT,0.022294,1033.0,0.02229,1229.0,0.022361,17730.0,0.022364,13316.0
1753504035139,04:27:15.139,ACH/USDT:USDT,0.022292,6644.0,0.02229,4415.0,0.022361,17730.0,0.022364,15721.0
1753504035526,04:27:15.526,ACH/USDT:USDT,0.022292,7507.0,0.02229,4415.0,0.022361,17730.0,0.022364,15721.0
1753504035730,04:27:15.730,ACH/USDT:USDT,0.022292,7507.0,0.02229,4415.0,0.022361,17730.0,0.022364,15721.0
1753504036330,04:27:16.330,ACH/USDT:USDT,0.022292,9327.0,0.02229,4415.0,0.022361,17730.0,0.022364,15721.0
1753504036531,04:27:16.531,ACH/USDT:USDT,0.02229,4415.0,0.022285,178276.0,0.022361,17730.0,0.022364,23429.0
1753504036729,04:27:16.729,ACH/USDT:USDT,0.022292,6116.0,0.02229,4415.0,0.022361,17730.0,0.022364,23429.0
1753504037126,04:27:17.126,ACH/USDT:USDT,0.022292,644.0,0.02229,436.0,0.022361,17730.0,0.022364,23429.0
1753504037331,04:27:17.331,ACH/USDT:USDT,0.02229,436.0,0.022285,178276.0,0.022361,17730.0,0.022364,23429.0
1753504037526,04:27:17.526,ACH/USDT:USDT,0.022292,412.0,0.02229,436.0,0.022361,17730.0,0.022364,23429.0
1753504037928,04:27:17.928,ACH/USDT:USDT,0.022292,642.0,0.02229,436.0,0.022361,17730.0,0.022364,23429.0
1753504038327,04:27:18.327,ACH/USDT:USDT,0.022292,446.0,0.02229,436.0,0.022361,17730.0,0.022364,23429.0
1753504038525,04:27:18.525,ACH/USDT:USDT,0.022292,399.0,0.02229,436.0,0.022361,17730.0,0.022364,23429.0
1753504038732,04:27:18.732,ACH/USDT:USDT,0.022291,5357.0,0.02229,5346.0,0.022361,17730.0,0.022364,4549.0
1753504038927,04:27:18.927,ACH/USDT:USDT,0.022291,5357.0,0.02229,5346.0,0.022361,17730.0,0.022364,4549.0
1753504039928,04:27:19.928,ACH/USDT:USDT,0.022291,8846.0,0.02229,5346.0,0.022361,17730.0,0.022364,4549.0
1753504040126,04:27:20.126,ACH/USDT:USDT,0.022291,9832.0,0.02229,5346.0,0.022361,17730.0,0.022364,4549.0
1753504040334,04:27:20.334,ACH/USDT:USDT,0.022291,7917.0,0.02229,5346.0,0.022361,17730.0,0.022364,4549.0
1753504040728,04:27:20.728,ACH/USDT:USDT,0.022291,6968.0,0.02229,5346.0,0.022361,17730.0,0.022364,4549.0
1753504041528,04:27:21.528,ACH/USDT:USDT,0.022291,7602.0,0.02229,5346.0,0.022361,17730.0,0.022364,4549.0
1753504041926,04:27:21.926,ACH/USDT:USDT,0.022291,7752.0,0.02229,5346.0,0.022361,17730.0,0.022364,4549.0
1753504042126,04:27:22.126,ACH/USDT:USDT,0.022291,8381.0,0.02229,5346.0,0.022361,17730.0,0.022364,4549.0
1753504042729,04:27:22.729,ACH/USDT:USDT,0.022291,7300.0,0.02229,5346.0,0.022361,17730.0,0.022364,4549.0
1753504042927,04:27:22.927,ACH/USDT:USDT,0.022291,7734.0,0.02229,5346.0,0.022361,17730.0,0.022364,7237.0
1753504043129,04:27:23.129,ACH/USDT:USDT,0.022291,9647.0,0.02229,5346.0,0.022361,17730.0,0.022364,7237.0
1753504043329,04:27:23.329,ACH/USDT:USDT,0.02229,5346.0,0.022285,178276.0,0.022361,17730.0,0.022364,7237.0
1753504043529,04:27:23.529,ACH/USDT:USDT,0.022291,8443.0,0.02229,5346.0,0.022361,17730.0,0.022364,7237.0
1753504043729,04:27:23.729,ACH/USDT:USDT,0.022291,8742.0,0.02229,5346.0,0.022361,17730.0,0.022364,7237.0
1753504043929,04:27:23.929,ACH/USDT:USDT,0.022291,9063.0,0.02229,5346.0,0.022361,17730.0,0.022364,7237.0
1753504044530,04:27:24.530,ACH/USDT:USDT,0.022291,7658.0,0.02229,5346.0,0.022361,17730.0,0.022364,7237.0
1753504044729,04:27:24.729,ACH/USDT:USDT,0.022291,7113.0,0.02229,5346.0,0.022361,17730.0,0.022364,7237.0
1753504045128,04:27:25.128,ACH/USDT:USDT,0.02229,5346.0,0.022285,178276.0,0.022361,17730.0,0.022364,7237.0
1753504045328,04:27:25.328,ACH/USDT:USDT,0.022291,6810.0,0.02229,5346.0,0.022361,17730.0,0.022364,7237.0
1753504045531,04:27:25.531,ACH/USDT:USDT,0.022291,69445.0,0.02229,5346.0,0.022361,17730.0,0.022364,7237.0
1753504045729,04:27:25.729,ACH/USDT:USDT,0.022291,5133.0,0.022285,102620.0,0.022361,17730.0,0.022364,2595.0
1753504045930,04:27:25.930,ACH/USDT:USDT,0.022291,5133.0,0.022285,102620.0,0.022361,17730.0,0.022364,2595.0
1753504046130,04:27:26.130,ACH/USDT:USDT,0.022291,5133.0,0.022285,102620.0,0.022364,2595.0,0.02237,56691.0
1753504046930,04:27:26.930,ACH/USDT:USDT,0.022291,70567.0,0.022285,102620.0,0.022364,5683.0,0.02237,56691.0
1753504047128,04:27:27.128,ACH/USDT:USDT,0.022285,102620.0,0.02228,96033.0,0.022364,5683.0,0.02237,56691.0
1753504047327,04:27:27.327,ACH/USDT:USDT,0.022291,98022.0,0.022285,102620.0,0.022364,5683.0,0.02237,56691.0
1753504047731,04:27:27.731,ACH/USDT:USDT,0.022291,83735.0,0.022285,102620.0,0.022364,5683.0,0.02237,56691.0
1753504047929,04:27:27.929,ACH/USDT:USDT,0.022291,92459.0,0.022285,102620.0,0.022364,5683.0,0.02237,56691.0
1753504048526,04:27:28.526,ACH/USDT:USDT,0.022291,78417.0,0.022285,102620.0,0.022364,5683.0,0.02237,56691.0
1753504048926,04:27:28.926,ACH/USDT:USDT,0.022285,102620.0,0.02228,115467.0,0.022364,5683.0,0.02237,56691.0
1753504049326,04:27:29.326,ACH/USDT:USDT,0.022291,92831.0,0.022285,102620.0,0.022364,5683.0,0.02237,56691.0
1753504049926,04:27:29.926,ACH/USDT:USDT,0.022291,76847.0,0.022285,102620.0,0.022364,5683.0,0.02237,56691.0
1753504050325,04:27:30.325,ACH/USDT:USDT,0.022291,82006.0,0.022285,102620.0,0.022364,5683.0,0.02237,56691.0
1753504050528,04:27:30.528,ACH/USDT:USDT,0.022285,102620.0,0.02228,96033.0,0.022364,5683.0,0.02237,56691.0
1753504050725,04:27:30.725,ACH/USDT:USDT,0.022291,73124.0,0.022285,102620.0,0.022364,5683.0,0.02237,56691.0
1753504050927,04:27:30.927,ACH/USDT:USDT,0.022291,81154.0,0.022285,102620.0,0.022364,5683.0,0.02237,56691.0
1753504051138,04:27:31.138,ACH/USDT:USDT,0.022291,83666.0,0.022285,102620.0,0.022364,5683.0,0.02237,56691.0
1753504051328,04:27:31.328,ACH/USDT:USDT,0.022291,81154.0,0.022285,102620.0,0.022364,5683.0,0.02237,56691.0
1753504051529,04:27:31.529,ACH/USDT:USDT,0.022291,88421.0,0.022285,102620.0,0.022364,5683.0,0.02237,56691.0
1753504052328,04:27:32.328,ACH/USDT:USDT,0.022291,93446.0,0.022285,102620.0,0.022364,2414.0,0.02237,56691.0
1753504053139,04:27:33.139,ACH/USDT:USDT,0.022291,84999.0,0.022285,102620.0,0.022364,1647.0,0.02237,56691.0
1753504053528,04:27:33.528,ACH/USDT:USDT,0.022285,102620.0,0.02228,96033.0,0.022364,1647.0,0.02237,56691.0
1753504053727,04:27:33.727,ACH/USDT:USDT,0.022291,93446.0,0.022285,102620.0,0.022364,1647.0,0.02237,56691.0
1753504053926,04:27:33.926,ACH/USDT:USDT,0.022291,75232.0,0.022285,102620.0,0.022364,1647.0,0.02237,56691.0
1753504054330,04:27:34.330,ACH/USDT:USDT,0.022291,76578.0,0.022285,102620.0,0.022364,5060.0,0.02237,56691.0
1753504054728,04:27:34.728,ACH/USDT:USDT,0.022291,94388.0,0.022285,102620.0,0.022364,5060.0,0.02237,56691.0
1753504055133,04:27:35.133,ACH/USDT:USDT,0.022291,87255.0,0.022285,102620.0,0.022364,5060.0,0.02237,56691.0
1753504055928,04:27:35.928,ACH/USDT:USDT,0.022291,88780.0,0.022285,102620.0,0.022364,5060.0,0.02237,56691.0
1753504056128,04:27:36.128,ACH/USDT:USDT,0.022291,88601.0,0.022285,102620.0,0.022364,5060.0,0.02237,56691.0
1753504056327,04:27:36.327,ACH/USDT:USDT,0.022291,88126.0,0.022285,102620.0,0.022364,5060.0,0.02237,56691.0
1753504056726,04:27:36.726,ACH/USDT:USDT,0.022291,94442.0,0.022285,102620.0,0.022364,5060.0,0.02237,56691.0
1753504057127,04:27:37.127,ACH/USDT:USDT,0.022291,79584.0,0.022285,102620.0,0.022364,5060.0,0.02237,56691.0
1753504057526,04:27:37.526,ACH/USDT:USDT,0.022285,102620.0,0.02228,96033.0,0.022364,5060.0,0.02237,56691.0
1753504057728,04:27:37.728,ACH/USDT:USDT,0.022291,77520.0,0.022285,102620.0,0.022364,5060.0,0.02237,56691.0
1753504057927,04:27:37.927,ACH/USDT:USDT,0.022285,102620.0,0.02228,96033.0,0.022364,5060.0,0.022368,75475.0
1753504058127,04:27:38.127,ACH/USDT:USDT,0.02229,71916.0,0.022285,102620.0,0.022364,5060.0,0.022368,75475.0
1753504058327,04:27:38.327,ACH/USDT:USDT,0.02229,98654.0,0.022285,102620.0,0.022364,5060.0,0.022368,75475.0
1753504058730,04:27:38.730,ACH/USDT:USDT,0.02229,89592.0,0.022285,102620.0,0.022364,5060.0,0.022368,75475.0
1753504059127,04:27:39.127,ACH/USDT:USDT,0.02229,103275.0,0.022285,102620.0,0.022364,5060.0,0.022368,75475.0
1753504059328,04:27:39.328,ACH/USDT:USDT,0.02229,68282.0,0.022285,102620.0,0.022364,5060.0,0.022368,75475.0
1753504059526,04:27:39.526,ACH/USDT:USDT,0.02229,101839.0,0.022285,102620.0,0.022364,5060.0,0.022368,75475.0
1753504059727,04:27:39.727,ACH/USDT:USDT,0.02229,92539.0,0.022285,102620.0,0.022364,5060.0,0.022368,75475.0
1753504059926,04:27:39.926,ACH/USDT:USDT,0.02229,80799.0,0.022285,102620.0,0.022364,5060.0,0.022368,75475.0
1753504060126,04:27:40.126,ACH/USDT:USDT,0.02229,71961.0,0.022285,102620.0,0.022364,5060.0,0.022368,75475.0
1753504060527,04:27:40.527,ACH/USDT:USDT,0.02229,11084.0,0.022285,102620.0,0.022364,5060.0,0.022368,75475.0
1753504061129,04:27:41.129,ACH/USDT:USDT,0.02229,21149.0,0.022285,102620.0,0.02236,8075.0,0.022364,5060.0
1753504061726,04:27:41.726,ACH/USDT:USDT,0.02229,22717.0,0.022285,102620.0,0.02236,6892.0,0.022364,5060.0
1753504062130,04:27:42.130,ACH/USDT:USDT,0.02229,11084.0,0.022285,102620.0,0.022364,5060.0,0.022367,22267.0
1753504062329,04:27:42.329,ACH/USDT:USDT,0.02229,19122.0,0.022285,102620.0,0.02236,5596.0,0.022364,5060.0
1753504062727,04:27:42.727,ACH/USDT:USDT,0.02229,18964.0,0.022285,102620.0,0.02236,6956.0,0.022364,5060.0
1753504062929,04:27:42.929,ACH/USDT:USDT,0.02229,11084.0,0.022285,102620.0,0.022364,5060.0,0.022367,22267.0
1753504063126,04:27:43.126,ACH/USDT:USDT,0.02229,11084.0,0.022285,102620.0,0.022364,5060.0,0.022367,22267.0
1753504063328,04:27:43.328,ACH/USDT:USDT,0.02229,19187.0,0.022285,102620.0,0.02236,6132.0,0.022364,5060.0
1753504063530,04:27:43.530,ACH/USDT:USDT,0.02229,21552.0,0.022285,102620.0,0.02236,5004.0,0.022364,5060.0
1753504063929,04:27:43.929,ACH/USDT:USDT,0.02229,20363.0,0.022285,102620.0,0.02236,6523.0,0.022364,5060.0
1753504064128,04:27:44.128,ACH/USDT:USDT,0.02229,22761.0,0.022285,102620.0,0.02236,6314.0,0.022364,5060.0
1753504064527,04:27:44.527,ACH/USDT:USDT,0.02229,21043.0,0.022285,102620.0,0.02236,5207.0,0.022364,5060.0
1753504064727,04:27:44.727,ACH/USDT:USDT,0.02229,19503.0,0.022285,102620.0,0.02236,6929.0,0.022364,5060.0
1753504064926,04:27:44.926,ACH/USDT:USDT,0.02229,11084.0,0.022285,102620.0,0.022364,5060.0,0.022367,22267.0
1753504065126,04:27:45.126,ACH/USDT:USDT,0.02229,20832.0,0.022285,102620.0,0.02236,6901.0,0.022364,5060.0
1753504065326,04:27:45.326,ACH/USDT:USDT,0.02229,20373.0,0.022285,102620.0,0.02236,8302.0,0.022364,5060.0
1753504065529,04:27:45.529,ACH/USDT:USDT,0.02229,18664.0,0.022285,102620.0,0.02236,6944.0,0.022364,5060.0
1753504065729,04:27:45.729,ACH/USDT:USDT,0.02229,11084.0,0.022285,102620.0,0.022364,5060.0,0.022367,22267.0
1753504066125,04:27:46.125,ACH/USDT:USDT,0.02229,20239.0,0.022285,102620.0,0.02236,7326.0,0.022364,5060.0
1753504066326,04:27:46.326,ACH/USDT:USDT,0.02229,19740.0,0.022285,102620.0,0.022361,622.0,0.022364,638.0
1753504066530,04:27:46.530,ACH/USDT:USDT,0.02229,19740.0,0.022285,102620.0,0.022364,638.0,0.022367,22267.0
1753504066729,04:27:46.729,ACH/USDT:USDT,0.02229,19740.0,0.022285,102620.0,0.022361,571.0,0.022364,638.0
1753504066927,04:27:46.927,ACH/USDT:USDT,0.02229,19740.0,0.022285,102620.0,0.022361,504.0,0.022364,638.0
1753504067126,04:27:47.126,ACH/USDT:USDT,0.02229,19740.0,0.022285,102620.0,0.022361,555.0,0.022364,638.0
1753504067331,04:27:47.331,ACH/USDT:USDT,0.02229,19740.0,0.022285,102620.0,0.022361,464.0,0.022364,638.0
1753504067528,04:27:47.528,ACH/USDT:USDT,0.02229,19740.0,0.022285,102620.0,0.022361,564.0,0.022364,638.0
1753504068129,04:27:48.129,ACH/USDT:USDT,0.02229,15698.0,0.022285,102620.0,0.022361,543.0,0.022364,638.0
1753504068527,04:27:48.527,ACH/USDT:USDT,0.02229,15698.0,0.022285,102620.0,0.022361,558.0,0.022364,638.0
1753504069935,04:27:49.935,ACH/USDT:USDT,0.02229,236.0,0.022285,102620.0,0.022361,621.0,0.022364,638.0
1753504070328,04:27:50.328,ACH/USDT:USDT,0.02229,236.0,0.022285,102620.0,0.022361,589.0,0.022364,638.0
1753504070526,04:27:50.526,ACH/USDT:USDT,0.02229,236.0,0.022285,102620.0,0.022364,638.0,0.022367,22267.0
1753504070732,04:27:50.732,ACH/USDT:USDT,0.02229,236.0,0.022285,102620.0,0.022361,442.0,0.022364,638.0
1753504070930,04:27:50.930,ACH/USDT:USDT,0.02229,236.0,0.022285,102620.0,0.022361,490.0,0.022364,638.0
1753504071330,04:27:51.330,ACH/USDT:USDT,0.02229,236.0,0.022285,102620.0,0.022361,464.0,0.022364,638.0
1753504071529,04:27:51.529,ACH/USDT:USDT,0.02229,236.0,0.022285,102620.0,0.022361,448.0,0.022364,638.0
1753504071728,04:27:51.728,ACH/USDT:USDT,0.02229,236.0,0.022285,102620.0,0.022361,631.0,0.022364,638.0
1753504071930,04:27:51.930,ACH/USDT:USDT,0.02229,236.0,0.022285,102620.0,0.022361,574.0,0.022364,638.0
1753504072328,04:27:52.328,ACH/USDT:USDT,0.02229,236.0,0.022285,102620.0,0.022361,548.0,0.022364,638.0
1753504072525,04:27:52.525,ACH/USDT:USDT,0.02229,236.0,0.022285,102620.0,0.022364,638.0,0.022367,22267.0
1753504073127,04:27:53.127,ACH/USDT:USDT,0.02229,236.0,0.022285,102620.0,0.022361,654.0,0.022364,638.0
1753504073328,04:27:53.328,ACH/USDT:USDT,0.02229,236.0,0.022285,102620.0,0.022361,760.0,0.022364,638.0
1753504073529,04:27:53.529,ACH/USDT:USDT,0.02229,236.0,0.022285,102620.0,0.022364,638.0,0.022367,22267.0
1753504074128,04:27:54.128,ACH/USDT:USDT,0.02229,395.0,0.022285,102620.0,0.022364,638.0,0.022367,22267.0
1753504074330,04:27:54.330,ACH/USDT:USDT,0.02229,395.0,0.022285,102620.0,0.022361,871.0,0.022364,638.0
1753504074530,04:27:54.530,ACH/USDT:USDT,0.02229,395.0,0.022285,102620.0,0.022361,1040.0,0.022364,638.0
1753504074927,04:27:54.927,ACH/USDT:USDT,0.02229,395.0,0.022285,102620.0,0.022361,5649.0,0.022364,8023.0
1753504075129,04:27:55.129,ACH/USDT:USDT,0.02229,395.0,0.022285,102620.0,0.022361,5366.0,0.022364,8023.0
1753504075730,04:27:55.730,ACH/USDT:USDT,0.02229,17490.0,0.022285,102620.0,0.022361,6115.0,0.022364,8023.0
1753504076127,04:27:56.127,ACH/USDT:USDT,0.02229,17490.0,0.022285,102620.0,0.022361,7187.0,0.022364,8023.0
1753504076542,04:27:56.542,ACH/USDT:USDT,0.02229,17490.0,0.022285,102620.0,0.022361,5000.0,0.022364,8023.0
1753504076930,04:27:56.930,ACH/USDT:USDT,0.02229,17490.0,0.022285,102620.0,0.022364,8023.0,0.022367,90763.0
1753504077128,04:27:57.128,ACH/USDT:USDT,0.02229,8256.0,0.022285,102620.0,0.022361,7699.0,0.022364,8023.0
1753504077328,04:27:57.328,ACH/USDT:USDT,0.02229,74742.0,0.022285,102620.0,0.022364,8023.0,0.022368,75475.0
1753504077528,04:27:57.528,ACH/USDT:USDT,0.022285,102620.0,0.02228,96033.0,0.022364,8023.0,0.022368,75475.0
1753504077928,04:27:57.928,ACH/USDT:USDT,0.022285,123.0,0.02228,96033.0,0.022356,3233.0,0.022364,63816.0
1753504078131,04:27:58.131,ACH/USDT:USDT,0.022285,123.0,0.02228,96033.0,0.022364,63816.0,0.022368,75475.0
1753504078338,04:27:58.338,ACH/USDT:USDT,0.022285,123.0,0.02228,96033.0,0.022356,3142.0,0.022364,63816.0
1753504078734,04:27:58.734,ACH/USDT:USDT,0.022283,1592.0,0.02228,2340.0,0.022353,7876.0,0.022356,8992.0
1753504079129,04:27:59.129,ACH/USDT:USDT,0.02228,2340.0,0.022277,22578.0,0.022356,8992.0,0.022361,85697.0
1753504079330,04:27:59.330,ACH/USDT:USDT,0.022283,1837.0,0.02228,2340.0,0.022353,6750.0,0.022356,8992.0
1753504079531,04:27:59.531,ACH/USDT:USDT,0.022283,2232.0,0.02228,2340.0,0.022353,1919.0,0.022356,1848.0
1753504079726,04:27:59.726,ACH/USDT:USDT,0.022283,1902.0,0.02228,2340.0,0.022353,2186.0,0.022356,1848.0
1753504079929,04:27:59.929,ACH/USDT:USDT,0.02228,2340.0,0.022277,22578.0,0.022356,351.0,0.022361,85697.0
1753504080134,04:28:00.134,ACH/USDT:USDT,0.022283,2282.0,0.02228,2340.0,0.022353,304.0,0.022356,351.0
1753504080530,04:28:00.530,ACH/USDT:USDT,0.022283,1955.0,0.02228,2340.0,0.022353,4758.0,0.022356,5309.0
1753504080726,04:28:00.726,ACH/USDT:USDT,0.022283,1691.0,0.02228,2340.0,0.022353,6040.0,0.022356,5309.0
1753504080926,04:28:00.926,ACH/USDT:USDT,0.02228,2340.0,0.022277,22578.0,0.022356,5309.0,0.022361,85697.0
1753504081128,04:28:01.128,ACH/USDT:USDT,0.022283,1714.0,0.02228,2340.0,0.022353,6022.0,0.022356,5309.0
1753504081725,04:28:01.725,ACH/USDT:USDT,0.022283,1514.0,0.02228,2340.0,0.022353,8029.0,0.022356,5309.0
1753504082129,04:28:02.129,ACH/USDT:USDT,0.022283,1631.0,0.02228,2340.0,0.022353,5376.0,0.022356,5309.0
1753504082328,04:28:02.328,ACH/USDT:USDT,0.022283,1864.0,0.02228,2340.0,0.022353,7143.0,0.022356,5309.0
1753504082727,04:28:02.727,ACH/USDT:USDT,0.022283,1883.0,0.02228,2340.0,0.022353,6435.0,0.022356,5309.0
1753504082930,04:28:02.930,ACH/USDT:USDT,0.022283,1629.0,0.02228,2340.0,0.022353,4921.0,0.022356,5309.0
1753504083129,04:28:03.129,ACH/USDT:USDT,0.022283,2253.0,0.02228,2340.0,0.022353,5940.0,0.022356,5309.0
1753504083726,04:28:03.726,ACH/USDT:USDT,0.022283,2136.0,0.02228,2340.0,0.022353,6469.0,0.022356,5309.0
1753504083929,04:28:03.929,ACH/USDT:USDT,0.022283,2136.0,0.02228,2340.0,0.022353,6469.0,0.022356,5309.0
1753504084130,04:28:04.130,ACH/USDT:USDT,0.022283,1443.0,0.02228,2340.0,0.022353,7496.0,0.022356,5309.0
1753504084328,04:28:04.328,ACH/USDT:USDT,0.022283,1606.0,0.02228,2340.0,0.022353,5945.0,0.022356,5309.0
1753504084926,04:28:04.926,ACH/USDT:USDT,0.022283,209.0,0.02228,231.0,0.022353,6322.0,0.022356,5309.0
1753504085132,04:28:05.132,ACH/USDT:USDT,0.022283,56.0,0.02228,76.0,0.022353,5244.0,0.022356,5309.0
1753504085939,04:28:05.939,ACH/USDT:USDT,0.022283,72.0,0.02228,76.0,0.022353,632.0,0.022356,552.0
1753504086128,04:28:06.128,ACH/USDT:USDT,0.022283,67.0,0.02228,76.0,0.022353,585.0,0.022356,552.0
1753504086527,04:28:06.527,ACH/USDT:USDT,0.022283,52.0,0.02228,76.0,0.022353,465.0,0.022356,552.0
1753504086926,04:28:06.926,ACH/USDT:USDT,0.022283,55.0,0.02228,76.0,0.022353,619.0,0.022356,552.0
1753504087125,04:28:07.125,ACH/USDT:USDT,0.022283,52.0,0.02228,76.0,0.022353,554.0,0.022356,552.0
1753504087325,04:28:07.325,ACH/USDT:USDT,0.022283,54.0,0.02228,76.0,0.022353,613.0,0.022356,552.0
1753504087935,04:28:07.935,ACH/USDT:USDT,0.022283,64.0,0.02228,76.0,0.022353,503.0,0.022356,552.0
1753504088328,04:28:08.328,ACH/USDT:USDT,0.022283,63.0,0.02228,76.0,0.022353,495.0,0.022356,552.0
1753504088728,04:28:08.728,ACH/USDT:USDT,0.022283,61.0,0.02228,76.0,0.022353,612.0,0.022356,552.0
1753504088929,04:28:08.929,ACH/USDT:USDT,0.02228,76.0,0.022277,22578.0,0.022356,552.0,0.022361,103607.0
1753504089138,04:28:09.138,ACH/USDT:USDT,0.022283,54.0,0.02228,76.0,0.022353,494.0,0.022356,552.0
1753504089327,04:28:09.327,ACH/USDT:USDT,0.022283,4800.0,0.02228,3579.0,0.022353,439.0,0.022356,552.0
1753504089527,04:28:09.527,ACH/USDT:USDT,0.02228,3579.0,0.022277,22578.0,0.022356,552.0,0.022361,103607.0
1753504089729,04:28:09.729,ACH/USDT:USDT,0.022283,3355.0,0.02228,3579.0,0.022353,484.0,0.022356,552.0
1753504089927,04:28:09.927,ACH/USDT:USDT,0.022283,1249.0,0.02228,3579.0,0.022353,495.0,0.022356,552.0
1753504090529,04:28:10.529,ACH/USDT:USDT,0.022282,1006.0,0.02228,1247.0,0.022353,106.0,0.022356,143.0
1753504090931,04:28:10.931,ACH/USDT:USDT,0.022282,1492.0,0.02228,5471.0,0.022353,106.0,0.022356,143.0
1753504091128,04:28:11.128,ACH/USDT:USDT,0.022282,7575.0,0.02228,9266.0,0.022353,106.0,0.022356,143.0
1753504091526,04:28:11.526,ACH/USDT:USDT,0.022282,7518.0,0.02228,9266.0,0.022353,106.0,0.022356,143.0
1753504091734,04:28:11.734,ACH/USDT:USDT,0.022282,7571.0,0.02228,9266.0,0.022353,106.0,0.022356,143.0
1753504091928,04:28:11.928,ACH/USDT:USDT,0.02228,9266.0,0.022277,22578.0,0.022353,106.0,0.022356,143.0
1753504092125,04:28:12.125,ACH/USDT:USDT,0.022282,6890.0,0.02228,9266.0,0.022353,106.0,0.022356,143.0
1753504092328,04:28:12.328,ACH/USDT:USDT,0.022282,7551.0,0.02228,9266.0,0.022353,106.0,0.022356,143.0
1753504092530,04:28:12.530,ACH/USDT:USDT,0.022282,7492.0,0.02228,9266.0,0.022353,106.0,0.022356,143.0
1753504092728,04:28:12.728,ACH/USDT:USDT,0.022282,7428.0,0.02228,9266.0,0.022353,106.0,0.022356,143.0
1753504092929,04:28:12.929,ACH/USDT:USDT,0.022282,7148.0,0.02228,9266.0,0.022353,106.0,0.022356,143.0
1753504093328,04:28:13.328,ACH/USDT:USDT,0.022282,8389.0,0.02228,9266.0,0.022353,106.0,0.022356,143.0
1753504093527,04:28:13.527,ACH/USDT:USDT,0.022282,7168.0,0.02228,9266.0,0.022353,106.0,0.022356,143.0
1753504094129,04:28:14.129,ACH/USDT:USDT,0.022282,8539.0,0.02228,9266.0,0.022353,106.0,0.022356,143.0
1753504094331,04:28:14.331,ACH/USDT:USDT,0.022282,11668.0,0.02228,9266.0,0.022353,106.0,0.022356,143.0
1753504094526,04:28:14.526,ACH/USDT:USDT,0.022282,10668.0,0.02228,9266.0,0.022353,106.0,0.022356,143.0
1753504094928,04:28:14.928,ACH/USDT:USDT,0.022282,9853.0,0.02228,9266.0,0.022353,106.0,0.022356,143.0
1753504095128,04:28:15.128,ACH/USDT:USDT,0.022282,10189.0,0.02228,9266.0,0.022353,106.0,0.022356,143.0
1753504095327,04:28:15.327,ACH/USDT:USDT,0.022282,9926.0,0.02228,9266.0,0.022353,106.0,0.022356,143.0
1753504095729,04:28:15.729,ACH/USDT:USDT,0.022282,10788.0,0.02228,9266.0,0.022353,106.0,0.022356,143.0
1753504096329,04:28:16.329,ACH/USDT:USDT,0.022282,10895.0,0.02228,9266.0,0.022353,106.0,0.022356,143.0
1753504096928,04:28:16.928,ACH/USDT:USDT,0.02228,1307.0,0.022277,97006.0,0.022353,106.0,0.022356,143.0
1753504097729,04:28:17.729,ACH/USDT:USDT,0.022282,1692.0,0.02228,1307.0,0.022353,106.0,0.022356,143.0
1753504097926,04:28:17.926,ACH/USDT:USDT,0.022282,1586.0,0.02228,1307.0,0.022353,106.0,0.022356,143.0
1753504098125,04:28:18.125,ACH/USDT:USDT,0.022282,1290.0,0.02228,1307.0,0.022353,106.0,0.022356,143.0
1753504098326,04:28:18.326,ACH/USDT:USDT,0.02228,1307.0,0.022277,97006.0,0.022353,106.0,0.022356,143.0
1753504098928,04:28:18.928,ACH/USDT:USDT,0.022282,1896.0,0.02228,1307.0,0.022353,106.0,0.022356,143.0
1753504099527,04:28:19.527,ACH/USDT:USDT,0.022282,2368.0,0.02228,1307.0,0.022353,106.0,0.022356,143.0
1753504099728,04:28:19.728,ACH/USDT:USDT,0.022282,1768.0,0.02228,1307.0,0.022353,106.0,0.022356,143.0
1753504100128,04:28:20.128,ACH/USDT:USDT,0.022282,1819.0,0.02228,1307.0,0.022353,106.0,0.022356,143.0
1753504101327,04:28:21.327,ACH/USDT:USDT,0.022282,1674.0,0.02228,1307.0,0.022353,106.0,0.022356,143.0
1753504101530,04:28:21.530,ACH/USDT:USDT,0.022282,2775.0,0.02228,1307.0,0.022353,106.0,0.022356,143.0
1753504101530,04:28:21.530,ACH/USDT:USDT,0.022282,2775.0,0.02228,1307.0,0.022353,106.0,0.022356,143.0
1753504101726,04:28:21.726,ACH/USDT:USDT,0.022282,2696.0,0.02228,1307.0,0.022353,106.0,0.022356,143.0
1753504101929,04:28:21.929,ACH/USDT:USDT,0.022282,1584.0,0.02228,1307.0,0.022353,106.0,0.022356,143.0
1753504102726,04:28:22.726,ACH/USDT:USDT,0.022285,4982.0,0.022282,5374.0,0.022354,543.0,0.022356,680.0
1753504102929,04:28:22.929,ACH/USDT:USDT,0.022285,7055.0,0.022282,5374.0,0.022354,488.0,0.022356,680.0
1753504103529,04:28:23.529,ACH/USDT:USDT,0.022285,4985.0,0.022282,5374.0,0.022354,463.0,0.022356,680.0
1753504103725,04:28:23.725,ACH/USDT:USDT,0.022282,5374.0,0.02228,74686.0,0.022356,680.0,0.022361,109558.0
1753504103927,04:28:23.927,ACH/USDT:USDT,0.022285,5288.0,0.022282,5374.0,0.022354,613.0,0.022356,680.0
1753504104129,04:28:24.129,ACH/USDT:USDT,0.022285,6223.0,0.022282,5374.0,0.022354,515.0,0.022356,680.0
1753504104330,04:28:24.330,ACH/USDT:USDT,0.022285,6319.0,0.022282,5374.0,0.022354,412.0,0.022356,680.0
1753504104525,04:28:24.525,ACH/USDT:USDT,0.022285,5128.0,0.022282,5374.0,0.022354,594.0,0.022356,680.0
1753504104929,04:28:24.929,ACH/USDT:USDT,0.022285,5390.0,0.022282,5374.0,0.022354,406.0,0.022356,680.0
1753504105129,04:28:25.129,ACH/USDT:USDT,0.022282,5374.0,0.02228,74686.0,0.022354,611.0,0.022356,680.0
1753504105329,04:28:25.329,ACH/USDT:USDT,0.022285,5421.0,0.022282,5374.0,0.022354,500.0,0.022356,680.0
1753504105930,04:28:25.930,ACH/USDT:USDT,0.022285,7003.0,0.022282,5374.0,0.022354,566.0,0.022356,680.0
1753504106130,04:28:26.130,ACH/USDT:USDT,0.022282,5374.0,0.02228,74686.0,0.022354,518.0,0.022356,680.0
1753504106528,04:28:26.528,ACH/USDT:USDT,0.022285,20577.0,0.022282,21106.0,0.022355,1308.0,0.022356,1117.0
1753504106928,04:28:26.928,ACH/USDT:USDT,0.022285,20577.0,0.022282,21106.0,0.022355,902.0,0.022356,910.0
1753504108127,04:28:28.127,ACH/USDT:USDT,0.022285,20577.0,0.022282,21106.0,0.022355,877.0,0.022356,1138.0
1753504108326,04:28:28.326,ACH/USDT:USDT,0.022285,20577.0,0.022282,21106.0,0.022355,879.0,0.022356,1189.0
1753504108544,04:28:28.544,ACH/USDT:USDT,0.022285,20577.0,0.022282,21106.0,0.022355,1373.0,0.022356,997.0
1753504108928,04:28:28.928,ACH/USDT:USDT,0.022285,20577.0,0.022282,21106.0,0.022355,895.0,0.022356,1067.0
1753504109326,04:28:29.326,ACH/USDT:USDT,0.022285,20577.0,0.022282,21106.0,0.022355,1091.0,0.022356,924.0
1753504109727,04:28:29.727,ACH/USDT:USDT,0.022285,11059.0,0.022282,9636.0,0.022355,1294.0,0.022356,1495.0
1753504109929,04:28:29.929,ACH/USDT:USDT,0.022285,11059.0,0.022282,9636.0,0.022361,109558.0,0.022365,36759.0
1753504110129,04:28:30.129,ACH/USDT:USDT,0.022285,11059.0,0.022282,9636.0,0.022355,1166.0,0.022356,1350.0
1753504110729,04:28:30.729,ACH/USDT:USDT,0.022285,11059.0,0.022282,9636.0,0.022355,1156.0,0.022356,1345.0
1753504110929,04:28:30.929,ACH/USDT:USDT,0.022285,11059.0,0.022282,9636.0,0.022355,1381.0,0.022361,109558.0
1753504111125,04:28:31.125,ACH/USDT:USDT,0.022285,11059.0,0.022282,9636.0,0.022355,1078.0,0.022356,1203.0
1753504111928,04:28:31.928,ACH/USDT:USDT,0.022285,11059.0,0.022282,9636.0,0.022355,15407.0,0.022356,16044.0
1753504112329,04:28:32.329,ACH/USDT:USDT,0.022285,11059.0,0.022282,9636.0,0.022355,13852.0,0.022356,15166.0
1753504112930,04:28:32.930,ACH/USDT:USDT,0.022285,1082.0,0.022282,1258.0,0.022355,12546.0,0.022356,11131.0
1753504113127,04:28:33.127,ACH/USDT:USDT,0.022285,1082.0,0.022282,1258.0,0.022355,14546.0,0.022356,11557.0
1753504113528,04:28:33.528,ACH/USDT:USDT,0.022285,1082.0,0.022282,1258.0,0.022361,109558.0,0.022365,36759.0
1753504113929,04:28:33.929,ACH/USDT:USDT,0.022285,1082.0,0.022282,1258.0,0.022355,11954.0,0.022356,11697.0
1753504114330,04:28:34.330,ACH/USDT:USDT,0.022285,1082.0,0.022282,1258.0,0.022355,16652.0,0.022356,11186.0
1753504114529,04:28:34.529,ACH/USDT:USDT,0.022285,1082.0,0.022282,1258.0,0.022361,109558.0,0.022365,36759.0
1753504114727,04:28:34.727,ACH/USDT:USDT,0.022285,1082.0,0.02228,74686.0,0.022356,14202.0,0.022361,109558.0
1753504114927,04:28:34.927,ACH/USDT:USDT,0.022285,7980.0,0.022282,8323.0,0.022356,14202.0,0.022361,109558.0
1753504114928,04:28:34.928,ACH/USDT:USDT,0.022285,7980.0,0.022282,8323.0,0.022361,109558.0,0.022365,36759.0
1753504115125,04:28:35.125,ACH/USDT:USDT,0.022285,7980.0,0.022282,8323.0,0.022361,109558.0,0.022365,36759.0
1753504115528,04:28:35.528,ACH/USDT:USDT,0.022287,639.0,0.022285,671.0,0.022361,18110.0,0.022365,74233.0
1753504115728,04:28:35.728,ACH/USDT:USDT,0.022285,671.0,0.022282,95952.0,0.022361,18110.0,0.022365,74233.0
1753504115932,04:28:35.932,ACH/USDT:USDT,0.022287,6343.0,0.022285,6026.0,0.022361,18110.0,0.022365,74233.0
1753504116129,04:28:36.129,ACH/USDT:USDT,0.022285,6026.0,0.022282,95952.0,0.022361,18110.0,0.022365,74233.0
1753504116326,04:28:36.326,ACH/USDT:USDT,0.022287,7164.0,0.022285,6026.0,0.022361,18110.0,0.022365,74233.0
1753504116527,04:28:36.527,ACH/USDT:USDT,0.022287,1296.0,0.022285,1101.0,0.022361,18380.0,0.022365,74233.0
1753504116729,04:28:36.729,ACH/USDT:USDT,0.022287,1334.0,0.022285,1101.0,0.022361,18380.0,0.022365,74233.0
1753504116930,04:28:36.930,ACH/USDT:USDT,0.022287,4808.0,0.022285,5394.0,0.022361,18380.0,0.022365,74233.0
1753504117329,04:28:37.329,ACH/USDT:USDT,0.022287,5322.0,0.022285,5178.0,0.022361,18380.0,0.022365,74233.0
1753504117530,04:28:37.530,ACH/USDT:USDT,0.022287,5620.0,0.022285,5178.0,0.022361,18380.0,0.022365,74233.0
1753504117732,04:28:37.732,ACH/USDT:USDT,0.022287,5847.0,0.022285,5178.0,0.022361,18380.0,0.022365,74233.0
1753504118328,04:28:38.328,ACH/USDT:USDT,0.022287,6420.0,0.022285,5178.0,0.022361,18380.0,0.022365,74233.0
1753504118528,04:28:38.528,ACH/USDT:USDT,0.022287,5525.0,0.022285,5178.0,0.022361,18380.0,0.022365,74233.0
1753504118740,04:28:38.740,ACH/USDT:USDT,0.022287,5066.0,0.022285,5178.0,0.022361,18380.0,0.022365,74233.0
1753504118930,04:28:38.930,ACH/USDT:USDT,0.022287,7869.0,0.022285,5178.0,0.022361,18380.0,0.022365,74233.0
1753504119130,04:28:39.130,ACH/USDT:USDT,0.022287,5374.0,0.022285,5178.0,0.022361,18380.0,0.022365,74233.0
1753504119325,04:28:39.325,ACH/USDT:USDT,0.022287,6646.0,0.022285,5178.0,0.022361,18380.0,0.022365,74233.0
1753504119728,04:28:39.728,ACH/USDT:USDT,0.022287,5862.0,0.022285,1046.0,0.022361,18380.0,0.022365,74233.0
1753504119929,04:28:39.929,ACH/USDT:USDT,0.022287,408.0,0.022285,1046.0,0.022361,18892.0,0.022365,74233.0
1753504120131,04:28:40.131,ACH/USDT:USDT,0.022291,457.0,0.022287,408.0,0.022361,18613.0,0.022365,37251.0
1753504120337,04:28:40.337,ACH/USDT:USDT,0.022291,418.0,0.022287,408.0,0.022361,18613.0,0.022365,37251.0
1753504120528,04:28:40.528,ACH/USDT:USDT,0.022287,408.0,0.022285,103787.0,0.022361,18613.0,0.022365,37251.0
1753504120727,04:28:40.727,ACH/USDT:USDT,0.02229,5756.0,0.022287,6219.0,0.02236,516.0,0.022361,18613.0
1753504120926,04:28:40.926,ACH/USDT:USDT,0.02229,6150.0,0.022287,6219.0,0.02236,716.0,0.022361,18613.0
1753504121526,04:28:41.526,ACH/USDT:USDT,0.02229,336.0,0.022287,379.0,0.022361,18613.0,0.022365,37418.0
1753504121925,04:28:41.925,ACH/USDT:USDT,0.022287,379.0,0.022285,103787.0,0.022361,18613.0,0.022365,37418.0
1753504122130,04:28:42.130,ACH/USDT:USDT,0.02229,8480.0,0.022287,6301.0,0.02236,520.0,0.022361,18613.0
1753504122328,04:28:42.328,ACH/USDT:USDT,0.02229,6077.0,0.022287,6301.0,0.02236,330.0,0.022361,18242.0
1753504122529,04:28:42.529,ACH/USDT:USDT,0.02229,5429.0,0.022287,6301.0,0.02236,258.0,0.022361,18242.0
1753504122729,04:28:42.729,ACH/USDT:USDT,0.02229,7098.0,0.022287,6301.0,0.02236,270.0,0.022361,18242.0
1753504123129,04:28:43.129,ACH/USDT:USDT,0.02229,7634.0,0.022287,6301.0,0.02236,345.0,0.022361,18242.0
1753504123528,04:28:43.528,ACH/USDT:USDT,0.02229,6735.0,0.022287,6301.0,0.02236,311.0,0.022361,18242.0
1753504123929,04:28:43.929,ACH/USDT:USDT,0.02229,6785.0,0.022287,6301.0,0.02236,212.0,0.022361,18242.0
1753504124328,04:28:44.328,ACH/USDT:USDT,0.02229,6496.0,0.022287,6301.0,0.02236,346.0,0.022361,18242.0
1753504124527,04:28:44.527,ACH/USDT:USDT,0.02229,5586.0,0.022287,6301.0,0.02236,267.0,0.022361,18242.0
1753504124726,04:28:44.726,ACH/USDT:USDT,0.02229,1085.0,0.022287,1180.0,0.02236,272.0,0.022361,18242.0
1753504124926,04:28:44.926,ACH/USDT:USDT,0.02229,1380.0,0.022287,1180.0,0.02236,233.0,0.022361,18242.0
1753504125128,04:28:45.128,ACH/USDT:USDT,0.02229,1165.0,0.022287,1180.0,0.02236,297.0,0.022361,18242.0
1753504125329,04:28:45.329,ACH/USDT:USDT,0.022287,1180.0,0.022285,103787.0,0.022361,18242.0,0.022365,88715.0
1753504125528,04:28:45.528,ACH/USDT:USDT,0.022287,1180.0,0.022285,103787.0,0.022361,18242.0,0.022365,88715.0
1753504125934,04:28:45.934,ACH/USDT:USDT,0.022287,1180.0,0.022285,103787.0,0.022361,18242.0,0.022365,88715.0
1753504126330,04:28:46.330,ACH/USDT:USDT,0.02229,1640.0,0.022287,1180.0,0.02236,223.0,0.022361,18242.0
1753504126525,04:28:46.525,ACH/USDT:USDT,0.02229,1656.0,0.022287,1180.0,0.02236,347.0,0.022361,18242.0
1753504126730,04:28:46.730,ACH/USDT:USDT,0.02229,1228.0,0.022287,1180.0,0.02236,106.0,0.022361,18034.0
1753504127126,04:28:47.126,ACH/USDT:USDT,0.02229,1286.0,0.022287,1180.0,0.02236,143.0,0.022361,18034.0
1753504127330,04:28:47.330,ACH/USDT:USDT,0.02229,1349.0,0.022287,1180.0,0.02236,103.0,0.022361,18034.0
1753504127528,04:28:47.528,ACH/USDT:USDT,0.02229,1168.0,0.022287,1180.0,0.02236,124.0,0.022361,18034.0
1753504128129,04:28:48.129,ACH/USDT:USDT,0.02229,1116.0,0.022287,1180.0,0.02236,146.0,0.022361,18034.0
1753504128327,04:28:48.327,ACH/USDT:USDT,0.02229,1522.0,0.022287,1180.0,0.02236,102.0,0.022361,18034.0
1753504128528,04:28:48.528,ACH/USDT:USDT,0.022287,1180.0,0.022285,103787.0,0.022361,18034.0,0.022365,103107.0
1753504128729,04:28:48.729,ACH/USDT:USDT,0.02229,1378.0,0.022287,1180.0,0.02236,134.0,0.022361,18034.0
1753504128927,04:28:48.927,ACH/USDT:USDT,0.022287,1180.0,0.022285,103787.0,0.022361,18034.0,0.022365,103107.0
1753504129125,04:28:49.125,ACH/USDT:USDT,0.022287,1180.0,0.022285,103787.0,0.022361,18034.0,0.022365,103107.0
1753504129326,04:28:49.326,ACH/USDT:USDT,0.02229,1263.0,0.022287,1180.0,0.02236,122.0,0.022361,18034.0
1753504129730,04:28:49.730,ACH/USDT:USDT,0.02229,1675.0,0.022287,1180.0,0.02236,141.0,0.022361,18034.0
1753504129928,04:28:49.928,ACH/USDT:USDT,0.02229,1071.0,0.022287,1180.0,0.02236,132.0,0.022361,18034.0
1753504130127,04:28:50.127,ACH/USDT:USDT,0.02229,1186.0,0.022287,1180.0,0.02236,127.0,0.022361,18034.0
1753504130330,04:28:50.330,ACH/USDT:USDT,0.02229,1083.0,0.022287,1180.0,0.02236,139.0,0.022361,18034.0
1753504130527,04:28:50.527,ACH/USDT:USDT,0.022287,8581.0,0.022285,103787.0,0.022361,18034.0,0.022365,103107.0
1753504130730,04:28:50.730,ACH/USDT:USDT,0.022287,8581.0,0.022285,103787.0,0.022361,18034.0,0.022365,103107.0
1753504131130,04:28:51.130,ACH/USDT:USDT,0.022287,8581.0,0.022285,103787.0,0.022361,18034.0,0.022365,103107.0
1753504131927,04:28:51.927,ACH/USDT:USDT,0.02229,7891.0,0.022287,8581.0,0.022361,18034.0,0.022365,51248.0
1753504132325,04:28:52.325,ACH/USDT:USDT,0.02229,7891.0,0.022287,8581.0,0.022361,18034.0,0.022365,51248.0
1753504134325,04:28:54.325,ACH/USDT:USDT,0.02229,7891.0,0.022287,8581.0,0.022361,18390.0,0.022365,51474.0
1753504134527,04:28:54.527,ACH/USDT:USDT,0.02229,7891.0,0.022287,8581.0,0.022361,18390.0,0.022365,51474.0
1753504135535,04:28:55.535,ACH/USDT:USDT,0.02229,7891.0,0.022287,8581.0,0.022361,18390.0,0.022365,51474.0
1753504135730,04:28:55.730,ACH/USDT:USDT,0.02229,7891.0,0.022287,8581.0,0.022361,18390.0,0.022365,51474.0
1753504136128,04:28:56.128,ACH/USDT:USDT,0.02229,7891.0,0.022287,8581.0,0.022361,18390.0,0.022365,51474.0
1753504136529,04:28:56.529,ACH/USDT:USDT,0.02229,7891.0,0.022287,5387.0,0.022361,18390.0,0.022365,51474.0
1753504137525,04:28:57.525,ACH/USDT:USDT,0.02229,7891.0,0.022287,5387.0,0.022361,18390.0,0.022365,52082.0
1753504137728,04:28:57.728,ACH/USDT:USDT,0.02229,7891.0,0.022287,5387.0,0.022361,18390.0,0.022365,52082.0
1753504137930,04:28:57.930,ACH/USDT:USDT,0.02229,7891.0,0.022287,5387.0,0.022361,18390.0,0.022365,52082.0
1753504138326,04:28:58.326,ACH/USDT:USDT,0.02229,7891.0,0.022287,5387.0,0.022361,18390.0,0.022365,52082.0
1753504139140,04:28:59.140,ACH/USDT:USDT,0.02229,7891.0,0.022287,5387.0,0.022361,18390.0,0.022365,52082.0
1753504139527,04:28:59.527,ACH/USDT:USDT,0.02229,7891.0,0.022287,5387.0,0.022361,18390.0,0.022365,52082.0
1753504140132,04:29:00.132,ACH/USDT:USDT,0.02229,6099.0,0.022287,5387.0,0.022361,18390.0,0.022365,52082.0
1753504143528,04:29:03.528,ACH/USDT:USDT,0.02229,6099.0,0.022287,5387.0,0.022361,17910.0,0.022365,1894.0
1753504143729,04:29:03.729,ACH/USDT:USDT,0.02229,6099.0,0.022287,5387.0,0.022361,17910.0,0.022365,1894.0
1753504143929,04:29:03.929,ACH/USDT:USDT,0.02229,6099.0,0.022287,5387.0,0.022361,17910.0,0.022365,1894.0
