timestamp,time,symbol,bid1_price,bid1_volume,bid2_price,bid2_volume,ask1_price,ask1_volume,ask2_price,ask2_volume
1753503734107,04:22:14.107,ACH/USDT:USDT,0.022347,3749.0,0.022346,3455.0,0.022351,11177.0,0.022352,4846.0
1753503734248,04:22:14.248,ACH/USDT:USDT,0.022347,3749.0,0.022346,3455.0,0.022351,11177.0,0.022352,4846.0
1753503734502,04:22:14.502,ACH/USDT:USDT,0.022347,3749.0,0.022346,3455.0,0.022351,11177.0,0.022352,4846.0
1753503734618,04:22:14.618,ACH/USDT:USDT,0.022347,3749.0,0.022346,3455.0,0.022351,11177.0,0.022352,4846.0
1753503735102,04:22:15.102,ACH/USDT:USDT,0.022347,3749.0,0.022346,3455.0,0.022351,11177.0,0.022352,4846.0
1753503735205,04:22:15.205,ACH/USDT:USDT,0.022347,3749.0,0.022346,3455.0,0.022351,11177.0,0.022352,4846.0
1753503735569,04:22:15.569,ACH/USDT:USDT,0.022347,3749.0,0.022346,3455.0,0.022351,11177.0,0.022352,4846.0
1753503735702,04:22:15.702,ACH/USDT:USDT,0.022347,3749.0,0.022346,3455.0,0.022351,11177.0,0.022352,4846.0
1753503736202,04:22:16.202,ACH/USDT:USDT,0.022347,3749.0,0.022346,3455.0,0.022351,11177.0,0.022352,4846.0
1753503736353,04:22:16.353,ACH/USDT:USDT,0.022347,3749.0,0.022346,3455.0,0.022351,11177.0,0.022352,4846.0
1753503736619,04:22:16.619,ACH/USDT:USDT,0.022347,3749.0,0.022346,3455.0,0.022351,11177.0,0.022352,4846.0
1753503736802,04:22:16.802,ACH/USDT:USDT,0.022347,2013.0,0.022346,227.0,0.022349,235.0,0.022351,11177.0
1753503736928,04:22:16.928,ACH/USDT:USDT,0.022347,2363.0,0.022346,227.0,0.022349,1467.0,0.022351,14714.0
1753503737314,04:22:17.314,ACH/USDT:USDT,0.022347,2363.0,0.022346,227.0,0.022349,1467.0,0.022351,14714.0
1753503737417,04:22:17.417,ACH/USDT:USDT,0.022347,2363.0,0.022346,227.0,0.022349,1467.0,0.022351,25645.0
1753503737520,04:22:17.520,ACH/USDT:USDT,0.022347,2363.0,0.022346,227.0,0.022349,1467.0,0.022351,25645.0
1753503737902,04:22:17.902,ACH/USDT:USDT,0.022347,2363.0,0.022346,227.0,0.022349,1467.0,0.022351,25645.0
1753503738102,04:22:18.102,ACH/USDT:USDT,0.022347,2363.0,0.022346,227.0,0.022349,1467.0,0.022351,25645.0
1753503738209,04:22:18.209,ACH/USDT:USDT,0.022347,1421.0,0.022346,227.0,0.022349,1467.0,0.022351,22556.0
1753503738315,04:22:18.315,ACH/USDT:USDT,0.022347,1421.0,0.022346,227.0,0.022349,572.0,0.022351,23451.0
1753503738423,04:22:18.423,ACH/USDT:USDT,0.022347,1421.0,0.022346,227.0,0.022349,572.0,0.022351,23451.0
1753503738526,04:22:18.526,ACH/USDT:USDT,0.022347,1421.0,0.022346,1300.0,0.022349,572.0,0.022351,22556.0
1753503738673,04:22:18.673,ACH/USDT:USDT,0.022347,1421.0,0.022346,2250.0,0.022349,572.0,0.022351,22556.0
1753503738958,04:22:18.958,ACH/USDT:USDT,0.022347,1421.0,0.022346,5478.0,0.022349,572.0,0.022351,22556.0
1753503739061,04:22:19.061,ACH/USDT:USDT,0.022347,1421.0,0.022346,5478.0,0.022349,572.0,0.022351,22556.0
1753503739168,04:22:19.168,ACH/USDT:USDT,0.022347,1421.0,0.022346,4405.0,0.022349,4495.0,0.022351,22556.0
1753503739401,04:22:19.401,ACH/USDT:USDT,0.022347,1687.0,0.022346,4405.0,0.022349,4730.0,0.022351,22556.0
1753503739588,04:22:19.588,ACH/USDT:USDT,0.022347,1687.0,0.022346,1177.0,0.022349,7105.0,0.022351,25378.0
1753503739700,04:22:19.700,ACH/USDT:USDT,0.022347,3423.0,0.022346,7633.0,0.022349,7105.0,0.022351,14447.0
1753503739805,04:22:19.805,ACH/USDT:USDT,0.022347,7318.0,0.022346,7633.0,0.022349,7105.0,0.022351,14447.0
1753503740050,04:22:20.050,ACH/USDT:USDT,0.022347,7318.0,0.022346,7633.0,0.022349,7105.0,0.022351,14447.0
1753503740202,04:22:20.202,ACH/USDT:USDT,0.022347,7318.0,0.022346,7633.0,0.022349,7105.0,0.022351,14447.0
1753503740320,04:22:20.320,ACH/USDT:USDT,0.022347,7318.0,0.022346,7633.0,0.022349,7105.0,0.022351,14447.0
1753503740457,04:22:20.457,ACH/USDT:USDT,0.022347,6423.0,0.022346,7633.0,0.022349,7105.0,0.022351,11625.0
1753503740568,04:22:20.568,ACH/USDT:USDT,0.022348,17798.0,0.022347,6423.0,0.022349,7105.0,0.022351,11625.0
1753503740671,04:22:20.671,ACH/USDT:USDT,0.022348,17798.0,0.022347,7318.0,0.022349,7105.0,0.022351,11625.0
1753503740902,04:22:20.902,ACH/USDT:USDT,0.022348,17798.0,0.022347,7318.0,0.022349,7105.0,0.022351,11625.0
1753503741015,04:22:21.015,ACH/USDT:USDT,0.022348,17798.0,0.022347,6423.0,0.022349,7105.0,0.022351,11625.0
1753503741117,04:22:21.117,ACH/USDT:USDT,0.022348,17798.0,0.022347,6423.0,0.022349,7105.0,0.022351,11625.0
1753503741297,04:22:21.297,ACH/USDT:USDT,0.022348,17798.0,0.022347,6423.0,0.022349,7105.0,0.022351,11625.0
1753503741402,04:22:21.402,ACH/USDT:USDT,0.022347,16923.0,0.022346,1177.0,0.022349,7105.0,0.022351,11939.0
1753503741507,04:22:21.507,ACH/USDT:USDT,0.022347,16923.0,0.022346,1177.0,0.022349,7105.0,0.022351,11939.0
1753503741626,04:22:21.626,ACH/USDT:USDT,0.022348,17486.0,0.022347,23240.0,0.022349,7105.0,0.022351,11939.0
1753503741734,04:22:21.734,ACH/USDT:USDT,0.022348,17486.0,0.022347,23240.0,0.022349,7105.0,0.022351,11939.0
1753503741902,04:22:21.902,ACH/USDT:USDT,0.022348,17486.0,0.022347,23240.0,0.022349,7105.0,0.022351,11939.0
1753503742102,04:22:22.102,ACH/USDT:USDT,0.022348,17486.0,0.022347,23240.0,0.022349,7105.0,0.022351,11939.0
1753503742218,04:22:22.218,ACH/USDT:USDT,0.022348,17486.0,0.022347,23240.0,0.022349,7105.0,0.022351,11939.0
1753503742628,04:22:22.628,ACH/USDT:USDT,0.022348,17486.0,0.022347,23240.0,0.022349,7105.0,0.022351,11939.0
1753503742802,04:22:22.802,ACH/USDT:USDT,0.022348,17486.0,0.022347,23240.0,0.022349,7105.0,0.022351,11939.0
1753503743102,04:22:23.102,ACH/USDT:USDT,0.022348,17486.0,0.022347,23240.0,0.022349,7105.0,0.022351,11939.0
1753503743206,04:22:23.206,ACH/USDT:USDT,0.022348,17486.0,0.022347,23240.0,0.022349,7105.0,0.022351,11939.0
1753503743561,04:22:23.561,ACH/USDT:USDT,0.022348,17486.0,0.022347,23240.0,0.022349,7105.0,0.022351,11939.0
1753503743664,04:22:23.664,ACH/USDT:USDT,0.022348,17486.0,0.022347,23240.0,0.022349,7105.0,0.022351,11939.0
1753503743802,04:22:23.802,ACH/USDT:USDT,0.022348,17486.0,0.022347,23240.0,0.022349,7105.0,0.022351,11939.0
1753503744191,04:22:24.191,ACH/USDT:USDT,0.022348,17486.0,0.022347,23240.0,0.022349,7105.0,0.022351,11939.0
1753503744302,04:22:24.302,ACH/USDT:USDT,0.022348,17486.0,0.022347,23240.0,0.022349,7105.0,0.022351,11939.0
1753503744427,04:22:24.427,ACH/USDT:USDT,0.022348,17486.0,0.022347,23240.0,0.022349,7105.0,0.022351,11939.0
1753503744559,04:22:24.559,ACH/USDT:USDT,0.022348,17486.0,0.022347,23240.0,0.022349,7105.0,0.022351,11939.0
1753503744678,04:22:24.678,ACH/USDT:USDT,0.022348,17486.0,0.022347,23240.0,0.022349,7105.0,0.022351,11939.0
1753503744787,04:22:24.787,ACH/USDT:USDT,0.022348,17486.0,0.022347,23240.0,0.022349,7105.0,0.022351,11939.0
1753503744890,04:22:24.890,ACH/USDT:USDT,0.022348,17486.0,0.022347,23240.0,0.022349,7105.0,0.022351,11939.0
1753503745002,04:22:25.002,ACH/USDT:USDT,0.022348,17486.0,0.022347,23240.0,0.022349,7105.0,0.022351,11939.0
1753503745302,04:22:25.302,ACH/USDT:USDT,0.022348,17486.0,0.022347,23240.0,0.022349,7105.0,0.022351,11939.0
1753503745502,04:22:25.502,ACH/USDT:USDT,0.022348,17486.0,0.022347,23240.0,0.022349,7105.0,0.022351,11939.0
1753503745727,04:22:25.727,ACH/USDT:USDT,0.022347,30547.0,0.022346,1177.0,0.022349,7105.0,0.02235,895.0
1753503745830,04:22:25.830,ACH/USDT:USDT,0.022347,30547.0,0.022346,1177.0,0.022349,7105.0,0.02235,895.0
1753503745954,04:22:25.954,ACH/USDT:USDT,0.022347,30547.0,0.022346,1177.0,0.022349,7105.0,0.02235,895.0
1753503746069,04:22:26.069,ACH/USDT:USDT,0.022347,30547.0,0.022346,1177.0,0.022349,7105.0,0.02235,895.0
1753503746194,04:22:26.194,ACH/USDT:USDT,0.022347,30547.0,0.022346,1177.0,0.022349,7105.0,0.02235,895.0
1753503746402,04:22:26.402,ACH/USDT:USDT,0.022347,30547.0,0.022346,1177.0,0.022349,7105.0,0.02235,895.0
1753503746537,04:22:26.537,ACH/USDT:USDT,0.022347,30547.0,0.022346,1177.0,0.022349,7105.0,0.02235,895.0
1753503746734,04:22:26.734,ACH/USDT:USDT,0.022347,15311.0,0.022346,1177.0,0.022349,7105.0,0.02235,895.0
1753503746882,04:22:26.882,ACH/USDT:USDT,0.022347,15311.0,0.022346,1177.0,0.022349,12277.0,0.02235,3984.0
1753503746990,04:22:26.990,ACH/USDT:USDT,0.022347,1934.0,0.022346,1177.0,0.022349,12277.0,0.02235,3984.0
1753503747118,04:22:27.118,ACH/USDT:USDT,0.022347,1934.0,0.022346,1177.0,0.022349,12277.0,0.02235,3984.0
1753503747225,04:22:27.225,ACH/USDT:USDT,0.022347,1934.0,0.022346,227.0,0.022349,12277.0,0.02235,3984.0
1753503747387,04:22:27.387,ACH/USDT:USDT,0.022347,1934.0,0.022346,227.0,0.022349,12277.0,0.02235,3984.0
1753503747502,04:22:27.502,ACH/USDT:USDT,0.022347,1934.0,0.022346,227.0,0.022349,12277.0,0.02235,3984.0
1753503747617,04:22:27.617,ACH/USDT:USDT,0.022347,1934.0,0.022346,1220.0,0.022349,12277.0,0.02235,895.0
1753503747720,04:22:27.720,ACH/USDT:USDT,0.022347,1934.0,0.022346,1220.0,0.022349,12277.0,0.02235,895.0
1753503747982,04:22:27.982,ACH/USDT:USDT,0.022347,1934.0,0.022346,1220.0,0.022349,12277.0,0.02235,895.0
1753503748087,04:22:28.087,ACH/USDT:USDT,0.022347,1934.0,0.022346,1220.0,0.022349,12277.0,0.02235,895.0
1753503748237,04:22:28.237,ACH/USDT:USDT,0.022347,1934.0,0.022346,1220.0,0.022349,12277.0,0.02235,895.0
1753503748348,04:22:28.348,ACH/USDT:USDT,0.022347,1934.0,0.022346,1220.0,0.022349,12277.0,0.02235,895.0
1753503748577,04:22:28.577,ACH/USDT:USDT,0.022347,1934.0,0.022346,1220.0,0.022349,12277.0,0.022351,23032.0
1753503748680,04:22:28.680,ACH/USDT:USDT,0.022347,1934.0,0.022346,1220.0,0.022349,12277.0,0.022351,23032.0
1753503748787,04:22:28.787,ACH/USDT:USDT,0.022347,1934.0,0.022346,1220.0,0.022349,12277.0,0.022351,23032.0
1753503748889,04:22:28.889,ACH/USDT:USDT,0.022347,1934.0,0.022346,1220.0,0.022349,12277.0,0.022351,23032.0
1753503749115,04:22:29.115,ACH/USDT:USDT,0.022347,1934.0,0.022346,1220.0,0.022349,12277.0,0.022351,23032.0
1753503749218,04:22:29.218,ACH/USDT:USDT,0.022347,1934.0,0.022346,1220.0,0.022349,12277.0,0.022351,23032.0
1753503749334,04:22:29.334,ACH/USDT:USDT,0.022347,1934.0,0.022346,1220.0,0.022349,12276.0,0.022351,23032.0
1753503749468,04:22:29.468,ACH/USDT:USDT,0.022347,1934.0,0.022346,1220.0,0.022349,12276.0,0.022351,23032.0
1753503749571,04:22:29.571,ACH/USDT:USDT,0.022347,1934.0,0.022346,1220.0,0.022349,12276.0,0.02235,3089.0
1753503749702,04:22:29.702,ACH/USDT:USDT,0.022347,1934.0,0.022346,1220.0,0.022349,12276.0,0.02235,3089.0
1753503749902,04:22:29.902,ACH/USDT:USDT,0.022347,1934.0,0.022346,1220.0,0.022349,12276.0,0.02235,3089.0
1753503750258,04:22:30.258,ACH/USDT:USDT,0.022347,1934.0,0.022346,1220.0,0.022349,12276.0,0.02235,3089.0
1753503750388,04:22:30.388,ACH/USDT:USDT,0.022347,1934.0,0.022346,1220.0,0.022349,12276.0,0.02235,3089.0
1753503750491,04:22:30.491,ACH/USDT:USDT,0.022347,1934.0,0.022346,1220.0,0.022349,12276.0,0.02235,3089.0
1753503750754,04:22:30.754,ACH/USDT:USDT,0.022347,1934.0,0.022346,1220.0,0.022349,12276.0,0.02235,3089.0
1753503750902,04:22:30.902,ACH/USDT:USDT,0.022347,1934.0,0.022346,1220.0,0.022349,12276.0,0.02235,3089.0
1753503751502,04:22:31.502,ACH/USDT:USDT,0.022347,1934.0,0.022346,1220.0,0.022349,12276.0,0.02235,3089.0
1753503751610,04:22:31.610,ACH/USDT:USDT,0.022347,1934.0,0.022346,1220.0,0.022349,12276.0,0.02235,3089.0
1753503752070,04:22:32.070,ACH/USDT:USDT,0.022347,1934.0,0.022346,1220.0,0.022349,12276.0,0.02235,3089.0
1753503752201,04:22:32.201,ACH/USDT:USDT,0.022347,1934.0,0.022346,1220.0,0.022349,12276.0,0.02235,3089.0
1753503752367,04:22:32.367,ACH/USDT:USDT,0.022347,1934.0,0.022346,1220.0,0.022349,12278.0,0.02235,3089.0
1753503752558,04:22:32.558,ACH/USDT:USDT,0.022347,1934.0,0.022346,1220.0,0.022349,12278.0,0.02235,3089.0
1753503752702,04:22:32.702,ACH/USDT:USDT,0.022347,1934.0,0.022346,1220.0,0.022349,12278.0,0.02235,3089.0
1753503752965,04:22:32.965,ACH/USDT:USDT,0.022347,1934.0,0.022346,1220.0,0.022349,12278.0,0.02235,3089.0
1753503753302,04:22:33.302,ACH/USDT:USDT,0.022347,1934.0,0.022346,1220.0,0.022349,12278.0,0.02235,3089.0
1753503753456,04:22:33.456,ACH/USDT:USDT,0.022347,1934.0,0.022346,1220.0,0.022349,12278.0,0.02235,3089.0
1753503753585,04:22:33.585,ACH/USDT:USDT,0.022347,1934.0,0.022346,1220.0,0.022348,9933.0,0.022349,12278.0
1753503753838,04:22:33.838,ACH/USDT:USDT,0.022347,1934.0,0.022346,1220.0,0.022348,9933.0,0.022349,13173.0
1753503754002,04:22:34.002,ACH/USDT:USDT,0.022347,1934.0,0.022346,1220.0,0.022348,9933.0,0.022349,13173.0
1753503754402,04:22:34.402,ACH/USDT:USDT,0.022347,1934.0,0.022346,1220.0,0.022348,9933.0,0.022349,13173.0
1753503754507,04:22:34.507,ACH/USDT:USDT,0.022347,1934.0,0.022346,1220.0,0.022348,9933.0,0.022349,13173.0
1753503754609,04:22:34.609,ACH/USDT:USDT,0.022347,1934.0,0.022346,1220.0,0.022348,9933.0,0.022349,13173.0
1753503754748,04:22:34.748,ACH/USDT:USDT,0.022346,682.0,0.022345,1187.0,0.022347,3582.0,0.022348,13022.0
1753503754850,04:22:34.850,ACH/USDT:USDT,0.022345,739.0,0.022344,1236.0,0.022347,3582.0,0.022348,13022.0
1753503754957,04:22:34.957,ACH/USDT:USDT,0.022345,739.0,0.022344,1236.0,0.022347,4478.0,0.022348,13022.0
1753503755058,04:22:35.058,ACH/USDT:USDT,0.022345,739.0,0.022344,1236.0,0.022347,4478.0,0.022348,13022.0
1753503755302,04:22:35.302,ACH/USDT:USDT,0.022345,739.0,0.022344,1236.0,0.022347,4478.0,0.022348,13022.0
1753503755407,04:22:35.407,ACH/USDT:USDT,0.022345,739.0,0.022344,1236.0,0.022347,4478.0,0.022348,13022.0
1753503755509,04:22:35.509,ACH/USDT:USDT,0.022345,739.0,0.022344,1236.0,0.022347,4478.0,0.022348,13022.0
1753503755723,04:22:35.723,ACH/USDT:USDT,0.022345,739.0,0.022344,1236.0,0.022347,4478.0,0.022348,13022.0
1753503755829,04:22:35.829,ACH/USDT:USDT,0.022345,739.0,0.022344,1236.0,0.022347,4478.0,0.022348,13022.0
1753503755931,04:22:35.931,ACH/USDT:USDT,0.022345,739.0,0.022344,1236.0,0.022347,4478.0,0.022348,9933.0
1753503756068,04:22:36.068,ACH/USDT:USDT,0.022345,739.0,0.022344,1236.0,0.022347,4478.0,0.022348,9933.0
1753503756188,04:22:36.188,ACH/USDT:USDT,0.022345,739.0,0.022344,1236.0,0.022347,4478.0,0.022348,9933.0
1753503756502,04:22:36.502,ACH/USDT:USDT,0.022345,739.0,0.022344,1236.0,0.022347,3582.0,0.022348,9933.0
1753503756605,04:22:36.605,ACH/USDT:USDT,0.022345,739.0,0.022344,1236.0,0.022347,3582.0,0.022348,9933.0
1753503756767,04:22:36.767,ACH/USDT:USDT,0.022345,739.0,0.022344,1236.0,0.022347,3582.0,0.022348,9933.0
1753503756871,04:22:36.871,ACH/USDT:USDT,0.022345,739.0,0.022344,1236.0,0.022347,3582.0,0.022348,9933.0
1753503757019,04:22:37.019,ACH/USDT:USDT,0.022345,739.0,0.022344,1236.0,0.022347,3582.0,0.022348,9933.0
1753503757202,04:22:37.202,ACH/USDT:USDT,0.022345,739.0,0.022344,1236.0,0.022347,3582.0,0.022348,9933.0
1753503757317,04:22:37.317,ACH/USDT:USDT,0.022345,739.0,0.022344,1236.0,0.022347,3582.0,0.022348,9933.0
1753503757702,04:22:37.702,ACH/USDT:USDT,0.022345,739.0,0.022344,1236.0,0.022347,3582.0,0.022348,9933.0
1753503757818,04:22:37.818,ACH/USDT:USDT,0.022345,739.0,0.022344,1236.0,0.022347,3582.0,0.022348,9933.0
1753503758078,04:22:38.078,ACH/USDT:USDT,0.022345,739.0,0.022344,1236.0,0.022347,3582.0,0.022348,9933.0
1753503758266,04:22:38.266,ACH/USDT:USDT,0.022345,739.0,0.022344,1236.0,0.022347,3582.0,0.022348,9933.0
1753503758402,04:22:38.402,ACH/USDT:USDT,0.022345,739.0,0.022344,1236.0,0.022347,3582.0,0.022348,9933.0
1753503758534,04:22:38.534,ACH/USDT:USDT,0.022345,739.0,0.022344,7174.0,0.022348,9933.0,0.022349,23168.0
1753503758702,04:22:38.702,ACH/USDT:USDT,0.022345,739.0,0.022344,7174.0,0.022348,9933.0,0.022349,23168.0
1753503758806,04:22:38.806,ACH/USDT:USDT,0.022345,1634.0,0.022344,8069.0,0.022348,9933.0,0.022349,23168.0
1753503758918,04:22:38.918,ACH/USDT:USDT,0.022345,1634.0,0.022344,8069.0,0.022348,9933.0,0.022349,23168.0
1753503759118,04:22:39.118,ACH/USDT:USDT,0.022345,1634.0,0.022344,5100.0,0.022348,13022.0,0.022349,26257.0
1753503759221,04:22:39.221,ACH/USDT:USDT,0.022345,739.0,0.022344,1236.0,0.022348,13022.0,0.022349,26257.0
1753503759326,04:22:39.326,ACH/USDT:USDT,0.022345,739.0,0.022344,1236.0,0.022348,13022.0,0.022349,26257.0
1753503759802,04:22:39.802,ACH/USDT:USDT,0.022345,739.0,0.022344,1236.0,0.022348,13022.0,0.022349,26257.0
1753503760002,04:22:40.002,ACH/USDT:USDT,0.022345,739.0,0.022344,1236.0,0.022348,13022.0,0.022349,26257.0
1753503760118,04:22:40.118,ACH/USDT:USDT,0.022345,739.0,0.022344,1236.0,0.022348,13022.0,0.022349,26257.0
1753503760337,04:22:40.337,ACH/USDT:USDT,0.022345,1386.0,0.022344,1236.0,0.022348,24807.0,0.022349,26814.0
1753503760440,04:22:40.440,ACH/USDT:USDT,0.022345,1386.0,0.022344,1236.0,0.022348,24807.0,0.022349,15924.0
1753503760548,04:22:40.548,ACH/USDT:USDT,0.022345,1386.0,0.022344,1236.0,0.022348,24807.0,0.022349,15924.0
1753503760668,04:22:40.668,ACH/USDT:USDT,0.022345,1386.0,0.022344,1236.0,0.022348,24807.0,0.022349,15924.0
1753503760771,04:22:40.771,ACH/USDT:USDT,0.022345,1386.0,0.022344,1236.0,0.022348,24807.0,0.022349,15924.0
1753503760875,04:22:40.875,ACH/USDT:USDT,0.022345,1386.0,0.022344,1236.0,0.022348,24807.0,0.022349,15924.0
1753503760978,04:22:40.978,ACH/USDT:USDT,0.022345,1386.0,0.022344,1236.0,0.022348,24807.0,0.022349,15924.0
1753503761220,04:22:41.220,ACH/USDT:USDT,0.022345,1386.0,0.022344,1236.0,0.022348,23912.0,0.022349,15029.0
1753503761327,04:22:41.327,ACH/USDT:USDT,0.022345,1386.0,0.022344,2131.0,0.022348,20823.0,0.022349,11940.0
1753503761454,04:22:41.454,ACH/USDT:USDT,0.022345,1386.0,0.022344,2131.0,0.022348,20823.0,0.022349,11940.0
1753503761602,04:22:41.602,ACH/USDT:USDT,0.022345,1386.0,0.022344,2131.0,0.022348,20823.0,0.022349,11940.0
1753503761708,04:22:41.708,ACH/USDT:USDT,0.022345,1386.0,0.022344,2131.0,0.022348,20823.0,0.022349,11940.0
1753503761968,04:22:41.968,ACH/USDT:USDT,0.022345,1386.0,0.022344,1236.0,0.022348,20823.0,0.022349,11940.0
1753503762073,04:22:42.073,ACH/USDT:USDT,0.022345,1386.0,0.022344,1236.0,0.022348,21718.0,0.022349,11940.0
1753503762176,04:22:42.176,ACH/USDT:USDT,0.022345,1386.0,0.022344,1236.0,0.022348,21718.0,0.022349,11940.0
1753503762308,04:22:42.308,ACH/USDT:USDT,0.022345,1386.0,0.022344,1236.0,0.022348,21718.0,0.022349,11940.0
1753503762502,04:22:42.502,ACH/USDT:USDT,0.022345,1386.0,0.022344,1236.0,0.022348,24807.0,0.022349,15029.0
1753503762608,04:22:42.608,ACH/USDT:USDT,0.022345,1386.0,0.022344,1236.0,0.022348,24807.0,0.022349,15029.0
1753503762733,04:22:42.733,ACH/USDT:USDT,0.022345,1386.0,0.022344,1236.0,0.022348,24807.0,0.022349,15029.0
1753503762989,04:22:42.989,ACH/USDT:USDT,0.022345,1386.0,0.022344,1236.0,0.022348,24807.0,0.022349,15029.0
1753503763102,04:22:43.102,ACH/USDT:USDT,0.022345,1386.0,0.022344,1236.0,0.022348,23912.0,0.022349,15029.0
1753503763207,04:22:43.207,ACH/USDT:USDT,0.022345,1386.0,0.022344,1236.0,0.022348,20823.0,0.022349,11940.0
1753503763428,04:22:43.428,ACH/USDT:USDT,0.022345,1386.0,0.022344,1236.0,0.022348,20823.0,0.022349,11940.0
1753503763559,04:22:43.559,ACH/USDT:USDT,0.022345,1386.0,0.022344,1236.0,0.022348,20823.0,0.022349,11940.0
1753503763802,04:22:43.802,ACH/USDT:USDT,0.022345,1386.0,0.022344,1236.0,0.022348,20823.0,0.022349,11940.0
1753503764181,04:22:44.181,ACH/USDT:USDT,0.022341,985.0,0.02234,447.0,0.022342,8886.0,0.022343,1318.0
1753503764283,04:22:44.283,ACH/USDT:USDT,0.022341,985.0,0.02234,447.0,0.022342,8886.0,0.022343,1318.0
1753503764386,04:22:44.386,ACH/USDT:USDT,0.022341,985.0,0.02234,447.0,0.022342,8886.0,0.022343,1318.0
1753503764497,04:22:44.497,ACH/USDT:USDT,0.022341,247.0,0.02234,447.0,0.022342,8886.0,0.022343,1318.0
1753503764604,04:22:44.604,ACH/USDT:USDT,0.022341,247.0,0.02234,447.0,0.022342,8886.0,0.022343,1318.0
1753503764750,04:22:44.750,ACH/USDT:USDT,0.022341,247.0,0.02234,447.0,0.022342,18834.0,0.022343,1318.0
1753503764857,04:22:44.857,ACH/USDT:USDT,0.022341,247.0,0.02234,447.0,0.022342,8886.0,0.022343,1318.0
1753503765002,04:22:45.002,ACH/USDT:USDT,0.022341,247.0,0.02234,447.0,0.022342,5886.0,0.022343,1318.0
1753503765207,04:22:45.207,ACH/USDT:USDT,0.022341,247.0,0.02234,447.0,0.022342,5886.0,0.022343,1318.0
1753503765328,04:22:45.328,ACH/USDT:USDT,0.022341,247.0,0.02234,447.0,0.022342,5886.0,0.022343,1318.0
1753503765488,04:22:45.488,ACH/USDT:USDT,0.022338,561.0,0.022337,1186.0,0.022339,3582.0,0.02234,3582.0
1753503765591,04:22:45.591,ACH/USDT:USDT,0.022338,247.0,0.022337,1186.0,0.022339,3582.0,0.02234,17248.0
1753503765694,04:22:45.694,ACH/USDT:USDT,0.022338,247.0,0.022337,1186.0,0.022339,3818.0,0.02234,17248.0
1753503765808,04:22:45.808,ACH/USDT:USDT,0.022338,247.0,0.022337,1186.0,0.022339,4054.0,0.02234,16651.0
1753503765968,04:22:45.968,ACH/USDT:USDT,0.022338,247.0,0.022337,1186.0,0.022339,4290.0,0.02234,16651.0
1753503766102,04:22:46.102,ACH/USDT:USDT,0.022338,247.0,0.022337,1186.0,0.022339,4290.0,0.02234,16651.0
1753503766468,04:22:46.468,ACH/USDT:USDT,0.022338,247.0,0.022337,1186.0,0.022339,4290.0,0.02234,16651.0
1753503766573,04:22:46.573,ACH/USDT:USDT,0.022338,247.0,0.022337,1186.0,0.022339,4290.0,0.02234,16651.0
1753503766676,04:22:46.676,ACH/USDT:USDT,0.022338,247.0,0.022337,1186.0,0.022339,4290.0,0.02234,16651.0
1753503766780,04:22:46.780,ACH/USDT:USDT,0.022338,247.0,0.022337,1186.0,0.022339,4290.0,0.02234,16651.0
1753503766888,04:22:46.888,ACH/USDT:USDT,0.022338,247.0,0.022337,1186.0,0.022339,4290.0,0.02234,16651.0
1753503766999,04:22:46.999,ACH/USDT:USDT,0.022338,247.0,0.022337,1186.0,0.022339,4290.0,0.02234,16651.0
1753503767197,04:22:47.197,ACH/USDT:USDT,0.022338,247.0,0.022337,1186.0,0.022339,4290.0,0.02234,16651.0
1753503767298,04:22:47.298,ACH/USDT:USDT,0.022338,247.0,0.022337,1186.0,0.022339,4290.0,0.02234,17547.0
1753503767563,04:22:47.563,ACH/USDT:USDT,0.022338,247.0,0.022337,1186.0,0.022339,4290.0,0.02234,17547.0
1753503767787,04:22:47.787,ACH/USDT:USDT,0.022338,247.0,0.022337,1186.0,0.022339,4290.0,0.02234,17547.0
1753503767902,04:22:47.902,ACH/USDT:USDT,0.022338,247.0,0.022337,1186.0,0.022339,4290.0,0.02234,17547.0
1753503768028,04:22:48.028,ACH/USDT:USDT,0.022338,247.0,0.022337,1186.0,0.022339,4290.0,0.02234,17547.0
1753503768210,04:22:48.210,ACH/USDT:USDT,0.022338,247.0,0.022337,1186.0,0.022339,4290.0,0.02234,17547.0
1753503768313,04:22:48.313,ACH/USDT:USDT,0.022338,247.0,0.022337,1186.0,0.022339,4290.0,0.02234,17547.0
1753503768561,04:22:48.561,ACH/USDT:USDT,0.022338,247.0,0.022337,1186.0,0.022339,708.0,0.022341,448.0
1753503768664,04:22:48.664,ACH/USDT:USDT,0.022338,247.0,0.022337,1186.0,0.022339,708.0,0.022341,675.0
1753503768807,04:22:48.807,ACH/USDT:USDT,0.022338,247.0,0.022337,1186.0,0.022339,708.0,0.022341,1571.0
1753503768913,04:22:48.913,ACH/USDT:USDT,0.022338,247.0,0.022337,1186.0,0.022339,708.0,0.022341,1571.0
1753503769018,04:22:49.018,ACH/USDT:USDT,0.022338,247.0,0.022337,1186.0,0.022339,708.0,0.022341,1571.0
1753503769208,04:22:49.208,ACH/USDT:USDT,0.022338,247.0,0.022337,1186.0,0.022339,708.0,0.022341,1571.0
1753503769314,04:22:49.314,ACH/USDT:USDT,0.022338,247.0,0.022337,1186.0,0.022339,708.0,0.022341,1571.0
1753503769418,04:22:49.418,ACH/USDT:USDT,0.022338,247.0,0.022337,1186.0,0.022339,708.0,0.022341,1571.0
1753503769521,04:22:49.521,ACH/USDT:USDT,0.022338,247.0,0.022337,1186.0,0.022339,708.0,0.022341,1571.0
1753503769651,04:22:49.651,ACH/USDT:USDT,0.022338,247.0,0.022337,1186.0,0.022339,10640.0,0.022341,15730.0
1753503769759,04:22:49.759,ACH/USDT:USDT,0.022338,247.0,0.022337,1186.0,0.022339,10640.0,0.022341,15730.0
1753503769954,04:22:49.954,ACH/USDT:USDT,0.022338,247.0,0.022337,1186.0,0.022339,10640.0,0.022341,15730.0
1753503770067,04:22:50.067,ACH/USDT:USDT,0.022338,247.0,0.022337,1186.0,0.022339,10640.0,0.022341,15730.0
1753503770383,04:22:50.383,ACH/USDT:USDT,0.022338,247.0,0.022337,1186.0,0.022339,10640.0,0.022341,15730.0
1753503770595,04:22:50.595,ACH/USDT:USDT,0.022338,247.0,0.022337,1186.0,0.022339,10640.0,0.022341,15730.0
1753503770697,04:22:50.697,ACH/USDT:USDT,0.022338,247.0,0.022337,1186.0,0.022339,10640.0,0.022341,15730.0
1753503770846,04:22:50.846,ACH/USDT:USDT,0.022338,247.0,0.022337,1186.0,0.022339,10640.0,0.022341,12641.0
1753503771168,04:22:51.168,ACH/USDT:USDT,0.022338,247.0,0.022337,1186.0,0.022339,10640.0,0.022341,12641.0
1753503771280,04:22:51.280,ACH/USDT:USDT,0.022338,247.0,0.022337,1186.0,0.022339,10640.0,0.022341,12641.0
1753503771388,04:22:51.388,ACH/USDT:USDT,0.022338,247.0,0.022337,1186.0,0.022339,10640.0,0.022341,12641.0
1753503771657,04:22:51.657,ACH/USDT:USDT,0.022338,247.0,0.022337,1186.0,0.022339,10640.0,0.022341,15730.0
1753503771788,04:22:51.788,ACH/USDT:USDT,0.022338,247.0,0.022337,1186.0,0.022339,10640.0,0.022341,15730.0
1753503772132,04:22:52.132,ACH/USDT:USDT,0.022338,247.0,0.022337,1186.0,0.022339,22606.0,0.02234,896.0
1753503772239,04:22:52.239,ACH/USDT:USDT,0.022338,247.0,0.022337,1186.0,0.022339,22606.0,0.02234,896.0
1753503772388,04:22:52.388,ACH/USDT:USDT,0.022338,247.0,0.022337,1186.0,0.022339,22606.0,0.02234,896.0
1753503772514,04:22:52.514,ACH/USDT:USDT,0.022338,247.0,0.022337,1186.0,0.022339,22606.0,0.02234,896.0
1753503772616,04:22:52.616,ACH/USDT:USDT,0.022338,247.0,0.022337,1186.0,0.022339,22606.0,0.02234,896.0
1753503772721,04:22:52.721,ACH/USDT:USDT,0.022338,624.0,0.022337,1186.0,0.022339,21710.0,0.022341,15730.0
1753503772823,04:22:52.823,ACH/USDT:USDT,0.022338,624.0,0.022337,1186.0,0.022339,21710.0,0.022341,15730.0
1753503773265,04:22:53.265,ACH/USDT:USDT,0.022335,15146.0,0.022334,226.0,0.022336,11080.0,0.022337,3089.0
1753503773366,04:22:53.366,ACH/USDT:USDT,0.022335,15146.0,0.022334,226.0,0.022336,914.0,0.022337,3985.0
1753503773477,04:22:53.477,ACH/USDT:USDT,0.022335,15146.0,0.022334,226.0,0.022336,914.0,0.022337,3985.0
1753503773585,04:22:53.585,ACH/USDT:USDT,0.022335,15146.0,0.022334,226.0,0.022336,914.0,0.022337,3985.0
1753503773848,04:22:53.848,ACH/USDT:USDT,0.022335,15146.0,0.022334,226.0,0.022336,914.0,0.022337,3985.0
1753503773987,04:22:53.987,ACH/USDT:USDT,0.022335,15146.0,0.022334,226.0,0.022336,914.0,0.022337,896.0
1753503774090,04:22:54.090,ACH/USDT:USDT,0.022335,15146.0,0.022334,226.0,0.022336,914.0,0.022337,896.0
1753503774297,04:22:54.297,ACH/USDT:USDT,0.022335,15146.0,0.022334,226.0,0.022336,914.0,0.022337,896.0
1753503774400,04:22:54.400,ACH/USDT:USDT,0.022335,15146.0,0.022334,226.0,0.022336,914.0,0.022337,896.0
1753503774502,04:22:54.502,ACH/USDT:USDT,0.022335,15146.0,0.022334,226.0,0.022336,914.0,0.022337,896.0
1753503774605,04:22:54.605,ACH/USDT:USDT,0.022335,15146.0,0.022334,226.0,0.022336,914.0,0.022338,762.0
1753503774720,04:22:54.720,ACH/USDT:USDT,0.022335,15146.0,0.022334,226.0,0.022336,914.0,0.022338,762.0
1753503774831,04:22:54.831,ACH/USDT:USDT,0.022335,15146.0,0.022334,226.0,0.022336,914.0,0.022338,762.0
1753503774981,04:22:54.981,ACH/USDT:USDT,0.022335,15146.0,0.022334,226.0,0.022336,914.0,0.022338,762.0
1753503775084,04:22:55.084,ACH/USDT:USDT,0.022335,15146.0,0.022334,226.0,0.022336,914.0,0.022338,762.0
1753503775185,04:22:55.185,ACH/USDT:USDT,0.022335,15146.0,0.022334,226.0,0.022336,914.0,0.022338,762.0
1753503775288,04:22:55.288,ACH/USDT:USDT,0.022335,15146.0,0.022334,226.0,0.022336,914.0,0.022338,762.0
1753503775455,04:22:55.455,ACH/USDT:USDT,0.022335,15146.0,0.022334,226.0,0.022336,914.0,0.022338,762.0
1753503775564,04:22:55.564,ACH/USDT:USDT,0.022335,15146.0,0.022334,226.0,0.022336,914.0,0.022338,762.0
1753503775667,04:22:55.667,ACH/USDT:USDT,0.022335,15146.0,0.022334,226.0,0.022336,914.0,0.022338,762.0
1753503775802,04:22:55.802,ACH/USDT:USDT,0.022335,15146.0,0.022334,226.0,0.022336,914.0,0.022338,762.0
1753503775998,04:22:55.998,ACH/USDT:USDT,0.022335,15146.0,0.022334,226.0,0.022336,914.0,0.022338,762.0
1753503776202,04:22:56.202,ACH/USDT:USDT,0.022335,15146.0,0.022334,226.0,0.022336,914.0,0.022338,762.0
1753503776394,04:22:56.394,ACH/USDT:USDT,0.022335,15146.0,0.022334,226.0,0.022336,914.0,0.022338,762.0
1753503776497,04:22:56.497,ACH/USDT:USDT,0.022335,15146.0,0.022334,226.0,0.022336,914.0,0.022338,762.0
1753503776605,04:22:56.605,ACH/USDT:USDT,0.022335,15146.0,0.022334,226.0,0.022336,914.0,0.022338,762.0
1753503776711,04:22:56.711,ACH/USDT:USDT,0.022335,15146.0,0.022334,226.0,0.022336,914.0,0.022338,762.0
1753503776856,04:22:56.856,ACH/USDT:USDT,0.022335,15146.0,0.022334,226.0,0.022336,914.0,0.022338,762.0
1753503776959,04:22:56.959,ACH/USDT:USDT,0.022335,15146.0,0.022334,226.0,0.022336,914.0,0.022338,762.0
1753503777127,04:22:57.127,ACH/USDT:USDT,0.022335,15146.0,0.022334,226.0,0.022336,914.0,0.022338,762.0
1753503777302,04:22:57.302,ACH/USDT:USDT,0.022335,15146.0,0.022334,226.0,0.022336,914.0,0.022338,762.0
1753503777428,04:22:57.428,ACH/USDT:USDT,0.022335,14895.0,0.022334,226.0,0.022336,1150.0,0.022338,762.0
1753503777620,04:22:57.620,ACH/USDT:USDT,0.022335,14895.0,0.022334,226.0,0.022336,1150.0,0.022338,762.0
1753503777902,04:22:57.902,ACH/USDT:USDT,0.022335,18993.0,0.022334,6164.0,0.022339,8921.0,0.02234,41759.0
1753503778006,04:22:58.006,ACH/USDT:USDT,0.022335,19316.0,0.022334,6164.0,0.022339,8921.0,0.02234,41759.0
1753503778117,04:22:58.117,ACH/USDT:USDT,0.022335,19316.0,0.022334,6164.0,0.022339,8921.0,0.02234,41759.0
1753503778289,04:22:58.289,ACH/USDT:USDT,0.022335,19316.0,0.022334,6164.0,0.022339,8921.0,0.02234,41759.0
1753503778467,04:22:58.467,ACH/USDT:USDT,0.022335,19316.0,0.022334,6164.0,0.022339,8921.0,0.02234,41759.0
1753503778602,04:22:58.602,ACH/USDT:USDT,0.022335,19316.0,0.022334,6164.0,0.022339,8921.0,0.02234,41759.0
1753503778716,04:22:58.716,ACH/USDT:USDT,0.022336,29662.0,0.022335,19543.0,0.022339,8921.0,0.02234,41759.0
1753503778819,04:22:58.819,ACH/USDT:USDT,0.022336,29662.0,0.022335,19543.0,0.022339,8921.0,0.02234,41759.0
1753503778988,04:22:58.988,ACH/USDT:USDT,0.022336,29662.0,0.022335,19543.0,0.022339,8921.0,0.02234,41759.0
1753503779092,04:22:59.092,ACH/USDT:USDT,0.022336,29662.0,0.022335,19543.0,0.022339,8921.0,0.02234,41759.0
1753503779230,04:22:59.230,ACH/USDT:USDT,0.022336,29662.0,0.022335,19543.0,0.022339,8921.0,0.02234,41759.0
1753503779372,04:22:59.372,ACH/USDT:USDT,0.022336,29662.0,0.022335,19543.0,0.022339,8921.0,0.02234,41759.0
1753503779484,04:22:59.484,ACH/USDT:USDT,0.022336,29662.0,0.022335,19543.0,0.022339,8921.0,0.02234,41759.0
1753503779627,04:22:59.627,ACH/USDT:USDT,0.022336,29662.0,0.022335,19543.0,0.022339,8921.0,0.02234,41759.0
1753503780102,04:23:00.102,ACH/USDT:USDT,0.022336,29662.0,0.022335,19543.0,0.022339,8921.0,0.02234,41759.0
1753503780293,04:23:00.293,ACH/USDT:USDT,0.022336,29662.0,0.022335,467270.0,0.022339,8921.0,0.02234,41759.0
1753503780440,04:23:00.440,ACH/USDT:USDT,0.022336,29662.0,0.022335,467270.0,0.022339,8921.0,0.02234,41759.0
1753503780548,04:23:00.548,ACH/USDT:USDT,0.022336,29662.0,0.022335,467270.0,0.022339,8921.0,0.02234,41759.0
1753503780654,04:23:00.654,ACH/USDT:USDT,0.022337,21847.0,0.022336,21392.0,0.022343,739.0,0.022344,5999.0
1753503780757,04:23:00.757,ACH/USDT:USDT,0.022337,21847.0,0.022336,10965.0,0.022343,6833.0,0.022344,5551.0
1753503780858,04:23:00.858,ACH/USDT:USDT,0.022337,21847.0,0.022336,10965.0,0.022343,6833.0,0.022344,5551.0
1753503780990,04:23:00.990,ACH/USDT:USDT,0.022337,21847.0,0.022336,10965.0,0.022343,6833.0,0.022344,5551.0
1753503781202,04:23:01.202,ACH/USDT:USDT,0.022337,26961.0,0.022336,17983.0,0.022343,6833.0,0.022344,5551.0
1753503781508,04:23:01.508,ACH/USDT:USDT,0.022337,27190.0,0.022336,17983.0,0.022343,6833.0,0.022344,5551.0
1753503781697,04:23:01.697,ACH/USDT:USDT,0.022337,35649.0,0.022336,17983.0,0.022343,6094.0,0.022344,5551.0
1753503781801,04:23:01.801,ACH/USDT:USDT,0.022337,35649.0,0.022336,17983.0,0.022343,6094.0,0.022344,5551.0
1753503782028,04:23:02.028,ACH/USDT:USDT,0.022337,35649.0,0.022336,17983.0,0.022343,6094.0,0.022344,5551.0
1753503782131,04:23:02.131,ACH/USDT:USDT,0.022339,3000.0,0.022338,11664.0,0.022344,5551.0,0.022345,17143.0
1753503782234,04:23:02.234,ACH/USDT:USDT,0.022339,5034.0,0.022338,15320.0,0.022344,5551.0,0.022345,17143.0
1753503782352,04:23:02.352,ACH/USDT:USDT,0.022339,3000.0,0.022338,11664.0,0.022344,5551.0,0.022345,17143.0
1753503782551,04:23:02.551,ACH/USDT:USDT,0.02234,1999.0,0.022339,5034.0,0.022344,5551.0,0.022345,6063.0
1753503782653,04:23:02.653,ACH/USDT:USDT,0.02234,3366.0,0.022339,8123.0,0.022344,5551.0,0.022345,6063.0
1753503782938,04:23:02.938,ACH/USDT:USDT,0.022338,11437.0,0.022337,25664.0,0.022344,14571.0,0.022345,12980.0
1753503783095,04:23:03.095,ACH/USDT:USDT,0.022337,968.0,0.022336,8119.0,0.022341,11235.0,0.022342,3089.0
1753503783202,04:23:03.202,ACH/USDT:USDT,0.022337,968.0,0.022336,8119.0,0.022341,11235.0,0.022342,3089.0
1753503783341,04:23:03.341,ACH/USDT:USDT,0.022337,968.0,0.022336,8119.0,0.022341,11235.0,0.022342,3089.0
1753503783444,04:23:03.444,ACH/USDT:USDT,0.022337,1401.0,0.022336,8119.0,0.022341,11235.0,0.022342,3089.0
1753503783555,04:23:03.555,ACH/USDT:USDT,0.022337,1401.0,0.022336,8119.0,0.022341,11235.0,0.022342,3089.0
1753503783733,04:23:03.733,ACH/USDT:USDT,0.022337,1401.0,0.022336,8119.0,0.022341,11235.0,0.022342,3089.0
1753503783902,04:23:03.902,ACH/USDT:USDT,0.022337,1401.0,0.022336,8119.0,0.022341,11235.0,0.022342,3089.0
1753503784007,04:23:04.007,ACH/USDT:USDT,0.022337,1401.0,0.022336,8119.0,0.022341,11235.0,0.022342,3089.0
1753503784158,04:23:04.158,ACH/USDT:USDT,0.022337,1401.0,0.022336,8119.0,0.022341,11235.0,0.022342,3089.0
1753503784302,04:23:04.302,ACH/USDT:USDT,0.022337,1401.0,0.022336,8119.0,0.022341,11235.0,0.022342,3089.0
1753503784405,04:23:04.405,ACH/USDT:USDT,0.022337,1401.0,0.022336,8119.0,0.022341,11235.0,0.022342,3089.0
1753503784508,04:23:04.508,ACH/USDT:USDT,0.022337,1401.0,0.022336,8119.0,0.022341,12930.0,0.022342,3089.0
1753503784960,04:23:04.960,ACH/USDT:USDT,0.022337,1401.0,0.022336,8119.0,0.022341,12930.0,0.022342,3089.0
1753503785086,04:23:05.086,ACH/USDT:USDT,0.022337,1401.0,0.022336,8119.0,0.022341,12930.0,0.022342,3089.0
1753503785202,04:23:05.202,ACH/USDT:USDT,0.022337,1401.0,0.022336,8119.0,0.022341,12930.0,0.022342,3089.0
1753503785537,04:23:05.537,ACH/USDT:USDT,0.022337,1401.0,0.022336,8119.0,0.022341,12930.0,0.022342,3089.0
1753503785640,04:23:05.640,ACH/USDT:USDT,0.022337,1401.0,0.022336,8119.0,0.022341,12930.0,0.022342,3985.0
1753503785753,04:23:05.753,ACH/USDT:USDT,0.022337,1401.0,0.022336,448.0,0.022339,11235.0,0.02234,14324.0
1753503785860,04:23:05.860,ACH/USDT:USDT,0.022337,1401.0,0.022336,448.0,0.022339,11235.0,0.02234,3089.0
1753503785964,04:23:05.964,ACH/USDT:USDT,0.022337,1401.0,0.022336,448.0,0.022339,11235.0,0.02234,3985.0
1753503786091,04:23:06.091,ACH/USDT:USDT,0.022337,1401.0,0.022336,448.0,0.022339,14235.0,0.02234,3985.0
1753503786302,04:23:06.302,ACH/USDT:USDT,0.022337,1401.0,0.022336,448.0,0.022339,14235.0,0.02234,3985.0
1753503786556,04:23:06.556,ACH/USDT:USDT,0.022337,1401.0,0.022336,448.0,0.022339,14235.0,0.02234,3985.0
1753503786659,04:23:06.659,ACH/USDT:USDT,0.022337,1401.0,0.022336,448.0,0.022339,14235.0,0.02234,3985.0
1753503786783,04:23:06.783,ACH/USDT:USDT,0.022337,662.0,0.022336,448.0,0.022338,16951.0,0.022339,3000.0
1753503786897,04:23:06.897,ACH/USDT:USDT,0.022337,662.0,0.022336,448.0,0.022338,16951.0,0.022339,3000.0
1753503786999,04:23:06.999,ACH/USDT:USDT,0.022337,662.0,0.022336,448.0,0.022338,16951.0,0.022339,3000.0
1753503787212,04:23:07.212,ACH/USDT:USDT,0.022337,662.0,0.022336,448.0,0.022338,16951.0,0.022339,3000.0
1753503787402,04:23:07.402,ACH/USDT:USDT,0.022337,662.0,0.022336,448.0,0.022338,16951.0,0.022339,3000.0
1753503787570,04:23:07.570,ACH/USDT:USDT,0.022337,662.0,0.022336,448.0,0.022338,16951.0,0.022339,3000.0
1753503787769,04:23:07.769,ACH/USDT:USDT,0.022337,909.0,0.022336,448.0,0.022338,16951.0,0.022339,3000.0
1753503787906,04:23:07.906,ACH/USDT:USDT,0.022337,909.0,0.022336,448.0,0.022338,16951.0,0.022339,3000.0
1753503788138,04:23:08.138,ACH/USDT:USDT,0.022337,909.0,0.022336,448.0,0.022338,16951.0,0.022339,3000.0
1753503788302,04:23:08.302,ACH/USDT:USDT,0.022337,625.0,0.022336,448.0,0.022338,16951.0,0.022339,3000.0
1753503788453,04:23:08.453,ACH/USDT:USDT,0.022337,625.0,0.022336,448.0,0.022338,16951.0,0.02234,8934.0
1753503788602,04:23:08.602,ACH/USDT:USDT,0.022337,625.0,0.022336,448.0,0.022338,16951.0,0.02234,8934.0
1753503788902,04:23:08.902,ACH/USDT:USDT,0.022337,625.0,0.022336,448.0,0.022338,16951.0,0.02234,8934.0
1753503789007,04:23:09.007,ACH/USDT:USDT,0.022337,625.0,0.022336,448.0,0.022338,16951.0,0.02234,8934.0
1753503789142,04:23:09.142,ACH/USDT:USDT,0.022337,625.0,0.022336,448.0,0.022338,16951.0,0.02234,8934.0
1753503789338,04:23:09.338,ACH/USDT:USDT,0.022337,625.0,0.022336,448.0,0.022338,11235.0,0.02234,448.0
1753503789441,04:23:09.441,ACH/USDT:USDT,0.022337,625.0,0.022336,448.0,0.022338,11235.0,0.02234,448.0
1753503789546,04:23:09.546,ACH/USDT:USDT,0.022337,625.0,0.022336,448.0,0.022338,11235.0,0.02234,8851.0
1753503789703,04:23:09.703,ACH/USDT:USDT,0.022337,625.0,0.022336,448.0,0.022338,11235.0,0.02234,8851.0
1753503790002,04:23:10.002,ACH/USDT:USDT,0.022337,625.0,0.022336,448.0,0.022338,11235.0,0.02234,8851.0
1753503790201,04:23:10.201,ACH/USDT:USDT,0.022337,625.0,0.022336,448.0,0.022338,11235.0,0.02234,8851.0
1753503790328,04:23:10.328,ACH/USDT:USDT,0.022337,625.0,0.022336,448.0,0.022338,11235.0,0.02234,8851.0
1753503790602,04:23:10.602,ACH/USDT:USDT,0.022337,625.0,0.022336,448.0,0.022338,11235.0,0.02234,8851.0
1753503790710,04:23:10.710,ACH/USDT:USDT,0.022338,4033.0,0.022337,17808.0,0.022341,739.0,0.022342,5090.0
1753503790811,04:23:10.811,ACH/USDT:USDT,0.022338,4033.0,0.022337,17808.0,0.022341,739.0,0.022342,5090.0
1753503790917,04:23:10.917,ACH/USDT:USDT,0.022338,4033.0,0.022337,17808.0,0.022341,739.0,0.022342,5090.0
1753503791019,04:23:11.019,ACH/USDT:USDT,0.022338,4033.0,0.022337,17430.0,0.022341,361.0,0.022342,5090.0
1753503791120,04:23:11.120,ACH/USDT:USDT,0.022338,4033.0,0.022337,17430.0,0.022341,361.0,0.022342,5090.0
1753503791299,04:23:11.299,ACH/USDT:USDT,0.022338,4033.0,0.022337,17430.0,0.022341,361.0,0.022342,5090.0
1753503791402,04:23:11.402,ACH/USDT:USDT,0.022338,4033.0,0.022337,17430.0,0.02234,236.0,0.022342,6416.0
1753503791517,04:23:11.517,ACH/USDT:USDT,0.022338,4033.0,0.022337,17430.0,0.02234,236.0,0.022342,6864.0
1753503791650,04:23:11.650,ACH/USDT:USDT,0.022338,4033.0,0.022337,17430.0,0.022342,6416.0,0.022343,2673.0
1753503791787,04:23:11.787,ACH/USDT:USDT,0.022338,4033.0,0.022337,17430.0,0.022342,6416.0,0.022343,2673.0
1753503791946,04:23:11.946,ACH/USDT:USDT,0.022338,4033.0,0.022337,17430.0,0.022342,6416.0,0.022343,2673.0
1753503792071,04:23:12.071,ACH/USDT:USDT,0.022338,4033.0,0.022337,17430.0,0.022342,6416.0,0.022343,6002.0
1753503792172,04:23:12.172,ACH/USDT:USDT,0.022339,2818.0,0.022338,4260.0,0.022342,6416.0,0.022343,6002.0
1753503792274,04:23:12.274,ACH/USDT:USDT,0.022339,2818.0,0.022338,4260.0,0.022342,6416.0,0.022343,4295.0
1753503792507,04:23:12.507,ACH/USDT:USDT,0.022339,2818.0,0.022338,4260.0,0.022342,6416.0,0.022343,4295.0
1753503792702,04:23:12.702,ACH/USDT:USDT,0.022339,2818.0,0.022338,4260.0,0.022342,6416.0,0.022343,966.0
1753503792806,04:23:12.806,ACH/USDT:USDT,0.022339,2818.0,0.022338,4260.0,0.022342,6416.0,0.022343,966.0
1753503793064,04:23:13.064,ACH/USDT:USDT,0.022339,2818.0,0.022338,4260.0,0.022342,6416.0,0.022343,966.0
1753503793298,04:23:13.298,ACH/USDT:USDT,0.022339,2818.0,0.022338,4260.0,0.022342,6416.0,0.022343,966.0
1753503793400,04:23:13.400,ACH/USDT:USDT,0.022339,2818.0,0.022338,4260.0,0.022342,6416.0,0.022343,966.0
1753503793618,04:23:13.618,ACH/USDT:USDT,0.022339,2818.0,0.022338,4260.0,0.022342,6416.0,0.022343,966.0
1753503793770,04:23:13.770,ACH/USDT:USDT,0.022339,2818.0,0.022338,2261.0,0.022342,8654.0,0.022343,966.0
1753503793902,04:23:13.902,ACH/USDT:USDT,0.022339,2818.0,0.022338,2261.0,0.022342,19801.0,0.022343,966.0
1753503794012,04:23:14.012,ACH/USDT:USDT,0.022339,2818.0,0.022338,227.0,0.022341,12043.0,0.022342,8654.0
1753503794115,04:23:14.115,ACH/USDT:USDT,0.022339,2818.0,0.022338,227.0,0.022341,12043.0,0.022342,8654.0
1753503794244,04:23:14.244,ACH/USDT:USDT,0.022339,2818.0,0.022338,227.0,0.02234,11147.0,0.022341,3985.0
1753503794359,04:23:14.359,ACH/USDT:USDT,0.022339,2818.0,0.022338,227.0,0.02234,11147.0,0.022341,3985.0
1753503794501,04:23:14.501,ACH/USDT:USDT,0.022339,2818.0,0.022338,227.0,0.02234,11147.0,0.022341,3985.0
1753503794618,04:23:14.618,ACH/USDT:USDT,0.022338,227.0,0.022337,1434.0,0.02234,11147.0,0.022341,4212.0
1753503794724,04:23:14.724,ACH/USDT:USDT,0.022337,986.0,0.022336,12118.0,0.02234,11147.0,0.022341,4212.0
1753503794876,04:23:14.876,ACH/USDT:USDT,0.022337,986.0,0.022336,12118.0,0.02234,12034.0,0.022341,4212.0
1753503794997,04:23:14.997,ACH/USDT:USDT,0.022337,986.0,0.022336,448.0,0.022339,12043.0,0.02234,2191.0
1753503795169,04:23:15.169,ACH/USDT:USDT,0.022337,2141.0,0.022336,448.0,0.022339,12043.0,0.02234,2191.0
1753503795298,04:23:15.298,ACH/USDT:USDT,0.022337,2141.0,0.022336,448.0,0.022339,12043.0,0.02234,2191.0
1753503795502,04:23:15.502,ACH/USDT:USDT,0.022337,2141.0,0.022336,448.0,0.022339,12043.0,0.02234,2191.0
1753503795617,04:23:15.617,ACH/USDT:USDT,0.022337,2141.0,0.022336,448.0,0.022339,12043.0,0.02234,2191.0
1753503795742,04:23:15.742,ACH/USDT:USDT,0.022337,986.0,0.022336,448.0,0.022339,12043.0,0.02234,2191.0
1753503795902,04:23:15.902,ACH/USDT:USDT,0.022337,986.0,0.022336,448.0,0.022339,12043.0,0.02234,2191.0
1753503796143,04:23:16.143,ACH/USDT:USDT,0.022337,986.0,0.022336,448.0,0.022339,12043.0,0.02234,2191.0
1753503796247,04:23:16.247,ACH/USDT:USDT,0.022337,986.0,0.022336,448.0,0.022339,12043.0,0.02234,2191.0
1753503796502,04:23:16.502,ACH/USDT:USDT,0.022337,986.0,0.022336,448.0,0.022339,12043.0,0.02234,2191.0
1753503796648,04:23:16.648,ACH/USDT:USDT,0.022337,986.0,0.022336,448.0,0.022339,12043.0,0.02234,2191.0
1753503796802,04:23:16.802,ACH/USDT:USDT,0.022337,986.0,0.022336,448.0,0.022339,12043.0,0.02234,2191.0
1753503796908,04:23:16.908,ACH/USDT:USDT,0.022337,986.0,0.022336,448.0,0.022339,12043.0,0.02234,2191.0
1753503797011,04:23:17.011,ACH/USDT:USDT,0.022337,986.0,0.022336,448.0,0.022339,12043.0,0.02234,2191.0
1753503797278,04:23:17.278,ACH/USDT:USDT,0.022337,986.0,0.022336,448.0,0.022339,12043.0,0.02234,2191.0
1753503797402,04:23:17.402,ACH/USDT:USDT,0.022337,986.0,0.022336,448.0,0.022339,12043.0,0.02234,2191.0
1753503797602,04:23:17.602,ACH/USDT:USDT,0.022337,986.0,0.022336,448.0,0.022339,12043.0,0.02234,2191.0
1753503797849,04:23:17.849,ACH/USDT:USDT,0.022337,986.0,0.022336,448.0,0.022339,12043.0,0.02234,2191.0
1753503797959,04:23:17.959,ACH/USDT:USDT,0.022337,3020.0,0.022336,7312.0,0.02234,2191.0,0.022341,1414.0
1753503798067,04:23:18.067,ACH/USDT:USDT,0.022338,4033.0,0.022337,7572.0,0.022341,3347.0,0.022342,16237.0
1753503798169,04:23:18.169,ACH/USDT:USDT,0.022338,5131.0,0.022337,7572.0,0.022341,3347.0,0.022342,15789.0
1753503798310,04:23:18.310,ACH/USDT:USDT,0.022338,5131.0,0.022337,7572.0,0.022341,3347.0,0.022342,15789.0
1753503798534,04:23:18.534,ACH/USDT:USDT,0.022339,516.0,0.022338,5131.0,0.022341,3912.0,0.022342,15789.0
1753503798647,04:23:18.647,ACH/USDT:USDT,0.022339,516.0,0.022338,5131.0,0.022341,3912.0,0.022342,15789.0
1753503798755,04:23:18.755,ACH/USDT:USDT,0.022339,516.0,0.022338,5131.0,0.022341,3912.0,0.022342,15789.0
1753503798858,04:23:18.858,ACH/USDT:USDT,0.022339,516.0,0.022338,5131.0,0.022341,3912.0,0.022342,15789.0
1753503799038,04:23:19.038,ACH/USDT:USDT,0.022339,516.0,0.022338,5131.0,0.022341,3912.0,0.022342,15789.0
1753503799202,04:23:19.202,ACH/USDT:USDT,0.022339,516.0,0.022338,5131.0,0.022341,3912.0,0.022342,15789.0
1753503799448,04:23:19.448,ACH/USDT:USDT,0.022339,516.0,0.022338,5131.0,0.022341,3912.0,0.022342,15789.0
1753503799618,04:23:19.618,ACH/USDT:USDT,0.022339,516.0,0.022338,5131.0,0.022341,3912.0,0.022342,15789.0
1753503799737,04:23:19.737,ACH/USDT:USDT,0.022339,516.0,0.022338,5131.0,0.022341,3912.0,0.022342,15789.0
1753503800027,04:23:20.027,ACH/USDT:USDT,0.022339,516.0,0.022338,5131.0,0.022341,3912.0,0.022342,15789.0
1753503800171,04:23:20.171,ACH/USDT:USDT,0.022339,516.0,0.022338,1098.0,0.02234,11147.0,0.022341,3912.0
1753503800277,04:23:20.277,ACH/USDT:USDT,0.022339,516.0,0.022338,1098.0,0.02234,11147.0,0.022341,2608.0
1753503800448,04:23:20.448,ACH/USDT:USDT,0.022339,516.0,0.022338,1098.0,0.02234,11147.0,0.022341,2608.0
1753503800630,04:23:20.630,ACH/USDT:USDT,0.022339,516.0,0.022338,1098.0,0.02234,11147.0,0.022341,2608.0
1753503800774,04:23:20.774,ACH/USDT:USDT,0.022339,516.0,0.022338,1098.0,0.02234,11147.0,0.022341,2608.0
1753503800877,04:23:20.877,ACH/USDT:USDT,0.022339,516.0,0.022338,1098.0,0.02234,11147.0,0.022341,2608.0
1753503800996,04:23:20.996,ACH/USDT:USDT,0.022339,516.0,0.022338,1098.0,0.02234,11147.0,0.022341,3504.0
1753503801104,04:23:21.104,ACH/USDT:USDT,0.022339,516.0,0.022338,1098.0,0.02234,11147.0,0.022341,3504.0
1753503801302,04:23:21.302,ACH/USDT:USDT,0.022339,516.0,0.022338,1098.0,0.02234,11147.0,0.022341,3504.0
1753503801428,04:23:21.428,ACH/USDT:USDT,0.022339,516.0,0.022338,1098.0,0.02234,11147.0,0.022341,3504.0
1753503801607,04:23:21.607,ACH/USDT:USDT,0.022339,516.0,0.022338,1098.0,0.02234,11147.0,0.022341,3504.0
1753503801902,04:23:21.902,ACH/USDT:USDT,0.022339,516.0,0.022338,1098.0,0.02234,11147.0,0.022341,3504.0
1753503802040,04:23:22.040,ACH/USDT:USDT,0.022339,516.0,0.022338,1098.0,0.02234,11147.0,0.022341,3504.0
1753503802160,04:23:22.160,ACH/USDT:USDT,0.022339,516.0,0.022338,1098.0,0.02234,11147.0,0.022341,3504.0
1753503802291,04:23:22.291,ACH/USDT:USDT,0.022339,516.0,0.022338,1098.0,0.02234,11147.0,0.022341,3504.0
1753503802502,04:23:22.502,ACH/USDT:USDT,0.022339,516.0,0.022338,1098.0,0.02234,11147.0,0.022341,2608.0
1753503802618,04:23:22.618,ACH/USDT:USDT,0.022339,516.0,0.022338,1098.0,0.02234,11147.0,0.022341,2608.0
1753503802723,04:23:22.723,ACH/USDT:USDT,0.022339,516.0,0.022338,1098.0,0.02234,11147.0,0.022341,2608.0
1753503803102,04:23:23.102,ACH/USDT:USDT,0.022339,516.0,0.022338,1098.0,0.02234,11147.0,0.022341,2608.0
1753503803209,04:23:23.209,ACH/USDT:USDT,0.022339,516.0,0.022338,1098.0,0.02234,11147.0,0.022341,2608.0
1753503803325,04:23:23.325,ACH/USDT:USDT,0.022339,516.0,0.022338,1098.0,0.02234,11147.0,0.022341,2608.0
1753503803430,04:23:23.430,ACH/USDT:USDT,0.022339,516.0,0.022338,1098.0,0.02234,11147.0,0.022341,2608.0
1753503803555,04:23:23.555,ACH/USDT:USDT,0.022339,516.0,0.022338,1098.0,0.02234,11147.0,0.022341,2608.0
1753503803658,04:23:23.658,ACH/USDT:USDT,0.022339,516.0,0.022338,1098.0,0.02234,11147.0,0.022341,2608.0
1753503803803,04:23:23.803,ACH/USDT:USDT,0.022339,516.0,0.022338,1098.0,0.02234,11147.0,0.022341,2608.0
1753503804062,04:23:24.062,ACH/USDT:USDT,0.022339,516.0,0.022338,1098.0,0.02234,11147.0,0.022341,2608.0
1753503804202,04:23:24.202,ACH/USDT:USDT,0.022339,516.0,0.022338,1098.0,0.02234,11147.0,0.022341,5697.0
1753503804393,04:23:24.393,ACH/USDT:USDT,0.022339,516.0,0.022338,1098.0,0.02234,11147.0,0.022341,5697.0
1753503804560,04:23:24.560,ACH/USDT:USDT,0.022335,452234.0,0.022334,226.0,0.022336,15188.0,0.022337,3089.0
1753503804663,04:23:24.663,ACH/USDT:USDT,0.022335,450514.0,0.022334,226.0,0.022336,15188.0,0.022337,3089.0
1753503804766,04:23:24.766,ACH/USDT:USDT,0.022335,450514.0,0.022334,226.0,0.022336,16076.0,0.022337,3089.0
1753503804917,04:23:24.917,ACH/USDT:USDT,0.022335,450514.0,0.022334,226.0,0.022336,16076.0,0.022337,3089.0
1753503805249,04:23:25.249,ACH/USDT:USDT,0.022335,450514.0,0.022334,226.0,0.022336,16076.0,0.022337,3089.0
1753503805355,04:23:25.355,ACH/USDT:USDT,0.022335,450514.0,0.022334,226.0,0.022336,16484.0,0.022337,3089.0
1753503805488,04:23:25.488,ACH/USDT:USDT,0.022335,450514.0,0.022334,226.0,0.022336,16484.0,0.022337,3089.0
1753503805622,04:23:25.622,ACH/USDT:USDT,0.022335,450514.0,0.022334,226.0,0.022336,16484.0,0.022338,762.0
1753503805857,04:23:25.857,ACH/USDT:USDT,0.022335,450514.0,0.022334,226.0,0.022336,16484.0,0.022338,762.0
1753503806055,04:23:26.055,ACH/USDT:USDT,0.022335,450514.0,0.022334,226.0,0.022336,16484.0,0.022338,762.0
1753503806330,04:23:26.330,ACH/USDT:USDT,0.022335,450514.0,0.022334,226.0,0.022336,16484.0,0.022338,762.0
1753503806501,04:23:26.501,ACH/USDT:USDT,0.022335,450514.0,0.022334,226.0,0.022336,16484.0,0.022338,762.0
1753503806736,04:23:26.736,ACH/USDT:USDT,0.022335,450514.0,0.022334,226.0,0.022336,16484.0,0.022338,762.0
1753503806839,04:23:26.839,ACH/USDT:USDT,0.022335,450514.0,0.022334,226.0,0.022336,16484.0,0.022338,762.0
1753503806979,04:23:26.979,ACH/USDT:USDT,0.022335,450514.0,0.022334,226.0,0.022336,16484.0,0.022338,3851.0
1753503807085,04:23:27.085,ACH/USDT:USDT,0.022335,450514.0,0.022334,226.0,0.022336,16484.0,0.022338,4747.0
1753503807198,04:23:27.198,ACH/USDT:USDT,0.022335,450514.0,0.022334,226.0,0.022336,16484.0,0.022338,4747.0
1753503807333,04:23:27.333,ACH/USDT:USDT,0.022335,450514.0,0.022334,226.0,0.022336,16484.0,0.022338,4747.0
1753503807502,04:23:27.502,ACH/USDT:USDT,0.022335,450514.0,0.022334,226.0,0.022336,16484.0,0.022338,4747.0
1753503807702,04:23:27.702,ACH/USDT:USDT,0.022335,450514.0,0.022334,226.0,0.022336,12902.0,0.022338,4747.0
1753503807999,04:23:27.999,ACH/USDT:USDT,0.022335,450514.0,0.022334,226.0,0.022336,12902.0,0.022338,4747.0
1753503808102,04:23:28.102,ACH/USDT:USDT,0.022335,450514.0,0.022334,226.0,0.022336,12902.0,0.022338,4747.0
1753503808206,04:23:28.206,ACH/USDT:USDT,0.022335,450514.0,0.022334,226.0,0.022336,12902.0,0.022338,4747.0
1753503808355,04:23:28.355,ACH/USDT:USDT,0.022335,450514.0,0.022334,226.0,0.022336,11663.0,0.022338,3851.0
1753503808468,04:23:28.468,ACH/USDT:USDT,0.022335,450514.0,0.022334,226.0,0.022336,11663.0,0.022338,3851.0
1753503808573,04:23:28.573,ACH/USDT:USDT,0.022335,450514.0,0.022334,226.0,0.022336,11663.0,0.022338,3851.0
1753503808676,04:23:28.676,ACH/USDT:USDT,0.022335,450514.0,0.022334,226.0,0.022336,11663.0,0.022338,3851.0
1753503808778,04:23:28.778,ACH/USDT:USDT,0.022335,450514.0,0.022334,226.0,0.022336,11663.0,0.022338,3851.0
1753503808905,04:23:28.905,ACH/USDT:USDT,0.022335,450514.0,0.022334,226.0,0.022336,11663.0,0.022338,3851.0
1753503809018,04:23:29.018,ACH/USDT:USDT,0.022335,450514.0,0.022334,226.0,0.022336,11663.0,0.022338,3851.0
1753503809202,04:23:29.202,ACH/USDT:USDT,0.022335,450514.0,0.022334,226.0,0.022336,11663.0,0.022338,3851.0
1753503809384,04:23:29.384,ACH/USDT:USDT,0.022335,450514.0,0.022334,226.0,0.022336,11929.0,0.022338,3851.0
1753503809578,04:23:29.578,ACH/USDT:USDT,0.022335,450514.0,0.022334,226.0,0.022336,11929.0,0.022338,3851.0
1753503809778,04:23:29.778,ACH/USDT:USDT,0.022335,450514.0,0.022334,226.0,0.022336,11929.0,0.022338,3851.0
1753503810127,04:23:30.127,ACH/USDT:USDT,0.022333,739.0,0.022332,561.0,0.022334,13601.0,0.022335,25407.0
1753503810230,04:23:30.230,ACH/USDT:USDT,0.022333,739.0,0.022332,561.0,0.022334,13601.0,0.022335,25407.0
1753503810346,04:23:30.346,ACH/USDT:USDT,0.022332,247.0,0.022331,1413.0,0.022334,13601.0,0.022335,25407.0
1753503810466,04:23:30.466,ACH/USDT:USDT,0.022332,247.0,0.022331,1413.0,0.022334,13601.0,0.022335,25407.0
1753503810568,04:23:30.568,ACH/USDT:USDT,0.022332,247.0,0.022331,1413.0,0.022334,13601.0,0.022335,25407.0
1753503810681,04:23:30.681,ACH/USDT:USDT,0.022332,247.0,0.022331,1413.0,0.022334,13601.0,0.022335,25407.0
1753503810902,04:23:30.902,ACH/USDT:USDT,0.022332,247.0,0.022331,1413.0,0.022334,13601.0,0.022335,25407.0
1753503811018,04:23:31.018,ACH/USDT:USDT,0.022332,247.0,0.022331,1413.0,0.022334,13601.0,0.022335,25407.0
1753503811207,04:23:31.207,ACH/USDT:USDT,0.022332,247.0,0.022331,1413.0,0.022334,13601.0,0.022335,25407.0
1753503811316,04:23:31.316,ACH/USDT:USDT,0.022332,247.0,0.022331,1413.0,0.022334,13601.0,0.022335,25407.0
1753503811502,04:23:31.502,ACH/USDT:USDT,0.022332,247.0,0.022331,1413.0,0.022334,13601.0,0.022335,25407.0
1753503811638,04:23:31.638,ACH/USDT:USDT,0.022332,247.0,0.022331,1413.0,0.022334,13601.0,0.022335,25407.0
1753503811756,04:23:31.756,ACH/USDT:USDT,0.022332,247.0,0.022331,1413.0,0.022334,13601.0,0.022335,25407.0
1753503811898,04:23:31.898,ACH/USDT:USDT,0.022332,247.0,0.022331,1413.0,0.022334,13601.0,0.022335,25407.0
1753503812000,04:23:32.000,ACH/USDT:USDT,0.022332,247.0,0.022331,1413.0,0.022334,13601.0,0.022335,25407.0
1753503812102,04:23:32.102,ACH/USDT:USDT,0.022332,247.0,0.022331,1413.0,0.022334,13601.0,0.022335,25407.0
1753503812215,04:23:32.215,ACH/USDT:USDT,0.022332,247.0,0.022331,1413.0,0.022334,13601.0,0.022335,25407.0
1753503812358,04:23:32.358,ACH/USDT:USDT,0.022332,247.0,0.022331,1413.0,0.022334,13601.0,0.022335,25407.0
1753503812478,04:23:32.478,ACH/USDT:USDT,0.022332,247.0,0.022331,1413.0,0.022334,13601.0,0.022335,25407.0
1753503812582,04:23:32.582,ACH/USDT:USDT,0.022332,247.0,0.022331,1413.0,0.022334,13601.0,0.022335,25407.0
1753503812685,04:23:32.685,ACH/USDT:USDT,0.022332,247.0,0.022331,1413.0,0.022334,13601.0,0.022335,25407.0
1753503812826,04:23:32.826,ACH/USDT:USDT,0.022332,247.0,0.022331,1413.0,0.022334,13601.0,0.022335,25407.0
1753503812973,04:23:32.973,ACH/USDT:USDT,0.022332,247.0,0.022331,1413.0,0.022334,13601.0,0.022335,25407.0
1753503813102,04:23:33.102,ACH/USDT:USDT,0.022332,247.0,0.022331,1413.0,0.022334,13601.0,0.022335,25407.0
1753503813552,04:23:33.552,ACH/USDT:USDT,0.022332,247.0,0.022331,1413.0,0.022334,17261.0,0.022335,25407.0
1753503813655,04:23:33.655,ACH/USDT:USDT,0.022332,247.0,0.022331,1413.0,0.022334,17261.0,0.022335,25407.0
1753503813828,04:23:33.828,ACH/USDT:USDT,0.022332,247.0,0.022331,1413.0,0.022334,17261.0,0.022335,25407.0
1753503814038,04:23:34.038,ACH/USDT:USDT,0.022332,247.0,0.022331,1413.0,0.022334,17261.0,0.022335,25407.0
1753503814139,04:23:34.139,ACH/USDT:USDT,0.022332,247.0,0.022331,1413.0,0.022334,17261.0,0.022335,25407.0
1753503814248,04:23:34.248,ACH/USDT:USDT,0.022333,236.0,0.022332,247.0,0.022334,6749.0,0.022335,18324.0
1753503814353,04:23:34.353,ACH/USDT:USDT,0.022333,236.0,0.022332,247.0,0.022334,6749.0,0.022335,18324.0
1753503814483,04:23:34.483,ACH/USDT:USDT,0.022333,236.0,0.022332,247.0,0.022334,6713.0,0.022335,18324.0
1753503814586,04:23:34.586,ACH/USDT:USDT,0.022333,236.0,0.022332,247.0,0.022334,6713.0,0.022335,18324.0
1753503814689,04:23:34.689,ACH/USDT:USDT,0.022333,236.0,0.022332,247.0,0.022334,6713.0,0.022335,18324.0
1753503814811,04:23:34.811,ACH/USDT:USDT,0.022333,236.0,0.022332,247.0,0.022334,6713.0,0.022335,18324.0
1753503814914,04:23:34.914,ACH/USDT:USDT,0.022333,236.0,0.022332,247.0,0.022334,6713.0,0.022335,18324.0
1753503815048,04:23:35.048,ACH/USDT:USDT,0.022333,236.0,0.022332,247.0,0.022334,6713.0,0.022335,18324.0
1753503815247,04:23:35.247,ACH/USDT:USDT,0.022333,236.0,0.022332,247.0,0.022334,6713.0,0.022335,18324.0
1753503815351,04:23:35.351,ACH/USDT:USDT,0.022333,236.0,0.022332,247.0,0.022334,6713.0,0.022335,18324.0
1753503815453,04:23:35.453,ACH/USDT:USDT,0.022333,236.0,0.022332,247.0,0.022334,6713.0,0.022335,18324.0
1753503815745,04:23:35.745,ACH/USDT:USDT,0.022333,537.0,0.022332,247.0,0.022334,4011.0,0.022335,10710.0
1753503815848,04:23:35.848,ACH/USDT:USDT,0.022333,537.0,0.022332,247.0,0.022334,4011.0,0.022335,10710.0
1753503815979,04:23:35.979,ACH/USDT:USDT,0.022333,537.0,0.022332,247.0,0.022334,4011.0,0.022335,10710.0
1753503816140,04:23:36.140,ACH/USDT:USDT,0.022333,537.0,0.022332,247.0,0.022334,4011.0,0.022335,10710.0
1753503816567,04:23:36.567,ACH/USDT:USDT,0.022333,537.0,0.022332,247.0,0.022334,4011.0,0.022335,10710.0
1753503816682,04:23:36.682,ACH/USDT:USDT,0.022333,537.0,0.022332,247.0,0.022334,4011.0,0.022335,16107.0
1753503816786,04:23:36.786,ACH/USDT:USDT,0.022333,537.0,0.022332,247.0,0.022334,4011.0,0.022335,17003.0
1753503816890,04:23:36.890,ACH/USDT:USDT,0.022333,537.0,0.022332,247.0,0.022334,4011.0,0.022335,17003.0
1753503817001,04:23:37.001,ACH/USDT:USDT,0.022333,537.0,0.022332,247.0,0.022334,3888.0,0.022335,17003.0
1753503817402,04:23:37.402,ACH/USDT:USDT,0.022333,537.0,0.022332,247.0,0.022334,3888.0,0.022335,17003.0
1753503817549,04:23:37.549,ACH/USDT:USDT,0.022333,537.0,0.022332,247.0,0.022334,3888.0,0.022335,17003.0
1753503817778,04:23:37.778,ACH/USDT:USDT,0.022333,537.0,0.022332,247.0,0.022334,3888.0,0.022335,17003.0
1753503817883,04:23:37.883,ACH/USDT:USDT,0.022333,537.0,0.022332,247.0,0.022334,3888.0,0.022335,17003.0
1753503817986,04:23:37.986,ACH/USDT:USDT,0.022333,537.0,0.022332,247.0,0.022334,3888.0,0.022335,17003.0
1753503818088,04:23:38.088,ACH/USDT:USDT,0.022333,537.0,0.022332,247.0,0.022334,3888.0,0.022335,17003.0
1753503818318,04:23:38.318,ACH/USDT:USDT,0.022333,537.0,0.022332,247.0,0.022334,3888.0,0.022335,17003.0
1753503818502,04:23:38.502,ACH/USDT:USDT,0.022333,537.0,0.022332,247.0,0.022334,3888.0,0.022335,17003.0
1753503818618,04:23:38.618,ACH/USDT:USDT,0.022333,537.0,0.022332,247.0,0.022334,3888.0,0.022335,17003.0
1753503818818,04:23:38.818,ACH/USDT:USDT,0.022333,537.0,0.022332,247.0,0.022334,3888.0,0.022335,17003.0
1753503819097,04:23:39.097,ACH/USDT:USDT,0.022333,867.0,0.022332,247.0,0.022334,6275.0,0.022335,17003.0
1753503819203,04:23:39.203,ACH/USDT:USDT,0.022333,867.0,0.022332,247.0,0.022334,6275.0,0.022335,16107.0
1753503819602,04:23:39.602,ACH/USDT:USDT,0.022333,867.0,0.022332,247.0,0.022334,6275.0,0.022335,16107.0
1753503819814,04:23:39.814,ACH/USDT:USDT,0.022333,867.0,0.022332,247.0,0.022334,6275.0,0.022335,16107.0
1753503820131,04:23:40.131,ACH/USDT:USDT,0.022333,867.0,0.022332,247.0,0.022334,6275.0,0.022335,17003.0
1753503820237,04:23:40.237,ACH/USDT:USDT,0.022333,867.0,0.022332,247.0,0.022334,6275.0,0.022335,6293.0
1753503820340,04:23:40.340,ACH/USDT:USDT,0.022333,1103.0,0.022332,247.0,0.022334,6275.0,0.022336,11803.0
1753503820444,04:23:40.444,ACH/USDT:USDT,0.022333,1103.0,0.022332,247.0,0.022334,6275.0,0.022336,11803.0
1753503820702,04:23:40.702,ACH/USDT:USDT,0.022333,1103.0,0.022332,247.0,0.022334,6274.0,0.022336,11803.0
1753503821066,04:23:41.066,ACH/USDT:USDT,0.022333,1103.0,0.022332,247.0,0.022334,6274.0,0.022335,5397.0
1753503821169,04:23:41.169,ACH/USDT:USDT,0.022333,1103.0,0.022332,247.0,0.022334,6273.0,0.022335,5397.0
1753503821302,04:23:41.302,ACH/USDT:USDT,0.022333,1103.0,0.022332,247.0,0.022334,6273.0,0.022335,6293.0
1753503821409,04:23:41.409,ACH/USDT:USDT,0.022333,1103.0,0.022332,247.0,0.022334,6273.0,0.022335,6293.0
1753503821576,04:23:41.576,ACH/USDT:USDT,0.022333,1103.0,0.022332,247.0,0.022334,6273.0,0.022335,6293.0
1753503821682,04:23:41.682,ACH/USDT:USDT,0.022333,1103.0,0.022332,247.0,0.022334,6273.0,0.022335,6293.0
1753503821802,04:23:41.802,ACH/USDT:USDT,0.022333,1103.0,0.022332,247.0,0.022334,6273.0,0.022335,6293.0
1753503821968,04:23:41.968,ACH/USDT:USDT,0.022333,1103.0,0.022332,247.0,0.022334,6273.0,0.022335,6293.0
1753503822093,04:23:42.093,ACH/USDT:USDT,0.022333,1103.0,0.022332,247.0,0.022334,6273.0,0.022335,6293.0
1753503822302,04:23:42.302,ACH/USDT:USDT,0.022333,1103.0,0.022332,247.0,0.022334,6273.0,0.022335,6293.0
1753503822502,04:23:42.502,ACH/USDT:USDT,0.022333,1103.0,0.022332,3336.0,0.022334,6273.0,0.022336,19953.0
1753503822606,04:23:42.606,ACH/USDT:USDT,0.022333,1103.0,0.022332,3336.0,0.022334,6273.0,0.022336,3901.0
1753503822732,04:23:42.732,ACH/USDT:USDT,0.022333,1103.0,0.022332,3563.0,0.022334,6273.0,0.022336,3901.0
1753503822837,04:23:42.837,ACH/USDT:USDT,0.022333,1103.0,0.022332,3563.0,0.022334,6273.0,0.022336,3901.0
1753503822987,04:23:42.987,ACH/USDT:USDT,0.022333,1103.0,0.022332,247.0,0.022334,6273.0,0.022336,3901.0
1753503823181,04:23:43.181,ACH/USDT:USDT,0.022333,1103.0,0.022332,247.0,0.022334,6273.0,0.022336,15111.0
1753503823286,04:23:43.286,ACH/USDT:USDT,0.022333,1103.0,0.022332,247.0,0.022334,6273.0,0.022336,15111.0
1753503823402,04:23:43.402,ACH/USDT:USDT,0.022333,1103.0,0.022332,247.0,0.022334,6273.0,0.022336,15111.0
1753503823567,04:23:43.567,ACH/USDT:USDT,0.022333,1103.0,0.022332,247.0,0.022334,6273.0,0.022336,15111.0
1753503823765,04:23:43.765,ACH/USDT:USDT,0.022331,739.0,0.02233,1186.0,0.022332,3582.0,0.022333,2131.0
1753503823868,04:23:43.868,ACH/USDT:USDT,0.022331,739.0,0.02233,1186.0,0.022332,3582.0,0.022333,2131.0
1753503823971,04:23:43.971,ACH/USDT:USDT,0.022331,739.0,0.02233,1186.0,0.022332,3582.0,0.022333,2131.0
1753503824142,04:23:44.142,ACH/USDT:USDT,0.022331,739.0,0.02233,1186.0,0.022332,3582.0,0.022333,2131.0
1753503824256,04:23:44.256,ACH/USDT:USDT,0.022331,739.0,0.02233,4275.0,0.022332,3582.0,0.022333,2131.0
1753503824361,04:23:44.361,ACH/USDT:USDT,0.022331,739.0,0.02233,4275.0,0.022332,3582.0,0.022334,15770.0
1753503824463,04:23:44.463,ACH/USDT:USDT,0.022331,739.0,0.02233,4275.0,0.022332,3582.0,0.022334,15770.0
1753503824567,04:23:44.567,ACH/USDT:USDT,0.022331,739.0,0.02233,4275.0,0.022332,3582.0,0.022334,15770.0
1753503824688,04:23:44.688,ACH/USDT:USDT,0.022331,739.0,0.02233,4275.0,0.022332,3582.0,0.022334,15770.0
1753503824902,04:23:44.902,ACH/USDT:USDT,0.022331,739.0,0.02233,4275.0,0.022332,3582.0,0.022334,15770.0
1753503825034,04:23:45.034,ACH/USDT:USDT,0.022331,739.0,0.02233,4275.0,0.022332,3582.0,0.022334,15770.0
1753503825406,04:23:45.406,ACH/USDT:USDT,0.022331,739.0,0.02233,4275.0,0.022332,3582.0,0.022334,15770.0
1753503825688,04:23:45.688,ACH/USDT:USDT,0.022331,739.0,0.02233,4275.0,0.022332,3582.0,0.022334,15770.0
1753503825888,04:23:45.888,ACH/USDT:USDT,0.022331,739.0,0.02233,4275.0,0.022332,3582.0,0.022334,15770.0
1753503825990,04:23:45.990,ACH/USDT:USDT,0.022331,2526.0,0.02233,4275.0,0.022332,3582.0,0.022334,15770.0
1753503826098,04:23:46.098,ACH/USDT:USDT,0.022331,2526.0,0.02233,4275.0,0.022332,3582.0,0.022334,15770.0
1753503826298,04:23:46.298,ACH/USDT:USDT,0.022331,2526.0,0.02233,4275.0,0.022332,3582.0,0.022334,4560.0
1753503826447,04:23:46.447,ACH/USDT:USDT,0.022331,2526.0,0.02233,4275.0,0.022332,3582.0,0.022334,4560.0
1753503826550,04:23:46.550,ACH/USDT:USDT,0.022331,2526.0,0.02233,4275.0,0.022332,3582.0,0.022334,4560.0
1753503826677,04:23:46.677,ACH/USDT:USDT,0.022331,2526.0,0.02233,4275.0,0.022332,3582.0,0.022334,4560.0
1753503826898,04:23:46.898,ACH/USDT:USDT,0.022331,2526.0,0.02233,4275.0,0.022332,3582.0,0.022334,4560.0
1753503827002,04:23:47.002,ACH/USDT:USDT,0.022331,2526.0,0.02233,4275.0,0.022332,3582.0,0.022334,4560.0
1753503827202,04:23:47.202,ACH/USDT:USDT,0.022331,2526.0,0.02233,4275.0,0.022332,3582.0,0.022334,4560.0
1753503827430,04:23:47.430,ACH/USDT:USDT,0.022331,2526.0,0.02233,4275.0,0.022332,3582.0,0.022334,4560.0
1753503827556,04:23:47.556,ACH/USDT:USDT,0.022331,2526.0,0.02233,4275.0,0.022332,3582.0,0.022334,4560.0
1753503827659,04:23:47.659,ACH/USDT:USDT,0.022331,2526.0,0.02233,4275.0,0.022332,3582.0,0.022334,4560.0
1753503827802,04:23:47.802,ACH/USDT:USDT,0.022331,2526.0,0.02233,4275.0,0.022332,3582.0,0.022334,4560.0
1753503827927,04:23:47.927,ACH/USDT:USDT,0.022331,2526.0,0.02233,1186.0,0.022332,3582.0,0.022334,4560.0
1753503828032,04:23:48.032,ACH/USDT:USDT,0.022331,2526.0,0.02233,1186.0,0.022332,3582.0,0.022334,5456.0
1753503828143,04:23:48.143,ACH/USDT:USDT,0.022331,2526.0,0.02233,1186.0,0.022332,3582.0,0.022334,5456.0
1753503828248,04:23:48.248,ACH/USDT:USDT,0.022331,2526.0,0.02233,1186.0,0.022332,3582.0,0.022334,5456.0
1753503828350,04:23:48.350,ACH/USDT:USDT,0.022331,2526.0,0.02233,1186.0,0.022332,3582.0,0.022334,5456.0
1753503828538,04:23:48.538,ACH/USDT:USDT,0.022331,2526.0,0.02233,1186.0,0.022332,3582.0,0.022334,5456.0
1753503828702,04:23:48.702,ACH/USDT:USDT,0.022331,2526.0,0.02233,1186.0,0.022332,3582.0,0.022334,5456.0
1753503828902,04:23:48.902,ACH/USDT:USDT,0.022331,2526.0,0.02233,1186.0,0.022332,3582.0,0.022334,5456.0
1753503829261,04:23:49.261,ACH/USDT:USDT,0.022331,1787.0,0.02233,1186.0,0.022332,14792.0,0.022333,3089.0
1753503829363,04:23:49.363,ACH/USDT:USDT,0.022329,986.0,0.022328,673.0,0.02233,3582.0,0.022332,17792.0
1753503829467,04:23:49.467,ACH/USDT:USDT,0.022329,986.0,0.022328,673.0,0.02233,3582.0,0.022331,1712.0
1753503829571,04:23:49.571,ACH/USDT:USDT,0.022329,986.0,0.022328,673.0,0.02233,3582.0,0.022331,2156.0
1753503829699,04:23:49.699,ACH/USDT:USDT,0.022329,986.0,0.022328,673.0,0.02233,3582.0,0.022331,3487.0
1753503829805,04:23:49.805,ACH/USDT:USDT,0.022329,986.0,0.022328,673.0,0.02233,3864.0,0.022331,3487.0
1753503829918,04:23:49.918,ACH/USDT:USDT,0.022329,986.0,0.022328,673.0,0.02233,3864.0,0.022331,2156.0
1753503830037,04:23:50.037,ACH/USDT:USDT,0.022329,986.0,0.022328,673.0,0.02233,3864.0,0.022331,2156.0
1753503830143,04:23:50.143,ACH/USDT:USDT,0.022329,986.0,0.022328,673.0,0.02233,4760.0,0.022331,2156.0
