timestamp,time,symbol,bid1_price,bid1_volume,bid2_price,bid2_volume,ask1_price,ask1_volume,ask2_price,ask2_volume
1753504244219,04:30:44.219,ANIME/USDT:USDT,0.01946,197910.0,0.01945,688083.0,0.01947,189603.0,0.01948,562273.0
1753504244322,04:30:44.322,ANIME/USDT:USDT,0.01946,179860.0,0.01945,688083.0,0.01947,189603.0,0.01948,562273.0
1753504244428,04:30:44.428,ANIME/USDT:USDT,0.01946,179860.0,0.01945,688083.0,0.01947,189603.0,0.01948,562273.0
1753504244682,04:30:44.682,ANIME/USDT:USDT,0.01946,179860.0,0.01945,688083.0,0.01947,183480.0,0.01948,610533.0
1753504245859,04:30:45.859,ANIME/USDT:USDT,0.01946,195573.0,0.01945,688083.0,0.01947,142786.0,0.01948,562273.0
1753504246578,04:30:46.578,ANIME/USDT:USDT,0.01946,199137.0,0.01945,688083.0,0.01947,142786.0,0.01948,562273.0
1753504246768,04:30:46.768,ANIME/USDT:USDT,0.01946,181087.0,0.01945,688083.0,0.01947,154171.0,0.01948,562273.0
1753504247048,04:30:47.048,ANIME/USDT:USDT,0.01946,181087.0,0.01945,688083.0,0.01947,154171.0,0.01948,562273.0
1753504247421,04:30:47.421,ANIME/USDT:USDT,0.01946,181087.0,0.01945,688083.0,0.01947,154171.0,0.01948,562273.0
1753504247537,04:30:47.537,ANIME/USDT:USDT,0.01946,181087.0,0.01945,688083.0,0.01947,155682.0,0.01948,560762.0
1753504247698,04:30:47.698,ANIME/USDT:USDT,0.01946,181087.0,0.01945,688083.0,0.01947,155682.0,0.01948,560762.0
1753504248191,04:30:48.191,ANIME/USDT:USDT,0.01946,181087.0,0.01945,652831.0,0.01947,163240.0,0.01948,606326.0
1753504248302,04:30:48.302,ANIME/USDT:USDT,0.01946,181087.0,0.01945,687569.0,0.01947,171591.0,0.01948,549715.0
1753504248405,04:30:48.405,ANIME/USDT:USDT,0.01946,181087.0,0.01945,687569.0,0.01947,174614.0,0.01948,594952.0
1753504248533,04:30:48.533,ANIME/USDT:USDT,0.01946,181087.0,0.01945,652831.0,0.01947,195119.0,0.01948,574447.0
1753504248648,04:30:48.648,ANIME/USDT:USDT,0.01946,179391.0,0.01945,688575.0,0.01947,199653.0,0.01948,567200.0
1753504248750,04:30:48.750,ANIME/USDT:USDT,0.01946,179391.0,0.01945,688575.0,0.01947,201165.0,0.01948,567200.0
1753504248853,04:30:48.853,ANIME/USDT:USDT,0.01946,179391.0,0.01945,688575.0,0.01947,199653.0,0.01948,567200.0
1753504248958,04:30:48.958,ANIME/USDT:USDT,0.01946,179391.0,0.01945,688575.0,0.01947,199653.0,0.01948,567200.0
1753504249102,04:30:49.102,ANIME/USDT:USDT,0.01946,179391.0,0.01945,688575.0,0.01947,199653.0,0.01948,567200.0
1753504249302,04:30:49.302,ANIME/USDT:USDT,0.01946,179391.0,0.01945,653944.0,0.01947,199653.0,0.01948,567200.0
1753504249502,04:30:49.502,ANIME/USDT:USDT,0.01946,179391.0,0.01945,653944.0,0.01947,199653.0,0.01948,567200.0
1753504249771,04:30:49.771,ANIME/USDT:USDT,0.01946,179391.0,0.01945,653944.0,0.01947,199653.0,0.01948,567200.0
1753504249902,04:30:49.902,ANIME/USDT:USDT,0.01946,179391.0,0.01945,653944.0,0.01947,199653.0,0.01948,514078.0
1753504250006,04:30:50.006,ANIME/USDT:USDT,0.01946,179391.0,0.01945,688348.0,0.01947,199653.0,0.01948,514078.0
1753504250202,04:30:50.202,ANIME/USDT:USDT,0.01946,179391.0,0.01945,688348.0,0.01947,199923.0,0.01948,514078.0
1753504250308,04:30:50.308,ANIME/USDT:USDT,0.01946,179391.0,0.01945,653944.0,0.01947,199923.0,0.01948,570522.0
1753504250495,04:30:50.495,ANIME/USDT:USDT,0.01946,179391.0,0.01945,653944.0,0.01947,201437.0,0.01948,552490.0
1753504250597,04:30:50.597,ANIME/USDT:USDT,0.01946,179391.0,0.01945,653944.0,0.01947,199923.0,0.01948,552490.0
1753504250754,04:30:50.754,ANIME/USDT:USDT,0.01946,179391.0,0.01945,653944.0,0.01947,199923.0,0.01948,552490.0
1753504250902,04:30:50.902,ANIME/USDT:USDT,0.01946,179391.0,0.01945,653944.0,0.01947,199923.0,0.01948,552490.0
1753504251238,04:30:51.238,ANIME/USDT:USDT,0.01946,159382.0,0.01945,653944.0,0.01947,319923.0,0.01948,557605.0
1753504251409,04:30:51.409,ANIME/USDT:USDT,0.01946,101454.0,0.01945,653944.0,0.01947,319923.0,0.01948,557605.0
1753504251515,04:30:51.515,ANIME/USDT:USDT,0.01946,101454.0,0.01945,653944.0,0.01947,319923.0,0.01948,561004.0
1753504251755,04:30:51.755,ANIME/USDT:USDT,0.01946,101454.0,0.01945,653944.0,0.01947,319923.0,0.01948,561004.0
1753504251947,04:30:51.947,ANIME/USDT:USDT,0.01946,101454.0,0.01945,653944.0,0.01947,308538.0,0.01948,561004.0
1753504252088,04:30:52.088,ANIME/USDT:USDT,0.01946,101454.0,0.01945,653944.0,0.01947,308538.0,0.01948,561004.0
1753504252263,04:30:52.263,ANIME/USDT:USDT,0.01946,101454.0,0.01945,653944.0,0.01947,308538.0,0.01948,561004.0
1753504252457,04:30:52.457,ANIME/USDT:USDT,0.01946,101454.0,0.01945,653944.0,0.01947,308538.0,0.01948,566134.0
1753504252578,04:30:52.578,ANIME/USDT:USDT,0.01946,101454.0,0.01945,653944.0,0.01947,313662.0,0.01948,576394.0
1753504252714,04:30:52.714,ANIME/USDT:USDT,0.01946,101454.0,0.01945,653944.0,0.01947,313662.0,0.01948,586579.0
1753504252985,04:30:52.985,ANIME/USDT:USDT,0.01946,101454.0,0.01945,653944.0,0.01947,313662.0,0.01948,586579.0
1753504253102,04:30:53.102,ANIME/USDT:USDT,0.01946,101454.0,0.01945,653944.0,0.01947,325047.0,0.01948,591549.0
1753504253214,04:30:53.214,ANIME/USDT:USDT,0.01946,101454.0,0.01945,653944.0,0.01947,325047.0,0.01948,596549.0
1753504253348,04:30:53.348,ANIME/USDT:USDT,0.01946,101454.0,0.01945,575618.0,0.01947,325047.0,0.01948,596549.0
1753504253527,04:30:53.527,ANIME/USDT:USDT,0.01946,101470.0,0.01945,575618.0,0.01947,325047.0,0.01948,596549.0
1753504253648,04:30:53.648,ANIME/USDT:USDT,0.01946,101470.0,0.01945,575618.0,0.01947,325047.0,0.01948,596549.0
1753504253750,04:30:53.750,ANIME/USDT:USDT,0.01946,101470.0,0.01945,575618.0,0.01947,325047.0,0.01948,596549.0
1753504253946,04:30:53.946,ANIME/USDT:USDT,0.01946,101470.0,0.01945,575618.0,0.01947,325047.0,0.01948,596549.0
1753504254202,04:30:54.202,ANIME/USDT:USDT,0.01946,101470.0,0.01945,575618.0,0.01947,325047.0,0.01948,596549.0
1753504254315,04:30:54.315,ANIME/USDT:USDT,0.01945,136188.0,0.01944,630257.0,0.01946,171464.0,0.01947,771372.0
1753504254419,04:30:54.419,ANIME/USDT:USDT,0.01945,144598.0,0.01944,669709.0,0.01946,151847.0,0.01947,766248.0
1753504254527,04:30:54.527,ANIME/USDT:USDT,0.01945,144598.0,0.01944,669709.0,0.01946,146721.0,0.01947,726489.0
1753504254636,04:30:54.636,ANIME/USDT:USDT,0.01945,144598.0,0.01944,669709.0,0.01946,146721.0,0.01947,726489.0
1753504254743,04:30:54.743,ANIME/USDT:USDT,0.01945,144598.0,0.01944,669709.0,0.01946,146721.0,0.01947,726489.0
1753504254881,04:30:54.881,ANIME/USDT:USDT,0.01945,155983.0,0.01944,669709.0,0.01946,146721.0,0.01947,728007.0
1753504254984,04:30:54.984,ANIME/USDT:USDT,0.01945,155983.0,0.01944,669709.0,0.01946,146721.0,0.01947,726489.0
1753504255102,04:30:55.102,ANIME/USDT:USDT,0.01945,144598.0,0.01944,669709.0,0.01946,149291.0,0.01947,723920.0
1753504255257,04:30:55.257,ANIME/USDT:USDT,0.01945,155983.0,0.01944,675146.0,0.01946,147719.0,0.01947,723920.0
1753504255377,04:30:55.377,ANIME/USDT:USDT,0.01946,85673.0,0.01945,474990.0,0.01947,213031.0,0.01948,497101.0
1753504255480,04:30:55.480,ANIME/USDT:USDT,0.01946,239982.0,0.01945,500468.0,0.01947,196641.0,0.01948,647717.0
1753504255616,04:30:55.616,ANIME/USDT:USDT,0.01946,239982.0,0.01945,505605.0,0.01947,191517.0,0.01948,637450.0
1753504255722,04:30:55.722,ANIME/USDT:USDT,0.01946,239982.0,0.01945,505605.0,0.01947,191517.0,0.01948,637450.0
1753504255850,04:30:55.850,ANIME/USDT:USDT,0.01946,232768.0,0.01945,500468.0,0.01947,311517.0,0.01948,637450.0
1753504255954,04:30:55.954,ANIME/USDT:USDT,0.01946,232768.0,0.01945,500468.0,0.01947,311517.0,0.01948,637450.0
1753504256062,04:30:56.062,ANIME/USDT:USDT,0.01946,239433.0,0.01945,500468.0,0.01947,311517.0,0.01948,637450.0
1753504256195,04:30:56.195,ANIME/USDT:USDT,0.01946,239433.0,0.01945,500468.0,0.01947,311517.0,0.01948,637450.0
1753504256339,04:30:56.339,ANIME/USDT:USDT,0.01946,239433.0,0.01945,500468.0,0.01947,311517.0,0.01948,637450.0
1753504256575,04:30:56.575,ANIME/USDT:USDT,0.01946,239433.0,0.01945,500468.0,0.01947,191517.0,0.01948,637450.0
1753504256678,04:30:56.678,ANIME/USDT:USDT,0.01946,239433.0,0.01945,500468.0,0.01947,191517.0,0.01948,637450.0
1753504256802,04:30:56.802,ANIME/USDT:USDT,0.01946,239433.0,0.01945,500468.0,0.01947,191517.0,0.01948,637450.0
1753504256937,04:30:56.937,ANIME/USDT:USDT,0.01946,239433.0,0.01945,500468.0,0.01947,191517.0,0.01948,637450.0
1753504257149,04:30:57.149,ANIME/USDT:USDT,0.01946,164004.0,0.01945,500468.0,0.01947,322902.0,0.01948,637450.0
1753504257258,04:30:57.258,ANIME/USDT:USDT,0.01946,164004.0,0.01945,495331.0,0.01947,322902.0,0.01948,637450.0
1753504257382,04:30:57.382,ANIME/USDT:USDT,0.01946,182054.0,0.01945,495331.0,0.01947,311517.0,0.01948,637450.0
1753504257507,04:30:57.507,ANIME/USDT:USDT,0.01946,182054.0,0.01945,495331.0,0.01947,311517.0,0.01948,637450.0
1753504257667,04:30:57.667,ANIME/USDT:USDT,0.01946,170669.0,0.01945,500468.0,0.01947,311517.0,0.01948,637450.0
1753504257848,04:30:57.848,ANIME/USDT:USDT,0.01946,182054.0,0.01945,500468.0,0.01947,311517.0,0.01948,637450.0
1753504257978,04:30:57.978,ANIME/USDT:USDT,0.01946,182054.0,0.01945,500468.0,0.01947,191517.0,0.01948,637450.0
1753504258088,04:30:58.088,ANIME/USDT:USDT,0.01946,182054.0,0.01945,500468.0,0.01947,191517.0,0.01948,637450.0
1753504258324,04:30:58.324,ANIME/USDT:USDT,0.01946,170669.0,0.01945,500468.0,0.01947,191517.0,0.01948,637450.0
1753504258438,04:30:58.438,ANIME/USDT:USDT,0.01946,182054.0,0.01945,500468.0,0.01947,191517.0,0.01948,637450.0
1753504258558,04:30:58.558,ANIME/USDT:USDT,0.01946,239982.0,0.01945,500468.0,0.01947,191517.0,0.01948,637450.0
1753504258702,04:30:58.702,ANIME/USDT:USDT,0.01946,239982.0,0.01945,500468.0,0.01947,191517.0,0.01948,637450.0
1753504259002,04:30:59.002,ANIME/USDT:USDT,0.01946,239982.0,0.01945,500468.0,0.01947,191517.0,0.01948,637450.0
1753504259202,04:30:59.202,ANIME/USDT:USDT,0.01946,239982.0,0.01945,500468.0,0.01947,191517.0,0.01948,637450.0
1753504259446,04:30:59.446,ANIME/USDT:USDT,0.01946,228597.0,0.01945,500468.0,0.01947,193039.0,0.01948,637450.0
1753504259602,04:30:59.602,ANIME/USDT:USDT,0.01946,239982.0,0.01945,500468.0,0.01947,193039.0,0.01948,637450.0
1753504259708,04:30:59.708,ANIME/USDT:USDT,0.01946,239982.0,0.01945,500468.0,0.01947,191517.0,0.01948,637450.0
1753504259840,04:30:59.840,ANIME/USDT:USDT,0.01946,239982.0,0.01945,500468.0,0.01947,191517.0,0.01948,637450.0
1753504259980,04:30:59.980,ANIME/USDT:USDT,0.01946,259952.0,0.01945,500468.0,0.01947,191517.0,0.01948,637450.0
1753504260108,04:31:00.108,ANIME/USDT:USDT,0.01946,259952.0,0.01945,500468.0,0.01947,191517.0,0.01948,637450.0
1753504260239,04:31:00.239,ANIME/USDT:USDT,0.01946,241902.0,0.01945,500468.0,0.01947,191517.0,0.01948,637450.0
1753504260341,04:31:00.341,ANIME/USDT:USDT,0.01946,241902.0,0.01945,500468.0,0.01947,191517.0,0.01948,637450.0
1753504260702,04:31:00.702,ANIME/USDT:USDT,0.01946,259952.0,0.01945,500468.0,0.01947,191517.0,0.01948,637450.0
1753504260808,04:31:00.808,ANIME/USDT:USDT,0.01946,248567.0,0.01945,500468.0,0.01947,193040.0,0.01948,637450.0
1753504261023,04:31:01.023,ANIME/USDT:USDT,0.01946,248567.0,0.01945,500468.0,0.01947,193040.0,0.01948,657299.0
1753504261218,04:31:01.218,ANIME/USDT:USDT,0.01946,248567.0,0.01945,500468.0,0.01947,193040.0,0.01948,657299.0
1753504261328,04:31:01.328,ANIME/USDT:USDT,0.01946,248567.0,0.01945,500468.0,0.01947,193040.0,0.01948,657299.0
1753504261446,04:31:01.446,ANIME/USDT:USDT,0.01946,259952.0,0.01945,500468.0,0.01947,193040.0,0.01948,657299.0
1753504261691,04:31:01.691,ANIME/USDT:USDT,0.01946,275298.0,0.01945,500468.0,0.01947,191517.0,0.01948,657299.0
1753504261802,04:31:01.802,ANIME/USDT:USDT,0.01946,275298.0,0.01945,500468.0,0.01947,191517.0,0.01948,657299.0
1753504261970,04:31:01.970,ANIME/USDT:USDT,0.01946,275298.0,0.01945,500468.0,0.01947,191517.0,0.01948,657299.0
1753504262302,04:31:02.302,ANIME/USDT:USDT,0.01946,275298.0,0.01945,500468.0,0.01947,191517.0,0.01948,657299.0
1753504262405,04:31:02.405,ANIME/USDT:USDT,0.01946,275298.0,0.01945,500468.0,0.01947,191517.0,0.01948,657299.0
1753504262570,04:31:02.570,ANIME/USDT:USDT,0.01946,275298.0,0.01945,500468.0,0.01947,191517.0,0.01948,657299.0
1753504262729,04:31:02.729,ANIME/USDT:USDT,0.01946,275298.0,0.01945,500468.0,0.01947,191517.0,0.01948,657299.0
1753504262888,04:31:02.888,ANIME/USDT:USDT,0.01946,275298.0,0.01945,500468.0,0.01947,191517.0,0.01948,657299.0
1753504263089,04:31:03.089,ANIME/USDT:USDT,0.01946,258776.0,0.01945,500468.0,0.01947,202902.0,0.01948,657299.0
1753504263229,04:31:03.229,ANIME/USDT:USDT,0.01946,248567.0,0.01945,500468.0,0.01947,191517.0,0.01948,657299.0
1753504263398,04:31:03.398,ANIME/USDT:USDT,0.01946,248567.0,0.01945,500468.0,0.01947,191517.0,0.01948,657299.0
1753504263628,04:31:03.628,ANIME/USDT:USDT,0.01946,248567.0,0.01945,500468.0,0.01947,202902.0,0.01948,657299.0
1753504263750,04:31:03.750,ANIME/USDT:USDT,0.01946,248567.0,0.01945,500468.0,0.01947,202902.0,0.01948,657299.0
1753504263897,04:31:03.897,ANIME/USDT:USDT,0.01946,248567.0,0.01945,500468.0,0.01947,191517.0,0.01948,657299.0
1753504264001,04:31:04.001,ANIME/USDT:USDT,0.01946,248567.0,0.01945,500468.0,0.01947,202902.0,0.01948,657299.0
1753504264144,04:31:04.144,ANIME/USDT:USDT,0.01946,248567.0,0.01945,500468.0,0.01947,202902.0,0.01948,657299.0
1753504264302,04:31:04.302,ANIME/USDT:USDT,0.01946,248567.0,0.01945,500468.0,0.01947,191517.0,0.01948,657299.0
1753504264408,04:31:04.408,ANIME/USDT:USDT,0.01946,253766.0,0.01945,499572.0,0.01947,191517.0,0.01948,657299.0
1753504264509,04:31:04.509,ANIME/USDT:USDT,0.01946,253766.0,0.01945,499572.0,0.01947,191517.0,0.01948,657299.0
1753504264748,04:31:04.748,ANIME/USDT:USDT,0.01946,253766.0,0.01945,499572.0,0.01947,202902.0,0.01948,657299.0
1753504264959,04:31:04.959,ANIME/USDT:USDT,0.01946,253766.0,0.01945,499572.0,0.01947,202902.0,0.01948,657299.0
1753504265062,04:31:05.062,ANIME/USDT:USDT,0.01946,253766.0,0.01945,499572.0,0.01947,191517.0,0.01948,657299.0
1753504265246,04:31:05.246,ANIME/USDT:USDT,0.01946,253766.0,0.01945,499572.0,0.01947,191517.0,0.01948,657299.0
1753504265544,04:31:05.544,ANIME/USDT:USDT,0.01946,253766.0,0.01945,499572.0,0.01947,202902.0,0.01948,657299.0
1753504265701,04:31:05.701,ANIME/USDT:USDT,0.01946,253766.0,0.01945,499572.0,0.01947,202902.0,0.01948,657299.0
1753504266102,04:31:06.102,ANIME/USDT:USDT,0.01946,253766.0,0.01945,499572.0,0.01947,202902.0,0.01948,657299.0
1753504266563,04:31:06.563,ANIME/USDT:USDT,0.01946,265421.0,0.01945,525581.0,0.01947,191517.0,0.01948,683459.0
1753504266702,04:31:06.702,ANIME/USDT:USDT,0.01946,265421.0,0.01945,525581.0,0.01947,191517.0,0.01948,683459.0
1753504267202,04:31:07.202,ANIME/USDT:USDT,0.01946,265421.0,0.01945,525581.0,0.01947,191517.0,0.01948,683459.0
1753504267336,04:31:07.336,ANIME/USDT:USDT,0.01946,265421.0,0.01945,525581.0,0.01947,191517.0,0.01948,683459.0
1753504267517,04:31:07.517,ANIME/USDT:USDT,0.01946,265421.0,0.01945,525581.0,0.01947,191517.0,0.01948,683459.0
1753504267692,04:31:07.692,ANIME/USDT:USDT,0.01946,259173.0,0.01945,525581.0,0.01947,191517.0,0.01948,683459.0
1753504267795,04:31:07.795,ANIME/USDT:USDT,0.01946,259173.0,0.01945,525581.0,0.01947,191517.0,0.01948,683459.0
1753504268030,04:31:08.030,ANIME/USDT:USDT,0.01946,259276.0,0.01945,525581.0,0.01947,191517.0,0.01948,683459.0
1753504268219,04:31:08.219,ANIME/USDT:USDT,0.01946,259276.0,0.01945,525581.0,0.01947,191517.0,0.01948,683459.0
1753504268357,04:31:08.357,ANIME/USDT:USDT,0.01946,227401.0,0.01945,525581.0,0.01947,202902.0,0.01948,683459.0
1753504268458,04:31:08.458,ANIME/USDT:USDT,0.01946,247476.0,0.01945,525581.0,0.01947,202902.0,0.01948,683459.0
1753504268564,04:31:08.564,ANIME/USDT:USDT,0.01946,247476.0,0.01945,525581.0,0.01947,202902.0,0.01948,738337.0
1753504268685,04:31:08.685,ANIME/USDT:USDT,0.01946,247476.0,0.01945,525581.0,0.01947,202902.0,0.01948,738337.0
1753504268848,04:31:08.848,ANIME/USDT:USDT,0.01946,247476.0,0.01945,525581.0,0.01947,202902.0,0.01948,683459.0
1753504268986,04:31:08.986,ANIME/USDT:USDT,0.01946,254141.0,0.01945,525581.0,0.01947,223855.0,0.01948,696896.0
1753504269090,04:31:09.090,ANIME/USDT:USDT,0.01946,247476.0,0.01945,614532.0,0.01947,223855.0,0.01948,696896.0
1753504269202,04:31:09.202,ANIME/USDT:USDT,0.01946,247476.0,0.01945,614532.0,0.01947,225521.0,0.01948,751774.0
1753504269318,04:31:09.318,ANIME/USDT:USDT,0.01946,247476.0,0.01945,614532.0,0.01947,225521.0,0.01948,696896.0
1753504269432,04:31:09.432,ANIME/USDT:USDT,0.01946,247476.0,0.01945,614532.0,0.01947,225521.0,0.01948,696896.0
1753504269559,04:31:09.559,ANIME/USDT:USDT,0.01946,247476.0,0.01945,614532.0,0.01947,227052.0,0.01948,751774.0
1753504269736,04:31:09.736,ANIME/USDT:USDT,0.01946,247206.0,0.01945,614532.0,0.01947,225521.0,0.01948,751774.0
1753504269918,04:31:09.918,ANIME/USDT:USDT,0.01946,247206.0,0.01945,614532.0,0.01947,225521.0,0.01948,696896.0
1753504270026,04:31:10.026,ANIME/USDT:USDT,0.01946,247206.0,0.01945,614532.0,0.01947,345521.0,0.01948,696896.0
1753504270138,04:31:10.138,ANIME/USDT:USDT,0.01946,247206.0,0.01945,614532.0,0.01947,345521.0,0.01948,696896.0
1753504270502,04:31:10.502,ANIME/USDT:USDT,0.01946,247206.0,0.01945,614532.0,0.01947,225751.0,0.01948,751774.0
1753504270744,04:31:10.744,ANIME/USDT:USDT,0.01946,247206.0,0.01945,614532.0,0.01947,225751.0,0.01948,751774.0
1753504270849,04:31:10.849,ANIME/USDT:USDT,0.01946,247206.0,0.01945,614532.0,0.01947,214366.0,0.01948,751774.0
1753504270981,04:31:10.981,ANIME/USDT:USDT,0.01946,149922.0,0.01945,609395.0,0.01947,367412.0,0.01948,756911.0
1753504271102,04:31:11.102,ANIME/USDT:USDT,0.01946,149922.0,0.01945,609395.0,0.01947,367412.0,0.01948,756911.0
1753504271266,04:31:11.266,ANIME/USDT:USDT,0.01946,149922.0,0.01945,609395.0,0.01947,367412.0,0.01948,756911.0
1753504271428,04:31:11.428,ANIME/USDT:USDT,0.01946,149922.0,0.01945,609395.0,0.01947,367412.0,0.01948,762024.0
1753504271549,04:31:11.549,ANIME/USDT:USDT,0.01946,149922.0,0.01945,609395.0,0.01947,247799.0,0.01948,765980.0
1753504271652,04:31:11.652,ANIME/USDT:USDT,0.01946,150024.0,0.01945,609395.0,0.01947,247799.0,0.01948,765980.0
1753504272239,04:31:12.239,ANIME/USDT:USDT,0.01946,150024.0,0.01945,609395.0,0.01947,247799.0,0.01948,765980.0
1753504272729,04:31:12.729,ANIME/USDT:USDT,0.01946,150024.0,0.01945,609395.0,0.01947,247799.0,0.01948,765980.0
1753504272839,04:31:12.839,ANIME/USDT:USDT,0.01946,156689.0,0.01945,609395.0,0.01947,214753.0,0.01948,765980.0
1753504272993,04:31:12.993,ANIME/USDT:USDT,0.01946,150024.0,0.01945,609395.0,0.01947,346138.0,0.01948,765980.0
1753504273098,04:31:13.098,ANIME/USDT:USDT,0.01946,150024.0,0.01945,664041.0,0.01947,346138.0,0.01948,711102.0
1753504273252,04:31:13.252,ANIME/USDT:USDT,0.01946,150445.0,0.01945,664041.0,0.01947,346138.0,0.01948,711102.0
1753504273358,04:31:13.358,ANIME/USDT:USDT,0.01946,157110.0,0.01945,664041.0,0.01947,346138.0,0.01948,711102.0
1753504273525,04:31:13.525,ANIME/USDT:USDT,0.01946,150445.0,0.01945,664041.0,0.01947,346138.0,0.01948,716215.0
1753504273644,04:31:13.644,ANIME/USDT:USDT,0.01946,150445.0,0.01945,609395.0,0.01947,347672.0,0.01948,711102.0
1753504273822,04:31:13.822,ANIME/USDT:USDT,0.01946,150445.0,0.01945,609395.0,0.01947,347672.0,0.01948,711102.0
1753504274148,04:31:14.148,ANIME/USDT:USDT,0.01946,150445.0,0.01945,609395.0,0.01947,347672.0,0.01948,711102.0
1753504274258,04:31:14.258,ANIME/USDT:USDT,0.01946,157110.0,0.01945,609395.0,0.01947,347672.0,0.01948,711102.0
1753504274392,04:31:14.392,ANIME/USDT:USDT,0.01946,168495.0,0.01945,609395.0,0.01947,336287.0,0.01948,711102.0
1753504274501,04:31:14.501,ANIME/USDT:USDT,0.01946,157110.0,0.01945,609395.0,0.01947,347672.0,0.01948,711102.0
1753504274608,04:31:14.608,ANIME/USDT:USDT,0.01946,157110.0,0.01945,664041.0,0.01947,336287.0,0.01948,711102.0
1753504274756,04:31:14.756,ANIME/USDT:USDT,0.01946,157110.0,0.01945,609395.0,0.01947,346138.0,0.01948,766108.0
1753504274902,04:31:14.902,ANIME/USDT:USDT,0.01946,157110.0,0.01945,664041.0,0.01947,334753.0,0.01948,766108.0
1753504275008,04:31:15.008,ANIME/USDT:USDT,0.01946,157110.0,0.01945,609395.0,0.01947,346138.0,0.01948,766108.0
1753504275355,04:31:15.355,ANIME/USDT:USDT,0.01946,150445.0,0.01945,609395.0,0.01947,346138.0,0.01948,766108.0
1753504275464,04:31:15.464,ANIME/USDT:USDT,0.01946,157109.0,0.01945,664041.0,0.01947,346138.0,0.01948,766108.0
1753504275588,04:31:15.588,ANIME/USDT:USDT,0.01946,157109.0,0.01945,664041.0,0.01947,346138.0,0.01948,711102.0
1753504275768,04:31:15.768,ANIME/USDT:USDT,0.01946,157109.0,0.01945,609395.0,0.01947,346138.0,0.01948,711102.0
1753504276002,04:31:16.002,ANIME/USDT:USDT,0.01946,157109.0,0.01945,609395.0,0.01947,346138.0,0.01948,711102.0
1753504276163,04:31:16.163,ANIME/USDT:USDT,0.01946,157109.0,0.01945,609395.0,0.01947,346138.0,0.01948,716170.0
1753504276265,04:31:16.265,ANIME/USDT:USDT,0.01946,157109.0,0.01945,609395.0,0.01947,346138.0,0.01948,716170.0
1753504276380,04:31:16.380,ANIME/USDT:USDT,0.01946,157109.0,0.01945,664041.0,0.01947,214753.0,0.01948,711102.0
1753504276664,04:31:16.664,ANIME/USDT:USDT,0.01946,150444.0,0.01945,664041.0,0.01947,226138.0,0.01948,711102.0
1753504276902,04:31:16.902,ANIME/USDT:USDT,0.01946,150444.0,0.01945,664041.0,0.01947,226138.0,0.01948,766108.0
1753504277202,04:31:17.202,ANIME/USDT:USDT,0.01946,150444.0,0.01945,609395.0,0.01947,226138.0,0.01948,766108.0
1753504277481,04:31:17.481,ANIME/USDT:USDT,0.01946,157379.0,0.01945,609395.0,0.01947,214753.0,0.01948,760978.0
1753504277583,04:31:17.583,ANIME/USDT:USDT,0.01946,157379.0,0.01945,664041.0,0.01947,214753.0,0.01948,760978.0
1753504277699,04:31:17.699,ANIME/USDT:USDT,0.01946,226692.0,0.01945,669178.0,0.01947,214753.0,0.01948,755841.0
1753504277955,04:31:17.955,ANIME/USDT:USDT,0.01946,226692.0,0.01945,669178.0,0.01947,214753.0,0.01948,700835.0
1753504278058,04:31:18.058,ANIME/USDT:USDT,0.01946,226692.0,0.01945,669178.0,0.01947,214753.0,0.01948,700835.0
1753504278198,04:31:18.198,ANIME/USDT:USDT,0.01946,226692.0,0.01945,669178.0,0.01947,216291.0,0.01948,755841.0
1753504278602,04:31:18.602,ANIME/USDT:USDT,0.01946,208176.0,0.01945,669178.0,0.01947,227676.0,0.01948,755841.0
1753504278708,04:31:18.708,ANIME/USDT:USDT,0.01946,215689.0,0.01945,614532.0,0.01947,226138.0,0.01948,755841.0
1753504278902,04:31:18.902,ANIME/USDT:USDT,0.01946,215689.0,0.01945,614532.0,0.01947,226138.0,0.01948,755841.0
1753504279040,04:31:19.040,ANIME/USDT:USDT,0.01946,227074.0,0.01945,669178.0,0.01947,214753.0,0.01948,755841.0
1753504279168,04:31:19.168,ANIME/USDT:USDT,0.01946,227074.0,0.01945,669178.0,0.01947,214753.0,0.01948,755841.0
1753504279319,04:31:19.319,ANIME/USDT:USDT,0.01946,227074.0,0.01945,669178.0,0.01947,216292.0,0.01948,755841.0
1753504279702,04:31:19.702,ANIME/USDT:USDT,0.01946,227074.0,0.01945,669178.0,0.01947,216292.0,0.01948,755841.0
1753504279821,04:31:19.821,ANIME/USDT:USDT,0.01946,227074.0,0.01945,669178.0,0.01947,214753.0,0.01948,755841.0
1753504280009,04:31:20.009,ANIME/USDT:USDT,0.01946,227074.0,0.01945,669178.0,0.01947,214753.0,0.01948,755841.0
1753504280277,04:31:20.277,ANIME/USDT:USDT,0.01946,227074.0,0.01945,669178.0,0.01947,214753.0,0.01948,700835.0
1753504280380,04:31:20.380,ANIME/USDT:USDT,0.01946,227074.0,0.01945,669178.0,0.01947,214753.0,0.01948,700835.0
1753504280502,04:31:20.502,ANIME/USDT:USDT,0.01946,227074.0,0.01945,669178.0,0.01947,214753.0,0.01948,700835.0
1753504280609,04:31:20.609,ANIME/USDT:USDT,0.01946,227074.0,0.01945,669178.0,0.01947,214753.0,0.01948,755841.0
1753504280892,04:31:20.892,ANIME/USDT:USDT,0.01946,209024.0,0.01945,669178.0,0.01947,216293.0,0.01948,755841.0
1753504281048,04:31:21.048,ANIME/USDT:USDT,0.01946,209024.0,0.01945,669178.0,0.01947,216293.0,0.01948,700835.0
1753504281158,04:31:21.158,ANIME/USDT:USDT,0.01946,209024.0,0.01945,669178.0,0.01947,216293.0,0.01948,755841.0
1753504281702,04:31:21.702,ANIME/USDT:USDT,0.01946,209024.0,0.01945,614532.0,0.01947,214753.0,0.01948,753135.0
1753504281831,04:31:21.831,ANIME/USDT:USDT,0.01946,227074.0,0.01945,614532.0,0.01947,214753.0,0.01948,753135.0
1753504282029,04:31:22.029,ANIME/USDT:USDT,0.01946,227074.0,0.01945,669178.0,0.01947,213808.0,0.01948,698129.0
1753504282180,04:31:22.180,ANIME/USDT:USDT,0.01946,227074.0,0.01945,669178.0,0.01947,213808.0,0.01948,698129.0
1753504282282,04:31:22.282,ANIME/USDT:USDT,0.01946,227074.0,0.01945,669178.0,0.01947,213808.0,0.01948,698129.0
1753504282402,04:31:22.402,ANIME/USDT:USDT,0.01946,227074.0,0.01945,669178.0,0.01947,213808.0,0.01948,753290.0
1753504282892,04:31:22.892,ANIME/USDT:USDT,0.01946,215689.0,0.01945,614532.0,0.01947,213808.0,0.01948,753290.0
1753504283002,04:31:23.002,ANIME/USDT:USDT,0.01946,227074.0,0.01945,669333.0,0.01947,213808.0,0.01948,753290.0
1753504283255,04:31:23.255,ANIME/USDT:USDT,0.01946,215689.0,0.01945,669333.0,0.01947,213808.0,0.01948,753290.0
1753504283459,04:31:23.459,ANIME/USDT:USDT,0.01946,209024.0,0.01945,669333.0,0.01947,213808.0,0.01948,753290.0
1753504283568,04:31:23.568,ANIME/USDT:USDT,0.01946,209024.0,0.01945,669333.0,0.01947,213808.0,0.01948,698129.0
1753504283678,04:31:23.678,ANIME/USDT:USDT,0.01946,209024.0,0.01945,614532.0,0.01947,225193.0,0.01948,753290.0
1753504283903,04:31:23.903,ANIME/USDT:USDT,0.01946,209024.0,0.01945,614532.0,0.01947,225193.0,0.01948,753290.0
1753504284007,04:31:24.007,ANIME/USDT:USDT,0.01946,209024.0,0.01945,614532.0,0.01947,213808.0,0.01948,753290.0
1753504284120,04:31:24.120,ANIME/USDT:USDT,0.01946,209024.0,0.01945,614532.0,0.01947,213808.0,0.01948,753290.0
1753504284268,04:31:24.268,ANIME/USDT:USDT,0.01946,209023.0,0.01945,669333.0,0.01947,213808.0,0.01948,753290.0
1753504284388,04:31:24.388,ANIME/USDT:USDT,0.01946,227073.0,0.01945,669333.0,0.01947,213808.0,0.01948,698129.0
1753504284502,04:31:24.502,ANIME/USDT:USDT,0.01946,227073.0,0.01945,669333.0,0.01947,213808.0,0.01948,698129.0
1753504284606,04:31:24.606,ANIME/USDT:USDT,0.01946,227073.0,0.01945,669333.0,0.01947,213808.0,0.01948,753290.0
1753504284798,04:31:24.798,ANIME/USDT:USDT,0.01946,227073.0,0.01945,669333.0,0.01947,213808.0,0.01948,753290.0
1753504284902,04:31:24.902,ANIME/USDT:USDT,0.01946,227073.0,0.01945,669333.0,0.01947,213808.0,0.01948,753290.0
1753504285056,04:31:25.056,ANIME/USDT:USDT,0.01946,227073.0,0.01945,669333.0,0.01947,213808.0,0.01948,753290.0
1753504285202,04:31:25.202,ANIME/USDT:USDT,0.01946,209023.0,0.01945,669333.0,0.01947,213808.0,0.01948,698129.0
1753504285308,04:31:25.308,ANIME/USDT:USDT,0.01946,227073.0,0.01945,669333.0,0.01947,213808.0,0.01948,698129.0
1753504285415,04:31:25.415,ANIME/USDT:USDT,0.01946,209023.0,0.01945,669333.0,0.01947,226736.0,0.01948,698129.0
1753504285697,04:31:25.697,ANIME/USDT:USDT,0.01946,209023.0,0.01945,669333.0,0.01947,225193.0,0.01948,698129.0
1753504285808,04:31:25.808,ANIME/USDT:USDT,0.01946,209023.0,0.01945,669333.0,0.01947,225193.0,0.01948,753290.0
1753504286102,04:31:26.102,ANIME/USDT:USDT,0.01946,209023.0,0.01945,669333.0,0.01947,225193.0,0.01948,698129.0
1753504286239,04:31:26.239,ANIME/USDT:USDT,0.01946,227073.0,0.01945,669333.0,0.01947,213808.0,0.01948,753290.0
1753504286402,04:31:26.402,ANIME/USDT:USDT,0.01946,227073.0,0.01945,669333.0,0.01947,213808.0,0.01948,753290.0
1753504286555,04:31:26.555,ANIME/USDT:USDT,0.01946,209023.0,0.01945,669333.0,0.01947,213808.0,0.01948,698129.0
1753504286748,04:31:26.748,ANIME/USDT:USDT,0.01946,209023.0,0.01945,669333.0,0.01947,215353.0,0.01948,753290.0
1753504286850,04:31:26.850,ANIME/USDT:USDT,0.01946,209023.0,0.01945,614532.0,0.01947,225193.0,0.01948,753290.0
1753504286953,04:31:26.953,ANIME/USDT:USDT,0.01946,209023.0,0.01945,669333.0,0.01947,225193.0,0.01948,753290.0
1753504287159,04:31:27.159,ANIME/USDT:USDT,0.01946,209023.0,0.01945,614532.0,0.01947,213808.0,0.01948,753290.0
1753504287409,04:31:27.409,ANIME/USDT:USDT,0.01946,227223.0,0.01945,614532.0,0.01947,213808.0,0.01948,733441.0
1753504287513,04:31:27.513,ANIME/USDT:USDT,0.01946,227223.0,0.01945,669333.0,0.01947,213808.0,0.01948,777371.0
1753504288002,04:31:28.002,ANIME/USDT:USDT,0.01946,227223.0,0.01945,669333.0,0.01947,213808.0,0.01948,777371.0
1753504288103,04:31:28.103,ANIME/USDT:USDT,0.01946,227223.0,0.01945,669333.0,0.01947,213808.0,0.01948,777371.0
1753504288225,04:31:28.225,ANIME/USDT:USDT,0.01946,209173.0,0.01945,669333.0,0.01947,225193.0,0.01948,777371.0
1753504288342,04:31:28.342,ANIME/USDT:USDT,0.01946,209173.0,0.01945,669333.0,0.01947,222170.0,0.01948,777371.0
1753504288444,04:31:28.444,ANIME/USDT:USDT,0.01946,209173.0,0.01945,614532.0,0.01947,225193.0,0.01948,777371.0
1753504288545,04:31:28.545,ANIME/USDT:USDT,0.01946,209173.0,0.01945,669333.0,0.01947,225193.0,0.01948,777371.0
1753504288649,04:31:28.649,ANIME/USDT:USDT,0.01946,215838.0,0.01945,614532.0,0.01947,225193.0,0.01948,777371.0
1753504288839,04:31:28.839,ANIME/USDT:USDT,0.01946,209173.0,0.01945,669333.0,0.01947,225193.0,0.01948,777371.0
1753504289102,04:31:29.102,ANIME/USDT:USDT,0.01946,209173.0,0.01945,614532.0,0.01947,225193.0,0.01948,777371.0
1753504289208,04:31:29.208,ANIME/USDT:USDT,0.01946,227223.0,0.01945,614532.0,0.01947,213808.0,0.01948,777371.0
1753504289402,04:31:29.402,ANIME/USDT:USDT,0.01946,209173.0,0.01945,614532.0,0.01947,225193.0,0.01948,777371.0
1753504289558,04:31:29.558,ANIME/USDT:USDT,0.01946,215838.0,0.01945,614532.0,0.01947,213808.0,0.01948,777371.0
1753504289669,04:31:29.669,ANIME/USDT:USDT,0.01946,215838.0,0.01945,614532.0,0.01947,213808.0,0.01948,777371.0
1753504289803,04:31:29.803,ANIME/USDT:USDT,0.01946,209173.0,0.01945,614532.0,0.01947,345193.0,0.01948,777371.0
1753504289908,04:31:29.908,ANIME/USDT:USDT,0.01946,209173.0,0.01945,669333.0,0.01947,345193.0,0.01948,722210.0
1753504290188,04:31:30.188,ANIME/USDT:USDT,0.01946,209173.0,0.01945,669333.0,0.01947,345193.0,0.01948,722210.0
1753504290302,04:31:30.302,ANIME/USDT:USDT,0.01946,209173.0,0.01945,614532.0,0.01947,345193.0,0.01948,722210.0
1753504290482,04:31:30.482,ANIME/USDT:USDT,0.01946,252258.0,0.01945,614532.0,0.01947,345193.0,0.01948,722210.0
1753504290585,04:31:30.585,ANIME/USDT:USDT,0.01946,252258.0,0.01945,664196.0,0.01947,345193.0,0.01948,722210.0
1753504290688,04:31:30.688,ANIME/USDT:USDT,0.01946,252258.0,0.01945,664196.0,0.01947,345193.0,0.01948,722210.0
1753504290802,04:31:30.802,ANIME/USDT:USDT,0.01946,252258.0,0.01945,664196.0,0.01947,345193.0,0.01948,722210.0
1753504290956,04:31:30.956,ANIME/USDT:USDT,0.01946,252258.0,0.01945,664196.0,0.01947,333808.0,0.01948,722210.0
1753504291098,04:31:31.098,ANIME/USDT:USDT,0.01946,252258.0,0.01945,664196.0,0.01947,346741.0,0.01948,722210.0
1753504291202,04:31:31.202,ANIME/USDT:USDT,0.01946,252258.0,0.01945,664196.0,0.01947,345193.0,0.01948,722210.0
1753504291602,04:31:31.602,ANIME/USDT:USDT,0.01946,252258.0,0.01945,664196.0,0.01947,345193.0,0.01948,722210.0
1753504291754,04:31:31.754,ANIME/USDT:USDT,0.01946,252258.0,0.01945,664196.0,0.01947,345193.0,0.01948,722210.0
1753504291991,04:31:31.991,ANIME/USDT:USDT,0.01946,252258.0,0.01945,609395.0,0.01947,345193.0,0.01948,733922.0
1753504292179,04:31:32.179,ANIME/USDT:USDT,0.01946,252258.0,0.01945,609395.0,0.01947,345193.0,0.01948,733922.0
1753504292301,04:31:32.301,ANIME/USDT:USDT,0.01946,252258.0,0.01945,609395.0,0.01947,345193.0,0.01948,733922.0
1753504292425,04:31:32.425,ANIME/USDT:USDT,0.01946,252258.0,0.01945,664196.0,0.01947,345193.0,0.01948,733922.0
1753504292530,04:31:32.530,ANIME/USDT:USDT,0.01946,251989.0,0.01945,609395.0,0.01947,345193.0,0.01948,739045.0
1753504292698,04:31:32.698,ANIME/USDT:USDT,0.01946,252107.0,0.01945,664425.0,0.01947,345193.0,0.01948,744107.0
1753504292902,04:31:32.902,ANIME/USDT:USDT,0.01946,252107.0,0.01945,664425.0,0.01947,345193.0,0.01948,744107.0
1753504293114,04:31:33.114,ANIME/USDT:USDT,0.01946,252107.0,0.01945,664425.0,0.01947,345193.0,0.01948,744364.0
1753504293302,04:31:33.302,ANIME/USDT:USDT,0.01946,252107.0,0.01945,664425.0,0.01947,345193.0,0.01948,744364.0
1753504293441,04:31:33.441,ANIME/USDT:USDT,0.01946,252107.0,0.01945,664425.0,0.01947,345193.0,0.01948,744364.0
1753504293547,04:31:33.547,ANIME/USDT:USDT,0.01946,252107.0,0.01945,609395.0,0.01947,450654.0,0.01948,754569.0
1753504293650,04:31:33.650,ANIME/USDT:USDT,0.01946,252107.0,0.01945,664425.0,0.01947,450654.0,0.01948,764747.0
1753504293869,04:31:33.869,ANIME/USDT:USDT,0.01946,252107.0,0.01945,664425.0,0.01947,450654.0,0.01948,764747.0
1753504294002,04:31:34.002,ANIME/USDT:USDT,0.01946,252107.0,0.01945,664425.0,0.01947,450654.0,0.01948,764747.0
1753504294109,04:31:34.109,ANIME/USDT:USDT,0.01946,252107.0,0.01945,609395.0,0.01947,455778.0,0.01948,764747.0
1753504294268,04:31:34.268,ANIME/USDT:USDT,0.01946,252449.0,0.01945,609395.0,0.01947,455778.0,0.01948,769747.0
1753504294378,04:31:34.378,ANIME/USDT:USDT,0.01946,252449.0,0.01945,609395.0,0.01947,455778.0,0.01948,769747.0
1753504294538,04:31:34.538,ANIME/USDT:USDT,0.01946,252449.0,0.01945,609395.0,0.01947,434361.0,0.01948,826258.0
1753504294649,04:31:34.649,ANIME/USDT:USDT,0.01946,270499.0,0.01945,609395.0,0.01947,434361.0,0.01948,826258.0
1753504294849,04:31:34.849,ANIME/USDT:USDT,0.01946,259114.0,0.01945,664425.0,0.01947,434361.0,0.01948,826258.0
1753504295018,04:31:35.018,ANIME/USDT:USDT,0.01946,259114.0,0.01945,664425.0,0.01947,434361.0,0.01948,826515.0
1753504295121,04:31:35.121,ANIME/USDT:USDT,0.01946,259114.0,0.01945,609395.0,0.01947,434361.0,0.01948,826515.0
1753504295258,04:31:35.258,ANIME/USDT:USDT,0.01946,259114.0,0.01945,609395.0,0.01947,434361.0,0.01948,821447.0
1753504295364,04:31:35.364,ANIME/USDT:USDT,0.01946,259114.0,0.01945,609395.0,0.01947,434361.0,0.01948,821447.0
1753504295502,04:31:35.502,ANIME/USDT:USDT,0.01946,259114.0,0.01945,664425.0,0.01947,429237.0,0.01948,754874.0
1753504295658,04:31:35.658,ANIME/USDT:USDT,0.01946,259114.0,0.01945,664425.0,0.01947,429237.0,0.01948,728239.0
1753504295802,04:31:35.802,ANIME/USDT:USDT,0.01946,267646.0,0.01945,664425.0,0.01947,429237.0,0.01948,723116.0
1753504296102,04:31:36.102,ANIME/USDT:USDT,0.01946,279031.0,0.01945,609395.0,0.01947,429237.0,0.01948,723116.0
1753504296259,04:31:36.259,ANIME/USDT:USDT,0.01946,279031.0,0.01945,664425.0,0.01947,429237.0,0.01948,723116.0
1753504296373,04:31:36.373,ANIME/USDT:USDT,0.01946,279031.0,0.01945,664425.0,0.01947,429237.0,0.01948,717979.0
1753504296561,04:31:36.561,ANIME/USDT:USDT,0.01946,279031.0,0.01945,664425.0,0.01947,430790.0,0.01948,717979.0
1753504296767,04:31:36.767,ANIME/USDT:USDT,0.01946,279031.0,0.01945,664425.0,0.01947,429237.0,0.01948,717979.0
1753504296877,04:31:36.877,ANIME/USDT:USDT,0.01946,279031.0,0.01945,609395.0,0.01947,309237.0,0.01948,717979.0
1753504296988,04:31:36.988,ANIME/USDT:USDT,0.01946,279031.0,0.01945,664425.0,0.01947,309237.0,0.01948,717979.0
1753504297102,04:31:37.102,ANIME/USDT:USDT,0.01946,279031.0,0.01945,664425.0,0.01947,320622.0,0.01948,717979.0
1753504297388,04:31:37.388,ANIME/USDT:USDT,0.01946,267646.0,0.01945,609395.0,0.01947,320622.0,0.01948,717979.0
1753504297498,04:31:37.498,ANIME/USDT:USDT,0.01946,267786.0,0.01945,609395.0,0.01947,320622.0,0.01948,712849.0
1753504297602,04:31:37.602,ANIME/USDT:USDT,0.01946,279171.0,0.01945,614532.0,0.01947,309237.0,0.01948,712849.0
1753504297893,04:31:37.893,ANIME/USDT:USDT,0.01946,267786.0,0.01945,614532.0,0.01947,320622.0,0.01948,712849.0
1753504298000,04:31:38.000,ANIME/USDT:USDT,0.01946,279171.0,0.01945,669562.0,0.01947,320622.0,0.01948,712849.0
1753504298148,04:31:38.148,ANIME/USDT:USDT,0.01946,279171.0,0.01945,614532.0,0.01947,320622.0,0.01948,712849.0
1753504298250,04:31:38.250,ANIME/USDT:USDT,0.01946,279171.0,0.01945,614532.0,0.01947,309237.0,0.01948,712849.0
1753504298502,04:31:38.502,ANIME/USDT:USDT,0.01946,279171.0,0.01945,614532.0,0.01947,309237.0,0.01948,712849.0
1753504298655,04:31:38.655,ANIME/USDT:USDT,0.01946,279171.0,0.01945,669562.0,0.01947,309237.0,0.01948,712849.0
1753504298908,04:31:38.908,ANIME/USDT:USDT,0.01946,267786.0,0.01945,669562.0,0.01947,320622.0,0.01948,712849.0
1753504299011,04:31:39.011,ANIME/USDT:USDT,0.01946,267786.0,0.01945,669562.0,0.01947,320622.0,0.01948,712849.0
1753504299138,04:31:39.138,ANIME/USDT:USDT,0.01946,267786.0,0.01945,614532.0,0.01947,371887.0,0.01948,712849.0
1753504299302,04:31:39.302,ANIME/USDT:USDT,0.01946,278543.0,0.01945,614532.0,0.01947,371887.0,0.01948,712849.0
1753504299502,04:31:39.502,ANIME/USDT:USDT,0.01946,278543.0,0.01945,614532.0,0.01947,371887.0,0.01948,712849.0
1753504299658,04:31:39.658,ANIME/USDT:USDT,0.01946,278543.0,0.01945,614532.0,0.01947,371887.0,0.01948,712849.0
1753504299876,04:31:39.876,ANIME/USDT:USDT,0.01946,278543.0,0.01945,614532.0,0.01947,371887.0,0.01948,712849.0
1753504300102,04:31:40.102,ANIME/USDT:USDT,0.01946,278543.0,0.01945,614532.0,0.01947,371887.0,0.01948,712849.0
1753504300278,04:31:40.278,ANIME/USDT:USDT,0.01946,278543.0,0.01945,669562.0,0.01947,360502.0,0.01948,712849.0
1753504300728,04:31:40.728,ANIME/USDT:USDT,0.01946,278543.0,0.01945,669562.0,0.01947,371887.0,0.01948,712849.0
1753504300878,04:31:40.878,ANIME/USDT:USDT,0.01946,278543.0,0.01945,669562.0,0.01947,371887.0,0.01948,712849.0
1753504301249,04:31:41.249,ANIME/USDT:USDT,0.01946,278543.0,0.01945,669562.0,0.01947,371887.0,0.01948,712849.0
1753504301352,04:31:41.352,ANIME/USDT:USDT,0.01946,267158.0,0.01945,614532.0,0.01947,373444.0,0.01948,712849.0
1753504301563,04:31:41.563,ANIME/USDT:USDT,0.01946,267158.0,0.01945,614532.0,0.01947,373832.0,0.01948,712849.0
1753504301670,04:31:41.670,ANIME/USDT:USDT,0.01946,260493.0,0.01945,614532.0,0.01947,493832.0,0.01948,712849.0
1753504301773,04:31:41.773,ANIME/USDT:USDT,0.01946,260493.0,0.01945,614532.0,0.01947,492275.0,0.01948,712849.0
1753504301898,04:31:41.898,ANIME/USDT:USDT,0.01946,260493.0,0.01945,614532.0,0.01947,492275.0,0.01948,712849.0
1753504302108,04:31:42.108,ANIME/USDT:USDT,0.01946,260493.0,0.01945,614532.0,0.01947,492275.0,0.01948,699904.0
1753504302288,04:31:42.288,ANIME/USDT:USDT,0.01946,260493.0,0.01945,614532.0,0.01947,492275.0,0.01948,699904.0
1753504302402,04:31:42.402,ANIME/USDT:USDT,0.01946,260493.0,0.01945,614532.0,0.01947,492275.0,0.01948,699904.0
1753504302555,04:31:42.555,ANIME/USDT:USDT,0.01946,267158.0,0.01945,609395.0,0.01947,492275.0,0.01948,710171.0
1753504302802,04:31:42.802,ANIME/USDT:USDT,0.01946,260493.0,0.01945,609395.0,0.01947,492275.0,0.01948,710171.0
1753504302981,04:31:42.981,ANIME/USDT:USDT,0.01946,267158.0,0.01945,664425.0,0.01947,480890.0,0.01948,710171.0
1753504303098,04:31:43.098,ANIME/USDT:USDT,0.01946,267158.0,0.01945,609395.0,0.01947,480890.0,0.01948,710171.0
1753504303201,04:31:43.201,ANIME/USDT:USDT,0.01946,267158.0,0.01945,609395.0,0.01947,480890.0,0.01948,710171.0
1753504303419,04:31:43.419,ANIME/USDT:USDT,0.01946,278543.0,0.01945,664425.0,0.01947,360890.0,0.01948,710171.0
1753504303568,04:31:43.568,ANIME/USDT:USDT,0.01946,267158.0,0.01945,664425.0,0.01947,482448.0,0.01948,710171.0
1753504303680,04:31:43.680,ANIME/USDT:USDT,0.01946,267158.0,0.01945,664425.0,0.01947,486569.0,0.01948,710171.0
1753504303783,04:31:43.783,ANIME/USDT:USDT,0.01946,260493.0,0.01945,664425.0,0.01947,533319.0,0.01948,715219.0
1753504303886,04:31:43.886,ANIME/USDT:USDT,0.01946,267158.0,0.01945,609395.0,0.01947,521934.0,0.01948,715219.0
1753504304080,04:31:44.080,ANIME/USDT:USDT,0.01946,267158.0,0.01945,664425.0,0.01947,533463.0,0.01948,715219.0
1753504304194,04:31:44.194,ANIME/USDT:USDT,0.01946,267158.0,0.01945,664425.0,0.01947,557151.0,0.01948,715219.0
1753504304295,04:31:44.295,ANIME/USDT:USDT,0.01946,260493.0,0.01945,609395.0,0.01947,595567.0,0.01948,771730.0
1753504304425,04:31:44.425,ANIME/USDT:USDT,0.01946,260493.0,0.01945,609395.0,0.01947,632081.0,0.01948,787067.0
1753504304562,04:31:44.562,ANIME/USDT:USDT,0.01946,260455.0,0.01945,609395.0,0.01947,632081.0,0.01948,804823.0
1753504304671,04:31:44.671,ANIME/USDT:USDT,0.01946,202527.0,0.01945,609395.0,0.01947,637186.0,0.01948,804823.0
1753504304775,04:31:44.775,ANIME/USDT:USDT,0.01946,202527.0,0.01945,609395.0,0.01947,637186.0,0.01948,814487.0
1753504304878,04:31:44.878,ANIME/USDT:USDT,0.01946,202527.0,0.01945,609395.0,0.01947,637186.0,0.01948,814487.0
1753504305258,04:31:45.258,ANIME/USDT:USDT,0.01946,202527.0,0.01945,609395.0,0.01947,638746.0,0.01948,814487.0
1753504305388,04:31:45.388,ANIME/USDT:USDT,0.01946,202527.0,0.01945,609395.0,0.01947,637186.0,0.01948,814487.0
1753504305554,04:31:45.554,ANIME/USDT:USDT,0.01946,202527.0,0.01945,609395.0,0.01947,642310.0,0.01948,850028.0
1753504305675,04:31:45.675,ANIME/USDT:USDT,0.01946,202527.0,0.01945,609395.0,0.01947,642310.0,0.01948,855102.0
1753504305802,04:31:45.802,ANIME/USDT:USDT,0.01946,202527.0,0.01945,609395.0,0.01947,642310.0,0.01948,860239.0
1753504306002,04:31:46.002,ANIME/USDT:USDT,0.01946,202527.0,0.01945,609395.0,0.01947,642310.0,0.01948,860239.0
1753504306308,04:31:46.308,ANIME/USDT:USDT,0.01946,202527.0,0.01945,609395.0,0.01947,642310.0,0.01948,860239.0
1753504306474,04:31:46.474,ANIME/USDT:USDT,0.01946,202527.0,0.01945,609395.0,0.01947,642310.0,0.01948,865307.0
1753504306588,04:31:46.588,ANIME/USDT:USDT,0.01946,202527.0,0.01945,609395.0,0.01947,642310.0,0.01948,865307.0
1753504306882,04:31:46.882,ANIME/USDT:USDT,0.01946,202527.0,0.01945,609395.0,0.01947,642310.0,0.01948,870444.0
1753504307002,04:31:47.002,ANIME/USDT:USDT,0.01946,202527.0,0.01945,609395.0,0.01947,647447.0,0.01948,870444.0
1753504307178,04:31:47.178,ANIME/USDT:USDT,0.01946,8729.0,0.01945,609395.0,0.01947,654583.0,0.01948,890756.0
1753504307279,04:31:47.279,ANIME/USDT:USDT,0.01946,1116.0,0.01945,489154.0,0.01947,694535.0,0.01948,895893.0
1753504307381,04:31:47.381,ANIME/USDT:USDT,0.01945,163303.0,0.01944,1163611.0,0.01946,141384.0,0.01947,1169033.0
1753504307484,04:31:47.484,ANIME/USDT:USDT,0.01945,164152.0,0.01944,1163611.0,0.01946,126851.0,0.01947,992834.0
1753504307588,04:31:47.588,ANIME/USDT:USDT,0.01945,164152.0,0.01944,1163611.0,0.01946,128362.0,0.01947,981219.0
1753504307692,04:31:47.692,ANIME/USDT:USDT,0.01945,164152.0,0.01944,1163611.0,0.01946,128362.0,0.01947,929954.0
1753504307806,04:31:47.806,ANIME/USDT:USDT,0.01945,164152.0,0.01944,1163611.0,0.01946,128362.0,0.01947,981219.0
1753504307953,04:31:47.953,ANIME/USDT:USDT,0.01945,164152.0,0.01944,1163611.0,0.01946,128362.0,0.01947,981219.0
1753504308165,04:31:48.165,ANIME/USDT:USDT,0.01945,164152.0,0.01944,1163611.0,0.01946,129925.0,0.01947,981219.0
1753504308268,04:31:48.268,ANIME/USDT:USDT,0.01945,170817.0,0.01944,1163611.0,0.01946,137483.0,0.01947,973661.0
1753504308371,04:31:48.371,ANIME/USDT:USDT,0.01945,164152.0,0.01944,1163305.0,0.01946,142811.0,0.01947,914045.0
1753504308475,04:31:48.475,ANIME/USDT:USDT,0.01945,170817.0,0.01944,1163305.0,0.01946,148857.0,0.01947,900846.0
1753504308584,04:31:48.584,ANIME/USDT:USDT,0.01945,170817.0,0.01944,1168445.0,0.01946,156414.0,0.01947,938080.0
1753504308686,04:31:48.686,ANIME/USDT:USDT,0.01945,164152.0,0.01944,1168445.0,0.01946,173896.0,0.01947,875807.0
1753504308801,04:31:48.801,ANIME/USDT:USDT,0.01945,170817.0,0.01944,1168445.0,0.01946,160948.0,0.01947,927072.0
1753504308999,04:31:48.999,ANIME/USDT:USDT,0.01945,170817.0,0.01944,1168445.0,0.01946,160948.0,0.01947,927072.0
1753504309101,04:31:49.101,ANIME/USDT:USDT,0.01945,170817.0,0.01944,1099719.0,0.01946,160948.0,0.01947,875807.0
1753504309238,04:31:49.238,ANIME/USDT:USDT,0.01945,170817.0,0.01944,1099719.0,0.01946,160948.0,0.01947,875807.0
1753504309384,04:31:49.384,ANIME/USDT:USDT,0.01945,170817.0,0.01944,1099719.0,0.01946,160948.0,0.01947,875807.0
1753504309539,04:31:49.539,ANIME/USDT:USDT,0.01945,177813.0,0.01944,1099719.0,0.01946,162782.0,0.01947,820286.0
1753504309655,04:31:49.655,ANIME/USDT:USDT,0.01945,189198.0,0.01944,1099719.0,0.01946,161218.0,0.01947,871551.0
1753504309764,04:31:49.764,ANIME/USDT:USDT,0.01945,177813.0,0.01944,1099719.0,0.01946,161218.0,0.01947,871551.0
1753504310216,04:31:50.216,ANIME/USDT:USDT,0.01945,177813.0,0.01944,1099719.0,0.01946,161218.0,0.01947,820286.0
1753504310402,04:31:50.402,ANIME/USDT:USDT,0.01945,177813.0,0.01944,1099719.0,0.01946,161218.0,0.01947,820286.0
1753504310586,04:31:50.586,ANIME/USDT:USDT,0.01945,177813.0,0.01944,1099719.0,0.01946,161218.0,0.01947,820286.0
1753504310938,04:31:50.938,ANIME/USDT:USDT,0.01945,177813.0,0.01944,1099413.0,0.01946,162783.0,0.01947,820286.0
1753504311502,04:31:51.502,ANIME/USDT:USDT,0.01945,177813.0,0.01944,1099413.0,0.01946,162783.0,0.01947,820286.0
1753504311647,04:31:51.647,ANIME/USDT:USDT,0.01945,177813.0,0.01944,1099413.0,0.01946,162783.0,0.01947,822836.0
1753504311812,04:31:51.812,ANIME/USDT:USDT,0.01945,177813.0,0.01944,1099413.0,0.01946,161218.0,0.01947,851733.0
1753504312088,04:31:52.088,ANIME/USDT:USDT,0.01945,177813.0,0.01944,1099413.0,0.01946,161218.0,0.01947,851733.0
1753504312202,04:31:52.202,ANIME/USDT:USDT,0.01945,177813.0,0.01944,1099413.0,0.01946,161218.0,0.01947,851733.0
1753504312468,04:31:52.468,ANIME/USDT:USDT,0.01945,177813.0,0.01944,1099413.0,0.01946,161218.0,0.01947,851733.0
1753504312702,04:31:52.702,ANIME/USDT:USDT,0.01945,177813.0,0.01944,1099413.0,0.01946,161218.0,0.01947,851733.0
1753504312854,04:31:52.854,ANIME/USDT:USDT,0.01945,177813.0,0.01944,1099413.0,0.01946,161218.0,0.01947,902998.0
1753504312957,04:31:52.957,ANIME/USDT:USDT,0.01945,177813.0,0.01944,1099413.0,0.01946,161218.0,0.01947,851733.0
1753504313091,04:31:53.091,ANIME/USDT:USDT,0.01945,177813.0,0.01944,1099413.0,0.01946,162786.0,0.01947,902998.0
1753504313201,04:31:53.201,ANIME/USDT:USDT,0.01945,177813.0,0.01944,1099413.0,0.01946,161218.0,0.01947,902998.0
1753504313302,04:31:53.302,ANIME/USDT:USDT,0.01945,177813.0,0.01944,1099413.0,0.01946,161218.0,0.01947,902998.0
1753504313421,04:31:53.421,ANIME/USDT:USDT,0.01945,177813.0,0.01944,1099413.0,0.01946,161218.0,0.01947,851733.0
1753504313578,04:31:53.578,ANIME/USDT:USDT,0.01945,171148.0,0.01944,1099413.0,0.01946,172603.0,0.01947,851733.0
1753504313682,04:31:53.682,ANIME/USDT:USDT,0.01945,177813.0,0.01944,1099413.0,0.01946,172603.0,0.01947,851733.0
1753504313802,04:31:53.802,ANIME/USDT:USDT,0.01945,177813.0,0.01944,1099413.0,0.01946,172603.0,0.01947,904883.0
1753504313920,04:31:53.920,ANIME/USDT:USDT,0.01945,177813.0,0.01944,1099413.0,0.01946,172603.0,0.01947,851733.0
1753504314119,04:31:54.119,ANIME/USDT:USDT,0.01945,177813.0,0.01944,1099413.0,0.01946,172603.0,0.01947,851733.0
1753504314269,04:31:54.269,ANIME/USDT:USDT,0.01945,171148.0,0.01944,1099413.0,0.01946,172603.0,0.01947,851733.0
1753504314399,04:31:54.399,ANIME/USDT:USDT,0.01945,171148.0,0.01944,1099413.0,0.01946,172603.0,0.01947,851733.0
1753504314528,04:31:54.528,ANIME/USDT:USDT,0.01945,177813.0,0.01944,1099413.0,0.01946,172603.0,0.01947,851733.0
1753504314635,04:31:54.635,ANIME/USDT:USDT,0.01945,177813.0,0.01944,1094273.0,0.01946,167174.0,0.01947,851733.0
1753504314778,04:31:54.778,ANIME/USDT:USDT,0.01945,177813.0,0.01944,1094273.0,0.01946,167174.0,0.01947,851733.0
1753504314902,04:31:54.902,ANIME/USDT:USDT,0.01945,177813.0,0.01944,1094273.0,0.01946,167174.0,0.01947,851733.0
1753504315213,04:31:55.213,ANIME/USDT:USDT,0.01945,177813.0,0.01944,1094273.0,0.01946,167174.0,0.01947,851733.0
1753504315320,04:31:55.320,ANIME/USDT:USDT,0.01945,228718.0,0.01944,1099413.0,0.01946,155789.0,0.01947,851733.0
1753504315423,04:31:55.423,ANIME/USDT:USDT,0.01945,228718.0,0.01944,1099413.0,0.01946,155789.0,0.01947,851733.0
1753504315640,04:31:55.640,ANIME/USDT:USDT,0.01945,228718.0,0.01944,1099413.0,0.01946,155789.0,0.01947,851733.0
1753504315848,04:31:55.848,ANIME/USDT:USDT,0.01945,228718.0,0.01944,1099413.0,0.01946,154852.0,0.01947,851733.0
1753504315996,04:31:55.996,ANIME/USDT:USDT,0.01945,222053.0,0.01944,1099413.0,0.01946,166237.0,0.01947,851733.0
1753504316141,04:31:56.141,ANIME/USDT:USDT,0.01945,228718.0,0.01944,1099413.0,0.01946,166237.0,0.01947,851733.0
1753504316295,04:31:56.295,ANIME/USDT:USDT,0.01945,247704.0,0.01944,1099413.0,0.01946,154852.0,0.01947,851733.0
1753504316469,04:31:56.469,ANIME/USDT:USDT,0.01945,247704.0,0.01944,1099413.0,0.01946,154852.0,0.01947,851733.0
1753504316588,04:31:56.588,ANIME/USDT:USDT,0.01945,247704.0,0.01944,1099413.0,0.01946,154852.0,0.01947,851733.0
1753504316748,04:31:56.748,ANIME/USDT:USDT,0.01945,236319.0,0.01944,791944.0,0.01946,154852.0,0.01947,851733.0
1753504316851,04:31:56.851,ANIME/USDT:USDT,0.01945,236319.0,0.01944,798565.0,0.01946,154852.0,0.01947,851733.0
1753504316983,04:31:56.983,ANIME/USDT:USDT,0.01945,229654.0,0.01944,798565.0,0.01946,166323.0,0.01947,840262.0
1753504317102,04:31:57.102,ANIME/USDT:USDT,0.01945,236319.0,0.01944,798565.0,0.01946,166323.0,0.01947,840262.0
1753504317264,04:31:57.264,ANIME/USDT:USDT,0.01945,236319.0,0.01944,798565.0,0.01946,166323.0,0.01947,840262.0
1753504317378,04:31:57.378,ANIME/USDT:USDT,0.01945,236319.0,0.01944,798565.0,0.01946,166323.0,0.01947,840262.0
1753504317602,04:31:57.602,ANIME/USDT:USDT,0.01945,236319.0,0.01944,798565.0,0.01946,166323.0,0.01947,840262.0
1753504317756,04:31:57.756,ANIME/USDT:USDT,0.01945,236319.0,0.01944,798565.0,0.01946,166323.0,0.01947,840262.0
1753504317877,04:31:57.877,ANIME/USDT:USDT,0.01945,236319.0,0.01944,798565.0,0.01946,166323.0,0.01947,840262.0
1753504318068,04:31:58.068,ANIME/USDT:USDT,0.01945,236319.0,0.01944,798565.0,0.01946,166323.0,0.01947,840262.0
1753504318202,04:31:58.202,ANIME/USDT:USDT,0.01945,236319.0,0.01944,798565.0,0.01946,166323.0,0.01947,840262.0
1753504318339,04:31:58.339,ANIME/USDT:USDT,0.01945,247974.0,0.01944,798565.0,0.01946,178184.0,0.01947,828252.0
1753504318454,04:31:58.454,ANIME/USDT:USDT,0.01945,236589.0,0.01944,798565.0,0.01946,183305.0,0.01947,823131.0
1753504318802,04:31:58.802,ANIME/USDT:USDT,0.01945,236589.0,0.01944,798565.0,0.01946,183305.0,0.01947,823131.0
1753504318988,04:31:58.988,ANIME/USDT:USDT,0.01945,236589.0,0.01944,798565.0,0.01946,202570.0,0.01947,803866.0
1753504319261,04:31:59.261,ANIME/USDT:USDT,0.01945,229924.0,0.01944,798565.0,0.01946,214099.0,0.01947,792337.0
1753504319364,04:31:59.364,ANIME/USDT:USDT,0.01945,233857.0,0.01944,798565.0,0.01946,214099.0,0.01947,792337.0
1753504319502,04:31:59.502,ANIME/USDT:USDT,0.01945,282048.0,0.01944,798565.0,0.01946,214099.0,0.01947,792337.0
1753504319609,04:31:59.609,ANIME/USDT:USDT,0.01945,282048.0,0.01944,742331.0,0.01946,219195.0,0.01947,787241.0
1753504319814,04:31:59.814,ANIME/USDT:USDT,0.01945,282048.0,0.01944,742331.0,0.01946,219195.0,0.01947,787241.0
1753504319958,04:31:59.958,ANIME/USDT:USDT,0.01945,300098.0,0.01944,742331.0,0.01946,219195.0,0.01947,787241.0
1753504320078,04:32:00.078,ANIME/USDT:USDT,0.01945,300098.0,0.01944,742331.0,0.01946,219195.0,0.01947,787241.0
1753504320204,04:32:00.204,ANIME/USDT:USDT,0.01945,282048.0,0.01944,742331.0,0.01946,230580.0,0.01947,787241.0
1753504320354,04:32:00.354,ANIME/USDT:USDT,0.01945,282048.0,0.01944,742331.0,0.01946,232153.0,0.01947,787241.0
1753504320458,04:32:00.458,ANIME/USDT:USDT,0.01945,282048.0,0.01944,742331.0,0.01946,352153.0,0.01947,787241.0
1753504320578,04:32:00.578,ANIME/USDT:USDT,0.01945,282048.0,0.01944,742331.0,0.01946,367565.0,0.01947,771829.0
1753504320700,04:32:00.700,ANIME/USDT:USDT,0.01945,282048.0,0.01944,742331.0,0.01946,367565.0,0.01947,771829.0
1753504320810,04:32:00.810,ANIME/USDT:USDT,0.01945,282048.0,0.01944,742331.0,0.01946,377480.0,0.01947,771829.0
1753504321002,04:32:01.002,ANIME/USDT:USDT,0.01945,282048.0,0.01944,742331.0,0.01946,377480.0,0.01947,771829.0
1753504321158,04:32:01.158,ANIME/USDT:USDT,0.01945,282048.0,0.01944,742331.0,0.01946,377480.0,0.01947,771829.0
1753504321564,04:32:01.564,ANIME/USDT:USDT,0.01945,339688.0,0.01944,701674.0,0.01946,382617.0,0.01947,766692.0
1753504321688,04:32:01.688,ANIME/USDT:USDT,0.01945,339688.0,0.01944,701674.0,0.01946,397933.0,0.01947,751376.0
1753504321813,04:32:01.813,ANIME/USDT:USDT,0.01945,339688.0,0.01944,701674.0,0.01946,397933.0,0.01947,751376.0
1753504321944,04:32:01.944,ANIME/USDT:USDT,0.01945,339688.0,0.01944,701674.0,0.01946,397933.0,0.01947,751376.0
1753504322102,04:32:02.102,ANIME/USDT:USDT,0.01945,339688.0,0.01944,701674.0,0.01946,397933.0,0.01947,756446.0
1753504322227,04:32:02.227,ANIME/USDT:USDT,0.01945,339688.0,0.01944,701674.0,0.01946,399508.0,0.01947,756446.0
1753504322514,04:32:02.514,ANIME/USDT:USDT,0.01945,357738.0,0.01944,701674.0,0.01946,273228.0,0.01947,746271.0
1753504322648,04:32:02.648,ANIME/USDT:USDT,0.01945,357738.0,0.01944,706814.0,0.01946,283502.0,0.01947,735997.0
1753504322750,04:32:02.750,ANIME/USDT:USDT,0.01945,357738.0,0.01944,706814.0,0.01946,281927.0,0.01947,735997.0
1753504322938,04:32:02.938,ANIME/USDT:USDT,0.01945,346353.0,0.01944,706814.0,0.01946,281927.0,0.01947,735997.0
1753504323057,04:32:03.057,ANIME/USDT:USDT,0.01945,346353.0,0.01944,706814.0,0.01946,281927.0,0.01947,735997.0
1753504323190,04:32:03.190,ANIME/USDT:USDT,0.01945,357738.0,0.01944,706814.0,0.01946,259816.0,0.01947,735997.0
1753504323349,04:32:03.349,ANIME/USDT:USDT,0.01945,346353.0,0.01944,706814.0,0.01946,261662.0,0.01947,735997.0
1753504323549,04:32:03.549,ANIME/USDT:USDT,0.01945,346353.0,0.01944,706814.0,0.01946,261662.0,0.01947,735997.0
1753504323651,04:32:03.651,ANIME/USDT:USDT,0.01945,357738.0,0.01944,706814.0,0.01946,261662.0,0.01947,735997.0
1753504323813,04:32:03.813,ANIME/USDT:USDT,0.01945,357738.0,0.01944,706814.0,0.01946,262656.0,0.01947,733427.0
1753504323923,04:32:03.923,ANIME/USDT:USDT,0.01945,346353.0,0.01944,706814.0,0.01946,264510.0,0.01947,731573.0
1753504324164,04:32:04.164,ANIME/USDT:USDT,0.01945,346353.0,0.01944,706814.0,0.01946,266087.0,0.01947,731573.0
1753504324301,04:32:04.301,ANIME/USDT:USDT,0.01945,346353.0,0.01944,706814.0,0.01946,266087.0,0.01947,731573.0
1753504324428,04:32:04.428,ANIME/USDT:USDT,0.01945,346353.0,0.01944,706814.0,0.01946,266087.0,0.01947,731573.0
1753504324594,04:32:04.594,ANIME/USDT:USDT,0.01945,357738.0,0.01944,706814.0,0.01946,266087.0,0.01947,731573.0
1753504324802,04:32:04.802,ANIME/USDT:USDT,0.01945,357738.0,0.01944,706814.0,0.01946,264510.0,0.01947,731573.0
1753504325002,04:32:05.002,ANIME/USDT:USDT,0.01945,357738.0,0.01944,706814.0,0.01946,264510.0,0.01947,731573.0
1753504325111,04:32:05.111,ANIME/USDT:USDT,0.01945,346353.0,0.01944,706814.0,0.01946,275895.0,0.01947,731573.0
1753504325400,04:32:05.400,ANIME/USDT:USDT,0.01945,339688.0,0.01944,706814.0,0.01946,277473.0,0.01947,731573.0
1753504325506,04:32:05.506,ANIME/USDT:USDT,0.01945,346353.0,0.01944,706814.0,0.01946,277473.0,0.01947,731573.0
1753504325829,04:32:05.829,ANIME/USDT:USDT,0.01945,346353.0,0.01944,706814.0,0.01946,275895.0,0.01947,731573.0
1753504326002,04:32:06.002,ANIME/USDT:USDT,0.01945,357738.0,0.01944,706814.0,0.01946,264510.0,0.01947,731573.0
1753504326202,04:32:06.202,ANIME/USDT:USDT,0.01945,357738.0,0.01944,706814.0,0.01946,264510.0,0.01947,731573.0
1753504326362,04:32:06.362,ANIME/USDT:USDT,0.01945,339688.0,0.01944,706814.0,0.01946,277473.0,0.01947,731573.0
1753504326602,04:32:06.602,ANIME/USDT:USDT,0.01945,357738.0,0.01944,706814.0,0.01946,266088.0,0.01947,731573.0
1753504326819,04:32:06.819,ANIME/USDT:USDT,0.01945,357738.0,0.01944,706814.0,0.01946,264510.0,0.01947,731573.0
1753504327046,04:32:07.046,ANIME/USDT:USDT,0.01945,357738.0,0.01944,706814.0,0.01946,264510.0,0.01947,731573.0
1753504327165,04:32:07.165,ANIME/USDT:USDT,0.01945,357738.0,0.01944,706814.0,0.01946,264510.0,0.01947,731573.0
1753504327302,04:32:07.302,ANIME/USDT:USDT,0.01945,357738.0,0.01944,706814.0,0.01946,264510.0,0.01947,731573.0
1753504327640,04:32:07.640,ANIME/USDT:USDT,0.01945,357738.0,0.01944,706814.0,0.01946,278594.0,0.01947,731573.0
1753504327798,04:32:07.798,ANIME/USDT:USDT,0.01945,357738.0,0.01944,706814.0,0.01946,278594.0,0.01947,731573.0
1753504327998,04:32:07.998,ANIME/USDT:USDT,0.01945,339688.0,0.01944,706814.0,0.01946,279830.0,0.01947,730337.0
1753504328131,04:32:08.131,ANIME/USDT:USDT,0.01945,339688.0,0.01944,706814.0,0.01946,279830.0,0.01947,730337.0
1753504328268,04:32:08.268,ANIME/USDT:USDT,0.01945,339688.0,0.01944,706814.0,0.01946,281410.0,0.01947,730337.0
1753504328482,04:32:08.482,ANIME/USDT:USDT,0.01945,339688.0,0.01944,706814.0,0.01946,281410.0,0.01947,730337.0
1753504328596,04:32:08.596,ANIME/USDT:USDT,0.01945,339688.0,0.01944,706814.0,0.01946,281410.0,0.01947,730337.0
1753504328702,04:32:08.702,ANIME/USDT:USDT,0.01945,339688.0,0.01944,706814.0,0.01946,270025.0,0.01947,730337.0
1753504328820,04:32:08.820,ANIME/USDT:USDT,0.01945,346353.0,0.01944,706814.0,0.01946,268445.0,0.01947,730337.0
1753504328954,04:32:08.954,ANIME/USDT:USDT,0.01945,339688.0,0.01944,706814.0,0.01946,279830.0,0.01947,730337.0
1753504329206,04:32:09.206,ANIME/USDT:USDT,0.01945,346353.0,0.01944,701674.0,0.01946,281411.0,0.01947,730337.0
1753504329502,04:32:09.502,ANIME/USDT:USDT,0.01945,346353.0,0.01944,701674.0,0.01946,281411.0,0.01947,730337.0
1753504329821,04:32:09.821,ANIME/USDT:USDT,0.01945,346353.0,0.01944,701674.0,0.01946,279830.0,0.01947,730337.0
1753504330058,04:32:10.058,ANIME/USDT:USDT,0.01945,346353.0,0.01944,701674.0,0.01946,279830.0,0.01947,730337.0
1753504330202,04:32:10.202,ANIME/USDT:USDT,0.01945,346353.0,0.01944,701674.0,0.01946,279830.0,0.01947,734640.0
1753504330420,04:32:10.420,ANIME/USDT:USDT,0.01945,341746.0,0.01944,701674.0,0.01946,268445.0,0.01947,734640.0
1753504330545,04:32:10.545,ANIME/USDT:USDT,0.01945,341746.0,0.01944,701674.0,0.01946,281412.0,0.01947,734640.0
1753504330726,04:32:10.726,ANIME/USDT:USDT,0.01945,341746.0,0.01944,701674.0,0.01946,281412.0,0.01947,739710.0
1753504330992,04:32:10.992,ANIME/USDT:USDT,0.01945,341746.0,0.01944,701674.0,0.01946,279830.0,0.01947,739710.0
1753504331148,04:32:11.148,ANIME/USDT:USDT,0.01945,291746.0,0.01944,736523.0,0.01946,279830.0,0.01947,739710.0
1753504331250,04:32:11.250,ANIME/USDT:USDT,0.01945,291746.0,0.01944,701674.0,0.01946,401859.0,0.01947,737681.0
1753504331352,04:32:11.352,ANIME/USDT:USDT,0.01945,291746.0,0.01944,701674.0,0.01946,401859.0,0.01947,742821.0
1753504331467,04:32:11.467,ANIME/USDT:USDT,0.01945,165590.0,0.01944,701674.0,0.01946,402235.0,0.01947,747953.0
1753504331571,04:32:11.571,ANIME/USDT:USDT,0.01945,165590.0,0.01944,701674.0,0.01946,402235.0,0.01947,747953.0
1753504331771,04:32:11.771,ANIME/USDT:USDT,0.01945,165590.0,0.01944,701674.0,0.01946,406356.0,0.01947,743832.0
1753504331872,04:32:11.872,ANIME/USDT:USDT,0.01945,165590.0,0.01944,701674.0,0.01946,411475.0,0.01947,746296.0
1753504332102,04:32:12.102,ANIME/USDT:USDT,0.01945,165590.0,0.01944,701674.0,0.01946,411475.0,0.01947,746296.0
1753504332286,04:32:12.286,ANIME/USDT:USDT,0.01945,165590.0,0.01944,701674.0,0.01946,411475.0,0.01947,746296.0
1753504332428,04:32:12.428,ANIME/USDT:USDT,0.01945,165590.0,0.01944,701674.0,0.01946,411475.0,0.01947,751428.0
1753504332572,04:32:12.572,ANIME/USDT:USDT,0.01945,165590.0,0.01944,701674.0,0.01946,411475.0,0.01947,781819.0
1753504332746,04:32:12.746,ANIME/USDT:USDT,0.01945,165590.0,0.01944,701674.0,0.01946,411475.0,0.01947,781819.0
1753504333002,04:32:13.002,ANIME/USDT:USDT,0.01945,165590.0,0.01944,701674.0,0.01946,411475.0,0.01947,781819.0
1753504333158,04:32:13.158,ANIME/USDT:USDT,0.01945,358426.0,0.01944,701674.0,0.01946,411475.0,0.01947,781819.0
1753504333270,04:32:13.270,ANIME/USDT:USDT,0.01945,358426.0,0.01944,701674.0,0.01946,411475.0,0.01947,776819.0
1753504333380,04:32:13.380,ANIME/USDT:USDT,0.01945,358426.0,0.01944,701674.0,0.01946,413059.0,0.01947,771687.0
1753504333502,04:32:13.502,ANIME/USDT:USDT,0.01945,358426.0,0.01944,701674.0,0.01946,413059.0,0.01947,771687.0
1753504333628,04:32:13.628,ANIME/USDT:USDT,0.01945,358426.0,0.01944,701674.0,0.01946,413059.0,0.01947,766715.0
1753504333830,04:32:13.830,ANIME/USDT:USDT,0.01945,358426.0,0.01944,701674.0,0.01946,411475.0,0.01947,766715.0
1753504333971,04:32:13.971,ANIME/USDT:USDT,0.01945,358426.0,0.01944,701674.0,0.01946,411475.0,0.01947,766715.0
1753504334118,04:32:14.118,ANIME/USDT:USDT,0.01945,358426.0,0.01944,701674.0,0.01946,411475.0,0.01947,766715.0
1753504334251,04:32:14.251,ANIME/USDT:USDT,0.01945,358426.0,0.01944,701674.0,0.01946,411475.0,0.01947,771847.0
1753504334391,04:32:14.391,ANIME/USDT:USDT,0.01945,358426.0,0.01944,701674.0,0.01946,291475.0,0.01947,766715.0
1753504334539,04:32:14.539,ANIME/USDT:USDT,0.01945,358426.0,0.01944,701674.0,0.01946,293060.0,0.01947,738762.0
1753504334648,04:32:14.648,ANIME/USDT:USDT,0.01945,358426.0,0.01944,701674.0,0.01946,287934.0,0.01947,738762.0
1753504334752,04:32:14.752,ANIME/USDT:USDT,0.01945,161657.0,0.01944,701674.0,0.01946,286349.0,0.01947,743832.0
1753504334854,04:32:14.854,ANIME/USDT:USDT,0.01945,357533.0,0.01944,701674.0,0.01946,286349.0,0.01947,743832.0
1753504334998,04:32:14.998,ANIME/USDT:USDT,0.01945,357533.0,0.01944,701674.0,0.01946,286349.0,0.01947,743832.0
1753504335113,04:32:15.113,ANIME/USDT:USDT,0.01945,357533.0,0.01944,701674.0,0.01946,286349.0,0.01947,751535.0
1753504335275,04:32:15.275,ANIME/USDT:USDT,0.01945,357263.0,0.01944,701674.0,0.01946,406349.0,0.01947,751535.0
1753504335402,04:32:15.402,ANIME/USDT:USDT,0.01945,357275.0,0.01944,701674.0,0.01946,287935.0,0.01947,751535.0
1753504335556,04:32:15.556,ANIME/USDT:USDT,0.01945,375325.0,0.01944,701674.0,0.01946,276550.0,0.01947,736193.0
1753504335682,04:32:15.682,ANIME/USDT:USDT,0.01945,375325.0,0.01944,706814.0,0.01946,287665.0,0.01947,736193.0
1753504335789,04:32:15.789,ANIME/USDT:USDT,0.01945,363940.0,0.01944,706814.0,0.01946,287356.0,0.01947,736193.0
1753504335999,04:32:15.999,ANIME/USDT:USDT,0.01945,363940.0,0.01944,706814.0,0.01946,287356.0,0.01947,736193.0
1753504336174,04:32:16.174,ANIME/USDT:USDT,0.01945,363940.0,0.01944,706814.0,0.01946,287356.0,0.01947,767189.0
1753504336461,04:32:16.461,ANIME/USDT:USDT,0.01945,357275.0,0.01944,706814.0,0.01946,288943.0,0.01947,767189.0
1753504336578,04:32:16.578,ANIME/USDT:USDT,0.01945,363940.0,0.01944,706814.0,0.01946,288943.0,0.01947,767189.0
1753504336828,04:32:16.828,ANIME/USDT:USDT,0.01945,357275.0,0.01944,706814.0,0.01946,287356.0,0.01947,767189.0
1753504337049,04:32:17.049,ANIME/USDT:USDT,0.01945,363940.0,0.01944,706814.0,0.01946,287356.0,0.01947,767189.0
1753504337207,04:32:17.207,ANIME/USDT:USDT,0.01945,363940.0,0.01944,706814.0,0.01946,287356.0,0.01947,767189.0
1753504337350,04:32:17.350,ANIME/USDT:USDT,0.01945,363940.0,0.01944,706814.0,0.01946,275971.0,0.01947,767189.0
1753504337678,04:32:17.678,ANIME/USDT:USDT,0.01945,375325.0,0.01944,712253.0,0.01946,275971.0,0.01947,767189.0
1753504338153,04:32:18.153,ANIME/USDT:USDT,0.01945,363940.0,0.01944,712253.0,0.01946,287356.0,0.01947,773811.0
1753504338258,04:32:18.258,ANIME/USDT:USDT,0.01945,363940.0,0.01944,712253.0,0.01946,287356.0,0.01947,773811.0
1753504338550,04:32:18.550,ANIME/USDT:USDT,0.01945,357275.0,0.01944,712253.0,0.01946,286549.0,0.01947,773811.0
1753504338661,04:32:18.661,ANIME/USDT:USDT,0.01945,357275.0,0.01944,712253.0,0.01946,287267.0,0.01947,773811.0
1753504338802,04:32:18.802,ANIME/USDT:USDT,0.01945,357275.0,0.01944,712253.0,0.01946,287267.0,0.01947,773811.0
1753504338950,04:32:18.950,ANIME/USDT:USDT,0.01945,357275.0,0.01944,712253.0,0.01946,287267.0,0.01947,773811.0
1753504339302,04:32:19.302,ANIME/USDT:USDT,0.01945,357275.0,0.01944,712253.0,0.01946,287267.0,0.01947,773811.0
1753504339497,04:32:19.497,ANIME/USDT:USDT,0.01945,357275.0,0.01944,712253.0,0.01946,288855.0,0.01947,773811.0
1753504339632,04:32:19.632,ANIME/USDT:USDT,0.01945,357275.0,0.01944,712253.0,0.01946,287267.0,0.01947,773811.0
1753504339868,04:32:19.868,ANIME/USDT:USDT,0.01945,357275.0,0.01944,712253.0,0.01946,287267.0,0.01947,773811.0
1753504340365,04:32:20.365,ANIME/USDT:USDT,0.01945,363940.0,0.01944,712253.0,0.01946,287267.0,0.01947,773811.0
1753504340502,04:32:20.502,ANIME/USDT:USDT,0.01945,363940.0,0.01944,712253.0,0.01946,287267.0,0.01947,773811.0
1753504340608,04:32:20.608,ANIME/USDT:USDT,0.01945,363940.0,0.01944,712253.0,0.01946,287268.0,0.01947,773811.0
1753504340819,04:32:20.819,ANIME/USDT:USDT,0.01945,375325.0,0.01944,712253.0,0.01946,275883.0,0.01947,773811.0
1753504341002,04:32:21.002,ANIME/USDT:USDT,0.01945,375325.0,0.01944,712253.0,0.01946,275883.0,0.01947,773811.0
1753504341323,04:32:21.323,ANIME/USDT:USDT,0.01945,363940.0,0.01944,712253.0,0.01946,287268.0,0.01947,773811.0
1753504341498,04:32:21.498,ANIME/USDT:USDT,0.01945,363940.0,0.01944,712253.0,0.01946,287268.0,0.01947,773811.0
1753504341602,04:32:21.602,ANIME/USDT:USDT,0.01945,375325.0,0.01944,712253.0,0.01946,287268.0,0.01947,773811.0
1753504341722,04:32:21.722,ANIME/USDT:USDT,0.01945,375325.0,0.01944,712253.0,0.01946,275883.0,0.01947,770056.0
1753504341828,04:32:21.828,ANIME/USDT:USDT,0.01945,375325.0,0.01944,712253.0,0.01946,275883.0,0.01947,770056.0
1753504342058,04:32:22.058,ANIME/USDT:USDT,0.01945,375325.0,0.01944,712253.0,0.01946,287268.0,0.01947,770056.0
1753504342193,04:32:22.193,ANIME/USDT:USDT,0.01945,375325.0,0.01944,712253.0,0.01946,287268.0,0.01947,777812.0
1753504342507,04:32:22.507,ANIME/USDT:USDT,0.01945,363352.0,0.01944,712253.0,0.01946,288859.0,0.01947,777812.0
1753504342701,04:32:22.701,ANIME/USDT:USDT,0.01945,370017.0,0.01944,712253.0,0.01946,288859.0,0.01947,777812.0
1753504342844,04:32:22.844,ANIME/USDT:USDT,0.01945,370017.0,0.01944,712253.0,0.01946,287268.0,0.01947,777812.0
1753504343102,04:32:23.102,ANIME/USDT:USDT,0.01945,381402.0,0.01944,712253.0,0.01946,287268.0,0.01947,777812.0
1753504343401,04:32:23.401,ANIME/USDT:USDT,0.01945,381402.0,0.01944,712253.0,0.01946,287268.0,0.01947,777812.0
1753504343502,04:32:23.502,ANIME/USDT:USDT,0.01945,439330.0,0.01944,712253.0,0.01946,275883.0,0.01947,777812.0
1753504343608,04:32:23.608,ANIME/USDT:USDT,0.01945,439330.0,0.01944,712253.0,0.01946,275883.0,0.01947,777812.0
1753504343723,04:32:23.723,ANIME/USDT:USDT,0.01945,439330.0,0.01944,712253.0,0.01946,275883.0,0.01947,777812.0
1753504343964,04:32:23.964,ANIME/USDT:USDT,0.01945,439330.0,0.01944,712253.0,0.01946,275883.0,0.01947,777812.0
1753504344156,04:32:24.156,ANIME/USDT:USDT,0.01945,439330.0,0.01944,712253.0,0.01946,287268.0,0.01947,777812.0
1753504344494,04:32:24.494,ANIME/USDT:USDT,0.01945,421280.0,0.01944,712253.0,0.01946,288861.0,0.01947,777812.0
1753504344852,04:32:24.852,ANIME/USDT:USDT,0.01945,427945.0,0.01944,712253.0,0.01946,287268.0,0.01947,777812.0
1753504345102,04:32:25.102,ANIME/USDT:USDT,0.01945,421280.0,0.01944,712253.0,0.01946,287268.0,0.01947,777812.0
1753504345601,04:32:25.601,ANIME/USDT:USDT,0.01945,439330.0,0.01944,712253.0,0.01946,288862.0,0.01947,777812.0
1753504345702,04:32:25.702,ANIME/USDT:USDT,0.01945,427945.0,0.01944,712253.0,0.01946,287268.0,0.01947,777812.0
1753504346150,04:32:26.150,ANIME/USDT:USDT,0.01945,439330.0,0.01944,712253.0,0.01946,287268.0,0.01947,773864.0
1753504346253,04:32:26.253,ANIME/USDT:USDT,0.01945,439330.0,0.01944,712253.0,0.01946,287265.0,0.01947,773864.0
1753504346517,04:32:26.517,ANIME/USDT:USDT,0.01945,432555.0,0.01944,712253.0,0.01946,287265.0,0.01947,773864.0
1753504346702,04:32:26.702,ANIME/USDT:USDT,0.01945,443940.0,0.01944,712253.0,0.01946,287265.0,0.01947,773864.0
1753504346809,04:32:26.809,ANIME/USDT:USDT,0.01945,443940.0,0.01944,712253.0,0.01946,287265.0,0.01947,773864.0
1753504346927,04:32:26.927,ANIME/USDT:USDT,0.01945,432555.0,0.01944,712253.0,0.01946,287265.0,0.01947,773864.0
1753504347050,04:32:27.050,ANIME/USDT:USDT,0.01945,432555.0,0.01944,712253.0,0.01946,287265.0,0.01947,773864.0
1753504347285,04:32:27.285,ANIME/USDT:USDT,0.01945,432555.0,0.01944,712253.0,0.01946,287265.0,0.01947,773864.0
1753504347402,04:32:27.402,ANIME/USDT:USDT,0.01945,450605.0,0.01944,712253.0,0.01946,287265.0,0.01947,773864.0
1753504347668,04:32:27.668,ANIME/USDT:USDT,0.01945,450605.0,0.01944,712253.0,0.01946,275880.0,0.01947,773864.0
1753504347858,04:32:27.858,ANIME/USDT:USDT,0.01945,450605.0,0.01944,712253.0,0.01946,275880.0,0.01947,773864.0
1753504347998,04:32:27.998,ANIME/USDT:USDT,0.01945,439220.0,0.01944,712253.0,0.01946,287265.0,0.01947,773864.0
1753504348202,04:32:28.202,ANIME/USDT:USDT,0.01945,500605.0,0.01944,712253.0,0.01946,288861.0,0.01947,773864.0
1753504348332,04:32:28.332,ANIME/USDT:USDT,0.01945,489220.0,0.01944,712253.0,0.01946,287265.0,0.01947,773864.0
1753504348502,04:32:28.502,ANIME/USDT:USDT,0.01945,489220.0,0.01944,712253.0,0.01946,287265.0,0.01947,773864.0
1753504348625,04:32:28.625,ANIME/USDT:USDT,0.01945,500605.0,0.01944,712253.0,0.01946,287265.0,0.01947,773864.0
1753504348741,04:32:28.741,ANIME/USDT:USDT,0.01945,489220.0,0.01944,712253.0,0.01946,287265.0,0.01947,773864.0
1753504349002,04:32:29.002,ANIME/USDT:USDT,0.01945,489220.0,0.01944,712253.0,0.01946,287265.0,0.01947,773864.0
1753504349148,04:32:29.148,ANIME/USDT:USDT,0.01945,500605.0,0.01944,712253.0,0.01946,287265.0,0.01947,773864.0
1753504349268,04:32:29.268,ANIME/USDT:USDT,0.01945,500605.0,0.01944,712253.0,0.01946,287265.0,0.01947,773864.0
1753504349423,04:32:29.423,ANIME/USDT:USDT,0.01945,489220.0,0.01944,712253.0,0.01946,287265.0,0.01947,773864.0
1753504349712,04:32:29.712,ANIME/USDT:USDT,0.01945,482555.0,0.01944,712253.0,0.01946,287265.0,0.01947,773864.0
1753504349902,04:32:29.902,ANIME/USDT:USDT,0.01945,482555.0,0.01944,712253.0,0.01946,287265.0,0.01947,773864.0
1753504350166,04:32:30.166,ANIME/USDT:USDT,0.01945,489220.0,0.01944,712253.0,0.01946,287258.0,0.01947,773864.0
1753504350429,04:32:30.429,ANIME/USDT:USDT,0.01945,500605.0,0.01944,712253.0,0.01946,287258.0,0.01947,773864.0
1753504350998,04:32:30.998,ANIME/USDT:USDT,0.01945,500605.0,0.01944,712253.0,0.01946,287258.0,0.01947,773864.0
1753504351112,04:32:31.112,ANIME/USDT:USDT,0.01945,489220.0,0.01944,712253.0,0.01946,287258.0,0.01947,773864.0
1753504351234,04:32:31.234,ANIME/USDT:USDT,0.01945,500605.0,0.01944,712253.0,0.01946,287258.0,0.01947,768552.0
1753504351550,04:32:31.550,ANIME/USDT:USDT,0.01945,500605.0,0.01944,712253.0,0.01946,287258.0,0.01947,768552.0
1753504351846,04:32:31.846,ANIME/USDT:USDT,0.01945,498535.0,0.01944,712253.0,0.01946,287258.0,0.01947,819817.0
1753504351951,04:32:31.951,ANIME/USDT:USDT,0.01945,487150.0,0.01944,712253.0,0.01946,287258.0,0.01947,768552.0
1753504352053,04:32:32.053,ANIME/USDT:USDT,0.01945,498535.0,0.01944,712253.0,0.01946,287258.0,0.01947,768552.0
1753504352448,04:32:32.448,ANIME/USDT:USDT,0.01945,487150.0,0.01944,712253.0,0.01946,288858.0,0.01947,768552.0
1753504352549,04:32:32.549,ANIME/USDT:USDT,0.01945,498535.0,0.01944,712253.0,0.01946,288858.0,0.01947,768552.0
1753504352654,04:32:32.654,ANIME/USDT:USDT,0.01945,498535.0,0.01944,712253.0,0.01946,288858.0,0.01947,819817.0
1753504352862,04:32:32.862,ANIME/USDT:USDT,0.01945,498535.0,0.01944,712253.0,0.01946,287258.0,0.01947,768552.0
1753504352977,04:32:32.977,ANIME/USDT:USDT,0.01945,498535.0,0.01944,712253.0,0.01946,287258.0,0.01947,768552.0
1753504353091,04:32:33.091,ANIME/USDT:USDT,0.01945,498535.0,0.01944,712253.0,0.01946,275873.0,0.01947,819817.0
1753504353198,04:32:33.198,ANIME/USDT:USDT,0.01945,498535.0,0.01944,712253.0,0.01946,275873.0,0.01947,819817.0
1753504353366,04:32:33.366,ANIME/USDT:USDT,0.01945,498535.0,0.01944,712253.0,0.01946,275873.0,0.01947,819817.0
1753504353579,04:32:33.579,ANIME/USDT:USDT,0.01945,507421.0,0.01944,712253.0,0.01946,275873.0,0.01947,819817.0
1753504353686,04:32:33.686,ANIME/USDT:USDT,0.01945,518806.0,0.01944,712253.0,0.01946,275873.0,0.01947,819817.0
1753504353787,04:32:33.787,ANIME/USDT:USDT,0.01945,518806.0,0.01944,712253.0,0.01946,275873.0,0.01947,819817.0
1753504353895,04:32:33.895,ANIME/USDT:USDT,0.01945,518806.0,0.01944,712253.0,0.01946,275873.0,0.01947,819817.0
1753504354019,04:32:34.019,ANIME/USDT:USDT,0.01945,523655.0,0.01944,712253.0,0.01946,275873.0,0.01947,768552.0
1753504354155,04:32:34.155,ANIME/USDT:USDT,0.01945,523655.0,0.01944,712253.0,0.01946,275873.0,0.01947,819817.0
1753504354258,04:32:34.258,ANIME/USDT:USDT,0.01945,512270.0,0.01944,712253.0,0.01946,287258.0,0.01947,819817.0
1753504354360,04:32:34.360,ANIME/USDT:USDT,0.01945,512270.0,0.01944,712253.0,0.01946,287258.0,0.01947,819817.0
1753504354467,04:32:34.467,ANIME/USDT:USDT,0.01945,505605.0,0.01944,712253.0,0.01946,287258.0,0.01947,819817.0
1753504354669,04:32:34.669,ANIME/USDT:USDT,0.01945,523655.0,0.01944,712253.0,0.01946,287258.0,0.01947,768552.0
1753504354790,04:32:34.790,ANIME/USDT:USDT,0.01945,523655.0,0.01944,712253.0,0.01946,287258.0,0.01947,819817.0
1753504354902,04:32:34.902,ANIME/USDT:USDT,0.01945,523655.0,0.01944,712253.0,0.01946,287258.0,0.01947,819817.0
1753504355158,04:32:35.158,ANIME/USDT:USDT,0.01945,523655.0,0.01944,712253.0,0.01946,287258.0,0.01947,819817.0
1753504355302,04:32:35.302,ANIME/USDT:USDT,0.01945,523655.0,0.01944,712253.0,0.01946,287258.0,0.01947,819817.0
1753504355458,04:32:35.458,ANIME/USDT:USDT,0.01945,523655.0,0.01944,712253.0,0.01946,287258.0,0.01947,819817.0
1753504355623,04:32:35.623,ANIME/USDT:USDT,0.01945,523655.0,0.01944,712253.0,0.01946,287278.0,0.01947,819817.0
1753504355819,04:32:35.819,ANIME/USDT:USDT,0.01945,512270.0,0.01944,712253.0,0.01946,287278.0,0.01947,819817.0
1753504355958,04:32:35.958,ANIME/USDT:USDT,0.01945,512270.0,0.01944,712253.0,0.01946,287278.0,0.01947,819817.0
1753504356060,04:32:36.060,ANIME/USDT:USDT,0.01945,523655.0,0.01944,712253.0,0.01946,287278.0,0.01947,759924.0
1753504356314,04:32:36.314,ANIME/USDT:USDT,0.01945,505605.0,0.01944,712253.0,0.01946,288881.0,0.01947,759924.0
1753504356440,04:32:36.440,ANIME/USDT:USDT,0.01945,523655.0,0.01944,712253.0,0.01946,288881.0,0.01947,759924.0
1753504356556,04:32:36.556,ANIME/USDT:USDT,0.01945,529645.0,0.01944,712253.0,0.01946,277496.0,0.01947,759924.0
1753504356663,04:32:36.663,ANIME/USDT:USDT,0.01946,170192.0,0.01945,935709.0,0.01947,316020.0,0.01948,537908.0
1753504356770,04:32:36.770,ANIME/USDT:USDT,0.01946,154101.0,0.01945,935709.0,0.01947,273109.0,0.01948,565873.0
1753504356891,04:32:36.891,ANIME/USDT:USDT,0.01946,136912.0,0.01945,874392.0,0.01947,273109.0,0.01948,565873.0
1753504356994,04:32:36.994,ANIME/USDT:USDT,0.01946,136912.0,0.01945,839019.0,0.01947,393109.0,0.01948,571010.0
1753504357118,04:32:37.118,ANIME/USDT:USDT,0.01946,136912.0,0.01945,839019.0,0.01947,273109.0,0.01948,626507.0
1753504357488,04:32:37.488,ANIME/USDT:USDT,0.01946,136912.0,0.01945,839019.0,0.01947,273109.0,0.01948,634101.0
1753504357616,04:32:37.616,ANIME/USDT:USDT,0.01946,136912.0,0.01945,833882.0,0.01947,273109.0,0.01948,639231.0
1753504357726,04:32:37.726,ANIME/USDT:USDT,0.01946,136912.0,0.01945,833882.0,0.01947,273109.0,0.01948,644368.0
1753504357894,04:32:37.894,ANIME/USDT:USDT,0.01946,136912.0,0.01945,833882.0,0.01947,273109.0,0.01948,644368.0
1753504358102,04:32:38.102,ANIME/USDT:USDT,0.01946,136912.0,0.01945,833882.0,0.01947,273109.0,0.01948,583741.0
1753504358298,04:32:38.298,ANIME/USDT:USDT,0.01946,136912.0,0.01945,839019.0,0.01947,273109.0,0.01948,639238.0
1753504358404,04:32:38.404,ANIME/USDT:USDT,0.01946,136912.0,0.01945,839019.0,0.01947,273109.0,0.01948,636774.0
1753504358507,04:32:38.507,ANIME/USDT:USDT,0.01946,136912.0,0.01945,839019.0,0.01947,273109.0,0.01948,581277.0
1753504358608,04:32:38.608,ANIME/USDT:USDT,0.01946,136912.0,0.01945,839019.0,0.01947,273109.0,0.01948,576140.0
1753504358780,04:32:38.780,ANIME/USDT:USDT,0.01946,136912.0,0.01945,839019.0,0.01947,273109.0,0.01948,631637.0
1753504358978,04:32:38.978,ANIME/USDT:USDT,0.01946,154962.0,0.01945,839019.0,0.01947,273109.0,0.01948,631637.0
1753504359191,04:32:39.191,ANIME/USDT:USDT,0.01946,143577.0,0.01945,839019.0,0.01947,273109.0,0.01948,631637.0
1753504359300,04:32:39.300,ANIME/USDT:USDT,0.01946,157106.0,0.01945,836949.0,0.01947,273109.0,0.01948,631331.0
1753504359402,04:32:39.402,ANIME/USDT:USDT,0.01946,145721.0,0.01945,836949.0,0.01947,275679.0,0.01948,631331.0
1753504359825,04:32:39.825,ANIME/USDT:USDT,0.01946,145721.0,0.01945,831812.0,0.01947,275679.0,0.01948,631331.0
1753504360002,04:32:40.002,ANIME/USDT:USDT,0.01946,145721.0,0.01945,831812.0,0.01947,287064.0,0.01948,631331.0
1753504360165,04:32:40.165,ANIME/USDT:USDT,0.01946,145721.0,0.01945,831812.0,0.01947,287064.0,0.01948,575834.0
1753504360350,04:32:40.350,ANIME/USDT:USDT,0.01946,157106.0,0.01945,867712.0,0.01947,275679.0,0.01948,622157.0
1753504360468,04:32:40.468,ANIME/USDT:USDT,0.01946,157106.0,0.01945,867712.0,0.01947,275679.0,0.01948,622157.0
1753504360576,04:32:40.576,ANIME/USDT:USDT,0.01946,166435.0,0.01945,858356.0,0.01947,275679.0,0.01948,622157.0
1753504360989,04:32:40.989,ANIME/USDT:USDT,0.01946,148385.0,0.01945,822456.0,0.01947,287064.0,0.01948,627225.0
1753504361102,04:32:41.102,ANIME/USDT:USDT,0.01946,148385.0,0.01945,822456.0,0.01947,287064.0,0.01948,627225.0
1753504361349,04:32:41.349,ANIME/USDT:USDT,0.01946,166435.0,0.01945,857718.0,0.01947,224305.0,0.01948,627225.0
1753504361456,04:32:41.456,ANIME/USDT:USDT,0.01946,166435.0,0.01945,857718.0,0.01947,224575.0,0.01948,622157.0
1753504361560,04:32:41.560,ANIME/USDT:USDT,0.01946,294341.0,0.01945,822456.0,0.01947,224575.0,0.01948,569392.0
1753504361698,04:32:41.698,ANIME/USDT:USDT,0.01946,294341.0,0.01945,822456.0,0.01947,224575.0,0.01948,569392.0
1753504361998,04:32:41.998,ANIME/USDT:USDT,0.01946,276291.0,0.01945,822456.0,0.01947,235960.0,0.01948,569392.0
1753504362102,04:32:42.102,ANIME/USDT:USDT,0.01946,276291.0,0.01945,822456.0,0.01947,235960.0,0.01948,569392.0
1753504362546,04:32:42.546,ANIME/USDT:USDT,0.01946,294341.0,0.01945,822456.0,0.01947,224575.0,0.01948,559125.0
1753504362648,04:32:42.648,ANIME/USDT:USDT,0.01946,294341.0,0.01945,822456.0,0.01947,235960.0,0.01948,614622.0
1753504362758,04:32:42.758,ANIME/USDT:USDT,0.01946,294341.0,0.01945,822456.0,0.01947,235960.0,0.01948,559125.0
1753504363168,04:32:43.168,ANIME/USDT:USDT,0.01946,294341.0,0.01945,827593.0,0.01947,224575.0,0.01948,559125.0
1753504363472,04:32:43.472,ANIME/USDT:USDT,0.01946,294341.0,0.01945,827593.0,0.01947,173201.0,0.01948,559125.0
1753504363602,04:32:43.602,ANIME/USDT:USDT,0.01946,294341.0,0.01945,827593.0,0.01947,173201.0,0.01948,559125.0
1753504363802,04:32:43.802,ANIME/USDT:USDT,0.01946,294341.0,0.01945,827593.0,0.01947,173201.0,0.01948,559125.0
1753504364202,04:32:44.202,ANIME/USDT:USDT,0.01946,294341.0,0.01945,827593.0,0.01947,184586.0,0.01948,559125.0
1753504364309,04:32:44.309,ANIME/USDT:USDT,0.01946,294341.0,0.01945,827593.0,0.01947,184227.0,0.01948,559125.0
1753504364454,04:32:44.454,ANIME/USDT:USDT,0.01946,282956.0,0.01945,822456.0,0.01947,172842.0,0.01948,559125.0
1753504364556,04:32:44.556,ANIME/USDT:USDT,0.01946,294341.0,0.01945,827593.0,0.01947,184227.0,0.01948,559125.0
1753504364696,04:32:44.696,ANIME/USDT:USDT,0.01946,294341.0,0.01945,827593.0,0.01947,172842.0,0.01948,559125.0
1753504364848,04:32:44.848,ANIME/USDT:USDT,0.01946,294341.0,0.01945,827593.0,0.01947,172842.0,0.01948,559484.0
1753504364956,04:32:44.956,ANIME/USDT:USDT,0.01946,294341.0,0.01945,827593.0,0.01947,184227.0,0.01948,559484.0
1753504365167,04:32:45.167,ANIME/USDT:USDT,0.01946,276291.0,0.01945,827593.0,0.01947,184227.0,0.01948,559484.0
1753504365272,04:32:45.272,ANIME/USDT:USDT,0.01946,293016.0,0.01945,827593.0,0.01947,172842.0,0.01948,534635.0
1753504365406,04:32:45.406,ANIME/USDT:USDT,0.01946,293016.0,0.01945,827593.0,0.01947,172842.0,0.01948,534635.0
1753504365514,04:32:45.514,ANIME/USDT:USDT,0.01946,293016.0,0.01945,827593.0,0.01947,172842.0,0.01948,534635.0
1753504365945,04:32:45.945,ANIME/USDT:USDT,0.01946,286351.0,0.01945,822456.0,0.01947,304227.0,0.01948,534635.0
1753504366048,04:32:46.048,ANIME/USDT:USDT,0.01946,286351.0,0.01945,827593.0,0.01947,184227.0,0.01948,590132.0
1753504366502,04:32:46.502,ANIME/USDT:USDT,0.01946,286351.0,0.01945,827593.0,0.01947,172842.0,0.01948,601911.0
1753504366639,04:32:46.639,ANIME/USDT:USDT,0.01946,193854.0,0.01945,822456.0,0.01947,184227.0,0.01948,601911.0
1753504366802,04:32:46.802,ANIME/USDT:USDT,0.01946,193854.0,0.01945,822456.0,0.01947,184227.0,0.01948,601911.0
1753504366934,04:32:46.934,ANIME/USDT:USDT,0.01946,193854.0,0.01945,822456.0,0.01947,304227.0,0.01948,551551.0
1753504367038,04:32:47.038,ANIME/USDT:USDT,0.01946,193854.0,0.01945,822456.0,0.01947,304227.0,0.01948,607058.0
1753504367289,04:32:47.289,ANIME/USDT:USDT,0.01946,187970.0,0.01945,822456.0,0.01947,304227.0,0.01948,612188.0
1753504367502,04:32:47.502,ANIME/USDT:USDT,0.01946,187970.0,0.01945,822456.0,0.01947,304227.0,0.01948,612188.0
1753504367674,04:32:47.674,ANIME/USDT:USDT,0.01946,188818.0,0.01945,822456.0,0.01947,309351.0,0.01948,612188.0
1753504367908,04:32:47.908,ANIME/USDT:USDT,0.01946,188818.0,0.01945,822456.0,0.01947,302613.0,0.01948,612188.0
1753504368168,04:32:48.168,ANIME/USDT:USDT,0.01946,188818.0,0.01945,822456.0,0.01947,302613.0,0.01948,556681.0
1753504368502,04:32:48.502,ANIME/USDT:USDT,0.01946,188818.0,0.01945,822456.0,0.01947,302613.0,0.01948,556681.0
1753504368688,04:32:48.688,ANIME/USDT:USDT,0.01946,200203.0,0.01945,822456.0,0.01947,171228.0,0.01948,556681.0
1753504368789,04:32:48.789,ANIME/USDT:USDT,0.01946,206868.0,0.01945,822456.0,0.01947,166104.0,0.01948,612188.0
1753504368898,04:32:48.898,ANIME/USDT:USDT,0.01946,206868.0,0.01945,822456.0,0.01947,166104.0,0.01948,556681.0
1753504369002,04:32:49.002,ANIME/USDT:USDT,0.01946,206868.0,0.01945,822456.0,0.01947,166104.0,0.01948,556681.0
1753504369141,04:32:49.141,ANIME/USDT:USDT,0.01946,200203.0,0.01945,822456.0,0.01947,177489.0,0.01948,556681.0
1753504369302,04:32:49.302,ANIME/USDT:USDT,0.01946,188818.0,0.01945,822456.0,0.01947,177489.0,0.01948,612188.0
1753504369554,04:32:49.554,ANIME/USDT:USDT,0.01946,188818.0,0.01945,822456.0,0.01947,177489.0,0.01948,601921.0
1753504369765,04:32:49.765,ANIME/USDT:USDT,0.01946,188818.0,0.01945,822456.0,0.01947,177489.0,0.01948,601921.0
1753504369900,04:32:49.900,ANIME/USDT:USDT,0.01946,189988.0,0.01945,822456.0,0.01947,177489.0,0.01948,601921.0
1753504370006,04:32:50.006,ANIME/USDT:USDT,0.01946,189988.0,0.01945,822456.0,0.01947,177489.0,0.01948,601921.0
1753504370302,04:32:50.302,ANIME/USDT:USDT,0.01946,197463.0,0.01945,822456.0,0.01947,166104.0,0.01948,546414.0
1753504370431,04:32:50.431,ANIME/USDT:USDT,0.01946,208848.0,0.01945,822456.0,0.01947,166104.0,0.01948,546414.0
1753504370541,04:32:50.541,ANIME/USDT:USDT,0.01946,190798.0,0.01945,822456.0,0.01947,177489.0,0.01948,546414.0
1753504370749,04:32:50.749,ANIME/USDT:USDT,0.01946,208848.0,0.01945,822456.0,0.01947,166104.0,0.01948,557378.0
1753504370850,04:32:50.850,ANIME/USDT:USDT,0.01946,208848.0,0.01945,822456.0,0.01947,166104.0,0.01948,557378.0
1753504370958,04:32:50.958,ANIME/USDT:USDT,0.01946,208848.0,0.01945,822456.0,0.01947,166104.0,0.01948,557378.0
1753504371168,04:32:51.168,ANIME/USDT:USDT,0.01946,190798.0,0.01945,822456.0,0.01947,166104.0,0.01948,612885.0
1753504371271,04:32:51.271,ANIME/USDT:USDT,0.01946,190798.0,0.01945,822456.0,0.01947,166374.0,0.01948,557378.0
1753504371402,04:32:51.402,ANIME/USDT:USDT,0.01946,190798.0,0.01945,822456.0,0.01947,177759.0,0.01948,612885.0
1753504371649,04:32:51.649,ANIME/USDT:USDT,0.01946,208848.0,0.01945,827593.0,0.01947,166374.0,0.01948,612885.0
1753504371998,04:32:51.998,ANIME/USDT:USDT,0.01946,208848.0,0.01945,827593.0,0.01947,150371.0,0.01948,612885.0
1753504372502,04:32:52.502,ANIME/USDT:USDT,0.01946,202183.0,0.01945,827593.0,0.01947,150371.0,0.01948,612885.0
1753504372608,04:32:52.608,ANIME/USDT:USDT,0.01946,208848.0,0.01945,827593.0,0.01947,150371.0,0.01948,612885.0
1753504372717,04:32:52.717,ANIME/USDT:USDT,0.01946,255007.0,0.01945,790899.0,0.01947,150371.0,0.01948,557378.0
1753504373041,04:32:53.041,ANIME/USDT:USDT,0.01946,255007.0,0.01945,790899.0,0.01947,150371.0,0.01948,557378.0
1753504373201,04:32:53.201,ANIME/USDT:USDT,0.01946,255007.0,0.01945,790899.0,0.01947,149547.0,0.01948,557378.0
1753504373589,04:32:53.589,ANIME/USDT:USDT,0.01946,255007.0,0.01945,790899.0,0.01947,149547.0,0.01948,557378.0
1753504373856,04:32:53.856,ANIME/USDT:USDT,0.01946,236957.0,0.01945,790899.0,0.01947,280932.0,0.01948,614417.0
1753504373993,04:32:53.993,ANIME/USDT:USDT,0.01946,243622.0,0.01945,790899.0,0.01947,280932.0,0.01948,614417.0
1753504374135,04:32:54.135,ANIME/USDT:USDT,0.01946,255007.0,0.01945,790899.0,0.01947,149547.0,0.01948,614417.0
1753504374238,04:32:54.238,ANIME/USDT:USDT,0.01946,255007.0,0.01945,790899.0,0.01947,149547.0,0.01948,614417.0
1753504374407,04:32:54.407,ANIME/USDT:USDT,0.01946,255007.0,0.01945,790899.0,0.01947,149547.0,0.01948,614417.0
1753504374565,04:32:54.565,ANIME/USDT:USDT,0.01946,255007.0,0.01945,790899.0,0.01947,149547.0,0.01948,614417.0
1753504374702,04:32:54.702,ANIME/USDT:USDT,0.01946,255007.0,0.01945,790899.0,0.01947,149547.0,0.01948,614417.0
1753504375165,04:32:55.165,ANIME/USDT:USDT,0.01946,255007.0,0.01945,790899.0,0.01947,149547.0,0.01948,557378.0
1753504375302,04:32:55.302,ANIME/USDT:USDT,0.01946,255007.0,0.01945,790899.0,0.01947,149547.0,0.01948,557378.0
1753504375531,04:32:55.531,ANIME/USDT:USDT,0.01946,255007.0,0.01945,790899.0,0.01947,149547.0,0.01948,557378.0
1753504375703,04:32:55.703,ANIME/USDT:USDT,0.01946,255007.0,0.01945,790899.0,0.01947,149547.0,0.01948,557378.0
1753504375809,04:32:55.809,ANIME/USDT:USDT,0.01946,255007.0,0.01945,790899.0,0.01947,149547.0,0.01948,557378.0
1753504375934,04:32:55.934,ANIME/USDT:USDT,0.01946,255007.0,0.01945,790899.0,0.01947,149547.0,0.01948,557378.0
1753504376047,04:32:56.047,ANIME/USDT:USDT,0.01946,255007.0,0.01945,790899.0,0.01947,147662.0,0.01948,557378.0
1753504376202,04:32:56.202,ANIME/USDT:USDT,0.01946,255007.0,0.01945,790899.0,0.01947,147662.0,0.01948,557378.0
1753504376338,04:32:56.338,ANIME/USDT:USDT,0.01946,255382.0,0.01945,826212.0,0.01947,147662.0,0.01948,557378.0
1753504376473,04:32:56.473,ANIME/USDT:USDT,0.01946,255382.0,0.01945,826212.0,0.01947,147662.0,0.01948,557378.0
1753504376575,04:32:56.575,ANIME/USDT:USDT,0.01946,255382.0,0.01945,826212.0,0.01947,147662.0,0.01948,557378.0
1753504376802,04:32:56.802,ANIME/USDT:USDT,0.01946,255382.0,0.01945,826212.0,0.01947,147662.0,0.01948,557378.0
1753504376939,04:32:56.939,ANIME/USDT:USDT,0.01946,243997.0,0.01945,826212.0,0.01947,147662.0,0.01948,600467.0
1753504377161,04:32:57.161,ANIME/USDT:USDT,0.01946,255382.0,0.01945,826212.0,0.01947,147662.0,0.01948,600467.0
1753504377358,04:32:57.358,ANIME/USDT:USDT,0.01946,255382.0,0.01945,826212.0,0.01947,147662.0,0.01948,618575.0
1753504377523,04:32:57.523,ANIME/USDT:USDT,0.01946,255382.0,0.01945,826212.0,0.01947,147662.0,0.01948,618575.0
1753504377702,04:32:57.702,ANIME/USDT:USDT,0.01946,255382.0,0.01945,826212.0,0.01947,147662.0,0.01948,618575.0
1753504377902,04:32:57.902,ANIME/USDT:USDT,0.01946,255382.0,0.01945,826212.0,0.01947,147662.0,0.01948,618575.0
1753504378204,04:32:58.204,ANIME/USDT:USDT,0.01946,243997.0,0.01945,826212.0,0.01947,159047.0,0.01948,618575.0
1753504378388,04:32:58.388,ANIME/USDT:USDT,0.01946,243997.0,0.01945,826212.0,0.01947,159047.0,0.01948,618575.0
1753504378502,04:32:58.502,ANIME/USDT:USDT,0.01946,243997.0,0.01945,826212.0,0.01947,159047.0,0.01948,618575.0
1753504378701,04:32:58.701,ANIME/USDT:USDT,0.01946,255382.0,0.01945,876506.0,0.01947,147662.0,0.01948,618575.0
1753504378858,04:32:58.858,ANIME/USDT:USDT,0.01946,255382.0,0.01945,876506.0,0.01947,147662.0,0.01948,618575.0
1753504378968,04:32:58.968,ANIME/USDT:USDT,0.01946,255382.0,0.01945,876506.0,0.01947,147662.0,0.01948,618575.0
1753504379349,04:32:59.349,ANIME/USDT:USDT,0.01946,255382.0,0.01945,876506.0,0.01947,147662.0,0.01948,618575.0
1753504379502,04:32:59.502,ANIME/USDT:USDT,0.01946,255382.0,0.01945,876506.0,0.01947,147662.0,0.01948,618575.0
1753504379902,04:32:59.902,ANIME/USDT:USDT,0.01946,255382.0,0.01945,876506.0,0.01947,147662.0,0.01948,618575.0
1753504380102,04:33:00.102,ANIME/USDT:USDT,0.01946,255382.0,0.01945,876506.0,0.01947,147662.0,0.01948,617930.0
1753504380239,04:33:00.239,ANIME/USDT:USDT,0.01946,255382.0,0.01945,876506.0,0.01947,147662.0,0.01948,617930.0
1753504380364,04:33:00.364,ANIME/USDT:USDT,0.01946,268650.0,0.01945,876506.0,0.01947,147662.0,0.01948,617930.0
1753504380469,04:33:00.469,ANIME/USDT:USDT,0.01946,268650.0,0.01945,876506.0,0.01947,147662.0,0.01948,617930.0
1753504380613,04:33:00.613,ANIME/USDT:USDT,0.01946,268650.0,0.01945,876506.0,0.01947,89734.0,0.01948,617930.0
1753504380724,04:33:00.724,ANIME/USDT:USDT,0.01946,268650.0,0.01945,876506.0,0.01947,89734.0,0.01948,611122.0
1753504380849,04:33:00.849,ANIME/USDT:USDT,0.01946,268650.0,0.01945,876506.0,0.01947,89734.0,0.01948,571378.0
1753504381000,04:33:01.000,ANIME/USDT:USDT,0.01946,250600.0,0.01945,876506.0,0.01947,101119.0,0.01948,571378.0
1753504381106,04:33:01.106,ANIME/USDT:USDT,0.01946,250600.0,0.01945,876506.0,0.01947,101119.0,0.01948,571378.0
1753504381236,04:33:01.236,ANIME/USDT:USDT,0.01946,268650.0,0.01945,876506.0,0.01947,67167.0,0.01948,590463.0
1753504381384,04:33:01.384,ANIME/USDT:USDT,0.01946,268650.0,0.01945,881643.0,0.01947,68015.0,0.01948,590463.0
1753504381502,04:33:01.502,ANIME/USDT:USDT,0.01946,268650.0,0.01945,881643.0,0.01947,68015.0,0.01948,590463.0
1753504381650,04:33:01.650,ANIME/USDT:USDT,0.01946,278924.0,0.01945,881643.0,0.01947,68015.0,0.01948,590463.0
1753504381890,04:33:01.890,ANIME/USDT:USDT,0.01946,278924.0,0.01945,881643.0,0.01947,68015.0,0.01948,604599.0
1753504382002,04:33:02.002,ANIME/USDT:USDT,0.01946,278924.0,0.01945,881643.0,0.01947,68015.0,0.01948,604599.0
1753504382202,04:33:02.202,ANIME/USDT:USDT,0.01946,278924.0,0.01945,881643.0,0.01947,68015.0,0.01948,604599.0
1753504382463,04:33:02.463,ANIME/USDT:USDT,0.01946,278924.0,0.01945,881643.0,0.01947,68015.0,0.01948,604599.0
1753504382602,04:33:02.602,ANIME/USDT:USDT,0.01946,278924.0,0.01945,881643.0,0.01947,68015.0,0.01948,604599.0
1753504382728,04:33:02.728,ANIME/USDT:USDT,0.01946,278924.0,0.01945,881643.0,0.01947,68015.0,0.01948,604599.0
1753504383057,04:33:03.057,ANIME/USDT:USDT,0.01946,278924.0,0.01945,974046.0,0.01947,68015.0,0.01948,638989.0
1753504383202,04:33:03.202,ANIME/USDT:USDT,0.01946,278217.0,0.01945,974046.0,0.01947,68015.0,0.01948,638989.0
1753504383303,04:33:03.303,ANIME/USDT:USDT,0.01946,260167.0,0.01945,974046.0,0.01947,140226.0,0.01948,638989.0
1753504383440,04:33:03.440,ANIME/USDT:USDT,0.01946,260167.0,0.01945,974046.0,0.01947,140226.0,0.01948,638989.0
1753504383619,04:33:03.619,ANIME/USDT:USDT,0.01946,255030.0,0.01945,974046.0,0.01947,140226.0,0.01948,638989.0
1753504383755,04:33:03.755,ANIME/USDT:USDT,0.01946,273080.0,0.01945,974046.0,0.01947,128841.0,0.01948,638989.0
1753504384042,04:33:04.042,ANIME/USDT:USDT,0.01946,273080.0,0.01945,974046.0,0.01947,128841.0,0.01948,638989.0
1753504384150,04:33:04.150,ANIME/USDT:USDT,0.01946,273080.0,0.01945,974046.0,0.01947,140226.0,0.01948,696531.0
1753504384279,04:33:04.279,ANIME/USDT:USDT,0.01946,273080.0,0.01945,974046.0,0.01947,140226.0,0.01948,696531.0
1753504384388,04:33:04.388,ANIME/USDT:USDT,0.01946,273181.0,0.01945,974046.0,0.01947,128841.0,0.01948,638989.0
1753504384504,04:33:04.504,ANIME/USDT:USDT,0.01946,274029.0,0.01945,974046.0,0.01947,128841.0,0.01948,638989.0
1753504384642,04:33:04.642,ANIME/USDT:USDT,0.01946,252618.0,0.01945,968909.0,0.01947,260226.0,0.01948,638989.0
1753504384748,04:33:04.748,ANIME/USDT:USDT,0.01946,252618.0,0.01945,968909.0,0.01947,260226.0,0.01948,638989.0
1753504385020,04:33:05.020,ANIME/USDT:USDT,0.01946,252618.0,0.01945,968909.0,0.01947,260226.0,0.01948,638989.0
1753504385132,04:33:05.132,ANIME/USDT:USDT,0.01946,252618.0,0.01945,968909.0,0.01947,260226.0,0.01948,685231.0
1753504385288,04:33:05.288,ANIME/USDT:USDT,0.01946,252618.0,0.01945,968909.0,0.01947,260226.0,0.01948,685231.0
1753504385428,04:33:05.428,ANIME/USDT:USDT,0.01946,270668.0,0.01945,968909.0,0.01947,248841.0,0.01948,627689.0
1753504385535,04:33:05.535,ANIME/USDT:USDT,0.01946,270668.0,0.01945,968909.0,0.01947,128841.0,0.01948,627689.0
1753504385752,04:33:05.752,ANIME/USDT:USDT,0.01946,270668.0,0.01945,968909.0,0.01947,128841.0,0.01948,627689.0
1753504385882,04:33:05.882,ANIME/USDT:USDT,0.01946,269498.0,0.01945,968909.0,0.01947,128841.0,0.01948,627689.0
1753504386141,04:33:06.141,ANIME/USDT:USDT,0.01946,269498.0,0.01945,968909.0,0.01947,128841.0,0.01948,627689.0
1753504386302,04:33:06.302,ANIME/USDT:USDT,0.01946,269498.0,0.01945,968909.0,0.01947,128841.0,0.01948,627689.0
1753504386612,04:33:06.612,ANIME/USDT:USDT,0.01946,269498.0,0.01945,968909.0,0.01947,128841.0,0.01948,581969.0
1753504386802,04:33:06.802,ANIME/USDT:USDT,0.01946,269498.0,0.01945,968909.0,0.01947,128841.0,0.01948,581969.0
1753504387239,04:33:07.239,ANIME/USDT:USDT,0.01946,251448.0,0.01945,968909.0,0.01947,140226.0,0.01948,581969.0
1753504387381,04:33:07.381,ANIME/USDT:USDT,0.01946,251627.0,0.01945,968909.0,0.01947,140226.0,0.01948,581969.0
1753504387489,04:33:07.489,ANIME/USDT:USDT,0.01946,269677.0,0.01945,968909.0,0.01947,128841.0,0.01948,581969.0
1753504387700,04:33:07.700,ANIME/USDT:USDT,0.01946,251627.0,0.01945,968909.0,0.01947,260226.0,0.01948,581969.0
1753504387878,04:33:07.878,ANIME/USDT:USDT,0.01946,258292.0,0.01945,968909.0,0.01947,260226.0,0.01948,581969.0
1753504388129,04:33:08.129,ANIME/USDT:USDT,0.01946,258292.0,0.01945,968909.0,0.01947,260226.0,0.01948,639511.0
1753504388302,04:33:08.302,ANIME/USDT:USDT,0.01946,258292.0,0.01945,968909.0,0.01947,260226.0,0.01948,581969.0
1753504388418,04:33:08.418,ANIME/USDT:USDT,0.01946,269677.0,0.01945,968909.0,0.01947,128841.0,0.01948,581969.0
1753504388702,04:33:08.702,ANIME/USDT:USDT,0.01946,269677.0,0.01945,968909.0,0.01947,140226.0,0.01948,581969.0
1753504388819,04:33:08.819,ANIME/USDT:USDT,0.01946,269677.0,0.01945,968909.0,0.01947,140226.0,0.01948,581969.0
1753504388966,04:33:08.966,ANIME/USDT:USDT,0.01946,269677.0,0.01945,968909.0,0.01947,140226.0,0.01948,581969.0
1753504389096,04:33:09.096,ANIME/USDT:USDT,0.01946,258292.0,0.01945,968909.0,0.01947,140226.0,0.01948,581969.0
1753504389218,04:33:09.218,ANIME/USDT:USDT,0.01946,269677.0,0.01945,968909.0,0.01947,140226.0,0.01948,581969.0
1753504389745,04:33:09.745,ANIME/USDT:USDT,0.01946,269677.0,0.01945,968909.0,0.01947,128841.0,0.01948,562884.0
1753504389848,04:33:09.848,ANIME/USDT:USDT,0.01946,251627.0,0.01945,968909.0,0.01947,140226.0,0.01948,635895.0
1753504390269,04:33:10.269,ANIME/USDT:USDT,0.01946,269677.0,0.01945,968909.0,0.01947,140226.0,0.01948,546496.0
1753504390439,04:33:10.439,ANIME/USDT:USDT,0.01946,251627.0,0.01945,968909.0,0.01947,140226.0,0.01948,619507.0
1753504390667,04:33:10.667,ANIME/USDT:USDT,0.01946,251627.0,0.01945,968909.0,0.01947,260226.0,0.01948,677049.0
1753504390822,04:33:10.822,ANIME/USDT:USDT,0.01946,251627.0,0.01945,968909.0,0.01947,260226.0,0.01948,677049.0
1753504391102,04:33:11.102,ANIME/USDT:USDT,0.01946,251627.0,0.01945,968909.0,0.01947,260226.0,0.01948,619507.0
1753504391302,04:33:11.302,ANIME/USDT:USDT,0.01946,251627.0,0.01945,968909.0,0.01947,260226.0,0.01948,619507.0
1753504391481,04:33:11.481,ANIME/USDT:USDT,0.01946,251897.0,0.01945,968909.0,0.01947,140439.0,0.01948,619507.0
1753504391598,04:33:11.598,ANIME/USDT:USDT,0.01946,258562.0,0.01945,968909.0,0.01947,129054.0,0.01948,619507.0
1753504391847,04:33:11.847,ANIME/USDT:USDT,0.01946,269947.0,0.01945,968909.0,0.01947,129054.0,0.01948,619507.0
1753504391950,04:33:11.950,ANIME/USDT:USDT,0.01946,269947.0,0.01945,968909.0,0.01947,129054.0,0.01948,619507.0
1753504392140,04:33:12.140,ANIME/USDT:USDT,0.01946,269947.0,0.01945,968909.0,0.01947,68228.0,0.01948,619507.0
1753504392398,04:33:12.398,ANIME/USDT:USDT,0.01946,269947.0,0.01945,968909.0,0.01947,68228.0,0.01948,619507.0
1753504392502,04:33:12.502,ANIME/USDT:USDT,0.01946,269947.0,0.01945,968909.0,0.01947,68228.0,0.01948,619507.0
1753504392638,04:33:12.638,ANIME/USDT:USDT,0.01946,269947.0,0.01945,968909.0,0.01947,68228.0,0.01948,619507.0
1753504393002,04:33:13.002,ANIME/USDT:USDT,0.01946,269947.0,0.01945,968909.0,0.01947,68228.0,0.01948,619507.0
1753504393198,04:33:13.198,ANIME/USDT:USDT,0.01946,269947.0,0.01945,968909.0,0.01947,68228.0,0.01948,619507.0
1753504393379,04:33:13.379,ANIME/USDT:USDT,0.01946,269947.0,0.01945,968909.0,0.01947,68228.0,0.01948,619507.0
1753504393602,04:33:13.602,ANIME/USDT:USDT,0.01946,269947.0,0.01945,968909.0,0.01947,68228.0,0.01948,619507.0
1753504393766,04:33:13.766,ANIME/USDT:USDT,0.01946,269947.0,0.01945,968909.0,0.01947,68228.0,0.01948,619507.0
1753504394035,04:33:14.035,ANIME/USDT:USDT,0.01946,269947.0,0.01945,968909.0,0.01947,68228.0,0.01948,619507.0
1753504394202,04:33:14.202,ANIME/USDT:USDT,0.01946,269947.0,0.01945,968909.0,0.01947,68228.0,0.01948,619507.0
1753504394401,04:33:14.401,ANIME/USDT:USDT,0.01946,269947.0,0.01945,968909.0,0.01947,68228.0,0.01948,619507.0
1753504394555,04:33:14.555,ANIME/USDT:USDT,0.01946,269947.0,0.01945,968909.0,0.01947,141239.0,0.01948,546496.0
1753504394708,04:33:14.708,ANIME/USDT:USDT,0.01946,269947.0,0.01945,968909.0,0.01947,141239.0,0.01948,546496.0
1753504394902,04:33:14.902,ANIME/USDT:USDT,0.01946,269947.0,0.01945,968909.0,0.01947,141239.0,0.01948,546496.0
1753504395051,04:33:15.051,ANIME/USDT:USDT,0.01946,269947.0,0.01945,968909.0,0.01947,152624.0,0.01948,546496.0
1753504395218,04:33:15.218,ANIME/USDT:USDT,0.01946,269947.0,0.01945,968909.0,0.01947,141239.0,0.01948,546496.0
1753504395320,04:33:15.320,ANIME/USDT:USDT,0.01946,269947.0,0.01945,1008909.0,0.01947,142347.0,0.01948,546496.0
1753504395447,04:33:15.447,ANIME/USDT:USDT,0.01946,258562.0,0.01945,1008909.0,0.01947,142347.0,0.01948,546496.0
1753504395552,04:33:15.552,ANIME/USDT:USDT,0.01946,258562.0,0.01945,1008909.0,0.01947,130962.0,0.01948,604034.0
1753504395658,04:33:15.658,ANIME/USDT:USDT,0.01946,269947.0,0.01945,1008909.0,0.01947,130962.0,0.01948,604034.0
1753504395765,04:33:15.765,ANIME/USDT:USDT,0.01946,269947.0,0.01945,1008909.0,0.01947,130962.0,0.01948,604034.0
1753504395917,04:33:15.917,ANIME/USDT:USDT,0.01946,269947.0,0.01945,1008909.0,0.01947,138657.0,0.01948,604034.0
1753504396028,04:33:16.028,ANIME/USDT:USDT,0.01946,269947.0,0.01945,1008909.0,0.01947,138657.0,0.01948,546496.0
1753504396202,04:33:16.202,ANIME/USDT:USDT,0.01946,269947.0,0.01945,1008909.0,0.01947,127272.0,0.01948,546496.0
1753504396329,04:33:16.329,ANIME/USDT:USDT,0.01946,269947.0,0.01945,1008909.0,0.01947,127272.0,0.01948,546496.0
1753504396702,04:33:16.702,ANIME/USDT:USDT,0.01946,269947.0,0.01945,1008909.0,0.01947,127272.0,0.01948,546496.0
1753504396819,04:33:16.819,ANIME/USDT:USDT,0.01946,269947.0,0.01945,1008909.0,0.01947,127272.0,0.01948,546496.0
1753504396950,04:33:16.950,ANIME/USDT:USDT,0.01946,269947.0,0.01945,1008909.0,0.01947,127272.0,0.01948,546496.0
1753504397135,04:33:17.135,ANIME/USDT:USDT,0.01946,275084.0,0.01945,1008909.0,0.01947,127272.0,0.01948,546496.0
1753504397301,04:33:17.301,ANIME/USDT:USDT,0.01946,275084.0,0.01945,1008909.0,0.01947,127272.0,0.01948,546496.0
1753504397419,04:33:17.419,ANIME/USDT:USDT,0.01946,275084.0,0.01945,1008909.0,0.01947,138657.0,0.01948,546496.0
1753504397589,04:33:17.589,ANIME/USDT:USDT,0.01946,275084.0,0.01945,1008909.0,0.01947,138387.0,0.01948,546496.0
1753504397728,04:33:17.728,ANIME/USDT:USDT,0.01946,275084.0,0.01945,1014572.0,0.01947,127002.0,0.01948,604034.0
1753504397850,04:33:17.850,ANIME/USDT:USDT,0.01946,275084.0,0.01945,1014572.0,0.01947,127002.0,0.01948,546496.0
1753504398188,04:33:18.188,ANIME/USDT:USDT,0.01946,275084.0,0.01945,1014572.0,0.01947,127002.0,0.01948,546496.0
1753504398402,04:33:18.402,ANIME/USDT:USDT,0.01946,275084.0,0.01945,1019709.0,0.01947,127002.0,0.01948,546496.0
1753504398558,04:33:18.558,ANIME/USDT:USDT,0.01946,275084.0,0.01945,1019709.0,0.01947,127002.0,0.01948,546496.0
1753504398988,04:33:18.988,ANIME/USDT:USDT,0.01946,275084.0,0.01945,1019709.0,0.01947,127002.0,0.01948,546496.0
1753504399102,04:33:19.102,ANIME/USDT:USDT,0.01946,275084.0,0.01945,1019709.0,0.01947,127002.0,0.01948,546496.0
1753504399528,04:33:19.528,ANIME/USDT:USDT,0.01946,275084.0,0.01945,1019709.0,0.01947,127002.0,0.01948,546496.0
1753504399658,04:33:19.658,ANIME/USDT:USDT,0.01946,275084.0,0.01945,1019709.0,0.01947,127002.0,0.01948,546496.0
1753504399883,04:33:19.883,ANIME/USDT:USDT,0.01946,263699.0,0.01945,1019709.0,0.01947,128372.0,0.01948,546496.0
1753504400058,04:33:20.058,ANIME/USDT:USDT,0.01946,263699.0,0.01945,1019709.0,0.01947,139757.0,0.01948,546496.0
1753504400188,04:33:20.188,ANIME/USDT:USDT,0.01946,263699.0,0.01945,1019709.0,0.01947,139757.0,0.01948,546496.0
1753504400306,04:33:20.306,ANIME/USDT:USDT,0.01946,425275.0,0.01945,885674.0,0.01947,128372.0,0.01948,546496.0
