timestamp,time,symbol,bid1_price,bid1_volume,bid2_price,bid2_volume,ask1_price,ask1_volume,ask2_price,ask2_volume
1753503304597,04:15:04.597,ALGO/USDT:USDT,0.27,5.9,0.2699,107185.1,0.2701,47266.9,0.2702,149227.2
1753503305097,04:15:05.097,ALGO/USDT:USDT,0.27,5.9,0.2699,107185.1,0.2701,48308.1,0.2702,155135.1
1753503305397,04:15:05.397,ALGO/USDT:USDT,0.27,5.9,0.2699,103383.5,0.2701,48308.1,0.2702,155135.1
1753503305596,04:15:05.596,ALGO/USDT:USDT,0.27,5.9,0.2699,103383.5,0.2701,48678.4,0.2702,154771.2
1753503305698,04:15:05.698,ALGO/USDT:USDT,0.27,19134.3,0.2699,128556.0,0.2701,25720.4,0.2702,70430.5
1753503305797,04:15:05.797,ALGO/USDT:USDT,0.27,19134.3,0.2699,134339.1,0.2701,25720.4,0.2702,85800.5
1753503305897,04:15:05.897,ALGO/USDT:USDT,0.27,19134.3,0.2699,134339.1,0.2701,32884.6,0.2702,89256.7
1753503305996,04:15:05.996,ALGO/USDT:USDT,0.27,19134.3,0.2699,134339.1,0.2701,32884.6,0.2702,89256.7
1753503306198,04:15:06.198,ALGO/USDT:USDT,0.27,19134.3,0.2699,134339.1,0.2701,32884.6,0.2702,89256.7
1753503306297,04:15:06.297,ALGO/USDT:USDT,0.27,19134.3,0.2699,134339.1,0.2701,32896.4,0.2702,89256.7
1753503306397,04:15:06.397,ALGO/USDT:USDT,0.27,19134.3,0.2699,134339.1,0.2701,32896.4,0.2702,89256.6
1753503306497,04:15:06.497,ALGO/USDT:USDT,0.27,19134.3,0.2699,134339.1,0.2701,32896.4,0.2702,88149.3
1753503306797,04:15:06.797,ALGO/USDT:USDT,0.27,19134.3,0.2699,123664.2,0.2701,32896.4,0.2702,88149.3
1753503306897,04:15:06.897,ALGO/USDT:USDT,0.27,19134.3,0.2699,123664.2,0.2701,32896.4,0.2702,88149.3
1753503306997,04:15:06.997,ALGO/USDT:USDT,0.27,19134.3,0.2699,123664.2,0.2701,32896.4,0.2702,88149.3
1753503307097,04:15:07.097,ALGO/USDT:USDT,0.27,19134.3,0.2699,123664.2,0.2701,32896.4,0.2702,88149.3
1753503307397,04:15:07.397,ALGO/USDT:USDT,0.27,19134.3,0.2699,109872.5,0.2701,32896.4,0.2702,88149.3
1753503307697,04:15:07.697,ALGO/USDT:USDT,0.2701,20097.8,0.27,149459.5,0.2702,28268.6,0.2703,48412.5
1753503307797,04:15:07.797,ALGO/USDT:USDT,0.2701,22200.6,0.27,159464.2,0.2702,12268.6,0.2703,54399.9
1753503307897,04:15:07.897,ALGO/USDT:USDT,0.2701,70039.9,0.27,147729.3,0.2702,12268.6,0.2703,52927.7
1753503307997,04:15:07.997,ALGO/USDT:USDT,0.2701,79039.9,0.27,147729.3,0.2702,12268.6,0.2703,73114.8
1753503308100,04:15:08.100,ALGO/USDT:USDT,0.2701,35609.1,0.27,145820.5,0.2702,12268.6,0.2703,73114.8
1753503308398,04:15:08.398,ALGO/USDT:USDT,0.2701,35609.1,0.27,145820.5,0.2702,12268.6,0.2703,73114.8
1753503308497,04:15:08.497,ALGO/USDT:USDT,0.2701,31276.3,0.27,145820.5,0.2702,16895.6,0.2703,73114.8
1753503308598,04:15:08.598,ALGO/USDT:USDT,0.2701,29028.5,0.27,145820.5,0.2702,24059.8,0.2703,96150.9
1753503308697,04:15:08.697,ALGO/USDT:USDT,0.2701,29028.5,0.27,145820.5,0.2702,24059.8,0.2703,96150.9
1753503308797,04:15:08.797,ALGO/USDT:USDT,0.2701,29028.5,0.27,145820.5,0.2702,24059.8,0.2703,96150.9
1753503308897,04:15:08.897,ALGO/USDT:USDT,0.2701,29028.5,0.27,145820.5,0.2702,24059.8,0.2703,96150.9
1753503308997,04:15:08.997,ALGO/USDT:USDT,0.2701,36028.5,0.27,145820.5,0.2702,24059.8,0.2703,96150.9
1753503309097,04:15:09.097,ALGO/USDT:USDT,0.2701,35952.8,0.27,145820.5,0.2702,24072.0,0.2703,96150.9
1753503309197,04:15:09.197,ALGO/USDT:USDT,0.2701,35952.8,0.27,145820.5,0.2702,24072.0,0.2703,96150.9
1753503309297,04:15:09.297,ALGO/USDT:USDT,0.2701,35952.8,0.27,145820.5,0.2702,24072.0,0.2703,96150.9
1753503309397,04:15:09.397,ALGO/USDT:USDT,0.2701,19152.8,0.27,138800.7,0.2702,25337.6,0.2703,100863.5
1753503309497,04:15:09.497,ALGO/USDT:USDT,0.2701,19727.9,0.27,143000.3,0.2702,9720.4,0.2703,53890.9
1753503309597,04:15:09.597,ALGO/USDT:USDT,0.2701,19952.8,0.27,141724.4,0.2702,29547.4,0.2703,87561.8
1753503309697,04:15:09.697,ALGO/USDT:USDT,0.2701,20024.0,0.27,141724.4,0.2702,29547.4,0.2703,87561.8
1753503309797,04:15:09.797,ALGO/USDT:USDT,0.2701,20024.0,0.27,141724.4,0.2702,29547.4,0.2703,87561.8
1753503309897,04:15:09.897,ALGO/USDT:USDT,0.2701,20024.0,0.27,141724.4,0.2702,29547.4,0.2703,87561.8
1753503310099,04:15:10.099,ALGO/USDT:USDT,0.2701,20099.7,0.27,141724.4,0.2702,29547.4,0.2703,87561.8
1753503310197,04:15:10.197,ALGO/USDT:USDT,0.2701,20099.7,0.27,141724.4,0.2702,29547.4,0.2703,87561.8
1753503310297,04:15:10.297,ALGO/USDT:USDT,0.2701,20099.7,0.27,148117.0,0.2702,29547.4,0.2703,87561.8
1753503310398,04:15:10.398,ALGO/USDT:USDT,0.2701,20099.7,0.27,148396.8,0.2702,30180.8,0.2703,87561.8
1753503310497,04:15:10.497,ALGO/USDT:USDT,0.2701,20099.7,0.27,148470.9,0.2702,29547.4,0.2703,87561.8
1753503310597,04:15:10.597,ALGO/USDT:USDT,0.2701,20099.7,0.27,148470.9,0.2702,29547.4,0.2703,87561.8
1753503310797,04:15:10.797,ALGO/USDT:USDT,0.2701,20099.7,0.27,148396.8,0.2702,30180.8,0.2703,88361.8
1753503310897,04:15:10.897,ALGO/USDT:USDT,0.2701,20099.7,0.27,148470.9,0.2702,30180.8,0.2703,88361.8
1753503311097,04:15:11.097,ALGO/USDT:USDT,0.2701,20099.7,0.27,148470.9,0.2702,29547.4,0.2703,88361.8
1753503311197,04:15:11.197,ALGO/USDT:USDT,0.2701,20099.7,0.27,148470.9,0.2702,30180.8,0.2703,88361.8
1753503311297,04:15:11.297,ALGO/USDT:USDT,0.2701,22415.7,0.27,148470.9,0.2702,30180.8,0.2703,88361.8
1753503311397,04:15:11.397,ALGO/USDT:USDT,0.2701,20099.7,0.27,148470.9,0.2702,30180.8,0.2703,88361.8
1753503311598,04:15:11.598,ALGO/USDT:USDT,0.2701,19874.8,0.27,148470.9,0.2702,30180.8,0.2703,88361.8
1753503311697,04:15:11.697,ALGO/USDT:USDT,0.2701,19074.8,0.27,148470.9,0.2702,30191.3,0.2703,88361.8
1753503311897,04:15:11.897,ALGO/USDT:USDT,0.2701,19074.8,0.27,148396.8,0.2702,30191.3,0.2703,88361.8
1753503311998,04:15:11.998,ALGO/USDT:USDT,0.2701,19299.7,0.27,148470.9,0.2702,29873.4,0.2703,87831.8
1753503312097,04:15:12.097,ALGO/USDT:USDT,0.2701,18999.1,0.27,148470.9,0.2702,29873.4,0.2703,87831.8
1753503312197,04:15:12.197,ALGO/USDT:USDT,0.2701,18999.1,0.27,148470.9,0.2702,29873.4,0.2703,87831.8
1753503312297,04:15:12.297,ALGO/USDT:USDT,0.2701,18999.1,0.27,148396.8,0.2702,37219.8,0.2703,87831.8
1753503312397,04:15:12.397,ALGO/USDT:USDT,0.2701,18999.1,0.27,148470.9,0.2702,36586.4,0.2703,87831.8
1753503312496,04:15:12.496,ALGO/USDT:USDT,0.2701,18999.1,0.27,148470.9,0.2702,36586.4,0.2703,87831.8
1753503312897,04:15:12.897,ALGO/USDT:USDT,0.2701,18999.1,0.27,148470.9,0.2702,37219.8,0.2703,87831.8
1753503312997,04:15:12.997,ALGO/USDT:USDT,0.2701,18999.1,0.27,148470.9,0.2702,36586.4,0.2703,87831.8
1753503313097,04:15:13.097,ALGO/USDT:USDT,0.2701,18999.1,0.27,148470.9,0.2702,36586.4,0.2703,87831.8
1753503313197,04:15:13.197,ALGO/USDT:USDT,0.2701,18999.1,0.27,148470.9,0.2702,36586.4,0.2703,87831.8
1753503313297,04:15:13.297,ALGO/USDT:USDT,0.2701,18999.1,0.27,148470.9,0.2702,36586.4,0.2703,87831.8
1753503313397,04:15:13.397,ALGO/USDT:USDT,0.2701,18999.1,0.27,148470.9,0.2702,37219.8,0.2703,87831.8
1753503313497,04:15:13.497,ALGO/USDT:USDT,0.2701,18999.1,0.27,148470.9,0.2702,35369.0,0.2703,87831.8
1753503313598,04:15:13.598,ALGO/USDT:USDT,0.2701,18999.1,0.27,148470.9,0.2702,35369.0,0.2703,87831.8
1753503313896,04:15:13.896,ALGO/USDT:USDT,0.2701,26799.1,0.27,148470.9,0.2702,25735.6,0.2703,87831.8
1753503314197,04:15:14.197,ALGO/USDT:USDT,0.2701,26799.1,0.27,148470.9,0.2702,19535.6,0.2703,87831.8
1753503314598,04:15:14.598,ALGO/USDT:USDT,0.2701,26799.1,0.27,148470.9,0.2702,19535.6,0.2703,87831.8
1753503314697,04:15:14.697,ALGO/USDT:USDT,0.2701,19799.1,0.27,148470.9,0.2702,19535.6,0.2703,87831.8
1753503314797,04:15:14.797,ALGO/USDT:USDT,0.2701,19799.1,0.27,148470.9,0.2702,19535.6,0.2703,87831.8
1753503314898,04:15:14.898,ALGO/USDT:USDT,0.2701,24799.1,0.27,148470.9,0.2702,28535.6,0.2703,87831.8
1753503314997,04:15:14.997,ALGO/USDT:USDT,0.2701,24799.1,0.27,148470.9,0.2702,19535.6,0.2703,87831.8
1753503315197,04:15:15.197,ALGO/USDT:USDT,0.2701,19799.1,0.27,148470.9,0.2702,19535.6,0.2703,87831.8
1753503315398,04:15:15.398,ALGO/USDT:USDT,0.2701,19799.1,0.27,148470.9,0.2702,19525.4,0.2703,87831.8
1753503315697,04:15:15.697,ALGO/USDT:USDT,0.2701,19799.1,0.27,148470.9,0.2702,19525.4,0.2703,87831.8
1753503315797,04:15:15.797,ALGO/USDT:USDT,0.2701,19799.1,0.27,148470.9,0.2702,19525.4,0.2703,87831.8
1753503315897,04:15:15.897,ALGO/USDT:USDT,0.2701,19799.1,0.27,148470.9,0.2702,35525.4,0.2703,87831.8
1753503315997,04:15:15.997,ALGO/USDT:USDT,0.2701,19799.1,0.27,148470.9,0.2702,36158.8,0.2703,87831.8
1753503316099,04:15:16.099,ALGO/USDT:USDT,0.2701,19799.1,0.27,148470.9,0.2702,20158.8,0.2703,87831.8
1753503316197,04:15:16.197,ALGO/USDT:USDT,0.2701,71.2,0.27,138815.8,0.2702,30557.2,0.2703,100037.7
1753503316296,04:15:16.296,ALGO/USDT:USDT,0.2701,71.2,0.27,138815.8,0.2702,30957.2,0.2703,101515.4
1753503316497,04:15:16.497,ALGO/USDT:USDT,0.2701,71.2,0.27,138815.8,0.2702,30957.2,0.2703,101882.1
1753503316697,04:15:16.697,ALGO/USDT:USDT,0.2701,72.8,0.27,138815.8,0.2702,30957.2,0.2703,102252.2
1753503316897,04:15:16.897,ALGO/USDT:USDT,0.2701,72.8,0.27,138815.8,0.2702,46957.2,0.2703,102252.2
1753503316997,04:15:16.997,ALGO/USDT:USDT,0.2701,72.8,0.27,138815.8,0.2702,32892.5,0.2703,102440.2
1753503317097,04:15:17.097,ALGO/USDT:USDT,0.2701,9793.2,0.27,138815.8,0.2702,21051.0,0.2703,96728.1
1753503317197,04:15:17.197,ALGO/USDT:USDT,0.2701,8993.2,0.27,138889.9,0.2702,19925.4,0.2703,96358.0
1753503317597,04:15:17.597,ALGO/USDT:USDT,0.2701,8993.2,0.27,138815.8,0.2702,19925.4,0.2703,96358.0
1753503317696,04:15:17.696,ALGO/USDT:USDT,0.2701,8993.2,0.27,138815.8,0.2702,19925.4,0.2703,96358.0
1753503317802,04:15:17.802,ALGO/USDT:USDT,0.2701,8998.5,0.27,138815.8,0.2702,19925.4,0.2703,98207.4
1753503317897,04:15:17.897,ALGO/USDT:USDT,0.2701,24998.5,0.27,141720.9,0.2702,19925.4,0.2703,98207.4
1753503317996,04:15:17.996,ALGO/USDT:USDT,0.2701,24998.5,0.27,141720.9,0.2702,19925.4,0.2703,96358.0
1753503318097,04:15:18.097,ALGO/USDT:USDT,0.2701,24998.5,0.27,141720.9,0.2702,19925.4,0.2703,96358.0
1753503318196,04:15:18.196,ALGO/USDT:USDT,0.2701,24998.5,0.27,141720.9,0.2702,19925.4,0.2703,96358.0
1753503318397,04:15:18.397,ALGO/USDT:USDT,0.2701,24998.5,0.27,141720.9,0.2702,19925.4,0.2703,95991.3
1753503318897,04:15:18.897,ALGO/USDT:USDT,0.2701,24998.5,0.27,141720.9,0.2702,19925.4,0.2703,95991.3
1753503319097,04:15:19.097,ALGO/USDT:USDT,0.2701,24998.5,0.27,141720.9,0.2702,19925.4,0.2703,95991.3
1753503319197,04:15:19.197,ALGO/USDT:USDT,0.2701,24998.5,0.27,141720.9,0.2702,19925.4,0.2703,95991.3
1753503319396,04:15:19.396,ALGO/USDT:USDT,0.2701,24998.5,0.27,141720.9,0.2702,19925.4,0.2703,95991.3
1753503319797,04:15:19.797,ALGO/USDT:USDT,0.2701,24998.5,0.27,141720.9,0.2702,19925.4,0.2703,95991.3
1753503319896,04:15:19.896,ALGO/USDT:USDT,0.2701,24998.5,0.27,141720.9,0.2702,19925.4,0.2703,95991.3
1753503319997,04:15:19.997,ALGO/USDT:USDT,0.2701,24998.5,0.27,141720.9,0.2702,19925.4,0.2703,94519.1
1753503320097,04:15:20.097,ALGO/USDT:USDT,0.2701,24998.5,0.27,141720.9,0.2702,19925.4,0.2703,94519.1
1753503320197,04:15:20.197,ALGO/USDT:USDT,0.2701,24998.5,0.27,141720.9,0.2702,19925.4,0.2703,94519.1
1753503320296,04:15:20.296,ALGO/USDT:USDT,0.2701,8998.5,0.27,141646.8,0.2702,19925.4,0.2703,94519.1
1753503320496,04:15:20.496,ALGO/USDT:USDT,0.2701,8998.5,0.27,141646.8,0.2702,19925.4,0.2703,94519.1
1753503320598,04:15:20.598,ALGO/USDT:USDT,0.2701,9798.5,0.27,141720.9,0.2702,19925.4,0.2703,94519.1
1753503320696,04:15:20.696,ALGO/USDT:USDT,0.2701,9798.5,0.27,141720.9,0.2702,19925.4,0.2703,93778.8
1753503320797,04:15:20.797,ALGO/USDT:USDT,0.2701,35334.5,0.27,141720.9,0.2702,19925.4,0.2703,82593.8
1753503320897,04:15:20.897,ALGO/USDT:USDT,0.2701,35334.5,0.27,141720.9,0.2702,19925.4,0.2703,82593.8
1753503320996,04:15:20.996,ALGO/USDT:USDT,0.2701,35334.5,0.27,141720.9,0.2702,19925.4,0.2703,66593.8
1753503321097,04:15:21.097,ALGO/USDT:USDT,0.2701,35334.5,0.27,141720.9,0.2702,19125.4,0.2703,66593.8
1753503321396,04:15:21.396,ALGO/USDT:USDT,0.2701,35334.5,0.27,141720.9,0.2702,19125.4,0.2703,66593.8
1753503321496,04:15:21.496,ALGO/USDT:USDT,0.2701,35334.5,0.27,141720.9,0.2702,19125.4,0.2703,66593.8
1753503321596,04:15:21.596,ALGO/USDT:USDT,0.2701,35334.5,0.27,141720.9,0.2702,19125.4,0.2703,66593.8
1753503321797,04:15:21.797,ALGO/USDT:USDT,0.2701,35334.5,0.27,146176.8,0.2702,19125.3,0.2703,66593.8
1753503321997,04:15:21.997,ALGO/USDT:USDT,0.2701,35334.5,0.27,146176.8,0.2702,19125.3,0.2703,66593.8
1753503322102,04:15:22.102,ALGO/USDT:USDT,0.2701,35334.5,0.27,146176.8,0.2702,10533.0,0.2703,66593.8
1753503322197,04:15:22.197,ALGO/USDT:USDT,0.2701,35334.5,0.27,147399.2,0.2702,10533.0,0.2703,74834.5
1753503322397,04:15:22.397,ALGO/USDT:USDT,0.2701,35334.5,0.27,147325.1,0.2702,27466.8,0.2703,77664.5
1753503322496,04:15:22.496,ALGO/USDT:USDT,0.2701,35334.5,0.27,147399.2,0.2702,26833.4,0.2703,77664.5
1753503322598,04:15:22.598,ALGO/USDT:USDT,0.2701,35334.5,0.27,147399.2,0.2702,20253.4,0.2703,77664.5
1753503322697,04:15:22.697,ALGO/USDT:USDT,0.2701,35334.5,0.27,147399.2,0.2702,20253.4,0.2703,77664.5
1753503322797,04:15:22.797,ALGO/USDT:USDT,0.2701,31334.5,0.27,147399.2,0.2702,26253.4,0.2703,77664.5
1753503322897,04:15:22.897,ALGO/USDT:USDT,0.2701,19334.5,0.27,147399.2,0.2702,20253.4,0.2703,77664.5
1753503322996,04:15:22.996,ALGO/USDT:USDT,0.2701,19334.5,0.27,147399.2,0.2702,20253.4,0.2703,77664.5
1753503323296,04:15:23.296,ALGO/USDT:USDT,0.2701,19334.5,0.27,147399.2,0.2702,20253.4,0.2703,77664.5
1753503323396,04:15:23.396,ALGO/USDT:USDT,0.2701,19334.5,0.27,147399.2,0.2702,20886.8,0.2703,77664.5
1753503323497,04:15:23.497,ALGO/USDT:USDT,0.2701,19334.5,0.27,147399.2,0.2702,20253.4,0.2703,77664.5
1753503323597,04:15:23.597,ALGO/USDT:USDT,0.2701,19334.5,0.27,147399.2,0.2702,20253.4,0.2703,77664.5
1753503323698,04:15:23.698,ALGO/USDT:USDT,0.2701,19334.5,0.27,147399.2,0.2702,20253.4,0.2703,77664.5
1753503323897,04:15:23.897,ALGO/USDT:USDT,0.2701,35334.5,0.27,147399.2,0.2702,20253.4,0.2703,77664.5
1753503323997,04:15:23.997,ALGO/USDT:USDT,0.2701,35334.5,0.27,147399.2,0.2702,20253.4,0.2703,77664.5
1753503324096,04:15:24.096,ALGO/USDT:USDT,0.2701,19334.5,0.27,147399.2,0.2702,20253.4,0.2703,77664.5
1753503324697,04:15:24.697,ALGO/USDT:USDT,0.2701,19334.5,0.27,147399.2,0.2702,20253.4,0.2703,77664.5
1753503324797,04:15:24.797,ALGO/USDT:USDT,0.2701,19334.5,0.27,147399.2,0.2702,36253.4,0.2703,93264.6
1753503324997,04:15:24.997,ALGO/USDT:USDT,0.2701,19334.5,0.27,147399.2,0.2702,36253.4,0.2703,93264.6
1753503325096,04:15:25.096,ALGO/USDT:USDT,0.2701,19334.5,0.27,147399.2,0.2702,36253.4,0.2703,93264.6
1753503325197,04:15:25.197,ALGO/USDT:USDT,0.2701,19334.5,0.27,147399.2,0.2702,36253.4,0.2703,93264.6
1753503325296,04:15:25.296,ALGO/USDT:USDT,0.2701,17004.7,0.27,147325.1,0.2702,36253.4,0.2703,93264.6
1753503325397,04:15:25.397,ALGO/USDT:USDT,0.2701,17004.7,0.27,147399.2,0.2702,36886.8,0.2703,93264.6
1753503325498,04:15:25.498,ALGO/USDT:USDT,0.2701,17004.7,0.27,147399.2,0.2702,36886.8,0.2703,93264.6
1753503325597,04:15:25.597,ALGO/USDT:USDT,0.2701,17004.7,0.27,147399.2,0.2702,36253.4,0.2703,93264.6
1753503325697,04:15:25.697,ALGO/USDT:USDT,0.2701,16204.7,0.27,147325.1,0.2702,36886.8,0.2703,93264.6
1753503325797,04:15:25.797,ALGO/USDT:USDT,0.2701,16204.7,0.27,147399.2,0.2702,20886.8,0.2703,93264.6
1753503325897,04:15:25.897,ALGO/USDT:USDT,0.2701,16204.7,0.27,147399.2,0.2702,20253.4,0.2703,93264.6
1753503325997,04:15:25.997,ALGO/USDT:USDT,0.2701,19334.5,0.27,147399.2,0.2702,20253.4,0.2703,93264.6
1753503326097,04:15:26.097,ALGO/USDT:USDT,0.2701,19334.5,0.27,148055.9,0.2702,20253.4,0.2703,90434.6
1753503326197,04:15:26.197,ALGO/USDT:USDT,0.2701,19334.5,0.27,148055.9,0.2702,20253.4,0.2703,90434.6
1753503326397,04:15:26.397,ALGO/USDT:USDT,0.2701,16204.7,0.27,148055.9,0.2702,20516.0,0.2703,93264.6
1753503326497,04:15:26.497,ALGO/USDT:USDT,0.2701,16204.7,0.27,147981.8,0.2702,21687.9,0.2703,93264.6
1753503326598,04:15:26.598,ALGO/USDT:USDT,0.2701,16204.7,0.27,148055.9,0.2702,21687.9,0.2703,93264.6
1753503326698,04:15:26.698,ALGO/USDT:USDT,0.2701,16131.9,0.27,148055.9,0.2702,21687.9,0.2703,93264.6
1753503326796,04:15:26.796,ALGO/USDT:USDT,0.2701,16138.7,0.27,147981.8,0.2702,37149.4,0.2703,93264.6
1753503326896,04:15:26.896,ALGO/USDT:USDT,0.2701,16138.7,0.27,148055.9,0.2702,36516.0,0.2703,93264.6
1753503326998,04:15:26.998,ALGO/USDT:USDT,0.2701,16138.7,0.27,148055.9,0.2702,37149.4,0.2703,93264.6
1753503327096,04:15:27.096,ALGO/USDT:USDT,0.2701,16138.7,0.27,147981.8,0.2702,37149.4,0.2703,93264.6
1753503327197,04:15:27.197,ALGO/USDT:USDT,0.2701,16138.7,0.27,147981.8,0.2702,37149.4,0.2703,93264.6
1753503327297,04:15:27.297,ALGO/USDT:USDT,0.2701,16138.7,0.27,147981.8,0.2702,37687.9,0.2703,93264.6
1753503327496,04:15:27.496,ALGO/USDT:USDT,0.2701,16138.7,0.27,147981.8,0.2702,37687.9,0.2703,94004.9
1753503327597,04:15:27.597,ALGO/USDT:USDT,0.2701,16138.7,0.27,147981.8,0.2702,37687.9,0.2703,94004.9
1753503327997,04:15:27.997,ALGO/USDT:USDT,0.2701,8932.5,0.27,147981.8,0.2702,37687.9,0.2703,94004.9
1753503328099,04:15:28.099,ALGO/USDT:USDT,0.2701,8932.5,0.27,147981.8,0.2702,37687.9,0.2703,94004.9
1753503328396,04:15:28.396,ALGO/USDT:USDT,0.2701,8932.5,0.27,147981.8,0.2702,37687.9,0.2703,94371.6
1753503328497,04:15:28.497,ALGO/USDT:USDT,0.2701,8932.5,0.27,147981.8,0.2702,37687.9,0.2703,94371.6
1753503328697,04:15:28.697,ALGO/USDT:USDT,0.2701,8932.5,0.27,147981.8,0.2702,37149.4,0.2703,94371.6
1753503328797,04:15:28.797,ALGO/USDT:USDT,0.2701,16932.5,0.27,148055.9,0.2702,36516.0,0.2703,94371.6
1753503328997,04:15:28.997,ALGO/USDT:USDT,0.2701,8932.5,0.27,147981.8,0.2702,37149.4,0.2703,94371.6
1753503329297,04:15:29.297,ALGO/USDT:USDT,0.2701,11262.3,0.27,148055.9,0.2702,20516.0,0.2703,94371.6
1753503329497,04:15:29.497,ALGO/USDT:USDT,0.2701,11262.3,0.27,148055.9,0.2702,21267.7,0.2703,94371.6
1753503329597,04:15:29.597,ALGO/USDT:USDT,0.2701,11262.3,0.27,148055.9,0.2702,21267.7,0.2703,94371.6
1753503329696,04:15:29.696,ALGO/USDT:USDT,0.2701,27262.3,0.27,148055.9,0.2702,21267.7,0.2703,94371.6
1753503329797,04:15:29.797,ALGO/USDT:USDT,0.2701,27262.3,0.27,148055.9,0.2702,21267.7,0.2703,94371.6
1753503329897,04:15:29.897,ALGO/USDT:USDT,0.2701,27262.3,0.27,148055.9,0.2702,20634.3,0.2703,94371.6
1753503329997,04:15:29.997,ALGO/USDT:USDT,0.2701,27262.3,0.27,148055.9,0.2702,20634.3,0.2703,94371.6
1753503330097,04:15:30.097,ALGO/USDT:USDT,0.2701,27262.3,0.27,148055.9,0.2702,20634.3,0.2703,94371.6
1753503330197,04:15:30.197,ALGO/USDT:USDT,0.2701,27262.3,0.27,148055.9,0.2702,20634.3,0.2703,94371.6
1753503330297,04:15:30.297,ALGO/USDT:USDT,0.2701,27262.3,0.27,148055.9,0.2702,20634.3,0.2703,94371.6
1753503330397,04:15:30.397,ALGO/USDT:USDT,0.2701,27262.4,0.27,148055.9,0.2702,20634.3,0.2703,94004.9
1753503330497,04:15:30.497,ALGO/USDT:USDT,0.2701,27262.4,0.27,148055.9,0.2702,20634.3,0.2703,93264.6
1753503330897,04:15:30.897,ALGO/USDT:USDT,0.2701,34499.5,0.27,148055.9,0.2702,11713.9,0.2703,93264.6
1753503330997,04:15:30.997,ALGO/USDT:USDT,0.2701,34499.5,0.27,148055.9,0.2702,11713.9,0.2703,90434.6
1753503331097,04:15:31.097,ALGO/USDT:USDT,0.2701,34499.5,0.27,148055.9,0.2702,11713.9,0.2703,90434.6
1753503331297,04:15:31.297,ALGO/USDT:USDT,0.2701,34499.5,0.27,148055.9,0.2702,20634.3,0.2703,90434.6
1753503331397,04:15:31.397,ALGO/USDT:USDT,0.2701,34499.5,0.27,148055.9,0.2702,20634.3,0.2703,90434.6
1753503331797,04:15:31.797,ALGO/USDT:USDT,0.2701,34499.5,0.27,148055.9,0.2702,20652.3,0.2703,90434.6
1753503331997,04:15:31.997,ALGO/USDT:USDT,0.2701,34499.5,0.27,148055.9,0.2702,20652.3,0.2703,90434.6
1753503332100,04:15:32.100,ALGO/USDT:USDT,0.2701,34499.5,0.27,148055.9,0.2702,20652.3,0.2703,93264.6
1753503332197,04:15:32.197,ALGO/USDT:USDT,0.2701,34499.5,0.27,148055.9,0.2702,20652.3,0.2703,93264.6
1753503332397,04:15:32.397,ALGO/USDT:USDT,0.2701,34499.5,0.27,146960.5,0.2702,20652.3,0.2703,93264.6
1753503332598,04:15:32.598,ALGO/USDT:USDT,0.2701,34499.5,0.27,146960.5,0.2702,20652.4,0.2703,93264.6
1753503332997,04:15:32.997,ALGO/USDT:USDT,0.2701,34499.5,0.27,146960.5,0.2702,20652.4,0.2703,90434.6
1753503333097,04:15:33.097,ALGO/USDT:USDT,0.2701,34499.5,0.27,146960.5,0.2702,20652.4,0.2703,90434.6
1753503333197,04:15:33.197,ALGO/USDT:USDT,0.2701,34499.5,0.27,146960.5,0.2702,20652.4,0.2703,90434.6
1753503333297,04:15:33.297,ALGO/USDT:USDT,0.2701,34499.5,0.27,146960.5,0.2702,19852.4,0.2703,90434.6
1753503333397,04:15:33.397,ALGO/USDT:USDT,0.2701,34499.5,0.27,146960.5,0.2702,19852.4,0.2703,90434.6
1753503333497,04:15:33.497,ALGO/USDT:USDT,0.2701,34499.5,0.27,146960.5,0.2702,19852.4,0.2703,90434.6
1753503333696,04:15:33.696,ALGO/USDT:USDT,0.2701,34499.5,0.27,146960.5,0.2702,19852.4,0.2703,90434.6
1753503333797,04:15:33.797,ALGO/USDT:USDT,0.2701,34499.5,0.27,146960.5,0.2702,19852.4,0.2703,90434.6
1753503333897,04:15:33.897,ALGO/USDT:USDT,0.2701,34499.5,0.27,146954.6,0.2702,19953.6,0.2703,90434.6
1753503333997,04:15:33.997,ALGO/USDT:USDT,0.2701,34523.3,0.27,146954.6,0.2702,20753.6,0.2703,90434.6
1753503334100,04:15:34.100,ALGO/USDT:USDT,0.2701,34523.3,0.27,146954.6,0.2702,19953.6,0.2703,90434.6
1753503334197,04:15:34.197,ALGO/USDT:USDT,0.2701,34517.9,0.27,146954.6,0.2702,20755.1,0.2703,90434.6
1753503334297,04:15:34.297,ALGO/USDT:USDT,0.2701,34517.9,0.27,146954.6,0.2702,21365.2,0.2703,90434.6
1753503334397,04:15:34.397,ALGO/USDT:USDT,0.2701,34517.9,0.27,146954.6,0.2702,21998.6,0.2703,93264.6
1753503334497,04:15:34.497,ALGO/USDT:USDT,0.2701,34517.9,0.27,146954.6,0.2702,21998.6,0.2703,93264.6
1753503334605,04:15:34.605,ALGO/USDT:USDT,0.2701,34517.9,0.27,147324.7,0.2702,14308.2,0.2703,93264.6
1753503334697,04:15:34.697,ALGO/USDT:USDT,0.2701,34517.9,0.27,147324.7,0.2702,14308.2,0.2703,93264.6
1753503334797,04:15:34.797,ALGO/USDT:USDT,0.2701,34517.9,0.27,147324.7,0.2702,14308.2,0.2703,93264.6
1753503334898,04:15:34.898,ALGO/USDT:USDT,0.2701,34517.9,0.27,147324.7,0.2702,15108.2,0.2703,93264.6
1753503334996,04:15:34.996,ALGO/USDT:USDT,0.2701,71819.9,0.27,147324.7,0.2702,5387.8,0.2703,90434.6
1753503335096,04:15:35.096,ALGO/USDT:USDT,0.2701,72044.8,0.27,140932.1,0.2702,5387.8,0.2703,90434.6
1753503335497,04:15:35.497,ALGO/USDT:USDT,0.2701,72044.8,0.27,140932.1,0.2702,5387.8,0.2703,90434.6
1753503335597,04:15:35.597,ALGO/USDT:USDT,0.2701,72044.8,0.27,140932.1,0.2702,5387.8,0.2703,90434.6
1753503335696,04:15:35.696,ALGO/USDT:USDT,0.2701,34742.8,0.27,140932.1,0.2702,5388.7,0.2703,90434.6
1753503335797,04:15:35.797,ALGO/USDT:USDT,0.2701,34742.8,0.27,143184.8,0.2702,5388.7,0.2703,90434.6
1753503335897,04:15:35.897,ALGO/USDT:USDT,0.2701,34742.8,0.27,143184.8,0.2702,15109.1,0.2703,90434.6
1753503335997,04:15:35.997,ALGO/USDT:USDT,0.2701,34517.9,0.27,143184.8,0.2702,6188.7,0.2703,77664.5
1753503336100,04:15:36.100,ALGO/USDT:USDT,0.2701,34742.8,0.27,143184.8,0.2702,6188.7,0.2703,77664.5
1753503336497,04:15:36.497,ALGO/USDT:USDT,0.2701,34742.8,0.27,147483.7,0.2702,6188.7,0.2703,77664.5
1753503336697,04:15:36.697,ALGO/USDT:USDT,0.2701,34742.8,0.27,150310.5,0.2702,6188.7,0.2703,77664.5
1753503336996,04:15:36.996,ALGO/USDT:USDT,0.2701,34742.8,0.27,150310.5,0.2702,6188.7,0.2703,77664.5
1753503337197,04:15:37.197,ALGO/USDT:USDT,0.2701,34742.8,0.27,150310.5,0.2702,6188.7,0.2703,77664.5
1753503337297,04:15:37.297,ALGO/USDT:USDT,0.2701,34742.8,0.27,150310.5,0.2702,6188.7,0.2703,77664.5
1753503337596,04:15:37.596,ALGO/USDT:USDT,0.2701,34742.8,0.27,150310.5,0.2702,6188.7,0.2703,77664.5
1753503337697,04:15:37.697,ALGO/USDT:USDT,0.2701,34742.8,0.27,150310.5,0.2702,6188.7,0.2703,77664.5
1753503337797,04:15:37.797,ALGO/USDT:USDT,0.2701,34742.8,0.27,150310.5,0.2702,6188.7,0.2703,77664.5
1753503337897,04:15:37.897,ALGO/USDT:USDT,0.2701,18742.8,0.27,150236.4,0.2702,16281.0,0.2703,77664.5
1753503337996,04:15:37.996,ALGO/USDT:USDT,0.2701,16188.1,0.27,150236.4,0.2702,16281.0,0.2703,77664.5
1753503338197,04:15:38.197,ALGO/USDT:USDT,0.2701,16988.1,0.27,150310.5,0.2702,6188.7,0.2703,77664.5
1753503338497,04:15:38.497,ALGO/USDT:USDT,0.2701,17213.0,0.27,150310.5,0.2702,16281.0,0.2703,77664.5
1753503338598,04:15:38.598,ALGO/USDT:USDT,0.2701,32188.1,0.27,150310.5,0.2702,15647.6,0.2703,77664.5
1753503338697,04:15:38.697,ALGO/USDT:USDT,0.2701,32413.0,0.27,150310.5,0.2702,15109.1,0.2703,77664.5
1753503338896,04:15:38.896,ALGO/USDT:USDT,0.2701,32413.0,0.27,150310.5,0.2702,6188.7,0.2703,77664.5
1753503338997,04:15:38.997,ALGO/USDT:USDT,0.2701,32413.0,0.27,150310.5,0.2702,6188.7,0.2703,77664.5
1753503339297,04:15:39.297,ALGO/USDT:USDT,0.2701,32413.0,0.27,150310.5,0.2702,6188.7,0.2703,77664.5
1753503339397,04:15:39.397,ALGO/USDT:USDT,0.2701,32413.0,0.27,150310.5,0.2702,7360.6,0.2703,77664.5
1753503339497,04:15:39.497,ALGO/USDT:USDT,0.2701,32413.0,0.27,150310.5,0.2702,16281.0,0.2703,77664.5
1753503339897,04:15:39.897,ALGO/USDT:USDT,0.2701,32413.0,0.27,150310.5,0.2702,15109.1,0.2703,77664.5
1753503339997,04:15:39.997,ALGO/USDT:USDT,0.2701,32413.0,0.27,150310.5,0.2702,15109.1,0.2703,77664.5
1753503340198,04:15:40.198,ALGO/USDT:USDT,0.2701,32413.0,0.27,150310.5,0.2702,15109.1,0.2703,77664.5
1753503340297,04:15:40.297,ALGO/USDT:USDT,0.2701,32413.0,0.27,150310.5,0.2702,15109.1,0.2703,77664.5
1753503340397,04:15:40.397,ALGO/USDT:USDT,0.2701,32413.0,0.27,150310.5,0.2702,15109.1,0.2703,77664.5
1753503340597,04:15:40.597,ALGO/USDT:USDT,0.2701,32413.0,0.27,150310.5,0.2702,15647.6,0.2703,77664.5
1753503340797,04:15:40.797,ALGO/USDT:USDT,0.2701,32413.0,0.27,150310.5,0.2702,15109.1,0.2703,77664.5
1753503340897,04:15:40.897,ALGO/USDT:USDT,0.2701,32413.0,0.27,149076.6,0.2702,16281.0,0.2703,77664.5
1753503340997,04:15:40.997,ALGO/USDT:USDT,0.2701,32413.0,0.27,149076.6,0.2702,16281.0,0.2703,77664.5
1753503341097,04:15:41.097,ALGO/USDT:USDT,0.2701,32413.0,0.27,149076.6,0.2702,15668.0,0.2703,77664.5
1753503341296,04:15:41.296,ALGO/USDT:USDT,0.2701,16413.0,0.27,149002.5,0.2702,16301.4,0.2703,77664.5
1753503341397,04:15:41.397,ALGO/USDT:USDT,0.2701,16188.1,0.27,149002.5,0.2702,16301.4,0.2703,77664.5
1753503341597,04:15:41.597,ALGO/USDT:USDT,0.2701,32188.1,0.27,149076.6,0.2702,15129.5,0.2703,77664.5
1753503341697,04:15:41.697,ALGO/USDT:USDT,0.2701,32413.0,0.27,149076.6,0.2702,16151.8,0.2703,77664.5
1753503341797,04:15:41.797,ALGO/USDT:USDT,0.2701,32193.1,0.27,149076.6,0.2702,16151.8,0.2703,77664.5
1753503341897,04:15:41.897,ALGO/USDT:USDT,0.2701,32193.1,0.27,149076.6,0.2702,16151.8,0.2703,77664.5
1753503341996,04:15:41.996,ALGO/USDT:USDT,0.2701,32418.0,0.27,149076.6,0.2702,16151.8,0.2703,77664.5
1753503342097,04:15:42.097,ALGO/USDT:USDT,0.2701,32418.0,0.27,149076.6,0.2702,16151.8,0.2703,77664.5
1753503342197,04:15:42.197,ALGO/USDT:USDT,0.2701,32418.0,0.27,149076.6,0.2702,17323.7,0.2703,77664.5
1753503342297,04:15:42.297,ALGO/USDT:USDT,0.2701,32193.1,0.27,149076.6,0.2702,17323.7,0.2703,77664.5
1753503342397,04:15:42.397,ALGO/USDT:USDT,0.2701,32193.1,0.27,149076.6,0.2702,17323.7,0.2703,77664.5
1753503342597,04:15:42.597,ALGO/USDT:USDT,0.2701,32193.1,0.27,149076.6,0.2702,23713.6,0.2703,77664.5
1753503342697,04:15:42.697,ALGO/USDT:USDT,0.2701,32193.1,0.27,149076.6,0.2702,24327.1,0.2703,77664.5
1753503342897,04:15:42.897,ALGO/USDT:USDT,0.2701,16193.1,0.27,149076.6,0.2702,24327.1,0.2703,77664.5
1753503342997,04:15:42.997,ALGO/USDT:USDT,0.2701,16193.1,0.27,149076.6,0.2702,16155.2,0.2703,77664.5
1753503343197,04:15:43.197,ALGO/USDT:USDT,0.2701,16193.1,0.27,149076.6,0.2702,16155.2,0.2703,77664.5
1753503343296,04:15:43.296,ALGO/USDT:USDT,0.2701,16193.1,0.27,149076.6,0.2702,16155.2,0.2703,77664.5
1753503343497,04:15:43.497,ALGO/USDT:USDT,0.2701,16193.1,0.27,149076.6,0.2702,16155.1,0.2703,77664.5
1753503343596,04:15:43.596,ALGO/USDT:USDT,0.2701,16193.1,0.27,148632.4,0.2702,33341.8,0.2703,77664.5
1753503343697,04:15:43.697,ALGO/USDT:USDT,0.2701,16193.1,0.27,148632.4,0.2702,17341.8,0.2703,77664.5
1753503344197,04:15:44.197,ALGO/USDT:USDT,0.2701,16193.1,0.27,148632.4,0.2702,20800.5,0.2703,77664.5
1753503344297,04:15:44.297,ALGO/USDT:USDT,0.2701,16193.1,0.27,148632.4,0.2702,20167.1,0.2703,77664.5
1753503344397,04:15:44.397,ALGO/USDT:USDT,0.2701,16193.1,0.27,148632.4,0.2702,20800.5,0.2703,77664.5
1753503344497,04:15:44.497,ALGO/USDT:USDT,0.2701,16193.1,0.27,148632.4,0.2702,20800.5,0.2703,77664.5
1753503344597,04:15:44.597,ALGO/USDT:USDT,0.2701,32193.1,0.27,148632.4,0.2702,20800.5,0.2703,77664.5
1753503344896,04:15:44.896,ALGO/USDT:USDT,0.2701,32193.1,0.27,148706.5,0.2702,20168.5,0.2703,77664.5
1753503344997,04:15:44.997,ALGO/USDT:USDT,0.2701,32193.1,0.27,148706.5,0.2702,20168.5,0.2703,77664.5
1753503345097,04:15:45.097,ALGO/USDT:USDT,0.2701,32193.1,0.27,148632.4,0.2702,20801.9,0.2703,77664.5
1753503345397,04:15:45.397,ALGO/USDT:USDT,0.2701,32193.1,0.27,148706.5,0.2702,20801.9,0.2703,77664.5
1753503345497,04:15:45.497,ALGO/USDT:USDT,0.2701,32193.1,0.27,148706.5,0.2702,19630.0,0.2703,77664.5
1753503345597,04:15:45.597,ALGO/USDT:USDT,0.2701,32193.1,0.27,148706.5,0.2702,19630.0,0.2703,77664.5
1753503345696,04:15:45.696,ALGO/USDT:USDT,0.2701,32193.1,0.27,145582.9,0.2702,19630.0,0.2703,77664.5
1753503345897,04:15:45.897,ALGO/USDT:USDT,0.2701,32193.1,0.27,145582.9,0.2702,19692.7,0.2703,77664.5
1753503346396,04:15:46.396,ALGO/USDT:USDT,0.2701,32193.1,0.27,144564.1,0.2702,19699.9,0.2703,77664.5
1753503346597,04:15:46.597,ALGO/USDT:USDT,0.2701,32193.1,0.27,144564.1,0.2702,19704.4,0.2703,77664.5
1753503346696,04:15:46.696,ALGO/USDT:USDT,0.2701,32193.1,0.27,144564.1,0.2702,19704.4,0.2703,77664.5
1753503346796,04:15:46.796,ALGO/USDT:USDT,0.2701,32193.1,0.27,144490.0,0.2702,20876.3,0.2703,77664.5
1753503346997,04:15:46.997,ALGO/USDT:USDT,0.2701,16193.1,0.27,142274.5,0.2702,20876.3,0.2703,77664.5
1753503347097,04:15:47.097,ALGO/USDT:USDT,0.2701,16193.1,0.27,142348.6,0.2702,20876.3,0.2703,77664.5
1753503347197,04:15:47.197,ALGO/USDT:USDT,0.2701,16193.1,0.27,142348.6,0.2702,20876.3,0.2703,77664.5
1753503347396,04:15:47.396,ALGO/USDT:USDT,0.2701,16193.1,0.27,141978.5,0.2702,20876.3,0.2703,77664.5
1753503347497,04:15:47.497,ALGO/USDT:USDT,0.2701,30193.1,0.27,141978.5,0.2702,20876.3,0.2703,77664.5
1753503347597,04:15:47.597,ALGO/USDT:USDT,0.2701,16193.1,0.27,141978.5,0.2702,20876.3,0.2703,77664.5
1753503347798,04:15:47.798,ALGO/USDT:USDT,0.2701,16193.1,0.27,141978.5,0.2702,20242.9,0.2703,77664.5
1753503347897,04:15:47.897,ALGO/USDT:USDT,0.2701,9051.8,0.27,139073.4,0.2702,23206.1,0.2703,109320.7
1753503347997,04:15:47.997,ALGO/USDT:USDT,0.2701,9051.8,0.27,139073.4,0.2702,23206.1,0.2703,110061.0
1753503348197,04:15:48.197,ALGO/USDT:USDT,0.2701,9051.8,0.27,139073.4,0.2702,23206.1,0.2703,110061.0
1753503348296,04:15:48.296,ALGO/USDT:USDT,0.2701,9051.8,0.27,139073.4,0.2702,19704.4,0.2703,109135.6
1753503348497,04:15:48.497,ALGO/USDT:USDT,0.2701,24051.8,0.27,141904.4,0.2702,20876.3,0.2703,109135.6
1753503348598,04:15:48.598,ALGO/USDT:USDT,0.2701,24051.8,0.27,141978.5,0.2702,20242.9,0.2703,109135.6
1753503348697,04:15:48.697,ALGO/USDT:USDT,0.2701,24051.8,0.27,141978.5,0.2702,20242.9,0.2703,108395.3
1753503348797,04:15:48.797,ALGO/USDT:USDT,0.2701,24051.8,0.27,141978.5,0.2702,19704.4,0.2703,108395.3
1753503348897,04:15:48.897,ALGO/USDT:USDT,0.2701,31244.6,0.27,141978.5,0.2702,15809.1,0.2703,97926.7
1753503348997,04:15:48.997,ALGO/USDT:USDT,0.2701,31244.6,0.27,141978.5,0.2702,19704.2,0.2703,97926.7
1753503349497,04:15:49.497,ALGO/USDT:USDT,0.2701,31244.6,0.27,141978.5,0.2702,19704.2,0.2703,97926.7
1753503349697,04:15:49.697,ALGO/USDT:USDT,0.2701,31244.6,0.27,142348.6,0.2702,19704.2,0.2703,97926.7
1753503349797,04:15:49.797,ALGO/USDT:USDT,0.2701,31244.6,0.27,142348.6,0.2702,20876.1,0.2703,97926.7
1753503349897,04:15:49.897,ALGO/USDT:USDT,0.2701,31244.6,0.27,142348.6,0.2702,20876.1,0.2703,78547.8
1753503349997,04:15:49.997,ALGO/USDT:USDT,0.2701,16244.6,0.27,142348.6,0.2702,20876.1,0.2703,86762.0
1753503350097,04:15:50.097,ALGO/USDT:USDT,0.2701,16244.6,0.27,142348.6,0.2702,20876.1,0.2703,86762.0
1753503350197,04:15:50.197,ALGO/USDT:USDT,0.2701,16244.6,0.27,142348.6,0.2702,20876.1,0.2703,86762.0
1753503350297,04:15:50.297,ALGO/USDT:USDT,0.2701,16244.6,0.27,140514.9,0.2702,20876.1,0.2703,86762.0
1753503350397,04:15:50.397,ALGO/USDT:USDT,0.2701,16244.6,0.27,140144.8,0.2702,19704.2,0.2703,86762.0
1753503350497,04:15:50.497,ALGO/USDT:USDT,0.2701,21244.6,0.27,140144.8,0.2702,34704.2,0.2703,86762.0
1753503350697,04:15:50.697,ALGO/USDT:USDT,0.2701,21244.6,0.27,140144.8,0.2702,19704.2,0.2703,86762.0
1753503351097,04:15:51.097,ALGO/USDT:USDT,0.2701,21244.6,0.27,140144.8,0.2702,19704.2,0.2703,86762.0
1753503351297,04:15:51.297,ALGO/USDT:USDT,0.2701,21244.6,0.27,140144.8,0.2702,19727.9,0.2703,86762.0
1753503351396,04:15:51.396,ALGO/USDT:USDT,0.2701,21244.6,0.27,140070.7,0.2702,20899.8,0.2703,86762.0
1753503351497,04:15:51.497,ALGO/USDT:USDT,0.2701,32244.6,0.27,140144.8,0.2702,20361.3,0.2703,86762.0
1753503351597,04:15:51.597,ALGO/USDT:USDT,0.2701,32244.6,0.27,140144.8,0.2702,20899.8,0.2703,86762.0
1753503351697,04:15:51.697,ALGO/USDT:USDT,0.2701,21244.6,0.27,140144.8,0.2702,20899.8,0.2703,86762.0
1753503351797,04:15:51.797,ALGO/USDT:USDT,0.2701,16244.6,0.27,135248.3,0.2702,20910.1,0.2703,86762.0
1753503351896,04:15:51.896,ALGO/USDT:USDT,0.2701,16244.6,0.27,135248.3,0.2702,20910.1,0.2703,86762.0
1753503351997,04:15:51.997,ALGO/USDT:USDT,0.2701,16244.6,0.27,135248.3,0.2702,20910.1,0.2703,86762.0
1753503352197,04:15:52.197,ALGO/USDT:USDT,0.2701,16244.6,0.27,135248.3,0.2702,20910.1,0.2703,86762.0
1753503352297,04:15:52.297,ALGO/USDT:USDT,0.2701,16244.6,0.27,135248.3,0.2702,20910.1,0.2703,86762.0
1753503352497,04:15:52.497,ALGO/USDT:USDT,0.2701,16244.6,0.27,135248.3,0.2702,36910.1,0.2703,86762.0
1753503352596,04:15:52.596,ALGO/USDT:USDT,0.2701,9051.8,0.27,135248.3,0.2702,36910.1,0.2703,86762.0
1753503352697,04:15:52.697,ALGO/USDT:USDT,0.2701,9051.8,0.27,132417.3,0.2702,36910.1,0.2703,88989.9
1753503352797,04:15:52.797,ALGO/USDT:USDT,0.2701,9048.7,0.27,132417.3,0.2702,36910.1,0.2703,88989.9
1753503352897,04:15:52.897,ALGO/USDT:USDT,0.2701,9048.7,0.27,132417.3,0.2702,36910.1,0.2703,88989.9
1753503353497,04:15:53.497,ALGO/USDT:USDT,0.2701,9048.7,0.27,132417.3,0.2702,36910.1,0.2703,90087.8
1753503353597,04:15:53.597,ALGO/USDT:USDT,0.2701,128.3,0.27,132417.3,0.2702,36910.1,0.2703,91013.2
1753503353696,04:15:53.696,ALGO/USDT:USDT,0.2701,128.3,0.27,132417.3,0.2702,36910.1,0.2703,91379.8
1753503353797,04:15:53.797,ALGO/USDT:USDT,0.2701,128.3,0.27,132417.3,0.2702,36910.1,0.2703,91379.8
1753503354099,04:15:54.099,ALGO/USDT:USDT,0.2701,128.3,0.27,132417.3,0.2702,36832.6,0.2703,91379.8
1753503354196,04:15:54.196,ALGO/USDT:USDT,0.2701,128.3,0.27,132417.3,0.2702,36939.6,0.2703,91379.8
1753503354296,04:15:54.296,ALGO/USDT:USDT,0.2701,128.3,0.27,132417.3,0.2702,36939.6,0.2703,91379.8
1753503354397,04:15:54.397,ALGO/USDT:USDT,0.2701,128.3,0.27,132417.3,0.2702,36939.6,0.2703,91379.8
1753503354497,04:15:54.497,ALGO/USDT:USDT,0.2701,128.3,0.27,132417.3,0.2702,36939.6,0.2703,92119.1
1753503354597,04:15:54.597,ALGO/USDT:USDT,0.2701,128.3,0.27,132417.3,0.2702,36939.6,0.2703,92489.2
1753503354897,04:15:54.897,ALGO/USDT:USDT,0.2701,128.3,0.27,132417.3,0.2702,36939.6,0.2703,92859.3
1753503355097,04:15:55.097,ALGO/USDT:USDT,0.2701,128.3,0.27,132417.3,0.2702,36946.2,0.2703,92859.3
1753503355197,04:15:55.197,ALGO/USDT:USDT,0.2701,128.3,0.27,132417.3,0.2702,36948.3,0.2703,92859.3
1753503355297,04:15:55.297,ALGO/USDT:USDT,0.2701,128.3,0.27,132417.3,0.2702,37064.4,0.2703,92859.3
1753503355797,04:15:55.797,ALGO/USDT:USDT,0.2701,128.3,0.27,132417.3,0.2702,36525.9,0.2703,93961.6
1753503355897,04:15:55.897,ALGO/USDT:USDT,0.2701,128.3,0.27,132417.3,0.2702,36525.9,0.2703,93594.3
1753503356098,04:15:56.098,ALGO/USDT:USDT,0.27,6169.8,0.2699,117486.8,0.2701,38843.0,0.2702,111500.2
1753503356197,04:15:56.197,ALGO/USDT:USDT,0.27,353.9,0.2699,101693.7,0.2701,40014.9,0.2702,115817.4
1753503356297,04:15:56.297,ALGO/USDT:USDT,0.27,353.9,0.2699,101693.7,0.2701,41037.2,0.2702,114649.2
1753503356397,04:15:56.397,ALGO/USDT:USDT,0.27,353.9,0.2699,101693.7,0.2701,45209.0,0.2702,116558.0
1753503356497,04:15:56.497,ALGO/USDT:USDT,0.27,353.9,0.2699,101693.7,0.2701,45209.0,0.2702,116558.0
1753503356597,04:15:56.597,ALGO/USDT:USDT,0.27,353.9,0.2699,100564.6,0.2701,45209.0,0.2702,116558.0
1753503356696,04:15:56.696,ALGO/USDT:USDT,0.27,353.9,0.2699,100564.6,0.2701,45209.0,0.2702,118778.6
1753503356797,04:15:56.797,ALGO/USDT:USDT,0.27,353.9,0.2699,100564.6,0.2701,45209.0,0.2702,119148.9
1753503356897,04:15:56.897,ALGO/USDT:USDT,0.27,353.9,0.2699,100564.6,0.2701,45209.0,0.2702,119148.9
1753503356997,04:15:56.997,ALGO/USDT:USDT,0.27,354.9,0.2699,100564.6,0.2701,45841.6,0.2702,118516.5
1753503357097,04:15:57.097,ALGO/USDT:USDT,0.2699,98996.5,0.2698,95263.1,0.27,15995.0,0.2701,77194.8
1753503357197,04:15:57.197,ALGO/USDT:USDT,0.2699,20866.1,0.2698,120159.8,0.27,24895.5,0.2701,100981.6
1753503357297,04:15:57.297,ALGO/USDT:USDT,0.2699,20866.1,0.2698,120159.8,0.27,25917.8,0.2701,100244.4
1753503357397,04:15:57.397,ALGO/USDT:USDT,0.2699,36866.1,0.2698,120159.8,0.27,25917.8,0.2701,100244.4
1753503357497,04:15:57.497,ALGO/USDT:USDT,0.2699,20866.1,0.2698,120159.8,0.27,25917.8,0.2701,99503.6
1753503357597,04:15:57.597,ALGO/USDT:USDT,0.2699,20866.1,0.2698,120159.8,0.27,25917.8,0.2701,99503.6
1753503357697,04:15:57.697,ALGO/USDT:USDT,0.2699,20066.1,0.2698,120159.8,0.27,27089.7,0.2701,98965.1
1753503357897,04:15:57.897,ALGO/USDT:USDT,0.2699,20066.1,0.2698,120159.8,0.27,27089.7,0.2701,98965.1
1753503358023,04:15:58.023,ALGO/USDT:USDT,0.2699,20066.1,0.2698,120159.8,0.27,25917.8,0.2701,99039.2
1753503358100,04:15:58.100,ALGO/USDT:USDT,0.2699,11291.1,0.2698,120159.8,0.27,28941.8,0.2701,101630.8
1753503358197,04:15:58.197,ALGO/USDT:USDT,0.2699,11291.1,0.2698,120159.8,0.27,24991.8,0.2701,98780.2
1753503358296,04:15:58.296,ALGO/USDT:USDT,0.2699,11291.1,0.2698,120159.8,0.27,25917.8,0.2701,98780.2
1753503358397,04:15:58.397,ALGO/USDT:USDT,0.2699,27291.1,0.2698,120159.8,0.27,34991.8,0.2701,98780.2
1753503358497,04:15:58.497,ALGO/USDT:USDT,0.2699,27291.1,0.2698,120159.8,0.27,24991.8,0.2701,98039.4
1753503358597,04:15:58.597,ALGO/USDT:USDT,0.2699,27291.1,0.2698,120159.8,0.27,24991.8,0.2701,98039.4
1753503358797,04:15:58.797,ALGO/USDT:USDT,0.2699,11291.1,0.2698,120159.8,0.27,24991.8,0.2701,98039.4
1753503358997,04:15:58.997,ALGO/USDT:USDT,0.2699,11291.1,0.2698,120159.8,0.27,24991.8,0.2701,98039.4
1753503359096,04:15:59.096,ALGO/USDT:USDT,0.2699,11291.1,0.2698,120159.8,0.27,24991.8,0.2701,98039.4
1753503359197,04:15:59.197,ALGO/USDT:USDT,0.2699,11291.1,0.2698,120159.8,0.27,24991.8,0.2701,98039.4
1753503359297,04:15:59.297,ALGO/USDT:USDT,0.2699,11291.1,0.2698,120159.8,0.27,24991.8,0.2701,98039.4
1753503359396,04:15:59.396,ALGO/USDT:USDT,0.2699,27291.1,0.2698,120233.9,0.27,24991.8,0.2701,98039.4
1753503359596,04:15:59.596,ALGO/USDT:USDT,0.2699,27291.1,0.2698,120233.9,0.27,24991.8,0.2701,98039.4
1753503359696,04:15:59.696,ALGO/USDT:USDT,0.2699,27291.1,0.2698,120233.9,0.27,24991.8,0.2701,98039.4
1753503359796,04:15:59.796,ALGO/USDT:USDT,0.2699,27291.1,0.2698,120233.9,0.27,24991.8,0.2701,98039.4
1753503359997,04:15:59.997,ALGO/USDT:USDT,0.2699,34622.6,0.2698,120233.9,0.27,24991.8,0.2701,94573.9
1753503360101,04:16:00.101,ALGO/USDT:USDT,0.2699,34622.6,0.2698,120233.9,0.27,16071.4,0.2701,94573.9
1753503360197,04:16:00.197,ALGO/USDT:USDT,0.2699,34622.6,0.2698,120233.9,0.27,16071.4,0.2701,94573.9
1753503360397,04:16:00.397,ALGO/USDT:USDT,0.2699,34751.5,0.2698,120233.9,0.27,16071.4,0.2701,94573.9
1753503360697,04:16:00.697,ALGO/USDT:USDT,0.2699,34751.5,0.2698,120233.9,0.27,16071.4,0.2701,94573.9
1753503360797,04:16:00.797,ALGO/USDT:USDT,0.2699,34751.5,0.2698,120233.9,0.27,24991.8,0.2701,94573.9
1753503360897,04:16:00.897,ALGO/USDT:USDT,0.2699,34751.5,0.2698,120159.8,0.27,24991.8,0.2701,94573.9
1753503361196,04:16:01.196,ALGO/USDT:USDT,0.2699,27420.0,0.2698,120159.8,0.27,24991.8,0.2701,94573.9
1753503361297,04:16:01.297,ALGO/USDT:USDT,0.2699,27420.0,0.2698,121114.0,0.27,24991.8,0.2701,94573.9
1753503361397,04:16:01.397,ALGO/USDT:USDT,0.2699,27420.0,0.2698,121114.0,0.27,24991.8,0.2701,97406.0
1753503361497,04:16:01.497,ALGO/USDT:USDT,0.2699,27420.0,0.2698,121114.0,0.27,25917.8,0.2701,97406.0
1753503361598,04:16:01.598,ALGO/USDT:USDT,0.2699,27420.0,0.2698,121114.0,0.27,25917.8,0.2701,97406.0
1753503361797,04:16:01.797,ALGO/USDT:USDT,0.2699,27420.0,0.2698,121114.0,0.27,27089.7,0.2701,97406.0
1753503361997,04:16:01.997,ALGO/USDT:USDT,0.2699,27420.0,0.2698,121114.0,0.27,24991.8,0.2701,97406.0
1753503362100,04:16:02.100,ALGO/USDT:USDT,0.2699,27401.4,0.2698,121114.0,0.27,28931.5,0.2701,97406.0
1753503362197,04:16:02.197,ALGO/USDT:USDT,0.2699,28201.4,0.2698,121188.1,0.27,28931.5,0.2701,97406.0
1753503362296,04:16:02.296,ALGO/USDT:USDT,0.2699,28201.4,0.2698,121188.1,0.27,28931.5,0.2701,97406.0
1753503362397,04:16:02.397,ALGO/USDT:USDT,0.2699,28201.4,0.2698,121188.1,0.27,28931.5,0.2701,97406.0
1753503362696,04:16:02.696,ALGO/USDT:USDT,0.2699,28201.4,0.2698,121188.1,0.27,28931.5,0.2701,97406.0
1753503362796,04:16:02.796,ALGO/USDT:USDT,0.2699,28201.4,0.2698,121188.1,0.27,28931.5,0.2701,97406.0
1753503362897,04:16:02.897,ALGO/USDT:USDT,0.2699,28201.4,0.2698,121188.1,0.27,28931.5,0.2701,97406.0
1753503362997,04:16:02.997,ALGO/USDT:USDT,0.2699,28201.4,0.2698,121114.0,0.27,28931.5,0.2701,97406.0
1753503363097,04:16:03.097,ALGO/USDT:USDT,0.2699,28226.5,0.2698,121114.0,0.27,30490.9,0.2701,97406.0
1753503363197,04:16:03.197,ALGO/USDT:USDT,0.2699,27426.5,0.2698,121114.0,0.27,30490.9,0.2701,97406.0
1753503363297,04:16:03.297,ALGO/USDT:USDT,0.2699,27426.5,0.2698,121114.0,0.27,30490.9,0.2701,97406.0
1753503363396,04:16:03.396,ALGO/USDT:USDT,0.2699,27426.5,0.2698,121188.1,0.27,28931.5,0.2701,97406.0
1753503363497,04:16:03.497,ALGO/USDT:USDT,0.2699,27426.5,0.2698,121114.0,0.27,28931.5,0.2701,97406.0
1753503363596,04:16:03.596,ALGO/USDT:USDT,0.2699,27426.5,0.2698,121114.0,0.27,29075.8,0.2701,97406.0
1753503363696,04:16:03.696,ALGO/USDT:USDT,0.2699,27426.5,0.2698,121114.0,0.27,29075.8,0.2701,97406.0
1753503363896,04:16:03.896,ALGO/USDT:USDT,0.2699,27426.5,0.2698,121114.0,0.27,31173.7,0.2701,97406.0
1753503363996,04:16:03.996,ALGO/USDT:USDT,0.2699,11426.5,0.2698,121114.0,0.27,31173.7,0.2701,97406.0
1753503364099,04:16:04.099,ALGO/USDT:USDT,0.2699,11426.5,0.2698,121114.0,0.27,31173.7,0.2701,97406.0
1753503364197,04:16:04.197,ALGO/USDT:USDT,0.2699,11426.5,0.2698,121114.0,0.27,30247.7,0.2701,97406.0
1753503364397,04:16:04.397,ALGO/USDT:USDT,0.2699,27426.5,0.2698,121188.1,0.27,23543.2,0.2701,97406.0
1753503364497,04:16:04.497,ALGO/USDT:USDT,0.2699,27426.5,0.2698,121188.1,0.27,23543.2,0.2701,97406.0
1753503364597,04:16:04.597,ALGO/USDT:USDT,0.2699,27426.5,0.2698,121188.1,0.27,23543.2,0.2701,97406.0
1753503365099,04:16:05.099,ALGO/USDT:USDT,0.2699,27426.5,0.2698,121188.1,0.27,23543.2,0.2701,97406.0
1753503365297,04:16:05.297,ALGO/USDT:USDT,0.2699,27426.5,0.2698,120233.9,0.27,23543.2,0.2701,97406.0
1753503365397,04:16:05.397,ALGO/USDT:USDT,0.2699,27426.5,0.2698,120233.9,0.27,23543.2,0.2701,97406.0
1753503365696,04:16:05.696,ALGO/USDT:USDT,0.2699,27426.5,0.2698,120233.9,0.27,23543.2,0.2701,97406.0
1753503365796,04:16:05.796,ALGO/USDT:USDT,0.2699,27426.5,0.2698,120233.9,0.27,23543.2,0.2701,97406.0
1753503365897,04:16:05.897,ALGO/USDT:USDT,0.2699,27426.5,0.2698,120233.9,0.27,23565.4,0.2701,97406.0
1753503365997,04:16:05.997,ALGO/USDT:USDT,0.2699,27426.5,0.2698,120233.9,0.27,23565.4,0.2701,97406.0
1753503366097,04:16:06.097,ALGO/USDT:USDT,0.2699,27426.5,0.2698,120233.9,0.27,23565.4,0.2701,97406.0
1753503366197,04:16:06.197,ALGO/USDT:USDT,0.2699,27426.5,0.2698,120233.9,0.27,23565.4,0.2701,97406.0
1753503366397,04:16:06.397,ALGO/USDT:USDT,0.2699,11426.5,0.2698,120159.8,0.27,23565.4,0.2701,97406.0
1753503366497,04:16:06.497,ALGO/USDT:USDT,0.2699,11426.5,0.2698,120159.8,0.27,25663.3,0.2701,97406.0
1753503366697,04:16:06.697,ALGO/USDT:USDT,0.2699,11426.5,0.2698,120159.8,0.27,25371.6,0.2701,96773.4
1753503366897,04:16:06.897,ALGO/USDT:USDT,0.2699,11426.5,0.2698,120159.8,0.27,25371.5,0.2701,96773.4
1753503367197,04:16:07.197,ALGO/USDT:USDT,0.2699,11426.5,0.2698,120159.8,0.27,25371.5,0.2701,96773.4
1753503367297,04:16:07.297,ALGO/USDT:USDT,0.2699,27426.5,0.2698,120233.9,0.27,24738.1,0.2701,96773.4
1753503367397,04:16:07.397,ALGO/USDT:USDT,0.2699,27426.5,0.2698,120233.9,0.27,24738.1,0.2701,96773.4
1753503367497,04:16:07.497,ALGO/USDT:USDT,0.2699,27426.5,0.2698,120233.9,0.27,24199.7,0.2701,96773.4
1753503367598,04:16:07.598,ALGO/USDT:USDT,0.2699,27426.5,0.2698,120233.9,0.27,24738.2,0.2701,96773.4
1753503367697,04:16:07.697,ALGO/USDT:USDT,0.2699,27426.5,0.2698,120233.9,0.27,24199.7,0.2701,96773.4
1753503367897,04:16:07.897,ALGO/USDT:USDT,0.2699,27426.5,0.2698,120233.9,0.27,24199.7,0.2701,96773.4
1753503367996,04:16:07.996,ALGO/USDT:USDT,0.2699,27426.5,0.2698,120233.9,0.27,24199.7,0.2701,96773.4
1753503368096,04:16:08.096,ALGO/USDT:USDT,0.2699,27426.5,0.2698,120233.9,0.27,24199.7,0.2701,96773.4
1753503368297,04:16:08.297,ALGO/USDT:USDT,0.2699,11426.5,0.2698,119030.7,0.27,40199.7,0.2701,96773.4
1753503368396,04:16:08.396,ALGO/USDT:USDT,0.2699,11426.5,0.2698,114858.9,0.27,42297.6,0.2701,96773.4
1753503368497,04:16:08.497,ALGO/USDT:USDT,0.2699,11426.5,0.2698,114858.9,0.27,42297.6,0.2701,97514.2
1753503368697,04:16:08.697,ALGO/USDT:USDT,0.2699,11426.5,0.2698,114858.9,0.27,42297.6,0.2701,97514.2
1753503369197,04:16:09.197,ALGO/USDT:USDT,0.2699,11426.5,0.2698,114858.9,0.27,42297.6,0.2701,97514.2
1753503369297,04:16:09.297,ALGO/USDT:USDT,0.2699,11426.5,0.2698,114858.9,0.27,42297.6,0.2701,97514.2
1753503369397,04:16:09.397,ALGO/USDT:USDT,0.2699,9096.7,0.2698,112026.8,0.27,44149.7,0.2701,97514.2
1753503369497,04:16:09.497,ALGO/USDT:USDT,0.2699,9096.7,0.2698,112026.8,0.27,44149.7,0.2701,97871.8
1753503369597,04:16:09.597,ALGO/USDT:USDT,0.2698,100432.0,0.2697,91681.6,0.2699,11793.4,0.27,50820.4
1753503369696,04:16:09.696,ALGO/USDT:USDT,0.2698,23305.9,0.2697,124268.9,0.2699,18747.1,0.27,116386.9
1753503369797,04:16:09.797,ALGO/USDT:USDT,0.2698,23305.9,0.2697,124268.9,0.2699,19769.4,0.27,115625.2
1753503369897,04:16:09.897,ALGO/USDT:USDT,0.2699,38707.1,0.2698,127414.7,0.27,23794.7,0.2701,45259.0
1753503369997,04:16:09.997,ALGO/USDT:USDT,0.2699,38932.0,0.2698,133365.0,0.27,23794.7,0.2701,82400.6
1753503370099,04:16:10.099,ALGO/USDT:USDT,0.2699,38932.0,0.2698,133365.0,0.27,23794.7,0.2701,86574.5
1753503370198,04:16:10.198,ALGO/USDT:USDT,0.2699,38707.1,0.2698,133365.0,0.27,23794.7,0.2701,86574.5
1753503370297,04:16:10.297,ALGO/USDT:USDT,0.2699,54932.0,0.2698,133365.0,0.27,23794.7,0.2701,86500.4
1753503370397,04:16:10.397,ALGO/USDT:USDT,0.2699,54932.0,0.2698,133365.0,0.27,23794.7,0.2701,86500.4
1753503370597,04:16:10.597,ALGO/USDT:USDT,0.2699,38932.0,0.2698,133735.4,0.27,23794.7,0.2701,86500.4
1753503370697,04:16:10.697,ALGO/USDT:USDT,0.2699,38707.1,0.2698,133735.4,0.27,23794.7,0.2701,86574.5
1753503370897,04:16:10.897,ALGO/USDT:USDT,0.2699,38707.1,0.2698,133735.4,0.27,23794.7,0.2701,86574.5
1753503370997,04:16:10.997,ALGO/USDT:USDT,0.2699,38707.1,0.2698,133735.4,0.27,23794.7,0.2701,86574.5
1753503371297,04:16:11.297,ALGO/USDT:USDT,0.2699,38707.1,0.2698,134260.5,0.27,23794.7,0.2701,86574.5
1753503371397,04:16:11.397,ALGO/USDT:USDT,0.2699,38932.0,0.2698,134260.5,0.27,24329.8,0.2701,89406.6
1753503371497,04:16:11.497,ALGO/USDT:USDT,0.2699,38932.0,0.2698,134260.5,0.27,23791.3,0.2701,89406.6
1753503371697,04:16:11.697,ALGO/USDT:USDT,0.2699,38707.1,0.2698,134260.5,0.27,23791.3,0.2701,89406.6
1753503371797,04:16:11.797,ALGO/USDT:USDT,0.2699,38707.1,0.2698,134260.5,0.27,23791.3,0.2701,89406.6
1753503372100,04:16:12.100,ALGO/USDT:USDT,0.2699,38932.0,0.2698,134260.5,0.27,23791.3,0.2701,89406.6
1753503372196,04:16:12.196,ALGO/USDT:USDT,0.2699,38707.1,0.2698,134260.5,0.27,23791.3,0.2701,89406.6
1753503372296,04:16:12.296,ALGO/USDT:USDT,0.2699,54932.0,0.2698,134260.5,0.27,23791.3,0.2701,89406.6
1753503372597,04:16:12.597,ALGO/USDT:USDT,0.2699,38932.0,0.2698,134260.5,0.27,24963.2,0.2701,89406.6
1753503372696,04:16:12.696,ALGO/USDT:USDT,0.2699,38707.1,0.2698,134260.5,0.27,24963.2,0.2701,89406.6
1753503372797,04:16:12.797,ALGO/USDT:USDT,0.2699,38707.1,0.2698,134260.5,0.27,24963.2,0.2701,89406.6
1753503372996,04:16:12.996,ALGO/USDT:USDT,0.2699,38932.0,0.2698,133334.1,0.27,24963.2,0.2701,89406.6
1753503373097,04:16:13.097,ALGO/USDT:USDT,0.2699,38932.0,0.2698,133334.1,0.27,24963.2,0.2701,89406.6
1753503373197,04:16:13.197,ALGO/USDT:USDT,0.2699,38932.0,0.2698,133334.1,0.27,24963.2,0.2701,89406.6
1753503373297,04:16:13.297,ALGO/USDT:USDT,0.2699,38932.0,0.2698,133334.1,0.27,31963.2,0.2701,89406.6
1753503373397,04:16:13.397,ALGO/USDT:USDT,0.2699,38932.0,0.2698,133334.1,0.27,24963.2,0.2701,89406.6
1753503373497,04:16:13.497,ALGO/USDT:USDT,0.2699,38132.0,0.2698,133334.1,0.27,27678.2,0.2701,89406.6
1753503373598,04:16:13.598,ALGO/USDT:USDT,0.2699,38132.0,0.2698,133334.1,0.27,27678.2,0.2701,89406.6
1753503373696,04:16:13.696,ALGO/USDT:USDT,0.2699,37907.1,0.2698,133334.1,0.27,26506.3,0.2701,89406.6
1753503373797,04:16:13.797,ALGO/USDT:USDT,0.2699,37907.1,0.2698,133334.1,0.27,26506.3,0.2701,89406.6
1753503374196,04:16:14.196,ALGO/USDT:USDT,0.2699,53907.1,0.2698,133334.1,0.27,26506.3,0.2701,89406.6
1753503374296,04:16:14.296,ALGO/USDT:USDT,0.2699,54132.0,0.2698,133334.1,0.27,26506.3,0.2701,89406.6
1753503374397,04:16:14.397,ALGO/USDT:USDT,0.2699,43132.0,0.2698,133334.1,0.27,26506.3,0.2701,89406.6
1753503374497,04:16:14.497,ALGO/USDT:USDT,0.2699,42907.1,0.2698,133334.1,0.27,26506.3,0.2701,89406.6
1753503374598,04:16:14.598,ALGO/USDT:USDT,0.2699,43132.0,0.2698,133334.1,0.27,26506.3,0.2701,89406.6
1753503374697,04:16:14.697,ALGO/USDT:USDT,0.2699,37907.1,0.2698,133334.1,0.27,27678.2,0.2701,89406.6
1753503374796,04:16:14.796,ALGO/USDT:USDT,0.2699,37907.1,0.2698,133334.1,0.27,27678.2,0.2701,89406.6
1753503374897,04:16:14.897,ALGO/USDT:USDT,0.2699,37907.1,0.2698,133334.1,0.27,27044.8,0.2701,89406.6
1753503375097,04:16:15.097,ALGO/USDT:USDT,0.2699,37907.1,0.2698,133334.1,0.27,27044.8,0.2701,89406.6
1753503375197,04:16:15.197,ALGO/USDT:USDT,0.2699,53907.1,0.2698,133334.1,0.27,26506.3,0.2701,89406.6
1753503375297,04:16:15.297,ALGO/USDT:USDT,0.2699,54132.0,0.2698,133334.1,0.27,27044.8,0.2701,89406.6
1753503375396,04:16:15.396,ALGO/USDT:USDT,0.2699,54132.0,0.2698,133334.1,0.27,27678.2,0.2701,89406.6
1753503375496,04:16:15.496,ALGO/USDT:USDT,0.2699,54132.0,0.2698,133334.1,0.27,26506.3,0.2701,89406.6
1753503375697,04:16:15.697,ALGO/USDT:USDT,0.2699,53907.1,0.2698,133334.1,0.27,26506.3,0.2701,89406.6
1753503375797,04:16:15.797,ALGO/USDT:USDT,0.2699,53907.1,0.2698,133334.1,0.27,17585.6,0.2701,89406.6
1753503375897,04:16:15.897,ALGO/USDT:USDT,0.2699,54132.0,0.2698,132437.2,0.27,17585.6,0.2701,89406.6
1753503375997,04:16:15.997,ALGO/USDT:USDT,0.2699,54132.0,0.2698,130955.0,0.27,26059.6,0.2701,89406.6
1753503376099,04:16:16.099,ALGO/USDT:USDT,0.2699,37907.1,0.2698,130955.0,0.27,27231.5,0.2701,89406.6
1753503376197,04:16:16.197,ALGO/USDT:USDT,0.2699,53907.1,0.2698,130584.6,0.27,27231.5,0.2701,89406.6
1753503376396,04:16:16.396,ALGO/USDT:USDT,0.2699,54132.0,0.2698,130584.6,0.27,26598.1,0.2701,89406.6
1753503376497,04:16:16.497,ALGO/USDT:USDT,0.2699,54132.0,0.2698,130584.6,0.27,27231.5,0.2701,89406.6
1753503376697,04:16:16.697,ALGO/USDT:USDT,0.2699,53907.1,0.2698,130584.6,0.27,27231.5,0.2701,89406.6
1753503376797,04:16:16.797,ALGO/USDT:USDT,0.2699,37907.1,0.2698,130584.6,0.27,27231.5,0.2701,89406.6
1753503376997,04:16:16.997,ALGO/USDT:USDT,0.2699,37907.1,0.2698,130584.6,0.27,27231.5,0.2701,89406.6
1753503377097,04:16:17.097,ALGO/USDT:USDT,0.2699,37907.1,0.2698,130584.6,0.27,27231.5,0.2701,89406.6
1753503377196,04:16:17.196,ALGO/USDT:USDT,0.2699,53907.1,0.2698,130584.6,0.27,27231.5,0.2701,89406.6
1753503377297,04:16:17.297,ALGO/USDT:USDT,0.2699,53907.1,0.2698,130584.6,0.27,27232.9,0.2701,89406.6
1753503377397,04:16:17.397,ALGO/USDT:USDT,0.2699,54132.0,0.2698,130584.6,0.27,27232.9,0.2701,89406.6
1753503377597,04:16:17.597,ALGO/USDT:USDT,0.2699,54132.0,0.2698,130584.6,0.27,27232.9,0.2701,89406.6
1753503377696,04:16:17.696,ALGO/USDT:USDT,0.2699,41907.1,0.2698,130584.6,0.27,27232.9,0.2701,89406.6
1753503377997,04:16:17.997,ALGO/USDT:USDT,0.2699,42132.0,0.2698,130584.6,0.27,27235.3,0.2701,89406.6
1753503378197,04:16:18.197,ALGO/USDT:USDT,0.2699,48132.0,0.2698,130584.6,0.27,27235.3,0.2701,89406.6
1753503378297,04:16:18.297,ALGO/USDT:USDT,0.2699,37907.1,0.2698,130584.6,0.27,27235.3,0.2701,89406.6
1753503378397,04:16:18.397,ALGO/USDT:USDT,0.2699,38132.0,0.2698,130584.6,0.27,27235.3,0.2701,89406.6
1753503378696,04:16:18.696,ALGO/USDT:USDT,0.2699,26287.1,0.2698,119504.6,0.27,28475.8,0.2701,89406.6
1753503378797,04:16:18.797,ALGO/USDT:USDT,0.2699,26287.1,0.2698,119504.6,0.27,28475.8,0.2701,91258.7
1753503378897,04:16:18.897,ALGO/USDT:USDT,0.2698,32038.2,0.2697,140432.5,0.2699,35223.6,0.27,108641.5
1753503378996,04:16:18.996,ALGO/USDT:USDT,0.2698,26087.9,0.2697,130225.4,0.2699,35223.6,0.27,122374.2
1753503379097,04:16:19.097,ALGO/USDT:USDT,0.2698,26087.9,0.2697,130225.4,0.2699,35223.6,0.27,122374.2
1753503379197,04:16:19.197,ALGO/USDT:USDT,0.2698,35087.9,0.2697,130225.4,0.2699,36023.6,0.27,122374.2
1753503379297,04:16:19.297,ALGO/USDT:USDT,0.2698,35087.9,0.2697,130225.4,0.2699,20023.6,0.27,122374.2
1753503379396,04:16:19.396,ALGO/USDT:USDT,0.2698,35087.9,0.2697,130225.4,0.2699,20023.6,0.27,122374.2
1753503379598,04:16:19.598,ALGO/USDT:USDT,0.2698,23056.3,0.2697,130225.4,0.2699,20023.6,0.27,122374.2
1753503379697,04:16:19.697,ALGO/USDT:USDT,0.2698,22831.4,0.2697,130225.4,0.2699,20023.6,0.27,122374.2
1753503380097,04:16:20.097,ALGO/USDT:USDT,0.2698,22831.4,0.2697,128372.4,0.2699,20023.6,0.27,122374.2
1753503380197,04:16:20.197,ALGO/USDT:USDT,0.2698,22831.4,0.2697,128372.4,0.2699,36023.6,0.27,122374.2
1753503380297,04:16:20.297,ALGO/USDT:USDT,0.2698,22831.4,0.2697,128372.4,0.2699,36023.6,0.27,122374.2
1753503380397,04:16:20.397,ALGO/USDT:USDT,0.2698,22831.4,0.2697,128372.4,0.2699,36023.6,0.27,122374.2
1753503380497,04:16:20.497,ALGO/USDT:USDT,0.2698,22831.4,0.2697,128372.4,0.2699,36023.6,0.27,122374.2
1753503380597,04:16:20.597,ALGO/USDT:USDT,0.2698,21350.4,0.2697,128372.4,0.2699,36023.6,0.27,122374.2
1753503381097,04:16:21.097,ALGO/USDT:USDT,0.2698,21350.4,0.2697,128372.4,0.2699,36657.0,0.27,121740.8
1753503381197,04:16:21.197,ALGO/USDT:USDT,0.2698,21350.4,0.2697,128372.4,0.2699,36657.0,0.27,121740.8
1753503381297,04:16:21.297,ALGO/USDT:USDT,0.2698,21350.4,0.2697,128372.4,0.2699,36657.0,0.27,121740.8
1753503381397,04:16:21.397,ALGO/USDT:USDT,0.2698,21350.4,0.2697,128001.9,0.2699,36023.6,0.27,121740.8
1753503381497,04:16:21.497,ALGO/USDT:USDT,0.2698,21350.4,0.2697,128076.1,0.2699,23960.1,0.27,117804.4
1753503381597,04:16:21.597,ALGO/USDT:USDT,0.2698,21350.4,0.2697,128076.1,0.2699,23960.1,0.27,117804.4
1753503381797,04:16:21.797,ALGO/USDT:USDT,0.2698,21350.4,0.2697,128001.9,0.2699,24095.5,0.27,117681.2
1753503381897,04:16:21.897,ALGO/USDT:USDT,0.2698,21350.4,0.2697,128076.1,0.2699,24095.5,0.27,117681.2
1753503382196,04:16:22.196,ALGO/USDT:USDT,0.2698,22583.3,0.2697,128001.9,0.2699,40095.5,0.27,117681.2
1753503382297,04:16:22.297,ALGO/USDT:USDT,0.2698,22583.3,0.2697,128001.9,0.2699,40967.0,0.27,117681.2
1753503382397,04:16:22.397,ALGO/USDT:USDT,0.2698,16962.0,0.2697,128001.9,0.2699,41600.4,0.27,117681.2
1753503382496,04:16:22.496,ALGO/USDT:USDT,0.2698,16162.0,0.2697,128001.9,0.2699,41600.4,0.27,117681.2
1753503382597,04:16:22.597,ALGO/USDT:USDT,0.2698,16162.0,0.2697,128001.9,0.2699,41600.4,0.27,117681.2
1753503383097,04:16:23.097,ALGO/USDT:USDT,0.2698,16162.0,0.2697,128001.9,0.2699,40967.0,0.27,117681.2
1753503383396,04:16:23.396,ALGO/USDT:USDT,0.2698,16162.0,0.2697,128001.9,0.2699,41600.4,0.27,117681.2
1753503383597,04:16:23.597,ALGO/USDT:USDT,0.2698,16162.0,0.2697,128001.9,0.2699,41600.4,0.27,117681.2
1753503383797,04:16:23.797,ALGO/USDT:USDT,0.2698,16162.0,0.2697,128001.9,0.2699,41600.4,0.27,117681.2
1753503383897,04:16:23.897,ALGO/USDT:USDT,0.2698,16162.0,0.2697,128076.1,0.2699,24967.0,0.27,117681.2
1753503383997,04:16:23.997,ALGO/USDT:USDT,0.2698,16162.0,0.2697,128076.1,0.2699,24967.0,0.27,117681.2
1753503384100,04:16:24.100,ALGO/USDT:USDT,0.2698,32162.0,0.2697,128076.1,0.2699,40967.0,0.27,117681.2
1753503384296,04:16:24.296,ALGO/USDT:USDT,0.2698,32162.0,0.2697,128076.1,0.2699,24967.0,0.27,117681.2
1753503384397,04:16:24.397,ALGO/USDT:USDT,0.2698,16162.0,0.2697,128076.1,0.2699,25600.4,0.27,117681.2
1753503384497,04:16:24.497,ALGO/USDT:USDT,0.2698,16162.0,0.2697,128001.9,0.2699,25600.4,0.27,117681.2
1753503384597,04:16:24.597,ALGO/USDT:USDT,0.2698,16162.0,0.2697,128001.9,0.2699,25600.4,0.27,117681.2
1753503384696,04:16:24.696,ALGO/USDT:USDT,0.2698,16162.0,0.2697,128076.1,0.2699,25600.4,0.27,117681.2
1753503384796,04:16:24.796,ALGO/USDT:USDT,0.2698,16162.0,0.2697,128001.9,0.2699,26138.9,0.27,117681.2
1753503384897,04:16:24.897,ALGO/USDT:USDT,0.2698,8925.3,0.2697,128001.9,0.2699,26218.8,0.27,117681.2
1753503384996,04:16:24.996,ALGO/USDT:USDT,0.2698,8925.3,0.2697,123828.0,0.2699,30393.6,0.27,117681.2
1753503385097,04:16:25.097,ALGO/USDT:USDT,0.2698,8925.3,0.2697,123828.0,0.2699,46393.6,0.27,117681.2
1753503385197,04:16:25.197,ALGO/USDT:USDT,0.2698,8925.3,0.2697,123828.0,0.2699,46393.6,0.27,119590.0
