timestamp,time,symbol,bid1_price,bid1_volume,bid2_price,bid2_volume,ask1_price,ask1_volume,ask2_price,ask2_volume
1753503734197,04:22:14.197,ALGO/USDT:USDT,0.27,21614.8,0.2699,126823.8,0.2701,34192.0,0.2702,134896.9
1753503734497,04:22:14.497,ALGO/USDT:USDT,0.27,21614.8,0.2699,126823.8,0.2701,34192.0,0.2702,134896.9
1753503734596,04:22:14.596,ALGO/USDT:USDT,0.27,21614.8,0.2699,126823.8,0.2701,34866.8,0.2702,134896.9
1753503734798,04:22:14.798,ALGO/USDT:USDT,0.27,5408.5,0.2699,123870.5,0.2701,35540.6,0.2702,139034.2
1753503734897,04:22:14.897,ALGO/USDT:USDT,0.27,5408.5,0.2699,123870.5,0.2701,35542.6,0.2702,139774.8
1753503735197,04:22:15.197,ALGO/USDT:USDT,0.27,5408.5,0.2699,123870.5,0.2701,35542.6,0.2702,139774.8
1753503735297,04:22:15.297,ALGO/USDT:USDT,0.27,5382.8,0.2699,123870.5,0.2701,35542.6,0.2702,140141.5
1753503735597,04:22:15.597,ALGO/USDT:USDT,0.27,5382.8,0.2699,123870.5,0.2701,35542.6,0.2702,140865.9
1753503735897,04:22:15.897,ALGO/USDT:USDT,0.27,5382.8,0.2699,123870.5,0.2701,35542.6,0.2702,140865.9
1753503735998,04:22:15.998,ALGO/USDT:USDT,0.27,5382.8,0.2699,123870.5,0.2701,35542.6,0.2702,140865.9
1753503736797,04:22:16.797,ALGO/USDT:USDT,0.27,5382.8,0.2699,123870.5,0.2701,35542.6,0.2702,140865.9
1753503737097,04:22:17.097,ALGO/USDT:USDT,0.27,5382.8,0.2699,123870.5,0.2701,35542.6,0.2702,140865.9
1753503737397,04:22:17.397,ALGO/USDT:USDT,0.27,5382.8,0.2699,123870.5,0.2701,35542.6,0.2702,140865.9
1753503737497,04:22:17.497,ALGO/USDT:USDT,0.27,5382.8,0.2699,123870.5,0.2701,35542.6,0.2702,142334.1
1753503737597,04:22:17.597,ALGO/USDT:USDT,0.27,5382.8,0.2699,123870.5,0.2701,35542.6,0.2702,142334.1
1753503737696,04:22:17.696,ALGO/USDT:USDT,0.27,5382.8,0.2699,123870.5,0.2701,35487.9,0.2702,142334.1
1753503737797,04:22:17.797,ALGO/USDT:USDT,0.27,5382.8,0.2699,123870.5,0.2701,35572.0,0.2702,142334.1
1753503737898,04:22:17.898,ALGO/USDT:USDT,0.27,5382.8,0.2699,123870.5,0.2701,35572.0,0.2702,142334.1
1753503737997,04:22:17.997,ALGO/USDT:USDT,0.27,5382.8,0.2699,126823.8,0.2701,35574.1,0.2702,142334.1
1753503738096,04:22:18.096,ALGO/USDT:USDT,0.27,5382.8,0.2699,126823.8,0.2701,35574.1,0.2702,142334.1
1753503738297,04:22:18.297,ALGO/USDT:USDT,0.27,5382.8,0.2699,126823.8,0.2701,35574.1,0.2702,142334.1
1753503738397,04:22:18.397,ALGO/USDT:USDT,0.27,5382.8,0.2699,126823.8,0.2701,35574.1,0.2702,142704.4
1753503739598,04:22:19.598,ALGO/USDT:USDT,0.27,5382.8,0.2699,126823.8,0.2701,35574.1,0.2702,142346.8
1753503739696,04:22:19.696,ALGO/USDT:USDT,0.27,21455.7,0.2699,126897.9,0.2701,34225.5,0.2702,141976.5
1753503739896,04:22:19.896,ALGO/USDT:USDT,0.27,14280.8,0.2699,126897.9,0.2701,34225.5,0.2702,141976.5
1753503739997,04:22:19.997,ALGO/USDT:USDT,0.27,14280.8,0.2699,126897.9,0.2701,34900.3,0.2702,141976.5
1753503740097,04:22:20.097,ALGO/USDT:USDT,0.27,14280.8,0.2699,126897.9,0.2701,34900.3,0.2702,141976.5
1753503740296,04:22:20.296,ALGO/USDT:USDT,0.27,5382.8,0.2699,126823.8,0.2701,34900.3,0.2702,141606.2
1753503740397,04:22:20.397,ALGO/USDT:USDT,0.27,5382.8,0.2699,126823.8,0.2701,34900.3,0.2702,141606.2
1753503740497,04:22:20.497,ALGO/USDT:USDT,0.27,5382.8,0.2699,126823.8,0.2701,34900.3,0.2702,140875.1
1753503740596,04:22:20.596,ALGO/USDT:USDT,0.27,5382.8,0.2699,126823.8,0.2701,34900.3,0.2702,140508.3
1753503740697,04:22:20.697,ALGO/USDT:USDT,0.27,5382.8,0.2699,126823.8,0.2701,34900.3,0.2702,140508.3
1753503740796,04:22:20.796,ALGO/USDT:USDT,0.27,5382.8,0.2699,126823.8,0.2701,34900.3,0.2702,140141.5
1753503740997,04:22:20.997,ALGO/USDT:USDT,0.27,5382.8,0.2699,126823.8,0.2701,35574.1,0.2702,140141.5
1753503741397,04:22:21.397,ALGO/USDT:USDT,0.27,5382.8,0.2699,126823.8,0.2701,35574.1,0.2702,140878.6
1753503741496,04:22:21.496,ALGO/USDT:USDT,0.27,5382.9,0.2699,126823.8,0.2701,35574.1,0.2702,140878.6
1753503741597,04:22:21.597,ALGO/USDT:USDT,0.27,5382.9,0.2699,126823.8,0.2701,35574.1,0.2702,141245.4
1753503741997,04:22:21.997,ALGO/USDT:USDT,0.27,5382.9,0.2699,126823.8,0.2701,35574.1,0.2702,141245.4
1753503742100,04:22:22.100,ALGO/USDT:USDT,0.27,5382.9,0.2699,126823.8,0.2701,35574.1,0.2702,141245.4
1753503742497,04:22:22.497,ALGO/USDT:USDT,0.27,5382.9,0.2699,126823.8,0.2701,35574.1,0.2702,141245.4
1753503742598,04:22:22.598,ALGO/USDT:USDT,0.27,5382.9,0.2699,126823.8,0.2701,35574.1,0.2702,141245.4
1753503743097,04:22:23.097,ALGO/USDT:USDT,0.27,12557.8,0.2699,126897.9,0.2701,34900.3,0.2702,141245.4
1753503743197,04:22:23.197,ALGO/USDT:USDT,0.27,12557.8,0.2699,126897.9,0.2701,34225.5,0.2702,141245.4
1753503743497,04:22:23.497,ALGO/USDT:USDT,0.27,21455.8,0.2699,126897.9,0.2701,34225.5,0.2702,141245.4
1753503743697,04:22:23.697,ALGO/USDT:USDT,0.27,21455.8,0.2699,126897.9,0.2701,34225.5,0.2702,141245.4
1753503743797,04:22:23.797,ALGO/USDT:USDT,0.27,21455.8,0.2699,126897.9,0.2701,34225.5,0.2702,140878.6
1753503743897,04:22:23.897,ALGO/USDT:USDT,0.27,21455.8,0.2699,126897.9,0.2701,34248.6,0.2702,140878.6
1753503744100,04:22:24.100,ALGO/USDT:USDT,0.27,21455.8,0.2699,126897.9,0.2701,34248.6,0.2702,140878.6
1753503744297,04:22:24.297,ALGO/USDT:USDT,0.27,21455.8,0.2699,126897.9,0.2701,34248.6,0.2702,140878.6
1753503744397,04:22:24.397,ALGO/USDT:USDT,0.27,21455.8,0.2699,126897.9,0.2701,34923.7,0.2702,140508.3
1753503744697,04:22:24.697,ALGO/USDT:USDT,0.27,21455.8,0.2699,126897.9,0.2701,35597.5,0.2702,140508.3
1753503744796,04:22:24.796,ALGO/USDT:USDT,0.27,21455.8,0.2699,126897.9,0.2701,34923.7,0.2702,140141.5
1753503744896,04:22:24.896,ALGO/USDT:USDT,0.27,21455.8,0.2699,126897.9,0.2701,34923.7,0.2702,140141.5
1753503745197,04:22:25.197,ALGO/USDT:USDT,0.27,21455.8,0.2699,126897.9,0.2701,35597.5,0.2702,140141.5
1753503745397,04:22:25.397,ALGO/USDT:USDT,0.27,21455.8,0.2699,126823.8,0.2701,35597.5,0.2702,140141.5
1753503745497,04:22:25.497,ALGO/USDT:USDT,0.27,21455.8,0.2699,126897.9,0.2701,35597.5,0.2702,140141.5
1753503745597,04:22:25.597,ALGO/USDT:USDT,0.27,12557.8,0.2699,126823.8,0.2701,35597.5,0.2702,140141.5
1753503745696,04:22:25.696,ALGO/USDT:USDT,0.27,5382.9,0.2699,126823.8,0.2701,35597.5,0.2702,140141.5
1753503745796,04:22:25.796,ALGO/USDT:USDT,0.27,5382.9,0.2699,126823.8,0.2701,35597.5,0.2702,140141.5
1753503746297,04:22:26.297,ALGO/USDT:USDT,0.27,5382.9,0.2699,126823.8,0.2701,35625.7,0.2702,140141.5
1753503746397,04:22:26.397,ALGO/USDT:USDT,0.27,5382.9,0.2699,126823.8,0.2701,35625.7,0.2702,140508.3
1753503746497,04:22:26.497,ALGO/USDT:USDT,0.27,5382.9,0.2699,126823.8,0.2701,35625.7,0.2702,141245.4
1753503746597,04:22:26.597,ALGO/USDT:USDT,0.27,5382.9,0.2699,126823.8,0.2701,35628.5,0.2702,141245.4
1753503746696,04:22:26.696,ALGO/USDT:USDT,0.27,5382.9,0.2699,126823.8,0.2701,35628.5,0.2702,141245.4
1753503746897,04:22:26.897,ALGO/USDT:USDT,0.27,4582.9,0.2699,126823.8,0.2701,35628.5,0.2702,141245.4
1753503746997,04:22:26.997,ALGO/USDT:USDT,0.27,4575.9,0.2699,126823.8,0.2701,35628.5,0.2702,139630.4
1753503747098,04:22:27.098,ALGO/USDT:USDT,0.27,4575.9,0.2699,126823.8,0.2701,35628.5,0.2702,140000.7
1753503747197,04:22:27.197,ALGO/USDT:USDT,0.27,4575.9,0.2699,123870.5,0.2701,41865.9,0.2702,141926.3
1753503747297,04:22:27.297,ALGO/USDT:USDT,0.27,4575.9,0.2699,123870.5,0.2701,40088.5,0.2702,143381.8
1753503747397,04:22:27.397,ALGO/USDT:USDT,0.27,4575.9,0.2699,123870.5,0.2701,37768.9,0.2702,143381.8
1753503747497,04:22:27.497,ALGO/USDT:USDT,0.27,4575.9,0.2699,123870.5,0.2701,36028.5,0.2702,143677.0
1753503747598,04:22:27.598,ALGO/USDT:USDT,0.27,4575.9,0.2699,123870.5,0.2701,36028.5,0.2702,141768.2
1753503747797,04:22:27.797,ALGO/USDT:USDT,0.27,4575.9,0.2699,126823.8,0.2701,36032.9,0.2702,141768.2
1753503747896,04:22:27.896,ALGO/USDT:USDT,0.27,4575.9,0.2699,126823.8,0.2701,36036.0,0.2702,141768.2
1753503748297,04:22:28.297,ALGO/USDT:USDT,0.27,4575.9,0.2699,126823.8,0.2701,36036.0,0.2702,141768.2
1753503748397,04:22:28.397,ALGO/USDT:USDT,0.27,4575.9,0.2699,126823.8,0.2701,36036.0,0.2702,141768.2
1753503748497,04:22:28.497,ALGO/USDT:USDT,0.27,4575.9,0.2699,126823.8,0.2701,36036.0,0.2702,141398.9
1753503748597,04:22:28.597,ALGO/USDT:USDT,0.27,4575.9,0.2699,126823.8,0.2701,36036.0,0.2702,141398.9
1753503748696,04:22:28.696,ALGO/USDT:USDT,0.27,4575.9,0.2699,126823.8,0.2701,36036.0,0.2702,141398.9
1753503748796,04:22:28.796,ALGO/USDT:USDT,0.27,4575.9,0.2699,126823.8,0.2701,36036.0,0.2702,141398.9
1753503748897,04:22:28.897,ALGO/USDT:USDT,0.27,4575.9,0.2699,126823.8,0.2701,36036.0,0.2702,143307.7
1753503748997,04:22:28.997,ALGO/USDT:USDT,0.27,11952.1,0.2699,126823.8,0.2701,36036.0,0.2702,143307.7
1753503749097,04:22:29.097,ALGO/USDT:USDT,0.27,4577.6,0.2699,126823.8,0.2701,36036.0,0.2702,143307.7
1753503749197,04:22:29.197,ALGO/USDT:USDT,0.27,4453.5,0.2699,126823.8,0.2701,36272.0,0.2702,143307.7
1753503749597,04:22:29.597,ALGO/USDT:USDT,0.27,4453.5,0.2699,126823.8,0.2701,36278.8,0.2702,143307.7
1753503749997,04:22:29.997,ALGO/USDT:USDT,0.27,4453.5,0.2699,126823.8,0.2701,35605.0,0.2702,142200.3
1753503750197,04:22:30.197,ALGO/USDT:USDT,0.27,4453.5,0.2699,126823.8,0.2701,35605.0,0.2702,149931.0
1753503750296,04:22:30.296,ALGO/USDT:USDT,0.27,4453.5,0.2699,126823.8,0.2701,38019.2,0.2702,148153.6
1753503750397,04:22:30.397,ALGO/USDT:USDT,0.27,4453.5,0.2699,126823.8,0.2701,38040.4,0.2702,148890.7
1753503750497,04:22:30.497,ALGO/USDT:USDT,0.27,4453.5,0.2699,126823.8,0.2701,38040.4,0.2702,149261.0
1753503750597,04:22:30.597,ALGO/USDT:USDT,0.27,4453.5,0.2699,126823.8,0.2701,37114.7,0.2702,149261.0
1753503750697,04:22:30.697,ALGO/USDT:USDT,0.27,4453.5,0.2699,126823.8,0.2701,37114.7,0.2702,159428.6
1753503750796,04:22:30.796,ALGO/USDT:USDT,0.27,4453.5,0.2699,126823.8,0.2701,36374.1,0.2702,159428.6
1753503750897,04:22:30.897,ALGO/USDT:USDT,0.27,4453.5,0.2699,126823.8,0.2701,36374.1,0.2702,159428.6
1753503750997,04:22:30.997,ALGO/USDT:USDT,0.27,4453.5,0.2699,126823.8,0.2701,36374.1,0.2702,159428.6
1753503751097,04:22:31.097,ALGO/USDT:USDT,0.27,4453.5,0.2699,126823.8,0.2701,36374.1,0.2702,159428.6
1753503751296,04:22:31.296,ALGO/USDT:USDT,0.27,4453.5,0.2699,126823.8,0.2701,36300.0,0.2702,159354.5
1753503751397,04:22:31.397,ALGO/USDT:USDT,0.27,11716.2,0.2699,126823.8,0.2701,34951.4,0.2702,157445.7
1753503751497,04:22:31.497,ALGO/USDT:USDT,0.27,11716.2,0.2699,126897.9,0.2701,36300.0,0.2702,157445.7
1753503751597,04:22:31.597,ALGO/USDT:USDT,0.27,11716.2,0.2699,126897.9,0.2701,36295.8,0.2702,157445.7
1753503751897,04:22:31.897,ALGO/USDT:USDT,0.27,4453.5,0.2699,126823.8,0.2701,35622.0,0.2702,157445.7
1753503751997,04:22:31.997,ALGO/USDT:USDT,0.2699,126823.8,0.2698,127603.0,0.2701,35622.0,0.2702,157445.7
1753503752099,04:22:32.099,ALGO/USDT:USDT,0.27,15629.6,0.2699,136447.9,0.2701,34947.2,0.2702,158984.2
1753503752197,04:22:32.197,ALGO/USDT:USDT,0.27,15629.6,0.2699,136447.9,0.2701,35696.1,0.2702,159058.3
1753503752297,04:22:32.297,ALGO/USDT:USDT,0.27,15629.6,0.2699,136447.9,0.2701,34947.1,0.2702,158688.0
1753503752397,04:22:32.397,ALGO/USDT:USDT,0.27,15629.6,0.2699,136447.9,0.2701,34947.1,0.2702,158321.2
1753503752497,04:22:32.497,ALGO/USDT:USDT,0.27,15629.6,0.2699,136447.9,0.2701,34947.1,0.2702,157232.5
1753503752597,04:22:32.597,ALGO/USDT:USDT,0.27,15629.6,0.2699,135774.1,0.2701,36369.8,0.2702,156498.9
1753503752797,04:22:32.797,ALGO/USDT:USDT,0.27,6731.6,0.2699,135774.1,0.2701,36369.8,0.2702,156498.9
1753503752996,04:22:32.996,ALGO/USDT:USDT,0.27,6731.6,0.2699,135774.1,0.2701,36369.8,0.2702,156498.9
1753503753097,04:22:33.097,ALGO/USDT:USDT,0.27,6731.6,0.2699,135774.1,0.2701,36369.8,0.2702,156498.9
1753503753497,04:22:33.497,ALGO/USDT:USDT,0.27,6731.6,0.2699,135774.1,0.2701,36369.8,0.2702,156856.5
1753503753597,04:22:33.597,ALGO/USDT:USDT,0.27,6731.6,0.2699,135774.1,0.2701,36369.8,0.2702,157223.3
1753503753997,04:22:33.997,ALGO/USDT:USDT,0.27,22731.6,0.2699,135774.1,0.2701,36369.8,0.2702,157223.3
1753503754100,04:22:34.100,ALGO/USDT:USDT,0.27,22731.6,0.2699,135774.1,0.2701,36369.8,0.2702,157223.3
1753503754198,04:22:34.198,ALGO/USDT:USDT,0.27,22731.6,0.2699,135774.1,0.2701,35021.2,0.2702,157223.3
1753503754496,04:22:34.496,ALGO/USDT:USDT,0.27,22731.6,0.2699,135774.1,0.2701,35621.9,0.2702,156856.5
1753503754597,04:22:34.597,ALGO/USDT:USDT,0.27,22731.6,0.2699,135774.1,0.2701,34947.1,0.2702,156856.5
1753503754697,04:22:34.697,ALGO/USDT:USDT,0.27,22731.6,0.2699,135774.1,0.2701,36369.8,0.2702,156856.5
1753503755096,04:22:35.096,ALGO/USDT:USDT,0.27,22731.6,0.2699,135774.1,0.2701,36369.8,0.2702,156856.5
1753503755697,04:22:35.697,ALGO/USDT:USDT,0.27,31629.6,0.2699,135774.1,0.2701,21365.7,0.2702,156498.9
1753503755796,04:22:35.796,ALGO/USDT:USDT,0.27,31629.6,0.2699,135774.1,0.2701,21365.7,0.2702,151637.9
1753503755897,04:22:35.897,ALGO/USDT:USDT,0.27,31629.6,0.2699,135774.1,0.2701,31365.7,0.2702,151637.9
1753503756197,04:22:36.197,ALGO/USDT:USDT,0.27,31629.6,0.2699,135774.1,0.2701,21366.5,0.2702,151637.9
1753503756297,04:22:36.297,ALGO/USDT:USDT,0.27,31629.6,0.2699,135774.1,0.2701,21366.5,0.2702,151637.9
1753503756397,04:22:36.397,ALGO/USDT:USDT,0.27,31629.6,0.2699,135774.1,0.2701,21366.8,0.2702,151637.9
1753503756498,04:22:36.498,ALGO/USDT:USDT,0.27,31629.6,0.2699,135774.1,0.2701,21366.8,0.2702,150530.6
1753503756597,04:22:36.597,ALGO/USDT:USDT,0.27,31629.6,0.2699,135774.1,0.2701,21366.8,0.2702,150530.6
1753503756697,04:22:36.697,ALGO/USDT:USDT,0.27,39566.1,0.2699,135774.1,0.2701,21366.8,0.2702,150530.6
1753503756797,04:22:36.797,ALGO/USDT:USDT,0.27,39566.1,0.2699,135774.1,0.2701,21366.8,0.2702,150530.6
1753503756897,04:22:36.897,ALGO/USDT:USDT,0.27,39566.1,0.2699,135774.1,0.2701,21366.8,0.2702,150530.6
1753503756997,04:22:36.997,ALGO/USDT:USDT,0.27,39566.1,0.2699,135774.1,0.2701,21366.8,0.2702,150530.6
1753503757097,04:22:37.097,ALGO/USDT:USDT,0.27,38892.3,0.2699,135774.1,0.2701,21366.8,0.2702,150530.6
1753503757196,04:22:37.196,ALGO/USDT:USDT,0.27,38892.3,0.2699,135774.1,0.2701,21366.8,0.2702,150530.6
1753503757297,04:22:37.297,ALGO/USDT:USDT,0.27,38892.3,0.2699,135774.1,0.2701,21366.8,0.2702,150530.6
1753503757997,04:22:37.997,ALGO/USDT:USDT,0.27,38892.3,0.2699,135774.1,0.2701,21366.8,0.2702,150530.6
1753503758100,04:22:38.100,ALGO/USDT:USDT,0.27,39566.1,0.2699,135774.1,0.2701,21366.8,0.2702,150530.6
1753503758197,04:22:38.197,ALGO/USDT:USDT,0.27,38892.3,0.2699,135774.1,0.2701,21366.8,0.2702,150530.6
1753503758297,04:22:38.297,ALGO/USDT:USDT,0.27,39566.1,0.2699,135774.1,0.2701,21366.8,0.2702,153482.8
1753503758496,04:22:38.496,ALGO/USDT:USDT,0.27,39566.1,0.2699,135774.1,0.2701,21366.8,0.2702,153482.8
1753503758597,04:22:38.597,ALGO/USDT:USDT,0.27,39566.1,0.2699,135774.1,0.2701,21366.8,0.2702,153482.8
1753503758696,04:22:38.696,ALGO/USDT:USDT,0.27,38892.3,0.2699,135774.1,0.2701,21366.8,0.2702,153482.8
1753503758897,04:22:38.897,ALGO/USDT:USDT,0.27,38892.3,0.2699,135774.1,0.2701,34440.9,0.2702,153482.8
1753503758997,04:22:38.997,ALGO/USDT:USDT,0.27,38892.3,0.2699,135774.1,0.2701,34440.9,0.2702,153482.8
1753503759397,04:22:39.397,ALGO/USDT:USDT,0.27,39566.1,0.2699,135774.1,0.2701,21366.8,0.2702,153482.8
1753503759596,04:22:39.596,ALGO/USDT:USDT,0.27,39566.1,0.2699,135774.1,0.2701,21366.8,0.2702,153482.8
1753503759997,04:22:39.997,ALGO/USDT:USDT,0.27,39566.1,0.2699,135774.1,0.2701,21366.8,0.2702,153482.8
1753503760396,04:22:40.396,ALGO/USDT:USDT,0.27,39566.1,0.2699,135774.1,0.2701,21366.8,0.2702,153482.8
1753503760497,04:22:40.497,ALGO/USDT:USDT,0.27,38892.3,0.2699,135774.1,0.2701,21366.8,0.2702,153482.8
1753503760697,04:22:40.697,ALGO/USDT:USDT,0.27,38892.3,0.2699,135774.1,0.2701,22789.5,0.2702,153482.8
1753503760797,04:22:40.797,ALGO/USDT:USDT,0.27,38892.3,0.2699,135774.1,0.2701,22789.5,0.2702,153482.8
1753503760896,04:22:40.896,ALGO/USDT:USDT,0.27,38892.3,0.2699,135774.1,0.2701,38789.5,0.2702,153482.8
1753503760997,04:22:40.997,ALGO/USDT:USDT,0.27,31629.6,0.2699,135774.1,0.2701,38789.5,0.2702,153482.8
1753503761097,04:22:41.097,ALGO/USDT:USDT,0.27,31629.6,0.2699,135774.1,0.2701,38789.5,0.2702,153482.8
1753503761197,04:22:41.197,ALGO/USDT:USDT,0.27,31629.6,0.2699,135774.1,0.2701,38789.5,0.2702,153482.8
1753503761297,04:22:41.297,ALGO/USDT:USDT,0.27,31629.6,0.2699,135774.1,0.2701,21366.8,0.2702,153482.8
1753503761497,04:22:41.497,ALGO/USDT:USDT,0.27,31629.6,0.2699,135774.1,0.2701,21366.8,0.2702,155279.8
1753503761598,04:22:41.598,ALGO/USDT:USDT,0.27,31629.6,0.2699,135774.1,0.2701,22393.3,0.2702,155279.8
1753503761697,04:22:41.697,ALGO/USDT:USDT,0.27,31629.6,0.2699,135774.1,0.2701,23702.8,0.2702,155279.8
1753503761796,04:22:41.796,ALGO/USDT:USDT,0.27,31629.6,0.2699,135774.1,0.2701,24148.1,0.2702,155279.8
1753503761897,04:22:41.897,ALGO/USDT:USDT,0.27,15629.6,0.2699,135774.1,0.2701,40148.1,0.2702,156387.1
1753503762197,04:22:42.197,ALGO/USDT:USDT,0.27,15629.6,0.2699,135774.1,0.2701,40148.1,0.2702,156387.1
1753503762697,04:22:42.697,ALGO/USDT:USDT,0.27,15629.6,0.2699,135774.1,0.2701,40148.1,0.2702,156387.1
1753503762896,04:22:42.896,ALGO/USDT:USDT,0.27,23629.6,0.2699,135774.1,0.2701,40148.1,0.2702,156387.1
1753503762997,04:22:42.997,ALGO/USDT:USDT,0.27,15629.6,0.2699,135774.1,0.2701,40148.1,0.2702,156387.1
1753503763098,04:22:43.098,ALGO/USDT:USDT,0.27,15629.6,0.2699,135774.1,0.2701,40148.1,0.2702,156387.1
1753503763197,04:22:43.197,ALGO/USDT:USDT,0.27,15629.6,0.2699,135774.1,0.2701,40148.0,0.2702,156387.1
1753503763297,04:22:43.297,ALGO/USDT:USDT,0.27,15629.6,0.2699,135774.1,0.2701,40148.0,0.2702,156387.1
1753503763397,04:22:43.397,ALGO/USDT:USDT,0.27,15629.6,0.2699,135774.1,0.2701,40148.0,0.2702,156387.1
1753503763597,04:22:43.597,ALGO/USDT:USDT,0.27,15629.6,0.2699,135774.1,0.2701,40148.0,0.2702,156387.1
1753503763697,04:22:43.697,ALGO/USDT:USDT,0.27,6731.6,0.2699,135774.1,0.2701,40148.0,0.2702,158295.9
1753503763797,04:22:43.797,ALGO/USDT:USDT,0.27,6731.6,0.2699,135774.1,0.2701,40148.0,0.2702,158295.9
1753503763896,04:22:43.896,ALGO/USDT:USDT,0.27,15731.6,0.2699,135774.1,0.2701,40148.0,0.2702,158295.9
1753503764197,04:22:44.197,ALGO/USDT:USDT,0.27,15731.6,0.2699,135774.1,0.2701,40148.0,0.2702,158653.5
1753503764597,04:22:44.597,ALGO/USDT:USDT,0.27,15731.6,0.2699,135774.1,0.2701,40073.9,0.2702,158653.5
1753503764696,04:22:44.696,ALGO/USDT:USDT,0.27,15731.6,0.2699,135774.1,0.2701,40148.0,0.2702,158653.5
1753503764896,04:22:44.896,ALGO/USDT:USDT,0.27,15731.6,0.2699,135774.1,0.2701,40073.9,0.2702,158653.5
1753503765097,04:22:45.097,ALGO/USDT:USDT,0.27,15731.6,0.2699,135774.1,0.2701,40073.9,0.2702,158653.5
1753503765297,04:22:45.297,ALGO/USDT:USDT,0.27,15731.6,0.2699,135774.1,0.2701,40148.0,0.2702,158653.5
1753503765397,04:22:45.397,ALGO/USDT:USDT,0.27,15731.6,0.2699,135774.1,0.2701,40073.9,0.2702,158653.5
1753503765497,04:22:45.497,ALGO/USDT:USDT,0.27,4412.0,0.2699,81407.0,0.2701,43665.8,0.2702,161238.6
1753503765597,04:22:45.597,ALGO/USDT:USDT,0.27,4412.0,0.2699,81379.2,0.2701,41814.3,0.2702,162710.3
1753503765696,04:22:45.696,ALGO/USDT:USDT,0.27,6731.6,0.2699,114293.0,0.2701,40148.0,0.2702,163448.0
1753503765797,04:22:45.797,ALGO/USDT:USDT,0.27,6731.6,0.2699,114293.0,0.2701,40148.0,0.2702,162710.3
1753503766197,04:22:46.197,ALGO/USDT:USDT,0.27,7447.9,0.2699,114293.0,0.2701,40134.8,0.2702,163080.6
1753503766296,04:22:46.296,ALGO/USDT:USDT,0.27,7447.9,0.2699,114293.0,0.2701,40142.1,0.2702,161595.5
1753503766397,04:22:46.397,ALGO/USDT:USDT,0.27,7447.9,0.2699,114293.0,0.2701,40142.1,0.2702,161962.3
1753503766497,04:22:46.497,ALGO/USDT:USDT,0.27,7447.9,0.2699,114293.0,0.2701,40142.1,0.2702,162702.9
1753503766597,04:22:46.597,ALGO/USDT:USDT,0.27,7447.9,0.2699,114293.0,0.2701,40142.1,0.2702,163442.0
1753503766697,04:22:46.697,ALGO/USDT:USDT,0.27,7447.9,0.2699,114293.0,0.2701,40142.1,0.2702,162015.3
1753503766896,04:22:46.896,ALGO/USDT:USDT,0.27,7447.9,0.2699,114293.0,0.2701,40142.1,0.2702,162385.6
1753503766997,04:22:46.997,ALGO/USDT:USDT,0.27,7447.9,0.2699,114293.0,0.2701,40142.1,0.2702,163123.3
1753503767097,04:22:47.097,ALGO/USDT:USDT,0.27,7447.9,0.2699,114293.0,0.2701,40142.1,0.2702,162385.6
1753503767298,04:22:47.298,ALGO/USDT:USDT,0.27,7447.9,0.2699,114293.0,0.2701,40142.1,0.2702,163125.2
1753503767697,04:22:47.697,ALGO/USDT:USDT,0.27,7447.9,0.2699,114293.0,0.2701,40882.7,0.2702,163125.2
