timestamp,time,symbol,bid1_price,bid1_volume,bid2_price,bid2_volume,ask1_price,ask1_volume,ask2_price,ask2_volume
1753504006563,04:26:46.563,ACH/USDT:USDT,0.022341,2853.0,0.022339,5513.0,0.022342,313.0,0.022343,284362.0
1753504006713,04:26:46.713,ACH/USDT:USDT,0.022341,2853.0,0.022339,5513.0,0.022342,313.0,0.022343,284362.0
1753504006863,04:26:46.863,ACH/USDT:USDT,0.022341,2853.0,0.022339,5513.0,0.022342,313.0,0.022343,284362.0
1753504007013,04:26:47.013,ACH/USDT:USDT,0.022341,2853.0,0.022339,5513.0,0.022342,313.0,0.022343,284362.0
1753504007313,04:26:47.313,ACH/USDT:USDT,0.022341,2853.0,0.022339,5513.0,0.022342,313.0,0.022343,284362.0
1753504007463,04:26:47.463,ACH/USDT:USDT,0.022341,2853.0,0.022339,5513.0,0.022342,313.0,0.022343,284362.0
1753504007613,04:26:47.613,ACH/USDT:USDT,0.022341,2853.0,0.022339,5513.0,0.022342,313.0,0.022343,284362.0
1753504007763,04:26:47.763,ACH/USDT:USDT,0.022341,2853.0,0.022339,5513.0,0.022342,313.0,0.022343,284362.0
1753504007913,04:26:47.913,ACH/USDT:USDT,0.022341,2853.0,0.022339,5513.0,0.022342,313.0,0.022343,284362.0
1753504008063,04:26:48.063,ACH/USDT:USDT,0.022341,2853.0,0.022339,5513.0,0.022342,313.0,0.022343,284362.0
1753504008214,04:26:48.214,ACH/USDT:USDT,0.022341,2853.0,0.022339,5513.0,0.022342,313.0,0.022343,284362.0
1753504008364,04:26:48.364,ACH/USDT:USDT,0.022341,2853.0,0.022339,5513.0,0.022342,313.0,0.022343,284362.0
1753504008514,04:26:48.514,ACH/USDT:USDT,0.022341,2853.0,0.022339,5513.0,0.022342,313.0,0.022343,284362.0
1753504008664,04:26:48.664,ACH/USDT:USDT,0.022341,2853.0,0.022339,5513.0,0.022342,313.0,0.022343,284362.0
1753504008814,04:26:48.814,ACH/USDT:USDT,0.022341,2853.0,0.022339,5513.0,0.022342,313.0,0.022343,284362.0
1753504008964,04:26:48.964,ACH/USDT:USDT,0.022341,2853.0,0.022339,5513.0,0.022342,313.0,0.022343,284362.0
1753504009114,04:26:49.114,ACH/USDT:USDT,0.022341,2853.0,0.022339,5513.0,0.022342,313.0,0.022343,284362.0
1753504009264,04:26:49.264,ACH/USDT:USDT,0.022341,2853.0,0.022339,5513.0,0.022342,313.0,0.022343,284362.0
1753504009414,04:26:49.414,ACH/USDT:USDT,0.022341,2853.0,0.022339,5513.0,0.022342,313.0,0.022343,284362.0
1753504009564,04:26:49.564,ACH/USDT:USDT,0.022341,2853.0,0.022339,5513.0,0.022342,313.0,0.022343,284362.0
1753504009715,04:26:49.715,ACH/USDT:USDT,0.022341,2853.0,0.022339,5513.0,0.022342,313.0,0.022343,284362.0
1753504009865,04:26:49.865,ACH/USDT:USDT,0.022341,2853.0,0.022339,5513.0,0.022342,313.0,0.022343,284362.0
1753504010015,04:26:50.015,ACH/USDT:USDT,0.022341,2853.0,0.022339,5513.0,0.022342,313.0,0.022343,284362.0
1753504010165,04:26:50.165,ACH/USDT:USDT,0.022341,2853.0,0.022339,5513.0,0.022342,313.0,0.022343,284362.0
1753504010315,04:26:50.315,ACH/USDT:USDT,0.022341,2853.0,0.022339,5513.0,0.022342,313.0,0.022343,284362.0
1753504010465,04:26:50.465,ACH/USDT:USDT,0.022341,2853.0,0.022339,5513.0,0.022342,313.0,0.022343,284362.0
1753504010615,04:26:50.615,ACH/USDT:USDT,0.022341,2853.0,0.022339,5513.0,0.022342,313.0,0.022343,284362.0
1753504010765,04:26:50.765,ACH/USDT:USDT,0.022341,2853.0,0.022339,5513.0,0.022342,313.0,0.022343,284362.0
1753504010915,04:26:50.915,ACH/USDT:USDT,0.022341,2853.0,0.022339,5513.0,0.022342,313.0,0.022343,284362.0
1753504011065,04:26:51.065,ACH/USDT:USDT,0.022341,2853.0,0.022339,5513.0,0.022342,313.0,0.022343,284362.0
1753504011216,04:26:51.216,ACH/USDT:USDT,0.022341,2853.0,0.022339,5513.0,0.022342,313.0,0.022343,284362.0
1753504011366,04:26:51.366,ACH/USDT:USDT,0.022341,2853.0,0.022339,5513.0,0.022342,313.0,0.022343,284362.0
1753504011516,04:26:51.516,ACH/USDT:USDT,0.022341,2853.0,0.022339,5513.0,0.022342,313.0,0.022343,284362.0
1753504011666,04:26:51.666,ACH/USDT:USDT,0.022341,2853.0,0.022339,5513.0,0.022342,313.0,0.022343,284362.0
1753504011816,04:26:51.816,ACH/USDT:USDT,0.022341,2853.0,0.022339,5513.0,0.022342,313.0,0.022346,286701.0
1753504011966,04:26:51.966,ACH/USDT:USDT,0.022341,2853.0,0.022339,5513.0,0.022342,313.0,0.022345,86010.0
1753504012116,04:26:52.116,ACH/USDT:USDT,0.022341,2853.0,0.022339,5513.0,0.022342,313.0,0.022345,86010.0
1753504012266,04:26:52.266,ACH/USDT:USDT,0.022341,2853.0,0.022339,5513.0,0.022342,313.0,0.022345,86010.0
1753504012416,04:26:52.416,ACH/USDT:USDT,0.022341,2853.0,0.022339,5513.0,0.022342,313.0,0.022345,86010.0
1753504012566,04:26:52.566,ACH/USDT:USDT,0.022341,2853.0,0.022339,5513.0,0.022342,313.0,0.022345,86010.0
1753504012716,04:26:52.716,ACH/USDT:USDT,0.022341,2853.0,0.022339,5513.0,0.022342,313.0,0.022345,86010.0
1753504012867,04:26:52.867,ACH/USDT:USDT,0.022341,2853.0,0.022339,5513.0,0.022342,313.0,0.022345,86010.0
1753504013017,04:26:53.017,ACH/USDT:USDT,0.022341,2853.0,0.022339,5513.0,0.022342,313.0,0.022345,86010.0
1753504013167,04:26:53.167,ACH/USDT:USDT,0.022341,2853.0,0.022339,5513.0,0.022342,313.0,0.022345,86010.0
1753504013317,04:26:53.317,ACH/USDT:USDT,0.022341,2853.0,0.022339,5513.0,0.022342,313.0,0.022345,86010.0
1753504013467,04:26:53.467,ACH/USDT:USDT,0.022341,2853.0,0.022339,5513.0,0.022342,313.0,0.022345,86010.0
1753504013617,04:26:53.617,ACH/USDT:USDT,0.022341,2853.0,0.022339,5513.0,0.022342,313.0,0.022345,86010.0
1753504013767,04:26:53.767,ACH/USDT:USDT,0.022341,2853.0,0.022339,5513.0,0.022342,313.0,0.022345,86010.0
1753504013917,04:26:53.917,ACH/USDT:USDT,0.022341,2853.0,0.022339,5513.0,0.022342,313.0,0.022345,86010.0
1753504014067,04:26:54.067,ACH/USDT:USDT,0.022341,2853.0,0.022339,5513.0,0.022342,313.0,0.022345,86010.0
1753504014217,04:26:54.217,ACH/USDT:USDT,0.022341,2853.0,0.022339,5513.0,0.022342,313.0,0.022345,86010.0
1753504014368,04:26:54.368,ACH/USDT:USDT,0.022341,2853.0,0.022339,5513.0,0.022342,313.0,0.022345,86010.0
1753504014518,04:26:54.518,ACH/USDT:USDT,0.022341,2853.0,0.022339,5513.0,0.022342,313.0,0.022345,86010.0
1753504014668,04:26:54.668,ACH/USDT:USDT,0.022341,2853.0,0.022339,5513.0,0.022342,313.0,0.022345,86010.0
1753504014818,04:26:54.818,ACH/USDT:USDT,0.022341,2853.0,0.022339,5513.0,0.022342,313.0,0.022345,86010.0
1753504014968,04:26:54.968,ACH/USDT:USDT,0.022341,2853.0,0.022339,5513.0,0.022342,313.0,0.022345,86010.0
1753504015118,04:26:55.118,ACH/USDT:USDT,0.022341,2853.0,0.022339,5513.0,0.022342,313.0,0.022345,86010.0
1753504015268,04:26:55.268,ACH/USDT:USDT,0.022341,2853.0,0.022339,5513.0,0.022342,313.0,0.022345,86010.0
1753504015418,04:26:55.418,ACH/USDT:USDT,0.022341,2853.0,0.022339,5513.0,0.022342,313.0,0.022345,86010.0
1753504015568,04:26:55.568,ACH/USDT:USDT,0.022341,2853.0,0.022339,5513.0,0.022342,313.0,0.022345,86010.0
1753504015718,04:26:55.718,ACH/USDT:USDT,0.022341,2853.0,0.022339,5513.0,0.022342,313.0,0.022345,86010.0
1753504015869,04:26:55.869,ACH/USDT:USDT,0.022341,2853.0,0.022339,5513.0,0.022342,313.0,0.022345,86010.0
1753504016019,04:26:56.019,ACH/USDT:USDT,0.022341,2853.0,0.022339,5513.0,0.022342,313.0,0.022345,86010.0
1753504016169,04:26:56.169,ACH/USDT:USDT,0.022341,2853.0,0.022339,5513.0,0.022342,313.0,0.022345,86010.0
1753504016319,04:26:56.319,ACH/USDT:USDT,0.022341,2853.0,0.022339,5513.0,0.022342,313.0,0.022345,86010.0
1753504016469,04:26:56.469,ACH/USDT:USDT,0.022341,2853.0,0.022339,5513.0,0.022342,313.0,0.022345,86010.0
1753504016619,04:26:56.619,ACH/USDT:USDT,0.022341,2853.0,0.022339,5513.0,0.022342,313.0,0.022345,86010.0
1753504016769,04:26:56.769,ACH/USDT:USDT,0.022341,2853.0,0.022339,5513.0,0.022342,313.0,0.022345,86010.0
1753504016919,04:26:56.919,ACH/USDT:USDT,0.022341,2853.0,0.022339,5513.0,0.022342,313.0,0.022345,86010.0
1753504017069,04:26:57.069,ACH/USDT:USDT,0.022341,2853.0,0.022339,5513.0,0.022342,313.0,0.022345,86010.0
1753504017219,04:26:57.219,ACH/USDT:USDT,0.022341,2853.0,0.022339,5513.0,0.022342,313.0,0.022345,86010.0
1753504017369,04:26:57.369,ACH/USDT:USDT,0.022341,2853.0,0.022339,5513.0,0.022342,313.0,0.022345,86010.0
1753504017519,04:26:57.519,ACH/USDT:USDT,0.022341,2853.0,0.022339,5513.0,0.022342,313.0,0.022345,86010.0
1753504017670,04:26:57.670,ACH/USDT:USDT,0.022341,2853.0,0.022339,5513.0,0.022342,313.0,0.022345,86010.0
1753504017820,04:26:57.820,ACH/USDT:USDT,0.022341,14547.0,0.022339,5513.0,0.022342,313.0,0.022345,86010.0
1753504017970,04:26:57.970,ACH/USDT:USDT,0.022341,14547.0,0.022339,5513.0,0.022342,313.0,0.022345,86010.0
1753504018120,04:26:58.120,ACH/USDT:USDT,0.022341,14547.0,0.022339,5513.0,0.022342,313.0,0.022345,86010.0
1753504018270,04:26:58.270,ACH/USDT:USDT,0.022341,14547.0,0.022339,5513.0,0.022342,313.0,0.022346,284328.0
1753504018420,04:26:58.420,ACH/USDT:USDT,0.022341,14547.0,0.022339,5513.0,0.022342,313.0,0.022346,284328.0
1753504018570,04:26:58.570,ACH/USDT:USDT,0.022341,14547.0,0.022339,5513.0,0.022342,313.0,0.022346,284328.0
1753504018720,04:26:58.720,ACH/USDT:USDT,0.022341,14547.0,0.022339,5513.0,0.022342,313.0,0.022346,284328.0
1753504018870,04:26:58.870,ACH/USDT:USDT,0.022341,14547.0,0.022339,5513.0,0.022342,313.0,0.022346,284328.0
1753504019020,04:26:59.020,ACH/USDT:USDT,0.022341,14547.0,0.022339,5513.0,0.022342,313.0,0.022346,284328.0
1753504019170,04:26:59.170,ACH/USDT:USDT,0.022341,16373.0,0.02234,2920.0,0.022342,313.0,0.022346,284328.0
1753504019320,04:26:59.320,ACH/USDT:USDT,0.022343,2912.0,0.022342,4912.0,0.022349,284311.0,0.022354,13380.0
1753504019471,04:26:59.471,ACH/USDT:USDT,0.022348,11694.0,0.022343,2912.0,0.022354,13380.0,0.022355,44599.0
1753504019621,04:26:59.621,ACH/USDT:USDT,0.02235,2912.0,0.022348,11694.0,0.022353,287222.0,0.022354,13380.0
1753504019771,04:26:59.771,ACH/USDT:USDT,0.02235,2912.0,0.022347,5556.0,0.022352,86167.0,0.022353,284310.0
1753504019921,04:26:59.921,ACH/USDT:USDT,0.02235,2912.0,0.022347,5556.0,0.022352,86167.0,0.022353,284310.0
1753504020071,04:27:00.071,ACH/USDT:USDT,0.02235,2912.0,0.022347,5556.0,0.022352,86167.0,0.022353,284310.0
1753504020221,04:27:00.221,ACH/USDT:USDT,0.02235,2912.0,0.022347,5556.0,0.022352,86167.0,0.022353,284310.0
1753504020371,04:27:00.371,ACH/USDT:USDT,0.02235,2912.0,0.022347,5556.0,0.022352,86167.0,0.022353,284310.0
1753504020521,04:27:00.521,ACH/USDT:USDT,0.02235,2912.0,0.022347,5556.0,0.022352,86167.0,0.022353,284310.0
1753504020671,04:27:00.671,ACH/USDT:USDT,0.02235,2912.0,0.022347,5556.0,0.022352,88468.0,0.022353,286611.0
1753504020821,04:27:00.821,ACH/USDT:USDT,0.02235,2912.0,0.022347,5556.0,0.022352,88468.0,0.022353,286611.0
1753504020972,04:27:00.972,ACH/USDT:USDT,0.02235,2912.0,0.022347,5556.0,0.022352,88468.0,0.022353,286611.0
1753504021122,04:27:01.122,ACH/USDT:USDT,0.02235,2912.0,0.022347,5556.0,0.022352,88468.0,0.022353,286611.0
1753504021272,04:27:01.272,ACH/USDT:USDT,0.02235,2912.0,0.022347,5556.0,0.022352,88468.0,0.022353,286611.0
1753504021422,04:27:01.422,ACH/USDT:USDT,0.02235,2912.0,0.022347,5556.0,0.022352,88468.0,0.022353,286611.0
1753504021572,04:27:01.572,ACH/USDT:USDT,0.02235,2912.0,0.022347,5556.0,0.022352,88468.0,0.022353,286611.0
1753504021722,04:27:01.722,ACH/USDT:USDT,0.02235,2912.0,0.022347,5556.0,0.022352,88468.0,0.022353,286611.0
1753504021872,04:27:01.872,ACH/USDT:USDT,0.02235,2912.0,0.022347,5556.0,0.022352,88468.0,0.022353,286611.0
1753504022022,04:27:02.022,ACH/USDT:USDT,0.02235,2912.0,0.022347,5556.0,0.022352,88468.0,0.022353,286611.0
1753504022172,04:27:02.172,ACH/USDT:USDT,0.02235,2912.0,0.022347,5556.0,0.022352,88468.0,0.022353,286611.0
1753504022322,04:27:02.322,ACH/USDT:USDT,0.02235,2912.0,0.022347,5556.0,0.022352,88468.0,0.022353,286611.0
1753504022472,04:27:02.472,ACH/USDT:USDT,0.02235,2912.0,0.022347,5556.0,0.022352,88468.0,0.022353,286611.0
1753504022623,04:27:02.623,ACH/USDT:USDT,0.02235,2912.0,0.022347,5556.0,0.022352,88468.0,0.022353,286611.0
1753504022773,04:27:02.773,ACH/USDT:USDT,0.02235,2912.0,0.022347,5556.0,0.022352,88468.0,0.022353,286611.0
1753504022923,04:27:02.923,ACH/USDT:USDT,0.02235,2912.0,0.022347,5556.0,0.022352,88468.0,0.022353,286611.0
1753504023073,04:27:03.073,ACH/USDT:USDT,0.02235,2912.0,0.022347,5556.0,0.022352,88468.0,0.022353,286611.0
1753504023223,04:27:03.223,ACH/USDT:USDT,0.02235,2912.0,0.022347,5556.0,0.022352,88468.0,0.022353,286611.0
1753504023373,04:27:03.373,ACH/USDT:USDT,0.02235,2912.0,0.022347,5556.0,0.022352,88468.0,0.022353,286611.0
1753504023523,04:27:03.523,ACH/USDT:USDT,0.02235,2912.0,0.022347,5556.0,0.022352,88468.0,0.022353,286611.0
1753504023673,04:27:03.673,ACH/USDT:USDT,0.02235,2912.0,0.022347,5556.0,0.022352,88468.0,0.022353,286611.0
1753504023823,04:27:03.823,ACH/USDT:USDT,0.02235,2912.0,0.022347,5556.0,0.022352,88468.0,0.022353,286611.0
1753504023973,04:27:03.973,ACH/USDT:USDT,0.02235,2912.0,0.022347,5556.0,0.022352,88468.0,0.022353,286611.0
1753504024124,04:27:04.124,ACH/USDT:USDT,0.02235,2912.0,0.022343,2912.0,0.022352,88468.0,0.022353,286611.0
1753504024274,04:27:04.274,ACH/USDT:USDT,0.022348,2912.0,0.022346,5566.0,0.022352,88468.0,0.022353,286611.0
1753504024424,04:27:04.424,ACH/USDT:USDT,0.022348,2912.0,0.022346,5566.0,0.022352,88468.0,0.022353,286611.0
1753504024574,04:27:04.574,ACH/USDT:USDT,0.022348,2912.0,0.022346,5566.0,0.022352,88468.0,0.022353,286611.0
1753504024724,04:27:04.724,ACH/USDT:USDT,0.022348,2912.0,0.022346,5566.0,0.022352,88468.0,0.022353,286611.0
1753504024874,04:27:04.874,ACH/USDT:USDT,0.022348,2912.0,0.022346,5566.0,0.022352,88468.0,0.022353,286611.0
1753504025024,04:27:05.024,ACH/USDT:USDT,0.022348,2912.0,0.022346,5566.0,0.022352,88468.0,0.022353,286611.0
1753504025174,04:27:05.174,ACH/USDT:USDT,0.022348,2912.0,0.022346,5566.0,0.022352,88468.0,0.022353,286611.0
1753504025324,04:27:05.324,ACH/USDT:USDT,0.022348,2912.0,0.022346,5566.0,0.022352,88468.0,0.022353,286611.0
1753504025474,04:27:05.474,ACH/USDT:USDT,0.022348,2912.0,0.022346,5566.0,0.022352,88468.0,0.022353,286611.0
1753504025624,04:27:05.624,ACH/USDT:USDT,0.022348,2912.0,0.022346,5566.0,0.022352,88468.0,0.022353,286611.0
1753504025775,04:27:05.775,ACH/USDT:USDT,0.022348,2912.0,0.022346,5566.0,0.022352,88468.0,0.022353,286611.0
1753504025925,04:27:05.925,ACH/USDT:USDT,0.022348,2912.0,0.022346,5566.0,0.022352,88468.0,0.022353,286611.0
1753504026225,04:27:06.225,ACH/USDT:USDT,0.022348,2912.0,0.022346,5566.0,0.022352,88468.0,0.022353,286611.0
1753504026375,04:27:06.375,ACH/USDT:USDT,0.022348,2912.0,0.022346,5566.0,0.022352,88468.0,0.022353,286611.0
1753504026525,04:27:06.525,ACH/USDT:USDT,0.022348,2912.0,0.022346,5566.0,0.022352,88468.0,0.022353,286611.0
1753504026675,04:27:06.675,ACH/USDT:USDT,0.022348,2912.0,0.022346,5566.0,0.022352,88468.0,0.022353,286611.0
1753504026825,04:27:06.825,ACH/USDT:USDT,0.022348,2912.0,0.022346,5566.0,0.022352,88468.0,0.022353,286611.0
1753504026975,04:27:06.975,ACH/USDT:USDT,0.022348,2912.0,0.022346,5566.0,0.022352,88468.0,0.022353,286611.0
1753504027125,04:27:07.125,ACH/USDT:USDT,0.022348,2912.0,0.022346,5566.0,0.022352,88468.0,0.022353,286611.0
1753504027275,04:27:07.275,ACH/USDT:USDT,0.022348,2912.0,0.022346,5566.0,0.022352,88468.0,0.022353,286611.0
1753504027426,04:27:07.426,ACH/USDT:USDT,0.022348,2912.0,0.022346,5566.0,0.022352,88468.0,0.022353,286611.0
1753504027575,04:27:07.575,ACH/USDT:USDT,0.022348,2912.0,0.022346,5566.0,0.022352,88468.0,0.022353,286611.0
1753504027726,04:27:07.726,ACH/USDT:USDT,0.022348,2912.0,0.022346,5566.0,0.022352,88468.0,0.022353,286611.0
1753504027876,04:27:07.876,ACH/USDT:USDT,0.022348,2912.0,0.022346,5566.0,0.022352,88468.0,0.022353,286611.0
1753504028026,04:27:08.026,ACH/USDT:USDT,0.022348,2912.0,0.022346,5566.0,0.022352,88468.0,0.022353,286611.0
1753504028176,04:27:08.176,ACH/USDT:USDT,0.022348,2912.0,0.022346,5566.0,0.022352,88468.0,0.022353,286611.0
1753504028326,04:27:08.326,ACH/USDT:USDT,0.022348,2912.0,0.022346,5566.0,0.022352,88468.0,0.022353,286611.0
1753504028476,04:27:08.476,ACH/USDT:USDT,0.022348,2912.0,0.022346,5566.0,0.022352,88468.0,0.022353,286611.0
1753504028626,04:27:08.626,ACH/USDT:USDT,0.022348,2912.0,0.022346,5566.0,0.022352,88468.0,0.022353,286611.0
1753504028776,04:27:08.776,ACH/USDT:USDT,0.022348,2912.0,0.022346,5566.0,0.022352,88468.0,0.022353,286611.0
1753504028927,04:27:08.927,ACH/USDT:USDT,0.022348,2912.0,0.022346,5566.0,0.022352,88468.0,0.022353,286611.0
1753504029077,04:27:09.077,ACH/USDT:USDT,0.022348,2912.0,0.022346,5566.0,0.022352,88468.0,0.022353,286611.0
1753504029377,04:27:09.377,ACH/USDT:USDT,0.022348,2912.0,0.022346,5566.0,0.022352,88468.0,0.022353,286611.0
1753504029527,04:27:09.527,ACH/USDT:USDT,0.022348,2912.0,0.022346,5566.0,0.022352,88468.0,0.022353,286611.0
1753504029677,04:27:09.677,ACH/USDT:USDT,0.022348,2912.0,0.022346,5566.0,0.022352,88468.0,0.022353,286611.0
1753504029827,04:27:09.827,ACH/USDT:USDT,0.022348,2912.0,0.022346,5566.0,0.022352,88468.0,0.022353,286611.0
1753504029977,04:27:09.977,ACH/USDT:USDT,0.022348,2912.0,0.022346,5566.0,0.022352,88468.0,0.022353,286611.0
1753504030127,04:27:10.127,ACH/USDT:USDT,0.022348,2912.0,0.022346,5566.0,0.022352,88468.0,0.022353,286611.0
1753504030277,04:27:10.277,ACH/USDT:USDT,0.022348,2912.0,0.022346,5566.0,0.022352,88468.0,0.022353,286611.0
1753504030427,04:27:10.427,ACH/USDT:USDT,0.022348,2912.0,0.022343,2912.0,0.022352,88468.0,0.022353,286611.0
1753504030578,04:27:10.578,ACH/USDT:USDT,0.022345,5583.0,0.022344,5583.0,0.022349,44599.0,0.022351,2808.0
1753504030728,04:27:10.728,ACH/USDT:USDT,0.022347,2808.0,0.022345,5583.0,0.022348,297663.0,0.022349,44599.0
1753504030878,04:27:10.878,ACH/USDT:USDT,0.022347,2808.0,0.022345,5583.0,0.022348,297663.0,0.022349,44599.0
1753504031028,04:27:11.028,ACH/USDT:USDT,0.022347,2808.0,0.022345,5583.0,0.022348,297663.0,0.022349,44599.0
1753504031178,04:27:11.178,ACH/USDT:USDT,0.022347,2808.0,0.022345,5583.0,0.022348,297663.0,0.022349,44599.0
1753504031328,04:27:11.328,ACH/USDT:USDT,0.022347,2808.0,0.022345,5583.0,0.022348,297663.0,0.022349,44599.0
1753504031478,04:27:11.478,ACH/USDT:USDT,0.022347,2808.0,0.022345,5583.0,0.022348,297663.0,0.022349,44599.0
1753504031628,04:27:11.628,ACH/USDT:USDT,0.022347,2808.0,0.022345,5583.0,0.022348,297663.0,0.022349,44599.0
1753504031778,04:27:11.778,ACH/USDT:USDT,0.022347,2808.0,0.022345,5583.0,0.022348,297663.0,0.022349,44599.0
1753504031928,04:27:11.928,ACH/USDT:USDT,0.022347,2808.0,0.022345,5583.0,0.022348,297663.0,0.022349,44599.0
1753504032078,04:27:12.078,ACH/USDT:USDT,0.022347,2808.0,0.022345,5583.0,0.022348,297663.0,0.022349,44599.0
1753504032229,04:27:12.229,ACH/USDT:USDT,0.022347,2808.0,0.022345,5583.0,0.022348,297663.0,0.022349,44599.0
1753504032379,04:27:12.379,ACH/USDT:USDT,0.022347,2808.0,0.022345,5583.0,0.022348,297663.0,0.022349,44599.0
1753504032529,04:27:12.529,ACH/USDT:USDT,0.022347,2808.0,0.022345,5583.0,0.022348,297663.0,0.022349,44599.0
1753504032679,04:27:12.679,ACH/USDT:USDT,0.022347,2808.0,0.022345,5583.0,0.022348,297663.0,0.022349,44599.0
1753504032829,04:27:12.829,ACH/USDT:USDT,0.022347,2808.0,0.022345,5583.0,0.022348,297663.0,0.022349,44599.0
1753504032979,04:27:12.979,ACH/USDT:USDT,0.022347,2808.0,0.022345,5583.0,0.022348,297663.0,0.022349,44599.0
1753504033129,04:27:13.129,ACH/USDT:USDT,0.022347,2808.0,0.022345,5583.0,0.022348,297663.0,0.022349,44599.0
1753504033279,04:27:13.279,ACH/USDT:USDT,0.022347,2808.0,0.022345,5583.0,0.022348,297663.0,0.022349,44599.0
1753504033429,04:27:13.429,ACH/USDT:USDT,0.022347,2808.0,0.022345,5583.0,0.022348,297663.0,0.022349,44599.0
1753504033579,04:27:13.579,ACH/USDT:USDT,0.022347,2808.0,0.022345,5583.0,0.022348,297663.0,0.022349,44599.0
1753504033729,04:27:13.729,ACH/USDT:USDT,0.022347,2808.0,0.022345,5583.0,0.022348,297663.0,0.022349,44599.0
1753504033880,04:27:13.880,ACH/USDT:USDT,0.022347,2808.0,0.022345,5583.0,0.022348,297663.0,0.022349,44599.0
1753504034030,04:27:14.030,ACH/USDT:USDT,0.022347,2808.0,0.022345,5583.0,0.022348,297663.0,0.022349,44599.0
1753504034180,04:27:14.180,ACH/USDT:USDT,0.022347,2808.0,0.022345,5583.0,0.022348,297663.0,0.022349,44599.0
1753504034330,04:27:14.330,ACH/USDT:USDT,0.022347,2808.0,0.022345,5583.0,0.022348,297663.0,0.022349,44599.0
1753504034480,04:27:14.480,ACH/USDT:USDT,0.022343,2912.0,0.022335,5000.0,0.022347,85285.0,0.022348,299964.0
1753504034630,04:27:14.630,ACH/USDT:USDT,0.022343,2912.0,0.022341,5586.0,0.022347,85285.0,0.022348,299964.0
1753504034780,04:27:14.780,ACH/USDT:USDT,0.022343,2912.0,0.022341,5586.0,0.022347,85285.0,0.022348,299964.0
1753504034930,04:27:14.930,ACH/USDT:USDT,0.022343,2912.0,0.022341,5586.0,0.022347,85285.0,0.022348,299964.0
1753504035080,04:27:15.080,ACH/USDT:USDT,0.022343,2912.0,0.022341,5586.0,0.022347,85285.0,0.022348,299964.0
1753504035230,04:27:15.230,ACH/USDT:USDT,0.022343,2912.0,0.022341,5586.0,0.022347,85285.0,0.022348,299964.0
1753504035381,04:27:15.381,ACH/USDT:USDT,0.022343,2912.0,0.022341,5586.0,0.022347,85285.0,0.022348,299964.0
1753504035531,04:27:15.531,ACH/USDT:USDT,0.022343,2912.0,0.022341,5586.0,0.022347,85285.0,0.022348,299964.0
1753504035681,04:27:15.681,ACH/USDT:USDT,0.022343,2912.0,0.022341,5586.0,0.022347,85285.0,0.022348,299964.0
1753504035831,04:27:15.831,ACH/USDT:USDT,0.022343,2912.0,0.022341,5586.0,0.022347,85285.0,0.022348,299964.0
1753504035981,04:27:15.981,ACH/USDT:USDT,0.022343,2912.0,0.022341,5586.0,0.022347,85285.0,0.022348,299964.0
1753504036131,04:27:16.131,ACH/USDT:USDT,0.022343,2912.0,0.022341,5586.0,0.022347,85285.0,0.022348,299964.0
1753504036281,04:27:16.281,ACH/USDT:USDT,0.022343,2912.0,0.022341,5586.0,0.022347,85285.0,0.022348,299964.0
1753504036431,04:27:16.431,ACH/USDT:USDT,0.022343,2912.0,0.022341,5586.0,0.022347,85285.0,0.022348,299964.0
1753504036581,04:27:16.581,ACH/USDT:USDT,0.022343,2912.0,0.022341,5586.0,0.022347,85285.0,0.022348,299964.0
1753504036731,04:27:16.731,ACH/USDT:USDT,0.022343,2912.0,0.022341,5586.0,0.022347,85285.0,0.022348,299964.0
1753504036881,04:27:16.881,ACH/USDT:USDT,0.022343,2912.0,0.022341,5586.0,0.022346,2805.0,0.022347,85285.0
1753504037032,04:27:17.032,ACH/USDT:USDT,0.022343,2912.0,0.022341,5586.0,0.022345,284272.0,0.022347,85285.0
1753504037182,04:27:17.182,ACH/USDT:USDT,0.022343,2912.0,0.022341,5586.0,0.022345,284272.0,0.022348,18486.0
1753504037332,04:27:17.332,ACH/USDT:USDT,0.022343,2912.0,0.022341,5586.0,0.022345,284272.0,0.022348,18486.0
1753504037482,04:27:17.482,ACH/USDT:USDT,0.022343,2912.0,0.022341,5586.0,0.022345,284272.0,0.022348,18486.0
1753504037632,04:27:17.632,ACH/USDT:USDT,0.022343,2912.0,0.022341,5586.0,0.022345,284272.0,0.022348,18486.0
1753504037782,04:27:17.782,ACH/USDT:USDT,0.022343,2912.0,0.022341,5586.0,0.022345,284272.0,0.022348,18486.0
1753504037932,04:27:17.932,ACH/USDT:USDT,0.022343,2912.0,0.022341,5586.0,0.022345,284272.0,0.022348,18486.0
1753504038082,04:27:18.082,ACH/USDT:USDT,0.022343,2912.0,0.022341,5586.0,0.022345,284272.0,0.022348,18486.0
1753504038232,04:27:18.232,ACH/USDT:USDT,0.022343,2912.0,0.022341,5586.0,0.022345,284272.0,0.022348,18486.0
1753504038382,04:27:18.382,ACH/USDT:USDT,0.022343,2912.0,0.022341,5586.0,0.022345,284272.0,0.022348,18486.0
1753504038532,04:27:18.532,ACH/USDT:USDT,0.022343,2912.0,0.022341,7840.0,0.022345,284272.0,0.022348,18486.0
1753504038683,04:27:18.683,ACH/USDT:USDT,0.022343,2912.0,0.022341,7840.0,0.022345,284272.0,0.022348,16185.0
1753504038833,04:27:18.833,ACH/USDT:USDT,0.022343,2912.0,0.022341,7840.0,0.022345,284272.0,0.022348,13380.0
1753504038983,04:27:18.983,ACH/USDT:USDT,0.022343,2912.0,0.022341,7840.0,0.022345,284272.0,0.022348,16185.0
1753504039133,04:27:19.133,ACH/USDT:USDT,0.022343,2912.0,0.022341,7840.0,0.022345,284272.0,0.022348,16185.0
1753504039283,04:27:19.283,ACH/USDT:USDT,0.022343,2912.0,0.022341,7840.0,0.022345,284272.0,0.022348,16185.0
1753504039433,04:27:19.433,ACH/USDT:USDT,0.022343,2912.0,0.022341,7840.0,0.022345,284272.0,0.022348,18439.0
1753504039583,04:27:19.583,ACH/USDT:USDT,0.022343,2912.0,0.022341,7840.0,0.022345,284272.0,0.022348,18439.0
1753504039733,04:27:19.733,ACH/USDT:USDT,0.022343,2912.0,0.022341,7840.0,0.022345,284272.0,0.022348,18439.0
1753504039883,04:27:19.883,ACH/USDT:USDT,0.022343,2912.0,0.022341,7840.0,0.022345,284272.0,0.022348,18439.0
1753504040033,04:27:20.033,ACH/USDT:USDT,0.022343,2912.0,0.022341,7840.0,0.022345,284272.0,0.022348,18439.0
1753504040184,04:27:20.184,ACH/USDT:USDT,0.022343,2912.0,0.022341,7840.0,0.022345,284272.0,0.022348,18439.0
1753504040334,04:27:20.334,ACH/USDT:USDT,0.022343,2912.0,0.022341,7840.0,0.022345,284272.0,0.022348,18439.0
1753504040484,04:27:20.484,ACH/USDT:USDT,0.022343,2912.0,0.022341,7840.0,0.022345,284272.0,0.022348,18439.0
1753504040634,04:27:20.634,ACH/USDT:USDT,0.022343,2912.0,0.022341,7840.0,0.022345,284272.0,0.022348,18439.0
1753504040784,04:27:20.784,ACH/USDT:USDT,0.022343,2912.0,0.022341,7840.0,0.022345,284272.0,0.022348,18439.0
1753504040934,04:27:20.934,ACH/USDT:USDT,0.022343,2912.0,0.022341,7840.0,0.022345,284272.0,0.022348,18439.0
1753504041084,04:27:21.084,ACH/USDT:USDT,0.022343,2912.0,0.022341,7840.0,0.022345,284272.0,0.022348,18439.0
1753504041234,04:27:21.234,ACH/USDT:USDT,0.022343,2912.0,0.022341,7840.0,0.022345,284272.0,0.022348,18439.0
1753504041384,04:27:21.384,ACH/USDT:USDT,0.022343,2912.0,0.022341,7840.0,0.022345,284272.0,0.022348,18439.0
1753504041534,04:27:21.534,ACH/USDT:USDT,0.022343,2912.0,0.022341,7840.0,0.022345,284272.0,0.022348,18439.0
1753504041684,04:27:21.684,ACH/USDT:USDT,0.022343,2912.0,0.022341,7840.0,0.022345,284272.0,0.022348,18439.0
1753504041835,04:27:21.835,ACH/USDT:USDT,0.022343,2912.0,0.022341,7840.0,0.022345,284272.0,0.022348,18439.0
1753504041985,04:27:21.985,ACH/USDT:USDT,0.022343,2912.0,0.022341,7840.0,0.022345,284272.0,0.022348,18439.0
1753504042135,04:27:22.135,ACH/USDT:USDT,0.022343,2912.0,0.022341,7840.0,0.022345,284272.0,0.022348,18439.0
1753504042285,04:27:22.285,ACH/USDT:USDT,0.022343,2912.0,0.022341,7840.0,0.022345,284272.0,0.022348,18439.0
1753504042435,04:27:22.435,ACH/USDT:USDT,0.022343,2912.0,0.022341,7840.0,0.022345,284272.0,0.022348,18439.0
1753504042585,04:27:22.585,ACH/USDT:USDT,0.022343,2912.0,0.022341,7840.0,0.022345,284272.0,0.022348,18439.0
1753504042735,04:27:22.735,ACH/USDT:USDT,0.022343,2912.0,0.022341,7840.0,0.022345,284272.0,0.022348,18439.0
1753504042885,04:27:22.885,ACH/USDT:USDT,0.022343,2912.0,0.022341,7840.0,0.022345,284272.0,0.022348,18439.0
1753504043035,04:27:23.035,ACH/USDT:USDT,0.022343,2912.0,0.022341,7840.0,0.022345,284272.0,0.022348,18439.0
1753504043185,04:27:23.185,ACH/USDT:USDT,0.022343,2912.0,0.022341,7840.0,0.022345,284272.0,0.022348,18439.0
1753504043336,04:27:23.336,ACH/USDT:USDT,0.022343,2912.0,0.022341,7840.0,0.022345,284272.0,0.022348,18439.0
1753504043486,04:27:23.486,ACH/USDT:USDT,0.022343,2912.0,0.022341,7840.0,0.022345,284272.0,0.022348,18439.0
1753504043636,04:27:23.636,ACH/USDT:USDT,0.022343,2912.0,0.022341,7840.0,0.022345,284272.0,0.022348,18439.0
1753504043786,04:27:23.786,ACH/USDT:USDT,0.022343,2912.0,0.022341,7840.0,0.022345,284272.0,0.022348,18439.0
1753504043936,04:27:23.936,ACH/USDT:USDT,0.022343,2912.0,0.022341,7840.0,0.022345,284272.0,0.022348,18439.0
1753504044086,04:27:24.086,ACH/USDT:USDT,0.022343,2912.0,0.022341,7840.0,0.022345,284272.0,0.022348,18439.0
1753504044236,04:27:24.236,ACH/USDT:USDT,0.022343,2912.0,0.022341,7840.0,0.022345,284272.0,0.022348,18439.0
1753504044386,04:27:24.386,ACH/USDT:USDT,0.022343,2912.0,0.022341,7840.0,0.022345,284272.0,0.022348,18439.0
1753504044536,04:27:24.536,ACH/USDT:USDT,0.022343,2912.0,0.022341,7840.0,0.022345,284272.0,0.022348,18439.0
1753504044686,04:27:24.686,ACH/USDT:USDT,0.022343,2912.0,0.022341,7840.0,0.022345,284272.0,0.022348,18439.0
1753504044836,04:27:24.836,ACH/USDT:USDT,0.022343,2912.0,0.022341,7840.0,0.022345,284272.0,0.022348,18439.0
1753504044986,04:27:24.986,ACH/USDT:USDT,0.022343,2912.0,0.022341,7840.0,0.022345,284272.0,0.022348,18439.0
1753504045137,04:27:25.137,ACH/USDT:USDT,0.022343,2912.0,0.022341,7840.0,0.022345,284272.0,0.022348,18439.0
1753504045287,04:27:25.287,ACH/USDT:USDT,0.022343,2912.0,0.022341,7840.0,0.022345,284272.0,0.022348,18439.0
1753504045437,04:27:25.437,ACH/USDT:USDT,0.022343,2912.0,0.022341,7840.0,0.022345,284272.0,0.022348,18439.0
1753504045587,04:27:25.587,ACH/USDT:USDT,0.022343,2912.0,0.022341,7840.0,0.022345,284272.0,0.022348,16185.0
1753504045737,04:27:25.737,ACH/USDT:USDT,0.022343,2912.0,0.022341,7840.0,0.022345,284272.0,0.022348,16185.0
1753504045887,04:27:25.887,ACH/USDT:USDT,0.022343,2912.0,0.022341,7840.0,0.022345,284272.0,0.022348,16185.0
1753504046037,04:27:26.037,ACH/USDT:USDT,0.022343,2912.0,0.022341,7840.0,0.022345,284272.0,0.022348,16185.0
1753504046187,04:27:26.187,ACH/USDT:USDT,0.022341,7840.0,0.02234,2254.0,0.022345,284272.0,0.022348,16185.0
1753504046337,04:27:26.337,ACH/USDT:USDT,0.022341,10645.0,0.02234,2254.0,0.022344,85282.0,0.022345,284272.0
1753504046487,04:27:26.487,ACH/USDT:USDT,0.022343,11694.0,0.022341,8391.0,0.022344,85282.0,0.022345,284272.0
1753504046788,04:27:26.788,ACH/USDT:USDT,0.022344,11694.0,0.022343,14499.0,0.022345,284272.0,0.022348,16185.0
1753504046938,04:27:26.938,ACH/USDT:USDT,0.022344,11694.0,0.022343,2805.0,0.022345,284272.0,0.022348,16185.0
1753504047088,04:27:27.088,ACH/USDT:USDT,0.022344,11694.0,0.022343,2805.0,0.022345,284272.0,0.022348,16185.0
1753504047238,04:27:27.238,ACH/USDT:USDT,0.022344,11694.0,0.022343,2805.0,0.022345,284272.0,0.022348,16185.0
1753504047388,04:27:27.388,ACH/USDT:USDT,0.022344,11694.0,0.022343,2805.0,0.022345,284272.0,0.022348,16185.0
1753504047538,04:27:27.538,ACH/USDT:USDT,0.022344,11694.0,0.022343,2805.0,0.022345,284272.0,0.022348,16185.0
1753504047688,04:27:27.688,ACH/USDT:USDT,0.022344,11694.0,0.022343,2805.0,0.022345,284272.0,0.022348,16185.0
1753504047838,04:27:27.838,ACH/USDT:USDT,0.022344,11694.0,0.022343,2805.0,0.022345,284272.0,0.022348,16185.0
1753504047988,04:27:27.988,ACH/USDT:USDT,0.022344,11694.0,0.022343,2805.0,0.022345,284272.0,0.022348,16185.0
1753504048138,04:27:28.138,ACH/USDT:USDT,0.022344,14557.0,0.022342,5610.0,0.022345,284272.0,0.022348,16185.0
1753504048289,04:27:28.289,ACH/USDT:USDT,0.022344,14557.0,0.022342,5610.0,0.022345,284272.0,0.022348,16185.0
1753504048439,04:27:28.439,ACH/USDT:USDT,0.022344,14557.0,0.022342,5610.0,0.022345,284272.0,0.022348,16185.0
1753504048589,04:27:28.589,ACH/USDT:USDT,0.022342,5610.0,0.022341,5117.0,0.022345,284272.0,0.022348,16185.0
1753504048739,04:27:28.739,ACH/USDT:USDT,0.022342,8473.0,0.022341,2254.0,0.022344,85282.0,0.022345,284272.0
1753504048889,04:27:28.889,ACH/USDT:USDT,0.022343,11694.0,0.022342,8473.0,0.022344,85282.0,0.022345,284272.0
1753504049039,04:27:29.039,ACH/USDT:USDT,0.022343,14557.0,0.022341,7869.0,0.022345,284272.0,0.022348,16185.0
1753504049189,04:27:29.189,ACH/USDT:USDT,0.022344,11694.0,0.022343,14557.0,0.022345,284272.0,0.022348,16185.0
1753504049489,04:27:29.489,ACH/USDT:USDT,0.022344,11694.0,0.022343,2863.0,0.022345,284272.0,0.022348,16185.0
1753504049639,04:27:29.639,ACH/USDT:USDT,0.022344,11694.0,0.022342,5615.0,0.022345,284272.0,0.022348,16185.0
1753504049789,04:27:29.789,ACH/USDT:USDT,0.022344,14557.0,0.022342,5615.0,0.022345,284272.0,0.022348,16185.0
1753504049940,04:27:29.940,ACH/USDT:USDT,0.022344,14557.0,0.022342,5615.0,0.022345,284272.0,0.022348,16185.0
1753504050090,04:27:30.090,ACH/USDT:USDT,0.022344,14557.0,0.022342,5615.0,0.022345,284272.0,0.022348,16185.0
1753504050240,04:27:30.240,ACH/USDT:USDT,0.022344,11694.0,0.022342,5615.0,0.022345,284272.0,0.022348,16185.0
1753504050390,04:27:30.390,ACH/USDT:USDT,0.022344,11694.0,0.022342,5615.0,0.022345,284272.0,0.022348,16185.0
1753504050540,04:27:30.540,ACH/USDT:USDT,0.022344,11694.0,0.022342,5615.0,0.022345,284272.0,0.022348,16185.0
1753504050690,04:27:30.690,ACH/USDT:USDT,0.022344,11694.0,0.022342,5615.0,0.022345,284272.0,0.022348,16185.0
1753504050840,04:27:30.840,ACH/USDT:USDT,0.022344,11694.0,0.022342,5615.0,0.022345,284272.0,0.022348,16185.0
1753504050990,04:27:30.990,ACH/USDT:USDT,0.022344,11694.0,0.022342,5615.0,0.022345,284272.0,0.022348,16185.0
1753504051140,04:27:31.140,ACH/USDT:USDT,0.022344,11694.0,0.022342,5615.0,0.022345,284272.0,0.022348,16185.0
1753504051290,04:27:31.290,ACH/USDT:USDT,0.022344,11694.0,0.022342,5615.0,0.022345,284272.0,0.022348,16185.0
1753504051440,04:27:31.440,ACH/USDT:USDT,0.022344,11694.0,0.022342,5615.0,0.022345,284272.0,0.022348,16185.0
1753504051591,04:27:31.591,ACH/USDT:USDT,0.022342,5615.0,0.022341,2254.0,0.022345,284272.0,0.022348,16185.0
1753504051741,04:27:31.741,ACH/USDT:USDT,0.022342,8478.0,0.022341,2567.0,0.022344,85282.0,0.022345,284272.0
1753504051891,04:27:31.891,ACH/USDT:USDT,0.022343,11694.0,0.022342,8478.0,0.022344,85282.0,0.022345,284272.0
1753504052041,04:27:32.041,ACH/USDT:USDT,0.022344,17541.0,0.022343,11694.0,0.022345,284272.0,0.022348,16185.0
1753504052191,04:27:32.191,ACH/USDT:USDT,0.022344,17541.0,0.022342,8485.0,0.022345,284272.0,0.022348,16185.0
1753504052341,04:27:32.341,ACH/USDT:USDT,0.022344,17541.0,0.022342,8485.0,0.022345,284272.0,0.022348,16185.0
1753504052491,04:27:32.491,ACH/USDT:USDT,0.022344,17541.0,0.022342,8485.0,0.022345,284272.0,0.022348,16185.0
1753504052641,04:27:32.641,ACH/USDT:USDT,0.022344,17541.0,0.022342,8485.0,0.022345,284272.0,0.022348,16185.0
1753504052791,04:27:32.791,ACH/USDT:USDT,0.022344,17541.0,0.022342,8485.0,0.022345,284272.0,0.022348,16185.0
1753504052941,04:27:32.941,ACH/USDT:USDT,0.022344,17541.0,0.022342,8485.0,0.022345,284272.0,0.022348,16185.0
1753504053091,04:27:33.091,ACH/USDT:USDT,0.022344,17541.0,0.022342,8485.0,0.022345,284272.0,0.022348,16185.0
1753504053242,04:27:33.242,ACH/USDT:USDT,0.022344,17541.0,0.022342,8485.0,0.022345,284272.0,0.022348,16185.0
1753504053392,04:27:33.392,ACH/USDT:USDT,0.022344,17541.0,0.022342,8485.0,0.022345,284272.0,0.022348,16185.0
1753504053542,04:27:33.542,ACH/USDT:USDT,0.022344,17541.0,0.022342,8485.0,0.022345,284272.0,0.022348,16185.0
1753504053692,04:27:33.692,ACH/USDT:USDT,0.022344,17541.0,0.022342,8485.0,0.022345,284272.0,0.022348,16185.0
1753504053842,04:27:33.842,ACH/USDT:USDT,0.022344,17541.0,0.022342,8485.0,0.022345,284272.0,0.022348,16185.0
1753504053992,04:27:33.992,ACH/USDT:USDT,0.022344,17541.0,0.022342,8485.0,0.022345,284272.0,0.022348,18439.0
1753504054142,04:27:34.142,ACH/USDT:USDT,0.022344,20404.0,0.022342,5622.0,0.022345,284272.0,0.022348,18439.0
1753504054292,04:27:34.292,ACH/USDT:USDT,0.022344,20404.0,0.022342,5622.0,0.022345,284272.0,0.022348,18439.0
1753504054442,04:27:34.442,ACH/USDT:USDT,0.022344,20404.0,0.022342,5622.0,0.022345,284272.0,0.022348,18439.0
1753504054592,04:27:34.592,ACH/USDT:USDT,0.022342,5627.0,0.022341,313.0,0.022345,284272.0,0.022348,18439.0
1753504054893,04:27:34.893,ACH/USDT:USDT,0.022343,11694.0,0.022342,8490.0,0.022344,85282.0,0.022345,284272.0
1753504055043,04:27:35.043,ACH/USDT:USDT,0.022344,17541.0,0.022343,14557.0,0.022345,284272.0,0.022348,18439.0
1753504055193,04:27:35.193,ACH/USDT:USDT,0.022344,17541.0,0.022343,2863.0,0.022345,284272.0,0.022348,16185.0
1753504055493,04:27:35.493,ACH/USDT:USDT,0.022344,17541.0,0.022342,5627.0,0.022345,284272.0,0.022348,16185.0
1753504055643,04:27:35.643,ACH/USDT:USDT,0.022344,17541.0,0.022342,5627.0,0.022345,284272.0,0.022348,16185.0
1753504055793,04:27:35.793,ACH/USDT:USDT,0.022344,17541.0,0.022342,5627.0,0.022345,284272.0,0.022348,16185.0
1753504055943,04:27:35.943,ACH/USDT:USDT,0.022344,17541.0,0.022342,5627.0,0.022345,284272.0,0.022348,16185.0
1753504056093,04:27:36.093,ACH/USDT:USDT,0.022344,17541.0,0.022342,5627.0,0.022345,284272.0,0.022348,16185.0
1753504056243,04:27:36.243,ACH/USDT:USDT,0.022344,17541.0,0.022342,5627.0,0.022345,284272.0,0.022348,16185.0
1753504056394,04:27:36.394,ACH/USDT:USDT,0.022344,17541.0,0.022342,5627.0,0.022345,284272.0,0.022348,16185.0
1753504056544,04:27:36.544,ACH/USDT:USDT,0.022344,17541.0,0.022342,5627.0,0.022345,284272.0,0.022348,16185.0
1753504056694,04:27:36.694,ACH/USDT:USDT,0.022344,17541.0,0.022342,5627.0,0.022345,284272.0,0.022348,16185.0
1753504056844,04:27:36.844,ACH/USDT:USDT,0.022344,17541.0,0.022342,5627.0,0.022345,284272.0,0.022348,16185.0
1753504056994,04:27:36.994,ACH/USDT:USDT,0.022344,17541.0,0.022342,5627.0,0.022345,284272.0,0.022348,16185.0
1753504057144,04:27:37.144,ACH/USDT:USDT,0.022344,17541.0,0.022342,5627.0,0.022345,284272.0,0.022348,18439.0
1753504057444,04:27:37.444,ACH/USDT:USDT,0.022344,17541.0,0.022342,5627.0,0.022345,284272.0,0.022348,18439.0
1753504057594,04:27:37.594,ACH/USDT:USDT,0.022341,3176.0,0.022335,5000.0,0.022345,284272.0,0.022348,16185.0
1753504057744,04:27:37.744,ACH/USDT:USDT,0.022342,8517.0,0.022341,2307.0,0.022344,85282.0,0.022345,284272.0
1753504057894,04:27:37.894,ACH/USDT:USDT,0.022343,11694.0,0.022342,8517.0,0.022344,85282.0,0.022345,284272.0
1753504058045,04:27:38.045,ACH/USDT:USDT,0.022344,17541.0,0.022343,11694.0,0.022345,284272.0,0.022348,16185.0
1753504058195,04:27:38.195,ACH/USDT:USDT,0.022344,17541.0,0.022342,2883.0,0.022345,284272.0,0.022348,16185.0
1753504058345,04:27:38.345,ACH/USDT:USDT,0.022344,17541.0,0.022342,8517.0,0.022345,284272.0,0.022348,16185.0
1753504058495,04:27:38.495,ACH/USDT:USDT,0.022344,17541.0,0.022342,8517.0,0.022345,284272.0,0.022348,16185.0
1753504058645,04:27:38.645,ACH/USDT:USDT,0.022344,17541.0,0.022342,8517.0,0.022345,284272.0,0.022348,16185.0
1753504058795,04:27:38.795,ACH/USDT:USDT,0.022344,17541.0,0.022342,8517.0,0.022345,284272.0,0.022348,16185.0
1753504058945,04:27:38.945,ACH/USDT:USDT,0.022344,17541.0,0.022342,8517.0,0.022345,284272.0,0.022348,16185.0
1753504059095,04:27:39.095,ACH/USDT:USDT,0.022344,17541.0,0.022342,8517.0,0.022345,284272.0,0.022348,16185.0
1753504059245,04:27:39.245,ACH/USDT:USDT,0.022344,17541.0,0.022342,8517.0,0.022345,284272.0,0.022348,16185.0
1753504059396,04:27:39.396,ACH/USDT:USDT,0.022344,17541.0,0.022342,8517.0,0.022345,284272.0,0.022348,16185.0
1753504059545,04:27:39.545,ACH/USDT:USDT,0.022344,17541.0,0.022342,8517.0,0.022345,284272.0,0.022348,16185.0
1753504059696,04:27:39.696,ACH/USDT:USDT,0.022344,17541.0,0.022342,8517.0,0.022345,284272.0,0.022348,16185.0
1753504059846,04:27:39.846,ACH/USDT:USDT,0.022344,17541.0,0.022342,8517.0,0.022345,284272.0,0.022348,16185.0
1753504059996,04:27:39.996,ACH/USDT:USDT,0.022344,17541.0,0.022342,8517.0,0.022345,284272.0,0.022348,16185.0
1753504060146,04:27:40.146,ACH/USDT:USDT,0.022344,17541.0,0.022342,8517.0,0.022345,284272.0,0.022348,16185.0
1753504060296,04:27:40.296,ACH/USDT:USDT,0.022344,17541.0,0.022342,8517.0,0.022345,284272.0,0.022348,16185.0
1753504060446,04:27:40.446,ACH/USDT:USDT,0.022344,17541.0,0.022342,8517.0,0.022345,284272.0,0.022348,16185.0
1753504060596,04:27:40.596,ACH/USDT:USDT,0.022344,17541.0,0.022342,8517.0,0.022345,284272.0,0.022348,16185.0
1753504060746,04:27:40.746,ACH/USDT:USDT,0.022344,17541.0,0.022342,8517.0,0.022345,284272.0,0.022348,16185.0
1753504060896,04:27:40.896,ACH/USDT:USDT,0.022344,17541.0,0.022342,8517.0,0.022345,284272.0,0.022348,16185.0
1753504061046,04:27:41.046,ACH/USDT:USDT,0.022344,17541.0,0.022342,8517.0,0.022345,284272.0,0.022348,16185.0
1753504061197,04:27:41.197,ACH/USDT:USDT,0.022344,17541.0,0.022342,8517.0,0.022345,284272.0,0.022348,16185.0
1753504061347,04:27:41.347,ACH/USDT:USDT,0.022344,17541.0,0.022342,8517.0,0.022345,284272.0,0.022348,16185.0
1753504061497,04:27:41.497,ACH/USDT:USDT,0.022344,17541.0,0.022342,8517.0,0.022345,284272.0,0.022348,16185.0
1753504061647,04:27:41.647,ACH/USDT:USDT,0.022344,17541.0,0.022342,8517.0,0.022345,284272.0,0.022348,16185.0
1753504061797,04:27:41.797,ACH/USDT:USDT,0.022344,17541.0,0.022342,8517.0,0.022345,284272.0,0.022348,16185.0
1753504061947,04:27:41.947,ACH/USDT:USDT,0.022344,17541.0,0.022342,8517.0,0.022345,284272.0,0.022348,16185.0
1753504062097,04:27:42.097,ACH/USDT:USDT,0.022344,17541.0,0.022342,8517.0,0.022345,284272.0,0.022348,16185.0
1753504062247,04:27:42.247,ACH/USDT:USDT,0.022344,17541.0,0.022342,8517.0,0.022345,284272.0,0.022348,16185.0
1753504062397,04:27:42.397,ACH/USDT:USDT,0.022344,17541.0,0.022342,5634.0,0.022345,284272.0,0.022348,16185.0
1753504062547,04:27:42.547,ACH/USDT:USDT,0.022344,17541.0,0.022342,5634.0,0.022345,284272.0,0.022348,16185.0
1753504062698,04:27:42.698,ACH/USDT:USDT,0.022344,20424.0,0.022342,5634.0,0.022345,284272.0,0.022348,16185.0
1753504062848,04:27:42.848,ACH/USDT:USDT,0.022344,20424.0,0.022342,5634.0,0.022345,284272.0,0.022348,16185.0
1753504062998,04:27:42.998,ACH/USDT:USDT,0.022344,20424.0,0.022342,5634.0,0.022345,284272.0,0.022348,16185.0
1753504063148,04:27:43.148,ACH/USDT:USDT,0.022344,20424.0,0.022342,5634.0,0.022345,284272.0,0.022348,16185.0
1753504063298,04:27:43.298,ACH/USDT:USDT,0.022344,20424.0,0.022342,5634.0,0.022345,284272.0,0.022348,16185.0
1753504063448,04:27:43.448,ACH/USDT:USDT,0.022344,20424.0,0.022342,5634.0,0.022345,284272.0,0.022348,16185.0
1753504063598,04:27:43.598,ACH/USDT:USDT,0.022344,20424.0,0.022342,5634.0,0.022345,284272.0,0.022348,16185.0
1753504063748,04:27:43.748,ACH/USDT:USDT,0.022344,20424.0,0.022342,5634.0,0.022345,284272.0,0.022348,16185.0
1753504063898,04:27:43.898,ACH/USDT:USDT,0.022344,20424.0,0.022342,5634.0,0.022345,284272.0,0.022348,16185.0
1753504064048,04:27:44.048,ACH/USDT:USDT,0.022344,20424.0,0.022342,5634.0,0.022345,284272.0,0.022348,16185.0
1753504064198,04:27:44.198,ACH/USDT:USDT,0.022344,20424.0,0.022342,5634.0,0.022345,284272.0,0.022348,16185.0
1753504064349,04:27:44.349,ACH/USDT:USDT,0.022344,20424.0,0.022342,5634.0,0.022345,284272.0,0.022348,16185.0
1753504064499,04:27:44.499,ACH/USDT:USDT,0.022344,20424.0,0.022342,5634.0,0.022345,284272.0,0.022348,16185.0
1753504064649,04:27:44.649,ACH/USDT:USDT,0.022344,20424.0,0.022342,5634.0,0.022345,284272.0,0.022348,16185.0
1753504064799,04:27:44.799,ACH/USDT:USDT,0.022344,20424.0,0.022342,5634.0,0.022345,284272.0,0.022348,16185.0
1753504064949,04:27:44.949,ACH/USDT:USDT,0.022344,20424.0,0.022342,5634.0,0.022345,284272.0,0.022348,16185.0
1753504065099,04:27:45.099,ACH/USDT:USDT,0.022344,20424.0,0.022342,5634.0,0.022345,284272.0,0.022348,16185.0
1753504065249,04:27:45.249,ACH/USDT:USDT,0.022344,20424.0,0.022342,5634.0,0.022345,284272.0,0.022348,16185.0
1753504065399,04:27:45.399,ACH/USDT:USDT,0.022344,20424.0,0.022342,5634.0,0.022345,284272.0,0.022348,16185.0
1753504065549,04:27:45.549,ACH/USDT:USDT,0.022344,20424.0,0.022342,5634.0,0.022345,284272.0,0.022348,16185.0
1753504065699,04:27:45.699,ACH/USDT:USDT,0.022344,20424.0,0.022342,5634.0,0.022345,284272.0,0.022348,16185.0
1753504065849,04:27:45.849,ACH/USDT:USDT,0.022344,20424.0,0.022342,5634.0,0.022345,284272.0,0.022348,13380.0
1753504066000,04:27:46.000,ACH/USDT:USDT,0.022344,20424.0,0.022343,2254.0,0.022345,284272.0,0.022348,13380.0
1753504066150,04:27:46.150,ACH/USDT:USDT,0.022344,20424.0,0.022343,2254.0,0.022345,284272.0,0.022348,13380.0
1753504066300,04:27:46.300,ACH/USDT:USDT,0.022344,20424.0,0.022343,2254.0,0.022345,284272.0,0.022348,13380.0
1753504066450,04:27:46.450,ACH/USDT:USDT,0.022344,20424.0,0.022343,2254.0,0.022345,284272.0,0.022348,13380.0
1753504066600,04:27:46.600,ACH/USDT:USDT,0.022344,20424.0,0.022343,2254.0,0.022345,284272.0,0.022348,13380.0
1753504066750,04:27:46.750,ACH/USDT:USDT,0.022344,20424.0,0.022343,2254.0,0.022345,284272.0,0.022348,13380.0
1753504066900,04:27:46.900,ACH/USDT:USDT,0.022344,20424.0,0.022343,2254.0,0.022345,284272.0,0.022348,13380.0
1753504067050,04:27:47.050,ACH/USDT:USDT,0.022344,20424.0,0.022343,2254.0,0.022345,284272.0,0.022348,13380.0
1753504067200,04:27:47.200,ACH/USDT:USDT,0.022344,20424.0,0.022343,2254.0,0.022345,284272.0,0.022348,13380.0
1753504067350,04:27:47.350,ACH/USDT:USDT,0.022344,20424.0,0.022343,2254.0,0.022345,284272.0,0.022348,13380.0
1753504067500,04:27:47.500,ACH/USDT:USDT,0.022344,20424.0,0.022343,2254.0,0.022345,284272.0,0.022348,13380.0
1753504067651,04:27:47.651,ACH/USDT:USDT,0.022344,20424.0,0.022343,2254.0,0.022345,284272.0,0.022348,13380.0
1753504067801,04:27:47.801,ACH/USDT:USDT,0.022344,20424.0,0.022343,2254.0,0.022345,284272.0,0.022348,13380.0
1753504067951,04:27:47.951,ACH/USDT:USDT,0.022344,20424.0,0.022343,2254.0,0.022345,284272.0,0.022348,13380.0
1753504068101,04:27:48.101,ACH/USDT:USDT,0.022344,20424.0,0.022343,2254.0,0.022345,284272.0,0.022348,13380.0
1753504068401,04:27:48.401,ACH/USDT:USDT,0.022344,20424.0,0.022343,2254.0,0.022345,284272.0,0.022348,13380.0
1753504068551,04:27:48.551,ACH/USDT:USDT,0.022344,20424.0,0.022343,2254.0,0.022345,284272.0,0.022348,13380.0
1753504068701,04:27:48.701,ACH/USDT:USDT,0.022344,20424.0,0.022343,2254.0,0.022345,284272.0,0.022348,13380.0
1753504068851,04:27:48.851,ACH/USDT:USDT,0.022344,20424.0,0.022343,2254.0,0.022345,284272.0,0.022348,13380.0
1753504069001,04:27:49.001,ACH/USDT:USDT,0.022344,20424.0,0.022343,2254.0,0.022345,284272.0,0.022348,13380.0
1753504069152,04:27:49.152,ACH/USDT:USDT,0.022344,20424.0,0.022342,5634.0,0.022345,284272.0,0.022348,16227.0
1753504069302,04:27:49.302,ACH/USDT:USDT,0.022344,20424.0,0.022342,5634.0,0.022345,284272.0,0.022348,18481.0
1753504069452,04:27:49.452,ACH/USDT:USDT,0.022344,20424.0,0.022342,5634.0,0.022345,284272.0,0.022348,18481.0
1753504069602,04:27:49.602,ACH/USDT:USDT,0.022344,20424.0,0.022342,5634.0,0.022345,284272.0,0.022348,18481.0
1753504069752,04:27:49.752,ACH/USDT:USDT,0.022344,20424.0,0.022342,5634.0,0.022345,284272.0,0.022348,18481.0
1753504069902,04:27:49.902,ACH/USDT:USDT,0.022344,20424.0,0.022342,5634.0,0.022345,284272.0,0.022348,18481.0
1753504070052,04:27:50.052,ACH/USDT:USDT,0.022344,20424.0,0.022342,5634.0,0.022345,284272.0,0.022348,18481.0
1753504070202,04:27:50.202,ACH/USDT:USDT,0.022344,20424.0,0.022342,5634.0,0.022345,284272.0,0.022348,18481.0
1753504070352,04:27:50.352,ACH/USDT:USDT,0.022344,20424.0,0.022342,5634.0,0.022345,284272.0,0.022348,18481.0
1753504070502,04:27:50.502,ACH/USDT:USDT,0.022344,20424.0,0.022342,5634.0,0.022345,284272.0,0.022348,18481.0
1753504070803,04:27:50.803,ACH/USDT:USDT,0.022344,20424.0,0.022342,5634.0,0.022345,284272.0,0.022348,18481.0
1753504070953,04:27:50.953,ACH/USDT:USDT,0.022344,20424.0,0.022342,5634.0,0.022345,284272.0,0.022348,18481.0
1753504071103,04:27:51.103,ACH/USDT:USDT,0.022344,20424.0,0.022342,5634.0,0.022345,284272.0,0.022348,18481.0
1753504071253,04:27:51.253,ACH/USDT:USDT,0.022344,20424.0,0.022342,5634.0,0.022345,284272.0,0.022348,18481.0
1753504071403,04:27:51.403,ACH/USDT:USDT,0.022344,20424.0,0.022342,5634.0,0.022345,284272.0,0.022348,18481.0
1753504071553,04:27:51.553,ACH/USDT:USDT,0.022344,20424.0,0.022342,5634.0,0.022345,284272.0,0.022348,18481.0
1753504071703,04:27:51.703,ACH/USDT:USDT,0.022344,20424.0,0.022342,5634.0,0.022345,284272.0,0.022348,18481.0
1753504071853,04:27:51.853,ACH/USDT:USDT,0.022344,20424.0,0.022342,5634.0,0.022345,284272.0,0.022348,18481.0
1753504072003,04:27:52.003,ACH/USDT:USDT,0.022344,20424.0,0.022342,5634.0,0.022345,284272.0,0.022348,18481.0
1753504072304,04:27:52.304,ACH/USDT:USDT,0.022344,20424.0,0.022342,5634.0,0.022345,284272.0,0.022348,18481.0
1753504072454,04:27:52.454,ACH/USDT:USDT,0.022344,20424.0,0.022342,5634.0,0.022345,284272.0,0.022348,18481.0
1753504072604,04:27:52.604,ACH/USDT:USDT,0.022344,20424.0,0.022342,5634.0,0.022345,284272.0,0.022348,18481.0
1753504072754,04:27:52.754,ACH/USDT:USDT,0.022344,20424.0,0.022342,5634.0,0.022345,284272.0,0.022348,18481.0
1753504072904,04:27:52.904,ACH/USDT:USDT,0.022344,20424.0,0.022342,7888.0,0.022345,284272.0,0.022348,18481.0
1753504073054,04:27:53.054,ACH/USDT:USDT,0.022344,20424.0,0.022342,7888.0,0.022345,284272.0,0.022348,18481.0
1753504073204,04:27:53.204,ACH/USDT:USDT,0.022344,20424.0,0.022342,7888.0,0.022345,284272.0,0.022348,18481.0
1753504073354,04:27:53.354,ACH/USDT:USDT,0.022344,20424.0,0.022342,7888.0,0.022345,284272.0,0.022348,18481.0
1753504073504,04:27:53.504,ACH/USDT:USDT,0.022344,20424.0,0.022342,7888.0,0.022345,284272.0,0.022348,18481.0
1753504073654,04:27:53.654,ACH/USDT:USDT,0.022344,17541.0,0.022342,7888.0,0.022345,284272.0,0.022348,18481.0
1753504073805,04:27:53.805,ACH/USDT:USDT,0.022344,20388.0,0.022342,7888.0,0.022345,284272.0,0.022348,18481.0
1753504073955,04:27:53.955,ACH/USDT:USDT,0.022344,20388.0,0.022342,7888.0,0.022345,284272.0,0.022348,18481.0
1753504074105,04:27:54.105,ACH/USDT:USDT,0.022344,20388.0,0.022342,7888.0,0.022345,284272.0,0.022348,18481.0
1753504074255,04:27:54.255,ACH/USDT:USDT,0.022344,17541.0,0.022342,7888.0,0.022345,284272.0,0.022348,18481.0
1753504074405,04:27:54.405,ACH/USDT:USDT,0.022344,17541.0,0.022342,7888.0,0.022345,284272.0,0.022348,18481.0
1753504074555,04:27:54.555,ACH/USDT:USDT,0.022344,17541.0,0.022342,7888.0,0.022345,284272.0,0.022348,18481.0
1753504074705,04:27:54.705,ACH/USDT:USDT,0.022344,17541.0,0.022342,7888.0,0.022345,284272.0,0.022348,18481.0
1753504074855,04:27:54.855,ACH/USDT:USDT,0.022344,17541.0,0.022342,7888.0,0.022345,284272.0,0.022348,18481.0
1753504075005,04:27:55.005,ACH/USDT:USDT,0.022344,17541.0,0.022342,7888.0,0.022345,284272.0,0.022348,18481.0
1753504075155,04:27:55.155,ACH/USDT:USDT,0.022344,17541.0,0.022342,7888.0,0.022345,284272.0,0.022348,18481.0
1753504075305,04:27:55.305,ACH/USDT:USDT,0.022344,17541.0,0.022342,7888.0,0.022345,284272.0,0.022348,18481.0
1753504075456,04:27:55.456,ACH/USDT:USDT,0.022344,17541.0,0.022342,7888.0,0.022345,284272.0,0.022348,18481.0
1753504075606,04:27:55.606,ACH/USDT:USDT,0.022344,17541.0,0.022342,7888.0,0.022345,284272.0,0.022348,16227.0
1753504075756,04:27:55.756,ACH/USDT:USDT,0.022344,17541.0,0.022342,7888.0,0.022345,284272.0,0.022348,16227.0
1753504076056,04:27:56.056,ACH/USDT:USDT,0.022344,17541.0,0.022342,7888.0,0.022345,284272.0,0.022348,16227.0
1753504076206,04:27:56.206,ACH/USDT:USDT,0.022344,17541.0,0.022342,7888.0,0.022345,284272.0,0.022348,16227.0
1753504076356,04:27:56.356,ACH/USDT:USDT,0.022344,17541.0,0.022342,7888.0,0.022345,284272.0,0.022348,16227.0
1753504076506,04:27:56.506,ACH/USDT:USDT,0.022344,17541.0,0.022342,7888.0,0.022345,284272.0,0.022348,16227.0
1753504076656,04:27:56.656,ACH/USDT:USDT,0.022344,17541.0,0.022342,7888.0,0.022345,284272.0,0.022348,16227.0
1753504076806,04:27:56.806,ACH/USDT:USDT,0.022344,17541.0,0.022342,7888.0,0.022345,284272.0,0.022348,16227.0
1753504076956,04:27:56.956,ACH/USDT:USDT,0.022341,313.0,0.022337,5675.0,0.022344,17541.0,0.022345,286526.0
1753504077107,04:27:57.107,ACH/USDT:USDT,0.022341,313.0,0.022339,5675.0,0.022343,8067.0,0.022344,103499.0
1753504077257,04:27:57.257,ACH/USDT:USDT,0.022341,313.0,0.022339,5675.0,0.022343,8067.0,0.022344,103499.0
1753504077407,04:27:57.407,ACH/USDT:USDT,0.022341,313.0,0.022339,5675.0,0.022343,8067.0,0.022344,103499.0
1753504077707,04:27:57.707,ACH/USDT:USDT,0.022335,2239.0,0.022334,8539.0,0.02234,5059.0,0.022343,8067.0
1753504077857,04:27:57.857,ACH/USDT:USDT,0.022335,5044.0,0.022333,5678.0,0.022339,2805.0,0.02234,2254.0
1753504078157,04:27:58.157,ACH/USDT:USDT,0.022335,2805.0,0.022333,5678.0,0.022339,2805.0,0.02234,2254.0
1753504078307,04:27:58.307,ACH/USDT:USDT,0.022335,2805.0,0.022333,5678.0,0.022339,2805.0,0.02234,2254.0
1753504078457,04:27:58.457,ACH/USDT:USDT,0.022333,5678.0,0.022331,2805.0,0.022339,2805.0,0.02234,2254.0
1753504078608,04:27:58.608,ACH/USDT:USDT,0.022333,8483.0,0.022331,5682.0,0.022339,2805.0,0.02234,2254.0
1753504078758,04:27:58.758,ACH/USDT:USDT,0.022333,8483.0,0.022331,5682.0,0.022339,2805.0,0.02234,2254.0
1753504078908,04:27:58.908,ACH/USDT:USDT,0.022333,8483.0,0.022331,5682.0,0.022339,2805.0,0.02234,2254.0
1753504079058,04:27:59.058,ACH/USDT:USDT,0.022333,8483.0,0.022331,5682.0,0.022339,2805.0,0.02234,2254.0
1753504079208,04:27:59.208,ACH/USDT:USDT,0.022333,8483.0,0.022331,5682.0,0.022339,2805.0,0.02234,2254.0
1753504079358,04:27:59.358,ACH/USDT:USDT,0.022333,8483.0,0.022331,5682.0,0.022339,2805.0,0.02234,2254.0
1753504079658,04:27:59.658,ACH/USDT:USDT,0.022333,8483.0,0.022331,5682.0,0.022339,2805.0,0.022341,85984.0
1753504079808,04:27:59.808,ACH/USDT:USDT,0.022333,8483.0,0.022331,5682.0,0.022339,2805.0,0.022341,85984.0
1753504079958,04:27:59.958,ACH/USDT:USDT,0.022333,8483.0,0.022331,5682.0,0.022339,2805.0,0.022341,85984.0
1753504080108,04:28:00.108,ACH/USDT:USDT,0.022333,8483.0,0.022331,5682.0,0.022339,2805.0,0.022341,85984.0
1753504080259,04:28:00.259,ACH/USDT:USDT,0.022333,8483.0,0.022331,5682.0,0.022339,5059.0,0.02234,2254.0
1753504080496,04:28:00.496,ACH/USDT:USDT,0.022333,8483.0,0.022331,5682.0,0.022337,2805.0,0.022339,2254.0
1753504080650,04:28:00.650,ACH/USDT:USDT,0.022336,11694.0,0.022333,8483.0,0.022337,2805.0,0.022339,2254.0
1753504080838,04:28:00.838,ACH/USDT:USDT,0.022338,17541.0,0.022336,11694.0,0.022339,5059.0,0.02234,2254.0
1753504081009,04:28:01.009,ACH/USDT:USDT,0.022338,17541.0,0.022336,11694.0,0.022339,5059.0,0.02234,2254.0
1753504081159,04:28:01.159,ACH/USDT:USDT,0.022338,17541.0,0.022336,11694.0,0.022339,5059.0,0.02234,2254.0
1753504081309,04:28:01.309,ACH/USDT:USDT,0.022338,17541.0,0.022336,11694.0,0.022339,5059.0,0.02234,2254.0
1753504081459,04:28:01.459,ACH/USDT:USDT,0.022338,17541.0,0.022336,11694.0,0.022339,5059.0,0.02234,2254.0
