timestamp,time,symbol,bid1_price,bid1_volume,bid2_price,bid2_volume,ask1_price,ask1_volume,ask2_price,ask2_volume
1753503305745,04:15:05.745,ADA/USDT:USDT,0.8257,58764.0,0.8256,68383.0,0.8259,74881.0,0.826,98853.0
1753503305895,04:15:05.895,ADA/USDT:USDT,0.8257,50808.0,0.8256,68383.0,0.8258,18978.0,0.8259,71048.0
1753503306045,04:15:06.045,ADA/USDT:USDT,0.8257,56908.0,0.8256,110293.0,0.8258,16563.0,0.8259,64954.0
1753503306195,04:15:06.195,ADA/USDT:USDT,0.8257,62790.0,0.8256,110293.0,0.8259,39909.0,0.826,76013.0
1753503306345,04:15:06.345,ADA/USDT:USDT,0.8258,81263.0,0.8257,94158.0,0.8259,3240.0,0.826,72652.0
1753503306496,04:15:06.496,ADA/USDT:USDT,0.8258,81263.0,0.8257,109826.0,0.8259,29817.0,0.826,72652.0
1753503306646,04:15:06.646,ADA/USDT:USDT,0.8258,81263.0,0.8257,109826.0,0.8259,29467.0,0.826,72773.0
1753503306796,04:15:06.796,ADA/USDT:USDT,0.8258,80651.0,0.8257,99763.0,0.8259,27553.0,0.826,72773.0
1753503306946,04:15:06.946,ADA/USDT:USDT,0.8258,80651.0,0.8257,99763.0,0.8259,27553.0,0.826,72773.0
1753503307096,04:15:07.096,ADA/USDT:USDT,0.8258,80651.0,0.8257,99763.0,0.8259,27553.0,0.826,73385.0
1753503307246,04:15:07.246,ADA/USDT:USDT,0.8258,80651.0,0.8257,99763.0,0.8259,27553.0,0.826,73385.0
1753503307396,04:15:07.396,ADA/USDT:USDT,0.8258,80651.0,0.8257,99763.0,0.8259,27553.0,0.826,73385.0
1753503307546,04:15:07.546,ADA/USDT:USDT,0.8258,80651.0,0.8257,99763.0,0.8259,27553.0,0.826,73385.0
1753503307696,04:15:07.696,ADA/USDT:USDT,0.8258,80651.0,0.8257,99763.0,0.8259,27553.0,0.826,73385.0
1753503307846,04:15:07.846,ADA/USDT:USDT,0.8258,80651.0,0.8257,99763.0,0.8259,44466.0,0.826,73385.0
1753503307996,04:15:07.996,ADA/USDT:USDT,0.8258,80651.0,0.8257,99763.0,0.8259,44466.0,0.826,73385.0
1753503308147,04:15:08.147,ADA/USDT:USDT,0.8258,80651.0,0.8257,99763.0,0.8259,44466.0,0.826,73385.0
1753503308297,04:15:08.297,ADA/USDT:USDT,0.8258,80651.0,0.8257,99763.0,0.8259,44466.0,0.826,78430.0
1753503308447,04:15:08.447,ADA/USDT:USDT,0.8258,80651.0,0.8257,122747.0,0.8259,44466.0,0.826,78430.0
1753503308597,04:15:08.597,ADA/USDT:USDT,0.8258,80651.0,0.8257,122747.0,0.8259,44466.0,0.826,78430.0
1753503308747,04:15:08.747,ADA/USDT:USDT,0.8258,80651.0,0.8257,123359.0,0.8259,44466.0,0.826,78430.0
1753503308897,04:15:08.897,ADA/USDT:USDT,0.8258,80651.0,0.8257,123359.0,0.8259,44466.0,0.826,78430.0
1753503309047,04:15:09.047,ADA/USDT:USDT,0.8258,80651.0,0.8257,123359.0,0.8259,44466.0,0.826,78430.0
1753503309197,04:15:09.197,ADA/USDT:USDT,0.8258,80651.0,0.8257,123359.0,0.8259,44466.0,0.826,78430.0
1753503309347,04:15:09.347,ADA/USDT:USDT,0.8258,55151.0,0.8257,123359.0,0.8259,44466.0,0.826,78430.0
1753503309497,04:15:09.497,ADA/USDT:USDT,0.8258,15339.0,0.8257,92201.0,0.8259,60624.0,0.826,78430.0
1753503309647,04:15:09.647,ADA/USDT:USDT,0.8258,15339.0,0.8257,92201.0,0.8259,60624.0,0.826,82396.0
1753503309797,04:15:09.797,ADA/USDT:USDT,0.8258,15689.0,0.8257,92201.0,0.8259,60624.0,0.826,82396.0
1753503309948,04:15:09.948,ADA/USDT:USDT,0.8257,76534.0,0.8256,57399.0,0.8259,60624.0,0.826,82396.0
1753503310098,04:15:10.098,ADA/USDT:USDT,0.8257,60748.0,0.8256,71281.0,0.8258,54616.0,0.8259,65629.0
1753503310248,04:15:10.248,ADA/USDT:USDT,0.8257,74275.0,0.8256,71281.0,0.8258,29116.0,0.8259,65585.0
1753503310398,04:15:10.398,ADA/USDT:USDT,0.8257,57745.0,0.8256,104374.0,0.8258,29116.0,0.8259,74808.0
1753503310548,04:15:10.548,ADA/USDT:USDT,0.8257,70245.0,0.8256,103762.0,0.8258,54616.0,0.8259,74808.0
1753503310698,04:15:10.698,ADA/USDT:USDT,0.8257,70245.0,0.8256,103762.0,0.8258,54616.0,0.8259,74808.0
1753503310848,04:15:10.848,ADA/USDT:USDT,0.8257,70245.0,0.8256,103762.0,0.8258,54616.0,0.8259,74808.0
1753503310998,04:15:10.998,ADA/USDT:USDT,0.8257,70245.0,0.8256,103762.0,0.8258,29116.0,0.8259,74808.0
1753503311148,04:15:11.148,ADA/USDT:USDT,0.8257,70245.0,0.8256,103762.0,0.8258,29116.0,0.8259,74808.0
1753503311298,04:15:11.298,ADA/USDT:USDT,0.8257,70245.0,0.8256,103762.0,0.8258,29116.0,0.8259,74808.0
1753503311448,04:15:11.448,ADA/USDT:USDT,0.8257,83245.0,0.8256,103762.0,0.8258,29116.0,0.8259,74808.0
1753503311598,04:15:11.598,ADA/USDT:USDT,0.8257,83245.0,0.8256,103762.0,0.8258,20909.0,0.8259,74808.0
1753503311749,04:15:11.749,ADA/USDT:USDT,0.8257,83245.0,0.8256,103762.0,0.8258,20909.0,0.8259,74808.0
1753503311899,04:15:11.899,ADA/USDT:USDT,0.8257,83245.0,0.8256,104374.0,0.8258,20909.0,0.8259,64206.0
1753503312049,04:15:12.049,ADA/USDT:USDT,0.8257,83245.0,0.8256,104374.0,0.8258,20909.0,0.8259,74810.0
1753503312199,04:15:12.199,ADA/USDT:USDT,0.8257,83245.0,0.8256,104374.0,0.8258,20909.0,0.8259,74810.0
1753503312349,04:15:12.349,ADA/USDT:USDT,0.8257,83245.0,0.8256,104374.0,0.8258,20909.0,0.8259,74810.0
1753503312499,04:15:12.499,ADA/USDT:USDT,0.8257,83245.0,0.8256,104374.0,0.8258,454.0,0.8259,43607.0
1753503312649,04:15:12.649,ADA/USDT:USDT,0.8257,83245.0,0.8256,104374.0,0.8259,65447.0,0.826,88097.0
1753503312799,04:15:12.799,ADA/USDT:USDT,0.8258,40764.0,0.8257,103288.0,0.8259,65901.0,0.826,85341.0
1753503312949,04:15:12.949,ADA/USDT:USDT,0.8258,42713.0,0.8257,103288.0,0.8259,44720.0,0.826,85953.0
1753503313099,04:15:13.099,ADA/USDT:USDT,0.8258,42713.0,0.8257,118959.0,0.8259,63052.0,0.826,85348.0
1753503313250,04:15:13.250,ADA/USDT:USDT,0.8258,42713.0,0.8257,110563.0,0.8259,63052.0,0.826,85953.0
1753503313400,04:15:13.400,ADA/USDT:USDT,0.8258,25612.0,0.8257,110563.0,0.8259,63052.0,0.826,85953.0
1753503313550,04:15:13.550,ADA/USDT:USDT,0.8258,25612.0,0.8257,110563.0,0.8259,63052.0,0.826,85953.0
1753503313700,04:15:13.700,ADA/USDT:USDT,0.8258,23972.0,0.8257,81000.0,0.8259,63052.0,0.826,85953.0
1753503313850,04:15:13.850,ADA/USDT:USDT,0.8258,28030.0,0.8257,81000.0,0.8259,36733.0,0.826,85953.0
1753503314000,04:15:14.000,ADA/USDT:USDT,0.8258,31478.0,0.8257,81000.0,0.8259,37552.0,0.826,85341.0
1753503314150,04:15:14.150,ADA/USDT:USDT,0.8258,32090.0,0.8257,81612.0,0.8259,37552.0,0.826,85341.0
1753503314300,04:15:14.300,ADA/USDT:USDT,0.8258,48653.0,0.8257,81612.0,0.8259,37552.0,0.826,84736.0
1753503314450,04:15:14.450,ADA/USDT:USDT,0.8258,74153.0,0.8257,81612.0,0.8259,37552.0,0.826,84736.0
1753503314600,04:15:14.600,ADA/USDT:USDT,0.8258,74153.0,0.8257,81612.0,0.8259,37552.0,0.826,84736.0
1753503314750,04:15:14.750,ADA/USDT:USDT,0.8258,74153.0,0.8257,81612.0,0.8259,37552.0,0.826,84736.0
1753503314900,04:15:14.900,ADA/USDT:USDT,0.8258,74153.0,0.8257,81612.0,0.8259,37552.0,0.826,84736.0
1753503315051,04:15:15.051,ADA/USDT:USDT,0.8258,74153.0,0.8257,81612.0,0.8259,37552.0,0.826,84736.0
1753503315201,04:15:15.201,ADA/USDT:USDT,0.8258,73541.0,0.8257,81612.0,0.8259,37552.0,0.826,85348.0
1753503315351,04:15:15.351,ADA/USDT:USDT,0.8258,48041.0,0.8257,81000.0,0.8259,63052.0,0.826,85348.0
1753503315501,04:15:15.501,ADA/USDT:USDT,0.8258,47432.0,0.8257,81000.0,0.8259,63052.0,0.826,85953.0
1753503315651,04:15:15.651,ADA/USDT:USDT,0.8258,47432.0,0.8257,81000.0,0.8259,37552.0,0.826,85953.0
1753503315801,04:15:15.801,ADA/USDT:USDT,0.8258,44820.0,0.8257,81612.0,0.8259,37552.0,0.826,85348.0
1753503315951,04:15:15.951,ADA/USDT:USDT,0.8258,35394.0,0.8257,65329.0,0.8259,39228.0,0.826,88709.0
1753503316101,04:15:16.101,ADA/USDT:USDT,0.8258,35394.0,0.8257,80999.0,0.8259,39228.0,0.826,88709.0
1753503316251,04:15:16.251,ADA/USDT:USDT,0.8258,35394.0,0.8257,80999.0,0.8259,37552.0,0.826,88709.0
1753503316401,04:15:16.401,ADA/USDT:USDT,0.8258,60894.0,0.8257,81611.0,0.8259,37552.0,0.826,88709.0
1753503316551,04:15:16.551,ADA/USDT:USDT,0.8258,60894.0,0.8257,81611.0,0.8259,39015.0,0.826,88709.0
1753503316701,04:15:16.701,ADA/USDT:USDT,0.8258,60894.0,0.8257,81611.0,0.8259,37552.0,0.826,88709.0
1753503316852,04:15:16.852,ADA/USDT:USDT,0.8258,60894.0,0.8257,81611.0,0.8259,38352.0,0.826,88709.0
1753503317002,04:15:17.002,ADA/USDT:USDT,0.8258,60894.0,0.8257,81611.0,0.8259,37183.0,0.826,88709.0
1753503317151,04:15:17.151,ADA/USDT:USDT,0.8259,30485.0,0.8258,77448.0,0.826,3240.0,0.8261,74110.0
1753503317302,04:15:17.302,ADA/USDT:USDT,0.8259,74759.0,0.8258,110276.0,0.826,11071.0,0.8261,87395.0
1753503317452,04:15:17.452,ADA/USDT:USDT,0.8259,75109.0,0.8258,110276.0,0.826,11421.0,0.8261,87395.0
1753503317602,04:15:17.602,ADA/USDT:USDT,0.8259,74497.0,0.8258,101923.0,0.826,14518.0,0.8261,87395.0
1753503317752,04:15:17.752,ADA/USDT:USDT,0.8259,74497.0,0.8258,101923.0,0.826,25860.0,0.8261,88007.0
1753503317902,04:15:17.902,ADA/USDT:USDT,0.8259,74497.0,0.8258,117592.0,0.826,25860.0,0.8261,98609.0
1753503318052,04:15:18.052,ADA/USDT:USDT,0.8259,74497.0,0.8258,113488.0,0.826,16703.0,0.8261,98609.0
1753503318202,04:15:18.202,ADA/USDT:USDT,0.8259,74497.0,0.8258,113488.0,0.826,20953.0,0.8261,98609.0
1753503318353,04:15:18.353,ADA/USDT:USDT,0.8259,74497.0,0.8258,115720.0,0.826,20953.0,0.8261,98609.0
1753503318503,04:15:18.503,ADA/USDT:USDT,0.8259,74497.0,0.8258,115720.0,0.826,20953.0,0.8261,98609.0
1753503318653,04:15:18.653,ADA/USDT:USDT,0.8259,74497.0,0.8258,115720.0,0.826,20953.0,0.8261,98609.0
1753503318803,04:15:18.803,ADA/USDT:USDT,0.8259,74497.0,0.8258,115720.0,0.826,20953.0,0.8261,98609.0
1753503318953,04:15:18.953,ADA/USDT:USDT,0.8259,74497.0,0.8258,115720.0,0.826,20953.0,0.8261,98609.0
1753503319103,04:15:19.103,ADA/USDT:USDT,0.8259,74497.0,0.8258,115720.0,0.826,20953.0,0.8261,98609.0
1753503319253,04:15:19.253,ADA/USDT:USDT,0.8259,74497.0,0.8258,115720.0,0.826,10593.0,0.8261,98609.0
1753503319403,04:15:19.403,ADA/USDT:USDT,0.8259,74497.0,0.8258,115720.0,0.826,10593.0,0.8261,97997.0
1753503319553,04:15:19.553,ADA/USDT:USDT,0.8259,32760.0,0.8258,99439.0,0.826,47016.0,0.8261,101969.0
1753503319703,04:15:19.703,ADA/USDT:USDT,0.8259,34359.0,0.8258,115109.0,0.826,47016.0,0.8261,102574.0
1753503319853,04:15:19.853,ADA/USDT:USDT,0.8259,34359.0,0.8258,115721.0,0.826,37542.0,0.8261,77523.0
1753503320003,04:15:20.003,ADA/USDT:USDT,0.8259,35999.0,0.8258,126322.0,0.826,32497.0,0.8261,83645.0
1753503320154,04:15:20.154,ADA/USDT:USDT,0.8259,35999.0,0.8258,126322.0,0.826,32497.0,0.8261,83645.0
1753503320304,04:15:20.304,ADA/USDT:USDT,0.8259,61499.0,0.8258,126322.0,0.826,32497.0,0.8261,83645.0
1753503320454,04:15:20.454,ADA/USDT:USDT,0.8259,61499.0,0.8258,126322.0,0.826,51357.0,0.8261,83645.0
1753503320604,04:15:20.604,ADA/USDT:USDT,0.8259,61499.0,0.8258,126322.0,0.826,34027.0,0.8261,83645.0
1753503320754,04:15:20.754,ADA/USDT:USDT,0.8259,61499.0,0.8258,126322.0,0.826,25932.0,0.8261,69071.0
1753503320904,04:15:20.904,ADA/USDT:USDT,0.8259,61499.0,0.8258,126322.0,0.826,31557.0,0.8261,79672.0
1753503321054,04:15:21.054,ADA/USDT:USDT,0.8259,61499.0,0.8258,126322.0,0.826,31207.0,0.8261,79672.0
1753503321204,04:15:21.204,ADA/USDT:USDT,0.8259,61499.0,0.8258,126322.0,0.826,25582.0,0.8261,79672.0
1753503321354,04:15:21.354,ADA/USDT:USDT,0.8259,61499.0,0.8258,129408.0,0.826,26760.0,0.8261,79672.0
1753503321504,04:15:21.504,ADA/USDT:USDT,0.8259,61499.0,0.8258,129408.0,0.826,26760.0,0.8261,79672.0
1753503321654,04:15:21.654,ADA/USDT:USDT,0.8259,61499.0,0.8258,129408.0,0.826,26760.0,0.8261,79672.0
1753503321805,04:15:21.805,ADA/USDT:USDT,0.8259,61499.0,0.8258,129408.0,0.826,24811.0,0.8261,69071.0
1753503321955,04:15:21.955,ADA/USDT:USDT,0.8259,61499.0,0.8258,129408.0,0.826,24811.0,0.8261,79672.0
1753503322105,04:15:22.105,ADA/USDT:USDT,0.8259,61499.0,0.8258,129408.0,0.826,25582.0,0.8261,79672.0
1753503322255,04:15:22.255,ADA/USDT:USDT,0.8259,61499.0,0.8258,129408.0,0.826,25582.0,0.8261,79672.0
1753503322405,04:15:22.405,ADA/USDT:USDT,0.8259,61499.0,0.8258,129408.0,0.826,26760.0,0.8261,80284.0
1753503322555,04:15:22.555,ADA/USDT:USDT,0.8259,61499.0,0.8258,129408.0,0.826,26760.0,0.8261,80284.0
1753503322705,04:15:22.705,ADA/USDT:USDT,0.8259,61499.0,0.8258,129408.0,0.826,26760.0,0.8261,80284.0
1753503322855,04:15:22.855,ADA/USDT:USDT,0.8259,61499.0,0.8258,129408.0,0.826,31202.0,0.8261,80284.0
