timestamp,time,symbol,bid1_price,bid1_volume,bid2_price,bid2_volume,ask1_price,ask1_volume,ask2_price,ask2_volume
1753503305329,04:15:05.329,ALGO/USDT:USDT,0.27,21034.3,0.2699,38446.1,0.2701,22378.2,0.2702,43472.5
1753503305479,04:15:05.479,ALGO/USDT:USDT,0.27,21034.3,0.2699,38446.1,0.2701,22378.2,0.2702,43472.5
1753503305629,04:15:05.629,ALGO/USDT:USDT,0.27,21034.3,0.2699,38446.1,0.2701,22378.2,0.2702,43472.5
1753503305779,04:15:05.779,ALGO/USDT:USDT,0.2701,25844.0,0.27,21803.7,0.2702,7782.1,0.2703,120580.9
1753503305929,04:15:05.929,ALGO/USDT:USDT,0.2701,30106.1,0.27,43595.9,0.2702,17149.8,0.2703,167662.2
1753503306079,04:15:06.079,ALGO/USDT:USDT,0.2701,844.0,0.27,44365.3,0.2702,31149.8,0.2703,184966.7
1753503306379,04:15:06.379,ALGO/USDT:USDT,0.2701,22569.1,0.27,43595.9,0.2702,31149.8,0.2703,184966.7
1753503306529,04:15:06.529,ALGO/USDT:USDT,0.2701,22569.1,0.27,43595.9,0.2702,31149.8,0.2703,184966.7
1753503306679,04:15:06.679,ALGO/USDT:USDT,0.2701,22569.1,0.27,43595.9,0.2702,31149.8,0.2703,184966.7
1753503306830,04:15:06.830,ALGO/USDT:USDT,0.2701,22569.1,0.27,43595.9,0.2702,31149.8,0.2703,184966.7
1753503307280,04:15:07.280,ALGO/USDT:USDT,0.2701,22569.1,0.27,43595.9,0.2702,31149.8,0.2703,184596.6
1753503307430,04:15:07.430,ALGO/USDT:USDT,0.2701,22569.1,0.27,43595.9,0.2702,31149.8,0.2703,184596.6
1753503307580,04:15:07.580,ALGO/USDT:USDT,0.2701,22569.1,0.27,43595.9,0.2702,31149.8,0.2703,184596.6
1753503307730,04:15:07.730,ALGO/USDT:USDT,0.2702,34177.2,0.2701,28105.0,0.2703,6758.8,0.2704,53732.0
1753503307880,04:15:07.880,ALGO/USDT:USDT,0.2702,38439.3,0.2701,41573.0,0.2703,34388.6,0.2704,76070.5
1753503308030,04:15:08.030,ALGO/USDT:USDT,0.2702,38439.3,0.2701,41573.0,0.2703,34388.6,0.2704,76440.5
1753503308481,04:15:08.481,ALGO/USDT:USDT,0.2702,38439.3,0.2701,41573.0,0.2703,36295.2,0.2704,76440.5
1753503308781,04:15:08.781,ALGO/USDT:USDT,0.2702,7289.5,0.2701,41573.0,0.2703,36295.2,0.2704,76440.5
1753503308931,04:15:08.931,ALGO/USDT:USDT,0.2702,7289.5,0.2701,41573.0,0.2703,36295.2,0.2704,76070.5
1753503309081,04:15:09.081,ALGO/USDT:USDT,0.2702,7289.5,0.2701,41573.0,0.2703,36295.2,0.2704,76070.5
1753503309531,04:15:09.531,ALGO/USDT:USDT,0.2701,24732.5,0.27,44341.4,0.2702,27629.8,0.2703,44924.9
1753503309681,04:15:09.681,ALGO/USDT:USDT,0.2702,29287.9,0.2701,30268.4,0.2703,13297.6,0.2704,59140.4
1753503309831,04:15:09.831,ALGO/USDT:USDT,0.2702,6485.0,0.2701,47201.4,0.2703,26927.5,0.2704,76072.8
1753503309982,04:15:09.982,ALGO/USDT:USDT,0.2702,6485.0,0.2701,47201.4,0.2703,26927.5,0.2704,76072.8
1753503310132,04:15:10.132,ALGO/USDT:USDT,0.2702,9948.0,0.2701,47201.4,0.2703,26927.5,0.2704,76072.8
1753503310582,04:15:10.582,ALGO/USDT:USDT,0.2702,9948.0,0.2701,46432.0,0.2703,26927.5,0.2704,76072.8
1753503310732,04:15:10.732,ALGO/USDT:USDT,0.2702,9948.0,0.2701,46432.0,0.2703,26927.5,0.2704,76072.8
1753503310882,04:15:10.882,ALGO/USDT:USDT,0.2702,22948.0,0.2701,46432.0,0.2703,26927.5,0.2704,76072.8
1753503311032,04:15:11.032,ALGO/USDT:USDT,0.2702,22948.0,0.2701,46432.0,0.2703,26927.5,0.2704,76072.8
1753503311332,04:15:11.332,ALGO/USDT:USDT,0.2702,22948.0,0.2701,46432.0,0.2703,27027.5,0.2704,76072.8
1753503311482,04:15:11.482,ALGO/USDT:USDT,0.2702,9948.0,0.2701,46432.0,0.2703,27796.9,0.2704,76072.8
1753503311633,04:15:11.633,ALGO/USDT:USDT,0.2702,9948.0,0.2701,46432.0,0.2703,27796.9,0.2704,76072.8
1753503311783,04:15:11.783,ALGO/USDT:USDT,0.2702,23948.0,0.2701,46432.0,0.2703,27796.9,0.2704,76072.8
1753503311933,04:15:11.933,ALGO/USDT:USDT,0.2702,23948.0,0.2701,46432.0,0.2703,27796.9,0.2704,76072.8
1753503312083,04:15:12.083,ALGO/USDT:USDT,0.2702,23948.0,0.2701,46432.0,0.2703,27796.9,0.2704,76072.8
1753503312233,04:15:12.233,ALGO/USDT:USDT,0.2702,23948.0,0.2701,46432.0,0.2703,27736.9,0.2704,76072.8
1753503312533,04:15:12.533,ALGO/USDT:USDT,0.2702,23948.0,0.2701,46432.0,0.2703,26927.5,0.2704,76072.8
1753503312683,04:15:12.683,ALGO/USDT:USDT,0.2702,23948.0,0.2701,46432.0,0.2703,26927.5,0.2704,76072.8
1753503312833,04:15:12.833,ALGO/USDT:USDT,0.2702,23948.0,0.2701,46432.0,0.2703,26927.5,0.2704,76072.8
1753503313134,04:15:13.134,ALGO/USDT:USDT,0.2702,23948.0,0.2701,46432.0,0.2703,27696.9,0.2704,75322.8
1753503313284,04:15:13.284,ALGO/USDT:USDT,0.2702,23948.0,0.2701,46432.0,0.2703,27696.9,0.2704,75322.8
1753503313434,04:15:13.434,ALGO/USDT:USDT,0.2702,23948.0,0.2701,46432.0,0.2703,27736.9,0.2704,75322.8
1753503313584,04:15:13.584,ALGO/USDT:USDT,0.2702,23948.0,0.2701,46432.0,0.2703,27736.9,0.2704,75322.8
1753503313734,04:15:13.734,ALGO/USDT:USDT,0.2702,9948.0,0.2701,46432.0,0.2703,26967.5,0.2704,75322.8
1753503313884,04:15:13.884,ALGO/USDT:USDT,0.2702,23948.0,0.2701,46432.0,0.2703,26967.5,0.2704,75322.8
1753503314184,04:15:14.184,ALGO/USDT:USDT,0.2702,23948.0,0.2701,46432.0,0.2703,26967.5,0.2704,75322.8
1753503314334,04:15:14.334,ALGO/USDT:USDT,0.2702,23948.0,0.2701,46432.0,0.2703,26967.5,0.2704,75322.8
1753503314484,04:15:14.484,ALGO/USDT:USDT,0.2702,23948.0,0.2701,46432.0,0.2703,26967.5,0.2704,75322.8
1753503314634,04:15:14.634,ALGO/USDT:USDT,0.2702,23948.0,0.2701,46432.0,0.2703,26967.5,0.2704,75322.8
1753503315085,04:15:15.085,ALGO/USDT:USDT,0.2702,23948.0,0.2701,46432.0,0.2703,26967.5,0.2704,75322.8
1753503315535,04:15:15.535,ALGO/USDT:USDT,0.2702,5685.9,0.2701,46432.0,0.2703,26967.5,0.2704,89905.3
1753503315985,04:15:15.985,ALGO/USDT:USDT,0.2702,19685.9,0.2701,46432.0,0.2703,26967.5,0.2704,89905.3
1753503316285,04:15:16.285,ALGO/USDT:USDT,0.2701,41665.5,0.27,27415.7,0.2702,2963.2,0.2703,31437.0
1753503316436,04:15:16.436,ALGO/USDT:USDT,0.2701,23888.5,0.27,44347.3,0.2702,31440.4,0.2703,48698.1
1753503316586,04:15:16.586,ALGO/USDT:USDT,0.2701,23888.5,0.27,44347.3,0.2702,32209.8,0.2703,158963.0
1753503316886,04:15:16.886,ALGO/USDT:USDT,0.2701,23888.5,0.27,44347.3,0.2702,34116.4,0.2703,158963.0
1753503317186,04:15:17.186,ALGO/USDT:USDT,0.2701,28655.0,0.27,44347.3,0.2702,17440.4,0.2703,155262.9
1753503317486,04:15:17.486,ALGO/USDT:USDT,0.2701,28655.0,0.27,44347.3,0.2702,17440.4,0.2703,43858.5
1753503317636,04:15:17.636,ALGO/USDT:USDT,0.2701,28655.0,0.27,44347.3,0.2702,17440.4,0.2703,43858.5
1753503317786,04:15:17.786,ALGO/USDT:USDT,0.2701,28655.0,0.27,44347.3,0.2702,17440.4,0.2703,43858.5
1753503317936,04:15:17.936,ALGO/USDT:USDT,0.2701,28655.0,0.27,44347.3,0.2702,847.4,0.2703,43858.5
1753503318087,04:15:18.087,ALGO/USDT:USDT,0.2701,29424.4,0.27,44347.3,0.2702,847.4,0.2703,43858.5
1753503318237,04:15:18.237,ALGO/USDT:USDT,0.2701,28655.0,0.27,44347.3,0.2702,847.4,0.2703,43858.5
1753503318387,04:15:18.387,ALGO/USDT:USDT,0.2701,28655.0,0.27,44347.3,0.2702,847.4,0.2703,43858.5
1753503318537,04:15:18.537,ALGO/USDT:USDT,0.2701,29424.4,0.27,44347.3,0.2702,5109.5,0.2703,43858.5
1753503318687,04:15:18.687,ALGO/USDT:USDT,0.2701,29424.4,0.27,44347.3,0.2702,5109.5,0.2703,43858.5
1753503319137,04:15:19.137,ALGO/USDT:USDT,0.2701,29424.4,0.27,44347.3,0.2702,5109.5,0.2703,43858.5
1753503319287,04:15:19.287,ALGO/USDT:USDT,0.2701,29424.4,0.27,44347.3,0.2702,5109.5,0.2703,43858.5
1753503319587,04:15:19.587,ALGO/USDT:USDT,0.2701,29424.4,0.27,44347.3,0.2702,847.4,0.2703,43858.5
1753503319738,04:15:19.738,ALGO/USDT:USDT,0.2701,29424.4,0.27,44347.3,0.2702,847.4,0.2703,43858.5
1753503319888,04:15:19.888,ALGO/USDT:USDT,0.2701,29424.4,0.27,44347.3,0.2702,847.4,0.2703,43858.5
1753503320188,04:15:20.188,ALGO/USDT:USDT,0.2701,29424.4,0.27,44347.3,0.2702,847.4,0.2703,43858.5
1753503320338,04:15:20.338,ALGO/USDT:USDT,0.2701,29424.4,0.27,44347.3,0.2702,847.4,0.2703,43858.5
1753503320488,04:15:20.488,ALGO/USDT:USDT,0.2701,29424.4,0.27,44347.3,0.2702,847.4,0.2703,43858.5
1753503320638,04:15:20.638,ALGO/USDT:USDT,0.2701,29424.4,0.27,44347.3,0.2702,847.4,0.2703,43858.5
1753503320938,04:15:20.938,ALGO/USDT:USDT,0.2702,5478.3,0.2701,29424.4,0.2703,26927.5,0.2704,187115.7
1753503321088,04:15:21.088,ALGO/USDT:USDT,0.2702,23740.4,0.2701,45596.5,0.2703,12927.5,0.2704,187115.7
1753503321839,04:15:21.839,ALGO/USDT:USDT,0.2702,23740.4,0.2701,45596.5,0.2703,12927.5,0.2704,187485.7
1753503322139,04:15:22.139,ALGO/USDT:USDT,0.2702,23740.4,0.2701,45596.5,0.2703,12927.5,0.2704,187115.7
1753503322289,04:15:22.289,ALGO/USDT:USDT,0.2702,23740.4,0.2701,45596.5,0.2703,12927.5,0.2704,187115.7
