timestamp,time,symbol,bid1_price,bid1_volume,bid2_price,bid2_volume,ask1_price,ask1_volume,ask2_price,ask2_volume
1753503305328,04:15:05.328,ACH/USDT:USDT,0.022418,7782.0,0.022416,5312.0,0.022419,284142.0,0.022421,13380.0
1753503305478,04:15:05.478,ACH/USDT:USDT,0.022418,7782.0,0.022416,5312.0,0.022419,284142.0,0.022421,13380.0
1753503305628,04:15:05.628,ACH/USDT:USDT,0.022418,7782.0,0.022416,5312.0,0.022419,284142.0,0.022421,13380.0
1753503306078,04:15:06.078,ACH/USDT:USDT,0.022418,7782.0,0.022416,5312.0,0.022419,284142.0,0.022421,13380.0
1753503306228,04:15:06.228,ACH/USDT:USDT,0.022418,7782.0,0.022416,5312.0,0.022419,284142.0,0.022421,13380.0
1753503306378,04:15:06.378,ACH/USDT:USDT,0.022418,7782.0,0.022416,5312.0,0.022419,284142.0,0.022421,13380.0
1753503306528,04:15:06.528,ACH/USDT:USDT,0.022418,7782.0,0.022416,5312.0,0.022419,284142.0,0.022421,13380.0
1753503306829,04:15:06.829,ACH/USDT:USDT,0.022418,7782.0,0.022416,5312.0,0.022419,284142.0,0.022421,13380.0
1753503306979,04:15:06.979,ACH/USDT:USDT,0.022418,7782.0,0.022416,5312.0,0.022419,284142.0,0.022421,13380.0
1753503307129,04:15:07.129,ACH/USDT:USDT,0.022418,7782.0,0.022416,5312.0,0.022419,284142.0,0.022421,13380.0
1753503307279,04:15:07.279,ACH/USDT:USDT,0.022418,7782.0,0.022416,5312.0,0.022419,284142.0,0.022421,13380.0
1753503307429,04:15:07.429,ACH/USDT:USDT,0.022418,7782.0,0.022416,5312.0,0.022419,284142.0,0.022421,13380.0
1753503307579,04:15:07.579,ACH/USDT:USDT,0.022418,7782.0,0.022416,5312.0,0.022419,284142.0,0.022421,13380.0
1753503307879,04:15:07.879,ACH/USDT:USDT,0.022418,7782.0,0.022416,5312.0,0.022419,284142.0,0.022421,13380.0
1753503308029,04:15:08.029,ACH/USDT:USDT,0.022418,7782.0,0.022416,5312.0,0.022419,284142.0,0.022421,13380.0
1753503308330,04:15:08.330,ACH/USDT:USDT,0.022418,7782.0,0.022416,5312.0,0.022419,284142.0,0.022421,13380.0
1753503308630,04:15:08.630,ACH/USDT:USDT,0.022418,7782.0,0.022416,5312.0,0.022419,284142.0,0.022421,13380.0
1753503308930,04:15:08.930,ACH/USDT:USDT,0.022418,2878.0,0.022416,5312.0,0.022419,284142.0,0.022421,13380.0
1753503309080,04:15:09.080,ACH/USDT:USDT,0.022418,2878.0,0.022416,5312.0,0.022419,284142.0,0.022421,13380.0
1753503309230,04:15:09.230,ACH/USDT:USDT,0.022418,2878.0,0.022416,5312.0,0.022419,284142.0,0.022421,13380.0
1753503309380,04:15:09.380,ACH/USDT:USDT,0.022418,2878.0,0.022416,5312.0,0.022419,284142.0,0.022421,13380.0
1753503309680,04:15:09.680,ACH/USDT:USDT,0.022418,2878.0,0.022416,5312.0,0.022419,284142.0,0.022421,15949.0
1753503309981,04:15:09.981,ACH/USDT:USDT,0.022417,2877.0,0.022416,5312.0,0.022418,85243.0,0.022419,284142.0
1753503310131,04:15:10.131,ACH/USDT:USDT,0.022418,9186.0,0.022417,9001.0,0.022419,284142.0,0.022421,18826.0
1753503310281,04:15:10.281,ACH/USDT:USDT,0.022418,12063.0,0.022416,5291.0,0.022419,284142.0,0.022421,18826.0
1753503310431,04:15:10.431,ACH/USDT:USDT,0.022418,12063.0,0.022416,5291.0,0.022419,284142.0,0.022421,18826.0
1753503310731,04:15:10.731,ACH/USDT:USDT,0.022418,9186.0,0.022416,5291.0,0.022419,284142.0,0.022421,18826.0
1753503310881,04:15:10.881,ACH/USDT:USDT,0.022418,9186.0,0.022416,5291.0,0.022419,284142.0,0.022421,18826.0
1753503311181,04:15:11.181,ACH/USDT:USDT,0.022418,9186.0,0.022416,5291.0,0.022419,284142.0,0.022421,18826.0
1753503311332,04:15:11.332,ACH/USDT:USDT,0.022418,9186.0,0.022416,5291.0,0.022419,284142.0,0.022421,18826.0
1753503311482,04:15:11.482,ACH/USDT:USDT,0.022405,2815.0,0.022401,9579.0,0.022419,284142.0,0.022421,18826.0
1753503312082,04:15:12.082,ACH/USDT:USDT,0.022416,8167.0,0.022414,7735.0,0.022418,85243.0,0.022419,284142.0
1753503312232,04:15:12.232,ACH/USDT:USDT,0.022416,8167.0,0.022414,7735.0,0.022418,85243.0,0.022419,284142.0
1753503312382,04:15:12.382,ACH/USDT:USDT,0.022416,8167.0,0.022414,7735.0,0.022418,85243.0,0.022419,284142.0
1753503312532,04:15:12.532,ACH/USDT:USDT,0.022416,8167.0,0.022414,7735.0,0.022418,85243.0,0.022419,284142.0
1753503312682,04:15:12.682,ACH/USDT:USDT,0.022416,8167.0,0.022414,7735.0,0.022418,85243.0,0.022419,284142.0
1753503312833,04:15:12.833,ACH/USDT:USDT,0.022416,8167.0,0.022414,7735.0,0.022418,85243.0,0.022419,284142.0
1753503312983,04:15:12.983,ACH/USDT:USDT,0.022416,5290.0,0.022414,7735.0,0.022418,85243.0,0.022419,284142.0
1753503313133,04:15:13.133,ACH/USDT:USDT,0.022416,5290.0,0.022414,7735.0,0.022418,85243.0,0.022419,284142.0
1753503313433,04:15:13.433,ACH/USDT:USDT,0.022416,5290.0,0.022414,7735.0,0.022418,85243.0,0.022419,284142.0
1753503313583,04:15:13.583,ACH/USDT:USDT,0.022416,5290.0,0.022414,7735.0,0.022418,85243.0,0.022419,284142.0
1753503313883,04:15:13.883,ACH/USDT:USDT,0.022416,5290.0,0.022414,7735.0,0.022418,85243.0,0.022419,284142.0
1753503314033,04:15:14.033,ACH/USDT:USDT,0.022416,8167.0,0.022414,7735.0,0.022418,85243.0,0.022419,284142.0
1753503314183,04:15:14.183,ACH/USDT:USDT,0.022416,8167.0,0.022414,7735.0,0.022418,85243.0,0.022419,284142.0
1753503314483,04:15:14.483,ACH/USDT:USDT,0.022416,8167.0,0.022414,7735.0,0.022418,85243.0,0.022419,284142.0
1753503314634,04:15:14.634,ACH/USDT:USDT,0.022416,8167.0,0.022414,7735.0,0.022418,85243.0,0.022419,284142.0
1753503314784,04:15:14.784,ACH/USDT:USDT,0.022416,8167.0,0.022414,7735.0,0.022418,85243.0,0.022419,284142.0
1753503314934,04:15:14.934,ACH/USDT:USDT,0.022416,8167.0,0.022414,7735.0,0.022418,85243.0,0.022419,284142.0
1753503315234,04:15:15.234,ACH/USDT:USDT,0.022416,8167.0,0.022414,7735.0,0.022418,85243.0,0.022419,284142.0
1753503315384,04:15:15.384,ACH/USDT:USDT,0.022416,8167.0,0.022414,7735.0,0.022418,85243.0,0.022419,284142.0
1753503315834,04:15:15.834,ACH/USDT:USDT,0.022416,8167.0,0.022414,7735.0,0.022418,85243.0,0.022419,284142.0
1753503315984,04:15:15.984,ACH/USDT:USDT,0.022416,8167.0,0.022414,7735.0,0.022418,85243.0,0.022419,284142.0
1753503316135,04:15:16.135,ACH/USDT:USDT,0.022416,8167.0,0.022414,7735.0,0.022418,85243.0,0.022419,284142.0
1753503316285,04:15:16.285,ACH/USDT:USDT,0.022416,8167.0,0.022414,7735.0,0.022418,85243.0,0.022419,284142.0
1753503316435,04:15:16.435,ACH/USDT:USDT,0.022416,8167.0,0.022414,7735.0,0.022418,85243.0,0.022419,284142.0
1753503316585,04:15:16.585,ACH/USDT:USDT,0.022416,8167.0,0.022414,7735.0,0.022418,85243.0,0.022419,284142.0
1753503316735,04:15:16.735,ACH/USDT:USDT,0.022416,8167.0,0.022414,7735.0,0.022418,85243.0,0.022419,284142.0
1753503316885,04:15:16.885,ACH/USDT:USDT,0.022416,8167.0,0.022414,7735.0,0.022418,85243.0,0.022419,284142.0
1753503317035,04:15:17.035,ACH/USDT:USDT,0.022417,2900.0,0.022416,5290.0,0.022419,284142.0,0.02242,2569.0
1753503317335,04:15:17.335,ACH/USDT:USDT,0.022417,2900.0,0.022415,5292.0,0.022419,284142.0,0.022421,13380.0
1753503317635,04:15:17.635,ACH/USDT:USDT,0.022417,2900.0,0.022415,5292.0,0.022419,284142.0,0.022421,13380.0
1753503317786,04:15:17.786,ACH/USDT:USDT,0.022417,2900.0,0.022415,5292.0,0.022419,284142.0,0.022421,15945.0
1753503317936,04:15:17.936,ACH/USDT:USDT,0.022417,2900.0,0.022415,5292.0,0.022419,284142.0,0.022421,15945.0
1753503318086,04:15:18.086,ACH/USDT:USDT,0.022417,2900.0,0.022415,5292.0,0.022419,284142.0,0.022421,15945.0
1753503318236,04:15:18.236,ACH/USDT:USDT,0.022417,2900.0,0.022415,5292.0,0.022419,284142.0,0.022421,15945.0
1753503318536,04:15:18.536,ACH/USDT:USDT,0.022417,2900.0,0.022415,5292.0,0.022419,284142.0,0.022421,15945.0
1753503318686,04:15:18.686,ACH/USDT:USDT,0.022417,2900.0,0.022415,5292.0,0.022419,284142.0,0.022421,15945.0
1753503318836,04:15:18.836,ACH/USDT:USDT,0.022417,2900.0,0.022415,5292.0,0.022419,284142.0,0.022421,15945.0
1753503318986,04:15:18.986,ACH/USDT:USDT,0.022417,2900.0,0.022415,5292.0,0.022419,284142.0,0.022421,15945.0
1753503319136,04:15:19.136,ACH/USDT:USDT,0.022417,2900.0,0.022415,5292.0,0.022419,284142.0,0.022421,15945.0
1753503319437,04:15:19.437,ACH/USDT:USDT,0.022417,2900.0,0.022415,5292.0,0.022419,284142.0,0.022421,15945.0
1753503319587,04:15:19.587,ACH/USDT:USDT,0.022417,2900.0,0.022415,5292.0,0.022419,284142.0,0.022421,15945.0
1753503319887,04:15:19.887,ACH/USDT:USDT,0.022417,2900.0,0.022415,5292.0,0.022419,284142.0,0.022421,15945.0
1753503320037,04:15:20.037,ACH/USDT:USDT,0.022417,2900.0,0.022415,5292.0,0.022419,284142.0,0.022421,15945.0
1753503320187,04:15:20.187,ACH/USDT:USDT,0.022417,2900.0,0.022415,5292.0,0.022419,284142.0,0.022421,15945.0
1753503320337,04:15:20.337,ACH/USDT:USDT,0.022417,2900.0,0.022415,5292.0,0.022419,284142.0,0.022421,15945.0
1753503320487,04:15:20.487,ACH/USDT:USDT,0.022417,2900.0,0.022415,5292.0,0.022419,284142.0,0.022421,15945.0
1753503320637,04:15:20.637,ACH/USDT:USDT,0.022417,2900.0,0.022415,5292.0,0.022419,284142.0,0.022421,15945.0
1753503320787,04:15:20.787,ACH/USDT:USDT,0.022417,2900.0,0.022416,2445.0,0.022419,284142.0,0.022421,13380.0
1753503320938,04:15:20.938,ACH/USDT:USDT,0.022417,2900.0,0.022416,2445.0,0.022419,284142.0,0.022421,13380.0
1753503321088,04:15:21.088,ACH/USDT:USDT,0.022419,40000.0,0.022417,2900.0,0.022421,7860.0,0.022427,12734.0
1753503321238,04:15:21.238,ACH/USDT:USDT,0.02242,2900.0,0.022419,893.0,0.022424,283990.0,0.022425,2900.0
1753503321388,04:15:21.388,ACH/USDT:USDT,0.02242,2900.0,0.022419,893.0,0.022423,85197.0,0.022424,283990.0
1753503321538,04:15:21.538,ACH/USDT:USDT,0.02242,2900.0,0.022419,893.0,0.022423,85197.0,0.022424,283990.0
1753503321688,04:15:21.688,ACH/USDT:USDT,0.022417,2900.0,0.022416,5290.0,0.022423,85197.0,0.022424,287401.0
1753503321988,04:15:21.988,ACH/USDT:USDT,0.022417,2900.0,0.022415,5290.0,0.022422,2900.0,0.022423,85197.0
1753503322138,04:15:22.138,ACH/USDT:USDT,0.022417,2900.0,0.022415,5290.0,0.022422,2900.0,0.022423,85197.0
1753503322288,04:15:22.288,ACH/USDT:USDT,0.022417,2900.0,0.022415,5290.0,0.022422,44599.0,0.022423,85197.0
1753503322439,04:15:22.439,ACH/USDT:USDT,0.022417,2900.0,0.022416,2445.0,0.022421,13380.0,0.022422,47499.0
1753503322589,04:15:22.589,ACH/USDT:USDT,0.022418,6124.0,0.022417,2900.0,0.022421,13380.0,0.022422,47499.0
1753503322739,04:15:22.739,ACH/USDT:USDT,0.022419,2900.0,0.022418,6124.0,0.022421,13380.0,0.022422,47499.0
1753503322889,04:15:22.889,ACH/USDT:USDT,0.022419,2900.0,0.022417,5290.0,0.022421,13380.0,0.022422,47499.0
