timestamp,time,symbol,bid1_price,bid1_volume,bid2_price,bid2_volume,ask1_price,ask1_volume,ask2_price,ask2_volume
1753503734122,04:22:14.122,ADA/USDT:USDT,0.8249,7545.0,0.8248,90854.0,0.825,12679.0,0.8251,69128.0
1753503734222,04:22:14.222,ADA/USDT:USDT,0.8249,7545.0,0.8248,83837.0,0.825,13079.0,0.8251,72833.0
1753503734422,04:22:14.422,ADA/USDT:USDT,0.8249,7545.0,0.8248,83837.0,0.825,13079.0,0.8251,72833.0
1753503734522,04:22:14.522,ADA/USDT:USDT,0.8249,7545.0,0.8248,83837.0,0.825,13207.0,0.8251,72833.0
1753503734622,04:22:14.622,ADA/USDT:USDT,0.8249,7528.0,0.8248,83837.0,0.825,13081.0,0.8251,75433.0
1753503734722,04:22:14.722,ADA/USDT:USDT,0.8249,7528.0,0.8248,83837.0,0.825,13081.0,0.8251,73980.0
1753503734822,04:22:14.822,ADA/USDT:USDT,0.8249,7528.0,0.8248,83837.0,0.825,13081.0,0.8251,73980.0
1753503734922,04:22:14.922,ADA/USDT:USDT,0.8249,7528.0,0.8248,83837.0,0.825,11123.0,0.8251,73980.0
1753503735023,04:22:15.023,ADA/USDT:USDT,0.8249,7528.0,0.8248,83837.0,0.825,12291.0,0.8251,73980.0
1753503735123,04:22:15.123,ADA/USDT:USDT,0.8249,13528.0,0.8248,83837.0,0.825,11312.0,0.8251,73980.0
1753503735222,04:22:15.222,ADA/USDT:USDT,0.8249,13528.0,0.8248,83837.0,0.825,12118.0,0.8251,73980.0
1753503735323,04:22:15.323,ADA/USDT:USDT,0.8249,13528.0,0.8248,83837.0,0.825,14076.0,0.8251,73980.0
1753503735423,04:22:15.423,ADA/USDT:USDT,0.8249,13528.0,0.8248,83837.0,0.825,12118.0,0.8251,73980.0
1753503735523,04:22:15.523,ADA/USDT:USDT,0.8249,7528.0,0.8248,83837.0,0.825,12112.0,0.8251,73980.0
1753503735622,04:22:15.622,ADA/USDT:USDT,0.8249,7528.0,0.8248,83837.0,0.825,13091.0,0.8251,73980.0
1753503735722,04:22:15.722,ADA/USDT:USDT,0.8249,7528.0,0.8248,83837.0,0.825,14092.0,0.8251,73980.0
1753503735822,04:22:15.822,ADA/USDT:USDT,0.8249,7528.0,0.8248,83837.0,0.825,12134.0,0.8251,73980.0
1753503735922,04:22:15.922,ADA/USDT:USDT,0.8249,7528.0,0.8248,83837.0,0.825,14092.0,0.8251,73980.0
1753503736023,04:22:16.023,ADA/USDT:USDT,0.8249,7528.0,0.8248,83837.0,0.825,14092.0,0.8251,73980.0
1753503736122,04:22:16.122,ADA/USDT:USDT,0.8249,13528.0,0.8248,83837.0,0.825,14092.0,0.8251,73980.0
1753503736222,04:22:16.222,ADA/USDT:USDT,0.8249,13528.0,0.8248,90405.0,0.825,11673.0,0.8251,73980.0
1753503736322,04:22:16.322,ADA/USDT:USDT,0.8249,13528.0,0.8248,90405.0,0.825,11676.0,0.8251,72768.0
1753503736422,04:22:16.422,ADA/USDT:USDT,0.8249,13528.0,0.8248,90405.0,0.825,11676.0,0.8251,72768.0
1753503736523,04:22:16.523,ADA/USDT:USDT,0.8249,13528.0,0.8248,83837.0,0.825,11678.0,0.8251,72768.0
1753503736623,04:22:16.623,ADA/USDT:USDT,0.8249,13528.0,0.8248,83837.0,0.825,13690.0,0.8251,72768.0
1753503736722,04:22:16.722,ADA/USDT:USDT,0.8249,13528.0,0.8248,84867.0,0.825,13690.0,0.8251,72768.0
1753503736822,04:22:16.822,ADA/USDT:USDT,0.8249,13528.0,0.8248,87467.0,0.825,10983.0,0.8251,72768.0
1753503736922,04:22:16.922,ADA/USDT:USDT,0.8249,13528.0,0.8248,87467.0,0.825,10983.0,0.8251,72768.0
1753503737022,04:22:17.022,ADA/USDT:USDT,0.8249,13528.0,0.8248,89425.0,0.825,10983.0,0.8251,72768.0
1753503737122,04:22:17.122,ADA/USDT:USDT,0.8249,13528.0,0.8248,89425.0,0.825,10983.0,0.8251,71935.0
1753503737222,04:22:17.222,ADA/USDT:USDT,0.8249,13528.0,0.8248,87467.0,0.825,11962.0,0.8251,71935.0
1753503737323,04:22:17.323,ADA/USDT:USDT,0.8249,7528.0,0.8248,29652.0,0.825,16290.0,0.8251,75251.0
1753503737423,04:22:17.423,ADA/USDT:USDT,0.8249,6032.0,0.8248,18465.0,0.825,18195.0,0.8251,83901.0
1753503737522,04:22:17.522,ADA/USDT:USDT,0.8249,6032.0,0.8248,8733.0,0.825,18195.0,0.8251,83901.0
1753503737622,04:22:17.622,ADA/USDT:USDT,0.8249,6032.0,0.8248,11216.0,0.825,18195.0,0.8251,83901.0
1753503737722,04:22:17.722,ADA/USDT:USDT,0.8249,6032.0,0.8248,11216.0,0.825,18595.0,0.8251,83901.0
1753503737822,04:22:17.822,ADA/USDT:USDT,0.8249,6779.0,0.8248,66188.0,0.825,16637.0,0.8251,78237.0
1753503737924,04:22:17.924,ADA/USDT:USDT,0.8249,6032.0,0.8248,43607.0,0.825,18596.0,0.8251,78237.0
1753503738022,04:22:18.022,ADA/USDT:USDT,0.8249,6032.0,0.8248,23896.0,0.825,18361.0,0.8251,78237.0
1753503738322,04:22:18.322,ADA/USDT:USDT,0.8249,6032.0,0.8248,23896.0,0.825,18361.0,0.8251,78262.0
1753503738422,04:22:18.422,ADA/USDT:USDT,0.8249,6032.0,0.8248,23896.0,0.825,18361.0,0.8251,78237.0
1753503738522,04:22:18.522,ADA/USDT:USDT,0.8249,6032.0,0.8248,23896.0,0.825,18361.0,0.8251,78237.0
1753503738622,04:22:18.622,ADA/USDT:USDT,0.8249,6033.0,0.8248,23896.0,0.825,18360.0,0.8251,78237.0
1753503738722,04:22:18.722,ADA/USDT:USDT,0.8249,6033.0,0.8248,23896.0,0.825,18360.0,0.8251,78237.0
1753503738822,04:22:18.822,ADA/USDT:USDT,0.8249,7529.0,0.8248,26496.0,0.825,16403.0,0.8251,78237.0
1753503738922,04:22:18.922,ADA/USDT:USDT,0.8249,7529.0,0.8248,93512.0,0.825,11961.0,0.8251,72401.0
1753503739022,04:22:19.022,ADA/USDT:USDT,0.8249,7529.0,0.8248,82710.0,0.825,11961.0,0.8251,72401.0
1753503739122,04:22:19.122,ADA/USDT:USDT,0.8249,13529.0,0.8248,82710.0,0.825,10749.0,0.8251,71189.0
1753503739223,04:22:19.223,ADA/USDT:USDT,0.8249,13529.0,0.8248,82710.0,0.825,10749.0,0.8251,69977.0
1753503739323,04:22:19.323,ADA/USDT:USDT,0.8249,13529.0,0.8248,82710.0,0.825,10569.0,0.8251,70956.0
1753503739422,04:22:19.422,ADA/USDT:USDT,0.8249,13529.0,0.8248,82710.0,0.825,10750.0,0.8251,69977.0
1753503739522,04:22:19.522,ADA/USDT:USDT,0.8249,13529.0,0.8248,82710.0,0.825,10755.0,0.8251,69977.0
1753503739622,04:22:19.622,ADA/USDT:USDT,0.8249,13529.0,0.8248,82710.0,0.825,8200.0,0.8251,69977.0
1753503739722,04:22:19.722,ADA/USDT:USDT,0.8249,15512.0,0.8248,92787.0,0.825,1827.0,0.8251,30528.0
1753503739822,04:22:19.822,ADA/USDT:USDT,0.8249,14508.0,0.8248,92787.0,0.825,4838.0,0.8251,60114.0
1753503739925,04:22:19.925,ADA/USDT:USDT,0.8249,13529.0,0.8248,87759.0,0.825,6699.0,0.8251,66977.0
1753503740022,04:22:20.022,ADA/USDT:USDT,0.8249,13529.0,0.8248,84603.0,0.825,8099.0,0.8251,67956.0
1753503740222,04:22:20.222,ADA/USDT:USDT,0.8249,13529.0,0.8248,84603.0,0.825,7611.0,0.8251,67956.0
1753503740323,04:22:20.323,ADA/USDT:USDT,0.8249,13529.0,0.8248,85582.0,0.825,7611.0,0.8251,67956.0
1753503740422,04:22:20.422,ADA/USDT:USDT,0.8249,13529.0,0.8248,86586.0,0.825,6238.0,0.8251,65165.0
1753503740522,04:22:20.522,ADA/USDT:USDT,0.8249,13529.0,0.8248,85582.0,0.825,6238.0,0.8251,57274.0
1753503740623,04:22:20.623,ADA/USDT:USDT,0.8249,13526.0,0.8248,89044.0,0.825,6455.0,0.8251,57507.0
1753503740722,04:22:20.722,ADA/USDT:USDT,0.8249,13526.0,0.8248,87591.0,0.825,6455.0,0.8251,57916.0
1753503740822,04:22:20.822,ADA/USDT:USDT,0.8249,13526.0,0.8248,87591.0,0.825,6455.0,0.8251,57916.0
1753503740923,04:22:20.923,ADA/USDT:USDT,0.8249,13526.0,0.8248,87591.0,0.825,5064.0,0.8251,57916.0
1753503741023,04:22:21.023,ADA/USDT:USDT,0.8249,13526.0,0.8248,88803.0,0.825,5064.0,0.8251,57916.0
1753503741122,04:22:21.122,ADA/USDT:USDT,0.8249,13526.0,0.8248,88828.0,0.825,5064.0,0.8251,57916.0
1753503741323,04:22:21.323,ADA/USDT:USDT,0.8249,13526.0,0.8248,88828.0,0.825,4847.0,0.8251,57916.0
1753503741423,04:22:21.423,ADA/USDT:USDT,0.8249,14963.0,0.8248,88803.0,0.825,4805.0,0.8251,59874.0
1753503741522,04:22:21.522,ADA/USDT:USDT,0.8249,14963.0,0.8248,88803.0,0.825,4805.0,0.8251,60707.0
1753503741622,04:22:21.622,ADA/USDT:USDT,0.8249,16137.0,0.8248,88803.0,0.825,3672.0,0.8251,58749.0
1753503741722,04:22:21.722,ADA/USDT:USDT,0.8249,15179.0,0.8248,88803.0,0.825,3745.0,0.8251,58749.0
1753503741823,04:22:21.823,ADA/USDT:USDT,0.8249,15179.0,0.8248,87824.0,0.825,5676.0,0.8251,60707.0
1753503741923,04:22:21.923,ADA/USDT:USDT,0.8249,15179.0,0.8248,86845.0,0.825,6057.0,0.8251,60707.0
1753503742022,04:22:22.022,ADA/USDT:USDT,0.8249,15179.0,0.8248,86845.0,0.825,7076.0,0.8251,60707.0
1753503742123,04:22:22.123,ADA/USDT:USDT,0.8249,15179.0,0.8248,86845.0,0.825,8069.0,0.8251,60707.0
1753503742222,04:22:22.222,ADA/USDT:USDT,0.8249,15179.0,0.8248,87824.0,0.825,7076.0,0.8251,60707.0
1753503742423,04:22:22.423,ADA/USDT:USDT,0.8249,15179.0,0.8248,87824.0,0.825,7073.0,0.8251,60707.0
1753503742522,04:22:22.522,ADA/USDT:USDT,0.8249,15179.0,0.8248,87824.0,0.825,7073.0,0.8251,60707.0
1753503742623,04:22:22.623,ADA/USDT:USDT,0.8249,15179.0,0.8248,86845.0,0.825,7073.0,0.8251,60707.0
1753503742722,04:22:22.722,ADA/USDT:USDT,0.8249,15179.0,0.8248,87824.0,0.825,7296.0,0.8251,61737.0
1753503742823,04:22:22.823,ADA/USDT:USDT,0.8249,16158.0,0.8248,91311.0,0.825,3614.0,0.8251,45460.0
1753503742923,04:22:22.923,ADA/USDT:USDT,0.8249,15179.0,0.8248,91431.0,0.825,4098.0,0.8251,55321.0
1753503743022,04:22:23.022,ADA/USDT:USDT,0.8249,15179.0,0.8248,91431.0,0.825,1734.0,0.8251,45460.0
1753503743122,04:22:23.122,ADA/USDT:USDT,0.8249,17137.0,0.8248,93558.0,0.825,1734.0,0.8251,18196.0
1753503743222,04:22:23.222,ADA/USDT:USDT,0.8249,17137.0,0.8248,93558.0,0.825,1734.0,0.8251,18196.0
1753503743422,04:22:23.422,ADA/USDT:USDT,0.8249,17137.0,0.8248,93558.0,0.825,1734.0,0.8251,18196.0
1753503743522,04:22:23.522,ADA/USDT:USDT,0.8249,17137.0,0.8248,93558.0,0.825,1734.0,0.8251,17708.0
1753503743622,04:22:23.622,ADA/USDT:USDT,0.8249,17157.0,0.8248,93558.0,0.825,1734.0,0.8251,17708.0
1753503743722,04:22:23.722,ADA/USDT:USDT,0.8249,17147.0,0.8248,93558.0,0.825,1734.0,0.8251,17708.0
1753503743822,04:22:23.822,ADA/USDT:USDT,0.8249,17147.0,0.8248,93558.0,0.825,1748.0,0.8251,40734.0
1753503743925,04:22:23.925,ADA/USDT:USDT,0.8249,17147.0,0.8248,93558.0,0.825,1748.0,0.8251,40734.0
1753503744023,04:22:24.023,ADA/USDT:USDT,0.8249,15189.0,0.8248,93558.0,0.825,1748.0,0.8251,52250.0
1753503744122,04:22:24.122,ADA/USDT:USDT,0.8249,17147.0,0.8248,93558.0,0.825,1748.0,0.8251,40734.0
1753503744222,04:22:24.222,ADA/USDT:USDT,0.8249,17147.0,0.8248,93558.0,0.825,1748.0,0.8251,40734.0
1753503744322,04:22:24.322,ADA/USDT:USDT,0.8249,16159.0,0.8248,93558.0,0.825,1748.0,0.8251,40734.0
1753503744422,04:22:24.422,ADA/USDT:USDT,0.8249,15180.0,0.8248,93558.0,0.825,1748.0,0.8251,52251.0
1753503744523,04:22:24.523,ADA/USDT:USDT,0.8249,15180.0,0.8248,93558.0,0.825,1748.0,0.8251,52251.0
1753503744622,04:22:24.622,ADA/USDT:USDT,0.8249,16159.0,0.8248,93558.0,0.825,1748.0,0.8251,52251.0
1753503744722,04:22:24.722,ADA/USDT:USDT,0.8249,16199.0,0.8248,93558.0,0.825,1748.0,0.8251,44990.0
1753503744822,04:22:24.822,ADA/USDT:USDT,0.8249,15220.0,0.8248,93558.0,0.825,1748.0,0.8251,54854.0
1753503744922,04:22:24.922,ADA/USDT:USDT,0.8249,16199.0,0.8248,93558.0,0.825,1748.0,0.8251,54854.0
1753503745023,04:22:25.023,ADA/USDT:USDT,0.8249,15220.0,0.8248,93558.0,0.825,1748.0,0.8251,54854.0
1753503745122,04:22:25.122,ADA/USDT:USDT,0.8249,16199.0,0.8248,93558.0,0.825,1748.0,0.8251,40052.0
1753503745223,04:22:25.223,ADA/USDT:USDT,0.8249,16199.0,0.8248,93558.0,0.825,1748.0,0.8251,40052.0
1753503745322,04:22:25.322,ADA/USDT:USDT,0.8249,15220.0,0.8248,93558.0,0.825,1748.0,0.8251,44991.0
1753503745423,04:22:25.423,ADA/USDT:USDT,0.8249,15220.0,0.8248,93558.0,0.825,2159.0,0.8251,54857.0
1753503745522,04:22:25.522,ADA/USDT:USDT,0.8249,15220.0,0.8248,91575.0,0.825,1748.0,0.8251,55836.0
1753503745623,04:22:25.623,ADA/USDT:USDT,0.8249,15220.0,0.8248,91575.0,0.825,1748.0,0.8251,55836.0
1753503745722,04:22:25.722,ADA/USDT:USDT,0.8249,14970.0,0.8248,86965.0,0.825,7077.0,0.8251,60248.0
1753503745822,04:22:25.822,ADA/USDT:USDT,0.8249,8974.0,0.8248,86965.0,0.825,8327.0,0.8251,67062.0
1753503745922,04:22:25.922,ADA/USDT:USDT,0.8249,8974.0,0.8248,88236.0,0.825,3148.0,0.8251,68274.0
1753503746022,04:22:26.022,ADA/USDT:USDT,0.8249,14974.0,0.8248,88236.0,0.825,3148.0,0.8251,67062.0
1753503746122,04:22:26.122,ADA/USDT:USDT,0.8249,14974.0,0.8248,88236.0,0.825,3148.0,0.8251,67062.0
1753503746322,04:22:26.322,ADA/USDT:USDT,0.8249,14974.0,0.8248,88236.0,0.825,3454.0,0.8251,67062.0
1753503746422,04:22:26.422,ADA/USDT:USDT,0.8249,14974.0,0.8248,88116.0,0.825,3454.0,0.8251,67062.0
1753503746522,04:22:26.522,ADA/USDT:USDT,0.8249,14974.0,0.8248,85633.0,0.825,8500.0,0.8251,67062.0
1753503746622,04:22:26.622,ADA/USDT:USDT,0.8249,14974.0,0.8248,85633.0,0.825,7521.0,0.8251,67062.0
1753503746722,04:22:26.722,ADA/USDT:USDT,0.8249,8990.0,0.8248,85633.0,0.825,7521.0,0.8251,67062.0
1753503746822,04:22:26.822,ADA/USDT:USDT,0.8249,8990.0,0.8248,83033.0,0.825,8500.0,0.8251,67062.0
1753503746922,04:22:26.922,ADA/USDT:USDT,0.8249,8990.0,0.8248,19172.0,0.825,15361.0,0.8251,70757.0
1753503747023,04:22:27.023,ADA/USDT:USDT,0.8249,8990.0,0.8248,28051.0,0.825,23115.0,0.8251,70757.0
1753503747122,04:22:27.122,ADA/USDT:USDT,0.8249,8990.0,0.8248,28051.0,0.825,23115.0,0.8251,70757.0
1753503747222,04:22:27.222,ADA/USDT:USDT,0.8249,8990.0,0.8248,28051.0,0.825,17515.0,0.8251,68274.0
1753503747322,04:22:27.322,ADA/USDT:USDT,0.8249,8773.0,0.8248,74936.0,0.825,17515.0,0.8251,68274.0
1753503747422,04:22:27.422,ADA/USDT:USDT,0.8249,8773.0,0.8248,68540.0,0.825,17515.0,0.8251,70757.0
1753503747522,04:22:27.522,ADA/USDT:USDT,0.8249,8773.0,0.8248,73481.0,0.825,15557.0,0.8251,68274.0
1753503747622,04:22:27.622,ADA/USDT:USDT,0.8249,8773.0,0.8248,73481.0,0.825,16536.0,0.8251,68274.0
1753503747723,04:22:27.723,ADA/USDT:USDT,0.8249,2755.0,0.8248,73481.0,0.825,16536.0,0.8251,69304.0
1753503747822,04:22:27.822,ADA/USDT:USDT,0.8249,8753.0,0.8248,73481.0,0.825,17517.0,0.8251,69304.0
1753503747925,04:22:27.925,ADA/USDT:USDT,0.8249,8753.0,0.8248,73481.0,0.825,17227.0,0.8251,69304.0
1753503748023,04:22:28.023,ADA/USDT:USDT,0.8249,8753.0,0.8248,73481.0,0.825,17621.0,0.8251,69304.0
1753503748122,04:22:28.122,ADA/USDT:USDT,0.8249,8753.0,0.8248,73481.0,0.825,17621.0,0.8251,69304.0
1753503748322,04:22:28.322,ADA/USDT:USDT,0.8249,8753.0,0.8248,57022.0,0.825,17621.0,0.8251,71787.0
1753503748423,04:22:28.423,ADA/USDT:USDT,0.8249,8482.0,0.8248,57022.0,0.825,17621.0,0.8251,71787.0
1753503748523,04:22:28.523,ADA/USDT:USDT,0.8249,8482.0,0.8248,57022.0,0.825,17667.0,0.8251,71787.0
1753503748623,04:22:28.623,ADA/USDT:USDT,0.8249,8970.0,0.8248,76085.0,0.825,15709.0,0.8251,69304.0
1753503748723,04:22:28.723,ADA/USDT:USDT,0.8249,8970.0,0.8248,76085.0,0.825,15709.0,0.8251,69304.0
1753503748822,04:22:28.822,ADA/USDT:USDT,0.8249,8971.0,0.8248,76085.0,0.825,15709.0,0.8251,69304.0
1753503748922,04:22:28.922,ADA/USDT:USDT,0.8249,8754.0,0.8248,73485.0,0.825,17680.0,0.8251,71787.0
1753503749022,04:22:29.022,ADA/USDT:USDT,0.8249,8754.0,0.8248,73485.0,0.825,17680.0,0.8251,71787.0
1753503749122,04:22:29.122,ADA/USDT:USDT,0.8249,8754.0,0.8248,73485.0,0.825,16701.0,0.8251,69304.0
1753503749223,04:22:29.223,ADA/USDT:USDT,0.8249,8754.0,0.8248,73485.0,0.825,15722.0,0.8251,69304.0
1753503749322,04:22:29.322,ADA/USDT:USDT,0.8249,7262.0,0.8248,60313.0,0.825,16740.0,0.8251,71787.0
1753503749422,04:22:29.422,ADA/USDT:USDT,0.8249,5983.0,0.8248,25570.0,0.825,18079.0,0.8251,71787.0
1753503749523,04:22:29.523,ADA/USDT:USDT,0.8249,5983.0,0.8248,25570.0,0.825,18079.0,0.8251,71787.0
1753503749622,04:22:29.622,ADA/USDT:USDT,0.8249,5983.0,0.8248,25570.0,0.825,18079.0,0.8251,71787.0
1753503749722,04:22:29.722,ADA/USDT:USDT,0.8249,7479.0,0.8248,80868.0,0.825,16121.0,0.8251,68325.0
1753503749822,04:22:29.822,ADA/USDT:USDT,0.8249,7545.0,0.8248,80868.0,0.825,16121.0,0.8251,69975.0
1753503749922,04:22:29.922,ADA/USDT:USDT,0.8249,7545.0,0.8248,79889.0,0.825,16121.0,0.8251,70954.0
1753503750022,04:22:30.022,ADA/USDT:USDT,0.8249,6049.0,0.8248,2733.0,0.825,19316.0,0.8251,79831.0
1753503750122,04:22:30.122,ADA/USDT:USDT,0.8249,6049.0,0.8248,2733.0,0.825,19316.0,0.8251,79831.0
1753503750222,04:22:30.222,ADA/USDT:USDT,0.8249,6049.0,0.8248,2733.0,0.825,19316.0,0.8251,79831.0
1753503750322,04:22:30.322,ADA/USDT:USDT,0.8249,6049.0,0.8248,2733.0,0.825,19316.0,0.8251,79831.0
1753503750422,04:22:30.422,ADA/USDT:USDT,0.8249,6049.0,0.8248,2733.0,0.825,19291.0,0.8251,79831.0
1753503750522,04:22:30.522,ADA/USDT:USDT,0.8249,6049.0,0.8248,5216.0,0.825,19291.0,0.8251,79831.0
1753503750622,04:22:30.622,ADA/USDT:USDT,0.8249,6049.0,0.8248,5216.0,0.825,18312.0,0.8251,79831.0
1753503750722,04:22:30.722,ADA/USDT:USDT,0.8249,6049.0,0.8248,5216.0,0.825,18035.0,0.8251,79831.0
1753503750822,04:22:30.822,ADA/USDT:USDT,0.8248,1510.0,0.8247,100434.0,0.8249,10671.0,0.825,83882.0
1753503750923,04:22:30.923,ADA/USDT:USDT,0.8248,1510.0,0.8247,52196.0,0.8249,10671.0,0.825,84861.0
1753503751023,04:22:31.023,ADA/USDT:USDT,0.8248,1510.0,0.8247,52196.0,0.8249,10671.0,0.825,83882.0
1753503751123,04:22:31.123,ADA/USDT:USDT,0.8248,1510.0,0.8247,52196.0,0.8249,10646.0,0.825,83882.0
1753503751222,04:22:31.222,ADA/USDT:USDT,0.8248,1510.0,0.8247,52196.0,0.8249,10646.0,0.825,84282.0
1753503751322,04:22:31.322,ADA/USDT:USDT,0.8248,1510.0,0.8247,53175.0,0.8249,10646.0,0.825,80820.0
1753503751422,04:22:31.422,ADA/USDT:USDT,0.8248,1510.0,0.8247,52196.0,0.8249,10646.0,0.825,81799.0
1753503751522,04:22:31.522,ADA/USDT:USDT,0.8248,1510.0,0.8247,52196.0,0.8249,10930.0,0.825,81510.0
1753503751622,04:22:31.622,ADA/USDT:USDT,0.8248,1510.0,0.8247,53175.0,0.8249,10930.0,0.825,81510.0
1753503751722,04:22:31.722,ADA/USDT:USDT,0.8248,1510.0,0.8247,53175.0,0.8249,11238.0,0.825,81744.0
1753503751822,04:22:31.822,ADA/USDT:USDT,0.8248,7478.0,0.8247,56637.0,0.8249,11238.0,0.825,80765.0
1753503751925,04:22:31.925,ADA/USDT:USDT,0.8248,7478.0,0.8247,55658.0,0.8249,11238.0,0.825,80765.0
1753503752022,04:22:32.022,ADA/USDT:USDT,0.8248,7478.0,0.8247,55658.0,0.8249,11238.0,0.825,80765.0
1753503752122,04:22:32.122,ADA/USDT:USDT,0.8248,7478.0,0.8247,56637.0,0.8249,11238.0,0.825,80765.0
1753503752223,04:22:32.223,ADA/USDT:USDT,0.8248,7471.0,0.8247,50575.0,0.8249,11238.0,0.825,81744.0
1753503752323,04:22:32.323,ADA/USDT:USDT,0.8248,7471.0,0.8247,54037.0,0.8249,11238.0,0.825,80765.0
1753503752422,04:22:32.422,ADA/USDT:USDT,0.8248,7471.0,0.8247,54037.0,0.8249,11238.0,0.825,80740.0
1753503752522,04:22:32.522,ADA/USDT:USDT,0.8248,7471.0,0.8247,53058.0,0.8249,11238.0,0.825,81744.0
1753503752622,04:22:32.622,ADA/USDT:USDT,0.8248,7471.0,0.8247,51722.0,0.8249,11238.0,0.825,81744.0
1753503752722,04:22:32.722,ADA/USDT:USDT,0.8248,7471.0,0.8247,53680.0,0.8249,11238.0,0.825,80765.0
1753503752822,04:22:32.822,ADA/USDT:USDT,0.8248,7468.0,0.8247,55301.0,0.8249,11238.0,0.825,81744.0
1753503752922,04:22:32.922,ADA/USDT:USDT,0.8248,7468.0,0.8247,55301.0,0.8249,11238.0,0.825,81744.0
1753503753022,04:22:33.022,ADA/USDT:USDT,0.8248,7468.0,0.8247,54322.0,0.8249,11238.0,0.825,81744.0
1753503753222,04:22:33.222,ADA/USDT:USDT,0.8248,7468.0,0.8247,54322.0,0.8249,11238.0,0.825,81744.0
1753503753322,04:22:33.322,ADA/USDT:USDT,0.8248,7468.0,0.8247,55301.0,0.8249,11238.0,0.825,81744.0
1753503753522,04:22:33.522,ADA/USDT:USDT,0.8248,7468.0,0.8247,55301.0,0.8249,11238.0,0.825,80740.0
1753503753622,04:22:33.622,ADA/USDT:USDT,0.8248,7468.0,0.8247,55301.0,0.8249,11238.0,0.825,80740.0
1753503753722,04:22:33.722,ADA/USDT:USDT,0.8248,7468.0,0.8247,55301.0,0.8249,11239.0,0.825,81744.0
1753503753822,04:22:33.822,ADA/USDT:USDT,0.8248,7468.0,0.8247,55301.0,0.8249,11239.0,0.825,81744.0
1753503754022,04:22:34.022,ADA/USDT:USDT,0.8248,7468.0,0.8247,55301.0,0.8249,11239.0,0.825,81744.0
1753503754123,04:22:34.123,ADA/USDT:USDT,0.8248,7468.0,0.8247,55301.0,0.8249,11239.0,0.825,81744.0
1753503754223,04:22:34.223,ADA/USDT:USDT,0.8248,7468.0,0.8247,55301.0,0.8249,11239.0,0.825,81744.0
1753503754322,04:22:34.322,ADA/USDT:USDT,0.8248,7468.0,0.8247,55301.0,0.8249,11239.0,0.825,81744.0
1753503754423,04:22:34.423,ADA/USDT:USDT,0.8248,7468.0,0.8247,54315.0,0.8249,11239.0,0.825,81744.0
1753503754522,04:22:34.522,ADA/USDT:USDT,0.8248,7468.0,0.8247,55294.0,0.8249,11237.0,0.825,81744.0
1753503754622,04:22:34.622,ADA/USDT:USDT,0.8248,7468.0,0.8247,55294.0,0.8249,11237.0,0.825,80765.0
1753503754723,04:22:34.723,ADA/USDT:USDT,0.8248,7468.0,0.8247,56324.0,0.8249,11237.0,0.825,81744.0
1753503754822,04:22:34.822,ADA/USDT:USDT,0.8248,7468.0,0.8247,57303.0,0.8249,11237.0,0.825,80765.0
1753503754922,04:22:34.922,ADA/USDT:USDT,0.8248,7468.0,0.8247,55345.0,0.8249,10929.0,0.825,81744.0
1753503755022,04:22:35.022,ADA/USDT:USDT,0.8248,7468.0,0.8247,55345.0,0.8249,11247.0,0.825,81744.0
1753503755122,04:22:35.122,ADA/USDT:USDT,0.8248,7468.0,0.8247,55345.0,0.8249,11247.0,0.825,80765.0
1753503755222,04:22:35.222,ADA/USDT:USDT,0.8248,7468.0,0.8247,52745.0,0.8249,11276.0,0.825,81744.0
1753503755322,04:22:35.322,ADA/USDT:USDT,0.8248,7468.0,0.8247,52745.0,0.8249,11276.0,0.825,81744.0
1753503755422,04:22:35.422,ADA/USDT:USDT,0.8248,7468.0,0.8247,52745.0,0.8249,11276.0,0.825,82723.0
1753503755522,04:22:35.522,ADA/USDT:USDT,0.8248,7468.0,0.8247,52745.0,0.8249,11276.0,0.825,82723.0
1753503755622,04:22:35.622,ADA/USDT:USDT,0.8248,10068.0,0.8247,54703.0,0.8249,11276.0,0.825,80740.0
1753503755723,04:22:35.723,ADA/USDT:USDT,0.8248,11047.0,0.8247,54703.0,0.8249,9495.0,0.825,69185.0
1753503755823,04:22:35.823,ADA/USDT:USDT,0.8248,12035.0,0.8247,54703.0,0.8249,6148.0,0.825,66943.0
1753503755925,04:22:35.925,ADA/USDT:USDT,0.8248,18035.0,0.8247,56103.0,0.8249,7074.0,0.825,66771.0
1753503756022,04:22:36.022,ADA/USDT:USDT,0.8248,18035.0,0.8247,56103.0,0.8249,7074.0,0.825,66771.0
1753503756122,04:22:36.122,ADA/USDT:USDT,0.8248,18035.0,0.8247,56103.0,0.8249,7074.0,0.825,66771.0
1753503756223,04:22:36.223,ADA/USDT:USDT,0.8248,18035.0,0.8247,56103.0,0.8249,7074.0,0.825,66771.0
1753503756322,04:22:36.322,ADA/USDT:USDT,0.8248,18035.0,0.8247,58703.0,0.8249,1811.0,0.825,66771.0
1753503756422,04:22:36.422,ADA/USDT:USDT,0.8248,18035.0,0.8247,59430.0,0.8249,1811.0,0.825,66771.0
1753503756522,04:22:36.522,ADA/USDT:USDT,0.8248,18035.0,0.8247,59430.0,0.8249,784.0,0.825,32205.0
1753503756623,04:22:36.623,ADA/USDT:USDT,0.8248,18035.0,0.8247,59430.0,0.8249,784.0,0.825,32205.0
1753503756722,04:22:36.722,ADA/USDT:USDT,0.8248,18035.0,0.8247,59430.0,0.8249,784.0,0.825,32205.0
1753503756822,04:22:36.822,ADA/USDT:USDT,0.8248,18035.0,0.8247,60642.0,0.8249,784.0,0.825,32205.0
1753503757022,04:22:37.022,ADA/USDT:USDT,0.8248,17056.0,0.8247,63242.0,0.8249,784.0,0.825,32205.0
1753503757222,04:22:37.222,ADA/USDT:USDT,0.8248,17056.0,0.8247,63242.0,0.8249,784.0,0.825,32205.0
1753503757322,04:22:37.322,ADA/USDT:USDT,0.8248,17056.0,0.8247,63242.0,0.8249,790.0,0.825,32126.0
1753503757423,04:22:37.423,ADA/USDT:USDT,0.8248,17056.0,0.8247,63242.0,0.8249,790.0,0.825,32126.0
1753503757523,04:22:37.523,ADA/USDT:USDT,0.8248,16077.0,0.8247,63242.0,0.8249,789.0,0.825,53521.0
1753503757623,04:22:37.623,ADA/USDT:USDT,0.8248,16077.0,0.8247,63242.0,0.8249,1564.0,0.825,53521.0
1753503757722,04:22:37.722,ADA/USDT:USDT,0.8248,16077.0,0.8247,62263.0,0.8249,1564.0,0.825,53521.0
1753503757822,04:22:37.822,ADA/USDT:USDT,0.8248,16051.0,0.8247,63242.0,0.8249,789.0,0.825,65461.0
1753503757922,04:22:37.922,ADA/USDT:USDT,0.8248,17029.0,0.8247,63242.0,0.8249,1530.0,0.825,52287.0
1753503758022,04:22:38.022,ADA/USDT:USDT,0.8248,16050.0,0.8247,62515.0,0.8249,4854.0,0.825,52287.0
1753503758122,04:22:38.122,ADA/USDT:USDT,0.8248,17029.0,0.8247,62515.0,0.8249,1530.0,0.825,52287.0
1753503758222,04:22:38.222,ADA/USDT:USDT,0.8248,17029.0,0.8247,62515.0,0.8249,1530.0,0.825,52287.0
1753503758322,04:22:38.322,ADA/USDT:USDT,0.8248,17029.0,0.8247,62515.0,0.8249,789.0,0.825,52287.0
1753503758422,04:22:38.422,ADA/USDT:USDT,0.8248,17029.0,0.8247,62515.0,0.8249,789.0,0.825,52287.0
1753503758522,04:22:38.522,ADA/USDT:USDT,0.8248,17029.0,0.8247,62515.0,0.8249,789.0,0.825,52287.0
1753503758622,04:22:38.622,ADA/USDT:USDT,0.8248,17029.0,0.8247,62515.0,0.8249,789.0,0.825,52287.0
1753503758722,04:22:38.722,ADA/USDT:USDT,0.8248,16050.0,0.8247,62515.0,0.8249,2116.0,0.825,52287.0
1753503758822,04:22:38.822,ADA/USDT:USDT,0.8248,17029.0,0.8247,62515.0,0.8249,1367.0,0.825,52287.0
1753503758923,04:22:38.923,ADA/USDT:USDT,0.8248,17029.0,0.8247,62515.0,0.8249,1367.0,0.825,52287.0
1753503759123,04:22:39.123,ADA/USDT:USDT,0.8248,17029.0,0.8247,62515.0,0.8249,1367.0,0.825,52287.0
1753503759222,04:22:39.222,ADA/USDT:USDT,0.8248,17029.0,0.8247,62515.0,0.8249,1367.0,0.825,52287.0
1753503759322,04:22:39.322,ADA/USDT:USDT,0.8248,16050.0,0.8247,61536.0,0.8249,2552.0,0.825,52287.0
1753503759422,04:22:39.422,ADA/USDT:USDT,0.8248,16050.0,0.8247,58074.0,0.8249,5501.0,0.825,68923.0
1753503759522,04:22:39.522,ADA/USDT:USDT,0.8248,10050.0,0.8247,61536.0,0.8249,5501.0,0.825,66440.0
1753503759622,04:22:39.622,ADA/USDT:USDT,0.8248,7450.0,0.8247,55462.0,0.8249,7118.0,0.825,68948.0
1753503759722,04:22:39.722,ADA/USDT:USDT,0.8248,7450.0,0.8247,55462.0,0.8249,7118.0,0.825,69927.0
1753503759822,04:22:39.822,ADA/USDT:USDT,0.8248,7450.0,0.8247,54432.0,0.8249,7118.0,0.825,70160.0
1753503759925,04:22:39.925,ADA/USDT:USDT,0.8248,7445.0,0.8247,54432.0,0.8249,6900.0,0.825,69181.0
1753503760022,04:22:40.022,ADA/USDT:USDT,0.8248,7445.0,0.8247,44583.0,0.8249,6900.0,0.825,70160.0
1753503760122,04:22:40.122,ADA/USDT:USDT,0.8248,7445.0,0.8247,44466.0,0.8249,9500.0,0.825,67677.0
1753503760223,04:22:40.223,ADA/USDT:USDT,0.8248,7445.0,0.8247,44466.0,0.8249,9717.0,0.825,70160.0
1753503760423,04:22:40.423,ADA/USDT:USDT,0.8248,7455.0,0.8247,44466.0,0.8249,9724.0,0.825,67677.0
1753503760523,04:22:40.523,ADA/USDT:USDT,0.8248,7455.0,0.8247,41866.0,0.8249,9724.0,0.825,71139.0
1753503760622,04:22:40.622,ADA/USDT:USDT,0.8248,7455.0,0.8247,39383.0,0.8249,9724.0,0.825,81632.0
1753503760722,04:22:40.722,ADA/USDT:USDT,0.8248,7455.0,0.8247,41866.0,0.8249,9724.0,0.825,80179.0
1753503760822,04:22:40.822,ADA/USDT:USDT,0.8248,7455.0,0.8247,41866.0,0.8249,9724.0,0.825,80179.0
1753503760922,04:22:40.922,ADA/USDT:USDT,0.8248,7382.0,0.8247,42962.0,0.8249,9724.0,0.825,80179.0
1753503761022,04:22:41.022,ADA/USDT:USDT,0.8248,7382.0,0.8247,43941.0,0.8249,9724.0,0.825,79200.0
1753503761122,04:22:41.122,ADA/USDT:USDT,0.8248,7372.0,0.8247,43941.0,0.8249,9734.0,0.825,78221.0
1753503761222,04:22:41.222,ADA/USDT:USDT,0.8248,8351.0,0.8247,43941.0,0.8249,9731.0,0.825,78196.0
1753503761322,04:22:41.322,ADA/USDT:USDT,0.8248,7372.0,0.8247,41341.0,0.8249,9731.0,0.825,78221.0
1753503761422,04:22:41.422,ADA/USDT:USDT,0.8248,7372.0,0.8247,41341.0,0.8249,9731.0,0.825,79200.0
1753503761522,04:22:41.522,ADA/USDT:USDT,0.8248,7372.0,0.8247,40362.0,0.8249,9731.0,0.825,78196.0
1753503761623,04:22:41.623,ADA/USDT:USDT,0.8248,7268.0,0.8247,39383.0,0.8249,9779.0,0.825,82364.0
1753503761722,04:22:41.722,ADA/USDT:USDT,0.8248,7268.0,0.8247,40362.0,0.8249,9779.0,0.825,82364.0
1753503761822,04:22:41.822,ADA/USDT:USDT,0.8248,7268.0,0.8247,40362.0,0.8249,9779.0,0.825,81360.0
1753503761925,04:22:41.925,ADA/USDT:USDT,0.8248,7347.0,0.8247,41866.0,0.8249,10758.0,0.825,82364.0
1753503762022,04:22:42.022,ADA/USDT:USDT,0.8248,7347.0,0.8247,41866.0,0.8249,10758.0,0.825,82364.0
1753503762123,04:22:42.123,ADA/USDT:USDT,0.8248,7347.0,0.8247,41866.0,0.8249,9779.0,0.825,82364.0
1753503762223,04:22:42.223,ADA/USDT:USDT,0.8248,7347.0,0.8247,42845.0,0.8249,9779.0,0.825,80406.0
1753503762330,04:22:42.330,ADA/USDT:USDT,0.8248,7347.0,0.8247,42845.0,0.8249,9859.0,0.825,82364.0
1753503762423,04:22:42.423,ADA/USDT:USDT,0.8248,7347.0,0.8247,42845.0,0.8249,9859.0,0.825,82364.0
1753503762522,04:22:42.522,ADA/USDT:USDT,0.8248,7347.0,0.8247,42845.0,0.8249,9859.0,0.825,82364.0
1753503762622,04:22:42.622,ADA/USDT:USDT,0.8248,7347.0,0.8247,42845.0,0.8249,9859.0,0.825,82364.0
1753503762723,04:22:42.723,ADA/USDT:USDT,0.8248,9305.0,0.8247,43824.0,0.8249,9859.0,0.825,79548.0
1753503762823,04:22:42.823,ADA/USDT:USDT,0.8248,15305.0,0.8247,46424.0,0.8249,9859.0,0.825,79548.0
1753503762922,04:22:42.922,ADA/USDT:USDT,0.8248,15305.0,0.8247,46424.0,0.8249,8459.0,0.825,79548.0
1753503763023,04:22:43.023,ADA/USDT:USDT,0.8248,15305.0,0.8247,46424.0,0.8249,8459.0,0.825,79548.0
1753503763122,04:22:43.122,ADA/USDT:USDT,0.8248,14326.0,0.8247,46424.0,0.8249,8459.0,0.825,79548.0
1753503763322,04:22:43.322,ADA/USDT:USDT,0.8248,14326.0,0.8247,46424.0,0.8249,8459.0,0.825,79548.0
1753503763422,04:22:43.422,ADA/USDT:USDT,0.8248,7347.0,0.8247,45445.0,0.8249,11145.0,0.825,81531.0
1753503763522,04:22:43.522,ADA/USDT:USDT,0.8248,7347.0,0.8247,45445.0,0.8249,11145.0,0.825,81531.0
1753503763723,04:22:43.723,ADA/USDT:USDT,0.8248,7347.0,0.8247,45445.0,0.8249,11145.0,0.825,81531.0
1753503763822,04:22:43.822,ADA/USDT:USDT,0.8248,13347.0,0.8247,45445.0,0.8249,11145.0,0.825,80552.0
1753503763925,04:22:43.925,ADA/USDT:USDT,0.8248,6990.0,0.8247,45445.0,0.8249,12164.0,0.825,81531.0
1753503764022,04:22:44.022,ADA/USDT:USDT,0.8248,6990.0,0.8247,41866.0,0.8249,12580.0,0.825,81531.0
1753503764122,04:22:44.122,ADA/USDT:USDT,0.8248,6990.0,0.8247,39383.0,0.8249,12580.0,0.825,84014.0
1753503764222,04:22:44.222,ADA/USDT:USDT,0.8248,6990.0,0.8247,39383.0,0.8249,12282.0,0.825,84014.0
1753503764322,04:22:44.322,ADA/USDT:USDT,0.8248,6990.0,0.8247,39383.0,0.8249,12310.0,0.825,84014.0
1753503764422,04:22:44.422,ADA/USDT:USDT,0.8248,6990.0,0.8247,41866.0,0.8249,12310.0,0.825,81531.0
1753503764622,04:22:44.622,ADA/USDT:USDT,0.8248,6990.0,0.8247,41866.0,0.8249,12310.0,0.825,81531.0
1753503764723,04:22:44.723,ADA/USDT:USDT,0.8248,6990.0,0.8247,42837.0,0.8249,12310.0,0.825,81531.0
1753503764823,04:22:44.823,ADA/USDT:USDT,0.8248,6990.0,0.8247,42837.0,0.8249,12310.0,0.825,81531.0
1753503764922,04:22:44.922,ADA/USDT:USDT,0.8248,7005.0,0.8247,40354.0,0.8249,12310.0,0.825,84006.0
1753503765022,04:22:45.022,ADA/USDT:USDT,0.8248,7005.0,0.8247,46408.0,0.8249,12310.0,0.825,80330.0
1753503765122,04:22:45.122,ADA/USDT:USDT,0.8248,7005.0,0.8247,46408.0,0.8249,12499.0,0.825,80355.0
1753503765222,04:22:45.222,ADA/USDT:USDT,0.8248,7005.0,0.8247,40841.0,0.8249,12499.0,0.825,81326.0
1753503765323,04:22:45.323,ADA/USDT:USDT,0.8248,7005.0,0.8247,39870.0,0.8249,12499.0,0.825,81326.0
1753503765422,04:22:45.422,ADA/USDT:USDT,0.8248,7005.0,0.8247,41812.0,0.8249,12499.0,0.825,80355.0
1753503765523,04:22:45.523,ADA/USDT:USDT,0.8247,798.0,0.8246,15394.0,0.8248,31593.0,0.8249,103997.0
1753503765622,04:22:45.622,ADA/USDT:USDT,0.8247,798.0,0.8246,26315.0,0.8248,31593.0,0.8249,100154.0
1753503765722,04:22:45.722,ADA/USDT:USDT,0.8247,798.0,0.8246,3930.0,0.8248,33845.0,0.8249,103633.0
1753503765822,04:22:45.822,ADA/USDT:USDT,0.8247,798.0,0.8246,3930.0,0.8248,34272.0,0.8249,103605.0
1753503765925,04:22:45.925,ADA/USDT:USDT,0.8247,798.0,0.8246,3930.0,0.8248,33301.0,0.8249,103605.0
1753503766022,04:22:46.022,ADA/USDT:USDT,0.8247,1715.0,0.8246,88608.0,0.8248,26246.0,0.8249,101604.0
1753503766122,04:22:46.122,ADA/USDT:USDT,0.8247,1715.0,0.8246,80832.0,0.8248,26246.0,0.8249,101604.0
1753503766223,04:22:46.223,ADA/USDT:USDT,0.8247,1986.0,0.8246,80832.0,0.8248,20884.0,0.8249,101363.0
1753503766323,04:22:46.323,ADA/USDT:USDT,0.8247,798.0,0.8246,80832.0,0.8248,21527.0,0.8249,102393.0
1753503766423,04:22:46.423,ADA/USDT:USDT,0.8247,798.0,0.8246,70953.0,0.8248,22582.0,0.8249,107292.0
1753503766523,04:22:46.523,ADA/USDT:USDT,0.8247,1715.0,0.8246,39647.0,0.8248,22582.0,0.8249,107292.0
1753503766622,04:22:46.622,ADA/USDT:USDT,0.8247,798.0,0.8246,39647.0,0.8248,22583.0,0.8249,107292.0
1753503766723,04:22:46.723,ADA/USDT:USDT,0.8247,798.0,0.8246,33060.0,0.8248,22405.0,0.8249,107292.0
1753503766822,04:22:46.822,ADA/USDT:USDT,0.8247,798.0,0.8246,33060.0,0.8248,29435.0,0.8249,107292.0
1753503766923,04:22:46.923,ADA/USDT:USDT,0.8247,798.0,0.8246,22357.0,0.8248,29613.0,0.8249,107099.0
1753503767023,04:22:47.023,ADA/USDT:USDT,0.8247,1806.0,0.8246,55321.0,0.8248,21725.0,0.8249,107099.0
1753503767122,04:22:47.122,ADA/USDT:USDT,0.8247,798.0,0.8246,74258.0,0.8248,22977.0,0.8249,106069.0
1753503767223,04:22:47.223,ADA/USDT:USDT,0.8247,1806.0,0.8246,80856.0,0.8248,21082.0,0.8249,105039.0
1753503767323,04:22:47.323,ADA/USDT:USDT,0.8247,1806.0,0.8246,80856.0,0.8248,21768.0,0.8249,107099.0
1753503767422,04:22:47.422,ADA/USDT:USDT,0.8247,1806.0,0.8246,80856.0,0.8248,22617.0,0.8249,107099.0
1753503767522,04:22:47.522,ADA/USDT:USDT,0.8247,798.0,0.8246,19874.0,0.8248,24677.0,0.8249,107099.0
1753503767622,04:22:47.622,ADA/USDT:USDT,0.8247,798.0,0.8246,22357.0,0.8248,24677.0,0.8249,107099.0
1753503767723,04:22:47.723,ADA/USDT:USDT,0.8247,798.0,0.8246,28357.0,0.8248,24677.0,0.8249,107099.0
1753503767822,04:22:47.822,ADA/USDT:USDT,0.8247,798.0,0.8246,34458.0,0.8248,24677.0,0.8249,107099.0
1753503767923,04:22:47.923,ADA/USDT:USDT,0.8247,798.0,0.8246,34458.0,0.8248,24677.0,0.8249,107099.0
1753503768022,04:22:48.022,ADA/USDT:USDT,0.8247,798.0,0.8246,31975.0,0.8248,24684.0,0.8249,107099.0
1753503768122,04:22:48.122,ADA/USDT:USDT,0.8247,798.0,0.8246,34458.0,0.8248,25084.0,0.8249,107099.0
1753503768322,04:22:48.322,ADA/USDT:USDT,0.8247,798.0,0.8246,47656.0,0.8248,24054.0,0.8249,107099.0
1753503768423,04:22:48.423,ADA/USDT:USDT,0.8247,798.0,0.8246,45173.0,0.8248,25084.0,0.8249,107099.0
1753503768522,04:22:48.522,ADA/USDT:USDT,0.8247,798.0,0.8246,47656.0,0.8248,24066.0,0.8249,107099.0
1753503768622,04:22:48.622,ADA/USDT:USDT,0.8247,798.0,0.8246,45173.0,0.8248,24066.0,0.8249,107099.0
1753503768723,04:22:48.723,ADA/USDT:USDT,0.8247,798.0,0.8246,34458.0,0.8248,28566.0,0.8249,107099.0
1753503768822,04:22:48.822,ADA/USDT:USDT,0.8247,798.0,0.8246,34458.0,0.8248,28566.0,0.8249,107099.0
1753503768922,04:22:48.922,ADA/USDT:USDT,0.8247,798.0,0.8246,28458.0,0.8248,29596.0,0.8249,107099.0
1753503769023,04:22:49.023,ADA/USDT:USDT,0.8247,798.0,0.8246,28458.0,0.8248,25096.0,0.8249,107099.0
1753503769122,04:22:49.122,ADA/USDT:USDT,0.8247,798.0,0.8246,6413.0,0.8248,25096.0,0.8249,107089.0
1753503769223,04:22:49.223,ADA/USDT:USDT,0.8247,798.0,0.8246,30452.0,0.8248,25945.0,0.8249,107041.0
1753503769423,04:22:49.423,ADA/USDT:USDT,0.8247,798.0,0.8246,30452.0,0.8248,25121.0,0.8249,107041.0
1753503769522,04:22:49.522,ADA/USDT:USDT,0.8247,798.0,0.8246,27969.0,0.8248,25121.0,0.8249,107041.0
1753503769622,04:22:49.622,ADA/USDT:USDT,0.8247,798.0,0.8246,27969.0,0.8248,25121.0,0.8249,107041.0
1753503769722,04:22:49.722,ADA/USDT:USDT,0.8247,798.0,0.8246,33969.0,0.8248,25121.0,0.8249,107470.0
1753503769822,04:22:49.822,ADA/USDT:USDT,0.8247,798.0,0.8246,33969.0,0.8248,25121.0,0.8249,107470.0
1753503769925,04:22:49.925,ADA/USDT:USDT,0.8247,798.0,0.8246,33969.0,0.8248,25121.0,0.8249,107470.0
1753503770022,04:22:50.022,ADA/USDT:USDT,0.8247,798.0,0.8246,33969.0,0.8248,25121.0,0.8249,107470.0
1753503770123,04:22:50.123,ADA/USDT:USDT,0.8247,798.0,0.8246,33969.0,0.8248,25121.0,0.8249,107470.0
1753503770222,04:22:50.222,ADA/USDT:USDT,0.8247,798.0,0.8246,33969.0,0.8248,25121.0,0.8249,107470.0
1753503770322,04:22:50.322,ADA/USDT:USDT,0.8247,798.0,0.8246,33969.0,0.8248,25121.0,0.8249,107470.0
1753503770422,04:22:50.422,ADA/USDT:USDT,0.8247,798.0,0.8246,33969.0,0.8248,25121.0,0.8249,107470.0
1753503770522,04:22:50.522,ADA/USDT:USDT,0.8247,1226.0,0.8246,36452.0,0.8248,25093.0,0.8249,107470.0
1753503770622,04:22:50.622,ADA/USDT:USDT,0.8247,1226.0,0.8246,30452.0,0.8248,25093.0,0.8249,107470.0
1753503770722,04:22:50.722,ADA/USDT:USDT,0.8246,21.0,0.8245,94679.0,0.8247,18233.0,0.8248,60830.0
1753503770823,04:22:50.823,ADA/USDT:USDT,0.8246,14.0,0.8245,33673.0,0.8247,19687.0,0.8248,60415.0
1753503770922,04:22:50.922,ADA/USDT:USDT,0.8246,1022.0,0.8245,32407.0,0.8247,20717.0,0.8248,61767.0
1753503771022,04:22:51.022,ADA/USDT:USDT,0.8246,1022.0,0.8245,34890.0,0.8247,20717.0,0.8248,61742.0
1753503771122,04:22:51.122,ADA/USDT:USDT,0.8246,1022.0,0.8245,34890.0,0.8247,20717.0,0.8248,61742.0
1753503771222,04:22:51.222,ADA/USDT:USDT,0.8246,1022.0,0.8245,34890.0,0.8247,20717.0,0.8248,61742.0
1753503771322,04:22:51.322,ADA/USDT:USDT,0.8246,1022.0,0.8245,48102.0,0.8247,19687.0,0.8248,61742.0
1753503771423,04:22:51.423,ADA/USDT:USDT,0.8246,1022.0,0.8245,48102.0,0.8247,20728.0,0.8248,61742.0
1753503771522,04:22:51.522,ADA/USDT:USDT,0.8246,1022.0,0.8245,45619.0,0.8247,20304.0,0.8248,61767.0
1753503771622,04:22:51.622,ADA/USDT:USDT,0.8246,14.0,0.8245,45619.0,0.8247,20736.0,0.8248,61742.0
1753503771722,04:22:51.722,ADA/USDT:USDT,0.8245,5257.0,0.8244,161364.0,0.8246,9109.0,0.8247,67150.0
1753503771822,04:22:51.822,ADA/USDT:USDT,0.8245,5257.0,0.8244,149968.0,0.8246,9109.0,0.8247,63659.0
1753503771925,04:22:51.925,ADA/USDT:USDT,0.8245,5257.0,0.8244,149968.0,0.8246,9109.0,0.8247,65011.0
1753503772022,04:22:52.022,ADA/USDT:USDT,0.8245,1713.0,0.8244,146923.0,0.8246,9109.0,0.8247,67494.0
1753503772122,04:22:52.122,ADA/USDT:USDT,0.8245,1713.0,0.8244,129599.0,0.8246,9109.0,0.8247,68515.0
1753503772222,04:22:52.222,ADA/USDT:USDT,0.8245,1713.0,0.8244,120820.0,0.8246,9109.0,0.8247,68515.0
1753503772323,04:22:52.323,ADA/USDT:USDT,0.8245,1747.0,0.8244,121841.0,0.8246,9553.0,0.8247,67062.0
1753503772422,04:22:52.422,ADA/USDT:USDT,0.8245,1747.0,0.8244,120820.0,0.8246,9553.0,0.8247,67062.0
1753503772523,04:22:52.523,ADA/USDT:USDT,0.8245,1747.0,0.8244,120820.0,0.8246,9553.0,0.8247,67062.0
1753503772622,04:22:52.622,ADA/USDT:USDT,0.8245,1747.0,0.8244,120820.0,0.8246,9553.0,0.8247,67062.0
1753503772722,04:22:52.722,ADA/USDT:USDT,0.8245,7747.0,0.8244,114058.0,0.8246,9553.0,0.8247,65400.0
1753503772823,04:22:52.823,ADA/USDT:USDT,0.8245,8959.0,0.8244,116482.0,0.8246,9567.0,0.8247,65400.0
1753503772922,04:22:52.922,ADA/USDT:USDT,0.8245,4260.0,0.8244,116482.0,0.8246,9567.0,0.8247,67883.0
1753503773022,04:22:53.022,ADA/USDT:USDT,0.8245,3048.0,0.8244,115270.0,0.8246,9752.0,0.8247,68904.0
1753503773122,04:22:53.122,ADA/USDT:USDT,0.8245,3048.0,0.8244,115270.0,0.8246,9752.0,0.8247,68904.0
1753503773223,04:22:53.223,ADA/USDT:USDT,0.8245,251.0,0.8244,31304.0,0.8246,11794.0,0.8247,96166.0
1753503773322,04:22:53.322,ADA/USDT:USDT,0.8245,51.0,0.8244,7688.0,0.8246,19660.0,0.8247,107252.0
1753503773422,04:22:53.422,ADA/USDT:USDT,0.8245,51.0,0.8244,7688.0,0.8246,20874.0,0.8247,107252.0
1753503773522,04:22:53.522,ADA/USDT:USDT,0.8244,2757.0,0.8243,56774.0,0.8245,18164.0,0.8246,54558.0
1753503773622,04:22:53.622,ADA/USDT:USDT,0.8244,50.0,0.8243,41483.0,0.8245,20939.0,0.8246,86355.0
1753503773723,04:22:53.723,ADA/USDT:USDT,0.8244,50.0,0.8243,41483.0,0.8245,26439.0,0.8246,87707.0
1753503773822,04:22:53.822,ADA/USDT:USDT,0.8244,50.0,0.8243,41483.0,0.8245,25430.0,0.8246,87707.0
1753503773922,04:22:53.922,ADA/USDT:USDT,0.8244,50.0,0.8243,54703.0,0.8245,19930.0,0.8246,87707.0
1753503774022,04:22:54.022,ADA/USDT:USDT,0.8244,50.0,0.8243,54703.0,0.8245,19930.0,0.8246,87707.0
1753503774122,04:22:54.122,ADA/USDT:USDT,0.8244,50.0,0.8243,54703.0,0.8245,19741.0,0.8246,87707.0
1753503774222,04:22:54.222,ADA/USDT:USDT,0.8244,1322.0,0.8243,58182.0,0.8245,9426.0,0.8246,85640.0
1753503774322,04:22:54.322,ADA/USDT:USDT,0.8244,5795.0,0.8243,103589.0,0.8245,3266.0,0.8246,84586.0
1753503774422,04:22:54.422,ADA/USDT:USDT,0.8244,5795.0,0.8243,103589.0,0.8245,3566.0,0.8246,84586.0
1753503774523,04:22:54.523,ADA/USDT:USDT,0.8244,6791.0,0.8243,107068.0,0.8245,640.0,0.8246,70152.0
1753503774622,04:22:54.622,ADA/USDT:USDT,0.8244,6791.0,0.8243,107068.0,0.8245,640.0,0.8246,64152.0
1753503774722,04:22:54.722,ADA/USDT:USDT,0.8244,12791.0,0.8243,111068.0,0.8245,112.0,0.8246,64152.0
1753503774822,04:22:54.822,ADA/USDT:USDT,0.8244,13787.0,0.8243,112280.0,0.8245,112.0,0.8246,62940.0
1753503774922,04:22:54.922,ADA/USDT:USDT,0.8244,13787.0,0.8243,112280.0,0.8245,112.0,0.8246,60340.0
1753503775023,04:22:55.023,ADA/USDT:USDT,0.8244,13787.0,0.8243,112280.0,0.8245,112.0,0.8246,60340.0
1753503775122,04:22:55.122,ADA/USDT:USDT,0.8244,12791.0,0.8243,112280.0,0.8245,152.0,0.8246,60340.0
1753503775222,04:22:55.222,ADA/USDT:USDT,0.8244,12791.0,0.8243,109797.0,0.8245,152.0,0.8246,59896.0
1753503775322,04:22:55.322,ADA/USDT:USDT,0.8244,12794.0,0.8243,112280.0,0.8245,621.0,0.8246,59896.0
1753503775422,04:22:55.422,ADA/USDT:USDT,0.8244,5798.0,0.8243,111521.0,0.8245,2607.0,0.8246,59896.0
1753503775523,04:22:55.523,ADA/USDT:USDT,0.8244,5798.0,0.8243,110309.0,0.8245,1629.0,0.8246,73955.0
1753503775622,04:22:55.622,ADA/USDT:USDT,0.8244,8965.0,0.8243,113788.0,0.8245,621.0,0.8246,73116.0
1753503775722,04:22:55.722,ADA/USDT:USDT,0.8244,8965.0,0.8243,113788.0,0.8245,621.0,0.8246,59896.0
1753503775925,04:22:55.925,ADA/USDT:USDT,0.8244,8965.0,0.8243,113788.0,0.8245,621.0,0.8246,59896.0
1753503776022,04:22:56.022,ADA/USDT:USDT,0.8244,8965.0,0.8243,113788.0,0.8245,772.0,0.8246,59711.0
1753503776122,04:22:56.122,ADA/USDT:USDT,0.8244,7969.0,0.8243,109313.0,0.8245,1780.0,0.8246,74766.0
1753503776222,04:22:56.222,ADA/USDT:USDT,0.8244,7969.0,0.8243,109313.0,0.8245,1780.0,0.8246,74766.0
1753503776422,04:22:56.422,ADA/USDT:USDT,0.8244,7969.0,0.8243,110525.0,0.8245,1780.0,0.8246,73770.0
1753503776522,04:22:56.522,ADA/USDT:USDT,0.8244,7969.0,0.8243,110525.0,0.8245,1780.0,0.8246,73770.0
1753503776623,04:22:56.623,ADA/USDT:USDT,0.8244,13969.0,0.8243,111521.0,0.8245,1803.0,0.8246,73770.0
1753503776722,04:22:56.722,ADA/USDT:USDT,0.8244,13969.0,0.8243,113547.0,0.8245,1803.0,0.8246,73770.0
1753503776822,04:22:56.822,ADA/USDT:USDT,0.8244,13959.0,0.8243,116030.0,0.8245,795.0,0.8246,59711.0
1753503776922,04:22:56.922,ADA/USDT:USDT,0.8244,13959.0,0.8243,112551.0,0.8245,795.0,0.8246,59711.0
1753503777022,04:22:57.022,ADA/USDT:USDT,0.8244,13959.0,0.8243,113547.0,0.8245,1195.0,0.8246,59711.0
1753503777122,04:22:57.122,ADA/USDT:USDT,0.8244,14955.0,0.8243,113547.0,0.8245,1195.0,0.8246,59711.0
1753503777222,04:22:57.222,ADA/USDT:USDT,0.8244,13959.0,0.8243,112551.0,0.8245,1195.0,0.8246,59711.0
1753503777322,04:22:57.322,ADA/USDT:USDT,0.8244,13959.0,0.8243,113547.0,0.8245,1195.0,0.8246,59711.0
1753503777423,04:22:57.423,ADA/USDT:USDT,0.8244,14955.0,0.8243,113547.0,0.8245,1195.0,0.8246,59711.0
1753503777522,04:22:57.522,ADA/USDT:USDT,0.8244,14955.0,0.8243,116030.0,0.8245,1108.0,0.8246,59711.0
1753503777623,04:22:57.623,ADA/USDT:USDT,0.8244,14919.0,0.8243,116030.0,0.8245,1108.0,0.8246,59711.0
1753503777722,04:22:57.722,ADA/USDT:USDT,0.8244,13959.0,0.8243,115034.0,0.8245,1108.0,0.8246,59711.0
1753503777822,04:22:57.822,ADA/USDT:USDT,0.8244,13959.0,0.8243,115034.0,0.8245,1108.0,0.8246,59711.0
1753503777922,04:22:57.922,ADA/USDT:USDT,0.8244,13959.0,0.8243,115994.0,0.8245,1108.0,0.8246,59711.0
1753503778022,04:22:58.022,ADA/USDT:USDT,0.8244,13959.0,0.8243,115994.0,0.8245,1108.0,0.8246,59711.0
1753503778123,04:22:58.123,ADA/USDT:USDT,0.8244,13959.0,0.8243,115994.0,0.8245,1136.0,0.8246,59711.0
1753503778222,04:22:58.222,ADA/USDT:USDT,0.8244,13959.0,0.8243,115994.0,0.8245,1154.0,0.8246,59711.0
1753503778322,04:22:58.322,ADA/USDT:USDT,0.8244,15879.0,0.8243,115994.0,0.8245,1154.0,0.8246,57111.0
1753503778422,04:22:58.422,ADA/USDT:USDT,0.8245,37477.0,0.8244,97967.0,0.8246,1409.0,0.8247,69694.0
1753503778522,04:22:58.522,ADA/USDT:USDT,0.8245,39355.0,0.8244,117914.0,0.8246,1369.0,0.8247,38388.0
1753503778623,04:22:58.623,ADA/USDT:USDT,0.8246,28870.0,0.8245,124142.0,0.8247,2541.0,0.8248,72757.0
1753503778723,04:22:58.723,ADA/USDT:USDT,0.8246,30739.0,0.8245,138032.0,0.8247,923.0,0.8248,11768.0
1753503778823,04:22:58.823,ADA/USDT:USDT,0.8246,29817.0,0.8245,137595.0,0.8247,963.0,0.8248,11768.0
1753503778922,04:22:58.922,ADA/USDT:USDT,0.8246,25853.0,0.8245,127034.0,0.8247,2056.0,0.8248,14251.0
1753503779023,04:22:59.023,ADA/USDT:USDT,0.8246,14002.0,0.8245,127009.0,0.8247,2943.0,0.8248,42917.0
1753503779123,04:22:59.123,ADA/USDT:USDT,0.8246,8782.0,0.8245,127007.0,0.8247,3431.0,0.8248,40434.0
1753503779222,04:22:59.222,ADA/USDT:USDT,0.8246,8420.0,0.8245,126717.0,0.8247,2544.0,0.8248,42917.0
1753503779322,04:22:59.322,ADA/USDT:USDT,0.8246,8423.0,0.8245,126717.0,0.8247,2544.0,0.8248,42917.0
1753503779422,04:22:59.422,ADA/USDT:USDT,0.8246,8423.0,0.8245,127630.0,0.8247,2561.0,0.8248,40434.0
1753503779522,04:22:59.522,ADA/USDT:USDT,0.8246,8423.0,0.8245,127630.0,0.8247,2561.0,0.8248,40434.0
1753503779622,04:22:59.622,ADA/USDT:USDT,0.8246,15389.0,0.8245,127630.0,0.8247,2073.0,0.8248,43034.0
1753503779722,04:22:59.722,ADA/USDT:USDT,0.8246,15389.0,0.8245,127630.0,0.8247,2073.0,0.8248,43034.0
1753503779823,04:22:59.823,ADA/USDT:USDT,0.8246,14476.0,0.8245,127630.0,0.8247,2083.0,0.8248,43034.0
1753503779922,04:22:59.922,ADA/USDT:USDT,0.8246,14476.0,0.8245,127630.0,0.8247,2083.0,0.8248,43034.0
1753503780023,04:23:00.023,ADA/USDT:USDT,0.8246,14476.0,0.8245,125795.0,0.8247,2083.0,0.8248,45517.0
1753503780123,04:23:00.123,ADA/USDT:USDT,0.8246,14476.0,0.8245,127920.0,0.8247,5948.0,0.8248,45517.0
1753503780222,04:23:00.222,ADA/USDT:USDT,0.8246,14476.0,0.8245,128833.0,0.8247,5948.0,0.8248,45517.0
1753503780323,04:23:00.323,ADA/USDT:USDT,0.8246,15389.0,0.8245,128858.0,0.8247,2571.0,0.8248,43034.0
1753503780422,04:23:00.422,ADA/USDT:USDT,0.8246,16302.0,0.8245,131341.0,0.8247,950.0,0.8248,39034.0
1753503780522,04:23:00.522,ADA/USDT:USDT,0.8246,16327.0,0.8245,131341.0,0.8247,961.0,0.8248,10368.0
1753503780622,04:23:00.622,ADA/USDT:USDT,0.8246,16302.0,0.8245,131341.0,0.8247,961.0,0.8248,9360.0
1753503780722,04:23:00.722,ADA/USDT:USDT,0.8246,16302.0,0.8245,131341.0,0.8247,961.0,0.8248,4763.0
1753503780822,04:23:00.822,ADA/USDT:USDT,0.8246,16302.0,0.8245,140804.0,0.8247,953.0,0.8248,4763.0
1753503780922,04:23:00.922,ADA/USDT:USDT,0.8246,15389.0,0.8245,129638.0,0.8247,953.0,0.8248,4763.0
1753503781022,04:23:01.022,ADA/USDT:USDT,0.8246,16302.0,0.8245,140804.0,0.8247,953.0,0.8248,868.0
1753503781122,04:23:01.122,ADA/USDT:USDT,0.8247,34859.0,0.8246,58132.0,0.8248,851.0,0.8249,84008.0
1753503781223,04:23:01.223,ADA/USDT:USDT,0.8247,30735.0,0.8246,121333.0,0.8248,831.0,0.8249,87345.0
1753503781323,04:23:01.323,ADA/USDT:USDT,0.8247,21119.0,0.8246,109109.0,0.8248,3930.0,0.8249,98903.0
1753503781422,04:23:01.422,ADA/USDT:USDT,0.8247,8826.0,0.8246,109109.0,0.8248,4938.0,0.8249,99794.0
1753503781523,04:23:01.523,ADA/USDT:USDT,0.8247,4629.0,0.8246,110000.0,0.8248,4147.0,0.8249,98903.0
1753503781622,04:23:01.622,ADA/USDT:USDT,0.8247,10629.0,0.8246,110891.0,0.8248,4906.0,0.8249,98903.0
1753503781722,04:23:01.722,ADA/USDT:USDT,0.8247,12411.0,0.8246,110891.0,0.8248,4092.0,0.8249,58562.0
1753503781822,04:23:01.822,ADA/USDT:USDT,0.8247,12411.0,0.8246,110838.0,0.8248,4092.0,0.8249,68459.0
1753503781924,04:23:01.924,ADA/USDT:USDT,0.8247,10687.0,0.8246,110838.0,0.8248,4092.0,0.8249,80015.0
1753503782023,04:23:02.023,ADA/USDT:USDT,0.8247,1362.0,0.8246,109056.0,0.8248,9507.0,0.8249,99658.0
1753503782122,04:23:02.122,ADA/USDT:USDT,0.8247,1362.0,0.8246,38306.0,0.8248,11289.0,0.8249,100434.0
1753503782222,04:23:02.222,ADA/USDT:USDT,0.8247,1362.0,0.8246,56470.0,0.8248,9581.0,0.8249,82469.0
1753503782322,04:23:02.322,ADA/USDT:USDT,0.8247,1362.0,0.8246,86170.0,0.8248,9137.0,0.8249,82469.0
1753503782422,04:23:02.422,ADA/USDT:USDT,0.8247,1362.0,0.8246,99384.0,0.8248,9137.0,0.8249,82469.0
1753503782523,04:23:02.523,ADA/USDT:USDT,0.8247,1362.0,0.8246,99384.0,0.8248,9137.0,0.8249,82469.0
1753503782622,04:23:02.622,ADA/USDT:USDT,0.8247,1362.0,0.8246,48920.0,0.8248,15137.0,0.8249,82469.0
1753503782722,04:23:02.722,ADA/USDT:USDT,0.8247,1362.0,0.8246,48920.0,0.8248,15137.0,0.8249,82469.0
1753503782823,04:23:02.823,ADA/USDT:USDT,0.8247,58.0,0.8246,5487.0,0.8248,18131.0,0.8249,93050.0
1753503782923,04:23:02.923,ADA/USDT:USDT,0.8247,58.0,0.8246,1616.0,0.8248,18131.0,0.8249,91779.0
1753503783022,04:23:03.022,ADA/USDT:USDT,0.8247,58.0,0.8246,1616.0,0.8248,18138.0,0.8249,91754.0
1753503783122,04:23:03.122,ADA/USDT:USDT,0.8247,58.0,0.8246,1526.0,0.8248,18246.0,0.8249,94262.0
1753503783223,04:23:03.223,ADA/USDT:USDT,0.8247,58.0,0.8246,1038.0,0.8248,18246.0,0.8249,94262.0
1753503783322,04:23:03.322,ADA/USDT:USDT,0.8246,1506.0,0.8245,117939.0,0.8247,7496.0,0.8248,46820.0
1753503783423,04:23:03.423,ADA/USDT:USDT,0.8246,1506.0,0.8245,117939.0,0.8247,7496.0,0.8248,46820.0
1753503783522,04:23:03.522,ADA/USDT:USDT,0.8246,1506.0,0.8245,117939.0,0.8247,7496.0,0.8248,46820.0
1753503783622,04:23:03.622,ADA/USDT:USDT,0.8246,1506.0,0.8245,117939.0,0.8247,7496.0,0.8248,46820.0
1753503783722,04:23:03.722,ADA/USDT:USDT,0.8246,1506.0,0.8245,117939.0,0.8247,7496.0,0.8248,47850.0
1753503783823,04:23:03.823,ADA/USDT:USDT,0.8246,1506.0,0.8245,117939.0,0.8247,7496.0,0.8248,47850.0
1753503783925,04:23:03.925,ADA/USDT:USDT,0.8246,1506.0,0.8245,117939.0,0.8247,7496.0,0.8248,47850.0
1753503784122,04:23:04.122,ADA/USDT:USDT,0.8246,1565.0,0.8245,111939.0,0.8247,7892.0,0.8248,47850.0
1753503784222,04:23:04.222,ADA/USDT:USDT,0.8246,1565.0,0.8245,56990.0,0.8247,7892.0,0.8248,47850.0
1753503784322,04:23:04.322,ADA/USDT:USDT,0.8246,1326.0,0.8245,55473.0,0.8247,7892.0,0.8248,50450.0
1753503784422,04:23:04.422,ADA/USDT:USDT,0.8246,1326.0,0.8245,55473.0,0.8247,7892.0,0.8248,50450.0
1753503784522,04:23:04.522,ADA/USDT:USDT,0.8246,1326.0,0.8245,55473.0,0.8247,7892.0,0.8248,50450.0
1753503784722,04:23:04.722,ADA/USDT:USDT,0.8246,1326.0,0.8245,103342.0,0.8247,7892.0,0.8248,47076.0
1753503784822,04:23:04.822,ADA/USDT:USDT,0.8246,1326.0,0.8245,100859.0,0.8247,7892.0,0.8248,50450.0
1753503784923,04:23:04.923,ADA/USDT:USDT,0.8246,1331.0,0.8245,100859.0,0.8247,7892.0,0.8248,50450.0
1753503785022,04:23:05.022,ADA/USDT:USDT,0.8246,64.0,0.8245,100859.0,0.8247,9322.0,0.8248,50450.0
1753503785122,04:23:05.122,ADA/USDT:USDT,0.8246,64.0,0.8245,100849.0,0.8247,9322.0,0.8248,50450.0
1753503785222,04:23:05.222,ADA/USDT:USDT,0.8246,64.0,0.8245,100849.0,0.8247,9322.0,0.8248,50450.0
1753503785322,04:23:05.322,ADA/USDT:USDT,0.8246,64.0,0.8245,100849.0,0.8247,9322.0,0.8248,50450.0
1753503785422,04:23:05.422,ADA/USDT:USDT,0.8246,64.0,0.8245,100849.0,0.8247,9322.0,0.8248,50450.0
1753503785522,04:23:05.522,ADA/USDT:USDT,0.8246,64.0,0.8245,100849.0,0.8247,9322.0,0.8248,50450.0
1753503785622,04:23:05.622,ADA/USDT:USDT,0.8246,64.0,0.8245,100849.0,0.8247,9322.0,0.8248,50450.0
1753503785723,04:23:05.723,ADA/USDT:USDT,0.8246,64.0,0.8245,5692.0,0.8247,12435.0,0.8248,51687.0
1753503785822,04:23:05.822,ADA/USDT:USDT,0.8246,64.0,0.8245,3209.0,0.8247,12435.0,0.8248,51694.0
1753503785924,04:23:05.924,ADA/USDT:USDT,0.8246,64.0,0.8245,3209.0,0.8247,13827.0,0.8248,52300.0
1753503786022,04:23:06.022,ADA/USDT:USDT,0.8245,27.0,0.8244,68228.0,0.8246,25062.0,0.8247,28076.0
1753503786122,04:23:06.122,ADA/USDT:USDT,0.8245,7.0,0.8244,15832.0,0.8246,35934.0,0.8247,101844.0
1753503786223,04:23:06.223,ADA/USDT:USDT,0.8245,7.0,0.8244,8967.0,0.8246,35934.0,0.8247,101844.0
1753503786323,04:23:06.323,ADA/USDT:USDT,0.8245,7.0,0.8244,8967.0,0.8246,35934.0,0.8247,112122.0
1753503786422,04:23:06.422,ADA/USDT:USDT,0.8245,7.0,0.8244,8967.0,0.8246,36334.0,0.8247,112242.0
1753503786523,04:23:06.523,ADA/USDT:USDT,0.8245,7.0,0.8244,14967.0,0.8246,40834.0,0.8247,112242.0
1753503786622,04:23:06.622,ADA/USDT:USDT,0.8245,7.0,0.8244,14967.0,0.8246,36334.0,0.8247,120925.0
1753503786722,04:23:06.722,ADA/USDT:USDT,0.8244,3065.0,0.8243,56746.0,0.8245,30862.0,0.8246,70746.0
1753503786822,04:23:06.822,ADA/USDT:USDT,0.8244,43.0,0.8243,14476.0,0.8245,32992.0,0.8246,99532.0
1753503786922,04:23:06.922,ADA/USDT:USDT,0.8244,43.0,0.8243,1260.0,0.8245,33853.0,0.8246,99532.0
1753503787022,04:23:07.022,ADA/USDT:USDT,0.8244,43.0,0.8243,36938.0,0.8245,33853.0,0.8246,99532.0
1753503787122,04:23:07.122,ADA/USDT:USDT,0.8244,43.0,0.8243,36938.0,0.8245,33853.0,0.8246,99532.0
1753503787223,04:23:07.223,ADA/USDT:USDT,0.8244,43.0,0.8243,36938.0,0.8245,33853.0,0.8246,99532.0
1753503787322,04:23:07.322,ADA/USDT:USDT,0.8244,36.0,0.8243,36938.0,0.8245,32131.0,0.8246,99532.0
1753503787422,04:23:07.422,ADA/USDT:USDT,0.8244,36.0,0.8243,36938.0,0.8245,34863.0,0.8246,99471.0
1753503787522,04:23:07.522,ADA/USDT:USDT,0.8244,36.0,0.8243,1260.0,0.8245,34863.0,0.8246,99471.0
1753503787623,04:23:07.623,ADA/USDT:USDT,0.8244,36.0,0.8243,1260.0,0.8245,35517.0,0.8246,99471.0
1753503787722,04:23:07.722,ADA/USDT:USDT,0.8244,36.0,0.8243,1260.0,0.8245,35517.0,0.8246,100292.0
1753503787822,04:23:07.822,ADA/USDT:USDT,0.8244,36.0,0.8243,1260.0,0.8245,35517.0,0.8246,102775.0
1753503787925,04:23:07.925,ADA/USDT:USDT,0.8244,50.0,0.8243,1260.0,0.8245,35517.0,0.8246,102775.0
1753503788022,04:23:08.022,ADA/USDT:USDT,0.8244,50.0,0.8243,3743.0,0.8245,35492.0,0.8246,100412.0
1753503788123,04:23:08.123,ADA/USDT:USDT,0.8244,50.0,0.8243,3743.0,0.8245,34676.0,0.8246,100412.0
1753503788222,04:23:08.222,ADA/USDT:USDT,0.8244,50.0,0.8243,3743.0,0.8245,34676.0,0.8246,100412.0
1753503788322,04:23:08.322,ADA/USDT:USDT,0.8243,1561.0,0.8242,123188.0,0.8244,20256.0,0.8245,54032.0
1753503788423,04:23:08.423,ADA/USDT:USDT,0.8243,378.0,0.8242,3722.0,0.8244,21205.0,0.8245,92262.0
1753503788522,04:23:08.522,ADA/USDT:USDT,0.8243,378.0,0.8242,45399.0,0.8244,20354.0,0.8245,92262.0
1753503788622,04:23:08.622,ADA/USDT:USDT,0.8243,378.0,0.8242,45399.0,0.8244,20565.0,0.8245,92201.0
1753503788722,04:23:08.722,ADA/USDT:USDT,0.8243,1386.0,0.8242,58615.0,0.8244,20940.0,0.8245,92201.0
1753503788822,04:23:08.822,ADA/USDT:USDT,0.8243,1386.0,0.8242,58615.0,0.8244,20940.0,0.8245,92201.0
1753503788922,04:23:08.922,ADA/USDT:USDT,0.8243,1386.0,0.8242,58615.0,0.8244,20940.0,0.8245,92201.0
1753503789022,04:23:09.022,ADA/USDT:USDT,0.8243,1386.0,0.8242,58615.0,0.8244,24597.0,0.8245,92201.0
1753503789122,04:23:09.122,ADA/USDT:USDT,0.8243,1386.0,0.8242,58615.0,0.8244,24597.0,0.8245,92201.0
1753503789223,04:23:09.223,ADA/USDT:USDT,0.8243,1386.0,0.8242,108198.0,0.8244,21997.0,0.8245,89739.0
1753503789322,04:23:09.322,ADA/USDT:USDT,0.8243,5277.0,0.8242,98155.0,0.8244,14353.0,0.8245,89739.0
1753503789422,04:23:09.422,ADA/USDT:USDT,0.8243,5277.0,0.8242,96453.0,0.8244,14353.0,0.8245,89739.0
1753503789522,04:23:09.522,ADA/USDT:USDT,0.8243,6386.0,0.8242,99053.0,0.8244,14353.0,0.8245,91466.0
1753503789622,04:23:09.622,ADA/USDT:USDT,0.8243,6386.0,0.8242,53655.0,0.8244,14353.0,0.8245,91466.0
1753503789722,04:23:09.722,ADA/USDT:USDT,0.8243,6386.0,0.8242,76816.0,0.8244,14353.0,0.8245,89739.0
1753503789822,04:23:09.822,ADA/USDT:USDT,0.8243,6386.0,0.8242,99903.0,0.8244,14353.0,0.8245,89764.0
1753503789925,04:23:09.925,ADA/USDT:USDT,0.8243,6386.0,0.8242,99052.0,0.8244,14355.0,0.8245,91466.0
1753503790022,04:23:10.022,ADA/USDT:USDT,0.8243,6386.0,0.8242,51172.0,0.8244,14355.0,0.8245,91466.0
1753503790123,04:23:10.123,ADA/USDT:USDT,0.8243,6386.0,0.8242,53655.0,0.8244,14355.0,0.8245,91466.0
1753503790422,04:23:10.422,ADA/USDT:USDT,0.8243,6386.0,0.8242,75170.0,0.8244,14355.0,0.8245,89739.0
1753503790522,04:23:10.522,ADA/USDT:USDT,0.8243,1386.0,0.8242,51172.0,0.8244,14355.0,0.8245,90590.0
1753503790622,04:23:10.622,ADA/USDT:USDT,0.8243,1386.0,0.8242,53655.0,0.8244,14355.0,0.8245,89739.0
1753503790722,04:23:10.722,ADA/USDT:USDT,0.8243,3986.0,0.8242,94151.0,0.8244,14379.0,0.8245,90770.0
1753503790822,04:23:10.822,ADA/USDT:USDT,0.8243,7477.0,0.8242,100761.0,0.8244,14379.0,0.8245,90770.0
1753503790923,04:23:10.923,ADA/USDT:USDT,0.8243,7477.0,0.8242,99910.0,0.8244,14379.0,0.8245,90770.0
1753503791023,04:23:11.023,ADA/USDT:USDT,0.8243,7477.0,0.8242,99059.0,0.8244,14379.0,0.8245,92497.0
1753503791122,04:23:11.122,ADA/USDT:USDT,0.8243,7477.0,0.8242,99059.0,0.8244,14379.0,0.8245,93703.0
1753503791222,04:23:11.222,ADA/USDT:USDT,0.8243,3986.0,0.8242,99059.0,0.8244,14379.0,0.8245,93703.0
1753503791322,04:23:11.322,ADA/USDT:USDT,0.8243,1386.0,0.8242,99059.0,0.8244,14409.0,0.8245,93703.0
1753503791423,04:23:11.423,ADA/USDT:USDT,0.8243,1386.0,0.8242,99059.0,0.8244,14409.0,0.8245,93703.0
1753503791522,04:23:11.522,ADA/USDT:USDT,0.8243,7386.0,0.8242,99059.0,0.8244,14409.0,0.8245,93703.0
1753503791622,04:23:11.622,ADA/USDT:USDT,0.8243,7386.0,0.8242,102510.0,0.8244,14421.0,0.8245,93703.0
1753503791722,04:23:11.722,ADA/USDT:USDT,0.8243,7386.0,0.8242,101659.0,0.8244,14421.0,0.8245,93703.0
1753503791822,04:23:11.822,ADA/USDT:USDT,0.8243,7386.0,0.8242,102510.0,0.8244,14421.0,0.8245,93703.0
1753503791925,04:23:11.925,ADA/USDT:USDT,0.8243,7386.0,0.8242,103361.0,0.8244,14421.0,0.8245,92852.0
1753503792023,04:23:12.023,ADA/USDT:USDT,0.8243,70.0,0.8242,35356.0,0.8244,15297.0,0.8245,94418.0
1753503792122,04:23:12.122,ADA/USDT:USDT,0.8243,378.0,0.8242,35356.0,0.8244,14446.0,0.8245,94418.0
1753503792322,04:23:12.322,ADA/USDT:USDT,0.8243,70.0,0.8242,35356.0,0.8244,14421.0,0.8245,94418.0
1753503792422,04:23:12.422,ADA/USDT:USDT,0.8243,70.0,0.8242,35356.0,0.8244,14421.0,0.8245,94418.0
1753503792523,04:23:12.523,ADA/USDT:USDT,0.8243,70.0,0.8242,35356.0,0.8244,14421.0,0.8245,94418.0
1753503792823,04:23:12.823,ADA/USDT:USDT,0.8243,70.0,0.8242,35356.0,0.8244,14421.0,0.8245,94418.0
1753503792923,04:23:12.923,ADA/USDT:USDT,0.8243,70.0,0.8242,35356.0,0.8244,14422.0,0.8245,94418.0
1753503793023,04:23:13.023,ADA/USDT:USDT,0.8243,70.0,0.8242,35356.0,0.8244,14422.0,0.8245,94418.0
1753503793122,04:23:13.122,ADA/USDT:USDT,0.8243,70.0,0.8242,35356.0,0.8244,14422.0,0.8245,94418.0
1753503793223,04:23:13.223,ADA/USDT:USDT,0.8243,70.0,0.8242,35356.0,0.8244,14422.0,0.8245,94418.0
1753503793322,04:23:13.322,ADA/USDT:USDT,0.8243,70.0,0.8242,37839.0,0.8244,14422.0,0.8245,94418.0
1753503793422,04:23:13.422,ADA/USDT:USDT,0.8243,70.0,0.8242,37839.0,0.8244,14422.0,0.8245,94418.0
1753503793522,04:23:13.522,ADA/USDT:USDT,0.8243,70.0,0.8242,37839.0,0.8244,14422.0,0.8245,94418.0
1753503793622,04:23:13.622,ADA/USDT:USDT,0.8243,70.0,0.8242,79201.0,0.8244,14422.0,0.8245,91976.0
1753503793722,04:23:13.722,ADA/USDT:USDT,0.8243,1386.0,0.8242,88381.0,0.8244,14420.0,0.8245,91976.0
1753503793822,04:23:13.822,ADA/USDT:USDT,0.8243,70.0,0.8242,35564.0,0.8244,14425.0,0.8245,93703.0
1753503793923,04:23:13.923,ADA/USDT:USDT,0.8243,70.0,0.8242,35564.0,0.8244,14425.0,0.8245,93703.0
1753503794022,04:23:14.022,ADA/USDT:USDT,0.8243,534.0,0.8242,35564.0,0.8244,14425.0,0.8245,93703.0
1753503794122,04:23:14.122,ADA/USDT:USDT,0.8243,534.0,0.8242,35564.0,0.8244,14425.0,0.8245,93703.0
1753503794224,04:23:14.224,ADA/USDT:USDT,0.8242,1657.0,0.8241,100851.0,0.8243,23741.0,0.8244,89133.0
1753503794322,04:23:14.322,ADA/USDT:USDT,0.8242,1511.0,0.8241,55371.0,0.8243,23716.0,0.8244,85812.0
1753503794423,04:23:14.423,ADA/USDT:USDT,0.8242,1511.0,0.8241,58771.0,0.8243,23716.0,0.8244,86659.0
1753503794522,04:23:14.522,ADA/USDT:USDT,0.8242,1511.0,0.8241,58771.0,0.8243,23779.0,0.8244,86642.0
1753503794622,04:23:14.622,ADA/USDT:USDT,0.8242,1511.0,0.8241,88411.0,0.8243,23779.0,0.8244,85795.0
1753503794722,04:23:14.722,ADA/USDT:USDT,0.8242,1511.0,0.8241,94998.0,0.8243,23779.0,0.8244,87673.0
1753503794822,04:23:14.822,ADA/USDT:USDT,0.8242,1511.0,0.8241,94998.0,0.8243,23779.0,0.8244,87673.0
1753503794922,04:23:14.922,ADA/USDT:USDT,0.8242,1511.0,0.8241,94998.0,0.8243,23779.0,0.8244,87673.0
1753503795022,04:23:15.022,ADA/USDT:USDT,0.8242,1511.0,0.8241,89845.0,0.8243,23779.0,0.8244,86826.0
1753503795122,04:23:15.122,ADA/USDT:USDT,0.8242,1511.0,0.8241,96461.0,0.8243,23735.0,0.8244,86826.0
1753503795223,04:23:15.223,ADA/USDT:USDT,0.8242,1511.0,0.8241,99908.0,0.8243,21124.0,0.8244,86801.0
1753503795322,04:23:15.322,ADA/USDT:USDT,0.8242,1511.0,0.8241,99908.0,0.8243,21124.0,0.8244,86801.0
1753503795423,04:23:15.423,ADA/USDT:USDT,0.8242,1504.0,0.8241,99908.0,0.8243,21124.0,0.8244,86801.0
1753503795623,04:23:15.623,ADA/USDT:USDT,0.8242,1504.0,0.8241,99908.0,0.8243,21124.0,0.8244,86826.0
1753503795822,04:23:15.822,ADA/USDT:USDT,0.8242,1504.0,0.8241,99061.0,0.8243,21124.0,0.8244,87673.0
1753503795922,04:23:15.922,ADA/USDT:USDT,0.8242,1504.0,0.8241,99061.0,0.8243,21124.0,0.8244,87673.0
1753503796023,04:23:16.023,ADA/USDT:USDT,0.8242,1504.0,0.8241,99908.0,0.8243,21124.0,0.8244,86826.0
1753503796122,04:23:16.122,ADA/USDT:USDT,0.8242,1504.0,0.8241,99908.0,0.8243,21124.0,0.8244,86801.0
1753503796222,04:23:16.222,ADA/USDT:USDT,0.8242,5204.0,0.8241,102391.0,0.8243,10982.0,0.8244,86801.0
1753503796322,04:23:16.322,ADA/USDT:USDT,0.8242,9498.0,0.8241,102391.0,0.8243,5404.0,0.8244,62613.0
1753503796422,04:23:16.422,ADA/USDT:USDT,0.8242,15498.0,0.8241,107118.0,0.8243,1027.0,0.8244,39865.0
1753503796522,04:23:16.522,ADA/USDT:USDT,0.8242,15498.0,0.8241,108330.0,0.8243,1027.0,0.8244,38653.0
1753503796622,04:23:16.622,ADA/USDT:USDT,0.8242,15498.0,0.8241,108330.0,0.8243,1027.0,0.8244,38653.0
1753503796722,04:23:16.722,ADA/USDT:USDT,0.8242,15498.0,0.8241,108330.0,0.8243,1027.0,0.8244,38653.0
1753503796822,04:23:16.822,ADA/USDT:USDT,0.8242,15498.0,0.8241,108330.0,0.8243,1034.0,0.8244,38653.0
1753503797022,04:23:17.022,ADA/USDT:USDT,0.8242,15498.0,0.8241,108330.0,0.8243,1034.0,0.8244,38653.0
1753503797122,04:23:17.122,ADA/USDT:USDT,0.8242,15498.0,0.8241,108330.0,0.8243,1034.0,0.8244,38653.0
1753503797322,04:23:17.322,ADA/USDT:USDT,0.8242,15498.0,0.8241,108330.0,0.8243,1034.0,0.8244,10538.0
1753503797422,04:23:17.422,ADA/USDT:USDT,0.8242,15498.0,0.8241,108330.0,0.8243,1034.0,0.8244,10538.0
1753503797522,04:23:17.522,ADA/USDT:USDT,0.8242,15498.0,0.8241,108450.0,0.8243,1034.0,0.8244,10538.0
1753503797622,04:23:17.622,ADA/USDT:USDT,0.8242,15498.0,0.8241,109230.0,0.8243,1034.0,0.8244,10538.0
1753503797724,04:23:17.724,ADA/USDT:USDT,0.8242,15498.0,0.8241,110261.0,0.8243,36.0,0.8244,10538.0
1753503797822,04:23:17.822,ADA/USDT:USDT,0.8242,15498.0,0.8241,110261.0,0.8243,36.0,0.8244,10538.0
1753503797922,04:23:17.922,ADA/USDT:USDT,0.8242,15498.0,0.8241,110261.0,0.8243,36.0,0.8244,5288.0
1753503798022,04:23:18.022,ADA/USDT:USDT,0.8242,15498.0,0.8241,110261.0,0.8243,36.0,0.8244,5288.0
1753503798122,04:23:18.122,ADA/USDT:USDT,0.8242,15498.0,0.8241,110261.0,0.8243,36.0,0.8244,5288.0
1753503798222,04:23:18.222,ADA/USDT:USDT,0.8242,15498.0,0.8241,110261.0,0.8243,225.0,0.8244,5102.0
1753503798322,04:23:18.322,ADA/USDT:USDT,0.8242,15521.0,0.8241,112255.0,0.8243,227.0,0.8244,5072.0
1753503798423,04:23:18.423,ADA/USDT:USDT,0.8242,15521.0,0.8241,112255.0,0.8243,227.0,0.8244,5072.0
1753503798523,04:23:18.523,ADA/USDT:USDT,0.8242,19631.0,0.8241,113492.0,0.8243,227.0,0.8244,4337.0
1753503798622,04:23:18.622,ADA/USDT:USDT,0.8242,19656.0,0.8241,113492.0,0.8243,227.0,0.8244,4337.0
1753503798723,04:23:18.723,ADA/USDT:USDT,0.8242,19656.0,0.8241,113492.0,0.8243,227.0,0.8244,4337.0
1753503798822,04:23:18.822,ADA/USDT:USDT,0.8243,43531.0,0.8242,129041.0,0.8244,3689.0,0.8245,41856.0
1753503798922,04:23:18.922,ADA/USDT:USDT,0.8243,42684.0,0.8242,107726.0,0.8244,3689.0,0.8245,51769.0
1753503799022,04:23:19.022,ADA/USDT:USDT,0.8243,21812.0,0.8242,105310.0,0.8244,10273.0,0.8245,78083.0
1753503799123,04:23:19.123,ADA/USDT:USDT,0.8243,21812.0,0.8242,105310.0,0.8244,7217.0,0.8245,77265.0
1753503799222,04:23:19.222,ADA/USDT:USDT,0.8243,23505.0,0.8242,109429.0,0.8244,4877.0,0.8245,41856.0
1753503799322,04:23:19.322,ADA/USDT:USDT,0.8243,22687.0,0.8242,108611.0,0.8244,4877.0,0.8245,63344.0
1753503799422,04:23:19.422,ADA/USDT:USDT,0.8243,22687.0,0.8242,112585.0,0.8244,4870.0,0.8245,63344.0
1753503799522,04:23:19.522,ADA/USDT:USDT,0.8243,22687.0,0.8242,112585.0,0.8244,4870.0,0.8245,63344.0
1753503799622,04:23:19.622,ADA/USDT:USDT,0.8243,22687.0,0.8242,112585.0,0.8244,4870.0,0.8245,63344.0
1753503799723,04:23:19.723,ADA/USDT:USDT,0.8243,23505.0,0.8242,115841.0,0.8244,3682.0,0.8245,20511.0
1753503799823,04:23:19.823,ADA/USDT:USDT,0.8243,23505.0,0.8242,116621.0,0.8244,3682.0,0.8245,20511.0
1753503799922,04:23:19.922,ADA/USDT:USDT,0.8243,23505.0,0.8242,116621.0,0.8244,3682.0,0.8245,30424.0
1753503800022,04:23:20.022,ADA/USDT:USDT,0.8243,22687.0,0.8242,114985.0,0.8244,4870.0,0.8245,57833.0
1753503800122,04:23:20.122,ADA/USDT:USDT,0.8243,22687.0,0.8242,111722.0,0.8244,5211.0,0.8245,58651.0
1753503800222,04:23:20.222,ADA/USDT:USDT,0.8243,22687.0,0.8242,111722.0,0.8244,5211.0,0.8245,60156.0
1753503800322,04:23:20.322,ADA/USDT:USDT,0.8243,11299.0,0.8242,110322.0,0.8244,9101.0,0.8245,81737.0
1753503800423,04:23:20.423,ADA/USDT:USDT,0.8243,11299.0,0.8242,110322.0,0.8244,9101.0,0.8245,81737.0
1753503800522,04:23:20.522,ADA/USDT:USDT,0.8243,11299.0,0.8242,110322.0,0.8244,9101.0,0.8245,80919.0
1753503800622,04:23:20.622,ADA/USDT:USDT,0.8243,11311.0,0.8242,110299.0,0.8244,9101.0,0.8245,81737.0
1753503800722,04:23:20.722,ADA/USDT:USDT,0.8243,11311.0,0.8242,111935.0,0.8244,3862.0,0.8245,77476.0
1753503800822,04:23:20.822,ADA/USDT:USDT,0.8243,11311.0,0.8242,114418.0,0.8244,3862.0,0.8245,63555.0
1753503800922,04:23:20.922,ADA/USDT:USDT,0.8243,11311.0,0.8242,114418.0,0.8244,5824.0,0.8245,76791.0
1753503801022,04:23:21.022,ADA/USDT:USDT,0.8243,11311.0,0.8242,110299.0,0.8244,7224.0,0.8245,78452.0
1753503801122,04:23:21.122,ADA/USDT:USDT,0.8243,7642.0,0.8242,110299.0,0.8244,8042.0,0.8245,78452.0
1753503801223,04:23:21.223,ADA/USDT:USDT,0.8243,7642.0,0.8242,109087.0,0.8244,7224.0,0.8245,78452.0
1753503801422,04:23:21.422,ADA/USDT:USDT,0.8243,7646.0,0.8242,109087.0,0.8244,7224.0,0.8245,81052.0
1753503801522,04:23:21.522,ADA/USDT:USDT,0.8243,6921.0,0.8242,109087.0,0.8244,8042.0,0.8245,81052.0
1753503801623,04:23:21.623,ADA/USDT:USDT,0.8243,6921.0,0.8242,109087.0,0.8244,7224.0,0.8245,81052.0
1753503801722,04:23:21.722,ADA/USDT:USDT,0.8243,6921.0,0.8242,109905.0,0.8244,7201.0,0.8245,79391.0
1753503801822,04:23:21.822,ADA/USDT:USDT,0.8243,6921.0,0.8242,110723.0,0.8244,7234.0,0.8245,79391.0
1753503801923,04:23:21.923,ADA/USDT:USDT,0.8243,6921.0,0.8242,110723.0,0.8244,7234.0,0.8245,79391.0
1753503802022,04:23:22.022,ADA/USDT:USDT,0.8243,6921.0,0.8242,110723.0,0.8244,7234.0,0.8245,79391.0
1753503802122,04:23:22.122,ADA/USDT:USDT,0.8243,6921.0,0.8242,110723.0,0.8244,7234.0,0.8245,79416.0
1753503802223,04:23:22.223,ADA/USDT:USDT,0.8243,6906.0,0.8242,110723.0,0.8244,7345.0,0.8245,79391.0
1753503802322,04:23:22.322,ADA/USDT:USDT,0.8243,6906.0,0.8242,110723.0,0.8244,6391.0,0.8245,79391.0
1753503802422,04:23:22.422,ADA/USDT:USDT,0.8243,6906.0,0.8242,110723.0,0.8244,6391.0,0.8245,79391.0
1753503802722,04:23:22.722,ADA/USDT:USDT,0.8243,6906.0,0.8242,109905.0,0.8244,6391.0,0.8245,80422.0
1753503802822,04:23:22.822,ADA/USDT:USDT,0.8243,6906.0,0.8242,109087.0,0.8244,7597.0,0.8245,81265.0
1753503802923,04:23:22.923,ADA/USDT:USDT,0.8243,4097.0,0.8242,102886.0,0.8244,7597.0,0.8245,83295.0
1753503803022,04:23:23.022,ADA/USDT:USDT,0.8243,7746.0,0.8242,103493.0,0.8244,6391.0,0.8245,82477.0
1753503803122,04:23:23.122,ADA/USDT:USDT,0.8243,7746.0,0.8242,103493.0,0.8244,6391.0,0.8245,83295.0
1753503803222,04:23:23.222,ADA/USDT:USDT,0.8243,7746.0,0.8242,104311.0,0.8244,6391.0,0.8245,81634.0
1753503803322,04:23:23.322,ADA/USDT:USDT,0.8243,7746.0,0.8242,104311.0,0.8244,6391.0,0.8245,81634.0
1753503803423,04:23:23.423,ADA/USDT:USDT,0.8243,7746.0,0.8242,104311.0,0.8244,7266.0,0.8245,81659.0
1753503803522,04:23:23.522,ADA/USDT:USDT,0.8243,7746.0,0.8242,104311.0,0.8244,7266.0,0.8245,81659.0
1753503803622,04:23:23.622,ADA/USDT:USDT,0.8243,7746.0,0.8242,104311.0,0.8244,7266.0,0.8245,81659.0
1753503803722,04:23:23.722,ADA/USDT:USDT,0.8243,7756.0,0.8242,105342.0,0.8244,6470.0,0.8245,82477.0
1753503803822,04:23:23.822,ADA/USDT:USDT,0.8243,7756.0,0.8242,104524.0,0.8244,6470.0,0.8245,83982.0
1753503803923,04:23:23.923,ADA/USDT:USDT,0.8243,7756.0,0.8242,103706.0,0.8244,6470.0,0.8245,83164.0
1753503804022,04:23:24.022,ADA/USDT:USDT,0.8243,1507.0,0.8242,103706.0,0.8244,7553.0,0.8245,83982.0
1753503804122,04:23:24.122,ADA/USDT:USDT,0.8243,1507.0,0.8242,84483.0,0.8244,8396.0,0.8245,83982.0
1753503804222,04:23:24.222,ADA/USDT:USDT,0.8243,1507.0,0.8242,23472.0,0.8244,8396.0,0.8245,83982.0
1753503804323,04:23:24.323,ADA/USDT:USDT,0.8243,1507.0,0.8242,29483.0,0.8244,15214.0,0.8245,83982.0
1753503804422,04:23:24.422,ADA/USDT:USDT,0.8243,1507.0,0.8242,29483.0,0.8244,14396.0,0.8245,83982.0
1753503804522,04:23:24.522,ADA/USDT:USDT,0.8243,1507.0,0.8242,29483.0,0.8244,14396.0,0.8245,83982.0
1753503804622,04:23:24.622,ADA/USDT:USDT,0.8243,886.0,0.8242,29483.0,0.8244,15214.0,0.8245,83982.0
1753503804722,04:23:24.722,ADA/USDT:USDT,0.8243,886.0,0.8242,29483.0,0.8244,15214.0,0.8245,83982.0
1753503804822,04:23:24.822,ADA/USDT:USDT,0.8243,11.0,0.8242,29483.0,0.8244,15214.0,0.8245,83982.0
1753503804923,04:23:24.923,ADA/USDT:USDT,0.8243,1194.0,0.8242,29483.0,0.8244,15214.0,0.8245,83982.0
1753503805022,04:23:25.022,ADA/USDT:USDT,0.8243,1194.0,0.8242,29483.0,0.8244,9189.0,0.8245,83982.0
1753503805123,04:23:25.123,ADA/USDT:USDT,0.8243,1194.0,0.8242,93300.0,0.8244,7553.0,0.8245,83982.0
1753503805222,04:23:25.222,ADA/USDT:USDT,0.8243,1194.0,0.8242,90817.0,0.8244,7553.0,0.8245,83982.0
1753503805323,04:23:25.323,ADA/USDT:USDT,0.8243,1194.0,0.8242,90817.0,0.8244,7548.0,0.8245,83982.0
1753503805423,04:23:25.423,ADA/USDT:USDT,0.8243,1194.0,0.8242,90817.0,0.8244,7548.0,0.8245,83982.0
1753503805522,04:23:25.522,ADA/USDT:USDT,0.8243,1194.0,0.8242,92453.0,0.8244,7548.0,0.8245,81634.0
1753503805622,04:23:25.622,ADA/USDT:USDT,0.8243,1194.0,0.8242,90817.0,0.8244,7548.0,0.8245,82477.0
1753503805722,04:23:25.722,ADA/USDT:USDT,0.8243,1194.0,0.8242,90817.0,0.8244,7548.0,0.8245,83295.0
1753503805822,04:23:25.822,ADA/USDT:USDT,0.8243,4881.0,0.8242,95053.0,0.8244,7548.0,0.8245,82452.0
1753503805922,04:23:25.922,ADA/USDT:USDT,0.8243,5699.0,0.8242,97536.0,0.8244,6148.0,0.8245,81634.0
1753503806023,04:23:26.023,ADA/USDT:USDT,0.8243,5699.0,0.8242,97536.0,0.8244,5140.0,0.8245,81634.0
1753503806122,04:23:26.122,ADA/USDT:USDT,0.8243,5699.0,0.8242,97536.0,0.8244,5140.0,0.8245,81634.0
1753503806222,04:23:26.222,ADA/USDT:USDT,0.8243,4881.0,0.8242,94235.0,0.8244,7428.0,0.8245,83295.0
1753503806322,04:23:26.322,ADA/USDT:USDT,0.8243,4871.0,0.8242,94235.0,0.8244,7428.0,0.8245,82321.0
1753503806423,04:23:26.423,ADA/USDT:USDT,0.8243,7726.0,0.8242,97536.0,0.8244,4986.0,0.8245,78003.0
1753503806522,04:23:26.522,ADA/USDT:USDT,0.8243,7726.0,0.8242,97536.0,0.8244,5051.0,0.8245,78003.0
1753503806722,04:23:26.722,ADA/USDT:USDT,0.8243,7726.0,0.8242,98567.0,0.8244,5051.0,0.8245,78003.0
1753503806822,04:23:26.822,ADA/USDT:USDT,0.8243,4882.0,0.8242,95266.0,0.8244,8401.0,0.8245,78003.0
1753503806922,04:23:26.922,ADA/USDT:USDT,0.8243,4882.0,0.8242,96084.0,0.8244,8401.0,0.8245,78028.0
1753503807023,04:23:27.023,ADA/USDT:USDT,0.8243,4882.0,0.8242,96084.0,0.8244,8401.0,0.8245,78003.0
1753503807122,04:23:27.122,ADA/USDT:USDT,0.8243,4871.0,0.8242,96084.0,0.8244,8401.0,0.8245,78028.0
1753503807222,04:23:27.222,ADA/USDT:USDT,0.8243,4888.0,0.8242,95266.0,0.8244,8401.0,0.8245,82264.0
1753503807323,04:23:27.323,ADA/USDT:USDT,0.8243,5615.0,0.8242,98567.0,0.8244,5511.0,0.8245,81421.0
1753503807422,04:23:27.422,ADA/USDT:USDT,0.8243,5615.0,0.8242,97749.0,0.8244,6509.0,0.8245,81421.0
1753503807522,04:23:27.522,ADA/USDT:USDT,0.8243,5615.0,0.8242,98567.0,0.8244,6601.0,0.8245,80603.0
1753503807622,04:23:27.622,ADA/USDT:USDT,0.8243,5615.0,0.8242,98567.0,0.8244,6601.0,0.8245,80603.0
1753503807723,04:23:27.723,ADA/USDT:USDT,0.8243,5615.0,0.8242,98567.0,0.8244,6601.0,0.8245,80603.0
1753503807925,04:23:27.925,ADA/USDT:USDT,0.8243,5615.0,0.8242,96931.0,0.8244,6601.0,0.8245,81446.0
1753503808022,04:23:28.022,ADA/USDT:USDT,0.8243,4888.0,0.8242,94448.0,0.8244,6601.0,0.8245,82264.0
1753503808123,04:23:28.123,ADA/USDT:USDT,0.8243,4888.0,0.8242,94448.0,0.8244,6601.0,0.8245,82264.0
1753503808222,04:23:28.222,ADA/USDT:USDT,0.8243,4888.0,0.8242,94448.0,0.8244,6601.0,0.8245,82264.0
1753503808423,04:23:28.423,ADA/USDT:USDT,0.8243,4888.0,0.8242,95266.0,0.8244,6601.0,0.8245,82264.0
1753503808623,04:23:28.623,ADA/USDT:USDT,0.8243,4871.0,0.8242,95266.0,0.8244,6601.0,0.8245,82264.0
1753503808723,04:23:28.723,ADA/USDT:USDT,0.8243,4894.0,0.8242,96084.0,0.8244,6601.0,0.8245,81659.0
1753503808822,04:23:28.822,ADA/USDT:USDT,0.8243,4894.0,0.8242,96084.0,0.8244,6601.0,0.8245,81634.0
1753503808923,04:23:28.923,ADA/USDT:USDT,0.8243,4894.0,0.8242,96084.0,0.8244,6601.0,0.8245,81634.0
1753503809022,04:23:29.022,ADA/USDT:USDT,0.8243,4894.0,0.8242,96084.0,0.8244,6601.0,0.8245,81659.0
1753503809122,04:23:29.122,ADA/USDT:USDT,0.8243,4894.0,0.8242,94448.0,0.8244,6601.0,0.8245,83982.0
1753503809223,04:23:29.223,ADA/USDT:USDT,0.8243,4894.0,0.8242,95266.0,0.8244,6601.0,0.8245,83982.0
1753503809422,04:23:29.422,ADA/USDT:USDT,0.8243,4894.0,0.8242,94448.0,0.8244,6601.0,0.8245,83982.0
1753503809622,04:23:29.622,ADA/USDT:USDT,0.8243,4894.0,0.8242,96084.0,0.8244,6601.0,0.8245,83164.0
1753503809722,04:23:29.722,ADA/USDT:USDT,0.8243,4894.0,0.8242,94448.0,0.8244,6601.0,0.8245,83982.0
1753503809822,04:23:29.822,ADA/USDT:USDT,0.8243,4894.0,0.8242,94448.0,0.8244,6601.0,0.8245,83982.0
1753503809924,04:23:29.924,ADA/USDT:USDT,0.8243,2094.0,0.8242,93417.0,0.8244,6601.0,0.8245,83982.0
1753503810022,04:23:30.022,ADA/USDT:USDT,0.8243,1207.0,0.8242,93417.0,0.8244,6601.0,0.8245,83982.0
1753503810122,04:23:30.122,ADA/USDT:USDT,0.8243,1340.0,0.8242,42725.0,0.8244,7419.0,0.8245,83982.0
1753503810222,04:23:30.222,ADA/USDT:USDT,0.8243,1340.0,0.8242,42725.0,0.8244,7444.0,0.8245,83982.0
1753503810322,04:23:30.322,ADA/USDT:USDT,0.8243,332.0,0.8242,42725.0,0.8244,12626.0,0.8245,83982.0
1753503810422,04:23:30.422,ADA/USDT:USDT,0.8243,1340.0,0.8242,70868.0,0.8244,12601.0,0.8245,83982.0
1753503810522,04:23:30.522,ADA/USDT:USDT,0.8243,1340.0,0.8242,68385.0,0.8244,13417.0,0.8245,83982.0
1753503810623,04:23:30.623,ADA/USDT:USDT,0.8243,24.0,0.8242,27000.0,0.8244,14235.0,0.8245,83982.0
1753503810723,04:23:30.723,ADA/USDT:USDT,0.8243,24.0,0.8242,27000.0,0.8244,14260.0,0.8245,86465.0
1753503810823,04:23:30.823,ADA/USDT:USDT,0.8243,24.0,0.8242,29483.0,0.8244,14235.0,0.8245,83982.0
1753503810923,04:23:30.923,ADA/USDT:USDT,0.8243,1200.0,0.8242,54308.0,0.8244,12599.0,0.8245,83982.0
1753503811023,04:23:31.023,ADA/USDT:USDT,0.8243,1200.0,0.8242,68386.0,0.8244,12599.0,0.8245,83982.0
1753503811122,04:23:31.122,ADA/USDT:USDT,0.8243,1200.0,0.8242,88260.0,0.8244,6599.0,0.8245,83982.0
1753503811222,04:23:31.222,ADA/USDT:USDT,0.8243,1200.0,0.8242,88260.0,0.8244,6599.0,0.8245,83982.0
1753503811322,04:23:31.322,ADA/USDT:USDT,0.8243,1200.0,0.8242,88260.0,0.8244,6599.0,0.8245,83982.0
1753503811422,04:23:31.422,ADA/USDT:USDT,0.8243,1200.0,0.8242,88260.0,0.8244,6599.0,0.8245,83982.0
1753503811522,04:23:31.522,ADA/USDT:USDT,0.8243,1200.0,0.8242,90860.0,0.8244,6590.0,0.8245,83982.0
1753503811622,04:23:31.622,ADA/USDT:USDT,0.8243,7718.0,0.8242,90860.0,0.8244,6590.0,0.8245,83139.0
1753503811723,04:23:31.723,ADA/USDT:USDT,0.8243,7718.0,0.8242,90860.0,0.8244,9190.0,0.8245,83982.0
1753503811822,04:23:31.822,ADA/USDT:USDT,0.8243,7718.0,0.8242,90860.0,0.8244,9190.0,0.8245,83982.0
1753503811924,04:23:31.924,ADA/USDT:USDT,0.8243,7718.0,0.8242,90860.0,0.8244,9190.0,0.8245,83982.0
1753503812122,04:23:32.122,ADA/USDT:USDT,0.8243,7718.0,0.8242,95096.0,0.8244,5190.0,0.8245,79721.0
1753503812223,04:23:32.223,ADA/USDT:USDT,0.8243,13718.0,0.8242,82463.0,0.8244,6491.0,0.8245,79034.0
1753503812323,04:23:32.323,ADA/USDT:USDT,0.8243,7718.0,0.8242,81645.0,0.8244,7891.0,0.8245,79877.0
1753503812422,04:23:32.422,ADA/USDT:USDT,0.8243,7702.0,0.8242,81645.0,0.8244,8099.0,0.8245,79877.0
1753503812522,04:23:32.522,ADA/USDT:USDT,0.8243,7702.0,0.8242,80827.0,0.8244,8917.0,0.8245,81382.0
1753503812623,04:23:32.623,ADA/USDT:USDT,0.8243,7702.0,0.8242,80827.0,0.8244,8917.0,0.8245,81382.0
1753503812722,04:23:32.722,ADA/USDT:USDT,0.8243,7702.0,0.8242,80827.0,0.8244,8917.0,0.8245,81382.0
1753503812823,04:23:32.823,ADA/USDT:USDT,0.8243,7007.0,0.8242,58366.0,0.8244,8917.0,0.8245,81382.0
1753503812922,04:23:32.922,ADA/USDT:USDT,0.8243,7007.0,0.8242,46657.0,0.8244,9735.0,0.8245,81382.0
1753503813023,04:23:33.023,ADA/USDT:USDT,0.8243,7007.0,0.8242,78239.0,0.8244,8099.0,0.8245,81382.0
1753503813122,04:23:33.122,ADA/USDT:USDT,0.8243,7007.0,0.8242,78239.0,0.8244,8099.0,0.8245,81382.0
1753503813322,04:23:33.322,ADA/USDT:USDT,0.8243,7007.0,0.8242,78239.0,0.8244,8099.0,0.8245,81382.0
1753503813722,04:23:33.722,ADA/USDT:USDT,0.8243,7007.0,0.8242,79270.0,0.8244,8099.0,0.8245,81382.0
1753503813823,04:23:33.823,ADA/USDT:USDT,0.8243,7007.0,0.8242,79270.0,0.8244,8099.0,0.8245,81357.0
1753503813922,04:23:33.922,ADA/USDT:USDT,0.8243,6973.0,0.8242,78239.0,0.8244,8017.0,0.8245,83957.0
1753503814022,04:23:34.022,ADA/USDT:USDT,0.8243,6973.0,0.8242,78239.0,0.8244,8017.0,0.8245,83982.0
1753503814122,04:23:34.122,ADA/USDT:USDT,0.8243,6973.0,0.8242,78239.0,0.8244,8017.0,0.8245,83164.0
1753503814223,04:23:34.223,ADA/USDT:USDT,0.8243,6973.0,0.8242,78239.0,0.8244,14017.0,0.8245,83982.0
1753503814323,04:23:34.323,ADA/USDT:USDT,0.8243,6973.0,0.8242,78239.0,0.8244,14017.0,0.8245,83982.0
1753503814422,04:23:34.422,ADA/USDT:USDT,0.8243,6973.0,0.8242,79057.0,0.8244,8017.0,0.8245,83982.0
1753503814522,04:23:34.522,ADA/USDT:USDT,0.8243,6973.0,0.8242,78239.0,0.8244,8017.0,0.8245,83982.0
1753503814623,04:23:34.623,ADA/USDT:USDT,0.8243,6973.0,0.8242,79057.0,0.8244,7991.0,0.8245,83982.0
1753503814923,04:23:34.923,ADA/USDT:USDT,0.8243,6973.0,0.8242,79057.0,0.8244,7991.0,0.8245,83982.0
1753503815023,04:23:35.023,ADA/USDT:USDT,0.8243,6973.0,0.8242,79875.0,0.8244,7991.0,0.8245,83139.0
1753503815123,04:23:35.123,ADA/USDT:USDT,0.8243,7981.0,0.8242,79875.0,0.8244,8796.0,0.8245,81634.0
1753503815222,04:23:35.222,ADA/USDT:USDT,0.8243,7981.0,0.8242,82475.0,0.8244,8796.0,0.8245,81634.0
1753503815323,04:23:35.323,ADA/USDT:USDT,0.8243,7981.0,0.8242,82475.0,0.8244,8794.0,0.8245,82452.0
1753503815423,04:23:35.423,ADA/USDT:USDT,0.8243,7989.0,0.8242,79875.0,0.8244,8827.0,0.8245,82452.0
1753503815523,04:23:35.523,ADA/USDT:USDT,0.8243,10589.0,0.8242,79875.0,0.8244,8827.0,0.8245,82452.0
1753503815623,04:23:35.623,ADA/USDT:USDT,0.8243,10589.0,0.8242,79875.0,0.8244,8825.0,0.8245,82452.0
1753503815722,04:23:35.722,ADA/USDT:USDT,0.8243,10589.0,0.8242,79875.0,0.8244,7425.0,0.8245,81634.0
1753503815822,04:23:35.822,ADA/USDT:USDT,0.8243,7989.0,0.8242,79057.0,0.8244,10025.0,0.8245,82477.0
1753503815925,04:23:35.925,ADA/USDT:USDT,0.8243,7989.0,0.8242,79057.0,0.8244,10025.0,0.8245,83295.0
1753503816022,04:23:36.022,ADA/USDT:USDT,0.8243,7989.0,0.8242,78239.0,0.8244,10843.0,0.8245,83982.0
1753503816123,04:23:36.123,ADA/USDT:USDT,0.8243,7989.0,0.8242,78239.0,0.8244,10843.0,0.8245,83982.0
1753503816222,04:23:36.222,ADA/USDT:USDT,0.8243,7989.0,0.8242,78239.0,0.8244,15343.0,0.8245,83982.0
1753503816322,04:23:36.322,ADA/USDT:USDT,0.8243,7989.0,0.8242,78239.0,0.8244,10026.0,0.8245,83982.0
1753503816422,04:23:36.422,ADA/USDT:USDT,0.8243,7989.0,0.8242,78239.0,0.8244,10026.0,0.8245,83982.0
1753503816523,04:23:36.523,ADA/USDT:USDT,0.8243,7989.0,0.8242,79057.0,0.8244,10026.0,0.8245,83982.0
1753503816622,04:23:36.622,ADA/USDT:USDT,0.8243,7989.0,0.8242,78239.0,0.8244,10026.0,0.8245,83982.0
1753503816722,04:23:36.722,ADA/USDT:USDT,0.8243,7989.0,0.8242,78239.0,0.8244,10026.0,0.8245,83982.0
1753503816822,04:23:36.822,ADA/USDT:USDT,0.8243,7989.0,0.8242,79057.0,0.8244,10026.0,0.8245,83982.0
1753503817021,04:23:37.021,ADA/USDT:USDT,0.8243,7989.0,0.8242,79875.0,0.8244,7426.0,0.8245,81634.0
1753503817123,04:23:37.123,ADA/USDT:USDT,0.8243,8807.0,0.8242,82475.0,0.8244,7426.0,0.8245,52499.0
1753503817223,04:23:37.223,ADA/USDT:USDT,0.8243,9625.0,0.8242,82475.0,0.8244,7426.0,0.8245,79434.0
1753503817323,04:23:37.323,ADA/USDT:USDT,0.8243,9625.0,0.8242,82475.0,0.8244,7426.0,0.8245,79434.0
1753503817423,04:23:37.423,ADA/USDT:USDT,0.8243,9625.0,0.8242,82475.0,0.8244,7426.0,0.8245,86055.0
1753503817523,04:23:37.523,ADA/USDT:USDT,0.8243,9625.0,0.8242,82475.0,0.8244,7426.0,0.8245,86055.0
1753503817622,04:23:37.622,ADA/USDT:USDT,0.8243,9625.0,0.8242,82475.0,0.8244,7426.0,0.8245,79434.0
1753503817722,04:23:37.722,ADA/USDT:USDT,0.8243,9659.0,0.8242,83506.0,0.8244,7482.0,0.8245,79434.0
1753503817822,04:23:37.822,ADA/USDT:USDT,0.8243,9659.0,0.8242,84718.0,0.8244,7803.0,0.8245,79434.0
1753503817925,04:23:37.925,ADA/USDT:USDT,0.8243,9659.0,0.8242,84718.0,0.8244,7803.0,0.8245,79434.0
1753503818022,04:23:38.022,ADA/USDT:USDT,0.8243,9659.0,0.8242,84718.0,0.8244,7803.0,0.8245,79434.0
1753503818123,04:23:38.123,ADA/USDT:USDT,0.8243,8023.0,0.8242,83900.0,0.8244,7803.0,0.8245,81033.0
1753503818222,04:23:38.222,ADA/USDT:USDT,0.8243,8023.0,0.8242,81870.0,0.8244,14590.0,0.8245,88315.0
1753503818323,04:23:38.323,ADA/USDT:USDT,0.8243,8023.0,0.8242,79270.0,0.8244,15377.0,0.8245,88315.0
1753503818423,04:23:38.423,ADA/USDT:USDT,0.8243,8023.0,0.8242,78239.0,0.8244,14590.0,0.8245,88315.0
1753503818623,04:23:38.623,ADA/USDT:USDT,0.8243,8023.0,0.8242,81626.0,0.8244,8590.0,0.8245,81695.0
1753503818722,04:23:38.722,ADA/USDT:USDT,0.8243,8023.0,0.8242,81870.0,0.8244,8590.0,0.8245,82726.0
1753503818822,04:23:38.822,ADA/USDT:USDT,0.8243,8023.0,0.8242,81870.0,0.8244,8590.0,0.8245,83938.0
1753503818923,04:23:38.923,ADA/USDT:USDT,0.8243,8023.0,0.8242,82657.0,0.8244,7803.0,0.8245,83938.0
1753503819022,04:23:39.022,ADA/USDT:USDT,0.8243,8023.0,0.8242,81870.0,0.8244,9990.0,0.8245,83938.0
1753503819122,04:23:39.122,ADA/USDT:USDT,0.8243,8023.0,0.8242,81870.0,0.8244,9203.0,0.8245,83938.0
1753503819222,04:23:39.222,ADA/USDT:USDT,0.8243,8023.0,0.8242,82657.0,0.8244,9203.0,0.8245,83938.0
1753503819322,04:23:39.322,ADA/USDT:USDT,0.8243,8023.0,0.8242,82657.0,0.8244,9203.0,0.8245,83938.0
1753503819423,04:23:39.423,ADA/USDT:USDT,0.8243,8023.0,0.8242,83444.0,0.8244,9203.0,0.8245,82339.0
1753503819522,04:23:39.522,ADA/USDT:USDT,0.8243,8023.0,0.8242,83444.0,0.8244,9203.0,0.8245,82339.0
1753503819622,04:23:39.622,ADA/USDT:USDT,0.8243,8023.0,0.8242,82657.0,0.8244,9203.0,0.8245,83126.0
1753503819722,04:23:39.722,ADA/USDT:USDT,0.8243,8023.0,0.8242,82657.0,0.8244,9203.0,0.8245,83126.0
1753503819822,04:23:39.822,ADA/USDT:USDT,0.8243,8023.0,0.8242,82657.0,0.8244,9203.0,0.8245,83126.0
1753503819923,04:23:39.923,ADA/USDT:USDT,0.8243,8023.0,0.8242,82657.0,0.8244,9203.0,0.8245,83126.0
1753503820022,04:23:40.022,ADA/USDT:USDT,0.8243,8023.0,0.8242,81870.0,0.8244,9990.0,0.8245,83938.0
1753503820122,04:23:40.122,ADA/USDT:USDT,0.8243,8023.0,0.8242,40472.0,0.8244,9990.0,0.8245,83938.0
1753503820222,04:23:40.222,ADA/USDT:USDT,0.8243,8023.0,0.8242,36841.0,0.8244,15990.0,0.8245,83938.0
1753503820322,04:23:40.322,ADA/USDT:USDT,0.8243,12197.0,0.8242,90149.0,0.8244,5099.0,0.8245,24323.0
1753503820423,04:23:40.423,ADA/USDT:USDT,0.8243,12197.0,0.8242,87666.0,0.8244,6468.0,0.8245,36357.0
1753503820522,04:23:40.522,ADA/USDT:USDT,0.8243,11410.0,0.8242,87666.0,0.8244,6772.0,0.8245,36357.0
1753503820622,04:23:40.622,ADA/USDT:USDT,0.8243,11410.0,0.8242,87666.0,0.8244,6772.0,0.8245,42975.0
1753503820722,04:23:40.722,ADA/USDT:USDT,0.8243,11426.0,0.8242,87666.0,0.8244,6953.0,0.8245,57865.0
1753503820822,04:23:40.822,ADA/USDT:USDT,0.8243,10639.0,0.8242,86152.0,0.8244,7133.0,0.8245,62349.0
1753503820923,04:23:40.923,ADA/USDT:USDT,0.8243,10639.0,0.8242,86939.0,0.8244,7133.0,0.8245,58527.0
1753503821023,04:23:41.023,ADA/USDT:USDT,0.8243,10639.0,0.8242,82996.0,0.8244,7133.0,0.8245,65147.0
1753503821122,04:23:41.122,ADA/USDT:USDT,0.8243,10639.0,0.8242,83783.0,0.8244,7133.0,0.8245,65147.0
1753503821222,04:23:41.222,ADA/USDT:USDT,0.8243,10639.0,0.8242,84995.0,0.8244,7133.0,0.8245,64510.0
1753503821322,04:23:41.322,ADA/USDT:USDT,0.8243,10639.0,0.8242,84995.0,0.8244,7133.0,0.8245,65172.0
1753503821421,04:23:41.421,ADA/USDT:USDT,0.8243,10639.0,0.8242,84995.0,0.8244,7002.0,0.8245,65172.0
1753503821523,04:23:41.523,ADA/USDT:USDT,0.8243,10512.0,0.8242,84995.0,0.8244,7002.0,0.8245,65172.0
1753503821622,04:23:41.622,ADA/USDT:USDT,0.8243,11299.0,0.8242,84995.0,0.8244,7002.0,0.8245,64485.0
1753503821722,04:23:41.722,ADA/USDT:USDT,0.8243,10512.0,0.8242,86026.0,0.8244,7002.0,0.8245,65541.0
1753503821822,04:23:41.822,ADA/USDT:USDT,0.8243,10512.0,0.8242,83839.0,0.8244,8402.0,0.8245,68928.0
1753503821922,04:23:41.922,ADA/USDT:USDT,0.8243,10512.0,0.8242,83839.0,0.8244,8402.0,0.8245,68928.0
1753503822022,04:23:42.022,ADA/USDT:USDT,0.8243,10512.0,0.8242,83839.0,0.8244,8402.0,0.8245,91749.0
1753503822122,04:23:42.122,ADA/USDT:USDT,0.8243,10512.0,0.8242,83839.0,0.8244,8402.0,0.8245,91749.0
1753503822222,04:23:42.222,ADA/USDT:USDT,0.8243,10512.0,0.8242,83839.0,0.8244,8402.0,0.8245,91749.0
1753503822323,04:23:42.323,ADA/USDT:USDT,0.8243,10512.0,0.8242,83414.0,0.8244,8402.0,0.8245,90962.0
1753503822523,04:23:42.523,ADA/USDT:USDT,0.8243,12086.0,0.8242,87404.0,0.8244,5101.0,0.8245,23111.0
1753503822622,04:23:42.622,ADA/USDT:USDT,0.8245,22690.0,0.8244,67735.0,0.8246,1539.0,0.8247,112614.0
1753503822722,04:23:42.722,ADA/USDT:USDT,0.8245,22447.0,0.8244,146169.0,0.8246,1304.0,0.8247,20012.0
1753503822822,04:23:42.822,ADA/USDT:USDT,0.8245,1496.0,0.8244,136432.0,0.8246,8942.0,0.8247,54530.0
1753503822922,04:23:42.922,ADA/USDT:USDT,0.8245,1496.0,0.8244,122494.0,0.8246,8942.0,0.8247,71762.0
1753503823022,04:23:43.022,ADA/USDT:USDT,0.8245,1496.0,0.8244,121675.0,0.8246,8942.0,0.8247,91413.0
1753503823122,04:23:43.122,ADA/USDT:USDT,0.8245,1008.0,0.8244,83845.0,0.8246,13942.0,0.8247,95926.0
1753503823222,04:23:43.222,ADA/USDT:USDT,0.8245,1008.0,0.8244,65099.0,0.8246,13942.0,0.8247,95107.0
1753503823323,04:23:43.323,ADA/USDT:USDT,0.8245,1008.0,0.8244,106474.0,0.8246,13942.0,0.8247,92624.0
1753503823423,04:23:43.423,ADA/USDT:USDT,0.8244,26393.0,0.8243,132536.0,0.8245,5390.0,0.8246,40026.0
1753503823522,04:23:43.522,ADA/USDT:USDT,0.8244,27591.0,0.8243,134960.0,0.8245,5390.0,0.8246,40026.0
1753503823622,04:23:43.622,ADA/USDT:USDT,0.8244,27591.0,0.8243,134960.0,0.8245,5481.0,0.8246,40033.0
1753503823723,04:23:43.723,ADA/USDT:USDT,0.8244,20992.0,0.8243,134141.0,0.8245,5481.0,0.8246,47485.0
1753503823822,04:23:43.822,ADA/USDT:USDT,0.8244,20992.0,0.8243,133322.0,0.8245,5481.0,0.8246,61546.0
1753503823922,04:23:43.922,ADA/USDT:USDT,0.8244,20992.0,0.8243,134960.0,0.8245,5481.0,0.8246,61546.0
1753503824022,04:23:44.022,ADA/USDT:USDT,0.8244,22819.0,0.8243,134985.0,0.8245,350.0,0.8246,19162.0
1753503824122,04:23:44.122,ADA/USDT:USDT,0.8244,28819.0,0.8243,135765.0,0.8245,91.0,0.8246,14162.0
1753503824223,04:23:44.223,ADA/USDT:USDT,0.8244,29638.0,0.8243,135765.0,0.8245,91.0,0.8246,8962.0
1753503824322,04:23:44.322,ADA/USDT:USDT,0.8244,29638.0,0.8243,144448.0,0.8245,91.0,0.8246,8962.0
1753503824423,04:23:44.423,ADA/USDT:USDT,0.8244,29638.0,0.8243,144448.0,0.8245,91.0,0.8246,8962.0
1753503824522,04:23:44.522,ADA/USDT:USDT,0.8244,28819.0,0.8243,144448.0,0.8245,91.0,0.8246,7562.0
1753503824622,04:23:44.622,ADA/USDT:USDT,0.8244,28000.0,0.8243,144448.0,0.8245,109.0,0.8246,14184.0
1753503824723,04:23:44.723,ADA/USDT:USDT,0.8244,28000.0,0.8243,145478.0,0.8245,109.0,0.8246,14184.0
1753503824822,04:23:44.822,ADA/USDT:USDT,0.8244,29638.0,0.8243,145478.0,0.8245,109.0,0.8246,14184.0
1753503825022,04:23:45.022,ADA/USDT:USDT,0.8244,35839.0,0.8243,145478.0,0.8245,109.0,0.8246,7562.0
1753503825123,04:23:45.123,ADA/USDT:USDT,0.8244,18970.0,0.8243,146621.0,0.8245,109.0,0.8246,35457.0
1753503825222,04:23:45.222,ADA/USDT:USDT,0.8244,19789.0,0.8243,146646.0,0.8245,109.0,0.8246,28836.0
1753503825323,04:23:45.323,ADA/USDT:USDT,0.8244,27061.0,0.8243,140231.0,0.8245,109.0,0.8246,28836.0
1753503825422,04:23:45.422,ADA/USDT:USDT,0.8244,26242.0,0.8243,140206.0,0.8245,109.0,0.8246,28836.0
1753503825522,04:23:45.522,ADA/USDT:USDT,0.8244,27061.0,0.8243,140206.0,0.8245,109.0,0.8246,28836.0
1753503825623,04:23:45.623,ADA/USDT:USDT,0.8244,19423.0,0.8243,139387.0,0.8245,242.0,0.8246,43027.0
1753503825722,04:23:45.722,ADA/USDT:USDT,0.8244,19423.0,0.8243,140206.0,0.8245,1337.0,0.8246,43027.0
1753503825822,04:23:45.822,ADA/USDT:USDT,0.8244,21061.0,0.8243,140206.0,0.8245,109.0,0.8246,31436.0
1753503825925,04:23:45.925,ADA/USDT:USDT,0.8244,21061.0,0.8243,140231.0,0.8245,109.0,0.8246,31436.0
1753503826022,04:23:46.022,ADA/USDT:USDT,0.8244,21061.0,0.8243,140231.0,0.8245,37.0,0.8246,8962.0
1753503826122,04:23:46.122,ADA/USDT:USDT,0.8244,27061.0,0.8243,140231.0,0.8245,203.0,0.8246,14962.0
1753503826222,04:23:46.222,ADA/USDT:USDT,0.8244,27061.0,0.8243,140231.0,0.8245,203.0,0.8246,14962.0
1753503826322,04:23:46.322,ADA/USDT:USDT,0.8244,27061.0,0.8243,142714.0,0.8245,37.0,0.8246,3367.0
1753503826422,04:23:46.422,ADA/USDT:USDT,0.8245,36777.0,0.8244,67148.0,0.8246,14.0,0.8247,53824.0
1753503826522,04:23:46.522,ADA/USDT:USDT,0.8246,7844.0,0.8245,109048.0,0.8247,8403.0,0.8248,84985.0
1753503826622,04:23:46.622,ADA/USDT:USDT,0.8246,7844.0,0.8245,108932.0,0.8247,8403.0,0.8248,84985.0
1753503826722,04:23:46.722,ADA/USDT:USDT,0.8246,7844.0,0.8245,109143.0,0.8247,8403.0,0.8248,84985.0
1753503826822,04:23:46.822,ADA/USDT:USDT,0.8246,7844.0,0.8245,93425.0,0.8247,8403.0,0.8248,84985.0
1753503826923,04:23:46.923,ADA/USDT:USDT,0.8246,7844.0,0.8245,93425.0,0.8247,8403.0,0.8248,84985.0
1753503827022,04:23:47.022,ADA/USDT:USDT,0.8246,7844.0,0.8245,93425.0,0.8247,8403.0,0.8248,84985.0
1753503827122,04:23:47.122,ADA/USDT:USDT,0.8246,7844.0,0.8245,93425.0,0.8247,12403.0,0.8248,84985.0
1753503827222,04:23:47.222,ADA/USDT:USDT,0.8246,7844.0,0.8245,93425.0,0.8247,8403.0,0.8248,84985.0
1753503827323,04:23:47.323,ADA/USDT:USDT,0.8246,1008.0,0.8245,93214.0,0.8247,9163.0,0.8248,87468.0
1753503827423,04:23:47.423,ADA/USDT:USDT,0.8246,1316.0,0.8245,93214.0,0.8247,9615.0,0.8248,89892.0
1753503827522,04:23:47.522,ADA/USDT:USDT,0.8246,1316.0,0.8245,93214.0,0.8247,9615.0,0.8248,89892.0
1753503827622,04:23:47.622,ADA/USDT:USDT,0.8246,1316.0,0.8245,93214.0,0.8247,9615.0,0.8248,90652.0
1753503827722,04:23:47.722,ADA/USDT:USDT,0.8246,1316.0,0.8245,93214.0,0.8247,9615.0,0.8248,89238.0
1753503827822,04:23:47.822,ADA/USDT:USDT,0.8246,1316.0,0.8245,93214.0,0.8247,9615.0,0.8248,88478.0
1753503827925,04:23:47.925,ADA/USDT:USDT,0.8246,1008.0,0.8245,93214.0,0.8247,15615.0,0.8248,89238.0
1753503828022,04:23:48.022,ADA/USDT:USDT,0.8245,25574.0,0.8244,107338.0,0.8247,36078.0,0.8248,92476.0
1753503828123,04:23:48.123,ADA/USDT:USDT,0.8245,1500.0,0.8244,105767.0,0.8246,15230.0,0.8247,89895.0
1753503828223,04:23:48.223,ADA/USDT:USDT,0.8245,1514.0,0.8244,105767.0,0.8246,15230.0,0.8247,89135.0
1753503828322,04:23:48.322,ADA/USDT:USDT,0.8245,1514.0,0.8244,106979.0,0.8246,15230.0,0.8247,86652.0
1753503828422,04:23:48.422,ADA/USDT:USDT,0.8245,1514.0,0.8244,106979.0,0.8246,15240.0,0.8247,87412.0
1753503828522,04:23:48.522,ADA/USDT:USDT,0.8245,1514.0,0.8244,105767.0,0.8246,15240.0,0.8247,87412.0
1753503828622,04:23:48.622,ADA/USDT:USDT,0.8245,1866.0,0.8244,101906.0,0.8246,15240.0,0.8247,87412.0
1753503828722,04:23:48.722,ADA/USDT:USDT,0.8245,1866.0,0.8244,43282.0,0.8246,16760.0,0.8247,87654.0
1753503828822,04:23:48.822,ADA/USDT:USDT,0.8245,1866.0,0.8244,43165.0,0.8246,16760.0,0.8247,87654.0
1753503828922,04:23:48.922,ADA/USDT:USDT,0.8245,1686.0,0.8244,43165.0,0.8246,17160.0,0.8247,87654.0
1753503829022,04:23:49.022,ADA/USDT:USDT,0.8245,1686.0,0.8244,40682.0,0.8246,17160.0,0.8247,87654.0
1753503829122,04:23:49.122,ADA/USDT:USDT,0.8245,1686.0,0.8244,38707.0,0.8246,16400.0,0.8247,88866.0
1753503829222,04:23:49.222,ADA/USDT:USDT,0.8244,7069.0,0.8243,22688.0,0.8245,20964.0,0.8246,70345.0
1753503829323,04:23:49.323,ADA/USDT:USDT,0.8244,6889.0,0.8243,22281.0,0.8245,20989.0,0.8246,99086.0
1753503829423,04:23:49.423,ADA/USDT:USDT,0.8244,6581.0,0.8243,50445.0,0.8245,20977.0,0.8246,99086.0
1753503829522,04:23:49.522,ADA/USDT:USDT,0.8244,7062.0,0.8243,76952.0,0.8245,13444.0,0.8246,99086.0
1753503829622,04:23:49.622,ADA/USDT:USDT,0.8244,7062.0,0.8243,76952.0,0.8245,5837.0,0.8246,97566.0
1753503829722,04:23:49.722,ADA/USDT:USDT,0.8244,7062.0,0.8243,76952.0,0.8245,4366.0,0.8246,98571.0
1753503829822,04:23:49.822,ADA/USDT:USDT,0.8244,7062.0,0.8243,76952.0,0.8245,4366.0,0.8246,99350.0
1753503829922,04:23:49.922,ADA/USDT:USDT,0.8244,7062.0,0.8243,78460.0,0.8245,4366.0,0.8246,56500.0
1753503830022,04:23:50.022,ADA/USDT:USDT,0.8244,13062.0,0.8243,78460.0,0.8245,4366.0,0.8246,56500.0
1753503830122,04:23:50.122,ADA/USDT:USDT,0.8244,7062.0,0.8243,77717.0,0.8245,4366.0,0.8246,95681.0
1753503830222,04:23:50.222,ADA/USDT:USDT,0.8244,7062.0,0.8243,78175.0,0.8245,4366.0,0.8246,96435.0
1753503830323,04:23:50.323,ADA/USDT:USDT,0.8244,8070.0,0.8243,78175.0,0.8245,6128.0,0.8246,97189.0
1753503830422,04:23:50.422,ADA/USDT:USDT,0.8244,8070.0,0.8243,78929.0,0.8245,5374.0,0.8246,95681.0
1753503830522,04:23:50.522,ADA/USDT:USDT,0.8244,8070.0,0.8243,78929.0,0.8245,5374.0,0.8246,95681.0
1753503830622,04:23:50.622,ADA/USDT:USDT,0.8244,8070.0,0.8243,78929.0,0.8245,5374.0,0.8246,96435.0
1753503830722,04:23:50.722,ADA/USDT:USDT,0.8244,8070.0,0.8243,78929.0,0.8245,5374.0,0.8246,96711.0
1753503830822,04:23:50.822,ADA/USDT:USDT,0.8244,8070.0,0.8243,78929.0,0.8245,5389.0,0.8246,97465.0
1753503830922,04:23:50.922,ADA/USDT:USDT,0.8244,8070.0,0.8243,79683.0,0.8245,2649.0,0.8246,95681.0
1753503831023,04:23:51.023,ADA/USDT:USDT,0.8244,14070.0,0.8243,79683.0,0.8245,2649.0,0.8246,95681.0
1753503831122,04:23:51.122,ADA/USDT:USDT,0.8244,14070.0,0.8243,79708.0,0.8245,1023.0,0.8246,60885.0
1753503831222,04:23:51.222,ADA/USDT:USDT,0.8244,15578.0,0.8243,79708.0,0.8245,1023.0,0.8246,60885.0
1753503831322,04:23:51.322,ADA/USDT:USDT,0.8244,14824.0,0.8243,82308.0,0.8245,1023.0,0.8246,55658.0
1753503831422,04:23:51.422,ADA/USDT:USDT,0.8244,14070.0,0.8243,84129.0,0.8245,5049.0,0.8246,43656.0
1753503831523,04:23:51.523,ADA/USDT:USDT,0.8244,8070.0,0.8243,84129.0,0.8245,5049.0,0.8246,75973.0
1753503831622,04:23:51.622,ADA/USDT:USDT,0.8244,8482.0,0.8243,84883.0,0.8245,5034.0,0.8246,75973.0
1753503831722,04:23:51.722,ADA/USDT:USDT,0.8244,8482.0,0.8243,85913.0,0.8245,5034.0,0.8246,75973.0
1753503831923,04:23:51.923,ADA/USDT:USDT,0.8244,8482.0,0.8243,85913.0,0.8245,5034.0,0.8246,75973.0
1753503832022,04:23:52.022,ADA/USDT:USDT,0.8244,14482.0,0.8243,85913.0,0.8245,5034.0,0.8246,75973.0
1753503832123,04:23:52.123,ADA/USDT:USDT,0.8244,8482.0,0.8243,85913.0,0.8245,5034.0,0.8246,75973.0
1753503832222,04:23:52.222,ADA/USDT:USDT,0.8244,8482.0,0.8243,85159.0,0.8245,5034.0,0.8246,75973.0
1753503832323,04:23:52.323,ADA/USDT:USDT,0.8244,8482.0,0.8243,85938.0,0.8245,5034.0,0.8246,75973.0
1753503832422,04:23:52.422,ADA/USDT:USDT,0.8244,8482.0,0.8243,85913.0,0.8245,5034.0,0.8246,75973.0
1753503832622,04:23:52.622,ADA/USDT:USDT,0.8244,9236.0,0.8243,85938.0,0.8245,5034.0,0.8246,75973.0
1753503832722,04:23:52.722,ADA/USDT:USDT,0.8244,8685.0,0.8243,76745.0,0.8245,1254.0,0.8246,31879.0
1753503832822,04:23:52.822,ADA/USDT:USDT,0.8244,10441.0,0.8243,83378.0,0.8245,12350.0,0.8246,97699.0
1753503832922,04:23:52.922,ADA/USDT:USDT,0.8244,8665.0,0.8243,83378.0,0.8245,6483.0,0.8246,97699.0
1753503833122,04:23:53.122,ADA/USDT:USDT,0.8244,8665.0,0.8243,83378.0,0.8245,6483.0,0.8246,96945.0
1753503833222,04:23:53.222,ADA/USDT:USDT,0.8244,8665.0,0.8243,84132.0,0.8245,6483.0,0.8246,96945.0
1753503833323,04:23:53.323,ADA/USDT:USDT,0.8244,8665.0,0.8243,83378.0,0.8245,6483.0,0.8246,96945.0
1753503833423,04:23:53.423,ADA/USDT:USDT,0.8244,8665.0,0.8243,83377.0,0.8245,6483.0,0.8246,97699.0
1753503833522,04:23:53.522,ADA/USDT:USDT,0.8244,8658.0,0.8243,83377.0,0.8245,6483.0,0.8246,97699.0
1753503833622,04:23:53.622,ADA/USDT:USDT,0.8244,8658.0,0.8243,84131.0,0.8245,6737.0,0.8246,81267.0
1753503833722,04:23:53.722,ADA/USDT:USDT,0.8244,8658.0,0.8243,83377.0,0.8245,6737.0,0.8246,82297.0
1753503833822,04:23:53.822,ADA/USDT:USDT,0.8244,8658.0,0.8243,83377.0,0.8245,6737.0,0.8246,82297.0
1753503833925,04:23:53.925,ADA/USDT:USDT,0.8244,8658.0,0.8243,83377.0,0.8245,7491.0,0.8246,90672.0
1753503834122,04:23:54.122,ADA/USDT:USDT,0.8244,8658.0,0.8243,83377.0,0.8245,7491.0,0.8246,90672.0
1753503834222,04:23:54.222,ADA/USDT:USDT,0.8244,8658.0,0.8243,84910.0,0.8245,6737.0,0.8246,89164.0
1753503834322,04:23:54.322,ADA/USDT:USDT,0.8244,8645.0,0.8243,84885.0,0.8245,6737.0,0.8246,89164.0
1753503834422,04:23:54.422,ADA/USDT:USDT,0.8244,8645.0,0.8243,84131.0,0.8245,6737.0,0.8246,89918.0
1753503834522,04:23:54.522,ADA/USDT:USDT,0.8244,8645.0,0.8243,84131.0,0.8245,6737.0,0.8246,89918.0
1753503834622,04:23:54.622,ADA/USDT:USDT,0.8244,8645.0,0.8243,84131.0,0.8245,6737.0,0.8246,90672.0
1753503834723,04:23:54.723,ADA/USDT:USDT,0.8244,8657.0,0.8243,84407.0,0.8245,10091.0,0.8246,90672.0
1753503834822,04:23:54.822,ADA/USDT:USDT,0.8244,8657.0,0.8243,83195.0,0.8245,10091.0,0.8246,90672.0
1753503834923,04:23:54.923,ADA/USDT:USDT,0.8244,8657.0,0.8243,83195.0,0.8245,10091.0,0.8246,90672.0
1753503835023,04:23:55.023,ADA/USDT:USDT,0.8244,8657.0,0.8243,83195.0,0.8245,9337.0,0.8246,90672.0
1753503835123,04:23:55.123,ADA/USDT:USDT,0.8244,8657.0,0.8243,77995.0,0.8245,10091.0,0.8246,90672.0
1753503835223,04:23:55.223,ADA/USDT:USDT,0.8244,8657.0,0.8243,77995.0,0.8245,10091.0,0.8246,90672.0
1753503835322,04:23:55.322,ADA/USDT:USDT,0.8244,8657.0,0.8243,77995.0,0.8245,9337.0,0.8246,90672.0
1753503835423,04:23:55.423,ADA/USDT:USDT,0.8244,8656.0,0.8243,78749.0,0.8245,9337.0,0.8246,90672.0
1753503835522,04:23:55.522,ADA/USDT:USDT,0.8244,8656.0,0.8243,78749.0,0.8245,9337.0,0.8246,89918.0
1753503835623,04:23:55.623,ADA/USDT:USDT,0.8244,7648.0,0.8243,62906.0,0.8245,10091.0,0.8246,98515.0
1753503835722,04:23:55.722,ADA/USDT:USDT,0.8244,7160.0,0.8243,35559.0,0.8245,10230.0,0.8246,98540.0
1753503835822,04:23:55.822,ADA/USDT:USDT,0.8244,7648.0,0.8243,62083.0,0.8245,10230.0,0.8246,98515.0
1753503835922,04:23:55.922,ADA/USDT:USDT,0.8244,7468.0,0.8243,76999.0,0.8245,9476.0,0.8246,97761.0
1753503836023,04:23:56.023,ADA/USDT:USDT,0.8244,7161.0,0.8243,76999.0,0.8245,15476.0,0.8246,91130.0
1753503836123,04:23:56.123,ADA/USDT:USDT,0.8244,7161.0,0.8243,76999.0,0.8245,15476.0,0.8246,91130.0
1753503836222,04:23:56.222,ADA/USDT:USDT,0.8244,7161.0,0.8243,76999.0,0.8245,15476.0,0.8246,91130.0
1753503836323,04:23:56.323,ADA/USDT:USDT,0.8244,7161.0,0.8243,35559.0,0.8245,16291.0,0.8246,91909.0
1753503836422,04:23:56.422,ADA/USDT:USDT,0.8244,7161.0,0.8243,60426.0,0.8245,16152.0,0.8246,91884.0
1753503836522,04:23:56.522,ADA/USDT:USDT,0.8244,7161.0,0.8243,22291.0,0.8245,17040.0,0.8246,92151.0
1753503836622,04:23:56.622,ADA/USDT:USDT,0.8244,7162.0,0.8243,22291.0,0.8245,17040.0,0.8246,92151.0
1753503836723,04:23:56.723,ADA/USDT:USDT,0.8244,7162.0,0.8243,22291.0,0.8245,17040.0,0.8246,92151.0
1753503836822,04:23:56.822,ADA/USDT:USDT,0.8244,7162.0,0.8243,22291.0,0.8245,17040.0,0.8246,92151.0
1753503836923,04:23:56.923,ADA/USDT:USDT,0.8244,7162.0,0.8243,39694.0,0.8245,15532.0,0.8246,98757.0
1753503837022,04:23:57.022,ADA/USDT:USDT,0.8244,7162.0,0.8243,63736.0,0.8245,15875.0,0.8246,98403.0
1753503837122,04:23:57.122,ADA/USDT:USDT,0.8244,8658.0,0.8243,83597.0,0.8245,5875.0,0.8246,80682.0
1753503837223,04:23:57.223,ADA/USDT:USDT,0.8244,7162.0,0.8243,79606.0,0.8245,10579.0,0.8246,92136.0
1753503837322,04:23:57.322,ADA/USDT:USDT,0.8244,7162.0,0.8243,79606.0,0.8245,10579.0,0.8246,90924.0
1753503837423,04:23:57.423,ADA/USDT:USDT,0.8244,7446.0,0.8243,77006.0,0.8245,12087.0,0.8246,90924.0
1753503837522,04:23:57.522,ADA/USDT:USDT,0.8244,7446.0,0.8243,77006.0,0.8245,11333.0,0.8246,90924.0
1753503837622,04:23:57.622,ADA/USDT:USDT,0.8244,8454.0,0.8243,77006.0,0.8245,10579.0,0.8246,97556.0
1753503837722,04:23:57.722,ADA/USDT:USDT,0.8244,8454.0,0.8243,77760.0,0.8245,10579.0,0.8246,97556.0
1753503837823,04:23:57.823,ADA/USDT:USDT,0.8244,8454.0,0.8243,78514.0,0.8245,7979.0,0.8246,96048.0
1753503837923,04:23:57.923,ADA/USDT:USDT,0.8244,8454.0,0.8243,78514.0,0.8245,10579.0,0.8246,97556.0
1753503838022,04:23:58.022,ADA/USDT:USDT,0.8244,8454.0,0.8243,78514.0,0.8245,7979.0,0.8246,96048.0
1753503838122,04:23:58.122,ADA/USDT:USDT,0.8244,8454.0,0.8243,77006.0,0.8245,7979.0,0.8246,97556.0
1753503838222,04:23:58.222,ADA/USDT:USDT,0.8244,7446.0,0.8243,77006.0,0.8245,8733.0,0.8246,97556.0
1753503838322,04:23:58.322,ADA/USDT:USDT,0.8244,8321.0,0.8243,77006.0,0.8245,8733.0,0.8246,97556.0
1753503838422,04:23:58.422,ADA/USDT:USDT,0.8244,7446.0,0.8243,77006.0,0.8245,9487.0,0.8246,97556.0
1753503838522,04:23:58.522,ADA/USDT:USDT,0.8244,7086.0,0.8243,24774.0,0.8245,9487.0,0.8246,97581.0
1753503838623,04:23:58.623,ADA/USDT:USDT,0.8244,7574.0,0.8243,80250.0,0.8245,7979.0,0.8246,98004.0
1753503838723,04:23:58.723,ADA/USDT:USDT,0.8244,7574.0,0.8243,77767.0,0.8245,7979.0,0.8246,97546.0
1753503838822,04:23:58.822,ADA/USDT:USDT,0.8244,7574.0,0.8243,77013.0,0.8245,7979.0,0.8246,97546.0
1753503838922,04:23:58.922,ADA/USDT:USDT,0.8244,7574.0,0.8243,77013.0,0.8245,15487.0,0.8246,97546.0
1753503839022,04:23:59.022,ADA/USDT:USDT,0.8244,7574.0,0.8243,72036.0,0.8245,15487.0,0.8246,97546.0
1753503839122,04:23:59.122,ADA/USDT:USDT,0.8244,7574.0,0.8243,35563.0,0.8245,15487.0,0.8246,97546.0
1753503839222,04:23:59.222,ADA/USDT:USDT,0.8244,7574.0,0.8243,35563.0,0.8245,15487.0,0.8246,97546.0
1753503839323,04:23:59.323,ADA/USDT:USDT,0.8244,7086.0,0.8243,35563.0,0.8245,14733.0,0.8246,97546.0
