timestamp,time,symbol,bid1_price,bid1_volume,bid2_price,bid2_volume,ask1_price,ask1_volume,ask2_price,ask2_volume
1753503305074,04:15:05.074,ACH/USDT:USDT,0.022397,1610.0,0.022396,1590.0,0.022398,310.0,0.022402,18880.0
1753503305176,04:15:05.176,ACH/USDT:USDT,0.022397,1610.0,0.022396,1590.0,0.022398,310.0,0.022402,18880.0
1753503306675,04:15:06.675,ACH/USDT:USDT,0.022397,1610.0,0.022396,1590.0,0.022398,310.0,0.022402,18880.0
1753503307375,04:15:07.375,ACH/USDT:USDT,0.022397,1610.0,0.022396,1590.0,0.022398,620.0,0.022402,18880.0
1753503307475,04:15:07.475,ACH/USDT:USDT,0.022397,1610.0,0.022396,1590.0,0.022398,620.0,0.022402,18880.0
1753503308676,04:15:08.676,ACH/USDT:USDT,0.022397,1610.0,0.022396,1590.0,0.022398,720.0,0.022402,18880.0
1753503309875,04:15:09.875,ACH/USDT:USDT,0.022397,1610.0,0.022396,1590.0,0.022398,720.0,0.022402,18880.0
1753503309975,04:15:09.975,ACH/USDT:USDT,0.022397,1610.0,0.022396,1590.0,0.022398,720.0,0.022402,19490.0
1753503311474,04:15:11.474,ACH/USDT:USDT,0.022396,1590.0,0.022394,2530.0,0.022397,1630.0,0.022398,720.0
1753503311576,04:15:11.576,ACH/USDT:USDT,0.022396,230.0,0.022394,2530.0,0.022397,1630.0,0.022398,720.0
1753503312075,04:15:12.075,ACH/USDT:USDT,0.022396,7780.0,0.022394,2530.0,0.022397,1630.0,0.022398,720.0
1753503312175,04:15:12.175,ACH/USDT:USDT,0.022396,7780.0,0.022394,2530.0,0.022397,1630.0,0.022398,720.0
1753503312575,04:15:12.575,ACH/USDT:USDT,0.022396,7780.0,0.022394,2530.0,0.022397,1630.0,0.022398,720.0
1753503312674,04:15:12.674,ACH/USDT:USDT,0.022396,7780.0,0.022394,2530.0,0.022397,1630.0,0.022398,720.0
1753503313075,04:15:13.075,ACH/USDT:USDT,0.022396,7780.0,0.022394,2530.0,0.022397,1630.0,0.022398,720.0
1753503313175,04:15:13.175,ACH/USDT:USDT,0.022396,7780.0,0.022394,2530.0,0.022397,1630.0,0.022398,720.0
1753503313474,04:15:13.474,ACH/USDT:USDT,0.022396,7780.0,0.022394,2530.0,0.022397,1630.0,0.022398,720.0
1753503313575,04:15:13.575,ACH/USDT:USDT,0.022396,7780.0,0.022394,2530.0,0.022397,1630.0,0.022398,720.0
1753503313677,04:15:13.677,ACH/USDT:USDT,0.022396,7780.0,0.022394,2530.0,0.022397,1630.0,0.022398,720.0
1753503313775,04:15:13.775,ACH/USDT:USDT,0.022396,7780.0,0.022394,2530.0,0.022397,1630.0,0.022398,720.0
1753503313873,04:15:13.873,ACH/USDT:USDT,0.022396,7780.0,0.022394,2530.0,0.022397,1630.0,0.022398,720.0
1753503314274,04:15:14.274,ACH/USDT:USDT,0.022396,7780.0,0.022394,2530.0,0.022397,1630.0,0.022398,720.0
1753503314677,04:15:14.677,ACH/USDT:USDT,0.022396,7780.0,0.022394,2530.0,0.022397,1630.0,0.022398,720.0
1753503315474,04:15:15.474,ACH/USDT:USDT,0.022396,7780.0,0.022394,2530.0,0.022397,1630.0,0.022398,720.0
1753503315573,04:15:15.573,ACH/USDT:USDT,0.022396,7780.0,0.022394,2530.0,0.022397,1630.0,0.022398,720.0
1753503315676,04:15:15.676,ACH/USDT:USDT,0.022396,7780.0,0.022394,2530.0,0.022397,1630.0,0.022398,720.0
1753503315874,04:15:15.874,ACH/USDT:USDT,0.022396,7780.0,0.022394,2530.0,0.022397,1630.0,0.022398,720.0
1753503315973,04:15:15.973,ACH/USDT:USDT,0.022396,7780.0,0.022394,2530.0,0.022397,1630.0,0.022398,720.0
1753503316075,04:15:16.075,ACH/USDT:USDT,0.022396,7780.0,0.022394,2530.0,0.022397,1630.0,0.022398,720.0
1753503316374,04:15:16.374,ACH/USDT:USDT,0.022396,7780.0,0.022394,2530.0,0.022397,1630.0,0.022398,720.0
1753503316474,04:15:16.474,ACH/USDT:USDT,0.022396,7780.0,0.022394,2530.0,0.022397,1630.0,0.022398,720.0
1753503317075,04:15:17.075,ACH/USDT:USDT,0.022397,1610.0,0.022396,230.0,0.022398,720.0,0.022402,18880.0
1753503317176,04:15:17.176,ACH/USDT:USDT,0.022397,1610.0,0.022396,230.0,0.022398,720.0,0.022401,1370.0
1753503317275,04:15:17.275,ACH/USDT:USDT,0.022397,1610.0,0.022396,230.0,0.022398,720.0,0.022401,1370.0
1753503317475,04:15:17.475,ACH/USDT:USDT,0.022397,1610.0,0.022396,230.0,0.022398,720.0,0.022401,1370.0
1753503318076,04:15:18.076,ACH/USDT:USDT,0.022397,1610.0,0.022396,230.0,0.022398,720.0,0.022401,1370.0
1753503319075,04:15:19.075,ACH/USDT:USDT,0.022397,1610.0,0.022396,230.0,0.022398,2400.0,0.022401,1370.0
1753503319475,04:15:19.475,ACH/USDT:USDT,0.022397,1610.0,0.022396,230.0,0.022398,2400.0,0.022401,1370.0
1753503319575,04:15:19.575,ACH/USDT:USDT,0.022397,1610.0,0.022396,230.0,0.022398,2400.0,0.022401,1370.0
1753503319674,04:15:19.674,ACH/USDT:USDT,0.022397,1610.0,0.022396,230.0,0.022398,2400.0,0.022401,1370.0
1753503320675,04:15:20.675,ACH/USDT:USDT,0.022397,1610.0,0.022396,230.0,0.022398,2400.0,0.022401,1370.0
1753503320774,04:15:20.774,ACH/USDT:USDT,0.022397,3030.0,0.022396,230.0,0.022398,2400.0,0.022402,18880.0
1753503320874,04:15:20.874,ACH/USDT:USDT,0.022397,3730.0,0.022396,230.0,0.022398,2400.0,0.022402,18880.0
1753503320973,04:15:20.973,ACH/USDT:USDT,0.022397,3730.0,0.022396,230.0,0.022398,2400.0,0.022402,18880.0
1753503321074,04:15:21.074,ACH/USDT:USDT,0.022397,3730.0,0.022396,230.0,0.022398,2400.0,0.022402,18880.0
1753503321176,04:15:21.176,ACH/USDT:USDT,0.022397,7350.0,0.022396,230.0,0.022398,2400.0,0.022402,18880.0
1753503321274,04:15:21.274,ACH/USDT:USDT,0.022397,10970.0,0.022396,230.0,0.022398,2400.0,0.022402,18880.0
1753503321374,04:15:21.374,ACH/USDT:USDT,0.022397,10970.0,0.022396,230.0,0.022398,2400.0,0.022402,18880.0
1753503321474,04:15:21.474,ACH/USDT:USDT,0.022397,10970.0,0.022396,230.0,0.022398,2400.0,0.022402,18880.0
1753503321575,04:15:21.575,ACH/USDT:USDT,0.022397,10970.0,0.022396,230.0,0.022398,2400.0,0.022402,18880.0
1753503321681,04:15:21.681,ACH/USDT:USDT,0.022397,2620.0,0.022396,230.0,0.022398,2400.0,0.022401,2350.0
1753503321975,04:15:21.975,ACH/USDT:USDT,0.022397,2620.0,0.022396,230.0,0.022398,2400.0,0.022401,2350.0
1753503322075,04:15:22.075,ACH/USDT:USDT,0.022397,2620.0,0.022396,230.0,0.022398,2400.0,0.022401,2350.0
1753503322273,04:15:22.273,ACH/USDT:USDT,0.022397,4850.0,0.022396,230.0,0.022398,2400.0,0.022401,1550.0
1753503322375,04:15:22.375,ACH/USDT:USDT,0.022397,2620.0,0.022396,230.0,0.022398,2400.0,0.022401,1550.0
1753503322476,04:15:22.476,ACH/USDT:USDT,0.022397,2620.0,0.022396,230.0,0.022398,2400.0,0.022401,1550.0
1753503322575,04:15:22.575,ACH/USDT:USDT,0.022397,2620.0,0.022396,230.0,0.022398,2400.0,0.022401,1550.0
1753503322774,04:15:22.774,ACH/USDT:USDT,0.022397,2620.0,0.022396,230.0,0.022398,2400.0,0.022401,1550.0
1753503322975,04:15:22.975,ACH/USDT:USDT,0.022397,2620.0,0.022396,230.0,0.022398,2400.0,0.022401,1550.0
1753503323075,04:15:23.075,ACH/USDT:USDT,0.022397,2620.0,0.022396,230.0,0.022398,2400.0,0.022401,1550.0
1753503323476,04:15:23.476,ACH/USDT:USDT,0.022397,2620.0,0.022396,230.0,0.022398,2400.0,0.022401,2610.0
1753503324175,04:15:24.175,ACH/USDT:USDT,0.022397,2620.0,0.022396,230.0,0.022398,2400.0,0.022401,2610.0
1753503324275,04:15:24.275,ACH/USDT:USDT,0.022397,1870.0,0.022396,230.0,0.022398,2400.0,0.022401,2610.0
1753503324575,04:15:24.575,ACH/USDT:USDT,0.022397,1870.0,0.022396,230.0,0.022398,2400.0,0.022401,2610.0
1753503324676,04:15:24.676,ACH/USDT:USDT,0.022397,1870.0,0.022396,230.0,0.022398,2400.0,0.022402,18880.0
1753503324775,04:15:24.775,ACH/USDT:USDT,0.022397,1870.0,0.022396,230.0,0.022398,2400.0,0.022401,2630.0
1753503324874,04:15:24.874,ACH/USDT:USDT,0.022397,7220.0,0.022396,230.0,0.022398,2400.0,0.022402,18880.0
1753503324974,04:15:24.974,ACH/USDT:USDT,0.022397,7220.0,0.022396,230.0,0.022398,2400.0,0.022402,18880.0
1753503325073,04:15:25.073,ACH/USDT:USDT,0.022397,7220.0,0.022396,230.0,0.022398,2400.0,0.022402,18880.0
1753503325174,04:15:25.174,ACH/USDT:USDT,0.022397,7220.0,0.022396,230.0,0.022398,2400.0,0.022401,1480.0
1753503325374,04:15:25.374,ACH/USDT:USDT,0.022397,7220.0,0.022396,230.0,0.022398,2400.0,0.022402,18880.0
1753503325475,04:15:25.475,ACH/USDT:USDT,0.022397,7220.0,0.022396,230.0,0.022398,2400.0,0.022402,18880.0
1753503325574,04:15:25.574,ACH/USDT:USDT,0.022397,7220.0,0.022396,230.0,0.022398,2400.0,0.022401,1480.0
1753503325680,04:15:25.680,ACH/USDT:USDT,0.022397,7220.0,0.022396,230.0,0.022398,2400.0,0.022402,18880.0
1753503325975,04:15:25.975,ACH/USDT:USDT,0.022397,7220.0,0.022396,230.0,0.022398,2400.0,0.022402,18880.0
1753503328374,04:15:28.374,ACH/USDT:USDT,0.022397,7220.0,0.022396,230.0,0.022398,2400.0,0.022402,18880.0
1753503328475,04:15:28.475,ACH/USDT:USDT,0.022397,7220.0,0.022396,230.0,0.022398,2400.0,0.022401,1480.0
1753503328575,04:15:28.575,ACH/USDT:USDT,0.022397,7220.0,0.022396,230.0,0.022398,2400.0,0.022402,18880.0
1753503329075,04:15:29.075,ACH/USDT:USDT,0.022397,7220.0,0.022396,230.0,0.022398,2400.0,0.022402,18880.0
1753503330075,04:15:30.075,ACH/USDT:USDT,0.022397,17210.0,0.022396,230.0,0.022398,2400.0,0.022402,18880.0
1753503330175,04:15:30.175,ACH/USDT:USDT,0.022397,3010.0,0.022396,230.0,0.022398,2400.0,0.022401,1480.0
1753503330276,04:15:30.276,ACH/USDT:USDT,0.022397,5940.0,0.022396,230.0,0.022398,2400.0,0.022401,1480.0
1753503330375,04:15:30.375,ACH/USDT:USDT,0.022397,5940.0,0.022396,230.0,0.022398,2400.0,0.022402,18880.0
1753503330773,04:15:30.773,ACH/USDT:USDT,0.022397,5940.0,0.022396,230.0,0.022398,2400.0,0.022402,18880.0
1753503330975,04:15:30.975,ACH/USDT:USDT,0.022397,5940.0,0.022396,230.0,0.022398,2400.0,0.022402,18880.0
1753503331075,04:15:31.075,ACH/USDT:USDT,0.022397,5940.0,0.022396,230.0,0.022398,2400.0,0.022401,1480.0
1753503331173,04:15:31.173,ACH/USDT:USDT,0.022397,5940.0,0.022396,230.0,0.022398,2400.0,0.022402,18880.0
1753503331275,04:15:31.275,ACH/USDT:USDT,0.022397,5940.0,0.022396,230.0,0.022398,2400.0,0.022402,18880.0
1753503331874,04:15:31.874,ACH/USDT:USDT,0.022397,5940.0,0.022396,230.0,0.022398,2400.0,0.022402,18880.0
1753503332073,04:15:32.073,ACH/USDT:USDT,0.022397,5940.0,0.022396,230.0,0.022398,2400.0,0.022401,1480.0
1753503332375,04:15:32.375,ACH/USDT:USDT,0.022397,5940.0,0.022396,230.0,0.022398,2400.0,0.022402,18880.0
1753503333574,04:15:33.574,ACH/USDT:USDT,0.022397,5940.0,0.022396,230.0,0.022398,2400.0,0.022401,1480.0
1753503333875,04:15:33.875,ACH/USDT:USDT,0.022397,5940.0,0.022396,230.0,0.022398,2400.0,0.022401,1480.0
1753503333975,04:15:33.975,ACH/USDT:USDT,0.022397,5940.0,0.022396,230.0,0.022398,2400.0,0.022401,1480.0
1753503334075,04:15:34.075,ACH/USDT:USDT,0.022397,5940.0,0.022396,230.0,0.022398,2400.0,0.022401,1480.0
1753503334274,04:15:34.274,ACH/USDT:USDT,0.022397,5940.0,0.022396,230.0,0.022398,2400.0,0.022402,18880.0
1753503335075,04:15:35.075,ACH/USDT:USDT,0.022397,5940.0,0.022396,230.0,0.022398,2400.0,0.022403,60170.0
1753503335273,04:15:35.273,ACH/USDT:USDT,0.022397,4100.0,0.022396,230.0,0.022398,2400.0,0.022402,22420.0
1753503335678,04:15:35.678,ACH/USDT:USDT,0.022397,4360.0,0.022396,230.0,0.022398,2400.0,0.022402,22420.0
1753503336173,04:15:36.173,ACH/USDT:USDT,0.022397,5000.0,0.022396,230.0,0.022398,2400.0,0.022402,22420.0
1753503336775,04:15:36.775,ACH/USDT:USDT,0.022397,5000.0,0.022396,230.0,0.022398,2400.0,0.022402,18050.0
1753503337475,04:15:37.475,ACH/USDT:USDT,0.022397,5000.0,0.022396,230.0,0.022398,2400.0,0.022402,18050.0
1753503338677,04:15:38.677,ACH/USDT:USDT,0.022397,5000.0,0.022396,230.0,0.022398,2400.0,0.022402,18050.0
1753503338774,04:15:38.774,ACH/USDT:USDT,0.022397,5000.0,0.022396,230.0,0.022398,2400.0,0.022402,18050.0
1753503340589,04:15:40.589,ACH/USDT:USDT,0.022397,5000.0,0.022396,230.0,0.022398,2400.0,0.022402,18050.0
1753503341374,04:15:41.374,ACH/USDT:USDT,0.022397,10170.0,0.022396,230.0,0.022398,2400.0,0.022402,18050.0
1753503341473,04:15:41.473,ACH/USDT:USDT,0.022397,14170.0,0.022396,230.0,0.022398,2400.0,0.022402,18050.0
1753503341575,04:15:41.575,ACH/USDT:USDT,0.022397,14170.0,0.022396,230.0,0.022398,2400.0,0.022402,18050.0
1753503341677,04:15:41.677,ACH/USDT:USDT,0.022397,14170.0,0.022396,230.0,0.022398,2400.0,0.022404,2220.0
1753503341773,04:15:41.773,ACH/USDT:USDT,0.022397,14170.0,0.022396,230.0,0.022398,2400.0,0.022401,36100.0
1753503341976,04:15:41.976,ACH/USDT:USDT,0.022397,14170.0,0.022396,230.0,0.022398,2400.0,0.022401,36100.0
1753503342073,04:15:42.073,ACH/USDT:USDT,0.022397,14590.0,0.022396,230.0,0.022398,2400.0,0.022401,28600.0
1753503342175,04:15:42.175,ACH/USDT:USDT,0.022397,10310.0,0.022396,230.0,0.022398,2400.0,0.022402,120340.0
1753503342275,04:15:42.275,ACH/USDT:USDT,0.022397,11460.0,0.022396,230.0,0.022398,2400.0,0.022402,120340.0
1753503342375,04:15:42.375,ACH/USDT:USDT,0.022397,11460.0,0.022396,230.0,0.022398,2400.0,0.022402,120340.0
1753503342474,04:15:42.474,ACH/USDT:USDT,0.022397,11460.0,0.022396,230.0,0.022398,2400.0,0.022402,120340.0
1753503343474,04:15:43.474,ACH/USDT:USDT,0.022397,11460.0,0.022396,230.0,0.022398,2400.0,0.022401,26900.0
1753503343573,04:15:43.573,ACH/USDT:USDT,0.022397,11460.0,0.022396,230.0,0.022398,2400.0,0.022402,120340.0
1753503343773,04:15:43.773,ACH/USDT:USDT,0.022397,11460.0,0.022396,230.0,0.022398,2400.0,0.022401,29810.0
1753503343873,04:15:43.873,ACH/USDT:USDT,0.022397,11460.0,0.022396,230.0,0.022398,2400.0,0.022401,29810.0
1753503344075,04:15:44.075,ACH/USDT:USDT,0.022397,11460.0,0.022396,230.0,0.022398,2400.0,0.022401,29810.0
1753503344476,04:15:44.476,ACH/USDT:USDT,0.022397,11460.0,0.022396,230.0,0.022398,2400.0,0.022401,29810.0
1753503344574,04:15:44.574,ACH/USDT:USDT,0.022397,11820.0,0.022396,230.0,0.022398,2400.0,0.022402,120340.0
1753503345475,04:15:45.475,ACH/USDT:USDT,0.022397,9140.0,0.022396,230.0,0.022398,2400.0,0.022401,26950.0
1753503345575,04:15:45.575,ACH/USDT:USDT,0.022397,9740.0,0.022396,230.0,0.022398,2400.0,0.022401,26950.0
1753503345975,04:15:45.975,ACH/USDT:USDT,0.022397,9740.0,0.022396,230.0,0.022398,2400.0,0.022401,26950.0
1753503346177,04:15:46.177,ACH/USDT:USDT,0.022397,8170.0,0.022396,230.0,0.022398,2400.0,0.022401,26950.0
1753503346275,04:15:46.275,ACH/USDT:USDT,0.022397,8170.0,0.022396,230.0,0.022398,2400.0,0.022402,120340.0
1753503346475,04:15:46.475,ACH/USDT:USDT,0.022397,8170.0,0.022396,230.0,0.022398,2400.0,0.022402,120340.0
1753503346875,04:15:46.875,ACH/USDT:USDT,0.022397,8170.0,0.022396,230.0,0.022398,2400.0,0.022402,120340.0
1753503347574,04:15:47.574,ACH/USDT:USDT,0.022397,8170.0,0.022396,230.0,0.022398,2400.0,0.022402,120340.0
1753503347874,04:15:47.874,ACH/USDT:USDT,0.022397,6750.0,0.022396,230.0,0.022398,2400.0,0.0224,1370.0
1753503347976,04:15:47.976,ACH/USDT:USDT,0.022397,2230.0,0.022396,230.0,0.022398,2400.0,0.0224,1370.0
1753503348075,04:15:48.075,ACH/USDT:USDT,0.022397,1970.0,0.022396,230.0,0.022398,2400.0,0.0224,1370.0
1753503348174,04:15:48.174,ACH/USDT:USDT,0.022397,1970.0,0.022396,230.0,0.022398,2400.0,0.0224,1370.0
1753503348274,04:15:48.274,ACH/USDT:USDT,0.022397,1970.0,0.022396,230.0,0.022398,2400.0,0.0224,1370.0
1753503348375,04:15:48.375,ACH/USDT:USDT,0.022397,1970.0,0.022396,230.0,0.022398,2400.0,0.0224,1370.0
1753503348675,04:15:48.675,ACH/USDT:USDT,0.022397,1970.0,0.022396,230.0,0.022398,2400.0,0.0224,1370.0
1753503348775,04:15:48.775,ACH/USDT:USDT,0.022397,1970.0,0.022396,230.0,0.022398,2400.0,0.0224,1370.0
1753503348975,04:15:48.975,ACH/USDT:USDT,0.022397,1970.0,0.022396,230.0,0.022398,2400.0,0.022401,27430.0
1753503349074,04:15:49.074,ACH/USDT:USDT,0.022397,3370.0,0.022396,230.0,0.022398,2400.0,0.022401,27430.0
1753503349175,04:15:49.175,ACH/USDT:USDT,0.022397,6300.0,0.022396,230.0,0.022398,2400.0,0.022401,27430.0
1753503349275,04:15:49.275,ACH/USDT:USDT,0.022397,6300.0,0.022396,230.0,0.022398,2400.0,0.022401,27430.0
1753503349573,04:15:49.573,ACH/USDT:USDT,0.022397,6300.0,0.022396,230.0,0.022398,2400.0,0.022401,27430.0
1753503349976,04:15:49.976,ACH/USDT:USDT,0.022397,6300.0,0.022396,230.0,0.022398,2400.0,0.022401,27430.0
1753503350075,04:15:50.075,ACH/USDT:USDT,0.022397,2230.0,0.022396,230.0,0.022398,2400.0,0.022401,27430.0
1753503350175,04:15:50.175,ACH/USDT:USDT,0.022397,1970.0,0.022396,230.0,0.022398,2400.0,0.022401,27430.0
1753503350275,04:15:50.275,ACH/USDT:USDT,0.022397,1970.0,0.022396,230.0,0.022398,2400.0,0.022401,27430.0
1753503350373,04:15:50.373,ACH/USDT:USDT,0.022397,1970.0,0.022396,230.0,0.022398,2400.0,0.022401,27430.0
1753503350473,04:15:50.473,ACH/USDT:USDT,0.022397,1970.0,0.022396,230.0,0.022398,2400.0,0.022401,27430.0
1753503350575,04:15:50.575,ACH/USDT:USDT,0.022397,1970.0,0.022396,230.0,0.022398,2400.0,0.022401,27430.0
1753503350675,04:15:50.675,ACH/USDT:USDT,0.022397,3620.0,0.022396,230.0,0.022398,2400.0,0.022401,27430.0
1753503351175,04:15:51.175,ACH/USDT:USDT,0.022397,1970.0,0.022396,230.0,0.022398,2400.0,0.022401,27430.0
1753503351473,04:15:51.473,ACH/USDT:USDT,0.022397,4130.0,0.022396,230.0,0.022398,2400.0,0.022401,27430.0
1753503351576,04:15:51.576,ACH/USDT:USDT,0.022397,1970.0,0.022396,230.0,0.022398,2400.0,0.022401,27430.0
1753503351975,04:15:51.975,ACH/USDT:USDT,0.022397,1970.0,0.022396,230.0,0.022398,2400.0,0.022401,27430.0
1753503352075,04:15:52.075,ACH/USDT:USDT,0.022397,1970.0,0.022396,230.0,0.022398,2400.0,0.022401,27430.0
1753503352574,04:15:52.574,ACH/USDT:USDT,0.022397,1970.0,0.022396,230.0,0.022398,2400.0,0.022401,27430.0
1753503352674,04:15:52.674,ACH/USDT:USDT,0.022397,2750.0,0.022396,230.0,0.022398,2400.0,0.022401,27430.0
1753503352775,04:15:52.775,ACH/USDT:USDT,0.022397,1970.0,0.022396,230.0,0.022398,3760.0,0.022401,27430.0
1753503352873,04:15:52.873,ACH/USDT:USDT,0.022397,1970.0,0.022396,230.0,0.022398,2400.0,0.022401,27430.0
1753503353075,04:15:53.075,ACH/USDT:USDT,0.022397,1970.0,0.022396,230.0,0.022398,2400.0,0.022401,27430.0
1753503353175,04:15:53.175,ACH/USDT:USDT,0.022397,1970.0,0.022396,230.0,0.022398,2400.0,0.022401,27430.0
1753503353278,04:15:53.278,ACH/USDT:USDT,0.022397,1970.0,0.022396,230.0,0.022398,2400.0,0.022401,27430.0
1753503353373,04:15:53.373,ACH/USDT:USDT,0.022397,1970.0,0.022396,230.0,0.022398,2400.0,0.022401,27430.0
1753503354273,04:15:54.273,ACH/USDT:USDT,0.022397,1970.0,0.022396,230.0,0.022398,2400.0,0.022401,27430.0
1753503354376,04:15:54.376,ACH/USDT:USDT,0.022397,1970.0,0.022396,230.0,0.022398,2400.0,0.022401,27430.0
1753503354676,04:15:54.676,ACH/USDT:USDT,0.022397,1970.0,0.022396,230.0,0.022398,2400.0,0.022401,27430.0
1753503355775,04:15:55.775,ACH/USDT:USDT,0.022397,1970.0,0.022396,230.0,0.022398,2400.0,0.022401,27430.0
1753503355874,04:15:55.874,ACH/USDT:USDT,0.022397,1970.0,0.022396,230.0,0.022398,3820.0,0.022401,27430.0
1753503355975,04:15:55.975,ACH/USDT:USDT,0.022397,1970.0,0.022396,230.0,0.022398,3820.0,0.022401,27430.0
1753503356075,04:15:56.075,ACH/USDT:USDT,0.022397,1970.0,0.022396,230.0,0.022398,4280.0,0.022401,27430.0
1753503356177,04:15:56.177,ACH/USDT:USDT,0.022397,1970.0,0.022396,230.0,0.022398,4280.0,0.022401,27430.0
1753503356374,04:15:56.374,ACH/USDT:USDT,0.022396,230.0,0.022394,1170.0,0.022397,4680.0,0.022398,4280.0
1753503356475,04:15:56.475,ACH/USDT:USDT,0.022396,230.0,0.022394,1170.0,0.022397,6360.0,0.022398,2600.0
1753503356575,04:15:56.575,ACH/USDT:USDT,0.022396,230.0,0.022394,1170.0,0.022397,6360.0,0.022398,2600.0
1753503356776,04:15:56.776,ACH/USDT:USDT,0.022396,230.0,0.022394,1170.0,0.022397,6360.0,0.022398,2600.0
1753503356974,04:15:56.974,ACH/USDT:USDT,0.022396,230.0,0.022394,1170.0,0.022397,6360.0,0.022398,2600.0
1753503357074,04:15:57.074,ACH/USDT:USDT,0.022394,1170.0,0.022392,3270.0,0.022395,1680.0,0.022397,1880.0
1753503357177,04:15:57.177,ACH/USDT:USDT,0.022394,1170.0,0.022392,3270.0,0.022395,1680.0,0.022397,1880.0
1753503357274,04:15:57.274,ACH/USDT:USDT,0.022394,1170.0,0.022392,3270.0,0.022395,1680.0,0.022397,1880.0
1753503357474,04:15:57.474,ACH/USDT:USDT,0.022394,2750.0,0.022392,3270.0,0.022395,1680.0,0.022397,1880.0
1753503357875,04:15:57.875,ACH/USDT:USDT,0.022394,2750.0,0.022392,3270.0,0.022395,1680.0,0.022397,1880.0
1753503358074,04:15:58.074,ACH/USDT:USDT,0.022392,1900.0,0.022388,1370.0,0.022393,4730.0,0.022395,1420.0
1753503358174,04:15:58.174,ACH/USDT:USDT,0.022392,1900.0,0.022388,1370.0,0.022393,3770.0,0.022395,1420.0
1753503358275,04:15:58.275,ACH/USDT:USDT,0.022392,1900.0,0.022388,1370.0,0.022393,3770.0,0.022395,1420.0
1753503358375,04:15:58.375,ACH/USDT:USDT,0.022392,1900.0,0.022388,1370.0,0.022393,3770.0,0.022395,1420.0
1753503358975,04:15:58.975,ACH/USDT:USDT,0.022392,1900.0,0.022388,1370.0,0.022393,3770.0,0.022395,1420.0
1753503359175,04:15:59.175,ACH/USDT:USDT,0.022392,1900.0,0.022388,1370.0,0.022393,3770.0,0.022395,1420.0
1753503359276,04:15:59.276,ACH/USDT:USDT,0.022392,1900.0,0.022388,1370.0,0.022393,3770.0,0.022395,1420.0
1753503359575,04:15:59.575,ACH/USDT:USDT,0.022392,1900.0,0.022388,1370.0,0.022393,3770.0,0.022395,1420.0
1753503360074,04:16:00.074,ACH/USDT:USDT,0.022392,1900.0,0.022388,1370.0,0.022393,3770.0,0.022395,1420.0
1753503360173,04:16:00.173,ACH/USDT:USDT,0.022392,1900.0,0.022388,1370.0,0.022393,3770.0,0.022395,1420.0
1753503360274,04:16:00.274,ACH/USDT:USDT,0.022392,1900.0,0.022388,1370.0,0.022393,3770.0,0.022395,1420.0
1753503360374,04:16:00.374,ACH/USDT:USDT,0.022392,1900.0,0.022388,1370.0,0.022393,3770.0,0.022395,1420.0
1753503360775,04:16:00.775,ACH/USDT:USDT,0.022392,1900.0,0.022388,1370.0,0.022393,3770.0,0.022395,1420.0
1753503361273,04:16:01.273,ACH/USDT:USDT,0.022392,1900.0,0.022388,1370.0,0.022393,3770.0,0.022395,1420.0
1753503361375,04:16:01.375,ACH/USDT:USDT,0.022386,1380.0,0.022385,1610.0,0.02239,6950.0,0.022391,1380.0
1753503361475,04:16:01.475,ACH/USDT:USDT,0.022386,1640.0,0.022385,1610.0,0.02239,6950.0,0.022391,1380.0
1753503361575,04:16:01.575,ACH/USDT:USDT,0.022386,2160.0,0.022385,1610.0,0.02239,6950.0,0.022391,1380.0
1753503361674,04:16:01.674,ACH/USDT:USDT,0.022386,2160.0,0.022385,1610.0,0.02239,6950.0,0.022391,1380.0
1753503361775,04:16:01.775,ACH/USDT:USDT,0.022386,2160.0,0.022385,1610.0,0.02239,6950.0,0.022391,1380.0
1753503361973,04:16:01.973,ACH/USDT:USDT,0.022386,2160.0,0.022385,1610.0,0.02239,6950.0,0.022391,1380.0
1753503362074,04:16:02.074,ACH/USDT:USDT,0.022386,2160.0,0.022385,1610.0,0.02239,6950.0,0.022391,1380.0
1753503362175,04:16:02.175,ACH/USDT:USDT,0.022386,4390.0,0.022385,1610.0,0.02239,7410.0,0.022391,1380.0
1753503362275,04:16:02.275,ACH/USDT:USDT,0.022386,4390.0,0.022385,250.0,0.022388,1680.0,0.02239,460.0
1753503362374,04:16:02.374,ACH/USDT:USDT,0.022386,4390.0,0.022385,250.0,0.022388,1680.0,0.02239,460.0
1753503362474,04:16:02.474,ACH/USDT:USDT,0.022386,4390.0,0.022385,250.0,0.022388,1680.0,0.02239,460.0
1753503362575,04:16:02.575,ACH/USDT:USDT,0.022387,1610.0,0.022386,4390.0,0.022388,1680.0,0.02239,460.0
1753503362675,04:16:02.675,ACH/USDT:USDT,0.022387,1610.0,0.022386,4390.0,0.022388,1680.0,0.02239,460.0
1753503362775,04:16:02.775,ACH/USDT:USDT,0.022387,1610.0,0.022386,4390.0,0.022388,1680.0,0.02239,460.0
1753503362973,04:16:02.973,ACH/USDT:USDT,0.022387,1610.0,0.022386,4390.0,0.022388,1680.0,0.02239,460.0
1753503363075,04:16:03.075,ACH/USDT:USDT,0.022387,1610.0,0.022386,4390.0,0.022388,1680.0,0.02239,460.0
1753503363174,04:16:03.174,ACH/USDT:USDT,0.022387,1610.0,0.022386,4390.0,0.022388,2140.0,0.022391,1380.0
1753503363474,04:16:03.474,ACH/USDT:USDT,0.022387,1610.0,0.022386,4390.0,0.022388,2140.0,0.022391,1380.0
1753503363975,04:16:03.975,ACH/USDT:USDT,0.022387,1610.0,0.022386,4390.0,0.022388,2140.0,0.022391,1380.0
1753503364075,04:16:04.075,ACH/USDT:USDT,0.022387,1610.0,0.022386,4390.0,0.022388,2140.0,0.022391,1380.0
1753503364677,04:16:04.677,ACH/USDT:USDT,0.022387,1610.0,0.022386,4390.0,0.022388,2140.0,0.022392,120340.0
1753503365176,04:16:05.176,ACH/USDT:USDT,0.022387,1610.0,0.022386,4390.0,0.022388,2140.0,0.022392,120340.0
1753503366175,04:16:06.175,ACH/USDT:USDT,0.022387,1610.0,0.022386,4390.0,0.022388,2140.0,0.022392,120340.0
1753503366873,04:16:06.873,ACH/USDT:USDT,0.022387,1610.0,0.022386,4390.0,0.022388,2140.0,0.022392,120340.0
1753503367375,04:16:07.375,ACH/USDT:USDT,0.022387,1610.0,0.022386,4390.0,0.022388,2140.0,0.022392,120340.0
1753503367474,04:16:07.474,ACH/USDT:USDT,0.022387,1610.0,0.022386,4390.0,0.022388,2140.0,0.022392,120340.0
1753503367574,04:16:07.574,ACH/USDT:USDT,0.022387,1610.0,0.022386,4390.0,0.022388,2140.0,0.022392,120340.0
1753503368275,04:16:08.275,ACH/USDT:USDT,0.022387,1610.0,0.022386,4390.0,0.022388,2140.0,0.022392,120340.0
1753503368476,04:16:08.476,ACH/USDT:USDT,0.022387,1610.0,0.022386,1380.0,0.022388,2140.0,0.022392,120370.0
1753503368976,04:16:08.976,ACH/USDT:USDT,0.022387,1610.0,0.022386,1380.0,0.022388,2140.0,0.022392,120370.0
1753503369680,04:16:09.680,ACH/USDT:USDT,0.022387,1610.0,0.022386,1380.0,0.022388,2140.0,0.022392,120370.0
1753503369775,04:16:09.775,ACH/USDT:USDT,0.022387,1610.0,0.022386,1380.0,0.022388,2140.0,0.022392,120370.0
1753503370674,04:16:10.674,ACH/USDT:USDT,0.022387,1610.0,0.022386,1380.0,0.022388,2140.0,0.022392,120370.0
1753503371576,04:16:11.576,ACH/USDT:USDT,0.022387,1610.0,0.022386,1380.0,0.022388,2140.0,0.022392,120370.0
1753503371679,04:16:11.679,ACH/USDT:USDT,0.022387,1610.0,0.022386,1380.0,0.022388,2140.0,0.022392,120370.0
1753503371975,04:16:11.975,ACH/USDT:USDT,0.022387,1610.0,0.022386,1380.0,0.022388,2140.0,0.022392,120370.0
1753503372174,04:16:12.174,ACH/USDT:USDT,0.022387,1610.0,0.022386,1380.0,0.022388,2140.0,0.022392,120370.0
1753503372274,04:16:12.274,ACH/USDT:USDT,0.022387,1610.0,0.022386,1380.0,0.022388,2140.0,0.022392,120370.0
1753503372576,04:16:12.576,ACH/USDT:USDT,0.022387,1610.0,0.022386,1380.0,0.022388,2140.0,0.02239,1380.0
1753503372676,04:16:12.676,ACH/USDT:USDT,0.022385,5060.0,0.022383,1360.0,0.022386,3310.0,0.022388,1840.0
1753503372775,04:16:12.775,ACH/USDT:USDT,0.022385,5060.0,0.022383,1360.0,0.022386,1680.0,0.022388,460.0
1753503372873,04:16:12.873,ACH/USDT:USDT,0.022385,5060.0,0.022383,1360.0,0.022386,1680.0,0.022388,460.0
1753503373076,04:16:13.076,ACH/USDT:USDT,0.022385,5060.0,0.022383,1360.0,0.022386,2140.0,0.02239,120340.0
1753503373176,04:16:13.176,ACH/USDT:USDT,0.022385,5060.0,0.022383,1360.0,0.022386,2140.0,0.02239,120340.0
1753503373375,04:16:13.375,ACH/USDT:USDT,0.022385,5060.0,0.022383,1360.0,0.022386,2140.0,0.02239,120340.0
1753503373474,04:16:13.474,ACH/USDT:USDT,0.022385,5060.0,0.022383,1360.0,0.022386,2140.0,0.02239,120340.0
1753503373677,04:16:13.677,ACH/USDT:USDT,0.022385,5060.0,0.022383,1360.0,0.022386,2140.0,0.02239,120340.0
1753503373774,04:16:13.774,ACH/USDT:USDT,0.022385,5060.0,0.022383,1360.0,0.022386,2140.0,0.02239,120340.0
1753503374275,04:16:14.275,ACH/USDT:USDT,0.022385,7560.0,0.022383,1360.0,0.022386,2140.0,0.02239,120340.0
1753503374775,04:16:14.775,ACH/USDT:USDT,0.022385,5240.0,0.022383,1360.0,0.022386,2140.0,0.02239,120340.0
1753503374873,04:16:14.873,ACH/USDT:USDT,0.022385,5240.0,0.022383,1360.0,0.022386,2140.0,0.02239,120340.0
1753503375074,04:16:15.074,ACH/USDT:USDT,0.022385,5580.0,0.022383,1360.0,0.022386,2140.0,0.02239,120340.0
1753503375176,04:16:15.176,ACH/USDT:USDT,0.022385,5900.0,0.022383,1360.0,0.022386,2140.0,0.02239,120340.0
1753503375275,04:16:15.275,ACH/USDT:USDT,0.022385,5900.0,0.022383,1360.0,0.022386,2140.0,0.02239,120340.0
1753503376676,04:16:16.676,ACH/USDT:USDT,0.022385,5900.0,0.022383,1360.0,0.022386,2140.0,0.02239,120340.0
1753503376774,04:16:16.774,ACH/USDT:USDT,0.022385,5900.0,0.022383,1360.0,0.022386,2140.0,0.02239,120340.0
1753503376876,04:16:16.876,ACH/USDT:USDT,0.022385,5900.0,0.022383,1360.0,0.022386,2140.0,0.02239,120340.0
1753503377075,04:16:17.075,ACH/USDT:USDT,0.022385,5900.0,0.022383,1360.0,0.022386,2140.0,0.02239,120340.0
1753503377174,04:16:17.174,ACH/USDT:USDT,0.022385,5900.0,0.022383,1360.0,0.022386,2140.0,0.02239,120340.0
1753503377574,04:16:17.574,ACH/USDT:USDT,0.022385,5900.0,0.022383,1360.0,0.022386,2140.0,0.02239,120340.0
1753503377680,04:16:17.680,ACH/USDT:USDT,0.022385,5900.0,0.022383,1360.0,0.022386,2140.0,0.02239,120340.0
1753503377775,04:16:17.775,ACH/USDT:USDT,0.022385,5900.0,0.022383,1360.0,0.022386,2140.0,0.02239,120340.0
1753503377874,04:16:17.874,ACH/USDT:USDT,0.022385,5900.0,0.022383,1360.0,0.022386,2140.0,0.02239,120340.0
1753503377973,04:16:17.973,ACH/USDT:USDT,0.022385,5900.0,0.022383,1360.0,0.022386,2140.0,0.02239,120340.0
1753503378074,04:16:18.074,ACH/USDT:USDT,0.022385,5900.0,0.022383,1360.0,0.022386,2140.0,0.02239,120340.0
1753503378176,04:16:18.176,ACH/USDT:USDT,0.022385,5900.0,0.022383,1360.0,0.022386,2140.0,0.02239,120340.0
1753503378274,04:16:18.274,ACH/USDT:USDT,0.022385,5900.0,0.022383,1360.0,0.022386,2140.0,0.02239,120340.0
1753503378675,04:16:18.675,ACH/USDT:USDT,0.022385,5900.0,0.022383,1360.0,0.022386,2140.0,0.02239,120340.0
1753503378876,04:16:18.876,ACH/USDT:USDT,0.022385,5900.0,0.022381,1370.0,0.022386,2140.0,0.022388,1380.0
1753503378975,04:16:18.975,ACH/USDT:USDT,0.022385,5900.0,0.022381,1370.0,0.022386,2140.0,0.022388,1380.0
1753503379076,04:16:19.076,ACH/USDT:USDT,0.022385,3400.0,0.022381,1370.0,0.022386,2140.0,0.022388,1380.0
1753503380176,04:16:20.176,ACH/USDT:USDT,0.022385,3400.0,0.022381,1370.0,0.022386,2140.0,0.022388,1380.0
1753503380674,04:16:20.674,ACH/USDT:USDT,0.022385,3400.0,0.022381,1370.0,0.022386,2140.0,0.022388,1380.0
1753503380876,04:16:20.876,ACH/USDT:USDT,0.022385,3400.0,0.022381,1370.0,0.022386,2140.0,0.022388,1380.0
1753503381275,04:16:21.275,ACH/USDT:USDT,0.022385,3400.0,0.022381,1370.0,0.022386,2140.0,0.022388,1380.0
1753503381676,04:16:21.676,ACH/USDT:USDT,0.022385,3400.0,0.022381,1370.0,0.022386,2140.0,0.022388,1380.0
1753503381875,04:16:21.875,ACH/USDT:USDT,0.022385,3400.0,0.022381,1370.0,0.022386,2140.0,0.022388,1380.0
1753503383273,04:16:23.273,ACH/USDT:USDT,0.022385,3400.0,0.022381,1370.0,0.022386,2140.0,0.022388,1380.0
1753503383974,04:16:23.974,ACH/USDT:USDT,0.022385,3400.0,0.022381,1370.0,0.022386,2140.0,0.02239,120340.0
1753503384476,04:16:24.476,ACH/USDT:USDT,0.022385,250.0,0.022381,1370.0,0.022386,2140.0,0.022388,1380.0
1753503384576,04:16:24.576,ACH/USDT:USDT,0.022385,5290.0,0.022381,1370.0,0.022386,2140.0,0.02239,120340.0
1753503384676,04:16:24.676,ACH/USDT:USDT,0.022385,7520.0,0.022381,1370.0,0.022386,2140.0,0.02239,120340.0
1753503384776,04:16:24.776,ACH/USDT:USDT,0.022385,7520.0,0.022381,1370.0,0.022386,2140.0,0.02239,120340.0
1753503384876,04:16:24.876,ACH/USDT:USDT,0.022385,2740.0,0.022381,1370.0,0.022386,3560.0,0.022388,1380.0
1753503384974,04:16:24.974,ACH/USDT:USDT,0.022385,1030.0,0.022381,1370.0,0.022386,3560.0,0.022388,1380.0
1753503385075,04:16:25.075,ACH/USDT:USDT,0.022385,1030.0,0.022381,1370.0,0.022386,3560.0,0.022388,1380.0
1753503385174,04:16:25.174,ACH/USDT:USDT,0.022385,1030.0,0.022381,1370.0,0.022386,3560.0,0.022388,1380.0
1753503385275,04:16:25.275,ACH/USDT:USDT,0.022385,3260.0,0.022381,1370.0,0.022386,2140.0,0.022388,1380.0
