timestamp,time,symbol,bid1_price,bid1_volume,bid2_price,bid2_volume,ask1_price,ask1_volume,ask2_price,ask2_volume
1753504005963,04:26:45.963,ALGO/USDT:USDT,0.2693,4318.5,0.2692,42934.7,0.2694,75792.6,0.2695,154728.5
1753504006563,04:26:46.563,ALGO/USDT:USDT,0.2693,18318.5,0.2692,42934.7,0.2694,75792.6,0.2695,154728.5
1753504006714,04:26:46.714,ALGO/USDT:USDT,0.2693,18318.5,0.2692,42934.7,0.2694,75792.6,0.2695,154728.5
1753504006864,04:26:46.864,ALGO/USDT:USDT,0.2693,18318.5,0.2692,42934.7,0.2694,75792.6,0.2695,154728.5
1753504007164,04:26:47.164,ALGO/USDT:USDT,0.2693,18318.5,0.2692,42934.7,0.2694,75792.6,0.2695,154728.5
1753504007314,04:26:47.314,ALGO/USDT:USDT,0.2693,18318.5,0.2692,42934.7,0.2694,75792.6,0.2695,154728.5
1753504007464,04:26:47.464,ALGO/USDT:USDT,0.2693,18318.5,0.2692,42934.7,0.2694,75792.6,0.2695,154728.5
1753504007614,04:26:47.614,ALGO/USDT:USDT,0.2693,18318.5,0.2692,42934.7,0.2694,75792.6,0.2695,154728.5
1753504007764,04:26:47.764,ALGO/USDT:USDT,0.2693,18318.5,0.2692,42934.7,0.2694,75792.6,0.2695,154728.5
1753504008215,04:26:48.215,ALGO/USDT:USDT,0.2693,18318.5,0.2692,42934.7,0.2694,75792.6,0.2695,154728.5
1753504008365,04:26:48.365,ALGO/USDT:USDT,0.2693,18318.5,0.2692,42934.7,0.2694,75792.6,0.2695,154728.5
1753504008515,04:26:48.515,ALGO/USDT:USDT,0.2692,42934.7,0.2691,26005.9,0.2694,72808.9,0.2695,154728.5
1753504008815,04:26:48.815,ALGO/USDT:USDT,0.2692,25608.9,0.2691,43333.9,0.2693,19534.5,0.2694,91377.5
1753504008965,04:26:48.965,ALGO/USDT:USDT,0.2692,25608.9,0.2691,43705.3,0.2693,19534.5,0.2694,91377.5
1753504009115,04:26:49.115,ALGO/USDT:USDT,0.2692,25608.9,0.2691,43705.3,0.2693,19534.5,0.2694,91377.5
1753504009265,04:26:49.265,ALGO/USDT:USDT,0.2692,25608.9,0.2691,43705.3,0.2693,19534.5,0.2694,91377.5
1753504009415,04:26:49.415,ALGO/USDT:USDT,0.2692,25608.9,0.2691,43705.3,0.2693,19534.5,0.2694,91377.5
1753504009565,04:26:49.565,ALGO/USDT:USDT,0.2692,25608.9,0.2691,43705.3,0.2693,19534.5,0.2694,91377.5
1753504009716,04:26:49.716,ALGO/USDT:USDT,0.2692,25608.9,0.2691,43705.3,0.2693,19534.5,0.2694,91377.5
1753504009866,04:26:49.866,ALGO/USDT:USDT,0.2692,25608.9,0.2691,43333.9,0.2693,19534.5,0.2694,91377.5
1753504010316,04:26:50.316,ALGO/USDT:USDT,0.2692,25608.9,0.2691,43333.9,0.2693,19534.5,0.2694,91377.5
1753504010466,04:26:50.466,ALGO/USDT:USDT,0.2692,25608.9,0.2691,43333.9,0.2693,19334.5,0.2694,91377.5
1753504010766,04:26:50.766,ALGO/USDT:USDT,0.2692,25608.9,0.2691,43333.9,0.2693,19334.5,0.2694,91377.5
1753504010916,04:26:50.916,ALGO/USDT:USDT,0.2692,25608.9,0.2691,43333.9,0.2693,19334.5,0.2694,91377.5
1753504011066,04:26:51.066,ALGO/USDT:USDT,0.2692,25608.9,0.2691,43333.9,0.2693,19334.5,0.2694,91377.5
1753504011367,04:26:51.367,ALGO/USDT:USDT,0.2692,25608.9,0.2691,43333.9,0.2693,19334.5,0.2694,91377.5
1753504011517,04:26:51.517,ALGO/USDT:USDT,0.2692,25608.9,0.2691,43333.9,0.2693,19334.5,0.2694,91377.5
1753504011667,04:26:51.667,ALGO/USDT:USDT,0.2692,25608.9,0.2691,43333.9,0.2693,19334.5,0.2694,91377.5
1753504012417,04:26:52.417,ALGO/USDT:USDT,0.2692,23702.3,0.2691,43705.3,0.2694,79198.1,0.2695,160513.4
1753504012567,04:26:52.567,ALGO/USDT:USDT,0.2692,23702.3,0.2691,43705.3,0.2694,79198.1,0.2695,160513.4
1753504012717,04:26:52.717,ALGO/USDT:USDT,0.2692,23702.3,0.2691,43705.3,0.2694,79198.1,0.2695,160513.4
1753504012868,04:26:52.868,ALGO/USDT:USDT,0.2692,23702.3,0.2691,43705.3,0.2694,79198.1,0.2695,160513.4
1753504013018,04:26:53.018,ALGO/USDT:USDT,0.2692,23702.3,0.2691,43705.3,0.2694,78419.9,0.2695,160513.4
1753504013168,04:26:53.168,ALGO/USDT:USDT,0.2692,23702.3,0.2691,43705.3,0.2694,78419.9,0.2695,160513.4
1753504013468,04:26:53.468,ALGO/USDT:USDT,0.2692,23702.3,0.2691,43333.9,0.2694,79198.1,0.2695,160513.4
1753504013618,04:26:53.618,ALGO/USDT:USDT,0.2692,23702.3,0.2691,43333.9,0.2694,79198.1,0.2695,160513.4
1753504013918,04:26:53.918,ALGO/USDT:USDT,0.2692,23702.3,0.2691,43333.9,0.2694,79198.1,0.2695,160884.7
1753504014068,04:26:54.068,ALGO/USDT:USDT,0.2692,23702.3,0.2691,43333.9,0.2694,79198.1,0.2695,160884.7
1753504014368,04:26:54.368,ALGO/USDT:USDT,0.2692,23702.3,0.2691,43333.9,0.2694,78419.9,0.2695,160884.7
1753504014669,04:26:54.669,ALGO/USDT:USDT,0.2692,23702.3,0.2691,43333.9,0.2694,78419.9,0.2695,160513.4
1753504014819,04:26:54.819,ALGO/USDT:USDT,0.2692,23702.3,0.2691,43333.9,0.2694,78419.9,0.2695,160513.4
1753504014969,04:26:54.969,ALGO/USDT:USDT,0.2692,23702.3,0.2691,43333.9,0.2694,78419.9,0.2695,160513.4
1753504015119,04:26:55.119,ALGO/USDT:USDT,0.2692,23702.3,0.2691,43333.9,0.2694,78419.9,0.2695,160513.4
1753504015269,04:26:55.269,ALGO/USDT:USDT,0.2692,23702.3,0.2691,43333.9,0.2694,78419.9,0.2695,160513.4
1753504015419,04:26:55.419,ALGO/USDT:USDT,0.2692,23702.3,0.2691,43333.9,0.2694,78419.9,0.2695,160513.4
1753504015719,04:26:55.719,ALGO/USDT:USDT,0.2692,23702.3,0.2691,43333.9,0.2694,78419.9,0.2695,160513.4
1753504016170,04:26:56.170,ALGO/USDT:USDT,0.2692,24480.5,0.2691,43333.9,0.2694,78419.9,0.2695,160513.4
1753504016320,04:26:56.320,ALGO/USDT:USDT,0.2692,24480.5,0.2691,43333.9,0.2694,78419.9,0.2695,160513.4
1753504016620,04:26:56.620,ALGO/USDT:USDT,0.2692,24480.5,0.2691,43333.9,0.2694,78419.9,0.2695,160513.4
1753504017070,04:26:57.070,ALGO/USDT:USDT,0.2692,23702.3,0.2691,43333.9,0.2694,78419.9,0.2695,160513.4
1753504017220,04:26:57.220,ALGO/USDT:USDT,0.2692,23702.3,0.2691,43333.9,0.2694,78419.9,0.2695,160513.4
1753504017370,04:26:57.370,ALGO/USDT:USDT,0.2692,23702.3,0.2691,43333.9,0.2694,78419.9,0.2695,160513.4
1753504017520,04:26:57.520,ALGO/USDT:USDT,0.2692,23702.3,0.2691,43333.9,0.2694,78419.9,0.2695,160513.4
1753504017971,04:26:57.971,ALGO/USDT:USDT,0.2693,28469.9,0.2692,26387.1,0.2694,74706.6,0.2695,160513.4
1753504018121,04:26:58.121,ALGO/USDT:USDT,0.2693,33948.2,0.2692,42947.7,0.2694,60706.6,0.2695,160513.4
1753504018271,04:26:58.271,ALGO/USDT:USDT,0.2693,33948.2,0.2692,42947.7,0.2694,60706.6,0.2695,160884.6
1753504018421,04:26:58.421,ALGO/USDT:USDT,0.2693,33948.2,0.2692,42947.7,0.2694,60706.6,0.2695,160884.6
1753504018571,04:26:58.571,ALGO/USDT:USDT,0.2693,33948.2,0.2692,42947.7,0.2694,60706.6,0.2695,160884.6
1753504018871,04:26:58.871,ALGO/USDT:USDT,0.2693,33948.2,0.2692,42947.7,0.2694,60706.6,0.2695,160884.6
