timestamp,time,symbol,bid1_price,bid1_volume,bid2_price,bid2_volume,ask1_price,ask1_volume,ask2_price,ask2_volume
1753503305074,04:15:05.074,ACH/USDT:USDT,0.022397,1610.0,0.022396,1590.0,0.022398,310.0,0.022402,18880.0
1753503305176,04:15:05.176,ACH/USDT:USDT,0.022397,1610.0,0.022396,1590.0,0.022398,310.0,0.022402,18880.0
1753503306675,04:15:06.675,ACH/USDT:USDT,0.022397,1610.0,0.022396,1590.0,0.022398,310.0,0.022402,18880.0
1753503307375,04:15:07.375,ACH/USDT:USDT,0.022397,1610.0,0.022396,1590.0,0.022398,620.0,0.022402,18880.0
1753503307475,04:15:07.475,ACH/USDT:USDT,0.022397,1610.0,0.022396,1590.0,0.022398,620.0,0.022402,18880.0
1753503308676,04:15:08.676,ACH/USDT:USDT,0.022397,1610.0,0.022396,1590.0,0.022398,720.0,0.022402,18880.0
1753503309875,04:15:09.875,ACH/USDT:USDT,0.022397,1610.0,0.022396,1590.0,0.022398,720.0,0.022402,18880.0
1753503309975,04:15:09.975,ACH/USDT:USDT,0.022397,1610.0,0.022396,1590.0,0.022398,720.0,0.022402,19490.0
1753503311474,04:15:11.474,ACH/USDT:USDT,0.022396,1590.0,0.022394,2530.0,0.022397,1630.0,0.022398,720.0
1753503311576,04:15:11.576,ACH/USDT:USDT,0.022396,230.0,0.022394,2530.0,0.022397,1630.0,0.022398,720.0
1753503312075,04:15:12.075,ACH/USDT:USDT,0.022396,7780.0,0.022394,2530.0,0.022397,1630.0,0.022398,720.0
1753503312175,04:15:12.175,ACH/USDT:USDT,0.022396,7780.0,0.022394,2530.0,0.022397,1630.0,0.022398,720.0
1753503312575,04:15:12.575,ACH/USDT:USDT,0.022396,7780.0,0.022394,2530.0,0.022397,1630.0,0.022398,720.0
1753503312674,04:15:12.674,ACH/USDT:USDT,0.022396,7780.0,0.022394,2530.0,0.022397,1630.0,0.022398,720.0
1753503313075,04:15:13.075,ACH/USDT:USDT,0.022396,7780.0,0.022394,2530.0,0.022397,1630.0,0.022398,720.0
1753503313175,04:15:13.175,ACH/USDT:USDT,0.022396,7780.0,0.022394,2530.0,0.022397,1630.0,0.022398,720.0
1753503313474,04:15:13.474,ACH/USDT:USDT,0.022396,7780.0,0.022394,2530.0,0.022397,1630.0,0.022398,720.0
1753503313575,04:15:13.575,ACH/USDT:USDT,0.022396,7780.0,0.022394,2530.0,0.022397,1630.0,0.022398,720.0
1753503313677,04:15:13.677,ACH/USDT:USDT,0.022396,7780.0,0.022394,2530.0,0.022397,1630.0,0.022398,720.0
1753503313775,04:15:13.775,ACH/USDT:USDT,0.022396,7780.0,0.022394,2530.0,0.022397,1630.0,0.022398,720.0
1753503313873,04:15:13.873,ACH/USDT:USDT,0.022396,7780.0,0.022394,2530.0,0.022397,1630.0,0.022398,720.0
1753503314274,04:15:14.274,ACH/USDT:USDT,0.022396,7780.0,0.022394,2530.0,0.022397,1630.0,0.022398,720.0
1753503314677,04:15:14.677,ACH/USDT:USDT,0.022396,7780.0,0.022394,2530.0,0.022397,1630.0,0.022398,720.0
1753503315474,04:15:15.474,ACH/USDT:USDT,0.022396,7780.0,0.022394,2530.0,0.022397,1630.0,0.022398,720.0
1753503315573,04:15:15.573,ACH/USDT:USDT,0.022396,7780.0,0.022394,2530.0,0.022397,1630.0,0.022398,720.0
1753503315676,04:15:15.676,ACH/USDT:USDT,0.022396,7780.0,0.022394,2530.0,0.022397,1630.0,0.022398,720.0
1753503315874,04:15:15.874,ACH/USDT:USDT,0.022396,7780.0,0.022394,2530.0,0.022397,1630.0,0.022398,720.0
1753503315973,04:15:15.973,ACH/USDT:USDT,0.022396,7780.0,0.022394,2530.0,0.022397,1630.0,0.022398,720.0
1753503316075,04:15:16.075,ACH/USDT:USDT,0.022396,7780.0,0.022394,2530.0,0.022397,1630.0,0.022398,720.0
1753503316374,04:15:16.374,ACH/USDT:USDT,0.022396,7780.0,0.022394,2530.0,0.022397,1630.0,0.022398,720.0
1753503316474,04:15:16.474,ACH/USDT:USDT,0.022396,7780.0,0.022394,2530.0,0.022397,1630.0,0.022398,720.0
1753503317075,04:15:17.075,ACH/USDT:USDT,0.022397,1610.0,0.022396,230.0,0.022398,720.0,0.022402,18880.0
1753503317176,04:15:17.176,ACH/USDT:USDT,0.022397,1610.0,0.022396,230.0,0.022398,720.0,0.022401,1370.0
1753503317275,04:15:17.275,ACH/USDT:USDT,0.022397,1610.0,0.022396,230.0,0.022398,720.0,0.022401,1370.0
1753503317475,04:15:17.475,ACH/USDT:USDT,0.022397,1610.0,0.022396,230.0,0.022398,720.0,0.022401,1370.0
1753503318076,04:15:18.076,ACH/USDT:USDT,0.022397,1610.0,0.022396,230.0,0.022398,720.0,0.022401,1370.0
1753503319075,04:15:19.075,ACH/USDT:USDT,0.022397,1610.0,0.022396,230.0,0.022398,2400.0,0.022401,1370.0
1753503319475,04:15:19.475,ACH/USDT:USDT,0.022397,1610.0,0.022396,230.0,0.022398,2400.0,0.022401,1370.0
1753503319575,04:15:19.575,ACH/USDT:USDT,0.022397,1610.0,0.022396,230.0,0.022398,2400.0,0.022401,1370.0
1753503319674,04:15:19.674,ACH/USDT:USDT,0.022397,1610.0,0.022396,230.0,0.022398,2400.0,0.022401,1370.0
1753503320675,04:15:20.675,ACH/USDT:USDT,0.022397,1610.0,0.022396,230.0,0.022398,2400.0,0.022401,1370.0
1753503320774,04:15:20.774,ACH/USDT:USDT,0.022397,3030.0,0.022396,230.0,0.022398,2400.0,0.022402,18880.0
1753503320874,04:15:20.874,ACH/USDT:USDT,0.022397,3730.0,0.022396,230.0,0.022398,2400.0,0.022402,18880.0
1753503320973,04:15:20.973,ACH/USDT:USDT,0.022397,3730.0,0.022396,230.0,0.022398,2400.0,0.022402,18880.0
1753503321074,04:15:21.074,ACH/USDT:USDT,0.022397,3730.0,0.022396,230.0,0.022398,2400.0,0.022402,18880.0
1753503321176,04:15:21.176,ACH/USDT:USDT,0.022397,7350.0,0.022396,230.0,0.022398,2400.0,0.022402,18880.0
1753503321274,04:15:21.274,ACH/USDT:USDT,0.022397,10970.0,0.022396,230.0,0.022398,2400.0,0.022402,18880.0
1753503321374,04:15:21.374,ACH/USDT:USDT,0.022397,10970.0,0.022396,230.0,0.022398,2400.0,0.022402,18880.0
1753503321474,04:15:21.474,ACH/USDT:USDT,0.022397,10970.0,0.022396,230.0,0.022398,2400.0,0.022402,18880.0
1753503321575,04:15:21.575,ACH/USDT:USDT,0.022397,10970.0,0.022396,230.0,0.022398,2400.0,0.022402,18880.0
1753503321681,04:15:21.681,ACH/USDT:USDT,0.022397,2620.0,0.022396,230.0,0.022398,2400.0,0.022401,2350.0
1753503321975,04:15:21.975,ACH/USDT:USDT,0.022397,2620.0,0.022396,230.0,0.022398,2400.0,0.022401,2350.0
1753503322075,04:15:22.075,ACH/USDT:USDT,0.022397,2620.0,0.022396,230.0,0.022398,2400.0,0.022401,2350.0
1753503322273,04:15:22.273,ACH/USDT:USDT,0.022397,4850.0,0.022396,230.0,0.022398,2400.0,0.022401,1550.0
1753503322375,04:15:22.375,ACH/USDT:USDT,0.022397,2620.0,0.022396,230.0,0.022398,2400.0,0.022401,1550.0
1753503322476,04:15:22.476,ACH/USDT:USDT,0.022397,2620.0,0.022396,230.0,0.022398,2400.0,0.022401,1550.0
1753503322575,04:15:22.575,ACH/USDT:USDT,0.022397,2620.0,0.022396,230.0,0.022398,2400.0,0.022401,1550.0
1753503322774,04:15:22.774,ACH/USDT:USDT,0.022397,2620.0,0.022396,230.0,0.022398,2400.0,0.022401,1550.0
1753503322975,04:15:22.975,ACH/USDT:USDT,0.022397,2620.0,0.022396,230.0,0.022398,2400.0,0.022401,1550.0
1753503323075,04:15:23.075,ACH/USDT:USDT,0.022397,2620.0,0.022396,230.0,0.022398,2400.0,0.022401,1550.0
1753503323476,04:15:23.476,ACH/USDT:USDT,0.022397,2620.0,0.022396,230.0,0.022398,2400.0,0.022401,2610.0
1753503324175,04:15:24.175,ACH/USDT:USDT,0.022397,2620.0,0.022396,230.0,0.022398,2400.0,0.022401,2610.0
1753503324275,04:15:24.275,ACH/USDT:USDT,0.022397,1870.0,0.022396,230.0,0.022398,2400.0,0.022401,2610.0
1753503324575,04:15:24.575,ACH/USDT:USDT,0.022397,1870.0,0.022396,230.0,0.022398,2400.0,0.022401,2610.0
1753503324676,04:15:24.676,ACH/USDT:USDT,0.022397,1870.0,0.022396,230.0,0.022398,2400.0,0.022402,18880.0
1753503324775,04:15:24.775,ACH/USDT:USDT,0.022397,1870.0,0.022396,230.0,0.022398,2400.0,0.022401,2630.0
1753503324874,04:15:24.874,ACH/USDT:USDT,0.022397,7220.0,0.022396,230.0,0.022398,2400.0,0.022402,18880.0
1753503324974,04:15:24.974,ACH/USDT:USDT,0.022397,7220.0,0.022396,230.0,0.022398,2400.0,0.022402,18880.0
1753503325073,04:15:25.073,ACH/USDT:USDT,0.022397,7220.0,0.022396,230.0,0.022398,2400.0,0.022402,18880.0
1753503325174,04:15:25.174,ACH/USDT:USDT,0.022397,7220.0,0.022396,230.0,0.022398,2400.0,0.022401,1480.0
1753503325374,04:15:25.374,ACH/USDT:USDT,0.022397,7220.0,0.022396,230.0,0.022398,2400.0,0.022402,18880.0
1753503325475,04:15:25.475,ACH/USDT:USDT,0.022397,7220.0,0.022396,230.0,0.022398,2400.0,0.022402,18880.0
1753503325574,04:15:25.574,ACH/USDT:USDT,0.022397,7220.0,0.022396,230.0,0.022398,2400.0,0.022401,1480.0
1753503325680,04:15:25.680,ACH/USDT:USDT,0.022397,7220.0,0.022396,230.0,0.022398,2400.0,0.022402,18880.0
1753503325975,04:15:25.975,ACH/USDT:USDT,0.022397,7220.0,0.022396,230.0,0.022398,2400.0,0.022402,18880.0
1753503328374,04:15:28.374,ACH/USDT:USDT,0.022397,7220.0,0.022396,230.0,0.022398,2400.0,0.022402,18880.0
1753503328475,04:15:28.475,ACH/USDT:USDT,0.022397,7220.0,0.022396,230.0,0.022398,2400.0,0.022401,1480.0
1753503328575,04:15:28.575,ACH/USDT:USDT,0.022397,7220.0,0.022396,230.0,0.022398,2400.0,0.022402,18880.0
1753503329075,04:15:29.075,ACH/USDT:USDT,0.022397,7220.0,0.022396,230.0,0.022398,2400.0,0.022402,18880.0
1753503330075,04:15:30.075,ACH/USDT:USDT,0.022397,17210.0,0.022396,230.0,0.022398,2400.0,0.022402,18880.0
1753503330175,04:15:30.175,ACH/USDT:USDT,0.022397,3010.0,0.022396,230.0,0.022398,2400.0,0.022401,1480.0
1753503330276,04:15:30.276,ACH/USDT:USDT,0.022397,5940.0,0.022396,230.0,0.022398,2400.0,0.022401,1480.0
1753503330375,04:15:30.375,ACH/USDT:USDT,0.022397,5940.0,0.022396,230.0,0.022398,2400.0,0.022402,18880.0
1753503330773,04:15:30.773,ACH/USDT:USDT,0.022397,5940.0,0.022396,230.0,0.022398,2400.0,0.022402,18880.0
1753503330975,04:15:30.975,ACH/USDT:USDT,0.022397,5940.0,0.022396,230.0,0.022398,2400.0,0.022402,18880.0
1753503331075,04:15:31.075,ACH/USDT:USDT,0.022397,5940.0,0.022396,230.0,0.022398,2400.0,0.022401,1480.0
1753503331173,04:15:31.173,ACH/USDT:USDT,0.022397,5940.0,0.022396,230.0,0.022398,2400.0,0.022402,18880.0
1753503331275,04:15:31.275,ACH/USDT:USDT,0.022397,5940.0,0.022396,230.0,0.022398,2400.0,0.022402,18880.0
1753503331874,04:15:31.874,ACH/USDT:USDT,0.022397,5940.0,0.022396,230.0,0.022398,2400.0,0.022402,18880.0
1753503332073,04:15:32.073,ACH/USDT:USDT,0.022397,5940.0,0.022396,230.0,0.022398,2400.0,0.022401,1480.0
1753503332375,04:15:32.375,ACH/USDT:USDT,0.022397,5940.0,0.022396,230.0,0.022398,2400.0,0.022402,18880.0
1753503333574,04:15:33.574,ACH/USDT:USDT,0.022397,5940.0,0.022396,230.0,0.022398,2400.0,0.022401,1480.0
1753503333875,04:15:33.875,ACH/USDT:USDT,0.022397,5940.0,0.022396,230.0,0.022398,2400.0,0.022401,1480.0
1753503333975,04:15:33.975,ACH/USDT:USDT,0.022397,5940.0,0.022396,230.0,0.022398,2400.0,0.022401,1480.0
1753503334075,04:15:34.075,ACH/USDT:USDT,0.022397,5940.0,0.022396,230.0,0.022398,2400.0,0.022401,1480.0
1753503334274,04:15:34.274,ACH/USDT:USDT,0.022397,5940.0,0.022396,230.0,0.022398,2400.0,0.022402,18880.0
1753503335075,04:15:35.075,ACH/USDT:USDT,0.022397,5940.0,0.022396,230.0,0.022398,2400.0,0.022403,60170.0
1753503335273,04:15:35.273,ACH/USDT:USDT,0.022397,4100.0,0.022396,230.0,0.022398,2400.0,0.022402,22420.0
1753503335678,04:15:35.678,ACH/USDT:USDT,0.022397,4360.0,0.022396,230.0,0.022398,2400.0,0.022402,22420.0
1753503336173,04:15:36.173,ACH/USDT:USDT,0.022397,5000.0,0.022396,230.0,0.022398,2400.0,0.022402,22420.0
1753503336775,04:15:36.775,ACH/USDT:USDT,0.022397,5000.0,0.022396,230.0,0.022398,2400.0,0.022402,18050.0
1753503337475,04:15:37.475,ACH/USDT:USDT,0.022397,5000.0,0.022396,230.0,0.022398,2400.0,0.022402,18050.0
1753503338677,04:15:38.677,ACH/USDT:USDT,0.022397,5000.0,0.022396,230.0,0.022398,2400.0,0.022402,18050.0
1753503338774,04:15:38.774,ACH/USDT:USDT,0.022397,5000.0,0.022396,230.0,0.022398,2400.0,0.022402,18050.0
1753503340589,04:15:40.589,ACH/USDT:USDT,0.022397,5000.0,0.022396,230.0,0.022398,2400.0,0.022402,18050.0
1753503341374,04:15:41.374,ACH/USDT:USDT,0.022397,10170.0,0.022396,230.0,0.022398,2400.0,0.022402,18050.0
1753503341473,04:15:41.473,ACH/USDT:USDT,0.022397,14170.0,0.022396,230.0,0.022398,2400.0,0.022402,18050.0
1753503341575,04:15:41.575,ACH/USDT:USDT,0.022397,14170.0,0.022396,230.0,0.022398,2400.0,0.022402,18050.0
1753503341677,04:15:41.677,ACH/USDT:USDT,0.022397,14170.0,0.022396,230.0,0.022398,2400.0,0.022404,2220.0
1753503341773,04:15:41.773,ACH/USDT:USDT,0.022397,14170.0,0.022396,230.0,0.022398,2400.0,0.022401,36100.0
1753503341976,04:15:41.976,ACH/USDT:USDT,0.022397,14170.0,0.022396,230.0,0.022398,2400.0,0.022401,36100.0
1753503342073,04:15:42.073,ACH/USDT:USDT,0.022397,14590.0,0.022396,230.0,0.022398,2400.0,0.022401,28600.0
1753503342175,04:15:42.175,ACH/USDT:USDT,0.022397,10310.0,0.022396,230.0,0.022398,2400.0,0.022402,120340.0
1753503342275,04:15:42.275,ACH/USDT:USDT,0.022397,11460.0,0.022396,230.0,0.022398,2400.0,0.022402,120340.0
1753503342375,04:15:42.375,ACH/USDT:USDT,0.022397,11460.0,0.022396,230.0,0.022398,2400.0,0.022402,120340.0
1753503342474,04:15:42.474,ACH/USDT:USDT,0.022397,11460.0,0.022396,230.0,0.022398,2400.0,0.022402,120340.0
1753503343474,04:15:43.474,ACH/USDT:USDT,0.022397,11460.0,0.022396,230.0,0.022398,2400.0,0.022401,26900.0
1753503343573,04:15:43.573,ACH/USDT:USDT,0.022397,11460.0,0.022396,230.0,0.022398,2400.0,0.022402,120340.0
1753503343773,04:15:43.773,ACH/USDT:USDT,0.022397,11460.0,0.022396,230.0,0.022398,2400.0,0.022401,29810.0
1753503343873,04:15:43.873,ACH/USDT:USDT,0.022397,11460.0,0.022396,230.0,0.022398,2400.0,0.022401,29810.0
1753503344075,04:15:44.075,ACH/USDT:USDT,0.022397,11460.0,0.022396,230.0,0.022398,2400.0,0.022401,29810.0
1753503344476,04:15:44.476,ACH/USDT:USDT,0.022397,11460.0,0.022396,230.0,0.022398,2400.0,0.022401,29810.0
1753503344574,04:15:44.574,ACH/USDT:USDT,0.022397,11820.0,0.022396,230.0,0.022398,2400.0,0.022402,120340.0
1753503345475,04:15:45.475,ACH/USDT:USDT,0.022397,9140.0,0.022396,230.0,0.022398,2400.0,0.022401,26950.0
1753503345575,04:15:45.575,ACH/USDT:USDT,0.022397,9740.0,0.022396,230.0,0.022398,2400.0,0.022401,26950.0
1753503345975,04:15:45.975,ACH/USDT:USDT,0.022397,9740.0,0.022396,230.0,0.022398,2400.0,0.022401,26950.0
1753503346177,04:15:46.177,ACH/USDT:USDT,0.022397,8170.0,0.022396,230.0,0.022398,2400.0,0.022401,26950.0
1753503346275,04:15:46.275,ACH/USDT:USDT,0.022397,8170.0,0.022396,230.0,0.022398,2400.0,0.022402,120340.0
1753503346475,04:15:46.475,ACH/USDT:USDT,0.022397,8170.0,0.022396,230.0,0.022398,2400.0,0.022402,120340.0
1753503346875,04:15:46.875,ACH/USDT:USDT,0.022397,8170.0,0.022396,230.0,0.022398,2400.0,0.022402,120340.0
1753503347574,04:15:47.574,ACH/USDT:USDT,0.022397,8170.0,0.022396,230.0,0.022398,2400.0,0.022402,120340.0
1753503347874,04:15:47.874,ACH/USDT:USDT,0.022397,6750.0,0.022396,230.0,0.022398,2400.0,0.0224,1370.0
1753503347976,04:15:47.976,ACH/USDT:USDT,0.022397,2230.0,0.022396,230.0,0.022398,2400.0,0.0224,1370.0
1753503348075,04:15:48.075,ACH/USDT:USDT,0.022397,1970.0,0.022396,230.0,0.022398,2400.0,0.0224,1370.0
1753503348174,04:15:48.174,ACH/USDT:USDT,0.022397,1970.0,0.022396,230.0,0.022398,2400.0,0.0224,1370.0
1753503348274,04:15:48.274,ACH/USDT:USDT,0.022397,1970.0,0.022396,230.0,0.022398,2400.0,0.0224,1370.0
1753503348375,04:15:48.375,ACH/USDT:USDT,0.022397,1970.0,0.022396,230.0,0.022398,2400.0,0.0224,1370.0
1753503348675,04:15:48.675,ACH/USDT:USDT,0.022397,1970.0,0.022396,230.0,0.022398,2400.0,0.0224,1370.0
1753503348775,04:15:48.775,ACH/USDT:USDT,0.022397,1970.0,0.022396,230.0,0.022398,2400.0,0.0224,1370.0
1753503348975,04:15:48.975,ACH/USDT:USDT,0.022397,1970.0,0.022396,230.0,0.022398,2400.0,0.022401,27430.0
1753503349074,04:15:49.074,ACH/USDT:USDT,0.022397,3370.0,0.022396,230.0,0.022398,2400.0,0.022401,27430.0
1753503349175,04:15:49.175,ACH/USDT:USDT,0.022397,6300.0,0.022396,230.0,0.022398,2400.0,0.022401,27430.0
1753503349275,04:15:49.275,ACH/USDT:USDT,0.022397,6300.0,0.022396,230.0,0.022398,2400.0,0.022401,27430.0
1753503349573,04:15:49.573,ACH/USDT:USDT,0.022397,6300.0,0.022396,230.0,0.022398,2400.0,0.022401,27430.0
1753503349976,04:15:49.976,ACH/USDT:USDT,0.022397,6300.0,0.022396,230.0,0.022398,2400.0,0.022401,27430.0
1753503350075,04:15:50.075,ACH/USDT:USDT,0.022397,2230.0,0.022396,230.0,0.022398,2400.0,0.022401,27430.0
1753503350175,04:15:50.175,ACH/USDT:USDT,0.022397,1970.0,0.022396,230.0,0.022398,2400.0,0.022401,27430.0
1753503350275,04:15:50.275,ACH/USDT:USDT,0.022397,1970.0,0.022396,230.0,0.022398,2400.0,0.022401,27430.0
1753503350373,04:15:50.373,ACH/USDT:USDT,0.022397,1970.0,0.022396,230.0,0.022398,2400.0,0.022401,27430.0
1753503350473,04:15:50.473,ACH/USDT:USDT,0.022397,1970.0,0.022396,230.0,0.022398,2400.0,0.022401,27430.0
1753503350575,04:15:50.575,ACH/USDT:USDT,0.022397,1970.0,0.022396,230.0,0.022398,2400.0,0.022401,27430.0
1753503350675,04:15:50.675,ACH/USDT:USDT,0.022397,3620.0,0.022396,230.0,0.022398,2400.0,0.022401,27430.0
1753503351175,04:15:51.175,ACH/USDT:USDT,0.022397,1970.0,0.022396,230.0,0.022398,2400.0,0.022401,27430.0
1753503351473,04:15:51.473,ACH/USDT:USDT,0.022397,4130.0,0.022396,230.0,0.022398,2400.0,0.022401,27430.0
1753503351576,04:15:51.576,ACH/USDT:USDT,0.022397,1970.0,0.022396,230.0,0.022398,2400.0,0.022401,27430.0
1753503351975,04:15:51.975,ACH/USDT:USDT,0.022397,1970.0,0.022396,230.0,0.022398,2400.0,0.022401,27430.0
1753503352075,04:15:52.075,ACH/USDT:USDT,0.022397,1970.0,0.022396,230.0,0.022398,2400.0,0.022401,27430.0
1753503352574,04:15:52.574,ACH/USDT:USDT,0.022397,1970.0,0.022396,230.0,0.022398,2400.0,0.022401,27430.0
1753503352674,04:15:52.674,ACH/USDT:USDT,0.022397,2750.0,0.022396,230.0,0.022398,2400.0,0.022401,27430.0
1753503352775,04:15:52.775,ACH/USDT:USDT,0.022397,1970.0,0.022396,230.0,0.022398,3760.0,0.022401,27430.0
1753503352873,04:15:52.873,ACH/USDT:USDT,0.022397,1970.0,0.022396,230.0,0.022398,2400.0,0.022401,27430.0
1753503353075,04:15:53.075,ACH/USDT:USDT,0.022397,1970.0,0.022396,230.0,0.022398,2400.0,0.022401,27430.0
1753503353175,04:15:53.175,ACH/USDT:USDT,0.022397,1970.0,0.022396,230.0,0.022398,2400.0,0.022401,27430.0
1753503353278,04:15:53.278,ACH/USDT:USDT,0.022397,1970.0,0.022396,230.0,0.022398,2400.0,0.022401,27430.0
1753503353373,04:15:53.373,ACH/USDT:USDT,0.022397,1970.0,0.022396,230.0,0.022398,2400.0,0.022401,27430.0
1753503354273,04:15:54.273,ACH/USDT:USDT,0.022397,1970.0,0.022396,230.0,0.022398,2400.0,0.022401,27430.0
1753503354376,04:15:54.376,ACH/USDT:USDT,0.022397,1970.0,0.022396,230.0,0.022398,2400.0,0.022401,27430.0
1753503354676,04:15:54.676,ACH/USDT:USDT,0.022397,1970.0,0.022396,230.0,0.022398,2400.0,0.022401,27430.0
1753503355775,04:15:55.775,ACH/USDT:USDT,0.022397,1970.0,0.022396,230.0,0.022398,2400.0,0.022401,27430.0
1753503355874,04:15:55.874,ACH/USDT:USDT,0.022397,1970.0,0.022396,230.0,0.022398,3820.0,0.022401,27430.0
1753503355975,04:15:55.975,ACH/USDT:USDT,0.022397,1970.0,0.022396,230.0,0.022398,3820.0,0.022401,27430.0
1753503356075,04:15:56.075,ACH/USDT:USDT,0.022397,1970.0,0.022396,230.0,0.022398,4280.0,0.022401,27430.0
1753503356177,04:15:56.177,ACH/USDT:USDT,0.022397,1970.0,0.022396,230.0,0.022398,4280.0,0.022401,27430.0
1753503356374,04:15:56.374,ACH/USDT:USDT,0.022396,230.0,0.022394,1170.0,0.022397,4680.0,0.022398,4280.0
1753503356475,04:15:56.475,ACH/USDT:USDT,0.022396,230.0,0.022394,1170.0,0.022397,6360.0,0.022398,2600.0
1753503356575,04:15:56.575,ACH/USDT:USDT,0.022396,230.0,0.022394,1170.0,0.022397,6360.0,0.022398,2600.0
1753503356776,04:15:56.776,ACH/USDT:USDT,0.022396,230.0,0.022394,1170.0,0.022397,6360.0,0.022398,2600.0
1753503356974,04:15:56.974,ACH/USDT:USDT,0.022396,230.0,0.022394,1170.0,0.022397,6360.0,0.022398,2600.0
1753503357074,04:15:57.074,ACH/USDT:USDT,0.022394,1170.0,0.022392,3270.0,0.022395,1680.0,0.022397,1880.0
1753503357177,04:15:57.177,ACH/USDT:USDT,0.022394,1170.0,0.022392,3270.0,0.022395,1680.0,0.022397,1880.0
1753503357274,04:15:57.274,ACH/USDT:USDT,0.022394,1170.0,0.022392,3270.0,0.022395,1680.0,0.022397,1880.0
1753503357474,04:15:57.474,ACH/USDT:USDT,0.022394,2750.0,0.022392,3270.0,0.022395,1680.0,0.022397,1880.0
1753503357875,04:15:57.875,ACH/USDT:USDT,0.022394,2750.0,0.022392,3270.0,0.022395,1680.0,0.022397,1880.0
1753503358074,04:15:58.074,ACH/USDT:USDT,0.022392,1900.0,0.022388,1370.0,0.022393,4730.0,0.022395,1420.0
1753503358174,04:15:58.174,ACH/USDT:USDT,0.022392,1900.0,0.022388,1370.0,0.022393,3770.0,0.022395,1420.0
1753503358275,04:15:58.275,ACH/USDT:USDT,0.022392,1900.0,0.022388,1370.0,0.022393,3770.0,0.022395,1420.0
1753503358375,04:15:58.375,ACH/USDT:USDT,0.022392,1900.0,0.022388,1370.0,0.022393,3770.0,0.022395,1420.0
1753503358975,04:15:58.975,ACH/USDT:USDT,0.022392,1900.0,0.022388,1370.0,0.022393,3770.0,0.022395,1420.0
1753503359175,04:15:59.175,ACH/USDT:USDT,0.022392,1900.0,0.022388,1370.0,0.022393,3770.0,0.022395,1420.0
1753503359276,04:15:59.276,ACH/USDT:USDT,0.022392,1900.0,0.022388,1370.0,0.022393,3770.0,0.022395,1420.0
1753503359575,04:15:59.575,ACH/USDT:USDT,0.022392,1900.0,0.022388,1370.0,0.022393,3770.0,0.022395,1420.0
1753503360074,04:16:00.074,ACH/USDT:USDT,0.022392,1900.0,0.022388,1370.0,0.022393,3770.0,0.022395,1420.0
1753503360173,04:16:00.173,ACH/USDT:USDT,0.022392,1900.0,0.022388,1370.0,0.022393,3770.0,0.022395,1420.0
1753503360274,04:16:00.274,ACH/USDT:USDT,0.022392,1900.0,0.022388,1370.0,0.022393,3770.0,0.022395,1420.0
1753503360374,04:16:00.374,ACH/USDT:USDT,0.022392,1900.0,0.022388,1370.0,0.022393,3770.0,0.022395,1420.0
1753503360775,04:16:00.775,ACH/USDT:USDT,0.022392,1900.0,0.022388,1370.0,0.022393,3770.0,0.022395,1420.0
1753503361273,04:16:01.273,ACH/USDT:USDT,0.022392,1900.0,0.022388,1370.0,0.022393,3770.0,0.022395,1420.0
1753503361375,04:16:01.375,ACH/USDT:USDT,0.022386,1380.0,0.022385,1610.0,0.02239,6950.0,0.022391,1380.0
1753503361475,04:16:01.475,ACH/USDT:USDT,0.022386,1640.0,0.022385,1610.0,0.02239,6950.0,0.022391,1380.0
1753503361575,04:16:01.575,ACH/USDT:USDT,0.022386,2160.0,0.022385,1610.0,0.02239,6950.0,0.022391,1380.0
1753503361674,04:16:01.674,ACH/USDT:USDT,0.022386,2160.0,0.022385,1610.0,0.02239,6950.0,0.022391,1380.0
1753503361775,04:16:01.775,ACH/USDT:USDT,0.022386,2160.0,0.022385,1610.0,0.02239,6950.0,0.022391,1380.0
1753503361973,04:16:01.973,ACH/USDT:USDT,0.022386,2160.0,0.022385,1610.0,0.02239,6950.0,0.022391,1380.0
1753503362074,04:16:02.074,ACH/USDT:USDT,0.022386,2160.0,0.022385,1610.0,0.02239,6950.0,0.022391,1380.0
1753503362175,04:16:02.175,ACH/USDT:USDT,0.022386,4390.0,0.022385,1610.0,0.02239,7410.0,0.022391,1380.0
1753503362275,04:16:02.275,ACH/USDT:USDT,0.022386,4390.0,0.022385,250.0,0.022388,1680.0,0.02239,460.0
1753503362374,04:16:02.374,ACH/USDT:USDT,0.022386,4390.0,0.022385,250.0,0.022388,1680.0,0.02239,460.0
1753503362474,04:16:02.474,ACH/USDT:USDT,0.022386,4390.0,0.022385,250.0,0.022388,1680.0,0.02239,460.0
1753503362575,04:16:02.575,ACH/USDT:USDT,0.022387,1610.0,0.022386,4390.0,0.022388,1680.0,0.02239,460.0
1753503362675,04:16:02.675,ACH/USDT:USDT,0.022387,1610.0,0.022386,4390.0,0.022388,1680.0,0.02239,460.0
1753503362775,04:16:02.775,ACH/USDT:USDT,0.022387,1610.0,0.022386,4390.0,0.022388,1680.0,0.02239,460.0
1753503362973,04:16:02.973,ACH/USDT:USDT,0.022387,1610.0,0.022386,4390.0,0.022388,1680.0,0.02239,460.0
1753503363075,04:16:03.075,ACH/USDT:USDT,0.022387,1610.0,0.022386,4390.0,0.022388,1680.0,0.02239,460.0
1753503363174,04:16:03.174,ACH/USDT:USDT,0.022387,1610.0,0.022386,4390.0,0.022388,2140.0,0.022391,1380.0
1753503363474,04:16:03.474,ACH/USDT:USDT,0.022387,1610.0,0.022386,4390.0,0.022388,2140.0,0.022391,1380.0
1753503363975,04:16:03.975,ACH/USDT:USDT,0.022387,1610.0,0.022386,4390.0,0.022388,2140.0,0.022391,1380.0
1753503364075,04:16:04.075,ACH/USDT:USDT,0.022387,1610.0,0.022386,4390.0,0.022388,2140.0,0.022391,1380.0
1753503364677,04:16:04.677,ACH/USDT:USDT,0.022387,1610.0,0.022386,4390.0,0.022388,2140.0,0.022392,120340.0
1753503365176,04:16:05.176,ACH/USDT:USDT,0.022387,1610.0,0.022386,4390.0,0.022388,2140.0,0.022392,120340.0
1753503366175,04:16:06.175,ACH/USDT:USDT,0.022387,1610.0,0.022386,4390.0,0.022388,2140.0,0.022392,120340.0
1753503366873,04:16:06.873,ACH/USDT:USDT,0.022387,1610.0,0.022386,4390.0,0.022388,2140.0,0.022392,120340.0
1753503367375,04:16:07.375,ACH/USDT:USDT,0.022387,1610.0,0.022386,4390.0,0.022388,2140.0,0.022392,120340.0
1753503367474,04:16:07.474,ACH/USDT:USDT,0.022387,1610.0,0.022386,4390.0,0.022388,2140.0,0.022392,120340.0
1753503367574,04:16:07.574,ACH/USDT:USDT,0.022387,1610.0,0.022386,4390.0,0.022388,2140.0,0.022392,120340.0
1753503368275,04:16:08.275,ACH/USDT:USDT,0.022387,1610.0,0.022386,4390.0,0.022388,2140.0,0.022392,120340.0
1753503368476,04:16:08.476,ACH/USDT:USDT,0.022387,1610.0,0.022386,1380.0,0.022388,2140.0,0.022392,120370.0
1753503368976,04:16:08.976,ACH/USDT:USDT,0.022387,1610.0,0.022386,1380.0,0.022388,2140.0,0.022392,120370.0
1753503369680,04:16:09.680,ACH/USDT:USDT,0.022387,1610.0,0.022386,1380.0,0.022388,2140.0,0.022392,120370.0
1753503369775,04:16:09.775,ACH/USDT:USDT,0.022387,1610.0,0.022386,1380.0,0.022388,2140.0,0.022392,120370.0
1753503370674,04:16:10.674,ACH/USDT:USDT,0.022387,1610.0,0.022386,1380.0,0.022388,2140.0,0.022392,120370.0
1753503371576,04:16:11.576,ACH/USDT:USDT,0.022387,1610.0,0.022386,1380.0,0.022388,2140.0,0.022392,120370.0
1753503371679,04:16:11.679,ACH/USDT:USDT,0.022387,1610.0,0.022386,1380.0,0.022388,2140.0,0.022392,120370.0
1753503371975,04:16:11.975,ACH/USDT:USDT,0.022387,1610.0,0.022386,1380.0,0.022388,2140.0,0.022392,120370.0
1753503372174,04:16:12.174,ACH/USDT:USDT,0.022387,1610.0,0.022386,1380.0,0.022388,2140.0,0.022392,120370.0
1753503372274,04:16:12.274,ACH/USDT:USDT,0.022387,1610.0,0.022386,1380.0,0.022388,2140.0,0.022392,120370.0
1753503372576,04:16:12.576,ACH/USDT:USDT,0.022387,1610.0,0.022386,1380.0,0.022388,2140.0,0.02239,1380.0
1753503372676,04:16:12.676,ACH/USDT:USDT,0.022385,5060.0,0.022383,1360.0,0.022386,3310.0,0.022388,1840.0
1753503372775,04:16:12.775,ACH/USDT:USDT,0.022385,5060.0,0.022383,1360.0,0.022386,1680.0,0.022388,460.0
1753503372873,04:16:12.873,ACH/USDT:USDT,0.022385,5060.0,0.022383,1360.0,0.022386,1680.0,0.022388,460.0
1753503373076,04:16:13.076,ACH/USDT:USDT,0.022385,5060.0,0.022383,1360.0,0.022386,2140.0,0.02239,120340.0
1753503373176,04:16:13.176,ACH/USDT:USDT,0.022385,5060.0,0.022383,1360.0,0.022386,2140.0,0.02239,120340.0
1753503373375,04:16:13.375,ACH/USDT:USDT,0.022385,5060.0,0.022383,1360.0,0.022386,2140.0,0.02239,120340.0
1753503373474,04:16:13.474,ACH/USDT:USDT,0.022385,5060.0,0.022383,1360.0,0.022386,2140.0,0.02239,120340.0
1753503373677,04:16:13.677,ACH/USDT:USDT,0.022385,5060.0,0.022383,1360.0,0.022386,2140.0,0.02239,120340.0
1753503373774,04:16:13.774,ACH/USDT:USDT,0.022385,5060.0,0.022383,1360.0,0.022386,2140.0,0.02239,120340.0
1753503374275,04:16:14.275,ACH/USDT:USDT,0.022385,7560.0,0.022383,1360.0,0.022386,2140.0,0.02239,120340.0
1753503374775,04:16:14.775,ACH/USDT:USDT,0.022385,5240.0,0.022383,1360.0,0.022386,2140.0,0.02239,120340.0
1753503374873,04:16:14.873,ACH/USDT:USDT,0.022385,5240.0,0.022383,1360.0,0.022386,2140.0,0.02239,120340.0
1753503375074,04:16:15.074,ACH/USDT:USDT,0.022385,5580.0,0.022383,1360.0,0.022386,2140.0,0.02239,120340.0
1753503375176,04:16:15.176,ACH/USDT:USDT,0.022385,5900.0,0.022383,1360.0,0.022386,2140.0,0.02239,120340.0
1753503375275,04:16:15.275,ACH/USDT:USDT,0.022385,5900.0,0.022383,1360.0,0.022386,2140.0,0.02239,120340.0
1753503376676,04:16:16.676,ACH/USDT:USDT,0.022385,5900.0,0.022383,1360.0,0.022386,2140.0,0.02239,120340.0
1753503376774,04:16:16.774,ACH/USDT:USDT,0.022385,5900.0,0.022383,1360.0,0.022386,2140.0,0.02239,120340.0
1753503376876,04:16:16.876,ACH/USDT:USDT,0.022385,5900.0,0.022383,1360.0,0.022386,2140.0,0.02239,120340.0
1753503377075,04:16:17.075,ACH/USDT:USDT,0.022385,5900.0,0.022383,1360.0,0.022386,2140.0,0.02239,120340.0
1753503377174,04:16:17.174,ACH/USDT:USDT,0.022385,5900.0,0.022383,1360.0,0.022386,2140.0,0.02239,120340.0
1753503377574,04:16:17.574,ACH/USDT:USDT,0.022385,5900.0,0.022383,1360.0,0.022386,2140.0,0.02239,120340.0
1753503377680,04:16:17.680,ACH/USDT:USDT,0.022385,5900.0,0.022383,1360.0,0.022386,2140.0,0.02239,120340.0
1753503377775,04:16:17.775,ACH/USDT:USDT,0.022385,5900.0,0.022383,1360.0,0.022386,2140.0,0.02239,120340.0
1753503377874,04:16:17.874,ACH/USDT:USDT,0.022385,5900.0,0.022383,1360.0,0.022386,2140.0,0.02239,120340.0
1753503377973,04:16:17.973,ACH/USDT:USDT,0.022385,5900.0,0.022383,1360.0,0.022386,2140.0,0.02239,120340.0
1753503378074,04:16:18.074,ACH/USDT:USDT,0.022385,5900.0,0.022383,1360.0,0.022386,2140.0,0.02239,120340.0
1753503378176,04:16:18.176,ACH/USDT:USDT,0.022385,5900.0,0.022383,1360.0,0.022386,2140.0,0.02239,120340.0
1753503378274,04:16:18.274,ACH/USDT:USDT,0.022385,5900.0,0.022383,1360.0,0.022386,2140.0,0.02239,120340.0
1753503378675,04:16:18.675,ACH/USDT:USDT,0.022385,5900.0,0.022383,1360.0,0.022386,2140.0,0.02239,120340.0
1753503378876,04:16:18.876,ACH/USDT:USDT,0.022385,5900.0,0.022381,1370.0,0.022386,2140.0,0.022388,1380.0
1753503378975,04:16:18.975,ACH/USDT:USDT,0.022385,5900.0,0.022381,1370.0,0.022386,2140.0,0.022388,1380.0
1753503379076,04:16:19.076,ACH/USDT:USDT,0.022385,3400.0,0.022381,1370.0,0.022386,2140.0,0.022388,1380.0
1753503380176,04:16:20.176,ACH/USDT:USDT,0.022385,3400.0,0.022381,1370.0,0.022386,2140.0,0.022388,1380.0
1753503380674,04:16:20.674,ACH/USDT:USDT,0.022385,3400.0,0.022381,1370.0,0.022386,2140.0,0.022388,1380.0
1753503380876,04:16:20.876,ACH/USDT:USDT,0.022385,3400.0,0.022381,1370.0,0.022386,2140.0,0.022388,1380.0
1753503381275,04:16:21.275,ACH/USDT:USDT,0.022385,3400.0,0.022381,1370.0,0.022386,2140.0,0.022388,1380.0
1753503381676,04:16:21.676,ACH/USDT:USDT,0.022385,3400.0,0.022381,1370.0,0.022386,2140.0,0.022388,1380.0
1753503381875,04:16:21.875,ACH/USDT:USDT,0.022385,3400.0,0.022381,1370.0,0.022386,2140.0,0.022388,1380.0
1753503383273,04:16:23.273,ACH/USDT:USDT,0.022385,3400.0,0.022381,1370.0,0.022386,2140.0,0.022388,1380.0
1753503383974,04:16:23.974,ACH/USDT:USDT,0.022385,3400.0,0.022381,1370.0,0.022386,2140.0,0.02239,120340.0
1753503384476,04:16:24.476,ACH/USDT:USDT,0.022385,250.0,0.022381,1370.0,0.022386,2140.0,0.022388,1380.0
1753503384576,04:16:24.576,ACH/USDT:USDT,0.022385,5290.0,0.022381,1370.0,0.022386,2140.0,0.02239,120340.0
1753503384676,04:16:24.676,ACH/USDT:USDT,0.022385,7520.0,0.022381,1370.0,0.022386,2140.0,0.02239,120340.0
1753503384776,04:16:24.776,ACH/USDT:USDT,0.022385,7520.0,0.022381,1370.0,0.022386,2140.0,0.02239,120340.0
1753503384876,04:16:24.876,ACH/USDT:USDT,0.022385,2740.0,0.022381,1370.0,0.022386,3560.0,0.022388,1380.0
1753503384974,04:16:24.974,ACH/USDT:USDT,0.022385,1030.0,0.022381,1370.0,0.022386,3560.0,0.022388,1380.0
1753503385075,04:16:25.075,ACH/USDT:USDT,0.022385,1030.0,0.022381,1370.0,0.022386,3560.0,0.022388,1380.0
1753503385174,04:16:25.174,ACH/USDT:USDT,0.022385,1030.0,0.022381,1370.0,0.022386,3560.0,0.022388,1380.0
1753503385275,04:16:25.275,ACH/USDT:USDT,0.022385,3260.0,0.022381,1370.0,0.022386,2140.0,0.022388,1380.0
1753503385475,04:16:25.475,ACH/USDT:USDT,0.022385,3260.0,0.022381,1370.0,0.022386,2140.0,0.022388,1380.0
1753503385576,04:16:25.576,ACH/USDT:USDT,0.022385,3260.0,0.022381,1370.0,0.022386,2140.0,0.022388,1380.0
1753503385676,04:16:25.676,ACH/USDT:USDT,0.022385,3260.0,0.022381,1370.0,0.022386,2140.0,0.022388,1380.0
1753503385975,04:16:25.975,ACH/USDT:USDT,0.022385,3260.0,0.022381,1370.0,0.022386,2140.0,0.022388,1380.0
1753503386075,04:16:26.075,ACH/USDT:USDT,0.022385,3260.0,0.022381,1370.0,0.022386,2140.0,0.022388,1380.0
1753503386175,04:16:26.175,ACH/USDT:USDT,0.022385,3260.0,0.022381,1370.0,0.022386,2140.0,0.022388,1380.0
1753503386376,04:16:26.376,ACH/USDT:USDT,0.022385,3260.0,0.022381,1370.0,0.022386,2140.0,0.022388,1380.0
1753503386675,04:16:26.675,ACH/USDT:USDT,0.022385,3260.0,0.022381,1370.0,0.022386,2140.0,0.022388,1380.0
1753503386774,04:16:26.774,ACH/USDT:USDT,0.022385,3260.0,0.022381,1370.0,0.022386,2140.0,0.022388,1380.0
1753503386875,04:16:26.875,ACH/USDT:USDT,0.022385,3260.0,0.022381,1370.0,0.022386,2140.0,0.022388,1380.0
1753503387275,04:16:27.275,ACH/USDT:USDT,0.022385,3260.0,0.022381,1370.0,0.022386,2140.0,0.022388,1380.0
1753503387677,04:16:27.677,ACH/USDT:USDT,0.022385,3260.0,0.022381,1370.0,0.022386,2140.0,0.022388,1380.0
1753503388174,04:16:28.174,ACH/USDT:USDT,0.022385,3260.0,0.022381,1370.0,0.022386,2140.0,0.022388,1380.0
1753503388475,04:16:28.475,ACH/USDT:USDT,0.022385,3260.0,0.022381,1370.0,0.022386,2140.0,0.022388,1380.0
1753503388774,04:16:28.774,ACH/USDT:USDT,0.022385,3260.0,0.022381,1370.0,0.022386,2140.0,0.022388,1380.0
1753503389275,04:16:29.275,ACH/USDT:USDT,0.022385,3260.0,0.022381,1370.0,0.022386,2140.0,0.022388,1380.0
1753503390173,04:16:30.173,ACH/USDT:USDT,0.022385,3260.0,0.022381,1370.0,0.022386,2140.0,0.022388,1380.0
1753503390274,04:16:30.274,ACH/USDT:USDT,0.022385,250.0,0.022381,1370.0,0.022386,2140.0,0.022388,1380.0
1753503390376,04:16:30.376,ACH/USDT:USDT,0.022385,9170.0,0.022381,1370.0,0.022386,2140.0,0.02239,120340.0
1753503390874,04:16:30.874,ACH/USDT:USDT,0.022385,9170.0,0.022381,1370.0,0.022386,2140.0,0.02239,120340.0
1753503391075,04:16:31.075,ACH/USDT:USDT,0.022385,9170.0,0.022381,1370.0,0.022386,2140.0,0.02239,120340.0
1753503391274,04:16:31.274,ACH/USDT:USDT,0.022385,9170.0,0.022381,1370.0,0.022386,2140.0,0.02239,120340.0
1753503391374,04:16:31.374,ACH/USDT:USDT,0.022385,9170.0,0.022381,1370.0,0.022386,2140.0,0.02239,120340.0
1753503391474,04:16:31.474,ACH/USDT:USDT,0.022385,9170.0,0.022381,1370.0,0.022386,2140.0,0.022389,28140.0
1753503391575,04:16:31.575,ACH/USDT:USDT,0.022385,9170.0,0.022381,1370.0,0.022386,2140.0,0.022389,28140.0
1753503391675,04:16:31.675,ACH/USDT:USDT,0.022385,9170.0,0.022381,1370.0,0.022386,2140.0,0.022389,28140.0
1753503391775,04:16:31.775,ACH/USDT:USDT,0.022385,9170.0,0.022381,1370.0,0.022386,2140.0,0.02239,120340.0
1753503391976,04:16:31.976,ACH/USDT:USDT,0.022385,9170.0,0.022381,1370.0,0.022386,2140.0,0.02239,120340.0
1753503392076,04:16:32.076,ACH/USDT:USDT,0.022385,9170.0,0.022381,1370.0,0.022386,2140.0,0.02239,120340.0
1753503392174,04:16:32.174,ACH/USDT:USDT,0.022385,9170.0,0.022381,1370.0,0.022386,2140.0,0.02239,120340.0
1753503392375,04:16:32.375,ACH/USDT:USDT,0.022385,9170.0,0.022381,1370.0,0.022386,2140.0,0.02239,120340.0
1753503393173,04:16:33.173,ACH/USDT:USDT,0.022385,9170.0,0.022381,1370.0,0.022386,2140.0,0.022389,26330.0
1753503393374,04:16:33.374,ACH/USDT:USDT,0.022385,9170.0,0.022381,1370.0,0.022386,2140.0,0.02239,120340.0
1753503393774,04:16:33.774,ACH/USDT:USDT,0.022385,3080.0,0.022381,1370.0,0.022386,2140.0,0.02239,120340.0
1753503393875,04:16:33.875,ACH/USDT:USDT,0.022385,6000.0,0.022383,1380.0,0.022386,2140.0,0.02239,120340.0
1753503393976,04:16:33.976,ACH/USDT:USDT,0.022385,8450.0,0.022383,1380.0,0.022386,2140.0,0.02239,120340.0
1753503394075,04:16:34.075,ACH/USDT:USDT,0.022385,8450.0,0.022383,1380.0,0.022386,2140.0,0.02239,120340.0
1753503394175,04:16:34.175,ACH/USDT:USDT,0.022385,8450.0,0.022383,1380.0,0.022386,2140.0,0.02239,120340.0
1753503394475,04:16:34.475,ACH/USDT:USDT,0.022385,8450.0,0.022383,1380.0,0.022386,2140.0,0.02239,120340.0
1753503394775,04:16:34.775,ACH/USDT:USDT,0.022385,8450.0,0.022383,1380.0,0.022386,2140.0,0.02239,120340.0
1753503395375,04:16:35.375,ACH/USDT:USDT,0.022385,10950.0,0.022383,1380.0,0.022386,2140.0,0.02239,120340.0
1753503395677,04:16:35.677,ACH/USDT:USDT,0.022385,10950.0,0.022383,1380.0,0.022386,2140.0,0.02239,120340.0
1753503396075,04:16:36.075,ACH/USDT:USDT,0.022385,10950.0,0.022383,1380.0,0.022386,2140.0,0.02239,120340.0
1753503396274,04:16:36.274,ACH/USDT:USDT,0.022385,10950.0,0.022383,1380.0,0.022386,2140.0,0.02239,120340.0
1753503397575,04:16:37.575,ACH/USDT:USDT,0.022385,10950.0,0.022383,1380.0,0.022386,2140.0,0.02239,120340.0
1753503398874,04:16:38.874,ACH/USDT:USDT,0.022385,10950.0,0.022383,1380.0,0.022386,2140.0,0.02239,120340.0
1753503399073,04:16:39.073,ACH/USDT:USDT,0.022385,10950.0,0.022383,1380.0,0.022386,2140.0,0.02239,120340.0
1753503399274,04:16:39.274,ACH/USDT:USDT,0.022385,10950.0,0.022383,1380.0,0.022386,2140.0,0.02239,120340.0
1753503399374,04:16:39.374,ACH/USDT:USDT,0.022385,10950.0,0.022383,1380.0,0.022386,2140.0,0.02239,120340.0
1753503400476,04:16:40.476,ACH/USDT:USDT,0.022385,12610.0,0.022383,1380.0,0.022386,2140.0,0.02239,120340.0
1753503400676,04:16:40.676,ACH/USDT:USDT,0.022385,12610.0,0.022383,1380.0,0.022386,2140.0,0.02239,120340.0
1753503400974,04:16:40.974,ACH/USDT:USDT,0.022385,15720.0,0.022383,1380.0,0.022386,2140.0,0.02239,120340.0
1753503401075,04:16:41.075,ACH/USDT:USDT,0.022385,15720.0,0.022383,1380.0,0.022386,2140.0,0.02239,120340.0
1753503401976,04:16:41.976,ACH/USDT:USDT,0.022385,15720.0,0.022383,1380.0,0.022386,2140.0,0.022391,690.0
1753503402075,04:16:42.075,ACH/USDT:USDT,0.022385,15720.0,0.022383,1380.0,0.022386,2140.0,0.022391,2110.0
1753503402176,04:16:42.176,ACH/USDT:USDT,0.022385,15720.0,0.022383,1380.0,0.022386,2140.0,0.02239,180510.0
1753503402474,04:16:42.474,ACH/USDT:USDT,0.022385,6820.0,0.022383,1380.0,0.022386,2140.0,0.02239,180510.0
1753503402774,04:16:42.774,ACH/USDT:USDT,0.022385,112870.0,0.022383,1380.0,0.022386,2140.0,0.02239,180510.0
1753503402874,04:16:42.874,ACH/USDT:USDT,0.022385,112870.0,0.022382,440.0,0.022386,2140.0,0.02239,180510.0
1753503402975,04:16:42.975,ACH/USDT:USDT,0.022385,112870.0,0.022382,440.0,0.022386,2140.0,0.02239,180510.0
1753503403173,04:16:43.173,ACH/USDT:USDT,0.022385,112870.0,0.022382,440.0,0.022386,2140.0,0.02239,180510.0
1753503403274,04:16:43.274,ACH/USDT:USDT,0.022385,110370.0,0.022382,440.0,0.022386,2140.0,0.02239,180510.0
1753503403374,04:16:43.374,ACH/USDT:USDT,0.022385,110370.0,0.022382,440.0,0.022386,2140.0,0.02239,180510.0
1753503403473,04:16:43.473,ACH/USDT:USDT,0.022385,110370.0,0.02238,1370.0,0.022386,2140.0,0.022389,26290.0
1753503403575,04:16:43.575,ACH/USDT:USDT,0.022385,110370.0,0.02238,1370.0,0.022386,2140.0,0.02239,180510.0
1753503403673,04:16:43.673,ACH/USDT:USDT,0.022385,110370.0,0.02238,1370.0,0.022386,2140.0,0.02239,180510.0
1753503403775,04:16:43.775,ACH/USDT:USDT,0.022385,110370.0,0.02238,1370.0,0.022386,2140.0,0.02239,180510.0
1753503403875,04:16:43.875,ACH/USDT:USDT,0.022385,107260.0,0.02238,1370.0,0.022386,2140.0,0.022388,1380.0
1753503403975,04:16:43.975,ACH/USDT:USDT,0.022385,106300.0,0.02238,1370.0,0.022386,2140.0,0.022388,1380.0
1753503404074,04:16:44.074,ACH/USDT:USDT,0.022385,108240.0,0.02238,1370.0,0.022386,2140.0,0.022389,35700.0
1753503404275,04:16:44.275,ACH/USDT:USDT,0.022385,108240.0,0.02238,1370.0,0.022386,2140.0,0.022389,35700.0
1753503404375,04:16:44.375,ACH/USDT:USDT,0.022385,109620.0,0.02238,1370.0,0.022386,2140.0,0.022389,35700.0
1753503404574,04:16:44.574,ACH/USDT:USDT,0.022385,109620.0,0.02238,1370.0,0.022386,2140.0,0.022389,35700.0
1753503404774,04:16:44.774,ACH/USDT:USDT,0.022385,111280.0,0.02238,1370.0,0.022386,2140.0,0.022389,35700.0
1753503405176,04:16:45.176,ACH/USDT:USDT,0.022385,111280.0,0.02238,1370.0,0.022386,2140.0,0.022389,35700.0
1753503405775,04:16:45.775,ACH/USDT:USDT,0.022385,110170.0,0.02238,1370.0,0.022386,2140.0,0.022389,35700.0
1753503405874,04:16:45.874,ACH/USDT:USDT,0.022385,106300.0,0.02238,1370.0,0.022386,2140.0,0.022389,35700.0
1753503406074,04:16:46.074,ACH/USDT:USDT,0.022385,112240.0,0.02238,1370.0,0.022386,2140.0,0.022389,35700.0
1753503406574,04:16:46.574,ACH/USDT:USDT,0.022385,112240.0,0.02238,1370.0,0.022386,2140.0,0.022389,35700.0
1753503407375,04:16:47.375,ACH/USDT:USDT,0.022385,112240.0,0.022381,600.0,0.022386,2140.0,0.022389,26130.0
1753503407676,04:16:47.676,ACH/USDT:USDT,0.022385,112240.0,0.022381,600.0,0.022386,2140.0,0.02239,180510.0
1753503408575,04:16:48.575,ACH/USDT:USDT,0.022385,112240.0,0.022381,600.0,0.022386,2140.0,0.02239,180510.0
1753503408773,04:16:48.773,ACH/USDT:USDT,0.022385,112240.0,0.022381,600.0,0.022386,2140.0,0.02239,180510.0
1753503408875,04:16:48.875,ACH/USDT:USDT,0.022385,112240.0,0.022381,600.0,0.022386,2140.0,0.02239,180510.0
1753503409275,04:16:49.275,ACH/USDT:USDT,0.022385,112240.0,0.022381,600.0,0.022386,2140.0,0.022389,30000.0
1753503409874,04:16:49.874,ACH/USDT:USDT,0.022385,112240.0,0.022381,600.0,0.022386,2140.0,0.022389,30000.0
1753503410676,04:16:50.676,ACH/USDT:USDT,0.022385,112240.0,0.022381,600.0,0.022386,2140.0,0.022389,30000.0
1753503410974,04:16:50.974,ACH/USDT:USDT,0.022385,112240.0,0.022381,600.0,0.022386,2140.0,0.022389,30000.0
1753503411075,04:16:51.075,ACH/USDT:USDT,0.022385,115050.0,0.022381,600.0,0.022386,2140.0,0.022389,30000.0
1753503411176,04:16:51.176,ACH/USDT:USDT,0.022385,115050.0,0.022381,600.0,0.022386,2140.0,0.022389,30000.0
1753503411575,04:16:51.575,ACH/USDT:USDT,0.022385,115050.0,0.022381,600.0,0.022386,2140.0,0.022389,30000.0
1753503412174,04:16:52.174,ACH/USDT:USDT,0.022385,115050.0,0.022381,600.0,0.022386,2140.0,0.022389,30000.0
1753503413174,04:16:53.174,ACH/USDT:USDT,0.022385,115050.0,0.022381,600.0,0.022386,2140.0,0.022389,30000.0
1753503413374,04:16:53.374,ACH/USDT:USDT,0.022385,115050.0,0.022381,600.0,0.022386,2140.0,0.022389,30000.0
1753503413875,04:16:53.875,ACH/USDT:USDT,0.022385,115050.0,0.022381,600.0,0.022386,2140.0,0.022389,30000.0
1753503414174,04:16:54.174,ACH/USDT:USDT,0.022385,115050.0,0.022381,600.0,0.022386,2140.0,0.022389,30000.0
1753503414274,04:16:54.274,ACH/USDT:USDT,0.022385,115050.0,0.022381,600.0,0.022386,2140.0,0.022389,30000.0
1753503414676,04:16:54.676,ACH/USDT:USDT,0.022385,115050.0,0.022381,600.0,0.022386,2140.0,0.022389,30000.0
1753503414777,04:16:54.777,ACH/USDT:USDT,0.022374,100.0,0.02237,250.0,0.022375,8370.0,0.022376,1430.0
1753503414874,04:16:54.874,ACH/USDT:USDT,0.022374,100.0,0.02237,250.0,0.022375,8370.0,0.022376,1430.0
1753503414975,04:16:54.975,ACH/USDT:USDT,0.022374,100.0,0.02237,250.0,0.022375,8720.0,0.022376,1430.0
1753503415076,04:16:55.076,ACH/USDT:USDT,0.022374,100.0,0.02237,250.0,0.022375,8720.0,0.022376,1430.0
1753503415176,04:16:55.176,ACH/USDT:USDT,0.022374,100.0,0.022372,1760.0,0.022375,9180.0,0.022376,830.0
1753503415274,04:16:55.274,ACH/USDT:USDT,0.022374,100.0,0.022372,1760.0,0.022375,9180.0,0.022376,830.0
1753503415374,04:16:55.374,ACH/USDT:USDT,0.022374,100.0,0.022372,1760.0,0.022375,9180.0,0.022376,830.0
1753503415474,04:16:55.474,ACH/USDT:USDT,0.022374,100.0,0.022372,1760.0,0.022375,8830.0,0.022377,1380.0
1753503415575,04:16:55.575,ACH/USDT:USDT,0.022374,100.0,0.022372,1760.0,0.022375,8830.0,0.022377,1380.0
1753503415774,04:16:55.774,ACH/USDT:USDT,0.022374,100.0,0.022372,1760.0,0.022375,8830.0,0.022377,1380.0
1753503416173,04:16:56.173,ACH/USDT:USDT,0.022374,100.0,0.022372,1760.0,0.022375,8830.0,0.022377,1380.0
1753503416276,04:16:56.276,ACH/USDT:USDT,0.022374,100.0,0.022372,1760.0,0.022375,8830.0,0.022377,1380.0
1753503416576,04:16:56.576,ACH/USDT:USDT,0.022374,100.0,0.022372,1760.0,0.022375,8830.0,0.022377,1380.0
1753503416676,04:16:56.676,ACH/USDT:USDT,0.022374,100.0,0.022372,1760.0,0.022375,8830.0,0.022377,1380.0
1753503416774,04:16:56.774,ACH/USDT:USDT,0.022374,100.0,0.022372,1760.0,0.022375,8830.0,0.022377,1380.0
1753503417075,04:16:57.075,ACH/USDT:USDT,0.022374,100.0,0.022372,1760.0,0.022375,8830.0,0.022377,1380.0
1753503417176,04:16:57.176,ACH/USDT:USDT,0.022374,100.0,0.022372,1760.0,0.022375,8830.0,0.022377,1380.0
1753503417275,04:16:57.275,ACH/USDT:USDT,0.022374,100.0,0.022372,1760.0,0.022375,8830.0,0.022377,1380.0
1753503417679,04:16:57.679,ACH/USDT:USDT,0.022374,100.0,0.022372,1760.0,0.022375,7410.0,0.022377,1380.0
1753503417776,04:16:57.776,ACH/USDT:USDT,0.022374,100.0,0.022372,1760.0,0.022375,7410.0,0.022377,1380.0
1753503417874,04:16:57.874,ACH/USDT:USDT,0.022374,100.0,0.022372,1760.0,0.022375,7410.0,0.022377,1380.0
1753503418076,04:16:58.076,ACH/USDT:USDT,0.022374,100.0,0.022372,1760.0,0.022375,7410.0,0.022377,1380.0
1753503418274,04:16:58.274,ACH/USDT:USDT,0.022374,100.0,0.022372,1760.0,0.022375,7410.0,0.022377,1380.0
1753503418475,04:16:58.475,ACH/USDT:USDT,0.022374,100.0,0.022372,1760.0,0.022375,7410.0,0.022377,1380.0
1753503418875,04:16:58.875,ACH/USDT:USDT,0.022374,100.0,0.022372,1760.0,0.022375,7410.0,0.022377,1380.0
1753503419076,04:16:59.076,ACH/USDT:USDT,0.022374,100.0,0.022372,1760.0,0.022375,7410.0,0.022377,1380.0
1753503419176,04:16:59.176,ACH/USDT:USDT,0.022374,100.0,0.022372,1760.0,0.022375,7410.0,0.022377,1380.0
1753503419275,04:16:59.275,ACH/USDT:USDT,0.022374,100.0,0.022372,1760.0,0.022375,7410.0,0.022377,1380.0
1753503419474,04:16:59.474,ACH/USDT:USDT,0.022374,100.0,0.022372,1760.0,0.022375,7410.0,0.022377,1380.0
1753503419576,04:16:59.576,ACH/USDT:USDT,0.022374,100.0,0.022372,1760.0,0.022375,7410.0,0.022377,1380.0
1753503419678,04:16:59.678,ACH/USDT:USDT,0.022374,100.0,0.022372,1760.0,0.022375,7410.0,0.022377,1380.0
1753503419876,04:16:59.876,ACH/USDT:USDT,0.022374,100.0,0.022372,1760.0,0.022375,8850.0,0.022377,1380.0
1753503420177,04:17:00.177,ACH/USDT:USDT,0.022374,100.0,0.022372,1760.0,0.022375,8850.0,0.022377,1380.0
1753503420273,04:17:00.273,ACH/USDT:USDT,0.022374,100.0,0.022372,1760.0,0.022375,8850.0,0.022377,1380.0
1753503420375,04:17:00.375,ACH/USDT:USDT,0.022374,100.0,0.022372,1760.0,0.022375,8850.0,0.022377,1380.0
1753503420574,04:17:00.574,ACH/USDT:USDT,0.022374,100.0,0.022372,1760.0,0.022375,8850.0,0.022377,1380.0
1753503420675,04:17:00.675,ACH/USDT:USDT,0.022374,100.0,0.022372,1760.0,0.022375,8850.0,0.022377,1380.0
1753503420876,04:17:00.876,ACH/USDT:USDT,0.022374,100.0,0.022372,1760.0,0.022375,8850.0,0.022377,1380.0
1753503420974,04:17:00.974,ACH/USDT:USDT,0.022374,100.0,0.022372,1760.0,0.022375,7410.0,0.022377,1380.0
1753503421075,04:17:01.075,ACH/USDT:USDT,0.022374,100.0,0.022372,1760.0,0.022375,7410.0,0.022377,1380.0
1753503421475,04:17:01.475,ACH/USDT:USDT,0.022374,100.0,0.022372,1760.0,0.022375,7410.0,0.022377,1380.0
1753503421774,04:17:01.774,ACH/USDT:USDT,0.022374,100.0,0.022372,1760.0,0.022375,7410.0,0.022377,1380.0
1753503421974,04:17:01.974,ACH/USDT:USDT,0.022374,100.0,0.022372,1760.0,0.022375,7410.0,0.022377,1380.0
1753503422074,04:17:02.074,ACH/USDT:USDT,0.022374,100.0,0.022372,1760.0,0.022375,7410.0,0.022377,1380.0
1753503422174,04:17:02.174,ACH/USDT:USDT,0.022374,100.0,0.022372,1760.0,0.022375,7410.0,0.022377,1380.0
1753503422274,04:17:02.274,ACH/USDT:USDT,0.022374,100.0,0.022372,1760.0,0.022375,7410.0,0.022377,1380.0
1753503422675,04:17:02.675,ACH/USDT:USDT,0.022374,100.0,0.022372,1760.0,0.022375,7410.0,0.022377,1380.0
1753503422774,04:17:02.774,ACH/USDT:USDT,0.022374,100.0,0.022372,1760.0,0.022375,7410.0,0.022378,54150.0
1753503422874,04:17:02.874,ACH/USDT:USDT,0.022374,100.0,0.022372,3140.0,0.022375,7410.0,0.022378,54150.0
1753503422975,04:17:02.975,ACH/USDT:USDT,0.022374,100.0,0.022372,3140.0,0.022375,7410.0,0.022378,54150.0
1753503423075,04:17:03.075,ACH/USDT:USDT,0.022374,100.0,0.022372,3140.0,0.022375,7410.0,0.022378,54150.0
1753503423774,04:17:03.774,ACH/USDT:USDT,0.022374,100.0,0.022372,3140.0,0.022375,7410.0,0.022378,54150.0
1753503423875,04:17:03.875,ACH/USDT:USDT,0.022374,100.0,0.022372,3140.0,0.022375,7410.0,0.022378,54150.0
1753503424075,04:17:04.075,ACH/USDT:USDT,0.022374,100.0,0.022372,3140.0,0.022375,7410.0,0.022378,54150.0
1753503424174,04:17:04.174,ACH/USDT:USDT,0.022374,100.0,0.022372,3140.0,0.022375,7410.0,0.022378,54150.0
1753503424375,04:17:04.375,ACH/USDT:USDT,0.022374,100.0,0.022372,3140.0,0.022375,7410.0,0.022378,54150.0
1753503424876,04:17:04.876,ACH/USDT:USDT,0.022374,100.0,0.022372,3140.0,0.022375,7410.0,0.022378,54150.0
1753503425275,04:17:05.275,ACH/USDT:USDT,0.022374,100.0,0.022372,3140.0,0.022375,7410.0,0.022378,54150.0
1753503425475,04:17:05.475,ACH/USDT:USDT,0.022374,100.0,0.022372,3140.0,0.022375,7410.0,0.022378,54150.0
1753503425573,04:17:05.573,ACH/USDT:USDT,0.022374,100.0,0.022372,3140.0,0.022375,7410.0,0.022378,54150.0
1753503425676,04:17:05.676,ACH/USDT:USDT,0.022374,100.0,0.022372,3140.0,0.022375,7410.0,0.022378,54150.0
1753503425875,04:17:05.875,ACH/USDT:USDT,0.022374,100.0,0.022372,3140.0,0.022375,7410.0,0.022378,54150.0
1753503426174,04:17:06.174,ACH/USDT:USDT,0.022374,100.0,0.022372,3140.0,0.022375,7410.0,0.022378,54150.0
1753503426276,04:17:06.276,ACH/USDT:USDT,0.022374,100.0,0.022372,3140.0,0.022375,7410.0,0.022378,54150.0
1753503426576,04:17:06.576,ACH/USDT:USDT,0.022374,100.0,0.022372,3140.0,0.022375,7410.0,0.022378,54150.0
1753503426875,04:17:06.875,ACH/USDT:USDT,0.022374,100.0,0.022372,3140.0,0.022375,7410.0,0.022378,54150.0
1753503427574,04:17:07.574,ACH/USDT:USDT,0.022374,100.0,0.022372,3140.0,0.022375,7410.0,0.022378,54150.0
1753503427678,04:17:07.678,ACH/USDT:USDT,0.022374,100.0,0.022372,3140.0,0.022375,7410.0,0.022378,54150.0
1753503428776,04:17:08.776,ACH/USDT:USDT,0.022374,100.0,0.022372,3140.0,0.022375,7410.0,0.022378,54150.0
1753503428875,04:17:08.875,ACH/USDT:USDT,0.022374,100.0,0.022372,3140.0,0.022375,7410.0,0.022378,54150.0
1753503429175,04:17:09.175,ACH/USDT:USDT,0.022374,3560.0,0.022372,4380.0,0.022375,2140.0,0.022379,180510.0
1753503429275,04:17:09.275,ACH/USDT:USDT,0.022374,3560.0,0.022372,4380.0,0.022375,2140.0,0.022379,180510.0
1753503429375,04:17:09.375,ACH/USDT:USDT,0.022374,3560.0,0.022372,4380.0,0.022375,2140.0,0.022379,180510.0
1753503429575,04:17:09.575,ACH/USDT:USDT,0.022374,3560.0,0.022372,4380.0,0.022375,2140.0,0.022379,180510.0
1753503429673,04:17:09.673,ACH/USDT:USDT,0.022374,3560.0,0.022372,4380.0,0.022375,2140.0,0.022379,180510.0
1753503430175,04:17:10.175,ACH/USDT:USDT,0.022374,3560.0,0.022372,4380.0,0.022375,2140.0,0.022379,180510.0
1753503430675,04:17:10.675,ACH/USDT:USDT,0.022374,3560.0,0.022372,4380.0,0.022375,2140.0,0.022379,180510.0
1753503431175,04:17:11.175,ACH/USDT:USDT,0.022374,3560.0,0.022372,4380.0,0.022375,2140.0,0.022379,180510.0
1753503431575,04:17:11.575,ACH/USDT:USDT,0.022374,3560.0,0.022372,4380.0,0.022375,2140.0,0.022379,180510.0
1753503431678,04:17:11.678,ACH/USDT:USDT,0.022374,3560.0,0.022372,4380.0,0.022375,2140.0,0.022379,180510.0
1753503431975,04:17:11.975,ACH/USDT:USDT,0.022374,3560.0,0.022372,4380.0,0.022375,2140.0,0.022379,180510.0
1753503432173,04:17:12.173,ACH/USDT:USDT,0.022374,3560.0,0.022372,4380.0,0.022375,2140.0,0.022379,180510.0
1753503432575,04:17:12.575,ACH/USDT:USDT,0.022374,3560.0,0.022372,4380.0,0.022375,2140.0,0.022379,180510.0
1753503432674,04:17:12.674,ACH/USDT:USDT,0.022374,3560.0,0.022372,4380.0,0.022375,2140.0,0.022379,180510.0
1753503433177,04:17:13.177,ACH/USDT:USDT,0.022374,3560.0,0.022372,4380.0,0.022375,2140.0,0.022379,180510.0
1753503433274,04:17:13.274,ACH/USDT:USDT,0.022374,3560.0,0.022372,4380.0,0.022375,2140.0,0.022379,180510.0
1753503433376,04:17:13.376,ACH/USDT:USDT,0.022374,3560.0,0.022372,4380.0,0.022375,2140.0,0.022379,180510.0
1753503433475,04:17:13.475,ACH/USDT:USDT,0.022374,3560.0,0.022372,4380.0,0.022375,2140.0,0.022379,180510.0
1753503434075,04:17:14.075,ACH/USDT:USDT,0.022374,2660.0,0.022372,3480.0,0.022375,2140.0,0.022379,180510.0
1753503434173,04:17:14.173,ACH/USDT:USDT,0.022374,2660.0,0.022372,3480.0,0.022375,2140.0,0.022379,180510.0
1753503434275,04:17:14.275,ACH/USDT:USDT,0.022374,2660.0,0.022372,3140.0,0.022375,2140.0,0.022379,180510.0
1753503434376,04:17:14.376,ACH/USDT:USDT,0.022374,1220.0,0.022372,3140.0,0.022375,2140.0,0.022377,1380.0
1753503435175,04:17:15.175,ACH/USDT:USDT,0.022374,1220.0,0.022372,3140.0,0.022375,2140.0,0.022377,1380.0
1753503435682,04:17:15.682,ACH/USDT:USDT,0.022374,1220.0,0.022372,3140.0,0.022375,2140.0,0.022377,1380.0
1753503436475,04:17:16.475,ACH/USDT:USDT,0.022374,1220.0,0.022372,3140.0,0.022375,2140.0,0.022377,1380.0
1753503436574,04:17:16.574,ACH/USDT:USDT,0.022374,1220.0,0.022372,3140.0,0.022375,2140.0,0.022377,1380.0
1753503437375,04:17:17.375,ACH/USDT:USDT,0.022374,1220.0,0.022372,3140.0,0.022375,2140.0,0.022377,1380.0
1753503437680,04:17:17.680,ACH/USDT:USDT,0.022374,1220.0,0.022372,3140.0,0.022375,2140.0,0.022377,1380.0
1753503438676,04:17:18.676,ACH/USDT:USDT,0.022374,1220.0,0.022372,3140.0,0.022375,2140.0,0.022377,1380.0
1753503441275,04:17:21.275,ACH/USDT:USDT,0.022374,1220.0,0.022372,3140.0,0.022375,2140.0,0.022377,1380.0
1753503441875,04:17:21.875,ACH/USDT:USDT,0.022374,2660.0,0.022373,900.0,0.022375,2140.0,0.022379,180510.0
1753503441974,04:17:21.974,ACH/USDT:USDT,0.022374,3260.0,0.022373,900.0,0.022375,2140.0,0.022379,180510.0
1753503442076,04:17:22.076,ACH/USDT:USDT,0.022374,6090.0,0.022373,900.0,0.022375,2140.0,0.022379,180510.0
1753503442174,04:17:22.174,ACH/USDT:USDT,0.022374,6090.0,0.022373,900.0,0.022375,2140.0,0.022379,180510.0
1753503442275,04:17:22.275,ACH/USDT:USDT,0.022374,6090.0,0.022373,900.0,0.022375,2140.0,0.022379,180510.0
1753503442574,04:17:22.574,ACH/USDT:USDT,0.022374,9270.0,0.022373,900.0,0.022375,2140.0,0.022379,180510.0
1753503443175,04:17:23.175,ACH/USDT:USDT,0.022374,9270.0,0.022373,900.0,0.022375,2140.0,0.022379,180510.0
1753503444176,04:17:24.176,ACH/USDT:USDT,0.022374,9270.0,0.022373,900.0,0.022375,2140.0,0.022379,180510.0
1753503445173,04:17:25.173,ACH/USDT:USDT,0.022374,9270.0,0.022373,900.0,0.022375,2140.0,0.022379,180510.0
1753503446075,04:17:26.075,ACH/USDT:USDT,0.022374,9270.0,0.022373,900.0,0.022375,2140.0,0.022379,180510.0
1753503446176,04:17:26.176,ACH/USDT:USDT,0.022374,9270.0,0.022373,900.0,0.022375,2140.0,0.022379,180510.0
1753503447074,04:17:27.074,ACH/USDT:USDT,0.022374,9270.0,0.022373,900.0,0.022375,2140.0,0.022379,180510.0
1753503447176,04:17:27.176,ACH/USDT:USDT,0.022374,9270.0,0.022373,900.0,0.022375,2140.0,0.022379,180510.0
1753503447275,04:17:27.275,ACH/USDT:USDT,0.022374,9270.0,0.022372,3140.0,0.022375,2140.0,0.022379,180510.0
1753503447676,04:17:27.676,ACH/USDT:USDT,0.022374,9270.0,0.022372,3140.0,0.022375,2140.0,0.022379,180510.0
1753503447774,04:17:27.774,ACH/USDT:USDT,0.022374,9270.0,0.022372,3140.0,0.022375,2140.0,0.022379,180510.0
1753503447874,04:17:27.874,ACH/USDT:USDT,0.022374,10400.0,0.022372,3140.0,0.022375,2140.0,0.022379,180510.0
1753503447975,04:17:27.975,ACH/USDT:USDT,0.022374,19520.0,0.022372,3140.0,0.022375,2140.0,0.022379,180510.0
