timestamp,time,symbol,bid1_price,bid1_volume,bid2_price,bid2_volume,ask1_price,ask1_volume,ask2_price,ask2_volume
1753503304504,04:15:04.504,AAVE/USDT:USDT,297.47,105.6,297.46,39.7,297.48,75.0,297.5,28.6
1753503304604,04:15:04.604,AAVE/USDT:USDT,297.47,85.4,297.46,39.7,297.48,102.8,297.49,28.0
1753503305304,04:15:05.304,AAVE/USDT:USDT,297.47,83.3,297.46,0.7,297.48,155.1,297.49,28.0
1753503305604,04:15:05.604,AAVE/USDT:USDT,297.47,83.3,297.46,0.7,297.48,263.6,297.49,28.0
1753503305704,04:15:05.704,AAVE/USDT:USDT,297.47,83.3,297.46,0.7,297.48,263.6,297.49,28.0
1753503306704,04:15:06.704,AAVE/USDT:USDT,297.47,83.3,297.46,0.7,297.48,268.3,297.49,28.0
1753503306804,04:15:06.804,AAVE/USDT:USDT,297.47,83.3,297.46,0.7,297.48,268.3,297.49,45.6
1753503307204,04:15:07.204,AAVE/USDT:USDT,297.47,83.3,297.46,0.7,297.48,268.3,297.49,28.0
1753503307304,04:15:07.304,AAVE/USDT:USDT,297.47,83.2,297.46,0.7,297.48,268.5,297.49,28.0
1753503307404,04:15:07.404,AAVE/USDT:USDT,297.47,83.2,297.46,0.7,297.48,268.5,297.49,28.0
1753503307804,04:15:07.804,AAVE/USDT:USDT,297.45,0.8,297.44,1.1,297.46,380.3,297.47,131.6
1753503308204,04:15:08.204,AAVE/USDT:USDT,297.45,0.8,297.44,1.1,297.46,404.3,297.47,131.6
1753503308404,04:15:08.404,AAVE/USDT:USDT,297.45,1.2,297.44,1.1,297.46,395.8,297.47,130.8
1753503309004,04:15:09.004,AAVE/USDT:USDT,297.45,1.2,297.44,1.1,297.46,348.4,297.47,83.4
1753503310504,04:15:10.504,AAVE/USDT:USDT,297.45,1.1,297.44,1.1,297.46,423.6,297.47,96.5
1753503310904,04:15:10.904,AAVE/USDT:USDT,297.45,1.1,297.44,1.1,297.46,423.6,297.47,96.5
1753503311004,04:15:11.004,AAVE/USDT:USDT,297.45,1.1,297.44,1.1,297.46,423.6,297.47,96.5
1753503311104,04:15:11.104,AAVE/USDT:USDT,297.45,1.1,297.44,1.1,297.46,394.0,297.47,66.9
1753503311204,04:15:11.204,AAVE/USDT:USDT,297.45,1.1,297.44,1.1,297.46,439.9,297.47,112.8
1753503311304,04:15:11.304,AAVE/USDT:USDT,297.45,1.1,297.44,1.1,297.46,440.7,297.47,112.8
1753503311604,04:15:11.604,AAVE/USDT:USDT,297.45,1.1,297.44,1.1,297.46,440.6,297.47,112.8
1753503311704,04:15:11.704,AAVE/USDT:USDT,297.45,1.1,297.44,1.1,297.46,424.1,297.47,95.9
1753503311804,04:15:11.804,AAVE/USDT:USDT,297.45,1.1,297.44,1.1,297.46,424.1,297.47,95.9
1753503311904,04:15:11.904,AAVE/USDT:USDT,297.45,1.1,297.44,1.1,297.46,424.1,297.47,95.9
1753503312004,04:15:12.004,AAVE/USDT:USDT,297.45,1.1,297.44,1.1,297.46,424.1,297.47,95.9
1753503312304,04:15:12.304,AAVE/USDT:USDT,297.45,1.1,297.44,1.1,297.46,424.1,297.47,95.9
1753503312404,04:15:12.404,AAVE/USDT:USDT,297.45,1.1,297.44,1.1,297.46,442.5,297.47,112.8
1753503312504,04:15:12.504,AAVE/USDT:USDT,297.45,1.1,297.44,1.1,297.46,442.5,297.47,112.8
1753503312804,04:15:12.804,AAVE/USDT:USDT,297.45,1.1,297.44,1.1,297.46,425.6,297.47,95.9
1753503313604,04:15:13.604,AAVE/USDT:USDT,297.45,1.1,297.44,1.1,297.46,442.8,297.47,112.8
1753503314104,04:15:14.104,AAVE/USDT:USDT,297.45,37.6,297.44,15.1,297.46,380.0,297.47,34.7
1753503314304,04:15:14.304,AAVE/USDT:USDT,297.45,37.6,297.44,15.1,297.46,380.0,297.47,89.5
1753503314404,04:15:14.404,AAVE/USDT:USDT,297.45,37.6,297.44,15.1,297.46,380.0,297.47,34.7
1753503314504,04:15:14.504,AAVE/USDT:USDT,297.45,37.6,297.44,15.1,297.46,380.0,297.47,34.7
1753503315004,04:15:15.004,AAVE/USDT:USDT,297.45,37.6,297.44,15.1,297.46,425.9,297.47,107.5
1753503315504,04:15:15.504,AAVE/USDT:USDT,297.45,37.6,297.44,0.8,297.46,380.0,297.47,51.6
1753503316804,04:15:16.804,AAVE/USDT:USDT,297.45,114.9,297.44,56.8,297.46,54.9,297.48,30.0
1753503317004,04:15:17.004,AAVE/USDT:USDT,297.47,214.9,297.46,150.3,297.48,29.9,297.5,0.6
1753503317404,04:15:17.404,AAVE/USDT:USDT,297.51,182.0,297.5,152.1,297.52,98.0,297.53,65.6
1753503317804,04:15:17.804,AAVE/USDT:USDT,297.48,92.4,297.47,50.0,297.49,123.4,297.5,14.5
1753503317904,04:15:17.904,AAVE/USDT:USDT,297.49,235.4,297.48,110.3,297.5,0.2,297.51,77.7
1753503318804,04:15:18.804,AAVE/USDT:USDT,297.51,121.3,297.5,90.0,297.52,98.0,297.53,45.0
1753503319004,04:15:19.004,AAVE/USDT:USDT,297.51,139.7,297.5,114.8,297.52,98.0,297.53,45.0
1753503319104,04:15:19.104,AAVE/USDT:USDT,297.51,139.7,297.5,114.8,297.52,98.0,297.53,45.0
1753503319204,04:15:19.204,AAVE/USDT:USDT,297.51,228.7,297.5,114.8,297.52,98.4,297.53,45.0
1753503319304,04:15:19.304,AAVE/USDT:USDT,297.51,159.5,297.5,114.8,297.52,98.4,297.53,45.0
1753503319604,04:15:19.604,AAVE/USDT:USDT,297.51,159.6,297.5,114.8,297.52,98.4,297.53,45.0
1753503319704,04:15:19.704,AAVE/USDT:USDT,297.51,159.6,297.5,85.5,297.52,98.4,297.53,45.0
1753503319804,04:15:19.804,AAVE/USDT:USDT,297.51,167.3,297.5,85.5,297.52,98.4,297.53,45.0
1753503320404,04:15:20.404,AAVE/USDT:USDT,297.51,274.8,297.5,92.9,297.52,98.4,297.53,45.0
1753503320604,04:15:20.604,AAVE/USDT:USDT,297.51,235.2,297.5,92.9,297.52,98.6,297.54,0.6
1753503320904,04:15:20.904,AAVE/USDT:USDT,297.51,241.9,297.5,92.9,297.52,98.6,297.54,0.6
1753503321104,04:15:21.104,AAVE/USDT:USDT,297.55,97.8,297.54,71.4,297.56,222.6,297.57,56.9
1753503321304,04:15:21.304,AAVE/USDT:USDT,297.55,95.8,297.54,77.8,297.56,97.5,297.57,56.9
1753503321704,04:15:21.704,AAVE/USDT:USDT,297.55,38.8,297.54,77.8,297.56,97.5,297.57,56.9
1753503321804,04:15:21.804,AAVE/USDT:USDT,297.55,38.8,297.54,77.8,297.56,97.5,297.57,56.9
1753503322304,04:15:22.304,AAVE/USDT:USDT,297.55,41.8,297.54,53.0,297.56,38.8,297.57,69.5
1753503322804,04:15:22.804,AAVE/USDT:USDT,297.55,58.4,297.54,53.0,297.56,38.8,297.57,33.5
1753503324004,04:15:24.004,AAVE/USDT:USDT,297.55,58.9,297.54,59.3,297.56,38.8,297.57,33.5
1753503324204,04:15:24.204,AAVE/USDT:USDT,297.55,59.5,297.54,77.6,297.56,53.2,297.57,33.5
1753503324604,04:15:24.604,AAVE/USDT:USDT,297.55,59.5,297.54,77.6,297.56,53.2,297.57,33.5
1753503325204,04:15:25.204,AAVE/USDT:USDT,297.53,84.3,297.52,77.7,297.54,46.7,297.55,61.2
1753503325804,04:15:25.804,AAVE/USDT:USDT,297.53,175.7,297.52,77.7,297.54,47.0,297.55,61.2
1753503326604,04:15:26.604,AAVE/USDT:USDT,297.53,50.4,297.52,34.6,297.54,17.6,297.56,30.5
1753503326704,04:15:26.704,AAVE/USDT:USDT,297.53,50.4,297.52,41.3,297.54,17.6,297.56,30.5
1753503326804,04:15:26.804,AAVE/USDT:USDT,297.53,50.4,297.52,41.3,297.54,17.6,297.56,30.5
1753503327004,04:15:27.004,AAVE/USDT:USDT,297.53,75.5,297.52,84.2,297.54,2.9,297.56,30.5
1753503327304,04:15:27.304,AAVE/USDT:USDT,297.53,184.0,297.52,84.2,297.54,2.9,297.56,30.5
1753503327404,04:15:27.404,AAVE/USDT:USDT,297.53,184.0,297.52,84.2,297.54,2.9,297.56,30.5
1753503327504,04:15:27.504,AAVE/USDT:USDT,297.53,183.8,297.52,84.2,297.54,8.1,297.56,30.5
1753503327604,04:15:27.604,AAVE/USDT:USDT,297.53,75.5,297.52,84.2,297.54,8.1,297.56,30.5
1753503327704,04:15:27.704,AAVE/USDT:USDT,297.53,184.0,297.52,84.2,297.54,8.1,297.56,30.5
1753503328204,04:15:28.204,AAVE/USDT:USDT,297.53,184.0,297.52,84.2,297.54,8.6,297.56,30.5
1753503328404,04:15:28.404,AAVE/USDT:USDT,297.52,41.4,297.51,33.0,297.53,60.9,297.54,78.9
1753503328504,04:15:28.504,AAVE/USDT:USDT,297.52,157.6,297.51,75.9,297.53,40.7,297.54,58.7
1753503328604,04:15:28.604,AAVE/USDT:USDT,297.52,89.0,297.51,75.9,297.53,21.1,297.54,58.7
1753503328804,04:15:28.804,AAVE/USDT:USDT,297.52,204.0,297.51,82.6,297.53,21.1,297.54,58.7
1753503328904,04:15:28.904,AAVE/USDT:USDT,297.52,185.8,297.51,45.2,297.53,21.1,297.54,58.7
1753503329004,04:15:29.004,AAVE/USDT:USDT,297.52,95.7,297.51,70.0,297.53,21.1,297.54,58.7
1753503329104,04:15:29.104,AAVE/USDT:USDT,297.52,89.0,297.51,51.9,297.53,21.1,297.54,58.7
1753503329204,04:15:29.204,AAVE/USDT:USDT,297.52,88.8,297.51,51.9,297.53,21.1,297.54,58.7
1753503329304,04:15:29.304,AAVE/USDT:USDT,297.52,138.9,297.51,51.9,297.53,21.1,297.54,58.7
1753503329804,04:15:29.804,AAVE/USDT:USDT,297.52,44.4,297.51,27.1,297.53,23.9,297.54,56.3
1753503330004,04:15:30.004,AAVE/USDT:USDT,297.52,44.4,297.51,27.1,297.53,23.9,297.54,56.3
1753503330604,04:15:30.604,AAVE/USDT:USDT,297.52,130.1,297.51,69.9,297.53,5.3,297.54,0.5
1753503330704,04:15:30.704,AAVE/USDT:USDT,297.52,130.1,297.51,69.9,297.53,5.3,297.54,0.5
1753503330804,04:15:30.804,AAVE/USDT:USDT,297.52,130.1,297.51,69.9,297.53,5.3,297.54,0.5
1753503330904,04:15:30.904,AAVE/USDT:USDT,297.52,130.1,297.51,70.6,297.53,5.3,297.54,0.5
1753503331504,04:15:31.504,AAVE/USDT:USDT,297.52,202.1,297.51,51.6,297.53,8.9,297.54,0.5
1753503331604,04:15:31.604,AAVE/USDT:USDT,297.52,202.1,297.51,51.6,297.53,8.9,297.54,0.5
1753503332104,04:15:32.104,AAVE/USDT:USDT,297.52,75.7,297.51,27.1,297.53,8.9,297.54,0.5
1753503332404,04:15:32.404,AAVE/USDT:USDT,297.52,220.1,297.51,69.9,297.53,8.9,297.54,0.5
1753503332804,04:15:32.804,AAVE/USDT:USDT,297.52,220.1,297.51,69.9,297.53,9.3,297.54,0.5
1753503332904,04:15:32.904,AAVE/USDT:USDT,297.52,220.1,297.51,69.9,297.53,9.3,297.54,0.5
1753503333204,04:15:33.204,AAVE/USDT:USDT,297.52,198.8,297.51,69.9,297.53,9.8,297.55,0.3
1753503333404,04:15:33.404,AAVE/USDT:USDT,297.52,198.8,297.51,69.9,297.53,11.2,297.55,0.3
1753503333604,04:15:33.604,AAVE/USDT:USDT,297.52,198.8,297.51,69.9,297.53,11.2,297.55,0.3
1753503333704,04:15:33.704,AAVE/USDT:USDT,297.52,198.8,297.51,69.9,297.53,11.2,297.55,0.3
1753503334104,04:15:34.104,AAVE/USDT:USDT,297.52,72.3,297.51,27.1,297.53,11.2,297.55,0.3
1753503334204,04:15:34.204,AAVE/USDT:USDT,297.52,72.3,297.51,27.1,297.53,11.2,297.55,13.3
1753503334504,04:15:34.504,AAVE/USDT:USDT,297.52,180.8,297.51,69.4,297.53,11.2,297.55,13.3
1753503334804,04:15:34.804,AAVE/USDT:USDT,297.52,180.8,297.51,69.4,297.53,11.2,297.55,13.3
1753503335404,04:15:35.404,AAVE/USDT:USDT,297.52,186.3,297.51,44.9,297.53,5.5,297.55,13.3
1753503336904,04:15:36.904,AAVE/USDT:USDT,297.52,140.7,297.51,38.0,297.53,10.5,297.55,13.3
1753503337104,04:15:37.104,AAVE/USDT:USDT,297.52,140.7,297.51,38.0,297.53,10.5,297.55,13.3
1753503337304,04:15:37.304,AAVE/USDT:USDT,297.52,140.7,297.51,38.0,297.53,10.5,297.55,13.3
1753503337504,04:15:37.504,AAVE/USDT:USDT,297.52,161.8,297.51,38.0,297.53,10.3,297.55,13.3
1753503337804,04:15:37.804,AAVE/USDT:USDT,297.52,82.1,297.51,20.4,297.53,57.1,297.54,45.1
1753503338104,04:15:38.104,AAVE/USDT:USDT,297.52,182.0,297.51,27.1,297.53,10.3,297.54,15.0
1753503338204,04:15:38.204,AAVE/USDT:USDT,297.52,219.5,297.51,62.5,297.53,5.1,297.54,15.0
1753503338604,04:15:38.604,AAVE/USDT:USDT,297.52,74.4,297.51,38.0,297.53,25.2,297.55,13.3
1753503338704,04:15:38.704,AAVE/USDT:USDT,297.52,74.4,297.51,38.0,297.53,10.0,297.55,13.3
1753503338904,04:15:38.904,AAVE/USDT:USDT,297.52,182.7,297.51,38.0,297.53,10.2,297.55,13.3
1753503339004,04:15:39.004,AAVE/USDT:USDT,297.52,182.9,297.51,38.0,297.53,10.3,297.55,13.3
1753503339104,04:15:39.104,AAVE/USDT:USDT,297.52,182.9,297.51,38.0,297.53,10.3,297.55,13.3
1753503339504,04:15:39.504,AAVE/USDT:USDT,297.52,78.1,297.51,20.4,297.53,28.0,297.55,13.3
1753503339604,04:15:39.604,AAVE/USDT:USDT,297.52,128.9,297.51,20.4,297.53,13.2,297.55,13.3
1753503339904,04:15:39.904,AAVE/USDT:USDT,297.52,70.3,297.51,20.4,297.53,13.2,297.55,13.3
1753503341004,04:15:41.004,AAVE/USDT:USDT,297.52,194.7,297.51,37.7,297.53,13.2,297.55,13.3
1753503341104,04:15:41.104,AAVE/USDT:USDT,297.52,68.9,297.51,20.4,297.53,13.2,297.55,13.3
1753503341204,04:15:41.204,AAVE/USDT:USDT,297.52,177.2,297.51,20.4,297.53,13.2,297.55,13.3
1753503341404,04:15:41.404,AAVE/USDT:USDT,297.52,68.4,297.51,20.4,297.53,69.2,297.54,15.8
1753503341804,04:15:41.804,AAVE/USDT:USDT,297.52,85.5,297.51,37.7,297.53,13.5,297.55,13.3
1753503341904,04:15:41.904,AAVE/USDT:USDT,297.52,194.0,297.51,44.4,297.53,13.5,297.55,13.3
1753503342004,04:15:42.004,AAVE/USDT:USDT,297.52,194.0,297.51,44.4,297.53,13.5,297.55,13.3
1753503342504,04:15:42.504,AAVE/USDT:USDT,297.55,41.6,297.54,15.0,297.56,198.7,297.57,63.9
1753503342804,04:15:42.804,AAVE/USDT:USDT,297.55,41.6,297.54,15.0,297.56,173.6,297.57,15.7
1753503343104,04:15:43.104,AAVE/USDT:USDT,297.55,41.6,297.54,15.0,297.56,202.0,297.57,44.1
1753503343204,04:15:43.204,AAVE/USDT:USDT,297.55,41.6,297.54,15.0,297.56,202.0,297.57,44.1
1753503343604,04:15:43.604,AAVE/USDT:USDT,297.55,48.1,297.53,20.5,297.56,201.7,297.57,63.9
1753503343704,04:15:43.704,AAVE/USDT:USDT,297.55,48.1,297.53,0.3,297.56,201.7,297.57,80.9
1753503343804,04:15:43.804,AAVE/USDT:USDT,297.55,46.0,297.53,0.3,297.56,201.7,297.57,80.9
1753503343904,04:15:43.904,AAVE/USDT:USDT,297.55,46.0,297.53,0.3,297.56,201.7,297.57,63.9
1753503344104,04:15:44.104,AAVE/USDT:USDT,297.55,46.0,297.53,0.3,297.56,201.7,297.57,80.9
1753503344404,04:15:44.404,AAVE/USDT:USDT,297.55,46.0,297.53,0.3,297.56,202.0,297.57,44.1
1753503344704,04:15:44.704,AAVE/USDT:USDT,297.55,46.0,297.53,0.3,297.56,202.0,297.57,44.1
1753503344904,04:15:44.904,AAVE/USDT:USDT,297.55,46.0,297.53,0.3,297.56,173.6,297.57,2.1
1753503345304,04:15:45.304,AAVE/USDT:USDT,297.55,46.0,297.53,0.3,297.56,202.1,297.57,68.1
1753503345404,04:15:45.404,AAVE/USDT:USDT,297.55,54.6,297.53,0.3,297.56,202.4,297.57,51.1
1753503345804,04:15:45.804,AAVE/USDT:USDT,297.55,54.8,297.53,0.3,297.56,199.5,297.57,31.3
1753503345904,04:15:45.904,AAVE/USDT:USDT,297.55,54.8,297.53,0.3,297.56,199.5,297.57,31.3
1753503346004,04:15:46.004,AAVE/USDT:USDT,297.55,54.8,297.53,0.3,297.56,199.5,297.57,31.3
1753503347004,04:15:47.004,AAVE/USDT:USDT,297.52,3.0,297.51,0.5,297.53,290.7,297.54,101.3
1753503347304,04:15:47.304,AAVE/USDT:USDT,297.52,4.3,297.51,0.5,297.53,310.0,297.54,101.3
1753503347804,04:15:47.804,AAVE/USDT:USDT,297.45,0.7,297.44,1.2,297.46,403.9,297.47,170.3
1753503348004,04:15:48.004,AAVE/USDT:USDT,297.43,0.9,297.42,0.6,297.44,370.5,297.45,184.0
1753503348504,04:15:48.504,AAVE/USDT:USDT,297.45,65.4,297.44,15.1,297.46,2.0,297.47,47.3
1753503349404,04:15:49.404,AAVE/USDT:USDT,297.45,87.5,297.44,15.1,297.46,2.0,297.48,0.3
1753503349504,04:15:49.504,AAVE/USDT:USDT,297.45,81.8,297.44,15.1,297.46,2.0,297.48,0.3
1753503349704,04:15:49.704,AAVE/USDT:USDT,297.45,81.8,297.44,15.1,297.46,2.0,297.48,0.3
1753503350004,04:15:50.004,AAVE/USDT:USDT,297.45,56.6,297.44,15.1,297.46,26.8,297.47,24.8
1753503350804,04:15:50.804,AAVE/USDT:USDT,297.45,202.8,297.44,45.1,297.46,2.0,297.48,0.3
1753503350904,04:15:50.904,AAVE/USDT:USDT,297.45,202.8,297.44,45.1,297.46,2.0,297.48,0.3
1753503351204,04:15:51.204,AAVE/USDT:USDT,297.45,102.7,297.44,30.2,297.46,2.0,297.48,0.3
1753503351704,04:15:51.704,AAVE/USDT:USDT,297.45,2.3,297.44,15.1,297.46,73.2,297.47,24.8
1753503352004,04:15:52.004,AAVE/USDT:USDT,297.44,35.3,297.43,36.3,297.45,5.0,297.46,54.1
1753503352104,04:15:52.104,AAVE/USDT:USDT,297.44,17.3,297.43,36.3,297.45,22.6,297.46,54.1
1753503352204,04:15:52.204,AAVE/USDT:USDT,297.44,17.3,297.43,0.7,297.45,47.2,297.46,79.7
1753503352404,04:15:52.404,AAVE/USDT:USDT,297.43,0.9,297.42,0.8,297.44,324.6,297.45,153.5
1753503353104,04:15:53.104,AAVE/USDT:USDT,297.43,0.9,297.42,0.8,297.44,342.7,297.45,126.2
1753503353204,04:15:53.204,AAVE/USDT:USDT,297.43,0.9,297.42,0.8,297.44,342.7,297.45,126.2
1753503353504,04:15:53.504,AAVE/USDT:USDT,297.43,0.9,297.42,0.8,297.44,358.1,297.45,126.2
1753503353604,04:15:53.604,AAVE/USDT:USDT,297.38,20.3,297.37,13.4,297.39,308.3,297.4,107.9
1753503354404,04:15:54.404,AAVE/USDT:USDT,297.37,0.9,297.36,14.7,297.38,277.3,297.39,74.4
1753503354604,04:15:54.604,AAVE/USDT:USDT,297.37,0.9,297.36,14.7,297.38,321.6,297.39,50.5
1753503354904,04:15:54.904,AAVE/USDT:USDT,297.37,0.9,297.36,14.7,297.38,321.9,297.39,50.5
1753503355104,04:15:55.104,AAVE/USDT:USDT,297.37,0.9,297.36,14.7,297.38,213.2,297.39,50.5
1753503355204,04:15:55.204,AAVE/USDT:USDT,297.37,0.9,297.36,14.7,297.38,321.9,297.39,50.5
1753503355504,04:15:55.504,AAVE/USDT:USDT,297.37,0.9,297.36,14.7,297.38,210.6,297.39,64.2
1753503356104,04:15:56.104,AAVE/USDT:USDT,297.37,63.0,297.36,14.7,297.38,64.1,297.39,23.6
1753503356204,04:15:56.204,AAVE/USDT:USDT,297.37,56.3,297.36,14.7,297.38,66.8,297.39,23.6
1753503356304,04:15:56.304,AAVE/USDT:USDT,297.37,2.3,297.36,14.7,297.38,142.6,297.39,23.6
1753503356504,04:15:56.504,AAVE/USDT:USDT,297.37,2.3,297.36,14.7,297.38,197.1,297.39,23.6
1753503357404,04:15:57.404,AAVE/USDT:USDT,297.37,2.3,297.36,0.4,297.38,193.8,297.39,22.8
1753503357704,04:15:57.704,AAVE/USDT:USDT,297.35,1.2,297.34,0.4,297.36,379.4,297.37,96.2
1753503358004,04:15:58.004,AAVE/USDT:USDT,297.35,1.4,297.34,0.4,297.36,407.0,297.37,120.7
1753503358104,04:15:58.104,AAVE/USDT:USDT,297.35,1.4,297.34,0.4,297.36,407.0,297.37,120.7
1753503358204,04:15:58.204,AAVE/USDT:USDT,297.35,1.4,297.34,0.4,297.36,407.0,297.37,120.7
1753503358504,04:15:58.504,AAVE/USDT:USDT,297.33,2.8,297.32,14.7,297.34,169.3,297.35,121.5
1753503358604,04:15:58.604,AAVE/USDT:USDT,297.33,43.2,297.32,14.7,297.34,20.2,297.35,107.7
1753503358804,04:15:58.804,AAVE/USDT:USDT,297.33,4.9,297.32,14.7,297.34,63.1,297.35,126.1
1753503360004,04:16:00.004,AAVE/USDT:USDT,297.33,89.4,297.32,14.7,297.34,15.4,297.35,52.7
1753503360104,04:16:00.104,AAVE/USDT:USDT,297.33,89.6,297.32,14.7,297.34,14.9,297.35,33.7
1753503360504,04:16:00.504,AAVE/USDT:USDT,297.33,56.9,297.32,14.7,297.34,36.4,297.35,33.7
1753503360804,04:16:00.804,AAVE/USDT:USDT,297.33,45.6,297.32,14.7,297.34,22.1,297.36,91.7
1753503361004,04:16:01.004,AAVE/USDT:USDT,297.33,46.5,297.32,15.1,297.34,22.1,297.35,27.5
1753503361504,04:16:01.504,AAVE/USDT:USDT,297.33,43.0,297.32,0.8,297.34,85.3,297.35,63.5
1753503361604,04:16:01.604,AAVE/USDT:USDT,297.33,43.0,297.32,0.8,297.34,193.8,297.35,63.5
1753503361704,04:16:01.704,AAVE/USDT:USDT,297.33,43.0,297.32,0.8,297.34,194.0,297.35,63.5
1753503361904,04:16:01.904,AAVE/USDT:USDT,297.33,43.0,297.32,0.8,297.34,85.5,297.35,63.5
1753503362004,04:16:02.004,AAVE/USDT:USDT,297.33,43.0,297.32,0.8,297.34,85.8,297.35,63.5
1753503362104,04:16:02.104,AAVE/USDT:USDT,297.33,175.5,297.32,15.1,297.34,1.9,297.36,14.7
1753503362804,04:16:02.804,AAVE/USDT:USDT,297.33,203.2,297.32,15.1,297.34,4.8,297.36,14.7
1753503362904,04:16:02.904,AAVE/USDT:USDT,297.33,182.8,297.32,15.1,297.34,25.0,297.36,14.7
1753503363504,04:16:03.504,AAVE/USDT:USDT,297.33,46.8,297.32,15.1,297.34,27.1,297.36,27.7
1753503363604,04:16:03.604,AAVE/USDT:USDT,297.33,46.8,297.32,15.1,297.34,27.1,297.35,24.9
1753503364004,04:16:04.004,AAVE/USDT:USDT,297.33,46.8,297.32,15.1,297.34,27.1,297.35,24.9
1753503364804,04:16:04.804,AAVE/USDT:USDT,297.33,46.5,297.32,15.1,297.34,64.5,297.35,24.9
1753503365104,04:16:05.104,AAVE/USDT:USDT,297.33,46.5,297.32,15.1,297.34,64.5,297.36,27.7
1753503365704,04:16:05.704,AAVE/USDT:USDT,297.33,46.4,297.32,15.1,297.34,64.5,297.35,24.9
1753503366104,04:16:06.104,AAVE/USDT:USDT,297.33,196.9,297.32,30.0,297.34,6.9,297.36,27.7
1753503366304,04:16:06.304,AAVE/USDT:USDT,297.33,46.4,297.32,15.1,297.34,27.1,297.35,24.9
1753503366804,04:16:06.804,AAVE/USDT:USDT,297.33,46.4,297.32,15.1,297.34,27.1,297.35,24.9
1753503367104,04:16:07.104,AAVE/USDT:USDT,297.33,46.4,297.32,15.1,297.34,27.1,297.35,24.9
1753503367404,04:16:07.404,AAVE/USDT:USDT,297.33,43.5,297.32,15.1,297.34,27.3,297.35,24.9
1753503367504,04:16:07.504,AAVE/USDT:USDT,297.33,43.5,297.32,15.1,297.34,27.3,297.35,24.9
1753503367804,04:16:07.804,AAVE/USDT:USDT,297.33,173.0,297.32,30.0,297.34,7.1,297.36,27.7
1753503368104,04:16:08.104,AAVE/USDT:USDT,297.33,197.1,297.32,30.0,297.34,7.1,297.36,27.7
1753503368204,04:16:08.204,AAVE/USDT:USDT,297.33,197.5,297.32,30.0,297.34,7.1,297.36,27.7
1753503368604,04:16:08.604,AAVE/USDT:USDT,297.33,43.9,297.32,15.1,297.34,52.2,297.35,24.9
1753503369104,04:16:09.104,AAVE/USDT:USDT,297.33,62.5,297.32,15.1,297.34,27.3,297.36,27.7
1753503370104,04:16:10.104,AAVE/USDT:USDT,297.33,194.9,297.32,28.9,297.34,7.0,297.36,27.7
1753503370204,04:16:10.204,AAVE/USDT:USDT,297.33,195.8,297.32,52.5,297.34,7.0,297.36,27.7
1753503370804,04:16:10.804,AAVE/USDT:USDT,297.33,55.2,297.32,15.1,297.34,7.0,297.36,27.7
1753503370904,04:16:10.904,AAVE/USDT:USDT,297.33,62.3,297.32,15.1,297.34,7.0,297.36,27.7
1753503371004,04:16:11.004,AAVE/USDT:USDT,297.33,82.3,297.32,28.9,297.34,7.0,297.36,27.7
1753503371104,04:16:11.104,AAVE/USDT:USDT,297.33,82.3,297.32,28.9,297.34,7.0,297.36,27.7
1753503371204,04:16:11.204,AAVE/USDT:USDT,297.33,82.3,297.32,28.9,297.34,7.0,297.36,27.7
1753503371804,04:16:11.804,AAVE/USDT:USDT,297.33,96.3,297.32,15.1,297.34,7.5,297.36,27.7
1753503372004,04:16:12.004,AAVE/USDT:USDT,297.33,96.5,297.32,15.1,297.34,7.5,297.36,27.7
1753503372204,04:16:12.204,AAVE/USDT:USDT,297.33,136.6,297.32,15.1,297.34,8.8,297.36,27.7
1753503372404,04:16:12.404,AAVE/USDT:USDT,297.33,69.4,297.32,15.1,297.34,28.9,297.35,22.9
1753503373104,04:16:13.104,AAVE/USDT:USDT,297.33,62.8,297.32,0.8,297.34,47.0,297.35,22.9
1753503373804,04:16:13.804,AAVE/USDT:USDT,297.33,53.7,297.32,34.8,297.34,8.9,297.36,27.7
1753503375204,04:16:15.204,AAVE/USDT:USDT,297.33,28.7,297.32,14.3,297.34,1260.1,297.36,14.7
1753503375404,04:16:15.404,AAVE/USDT:USDT,297.33,28.7,297.32,14.3,297.34,1260.1,297.36,14.7
1753503375604,04:16:15.604,AAVE/USDT:USDT,297.33,28.7,297.32,14.3,297.34,1260.0,297.36,14.7
1753503376004,04:16:16.004,AAVE/USDT:USDT,297.33,80.5,297.32,28.1,297.34,1260.0,297.36,14.7
1753503376304,04:16:16.304,AAVE/USDT:USDT,297.33,80.5,297.32,28.1,297.34,1260.0,297.36,14.7
1753503376604,04:16:16.604,AAVE/USDT:USDT,297.33,53.6,297.32,14.3,297.34,1264.0,297.36,14.7
1753503376904,04:16:16.904,AAVE/USDT:USDT,297.33,28.7,297.32,0.8,297.34,1404.0,297.35,13.8
1753503377104,04:16:17.104,AAVE/USDT:USDT,297.33,28.7,297.32,0.8,297.34,1264.0,297.36,49.8
1753503377204,04:16:17.204,AAVE/USDT:USDT,297.33,28.7,297.32,0.8,297.34,1374.1,297.36,49.8
1753503377404,04:16:17.404,AAVE/USDT:USDT,297.33,28.7,297.32,0.8,297.34,1407.6,297.35,36.7
1753503377604,04:16:17.604,AAVE/USDT:USDT,297.33,28.7,297.32,0.8,297.34,1407.6,297.35,36.7
1753503377704,04:16:17.704,AAVE/USDT:USDT,297.33,28.7,297.32,0.8,297.34,1407.6,297.35,36.7
1753503378004,04:16:18.004,AAVE/USDT:USDT,297.33,28.7,297.32,0.8,297.34,1407.6,297.35,36.7
1753503378504,04:16:18.504,AAVE/USDT:USDT,297.32,2.2,297.31,1.3,297.33,404.5,297.34,1302.8
1753503378604,04:16:18.604,AAVE/USDT:USDT,297.31,1.0,297.3,1.1,297.32,374.8,297.33,476.5
1753503379504,04:16:19.504,AAVE/USDT:USDT,297.3,1.9,297.29,0.8,297.31,424.4,297.32,196.9
1753503379804,04:16:19.804,AAVE/USDT:USDT,297.3,1.9,297.29,0.8,297.31,401.5,297.32,174.0
1753503379904,04:16:19.904,AAVE/USDT:USDT,297.3,1.9,297.29,0.8,297.31,401.5,297.32,174.0
1753503380104,04:16:20.104,AAVE/USDT:USDT,297.3,1.9,297.29,0.8,297.31,401.5,297.32,196.7
1753503380504,04:16:20.504,AAVE/USDT:USDT,297.3,0.7,297.29,0.8,297.31,402.5,297.32,196.7
1753503380604,04:16:20.604,AAVE/USDT:USDT,297.3,0.7,297.29,0.8,297.31,402.5,297.32,196.7
1753503381204,04:16:21.204,AAVE/USDT:USDT,297.29,0.5,297.28,0.6,297.3,269.5,297.31,161.2
1753503381704,04:16:21.704,AAVE/USDT:USDT,297.29,15.4,297.28,0.3,297.3,214.6,297.31,157.4
1753503382104,04:16:22.104,AAVE/USDT:USDT,297.29,15.4,297.28,0.3,297.3,217.1,297.31,158.2
1753503382204,04:16:22.204,AAVE/USDT:USDT,297.29,15.4,297.28,0.3,297.3,218.4,297.31,158.2
1753503382504,04:16:22.504,AAVE/USDT:USDT,297.26,0.5,297.25,33.9,297.27,252.9,297.28,180.7
1753503382704,04:16:22.704,AAVE/USDT:USDT,297.26,0.5,297.25,33.9,297.27,254.2,297.28,156.0
1753503382904,04:16:22.904,AAVE/USDT:USDT,297.26,0.5,297.25,33.9,297.27,212.4,297.28,120.3
1753503383104,04:16:23.104,AAVE/USDT:USDT,297.26,18.9,297.25,33.6,297.27,29.5,297.28,74.0
1753503384004,04:16:24.004,AAVE/USDT:USDT,297.26,3.2,297.25,33.6,297.27,29.6,297.28,119.8
1753503384204,04:16:24.204,AAVE/USDT:USDT,297.26,3.2,297.25,33.6,297.27,29.6,297.28,119.8
1753503384504,04:16:24.504,AAVE/USDT:USDT,297.26,3.2,297.25,33.6,297.27,152.4,297.28,134.1
1753503384804,04:16:24.804,AAVE/USDT:USDT,297.26,0.9,297.25,33.6,297.27,192.4,297.28,134.1
1753503385204,04:16:25.204,AAVE/USDT:USDT,297.26,0.9,297.25,33.6,297.27,191.6,297.28,134.1
