timestamp,time,symbol,bid1_price,bid1_volume,bid2_price,bid2_volume,ask1_price,ask1_volume,ask2_price,ask2_volume
1753504243410,04:30:43.410,ALGO/USDT:USDT,0.2691,21015.5,0.269,5707.1,0.2692,24743.7,0.2693,79970.0
1753504243711,04:30:43.711,ALGO/USDT:USDT,0.2691,21015.5,0.269,5707.1,0.2692,24743.7,0.2693,79970.0
1753504243861,04:30:43.861,ALGO/USDT:USDT,0.2691,21015.5,0.269,5707.1,0.2692,24743.7,0.2693,79970.0
1753504244011,04:30:44.011,ALGO/USDT:USDT,0.2691,21015.5,0.269,5707.1,0.2692,24743.7,0.2693,79970.0
1753504244161,04:30:44.161,ALGO/USDT:USDT,0.2691,21015.5,0.269,5707.1,0.2692,24743.7,0.2693,79970.0
1753504244311,04:30:44.311,ALGO/USDT:USDT,0.2691,21015.5,0.269,5707.1,0.2692,24743.7,0.2693,79970.0
1753504244461,04:30:44.461,ALGO/USDT:USDT,0.2691,20767.8,0.269,5707.1,0.2692,24743.7,0.2693,79970.0
1753504244611,04:30:44.611,ALGO/USDT:USDT,0.2691,20767.8,0.269,5707.1,0.2692,24743.7,0.2693,79970.0
1753504244761,04:30:44.761,ALGO/USDT:USDT,0.2691,20767.8,0.269,5707.1,0.2692,24743.7,0.2693,79970.0
1753504244911,04:30:44.911,ALGO/USDT:USDT,0.2691,20767.8,0.269,5707.1,0.2692,24743.7,0.2693,79970.0
1753504245962,04:30:45.962,ALGO/USDT:USDT,0.2691,20767.8,0.269,5707.1,0.2692,24743.7,0.2693,79970.0
1753504246712,04:30:46.712,ALGO/USDT:USDT,0.2691,20767.8,0.269,5707.1,0.2692,24743.7,0.2693,79970.0
1753504246863,04:30:46.863,ALGO/USDT:USDT,0.2691,20767.8,0.269,1906.6,0.2692,27727.4,0.2693,79970.0
1753504247013,04:30:47.013,ALGO/USDT:USDT,0.2691,20767.8,0.269,1906.6,0.2692,27727.4,0.2693,79970.0
1753504247313,04:30:47.313,ALGO/USDT:USDT,0.2691,20767.8,0.269,1906.6,0.2692,27727.4,0.2693,79970.0
1753504247463,04:30:47.463,ALGO/USDT:USDT,0.2691,20767.8,0.269,1906.6,0.2692,27727.4,0.2693,79970.0
1753504247613,04:30:47.613,ALGO/USDT:USDT,0.2691,20767.8,0.269,1906.6,0.2692,27727.4,0.2693,79970.0
1753504247763,04:30:47.763,ALGO/USDT:USDT,0.2691,20168.7,0.269,1906.6,0.2692,27727.4,0.2693,79970.0
1753504247913,04:30:47.913,ALGO/USDT:USDT,0.2691,20168.7,0.269,2749.0,0.2692,27727.4,0.2693,80730.0
1753504248063,04:30:48.063,ALGO/USDT:USDT,0.2691,20168.7,0.269,2749.0,0.2692,27727.4,0.2693,80730.0
1753504248213,04:30:48.213,ALGO/USDT:USDT,0.2691,20168.7,0.269,7791.1,0.2692,7084.4,0.2693,98184.8
1753504248363,04:30:48.363,ALGO/USDT:USDT,0.2691,20168.7,0.269,7791.1,0.2692,7084.4,0.2693,98184.8
1753504248514,04:30:48.514,ALGO/USDT:USDT,0.2691,20168.7,0.269,7791.1,0.2692,7084.4,0.2693,98184.8
1753504248664,04:30:48.664,ALGO/USDT:USDT,0.2691,20168.7,0.269,7791.1,0.2692,7084.4,0.2693,98184.8
1753504248814,04:30:48.814,ALGO/USDT:USDT,0.2691,20168.7,0.269,7791.1,0.2692,7084.4,0.2693,98184.8
1753504248964,04:30:48.964,ALGO/USDT:USDT,0.2691,20168.7,0.269,7791.1,0.2692,7084.4,0.2693,98184.8
1753504249114,04:30:49.114,ALGO/USDT:USDT,0.2691,20168.7,0.269,7791.1,0.2692,7084.4,0.2693,98184.8
1753504249264,04:30:49.264,ALGO/USDT:USDT,0.2691,20168.7,0.269,7791.1,0.2692,7084.4,0.2693,98184.8
1753504249414,04:30:49.414,ALGO/USDT:USDT,0.2691,20168.7,0.269,7791.1,0.2692,7926.8,0.2693,98184.8
1753504249564,04:30:49.564,ALGO/USDT:USDT,0.2691,20168.7,0.269,7791.1,0.2692,7926.8,0.2693,98184.8
1753504249714,04:30:49.714,ALGO/USDT:USDT,0.2691,20168.7,0.269,7791.1,0.2692,7926.8,0.2693,98184.8
1753504249864,04:30:49.864,ALGO/USDT:USDT,0.2691,20168.7,0.269,7791.1,0.2692,7926.8,0.2693,98184.8
1753504250014,04:30:50.014,ALGO/USDT:USDT,0.2691,1906.6,0.269,2749.0,0.2692,7926.8,0.2693,99810.9
1753504250165,04:30:50.165,ALGO/USDT:USDT,0.269,2749.0,0.2689,167588.0,0.2692,10821.7,0.2693,99810.9
1753504250315,04:30:50.315,ALGO/USDT:USDT,0.269,30378.8,0.2689,56172.9,0.2691,2015.3,0.2692,23833.4
1753504250465,04:30:50.465,ALGO/USDT:USDT,0.269,30378.8,0.2689,56544.5,0.2691,2015.3,0.2692,41288.9
1753504250615,04:30:50.615,ALGO/USDT:USDT,0.269,30378.8,0.2689,56544.5,0.2691,2015.3,0.2692,41288.9
1753504250765,04:30:50.765,ALGO/USDT:USDT,0.269,30378.8,0.2689,56544.5,0.2691,2015.3,0.2692,41288.9
1753504250915,04:30:50.915,ALGO/USDT:USDT,0.269,30378.8,0.2689,56544.5,0.2691,2015.3,0.2692,41288.9
1753504251065,04:30:51.065,ALGO/USDT:USDT,0.269,30378.8,0.2689,56544.5,0.2691,2015.3,0.2692,41288.9
1753504251215,04:30:51.215,ALGO/USDT:USDT,0.269,30378.8,0.2689,56544.5,0.2691,2015.3,0.2692,38305.2
1753504251365,04:30:51.365,ALGO/USDT:USDT,0.269,14842.4,0.2689,4570.6,0.2691,20705.9,0.2692,38305.2
1753504251515,04:30:51.515,ALGO/USDT:USDT,0.269,21011.1,0.2689,4199.0,0.2691,19717.6,0.2692,38305.2
1753504251666,04:30:51.666,ALGO/USDT:USDT,0.269,21011.1,0.2689,4199.0,0.2691,19717.6,0.2692,38305.2
1753504251816,04:30:51.816,ALGO/USDT:USDT,0.269,21011.1,0.2689,4570.6,0.2691,19717.6,0.2692,38305.2
1753504251966,04:30:51.966,ALGO/USDT:USDT,0.269,21011.1,0.2689,7430.5,0.2691,19717.6,0.2692,38305.2
1753504252116,04:30:52.116,ALGO/USDT:USDT,0.269,21011.1,0.2689,7430.5,0.2691,19717.6,0.2692,38305.2
1753504252266,04:30:52.266,ALGO/USDT:USDT,0.269,21011.1,0.2689,7430.5,0.2691,19717.6,0.2692,38305.2
1753504252416,04:30:52.416,ALGO/USDT:USDT,0.269,21011.1,0.2689,7430.5,0.2691,24647.0,0.2692,41288.9
1753504252566,04:30:52.566,ALGO/USDT:USDT,0.269,21011.1,0.2689,7430.5,0.2691,24647.0,0.2692,41288.9
1753504252716,04:30:52.716,ALGO/USDT:USDT,0.269,21011.1,0.2689,7058.9,0.2691,24647.0,0.2692,41288.9
1753504252866,04:30:52.866,ALGO/USDT:USDT,0.269,21011.1,0.2689,7058.9,0.2691,24647.0,0.2692,41288.9
1753504253016,04:30:53.016,ALGO/USDT:USDT,0.269,21011.1,0.2689,7058.9,0.2691,24647.0,0.2692,41288.9
1753504253167,04:30:53.167,ALGO/USDT:USDT,0.269,21011.1,0.2689,7058.9,0.2691,24647.0,0.2692,41288.9
1753504253317,04:30:53.317,ALGO/USDT:USDT,0.269,21011.1,0.2689,7058.9,0.2691,24647.0,0.2692,41288.9
1753504253467,04:30:53.467,ALGO/USDT:USDT,0.269,21011.1,0.2689,7058.9,0.2691,24647.0,0.2692,41288.9
1753504253617,04:30:53.617,ALGO/USDT:USDT,0.269,21011.1,0.2689,6298.9,0.2691,24647.0,0.2692,41288.9
1753504253917,04:30:53.917,ALGO/USDT:USDT,0.269,21011.1,0.2689,6298.9,0.2691,24647.0,0.2692,41288.9
1753504254067,04:30:54.067,ALGO/USDT:USDT,0.269,21011.1,0.2689,6298.9,0.2691,24647.0,0.2692,41288.9
1753504254217,04:30:54.217,ALGO/USDT:USDT,0.269,21011.1,0.2689,6298.9,0.2691,24647.0,0.2692,41288.9
1753504254367,04:30:54.367,ALGO/USDT:USDT,0.269,21011.1,0.2689,6298.9,0.2691,24647.0,0.2692,41288.9
1753504254517,04:30:54.517,ALGO/USDT:USDT,0.269,21011.1,0.2689,6298.9,0.2691,24647.0,0.2692,41288.9
1753504254667,04:30:54.667,ALGO/USDT:USDT,0.269,21011.1,0.2689,6298.9,0.2691,24647.0,0.2692,41288.9
1753504254818,04:30:54.818,ALGO/USDT:USDT,0.269,21011.1,0.2689,6298.9,0.2691,24647.0,0.2692,41288.9
1753504254968,04:30:54.968,ALGO/USDT:USDT,0.269,21011.1,0.2689,6298.9,0.2691,24647.0,0.2692,41288.9
1753504255118,04:30:55.118,ALGO/USDT:USDT,0.269,21011.1,0.2689,6298.9,0.2691,24647.0,0.2692,41288.9
1753504255268,04:30:55.268,ALGO/USDT:USDT,0.269,21011.1,0.2689,6298.9,0.2691,24647.0,0.2692,41288.9
1753504255418,04:30:55.418,ALGO/USDT:USDT,0.269,21011.1,0.2689,6298.9,0.2691,24647.0,0.2692,41288.9
1753504255568,04:30:55.568,ALGO/USDT:USDT,0.269,21011.1,0.2689,6298.9,0.2691,24647.0,0.2692,41288.9
1753504255718,04:30:55.718,ALGO/USDT:USDT,0.269,21011.1,0.2689,6298.9,0.2691,24647.0,0.2692,41288.9
1753504255868,04:30:55.868,ALGO/USDT:USDT,0.269,21011.1,0.2689,6298.9,0.2691,24647.0,0.2692,41288.9
1753504256018,04:30:56.018,ALGO/USDT:USDT,0.269,21011.1,0.2689,6298.9,0.2691,24647.0,0.2692,41288.9
1753504256168,04:30:56.168,ALGO/USDT:USDT,0.269,21011.1,0.2689,6298.9,0.2691,24647.0,0.2692,41288.9
1753504256318,04:30:56.318,ALGO/USDT:USDT,0.269,21011.1,0.2689,6298.9,0.2691,24647.0,0.2692,41288.9
1753504256619,04:30:56.619,ALGO/USDT:USDT,0.269,21011.1,0.2689,6298.9,0.2691,27630.7,0.2692,38305.2
1753504256769,04:30:56.769,ALGO/USDT:USDT,0.269,16749.0,0.2689,6298.9,0.2691,27630.7,0.2692,38305.2
1753504256919,04:30:56.919,ALGO/USDT:USDT,0.269,21011.1,0.2689,6298.9,0.2691,27630.7,0.2692,38305.2
1753504257069,04:30:57.069,ALGO/USDT:USDT,0.269,21011.1,0.2689,6298.9,0.2691,27630.7,0.2692,38305.2
1753504257219,04:30:57.219,ALGO/USDT:USDT,0.269,21011.1,0.2689,6298.9,0.2691,27630.7,0.2692,38305.2
1753504257369,04:30:57.369,ALGO/USDT:USDT,0.269,21011.1,0.2689,6298.9,0.2691,27630.7,0.2692,38305.2
1753504257519,04:30:57.519,ALGO/USDT:USDT,0.269,21011.1,0.2689,6298.9,0.2691,27630.7,0.2692,38305.2
1753504257669,04:30:57.669,ALGO/USDT:USDT,0.269,16749.0,0.2689,6298.9,0.2691,27630.7,0.2692,149784.0
1753504257819,04:30:57.819,ALGO/USDT:USDT,0.269,16749.0,0.2689,6298.9,0.2691,27630.7,0.2692,149784.0
1753504257970,04:30:57.970,ALGO/USDT:USDT,0.269,16749.0,0.2689,6298.9,0.2691,27630.7,0.2692,149784.0
1753504258120,04:30:58.120,ALGO/USDT:USDT,0.269,21011.1,0.2689,6298.9,0.2691,27630.7,0.2692,149784.0
1753504258270,04:30:58.270,ALGO/USDT:USDT,0.269,21011.1,0.2689,6298.9,0.2691,27630.7,0.2692,149784.0
1753504258420,04:30:58.420,ALGO/USDT:USDT,0.269,21011.1,0.2689,6298.9,0.2691,27630.7,0.2692,149784.0
1753504258570,04:30:58.570,ALGO/USDT:USDT,0.269,21011.1,0.2689,6298.9,0.2691,24770.8,0.2692,149784.0
1753504258720,04:30:58.720,ALGO/USDT:USDT,0.269,21999.4,0.2689,6298.9,0.2691,24770.8,0.2692,149784.0
1753504258870,04:30:58.870,ALGO/USDT:USDT,0.269,21011.1,0.2689,6298.9,0.2691,16015.3,0.2692,152767.7
1753504259020,04:30:59.020,ALGO/USDT:USDT,0.269,21999.4,0.2689,6298.9,0.2691,2015.3,0.2692,152767.7
1753504259170,04:30:59.170,ALGO/USDT:USDT,0.269,21999.4,0.2689,6298.9,0.2691,2015.3,0.2692,41288.9
1753504259320,04:30:59.320,ALGO/USDT:USDT,0.269,21999.4,0.2689,6298.9,0.2691,2015.3,0.2692,41288.9
1753504259470,04:30:59.470,ALGO/USDT:USDT,0.269,21999.4,0.2689,6298.9,0.2691,2015.3,0.2692,41288.9
1753504259621,04:30:59.621,ALGO/USDT:USDT,0.269,21999.4,0.2689,6298.9,0.2692,41288.9,0.2693,174061.4
1753504259771,04:30:59.771,ALGO/USDT:USDT,0.2691,841.8,0.269,21011.1,0.2692,24821.7,0.2693,174061.4
1753504259921,04:30:59.921,ALGO/USDT:USDT,0.269,21011.1,0.2689,6298.9,0.2691,3022.9,0.2692,23833.4
1753504260071,04:31:00.071,ALGO/USDT:USDT,0.269,21011.1,0.2689,6670.5,0.2691,14022.9,0.2692,41289.8
1753504260221,04:31:00.221,ALGO/USDT:USDT,0.269,21011.1,0.2689,6670.5,0.2691,14022.9,0.2692,41289.8
1753504260371,04:31:00.371,ALGO/USDT:USDT,0.269,21999.4,0.2689,6670.5,0.2691,14022.9,0.2692,41289.8
1753504260521,04:31:00.521,ALGO/USDT:USDT,0.269,21011.1,0.2689,6670.5,0.2691,14022.9,0.2692,41289.8
1753504260671,04:31:00.671,ALGO/USDT:USDT,0.269,21011.1,0.2689,6670.5,0.2691,14022.9,0.2692,41289.8
1753504260821,04:31:00.821,ALGO/USDT:USDT,0.269,21011.1,0.2689,6670.5,0.2691,14022.9,0.2692,41289.8
1753504260971,04:31:00.971,ALGO/USDT:USDT,0.269,21999.4,0.2689,6670.5,0.2691,11000.0,0.2692,41289.8
1753504261122,04:31:01.122,ALGO/USDT:USDT,0.269,21011.1,0.2689,6298.9,0.2691,11000.0,0.2692,41289.8
1753504261272,04:31:01.272,ALGO/USDT:USDT,0.269,21011.1,0.2689,6298.9,0.2691,11000.0,0.2692,41289.8
1753504261422,04:31:01.422,ALGO/USDT:USDT,0.269,21011.1,0.2689,6298.9,0.2691,11000.0,0.2692,41289.8
1753504261572,04:31:01.572,ALGO/USDT:USDT,0.2691,841.8,0.269,21999.4,0.2692,41289.8,0.2693,174061.4
1753504261722,04:31:01.722,ALGO/USDT:USDT,0.2691,14841.8,0.269,21999.4,0.2692,23833.4,0.2693,191520.7
1753504261872,04:31:01.872,ALGO/USDT:USDT,0.2691,14841.8,0.269,21999.4,0.2692,23833.4,0.2693,191892.2
1753504262022,04:31:02.022,ALGO/USDT:USDT,0.2691,19103.9,0.269,21999.4,0.2692,23833.4,0.2693,191892.2
1753504262172,04:31:02.172,ALGO/USDT:USDT,0.2691,19103.9,0.269,21999.4,0.2692,23833.4,0.2693,191892.2
1753504262322,04:31:02.322,ALGO/USDT:USDT,0.2691,19103.9,0.269,21999.4,0.2692,23833.4,0.2693,191892.2
1753504262472,04:31:02.472,ALGO/USDT:USDT,0.2691,19103.9,0.269,21999.4,0.2692,23833.4,0.2693,191892.2
1753504262622,04:31:02.622,ALGO/USDT:USDT,0.2691,14841.8,0.269,21011.1,0.2692,23833.4,0.2693,191892.2
1753504262773,04:31:02.773,ALGO/USDT:USDT,0.2691,14841.8,0.269,21011.1,0.2692,23833.4,0.2693,191520.7
1753504262923,04:31:02.923,ALGO/USDT:USDT,0.2691,14841.8,0.269,21011.1,0.2692,23833.4,0.2693,191520.7
1753504263073,04:31:03.073,ALGO/USDT:USDT,0.2691,14841.8,0.269,21011.1,0.2692,24821.7,0.2693,191520.7
1753504263223,04:31:03.223,ALGO/USDT:USDT,0.2691,841.8,0.269,21011.1,0.2692,24821.7,0.2693,191520.7
1753504263373,04:31:03.373,ALGO/USDT:USDT,0.269,21011.1,0.2689,20298.9,0.2691,3022.9,0.2692,24821.7
1753504263523,04:31:03.523,ALGO/USDT:USDT,0.269,21011.1,0.2689,20298.9,0.2691,3022.9,0.2692,41285.4
1753504263673,04:31:03.673,ALGO/USDT:USDT,0.269,21011.1,0.2689,21058.9,0.2691,3022.9,0.2692,41285.4
1753504263823,04:31:03.823,ALGO/USDT:USDT,0.269,21011.1,0.2689,21058.9,0.2691,3022.9,0.2692,41285.4
1753504263973,04:31:03.973,ALGO/USDT:USDT,0.269,21011.1,0.2689,21430.5,0.2692,41285.4,0.2693,174061.4
1753504264123,04:31:04.123,ALGO/USDT:USDT,0.2691,4304.8,0.269,21999.4,0.2692,23833.4,0.2693,191520.0
1753504264274,04:31:04.274,ALGO/USDT:USDT,0.2691,18304.8,0.269,21011.1,0.2692,23833.4,0.2693,191520.0
1753504264424,04:31:04.424,ALGO/USDT:USDT,0.2691,18304.8,0.269,21011.1,0.2692,23833.4,0.2693,191520.0
1753504264574,04:31:04.574,ALGO/USDT:USDT,0.2691,17463.0,0.269,21011.1,0.2692,23833.4,0.2693,191520.0
1753504264724,04:31:04.724,ALGO/USDT:USDT,0.2691,17463.0,0.269,21011.1,0.2692,23833.4,0.2693,191520.0
1753504264874,04:31:04.874,ALGO/USDT:USDT,0.2691,17463.0,0.269,21011.1,0.2692,23833.4,0.2693,191520.0
1753504265024,04:31:05.024,ALGO/USDT:USDT,0.2691,17463.0,0.269,21011.1,0.2692,23833.4,0.2693,191520.0
1753504265174,04:31:05.174,ALGO/USDT:USDT,0.2691,17463.0,0.269,21011.1,0.2692,23833.4,0.2693,191520.0
1753504265324,04:31:05.324,ALGO/USDT:USDT,0.2691,17463.0,0.269,21011.1,0.2692,23833.4,0.2693,191520.0
1753504265474,04:31:05.474,ALGO/USDT:USDT,0.2691,17463.0,0.269,21011.1,0.2692,23833.4,0.2693,191520.0
1753504265624,04:31:05.624,ALGO/USDT:USDT,0.2691,17463.0,0.269,21011.1,0.2692,23833.4,0.2693,191520.0
1753504265774,04:31:05.774,ALGO/USDT:USDT,0.2691,17463.0,0.269,21011.1,0.2692,23833.4,0.2693,191520.0
1753504265925,04:31:05.925,ALGO/USDT:USDT,0.2691,17463.0,0.269,21011.1,0.2692,23833.4,0.2693,191520.0
1753504266075,04:31:06.075,ALGO/USDT:USDT,0.2691,17463.0,0.269,21011.1,0.2692,23833.4,0.2693,191520.0
1753504266225,04:31:06.225,ALGO/USDT:USDT,0.2691,17463.0,0.269,21011.1,0.2692,23833.4,0.2693,191520.0
1753504266375,04:31:06.375,ALGO/USDT:USDT,0.2691,17463.0,0.269,21011.1,0.2692,23833.4,0.2693,191520.0
1753504266525,04:31:06.525,ALGO/USDT:USDT,0.2691,17463.0,0.269,21011.1,0.2692,23833.4,0.2693,191520.0
1753504266675,04:31:06.675,ALGO/USDT:USDT,0.2691,17463.0,0.269,21011.1,0.2692,23833.4,0.2693,191520.0
1753504266825,04:31:06.825,ALGO/USDT:USDT,0.2691,17463.0,0.269,21011.1,0.2692,23833.4,0.2693,191520.0
1753504266975,04:31:06.975,ALGO/USDT:USDT,0.2691,21725.1,0.269,21011.1,0.2692,21926.8,0.2693,191520.0
1753504267125,04:31:07.125,ALGO/USDT:USDT,0.2691,21725.1,0.269,21011.1,0.2692,21926.8,0.2693,191520.0
1753504267275,04:31:07.275,ALGO/USDT:USDT,0.2691,21725.1,0.269,21011.1,0.2692,23833.4,0.2693,191520.0
1753504267425,04:31:07.425,ALGO/USDT:USDT,0.2691,21725.1,0.269,21011.1,0.2692,23833.4,0.2693,191520.0
1753504267576,04:31:07.576,ALGO/USDT:USDT,0.2691,21725.1,0.269,21011.1,0.2692,23833.4,0.2693,191520.0
1753504267726,04:31:07.726,ALGO/USDT:USDT,0.2691,21725.1,0.269,21011.1,0.2692,23833.4,0.2693,191520.0
1753504267876,04:31:07.876,ALGO/USDT:USDT,0.2691,21725.1,0.269,21011.1,0.2692,23833.4,0.2693,191520.0
1753504268026,04:31:08.026,ALGO/USDT:USDT,0.2691,17463.0,0.269,21011.1,0.2692,23833.4,0.2693,191520.0
1753504268176,04:31:08.176,ALGO/USDT:USDT,0.2691,17463.0,0.269,21011.1,0.2692,24821.7,0.2693,191520.0
1753504268326,04:31:08.326,ALGO/USDT:USDT,0.2691,17463.0,0.269,21011.1,0.2692,24821.7,0.2693,191520.0
1753504268476,04:31:08.476,ALGO/USDT:USDT,0.2691,17463.0,0.269,21011.1,0.2692,24821.7,0.2693,191520.0
1753504268626,04:31:08.626,ALGO/USDT:USDT,0.2691,17463.0,0.269,21011.1,0.2692,24821.7,0.2693,191520.0
1753504268776,04:31:08.776,ALGO/USDT:USDT,0.2691,17463.0,0.269,21011.1,0.2692,24821.7,0.2693,191520.0
1753504268926,04:31:08.926,ALGO/USDT:USDT,0.2691,17463.0,0.269,21011.1,0.2692,24821.7,0.2693,191520.0
1753504269076,04:31:09.076,ALGO/USDT:USDT,0.2691,17463.0,0.269,21011.1,0.2692,24821.7,0.2693,191520.0
1753504269227,04:31:09.227,ALGO/USDT:USDT,0.2691,3463.0,0.269,21011.1,0.2692,24821.7,0.2693,191520.0
1753504269377,04:31:09.377,ALGO/USDT:USDT,0.2691,3463.0,0.269,21011.1,0.2692,24821.7,0.2693,191520.0
1753504269527,04:31:09.527,ALGO/USDT:USDT,0.2691,3463.0,0.269,21011.1,0.2692,24821.7,0.2693,191520.0
1753504269677,04:31:09.677,ALGO/USDT:USDT,0.2691,3463.0,0.269,21011.1,0.2692,23833.4,0.2693,191520.0
1753504269827,04:31:09.827,ALGO/USDT:USDT,0.269,21999.4,0.2689,21058.9,0.2691,3022.9,0.2692,23833.4
1753504269977,04:31:09.977,ALGO/USDT:USDT,0.269,21011.1,0.2689,21430.5,0.2692,41284.1,0.2693,191520.0
1753504270127,04:31:10.127,ALGO/USDT:USDT,0.269,21011.1,0.2689,21430.5,0.2692,23833.4,0.2693,191520.0
1753504270277,04:31:10.277,ALGO/USDT:USDT,0.2691,3463.0,0.269,21011.1,0.2692,23833.4,0.2693,191520.0
1753504270427,04:31:10.427,ALGO/USDT:USDT,0.2691,3463.0,0.269,21011.1,0.2692,23833.4,0.2693,191520.0
1753504270577,04:31:10.577,ALGO/USDT:USDT,0.2691,7725.1,0.269,21011.1,0.2692,23833.4,0.2693,191520.0
1753504270727,04:31:10.727,ALGO/USDT:USDT,0.2692,35107.7,0.2691,32510.3,0.2694,9495.5,0.2695,219348.4
1753504270878,04:31:10.878,ALGO/USDT:USDT,0.2693,31946.7,0.2692,36388.5,0.2694,9888.5,0.2695,76852.9
1753504271028,04:31:11.028,ALGO/USDT:USDT,0.2693,31946.7,0.2692,36388.5,0.2694,12649.0,0.2695,75226.8
1753504271178,04:31:11.178,ALGO/USDT:USDT,0.2693,31946.7,0.2692,36388.5,0.2694,26649.0,0.2695,75226.8
1753504271328,04:31:11.328,ALGO/USDT:USDT,0.2693,32935.0,0.2692,36388.5,0.2694,26649.0,0.2695,75226.8
1753504271478,04:31:11.478,ALGO/USDT:USDT,0.2693,32935.0,0.2692,36388.5,0.2694,26649.0,0.2695,75226.8
1753504271628,04:31:11.628,ALGO/USDT:USDT,0.2693,32935.0,0.2692,36759.7,0.2694,24742.4,0.2695,75226.8
1753504271778,04:31:11.778,ALGO/USDT:USDT,0.2693,32935.0,0.2692,36759.7,0.2694,24742.4,0.2695,75226.8
1753504271928,04:31:11.928,ALGO/USDT:USDT,0.2693,32935.0,0.2692,36759.7,0.2694,24742.4,0.2695,75226.8
1753504272078,04:31:12.078,ALGO/USDT:USDT,0.2693,31946.7,0.2692,36759.7,0.2694,24742.4,0.2695,75226.8
1753504272228,04:31:12.228,ALGO/USDT:USDT,0.2693,31946.7,0.2692,36759.7,0.2694,24742.4,0.2695,75226.8
1753504272379,04:31:12.379,ALGO/USDT:USDT,0.2693,31946.7,0.2692,36759.7,0.2694,24742.4,0.2695,75226.8
1753504272529,04:31:12.529,ALGO/USDT:USDT,0.2693,31946.7,0.2692,36759.7,0.2694,24742.4,0.2695,75226.8
1753504272679,04:31:12.679,ALGO/USDT:USDT,0.2693,31946.7,0.2692,36388.5,0.2694,24742.4,0.2695,75226.8
1753504272829,04:31:12.829,ALGO/USDT:USDT,0.2693,31946.7,0.2692,36388.5,0.2694,24742.4,0.2695,75226.8
1753504272979,04:31:12.979,ALGO/USDT:USDT,0.2693,31946.7,0.2692,36388.5,0.2694,24742.4,0.2695,75226.8
1753504273129,04:31:13.129,ALGO/USDT:USDT,0.2693,31946.7,0.2692,36388.5,0.2694,24742.4,0.2695,75226.8
1753504273279,04:31:13.279,ALGO/USDT:USDT,0.2693,31946.7,0.2692,36388.5,0.2694,24742.4,0.2695,75226.8
1753504273429,04:31:13.429,ALGO/USDT:USDT,0.2693,31946.7,0.2692,36388.5,0.2694,24742.4,0.2695,75226.8
1753504273579,04:31:13.579,ALGO/USDT:USDT,0.2693,31946.7,0.2692,36388.5,0.2694,24742.4,0.2695,75226.8
1753504273729,04:31:13.729,ALGO/USDT:USDT,0.2693,31946.7,0.2692,36388.5,0.2694,24742.4,0.2695,75226.8
1753504273879,04:31:13.879,ALGO/USDT:USDT,0.2693,31946.7,0.2692,36388.5,0.2694,24742.4,0.2695,75226.8
1753504274030,04:31:14.030,ALGO/USDT:USDT,0.2693,33853.3,0.2692,36388.5,0.2694,24742.4,0.2695,73320.2
1753504274180,04:31:14.180,ALGO/USDT:USDT,0.2693,33853.3,0.2692,36388.5,0.2694,24742.4,0.2695,73320.2
1753504274330,04:31:14.330,ALGO/USDT:USDT,0.2693,33853.3,0.2692,36388.5,0.2694,24742.4,0.2695,75226.8
1753504274480,04:31:14.480,ALGO/USDT:USDT,0.2693,33853.3,0.2692,36388.5,0.2694,24742.4,0.2695,75226.8
1753504274630,04:31:14.630,ALGO/USDT:USDT,0.2693,33853.3,0.2692,36388.5,0.2694,24742.4,0.2695,75226.8
1753504274780,04:31:14.780,ALGO/USDT:USDT,0.2693,33853.3,0.2692,36388.5,0.2694,24742.4,0.2695,75226.8
1753504274930,04:31:14.930,ALGO/USDT:USDT,0.2693,33853.3,0.2692,36388.5,0.2694,24742.4,0.2695,75226.8
1753504275230,04:31:15.230,ALGO/USDT:USDT,0.2693,33853.3,0.2692,36388.5,0.2694,24742.4,0.2695,75226.8
1753504275380,04:31:15.380,ALGO/USDT:USDT,0.2693,33853.3,0.2692,36388.5,0.2694,24742.4,0.2695,75226.8
1753504275531,04:31:15.531,ALGO/USDT:USDT,0.2693,33853.3,0.2692,36388.5,0.2694,24742.4,0.2695,75226.8
1753504275681,04:31:15.681,ALGO/USDT:USDT,0.2693,33853.3,0.2692,36388.5,0.2694,24742.4,0.2695,75226.8
1753504275831,04:31:15.831,ALGO/USDT:USDT,0.2693,33853.3,0.2692,36388.5,0.2694,24742.4,0.2695,75226.8
1753504275981,04:31:15.981,ALGO/USDT:USDT,0.2693,33853.3,0.2692,36388.5,0.2694,24742.4,0.2695,75226.8
1753504276131,04:31:16.131,ALGO/USDT:USDT,0.2693,34841.6,0.2692,36388.5,0.2694,24742.4,0.2695,78210.5
1753504276281,04:31:16.281,ALGO/USDT:USDT,0.2693,33853.3,0.2692,35628.5,0.2694,24742.4,0.2695,78210.5
1753504276431,04:31:16.431,ALGO/USDT:USDT,0.2693,33853.3,0.2692,35628.5,0.2694,24742.4,0.2695,78210.5
1753504276581,04:31:16.581,ALGO/USDT:USDT,0.2693,33853.3,0.2692,35628.5,0.2694,24742.4,0.2695,78210.5
1753504276731,04:31:16.731,ALGO/USDT:USDT,0.2693,33853.3,0.2692,35628.5,0.2694,24742.4,0.2695,78210.5
1753504276881,04:31:16.881,ALGO/USDT:USDT,0.2693,24485.6,0.2692,30002.1,0.2694,24742.4,0.2695,78210.5
1753504277031,04:31:17.031,ALGO/USDT:USDT,0.2693,24485.6,0.2692,30002.1,0.2694,24742.4,0.2695,78210.5
1753504277182,04:31:17.182,ALGO/USDT:USDT,0.2693,24485.6,0.2692,30002.1,0.2694,24742.4,0.2695,78210.5
1753504277332,04:31:17.332,ALGO/USDT:USDT,0.2693,24485.6,0.2692,30002.1,0.2694,24742.4,0.2695,78210.5
1753504277482,04:31:17.482,ALGO/USDT:USDT,0.2693,24485.6,0.2692,30002.1,0.2694,24742.4,0.2695,78210.5
1753504277632,04:31:17.632,ALGO/USDT:USDT,0.2693,24485.6,0.2692,30002.1,0.2694,25730.7,0.2695,78210.5
1753504277782,04:31:17.782,ALGO/USDT:USDT,0.2693,24485.6,0.2692,30002.1,0.2694,24742.4,0.2695,78210.5
1753504277932,04:31:17.932,ALGO/USDT:USDT,0.2693,24485.6,0.2692,30002.1,0.2694,10742.4,0.2695,78210.5
1753504278082,04:31:18.082,ALGO/USDT:USDT,0.2693,25473.9,0.2692,30002.1,0.2694,10742.4,0.2695,78210.5
1753504278232,04:31:18.232,ALGO/USDT:USDT,0.2693,25473.9,0.2692,30002.1,0.2694,10742.4,0.2695,78210.5
1753504278382,04:31:18.382,ALGO/USDT:USDT,0.2693,24485.6,0.2692,30002.1,0.2694,10742.4,0.2695,78210.5
1753504278532,04:31:18.532,ALGO/USDT:USDT,0.2693,24485.6,0.2692,30002.1,0.2694,10742.4,0.2695,78210.5
1753504278682,04:31:18.682,ALGO/USDT:USDT,0.2693,24485.6,0.2692,30002.1,0.2694,10742.4,0.2695,78210.5
1753504278833,04:31:18.833,ALGO/USDT:USDT,0.2693,24485.6,0.2692,30002.1,0.2694,10742.4,0.2695,78210.5
1753504278983,04:31:18.983,ALGO/USDT:USDT,0.2693,24485.6,0.2692,30002.1,0.2694,10742.4,0.2695,78210.5
1753504279133,04:31:19.133,ALGO/USDT:USDT,0.2693,24485.6,0.2692,30002.1,0.2694,10742.4,0.2695,78210.5
1753504279283,04:31:19.283,ALGO/USDT:USDT,0.2693,24485.6,0.2692,30002.1,0.2694,10742.4,0.2695,78210.5
1753504279433,04:31:19.433,ALGO/USDT:USDT,0.2693,24485.6,0.2692,30002.1,0.2694,10742.4,0.2695,78210.5
1753504279583,04:31:19.583,ALGO/USDT:USDT,0.2693,24485.6,0.2692,30002.1,0.2694,10742.4,0.2695,78210.5
1753504279733,04:31:19.733,ALGO/USDT:USDT,0.2693,24485.6,0.2692,30002.1,0.2694,10742.4,0.2695,78210.5
1753504279883,04:31:19.883,ALGO/USDT:USDT,0.2693,24485.6,0.2692,30002.1,0.2694,10742.4,0.2695,78210.5
1753504280033,04:31:20.033,ALGO/USDT:USDT,0.2693,24485.6,0.2692,30002.1,0.2694,4262.1,0.2695,73320.2
1753504280183,04:31:20.183,ALGO/USDT:USDT,0.2693,24485.6,0.2692,30002.1,0.2694,5128.2,0.2695,75226.8
1753504280333,04:31:20.333,ALGO/USDT:USDT,0.2693,25473.9,0.2692,30002.1,0.2694,5128.2,0.2695,75226.8
1753504280483,04:31:20.483,ALGO/USDT:USDT,0.2694,12140.4,0.2693,33960.2,0.2695,12748.4,0.2696,30446.3
1753504280634,04:31:20.634,ALGO/USDT:USDT,0.2694,30402.5,0.2693,31628.3,0.2695,12748.4,0.2696,77884.1
1753504280784,04:31:20.784,ALGO/USDT:USDT,0.2694,28495.9,0.2693,31628.3,0.2695,12748.4,0.2696,77884.1
1753504280934,04:31:20.934,ALGO/USDT:USDT,0.2694,28495.9,0.2693,27780.1,0.2695,28655.0,0.2696,77884.1
1753504281084,04:31:21.084,ALGO/USDT:USDT,0.2694,28495.9,0.2693,27780.1,0.2695,31638.7,0.2696,80679.6
1753504281234,04:31:21.234,ALGO/USDT:USDT,0.2694,19128.2,0.2693,27780.1,0.2695,29732.1,0.2696,80679.6
1753504281384,04:31:21.384,ALGO/USDT:USDT,0.2694,19128.2,0.2693,27780.1,0.2695,29732.1,0.2696,80679.6
1753504281534,04:31:21.534,ALGO/USDT:USDT,0.2694,19128.2,0.2693,27780.1,0.2695,29732.1,0.2696,80679.6
1753504281684,04:31:21.684,ALGO/USDT:USDT,0.2694,19128.2,0.2693,27409.0,0.2695,29732.1,0.2696,80679.6
1753504281834,04:31:21.834,ALGO/USDT:USDT,0.2694,19128.2,0.2693,27409.0,0.2695,29732.1,0.2696,80679.6
1753504281984,04:31:21.984,ALGO/USDT:USDT,0.2694,19128.2,0.2693,21782.6,0.2695,26872.2,0.2696,80679.6
1753504282135,04:31:22.135,ALGO/USDT:USDT,0.2694,19128.2,0.2693,24642.5,0.2695,9888.5,0.2696,80679.6
1753504282285,04:31:22.285,ALGO/USDT:USDT,0.2695,9367.7,0.2694,21034.8,0.2696,72475.5,0.2697,131004.0
1753504282435,04:31:22.435,ALGO/USDT:USDT,0.2694,21034.8,0.2693,24642.5,0.2696,55038.4,0.2697,148434.4
1753504282585,04:31:22.585,ALGO/USDT:USDT,0.2694,22023.1,0.2693,24642.5,0.2695,2015.3,0.2696,7600.6
1753504282735,04:31:22.735,ALGO/USDT:USDT,0.2694,22023.1,0.2693,24642.5,0.2695,2015.3,0.2696,26937.6
1753504282885,04:31:22.885,ALGO/USDT:USDT,0.2694,19128.2,0.2693,22153.7,0.2695,25495.5,0.2696,40937.6
1753504283035,04:31:23.035,ALGO/USDT:USDT,0.2693,17131.6,0.2692,34410.4,0.2695,27402.1,0.2696,41697.6
1753504283185,04:31:23.185,ALGO/USDT:USDT,0.2694,31958.9,0.2693,17131.6,0.2695,10507.2,0.2696,44681.3
1753504283335,04:31:23.335,ALGO/USDT:USDT,0.2694,28495.9,0.2693,17131.6,0.2695,12413.8,0.2696,44681.3
1753504283485,04:31:23.485,ALGO/USDT:USDT,0.2694,28495.9,0.2693,17131.6,0.2695,12413.8,0.2696,44681.3
1753504283636,04:31:23.636,ALGO/USDT:USDT,0.2694,14495.9,0.2693,17131.6,0.2695,12413.8,0.2696,44681.3
1753504283786,04:31:23.786,ALGO/USDT:USDT,0.2694,14495.9,0.2693,16760.5,0.2695,13402.1,0.2696,44681.3
1753504283936,04:31:23.936,ALGO/USDT:USDT,0.2694,28495.9,0.2693,16760.5,0.2695,26413.8,0.2696,44681.3
1753504284086,04:31:24.086,ALGO/USDT:USDT,0.2694,28495.9,0.2693,16760.5,0.2695,26413.8,0.2696,44681.3
1753504284236,04:31:24.236,ALGO/USDT:USDT,0.2694,28495.9,0.2693,16760.5,0.2695,26413.8,0.2696,44681.3
1753504284386,04:31:24.386,ALGO/USDT:USDT,0.2694,28495.9,0.2693,16760.5,0.2695,26413.8,0.2696,44681.3
1753504284536,04:31:24.536,ALGO/USDT:USDT,0.2694,28495.9,0.2693,16760.5,0.2695,26413.8,0.2696,44681.3
1753504284686,04:31:24.686,ALGO/USDT:USDT,0.2694,28495.9,0.2693,16760.5,0.2695,26413.8,0.2696,44681.3
1753504284836,04:31:24.836,ALGO/USDT:USDT,0.2694,28495.9,0.2693,16760.5,0.2695,26413.8,0.2696,44681.3
1753504284986,04:31:24.986,ALGO/USDT:USDT,0.2694,28495.9,0.2693,16760.5,0.2695,26413.8,0.2696,44681.3
1753504285136,04:31:25.136,ALGO/USDT:USDT,0.2694,28495.9,0.2693,16760.5,0.2695,12413.8,0.2696,44681.3
1753504285286,04:31:25.286,ALGO/USDT:USDT,0.2694,28495.9,0.2693,16760.5,0.2695,12413.8,0.2696,44681.3
1753504285437,04:31:25.437,ALGO/USDT:USDT,0.2694,28495.9,0.2693,16760.5,0.2695,12413.8,0.2696,44681.3
1753504285587,04:31:25.587,ALGO/USDT:USDT,0.2694,28495.9,0.2693,16760.5,0.2695,12413.8,0.2696,44681.3
1753504285737,04:31:25.737,ALGO/USDT:USDT,0.2694,28495.9,0.2693,16760.5,0.2695,12413.8,0.2696,44681.3
1753504285887,04:31:25.887,ALGO/USDT:USDT,0.2694,28495.9,0.2693,16760.5,0.2695,26413.8,0.2696,44681.3
1753504286037,04:31:26.037,ALGO/USDT:USDT,0.2694,28495.9,0.2693,16760.5,0.2695,26413.8,0.2696,44681.3
1753504286187,04:31:26.187,ALGO/USDT:USDT,0.2694,28495.9,0.2693,16760.5,0.2695,26413.8,0.2696,44681.3
1753504286337,04:31:26.337,ALGO/USDT:USDT,0.2694,28495.9,0.2693,16760.5,0.2695,26413.8,0.2696,44681.3
1753504286487,04:31:26.487,ALGO/USDT:USDT,0.2694,28495.9,0.2693,16760.5,0.2695,26413.8,0.2696,44681.3
1753504286637,04:31:26.637,ALGO/USDT:USDT,0.2694,28495.9,0.2693,16760.5,0.2695,26413.8,0.2696,44681.3
1753504286787,04:31:26.787,ALGO/USDT:USDT,0.2694,28495.9,0.2693,16760.5,0.2695,26413.8,0.2696,44681.3
1753504286938,04:31:26.938,ALGO/USDT:USDT,0.2694,14495.9,0.2693,16760.5,0.2695,26413.8,0.2696,44681.3
1753504287088,04:31:27.088,ALGO/USDT:USDT,0.2694,14495.9,0.2693,34190.7,0.2695,23383.8,0.2696,27250.9
1753504287238,04:31:27.238,ALGO/USDT:USDT,0.2694,14495.9,0.2693,34190.7,0.2695,23383.8,0.2696,27250.9
1753504287388,04:31:27.388,ALGO/USDT:USDT,0.2694,14495.9,0.2693,34190.7,0.2695,23383.8,0.2696,27250.9
1753504287538,04:31:27.538,ALGO/USDT:USDT,0.2694,14495.9,0.2693,34190.7,0.2695,23383.8,0.2696,27250.9
1753504287688,04:31:27.688,ALGO/USDT:USDT,0.2694,14495.9,0.2693,34190.7,0.2695,23383.8,0.2696,27250.9
1753504287838,04:31:27.838,ALGO/USDT:USDT,0.2694,14495.9,0.2693,34190.7,0.2695,26367.5,0.2696,30046.4
1753504287988,04:31:27.988,ALGO/USDT:USDT,0.2694,14495.9,0.2693,34190.7,0.2695,27355.8,0.2696,30046.4
1753504288138,04:31:28.138,ALGO/USDT:USDT,0.2694,14495.9,0.2693,34190.7,0.2695,27355.8,0.2696,30046.4
1753504288288,04:31:28.288,ALGO/USDT:USDT,0.2694,14495.9,0.2693,34190.7,0.2695,27355.8,0.2696,30046.4
1753504288438,04:31:28.438,ALGO/USDT:USDT,0.2694,14495.9,0.2693,34190.7,0.2695,26367.5,0.2696,30046.4
1753504288589,04:31:28.589,ALGO/USDT:USDT,0.2694,14495.9,0.2693,34190.7,0.2695,26367.5,0.2696,30046.4
1753504288739,04:31:28.739,ALGO/USDT:USDT,0.2694,14495.9,0.2693,34190.7,0.2695,24460.9,0.2696,30046.4
1753504288889,04:31:28.889,ALGO/USDT:USDT,0.2694,28495.9,0.2693,34190.7,0.2695,24460.9,0.2696,30046.4
1753504289039,04:31:29.039,ALGO/USDT:USDT,0.2694,14495.9,0.2693,34190.7,0.2695,26367.5,0.2696,30046.4
1753504289339,04:31:29.339,ALGO/USDT:USDT,0.2694,16402.5,0.2693,34190.7,0.2695,24460.9,0.2696,30046.4
1753504289489,04:31:29.489,ALGO/USDT:USDT,0.2694,16402.5,0.2693,34190.7,0.2695,24460.9,0.2696,30046.4
1753504289639,04:31:29.639,ALGO/USDT:USDT,0.2694,16402.5,0.2693,34190.7,0.2695,25449.2,0.2696,30046.4
1753504289789,04:31:29.789,ALGO/USDT:USDT,0.2694,16402.5,0.2693,34190.7,0.2695,25449.2,0.2696,30046.4
1753504289939,04:31:29.939,ALGO/USDT:USDT,0.2694,16402.5,0.2693,34190.7,0.2695,25449.2,0.2696,30046.4
1753504290090,04:31:30.090,ALGO/USDT:USDT,0.2694,16402.5,0.2693,34190.7,0.2695,24460.9,0.2696,30046.4
1753504290240,04:31:30.240,ALGO/USDT:USDT,0.2694,16402.5,0.2693,34190.7,0.2695,24460.9,0.2696,30046.4
1753504290390,04:31:30.390,ALGO/USDT:USDT,0.2694,16402.5,0.2693,34190.7,0.2695,25449.2,0.2696,30046.4
1753504290540,04:31:30.540,ALGO/USDT:USDT,0.2694,16402.5,0.2693,34190.7,0.2695,24460.9,0.2696,30046.4
1753504290690,04:31:30.690,ALGO/USDT:USDT,0.2694,16402.5,0.2693,34190.7,0.2695,24460.9,0.2696,30046.4
1753504290840,04:31:30.840,ALGO/USDT:USDT,0.2694,16402.5,0.2693,34190.7,0.2695,24460.9,0.2696,30046.4
1753504290990,04:31:30.990,ALGO/USDT:USDT,0.2694,16402.5,0.2693,34190.7,0.2695,24460.9,0.2696,30046.4
1753504291140,04:31:31.140,ALGO/USDT:USDT,0.2694,16402.5,0.2693,34190.7,0.2695,24460.9,0.2696,30046.4
1753504291290,04:31:31.290,ALGO/USDT:USDT,0.2694,16402.5,0.2693,34190.7,0.2695,24460.9,0.2696,30046.4
1753504291440,04:31:31.440,ALGO/USDT:USDT,0.2694,16402.5,0.2693,34190.7,0.2695,24460.9,0.2696,30046.4
1753504291590,04:31:31.590,ALGO/USDT:USDT,0.2694,16402.5,0.2693,34190.7,0.2695,25449.2,0.2696,30046.4
1753504291741,04:31:31.741,ALGO/USDT:USDT,0.2694,16402.5,0.2693,34190.7,0.2695,25449.2,0.2696,30046.4
1753504291891,04:31:31.891,ALGO/USDT:USDT,0.2694,6168.7,0.2693,34190.7,0.2695,25449.2,0.2696,30046.4
1753504292041,04:31:32.041,ALGO/USDT:USDT,0.2694,9631.7,0.2693,34190.7,0.2695,25449.2,0.2696,30046.4
1753504292191,04:31:32.191,ALGO/USDT:USDT,0.2694,9631.7,0.2693,34190.7,0.2695,24460.9,0.2696,30046.4
1753504292341,04:31:32.341,ALGO/USDT:USDT,0.2694,9631.7,0.2693,34190.7,0.2695,24460.9,0.2696,30046.4
1753504292491,04:31:32.491,ALGO/USDT:USDT,0.2693,16760.5,0.2692,34410.4,0.2695,27355.8,0.2696,141418.4
1753504292641,04:31:32.641,ALGO/USDT:USDT,0.2693,21022.6,0.2692,51842.1,0.2694,861.7,0.2695,32922.5
1753504292791,04:31:32.791,ALGO/USDT:USDT,0.2693,21022.6,0.2692,52213.3,0.2694,19123.8,0.2695,32922.5
1753504292941,04:31:32.941,ALGO/USDT:USDT,0.2693,21022.6,0.2692,52213.3,0.2694,19123.8,0.2695,80622.4
1753504293091,04:31:33.091,ALGO/USDT:USDT,0.2693,21022.6,0.2692,52213.3,0.2694,19123.8,0.2695,80622.4
1753504293241,04:31:33.241,ALGO/USDT:USDT,0.2693,21022.6,0.2692,52213.3,0.2694,19123.8,0.2695,80622.4
1753504293392,04:31:33.392,ALGO/USDT:USDT,0.2693,21022.6,0.2692,52213.3,0.2694,19123.8,0.2695,80622.4
1753504293692,04:31:33.692,ALGO/USDT:USDT,0.2693,21022.6,0.2692,52213.3,0.2694,19123.8,0.2695,80622.4
1753504293842,04:31:33.842,ALGO/USDT:USDT,0.2693,21022.6,0.2692,51842.1,0.2694,23904.7,0.2695,80622.4
1753504293992,04:31:33.992,ALGO/USDT:USDT,0.2693,21022.6,0.2692,51842.1,0.2694,9043.0,0.2695,79634.1
1753504294142,04:31:34.142,ALGO/USDT:USDT,0.2693,21022.6,0.2692,51842.1,0.2694,9043.0,0.2695,79634.1
1753504294292,04:31:34.292,ALGO/USDT:USDT,0.2693,21022.6,0.2692,51842.1,0.2694,9043.0,0.2695,79634.1
1753504294442,04:31:34.442,ALGO/USDT:USDT,0.2693,21022.6,0.2692,51842.1,0.2694,9043.0,0.2695,79634.1
1753504294742,04:31:34.742,ALGO/USDT:USDT,0.2693,21022.6,0.2692,51842.1,0.2694,9043.0,0.2695,79634.1
1753504294892,04:31:34.892,ALGO/USDT:USDT,0.2693,22010.9,0.2692,51842.1,0.2695,72160.8,0.2696,135639.2
1753504295043,04:31:35.043,ALGO/USDT:USDT,0.2694,4622.6,0.2693,22010.9,0.2695,24460.9,0.2696,183403.0
1753504295193,04:31:35.193,ALGO/USDT:USDT,0.2694,8586.8,0.2693,34200.8,0.2695,27355.8,0.2696,183774.1
1753504295343,04:31:35.343,ALGO/USDT:USDT,0.2694,10493.4,0.2693,34200.8,0.2695,24460.9,0.2696,183774.1
1753504295493,04:31:35.493,ALGO/USDT:USDT,0.2694,8586.8,0.2693,34200.8,0.2695,26367.5,0.2696,183774.1
1753504295643,04:31:35.643,ALGO/USDT:USDT,0.2694,8586.8,0.2693,34200.8,0.2695,26367.5,0.2696,183774.1
1753504295793,04:31:35.793,ALGO/USDT:USDT,0.2694,22586.8,0.2693,34200.8,0.2695,26367.5,0.2696,183774.1
1753504295943,04:31:35.943,ALGO/USDT:USDT,0.2694,22586.8,0.2693,34200.8,0.2695,26367.5,0.2696,183774.1
1753504296093,04:31:36.093,ALGO/USDT:USDT,0.2694,22586.8,0.2693,34200.8,0.2695,26367.5,0.2696,183774.1
1753504296243,04:31:36.243,ALGO/USDT:USDT,0.2694,22586.8,0.2693,34200.8,0.2695,27355.8,0.2696,183403.0
1753504296393,04:31:36.393,ALGO/USDT:USDT,0.2694,22586.8,0.2693,34200.8,0.2695,26367.5,0.2696,183403.0
1753504296543,04:31:36.543,ALGO/USDT:USDT,0.2694,22586.8,0.2693,34200.8,0.2695,26367.5,0.2696,183403.0
1753504296694,04:31:36.694,ALGO/USDT:USDT,0.2694,22586.8,0.2693,34200.8,0.2695,26367.5,0.2696,183403.0
1753504296844,04:31:36.844,ALGO/USDT:USDT,0.2694,22586.8,0.2693,34200.8,0.2695,26367.5,0.2696,183403.0
1753504296994,04:31:36.994,ALGO/USDT:USDT,0.2694,22586.8,0.2693,34200.8,0.2695,26367.5,0.2696,183403.0
1753504297144,04:31:37.144,ALGO/USDT:USDT,0.2694,22586.8,0.2693,34200.8,0.2695,26367.5,0.2696,183403.0
1753504297294,04:31:37.294,ALGO/USDT:USDT,0.2694,22586.8,0.2693,34200.8,0.2695,26367.5,0.2696,183403.0
1753504297444,04:31:37.444,ALGO/USDT:USDT,0.2694,22586.8,0.2693,34200.8,0.2695,26367.5,0.2696,183403.0
1753504297594,04:31:37.594,ALGO/USDT:USDT,0.2694,22586.8,0.2693,34200.8,0.2695,26367.5,0.2696,183403.0
1753504297744,04:31:37.744,ALGO/USDT:USDT,0.2694,22586.8,0.2693,34200.8,0.2695,26367.5,0.2696,183403.0
1753504297894,04:31:37.894,ALGO/USDT:USDT,0.2694,22586.8,0.2693,34200.8,0.2695,26367.5,0.2696,183403.0
1753504298044,04:31:38.044,ALGO/USDT:USDT,0.2694,23575.1,0.2693,34200.8,0.2695,26367.5,0.2696,183403.0
1753504298195,04:31:38.195,ALGO/USDT:USDT,0.2694,23575.1,0.2693,34200.8,0.2695,26367.5,0.2696,183403.0
1753504298345,04:31:38.345,ALGO/USDT:USDT,0.2694,23575.1,0.2693,34200.8,0.2695,26367.5,0.2696,183403.0
1753504298495,04:31:38.495,ALGO/USDT:USDT,0.2694,23575.1,0.2693,34200.8,0.2695,26367.5,0.2696,183403.0
1753504298645,04:31:38.645,ALGO/USDT:USDT,0.2694,23575.1,0.2693,34200.8,0.2695,26367.5,0.2696,183403.0
1753504298795,04:31:38.795,ALGO/USDT:USDT,0.2694,23575.1,0.2693,34200.8,0.2695,26367.5,0.2696,183403.0
1753504298945,04:31:38.945,ALGO/USDT:USDT,0.2694,23575.1,0.2693,34200.8,0.2695,26367.5,0.2696,183403.0
1753504299095,04:31:39.095,ALGO/USDT:USDT,0.2694,23575.1,0.2693,34200.8,0.2695,26367.5,0.2696,182643.0
1753504299245,04:31:39.245,ALGO/USDT:USDT,0.2694,23575.1,0.2693,34200.8,0.2695,26367.5,0.2696,182643.0
1753504299395,04:31:39.395,ALGO/USDT:USDT,0.2694,23575.1,0.2693,34200.8,0.2695,26367.5,0.2696,182643.0
1753504299545,04:31:39.545,ALGO/USDT:USDT,0.2694,23575.1,0.2693,34200.8,0.2695,26367.5,0.2696,182643.0
1753504299695,04:31:39.695,ALGO/USDT:USDT,0.2694,23575.1,0.2693,34200.8,0.2695,26367.5,0.2696,182643.0
1753504299846,04:31:39.846,ALGO/USDT:USDT,0.2694,22586.8,0.2693,34200.8,0.2695,26367.5,0.2696,182643.0
1753504299996,04:31:39.996,ALGO/USDT:USDT,0.2694,22586.8,0.2693,34200.8,0.2695,26367.5,0.2696,182643.0
1753504300146,04:31:40.146,ALGO/USDT:USDT,0.2694,22586.8,0.2693,34200.8,0.2695,26367.5,0.2696,182643.0
1753504300296,04:31:40.296,ALGO/USDT:USDT,0.2694,22586.8,0.2693,34200.8,0.2695,26367.5,0.2696,182643.0
1753504300446,04:31:40.446,ALGO/USDT:USDT,0.2694,22586.8,0.2693,34200.8,0.2695,26367.5,0.2696,182643.0
1753504300596,04:31:40.596,ALGO/USDT:USDT,0.2694,22586.8,0.2693,34200.8,0.2695,26367.5,0.2696,182643.0
1753504300746,04:31:40.746,ALGO/USDT:USDT,0.2694,23575.1,0.2693,34200.8,0.2695,26367.5,0.2696,182643.0
1753504300896,04:31:40.896,ALGO/USDT:USDT,0.2694,23575.1,0.2693,34200.8,0.2695,26367.5,0.2696,182643.0
1753504301046,04:31:41.046,ALGO/USDT:USDT,0.2694,23575.1,0.2693,34200.8,0.2695,26367.5,0.2696,182643.0
1753504301196,04:31:41.196,ALGO/USDT:USDT,0.2694,22586.8,0.2693,34200.8,0.2695,26367.5,0.2696,182643.0
1753504301347,04:31:41.347,ALGO/USDT:USDT,0.2694,22586.8,0.2693,34200.8,0.2695,26367.5,0.2696,182643.0
1753504301497,04:31:41.497,ALGO/USDT:USDT,0.2694,22586.8,0.2693,34200.8,0.2695,26367.5,0.2696,182643.0
1753504301647,04:31:41.647,ALGO/USDT:USDT,0.2694,22586.8,0.2693,34200.8,0.2695,26367.5,0.2696,182643.0
1753504301797,04:31:41.797,ALGO/USDT:USDT,0.2694,22586.8,0.2693,34200.8,0.2695,26367.5,0.2696,182643.0
1753504301947,04:31:41.947,ALGO/USDT:USDT,0.2694,22586.8,0.2693,34200.8,0.2695,26367.5,0.2696,182643.0
1753504302097,04:31:42.097,ALGO/USDT:USDT,0.2694,22586.8,0.2693,34200.8,0.2695,26367.5,0.2696,182643.0
1753504302247,04:31:42.247,ALGO/USDT:USDT,0.2694,22586.8,0.2693,34200.8,0.2695,26367.5,0.2696,182643.0
1753504302397,04:31:42.397,ALGO/USDT:USDT,0.2694,22586.8,0.2693,34200.8,0.2695,26367.5,0.2696,182643.0
1753504302547,04:31:42.547,ALGO/USDT:USDT,0.2694,22586.8,0.2693,34200.8,0.2695,26367.5,0.2696,182643.0
1753504302697,04:31:42.697,ALGO/USDT:USDT,0.2694,22586.8,0.2693,34200.8,0.2695,26367.5,0.2696,182643.0
1753504302847,04:31:42.847,ALGO/USDT:USDT,0.2694,22586.8,0.2693,34200.8,0.2695,26367.5,0.2696,182643.0
1753504302998,04:31:42.998,ALGO/USDT:USDT,0.2694,22586.8,0.2693,34200.8,0.2695,26367.5,0.2696,182643.0
1753504303148,04:31:43.148,ALGO/USDT:USDT,0.2694,22586.8,0.2693,34200.8,0.2695,26367.5,0.2696,182643.0
1753504303298,04:31:43.298,ALGO/USDT:USDT,0.2694,22586.8,0.2693,34200.8,0.2695,26367.5,0.2696,182643.0
1753504303448,04:31:43.448,ALGO/USDT:USDT,0.2696,10214.9,0.2695,33524.5,0.2697,13601.4,0.2698,149780.7
1753504303598,04:31:43.598,ALGO/USDT:USDT,0.2695,54939.5,0.2694,25438.7,0.2697,13601.4,0.2698,125461.9
1753504303748,04:31:43.748,ALGO/USDT:USDT,0.2696,4310.2,0.2695,33900.5,0.2697,75418.3,0.2698,125832.7
1753504303898,04:31:43.898,ALGO/USDT:USDT,0.2696,3463.0,0.2695,51340.6,0.2697,77324.9,0.2698,125832.7
1753504304048,04:31:44.048,ALGO/USDT:USDT,0.2696,3463.0,0.2695,51340.6,0.2697,77324.9,0.2698,125832.7
1753504304198,04:31:44.198,ALGO/USDT:USDT,0.2696,3463.0,0.2695,51340.6,0.2697,77324.9,0.2698,125832.7
1753504304348,04:31:44.348,ALGO/USDT:USDT,0.2696,3463.0,0.2695,51340.6,0.2697,77324.9,0.2698,125832.7
1753504304498,04:31:44.498,ALGO/USDT:USDT,0.2696,8572.3,0.2695,51340.6,0.2697,77324.9,0.2698,125832.7
1753504304649,04:31:44.649,ALGO/USDT:USDT,0.2696,4310.2,0.2695,51340.6,0.2697,77324.9,0.2698,125461.9
1753504304799,04:31:44.799,ALGO/USDT:USDT,0.2696,847.2,0.2695,51340.6,0.2697,77324.9,0.2698,125461.9
1753504304949,04:31:44.949,ALGO/USDT:USDT,0.2695,31993.9,0.2694,40580.5,0.2697,81296.9,0.2698,122478.2
1753504305099,04:31:45.099,ALGO/USDT:USDT,0.2695,9888.5,0.2694,40580.5,0.2696,22004.2,0.2697,82887.7
1753504305249,04:31:45.249,ALGO/USDT:USDT,0.2695,9888.5,0.2694,40580.5,0.2696,21015.9,0.2697,82887.7
1753504305399,04:31:45.399,ALGO/USDT:USDT,0.2695,9888.5,0.2694,40580.5,0.2696,21015.9,0.2697,82887.7
1753504305549,04:31:45.549,ALGO/USDT:USDT,0.2695,9888.5,0.2694,40580.5,0.2696,21015.9,0.2697,82887.7
1753504305699,04:31:45.699,ALGO/USDT:USDT,0.2695,9888.5,0.2694,40580.5,0.2696,21015.9,0.2697,82887.7
1753504305849,04:31:45.849,ALGO/USDT:USDT,0.2695,9888.5,0.2694,40580.5,0.2696,21015.9,0.2697,82887.7
1753504305999,04:31:45.999,ALGO/USDT:USDT,0.2695,5626.4,0.2694,40580.5,0.2696,22004.2,0.2697,82887.7
1753504306300,04:31:46.300,ALGO/USDT:USDT,0.2695,9089.4,0.2694,40580.5,0.2696,22004.2,0.2697,82887.7
1753504306450,04:31:46.450,ALGO/USDT:USDT,0.2695,13351.5,0.2694,40580.5,0.2696,21015.9,0.2697,82887.7
1753504306600,04:31:46.600,ALGO/USDT:USDT,0.2695,13351.5,0.2694,40580.5,0.2696,21015.9,0.2697,82887.7
1753504306750,04:31:46.750,ALGO/USDT:USDT,0.2695,13351.5,0.2694,40580.5,0.2696,22004.2,0.2697,82887.7
1753504306900,04:31:46.900,ALGO/USDT:USDT,0.2695,9089.4,0.2694,40580.5,0.2696,22004.2,0.2697,82887.7
1753504307050,04:31:47.050,ALGO/USDT:USDT,0.2695,9089.4,0.2694,40580.5,0.2696,22004.2,0.2697,82887.7
1753504307200,04:31:47.200,ALGO/USDT:USDT,0.2695,22719.2,0.2694,40580.5,0.2696,26516.9,0.2697,82887.7
1753504307350,04:31:47.350,ALGO/USDT:USDT,0.2695,22719.2,0.2694,40580.5,0.2696,26516.9,0.2697,82887.7
1753504307500,04:31:47.500,ALGO/USDT:USDT,0.2695,22719.2,0.2694,40580.5,0.2696,26516.9,0.2697,82887.7
1753504307650,04:31:47.650,ALGO/USDT:USDT,0.2695,7725.1,0.2694,34194.1,0.2696,26516.9,0.2697,86631.4
1753504307801,04:31:47.801,ALGO/USDT:USDT,0.2695,7725.1,0.2694,34194.1,0.2696,26516.9,0.2697,86631.4
1753504307951,04:31:47.951,ALGO/USDT:USDT,0.2695,7725.1,0.2694,34194.1,0.2696,26516.9,0.2697,86631.4
1753504308101,04:31:48.101,ALGO/USDT:USDT,0.2695,7725.1,0.2694,34194.1,0.2696,26516.9,0.2697,86631.4
1753504308251,04:31:48.251,ALGO/USDT:USDT,0.2695,7725.1,0.2694,34194.1,0.2696,27505.2,0.2697,86631.4
1753504308401,04:31:48.401,ALGO/USDT:USDT,0.2695,7725.1,0.2694,34194.1,0.2696,27505.2,0.2697,86631.4
1753504308551,04:31:48.551,ALGO/USDT:USDT,0.2695,7725.1,0.2694,34194.1,0.2696,26516.9,0.2697,86631.4
1753504308701,04:31:48.701,ALGO/USDT:USDT,0.2695,7725.1,0.2694,34194.1,0.2696,26516.9,0.2697,86631.4
1753504308851,04:31:48.851,ALGO/USDT:USDT,0.2695,7725.1,0.2694,34194.1,0.2696,26516.9,0.2697,86631.4
1753504309001,04:31:49.001,ALGO/USDT:USDT,0.2695,3463.0,0.2694,34194.1,0.2696,27505.2,0.2697,86631.4
1753504309151,04:31:49.151,ALGO/USDT:USDT,0.2695,3463.0,0.2694,34194.1,0.2696,27505.2,0.2697,86631.4
1753504309302,04:31:49.302,ALGO/USDT:USDT,0.2695,3463.0,0.2694,34194.1,0.2696,27505.2,0.2697,86631.4
1753504309452,04:31:49.452,ALGO/USDT:USDT,0.2695,3463.0,0.2694,34194.1,0.2696,27505.2,0.2697,86631.4
1753504309602,04:31:49.602,ALGO/USDT:USDT,0.2695,3463.0,0.2694,34194.1,0.2696,27505.2,0.2697,86631.4
1753504309752,04:31:49.752,ALGO/USDT:USDT,0.2695,3463.0,0.2694,34194.1,0.2696,27505.2,0.2697,86631.4
1753504309902,04:31:49.902,ALGO/USDT:USDT,0.2695,3463.0,0.2694,34194.1,0.2696,27505.2,0.2697,86631.4
1753504310052,04:31:50.052,ALGO/USDT:USDT,0.2695,3463.0,0.2694,34194.1,0.2696,27505.2,0.2697,86631.4
1753504310202,04:31:50.202,ALGO/USDT:USDT,0.2695,3463.0,0.2694,34194.1,0.2696,27505.2,0.2697,86631.4
1753504310352,04:31:50.352,ALGO/USDT:USDT,0.2695,3463.0,0.2694,34194.1,0.2696,27505.2,0.2697,86631.4
1753504310502,04:31:50.502,ALGO/USDT:USDT,0.2695,3463.0,0.2694,34194.1,0.2696,27505.2,0.2697,86631.4
1753504310652,04:31:50.652,ALGO/USDT:USDT,0.2695,3463.0,0.2694,34194.1,0.2696,26516.9,0.2697,86631.4
1753504310802,04:31:50.802,ALGO/USDT:USDT,0.2695,3463.0,0.2694,34194.1,0.2696,26516.9,0.2697,86631.4
1753504310953,04:31:50.953,ALGO/USDT:USDT,0.2694,20194.1,0.2693,28290.8,0.2696,33069.8,0.2697,81068.6
1753504311103,04:31:51.103,ALGO/USDT:USDT,0.2694,7030.4,0.2693,45723.3,0.2695,854.1,0.2696,33069.8
1753504311253,04:31:51.253,ALGO/USDT:USDT,0.2694,16398.1,0.2693,45723.3,0.2695,19116.2,0.2696,32081.5
1753504311403,04:31:51.403,ALGO/USDT:USDT,0.2694,16398.1,0.2693,46094.4,0.2695,19116.2,0.2696,32081.5
1753504311553,04:31:51.553,ALGO/USDT:USDT,0.2694,30398.1,0.2693,46094.4,0.2695,19116.2,0.2696,32081.5
1753504311703,04:31:51.703,ALGO/USDT:USDT,0.2694,31386.4,0.2693,46094.4,0.2695,4779.0,0.2696,24610.3
1753504311853,04:31:51.853,ALGO/USDT:USDT,0.2694,31386.4,0.2693,46094.4,0.2695,4779.0,0.2696,26516.9
1753504312003,04:31:52.003,ALGO/USDT:USDT,0.2694,31386.4,0.2693,46094.4,0.2695,4779.0,0.2696,26516.9
1753504312153,04:31:52.153,ALGO/USDT:USDT,0.2694,31386.4,0.2693,46094.4,0.2695,4779.0,0.2696,26516.9
1753504312304,04:31:52.304,ALGO/USDT:USDT,0.2694,31386.4,0.2693,45723.3,0.2695,4779.0,0.2696,26516.9
1753504312454,04:31:52.454,ALGO/USDT:USDT,0.2694,31386.4,0.2693,45723.3,0.2695,4779.0,0.2696,26516.9
1753504312604,04:31:52.604,ALGO/USDT:USDT,0.2694,31386.4,0.2693,45723.3,0.2695,4779.0,0.2696,26516.9
1753504312754,04:31:52.754,ALGO/USDT:USDT,0.2694,31386.4,0.2693,45723.3,0.2695,4779.0,0.2696,26516.9
1753504312904,04:31:52.904,ALGO/USDT:USDT,0.2694,30398.1,0.2693,45723.3,0.2695,9041.1,0.2696,26516.9
1753504313054,04:31:53.054,ALGO/USDT:USDT,0.2694,30398.1,0.2693,45723.3,0.2695,9041.1,0.2696,26516.9
1753504313204,04:31:53.204,ALGO/USDT:USDT,0.2694,30398.1,0.2693,45723.3,0.2695,4779.0,0.2696,26516.9
1753504313354,04:31:53.354,ALGO/USDT:USDT,0.2694,30398.1,0.2693,45723.3,0.2695,4779.0,0.2696,26516.9
1753504313504,04:31:53.504,ALGO/USDT:USDT,0.2694,31386.4,0.2693,45723.3,0.2696,26516.9,0.2697,81068.6
1753504313654,04:31:53.654,ALGO/USDT:USDT,0.2694,30398.1,0.2693,45723.3,0.2696,27505.2,0.2697,81068.6
1753504313804,04:31:53.804,ALGO/USDT:USDT,0.2695,3463.0,0.2694,30398.1,0.2696,27505.2,0.2697,81068.6
1753504313954,04:31:53.954,ALGO/USDT:USDT,0.2695,3463.0,0.2694,47834.0,0.2696,27505.2,0.2697,81068.6
1753504314104,04:31:54.104,ALGO/USDT:USDT,0.2694,34204.9,0.2693,28290.8,0.2695,854.1,0.2696,28561.2
1753504314255,04:31:54.255,ALGO/USDT:USDT,0.2694,14491.5,0.2693,42866.8,0.2695,21976.1,0.2696,138903.5
1753504314405,04:31:54.405,ALGO/USDT:USDT,0.2694,14491.5,0.2693,42866.8,0.2695,21976.1,0.2696,138903.5
1753504314555,04:31:54.555,ALGO/USDT:USDT,0.2694,28491.5,0.2693,42866.8,0.2695,21976.1,0.2696,138903.5
1753504314705,04:31:54.705,ALGO/USDT:USDT,0.2694,28491.5,0.2693,42866.8,0.2695,21976.1,0.2696,138903.5
1753504314855,04:31:54.855,ALGO/USDT:USDT,0.2694,28491.5,0.2693,42866.8,0.2695,21976.1,0.2696,138903.5
1753504315005,04:31:55.005,ALGO/USDT:USDT,0.2694,28491.5,0.2693,42866.8,0.2695,21976.1,0.2696,138903.5
1753504315155,04:31:55.155,ALGO/USDT:USDT,0.2694,28491.5,0.2693,42866.8,0.2695,21976.1,0.2696,138903.5
1753504315305,04:31:55.305,ALGO/USDT:USDT,0.2694,28491.5,0.2693,42866.8,0.2695,21976.1,0.2696,138903.5
1753504315455,04:31:55.455,ALGO/USDT:USDT,0.2694,28491.5,0.2693,42866.8,0.2695,21976.1,0.2696,138903.5
1753504315605,04:31:55.605,ALGO/USDT:USDT,0.2694,14491.5,0.2693,42866.8,0.2695,24871.0,0.2696,138903.5
1753504315756,04:31:55.756,ALGO/USDT:USDT,0.2694,14491.5,0.2693,42866.8,0.2695,23882.7,0.2696,138903.5
1753504315906,04:31:55.906,ALGO/USDT:USDT,0.2694,14491.5,0.2693,42866.8,0.2695,23882.7,0.2696,138903.5
1753504316056,04:31:56.056,ALGO/USDT:USDT,0.2694,14491.5,0.2693,42866.8,0.2695,23882.7,0.2696,138903.5
1753504316206,04:31:56.206,ALGO/USDT:USDT,0.2696,9347.2,0.2695,48063.3,0.2697,16694.8,0.2698,196004.1
1753504316356,04:31:56.356,ALGO/USDT:USDT,0.2698,33556.9,0.2697,21535.7,0.27,5019.2,0.2701,93606.0
1753504316506,04:31:56.506,ALGO/USDT:USDT,0.2698,4262.1,0.2697,19421.1,0.2699,2859.9,0.27,12176.2
1753504316656,04:31:56.656,ALGO/USDT:USDT,0.2698,17092.8,0.2697,20271.8,0.2699,20332.1,0.27,65096.1
1753504316806,04:31:56.806,ALGO/USDT:USDT,0.2698,17092.8,0.2697,20271.8,0.2699,20332.1,0.27,65096.1
1753504316956,04:31:56.956,ALGO/USDT:USDT,0.2698,17092.8,0.2697,20271.8,0.2699,24594.2,0.27,177184.9
1753504317106,04:31:57.106,ALGO/USDT:USDT,0.2698,17092.8,0.2697,20271.8,0.2699,24594.2,0.27,177184.9
1753504317257,04:31:57.257,ALGO/USDT:USDT,0.2698,17092.8,0.2697,20271.8,0.2699,24594.2,0.27,177184.9
1753504317407,04:31:57.407,ALGO/USDT:USDT,0.2698,17092.8,0.2697,20271.8,0.2699,24594.2,0.27,177184.9
1753504317557,04:31:57.557,ALGO/USDT:USDT,0.2698,17092.8,0.2697,20271.8,0.2699,24594.2,0.27,177184.9
1753504317707,04:31:57.707,ALGO/USDT:USDT,0.2698,19987.7,0.2697,23886.7,0.27,5019.2,0.2701,119993.0
1753504317857,04:31:57.857,ALGO/USDT:USDT,0.2699,13979.3,0.2698,11470.7,0.27,9281.3,0.2701,170542.9
1753504318007,04:31:58.007,ALGO/USDT:USDT,0.2699,18241.4,0.2698,21158.3,0.27,23281.3,0.2701,170542.9
1753504318157,04:31:58.157,ALGO/USDT:USDT,0.2699,18241.4,0.2698,21158.3,0.27,23281.3,0.2701,170542.9
1753504318307,04:31:58.307,ALGO/USDT:USDT,0.2699,18241.4,0.2698,21158.3,0.27,23281.3,0.2701,170542.9
1753504318457,04:31:58.457,ALGO/USDT:USDT,0.2699,18241.4,0.2698,35158.3,0.27,23281.3,0.2701,170542.9
1753504318607,04:31:58.607,ALGO/USDT:USDT,0.2699,18241.4,0.2698,35158.3,0.27,23281.3,0.2701,170542.9
1753504318757,04:31:58.757,ALGO/USDT:USDT,0.2699,18241.4,0.2698,35158.3,0.27,23281.3,0.2701,170542.9
1753504318908,04:31:58.908,ALGO/USDT:USDT,0.2699,17943.5,0.2698,35158.3,0.27,23281.3,0.2701,170542.9
1753504319058,04:31:59.058,ALGO/USDT:USDT,0.2699,17943.5,0.2698,35158.3,0.27,23281.3,0.2701,170542.9
1753504319208,04:31:59.208,ALGO/USDT:USDT,0.2699,17943.5,0.2698,35158.3,0.27,23281.3,0.2701,170542.9
1753504319358,04:31:59.358,ALGO/USDT:USDT,0.2699,17943.5,0.2698,35158.3,0.27,23281.3,0.2701,170542.9
1753504319508,04:31:59.508,ALGO/USDT:USDT,0.2698,5336.5,0.2697,23850.5,0.27,31732.7,0.2701,170542.9
1753504319658,04:31:59.658,ALGO/USDT:USDT,0.2698,34872.9,0.2697,23850.5,0.2699,18112.8,0.27,31732.7
1753504319808,04:31:59.808,ALGO/USDT:USDT,0.2698,34872.9,0.2697,23850.5,0.2699,18112.8,0.27,31732.7
1753504319958,04:31:59.958,ALGO/USDT:USDT,0.2698,34872.9,0.2697,23850.5,0.2699,18112.8,0.27,31732.7
1753504320108,04:32:00.108,ALGO/USDT:USDT,0.2698,34872.9,0.2697,23850.5,0.2699,18112.8,0.27,31732.7
1753504320258,04:32:00.258,ALGO/USDT:USDT,0.2698,20872.9,0.2697,23850.5,0.2699,18112.8,0.27,31732.7
1753504320409,04:32:00.409,ALGO/USDT:USDT,0.2698,18966.3,0.2697,20990.6,0.2699,22879.3,0.27,31732.7
1753504320559,04:32:00.559,ALGO/USDT:USDT,0.2698,18966.3,0.2697,20990.6,0.2699,23867.6,0.27,30744.4
1753504320709,04:32:00.709,ALGO/USDT:USDT,0.2698,18966.3,0.2697,20990.6,0.2699,22879.3,0.27,30744.4
1753504320859,04:32:00.859,ALGO/USDT:USDT,0.2698,18966.3,0.2697,20990.6,0.2699,22879.3,0.27,30744.4
1753504321009,04:32:01.009,ALGO/USDT:USDT,0.2698,18966.3,0.2697,20990.6,0.2699,22879.3,0.27,30744.4
1753504321159,04:32:01.159,ALGO/USDT:USDT,0.2698,18966.3,0.2697,20990.6,0.2699,22879.3,0.27,30744.4
1753504321309,04:32:01.309,ALGO/USDT:USDT,0.2698,18966.3,0.2697,23850.5,0.2699,22879.3,0.27,30744.4
1753504321459,04:32:01.459,ALGO/USDT:USDT,0.2698,18966.3,0.2697,23850.5,0.2699,22879.3,0.27,30744.4
1753504321609,04:32:01.609,ALGO/USDT:USDT,0.2698,8747.9,0.2697,23850.5,0.2699,25863.0,0.27,36523.6
1753504321759,04:32:01.759,ALGO/USDT:USDT,0.2698,8747.9,0.2697,23850.5,0.2699,26851.3,0.27,36523.6
1753504321909,04:32:01.909,ALGO/USDT:USDT,0.2698,4262.1,0.2697,20916.2,0.2699,32477.7,0.27,30744.4
1753504322060,04:32:02.060,ALGO/USDT:USDT,0.2697,24423.3,0.2696,38447.0,0.2699,81223.3,0.27,31874.9
1753504322210,04:32:02.210,ALGO/USDT:USDT,0.2697,7019.4,0.2696,55856.9,0.2699,81223.3,0.27,31874.9
1753504322360,04:32:02.360,ALGO/USDT:USDT,0.2698,8575.8,0.2697,12125.0,0.2699,75344.7,0.27,34858.6
1753504322510,04:32:02.510,ALGO/USDT:USDT,0.2698,22575.8,0.2697,29538.2,0.2699,75344.7,0.27,34858.6
1753504322660,04:32:02.660,ALGO/USDT:USDT,0.2698,22575.8,0.2697,29538.2,0.2699,75344.7,0.27,34858.6
1753504322810,04:32:02.810,ALGO/USDT:USDT,0.2698,8575.8,0.2697,29538.2,0.2699,28505.7,0.27,78070.3
1753504322960,04:32:02.960,ALGO/USDT:USDT,0.2698,4313.7,0.2697,29538.2,0.2699,28505.7,0.27,78070.3
1753504323110,04:32:03.110,ALGO/USDT:USDT,0.2698,8575.8,0.2697,29538.2,0.2699,28505.7,0.27,77699.8
1753504323260,04:32:03.260,ALGO/USDT:USDT,0.2698,8575.8,0.2697,29538.2,0.2699,28505.7,0.27,77699.8
1753504323410,04:32:03.410,ALGO/USDT:USDT,0.2698,22575.8,0.2697,29538.2,0.2699,28505.7,0.27,77699.8
1753504323560,04:32:03.560,ALGO/USDT:USDT,0.2698,22575.8,0.2697,29538.2,0.2699,28505.7,0.27,77699.8
1753504323711,04:32:03.711,ALGO/USDT:USDT,0.2698,22575.8,0.2697,29538.2,0.2699,28505.7,0.27,77699.8
1753504323861,04:32:03.861,ALGO/USDT:USDT,0.2698,22575.8,0.2697,32398.1,0.2699,28505.7,0.27,77699.8
1753504324011,04:32:04.011,ALGO/USDT:USDT,0.2698,22575.8,0.2697,32398.1,0.2699,28505.7,0.27,77699.8
1753504324161,04:32:04.161,ALGO/USDT:USDT,0.2698,22575.8,0.2697,32398.1,0.2699,28505.7,0.27,77699.8
1753504324311,04:32:04.311,ALGO/USDT:USDT,0.2698,22575.8,0.2697,32398.1,0.2699,28505.7,0.27,77699.8
1753504324461,04:32:04.461,ALGO/USDT:USDT,0.2698,22575.8,0.2697,32398.1,0.2699,28505.7,0.27,77699.8
1753504324611,04:32:04.611,ALGO/USDT:USDT,0.2698,22575.8,0.2697,32398.1,0.2699,28505.7,0.27,77699.8
1753504324761,04:32:04.761,ALGO/USDT:USDT,0.2698,22575.8,0.2697,32398.1,0.2699,28505.7,0.27,77699.8
1753504324911,04:32:04.911,ALGO/USDT:USDT,0.2698,22575.8,0.2697,32398.1,0.2699,28505.7,0.27,77699.8
1753504325061,04:32:05.061,ALGO/USDT:USDT,0.2698,22575.8,0.2697,32398.1,0.2699,28505.7,0.27,77699.8
1753504325212,04:32:05.212,ALGO/USDT:USDT,0.2698,8575.8,0.2697,32398.1,0.2699,29494.0,0.27,77699.8
1753504325362,04:32:05.362,ALGO/USDT:USDT,0.2698,5112.8,0.2697,32398.1,0.2699,29494.0,0.27,77699.8
1753504325512,04:32:05.512,ALGO/USDT:USDT,0.2697,29538.2,0.2696,38447.0,0.2699,29494.0,0.27,77699.8
1753504325662,04:32:05.662,ALGO/USDT:USDT,0.2697,16387.1,0.2696,38447.0,0.2699,28505.7,0.27,77699.8
1753504325812,04:32:05.812,ALGO/USDT:USDT,0.2697,16387.1,0.2696,55856.7,0.2699,28505.7,0.27,77699.8
1753504325962,04:32:05.962,ALGO/USDT:USDT,0.2697,16387.1,0.2696,55856.7,0.2699,28505.7,0.27,77699.8
1753504326112,04:32:06.112,ALGO/USDT:USDT,0.2698,860.7,0.2697,16387.1,0.2699,28505.7,0.27,77699.8
1753504326262,04:32:06.262,ALGO/USDT:USDT,0.2698,3463.0,0.2697,33796.8,0.2699,28505.7,0.27,77699.8
1753504326412,04:32:06.412,ALGO/USDT:USDT,0.2698,7725.1,0.2697,29534.7,0.2699,28505.7,0.27,77699.8
1753504326562,04:32:06.562,ALGO/USDT:USDT,0.2697,29534.7,0.2696,38447.0,0.2699,30358.5,0.27,77699.8
1753504326712,04:32:06.712,ALGO/USDT:USDT,0.2697,16387.1,0.2696,55856.6,0.2698,860.7,0.2699,35052.6
1753504326863,04:32:06.863,ALGO/USDT:USDT,0.2697,16387.1,0.2696,55856.6,0.2698,860.7,0.2699,34064.3
1753504327013,04:32:07.013,ALGO/USDT:USDT,0.2697,16387.1,0.2696,55856.6,0.2698,860.7,0.2699,34064.3
1753504327163,04:32:07.163,ALGO/USDT:USDT,0.2697,16387.1,0.2696,55856.6,0.2698,860.7,0.2699,34064.3
1753504327313,04:32:07.313,ALGO/USDT:USDT,0.2697,19247.0,0.2696,55856.6,0.2699,29297.8,0.27,77699.8
1753504327463,04:32:07.463,ALGO/USDT:USDT,0.2698,31915.2,0.2697,24867.6,0.27,29060.5,0.2701,121032.7
1753504327613,04:32:07.613,ALGO/USDT:USDT,0.2699,17953.5,0.2698,22547.5,0.27,76892.7,0.2701,126811.9
1753504327763,04:32:07.763,ALGO/USDT:USDT,0.2699,17953.5,0.2698,34176.9,0.27,76892.7,0.2701,127571.9
1753504327913,04:32:07.913,ALGO/USDT:USDT,0.2699,17953.5,0.2698,34176.9,0.27,76892.7,0.2701,127571.9
1753504328063,04:32:08.063,ALGO/USDT:USDT,0.2699,17953.5,0.2698,34176.9,0.27,76892.7,0.2701,127571.9
1753504328213,04:32:08.213,ALGO/USDT:USDT,0.2699,17953.5,0.2698,34176.9,0.27,76892.7,0.2701,127571.9
1753504328363,04:32:08.363,ALGO/USDT:USDT,0.2699,4323.7,0.2698,34176.9,0.27,76892.7,0.2701,127571.9
1753504328514,04:32:08.514,ALGO/USDT:USDT,0.2699,4323.7,0.2698,34176.9,0.27,76892.7,0.2701,127571.9
1753504328664,04:32:08.664,ALGO/USDT:USDT,0.2699,4323.7,0.2698,34176.9,0.27,77881.0,0.2701,127571.9
1753504328814,04:32:08.814,ALGO/USDT:USDT,0.2699,4323.7,0.2698,34176.9,0.27,77881.0,0.2701,127571.9
1753504328964,04:32:08.964,ALGO/USDT:USDT,0.2698,860.7,0.2697,23138.7,0.2699,11631.1,0.27,80453.8
1753504329114,04:32:09.114,ALGO/USDT:USDT,0.2698,8585.8,0.2697,40540.7,0.2699,25337.9,0.27,80453.8
1753504329264,04:32:09.264,ALGO/USDT:USDT,0.2698,8585.8,0.2697,40540.7,0.2699,27244.5,0.27,80453.8
1753504329414,04:32:09.414,ALGO/USDT:USDT,0.2698,8585.8,0.2697,40540.7,0.2699,28232.8,0.27,80453.8
1753504329564,04:32:09.564,ALGO/USDT:USDT,0.2698,8585.8,0.2697,40540.7,0.2699,27244.5,0.27,79465.5
1753504329714,04:32:09.714,ALGO/USDT:USDT,0.2698,5122.8,0.2697,40540.7,0.2699,27244.5,0.27,79465.5
1753504329864,04:32:09.864,ALGO/USDT:USDT,0.2697,39785.7,0.2696,38447.0,0.2699,31092.7,0.27,79465.5
1753504330015,04:32:10.015,ALGO/USDT:USDT,0.2697,26645.8,0.2696,55855.4,0.2699,31092.7,0.27,79465.5
1753504330165,04:32:10.165,ALGO/USDT:USDT,0.2697,26645.8,0.2696,55855.4,0.2699,31092.7,0.27,79465.5
1753504330315,04:32:10.315,ALGO/USDT:USDT,0.2697,26645.8,0.2696,55855.4,0.2699,31092.7,0.27,79465.5
1753504330465,04:32:10.465,ALGO/USDT:USDT,0.2697,26645.8,0.2696,55855.4,0.2699,31092.7,0.27,79465.5
1753504330615,04:32:10.615,ALGO/USDT:USDT,0.2697,26645.8,0.2696,55855.4,0.2698,22106.5,0.2699,32899.9
1753504330765,04:32:10.765,ALGO/USDT:USDT,0.2697,26645.8,0.2696,55855.4,0.2698,22106.5,0.2699,32899.9
1753504330915,04:32:10.915,ALGO/USDT:USDT,0.2697,26645.8,0.2696,55855.4,0.2698,22106.5,0.2699,33270.6
1753504331065,04:32:11.065,ALGO/USDT:USDT,0.2697,26645.8,0.2696,55855.4,0.2698,22106.5,0.2699,33270.6
1753504331215,04:32:11.215,ALGO/USDT:USDT,0.2697,26645.8,0.2696,55855.4,0.2698,22106.5,0.2699,33270.6
1753504331365,04:32:11.365,ALGO/USDT:USDT,0.2697,26645.8,0.2696,55855.4,0.2698,19122.8,0.2699,30475.1
1753504331515,04:32:11.515,ALGO/USDT:USDT,0.2697,26645.8,0.2696,55855.4,0.2698,19122.8,0.2699,30475.1
1753504331666,04:32:11.666,ALGO/USDT:USDT,0.2697,27634.1,0.2696,55855.4,0.2698,19122.8,0.2699,30475.1
1753504331816,04:32:11.816,ALGO/USDT:USDT,0.2697,26645.8,0.2696,55855.4,0.2698,23903.5,0.2699,30475.1
1753504331966,04:32:11.966,ALGO/USDT:USDT,0.2697,26645.8,0.2696,56226.1,0.2698,23903.5,0.2699,30104.4
1753504332116,04:32:12.116,ALGO/USDT:USDT,0.2697,26645.8,0.2696,56226.1,0.2698,23903.5,0.2699,30104.4
1753504332266,04:32:12.266,ALGO/USDT:USDT,0.2697,26645.8,0.2696,56226.1,0.2698,23903.5,0.2699,30104.4
1753504332416,04:32:12.416,ALGO/USDT:USDT,0.2697,26645.8,0.2696,56226.1,0.2698,23903.5,0.2699,30104.4
1753504332566,04:32:12.566,ALGO/USDT:USDT,0.2697,26645.8,0.2696,56226.1,0.2698,23903.5,0.2699,30104.4
1753504332716,04:32:12.716,ALGO/USDT:USDT,0.2697,26645.8,0.2696,56226.1,0.2698,23903.5,0.2699,30104.4
1753504332866,04:32:12.866,ALGO/USDT:USDT,0.2697,12645.8,0.2696,55855.4,0.2698,23903.5,0.2699,30104.4
1753504333016,04:32:13.016,ALGO/USDT:USDT,0.2697,12645.8,0.2696,55855.4,0.2698,23903.5,0.2699,30104.4
1753504333166,04:32:13.166,ALGO/USDT:USDT,0.2697,12645.8,0.2696,55855.4,0.2698,23903.5,0.2699,30104.4
1753504333317,04:32:13.317,ALGO/USDT:USDT,0.2697,12645.8,0.2696,55855.4,0.2698,23903.5,0.2699,30104.4
1753504333467,04:32:13.467,ALGO/USDT:USDT,0.2697,26645.8,0.2696,55855.4,0.2698,23903.5,0.2699,30104.4
1753504333617,04:32:13.617,ALGO/USDT:USDT,0.2697,26645.8,0.2696,55855.4,0.2698,23903.5,0.2699,30104.4
1753504333767,04:32:13.767,ALGO/USDT:USDT,0.2697,26645.8,0.2696,55855.4,0.2698,23903.5,0.2699,30104.4
1753504333917,04:32:13.917,ALGO/USDT:USDT,0.2697,26645.8,0.2696,55855.4,0.2698,23903.5,0.2699,30104.4
1753504334067,04:32:14.067,ALGO/USDT:USDT,0.2697,26645.8,0.2696,55855.4,0.2698,23903.5,0.2699,30104.4
1753504334217,04:32:14.217,ALGO/USDT:USDT,0.2697,26645.8,0.2696,55855.4,0.2698,23903.5,0.2699,30104.4
1753504334367,04:32:14.367,ALGO/USDT:USDT,0.2697,26645.8,0.2696,55855.4,0.2698,23903.5,0.2699,30104.4
1753504334517,04:32:14.517,ALGO/USDT:USDT,0.2697,26645.8,0.2696,55855.4,0.2698,23903.5,0.2699,30104.4
1753504334667,04:32:14.667,ALGO/USDT:USDT,0.2697,26645.8,0.2696,55855.4,0.2698,23903.5,0.2699,30104.4
1753504334818,04:32:14.818,ALGO/USDT:USDT,0.2697,26645.8,0.2696,55855.4,0.2698,23903.5,0.2699,30104.4
1753504334968,04:32:14.968,ALGO/USDT:USDT,0.2697,26645.8,0.2696,55855.4,0.2698,23903.5,0.2699,30104.4
1753504335118,04:32:15.118,ALGO/USDT:USDT,0.2697,26645.8,0.2696,55100.4,0.2698,23903.5,0.2699,30104.4
1753504335268,04:32:15.268,ALGO/USDT:USDT,0.2697,26645.8,0.2696,55100.4,0.2698,23903.5,0.2699,30104.4
1753504335418,04:32:15.418,ALGO/USDT:USDT,0.2697,26645.8,0.2696,55100.4,0.2698,23903.5,0.2699,30104.4
1753504335568,04:32:15.568,ALGO/USDT:USDT,0.2697,27634.1,0.2696,55100.4,0.2698,4780.7,0.2699,27120.7
1753504335718,04:32:15.718,ALGO/USDT:USDT,0.2698,6687.3,0.2697,30494.0,0.27,28171.6,0.2701,128438.0
1753504335868,04:32:15.868,ALGO/USDT:USDT,0.2699,3463.0,0.2698,25915.7,0.27,82489.1,0.2701,129198.0
1753504336018,04:32:16.018,ALGO/USDT:USDT,0.2699,3463.0,0.2698,43333.2,0.27,82489.1,0.2701,129198.0
1753504336168,04:32:16.168,ALGO/USDT:USDT,0.2699,3463.0,0.2698,43333.2,0.27,82489.1,0.2701,129198.0
1753504336319,04:32:16.319,ALGO/USDT:USDT,0.2699,3463.0,0.2698,43333.2,0.27,82489.1,0.2701,129198.0
1753504336469,04:32:16.469,ALGO/USDT:USDT,0.2699,3463.0,0.2698,43333.2,0.27,82489.1,0.2701,129198.0
1753504336619,04:32:16.619,ALGO/USDT:USDT,0.2699,3463.0,0.2698,43333.2,0.27,82489.1,0.2701,129198.0
1753504336769,04:32:16.769,ALGO/USDT:USDT,0.2698,43333.2,0.2697,26991.9,0.27,82489.1,0.2701,129198.0
1753504336919,04:32:16.919,ALGO/USDT:USDT,0.2698,30177.8,0.2697,26003.6,0.2699,3841.4,0.27,80493.7
1753504337069,04:32:17.069,ALGO/USDT:USDT,0.2698,30177.8,0.2697,43407.8,0.2699,22103.5,0.27,80493.7
1753504337219,04:32:17.219,ALGO/USDT:USDT,0.2697,39787.9,0.2696,38447.0,0.2699,30400.4,0.27,83249.1
1753504337369,04:32:17.369,ALGO/USDT:USDT,0.2697,26645.8,0.2696,55857.3,0.2698,857.7,0.2699,33384.1
1753504337519,04:32:17.519,ALGO/USDT:USDT,0.2697,26645.8,0.2696,55857.3,0.2698,5119.8,0.2699,33384.1
1753504337669,04:32:17.669,ALGO/USDT:USDT,0.2697,26645.8,0.2696,55857.3,0.2698,857.7,0.2699,32395.8
1753504337819,04:32:17.819,ALGO/USDT:USDT,0.2697,26645.8,0.2696,55857.3,0.2699,32395.8,0.27,74708.0
1753504337969,04:32:17.969,ALGO/USDT:USDT,0.2698,297.9,0.2697,26645.8,0.2699,36102.1,0.27,74708.0
1753504338120,04:32:18.120,ALGO/USDT:USDT,0.2698,3760.9,0.2697,44056.1,0.2699,36102.1,0.27,74708.0
1753504338270,04:32:18.270,ALGO/USDT:USDT,0.2698,3463.0,0.2697,44056.1,0.2699,37955.3,0.27,74708.0
1753504338420,04:32:18.420,ALGO/USDT:USDT,0.2698,3463.0,0.2697,44056.1,0.2699,38943.6,0.27,74708.0
1753504338570,04:32:18.570,ALGO/USDT:USDT,0.2698,3463.0,0.2697,44056.1,0.2699,38943.6,0.27,74708.0
1753504338720,04:32:18.720,ALGO/USDT:USDT,0.2698,3463.0,0.2697,44056.1,0.2699,37955.3,0.27,74708.0
1753504338870,04:32:18.870,ALGO/USDT:USDT,0.2698,3463.0,0.2697,44056.1,0.2699,37955.3,0.27,74708.0
1753504339020,04:32:19.020,ALGO/USDT:USDT,0.2698,3463.0,0.2697,44056.1,0.2699,37955.3,0.27,74708.0
1753504339170,04:32:19.170,ALGO/USDT:USDT,0.2698,3463.0,0.2697,44056.1,0.2699,37955.3,0.27,74708.0
1753504339320,04:32:19.320,ALGO/USDT:USDT,0.2698,14463.0,0.2697,44056.1,0.2699,37955.3,0.27,74708.0
1753504339470,04:32:19.470,ALGO/USDT:USDT,0.2698,14463.0,0.2697,39794.0,0.2699,37955.3,0.27,74708.0
1753504339620,04:32:19.620,ALGO/USDT:USDT,0.2698,18725.1,0.2697,39794.0,0.2699,37955.3,0.27,74708.0
1753504339771,04:32:19.771,ALGO/USDT:USDT,0.2698,18725.1,0.2697,39794.0,0.2699,38943.6,0.27,74708.0
1753504339921,04:32:19.921,ALGO/USDT:USDT,0.2698,7725.1,0.2697,39794.0,0.2699,38943.6,0.27,74708.0
1753504340071,04:32:20.071,ALGO/USDT:USDT,0.2696,35355.2,0.2695,34180.2,0.2698,7725.1,0.2699,38943.6
1753504340221,04:32:20.221,ALGO/USDT:USDT,0.2696,37333.3,0.2695,53957.9,0.2697,6185.3,0.2698,65262.4
1753504340371,04:32:20.371,ALGO/USDT:USDT,0.2696,37333.3,0.2695,53957.9,0.2697,6185.3,0.2698,65262.4
1753504340521,04:32:20.521,ALGO/USDT:USDT,0.2696,37333.3,0.2695,53957.9,0.2697,6185.3,0.2698,65262.4
1753504340671,04:32:20.671,ALGO/USDT:USDT,0.2696,37333.3,0.2695,53957.9,0.2697,6185.3,0.2698,65262.4
1753504340821,04:32:20.821,ALGO/USDT:USDT,0.2696,37333.3,0.2695,53957.9,0.2697,6185.3,0.2698,65262.4
1753504340971,04:32:20.971,ALGO/USDT:USDT,0.2696,37333.3,0.2695,53957.9,0.2697,6185.3,0.2698,65262.4
1753504341121,04:32:21.121,ALGO/USDT:USDT,0.2696,37333.3,0.2695,53957.9,0.2697,6185.3,0.2698,65262.4
1753504341271,04:32:21.271,ALGO/USDT:USDT,0.2696,37333.3,0.2695,53587.2,0.2697,6185.3,0.2698,65262.4
1753504341422,04:32:21.422,ALGO/USDT:USDT,0.2696,38321.6,0.2695,53587.2,0.2697,6185.3,0.2698,65262.4
1753504341572,04:32:21.572,ALGO/USDT:USDT,0.2696,38321.6,0.2695,53587.2,0.2697,6185.3,0.2698,65262.4
1753504341722,04:32:21.722,ALGO/USDT:USDT,0.2696,38321.6,0.2695,53587.2,0.2697,6185.3,0.2698,65262.4
1753504341872,04:32:21.872,ALGO/USDT:USDT,0.2696,37333.3,0.2695,53587.2,0.2697,6185.3,0.2698,65262.4
1753504342022,04:32:22.022,ALGO/USDT:USDT,0.2696,37333.3,0.2695,53587.2,0.2697,6185.3,0.2698,65262.4
1753504342172,04:32:22.172,ALGO/USDT:USDT,0.2697,10225.4,0.2696,43948.0,0.2698,8666.1,0.2699,207625.9
1753504342322,04:32:22.322,ALGO/USDT:USDT,0.2697,31043.8,0.2696,39685.9,0.2698,20666.1,0.2699,207625.9
1753504342472,04:32:22.472,ALGO/USDT:USDT,0.2697,31043.8,0.2696,39685.9,0.2698,22572.7,0.2699,207625.9
1753504342622,04:32:22.622,ALGO/USDT:USDT,0.2697,31043.8,0.2696,39685.9,0.2698,22572.7,0.2699,207625.9
1753504342772,04:32:22.772,ALGO/USDT:USDT,0.2697,31043.8,0.2696,39685.9,0.2698,22572.7,0.2699,207625.9
1753504342923,04:32:22.923,ALGO/USDT:USDT,0.2697,31043.8,0.2696,39685.9,0.2698,22572.7,0.2699,207625.9
1753504343073,04:32:23.073,ALGO/USDT:USDT,0.2697,31043.8,0.2696,39685.9,0.2698,20572.7,0.2699,207625.9
1753504343223,04:32:23.223,ALGO/USDT:USDT,0.2697,32032.1,0.2696,38697.6,0.2698,6666.1,0.2699,207625.9
1753504343373,04:32:23.373,ALGO/USDT:USDT,0.2697,32032.1,0.2696,38697.6,0.2698,6666.1,0.2699,96427.6
1753504343523,04:32:23.523,ALGO/USDT:USDT,0.2697,32032.1,0.2696,38697.6,0.2698,6666.1,0.2699,96427.6
1753504343673,04:32:23.673,ALGO/USDT:USDT,0.2697,32032.1,0.2696,38697.6,0.2698,6666.1,0.2699,96427.6
1753504343823,04:32:23.823,ALGO/USDT:USDT,0.2697,32032.1,0.2696,38697.6,0.2698,6666.1,0.2699,96427.6
1753504343973,04:32:23.973,ALGO/USDT:USDT,0.2697,32032.1,0.2696,38697.6,0.2698,6666.1,0.2699,96427.6
1753504344123,04:32:24.123,ALGO/USDT:USDT,0.2697,32032.1,0.2696,38697.6,0.2698,6666.1,0.2699,96427.6
1753504344273,04:32:24.273,ALGO/USDT:USDT,0.2697,32032.1,0.2696,38697.6,0.2698,20666.1,0.2699,96427.6
1753504344423,04:32:24.423,ALGO/USDT:USDT,0.2697,31043.8,0.2696,38697.6,0.2698,6666.1,0.2699,96427.6
1753504344574,04:32:24.574,ALGO/USDT:USDT,0.2697,31043.8,0.2696,38697.6,0.2698,6666.1,0.2699,96427.6
1753504344724,04:32:24.724,ALGO/USDT:USDT,0.2697,31043.8,0.2696,38697.6,0.2698,6666.1,0.2699,96427.6
1753504344874,04:32:24.874,ALGO/USDT:USDT,0.2697,31043.8,0.2696,38697.6,0.2698,6666.1,0.2699,96427.6
1753504345024,04:32:25.024,ALGO/USDT:USDT,0.2697,32032.1,0.2696,38697.6,0.2698,6666.1,0.2699,96427.6
1753504345174,04:32:25.174,ALGO/USDT:USDT,0.2697,32032.1,0.2696,38697.6,0.2698,6666.1,0.2699,95667.6
1753504345324,04:32:25.324,ALGO/USDT:USDT,0.2697,31043.8,0.2696,38697.6,0.2698,20666.1,0.2699,95667.6
1753504345474,04:32:25.474,ALGO/USDT:USDT,0.2697,31043.8,0.2696,38697.6,0.2698,20666.1,0.2699,95667.6
1753504345624,04:32:25.624,ALGO/USDT:USDT,0.2697,31043.8,0.2696,38697.6,0.2698,20666.1,0.2699,95667.6
1753504345774,04:32:25.774,ALGO/USDT:USDT,0.2697,31043.8,0.2696,38697.6,0.2698,6666.1,0.2699,95667.6
1753504345924,04:32:25.924,ALGO/USDT:USDT,0.2697,31043.8,0.2696,38697.6,0.2698,6666.1,0.2699,95667.6
1753504346075,04:32:26.075,ALGO/USDT:USDT,0.2697,31043.8,0.2696,38697.6,0.2698,6666.1,0.2699,95667.6
1753504346225,04:32:26.225,ALGO/USDT:USDT,0.2697,31043.8,0.2696,38697.6,0.2698,20666.1,0.2699,95667.6
1753504346375,04:32:26.375,ALGO/USDT:USDT,0.2697,31043.8,0.2696,38697.6,0.2698,20666.1,0.2699,95667.6
1753504346525,04:32:26.525,ALGO/USDT:USDT,0.2697,14487.5,0.2696,38697.6,0.2698,23649.8,0.2699,107525.1
1753504346675,04:32:26.675,ALGO/USDT:USDT,0.2697,14487.5,0.2696,38697.6,0.2698,24638.1,0.2699,107525.1
1753504346825,04:32:26.825,ALGO/USDT:USDT,0.2697,4262.1,0.2696,38697.6,0.2698,26544.7,0.2699,107525.1
1753504346975,04:32:26.975,ALGO/USDT:USDT,0.2696,42959.7,0.2695,32997.7,0.2697,1628.1,0.2698,26544.7
1753504347125,04:32:27.125,ALGO/USDT:USDT,0.2696,42959.7,0.2695,32997.7,0.2697,19122.6,0.2698,48542.0
1753504347275,04:32:27.275,ALGO/USDT:USDT,0.2696,42959.7,0.2695,32997.7,0.2697,19122.6,0.2698,48542.0
1753504347425,04:32:27.425,ALGO/USDT:USDT,0.2696,42959.7,0.2695,32997.7,0.2697,5122.6,0.2698,48542.0
1753504347576,04:32:27.576,ALGO/USDT:USDT,0.2696,42959.7,0.2695,32997.7,0.2697,5122.6,0.2698,48542.0
1753504347726,04:32:27.726,ALGO/USDT:USDT,0.2696,42959.7,0.2695,32997.7,0.2697,5122.6,0.2698,48542.0
1753504347876,04:32:27.876,ALGO/USDT:USDT,0.2696,42959.7,0.2695,32997.7,0.2697,6403.2,0.2698,48542.0
1753504348026,04:32:28.026,ALGO/USDT:USDT,0.2696,42959.7,0.2695,32997.7,0.2697,6403.2,0.2698,48542.0
1753504348176,04:32:28.176,ALGO/USDT:USDT,0.2696,42959.7,0.2695,32997.7,0.2697,6403.2,0.2698,48542.0
1753504348326,04:32:28.326,ALGO/USDT:USDT,0.2696,42959.7,0.2695,32997.7,0.2697,6403.2,0.2698,48542.0
1753504348476,04:32:28.476,ALGO/USDT:USDT,0.2696,42959.7,0.2695,33368.5,0.2697,6403.2,0.2698,48542.0
1753504348626,04:32:28.626,ALGO/USDT:USDT,0.2696,43948.0,0.2695,33368.5,0.2698,38097.0,0.2699,81986.0
1753504348776,04:32:28.776,ALGO/USDT:USDT,0.2697,3463.0,0.2696,43948.0,0.2698,20666.1,0.2699,99416.9
1753504348926,04:32:28.926,ALGO/USDT:USDT,0.2697,31092.8,0.2696,39685.9,0.2698,20666.1,0.2699,99416.9
1753504349076,04:32:29.076,ALGO/USDT:USDT,0.2697,31092.8,0.2696,39685.9,0.2698,20666.1,0.2699,99416.9
1753504349227,04:32:29.227,ALGO/USDT:USDT,0.2697,31092.8,0.2696,39685.9,0.2698,20666.1,0.2699,99416.9
1753504349377,04:32:29.377,ALGO/USDT:USDT,0.2697,31092.8,0.2696,39685.9,0.2698,20666.1,0.2699,99416.9
1753504349527,04:32:29.527,ALGO/USDT:USDT,0.2697,17092.8,0.2696,39685.9,0.2698,20666.1,0.2699,99416.9
1753504349677,04:32:29.677,ALGO/USDT:USDT,0.2697,17092.8,0.2696,39685.9,0.2698,22572.7,0.2699,99416.9
1753504349827,04:32:29.827,ALGO/USDT:USDT,0.2697,17092.8,0.2696,39685.9,0.2698,22572.7,0.2699,99416.9
1753504349977,04:32:29.977,ALGO/USDT:USDT,0.2697,17092.8,0.2696,39685.9,0.2698,22572.7,0.2699,99416.9
1753504350127,04:32:30.127,ALGO/USDT:USDT,0.2697,17092.8,0.2696,39685.9,0.2698,22572.7,0.2699,99416.9
1753504350277,04:32:30.277,ALGO/USDT:USDT,0.2697,17092.8,0.2696,39685.9,0.2698,22572.7,0.2699,99416.9
1753504350427,04:32:30.427,ALGO/USDT:USDT,0.2697,17092.8,0.2696,39685.9,0.2698,22572.7,0.2699,99416.9
1753504350577,04:32:30.577,ALGO/USDT:USDT,0.2697,17092.8,0.2696,39685.9,0.2698,22572.7,0.2699,99416.9
1753504350727,04:32:30.727,ALGO/USDT:USDT,0.2697,17092.8,0.2696,39685.9,0.2698,22572.7,0.2699,99416.9
1753504350878,04:32:30.878,ALGO/USDT:USDT,0.2697,17092.8,0.2696,39685.9,0.2698,22572.7,0.2699,99416.9
1753504351028,04:32:31.028,ALGO/USDT:USDT,0.2697,17092.8,0.2696,39685.9,0.2698,22572.7,0.2699,99416.9
1753504351178,04:32:31.178,ALGO/USDT:USDT,0.2697,31092.8,0.2696,39685.9,0.2698,22572.7,0.2699,99416.9
1753504351328,04:32:31.328,ALGO/USDT:USDT,0.2697,31092.8,0.2696,39685.9,0.2698,22572.7,0.2699,99416.9
1753504351478,04:32:31.478,ALGO/USDT:USDT,0.2697,31092.8,0.2696,39685.9,0.2698,22572.7,0.2699,99416.9
1753504351628,04:32:31.628,ALGO/USDT:USDT,0.2697,17092.8,0.2696,39685.9,0.2698,22572.7,0.2699,99416.9
1753504351778,04:32:31.778,ALGO/USDT:USDT,0.2697,7725.1,0.2696,39685.9,0.2698,22572.7,0.2699,99416.9
1753504351928,04:32:31.928,ALGO/USDT:USDT,0.2697,7725.1,0.2696,39685.9,0.2698,22572.7,0.2699,99416.9
1753504352078,04:32:32.078,ALGO/USDT:USDT,0.2697,7725.1,0.2696,39685.9,0.2698,22572.7,0.2699,99416.9
1753504352228,04:32:32.228,ALGO/USDT:USDT,0.2697,21725.1,0.2696,39685.9,0.2698,22572.7,0.2699,99416.9
1753504352379,04:32:32.379,ALGO/USDT:USDT,0.2697,21725.1,0.2696,39685.9,0.2698,6666.1,0.2699,99416.9
1753504352529,04:32:32.529,ALGO/USDT:USDT,0.2697,22713.4,0.2696,38697.6,0.2698,6666.1,0.2699,99416.9
1753504352679,04:32:32.679,ALGO/USDT:USDT,0.2697,22713.4,0.2696,38697.6,0.2698,6666.1,0.2699,99416.9
1753504352829,04:32:32.829,ALGO/USDT:USDT,0.2697,27351.5,0.2696,38697.6,0.2698,6666.1,0.2699,99416.9
1753504352979,04:32:32.979,ALGO/USDT:USDT,0.2697,27351.5,0.2696,38697.6,0.2698,6666.1,0.2699,99416.9
1753504353129,04:32:33.129,ALGO/USDT:USDT,0.2697,27351.5,0.2696,38697.6,0.2698,20666.1,0.2699,99416.9
1753504353279,04:32:33.279,ALGO/USDT:USDT,0.2697,27351.5,0.2696,38697.6,0.2698,6666.1,0.2699,99416.9
1753504353429,04:32:33.429,ALGO/USDT:USDT,0.2697,27351.5,0.2696,38697.6,0.2698,6666.1,0.2699,99416.9
1753504353729,04:32:33.729,ALGO/USDT:USDT,0.2697,28339.8,0.2696,38697.6,0.2698,6666.1,0.2699,99416.9
1753504353879,04:32:33.879,ALGO/USDT:USDT,0.2697,27351.5,0.2696,38697.6,0.2698,6666.1,0.2699,99416.9
1753504354030,04:32:34.030,ALGO/USDT:USDT,0.2697,27351.5,0.2696,38697.6,0.2698,6666.1,0.2699,99416.9
1753504354180,04:32:34.180,ALGO/USDT:USDT,0.2697,27351.5,0.2696,38697.6,0.2698,20666.1,0.2699,99416.9
1753504354330,04:32:34.330,ALGO/USDT:USDT,0.2697,27351.5,0.2696,38697.6,0.2698,20666.1,0.2699,99416.9
1753504354480,04:32:34.480,ALGO/USDT:USDT,0.2697,27351.5,0.2696,38697.6,0.2698,20666.1,0.2699,99416.9
1753504354630,04:32:34.630,ALGO/USDT:USDT,0.2697,27351.5,0.2696,38697.6,0.2698,20666.1,0.2699,99416.9
1753504354780,04:32:34.780,ALGO/USDT:USDT,0.2697,27351.5,0.2696,38697.6,0.2698,20666.1,0.2699,99416.9
1753504354930,04:32:34.930,ALGO/USDT:USDT,0.2697,27351.5,0.2696,38697.6,0.2698,20666.1,0.2699,99416.9
1753504355080,04:32:35.080,ALGO/USDT:USDT,0.2697,27351.5,0.2696,38697.6,0.2698,20666.1,0.2699,99416.9
1753504355230,04:32:35.230,ALGO/USDT:USDT,0.2697,27351.5,0.2696,38697.6,0.2698,20666.1,0.2699,99416.9
1753504355380,04:32:35.380,ALGO/USDT:USDT,0.2697,27351.5,0.2696,38697.6,0.2698,20666.1,0.2699,99416.9
1753504355531,04:32:35.531,ALGO/USDT:USDT,0.2697,27351.5,0.2696,38697.6,0.2698,20666.1,0.2699,99416.9
1753504355681,04:32:35.681,ALGO/USDT:USDT,0.2697,27351.5,0.2696,38697.6,0.2698,20666.1,0.2699,99416.9
1753504355831,04:32:35.831,ALGO/USDT:USDT,0.2697,27351.5,0.2696,39068.3,0.2698,20666.1,0.2699,99416.9
1753504355981,04:32:35.981,ALGO/USDT:USDT,0.2697,27351.5,0.2696,39068.3,0.2698,20666.1,0.2699,99416.9
1753504356131,04:32:36.131,ALGO/USDT:USDT,0.2697,27351.5,0.2696,39068.3,0.2698,20666.1,0.2699,99416.9
1753504356281,04:32:36.281,ALGO/USDT:USDT,0.2697,27351.5,0.2696,39068.3,0.2698,23649.8,0.2699,108290.7
1753504356431,04:32:36.431,ALGO/USDT:USDT,0.2697,27351.5,0.2696,39068.3,0.2698,9649.8,0.2699,108290.7
1753504356581,04:32:36.581,ALGO/USDT:USDT,0.2697,27351.5,0.2696,39068.3,0.2698,9649.8,0.2699,108290.7
1753504356731,04:32:36.731,ALGO/USDT:USDT,0.2697,23631.7,0.2696,38697.6,0.2698,5394.6,0.2699,96433.2
1753504356881,04:32:36.881,ALGO/USDT:USDT,0.2697,23631.7,0.2696,38697.6,0.2698,6248.8,0.2699,96433.2
1753504357031,04:32:37.031,ALGO/USDT:USDT,0.2697,21725.1,0.2696,38697.6,0.2698,8155.4,0.2699,96433.2
1753504357182,04:32:37.182,ALGO/USDT:USDT,0.2697,17463.0,0.2696,38697.6,0.2698,23143.7,0.2699,96433.2
1753504357332,04:32:37.332,ALGO/USDT:USDT,0.2697,17463.0,0.2696,38697.6,0.2698,23143.7,0.2699,96433.2
1753504357482,04:32:37.482,ALGO/USDT:USDT,0.2697,17463.0,0.2696,38697.6,0.2698,22155.4,0.2699,96433.2
1753504357632,04:32:37.632,ALGO/USDT:USDT,0.2697,21725.1,0.2696,38697.6,0.2698,20248.8,0.2699,96433.2
1753504357782,04:32:37.782,ALGO/USDT:USDT,0.2697,22713.4,0.2696,38697.6,0.2698,9232.5,0.2699,96433.2
1753504357932,04:32:37.932,ALGO/USDT:USDT,0.2697,22713.4,0.2696,38697.6,0.2698,9232.5,0.2699,96433.2
1753504358082,04:32:38.082,ALGO/USDT:USDT,0.2697,22713.4,0.2696,39068.3,0.2698,9232.5,0.2699,96433.2
1753504358232,04:32:38.232,ALGO/USDT:USDT,0.2697,22713.4,0.2696,39068.3,0.2698,9232.5,0.2699,96433.2
1753504358382,04:32:38.382,ALGO/USDT:USDT,0.2697,22713.4,0.2696,39068.3,0.2698,9232.5,0.2699,96433.2
1753504358532,04:32:38.532,ALGO/USDT:USDT,0.2697,22713.4,0.2696,39068.3,0.2698,9232.5,0.2699,96433.2
1753504358682,04:32:38.682,ALGO/USDT:USDT,0.2697,22713.4,0.2696,39068.3,0.2698,9232.5,0.2699,96433.2
1753504358833,04:32:38.833,ALGO/USDT:USDT,0.2697,22713.4,0.2696,39068.3,0.2698,9232.5,0.2699,96433.2
1753504358983,04:32:38.983,ALGO/USDT:USDT,0.2697,22713.4,0.2696,38697.6,0.2698,9232.5,0.2699,96433.2
1753504359133,04:32:39.133,ALGO/USDT:USDT,0.2697,22713.4,0.2696,38697.6,0.2698,9232.5,0.2699,96433.2
1753504359283,04:32:39.283,ALGO/USDT:USDT,0.2697,22713.4,0.2696,38697.6,0.2698,9232.5,0.2699,96433.2
1753504359433,04:32:39.433,ALGO/USDT:USDT,0.2697,22713.4,0.2696,38697.6,0.2698,9232.5,0.2699,96433.2
1753504359583,04:32:39.583,ALGO/USDT:USDT,0.2697,22713.4,0.2696,38697.6,0.2698,9232.5,0.2699,96433.2
1753504359733,04:32:39.733,ALGO/USDT:USDT,0.2697,22713.4,0.2696,38697.6,0.2698,9232.5,0.2699,96433.2
1753504359883,04:32:39.883,ALGO/USDT:USDT,0.2697,21725.1,0.2696,38697.6,0.2698,9232.5,0.2699,96433.2
1753504360033,04:32:40.033,ALGO/USDT:USDT,0.2697,21725.1,0.2696,38697.6,0.2698,9232.5,0.2699,96433.2
1753504360184,04:32:40.184,ALGO/USDT:USDT,0.2697,21725.1,0.2696,38697.6,0.2698,9232.5,0.2699,96433.2
1753504360334,04:32:40.334,ALGO/USDT:USDT,0.2697,21725.1,0.2696,38697.6,0.2698,9232.5,0.2699,96433.2
1753504360484,04:32:40.484,ALGO/USDT:USDT,0.2697,21725.1,0.2696,38697.6,0.2698,9232.5,0.2699,96433.2
1753504360634,04:32:40.634,ALGO/USDT:USDT,0.2697,21725.1,0.2696,38697.6,0.2698,9232.5,0.2699,96433.2
1753504360784,04:32:40.784,ALGO/USDT:USDT,0.2697,21725.1,0.2696,38697.6,0.2698,9232.5,0.2699,96433.2
1753504360934,04:32:40.934,ALGO/USDT:USDT,0.2697,8894.2,0.2696,38697.6,0.2698,12127.4,0.2699,96433.2
1753504361084,04:32:41.084,ALGO/USDT:USDT,0.2697,3463.0,0.2696,38697.6,0.2698,26127.4,0.2699,96433.2
1753504361234,04:32:41.234,ALGO/USDT:USDT,0.2697,3463.0,0.2696,38697.6,0.2698,26127.4,0.2699,96433.2
1753504361384,04:32:41.384,ALGO/USDT:USDT,0.2697,3463.0,0.2696,38697.6,0.2698,26127.4,0.2699,96433.2
1753504361534,04:32:41.534,ALGO/USDT:USDT,0.2697,3463.0,0.2696,38697.6,0.2698,25139.1,0.2699,96433.2
1753504361684,04:32:41.684,ALGO/USDT:USDT,0.2697,3463.0,0.2696,38697.6,0.2698,26127.4,0.2699,96433.2
1753504361834,04:32:41.834,ALGO/USDT:USDT,0.2697,865.7,0.2696,38697.6,0.2698,23143.7,0.2699,108290.7
1753504361985,04:32:41.985,ALGO/USDT:USDT,0.2697,8579.3,0.2696,38697.6,0.2698,23232.5,0.2699,108290.7
1753504362135,04:32:42.135,ALGO/USDT:USDT,0.2697,4317.2,0.2696,38697.6,0.2698,26127.4,0.2699,108290.7
1753504362285,04:32:42.285,ALGO/USDT:USDT,0.2697,4317.2,0.2696,38697.6,0.2698,26127.4,0.2699,108290.7
1753504362435,04:32:42.435,ALGO/USDT:USDT,0.2697,854.2,0.2696,38697.6,0.2698,27716.1,0.2699,102212.4
1753504362585,04:32:42.585,ALGO/USDT:USDT,0.2697,854.2,0.2696,38697.6,0.2698,28704.4,0.2699,102212.4
1753504362735,04:32:42.735,ALGO/USDT:USDT,0.2697,854.2,0.2696,38697.6,0.2698,28704.4,0.2699,102212.4
1753504362885,04:32:42.885,ALGO/USDT:USDT,0.2697,5116.3,0.2696,38697.6,0.2698,28704.4,0.2699,102212.4
1753504363035,04:32:43.035,ALGO/USDT:USDT,0.2696,38697.6,0.2695,32997.7,0.2698,28704.4,0.2699,102212.4
1753504363185,04:32:43.185,ALGO/USDT:USDT,0.2696,43948.0,0.2695,32997.7,0.2697,8013.4,0.2698,27716.1
1753504363335,04:32:43.335,ALGO/USDT:USDT,0.2696,42959.7,0.2695,32997.7,0.2697,8013.4,0.2698,45149.2
1753504363485,04:32:43.485,ALGO/USDT:USDT,0.2696,42959.7,0.2695,32997.7,0.2697,8013.4,0.2698,45149.2
1753504363636,04:32:43.636,ALGO/USDT:USDT,0.2696,42959.7,0.2695,32997.7,0.2697,8013.4,0.2698,45149.2
1753504363786,04:32:43.786,ALGO/USDT:USDT,0.2696,42959.7,0.2695,32997.7,0.2697,8013.4,0.2698,45149.2
1753504363936,04:32:43.936,ALGO/USDT:USDT,0.2696,42959.7,0.2695,32997.7,0.2697,8013.4,0.2698,45149.2
1753504364086,04:32:44.086,ALGO/USDT:USDT,0.2696,42959.7,0.2695,32997.7,0.2697,8013.4,0.2698,45149.2
1753504364236,04:32:44.236,ALGO/USDT:USDT,0.2696,42959.7,0.2695,32997.7,0.2697,8013.4,0.2698,45149.2
1753504364386,04:32:44.386,ALGO/USDT:USDT,0.2696,42959.7,0.2695,32997.7,0.2697,8013.4,0.2698,45149.2
1753504364536,04:32:44.536,ALGO/USDT:USDT,0.2696,42959.7,0.2695,32997.7,0.2697,8013.4,0.2698,45149.2
1753504364686,04:32:44.686,ALGO/USDT:USDT,0.2696,42959.7,0.2695,32997.7,0.2697,8013.4,0.2698,45149.2
1753504364836,04:32:44.836,ALGO/USDT:USDT,0.2696,42959.7,0.2695,32997.7,0.2697,10016.7,0.2698,45149.2
1753504364986,04:32:44.986,ALGO/USDT:USDT,0.2696,42959.7,0.2695,30137.8,0.2697,26876.6,0.2698,45149.2
1753504365137,04:32:45.137,ALGO/USDT:USDT,0.2696,42959.7,0.2695,30137.8,0.2697,26876.6,0.2698,45149.2
1753504365287,04:32:45.287,ALGO/USDT:USDT,0.2696,12645.8,0.2695,30137.8,0.2697,26876.6,0.2698,45149.2
1753504365437,04:32:45.437,ALGO/USDT:USDT,0.2696,11795.1,0.2695,27853.8,0.2697,27864.9,0.2698,156378.8
1753504365587,04:32:45.587,ALGO/USDT:USDT,0.2696,11795.1,0.2695,27853.8,0.2697,27864.9,0.2698,156378.8
1753504365737,04:32:45.737,ALGO/USDT:USDT,0.2696,7533.0,0.2695,27853.8,0.2697,27864.9,0.2698,156378.8
1753504365887,04:32:45.887,ALGO/USDT:USDT,0.2696,7533.0,0.2695,27853.8,0.2697,27864.9,0.2698,156378.8
1753504366037,04:32:46.037,ALGO/USDT:USDT,0.2696,7533.0,0.2695,27853.8,0.2697,27864.9,0.2698,156378.8
1753504366187,04:32:46.187,ALGO/USDT:USDT,0.2696,7533.0,0.2695,27853.8,0.2697,27864.9,0.2698,156378.8
1753504366337,04:32:46.337,ALGO/USDT:USDT,0.2696,7533.0,0.2695,27853.8,0.2697,27864.9,0.2698,156378.8
1753504366487,04:32:46.487,ALGO/USDT:USDT,0.2696,7533.0,0.2695,27853.8,0.2697,27864.9,0.2698,156378.8
1753504366637,04:32:46.637,ALGO/USDT:USDT,0.2696,11795.1,0.2695,27853.8,0.2697,27864.9,0.2698,156378.8
1753504366788,04:32:46.788,ALGO/USDT:USDT,0.2696,1906.6,0.2695,27853.8,0.2697,27864.9,0.2698,156378.8
1753504366938,04:32:46.938,ALGO/USDT:USDT,0.2696,1906.6,0.2695,27853.8,0.2697,27864.9,0.2698,156378.8
1753504367088,04:32:47.088,ALGO/USDT:USDT,0.2696,3463.0,0.2695,32115.9,0.2697,26876.6,0.2698,156378.8
1753504367238,04:32:47.238,ALGO/USDT:USDT,0.2696,5369.6,0.2695,32115.9,0.2697,26876.6,0.2698,156378.8
1753504367388,04:32:47.388,ALGO/USDT:USDT,0.2696,5369.6,0.2695,32115.9,0.2697,26876.6,0.2698,156378.8
1753504367538,04:32:47.538,ALGO/USDT:USDT,0.2696,5369.6,0.2695,32115.9,0.2697,26876.6,0.2698,156378.8
1753504367688,04:32:47.688,ALGO/USDT:USDT,0.2696,5369.6,0.2695,32115.9,0.2697,26876.6,0.2698,156378.8
1753504367838,04:32:47.838,ALGO/USDT:USDT,0.2696,5369.6,0.2695,32115.9,0.2697,27864.9,0.2698,157138.8
1753504367988,04:32:47.988,ALGO/USDT:USDT,0.2696,5369.6,0.2695,32115.9,0.2697,27864.9,0.2698,157138.8
1753504368138,04:32:48.138,ALGO/USDT:USDT,0.2696,5369.6,0.2695,32115.9,0.2697,27864.9,0.2698,157138.8
1753504368288,04:32:48.288,ALGO/USDT:USDT,0.2696,5369.6,0.2695,32115.9,0.2697,27864.9,0.2698,157138.8
1753504368439,04:32:48.439,ALGO/USDT:USDT,0.2696,5369.6,0.2695,32115.9,0.2697,27864.9,0.2698,157138.8
1753504368589,04:32:48.589,ALGO/USDT:USDT,0.2696,1906.6,0.2695,32115.9,0.2697,27864.9,0.2698,157138.8
1753504368739,04:32:48.739,ALGO/USDT:USDT,0.2695,32115.9,0.2694,6678.0,0.2696,1535.2,0.2697,82037.0
1753504368889,04:32:48.889,ALGO/USDT:USDT,0.2695,32115.9,0.2694,6678.0,0.2696,5098.8,0.2697,98657.1
1753504369039,04:32:49.039,ALGO/USDT:USDT,0.2695,32115.9,0.2694,20678.0,0.2696,5098.8,0.2697,98657.1
1753504369189,04:32:49.189,ALGO/USDT:USDT,0.2695,32115.9,0.2694,20678.0,0.2696,5098.8,0.2697,98657.1
1753504369339,04:32:49.339,ALGO/USDT:USDT,0.2695,32115.9,0.2694,20678.0,0.2696,836.7,0.2697,97668.8
1753504369489,04:32:49.489,ALGO/USDT:USDT,0.2695,33104.2,0.2694,20678.0,0.2696,836.7,0.2697,49111.8
1753504369639,04:32:49.639,ALGO/USDT:USDT,0.2695,33104.2,0.2694,20678.0,0.2696,836.7,0.2697,49111.8
1753504369789,04:32:49.789,ALGO/USDT:USDT,0.2695,33104.2,0.2694,20678.0,0.2696,836.7,0.2697,49111.8
1753504369939,04:32:49.939,ALGO/USDT:USDT,0.2695,33104.2,0.2694,20678.0,0.2696,836.7,0.2697,49111.8
1753504370090,04:32:50.090,ALGO/USDT:USDT,0.2695,32115.9,0.2694,20678.0,0.2696,836.7,0.2697,49111.8
1753504370240,04:32:50.240,ALGO/USDT:USDT,0.2695,32115.9,0.2694,20678.0,0.2697,49111.8,0.2698,182668.3
1753504370390,04:32:50.390,ALGO/USDT:USDT,0.2695,32115.9,0.2694,20678.0,0.2697,32439.4,0.2698,200116.6
1753504370540,04:32:50.540,ALGO/USDT:USDT,0.2695,32115.9,0.2694,20678.0,0.2697,32439.4,0.2698,200116.6
1753504370690,04:32:50.690,ALGO/USDT:USDT,0.2695,32115.9,0.2694,20678.0,0.2697,32439.4,0.2698,200116.6
1753504370840,04:32:50.840,ALGO/USDT:USDT,0.2695,33104.2,0.2694,20678.0,0.2697,32439.4,0.2698,200116.6
1753504370990,04:32:50.990,ALGO/USDT:USDT,0.2696,15574.0,0.2695,35964.1,0.2697,9249.1,0.2698,200116.6
1753504371140,04:32:51.140,ALGO/USDT:USDT,0.2696,33836.1,0.2695,31702.0,0.2697,9249.1,0.2698,200116.6
1753504371290,04:32:51.290,ALGO/USDT:USDT,0.2696,33836.1,0.2695,32072.8,0.2697,9249.1,0.2698,200116.6
1753504371440,04:32:51.440,ALGO/USDT:USDT,0.2696,34824.4,0.2695,31084.5,0.2697,9249.1,0.2698,88887.0
1753504371590,04:32:51.590,ALGO/USDT:USDT,0.2696,33836.1,0.2695,31084.5,0.2697,9249.1,0.2698,88887.0
1753504371741,04:32:51.741,ALGO/USDT:USDT,0.2696,33836.1,0.2695,31084.5,0.2697,9249.1,0.2698,88887.0
1753504371891,04:32:51.891,ALGO/USDT:USDT,0.2696,33836.1,0.2695,31084.5,0.2697,9249.1,0.2698,88887.0
1753504372041,04:32:52.041,ALGO/USDT:USDT,0.2696,33836.1,0.2695,31084.5,0.2697,9249.1,0.2698,88887.0
1753504372191,04:32:52.191,ALGO/USDT:USDT,0.2696,34824.4,0.2695,30713.7,0.2697,9249.1,0.2698,88887.0
1753504372341,04:32:52.341,ALGO/USDT:USDT,0.2696,34824.4,0.2695,30713.7,0.2697,9249.1,0.2698,88887.0
1753504372491,04:32:52.491,ALGO/USDT:USDT,0.2696,34824.4,0.2695,30713.7,0.2697,9249.1,0.2698,88887.0
1753504372641,04:32:52.641,ALGO/USDT:USDT,0.2696,34824.4,0.2695,30713.7,0.2697,9249.1,0.2698,88887.0
1753504372791,04:32:52.791,ALGO/USDT:USDT,0.2696,34824.4,0.2695,30713.7,0.2697,9249.1,0.2698,88887.0
1753504372941,04:32:52.941,ALGO/USDT:USDT,0.2696,34824.4,0.2695,30713.7,0.2697,23249.1,0.2698,88887.0
1753504373091,04:32:53.091,ALGO/USDT:USDT,0.2696,34824.4,0.2695,30713.7,0.2697,9249.1,0.2698,88127.0
1753504373241,04:32:53.241,ALGO/USDT:USDT,0.2696,34824.4,0.2695,30713.7,0.2697,9249.1,0.2698,88127.0
1753504373392,04:32:53.392,ALGO/USDT:USDT,0.2696,34824.4,0.2695,30713.7,0.2697,9249.1,0.2698,88127.0
1753504373542,04:32:53.542,ALGO/USDT:USDT,0.2696,33836.1,0.2695,30713.7,0.2697,9249.1,0.2698,88127.0
1753504373692,04:32:53.692,ALGO/USDT:USDT,0.2696,31929.5,0.2695,30713.7,0.2697,9249.1,0.2698,88127.0
1753504373842,04:32:53.842,ALGO/USDT:USDT,0.2696,14188.2,0.2695,30713.7,0.2697,10085.8,0.2698,88127.0
1753504373992,04:32:53.992,ALGO/USDT:USDT,0.2696,14188.2,0.2695,30713.7,0.2697,25074.1,0.2698,88127.0
1753504374142,04:32:54.142,ALGO/USDT:USDT,0.2695,27853.8,0.2694,20678.0,0.2696,767.6,0.2697,29840.6
1753504374292,04:32:54.292,ALGO/USDT:USDT,0.2695,33104.2,0.2694,20678.0,0.2697,26945.7,0.2698,88127.0
1753504374442,04:32:54.442,ALGO/USDT:USDT,0.2696,33836.1,0.2695,28842.1,0.2697,26945.7,0.2698,88122.1
1753504374592,04:32:54.592,ALGO/USDT:USDT,0.2696,33836.1,0.2695,28842.1,0.2697,26945.7,0.2698,88122.1
1753504374742,04:32:54.742,ALGO/USDT:USDT,0.2696,19836.1,0.2695,28842.1,0.2697,26945.7,0.2698,88122.1
1753504374892,04:32:54.892,ALGO/USDT:USDT,0.2696,19836.1,0.2695,28842.1,0.2697,26945.7,0.2698,88122.1
1753504375043,04:32:55.043,ALGO/USDT:USDT,0.2696,6206.3,0.2695,28842.1,0.2697,26945.7,0.2698,88122.1
1753504375192,04:32:55.192,ALGO/USDT:USDT,0.2696,6206.3,0.2695,28842.1,0.2697,26945.7,0.2698,88122.1
1753504375343,04:32:55.343,ALGO/USDT:USDT,0.2696,10468.4,0.2695,28842.1,0.2697,26945.7,0.2698,88122.1
1753504375493,04:32:55.493,ALGO/USDT:USDT,0.2696,10468.4,0.2695,28842.1,0.2697,26945.7,0.2698,88122.1
1753504375643,04:32:55.643,ALGO/USDT:USDT,0.2696,10468.4,0.2695,28842.1,0.2697,26945.7,0.2698,88122.1
1753504375793,04:32:55.793,ALGO/USDT:USDT,0.2696,10468.4,0.2695,28842.1,0.2697,26945.7,0.2698,88122.1
1753504375943,04:32:55.943,ALGO/USDT:USDT,0.2696,24468.4,0.2695,28842.1,0.2697,26945.7,0.2698,88122.1
1753504376093,04:32:56.093,ALGO/USDT:USDT,0.2696,24468.4,0.2695,28842.1,0.2697,26945.7,0.2698,88122.1
1753504376243,04:32:56.243,ALGO/USDT:USDT,0.2696,24468.4,0.2695,28842.1,0.2697,26945.7,0.2698,88122.1
1753504376393,04:32:56.393,ALGO/USDT:USDT,0.2696,24468.4,0.2695,28842.1,0.2697,26945.7,0.2698,88122.1
1753504376543,04:32:56.543,ALGO/USDT:USDT,0.2696,24468.4,0.2695,28842.1,0.2697,26945.7,0.2698,88122.1
1753504376694,04:32:56.694,ALGO/USDT:USDT,0.2696,24468.4,0.2695,28842.1,0.2697,26945.7,0.2698,88122.1
1753504376844,04:32:56.844,ALGO/USDT:USDT,0.2696,24468.4,0.2695,28842.1,0.2697,26945.7,0.2698,88122.1
1753504376994,04:32:56.994,ALGO/USDT:USDT,0.2696,10468.4,0.2695,28842.1,0.2697,26945.7,0.2698,88122.1
1753504377144,04:32:57.144,ALGO/USDT:USDT,0.2696,10468.4,0.2695,28842.1,0.2697,26945.7,0.2698,88122.1
1753504377294,04:32:57.294,ALGO/USDT:USDT,0.2696,10468.4,0.2695,28842.1,0.2697,26945.7,0.2698,88122.1
1753504377444,04:32:57.444,ALGO/USDT:USDT,0.2696,10468.4,0.2695,28842.1,0.2697,12945.7,0.2698,88122.1
1753504377594,04:32:57.594,ALGO/USDT:USDT,0.2696,11456.7,0.2695,27853.8,0.2697,12945.7,0.2698,88122.1
1753504377744,04:32:57.744,ALGO/USDT:USDT,0.2696,11456.7,0.2695,27853.8,0.2697,12945.7,0.2698,88122.1
1753504377894,04:32:57.894,ALGO/USDT:USDT,0.2696,24468.4,0.2695,27853.8,0.2697,12945.7,0.2698,88122.1
1753504378044,04:32:58.044,ALGO/USDT:USDT,0.2696,24468.4,0.2695,27853.8,0.2697,26945.7,0.2698,88122.1
1753504378194,04:32:58.194,ALGO/USDT:USDT,0.2696,24468.4,0.2695,27853.8,0.2697,26945.7,0.2698,88122.1
1753504378345,04:32:58.345,ALGO/USDT:USDT,0.2696,24468.4,0.2695,27853.8,0.2697,26945.7,0.2698,88122.1
1753504378495,04:32:58.495,ALGO/USDT:USDT,0.2696,24468.4,0.2695,27853.8,0.2697,26945.7,0.2698,88122.1
1753504378645,04:32:58.645,ALGO/USDT:USDT,0.2696,24468.4,0.2695,27853.8,0.2697,26945.7,0.2698,88122.1
1753504378795,04:32:58.795,ALGO/USDT:USDT,0.2696,24468.4,0.2695,27853.8,0.2697,26945.7,0.2698,88122.1
1753504378945,04:32:58.945,ALGO/USDT:USDT,0.2696,24468.4,0.2695,27853.8,0.2697,26945.7,0.2698,88122.1
1753504379095,04:32:59.095,ALGO/USDT:USDT,0.2696,24468.4,0.2695,27853.8,0.2697,26945.7,0.2698,88122.1
1753504379245,04:32:59.245,ALGO/USDT:USDT,0.2696,24468.4,0.2695,27853.8,0.2697,26945.7,0.2698,88122.1
1753504379395,04:32:59.395,ALGO/USDT:USDT,0.2696,24468.4,0.2695,27853.8,0.2697,26945.7,0.2698,88122.1
1753504379545,04:32:59.545,ALGO/USDT:USDT,0.2696,24468.4,0.2695,27853.8,0.2697,26945.7,0.2698,88122.1
1753504379695,04:32:59.695,ALGO/USDT:USDT,0.2696,24468.4,0.2695,27853.8,0.2697,26945.7,0.2698,88122.1
1753504379845,04:32:59.845,ALGO/USDT:USDT,0.2696,24468.4,0.2695,27853.8,0.2697,26945.7,0.2698,199380.6
1753504379996,04:32:59.996,ALGO/USDT:USDT,0.2696,24468.4,0.2695,27853.8,0.2697,26945.7,0.2698,199380.6
1753504380146,04:33:00.146,ALGO/USDT:USDT,0.2696,24468.4,0.2695,27853.8,0.2697,26945.7,0.2698,211238.1
1753504380296,04:33:00.296,ALGO/USDT:USDT,0.2696,24468.4,0.2695,27853.8,0.2697,12945.7,0.2698,211238.1
1753504380446,04:33:00.446,ALGO/USDT:USDT,0.2696,24468.4,0.2695,27853.8,0.2697,12945.7,0.2698,211238.1
1753504380596,04:33:00.596,ALGO/USDT:USDT,0.2696,24468.4,0.2695,27853.8,0.2697,12945.7,0.2698,211238.1
1753504380746,04:33:00.746,ALGO/USDT:USDT,0.2696,24468.4,0.2695,27853.8,0.2697,12945.7,0.2698,211238.1
1753504380896,04:33:00.896,ALGO/USDT:USDT,0.2696,24468.4,0.2695,27853.8,0.2697,25945.7,0.2698,211238.1
1753504381046,04:33:01.046,ALGO/USDT:USDT,0.2696,24468.4,0.2695,27853.8,0.2697,25945.7,0.2698,211238.1
1753504381196,04:33:01.196,ALGO/USDT:USDT,0.2696,24468.4,0.2695,27853.8,0.2697,12945.7,0.2698,211238.1
1753504381346,04:33:01.346,ALGO/USDT:USDT,0.2696,24468.4,0.2695,27853.8,0.2697,12109.0,0.2698,211238.1
1753504381496,04:33:01.496,ALGO/USDT:USDT,0.2696,31083.1,0.2695,27853.8,0.2697,12109.0,0.2698,211238.1
1753504381647,04:33:01.647,ALGO/USDT:USDT,0.2696,31083.1,0.2695,27853.8,0.2697,12109.0,0.2698,211238.1
1753504381796,04:33:01.796,ALGO/USDT:USDT,0.2696,30094.8,0.2695,27853.8,0.2697,26109.0,0.2698,211238.1
1753504381947,04:33:01.947,ALGO/USDT:USDT,0.2696,30094.8,0.2695,27853.8,0.2697,26109.0,0.2698,211238.1
1753504382097,04:33:02.097,ALGO/USDT:USDT,0.2696,30094.8,0.2695,27853.8,0.2697,26109.0,0.2698,211238.1
1753504382247,04:33:02.247,ALGO/USDT:USDT,0.2696,30094.8,0.2695,27853.8,0.2697,26109.0,0.2698,211238.1
1753504382397,04:33:02.397,ALGO/USDT:USDT,0.2696,30094.8,0.2695,27853.8,0.2697,26109.0,0.2698,211238.1
1753504382547,04:33:02.547,ALGO/USDT:USDT,0.2696,30094.8,0.2695,27853.8,0.2697,26109.0,0.2698,211238.1
1753504382697,04:33:02.697,ALGO/USDT:USDT,0.2696,30094.8,0.2695,27853.8,0.2697,26109.0,0.2698,211238.1
1753504382847,04:33:02.847,ALGO/USDT:USDT,0.2696,30094.8,0.2695,27853.8,0.2697,26109.0,0.2698,211238.1
1753504383148,04:33:03.148,ALGO/USDT:USDT,0.2696,9926.1,0.2695,27853.8,0.2697,26109.0,0.2698,211238.1
1753504383298,04:33:03.298,ALGO/USDT:USDT,0.2696,9089.4,0.2695,27853.8,0.2697,29003.9,0.2698,211238.1
1753504383448,04:33:03.448,ALGO/USDT:USDT,0.2696,9089.4,0.2695,27853.8,0.2697,29003.9,0.2698,211238.1
1753504383598,04:33:03.598,ALGO/USDT:USDT,0.2696,9089.4,0.2695,27853.8,0.2697,28015.6,0.2698,211238.1
1753504383748,04:33:03.748,ALGO/USDT:USDT,0.2696,9089.4,0.2695,27853.8,0.2697,28015.6,0.2698,211238.1
1753504383898,04:33:03.898,ALGO/USDT:USDT,0.2696,23089.4,0.2695,27853.8,0.2697,28015.6,0.2698,211238.1
1753504384048,04:33:04.048,ALGO/USDT:USDT,0.2696,23089.4,0.2695,27853.8,0.2697,29003.9,0.2698,211238.1
1753504384198,04:33:04.198,ALGO/USDT:USDT,0.2696,27351.5,0.2695,27853.8,0.2697,28015.6,0.2698,211238.1
1753504384348,04:33:04.348,ALGO/USDT:USDT,0.2696,27351.5,0.2695,27853.8,0.2697,28015.6,0.2698,211238.1
1753504384498,04:33:04.498,ALGO/USDT:USDT,0.2696,27351.5,0.2695,27853.8,0.2697,28015.6,0.2698,211238.1
1753504384648,04:33:04.648,ALGO/USDT:USDT,0.2696,9089.4,0.2695,27853.8,0.2697,28015.6,0.2698,211238.1
1753504384798,04:33:04.798,ALGO/USDT:USDT,0.2696,9089.4,0.2695,27853.8,0.2697,28015.6,0.2698,211238.1
1753504384949,04:33:04.949,ALGO/USDT:USDT,0.2696,9089.4,0.2695,27853.8,0.2697,28015.6,0.2698,211238.1
1753504385099,04:33:05.099,ALGO/USDT:USDT,0.2696,13351.5,0.2695,27853.8,0.2697,28015.6,0.2698,211238.1
1753504385249,04:33:05.249,ALGO/USDT:USDT,0.2696,13351.5,0.2695,27853.8,0.2697,28015.6,0.2698,211238.1
1753504385399,04:33:05.399,ALGO/USDT:USDT,0.2696,13351.5,0.2695,27853.8,0.2697,28015.6,0.2698,211238.1
1753504385549,04:33:05.549,ALGO/USDT:USDT,0.2696,13351.5,0.2695,27853.8,0.2697,28015.6,0.2698,211238.1
1753504385699,04:33:05.699,ALGO/USDT:USDT,0.2696,13351.5,0.2695,27853.8,0.2697,28015.6,0.2698,211238.1
1753504385849,04:33:05.849,ALGO/USDT:USDT,0.2696,13351.5,0.2695,27853.8,0.2697,28015.6,0.2698,211238.1
1753504385999,04:33:05.999,ALGO/USDT:USDT,0.2696,9089.4,0.2695,27853.8,0.2697,28015.6,0.2698,211238.1
1753504386149,04:33:06.149,ALGO/USDT:USDT,0.2696,9089.4,0.2695,27853.8,0.2697,29003.9,0.2698,211238.1
1753504386299,04:33:06.299,ALGO/USDT:USDT,0.2696,9089.4,0.2695,27853.8,0.2697,29003.9,0.2698,211238.1
1753504386450,04:33:06.450,ALGO/USDT:USDT,0.2696,9089.4,0.2695,27853.8,0.2697,29003.9,0.2698,211238.1
1753504386600,04:33:06.600,ALGO/USDT:USDT,0.2696,9089.4,0.2695,27853.8,0.2697,28015.6,0.2698,211238.1
1753504386750,04:33:06.750,ALGO/USDT:USDT,0.2695,27853.8,0.2694,20678.0,0.2697,28015.6,0.2698,205159.8
1753504386900,04:33:06.900,ALGO/USDT:USDT,0.2695,33104.2,0.2694,20678.0,0.2697,28015.6,0.2698,205159.8
1753504387050,04:33:07.050,ALGO/USDT:USDT,0.2695,33104.2,0.2694,20678.0,0.2697,28015.6,0.2698,205159.8
1753504387200,04:33:07.200,ALGO/USDT:USDT,0.2695,33104.2,0.2694,20678.0,0.2697,28015.6,0.2698,205159.8
1753504387350,04:33:07.350,ALGO/USDT:USDT,0.2695,32115.9,0.2694,20678.0,0.2697,28015.6,0.2698,205159.8
1753504387500,04:33:07.500,ALGO/USDT:USDT,0.2695,32115.9,0.2694,20678.0,0.2697,28015.6,0.2698,205159.8
1753504387650,04:33:07.650,ALGO/USDT:USDT,0.2696,3463.0,0.2695,32115.9,0.2697,28015.6,0.2698,205159.8
1753504387800,04:33:07.800,ALGO/USDT:USDT,0.2696,3463.0,0.2695,32115.9,0.2697,28015.6,0.2698,205159.8
1753504387950,04:33:07.950,ALGO/USDT:USDT,0.2696,3463.0,0.2695,32115.9,0.2697,28015.6,0.2698,205159.8
1753504388100,04:33:08.100,ALGO/USDT:USDT,0.2696,3463.0,0.2695,32115.9,0.2697,28015.6,0.2698,205159.8
1753504388251,04:33:08.251,ALGO/USDT:USDT,0.2696,3463.0,0.2695,32115.9,0.2697,28015.6,0.2698,205159.8
1753504388402,04:33:08.402,ALGO/USDT:USDT,0.2696,3463.0,0.2695,32115.9,0.2697,28015.6,0.2698,205159.8
1753504388551,04:33:08.551,ALGO/USDT:USDT,0.2696,9631.7,0.2695,27853.8,0.2697,26109.0,0.2698,203253.2
1753504388701,04:33:08.701,ALGO/USDT:USDT,0.2696,17092.8,0.2695,27853.8,0.2697,23249.1,0.2698,205919.8
1753504388851,04:33:08.851,ALGO/USDT:USDT,0.2696,32081.1,0.2695,27853.8,0.2697,23249.1,0.2698,205919.8
1753504389001,04:33:09.001,ALGO/USDT:USDT,0.2696,22719.2,0.2695,27853.8,0.2697,23249.1,0.2698,205919.8
1753504389151,04:33:09.151,ALGO/USDT:USDT,0.2696,22719.2,0.2695,27853.8,0.2697,23249.1,0.2698,205919.8
1753504389301,04:33:09.301,ALGO/USDT:USDT,0.2696,22719.2,0.2695,27853.8,0.2697,23249.1,0.2698,205919.8
1753504389451,04:33:09.451,ALGO/USDT:USDT,0.2696,22719.2,0.2695,27853.8,0.2697,23249.1,0.2698,205919.8
1753504389601,04:33:09.601,ALGO/USDT:USDT,0.2696,22719.2,0.2695,27853.8,0.2697,23249.1,0.2698,205919.8
1753504389752,04:33:09.752,ALGO/USDT:USDT,0.2696,22719.2,0.2695,27853.8,0.2697,23249.1,0.2698,205919.8
1753504389902,04:33:09.902,ALGO/USDT:USDT,0.2696,13351.5,0.2695,27853.8,0.2697,23249.1,0.2698,205919.8
1753504390052,04:33:10.052,ALGO/USDT:USDT,0.2696,15258.1,0.2695,27853.8,0.2697,23249.1,0.2698,204013.2
1753504390202,04:33:10.202,ALGO/USDT:USDT,0.2696,15258.1,0.2695,27853.8,0.2697,23249.1,0.2698,204013.2
1753504390352,04:33:10.352,ALGO/USDT:USDT,0.2696,10996.0,0.2695,27853.8,0.2697,23249.1,0.2698,205919.8
1753504390502,04:33:10.502,ALGO/USDT:USDT,0.2696,10996.0,0.2695,27853.8,0.2697,23249.1,0.2698,205919.8
1753504390652,04:33:10.652,ALGO/USDT:USDT,0.2696,10996.0,0.2695,27853.8,0.2697,23249.1,0.2698,205919.8
1753504390802,04:33:10.802,ALGO/USDT:USDT,0.2696,10996.0,0.2695,27853.8,0.2697,23249.1,0.2698,205919.8
1753504390952,04:33:10.952,ALGO/USDT:USDT,0.2696,10996.0,0.2695,27853.8,0.2697,23249.1,0.2698,205919.8
1753504391102,04:33:11.102,ALGO/USDT:USDT,0.2696,15258.1,0.2695,27853.8,0.2697,23249.1,0.2698,205919.8
1753504391252,04:33:11.252,ALGO/USDT:USDT,0.2696,15258.1,0.2695,27853.8,0.2697,23249.1,0.2698,205919.8
1753504391402,04:33:11.402,ALGO/USDT:USDT,0.2696,15258.1,0.2695,27853.8,0.2697,23249.1,0.2698,205919.8
1753504391553,04:33:11.553,ALGO/USDT:USDT,0.2696,15258.1,0.2695,27853.8,0.2697,23249.1,0.2698,205919.8
1753504391703,04:33:11.703,ALGO/USDT:USDT,0.2696,29258.1,0.2695,27853.8,0.2697,23249.1,0.2698,205919.8
1753504391853,04:33:11.853,ALGO/USDT:USDT,0.2696,29258.1,0.2695,27853.8,0.2697,23249.1,0.2698,205919.8
1753504392003,04:33:12.003,ALGO/USDT:USDT,0.2696,29258.1,0.2695,27853.8,0.2697,23249.1,0.2698,205919.8
1753504392153,04:33:12.153,ALGO/USDT:USDT,0.2696,29258.1,0.2695,27853.8,0.2697,23249.1,0.2698,211998.1
1753504392303,04:33:12.303,ALGO/USDT:USDT,0.2696,29258.1,0.2695,27853.8,0.2697,23249.1,0.2698,211998.1
1753504392453,04:33:12.453,ALGO/USDT:USDT,0.2696,29258.1,0.2695,27853.8,0.2697,23249.1,0.2698,211998.1
1753504392603,04:33:12.603,ALGO/USDT:USDT,0.2696,29258.1,0.2695,27853.8,0.2697,23249.1,0.2698,211998.1
1753504392753,04:33:12.753,ALGO/USDT:USDT,0.2696,15258.1,0.2695,27853.8,0.2697,23249.1,0.2698,211998.1
