timestamp,time,symbol,bid1_price,bid1_volume,bid2_price,bid2_volume,ask1_price,ask1_volume,ask2_price,ask2_volume
1753503734097,04:22:14.097,ADA/USDT:USDT,0.8249,16279.0,0.8248,103210.0,0.825,64678.0,0.8251,64382.0
1753503734247,04:22:14.247,ADA/USDT:USDT,0.8249,16279.0,0.8248,103210.0,0.825,64678.0,0.8251,64382.0
1753503734398,04:22:14.398,ADA/USDT:USDT,0.8249,16279.0,0.8248,103210.0,0.825,64678.0,0.8251,64382.0
1753503734548,04:22:14.548,ADA/USDT:USDT,0.8249,16279.0,0.8248,103210.0,0.825,64678.0,0.8251,64382.0
1753503734698,04:22:14.698,ADA/USDT:USDT,0.8249,16279.0,0.8248,103210.0,0.825,64678.0,0.8251,64382.0
1753503734848,04:22:14.848,ADA/USDT:USDT,0.8249,16279.0,0.8248,103210.0,0.825,64678.0,0.8251,64382.0
1753503734998,04:22:14.998,ADA/USDT:USDT,0.8249,17090.0,0.8248,103210.0,0.825,64678.0,0.8251,64382.0
1753503735148,04:22:15.148,ADA/USDT:USDT,0.8249,17090.0,0.8248,119055.0,0.825,64678.0,0.8251,64382.0
1753503735298,04:22:15.298,ADA/USDT:USDT,0.8249,18689.0,0.8248,119055.0,0.825,64678.0,0.8251,64382.0
1753503735448,04:22:15.448,ADA/USDT:USDT,0.8249,18689.0,0.8248,110078.0,0.825,64678.0,0.8251,64382.0
1753503735598,04:22:15.598,ADA/USDT:USDT,0.8249,18689.0,0.8248,110078.0,0.825,64678.0,0.8251,64382.0
1753503735748,04:22:15.748,ADA/USDT:USDT,0.8249,18689.0,0.8248,110078.0,0.825,64678.0,0.8251,64382.0
1753503735898,04:22:15.898,ADA/USDT:USDT,0.8249,18689.0,0.8248,110078.0,0.825,64678.0,0.8251,64382.0
1753503736048,04:22:16.048,ADA/USDT:USDT,0.8249,18689.0,0.8248,110078.0,0.825,64678.0,0.8251,64382.0
1753503736199,04:22:16.199,ADA/USDT:USDT,0.8249,18689.0,0.8248,110078.0,0.825,64678.0,0.8251,67688.0
1753503736199,04:22:16.199,ADA/USDT:USDT,0.8249,18689.0,0.8248,110078.0,0.825,64678.0,0.8251,67688.0
1753503736349,04:22:16.349,ADA/USDT:USDT,0.8249,18689.0,0.8248,110078.0,0.825,64678.0,0.8251,92695.0
1753503736349,04:22:16.349,ADA/USDT:USDT,0.8249,18689.0,0.8248,110078.0,0.825,64678.0,0.8251,92695.0
1753503736499,04:22:16.499,ADA/USDT:USDT,0.8249,18689.0,0.8248,110078.0,0.825,64678.0,0.8251,92695.0
1753503736499,04:22:16.499,ADA/USDT:USDT,0.8249,18689.0,0.8248,110078.0,0.825,64678.0,0.8251,92695.0
1753503736649,04:22:16.649,ADA/USDT:USDT,0.8249,29189.0,0.8248,110078.0,0.825,64678.0,0.8251,92695.0
1753503736649,04:22:16.649,ADA/USDT:USDT,0.8249,29189.0,0.8248,110078.0,0.825,64678.0,0.8251,92695.0
1753503736799,04:22:16.799,ADA/USDT:USDT,0.8249,29189.0,0.8248,110078.0,0.825,64678.0,0.8251,92695.0
1753503736799,04:22:16.799,ADA/USDT:USDT,0.8249,29189.0,0.8248,110078.0,0.825,64678.0,0.8251,92695.0
1753503736949,04:22:16.949,ADA/USDT:USDT,0.8249,29189.0,0.8248,110078.0,0.825,39178.0,0.8251,92695.0
1753503736949,04:22:16.949,ADA/USDT:USDT,0.8249,29189.0,0.8248,110078.0,0.825,39178.0,0.8251,92695.0
1753503737099,04:22:17.099,ADA/USDT:USDT,0.8249,29189.0,0.8248,110078.0,0.825,39178.0,0.8251,92695.0
1753503737099,04:22:17.099,ADA/USDT:USDT,0.8249,29189.0,0.8248,110078.0,0.825,39178.0,0.8251,92695.0
1753503737249,04:22:17.249,ADA/USDT:USDT,0.8249,18689.0,0.8248,110078.0,0.825,39178.0,0.8251,92695.0
1753503737249,04:22:17.249,ADA/USDT:USDT,0.8249,18689.0,0.8248,110078.0,0.825,39178.0,0.8251,92695.0
1753503737399,04:22:17.399,ADA/USDT:USDT,0.8249,940.0,0.8248,42136.0,0.825,44223.0,0.8251,92695.0
1753503737399,04:22:17.399,ADA/USDT:USDT,0.8249,940.0,0.8248,42136.0,0.825,44223.0,0.8251,92695.0
1753503737549,04:22:17.549,ADA/USDT:USDT,0.8248,67090.0,0.8247,79225.0,0.825,75474.0,0.8251,92090.0
1753503737549,04:22:17.549,ADA/USDT:USDT,0.8248,67090.0,0.8247,79225.0,0.825,75474.0,0.8251,92090.0
1753503737699,04:22:17.699,ADA/USDT:USDT,0.8248,68689.0,0.8247,76810.0,0.8249,42691.0,0.825,56787.0
1753503737699,04:22:17.699,ADA/USDT:USDT,0.8248,68689.0,0.8247,76810.0,0.8249,42691.0,0.825,56787.0
1753503737850,04:22:17.850,ADA/USDT:USDT,0.8248,52169.0,0.8247,109893.0,0.8249,28140.0,0.825,56787.0
1753503737850,04:22:17.850,ADA/USDT:USDT,0.8248,52169.0,0.8247,109893.0,0.8249,28140.0,0.825,56787.0
1753503738000,04:22:18.000,ADA/USDT:USDT,0.8248,52169.0,0.8247,110851.0,0.8249,28140.0,0.825,57745.0
1753503738000,04:22:18.000,ADA/USDT:USDT,0.8248,52169.0,0.8247,110851.0,0.8249,28140.0,0.825,57745.0
1753503738150,04:22:18.150,ADA/USDT:USDT,0.8248,52169.0,0.8247,110851.0,0.8249,28140.0,0.825,57745.0
1753503738150,04:22:18.150,ADA/USDT:USDT,0.8248,52169.0,0.8247,110851.0,0.8249,28140.0,0.825,57745.0
1753503738300,04:22:18.300,ADA/USDT:USDT,0.8248,52169.0,0.8247,110851.0,0.8249,28140.0,0.825,57745.0
1753503738300,04:22:18.300,ADA/USDT:USDT,0.8248,52169.0,0.8247,110851.0,0.8249,28140.0,0.825,57745.0
1753503738450,04:22:18.450,ADA/USDT:USDT,0.8248,52169.0,0.8247,110851.0,0.8249,28140.0,0.825,57745.0
1753503738450,04:22:18.450,ADA/USDT:USDT,0.8248,52169.0,0.8247,110851.0,0.8249,28140.0,0.825,57745.0
1753503738600,04:22:18.600,ADA/USDT:USDT,0.8248,52169.0,0.8247,110851.0,0.8249,39640.0,0.825,57745.0
1753503738600,04:22:18.600,ADA/USDT:USDT,0.8248,52169.0,0.8247,110851.0,0.8249,39640.0,0.825,57745.0
1753503738750,04:22:18.750,ADA/USDT:USDT,0.8248,52169.0,0.8247,110851.0,0.8249,28140.0,0.825,57745.0
1753503738750,04:22:18.750,ADA/USDT:USDT,0.8248,52169.0,0.8247,110851.0,0.8249,28140.0,0.825,57745.0
1753503738900,04:22:18.900,ADA/USDT:USDT,0.8248,52169.0,0.8247,110851.0,0.8249,28140.0,0.825,68360.0
1753503738900,04:22:18.900,ADA/USDT:USDT,0.8248,52169.0,0.8247,110851.0,0.8249,28140.0,0.825,68360.0
1753503739050,04:22:19.050,ADA/USDT:USDT,0.8248,67508.0,0.8247,110851.0,0.8249,16563.0,0.825,29090.0
1753503739050,04:22:19.050,ADA/USDT:USDT,0.8248,67508.0,0.8247,110851.0,0.8249,16563.0,0.825,29090.0
1753503739200,04:22:19.200,ADA/USDT:USDT,0.8249,1247.0,0.8248,67508.0,0.825,29090.0,0.8251,91132.0
1753503739200,04:22:19.200,ADA/USDT:USDT,0.8249,1247.0,0.8248,67508.0,0.825,29090.0,0.8251,91132.0
1753503739350,04:22:19.350,ADA/USDT:USDT,0.8249,54190.0,0.8248,107547.0,0.825,24455.0,0.8251,91737.0
1753503739350,04:22:19.350,ADA/USDT:USDT,0.8249,54190.0,0.8248,107547.0,0.825,24455.0,0.8251,91737.0
1753503739501,04:22:19.501,ADA/USDT:USDT,0.8249,54190.0,0.8248,107547.0,0.825,24455.0,0.8251,91132.0
1753503739501,04:22:19.501,ADA/USDT:USDT,0.8249,54190.0,0.8248,107547.0,0.825,24455.0,0.8251,91132.0
1753503739651,04:22:19.651,ADA/USDT:USDT,0.8249,54190.0,0.8248,107547.0,0.825,24455.0,0.8251,91132.0
1753503739651,04:22:19.651,ADA/USDT:USDT,0.8249,54190.0,0.8248,107547.0,0.825,24455.0,0.8251,91132.0
1753503739801,04:22:19.801,ADA/USDT:USDT,0.8249,70487.0,0.8248,113550.0,0.825,3239.0,0.8251,54623.0
1753503739801,04:22:19.801,ADA/USDT:USDT,0.8249,70487.0,0.8248,113550.0,0.825,3239.0,0.8251,54623.0
1753503739951,04:22:19.951,ADA/USDT:USDT,0.8249,70487.0,0.8248,124810.0,0.825,21999.0,0.8251,54623.0
1753503739951,04:22:19.951,ADA/USDT:USDT,0.8249,70487.0,0.8248,124810.0,0.825,21999.0,0.8251,54623.0
1753503740101,04:22:20.101,ADA/USDT:USDT,0.8249,68282.0,0.8248,123852.0,0.825,38562.0,0.8251,55581.0
1753503740101,04:22:20.101,ADA/USDT:USDT,0.8249,68282.0,0.8248,123852.0,0.825,38562.0,0.8251,55581.0
1753503740251,04:22:20.251,ADA/USDT:USDT,0.8249,68282.0,0.8248,124810.0,0.825,38562.0,0.8251,55581.0
1753503740251,04:22:20.251,ADA/USDT:USDT,0.8249,68282.0,0.8248,124810.0,0.825,38562.0,0.8251,55581.0
1753503740401,04:22:20.401,ADA/USDT:USDT,0.8249,68282.0,0.8248,124810.0,0.825,38562.0,0.8251,55581.0
1753503740401,04:22:20.401,ADA/USDT:USDT,0.8249,68282.0,0.8248,124810.0,0.825,38562.0,0.8251,55581.0
1753503740551,04:22:20.551,ADA/USDT:USDT,0.8249,68282.0,0.8248,124810.0,0.825,52062.0,0.8251,55581.0
1753503740551,04:22:20.551,ADA/USDT:USDT,0.8249,68282.0,0.8248,124810.0,0.825,52062.0,0.8251,55581.0
1753503740701,04:22:20.701,ADA/USDT:USDT,0.8249,67918.0,0.8248,124810.0,0.825,38562.0,0.8251,55581.0
1753503740701,04:22:20.701,ADA/USDT:USDT,0.8249,67918.0,0.8248,124810.0,0.825,38562.0,0.8251,55581.0
1753503740851,04:22:20.851,ADA/USDT:USDT,0.8249,67918.0,0.8248,124810.0,0.825,38562.0,0.8251,55581.0
1753503740851,04:22:20.851,ADA/USDT:USDT,0.8249,67918.0,0.8248,124810.0,0.825,38562.0,0.8251,55581.0
1753503741001,04:22:21.001,ADA/USDT:USDT,0.8249,67918.0,0.8248,124810.0,0.825,38562.0,0.8251,55581.0
1753503741001,04:22:21.001,ADA/USDT:USDT,0.8249,67918.0,0.8248,124810.0,0.825,38562.0,0.8251,55581.0
1753503741152,04:22:21.152,ADA/USDT:USDT,0.8249,67918.0,0.8248,124810.0,0.825,38562.0,0.8251,55581.0
1753503741152,04:22:21.152,ADA/USDT:USDT,0.8249,67918.0,0.8248,124810.0,0.825,38562.0,0.8251,55581.0
1753503741302,04:22:21.302,ADA/USDT:USDT,0.8249,67918.0,0.8248,124810.0,0.825,38562.0,0.8251,55581.0
1753503741302,04:22:21.302,ADA/USDT:USDT,0.8249,67918.0,0.8248,124810.0,0.825,38562.0,0.8251,55581.0
1753503741452,04:22:21.452,ADA/USDT:USDT,0.8249,67918.0,0.8248,124810.0,0.825,38562.0,0.8251,55581.0
1753503741452,04:22:21.452,ADA/USDT:USDT,0.8249,67918.0,0.8248,124810.0,0.825,38562.0,0.8251,55581.0
1753503741602,04:22:21.602,ADA/USDT:USDT,0.8249,67918.0,0.8248,124810.0,0.825,37732.0,0.8251,55581.0
1753503741602,04:22:21.602,ADA/USDT:USDT,0.8249,67918.0,0.8248,124810.0,0.825,37732.0,0.8251,55581.0
1753503741752,04:22:21.752,ADA/USDT:USDT,0.8249,67918.0,0.8248,124810.0,0.825,37732.0,0.8251,55581.0
1753503741752,04:22:21.752,ADA/USDT:USDT,0.8249,67918.0,0.8248,124810.0,0.825,37732.0,0.8251,55581.0
1753503741902,04:22:21.902,ADA/USDT:USDT,0.8249,67918.0,0.8248,124810.0,0.825,37732.0,0.8251,55581.0
1753503741902,04:22:21.902,ADA/USDT:USDT,0.8249,67918.0,0.8248,124810.0,0.825,37732.0,0.8251,55581.0
1753503742052,04:22:22.052,ADA/USDT:USDT,0.8249,67918.0,0.8248,123852.0,0.825,37732.0,0.8251,55581.0
1753503742052,04:22:22.052,ADA/USDT:USDT,0.8249,67918.0,0.8248,123852.0,0.825,37732.0,0.8251,55581.0
1753503742202,04:22:22.202,ADA/USDT:USDT,0.8249,67918.0,0.8248,156934.0,0.825,37732.0,0.8251,55581.0
1753503742202,04:22:22.202,ADA/USDT:USDT,0.8249,67918.0,0.8248,156934.0,0.825,37732.0,0.8251,55581.0
1753503742352,04:22:22.352,ADA/USDT:USDT,0.8249,67918.0,0.8248,145795.0,0.825,37732.0,0.8251,55581.0
1753503742352,04:22:22.352,ADA/USDT:USDT,0.8249,67918.0,0.8248,145795.0,0.825,37732.0,0.8251,55581.0
1753503742502,04:22:22.502,ADA/USDT:USDT,0.8249,67918.0,0.8248,145795.0,0.825,37732.0,0.8251,63789.0
1753503742502,04:22:22.502,ADA/USDT:USDT,0.8249,67918.0,0.8248,145795.0,0.825,37732.0,0.8251,63789.0
1753503742653,04:22:22.653,ADA/USDT:USDT,0.8249,67918.0,0.8248,145795.0,0.825,37732.0,0.8251,63789.0
1753503742653,04:22:22.653,ADA/USDT:USDT,0.8249,67918.0,0.8248,145795.0,0.825,37732.0,0.8251,63789.0
1753503742802,04:22:22.802,ADA/USDT:USDT,0.8249,67918.0,0.8248,146753.0,0.825,37732.0,0.8251,63789.0
1753503742802,04:22:22.802,ADA/USDT:USDT,0.8249,67918.0,0.8248,146753.0,0.825,37732.0,0.8251,63789.0
1753503742953,04:22:22.953,ADA/USDT:USDT,0.8249,67918.0,0.8248,146753.0,0.825,37732.0,0.8251,63789.0
1753503742953,04:22:22.953,ADA/USDT:USDT,0.8249,67918.0,0.8248,146753.0,0.825,37732.0,0.8251,63789.0
1753503743103,04:22:23.103,ADA/USDT:USDT,0.8249,67918.0,0.8248,146753.0,0.825,37732.0,0.8251,63789.0
1753503743103,04:22:23.103,ADA/USDT:USDT,0.8249,67918.0,0.8248,146753.0,0.825,37732.0,0.8251,63789.0
1753503743253,04:22:23.253,ADA/USDT:USDT,0.8249,67918.0,0.8248,146753.0,0.825,37732.0,0.8251,53175.0
1753503743253,04:22:23.253,ADA/USDT:USDT,0.8249,67918.0,0.8248,146753.0,0.825,37732.0,0.8251,53175.0
1753503743403,04:22:23.403,ADA/USDT:USDT,0.8249,67918.0,0.8248,146753.0,0.825,35783.0,0.8251,52217.0
1753503743403,04:22:23.403,ADA/USDT:USDT,0.8249,67918.0,0.8248,146753.0,0.825,35783.0,0.8251,52217.0
1753503743553,04:22:23.553,ADA/USDT:USDT,0.8249,67918.0,0.8248,146753.0,0.825,35783.0,0.8251,39717.0
1753503743553,04:22:23.553,ADA/USDT:USDT,0.8249,67918.0,0.8248,146753.0,0.825,35783.0,0.8251,39717.0
1753503743703,04:22:23.703,ADA/USDT:USDT,0.8249,67918.0,0.8248,150509.0,0.825,35141.0,0.8251,39717.0
1753503743703,04:22:23.703,ADA/USDT:USDT,0.8249,67918.0,0.8248,150509.0,0.825,35141.0,0.8251,39717.0
1753503743853,04:22:23.853,ADA/USDT:USDT,0.8249,67918.0,0.8248,150509.0,0.825,35141.0,0.8251,39717.0
1753503743853,04:22:23.853,ADA/USDT:USDT,0.8249,67918.0,0.8248,150509.0,0.825,35141.0,0.8251,39717.0
1753503744003,04:22:24.003,ADA/USDT:USDT,0.8249,67918.0,0.8248,150509.0,0.825,35141.0,0.8251,39717.0
1753503744003,04:22:24.003,ADA/USDT:USDT,0.8249,67918.0,0.8248,150509.0,0.825,35141.0,0.8251,39717.0
1753503744153,04:22:24.153,ADA/USDT:USDT,0.8249,67918.0,0.8248,150509.0,0.825,33542.0,0.8251,39717.0
1753503744153,04:22:24.153,ADA/USDT:USDT,0.8249,67918.0,0.8248,150509.0,0.825,33542.0,0.8251,39717.0
1753503744303,04:22:24.303,ADA/USDT:USDT,0.8249,67918.0,0.8248,150509.0,0.825,33542.0,0.8251,39717.0
1753503744303,04:22:24.303,ADA/USDT:USDT,0.8249,67918.0,0.8248,150509.0,0.825,33542.0,0.8251,39717.0
1753503744453,04:22:24.453,ADA/USDT:USDT,0.8249,67918.0,0.8248,150509.0,0.825,35141.0,0.8251,39717.0
1753503744453,04:22:24.453,ADA/USDT:USDT,0.8249,67918.0,0.8248,150509.0,0.825,35141.0,0.8251,39717.0
1753503744604,04:22:24.604,ADA/USDT:USDT,0.8249,67918.0,0.8248,150509.0,0.825,35141.0,0.8251,39717.0
1753503744604,04:22:24.604,ADA/USDT:USDT,0.8249,67918.0,0.8248,150509.0,0.825,35141.0,0.8251,39717.0
1753503744754,04:22:24.754,ADA/USDT:USDT,0.8249,67918.0,0.8248,150509.0,0.825,33542.0,0.8251,39717.0
1753503744754,04:22:24.754,ADA/USDT:USDT,0.8249,67918.0,0.8248,150509.0,0.825,33542.0,0.8251,39717.0
1753503744904,04:22:24.904,ADA/USDT:USDT,0.8249,67918.0,0.8248,150509.0,0.825,35141.0,0.8251,50331.0
1753503744904,04:22:24.904,ADA/USDT:USDT,0.8249,67918.0,0.8248,150509.0,0.825,35141.0,0.8251,50331.0
1753503745054,04:22:25.054,ADA/USDT:USDT,0.8249,67918.0,0.8248,150509.0,0.825,35141.0,0.8251,50331.0
1753503745054,04:22:25.054,ADA/USDT:USDT,0.8249,67918.0,0.8248,150509.0,0.825,35141.0,0.8251,50331.0
1753503745204,04:22:25.204,ADA/USDT:USDT,0.8249,67918.0,0.8248,150509.0,0.825,33542.0,0.8251,50331.0
1753503745204,04:22:25.204,ADA/USDT:USDT,0.8249,67918.0,0.8248,150509.0,0.825,33542.0,0.8251,50331.0
1753503745354,04:22:25.354,ADA/USDT:USDT,0.8249,67918.0,0.8248,150509.0,0.825,35141.0,0.8251,51289.0
1753503745354,04:22:25.354,ADA/USDT:USDT,0.8249,67918.0,0.8248,150509.0,0.825,35141.0,0.8251,51289.0
1753503745504,04:22:25.504,ADA/USDT:USDT,0.8249,67918.0,0.8248,150509.0,0.825,46491.0,0.8251,51289.0
1753503745504,04:22:25.504,ADA/USDT:USDT,0.8249,67918.0,0.8248,150509.0,0.825,46491.0,0.8251,51289.0
1753503745654,04:22:25.654,ADA/USDT:USDT,0.8249,67918.0,0.8248,150509.0,0.825,35491.0,0.8251,51289.0
1753503745654,04:22:25.654,ADA/USDT:USDT,0.8249,67918.0,0.8248,150509.0,0.825,35491.0,0.8251,51289.0
1753503745804,04:22:25.804,ADA/USDT:USDT,0.8249,42782.0,0.8248,149551.0,0.825,36321.0,0.8251,51289.0
1753503745804,04:22:25.804,ADA/USDT:USDT,0.8249,42782.0,0.8248,149551.0,0.825,36321.0,0.8251,51289.0
1753503745954,04:22:25.954,ADA/USDT:USDT,0.8249,42782.0,0.8248,149551.0,0.825,36321.0,0.8251,51289.0
1753503745954,04:22:25.954,ADA/USDT:USDT,0.8249,42782.0,0.8248,149551.0,0.825,36321.0,0.8251,51289.0
1753503746104,04:22:26.104,ADA/USDT:USDT,0.8249,42782.0,0.8248,149551.0,0.825,36321.0,0.8251,51289.0
1753503746104,04:22:26.104,ADA/USDT:USDT,0.8249,42782.0,0.8248,149551.0,0.825,36321.0,0.8251,51289.0
1753503746254,04:22:26.254,ADA/USDT:USDT,0.8249,42782.0,0.8248,149551.0,0.825,36321.0,0.8251,51289.0
1753503746254,04:22:26.254,ADA/USDT:USDT,0.8249,42782.0,0.8248,149551.0,0.825,36321.0,0.8251,51289.0
1753503746405,04:22:26.405,ADA/USDT:USDT,0.8249,42782.0,0.8248,149551.0,0.825,36321.0,0.8251,51289.0
1753503746405,04:22:26.405,ADA/USDT:USDT,0.8249,42782.0,0.8248,149551.0,0.825,36321.0,0.8251,51289.0
1753503746555,04:22:26.555,ADA/USDT:USDT,0.8249,42782.0,0.8248,149551.0,0.825,61821.0,0.8251,51289.0
1753503746555,04:22:26.555,ADA/USDT:USDT,0.8249,42782.0,0.8248,149551.0,0.825,61821.0,0.8251,51289.0
1753503746705,04:22:26.705,ADA/USDT:USDT,0.8249,42782.0,0.8248,149551.0,0.825,61821.0,0.8251,51894.0
1753503746705,04:22:26.705,ADA/USDT:USDT,0.8249,42782.0,0.8248,149551.0,0.825,61821.0,0.8251,51894.0
1753503746855,04:22:26.855,ADA/USDT:USDT,0.8249,42782.0,0.8248,149551.0,0.825,61821.0,0.8251,51894.0
1753503746855,04:22:26.855,ADA/USDT:USDT,0.8249,42782.0,0.8248,149551.0,0.825,61821.0,0.8251,51894.0
1753503747005,04:22:27.005,ADA/USDT:USDT,0.8249,15339.0,0.8248,81713.0,0.825,61821.0,0.8251,51894.0
1753503747005,04:22:27.005,ADA/USDT:USDT,0.8249,15339.0,0.8248,81713.0,0.825,61821.0,0.8251,51894.0
1753503747155,04:22:27.155,ADA/USDT:USDT,0.8249,14975.0,0.8248,113452.0,0.825,61821.0,0.8251,55193.0
1753503747155,04:22:27.155,ADA/USDT:USDT,0.8249,14975.0,0.8248,113452.0,0.825,61821.0,0.8251,55193.0
1753503747305,04:22:27.305,ADA/USDT:USDT,0.8249,14975.0,0.8248,130126.0,0.825,61821.0,0.8251,55193.0
1753503747305,04:22:27.305,ADA/USDT:USDT,0.8249,14975.0,0.8248,130126.0,0.825,61821.0,0.8251,55193.0
1753503747455,04:22:27.455,ADA/USDT:USDT,0.8249,14975.0,0.8248,130126.0,0.825,61821.0,0.8251,55193.0
1753503747455,04:22:27.455,ADA/USDT:USDT,0.8249,14975.0,0.8248,130126.0,0.825,61821.0,0.8251,55193.0
1753503747605,04:22:27.605,ADA/USDT:USDT,0.8249,15796.0,0.8248,124066.0,0.825,61821.0,0.8251,55193.0
1753503747605,04:22:27.605,ADA/USDT:USDT,0.8249,15796.0,0.8248,124066.0,0.825,61821.0,0.8251,55193.0
1753503747755,04:22:27.755,ADA/USDT:USDT,0.8249,15796.0,0.8248,124066.0,0.825,61821.0,0.8251,55193.0
1753503747755,04:22:27.755,ADA/USDT:USDT,0.8249,15796.0,0.8248,124066.0,0.825,61821.0,0.8251,55193.0
1753503747905,04:22:27.905,ADA/USDT:USDT,0.8249,14975.0,0.8248,124066.0,0.825,61821.0,0.8251,55193.0
1753503747905,04:22:27.905,ADA/USDT:USDT,0.8249,14975.0,0.8248,124066.0,0.825,61821.0,0.8251,55193.0
1753503748056,04:22:28.056,ADA/USDT:USDT,0.8249,14975.0,0.8248,124066.0,0.825,61821.0,0.8251,55193.0
1753503748056,04:22:28.056,ADA/USDT:USDT,0.8249,14975.0,0.8248,124066.0,0.825,61821.0,0.8251,55193.0
1753503748206,04:22:28.206,ADA/USDT:USDT,0.8249,14975.0,0.8248,124066.0,0.825,61821.0,0.8251,55193.0
1753503748206,04:22:28.206,ADA/USDT:USDT,0.8249,14975.0,0.8248,124066.0,0.825,61821.0,0.8251,55193.0
1753503748356,04:22:28.356,ADA/USDT:USDT,0.8249,14975.0,0.8248,124066.0,0.825,61821.0,0.8251,55193.0
1753503748356,04:22:28.356,ADA/USDT:USDT,0.8249,14975.0,0.8248,124066.0,0.825,61821.0,0.8251,55193.0
1753503748506,04:22:28.506,ADA/USDT:USDT,0.8249,14975.0,0.8248,124066.0,0.825,61821.0,0.8251,55193.0
1753503748506,04:22:28.506,ADA/USDT:USDT,0.8249,14975.0,0.8248,124066.0,0.825,61821.0,0.8251,55193.0
1753503748656,04:22:28.656,ADA/USDT:USDT,0.8249,14975.0,0.8248,124066.0,0.825,61821.0,0.8251,55193.0
1753503748656,04:22:28.656,ADA/USDT:USDT,0.8249,14975.0,0.8248,124066.0,0.825,61821.0,0.8251,55193.0
1753503748806,04:22:28.806,ADA/USDT:USDT,0.8249,14975.0,0.8248,119021.0,0.825,61821.0,0.8251,55193.0
1753503748806,04:22:28.806,ADA/USDT:USDT,0.8249,14975.0,0.8248,119021.0,0.825,61821.0,0.8251,55193.0
1753503748956,04:22:28.956,ADA/USDT:USDT,0.8249,14975.0,0.8248,119021.0,0.825,61821.0,0.8251,55193.0
1753503748956,04:22:28.956,ADA/USDT:USDT,0.8249,14975.0,0.8248,119021.0,0.825,61821.0,0.8251,55193.0
1753503749106,04:22:29.106,ADA/USDT:USDT,0.8249,14975.0,0.8248,85939.0,0.825,61821.0,0.8251,55193.0
1753503749106,04:22:29.106,ADA/USDT:USDT,0.8249,14975.0,0.8248,85939.0,0.825,61821.0,0.8251,55193.0
1753503749256,04:22:29.256,ADA/USDT:USDT,0.8249,14975.0,0.8248,119020.0,0.825,61821.0,0.8251,80066.0
1753503749256,04:22:29.256,ADA/USDT:USDT,0.8249,14975.0,0.8248,119020.0,0.825,61821.0,0.8251,80066.0
1753503749406,04:22:29.406,ADA/USDT:USDT,0.8249,16574.0,0.8248,119020.0,0.825,61821.0,0.8251,80066.0
1753503749406,04:22:29.406,ADA/USDT:USDT,0.8249,16574.0,0.8248,119020.0,0.825,61821.0,0.8251,80066.0
1753503749556,04:22:29.556,ADA/USDT:USDT,0.8249,16574.0,0.8248,119020.0,0.825,61821.0,0.8251,80066.0
1753503749556,04:22:29.556,ADA/USDT:USDT,0.8249,16574.0,0.8248,119020.0,0.825,61821.0,0.8251,80066.0
1753503749707,04:22:29.707,ADA/USDT:USDT,0.8249,16574.0,0.8248,119020.0,0.825,61821.0,0.8251,80066.0
1753503749707,04:22:29.707,ADA/USDT:USDT,0.8249,16574.0,0.8248,119020.0,0.825,61821.0,0.8251,80066.0
1753503749857,04:22:29.857,ADA/USDT:USDT,0.8249,16574.0,0.8248,119020.0,0.825,61821.0,0.8251,80066.0
1753503749857,04:22:29.857,ADA/USDT:USDT,0.8249,16574.0,0.8248,119020.0,0.825,61821.0,0.8251,80066.0
1753503750007,04:22:30.007,ADA/USDT:USDT,0.8248,44537.0,0.8247,45231.0,0.825,67592.0,0.8251,80187.0
1753503750007,04:22:30.007,ADA/USDT:USDT,0.8248,44537.0,0.8247,45231.0,0.825,67592.0,0.8251,80187.0
1753503750157,04:22:30.157,ADA/USDT:USDT,0.8248,46136.0,0.8247,87587.0,0.8249,41521.0,0.825,54528.0
1753503750157,04:22:30.157,ADA/USDT:USDT,0.8248,46136.0,0.8247,87587.0,0.8249,41521.0,0.825,54528.0
1753503750307,04:22:30.307,ADA/USDT:USDT,0.8248,9299.0,0.8247,120667.0,0.8249,61428.0,0.825,61210.0
1753503750307,04:22:30.307,ADA/USDT:USDT,0.8248,9299.0,0.8247,120667.0,0.8249,61428.0,0.825,61210.0
1753503750457,04:22:30.457,ADA/USDT:USDT,0.8248,39412.0,0.8247,120667.0,0.8249,61428.0,0.825,61815.0
1753503750457,04:22:30.457,ADA/USDT:USDT,0.8248,39412.0,0.8247,120667.0,0.8249,61428.0,0.825,61815.0
1753503750607,04:22:30.607,ADA/USDT:USDT,0.8248,51362.0,0.8247,120667.0,0.8249,44428.0,0.825,61815.0
1753503750607,04:22:30.607,ADA/USDT:USDT,0.8248,51362.0,0.8247,120667.0,0.8249,44428.0,0.825,61815.0
1753503750757,04:22:30.757,ADA/USDT:USDT,0.8248,51362.0,0.8247,120667.0,0.8249,44428.0,0.825,74887.0
1753503750757,04:22:30.757,ADA/USDT:USDT,0.8248,51362.0,0.8247,120667.0,0.8249,44428.0,0.825,74887.0
1753503750907,04:22:30.907,ADA/USDT:USDT,0.8248,16563.0,0.8247,110053.0,0.8249,44428.0,0.825,74887.0
1753503750907,04:22:30.907,ADA/USDT:USDT,0.8248,16563.0,0.8247,110053.0,0.8249,44428.0,0.825,74887.0
1753503751057,04:22:31.057,ADA/USDT:USDT,0.8248,16563.0,0.8247,62438.0,0.8249,44428.0,0.825,75492.0
1753503751057,04:22:31.057,ADA/USDT:USDT,0.8248,16563.0,0.8247,62438.0,0.8249,44428.0,0.825,75492.0
1753503751207,04:22:31.207,ADA/USDT:USDT,0.8248,16563.0,0.8247,122875.0,0.8249,44428.0,0.825,75492.0
1753503751207,04:22:31.207,ADA/USDT:USDT,0.8248,16563.0,0.8247,122875.0,0.8249,44428.0,0.825,75492.0
1753503751357,04:22:31.357,ADA/USDT:USDT,0.8248,16563.0,0.8247,122875.0,0.8249,44428.0,0.825,74766.0
1753503751357,04:22:31.357,ADA/USDT:USDT,0.8248,16563.0,0.8247,122875.0,0.8249,44428.0,0.825,74766.0
1753503751508,04:22:31.508,ADA/USDT:USDT,0.8248,31563.0,0.8247,110062.0,0.8249,68928.0,0.825,74766.0
1753503751508,04:22:31.508,ADA/USDT:USDT,0.8248,31563.0,0.8247,110062.0,0.8249,68928.0,0.825,74766.0
1753503751658,04:22:31.658,ADA/USDT:USDT,0.8248,33162.0,0.8247,110062.0,0.8249,68928.0,0.825,74766.0
1753503751658,04:22:31.658,ADA/USDT:USDT,0.8248,33162.0,0.8247,110062.0,0.8249,68928.0,0.825,74766.0
1753503751808,04:22:31.808,ADA/USDT:USDT,0.8248,33162.0,0.8247,110062.0,0.8249,68928.0,0.825,74766.0
1753503751808,04:22:31.808,ADA/USDT:USDT,0.8248,33162.0,0.8247,110062.0,0.8249,68928.0,0.825,74766.0
1753503751958,04:22:31.958,ADA/USDT:USDT,0.8248,33162.0,0.8247,110062.0,0.8249,68928.0,0.825,74766.0
1753503751958,04:22:31.958,ADA/USDT:USDT,0.8248,33162.0,0.8247,110062.0,0.8249,68928.0,0.825,74766.0
1753503752108,04:22:32.108,ADA/USDT:USDT,0.8248,33162.0,0.8247,110062.0,0.8249,67970.0,0.825,73808.0
1753503752108,04:22:32.108,ADA/USDT:USDT,0.8248,33162.0,0.8247,110062.0,0.8249,67970.0,0.825,73808.0
1753503752258,04:22:32.258,ADA/USDT:USDT,0.8248,33162.0,0.8247,110062.0,0.8249,67970.0,0.825,74766.0
1753503752258,04:22:32.258,ADA/USDT:USDT,0.8248,33162.0,0.8247,110062.0,0.8249,67970.0,0.825,74766.0
1753503752408,04:22:32.408,ADA/USDT:USDT,0.8248,33162.0,0.8247,110062.0,0.8249,67970.0,0.825,74766.0
1753503752408,04:22:32.408,ADA/USDT:USDT,0.8248,33162.0,0.8247,110062.0,0.8249,67970.0,0.825,74766.0
1753503752558,04:22:32.558,ADA/USDT:USDT,0.8248,33162.0,0.8247,110062.0,0.8249,67970.0,0.825,74766.0
1753503752558,04:22:32.558,ADA/USDT:USDT,0.8248,33162.0,0.8247,110062.0,0.8249,67970.0,0.825,74766.0
1753503752708,04:22:32.708,ADA/USDT:USDT,0.8248,33162.0,0.8247,110062.0,0.8249,67970.0,0.825,74766.0
1753503752708,04:22:32.708,ADA/USDT:USDT,0.8248,33162.0,0.8247,110062.0,0.8249,67970.0,0.825,74766.0
1753503752858,04:22:32.858,ADA/USDT:USDT,0.8248,33162.0,0.8247,110062.0,0.8249,67970.0,0.825,85381.0
1753503752858,04:22:32.858,ADA/USDT:USDT,0.8248,33162.0,0.8247,110062.0,0.8249,67970.0,0.825,85381.0
1753503753008,04:22:33.008,ADA/USDT:USDT,0.8248,33162.0,0.8247,110062.0,0.8249,67970.0,0.825,85381.0
1753503753008,04:22:33.008,ADA/USDT:USDT,0.8248,33162.0,0.8247,110062.0,0.8249,67970.0,0.825,85381.0
1753503753158,04:22:33.158,ADA/USDT:USDT,0.8248,33162.0,0.8247,110062.0,0.8249,67970.0,0.825,85381.0
1753503753158,04:22:33.158,ADA/USDT:USDT,0.8248,33162.0,0.8247,110062.0,0.8249,67970.0,0.825,85381.0
1753503753309,04:22:33.309,ADA/USDT:USDT,0.8248,33162.0,0.8247,110062.0,0.8249,67970.0,0.825,85381.0
1753503753309,04:22:33.309,ADA/USDT:USDT,0.8248,33162.0,0.8247,110062.0,0.8249,67970.0,0.825,85381.0
1753503753458,04:22:33.458,ADA/USDT:USDT,0.8248,33162.0,0.8247,110062.0,0.8249,67970.0,0.825,85381.0
1753503753458,04:22:33.458,ADA/USDT:USDT,0.8248,33162.0,0.8247,110062.0,0.8249,67970.0,0.825,85381.0
1753503753609,04:22:33.609,ADA/USDT:USDT,0.8248,33162.0,0.8247,110062.0,0.8249,67970.0,0.825,85381.0
1753503753609,04:22:33.609,ADA/USDT:USDT,0.8248,33162.0,0.8247,110062.0,0.8249,67970.0,0.825,85381.0
1753503753759,04:22:33.759,ADA/USDT:USDT,0.8248,33162.0,0.8247,110062.0,0.8249,67970.0,0.825,85381.0
1753503753759,04:22:33.759,ADA/USDT:USDT,0.8248,33162.0,0.8247,110062.0,0.8249,67970.0,0.825,85381.0
1753503753909,04:22:33.909,ADA/USDT:USDT,0.8248,33162.0,0.8247,110062.0,0.8249,67970.0,0.825,85381.0
1753503753909,04:22:33.909,ADA/USDT:USDT,0.8248,33162.0,0.8247,110062.0,0.8249,67970.0,0.825,85381.0
1753503754059,04:22:34.059,ADA/USDT:USDT,0.8248,33162.0,0.8247,110062.0,0.8249,67970.0,0.825,85381.0
1753503754059,04:22:34.059,ADA/USDT:USDT,0.8248,33162.0,0.8247,110062.0,0.8249,67970.0,0.825,85381.0
1753503754209,04:22:34.209,ADA/USDT:USDT,0.8248,33162.0,0.8247,110062.0,0.8249,67970.0,0.825,85381.0
1753503754209,04:22:34.209,ADA/USDT:USDT,0.8248,33162.0,0.8247,110062.0,0.8249,67970.0,0.825,85381.0
1753503754359,04:22:34.359,ADA/USDT:USDT,0.8248,33162.0,0.8247,110062.0,0.8249,67970.0,0.825,85381.0
1753503754359,04:22:34.359,ADA/USDT:USDT,0.8248,33162.0,0.8247,110062.0,0.8249,67970.0,0.825,85381.0
1753503754509,04:22:34.509,ADA/USDT:USDT,0.8248,33162.0,0.8247,110062.0,0.8249,67970.0,0.825,85381.0
1753503754509,04:22:34.509,ADA/USDT:USDT,0.8248,33162.0,0.8247,110062.0,0.8249,67970.0,0.825,85381.0
1753503754659,04:22:34.659,ADA/USDT:USDT,0.8248,33162.0,0.8247,110062.0,0.8249,67970.0,0.825,85381.0
1753503754659,04:22:34.659,ADA/USDT:USDT,0.8248,33162.0,0.8247,110062.0,0.8249,67970.0,0.825,85381.0
1753503754809,04:22:34.809,ADA/USDT:USDT,0.8248,1599.0,0.8247,110062.0,0.8249,67970.0,0.825,85381.0
1753503754809,04:22:34.809,ADA/USDT:USDT,0.8248,1599.0,0.8247,110062.0,0.8249,67970.0,0.825,85381.0
1753503754960,04:22:34.960,ADA/USDT:USDT,0.8248,7859.0,0.8247,110062.0,0.8249,67970.0,0.825,85381.0
1753503754960,04:22:34.960,ADA/USDT:USDT,0.8248,7859.0,0.8247,110062.0,0.8249,67970.0,0.825,85381.0
1753503755110,04:22:35.110,ADA/USDT:USDT,0.8248,7859.0,0.8247,110062.0,0.8249,67970.0,0.825,85381.0
1753503755110,04:22:35.110,ADA/USDT:USDT,0.8248,7859.0,0.8247,110062.0,0.8249,67970.0,0.825,85381.0
1753503755260,04:22:35.260,ADA/USDT:USDT,0.8248,9458.0,0.8247,110062.0,0.8249,67970.0,0.825,85381.0
1753503755260,04:22:35.260,ADA/USDT:USDT,0.8248,9458.0,0.8247,110062.0,0.8249,67970.0,0.825,85381.0
1753503755410,04:22:35.410,ADA/USDT:USDT,0.8248,24458.0,0.8247,110062.0,0.8249,67970.0,0.825,85381.0
1753503755410,04:22:35.410,ADA/USDT:USDT,0.8248,24458.0,0.8247,110062.0,0.8249,67970.0,0.825,85381.0
1753503755560,04:22:35.560,ADA/USDT:USDT,0.8248,24458.0,0.8247,110062.0,0.8249,67970.0,0.825,85381.0
1753503755560,04:22:35.560,ADA/USDT:USDT,0.8248,24458.0,0.8247,110062.0,0.8249,67970.0,0.825,85381.0
1753503755710,04:22:35.710,ADA/USDT:USDT,0.8248,25279.0,0.8247,111020.0,0.8249,43470.0,0.825,85381.0
1753503755710,04:22:35.710,ADA/USDT:USDT,0.8248,25279.0,0.8247,111020.0,0.8249,43470.0,0.825,85381.0
1753503755860,04:22:35.860,ADA/USDT:USDT,0.8248,40618.0,0.8247,111020.0,0.8249,43470.0,0.825,84423.0
1753503755860,04:22:35.860,ADA/USDT:USDT,0.8248,40618.0,0.8247,111020.0,0.8249,43470.0,0.825,84423.0
1753503756010,04:22:36.010,ADA/USDT:USDT,0.8248,40618.0,0.8247,111020.0,0.8249,43470.0,0.825,83818.0
1753503756010,04:22:36.010,ADA/USDT:USDT,0.8248,40618.0,0.8247,111020.0,0.8249,43470.0,0.825,83818.0
1753503756160,04:22:36.160,ADA/USDT:USDT,0.8248,40618.0,0.8247,111020.0,0.8249,43470.0,0.825,83818.0
1753503756160,04:22:36.160,ADA/USDT:USDT,0.8248,40618.0,0.8247,111020.0,0.8249,43470.0,0.825,83818.0
1753503756310,04:22:36.310,ADA/USDT:USDT,0.8248,40618.0,0.8247,111020.0,0.8249,42958.0,0.825,83818.0
1753503756310,04:22:36.310,ADA/USDT:USDT,0.8248,40618.0,0.8247,111020.0,0.8249,42958.0,0.825,83818.0
1753503756460,04:22:36.460,ADA/USDT:USDT,0.8248,51118.0,0.8247,111020.0,0.8249,40968.0,0.825,83818.0
1753503756460,04:22:36.460,ADA/USDT:USDT,0.8248,51118.0,0.8247,111020.0,0.8249,40968.0,0.825,83818.0
1753503756610,04:22:36.610,ADA/USDT:USDT,0.8248,51118.0,0.8247,111020.0,0.8249,40968.0,0.825,73203.0
1753503756610,04:22:36.610,ADA/USDT:USDT,0.8248,51118.0,0.8247,111020.0,0.8249,40968.0,0.825,73203.0
1753503756761,04:22:36.761,ADA/USDT:USDT,0.8248,51118.0,0.8247,111020.0,0.8249,40968.0,0.825,73203.0
1753503756761,04:22:36.761,ADA/USDT:USDT,0.8248,51118.0,0.8247,111020.0,0.8249,40968.0,0.825,73203.0
1753503756911,04:22:36.911,ADA/USDT:USDT,0.8248,51118.0,0.8247,111020.0,0.8249,40968.0,0.825,73203.0
1753503756911,04:22:36.911,ADA/USDT:USDT,0.8248,51118.0,0.8247,111020.0,0.8249,40968.0,0.825,73203.0
1753503757061,04:22:37.061,ADA/USDT:USDT,0.8248,51118.0,0.8247,111020.0,0.8249,40968.0,0.825,73203.0
1753503757061,04:22:37.061,ADA/USDT:USDT,0.8248,51118.0,0.8247,111020.0,0.8249,40968.0,0.825,73203.0
1753503757211,04:22:37.211,ADA/USDT:USDT,0.8248,51118.0,0.8247,111020.0,0.8249,40968.0,0.825,73203.0
1753503757211,04:22:37.211,ADA/USDT:USDT,0.8248,51118.0,0.8247,111020.0,0.8249,40968.0,0.825,73203.0
1753503757361,04:22:37.361,ADA/USDT:USDT,0.8248,51118.0,0.8247,111020.0,0.8249,53318.0,0.825,73203.0
1753503757361,04:22:37.361,ADA/USDT:USDT,0.8248,51118.0,0.8247,111020.0,0.8249,53318.0,0.825,73203.0
1753503757511,04:22:37.511,ADA/USDT:USDT,0.8248,51118.0,0.8247,111020.0,0.8249,41318.0,0.825,73203.0
1753503757511,04:22:37.511,ADA/USDT:USDT,0.8248,51118.0,0.8247,111020.0,0.8249,41318.0,0.825,73203.0
1753503757661,04:22:37.661,ADA/USDT:USDT,0.8248,51118.0,0.8247,111020.0,0.8249,41318.0,0.825,83818.0
1753503757661,04:22:37.661,ADA/USDT:USDT,0.8248,51118.0,0.8247,111020.0,0.8249,41318.0,0.825,83818.0
1753503757811,04:22:37.811,ADA/USDT:USDT,0.8248,51118.0,0.8247,111020.0,0.8249,41318.0,0.825,83818.0
1753503757811,04:22:37.811,ADA/USDT:USDT,0.8248,51118.0,0.8247,111020.0,0.8249,41318.0,0.825,83818.0
1753503757961,04:22:37.961,ADA/USDT:USDT,0.8248,51118.0,0.8247,111020.0,0.8249,41318.0,0.825,83818.0
1753503757961,04:22:37.961,ADA/USDT:USDT,0.8248,51118.0,0.8247,111020.0,0.8249,41318.0,0.825,83818.0
1753503758111,04:22:38.111,ADA/USDT:USDT,0.8248,51118.0,0.8247,111020.0,0.8249,41318.0,0.825,80519.0
1753503758111,04:22:38.111,ADA/USDT:USDT,0.8248,51118.0,0.8247,111020.0,0.8249,41318.0,0.825,80519.0
1753503758262,04:22:38.262,ADA/USDT:USDT,0.8248,51118.0,0.8247,111020.0,0.8249,41318.0,0.825,80519.0
1753503758262,04:22:38.262,ADA/USDT:USDT,0.8248,51118.0,0.8247,111020.0,0.8249,41318.0,0.825,80519.0
1753503758412,04:22:38.412,ADA/USDT:USDT,0.8248,51118.0,0.8247,111020.0,0.8249,41318.0,0.825,80519.0
1753503758412,04:22:38.412,ADA/USDT:USDT,0.8248,51118.0,0.8247,111020.0,0.8249,41318.0,0.825,80519.0
1753503758562,04:22:38.562,ADA/USDT:USDT,0.8248,51118.0,0.8247,111020.0,0.8249,41318.0,0.825,80519.0
1753503758562,04:22:38.562,ADA/USDT:USDT,0.8248,51118.0,0.8247,111020.0,0.8249,41318.0,0.825,80519.0
1753503758712,04:22:38.712,ADA/USDT:USDT,0.8248,51118.0,0.8247,111020.0,0.8249,41318.0,0.825,80519.0
1753503758712,04:22:38.712,ADA/USDT:USDT,0.8248,51118.0,0.8247,111020.0,0.8249,41318.0,0.825,80519.0
1753503758862,04:22:38.862,ADA/USDT:USDT,0.8248,51118.0,0.8247,111020.0,0.8249,41318.0,0.825,80519.0
1753503758862,04:22:38.862,ADA/USDT:USDT,0.8248,51118.0,0.8247,111020.0,0.8249,41318.0,0.825,80519.0
1753503759012,04:22:39.012,ADA/USDT:USDT,0.8248,51118.0,0.8247,111020.0,0.8249,41318.0,0.825,80519.0
1753503759012,04:22:39.012,ADA/USDT:USDT,0.8248,51118.0,0.8247,111020.0,0.8249,41318.0,0.825,80519.0
1753503759162,04:22:39.162,ADA/USDT:USDT,0.8248,51118.0,0.8247,111021.0,0.8249,41318.0,0.825,80519.0
1753503759162,04:22:39.162,ADA/USDT:USDT,0.8248,51118.0,0.8247,111021.0,0.8249,41318.0,0.825,80519.0
1753503759312,04:22:39.312,ADA/USDT:USDT,0.8248,51118.0,0.8247,111021.0,0.8249,41318.0,0.825,80519.0
1753503759312,04:22:39.312,ADA/USDT:USDT,0.8248,51118.0,0.8247,111021.0,0.8249,41318.0,0.825,80519.0
1753503759462,04:22:39.462,ADA/USDT:USDT,0.8248,51118.0,0.8247,111021.0,0.8249,56318.0,0.825,80519.0
1753503759462,04:22:39.462,ADA/USDT:USDT,0.8248,51118.0,0.8247,111021.0,0.8249,56318.0,0.825,80519.0
1753503759612,04:22:39.612,ADA/USDT:USDT,0.8248,51118.0,0.8247,111021.0,0.8249,57958.0,0.825,81477.0
1753503759612,04:22:39.612,ADA/USDT:USDT,0.8248,51118.0,0.8247,111021.0,0.8249,57958.0,0.825,81477.0
1753503759762,04:22:39.762,ADA/USDT:USDT,0.8248,51118.0,0.8247,111021.0,0.8249,57958.0,0.825,81477.0
1753503759762,04:22:39.762,ADA/USDT:USDT,0.8248,51118.0,0.8247,111021.0,0.8249,57958.0,0.825,81477.0
1753503759912,04:22:39.912,ADA/USDT:USDT,0.8248,51118.0,0.8247,111021.0,0.8249,57839.0,0.825,81477.0
1753503759912,04:22:39.912,ADA/USDT:USDT,0.8248,51118.0,0.8247,111021.0,0.8249,57839.0,0.825,81477.0
1753503760063,04:22:40.063,ADA/USDT:USDT,0.8248,51118.0,0.8247,111021.0,0.8249,57839.0,0.825,81477.0
1753503760063,04:22:40.063,ADA/USDT:USDT,0.8248,51118.0,0.8247,111021.0,0.8249,57839.0,0.825,81477.0
1753503760213,04:22:40.213,ADA/USDT:USDT,0.8248,40618.0,0.8247,111021.0,0.8249,57839.0,0.825,81477.0
1753503760213,04:22:40.213,ADA/USDT:USDT,0.8248,40618.0,0.8247,111021.0,0.8249,57839.0,0.825,81477.0
1753503760363,04:22:40.363,ADA/USDT:USDT,0.8248,40618.0,0.8247,111021.0,0.8249,57839.0,0.825,81477.0
1753503760363,04:22:40.363,ADA/USDT:USDT,0.8248,40618.0,0.8247,111021.0,0.8249,57839.0,0.825,81477.0
1753503760513,04:22:40.513,ADA/USDT:USDT,0.8248,40618.0,0.8247,95153.0,0.8249,68339.0,0.825,82082.0
1753503760513,04:22:40.513,ADA/USDT:USDT,0.8248,40618.0,0.8247,95153.0,0.8249,68339.0,0.825,82082.0
1753503760663,04:22:40.663,ADA/USDT:USDT,0.8248,39019.0,0.8247,78315.0,0.8249,68339.0,0.825,82082.0
1753503760663,04:22:40.663,ADA/USDT:USDT,0.8248,39019.0,0.8247,78315.0,0.8249,68339.0,0.825,82082.0
1753503760813,04:22:40.813,ADA/USDT:USDT,0.8248,39019.0,0.8247,110079.0,0.8249,68339.0,0.825,82082.0
1753503760813,04:22:40.813,ADA/USDT:USDT,0.8248,39019.0,0.8247,110079.0,0.8249,68339.0,0.825,82082.0
1753503760963,04:22:40.963,ADA/USDT:USDT,0.8248,39019.0,0.8247,110079.0,0.8249,68339.0,0.825,82082.0
1753503760963,04:22:40.963,ADA/USDT:USDT,0.8248,39019.0,0.8247,110079.0,0.8249,68339.0,0.825,82082.0
1753503761113,04:22:41.113,ADA/USDT:USDT,0.8248,40618.0,0.8247,111027.0,0.8249,68339.0,0.825,82082.0
1753503761113,04:22:41.113,ADA/USDT:USDT,0.8248,40618.0,0.8247,111027.0,0.8249,68339.0,0.825,82082.0
1753503761263,04:22:41.263,ADA/USDT:USDT,0.8248,40618.0,0.8247,111027.0,0.8249,57839.0,0.825,82082.0
1753503761263,04:22:41.263,ADA/USDT:USDT,0.8248,40618.0,0.8247,111027.0,0.8249,57839.0,0.825,82082.0
1753503761413,04:22:41.413,ADA/USDT:USDT,0.8248,40618.0,0.8247,111027.0,0.8249,57839.0,0.825,82082.0
1753503761413,04:22:41.413,ADA/USDT:USDT,0.8248,40618.0,0.8247,111027.0,0.8249,57839.0,0.825,82082.0
1753503761563,04:22:41.563,ADA/USDT:USDT,0.8248,40618.0,0.8247,111027.0,0.8249,57839.0,0.825,82082.0
1753503761563,04:22:41.563,ADA/USDT:USDT,0.8248,40618.0,0.8247,111027.0,0.8249,57839.0,0.825,82082.0
1753503761714,04:22:41.714,ADA/USDT:USDT,0.8248,40618.0,0.8247,111027.0,0.8249,57839.0,0.825,82082.0
1753503761714,04:22:41.714,ADA/USDT:USDT,0.8248,40618.0,0.8247,111027.0,0.8249,57839.0,0.825,82082.0
1753503761864,04:22:41.864,ADA/USDT:USDT,0.8248,39797.0,0.8247,111027.0,0.8249,57839.0,0.825,82082.0
1753503761864,04:22:41.864,ADA/USDT:USDT,0.8248,39797.0,0.8247,111027.0,0.8249,57839.0,0.825,82082.0
1753503762014,04:22:42.014,ADA/USDT:USDT,0.8248,39797.0,0.8247,111027.0,0.8249,57839.0,0.825,82082.0
1753503762014,04:22:42.014,ADA/USDT:USDT,0.8248,39797.0,0.8247,111027.0,0.8249,57839.0,0.825,82082.0
1753503762164,04:22:42.164,ADA/USDT:USDT,0.8248,39797.0,0.8247,111027.0,0.8249,57839.0,0.825,82082.0
1753503762164,04:22:42.164,ADA/USDT:USDT,0.8248,39797.0,0.8247,111027.0,0.8249,57839.0,0.825,82082.0
1753503762314,04:22:42.314,ADA/USDT:USDT,0.8248,39797.0,0.8247,111027.0,0.8249,57839.0,0.825,82082.0
1753503762314,04:22:42.314,ADA/USDT:USDT,0.8248,39797.0,0.8247,111027.0,0.8249,57839.0,0.825,82082.0
1753503762464,04:22:42.464,ADA/USDT:USDT,0.8248,39797.0,0.8247,111027.0,0.8249,64839.0,0.825,82082.0
1753503762464,04:22:42.464,ADA/USDT:USDT,0.8248,39797.0,0.8247,111027.0,0.8249,64839.0,0.825,82082.0
1753503762614,04:22:42.614,ADA/USDT:USDT,0.8248,39797.0,0.8247,111027.0,0.8249,64839.0,0.825,82082.0
1753503762614,04:22:42.614,ADA/USDT:USDT,0.8248,39797.0,0.8247,111027.0,0.8249,64839.0,0.825,82082.0
1753503762764,04:22:42.764,ADA/USDT:USDT,0.8248,39797.0,0.8247,111027.0,0.8249,42839.0,0.825,82082.0
1753503762764,04:22:42.764,ADA/USDT:USDT,0.8248,39797.0,0.8247,111027.0,0.8249,42839.0,0.825,82082.0
1753503762914,04:22:42.914,ADA/USDT:USDT,0.8248,39797.0,0.8247,111027.0,0.8249,42839.0,0.825,81477.0
1753503762914,04:22:42.914,ADA/USDT:USDT,0.8248,39797.0,0.8247,111027.0,0.8249,42839.0,0.825,81477.0
1753503763064,04:22:43.064,ADA/USDT:USDT,0.8248,39797.0,0.8247,111027.0,0.8249,42839.0,0.825,81477.0
1753503763064,04:22:43.064,ADA/USDT:USDT,0.8248,39797.0,0.8247,111027.0,0.8249,42839.0,0.825,81477.0
1753503763214,04:22:43.214,ADA/USDT:USDT,0.8248,39797.0,0.8247,111027.0,0.8249,42839.0,0.825,81477.0
1753503763214,04:22:43.214,ADA/USDT:USDT,0.8248,39797.0,0.8247,111027.0,0.8249,42839.0,0.825,81477.0
1753503763365,04:22:43.365,ADA/USDT:USDT,0.8248,50297.0,0.8247,111027.0,0.8249,52839.0,0.825,81477.0
1753503763365,04:22:43.365,ADA/USDT:USDT,0.8248,50297.0,0.8247,111027.0,0.8249,52839.0,0.825,81477.0
1753503763514,04:22:43.514,ADA/USDT:USDT,0.8248,50297.0,0.8247,111027.0,0.8249,52839.0,0.825,81477.0
1753503763514,04:22:43.514,ADA/USDT:USDT,0.8248,50297.0,0.8247,111027.0,0.8249,52839.0,0.825,81477.0
1753503763665,04:22:43.665,ADA/USDT:USDT,0.8248,50297.0,0.8247,111027.0,0.8249,52839.0,0.825,81477.0
1753503763665,04:22:43.665,ADA/USDT:USDT,0.8248,50297.0,0.8247,111027.0,0.8249,52839.0,0.825,81477.0
1753503763815,04:22:43.815,ADA/USDT:USDT,0.8248,50297.0,0.8247,111027.0,0.8249,52839.0,0.825,81477.0
1753503763815,04:22:43.815,ADA/USDT:USDT,0.8248,50297.0,0.8247,111027.0,0.8249,52839.0,0.825,81477.0
1753503763965,04:22:43.965,ADA/USDT:USDT,0.8248,50297.0,0.8247,107517.0,0.8249,52839.0,0.825,81477.0
1753503763965,04:22:43.965,ADA/USDT:USDT,0.8248,50297.0,0.8247,107517.0,0.8249,52839.0,0.825,81477.0
1753503764115,04:22:44.115,ADA/USDT:USDT,0.8248,48698.0,0.8247,90695.0,0.8249,52839.0,0.825,81477.0
1753503764115,04:22:44.115,ADA/USDT:USDT,0.8248,48698.0,0.8247,90695.0,0.8249,52839.0,0.825,81477.0
1753503764265,04:22:44.265,ADA/USDT:USDT,0.8248,50297.0,0.8247,106577.0,0.8249,52839.0,0.825,81477.0
1753503764265,04:22:44.265,ADA/USDT:USDT,0.8248,50297.0,0.8247,106577.0,0.8249,52839.0,0.825,81477.0
1753503764415,04:22:44.415,ADA/USDT:USDT,0.8248,50297.0,0.8247,106577.0,0.8249,52839.0,0.825,81477.0
1753503764415,04:22:44.415,ADA/USDT:USDT,0.8248,50297.0,0.8247,106577.0,0.8249,52839.0,0.825,81477.0
1753503764565,04:22:44.565,ADA/USDT:USDT,0.8248,50297.0,0.8247,106577.0,0.8249,52839.0,0.825,81477.0
1753503764565,04:22:44.565,ADA/USDT:USDT,0.8248,50297.0,0.8247,106577.0,0.8249,52839.0,0.825,81477.0
1753503764715,04:22:44.715,ADA/USDT:USDT,0.8248,50297.0,0.8247,106577.0,0.8249,52839.0,0.825,81477.0
1753503764715,04:22:44.715,ADA/USDT:USDT,0.8248,50297.0,0.8247,106577.0,0.8249,52839.0,0.825,81477.0
1753503764865,04:22:44.865,ADA/USDT:USDT,0.8248,50297.0,0.8247,106577.0,0.8249,52839.0,0.825,81477.0
1753503764865,04:22:44.865,ADA/USDT:USDT,0.8248,50297.0,0.8247,106577.0,0.8249,52839.0,0.825,81477.0
1753503765015,04:22:45.015,ADA/USDT:USDT,0.8248,50297.0,0.8247,107525.0,0.8249,52839.0,0.825,81477.0
1753503765015,04:22:45.015,ADA/USDT:USDT,0.8248,50297.0,0.8247,107525.0,0.8249,52839.0,0.825,81477.0
1753503765166,04:22:45.166,ADA/USDT:USDT,0.8248,50297.0,0.8247,91635.0,0.8249,52839.0,0.825,81477.0
1753503765166,04:22:45.166,ADA/USDT:USDT,0.8248,50297.0,0.8247,91635.0,0.8249,52839.0,0.825,81477.0
1753503765316,04:22:45.316,ADA/USDT:USDT,0.8248,31938.0,0.8247,57089.0,0.8249,64839.0,0.825,84769.0
1753503765316,04:22:45.316,ADA/USDT:USDT,0.8248,31938.0,0.8247,57089.0,0.8249,64839.0,0.825,84769.0
1753503765465,04:22:45.465,ADA/USDT:USDT,0.8247,1092.0,0.8246,30398.0,0.8249,68131.0,0.825,85495.0
1753503765465,04:22:45.465,ADA/USDT:USDT,0.8247,1092.0,0.8246,30398.0,0.8249,68131.0,0.825,85495.0
1753503765616,04:22:45.616,ADA/USDT:USDT,0.8246,23600.0,0.8245,59142.0,0.8247,3305.0,0.8248,69014.0
1753503765616,04:22:45.616,ADA/USDT:USDT,0.8246,23600.0,0.8245,59142.0,0.8247,3305.0,0.8248,69014.0
1753503765766,04:22:45.766,ADA/USDT:USDT,0.8246,39647.0,0.8245,89369.0,0.8247,73392.0,0.8248,68950.0
1753503765766,04:22:45.766,ADA/USDT:USDT,0.8246,39647.0,0.8245,89369.0,0.8247,73392.0,0.8248,68950.0
1753503765916,04:22:45.916,ADA/USDT:USDT,0.8246,11471.0,0.8245,138462.0,0.8247,73392.0,0.8248,83038.0
1753503765916,04:22:45.916,ADA/USDT:USDT,0.8246,11471.0,0.8245,138462.0,0.8247,73392.0,0.8248,83038.0
1753503766066,04:22:46.066,ADA/USDT:USDT,0.8246,48876.0,0.8245,139385.0,0.8247,71626.0,0.8248,82115.0
1753503766066,04:22:46.066,ADA/USDT:USDT,0.8246,48876.0,0.8245,139385.0,0.8247,71626.0,0.8248,82115.0
1753503766216,04:22:46.216,ADA/USDT:USDT,0.8246,48876.0,0.8245,139385.0,0.8247,71626.0,0.8248,81509.0
1753503766216,04:22:46.216,ADA/USDT:USDT,0.8246,48876.0,0.8245,139385.0,0.8247,71626.0,0.8248,81509.0
1753503766366,04:22:46.366,ADA/USDT:USDT,0.8246,74376.0,0.8245,139385.0,0.8247,71626.0,0.8248,81509.0
1753503766366,04:22:46.366,ADA/USDT:USDT,0.8246,74376.0,0.8245,139385.0,0.8247,71626.0,0.8248,81509.0
1753503766516,04:22:46.516,ADA/USDT:USDT,0.8246,48876.0,0.8245,139220.0,0.8247,71626.0,0.8248,69867.0
1753503766516,04:22:46.516,ADA/USDT:USDT,0.8246,48876.0,0.8245,139220.0,0.8247,71626.0,0.8248,69867.0
1753503766667,04:22:46.667,ADA/USDT:USDT,0.8246,48876.0,0.8245,139220.0,0.8247,71626.0,0.8248,70473.0
1753503766667,04:22:46.667,ADA/USDT:USDT,0.8246,48876.0,0.8245,139220.0,0.8247,71626.0,0.8248,70473.0
1753503766817,04:22:46.817,ADA/USDT:USDT,0.8246,48876.0,0.8245,139099.0,0.8247,71626.0,0.8248,70473.0
1753503766817,04:22:46.817,ADA/USDT:USDT,0.8246,48876.0,0.8245,139099.0,0.8247,71626.0,0.8248,70473.0
1753503766967,04:22:46.967,ADA/USDT:USDT,0.8246,48876.0,0.8245,139099.0,0.8247,71626.0,0.8248,71396.0
1753503766967,04:22:46.967,ADA/USDT:USDT,0.8246,48876.0,0.8245,139099.0,0.8247,71626.0,0.8248,71396.0
1753503767116,04:22:47.116,ADA/USDT:USDT,0.8246,48876.0,0.8245,139099.0,0.8247,71626.0,0.8248,71396.0
1753503767116,04:22:47.116,ADA/USDT:USDT,0.8246,48876.0,0.8245,139099.0,0.8247,71626.0,0.8248,71396.0
1753503767267,04:22:47.267,ADA/USDT:USDT,0.8246,48876.0,0.8245,139099.0,0.8247,71626.0,0.8248,69867.0
1753503767267,04:22:47.267,ADA/USDT:USDT,0.8246,48876.0,0.8245,139099.0,0.8247,71626.0,0.8248,69867.0
1753503767417,04:22:47.417,ADA/USDT:USDT,0.8246,74376.0,0.8245,139099.0,0.8247,59806.0,0.8248,69867.0
1753503767417,04:22:47.417,ADA/USDT:USDT,0.8246,74376.0,0.8245,139099.0,0.8247,59806.0,0.8248,69867.0
1753503767567,04:22:47.567,ADA/USDT:USDT,0.8246,48876.0,0.8245,139099.0,0.8247,59806.0,0.8248,70790.0
1753503767567,04:22:47.567,ADA/USDT:USDT,0.8246,48876.0,0.8245,139099.0,0.8247,59806.0,0.8248,70790.0
