timestamp,time,symbol,bid1_price,bid1_volume,bid2_price,bid2_volume,ask1_price,ask1_volume,ask2_price,ask2_volume
1753503734104,04:22:14.104,ALGO/USDT:USDT,0.2699,1296.0,0.2698,7141.0,0.27,860.0,0.2701,3171.0
1753503734404,04:22:14.404,ALGO/USDT:USDT,0.2699,1296.0,0.2698,7141.0,0.27,942.0,0.2701,3171.0
1753503734504,04:22:14.504,ALGO/USDT:USDT,0.2699,1296.0,0.2698,7141.0,0.27,1155.0,0.2701,3171.0
1753503734804,04:22:14.804,ALGO/USDT:USDT,0.2699,235.0,0.2698,6360.0,0.27,1155.0,0.2701,3626.0
1753503734904,04:22:14.904,ALGO/USDT:USDT,0.2699,235.0,0.2698,6437.0,0.27,1155.0,0.2701,3626.0
1753503735404,04:22:15.404,ALGO/USDT:USDT,0.2699,95.0,0.2698,6437.0,0.27,1155.0,0.2701,4143.0
1753503735604,04:22:15.604,ALGO/USDT:USDT,0.2699,95.0,0.2698,6437.0,0.27,1155.0,0.2701,4198.0
1753503735904,04:22:15.904,ALGO/USDT:USDT,0.2699,215.0,0.2698,6437.0,0.27,1155.0,0.2701,4184.0
1753503736004,04:22:16.004,ALGO/USDT:USDT,0.2699,95.0,0.2698,6437.0,0.27,1155.0,0.2701,4184.0
1753503736204,04:22:16.204,ALGO/USDT:USDT,0.2699,95.0,0.2698,6437.0,0.27,1155.0,0.2701,4220.0
1753503736304,04:22:16.304,ALGO/USDT:USDT,0.2699,95.0,0.2698,6437.0,0.27,1192.0,0.2701,4220.0
1753503736504,04:22:16.504,ALGO/USDT:USDT,0.2699,95.0,0.2698,6437.0,0.27,1192.0,0.2701,4220.0
1753503736604,04:22:16.604,ALGO/USDT:USDT,0.2699,95.0,0.2698,6437.0,0.27,1192.0,0.2701,4220.0
1753503736804,04:22:16.804,ALGO/USDT:USDT,0.2699,214.0,0.2698,6650.0,0.27,1112.0,0.2701,4220.0
1753503737204,04:22:17.204,ALGO/USDT:USDT,0.2699,214.0,0.2698,6650.0,0.27,899.0,0.2701,4220.0
1753503737404,04:22:17.404,ALGO/USDT:USDT,0.2699,95.0,0.2698,6437.0,0.27,1192.0,0.2701,4256.0
1753503737604,04:22:17.604,ALGO/USDT:USDT,0.2699,95.0,0.2698,6437.0,0.27,1192.0,0.2701,4536.0
1753503737704,04:22:17.704,ALGO/USDT:USDT,0.2699,217.0,0.2698,6437.0,0.27,1192.0,0.2701,4536.0
1753503737804,04:22:17.804,ALGO/USDT:USDT,0.2699,217.0,0.2698,7319.0,0.27,899.0,0.2701,4439.0
1753503737904,04:22:17.904,ALGO/USDT:USDT,0.2699,217.0,0.2698,7319.0,0.27,899.0,0.2701,4257.0
1753503738104,04:22:18.104,ALGO/USDT:USDT,0.2699,95.0,0.2698,6650.0,0.27,1192.0,0.2701,4183.0
1753503738204,04:22:18.204,ALGO/USDT:USDT,0.2699,95.0,0.2698,6437.0,0.27,1192.0,0.2701,4183.0
1753503738304,04:22:18.304,ALGO/USDT:USDT,0.2699,95.0,0.2698,6437.0,0.27,1192.0,0.2701,4183.0
1753503738404,04:22:18.404,ALGO/USDT:USDT,0.2699,95.0,0.2698,6437.0,0.27,1192.0,0.2701,4183.0
1753503738604,04:22:18.604,ALGO/USDT:USDT,0.2699,214.0,0.2698,6437.0,0.27,1192.0,0.2701,4220.0
1753503738904,04:22:18.904,ALGO/USDT:USDT,0.2699,214.0,0.2698,7319.0,0.27,899.0,0.2701,4220.0
1753503739304,04:22:19.304,ALGO/USDT:USDT,0.2699,390.0,0.2698,7319.0,0.27,1121.0,0.2701,4129.0
1753503739404,04:22:19.404,ALGO/USDT:USDT,0.2699,393.0,0.2698,7319.0,0.27,1201.0,0.2701,4156.0
1753503739504,04:22:19.504,ALGO/USDT:USDT,0.2699,393.0,0.2698,7319.0,0.27,1201.0,0.2701,4120.0
1753503739804,04:22:19.804,ALGO/USDT:USDT,0.2699,473.0,0.2698,7319.0,0.27,1121.0,0.2701,4048.0
1753503739904,04:22:19.904,ALGO/USDT:USDT,0.2699,473.0,0.2698,7319.0,0.27,1121.0,0.2701,4048.0
1753503740304,04:22:20.304,ALGO/USDT:USDT,0.2699,473.0,0.2698,7319.0,0.27,1084.0,0.2701,3912.0
1753503740404,04:22:20.404,ALGO/USDT:USDT,0.2699,204.0,0.2698,7319.0,0.27,1084.0,0.2701,3912.0
1753503740504,04:22:20.504,ALGO/USDT:USDT,0.2699,209.0,0.2698,6650.0,0.27,1084.0,0.2701,3912.0
1753503740604,04:22:20.604,ALGO/USDT:USDT,0.2699,209.0,0.2698,6650.0,0.27,1084.0,0.2701,3912.0
1753503740804,04:22:20.804,ALGO/USDT:USDT,0.2699,211.0,0.2698,6650.0,0.27,1084.0,0.2701,3876.0
1753503741004,04:22:21.004,ALGO/USDT:USDT,0.2699,211.0,0.2698,6650.0,0.27,1084.0,0.2701,3876.0
1753503741304,04:22:21.304,ALGO/USDT:USDT,0.2699,205.0,0.2698,6437.0,0.27,1377.0,0.2701,4002.0
1753503741604,04:22:21.604,ALGO/USDT:USDT,0.2699,206.0,0.2698,6650.0,0.27,1084.0,0.2701,4002.0
1753503741804,04:22:21.804,ALGO/USDT:USDT,0.2699,291.0,0.2698,6650.0,0.27,1084.0,0.2701,4002.0
1753503741904,04:22:21.904,ALGO/USDT:USDT,0.2699,293.0,0.2698,6650.0,0.27,1084.0,0.2701,4002.0
1753503742504,04:22:22.504,ALGO/USDT:USDT,0.2699,206.0,0.2698,6650.0,0.27,1085.0,0.2701,4002.0
1753503742604,04:22:22.604,ALGO/USDT:USDT,0.2699,88.0,0.2698,6465.0,0.27,1085.0,0.2701,4002.0
1753503742704,04:22:22.704,ALGO/USDT:USDT,0.2699,88.0,0.2698,6252.0,0.27,1378.0,0.2701,4002.0
1753503743004,04:22:23.004,ALGO/USDT:USDT,0.2699,210.0,0.2698,6465.0,0.27,1085.0,0.2701,4002.0
1753503743204,04:22:23.204,ALGO/USDT:USDT,0.2699,542.0,0.2698,7134.0,0.27,1085.0,0.2701,3935.0
1753503743404,04:22:23.404,ALGO/USDT:USDT,0.2699,542.0,0.2698,7134.0,0.27,1085.0,0.2701,3935.0
1753503743604,04:22:23.604,ALGO/USDT:USDT,0.2699,542.0,0.2698,7134.0,0.27,1085.0,0.2701,3899.0
1753503744004,04:22:24.004,ALGO/USDT:USDT,0.2699,755.0,0.2698,7134.0,0.27,1085.0,0.2701,3899.0
1753503744204,04:22:24.204,ALGO/USDT:USDT,0.2699,542.0,0.2698,7134.0,0.27,1085.0,0.2701,3738.0
1753503744604,04:22:24.604,ALGO/USDT:USDT,0.2699,542.0,0.2698,7134.0,0.27,570.0,0.2701,3664.0
1753503745104,04:22:25.104,ALGO/USDT:USDT,0.2699,542.0,0.2698,7134.0,0.27,1042.0,0.2701,3664.0
1753503745204,04:22:25.204,ALGO/USDT:USDT,0.2699,462.0,0.2698,7134.0,0.27,1596.0,0.2701,3700.0
1753503745304,04:22:25.304,ALGO/USDT:USDT,0.2699,171.0,0.2698,6921.0,0.27,1596.0,0.2701,3840.0
1753503745604,04:22:25.604,ALGO/USDT:USDT,0.2699,171.0,0.2698,6252.0,0.27,1596.0,0.2701,3840.0
1753503745704,04:22:25.704,ALGO/USDT:USDT,0.2699,171.0,0.2698,6252.0,0.27,1596.0,0.2701,3948.0
1753503746104,04:22:26.104,ALGO/USDT:USDT,0.2699,171.0,0.2698,6252.0,0.27,1596.0,0.2701,3948.0
1753503746704,04:22:26.704,ALGO/USDT:USDT,0.2699,171.0,0.2698,6252.0,0.27,1596.0,0.2701,4556.0
1753503746804,04:22:26.804,ALGO/USDT:USDT,0.2699,292.0,0.2698,6252.0,0.27,1596.0,0.2701,4556.0
1753503747404,04:22:27.404,ALGO/USDT:USDT,0.2698,2856.0,0.2697,8742.0,0.2699,647.0,0.27,3565.0
1753503747504,04:22:27.504,ALGO/USDT:USDT,0.2699,556.0,0.2698,6875.0,0.27,1713.0,0.2701,4744.0
1753503747604,04:22:27.604,ALGO/USDT:USDT,0.2699,351.0,0.2698,6329.0,0.27,1715.0,0.2701,4749.0
1753503747704,04:22:27.704,ALGO/USDT:USDT,0.2699,351.0,0.2698,6330.0,0.27,1715.0,0.2701,4749.0
1753503747804,04:22:27.804,ALGO/USDT:USDT,0.2699,351.0,0.2698,6330.0,0.27,2315.0,0.2701,4712.0
1753503748604,04:22:28.604,ALGO/USDT:USDT,0.2699,351.0,0.2698,6330.0,0.27,2316.0,0.2701,4676.0
1753503748804,04:22:28.804,ALGO/USDT:USDT,0.2699,177.0,0.2698,5661.0,0.27,2609.0,0.2701,4604.0
1753503748904,04:22:28.904,ALGO/USDT:USDT,0.2699,487.0,0.2698,5645.0,0.27,2624.0,0.2701,3801.0
1753503749004,04:22:29.004,ALGO/USDT:USDT,0.2699,487.0,0.2698,6409.0,0.27,2399.0,0.2701,4129.0
1753503749204,04:22:29.204,ALGO/USDT:USDT,0.2699,254.0,0.2698,5740.0,0.27,2399.0,0.2701,4202.0
1753503749404,04:22:29.404,ALGO/USDT:USDT,0.2699,293.0,0.2698,5720.0,0.27,2399.0,0.2701,4202.0
1753503749504,04:22:29.504,ALGO/USDT:USDT,0.2699,293.0,0.2698,5720.0,0.27,2399.0,0.2701,4238.0
1753503749804,04:22:29.804,ALGO/USDT:USDT,0.2699,293.0,0.2698,5720.0,0.27,2399.0,0.2701,4238.0
1753503749904,04:22:29.904,ALGO/USDT:USDT,0.2699,419.0,0.2698,5720.0,0.27,2399.0,0.2701,4238.0
1753503750004,04:22:30.004,ALGO/USDT:USDT,0.2699,419.0,0.2698,5720.0,0.27,2399.0,0.2701,4238.0
1753503750404,04:22:30.404,ALGO/USDT:USDT,0.2698,3211.0,0.2697,8740.0,0.2699,658.0,0.27,4104.0
1753503750704,04:22:30.704,ALGO/USDT:USDT,0.2698,4024.0,0.2697,8922.0,0.2699,49.0,0.27,4104.0
1753503750804,04:22:30.804,ALGO/USDT:USDT,0.2698,4024.0,0.2697,8922.0,0.2699,49.0,0.27,4104.0
1753503750904,04:22:30.904,ALGO/USDT:USDT,0.2698,4101.0,0.2697,8922.0,0.2699,50.0,0.27,3891.0
1753503751004,04:22:31.004,ALGO/USDT:USDT,0.2698,4101.0,0.2697,8922.0,0.2699,50.0,0.27,4104.0
1753503751204,04:22:31.204,ALGO/USDT:USDT,0.2698,4254.0,0.2697,9032.0,0.2699,50.0,0.27,3891.0
1753503751304,04:22:31.304,ALGO/USDT:USDT,0.2699,1314.0,0.2698,7512.0,0.27,2243.0,0.2701,3354.0
1753503751404,04:22:31.404,ALGO/USDT:USDT,0.2699,1083.0,0.2698,6953.0,0.27,2243.0,0.2701,3369.0
1753503751804,04:22:31.804,ALGO/USDT:USDT,0.2699,1083.0,0.2698,6954.0,0.27,2456.0,0.2701,3369.0
1753503751904,04:22:31.904,ALGO/USDT:USDT,0.2699,848.0,0.2698,6954.0,0.27,2243.0,0.2701,3369.0
1753503752004,04:22:32.004,ALGO/USDT:USDT,0.2699,848.0,0.2698,6954.0,0.27,2243.0,0.2701,3369.0
1753503752204,04:22:32.204,ALGO/USDT:USDT,0.2699,986.0,0.2698,6954.0,0.27,2243.0,0.2701,3623.0
1753503752304,04:22:32.304,ALGO/USDT:USDT,0.2699,848.0,0.2698,6954.0,0.27,2243.0,0.2701,3875.0
1753503752404,04:22:32.404,ALGO/USDT:USDT,0.2699,848.0,0.2698,6954.0,0.27,2243.0,0.2701,3875.0
1753503752504,04:22:32.504,ALGO/USDT:USDT,0.2699,106.0,0.2698,6880.0,0.27,2536.0,0.2701,3911.0
1753503752604,04:22:32.604,ALGO/USDT:USDT,0.2699,229.0,0.2698,6880.0,0.27,2536.0,0.2701,4014.0
1753503752804,04:22:32.804,ALGO/USDT:USDT,0.2699,231.0,0.2698,6880.0,0.27,2536.0,0.2701,4014.0
1753503753204,04:22:33.204,ALGO/USDT:USDT,0.2699,231.0,0.2698,6880.0,0.27,2536.0,0.2701,4051.0
1753503753304,04:22:33.304,ALGO/USDT:USDT,0.2699,231.0,0.2698,6880.0,0.27,2573.0,0.2701,4159.0
1753503753504,04:22:33.504,ALGO/USDT:USDT,0.2699,231.0,0.2698,6880.0,0.27,2572.0,0.2701,4196.0
1753503754304,04:22:34.304,ALGO/USDT:USDT,0.2699,361.0,0.2698,6667.0,0.27,2279.0,0.2701,4238.0
1753503754504,04:22:34.504,ALGO/USDT:USDT,0.2699,361.0,0.2698,6667.0,0.27,2279.0,0.2701,4238.0
1753503754604,04:22:34.604,ALGO/USDT:USDT,0.2699,361.0,0.2698,6667.0,0.27,2279.0,0.2701,4238.0
1753503754704,04:22:34.704,ALGO/USDT:USDT,0.2699,104.0,0.2698,6667.0,0.27,2572.0,0.2701,4238.0
1753503754804,04:22:34.804,ALGO/USDT:USDT,0.2699,362.0,0.2698,6667.0,0.27,2279.0,0.2701,4238.0
1753503755104,04:22:35.104,ALGO/USDT:USDT,0.2699,362.0,0.2698,6667.0,0.27,2279.0,0.2701,4238.0
1753503755604,04:22:35.604,ALGO/USDT:USDT,0.2699,315.0,0.2698,6667.0,0.27,1679.0,0.2701,4238.0
1753503755704,04:22:35.704,ALGO/USDT:USDT,0.2699,1458.0,0.2698,6667.0,0.27,1679.0,0.2701,4135.0
1753503755804,04:22:35.804,ALGO/USDT:USDT,0.2699,1245.0,0.2698,6880.0,0.27,1679.0,0.2701,4135.0
1753503756204,04:22:36.204,ALGO/USDT:USDT,0.2699,1458.0,0.2698,6880.0,0.27,1679.0,0.2701,4056.0
1753503756304,04:22:36.304,ALGO/USDT:USDT,0.2699,1245.0,0.2698,6880.0,0.27,1642.0,0.2701,3374.0
1753503756704,04:22:36.704,ALGO/USDT:USDT,0.2699,1458.0,0.2698,6880.0,0.27,1642.0,0.2701,3374.0
1753503756804,04:22:36.804,ALGO/USDT:USDT,0.2699,1538.0,0.2698,6880.0,0.27,1642.0,0.2701,3338.0
1753503757304,04:22:37.304,ALGO/USDT:USDT,0.2699,1458.0,0.2698,6880.0,0.27,1642.0,0.2701,3338.0
1753503757604,04:22:37.604,ALGO/USDT:USDT,0.2699,1245.0,0.2698,6880.0,0.27,1642.0,0.2701,3338.0
1753503758104,04:22:38.104,ALGO/USDT:USDT,0.2699,1458.0,0.2698,6972.0,0.27,1642.0,0.2701,3338.0
1753503758204,04:22:38.204,ALGO/USDT:USDT,0.2699,1165.0,0.2698,6880.0,0.27,1642.0,0.2701,3338.0
1753503758304,04:22:38.304,ALGO/USDT:USDT,0.2699,1245.0,0.2698,6880.0,0.27,1641.0,0.2701,3338.0
1753503758404,04:22:38.404,ALGO/USDT:USDT,0.2699,1245.0,0.2698,6880.0,0.27,1641.0,0.2701,3338.0
1753503758604,04:22:38.604,ALGO/USDT:USDT,0.2699,1245.0,0.2698,6880.0,0.27,1641.0,0.2701,3338.0
1753503758704,04:22:38.704,ALGO/USDT:USDT,0.2699,1165.0,0.2698,6880.0,0.27,1641.0,0.2701,3338.0
1753503758904,04:22:38.904,ALGO/USDT:USDT,0.2699,1378.0,0.2698,6880.0,0.27,1641.0,0.2701,3338.0
1753503759004,04:22:39.004,ALGO/USDT:USDT,0.2699,1165.0,0.2698,6880.0,0.27,1641.0,0.2701,3338.0
1753503759304,04:22:39.304,ALGO/USDT:USDT,0.2699,1245.0,0.2698,6880.0,0.27,1641.0,0.2701,3338.0
1753503759404,04:22:39.404,ALGO/USDT:USDT,0.2699,1538.0,0.2698,6880.0,0.27,1641.0,0.2701,3338.0
1753503759604,04:22:39.604,ALGO/USDT:USDT,0.2699,1245.0,0.2698,6880.0,0.27,1302.0,0.2701,3938.0
1753503760104,04:22:40.104,ALGO/USDT:USDT,0.2699,1165.0,0.2698,6880.0,0.27,1302.0,0.2701,3938.0
1753503760204,04:22:40.204,ALGO/USDT:USDT,0.2699,1165.0,0.2698,6880.0,0.27,1302.0,0.2701,3902.0
1753503760304,04:22:40.304,ALGO/USDT:USDT,0.2699,1245.0,0.2698,6880.0,0.27,1302.0,0.2701,3866.0
1753503760404,04:22:40.404,ALGO/USDT:USDT,0.2699,1165.0,0.2698,7583.0,0.27,1302.0,0.2701,3866.0
1753503760504,04:22:40.504,ALGO/USDT:USDT,0.2699,1165.0,0.2698,7583.0,0.27,1302.0,0.2701,3866.0
1753503760704,04:22:40.704,ALGO/USDT:USDT,0.2699,565.0,0.2698,7583.0,0.27,1302.0,0.2701,3866.0
1753503761204,04:22:41.204,ALGO/USDT:USDT,0.2699,565.0,0.2698,7583.0,0.27,1302.0,0.2701,3902.0
1753503761504,04:22:41.504,ALGO/USDT:USDT,0.2699,858.0,0.2698,7583.0,0.27,1302.0,0.2701,3938.0
1753503761604,04:22:41.604,ALGO/USDT:USDT,0.2699,645.0,0.2698,7583.0,0.27,1302.0,0.2701,3938.0
1753503761704,04:22:41.704,ALGO/USDT:USDT,0.2699,282.0,0.2698,7583.0,0.27,1896.0,0.2701,4046.0
1753503761804,04:22:41.804,ALGO/USDT:USDT,0.2699,282.0,0.2698,7417.0,0.27,1896.0,0.2701,4221.0
1753503761904,04:22:41.904,ALGO/USDT:USDT,0.2699,171.0,0.2698,6045.0,0.27,2189.0,0.2701,4586.0
1753503762104,04:22:42.104,ALGO/USDT:USDT,0.2699,173.0,0.2698,6045.0,0.27,2189.0,0.2701,4877.0
1753503762204,04:22:42.204,ALGO/USDT:USDT,0.2699,173.0,0.2698,6045.0,0.27,2189.0,0.2701,4949.0
1753503762304,04:22:42.304,ALGO/USDT:USDT,0.2699,173.0,0.2698,5832.0,0.27,2226.0,0.2701,5130.0
1753503762404,04:22:42.404,ALGO/USDT:USDT,0.2699,173.0,0.2698,5832.0,0.27,2226.0,0.2701,5130.0
1753503762604,04:22:42.604,ALGO/USDT:USDT,0.2699,173.0,0.2698,5832.0,0.27,2826.0,0.2701,5166.0
1753503762704,04:22:42.704,ALGO/USDT:USDT,0.2699,173.0,0.2698,5832.0,0.27,2826.0,0.2701,5166.0
1753503762804,04:22:42.804,ALGO/USDT:USDT,0.2699,173.0,0.2698,5832.0,0.27,2826.0,0.2701,5240.0
1753503762904,04:22:42.904,ALGO/USDT:USDT,0.2699,173.0,0.2698,5832.0,0.27,2826.0,0.2701,5384.0
1753503763104,04:22:43.104,ALGO/USDT:USDT,0.2699,173.0,0.2698,5832.0,0.27,2826.0,0.2701,5420.0
1753503763304,04:22:43.304,ALGO/USDT:USDT,0.2699,173.0,0.2698,5832.0,0.27,2826.0,0.2701,5528.0
1753503763504,04:22:43.504,ALGO/USDT:USDT,0.2699,173.0,0.2698,5832.0,0.27,3302.0,0.2701,5661.0
1753503763804,04:22:43.804,ALGO/USDT:USDT,0.2699,173.0,0.2698,5327.0,0.27,3302.0,0.2701,5697.0
1753503763904,04:22:43.904,ALGO/USDT:USDT,0.2699,298.0,0.2698,5869.0,0.27,3302.0,0.2701,5697.0
1753503764504,04:22:44.504,ALGO/USDT:USDT,0.2699,298.0,0.2698,5869.0,0.27,3100.0,0.2701,6036.0
1753503764604,04:22:44.604,ALGO/USDT:USDT,0.2699,298.0,0.2698,5869.0,0.27,3313.0,0.2701,6036.0
1753503764704,04:22:44.704,ALGO/USDT:USDT,0.2699,298.0,0.2698,5869.0,0.27,3277.0,0.2701,6036.0
1753503764904,04:22:44.904,ALGO/USDT:USDT,0.2699,298.0,0.2698,5869.0,0.27,3064.0,0.2701,5787.0
1753503765104,04:22:45.104,ALGO/USDT:USDT,0.2699,308.0,0.2698,5869.0,0.27,3277.0,0.2701,5690.0
1753503765204,04:22:45.204,ALGO/USDT:USDT,0.2699,308.0,0.2698,5869.0,0.27,3277.0,0.2701,5654.0
1753503765304,04:22:45.304,ALGO/USDT:USDT,0.2699,308.0,0.2698,5869.0,0.27,3277.0,0.2701,5618.0
1753503765804,04:22:45.804,ALGO/USDT:USDT,0.2698,3290.0,0.2697,6652.0,0.2699,293.0,0.27,5203.0
1753503766204,04:22:46.204,ALGO/USDT:USDT,0.2698,3290.0,0.2697,6652.0,0.2699,293.0,0.27,5203.0
1753503766504,04:22:46.504,ALGO/USDT:USDT,0.2698,3290.0,0.2697,6688.0,0.2699,256.0,0.27,5131.0
1753503766804,04:22:46.804,ALGO/USDT:USDT,0.2698,3254.0,0.2697,6688.0,0.2699,336.0,0.27,5131.0
1753503767404,04:22:47.404,ALGO/USDT:USDT,0.2698,3254.0,0.2697,6938.0,0.2699,256.0,0.27,5344.0
1753503767604,04:22:47.604,ALGO/USDT:USDT,0.2698,3254.0,0.2697,6902.0,0.2699,462.0,0.27,5344.0
1753503767904,04:22:47.904,ALGO/USDT:USDT,0.2698,3254.0,0.2697,6865.0,0.2699,462.0,0.27,5344.0
1753503768304,04:22:48.304,ALGO/USDT:USDT,0.2698,3254.0,0.2697,6829.0,0.2699,1487.0,0.27,4318.0
1753503769304,04:22:49.304,ALGO/USDT:USDT,0.2698,3254.0,0.2697,6829.0,0.2699,1487.0,0.27,4318.0
1753503770104,04:22:50.104,ALGO/USDT:USDT,0.2698,2755.0,0.2697,6829.0,0.2699,1487.0,0.27,4318.0
1753503770204,04:22:50.204,ALGO/USDT:USDT,0.2698,2755.0,0.2697,6829.0,0.2699,1487.0,0.27,4354.0
1753503770604,04:22:50.604,ALGO/USDT:USDT,0.2698,2755.0,0.2697,6829.0,0.2699,1487.0,0.27,4354.0
1753503770704,04:22:50.704,ALGO/USDT:USDT,0.2698,361.0,0.2697,4699.0,0.2699,1780.0,0.27,4668.0
1753503770804,04:22:50.804,ALGO/USDT:USDT,0.2698,338.0,0.2697,5858.0,0.2699,1780.0,0.27,4668.0
1753503770904,04:22:50.904,ALGO/USDT:USDT,0.2698,203.0,0.2697,5189.0,0.2699,1780.0,0.27,4809.0
1753503771204,04:22:51.204,ALGO/USDT:USDT,0.2698,205.0,0.2697,5858.0,0.2699,1853.0,0.27,4845.0
1753503771504,04:22:51.504,ALGO/USDT:USDT,0.2698,214.0,0.2697,5189.0,0.2699,2831.0,0.27,5167.0
1753503771804,04:22:51.804,ALGO/USDT:USDT,0.2698,214.0,0.2697,5189.0,0.2699,2831.0,0.27,5167.0
1753503772004,04:22:52.004,ALGO/USDT:USDT,0.2698,809.0,0.2697,5858.0,0.2699,2831.0,0.27,5094.0
1753503772104,04:22:52.104,ALGO/USDT:USDT,0.2698,809.0,0.2697,5821.0,0.2699,2795.0,0.27,5094.0
1753503772204,04:22:52.204,ALGO/USDT:USDT,0.2698,809.0,0.2697,5821.0,0.2699,2795.0,0.27,4949.0
1753503772304,04:22:52.304,ALGO/USDT:USDT,0.2698,889.0,0.2697,5821.0,0.2699,2502.0,0.27,4912.0
1753503772404,04:22:52.404,ALGO/USDT:USDT,0.2698,809.0,0.2697,5821.0,0.2699,2502.0,0.27,4875.0
1753503772704,04:22:52.704,ALGO/USDT:USDT,0.2698,809.0,0.2697,5821.0,0.2699,2795.0,0.27,4801.0
1753503772804,04:22:52.804,ALGO/USDT:USDT,0.2698,315.0,0.2697,5821.0,0.2699,2795.0,0.27,4801.0
1753503773004,04:22:53.004,ALGO/USDT:USDT,0.2698,401.0,0.2697,5821.0,0.2699,2795.0,0.27,4801.0
1753503773104,04:22:53.104,ALGO/USDT:USDT,0.2698,315.0,0.2697,5821.0,0.2699,2800.0,0.27,4801.0
1753503773404,04:22:53.404,ALGO/USDT:USDT,0.2698,315.0,0.2697,4247.0,0.2699,2836.0,0.27,5254.0
1753503773604,04:22:53.604,ALGO/USDT:USDT,0.2698,203.0,0.2697,4247.0,0.2699,2873.0,0.27,5362.0
1753503773704,04:22:53.704,ALGO/USDT:USDT,0.2698,203.0,0.2697,4962.0,0.2699,2873.0,0.27,5362.0
1753503773904,04:22:53.904,ALGO/USDT:USDT,0.2698,203.0,0.2697,4962.0,0.2699,2873.0,0.27,5362.0
1753503774304,04:22:54.304,ALGO/USDT:USDT,0.2698,2460.0,0.2697,7490.0,0.2699,1334.0,0.27,3993.0
1753503774604,04:22:54.604,ALGO/USDT:USDT,0.2698,2460.0,0.2697,7308.0,0.2699,1334.0,0.27,3993.0
1753503774704,04:22:54.704,ALGO/USDT:USDT,0.2698,2460.0,0.2697,7308.0,0.2699,1334.0,0.27,3993.0
1753503774904,04:22:54.904,ALGO/USDT:USDT,0.2698,2312.0,0.2697,7272.0,0.2699,1334.0,0.27,3993.0
1753503775004,04:22:55.004,ALGO/USDT:USDT,0.2698,2176.0,0.2697,7272.0,0.2699,1334.0,0.27,3993.0
1753503775104,04:22:55.104,ALGO/USDT:USDT,0.2698,2389.0,0.2697,7272.0,0.2699,1334.0,0.27,3993.0
1753503776804,04:22:56.804,ALGO/USDT:USDT,0.2698,2389.0,0.2697,7299.0,0.2699,1896.0,0.27,3216.0
1753503778104,04:22:58.104,ALGO/USDT:USDT,0.2698,2389.0,0.2697,7299.0,0.2699,1896.0,0.27,3216.0
1753503778204,04:22:58.204,ALGO/USDT:USDT,0.2698,2315.0,0.2697,7299.0,0.2699,1896.0,0.27,3216.0
1753503778604,04:22:58.604,ALGO/USDT:USDT,0.2698,2351.0,0.2697,7554.0,0.2699,1890.0,0.27,3216.0
1753503778704,04:22:58.704,ALGO/USDT:USDT,0.2698,2351.0,0.2697,7590.0,0.2699,1890.0,0.27,2616.0
1753503779004,04:22:59.004,ALGO/USDT:USDT,0.2698,2425.0,0.2697,7626.0,0.2699,1890.0,0.27,2616.0
1753503779404,04:22:59.404,ALGO/USDT:USDT,0.2698,2425.0,0.2697,7662.0,0.2699,1891.0,0.27,2616.0
1753503779604,04:22:59.604,ALGO/USDT:USDT,0.2698,2425.0,0.2697,7669.0,0.2699,1891.0,0.27,2616.0
1753503779804,04:22:59.804,ALGO/USDT:USDT,0.2698,2461.0,0.2697,7742.0,0.2699,1891.0,0.27,2616.0
1753503779904,04:22:59.904,ALGO/USDT:USDT,0.2698,2461.0,0.2697,7742.0,0.2699,1891.0,0.27,2616.0
1753503780104,04:23:00.104,ALGO/USDT:USDT,0.2698,2461.0,0.2697,8444.0,0.2699,1891.0,0.27,2613.0
1753503780204,04:23:00.204,ALGO/USDT:USDT,0.2698,2498.0,0.2697,8111.0,0.2699,1891.0,0.27,2613.0
1753503781004,04:23:01.004,ALGO/USDT:USDT,0.2699,2145.0,0.2698,8715.0,0.27,421.0,0.2701,3759.0
1753503781104,04:23:01.104,ALGO/USDT:USDT,0.2699,1898.0,0.2698,8306.0,0.27,553.0,0.2701,3774.0
1753503781404,04:23:01.404,ALGO/USDT:USDT,0.2699,2111.0,0.2698,8234.0,0.27,553.0,0.2701,3774.0
1753503781904,04:23:01.904,ALGO/USDT:USDT,0.2699,2111.0,0.2698,8234.0,0.27,452.0,0.2701,3774.0
1753503782004,04:23:02.004,ALGO/USDT:USDT,0.2699,1898.0,0.2698,8447.0,0.27,532.0,0.2701,3774.0
1753503782104,04:23:02.104,ALGO/USDT:USDT,0.2699,1818.0,0.2698,8447.0,0.27,532.0,0.2701,3774.0
1753503782304,04:23:02.304,ALGO/USDT:USDT,0.2699,1818.0,0.2698,8447.0,0.27,532.0,0.2701,3987.0
1753503782404,04:23:02.404,ALGO/USDT:USDT,0.2699,1818.0,0.2698,8447.0,0.27,533.0,0.2701,3987.0
1753503782704,04:23:02.704,ALGO/USDT:USDT,0.2699,1818.0,0.2698,8447.0,0.27,533.0,0.2701,3987.0
1753503782904,04:23:02.904,ALGO/USDT:USDT,0.2699,1672.0,0.2698,7975.0,0.27,826.0,0.2701,3987.0
1753503783304,04:23:03.304,ALGO/USDT:USDT,0.2699,947.0,0.2698,7930.0,0.27,826.0,0.2701,3987.0
1753503783704,04:23:03.704,ALGO/USDT:USDT,0.2699,467.0,0.2698,6281.0,0.27,1426.0,0.2701,4127.0
1753503783804,04:23:03.804,ALGO/USDT:USDT,0.2699,467.0,0.2698,6281.0,0.27,1426.0,0.2701,4127.0
1753503783904,04:23:03.904,ALGO/USDT:USDT,0.2699,557.0,0.2698,6281.0,0.27,1346.0,0.2701,4127.0
1753503784104,04:23:04.104,ALGO/USDT:USDT,0.2699,447.0,0.2698,6281.0,0.27,1346.0,0.2701,4127.0
1753503784204,04:23:04.204,ALGO/USDT:USDT,0.2699,441.0,0.2698,6281.0,0.27,1426.0,0.2701,4163.0
1753503784704,04:23:04.704,ALGO/USDT:USDT,0.2699,446.0,0.2698,6281.0,0.27,1133.0,0.2701,4199.0
1753503784804,04:23:04.804,ALGO/USDT:USDT,0.2699,446.0,0.2698,6281.0,0.27,1426.0,0.2701,4199.0
1753503784904,04:23:04.904,ALGO/USDT:USDT,0.2699,447.0,0.2698,6281.0,0.27,1426.0,0.2701,4199.0
1753503785104,04:23:05.104,ALGO/USDT:USDT,0.2699,447.0,0.2698,6281.0,0.27,1346.0,0.2701,4199.0
1753503785204,04:23:05.204,ALGO/USDT:USDT,0.2699,453.0,0.2698,6281.0,0.27,1133.0,0.2701,4199.0
1753503785404,04:23:05.404,ALGO/USDT:USDT,0.2699,457.0,0.2698,6281.0,0.27,1431.0,0.2701,4199.0
1753503785704,04:23:05.704,ALGO/USDT:USDT,0.2698,2282.0,0.2697,7359.0,0.2699,254.0,0.27,3049.0
1753503785804,04:23:05.804,ALGO/USDT:USDT,0.2698,2273.0,0.2697,6744.0,0.2699,256.0,0.27,3743.0
1753503786104,04:23:06.104,ALGO/USDT:USDT,0.2698,2273.0,0.2697,6744.0,0.2699,336.0,0.27,3742.0
1753503786204,04:23:06.204,ALGO/USDT:USDT,0.2698,1544.0,0.2697,7210.0,0.2699,344.0,0.27,3742.0
1753503786404,04:23:06.404,ALGO/USDT:USDT,0.2698,1544.0,0.2697,7253.0,0.2699,473.0,0.27,3742.0
1753503786504,04:23:06.504,ALGO/USDT:USDT,0.2698,1618.0,0.2697,7253.0,0.2699,266.0,0.27,3742.0
1753503786604,04:23:06.604,ALGO/USDT:USDT,0.2698,1618.0,0.2697,7289.0,0.2699,266.0,0.27,2752.0
1753503786704,04:23:06.704,ALGO/USDT:USDT,0.2698,1997.0,0.2697,7289.0,0.2699,266.0,0.27,2459.0
1753503787004,04:23:07.004,ALGO/USDT:USDT,0.2698,1544.0,0.2697,7253.0,0.2699,470.0,0.27,2672.0
1753503787304,04:23:07.304,ALGO/USDT:USDT,0.2698,1544.0,0.2697,7181.0,0.2699,470.0,0.27,2672.0
1753503787504,04:23:07.504,ALGO/USDT:USDT,0.2698,1282.0,0.2697,6867.0,0.2699,763.0,0.27,2672.0
1753503787604,04:23:07.604,ALGO/USDT:USDT,0.2698,1282.0,0.2697,6490.0,0.2699,550.0,0.27,2672.0
1753503788104,04:23:08.104,ALGO/USDT:USDT,0.2698,1356.0,0.2697,6675.0,0.2699,470.0,0.27,2672.0
1753503788204,04:23:08.204,ALGO/USDT:USDT,0.2698,1356.0,0.2697,6675.0,0.2699,470.0,0.27,2672.0
1753503788504,04:23:08.504,ALGO/USDT:USDT,0.2698,1356.0,0.2697,6675.0,0.2699,473.0,0.27,2671.0
1753503788704,04:23:08.704,ALGO/USDT:USDT,0.2698,1356.0,0.2697,6675.0,0.2699,473.0,0.27,2671.0
1753503789004,04:23:09.004,ALGO/USDT:USDT,0.2698,1282.0,0.2697,6490.0,0.2699,473.0,0.27,2671.0
1753503789304,04:23:09.304,ALGO/USDT:USDT,0.2698,2011.0,0.2697,8411.0,0.2699,269.0,0.27,2671.0
1753503789404,04:23:09.404,ALGO/USDT:USDT,0.2698,2011.0,0.2697,8226.0,0.2699,269.0,0.27,2671.0
1753503789504,04:23:09.504,ALGO/USDT:USDT,0.2698,2011.0,0.2697,8411.0,0.2699,395.0,0.27,2671.0
1753503789704,04:23:09.704,ALGO/USDT:USDT,0.2698,2011.0,0.2697,8411.0,0.2699,395.0,0.27,2670.0
1753503789804,04:23:09.804,ALGO/USDT:USDT,0.2698,1798.0,0.2697,8411.0,0.2699,402.0,0.27,2670.0
1753503789904,04:23:09.904,ALGO/USDT:USDT,0.2698,1798.0,0.2697,8411.0,0.2699,402.0,0.27,2670.0
1753503790004,04:23:10.004,ALGO/USDT:USDT,0.2698,1718.0,0.2697,8411.0,0.2699,482.0,0.27,2670.0
1753503790204,04:23:10.204,ALGO/USDT:USDT,0.2698,1718.0,0.2697,8411.0,0.2699,482.0,0.27,2670.0
1753503790404,04:23:10.404,ALGO/USDT:USDT,0.2698,1718.0,0.2697,8411.0,0.2699,482.0,0.27,2670.0
1753503790604,04:23:10.604,ALGO/USDT:USDT,0.2698,1710.0,0.2697,8226.0,0.2699,482.0,0.27,2670.0
1753503791204,04:23:11.204,ALGO/USDT:USDT,0.2698,1790.0,0.2697,9115.0,0.2699,503.0,0.27,2670.0
1753503791504,04:23:11.504,ALGO/USDT:USDT,0.2698,2000.0,0.2697,9122.0,0.2699,503.0,0.27,2670.0
1753503791704,04:23:11.704,ALGO/USDT:USDT,0.2698,2000.0,0.2697,9122.0,0.2699,503.0,0.27,2670.0
1753503791804,04:23:11.804,ALGO/USDT:USDT,0.2698,2000.0,0.2697,9122.0,0.2699,503.0,0.27,2670.0
1753503791904,04:23:11.904,ALGO/USDT:USDT,0.2698,1787.0,0.2697,9122.0,0.2699,503.0,0.27,2670.0
1753503792604,04:23:12.604,ALGO/USDT:USDT,0.2698,1787.0,0.2697,8937.0,0.2699,583.0,0.27,2670.0
1753503792804,04:23:12.804,ALGO/USDT:USDT,0.2698,1633.0,0.2697,8937.0,0.2699,796.0,0.27,2670.0
1753503793104,04:23:13.104,ALGO/USDT:USDT,0.2698,1633.0,0.2697,8937.0,0.2699,876.0,0.27,2670.0
1753503793204,04:23:13.204,ALGO/USDT:USDT,0.2698,1633.0,0.2697,8937.0,0.2699,876.0,0.27,2670.0
1753503793304,04:23:13.304,ALGO/USDT:USDT,0.2698,1633.0,0.2697,8894.0,0.2699,876.0,0.27,2670.0
1753503793504,04:23:13.504,ALGO/USDT:USDT,0.2698,1633.0,0.2697,8894.0,0.2699,876.0,0.27,2670.0
1753503793804,04:23:13.804,ALGO/USDT:USDT,0.2698,1375.0,0.2697,8040.0,0.2699,876.0,0.27,2670.0
1753503794104,04:23:14.104,ALGO/USDT:USDT,0.2698,1487.0,0.2697,8040.0,0.2699,663.0,0.27,2670.0
1753503794404,04:23:14.404,ALGO/USDT:USDT,0.2698,443.0,0.2697,6734.0,0.2699,876.0,0.27,2868.0
1753503794504,04:23:14.504,ALGO/USDT:USDT,0.2698,443.0,0.2697,6734.0,0.2699,876.0,0.27,2868.0
1753503794904,04:23:14.904,ALGO/USDT:USDT,0.2698,443.0,0.2697,7438.0,0.2699,876.0,0.27,2872.0
1753503795004,04:23:15.004,ALGO/USDT:USDT,0.2698,443.0,0.2697,7438.0,0.2699,876.0,0.27,2872.0
1753503795104,04:23:15.104,ALGO/USDT:USDT,0.2698,355.0,0.2697,7438.0,0.2699,876.0,0.27,2872.0
1753503795204,04:23:15.204,ALGO/USDT:USDT,0.2698,355.0,0.2697,5887.0,0.2699,880.0,0.27,2908.0
1753503795304,04:23:15.304,ALGO/USDT:USDT,0.2698,355.0,0.2697,5887.0,0.2699,880.0,0.27,2980.0
1753503795704,04:23:15.704,ALGO/USDT:USDT,0.2698,442.0,0.2697,5887.0,0.2699,880.0,0.27,2980.0
1753503795904,04:23:15.904,ALGO/USDT:USDT,0.2698,442.0,0.2697,5887.0,0.2699,880.0,0.27,2980.0
1753503796004,04:23:16.004,ALGO/USDT:USDT,0.2698,442.0,0.2697,6100.0,0.2699,667.0,0.27,2980.0
1753503796204,04:23:16.204,ALGO/USDT:USDT,0.2698,442.0,0.2697,6100.0,0.2699,667.0,0.27,2980.0
1753503796404,04:23:16.404,ALGO/USDT:USDT,0.2698,442.0,0.2697,6769.0,0.2699,587.0,0.27,2944.0
1753503797704,04:23:17.704,ALGO/USDT:USDT,0.2698,442.0,0.2697,6100.0,0.2699,667.0,0.27,2841.0
1753503797804,04:23:17.804,ALGO/USDT:USDT,0.2698,442.0,0.2697,6100.0,0.2699,668.0,0.27,2841.0
1753503798004,04:23:18.004,ALGO/USDT:USDT,0.2698,442.0,0.2697,5887.0,0.2699,881.0,0.27,2877.0
1753503798304,04:23:18.304,ALGO/USDT:USDT,0.2698,442.0,0.2697,5887.0,0.2699,881.0,0.27,2913.0
1753503798404,04:23:18.404,ALGO/USDT:USDT,0.2698,442.0,0.2697,5887.0,0.2699,881.0,0.27,2949.0
1753503798604,04:23:18.604,ALGO/USDT:USDT,0.2698,442.0,0.2697,5887.0,0.2699,881.0,0.27,2913.0
1753503798704,04:23:18.704,ALGO/USDT:USDT,0.2698,442.0,0.2697,6769.0,0.2699,588.0,0.27,2913.0
1753503798804,04:23:18.804,ALGO/USDT:USDT,0.2698,522.0,0.2697,6769.0,0.2699,588.0,0.27,2877.0
1753503798904,04:23:18.904,ALGO/USDT:USDT,0.2698,522.0,0.2697,6769.0,0.2699,588.0,0.27,2877.0
1753503799004,04:23:19.004,ALGO/USDT:USDT,0.2698,355.0,0.2697,5887.0,0.2699,881.0,0.27,2913.0
1753503799104,04:23:19.104,ALGO/USDT:USDT,0.2698,444.0,0.2697,5887.0,0.2699,881.0,0.27,2913.0
1753503799204,04:23:19.204,ALGO/USDT:USDT,0.2698,444.0,0.2697,6769.0,0.2699,731.0,0.27,2913.0
1753503799304,04:23:19.304,ALGO/USDT:USDT,0.2698,444.0,0.2697,6769.0,0.2699,731.0,0.27,2913.0
1753503799404,04:23:19.404,ALGO/USDT:USDT,0.2698,444.0,0.2697,6769.0,0.2699,944.0,0.27,2913.0
1753503799604,04:23:19.604,ALGO/USDT:USDT,0.2698,444.0,0.2697,6100.0,0.2699,944.0,0.27,2913.0
1753503799704,04:23:19.704,ALGO/USDT:USDT,0.2698,444.0,0.2697,6100.0,0.2699,944.0,0.27,2913.0
1753503800004,04:23:20.004,ALGO/USDT:USDT,0.2698,444.0,0.2697,6100.0,0.2699,944.0,0.27,2913.0
1753503800104,04:23:20.104,ALGO/USDT:USDT,0.2698,444.0,0.2697,6100.0,0.2699,731.0,0.27,2913.0
1753503800504,04:23:20.504,ALGO/USDT:USDT,0.2698,451.0,0.2697,6100.0,0.2699,728.0,0.27,2949.0
1753503800604,04:23:20.604,ALGO/USDT:USDT,0.2698,355.0,0.2697,5887.0,0.2699,1104.0,0.27,2949.0
1753503800704,04:23:20.704,ALGO/USDT:USDT,0.2698,355.0,0.2697,5887.0,0.2699,1104.0,0.27,2949.0
1753503800804,04:23:20.804,ALGO/USDT:USDT,0.2698,445.0,0.2697,6100.0,0.2699,811.0,0.27,2949.0
1753503800904,04:23:20.904,ALGO/USDT:USDT,0.2698,445.0,0.2697,6769.0,0.2699,811.0,0.27,2949.0
1753503801204,04:23:21.204,ALGO/USDT:USDT,0.2698,346.0,0.2697,5887.0,0.2699,1104.0,0.27,2949.0
1753503801504,04:23:21.504,ALGO/USDT:USDT,0.2698,346.0,0.2697,5887.0,0.2699,1104.0,0.27,2949.0
1753503801704,04:23:21.704,ALGO/USDT:USDT,0.2698,346.0,0.2697,5887.0,0.2699,1104.0,0.27,2949.0
1753503802204,04:23:22.204,ALGO/USDT:USDT,0.2698,346.0,0.2697,5887.0,0.2699,1177.0,0.27,2985.0
1753503802304,04:23:22.304,ALGO/USDT:USDT,0.2698,346.0,0.2697,5887.0,0.2699,1177.0,0.27,3021.0
1753503803504,04:23:23.504,ALGO/USDT:USDT,0.2698,437.0,0.2697,5887.0,0.2699,1177.0,0.27,3021.0
1753503803704,04:23:23.704,ALGO/USDT:USDT,0.2698,437.0,0.2697,5887.0,0.2699,1177.0,0.27,3021.0
1753503804004,04:23:24.004,ALGO/USDT:USDT,0.2698,437.0,0.2697,6814.0,0.2699,964.0,0.27,3021.0
1753503804204,04:23:24.204,ALGO/USDT:USDT,0.2698,437.0,0.2697,6814.0,0.2699,1177.0,0.27,3160.0
1753503804304,04:23:24.304,ALGO/USDT:USDT,0.2698,437.0,0.2697,6814.0,0.2699,1177.0,0.27,3160.0
1753503804704,04:23:24.704,ALGO/USDT:USDT,0.2698,437.0,0.2697,6110.0,0.2699,1177.0,0.27,3160.0
1753503804804,04:23:24.804,ALGO/USDT:USDT,0.2698,437.0,0.2697,6110.0,0.2699,1177.0,0.27,3160.0
1753503805204,04:23:25.204,ALGO/USDT:USDT,0.2698,437.0,0.2697,6110.0,0.2699,1224.0,0.27,3197.0
1753503805304,04:23:25.304,ALGO/USDT:USDT,0.2698,437.0,0.2697,6046.0,0.2699,1224.0,0.27,3269.0
1753503805604,04:23:25.604,ALGO/USDT:USDT,0.2698,437.0,0.2697,6046.0,0.2699,1224.0,0.27,3434.0
1753503805704,04:23:25.704,ALGO/USDT:USDT,0.2698,437.0,0.2697,6046.0,0.2699,1224.0,0.27,3434.0
1753503806504,04:23:26.504,ALGO/USDT:USDT,0.2698,437.0,0.2697,6046.0,0.2699,1224.0,0.27,3434.0
1753503806804,04:23:26.804,ALGO/USDT:USDT,0.2698,437.0,0.2697,6259.0,0.2699,1011.0,0.27,3434.0
1753503807504,04:23:27.504,ALGO/USDT:USDT,0.2698,437.0,0.2697,5396.0,0.2699,1011.0,0.27,3434.0
1753503807604,04:23:27.604,ALGO/USDT:USDT,0.2698,437.0,0.2697,6046.0,0.2699,1224.0,0.27,3434.0
1753503808404,04:23:28.404,ALGO/USDT:USDT,0.2698,437.0,0.2697,6046.0,0.2699,1224.0,0.27,3470.0
1753503808604,04:23:28.604,ALGO/USDT:USDT,0.2698,437.0,0.2697,6046.0,0.2699,1224.0,0.27,3470.0
1753503808704,04:23:28.704,ALGO/USDT:USDT,0.2698,437.0,0.2697,6046.0,0.2699,1224.0,0.27,3470.0
1753503809304,04:23:29.304,ALGO/USDT:USDT,0.2698,456.0,0.2697,6046.0,0.2699,1225.0,0.27,3470.0
1753503809704,04:23:29.704,ALGO/USDT:USDT,0.2698,343.0,0.2697,6046.0,0.2699,932.0,0.27,3470.0
1753503809904,04:23:29.904,ALGO/USDT:USDT,0.2698,343.0,0.2697,6259.0,0.2699,932.0,0.27,3470.0
1753503810004,04:23:30.004,ALGO/USDT:USDT,0.2698,343.0,0.2697,6259.0,0.2699,932.0,0.27,3470.0
1753503810104,04:23:30.104,ALGO/USDT:USDT,0.2698,343.0,0.2697,6259.0,0.2699,932.0,0.27,3470.0
1753503810204,04:23:30.204,ALGO/USDT:USDT,0.2698,343.0,0.2697,6046.0,0.2699,1225.0,0.27,3470.0
1753503810404,04:23:30.404,ALGO/USDT:USDT,0.2698,343.0,0.2697,6046.0,0.2699,1224.0,0.27,3470.0
1753503810604,04:23:30.604,ALGO/USDT:USDT,0.2698,341.0,0.2697,6046.0,0.2699,1224.0,0.27,3689.0
1753503811004,04:23:31.004,ALGO/USDT:USDT,0.2698,341.0,0.2697,6046.0,0.2699,1224.0,0.27,3725.0
1753503811204,04:23:31.204,ALGO/USDT:USDT,0.2698,341.0,0.2697,6046.0,0.2699,1224.0,0.27,3725.0
1753503811504,04:23:31.504,ALGO/USDT:USDT,0.2698,341.0,0.2697,6259.0,0.2699,1011.0,0.27,3651.0
1753503811604,04:23:31.604,ALGO/USDT:USDT,0.2698,341.0,0.2697,6259.0,0.2699,931.0,0.27,3651.0
1753503811704,04:23:31.704,ALGO/USDT:USDT,0.2698,341.0,0.2697,6046.0,0.2699,1224.0,0.27,3651.0
1753503811804,04:23:31.804,ALGO/USDT:USDT,0.2698,341.0,0.2697,6259.0,0.2699,1224.0,0.27,3651.0
1753503812004,04:23:32.004,ALGO/USDT:USDT,0.2698,252.0,0.2697,6259.0,0.2699,1224.0,0.27,3678.0
1753503812104,04:23:32.104,ALGO/USDT:USDT,0.2698,342.0,0.2697,6259.0,0.2699,1224.0,0.27,3678.0
1753503812204,04:23:32.204,ALGO/USDT:USDT,0.2698,342.0,0.2697,6259.0,0.2699,931.0,0.27,3678.0
1753503812404,04:23:32.404,ALGO/USDT:USDT,0.2698,340.0,0.2697,6046.0,0.2699,1262.0,0.27,3678.0
1753503812504,04:23:32.504,ALGO/USDT:USDT,0.2698,340.0,0.2697,6259.0,0.2699,1268.0,0.27,3673.0
1753503812704,04:23:32.704,ALGO/USDT:USDT,0.2698,342.0,0.2697,6259.0,0.2699,975.0,0.27,3709.0
1753503812904,04:23:32.904,ALGO/USDT:USDT,0.2698,341.0,0.2697,6046.0,0.2699,1268.0,0.27,3709.0
1753503813204,04:23:33.204,ALGO/USDT:USDT,0.2698,341.0,0.2697,6259.0,0.2699,1268.0,0.27,3709.0
1753503814304,04:23:34.304,ALGO/USDT:USDT,0.2698,290.0,0.2697,6046.0,0.2699,1268.0,0.27,3783.0
1753503814504,04:23:34.504,ALGO/USDT:USDT,0.2698,564.0,0.2697,6928.0,0.2699,975.0,0.27,3783.0
1753503814604,04:23:34.604,ALGO/USDT:USDT,0.2698,564.0,0.2697,6928.0,0.2699,975.0,0.27,3783.0
1753503814704,04:23:34.704,ALGO/USDT:USDT,0.2698,564.0,0.2697,6928.0,0.2699,975.0,0.27,3709.0
1753503815004,04:23:35.004,ALGO/USDT:USDT,0.2698,564.0,0.2697,6928.0,0.2699,1188.0,0.27,3709.0
1753503815104,04:23:35.104,ALGO/USDT:USDT,0.2698,564.0,0.2697,6928.0,0.2699,1188.0,0.27,3709.0
1753503815304,04:23:35.304,ALGO/USDT:USDT,0.2698,564.0,0.2697,6928.0,0.2699,975.0,0.27,3673.0
1753503815504,04:23:35.504,ALGO/USDT:USDT,0.2698,564.0,0.2697,6928.0,0.2699,975.0,0.27,3498.0
1753503815704,04:23:35.704,ALGO/USDT:USDT,0.2698,564.0,0.2697,6928.0,0.2699,1055.0,0.27,3498.0
1753503815804,04:23:35.804,ALGO/USDT:USDT,0.2698,564.0,0.2697,6928.0,0.2699,975.0,0.27,3498.0
1753503815904,04:23:35.904,ALGO/USDT:USDT,0.2698,564.0,0.2697,6928.0,0.2699,975.0,0.27,3498.0
1753503816004,04:23:36.004,ALGO/USDT:USDT,0.2698,564.0,0.2697,6715.0,0.2699,1231.0,0.27,3498.0
1753503816104,04:23:36.104,ALGO/USDT:USDT,0.2698,564.0,0.2697,6928.0,0.2699,1231.0,0.27,3498.0
1753503817304,04:23:37.304,ALGO/USDT:USDT,0.2698,290.0,0.2697,6963.0,0.2699,1018.0,0.27,3462.0
1753503817504,04:23:37.504,ALGO/USDT:USDT,0.2698,370.0,0.2697,7632.0,0.2699,938.0,0.27,3462.0
1753503817804,04:23:37.804,ALGO/USDT:USDT,0.2698,370.0,0.2697,7632.0,0.2699,938.0,0.27,3462.0
1753503818004,04:23:38.004,ALGO/USDT:USDT,0.2698,370.0,0.2697,7632.0,0.2699,938.0,0.27,3435.0
1753503818404,04:23:38.404,ALGO/USDT:USDT,0.2698,290.0,0.2697,6963.0,0.2699,1232.0,0.27,3502.0
1753503818504,04:23:38.504,ALGO/USDT:USDT,0.2698,290.0,0.2697,6046.0,0.2699,1232.0,0.27,3502.0
1753503818604,04:23:38.604,ALGO/USDT:USDT,0.2698,290.0,0.2697,6259.0,0.2699,1232.0,0.27,3612.0
1753503818804,04:23:38.804,ALGO/USDT:USDT,0.2698,290.0,0.2697,6046.0,0.2699,1232.0,0.27,3612.0
1753503819004,04:23:39.004,ALGO/USDT:USDT,0.2698,290.0,0.2697,6046.0,0.2699,1232.0,0.27,3648.0
1753503819204,04:23:39.204,ALGO/USDT:USDT,0.2698,290.0,0.2697,6046.0,0.2699,1232.0,0.27,3684.0
1753503820004,04:23:40.004,ALGO/USDT:USDT,0.2698,290.0,0.2697,6259.0,0.2699,1232.0,0.27,3839.0
1753503820204,04:23:40.204,ALGO/USDT:USDT,0.2698,290.0,0.2697,6046.0,0.2699,1232.0,0.27,3875.0
1753503820304,04:23:40.304,ALGO/USDT:USDT,0.2698,562.0,0.2697,6928.0,0.2699,939.0,0.27,3801.0
1753503820404,04:23:40.404,ALGO/USDT:USDT,0.2698,564.0,0.2697,6928.0,0.2699,939.0,0.27,3801.0
1753503820504,04:23:40.504,ALGO/USDT:USDT,0.2698,564.0,0.2697,6928.0,0.2699,939.0,0.27,3801.0
1753503820604,04:23:40.604,ALGO/USDT:USDT,0.2698,367.0,0.2697,6928.0,0.2699,939.0,0.27,3801.0
1753503820704,04:23:40.704,ALGO/USDT:USDT,0.2698,986.0,0.2697,7132.0,0.2699,870.0,0.27,3102.0
1753503820804,04:23:40.804,ALGO/USDT:USDT,0.2698,853.0,0.2697,7132.0,0.2699,870.0,0.27,3066.0
1753503820904,04:23:40.904,ALGO/USDT:USDT,0.2698,773.0,0.2697,6947.0,0.2699,870.0,0.27,3066.0
1753503821004,04:23:41.004,ALGO/USDT:USDT,0.2698,699.0,0.2697,6947.0,0.2699,870.0,0.27,3066.0
1753503821104,04:23:41.104,ALGO/USDT:USDT,0.2698,699.0,0.2697,6947.0,0.2699,870.0,0.27,3030.0
1753503821204,04:23:41.204,ALGO/USDT:USDT,0.2698,699.0,0.2697,6947.0,0.2699,797.0,0.27,2922.0
1753503821304,04:23:41.304,ALGO/USDT:USDT,0.2698,699.0,0.2697,6947.0,0.2699,797.0,0.27,2778.0
1753503821704,04:23:41.704,ALGO/USDT:USDT,0.2698,699.0,0.2697,6947.0,0.2699,797.0,0.27,2742.0
1753503822004,04:23:42.004,ALGO/USDT:USDT,0.2698,699.0,0.2697,6947.0,0.2699,797.0,0.27,2742.0
1753503822104,04:23:42.104,ALGO/USDT:USDT,0.2698,699.0,0.2697,6947.0,0.2699,797.0,0.27,2742.0
1753503822304,04:23:42.304,ALGO/USDT:USDT,0.2698,699.0,0.2697,6947.0,0.2699,797.0,0.27,2742.0
1753503822404,04:23:42.404,ALGO/USDT:USDT,0.2698,699.0,0.2697,6947.0,0.2699,633.0,0.27,2742.0
1753503822504,04:23:42.504,ALGO/USDT:USDT,0.2698,1064.0,0.2697,6947.0,0.2699,800.0,0.27,2742.0
1753503822704,04:23:42.704,ALGO/USDT:USDT,0.2698,1066.0,0.2697,7354.0,0.2699,662.0,0.27,2456.0
1753503822804,04:23:42.804,ALGO/USDT:USDT,0.2698,1066.0,0.2697,7317.0,0.2699,796.0,0.27,2456.0
1753503823204,04:23:43.204,ALGO/USDT:USDT,0.2698,853.0,0.2697,7317.0,0.2699,796.0,0.27,2669.0
1753503823304,04:23:43.304,ALGO/USDT:USDT,0.2698,743.0,0.2697,7317.0,0.2699,847.0,0.27,2456.0
1753503823404,04:23:43.404,ALGO/USDT:USDT,0.2698,663.0,0.2697,7317.0,0.2699,847.0,0.27,2669.0
1753503824004,04:23:44.004,ALGO/USDT:USDT,0.2698,743.0,0.2697,7317.0,0.2699,847.0,0.27,2669.0
1753503824104,04:23:44.104,ALGO/USDT:USDT,0.2698,956.0,0.2697,7317.0,0.2699,847.0,0.27,2456.0
1753503824504,04:23:44.504,ALGO/USDT:USDT,0.2696,1386.0,0.2695,9246.0,0.2697,680.0,0.2698,3797.0
1753503824704,04:23:44.704,ALGO/USDT:USDT,0.2696,2284.0,0.2695,5961.0,0.2697,932.0,0.2698,5213.0
1753503824804,04:23:44.804,ALGO/USDT:USDT,0.2696,2514.0,0.2695,6034.0,0.2697,82.0,0.2698,4580.0
1753503825004,04:23:45.004,ALGO/USDT:USDT,0.2696,3327.0,0.2695,6216.0,0.2697,82.0,0.2698,4580.0
1753503825104,04:23:45.104,ALGO/USDT:USDT,0.2696,3327.0,0.2695,6216.0,0.2697,82.0,0.2698,4580.0
1753503825204,04:23:45.204,ALGO/USDT:USDT,0.2696,3187.0,0.2695,6326.0,0.2697,82.0,0.2698,4580.0
1753503825304,04:23:45.304,ALGO/USDT:USDT,0.2696,3260.0,0.2695,6442.0,0.2697,82.0,0.2698,4580.0
1753503825704,04:23:45.704,ALGO/USDT:USDT,0.2696,4173.0,0.2695,5744.0,0.2698,2785.0,0.2699,5285.0
1753503825804,04:23:45.804,ALGO/USDT:USDT,0.2696,4065.0,0.2695,6782.0,0.2698,3196.0,0.2699,6127.0
1753503825904,04:23:45.904,ALGO/USDT:USDT,0.2696,4029.0,0.2695,6745.0,0.2698,3196.0,0.2699,6127.0
1753503826004,04:23:46.004,ALGO/USDT:USDT,0.2696,4029.0,0.2695,6745.0,0.2698,3196.0,0.2699,6127.0
1753503826104,04:23:46.104,ALGO/USDT:USDT,0.2696,4457.0,0.2695,7107.0,0.2698,3533.0,0.2699,6127.0
1753503826204,04:23:46.204,ALGO/USDT:USDT,0.2696,4312.0,0.2695,6851.0,0.2698,3746.0,0.2699,6127.0
1753503826404,04:23:46.404,ALGO/USDT:USDT,0.2696,4203.0,0.2695,6771.0,0.2698,2933.0,0.2699,6127.0
1753503827004,04:23:47.004,ALGO/USDT:USDT,0.2698,329.0,0.2697,3955.0,0.2699,2338.0,0.27,6472.0
1753503827104,04:23:47.104,ALGO/USDT:USDT,0.2698,329.0,0.2697,5360.0,0.2699,2338.0,0.27,6472.0
1753503827204,04:23:47.204,ALGO/USDT:USDT,0.2698,329.0,0.2697,5360.0,0.2699,2410.0,0.27,6653.0
1753503827304,04:23:47.304,ALGO/USDT:USDT,0.2698,329.0,0.2697,5151.0,0.2699,2623.0,0.27,6907.0
1753503827404,04:23:47.404,ALGO/USDT:USDT,0.2698,329.0,0.2697,5371.0,0.2699,2623.0,0.27,6943.0
1753503827504,04:23:47.504,ALGO/USDT:USDT,0.2698,329.0,0.2697,5371.0,0.2699,2660.0,0.27,7071.0
1753503827704,04:23:47.704,ALGO/USDT:USDT,0.2698,329.0,0.2697,5371.0,0.2699,2660.0,0.27,6738.0
1753503827904,04:23:47.904,ALGO/USDT:USDT,0.2698,329.0,0.2697,5371.0,0.2699,2660.0,0.27,6666.0
1753503828004,04:23:48.004,ALGO/USDT:USDT,0.2698,79.0,0.2697,5371.0,0.2699,2660.0,0.27,6738.0
1753503828504,04:23:48.504,ALGO/USDT:USDT,0.2698,79.0,0.2697,5371.0,0.2699,2739.0,0.27,6920.0
1753503828604,04:23:48.604,ALGO/USDT:USDT,0.2698,79.0,0.2697,5371.0,0.2699,2733.0,0.27,6956.0
1753503828704,04:23:48.704,ALGO/USDT:USDT,0.2698,79.0,0.2697,5371.0,0.2699,2751.0,0.27,6956.0
1753503828904,04:23:48.904,ALGO/USDT:USDT,0.2698,79.0,0.2697,4702.0,0.2699,2751.0,0.27,6956.0
1753503829004,04:23:49.004,ALGO/USDT:USDT,0.2698,79.0,0.2697,4702.0,0.2699,2751.0,0.27,6972.0
1753503829204,04:23:49.204,ALGO/USDT:USDT,0.2698,79.0,0.2697,4702.0,0.2699,2751.0,0.27,7305.0
1753503829604,04:23:49.604,ALGO/USDT:USDT,0.2698,79.0,0.2697,3510.0,0.2699,2753.0,0.27,8469.0
1753503829704,04:23:49.704,ALGO/USDT:USDT,0.2698,79.0,0.2697,3510.0,0.2699,2753.0,0.27,8469.0
