timestamp,time,symbol,bid1_price,bid1_volume,bid2_price,bid2_volume,ask1_price,ask1_volume,ask2_price,ask2_volume
1753504251393,04:30:51.393,ANIME/USDT:USDT,0.019469,1183.0,0.019467,18155.0,0.019482,1196.0,0.019485,4108.0
1753504251452,04:30:51.452,ANIME/USDT:USDT,0.019469,1183.0,0.019467,18155.0,0.019482,1196.0,0.019485,4108.0
1753504251456,04:30:51.456,ANIME/USDT:USDT,0.019469,1183.0,0.019467,18155.0,0.019482,1196.0,0.019485,4108.0
1753504251518,04:30:51.518,ANIME/USDT:USDT,0.019469,1183.0,0.019467,18155.0,0.019481,741.0,0.019482,1196.0
1753504251521,04:30:51.521,ANIME/USDT:USDT,0.019469,1183.0,0.019467,18155.0,0.01948,1183.0,0.019481,741.0
1753504251524,04:30:51.524,ANIME/USDT:USDT,0.019469,1183.0,0.019467,18155.0,0.01948,1183.0,0.019481,741.0
1753504251526,04:30:51.526,ANIME/USDT:USDT,0.019469,1183.0,0.019467,18155.0,0.01948,1183.0,0.019481,741.0
1753504251529,04:30:51.529,ANIME/USDT:USDT,0.019469,1183.0,0.019467,18155.0,0.01948,1183.0,0.019482,1196.0
1753504251676,04:30:51.676,ANIME/USDT:USDT,0.019469,1183.0,0.019467,18155.0,0.019482,1196.0,0.019484,2621.0
1753504251679,04:30:51.679,ANIME/USDT:USDT,0.019469,1183.0,0.019467,18155.0,0.019482,1196.0,0.019484,1735.0
1753504251679,04:30:51.679,ANIME/USDT:USDT,0.019469,1183.0,0.019467,18155.0,0.019482,1196.0,0.019485,4108.0
1753504251733,04:30:51.733,ANIME/USDT:USDT,0.019469,1183.0,0.019467,18155.0,0.019482,1196.0,0.019485,4108.0
1753504251736,04:30:51.736,ANIME/USDT:USDT,0.019469,1183.0,0.019467,18155.0,0.019482,1196.0,0.019485,4108.0
1753504251754,04:30:51.754,ANIME/USDT:USDT,0.019469,1183.0,0.019467,18155.0,0.019482,1196.0,0.019485,4108.0
1753504251935,04:30:51.935,ANIME/USDT:USDT,0.019469,1183.0,0.019466,1183.0,0.019482,1196.0,0.019485,4108.0
1753504251939,04:30:51.939,ANIME/USDT:USDT,0.019469,1183.0,0.019466,1183.0,0.019482,1196.0,0.019485,4108.0
1753504251942,04:30:51.942,ANIME/USDT:USDT,0.019466,1183.0,0.019465,1726.0,0.019482,1196.0,0.019485,4108.0
1753504251945,04:30:51.945,ANIME/USDT:USDT,0.019466,1183.0,0.019465,1726.0,0.019482,1196.0,0.019485,4108.0
1753504251946,04:30:51.946,ANIME/USDT:USDT,0.019466,1183.0,0.019464,1169.0,0.019482,1196.0,0.019485,4108.0
1753504251953,04:30:51.953,ANIME/USDT:USDT,0.019464,1169.0,0.019463,7695.0,0.019482,1196.0,0.019485,4108.0
1753504251957,04:30:51.957,ANIME/USDT:USDT,0.019464,1169.0,0.019463,5969.0,0.019482,1196.0,0.019485,4108.0
1753504251958,04:30:51.958,ANIME/USDT:USDT,0.019464,1169.0,0.019463,5969.0,0.019482,1196.0,0.019485,4108.0
1753504252013,04:30:52.013,ANIME/USDT:USDT,0.019464,1169.0,0.019463,5969.0,0.019482,1196.0,0.019485,4108.0
1753504252207,04:30:52.207,ANIME/USDT:USDT,0.019465,1060.0,0.019464,1169.0,0.019482,1196.0,0.019485,4108.0
1753504252211,04:30:52.211,ANIME/USDT:USDT,0.019466,1183.0,0.019465,1060.0,0.019482,1196.0,0.019485,4108.0
1753504252214,04:30:52.214,ANIME/USDT:USDT,0.019466,1183.0,0.019465,1060.0,0.019482,1196.0,0.019485,4108.0
1753504252670,04:30:52.670,ANIME/USDT:USDT,0.019466,1183.0,0.019465,1060.0,0.019482,1196.0,0.019485,4108.0
1753504252674,04:30:52.674,ANIME/USDT:USDT,0.019466,1183.0,0.019465,1060.0,0.019482,1196.0,0.019485,4108.0
1753504252985,04:30:52.985,ANIME/USDT:USDT,0.019466,1183.0,0.019465,1060.0,0.019482,1196.0,0.019485,4108.0
1753504253032,04:30:53.032,ANIME/USDT:USDT,0.019466,1183.0,0.019464,1169.0,0.019482,1196.0,0.019485,4108.0
1753504253037,04:30:53.037,ANIME/USDT:USDT,0.019464,1169.0,0.019463,5969.0,0.019482,1196.0,0.019485,4108.0
1753504253040,04:30:53.040,ANIME/USDT:USDT,0.019464,1169.0,0.019463,5969.0,0.019482,1196.0,0.019485,4108.0
1753504253089,04:30:53.089,ANIME/USDT:USDT,0.019464,1169.0,0.019463,5969.0,0.019482,1196.0,0.019485,4108.0
1753504253848,04:30:53.848,ANIME/USDT:USDT,0.019464,1169.0,0.019463,5969.0,0.019482,1196.0,0.019485,4108.0
1753504253853,04:30:53.853,ANIME/USDT:USDT,0.019464,1169.0,0.019463,5969.0,0.019482,1196.0,0.019485,4108.0
1753504254215,04:30:54.215,ANIME/USDT:USDT,0.019464,1169.0,0.019463,5969.0,0.019482,1196.0,0.019485,4108.0
1753504254220,04:30:54.220,ANIME/USDT:USDT,0.019458,1176.0,0.019456,1176.0,0.019477,6348.0,0.019482,1196.0
1753504254222,04:30:54.222,ANIME/USDT:USDT,0.019456,1176.0,0.019455,13.0,0.019476,3087.0,0.019481,19071.0
1753504254227,04:30:54.227,ANIME/USDT:USDT,0.019456,1176.0,0.019455,2414.0,0.019475,1183.0,0.019476,1183.0
1753504254228,04:30:54.228,ANIME/USDT:USDT,0.019456,1176.0,0.019455,2414.0,0.019475,1183.0,0.01948,5455.0
1753504254231,04:30:54.231,ANIME/USDT:USDT,0.019456,1176.0,0.019455,2414.0,0.019475,1183.0,0.019479,1738.0
1753504254233,04:30:54.233,ANIME/USDT:USDT,0.019456,1176.0,0.019455,2414.0,0.019475,1183.0,0.019479,1738.0
1753504254235,04:30:54.235,ANIME/USDT:USDT,0.019456,1176.0,0.019455,2414.0,0.019475,1183.0,0.019479,1738.0
1753504254247,04:30:54.247,ANIME/USDT:USDT,0.019456,1176.0,0.019455,2414.0,0.019475,1183.0,0.019479,1738.0
1753504254250,04:30:54.250,ANIME/USDT:USDT,0.019456,1176.0,0.019455,2414.0,0.019475,1183.0,0.019479,1738.0
1753504254252,04:30:54.252,ANIME/USDT:USDT,0.019456,1176.0,0.019455,2414.0,0.019475,1183.0,0.019479,2625.0
1753504254256,04:30:54.256,ANIME/USDT:USDT,0.019456,1176.0,0.019455,2414.0,0.019475,1183.0,0.019479,2625.0
1753504254263,04:30:54.263,ANIME/USDT:USDT,0.019456,1176.0,0.019455,2414.0,0.019475,1183.0,0.019479,2625.0
1753504254263,04:30:54.263,ANIME/USDT:USDT,0.019456,1176.0,0.019455,2414.0,0.019475,1183.0,0.019479,2625.0
1753504254266,04:30:54.266,ANIME/USDT:USDT,0.019456,1176.0,0.019455,2414.0,0.019475,1183.0,0.019479,2625.0
1753504254270,04:30:54.270,ANIME/USDT:USDT,0.019456,1176.0,0.019455,2414.0,0.019475,1183.0,0.019479,2625.0
1753504254274,04:30:54.274,ANIME/USDT:USDT,0.019456,1176.0,0.019455,2414.0,0.019475,1183.0,0.019479,5051.0
1753504254277,04:30:54.277,ANIME/USDT:USDT,0.019456,1176.0,0.019455,2414.0,0.019475,1183.0,0.019479,5051.0
1753504254282,04:30:54.282,ANIME/USDT:USDT,0.019456,1176.0,0.019455,2414.0,0.019475,1183.0,0.019479,5051.0
1753504254286,04:30:54.286,ANIME/USDT:USDT,0.019456,1176.0,0.019455,2414.0,0.019475,1183.0,0.019479,5051.0
1753504254287,04:30:54.287,ANIME/USDT:USDT,0.019456,1176.0,0.019455,2414.0,0.019475,1183.0,0.019479,5051.0
1753504254289,04:30:54.289,ANIME/USDT:USDT,0.019456,1176.0,0.019455,2414.0,0.019475,1183.0,0.019479,5051.0
1753504254291,04:30:54.291,ANIME/USDT:USDT,0.019456,1176.0,0.019455,2414.0,0.019475,1183.0,0.019479,5051.0
1753504254292,04:30:54.292,ANIME/USDT:USDT,0.019456,1176.0,0.019455,2414.0,0.019475,1183.0,0.019479,5051.0
1753504254292,04:30:54.292,ANIME/USDT:USDT,0.019456,1176.0,0.019455,2414.0,0.019475,1183.0,0.019479,5051.0
1753504254293,04:30:54.293,ANIME/USDT:USDT,0.019456,1176.0,0.019455,2414.0,0.019475,1183.0,0.019479,5051.0
1753504254296,04:30:54.296,ANIME/USDT:USDT,0.019456,1176.0,0.019455,2414.0,0.019475,1183.0,0.019479,5051.0
1753504254300,04:30:54.300,ANIME/USDT:USDT,0.019456,1176.0,0.019455,2414.0,0.019475,1183.0,0.019479,5051.0
1753504254314,04:30:54.314,ANIME/USDT:USDT,0.019456,1176.0,0.019455,2414.0,0.019475,1183.0,0.019479,5051.0
1753504254314,04:30:54.314,ANIME/USDT:USDT,0.019456,1176.0,0.019455,2414.0,0.019475,1183.0,0.019479,5051.0
1753504254328,04:30:54.328,ANIME/USDT:USDT,0.019456,1176.0,0.019455,2414.0,0.019475,1183.0,0.019479,5051.0
1753504254330,04:30:54.330,ANIME/USDT:USDT,0.019456,1176.0,0.019455,2414.0,0.019475,1183.0,0.019479,5051.0
1753504254331,04:30:54.331,ANIME/USDT:USDT,0.019456,1176.0,0.019455,2414.0,0.019475,1183.0,0.019479,5051.0
1753504254353,04:30:54.353,ANIME/USDT:USDT,0.019456,1176.0,0.019455,2414.0,0.019475,1183.0,0.019479,5051.0
1753504254365,04:30:54.365,ANIME/USDT:USDT,0.019456,1176.0,0.019455,2414.0,0.019475,1183.0,0.019479,5051.0
1753504254366,04:30:54.366,ANIME/USDT:USDT,0.019456,1176.0,0.019455,2414.0,0.019475,1183.0,0.019479,5051.0
1753504254370,04:30:54.370,ANIME/USDT:USDT,0.019456,1176.0,0.019455,2414.0,0.019475,1183.0,0.019479,5051.0
1753504254372,04:30:54.372,ANIME/USDT:USDT,0.019456,1176.0,0.019455,2414.0,0.019475,1183.0,0.019479,5051.0
1753504254384,04:30:54.384,ANIME/USDT:USDT,0.019456,1176.0,0.019455,2414.0,0.019475,1183.0,0.019479,5051.0
1753504254386,04:30:54.386,ANIME/USDT:USDT,0.019456,1176.0,0.019455,2414.0,0.019475,1183.0,0.019479,5051.0
1753504254388,04:30:54.388,ANIME/USDT:USDT,0.019456,1176.0,0.019455,2414.0,0.019475,1183.0,0.019479,5051.0
1753504254390,04:30:54.390,ANIME/USDT:USDT,0.019456,1176.0,0.019455,2414.0,0.019475,1183.0,0.019479,5051.0
1753504254394,04:30:54.394,ANIME/USDT:USDT,0.019456,1176.0,0.019455,2414.0,0.019475,1183.0,0.019479,5051.0
1753504254400,04:30:54.400,ANIME/USDT:USDT,0.019456,1176.0,0.019455,2414.0,0.019475,1183.0,0.019479,5051.0
1753504254401,04:30:54.401,ANIME/USDT:USDT,0.019456,1176.0,0.019455,2414.0,0.019475,1183.0,0.019479,5051.0
1753504254403,04:30:54.403,ANIME/USDT:USDT,0.019456,1176.0,0.019455,2414.0,0.019475,1183.0,0.019479,2625.0
1753504254415,04:30:54.415,ANIME/USDT:USDT,0.019456,1176.0,0.019455,2414.0,0.019475,1183.0,0.019479,2625.0
1753504254445,04:30:54.445,ANIME/USDT:USDT,0.019456,1176.0,0.019455,2414.0,0.019475,1183.0,0.019479,2625.0
1753504254446,04:30:54.446,ANIME/USDT:USDT,0.019456,1176.0,0.019455,2414.0,0.019475,1183.0,0.019479,2625.0
1753504254474,04:30:54.474,ANIME/USDT:USDT,0.019456,1176.0,0.019455,2414.0,0.019475,1183.0,0.019479,2625.0
1753504254504,04:30:54.504,ANIME/USDT:USDT,0.019456,1176.0,0.019455,2414.0,0.019475,1183.0,0.019479,2625.0
1753504254533,04:30:54.533,ANIME/USDT:USDT,0.019456,1176.0,0.019455,2414.0,0.019475,1183.0,0.019479,2625.0
1753504254857,04:30:54.857,ANIME/USDT:USDT,0.019456,1176.0,0.019455,2414.0,0.019475,1183.0,0.019479,2625.0
1753504254859,04:30:54.859,ANIME/USDT:USDT,0.019456,1176.0,0.019455,2414.0,0.019475,1183.0,0.019479,2625.0
1753504255030,04:30:55.030,ANIME/USDT:USDT,0.019456,1176.0,0.019455,2414.0,0.019475,1183.0,0.019479,2625.0
1753504255177,04:30:55.177,ANIME/USDT:USDT,0.019456,2176.0,0.019455,2414.0,0.019475,1183.0,0.019479,2625.0
1753504255181,04:30:55.181,ANIME/USDT:USDT,0.019457,1183.0,0.019456,2176.0,0.019475,1183.0,0.019479,2625.0
1753504255182,04:30:55.182,ANIME/USDT:USDT,0.019457,1183.0,0.019456,1000.0,0.019475,1183.0,0.019479,2625.0
1753504255184,04:30:55.184,ANIME/USDT:USDT,0.019457,2183.0,0.019456,1000.0,0.019475,1183.0,0.019479,2625.0
1753504255187,04:30:55.187,ANIME/USDT:USDT,0.019458,1183.0,0.019457,2183.0,0.019475,1183.0,0.019479,2625.0
1753504255189,04:30:55.189,ANIME/USDT:USDT,0.019458,1183.0,0.019457,1000.0,0.019475,1183.0,0.019479,2625.0
1753504255190,04:30:55.190,ANIME/USDT:USDT,0.019458,2183.0,0.019457,1000.0,0.019475,1183.0,0.019479,2625.0
1753504255194,04:30:55.194,ANIME/USDT:USDT,0.019459,1183.0,0.019458,1000.0,0.019475,1183.0,0.019479,2625.0
1753504255233,04:30:55.233,ANIME/USDT:USDT,0.019459,1183.0,0.019458,1000.0,0.019475,1183.0,0.019479,2625.0
1753504255341,04:30:55.341,ANIME/USDT:USDT,0.019459,1183.0,0.019458,1000.0,0.019479,2625.0,0.01948,7193.0
1753504255342,04:30:55.342,ANIME/USDT:USDT,0.019459,1183.0,0.019458,1000.0,0.019479,2625.0,0.01948,7193.0
1753504255345,04:30:55.345,ANIME/USDT:USDT,0.019459,1183.0,0.019458,1000.0,0.019479,2625.0,0.01948,7193.0
1753504255345,04:30:55.345,ANIME/USDT:USDT,0.019459,1183.0,0.019458,1000.0,0.019478,1183.0,0.019479,887.0
1753504255347,04:30:55.347,ANIME/USDT:USDT,0.019459,1183.0,0.019458,1000.0,0.019478,1183.0,0.01948,5455.0
1753504255347,04:30:55.347,ANIME/USDT:USDT,0.019459,1183.0,0.019458,1000.0,0.019478,1183.0,0.01948,5455.0
1753504255349,04:30:55.349,ANIME/USDT:USDT,0.019459,1183.0,0.019458,1000.0,0.019478,1183.0,0.01948,5455.0
1753504255349,04:30:55.349,ANIME/USDT:USDT,0.019466,6348.0,0.019459,1183.0,0.019478,1183.0,0.01948,5455.0
1753504255349,04:30:55.349,ANIME/USDT:USDT,0.019466,6348.0,0.019459,1183.0,0.019478,1183.0,0.019482,2934.0
1753504255352,04:30:55.352,ANIME/USDT:USDT,0.019466,6348.0,0.019459,1183.0,0.019478,1183.0,0.019482,2934.0
1753504255353,04:30:55.353,ANIME/USDT:USDT,0.019466,6348.0,0.019459,1183.0,0.019478,1183.0,0.019482,2934.0
1753504255353,04:30:55.353,ANIME/USDT:USDT,0.019467,1183.0,0.019466,6348.0,0.019478,1183.0,0.019482,2934.0
1753504255354,04:30:55.354,ANIME/USDT:USDT,0.019467,1183.0,0.019466,6348.0,0.019482,2934.0,0.019483,2626.0
1753504255356,04:30:55.356,ANIME/USDT:USDT,0.019467,1183.0,0.019466,6348.0,0.019482,2934.0,0.019483,2626.0
1753504255361,04:30:55.361,ANIME/USDT:USDT,0.019468,1183.0,0.019467,4087.0,0.019481,1183.0,0.019485,2920.0
1753504255363,04:30:55.363,ANIME/USDT:USDT,0.019468,2183.0,0.019467,2904.0,0.019481,1183.0,0.019485,2920.0
1753504255366,04:30:55.366,ANIME/USDT:USDT,0.019469,1183.0,0.019468,2183.0,0.019481,1183.0,0.019485,3808.0
1753504255369,04:30:55.369,ANIME/USDT:USDT,0.019469,1183.0,0.019468,1000.0,0.019481,1183.0,0.019485,3808.0
1753504255369,04:30:55.369,ANIME/USDT:USDT,0.019469,1183.0,0.019468,1000.0,0.019481,1183.0,0.019484,1142.0
1753504255372,04:30:55.372,ANIME/USDT:USDT,0.019469,1183.0,0.019468,1000.0,0.019481,1183.0,0.019484,1142.0
1753504255375,04:30:55.375,ANIME/USDT:USDT,0.019469,1183.0,0.019468,1000.0,0.019481,1183.0,0.019484,1142.0
1753504255376,04:30:55.376,ANIME/USDT:USDT,0.019469,1183.0,0.019468,1000.0,0.019481,1183.0,0.019484,1142.0
1753504255378,04:30:55.378,ANIME/USDT:USDT,0.019469,1183.0,0.019468,1000.0,0.019481,1183.0,0.019484,1142.0
1753504255392,04:30:55.392,ANIME/USDT:USDT,0.019469,1183.0,0.019468,1000.0,0.019481,1183.0,0.019484,1142.0
1753504255413,04:30:55.413,ANIME/USDT:USDT,0.019469,1183.0,0.019468,1000.0,0.019481,1183.0,0.019484,1142.0
1753504255429,04:30:55.429,ANIME/USDT:USDT,0.019469,1183.0,0.019468,1000.0,0.019481,1183.0,0.019484,1142.0
1753504255438,04:30:55.438,ANIME/USDT:USDT,0.019469,1183.0,0.019468,1000.0,0.019481,1183.0,0.019484,1142.0
1753504255440,04:30:55.440,ANIME/USDT:USDT,0.019469,1183.0,0.019468,1000.0,0.019481,1183.0,0.019484,1142.0
1753504255472,04:30:55.472,ANIME/USDT:USDT,0.019469,1183.0,0.019468,1000.0,0.019481,1183.0,0.019482,18253.0
1753504255475,04:30:55.475,ANIME/USDT:USDT,0.019469,1183.0,0.019468,1000.0,0.019481,6659.0,0.019482,18253.0
1753504255479,04:30:55.479,ANIME/USDT:USDT,0.019469,1183.0,0.019468,1000.0,0.01948,1188.0,0.019481,6659.0
1753504255480,04:30:55.480,ANIME/USDT:USDT,0.019469,1183.0,0.019468,1000.0,0.01948,1188.0,0.019481,5476.0
1753504255490,04:30:55.490,ANIME/USDT:USDT,0.019469,1183.0,0.019468,1000.0,0.01948,1188.0,0.019481,5476.0
1753504255506,04:30:55.506,ANIME/USDT:USDT,0.019469,1183.0,0.019468,1000.0,0.01948,1188.0,0.019481,5476.0
1753504255534,04:30:55.534,ANIME/USDT:USDT,0.019469,1183.0,0.019468,1000.0,0.01948,1188.0,0.019481,5476.0
1753504255541,04:30:55.541,ANIME/USDT:USDT,0.019469,1183.0,0.019468,1000.0,0.01948,1188.0,0.019481,5476.0
1753504255593,04:30:55.593,ANIME/USDT:USDT,0.019469,1183.0,0.019468,1000.0,0.01948,1188.0,0.019481,5476.0
1753504255612,04:30:55.612,ANIME/USDT:USDT,0.019469,1183.0,0.019468,1000.0,0.01948,1188.0,0.019481,5476.0
1753504255619,04:30:55.619,ANIME/USDT:USDT,0.019469,1183.0,0.019468,1000.0,0.01948,1188.0,0.019482,18253.0
1753504255775,04:30:55.775,ANIME/USDT:USDT,0.019469,1183.0,0.019468,1000.0,0.01948,1188.0,0.019482,18253.0
1753504256051,04:30:56.051,ANIME/USDT:USDT,0.019469,1183.0,0.019468,1000.0,0.01948,1188.0,0.019482,18253.0
1753504256053,04:30:56.053,ANIME/USDT:USDT,0.019469,1183.0,0.019468,1000.0,0.01948,1188.0,0.019482,18253.0
1753504256152,04:30:56.152,ANIME/USDT:USDT,0.019469,1183.0,0.019468,1000.0,0.01948,1188.0,0.019482,18253.0
1753504256533,04:30:56.533,ANIME/USDT:USDT,0.019469,1183.0,0.019468,1000.0,0.01948,1188.0,0.019482,18253.0
1753504256537,04:30:56.537,ANIME/USDT:USDT,0.019469,1183.0,0.019468,1000.0,0.01948,1188.0,0.019482,18253.0
1753504257007,04:30:57.007,ANIME/USDT:USDT,0.019469,1183.0,0.019468,1000.0,0.01948,1188.0,0.019482,18253.0
1753504257047,04:30:57.047,ANIME/USDT:USDT,0.019469,1183.0,0.019468,1000.0,0.01948,1188.0,0.019482,18253.0
1753504257074,04:30:57.074,ANIME/USDT:USDT,0.019469,1183.0,0.019468,1000.0,0.01948,1188.0,0.019482,18253.0
1753504257076,04:30:57.076,ANIME/USDT:USDT,0.019469,1183.0,0.019468,1000.0,0.01948,1188.0,0.019482,18253.0
1753504257126,04:30:57.126,ANIME/USDT:USDT,0.019469,1183.0,0.019468,1000.0,0.01948,1188.0,0.019482,18253.0
1753504257165,04:30:57.165,ANIME/USDT:USDT,0.019469,1168.0,0.019468,1000.0,0.01948,1188.0,0.019482,18253.0
1753504257429,04:30:57.429,ANIME/USDT:USDT,0.019469,1168.0,0.019468,1000.0,0.01948,1188.0,0.019482,18253.0
1753504257433,04:30:57.433,ANIME/USDT:USDT,0.019469,1168.0,0.019468,1000.0,0.01948,1188.0,0.019482,18253.0
1753504257639,04:30:57.639,ANIME/USDT:USDT,0.019469,1168.0,0.019468,1000.0,0.01948,1188.0,0.019482,18253.0
1753504257644,04:30:57.644,ANIME/USDT:USDT,0.019469,1168.0,0.019468,1000.0,0.01948,1188.0,0.019482,18253.0
1753504258096,04:30:58.096,ANIME/USDT:USDT,0.019469,1168.0,0.019468,1000.0,0.01948,1188.0,0.019482,18253.0
1753504258096,04:30:58.096,ANIME/USDT:USDT,0.019469,1168.0,0.019468,1000.0,0.01948,1188.0,0.019482,18253.0
1753504259119,04:30:59.119,ANIME/USDT:USDT,0.019469,1168.0,0.019468,1000.0,0.01948,1188.0,0.019482,18253.0
1753504260009,04:31:00.009,ANIME/USDT:USDT,0.019469,1168.0,0.019468,1000.0,0.01948,1188.0,0.019482,18253.0
1753504260141,04:31:00.141,ANIME/USDT:USDT,0.019469,1168.0,0.019468,1000.0,0.01948,1188.0,0.019482,18253.0
1753504260205,04:31:00.205,ANIME/USDT:USDT,0.019469,1168.0,0.019468,1000.0,0.01948,1188.0,0.019482,18253.0
1753504260207,04:31:00.207,ANIME/USDT:USDT,0.019469,1168.0,0.019468,1000.0,0.01948,1188.0,0.019482,18253.0
1753504260210,04:31:00.210,ANIME/USDT:USDT,0.019469,1168.0,0.019468,1000.0,0.01948,1188.0,0.019482,18253.0
1753504261162,04:31:01.162,ANIME/USDT:USDT,0.019469,1168.0,0.019468,1000.0,0.01948,1188.0,0.019482,18253.0
1753504261163,04:31:01.163,ANIME/USDT:USDT,0.019469,1168.0,0.019468,1000.0,0.01948,1188.0,0.019482,18253.0
1753504261334,04:31:01.334,ANIME/USDT:USDT,0.019469,1168.0,0.019468,1000.0,0.01948,1188.0,0.019482,18253.0
1753504261340,04:31:01.340,ANIME/USDT:USDT,0.019469,1168.0,0.019468,1000.0,0.01948,1188.0,0.019482,18253.0
1753504261344,04:31:01.344,ANIME/USDT:USDT,0.019469,1168.0,0.019468,1000.0,0.01948,1188.0,0.019482,18253.0
1753504261350,04:31:01.350,ANIME/USDT:USDT,0.019469,1168.0,0.019468,1000.0,0.01948,1188.0,0.019482,18253.0
1753504261356,04:31:01.356,ANIME/USDT:USDT,0.019469,1168.0,0.019468,1000.0,0.01948,1188.0,0.019482,18253.0
1753504261518,04:31:01.518,ANIME/USDT:USDT,0.01947,965.0,0.019469,1168.0,0.01948,1188.0,0.019482,18253.0
1753504261521,04:31:01.521,ANIME/USDT:USDT,0.01947,2153.0,0.019469,1168.0,0.01948,1188.0,0.019482,18253.0
1753504261523,04:31:01.523,ANIME/USDT:USDT,0.01947,2153.0,0.019469,1168.0,0.01948,1188.0,0.019482,18253.0
1753504261523,04:31:01.523,ANIME/USDT:USDT,0.01947,1188.0,0.019469,1168.0,0.01948,1188.0,0.019482,18253.0
1753504261575,04:31:01.575,ANIME/USDT:USDT,0.01947,1188.0,0.019469,1168.0,0.01948,1188.0,0.019482,18253.0
1753504261675,04:31:01.675,ANIME/USDT:USDT,0.01947,1188.0,0.019468,1000.0,0.01948,1188.0,0.019482,18253.0
1753504261681,04:31:01.681,ANIME/USDT:USDT,0.01947,1188.0,0.019468,2188.0,0.01948,1188.0,0.019482,18253.0
1753504261683,04:31:01.683,ANIME/USDT:USDT,0.019468,2188.0,0.019467,2904.0,0.01948,1188.0,0.019482,18253.0
1753504261687,04:31:01.687,ANIME/USDT:USDT,0.019468,2188.0,0.019467,2904.0,0.01948,1188.0,0.019482,18253.0
1753504261690,04:31:01.690,ANIME/USDT:USDT,0.019468,2188.0,0.019467,2904.0,0.01948,1188.0,0.019482,18253.0
1753504264418,04:31:04.418,ANIME/USDT:USDT,0.019468,2188.0,0.019467,2904.0,0.01948,1188.0,0.019482,18253.0
1753504264423,04:31:04.423,ANIME/USDT:USDT,0.019468,2188.0,0.019467,2904.0,0.01948,1188.0,0.019482,18253.0
1753504264435,04:31:04.435,ANIME/USDT:USDT,0.019468,2188.0,0.019467,2904.0,0.01948,1188.0,0.019482,18253.0
1753504264438,04:31:04.438,ANIME/USDT:USDT,0.019468,2188.0,0.019467,2904.0,0.01948,1188.0,0.019482,18253.0
1753504266133,04:31:06.133,ANIME/USDT:USDT,0.019468,2188.0,0.019467,2904.0,0.01948,1188.0,0.019482,18253.0
1753504266137,04:31:06.137,ANIME/USDT:USDT,0.019468,2188.0,0.019467,2904.0,0.01948,1188.0,0.019482,18253.0
1753504266519,04:31:06.519,ANIME/USDT:USDT,0.019468,2188.0,0.019467,2904.0,0.019479,758.0,0.01948,1188.0
1753504266523,04:31:06.523,ANIME/USDT:USDT,0.019468,2188.0,0.019467,2904.0,0.019478,1178.0,0.019479,758.0
1753504266527,04:31:06.527,ANIME/USDT:USDT,0.019468,2188.0,0.019467,2904.0,0.019478,1178.0,0.019479,758.0
1753504266528,04:31:06.528,ANIME/USDT:USDT,0.019468,2188.0,0.019467,2904.0,0.019478,1178.0,0.019479,758.0
1753504266528,04:31:06.528,ANIME/USDT:USDT,0.019468,2188.0,0.019467,2904.0,0.019478,1178.0,0.019479,758.0
1753504266530,04:31:06.530,ANIME/USDT:USDT,0.019468,2188.0,0.019467,2904.0,0.019478,1178.0,0.019479,758.0
1753504266530,04:31:06.530,ANIME/USDT:USDT,0.019468,2188.0,0.019467,2904.0,0.019478,1178.0,0.019479,758.0
1753504266531,04:31:06.531,ANIME/USDT:USDT,0.019468,2188.0,0.019467,2904.0,0.019478,1178.0,0.01948,1188.0
1753504266534,04:31:06.534,ANIME/USDT:USDT,0.019468,2188.0,0.019467,2904.0,0.019478,1178.0,0.01948,1188.0
1753504266578,04:31:06.578,ANIME/USDT:USDT,0.019468,2188.0,0.019467,2904.0,0.019478,1178.0,0.01948,1188.0
1753504266677,04:31:06.677,ANIME/USDT:USDT,0.019468,2188.0,0.019467,2904.0,0.01948,1188.0,0.019482,20888.0
1753504266681,04:31:06.681,ANIME/USDT:USDT,0.019468,2188.0,0.019467,2904.0,0.01948,1188.0,0.019482,18253.0
1753504266685,04:31:06.685,ANIME/USDT:USDT,0.019468,2188.0,0.019467,2904.0,0.01948,1188.0,0.019482,18253.0
1753504266736,04:31:06.736,ANIME/USDT:USDT,0.019468,2188.0,0.019467,2904.0,0.01948,1188.0,0.019482,18253.0
1753504267062,04:31:07.062,ANIME/USDT:USDT,0.019468,2188.0,0.019467,2904.0,0.01948,1188.0,0.019482,18253.0
1753504267236,04:31:07.236,ANIME/USDT:USDT,0.019468,2188.0,0.019467,2904.0,0.01948,1188.0,0.019482,18253.0
1753504268031,04:31:08.031,ANIME/USDT:USDT,0.019468,2188.0,0.019467,2904.0,0.01948,2188.0,0.019482,18253.0
1753504268036,04:31:08.036,ANIME/USDT:USDT,0.019468,2188.0,0.019467,2904.0,0.019479,1178.0,0.01948,1000.0
1753504268043,04:31:08.043,ANIME/USDT:USDT,0.019468,2188.0,0.019467,2904.0,0.019479,1178.0,0.01948,1000.0
1753504268145,04:31:08.145,ANIME/USDT:USDT,0.019468,2188.0,0.019467,2904.0,0.019479,1178.0,0.01948,1000.0
1753504268328,04:31:08.328,ANIME/USDT:USDT,0.019468,2188.0,0.019467,2904.0,0.019479,1178.0,0.01948,1000.0
1753504269005,04:31:09.005,ANIME/USDT:USDT,0.019468,2188.0,0.019467,2904.0,0.019479,1178.0,0.019482,18253.0
1753504269021,04:31:09.021,ANIME/USDT:USDT,0.019468,2188.0,0.019467,2904.0,0.019479,2178.0,0.019482,18253.0
1753504269023,04:31:09.023,ANIME/USDT:USDT,0.019468,2188.0,0.019467,2904.0,0.019478,1178.0,0.019479,2178.0
1753504269031,04:31:09.031,ANIME/USDT:USDT,0.019468,2188.0,0.019467,2904.0,0.019478,1178.0,0.019479,2178.0
1753504269041,04:31:09.041,ANIME/USDT:USDT,0.019468,2188.0,0.019467,2904.0,0.019478,1178.0,0.019479,2178.0
1753504269084,04:31:09.084,ANIME/USDT:USDT,0.019468,2188.0,0.019467,2904.0,0.019478,1178.0,0.019479,2178.0
1753504269178,04:31:09.178,ANIME/USDT:USDT,0.019468,2188.0,0.019467,2904.0,0.019478,1178.0,0.019479,1000.0
1753504269351,04:31:09.351,ANIME/USDT:USDT,0.019468,2188.0,0.019467,2904.0,0.019478,1178.0,0.019479,1000.0
1753504269994,04:31:09.994,ANIME/USDT:USDT,0.019468,2188.0,0.019467,2904.0,0.019478,1178.0,0.019482,20889.0
1753504270010,04:31:10.010,ANIME/USDT:USDT,0.019468,2188.0,0.019467,2904.0,0.019478,2178.0,0.019482,20889.0
1753504270013,04:31:10.013,ANIME/USDT:USDT,0.019468,2188.0,0.019467,2904.0,0.019477,1178.0,0.019478,1000.0
1753504270024,04:31:10.024,ANIME/USDT:USDT,0.019468,2188.0,0.019467,2904.0,0.019477,1178.0,0.019478,1000.0
1753504270067,04:31:10.067,ANIME/USDT:USDT,0.019468,2188.0,0.019467,2904.0,0.019477,1178.0,0.019478,1000.0
1753504270128,04:31:10.128,ANIME/USDT:USDT,0.019468,2188.0,0.019467,2904.0,0.019477,1178.0,0.019478,1000.0
1753504270374,04:31:10.374,ANIME/USDT:USDT,0.019468,2188.0,0.019467,2904.0,0.019477,1178.0,0.019478,1000.0
1753504270886,04:31:10.886,ANIME/USDT:USDT,0.019468,2188.0,0.019467,2904.0,0.019477,1178.0,0.019478,1000.0
1753504270894,04:31:10.894,ANIME/USDT:USDT,0.019468,2188.0,0.019467,2904.0,0.019477,1178.0,0.019478,1000.0
1753504270935,04:31:10.935,ANIME/USDT:USDT,0.019468,2188.0,0.019467,2904.0,0.019477,1178.0,0.019478,1000.0
1753504270939,04:31:10.939,ANIME/USDT:USDT,0.019468,2188.0,0.019467,2904.0,0.019477,1178.0,0.019478,1000.0
1753504270984,04:31:10.984,ANIME/USDT:USDT,0.019468,2188.0,0.019467,2904.0,0.019477,1178.0,0.019481,2636.0
1753504271002,04:31:11.002,ANIME/USDT:USDT,0.019468,2188.0,0.019467,2904.0,0.019477,2178.0,0.019481,2636.0
1753504271005,04:31:11.005,ANIME/USDT:USDT,0.019468,2188.0,0.019467,2904.0,0.019476,1178.0,0.019477,2178.0
1753504271006,04:31:11.006,ANIME/USDT:USDT,0.019468,2188.0,0.019467,2904.0,0.019476,1178.0,0.019477,1000.0
1753504271015,04:31:11.015,ANIME/USDT:USDT,0.019468,2188.0,0.019467,2904.0,0.019476,1178.0,0.019477,1000.0
1753504271038,04:31:11.038,ANIME/USDT:USDT,0.019468,2188.0,0.019467,2904.0,0.019476,1178.0,0.019477,1000.0
1753504271068,04:31:11.068,ANIME/USDT:USDT,0.019468,2188.0,0.019467,2904.0,0.019476,1178.0,0.019477,1000.0
1753504271396,04:31:11.396,ANIME/USDT:USDT,0.019468,2188.0,0.019467,2904.0,0.019476,1178.0,0.019477,1000.0
1753504271405,04:31:11.405,ANIME/USDT:USDT,0.019468,2188.0,0.019467,2904.0,0.019476,1178.0,0.019477,1000.0
1753504271408,04:31:11.408,ANIME/USDT:USDT,0.019468,2188.0,0.019467,2904.0,0.019476,1178.0,0.019477,1000.0
1753504271409,04:31:11.409,ANIME/USDT:USDT,0.019468,2188.0,0.019467,2904.0,0.019476,1178.0,0.019477,1000.0
1753504271412,04:31:11.412,ANIME/USDT:USDT,0.019468,2188.0,0.019467,2904.0,0.019476,1178.0,0.019477,1000.0
1753504271521,04:31:11.521,ANIME/USDT:USDT,0.019468,2188.0,0.019467,2904.0,0.019475,745.0,0.019476,1178.0
1753504271524,04:31:11.524,ANIME/USDT:USDT,0.019468,2188.0,0.019467,2904.0,0.019475,1178.0,0.019477,1000.0
1753504271527,04:31:11.527,ANIME/USDT:USDT,0.019468,2188.0,0.019467,2904.0,0.019474,1178.0,0.019475,1178.0
1753504271529,04:31:11.529,ANIME/USDT:USDT,0.019468,2188.0,0.019467,2904.0,0.019474,1178.0,0.019477,1000.0
1753504271530,04:31:11.530,ANIME/USDT:USDT,0.019468,2188.0,0.019467,2904.0,0.019474,1178.0,0.019477,1000.0
1753504271532,04:31:11.532,ANIME/USDT:USDT,0.019468,2188.0,0.019467,2904.0,0.019474,1178.0,0.019477,1000.0
1753504271589,04:31:11.589,ANIME/USDT:USDT,0.019468,2188.0,0.019467,2904.0,0.019474,1178.0,0.019477,1000.0
1753504271710,04:31:11.710,ANIME/USDT:USDT,0.019468,2188.0,0.019467,2904.0,0.019474,1178.0,0.019477,1000.0
1753504271938,04:31:11.938,ANIME/USDT:USDT,0.019468,2188.0,0.019467,2904.0,0.019474,1178.0,0.019477,1000.0
1753504272419,04:31:12.419,ANIME/USDT:USDT,0.019468,2188.0,0.019467,2904.0,0.019474,1178.0,0.019477,1000.0
1753504274434,04:31:14.434,ANIME/USDT:USDT,0.019468,2188.0,0.019467,2904.0,0.019477,1000.0,0.019478,2638.0
1753504274438,04:31:14.438,ANIME/USDT:USDT,0.019468,2188.0,0.019467,2904.0,0.019477,1000.0,0.019478,2638.0
1753504274438,04:31:14.438,ANIME/USDT:USDT,0.019468,2188.0,0.019467,2904.0,0.019477,1000.0,0.019478,1746.0
1753504274439,04:31:14.439,ANIME/USDT:USDT,0.019468,2188.0,0.019467,2904.0,0.019476,1178.0,0.019477,1000.0
1753504274458,04:31:14.458,ANIME/USDT:USDT,0.019468,2188.0,0.019467,2904.0,0.019476,1178.0,0.019477,1000.0
1753504274462,04:31:14.462,ANIME/USDT:USDT,0.019468,2188.0,0.019467,2904.0,0.019476,1178.0,0.019477,1000.0
1753504274479,04:31:14.479,ANIME/USDT:USDT,0.019468,2188.0,0.019467,2904.0,0.019476,1178.0,0.019477,1000.0
1753504274483,04:31:14.483,ANIME/USDT:USDT,0.019468,2188.0,0.019467,2904.0,0.019476,1178.0,0.019477,1000.0
1753504274508,04:31:14.508,ANIME/USDT:USDT,0.019468,2188.0,0.019467,2904.0,0.019476,1178.0,0.019477,1000.0
1753504274938,04:31:14.938,ANIME/USDT:USDT,0.019468,2188.0,0.019467,2904.0,0.019476,1178.0,0.01948,2639.0
1753504275733,04:31:15.733,ANIME/USDT:USDT,0.019468,2188.0,0.019467,2904.0,0.019476,1178.0,0.01948,2639.0
1753504275738,04:31:15.738,ANIME/USDT:USDT,0.019468,2188.0,0.019467,2904.0,0.019476,1178.0,0.01948,2639.0
1753504277619,04:31:17.619,ANIME/USDT:USDT,0.019468,2188.0,0.019467,2904.0,0.019476,1178.0,0.01948,2639.0
1753504277622,04:31:17.622,ANIME/USDT:USDT,0.019468,2188.0,0.019467,2904.0,0.01948,2639.0,0.019481,1745.0
1753504277628,04:31:17.628,ANIME/USDT:USDT,0.019468,2188.0,0.019467,2904.0,0.019482,18253.0,0.019483,1744.0
1753504277636,04:31:17.636,ANIME/USDT:USDT,0.019468,2188.0,0.019467,2904.0,0.019479,1164.0,0.019482,18253.0
1753504277647,04:31:17.647,ANIME/USDT:USDT,0.019468,2188.0,0.019467,2904.0,0.019479,1164.0,0.019482,18253.0
1753504277680,04:31:17.680,ANIME/USDT:USDT,0.019468,2188.0,0.019467,2904.0,0.019479,1164.0,0.019482,18253.0
1753504277685,04:31:17.685,ANIME/USDT:USDT,0.019468,2188.0,0.019467,2904.0,0.019479,1164.0,0.019482,18253.0
1753504277731,04:31:17.731,ANIME/USDT:USDT,0.019468,2188.0,0.019467,2904.0,0.019479,1164.0,0.019482,18253.0
1753504277920,04:31:17.920,ANIME/USDT:USDT,0.019468,2188.0,0.019467,2904.0,0.019479,2164.0,0.019482,18253.0
1753504277923,04:31:17.923,ANIME/USDT:USDT,0.019468,2188.0,0.019467,2904.0,0.019478,1164.0,0.019479,2164.0
1753504277925,04:31:17.925,ANIME/USDT:USDT,0.019468,2188.0,0.019467,2904.0,0.019478,1164.0,0.019479,1000.0
1753504277936,04:31:17.936,ANIME/USDT:USDT,0.019468,2188.0,0.019467,2904.0,0.019478,1164.0,0.019479,1000.0
1753504277950,04:31:17.950,ANIME/USDT:USDT,0.019468,2188.0,0.019467,2904.0,0.019478,1164.0,0.019479,1000.0
1753504278004,04:31:18.004,ANIME/USDT:USDT,0.019468,2188.0,0.019467,2904.0,0.019478,1164.0,0.019479,1000.0
1753504278053,04:31:18.053,ANIME/USDT:USDT,0.019468,2188.0,0.019467,2904.0,0.019478,1164.0,0.019479,1000.0
1753504278552,04:31:18.552,ANIME/USDT:USDT,0.019468,2188.0,0.019467,2904.0,0.019478,1164.0,0.019479,1000.0
1753504278893,04:31:18.893,ANIME/USDT:USDT,0.019468,2188.0,0.019467,2904.0,0.019478,1164.0,0.019482,20897.0
1753504280535,04:31:20.535,ANIME/USDT:USDT,0.019468,2188.0,0.019467,2904.0,0.019478,1164.0,0.019482,20897.0
1753504281207,04:31:21.207,ANIME/USDT:USDT,0.019469,888.0,0.019468,2188.0,0.019478,1164.0,0.019482,20897.0
1753504281211,04:31:21.211,ANIME/USDT:USDT,0.019469,2052.0,0.019468,2188.0,0.019478,1164.0,0.019482,20897.0
1753504281213,04:31:21.213,ANIME/USDT:USDT,0.019469,1164.0,0.019468,2188.0,0.019478,1164.0,0.019482,20897.0
1753504281213,04:31:21.213,ANIME/USDT:USDT,0.019469,1164.0,0.019468,2188.0,0.019478,1164.0,0.019482,20897.0
1753504281315,04:31:21.315,ANIME/USDT:USDT,0.019469,1164.0,0.019468,2188.0,0.019478,1164.0,0.019482,20897.0
1753504281365,04:31:21.365,ANIME/USDT:USDT,0.019469,1164.0,0.019468,1000.0,0.019478,1164.0,0.019482,20897.0
1753504281373,04:31:21.373,ANIME/USDT:USDT,0.019469,1164.0,0.019468,1000.0,0.019478,1164.0,0.019482,20897.0
1753504281619,04:31:21.619,ANIME/USDT:USDT,0.019469,1164.0,0.019468,1000.0,0.019478,1164.0,0.019482,20897.0
1753504281922,04:31:21.922,ANIME/USDT:USDT,0.019469,1164.0,0.019468,1000.0,0.019482,20897.0,0.019483,1750.0
1753504281927,04:31:21.927,ANIME/USDT:USDT,0.019469,1164.0,0.019468,1000.0,0.019481,1164.0,0.019482,20897.0
1753504281953,04:31:21.953,ANIME/USDT:USDT,0.019469,1164.0,0.019468,1000.0,0.019481,1164.0,0.019482,20003.0
1753504281953,04:31:21.953,ANIME/USDT:USDT,0.019469,1164.0,0.019468,1000.0,0.019481,1164.0,0.019482,20003.0
1753504281953,04:31:21.953,ANIME/USDT:USDT,0.019469,1164.0,0.019468,1000.0,0.019481,1164.0,0.019482,18253.0
1753504281979,04:31:21.979,ANIME/USDT:USDT,0.019469,1164.0,0.019468,1000.0,0.019481,1164.0,0.019482,18253.0
1753504282132,04:31:22.132,ANIME/USDT:USDT,0.019469,1164.0,0.019468,1000.0,0.019481,1164.0,0.019482,18253.0
1753504283022,04:31:23.022,ANIME/USDT:USDT,0.019469,1164.0,0.019468,1000.0,0.019481,1164.0,0.019482,18253.0
1753504283856,04:31:23.856,ANIME/USDT:USDT,0.019469,1164.0,0.019468,1000.0,0.019481,2164.0,0.019482,18253.0
1753504283859,04:31:23.859,ANIME/USDT:USDT,0.019469,1164.0,0.019468,1000.0,0.019481,1000.0,0.019482,18253.0
1753504283860,04:31:23.860,ANIME/USDT:USDT,0.019469,1164.0,0.019468,1000.0,0.01948,1164.0,0.019481,1000.0
1753504283864,04:31:23.864,ANIME/USDT:USDT,0.019469,1164.0,0.019468,1000.0,0.01948,2164.0,0.019481,1000.0
1753504283868,04:31:23.868,ANIME/USDT:USDT,0.019469,1164.0,0.019468,1000.0,0.019479,1164.0,0.01948,2164.0
1753504283869,04:31:23.869,ANIME/USDT:USDT,0.019469,1164.0,0.019468,1000.0,0.019479,1164.0,0.01948,1000.0
1753504283872,04:31:23.872,ANIME/USDT:USDT,0.019469,1164.0,0.019468,1000.0,0.019479,2164.0,0.01948,1000.0
1753504283875,04:31:23.875,ANIME/USDT:USDT,0.019469,1164.0,0.019468,1000.0,0.019478,1164.0,0.019479,2164.0
1753504283876,04:31:23.876,ANIME/USDT:USDT,0.019469,1164.0,0.019468,1000.0,0.019478,1164.0,0.019479,2164.0
1753504283879,04:31:23.879,ANIME/USDT:USDT,0.019469,1164.0,0.019468,1000.0,0.019478,1164.0,0.019479,2164.0
1753504283909,04:31:23.909,ANIME/USDT:USDT,0.019469,1164.0,0.019468,1000.0,0.019478,1164.0,0.019479,2164.0
1753504283928,04:31:23.928,ANIME/USDT:USDT,0.019469,1164.0,0.019468,1000.0,0.019478,1164.0,0.019479,2164.0
1753504284031,04:31:24.031,ANIME/USDT:USDT,0.019469,1164.0,0.019468,1000.0,0.019478,1164.0,0.019479,1000.0
1753504284494,04:31:24.494,ANIME/USDT:USDT,0.019469,1164.0,0.019468,1000.0,0.019478,1164.0,0.019479,1000.0
1753504284498,04:31:24.498,ANIME/USDT:USDT,0.019469,1164.0,0.019468,1000.0,0.019478,1164.0,0.019479,1000.0
1753504284693,04:31:24.693,ANIME/USDT:USDT,0.019469,1164.0,0.019468,1000.0,0.019478,1164.0,0.019479,1000.0
1753504284695,04:31:24.695,ANIME/USDT:USDT,0.019469,1164.0,0.019468,1000.0,0.019478,1164.0,0.019479,1000.0
1753504285333,04:31:25.333,ANIME/USDT:USDT,0.019469,1164.0,0.019468,1000.0,0.019478,1164.0,0.019479,1000.0
1753504285338,04:31:25.338,ANIME/USDT:USDT,0.019469,1164.0,0.019468,1000.0,0.019478,1164.0,0.019479,1000.0
1753504285343,04:31:25.343,ANIME/USDT:USDT,0.019469,1164.0,0.019468,1000.0,0.019478,1164.0,0.019479,1000.0
1753504285717,04:31:25.717,ANIME/USDT:USDT,0.019469,1164.0,0.019468,1000.0,0.019478,1164.0,0.019479,1000.0
1753504285816,04:31:25.816,ANIME/USDT:USDT,0.019469,1164.0,0.019468,1000.0,0.019478,1164.0,0.019481,1000.0
1753504286207,04:31:26.207,ANIME/USDT:USDT,0.019469,1164.0,0.019468,1000.0,0.019477,831.0,0.019478,1164.0
1753504286210,04:31:26.210,ANIME/USDT:USDT,0.019469,1164.0,0.019468,1000.0,0.019476,1165.0,0.019477,831.0
1753504286214,04:31:26.214,ANIME/USDT:USDT,0.019469,1164.0,0.019468,1000.0,0.019476,1165.0,0.019477,831.0
1753504286220,04:31:26.220,ANIME/USDT:USDT,0.019469,1164.0,0.019468,1000.0,0.019476,1165.0,0.019478,1164.0
1753504286260,04:31:26.260,ANIME/USDT:USDT,0.019469,1164.0,0.019468,1000.0,0.019476,1165.0,0.019478,1164.0
1753504286312,04:31:26.312,ANIME/USDT:USDT,0.019469,1164.0,0.019468,1000.0,0.019476,1165.0,0.019478,1164.0
1753504286363,04:31:26.363,ANIME/USDT:USDT,0.019469,1164.0,0.019468,1000.0,0.019478,1164.0,0.01948,2650.0
1753504286366,04:31:26.366,ANIME/USDT:USDT,0.019469,1164.0,0.019468,1000.0,0.019478,1164.0,0.01948,896.0
1753504286368,04:31:26.368,ANIME/USDT:USDT,0.019469,1164.0,0.019468,1000.0,0.019478,1164.0,0.019481,2754.0
1753504286416,04:31:26.416,ANIME/USDT:USDT,0.019469,1164.0,0.019468,1000.0,0.019478,1164.0,0.019481,2754.0
1753504290133,04:31:30.133,ANIME/USDT:USDT,0.019469,1164.0,0.019468,1000.0,0.019478,1164.0,0.019481,2754.0
1753504290137,04:31:30.137,ANIME/USDT:USDT,0.019469,1164.0,0.019468,1000.0,0.019478,1164.0,0.019481,2754.0
1753504291207,04:31:31.207,ANIME/USDT:USDT,0.01947,908.0,0.019469,1164.0,0.019478,1164.0,0.019481,2754.0
1753504291211,04:31:31.211,ANIME/USDT:USDT,0.01947,2073.0,0.019468,1000.0,0.019478,1164.0,0.019481,2754.0
1753504291213,04:31:31.213,ANIME/USDT:USDT,0.01947,1165.0,0.019468,1000.0,0.019478,1164.0,0.019481,2754.0
1753504291218,04:31:31.218,ANIME/USDT:USDT,0.01947,1165.0,0.019468,1000.0,0.019478,2164.0,0.019481,2754.0
1753504291222,04:31:31.222,ANIME/USDT:USDT,0.01947,1165.0,0.019468,1000.0,0.019477,1165.0,0.019478,1000.0
1753504291240,04:31:31.240,ANIME/USDT:USDT,0.01947,1165.0,0.019468,1000.0,0.019477,1165.0,0.019478,1000.0
1753504291271,04:31:31.271,ANIME/USDT:USDT,0.01947,1165.0,0.019468,1000.0,0.019477,1165.0,0.019478,1000.0
1753504291324,04:31:31.324,ANIME/USDT:USDT,0.01947,1165.0,0.019468,1000.0,0.019477,1165.0,0.019478,1000.0
1753504291464,04:31:31.464,ANIME/USDT:USDT,0.01947,1165.0,0.019467,2904.0,0.019477,1165.0,0.019478,1000.0
1753504291748,04:31:31.748,ANIME/USDT:USDT,0.01947,1165.0,0.019467,2904.0,0.019477,1165.0,0.019481,3651.0
1753504291763,04:31:31.763,ANIME/USDT:USDT,0.01947,1165.0,0.019467,2904.0,0.019477,2165.0,0.019481,3651.0
1753504291766,04:31:31.766,ANIME/USDT:USDT,0.01947,1165.0,0.019467,2904.0,0.019476,1165.0,0.019477,2165.0
1753504291768,04:31:31.768,ANIME/USDT:USDT,0.01947,1165.0,0.019467,2904.0,0.019476,1165.0,0.019477,1000.0
1753504291796,04:31:31.796,ANIME/USDT:USDT,0.01947,1165.0,0.019467,2904.0,0.019476,1165.0,0.019477,1000.0
1753504291803,04:31:31.803,ANIME/USDT:USDT,0.01947,1165.0,0.019467,2904.0,0.019476,1165.0,0.019477,1000.0
1753504291849,04:31:31.849,ANIME/USDT:USDT,0.01947,1165.0,0.019467,2904.0,0.019476,1165.0,0.019477,1000.0
1753504291855,04:31:31.855,ANIME/USDT:USDT,0.01947,1165.0,0.019467,2904.0,0.019476,1165.0,0.019477,1000.0
1753504292738,04:31:32.738,ANIME/USDT:USDT,0.01947,1165.0,0.019467,2904.0,0.019476,1165.0,0.01948,2654.0
1753504292752,04:31:32.752,ANIME/USDT:USDT,0.01947,1165.0,0.019467,2904.0,0.019476,2165.0,0.01948,2654.0
1753504292756,04:31:32.756,ANIME/USDT:USDT,0.01947,1165.0,0.019467,2904.0,0.019475,1165.0,0.019476,2165.0
1753504292757,04:31:32.757,ANIME/USDT:USDT,0.01947,1165.0,0.019467,2904.0,0.019475,1165.0,0.019476,1000.0
1753504292776,04:31:32.776,ANIME/USDT:USDT,0.01947,1165.0,0.019467,2904.0,0.019475,1165.0,0.019476,1000.0
1753504292790,04:31:32.790,ANIME/USDT:USDT,0.01947,1165.0,0.019467,2904.0,0.019475,1165.0,0.019476,1000.0
1753504292879,04:31:32.879,ANIME/USDT:USDT,0.01947,1165.0,0.019467,2904.0,0.019475,1165.0,0.019476,1000.0
1753504292895,04:31:32.895,ANIME/USDT:USDT,0.01947,1165.0,0.019467,2904.0,0.019475,1165.0,0.019476,1000.0
1753504293533,04:31:33.533,ANIME/USDT:USDT,0.019467,2904.0,0.019466,9293.0,0.019475,1165.0,0.019476,1000.0
1753504293536,04:31:33.536,ANIME/USDT:USDT,0.019467,2904.0,0.019466,7536.0,0.019475,1165.0,0.019476,1000.0
1753504293537,04:31:33.537,ANIME/USDT:USDT,0.019467,2904.0,0.019466,7536.0,0.019475,1165.0,0.019476,1000.0
1753504293539,04:31:33.539,ANIME/USDT:USDT,0.019467,2904.0,0.019466,7536.0,0.019475,1165.0,0.019476,1000.0
1753504293541,04:31:33.541,ANIME/USDT:USDT,0.019467,2904.0,0.019466,7536.0,0.019475,1165.0,0.019476,1000.0
1753504293594,04:31:33.594,ANIME/USDT:USDT,0.019467,2904.0,0.019466,7536.0,0.019475,1165.0,0.019476,1000.0
1753504293727,04:31:33.727,ANIME/USDT:USDT,0.019467,2904.0,0.019466,7536.0,0.019475,1165.0,0.019479,2655.0
1753504293742,04:31:33.742,ANIME/USDT:USDT,0.019467,2904.0,0.019466,7536.0,0.019475,2165.0,0.019479,2655.0
1753504293746,04:31:33.746,ANIME/USDT:USDT,0.019467,2904.0,0.019466,7536.0,0.019474,1165.0,0.019475,1000.0
1753504293782,04:31:33.782,ANIME/USDT:USDT,0.019467,2904.0,0.019466,7536.0,0.019474,1165.0,0.019475,1000.0
1753504293837,04:31:33.837,ANIME/USDT:USDT,0.019467,2904.0,0.019466,7536.0,0.019474,1165.0,0.019475,1000.0
1753504293902,04:31:33.902,ANIME/USDT:USDT,0.019467,2904.0,0.019466,7536.0,0.019474,1165.0,0.019475,1000.0
1753504294715,04:31:34.715,ANIME/USDT:USDT,0.019467,2904.0,0.019466,7536.0,0.019474,1165.0,0.019478,2656.0
1753504294934,04:31:34.934,ANIME/USDT:USDT,0.019467,2904.0,0.019466,7536.0,0.019474,1165.0,0.019478,2656.0
1753504294938,04:31:34.938,ANIME/USDT:USDT,0.019467,2904.0,0.019466,7536.0,0.019474,1165.0,0.019478,2656.0
1753504294938,04:31:34.938,ANIME/USDT:USDT,0.019467,2904.0,0.019466,7536.0,0.019474,1165.0,0.019478,2656.0
1753504294943,04:31:34.943,ANIME/USDT:USDT,0.019467,2904.0,0.019466,7536.0,0.019474,1165.0,0.019478,2656.0
1753504296007,04:31:36.007,ANIME/USDT:USDT,0.019467,2904.0,0.019466,7536.0,0.019474,1165.0,0.019478,2656.0
1753504296208,04:31:36.208,ANIME/USDT:USDT,0.019467,2904.0,0.019466,7536.0,0.019473,757.0,0.019474,1165.0
1753504296212,04:31:36.212,ANIME/USDT:USDT,0.019467,2904.0,0.019466,7536.0,0.019474,1165.0,0.019478,2656.0
1753504296738,04:31:36.738,ANIME/USDT:USDT,0.019467,2904.0,0.019466,7536.0,0.019478,2656.0,0.019479,1757.0
1753504296742,04:31:36.742,ANIME/USDT:USDT,0.019467,2904.0,0.019466,7536.0,0.019477,1182.0,0.019478,898.0
1753504296743,04:31:36.743,ANIME/USDT:USDT,0.019467,2904.0,0.019466,7536.0,0.019477,1182.0,0.019481,8756.0
1753504296743,04:31:36.743,ANIME/USDT:USDT,0.019467,2904.0,0.019466,7536.0,0.019477,1182.0,0.019481,8756.0
1753504296763,04:31:36.763,ANIME/USDT:USDT,0.019467,2904.0,0.019466,7536.0,0.019477,1182.0,0.019481,8756.0
1753504296810,04:31:36.810,ANIME/USDT:USDT,0.019467,2904.0,0.019466,7536.0,0.019477,1182.0,0.019481,9655.0
1753504296862,04:31:36.862,ANIME/USDT:USDT,0.019467,2904.0,0.019466,7536.0,0.019477,1182.0,0.019481,9655.0
1753504299031,04:31:39.031,ANIME/USDT:USDT,0.019467,2904.0,0.019466,1188.0,0.019477,1182.0,0.019481,9655.0
1753504299035,04:31:39.035,ANIME/USDT:USDT,0.019467,1000.0,0.019466,1188.0,0.019477,1182.0,0.019481,9655.0
1753504299037,04:31:39.037,ANIME/USDT:USDT,0.019467,2182.0,0.019466,1188.0,0.019477,1182.0,0.019481,9655.0
1753504299040,04:31:39.040,ANIME/USDT:USDT,0.019467,2182.0,0.019464,2902.0,0.019477,1182.0,0.019481,9655.0
1753504299734,04:31:39.734,ANIME/USDT:USDT,0.019467,2182.0,0.019464,2902.0,0.019477,1182.0,0.019481,9655.0
1753504299738,04:31:39.738,ANIME/USDT:USDT,0.019467,2182.0,0.019464,2902.0,0.019477,1182.0,0.019481,9655.0
1753504301710,04:31:41.710,ANIME/USDT:USDT,0.019467,2182.0,0.019464,2902.0,0.019477,1182.0,0.019481,9655.0
1753504301967,04:31:41.967,ANIME/USDT:USDT,0.019467,2182.0,0.019464,2902.0,0.019477,1182.0,0.019481,9655.0
1753504304535,04:31:44.535,ANIME/USDT:USDT,0.019467,2182.0,0.019464,2902.0,0.019477,1182.0,0.019481,9655.0
1753504304539,04:31:44.539,ANIME/USDT:USDT,0.019467,2182.0,0.019464,2902.0,0.019477,1182.0,0.019481,9655.0
1753504304620,04:31:44.620,ANIME/USDT:USDT,0.019467,2182.0,0.019464,2902.0,0.019477,2182.0,0.019481,9655.0
1753504304623,04:31:44.623,ANIME/USDT:USDT,0.019467,2182.0,0.019464,2902.0,0.019476,1182.0,0.019477,1000.0
1753504304628,04:31:44.628,ANIME/USDT:USDT,0.019467,2182.0,0.019464,2902.0,0.019476,2182.0,0.019477,1000.0
1753504304630,04:31:44.630,ANIME/USDT:USDT,0.019467,2182.0,0.019464,2902.0,0.019476,2182.0,0.019477,1000.0
1753504304631,04:31:44.631,ANIME/USDT:USDT,0.019467,2182.0,0.019464,2902.0,0.019475,1182.0,0.019476,1000.0
1753504304632,04:31:44.632,ANIME/USDT:USDT,0.019467,2182.0,0.019464,2902.0,0.019475,1182.0,0.019476,1000.0
1753504304635,04:31:44.635,ANIME/USDT:USDT,0.019467,2182.0,0.019464,2902.0,0.019475,2182.0,0.019476,1000.0
1753504304639,04:31:44.639,ANIME/USDT:USDT,0.019467,2182.0,0.019464,2902.0,0.019474,1182.0,0.019475,1000.0
1753504304652,04:31:44.652,ANIME/USDT:USDT,0.019467,1182.0,0.019464,2902.0,0.019474,1182.0,0.019475,1000.0
1753504304657,04:31:44.657,ANIME/USDT:USDT,0.019467,1182.0,0.019464,2902.0,0.019474,1182.0,0.019475,1000.0
1753504304658,04:31:44.658,ANIME/USDT:USDT,0.019467,1182.0,0.019464,2902.0,0.019474,1182.0,0.019475,1000.0
1753504304683,04:31:44.683,ANIME/USDT:USDT,0.019467,1182.0,0.019464,2902.0,0.019474,1182.0,0.019475,1000.0
1753504305145,04:31:45.145,ANIME/USDT:USDT,0.019467,1182.0,0.019464,2902.0,0.019474,1182.0,0.019475,1000.0
1753504305147,04:31:45.147,ANIME/USDT:USDT,0.019467,1182.0,0.019464,2902.0,0.019474,1182.0,0.019475,1000.0
1753504306170,04:31:46.170,ANIME/USDT:USDT,0.019467,1182.0,0.019464,2902.0,0.019474,1182.0,0.019475,1000.0
1753504306209,04:31:46.209,ANIME/USDT:USDT,0.019467,1182.0,0.019464,2902.0,0.019473,967.0,0.019474,1182.0
1753504306213,04:31:46.213,ANIME/USDT:USDT,0.019467,1182.0,0.019464,2902.0,0.019472,1159.0,0.019473,967.0
1753504306216,04:31:46.216,ANIME/USDT:USDT,0.019467,1182.0,0.019464,2902.0,0.019472,1159.0,0.019473,967.0
1753504306220,04:31:46.220,ANIME/USDT:USDT,0.019467,1182.0,0.019464,2902.0,0.019472,1159.0,0.019474,1182.0
1753504306223,04:31:46.223,ANIME/USDT:USDT,0.019467,1182.0,0.019464,2902.0,0.019472,1159.0,0.019474,1182.0
1753504306368,04:31:46.368,ANIME/USDT:USDT,0.019467,1182.0,0.019464,2902.0,0.019474,1182.0,0.019475,1000.0
1753504306372,04:31:46.372,ANIME/USDT:USDT,0.019467,1182.0,0.019464,2902.0,0.019474,1182.0,0.019475,1000.0
1753504306410,04:31:46.410,ANIME/USDT:USDT,0.019467,1182.0,0.019464,2902.0,0.019474,1182.0,0.019475,1000.0
1753504306582,04:31:46.582,ANIME/USDT:USDT,0.019467,1182.0,0.019464,2902.0,0.019474,1182.0,0.019476,1000.0
1753504307180,04:31:47.180,ANIME/USDT:USDT,0.019464,2902.0,0.019463,1738.0,0.019474,1182.0,0.019476,1000.0
1753504307184,04:31:47.184,ANIME/USDT:USDT,0.019464,1164.0,0.019462,2903.0,0.019474,1182.0,0.019476,1000.0
1753504307184,04:31:47.184,ANIME/USDT:USDT,0.019464,1164.0,0.019462,1165.0,0.019474,1182.0,0.019476,1000.0
1753504307191,04:31:47.191,ANIME/USDT:USDT,0.019462,1165.0,0.019461,7198.0,0.019474,1182.0,0.019476,1000.0
1753504307195,04:31:47.195,ANIME/USDT:USDT,0.019462,1165.0,0.019461,5460.0,0.019474,1182.0,0.019476,1000.0
1753504307201,04:31:47.201,ANIME/USDT:USDT,0.019462,1165.0,0.019461,5460.0,0.019474,1182.0,0.019476,1000.0
1753504307203,04:31:47.203,ANIME/USDT:USDT,0.019462,1165.0,0.019461,5460.0,0.019474,1182.0,0.019476,1000.0
1753504307206,04:31:47.206,ANIME/USDT:USDT,0.019462,1165.0,0.019461,5460.0,0.019474,1182.0,0.019476,1000.0
1753504307244,04:31:47.244,ANIME/USDT:USDT,0.019462,1165.0,0.019461,5460.0,0.019474,1182.0,0.019476,1000.0
1753504307284,04:31:47.284,ANIME/USDT:USDT,0.019462,1165.0,0.019461,5460.0,0.019474,1182.0,0.019476,1000.0
1753504307284,04:31:47.284,ANIME/USDT:USDT,0.019462,1165.0,0.019461,5460.0,0.019474,1182.0,0.019476,1000.0
1753504307301,04:31:47.301,ANIME/USDT:USDT,0.019462,1165.0,0.019461,5460.0,0.019474,1182.0,0.019476,1000.0
1753504307302,04:31:47.302,ANIME/USDT:USDT,0.019462,1165.0,0.019461,5460.0,0.019474,1182.0,0.019476,1000.0
1753504307337,04:31:47.337,ANIME/USDT:USDT,0.019462,1165.0,0.01946,18199.0,0.019474,1182.0,0.019476,1000.0
1753504307372,04:31:47.372,ANIME/USDT:USDT,0.019462,1165.0,0.01946,18199.0,0.019474,1182.0,0.019476,1000.0
1753504307386,04:31:47.386,ANIME/USDT:USDT,0.019462,1165.0,0.01946,18199.0,0.019474,1182.0,0.019476,1000.0
1753504307424,04:31:47.424,ANIME/USDT:USDT,0.019462,1165.0,0.01946,18199.0,0.019474,1182.0,0.019476,1000.0
1753504307452,04:31:47.452,ANIME/USDT:USDT,0.019462,1165.0,0.01946,18199.0,0.019474,1182.0,0.019476,1000.0
1753504307533,04:31:47.533,ANIME/USDT:USDT,0.019462,1165.0,0.01946,18199.0,0.019474,1182.0,0.019476,1000.0
1753504307586,04:31:47.586,ANIME/USDT:USDT,0.019462,1165.0,0.01946,18199.0,0.019474,2182.0,0.019476,1000.0
1753504307591,04:31:47.591,ANIME/USDT:USDT,0.019462,1165.0,0.01946,18199.0,0.019473,1159.0,0.019474,1000.0
1753504307594,04:31:47.594,ANIME/USDT:USDT,0.019462,1165.0,0.01946,18199.0,0.019473,1159.0,0.019474,1000.0
1753504307595,04:31:47.595,ANIME/USDT:USDT,0.019462,1165.0,0.01946,18199.0,0.019473,2159.0,0.019474,1000.0
1753504307599,04:31:47.599,ANIME/USDT:USDT,0.019462,1165.0,0.01946,18199.0,0.019472,1159.0,0.019473,2159.0
1753504307600,04:31:47.600,ANIME/USDT:USDT,0.019462,1165.0,0.01946,18199.0,0.019472,1159.0,0.019473,1000.0
1753504307603,04:31:47.603,ANIME/USDT:USDT,0.019462,1165.0,0.01946,18199.0,0.019472,2159.0,0.019473,1000.0
1753504307606,04:31:47.606,ANIME/USDT:USDT,0.019462,1165.0,0.01946,18199.0,0.019471,1159.0,0.019472,2159.0
1753504307612,04:31:47.612,ANIME/USDT:USDT,0.019462,1165.0,0.01946,18199.0,0.019471,1159.0,0.019472,2159.0
1753504307651,04:31:47.651,ANIME/USDT:USDT,0.019462,1165.0,0.01946,18199.0,0.019471,1159.0,0.019472,2159.0
1753504307655,04:31:47.655,ANIME/USDT:USDT,0.019462,1165.0,0.01946,18199.0,0.019471,1159.0,0.019472,2159.0
1753504307663,04:31:47.663,ANIME/USDT:USDT,0.019462,1165.0,0.01946,18199.0,0.019471,1159.0,0.019472,2159.0
1753504307716,04:31:47.716,ANIME/USDT:USDT,0.019462,1165.0,0.01946,18199.0,0.019471,1159.0,0.019472,2159.0
1753504307760,04:31:47.760,ANIME/USDT:USDT,0.019462,1165.0,0.01946,18199.0,0.019471,1159.0,0.019472,1000.0
1753504308214,04:31:48.214,ANIME/USDT:USDT,0.019462,1165.0,0.01946,18199.0,0.019471,1159.0,0.019472,1000.0
1753504308215,04:31:48.215,ANIME/USDT:USDT,0.019462,1165.0,0.01946,18199.0,0.019471,1159.0,0.019472,1000.0
1753504308560,04:31:48.560,ANIME/USDT:USDT,0.019462,1165.0,0.01946,18199.0,0.019471,1159.0,0.019472,1000.0
1753504308563,04:31:48.563,ANIME/USDT:USDT,0.019462,1165.0,0.019461,5460.0,0.019471,1159.0,0.019472,1000.0
1753504308621,04:31:48.621,ANIME/USDT:USDT,0.019462,1165.0,0.019461,5460.0,0.019471,1159.0,0.019472,1000.0
1753504308623,04:31:48.623,ANIME/USDT:USDT,0.019462,1165.0,0.019461,5460.0,0.019471,1159.0,0.019472,1000.0
1753504308772,04:31:48.772,ANIME/USDT:USDT,0.019462,1165.0,0.019461,5460.0,0.019471,1159.0,0.019472,1000.0
1753504308993,04:31:48.993,ANIME/USDT:USDT,0.019462,1165.0,0.019461,5460.0,0.019471,1159.0,0.019472,1000.0
1753504309093,04:31:49.093,ANIME/USDT:USDT,0.019462,1165.0,0.019461,5460.0,0.019471,1159.0,0.019472,1000.0
1753504309238,04:31:49.238,ANIME/USDT:USDT,0.019462,1165.0,0.019461,5460.0,0.019471,1159.0,0.019472,1000.0
1753504309334,04:31:49.334,ANIME/USDT:USDT,0.019462,1165.0,0.019461,5460.0,0.019471,1159.0,0.019472,1000.0
1753504309338,04:31:49.338,ANIME/USDT:USDT,0.019462,1165.0,0.019461,5460.0,0.019471,1159.0,0.019472,1000.0
1753504309547,04:31:49.547,ANIME/USDT:USDT,0.019462,1165.0,0.019461,5460.0,0.019471,1159.0,0.019474,1000.0
1753504309792,04:31:49.792,ANIME/USDT:USDT,0.019462,1165.0,0.019461,5460.0,0.019471,1159.0,0.019474,1000.0
1753504309793,04:31:49.793,ANIME/USDT:USDT,0.019462,1165.0,0.019461,5460.0,0.019471,1159.0,0.019474,1000.0
1753504309914,04:31:49.914,ANIME/USDT:USDT,0.019462,1165.0,0.019461,5460.0,0.019471,1159.0,0.019474,1000.0
1753504309916,04:31:49.916,ANIME/USDT:USDT,0.019462,1165.0,0.019461,5460.0,0.019471,1159.0,0.019474,1000.0
1753504310232,04:31:50.232,ANIME/USDT:USDT,0.019462,1165.0,0.019461,5460.0,0.019471,1159.0,0.019474,1000.0
1753504311209,04:31:51.209,ANIME/USDT:USDT,0.019463,940.0,0.019462,1165.0,0.019471,1159.0,0.019474,1000.0
1753504311212,04:31:51.212,ANIME/USDT:USDT,0.019463,2099.0,0.019462,1165.0,0.019471,1159.0,0.019474,1000.0
1753504311214,04:31:51.214,ANIME/USDT:USDT,0.019463,1159.0,0.019461,5460.0,0.019471,1159.0,0.019474,1000.0
1753504311218,04:31:51.218,ANIME/USDT:USDT,0.019463,1159.0,0.019461,6619.0,0.019471,1159.0,0.019474,1000.0
1753504311283,04:31:51.283,ANIME/USDT:USDT,0.019463,1159.0,0.019461,6619.0,0.019471,1159.0,0.019474,1000.0
1753504311615,04:31:51.615,ANIME/USDT:USDT,0.019463,1159.0,0.019461,6619.0,0.019471,1159.0,0.019474,1000.0
1753504311762,04:31:51.762,ANIME/USDT:USDT,0.019463,1159.0,0.019461,6619.0,0.019471,1159.0,0.019474,1000.0
1753504311764,04:31:51.764,ANIME/USDT:USDT,0.019463,1159.0,0.019461,6619.0,0.019471,1159.0,0.019474,1000.0
1753504311766,04:31:51.766,ANIME/USDT:USDT,0.019463,1159.0,0.019461,6619.0,0.019471,1159.0,0.019474,1000.0
1753504311769,04:31:51.769,ANIME/USDT:USDT,0.019463,1159.0,0.019461,6619.0,0.019471,1159.0,0.019474,1000.0
1753504311769,04:31:51.769,ANIME/USDT:USDT,0.019463,1159.0,0.019461,6619.0,0.019471,1159.0,0.019474,1000.0
1753504312012,04:31:52.012,ANIME/USDT:USDT,0.019463,1159.0,0.019461,6619.0,0.019471,1159.0,0.019474,1000.0
1753504312191,04:31:52.191,ANIME/USDT:USDT,0.019463,1159.0,0.019461,6619.0,0.019471,1159.0,0.019474,1000.0
1753504312192,04:31:52.192,ANIME/USDT:USDT,0.019463,1159.0,0.019461,6619.0,0.019471,1159.0,0.019474,1000.0
1753504313521,04:31:53.521,ANIME/USDT:USDT,0.019463,1159.0,0.019461,6619.0,0.019471,2159.0,0.019474,1000.0
1753504313525,04:31:53.525,ANIME/USDT:USDT,0.019463,1159.0,0.019461,6619.0,0.01947,1159.0,0.019471,2159.0
1753504313526,04:31:53.526,ANIME/USDT:USDT,0.019463,1159.0,0.019461,6619.0,0.01947,1159.0,0.019471,1000.0
1753504313530,04:31:53.530,ANIME/USDT:USDT,0.019463,1159.0,0.019461,6619.0,0.01947,2159.0,0.019471,1000.0
1753504313533,04:31:53.533,ANIME/USDT:USDT,0.019463,1159.0,0.019461,6619.0,0.019469,1159.0,0.01947,2159.0
1753504313537,04:31:53.537,ANIME/USDT:USDT,0.019463,1159.0,0.019461,6619.0,0.019469,1159.0,0.01947,1000.0
1753504313540,04:31:53.540,ANIME/USDT:USDT,0.019463,1159.0,0.019461,6619.0,0.019469,1159.0,0.01947,1000.0
1753504313559,04:31:53.559,ANIME/USDT:USDT,0.019463,1159.0,0.019461,6619.0,0.019469,1159.0,0.01947,1000.0
1753504313564,04:31:53.564,ANIME/USDT:USDT,0.019463,1159.0,0.019461,6619.0,0.019469,1159.0,0.01947,1000.0
1753504313565,04:31:53.565,ANIME/USDT:USDT,0.019463,1159.0,0.019461,6619.0,0.019469,1159.0,0.01947,1000.0
1753504314133,04:31:54.133,ANIME/USDT:USDT,0.019463,1159.0,0.019461,6619.0,0.019469,1159.0,0.01947,1000.0
1753504314138,04:31:54.138,ANIME/USDT:USDT,0.019463,1159.0,0.019461,6619.0,0.019469,1159.0,0.01947,1000.0
1753504314142,04:31:54.142,ANIME/USDT:USDT,0.019463,1159.0,0.019461,6619.0,0.019469,1159.0,0.01947,1000.0
1753504314350,04:31:54.350,ANIME/USDT:USDT,0.019463,1159.0,0.019461,6619.0,0.019469,1159.0,0.01947,1000.0
1753504314351,04:31:54.351,ANIME/USDT:USDT,0.019463,1159.0,0.019461,6619.0,0.019469,1159.0,0.01947,1000.0
1753504314493,04:31:54.493,ANIME/USDT:USDT,0.019463,1159.0,0.019461,6619.0,0.019469,1159.0,0.01947,1000.0
1753504314508,04:31:54.508,ANIME/USDT:USDT,0.019463,1159.0,0.019461,6619.0,0.019469,1159.0,0.019473,2662.0
1753504316213,04:31:56.213,ANIME/USDT:USDT,0.019464,2010.0,0.019461,6619.0,0.019469,1159.0,0.019473,2662.0
1753504316243,04:31:56.243,ANIME/USDT:USDT,0.019464,1172.0,0.019461,6619.0,0.019469,1159.0,0.019473,2662.0
1753504316398,04:31:56.398,ANIME/USDT:USDT,0.019464,1172.0,0.019461,6619.0,0.019469,1159.0,0.019473,2662.0
1753504318935,04:31:58.935,ANIME/USDT:USDT,0.019464,1172.0,0.019461,6619.0,0.019469,1159.0,0.019473,2662.0
1753504318939,04:31:58.939,ANIME/USDT:USDT,0.019464,1172.0,0.019461,6619.0,0.019469,1159.0,0.019473,2662.0
1753504319327,04:31:59.327,ANIME/USDT:USDT,0.019464,1172.0,0.019461,6619.0,0.019469,1159.0,0.019473,2662.0
1753504319415,04:31:59.415,ANIME/USDT:USDT,0.019464,1172.0,0.019461,6619.0,0.019469,1159.0,0.019473,2662.0
1753504320176,04:32:00.176,ANIME/USDT:USDT,0.019464,1172.0,0.019461,1159.0,0.019469,1159.0,0.019473,2662.0
1753504320184,04:32:00.184,ANIME/USDT:USDT,0.019461,1159.0,0.01946,19962.0,0.019469,1159.0,0.019473,2662.0
1753504320187,04:32:00.187,ANIME/USDT:USDT,0.019461,7148.0,0.01946,19962.0,0.019469,1159.0,0.019473,2662.0
1753504320191,04:32:00.191,ANIME/USDT:USDT,0.019461,7148.0,0.01946,18199.0,0.019469,1159.0,0.019473,2662.0
1753504320194,04:32:00.194,ANIME/USDT:USDT,0.019462,1172.0,0.019461,5989.0,0.019469,1159.0,0.019473,2662.0
1753504320201,04:32:00.201,ANIME/USDT:USDT,0.019462,1172.0,0.019461,5989.0,0.019469,1159.0,0.019473,2662.0
1753504320201,04:32:00.201,ANIME/USDT:USDT,0.019462,1172.0,0.019461,5989.0,0.019469,1159.0,0.019473,2662.0
1753504320409,04:32:00.409,ANIME/USDT:USDT,0.019462,1172.0,0.019461,5989.0,0.019469,1159.0,0.019473,2662.0
1753504320410,04:32:00.410,ANIME/USDT:USDT,0.019462,1172.0,0.019461,5989.0,0.019469,1159.0,0.019473,2662.0
1753504320410,04:32:00.410,ANIME/USDT:USDT,0.019462,1172.0,0.019461,5989.0,0.019469,1159.0,0.019473,2662.0
1753504320411,04:32:00.411,ANIME/USDT:USDT,0.019462,1172.0,0.019461,5989.0,0.019469,1159.0,0.019473,2662.0
1753504320411,04:32:00.411,ANIME/USDT:USDT,0.019462,1172.0,0.019461,5989.0,0.019469,1159.0,0.019473,2662.0
1753504320415,04:32:00.415,ANIME/USDT:USDT,0.019462,1172.0,0.019461,5989.0,0.019469,1159.0,0.019473,2662.0
1753504320416,04:32:00.416,ANIME/USDT:USDT,0.019462,1172.0,0.019461,5989.0,0.019469,1159.0,0.019473,2662.0
1753504320418,04:32:00.418,ANIME/USDT:USDT,0.019462,1172.0,0.019461,5989.0,0.019469,1159.0,0.019473,2662.0
1753504320570,04:32:00.570,ANIME/USDT:USDT,0.019462,1172.0,0.01946,18199.0,0.019469,1159.0,0.019473,2662.0
1753504322228,04:32:02.228,ANIME/USDT:USDT,0.019462,1172.0,0.01946,18199.0,0.019469,1159.0,0.019473,2662.0
1753504322233,04:32:02.233,ANIME/USDT:USDT,0.019462,1172.0,0.01946,18199.0,0.019469,1159.0,0.019473,2662.0
1753504322252,04:32:02.252,ANIME/USDT:USDT,0.019462,1172.0,0.01946,18199.0,0.019469,1159.0,0.019473,2662.0
1753504322417,04:32:02.417,ANIME/USDT:USDT,0.019462,1172.0,0.01946,18199.0,0.019469,1159.0,0.019473,2662.0
1753504322421,04:32:02.421,ANIME/USDT:USDT,0.019462,1172.0,0.01946,18199.0,0.019469,1159.0,0.019473,2662.0
1753504322438,04:32:02.438,ANIME/USDT:USDT,0.019462,1172.0,0.01946,18199.0,0.019469,1159.0,0.019473,2662.0
1753504322841,04:32:02.841,ANIME/USDT:USDT,0.019462,1172.0,0.01946,18199.0,0.019469,1159.0,0.019473,2662.0
1753504323361,04:32:03.361,ANIME/USDT:USDT,0.019462,1172.0,0.01946,18199.0,0.019469,1159.0,0.019473,2662.0
1753504323561,04:32:03.561,ANIME/USDT:USDT,0.019462,1172.0,0.01946,18199.0,0.019469,1159.0,0.019473,2662.0
1753504323563,04:32:03.563,ANIME/USDT:USDT,0.019462,1172.0,0.01946,18199.0,0.019469,1159.0,0.019473,2662.0
1753504323734,04:32:03.734,ANIME/USDT:USDT,0.019462,1172.0,0.01946,18199.0,0.019469,1159.0,0.019473,2662.0
1753504323737,04:32:03.737,ANIME/USDT:USDT,0.019462,1172.0,0.019461,5460.0,0.019469,1159.0,0.019473,2662.0
1753504323741,04:32:03.741,ANIME/USDT:USDT,0.019462,1172.0,0.019461,5460.0,0.019469,1159.0,0.019473,2662.0
1753504326211,04:32:06.211,ANIME/USDT:USDT,0.019462,1172.0,0.019461,5460.0,0.019468,814.0,0.019469,1159.0
1753504326215,04:32:06.215,ANIME/USDT:USDT,0.019462,1172.0,0.019461,5460.0,0.019469,1159.0,0.019473,2662.0
1753504328534,04:32:08.534,ANIME/USDT:USDT,0.019462,1172.0,0.019461,5460.0,0.019469,1159.0,0.019473,2662.0
1753504328537,04:32:08.537,ANIME/USDT:USDT,0.019462,1172.0,0.019461,5460.0,0.019469,1159.0,0.019473,2662.0
1753504330349,04:32:10.349,ANIME/USDT:USDT,0.019462,1172.0,0.01946,18199.0,0.019469,1159.0,0.019473,2662.0
1753504331091,04:32:11.091,ANIME/USDT:USDT,0.019462,1172.0,0.01946,18199.0,0.019469,1159.0,0.019473,2662.0
1753504331093,04:32:11.093,ANIME/USDT:USDT,0.019462,1172.0,0.01946,18199.0,0.019469,1159.0,0.019473,2662.0
1753504331095,04:32:11.095,ANIME/USDT:USDT,0.019462,1172.0,0.01946,18199.0,0.019469,1159.0,0.019473,2662.0
1753504331098,04:32:11.098,ANIME/USDT:USDT,0.019462,1172.0,0.01946,18199.0,0.019469,1159.0,0.019473,2662.0
1753504331100,04:32:11.100,ANIME/USDT:USDT,0.019462,1172.0,0.01946,18199.0,0.019469,1159.0,0.019473,2662.0
1753504331118,04:32:11.118,ANIME/USDT:USDT,0.019462,1172.0,0.01946,18199.0,0.019469,1159.0,0.019473,2662.0
1753504331153,04:32:11.153,ANIME/USDT:USDT,0.019462,1172.0,0.01946,18199.0,0.019469,1159.0,0.019473,2662.0
1753504331218,04:32:11.218,ANIME/USDT:USDT,0.019462,1172.0,0.01946,18199.0,0.019469,1159.0,0.019473,2662.0
1753504331275,04:32:11.275,ANIME/USDT:USDT,0.019462,1172.0,0.01946,18199.0,0.019469,1159.0,0.019473,2662.0
1753504331329,04:32:11.329,ANIME/USDT:USDT,0.019462,1172.0,0.01946,18199.0,0.019469,1159.0,0.019473,2662.0
1753504331333,04:32:11.333,ANIME/USDT:USDT,0.019462,1172.0,0.01946,18199.0,0.019469,1159.0,0.019473,2662.0
1753504331333,04:32:11.333,ANIME/USDT:USDT,0.019462,1172.0,0.01946,18199.0,0.019469,2159.0,0.019473,2662.0
1753504331335,04:32:11.335,ANIME/USDT:USDT,0.019462,1172.0,0.01946,18199.0,0.019469,2159.0,0.019473,2662.0
1753504331337,04:32:11.337,ANIME/USDT:USDT,0.019462,1172.0,0.01946,18199.0,0.019468,1171.0,0.019469,2159.0
1753504331337,04:32:11.337,ANIME/USDT:USDT,0.019462,1172.0,0.01946,18199.0,0.019468,1171.0,0.019469,1000.0
1753504331341,04:32:11.341,ANIME/USDT:USDT,0.019462,1172.0,0.01946,18199.0,0.019468,2171.0,0.019469,1000.0
1753504331345,04:32:11.345,ANIME/USDT:USDT,0.019462,1172.0,0.01946,18199.0,0.019467,1171.0,0.019468,1000.0
1753504331388,04:32:11.388,ANIME/USDT:USDT,0.019462,1172.0,0.01946,18199.0,0.019467,1171.0,0.019468,1000.0
1753504331390,04:32:11.390,ANIME/USDT:USDT,0.019462,1172.0,0.019459,1183.0,0.019467,1171.0,0.019468,1000.0
1753504331391,04:32:11.391,ANIME/USDT:USDT,0.019462,1172.0,0.019459,1183.0,0.019467,1171.0,0.019468,1000.0
1753504331394,04:32:11.394,ANIME/USDT:USDT,0.019462,1172.0,0.019459,1183.0,0.019467,1171.0,0.019468,1000.0
1753504331394,04:32:11.394,ANIME/USDT:USDT,0.019459,1183.0,0.019458,1738.0,0.019467,1171.0,0.019468,1000.0
1753504331397,04:32:11.397,ANIME/USDT:USDT,0.019459,1183.0,0.019458,1738.0,0.019467,1171.0,0.019468,1000.0
1753504331399,04:32:11.399,ANIME/USDT:USDT,0.019459,1183.0,0.019458,1738.0,0.019467,1171.0,0.019468,1000.0
1753504331399,04:32:11.399,ANIME/USDT:USDT,0.019459,1183.0,0.019457,7138.0,0.019467,1171.0,0.019468,1000.0
1753504331403,04:32:11.403,ANIME/USDT:USDT,0.019459,1183.0,0.019457,7138.0,0.019467,1171.0,0.019468,1000.0
1753504331439,04:32:11.439,ANIME/USDT:USDT,0.019459,1183.0,0.019457,7138.0,0.019467,1171.0,0.019468,1000.0
1753504331441,04:32:11.441,ANIME/USDT:USDT,0.019459,1183.0,0.019457,7138.0,0.019467,1171.0,0.019468,1000.0
1753504331492,04:32:11.492,ANIME/USDT:USDT,0.019459,1183.0,0.019457,7138.0,0.019467,1171.0,0.019468,1000.0
1753504331677,04:32:11.677,ANIME/USDT:USDT,0.019459,1183.0,0.019457,7138.0,0.019467,1171.0,0.019468,1000.0
1753504331749,04:32:11.749,ANIME/USDT:USDT,0.019459,1183.0,0.019457,7138.0,0.019467,1171.0,0.019468,1000.0
1753504331749,04:32:11.749,ANIME/USDT:USDT,0.019459,1183.0,0.019457,7138.0,0.019467,1171.0,0.019468,1000.0
1753504331983,04:32:11.983,ANIME/USDT:USDT,0.019459,1183.0,0.019457,7138.0,0.019467,1171.0,0.019468,1000.0
1753504332307,04:32:12.307,ANIME/USDT:USDT,0.019459,1183.0,0.019457,7138.0,0.019467,1171.0,0.019468,1000.0
1753504332322,04:32:12.322,ANIME/USDT:USDT,0.019459,1183.0,0.019457,7138.0,0.019467,2171.0,0.019471,2674.0
1753504332325,04:32:12.325,ANIME/USDT:USDT,0.019459,1183.0,0.019457,7138.0,0.019467,1000.0,0.019471,2674.0
1753504332327,04:32:12.327,ANIME/USDT:USDT,0.019459,1183.0,0.019457,7138.0,0.019466,1171.0,0.019467,1000.0
1753504332330,04:32:12.330,ANIME/USDT:USDT,0.019459,1183.0,0.019457,7138.0,0.019466,1171.0,0.019467,1000.0
1753504332365,04:32:12.365,ANIME/USDT:USDT,0.019459,1183.0,0.019457,7138.0,0.019466,1171.0,0.019467,1000.0
1753504332384,04:32:12.384,ANIME/USDT:USDT,0.019459,1183.0,0.019457,7138.0,0.019466,1171.0,0.019467,1000.0
1753504332773,04:32:12.773,ANIME/USDT:USDT,0.019459,1183.0,0.019457,7138.0,0.019466,1171.0,0.019467,1000.0
1753504333100,04:32:13.100,ANIME/USDT:USDT,0.019459,1183.0,0.019457,13486.0,0.019466,1171.0,0.019467,1000.0
1753504333103,04:32:13.103,ANIME/USDT:USDT,0.019459,1183.0,0.019458,2252.0,0.019466,1171.0,0.019467,1000.0
1753504333296,04:32:13.296,ANIME/USDT:USDT,0.019459,1183.0,0.019458,2252.0,0.019466,1171.0,0.01947,2674.0
1753504333336,04:32:13.336,ANIME/USDT:USDT,0.019459,1183.0,0.019458,2252.0,0.019466,1171.0,0.01947,2674.0
1753504333340,04:32:13.340,ANIME/USDT:USDT,0.019459,1183.0,0.019458,2252.0,0.019466,1171.0,0.01947,2674.0
1753504334654,04:32:14.654,ANIME/USDT:USDT,0.019459,1183.0,0.019458,2252.0,0.019466,1171.0,0.01947,2674.0
1753504334658,04:32:14.658,ANIME/USDT:USDT,0.019459,1183.0,0.019457,7138.0,0.019466,1171.0,0.01947,2674.0
1753504334756,04:32:14.756,ANIME/USDT:USDT,0.019459,1183.0,0.019457,13486.0,0.019466,1171.0,0.01947,2674.0
1753504334760,04:32:14.760,ANIME/USDT:USDT,0.019459,1183.0,0.019458,2252.0,0.019466,1171.0,0.01947,2674.0
1753504335006,04:32:15.006,ANIME/USDT:USDT,0.019459,1183.0,0.019458,2252.0,0.019466,1171.0,0.01947,2674.0
1753504335278,04:32:15.278,ANIME/USDT:USDT,0.019459,1183.0,0.019458,2252.0,0.019466,1171.0,0.01947,2674.0
1753504335319,04:32:15.319,ANIME/USDT:USDT,0.019459,1183.0,0.019458,2252.0,0.019466,1171.0,0.01947,2674.0
1753504335322,04:32:15.322,ANIME/USDT:USDT,0.019459,1183.0,0.019458,2252.0,0.019466,1171.0,0.01947,2674.0
1753504335500,04:32:15.500,ANIME/USDT:USDT,0.019459,1183.0,0.019458,2252.0,0.019469,1173.0,0.01947,2674.0
1753504335503,04:32:15.503,ANIME/USDT:USDT,0.019459,1183.0,0.019458,2252.0,0.019469,1173.0,0.01947,2674.0
1753504335503,04:32:15.503,ANIME/USDT:USDT,0.019459,1183.0,0.019458,2252.0,0.019469,1173.0,0.019473,1762.0
1753504335508,04:32:15.508,ANIME/USDT:USDT,0.019459,1183.0,0.019458,2252.0,0.019469,1173.0,0.019473,1762.0
1753504335508,04:32:15.508,ANIME/USDT:USDT,0.019459,1183.0,0.019458,2252.0,0.019469,1173.0,0.019473,1762.0
1753504335510,04:32:15.510,ANIME/USDT:USDT,0.019459,1183.0,0.019458,2252.0,0.019469,1173.0,0.019473,2862.0
1753504335515,04:32:15.515,ANIME/USDT:USDT,0.019459,1183.0,0.019458,2252.0,0.019469,1173.0,0.019473,2862.0
1753504335528,04:32:15.528,ANIME/USDT:USDT,0.019459,1183.0,0.019458,2252.0,0.019469,1173.0,0.019473,2862.0
1753504335533,04:32:15.533,ANIME/USDT:USDT,0.019459,1183.0,0.019458,2252.0,0.019469,1173.0,0.019473,2862.0
1753504335533,04:32:15.533,ANIME/USDT:USDT,0.019459,1183.0,0.019458,2252.0,0.019469,1173.0,0.019473,2862.0
1753504335567,04:32:15.567,ANIME/USDT:USDT,0.019459,1183.0,0.019458,2252.0,0.019469,1173.0,0.019473,3767.0
1753504335631,04:32:15.631,ANIME/USDT:USDT,0.019459,1183.0,0.019458,2252.0,0.019469,1173.0,0.019473,3767.0
1753504335634,04:32:15.634,ANIME/USDT:USDT,0.019459,1183.0,0.019457,7138.0,0.019469,1173.0,0.019473,3767.0
1753504335635,04:32:15.635,ANIME/USDT:USDT,0.019459,1183.0,0.019457,7138.0,0.019469,1173.0,0.019473,3767.0
1753504335640,04:32:15.640,ANIME/USDT:USDT,0.019459,1183.0,0.019457,7138.0,0.019469,1173.0,0.019473,3767.0
1753504335729,04:32:15.729,ANIME/USDT:USDT,0.019459,1183.0,0.019457,7138.0,0.019469,1173.0,0.019473,3767.0
1753504335731,04:32:15.731,ANIME/USDT:USDT,0.019459,1183.0,0.019457,13486.0,0.019469,1173.0,0.019473,3767.0
1753504335733,04:32:15.733,ANIME/USDT:USDT,0.019459,1183.0,0.019457,13486.0,0.019469,1173.0,0.019473,3767.0
1753504335735,04:32:15.735,ANIME/USDT:USDT,0.019459,1183.0,0.019458,2252.0,0.019469,1173.0,0.019473,3767.0
1753504336211,04:32:16.211,ANIME/USDT:USDT,0.019459,1183.0,0.019458,2252.0,0.019468,744.0,0.019469,1173.0
1753504336215,04:32:16.215,ANIME/USDT:USDT,0.019459,1183.0,0.019458,2252.0,0.019468,1917.0,0.019473,3767.0
1753504336216,04:32:16.216,ANIME/USDT:USDT,0.019459,1183.0,0.019458,2252.0,0.019468,1173.0,0.019473,3767.0
1753504336220,04:32:16.220,ANIME/USDT:USDT,0.019459,1183.0,0.019458,2252.0,0.019467,1173.0,0.019473,3767.0
1753504336224,04:32:16.224,ANIME/USDT:USDT,0.019459,1183.0,0.019458,2252.0,0.019467,1173.0,0.019471,2678.0
1753504336247,04:32:16.247,ANIME/USDT:USDT,0.019459,1183.0,0.019458,2252.0,0.019467,1173.0,0.01947,905.0
1753504336353,04:32:16.353,ANIME/USDT:USDT,0.019459,1183.0,0.019458,2252.0,0.019467,1173.0,0.01947,905.0
1753504336409,04:32:16.409,ANIME/USDT:USDT,0.019459,1183.0,0.019458,2252.0,0.019467,1173.0,0.01947,905.0
1753504336864,04:32:16.864,ANIME/USDT:USDT,0.019459,1183.0,0.019458,2252.0,0.019467,1173.0,0.01947,905.0
1753504337752,04:32:17.752,ANIME/USDT:USDT,0.019459,1183.0,0.019458,2252.0,0.01947,905.0,0.019471,1773.0
1753504337755,04:32:17.755,ANIME/USDT:USDT,0.019459,1183.0,0.019458,2252.0,0.01947,905.0,0.019471,1773.0
1753504337755,04:32:17.755,ANIME/USDT:USDT,0.019459,1183.0,0.019458,2252.0,0.019469,1173.0,0.019471,1773.0
1753504337756,04:32:17.756,ANIME/USDT:USDT,0.019459,1183.0,0.019458,2252.0,0.019469,1173.0,0.019473,3768.0
1753504337759,04:32:17.759,ANIME/USDT:USDT,0.019459,1183.0,0.019458,2252.0,0.019469,1173.0,0.019473,2006.0
1753504337784,04:32:17.784,ANIME/USDT:USDT,0.019459,1183.0,0.019458,2252.0,0.019469,1173.0,0.019473,3779.0
1753504337815,04:32:17.815,ANIME/USDT:USDT,0.019459,1183.0,0.019458,2252.0,0.019469,1173.0,0.019472,906.0
1753504337918,04:32:17.918,ANIME/USDT:USDT,0.019459,1183.0,0.019458,2252.0,0.019469,1173.0,0.019472,906.0
1753504338135,04:32:18.135,ANIME/USDT:USDT,0.019459,1183.0,0.019458,2252.0,0.019469,1173.0,0.019472,906.0
1753504338139,04:32:18.139,ANIME/USDT:USDT,0.019459,1183.0,0.019458,2252.0,0.019469,1173.0,0.019472,906.0
1753504338830,04:32:18.830,ANIME/USDT:USDT,0.019459,1183.0,0.019458,2252.0,0.019469,1173.0,0.019472,906.0
1753504338835,04:32:18.835,ANIME/USDT:USDT,0.019459,1183.0,0.019457,7138.0,0.019469,1173.0,0.019472,906.0
1753504339230,04:32:19.230,ANIME/USDT:USDT,0.019459,1183.0,0.019457,13486.0,0.019469,1173.0,0.019472,906.0
1753504339234,04:32:19.234,ANIME/USDT:USDT,0.019459,1183.0,0.019458,2252.0,0.019469,1173.0,0.019472,906.0
1753504341430,04:32:21.430,ANIME/USDT:USDT,0.019459,1183.0,0.019458,2252.0,0.019469,1173.0,0.019472,906.0
1753504341434,04:32:21.434,ANIME/USDT:USDT,0.019459,1183.0,0.019458,2252.0,0.019469,1173.0,0.019472,906.0
1753504342483,04:32:22.483,ANIME/USDT:USDT,0.019459,1183.0,0.019458,2252.0,0.019469,1173.0,0.019472,906.0
1753504342488,04:32:22.488,ANIME/USDT:USDT,0.019459,1183.0,0.019458,2252.0,0.019469,1173.0,0.019472,906.0
1753504342935,04:32:22.935,ANIME/USDT:USDT,0.019459,1183.0,0.019458,2252.0,0.019469,1173.0,0.019472,906.0
1753504342939,04:32:22.939,ANIME/USDT:USDT,0.019459,1183.0,0.019458,2252.0,0.019469,1173.0,0.019472,906.0
1753504346212,04:32:26.212,ANIME/USDT:USDT,0.019459,1183.0,0.019458,2252.0,0.019468,899.0,0.019469,1173.0
1753504346216,04:32:26.216,ANIME/USDT:USDT,0.019459,1183.0,0.019458,2252.0,0.019468,1191.0,0.019472,906.0
1753504346217,04:32:26.217,ANIME/USDT:USDT,0.019459,1390.0,0.019458,2252.0,0.019468,1191.0,0.019472,906.0
1753504346217,04:32:26.217,ANIME/USDT:USDT,0.019459,1390.0,0.019458,2252.0,0.019468,1191.0,0.019471,909.0
1753504346221,04:32:26.221,ANIME/USDT:USDT,0.01946,1191.0,0.019459,207.0,0.019468,1191.0,0.019471,909.0
1753504346234,04:32:26.234,ANIME/USDT:USDT,0.01946,1191.0,0.019459,207.0,0.019468,1191.0,0.019471,909.0
1753504346243,04:32:26.243,ANIME/USDT:USDT,0.01946,1191.0,0.019458,2252.0,0.019468,1191.0,0.019471,909.0
1753504346271,04:32:26.271,ANIME/USDT:USDT,0.01946,1191.0,0.019458,2252.0,0.019468,1191.0,0.019471,909.0
1753504347021,04:32:27.021,ANIME/USDT:USDT,0.01946,1191.0,0.019458,2252.0,0.019468,1191.0,0.019471,909.0
1753504347088,04:32:27.088,ANIME/USDT:USDT,0.01946,1191.0,0.019458,2252.0,0.019468,1191.0,0.019471,909.0
1753504347090,04:32:27.090,ANIME/USDT:USDT,0.01946,1191.0,0.019458,2252.0,0.019468,1191.0,0.019471,909.0
1753504347428,04:32:27.428,ANIME/USDT:USDT,0.01946,1191.0,0.019458,2252.0,0.019468,1191.0,0.019471,909.0
1753504347431,04:32:27.431,ANIME/USDT:USDT,0.01946,1191.0,0.019458,2252.0,0.019468,1191.0,0.019471,909.0
1753504347735,04:32:27.735,ANIME/USDT:USDT,0.01946,1191.0,0.019458,2252.0,0.019468,1191.0,0.019471,909.0
1753504347739,04:32:27.739,ANIME/USDT:USDT,0.01946,1191.0,0.019458,2252.0,0.019468,1191.0,0.019471,909.0
1753504350005,04:32:30.005,ANIME/USDT:USDT,0.01946,1191.0,0.019458,2252.0,0.019468,1191.0,0.019471,909.0
1753504351212,04:32:31.212,ANIME/USDT:USDT,0.019461,921.0,0.01946,1191.0,0.019468,1191.0,0.019471,909.0
1753504351215,04:32:31.215,ANIME/USDT:USDT,0.019462,1191.0,0.019461,921.0,0.019468,1191.0,0.019471,909.0
1753504351219,04:32:31.219,ANIME/USDT:USDT,0.019462,1191.0,0.019461,921.0,0.019468,1191.0,0.019471,909.0
1753504351222,04:32:31.222,ANIME/USDT:USDT,0.019462,1191.0,0.01946,1191.0,0.019468,1191.0,0.019471,909.0
1753504351368,04:32:31.368,ANIME/USDT:USDT,0.01946,1191.0,0.019458,4035.0,0.019468,1191.0,0.019471,909.0
1753504351372,04:32:31.372,ANIME/USDT:USDT,0.01946,1191.0,0.019458,2252.0,0.019468,1191.0,0.019471,909.0
1753504352537,04:32:32.537,ANIME/USDT:USDT,0.01946,1191.0,0.019458,2252.0,0.019468,1191.0,0.019471,909.0
1753504352540,04:32:32.540,ANIME/USDT:USDT,0.01946,1191.0,0.019458,2252.0,0.019468,1191.0,0.019471,909.0
1753504355720,04:32:35.720,ANIME/USDT:USDT,0.01946,1191.0,0.019458,2252.0,0.019468,1191.0,0.019471,909.0
1753504355724,04:32:35.724,ANIME/USDT:USDT,0.01946,1191.0,0.019458,2252.0,0.019468,1191.0,0.019471,909.0
1753504356212,04:32:36.212,ANIME/USDT:USDT,0.019461,957.0,0.01946,1191.0,0.019468,1191.0,0.019471,909.0
1753504356216,04:32:36.216,ANIME/USDT:USDT,0.019462,1151.0,0.019461,957.0,0.019468,1191.0,0.019471,909.0
1753504356219,04:32:36.219,ANIME/USDT:USDT,0.019462,1151.0,0.019461,957.0,0.019468,1191.0,0.019471,909.0
1753504356226,04:32:36.226,ANIME/USDT:USDT,0.019462,1151.0,0.01946,1191.0,0.019468,1191.0,0.019471,909.0
1753504356289,04:32:36.289,ANIME/USDT:USDT,0.019462,1151.0,0.01946,1191.0,0.019468,1191.0,0.019471,909.0
1753504356339,04:32:36.339,ANIME/USDT:USDT,0.019462,1151.0,0.01946,1191.0,0.019471,909.0,0.019472,1780.0
1753504356343,04:32:36.343,ANIME/USDT:USDT,0.019462,1151.0,0.01946,1191.0,0.019472,1780.0,0.019473,2873.0
1753504356343,04:32:36.343,ANIME/USDT:USDT,0.019462,1151.0,0.01946,1191.0,0.019473,1100.0,0.019474,3676.0
1753504356345,04:32:36.345,ANIME/USDT:USDT,0.019462,1151.0,0.01946,1191.0,0.01947,1151.0,0.019473,1100.0
1753504356348,04:32:36.348,ANIME/USDT:USDT,0.019462,1151.0,0.01946,1191.0,0.01947,1151.0,0.019473,1100.0
1753504356358,04:32:36.358,ANIME/USDT:USDT,0.019462,1151.0,0.01946,1191.0,0.01947,1151.0,0.019474,1000.0
1753504356362,04:32:36.362,ANIME/USDT:USDT,0.019462,1151.0,0.01946,1191.0,0.01947,1151.0,0.019474,1000.0
1753504356362,04:32:36.362,ANIME/USDT:USDT,0.019462,1151.0,0.01946,1191.0,0.01947,1151.0,0.019474,2788.0
1753504356371,04:32:36.371,ANIME/USDT:USDT,0.01946,1191.0,0.019458,4039.0,0.01947,1151.0,0.019474,2788.0
1753504356374,04:32:36.374,ANIME/USDT:USDT,0.01946,1191.0,0.019458,4039.0,0.01947,1151.0,0.019474,2788.0
1753504356393,04:32:36.393,ANIME/USDT:USDT,0.01946,1191.0,0.019458,4039.0,0.01947,1151.0,0.019473,1788.0
1753504356399,04:32:36.399,ANIME/USDT:USDT,0.01946,1191.0,0.019458,4039.0,0.01947,1151.0,0.019473,2702.0
1753504356563,04:32:36.563,ANIME/USDT:USDT,0.01946,1191.0,0.019458,4039.0,0.01947,1151.0,0.019473,2702.0
1753504356571,04:32:36.571,ANIME/USDT:USDT,0.01946,1191.0,0.019458,4039.0,0.019474,1788.0,0.019475,1788.0
1753504356571,04:32:36.571,ANIME/USDT:USDT,0.01946,1191.0,0.019458,4039.0,0.019474,1788.0,0.019475,1788.0
1753504356574,04:32:36.574,ANIME/USDT:USDT,0.01946,1191.0,0.019458,4039.0,0.019475,1788.0,0.019476,1767.0
1753504356575,04:32:36.575,ANIME/USDT:USDT,0.01946,1191.0,0.019458,4039.0,0.019475,1788.0,0.019476,1767.0
1753504356575,04:32:36.575,ANIME/USDT:USDT,0.01946,1191.0,0.019458,4039.0,0.019475,1788.0,0.019476,2918.0
1753504356576,04:32:36.576,ANIME/USDT:USDT,0.01946,1191.0,0.019458,4039.0,0.019475,1788.0,0.019476,2918.0
1753504356576,04:32:36.576,ANIME/USDT:USDT,0.01946,1191.0,0.019458,4039.0,0.019475,1788.0,0.019476,2918.0
1753504356578,04:32:36.578,ANIME/USDT:USDT,0.01946,1191.0,0.019458,4039.0,0.019475,1788.0,0.019476,2918.0
1753504356578,04:32:36.578,ANIME/USDT:USDT,0.01946,1191.0,0.019458,4039.0,0.019474,1151.0,0.019475,1788.0
1753504356588,04:32:36.588,ANIME/USDT:USDT,0.01946,1191.0,0.019458,4039.0,0.019474,1151.0,0.019475,1788.0
1753504356589,04:32:36.589,ANIME/USDT:USDT,0.01946,1191.0,0.019458,4039.0,0.019474,1151.0,0.019475,1788.0
1753504356590,04:32:36.590,ANIME/USDT:USDT,0.01946,1191.0,0.019458,4039.0,0.019474,1151.0,0.019476,2918.0
1753504356590,04:32:36.590,ANIME/USDT:USDT,0.01946,1191.0,0.019458,4039.0,0.019474,1151.0,0.019476,2918.0
1753504356594,04:32:36.594,ANIME/USDT:USDT,0.01946,1191.0,0.019458,4039.0,0.019474,1151.0,0.019476,1151.0
1753504356627,04:32:36.627,ANIME/USDT:USDT,0.01946,1191.0,0.019458,4039.0,0.019474,1151.0,0.019476,1151.0
1753504356629,04:32:36.629,ANIME/USDT:USDT,0.01946,1191.0,0.019458,4039.0,0.019474,1151.0,0.019476,1151.0
1753504356648,04:32:36.648,ANIME/USDT:USDT,0.01946,1191.0,0.019458,4039.0,0.019474,1151.0,0.019476,1151.0
1753504356655,04:32:36.655,ANIME/USDT:USDT,0.01946,1191.0,0.019458,4039.0,0.019474,1151.0,0.019476,1151.0
1753504356715,04:32:36.715,ANIME/USDT:USDT,0.01946,1191.0,0.019458,4039.0,0.019474,1151.0,0.019476,1151.0
1753504356719,04:32:36.719,ANIME/USDT:USDT,0.01946,1191.0,0.019458,4039.0,0.019474,1151.0,0.019476,1151.0
1753504356730,04:32:36.730,ANIME/USDT:USDT,0.01946,1191.0,0.019458,4039.0,0.019476,1151.0,0.019477,2680.0
1753504356757,04:32:36.757,ANIME/USDT:USDT,0.01946,1191.0,0.019458,4039.0,0.019476,1151.0,0.019477,2680.0
1753504356757,04:32:36.757,ANIME/USDT:USDT,0.01946,1191.0,0.019458,4039.0,0.019476,1151.0,0.019477,2680.0
1753504356759,04:32:36.759,ANIME/USDT:USDT,0.01946,1191.0,0.019458,4039.0,0.019476,1151.0,0.019477,2680.0
1753504356760,04:32:36.760,ANIME/USDT:USDT,0.01946,1191.0,0.019458,4039.0,0.019476,1151.0,0.019477,2680.0
1753504356762,04:32:36.762,ANIME/USDT:USDT,0.01946,1191.0,0.019458,4039.0,0.019476,1151.0,0.019477,2680.0
1753504356774,04:32:36.774,ANIME/USDT:USDT,0.01946,1191.0,0.019458,4039.0,0.019476,1151.0,0.019477,1766.0
1753504356774,04:32:36.774,ANIME/USDT:USDT,0.01946,1191.0,0.019458,4039.0,0.019476,1151.0,0.019477,1766.0
1753504356775,04:32:36.775,ANIME/USDT:USDT,0.01946,1191.0,0.019458,4039.0,0.019476,1151.0,0.019477,1766.0
1753504356776,04:32:36.776,ANIME/USDT:USDT,0.01946,1191.0,0.019458,4039.0,0.019476,1151.0,0.019478,1765.0
1753504356844,04:32:36.844,ANIME/USDT:USDT,0.01946,1191.0,0.019458,4039.0,0.019476,1151.0,0.019478,1765.0
1753504356872,04:32:36.872,ANIME/USDT:USDT,0.01946,1191.0,0.019458,4039.0,0.019476,1151.0,0.019478,1765.0
1753504356911,04:32:36.911,ANIME/USDT:USDT,0.01946,1191.0,0.019458,4039.0,0.019476,1151.0,0.019478,1765.0
1753504357044,04:32:37.044,ANIME/USDT:USDT,0.019461,1000.0,0.01946,2191.0,0.019476,1151.0,0.019478,1765.0
1753504357047,04:32:37.047,ANIME/USDT:USDT,0.019462,1151.0,0.019461,1000.0,0.019476,1151.0,0.019478,1765.0
1753504357050,04:32:37.050,ANIME/USDT:USDT,0.019462,2151.0,0.019461,1000.0,0.019476,1151.0,0.019478,1765.0
1753504357052,04:32:37.052,ANIME/USDT:USDT,0.019463,18184.0,0.019462,2151.0,0.019476,1151.0,0.019478,1765.0
1753504357053,04:32:37.053,ANIME/USDT:USDT,0.019463,19335.0,0.019462,2151.0,0.019476,1151.0,0.019478,1765.0
1753504357055,04:32:37.055,ANIME/USDT:USDT,0.019463,19335.0,0.019462,1000.0,0.019476,1151.0,0.019478,1765.0
1753504357055,04:32:37.055,ANIME/USDT:USDT,0.019464,1151.0,0.019463,19335.0,0.019476,1151.0,0.019478,1765.0
1753504357056,04:32:37.056,ANIME/USDT:USDT,0.019464,6606.0,0.019463,18184.0,0.019476,1151.0,0.019478,1765.0
1753504357059,04:32:37.059,ANIME/USDT:USDT,0.019465,1151.0,0.019464,7606.0,0.019476,1151.0,0.019478,1765.0
1753504357063,04:32:37.063,ANIME/USDT:USDT,0.019465,2151.0,0.019464,6455.0,0.019476,1151.0,0.019478,1765.0
1753504357066,04:32:37.066,ANIME/USDT:USDT,0.019465,1000.0,0.019464,6455.0,0.019476,1151.0,0.019478,1765.0
1753504357067,04:32:37.067,ANIME/USDT:USDT,0.019466,1151.0,0.019465,1000.0,0.019476,1151.0,0.019478,1765.0
1753504357071,04:32:37.071,ANIME/USDT:USDT,0.019466,1151.0,0.019465,1000.0,0.019476,1151.0,0.019478,1765.0
1753504357071,04:32:37.071,ANIME/USDT:USDT,0.019466,1151.0,0.019465,1000.0,0.019476,1151.0,0.019478,1765.0
1753504357094,04:32:37.094,ANIME/USDT:USDT,0.019466,1151.0,0.019465,1000.0,0.019476,1151.0,0.019478,1765.0
1753504357111,04:32:37.111,ANIME/USDT:USDT,0.019466,1151.0,0.019465,1000.0,0.019476,1151.0,0.019478,1765.0
1753504357116,04:32:37.116,ANIME/USDT:USDT,0.019466,1151.0,0.019465,1000.0,0.019476,1151.0,0.019478,1765.0
1753504357129,04:32:37.129,ANIME/USDT:USDT,0.019466,1151.0,0.019465,1000.0,0.019476,1151.0,0.019478,1765.0
1753504357317,04:32:37.317,ANIME/USDT:USDT,0.019466,1151.0,0.019465,1000.0,0.019476,1151.0,0.019478,1765.0
1753504357336,04:32:37.336,ANIME/USDT:USDT,0.019466,1151.0,0.019465,1000.0,0.019476,1151.0,0.019478,1765.0
1753504357340,04:32:37.340,ANIME/USDT:USDT,0.019466,1151.0,0.019465,1000.0,0.019476,1151.0,0.019478,1765.0
1753504358248,04:32:38.248,ANIME/USDT:USDT,0.019466,1151.0,0.019465,1000.0,0.019476,1151.0,0.019478,1765.0
1753504358250,04:32:38.250,ANIME/USDT:USDT,0.019466,1151.0,0.019465,1000.0,0.019476,1151.0,0.019478,1765.0
1753504358251,04:32:38.251,ANIME/USDT:USDT,0.019466,1151.0,0.019465,1000.0,0.019476,1151.0,0.019478,1765.0
1753504358253,04:32:38.253,ANIME/USDT:USDT,0.019466,1151.0,0.019465,1000.0,0.019476,1151.0,0.019478,1765.0
1753504358344,04:32:38.344,ANIME/USDT:USDT,0.019466,1151.0,0.019465,1000.0,0.019476,1151.0,0.019478,1765.0
1753504358345,04:32:38.345,ANIME/USDT:USDT,0.019466,1151.0,0.019465,1000.0,0.019476,1151.0,0.019478,1765.0
1753504358500,04:32:38.500,ANIME/USDT:USDT,0.019466,1151.0,0.019465,1000.0,0.019476,1151.0,0.019478,1765.0
1753504358586,04:32:38.586,ANIME/USDT:USDT,0.019466,1151.0,0.019465,1000.0,0.019476,1151.0,0.019478,1765.0
1753504359007,04:32:39.007,ANIME/USDT:USDT,0.019466,1151.0,0.019465,1000.0,0.019476,1151.0,0.019478,1765.0
1753504359094,04:32:39.094,ANIME/USDT:USDT,0.019466,1151.0,0.019465,1000.0,0.019476,1151.0,0.019478,1765.0
1753504359098,04:32:39.098,ANIME/USDT:USDT,0.019466,1151.0,0.019465,1000.0,0.019476,1151.0,0.019478,1765.0
1753504359121,04:32:39.121,ANIME/USDT:USDT,0.019466,1151.0,0.019465,1000.0,0.019476,1151.0,0.019478,1765.0
1753504359123,04:32:39.123,ANIME/USDT:USDT,0.019466,1151.0,0.019465,1000.0,0.019476,1151.0,0.019478,1765.0
1753504359366,04:32:39.366,ANIME/USDT:USDT,0.019466,1151.0,0.019465,1000.0,0.019476,1151.0,0.019478,1765.0
1753504359366,04:32:39.366,ANIME/USDT:USDT,0.019466,1151.0,0.019465,1000.0,0.019476,1151.0,0.019478,1765.0
1753504359586,04:32:39.586,ANIME/USDT:USDT,0.019466,1151.0,0.019465,1000.0,0.019476,1151.0,0.019478,1765.0
1753504359635,04:32:39.635,ANIME/USDT:USDT,0.019466,1151.0,0.019465,1000.0,0.019476,1151.0,0.019478,1765.0
1753504359640,04:32:39.640,ANIME/USDT:USDT,0.019466,1151.0,0.019465,1000.0,0.019476,1151.0,0.019478,1765.0
1753504360730,04:32:40.730,ANIME/USDT:USDT,0.019466,1151.0,0.019465,1000.0,0.019476,1151.0,0.019478,1765.0
1753504360732,04:32:40.732,ANIME/USDT:USDT,0.019466,1151.0,0.019465,1000.0,0.019476,1151.0,0.019478,1765.0
1753504360737,04:32:40.737,ANIME/USDT:USDT,0.019466,1151.0,0.019465,1000.0,0.019476,1151.0,0.019478,1765.0
1753504361211,04:32:41.211,ANIME/USDT:USDT,0.019467,767.0,0.019466,1151.0,0.019476,1151.0,0.019478,1765.0
1753504361214,04:32:41.214,ANIME/USDT:USDT,0.019468,1151.0,0.019467,767.0,0.019476,1151.0,0.019478,1765.0
1753504361217,04:32:41.217,ANIME/USDT:USDT,0.019468,1151.0,0.019467,767.0,0.019476,1151.0,0.019478,1765.0
1753504361222,04:32:41.222,ANIME/USDT:USDT,0.019468,1151.0,0.019466,1151.0,0.019476,1151.0,0.019478,1765.0
1753504361260,04:32:41.260,ANIME/USDT:USDT,0.019468,1151.0,0.019466,1151.0,0.019476,1151.0,0.019478,1765.0
1753504361270,04:32:41.270,ANIME/USDT:USDT,0.019468,1151.0,0.019466,1151.0,0.019476,1151.0,0.019478,1765.0
1753504361274,04:32:41.274,ANIME/USDT:USDT,0.019468,1151.0,0.019466,1151.0,0.019476,1151.0,0.019478,1765.0
1753504361369,04:32:41.369,ANIME/USDT:USDT,0.019466,1151.0,0.019465,2785.0,0.019476,1151.0,0.019478,1765.0
1753504361373,04:32:41.373,ANIME/USDT:USDT,0.019466,1151.0,0.019465,1000.0,0.019476,1151.0,0.019478,1765.0
1753504361377,04:32:41.377,ANIME/USDT:USDT,0.019466,1151.0,0.019465,1000.0,0.019476,1151.0,0.019478,1765.0
1753504361381,04:32:41.381,ANIME/USDT:USDT,0.019466,1151.0,0.019465,2181.0,0.019476,1151.0,0.019478,1765.0
1753504361447,04:32:41.447,ANIME/USDT:USDT,0.019466,1151.0,0.019465,2181.0,0.019476,1151.0,0.019478,1765.0
1753504361451,04:32:41.451,ANIME/USDT:USDT,0.019466,1151.0,0.019465,2181.0,0.019476,1151.0,0.019478,1765.0
1753504361710,04:32:41.710,ANIME/USDT:USDT,0.019466,1151.0,0.019465,2181.0,0.019476,1151.0,0.019478,1765.0
1753504361945,04:32:41.945,ANIME/USDT:USDT,0.019466,1151.0,0.019465,2181.0,0.019476,1151.0,0.019478,1765.0
1753504362136,04:32:42.136,ANIME/USDT:USDT,0.019466,1151.0,0.019465,2181.0,0.019476,1151.0,0.019478,1765.0
1753504362141,04:32:42.141,ANIME/USDT:USDT,0.019466,1151.0,0.019465,2181.0,0.019476,1151.0,0.019478,1765.0
1753504362523,04:32:42.523,ANIME/USDT:USDT,0.019466,1151.0,0.019465,2181.0,0.019476,1151.0,0.019478,1765.0
1753504362528,04:32:42.528,ANIME/USDT:USDT,0.019466,1151.0,0.019465,2181.0,0.019476,1151.0,0.019478,1765.0
1753504364447,04:32:44.447,ANIME/USDT:USDT,0.019466,1151.0,0.019465,2181.0,0.019476,1151.0,0.019478,1765.0
1753504364451,04:32:44.451,ANIME/USDT:USDT,0.019466,1151.0,0.019465,2181.0,0.019476,1151.0,0.019478,1765.0
1753504365007,04:32:45.007,ANIME/USDT:USDT,0.019466,1151.0,0.019465,2181.0,0.019476,1151.0,0.019478,1765.0
1753504365007,04:32:45.007,ANIME/USDT:USDT,0.019466,1151.0,0.019465,2181.0,0.019476,1151.0,0.019478,1765.0
1753504365058,04:32:45.058,ANIME/USDT:USDT,0.019466,1151.0,0.019465,2181.0,0.019476,1151.0,0.019478,1765.0
1753504365064,04:32:45.064,ANIME/USDT:USDT,0.019466,1151.0,0.019465,2181.0,0.019476,1151.0,0.019478,1765.0
1753504365074,04:32:45.074,ANIME/USDT:USDT,0.019466,1151.0,0.019465,1000.0,0.019476,1151.0,0.019478,1765.0
1753504365098,04:32:45.098,ANIME/USDT:USDT,0.019466,1151.0,0.019465,1000.0,0.019476,1151.0,0.019478,1765.0
1753504365103,04:32:45.103,ANIME/USDT:USDT,0.019466,1151.0,0.019465,1000.0,0.019476,1151.0,0.019478,1765.0
1753504365168,04:32:45.168,ANIME/USDT:USDT,0.019466,1151.0,0.019465,1000.0,0.019476,1151.0,0.019478,1765.0
1753504365169,04:32:45.169,ANIME/USDT:USDT,0.019466,1151.0,0.019465,1000.0,0.019476,1151.0,0.019481,1754.0
1753504365235,04:32:45.235,ANIME/USDT:USDT,0.019466,1151.0,0.019465,1000.0,0.019476,1151.0,0.01948,912.0
1753504365247,04:32:45.247,ANIME/USDT:USDT,0.019466,1151.0,0.019465,1000.0,0.019476,1151.0,0.01948,2697.0
1753504365288,04:32:45.288,ANIME/USDT:USDT,0.019466,1151.0,0.019465,1000.0,0.019476,1151.0,0.019479,912.0
1753504365299,04:32:45.299,ANIME/USDT:USDT,0.019466,1151.0,0.019465,1000.0,0.019476,1151.0,0.019479,2697.0
1753504365394,04:32:45.394,ANIME/USDT:USDT,0.019466,1151.0,0.019465,1000.0,0.019476,1151.0,0.019479,2697.0
1753504366530,04:32:46.530,ANIME/USDT:USDT,0.019466,1151.0,0.019465,1000.0,0.019476,1151.0,0.019479,2697.0
1753504366530,04:32:46.530,ANIME/USDT:USDT,0.019466,1151.0,0.019465,1000.0,0.019476,1151.0,0.019479,2697.0
1753504366532,04:32:46.532,ANIME/USDT:USDT,0.019466,1151.0,0.019465,1000.0,0.019476,1151.0,0.019479,2697.0
1753504366533,04:32:46.533,ANIME/USDT:USDT,0.019466,1151.0,0.019465,1000.0,0.019476,1151.0,0.019479,2697.0
1753504366533,04:32:46.533,ANIME/USDT:USDT,0.019466,1151.0,0.019465,1000.0,0.019476,1151.0,0.019479,2697.0
1753504366533,04:32:46.533,ANIME/USDT:USDT,0.019466,1151.0,0.019465,1000.0,0.019476,1151.0,0.019479,2697.0
1753504366536,04:32:46.536,ANIME/USDT:USDT,0.019466,1151.0,0.019465,1000.0,0.019476,1151.0,0.019479,2697.0
1753504366537,04:32:46.537,ANIME/USDT:USDT,0.019466,1151.0,0.019465,1000.0,0.019476,1151.0,0.019479,2697.0
1753504366936,04:32:46.936,ANIME/USDT:USDT,0.019466,1151.0,0.019465,1000.0,0.019476,1151.0,0.019479,2697.0
1753504366940,04:32:46.940,ANIME/USDT:USDT,0.019466,1151.0,0.019465,1000.0,0.019476,1151.0,0.019479,2697.0
1753504367548,04:32:47.548,ANIME/USDT:USDT,0.019466,1151.0,0.019465,1000.0,0.019476,1151.0,0.019479,2697.0
1753504367554,04:32:47.554,ANIME/USDT:USDT,0.019466,1151.0,0.019465,1000.0,0.019476,1151.0,0.019479,2697.0
1753504368005,04:32:48.005,ANIME/USDT:USDT,0.019466,1151.0,0.019465,1000.0,0.019476,1151.0,0.019479,2697.0
1753504369734,04:32:49.734,ANIME/USDT:USDT,0.019466,1151.0,0.019465,1000.0,0.019476,1151.0,0.019479,2697.0
1753504369737,04:32:49.737,ANIME/USDT:USDT,0.019466,1151.0,0.019465,1000.0,0.019476,1151.0,0.019479,2697.0
1753504370498,04:32:50.498,ANIME/USDT:USDT,0.019466,1151.0,0.019465,1000.0,0.019476,1151.0,0.019479,2697.0
1753504370502,04:32:50.502,ANIME/USDT:USDT,0.019466,1151.0,0.019465,1000.0,0.019476,1151.0,0.019479,2697.0
1753504371112,04:32:51.112,ANIME/USDT:USDT,0.019466,1151.0,0.019465,1000.0,0.019476,1151.0,0.019479,2697.0
1753504371212,04:32:51.212,ANIME/USDT:USDT,0.019467,761.0,0.019466,1151.0,0.019476,1151.0,0.019479,2697.0
1753504371217,04:32:51.217,ANIME/USDT:USDT,0.019466,1151.0,0.019465,1000.0,0.019476,1151.0,0.019479,2697.0
1753504371219,04:32:51.219,ANIME/USDT:USDT,0.019468,1153.0,0.019466,1151.0,0.019476,1151.0,0.019479,2697.0
1753504371221,04:32:51.221,ANIME/USDT:USDT,0.019468,19332.0,0.019466,1151.0,0.019476,1151.0,0.019479,2697.0
1753504371223,04:32:51.223,ANIME/USDT:USDT,0.019468,19332.0,0.019466,1151.0,0.019476,1151.0,0.019479,2697.0
1753504371225,04:32:51.225,ANIME/USDT:USDT,0.019469,6953.0,0.019468,19332.0,0.019476,1151.0,0.019479,2697.0
1753504371227,04:32:51.227,ANIME/USDT:USDT,0.01947,1153.0,0.019469,6953.0,0.019476,1151.0,0.019479,2697.0
1753504371227,04:32:51.227,ANIME/USDT:USDT,0.01947,1153.0,0.019469,6953.0,0.019476,1151.0,0.019479,2697.0
1753504371228,04:32:51.228,ANIME/USDT:USDT,0.01947,1153.0,0.019469,6953.0,0.019476,1151.0,0.019479,2697.0
1753504371228,04:32:51.228,ANIME/USDT:USDT,0.01947,1153.0,0.019469,5800.0,0.019476,1151.0,0.019479,2697.0
1753504371230,04:32:51.230,ANIME/USDT:USDT,0.01947,1153.0,0.019469,5800.0,0.019476,1151.0,0.019479,2697.0
1753504371286,04:32:51.286,ANIME/USDT:USDT,0.01947,1153.0,0.019469,5800.0,0.019476,1151.0,0.019479,2697.0
1753504371644,04:32:51.644,ANIME/USDT:USDT,0.01947,1153.0,0.019469,5800.0,0.019476,1151.0,0.019479,2697.0
1753504371646,04:32:51.646,ANIME/USDT:USDT,0.01947,1153.0,0.019469,5800.0,0.019476,1151.0,0.019479,2697.0
1753504371736,04:32:51.736,ANIME/USDT:USDT,0.01947,1153.0,0.019469,5800.0,0.019476,1151.0,0.019479,2697.0
1753504371740,04:32:51.740,ANIME/USDT:USDT,0.01947,1153.0,0.019469,5800.0,0.019476,1151.0,0.019479,2697.0
1753504372667,04:32:52.667,ANIME/USDT:USDT,0.01947,1153.0,0.019469,5800.0,0.019476,1151.0,0.019479,2697.0
1753504373248,04:32:53.248,ANIME/USDT:USDT,0.01947,1153.0,0.019469,5800.0,0.019476,1151.0,0.019479,2697.0
1753504373252,04:32:53.252,ANIME/USDT:USDT,0.01947,1153.0,0.019469,5800.0,0.019476,1151.0,0.019479,2697.0
1753504374010,04:32:54.010,ANIME/USDT:USDT,0.01947,1153.0,0.019469,5800.0,0.019476,1151.0,0.019479,2697.0
1753504374012,04:32:54.012,ANIME/USDT:USDT,0.01947,1153.0,0.019469,5800.0,0.019476,1151.0,0.019479,2697.0
1753504375766,04:32:55.766,ANIME/USDT:USDT,0.01947,1153.0,0.019469,5800.0,0.019476,1151.0,0.019479,2697.0
1753504375770,04:32:55.770,ANIME/USDT:USDT,0.01947,1153.0,0.019469,5800.0,0.019476,1151.0,0.019479,2697.0
1753504376537,04:32:56.537,ANIME/USDT:USDT,0.01947,1153.0,0.019469,5800.0,0.019476,1151.0,0.019479,2697.0
1753504376541,04:32:56.541,ANIME/USDT:USDT,0.01947,1153.0,0.019469,5800.0,0.019476,1151.0,0.019479,2697.0
1753504376739,04:32:56.739,ANIME/USDT:USDT,0.01947,1153.0,0.019469,5800.0,0.019476,1151.0,0.019479,2697.0
1753504376742,04:32:56.742,ANIME/USDT:USDT,0.01947,1153.0,0.019469,5800.0,0.019476,1151.0,0.019479,2697.0
1753504378599,04:32:58.599,ANIME/USDT:USDT,0.01947,1153.0,0.019469,5800.0,0.019476,1151.0,0.01948,1785.0
1753504378602,04:32:58.602,ANIME/USDT:USDT,0.01947,1153.0,0.019469,5800.0,0.01948,1785.0,0.019481,1754.0
1753504378603,04:32:58.603,ANIME/USDT:USDT,0.01947,1153.0,0.019469,5800.0,0.01948,1785.0,0.019481,1754.0
1753504378607,04:32:58.607,ANIME/USDT:USDT,0.01947,1153.0,0.019469,5800.0,0.019479,1151.0,0.019482,1753.0
1753504378643,04:32:58.643,ANIME/USDT:USDT,0.01947,1153.0,0.019469,5800.0,0.019479,1151.0,0.019482,1753.0
1753504378645,04:32:58.645,ANIME/USDT:USDT,0.01947,1153.0,0.019469,5800.0,0.019479,1151.0,0.019482,1753.0
1753504378649,04:32:58.649,ANIME/USDT:USDT,0.01947,1153.0,0.019469,5800.0,0.019479,1151.0,0.019482,2660.0
1753504378695,04:32:58.695,ANIME/USDT:USDT,0.01947,1153.0,0.019469,5800.0,0.019479,1151.0,0.019482,2660.0
1753504380593,04:33:00.593,ANIME/USDT:USDT,0.01947,1153.0,0.019469,5800.0,0.019479,1151.0,0.019482,2660.0
1753504380671,04:33:00.671,ANIME/USDT:USDT,0.01947,1153.0,0.019469,5800.0,0.019479,1151.0,0.019482,2660.0
1753504381114,04:33:01.114,ANIME/USDT:USDT,0.01947,1153.0,0.019469,5800.0,0.019479,1151.0,0.019482,2660.0
1753504381120,04:33:01.120,ANIME/USDT:USDT,0.01947,1153.0,0.019469,5800.0,0.019479,1151.0,0.019482,2660.0
1753504381121,04:33:01.121,ANIME/USDT:USDT,0.01947,1153.0,0.019469,5800.0,0.019479,1151.0,0.019482,2660.0
1753504381214,04:33:01.214,ANIME/USDT:USDT,0.019471,911.0,0.01947,1153.0,0.019479,1151.0,0.019482,2660.0
1753504381216,04:33:01.216,ANIME/USDT:USDT,0.019472,1151.0,0.019471,911.0,0.019479,1151.0,0.019482,2660.0
1753504381226,04:33:01.226,ANIME/USDT:USDT,0.019472,1151.0,0.019471,911.0,0.019479,1151.0,0.019482,2660.0
1753504381228,04:33:01.228,ANIME/USDT:USDT,0.019472,1151.0,0.01947,1153.0,0.019479,1151.0,0.019482,2660.0
1753504381337,04:33:01.337,ANIME/USDT:USDT,0.019472,1151.0,0.01947,1153.0,0.019479,1151.0,0.019482,2660.0
1753504381342,04:33:01.342,ANIME/USDT:USDT,0.019472,1151.0,0.01947,1153.0,0.019479,1151.0,0.019482,2660.0
1753504381346,04:33:01.346,ANIME/USDT:USDT,0.019472,1151.0,0.01947,1153.0,0.019479,1151.0,0.019482,2660.0
1753504381370,04:33:01.370,ANIME/USDT:USDT,0.01947,1153.0,0.019469,7577.0,0.019479,1151.0,0.019482,2660.0
1753504381375,04:33:01.375,ANIME/USDT:USDT,0.01947,1153.0,0.019469,7577.0,0.019479,1151.0,0.019482,2660.0
1753504381379,04:33:01.379,ANIME/USDT:USDT,0.01947,1153.0,0.019469,5800.0,0.019479,1151.0,0.019482,2660.0
1753504382006,04:33:02.006,ANIME/USDT:USDT,0.01947,1153.0,0.019469,5800.0,0.019479,1151.0,0.019482,2660.0
1753504383421,04:33:03.421,ANIME/USDT:USDT,0.01947,1153.0,0.019469,5800.0,0.019479,1151.0,0.019482,2660.0
1753504383423,04:33:03.423,ANIME/USDT:USDT,0.01947,1153.0,0.019469,5800.0,0.019479,1151.0,0.019482,2660.0
1753504383881,04:33:03.881,ANIME/USDT:USDT,0.01947,1153.0,0.019469,5800.0,0.019479,1151.0,0.019482,2660.0
1753504384730,04:33:04.730,ANIME/USDT:USDT,0.01947,1153.0,0.019469,5800.0,0.019479,2151.0,0.019482,2660.0
1753504384733,04:33:04.733,ANIME/USDT:USDT,0.01947,1153.0,0.019469,5800.0,0.019479,2151.0,0.019482,2660.0
1753504384734,04:33:04.734,ANIME/USDT:USDT,0.01947,1153.0,0.019469,5800.0,0.019478,1151.0,0.019479,2151.0
1753504384737,04:33:04.737,ANIME/USDT:USDT,0.01947,1153.0,0.019469,5800.0,0.019478,2151.0,0.019479,2151.0
1753504384740,04:33:04.740,ANIME/USDT:USDT,0.01947,1153.0,0.019469,5800.0,0.019477,1151.0,0.019478,2151.0
1753504384743,04:33:04.743,ANIME/USDT:USDT,0.01947,1153.0,0.019469,5800.0,0.019477,1151.0,0.019478,1000.0
1753504384744,04:33:04.744,ANIME/USDT:USDT,0.01947,1153.0,0.019469,5800.0,0.019477,2151.0,0.019478,1000.0
1753504384747,04:33:04.747,ANIME/USDT:USDT,0.01947,1153.0,0.019469,5800.0,0.019476,1151.0,0.019477,2151.0
1753504384770,04:33:04.770,ANIME/USDT:USDT,0.01947,1153.0,0.019469,5800.0,0.019476,1151.0,0.019477,2151.0
1753504384774,04:33:04.774,ANIME/USDT:USDT,0.01947,1153.0,0.019469,5800.0,0.019476,1151.0,0.019477,2151.0
1753504384821,04:33:04.821,ANIME/USDT:USDT,0.01947,1153.0,0.019469,5800.0,0.019476,1151.0,0.019477,2151.0
1753504384822,04:33:04.822,ANIME/USDT:USDT,0.01947,1153.0,0.019469,5800.0,0.019476,1151.0,0.019477,2151.0
1753504384837,04:33:04.837,ANIME/USDT:USDT,0.01947,1153.0,0.019469,5800.0,0.019476,1151.0,0.019477,2151.0
1753504384903,04:33:04.903,ANIME/USDT:USDT,0.01947,1153.0,0.019469,5800.0,0.019476,1151.0,0.019477,1000.0
1753504384941,04:33:04.941,ANIME/USDT:USDT,0.01947,1153.0,0.019469,5800.0,0.019476,1151.0,0.019477,1000.0
1753504385964,04:33:05.964,ANIME/USDT:USDT,0.01947,1153.0,0.019469,5800.0,0.019476,1151.0,0.019477,1000.0
1753504386013,04:33:06.013,ANIME/USDT:USDT,0.01947,1153.0,0.019469,5800.0,0.019476,1151.0,0.019477,1000.0
1753504386137,04:33:06.137,ANIME/USDT:USDT,0.01947,1153.0,0.019469,5800.0,0.019476,1151.0,0.019477,1000.0
1753504386141,04:33:06.141,ANIME/USDT:USDT,0.01947,1153.0,0.019469,5800.0,0.019476,1151.0,0.019477,1000.0
1753504386214,04:33:06.214,ANIME/USDT:USDT,0.019471,950.0,0.01947,1153.0,0.019476,1151.0,0.019477,1000.0
1753504386216,04:33:06.216,ANIME/USDT:USDT,0.01947,1153.0,0.019469,5800.0,0.019476,1151.0,0.019477,1000.0
1753504386693,04:33:06.693,ANIME/USDT:USDT,0.01947,1153.0,0.019469,5800.0,0.019476,1151.0,0.019478,1000.0
1753504389006,04:33:09.006,ANIME/USDT:USDT,0.01947,1153.0,0.019469,5800.0,0.019476,1151.0,0.019478,1000.0
1753504390642,04:33:10.642,ANIME/USDT:USDT,0.01947,1153.0,0.019469,5800.0,0.019476,1151.0,0.019478,1000.0
1753504390642,04:33:10.642,ANIME/USDT:USDT,0.01947,1153.0,0.019469,5800.0,0.019476,1151.0,0.019478,1000.0
1753504390642,04:33:10.642,ANIME/USDT:USDT,0.01947,1153.0,0.019469,5800.0,0.019476,1151.0,0.019478,1000.0
1753504390938,04:33:10.938,ANIME/USDT:USDT,0.01947,1153.0,0.019469,5800.0,0.019476,1151.0,0.019478,1000.0
1753504390941,04:33:10.941,ANIME/USDT:USDT,0.01947,1153.0,0.019469,5800.0,0.019476,1151.0,0.019478,1000.0
1753504390946,04:33:10.946,ANIME/USDT:USDT,0.01947,1153.0,0.019469,5800.0,0.019476,1151.0,0.019478,1000.0
1753504391719,04:33:11.719,ANIME/USDT:USDT,0.01947,1153.0,0.019469,5800.0,0.019476,1151.0,0.019478,1000.0
1753504391956,04:33:11.956,ANIME/USDT:USDT,0.01947,1153.0,0.019469,5800.0,0.019476,1151.0,0.019478,1000.0
1753504392088,04:33:12.088,ANIME/USDT:USDT,0.01947,1153.0,0.019469,5800.0,0.019475,909.0,0.019476,1151.0
1753504392091,04:33:12.091,ANIME/USDT:USDT,0.01947,1153.0,0.019469,5800.0,0.019474,1182.0,0.019475,2091.0
1753504392094,04:33:12.094,ANIME/USDT:USDT,0.01947,1153.0,0.019469,5800.0,0.019474,1182.0,0.019475,2091.0
1753504392096,04:33:12.096,ANIME/USDT:USDT,0.01947,1153.0,0.019469,5800.0,0.019475,909.0,0.019476,1151.0
1753504392098,04:33:12.098,ANIME/USDT:USDT,0.01947,1153.0,0.019469,5800.0,0.019475,909.0,0.019476,1151.0
1753504392099,04:33:12.099,ANIME/USDT:USDT,0.01947,1153.0,0.019469,5800.0,0.019476,1151.0,0.019478,3691.0
1753504392130,04:33:12.130,ANIME/USDT:USDT,0.01947,1153.0,0.019469,5800.0,0.019476,1151.0,0.019478,3691.0
1753504392134,04:33:12.134,ANIME/USDT:USDT,0.01947,1153.0,0.019469,5800.0,0.019476,1151.0,0.019478,3691.0
1753504395223,04:33:15.223,ANIME/USDT:USDT,0.01947,1153.0,0.019469,5800.0,0.019476,1151.0,0.019478,1000.0
1753504395260,04:33:15.260,ANIME/USDT:USDT,0.01947,1153.0,0.019469,5800.0,0.019476,1151.0,0.019478,1000.0
1753504395289,04:33:15.289,ANIME/USDT:USDT,0.01947,1153.0,0.019469,5800.0,0.019476,1151.0,0.019478,1000.0
1753504395737,04:33:15.737,ANIME/USDT:USDT,0.01947,1153.0,0.019469,5800.0,0.019476,1151.0,0.019478,1000.0
1753504395741,04:33:15.741,ANIME/USDT:USDT,0.01947,1153.0,0.019469,5800.0,0.019476,1151.0,0.019478,1000.0
1753504395930,04:33:15.930,ANIME/USDT:USDT,0.01947,1153.0,0.019469,12148.0,0.019476,1151.0,0.019478,1000.0
1753504395931,04:33:15.931,ANIME/USDT:USDT,0.01947,1153.0,0.019469,12148.0,0.019476,1151.0,0.019478,1000.0
1753504395934,04:33:15.934,ANIME/USDT:USDT,0.01947,3057.0,0.019469,12148.0,0.019476,1151.0,0.019478,1000.0
1753504395938,04:33:15.938,ANIME/USDT:USDT,0.019471,1179.0,0.01947,1904.0,0.019476,1151.0,0.019478,1000.0
1753504396187,04:33:16.187,ANIME/USDT:USDT,0.019471,1179.0,0.01947,1904.0,0.019476,1151.0,0.019478,1000.0
1753504396643,04:33:16.643,ANIME/USDT:USDT,0.019471,1179.0,0.01947,1904.0,0.019476,1151.0,0.019479,3842.0
1753504396708,04:33:16.708,ANIME/USDT:USDT,0.019471,1179.0,0.01947,1904.0,0.019479,3842.0,0.01948,1780.0
1753504396712,04:33:16.712,ANIME/USDT:USDT,0.019471,1179.0,0.01947,1904.0,0.019479,2931.0,0.019481,1780.0
1753504396712,04:33:16.712,ANIME/USDT:USDT,0.019471,1179.0,0.01947,1904.0,0.019479,1151.0,0.019481,1780.0
1753504396712,04:33:16.712,ANIME/USDT:USDT,0.019471,1179.0,0.01947,1904.0,0.019478,1179.0,0.019481,1780.0
1753504396713,04:33:16.713,ANIME/USDT:USDT,0.019471,1179.0,0.01947,1904.0,0.019478,1179.0,0.019481,1780.0
1753504396717,04:33:16.717,ANIME/USDT:USDT,0.019471,1179.0,0.01947,1904.0,0.019478,1179.0,0.019481,1780.0
1753504396717,04:33:16.717,ANIME/USDT:USDT,0.019471,1179.0,0.01947,1904.0,0.019478,1179.0,0.019483,1753.0
1753504396717,04:33:16.717,ANIME/USDT:USDT,0.019471,1179.0,0.01947,1904.0,0.019478,1179.0,0.019483,1753.0
1753504396749,04:33:16.749,ANIME/USDT:USDT,0.019471,1179.0,0.01947,1904.0,0.019478,1179.0,0.019481,1783.0
1753504396772,04:33:16.772,ANIME/USDT:USDT,0.019471,1179.0,0.01947,1904.0,0.019478,1179.0,0.019481,2694.0
1753504397629,04:33:17.629,ANIME/USDT:USDT,0.019471,1179.0,0.019469,6348.0,0.019478,1179.0,0.019481,2694.0
1753504397638,04:33:17.638,ANIME/USDT:USDT,0.019471,1179.0,0.019468,19956.0,0.019478,1179.0,0.019481,2694.0
1753504398009,04:33:18.009,ANIME/USDT:USDT,0.019471,1179.0,0.019468,19956.0,0.019478,1179.0,0.019481,2694.0
