timestamp,time,symbol,bid1_price,bid1_volume,bid2_price,bid2_volume,ask1_price,ask1_volume,ask2_price,ask2_volume
1753503308082,04:15:08.082,ACH/USDT:USDT,0.0224,29826.0,0.022399,3581.0,0.022401,10772.0,0.022404,7176.0
1753503308154,04:15:08.154,ACH/USDT:USDT,0.0224,29826.0,0.022399,3581.0,0.022401,10772.0,0.022404,7176.0
1753503308302,04:15:08.302,ACH/USDT:USDT,0.0224,29826.0,0.022399,3581.0,0.022401,10772.0,0.022404,7176.0
1753503308555,04:15:08.555,ACH/USDT:USDT,0.0224,29826.0,0.022399,3581.0,0.022401,10772.0,0.022404,7176.0
1753503308902,04:15:08.902,ACH/USDT:USDT,0.0224,29826.0,0.022399,3581.0,0.022401,10772.0,0.022404,7176.0
1753503309168,04:15:09.168,ACH/USDT:USDT,0.0224,29826.0,0.022399,3581.0,0.022401,10772.0,0.022404,7176.0
1753503309398,04:15:09.398,ACH/USDT:USDT,0.0224,29826.0,0.022399,3581.0,0.022401,10772.0,0.022404,7176.0
1753503309502,04:15:09.502,ACH/USDT:USDT,0.0224,29826.0,0.022399,3581.0,0.022401,10772.0,0.022404,7176.0
1753503309616,04:15:09.616,ACH/USDT:USDT,0.0224,29826.0,0.022399,3581.0,0.022401,10772.0,0.022404,7176.0
1753503309839,04:15:09.839,ACH/USDT:USDT,0.0224,29826.0,0.022398,13175.0,0.022401,10772.0,0.022403,3302.0
1753503309943,04:15:09.943,ACH/USDT:USDT,0.0224,29826.0,0.022398,16477.0,0.022401,10772.0,0.022404,7176.0
1753503310102,04:15:10.102,ACH/USDT:USDT,0.0224,29826.0,0.022398,16477.0,0.022401,10772.0,0.022404,7176.0
1753503310208,04:15:10.208,ACH/USDT:USDT,0.0224,29826.0,0.022398,16477.0,0.022401,10772.0,0.022404,7176.0
1753503310548,04:15:10.548,ACH/USDT:USDT,0.0224,29826.0,0.022398,16477.0,0.022401,10772.0,0.022403,893.0
1753503310665,04:15:10.665,ACH/USDT:USDT,0.0224,29826.0,0.022398,16477.0,0.022401,10772.0,0.022403,893.0
1753503310771,04:15:10.771,ACH/USDT:USDT,0.0224,29826.0,0.022398,13175.0,0.022401,10772.0,0.022403,4195.0
1753503311123,04:15:11.123,ACH/USDT:USDT,0.0224,29826.0,0.022398,13175.0,0.022401,10772.0,0.022403,4195.0
1753503311226,04:15:11.226,ACH/USDT:USDT,0.0224,29826.0,0.022398,13175.0,0.022401,10772.0,0.022403,4195.0
1753503311388,04:15:11.388,ACH/USDT:USDT,0.0224,29826.0,0.022398,16477.0,0.022401,10772.0,0.022403,4195.0
1753503311510,04:15:11.510,ACH/USDT:USDT,0.0224,28200.0,0.022398,227.0,0.022401,10772.0,0.022403,15144.0
1753503311622,04:15:11.622,ACH/USDT:USDT,0.0224,28200.0,0.022398,227.0,0.022401,10772.0,0.022403,15144.0
1753503311758,04:15:11.758,ACH/USDT:USDT,0.0224,28200.0,0.022398,227.0,0.022401,10772.0,0.022403,15144.0
1753503312069,04:15:12.069,ACH/USDT:USDT,0.0224,28738.0,0.022399,3302.0,0.022401,10772.0,0.022403,10949.0
1753503312295,04:15:12.295,ACH/USDT:USDT,0.0224,28738.0,0.022399,3302.0,0.022401,10772.0,0.022403,10949.0
1753503312485,04:15:12.485,ACH/USDT:USDT,0.0224,28738.0,0.022399,3302.0,0.022401,10772.0,0.022403,10949.0
1753503312588,04:15:12.588,ACH/USDT:USDT,0.0224,28738.0,0.022398,4259.0,0.022401,10772.0,0.022403,10949.0
1753503312798,04:15:12.798,ACH/USDT:USDT,0.0224,28738.0,0.022398,227.0,0.022401,10772.0,0.022403,15144.0
1753503312903,04:15:12.903,ACH/USDT:USDT,0.0224,28738.0,0.022398,227.0,0.022401,10772.0,0.022403,15144.0
1753503313118,04:15:13.118,ACH/USDT:USDT,0.0224,28738.0,0.022398,3529.0,0.022401,10772.0,0.022403,14251.0
1753503313402,04:15:13.402,ACH/USDT:USDT,0.0224,28738.0,0.022398,3529.0,0.022401,14600.0,0.022403,14251.0
1753503313572,04:15:13.572,ACH/USDT:USDT,0.0224,28738.0,0.022398,3529.0,0.022401,14600.0,0.022403,14251.0
1753503313704,04:15:13.704,ACH/USDT:USDT,0.0224,28738.0,0.022398,3529.0,0.022401,14600.0,0.022403,15144.0
1753503313844,04:15:13.844,ACH/USDT:USDT,0.0224,28738.0,0.022398,3529.0,0.022401,14600.0,0.022403,15144.0
1753503314002,04:15:14.002,ACH/USDT:USDT,0.0224,28738.0,0.022398,227.0,0.022401,26103.0,0.022403,15144.0
1753503314117,04:15:14.117,ACH/USDT:USDT,0.0224,28738.0,0.022398,227.0,0.022401,26103.0,0.022403,15144.0
1753503314227,04:15:14.227,ACH/USDT:USDT,0.0224,28738.0,0.022398,227.0,0.022401,26103.0,0.022403,15144.0
1753503314561,04:15:14.561,ACH/USDT:USDT,0.0224,28738.0,0.022398,227.0,0.022401,26103.0,0.022403,15144.0
1753503314667,04:15:14.667,ACH/USDT:USDT,0.0224,28738.0,0.022398,227.0,0.022401,26103.0,0.022403,15144.0
1753503314771,04:15:14.771,ACH/USDT:USDT,0.0224,28738.0,0.022398,227.0,0.022401,26103.0,0.022403,15144.0
1753503314928,04:15:14.928,ACH/USDT:USDT,0.0224,28738.0,0.022398,3529.0,0.022401,26103.0,0.022403,15144.0
1753503315088,04:15:15.088,ACH/USDT:USDT,0.0224,28738.0,0.022398,3529.0,0.022401,26103.0,0.022403,15144.0
1753503315202,04:15:15.202,ACH/USDT:USDT,0.0224,28738.0,0.022398,3529.0,0.022401,26103.0,0.022403,15144.0
1753503315322,04:15:15.322,ACH/USDT:USDT,0.0224,28738.0,0.022398,3529.0,0.022401,26567.0,0.022403,15144.0
1753503315462,04:15:15.462,ACH/USDT:USDT,0.0224,28738.0,0.022398,7561.0,0.022401,26568.0,0.022403,15144.0
1753503315565,04:15:15.565,ACH/USDT:USDT,0.0224,28738.0,0.022398,7561.0,0.022401,26568.0,0.022403,15144.0
1753503315669,04:15:15.669,ACH/USDT:USDT,0.0224,28738.0,0.022398,7561.0,0.022401,26568.0,0.022403,11842.0
1753503315771,04:15:15.771,ACH/USDT:USDT,0.0224,28738.0,0.022398,7561.0,0.022401,26568.0,0.022403,11842.0
1753503315872,04:15:15.872,ACH/USDT:USDT,0.0224,28738.0,0.022398,7561.0,0.022401,26568.0,0.022403,11842.0
1753503316020,04:15:16.020,ACH/USDT:USDT,0.0224,28738.0,0.022398,7561.0,0.022401,26568.0,0.022403,11842.0
1753503316129,04:15:16.129,ACH/USDT:USDT,0.0224,28738.0,0.022398,7561.0,0.022401,26568.0,0.022403,11842.0
1753503316291,04:15:16.291,ACH/USDT:USDT,0.0224,28738.0,0.022398,7561.0,0.022401,26568.0,0.022403,11842.0
1753503316401,04:15:16.401,ACH/USDT:USDT,0.0224,28738.0,0.022398,7561.0,0.022401,26568.0,0.022403,11842.0
1753503316773,04:15:16.773,ACH/USDT:USDT,0.0224,28738.0,0.022398,7561.0,0.022401,26568.0,0.022403,11842.0
1753503316875,04:15:16.875,ACH/USDT:USDT,0.0224,28738.0,0.022398,7561.0,0.022401,26568.0,0.022403,11842.0
1753503317018,04:15:17.018,ACH/USDT:USDT,0.0224,28738.0,0.022398,7561.0,0.022401,26568.0,0.022403,893.0
1753503317128,04:15:17.128,ACH/USDT:USDT,0.0224,28738.0,0.022398,18773.0,0.022401,26568.0,0.022404,7176.0
1753503317283,04:15:17.283,ACH/USDT:USDT,0.0224,28738.0,0.022398,18773.0,0.022401,26568.0,0.022404,7176.0
1753503317399,04:15:17.399,ACH/USDT:USDT,0.0224,28738.0,0.022398,18773.0,0.022401,26568.0,0.022404,7176.0
1753503317502,04:15:17.502,ACH/USDT:USDT,0.0224,28738.0,0.022398,18773.0,0.022401,26568.0,0.022404,7176.0
1753503317632,04:15:17.632,ACH/USDT:USDT,0.0224,28738.0,0.022398,18773.0,0.022401,26568.0,0.022404,7176.0
1753503317916,04:15:17.916,ACH/USDT:USDT,0.0224,28738.0,0.022398,18773.0,0.022401,24683.0,0.022404,7176.0
1753503318074,04:15:18.074,ACH/USDT:USDT,0.0224,28503.0,0.022398,18773.0,0.022401,24683.0,0.022404,7176.0
1753503318218,04:15:18.218,ACH/USDT:USDT,0.0224,28503.0,0.022398,18773.0,0.022401,24683.0,0.022404,7176.0
1753503318342,04:15:18.342,ACH/USDT:USDT,0.0224,28738.0,0.022398,18773.0,0.022401,24683.0,0.022404,7176.0
1753503318453,04:15:18.453,ACH/USDT:USDT,0.0224,30527.0,0.022398,18773.0,0.022401,24683.0,0.022404,7176.0
1753503318556,04:15:18.556,ACH/USDT:USDT,0.0224,30527.0,0.022398,18773.0,0.022401,24683.0,0.022404,7176.0
1753503318778,04:15:18.778,ACH/USDT:USDT,0.0224,30527.0,0.022398,18773.0,0.022401,24683.0,0.022404,7176.0
1753503318899,04:15:18.899,ACH/USDT:USDT,0.0224,30527.0,0.022398,18773.0,0.022401,24683.0,0.022404,7176.0
1753503319002,04:15:19.002,ACH/USDT:USDT,0.0224,30527.0,0.022398,18773.0,0.022401,24683.0,0.022404,7176.0
1753503319153,04:15:19.153,ACH/USDT:USDT,0.0224,30527.0,0.022398,18773.0,0.022401,24683.0,0.022404,7176.0
1753503319338,04:15:19.338,ACH/USDT:USDT,0.0224,30527.0,0.022398,18773.0,0.022401,24676.0,0.022404,7176.0
1753503319442,04:15:19.442,ACH/USDT:USDT,0.0224,30527.0,0.022398,18773.0,0.022401,24676.0,0.022404,7176.0
1753503319788,04:15:19.788,ACH/USDT:USDT,0.0224,30527.0,0.022398,18773.0,0.022401,24676.0,0.022404,7176.0
1753503320002,04:15:20.002,ACH/USDT:USDT,0.0224,30527.0,0.022398,18773.0,0.022401,24676.0,0.022404,7176.0
1753503320318,04:15:20.318,ACH/USDT:USDT,0.0224,30527.0,0.022398,18773.0,0.022401,24676.0,0.022404,7176.0
1753503320602,04:15:20.602,ACH/USDT:USDT,0.0224,30527.0,0.022398,18773.0,0.022401,24676.0,0.022404,7176.0
1753503320728,04:15:20.728,ACH/USDT:USDT,0.0224,30527.0,0.022398,18773.0,0.022401,24676.0,0.022404,7176.0
1753503320829,04:15:20.829,ACH/USDT:USDT,0.022403,3232.0,0.022401,16672.0,0.022404,246.0,0.022405,738.0
1753503320931,04:15:20.931,ACH/USDT:USDT,0.022403,8660.0,0.022401,16672.0,0.022404,246.0,0.022405,738.0
1753503321035,04:15:21.035,ACH/USDT:USDT,0.022403,19872.0,0.022402,4032.0,0.022404,246.0,0.022406,4886.0
1753503321136,04:15:21.136,ACH/USDT:USDT,0.022406,12069.0,0.022404,17739.0,0.022407,12196.0,0.022408,3567.0
1753503321240,04:15:21.240,ACH/USDT:USDT,0.022406,12069.0,0.022403,7058.0,0.022407,12196.0,0.022408,3567.0
1753503321346,04:15:21.346,ACH/USDT:USDT,0.022406,12069.0,0.022403,7058.0,0.022407,12196.0,0.022408,6869.0
1753503321448,04:15:21.448,ACH/USDT:USDT,0.022406,12069.0,0.022403,7058.0,0.022407,12196.0,0.022408,6869.0
1753503321552,04:15:21.552,ACH/USDT:USDT,0.022403,737.0,0.022402,226.0,0.022406,14514.0,0.022407,20384.0
1753503321656,04:15:21.656,ACH/USDT:USDT,0.022403,737.0,0.022402,226.0,0.022406,14514.0,0.022407,20384.0
1753503321801,04:15:21.801,ACH/USDT:USDT,0.022403,737.0,0.022402,226.0,0.022406,14514.0,0.022407,9172.0
1753503321907,04:15:21.907,ACH/USDT:USDT,0.022403,737.0,0.022402,226.0,0.022406,14514.0,0.022407,9172.0
1753503322127,04:15:22.127,ACH/USDT:USDT,0.022403,737.0,0.022402,226.0,0.022406,14514.0,0.022407,9172.0
1753503322230,04:15:22.230,ACH/USDT:USDT,0.022403,2168.0,0.022402,226.0,0.022406,14514.0,0.022407,9172.0
1753503322353,04:15:22.353,ACH/USDT:USDT,0.022403,3599.0,0.022402,226.0,0.022406,15381.0,0.022407,9172.0
1753503322502,04:15:22.502,ACH/USDT:USDT,0.022403,3599.0,0.022402,226.0,0.022406,15381.0,0.022407,9172.0
1753503322610,04:15:22.610,ACH/USDT:USDT,0.022403,3599.0,0.022402,226.0,0.022406,17613.0,0.022407,9172.0
1753503322712,04:15:22.712,ACH/USDT:USDT,0.022403,3599.0,0.022402,226.0,0.022406,17613.0,0.022407,9172.0
1753503322831,04:15:22.831,ACH/USDT:USDT,0.022403,3599.0,0.022402,226.0,0.022406,17613.0,0.022407,9172.0
