timestamp,time,symbol,bid1_price,bid1_volume,bid2_price,bid2_volume,ask1_price,ask1_volume,ask2_price,ask2_volume
1753503735575,04:22:15.575,ACH/USDT:USDT,0.022344,10.0,0.02234,250.0,0.022345,6530.0,0.022346,92670.0
1753503735676,04:22:15.676,ACH/USDT:USDT,0.022344,10.0,0.02234,250.0,0.022345,6530.0,0.022346,92670.0
1753503736375,04:22:16.375,ACH/USDT:USDT,0.022344,10.0,0.02234,250.0,0.022345,6530.0,0.022346,92670.0
1753503736775,04:22:16.775,ACH/USDT:USDT,0.022344,10.0,0.02234,250.0,0.022345,6530.0,0.022346,92670.0
1753503736875,04:22:16.875,ACH/USDT:USDT,0.022344,10.0,0.02234,250.0,0.022345,6530.0,0.022346,92670.0
1753503737376,04:22:17.376,ACH/USDT:USDT,0.022344,10.0,0.02234,250.0,0.022345,6530.0,0.022346,92670.0
1753503739175,04:22:19.175,ACH/USDT:USDT,0.022344,10.0,0.02234,250.0,0.022345,6530.0,0.022346,92670.0
1753503739681,04:22:19.681,ACH/USDT:USDT,0.022344,10.0,0.02234,250.0,0.022345,6530.0,0.022346,92670.0
1753503740275,04:22:20.275,ACH/USDT:USDT,0.022344,10.0,0.02234,250.0,0.022345,6530.0,0.022346,92670.0
1753503740475,04:22:20.475,ACH/USDT:USDT,0.022344,10.0,0.02234,250.0,0.022345,6530.0,0.022346,92670.0
1753503740675,04:22:20.675,ACH/USDT:USDT,0.022344,10.0,0.02234,1700.0,0.022345,5050.0,0.022346,92670.0
1753503740775,04:22:20.775,ACH/USDT:USDT,0.022344,10.0,0.02234,1700.0,0.022345,5050.0,0.022346,92670.0
1753503740974,04:22:20.974,ACH/USDT:USDT,0.022344,10.0,0.02234,1700.0,0.022345,5050.0,0.022346,92670.0
1753503741475,04:22:21.475,ACH/USDT:USDT,0.022344,10.0,0.02234,1700.0,0.022345,6530.0,0.022346,92670.0
1753503741573,04:22:21.573,ACH/USDT:USDT,0.022344,10.0,0.02234,1700.0,0.022345,6530.0,0.022346,92670.0
1753503741676,04:22:21.676,ACH/USDT:USDT,0.022344,10.0,0.02234,1700.0,0.022345,5050.0,0.022346,92670.0
1753503743475,04:22:23.475,ACH/USDT:USDT,0.022344,10.0,0.02234,1700.0,0.022345,5050.0,0.022346,92670.0
1753503743575,04:22:23.575,ACH/USDT:USDT,0.022344,10.0,0.02234,1700.0,0.022345,5050.0,0.022346,92670.0
1753503744776,04:22:24.776,ACH/USDT:USDT,0.022344,10.0,0.02234,1700.0,0.022345,5050.0,0.022346,92670.0
1753503744876,04:22:24.876,ACH/USDT:USDT,0.022344,10.0,0.02234,1700.0,0.022345,5050.0,0.022346,92670.0
1753503745275,04:22:25.275,ACH/USDT:USDT,0.022344,10.0,0.02234,1700.0,0.022345,5050.0,0.022346,92670.0
1753503745774,04:22:25.774,ACH/USDT:USDT,0.022344,10.0,0.02234,1700.0,0.022345,6530.0,0.022346,92670.0
1753503746575,04:22:26.575,ACH/USDT:USDT,0.022344,10.0,0.02234,1700.0,0.022345,6530.0,0.022346,92670.0
1753503746774,04:22:26.774,ACH/USDT:USDT,0.022344,10.0,0.02234,1700.0,0.022345,6530.0,0.022346,92670.0
1753503746974,04:22:26.974,ACH/USDT:USDT,0.022344,10.0,0.02234,1700.0,0.022345,6530.0,0.022346,92670.0
1753503748273,04:22:28.273,ACH/USDT:USDT,0.022344,10.0,0.02234,1700.0,0.022345,6530.0,0.022346,92670.0
1753503749974,04:22:29.974,ACH/USDT:USDT,0.022344,10.0,0.02234,1700.0,0.022345,6530.0,0.022346,92670.0
1753503750075,04:22:30.075,ACH/USDT:USDT,0.022344,10.0,0.02234,1700.0,0.022345,6530.0,0.022346,92670.0
1753503751875,04:22:31.875,ACH/USDT:USDT,0.022344,10.0,0.02234,1700.0,0.022345,6550.0,0.022346,92670.0
1753503754074,04:22:34.074,ACH/USDT:USDT,0.022344,10.0,0.02234,1700.0,0.022345,6550.0,0.022346,92670.0
1753503754775,04:22:34.775,ACH/USDT:USDT,0.022344,10.0,0.02234,250.0,0.022345,6550.0,0.022346,92670.0
1753503754874,04:22:34.874,ACH/USDT:USDT,0.022344,10.0,0.02234,250.0,0.022345,6550.0,0.022346,92670.0
1753503755073,04:22:35.073,ACH/USDT:USDT,0.022344,10.0,0.02234,250.0,0.022345,6550.0,0.022346,92670.0
1753503755175,04:22:35.175,ACH/USDT:USDT,0.022344,10.0,0.02234,250.0,0.022345,6550.0,0.022346,92670.0
1753503756176,04:22:36.176,ACH/USDT:USDT,0.022344,10.0,0.02234,250.0,0.022345,6550.0,0.022346,92670.0
1753503756574,04:22:36.574,ACH/USDT:USDT,0.022344,10.0,0.02234,250.0,0.022345,6550.0,0.022346,92670.0
1753503758374,04:22:38.374,ACH/USDT:USDT,0.022344,10.0,0.02234,250.0,0.022345,6550.0,0.022346,92670.0
1753503758474,04:22:38.474,ACH/USDT:USDT,0.022344,10.0,0.02234,250.0,0.022345,6550.0,0.022346,92670.0
1753503758574,04:22:38.574,ACH/USDT:USDT,0.022344,10.0,0.02234,250.0,0.022345,6550.0,0.022346,92670.0
1753503758875,04:22:38.875,ACH/USDT:USDT,0.022344,10.0,0.02234,250.0,0.022345,6550.0,0.022346,92670.0
1753503759175,04:22:39.175,ACH/USDT:USDT,0.022344,10.0,0.02234,250.0,0.022345,6550.0,0.022346,92670.0
1753503759679,04:22:39.679,ACH/USDT:USDT,0.022344,10.0,0.02234,250.0,0.022345,6550.0,0.022346,92670.0
1753503760175,04:22:40.175,ACH/USDT:USDT,0.022344,10.0,0.02234,250.0,0.022345,6550.0,0.022346,92670.0
1753503761275,04:22:41.275,ACH/USDT:USDT,0.022344,10.0,0.02234,250.0,0.022345,6550.0,0.022346,92670.0
1753503761575,04:22:41.575,ACH/USDT:USDT,0.022344,10.0,0.02234,250.0,0.022345,66720.0,0.022346,92670.0
1753503761678,04:22:41.678,ACH/USDT:USDT,0.022344,10.0,0.02234,250.0,0.022345,71550.0,0.022346,92670.0
1753503761873,04:22:41.873,ACH/USDT:USDT,0.022344,10.0,0.02234,250.0,0.022345,71550.0,0.022346,92670.0
1753503764178,04:22:44.178,ACH/USDT:USDT,0.02233,250.0,0.022329,1430.0,0.022335,8520.0,0.022336,2000.0
1753503764275,04:22:44.275,ACH/USDT:USDT,0.02233,250.0,0.022329,1430.0,0.022334,5960.0,0.022335,4320.0
1753503764375,04:22:44.375,ACH/USDT:USDT,0.02233,3150.0,0.022329,1430.0,0.022334,1480.0,0.022335,64490.0
1753503764476,04:22:44.476,ACH/USDT:USDT,0.02233,4860.0,0.022329,1430.0,0.022335,2840.0,0.022336,550.0
1753503764575,04:22:44.575,ACH/USDT:USDT,0.02233,4860.0,0.022327,1450.0,0.022332,1760.0,0.022335,2840.0
1753503764674,04:22:44.674,ACH/USDT:USDT,0.02233,3410.0,0.022327,1450.0,0.022332,61930.0,0.022335,2840.0
1753503765175,04:22:45.175,ACH/USDT:USDT,0.02233,3410.0,0.022327,1450.0,0.022332,61930.0,0.022335,2840.0
1753503765273,04:22:45.273,ACH/USDT:USDT,0.02233,3410.0,0.022327,1450.0,0.022332,61930.0,0.022335,2840.0
1753503765375,04:22:45.375,ACH/USDT:USDT,0.02233,3410.0,0.022327,1450.0,0.022332,61930.0,0.022335,2840.0
1753503765476,04:22:45.476,ACH/USDT:USDT,0.02233,3410.0,0.022327,1450.0,0.022331,1480.0,0.022332,61930.0
1753503765574,04:22:45.574,ACH/USDT:USDT,0.02233,3410.0,0.022327,1450.0,0.022331,1480.0,0.022332,1760.0
1753503765673,04:22:45.673,ACH/USDT:USDT,0.02233,2850.0,0.022327,1450.0,0.022331,60170.0,0.022332,1760.0
1753503765775,04:22:45.775,ACH/USDT:USDT,0.02233,2850.0,0.022327,1450.0,0.022331,60170.0,0.022332,1760.0
1753503765973,04:22:45.973,ACH/USDT:USDT,0.02233,2850.0,0.022327,1450.0,0.022331,60170.0,0.022332,1760.0
1753503766073,04:22:46.073,ACH/USDT:USDT,0.02233,2850.0,0.022327,1450.0,0.022331,60170.0,0.022332,1760.0
1753503766175,04:22:46.175,ACH/USDT:USDT,0.02233,2850.0,0.022327,1450.0,0.022331,60170.0,0.022332,1760.0
1753503766273,04:22:46.273,ACH/USDT:USDT,0.02233,2850.0,0.022327,1450.0,0.022331,60170.0,0.022332,1760.0
1753503766573,04:22:46.573,ACH/USDT:USDT,0.02233,2850.0,0.022327,1450.0,0.022331,60170.0,0.022332,1760.0
1753503766674,04:22:46.674,ACH/USDT:USDT,0.02233,2850.0,0.022327,1450.0,0.022331,60170.0,0.022332,1760.0
1753503766775,04:22:46.775,ACH/USDT:USDT,0.02233,2850.0,0.022327,1450.0,0.022331,60170.0,0.022332,1760.0
1753503767174,04:22:47.174,ACH/USDT:USDT,0.02233,2850.0,0.022327,1450.0,0.022331,60170.0,0.022332,1760.0
1753503767674,04:22:47.674,ACH/USDT:USDT,0.02233,2850.0,0.022327,1450.0,0.022331,60170.0,0.022332,1760.0
1753503767775,04:22:47.775,ACH/USDT:USDT,0.02233,2850.0,0.022327,1450.0,0.022331,60170.0,0.022332,1760.0
1753503768074,04:22:48.074,ACH/USDT:USDT,0.02233,2850.0,0.022327,1450.0,0.022331,60170.0,0.022332,1760.0
1753503768575,04:22:48.575,ACH/USDT:USDT,0.02233,3970.0,0.022327,1450.0,0.022331,60170.0,0.022332,1760.0
1753503768676,04:22:48.676,ACH/USDT:USDT,0.02233,3970.0,0.022327,1450.0,0.022331,60170.0,0.022332,1760.0
1753503768875,04:22:48.875,ACH/USDT:USDT,0.02233,2850.0,0.022327,1450.0,0.022331,60170.0,0.022332,1760.0
1753503768975,04:22:48.975,ACH/USDT:USDT,0.02233,2850.0,0.022327,1450.0,0.022331,60170.0,0.022332,1760.0
1753503769274,04:22:49.274,ACH/USDT:USDT,0.02233,2850.0,0.022327,1450.0,0.022331,60170.0,0.022332,1760.0
1753503769680,04:22:49.680,ACH/USDT:USDT,0.02233,3110.0,0.022327,1450.0,0.022331,60170.0,0.022332,1760.0
1753503769773,04:22:49.773,ACH/USDT:USDT,0.02233,2850.0,0.022327,1450.0,0.022331,60170.0,0.022332,1760.0
1753503771474,04:22:51.474,ACH/USDT:USDT,0.02233,2850.0,0.022327,1450.0,0.022331,60170.0,0.022332,1760.0
1753503772075,04:22:52.075,ACH/USDT:USDT,0.02233,3370.0,0.022327,1450.0,0.022331,60170.0,0.022332,1760.0
1753503772174,04:22:52.174,ACH/USDT:USDT,0.02233,2850.0,0.022327,1450.0,0.022331,60170.0,0.022332,1760.0
1753503772676,04:22:52.676,ACH/USDT:USDT,0.02233,3370.0,0.022327,1450.0,0.022331,60170.0,0.022332,1760.0
1753503772774,04:22:52.774,ACH/USDT:USDT,0.02233,2850.0,0.022327,1450.0,0.022331,60170.0,0.022332,1760.0
1753503772974,04:22:52.974,ACH/USDT:USDT,0.02233,2850.0,0.022327,1450.0,0.022331,60170.0,0.022332,1760.0
1753503773277,04:22:53.277,ACH/USDT:USDT,0.022325,250.0,0.022321,1010.0,0.022326,5560.0,0.022328,1440.0
1753503773374,04:22:53.374,ACH/USDT:USDT,0.022325,1730.0,0.022323,1440.0,0.022331,2170.0,0.022332,1760.0
1753503773475,04:22:53.475,ACH/USDT:USDT,0.022325,1730.0,0.022323,1440.0,0.022328,60170.0,0.022329,2200.0
1753503773573,04:22:53.573,ACH/USDT:USDT,0.022325,250.0,0.022323,1440.0,0.022328,60170.0,0.022329,2200.0
1753503774073,04:22:54.073,ACH/USDT:USDT,0.022325,250.0,0.022323,1440.0,0.022328,60170.0,0.022329,2200.0
1753503774274,04:22:54.274,ACH/USDT:USDT,0.022325,250.0,0.022323,1440.0,0.022328,60170.0,0.022329,2200.0
1753503775274,04:22:55.274,ACH/USDT:USDT,0.022325,250.0,0.022323,1440.0,0.022328,60170.0,0.022329,2200.0
1753503776275,04:22:56.275,ACH/USDT:USDT,0.022325,250.0,0.022323,1440.0,0.022328,60170.0,0.022329,2200.0
1753503776374,04:22:56.374,ACH/USDT:USDT,0.022325,250.0,0.022323,1440.0,0.022328,60170.0,0.022329,2200.0
1753503776473,04:22:56.473,ACH/USDT:USDT,0.022325,250.0,0.022323,1440.0,0.022328,60170.0,0.022329,2200.0
1753503777273,04:22:57.273,ACH/USDT:USDT,0.022325,250.0,0.022323,1440.0,0.022328,60170.0,0.022329,2200.0
1753503777475,04:22:57.475,ACH/USDT:USDT,0.022325,250.0,0.022323,1440.0,0.022328,60170.0,0.022329,2200.0
1753503777973,04:22:57.973,ACH/USDT:USDT,0.022325,250.0,0.022323,1440.0,0.022328,60170.0,0.022329,2200.0
1753503778073,04:22:58.073,ACH/USDT:USDT,0.022325,250.0,0.022323,1440.0,0.022328,60170.0,0.022329,2200.0
1753503778275,04:22:58.275,ACH/USDT:USDT,0.022325,250.0,0.022323,1440.0,0.022328,60170.0,0.022329,2200.0
1753503778675,04:22:58.675,ACH/USDT:USDT,0.022325,250.0,0.022323,1440.0,0.022328,60170.0,0.022329,2200.0
1753503778875,04:22:58.875,ACH/USDT:USDT,0.022325,250.0,0.022323,1440.0,0.022328,60170.0,0.022329,2200.0
1753503779576,04:22:59.576,ACH/USDT:USDT,0.022325,250.0,0.022323,1440.0,0.022328,60170.0,0.022329,2200.0
1753503780074,04:23:00.074,ACH/USDT:USDT,0.022325,250.0,0.022323,1440.0,0.022328,60170.0,0.022329,2200.0
1753503780374,04:23:00.374,ACH/USDT:USDT,0.022325,250.0,0.022323,1440.0,0.022328,60170.0,0.022329,2200.0
1753503780675,04:23:00.675,ACH/USDT:USDT,0.022327,2580.0,0.022325,1670.0,0.022328,60170.0,0.022329,2200.0
1753503781674,04:23:01.674,ACH/USDT:USDT,0.022327,2580.0,0.022325,1670.0,0.022328,60170.0,0.022329,2200.0
1753503782073,04:23:02.073,ACH/USDT:USDT,0.022327,2580.0,0.022325,1670.0,0.022328,60170.0,0.022329,2200.0
1753503782174,04:23:02.174,ACH/USDT:USDT,0.022327,2580.0,0.022325,1670.0,0.022328,36980.0,0.022332,1760.0
1753503782375,04:23:02.375,ACH/USDT:USDT,0.022327,2580.0,0.022325,1670.0,0.022328,36980.0,0.022332,1760.0
1753503782475,04:23:02.475,ACH/USDT:USDT,0.022327,2580.0,0.022325,1670.0,0.022328,36980.0,0.022332,1760.0
1753503782573,04:23:02.573,ACH/USDT:USDT,0.022327,2580.0,0.022325,1670.0,0.022328,36980.0,0.022332,1760.0
1753503782675,04:23:02.675,ACH/USDT:USDT,0.022327,2580.0,0.022325,1670.0,0.022328,36980.0,0.022332,1760.0
1753503782773,04:23:02.773,ACH/USDT:USDT,0.022327,2580.0,0.022325,1670.0,0.022328,38080.0,0.022332,1760.0
1753503782875,04:23:02.875,ACH/USDT:USDT,0.022327,2580.0,0.022325,1670.0,0.022328,26240.0,0.022332,1760.0
1753503782975,04:23:02.975,ACH/USDT:USDT,0.022327,2580.0,0.022325,1670.0,0.022328,26240.0,0.022332,3180.0
1753503783074,04:23:03.074,ACH/USDT:USDT,0.022327,2580.0,0.022325,1670.0,0.022328,26240.0,0.022332,3180.0
1753503783176,04:23:03.176,ACH/USDT:USDT,0.022325,1670.0,0.022323,1440.0,0.022328,26240.0,0.02233,1420.0
1753503783275,04:23:03.275,ACH/USDT:USDT,0.022325,1670.0,0.022323,1440.0,0.022328,26240.0,0.02233,1420.0
1753503783375,04:23:03.375,ACH/USDT:USDT,0.022325,1670.0,0.022323,1440.0,0.022327,2780.0,0.022328,26850.0
1753503783475,04:23:03.475,ACH/USDT:USDT,0.022325,1670.0,0.022323,1440.0,0.022327,2780.0,0.022328,610.0
1753503783575,04:23:03.575,ACH/USDT:USDT,0.022325,1670.0,0.022323,1440.0,0.022327,29020.0,0.022328,610.0
1753503783673,04:23:03.673,ACH/USDT:USDT,0.022325,1670.0,0.022323,1440.0,0.022327,29020.0,0.022328,610.0
1753503784075,04:23:04.075,ACH/USDT:USDT,0.022325,1670.0,0.022323,1440.0,0.022327,29020.0,0.022328,610.0
1753503784173,04:23:04.173,ACH/USDT:USDT,0.022325,1670.0,0.022323,1440.0,0.022327,29020.0,0.022328,610.0
1753503784374,04:23:04.374,ACH/USDT:USDT,0.022325,1670.0,0.022323,1440.0,0.022327,29020.0,0.022328,610.0
1753503785474,04:23:05.474,ACH/USDT:USDT,0.022325,1670.0,0.022323,1440.0,0.022326,150.0,0.022327,29020.0
1753503785679,04:23:05.679,ACH/USDT:USDT,0.022325,1670.0,0.022323,1440.0,0.022326,150.0,0.022327,29020.0
1753503785773,04:23:05.773,ACH/USDT:USDT,0.022325,1670.0,0.022323,1440.0,0.022326,150.0,0.022327,29020.0
1753503785874,04:23:05.874,ACH/USDT:USDT,0.022325,1670.0,0.022323,1440.0,0.022326,26390.0,0.022328,610.0
1753503786075,04:23:06.075,ACH/USDT:USDT,0.022325,250.0,0.022323,1440.0,0.022326,26390.0,0.022328,610.0
1753503786574,04:23:06.574,ACH/USDT:USDT,0.022325,250.0,0.022323,1440.0,0.022326,26390.0,0.022328,610.0
1753503786775,04:23:06.775,ACH/USDT:USDT,0.022325,250.0,0.022323,1440.0,0.022326,26390.0,0.022328,610.0
1753503788474,04:23:08.474,ACH/USDT:USDT,0.022325,250.0,0.022323,1440.0,0.022326,26390.0,0.022328,610.0
1753503788674,04:23:08.674,ACH/USDT:USDT,0.022325,250.0,0.022323,1440.0,0.022326,26390.0,0.022328,610.0
1753503789274,04:23:09.274,ACH/USDT:USDT,0.022325,250.0,0.022323,1440.0,0.022326,26390.0,0.022328,610.0
1753503789374,04:23:09.374,ACH/USDT:USDT,0.022325,250.0,0.022323,1440.0,0.022326,26390.0,0.022328,610.0
1753503790677,04:23:10.677,ACH/USDT:USDT,0.022325,250.0,0.022323,1440.0,0.022326,26390.0,0.022328,610.0
1753503790775,04:23:10.775,ACH/USDT:USDT,0.022325,250.0,0.022323,1440.0,0.022326,26390.0,0.022328,610.0
1753503790874,04:23:10.874,ACH/USDT:USDT,0.022325,250.0,0.022323,1440.0,0.022326,26390.0,0.022328,610.0
1753503791274,04:23:11.274,ACH/USDT:USDT,0.022325,250.0,0.022323,1440.0,0.022326,26390.0,0.022328,610.0
1753503791375,04:23:11.375,ACH/USDT:USDT,0.022325,5250.0,0.022323,1440.0,0.022326,2960.0,0.022334,2540.0
1753503791474,04:23:11.474,ACH/USDT:USDT,0.022325,5250.0,0.022323,1440.0,0.022326,2960.0,0.022334,2540.0
1753503791574,04:23:11.574,ACH/USDT:USDT,0.022325,5250.0,0.022323,1440.0,0.022326,2960.0,0.022334,2540.0
1753503791680,04:23:11.680,ACH/USDT:USDT,0.022325,5250.0,0.022323,1440.0,0.022326,2960.0,0.022334,2540.0
1753503792574,04:23:12.574,ACH/USDT:USDT,0.022325,8840.0,0.022323,1440.0,0.022326,4350.0,0.022334,2540.0
1753503792676,04:23:12.676,ACH/USDT:USDT,0.022325,8840.0,0.022323,1440.0,0.022326,4350.0,0.022334,2540.0
1753503792875,04:23:12.875,ACH/USDT:USDT,0.022325,9690.0,0.022323,1440.0,0.022326,4350.0,0.022334,2540.0
1753503793275,04:23:13.275,ACH/USDT:USDT,0.022325,9690.0,0.022323,1440.0,0.022326,4350.0,0.022334,2540.0
1753503793680,04:23:13.680,ACH/USDT:USDT,0.022325,9690.0,0.022323,1440.0,0.022326,4350.0,0.022334,2540.0
1753503793775,04:23:13.775,ACH/USDT:USDT,0.022325,9690.0,0.022323,1440.0,0.022326,4350.0,0.022332,1450.0
1753503793874,04:23:13.874,ACH/USDT:USDT,0.022325,9690.0,0.022323,1440.0,0.022326,4350.0,0.022332,1450.0
1753503793975,04:23:13.975,ACH/USDT:USDT,0.022325,9690.0,0.022323,1440.0,0.022326,4350.0,0.022332,1450.0
1753503794275,04:23:14.275,ACH/USDT:USDT,0.022325,9690.0,0.022323,1440.0,0.022326,2960.0,0.022332,1450.0
1753503794674,04:23:14.674,ACH/USDT:USDT,0.022325,6680.0,0.022323,1440.0,0.022326,2960.0,0.022332,1450.0
1753503794773,04:23:14.773,ACH/USDT:USDT,0.022325,7020.0,0.022323,1440.0,0.022326,4350.0,0.022332,1450.0
1753503794875,04:23:14.875,ACH/USDT:USDT,0.022325,7320.0,0.022323,1440.0,0.022326,4350.0,0.022332,1450.0
1753503794975,04:23:14.975,ACH/USDT:USDT,0.022325,7320.0,0.022323,1440.0,0.022326,4350.0,0.02233,1450.0
1753503795073,04:23:15.073,ACH/USDT:USDT,0.022325,7020.0,0.022323,1440.0,0.022326,4350.0,0.02233,1450.0
1753503795173,04:23:15.173,ACH/USDT:USDT,0.022325,7660.0,0.022323,1440.0,0.022326,4350.0,0.02233,1450.0
1753503795374,04:23:15.374,ACH/USDT:USDT,0.022325,7660.0,0.022323,1440.0,0.022326,4350.0,0.02233,1450.0
1753503795681,04:23:15.681,ACH/USDT:USDT,0.022325,7320.0,0.022323,1440.0,0.022326,4350.0,0.02233,1450.0
1753503795774,04:23:15.774,ACH/USDT:USDT,0.022325,7020.0,0.022323,1440.0,0.022326,4350.0,0.02233,1450.0
1753503796675,04:23:16.675,ACH/USDT:USDT,0.022325,7020.0,0.022323,1440.0,0.022326,4350.0,0.02233,1450.0
1753503796773,04:23:16.773,ACH/USDT:USDT,0.022325,7020.0,0.022323,1440.0,0.022326,4350.0,0.02233,1450.0
1753503797680,04:23:17.680,ACH/USDT:USDT,0.022325,7020.0,0.022323,1440.0,0.022326,4350.0,0.02233,1450.0
1753503797975,04:23:17.975,ACH/USDT:USDT,0.022325,7320.0,0.022323,1440.0,0.022326,4350.0,0.022332,1450.0
1753503798074,04:23:18.074,ACH/USDT:USDT,0.022325,8230.0,0.022323,1440.0,0.022326,4350.0,0.022332,1450.0
1753503798475,04:23:18.475,ACH/USDT:USDT,0.022325,7320.0,0.022323,1440.0,0.022326,4350.0,0.022332,1450.0
1753503798575,04:23:18.575,ACH/USDT:USDT,0.022325,7580.0,0.022323,1440.0,0.022326,2960.0,0.022332,1450.0
1753503799076,04:23:19.076,ACH/USDT:USDT,0.022325,7580.0,0.022323,1440.0,0.022326,4350.0,0.022332,1450.0
1753503800276,04:23:20.276,ACH/USDT:USDT,0.022325,7320.0,0.022323,1440.0,0.022326,4350.0,0.02233,1450.0
1753503800375,04:23:20.375,ACH/USDT:USDT,0.022325,7320.0,0.022323,1440.0,0.022326,4350.0,0.02233,1450.0
1753503800874,04:23:20.874,ACH/USDT:USDT,0.022325,7320.0,0.022323,1440.0,0.022326,4350.0,0.02233,1450.0
1753503801679,04:23:21.679,ACH/USDT:USDT,0.022325,7320.0,0.022323,1440.0,0.022326,4350.0,0.02233,1450.0
1753503802875,04:23:22.875,ACH/USDT:USDT,0.022325,7320.0,0.022323,1440.0,0.022326,4350.0,0.02233,1450.0
1753503802975,04:23:22.975,ACH/USDT:USDT,0.022325,7320.0,0.022323,1440.0,0.022326,4350.0,0.02233,1450.0
1753503803175,04:23:23.175,ACH/USDT:USDT,0.022325,7320.0,0.022323,1440.0,0.022326,4350.0,0.02233,1450.0
1753503804274,04:23:24.274,ACH/USDT:USDT,0.022325,7320.0,0.022323,1440.0,0.022326,4350.0,0.02233,1450.0
1753503804576,04:23:24.576,ACH/USDT:USDT,0.022325,2310.0,0.022323,1440.0,0.022326,4350.0,0.02233,1450.0
1753503804675,04:23:24.675,ACH/USDT:USDT,0.022325,2310.0,0.022323,1440.0,0.022326,2960.0,0.02233,1450.0
1753503804873,04:23:24.873,ACH/USDT:USDT,0.022325,2310.0,0.022323,1440.0,0.022326,2960.0,0.02233,1450.0
1753503805275,04:23:25.275,ACH/USDT:USDT,0.022325,2310.0,0.022323,1440.0,0.022326,4350.0,0.02233,1450.0
1753503805679,04:23:25.679,ACH/USDT:USDT,0.022325,2310.0,0.022323,1440.0,0.022326,4350.0,0.02233,1450.0
1753503805775,04:23:25.775,ACH/USDT:USDT,0.022325,2310.0,0.022323,1440.0,0.022326,4350.0,0.02233,1450.0
1753503805875,04:23:25.875,ACH/USDT:USDT,0.022325,2310.0,0.022323,1440.0,0.022326,4350.0,0.02233,1450.0
1753503806373,04:23:26.373,ACH/USDT:USDT,0.022325,2310.0,0.022323,1440.0,0.022326,4350.0,0.02233,1450.0
1753503806474,04:23:26.474,ACH/USDT:USDT,0.022325,2310.0,0.022323,1440.0,0.022326,4350.0,0.02233,1450.0
1753503806975,04:23:26.975,ACH/USDT:USDT,0.022325,2310.0,0.022323,1440.0,0.022326,4350.0,0.02233,1450.0
1753503807075,04:23:27.075,ACH/USDT:USDT,0.022325,2310.0,0.022323,1440.0,0.022326,4350.0,0.02233,1450.0
1753503807680,04:23:27.680,ACH/USDT:USDT,0.022325,2310.0,0.022323,1440.0,0.022326,4350.0,0.02233,1450.0
1753503807775,04:23:27.775,ACH/USDT:USDT,0.022325,2310.0,0.022323,1440.0,0.022326,4350.0,0.02233,1450.0
1753503808375,04:23:28.375,ACH/USDT:USDT,0.022325,2310.0,0.022323,1440.0,0.022326,4350.0,0.02233,1450.0
1753503808474,04:23:28.474,ACH/USDT:USDT,0.022325,2310.0,0.022323,1440.0,0.022326,4350.0,0.02233,1450.0
1753503808574,04:23:28.574,ACH/USDT:USDT,0.022325,2310.0,0.022323,1440.0,0.022326,4350.0,0.02233,1450.0
1753503809175,04:23:29.175,ACH/USDT:USDT,0.022325,2310.0,0.022323,1440.0,0.022326,4350.0,0.02233,1450.0
1753503809375,04:23:29.375,ACH/USDT:USDT,0.022325,2310.0,0.022323,1440.0,0.022326,4350.0,0.02233,1450.0
1753503809575,04:23:29.575,ACH/USDT:USDT,0.022325,2310.0,0.022323,1440.0,0.022326,4350.0,0.02233,1450.0
1753503809677,04:23:29.677,ACH/USDT:USDT,0.022325,2310.0,0.022323,1440.0,0.022326,4350.0,0.02233,1450.0
1753503810074,04:23:30.074,ACH/USDT:USDT,0.022325,850.0,0.022321,1010.0,0.022326,4350.0,0.022328,1450.0
1753503810176,04:23:30.176,ACH/USDT:USDT,0.022325,550.0,0.022321,1010.0,0.022326,5830.0,0.022328,2140.0
1753503810274,04:23:30.274,ACH/USDT:USDT,0.022325,250.0,0.022321,1010.0,0.022326,5830.0,0.022328,2140.0
1753503810373,04:23:30.373,ACH/USDT:USDT,0.022325,250.0,0.022321,1010.0,0.022326,5830.0,0.022328,2140.0
1753503810473,04:23:30.473,ACH/USDT:USDT,0.022325,250.0,0.022321,1010.0,0.022326,5830.0,0.022328,2140.0
1753503811677,04:23:31.677,ACH/USDT:USDT,0.022325,250.0,0.022321,1010.0,0.022326,5830.0,0.022328,2140.0
1753503812073,04:23:32.073,ACH/USDT:USDT,0.022325,250.0,0.022321,1010.0,0.022326,5830.0,0.022328,2140.0
1753503812273,04:23:32.273,ACH/USDT:USDT,0.022325,250.0,0.022321,1010.0,0.022326,5830.0,0.022328,2140.0
1753503812474,04:23:32.474,ACH/USDT:USDT,0.022325,250.0,0.022321,1010.0,0.022326,5830.0,0.022328,2140.0
1753503812676,04:23:32.676,ACH/USDT:USDT,0.022325,250.0,0.022321,1010.0,0.022326,5830.0,0.022328,2140.0
1753503813374,04:23:33.374,ACH/USDT:USDT,0.022325,250.0,0.022321,1010.0,0.022326,5830.0,0.022328,2140.0
1753503814975,04:23:34.975,ACH/USDT:USDT,0.022325,250.0,0.022321,1010.0,0.022326,5830.0,0.022328,2140.0
1753503815875,04:23:35.875,ACH/USDT:USDT,0.022325,250.0,0.022321,1010.0,0.022326,5830.0,0.022328,2140.0
1753503816874,04:23:36.874,ACH/USDT:USDT,0.022325,250.0,0.022321,1010.0,0.022326,5830.0,0.022328,2140.0
1753503817276,04:23:37.276,ACH/USDT:USDT,0.022325,250.0,0.022321,1010.0,0.022326,5830.0,0.022328,2140.0
1753503819074,04:23:39.074,ACH/USDT:USDT,0.022325,250.0,0.022321,1010.0,0.022326,5830.0,0.022328,2140.0
1753503822075,04:23:42.075,ACH/USDT:USDT,0.022325,250.0,0.022321,1010.0,0.022326,5830.0,0.022328,2140.0
1753503822376,04:23:42.376,ACH/USDT:USDT,0.022325,250.0,0.022321,1010.0,0.022326,5830.0,0.022328,2140.0
1753503822575,04:23:42.575,ACH/USDT:USDT,0.022325,250.0,0.022321,1010.0,0.022326,5830.0,0.022328,1450.0
1753503822675,04:23:42.675,ACH/USDT:USDT,0.022325,250.0,0.022321,1010.0,0.022326,5830.0,0.022328,1450.0
1753503822774,04:23:42.774,ACH/USDT:USDT,0.022325,250.0,0.022321,1010.0,0.022326,5830.0,0.022328,1450.0
1753503822974,04:23:42.974,ACH/USDT:USDT,0.022325,250.0,0.022321,1010.0,0.022326,5830.0,0.022328,1450.0
1753503823075,04:23:43.075,ACH/USDT:USDT,0.022325,250.0,0.022321,1010.0,0.022326,5830.0,0.022328,1450.0
1753503823174,04:23:43.174,ACH/USDT:USDT,0.022325,250.0,0.022321,1010.0,0.022326,5830.0,0.022328,1450.0
1753503823274,04:23:43.274,ACH/USDT:USDT,0.022325,250.0,0.022321,1010.0,0.022326,5830.0,0.022328,1450.0
1753503823476,04:23:43.476,ACH/USDT:USDT,0.022325,250.0,0.022321,1010.0,0.022326,5830.0,0.022328,1450.0
1753503823775,04:23:43.775,ACH/USDT:USDT,0.022325,250.0,0.02232,1370.0,0.022326,5830.0,0.022328,1450.0
1753503824275,04:23:44.275,ACH/USDT:USDT,0.022325,250.0,0.02232,1370.0,0.022326,5830.0,0.022328,1450.0
1753503824873,04:23:44.873,ACH/USDT:USDT,0.022325,400.0,0.02232,1370.0,0.022326,5830.0,0.022328,1450.0
1753503825475,04:23:45.475,ACH/USDT:USDT,0.022325,400.0,0.02232,1370.0,0.022326,5830.0,0.022328,1450.0
1753503825676,04:23:45.676,ACH/USDT:USDT,0.022325,400.0,0.02232,1370.0,0.022326,5830.0,0.022328,1450.0
1753503825875,04:23:45.875,ACH/USDT:USDT,0.022325,400.0,0.02232,1370.0,0.022326,5830.0,0.022328,1450.0
1753503826375,04:23:46.375,ACH/USDT:USDT,0.022325,400.0,0.02232,1370.0,0.022326,5830.0,0.022328,1450.0
1753503826775,04:23:46.775,ACH/USDT:USDT,0.022325,400.0,0.02232,1370.0,0.022326,5830.0,0.022328,1450.0
1753503826875,04:23:46.875,ACH/USDT:USDT,0.022325,400.0,0.02232,1370.0,0.022326,5830.0,0.022328,1450.0
1753503826975,04:23:46.975,ACH/USDT:USDT,0.022325,400.0,0.02232,1370.0,0.022326,5830.0,0.022328,1450.0
1753503828975,04:23:48.975,ACH/USDT:USDT,0.022325,400.0,0.02232,1370.0,0.022326,5830.0,0.022328,1450.0
1753503829274,04:23:49.274,ACH/USDT:USDT,0.02232,250.0,0.022319,1080.0,0.022322,2800.0,0.022323,2850.0
1753503829375,04:23:49.375,ACH/USDT:USDT,0.02232,250.0,0.022319,1080.0,0.022322,2800.0,0.022323,2850.0
1753503829473,04:23:49.473,ACH/USDT:USDT,0.02232,550.0,0.022317,1380.0,0.022321,1480.0,0.022322,2800.0
1753503829575,04:23:49.575,ACH/USDT:USDT,0.02232,550.0,0.022317,1380.0,0.022321,4440.0,0.022322,2800.0
1753503829676,04:23:49.676,ACH/USDT:USDT,0.02232,550.0,0.022317,1380.0,0.022321,4440.0,0.022322,2800.0
1753503829974,04:23:49.974,ACH/USDT:USDT,0.02232,550.0,0.022317,1380.0,0.022321,4440.0,0.022322,2800.0
1753503830275,04:23:50.275,ACH/USDT:USDT,0.02232,550.0,0.022317,1380.0,0.022321,4440.0,0.022322,2800.0
1753503830475,04:23:50.475,ACH/USDT:USDT,0.02232,870.0,0.022317,1380.0,0.022321,4440.0,0.022322,2800.0
1753503830575,04:23:50.575,ACH/USDT:USDT,0.02232,870.0,0.022317,1380.0,0.022321,4440.0,0.022322,2800.0
1753503830675,04:23:50.675,ACH/USDT:USDT,0.02232,870.0,0.022317,1380.0,0.022321,4440.0,0.022322,2800.0
1753503830776,04:23:50.776,ACH/USDT:USDT,0.02232,870.0,0.022317,1380.0,0.022321,4440.0,0.022322,2800.0
1753503831176,04:23:51.176,ACH/USDT:USDT,0.02232,870.0,0.022317,1380.0,0.022321,4440.0,0.022322,2800.0
1753503831274,04:23:51.274,ACH/USDT:USDT,0.02232,870.0,0.022317,1380.0,0.022321,4440.0,0.022322,2800.0
1753503831681,04:23:51.681,ACH/USDT:USDT,0.02232,870.0,0.022317,1380.0,0.022321,4440.0,0.022322,2800.0
1753503832374,04:23:52.374,ACH/USDT:USDT,0.02232,870.0,0.022317,1380.0,0.022321,4440.0,0.022322,2800.0
1753503832775,04:23:52.775,ACH/USDT:USDT,0.02232,870.0,0.022317,1380.0,0.022321,4440.0,0.022322,2800.0
1753503833073,04:23:53.073,ACH/USDT:USDT,0.02232,870.0,0.022317,1380.0,0.022321,4440.0,0.022322,2800.0
1753503833374,04:23:53.374,ACH/USDT:USDT,0.02232,870.0,0.022317,1380.0,0.022321,4440.0,0.022322,2800.0
1753503833474,04:23:53.474,ACH/USDT:USDT,0.02232,870.0,0.022317,1380.0,0.022321,4440.0,0.022322,2800.0
1753503834974,04:23:54.974,ACH/USDT:USDT,0.02232,870.0,0.022317,1380.0,0.022321,4440.0,0.022322,2800.0
1753503835074,04:23:55.074,ACH/USDT:USDT,0.02232,870.0,0.022317,1380.0,0.022321,4440.0,0.022322,2800.0
1753503835174,04:23:55.174,ACH/USDT:USDT,0.02232,870.0,0.022317,1380.0,0.022321,4440.0,0.022322,2800.0
1753503835575,04:23:55.575,ACH/USDT:USDT,0.02232,250.0,0.022315,1630.0,0.022321,4440.0,0.022322,2800.0
1753503835676,04:23:55.676,ACH/USDT:USDT,0.02232,250.0,0.022315,1630.0,0.022321,4440.0,0.022322,2800.0
1753503836073,04:23:56.073,ACH/USDT:USDT,0.02232,250.0,0.022315,1630.0,0.022321,4440.0,0.022322,2800.0
1753503836174,04:23:56.174,ACH/USDT:USDT,0.02232,250.0,0.022315,1630.0,0.022321,4440.0,0.022322,2800.0
1753503836275,04:23:56.275,ACH/USDT:USDT,0.02232,250.0,0.022315,1630.0,0.022321,4440.0,0.022322,2800.0
1753503836475,04:23:56.475,ACH/USDT:USDT,0.02232,250.0,0.022315,1630.0,0.022321,4440.0,0.022322,2800.0
1753503836574,04:23:56.574,ACH/USDT:USDT,0.02232,250.0,0.022315,1630.0,0.022321,4440.0,0.022322,2800.0
1753503836675,04:23:56.675,ACH/USDT:USDT,0.02232,250.0,0.022315,1630.0,0.022321,4440.0,0.022322,2800.0
1753503836775,04:23:56.775,ACH/USDT:USDT,0.022315,250.0,0.022311,1330.0,0.022316,1920.0,0.022318,1450.0
1753503836875,04:23:56.875,ACH/USDT:USDT,0.022315,250.0,0.022311,1330.0,0.022316,4880.0,0.022318,1450.0
1753503837275,04:23:57.275,ACH/USDT:USDT,0.022315,250.0,0.022311,1330.0,0.022316,4880.0,0.022318,1450.0
1753503837775,04:23:57.775,ACH/USDT:USDT,0.022315,250.0,0.022311,1330.0,0.022316,4880.0,0.022318,1450.0
1753503837875,04:23:57.875,ACH/USDT:USDT,0.022315,250.0,0.022311,1330.0,0.022316,4880.0,0.022318,1450.0
1753503838075,04:23:58.075,ACH/USDT:USDT,0.022315,770.0,0.022311,1330.0,0.022316,4880.0,0.022318,1450.0
1753503838177,04:23:58.177,ACH/USDT:USDT,0.022315,250.0,0.022311,1330.0,0.022316,4880.0,0.022318,1450.0
1753503838375,04:23:58.375,ACH/USDT:USDT,0.022315,770.0,0.022311,1330.0,0.022316,4880.0,0.022318,1450.0
1753503838473,04:23:58.473,ACH/USDT:USDT,0.022315,250.0,0.022311,1330.0,0.022316,4880.0,0.022318,1450.0
1753503838575,04:23:58.575,ACH/USDT:USDT,0.022315,250.0,0.022311,1330.0,0.022316,4880.0,0.022318,1450.0
1753503838676,04:23:58.676,ACH/USDT:USDT,0.022315,250.0,0.022311,1330.0,0.022316,4880.0,0.022318,1450.0
1753503838775,04:23:58.775,ACH/USDT:USDT,0.022315,250.0,0.022311,1330.0,0.022316,4880.0,0.022318,1450.0
1753503839175,04:23:59.175,ACH/USDT:USDT,0.022315,250.0,0.022311,1330.0,0.022316,4880.0,0.022318,1450.0
1753503840175,04:24:00.175,ACH/USDT:USDT,0.022315,250.0,0.022311,1330.0,0.022316,4880.0,0.022318,1450.0
1753503840275,04:24:00.275,ACH/USDT:USDT,0.022315,250.0,0.022311,1330.0,0.022316,4880.0,0.022318,1450.0
1753503840375,04:24:00.375,ACH/USDT:USDT,0.022315,590.0,0.022311,1330.0,0.022316,4880.0,0.022318,1450.0
1753503840475,04:24:00.475,ACH/USDT:USDT,0.022315,930.0,0.022311,1330.0,0.022316,4880.0,0.022317,580.0
1753503840575,04:24:00.575,ACH/USDT:USDT,0.022315,250.0,0.022311,1330.0,0.022316,4880.0,0.022317,580.0
1753503840775,04:24:00.775,ACH/USDT:USDT,0.022315,590.0,0.022311,1330.0,0.022316,4880.0,0.022317,580.0
1753503840874,04:24:00.874,ACH/USDT:USDT,0.022315,930.0,0.022311,1330.0,0.022316,4880.0,0.022317,580.0
1753503841074,04:24:01.074,ACH/USDT:USDT,0.022315,590.0,0.022311,1330.0,0.022316,4880.0,0.022317,580.0
1753503841174,04:24:01.174,ACH/USDT:USDT,0.022315,250.0,0.022311,1330.0,0.022316,4880.0,0.022317,580.0
1753503841274,04:24:01.274,ACH/USDT:USDT,0.022315,250.0,0.022311,1330.0,0.022316,4880.0,0.022317,580.0
1753503841373,04:24:01.373,ACH/USDT:USDT,0.022315,250.0,0.022311,1330.0,0.022316,4880.0,0.022317,580.0
1753503841677,04:24:01.677,ACH/USDT:USDT,0.022315,250.0,0.022311,1330.0,0.022316,4880.0,0.022317,580.0
1753503841974,04:24:01.974,ACH/USDT:USDT,0.022315,250.0,0.022311,1330.0,0.022316,4880.0,0.022317,580.0
1753503842073,04:24:02.073,ACH/USDT:USDT,0.022315,250.0,0.022311,1330.0,0.022316,4880.0,0.022317,580.0
1753503842275,04:24:02.275,ACH/USDT:USDT,0.022315,250.0,0.022311,1330.0,0.022316,4880.0,0.022317,580.0
1753503842373,04:24:02.373,ACH/USDT:USDT,0.022315,250.0,0.022311,1330.0,0.022316,4880.0,0.022317,580.0
1753503842576,04:24:02.576,ACH/USDT:USDT,0.022315,250.0,0.022311,1330.0,0.022316,4880.0,0.022317,580.0
1753503842675,04:24:02.675,ACH/USDT:USDT,0.022315,250.0,0.022311,1330.0,0.022316,4880.0,0.022317,580.0
1753503842976,04:24:02.976,ACH/USDT:USDT,0.022315,1190.0,0.022311,1330.0,0.022316,4880.0,0.022317,580.0
1753503843375,04:24:03.375,ACH/USDT:USDT,0.022315,1190.0,0.022311,1330.0,0.022316,4880.0,0.022317,580.0
1753503843573,04:24:03.573,ACH/USDT:USDT,0.022315,1190.0,0.022311,1330.0,0.022316,4880.0,0.022317,580.0
1753503843775,04:24:03.775,ACH/USDT:USDT,0.022315,1190.0,0.022311,1330.0,0.022316,4880.0,0.022317,580.0
1753503844075,04:24:04.075,ACH/USDT:USDT,0.022315,250.0,0.022311,1330.0,0.022316,4880.0,0.022317,580.0
1753503844275,04:24:04.275,ACH/USDT:USDT,0.022315,250.0,0.022311,1330.0,0.022316,4880.0,0.022317,580.0
1753503844875,04:24:04.875,ACH/USDT:USDT,0.022315,250.0,0.022311,1330.0,0.022316,4880.0,0.022317,580.0
1753503844975,04:24:04.975,ACH/USDT:USDT,0.022315,250.0,0.022311,1330.0,0.022316,4880.0,0.022317,580.0
1753503845076,04:24:05.076,ACH/USDT:USDT,0.022315,250.0,0.022311,1330.0,0.022316,4880.0,0.022317,580.0
1753503845574,04:24:05.574,ACH/USDT:USDT,0.022315,810.0,0.022311,1330.0,0.022316,4880.0,0.022317,580.0
1753503845678,04:24:05.678,ACH/USDT:USDT,0.022315,810.0,0.022311,1330.0,0.022316,4880.0,0.022317,580.0
1753503845773,04:24:05.773,ACH/USDT:USDT,0.022315,810.0,0.022311,1330.0,0.022316,4880.0,0.022317,580.0
1753503846075,04:24:06.075,ACH/USDT:USDT,0.022315,810.0,0.022311,1330.0,0.022316,4880.0,0.022317,580.0
1753503846175,04:24:06.175,ACH/USDT:USDT,0.022315,810.0,0.022311,1330.0,0.022316,4440.0,0.022317,580.0
1753503846273,04:24:06.273,ACH/USDT:USDT,0.022315,530.0,0.022311,1330.0,0.022316,4440.0,0.022317,580.0
1753503846374,04:24:06.374,ACH/USDT:USDT,0.022315,530.0,0.022311,1330.0,0.022316,4440.0,0.022317,580.0
1753503846874,04:24:06.874,ACH/USDT:USDT,0.022315,530.0,0.022311,1330.0,0.022316,4440.0,0.022317,580.0
1753503847174,04:24:07.174,ACH/USDT:USDT,0.022315,530.0,0.022311,1330.0,0.022316,5840.0,0.022317,580.0
1753503847275,04:24:07.275,ACH/USDT:USDT,0.022315,530.0,0.022311,1330.0,0.022316,5840.0,0.022317,580.0
1753503847374,04:24:07.374,ACH/USDT:USDT,0.022315,530.0,0.022311,1330.0,0.022316,5840.0,0.022317,580.0
1753503847473,04:24:07.473,ACH/USDT:USDT,0.022315,530.0,0.022311,1330.0,0.022316,5840.0,0.022317,580.0
1753503847574,04:24:07.574,ACH/USDT:USDT,0.022315,530.0,0.022311,1330.0,0.022316,5840.0,0.022317,580.0
1753503848774,04:24:08.774,ACH/USDT:USDT,0.022315,2050.0,0.022311,1330.0,0.022316,5840.0,0.022317,580.0
1753503848875,04:24:08.875,ACH/USDT:USDT,0.022315,2050.0,0.022313,1440.0,0.022316,4360.0,0.022317,580.0
1753503849075,04:24:09.075,ACH/USDT:USDT,0.022315,2050.0,0.022313,1440.0,0.022316,4360.0,0.022317,580.0
1753503849680,04:24:09.680,ACH/USDT:USDT,0.022315,2050.0,0.022313,1440.0,0.022316,4360.0,0.022317,580.0
1753503849874,04:24:09.874,ACH/USDT:USDT,0.022315,2050.0,0.022313,1440.0,0.022316,4360.0,0.022317,580.0
1753503850074,04:24:10.074,ACH/USDT:USDT,0.022315,2050.0,0.022313,1440.0,0.022316,4360.0,0.022317,580.0
1753503850175,04:24:10.175,ACH/USDT:USDT,0.022315,2050.0,0.022313,1440.0,0.022316,4360.0,0.022317,580.0
1753503850275,04:24:10.275,ACH/USDT:USDT,0.022315,2050.0,0.022313,1440.0,0.022316,2960.0,0.022317,580.0
1753503850374,04:24:10.374,ACH/USDT:USDT,0.022315,2050.0,0.022313,1440.0,0.022316,2960.0,0.022317,580.0
1753503850475,04:24:10.475,ACH/USDT:USDT,0.022316,2970.0,0.022315,4650.0,0.022322,2800.0,0.022324,1120.0
1753503850574,04:24:10.574,ACH/USDT:USDT,0.022319,5770.0,0.022318,1480.0,0.022322,2800.0,0.022326,1710.0
1753503850674,04:24:10.674,ACH/USDT:USDT,0.02232,2970.0,0.022319,1400.0,0.022322,2800.0,0.022326,1710.0
1753503850774,04:24:10.774,ACH/USDT:USDT,0.02232,2970.0,0.022318,1480.0,0.022322,2800.0,0.022324,1500.0
1753503850875,04:24:10.875,ACH/USDT:USDT,0.022318,1750.0,0.022316,1480.0,0.022319,2360.0,0.022322,4300.0
1753503850975,04:24:10.975,ACH/USDT:USDT,0.022318,1750.0,0.022316,1480.0,0.022319,2360.0,0.022322,4300.0
1753503851075,04:24:11.075,ACH/USDT:USDT,0.022318,1750.0,0.022316,1480.0,0.022319,2360.0,0.022322,4300.0
1753503851275,04:24:11.275,ACH/USDT:USDT,0.022318,1750.0,0.022316,1480.0,0.022319,2360.0,0.022322,4300.0
1753503851575,04:24:11.575,ACH/USDT:USDT,0.022318,1750.0,0.022316,1480.0,0.022319,2360.0,0.022322,4300.0
1753503851680,04:24:11.680,ACH/USDT:USDT,0.022318,1750.0,0.022316,1480.0,0.022319,2360.0,0.022322,4300.0
1753503851974,04:24:11.974,ACH/USDT:USDT,0.022318,1750.0,0.022316,1480.0,0.022319,2360.0,0.022322,4300.0
1753503852074,04:24:12.074,ACH/USDT:USDT,0.022318,1750.0,0.022316,1480.0,0.022319,2360.0,0.022322,4300.0
1753503852874,04:24:12.874,ACH/USDT:USDT,0.022318,1750.0,0.022316,1480.0,0.022319,2360.0,0.022322,4300.0
1753503853175,04:24:13.175,ACH/USDT:USDT,0.022318,1750.0,0.022316,1480.0,0.022319,2360.0,0.022322,4300.0
1753503853375,04:24:13.375,ACH/USDT:USDT,0.022318,2850.0,0.022316,1480.0,0.022319,2360.0,0.022322,4300.0
1753503853677,04:24:13.677,ACH/USDT:USDT,0.022318,2850.0,0.022316,1480.0,0.022319,2360.0,0.022322,4300.0
1753503854374,04:24:14.374,ACH/USDT:USDT,0.022318,2850.0,0.022316,1480.0,0.022319,2360.0,0.022322,4300.0
1753503854575,04:24:14.575,ACH/USDT:USDT,0.022318,2850.0,0.022316,1480.0,0.022319,2360.0,0.022322,4300.0
1753503855275,04:24:15.275,ACH/USDT:USDT,0.022318,2850.0,0.022316,1480.0,0.022319,2360.0,0.022322,4300.0
1753503855679,04:24:15.679,ACH/USDT:USDT,0.022318,2850.0,0.022316,1480.0,0.022319,2360.0,0.022322,4300.0
1753503855775,04:24:15.775,ACH/USDT:USDT,0.022318,2850.0,0.022316,1480.0,0.022319,2360.0,0.022322,4300.0
1753503855875,04:24:15.875,ACH/USDT:USDT,0.022318,2850.0,0.022316,1480.0,0.022319,2360.0,0.022322,4300.0
1753503856675,04:24:16.675,ACH/USDT:USDT,0.022318,2850.0,0.022316,1480.0,0.022319,2360.0,0.022322,4300.0
1753503856774,04:24:16.774,ACH/USDT:USDT,0.022318,2850.0,0.022316,1480.0,0.022319,2360.0,0.022322,4300.0
1753503856973,04:24:16.973,ACH/USDT:USDT,0.022318,2850.0,0.022316,1480.0,0.022319,2360.0,0.022322,4300.0
1753503858574,04:24:18.574,ACH/USDT:USDT,0.022318,4100.0,0.022316,1480.0,0.022319,2360.0,0.022322,4300.0
1753503858675,04:24:18.675,ACH/USDT:USDT,0.022318,9990.0,0.022316,1480.0,0.022319,1080.0,0.022322,2800.0
1753503860275,04:24:20.275,ACH/USDT:USDT,0.022318,9990.0,0.022316,1480.0,0.022319,1080.0,0.022322,2800.0
1753503860375,04:24:20.375,ACH/USDT:USDT,0.022318,9990.0,0.022316,1480.0,0.022319,2470.0,0.022322,2800.0
1753503860474,04:24:20.474,ACH/USDT:USDT,0.022318,9990.0,0.022316,1480.0,0.022319,2470.0,0.022322,2800.0
1753503860574,04:24:20.574,ACH/USDT:USDT,0.022318,9990.0,0.022316,1480.0,0.022319,2470.0,0.022322,2800.0
1753503863374,04:24:23.374,ACH/USDT:USDT,0.022318,9990.0,0.022316,1480.0,0.022319,10160.0,0.022322,2800.0
1753503863476,04:24:23.476,ACH/USDT:USDT,0.022318,9990.0,0.022316,1480.0,0.022319,10160.0,0.022322,2800.0
1753503863575,04:24:23.575,ACH/USDT:USDT,0.022318,660.0,0.022316,1480.0,0.022319,10160.0,0.022322,4300.0
1753503863775,04:24:23.775,ACH/USDT:USDT,0.022318,660.0,0.022316,1480.0,0.022319,10160.0,0.022322,4300.0
1753503864274,04:24:24.274,ACH/USDT:USDT,0.022318,660.0,0.022316,1480.0,0.022319,10160.0,0.022322,4300.0
1753503864574,04:24:24.574,ACH/USDT:USDT,0.022318,660.0,0.022316,1480.0,0.022319,10160.0,0.022322,4300.0
1753503865273,04:24:25.273,ACH/USDT:USDT,0.022318,660.0,0.022316,1480.0,0.022319,10160.0,0.022322,4300.0
1753503865374,04:24:25.374,ACH/USDT:USDT,0.022318,660.0,0.022316,1480.0,0.022319,10160.0,0.022322,4300.0
1753503865875,04:24:25.875,ACH/USDT:USDT,0.022318,660.0,0.022316,1480.0,0.022319,10160.0,0.022322,4300.0
1753503866676,04:24:26.676,ACH/USDT:USDT,0.022318,660.0,0.022316,1480.0,0.022319,10160.0,0.022322,4300.0
1753503866773,04:24:26.773,ACH/USDT:USDT,0.022318,660.0,0.022316,1480.0,0.022319,10160.0,0.022322,4300.0
1753503867773,04:24:27.773,ACH/USDT:USDT,0.022318,660.0,0.022316,1480.0,0.022319,10160.0,0.022322,4300.0
1753503868677,04:24:28.677,ACH/USDT:USDT,0.022318,660.0,0.022316,1480.0,0.022319,10160.0,0.022322,4300.0
1753503869276,04:24:29.276,ACH/USDT:USDT,0.022318,660.0,0.022316,1480.0,0.022319,10160.0,0.022322,4300.0
1753503869375,04:24:29.375,ACH/USDT:USDT,0.022316,1480.0,0.022315,1730.0,0.022319,10160.0,0.022322,4300.0
1753503869473,04:24:29.473,ACH/USDT:USDT,0.022316,2000.0,0.022315,1730.0,0.022319,10160.0,0.022322,4300.0
1753503869576,04:24:29.576,ACH/USDT:USDT,0.022316,2000.0,0.022315,1730.0,0.022319,10160.0,0.022322,4300.0
1753503869680,04:24:29.680,ACH/USDT:USDT,0.022316,520.0,0.022315,250.0,0.022319,10160.0,0.022322,4300.0
1753503869774,04:24:29.774,ACH/USDT:USDT,0.022316,520.0,0.022315,250.0,0.022319,11620.0,0.022322,4300.0
1753503870074,04:24:30.074,ACH/USDT:USDT,0.022316,520.0,0.022315,250.0,0.022319,11620.0,0.022322,4300.0
1753503870273,04:24:30.273,ACH/USDT:USDT,0.022316,520.0,0.022315,250.0,0.022319,11620.0,0.022322,4300.0
1753503870373,04:24:30.373,ACH/USDT:USDT,0.022315,770.0,0.022313,1440.0,0.022319,11620.0,0.022322,4300.0
1753503870874,04:24:30.874,ACH/USDT:USDT,0.022315,770.0,0.022313,1440.0,0.022319,11620.0,0.022322,4300.0
1753503871275,04:24:31.275,ACH/USDT:USDT,0.022315,770.0,0.022313,1440.0,0.022316,2890.0,0.022319,11620.0
1753503871376,04:24:31.376,ACH/USDT:USDT,0.022313,1960.0,0.022311,1330.0,0.022314,2320.0,0.022316,2890.0
1753503871475,04:24:31.475,ACH/USDT:USDT,0.022313,1960.0,0.022311,1330.0,0.022314,2320.0,0.022316,2890.0
1753503871573,04:24:31.573,ACH/USDT:USDT,0.022313,1960.0,0.022311,1330.0,0.022314,2320.0,0.022316,2890.0
1753503871874,04:24:31.874,ACH/USDT:USDT,0.022313,1960.0,0.022311,1330.0,0.022314,2320.0,0.022316,2890.0
1753503872076,04:24:32.076,ACH/USDT:USDT,0.022313,1960.0,0.022311,1330.0,0.022314,2320.0,0.022316,2890.0
1753503872176,04:24:32.176,ACH/USDT:USDT,0.022313,1960.0,0.022311,1330.0,0.022314,2320.0,0.022316,2890.0
1753503872274,04:24:32.274,ACH/USDT:USDT,0.022313,1960.0,0.022311,1330.0,0.022314,2320.0,0.022316,2890.0
1753503872874,04:24:32.874,ACH/USDT:USDT,0.022313,1960.0,0.022311,1330.0,0.022314,2320.0,0.022316,2890.0
1753503873076,04:24:33.076,ACH/USDT:USDT,0.022313,1960.0,0.022311,1330.0,0.022314,2320.0,0.022316,2890.0
1753503873681,04:24:33.681,ACH/USDT:USDT,0.022313,1960.0,0.022311,1330.0,0.022314,2320.0,0.022316,2890.0
1753503874679,04:24:34.679,ACH/USDT:USDT,0.022313,1960.0,0.022311,1330.0,0.022314,6450.0,0.022316,2890.0
1753503874775,04:24:34.775,ACH/USDT:USDT,0.022313,1960.0,0.022311,1330.0,0.022314,6450.0,0.022316,2890.0
1753503874874,04:24:34.874,ACH/USDT:USDT,0.022313,1960.0,0.022311,1330.0,0.022314,6450.0,0.022316,2890.0
1753503874976,04:24:34.976,ACH/USDT:USDT,0.022313,520.0,0.022311,1330.0,0.022314,6450.0,0.022316,2890.0
1753503876176,04:24:36.176,ACH/USDT:USDT,0.022313,520.0,0.022311,1330.0,0.022314,97710.0,0.022316,2890.0
1753503876276,04:24:36.276,ACH/USDT:USDT,0.022313,520.0,0.022311,1330.0,0.022314,97710.0,0.022316,1390.0
1753503876375,04:24:36.375,ACH/USDT:USDT,0.022313,520.0,0.022311,1330.0,0.022314,97710.0,0.022316,1390.0
1753503876474,04:24:36.474,ACH/USDT:USDT,0.022313,520.0,0.022311,1330.0,0.022314,97710.0,0.022316,1390.0
1753503876575,04:24:36.575,ACH/USDT:USDT,0.022313,520.0,0.022311,1330.0,0.022314,97710.0,0.022316,1390.0
1753503877774,04:24:37.774,ACH/USDT:USDT,0.022313,520.0,0.022311,1330.0,0.022314,97710.0,0.022316,1390.0
1753503877975,04:24:37.975,ACH/USDT:USDT,0.022313,520.0,0.022311,1330.0,0.022314,97710.0,0.022316,1390.0
1753503878575,04:24:38.575,ACH/USDT:USDT,0.022313,520.0,0.022311,1330.0,0.022314,97710.0,0.022316,1390.0
1753503878875,04:24:38.875,ACH/USDT:USDT,0.022313,520.0,0.022311,1330.0,0.022314,97710.0,0.022316,1390.0
1753503879175,04:24:39.175,ACH/USDT:USDT,0.022313,260.0,0.022311,1330.0,0.022314,97710.0,0.022316,1390.0
1753503879678,04:24:39.678,ACH/USDT:USDT,0.022313,260.0,0.022311,1330.0,0.022314,97710.0,0.022316,1390.0
1753503879875,04:24:39.875,ACH/USDT:USDT,0.022313,910.0,0.022311,1330.0,0.022314,97710.0,0.022316,1390.0
1753503880375,04:24:40.375,ACH/USDT:USDT,0.022313,260.0,0.022311,1330.0,0.022314,97710.0,0.022316,1390.0
1753503880475,04:24:40.475,ACH/USDT:USDT,0.022313,260.0,0.022311,1330.0,0.022314,97710.0,0.022316,1390.0
1753503880676,04:24:40.676,ACH/USDT:USDT,0.022313,260.0,0.022311,1330.0,0.022314,97710.0,0.022316,1390.0
1753503881275,04:24:41.275,ACH/USDT:USDT,0.022313,520.0,0.022311,1330.0,0.022314,97710.0,0.022316,1390.0
1753503881475,04:24:41.475,ACH/USDT:USDT,0.022313,520.0,0.022311,1330.0,0.022314,97710.0,0.022316,1390.0
1753503881574,04:24:41.574,ACH/USDT:USDT,0.022313,520.0,0.022311,1330.0,0.022314,97710.0,0.022316,1390.0
1753503882675,04:24:42.675,ACH/USDT:USDT,0.022313,520.0,0.022311,1330.0,0.022314,97710.0,0.022316,1390.0
1753503882773,04:24:42.773,ACH/USDT:USDT,0.022313,520.0,0.022311,1330.0,0.022314,97710.0,0.022316,1390.0
1753503883374,04:24:43.374,ACH/USDT:USDT,0.022313,520.0,0.022311,1330.0,0.022314,97710.0,0.022316,1390.0
1753503883975,04:24:43.975,ACH/USDT:USDT,0.022313,520.0,0.022311,1330.0,0.022314,97710.0,0.022316,1390.0
1753503884175,04:24:44.175,ACH/USDT:USDT,0.022313,520.0,0.022311,1330.0,0.022314,97710.0,0.022316,1390.0
1753503884473,04:24:44.473,ACH/USDT:USDT,0.022313,520.0,0.022311,1330.0,0.022314,97710.0,0.022316,1390.0
1753503885475,04:24:45.475,ACH/USDT:USDT,0.022313,520.0,0.022311,1330.0,0.022314,97710.0,0.022316,1390.0
1753503886174,04:24:46.174,ACH/USDT:USDT,0.022313,520.0,0.022311,1330.0,0.022314,97710.0,0.022316,1390.0
1753503886774,04:24:46.774,ACH/USDT:USDT,0.022313,260.0,0.022311,1330.0,0.022314,97710.0,0.022316,1390.0
1753503886875,04:24:46.875,ACH/USDT:USDT,0.022313,760.0,0.022311,1330.0,0.022314,97710.0,0.022316,1390.0
1753503886976,04:24:46.976,ACH/USDT:USDT,0.022313,760.0,0.022311,1330.0,0.022314,97710.0,0.022316,1390.0
1753503888474,04:24:48.474,ACH/USDT:USDT,0.022313,760.0,0.022311,1330.0,0.022314,97710.0,0.022316,1390.0
1753503888574,04:24:48.574,ACH/USDT:USDT,0.022313,760.0,0.022311,1330.0,0.022314,97710.0,0.022316,1390.0
1753503888676,04:24:48.676,ACH/USDT:USDT,0.022313,760.0,0.022311,1330.0,0.022314,97710.0,0.022316,1390.0
1753503889277,04:24:49.277,ACH/USDT:USDT,0.022313,760.0,0.022311,1330.0,0.022314,97710.0,0.022316,1390.0
1753503889375,04:24:49.375,ACH/USDT:USDT,0.022313,760.0,0.022311,1330.0,0.022314,97710.0,0.022316,1390.0
1753503889975,04:24:49.975,ACH/USDT:USDT,0.022313,760.0,0.022311,1330.0,0.022314,97710.0,0.022316,1390.0
1753503891975,04:24:51.975,ACH/USDT:USDT,0.022313,760.0,0.022311,1330.0,0.022314,97710.0,0.022316,1390.0
1753503892073,04:24:52.073,ACH/USDT:USDT,0.022313,760.0,0.022311,1330.0,0.022314,97710.0,0.022316,1390.0
1753503892574,04:24:52.574,ACH/USDT:USDT,0.022311,1330.0,0.02231,250.0,0.022313,1270.0,0.022314,97710.0
1753503892676,04:24:52.676,ACH/USDT:USDT,0.022311,2450.0,0.02231,250.0,0.022313,1270.0,0.022314,97710.0
1753503892776,04:24:52.776,ACH/USDT:USDT,0.022311,2450.0,0.02231,250.0,0.022313,1270.0,0.022314,97710.0
1753503892875,04:24:52.875,ACH/USDT:USDT,0.022311,2450.0,0.02231,250.0,0.022313,1270.0,0.022314,97710.0
1753503893475,04:24:53.475,ACH/USDT:USDT,0.022311,2450.0,0.02231,250.0,0.022313,1270.0,0.022314,97710.0
1753503894073,04:24:54.073,ACH/USDT:USDT,0.022311,2450.0,0.02231,250.0,0.022313,1270.0,0.022314,97710.0
1753503894176,04:24:54.176,ACH/USDT:USDT,0.022311,2450.0,0.02231,250.0,0.022313,1270.0,0.022314,97710.0
1753503894376,04:24:54.376,ACH/USDT:USDT,0.022313,2820.0,0.022312,1500.0,0.022314,97710.0,0.022316,1390.0
1753503894475,04:24:54.475,ACH/USDT:USDT,0.022313,2820.0,0.022312,1500.0,0.022314,97710.0,0.022316,1390.0
1753503894675,04:24:54.675,ACH/USDT:USDT,0.022313,2820.0,0.022312,1500.0,0.022314,97710.0,0.022316,1390.0
1753503894776,04:24:54.776,ACH/USDT:USDT,0.022313,2820.0,0.022312,1500.0,0.022314,97710.0,0.022316,1390.0
1753503895680,04:24:55.680,ACH/USDT:USDT,0.022313,2820.0,0.022312,1500.0,0.022314,97710.0,0.022316,1390.0
1753503895874,04:24:55.874,ACH/USDT:USDT,0.022313,2820.0,0.022312,1500.0,0.022314,97710.0,0.022316,1390.0
1753503895975,04:24:55.975,ACH/USDT:USDT,0.022313,4570.0,0.022312,1500.0,0.022314,97710.0,0.022316,1390.0
1753503896074,04:24:56.074,ACH/USDT:USDT,0.022313,4570.0,0.022312,1500.0,0.022314,97710.0,0.022316,1390.0
1753503896474,04:24:56.474,ACH/USDT:USDT,0.022313,4570.0,0.022312,1500.0,0.022314,97710.0,0.022316,1390.0
1753503896574,04:24:56.574,ACH/USDT:USDT,0.022313,4570.0,0.022312,1500.0,0.022314,97710.0,0.022316,1390.0
1753503898175,04:24:58.175,ACH/USDT:USDT,0.022313,4570.0,0.022312,1500.0,0.022314,97710.0,0.022316,1390.0
1753503898274,04:24:58.274,ACH/USDT:USDT,0.022313,4570.0,0.022312,1500.0,0.022314,97710.0,0.022316,1390.0
1753503898374,04:24:58.374,ACH/USDT:USDT,0.022313,4570.0,0.022312,1500.0,0.022314,97710.0,0.022316,1390.0
1753503898875,04:24:58.875,ACH/USDT:USDT,0.022313,4570.0,0.022312,1500.0,0.022314,97710.0,0.022316,1390.0
1753503898975,04:24:58.975,ACH/USDT:USDT,0.022313,4570.0,0.022312,1500.0,0.022314,97710.0,0.022316,1390.0
1753503899375,04:24:59.375,ACH/USDT:USDT,0.022313,520.0,0.022312,1500.0,0.022314,97710.0,0.022316,1390.0
1753503899474,04:24:59.474,ACH/USDT:USDT,0.022313,520.0,0.022312,1500.0,0.022314,97710.0,0.022316,1390.0
1753503899575,04:24:59.575,ACH/USDT:USDT,0.022313,520.0,0.02231,250.0,0.022314,97710.0,0.022316,1390.0
1753503900475,04:25:00.475,ACH/USDT:USDT,0.022313,1040.0,0.02231,250.0,0.022314,97710.0,0.022315,80.0
1753503900575,04:25:00.575,ACH/USDT:USDT,0.022313,1040.0,0.02231,1750.0,0.022314,97710.0,0.022315,80.0
1753503900873,04:25:00.873,ACH/USDT:USDT,0.022313,1040.0,0.02231,1750.0,0.022314,97710.0,0.022315,80.0
1753503901176,04:25:01.176,ACH/USDT:USDT,0.022313,1040.0,0.02231,1750.0,0.022314,97710.0,0.022315,80.0
1753503901475,04:25:01.475,ACH/USDT:USDT,0.022313,1040.0,0.02231,1750.0,0.022314,97710.0,0.022315,80.0
1753503901575,04:25:01.575,ACH/USDT:USDT,0.022313,1040.0,0.02231,1750.0,0.022314,97710.0,0.022315,80.0
1753503901873,04:25:01.873,ACH/USDT:USDT,0.022313,1040.0,0.02231,1750.0,0.022314,97710.0,0.022315,80.0
1753503901976,04:25:01.976,ACH/USDT:USDT,0.022313,1040.0,0.02231,250.0,0.022314,97710.0,0.022315,80.0
1753503902075,04:25:02.075,ACH/USDT:USDT,0.02231,250.0,0.022308,20.0,0.022313,5660.0,0.022314,97710.0
1753503902175,04:25:02.175,ACH/USDT:USDT,0.022308,20.0,0.022305,1690.0,0.022309,3690.0,0.022311,1500.0
1753503902275,04:25:02.275,ACH/USDT:USDT,0.022308,860.0,0.022305,250.0,0.022309,3690.0,0.022311,1500.0
1753503902374,04:25:02.374,ACH/USDT:USDT,0.022308,280.0,0.022305,250.0,0.022309,3690.0,0.022311,1500.0
1753503902475,04:25:02.475,ACH/USDT:USDT,0.022308,20.0,0.022305,250.0,0.022309,3690.0,0.022311,1500.0
1753503902575,04:25:02.575,ACH/USDT:USDT,0.022308,20.0,0.022305,250.0,0.022309,3690.0,0.022311,1500.0
1753503902675,04:25:02.675,ACH/USDT:USDT,0.022308,20.0,0.022305,250.0,0.022309,3690.0,0.022311,1500.0
1753503902875,04:25:02.875,ACH/USDT:USDT,0.022308,20.0,0.022305,250.0,0.022309,3690.0,0.022311,1500.0
1753503902975,04:25:02.975,ACH/USDT:USDT,0.022308,320.0,0.022305,250.0,0.022309,5080.0,0.022311,1500.0
1753503903276,04:25:03.276,ACH/USDT:USDT,0.022308,320.0,0.022305,250.0,0.022309,5080.0,0.022311,1500.0
1753503903374,04:25:03.374,ACH/USDT:USDT,0.022308,320.0,0.022305,250.0,0.022309,5080.0,0.022311,1500.0
1753503903474,04:25:03.474,ACH/USDT:USDT,0.022308,320.0,0.022305,250.0,0.022309,5080.0,0.022311,1500.0
1753503903675,04:25:03.675,ACH/USDT:USDT,0.022308,320.0,0.022305,250.0,0.022309,5080.0,0.022311,1500.0
1753503903775,04:25:03.775,ACH/USDT:USDT,0.022308,690.0,0.022305,250.0,0.022309,5080.0,0.022311,1500.0
1753503903874,04:25:03.874,ACH/USDT:USDT,0.022308,690.0,0.022305,250.0,0.022309,5080.0,0.022311,1500.0
1753503904176,04:25:04.176,ACH/USDT:USDT,0.022308,690.0,0.022305,250.0,0.022309,5080.0,0.022311,1500.0
1753503904573,04:25:04.573,ACH/USDT:USDT,0.022308,690.0,0.022305,250.0,0.022309,5080.0,0.022311,1500.0
1753503904973,04:25:04.973,ACH/USDT:USDT,0.022308,690.0,0.022305,250.0,0.022309,5080.0,0.022311,1500.0
1753503906475,04:25:06.475,ACH/USDT:USDT,0.022308,690.0,0.022305,250.0,0.022309,5080.0,0.022311,1500.0
1753503907075,04:25:07.075,ACH/USDT:USDT,0.022308,690.0,0.022305,250.0,0.022309,5080.0,0.022311,1500.0
1753503907174,04:25:07.174,ACH/USDT:USDT,0.022308,690.0,0.022305,250.0,0.022309,5080.0,0.022311,1500.0
1753503907475,04:25:07.475,ACH/USDT:USDT,0.022308,690.0,0.022305,250.0,0.022309,5080.0,0.022311,1500.0
1753503907575,04:25:07.575,ACH/USDT:USDT,0.022308,690.0,0.022305,250.0,0.022309,5080.0,0.022311,1500.0
1753503907682,04:25:07.682,ACH/USDT:USDT,0.022308,320.0,0.022305,250.0,0.022309,5080.0,0.022311,1500.0
1753503907774,04:25:07.774,ACH/USDT:USDT,0.022308,320.0,0.022305,250.0,0.022309,5080.0,0.022311,1500.0
1753503907875,04:25:07.875,ACH/USDT:USDT,0.022308,690.0,0.022305,250.0,0.022309,5080.0,0.022311,1500.0
1753503908075,04:25:08.075,ACH/USDT:USDT,0.022308,690.0,0.022305,250.0,0.022309,5080.0,0.022311,1500.0
1753503908376,04:25:08.376,ACH/USDT:USDT,0.022308,690.0,0.022305,250.0,0.022309,5080.0,0.022311,1500.0
1753503908475,04:25:08.475,ACH/USDT:USDT,0.022308,690.0,0.022305,250.0,0.022309,5080.0,0.022311,1500.0
1753503908573,04:25:08.573,ACH/USDT:USDT,0.022308,690.0,0.022305,250.0,0.022309,5080.0,0.022311,1500.0
1753503908675,04:25:08.675,ACH/USDT:USDT,0.022308,690.0,0.022305,250.0,0.022309,5080.0,0.022311,1500.0
1753503908775,04:25:08.775,ACH/USDT:USDT,0.022308,320.0,0.022305,250.0,0.022309,5080.0,0.022311,1500.0
1753503908875,04:25:08.875,ACH/USDT:USDT,0.022308,580.0,0.022305,250.0,0.022309,5080.0,0.022311,1500.0
1753503909076,04:25:09.076,ACH/USDT:USDT,0.022308,580.0,0.022305,250.0,0.022309,5080.0,0.022311,1500.0
1753503909175,04:25:09.175,ACH/USDT:USDT,0.022308,580.0,0.022305,250.0,0.022309,5080.0,0.022311,1500.0
1753503909373,04:25:09.373,ACH/USDT:USDT,0.022308,580.0,0.022305,250.0,0.022309,5080.0,0.022311,1500.0
1753503909476,04:25:09.476,ACH/USDT:USDT,0.022308,20.0,0.022305,250.0,0.022309,5080.0,0.022311,1500.0
1753503909678,04:25:09.678,ACH/USDT:USDT,0.022308,20.0,0.022305,250.0,0.022309,5080.0,0.022311,1500.0
1753503909774,04:25:09.774,ACH/USDT:USDT,0.022308,540.0,0.022305,250.0,0.022309,5080.0,0.022311,1500.0
1753503910774,04:25:10.774,ACH/USDT:USDT,0.022308,20.0,0.022305,250.0,0.022309,5080.0,0.022311,1500.0
1753503910873,04:25:10.873,ACH/USDT:USDT,0.022308,20.0,0.022305,250.0,0.022309,5080.0,0.022311,1500.0
1753503910976,04:25:10.976,ACH/USDT:USDT,0.022308,540.0,0.022305,250.0,0.022309,5080.0,0.022311,1500.0
1753503911375,04:25:11.375,ACH/USDT:USDT,0.022308,280.0,0.022305,250.0,0.022309,5080.0,0.022311,1500.0
1753503911475,04:25:11.475,ACH/USDT:USDT,0.022308,280.0,0.022305,250.0,0.022309,5080.0,0.022311,1500.0
1753503911574,04:25:11.574,ACH/USDT:USDT,0.022308,280.0,0.022305,250.0,0.022309,5080.0,0.022311,1500.0
1753503911974,04:25:11.974,ACH/USDT:USDT,0.022308,540.0,0.022305,250.0,0.022309,5080.0,0.022311,1500.0
1753503912174,04:25:12.174,ACH/USDT:USDT,0.022308,280.0,0.022305,250.0,0.022309,5080.0,0.022311,1500.0
1753503912574,04:25:12.574,ACH/USDT:USDT,0.022308,280.0,0.022305,250.0,0.022309,5080.0,0.022311,1500.0
1753503912774,04:25:12.774,ACH/USDT:USDT,0.022308,280.0,0.022305,250.0,0.022309,5080.0,0.022311,1500.0
1753503913275,04:25:13.275,ACH/USDT:USDT,0.022308,280.0,0.022305,250.0,0.022309,5080.0,0.022311,1500.0
1753503913374,04:25:13.374,ACH/USDT:USDT,0.022308,280.0,0.022305,250.0,0.022309,5080.0,0.022311,1500.0
1753503913775,04:25:13.775,ACH/USDT:USDT,0.022308,280.0,0.022305,250.0,0.022309,5080.0,0.022311,1500.0
1753503914074,04:25:14.074,ACH/USDT:USDT,0.022308,280.0,0.022305,250.0,0.022309,5080.0,0.022311,1500.0
1753503915276,04:25:15.276,ACH/USDT:USDT,0.022308,540.0,0.022305,250.0,0.022309,5080.0,0.022311,1500.0
1753503915475,04:25:15.475,ACH/USDT:USDT,0.022308,20.0,0.022305,250.0,0.022309,5080.0,0.022311,1500.0
1753503915574,04:25:15.574,ACH/USDT:USDT,0.022308,600.0,0.022305,250.0,0.022309,5080.0,0.022311,1500.0
1753503915675,04:25:15.675,ACH/USDT:USDT,0.022308,310.0,0.022305,250.0,0.022309,5080.0,0.022311,1500.0
1753503915975,04:25:15.975,ACH/USDT:USDT,0.022308,600.0,0.022305,250.0,0.022309,5080.0,0.022311,1500.0
1753503916273,04:25:16.273,ACH/USDT:USDT,0.022308,310.0,0.022305,250.0,0.022309,5080.0,0.022311,1500.0
1753503916575,04:25:16.575,ACH/USDT:USDT,0.022308,20.0,0.022305,250.0,0.022309,5080.0,0.022311,1500.0
1753503917176,04:25:17.176,ACH/USDT:USDT,0.022308,310.0,0.022305,250.0,0.022309,5080.0,0.022311,1500.0
1753503917299,04:25:17.299,ACH/USDT:USDT,0.022308,310.0,0.022305,250.0,0.022309,5080.0,0.022311,1500.0
1753503918074,04:25:18.074,ACH/USDT:USDT,0.022308,310.0,0.022305,250.0,0.022309,5080.0,0.022311,1500.0
1753503919175,04:25:19.175,ACH/USDT:USDT,0.022308,600.0,0.022305,250.0,0.022309,5080.0,0.022311,1500.0
1753503919775,04:25:19.775,ACH/USDT:USDT,0.022308,600.0,0.022305,250.0,0.022309,5080.0,0.022311,1500.0
1753503919874,04:25:19.874,ACH/USDT:USDT,0.022308,600.0,0.022305,250.0,0.022309,5080.0,0.022311,1500.0
1753503920074,04:25:20.074,ACH/USDT:USDT,0.022308,600.0,0.022305,250.0,0.022309,5080.0,0.022311,1500.0
1753503920174,04:25:20.174,ACH/USDT:USDT,0.022308,600.0,0.022305,250.0,0.022309,5080.0,0.022311,1500.0
1753503922373,04:25:22.373,ACH/USDT:USDT,0.022308,600.0,0.022305,250.0,0.022309,5080.0,0.022311,1500.0
1753503922874,04:25:22.874,ACH/USDT:USDT,0.022308,600.0,0.022305,250.0,0.022309,5080.0,0.022311,1500.0
1753503924673,04:25:24.673,ACH/USDT:USDT,0.022308,4500.0,0.022305,250.0,0.022309,5080.0,0.022311,1500.0
1753503924776,04:25:24.776,ACH/USDT:USDT,0.022308,4500.0,0.022305,250.0,0.022309,3580.0,0.022311,1500.0
1753503927176,04:25:27.176,ACH/USDT:USDT,0.022308,510.0,0.022305,250.0,0.022309,3580.0,0.022311,1500.0
1753503927274,04:25:27.274,ACH/USDT:USDT,0.022308,1000.0,0.022305,250.0,0.022309,3580.0,0.022311,1500.0
1753503927678,04:25:27.678,ACH/USDT:USDT,0.022308,1000.0,0.022305,250.0,0.022309,3580.0,0.022311,1500.0
1753503927875,04:25:27.875,ACH/USDT:USDT,0.022308,1000.0,0.022305,1750.0,0.022309,3580.0,0.022311,1500.0
1753503927975,04:25:27.975,ACH/USDT:USDT,0.022308,1000.0,0.022305,1750.0,0.022309,3580.0,0.022311,1500.0
1753503928074,04:25:28.074,ACH/USDT:USDT,0.022308,1000.0,0.022305,1750.0,0.022309,3580.0,0.022311,1500.0
1753503928176,04:25:28.176,ACH/USDT:USDT,0.022308,1000.0,0.022305,1750.0,0.022309,3580.0,0.022311,1500.0
1753503928675,04:25:28.675,ACH/USDT:USDT,0.022308,1000.0,0.022305,1750.0,0.022309,3580.0,0.022311,1500.0
1753503929678,04:25:29.678,ACH/USDT:USDT,0.022308,1000.0,0.022305,1750.0,0.022309,3580.0,0.022311,1500.0
1753503930375,04:25:30.375,ACH/USDT:USDT,0.022308,1000.0,0.022305,1750.0,0.022309,3580.0,0.022311,1500.0
1753503931574,04:25:31.574,ACH/USDT:USDT,0.022308,1000.0,0.022305,1750.0,0.022309,3580.0,0.022311,1500.0
1753503932075,04:25:32.075,ACH/USDT:USDT,0.022308,1000.0,0.022305,1750.0,0.022309,3580.0,0.022311,1500.0
1753503932275,04:25:32.275,ACH/USDT:USDT,0.022308,20.0,0.022305,1750.0,0.022309,3580.0,0.022311,1500.0
1753503932374,04:25:32.374,ACH/USDT:USDT,0.022308,6970.0,0.022305,1750.0,0.022309,3580.0,0.022311,1500.0
1753503932474,04:25:32.474,ACH/USDT:USDT,0.022308,6970.0,0.022305,1750.0,0.022309,3580.0,0.022311,1500.0
1753503934274,04:25:34.274,ACH/USDT:USDT,0.022308,6970.0,0.022305,1750.0,0.022309,3580.0,0.022311,1500.0
1753503937276,04:25:37.276,ACH/USDT:USDT,0.022308,6970.0,0.022305,1750.0,0.022309,3580.0,0.022311,1500.0
1753503937373,04:25:37.373,ACH/USDT:USDT,0.022308,6970.0,0.022305,1750.0,0.022309,3580.0,0.022311,1500.0
1753503937774,04:25:37.774,ACH/USDT:USDT,0.022308,3950.0,0.022305,1750.0,0.022309,3580.0,0.022311,1500.0
1753503937875,04:25:37.875,ACH/USDT:USDT,0.022308,3950.0,0.022305,1750.0,0.022309,3580.0,0.022311,1500.0
1753503938074,04:25:38.074,ACH/USDT:USDT,0.022308,7890.0,0.022305,1750.0,0.022309,3580.0,0.022311,1500.0
1753503938475,04:25:38.475,ACH/USDT:USDT,0.022308,7890.0,0.022305,1750.0,0.022309,3580.0,0.022311,1500.0
1753503940075,04:25:40.075,ACH/USDT:USDT,0.022308,20.0,0.022305,1750.0,0.022309,5080.0,0.022311,1500.0
1753503940174,04:25:40.174,ACH/USDT:USDT,0.022308,1320.0,0.022305,250.0,0.022309,5080.0,0.022311,1500.0
1753503940375,04:25:40.375,ACH/USDT:USDT,0.022308,540.0,0.022305,250.0,0.022309,5080.0,0.022311,1500.0
1753503940474,04:25:40.474,ACH/USDT:USDT,0.022308,20.0,0.022305,250.0,0.022309,5080.0,0.022311,1500.0
1753503940575,04:25:40.575,ACH/USDT:USDT,0.022308,20.0,0.022305,250.0,0.022309,5080.0,0.022311,1500.0
1753503940975,04:25:40.975,ACH/USDT:USDT,0.022308,280.0,0.022305,250.0,0.022309,5080.0,0.022311,1500.0
1753503941073,04:25:41.073,ACH/USDT:USDT,0.022308,20.0,0.022305,250.0,0.022309,5080.0,0.022311,1500.0
1753503941678,04:25:41.678,ACH/USDT:USDT,0.022308,20.0,0.022305,250.0,0.022309,5080.0,0.022311,1500.0
1753503942075,04:25:42.075,ACH/USDT:USDT,0.022308,20.0,0.022305,250.0,0.022309,5080.0,0.022311,1500.0
1753503942375,04:25:42.375,ACH/USDT:USDT,0.022308,560.0,0.022305,250.0,0.022309,5080.0,0.022311,1500.0
1753503942474,04:25:42.474,ACH/USDT:USDT,0.022308,560.0,0.022305,250.0,0.022309,5080.0,0.022311,1500.0
1753503942775,04:25:42.775,ACH/USDT:USDT,0.022308,20.0,0.022305,250.0,0.022309,5080.0,0.022311,1500.0
1753503943076,04:25:43.076,ACH/USDT:USDT,0.022308,3570.0,0.022305,250.0,0.022309,5080.0,0.022311,1500.0
1753503943575,04:25:43.575,ACH/USDT:USDT,0.022308,3570.0,0.022305,250.0,0.022309,5080.0,0.022311,1500.0
1753503943676,04:25:43.676,ACH/USDT:USDT,0.022308,3570.0,0.022305,250.0,0.022309,5080.0,0.022311,1500.0
1753503944175,04:25:44.175,ACH/USDT:USDT,0.022308,3570.0,0.022305,250.0,0.022309,5080.0,0.022311,1500.0
1753503944375,04:25:44.375,ACH/USDT:USDT,0.022308,20.0,0.022305,1750.0,0.022309,7450.0,0.022312,2800.0
1753503944476,04:25:44.476,ACH/USDT:USDT,0.022308,1520.0,0.022305,1750.0,0.022309,7450.0,0.022312,2800.0
1753503944575,04:25:44.575,ACH/USDT:USDT,0.022308,5060.0,0.022305,1750.0,0.022309,7450.0,0.022312,2800.0
1753503944674,04:25:44.674,ACH/USDT:USDT,0.022308,5060.0,0.022305,1750.0,0.022309,7450.0,0.022312,2800.0
1753503944775,04:25:44.775,ACH/USDT:USDT,0.022308,5060.0,0.022305,1750.0,0.022309,7450.0,0.022312,2800.0
1753503944974,04:25:44.974,ACH/USDT:USDT,0.022308,5060.0,0.022305,1750.0,0.022309,7450.0,0.022312,2800.0
1753503945373,04:25:45.373,ACH/USDT:USDT,0.022308,5060.0,0.022305,1750.0,0.022309,7450.0,0.022312,2800.0
1753503945474,04:25:45.474,ACH/USDT:USDT,0.022308,5060.0,0.022305,1750.0,0.022309,7450.0,0.022312,2800.0
1753503945679,04:25:45.679,ACH/USDT:USDT,0.022308,5060.0,0.022305,1750.0,0.022309,7450.0,0.022312,2800.0
1753503946373,04:25:46.373,ACH/USDT:USDT,0.022308,5060.0,0.022305,1750.0,0.022309,7450.0,0.022312,2800.0
1753503946474,04:25:46.474,ACH/USDT:USDT,0.022308,1500.0,0.022305,1750.0,0.022309,3030.0,0.022312,2800.0
1753503946575,04:25:46.575,ACH/USDT:USDT,0.022308,2550.0,0.022305,1750.0,0.022309,4410.0,0.022312,2800.0
1753503946673,04:25:46.673,ACH/USDT:USDT,0.022308,2550.0,0.022305,1750.0,0.022309,4410.0,0.022312,2800.0
1753503946775,04:25:46.775,ACH/USDT:USDT,0.022308,3420.0,0.022305,1750.0,0.022309,4410.0,0.022312,2800.0
1753503946874,04:25:46.874,ACH/USDT:USDT,0.022308,3420.0,0.022305,1750.0,0.022309,4410.0,0.022312,2800.0
1753503946974,04:25:46.974,ACH/USDT:USDT,0.022308,3420.0,0.022305,1750.0,0.022309,5770.0,0.022312,2800.0
1753503947076,04:25:47.076,ACH/USDT:USDT,0.022308,3420.0,0.022305,1750.0,0.022309,5770.0,0.022312,2800.0
1753503947274,04:25:47.274,ACH/USDT:USDT,0.022308,3420.0,0.022305,1750.0,0.022309,5770.0,0.022312,2800.0
1753503947375,04:25:47.375,ACH/USDT:USDT,0.022308,3420.0,0.022305,1750.0,0.022309,5770.0,0.022312,2800.0
1753503947474,04:25:47.474,ACH/USDT:USDT,0.022308,3420.0,0.022305,1750.0,0.022309,5770.0,0.022312,2800.0
1753503947573,04:25:47.573,ACH/USDT:USDT,0.022308,3420.0,0.022305,1750.0,0.022309,5770.0,0.022312,2800.0
1753503947678,04:25:47.678,ACH/USDT:USDT,0.022308,3420.0,0.022305,1750.0,0.022309,5770.0,0.022312,2800.0
1753503948074,04:25:48.074,ACH/USDT:USDT,0.022308,3420.0,0.022305,1750.0,0.022309,5770.0,0.022312,2800.0
1753503948174,04:25:48.174,ACH/USDT:USDT,0.022308,3420.0,0.022305,1750.0,0.022309,5770.0,0.022312,2800.0
1753503948275,04:25:48.275,ACH/USDT:USDT,0.022308,3420.0,0.022305,1750.0,0.022309,5770.0,0.022312,2800.0
1753503948575,04:25:48.575,ACH/USDT:USDT,0.022308,3420.0,0.022305,1750.0,0.022309,5770.0,0.022312,2800.0
1753503948676,04:25:48.676,ACH/USDT:USDT,0.022308,7010.0,0.022305,1750.0,0.022309,5770.0,0.022312,2800.0
1753503948976,04:25:48.976,ACH/USDT:USDT,0.022308,7010.0,0.022305,1750.0,0.022309,5770.0,0.022312,2800.0
1753503949075,04:25:49.075,ACH/USDT:USDT,0.022309,47290.0,0.022308,1254670.0,0.022314,37040.0,0.022315,80.0
1753503949176,04:25:49.176,ACH/USDT:USDT,0.022314,40970.0,0.022313,1500.0,0.022315,80.0,0.022319,7690.0
1753503949275,04:25:49.275,ACH/USDT:USDT,0.022314,39900.0,0.022313,1500.0,0.022315,80.0,0.022319,7690.0
1753503949474,04:25:49.474,ACH/USDT:USDT,0.022314,44170.0,0.022313,1500.0,0.022315,80.0,0.022319,7690.0
1753503949575,04:25:49.575,ACH/USDT:USDT,0.022314,39900.0,0.022313,1500.0,0.022315,80.0,0.022319,7690.0
1753503949676,04:25:49.676,ACH/USDT:USDT,0.022314,36490.0,0.022313,1500.0,0.022315,80.0,0.022319,7690.0
1753503949774,04:25:49.774,ACH/USDT:USDT,0.022314,36490.0,0.022313,1500.0,0.022315,80.0,0.022319,7690.0
1753503949975,04:25:49.975,ACH/USDT:USDT,0.022314,44750.0,0.022313,1500.0,0.022315,80.0,0.022319,7690.0
1753503950974,04:25:50.974,ACH/USDT:USDT,0.022314,44750.0,0.022313,1500.0,0.022315,80.0,0.022319,7690.0
1753503951175,04:25:51.175,ACH/USDT:USDT,0.022314,9760.0,0.022313,1500.0,0.022315,80.0,0.022319,7690.0
1753503951273,04:25:51.273,ACH/USDT:USDT,0.022314,9760.0,0.022313,1500.0,0.022315,80.0,0.022319,7690.0
1753503951374,04:25:51.374,ACH/USDT:USDT,0.022314,9760.0,0.022313,1500.0,0.022315,80.0,0.022319,7690.0
1753503951573,04:25:51.573,ACH/USDT:USDT,0.022314,9760.0,0.022313,1500.0,0.022315,80.0,0.022319,7690.0
1753503951679,04:25:51.679,ACH/USDT:USDT,0.022314,9760.0,0.022313,1500.0,0.022315,80.0,0.022319,7690.0
1753503952375,04:25:52.375,ACH/USDT:USDT,0.022314,9760.0,0.022313,1500.0,0.022315,80.0,0.022319,7690.0
1753503952474,04:25:52.474,ACH/USDT:USDT,0.022314,9760.0,0.022313,1500.0,0.022315,80.0,0.022319,7690.0
1753503952575,04:25:52.575,ACH/USDT:USDT,0.022314,9760.0,0.022313,1500.0,0.022315,80.0,0.022319,7690.0
1753503952676,04:25:52.676,ACH/USDT:USDT,0.022314,9760.0,0.022313,1500.0,0.022315,80.0,0.022319,7690.0
1753503953573,04:25:53.573,ACH/USDT:USDT,0.022314,2060.0,0.022313,1500.0,0.022315,80.0,0.022319,7690.0
1753503953680,04:25:53.680,ACH/USDT:USDT,0.022314,2060.0,0.022313,1500.0,0.022315,80.0,0.022319,7690.0
1753503954176,04:25:54.176,ACH/USDT:USDT,0.022314,2060.0,0.022313,1500.0,0.022315,80.0,0.022319,7690.0
1753503954275,04:25:54.275,ACH/USDT:USDT,0.022314,2060.0,0.022313,1500.0,0.022315,80.0,0.022319,7690.0
1753503954375,04:25:54.375,ACH/USDT:USDT,0.022314,2060.0,0.022313,1500.0,0.022315,80.0,0.022319,7690.0
1753503954676,04:25:54.676,ACH/USDT:USDT,0.022314,2060.0,0.022313,1500.0,0.022315,80.0,0.022319,7690.0
