timestamp,time,symbol,bid1_price,bid1_volume,bid2_price,bid2_volume,ask1_price,ask1_volume,ask2_price,ask2_volume
1753504006060,04:26:46.060,ALGO/USDT:USDT,0.2692,2859.4,0.2691,74750.9,0.2693,188283.9,0.2694,111274.8
1753504006459,04:26:46.459,ALGO/USDT:USDT,0.2692,2790.4,0.2691,73550.9,0.2693,188283.9,0.2694,110903.4
1753504006616,04:26:46.616,ALGO/USDT:USDT,0.2692,2790.4,0.2691,72380.9,0.2693,189591.8,0.2694,110903.4
1753504006717,04:26:46.717,ALGO/USDT:USDT,0.2692,2790.4,0.2691,72380.9,0.2693,189591.8,0.2694,110903.4
1753504006859,04:26:46.859,ALGO/USDT:USDT,0.2692,2790.4,0.2691,72380.9,0.2693,189591.8,0.2694,110903.4
1753504007260,04:26:47.260,ALGO/USDT:USDT,0.2692,2790.4,0.2691,72380.9,0.2693,189591.8,0.2694,110903.4
1753504007397,04:26:47.397,ALGO/USDT:USDT,0.2692,2705.4,0.2691,72380.9,0.2693,189591.8,0.2694,110903.4
1753504007526,04:26:47.526,ALGO/USDT:USDT,0.2692,2705.4,0.2691,72380.9,0.2693,189591.8,0.2694,110903.4
1753504007639,04:26:47.639,ALGO/USDT:USDT,0.2692,2705.4,0.2691,72380.9,0.2693,189591.8,0.2694,110903.4
1753504007815,04:26:47.815,ALGO/USDT:USDT,0.2692,2705.4,0.2691,72361.3,0.2693,189591.8,0.2694,110903.4
1753504007927,04:26:47.927,ALGO/USDT:USDT,0.2692,2705.4,0.2691,72361.3,0.2693,189591.8,0.2694,110903.4
1753504008043,04:26:48.043,ALGO/USDT:USDT,0.2692,2705.4,0.2691,72361.3,0.2693,189591.8,0.2694,110903.4
1753504008175,04:26:48.175,ALGO/USDT:USDT,0.2692,2705.4,0.2691,72361.3,0.2693,189591.8,0.2694,110903.4
1753504008327,04:26:48.327,ALGO/USDT:USDT,0.2692,2705.4,0.2691,72361.3,0.2693,189591.8,0.2694,110903.4
1753504008460,04:26:48.460,ALGO/USDT:USDT,0.2692,2705.4,0.2691,72239.2,0.2693,189862.2,0.2694,110903.4
1753504008565,04:26:48.565,ALGO/USDT:USDT,0.2691,44940.3,0.269,85254.3,0.2692,33832.9,0.2693,214401.3
1753504008668,04:26:48.668,ALGO/USDT:USDT,0.2691,43535.7,0.269,85254.3,0.2692,33522.8,0.2693,214929.8
1753504008771,04:26:48.771,ALGO/USDT:USDT,0.2691,45057.7,0.269,85254.3,0.2692,33522.8,0.2693,210504.0
1753504008902,04:26:48.902,ALGO/USDT:USDT,0.2691,45057.7,0.269,85254.3,0.2692,33522.8,0.2693,210504.0
1753504009005,04:26:49.005,ALGO/USDT:USDT,0.2691,45057.7,0.269,85254.3,0.2692,33522.8,0.2693,210504.0
1753504009126,04:26:49.126,ALGO/USDT:USDT,0.2691,45057.7,0.269,85254.3,0.2692,33482.0,0.2693,210504.0
1753504009228,04:26:49.228,ALGO/USDT:USDT,0.2691,45057.7,0.269,85254.3,0.2692,33482.0,0.2693,210504.0
1753504009382,04:26:49.382,ALGO/USDT:USDT,0.2691,45057.7,0.269,85254.3,0.2692,33482.0,0.2693,210504.0
1753504009502,04:26:49.502,ALGO/USDT:USDT,0.2691,46246.3,0.269,84084.3,0.2692,33789.5,0.2693,186901.9
1753504009659,04:26:49.659,ALGO/USDT:USDT,0.2691,48418.4,0.269,84084.3,0.2692,33789.5,0.2693,186901.9
1753504009800,04:26:49.800,ALGO/USDT:USDT,0.2691,51544.5,0.269,84084.3,0.2692,33789.5,0.2693,186901.9
1753504009926,04:26:49.926,ALGO/USDT:USDT,0.2691,51544.5,0.269,84084.3,0.2692,33789.5,0.2693,186901.9
1753504010029,04:26:50.029,ALGO/USDT:USDT,0.2691,51544.5,0.269,84084.3,0.2692,33789.5,0.2693,186901.9
1753504010302,04:26:50.302,ALGO/USDT:USDT,0.2691,51544.5,0.269,84084.3,0.2692,33789.5,0.2693,186901.9
1753504010459,04:26:50.459,ALGO/USDT:USDT,0.2691,51544.5,0.269,84084.3,0.2692,33789.4,0.2693,186901.9
1753504010602,04:26:50.602,ALGO/USDT:USDT,0.2691,51544.5,0.269,84084.3,0.2692,33789.4,0.2693,186901.9
1753504010704,04:26:50.704,ALGO/USDT:USDT,0.2691,51544.5,0.269,84084.3,0.2692,33789.4,0.2693,63605.5
1753504010847,04:26:50.847,ALGO/USDT:USDT,0.2691,50186.6,0.269,84455.4,0.2692,33789.4,0.2693,184711.2
1753504010953,04:26:50.953,ALGO/USDT:USDT,0.2691,51522.9,0.269,84455.4,0.2692,33789.4,0.2693,184711.2
1753504011126,04:26:51.126,ALGO/USDT:USDT,0.2691,51522.9,0.269,84455.4,0.2692,33789.4,0.2693,184711.2
1753504011237,04:26:51.237,ALGO/USDT:USDT,0.2691,51522.9,0.269,84455.4,0.2692,33789.4,0.2693,184711.2
1753504011470,04:26:51.470,ALGO/USDT:USDT,0.2691,51522.9,0.269,84455.4,0.2692,29617.2,0.2693,184711.2
1753504011628,04:26:51.628,ALGO/USDT:USDT,0.2691,51522.9,0.269,84455.4,0.2692,29617.2,0.2693,184711.2
1753504011802,04:26:51.802,ALGO/USDT:USDT,0.2691,51522.9,0.269,84455.4,0.2692,29617.2,0.2693,184711.2
1753504011911,04:26:51.911,ALGO/USDT:USDT,0.2691,51522.9,0.269,86363.4,0.2692,29550.1,0.2693,184711.2
1753504012027,04:26:52.027,ALGO/USDT:USDT,0.2692,3200.6,0.2691,77984.3,0.2693,182564.4,0.2694,126302.9
1753504012131,04:26:52.131,ALGO/USDT:USDT,0.2691,49250.5,0.269,84011.6,0.2692,26259.5,0.2693,189230.8
1753504012267,04:26:52.267,ALGO/USDT:USDT,0.2691,49250.5,0.269,84011.6,0.2692,26321.1,0.2693,189291.9
1753504012402,04:26:52.402,ALGO/USDT:USDT,0.2691,49250.5,0.269,84011.6,0.2692,26321.1,0.2693,189291.9
1753504012547,04:26:52.547,ALGO/USDT:USDT,0.2691,49250.5,0.269,84011.6,0.2692,26321.1,0.2693,189291.9
1753504012726,04:26:52.726,ALGO/USDT:USDT,0.2691,49250.5,0.269,84011.6,0.2692,26321.1,0.2693,189291.9
1753504012827,04:26:52.827,ALGO/USDT:USDT,0.2691,49250.5,0.269,84011.6,0.2692,26321.1,0.2693,189291.9
1753504012961,04:26:52.961,ALGO/USDT:USDT,0.2691,51459.8,0.269,84011.6,0.2692,26339.7,0.2693,189291.9
1753504013067,04:26:53.067,ALGO/USDT:USDT,0.2691,51459.8,0.269,84011.6,0.2692,26339.7,0.2693,184686.7
1753504013259,04:26:53.259,ALGO/USDT:USDT,0.2691,51459.8,0.269,84011.6,0.2692,26339.7,0.2693,184686.7
1753504013397,04:26:53.397,ALGO/USDT:USDT,0.2691,33269.1,0.269,84011.6,0.2692,26339.7,0.2693,183350.4
1753504013526,04:26:53.526,ALGO/USDT:USDT,0.2691,33269.1,0.269,83268.6,0.2692,26339.7,0.2693,183350.4
1753504013659,04:26:53.659,ALGO/USDT:USDT,0.2691,33269.1,0.269,83268.6,0.2692,26339.7,0.2693,183350.4
1753504013761,04:26:53.761,ALGO/USDT:USDT,0.2691,35441.2,0.269,83268.6,0.2692,26339.7,0.2693,183350.4
1753504013897,04:26:53.897,ALGO/USDT:USDT,0.2691,35441.2,0.269,83268.6,0.2692,26339.7,0.2693,183350.4
1753504014000,04:26:54.000,ALGO/USDT:USDT,0.2691,35441.2,0.269,83268.6,0.2692,26339.7,0.2693,183350.4
1753504014443,04:26:54.443,ALGO/USDT:USDT,0.2691,50459.8,0.269,83628.2,0.2692,26338.7,0.2693,183350.4
1753504014565,04:26:54.565,ALGO/USDT:USDT,0.2691,50645.5,0.269,83628.2,0.2692,26338.7,0.2693,183350.4
1753504014702,04:26:54.702,ALGO/USDT:USDT,0.2691,50645.5,0.269,83268.6,0.2692,26338.7,0.2693,66350.2
1753504014805,04:26:54.805,ALGO/USDT:USDT,0.2691,50645.5,0.269,83268.6,0.2692,26338.7,0.2693,66350.2
1753504014914,04:26:54.914,ALGO/USDT:USDT,0.2691,50645.5,0.269,83639.6,0.2692,26338.7,0.2693,183350.4
1753504015047,04:26:55.047,ALGO/USDT:USDT,0.2691,50645.5,0.269,83639.6,0.2692,26338.7,0.2693,183350.4
1753504015260,04:26:55.260,ALGO/USDT:USDT,0.2691,50645.5,0.269,83639.6,0.2692,26338.7,0.2693,183350.4
1753504015369,04:26:55.369,ALGO/USDT:USDT,0.2691,50645.5,0.269,83268.6,0.2692,26338.7,0.2693,183350.4
1753504015478,04:26:55.478,ALGO/USDT:USDT,0.2691,50645.5,0.269,83268.6,0.2692,26358.3,0.2693,183350.4
1753504015638,04:26:55.638,ALGO/USDT:USDT,0.2691,50645.5,0.269,83639.7,0.2692,26358.3,0.2693,183350.4
1753504015891,04:26:55.891,ALGO/USDT:USDT,0.2691,50645.5,0.269,84010.8,0.2692,26358.3,0.2693,185258.4
1753504016015,04:26:56.015,ALGO/USDT:USDT,0.2691,50645.5,0.269,84010.8,0.2692,26323.6,0.2693,185258.4
1753504016213,04:26:56.213,ALGO/USDT:USDT,0.2691,50645.5,0.269,84010.8,0.2692,26323.6,0.2693,185258.4
1753504016326,04:26:56.326,ALGO/USDT:USDT,0.2691,50645.5,0.269,84010.8,0.2692,26323.6,0.2693,185258.4
1753504016429,04:26:56.429,ALGO/USDT:USDT,0.2691,50645.5,0.269,84010.8,0.2692,26323.6,0.2693,185258.4
1753504016564,04:26:56.564,ALGO/USDT:USDT,0.2691,50645.5,0.269,84010.8,0.2692,26323.6,0.2693,185258.4
1753504016726,04:26:56.726,ALGO/USDT:USDT,0.2691,50645.5,0.269,84010.8,0.2692,26323.6,0.2693,185258.4
1753504016859,04:26:56.859,ALGO/USDT:USDT,0.2691,50645.5,0.269,84010.8,0.2692,26323.6,0.2693,185258.4
1753504017019,04:26:57.019,ALGO/USDT:USDT,0.2691,49475.5,0.269,85180.8,0.2692,26323.6,0.2693,186158.4
1753504017122,04:26:57.122,ALGO/USDT:USDT,0.2691,49475.5,0.269,85180.8,0.2692,26323.6,0.2693,186158.4
1753504017228,04:26:57.228,ALGO/USDT:USDT,0.2691,49475.5,0.269,85180.8,0.2692,26323.6,0.2693,69158.2
1753504017367,04:26:57.367,ALGO/USDT:USDT,0.2691,49475.5,0.269,85911.8,0.2692,26323.6,0.2693,186158.4
1753504017502,04:26:57.502,ALGO/USDT:USDT,0.2691,49475.5,0.269,85540.4,0.2692,26323.6,0.2693,186158.4
1753504017659,04:26:57.659,ALGO/USDT:USDT,0.2691,49475.5,0.269,85540.4,0.2692,26323.6,0.2693,186158.4
1753504017778,04:26:57.778,ALGO/USDT:USDT,0.2691,49475.5,0.269,85540.4,0.2692,26323.6,0.2693,186158.4
1753504017907,04:26:57.907,ALGO/USDT:USDT,0.2691,49844.5,0.269,106081.7,0.2692,80.2,0.2693,184250.4
1753504018022,04:26:58.022,ALGO/USDT:USDT,0.2692,26515.5,0.2691,95267.5,0.2693,168757.7,0.2694,127379.4
1753504018126,04:26:58.126,ALGO/USDT:USDT,0.2692,24871.5,0.2691,88963.8,0.2693,168819.0,0.2694,127379.4
1753504018256,04:26:58.256,ALGO/USDT:USDT,0.2692,24871.5,0.2691,80354.6,0.2693,165393.2,0.2694,132134.7
1753504018382,04:26:58.382,ALGO/USDT:USDT,0.2692,24846.1,0.2691,80354.6,0.2693,165393.2,0.2694,132134.7
1753504018489,04:26:58.489,ALGO/USDT:USDT,0.2692,24846.1,0.2691,80354.6,0.2693,165393.2,0.2694,135837.3
1753504018595,04:26:58.595,ALGO/USDT:USDT,0.2692,24846.1,0.2691,80354.6,0.2693,165393.2,0.2694,135837.3
1753504018704,04:26:58.704,ALGO/USDT:USDT,0.2692,24846.1,0.2691,80354.6,0.2693,165393.2,0.2694,135837.3
1753504018809,04:26:58.809,ALGO/USDT:USDT,0.2692,24864.7,0.2691,80354.6,0.2693,166089.4,0.2694,135837.1
1753504018914,04:26:58.914,ALGO/USDT:USDT,0.2692,26208.9,0.2691,80354.6,0.2693,164753.1,0.2694,135837.1
1753504019029,04:26:59.029,ALGO/USDT:USDT,0.2692,26208.9,0.2691,80354.6,0.2693,164753.1,0.2694,113413.8
1753504019145,04:26:59.145,ALGO/USDT:USDT,0.2692,29063.4,0.2691,80354.6,0.2693,164753.1,0.2694,113413.8
1753504019378,04:26:59.378,ALGO/USDT:USDT,0.2692,30399.7,0.2691,80380.7,0.2693,37819.2,0.2694,119531.2
1753504019486,04:26:59.486,ALGO/USDT:USDT,0.2692,24891.2,0.2691,80380.7,0.2693,95102.1,0.2694,119531.2
1753504019587,04:26:59.587,ALGO/USDT:USDT,0.2692,24891.2,0.2691,80380.7,0.2693,119168.3,0.2694,119531.2
1753504019702,04:26:59.702,ALGO/USDT:USDT,0.2692,24891.2,0.2691,80380.7,0.2693,125110.4,0.2694,119531.2
1753504019822,04:26:59.822,ALGO/USDT:USDT,0.2692,24891.2,0.2691,80380.7,0.2693,125110.4,0.2694,119531.2
1753504019925,04:26:59.925,ALGO/USDT:USDT,0.2692,24891.2,0.2691,80380.7,0.2693,125110.4,0.2694,119531.2
1753504020051,04:27:00.051,ALGO/USDT:USDT,0.2692,24891.2,0.2691,80380.7,0.2693,125110.4,0.2694,119531.2
1753504020175,04:27:00.175,ALGO/USDT:USDT,0.2692,24891.2,0.2691,80380.7,0.2693,125110.4,0.2694,119531.2
1753504020323,04:27:00.323,ALGO/USDT:USDT,0.2692,24891.2,0.2691,80380.7,0.2693,125110.4,0.2694,119531.2
1753504020428,04:27:00.428,ALGO/USDT:USDT,0.2692,24891.2,0.2691,80380.7,0.2693,125110.4,0.2694,119531.2
1753504020538,04:27:00.538,ALGO/USDT:USDT,0.2692,24872.6,0.2691,80380.7,0.2693,122474.4,0.2694,119531.2
1753504020641,04:27:00.641,ALGO/USDT:USDT,0.2692,26227.5,0.2691,80380.7,0.2693,122474.4,0.2694,119531.2
1753504020743,04:27:00.743,ALGO/USDT:USDT,0.2692,26227.5,0.2691,80380.7,0.2693,122474.4,0.2694,119531.2
1753504020859,04:27:00.859,ALGO/USDT:USDT,0.2692,26208.9,0.2691,80380.7,0.2693,122474.4,0.2694,119531.2
1753504020978,04:27:00.978,ALGO/USDT:USDT,0.2692,1410.8,0.2691,76491.0,0.2693,126001.4,0.2694,119531.2
1753504021097,04:27:01.097,ALGO/USDT:USDT,0.2692,1410.8,0.2691,77661.0,0.2693,127281.5,0.2694,119531.2
1753504021204,04:27:01.204,ALGO/USDT:USDT,0.2692,1410.8,0.2691,77661.0,0.2693,127281.5,0.2694,119531.2
1753504021324,04:27:01.324,ALGO/USDT:USDT,0.2692,1410.8,0.2691,77661.0,0.2693,127281.5,0.2694,119531.2
1753504021427,04:27:01.427,ALGO/USDT:USDT,0.2692,1410.8,0.2691,77661.0,0.2693,123754.5,0.2694,119531.2
1753504021548,04:27:01.548,ALGO/USDT:USDT,0.2692,1410.8,0.2691,77661.0,0.2693,123754.5,0.2694,119531.2
1753504021660,04:27:01.660,ALGO/USDT:USDT,0.2692,1410.8,0.2691,77661.0,0.2693,123754.5,0.2694,119531.2
1753504021764,04:27:01.764,ALGO/USDT:USDT,0.2692,1410.8,0.2691,77661.0,0.2693,123754.5,0.2694,119531.2
1753504021870,04:27:01.870,ALGO/USDT:USDT,0.2692,21417.7,0.2691,77661.0,0.2693,37799.6,0.2694,119531.2
1753504021979,04:27:01.979,ALGO/USDT:USDT,0.2692,21417.7,0.2691,77661.0,0.2693,123316.5,0.2694,119531.2
1753504022102,04:27:02.102,ALGO/USDT:USDT,0.2692,21417.7,0.2691,77661.0,0.2693,123316.5,0.2694,119531.2
1753504022226,04:27:02.226,ALGO/USDT:USDT,0.2692,37399.1,0.2691,77661.0,0.2693,123316.5,0.2694,119531.2
1753504022337,04:27:02.337,ALGO/USDT:USDT,0.2692,37399.1,0.2691,77661.0,0.2693,123316.5,0.2694,119531.2
1753504022452,04:27:02.452,ALGO/USDT:USDT,0.2692,37399.1,0.2691,77661.0,0.2693,123316.5,0.2694,119531.2
1753504022761,04:27:02.761,ALGO/USDT:USDT,0.2694,4872.8,0.2693,74145.7,0.2695,101530.9,0.2696,159683.6
1753504022868,04:27:02.868,ALGO/USDT:USDT,0.2694,4872.8,0.2693,71955.0,0.2695,55964.9,0.2696,153447.4
1753504022981,04:27:02.981,ALGO/USDT:USDT,0.2694,3475.2,0.2693,71955.0,0.2695,55964.9,0.2696,152838.7
1753504023083,04:27:03.083,ALGO/USDT:USDT,0.2694,3555.1,0.2693,71955.0,0.2695,55983.5,0.2696,156541.3
1753504023196,04:27:03.196,ALGO/USDT:USDT,0.2694,8186.6,0.2693,71955.0,0.2695,69241.3,0.2696,154294.4
1753504023304,04:27:03.304,ALGO/USDT:USDT,0.2694,9504.3,0.2693,76716.5,0.2695,69241.3,0.2696,154294.4
1753504023436,04:27:03.436,ALGO/USDT:USDT,0.2694,9522.9,0.2693,76716.5,0.2695,55612.4,0.2696,154294.4
1753504023545,04:27:03.545,ALGO/USDT:USDT,0.2694,10241.8,0.2693,72815.2,0.2695,26289.6,0.2696,153923.3
1753504023660,04:27:03.660,ALGO/USDT:USDT,0.2694,10241.8,0.2693,79375.4,0.2695,23088.2,0.2696,145679.0
1753504023776,04:27:03.776,ALGO/USDT:USDT,0.2694,28893.8,0.2693,79375.4,0.2695,23088.2,0.2696,142426.0
1753504023877,04:27:03.877,ALGO/USDT:USDT,0.2694,31103.1,0.2693,85209.4,0.2695,23088.2,0.2696,138646.0
1753504023980,04:27:03.980,ALGO/USDT:USDT,0.2694,31103.1,0.2693,86508.8,0.2695,23088.2,0.2696,138646.0
1753504024129,04:27:04.129,ALGO/USDT:USDT,0.2694,47084.5,0.2693,86508.8,0.2695,23088.2,0.2696,138646.0
1753504024242,04:27:04.242,ALGO/USDT:USDT,0.2694,28912.4,0.2693,86508.8,0.2695,23088.2,0.2696,138646.0
1753504024351,04:27:04.351,ALGO/USDT:USDT,0.2694,28912.4,0.2693,86508.8,0.2695,23088.2,0.2696,138646.0
1753504024454,04:27:04.454,ALGO/USDT:USDT,0.2694,28912.4,0.2693,86508.8,0.2695,23088.2,0.2696,138646.0
1753504024564,04:27:04.564,ALGO/USDT:USDT,0.2694,28912.4,0.2693,86508.8,0.2695,23134.2,0.2696,138646.0
1753504024683,04:27:04.683,ALGO/USDT:USDT,0.2694,28912.4,0.2693,86508.8,0.2695,23134.2,0.2696,138646.0
1753504024800,04:27:04.800,ALGO/USDT:USDT,0.2694,28912.4,0.2693,86508.8,0.2695,23134.2,0.2696,138646.0
1753504024913,04:27:04.913,ALGO/USDT:USDT,0.2694,28912.4,0.2693,86508.8,0.2695,23134.2,0.2696,138646.0
1753504025015,04:27:05.015,ALGO/USDT:USDT,0.2694,28931.9,0.2693,86508.8,0.2695,23134.2,0.2696,138646.0
1753504025127,04:27:05.127,ALGO/USDT:USDT,0.2694,40913.3,0.2693,86508.8,0.2695,23134.2,0.2696,138646.0
1753504025260,04:27:05.260,ALGO/USDT:USDT,0.2694,40913.3,0.2693,86508.8,0.2695,23134.2,0.2696,138012.8
1753504025385,04:27:05.385,ALGO/USDT:USDT,0.2694,43122.6,0.2693,86508.8,0.2695,23134.2,0.2696,138012.8
1753504025526,04:27:05.526,ALGO/USDT:USDT,0.2694,40909.6,0.2693,86508.8,0.2695,23134.2,0.2696,138012.8
1753504025637,04:27:05.637,ALGO/USDT:USDT,0.2694,28909.6,0.2693,86508.8,0.2695,23134.2,0.2696,138012.8
1753504025743,04:27:05.743,ALGO/USDT:USDT,0.2694,28909.6,0.2693,80674.8,0.2695,23134.2,0.2696,138012.8
1753504025882,04:27:05.882,ALGO/USDT:USDT,0.2694,28909.6,0.2693,80674.8,0.2695,23134.2,0.2696,138012.8
1753504025996,04:27:05.996,ALGO/USDT:USDT,0.2694,28909.6,0.2693,80674.8,0.2695,23134.2,0.2696,138012.8
1753504026099,04:27:06.099,ALGO/USDT:USDT,0.2694,43100.3,0.2693,80674.8,0.2695,23134.2,0.2696,138012.8
1753504026235,04:27:06.235,ALGO/USDT:USDT,0.2694,40891.0,0.2693,80674.8,0.2695,23134.2,0.2696,138012.8
1753504026336,04:27:06.336,ALGO/USDT:USDT,0.2694,43100.3,0.2693,80674.8,0.2695,23134.2,0.2696,138012.8
1753504026459,04:27:06.459,ALGO/USDT:USDT,0.2694,40909.6,0.2693,80674.8,0.2695,23134.2,0.2696,138012.8
1753504026571,04:27:06.571,ALGO/USDT:USDT,0.2694,40909.6,0.2693,80674.8,0.2695,23133.8,0.2696,138012.8
1753504026676,04:27:06.676,ALGO/USDT:USDT,0.2694,43100.3,0.2693,79504.8,0.2695,24033.8,0.2696,138012.8
1753504026789,04:27:06.789,ALGO/USDT:USDT,0.2694,43100.3,0.2693,81910.4,0.2695,23690.9,0.2696,138012.8
1753504026947,04:27:06.947,ALGO/USDT:USDT,0.2694,43100.3,0.2693,81910.4,0.2695,23690.9,0.2696,138012.8
1753504027179,04:27:07.179,ALGO/USDT:USDT,0.2694,43100.3,0.2693,81910.4,0.2695,23690.9,0.2696,138012.8
1753504027389,04:27:07.389,ALGO/USDT:USDT,0.2694,40909.6,0.2693,81910.4,0.2695,23690.9,0.2696,140470.2
1753504027607,04:27:07.607,ALGO/USDT:USDT,0.2694,40891.0,0.2693,81910.4,0.2695,23690.9,0.2696,140470.2
1753504027709,04:27:07.709,ALGO/USDT:USDT,0.2694,40909.6,0.2693,81910.4,0.2695,23690.9,0.2696,140470.2
1753504027822,04:27:07.822,ALGO/USDT:USDT,0.2694,43081.7,0.2693,81910.4,0.2695,23690.9,0.2696,140470.2
1753504027926,04:27:07.926,ALGO/USDT:USDT,0.2694,43081.7,0.2693,81910.4,0.2695,23690.9,0.2696,140470.2
1753504028046,04:27:08.046,ALGO/USDT:USDT,0.2694,43081.7,0.2693,81910.4,0.2695,23690.9,0.2696,140470.2
1753504028149,04:27:08.149,ALGO/USDT:USDT,0.2694,43081.7,0.2693,81910.4,0.2695,23690.9,0.2696,140470.2
1753504028252,04:27:08.252,ALGO/USDT:USDT,0.2694,43081.7,0.2693,81910.4,0.2695,23690.9,0.2696,140470.2
1753504028595,04:27:08.595,ALGO/USDT:USDT,0.2694,43081.7,0.2693,82281.5,0.2695,23690.9,0.2696,140470.2
1753504028698,04:27:08.698,ALGO/USDT:USDT,0.2694,43081.7,0.2693,82281.5,0.2695,23690.9,0.2696,140470.2
1753504028840,04:27:08.840,ALGO/USDT:USDT,0.2694,43081.7,0.2693,82281.5,0.2695,23690.9,0.2696,140470.2
1753504028970,04:27:08.970,ALGO/USDT:USDT,0.2694,40909.6,0.2693,81910.4,0.2695,23690.9,0.2696,140470.2
1753504029111,04:27:09.111,ALGO/USDT:USDT,0.2694,40909.6,0.2693,81910.4,0.2695,23611.7,0.2696,140470.2
1753504029237,04:27:09.237,ALGO/USDT:USDT,0.2694,43081.7,0.2693,81910.4,0.2695,23611.7,0.2696,140470.2
1753504029342,04:27:09.342,ALGO/USDT:USDT,0.2694,43081.7,0.2693,81910.4,0.2695,23611.7,0.2696,140470.2
1753504029444,04:27:09.444,ALGO/USDT:USDT,0.2694,43062.9,0.2693,82281.5,0.2695,23611.7,0.2696,140470.2
1753504029606,04:27:09.606,ALGO/USDT:USDT,0.2694,43062.9,0.2693,82281.5,0.2695,23611.7,0.2696,140470.2
1753504029802,04:27:09.802,ALGO/USDT:USDT,0.2694,44914.5,0.2693,83822.4,0.2695,4574.5,0.2696,132030.2
1753504029906,04:27:09.906,ALGO/USDT:USDT,0.2694,46822.7,0.2693,83023.3,0.2695,6801.3,0.2696,130565.9
1753504030040,04:27:10.040,ALGO/USDT:USDT,0.2694,50804.1,0.2693,83023.3,0.2695,6801.3,0.2696,130565.9
1753504030223,04:27:10.223,ALGO/USDT:USDT,0.2694,50822.7,0.2693,83023.3,0.2695,7823.4,0.2696,130565.9
1753504030327,04:27:10.327,ALGO/USDT:USDT,0.2694,50822.7,0.2693,83023.3,0.2695,7823.4,0.2696,130565.9
1753504030439,04:27:10.439,ALGO/USDT:USDT,0.2694,48632.0,0.2693,83023.3,0.2695,7061.4,0.2696,130565.9
1753504030560,04:27:10.560,ALGO/USDT:USDT,0.2694,51560.5,0.2693,88184.4,0.2695,7062.4,0.2696,130565.9
1753504030726,04:27:10.726,ALGO/USDT:USDT,0.2694,51560.5,0.2693,88184.4,0.2695,7062.4,0.2696,130565.9
1753504030832,04:27:10.832,ALGO/USDT:USDT,0.2694,51560.5,0.2693,88184.4,0.2695,7062.4,0.2696,130565.9
1753504030996,04:27:10.996,ALGO/USDT:USDT,0.2694,51560.5,0.2693,88184.4,0.2695,7062.4,0.2696,125805.9
1753504031127,04:27:11.127,ALGO/USDT:USDT,0.2694,51560.5,0.2693,88184.4,0.2695,7062.4,0.2696,125805.9
1753504031260,04:27:11.260,ALGO/USDT:USDT,0.2694,51560.5,0.2693,88184.4,0.2695,7062.4,0.2696,125805.9
1753504031459,04:27:11.459,ALGO/USDT:USDT,0.2694,51560.5,0.2693,88184.4,0.2695,7062.4,0.2696,125805.9
1753504031635,04:27:11.635,ALGO/USDT:USDT,0.2694,51929.6,0.2693,88184.4,0.2695,7062.4,0.2696,125805.9
1753504031882,04:27:11.882,ALGO/USDT:USDT,0.2694,51929.6,0.2693,88184.4,0.2695,7062.4,0.2696,125805.9
1753504032002,04:27:12.002,ALGO/USDT:USDT,0.2694,51929.6,0.2693,88184.4,0.2695,7062.4,0.2696,125805.9
1753504032145,04:27:12.145,ALGO/USDT:USDT,0.2694,49738.9,0.2693,88184.4,0.2695,8342.2,0.2696,124507.9
1753504032252,04:27:12.252,ALGO/USDT:USDT,0.2694,49738.9,0.2693,88184.4,0.2695,8342.2,0.2696,124507.9
1753504032423,04:27:12.423,ALGO/USDT:USDT,0.2694,49738.9,0.2693,88184.4,0.2695,8342.2,0.2696,130076.3
1753504032531,04:27:12.531,ALGO/USDT:USDT,0.2694,49738.9,0.2693,88184.4,0.2695,8432.4,0.2696,130076.3
1753504032637,04:27:12.637,ALGO/USDT:USDT,0.2694,49738.9,0.2693,86885.0,0.2695,8432.4,0.2696,130076.3
1753504032738,04:27:12.738,ALGO/USDT:USDT,0.2694,49369.8,0.2693,86885.0,0.2695,19840.4,0.2696,123315.3
1753504032859,04:27:12.859,ALGO/USDT:USDT,0.2694,49369.8,0.2693,86885.0,0.2695,19840.4,0.2696,123315.3
1753504033102,04:27:13.102,ALGO/USDT:USDT,0.2694,49369.8,0.2693,86885.0,0.2695,19793.8,0.2696,123315.3
1753504033312,04:27:13.312,ALGO/USDT:USDT,0.2694,51560.5,0.2693,87023.2,0.2695,19840.9,0.2696,123315.3
1753504033526,04:27:13.526,ALGO/USDT:USDT,0.2694,50825.5,0.2693,81862.1,0.2695,19840.9,0.2696,123315.3
1753504033659,04:27:13.659,ALGO/USDT:USDT,0.2694,50825.5,0.2693,81862.1,0.2695,19840.9,0.2696,123315.3
1753504033776,04:27:13.776,ALGO/USDT:USDT,0.2694,48634.8,0.2693,81862.1,0.2695,19840.9,0.2696,122611.9
1753504033926,04:27:13.926,ALGO/USDT:USDT,0.2694,48634.8,0.2693,81491.0,0.2695,19840.9,0.2696,122611.9
1753504034052,04:27:14.052,ALGO/USDT:USDT,0.2694,48634.8,0.2693,81491.0,0.2695,19840.9,0.2696,122611.9
1753504034160,04:27:14.160,ALGO/USDT:USDT,0.2694,50825.5,0.2693,81491.0,0.2695,19840.9,0.2696,122611.9
1753504034285,04:27:14.285,ALGO/USDT:USDT,0.2694,35898.7,0.2693,81491.0,0.2695,19840.9,0.2696,122611.9
1753504034387,04:27:14.387,ALGO/USDT:USDT,0.2694,31155.4,0.2693,81120.1,0.2695,19840.9,0.2696,122611.9
1753504034542,04:27:14.542,ALGO/USDT:USDT,0.2694,31155.4,0.2693,81120.1,0.2695,19840.9,0.2696,122611.9
1753504034669,04:27:14.669,ALGO/USDT:USDT,0.2694,31155.4,0.2693,80749.2,0.2695,19840.9,0.2696,122611.9
1753504034789,04:27:14.789,ALGO/USDT:USDT,0.2694,31155.4,0.2693,80749.2,0.2695,20254.7,0.2696,122611.9
1753504035080,04:27:15.080,ALGO/USDT:USDT,0.2694,48346.1,0.2693,80749.2,0.2695,20273.3,0.2696,122611.9
1753504035259,04:27:15.259,ALGO/USDT:USDT,0.2694,31155.4,0.2693,80749.2,0.2695,20273.4,0.2696,122611.9
1753504035360,04:27:15.360,ALGO/USDT:USDT,0.2694,31155.4,0.2693,80749.2,0.2695,20273.4,0.2696,122611.9
1753504035526,04:27:15.526,ALGO/USDT:USDT,0.2694,33327.5,0.2693,80749.2,0.2695,20273.4,0.2696,122611.9
1753504035660,04:27:15.660,ALGO/USDT:USDT,0.2694,33327.5,0.2693,80749.2,0.2695,20273.4,0.2696,122611.9
1753504035787,04:27:15.787,ALGO/USDT:USDT,0.2694,31155.4,0.2693,80749.2,0.2695,20273.4,0.2696,122611.9
1753504035926,04:27:15.926,ALGO/USDT:USDT,0.2694,31155.4,0.2693,80749.2,0.2695,20273.4,0.2696,122611.9
1753504036047,04:27:16.047,ALGO/USDT:USDT,0.2694,46322.5,0.2693,80749.2,0.2695,20273.4,0.2696,121872.7
1753504036291,04:27:16.291,ALGO/USDT:USDT,0.2694,46341.2,0.2693,80749.2,0.2695,20273.3,0.2696,121872.7
1753504036396,04:27:16.396,ALGO/USDT:USDT,0.2694,46341.2,0.2693,80749.2,0.2695,20273.3,0.2696,121872.7
1753504036502,04:27:16.502,ALGO/USDT:USDT,0.2694,46341.2,0.2693,80749.2,0.2695,20273.3,0.2696,121872.7
1753504036632,04:27:16.632,ALGO/USDT:USDT,0.2694,47343.3,0.2693,81919.2,0.2695,20273.3,0.2696,122772.7
1753504036840,04:27:16.840,ALGO/USDT:USDT,0.2694,30171.2,0.2693,81919.2,0.2695,20273.3,0.2696,122772.7
1753504036947,04:27:16.947,ALGO/USDT:USDT,0.2694,32343.3,0.2693,81919.2,0.2695,20273.3,0.2696,122772.7
1753504037126,04:27:17.126,ALGO/USDT:USDT,0.2694,32343.3,0.2693,81919.2,0.2695,20273.3,0.2696,122772.7
1753504037259,04:27:17.259,ALGO/USDT:USDT,0.2694,32343.3,0.2693,81919.2,0.2695,20273.3,0.2696,122772.7
1753504037393,04:27:17.393,ALGO/USDT:USDT,0.2694,32361.9,0.2693,81919.2,0.2695,20273.2,0.2696,122772.7
1753504037502,04:27:17.502,ALGO/USDT:USDT,0.2694,32361.9,0.2693,81919.2,0.2695,20273.2,0.2696,124155.2
1753504037659,04:27:17.659,ALGO/USDT:USDT,0.2694,32361.9,0.2693,81919.2,0.2695,20273.2,0.2696,124155.2
1753504037787,04:27:17.787,ALGO/USDT:USDT,0.2694,32381.4,0.2693,81919.2,0.2695,20273.2,0.2696,124155.2
1753504037926,04:27:17.926,ALGO/USDT:USDT,0.2694,32381.4,0.2693,81919.2,0.2695,20273.2,0.2696,124155.2
1753504038047,04:27:18.047,ALGO/USDT:USDT,0.2694,39362.8,0.2693,81919.2,0.2695,20273.2,0.2696,124155.2
1753504038163,04:27:18.163,ALGO/USDT:USDT,0.2694,39362.8,0.2693,81919.2,0.2695,20273.2,0.2696,124155.2
1753504038326,04:27:18.326,ALGO/USDT:USDT,0.2694,39381.4,0.2693,81919.2,0.2695,20272.6,0.2696,124155.2
1753504038460,04:27:18.460,ALGO/USDT:USDT,0.2694,39381.4,0.2693,81919.2,0.2695,20272.6,0.2696,124155.2
1753504038576,04:27:18.576,ALGO/USDT:USDT,0.2694,39381.4,0.2693,81919.2,0.2695,20272.6,0.2696,124155.2
1753504038681,04:27:18.681,ALGO/USDT:USDT,0.2694,39381.4,0.2693,81919.2,0.2695,20272.6,0.2696,124155.2
1753504038860,04:27:18.860,ALGO/USDT:USDT,0.2694,32381.4,0.2693,81919.2,0.2695,20272.6,0.2696,124155.2
1753504039036,04:27:19.036,ALGO/USDT:USDT,0.2694,30190.7,0.2693,81919.2,0.2695,28272.6,0.2696,124155.2
1753504039148,04:27:19.148,ALGO/USDT:USDT,0.2694,30190.7,0.2693,81919.2,0.2695,29590.3,0.2696,124155.2
1753504039253,04:27:19.253,ALGO/USDT:USDT,0.2694,30189.7,0.2693,81919.2,0.2695,21608.9,0.2696,124155.2
1753504039389,04:27:19.389,ALGO/USDT:USDT,0.2694,32361.8,0.2693,81960.0,0.2695,20254.0,0.2696,110622.1
1753504039647,04:27:19.647,ALGO/USDT:USDT,0.2694,32361.8,0.2693,81960.0,0.2695,20254.0,0.2696,110622.1
1753504039749,04:27:19.749,ALGO/USDT:USDT,0.2694,32361.8,0.2693,81960.0,0.2695,20254.0,0.2696,110622.1
1753504039926,04:27:19.926,ALGO/USDT:USDT,0.2694,41489.1,0.2693,80790.0,0.2695,20272.6,0.2696,109722.1
1753504040027,04:27:20.027,ALGO/USDT:USDT,0.2694,41550.4,0.2693,80790.0,0.2695,20272.6,0.2696,109722.1
1753504040168,04:27:20.168,ALGO/USDT:USDT,0.2694,31359.7,0.2693,80790.0,0.2695,21608.9,0.2696,109722.1
1753504040459,04:27:20.459,ALGO/USDT:USDT,0.2694,31341.1,0.2693,80790.0,0.2695,21609.0,0.2696,109722.1
1753504040859,04:27:20.859,ALGO/USDT:USDT,0.2694,31341.1,0.2693,80790.0,0.2695,21609.0,0.2696,109722.1
1753504040977,04:27:20.977,ALGO/USDT:USDT,0.2694,41550.4,0.2693,80790.0,0.2695,20272.7,0.2696,109722.1
1753504041127,04:27:21.127,ALGO/USDT:USDT,0.2694,41550.4,0.2693,80790.0,0.2695,20272.7,0.2696,109722.1
1753504041260,04:27:21.260,ALGO/USDT:USDT,0.2694,41550.4,0.2693,80790.0,0.2695,20272.7,0.2696,109722.1
1753504041393,04:27:21.393,ALGO/USDT:USDT,0.2694,41550.4,0.2693,80790.0,0.2695,20266.5,0.2696,109722.1
1753504041526,04:27:21.526,ALGO/USDT:USDT,0.2694,41550.4,0.2693,80790.0,0.2695,20266.5,0.2696,109722.1
1753504041659,04:27:21.659,ALGO/USDT:USDT,0.2694,41550.4,0.2693,80790.0,0.2695,20266.5,0.2696,109722.1
1753504041771,04:27:21.771,ALGO/USDT:USDT,0.2694,39359.7,0.2693,80790.0,0.2695,20266.5,0.2696,109722.1
1753504041902,04:27:21.902,ALGO/USDT:USDT,0.2694,49512.3,0.2693,80790.0,0.2695,20266.5,0.2696,109722.1
1753504042004,04:27:22.004,ALGO/USDT:USDT,0.2694,49530.9,0.2693,80790.0,0.2695,20266.5,0.2696,109722.1
1753504042457,04:27:22.457,ALGO/USDT:USDT,0.2694,49530.9,0.2693,80790.0,0.2695,20266.5,0.2696,109702.6
1753504042619,04:27:22.619,ALGO/USDT:USDT,0.2694,49530.9,0.2693,80790.0,0.2695,20266.5,0.2696,109702.6
1753504042726,04:27:22.726,ALGO/USDT:USDT,0.2694,49530.9,0.2693,80790.0,0.2695,9843.1,0.2696,109702.6
1753504042860,04:27:22.860,ALGO/USDT:USDT,0.2694,49530.9,0.2693,80790.0,0.2695,9843.1,0.2696,109702.6
1753504042983,04:27:22.983,ALGO/USDT:USDT,0.2694,49530.9,0.2693,80790.0,0.2695,9843.1,0.2696,109702.6
1753504043126,04:27:23.126,ALGO/USDT:USDT,0.2694,49530.9,0.2693,80790.0,0.2695,9843.1,0.2696,109702.6
1753504043260,04:27:23.260,ALGO/USDT:USDT,0.2694,49530.8,0.2693,80790.0,0.2695,9861.7,0.2696,109702.6
1753504043376,04:27:23.376,ALGO/USDT:USDT,0.2694,49530.8,0.2693,80790.0,0.2695,9861.7,0.2696,111000.5
1753504043497,04:27:23.497,ALGO/USDT:USDT,0.2694,49530.8,0.2693,80790.0,0.2695,9861.7,0.2696,111000.5
1753504043642,04:27:23.642,ALGO/USDT:USDT,0.2694,49530.8,0.2693,81160.9,0.2695,9861.7,0.2696,111000.5
1753504043926,04:27:23.926,ALGO/USDT:USDT,0.2694,49530.8,0.2693,81160.9,0.2695,9861.7,0.2696,111000.5
1753504044059,04:27:24.059,ALGO/USDT:USDT,0.2694,49530.8,0.2693,81160.9,0.2695,9861.7,0.2696,111000.5
1753504044288,04:27:24.288,ALGO/USDT:USDT,0.2694,47340.1,0.2693,81022.7,0.2695,9861.7,0.2696,111065.6
1753504044454,04:27:24.454,ALGO/USDT:USDT,0.2694,47340.1,0.2693,81022.7,0.2695,20266.5,0.2696,111065.6
1753504044559,04:27:24.559,ALGO/USDT:USDT,0.2694,47340.1,0.2693,81022.7,0.2695,20266.5,0.2696,111065.6
1753504044727,04:27:24.727,ALGO/USDT:USDT,0.2694,47340.1,0.2693,81022.7,0.2695,20266.5,0.2696,111065.6
1753504044833,04:27:24.833,ALGO/USDT:USDT,0.2694,47340.1,0.2693,81022.7,0.2695,20247.9,0.2696,111065.6
1753504045040,04:27:25.040,ALGO/USDT:USDT,0.2694,47340.1,0.2693,81022.7,0.2695,20158.1,0.2696,111065.6
1753504045200,04:27:25.200,ALGO/USDT:USDT,0.2694,49691.9,0.2693,81022.7,0.2695,20158.1,0.2696,111065.6
1753504045338,04:27:25.338,ALGO/USDT:USDT,0.2694,49691.9,0.2693,81022.7,0.2695,20158.1,0.2696,111065.6
1753504045449,04:27:25.449,ALGO/USDT:USDT,0.2694,49691.9,0.2693,81022.7,0.2695,20139.7,0.2696,111065.6
1753504045602,04:27:25.602,ALGO/USDT:USDT,0.2694,49691.9,0.2693,81022.7,0.2695,20139.7,0.2696,111065.6
1753504045926,04:27:25.926,ALGO/USDT:USDT,0.2694,30166.3,0.2693,81022.7,0.2695,21494.6,0.2696,111065.6
1753504046037,04:27:26.037,ALGO/USDT:USDT,0.2694,30166.3,0.2693,80651.8,0.2695,21494.6,0.2696,111065.6
1753504046158,04:27:26.158,ALGO/USDT:USDT,0.2694,30166.2,0.2693,80651.8,0.2695,42355.9,0.2696,115603.0
1753504046327,04:27:26.327,ALGO/USDT:USDT,0.2694,31502.5,0.2693,80651.8,0.2695,40165.2,0.2696,115603.0
1753504046440,04:27:26.440,ALGO/USDT:USDT,0.2694,31502.5,0.2693,80651.8,0.2695,38839.1,0.2696,114220.5
1753504046571,04:27:26.571,ALGO/USDT:USDT,0.2694,31502.5,0.2693,80651.8,0.2695,40156.8,0.2696,114220.5
1753504046726,04:27:26.726,ALGO/USDT:USDT,0.2694,31502.5,0.2693,80651.8,0.2695,40156.8,0.2696,114220.5
1753504046860,04:27:26.860,ALGO/USDT:USDT,0.2694,31502.5,0.2693,80651.8,0.2695,40156.8,0.2696,114220.5
1753504046997,04:27:26.997,ALGO/USDT:USDT,0.2694,30313.9,0.2693,81821.8,0.2695,41075.4,0.2696,115488.8
1753504047127,04:27:27.127,ALGO/USDT:USDT,0.2694,30313.9,0.2693,81821.8,0.2695,41075.4,0.2696,115488.8
1753504047241,04:27:27.241,ALGO/USDT:USDT,0.2694,30333.7,0.2693,81821.8,0.2695,41075.4,0.2696,115488.8
1753504047526,04:27:27.526,ALGO/USDT:USDT,0.2694,30333.7,0.2693,81821.8,0.2695,41075.4,0.2696,115488.8
1753504047659,04:27:27.659,ALGO/USDT:USDT,0.2694,30333.7,0.2693,81821.8,0.2695,41075.4,0.2696,115488.8
1753504047775,04:27:27.775,ALGO/USDT:USDT,0.2694,30333.7,0.2693,81821.8,0.2695,41075.4,0.2696,115488.8
1753504047900,04:27:27.900,ALGO/USDT:USDT,0.2694,30333.7,0.2693,81821.8,0.2695,41075.4,0.2696,115488.8
1753504048060,04:27:28.060,ALGO/USDT:USDT,0.2694,30333.7,0.2693,81821.8,0.2695,39739.1,0.2696,115488.8
1753504048176,04:27:28.176,ALGO/USDT:USDT,0.2694,30333.7,0.2693,81821.8,0.2695,39739.1,0.2696,115488.8
1753504048297,04:27:28.297,ALGO/USDT:USDT,0.2694,30333.7,0.2693,81821.8,0.2695,41075.4,0.2696,115488.8
1753504048459,04:27:28.459,ALGO/USDT:USDT,0.2694,30333.7,0.2693,81821.8,0.2695,41075.4,0.2696,115488.8
1753504048563,04:27:28.563,ALGO/USDT:USDT,0.2694,30333.7,0.2693,81821.8,0.2695,41075.4,0.2696,115488.8
1753504048726,04:27:28.726,ALGO/USDT:USDT,0.2694,30333.7,0.2693,81821.8,0.2695,41075.4,0.2696,115488.8
1753504048859,04:27:28.859,ALGO/USDT:USDT,0.2694,43524.4,0.2693,81821.8,0.2695,39739.1,0.2696,115488.8
1753504048966,04:27:28.966,ALGO/USDT:USDT,0.2694,43524.4,0.2693,81821.8,0.2695,21068.5,0.2696,110951.4
1753504049126,04:27:29.126,ALGO/USDT:USDT,0.2694,43524.4,0.2693,81821.8,0.2695,21068.5,0.2696,110951.4
1753504049260,04:27:29.260,ALGO/USDT:USDT,0.2694,43524.4,0.2693,81821.8,0.2695,21068.5,0.2696,110951.4
1753504049398,04:27:29.398,ALGO/USDT:USDT,0.2694,43524.4,0.2693,81821.8,0.2695,20168.5,0.2696,111851.4
1753504049502,04:27:29.502,ALGO/USDT:USDT,0.2694,43524.4,0.2693,81821.8,0.2695,20168.5,0.2696,111851.4
1753504049659,04:27:29.659,ALGO/USDT:USDT,0.2694,43524.4,0.2693,81821.8,0.2695,20168.5,0.2696,111851.4
1753504049773,04:27:29.773,ALGO/USDT:USDT,0.2694,43524.4,0.2693,81821.8,0.2695,20168.5,0.2696,111851.4
1753504049926,04:27:29.926,ALGO/USDT:USDT,0.2694,43524.4,0.2693,81821.8,0.2695,20168.5,0.2696,111851.4
1753504050051,04:27:30.051,ALGO/USDT:USDT,0.2694,43524.4,0.2693,81821.8,0.2695,20168.5,0.2696,111851.4
1753504050155,04:27:30.155,ALGO/USDT:USDT,0.2694,31514.8,0.2693,80651.8,0.2695,20168.5,0.2696,110951.4
1753504050257,04:27:30.257,ALGO/USDT:USDT,0.2694,11507.9,0.2693,80651.8,0.2695,40156.8,0.2696,115385.0
1753504050359,04:27:30.359,ALGO/USDT:USDT,0.2694,11507.9,0.2693,80651.8,0.2695,42366.1,0.2696,115385.0
1753504050460,04:27:30.460,ALGO/USDT:USDT,0.2694,12825.6,0.2693,80651.8,0.2695,42347.4,0.2696,115385.0
1753504050561,04:27:30.561,ALGO/USDT:USDT,0.2694,12844.2,0.2693,80651.8,0.2695,42366.0,0.2696,115385.0
1753504050662,04:27:30.662,ALGO/USDT:USDT,0.2694,12844.2,0.2693,80651.8,0.2695,40175.3,0.2696,115385.0
1753504050780,04:27:30.780,ALGO/USDT:USDT,0.2694,12844.2,0.2693,80651.8,0.2695,38839.0,0.2696,115385.0
1753504050898,04:27:30.898,ALGO/USDT:USDT,0.2694,12844.2,0.2693,80651.8,0.2695,38839.0,0.2696,115385.0
1753504051027,04:27:31.027,ALGO/USDT:USDT,0.2694,12844.2,0.2693,80651.8,0.2695,38839.0,0.2696,115385.0
1753504051129,04:27:31.129,ALGO/USDT:USDT,0.2694,12844.2,0.2693,80651.8,0.2695,43556.3,0.2696,115385.0
1753504051230,04:27:31.230,ALGO/USDT:USDT,0.2694,12844.2,0.2693,80651.8,0.2695,41365.6,0.2696,115385.0
1753504051338,04:27:31.338,ALGO/USDT:USDT,0.2694,12844.2,0.2693,80651.8,0.2695,41365.6,0.2696,115385.0
1753504051612,04:27:31.612,ALGO/USDT:USDT,0.2694,12844.2,0.2693,80651.8,0.2695,41336.3,0.2696,115385.0
1753504051750,04:27:31.750,ALGO/USDT:USDT,0.2694,12844.2,0.2693,80651.8,0.2695,41336.3,0.2696,115385.0
1753504051861,04:27:31.861,ALGO/USDT:USDT,0.2694,12825.6,0.2693,76192.4,0.2695,51336.3,0.2696,115385.0
1753504051974,04:27:31.974,ALGO/USDT:USDT,0.2694,12844.2,0.2693,76192.4,0.2695,41354.9,0.2696,115385.0
1753504052202,04:27:32.202,ALGO/USDT:USDT,0.2694,12844.2,0.2693,76192.4,0.2695,41354.9,0.2696,115385.0
1753504052326,04:27:32.326,ALGO/USDT:USDT,0.2694,12844.2,0.2693,76192.4,0.2695,41354.9,0.2696,115385.0
1753504052459,04:27:32.459,ALGO/USDT:USDT,0.2694,12844.2,0.2693,76192.4,0.2695,41354.9,0.2696,115385.0
1753504052602,04:27:32.602,ALGO/USDT:USDT,0.2694,12844.2,0.2693,76192.4,0.2695,41354.9,0.2696,115385.0
1753504052726,04:27:32.726,ALGO/USDT:USDT,0.2694,12844.2,0.2693,76192.4,0.2695,41354.9,0.2696,115385.0
1753504052859,04:27:32.859,ALGO/USDT:USDT,0.2694,12844.2,0.2693,76192.4,0.2695,41354.9,0.2696,115385.0
1753504052963,04:27:32.963,ALGO/USDT:USDT,0.2694,12844.2,0.2693,76192.4,0.2695,41354.9,0.2696,115385.0
1753504053071,04:27:33.071,ALGO/USDT:USDT,0.2694,12844.2,0.2693,76192.4,0.2695,41478.0,0.2696,115385.0
1753504053179,04:27:33.179,ALGO/USDT:USDT,0.2694,12825.6,0.2693,76192.4,0.2695,41478.0,0.2696,115385.0
1753504053298,04:27:33.298,ALGO/USDT:USDT,0.2694,12844.2,0.2693,76192.4,0.2695,40141.7,0.2696,115385.0
1753504053407,04:27:33.407,ALGO/USDT:USDT,0.2694,12844.2,0.2693,76192.4,0.2695,40141.7,0.2696,115385.0
1753504053519,04:27:33.519,ALGO/USDT:USDT,0.2694,12844.2,0.2693,76192.4,0.2695,41459.4,0.2696,115385.0
1753504053629,04:27:33.629,ALGO/USDT:USDT,0.2694,12844.2,0.2693,76192.4,0.2695,40123.1,0.2696,115385.0
1753504053736,04:27:33.736,ALGO/USDT:USDT,0.2694,12844.2,0.2693,76192.4,0.2695,40123.1,0.2696,115385.0
1753504053869,04:27:33.869,ALGO/USDT:USDT,0.2694,22844.2,0.2693,76192.4,0.2695,40141.7,0.2696,115385.0
1753504053979,04:27:33.979,ALGO/USDT:USDT,0.2694,12844.2,0.2693,76192.4,0.2695,41459.4,0.2696,115385.0
1753504054092,04:27:34.092,ALGO/USDT:USDT,0.2694,12844.2,0.2693,76192.4,0.2695,40123.1,0.2696,115385.0
1753504054234,04:27:34.234,ALGO/USDT:USDT,0.2694,12844.2,0.2693,76192.4,0.2695,41478.0,0.2696,115385.0
1753504054460,04:27:34.460,ALGO/USDT:USDT,0.2694,12844.2,0.2693,76192.4,0.2695,41543.1,0.2696,115319.9
1753504054702,04:27:34.702,ALGO/USDT:USDT,0.2694,12844.2,0.2693,76192.4,0.2695,41543.1,0.2696,115319.9
1753504054819,04:27:34.819,ALGO/USDT:USDT,0.2694,24034.9,0.2693,80661.2,0.2695,30369.4,0.2696,115319.9
1753504055109,04:27:35.109,ALGO/USDT:USDT,0.2694,44305.5,0.2693,80661.2,0.2695,10362.5,0.2696,110886.3
1753504055232,04:27:35.232,ALGO/USDT:USDT,0.2694,44305.5,0.2693,80661.2,0.2695,10362.5,0.2696,110886.3
1753504055418,04:27:35.418,ALGO/USDT:USDT,0.2694,44305.5,0.2693,80661.2,0.2695,11680.2,0.2696,110886.3
1753504055526,04:27:35.526,ALGO/USDT:USDT,0.2694,44305.5,0.2693,80661.2,0.2695,11680.2,0.2696,110886.3
1753504055660,04:27:35.660,ALGO/USDT:USDT,0.2694,44305.5,0.2693,80661.2,0.2695,10362.5,0.2696,110886.3
1753504055802,04:27:35.802,ALGO/USDT:USDT,0.2694,44305.5,0.2693,80661.2,0.2695,10362.5,0.2696,110886.3
1753504055926,04:27:35.926,ALGO/USDT:USDT,0.2694,44305.5,0.2693,80661.2,0.2695,10362.5,0.2696,110886.3
1753504056060,04:27:36.060,ALGO/USDT:USDT,0.2694,42114.8,0.2693,80661.2,0.2695,11680.2,0.2696,111130.1
1753504056326,04:27:36.326,ALGO/USDT:USDT,0.2694,44286.9,0.2693,80661.2,0.2695,10362.5,0.2696,111130.1
1753504056427,04:27:36.427,ALGO/USDT:USDT,0.2694,44286.9,0.2693,80661.2,0.2695,10362.5,0.2696,111130.1
1753504056726,04:27:36.726,ALGO/USDT:USDT,0.2694,44286.9,0.2693,80661.2,0.2695,10362.5,0.2696,111130.1
1753504056981,04:27:36.981,ALGO/USDT:USDT,0.2694,40926.2,0.2693,81831.2,0.2695,10362.5,0.2696,112789.8
1753504057088,04:27:37.088,ALGO/USDT:USDT,0.2694,43135.5,0.2693,81831.2,0.2695,10362.5,0.2696,112789.8
1753504057259,04:27:37.259,ALGO/USDT:USDT,0.2694,40944.9,0.2693,81831.2,0.2695,10362.5,0.2696,112789.8
1753504057386,04:27:37.386,ALGO/USDT:USDT,0.2694,40944.9,0.2693,81831.2,0.2695,12612.7,0.2696,112789.8
1753504057497,04:27:37.497,ALGO/USDT:USDT,0.2694,40944.9,0.2693,81831.2,0.2695,11295.0,0.2696,112789.8
1753504057659,04:27:37.659,ALGO/USDT:USDT,0.2694,40944.9,0.2693,81831.2,0.2695,11295.0,0.2696,112789.8
1753504057778,04:27:37.778,ALGO/USDT:USDT,0.2694,40944.9,0.2693,81831.2,0.2695,11295.0,0.2696,112789.8
1753504057926,04:27:37.926,ALGO/USDT:USDT,0.2694,40944.9,0.2693,81831.2,0.2695,11295.0,0.2696,112789.8
1753504058040,04:27:38.040,ALGO/USDT:USDT,0.2694,43117.0,0.2693,81831.2,0.2695,11295.0,0.2696,112789.8
1753504058326,04:27:38.326,ALGO/USDT:USDT,0.2695,48080.6,0.2694,91339.4,0.2696,41954.9,0.2697,156161.2
1753504058427,04:27:38.427,ALGO/USDT:USDT,0.2695,45058.9,0.2694,90995.9,0.2696,36096.3,0.2697,154297.0
1753504058538,04:27:38.538,ALGO/USDT:USDT,0.2695,44690.0,0.2694,85463.9,0.2696,36096.3,0.2697,154297.0
1753504058640,04:27:38.640,ALGO/USDT:USDT,0.2695,44690.0,0.2694,85586.5,0.2696,36096.3,0.2697,153558.2
1753504058813,04:27:38.813,ALGO/USDT:USDT,0.2695,44690.0,0.2694,81218.9,0.2696,36096.3,0.2697,154188.0
1753504058956,04:27:38.956,ALGO/USDT:USDT,0.2692,25348.1,0.2691,71946.0,0.2693,20750.5,0.2694,106790.7
1753504059057,04:27:39.057,ALGO/USDT:USDT,0.2692,41793.1,0.2691,65847.9,0.2693,18612.9,0.2694,84019.7
1753504059159,04:27:39.159,ALGO/USDT:USDT,0.2692,35873.0,0.2691,64386.2,0.2693,26678.7,0.2694,107934.5
1753504059260,04:27:39.260,ALGO/USDT:USDT,0.2692,13314.3,0.2691,56438.2,0.2693,30525.6,0.2694,110665.3
1753504059364,04:27:39.364,ALGO/USDT:USDT,0.2692,13314.3,0.2691,56438.2,0.2693,32725.0,0.2694,109765.3
1753504059479,04:27:39.479,ALGO/USDT:USDT,0.2692,13314.3,0.2691,56067.1,0.2693,32725.0,0.2694,109765.3
1753504059585,04:27:39.585,ALGO/USDT:USDT,0.2692,33321.2,0.2691,56067.1,0.2693,27621.7,0.2694,107908.3
1753504059698,04:27:39.698,ALGO/USDT:USDT,0.2692,33321.2,0.2691,56067.1,0.2693,27621.7,0.2694,107908.3
1753504059903,04:27:39.903,ALGO/USDT:USDT,0.2692,34003.5,0.2691,53509.6,0.2693,30230.1,0.2694,109226.3
1753504060017,04:27:40.017,ALGO/USDT:USDT,0.2692,34003.5,0.2691,54679.6,0.2693,28975.9,0.2694,109226.3
1753504060161,04:27:40.161,ALGO/USDT:USDT,0.2692,34003.5,0.2691,54679.6,0.2693,28975.9,0.2694,109226.3
1753504060327,04:27:40.327,ALGO/USDT:USDT,0.2692,34003.5,0.2691,54679.6,0.2693,28975.9,0.2694,109226.3
1753504060436,04:27:40.436,ALGO/USDT:USDT,0.2692,35339.8,0.2691,57720.8,0.2693,11881.2,0.2694,104782.3
1753504060543,04:27:40.543,ALGO/USDT:USDT,0.2692,35339.8,0.2691,57720.8,0.2693,11108.8,0.2694,104782.3
1753504060696,04:27:40.696,ALGO/USDT:USDT,0.2692,35525.5,0.2691,57720.8,0.2693,11108.8,0.2694,104782.3
1753504060801,04:27:40.801,ALGO/USDT:USDT,0.2692,35525.5,0.2691,57352.3,0.2693,11108.8,0.2694,104782.3
1753504060928,04:27:40.928,ALGO/USDT:USDT,0.2692,35525.5,0.2691,57352.3,0.2693,11413.4,0.2694,104782.3
1753504061126,04:27:41.126,ALGO/USDT:USDT,0.2692,34189.2,0.2691,57352.3,0.2693,12731.1,0.2694,104782.3
1753504061229,04:27:41.229,ALGO/USDT:USDT,0.2692,35525.5,0.2691,57352.3,0.2693,11413.4,0.2694,104782.3
1753504061362,04:27:41.362,ALGO/USDT:USDT,0.2692,35525.5,0.2691,57352.3,0.2693,11566.5,0.2694,104782.3
1753504061465,04:27:41.465,ALGO/USDT:USDT,0.2692,35876.1,0.2691,61783.3,0.2693,11566.5,0.2694,104782.3
1753504061566,04:27:41.566,ALGO/USDT:USDT,0.2692,35894.7,0.2691,62154.7,0.2693,11566.5,0.2694,104782.3
1753504061697,04:27:41.697,ALGO/USDT:USDT,0.2692,35894.7,0.2691,62154.7,0.2693,11566.5,0.2694,104782.3
1753504061901,04:27:41.901,ALGO/USDT:USDT,0.2692,35894.7,0.2691,62154.7,0.2693,11566.5,0.2694,104782.3
1753504062059,04:27:42.059,ALGO/USDT:USDT,0.2692,35894.7,0.2691,62154.7,0.2693,11566.5,0.2694,104782.3
1753504062162,04:27:42.162,ALGO/USDT:USDT,0.2692,35894.7,0.2691,62154.7,0.2693,11566.5,0.2694,104782.3
1753504062297,04:27:42.297,ALGO/USDT:USDT,0.2692,35894.7,0.2691,62154.7,0.2693,11566.5,0.2694,104782.3
1753504062404,04:27:42.404,ALGO/USDT:USDT,0.2692,35894.7,0.2691,62154.7,0.2693,11566.5,0.2694,104782.3
1753504062702,04:27:42.702,ALGO/USDT:USDT,0.2692,35869.5,0.2691,62154.7,0.2693,11566.5,0.2694,104782.3
1753504062804,04:27:42.804,ALGO/USDT:USDT,0.2692,35869.5,0.2691,62154.7,0.2693,11566.5,0.2694,104782.3
1753504062907,04:27:42.907,ALGO/USDT:USDT,0.2692,35869.5,0.2691,62154.7,0.2693,11566.5,0.2694,104782.3
1753504063102,04:27:43.102,ALGO/USDT:USDT,0.2692,35500.3,0.2691,62154.7,0.2693,11566.5,0.2694,104782.3
1753504063207,04:27:43.207,ALGO/USDT:USDT,0.2692,38378.3,0.2691,61783.3,0.2693,11566.5,0.2694,104782.3
1753504063526,04:27:43.526,ALGO/USDT:USDT,0.2692,38378.3,0.2691,61783.3,0.2693,11566.5,0.2694,104782.3
1753504063659,04:27:43.659,ALGO/USDT:USDT,0.2692,38378.3,0.2691,61783.3,0.2693,11566.5,0.2694,104782.3
1753504063788,04:27:43.788,ALGO/USDT:USDT,0.2692,38378.3,0.2691,61783.3,0.2693,11566.5,0.2694,104782.3
1753504063926,04:27:43.926,ALGO/USDT:USDT,0.2692,38378.3,0.2691,61783.3,0.2693,11566.5,0.2694,104782.3
1753504064047,04:27:44.047,ALGO/USDT:USDT,0.2692,38378.3,0.2691,61783.3,0.2693,11566.5,0.2694,104782.3
1753504064326,04:27:44.326,ALGO/USDT:USDT,0.2692,38378.3,0.2691,61783.3,0.2693,11566.5,0.2694,104782.3
1753504064459,04:27:44.459,ALGO/USDT:USDT,0.2692,38396.9,0.2691,61783.3,0.2693,18327.5,0.2694,109195.0
1753504064562,04:27:44.562,ALGO/USDT:USDT,0.2692,38396.9,0.2691,61783.3,0.2693,18327.5,0.2694,109195.0
1753504064706,04:27:44.706,ALGO/USDT:USDT,0.2692,38396.9,0.2691,61783.3,0.2693,18327.5,0.2694,109195.0
1753504064816,04:27:44.816,ALGO/USDT:USDT,0.2692,38396.9,0.2691,61783.3,0.2693,18327.5,0.2694,109195.0
1753504065039,04:27:45.039,ALGO/USDT:USDT,0.2692,38396.9,0.2691,61783.3,0.2693,18327.5,0.2694,109195.0
1753504065147,04:27:45.147,ALGO/USDT:USDT,0.2692,38396.9,0.2691,61783.3,0.2693,18327.5,0.2694,109195.0
1753504065258,04:27:45.258,ALGO/USDT:USDT,0.2692,38396.9,0.2691,61783.3,0.2693,18327.5,0.2694,109195.0
1753504065377,04:27:45.377,ALGO/USDT:USDT,0.2692,38396.9,0.2691,61783.3,0.2693,18327.5,0.2694,109195.0
1753504065480,04:27:45.480,ALGO/USDT:USDT,0.2692,38396.9,0.2691,61783.3,0.2693,18327.5,0.2694,109195.0
1753504065724,04:27:45.724,ALGO/USDT:USDT,0.2692,38396.9,0.2691,57352.3,0.2693,18327.5,0.2694,109195.0
1753504065838,04:27:45.838,ALGO/USDT:USDT,0.2692,41757.6,0.2691,56182.3,0.2693,18327.5,0.2694,109195.0
1753504065952,04:27:45.952,ALGO/USDT:USDT,0.2692,41757.6,0.2691,56182.3,0.2693,18327.5,0.2694,109195.0
1753504066055,04:27:46.055,ALGO/USDT:USDT,0.2692,41757.6,0.2691,56182.3,0.2693,18327.5,0.2694,109195.0
1753504066259,04:27:46.259,ALGO/USDT:USDT,0.2692,39566.9,0.2691,56182.3,0.2693,18327.5,0.2694,109195.0
1753504066379,04:27:46.379,ALGO/USDT:USDT,0.2692,39566.9,0.2691,56182.3,0.2693,18327.5,0.2694,109195.0
1753504066498,04:27:46.498,ALGO/USDT:USDT,0.2692,42912.0,0.2691,56182.3,0.2693,18327.5,0.2694,109195.0
1753504066607,04:27:46.607,ALGO/USDT:USDT,0.2692,40721.3,0.2691,56182.3,0.2693,18327.5,0.2694,109195.0
1753504066716,04:27:46.716,ALGO/USDT:USDT,0.2692,41723.4,0.2691,57352.3,0.2693,18327.5,0.2694,110095.0
1753504066822,04:27:46.822,ALGO/USDT:USDT,0.2692,39551.3,0.2691,57352.3,0.2693,18327.5,0.2694,110095.0
1753504066928,04:27:46.928,ALGO/USDT:USDT,0.2692,41723.4,0.2691,57352.3,0.2693,18327.5,0.2694,110095.0
1753504067049,04:27:47.049,ALGO/USDT:USDT,0.2692,41723.4,0.2691,57352.3,0.2693,18327.5,0.2694,110095.0
1753504067160,04:27:47.160,ALGO/USDT:USDT,0.2692,41080.1,0.2691,57352.3,0.2693,18327.5,0.2694,110095.0
1753504067437,04:27:47.437,ALGO/USDT:USDT,0.2692,43252.2,0.2691,57352.3,0.2693,18327.5,0.2694,110095.0
1753504067547,04:27:47.547,ALGO/USDT:USDT,0.2692,43252.2,0.2691,57352.3,0.2693,18327.5,0.2694,110095.0
1753504067657,04:27:47.657,ALGO/USDT:USDT,0.2692,43252.2,0.2691,57352.3,0.2693,18327.5,0.2694,110095.0
1753504067759,04:27:47.759,ALGO/USDT:USDT,0.2692,41080.1,0.2691,57352.3,0.2693,18327.5,0.2694,110095.0
1753504067886,04:27:47.886,ALGO/USDT:USDT,0.2692,41080.1,0.2691,57352.3,0.2693,18327.5,0.2694,110095.0
1753504068059,04:27:48.059,ALGO/USDT:USDT,0.2692,43252.2,0.2691,57352.3,0.2693,18327.5,0.2694,110095.0
1753504068174,04:27:48.174,ALGO/USDT:USDT,0.2692,41080.1,0.2691,57352.3,0.2693,18327.5,0.2694,110095.0
1753504068282,04:27:48.282,ALGO/USDT:USDT,0.2692,41080.1,0.2691,57352.3,0.2693,18327.5,0.2694,110095.0
1753504068459,04:27:48.459,ALGO/USDT:USDT,0.2692,39743.8,0.2691,57352.3,0.2693,37399.7,0.2694,110095.0
1753504068578,04:27:48.578,ALGO/USDT:USDT,0.2692,41061.5,0.2691,57352.3,0.2693,37399.7,0.2694,110095.0
1753504068726,04:27:48.726,ALGO/USDT:USDT,0.2692,41080.1,0.2691,57352.3,0.2693,36063.4,0.2694,110095.0
1753504068859,04:27:48.859,ALGO/USDT:USDT,0.2692,41080.1,0.2691,57352.3,0.2693,36063.4,0.2694,110095.0
1753504069080,04:27:49.080,ALGO/USDT:USDT,0.2692,10765.5,0.2691,56006.4,0.2693,40490.4,0.2694,110408.9
1753504069182,04:27:49.182,ALGO/USDT:USDT,0.2691,22848.0,0.269,64050.0,0.2692,34216.4,0.2693,84474.7
1753504069389,04:27:49.389,ALGO/USDT:USDT,0.2691,24830.5,0.269,64409.6,0.2692,30095.5,0.2693,84474.7
1753504069491,04:27:49.491,ALGO/USDT:USDT,0.2691,24830.5,0.269,64409.6,0.2692,30095.5,0.2693,84474.7
1753504069598,04:27:49.598,ALGO/USDT:USDT,0.2691,42030.5,0.269,64050.0,0.2692,30114.1,0.2693,84597.5
1753504069805,04:27:49.805,ALGO/USDT:USDT,0.2691,42049.1,0.269,64050.0,0.2692,30174.9,0.2693,83252.6
1753504069926,04:27:49.926,ALGO/USDT:USDT,0.2691,42049.1,0.269,64050.0,0.2692,30174.9,0.2693,83252.6
1753504070050,04:27:50.050,ALGO/USDT:USDT,0.2691,42049.1,0.269,64050.0,0.2692,30174.9,0.2693,83252.6
1753504070181,04:27:50.181,ALGO/USDT:USDT,0.2691,42049.1,0.269,64050.0,0.2692,30174.9,0.2693,83252.6
1753504070306,04:27:50.306,ALGO/USDT:USDT,0.2691,42234.8,0.269,64050.0,0.2692,30174.9,0.2693,83252.6
1753504070435,04:27:50.435,ALGO/USDT:USDT,0.2691,42234.8,0.269,64050.0,0.2692,30174.9,0.2693,83252.6
1753504070569,04:27:50.569,ALGO/USDT:USDT,0.2691,42234.8,0.269,64781.1,0.2692,30174.9,0.2693,83252.6
1753504070727,04:27:50.727,ALGO/USDT:USDT,0.2691,49323.4,0.269,64781.1,0.2692,30174.9,0.2693,84762.0
1753504071127,04:27:51.127,ALGO/USDT:USDT,0.2691,47132.7,0.269,60910.0,0.2692,30174.9,0.2693,84762.0
1753504071228,04:27:51.228,ALGO/USDT:USDT,0.2691,47132.7,0.269,60910.0,0.2692,30174.9,0.2693,84762.0
1753504071345,04:27:51.345,ALGO/USDT:USDT,0.2691,47134.4,0.269,60910.0,0.2692,30174.9,0.2693,84762.0
1753504071497,04:27:51.497,ALGO/USDT:USDT,0.2691,47134.4,0.269,60910.0,0.2692,30174.9,0.2693,84762.0
1753504071603,04:27:51.603,ALGO/USDT:USDT,0.2691,47134.4,0.269,60910.0,0.2692,30174.9,0.2693,84762.0
1753504071783,04:27:51.783,ALGO/USDT:USDT,0.2691,47134.4,0.269,60910.0,0.2692,30174.9,0.2693,84762.0
1753504071926,04:27:51.926,ALGO/USDT:USDT,0.2691,47134.4,0.269,59259.0,0.2692,30174.9,0.2693,84762.0
1753504072059,04:27:52.059,ALGO/USDT:USDT,0.2691,47134.4,0.269,59259.0,0.2692,30174.9,0.2693,84762.0
1753504072326,04:27:52.326,ALGO/USDT:USDT,0.2691,47134.4,0.269,59259.0,0.2692,30174.9,0.2693,84762.0
1753504072459,04:27:52.459,ALGO/USDT:USDT,0.2691,47134.4,0.269,59259.0,0.2692,30174.9,0.2693,84762.0
1753504072601,04:27:52.601,ALGO/USDT:USDT,0.2691,47134.4,0.269,59259.0,0.2692,30174.9,0.2693,84762.0
1753504072726,04:27:52.726,ALGO/USDT:USDT,0.2691,47134.4,0.269,59259.0,0.2692,34569.0,0.2693,84762.0
1753504072843,04:27:52.843,ALGO/USDT:USDT,0.2691,47134.4,0.269,59259.0,0.2692,34634.0,0.2693,84762.0
1753504072962,04:27:52.962,ALGO/USDT:USDT,0.2691,47134.4,0.269,59259.0,0.2692,34634.0,0.2693,84762.0
1753504073066,04:27:53.066,ALGO/USDT:USDT,0.2691,47134.4,0.269,60033.0,0.2692,34634.0,0.2693,84762.0
1753504073260,04:27:53.260,ALGO/USDT:USDT,0.2691,49704.4,0.269,60033.0,0.2692,34634.0,0.2693,84762.0
1753504073428,04:27:53.428,ALGO/USDT:USDT,0.2691,49704.4,0.269,60033.0,0.2692,34634.0,0.2693,84762.0
1753504073557,04:27:53.557,ALGO/USDT:USDT,0.2691,31186.7,0.269,60033.0,0.2692,51161.0,0.2693,84762.0
1753504073660,04:27:53.660,ALGO/USDT:USDT,0.2691,12919.4,0.269,46043.7,0.2692,52495.0,0.2693,84762.0
1753504073761,04:27:53.761,ALGO/USDT:USDT,0.2691,3451.7,0.269,40147.9,0.2692,54393.4,0.2693,84608.9
1753504073866,04:27:53.866,ALGO/USDT:USDT,0.2691,3698.8,0.269,34647.9,0.2692,54473.4,0.2693,88311.5
1753504073972,04:27:53.972,ALGO/USDT:USDT,0.2691,3698.8,0.269,34647.9,0.2692,54473.4,0.2693,88311.5
1753504074102,04:27:54.102,ALGO/USDT:USDT,0.2691,3698.8,0.269,34647.9,0.2692,54473.4,0.2693,88311.5
1753504074217,04:27:54.217,ALGO/USDT:USDT,0.2691,3893.9,0.269,34173.8,0.2692,54473.4,0.2693,88311.5
1753504074329,04:27:54.329,ALGO/USDT:USDT,0.2691,3893.8,0.269,34173.8,0.2692,54473.5,0.2693,88311.5
1753504074460,04:27:54.460,ALGO/USDT:USDT,0.2691,3893.8,0.269,34173.8,0.2692,54473.5,0.2693,88311.5
1753504074590,04:27:54.590,ALGO/USDT:USDT,0.2691,3893.8,0.269,51307.4,0.2692,54473.5,0.2693,88311.5
1753504074706,04:27:54.706,ALGO/USDT:USDT,0.2691,3893.8,0.269,51307.4,0.2692,54473.5,0.2693,93090.1
1753504074859,04:27:54.859,ALGO/USDT:USDT,0.2691,3893.8,0.269,51307.4,0.2692,54473.5,0.2693,93090.1
1753504075068,04:27:55.068,ALGO/USDT:USDT,0.2691,3893.8,0.269,51307.4,0.2692,54473.5,0.2693,93090.1
1753504075203,04:27:55.203,ALGO/USDT:USDT,0.2691,3893.8,0.269,51307.4,0.2692,54473.5,0.2693,93090.1
1753504075467,04:27:55.467,ALGO/USDT:USDT,0.2691,3893.8,0.269,51307.4,0.2692,54473.5,0.2693,93090.1
1753504075606,04:27:55.606,ALGO/USDT:USDT,0.2691,3893.8,0.269,52507.4,0.2692,54493.1,0.2693,93090.1
1753504075768,04:27:55.768,ALGO/USDT:USDT,0.2691,3893.8,0.269,52507.4,0.2692,54493.1,0.2693,93090.1
1753504075893,04:27:55.893,ALGO/USDT:USDT,0.2691,3893.8,0.269,51307.4,0.2692,54863.6,0.2693,93090.1
1753504075999,04:27:55.999,ALGO/USDT:USDT,0.269,36267.6,0.2689,81098.1,0.2691,30249.7,0.2692,98600.0
1753504076102,04:27:56.102,ALGO/USDT:USDT,0.269,29529.3,0.2689,82626.6,0.2691,29568.8,0.2692,104107.3
1753504076203,04:27:56.203,ALGO/USDT:USDT,0.269,30865.6,0.2689,84875.2,0.2691,27861.0,0.2692,103735.8
1753504076313,04:27:56.313,ALGO/USDT:USDT,0.269,30865.6,0.2689,84875.2,0.2691,27861.0,0.2692,103735.8
1753504076442,04:27:56.442,ALGO/USDT:USDT,0.269,30865.6,0.2689,84875.2,0.2691,27861.0,0.2692,103735.8
1753504076583,04:27:56.583,ALGO/USDT:USDT,0.269,30865.6,0.2689,84875.2,0.2691,27861.0,0.2692,103735.8
1753504076702,04:27:56.702,ALGO/USDT:USDT,0.269,30865.6,0.2689,84875.2,0.2691,27861.0,0.2692,103735.8
1753504076811,04:27:56.811,ALGO/USDT:USDT,0.269,14865.6,0.2689,84875.2,0.2691,27861.0,0.2692,103735.8
1753504076925,04:27:56.925,ALGO/USDT:USDT,0.269,14950.1,0.2689,83796.6,0.2691,29215.9,0.2692,104635.8
1753504077028,04:27:57.028,ALGO/USDT:USDT,0.269,14931.5,0.2689,80086.6,0.2691,30097.3,0.2692,103735.8
1753504077130,04:27:57.130,ALGO/USDT:USDT,0.269,15135.8,0.2689,80086.6,0.2691,30115.9,0.2692,103735.8
1753504077244,04:27:57.244,ALGO/USDT:USDT,0.269,15135.8,0.2689,75312.1,0.2691,30115.9,0.2692,103735.8
1753504077351,04:27:57.351,ALGO/USDT:USDT,0.269,16453.5,0.2689,73704.8,0.2691,28779.6,0.2692,103735.8
1753504077481,04:27:57.481,ALGO/USDT:USDT,0.269,10963.6,0.2689,73704.8,0.2691,30115.9,0.2692,103735.8
1753504077601,04:27:57.601,ALGO/USDT:USDT,0.269,4885.0,0.2689,61389.8,0.2691,51519.4,0.2692,112904.8
1753504077708,04:27:57.708,ALGO/USDT:USDT,0.269,4885.0,0.2689,61389.8,0.2691,51733.9,0.2692,122351.0
1753504077813,04:27:57.813,ALGO/USDT:USDT,0.269,4885.0,0.2689,61389.8,0.2691,49825.9,0.2692,111065.3
1753504077926,04:27:57.926,ALGO/USDT:USDT,0.269,4885.0,0.2689,61389.8,0.2691,49825.9,0.2692,111065.3
1753504078036,04:27:58.036,ALGO/USDT:USDT,0.269,6202.7,0.2689,61389.8,0.2691,48489.6,0.2692,111065.3
1753504078162,04:27:58.162,ALGO/USDT:USDT,0.269,6202.7,0.2689,61389.8,0.2691,48489.6,0.2692,111065.3
1753504078302,04:27:58.302,ALGO/USDT:USDT,0.269,6202.7,0.2689,61389.8,0.2691,48489.6,0.2692,111065.3
1753504078404,04:27:58.404,ALGO/USDT:USDT,0.269,6202.7,0.2689,61389.8,0.2691,48860.2,0.2692,112737.7
1753504078506,04:27:58.506,ALGO/USDT:USDT,0.269,4885.0,0.2689,77389.8,0.2691,49825.9,0.2692,116454.3
1753504078617,04:27:58.617,ALGO/USDT:USDT,0.269,9038.6,0.2689,77389.8,0.2691,48489.6,0.2692,116454.3
1753504078721,04:27:58.721,ALGO/USDT:USDT,0.269,9057.2,0.2689,77389.8,0.2691,46280.3,0.2692,111065.3
1753504078857,04:27:58.857,ALGO/USDT:USDT,0.269,9057.2,0.2689,77389.8,0.2691,46280.3,0.2692,111065.3
1753504078964,04:27:58.964,ALGO/USDT:USDT,0.269,9057.2,0.2689,77389.8,0.2691,49825.9,0.2692,111065.3
1753504079108,04:27:59.108,ALGO/USDT:USDT,0.2689,46690.6,0.2688,84460.7,0.269,27450.8,0.2691,98692.4
1753504079212,04:27:59.212,ALGO/USDT:USDT,0.2689,48088.3,0.2688,84591.5,0.269,27512.2,0.2691,98692.4
1753504079315,04:27:59.315,ALGO/USDT:USDT,0.2689,48088.3,0.2688,84591.5,0.269,27512.2,0.2691,98692.4
1753504079426,04:27:59.426,ALGO/USDT:USDT,0.269,33791.1,0.2689,78698.8,0.2691,50095.8,0.2692,114265.9
1753504079528,04:27:59.528,ALGO/USDT:USDT,0.269,33480.9,0.2689,83125.5,0.2691,43751.5,0.2692,114265.9
1753504079650,04:27:59.650,ALGO/USDT:USDT,0.269,34817.2,0.2689,83125.5,0.2691,43751.5,0.2692,114265.9
1753504079926,04:27:59.926,ALGO/USDT:USDT,0.269,35204.7,0.2689,84639.4,0.2691,43770.1,0.2692,117968.5
1753504080027,04:28:00.027,ALGO/USDT:USDT,0.269,29696.2,0.2689,85809.4,0.2691,44187.8,0.2692,117968.5
1753504080129,04:28:00.129,ALGO/USDT:USDT,0.269,28096.2,0.2689,85809.4,0.2691,46378.5,0.2692,117968.5
1753504080249,04:28:00.249,ALGO/USDT:USDT,0.269,26860.1,0.2689,83560.8,0.2691,46397.1,0.2692,121499.2
1753504080361,04:28:00.361,ALGO/USDT:USDT,0.269,26860.1,0.2689,80010.7,0.2691,47786.3,0.2692,121391.9
1753504080560,04:28:00.560,ALGO/USDT:USDT,0.269,26860.1,0.2689,80010.7,0.2691,47786.3,0.2692,121391.9
1753504080662,04:28:00.662,ALGO/USDT:USDT,0.269,26860.1,0.2689,80010.7,0.2691,47786.3,0.2692,123250.2
1753504080859,04:28:00.859,ALGO/USDT:USDT,0.269,26860.1,0.2689,80010.7,0.2691,47786.3,0.2692,121391.9
1753504080979,04:28:00.979,ALGO/USDT:USDT,0.269,26860.1,0.2689,79267.4,0.2691,47786.3,0.2692,121391.9
1753504081088,04:28:01.088,ALGO/USDT:USDT,0.269,30996.4,0.2689,81648.0,0.2691,44277.9,0.2692,117861.2
1753504081198,04:28:01.198,ALGO/USDT:USDT,0.269,30977.8,0.2689,80478.0,0.2691,27428.9,0.2692,118761.2
1753504081301,04:28:01.301,ALGO/USDT:USDT,0.269,30977.8,0.2689,71403.9,0.2691,27321.7,0.2692,118761.2
1753504081402,04:28:01.402,ALGO/USDT:USDT,0.269,29796.4,0.2689,72695.9,0.2691,27409.4,0.2692,118761.2
1753504081527,04:28:01.527,ALGO/USDT:USDT,0.269,42796.4,0.2689,72695.9,0.2691,27428.0,0.2692,116324.4
1753504081660,04:28:01.660,ALGO/USDT:USDT,0.269,42796.4,0.2689,72695.9,0.2691,27428.0,0.2692,116324.4
1753504081783,04:28:01.783,ALGO/USDT:USDT,0.269,42796.4,0.2689,72695.9,0.2691,27428.0,0.2692,116324.4
1753504081926,04:28:01.926,ALGO/USDT:USDT,0.269,42796.4,0.2689,72695.9,0.2691,27428.0,0.2692,116324.4
1753504082059,04:28:02.059,ALGO/USDT:USDT,0.269,42796.4,0.2689,72695.9,0.2691,27428.0,0.2692,116324.4
1753504082217,04:28:02.217,ALGO/USDT:USDT,0.269,29796.4,0.2689,72695.9,0.2691,29618.7,0.2692,116324.4
1753504082326,04:28:02.326,ALGO/USDT:USDT,0.269,26659.5,0.2689,71182.0,0.2691,37716.0,0.2692,120565.8
1753504082443,04:28:02.443,ALGO/USDT:USDT,0.269,26659.5,0.2689,67429.8,0.2691,38061.9,0.2692,120565.8
1753504082546,04:28:02.546,ALGO/USDT:USDT,0.269,39659.5,0.2689,67429.8,0.2691,38080.5,0.2692,120565.8
1753504082702,04:28:02.702,ALGO/USDT:USDT,0.269,40977.2,0.2689,67429.8,0.2691,36744.2,0.2692,120565.8
1753504082807,04:28:02.807,ALGO/USDT:USDT,0.269,40995.8,0.2689,67429.8,0.2691,36763.8,0.2692,120565.8
1753504083126,04:28:03.126,ALGO/USDT:USDT,0.269,41743.9,0.2689,67429.8,0.2691,36763.8,0.2692,120565.8
1753504083242,04:28:03.242,ALGO/USDT:USDT,0.269,27407.6,0.2689,67429.8,0.2691,38100.1,0.2692,122424.1
1753504083388,04:28:03.388,ALGO/USDT:USDT,0.269,27407.6,0.2689,67429.8,0.2691,38100.0,0.2692,120565.8
1753504083526,04:28:03.526,ALGO/USDT:USDT,0.269,28725.3,0.2689,67429.8,0.2691,36763.7,0.2692,120565.8
1753504083650,04:28:03.650,ALGO/USDT:USDT,0.269,28725.3,0.2689,67429.8,0.2691,36763.7,0.2692,120565.8
1753504083752,04:28:03.752,ALGO/USDT:USDT,0.269,27407.6,0.2689,67429.8,0.2691,38100.0,0.2692,120565.8
1753504083868,04:28:03.868,ALGO/USDT:USDT,0.269,27407.6,0.2689,67429.8,0.2691,38100.0,0.2692,122424.1
1753504083982,04:28:03.982,ALGO/USDT:USDT,0.269,27407.6,0.2689,67429.8,0.2691,38119.6,0.2692,120565.8
1753504084288,04:28:04.288,ALGO/USDT:USDT,0.269,27407.6,0.2689,67429.8,0.2691,38119.6,0.2692,120565.8
1753504084408,04:28:04.408,ALGO/USDT:USDT,0.269,27985.4,0.2689,68026.2,0.2691,38119.6,0.2692,122424.1
1753504084537,04:28:04.537,ALGO/USDT:USDT,0.269,27985.4,0.2689,68026.2,0.2691,38119.6,0.2692,122424.1
1753504084726,04:28:04.726,ALGO/USDT:USDT,0.269,27985.4,0.2689,68026.2,0.2691,38119.6,0.2692,122424.1
1753504084847,04:28:04.847,ALGO/USDT:USDT,0.269,27985.4,0.2689,68026.2,0.2691,38119.6,0.2692,120565.8
1753504085028,04:28:05.028,ALGO/USDT:USDT,0.269,27985.4,0.2689,68026.2,0.2691,38119.6,0.2692,122424.1
1753504085200,04:28:05.200,ALGO/USDT:USDT,0.269,27985.4,0.2689,68026.2,0.2691,38119.6,0.2692,122424.1
1753504085327,04:28:05.327,ALGO/USDT:USDT,0.269,28004.0,0.2689,68026.2,0.2691,38272.0,0.2692,120565.8
1753504085512,04:28:05.512,ALGO/USDT:USDT,0.269,37321.7,0.2689,68026.2,0.2691,34745.0,0.2692,118893.4
1753504085616,04:28:05.616,ALGO/USDT:USDT,0.269,39510.9,0.2689,70350.6,0.2691,34745.0,0.2692,116324.4
1753504085759,04:28:05.759,ALGO/USDT:USDT,0.269,37320.2,0.2689,70350.6,0.2691,34745.0,0.2692,116324.4
1753504085902,04:28:05.902,ALGO/USDT:USDT,0.269,35983.9,0.2689,70350.6,0.2691,38272.0,0.2692,116324.4
1753504086060,04:28:06.060,ALGO/USDT:USDT,0.269,37320.2,0.2689,70350.6,0.2691,34745.0,0.2692,116324.4
1753504086202,04:28:06.202,ALGO/USDT:USDT,0.269,37477.6,0.2689,70350.6,0.2691,34745.0,0.2692,116324.4
1753504086326,04:28:06.326,ALGO/USDT:USDT,0.269,37477.6,0.2689,70350.6,0.2691,34745.0,0.2692,116324.4
1753504086429,04:28:06.429,ALGO/USDT:USDT,0.269,37477.6,0.2689,70350.6,0.2691,34742.8,0.2692,116324.4
1753504086555,04:28:06.555,ALGO/USDT:USDT,0.269,37477.6,0.2689,70350.6,0.2691,34742.8,0.2692,116324.4
1753504086687,04:28:06.687,ALGO/USDT:USDT,0.269,37477.6,0.2689,70350.6,0.2691,34742.8,0.2692,116324.4
1753504086859,04:28:06.859,ALGO/USDT:USDT,0.269,37477.6,0.2689,70350.6,0.2691,34742.8,0.2692,116324.4
1753504087014,04:28:07.014,ALGO/USDT:USDT,0.269,29477.6,0.2689,70350.6,0.2691,36592.3,0.2692,116324.4
1753504087118,04:28:07.118,ALGO/USDT:USDT,0.269,29477.6,0.2689,70350.6,0.2691,37910.0,0.2692,116324.4
1753504087221,04:28:07.221,ALGO/USDT:USDT,0.269,29477.6,0.2689,70350.6,0.2691,36573.7,0.2692,116324.4
1753504087449,04:28:07.449,ALGO/USDT:USDT,0.269,39477.6,0.2689,70350.6,0.2691,34401.5,0.2692,116324.4
1753504087583,04:28:07.583,ALGO/USDT:USDT,0.269,38141.3,0.2689,70350.6,0.2691,37928.5,0.2692,116324.4
1753504087702,04:28:07.702,ALGO/USDT:USDT,0.269,39477.6,0.2689,70350.6,0.2691,37928.5,0.2692,116324.4
1753504087926,04:28:07.926,ALGO/USDT:USDT,0.269,39477.6,0.2689,70350.6,0.2691,37928.5,0.2692,116324.4
1753504088037,04:28:08.037,ALGO/USDT:USDT,0.269,39477.6,0.2689,70350.6,0.2691,37928.5,0.2692,116324.4
1753504088302,04:28:08.302,ALGO/USDT:USDT,0.269,39477.6,0.2689,70350.6,0.2691,34401.5,0.2692,116324.4
1753504088408,04:28:08.408,ALGO/USDT:USDT,0.269,39477.6,0.2689,70350.6,0.2691,34401.5,0.2692,116324.4
1753504088527,04:28:08.527,ALGO/USDT:USDT,0.269,39477.6,0.2689,70350.6,0.2691,34401.3,0.2692,116324.4
1753504088632,04:28:08.632,ALGO/USDT:USDT,0.269,39477.6,0.2689,70350.6,0.2691,36573.4,0.2692,116324.4
1753504088736,04:28:08.736,ALGO/USDT:USDT,0.269,39477.6,0.2689,70350.6,0.2691,36573.4,0.2692,116324.4
1753504088859,04:28:08.859,ALGO/USDT:USDT,0.269,39477.6,0.2689,70350.6,0.2691,34401.3,0.2692,116324.4
1753504088975,04:28:08.975,ALGO/USDT:USDT,0.269,41668.3,0.2689,70350.6,0.2691,34401.3,0.2692,116324.4
1753504089126,04:28:09.126,ALGO/USDT:USDT,0.269,41668.3,0.2689,70350.6,0.2691,34401.3,0.2692,116324.4
1753504089260,04:28:09.260,ALGO/USDT:USDT,0.269,41668.3,0.2689,70350.6,0.2691,34401.3,0.2692,116324.4
1753504089368,04:28:09.368,ALGO/USDT:USDT,0.269,41668.3,0.2689,70350.6,0.2691,34401.3,0.2692,116324.4
1753504089526,04:28:09.526,ALGO/USDT:USDT,0.269,39459.0,0.2689,70350.6,0.2691,34401.3,0.2692,116324.4
1753504089660,04:28:09.660,ALGO/USDT:USDT,0.269,30677.6,0.2689,71520.6,0.2691,34401.3,0.2692,118307.8
1753504089852,04:28:09.852,ALGO/USDT:USDT,0.269,32849.7,0.2689,71520.6,0.2691,34401.3,0.2692,118307.8
1753504090157,04:28:10.157,ALGO/USDT:USDT,0.269,32849.7,0.2689,71520.6,0.2691,34401.3,0.2692,118307.8
1753504090327,04:28:10.327,ALGO/USDT:USDT,0.269,32849.7,0.2689,71520.6,0.2691,34401.3,0.2692,118307.8
1753504090456,04:28:10.456,ALGO/USDT:USDT,0.269,48868.3,0.2689,71520.6,0.2691,34297.6,0.2692,118307.8
1753504090557,04:28:10.557,ALGO/USDT:USDT,0.269,48868.3,0.2689,71520.6,0.2691,34399.0,0.2692,118307.8
1753504090683,04:28:10.683,ALGO/USDT:USDT,0.269,50689.8,0.2689,71520.6,0.2691,31549.7,0.2692,118307.8
1753504090819,04:28:10.819,ALGO/USDT:USDT,0.269,50689.8,0.2689,70350.6,0.2691,29201.4,0.2692,114795.1
1753504090929,04:28:10.929,ALGO/USDT:USDT,0.269,50689.8,0.2689,71520.6,0.2691,29201.4,0.2692,114795.1
1753504091102,04:28:11.102,ALGO/USDT:USDT,0.269,50689.8,0.2689,71520.6,0.2691,29201.4,0.2692,114795.1
1753504091260,04:28:11.260,ALGO/USDT:USDT,0.269,50937.1,0.2689,71520.6,0.2691,29201.4,0.2692,114795.1
1753504091526,04:28:11.526,ALGO/USDT:USDT,0.269,50959.5,0.2689,71520.6,0.2691,29201.4,0.2692,114775.5
1753504091659,04:28:11.659,ALGO/USDT:USDT,0.269,50979.1,0.2689,71520.6,0.2691,29201.4,0.2692,114775.5
1753504091802,04:28:11.802,ALGO/USDT:USDT,0.269,50979.1,0.2689,71520.6,0.2691,29201.4,0.2692,114775.5
1753504091910,04:28:11.910,ALGO/USDT:USDT,0.269,52491.4,0.2689,71520.6,0.2691,29201.4,0.2692,114775.5
1753504092059,04:28:12.059,ALGO/USDT:USDT,0.269,52491.4,0.2689,71520.6,0.2691,29201.4,0.2692,114775.5
1753504092302,04:28:12.302,ALGO/USDT:USDT,0.269,52510.0,0.2689,71520.6,0.2691,29596.4,0.2692,114775.5
1753504092459,04:28:12.459,ALGO/USDT:USDT,0.269,52510.0,0.2689,71520.6,0.2691,29596.4,0.2692,114775.5
1753504092726,04:28:12.726,ALGO/USDT:USDT,0.269,52510.0,0.2689,71520.6,0.2691,29596.4,0.2692,114775.5
1753504093126,04:28:13.126,ALGO/USDT:USDT,0.269,52510.0,0.2689,71520.6,0.2691,29596.4,0.2692,114775.5
1753504093259,04:28:13.259,ALGO/USDT:USDT,0.269,52510.0,0.2689,71520.6,0.2691,29596.4,0.2692,114775.5
1753504093362,04:28:13.362,ALGO/USDT:USDT,0.269,52510.0,0.2689,71626.7,0.2691,29596.4,0.2692,114775.5
1753504093484,04:28:13.484,ALGO/USDT:USDT,0.269,52510.0,0.2689,74098.8,0.2691,15388.3,0.2692,113422.9
1753504093589,04:28:13.589,ALGO/USDT:USDT,0.2691,42571.5,0.269,80901.9,0.2692,18397.1,0.2693,102082.3
1753504093691,04:28:13.691,ALGO/USDT:USDT,0.2691,42632.9,0.269,79025.8,0.2692,18458.5,0.2693,102082.3
1753504093793,04:28:13.793,ALGO/USDT:USDT,0.2691,43001.8,0.269,74024.1,0.2692,15542.6,0.2693,111690.0
1753504093914,04:28:13.914,ALGO/USDT:USDT,0.2691,43020.4,0.269,74024.1,0.2692,16342.8,0.2693,111690.0
1753504094028,04:28:14.028,ALGO/USDT:USDT,0.2691,43020.4,0.269,74024.1,0.2692,13135.8,0.2693,111690.0
1753504094159,04:28:14.159,ALGO/USDT:USDT,0.2691,39493.4,0.269,74024.1,0.2692,19869.8,0.2693,111690.0
1753504094298,04:28:14.298,ALGO/USDT:USDT,0.2691,39493.4,0.269,74024.1,0.2692,20083.3,0.2693,111690.0
1753504094405,04:28:14.405,ALGO/USDT:USDT,0.2691,39493.4,0.269,74024.1,0.2692,20083.3,0.2693,111690.0
1753504094510,04:28:14.510,ALGO/USDT:USDT,0.2691,39493.4,0.269,68127.4,0.2692,20083.3,0.2693,111690.0
1753504094613,04:28:14.613,ALGO/USDT:USDT,0.2691,43020.4,0.269,68127.4,0.2692,17892.6,0.2693,112989.5
1753504094726,04:28:14.726,ALGO/USDT:USDT,0.2691,43020.4,0.269,68127.4,0.2692,16574.9,0.2693,112989.5
1753504094859,04:28:14.859,ALGO/USDT:USDT,0.2691,43020.4,0.269,68127.4,0.2692,16574.9,0.2693,112989.5
1753504094968,04:28:14.968,ALGO/USDT:USDT,0.2691,43020.4,0.269,68130.2,0.2692,16574.9,0.2693,112989.5
1753504095082,04:28:15.082,ALGO/USDT:USDT,0.2691,43020.4,0.269,68130.2,0.2692,16574.9,0.2693,112989.5
1753504095202,04:28:15.202,ALGO/USDT:USDT,0.2691,43137.0,0.269,68130.2,0.2692,16574.9,0.2693,112989.5
1753504095362,04:28:15.362,ALGO/USDT:USDT,0.2691,51137.0,0.269,72792.0,0.2692,7868.4,0.2693,104640.2
1753504095466,04:28:15.466,ALGO/USDT:USDT,0.2691,51322.7,0.269,78688.7,0.2692,7887.0,0.2693,104640.2
1753504095581,04:28:15.581,ALGO/USDT:USDT,0.2691,51322.7,0.269,78688.7,0.2692,7887.0,0.2693,104640.2
1753504095759,04:28:15.759,ALGO/USDT:USDT,0.2691,51322.7,0.269,78688.7,0.2692,6505.9,0.2693,99853.5
1753504095876,04:28:15.876,ALGO/USDT:USDT,0.2691,51322.7,0.269,78688.7,0.2692,6505.9,0.2693,99853.5
1753504096059,04:28:16.059,ALGO/USDT:USDT,0.2691,51322.7,0.269,78688.7,0.2692,6505.9,0.2693,99853.5
1753504096181,04:28:16.181,ALGO/USDT:USDT,0.2691,51322.7,0.269,78688.7,0.2692,6505.9,0.2693,99853.5
1753504096298,04:28:16.298,ALGO/USDT:USDT,0.2691,51345.2,0.269,78666.3,0.2692,6505.9,0.2693,99918.5
1753504096425,04:28:16.425,ALGO/USDT:USDT,0.2691,22655.7,0.269,72769.6,0.2692,27751.6,0.2693,99918.5
1753504096529,04:28:16.529,ALGO/USDT:USDT,0.2691,22655.7,0.269,71599.6,0.2692,30842.3,0.2693,103868.5
1753504096630,04:28:16.630,ALGO/USDT:USDT,0.2691,22717.1,0.269,71599.6,0.2692,30885.1,0.2693,103868.5
1753504096738,04:28:16.738,ALGO/USDT:USDT,0.2691,5788.1,0.269,65596.7,0.2692,59939.3,0.2693,110597.0
1753504096839,04:28:16.839,ALGO/USDT:USDT,0.2691,5868.1,0.269,65596.7,0.2692,60000.7,0.2693,114299.6
1753504096981,04:28:16.981,ALGO/USDT:USDT,0.2691,5887.7,0.269,65596.7,0.2692,44000.7,0.2693,114299.6
1753504097096,04:28:17.096,ALGO/USDT:USDT,0.2691,5887.7,0.269,65596.7,0.2692,44000.7,0.2693,114299.6
1753504097323,04:28:17.323,ALGO/USDT:USDT,0.2691,18907.8,0.269,65596.7,0.2692,40473.7,0.2693,114299.6
1753504097427,04:28:17.427,ALGO/USDT:USDT,0.2691,20225.5,0.269,65596.7,0.2692,40473.7,0.2693,114299.6
1753504097579,04:28:17.579,ALGO/USDT:USDT,0.2691,19012.3,0.269,65596.7,0.2692,41810.0,0.2693,114299.6
1753504097722,04:28:17.722,ALGO/USDT:USDT,0.2691,19012.3,0.269,65596.7,0.2692,41810.0,0.2693,114299.6
1753504097884,04:28:17.884,ALGO/USDT:USDT,0.2691,21548.6,0.269,65596.7,0.2692,39573.7,0.2693,115199.6
1753504098059,04:28:18.059,ALGO/USDT:USDT,0.2691,20348.6,0.269,65596.7,0.2692,39573.7,0.2693,115199.6
1753504098162,04:28:18.162,ALGO/USDT:USDT,0.2691,20348.6,0.269,65596.7,0.2692,39573.7,0.2693,115199.6
1753504098265,04:28:18.265,ALGO/USDT:USDT,0.2691,19011.7,0.269,65596.7,0.2692,43100.7,0.2693,115199.6
1753504098366,04:28:18.366,ALGO/USDT:USDT,0.2691,19011.7,0.269,66766.7,0.2692,43100.7,0.2693,115199.6
1753504098502,04:28:18.502,ALGO/USDT:USDT,0.2691,19011.7,0.269,66766.7,0.2692,43100.7,0.2693,115199.6
1753504098628,04:28:18.628,ALGO/USDT:USDT,0.2691,19000.6,0.269,66023.7,0.2692,39573.7,0.2693,115199.6
1753504098736,04:28:18.736,ALGO/USDT:USDT,0.2691,20318.3,0.269,66129.8,0.2692,39573.7,0.2693,115199.6
1753504098860,04:28:18.860,ALGO/USDT:USDT,0.2691,20360.8,0.269,66129.8,0.2692,39573.7,0.2693,115199.6
1753504099034,04:28:19.034,ALGO/USDT:USDT,0.2691,20360.8,0.269,66129.8,0.2692,39573.7,0.2693,115199.6
1753504099137,04:28:19.137,ALGO/USDT:USDT,0.2691,20360.8,0.269,66129.8,0.2692,39573.7,0.2693,115199.6
1753504099259,04:28:19.259,ALGO/USDT:USDT,0.2691,20360.8,0.269,66129.8,0.2692,39573.7,0.2693,115199.6
1753504099397,04:28:19.397,ALGO/USDT:USDT,0.2691,6024.5,0.269,66129.8,0.2692,43100.7,0.2693,115199.6
1753504099527,04:28:19.527,ALGO/USDT:USDT,0.2691,6024.5,0.269,66129.8,0.2692,43100.7,0.2693,115199.6
1753504099659,04:28:19.659,ALGO/USDT:USDT,0.2691,3003.7,0.269,64959.8,0.2692,41764.4,0.2693,114299.6
1753504099769,04:28:19.769,ALGO/USDT:USDT,0.2691,1852.3,0.269,66129.8,0.2692,41764.4,0.2693,114299.6
1753504099918,04:28:19.918,ALGO/USDT:USDT,0.2691,7360.8,0.269,66129.8,0.2692,39573.7,0.2693,114299.6
1753504100032,04:28:20.032,ALGO/USDT:USDT,0.2691,7360.8,0.269,66129.8,0.2692,39573.7,0.2693,114299.6
1753504100167,04:28:20.167,ALGO/USDT:USDT,0.2691,7360.8,0.269,66129.8,0.2692,39573.7,0.2693,114299.6
1753504100271,04:28:20.271,ALGO/USDT:USDT,0.2691,1852.3,0.269,66129.8,0.2692,59100.7,0.2693,120194.1
1753504100397,04:28:20.397,ALGO/USDT:USDT,0.2691,1852.3,0.269,66129.8,0.2692,59100.7,0.2693,114299.6
1753504100608,04:28:20.608,ALGO/USDT:USDT,0.2691,1852.3,0.269,66129.8,0.2692,59100.7,0.2693,114299.6
1753504100718,04:28:20.718,ALGO/USDT:USDT,0.2691,1852.3,0.269,66129.8,0.2692,59100.7,0.2693,114299.6
1753504100829,04:28:20.829,ALGO/USDT:USDT,0.2691,7360.6,0.269,66129.8,0.2692,34723.7,0.2693,114299.6
1753504101065,04:28:21.065,ALGO/USDT:USDT,0.2691,7360.6,0.269,66129.8,0.2692,34723.7,0.2693,114299.6
1753504101259,04:28:21.259,ALGO/USDT:USDT,0.2691,15360.6,0.269,66129.8,0.2692,42723.7,0.2693,114299.6
1753504101387,04:28:21.387,ALGO/USDT:USDT,0.2691,15360.6,0.269,66129.8,0.2692,42723.7,0.2693,114299.6
1753504101502,04:28:21.502,ALGO/USDT:USDT,0.2691,6024.3,0.269,66129.8,0.2692,48321.0,0.2693,112441.9
1753504101647,04:28:21.647,ALGO/USDT:USDT,0.2691,1852.1,0.269,66110.2,0.2692,48339.6,0.2693,112441.9
1753504101755,04:28:21.755,ALGO/USDT:USDT,0.2691,7299.2,0.269,66110.2,0.2692,43568.0,0.2693,108912.4
1753504101857,04:28:21.857,ALGO/USDT:USDT,0.2691,10702.7,0.269,64940.2,0.2692,35549.4,0.2693,108912.4
1753504101984,04:28:21.984,ALGO/USDT:USDT,0.2691,10721.3,0.269,69565.4,0.2692,33535.7,0.2693,108912.4
1753504102323,04:28:22.323,ALGO/USDT:USDT,0.2691,42370.3,0.269,69565.4,0.2692,33535.7,0.2693,104062.4
1753504102428,04:28:22.428,ALGO/USDT:USDT,0.2691,42370.3,0.269,69565.4,0.2692,33535.7,0.2693,104062.4
1753504102608,04:28:22.608,ALGO/USDT:USDT,0.2691,42370.3,0.269,69565.4,0.2692,33535.7,0.2693,104062.4
1753504102726,04:28:22.726,ALGO/USDT:USDT,0.2691,42370.3,0.269,69565.4,0.2692,16686.7,0.2693,104062.4
1753504102839,04:28:22.839,ALGO/USDT:USDT,0.2691,42370.3,0.269,69565.4,0.2692,16686.7,0.2693,104062.4
1753504102967,04:28:22.967,ALGO/USDT:USDT,0.2691,42370.3,0.269,69565.4,0.2692,16686.7,0.2693,102721.1
1753504103127,04:28:23.127,ALGO/USDT:USDT,0.2691,42370.3,0.269,69565.4,0.2692,16686.7,0.2693,102721.1
1753504103260,04:28:23.260,ALGO/USDT:USDT,0.2691,42370.3,0.269,69565.4,0.2692,16686.7,0.2693,102721.1
1753504103447,04:28:23.447,ALGO/USDT:USDT,0.2691,42370.3,0.269,69565.4,0.2692,16686.7,0.2693,102721.1
1753504103559,04:28:23.559,ALGO/USDT:USDT,0.2691,42370.3,0.269,69565.4,0.2692,16686.7,0.2693,102721.1
1753504103701,04:28:23.701,ALGO/USDT:USDT,0.2691,35122.6,0.269,69565.4,0.2692,24686.7,0.2693,105007.9
1753504103808,04:28:23.808,ALGO/USDT:USDT,0.2691,35122.6,0.269,69565.4,0.2692,24686.7,0.2693,105007.9
1753504103918,04:28:23.918,ALGO/USDT:USDT,0.2691,35122.6,0.269,69565.4,0.2692,24686.7,0.2693,105007.9
1753504104028,04:28:24.028,ALGO/USDT:USDT,0.2691,35122.6,0.269,69565.4,0.2692,24686.7,0.2693,105007.9
1753504104141,04:28:24.141,ALGO/USDT:USDT,0.2691,35122.6,0.269,69565.4,0.2692,24686.7,0.2693,105007.9
1753504104321,04:28:24.321,ALGO/USDT:USDT,0.2691,35122.6,0.269,69459.3,0.2692,24686.7,0.2693,105007.9
1753504104454,04:28:24.454,ALGO/USDT:USDT,0.2691,35122.6,0.269,69459.3,0.2692,12514.5,0.2693,101792.6
1753504104558,04:28:24.558,ALGO/USDT:USDT,0.2691,35122.6,0.269,75356.0,0.2692,12514.5,0.2693,101049.8
1753504104712,04:28:24.712,ALGO/USDT:USDT,0.2691,35122.6,0.269,75356.0,0.2692,12514.5,0.2693,101049.8
1753504104819,04:28:24.819,ALGO/USDT:USDT,0.2691,35122.6,0.269,75356.0,0.2692,12514.5,0.2693,101049.8
1753504105127,04:28:25.127,ALGO/USDT:USDT,0.2691,35228.7,0.269,75356.0,0.2692,12514.5,0.2693,101068.4
1753504105260,04:28:25.260,ALGO/USDT:USDT,0.2691,39210.1,0.269,75356.0,0.2692,12514.5,0.2693,101068.4
1753504105401,04:28:25.401,ALGO/USDT:USDT,0.2691,39210.1,0.269,75356.0,0.2692,12514.5,0.2693,101068.4
1753504105518,04:28:25.518,ALGO/USDT:USDT,0.2691,39210.1,0.269,75356.0,0.2692,12514.5,0.2693,101068.4
1753504105628,04:28:25.628,ALGO/USDT:USDT,0.2691,39210.1,0.269,75727.1,0.2692,12514.5,0.2693,101068.4
1753504105802,04:28:25.802,ALGO/USDT:USDT,0.2691,39414.4,0.269,75727.1,0.2692,12514.5,0.2693,101068.4
1753504105926,04:28:25.926,ALGO/USDT:USDT,0.2691,39414.4,0.269,75727.1,0.2692,12514.5,0.2693,101068.4
1753504106060,04:28:26.060,ALGO/USDT:USDT,0.2691,39414.4,0.269,75727.1,0.2692,12514.5,0.2693,101068.4
1753504106259,04:28:26.259,ALGO/USDT:USDT,0.2691,39414.4,0.269,75727.1,0.2692,12514.5,0.2693,101068.4
1753504106457,04:28:26.457,ALGO/USDT:USDT,0.2691,39414.4,0.269,75727.1,0.2692,12514.5,0.2693,101068.4
1753504106718,04:28:26.718,ALGO/USDT:USDT,0.2691,39414.4,0.269,75727.1,0.2692,12579.5,0.2693,101003.4
1753504106860,04:28:26.860,ALGO/USDT:USDT,0.2691,39414.4,0.269,69830.4,0.2692,12579.5,0.2693,101003.4
1753504106962,04:28:26.962,ALGO/USDT:USDT,0.2691,37357.1,0.269,71000.4,0.2692,16751.7,0.2693,101903.4
1753504107127,04:28:27.127,ALGO/USDT:USDT,0.2691,37357.1,0.269,71000.4,0.2692,16751.7,0.2693,101903.4
1753504107260,04:28:27.260,ALGO/USDT:USDT,0.2691,37357.1,0.269,71000.4,0.2692,16751.7,0.2693,101903.4
1753504107380,04:28:27.380,ALGO/USDT:USDT,0.2691,37357.1,0.269,71000.4,0.2692,16751.7,0.2693,101903.4
1753504107515,04:28:27.515,ALGO/USDT:USDT,0.2691,33750.6,0.269,72690.3,0.2692,20770.9,0.2693,101903.4
1753504107618,04:28:27.618,ALGO/USDT:USDT,0.2691,35922.7,0.269,72690.3,0.2692,20752.3,0.2693,101903.4
1753504107732,04:28:27.732,ALGO/USDT:USDT,0.2691,35922.7,0.269,72690.3,0.2692,20752.3,0.2693,101903.4
1753504107835,04:28:27.835,ALGO/USDT:USDT,0.2691,35922.7,0.269,72690.3,0.2692,20752.3,0.2693,101903.4
1753504107999,04:28:27.999,ALGO/USDT:USDT,0.2691,35922.7,0.269,72690.3,0.2692,20752.3,0.2693,101903.4
1753504108109,04:28:28.109,ALGO/USDT:USDT,0.2691,35922.7,0.269,72690.3,0.2692,20752.3,0.2693,101903.4
1753504108223,04:28:28.223,ALGO/USDT:USDT,0.2691,35922.7,0.269,72690.3,0.2692,20752.3,0.2693,101903.4
1753504108326,04:28:28.326,ALGO/USDT:USDT,0.2691,35922.7,0.269,72690.3,0.2692,20752.3,0.2693,101903.4
1753504108459,04:28:28.459,ALGO/USDT:USDT,0.2691,35922.7,0.269,72690.3,0.2692,20752.3,0.2693,101903.4
1753504108596,04:28:28.596,ALGO/USDT:USDT,0.2691,35922.7,0.269,72690.3,0.2692,20752.3,0.2693,101903.4
1753504108816,04:28:28.816,ALGO/USDT:USDT,0.2691,23941.3,0.269,72690.3,0.2692,20770.9,0.2693,103415.2
1753504108943,04:28:28.943,ALGO/USDT:USDT,0.2691,21732.0,0.269,72319.2,0.2692,20770.9,0.2693,103415.2
1753504109045,04:28:29.045,ALGO/USDT:USDT,0.2691,23941.3,0.269,72319.2,0.2692,20770.9,0.2693,103415.2
1753504109178,04:28:29.178,ALGO/USDT:USDT,0.2691,20150.6,0.269,72319.2,0.2692,29770.9,0.2693,103415.2
1753504109348,04:28:29.348,ALGO/USDT:USDT,0.2691,18950.6,0.269,72319.2,0.2692,31107.2,0.2693,103415.2
1753504109455,04:28:29.455,ALGO/USDT:USDT,0.2691,18950.6,0.269,72319.2,0.2692,29770.9,0.2693,103415.2
1753504109567,04:28:29.567,ALGO/USDT:USDT,0.2691,18950.6,0.269,72319.2,0.2692,20770.9,0.2693,103415.2
1753504109759,04:28:29.759,ALGO/USDT:USDT,0.2691,21141.3,0.269,72319.2,0.2692,20770.9,0.2693,103415.2
1753504109861,04:28:29.861,ALGO/USDT:USDT,0.2691,22311.3,0.269,71149.2,0.2692,20770.9,0.2693,102515.2
1753504110059,04:28:30.059,ALGO/USDT:USDT,0.2691,23511.3,0.269,71149.2,0.2692,20770.9,0.2693,102515.2
1753504110200,04:28:30.200,ALGO/USDT:USDT,0.2691,21302.0,0.269,71149.2,0.2692,29752.3,0.2693,102515.2
1753504110321,04:28:30.321,ALGO/USDT:USDT,0.2691,20147.3,0.269,71149.2,0.2692,31107.2,0.2693,107223.2
1753504110460,04:28:30.460,ALGO/USDT:USDT,0.2691,20147.3,0.269,71149.2,0.2692,29770.9,0.2693,107223.2
1753504110589,04:28:30.589,ALGO/USDT:USDT,0.2691,22338.0,0.269,71149.2,0.2692,29770.9,0.2693,107223.2
1753504110701,04:28:30.701,ALGO/USDT:USDT,0.2691,22319.4,0.269,71149.2,0.2692,20770.9,0.2693,107223.2
1753504110848,04:28:30.848,ALGO/USDT:USDT,0.2691,22319.4,0.269,71149.2,0.2692,20770.9,0.2693,107223.2
1753504111127,04:28:31.127,ALGO/USDT:USDT,0.2691,32338.0,0.269,71149.2,0.2692,20770.9,0.2693,107223.2
1753504111256,04:28:31.256,ALGO/USDT:USDT,0.2691,32338.0,0.269,71149.2,0.2692,20770.9,0.2693,107223.2
1753504111386,04:28:31.386,ALGO/USDT:USDT,0.2691,32360.1,0.269,71149.2,0.2692,20770.9,0.2693,107223.2
1753504111526,04:28:31.526,ALGO/USDT:USDT,0.2691,32360.1,0.269,71149.2,0.2692,20770.9,0.2693,107223.2
1753504111659,04:28:31.659,ALGO/USDT:USDT,0.2691,32360.1,0.269,71149.2,0.2692,20770.9,0.2693,107223.2
1753504111802,04:28:31.802,ALGO/USDT:USDT,0.2691,32360.1,0.269,71149.2,0.2692,20770.9,0.2693,107223.2
1753504111926,04:28:31.926,ALGO/USDT:USDT,0.2691,32360.1,0.269,71149.2,0.2692,20770.9,0.2693,107223.2
1753504112059,04:28:32.059,ALGO/USDT:USDT,0.2691,32360.1,0.269,71149.2,0.2692,20770.9,0.2693,107223.2
1753504112218,04:28:32.218,ALGO/USDT:USDT,0.2691,32360.1,0.269,71149.2,0.2692,20770.9,0.2693,107223.2
1753504112326,04:28:32.326,ALGO/USDT:USDT,0.2691,32360.1,0.269,71149.2,0.2692,20770.9,0.2693,107223.2
1753504112459,04:28:32.459,ALGO/USDT:USDT,0.2691,32360.1,0.269,71149.2,0.2692,20770.9,0.2693,107223.2
1753504112598,04:28:32.598,ALGO/USDT:USDT,0.2691,32360.1,0.269,71149.2,0.2692,20770.9,0.2693,107223.2
1753504112726,04:28:32.726,ALGO/USDT:USDT,0.2691,32360.1,0.269,71149.2,0.2692,20770.9,0.2693,107223.2
1753504112858,04:28:32.858,ALGO/USDT:USDT,0.2691,32360.1,0.269,71149.2,0.2692,20770.9,0.2693,107223.2
1753504112961,04:28:32.961,ALGO/USDT:USDT,0.2691,32360.1,0.269,71149.2,0.2692,20770.9,0.2693,107223.2
1753504113127,04:28:33.127,ALGO/USDT:USDT,0.2691,32360.1,0.269,71149.2,0.2692,20770.9,0.2693,107223.2
1753504113260,04:28:33.260,ALGO/USDT:USDT,0.2691,32360.1,0.269,71149.2,0.2692,20770.9,0.2693,107223.2
1753504113401,04:28:33.401,ALGO/USDT:USDT,0.2691,32360.1,0.269,71149.2,0.2692,20770.9,0.2693,107223.2
1753504113660,04:28:33.660,ALGO/USDT:USDT,0.2691,32360.1,0.269,71149.2,0.2692,20770.9,0.2693,107223.2
1753504113902,04:28:33.902,ALGO/USDT:USDT,0.2691,32360.1,0.269,71149.2,0.2692,20770.9,0.2693,107223.2
1753504114018,04:28:34.018,ALGO/USDT:USDT,0.2692,38065.4,0.2691,66977.7,0.2693,47247.9,0.2694,130137.8
1753504114121,04:28:34.121,ALGO/USDT:USDT,0.2692,27327.2,0.2691,65507.6,0.2693,57160.8,0.2694,133839.8
1753504114243,04:28:34.243,ALGO/USDT:USDT,0.2692,26088.0,0.2691,60987.8,0.2693,57903.6,0.2694,135511.1
1753504114359,04:28:34.359,ALGO/USDT:USDT,0.2692,26106.6,0.2691,60987.8,0.2693,57922.2,0.2694,135511.1
1753504114628,04:28:34.628,ALGO/USDT:USDT,0.2692,26106.6,0.2691,60987.8,0.2693,60094.3,0.2694,135511.1
1753504114806,04:28:34.806,ALGO/USDT:USDT,0.2692,26106.6,0.2691,60987.8,0.2693,60094.3,0.2694,135511.1
1753504114922,04:28:34.922,ALGO/USDT:USDT,0.2692,27009.1,0.2691,60802.1,0.2693,60112.9,0.2694,135511.1
1753504115035,04:28:35.035,ALGO/USDT:USDT,0.2692,27027.7,0.2691,60802.1,0.2693,62922.0,0.2694,135511.1
1753504115150,04:28:35.150,ALGO/USDT:USDT,0.2692,27027.7,0.2691,60802.1,0.2693,62922.0,0.2694,135511.1
1753504115259,04:28:35.259,ALGO/USDT:USDT,0.2692,27027.7,0.2691,60802.1,0.2693,62922.0,0.2694,135511.1
1753504115374,04:28:35.374,ALGO/USDT:USDT,0.2692,27027.7,0.2691,60802.1,0.2693,62922.0,0.2694,135511.1
1753504115526,04:28:35.526,ALGO/USDT:USDT,0.2692,27027.7,0.2691,60802.1,0.2693,62922.0,0.2694,135511.1
1753504115659,04:28:35.659,ALGO/USDT:USDT,0.2692,27027.7,0.2691,60802.1,0.2693,62922.0,0.2694,135511.1
1753504115837,04:28:35.837,ALGO/USDT:USDT,0.2692,27027.7,0.2691,60802.1,0.2693,62922.0,0.2694,135511.1
1753504116059,04:28:36.059,ALGO/USDT:USDT,0.2692,27027.7,0.2691,60802.1,0.2693,62940.6,0.2694,135511.1
1753504116297,04:28:36.297,ALGO/USDT:USDT,0.2692,27027.7,0.2691,60696.0,0.2693,62940.6,0.2694,135511.1
1753504116399,04:28:36.399,ALGO/USDT:USDT,0.2692,27050.0,0.2691,60673.9,0.2693,62940.6,0.2694,135511.1
1753504116859,04:28:36.859,ALGO/USDT:USDT,0.2692,27156.1,0.2691,59503.9,0.2693,47283.7,0.2694,138667.1
1753504116967,04:28:36.967,ALGO/USDT:USDT,0.2692,29692.4,0.2691,59503.9,0.2693,43756.7,0.2694,138667.1
1753504117126,04:28:37.126,ALGO/USDT:USDT,0.2692,38692.4,0.2691,59503.9,0.2693,43756.7,0.2694,138667.1
1753504117230,04:28:37.230,ALGO/USDT:USDT,0.2692,42483.1,0.2691,59503.9,0.2693,43013.9,0.2694,136810.1
1753504117348,04:28:37.348,ALGO/USDT:USDT,0.2692,42483.1,0.2691,59503.9,0.2693,43013.9,0.2694,136810.1
1753504117454,04:28:37.454,ALGO/USDT:USDT,0.2692,37756.1,0.2691,59503.9,0.2693,47283.7,0.2694,138667.1
1753504117561,04:28:37.561,ALGO/USDT:USDT,0.2692,27549.6,0.2691,59110.4,0.2693,47283.7,0.2694,138667.1
1753504117743,04:28:37.743,ALGO/USDT:USDT,0.2692,20068.7,0.2691,59110.4,0.2693,47283.7,0.2694,138667.1
1753504117918,04:28:37.918,ALGO/USDT:USDT,0.2692,20068.7,0.2691,59110.4,0.2693,47283.7,0.2694,140149.2
1753504118060,04:28:38.060,ALGO/USDT:USDT,0.2692,20068.7,0.2691,59110.4,0.2693,55265.1,0.2694,140149.2
1753504118311,04:28:38.311,ALGO/USDT:USDT,0.2692,19304.8,0.2691,59110.4,0.2693,55265.1,0.2694,140149.2
1753504118427,04:28:38.427,ALGO/USDT:USDT,0.2692,19305.1,0.2691,59110.4,0.2693,47283.7,0.2694,140149.2
1753504118529,04:28:38.529,ALGO/USDT:USDT,0.2692,19305.1,0.2691,59110.4,0.2693,47283.7,0.2694,140149.2
1753504118726,04:28:38.726,ALGO/USDT:USDT,0.2692,20622.8,0.2691,59110.4,0.2693,45947.4,0.2694,140149.2
1753504118860,04:28:38.860,ALGO/USDT:USDT,0.2692,20622.8,0.2691,59110.4,0.2693,45947.4,0.2694,140149.2
1753504119004,04:28:39.004,ALGO/USDT:USDT,0.2692,19305.1,0.2691,59110.4,0.2693,47306.0,0.2694,140149.2
1753504119107,04:28:39.107,ALGO/USDT:USDT,0.2692,19305.1,0.2691,59110.4,0.2693,47306.0,0.2694,140149.2
1753504119229,04:28:39.229,ALGO/USDT:USDT,0.2692,19305.1,0.2691,59110.4,0.2693,47306.0,0.2694,140149.2
1753504119337,04:28:39.337,ALGO/USDT:USDT,0.2692,19331.5,0.2691,59083.7,0.2693,45988.3,0.2694,140149.2
1753504119438,04:28:39.438,ALGO/USDT:USDT,0.2692,19331.5,0.2691,59083.7,0.2693,47335.4,0.2694,140149.2
1753504119580,04:28:39.580,ALGO/USDT:USDT,0.2692,25639.9,0.2691,60295.7,0.2693,18431.2,0.2694,141848.0
1753504119681,04:28:39.681,ALGO/USDT:USDT,0.2692,22131.5,0.2691,70696.1,0.2693,10424.2,0.2694,142748.0
1753504119859,04:28:39.859,ALGO/USDT:USDT,0.2692,23301.5,0.2691,69526.1,0.2693,8173.8,0.2694,141848.0
1753504120059,04:28:40.059,ALGO/USDT:USDT,0.2692,40637.8,0.2691,69526.1,0.2693,10194.4,0.2694,141848.0
1753504120160,04:28:40.160,ALGO/USDT:USDT,0.2692,39281.3,0.2691,69526.1,0.2693,11530.7,0.2694,141848.0
1753504120262,04:28:40.262,ALGO/USDT:USDT,0.2692,39301.6,0.2691,69526.1,0.2693,13702.8,0.2694,141848.0
1753504120398,04:28:40.398,ALGO/USDT:USDT,0.2692,39302.0,0.2691,69526.1,0.2693,13721.4,0.2694,141848.0
1753504120580,04:28:40.580,ALGO/USDT:USDT,0.2692,40639.5,0.2691,69526.1,0.2693,10194.4,0.2694,141848.0
1753504120702,04:28:40.702,ALGO/USDT:USDT,0.2692,40776.3,0.2691,69526.1,0.2693,10194.4,0.2694,141848.0
1753504120834,04:28:40.834,ALGO/USDT:USDT,0.2692,42967.0,0.2691,71238.7,0.2693,3497.5,0.2694,129986.7
1753504120941,04:28:40.941,ALGO/USDT:USDT,0.2692,42967.0,0.2691,71238.7,0.2693,7651.1,0.2694,129986.7
1753504121048,04:28:41.048,ALGO/USDT:USDT,0.2692,40776.3,0.2691,71238.7,0.2693,7731.0,0.2694,128323.1
1753504121152,04:28:41.152,ALGO/USDT:USDT,0.2692,39440.0,0.2691,71238.7,0.2693,9048.7,0.2694,123547.7
1753504121260,04:28:41.260,ALGO/USDT:USDT,0.2692,40776.0,0.2691,71238.7,0.2693,7731.0,0.2694,123547.7
1753504121361,04:28:41.361,ALGO/USDT:USDT,0.2692,42966.7,0.2691,71238.7,0.2693,7731.0,0.2694,123547.7
1753504121526,04:28:41.526,ALGO/USDT:USDT,0.2692,42966.7,0.2691,71238.7,0.2693,7731.0,0.2694,123547.7
1753504121659,04:28:41.659,ALGO/USDT:USDT,0.2692,42966.7,0.2691,71238.7,0.2693,7731.0,0.2694,123547.7
1753504121803,04:28:41.803,ALGO/USDT:USDT,0.2692,42966.7,0.2691,71238.7,0.2693,7731.0,0.2694,123547.7
1753504121926,04:28:41.926,ALGO/USDT:USDT,0.2692,42966.7,0.2691,71238.7,0.2693,7731.0,0.2694,123547.7
1753504122060,04:28:42.060,ALGO/USDT:USDT,0.2692,45845.2,0.2691,71238.7,0.2693,7731.0,0.2694,123547.7
1753504122199,04:28:42.199,ALGO/USDT:USDT,0.2692,45845.2,0.2691,71238.7,0.2693,7731.0,0.2694,123547.7
1753504122327,04:28:42.327,ALGO/USDT:USDT,0.2692,45845.2,0.2691,71238.7,0.2693,7731.0,0.2694,123547.7
1753504122438,04:28:42.438,ALGO/USDT:USDT,0.2692,45862.8,0.2691,71238.7,0.2693,7731.0,0.2694,123547.7
1753504122702,04:28:42.702,ALGO/USDT:USDT,0.2692,45862.8,0.2691,71238.7,0.2693,7731.0,0.2694,123547.7
1753504122859,04:28:42.859,ALGO/USDT:USDT,0.2692,45862.8,0.2691,71238.7,0.2693,7731.0,0.2694,125017.3
1753504122961,04:28:42.961,ALGO/USDT:USDT,0.2692,45862.8,0.2691,71238.7,0.2693,7731.0,0.2694,125017.3
1753504123126,04:28:43.126,ALGO/USDT:USDT,0.2692,45862.8,0.2691,71238.7,0.2693,7731.0,0.2694,125017.3
1753504123259,04:28:43.259,ALGO/USDT:USDT,0.2692,45862.8,0.2691,71238.7,0.2693,7731.0,0.2694,125017.3
1753504123370,04:28:43.370,ALGO/USDT:USDT,0.2693,18901.9,0.2692,54023.8,0.2694,39302.0,0.2695,148500.4
1753504123473,04:28:43.473,ALGO/USDT:USDT,0.2693,18901.9,0.2692,53678.9,0.2694,39927.4,0.2695,148450.2
1753504123577,04:28:43.577,ALGO/USDT:USDT,0.2693,18901.9,0.2692,53678.9,0.2694,38591.1,0.2695,148450.2
1753504123707,04:28:43.707,ALGO/USDT:USDT,0.2693,147.4,0.2692,52251.5,0.2694,48536.7,0.2695,151977.1
1753504123808,04:28:43.808,ALGO/USDT:USDT,0.2692,26880.2,0.2691,75610.6,0.2693,26612.8,0.2694,122504.0
1753504123921,04:28:43.921,ALGO/USDT:USDT,0.2692,26941.5,0.2691,75610.6,0.2693,25337.8,0.2694,120687.9
1753504124046,04:28:44.046,ALGO/USDT:USDT,0.2692,39277.8,0.2691,75610.6,0.2693,25337.8,0.2694,120687.9
1753504124247,04:28:44.247,ALGO/USDT:USDT,0.2692,39277.8,0.2691,75610.6,0.2693,25337.8,0.2694,124390.5
1753504124373,04:28:44.373,ALGO/USDT:USDT,0.2692,26960.1,0.2691,75610.6,0.2693,27973.5,0.2694,124390.5
1753504124556,04:28:44.556,ALGO/USDT:USDT,0.2692,25360.1,0.2691,75610.6,0.2693,27992.1,0.2694,124390.5
1753504124658,04:28:44.658,ALGO/USDT:USDT,0.2692,24160.1,0.2691,75610.6,0.2693,27992.1,0.2694,124390.5
1753504124799,04:28:44.799,ALGO/USDT:USDT,0.2692,25477.8,0.2691,75610.6,0.2693,26655.8,0.2694,124390.5
1753504124902,04:28:44.902,ALGO/USDT:USDT,0.2692,25477.8,0.2691,75610.6,0.2693,26655.8,0.2694,124390.5
1753504125028,04:28:45.028,ALGO/USDT:USDT,0.2692,24141.5,0.2691,75610.6,0.2693,43973.5,0.2694,124390.5
1753504125134,04:28:45.134,ALGO/USDT:USDT,0.2692,25496.4,0.2691,75610.6,0.2693,42655.8,0.2694,124390.5
1753504125259,04:28:45.259,ALGO/USDT:USDT,0.2692,27668.5,0.2691,75610.6,0.2693,26655.8,0.2694,120121.1
1753504125420,04:28:45.420,ALGO/USDT:USDT,0.2692,27668.5,0.2691,75610.6,0.2693,26655.8,0.2694,120121.1
1753504125526,04:28:45.526,ALGO/USDT:USDT,0.2692,27668.5,0.2691,75610.6,0.2693,26655.8,0.2694,120121.1
1753504125659,04:28:45.659,ALGO/USDT:USDT,0.2692,25496.4,0.2691,75610.6,0.2693,26655.8,0.2694,120121.1
1753504125926,04:28:45.926,ALGO/USDT:USDT,0.2692,25496.4,0.2691,75610.6,0.2693,26655.8,0.2694,120121.1
1753504126056,04:28:46.056,ALGO/USDT:USDT,0.2692,24160.1,0.2691,75610.6,0.2693,41992.1,0.2694,120121.1
1753504126175,04:28:46.175,ALGO/USDT:USDT,0.2692,25477.8,0.2691,75610.6,0.2693,41992.1,0.2694,120121.1
1753504126286,04:28:46.286,ALGO/USDT:USDT,0.2692,25497.6,0.2691,75610.6,0.2693,26655.8,0.2694,120121.1
1753504126449,04:28:46.449,ALGO/USDT:USDT,0.2692,25497.7,0.2691,75610.6,0.2693,26723.9,0.2694,116350.4
1753504126559,04:28:46.559,ALGO/USDT:USDT,0.2692,27669.8,0.2691,75610.6,0.2693,26723.9,0.2694,116350.4
1753504126827,04:28:46.827,ALGO/USDT:USDT,0.2692,27763.0,0.2691,76780.6,0.2693,26723.9,0.2694,117250.4
1753504126978,04:28:46.978,ALGO/USDT:USDT,0.2692,36763.0,0.2691,76780.6,0.2693,26723.9,0.2694,117250.4
1753504127084,04:28:47.084,ALGO/USDT:USDT,0.2692,36763.0,0.2691,76780.6,0.2693,26723.9,0.2694,117250.4
1753504127198,04:28:47.198,ALGO/USDT:USDT,0.2692,36741.8,0.2691,76780.6,0.2693,26723.9,0.2694,117250.4
1753504127322,04:28:47.322,ALGO/USDT:USDT,0.2692,36744.3,0.2691,76780.6,0.2693,26723.9,0.2694,115893.3
1753504127495,04:28:47.495,ALGO/USDT:USDT,0.2692,36763.1,0.2691,76780.6,0.2693,26723.9,0.2694,115893.3
1753504127659,04:28:47.659,ALGO/USDT:USDT,0.2692,36763.1,0.2691,76780.6,0.2693,26723.9,0.2694,115893.3
1753504127812,04:28:47.812,ALGO/USDT:USDT,0.2692,36763.1,0.2691,76780.6,0.2693,26723.9,0.2694,115893.3
1753504127926,04:28:47.926,ALGO/USDT:USDT,0.2692,36763.1,0.2691,76780.6,0.2693,26723.9,0.2694,115893.3
1753504128059,04:28:48.059,ALGO/USDT:USDT,0.2692,36763.1,0.2691,76780.6,0.2693,26723.9,0.2694,117401.4
1753504128175,04:28:48.175,ALGO/USDT:USDT,0.2692,34572.4,0.2691,76780.6,0.2693,26743.4,0.2694,117401.4
1753504128301,04:28:48.301,ALGO/USDT:USDT,0.2692,33236.1,0.2691,76780.6,0.2693,30270.4,0.2694,115210.7
1753504128431,04:28:48.431,ALGO/USDT:USDT,0.2692,33829.8,0.2691,76780.6,0.2693,26743.4,0.2694,115210.7
1753504128578,04:28:48.578,ALGO/USDT:USDT,0.2692,36001.9,0.2691,76780.6,0.2693,26743.4,0.2694,115210.7
1753504128685,04:28:48.685,ALGO/USDT:USDT,0.2692,33829.8,0.2691,76780.6,0.2693,28079.7,0.2694,115210.7
1753504128787,04:28:48.787,ALGO/USDT:USDT,0.2692,33829.8,0.2691,76780.6,0.2693,28079.7,0.2694,115210.7
1753504128947,04:28:48.947,ALGO/USDT:USDT,0.2692,22293.5,0.2691,76780.6,0.2693,38079.7,0.2694,115210.7
1753504129112,04:28:49.112,ALGO/USDT:USDT,0.2692,23611.2,0.2691,76780.6,0.2693,38079.7,0.2694,115210.7
1753504129235,04:28:49.235,ALGO/USDT:USDT,0.2692,23611.2,0.2691,76780.6,0.2693,38079.7,0.2694,115210.7
1753504129353,04:28:49.353,ALGO/USDT:USDT,0.2692,27020.5,0.2691,76780.6,0.2693,26743.4,0.2694,113725.7
1753504129510,04:28:49.510,ALGO/USDT:USDT,0.2692,27020.5,0.2691,76780.6,0.2693,26743.4,0.2694,113725.7
1753504129660,04:28:49.660,ALGO/USDT:USDT,0.2692,27020.5,0.2691,76780.6,0.2693,26743.4,0.2694,113725.7
1753504129853,04:28:49.853,ALGO/USDT:USDT,0.2692,27020.5,0.2691,76780.6,0.2693,26743.4,0.2694,113725.7
1753504130010,04:28:50.010,ALGO/USDT:USDT,0.2692,44190.5,0.2691,76295.0,0.2693,26743.4,0.2694,112825.7
1753504130130,04:28:50.130,ALGO/USDT:USDT,0.2692,44190.5,0.2691,76295.0,0.2693,26743.4,0.2694,112825.7
1753504130302,04:28:50.302,ALGO/USDT:USDT,0.2692,44190.5,0.2691,76295.0,0.2693,26743.4,0.2694,112825.7
1753504130457,04:28:50.457,ALGO/USDT:USDT,0.2692,44190.5,0.2691,76295.0,0.2693,26743.4,0.2694,112825.7
1753504130605,04:28:50.605,ALGO/USDT:USDT,0.2692,44190.5,0.2691,76295.0,0.2693,26743.4,0.2694,112825.7
1753504130723,04:28:50.723,ALGO/USDT:USDT,0.2692,44256.8,0.2691,76295.0,0.2693,26743.4,0.2694,112825.7
1753504130859,04:28:50.859,ALGO/USDT:USDT,0.2692,44256.8,0.2691,76295.0,0.2693,26743.4,0.2694,112825.7
1753504131001,04:28:51.001,ALGO/USDT:USDT,0.2692,44256.8,0.2691,76295.0,0.2693,26743.4,0.2694,112825.7
1753504131126,04:28:51.126,ALGO/USDT:USDT,0.2692,44256.8,0.2691,76295.0,0.2693,26743.4,0.2694,112825.7
1753504131259,04:28:51.259,ALGO/USDT:USDT,0.2692,44256.8,0.2691,76295.0,0.2693,26743.4,0.2694,112825.7
1753504131387,04:28:51.387,ALGO/USDT:USDT,0.2692,44256.6,0.2691,76295.0,0.2693,26743.4,0.2694,112825.7
1753504131502,04:28:51.502,ALGO/USDT:USDT,0.2692,44256.6,0.2691,76295.0,0.2693,26743.4,0.2694,112825.7
1753504131660,04:28:51.660,ALGO/USDT:USDT,0.2692,44256.6,0.2691,76295.0,0.2693,26743.4,0.2694,112825.7
1753504131806,04:28:51.806,ALGO/USDT:USDT,0.2692,44256.6,0.2691,76666.1,0.2693,26743.4,0.2694,112825.7
1753504131909,04:28:51.909,ALGO/USDT:USDT,0.2692,44256.6,0.2691,76666.1,0.2693,26743.4,0.2694,112825.7
1753504132042,04:28:52.042,ALGO/USDT:USDT,0.2692,44256.6,0.2691,76666.1,0.2693,26743.4,0.2694,108281.1
1753504132179,04:28:52.179,ALGO/USDT:USDT,0.2692,44256.6,0.2691,76666.1,0.2693,26743.4,0.2694,108281.1
1753504132327,04:28:52.327,ALGO/USDT:USDT,0.2692,44256.6,0.2691,76666.1,0.2693,26743.4,0.2694,108281.1
1753504132459,04:28:52.459,ALGO/USDT:USDT,0.2692,44256.5,0.2691,76666.1,0.2693,26767.4,0.2694,108281.1
1753504132577,04:28:52.577,ALGO/USDT:USDT,0.2692,44256.5,0.2691,76666.1,0.2693,26767.4,0.2694,108281.1
1753504132721,04:28:52.721,ALGO/USDT:USDT,0.2692,44276.1,0.2691,76666.1,0.2693,26767.4,0.2694,108281.1
1753504132859,04:28:52.859,ALGO/USDT:USDT,0.2692,44276.1,0.2691,76666.1,0.2693,26767.4,0.2694,108281.1
1753504133002,04:28:53.002,ALGO/USDT:USDT,0.2692,44276.1,0.2691,76666.1,0.2693,26767.4,0.2694,108281.1
1753504133126,04:28:53.126,ALGO/USDT:USDT,0.2692,44276.1,0.2691,76666.1,0.2693,26767.4,0.2694,108281.1
1753504133260,04:28:53.260,ALGO/USDT:USDT,0.2692,44276.3,0.2691,76666.1,0.2693,26767.4,0.2694,108281.1
1753504133381,04:28:53.381,ALGO/USDT:USDT,0.2692,44276.3,0.2691,76666.1,0.2693,26767.4,0.2694,108281.1
1753504133526,04:28:53.526,ALGO/USDT:USDT,0.2692,44276.3,0.2691,76666.1,0.2693,26767.4,0.2694,108281.1
1753504133659,04:28:53.659,ALGO/USDT:USDT,0.2692,44276.3,0.2691,76666.1,0.2693,26767.4,0.2694,108281.1
1753504133927,04:28:53.927,ALGO/USDT:USDT,0.2692,44276.3,0.2691,76666.1,0.2693,26767.4,0.2694,108281.1
1753504134059,04:28:54.059,ALGO/USDT:USDT,0.2692,44276.3,0.2691,76666.1,0.2693,26767.4,0.2694,108281.1
1753504134326,04:28:54.326,ALGO/USDT:USDT,0.2692,44276.3,0.2691,76666.1,0.2693,26767.4,0.2694,108281.1
1753504134459,04:28:54.459,ALGO/USDT:USDT,0.2692,44276.6,0.2691,76666.1,0.2693,26767.4,0.2694,108281.1
1753504134692,04:28:54.692,ALGO/USDT:USDT,0.2692,44276.6,0.2691,76666.1,0.2693,14498.0,0.2694,108281.1
1753504134859,04:28:54.859,ALGO/USDT:USDT,0.2692,44276.6,0.2691,76666.1,0.2693,14498.0,0.2694,108281.1
1753504135126,04:28:55.126,ALGO/USDT:USDT,0.2692,44276.6,0.2691,76666.1,0.2693,14498.0,0.2694,108281.1
1753504135259,04:28:55.259,ALGO/USDT:USDT,0.2692,44276.6,0.2691,76666.1,0.2693,14498.0,0.2694,108281.1
1753504135511,04:28:55.511,ALGO/USDT:USDT,0.2692,44276.6,0.2691,76666.1,0.2693,14498.0,0.2694,108281.1
1753504135659,04:28:55.659,ALGO/USDT:USDT,0.2692,44276.6,0.2691,76666.1,0.2693,14498.0,0.2694,108281.1
1753504135776,04:28:55.776,ALGO/USDT:USDT,0.2692,44276.6,0.2691,76666.1,0.2693,9081.6,0.2694,108281.1
1753504135926,04:28:55.926,ALGO/USDT:USDT,0.2692,44276.6,0.2691,77037.2,0.2693,9081.6,0.2694,108281.1
1753504136032,04:28:56.032,ALGO/USDT:USDT,0.2692,44276.6,0.2691,77037.2,0.2693,9081.6,0.2694,108281.1
1753504136317,04:28:56.317,ALGO/USDT:USDT,0.2692,44276.6,0.2691,77037.2,0.2693,9081.6,0.2694,108281.1
1753504136460,04:28:56.460,ALGO/USDT:USDT,0.2692,44276.6,0.2691,77037.2,0.2693,9081.6,0.2694,108281.1
1753504136726,04:28:56.726,ALGO/USDT:USDT,0.2692,43106.6,0.2691,77037.2,0.2693,9081.6,0.2694,108281.1
1753504136827,04:28:56.827,ALGO/USDT:USDT,0.2692,43106.6,0.2691,78207.2,0.2693,9100.2,0.2694,109181.1
1753504137001,04:28:57.001,ALGO/USDT:USDT,0.2692,43106.6,0.2691,78207.2,0.2693,9100.2,0.2694,109181.1
1753504137126,04:28:57.126,ALGO/USDT:USDT,0.2692,43106.6,0.2691,78207.2,0.2693,9100.2,0.2694,109181.1
1753504137259,04:28:57.259,ALGO/USDT:USDT,0.2692,43106.6,0.2691,78207.2,0.2693,9100.2,0.2694,109181.1
1753504137383,04:28:57.383,ALGO/USDT:USDT,0.2692,43106.6,0.2691,78207.2,0.2693,9100.2,0.2694,109181.1
1753504137485,04:28:57.485,ALGO/USDT:USDT,0.2692,43106.6,0.2691,78207.2,0.2693,9100.2,0.2694,109181.1
1753504137659,04:28:57.659,ALGO/USDT:USDT,0.2692,43106.6,0.2691,78207.2,0.2693,9100.2,0.2694,109181.1
1753504137804,04:28:57.804,ALGO/USDT:USDT,0.2692,43106.6,0.2691,78207.2,0.2693,9100.2,0.2694,109181.1
1753504137926,04:28:57.926,ALGO/USDT:USDT,0.2692,43106.6,0.2691,78207.2,0.2693,9100.2,0.2694,109181.1
1753504138059,04:28:58.059,ALGO/USDT:USDT,0.2692,43106.6,0.2691,78207.2,0.2693,9100.2,0.2694,109181.1
1753504138326,04:28:58.326,ALGO/USDT:USDT,0.2692,43106.6,0.2691,78207.2,0.2693,9100.2,0.2694,109181.1
1753504138459,04:28:58.459,ALGO/USDT:USDT,0.2692,43106.6,0.2691,78207.2,0.2693,9100.2,0.2694,109181.1
1753504138727,04:28:58.727,ALGO/USDT:USDT,0.2692,43106.6,0.2691,78207.2,0.2693,9100.2,0.2694,109181.1
1753504138859,04:28:58.859,ALGO/USDT:USDT,0.2692,43106.6,0.2691,78207.2,0.2693,9100.2,0.2694,109181.1
1753504139005,04:28:59.005,ALGO/USDT:USDT,0.2692,40915.9,0.2691,78207.2,0.2693,9823.0,0.2694,113464.9
1753504139107,04:28:59.107,ALGO/USDT:USDT,0.2692,39579.6,0.2691,78207.2,0.2693,9073.3,0.2694,113464.9
1753504139218,04:28:59.218,ALGO/USDT:USDT,0.2692,43106.6,0.2691,78207.2,0.2693,8551.2,0.2694,113464.9
1753504139475,04:28:59.475,ALGO/USDT:USDT,0.2692,43106.6,0.2691,78207.2,0.2693,5676.0,0.2694,113464.9
1753504139622,04:28:59.622,ALGO/USDT:USDT,0.2692,43106.6,0.2691,78207.2,0.2693,5676.0,0.2694,113464.9
1753504139779,04:28:59.779,ALGO/USDT:USDT,0.2692,43313.3,0.2691,77037.2,0.2693,7529.1,0.2694,112564.9
1753504139927,04:28:59.927,ALGO/USDT:USDT,0.2692,43313.3,0.2691,77037.2,0.2693,3418.2,0.2694,112564.9
1753504140033,04:29:00.033,ALGO/USDT:USDT,0.2692,43313.3,0.2691,77037.2,0.2693,3418.2,0.2694,112564.9
1753504140156,04:29:00.156,ALGO/USDT:USDT,0.2692,43313.3,0.2691,77037.2,0.2693,3418.2,0.2694,112564.9
1753504140301,04:29:00.301,ALGO/USDT:USDT,0.2692,43313.3,0.2691,77408.6,0.2693,3418.2,0.2694,112564.9
1753504140436,04:29:00.436,ALGO/USDT:USDT,0.2692,43313.3,0.2691,77408.6,0.2693,3418.2,0.2694,108281.1
1753504140601,04:29:00.601,ALGO/USDT:USDT,0.2692,43313.3,0.2691,78138.2,0.2693,3418.2,0.2694,108281.1
1753504140727,04:29:00.727,ALGO/USDT:USDT,0.2692,43313.3,0.2691,78138.2,0.2693,3418.2,0.2694,108281.1
1753504140859,04:29:00.859,ALGO/USDT:USDT,0.2692,43682.6,0.2691,78138.2,0.2693,3418.2,0.2694,108281.1
1753504140981,04:29:00.981,ALGO/USDT:USDT,0.2692,43682.6,0.2691,78138.2,0.2693,3418.2,0.2694,108281.1
1753504141127,04:29:01.127,ALGO/USDT:USDT,0.2692,44421.2,0.2691,78138.2,0.2693,3418.2,0.2694,108281.1
1753504141260,04:29:01.260,ALGO/USDT:USDT,0.2692,45941.7,0.2691,78509.1,0.2693,3418.2,0.2694,108281.1
1753504141362,04:29:01.362,ALGO/USDT:USDT,0.2692,45960.3,0.2691,78602.4,0.2693,3418.2,0.2694,108281.1
1753504141465,04:29:01.465,ALGO/USDT:USDT,0.2692,29221.7,0.2691,78602.4,0.2693,25400.2,0.2694,112469.5
1753504141570,04:29:01.570,ALGO/USDT:USDT,0.2692,29663.9,0.2691,77861.0,0.2693,25381.6,0.2694,112469.5
1753504141797,04:29:01.797,ALGO/USDT:USDT,0.2692,27473.2,0.2691,77861.0,0.2693,25400.2,0.2694,112469.5
1753504142059,04:29:02.059,ALGO/USDT:USDT,0.2692,29645.3,0.2691,77489.9,0.2693,25400.2,0.2694,112469.5
1753504142161,04:29:02.161,ALGO/USDT:USDT,0.2692,29663.9,0.2691,77489.9,0.2693,8551.2,0.2694,112469.5
1753504142313,04:29:02.313,ALGO/USDT:USDT,0.2692,27473.2,0.2691,77489.9,0.2693,19887.5,0.2694,112469.5
1753504142451,04:29:02.451,ALGO/USDT:USDT,0.2692,27104.2,0.2691,77119.0,0.2693,19887.5,0.2694,112469.5
