timestamp,time,symbol,bid1_price,bid1_volume,bid2_price,bid2_volume,ask1_price,ask1_volume,ask2_price,ask2_volume
1753504006354,04:26:46.354,AAVE/USDT:USDT,297.57,0.5,297.55,0.5,297.58,0.8,297.59,141.6
1753504006504,04:26:46.504,AAVE/USDT:USDT,297.57,0.5,297.56,1.5,297.58,0.8,297.59,141.6
1753504006654,04:26:46.654,AAVE/USDT:USDT,297.57,0.5,297.55,0.5,297.58,0.5,297.59,141.6
1753504006805,04:26:46.805,AAVE/USDT:USDT,297.57,0.8,297.55,0.5,297.58,4.4,297.59,141.6
1753504006955,04:26:46.955,AAVE/USDT:USDT,297.57,0.5,297.55,0.5,297.58,4.4,297.59,141.6
1753504007405,04:26:47.405,AAVE/USDT:USDT,297.55,0.5,297.54,0.5,297.56,1.1,297.58,4.4
1753504007555,04:26:47.555,AAVE/USDT:USDT,297.55,1.5,297.54,2.0,297.56,1.1,297.58,4.4
1753504007705,04:26:47.705,AAVE/USDT:USDT,297.55,1.8,297.54,2.0,297.56,1.1,297.58,8.1
1753504007855,04:26:47.855,AAVE/USDT:USDT,297.55,1.8,297.54,2.2,297.56,1.1,297.58,8.1
1753504008005,04:26:48.005,AAVE/USDT:USDT,297.55,1.8,297.54,2.2,297.56,1.1,297.58,8.1
1753504008155,04:26:48.155,AAVE/USDT:USDT,297.55,1.8,297.54,2.2,297.56,1.1,297.58,8.1
1753504008305,04:26:48.305,AAVE/USDT:USDT,297.55,1.8,297.54,2.2,297.56,1.1,297.58,8.1
1753504008456,04:26:48.456,AAVE/USDT:USDT,297.55,1.8,297.54,2.2,297.56,0.5,297.58,8.1
1753504008606,04:26:48.606,AAVE/USDT:USDT,297.55,1.8,297.54,2.2,297.56,0.5,297.58,8.1
1753504008756,04:26:48.756,AAVE/USDT:USDT,297.55,1.8,297.54,2.2,297.56,0.5,297.58,8.1
1753504008906,04:26:48.906,AAVE/USDT:USDT,297.55,1.8,297.54,2.2,297.56,0.5,297.58,8.1
1753504009056,04:26:49.056,AAVE/USDT:USDT,297.55,1.8,297.54,2.2,297.58,8.1,297.59,141.1
1753504009206,04:26:49.206,AAVE/USDT:USDT,297.57,0.5,297.55,0.8,297.58,1.4,297.59,141.1
1753504009356,04:26:49.356,AAVE/USDT:USDT,297.57,0.5,297.55,0.8,297.58,1.4,297.59,141.1
1753504009506,04:26:49.506,AAVE/USDT:USDT,297.57,0.5,297.55,0.8,297.58,1.4,297.59,141.1
1753504009656,04:26:49.656,AAVE/USDT:USDT,297.55,0.8,297.54,2.0,297.58,1.4,297.59,141.1
1753504009806,04:26:49.806,AAVE/USDT:USDT,297.55,0.8,297.54,2.0,297.56,0.5,297.58,1.4
1753504009956,04:26:49.956,AAVE/USDT:USDT,297.55,0.8,297.54,3.0,297.56,0.5,297.58,7.8
1753504010106,04:26:50.106,AAVE/USDT:USDT,297.55,0.8,297.54,3.0,297.56,0.5,297.58,7.8
1753504010257,04:26:50.257,AAVE/USDT:USDT,297.55,0.8,297.54,3.0,297.56,0.5,297.58,7.8
1753504010407,04:26:50.407,AAVE/USDT:USDT,297.59,25.8,297.58,2.0,297.62,0.1,297.66,11.2
1753504010556,04:26:50.556,AAVE/USDT:USDT,297.61,8.9,297.6,1.0,297.62,0.1,297.66,4.2
1753504010707,04:26:50.707,AAVE/USDT:USDT,297.61,6.9,297.6,1.0,297.62,0.1,297.64,91.6
1753504010857,04:26:50.857,AAVE/USDT:USDT,297.61,7.1,297.6,1.0,297.62,0.1,297.64,91.6
1753504011007,04:26:51.007,AAVE/USDT:USDT,297.61,7.1,297.6,1.0,297.62,0.1,297.64,91.6
1753504011157,04:26:51.157,AAVE/USDT:USDT,297.61,7.1,297.6,1.0,297.62,0.1,297.64,91.6
1753504011307,04:26:51.307,AAVE/USDT:USDT,297.63,26.6,297.62,3.9,297.64,91.6,297.65,0.3
1753504011457,04:26:51.457,AAVE/USDT:USDT,297.63,26.6,297.62,3.9,297.64,91.6,297.65,0.3
1753504011607,04:26:51.607,AAVE/USDT:USDT,297.63,26.6,297.62,3.9,297.64,91.6,297.66,1.6
1753504011757,04:26:51.757,AAVE/USDT:USDT,297.63,29.1,297.62,3.4,297.64,91.6,297.68,42.7
1753504011907,04:26:51.907,AAVE/USDT:USDT,297.63,27.1,297.62,3.6,297.64,91.6,297.67,8.7
1753504012058,04:26:52.058,AAVE/USDT:USDT,297.63,30.1,297.62,3.6,297.64,91.6,297.67,8.7
1753504012208,04:26:52.208,AAVE/USDT:USDT,297.63,30.1,297.62,3.6,297.64,91.6,297.67,8.7
1753504012358,04:26:52.358,AAVE/USDT:USDT,297.63,30.1,297.62,3.6,297.64,91.6,297.67,8.7
1753504012658,04:26:52.658,AAVE/USDT:USDT,297.63,30.1,297.62,3.6,297.64,91.6,297.67,8.7
1753504012808,04:26:52.808,AAVE/USDT:USDT,297.63,30.1,297.62,3.6,297.64,91.6,297.67,8.7
1753504012958,04:26:52.958,AAVE/USDT:USDT,297.63,30.1,297.62,3.6,297.64,91.6,297.68,50.0
1753504013108,04:26:53.108,AAVE/USDT:USDT,297.66,2.7,297.65,0.3,297.67,92.1,297.68,42.4
1753504013258,04:26:53.258,AAVE/USDT:USDT,297.66,3.0,297.65,1.5,297.67,92.1,297.68,42.9
1753504013408,04:26:53.408,AAVE/USDT:USDT,297.63,30.2,297.62,1.9,297.67,92.1,297.68,42.9
1753504013558,04:26:53.558,AAVE/USDT:USDT,297.63,26.3,297.62,1.9,297.64,1.1,297.67,3.1
1753504013708,04:26:53.708,AAVE/USDT:USDT,297.63,25.8,297.62,1.9,297.64,1.4,297.66,8.2
1753504013859,04:26:53.859,AAVE/USDT:USDT,297.61,0.7,297.59,30.8,297.62,0.5,297.64,1.4
1753504014009,04:26:54.009,AAVE/USDT:USDT,297.61,0.7,297.6,1.2,297.62,0.8,297.64,7.8
1753504014159,04:26:54.159,AAVE/USDT:USDT,297.61,1.0,297.59,30.8,297.62,1.4,297.64,7.8
1753504014309,04:26:54.309,AAVE/USDT:USDT,297.61,1.0,297.59,30.8,297.62,1.4,297.64,7.8
1753504014459,04:26:54.459,AAVE/USDT:USDT,297.61,1.0,297.6,2.5,297.62,1.4,297.64,7.8
1753504014609,04:26:54.609,AAVE/USDT:USDT,297.61,1.0,297.6,2.5,297.62,1.1,297.64,7.8
1753504014759,04:26:54.759,AAVE/USDT:USDT,297.61,1.5,297.6,2.5,297.62,1.1,297.64,7.8
1753504014909,04:26:54.909,AAVE/USDT:USDT,297.61,1.5,297.6,2.5,297.62,1.4,297.64,7.8
1753504015059,04:26:55.059,AAVE/USDT:USDT,297.61,1.5,297.6,1.0,297.62,0.8,297.64,7.8
1753504015209,04:26:55.209,AAVE/USDT:USDT,297.61,1.5,297.6,1.0,297.62,0.5,297.64,7.8
1753504015359,04:26:55.359,AAVE/USDT:USDT,297.61,1.5,297.6,1.0,297.62,0.5,297.64,7.8
1753504015509,04:26:55.509,AAVE/USDT:USDT,297.61,1.5,297.6,1.0,297.62,0.5,297.64,1.1
1753504015660,04:26:55.660,AAVE/USDT:USDT,297.61,3.5,297.6,2.5,297.64,0.5,297.66,9.8
1753504015810,04:26:55.810,AAVE/USDT:USDT,297.63,0.8,297.62,1.9,297.64,0.5,297.66,9.8
1753504015960,04:26:55.960,AAVE/USDT:USDT,297.63,0.8,297.62,1.9,297.64,0.8,297.66,9.8
1753504016110,04:26:56.110,AAVE/USDT:USDT,297.63,0.5,297.62,1.9,297.64,0.8,297.66,9.8
1753504016260,04:26:56.260,AAVE/USDT:USDT,297.63,0.8,297.62,1.9,297.64,0.8,297.66,9.8
1753504016410,04:26:56.410,AAVE/USDT:USDT,297.63,0.8,297.62,1.9,297.64,0.5,297.66,9.8
1753504016560,04:26:56.560,AAVE/USDT:USDT,297.63,5.3,297.62,2.1,297.64,0.5,297.66,0.9
1753504016710,04:26:56.710,AAVE/USDT:USDT,297.63,5.3,297.62,2.1,297.64,0.5,297.66,0.9
1753504016860,04:26:56.860,AAVE/USDT:USDT,297.63,5.3,297.62,2.1,297.64,0.5,297.66,0.9
1753504017010,04:26:57.010,AAVE/USDT:USDT,297.63,5.3,297.62,2.1,297.64,0.5,297.66,0.9
1753504017160,04:26:57.160,AAVE/USDT:USDT,297.63,5.5,297.62,2.1,297.64,0.5,297.66,0.9
1753504017310,04:26:57.310,AAVE/USDT:USDT,297.63,5.5,297.62,2.1,297.64,0.5,297.66,0.9
1753504017461,04:26:57.461,AAVE/USDT:USDT,297.64,2.0,297.63,5.5,297.66,0.9,297.67,10.9
1753504017611,04:26:57.611,AAVE/USDT:USDT,297.65,0.8,297.64,3.9,297.66,1.4,297.67,3.3
1753504017761,04:26:57.761,AAVE/USDT:USDT,297.66,2.0,297.65,2.8,297.67,7.4,297.68,29.8
1753504017911,04:26:57.911,AAVE/USDT:USDT,297.67,6.2,297.66,3.5,297.69,91.7,297.71,0.2
1753504018061,04:26:58.061,AAVE/USDT:USDT,297.68,0.8,297.67,2.4,297.69,91.7,297.7,1.6
1753504018211,04:26:58.211,AAVE/USDT:USDT,297.68,0.8,297.67,2.4,297.69,92.2,297.7,1.6
1753504018361,04:26:58.361,AAVE/USDT:USDT,297.68,0.8,297.67,0.5,297.69,92.2,297.7,3.9
1753504018511,04:26:58.511,AAVE/USDT:USDT,297.68,0.8,297.67,0.5,297.69,92.2,297.7,3.9
1753504018661,04:26:58.661,AAVE/USDT:USDT,297.68,0.8,297.67,0.5,297.69,92.2,297.7,3.9
1753504018811,04:26:58.811,AAVE/USDT:USDT,297.68,0.8,297.67,0.5,297.69,92.2,297.7,3.9
1753504018961,04:26:58.961,AAVE/USDT:USDT,297.68,0.8,297.67,0.5,297.69,92.2,297.7,3.9
1753504019112,04:26:59.112,AAVE/USDT:USDT,297.68,0.8,297.67,0.5,297.69,92.2,297.7,3.9
1753504019262,04:26:59.262,AAVE/USDT:USDT,297.68,5.5,297.67,2.0,297.69,91.7,297.72,0.7
1753504019412,04:26:59.412,AAVE/USDT:USDT,297.68,5.8,297.67,2.0,297.74,2.6,297.75,49.1
1753504019562,04:26:59.562,AAVE/USDT:USDT,297.73,2.4,297.72,28.5,297.74,2.6,297.75,49.1
1753504019712,04:26:59.712,AAVE/USDT:USDT,297.73,3.7,297.72,31.5,297.74,0.5,297.75,49.1
1753504019862,04:26:59.862,AAVE/USDT:USDT,297.73,3.7,297.72,31.5,297.74,0.5,297.75,49.1
1753504020012,04:27:00.012,AAVE/USDT:USDT,297.73,3.7,297.72,31.5,297.74,0.5,297.75,8.2
1753504020162,04:27:00.162,AAVE/USDT:USDT,297.73,3.7,297.72,31.5,297.74,0.5,297.75,8.2
1753504020312,04:27:00.312,AAVE/USDT:USDT,297.73,3.7,297.72,31.5,297.74,0.5,297.76,95.1
1753504020462,04:27:00.462,AAVE/USDT:USDT,297.73,3.7,297.72,31.5,297.74,0.5,297.76,95.1
1753504020612,04:27:00.612,AAVE/USDT:USDT,297.73,3.7,297.72,31.5,297.74,0.5,297.76,95.1
1753504020763,04:27:00.763,AAVE/USDT:USDT,297.73,3.7,297.72,31.5,297.74,0.5,297.76,95.1
1753504020913,04:27:00.913,AAVE/USDT:USDT,297.73,2.7,297.72,31.5,297.74,0.5,297.76,95.1
1753504021062,04:27:01.062,AAVE/USDT:USDT,297.73,2.7,297.72,31.5,297.74,0.5,297.76,95.1
1753504021213,04:27:01.213,AAVE/USDT:USDT,297.73,2.7,297.72,31.5,297.74,0.5,297.76,95.1
1753504021363,04:27:01.363,AAVE/USDT:USDT,297.73,2.7,297.72,31.5,297.74,0.5,297.76,95.1
1753504021513,04:27:01.513,AAVE/USDT:USDT,297.73,3.7,297.72,31.5,297.74,0.5,297.76,95.1
1753504021663,04:27:01.663,AAVE/USDT:USDT,297.73,5.7,297.72,31.7,297.74,0.5,297.76,95.1
1753504021813,04:27:01.813,AAVE/USDT:USDT,297.73,5.9,297.72,29.7,297.76,91.6,297.78,8.8
1753504021963,04:27:01.963,AAVE/USDT:USDT,297.75,34.0,297.73,8.4,297.78,9.7,297.79,2.1
1753504022113,04:27:02.113,AAVE/USDT:USDT,297.77,4.4,297.76,1.0,297.79,0.5,297.8,3.1
1753504022263,04:27:02.263,AAVE/USDT:USDT,297.78,2.3,297.77,4.4,297.79,0.5,297.8,34.1
1753504022414,04:27:02.414,AAVE/USDT:USDT,297.78,2.8,297.77,4.4,297.79,0.5,297.8,34.1
1753504022563,04:27:02.563,AAVE/USDT:USDT,297.79,2.0,297.78,4.5,297.8,34.1,297.81,144.1
1753504022714,04:27:02.714,AAVE/USDT:USDT,297.79,2.8,297.78,1.7,297.81,144.1,297.82,145.1
1753504022864,04:27:02.864,AAVE/USDT:USDT,297.79,2.0,297.78,1.5,297.8,0.5,297.81,144.1
1753504023014,04:27:03.014,AAVE/USDT:USDT,297.79,0.8,297.78,3.0,297.8,0.5,297.81,144.1
1753504023164,04:27:03.164,AAVE/USDT:USDT,297.79,0.8,297.78,3.0,297.8,0.5,297.81,144.1
1753504023314,04:27:03.314,AAVE/USDT:USDT,297.79,0.8,297.78,3.0,297.8,0.5,297.81,144.1
1753504023464,04:27:03.464,AAVE/USDT:USDT,297.79,0.8,297.78,3.0,297.8,0.5,297.81,144.1
1753504023614,04:27:03.614,AAVE/USDT:USDT,297.79,0.8,297.78,3.0,297.8,0.5,297.81,144.1
1753504023764,04:27:03.764,AAVE/USDT:USDT,297.79,0.8,297.78,3.0,297.8,0.5,297.81,144.1
1753504023914,04:27:03.914,AAVE/USDT:USDT,297.79,0.8,297.78,3.0,297.8,0.5,297.81,144.1
1753504024064,04:27:04.064,AAVE/USDT:USDT,297.79,0.8,297.78,3.0,297.8,0.5,297.81,144.1
1753504024215,04:27:04.215,AAVE/USDT:USDT,297.79,2.8,297.78,3.0,297.8,0.5,297.81,144.1
1753504024365,04:27:04.365,AAVE/USDT:USDT,297.79,0.8,297.78,0.5,297.8,0.5,297.81,144.1
1753504024515,04:27:04.515,AAVE/USDT:USDT,297.79,0.8,297.78,0.5,297.8,0.5,297.81,144.1
1753504024665,04:27:04.665,AAVE/USDT:USDT,297.79,0.3,297.78,0.5,297.8,0.5,297.81,144.1
1753504024815,04:27:04.815,AAVE/USDT:USDT,297.79,0.3,297.78,1.5,297.8,0.5,297.81,144.1
1753504024965,04:27:04.965,AAVE/USDT:USDT,297.79,0.3,297.78,2.0,297.8,0.5,297.81,102.9
1753504025115,04:27:05.115,AAVE/USDT:USDT,297.79,0.3,297.78,2.0,297.8,0.5,297.81,102.9
1753504025265,04:27:05.265,AAVE/USDT:USDT,297.79,0.3,297.78,0.5,297.8,0.5,297.81,102.9
1753504025415,04:27:05.415,AAVE/USDT:USDT,297.79,0.3,297.78,0.5,297.8,0.5,297.81,102.9
1753504025565,04:27:05.565,AAVE/USDT:USDT,297.79,0.3,297.78,0.5,297.8,0.5,297.81,102.9
1753504025715,04:27:05.715,AAVE/USDT:USDT,297.79,0.3,297.78,0.5,297.8,0.5,297.81,102.9
1753504025865,04:27:05.865,AAVE/USDT:USDT,297.79,0.3,297.78,0.5,297.8,0.5,297.81,102.9
1753504026016,04:27:06.016,AAVE/USDT:USDT,297.79,1.3,297.78,0.5,297.8,0.5,297.81,102.9
1753504026166,04:27:06.166,AAVE/USDT:USDT,297.79,3.8,297.78,2.0,297.8,0.5,297.81,102.9
1753504026316,04:27:06.316,AAVE/USDT:USDT,297.79,0.8,297.78,0.5,297.8,0.5,297.81,102.9
1753504026466,04:27:06.466,AAVE/USDT:USDT,297.79,0.8,297.78,1.5,297.8,0.5,297.81,102.9
1753504026616,04:27:06.616,AAVE/USDT:USDT,297.79,0.8,297.78,1.5,297.8,0.5,297.81,102.9
1753504026766,04:27:06.766,AAVE/USDT:USDT,297.79,0.8,297.78,1.5,297.8,0.5,297.81,102.9
1753504026916,04:27:06.916,AAVE/USDT:USDT,297.79,0.8,297.78,1.5,297.8,0.5,297.81,102.9
1753504027066,04:27:07.066,AAVE/USDT:USDT,297.79,0.8,297.78,1.5,297.8,0.5,297.81,102.9
1753504027216,04:27:07.216,AAVE/USDT:USDT,297.79,0.8,297.78,0.5,297.8,0.5,297.81,102.9
1753504027366,04:27:07.366,AAVE/USDT:USDT,297.77,1.2,297.75,27.7,297.8,1.1,297.81,102.9
1753504027516,04:27:07.516,AAVE/USDT:USDT,297.77,0.7,297.75,27.7,297.78,0.5,297.8,28.3
1753504027666,04:27:07.666,AAVE/USDT:USDT,297.77,1.0,297.76,1.5,297.78,0.5,297.8,28.3
1753504027817,04:27:07.817,AAVE/USDT:USDT,297.77,1.0,297.76,2.5,297.78,0.5,297.8,28.0
1753504027967,04:27:07.967,AAVE/USDT:USDT,297.77,1.0,297.76,2.5,297.78,0.5,297.8,35.3
1753504028117,04:27:08.117,AAVE/USDT:USDT,297.77,1.0,297.76,2.5,297.78,0.5,297.8,35.3
1753504028267,04:27:08.267,AAVE/USDT:USDT,297.77,1.0,297.76,1.0,297.78,0.5,297.8,35.3
1753504028567,04:27:08.567,AAVE/USDT:USDT,297.77,1.5,297.76,2.5,297.78,0.5,297.8,7.8
1753504028717,04:27:08.717,AAVE/USDT:USDT,297.77,1.5,297.76,2.5,297.78,0.5,297.8,31.9
1753504028867,04:27:08.867,AAVE/USDT:USDT,297.77,1.5,297.76,2.5,297.78,0.5,297.8,31.9
1753504029017,04:27:09.017,AAVE/USDT:USDT,297.77,1.5,297.76,2.5,297.78,0.5,297.8,31.9
1753504029167,04:27:09.167,AAVE/USDT:USDT,297.77,1.5,297.76,2.5,297.78,0.5,297.8,31.9
1753504029317,04:27:09.317,AAVE/USDT:USDT,297.77,3.5,297.76,2.5,297.78,0.5,297.8,24.6
1753504029467,04:27:09.467,AAVE/USDT:USDT,297.77,3.5,297.76,2.7,297.78,0.5,297.8,24.6
1753504029618,04:27:09.618,AAVE/USDT:USDT,297.77,3.5,297.76,2.7,297.78,0.5,297.8,24.6
1753504029768,04:27:09.768,AAVE/USDT:USDT,297.77,3.5,297.76,2.5,297.78,0.5,297.8,24.6
1753504029918,04:27:09.918,AAVE/USDT:USDT,297.77,3.5,297.76,2.7,297.78,0.5,297.8,24.6
1753504030068,04:27:10.068,AAVE/USDT:USDT,297.77,3.5,297.76,2.7,297.78,0.5,297.8,24.6
1753504030218,04:27:10.218,AAVE/USDT:USDT,297.77,3.5,297.76,2.7,297.78,0.5,297.8,24.6
1753504030368,04:27:10.368,AAVE/USDT:USDT,297.77,1.5,297.76,2.7,297.78,0.5,297.8,24.6
1753504030518,04:27:10.518,AAVE/USDT:USDT,297.77,1.5,297.76,2.5,297.78,0.5,297.8,24.6
1753504030668,04:27:10.668,AAVE/USDT:USDT,297.77,1.5,297.76,2.5,297.78,0.5,297.8,24.6
1753504030818,04:27:10.818,AAVE/USDT:USDT,297.77,1.5,297.76,2.7,297.78,0.5,297.8,24.6
1753504030969,04:27:10.969,AAVE/USDT:USDT,297.77,1.5,297.76,2.7,297.78,0.5,297.8,24.6
1753504031118,04:27:11.118,AAVE/USDT:USDT,297.77,1.5,297.76,2.7,297.78,0.5,297.8,24.6
1753504031268,04:27:11.268,AAVE/USDT:USDT,297.77,1.5,297.76,2.7,297.78,0.5,297.8,24.6
1753504031419,04:27:11.419,AAVE/USDT:USDT,297.77,1.5,297.76,2.7,297.78,0.5,297.8,24.6
1753504031569,04:27:11.569,AAVE/USDT:USDT,297.77,3.5,297.76,2.7,297.78,0.5,297.8,24.6
1753504031719,04:27:11.719,AAVE/USDT:USDT,297.77,3.5,297.76,2.7,297.78,0.5,297.8,24.6
1753504031869,04:27:11.869,AAVE/USDT:USDT,297.77,3.5,297.76,2.7,297.78,0.5,297.8,24.6
1753504032019,04:27:12.019,AAVE/USDT:USDT,297.77,3.5,297.76,2.7,297.78,0.5,297.8,24.6
1753504032169,04:27:12.169,AAVE/USDT:USDT,297.77,3.5,297.76,2.7,297.78,0.5,297.8,24.6
1753504032319,04:27:12.319,AAVE/USDT:USDT,297.77,3.5,297.76,2.7,297.78,0.5,297.8,24.6
1753504032469,04:27:12.469,AAVE/USDT:USDT,297.77,3.5,297.76,2.7,297.78,0.5,297.8,24.6
1753504032619,04:27:12.619,AAVE/USDT:USDT,297.77,1.5,297.76,2.7,297.78,0.5,297.8,24.6
1753504032769,04:27:12.769,AAVE/USDT:USDT,297.77,1.5,297.76,2.7,297.78,0.5,297.8,24.6
1753504032919,04:27:12.919,AAVE/USDT:USDT,297.77,1.5,297.76,2.7,297.78,0.5,297.8,24.6
1753504033070,04:27:13.070,AAVE/USDT:USDT,297.77,1.5,297.76,2.7,297.78,0.5,297.8,24.6
1753504033220,04:27:13.220,AAVE/USDT:USDT,297.77,1.5,297.76,2.7,297.78,0.5,297.8,24.6
1753504033370,04:27:13.370,AAVE/USDT:USDT,297.77,3.5,297.76,2.7,297.78,0.5,297.8,24.6
1753504033520,04:27:13.520,AAVE/USDT:USDT,297.77,3.5,297.76,2.7,297.78,0.5,297.8,24.6
1753504033670,04:27:13.670,AAVE/USDT:USDT,297.77,3.5,297.76,2.7,297.78,0.5,297.8,24.6
1753504033820,04:27:13.820,AAVE/USDT:USDT,297.77,3.5,297.76,2.7,297.78,0.5,297.8,24.6
1753504033970,04:27:13.970,AAVE/USDT:USDT,297.77,3.5,297.76,2.7,297.78,0.5,297.8,24.6
1753504034120,04:27:14.120,AAVE/USDT:USDT,297.77,3.5,297.76,2.7,297.78,0.5,297.8,24.6
1753504034270,04:27:14.270,AAVE/USDT:USDT,297.77,3.5,297.76,2.7,297.78,0.5,297.8,24.6
1753504034420,04:27:14.420,AAVE/USDT:USDT,297.77,1.0,297.75,27.7,297.78,0.5,297.8,24.6
1753504034570,04:27:14.570,AAVE/USDT:USDT,297.77,1.0,297.76,1.5,297.78,0.5,297.8,24.6
1753504034720,04:27:14.720,AAVE/USDT:USDT,297.77,1.0,297.76,2.5,297.78,0.5,297.8,31.9
1753504034871,04:27:14.871,AAVE/USDT:USDT,297.77,1.0,297.76,2.5,297.78,0.5,297.8,31.9
1753504035021,04:27:15.021,AAVE/USDT:USDT,297.77,1.5,297.76,2.5,297.78,0.5,297.8,24.6
1753504035171,04:27:15.171,AAVE/USDT:USDT,297.77,1.5,297.76,2.5,297.78,0.5,297.8,24.6
1753504035321,04:27:15.321,AAVE/USDT:USDT,297.77,1.5,297.76,2.5,297.78,0.5,297.8,24.6
1753504035471,04:27:15.471,AAVE/USDT:USDT,297.77,1.5,297.76,2.5,297.78,0.5,297.8,24.6
1753504035621,04:27:15.621,AAVE/USDT:USDT,297.77,1.5,297.76,2.5,297.78,0.5,297.8,24.6
1753504035771,04:27:15.771,AAVE/USDT:USDT,297.77,3.5,297.76,2.5,297.78,0.5,297.8,24.6
1753504035921,04:27:15.921,AAVE/USDT:USDT,297.77,3.5,297.76,2.7,297.78,0.5,297.8,24.6
1753504036071,04:27:16.071,AAVE/USDT:USDT,297.77,1.5,297.76,2.7,297.78,0.5,297.8,24.6
1753504036221,04:27:16.221,AAVE/USDT:USDT,297.77,1.5,297.76,1.5,297.78,0.5,297.8,24.6
1753504036371,04:27:16.371,AAVE/USDT:USDT,297.77,1.5,297.76,1.5,297.78,0.5,297.8,24.6
1753504036522,04:27:16.522,AAVE/USDT:USDT,297.77,4.5,297.76,1.5,297.78,0.5,297.8,24.6
1753504036672,04:27:16.672,AAVE/USDT:USDT,297.77,4.5,297.76,1.5,297.78,0.5,297.8,24.6
1753504036822,04:27:16.822,AAVE/USDT:USDT,297.77,4.5,297.76,1.5,297.78,0.5,297.8,24.6
1753504036972,04:27:16.972,AAVE/USDT:USDT,297.77,4.5,297.76,1.5,297.78,0.5,297.8,24.6
1753504037122,04:27:17.122,AAVE/USDT:USDT,297.77,4.5,297.76,1.5,297.78,0.5,297.8,24.6
1753504037272,04:27:17.272,AAVE/USDT:USDT,297.77,3.5,297.76,1.5,297.78,0.5,297.8,24.6
1753504037422,04:27:17.422,AAVE/USDT:USDT,297.77,4.5,297.76,1.5,297.78,0.5,297.8,24.6
1753504037572,04:27:17.572,AAVE/USDT:USDT,297.77,4.5,297.76,1.7,297.78,0.5,297.8,24.6
1753504037722,04:27:17.722,AAVE/USDT:USDT,297.77,4.5,297.76,1.7,297.78,0.5,297.8,24.6
1753504037872,04:27:17.872,AAVE/USDT:USDT,297.77,4.5,297.76,1.7,297.78,0.5,297.8,24.6
1753504038022,04:27:18.022,AAVE/USDT:USDT,297.77,4.5,297.76,1.7,297.78,0.5,297.8,24.6
1753504038172,04:27:18.172,AAVE/USDT:USDT,297.77,4.5,297.76,1.7,297.78,0.5,297.8,24.6
1753504038323,04:27:18.323,AAVE/USDT:USDT,297.77,4.5,297.76,1.7,297.78,0.5,297.8,24.6
1753504038473,04:27:18.473,AAVE/USDT:USDT,297.77,4.5,297.76,1.7,297.78,0.5,297.8,24.6
1753504038623,04:27:18.623,AAVE/USDT:USDT,297.77,4.7,297.76,1.7,297.78,0.5,297.8,0.5
1753504038773,04:27:18.773,AAVE/USDT:USDT,297.77,4.7,297.76,1.7,297.78,0.5,297.8,0.5
1753504038923,04:27:18.923,AAVE/USDT:USDT,297.77,3.2,297.76,1.7,297.78,0.5,297.8,0.5
1753504039073,04:27:19.073,AAVE/USDT:USDT,297.77,4.5,297.76,1.7,297.78,0.5,297.8,0.5
1753504039223,04:27:19.223,AAVE/USDT:USDT,297.77,4.5,297.76,1.7,297.78,0.5,297.8,0.5
1753504039373,04:27:19.373,AAVE/USDT:USDT,297.77,3.5,297.76,1.7,297.78,0.5,297.8,0.5
1753504039523,04:27:19.523,AAVE/USDT:USDT,297.77,3.5,297.76,1.5,297.78,0.5,297.8,0.5
1753504039673,04:27:19.673,AAVE/USDT:USDT,297.77,3.5,297.76,1.5,297.78,0.5,297.8,0.5
1753504039823,04:27:19.823,AAVE/USDT:USDT,297.77,1.0,297.75,27.7,297.78,0.5,297.8,0.5
1753504039973,04:27:19.973,AAVE/USDT:USDT,297.77,1.0,297.76,1.0,297.78,0.8,297.8,0.5
1753504040124,04:27:20.124,AAVE/USDT:USDT,297.77,2.0,297.76,1.5,297.78,0.5,297.8,0.5
1753504040274,04:27:20.274,AAVE/USDT:USDT,297.77,3.5,297.76,1.5,297.78,0.8,297.8,0.5
1753504040424,04:27:20.424,AAVE/USDT:USDT,297.77,3.5,297.76,2.5,297.78,0.5,297.8,0.5
1753504040574,04:27:20.574,AAVE/USDT:USDT,297.77,1.5,297.75,27.7,297.78,0.8,297.8,0.5
1753504040724,04:27:20.724,AAVE/USDT:USDT,297.77,1.2,297.75,27.7,297.78,0.8,297.8,7.8
1753504040874,04:27:20.874,AAVE/USDT:USDT,297.77,0.7,297.75,27.7,297.78,0.8,297.8,7.8
1753504041024,04:27:21.024,AAVE/USDT:USDT,297.75,25.8,297.72,27.2,297.76,1.2,297.78,1.1
1753504041174,04:27:21.174,AAVE/USDT:USDT,297.72,27.2,297.71,0.9,297.76,1.2,297.77,0.3
1753504041324,04:27:21.324,AAVE/USDT:USDT,297.73,0.3,297.72,29.6,297.76,1.2,297.77,0.3
1753504041474,04:27:21.474,AAVE/USDT:USDT,297.73,0.3,297.72,30.6,297.74,0.5,297.76,0.9
1753504041624,04:27:21.624,AAVE/USDT:USDT,297.73,0.3,297.72,30.6,297.74,0.5,297.77,8.4
1753504041774,04:27:21.774,AAVE/USDT:USDT,297.73,1.8,297.72,30.6,297.74,0.5,297.77,1.4
1753504041925,04:27:21.925,AAVE/USDT:USDT,297.73,4.5,297.72,30.6,297.74,0.5,297.77,1.4
1753504042075,04:27:22.075,AAVE/USDT:USDT,297.73,2.5,297.72,30.6,297.74,0.5,297.77,1.4
1753504042225,04:27:22.225,AAVE/USDT:USDT,297.73,2.5,297.72,30.6,297.74,0.5,297.77,1.4
1753504042375,04:27:22.375,AAVE/USDT:USDT,297.73,4.5,297.72,30.6,297.74,0.5,297.77,1.4
1753504042525,04:27:22.525,AAVE/USDT:USDT,297.73,4.5,297.72,30.6,297.74,0.5,297.77,0.3
1753504042675,04:27:22.675,AAVE/USDT:USDT,297.73,2.5,297.72,30.6,297.74,0.5,297.78,10.4
1753504042825,04:27:22.825,AAVE/USDT:USDT,297.73,2.5,297.72,30.6,297.74,0.5,297.78,8.6
1753504042975,04:27:22.975,AAVE/USDT:USDT,297.73,2.5,297.72,30.6,297.74,0.5,297.78,8.6
1753504043125,04:27:23.125,AAVE/USDT:USDT,297.73,1.0,297.72,30.6,297.74,0.5,297.78,8.6
1753504043275,04:27:23.275,AAVE/USDT:USDT,297.73,0.8,297.72,30.6,297.74,0.5,297.78,8.6
1753504043425,04:27:23.425,AAVE/USDT:USDT,297.73,4.3,297.72,30.8,297.74,0.5,297.78,8.6
1753504043576,04:27:23.576,AAVE/USDT:USDT,297.73,2.5,297.72,30.8,297.74,0.5,297.78,8.6
1753504043726,04:27:23.726,AAVE/USDT:USDT,297.73,2.3,297.72,30.8,297.74,0.5,297.78,8.6
1753504043876,04:27:23.876,AAVE/USDT:USDT,297.73,2.3,297.72,30.8,297.74,0.5,297.78,8.6
1753504044026,04:27:24.026,AAVE/USDT:USDT,297.73,2.3,297.72,30.8,297.74,0.5,297.78,8.6
1753504044176,04:27:24.176,AAVE/USDT:USDT,297.73,2.3,297.72,30.8,297.74,0.5,297.78,8.6
1753504044326,04:27:24.326,AAVE/USDT:USDT,297.73,2.3,297.72,30.8,297.74,0.5,297.78,8.6
1753504044476,04:27:24.476,AAVE/USDT:USDT,297.73,0.8,297.72,30.8,297.74,0.5,297.78,8.6
1753504044626,04:27:24.626,AAVE/USDT:USDT,297.73,0.8,297.72,32.3,297.74,0.5,297.78,8.6
1753504044776,04:27:24.776,AAVE/USDT:USDT,297.73,0.8,297.72,32.3,297.74,0.5,297.78,8.6
1753504044926,04:27:24.926,AAVE/USDT:USDT,297.73,0.8,297.72,32.3,297.74,0.5,297.78,8.6
1753504045076,04:27:25.076,AAVE/USDT:USDT,297.73,0.8,297.72,32.3,297.74,0.5,297.78,8.6
1753504045226,04:27:25.226,AAVE/USDT:USDT,297.73,0.8,297.72,32.3,297.74,0.5,297.78,8.6
1753504045377,04:27:25.377,AAVE/USDT:USDT,297.73,0.8,297.72,32.3,297.74,0.5,297.78,8.6
1753504045527,04:27:25.527,AAVE/USDT:USDT,297.73,0.8,297.72,32.3,297.74,0.5,297.78,8.6
1753504045677,04:27:25.677,AAVE/USDT:USDT,297.73,0.8,297.72,32.3,297.74,0.5,297.77,7.3
1753504045827,04:27:25.827,AAVE/USDT:USDT,297.73,0.8,297.72,32.3,297.74,0.5,297.77,7.3
1753504045977,04:27:25.977,AAVE/USDT:USDT,297.71,0.7,297.7,0.8,297.73,0.8,297.74,1.4
1753504046127,04:27:26.127,AAVE/USDT:USDT,297.71,0.7,297.7,0.5,297.72,1.1,297.73,1.1
1753504046277,04:27:26.277,AAVE/USDT:USDT,297.71,0.7,297.7,0.5,297.72,1.4,297.74,7.8
1753504046427,04:27:26.427,AAVE/USDT:USDT,297.71,0.7,297.7,0.5,297.72,1.4,297.74,7.8
1753504046577,04:27:26.577,AAVE/USDT:USDT,297.71,0.7,297.7,0.5,297.72,1.4,297.73,2.3
1753504046727,04:27:26.727,AAVE/USDT:USDT,297.71,0.7,297.7,0.5,297.72,1.4,297.73,2.3
1753504046877,04:27:26.877,AAVE/USDT:USDT,297.7,0.5,297.69,26.0,297.72,1.4,297.73,2.3
1753504047027,04:27:27.027,AAVE/USDT:USDT,297.7,0.5,297.69,26.0,297.71,0.6,297.72,1.4
1753504047178,04:27:27.178,AAVE/USDT:USDT,297.7,0.5,297.69,26.0,297.71,0.9,297.72,0.5
1753504047328,04:27:27.328,AAVE/USDT:USDT,297.7,0.5,297.69,26.0,297.71,0.9,297.72,0.5
1753504047478,04:27:27.478,AAVE/USDT:USDT,297.7,0.5,297.69,26.0,297.71,0.9,297.72,0.5
1753504047628,04:27:27.628,AAVE/USDT:USDT,297.7,0.5,297.69,26.0,297.71,0.9,297.72,0.5
1753504047778,04:27:27.778,AAVE/USDT:USDT,297.7,0.5,297.69,26.0,297.71,0.9,297.72,0.5
1753504047928,04:27:27.928,AAVE/USDT:USDT,297.7,0.5,297.69,26.0,297.71,0.9,297.72,0.5
1753504048078,04:27:28.078,AAVE/USDT:USDT,297.7,0.5,297.69,26.0,297.71,0.9,297.72,0.5
1753504048228,04:27:28.228,AAVE/USDT:USDT,297.7,0.8,297.69,26.0,297.71,0.3,297.72,0.5
1753504048378,04:27:28.378,AAVE/USDT:USDT,297.7,0.5,297.69,26.0,297.71,0.8,297.72,0.5
1753504048528,04:27:28.528,AAVE/USDT:USDT,297.7,0.8,297.69,26.0,297.71,0.8,297.72,0.5
1753504048678,04:27:28.678,AAVE/USDT:USDT,297.7,0.5,297.69,26.0,297.71,0.8,297.72,0.5
1753504048828,04:27:28.828,AAVE/USDT:USDT,297.7,0.8,297.69,30.8,297.71,0.8,297.72,0.5
1753504048978,04:27:28.978,AAVE/USDT:USDT,297.7,0.5,297.69,30.8,297.71,0.8,297.72,0.5
1753504049129,04:27:29.129,AAVE/USDT:USDT,297.7,0.5,297.69,30.8,297.71,0.8,297.72,0.5
1753504049279,04:27:29.279,AAVE/USDT:USDT,297.7,0.8,297.69,26.0,297.71,0.8,297.72,0.5
1753504049429,04:27:29.429,AAVE/USDT:USDT,297.7,0.8,297.69,26.0,297.71,0.8,297.72,0.5
1753504049579,04:27:29.579,AAVE/USDT:USDT,297.7,0.8,297.69,26.0,297.71,0.8,297.72,0.5
1753504049729,04:27:29.729,AAVE/USDT:USDT,297.7,0.8,297.69,26.0,297.71,0.5,297.72,0.5
1753504049879,04:27:29.879,AAVE/USDT:USDT,297.7,0.8,297.69,26.0,297.71,0.8,297.72,0.5
1753504050029,04:27:30.029,AAVE/USDT:USDT,297.7,0.5,297.69,26.0,297.71,1.4,297.72,0.5
1753504050179,04:27:30.179,AAVE/USDT:USDT,297.7,0.5,297.69,26.0,297.71,1.4,297.72,0.5
1753504050329,04:27:30.329,AAVE/USDT:USDT,297.7,0.5,297.69,26.0,297.71,1.4,297.72,0.5
1753504050479,04:27:30.479,AAVE/USDT:USDT,297.7,0.5,297.69,26.0,297.71,1.4,297.72,0.5
1753504050629,04:27:30.629,AAVE/USDT:USDT,297.7,0.5,297.69,26.0,297.71,1.4,297.72,0.5
1753504050779,04:27:30.779,AAVE/USDT:USDT,297.7,0.5,297.69,26.0,297.71,1.4,297.72,0.5
1753504050930,04:27:30.930,AAVE/USDT:USDT,297.69,0.2,297.68,0.1,297.71,1.4,297.72,0.5
1753504051080,04:27:31.080,AAVE/USDT:USDT,297.67,0.1,297.66,0.8,297.68,0.5,297.7,0.8
1753504051230,04:27:31.230,AAVE/USDT:USDT,297.67,0.4,297.66,0.8,297.68,1.4,297.7,7.3
1753504051380,04:27:31.380,AAVE/USDT:USDT,297.67,0.1,297.66,0.8,297.68,1.4,297.7,7.3
1753504051530,04:27:31.530,AAVE/USDT:USDT,297.67,0.1,297.66,0.8,297.68,1.4,297.7,7.3
1753504051680,04:27:31.680,AAVE/USDT:USDT,297.67,0.1,297.66,0.8,297.68,1.4,297.7,7.3
1753504051830,04:27:31.830,AAVE/USDT:USDT,297.67,0.1,297.66,0.8,297.68,1.4,297.7,7.3
1753504051980,04:27:31.980,AAVE/USDT:USDT,297.67,0.1,297.66,0.8,297.68,1.4,297.7,7.3
1753504052130,04:27:32.130,AAVE/USDT:USDT,297.67,0.1,297.66,0.8,297.68,1.4,297.7,7.3
1753504052280,04:27:32.280,AAVE/USDT:USDT,297.67,0.1,297.66,0.8,297.68,0.8,297.7,7.3
1753504052430,04:27:32.430,AAVE/USDT:USDT,297.67,0.4,297.66,0.8,297.68,0.8,297.7,7.3
1753504052581,04:27:32.581,AAVE/USDT:USDT,297.67,0.4,297.66,1.8,297.68,0.8,297.7,7.3
1753504052731,04:27:32.731,AAVE/USDT:USDT,297.67,0.9,297.66,3.3,297.68,0.5,297.7,7.3
1753504052881,04:27:32.881,AAVE/USDT:USDT,297.67,0.9,297.66,3.3,297.68,0.5,297.7,7.3
1753504053181,04:27:33.181,AAVE/USDT:USDT,297.67,0.6,297.66,3.3,297.68,0.8,297.7,7.3
1753504053331,04:27:33.331,AAVE/USDT:USDT,297.67,0.9,297.66,3.3,297.68,0.8,297.7,7.3
1753504053481,04:27:33.481,AAVE/USDT:USDT,297.67,0.9,297.66,3.3,297.68,0.8,297.7,7.3
1753504053631,04:27:33.631,AAVE/USDT:USDT,297.67,0.9,297.66,3.3,297.68,0.5,297.7,7.3
1753504053781,04:27:33.781,AAVE/USDT:USDT,297.67,2.9,297.66,3.5,297.71,2.0,297.73,10.0
1753504053931,04:27:33.931,AAVE/USDT:USDT,297.68,1.9,297.67,0.6,297.71,1.5,297.73,8.9
1753504054081,04:27:34.081,AAVE/USDT:USDT,297.69,2.0,297.68,2.7,297.71,1.5,297.72,2.4
1753504054231,04:27:34.231,AAVE/USDT:USDT,297.69,2.8,297.68,2.4,297.7,1.4,297.71,1.2
1753504054382,04:27:34.382,AAVE/USDT:USDT,297.69,2.8,297.68,2.4,297.7,1.4,297.71,1.2
1753504054532,04:27:34.532,AAVE/USDT:USDT,297.69,2.5,297.68,2.4,297.7,1.4,297.71,1.2
1753504054682,04:27:34.682,AAVE/USDT:USDT,297.69,2.5,297.68,2.4,297.7,1.4,297.71,1.2
1753504054832,04:27:34.832,AAVE/USDT:USDT,297.69,0.5,297.68,2.4,297.7,1.4,297.71,1.2
1753504054982,04:27:34.982,AAVE/USDT:USDT,297.69,0.8,297.68,2.4,297.7,1.1,297.71,1.2
1753504055132,04:27:35.132,AAVE/USDT:USDT,297.69,1.8,297.68,2.6,297.7,0.5,297.71,1.2
1753504055282,04:27:35.282,AAVE/USDT:USDT,297.69,3.3,297.68,2.6,297.7,0.8,297.71,0.5
1753504055432,04:27:35.432,AAVE/USDT:USDT,297.69,0.5,297.68,2.4,297.7,0.8,297.71,0.5
1753504055582,04:27:35.582,AAVE/USDT:USDT,297.69,0.5,297.68,2.4,297.7,1.4,297.71,0.5
1753504055732,04:27:35.732,AAVE/USDT:USDT,297.68,2.4,297.67,0.6,297.7,1.4,297.71,0.5
1753504055882,04:27:35.882,AAVE/USDT:USDT,297.68,2.4,297.67,0.6,297.69,0.6,297.7,1.4
1753504056032,04:27:36.032,AAVE/USDT:USDT,297.68,2.4,297.67,0.6,297.69,1.4,297.7,0.5
1753504056183,04:27:36.183,AAVE/USDT:USDT,297.68,2.4,297.67,0.6,297.69,1.4,297.7,0.5
1753504056333,04:27:36.333,AAVE/USDT:USDT,297.68,5.2,297.67,5.4,297.69,0.5,297.7,0.5
1753504056483,04:27:36.483,AAVE/USDT:USDT,297.68,5.2,297.67,5.6,297.69,0.5,297.7,0.5
1753504056633,04:27:36.633,AAVE/USDT:USDT,297.68,5.2,297.67,0.8,297.69,0.5,297.7,0.5
1753504056783,04:27:36.783,AAVE/USDT:USDT,297.68,5.2,297.67,0.8,297.69,0.5,297.7,0.5
1753504056933,04:27:36.933,AAVE/USDT:USDT,297.68,5.2,297.67,0.8,297.69,0.5,297.7,0.5
1753504057083,04:27:37.083,AAVE/USDT:USDT,297.68,5.2,297.67,0.8,297.69,0.5,297.7,0.5
1753504057233,04:27:37.233,AAVE/USDT:USDT,297.68,5.2,297.67,0.8,297.69,0.5,297.7,0.5
1753504057383,04:27:37.383,AAVE/USDT:USDT,297.68,5.2,297.67,0.8,297.69,0.5,297.7,0.5
1753504057533,04:27:37.533,AAVE/USDT:USDT,297.68,2.7,297.67,0.8,297.69,0.8,297.7,0.5
1753504057683,04:27:37.683,AAVE/USDT:USDT,297.68,2.7,297.67,0.6,297.69,0.5,297.7,0.5
1753504057833,04:27:37.833,AAVE/USDT:USDT,297.68,4.2,297.67,1.6,297.69,0.5,297.7,0.5
1753504057984,04:27:37.984,AAVE/USDT:USDT,297.68,4.2,297.67,1.6,297.69,0.5,297.7,0.5
1753504058134,04:27:38.134,AAVE/USDT:USDT,297.68,4.2,297.67,1.6,297.69,0.5,297.7,0.5
1753504058284,04:27:38.284,AAVE/USDT:USDT,297.68,4.2,297.67,1.6,297.69,0.5,297.7,0.5
1753504058434,04:27:38.434,AAVE/USDT:USDT,297.68,2.7,297.67,6.4,297.69,0.5,297.7,0.5
1753504058584,04:27:38.584,AAVE/USDT:USDT,297.68,4.2,297.67,1.6,297.69,0.5,297.7,0.5
1753504058734,04:27:38.734,AAVE/USDT:USDT,297.68,4.2,297.67,1.8,297.69,0.5,297.7,0.5
1753504058884,04:27:38.884,AAVE/USDT:USDT,297.68,2.7,297.67,1.8,297.69,0.5,297.7,0.5
1753504059034,04:27:39.034,AAVE/USDT:USDT,297.68,2.7,297.67,1.6,297.69,0.5,297.7,0.5
1753504059184,04:27:39.184,AAVE/USDT:USDT,297.68,2.7,297.67,3.1,297.69,0.5,297.7,0.5
1753504059334,04:27:39.334,AAVE/USDT:USDT,297.68,2.4,297.67,3.1,297.69,0.8,297.7,0.5
1753504059484,04:27:39.484,AAVE/USDT:USDT,297.68,2.7,297.67,3.1,297.69,0.5,297.7,0.5
1753504059634,04:27:39.634,AAVE/USDT:USDT,297.68,2.7,297.67,3.1,297.69,0.8,297.7,0.5
1753504059785,04:27:39.785,AAVE/USDT:USDT,297.68,0.8,297.67,0.6,297.69,0.8,297.7,0.5
1753504059935,04:27:39.935,AAVE/USDT:USDT,297.68,0.5,297.67,0.6,297.69,0.8,297.7,0.5
1753504060085,04:27:40.085,AAVE/USDT:USDT,297.68,0.5,297.67,0.6,297.69,0.8,297.7,0.5
1753504060235,04:27:40.235,AAVE/USDT:USDT,297.68,0.8,297.67,0.6,297.69,0.8,297.7,0.5
1753504060385,04:27:40.385,AAVE/USDT:USDT,297.68,5.6,297.67,0.6,297.69,0.8,297.7,0.5
1753504060535,04:27:40.535,AAVE/USDT:USDT,297.68,2.3,297.67,0.6,297.69,0.5,297.7,0.5
1753504060685,04:27:40.685,AAVE/USDT:USDT,297.68,1.8,297.67,0.6,297.7,0.5,297.72,7.8
1753504060835,04:27:40.835,AAVE/USDT:USDT,297.69,0.3,297.68,3.6,297.7,0.8,297.72,7.8
1753504060985,04:27:40.985,AAVE/USDT:USDT,297.69,2.3,297.68,3.6,297.7,0.5,297.72,7.8
1753504061135,04:27:41.135,AAVE/USDT:USDT,297.69,2.3,297.68,3.6,297.7,0.5,297.72,7.8
1753504061285,04:27:41.285,AAVE/USDT:USDT,297.69,0.8,297.68,5.1,297.7,0.5,297.72,7.8
1753504061435,04:27:41.435,AAVE/USDT:USDT,297.69,5.6,297.68,5.1,297.7,0.5,297.72,7.8
1753504061586,04:27:41.586,AAVE/USDT:USDT,297.69,5.6,297.68,5.1,297.7,0.5,297.72,7.8
1753504061736,04:27:41.736,AAVE/USDT:USDT,297.69,5.6,297.68,5.1,297.7,0.5,297.72,7.8
1753504061886,04:27:41.886,AAVE/USDT:USDT,297.69,0.8,297.68,5.1,297.7,0.5,297.72,7.8
1753504062036,04:27:42.036,AAVE/USDT:USDT,297.69,0.8,297.68,5.1,297.7,0.5,297.72,7.8
1753504062186,04:27:42.186,AAVE/USDT:USDT,297.69,0.8,297.68,5.1,297.7,0.8,297.72,7.8
1753504062336,04:27:42.336,AAVE/USDT:USDT,297.69,0.8,297.68,5.1,297.7,0.5,297.72,7.8
1753504062486,04:27:42.486,AAVE/USDT:USDT,297.69,0.8,297.68,5.1,297.7,0.5,297.72,7.8
1753504062636,04:27:42.636,AAVE/USDT:USDT,297.69,0.8,297.68,5.1,297.7,0.5,297.72,7.8
1753504062786,04:27:42.786,AAVE/USDT:USDT,297.69,0.8,297.68,5.1,297.7,0.5,297.72,7.8
1753504062936,04:27:42.936,AAVE/USDT:USDT,297.69,0.8,297.68,5.1,297.7,0.5,297.72,7.8
1753504063086,04:27:43.086,AAVE/USDT:USDT,297.69,0.8,297.68,5.1,297.7,0.8,297.72,7.8
1753504063237,04:27:43.237,AAVE/USDT:USDT,297.69,0.8,297.68,5.1,297.7,0.5,297.72,7.8
1753504063387,04:27:43.387,AAVE/USDT:USDT,297.69,0.8,297.68,5.1,297.7,0.5,297.72,7.8
1753504063537,04:27:43.537,AAVE/USDT:USDT,297.69,0.8,297.68,5.1,297.7,0.5,297.72,7.8
1753504063687,04:27:43.687,AAVE/USDT:USDT,297.69,0.8,297.68,5.1,297.7,0.5,297.72,7.8
1753504063837,04:27:43.837,AAVE/USDT:USDT,297.69,0.8,297.68,5.1,297.7,0.5,297.72,7.8
1753504063987,04:27:43.987,AAVE/USDT:USDT,297.69,0.8,297.68,5.1,297.7,0.5,297.72,7.8
1753504064137,04:27:44.137,AAVE/USDT:USDT,297.7,2.0,297.69,3.0,297.73,1.9,297.75,0.4
1753504064287,04:27:44.287,AAVE/USDT:USDT,297.72,2.4,297.71,31.9,297.73,1.9,297.75,0.4
1753504064437,04:27:44.437,AAVE/USDT:USDT,297.72,3.9,297.71,31.9,297.73,2.4,297.75,7.6
1753504064587,04:27:44.587,AAVE/USDT:USDT,297.72,2.4,297.71,33.4,297.73,2.4,297.75,7.6
1753504064737,04:27:44.737,AAVE/USDT:USDT,297.72,2.4,297.71,33.4,297.73,2.4,297.75,7.6
1753504064887,04:27:44.887,AAVE/USDT:USDT,297.72,2.4,297.71,33.4,297.73,2.4,297.75,7.6
1753504065038,04:27:45.038,AAVE/USDT:USDT,297.72,2.7,297.71,33.6,297.73,2.4,297.75,7.6
1753504065188,04:27:45.188,AAVE/USDT:USDT,297.72,2.7,297.71,33.6,297.73,2.4,297.75,7.6
1753504065338,04:27:45.338,AAVE/USDT:USDT,297.72,2.7,297.71,33.6,297.73,2.4,297.75,7.6
1753504065488,04:27:45.488,AAVE/USDT:USDT,297.72,2.7,297.71,33.6,297.73,2.4,297.75,7.6
1753504065638,04:27:45.638,AAVE/USDT:USDT,297.72,2.7,297.71,33.6,297.73,2.4,297.75,7.6
1753504065788,04:27:45.788,AAVE/USDT:USDT,297.72,2.7,297.71,33.6,297.73,2.1,297.75,7.6
1753504065938,04:27:45.938,AAVE/USDT:USDT,297.72,4.9,297.71,31.6,297.73,1.0,297.75,0.4
1753504066088,04:27:46.088,AAVE/USDT:USDT,297.74,33.7,297.72,3.4,297.79,141.4,297.8,33.0
1753504066238,04:27:46.238,AAVE/USDT:USDT,297.75,0.3,297.74,31.7,297.77,0.3,297.78,0.5
1753504066388,04:27:46.388,AAVE/USDT:USDT,297.76,0.5,297.75,2.7,297.77,0.8,297.78,3.5
1753504066538,04:27:46.538,AAVE/USDT:USDT,297.76,0.5,297.75,2.7,297.77,1.4,297.78,5.3
1753504066688,04:27:46.688,AAVE/USDT:USDT,297.76,0.5,297.75,2.4,297.77,1.4,297.78,5.3
1753504066839,04:27:46.839,AAVE/USDT:USDT,297.76,2.8,297.75,4.9,297.78,5.3,297.79,9.9
1753504066989,04:27:46.989,AAVE/USDT:USDT,297.77,0.3,297.76,4.4,297.78,3.8,297.79,9.9
1753504067139,04:27:47.139,AAVE/USDT:USDT,297.77,2.8,297.76,2.4,297.78,1.2,297.79,9.9
1753504067289,04:27:47.289,AAVE/USDT:USDT,297.77,2.8,297.76,2.4,297.78,1.2,297.79,9.9
1753504067439,04:27:47.439,AAVE/USDT:USDT,297.77,2.8,297.76,2.4,297.78,0.9,297.79,9.9
1753504067589,04:27:47.589,AAVE/USDT:USDT,297.77,2.8,297.76,2.4,297.78,1.2,297.79,9.9
1753504067739,04:27:47.739,AAVE/USDT:USDT,297.77,2.8,297.76,2.4,297.78,1.2,297.79,9.9
1753504067889,04:27:47.889,AAVE/USDT:USDT,297.77,0.5,297.76,2.4,297.78,1.2,297.79,9.9
1753504068039,04:27:48.039,AAVE/USDT:USDT,297.77,0.8,297.76,2.4,297.78,0.9,297.79,9.9
1753504068189,04:27:48.189,AAVE/USDT:USDT,297.77,0.5,297.76,2.4,297.78,1.2,297.79,9.9
1753504068339,04:27:48.339,AAVE/USDT:USDT,297.76,0.5,297.75,2.4,297.78,1.4,297.79,9.9
1753504068490,04:27:48.490,AAVE/USDT:USDT,297.76,0.5,297.75,2.4,297.77,0.9,297.78,1.1
1753504068640,04:27:48.640,AAVE/USDT:USDT,297.76,0.5,297.75,2.4,297.77,1.4,297.78,0.5
1753504068790,04:27:48.790,AAVE/USDT:USDT,297.76,0.5,297.75,2.4,297.77,1.4,297.78,0.5
1753504068940,04:27:48.940,AAVE/USDT:USDT,297.76,0.5,297.75,2.4,297.77,1.4,297.78,0.5
1753504069090,04:27:49.090,AAVE/USDT:USDT,297.75,0.5,297.74,27.7,297.77,1.4,297.78,0.5
1753504069240,04:27:49.240,AAVE/USDT:USDT,297.72,0.3,297.71,26.5,297.76,0.8,297.77,4.7
1753504069390,04:27:49.390,AAVE/USDT:USDT,297.72,1.5,297.71,26.7,297.73,1.1,297.74,0.3
1753504069540,04:27:49.540,AAVE/USDT:USDT,297.72,7.1,297.71,26.7,297.73,1.1,297.76,1.9
1753504069690,04:27:49.690,AAVE/USDT:USDT,297.72,17.0,297.71,26.5,297.73,1.1,297.75,7.2
1753504069840,04:27:49.840,AAVE/USDT:USDT,297.72,7.4,297.71,26.5,297.73,1.1,297.75,7.2
1753504069990,04:27:49.990,AAVE/USDT:USDT,297.72,2.9,297.71,29.0,297.73,1.1,297.75,7.2
1753504070140,04:27:50.140,AAVE/USDT:USDT,297.72,2.9,297.71,29.0,297.73,1.1,297.75,7.2
1753504070291,04:27:50.291,AAVE/USDT:USDT,297.72,2.9,297.71,29.0,297.73,1.1,297.75,7.2
1753504070441,04:27:50.441,AAVE/USDT:USDT,297.72,2.9,297.71,29.0,297.73,1.1,297.75,7.2
1753504070591,04:27:50.591,AAVE/USDT:USDT,297.72,12.5,297.71,29.0,297.73,0.5,297.75,7.2
1753504070741,04:27:50.741,AAVE/USDT:USDT,297.72,7.7,297.71,29.0,297.73,0.5,297.75,7.2
1753504070891,04:27:50.891,AAVE/USDT:USDT,297.72,2.9,297.71,29.0,297.73,0.5,297.75,7.2
1753504071041,04:27:51.041,AAVE/USDT:USDT,297.72,0.5,297.71,26.5,297.73,3.4,297.74,2.6
1753504071191,04:27:51.191,AAVE/USDT:USDT,297.69,0.3,297.68,25.8,297.7,0.5,297.71,0.3
1753504071341,04:27:51.341,AAVE/USDT:USDT,297.69,0.8,297.68,25.8,297.7,1.4,297.72,2.2
1753504071491,04:27:51.491,AAVE/USDT:USDT,297.69,0.8,297.68,25.8,297.7,1.4,297.72,2.2
1753504071641,04:27:51.641,AAVE/USDT:USDT,297.69,0.8,297.68,25.8,297.7,1.4,297.72,2.2
1753504071791,04:27:51.791,AAVE/USDT:USDT,297.69,0.8,297.68,25.8,297.7,1.4,297.72,2.2
1753504071941,04:27:51.941,AAVE/USDT:USDT,297.69,0.8,297.68,25.8,297.7,1.4,297.72,3.1
1753504072092,04:27:52.092,AAVE/USDT:USDT,297.69,0.8,297.68,25.8,297.7,1.4,297.72,3.1
1753504072242,04:27:52.242,AAVE/USDT:USDT,297.69,0.5,297.68,25.8,297.7,1.4,297.72,3.1
1753504072392,04:27:52.392,AAVE/USDT:USDT,297.69,0.5,297.68,25.8,297.7,1.1,297.72,3.1
1753504072542,04:27:52.542,AAVE/USDT:USDT,297.69,0.8,297.68,25.8,297.7,1.1,297.72,2.2
1753504072692,04:27:52.692,AAVE/USDT:USDT,297.69,0.8,297.68,26.8,297.7,1.1,297.72,2.2
1753504072842,04:27:52.842,AAVE/USDT:USDT,297.69,0.3,297.68,28.3,297.7,0.5,297.72,2.2
1753504072992,04:27:52.992,AAVE/USDT:USDT,297.69,0.8,297.68,28.3,297.7,0.5,297.72,2.2
1753504073142,04:27:53.142,AAVE/USDT:USDT,297.69,0.8,297.68,28.5,297.7,0.5,297.72,2.2
1753504073292,04:27:53.292,AAVE/USDT:USDT,297.69,5.6,297.68,28.5,297.7,0.5,297.72,2.2
1753504073442,04:27:53.442,AAVE/USDT:USDT,297.69,7.8,297.68,28.5,297.7,0.5,297.72,1.7
1753504073592,04:27:53.592,AAVE/USDT:USDT,297.69,7.8,297.68,28.3,297.7,0.5,297.73,11.0
1753504073743,04:27:53.743,AAVE/USDT:USDT,297.69,3.0,297.68,28.3,297.7,0.8,297.73,18.2
1753504073893,04:27:53.893,AAVE/USDT:USDT,297.69,1.0,297.68,28.3,297.7,0.5,297.73,18.2
1753504074043,04:27:54.043,AAVE/USDT:USDT,297.69,0.8,297.68,25.8,297.7,0.8,297.72,2.9
1753504074193,04:27:54.193,AAVE/USDT:USDT,297.69,0.8,297.68,27.3,297.7,0.5,297.72,2.9
1753504074343,04:27:54.343,AAVE/USDT:USDT,297.68,25.8,297.67,1.1,297.7,0.8,297.72,2.9
1753504074493,04:27:54.493,AAVE/USDT:USDT,297.68,25.8,297.67,1.1,297.69,0.6,297.7,0.8
1753504074643,04:27:54.643,AAVE/USDT:USDT,297.68,25.8,297.67,2.1,297.69,1.1,297.71,7.2
1753504074793,04:27:54.793,AAVE/USDT:USDT,297.68,25.8,297.67,2.1,297.69,1.4,297.71,7.2
1753504074943,04:27:54.943,AAVE/USDT:USDT,297.68,25.8,297.67,2.1,297.69,1.4,297.71,7.2
1753504075093,04:27:55.093,AAVE/USDT:USDT,297.68,25.8,297.67,2.1,297.69,1.4,297.71,7.2
1753504075243,04:27:55.243,AAVE/USDT:USDT,297.68,25.8,297.67,2.1,297.69,1.4,297.71,7.2
1753504075393,04:27:55.393,AAVE/USDT:USDT,297.68,27.3,297.67,2.1,297.69,0.5,297.71,7.2
1753504075544,04:27:55.544,AAVE/USDT:USDT,297.68,27.3,297.67,2.1,297.69,0.5,297.71,7.2
1753504075694,04:27:55.694,AAVE/USDT:USDT,297.68,27.3,297.67,2.1,297.69,0.5,297.71,7.2
1753504075844,04:27:55.844,AAVE/USDT:USDT,297.69,1.9,297.68,26.3,297.7,0.5,297.71,7.2
1753504075994,04:27:55.994,AAVE/USDT:USDT,297.68,26.3,297.67,2.1,297.7,0.8,297.72,0.3
1753504076144,04:27:56.144,AAVE/USDT:USDT,297.68,26.3,297.67,1.1,297.69,0.6,297.7,1.4
1753504076294,04:27:56.294,AAVE/USDT:USDT,297.68,26.3,297.67,2.1,297.69,1.4,297.72,0.3
1753504076444,04:27:56.444,AAVE/USDT:USDT,297.68,26.3,297.67,2.1,297.69,1.4,297.71,7.2
1753504076594,04:27:56.594,AAVE/USDT:USDT,297.68,26.3,297.67,1.1,297.69,1.4,297.71,7.2
1753504076744,04:27:56.744,AAVE/USDT:USDT,297.68,26.3,297.67,1.1,297.69,1.4,297.71,7.2
1753504076894,04:27:56.894,AAVE/USDT:USDT,297.66,0.7,297.65,25.9,297.69,1.4,297.7,2.2
1753504077044,04:27:57.044,AAVE/USDT:USDT,297.65,25.9,297.64,0.1,297.67,1.1,297.69,1.6
1753504077194,04:27:57.194,AAVE/USDT:USDT,297.65,26.4,297.64,0.1,297.66,1.4,297.67,0.6
1753504077345,04:27:57.345,AAVE/USDT:USDT,297.65,26.4,297.64,0.1,297.66,1.4,297.68,7.2
1753504077495,04:27:57.495,AAVE/USDT:USDT,297.65,0.5,297.64,0.1,297.66,1.4,297.68,7.2
1753504077645,04:27:57.645,AAVE/USDT:USDT,297.64,0.1,297.63,5.0,297.66,3.4,297.67,2.5
1753504077795,04:27:57.795,AAVE/USDT:USDT,297.64,0.1,297.63,5.0,297.65,0.6,297.66,3.4
1753504077945,04:27:57.945,AAVE/USDT:USDT,297.63,5.0,297.62,25.9,297.65,1.4,297.66,2.0
1753504078095,04:27:58.095,AAVE/USDT:USDT,297.63,5.0,297.62,25.9,297.64,0.6,297.65,1.4
1753504078245,04:27:58.245,AAVE/USDT:USDT,297.63,5.0,297.62,25.9,297.64,1.4,297.66,9.2
1753504078395,04:27:58.395,AAVE/USDT:USDT,297.63,5.0,297.62,25.9,297.64,1.4,297.66,9.2
1753504078545,04:27:58.545,AAVE/USDT:USDT,297.59,25.8,297.57,0.5,297.63,5.0,297.64,2.6
1753504078696,04:27:58.696,AAVE/USDT:USDT,297.59,33.2,297.57,0.5,297.6,1.1,297.63,0.7
1753504078845,04:27:58.845,AAVE/USDT:USDT,297.59,35.7,297.58,5.0,297.6,1.1,297.63,7.5
1753504078995,04:27:58.995,AAVE/USDT:USDT,297.59,35.7,297.58,5.0,297.6,1.1,297.62,7.2
1753504079146,04:27:59.146,AAVE/USDT:USDT,297.59,35.7,297.58,5.0,297.6,1.1,297.62,7.2
1753504079296,04:27:59.296,AAVE/USDT:USDT,297.59,34.7,297.58,5.0,297.6,1.1,297.62,7.2
1753504079446,04:27:59.446,AAVE/USDT:USDT,297.59,33.2,297.58,6.0,297.6,1.4,297.62,7.2
1753504079596,04:27:59.596,AAVE/USDT:USDT,297.59,33.2,297.58,7.5,297.6,1.4,297.62,7.2
1753504079746,04:27:59.746,AAVE/USDT:USDT,297.59,33.2,297.58,7.5,297.6,1.1,297.62,7.2
1753504079896,04:27:59.896,AAVE/USDT:USDT,297.59,33.2,297.58,7.5,297.6,0.5,297.62,7.2
1753504080046,04:28:00.046,AAVE/USDT:USDT,297.59,33.2,297.58,7.5,297.6,0.5,297.62,7.2
1753504080196,04:28:00.196,AAVE/USDT:USDT,297.57,5.0,297.56,30.8,297.6,1.4,297.61,2.2
1753504080346,04:28:00.346,AAVE/USDT:USDT,297.57,5.0,297.56,30.8,297.58,1.1,297.6,0.9
1753504080496,04:28:00.496,AAVE/USDT:USDT,297.57,5.5,297.56,30.8,297.58,1.4,297.6,0.6
1753504080646,04:28:00.646,AAVE/USDT:USDT,297.57,5.5,297.56,31.8,297.58,1.4,297.6,7.2
1753504080796,04:28:00.796,AAVE/USDT:USDT,297.57,5.5,297.56,30.8,297.58,1.4,297.6,7.2
1753504080947,04:28:00.947,AAVE/USDT:USDT,297.57,5.5,297.56,30.8,297.58,1.4,297.6,7.2
1753504081097,04:28:01.097,AAVE/USDT:USDT,297.57,5.5,297.56,30.8,297.58,1.4,297.6,7.2
1753504081246,04:28:01.246,AAVE/USDT:USDT,297.57,5.5,297.56,32.3,297.58,1.4,297.6,7.2
1753504081396,04:28:01.396,AAVE/USDT:USDT,297.6,0.5,297.59,2.4,297.61,1.4,297.62,8.4
1753504081547,04:28:01.547,AAVE/USDT:USDT,297.6,0.5,297.59,2.4,297.61,0.9,297.62,1.2
1753504081697,04:28:01.697,AAVE/USDT:USDT,297.6,0.5,297.59,2.4,297.61,1.4,297.62,1.2
1753504081847,04:28:01.847,AAVE/USDT:USDT,297.6,0.5,297.59,2.4,297.61,1.4,297.62,1.2
1753504081997,04:28:01.997,AAVE/USDT:USDT,297.6,0.5,297.59,2.4,297.61,1.4,297.62,1.2
1753504082147,04:28:02.147,AAVE/USDT:USDT,297.6,0.5,297.59,0.5,297.61,1.4,297.62,1.2
1753504082297,04:28:02.297,AAVE/USDT:USDT,297.6,0.5,297.59,0.5,297.61,1.4,297.62,1.2
1753504082447,04:28:02.447,AAVE/USDT:USDT,297.6,0.5,297.59,0.5,297.61,1.4,297.62,1.2
1753504082598,04:28:02.598,AAVE/USDT:USDT,297.6,0.5,297.59,0.5,297.61,1.4,297.62,2.7
1753504082748,04:28:02.748,AAVE/USDT:USDT,297.6,0.5,297.59,0.5,297.61,1.4,297.62,2.7
1753504082898,04:28:02.898,AAVE/USDT:USDT,297.6,0.5,297.59,0.5,297.61,1.4,297.62,2.7
1753504083048,04:28:03.048,AAVE/USDT:USDT,297.6,0.5,297.59,0.5,297.61,3.1,297.62,2.7
1753504083198,04:28:03.198,AAVE/USDT:USDT,297.6,0.5,297.59,0.5,297.61,1.4,297.62,2.7
1753504083348,04:28:03.348,AAVE/USDT:USDT,297.6,0.5,297.59,0.5,297.61,1.4,297.62,2.7
1753504083498,04:28:03.498,AAVE/USDT:USDT,297.6,0.5,297.59,0.5,297.61,2.0,297.62,2.7
1753504083648,04:28:03.648,AAVE/USDT:USDT,297.6,0.5,297.59,0.5,297.61,1.4,297.62,2.7
1753504083798,04:28:03.798,AAVE/USDT:USDT,297.6,0.5,297.59,0.5,297.61,1.4,297.62,2.7
1753504083948,04:28:03.948,AAVE/USDT:USDT,297.6,0.5,297.59,0.5,297.61,1.4,297.62,2.7
1753504084098,04:28:04.098,AAVE/USDT:USDT,297.6,0.5,297.59,0.5,297.61,1.4,297.62,2.7
1753504084248,04:28:04.248,AAVE/USDT:USDT,297.6,0.5,297.59,0.5,297.61,5.6,297.62,2.7
1753504084399,04:28:04.399,AAVE/USDT:USDT,297.6,0.5,297.59,0.5,297.61,5.6,297.62,2.7
1753504084549,04:28:04.549,AAVE/USDT:USDT,297.6,0.5,297.59,0.5,297.61,5.6,297.62,2.7
1753504084699,04:28:04.699,AAVE/USDT:USDT,297.6,0.5,297.59,0.5,297.61,5.6,297.62,2.7
1753504084849,04:28:04.849,AAVE/USDT:USDT,297.6,0.5,297.59,0.5,297.61,5.6,297.62,2.7
1753504084999,04:28:04.999,AAVE/USDT:USDT,297.6,0.5,297.59,0.5,297.61,5.6,297.62,2.7
1753504085149,04:28:05.149,AAVE/USDT:USDT,297.59,0.5,297.58,0.7,297.61,5.6,297.62,2.7
1753504085299,04:28:05.299,AAVE/USDT:USDT,297.59,0.5,297.58,0.7,297.6,0.6,297.61,5.8
1753504085449,04:28:05.449,AAVE/USDT:USDT,297.59,0.5,297.58,0.7,297.6,1.4,297.61,0.2
1753504085599,04:28:05.599,AAVE/USDT:USDT,297.59,0.5,297.58,0.7,297.6,1.4,297.61,0.2
1753504085749,04:28:05.749,AAVE/USDT:USDT,297.59,0.5,297.58,0.7,297.6,1.4,297.61,0.2
1753504085899,04:28:05.899,AAVE/USDT:USDT,297.59,0.5,297.58,0.7,297.6,1.4,297.61,0.2
1753504086049,04:28:06.049,AAVE/USDT:USDT,297.59,0.5,297.58,0.7,297.6,1.4,297.61,0.2
1753504086200,04:28:06.200,AAVE/USDT:USDT,297.59,0.5,297.58,0.7,297.6,1.4,297.61,0.2
1753504086349,04:28:06.349,AAVE/USDT:USDT,297.59,0.5,297.58,0.7,297.6,1.4,297.61,0.2
1753504086500,04:28:06.500,AAVE/USDT:USDT,297.59,0.5,297.58,0.7,297.6,1.4,297.61,0.2
1753504086650,04:28:06.650,AAVE/USDT:USDT,297.59,0.5,297.58,0.7,297.6,1.4,297.61,0.2
1753504086800,04:28:06.800,AAVE/USDT:USDT,297.59,0.5,297.58,0.7,297.6,1.4,297.61,0.2
1753504086950,04:28:06.950,AAVE/USDT:USDT,297.59,0.5,297.58,0.7,297.6,1.4,297.61,0.2
1753504087100,04:28:07.100,AAVE/USDT:USDT,297.59,0.5,297.58,0.7,297.6,1.4,297.61,0.2
1753504087250,04:28:07.250,AAVE/USDT:USDT,297.59,0.5,297.58,0.7,297.6,1.4,297.61,0.2
1753504087400,04:28:07.400,AAVE/USDT:USDT,297.59,0.5,297.58,0.7,297.6,1.4,297.61,0.2
1753504087550,04:28:07.550,AAVE/USDT:USDT,297.59,0.5,297.58,0.7,297.6,1.4,297.61,0.2
1753504087700,04:28:07.700,AAVE/USDT:USDT,297.59,0.5,297.58,0.7,297.6,1.4,297.61,0.2
1753504087851,04:28:07.851,AAVE/USDT:USDT,297.59,0.5,297.58,0.7,297.6,1.4,297.61,0.2
1753504088001,04:28:08.001,AAVE/USDT:USDT,297.59,0.5,297.58,0.7,297.6,1.4,297.61,0.2
1753504088151,04:28:08.151,AAVE/USDT:USDT,297.59,0.5,297.58,0.7,297.6,1.4,297.61,0.2
1753504088301,04:28:08.301,AAVE/USDT:USDT,297.59,0.5,297.58,0.7,297.6,1.4,297.61,0.2
1753504088451,04:28:08.451,AAVE/USDT:USDT,297.59,0.5,297.58,0.7,297.6,1.4,297.61,0.2
1753504088601,04:28:08.601,AAVE/USDT:USDT,297.59,0.5,297.58,0.7,297.6,1.4,297.61,0.2
1753504088751,04:28:08.751,AAVE/USDT:USDT,297.59,0.5,297.58,0.7,297.6,1.4,297.61,0.2
1753504088901,04:28:08.901,AAVE/USDT:USDT,297.59,1.8,297.58,2.2,297.6,1.4,297.61,0.2
1753504089051,04:28:09.051,AAVE/USDT:USDT,297.59,1.8,297.58,2.2,297.6,0.9,297.61,0.2
1753504089201,04:28:09.201,AAVE/USDT:USDT,297.59,1.8,297.58,2.2,297.6,0.6,297.61,0.2
1753504089351,04:28:09.351,AAVE/USDT:USDT,297.59,3.8,297.58,2.2,297.6,0.3,297.61,0.2
1753504089501,04:28:09.501,AAVE/USDT:USDT,297.59,3.5,297.58,2.2,297.6,0.3,297.61,0.2
1753504089652,04:28:09.652,AAVE/USDT:USDT,297.59,3.5,297.58,2.2,297.6,0.3,297.61,0.2
1753504089802,04:28:09.802,AAVE/USDT:USDT,297.59,0.5,297.58,0.7,297.6,0.3,297.61,0.2
1753504089952,04:28:09.952,AAVE/USDT:USDT,297.59,0.5,297.58,0.7,297.6,0.9,297.61,0.2
1753504090102,04:28:10.102,AAVE/USDT:USDT,297.59,0.5,297.58,0.7,297.6,0.9,297.61,0.2
1753504090252,04:28:10.252,AAVE/USDT:USDT,297.59,0.5,297.58,0.7,297.6,0.9,297.61,0.2
1753504090402,04:28:10.402,AAVE/USDT:USDT,297.59,0.5,297.58,0.7,297.6,0.9,297.61,0.2
1753504090552,04:28:10.552,AAVE/USDT:USDT,297.59,0.5,297.58,0.7,297.6,0.9,297.61,0.2
1753504090702,04:28:10.702,AAVE/USDT:USDT,297.59,0.5,297.58,0.7,297.6,0.3,297.61,0.2
1753504090852,04:28:10.852,AAVE/USDT:USDT,297.6,2.2,297.59,5.2,297.62,7.7,297.64,3.0
1753504091002,04:28:11.002,AAVE/USDT:USDT,297.61,2.5,297.6,1.9,297.64,0.5,297.65,7.4
1753504091152,04:28:11.152,AAVE/USDT:USDT,297.63,0.5,297.61,3.4,297.64,0.8,297.65,7.4
1753504091303,04:28:11.303,AAVE/USDT:USDT,297.63,0.5,297.61,3.4,297.64,1.4,297.65,7.4
1753504091453,04:28:11.453,AAVE/USDT:USDT,297.63,0.5,297.61,3.4,297.64,2.9,297.65,7.4
1753504091603,04:28:11.603,AAVE/USDT:USDT,297.63,0.5,297.61,2.4,297.64,1.4,297.65,7.4
1753504091753,04:28:11.753,AAVE/USDT:USDT,297.63,5.0,297.61,2.4,297.64,0.5,297.65,7.4
1753504091903,04:28:11.903,AAVE/USDT:USDT,297.63,2.8,297.61,2.4,297.64,1.4,297.65,7.4
1753504092053,04:28:12.053,AAVE/USDT:USDT,297.63,0.5,297.61,2.4,297.64,2.5,297.65,7.4
1753504092203,04:28:12.203,AAVE/USDT:USDT,297.63,0.5,297.61,2.4,297.64,2.5,297.65,7.4
1753504092353,04:28:12.353,AAVE/USDT:USDT,297.63,0.5,297.61,2.4,297.64,2.5,297.65,7.4
1753504092503,04:28:12.503,AAVE/USDT:USDT,297.63,0.5,297.61,2.4,297.64,2.5,297.65,7.4
1753504092653,04:28:12.653,AAVE/USDT:USDT,297.63,0.5,297.61,2.4,297.64,2.5,297.65,7.4
1753504092803,04:28:12.803,AAVE/USDT:USDT,297.63,0.5,297.61,2.4,297.64,2.5,297.65,7.4
1753504092953,04:28:12.953,AAVE/USDT:USDT,297.63,0.5,297.61,2.4,297.64,2.5,297.65,7.4
1753504093104,04:28:13.104,AAVE/USDT:USDT,297.63,0.5,297.61,2.4,297.64,2.5,297.65,7.4
1753504093254,04:28:13.254,AAVE/USDT:USDT,297.63,0.5,297.61,2.4,297.64,2.5,297.65,7.4
1753504093404,04:28:13.404,AAVE/USDT:USDT,297.63,0.5,297.61,2.4,297.64,2.5,297.65,7.4
1753504093554,04:28:13.554,AAVE/USDT:USDT,297.61,2.4,297.6,2.2,297.64,2.5,297.65,7.4
1753504093704,04:28:13.704,AAVE/USDT:USDT,297.61,2.4,297.6,2.5,297.62,0.6,297.64,2.5
1753504093854,04:28:13.854,AAVE/USDT:USDT,297.61,2.7,297.6,5.0,297.62,1.1,297.64,0.6
1753504094004,04:28:14.004,AAVE/USDT:USDT,297.61,2.7,297.6,5.0,297.62,1.1,297.64,7.2
1753504094154,04:28:14.154,AAVE/USDT:USDT,297.61,2.7,297.6,5.0,297.62,1.1,297.64,7.2
1753504094304,04:28:14.304,AAVE/USDT:USDT,297.61,4.7,297.6,5.0,297.62,0.5,297.64,7.2
1753504094454,04:28:14.454,AAVE/USDT:USDT,297.61,4.7,297.6,5.0,297.62,0.3,297.63,0.5
1753504094604,04:28:14.604,AAVE/USDT:USDT,297.61,2.7,297.6,5.2,297.62,0.8,297.64,7.2
1753504094754,04:28:14.754,AAVE/USDT:USDT,297.61,2.7,297.6,5.2,297.62,0.8,297.64,7.2
1753504094904,04:28:14.904,AAVE/USDT:USDT,297.61,2.7,297.6,5.2,297.62,0.5,297.64,7.2
1753504095055,04:28:15.055,AAVE/USDT:USDT,297.61,2.7,297.6,5.2,297.62,0.5,297.64,7.2
1753504095205,04:28:15.205,AAVE/USDT:USDT,297.61,2.7,297.6,5.2,297.62,0.5,297.64,7.2
1753504095355,04:28:15.355,AAVE/USDT:USDT,297.61,2.7,297.6,5.2,297.62,0.5,297.64,7.2
1753504095505,04:28:15.505,AAVE/USDT:USDT,297.61,2.7,297.6,5.2,297.62,0.5,297.64,7.2
1753504095655,04:28:15.655,AAVE/USDT:USDT,297.61,2.7,297.6,5.2,297.62,0.5,297.64,7.2
1753504095805,04:28:15.805,AAVE/USDT:USDT,297.61,2.7,297.6,5.2,297.62,0.5,297.64,7.2
1753504095955,04:28:15.955,AAVE/USDT:USDT,297.61,2.7,297.6,5.2,297.62,0.5,297.64,7.2
1753504096105,04:28:16.105,AAVE/USDT:USDT,297.61,0.8,297.6,4.0,297.62,0.8,297.64,7.2
1753504096255,04:28:16.255,AAVE/USDT:USDT,297.61,0.8,297.6,5.0,297.62,0.8,297.64,7.2
1753504096405,04:28:16.405,AAVE/USDT:USDT,297.59,26.9,297.58,1.3,297.62,1.4,297.64,9.4
1753504096555,04:28:16.555,AAVE/USDT:USDT,297.59,26.3,297.58,0.7,297.6,1.1,297.62,1.0
1753504096706,04:28:16.706,AAVE/USDT:USDT,297.59,26.3,297.58,0.7,297.6,3.2,297.61,2.6
1753504096856,04:28:16.856,AAVE/USDT:USDT,297.59,26.3,297.58,0.7,297.6,3.2,297.61,2.6
1753504097006,04:28:17.006,AAVE/USDT:USDT,297.59,26.3,297.58,0.7,297.6,6.7,297.61,2.6
1753504097156,04:28:17.156,AAVE/USDT:USDT,297.59,27.8,297.58,0.7,297.6,1.1,297.62,8.0
1753504097306,04:28:17.306,AAVE/USDT:USDT,297.59,26.3,297.58,2.2,297.6,1.1,297.62,7.2
1753504097456,04:28:17.456,AAVE/USDT:USDT,297.59,29.3,297.58,2.2,297.6,1.1,297.62,7.2
1753504097606,04:28:17.606,AAVE/USDT:USDT,297.59,29.3,297.58,2.4,297.6,1.9,297.62,7.2
1753504097756,04:28:17.756,AAVE/USDT:USDT,297.59,29.3,297.58,2.4,297.6,1.9,297.62,7.2
1753504097906,04:28:17.906,AAVE/USDT:USDT,297.59,29.3,297.58,2.4,297.6,0.8,297.62,7.2
1753504098056,04:28:18.056,AAVE/USDT:USDT,297.59,29.3,297.58,2.4,297.6,0.8,297.62,7.2
1753504098206,04:28:18.206,AAVE/USDT:USDT,297.59,29.3,297.58,2.4,297.6,0.8,297.62,7.2
1753504098356,04:28:18.356,AAVE/USDT:USDT,297.59,29.3,297.58,2.4,297.6,0.8,297.62,7.2
1753504098507,04:28:18.507,AAVE/USDT:USDT,297.59,29.3,297.58,2.4,297.6,0.8,297.62,7.2
1753504098657,04:28:18.657,AAVE/USDT:USDT,297.59,29.3,297.58,2.2,297.6,0.8,297.62,7.2
1753504098807,04:28:18.807,AAVE/USDT:USDT,297.59,29.3,297.58,2.2,297.6,0.8,297.62,7.2
1753504098957,04:28:18.957,AAVE/USDT:USDT,297.59,29.3,297.58,2.2,297.6,0.8,297.62,7.2
1753504099107,04:28:19.107,AAVE/USDT:USDT,297.59,29.3,297.58,2.2,297.6,0.8,297.62,7.2
1753504099257,04:28:19.257,AAVE/USDT:USDT,297.59,29.3,297.58,2.2,297.6,0.8,297.62,7.2
1753504099407,04:28:19.407,AAVE/USDT:USDT,297.59,29.3,297.58,2.2,297.6,0.8,297.62,7.2
1753504099557,04:28:19.557,AAVE/USDT:USDT,297.59,29.3,297.58,2.2,297.6,0.8,297.62,7.2
1753504099707,04:28:19.707,AAVE/USDT:USDT,297.59,26.3,297.58,0.7,297.6,1.6,297.62,7.2
1753504099857,04:28:19.857,AAVE/USDT:USDT,297.59,28.8,297.58,0.7,297.6,1.3,297.62,7.2
1753504100007,04:28:20.007,AAVE/USDT:USDT,297.59,30.8,297.58,0.7,297.6,1.3,297.62,7.2
1753504100158,04:28:20.158,AAVE/USDT:USDT,297.59,30.8,297.58,0.7,297.6,0.8,297.62,7.2
1753504100308,04:28:20.308,AAVE/USDT:USDT,297.59,31.3,297.58,4.7,297.63,0.3,297.64,0.7
1753504100458,04:28:20.458,AAVE/USDT:USDT,297.59,33.2,297.58,4.7,297.62,0.5,297.63,1.3
1753504100608,04:28:20.608,AAVE/USDT:USDT,297.61,2.0,297.6,0.3,297.62,0.8,297.64,7.2
1753504100758,04:28:20.758,AAVE/USDT:USDT,297.61,2.8,297.6,0.5,297.62,1.4,297.64,7.2
1753504100908,04:28:20.908,AAVE/USDT:USDT,297.61,2.8,297.6,0.5,297.62,1.4,297.64,7.2
1753504101058,04:28:21.058,AAVE/USDT:USDT,297.61,2.8,297.6,0.5,297.62,1.1,297.64,7.2
1753504101208,04:28:21.208,AAVE/USDT:USDT,297.61,2.8,297.6,0.5,297.64,7.2,297.65,34.3
1753504101358,04:28:21.358,AAVE/USDT:USDT,297.61,0.8,297.6,0.5,297.63,0.5,297.64,6.8
1753504101508,04:28:21.508,AAVE/USDT:USDT,297.61,0.8,297.6,0.5,297.62,0.6,297.63,0.8
1753504101658,04:28:21.658,AAVE/USDT:USDT,297.61,0.5,297.6,0.5,297.62,1.4,297.64,7.2
1753504101808,04:28:21.808,AAVE/USDT:USDT,297.61,0.8,297.6,2.0,297.62,0.5,297.65,44.1
1753504101958,04:28:21.958,AAVE/USDT:USDT,297.61,2.8,297.6,2.0,297.62,0.5,297.64,9.8
1753504102109,04:28:22.109,AAVE/USDT:USDT,297.63,0.5,297.62,0.3,297.64,9.8,297.65,34.3
1753504102258,04:28:22.258,AAVE/USDT:USDT,297.63,0.5,297.61,2.4,297.64,2.6,297.65,34.3
1753504102408,04:28:22.408,AAVE/USDT:USDT,297.63,0.5,297.61,2.4,297.64,6.6,297.65,34.3
1753504102559,04:28:22.559,AAVE/USDT:USDT,297.63,0.5,297.61,2.4,297.64,6.6,297.65,34.3
1753504102709,04:28:22.709,AAVE/USDT:USDT,297.63,0.5,297.61,2.4,297.64,6.6,297.65,34.3
1753504102859,04:28:22.859,AAVE/USDT:USDT,297.63,0.8,297.61,2.4,297.64,6.6,297.65,34.3
1753504103009,04:28:23.009,AAVE/USDT:USDT,297.63,0.5,297.61,2.4,297.64,6.6,297.65,34.3
1753504103159,04:28:23.159,AAVE/USDT:USDT,297.63,0.5,297.61,0.5,297.64,6.6,297.65,34.3
1753504103309,04:28:23.309,AAVE/USDT:USDT,297.63,0.5,297.61,0.5,297.64,6.6,297.65,34.3
1753504103459,04:28:23.459,AAVE/USDT:USDT,297.63,0.5,297.61,0.5,297.64,6.6,297.65,34.3
1753504103609,04:28:23.609,AAVE/USDT:USDT,297.63,0.5,297.61,0.5,297.64,6.6,297.65,34.3
1753504103760,04:28:23.760,AAVE/USDT:USDT,297.63,0.5,297.61,0.5,297.64,6.6,297.65,34.3
1753504103910,04:28:23.910,AAVE/USDT:USDT,297.63,0.5,297.61,0.5,297.64,6.6,297.65,34.3
1753504104060,04:28:24.060,AAVE/USDT:USDT,297.61,0.5,297.6,0.5,297.64,6.6,297.65,34.3
1753504104210,04:28:24.210,AAVE/USDT:USDT,297.61,0.8,297.6,0.5,297.62,1.4,297.64,5.8
1753504104360,04:28:24.360,AAVE/USDT:USDT,297.61,0.8,297.6,0.5,297.62,1.4,297.64,7.2
1753504104510,04:28:24.510,AAVE/USDT:USDT,297.61,3.8,297.6,2.0,297.65,34.3,297.66,117.7
1753504104660,04:28:24.660,AAVE/USDT:USDT,297.63,0.8,297.62,1.9,297.64,0.5,297.65,34.3
1753504104810,04:28:24.810,AAVE/USDT:USDT,297.63,0.5,297.62,1.9,297.64,1.4,297.65,34.3
1753504104960,04:28:24.960,AAVE/USDT:USDT,297.63,0.5,297.62,1.9,297.64,1.4,297.65,34.3
1753504105110,04:28:25.110,AAVE/USDT:USDT,297.63,0.5,297.62,1.9,297.64,6.8,297.65,34.3
1753504105260,04:28:25.260,AAVE/USDT:USDT,297.63,0.5,297.62,1.9,297.64,6.8,297.65,34.3
1753504105410,04:28:25.410,AAVE/USDT:USDT,297.63,0.5,297.62,1.9,297.64,6.8,297.65,34.3
1753504105561,04:28:25.561,AAVE/USDT:USDT,297.63,0.5,297.61,0.5,297.64,6.8,297.65,34.3
1753504105711,04:28:25.711,AAVE/USDT:USDT,297.63,0.5,297.61,0.5,297.64,6.8,297.65,36.9
1753504105861,04:28:25.861,AAVE/USDT:USDT,297.63,0.5,297.61,0.5,297.64,6.8,297.65,36.9
1753504106011,04:28:26.011,AAVE/USDT:USDT,297.63,0.5,297.61,0.5,297.64,6.8,297.65,36.9
1753504106161,04:28:26.161,AAVE/USDT:USDT,297.63,0.8,297.61,0.5,297.64,6.5,297.65,36.9
1753504106311,04:28:26.311,AAVE/USDT:USDT,297.63,0.5,297.61,0.5,297.64,6.5,297.65,36.9
1753504106461,04:28:26.461,AAVE/USDT:USDT,297.63,0.5,297.61,0.5,297.64,6.5,297.65,36.9
1753504106611,04:28:26.611,AAVE/USDT:USDT,297.63,0.5,297.61,0.5,297.64,6.5,297.65,36.9
1753504106761,04:28:26.761,AAVE/USDT:USDT,297.63,0.5,297.61,0.5,297.64,6.5,297.65,36.9
1753504106911,04:28:26.911,AAVE/USDT:USDT,297.63,0.5,297.61,0.5,297.64,3.8,297.65,36.9
1753504107061,04:28:27.061,AAVE/USDT:USDT,297.63,0.8,297.61,0.5,297.64,1.4,297.65,36.9
1753504107211,04:28:27.211,AAVE/USDT:USDT,297.63,0.8,297.61,0.5,297.64,1.4,297.65,34.3
1753504107362,04:28:27.362,AAVE/USDT:USDT,297.63,0.5,297.61,0.5,297.64,1.4,297.65,34.3
1753504107512,04:28:27.512,AAVE/USDT:USDT,297.63,0.5,297.61,0.5,297.64,8.2,297.65,34.3
1753504107662,04:28:27.662,AAVE/USDT:USDT,297.61,0.5,297.6,0.5,297.64,8.2,297.65,34.3
1753504107812,04:28:27.812,AAVE/USDT:USDT,297.61,0.8,297.6,1.5,297.62,1.1,297.64,7.7
1753504107962,04:28:27.962,AAVE/USDT:USDT,297.61,0.8,297.6,1.5,297.62,1.1,297.64,7.2
1753504108112,04:28:28.112,AAVE/USDT:USDT,297.61,0.8,297.6,1.5,297.62,1.4,297.64,7.2
1753504108262,04:28:28.262,AAVE/USDT:USDT,297.61,0.8,297.6,0.5,297.62,1.1,297.64,7.2
1753504108412,04:28:28.412,AAVE/USDT:USDT,297.61,0.8,297.6,2.0,297.62,1.1,297.64,7.2
1753504108562,04:28:28.562,AAVE/USDT:USDT,297.61,0.8,297.6,0.5,297.62,1.1,297.64,7.2
1753504108712,04:28:28.712,AAVE/USDT:USDT,297.61,0.8,297.6,0.5,297.62,1.4,297.64,7.2
1753504108862,04:28:28.862,AAVE/USDT:USDT,297.61,0.8,297.6,0.5,297.62,1.1,297.64,7.2
1753504109012,04:28:29.012,AAVE/USDT:USDT,297.61,0.5,297.6,0.5,297.62,1.4,297.64,7.2
1753504109163,04:28:29.163,AAVE/USDT:USDT,297.61,0.5,297.6,0.5,297.62,1.4,297.64,7.2
1753504109313,04:28:29.313,AAVE/USDT:USDT,297.6,0.8,297.59,33.2,297.62,1.4,297.64,7.2
1753504109463,04:28:29.463,AAVE/USDT:USDT,297.6,2.0,297.59,33.2,297.61,0.6,297.62,1.4
1753504109613,04:28:29.613,AAVE/USDT:USDT,297.6,3.5,297.59,33.2,297.61,0.6,297.62,0.8
1753504109763,04:28:29.763,AAVE/USDT:USDT,297.6,1.3,297.59,34.2,297.61,1.1,297.62,0.3
1753504109913,04:28:29.913,AAVE/USDT:USDT,297.6,1.3,297.59,34.2,297.61,1.1,297.62,0.3
1753504110063,04:28:30.063,AAVE/USDT:USDT,297.6,1.3,297.59,34.2,297.61,1.4,297.63,7.2
1753504110213,04:28:30.213,AAVE/USDT:USDT,297.6,1.3,297.59,34.2,297.61,1.4,297.63,7.2
1753504110363,04:28:30.363,AAVE/USDT:USDT,297.6,0.5,297.59,33.2,297.61,1.4,297.63,7.2
1753504110513,04:28:30.513,AAVE/USDT:USDT,297.6,5.3,297.59,33.2,297.61,0.5,297.64,99.1
1753504110663,04:28:30.663,AAVE/USDT:USDT,297.6,4.8,297.59,33.2,297.61,0.5,297.64,99.1
1753504110813,04:28:30.813,AAVE/USDT:USDT,297.6,4.8,297.59,33.2,297.61,0.5,297.64,98.8
1753504110963,04:28:30.963,AAVE/USDT:USDT,297.6,5.8,297.59,33.2,297.64,98.8,297.65,7.4
1753504111114,04:28:31.114,AAVE/USDT:USDT,297.61,2.1,297.6,7.4,297.63,0.5,297.64,95.4
1753504111264,04:28:31.264,AAVE/USDT:USDT,297.61,4.3,297.6,5.4,297.62,0.6,297.63,0.8
1753504111414,04:28:31.414,AAVE/USDT:USDT,297.61,4.3,297.6,5.4,297.62,1.4,297.64,98.8
1753504111564,04:28:31.564,AAVE/USDT:USDT,297.61,4.3,297.6,5.4,297.62,1.4,297.64,98.8
1753504111714,04:28:31.714,AAVE/USDT:USDT,297.61,4.3,297.6,5.4,297.62,1.4,297.64,98.8
1753504111864,04:28:31.864,AAVE/USDT:USDT,297.61,2.3,297.6,2.9,297.62,1.4,297.64,98.8
1753504112014,04:28:32.014,AAVE/USDT:USDT,297.61,2.6,297.6,2.9,297.62,1.1,297.64,98.8
1753504112164,04:28:32.164,AAVE/USDT:USDT,297.61,2.6,297.6,2.9,297.62,1.1,297.64,98.8
1753504112314,04:28:32.314,AAVE/USDT:USDT,297.61,2.6,297.6,3.9,297.62,1.1,297.64,98.8
1753504112464,04:28:32.464,AAVE/USDT:USDT,297.61,2.6,297.6,3.9,297.62,0.5,297.64,98.8
1753504112614,04:28:32.614,AAVE/USDT:USDT,297.61,2.6,297.6,2.9,297.62,0.5,297.64,98.8
1753504112765,04:28:32.765,AAVE/USDT:USDT,297.61,2.6,297.6,3.9,297.62,0.5,297.64,98.8
1753504112915,04:28:32.915,AAVE/USDT:USDT,297.61,2.6,297.6,5.4,297.62,0.5,297.64,98.8
1753504113065,04:28:33.065,AAVE/USDT:USDT,297.61,2.6,297.6,5.4,297.62,0.5,297.64,98.8
1753504113215,04:28:33.215,AAVE/USDT:USDT,297.61,2.6,297.6,5.4,297.62,0.5,297.64,98.8
1753504113365,04:28:33.365,AAVE/USDT:USDT,297.61,2.6,297.6,5.4,297.62,0.8,297.64,98.8
1753504113515,04:28:33.515,AAVE/USDT:USDT,297.62,1.8,297.61,4.4,297.67,42.3,297.68,13.2
1753504113665,04:28:33.665,AAVE/USDT:USDT,297.66,6.2,297.64,0.3,297.67,2.6,297.69,91.6
1753504113815,04:28:33.815,AAVE/USDT:USDT,297.68,2.3,297.66,4.9,297.69,91.8,297.7,156.8
1753504113965,04:28:33.965,AAVE/USDT:USDT,297.68,2.3,297.66,4.9,297.69,92.3,297.7,149.6
1753504114115,04:28:34.115,AAVE/USDT:USDT,297.68,2.5,297.66,4.9,297.69,92.3,297.7,8.2
1753504114265,04:28:34.265,AAVE/USDT:USDT,297.68,0.5,297.66,4.9,297.69,92.3,297.7,8.2
1753504114415,04:28:34.415,AAVE/USDT:USDT,297.68,0.5,297.66,4.9,297.69,92.3,297.7,8.2
1753504114566,04:28:34.566,AAVE/USDT:USDT,297.68,0.8,297.66,4.9,297.69,92.3,297.7,8.2
1753504114716,04:28:34.716,AAVE/USDT:USDT,297.68,0.5,297.66,4.9,297.69,92.3,297.7,7.9
1753504114866,04:28:34.866,AAVE/USDT:USDT,297.68,0.5,297.66,4.1,297.69,92.3,297.7,7.9
1753504115016,04:28:35.016,AAVE/USDT:USDT,297.68,0.5,297.66,4.1,297.69,92.3,297.7,7.9
1753504115166,04:28:35.166,AAVE/USDT:USDT,297.68,0.5,297.66,4.1,297.69,92.3,297.7,7.9
1753504115316,04:28:35.316,AAVE/USDT:USDT,297.68,0.5,297.66,4.1,297.69,92.3,297.7,7.9
1753504115466,04:28:35.466,AAVE/USDT:USDT,297.68,0.5,297.66,4.1,297.69,92.3,297.7,7.9
1753504115616,04:28:35.616,AAVE/USDT:USDT,297.68,0.5,297.66,4.1,297.69,92.3,297.7,7.9
1753504115766,04:28:35.766,AAVE/USDT:USDT,297.68,0.5,297.66,4.1,297.69,92.3,297.7,7.9
1753504115917,04:28:35.917,AAVE/USDT:USDT,297.68,0.5,297.66,4.1,297.69,92.3,297.7,7.9
1753504116066,04:28:36.066,AAVE/USDT:USDT,297.68,0.5,297.66,4.1,297.69,92.3,297.7,7.9
1753504116216,04:28:36.216,AAVE/USDT:USDT,297.68,0.8,297.66,4.1,297.69,92.3,297.7,7.9
1753504116367,04:28:36.367,AAVE/USDT:USDT,297.68,0.8,297.66,4.1,297.69,92.3,297.7,7.9
1753504116517,04:28:36.517,AAVE/USDT:USDT,297.68,0.8,297.66,4.1,297.69,92.3,297.7,7.9
1753504116667,04:28:36.667,AAVE/USDT:USDT,297.68,0.8,297.66,4.1,297.69,92.3,297.7,7.9
1753504116817,04:28:36.817,AAVE/USDT:USDT,297.68,0.5,297.66,4.1,297.69,92.3,297.7,7.9
1753504116967,04:28:36.967,AAVE/USDT:USDT,297.68,0.8,297.66,4.1,297.69,92.3,297.7,7.9
1753504117117,04:28:37.117,AAVE/USDT:USDT,297.68,0.5,297.66,4.1,297.69,92.3,297.7,7.9
1753504117267,04:28:37.267,AAVE/USDT:USDT,297.68,0.5,297.66,4.1,297.69,92.3,297.7,7.9
1753504117417,04:28:37.417,AAVE/USDT:USDT,297.68,0.8,297.67,0.2,297.69,92.3,297.7,7.9
1753504117567,04:28:37.567,AAVE/USDT:USDT,297.68,0.8,297.66,4.1,297.69,93.9,297.7,7.9
1753504117717,04:28:37.717,AAVE/USDT:USDT,297.68,0.5,297.66,4.1,297.69,93.9,297.7,7.9
1753504117867,04:28:37.867,AAVE/USDT:USDT,297.63,30.9,297.62,0.4,297.69,93.9,297.7,7.9
1753504118017,04:28:38.017,AAVE/USDT:USDT,297.65,0.3,297.63,30.9,297.69,93.9,297.7,7.9
1753504118168,04:28:38.168,AAVE/USDT:USDT,297.65,0.3,297.63,30.9,297.66,1.1,297.69,93.4
1753504118318,04:28:38.318,AAVE/USDT:USDT,297.65,0.3,297.63,30.9,297.66,1.4,297.68,7.2
1753504118468,04:28:38.468,AAVE/USDT:USDT,297.65,2.8,297.64,2.5,297.66,0.5,297.69,93.2
1753504118618,04:28:38.618,AAVE/USDT:USDT,297.65,2.2,297.64,5.7,297.69,93.2,297.7,15.1
1753504118768,04:28:38.768,AAVE/USDT:USDT,297.65,0.8,297.64,2.7,297.66,0.5,297.69,95.4
1753504118918,04:28:38.918,AAVE/USDT:USDT,297.65,2.8,297.64,2.5,297.66,0.5,297.69,100.4
1753504119068,04:28:39.068,AAVE/USDT:USDT,297.65,2.8,297.64,2.5,297.66,0.5,297.69,100.4
1753504119218,04:28:39.218,AAVE/USDT:USDT,297.65,0.8,297.64,2.5,297.66,0.5,297.69,100.4
1753504119368,04:28:39.368,AAVE/USDT:USDT,297.65,0.8,297.64,2.5,297.66,0.5,297.69,100.4
1753504119518,04:28:39.518,AAVE/USDT:USDT,297.65,3.0,297.64,2.5,297.69,100.4,297.71,25.8
1753504119668,04:28:39.668,AAVE/USDT:USDT,297.68,5.9,297.67,0.3,297.73,0.7,297.74,26.6
1753504119819,04:28:39.819,AAVE/USDT:USDT,297.71,3.6,297.7,2.2,297.72,0.5,297.73,93.9
1753504119969,04:28:39.969,AAVE/USDT:USDT,297.71,0.8,297.7,3.2,297.72,0.5,297.73,95.3
1753504120119,04:28:40.119,AAVE/USDT:USDT,297.71,0.8,297.7,3.2,297.72,0.5,297.73,95.3
1753504120269,04:28:40.269,AAVE/USDT:USDT,297.71,0.8,297.7,2.2,297.72,0.5,297.73,95.3
1753504120419,04:28:40.419,AAVE/USDT:USDT,297.71,0.8,297.7,2.2,297.72,0.5,297.73,95.3
1753504120569,04:28:40.569,AAVE/USDT:USDT,297.71,0.8,297.7,2.2,297.72,0.5,297.73,95.3
1753504120719,04:28:40.719,AAVE/USDT:USDT,297.71,0.8,297.7,2.2,297.72,0.5,297.73,95.3
1753504120869,04:28:40.869,AAVE/USDT:USDT,297.71,0.8,297.7,3.4,297.72,0.5,297.73,95.3
1753504121019,04:28:41.019,AAVE/USDT:USDT,297.71,0.8,297.7,3.4,297.72,0.5,297.73,95.3
1753504121169,04:28:41.169,AAVE/USDT:USDT,297.71,0.8,297.7,3.4,297.72,0.5,297.73,95.3
1753504121319,04:28:41.319,AAVE/USDT:USDT,297.7,0.5,297.69,25.8,297.72,0.8,297.73,95.3
1753504121470,04:28:41.470,AAVE/USDT:USDT,297.7,0.5,297.69,25.8,297.71,0.6,297.72,0.8
1753504121620,04:28:41.620,AAVE/USDT:USDT,297.7,3.5,297.69,25.8,297.71,1.1,297.73,95.3
1753504121770,04:28:41.770,AAVE/USDT:USDT,297.7,2.8,297.69,26.8,297.71,1.1,297.73,102.5
1753504121920,04:28:41.920,AAVE/USDT:USDT,297.7,2.8,297.69,26.8,297.71,1.1,297.73,102.5
1753504122070,04:28:42.070,AAVE/USDT:USDT,297.7,2.8,297.69,26.8,297.71,1.1,297.73,102.5
1753504122220,04:28:42.220,AAVE/USDT:USDT,297.7,0.8,297.69,25.8,297.71,1.1,297.73,102.5
1753504122370,04:28:42.370,AAVE/USDT:USDT,297.7,0.8,297.69,25.8,297.71,1.1,297.73,101.1
1753504122520,04:28:42.520,AAVE/USDT:USDT,297.7,2.8,297.69,25.8,297.71,1.1,297.73,101.1
1753504122670,04:28:42.670,AAVE/USDT:USDT,297.7,3.8,297.69,25.8,297.71,1.3,297.73,101.1
1753504122820,04:28:42.820,AAVE/USDT:USDT,297.7,3.8,297.69,25.8,297.71,1.3,297.73,101.1
1753504122970,04:28:42.970,AAVE/USDT:USDT,297.7,3.8,297.69,25.8,297.71,1.3,297.73,101.1
1753504123120,04:28:43.120,AAVE/USDT:USDT,297.7,3.8,297.69,25.8,297.71,0.5,297.73,101.1
1753504123271,04:28:43.271,AAVE/USDT:USDT,297.7,6.1,297.69,28.8,297.73,91.6,297.75,42.0
1753504123421,04:28:43.421,AAVE/USDT:USDT,297.71,0.3,297.7,9.2,297.72,0.5,297.73,91.6
1753504123571,04:28:43.571,AAVE/USDT:USDT,297.71,2.8,297.7,7.2,297.72,0.8,297.73,91.6
1753504123721,04:28:43.721,AAVE/USDT:USDT,297.7,4.7,297.69,28.8,297.72,0.8,297.73,91.6
1753504123871,04:28:43.871,AAVE/USDT:USDT,297.69,25.8,297.68,0.5,297.72,0.8,297.73,91.6
1753504124021,04:28:44.021,AAVE/USDT:USDT,297.69,25.8,297.68,0.5,297.7,1.1,297.72,27.8
1753504124171,04:28:44.171,AAVE/USDT:USDT,297.69,25.8,297.68,0.5,297.7,1.1,297.72,27.8
1753504124321,04:28:44.321,AAVE/USDT:USDT,297.69,25.8,297.68,0.5,297.7,1.1,297.72,27.8
1753504124471,04:28:44.471,AAVE/USDT:USDT,297.67,0.3,297.66,27.7,297.7,1.4,297.72,27.5
1753504124621,04:28:44.621,AAVE/USDT:USDT,297.64,1.0,297.63,27.2,297.68,1.1,297.69,0.6
1753504124771,04:28:44.771,AAVE/USDT:USDT,297.65,0.3,297.64,3.1,297.68,1.4,297.69,0.3
1753504124921,04:28:44.921,AAVE/USDT:USDT,297.65,0.8,297.64,4.1,297.66,1.1,297.68,0.9
1753504125072,04:28:45.072,AAVE/USDT:USDT,297.65,0.8,297.64,4.1,297.66,1.4,297.68,7.2
1753504125222,04:28:45.222,AAVE/USDT:USDT,297.65,0.8,297.64,4.1,297.66,1.1,297.68,7.2
1753504125372,04:28:45.372,AAVE/USDT:USDT,297.65,0.8,297.64,5.6,297.66,1.1,297.68,7.2
1753504125522,04:28:45.522,AAVE/USDT:USDT,297.65,0.8,297.64,5.6,297.66,1.1,297.68,7.2
1753504125672,04:28:45.672,AAVE/USDT:USDT,297.65,0.8,297.64,5.6,297.66,1.1,297.68,7.2
1753504125822,04:28:45.822,AAVE/USDT:USDT,297.65,0.8,297.64,5.6,297.66,1.1,297.68,7.2
1753504125972,04:28:45.972,AAVE/USDT:USDT,297.65,0.8,297.64,5.6,297.66,1.1,297.68,7.2
1753504126122,04:28:46.122,AAVE/USDT:USDT,297.64,1.2,297.63,27.2,297.66,1.4,297.68,7.2
1753504126272,04:28:46.272,AAVE/USDT:USDT,297.64,1.5,297.63,27.2,297.65,0.6,297.66,1.4
1753504126422,04:28:46.422,AAVE/USDT:USDT,297.64,1.5,297.63,27.2,297.65,1.1,297.67,7.2
1753504126572,04:28:46.572,AAVE/USDT:USDT,297.64,4.0,297.63,27.2,297.65,0.5,297.68,7.8
1753504126723,04:28:46.723,AAVE/USDT:USDT,297.65,2.1,297.64,3.1,297.68,7.8,297.69,7.5
1753504126873,04:28:46.873,AAVE/USDT:USDT,297.65,2.1,297.64,3.1,297.68,0.6,297.69,0.3
1753504127023,04:28:47.023,AAVE/USDT:USDT,297.66,0.8,297.65,1.5,297.68,0.6,297.69,0.3
1753504127173,04:28:47.173,AAVE/USDT:USDT,297.66,0.5,297.64,3.1,297.67,0.5,297.68,0.6
1753504127323,04:28:47.323,AAVE/USDT:USDT,297.66,0.5,297.65,1.0,297.67,0.8,297.68,0.3
1753504127473,04:28:47.473,AAVE/USDT:USDT,297.66,0.5,297.65,1.0,297.67,0.8,297.69,7.5
1753504127623,04:28:47.623,AAVE/USDT:USDT,297.66,0.5,297.65,1.0,297.67,0.8,297.69,7.5
1753504127773,04:28:47.773,AAVE/USDT:USDT,297.66,0.5,297.64,3.1,297.67,0.8,297.69,7.5
1753504127923,04:28:47.923,AAVE/USDT:USDT,297.64,3.1,297.63,27.4,297.67,0.8,297.69,7.5
1753504128073,04:28:48.073,AAVE/USDT:USDT,297.65,1.3,297.64,4.6,297.69,7.5,297.7,9.8
1753504128223,04:28:48.223,AAVE/USDT:USDT,297.66,5.5,297.65,2.0,297.69,0.3,297.7,9.8
1753504128373,04:28:48.373,AAVE/USDT:USDT,297.67,1.8,297.66,2.7,297.69,0.6,297.7,9.8
1753504128524,04:28:48.524,AAVE/USDT:USDT,297.67,1.8,297.66,2.7,297.68,0.6,297.69,0.6
1753504128674,04:28:48.674,AAVE/USDT:USDT,297.66,0.5,297.65,1.9,297.68,1.4,297.69,0.3
1753504128824,04:28:48.824,AAVE/USDT:USDT,297.66,0.5,297.65,1.9,297.67,0.6,297.68,1.4
1753504128974,04:28:48.974,AAVE/USDT:USDT,297.66,0.5,297.65,1.9,297.67,1.4,297.69,0.3
1753504129124,04:28:49.124,AAVE/USDT:USDT,297.66,0.5,297.65,2.9,297.67,1.4,297.69,7.5
1753504129274,04:28:49.274,AAVE/USDT:USDT,297.66,0.5,297.65,2.9,297.67,0.8,297.69,7.5
1753504129424,04:28:49.424,AAVE/USDT:USDT,297.66,0.8,297.65,4.4,297.67,0.8,297.69,7.5
1753504129574,04:28:49.574,AAVE/USDT:USDT,297.66,2.8,297.65,4.6,297.69,0.3,297.7,9.8
1753504129724,04:28:49.724,AAVE/USDT:USDT,297.68,4.5,297.66,2.5,297.7,8.8,297.71,27.1
1753504129874,04:28:49.874,AAVE/USDT:USDT,297.69,2.1,297.68,2.4,297.7,9.3,297.71,26.1
1753504130024,04:28:50.024,AAVE/USDT:USDT,297.69,2.6,297.68,2.4,297.7,0.5,297.71,25.8
1753504130174,04:28:50.174,AAVE/USDT:USDT,297.69,2.6,297.68,2.4,297.7,0.5,297.72,34.7
1753504130325,04:28:50.325,AAVE/USDT:USDT,297.69,0.8,297.68,2.4,297.7,0.5,297.72,34.7
1753504130475,04:28:50.475,AAVE/USDT:USDT,297.69,0.8,297.68,3.4,297.7,0.5,297.72,34.7
1753504130625,04:28:50.625,AAVE/USDT:USDT,297.69,0.8,297.68,4.9,297.7,2.1,297.72,34.7
1753504130775,04:28:50.775,AAVE/USDT:USDT,297.69,0.8,297.68,4.9,297.7,2.1,297.72,34.7
1753504130925,04:28:50.925,AAVE/USDT:USDT,297.69,0.8,297.68,4.9,297.7,2.1,297.72,34.7
1753504131075,04:28:51.075,AAVE/USDT:USDT,297.69,0.8,297.68,4.9,297.7,2.4,297.72,34.7
1753504131225,04:28:51.225,AAVE/USDT:USDT,297.69,0.8,297.68,4.9,297.7,2.4,297.72,34.7
1753504131375,04:28:51.375,AAVE/USDT:USDT,297.69,0.8,297.68,4.9,297.7,2.4,297.72,34.7
1753504131525,04:28:51.525,AAVE/USDT:USDT,297.69,3.8,297.68,6.3,297.7,0.8,297.72,27.5
1753504131675,04:28:51.675,AAVE/USDT:USDT,297.69,2.8,297.68,7.3,297.7,0.3,297.72,27.5
1753504131825,04:28:51.825,AAVE/USDT:USDT,297.69,3.0,297.68,7.3,297.7,0.3,297.72,27.5
1753504131975,04:28:51.975,AAVE/USDT:USDT,297.69,3.0,297.68,7.1,297.7,0.3,297.72,27.5
1753504132126,04:28:52.126,AAVE/USDT:USDT,297.69,3.0,297.68,7.1,297.7,0.3,297.72,27.5
1753504132276,04:28:52.276,AAVE/USDT:USDT,297.69,3.0,297.68,7.8,297.7,0.3,297.72,27.5
1753504132426,04:28:52.426,AAVE/USDT:USDT,297.69,3.0,297.68,7.8,297.7,0.3,297.72,27.5
1753504132576,04:28:52.576,AAVE/USDT:USDT,297.69,3.0,297.68,7.8,297.7,0.3,297.72,27.5
1753504132726,04:28:52.726,AAVE/USDT:USDT,297.7,1.8,297.69,3.0,297.72,27.5,297.73,94.9
1753504132876,04:28:52.876,AAVE/USDT:USDT,297.71,4.3,297.7,2.4,297.73,94.2,297.74,2.2
1753504133026,04:28:53.026,AAVE/USDT:USDT,297.72,0.8,297.71,5.0,297.73,92.8,297.75,42.3
1753504133176,04:28:53.176,AAVE/USDT:USDT,297.72,0.8,297.71,5.0,297.73,93.5,297.75,49.5
1753504133326,04:28:53.326,AAVE/USDT:USDT,297.72,0.8,297.71,5.0,297.73,93.5,297.75,49.5
1753504133476,04:28:53.476,AAVE/USDT:USDT,297.72,0.8,297.71,5.0,297.73,93.5,297.75,49.5
1753504133626,04:28:53.626,AAVE/USDT:USDT,297.72,0.8,297.71,5.0,297.73,93.5,297.75,49.5
1753504133776,04:28:53.776,AAVE/USDT:USDT,297.72,0.8,297.71,5.0,297.73,93.5,297.75,49.5
1753504133927,04:28:53.927,AAVE/USDT:USDT,297.72,0.8,297.71,3.5,297.73,93.5,297.75,49.2
1753504134077,04:28:54.077,AAVE/USDT:USDT,297.72,0.8,297.71,3.5,297.73,93.5,297.75,49.2
1753504134227,04:28:54.227,AAVE/USDT:USDT,297.72,0.8,297.71,3.5,297.73,93.5,297.75,49.2
1753504134377,04:28:54.377,AAVE/USDT:USDT,297.72,0.8,297.71,3.5,297.73,93.5,297.75,49.2
1753504134527,04:28:54.527,AAVE/USDT:USDT,297.72,0.8,297.71,3.7,297.73,93.5,297.75,49.2
1753504134677,04:28:54.677,AAVE/USDT:USDT,297.72,0.8,297.71,2.7,297.73,93.5,297.75,49.2
1753504134827,04:28:54.827,AAVE/USDT:USDT,297.72,0.8,297.71,2.7,297.73,93.5,297.75,49.2
1753504134977,04:28:54.977,AAVE/USDT:USDT,297.72,0.8,297.71,2.7,297.73,93.5,297.75,49.2
1753504135127,04:28:55.127,AAVE/USDT:USDT,297.72,0.8,297.71,2.7,297.73,93.5,297.75,49.2
1753504135277,04:28:55.277,AAVE/USDT:USDT,297.72,0.8,297.71,0.7,297.73,93.5,297.75,49.2
1753504135427,04:28:55.427,AAVE/USDT:USDT,297.72,0.5,297.71,0.5,297.73,93.5,297.75,49.2
1753504135578,04:28:55.578,AAVE/USDT:USDT,297.71,0.5,297.7,2.4,297.73,93.5,297.75,49.2
1753504135728,04:28:55.728,AAVE/USDT:USDT,297.71,0.8,297.7,2.4,297.72,0.6,297.73,93.5
1753504135878,04:28:55.878,AAVE/USDT:USDT,297.71,0.8,297.7,3.4,297.72,1.1,297.73,93.0
1753504136028,04:28:56.028,AAVE/USDT:USDT,297.71,0.3,297.7,2.4,297.72,1.4,297.73,93.0
1753504136178,04:28:56.178,AAVE/USDT:USDT,297.71,0.3,297.7,2.4,297.72,1.4,297.73,93.0
1753504136328,04:28:56.328,AAVE/USDT:USDT,297.71,0.3,297.7,0.5,297.72,1.4,297.73,93.0
1753504136478,04:28:56.478,AAVE/USDT:USDT,297.71,0.3,297.7,0.5,297.72,1.4,297.73,93.0
1753504136628,04:28:56.628,AAVE/USDT:USDT,297.71,0.3,297.7,0.5,297.72,1.1,297.73,93.0
1753504136778,04:28:56.778,AAVE/USDT:USDT,297.71,0.3,297.7,0.5,297.72,1.1,297.73,93.0
1753504136928,04:28:56.928,AAVE/USDT:USDT,297.71,0.3,297.7,0.5,297.72,1.4,297.73,93.0
1753504137078,04:28:57.078,AAVE/USDT:USDT,297.71,0.3,297.7,0.5,297.72,1.4,297.73,93.0
1753504137228,04:28:57.228,AAVE/USDT:USDT,297.71,0.3,297.7,0.5,297.72,1.4,297.73,93.0
1753504137379,04:28:57.379,AAVE/USDT:USDT,297.71,0.3,297.7,0.5,297.72,1.4,297.73,93.0
1753504137529,04:28:57.529,AAVE/USDT:USDT,297.71,0.3,297.7,0.5,297.72,1.4,297.73,93.0
1753504137679,04:28:57.679,AAVE/USDT:USDT,297.71,0.3,297.7,0.5,297.72,1.4,297.73,93.0
1753504137829,04:28:57.829,AAVE/USDT:USDT,297.7,0.5,297.68,2.9,297.72,1.4,297.73,93.0
1753504137979,04:28:57.979,AAVE/USDT:USDT,297.7,0.8,297.68,2.8,297.71,0.6,297.72,1.4
1753504138129,04:28:58.129,AAVE/USDT:USDT,297.7,0.8,297.69,2.5,297.71,1.1,297.72,0.3
1753504138279,04:28:58.279,AAVE/USDT:USDT,297.7,0.8,297.69,1.2,297.71,3.5,297.72,0.3
1753504138429,04:28:58.429,AAVE/USDT:USDT,297.7,0.8,297.69,1.2,297.71,3.5,297.72,0.3
1753504138579,04:28:58.579,AAVE/USDT:USDT,297.7,0.8,297.69,2.7,297.71,2.9,297.72,0.3
1753504138729,04:28:58.729,AAVE/USDT:USDT,297.7,0.8,297.69,2.7,297.71,0.5,297.73,100.0
1753504138879,04:28:58.879,AAVE/USDT:USDT,297.7,0.8,297.69,2.7,297.71,0.5,297.73,100.0
1753504139030,04:28:59.030,AAVE/USDT:USDT,297.7,0.5,297.69,1.7,297.71,2.0,297.73,100.0
1753504139180,04:28:59.180,AAVE/USDT:USDT,297.7,0.5,297.69,1.7,297.71,2.0,297.73,100.0
1753504139330,04:28:59.330,AAVE/USDT:USDT,297.7,0.8,297.69,1.7,297.71,1.7,297.73,100.0
1753504139480,04:28:59.480,AAVE/USDT:USDT,297.7,0.8,297.69,2.7,297.71,1.7,297.73,100.0
1753504139630,04:28:59.630,AAVE/USDT:USDT,297.7,0.8,297.69,2.7,297.71,1.7,297.73,100.0
1753504139780,04:28:59.780,AAVE/USDT:USDT,297.7,0.8,297.69,2.7,297.71,0.5,297.73,100.0
1753504139930,04:28:59.930,AAVE/USDT:USDT,297.7,0.8,297.69,2.7,297.71,0.5,297.73,100.0
1753504140080,04:29:00.080,AAVE/USDT:USDT,297.7,0.8,297.69,2.7,297.71,0.5,297.73,100.0
1753504140230,04:29:00.230,AAVE/USDT:USDT,297.7,0.8,297.69,2.7,297.71,0.5,297.73,100.0
1753504140380,04:29:00.380,AAVE/USDT:USDT,297.7,0.8,297.69,2.7,297.71,0.5,297.73,8.4
1753504140530,04:29:00.530,AAVE/USDT:USDT,297.7,0.8,297.69,2.7,297.71,0.5,297.73,99.9
1753504140680,04:29:00.680,AAVE/USDT:USDT,297.7,0.8,297.69,2.7,297.71,0.5,297.73,99.9
1753504140831,04:29:00.831,AAVE/USDT:USDT,297.7,0.8,297.69,2.7,297.71,0.5,297.73,99.9
1753504140981,04:29:00.981,AAVE/USDT:USDT,297.7,0.8,297.69,2.7,297.71,0.5,297.73,99.9
1753504141131,04:29:01.131,AAVE/USDT:USDT,297.7,0.8,297.69,2.7,297.71,0.5,297.73,8.4
1753504141281,04:29:01.281,AAVE/USDT:USDT,297.72,1.8,297.7,3.0,297.75,42.0,297.76,148.8
1753504141431,04:29:01.431,AAVE/USDT:USDT,297.74,2.6,297.73,4.4,297.75,42.2,297.76,148.8
1753504141581,04:29:01.581,AAVE/USDT:USDT,297.74,3.3,297.73,1.9,297.75,91.7,297.76,148.8
1753504141731,04:29:01.731,AAVE/USDT:USDT,297.74,0.8,297.73,1.9,297.75,92.2,297.76,148.8
1753504141881,04:29:01.881,AAVE/USDT:USDT,297.74,0.8,297.73,2.9,297.75,92.2,297.76,7.7
1753504142031,04:29:02.031,AAVE/USDT:USDT,297.74,0.8,297.73,2.9,297.75,92.2,297.76,7.7
1753504142181,04:29:02.181,AAVE/USDT:USDT,297.74,1.0,297.73,4.4,297.75,92.2,297.76,7.7
1753504142331,04:29:02.331,AAVE/USDT:USDT,297.74,0.8,297.73,4.4,297.75,92.2,297.76,7.7
1753504142481,04:29:02.481,AAVE/USDT:USDT,297.74,0.8,297.73,4.4,297.75,92.2,297.77,7.5
1753504142632,04:29:02.632,AAVE/USDT:USDT,297.74,0.8,297.73,2.9,297.75,92.2,297.77,9.6
1753504142782,04:29:02.782,AAVE/USDT:USDT,297.74,0.8,297.73,1.9,297.75,92.2,297.77,7.5
1753504142932,04:29:02.932,AAVE/USDT:USDT,297.74,0.8,297.73,2.9,297.75,92.2,297.77,7.5
1753504143082,04:29:03.082,AAVE/USDT:USDT,297.74,0.8,297.73,2.9,297.75,92.2,297.77,7.5
1753504143232,04:29:03.232,AAVE/USDT:USDT,297.74,0.8,297.73,2.9,297.75,92.2,297.77,7.5
1753504143382,04:29:03.382,AAVE/USDT:USDT,297.74,0.8,297.73,2.9,297.75,92.2,297.77,7.5
1753504143532,04:29:03.532,AAVE/USDT:USDT,297.74,0.8,297.73,2.9,297.75,92.2,297.77,7.5
1753504143682,04:29:03.682,AAVE/USDT:USDT,297.74,0.8,297.73,2.9,297.75,92.2,297.77,7.5
1753504143832,04:29:03.832,AAVE/USDT:USDT,297.74,0.8,297.73,2.9,297.75,92.2,297.77,7.5
1753504143982,04:29:03.982,AAVE/USDT:USDT,297.74,4.3,297.73,2.9,297.75,92.2,297.77,7.5
1753504144132,04:29:04.132,AAVE/USDT:USDT,297.74,0.8,297.73,3.1,297.75,92.2,297.77,7.5
1753504144283,04:29:04.283,AAVE/USDT:USDT,297.74,4.1,297.73,6.2,297.75,92.2,297.77,0.3
1753504144433,04:29:04.433,AAVE/USDT:USDT,297.74,2.1,297.73,5.2,297.75,92.2,297.77,0.3
1753504144583,04:29:04.583,AAVE/USDT:USDT,297.74,4.1,297.73,8.4,297.75,0.2,297.78,92.2
