timestamp,time,symbol,bid1_price,bid1_volume,bid2_price,bid2_volume,ask1_price,ask1_volume,ask2_price,ask2_volume
1753503735504,04:22:15.504,ACH/USDT:USDT,0.02234,917.0,0.02233,2360.0,0.02235,147.0,0.02236,1727.0
1753503735704,04:22:15.704,ACH/USDT:USDT,0.02234,939.0,0.02233,2360.0,0.02235,147.0,0.02236,1727.0
1753503737004,04:22:17.004,ACH/USDT:USDT,0.02234,939.0,0.02233,2360.0,0.02235,147.0,0.02236,1727.0
1753503737304,04:22:17.304,ACH/USDT:USDT,0.02234,939.0,0.02233,2214.0,0.02235,147.0,0.02236,1727.0
1753503737504,04:22:17.504,ACH/USDT:USDT,0.02234,984.0,0.02233,2214.0,0.02235,147.0,0.02236,1727.0
1753503738004,04:22:18.004,ACH/USDT:USDT,0.02234,984.0,0.02233,2171.0,0.02235,147.0,0.02236,1727.0
1753503738504,04:22:18.504,ACH/USDT:USDT,0.02234,984.0,0.02233,2171.0,0.02235,147.0,0.02236,1727.0
1753503739204,04:22:19.204,ACH/USDT:USDT,0.02234,984.0,0.02233,2171.0,0.02235,147.0,0.02236,1727.0
1753503739604,04:22:19.604,ACH/USDT:USDT,0.02234,985.0,0.02233,2317.0,0.02235,147.0,0.02236,1727.0
1753503739704,04:22:19.704,ACH/USDT:USDT,0.02234,1030.0,0.02233,2317.0,0.02235,30.0,0.02236,1727.0
1753503740704,04:22:20.704,ACH/USDT:USDT,0.02234,1030.0,0.02233,2403.0,0.02235,33.0,0.02236,1464.0
1753503741204,04:22:21.204,ACH/USDT:USDT,0.02234,1030.0,0.02233,2446.0,0.02235,33.0,0.02236,1464.0
1753503741404,04:22:21.404,ACH/USDT:USDT,0.02234,1030.0,0.02233,2446.0,0.02235,33.0,0.02236,1726.0
1753503741704,04:22:21.704,ACH/USDT:USDT,0.02234,1031.0,0.02233,2577.0,0.02235,33.0,0.02236,1464.0
1753503743104,04:22:23.104,ACH/USDT:USDT,0.02234,1032.0,0.02233,2753.0,0.02235,3.0,0.02236,1464.0
1753503743304,04:22:23.304,ACH/USDT:USDT,0.02234,1032.0,0.02233,2753.0,0.02235,3.0,0.02236,1464.0
1753503743504,04:22:23.504,ACH/USDT:USDT,0.02234,1076.0,0.02233,2970.0,0.02235,3.0,0.02236,1464.0
1753503744104,04:22:24.104,ACH/USDT:USDT,0.02234,1120.0,0.02233,3013.0,0.02235,3.0,0.02236,1464.0
1753503744304,04:22:24.304,ACH/USDT:USDT,0.02234,1407.0,0.02233,2909.0,0.02235,3.0,0.02236,1464.0
1753503744404,04:22:24.404,ACH/USDT:USDT,0.02234,1407.0,0.02233,2909.0,0.02235,3.0,0.02236,1464.0
1753503744504,04:22:24.504,ACH/USDT:USDT,0.02234,1407.0,0.02233,2909.0,0.02235,3.0,0.02236,1464.0
1753503744704,04:22:24.704,ACH/USDT:USDT,0.02234,1429.0,0.02233,2780.0,0.02235,3.0,0.02236,1464.0
1753503745004,04:22:25.004,ACH/USDT:USDT,0.02234,1430.0,0.02233,2692.0,0.02235,3.0,0.02236,1464.0
1753503745804,04:22:25.804,ACH/USDT:USDT,0.02234,1430.0,0.02233,2502.0,0.02235,31.0,0.02236,1464.0
1753503746204,04:22:26.204,ACH/USDT:USDT,0.02234,1430.0,0.02233,2458.0,0.02235,31.0,0.02236,1464.0
1753503746404,04:22:26.404,ACH/USDT:USDT,0.02234,1430.0,0.02233,2377.0,0.02235,31.0,0.02236,1464.0
1753503746504,04:22:26.504,ACH/USDT:USDT,0.02234,1430.0,0.02233,2377.0,0.02235,31.0,0.02236,1726.0
1753503746904,04:22:26.904,ACH/USDT:USDT,0.02234,1391.0,0.02233,2245.0,0.02235,142.0,0.02236,1726.0
1753503747004,04:22:27.004,ACH/USDT:USDT,0.02234,1185.0,0.02233,2203.0,0.02235,481.0,0.02236,1594.0
1753503747204,04:22:27.204,ACH/USDT:USDT,0.02234,1213.0,0.02233,1884.0,0.02235,470.0,0.02236,1594.0
1753503747304,04:22:27.304,ACH/USDT:USDT,0.02234,1185.0,0.02233,1840.0,0.02235,470.0,0.02236,1594.0
1753503748004,04:22:28.004,ACH/USDT:USDT,0.02234,1197.0,0.02233,1797.0,0.02235,470.0,0.02236,1594.0
1753503748104,04:22:28.104,ACH/USDT:USDT,0.02234,1225.0,0.02233,1797.0,0.02235,470.0,0.02236,1594.0
1753503749304,04:22:29.304,ACH/USDT:USDT,0.02234,1225.0,0.02233,1753.0,0.02235,470.0,0.02236,1594.0
1753503750204,04:22:30.204,ACH/USDT:USDT,0.02234,910.0,0.02233,1997.0,0.02235,470.0,0.02236,1594.0
1753503750304,04:22:30.304,ACH/USDT:USDT,0.02234,899.0,0.02233,1954.0,0.02235,470.0,0.02236,1594.0
1753503750504,04:22:30.504,ACH/USDT:USDT,0.02234,910.0,0.02233,1954.0,0.02235,470.0,0.02236,1594.0
1753503751504,04:22:31.504,ACH/USDT:USDT,0.02234,910.0,0.02233,1954.0,0.02235,470.0,0.02236,1594.0
1753503751604,04:22:31.604,ACH/USDT:USDT,0.02234,910.0,0.02233,1954.0,0.02235,470.0,0.02236,1594.0
1753503752904,04:22:32.904,ACH/USDT:USDT,0.02234,910.0,0.02233,1954.0,0.02235,470.0,0.02236,1594.0
1753503753704,04:22:33.704,ACH/USDT:USDT,0.02234,648.0,0.02233,1911.0,0.02235,498.0,0.02236,1566.0
1753503753804,04:22:33.804,ACH/USDT:USDT,0.02234,648.0,0.02233,1911.0,0.02235,498.0,0.02236,1566.0
1753503754204,04:22:34.204,ACH/USDT:USDT,0.02234,648.0,0.02233,1911.0,0.02235,498.0,0.02236,1566.0
1753503754904,04:22:34.904,ACH/USDT:USDT,0.02234,637.0,0.02233,1911.0,0.02235,498.0,0.02236,1566.0
1753503755004,04:22:35.004,ACH/USDT:USDT,0.02234,637.0,0.02233,1867.0,0.02235,498.0,0.02236,1566.0
1753503755204,04:22:35.204,ACH/USDT:USDT,0.02234,637.0,0.02233,1779.0,0.02235,498.0,0.02236,1566.0
1753503756104,04:22:36.104,ACH/USDT:USDT,0.02234,637.0,0.02233,1779.0,0.02235,498.0,0.02236,1566.0
1753503757704,04:22:37.704,ACH/USDT:USDT,0.02234,637.0,0.02233,1779.0,0.02235,498.0,0.02236,1570.0
1753503758504,04:22:38.504,ACH/USDT:USDT,0.02234,841.0,0.02233,1779.0,0.02235,244.0,0.02236,1570.0
1753503758804,04:22:38.804,ACH/USDT:USDT,0.02234,852.0,0.02233,1779.0,0.02235,244.0,0.02236,1570.0
1753503759104,04:22:39.104,ACH/USDT:USDT,0.02234,648.0,0.02233,1779.0,0.02235,448.0,0.02236,1570.0
1753503762504,04:22:42.504,ACH/USDT:USDT,0.02234,637.0,0.02233,1823.0,0.02235,487.0,0.02236,1570.0
1753503763204,04:22:43.204,ACH/USDT:USDT,0.02234,637.0,0.02233,1779.0,0.02235,476.0,0.02236,1570.0
1753503763604,04:22:43.604,ACH/USDT:USDT,0.02234,637.0,0.02233,1779.0,0.02235,487.0,0.02236,1570.0
1753503764204,04:22:44.204,ACH/USDT:USDT,0.02234,195.0,0.02233,1558.0,0.02235,487.0,0.02236,1644.0
1753503764404,04:22:44.404,ACH/USDT:USDT,0.02234,195.0,0.02233,1701.0,0.02235,487.0,0.02236,1688.0
1753503764804,04:22:44.804,ACH/USDT:USDT,0.02234,195.0,0.02233,1701.0,0.02235,687.0,0.02236,1911.0
1753503765504,04:22:45.504,ACH/USDT:USDT,0.02234,50.0,0.02233,1047.0,0.02235,691.0,0.02236,2548.0
1753503765604,04:22:45.604,ACH/USDT:USDT,0.02234,50.0,0.02233,1047.0,0.02235,691.0,0.02236,2635.0
1753503765904,04:22:45.904,ACH/USDT:USDT,0.02234,50.0,0.02233,1047.0,0.02235,691.0,0.02236,2635.0
1753503766304,04:22:46.304,ACH/USDT:USDT,0.02234,50.0,0.02233,1047.0,0.02235,691.0,0.02236,3318.0
1753503766404,04:22:46.404,ACH/USDT:USDT,0.02234,50.0,0.02233,1047.0,0.02235,691.0,0.02236,3318.0
1753503766704,04:22:46.704,ACH/USDT:USDT,0.02234,50.0,0.02233,1047.0,0.02235,691.0,0.02236,3318.0
1753503766904,04:22:46.904,ACH/USDT:USDT,0.02234,50.0,0.02233,1047.0,0.02235,691.0,0.02236,3318.0
1753503767204,04:22:47.204,ACH/USDT:USDT,0.02234,50.0,0.02233,1047.0,0.02235,691.0,0.02236,3505.0
1753503767304,04:22:47.304,ACH/USDT:USDT,0.02234,50.0,0.02233,1047.0,0.02235,691.0,0.02236,3505.0
1753503767704,04:22:47.704,ACH/USDT:USDT,0.02234,50.0,0.02233,1047.0,0.02235,691.0,0.02236,3549.0
1753503768004,04:22:48.004,ACH/USDT:USDT,0.02234,50.0,0.02233,1047.0,0.02235,691.0,0.02236,3549.0
1753503768204,04:22:48.204,ACH/USDT:USDT,0.02234,50.0,0.02233,1047.0,0.02235,691.0,0.02236,3593.0
1753503768404,04:22:48.404,ACH/USDT:USDT,0.02234,50.0,0.02233,1047.0,0.02235,691.0,0.02236,3637.0
1753503768504,04:22:48.504,ACH/USDT:USDT,0.02234,50.0,0.02233,1047.0,0.02235,691.0,0.02236,3637.0
1753503768704,04:22:48.704,ACH/USDT:USDT,0.02234,50.0,0.02233,1047.0,0.02235,691.0,0.02236,3549.0
1753503769204,04:22:49.204,ACH/USDT:USDT,0.02234,50.0,0.02233,1047.0,0.02235,691.0,0.02236,3555.0
1753503769504,04:22:49.504,ACH/USDT:USDT,0.02234,50.0,0.02233,1047.0,0.02235,691.0,0.02236,3599.0
1753503769604,04:22:49.604,ACH/USDT:USDT,0.02234,50.0,0.02233,1047.0,0.02235,691.0,0.02236,3687.0
1753503769704,04:22:49.704,ACH/USDT:USDT,0.02234,50.0,0.02233,1047.0,0.02235,691.0,0.02236,3775.0
1753503769904,04:22:49.904,ACH/USDT:USDT,0.02234,50.0,0.02233,1047.0,0.02235,691.0,0.02236,3819.0
1753503770304,04:22:50.304,ACH/USDT:USDT,0.02234,50.0,0.02233,1047.0,0.02235,691.0,0.02236,4017.0
1753503771304,04:22:51.304,ACH/USDT:USDT,0.02234,50.0,0.02233,1047.0,0.02235,691.0,0.02236,4325.0
1753503771404,04:22:51.404,ACH/USDT:USDT,0.02234,50.0,0.02233,1047.0,0.02235,691.0,0.02236,4369.0
1753503771704,04:22:51.704,ACH/USDT:USDT,0.02234,50.0,0.02233,1047.0,0.02235,691.0,0.02236,4852.0
1753503772504,04:22:52.504,ACH/USDT:USDT,0.02234,50.0,0.02233,1047.0,0.02235,691.0,0.02236,4895.0
1753503773204,04:22:53.204,ACH/USDT:USDT,0.02233,298.0,0.02232,2639.0,0.02234,182.0,0.02235,2314.0
1753503773304,04:22:53.304,ACH/USDT:USDT,0.02233,332.0,0.02232,1676.0,0.02234,182.0,0.02235,1799.0
1753503773504,04:22:53.504,ACH/USDT:USDT,0.02233,466.0,0.02232,1676.0,0.02234,302.0,0.02235,1677.0
1753503774104,04:22:54.104,ACH/USDT:USDT,0.02233,466.0,0.02232,1719.0,0.02234,291.0,0.02235,1677.0
1753503774204,04:22:54.204,ACH/USDT:USDT,0.02233,466.0,0.02232,1719.0,0.02234,263.0,0.02235,1677.0
1753503774404,04:22:54.404,ACH/USDT:USDT,0.02233,466.0,0.02232,1719.0,0.02234,291.0,0.02235,1446.0
1753503774804,04:22:54.804,ACH/USDT:USDT,0.02233,466.0,0.02232,1719.0,0.02234,263.0,0.02235,1446.0
1753503775204,04:22:55.204,ACH/USDT:USDT,0.02233,466.0,0.02232,1719.0,0.02234,263.0,0.02235,1446.0
1753503775304,04:22:55.304,ACH/USDT:USDT,0.02233,466.0,0.02232,1676.0,0.02234,291.0,0.02235,1446.0
1753503775404,04:22:55.404,ACH/USDT:USDT,0.02233,488.0,0.02232,1676.0,0.02234,263.0,0.02235,1446.0
1753503775504,04:22:55.504,ACH/USDT:USDT,0.02233,488.0,0.02232,1676.0,0.02234,291.0,0.02235,1446.0
1753503775604,04:22:55.604,ACH/USDT:USDT,0.02233,488.0,0.02232,1676.0,0.02234,291.0,0.02235,1446.0
1753503775904,04:22:55.904,ACH/USDT:USDT,0.02233,488.0,0.02232,1676.0,0.02234,291.0,0.02235,1446.0
1753503776304,04:22:56.304,ACH/USDT:USDT,0.02233,516.0,0.02232,1676.0,0.02234,263.0,0.02235,1446.0
1753503777504,04:22:57.504,ACH/USDT:USDT,0.02233,538.0,0.02232,1720.0,0.02234,263.0,0.02235,1446.0
1753503778004,04:22:58.004,ACH/USDT:USDT,0.02233,549.0,0.02232,1764.0,0.02234,145.0,0.02235,1446.0
1753503778204,04:22:58.204,ACH/USDT:USDT,0.02233,549.0,0.02232,1808.0,0.02234,145.0,0.02235,1585.0
1753503778304,04:22:58.304,ACH/USDT:USDT,0.02233,571.0,0.02232,1808.0,0.02234,145.0,0.02235,1585.0
1753503778404,04:22:58.404,ACH/USDT:USDT,0.02233,571.0,0.02232,1808.0,0.02234,28.0,0.02235,1585.0
1753503778504,04:22:58.504,ACH/USDT:USDT,0.02233,571.0,0.02232,1954.0,0.02234,31.0,0.02235,1585.0
1753503778904,04:22:58.904,ACH/USDT:USDT,0.02233,594.0,0.02232,1997.0,0.02234,30.0,0.02235,1585.0
1753503779104,04:22:59.104,ACH/USDT:USDT,0.02233,594.0,0.02232,1997.0,0.02234,32.0,0.02235,1585.0
1753503779204,04:22:59.204,ACH/USDT:USDT,0.02233,594.0,0.02232,1997.0,0.02234,32.0,0.02235,1585.0
1753503779304,04:22:59.304,ACH/USDT:USDT,0.02233,594.0,0.02232,2184.0,0.02234,32.0,0.02235,1585.0
1753503779704,04:22:59.704,ACH/USDT:USDT,0.02233,594.0,0.02232,2269.0,0.02234,32.0,0.02235,1585.0
1753503780004,04:23:00.004,ACH/USDT:USDT,0.02233,594.0,0.02232,2269.0,0.02234,32.0,0.02235,1585.0
1753503780304,04:23:00.304,ACH/USDT:USDT,0.02233,594.0,0.02232,2269.0,0.02234,3.0,0.02235,1585.0
1753503780404,04:23:00.404,ACH/USDT:USDT,0.02233,594.0,0.02232,2355.0,0.02234,3.0,0.02235,1585.0
1753503780504,04:23:00.504,ACH/USDT:USDT,0.02233,594.0,0.02232,2572.0,0.02234,3.0,0.02235,1385.0
1753503780604,04:23:00.604,ACH/USDT:USDT,0.02233,640.0,0.02232,3039.0,0.02234,3.0,0.02235,1385.0
1753503780704,04:23:00.704,ACH/USDT:USDT,0.02233,596.0,0.02232,3258.0,0.02234,3.0,0.02235,1381.0
1753503780904,04:23:00.904,ACH/USDT:USDT,0.02233,618.0,0.02232,3258.0,0.02234,3.0,0.02235,1381.0
1753503781204,04:23:01.204,ACH/USDT:USDT,0.02233,618.0,0.02232,3346.0,0.02234,3.0,0.02235,1381.0
1753503781304,04:23:01.304,ACH/USDT:USDT,0.02233,796.0,0.02232,3515.0,0.02234,3.0,0.02235,1381.0
1753503781504,04:23:01.504,ACH/USDT:USDT,0.02233,818.0,0.02232,3638.0,0.02234,3.0,0.02235,1381.0
1753503781604,04:23:01.604,ACH/USDT:USDT,0.02233,818.0,0.02232,3550.0,0.02234,3.0,0.02235,1381.0
1753503781704,04:23:01.704,ACH/USDT:USDT,0.02233,818.0,0.02232,3698.0,0.02234,3.0,0.02235,1381.0
1753503781804,04:23:01.804,ACH/USDT:USDT,0.02233,818.0,0.02232,3784.0,0.02234,3.0,0.02235,1381.0
1753503782204,04:23:02.204,ACH/USDT:USDT,0.02233,818.0,0.02232,3584.0,0.02234,3.0,0.02235,1381.0
1753503782604,04:23:02.604,ACH/USDT:USDT,0.02233,818.0,0.02232,3438.0,0.02234,3.0,0.02235,1381.0
1753503782804,04:23:02.804,ACH/USDT:USDT,0.02233,818.0,0.02232,3438.0,0.02234,28.0,0.02235,1381.0
1753503783004,04:23:03.004,ACH/USDT:USDT,0.02233,779.0,0.02232,3350.0,0.02234,30.0,0.02235,1381.0
1753503783104,04:23:03.104,ACH/USDT:USDT,0.02233,636.0,0.02232,3160.0,0.02234,374.0,0.02235,1385.0
1753503783204,04:23:03.204,ACH/USDT:USDT,0.02233,636.0,0.02232,3095.0,0.02234,376.0,0.02235,1385.0
1753503783404,04:23:03.404,ACH/USDT:USDT,0.02233,636.0,0.02232,2753.0,0.02234,348.0,0.02235,1385.0
1753503783504,04:23:03.504,ACH/USDT:USDT,0.02233,637.0,0.02232,2753.0,0.02234,348.0,0.02235,1385.0
1753503783604,04:23:03.604,ACH/USDT:USDT,0.02233,637.0,0.02232,2753.0,0.02234,348.0,0.02235,1385.0
1753503784304,04:23:04.304,ACH/USDT:USDT,0.02233,647.0,0.02232,2520.0,0.02234,348.0,0.02235,1385.0
1753503784404,04:23:04.404,ACH/USDT:USDT,0.02233,648.0,0.02232,2520.0,0.02234,348.0,0.02235,1385.0
1753503784504,04:23:04.504,ACH/USDT:USDT,0.02233,648.0,0.02232,2520.0,0.02234,348.0,0.02235,1385.0
1753503785004,04:23:05.004,ACH/USDT:USDT,0.02233,648.0,0.02232,2520.0,0.02234,348.0,0.02235,1385.0
1753503785304,04:23:05.304,ACH/USDT:USDT,0.02233,648.0,0.02232,2464.0,0.02234,348.0,0.02235,1385.0
1753503785604,04:23:05.604,ACH/USDT:USDT,0.02233,648.0,0.02232,2421.0,0.02234,348.0,0.02235,1385.0
1753503785904,04:23:05.904,ACH/USDT:USDT,0.02233,437.0,0.02232,2334.0,0.02234,376.0,0.02235,1385.0
1753503786304,04:23:06.304,ACH/USDT:USDT,0.02233,437.0,0.02232,2291.0,0.02234,376.0,0.02235,1385.0
1753503786804,04:23:06.804,ACH/USDT:USDT,0.02233,438.0,0.02232,1956.0,0.02234,516.0,0.02235,1246.0
1753503786904,04:23:06.904,ACH/USDT:USDT,0.02233,438.0,0.02232,1913.0,0.02234,516.0,0.02235,1246.0
1753503787104,04:23:07.104,ACH/USDT:USDT,0.02233,439.0,0.02232,1913.0,0.02234,516.0,0.02235,1246.0
1753503787204,04:23:07.204,ACH/USDT:USDT,0.02233,439.0,0.02232,1869.0,0.02234,516.0,0.02235,1246.0
1753503787404,04:23:07.404,ACH/USDT:USDT,0.02233,439.0,0.02232,1781.0,0.02234,516.0,0.02235,1246.0
1753503787704,04:23:07.704,ACH/USDT:USDT,0.02233,450.0,0.02232,1781.0,0.02234,488.0,0.02235,1246.0
1753503787804,04:23:07.804,ACH/USDT:USDT,0.02233,450.0,0.02232,1781.0,0.02234,488.0,0.02235,1246.0
1753503787904,04:23:07.904,ACH/USDT:USDT,0.02233,450.0,0.02232,1781.0,0.02234,488.0,0.02235,1246.0
1753503788304,04:23:08.304,ACH/USDT:USDT,0.02233,506.0,0.02232,1781.0,0.02234,516.0,0.02235,1246.0
1753503788404,04:23:08.404,ACH/USDT:USDT,0.02233,793.0,0.02232,1494.0,0.02234,516.0,0.02235,1246.0
1753503789104,04:23:09.104,ACH/USDT:USDT,0.02233,826.0,0.02232,1494.0,0.02234,488.0,0.02235,1246.0
1753503790304,04:23:10.304,ACH/USDT:USDT,0.02233,877.0,0.02232,1494.0,0.02234,348.0,0.02235,1246.0
1753503790704,04:23:10.704,ACH/USDT:USDT,0.02233,1041.0,0.02232,1626.0,0.02234,30.0,0.02235,1365.0
1753503790804,04:23:10.804,ACH/USDT:USDT,0.02233,1041.0,0.02232,1961.0,0.02234,30.0,0.02235,1365.0
1753503791104,04:23:11.104,ACH/USDT:USDT,0.02233,1041.0,0.02232,1961.0,0.02234,30.0,0.02235,1365.0
1753503791304,04:23:11.304,ACH/USDT:USDT,0.02233,1041.0,0.02232,1978.0,0.02234,30.0,0.02235,1365.0
1753503791404,04:23:11.404,ACH/USDT:USDT,0.02233,1041.0,0.02232,2021.0,0.02234,30.0,0.02235,1365.0
1753503791604,04:23:11.604,ACH/USDT:USDT,0.02233,1042.0,0.02232,2021.0,0.02234,30.0,0.02235,1365.0
1753503792004,04:23:12.004,ACH/USDT:USDT,0.02233,1042.0,0.02232,2064.0,0.02234,30.0,0.02235,1365.0
1753503792104,04:23:12.104,ACH/USDT:USDT,0.02233,1042.0,0.02232,2064.0,0.02234,30.0,0.02235,1365.0
1753503792304,04:23:12.304,ACH/USDT:USDT,0.02233,1042.0,0.02232,2194.0,0.02234,30.0,0.02235,1365.0
1753503793404,04:23:13.404,ACH/USDT:USDT,0.02233,1042.0,0.02232,2194.0,0.02234,30.0,0.02235,1365.0
1753503793904,04:23:13.904,ACH/USDT:USDT,0.02233,1042.0,0.02232,2194.0,0.02234,30.0,0.02235,1365.0
1753503794304,04:23:14.304,ACH/USDT:USDT,0.02233,879.0,0.02232,2194.0,0.02234,345.0,0.02235,1365.0
1753503796104,04:23:16.104,ACH/USDT:USDT,0.02233,879.0,0.02232,2004.0,0.02234,347.0,0.02235,1365.0
1753503796304,04:23:16.304,ACH/USDT:USDT,0.02233,879.0,0.02232,1961.0,0.02234,347.0,0.02235,1365.0
1753503796904,04:23:16.904,ACH/USDT:USDT,0.02233,879.0,0.02232,1961.0,0.02234,347.0,0.02235,1365.0
1753503797104,04:23:17.104,ACH/USDT:USDT,0.02233,879.0,0.02232,1961.0,0.02234,347.0,0.02235,1365.0
1753503797504,04:23:17.504,ACH/USDT:USDT,0.02233,879.0,0.02232,1961.0,0.02234,347.0,0.02235,1365.0
1753503797904,04:23:17.904,ACH/USDT:USDT,0.02233,1026.0,0.02232,1961.0,0.02234,30.0,0.02235,1365.0
1753503798204,04:23:18.204,ACH/USDT:USDT,0.02233,1026.0,0.02232,1961.0,0.02234,30.0,0.02235,1365.0
1753503798504,04:23:18.504,ACH/USDT:USDT,0.02233,1026.0,0.02232,1972.0,0.02234,30.0,0.02235,1365.0
1753503799804,04:23:19.804,ACH/USDT:USDT,0.02233,1026.0,0.02232,2102.0,0.02234,30.0,0.02235,1365.0
1753503800204,04:23:20.204,ACH/USDT:USDT,0.02233,849.0,0.02232,2102.0,0.02234,345.0,0.02235,1365.0
1753503800304,04:23:20.304,ACH/USDT:USDT,0.02233,851.0,0.02232,2102.0,0.02234,347.0,0.02235,1365.0
1753503801304,04:23:21.304,ACH/USDT:USDT,0.02233,879.0,0.02232,2058.0,0.02234,347.0,0.02235,1365.0
1753503801904,04:23:21.904,ACH/USDT:USDT,0.02233,879.0,0.02232,1972.0,0.02234,347.0,0.02235,1365.0
1753503802704,04:23:22.704,ACH/USDT:USDT,0.02233,879.0,0.02232,1972.0,0.02234,347.0,0.02235,1365.0
1753503802804,04:23:22.804,ACH/USDT:USDT,0.02233,879.0,0.02232,1972.0,0.02234,347.0,0.02235,1365.0
1753503803204,04:23:23.204,ACH/USDT:USDT,0.02233,879.0,0.02232,1961.0,0.02234,347.0,0.02235,1365.0
1753503804504,04:23:24.504,ACH/USDT:USDT,0.02233,851.0,0.02232,1961.0,0.02234,347.0,0.02235,1365.0
1753503804604,04:23:24.604,ACH/USDT:USDT,0.02233,836.0,0.02232,1626.0,0.02234,347.0,0.02235,1365.0
1753503805904,04:23:25.904,ACH/USDT:USDT,0.02233,836.0,0.02232,1494.0,0.02234,347.0,0.02235,1365.0
1753503806004,04:23:26.004,ACH/USDT:USDT,0.02233,549.0,0.02232,1781.0,0.02234,347.0,0.02235,1365.0
1753503807004,04:23:27.004,ACH/USDT:USDT,0.02233,253.0,0.02232,1781.0,0.02234,386.0,0.02235,1489.0
1753503807104,04:23:27.104,ACH/USDT:USDT,0.02233,253.0,0.02232,1738.0,0.02234,386.0,0.02235,1489.0
1753503807204,04:23:27.204,ACH/USDT:USDT,0.02233,253.0,0.02232,1738.0,0.02234,386.0,0.02235,1489.0
1753503807304,04:23:27.304,ACH/USDT:USDT,0.02233,253.0,0.02232,1738.0,0.02234,386.0,0.02235,1489.0
1753503808104,04:23:28.104,ACH/USDT:USDT,0.02233,253.0,0.02232,1738.0,0.02234,386.0,0.02235,1489.0
1753503809104,04:23:29.104,ACH/USDT:USDT,0.02233,166.0,0.02232,1738.0,0.02234,526.0,0.02235,1370.0
1753503809404,04:23:29.404,ACH/USDT:USDT,0.02233,166.0,0.02232,1738.0,0.02234,526.0,0.02235,1370.0
1753503810304,04:23:30.304,ACH/USDT:USDT,0.02233,32.0,0.02232,1833.0,0.02234,526.0,0.02235,1786.0
1753503810904,04:23:30.904,ACH/USDT:USDT,0.02233,32.0,0.02232,1833.0,0.02234,526.0,0.02235,1830.0
1753503811304,04:23:31.304,ACH/USDT:USDT,0.02233,32.0,0.02232,1833.0,0.02234,526.0,0.02235,1961.0
1753503811404,04:23:31.404,ACH/USDT:USDT,0.02233,32.0,0.02232,1833.0,0.02234,526.0,0.02235,2004.0
1753503811904,04:23:31.904,ACH/USDT:USDT,0.02233,32.0,0.02232,1833.0,0.02234,526.0,0.02235,2004.0
1753503812304,04:23:32.304,ACH/USDT:USDT,0.02233,32.0,0.02232,1833.0,0.02234,526.0,0.02235,2048.0
1753503813604,04:23:33.604,ACH/USDT:USDT,0.02233,32.0,0.02232,1834.0,0.02234,526.0,0.02235,2092.0
1753503813704,04:23:33.704,ACH/USDT:USDT,0.02233,32.0,0.02232,1834.0,0.02234,526.0,0.02235,2092.0
1753503814104,04:23:34.104,ACH/USDT:USDT,0.02233,32.0,0.02232,1834.0,0.02234,526.0,0.02235,2092.0
1753503814404,04:23:34.404,ACH/USDT:USDT,0.02233,32.0,0.02232,1922.0,0.02234,526.0,0.02235,2092.0
1753503814804,04:23:34.804,ACH/USDT:USDT,0.02233,32.0,0.02232,1944.0,0.02234,526.0,0.02235,2092.0
1753503815204,04:23:35.204,ACH/USDT:USDT,0.02233,32.0,0.02232,1698.0,0.02234,526.0,0.02235,2092.0
1753503815404,04:23:35.404,ACH/USDT:USDT,0.02233,32.0,0.02232,1698.0,0.02234,526.0,0.02235,1978.0
1753503816704,04:23:36.704,ACH/USDT:USDT,0.02233,32.0,0.02232,1698.0,0.02234,526.0,0.02235,1978.0
1753503818204,04:23:38.204,ACH/USDT:USDT,0.02233,32.0,0.02232,1698.0,0.02234,526.0,0.02235,2022.0
1753503819304,04:23:39.304,ACH/USDT:USDT,0.02233,32.0,0.02232,1698.0,0.02234,526.0,0.02235,2109.0
1753503822604,04:23:42.604,ACH/USDT:USDT,0.02233,158.0,0.02232,1698.0,0.02234,487.0,0.02235,2109.0
1753503822904,04:23:42.904,ACH/USDT:USDT,0.02233,147.0,0.02232,1560.0,0.02234,526.0,0.02235,2021.0
1753503823504,04:23:43.504,ACH/USDT:USDT,0.02233,32.0,0.02232,1705.0,0.02234,526.0,0.02235,2179.0
1753503823804,04:23:43.804,ACH/USDT:USDT,0.02233,1.0,0.02232,1705.0,0.02234,526.0,0.02235,2179.0
1753503823904,04:23:43.904,ACH/USDT:USDT,0.02233,30.0,0.02232,1705.0,0.02234,526.0,0.02235,2179.0
1753503824904,04:23:44.904,ACH/USDT:USDT,0.02233,30.0,0.02232,1705.0,0.02234,526.0,0.02235,2065.0
1753503825504,04:23:45.504,ACH/USDT:USDT,0.02233,30.0,0.02232,1749.0,0.02234,526.0,0.02235,2065.0
1753503825604,04:23:45.604,ACH/USDT:USDT,0.02233,30.0,0.02232,1749.0,0.02234,526.0,0.02235,2109.0
1753503826504,04:23:46.504,ACH/USDT:USDT,0.02233,30.0,0.02232,1749.0,0.02234,526.0,0.02235,2109.0
1753503826604,04:23:46.604,ACH/USDT:USDT,0.02233,30.0,0.02232,1749.0,0.02234,526.0,0.02235,2109.0
1753503827604,04:23:47.604,ACH/USDT:USDT,0.02233,30.0,0.02232,1749.0,0.02234,526.0,0.02235,2109.0
1753503828104,04:23:48.104,ACH/USDT:USDT,0.02233,30.0,0.02232,1749.0,0.02234,526.0,0.02235,2109.0
1753503829104,04:23:49.104,ACH/USDT:USDT,0.02233,30.0,0.02232,1749.0,0.02234,526.0,0.02235,2109.0
1753503829304,04:23:49.304,ACH/USDT:USDT,0.02233,1.0,0.02232,1443.0,0.02234,535.0,0.02235,2629.0
1753503829404,04:23:49.404,ACH/USDT:USDT,0.02233,1.0,0.02232,1443.0,0.02234,535.0,0.02235,2699.0
1753503829504,04:23:49.504,ACH/USDT:USDT,0.02233,1.0,0.02232,1443.0,0.02234,526.0,0.02235,2787.0
1753503830104,04:23:50.104,ACH/USDT:USDT,0.02233,1.0,0.02232,1443.0,0.02234,535.0,0.02235,2787.0
1753503830204,04:23:50.204,ACH/USDT:USDT,0.02233,1.0,0.02232,1443.0,0.02234,535.0,0.02235,3007.0
1753503830604,04:23:50.604,ACH/USDT:USDT,0.02233,1.0,0.02232,1443.0,0.02234,535.0,0.02235,3425.0
1753503831104,04:23:51.104,ACH/USDT:USDT,0.02233,32.0,0.02232,1705.0,0.02234,535.0,0.02235,3425.0
1753503831404,04:23:51.404,ACH/USDT:USDT,0.02233,32.0,0.02232,1705.0,0.02234,535.0,0.02235,3425.0
1753503832504,04:23:52.504,ACH/USDT:USDT,0.02233,32.0,0.02232,1705.0,0.02234,535.0,0.02235,3575.0
1753503832604,04:23:52.604,ACH/USDT:USDT,0.02233,32.0,0.02232,1705.0,0.02234,535.0,0.02235,3575.0
1753503832704,04:23:52.704,ACH/USDT:USDT,0.02233,32.0,0.02232,1705.0,0.02234,507.0,0.02235,3461.0
1753503833104,04:23:53.104,ACH/USDT:USDT,0.02233,32.0,0.02232,1705.0,0.02234,535.0,0.02235,3461.0
1753503833304,04:23:53.304,ACH/USDT:USDT,0.02233,32.0,0.02232,1705.0,0.02234,535.0,0.02235,3461.0
1753503833504,04:23:53.504,ACH/USDT:USDT,0.02233,32.0,0.02232,1705.0,0.02234,507.0,0.02235,3461.0
1753503833604,04:23:53.604,ACH/USDT:USDT,0.02233,1.0,0.02232,1705.0,0.02234,535.0,0.02235,3461.0
1753503833904,04:23:53.904,ACH/USDT:USDT,0.02233,1.0,0.02232,1443.0,0.02234,535.0,0.02235,3461.0
1753503834504,04:23:54.504,ACH/USDT:USDT,0.02233,1.0,0.02232,1443.0,0.02234,535.0,0.02235,3461.0
1753503835004,04:23:55.004,ACH/USDT:USDT,0.02233,1.0,0.02232,1443.0,0.02234,535.0,0.02235,3575.0
1753503835104,04:23:55.104,ACH/USDT:USDT,0.02233,1.0,0.02232,1443.0,0.02234,535.0,0.02235,3663.0
1753503835204,04:23:55.204,ACH/USDT:USDT,0.02233,1.0,0.02232,1443.0,0.02234,535.0,0.02235,3751.0
1753503835304,04:23:55.304,ACH/USDT:USDT,0.02233,1.0,0.02232,1443.0,0.02234,535.0,0.02235,3883.0
1753503835404,04:23:55.404,ACH/USDT:USDT,0.02233,1.0,0.02232,1443.0,0.02234,535.0,0.02235,3927.0
1753503836304,04:23:56.304,ACH/USDT:USDT,0.02233,1.0,0.02232,1443.0,0.02234,535.0,0.02235,4362.0
1753503836504,04:23:56.504,ACH/USDT:USDT,0.02233,14.0,0.02232,1298.0,0.02234,535.0,0.02235,4450.0
1753503836704,04:23:56.704,ACH/USDT:USDT,0.02232,154.0,0.02231,1876.0,0.02233,740.0,0.02234,1996.0
1753503836804,04:23:56.804,ACH/USDT:USDT,0.02232,150.0,0.02231,1743.0,0.02233,740.0,0.02234,2040.0
1753503837004,04:23:57.004,ACH/USDT:USDT,0.02232,150.0,0.02231,1743.0,0.02233,627.0,0.02234,2040.0
1753503837304,04:23:57.304,ACH/USDT:USDT,0.02232,150.0,0.02231,1743.0,0.02233,627.0,0.02234,1807.0
1753503837804,04:23:57.804,ACH/USDT:USDT,0.02232,150.0,0.02231,1743.0,0.02233,599.0,0.02234,1807.0
1753503838104,04:23:58.104,ACH/USDT:USDT,0.02232,296.0,0.02231,1603.0,0.02233,627.0,0.02234,1807.0
1753503839504,04:23:59.504,ACH/USDT:USDT,0.02232,296.0,0.02231,1603.0,0.02233,627.0,0.02234,1807.0
1753503839604,04:23:59.604,ACH/USDT:USDT,0.02232,296.0,0.02231,1603.0,0.02233,627.0,0.02234,1965.0
1753503840004,04:24:00.004,ACH/USDT:USDT,0.02232,296.0,0.02231,1602.0,0.02233,627.0,0.02234,1965.0
1753503840204,04:24:00.204,ACH/USDT:USDT,0.02232,37.0,0.02231,1558.0,0.02233,771.0,0.02234,2009.0
1753503840304,04:24:00.304,ACH/USDT:USDT,0.02232,37.0,0.02231,1558.0,0.02233,771.0,0.02234,2009.0
1753503840404,04:24:00.404,ACH/USDT:USDT,0.02232,37.0,0.02231,1676.0,0.02233,771.0,0.02234,2009.0
1753503840704,04:24:00.704,ACH/USDT:USDT,0.02232,37.0,0.02231,1676.0,0.02233,771.0,0.02234,1965.0
1753503841204,04:24:01.204,ACH/USDT:USDT,0.02232,178.0,0.02231,1558.0,0.02233,771.0,0.02234,2053.0
1753503841304,04:24:01.304,ACH/USDT:USDT,0.02232,178.0,0.02231,1558.0,0.02233,771.0,0.02234,2140.0
1753503841504,04:24:01.504,ACH/USDT:USDT,0.02232,178.0,0.02231,1558.0,0.02233,760.0,0.02234,2140.0
1753503841604,04:24:01.604,ACH/USDT:USDT,0.02232,178.0,0.02231,1558.0,0.02233,771.0,0.02234,2140.0
1753503842904,04:24:02.904,ACH/USDT:USDT,0.02232,178.0,0.02231,1558.0,0.02233,771.0,0.02234,2096.0
1753503843004,04:24:03.004,ACH/USDT:USDT,0.02232,178.0,0.02231,1558.0,0.02233,771.0,0.02234,2096.0
1753503843604,04:24:03.604,ACH/USDT:USDT,0.02232,178.0,0.02231,1558.0,0.02233,771.0,0.02234,2096.0
1753503844304,04:24:04.304,ACH/USDT:USDT,0.02232,178.0,0.02231,1602.0,0.02233,771.0,0.02234,2096.0
1753503844804,04:24:04.804,ACH/USDT:USDT,0.02232,178.0,0.02231,1602.0,0.02233,771.0,0.02234,1982.0
1753503845504,04:24:05.504,ACH/USDT:USDT,0.02232,178.0,0.02231,1602.0,0.02233,771.0,0.02234,1982.0
1753503845604,04:24:05.604,ACH/USDT:USDT,0.02232,178.0,0.02231,1602.0,0.02233,771.0,0.02234,1982.0
1753503846004,04:24:06.004,ACH/USDT:USDT,0.02232,291.0,0.02231,1602.0,0.02233,732.0,0.02234,1982.0
1753503846104,04:24:06.104,ACH/USDT:USDT,0.02232,291.0,0.02231,1602.0,0.02233,771.0,0.02234,1982.0
1753503846304,04:24:06.304,ACH/USDT:USDT,0.02232,291.0,0.02231,1602.0,0.02233,771.0,0.02234,1939.0
1753503846404,04:24:06.404,ACH/USDT:USDT,0.02232,291.0,0.02231,1602.0,0.02233,771.0,0.02234,1939.0
1753503847004,04:24:07.004,ACH/USDT:USDT,0.02232,291.0,0.02231,1602.0,0.02233,604.0,0.02234,2029.0
1753503847204,04:24:07.204,ACH/USDT:USDT,0.02232,302.0,0.02231,1602.0,0.02233,632.0,0.02234,2029.0
1753503847304,04:24:07.304,ACH/USDT:USDT,0.02232,291.0,0.02231,1602.0,0.02233,632.0,0.02234,1896.0
1753503847704,04:24:07.704,ACH/USDT:USDT,0.02232,291.0,0.02231,1602.0,0.02233,632.0,0.02234,1896.0
1753503848204,04:24:08.204,ACH/USDT:USDT,0.02232,291.0,0.02231,1602.0,0.02233,632.0,0.02234,1896.0
1753503848304,04:24:08.304,ACH/USDT:USDT,0.02232,291.0,0.02231,1602.0,0.02233,632.0,0.02234,1896.0
1753503848704,04:24:08.704,ACH/USDT:USDT,0.02232,302.0,0.02231,1602.0,0.02233,632.0,0.02234,1896.0
1753503848804,04:24:08.804,ACH/USDT:USDT,0.02232,302.0,0.02231,1602.0,0.02233,632.0,0.02234,1896.0
1753503849604,04:24:09.604,ACH/USDT:USDT,0.02232,407.0,0.02231,1602.0,0.02233,428.0,0.02234,1852.0
1753503849704,04:24:09.704,ACH/USDT:USDT,0.02232,407.0,0.02231,1602.0,0.02233,428.0,0.02234,1852.0
1753503850504,04:24:10.504,ACH/USDT:USDT,0.02232,407.0,0.02231,1602.0,0.02233,428.0,0.02234,1765.0
1753503850604,04:24:10.604,ACH/USDT:USDT,0.02232,407.0,0.02231,1602.0,0.02233,428.0,0.02234,1765.0
1753503850704,04:24:10.704,ACH/USDT:USDT,0.02232,407.0,0.02231,1602.0,0.02233,315.0,0.02234,1765.0
1753503850804,04:24:10.804,ACH/USDT:USDT,0.02232,407.0,0.02231,1602.0,0.02233,315.0,0.02234,1765.0
1753503850904,04:24:10.904,ACH/USDT:USDT,0.02232,407.0,0.02231,1602.0,0.02233,315.0,0.02234,1765.0
1753503851904,04:24:11.904,ACH/USDT:USDT,0.02232,407.0,0.02231,1602.0,0.02233,315.0,0.02234,1765.0
1753503852504,04:24:12.504,ACH/USDT:USDT,0.02232,407.0,0.02231,1602.0,0.02233,315.0,0.02234,1765.0
1753503853404,04:24:13.404,ACH/USDT:USDT,0.02232,435.0,0.02231,1689.0,0.02233,287.0,0.02234,1765.0
1753503853704,04:24:13.704,ACH/USDT:USDT,0.02232,435.0,0.02231,1777.0,0.02233,287.0,0.02234,1765.0
1753503854304,04:24:14.304,ACH/USDT:USDT,0.02232,435.0,0.02231,1777.0,0.02233,287.0,0.02234,1765.0
1753503854504,04:24:14.504,ACH/USDT:USDT,0.02232,435.0,0.02231,1777.0,0.02233,170.0,0.02234,1765.0
1753503855204,04:24:15.204,ACH/USDT:USDT,0.02232,435.0,0.02231,1777.0,0.02233,170.0,0.02234,1765.0
1753503855304,04:24:15.304,ACH/USDT:USDT,0.02232,435.0,0.02231,1777.0,0.02233,170.0,0.02234,1765.0
1753503855804,04:24:15.804,ACH/USDT:USDT,0.02232,435.0,0.02231,1777.0,0.02233,170.0,0.02234,1765.0
1753503855904,04:24:15.904,ACH/USDT:USDT,0.02232,435.0,0.02231,1777.0,0.02233,170.0,0.02234,1765.0
1753503856304,04:24:16.304,ACH/USDT:USDT,0.02232,722.0,0.02231,1532.0,0.02233,170.0,0.02234,1765.0
1753503856604,04:24:16.604,ACH/USDT:USDT,0.02232,722.0,0.02231,1532.0,0.02233,170.0,0.02234,1540.0
1753503857304,04:24:17.304,ACH/USDT:USDT,0.02232,722.0,0.02231,1532.0,0.02233,170.0,0.02234,1540.0
1753503858204,04:24:18.204,ACH/USDT:USDT,0.02232,722.0,0.02231,1532.0,0.02233,170.0,0.02234,1540.0
1753503860304,04:24:20.304,ACH/USDT:USDT,0.02232,722.0,0.02231,1490.0,0.02233,170.0,0.02234,1540.0
1753503860504,04:24:20.504,ACH/USDT:USDT,0.02232,722.0,0.02231,1490.0,0.02233,172.0,0.02234,1540.0
1753503860604,04:24:20.604,ACH/USDT:USDT,0.02232,722.0,0.02231,1490.0,0.02233,172.0,0.02234,1540.0
1753503861904,04:24:21.904,ACH/USDT:USDT,0.02232,435.0,0.02231,1777.0,0.02233,172.0,0.02234,1540.0
1753503863704,04:24:23.704,ACH/USDT:USDT,0.02232,396.0,0.02231,1777.0,0.02233,521.0,0.02234,1544.0
1753503865204,04:24:25.204,ACH/USDT:USDT,0.02232,396.0,0.02231,1733.0,0.02233,521.0,0.02234,1544.0
1753503865504,04:24:25.504,ACH/USDT:USDT,0.02232,396.0,0.02231,1733.0,0.02233,522.0,0.02234,1544.0
1753503865604,04:24:25.604,ACH/USDT:USDT,0.02232,396.0,0.02231,1733.0,0.02233,531.0,0.02234,1544.0
1753503865804,04:24:25.804,ACH/USDT:USDT,0.02232,396.0,0.02231,1733.0,0.02233,299.0,0.02234,1544.0
1753503866904,04:24:26.904,ACH/USDT:USDT,0.02232,396.0,0.02231,1733.0,0.02233,327.0,0.02234,1544.0
1753503867404,04:24:27.404,ACH/USDT:USDT,0.02232,396.0,0.02231,1733.0,0.02233,327.0,0.02234,1544.0
1753503867804,04:24:27.804,ACH/USDT:USDT,0.02232,683.0,0.02231,1446.0,0.02233,299.0,0.02234,1544.0
1753503868004,04:24:28.004,ACH/USDT:USDT,0.02232,683.0,0.02231,1446.0,0.02233,299.0,0.02234,1544.0
1753503868104,04:24:28.104,ACH/USDT:USDT,0.02232,683.0,0.02231,1446.0,0.02233,327.0,0.02234,1544.0
1753503869704,04:24:29.704,ACH/USDT:USDT,0.02232,465.0,0.02231,1402.0,0.02233,673.0,0.02234,1410.0
1753503869804,04:24:29.804,ACH/USDT:USDT,0.02232,465.0,0.02231,1402.0,0.02233,542.0,0.02234,1410.0
1753503870104,04:24:30.104,ACH/USDT:USDT,0.02232,465.0,0.02231,1359.0,0.02233,542.0,0.02234,1410.0
1753503870204,04:24:30.204,ACH/USDT:USDT,0.02232,465.0,0.02231,1315.0,0.02233,542.0,0.02234,1410.0
1753503870304,04:24:30.304,ACH/USDT:USDT,0.02232,178.0,0.02231,1602.0,0.02233,542.0,0.02234,1573.0
1753503870804,04:24:30.804,ACH/USDT:USDT,0.02232,178.0,0.02231,1602.0,0.02233,542.0,0.02234,1617.0
1753503871404,04:24:31.404,ACH/USDT:USDT,0.02232,178.0,0.02231,1602.0,0.02233,734.0,0.02234,2017.0
1753503871604,04:24:31.604,ACH/USDT:USDT,0.02232,178.0,0.02231,1602.0,0.02233,734.0,0.02234,2017.0
1753503871704,04:24:31.704,ACH/USDT:USDT,0.02232,178.0,0.02231,1602.0,0.02233,734.0,0.02234,2017.0
1753503871904,04:24:31.904,ACH/USDT:USDT,0.02232,178.0,0.02231,1602.0,0.02233,734.0,0.02234,2017.0
1753503872004,04:24:32.004,ACH/USDT:USDT,0.02232,178.0,0.02231,1602.0,0.02233,734.0,0.02234,2017.0
1753503872104,04:24:32.104,ACH/USDT:USDT,0.02232,178.0,0.02231,1602.0,0.02233,734.0,0.02234,2017.0
1753503872404,04:24:32.404,ACH/USDT:USDT,0.02232,178.0,0.02231,1602.0,0.02233,734.0,0.02234,2148.0
1753503873104,04:24:33.104,ACH/USDT:USDT,0.02232,178.0,0.02231,1602.0,0.02233,706.0,0.02234,2034.0
1753503873204,04:24:33.204,ACH/USDT:USDT,0.02232,178.0,0.02231,1602.0,0.02233,706.0,0.02234,2034.0
1753503873504,04:24:33.504,ACH/USDT:USDT,0.02232,178.0,0.02231,1602.0,0.02233,706.0,0.02234,2034.0
1753503873704,04:24:33.704,ACH/USDT:USDT,0.02232,178.0,0.02231,1602.0,0.02233,706.0,0.02234,2034.0
1753503873904,04:24:33.904,ACH/USDT:USDT,0.02232,178.0,0.02231,1602.0,0.02233,706.0,0.02234,2034.0
1753503874204,04:24:34.204,ACH/USDT:USDT,0.02232,178.0,0.02231,1602.0,0.02233,706.0,0.02234,2034.0
1753503874404,04:24:34.404,ACH/USDT:USDT,0.02232,178.0,0.02231,1602.0,0.02233,706.0,0.02234,2122.0
1753503874604,04:24:34.604,ACH/USDT:USDT,0.02232,178.0,0.02231,1602.0,0.02233,734.0,0.02234,2166.0
1753503874704,04:24:34.704,ACH/USDT:USDT,0.02232,178.0,0.02231,1602.0,0.02233,734.0,0.02234,2166.0
1753503874904,04:24:34.904,ACH/USDT:USDT,0.02232,178.0,0.02231,1602.0,0.02233,706.0,0.02234,2166.0
1753503875204,04:24:35.204,ACH/USDT:USDT,0.02232,178.0,0.02231,1602.0,0.02233,734.0,0.02234,2166.0
1753503876004,04:24:36.004,ACH/USDT:USDT,0.02232,178.0,0.02231,1602.0,0.02233,706.0,0.02234,2166.0
1753503876104,04:24:36.104,ACH/USDT:USDT,0.02232,178.0,0.02231,1602.0,0.02233,706.0,0.02234,2166.0
1753503876204,04:24:36.204,ACH/USDT:USDT,0.02232,178.0,0.02231,1602.0,0.02233,734.0,0.02234,2166.0
1753503876504,04:24:36.504,ACH/USDT:USDT,0.02232,178.0,0.02231,1602.0,0.02233,706.0,0.02234,2166.0
1753503877504,04:24:37.504,ACH/USDT:USDT,0.02232,178.0,0.02231,1602.0,0.02233,734.0,0.02234,2166.0
1753503877804,04:24:37.804,ACH/USDT:USDT,0.02232,178.0,0.02231,1602.0,0.02233,734.0,0.02234,2122.0
1753503877904,04:24:37.904,ACH/USDT:USDT,0.02232,178.0,0.02231,1602.0,0.02233,706.0,0.02234,2122.0
1753503878304,04:24:38.304,ACH/USDT:USDT,0.02232,178.0,0.02231,1602.0,0.02233,734.0,0.02234,2122.0
1753503878704,04:24:38.704,ACH/USDT:USDT,0.02232,178.0,0.02231,1602.0,0.02233,734.0,0.02234,2122.0
1753503878804,04:24:38.804,ACH/USDT:USDT,0.02232,151.0,0.02231,1558.0,0.02233,734.0,0.02234,2122.0
1753503878904,04:24:38.904,ACH/USDT:USDT,0.02232,151.0,0.02231,1558.0,0.02233,734.0,0.02234,2122.0
1753503879304,04:24:39.304,ACH/USDT:USDT,0.02232,151.0,0.02231,1558.0,0.02233,734.0,0.02234,2122.0
1753503880704,04:24:40.704,ACH/USDT:USDT,0.02232,151.0,0.02231,1558.0,0.02233,734.0,0.02234,2122.0
1753503880804,04:24:40.804,ACH/USDT:USDT,0.02232,151.0,0.02231,1558.0,0.02233,734.0,0.02234,2122.0
1753503881304,04:24:41.304,ACH/USDT:USDT,0.02232,151.0,0.02231,1558.0,0.02233,734.0,0.02234,2122.0
1753503882704,04:24:42.704,ACH/USDT:USDT,0.02232,151.0,0.02231,1558.0,0.02233,734.0,0.02234,2210.0
1753503883104,04:24:43.104,ACH/USDT:USDT,0.02232,151.0,0.02231,1558.0,0.02233,734.0,0.02234,2254.0
1753503884404,04:24:44.404,ACH/USDT:USDT,0.02232,151.0,0.02231,1558.0,0.02233,734.0,0.02234,2342.0
1753503884504,04:24:44.504,ACH/USDT:USDT,0.02232,151.0,0.02231,1558.0,0.02233,734.0,0.02234,2544.0
1753503884604,04:24:44.604,ACH/USDT:USDT,0.02232,151.0,0.02231,1558.0,0.02233,734.0,0.02234,2625.0
1753503885504,04:24:45.504,ACH/USDT:USDT,0.02232,151.0,0.02231,1558.0,0.02233,734.0,0.02234,2669.0
1753503885704,04:24:45.704,ACH/USDT:USDT,0.02232,29.0,0.02231,1558.0,0.02233,734.0,0.02234,2669.0
1753503886104,04:24:46.104,ACH/USDT:USDT,0.02232,29.0,0.02231,1558.0,0.02233,734.0,0.02234,2669.0
1753503886204,04:24:46.204,ACH/USDT:USDT,0.02232,29.0,0.02231,1558.0,0.02233,734.0,0.02234,2845.0
1753503887104,04:24:47.104,ACH/USDT:USDT,0.02232,29.0,0.02231,1558.0,0.02233,734.0,0.02234,2801.0
1753503887304,04:24:47.304,ACH/USDT:USDT,0.02232,29.0,0.02231,1558.0,0.02233,734.0,0.02234,2757.0
1753503889104,04:24:49.104,ACH/USDT:USDT,0.02232,146.0,0.02231,1699.0,0.02233,723.0,0.02234,2619.0
1753503889304,04:24:49.304,ACH/USDT:USDT,0.02232,146.0,0.02231,1699.0,0.02233,734.0,0.02234,1896.0
1753503889404,04:24:49.404,ACH/USDT:USDT,0.02232,146.0,0.02231,1699.0,0.02233,734.0,0.02234,1815.0
1753503889504,04:24:49.504,ACH/USDT:USDT,0.02232,146.0,0.02231,1699.0,0.02233,734.0,0.02234,1815.0
1753503890904,04:24:50.904,ACH/USDT:USDT,0.02232,146.0,0.02231,1699.0,0.02233,734.0,0.02234,1815.0
1753503891804,04:24:51.804,ACH/USDT:USDT,0.02232,146.0,0.02231,1699.0,0.02233,734.0,0.02234,1815.0
1753503892204,04:24:52.204,ACH/USDT:USDT,0.02232,146.0,0.02231,1699.0,0.02233,734.0,0.02234,1771.0
1753503892604,04:24:52.604,ACH/USDT:USDT,0.02232,286.0,0.02231,1558.0,0.02233,676.0,0.02234,1771.0
1753503893304,04:24:53.304,ACH/USDT:USDT,0.02232,286.0,0.02231,1558.0,0.02233,676.0,0.02234,1684.0
1753503894404,04:24:54.404,ACH/USDT:USDT,0.02232,436.0,0.02231,1602.0,0.02233,357.0,0.02234,1510.0
1753503894504,04:24:54.504,ACH/USDT:USDT,0.02232,408.0,0.02231,1602.0,0.02233,385.0,0.02234,1650.0
1753503895704,04:24:55.704,ACH/USDT:USDT,0.02232,397.0,0.02231,1602.0,0.02233,385.0,0.02234,1650.0
1753503895904,04:24:55.904,ACH/USDT:USDT,0.02232,397.0,0.02231,1602.0,0.02233,385.0,0.02234,1650.0
1753503896504,04:24:56.504,ACH/USDT:USDT,0.02232,436.0,0.02231,1602.0,0.02233,357.0,0.02234,1650.0
1753503897104,04:24:57.104,ACH/USDT:USDT,0.02232,436.0,0.02231,1602.0,0.02233,357.0,0.02234,1650.0
1753503897904,04:24:57.904,ACH/USDT:USDT,0.02232,436.0,0.02231,1602.0,0.02233,357.0,0.02234,1650.0
1753503899504,04:24:59.504,ACH/USDT:USDT,0.02232,286.0,0.02231,1602.0,0.02233,731.0,0.02234,1510.0
1753503900004,04:25:00.004,ACH/USDT:USDT,0.02232,286.0,0.02231,1602.0,0.02233,731.0,0.02234,1509.0
1753503900104,04:25:00.104,ACH/USDT:USDT,0.02232,286.0,0.02231,1602.0,0.02233,731.0,0.02234,1509.0
1753503900304,04:25:00.304,ACH/USDT:USDT,0.02232,286.0,0.02231,1602.0,0.02233,731.0,0.02234,1509.0
1753503900404,04:25:00.404,ACH/USDT:USDT,0.02232,323.0,0.02231,1602.0,0.02233,692.0,0.02234,1509.0
1753503900504,04:25:00.504,ACH/USDT:USDT,0.02232,323.0,0.02231,1602.0,0.02233,561.0,0.02234,1509.0
1753503900804,04:25:00.804,ACH/USDT:USDT,0.02232,323.0,0.02231,1602.0,0.02233,561.0,0.02234,1509.0
1753503900904,04:25:00.904,ACH/USDT:USDT,0.02232,323.0,0.02231,1602.0,0.02233,563.0,0.02234,1644.0
1753503901004,04:25:01.004,ACH/USDT:USDT,0.02232,323.0,0.02231,1602.0,0.02233,563.0,0.02234,1644.0
1753503901704,04:25:01.704,ACH/USDT:USDT,0.02232,313.0,0.02231,1602.0,0.02233,701.0,0.02234,1509.0
1753503901804,04:25:01.804,ACH/USDT:USDT,0.02232,169.0,0.02231,1602.0,0.02233,738.0,0.02234,1509.0
1753503901904,04:25:01.904,ACH/USDT:USDT,0.02232,169.0,0.02231,1602.0,0.02233,738.0,0.02234,1553.0
1753503902004,04:25:02.004,ACH/USDT:USDT,0.02231,651.0,0.0223,3666.0,0.02232,113.0,0.02233,1500.0
1753503902104,04:25:02.104,ACH/USDT:USDT,0.02231,819.0,0.0223,3684.0,0.02232,139.0,0.02233,1501.0
1753503902204,04:25:02.204,ACH/USDT:USDT,0.02231,792.0,0.0223,3375.0,0.02232,139.0,0.02233,1501.0
1753503902404,04:25:02.404,ACH/USDT:USDT,0.02231,792.0,0.0223,3748.0,0.02232,139.0,0.02233,1501.0
1753503902504,04:25:02.504,ACH/USDT:USDT,0.02231,792.0,0.0223,3309.0,0.02232,176.0,0.02233,1501.0
1753503902604,04:25:02.604,ACH/USDT:USDT,0.02231,792.0,0.0223,3309.0,0.02232,149.0,0.02233,1501.0
1753503903004,04:25:03.004,ACH/USDT:USDT,0.02231,792.0,0.0223,3309.0,0.02232,176.0,0.02233,1501.0
1753503903604,04:25:03.604,ACH/USDT:USDT,0.02231,792.0,0.0223,3309.0,0.02232,149.0,0.02233,1501.0
1753503903704,04:25:03.704,ACH/USDT:USDT,0.02231,792.0,0.0223,3309.0,0.02232,139.0,0.02233,1501.0
1753503903804,04:25:03.804,ACH/USDT:USDT,0.02231,819.0,0.0223,3309.0,0.02232,139.0,0.02233,1501.0
1753503903904,04:25:03.904,ACH/USDT:USDT,0.02231,792.0,0.0223,3309.0,0.02232,139.0,0.02233,1501.0
1753503904004,04:25:04.004,ACH/USDT:USDT,0.02231,792.0,0.0223,3309.0,0.02232,139.0,0.02233,1501.0
1753503904304,04:25:04.304,ACH/USDT:USDT,0.02231,792.0,0.0223,3309.0,0.02232,176.0,0.02233,1501.0
1753503905004,04:25:05.004,ACH/USDT:USDT,0.02231,792.0,0.0223,3266.0,0.02232,139.0,0.02233,1501.0
1753503905304,04:25:05.304,ACH/USDT:USDT,0.02231,792.0,0.0223,3266.0,0.02232,139.0,0.02233,1501.0
1753503905604,04:25:05.604,ACH/USDT:USDT,0.02231,792.0,0.0223,3120.0,0.02232,176.0,0.02233,1501.0
1753503906704,04:25:06.704,ACH/USDT:USDT,0.02231,505.0,0.0223,3320.0,0.02232,176.0,0.02233,1301.0
1753503906804,04:25:06.804,ACH/USDT:USDT,0.02231,505.0,0.0223,3277.0,0.02232,176.0,0.02233,1301.0
1753503907004,04:25:07.004,ACH/USDT:USDT,0.02231,505.0,0.0223,3277.0,0.02232,176.0,0.02233,1301.0
1753503907104,04:25:07.104,ACH/USDT:USDT,0.02231,505.0,0.0223,3277.0,0.02232,176.0,0.02233,1301.0
1753503907204,04:25:07.204,ACH/USDT:USDT,0.02231,505.0,0.0223,3277.0,0.02232,176.0,0.02233,1301.0
1753503907304,04:25:07.304,ACH/USDT:USDT,0.02231,505.0,0.0223,3277.0,0.02232,176.0,0.02233,1301.0
1753503907804,04:25:07.804,ACH/USDT:USDT,0.02231,505.0,0.0223,3234.0,0.02232,176.0,0.02233,1301.0
1753503908204,04:25:08.204,ACH/USDT:USDT,0.02231,505.0,0.0223,3234.0,0.02232,166.0,0.02233,1301.0
1753503908504,04:25:08.504,ACH/USDT:USDT,0.02231,297.0,0.0223,2899.0,0.02232,380.0,0.02233,1305.0
1753503908704,04:25:08.704,ACH/USDT:USDT,0.02231,297.0,0.0223,2899.0,0.02232,380.0,0.02233,1305.0
1753503909204,04:25:09.204,ACH/USDT:USDT,0.02231,297.0,0.0223,1873.0,0.02232,380.0,0.02233,1305.0
1753503910104,04:25:10.104,ACH/USDT:USDT,0.02231,297.0,0.0223,1873.0,0.02232,380.0,0.02233,1305.0
1753503910404,04:25:10.404,ACH/USDT:USDT,0.02231,297.0,0.0223,1873.0,0.02232,380.0,0.02233,1305.0
1753503910804,04:25:10.804,ACH/USDT:USDT,0.02231,406.0,0.0223,1873.0,0.02232,343.0,0.02233,1305.0
1753503911104,04:25:11.104,ACH/USDT:USDT,0.02231,406.0,0.0223,1916.0,0.02232,139.0,0.02233,1305.0
1753503911204,04:25:11.204,ACH/USDT:USDT,0.02231,406.0,0.0223,1960.0,0.02232,166.0,0.02233,1305.0
1753503911804,04:25:11.804,ACH/USDT:USDT,0.02231,406.0,0.0223,1960.0,0.02232,176.0,0.02233,1305.0
1753503912004,04:25:12.004,ACH/USDT:USDT,0.02231,406.0,0.0223,1960.0,0.02232,176.0,0.02233,1305.0
1753503912104,04:25:12.104,ACH/USDT:USDT,0.02231,406.0,0.0223,1960.0,0.02232,176.0,0.02233,1305.0
1753503912704,04:25:12.704,ACH/USDT:USDT,0.02231,406.0,0.0223,1960.0,0.02232,176.0,0.02233,1305.0
1753503913504,04:25:13.504,ACH/USDT:USDT,0.02231,406.0,0.0223,1960.0,0.02232,176.0,0.02233,1305.0
1753503913904,04:25:13.904,ACH/USDT:USDT,0.02231,406.0,0.0223,1960.0,0.02232,176.0,0.02233,1305.0
1753503914004,04:25:14.004,ACH/USDT:USDT,0.02231,406.0,0.0223,1960.0,0.02232,176.0,0.02233,1305.0
1753503914104,04:25:14.104,ACH/USDT:USDT,0.02231,406.0,0.0223,1960.0,0.02232,139.0,0.02233,1305.0
1753503914204,04:25:14.204,ACH/USDT:USDT,0.02231,406.0,0.0223,1960.0,0.02232,378.0,0.02233,1305.0
1753503914804,04:25:14.804,ACH/USDT:USDT,0.02231,406.0,0.0223,1960.0,0.02232,378.0,0.02233,1305.0
1753503914904,04:25:14.904,ACH/USDT:USDT,0.02231,406.0,0.0223,1960.0,0.02232,378.0,0.02233,1305.0
1753503915404,04:25:15.404,ACH/USDT:USDT,0.02231,406.0,0.0223,1960.0,0.02232,378.0,0.02233,1305.0
1753503915504,04:25:15.504,ACH/USDT:USDT,0.02231,406.0,0.0223,1960.0,0.02232,380.0,0.02233,1305.0
1753503916004,04:25:16.004,ACH/USDT:USDT,0.02231,406.0,0.0223,1960.0,0.02232,380.0,0.02233,1305.0
1753503916204,04:25:16.204,ACH/USDT:USDT,0.02231,297.0,0.0223,1916.0,0.02232,380.0,0.02233,1305.0
1753503917804,04:25:17.804,ACH/USDT:USDT,0.02231,297.0,0.0223,1768.0,0.02232,380.0,0.02233,1305.0
1753503919604,04:25:19.604,ACH/USDT:USDT,0.02231,297.0,0.0223,1768.0,0.02232,370.0,0.02233,1305.0
1753503920004,04:25:20.004,ACH/USDT:USDT,0.02231,442.0,0.0223,1768.0,0.02232,139.0,0.02233,1305.0
1753503920104,04:25:20.104,ACH/USDT:USDT,0.02231,442.0,0.0223,1768.0,0.02232,139.0,0.02233,1305.0
1753503920204,04:25:20.204,ACH/USDT:USDT,0.02231,442.0,0.0223,1812.0,0.02232,139.0,0.02233,1305.0
1753503920704,04:25:20.704,ACH/USDT:USDT,0.02231,442.0,0.0223,1812.0,0.02232,139.0,0.02233,1305.0
1753503921004,04:25:21.004,ACH/USDT:USDT,0.02231,442.0,0.0223,1812.0,0.02232,139.0,0.02233,1305.0
1753503921104,04:25:21.104,ACH/USDT:USDT,0.02231,442.0,0.0223,1855.0,0.02232,139.0,0.02233,1305.0
1753503923004,04:25:23.004,ACH/USDT:USDT,0.02231,442.0,0.0223,1943.0,0.02232,139.0,0.02233,1305.0
1753503923104,04:25:23.104,ACH/USDT:USDT,0.02231,442.0,0.0223,1943.0,0.02232,139.0,0.02233,1305.0
1753503923604,04:25:23.604,ACH/USDT:USDT,0.02231,442.0,0.0223,2048.0,0.02232,139.0,0.02233,1305.0
1753503924304,04:25:24.304,ACH/USDT:USDT,0.02231,442.0,0.0223,2090.0,0.02232,139.0,0.02233,1305.0
1753503924504,04:25:24.504,ACH/USDT:USDT,0.02231,442.0,0.0223,2194.0,0.02232,139.0,0.02233,1305.0
1753503925004,04:25:25.004,ACH/USDT:USDT,0.02231,442.0,0.0223,2048.0,0.02232,139.0,0.02233,1305.0
1753503926104,04:25:26.104,ACH/USDT:USDT,0.02231,442.0,0.0223,2048.0,0.02232,139.0,0.02233,1305.0
1753503927804,04:25:27.804,ACH/USDT:USDT,0.02231,442.0,0.0223,2194.0,0.02232,26.0,0.02233,1305.0
1753503927904,04:25:27.904,ACH/USDT:USDT,0.02232,144.0,0.02231,1459.0,0.02233,709.0,0.02234,2376.0
1753503928104,04:25:28.104,ACH/USDT:USDT,0.02232,173.0,0.02231,1460.0,0.02233,762.0,0.02234,2376.0
1753503928204,04:25:28.204,ACH/USDT:USDT,0.02232,173.0,0.02231,1460.0,0.02233,762.0,0.02234,2463.0
1753503928304,04:25:28.304,ACH/USDT:USDT,0.02232,173.0,0.02231,1460.0,0.02233,762.0,0.02234,2594.0
1753503928404,04:25:28.404,ACH/USDT:USDT,0.02232,173.0,0.02231,1460.0,0.02233,762.0,0.02234,2725.0
1753503928704,04:25:28.704,ACH/USDT:USDT,0.02232,173.0,0.02231,1460.0,0.02233,762.0,0.02234,2813.0
1753503928904,04:25:28.904,ACH/USDT:USDT,0.02232,173.0,0.02231,1450.0,0.02233,772.0,0.02234,2945.0
1753503929104,04:25:29.104,ACH/USDT:USDT,0.02232,173.0,0.02231,1450.0,0.02233,772.0,0.02234,2989.0
1753503929304,04:25:29.304,ACH/USDT:USDT,0.02232,173.0,0.02231,1450.0,0.02233,772.0,0.02234,2989.0
1753503929804,04:25:29.804,ACH/USDT:USDT,0.02232,144.0,0.02231,1423.0,0.02233,772.0,0.02234,2989.0
1753503929904,04:25:29.904,ACH/USDT:USDT,0.02232,144.0,0.02231,1423.0,0.02233,772.0,0.02234,2989.0
1753503930104,04:25:30.104,ACH/USDT:USDT,0.02232,144.0,0.02231,1423.0,0.02233,772.0,0.02234,2989.0
1753503930204,04:25:30.204,ACH/USDT:USDT,0.02232,144.0,0.02231,1423.0,0.02233,772.0,0.02234,3033.0
1753503930304,04:25:30.304,ACH/USDT:USDT,0.02232,144.0,0.02231,1423.0,0.02233,772.0,0.02234,3077.0
1753503930404,04:25:30.404,ACH/USDT:USDT,0.02232,144.0,0.02231,1423.0,0.02233,772.0,0.02234,3077.0
1753503931504,04:25:31.504,ACH/USDT:USDT,0.02232,144.0,0.02231,1423.0,0.02233,772.0,0.02234,3077.0
1753503931604,04:25:31.604,ACH/USDT:USDT,0.02232,170.0,0.02231,1423.0,0.02233,772.0,0.02234,2857.0
1753503931704,04:25:31.704,ACH/USDT:USDT,0.02232,170.0,0.02231,1423.0,0.02233,772.0,0.02234,2725.0
1753503932004,04:25:32.004,ACH/USDT:USDT,0.02232,170.0,0.02231,1412.0,0.02233,772.0,0.02234,2725.0
1753503932104,04:25:32.104,ACH/USDT:USDT,0.02232,28.0,0.02231,1412.0,0.02233,772.0,0.02234,2725.0
1753503932204,04:25:32.204,ACH/USDT:USDT,0.02232,28.0,0.02231,1412.0,0.02233,772.0,0.02234,2769.0
1753503932304,04:25:32.304,ACH/USDT:USDT,0.02232,28.0,0.02231,1412.0,0.02233,772.0,0.02234,2725.0
1753503933204,04:25:33.204,ACH/USDT:USDT,0.02232,28.0,0.02231,1412.0,0.02233,772.0,0.02234,2769.0
1753503934104,04:25:34.104,ACH/USDT:USDT,0.02232,28.0,0.02231,1412.0,0.02233,772.0,0.02234,2769.0
1753503937204,04:25:37.204,ACH/USDT:USDT,0.02232,28.0,0.02231,1550.0,0.02233,773.0,0.02234,2813.0
1753503939104,04:25:39.104,ACH/USDT:USDT,0.02232,28.0,0.02231,1655.0,0.02233,597.0,0.02234,2813.0
1753503940604,04:25:40.604,ACH/USDT:USDT,0.02231,286.0,0.0223,1738.0,0.02232,525.0,0.02233,1241.0
1753503941004,04:25:41.004,ACH/USDT:USDT,0.02231,286.0,0.0223,1738.0,0.02232,498.0,0.02233,1285.0
1753503941104,04:25:41.104,ACH/USDT:USDT,0.02231,286.0,0.0223,1738.0,0.02232,525.0,0.02233,1328.0
1753503941204,04:25:41.204,ACH/USDT:USDT,0.02231,286.0,0.0223,1738.0,0.02232,525.0,0.02233,1241.0
1753503941304,04:25:41.304,ACH/USDT:USDT,0.02231,286.0,0.0223,1738.0,0.02232,525.0,0.02233,1241.0
1753503941504,04:25:41.504,ACH/USDT:USDT,0.02231,286.0,0.0223,1738.0,0.02232,525.0,0.02233,1241.0
1753503941604,04:25:41.604,ACH/USDT:USDT,0.02231,286.0,0.0223,1738.0,0.02232,525.0,0.02233,1241.0
1753503942404,04:25:42.404,ACH/USDT:USDT,0.02231,428.0,0.0223,1884.0,0.02232,294.0,0.02233,1241.0
1753503944204,04:25:44.204,ACH/USDT:USDT,0.02231,401.0,0.0223,1999.0,0.02232,284.0,0.02233,1241.0
1753503944404,04:25:44.404,ACH/USDT:USDT,0.02232,116.0,0.02231,1449.0,0.02233,929.0,0.02234,2260.0
1753503944504,04:25:44.504,ACH/USDT:USDT,0.02232,272.0,0.02231,1703.0,0.02233,1097.0,0.02234,2418.0
1753503945104,04:25:45.104,ACH/USDT:USDT,0.02232,272.0,0.02231,1703.0,0.02233,1097.0,0.02234,2462.0
1753503945204,04:25:45.204,ACH/USDT:USDT,0.02232,272.0,0.02231,1703.0,0.02233,1107.0,0.02234,2593.0
1753503945304,04:25:45.304,ACH/USDT:USDT,0.02232,272.0,0.02231,1693.0,0.02233,1107.0,0.02234,2768.0
1753503945404,04:25:45.404,ACH/USDT:USDT,0.02232,272.0,0.02231,1693.0,0.02233,1097.0,0.02234,2768.0
1753503945504,04:25:45.504,ACH/USDT:USDT,0.02232,272.0,0.02231,1693.0,0.02233,1097.0,0.02234,2855.0
1753503945604,04:25:45.604,ACH/USDT:USDT,0.02232,26.0,0.02231,1693.0,0.02233,1107.0,0.02234,2855.0
1753503946304,04:25:46.304,ACH/USDT:USDT,0.02232,26.0,0.02231,1693.0,0.02233,1107.0,0.02234,2942.0
1753503946404,04:25:46.404,ACH/USDT:USDT,0.02232,142.0,0.02231,1812.0,0.02233,1097.0,0.02234,2810.0
1753503946504,04:25:46.504,ACH/USDT:USDT,0.02232,179.0,0.02231,1812.0,0.02233,1070.0,0.02234,2528.0
1753503946704,04:25:46.704,ACH/USDT:USDT,0.02232,179.0,0.02231,1812.0,0.02233,1070.0,0.02234,2528.0
1753503946904,04:25:46.904,ACH/USDT:USDT,0.02232,179.0,0.02231,1812.0,0.02233,1070.0,0.02234,2484.0
1753503947004,04:25:47.004,ACH/USDT:USDT,0.02232,179.0,0.02231,1812.0,0.02233,1070.0,0.02234,2484.0
1753503947304,04:25:47.304,ACH/USDT:USDT,0.02232,179.0,0.02231,1812.0,0.02233,1070.0,0.02234,2353.0
1753503947504,04:25:47.504,ACH/USDT:USDT,0.02232,309.0,0.02231,1693.0,0.02233,1070.0,0.02234,2195.0
1753503947904,04:25:47.904,ACH/USDT:USDT,0.02232,309.0,0.02231,1693.0,0.02233,1070.0,0.02234,2151.0
1753503948104,04:25:48.104,ACH/USDT:USDT,0.02232,309.0,0.02231,1693.0,0.02233,1070.0,0.02234,2108.0
1753503948304,04:25:48.304,ACH/USDT:USDT,0.02232,309.0,0.02231,1693.0,0.02233,1070.0,0.02234,1934.0
1753503949604,04:25:49.604,ACH/USDT:USDT,0.02232,421.0,0.02231,1693.0,0.02233,40.0,0.02234,2219.0
1753503950104,04:25:50.104,ACH/USDT:USDT,0.02232,421.0,0.02231,1736.0,0.02233,40.0,0.02234,2219.0
1753503950204,04:25:50.204,ACH/USDT:USDT,0.02232,421.0,0.02231,1780.0,0.02233,40.0,0.02234,2219.0
1753503950304,04:25:50.304,ACH/USDT:USDT,0.02232,421.0,0.02231,1822.0,0.02233,40.0,0.02234,2219.0
1753503950404,04:25:50.404,ACH/USDT:USDT,0.02232,421.0,0.02231,1822.0,0.02233,40.0,0.02234,2219.0
1753503950704,04:25:50.704,ACH/USDT:USDT,0.02232,421.0,0.02231,1822.0,0.02233,155.0,0.02234,2219.0
1753503951304,04:25:51.304,ACH/USDT:USDT,0.02232,421.0,0.02231,1780.0,0.02233,155.0,0.02234,2219.0
1753503951504,04:25:51.504,ACH/USDT:USDT,0.02232,421.0,0.02231,1780.0,0.02233,155.0,0.02234,2219.0
1753503951804,04:25:51.804,ACH/USDT:USDT,0.02232,421.0,0.02231,1780.0,0.02233,155.0,0.02234,2219.0
1753503952504,04:25:52.504,ACH/USDT:USDT,0.02232,421.0,0.02231,1780.0,0.02233,155.0,0.02234,2219.0
1753503953304,04:25:53.304,ACH/USDT:USDT,0.02232,421.0,0.02231,1780.0,0.02233,155.0,0.02234,2219.0
1753503953504,04:25:53.504,ACH/USDT:USDT,0.02232,421.0,0.02231,1868.0,0.02233,40.0,0.02234,2219.0
1753503953604,04:25:53.604,ACH/USDT:USDT,0.02232,421.0,0.02231,1868.0,0.02233,40.0,0.02234,2119.0
1753503954304,04:25:54.304,ACH/USDT:USDT,0.02232,421.0,0.02231,1910.0,0.02233,40.0,0.02234,2119.0
