timestamp,time,symbol,bid1_price,bid1_volume,bid2_price,bid2_volume,ask1_price,ask1_volume,ask2_price,ask2_volume
1753504010780,04:26:50.780,ACH/USDT:USDT,0.022314,25.0,0.022313,20.0,0.022345,24.0,0.022348,153.0
1753504011517,04:26:51.517,ACH/USDT:USDT,0.022314,25.0,0.022313,20.0,0.022345,24.0,0.022348,153.0
1753504011521,04:26:51.521,ACH/USDT:USDT,0.022314,25.0,0.022313,20.0,0.022345,24.0,0.022348,153.0
1753504011522,04:26:51.522,ACH/USDT:USDT,0.022314,25.0,0.022312,25.0,0.022345,24.0,0.022348,153.0
1753504011527,04:26:51.527,ACH/USDT:USDT,0.022312,25.0,0.02231,50.0,0.022345,24.0,0.022348,153.0
1753504011561,04:26:51.561,ACH/USDT:USDT,0.022312,25.0,0.02231,50.0,0.022345,24.0,0.022348,153.0
1753504011561,04:26:51.561,ACH/USDT:USDT,0.022312,25.0,0.02231,50.0,0.022345,24.0,0.022348,136.0
1753504011574,04:26:51.574,ACH/USDT:USDT,0.022313,20.0,0.022312,25.0,0.022345,24.0,0.022348,136.0
1753504011579,04:26:51.579,ACH/USDT:USDT,0.022314,25.0,0.022313,20.0,0.022345,24.0,0.022348,136.0
1753504011602,04:26:51.602,ACH/USDT:USDT,0.022314,25.0,0.022313,20.0,0.022345,24.0,0.022348,136.0
1753504011607,04:26:51.607,ACH/USDT:USDT,0.022314,25.0,0.022313,20.0,0.022345,24.0,0.022348,136.0
1753504011610,04:26:51.610,ACH/USDT:USDT,0.022314,25.0,0.022313,20.0,0.022345,24.0,0.022348,136.0
1753504011611,04:26:51.611,ACH/USDT:USDT,0.022314,25.0,0.022312,25.0,0.022345,24.0,0.022348,136.0
1753504011643,04:26:51.643,ACH/USDT:USDT,0.022314,25.0,0.022312,25.0,0.022345,24.0,0.022348,136.0
1753504011685,04:26:51.685,ACH/USDT:USDT,0.022314,25.0,0.022312,25.0,0.022345,24.0,0.022348,136.0
1753504011701,04:26:51.701,ACH/USDT:USDT,0.022314,25.0,0.022312,25.0,0.022345,24.0,0.022348,136.0
1753504011725,04:26:51.725,ACH/USDT:USDT,0.022314,25.0,0.022312,25.0,0.022345,24.0,0.022348,136.0
1753504011734,04:26:51.734,ACH/USDT:USDT,0.022312,25.0,0.02231,50.0,0.022345,24.0,0.022348,136.0
1753504012015,04:26:52.015,ACH/USDT:USDT,0.022312,25.0,0.02231,50.0,0.022345,24.0,0.022348,136.0
1753504012146,04:26:52.146,ACH/USDT:USDT,0.022312,25.0,0.02231,50.0,0.022345,24.0,0.022348,136.0
1753504012191,04:26:52.191,ACH/USDT:USDT,0.022312,25.0,0.02231,50.0,0.022345,24.0,0.022348,136.0
1753504012196,04:26:52.196,ACH/USDT:USDT,0.022312,25.0,0.02231,50.0,0.022345,24.0,0.022348,136.0
1753504012206,04:26:52.206,ACH/USDT:USDT,0.022312,25.0,0.02231,50.0,0.022345,24.0,0.022348,136.0
1753504012210,04:26:52.210,ACH/USDT:USDT,0.022312,25.0,0.02231,50.0,0.022345,24.0,0.022348,136.0
1753504012262,04:26:52.262,ACH/USDT:USDT,0.022312,25.0,0.02231,50.0,0.022345,24.0,0.022348,136.0
1753504012267,04:26:52.267,ACH/USDT:USDT,0.022312,25.0,0.02231,50.0,0.022345,24.0,0.022348,136.0
1753504012300,04:26:52.300,ACH/USDT:USDT,0.022312,25.0,0.02231,50.0,0.022345,24.0,0.022348,136.0
1753504012496,04:26:52.496,ACH/USDT:USDT,0.022312,25.0,0.02231,50.0,0.022345,24.0,0.022348,136.0
1753504012501,04:26:52.501,ACH/USDT:USDT,0.022312,25.0,0.02231,50.0,0.022345,24.0,0.022348,136.0
1753504012607,04:26:52.607,ACH/USDT:USDT,0.022312,25.0,0.02231,50.0,0.022345,24.0,0.022348,136.0
1753504012607,04:26:52.607,ACH/USDT:USDT,0.022312,25.0,0.02231,50.0,0.022345,24.0,0.022348,136.0
1753504012828,04:26:52.828,ACH/USDT:USDT,0.022312,25.0,0.02231,50.0,0.022345,24.0,0.022348,136.0
1753504012833,04:26:52.833,ACH/USDT:USDT,0.022312,25.0,0.02231,50.0,0.022345,24.0,0.022348,136.0
1753504013201,04:26:53.201,ACH/USDT:USDT,0.022312,25.0,0.02231,50.0,0.022345,24.0,0.022348,136.0
1753504013201,04:26:53.201,ACH/USDT:USDT,0.022312,25.0,0.02231,50.0,0.022345,24.0,0.022348,136.0
1753504013221,04:26:53.221,ACH/USDT:USDT,0.022312,25.0,0.02231,50.0,0.022345,24.0,0.022348,136.0
1753504013224,04:26:53.224,ACH/USDT:USDT,0.022312,25.0,0.02231,50.0,0.022345,24.0,0.022348,136.0
1753504013302,04:26:53.302,ACH/USDT:USDT,0.022312,25.0,0.02231,50.0,0.022345,24.0,0.022348,136.0
1753504013309,04:26:53.309,ACH/USDT:USDT,0.022312,25.0,0.02231,50.0,0.022345,24.0,0.022348,136.0
1753504013410,04:26:53.410,ACH/USDT:USDT,0.022312,25.0,0.02231,50.0,0.022345,24.0,0.022348,136.0
1753504013463,04:26:53.463,ACH/USDT:USDT,0.022312,25.0,0.02231,50.0,0.022345,24.0,0.022348,136.0
1753504014948,04:26:54.948,ACH/USDT:USDT,0.022312,25.0,0.02231,50.0,0.022345,24.0,0.022348,136.0
1753504014950,04:26:54.950,ACH/USDT:USDT,0.022312,25.0,0.02231,50.0,0.022345,24.0,0.022348,136.0
1753504015012,04:26:55.012,ACH/USDT:USDT,0.022312,25.0,0.02231,50.0,0.022345,24.0,0.022348,136.0
1753504015085,04:26:55.085,ACH/USDT:USDT,0.022312,25.0,0.02231,50.0,0.022345,24.0,0.022348,136.0
1753504016742,04:26:56.742,ACH/USDT:USDT,0.022312,25.0,0.02231,50.0,0.022345,24.0,0.022348,136.0
1753504017180,04:26:57.180,ACH/USDT:USDT,0.022313,20.0,0.022312,25.0,0.022345,24.0,0.022348,136.0
1753504017183,04:26:57.183,ACH/USDT:USDT,0.022314,24.0,0.022313,20.0,0.022345,24.0,0.022348,136.0
1753504017626,04:26:57.626,ACH/USDT:USDT,0.022314,24.0,0.022312,25.0,0.022345,24.0,0.022348,136.0
1753504017628,04:26:57.628,ACH/USDT:USDT,0.022314,24.0,0.022312,25.0,0.022345,24.0,0.022348,136.0
1753504017631,04:26:57.631,ACH/USDT:USDT,0.022312,25.0,0.02231,50.0,0.022345,24.0,0.022348,136.0
1753504017633,04:26:57.633,ACH/USDT:USDT,0.022312,25.0,0.02231,50.0,0.022345,24.0,0.022348,136.0
1753504017637,04:26:57.637,ACH/USDT:USDT,0.022312,25.0,0.02231,50.0,0.022345,24.0,0.022348,136.0
1753504017731,04:26:57.731,ACH/USDT:USDT,0.022312,25.0,0.02231,50.0,0.022345,24.0,0.022348,136.0
1753504017732,04:26:57.732,ACH/USDT:USDT,0.022312,25.0,0.02231,50.0,0.022345,24.0,0.022348,136.0
1753504018076,04:26:58.076,ACH/USDT:USDT,0.022313,282.0,0.022312,25.0,0.022345,24.0,0.022348,136.0
1753504018081,04:26:58.081,ACH/USDT:USDT,0.022314,24.0,0.022313,282.0,0.022345,24.0,0.022348,136.0
1753504018088,04:26:58.088,ACH/USDT:USDT,0.022315,24.0,0.022314,74.0,0.022345,24.0,0.022348,136.0
1753504018091,04:26:58.091,ACH/USDT:USDT,0.022315,74.0,0.022314,50.0,0.022345,24.0,0.022348,136.0
1753504018094,04:26:58.094,ACH/USDT:USDT,0.022315,74.0,0.022314,50.0,0.022345,24.0,0.022348,136.0
1753504018094,04:26:58.094,ACH/USDT:USDT,0.022316,24.0,0.022315,74.0,0.022345,24.0,0.022348,136.0
1753504018099,04:26:58.099,ACH/USDT:USDT,0.022317,13.0,0.022316,24.0,0.022345,24.0,0.022348,136.0
1753504018103,04:26:58.103,ACH/USDT:USDT,0.022318,24.0,0.022317,13.0,0.022345,24.0,0.022348,136.0
1753504018168,04:26:58.168,ACH/USDT:USDT,0.022318,24.0,0.022317,13.0,0.022345,24.0,0.022348,136.0
1753504018168,04:26:58.168,ACH/USDT:USDT,0.022318,24.0,0.022317,13.0,0.022345,24.0,0.022348,136.0
1753504018191,04:26:58.191,ACH/USDT:USDT,0.022318,24.0,0.022316,24.0,0.022345,24.0,0.022348,136.0
1753504018200,04:26:58.200,ACH/USDT:USDT,0.022318,24.0,0.022316,24.0,0.022345,24.0,0.022348,136.0
1753504018257,04:26:58.257,ACH/USDT:USDT,0.022316,24.0,0.022312,25.0,0.022345,24.0,0.022348,136.0
1753504018261,04:26:58.261,ACH/USDT:USDT,0.022312,25.0,0.02231,50.0,0.022345,24.0,0.022348,136.0
1753504018863,04:26:58.863,ACH/USDT:USDT,0.022312,25.0,0.02231,50.0,0.022345,24.0,0.022348,136.0
1753504018915,04:26:58.915,ACH/USDT:USDT,0.022314,24.0,0.022313,70.0,0.022345,24.0,0.022348,136.0
1753504018919,04:26:58.919,ACH/USDT:USDT,0.022314,74.0,0.022313,70.0,0.022345,24.0,0.022348,136.0
1753504018922,04:26:58.922,ACH/USDT:USDT,0.022315,24.0,0.022314,74.0,0.022345,24.0,0.022348,136.0
1753504018923,04:26:58.923,ACH/USDT:USDT,0.022315,24.0,0.022314,50.0,0.022345,24.0,0.022348,136.0
1753504018926,04:26:58.926,ACH/USDT:USDT,0.022315,74.0,0.022314,50.0,0.022345,24.0,0.022348,136.0
1753504018927,04:26:58.927,ACH/USDT:USDT,0.022315,74.0,0.022314,50.0,0.022345,24.0,0.022348,136.0
1753504018930,04:26:58.930,ACH/USDT:USDT,0.022316,24.0,0.022315,74.0,0.022345,24.0,0.022348,136.0
1753504018931,04:26:58.931,ACH/USDT:USDT,0.022316,24.0,0.022315,50.0,0.022345,24.0,0.022348,136.0
1753504018935,04:26:58.935,ACH/USDT:USDT,0.022316,24.0,0.022315,50.0,0.022345,24.0,0.022348,136.0
1753504019143,04:26:59.143,ACH/USDT:USDT,0.022316,24.0,0.022315,50.0,0.022348,136.0,0.02235,9.0
1753504019203,04:26:59.203,ACH/USDT:USDT,0.022316,24.0,0.022315,50.0,0.022348,136.0,0.02235,9.0
1753504020146,04:27:00.146,ACH/USDT:USDT,0.022316,24.0,0.022315,50.0,0.022348,136.0,0.02235,9.0
1753504020150,04:27:00.150,ACH/USDT:USDT,0.022316,24.0,0.022315,50.0,0.022348,136.0,0.02235,9.0
1753504020164,04:27:00.164,ACH/USDT:USDT,0.022316,24.0,0.022315,50.0,0.022348,136.0,0.02235,9.0
1753504020468,04:27:00.468,ACH/USDT:USDT,0.022317,13.0,0.022316,24.0,0.022348,136.0,0.02235,9.0
1753504020520,04:27:00.520,ACH/USDT:USDT,0.022318,24.0,0.022316,24.0,0.022347,24.0,0.022348,136.0
1753504020520,04:27:00.520,ACH/USDT:USDT,0.022318,24.0,0.022316,24.0,0.022347,24.0,0.022348,111.0
1753504020525,04:27:00.525,ACH/USDT:USDT,0.022318,24.0,0.022316,24.0,0.022347,24.0,0.022348,111.0
1753504020623,04:27:00.623,ACH/USDT:USDT,0.022316,24.0,0.022315,50.0,0.022347,24.0,0.022348,111.0
1753504020673,04:27:00.673,ACH/USDT:USDT,0.022317,13.0,0.022316,24.0,0.022347,24.0,0.022348,111.0
1753504021078,04:27:01.078,ACH/USDT:USDT,0.022318,24.0,0.022316,24.0,0.022347,24.0,0.022348,111.0
1753504021083,04:27:01.083,ACH/USDT:USDT,0.022316,24.0,0.022315,50.0,0.022347,24.0,0.022348,111.0
1753504022429,04:27:02.429,ACH/USDT:USDT,0.022316,24.0,0.022315,50.0,0.022347,24.0,0.022348,111.0
1753504022432,04:27:02.432,ACH/USDT:USDT,0.022316,24.0,0.022315,50.0,0.022347,24.0,0.022348,111.0
1753504022651,04:27:02.651,ACH/USDT:USDT,0.022316,24.0,0.022315,50.0,0.022347,24.0,0.022348,111.0
1753504023635,04:27:03.635,ACH/USDT:USDT,0.022316,24.0,0.022315,50.0,0.022347,24.0,0.022348,111.0
1753504023635,04:27:03.635,ACH/USDT:USDT,0.022316,24.0,0.022315,50.0,0.022347,24.0,0.022348,111.0
1753504024114,04:27:04.114,ACH/USDT:USDT,0.022316,24.0,0.022315,50.0,0.022347,24.0,0.022348,111.0
1753504024116,04:27:04.116,ACH/USDT:USDT,0.022316,24.0,0.022315,50.0,0.022347,24.0,0.022348,111.0
1753504024651,04:27:04.651,ACH/USDT:USDT,0.022316,24.0,0.022315,50.0,0.022347,24.0,0.022348,111.0
1753504024655,04:27:04.655,ACH/USDT:USDT,0.022316,24.0,0.022315,50.0,0.022347,24.0,0.022348,111.0
1753504024662,04:27:04.662,ACH/USDT:USDT,0.022316,24.0,0.022315,50.0,0.022347,24.0,0.022348,111.0
1753504024814,04:27:04.814,ACH/USDT:USDT,0.022316,24.0,0.022315,50.0,0.022347,24.0,0.022348,111.0
1753504024827,04:27:04.827,ACH/USDT:USDT,0.022316,24.0,0.022315,50.0,0.022347,24.0,0.022348,111.0
1753504024835,04:27:04.835,ACH/USDT:USDT,0.022316,24.0,0.022315,50.0,0.022347,24.0,0.022348,111.0
1753504024842,04:27:04.842,ACH/USDT:USDT,0.022316,24.0,0.022315,50.0,0.022347,24.0,0.022348,111.0
1753504024852,04:27:04.852,ACH/USDT:USDT,0.022316,24.0,0.022315,50.0,0.022347,24.0,0.022348,111.0
1753504024893,04:27:04.893,ACH/USDT:USDT,0.022316,24.0,0.022315,50.0,0.022347,24.0,0.022348,111.0
1753504024899,04:27:04.899,ACH/USDT:USDT,0.022316,24.0,0.022315,50.0,0.022347,24.0,0.022348,111.0
1753504024904,04:27:04.904,ACH/USDT:USDT,0.022316,24.0,0.022315,50.0,0.022347,24.0,0.022348,111.0
1753504025073,04:27:05.073,ACH/USDT:USDT,0.022316,24.0,0.022315,50.0,0.022347,24.0,0.022348,111.0
1753504025076,04:27:05.076,ACH/USDT:USDT,0.022316,24.0,0.022315,50.0,0.022347,24.0,0.022348,111.0
1753504025080,04:27:05.080,ACH/USDT:USDT,0.022316,24.0,0.022315,50.0,0.022347,24.0,0.022348,111.0
1753504025122,04:27:05.122,ACH/USDT:USDT,0.022316,24.0,0.022315,50.0,0.022347,24.0,0.022348,111.0
1753504025170,04:27:05.170,ACH/USDT:USDT,0.022316,24.0,0.022315,50.0,0.022347,24.0,0.022348,111.0
1753504025333,04:27:05.333,ACH/USDT:USDT,0.022316,24.0,0.022315,50.0,0.022347,24.0,0.022348,111.0
1753504026714,04:27:06.714,ACH/USDT:USDT,0.022316,24.0,0.022315,50.0,0.022347,24.0,0.022348,111.0
1753504026714,04:27:06.714,ACH/USDT:USDT,0.022316,24.0,0.022315,50.0,0.022347,24.0,0.022348,111.0
1753504026714,04:27:06.714,ACH/USDT:USDT,0.022316,24.0,0.022315,50.0,0.022347,24.0,0.022348,111.0
1753504026714,04:27:06.714,ACH/USDT:USDT,0.022316,24.0,0.022315,50.0,0.022347,24.0,0.022348,111.0
1753504026892,04:27:06.892,ACH/USDT:USDT,0.022316,24.0,0.022315,50.0,0.022347,24.0,0.022348,111.0
1753504027229,04:27:07.229,ACH/USDT:USDT,0.022316,24.0,0.022315,50.0,0.022347,24.0,0.022348,111.0
1753504027233,04:27:07.233,ACH/USDT:USDT,0.022316,24.0,0.022315,50.0,0.022347,24.0,0.022348,111.0
1753504028130,04:27:08.130,ACH/USDT:USDT,0.022316,24.0,0.022315,50.0,0.022347,24.0,0.022348,111.0
1753504028134,04:27:08.134,ACH/USDT:USDT,0.022316,24.0,0.022315,50.0,0.022347,24.0,0.022348,111.0
1753504028809,04:27:08.809,ACH/USDT:USDT,0.022316,24.0,0.022315,50.0,0.022347,24.0,0.022348,111.0
1753504030411,04:27:10.411,ACH/USDT:USDT,0.022316,24.0,0.022315,50.0,0.022347,24.0,0.022348,111.0
1753504030907,04:27:10.907,ACH/USDT:USDT,0.022316,24.0,0.022315,50.0,0.022347,24.0,0.022348,111.0
1753504030909,04:27:10.909,ACH/USDT:USDT,0.022316,24.0,0.022315,50.0,0.022347,24.0,0.022348,111.0
1753504031678,04:27:11.678,ACH/USDT:USDT,0.022316,24.0,0.022315,50.0,0.022347,24.0,0.022348,111.0
1753504031683,04:27:11.683,ACH/USDT:USDT,0.022316,24.0,0.022315,50.0,0.022347,24.0,0.022348,111.0
1753504031688,04:27:11.688,ACH/USDT:USDT,0.022316,24.0,0.022315,50.0,0.022347,24.0,0.022348,111.0
1753504031948,04:27:11.948,ACH/USDT:USDT,0.022316,24.0,0.022315,50.0,0.022347,24.0,0.022348,111.0
1753504032033,04:27:12.033,ACH/USDT:USDT,0.022316,24.0,0.022315,50.0,0.022347,24.0,0.022348,111.0
1753504032034,04:27:12.034,ACH/USDT:USDT,0.022316,24.0,0.022315,50.0,0.022347,24.0,0.022348,111.0
1753504032036,04:27:12.036,ACH/USDT:USDT,0.022316,24.0,0.022315,50.0,0.022347,24.0,0.022348,111.0
1753504032042,04:27:12.042,ACH/USDT:USDT,0.022316,24.0,0.022315,50.0,0.022347,24.0,0.022348,111.0
1753504032864,04:27:12.864,ACH/USDT:USDT,0.022316,24.0,0.022315,50.0,0.022347,24.0,0.022348,111.0
1753504033680,04:27:13.680,ACH/USDT:USDT,0.022316,24.0,0.022315,50.0,0.022347,24.0,0.022348,111.0
1753504034287,04:27:14.287,ACH/USDT:USDT,0.022316,24.0,0.022315,50.0,0.022347,24.0,0.022348,111.0
1753504034294,04:27:14.294,ACH/USDT:USDT,0.022316,24.0,0.022315,50.0,0.022347,24.0,0.022348,111.0
1753504034365,04:27:14.365,ACH/USDT:USDT,0.022316,24.0,0.022315,50.0,0.022347,24.0,0.022348,111.0
1753504034472,04:27:14.472,ACH/USDT:USDT,0.022316,24.0,0.022315,50.0,0.022347,24.0,0.022348,111.0
1753504034477,04:27:14.477,ACH/USDT:USDT,0.022316,24.0,0.022315,50.0,0.022347,24.0,0.022348,111.0
1753504036400,04:27:16.400,ACH/USDT:USDT,0.022316,24.0,0.022315,50.0,0.022347,24.0,0.022348,111.0
1753504036432,04:27:16.432,ACH/USDT:USDT,0.022316,24.0,0.022315,50.0,0.022347,24.0,0.022348,111.0
1753504036527,04:27:16.527,ACH/USDT:USDT,0.022316,24.0,0.022315,50.0,0.022347,24.0,0.022348,111.0
1753504036745,04:27:16.745,ACH/USDT:USDT,0.022316,24.0,0.022315,50.0,0.022347,24.0,0.022348,111.0
1753504036822,04:27:16.822,ACH/USDT:USDT,0.022316,24.0,0.022315,50.0,0.022347,24.0,0.022348,111.0
1753504036823,04:27:16.823,ACH/USDT:USDT,0.022316,24.0,0.022315,50.0,0.022347,24.0,0.022348,111.0
1753504036827,04:27:16.827,ACH/USDT:USDT,0.022316,24.0,0.022315,50.0,0.022347,24.0,0.022348,111.0
1753504036829,04:27:16.829,ACH/USDT:USDT,0.022316,24.0,0.022315,50.0,0.022347,24.0,0.022348,111.0
1753504036833,04:27:16.833,ACH/USDT:USDT,0.022316,24.0,0.022315,50.0,0.022347,24.0,0.022348,111.0
1753504037233,04:27:17.233,ACH/USDT:USDT,0.022316,24.0,0.022315,50.0,0.022347,24.0,0.022348,111.0
1753504037237,04:27:17.237,ACH/USDT:USDT,0.022316,24.0,0.022315,50.0,0.022347,24.0,0.022348,111.0
1753504037835,04:27:17.835,ACH/USDT:USDT,0.022316,24.0,0.022315,50.0,0.022347,24.0,0.022348,111.0
1753504037842,04:27:17.842,ACH/USDT:USDT,0.022316,24.0,0.022315,50.0,0.022347,24.0,0.022348,111.0
1753504037991,04:27:17.991,ACH/USDT:USDT,0.022316,24.0,0.022315,50.0,0.022347,24.0,0.022348,111.0
1753504038032,04:27:18.032,ACH/USDT:USDT,0.022316,24.0,0.022315,50.0,0.022347,24.0,0.022348,111.0
1753504038035,04:27:18.035,ACH/USDT:USDT,0.022316,24.0,0.022315,50.0,0.022347,24.0,0.022348,111.0
1753504038079,04:27:18.079,ACH/USDT:USDT,0.022316,24.0,0.022315,50.0,0.022347,24.0,0.022348,111.0
1753504038235,04:27:18.235,ACH/USDT:USDT,0.022316,24.0,0.022315,50.0,0.022347,24.0,0.022348,111.0
1753504038236,04:27:18.236,ACH/USDT:USDT,0.022316,24.0,0.022315,50.0,0.022347,24.0,0.022348,111.0
1753504038315,04:27:18.315,ACH/USDT:USDT,0.022316,24.0,0.022315,50.0,0.022347,24.0,0.022348,111.0
1753504038316,04:27:18.316,ACH/USDT:USDT,0.022316,24.0,0.022315,50.0,0.022347,24.0,0.022348,111.0
1753504038535,04:27:18.535,ACH/USDT:USDT,0.022316,24.0,0.022315,50.0,0.022347,24.0,0.022348,111.0
1753504038539,04:27:18.539,ACH/USDT:USDT,0.022316,24.0,0.022315,50.0,0.022347,24.0,0.022348,111.0
1753504038613,04:27:18.613,ACH/USDT:USDT,0.022316,24.0,0.022315,50.0,0.022347,24.0,0.022348,111.0
1753504038615,04:27:18.615,ACH/USDT:USDT,0.022316,24.0,0.022315,50.0,0.022347,24.0,0.022348,111.0
1753504038954,04:27:18.954,ACH/USDT:USDT,0.022316,24.0,0.022315,50.0,0.022347,24.0,0.022348,111.0
1753504039015,04:27:19.015,ACH/USDT:USDT,0.022316,24.0,0.022315,50.0,0.022347,24.0,0.022348,111.0
1753504039081,04:27:19.081,ACH/USDT:USDT,0.022316,24.0,0.022315,50.0,0.022347,24.0,0.022348,111.0
1753504039374,04:27:19.374,ACH/USDT:USDT,0.022316,24.0,0.022315,50.0,0.022347,24.0,0.022348,111.0
1753504040434,04:27:20.434,ACH/USDT:USDT,0.022316,24.0,0.022315,50.0,0.022347,24.0,0.022348,111.0
1753504040932,04:27:20.932,ACH/USDT:USDT,0.022316,24.0,0.022315,50.0,0.022347,24.0,0.022348,111.0
1753504040982,04:27:20.982,ACH/USDT:USDT,0.022316,24.0,0.022315,50.0,0.022347,24.0,0.022348,111.0
1753504041629,04:27:21.629,ACH/USDT:USDT,0.022316,24.0,0.022315,50.0,0.022347,24.0,0.022348,111.0
1753504041834,04:27:21.834,ACH/USDT:USDT,0.022316,24.0,0.022315,50.0,0.022347,24.0,0.022348,111.0
1753504042714,04:27:22.714,ACH/USDT:USDT,0.022316,24.0,0.022315,50.0,0.022347,24.0,0.022348,111.0
1753504042714,04:27:22.714,ACH/USDT:USDT,0.022316,24.0,0.022315,50.0,0.022347,24.0,0.022348,111.0
1753504042714,04:27:22.714,ACH/USDT:USDT,0.022316,24.0,0.022315,50.0,0.022347,24.0,0.022348,111.0
1753504044592,04:27:24.592,ACH/USDT:USDT,0.022316,24.0,0.022315,50.0,0.022347,24.0,0.022348,111.0
1753504044921,04:27:24.921,ACH/USDT:USDT,0.022316,24.0,0.022315,50.0,0.022347,24.0,0.022348,111.0
1753504044955,04:27:24.955,ACH/USDT:USDT,0.022316,24.0,0.022315,50.0,0.022347,24.0,0.022348,111.0
1753504045372,04:27:25.372,ACH/USDT:USDT,0.022317,13.0,0.022316,24.0,0.022347,24.0,0.022348,111.0
1753504045376,04:27:25.376,ACH/USDT:USDT,0.022318,24.0,0.022317,13.0,0.022347,24.0,0.022348,111.0
1753504045470,04:27:25.470,ACH/USDT:USDT,0.022318,24.0,0.022316,24.0,0.022347,24.0,0.022348,111.0
1753504045531,04:27:25.531,ACH/USDT:USDT,0.022316,24.0,0.022315,50.0,0.022347,24.0,0.022348,111.0
1753504045536,04:27:25.536,ACH/USDT:USDT,0.022317,13.0,0.022316,24.0,0.022347,24.0,0.022348,111.0
1753504045539,04:27:25.539,ACH/USDT:USDT,0.022318,24.0,0.022317,13.0,0.022347,24.0,0.022348,111.0
1753504045624,04:27:25.624,ACH/USDT:USDT,0.022318,24.0,0.022316,24.0,0.022347,24.0,0.022348,111.0
1753504045692,04:27:25.692,ACH/USDT:USDT,0.022316,24.0,0.022315,50.0,0.022347,24.0,0.022348,111.0
1753504045975,04:27:25.975,ACH/USDT:USDT,0.022317,37.0,0.022316,24.0,0.022347,24.0,0.022348,111.0
1753504045978,04:27:25.978,ACH/USDT:USDT,0.022318,24.0,0.022317,37.0,0.022347,24.0,0.022348,111.0
1753504045979,04:27:25.979,ACH/USDT:USDT,0.022318,24.0,0.022317,13.0,0.022347,24.0,0.022348,111.0
1753504046177,04:27:26.177,ACH/USDT:USDT,0.022318,24.0,0.022315,50.0,0.022347,24.0,0.022348,111.0
1753504046433,04:27:26.433,ACH/USDT:USDT,0.022318,24.0,0.022315,50.0,0.022347,24.0,0.022348,111.0
1753504046433,04:27:26.433,ACH/USDT:USDT,0.022318,24.0,0.022315,50.0,0.022347,24.0,0.022348,111.0
1753504046437,04:27:26.437,ACH/USDT:USDT,0.022318,24.0,0.022315,50.0,0.022347,24.0,0.022348,111.0
1753504046441,04:27:26.441,ACH/USDT:USDT,0.022318,24.0,0.022315,50.0,0.022347,24.0,0.022348,111.0
1753504047276,04:27:27.276,ACH/USDT:USDT,0.022318,24.0,0.022315,50.0,0.022347,24.0,0.022348,111.0
1753504048438,04:27:28.438,ACH/USDT:USDT,0.022319,13.0,0.022318,24.0,0.022347,24.0,0.022348,111.0
1753504048446,04:27:28.446,ACH/USDT:USDT,0.02232,24.0,0.022319,13.0,0.022347,24.0,0.022348,111.0
1753504048642,04:27:28.642,ACH/USDT:USDT,0.02232,24.0,0.022318,24.0,0.022347,24.0,0.022348,111.0
1753504048646,04:27:28.646,ACH/USDT:USDT,0.022318,24.0,0.022315,50.0,0.022347,24.0,0.022348,111.0
1753504048932,04:27:28.932,ACH/USDT:USDT,0.022318,24.0,0.022315,50.0,0.022347,24.0,0.022348,111.0
1753504050096,04:27:30.096,ACH/USDT:USDT,0.022318,24.0,0.022315,50.0,0.022347,24.0,0.022348,111.0
1753504051229,04:27:31.229,ACH/USDT:USDT,0.022318,24.0,0.022315,50.0,0.022347,24.0,0.022348,111.0
1753504051233,04:27:31.233,ACH/USDT:USDT,0.022318,24.0,0.022315,50.0,0.022347,24.0,0.022348,111.0
1753504052976,04:27:32.976,ACH/USDT:USDT,0.022318,24.0,0.022315,50.0,0.022347,24.0,0.022348,111.0
1753504054413,04:27:34.413,ACH/USDT:USDT,0.022318,24.0,0.022315,50.0,0.022347,24.0,0.022348,111.0
1753504054414,04:27:34.414,ACH/USDT:USDT,0.022318,24.0,0.022315,50.0,0.022347,24.0,0.022348,111.0
1753504054430,04:27:34.430,ACH/USDT:USDT,0.022318,24.0,0.022315,50.0,0.022347,24.0,0.022348,111.0
1753504054434,04:27:34.434,ACH/USDT:USDT,0.022318,24.0,0.022315,50.0,0.022347,24.0,0.022348,111.0
1753504054438,04:27:34.438,ACH/USDT:USDT,0.022318,24.0,0.022315,50.0,0.022347,24.0,0.022348,111.0
1753504054447,04:27:34.447,ACH/USDT:USDT,0.022318,24.0,0.022315,50.0,0.022347,24.0,0.022348,111.0
1753504054492,04:27:34.492,ACH/USDT:USDT,0.022318,24.0,0.022315,50.0,0.022347,24.0,0.022348,111.0
1753504054510,04:27:34.510,ACH/USDT:USDT,0.022318,24.0,0.022315,50.0,0.022347,24.0,0.022348,111.0
1753504054515,04:27:34.515,ACH/USDT:USDT,0.022318,24.0,0.022315,50.0,0.022347,24.0,0.022348,111.0
1753504054518,04:27:34.518,ACH/USDT:USDT,0.022318,24.0,0.022315,50.0,0.022347,24.0,0.022348,111.0
1753504054544,04:27:34.544,ACH/USDT:USDT,0.022318,24.0,0.022315,50.0,0.022347,24.0,0.022348,111.0
1753504054614,04:27:34.614,ACH/USDT:USDT,0.022318,24.0,0.022315,50.0,0.022347,24.0,0.022348,111.0
1753504054632,04:27:34.632,ACH/USDT:USDT,0.022319,13.0,0.022318,24.0,0.022347,24.0,0.022348,111.0
1753504054638,04:27:34.638,ACH/USDT:USDT,0.02232,24.0,0.022319,13.0,0.022347,24.0,0.022348,111.0
1753504054675,04:27:34.675,ACH/USDT:USDT,0.02232,24.0,0.022319,13.0,0.022347,24.0,0.022348,111.0
1753504054881,04:27:34.881,ACH/USDT:USDT,0.02232,24.0,0.022318,24.0,0.022347,24.0,0.022348,111.0
1753504054886,04:27:34.886,ACH/USDT:USDT,0.022318,24.0,0.022315,50.0,0.022347,24.0,0.022348,111.0
1753504055712,04:27:35.712,ACH/USDT:USDT,0.022318,24.0,0.022315,50.0,0.022347,24.0,0.022348,111.0
1753504056029,04:27:36.029,ACH/USDT:USDT,0.022318,24.0,0.022315,50.0,0.022347,24.0,0.022348,111.0
1753504056033,04:27:36.033,ACH/USDT:USDT,0.022318,24.0,0.022315,50.0,0.022347,24.0,0.022348,111.0
1753504056034,04:27:36.034,ACH/USDT:USDT,0.022318,24.0,0.022315,50.0,0.022347,24.0,0.022348,111.0
1753504056039,04:27:36.039,ACH/USDT:USDT,0.022318,24.0,0.022315,50.0,0.022347,24.0,0.022348,111.0
1753504057170,04:27:37.170,ACH/USDT:USDT,0.022319,13.0,0.022318,24.0,0.022347,24.0,0.022348,111.0
1753504057177,04:27:37.177,ACH/USDT:USDT,0.02232,24.0,0.022319,13.0,0.022347,24.0,0.022348,111.0
1753504057453,04:27:37.453,ACH/USDT:USDT,0.02232,24.0,0.022318,24.0,0.022347,24.0,0.022348,111.0
1753504057459,04:27:37.459,ACH/USDT:USDT,0.022318,24.0,0.022315,50.0,0.022347,24.0,0.022348,111.0
1753504057536,04:27:37.536,ACH/USDT:USDT,0.022319,13.0,0.022318,24.0,0.022347,24.0,0.022348,111.0
1753504057549,04:27:37.549,ACH/USDT:USDT,0.022319,37.0,0.022315,50.0,0.022347,24.0,0.022348,111.0
1753504057573,04:27:37.573,ACH/USDT:USDT,0.02232,24.0,0.022319,13.0,0.022347,24.0,0.022348,111.0
1753504058663,04:27:38.663,ACH/USDT:USDT,0.02232,24.0,0.022319,13.0,0.022347,24.0,0.022348,111.0
1753504059341,04:27:39.341,ACH/USDT:USDT,0.02232,24.0,0.022315,50.0,0.022347,24.0,0.022348,111.0
1753504060161,04:27:40.161,ACH/USDT:USDT,0.02232,24.0,0.022315,50.0,0.022347,24.0,0.022348,111.0
1753504060165,04:27:40.165,ACH/USDT:USDT,0.02232,24.0,0.022315,50.0,0.022347,24.0,0.022348,111.0
1753504060829,04:27:40.829,ACH/USDT:USDT,0.02232,24.0,0.022315,50.0,0.022347,24.0,0.022348,111.0
1753504060833,04:27:40.833,ACH/USDT:USDT,0.02232,24.0,0.022315,50.0,0.022347,24.0,0.022348,111.0
1753504060833,04:27:40.833,ACH/USDT:USDT,0.02232,24.0,0.022315,50.0,0.022347,24.0,0.022348,111.0
1753504060843,04:27:40.843,ACH/USDT:USDT,0.02232,24.0,0.022315,50.0,0.022347,24.0,0.022348,111.0
1753504061434,04:27:41.434,ACH/USDT:USDT,0.02232,24.0,0.022315,50.0,0.022347,24.0,0.022348,111.0
1753504061700,04:27:41.700,ACH/USDT:USDT,0.02232,24.0,0.022315,50.0,0.022347,24.0,0.022348,111.0
1753504064304,04:27:44.304,ACH/USDT:USDT,0.02232,24.0,0.022315,50.0,0.022347,24.0,0.022348,111.0
1753504065629,04:27:45.629,ACH/USDT:USDT,0.02232,24.0,0.022315,50.0,0.022347,24.0,0.022348,111.0
1753504065632,04:27:45.632,ACH/USDT:USDT,0.02232,24.0,0.022315,50.0,0.022347,24.0,0.022348,111.0
1753504065633,04:27:45.633,ACH/USDT:USDT,0.02232,24.0,0.022315,50.0,0.022347,24.0,0.022348,111.0
1753504065690,04:27:45.690,ACH/USDT:USDT,0.02232,24.0,0.022315,50.0,0.022347,24.0,0.022348,111.0
1753504065731,04:27:45.731,ACH/USDT:USDT,0.02232,24.0,0.022315,50.0,0.022347,24.0,0.022348,111.0
1753504065903,04:27:45.903,ACH/USDT:USDT,0.02232,24.0,0.022315,50.0,0.022347,24.0,0.022348,111.0
1753504065907,04:27:45.907,ACH/USDT:USDT,0.02232,24.0,0.022315,50.0,0.022347,24.0,0.022348,111.0
1753504066069,04:27:46.069,ACH/USDT:USDT,0.02232,24.0,0.022315,50.0,0.022347,24.0,0.022348,111.0
1753504067027,04:27:47.027,ACH/USDT:USDT,0.02232,24.0,0.022315,50.0,0.022347,24.0,0.022348,111.0
1753504067096,04:27:47.096,ACH/USDT:USDT,0.02232,24.0,0.022315,50.0,0.022347,24.0,0.022348,111.0
1753504070430,04:27:50.430,ACH/USDT:USDT,0.02232,24.0,0.022315,50.0,0.022347,24.0,0.022348,111.0
1753504070433,04:27:50.433,ACH/USDT:USDT,0.02232,24.0,0.022315,50.0,0.022347,24.0,0.022348,111.0
1753504073654,04:27:53.654,ACH/USDT:USDT,0.02232,24.0,0.022315,50.0,0.022347,24.0,0.022348,111.0
1753504074274,04:27:54.274,ACH/USDT:USDT,0.02232,24.0,0.022315,50.0,0.022347,24.0,0.022348,111.0
1753504074279,04:27:54.279,ACH/USDT:USDT,0.02232,24.0,0.022315,50.0,0.022347,24.0,0.022348,111.0
1753504074333,04:27:54.333,ACH/USDT:USDT,0.02232,24.0,0.022315,50.0,0.022347,24.0,0.022348,111.0
1753504075229,04:27:55.229,ACH/USDT:USDT,0.02232,24.0,0.022315,50.0,0.022347,24.0,0.022348,111.0
1753504075233,04:27:55.233,ACH/USDT:USDT,0.02232,24.0,0.022315,50.0,0.022347,24.0,0.022348,111.0
1753504075239,04:27:55.239,ACH/USDT:USDT,0.02232,24.0,0.022315,50.0,0.022347,24.0,0.022348,111.0
1753504075393,04:27:55.393,ACH/USDT:USDT,0.02232,24.0,0.022315,50.0,0.022347,24.0,0.022348,111.0
1753504076173,04:27:56.173,ACH/USDT:USDT,0.02232,24.0,0.022315,50.0,0.022347,24.0,0.022348,111.0
1753504076175,04:27:56.175,ACH/USDT:USDT,0.02232,24.0,0.022315,50.0,0.022347,24.0,0.022348,111.0
1753504076802,04:27:56.802,ACH/USDT:USDT,0.02232,24.0,0.022315,50.0,0.022347,24.0,0.022348,111.0
1753504076872,04:27:56.872,ACH/USDT:USDT,0.02232,24.0,0.022315,50.0,0.022347,24.0,0.022348,111.0
1753504076933,04:27:56.933,ACH/USDT:USDT,0.02232,24.0,0.022315,50.0,0.022347,24.0,0.022348,111.0
1753504076934,04:27:56.934,ACH/USDT:USDT,0.02232,24.0,0.022315,50.0,0.022347,24.0,0.022348,111.0
1753504076937,04:27:56.937,ACH/USDT:USDT,0.02232,24.0,0.022315,50.0,0.022347,24.0,0.022348,111.0
1753504076941,04:27:56.941,ACH/USDT:USDT,0.02232,24.0,0.022315,50.0,0.022347,24.0,0.022348,111.0
1753504076942,04:27:56.942,ACH/USDT:USDT,0.02232,24.0,0.022315,50.0,0.022347,24.0,0.022348,111.0
1753504076947,04:27:56.947,ACH/USDT:USDT,0.02232,24.0,0.022315,50.0,0.022347,24.0,0.022348,111.0
1753504077022,04:27:57.022,ACH/USDT:USDT,0.02232,24.0,0.022315,50.0,0.022347,24.0,0.022348,111.0
1753504077184,04:27:57.184,ACH/USDT:USDT,0.02232,24.0,0.022315,50.0,0.022347,24.0,0.022348,111.0
1753504077262,04:27:57.262,ACH/USDT:USDT,0.02232,24.0,0.022315,50.0,0.022347,24.0,0.022348,111.0
1753504077388,04:27:57.388,ACH/USDT:USDT,0.02232,24.0,0.022315,50.0,0.022347,24.0,0.022348,111.0
1753504077390,04:27:57.390,ACH/USDT:USDT,0.02232,24.0,0.022315,50.0,0.022347,24.0,0.022348,111.0
1753504077392,04:27:57.392,ACH/USDT:USDT,0.022315,50.0,0.022314,24.0,0.022347,24.0,0.022348,111.0
1753504077393,04:27:57.393,ACH/USDT:USDT,0.022315,50.0,0.022314,24.0,0.022347,24.0,0.022348,111.0
1753504077394,04:27:57.394,ACH/USDT:USDT,0.022314,24.0,0.022312,25.0,0.022347,24.0,0.022348,111.0
1753504077395,04:27:57.395,ACH/USDT:USDT,0.022314,24.0,0.022312,25.0,0.022347,24.0,0.022348,111.0
1753504077396,04:27:57.396,ACH/USDT:USDT,0.022314,24.0,0.022312,25.0,0.022347,24.0,0.022348,111.0
1753504077399,04:27:57.399,ACH/USDT:USDT,0.022312,25.0,0.022309,25.0,0.022347,24.0,0.022348,111.0
1753504077400,04:27:57.400,ACH/USDT:USDT,0.022312,25.0,0.022309,25.0,0.022347,24.0,0.022348,111.0
1753504077401,04:27:57.401,ACH/USDT:USDT,0.022312,25.0,0.022309,25.0,0.022347,24.0,0.022348,111.0
1753504077403,04:27:57.403,ACH/USDT:USDT,0.022309,25.0,0.022307,25.0,0.022347,24.0,0.022348,111.0
1753504077406,04:27:57.406,ACH/USDT:USDT,0.022309,25.0,0.022307,25.0,0.022347,24.0,0.022348,111.0
1753504077407,04:27:57.407,ACH/USDT:USDT,0.022307,25.0,0.022304,174.0,0.022347,24.0,0.022348,111.0
1753504077414,04:27:57.414,ACH/USDT:USDT,0.022307,25.0,0.022304,174.0,0.022347,24.0,0.022348,111.0
1753504077453,04:27:57.453,ACH/USDT:USDT,0.022307,25.0,0.022304,174.0,0.022347,24.0,0.022348,111.0
1753504077454,04:27:57.454,ACH/USDT:USDT,0.022307,25.0,0.022304,174.0,0.022347,24.0,0.022348,111.0
1753504077458,04:27:57.458,ACH/USDT:USDT,0.022307,25.0,0.022304,174.0,0.022347,24.0,0.022348,111.0
1753504077479,04:27:57.479,ACH/USDT:USDT,0.022307,25.0,0.022304,174.0,0.022347,24.0,0.022348,111.0
1753504077562,04:27:57.562,ACH/USDT:USDT,0.022307,25.0,0.022304,174.0,0.022347,24.0,0.022348,111.0
1753504077585,04:27:57.585,ACH/USDT:USDT,0.022307,25.0,0.022304,174.0,0.022347,24.0,0.022348,111.0
1753504077587,04:27:57.587,ACH/USDT:USDT,0.022307,25.0,0.022304,174.0,0.022347,24.0,0.022348,111.0
1753504077589,04:27:57.589,ACH/USDT:USDT,0.022307,25.0,0.022304,174.0,0.022347,24.0,0.022348,111.0
1753504077632,04:27:57.632,ACH/USDT:USDT,0.022307,25.0,0.022304,174.0,0.022347,24.0,0.022348,111.0
1753504077713,04:27:57.713,ACH/USDT:USDT,0.022307,25.0,0.022304,174.0,0.022347,24.0,0.022348,111.0
1753504077726,04:27:57.726,ACH/USDT:USDT,0.022307,25.0,0.022304,174.0,0.022347,24.0,0.022348,111.0
1753504077757,04:27:57.757,ACH/USDT:USDT,0.022307,25.0,0.022304,174.0,0.022347,24.0,0.022348,111.0
1753504078036,04:27:58.036,ACH/USDT:USDT,0.022307,25.0,0.022304,174.0,0.022347,24.0,0.022348,111.0
1753504078037,04:27:58.037,ACH/USDT:USDT,0.022307,25.0,0.022304,174.0,0.022347,24.0,0.022348,111.0
1753504078040,04:27:58.040,ACH/USDT:USDT,0.022307,25.0,0.022304,174.0,0.022347,24.0,0.022348,122.0
1753504078041,04:27:58.041,ACH/USDT:USDT,0.022307,25.0,0.022304,174.0,0.022346,11.0,0.022347,24.0
1753504078044,04:27:58.044,ACH/USDT:USDT,0.022307,25.0,0.022304,174.0,0.022345,24.0,0.022346,11.0
1753504078046,04:27:58.046,ACH/USDT:USDT,0.022307,25.0,0.022304,174.0,0.022345,24.0,0.022346,61.0
1753504078074,04:27:58.074,ACH/USDT:USDT,0.022307,25.0,0.022304,174.0,0.022345,24.0,0.022346,61.0
1753504078367,04:27:58.367,ACH/USDT:USDT,0.022307,25.0,0.022304,174.0,0.022345,24.0,0.022346,61.0
1753504078519,04:27:58.519,ACH/USDT:USDT,0.022307,25.0,0.022304,174.0,0.022345,74.0,0.022346,61.0
1753504078522,04:27:58.522,ACH/USDT:USDT,0.022307,25.0,0.022304,174.0,0.022344,24.0,0.022345,74.0
1753504078523,04:27:58.523,ACH/USDT:USDT,0.022307,25.0,0.022304,174.0,0.022344,24.0,0.022345,50.0
1753504078597,04:27:58.597,ACH/USDT:USDT,0.022307,25.0,0.022304,174.0,0.022344,24.0,0.022345,50.0
1753504079349,04:27:59.349,ACH/USDT:USDT,0.022307,25.0,0.022304,174.0,0.022344,24.0,0.022345,50.0
1753504079372,04:27:59.372,ACH/USDT:USDT,0.022307,25.0,0.022304,174.0,0.022343,24.0,0.022344,36.0
1753504079381,04:27:59.381,ACH/USDT:USDT,0.022307,25.0,0.022304,174.0,0.022343,24.0,0.022344,12.0
1753504079384,04:27:59.384,ACH/USDT:USDT,0.022307,25.0,0.022304,496.0,0.022343,24.0,0.022344,12.0
1753504079478,04:27:59.478,ACH/USDT:USDT,0.022307,25.0,0.022304,496.0,0.022343,24.0,0.022344,12.0
1753504080030,04:28:00.030,ACH/USDT:USDT,0.022307,25.0,0.022304,496.0,0.022343,24.0,0.022344,12.0
1753504080034,04:28:00.034,ACH/USDT:USDT,0.022307,25.0,0.022304,496.0,0.022343,24.0,0.022344,12.0
1753504080034,04:28:00.034,ACH/USDT:USDT,0.022307,25.0,0.022304,496.0,0.022343,24.0,0.022344,12.0
1753504080038,04:28:00.038,ACH/USDT:USDT,0.022307,25.0,0.022304,496.0,0.022343,24.0,0.022344,12.0
1753504080682,04:28:00.682,ACH/USDT:USDT,0.022307,25.0,0.022304,496.0,0.022343,24.0,0.022344,12.0
1753504080994,04:28:00.994,ACH/USDT:USDT,0.022307,25.0,0.022304,496.0,0.022343,24.0,0.022344,12.0
1753504080999,04:28:00.999,ACH/USDT:USDT,0.022307,25.0,0.022304,496.0,0.022343,24.0,0.022344,12.0
1753504081245,04:28:01.245,ACH/USDT:USDT,0.022307,25.0,0.022304,496.0,0.022343,24.0,0.022344,12.0
1753504081252,04:28:01.252,ACH/USDT:USDT,0.022307,25.0,0.022304,496.0,0.022343,24.0,0.022344,12.0
1753504081282,04:28:01.282,ACH/USDT:USDT,0.022307,25.0,0.022304,496.0,0.022343,24.0,0.022344,12.0
1753504081285,04:28:01.285,ACH/USDT:USDT,0.022307,25.0,0.022304,496.0,0.022343,24.0,0.022344,12.0
1753504082714,04:28:02.714,ACH/USDT:USDT,0.022307,25.0,0.022304,496.0,0.022343,24.0,0.022344,12.0
1753504083298,04:28:03.298,ACH/USDT:USDT,0.022307,25.0,0.022304,496.0,0.022343,24.0,0.022344,12.0
1753504083340,04:28:03.340,ACH/USDT:USDT,0.022307,25.0,0.022304,496.0,0.022343,24.0,0.022344,12.0
1753504083546,04:28:03.546,ACH/USDT:USDT,0.022307,25.0,0.022304,496.0,0.022343,24.0,0.022344,12.0
1753504084830,04:28:04.830,ACH/USDT:USDT,0.022307,25.0,0.022304,496.0,0.022343,24.0,0.022344,12.0
1753504084834,04:28:04.834,ACH/USDT:USDT,0.022307,25.0,0.022304,496.0,0.022343,24.0,0.022344,12.0
1753504085273,04:28:05.273,ACH/USDT:USDT,0.022307,25.0,0.022304,496.0,0.022343,24.0,0.022344,12.0
1753504085719,04:28:05.719,ACH/USDT:USDT,0.022307,25.0,0.022304,174.0,0.022343,24.0,0.022344,12.0
1753504085860,04:28:05.860,ACH/USDT:USDT,0.022307,25.0,0.022305,13.0,0.022343,24.0,0.022344,12.0
1753504086345,04:28:06.345,ACH/USDT:USDT,0.022307,25.0,0.022305,13.0,0.022343,24.0,0.022344,12.0
1753504089138,04:28:09.138,ACH/USDT:USDT,0.022307,25.0,0.022305,13.0,0.022343,24.0,0.022344,12.0
1753504089142,04:28:09.142,ACH/USDT:USDT,0.022307,25.0,0.022305,13.0,0.022343,24.0,0.022344,12.0
1753504089234,04:28:09.234,ACH/USDT:USDT,0.022307,25.0,0.022305,13.0,0.022343,24.0,0.022344,12.0
1753504089565,04:28:09.565,ACH/USDT:USDT,0.022307,25.0,0.022305,13.0,0.022343,24.0,0.022344,12.0
1753504089565,04:28:09.565,ACH/USDT:USDT,0.022307,25.0,0.022305,13.0,0.022343,24.0,0.022344,12.0
1753504089570,04:28:09.570,ACH/USDT:USDT,0.022307,25.0,0.022305,13.0,0.022343,24.0,0.022344,12.0
1753504089630,04:28:09.630,ACH/USDT:USDT,0.022307,25.0,0.022305,13.0,0.022343,24.0,0.022344,12.0
1753504089634,04:28:09.634,ACH/USDT:USDT,0.022307,25.0,0.022305,13.0,0.022343,24.0,0.022344,12.0
1753504089655,04:28:09.655,ACH/USDT:USDT,0.022307,25.0,0.022305,13.0,0.022343,24.0,0.022344,12.0
1753504090173,04:28:10.173,ACH/USDT:USDT,0.022307,25.0,0.022305,13.0,0.022343,24.0,0.022344,12.0
1753504090341,04:28:10.341,ACH/USDT:USDT,0.022307,25.0,0.022305,13.0,0.022343,24.0,0.022344,12.0
1753504090415,04:28:10.415,ACH/USDT:USDT,0.022307,25.0,0.022305,13.0,0.022343,24.0,0.022344,12.0
1753504090444,04:28:10.444,ACH/USDT:USDT,0.022307,25.0,0.022305,13.0,0.022343,24.0,0.022344,12.0
1753504090451,04:28:10.451,ACH/USDT:USDT,0.022307,25.0,0.022305,13.0,0.022343,24.0,0.022344,12.0
1753504090575,04:28:10.575,ACH/USDT:USDT,0.022307,25.0,0.022305,13.0,0.022343,24.0,0.022344,12.0
1753504090577,04:28:10.577,ACH/USDT:USDT,0.022307,25.0,0.022305,13.0,0.022343,24.0,0.022344,12.0
1753504090578,04:28:10.578,ACH/USDT:USDT,0.022307,25.0,0.022305,13.0,0.022343,24.0,0.022344,12.0
1753504090580,04:28:10.580,ACH/USDT:USDT,0.022307,25.0,0.022305,13.0,0.022343,24.0,0.022344,12.0
1753504090582,04:28:10.582,ACH/USDT:USDT,0.022307,25.0,0.022305,13.0,0.022343,24.0,0.022344,12.0
1753504090652,04:28:10.652,ACH/USDT:USDT,0.022307,25.0,0.022305,13.0,0.022343,24.0,0.022344,12.0
1753504090655,04:28:10.655,ACH/USDT:USDT,0.022307,25.0,0.022305,13.0,0.022343,24.0,0.022344,12.0
1753504090664,04:28:10.664,ACH/USDT:USDT,0.022307,25.0,0.022305,13.0,0.022343,24.0,0.022344,12.0
1753504090892,04:28:10.892,ACH/USDT:USDT,0.022307,25.0,0.022305,13.0,0.022343,24.0,0.022344,12.0
1753504091095,04:28:11.095,ACH/USDT:USDT,0.022307,25.0,0.022305,13.0,0.022343,24.0,0.022344,12.0
1753504091307,04:28:11.307,ACH/USDT:USDT,0.022307,25.0,0.022305,13.0,0.022343,24.0,0.022344,12.0
1753504091539,04:28:11.539,ACH/USDT:USDT,0.022307,25.0,0.022305,13.0,0.022343,24.0,0.022344,12.0
1753504091540,04:28:11.540,ACH/USDT:USDT,0.022307,25.0,0.022305,13.0,0.022343,24.0,0.022344,12.0
1753504091723,04:28:11.723,ACH/USDT:USDT,0.022307,25.0,0.022305,13.0,0.022343,24.0,0.022344,12.0
1753504091911,04:28:11.911,ACH/USDT:USDT,0.022307,25.0,0.022305,13.0,0.022343,24.0,0.022344,12.0
1753504091914,04:28:11.914,ACH/USDT:USDT,0.022307,25.0,0.022305,13.0,0.022343,24.0,0.022344,12.0
1753504091915,04:28:11.915,ACH/USDT:USDT,0.022307,25.0,0.022305,13.0,0.022343,24.0,0.022344,12.0
1753504091921,04:28:11.921,ACH/USDT:USDT,0.022307,25.0,0.022305,13.0,0.022343,24.0,0.022344,12.0
1753504091931,04:28:11.931,ACH/USDT:USDT,0.022307,25.0,0.022305,13.0,0.022343,24.0,0.022344,12.0
1753504091945,04:28:11.945,ACH/USDT:USDT,0.022307,25.0,0.022305,13.0,0.022343,24.0,0.022344,12.0
1753504092041,04:28:12.041,ACH/USDT:USDT,0.022307,25.0,0.022305,13.0,0.022343,24.0,0.022344,12.0
1753504092402,04:28:12.402,ACH/USDT:USDT,0.022307,25.0,0.022305,13.0,0.022343,24.0,0.022344,12.0
1753504092406,04:28:12.406,ACH/USDT:USDT,0.022307,25.0,0.022305,13.0,0.022343,24.0,0.022344,12.0
1753504093008,04:28:13.008,ACH/USDT:USDT,0.022307,25.0,0.022305,13.0,0.022343,24.0,0.022344,12.0
1753504094429,04:28:14.429,ACH/USDT:USDT,0.022307,25.0,0.022305,13.0,0.022343,24.0,0.022344,12.0
1753504094433,04:28:14.433,ACH/USDT:USDT,0.022307,25.0,0.022305,13.0,0.022343,24.0,0.022344,12.0
1753504094724,04:28:14.724,ACH/USDT:USDT,0.022307,25.0,0.022305,13.0,0.022343,24.0,0.022344,12.0
1753504096012,04:28:16.012,ACH/USDT:USDT,0.022307,25.0,0.022305,13.0,0.022343,24.0,0.022344,12.0
1753504096127,04:28:16.127,ACH/USDT:USDT,0.022307,25.0,0.022305,13.0,0.022343,24.0,0.022344,12.0
1753504096132,04:28:16.132,ACH/USDT:USDT,0.022307,25.0,0.022305,13.0,0.022343,24.0,0.022344,12.0
1753504096213,04:28:16.213,ACH/USDT:USDT,0.022307,25.0,0.022305,13.0,0.022343,24.0,0.022344,12.0
1753504096214,04:28:16.214,ACH/USDT:USDT,0.022307,25.0,0.022305,13.0,0.022343,24.0,0.022344,12.0
1753504096471,04:28:16.471,ACH/USDT:USDT,0.022307,25.0,0.022305,13.0,0.022343,24.0,0.022344,12.0
1753504097322,04:28:17.322,ACH/USDT:USDT,0.022307,25.0,0.022305,13.0,0.022343,24.0,0.022344,12.0
1753504097444,04:28:17.444,ACH/USDT:USDT,0.022307,25.0,0.022305,13.0,0.022343,24.0,0.022344,12.0
1753504097711,04:28:17.711,ACH/USDT:USDT,0.022307,25.0,0.022305,13.0,0.022343,24.0,0.022344,12.0
1753504097711,04:28:17.711,ACH/USDT:USDT,0.022307,25.0,0.022305,13.0,0.022343,24.0,0.022344,12.0
1753504097711,04:28:17.711,ACH/USDT:USDT,0.022307,25.0,0.022305,13.0,0.022343,24.0,0.022344,12.0
1753504097711,04:28:17.711,ACH/USDT:USDT,0.022307,25.0,0.022305,13.0,0.022343,24.0,0.022344,12.0
1753504097711,04:28:17.711,ACH/USDT:USDT,0.022307,25.0,0.022305,13.0,0.022343,24.0,0.022344,12.0
1753504099231,04:28:19.231,ACH/USDT:USDT,0.022307,25.0,0.022305,13.0,0.022343,24.0,0.022344,12.0
1753504099235,04:28:19.235,ACH/USDT:USDT,0.022307,25.0,0.022305,13.0,0.022343,24.0,0.022344,12.0
1753504100259,04:28:20.259,ACH/USDT:USDT,0.022307,25.0,0.022305,13.0,0.022343,24.0,0.022344,12.0
1753504102348,04:28:22.348,ACH/USDT:USDT,0.022307,25.0,0.022305,13.0,0.022343,24.0,0.022344,12.0
1753504102350,04:28:22.350,ACH/USDT:USDT,0.022307,25.0,0.022305,13.0,0.022343,24.0,0.022345,74.0
1753504102364,04:28:22.364,ACH/USDT:USDT,0.022307,25.0,0.022305,13.0,0.022343,24.0,0.022345,74.0
1753504102385,04:28:22.385,ACH/USDT:USDT,0.022307,25.0,0.022305,13.0,0.022343,24.0,0.022345,74.0
1753504102386,04:28:22.386,ACH/USDT:USDT,0.022307,25.0,0.022305,13.0,0.022343,24.0,0.022345,74.0
1753504102441,04:28:22.441,ACH/USDT:USDT,0.022307,25.0,0.022305,13.0,0.022343,24.0,0.022345,74.0
1753504102445,04:28:22.445,ACH/USDT:USDT,0.022307,25.0,0.022305,13.0,0.022343,24.0,0.022345,74.0
1753504102446,04:28:22.446,ACH/USDT:USDT,0.022307,25.0,0.022305,13.0,0.022343,24.0,0.022345,74.0
1753504102460,04:28:22.460,ACH/USDT:USDT,0.022307,25.0,0.022305,13.0,0.022343,24.0,0.022345,74.0
1753504103069,04:28:23.069,ACH/USDT:USDT,0.022307,25.0,0.022305,13.0,0.022343,24.0,0.022345,74.0
1753504103070,04:28:23.070,ACH/USDT:USDT,0.022307,25.0,0.022305,13.0,0.022343,24.0,0.022345,74.0
1753504103177,04:28:23.177,ACH/USDT:USDT,0.022307,25.0,0.022305,13.0,0.022343,24.0,0.022345,74.0
1753504103178,04:28:23.178,ACH/USDT:USDT,0.022307,25.0,0.022305,13.0,0.022343,24.0,0.022345,74.0
1753504103229,04:28:23.229,ACH/USDT:USDT,0.022307,25.0,0.022305,13.0,0.022345,24.0,0.022346,50.0
1753504103257,04:28:23.257,ACH/USDT:USDT,0.022307,75.0,0.022305,13.0,0.022345,24.0,0.022346,50.0
1753504103261,04:28:23.261,ACH/USDT:USDT,0.022308,24.0,0.022307,50.0,0.022345,24.0,0.022346,50.0
1753504103266,04:28:23.266,ACH/USDT:USDT,0.022308,24.0,0.022307,50.0,0.022345,24.0,0.022346,50.0
1753504103587,04:28:23.587,ACH/USDT:USDT,0.022308,24.0,0.022307,50.0,0.022345,24.0,0.022346,50.0
1753504103589,04:28:23.589,ACH/USDT:USDT,0.022308,24.0,0.022307,50.0,0.022345,24.0,0.022346,50.0
1753504103595,04:28:23.595,ACH/USDT:USDT,0.022308,24.0,0.022307,50.0,0.022345,24.0,0.022346,50.0
1753504104029,04:28:24.029,ACH/USDT:USDT,0.022308,24.0,0.022307,50.0,0.022345,24.0,0.022346,50.0
1753504104284,04:28:24.284,ACH/USDT:USDT,0.022308,24.0,0.022307,50.0,0.022345,24.0,0.022346,50.0
1753504105010,04:28:25.010,ACH/USDT:USDT,0.022308,24.0,0.022307,50.0,0.022345,24.0,0.022346,50.0
1753504105016,04:28:25.016,ACH/USDT:USDT,0.022308,24.0,0.022307,50.0,0.022345,24.0,0.022346,50.0
1753504105235,04:28:25.235,ACH/USDT:USDT,0.022308,74.0,0.022307,50.0,0.022345,24.0,0.022346,50.0
1753504105238,04:28:25.238,ACH/USDT:USDT,0.022309,25.0,0.022308,74.0,0.022345,24.0,0.022346,50.0
1753504105240,04:28:25.240,ACH/USDT:USDT,0.022309,25.0,0.022308,50.0,0.022345,24.0,0.022346,50.0
1753504105504,04:28:25.504,ACH/USDT:USDT,0.022309,25.0,0.022308,50.0,0.022345,24.0,0.022346,50.0
1753504105901,04:28:25.901,ACH/USDT:USDT,0.022309,25.0,0.022308,50.0,0.022345,24.0,0.022346,50.0
1753504105983,04:28:25.983,ACH/USDT:USDT,0.022309,25.0,0.022308,50.0,0.022345,24.0,0.022346,50.0
1753504105985,04:28:25.985,ACH/USDT:USDT,0.022309,25.0,0.022308,50.0,0.022345,24.0,0.022346,50.0
1753504106192,04:28:26.192,ACH/USDT:USDT,0.022309,25.0,0.022307,50.0,0.022345,24.0,0.022346,50.0
1753504107311,04:28:27.311,ACH/USDT:USDT,0.022309,25.0,0.022307,50.0,0.022345,24.0,0.022346,50.0
1753504107717,04:28:27.717,ACH/USDT:USDT,0.022309,25.0,0.022307,50.0,0.022345,24.0,0.022346,50.0
1753504108514,04:28:28.514,ACH/USDT:USDT,0.022309,25.0,0.022307,50.0,0.022345,24.0,0.022346,50.0
1753504108535,04:28:28.535,ACH/USDT:USDT,0.022309,25.0,0.022307,50.0,0.022345,24.0,0.022346,50.0
1753504108786,04:28:28.786,ACH/USDT:USDT,0.022309,25.0,0.022307,50.0,0.022345,24.0,0.022346,50.0
1753504108790,04:28:28.790,ACH/USDT:USDT,0.022309,25.0,0.022307,50.0,0.022345,24.0,0.022346,50.0
1753504108830,04:28:28.830,ACH/USDT:USDT,0.022309,25.0,0.022307,50.0,0.022345,24.0,0.022346,50.0
1753504108834,04:28:28.834,ACH/USDT:USDT,0.022309,25.0,0.022307,50.0,0.022345,24.0,0.022346,50.0
1753504108836,04:28:28.836,ACH/USDT:USDT,0.022309,25.0,0.022307,50.0,0.022345,24.0,0.022346,50.0
1753504108868,04:28:28.868,ACH/USDT:USDT,0.022309,25.0,0.022307,50.0,0.022345,24.0,0.022346,50.0
1753504108919,04:28:28.919,ACH/USDT:USDT,0.022309,25.0,0.022307,50.0,0.022345,24.0,0.022346,50.0
1753504109215,04:28:29.215,ACH/USDT:USDT,0.022309,25.0,0.022307,50.0,0.022345,24.0,0.022346,50.0
1753504109216,04:28:29.216,ACH/USDT:USDT,0.022309,25.0,0.022307,50.0,0.022345,24.0,0.022346,50.0
1753504109293,04:28:29.293,ACH/USDT:USDT,0.022309,25.0,0.022307,50.0,0.022345,24.0,0.022346,50.0
1753504109294,04:28:29.294,ACH/USDT:USDT,0.022309,25.0,0.022307,50.0,0.022345,24.0,0.022346,50.0
1753504110133,04:28:30.133,ACH/USDT:USDT,0.022309,25.0,0.022307,50.0,0.022345,24.0,0.022346,50.0
1753504110135,04:28:30.135,ACH/USDT:USDT,0.022309,25.0,0.022307,50.0,0.022345,24.0,0.022346,50.0
1753504110137,04:28:30.137,ACH/USDT:USDT,0.022309,25.0,0.022307,50.0,0.022345,24.0,0.022346,50.0
1753504110139,04:28:30.139,ACH/USDT:USDT,0.022309,25.0,0.022307,50.0,0.022345,24.0,0.022346,50.0
1753504110291,04:28:30.291,ACH/USDT:USDT,0.022309,25.0,0.022307,50.0,0.022345,24.0,0.022346,50.0
1753504110293,04:28:30.293,ACH/USDT:USDT,0.022309,25.0,0.022307,50.0,0.022345,24.0,0.022346,50.0
1753504110895,04:28:30.895,ACH/USDT:USDT,0.022309,25.0,0.022307,50.0,0.022345,24.0,0.022346,50.0
1753504111378,04:28:31.378,ACH/USDT:USDT,0.022309,25.0,0.022307,50.0,0.022345,24.0,0.022346,50.0
1753504111384,04:28:31.384,ACH/USDT:USDT,0.022309,25.0,0.022307,50.0,0.022345,24.0,0.022346,50.0
1753504111550,04:28:31.550,ACH/USDT:USDT,0.022309,25.0,0.022307,50.0,0.022345,24.0,0.022346,50.0
1753504111867,04:28:31.867,ACH/USDT:USDT,0.022309,25.0,0.022307,50.0,0.022345,24.0,0.022346,50.0
1753504111868,04:28:31.868,ACH/USDT:USDT,0.022309,25.0,0.022307,50.0,0.022345,24.0,0.022346,60.0
1753504112713,04:28:32.713,ACH/USDT:USDT,0.022309,25.0,0.022307,50.0,0.022345,24.0,0.022346,60.0
1753504113630,04:28:33.630,ACH/USDT:USDT,0.022309,25.0,0.022307,50.0,0.022345,24.0,0.022346,60.0
1753504113634,04:28:33.634,ACH/USDT:USDT,0.022309,25.0,0.022307,50.0,0.022345,24.0,0.022346,60.0
1753504113738,04:28:33.738,ACH/USDT:USDT,0.022309,25.0,0.022307,50.0,0.022345,24.0,0.022346,60.0
1753504114422,04:28:34.422,ACH/USDT:USDT,0.022309,25.0,0.022307,50.0,0.022345,24.0,0.022346,60.0
1753504114499,04:28:34.499,ACH/USDT:USDT,0.022309,25.0,0.022307,50.0,0.022345,24.0,0.022346,60.0
1753504114501,04:28:34.501,ACH/USDT:USDT,0.022309,25.0,0.022307,50.0,0.022345,24.0,0.022346,60.0
1753504114524,04:28:34.524,ACH/USDT:USDT,0.022309,25.0,0.022307,50.0,0.022345,24.0,0.022346,60.0
1753504114867,04:28:34.867,ACH/USDT:USDT,0.022309,25.0,0.022307,50.0,0.022345,24.0,0.022346,60.0
1753504114867,04:28:34.867,ACH/USDT:USDT,0.022309,25.0,0.022307,50.0,0.022345,24.0,0.022346,50.0
1753504114868,04:28:34.868,ACH/USDT:USDT,0.022309,25.0,0.022307,50.0,0.022345,24.0,0.022346,50.0
1753504114868,04:28:34.868,ACH/USDT:USDT,0.02231,21.0,0.022309,25.0,0.022345,24.0,0.022346,50.0
1753504114872,04:28:34.872,ACH/USDT:USDT,0.022311,25.0,0.02231,21.0,0.022345,24.0,0.022346,50.0
1753504114918,04:28:34.918,ACH/USDT:USDT,0.022311,25.0,0.02231,21.0,0.022345,24.0,0.022346,50.0
1753504114920,04:28:34.920,ACH/USDT:USDT,0.022311,25.0,0.022309,25.0,0.022345,24.0,0.022346,50.0
1753504115024,04:28:35.024,ACH/USDT:USDT,0.022309,25.0,0.022307,50.0,0.022345,24.0,0.022346,50.0
1753504115075,04:28:35.075,ACH/USDT:USDT,0.022309,25.0,0.022307,50.0,0.022345,24.0,0.022346,50.0
1753504115076,04:28:35.076,ACH/USDT:USDT,0.02231,21.0,0.022309,25.0,0.022345,24.0,0.022346,50.0
1753504115079,04:28:35.079,ACH/USDT:USDT,0.022311,25.0,0.02231,21.0,0.022345,24.0,0.022346,50.0
1753504115519,04:28:35.519,ACH/USDT:USDT,0.022311,25.0,0.02231,21.0,0.022345,24.0,0.022346,50.0
1753504115519,04:28:35.519,ACH/USDT:USDT,0.022311,25.0,0.02231,21.0,0.022345,24.0,0.022346,50.0
1753504115520,04:28:35.520,ACH/USDT:USDT,0.022311,25.0,0.022309,25.0,0.022345,24.0,0.022346,50.0
1753504115524,04:28:35.524,ACH/USDT:USDT,0.022309,25.0,0.022307,50.0,0.022345,24.0,0.022346,50.0
1753504116266,04:28:36.266,ACH/USDT:USDT,0.022309,25.0,0.022307,50.0,0.022345,24.0,0.022346,50.0
1753504116547,04:28:36.547,ACH/USDT:USDT,0.022309,25.0,0.022307,50.0,0.022345,24.0,0.022346,50.0
1753504116622,04:28:36.622,ACH/USDT:USDT,0.022309,25.0,0.022307,50.0,0.022345,24.0,0.022346,50.0
1753504116868,04:28:36.868,ACH/USDT:USDT,0.022309,25.0,0.022307,50.0,0.022345,24.0,0.022346,50.0
1753504117049,04:28:37.049,ACH/USDT:USDT,0.02231,21.0,0.022309,25.0,0.022345,24.0,0.022346,50.0
1753504117053,04:28:37.053,ACH/USDT:USDT,0.022311,25.0,0.02231,21.0,0.022345,24.0,0.022346,50.0
1753504117053,04:28:37.053,ACH/USDT:USDT,0.022311,25.0,0.02231,71.0,0.022345,24.0,0.022346,50.0
1753504117057,04:28:37.057,ACH/USDT:USDT,0.022311,75.0,0.02231,71.0,0.022345,24.0,0.022346,50.0
1753504117060,04:28:37.060,ACH/USDT:USDT,0.022312,25.0,0.022311,75.0,0.022345,24.0,0.022346,50.0
1753504117062,04:28:37.062,ACH/USDT:USDT,0.022312,25.0,0.022311,50.0,0.022345,24.0,0.022346,50.0
1753504117070,04:28:37.070,ACH/USDT:USDT,0.022312,25.0,0.022311,50.0,0.022345,24.0,0.022346,50.0
1753504117088,04:28:37.088,ACH/USDT:USDT,0.022312,25.0,0.022311,50.0,0.022345,24.0,0.022346,50.0
1753504117093,04:28:37.093,ACH/USDT:USDT,0.022312,25.0,0.022311,50.0,0.022345,24.0,0.022346,50.0
1753504117315,04:28:37.315,ACH/USDT:USDT,0.022312,25.0,0.022311,50.0,0.022345,24.0,0.022346,50.0
1753504117491,04:28:37.491,ACH/USDT:USDT,0.022313,21.0,0.022312,25.0,0.022345,24.0,0.022346,50.0
1753504117494,04:28:37.494,ACH/USDT:USDT,0.022314,25.0,0.022313,21.0,0.022345,24.0,0.022346,50.0
1753504117520,04:28:37.520,ACH/USDT:USDT,0.022314,25.0,0.022313,21.0,0.022345,24.0,0.022346,50.0
1753504117524,04:28:37.524,ACH/USDT:USDT,0.022314,25.0,0.022313,21.0,0.022345,24.0,0.022346,50.0
1753504117733,04:28:37.733,ACH/USDT:USDT,0.022314,25.0,0.022312,25.0,0.022345,24.0,0.022346,50.0
1753504117738,04:28:37.738,ACH/USDT:USDT,0.022314,25.0,0.022312,25.0,0.022345,24.0,0.022346,50.0
1753504117755,04:28:37.755,ACH/USDT:USDT,0.022312,25.0,0.022311,50.0,0.022345,24.0,0.022346,50.0
1753504118058,04:28:38.058,ACH/USDT:USDT,0.022312,25.0,0.02231,50.0,0.022345,24.0,0.022346,50.0
1753504118431,04:28:38.431,ACH/USDT:USDT,0.022312,25.0,0.02231,50.0,0.022345,24.0,0.022346,50.0
1753504118435,04:28:38.435,ACH/USDT:USDT,0.022312,25.0,0.02231,50.0,0.022345,24.0,0.022346,50.0
1753504119617,04:28:39.617,ACH/USDT:USDT,0.022312,25.0,0.02231,50.0,0.022347,24.0,0.022348,122.0
1753504119765,04:28:39.765,ACH/USDT:USDT,0.022312,25.0,0.02231,50.0,0.022347,24.0,0.022348,122.0
1753504119765,04:28:39.765,ACH/USDT:USDT,0.022312,25.0,0.02231,50.0,0.022347,24.0,0.022348,122.0
1753504119983,04:28:39.983,ACH/USDT:USDT,0.022312,25.0,0.02231,50.0,0.022347,24.0,0.022348,122.0
1753504119985,04:28:39.985,ACH/USDT:USDT,0.022312,25.0,0.02231,50.0,0.022347,24.0,0.022348,122.0
1753504120068,04:28:40.068,ACH/USDT:USDT,0.022312,75.0,0.02231,50.0,0.022347,24.0,0.022348,122.0
1753504120070,04:28:40.070,ACH/USDT:USDT,0.022313,25.0,0.022312,75.0,0.022347,24.0,0.022348,122.0
1753504120074,04:28:40.074,ACH/USDT:USDT,0.022313,75.0,0.022312,50.0,0.022347,24.0,0.022348,122.0
1753504120078,04:28:40.078,ACH/USDT:USDT,0.022314,25.0,0.022313,75.0,0.022347,24.0,0.022348,122.0
1753504120081,04:28:40.081,ACH/USDT:USDT,0.022314,25.0,0.022313,50.0,0.022347,24.0,0.022348,122.0
1753504120082,04:28:40.082,ACH/USDT:USDT,0.022314,25.0,0.022313,50.0,0.022347,24.0,0.022348,122.0
1753504120195,04:28:40.195,ACH/USDT:USDT,0.022315,13.0,0.022314,25.0,0.022347,24.0,0.022348,122.0
1753504120200,04:28:40.200,ACH/USDT:USDT,0.022316,25.0,0.022315,13.0,0.022347,24.0,0.022348,122.0
1753504120710,04:28:40.710,ACH/USDT:USDT,0.022316,25.0,0.022315,13.0,0.022347,24.0,0.022348,122.0
1753504120713,04:28:40.713,ACH/USDT:USDT,0.022316,25.0,0.022314,25.0,0.022347,24.0,0.022348,122.0
1753504120716,04:28:40.716,ACH/USDT:USDT,0.022316,25.0,0.022314,25.0,0.022347,24.0,0.022348,122.0
1753504120718,04:28:40.718,ACH/USDT:USDT,0.022314,25.0,0.022313,50.0,0.022347,24.0,0.022348,122.0
1753504120764,04:28:40.764,ACH/USDT:USDT,0.022314,25.0,0.022313,50.0,0.022347,24.0,0.022348,122.0
1753504120764,04:28:40.764,ACH/USDT:USDT,0.022314,25.0,0.022313,50.0,0.022347,24.0,0.022348,111.0
1753504120972,04:28:40.972,ACH/USDT:USDT,0.022314,25.0,0.022313,50.0,0.022347,24.0,0.022348,111.0
1753504120974,04:28:40.974,ACH/USDT:USDT,0.022314,25.0,0.022313,50.0,0.022347,24.0,0.022348,111.0
1753504120976,04:28:40.976,ACH/USDT:USDT,0.022314,25.0,0.022313,50.0,0.022347,24.0,0.022348,111.0
1753504121319,04:28:41.319,ACH/USDT:USDT,0.022314,25.0,0.022313,50.0,0.022347,24.0,0.022348,111.0
1753504121321,04:28:41.321,ACH/USDT:USDT,0.022314,25.0,0.022313,50.0,0.022347,24.0,0.022348,111.0
1753504121325,04:28:41.325,ACH/USDT:USDT,0.022314,25.0,0.022313,50.0,0.022347,24.0,0.022348,111.0
1753504121535,04:28:41.535,ACH/USDT:USDT,0.022314,25.0,0.022313,50.0,0.022347,24.0,0.022348,111.0
1753504121538,04:28:41.538,ACH/USDT:USDT,0.022314,25.0,0.022313,50.0,0.022347,24.0,0.022348,111.0
1753504121595,04:28:41.595,ACH/USDT:USDT,0.022314,25.0,0.022313,50.0,0.022347,24.0,0.022348,111.0
1753504121596,04:28:41.596,ACH/USDT:USDT,0.022314,25.0,0.022313,50.0,0.022347,24.0,0.022348,111.0
1753504121722,04:28:41.722,ACH/USDT:USDT,0.022314,25.0,0.022313,50.0,0.022347,24.0,0.022348,111.0
1753504121753,04:28:41.753,ACH/USDT:USDT,0.022314,25.0,0.022313,50.0,0.022347,24.0,0.022348,111.0
1753504121860,04:28:41.860,ACH/USDT:USDT,0.022314,25.0,0.022313,50.0,0.022347,24.0,0.022348,111.0
1753504121881,04:28:41.881,ACH/USDT:USDT,0.022314,25.0,0.022313,50.0,0.022347,24.0,0.022348,111.0
1753504121962,04:28:41.962,ACH/USDT:USDT,0.022314,25.0,0.022313,50.0,0.022347,24.0,0.022348,111.0
1753504122013,04:28:42.013,ACH/USDT:USDT,0.022314,25.0,0.022312,50.0,0.022347,24.0,0.022348,111.0
1753504122513,04:28:42.513,ACH/USDT:USDT,0.022314,25.0,0.022312,50.0,0.022347,24.0,0.022348,111.0
1753504122514,04:28:42.514,ACH/USDT:USDT,0.022314,25.0,0.022312,50.0,0.022347,24.0,0.022348,111.0
1753504122519,04:28:42.519,ACH/USDT:USDT,0.022314,25.0,0.022312,50.0,0.022347,24.0,0.022348,111.0
1753504122715,04:28:42.715,ACH/USDT:USDT,0.022314,25.0,0.022312,50.0,0.022347,24.0,0.022348,111.0
1753504122717,04:28:42.717,ACH/USDT:USDT,0.022314,25.0,0.022312,50.0,0.022347,24.0,0.022348,111.0
1753504122723,04:28:42.723,ACH/USDT:USDT,0.022314,25.0,0.022312,50.0,0.022347,24.0,0.022348,111.0
1753504122753,04:28:42.753,ACH/USDT:USDT,0.022314,25.0,0.022312,50.0,0.022347,24.0,0.022348,111.0
1753504122784,04:28:42.784,ACH/USDT:USDT,0.022314,25.0,0.022312,50.0,0.022347,24.0,0.022348,111.0
1753504122800,04:28:42.800,ACH/USDT:USDT,0.022314,25.0,0.022312,50.0,0.022347,24.0,0.022348,111.0
1753504122907,04:28:42.907,ACH/USDT:USDT,0.022314,25.0,0.022312,50.0,0.022347,24.0,0.022348,111.0
1753504122908,04:28:42.908,ACH/USDT:USDT,0.022314,25.0,0.022312,50.0,0.022347,24.0,0.022348,111.0
1753504122911,04:28:42.911,ACH/USDT:USDT,0.022314,25.0,0.022312,50.0,0.022347,24.0,0.022348,111.0
1753504123231,04:28:43.231,ACH/USDT:USDT,0.022314,25.0,0.022312,50.0,0.022347,24.0,0.022348,111.0
1753504123236,04:28:43.236,ACH/USDT:USDT,0.022314,25.0,0.022312,50.0,0.022347,24.0,0.022348,111.0
1753504123675,04:28:43.675,ACH/USDT:USDT,0.022314,25.0,0.022312,50.0,0.022347,24.0,0.022348,111.0
1753504123738,04:28:43.738,ACH/USDT:USDT,0.022314,25.0,0.022312,50.0,0.022347,24.0,0.022348,111.0
1753504123854,04:28:43.854,ACH/USDT:USDT,0.022314,25.0,0.022312,50.0,0.022347,24.0,0.022348,111.0
1753504124454,04:28:44.454,ACH/USDT:USDT,0.022314,25.0,0.022312,50.0,0.022347,24.0,0.022348,111.0
1753504124573,04:28:44.573,ACH/USDT:USDT,0.022314,25.0,0.022312,50.0,0.022347,24.0,0.022348,111.0
1753504124712,04:28:44.712,ACH/USDT:USDT,0.022314,25.0,0.022312,50.0,0.022347,24.0,0.022348,111.0
1753504124713,04:28:44.713,ACH/USDT:USDT,0.022314,25.0,0.022312,50.0,0.022347,24.0,0.022348,111.0
1753504125454,04:28:45.454,ACH/USDT:USDT,0.022314,25.0,0.022312,50.0,0.022347,24.0,0.022348,111.0
1753504125490,04:28:45.490,ACH/USDT:USDT,0.022314,25.0,0.022312,50.0,0.022347,24.0,0.022348,111.0
1753504125494,04:28:45.494,ACH/USDT:USDT,0.022314,25.0,0.022312,50.0,0.022347,24.0,0.022348,111.0
1753504126692,04:28:46.692,ACH/USDT:USDT,0.022314,25.0,0.022312,50.0,0.022347,24.0,0.022348,111.0
1753504126692,04:28:46.692,ACH/USDT:USDT,0.022314,25.0,0.022312,50.0,0.022347,24.0,0.022348,111.0
1753504126692,04:28:46.692,ACH/USDT:USDT,0.022314,25.0,0.022312,50.0,0.022347,24.0,0.022348,111.0
1753504126693,04:28:46.693,ACH/USDT:USDT,0.022314,25.0,0.022312,50.0,0.022347,24.0,0.022348,111.0
1753504126694,04:28:46.694,ACH/USDT:USDT,0.022314,25.0,0.022312,50.0,0.022347,24.0,0.022348,111.0
1753504126872,04:28:46.872,ACH/USDT:USDT,0.022314,25.0,0.022312,50.0,0.022347,24.0,0.022348,111.0
1753504126873,04:28:46.873,ACH/USDT:USDT,0.022314,25.0,0.022312,50.0,0.022347,24.0,0.022348,111.0
1753504126875,04:28:46.875,ACH/USDT:USDT,0.022314,25.0,0.022312,50.0,0.022347,24.0,0.022348,111.0
1753504128031,04:28:48.031,ACH/USDT:USDT,0.022314,25.0,0.022312,50.0,0.022347,24.0,0.022348,111.0
1753504128035,04:28:48.035,ACH/USDT:USDT,0.022314,25.0,0.022312,50.0,0.022347,24.0,0.022348,111.0
1753504128360,04:28:48.360,ACH/USDT:USDT,0.022314,25.0,0.022312,50.0,0.022347,24.0,0.022348,111.0
1753504128364,04:28:48.364,ACH/USDT:USDT,0.022314,25.0,0.022312,50.0,0.022347,24.0,0.022348,111.0
1753504129024,04:28:49.024,ACH/USDT:USDT,0.022314,25.0,0.022312,50.0,0.022347,24.0,0.022348,111.0
1753504129593,04:28:49.593,ACH/USDT:USDT,0.022314,25.0,0.022312,50.0,0.022347,24.0,0.022348,111.0
1753504129593,04:28:49.593,ACH/USDT:USDT,0.022314,25.0,0.022312,50.0,0.022347,24.0,0.022348,111.0
1753504129718,04:28:49.718,ACH/USDT:USDT,0.022314,25.0,0.022312,50.0,0.022347,24.0,0.022348,111.0
1753504129799,04:28:49.799,ACH/USDT:USDT,0.022314,25.0,0.022312,50.0,0.022347,24.0,0.022348,111.0
1753504129873,04:28:49.873,ACH/USDT:USDT,0.022314,25.0,0.022312,50.0,0.022347,24.0,0.022348,111.0
1753504129877,04:28:49.877,ACH/USDT:USDT,0.022314,25.0,0.022312,50.0,0.022347,24.0,0.022348,111.0
1753504130214,04:28:50.214,ACH/USDT:USDT,0.022314,25.0,0.022312,50.0,0.022347,24.0,0.022348,111.0
1753504130593,04:28:50.593,ACH/USDT:USDT,0.022314,25.0,0.022312,50.0,0.022347,24.0,0.022348,111.0
1753504130594,04:28:50.594,ACH/USDT:USDT,0.022314,25.0,0.022312,50.0,0.022347,24.0,0.022348,111.0
1753504131367,04:28:51.367,ACH/USDT:USDT,0.022314,25.0,0.022312,50.0,0.022347,24.0,0.022348,111.0
1753504131369,04:28:51.369,ACH/USDT:USDT,0.022314,25.0,0.022312,50.0,0.022347,24.0,0.022348,111.0
1753504131372,04:28:51.372,ACH/USDT:USDT,0.022314,25.0,0.022312,50.0,0.022347,24.0,0.022348,111.0
1753504131471,04:28:51.471,ACH/USDT:USDT,0.022314,25.0,0.022312,50.0,0.022347,24.0,0.022348,111.0
1753504131621,04:28:51.621,ACH/USDT:USDT,0.022314,25.0,0.022312,50.0,0.022347,24.0,0.022348,111.0
1753504131623,04:28:51.623,ACH/USDT:USDT,0.022314,25.0,0.022312,50.0,0.022347,24.0,0.022348,111.0
1753504131905,04:28:51.905,ACH/USDT:USDT,0.022314,25.0,0.022312,50.0,0.022347,24.0,0.022348,111.0
1753504132042,04:28:52.042,ACH/USDT:USDT,0.022314,25.0,0.022312,50.0,0.022347,24.0,0.022348,111.0
1753504132042,04:28:52.042,ACH/USDT:USDT,0.022314,25.0,0.022312,50.0,0.022347,24.0,0.022348,111.0
1753504132042,04:28:52.042,ACH/USDT:USDT,0.022314,25.0,0.022312,50.0,0.022347,24.0,0.022348,111.0
1753504132042,04:28:52.042,ACH/USDT:USDT,0.022314,25.0,0.022312,50.0,0.022347,24.0,0.022348,111.0
1753504132112,04:28:52.112,ACH/USDT:USDT,0.022314,25.0,0.022312,50.0,0.022347,24.0,0.022348,111.0
1753504132116,04:28:52.116,ACH/USDT:USDT,0.022314,25.0,0.022312,50.0,0.022347,24.0,0.022348,111.0
1753504132813,04:28:52.813,ACH/USDT:USDT,0.022314,25.0,0.022312,50.0,0.022347,24.0,0.022348,111.0
1753504132814,04:28:52.814,ACH/USDT:USDT,0.022314,25.0,0.022312,50.0,0.022347,24.0,0.022348,111.0
1753504132817,04:28:52.817,ACH/USDT:USDT,0.022314,25.0,0.022312,50.0,0.022347,24.0,0.022348,111.0
1753504132817,04:28:52.817,ACH/USDT:USDT,0.022314,25.0,0.022312,50.0,0.022347,24.0,0.022348,111.0
1753504132831,04:28:52.831,ACH/USDT:USDT,0.022314,25.0,0.022312,50.0,0.022347,24.0,0.022348,111.0
1753504132835,04:28:52.835,ACH/USDT:USDT,0.022314,25.0,0.022312,50.0,0.022347,24.0,0.022348,111.0
1753504132843,04:28:52.843,ACH/USDT:USDT,0.022314,25.0,0.022312,50.0,0.022347,24.0,0.022348,111.0
1753504132886,04:28:52.886,ACH/USDT:USDT,0.022314,25.0,0.022312,50.0,0.022347,24.0,0.022348,111.0
1753504133108,04:28:53.108,ACH/USDT:USDT,0.022314,25.0,0.022312,50.0,0.022347,24.0,0.022348,111.0
1753504133108,04:28:53.108,ACH/USDT:USDT,0.022314,25.0,0.022312,50.0,0.022347,24.0,0.022348,111.0
1753504133112,04:28:53.112,ACH/USDT:USDT,0.022314,25.0,0.022312,50.0,0.022347,24.0,0.022348,111.0
1753504134123,04:28:54.123,ACH/USDT:USDT,0.022314,25.0,0.022312,50.0,0.022347,24.0,0.022348,111.0
1753504135232,04:28:55.232,ACH/USDT:USDT,0.022314,25.0,0.022312,50.0,0.022347,24.0,0.022348,111.0
1753504135235,04:28:55.235,ACH/USDT:USDT,0.022314,25.0,0.022312,50.0,0.022347,24.0,0.022348,111.0
1753504135407,04:28:55.407,ACH/USDT:USDT,0.022314,25.0,0.022312,50.0,0.022347,24.0,0.022348,111.0
1753504135411,04:28:55.411,ACH/USDT:USDT,0.022314,25.0,0.022312,50.0,0.022347,24.0,0.022348,111.0
1753504135661,04:28:55.661,ACH/USDT:USDT,0.022314,25.0,0.022312,50.0,0.022347,24.0,0.022348,111.0
1753504135666,04:28:55.666,ACH/USDT:USDT,0.022314,25.0,0.022312,50.0,0.022347,24.0,0.022348,111.0
1753504135784,04:28:55.784,ACH/USDT:USDT,0.022314,25.0,0.022312,50.0,0.022347,24.0,0.022348,111.0
1753504135784,04:28:55.784,ACH/USDT:USDT,0.022314,25.0,0.022312,50.0,0.022347,24.0,0.022348,111.0
1753504135873,04:28:55.873,ACH/USDT:USDT,0.022314,25.0,0.022312,50.0,0.022347,24.0,0.022348,111.0
1753504136007,04:28:56.007,ACH/USDT:USDT,0.022314,25.0,0.022312,50.0,0.022347,24.0,0.022348,111.0
1753504136008,04:28:56.008,ACH/USDT:USDT,0.022314,25.0,0.022312,50.0,0.022347,24.0,0.022348,111.0
1753504136011,04:28:56.011,ACH/USDT:USDT,0.022314,25.0,0.022312,50.0,0.022347,24.0,0.022348,111.0
1753504136207,04:28:56.207,ACH/USDT:USDT,0.022314,25.0,0.022312,50.0,0.022347,24.0,0.022348,111.0
1753504136209,04:28:56.209,ACH/USDT:USDT,0.022314,25.0,0.022312,50.0,0.022347,24.0,0.022348,111.0
1753504136213,04:28:56.213,ACH/USDT:USDT,0.022314,25.0,0.022312,50.0,0.022347,24.0,0.022348,111.0
1753504136321,04:28:56.321,ACH/USDT:USDT,0.022314,25.0,0.022312,50.0,0.022347,24.0,0.022348,111.0
1753504137037,04:28:57.037,ACH/USDT:USDT,0.022314,25.0,0.022312,50.0,0.022347,24.0,0.022348,111.0
1753504137631,04:28:57.631,ACH/USDT:USDT,0.022314,25.0,0.022312,50.0,0.022347,24.0,0.022348,111.0
1753504137635,04:28:57.635,ACH/USDT:USDT,0.022314,25.0,0.022312,50.0,0.022347,24.0,0.022348,111.0
1753504137840,04:28:57.840,ACH/USDT:USDT,0.022314,25.0,0.022312,50.0,0.022347,24.0,0.022348,111.0
1753504138407,04:28:58.407,ACH/USDT:USDT,0.022314,25.0,0.022312,50.0,0.022347,24.0,0.022348,111.0
1753504138410,04:28:58.410,ACH/USDT:USDT,0.022314,25.0,0.022312,50.0,0.022347,24.0,0.022348,111.0
1753504138608,04:28:58.608,ACH/USDT:USDT,0.022314,25.0,0.022312,50.0,0.022347,24.0,0.022348,111.0
1753504138612,04:28:58.612,ACH/USDT:USDT,0.022314,25.0,0.022312,50.0,0.022347,24.0,0.022348,111.0
1753504139671,04:28:59.671,ACH/USDT:USDT,0.022314,25.0,0.022312,50.0,0.022347,24.0,0.022348,111.0
1753504139671,04:28:59.671,ACH/USDT:USDT,0.022314,25.0,0.022312,50.0,0.022347,24.0,0.022348,111.0
1753504139676,04:28:59.676,ACH/USDT:USDT,0.022314,25.0,0.022312,50.0,0.022347,24.0,0.022348,111.0
1753504139679,04:28:59.679,ACH/USDT:USDT,0.022314,25.0,0.022312,50.0,0.022347,24.0,0.022348,111.0
1753504139807,04:28:59.807,ACH/USDT:USDT,0.022314,25.0,0.022312,50.0,0.022347,24.0,0.022348,111.0
1753504139811,04:28:59.811,ACH/USDT:USDT,0.022314,25.0,0.022312,50.0,0.022347,24.0,0.022348,111.0
1753504139946,04:28:59.946,ACH/USDT:USDT,0.022314,25.0,0.022312,50.0,0.022347,24.0,0.022348,111.0
1753504140122,04:29:00.122,ACH/USDT:USDT,0.022314,25.0,0.022312,50.0,0.022347,24.0,0.022348,111.0
1753504140124,04:29:00.124,ACH/USDT:USDT,0.022314,25.0,0.022312,50.0,0.022347,24.0,0.022348,111.0
1753504140408,04:29:00.408,ACH/USDT:USDT,0.022314,25.0,0.022312,50.0,0.022347,24.0,0.022348,111.0
1753504140788,04:29:00.788,ACH/USDT:USDT,0.022314,25.0,0.022312,50.0,0.022347,24.0,0.022348,111.0
1753504140805,04:29:00.805,ACH/USDT:USDT,0.022314,25.0,0.022312,50.0,0.022347,24.0,0.022348,111.0
1753504140807,04:29:00.807,ACH/USDT:USDT,0.022314,25.0,0.022312,50.0,0.022347,24.0,0.022348,111.0
1753504140810,04:29:00.810,ACH/USDT:USDT,0.022314,25.0,0.022312,50.0,0.022347,24.0,0.022348,111.0
1753504140812,04:29:00.812,ACH/USDT:USDT,0.022314,25.0,0.022312,50.0,0.022347,24.0,0.022348,111.0
1753504140815,04:29:00.815,ACH/USDT:USDT,0.022314,25.0,0.022312,50.0,0.022347,24.0,0.022348,111.0
1753504140935,04:29:00.935,ACH/USDT:USDT,0.022314,25.0,0.022312,50.0,0.022347,24.0,0.022348,111.0
1753504140940,04:29:00.940,ACH/USDT:USDT,0.022314,25.0,0.022312,50.0,0.022347,24.0,0.022348,111.0
1753504141037,04:29:01.037,ACH/USDT:USDT,0.022314,25.0,0.022312,50.0,0.022347,24.0,0.022348,111.0
1753504141042,04:29:01.042,ACH/USDT:USDT,0.022314,25.0,0.022312,50.0,0.022347,24.0,0.022348,111.0
1753504141139,04:29:01.139,ACH/USDT:USDT,0.022314,25.0,0.022312,50.0,0.022347,24.0,0.022348,111.0
1753504141190,04:29:01.190,ACH/USDT:USDT,0.022314,25.0,0.022312,50.0,0.022347,24.0,0.022348,111.0
1753504141208,04:29:01.208,ACH/USDT:USDT,0.022315,259.0,0.022314,25.0,0.022347,24.0,0.022348,111.0
1753504141211,04:29:01.211,ACH/USDT:USDT,0.022316,25.0,0.022315,259.0,0.022347,24.0,0.022348,111.0
1753504141293,04:29:01.293,ACH/USDT:USDT,0.022316,25.0,0.022314,25.0,0.022347,24.0,0.022348,111.0
1753504141295,04:29:01.295,ACH/USDT:USDT,0.022316,25.0,0.022314,25.0,0.022347,24.0,0.022348,111.0
1753504141365,04:29:01.365,ACH/USDT:USDT,0.022314,25.0,0.022312,50.0,0.022347,24.0,0.022348,111.0
1753504141410,04:29:01.410,ACH/USDT:USDT,0.022316,25.0,0.022315,259.0,0.022347,24.0,0.022348,111.0
1753504141864,04:29:01.864,ACH/USDT:USDT,0.022316,25.0,0.022314,25.0,0.022347,24.0,0.022348,111.0
1753504141869,04:29:01.869,ACH/USDT:USDT,0.022314,25.0,0.022312,50.0,0.022347,24.0,0.022348,111.0
1753504142189,04:29:02.189,ACH/USDT:USDT,0.022314,25.0,0.022312,50.0,0.022347,24.0,0.022348,111.0
1753504142191,04:29:02.191,ACH/USDT:USDT,0.022314,25.0,0.022312,50.0,0.022347,24.0,0.022348,111.0
1753504142294,04:29:02.294,ACH/USDT:USDT,0.022314,25.0,0.022312,50.0,0.022347,24.0,0.022348,111.0
1753504142295,04:29:02.295,ACH/USDT:USDT,0.022314,25.0,0.022312,50.0,0.022347,24.0,0.022348,111.0
1753504142431,04:29:02.431,ACH/USDT:USDT,0.022314,25.0,0.022312,50.0,0.022347,24.0,0.022348,111.0
1753504142435,04:29:02.435,ACH/USDT:USDT,0.022314,25.0,0.022312,50.0,0.022347,24.0,0.022348,111.0
1753504142656,04:29:02.656,ACH/USDT:USDT,0.022314,25.0,0.022312,50.0,0.022347,24.0,0.022348,111.0
1753504143694,04:29:03.694,ACH/USDT:USDT,0.022314,25.0,0.022312,50.0,0.022347,24.0,0.022348,111.0
1753504143763,04:29:03.763,ACH/USDT:USDT,0.022314,25.0,0.022312,50.0,0.022347,24.0,0.022348,111.0
1753504143764,04:29:03.764,ACH/USDT:USDT,0.022314,25.0,0.022312,50.0,0.022347,24.0,0.022348,111.0
1753504143767,04:29:03.767,ACH/USDT:USDT,0.022314,25.0,0.022312,50.0,0.022347,24.0,0.022348,111.0
1753504144624,04:29:04.624,ACH/USDT:USDT,0.022314,25.0,0.022312,50.0,0.022347,24.0,0.022348,111.0
