timestamp,time,symbol,bid1_price,bid1_volume,bid2_price,bid2_volume,ask1_price,ask1_volume,ask2_price,ask2_volume
1753503304504,04:15:04.504,ALGO/USDT:USDT,0.2699,391.0,0.2698,4405.0,0.27,1659.0,0.2701,4551.0
1753503304904,04:15:04.904,ALGO/USDT:USDT,0.2699,174.0,0.2698,4193.0,0.27,1957.0,0.2701,4952.0
1753503305004,04:15:05.004,ALGO/USDT:USDT,0.2699,174.0,0.2698,4193.0,0.27,1957.0,0.2701,5013.0
1753503305104,04:15:05.104,ALGO/USDT:USDT,0.2699,174.0,0.2698,4193.0,0.27,1957.0,0.2701,5049.0
1753503305204,04:15:05.204,ALGO/USDT:USDT,0.2699,174.0,0.2698,4193.0,0.27,1957.0,0.2701,5086.0
1753503305404,04:15:05.404,ALGO/USDT:USDT,0.2699,174.0,0.2698,4193.0,0.27,1957.0,0.2701,5086.0
1753503305504,04:15:05.504,ALGO/USDT:USDT,0.2699,174.0,0.2698,4193.0,0.27,1957.0,0.2701,5095.0
1753503305804,04:15:05.804,ALGO/USDT:USDT,0.2699,1134.0,0.2698,6633.0,0.27,273.0,0.2701,3266.0
1753503305904,04:15:05.904,ALGO/USDT:USDT,0.2699,1193.0,0.2698,7002.0,0.27,273.0,0.2701,3266.0
1753503306004,04:15:06.004,ALGO/USDT:USDT,0.2699,1405.0,0.2698,7002.0,0.27,273.0,0.2701,3266.0
1753503306104,04:15:06.104,ALGO/USDT:USDT,0.2699,1405.0,0.2698,7010.0,0.27,258.0,0.2701,3450.0
1753503306204,04:15:06.204,ALGO/USDT:USDT,0.2699,1441.0,0.2698,7120.0,0.27,258.0,0.2701,3414.0
1753503306304,04:15:06.304,ALGO/USDT:USDT,0.2699,1441.0,0.2698,6830.0,0.27,302.0,0.2701,3414.0
1753503306404,04:15:06.404,ALGO/USDT:USDT,0.2699,1149.0,0.2698,6830.0,0.27,302.0,0.2701,3418.0
1753503306504,04:15:06.504,ALGO/USDT:USDT,0.2699,1149.0,0.2698,6681.0,0.27,287.0,0.2701,3418.0
1753503306604,04:15:06.604,ALGO/USDT:USDT,0.2699,1147.0,0.2698,6717.0,0.27,287.0,0.2701,2818.0
1753503306904,04:15:06.904,ALGO/USDT:USDT,0.2699,1433.0,0.2698,6717.0,0.27,287.0,0.2701,2818.0
1753503307004,04:15:07.004,ALGO/USDT:USDT,0.2699,1433.0,0.2698,7086.0,0.27,287.0,0.2701,2818.0
1753503307104,04:15:07.104,ALGO/USDT:USDT,0.2699,1433.0,0.2698,7123.0,0.27,287.0,0.2701,2818.0
1753503307504,04:15:07.504,ALGO/USDT:USDT,0.2699,1433.0,0.2698,7492.0,0.27,287.0,0.2701,2612.0
1753503307604,04:15:07.604,ALGO/USDT:USDT,0.2699,1433.0,0.2698,7492.0,0.27,287.0,0.2701,2612.0
1753503307704,04:15:07.704,ALGO/USDT:USDT,0.27,2562.0,0.2699,6159.0,0.2701,16.0,0.2702,2308.0
1753503307804,04:15:07.804,ALGO/USDT:USDT,0.27,3366.0,0.2699,6525.0,0.2701,18.0,0.2702,2938.0
1753503307904,04:15:07.904,ALGO/USDT:USDT,0.27,3425.0,0.2699,7088.0,0.2701,18.0,0.2702,2938.0
1753503308004,04:15:08.004,ALGO/USDT:USDT,0.27,3425.0,0.2699,7088.0,0.2701,18.0,0.2702,2938.0
1753503308104,04:15:08.104,ALGO/USDT:USDT,0.27,3425.0,0.2699,7088.0,0.2701,18.0,0.2702,2938.0
1753503308304,04:15:08.304,ALGO/USDT:USDT,0.27,3213.0,0.2699,6793.0,0.2701,265.0,0.2702,3150.0
1753503308404,04:15:08.404,ALGO/USDT:USDT,0.27,3213.0,0.2699,6793.0,0.2701,265.0,0.2702,3150.0
1753503308504,04:15:08.504,ALGO/USDT:USDT,0.27,3213.0,0.2699,6793.0,0.2701,1318.0,0.2702,3150.0
1753503308604,04:15:08.604,ALGO/USDT:USDT,0.27,2503.0,0.2699,7393.0,0.2701,1318.0,0.2702,3150.0
1753503308704,04:15:08.704,ALGO/USDT:USDT,0.27,2415.0,0.2699,7298.0,0.2701,1333.0,0.2702,3190.0
1753503308804,04:15:08.804,ALGO/USDT:USDT,0.27,1894.0,0.2699,7298.0,0.2701,1333.0,0.2702,3190.0
1753503308904,04:15:08.904,ALGO/USDT:USDT,0.27,1894.0,0.2699,6773.0,0.2701,1333.0,0.2702,3190.0
1753503309104,04:15:09.104,ALGO/USDT:USDT,0.27,1894.0,0.2699,6665.0,0.2701,1333.0,0.2702,3190.0
1753503309204,04:15:09.204,ALGO/USDT:USDT,0.27,1894.0,0.2699,6591.0,0.2701,1333.0,0.2702,3190.0
1753503309304,04:15:09.304,ALGO/USDT:USDT,0.27,1239.0,0.2699,5739.0,0.2701,1965.0,0.2702,3190.0
1753503309404,04:15:09.404,ALGO/USDT:USDT,0.27,1383.0,0.2699,4693.0,0.2701,2264.0,0.2702,3355.0
1753503309504,04:15:09.504,ALGO/USDT:USDT,0.27,779.0,0.2699,5349.0,0.2701,1946.0,0.2702,3355.0
1753503309604,04:15:09.604,ALGO/USDT:USDT,0.27,1617.0,0.2699,6074.0,0.2701,1405.0,0.2702,2608.0
1753503309704,04:15:09.704,ALGO/USDT:USDT,0.27,1747.0,0.2699,6782.0,0.2701,1405.0,0.2702,3232.0
1753503309804,04:15:09.804,ALGO/USDT:USDT,0.27,1535.0,0.2699,7031.0,0.2701,1405.0,0.2702,3232.0
1753503309904,04:15:09.904,ALGO/USDT:USDT,0.27,1479.0,0.2699,7031.0,0.2701,1405.0,0.2702,3232.0
1753503310004,04:15:10.004,ALGO/USDT:USDT,0.27,1479.0,0.2699,7031.0,0.2701,1405.0,0.2702,3232.0
1753503310104,04:15:10.104,ALGO/USDT:USDT,0.27,1479.0,0.2699,7031.0,0.2701,1405.0,0.2702,3232.0
1753503310204,04:15:10.204,ALGO/USDT:USDT,0.27,1400.0,0.2699,6975.0,0.2701,1405.0,0.2702,3232.0
1753503310304,04:15:10.304,ALGO/USDT:USDT,0.27,1479.0,0.2699,6975.0,0.2701,1405.0,0.2702,3232.0
1753503310404,04:15:10.404,ALGO/USDT:USDT,0.27,1443.0,0.2699,6938.0,0.2701,1405.0,0.2702,3232.0
1753503310604,04:15:10.604,ALGO/USDT:USDT,0.27,1443.0,0.2699,7030.0,0.2701,1405.0,0.2702,3232.0
1753503310704,04:15:10.704,ALGO/USDT:USDT,0.27,1443.0,0.2699,6541.0,0.2701,1405.0,0.2702,3232.0
1753503310804,04:15:10.804,ALGO/USDT:USDT,0.27,1364.0,0.2699,6541.0,0.2701,1405.0,0.2702,3232.0
1753503311404,04:15:11.404,ALGO/USDT:USDT,0.27,1407.0,0.2699,6541.0,0.2701,1681.0,0.2702,3290.0
1753503311504,04:15:11.504,ALGO/USDT:USDT,0.27,1328.0,0.2699,6395.0,0.2701,1681.0,0.2702,3290.0
1753503312104,04:15:12.104,ALGO/USDT:USDT,0.27,1328.0,0.2699,6395.0,0.2701,1681.0,0.2702,3290.0
1753503312904,04:15:12.904,ALGO/USDT:USDT,0.27,1619.0,0.2699,6183.0,0.2701,1681.0,0.2702,3290.0
1753503313004,04:15:13.004,ALGO/USDT:USDT,0.27,1619.0,0.2699,6183.0,0.2701,1681.0,0.2702,3290.0
1753503313204,04:15:13.204,ALGO/USDT:USDT,0.27,1619.0,0.2699,6183.0,0.2701,1681.0,0.2702,3290.0
1753503313304,04:15:13.304,ALGO/USDT:USDT,0.27,1407.0,0.2699,6183.0,0.2701,1681.0,0.2702,4712.0
1753503313404,04:15:13.404,ALGO/USDT:USDT,0.27,1328.0,0.2699,6110.0,0.2701,1681.0,0.2702,4712.0
1753503313804,04:15:13.804,ALGO/USDT:USDT,0.27,1619.0,0.2699,6110.0,0.2701,1681.0,0.2702,4712.0
1753503314704,04:15:14.704,ALGO/USDT:USDT,0.27,2282.0,0.2699,6119.0,0.2701,1681.0,0.2702,4712.0
1753503314804,04:15:14.804,ALGO/USDT:USDT,0.27,2282.0,0.2699,6119.0,0.2701,1681.0,0.2702,4712.0
1753503314904,04:15:14.904,ALGO/USDT:USDT,0.27,2282.0,0.2699,6119.0,0.2701,1681.0,0.2702,4712.0
1753503315404,04:15:15.404,ALGO/USDT:USDT,0.27,1646.0,0.2699,6082.0,0.2701,1741.0,0.2702,4712.0
1753503315604,04:15:15.604,ALGO/USDT:USDT,0.27,1567.0,0.2699,6082.0,0.2701,1741.0,0.2702,4712.0
1753503315704,04:15:15.704,ALGO/USDT:USDT,0.27,1567.0,0.2699,6082.0,0.2701,1741.0,0.2702,4712.0
1753503315804,04:15:15.804,ALGO/USDT:USDT,0.27,1487.0,0.2699,6082.0,0.2701,1741.0,0.2702,4712.0
1753503316004,04:15:16.004,ALGO/USDT:USDT,0.27,1196.0,0.2699,6082.0,0.2701,1741.0,0.2702,4712.0
1753503316104,04:15:16.104,ALGO/USDT:USDT,0.27,1196.0,0.2699,6082.0,0.2701,1741.0,0.2702,4712.0
1753503316204,04:15:16.204,ALGO/USDT:USDT,0.2699,2065.0,0.2698,7749.0,0.27,245.0,0.2701,4910.0
1753503316304,04:15:16.304,ALGO/USDT:USDT,0.2699,2897.0,0.2698,7380.0,0.27,245.0,0.2701,4910.0
1753503316404,04:15:16.404,ALGO/USDT:USDT,0.2699,2773.0,0.2698,7380.0,0.27,245.0,0.2701,4910.0
1753503316504,04:15:16.504,ALGO/USDT:USDT,0.2699,2773.0,0.2698,7271.0,0.27,245.0,0.2701,4910.0
1753503316604,04:15:16.604,ALGO/USDT:USDT,0.2699,2561.0,0.2698,7234.0,0.27,245.0,0.2701,4910.0
1753503316704,04:15:16.704,ALGO/USDT:USDT,0.2699,2773.0,0.2698,7234.0,0.27,245.0,0.2701,4910.0
1753503316904,04:15:16.904,ALGO/USDT:USDT,0.2699,2773.0,0.2698,6957.0,0.27,245.0,0.2701,4910.0
1753503317204,04:15:17.204,ALGO/USDT:USDT,0.27,2046.0,0.2699,5715.0,0.2701,2082.0,0.2702,3934.0
1753503317504,04:15:17.504,ALGO/USDT:USDT,0.27,2046.0,0.2699,5715.0,0.2701,2094.0,0.2702,3826.0
1753503317604,04:15:17.604,ALGO/USDT:USDT,0.27,2046.0,0.2699,5715.0,0.2701,2094.0,0.2702,3826.0
1753503317704,04:15:17.704,ALGO/USDT:USDT,0.27,2046.0,0.2699,5715.0,0.2701,2094.0,0.2702,3790.0
1753503318004,04:15:18.004,ALGO/USDT:USDT,0.27,2125.0,0.2699,5715.0,0.2701,1753.0,0.2702,3687.0
1753503318404,04:15:18.404,ALGO/USDT:USDT,0.27,2329.0,0.2699,5807.0,0.2701,1753.0,0.2702,3651.0
1753503318704,04:15:18.704,ALGO/USDT:USDT,0.27,2329.0,0.2699,5807.0,0.2701,1753.0,0.2702,3615.0
1753503318904,04:15:18.904,ALGO/USDT:USDT,0.27,2329.0,0.2699,5807.0,0.2701,1753.0,0.2702,3615.0
1753503319504,04:15:19.504,ALGO/USDT:USDT,0.27,2329.0,0.2699,5807.0,0.2701,1753.0,0.2702,3615.0
1753503319904,04:15:19.904,ALGO/USDT:USDT,0.27,5969.0,0.2699,5844.0,0.2701,1753.0,0.2702,3615.0
1753503320104,04:15:20.104,ALGO/USDT:USDT,0.27,6005.0,0.2699,5983.0,0.2701,1752.0,0.2702,3615.0
1753503320204,04:15:20.204,ALGO/USDT:USDT,0.27,6041.0,0.2699,6055.0,0.2701,1752.0,0.2702,3615.0
1753503320304,04:15:20.304,ALGO/USDT:USDT,0.27,6041.0,0.2699,6062.0,0.2701,1752.0,0.2702,3615.0
1753503320504,04:15:20.504,ALGO/USDT:USDT,0.27,6041.0,0.2699,5953.0,0.2701,1752.0,0.2702,3615.0
1753503320704,04:15:20.704,ALGO/USDT:USDT,0.27,6041.0,0.2699,6026.0,0.2701,1752.0,0.2702,3615.0
1753503321004,04:15:21.004,ALGO/USDT:USDT,0.27,6263.0,0.2699,5767.0,0.2701,1752.0,0.2702,2993.0
1753503321104,04:15:21.104,ALGO/USDT:USDT,0.27,6263.0,0.2699,5767.0,0.2701,1752.0,0.2702,2993.0
1753503321304,04:15:21.304,ALGO/USDT:USDT,0.27,6263.0,0.2699,5877.0,0.2701,1752.0,0.2702,2993.0
1753503322404,04:15:22.404,ALGO/USDT:USDT,0.27,5722.0,0.2699,5848.0,0.2701,1817.0,0.2702,2993.0
1753503322504,04:15:22.504,ALGO/USDT:USDT,0.27,5722.0,0.2699,5812.0,0.2701,389.0,0.2702,2993.0
1753503322604,04:15:22.604,ALGO/USDT:USDT,0.27,6072.0,0.2699,5775.0,0.2701,1820.0,0.2702,3593.0
1753503322704,04:15:22.704,ALGO/USDT:USDT,0.27,6220.0,0.2699,5775.0,0.2701,1820.0,0.2702,3593.0
1753503323304,04:15:23.304,ALGO/USDT:USDT,0.27,5993.0,0.2699,5702.0,0.2701,1820.0,0.2702,3593.0
1753503323404,04:15:23.404,ALGO/USDT:USDT,0.27,5993.0,0.2699,5702.0,0.2701,1820.0,0.2702,3593.0
1753503323504,04:15:23.504,ALGO/USDT:USDT,0.27,5998.0,0.2699,5702.0,0.2701,1820.0,0.2702,3593.0
1753503323604,04:15:23.604,ALGO/USDT:USDT,0.27,6220.0,0.2699,5702.0,0.2701,1820.0,0.2702,3593.0
1753503324004,04:15:24.004,ALGO/USDT:USDT,0.27,6220.0,0.2699,5702.0,0.2701,1820.0,0.2702,3593.0
1753503324104,04:15:24.104,ALGO/USDT:USDT,0.27,5620.0,0.2699,5702.0,0.2701,1820.0,0.2702,3593.0
1753503324304,04:15:24.304,ALGO/USDT:USDT,0.27,5472.0,0.2699,5702.0,0.2701,1819.0,0.2702,3593.0
1753503324704,04:15:24.704,ALGO/USDT:USDT,0.27,5620.0,0.2699,5774.0,0.2701,1819.0,0.2702,3593.0
1753503324904,04:15:24.904,ALGO/USDT:USDT,0.27,5620.0,0.2699,5774.0,0.2701,1819.0,0.2702,3593.0
1753503325104,04:15:25.104,ALGO/USDT:USDT,0.27,5620.0,0.2699,5774.0,0.2701,1819.0,0.2702,4957.0
1753503325304,04:15:25.304,ALGO/USDT:USDT,0.27,5239.0,0.2699,5702.0,0.2701,1819.0,0.2702,4957.0
1753503325404,04:15:25.404,ALGO/USDT:USDT,0.27,5239.0,0.2699,5768.0,0.2701,1850.0,0.2702,4957.0
1753503325504,04:15:25.504,ALGO/USDT:USDT,0.27,5436.0,0.2699,5768.0,0.2701,1850.0,0.2702,4957.0
1753503325604,04:15:25.604,ALGO/USDT:USDT,0.27,5436.0,0.2699,5768.0,0.2701,1850.0,0.2702,4957.0
1753503325904,04:15:25.904,ALGO/USDT:USDT,0.27,5584.0,0.2699,5702.0,0.2701,1850.0,0.2702,4957.0
1753503326004,04:15:26.004,ALGO/USDT:USDT,0.27,5510.0,0.2699,5702.0,0.2701,1850.0,0.2702,4957.0
1753503326104,04:15:26.104,ALGO/USDT:USDT,0.27,5584.0,0.2699,5702.0,0.2701,1850.0,0.2702,4957.0
1753503326204,04:15:26.204,ALGO/USDT:USDT,0.27,5584.0,0.2699,5702.0,0.2701,1850.0,0.2702,4957.0
1753503326304,04:15:26.304,ALGO/USDT:USDT,0.27,5584.0,0.2699,5695.0,0.2701,1850.0,0.2702,4957.0
1753503326404,04:15:26.404,ALGO/USDT:USDT,0.27,5239.0,0.2699,5695.0,0.2701,1850.0,0.2702,4957.0
1753503326504,04:15:26.504,ALGO/USDT:USDT,0.27,5160.0,0.2699,5622.0,0.2701,1850.0,0.2702,4957.0
1753503326904,04:15:26.904,ALGO/USDT:USDT,0.27,5436.0,0.2699,5622.0,0.2701,1850.0,0.2702,4957.0
1753503327004,04:15:27.004,ALGO/USDT:USDT,0.27,5357.0,0.2699,5622.0,0.2701,1850.0,0.2702,4957.0
1753503327204,04:15:27.204,ALGO/USDT:USDT,0.27,5160.0,0.2699,5585.0,0.2701,1850.0,0.2702,4957.0
1753503328004,04:15:28.004,ALGO/USDT:USDT,0.27,5160.0,0.2699,5585.0,0.2701,1850.0,0.2702,5060.0
1753503328704,04:15:28.704,ALGO/USDT:USDT,0.27,5239.0,0.2699,5585.0,0.2701,1850.0,0.2702,5060.0
1753503329304,04:15:29.304,ALGO/USDT:USDT,0.27,5436.0,0.2699,5585.0,0.2701,1850.0,0.2702,5060.0
1753503329404,04:15:29.404,ALGO/USDT:USDT,0.27,5436.0,0.2699,5585.0,0.2701,1850.0,0.2702,5060.0
1753503329504,04:15:29.504,ALGO/USDT:USDT,0.27,5436.0,0.2699,5585.0,0.2701,1850.0,0.2702,5060.0
1753503329604,04:15:29.604,ALGO/USDT:USDT,0.27,5474.0,0.2699,5585.0,0.2701,1850.0,0.2702,5060.0
1753503329704,04:15:29.704,ALGO/USDT:USDT,0.27,5474.0,0.2699,5585.0,0.2701,1850.0,0.2702,5060.0
1753503330204,04:15:30.204,ALGO/USDT:USDT,0.27,5474.0,0.2699,5585.0,0.2701,1852.0,0.2702,5060.0
1753503330904,04:15:30.904,ALGO/USDT:USDT,0.27,5622.0,0.2699,5585.0,0.2701,1852.0,0.2702,4957.0
1753503331104,04:15:31.104,ALGO/USDT:USDT,0.27,5622.0,0.2699,5585.0,0.2701,1852.0,0.2702,4957.0
1753503331304,04:15:31.304,ALGO/USDT:USDT,0.27,5622.0,0.2699,5585.0,0.2701,1852.0,0.2702,4957.0
1753503331404,04:15:31.404,ALGO/USDT:USDT,0.27,5622.0,0.2699,5585.0,0.2701,1852.0,0.2702,4957.0
1753503331504,04:15:31.504,ALGO/USDT:USDT,0.27,5622.0,0.2699,5585.0,0.2701,1852.0,0.2702,4957.0
1753503331804,04:15:31.804,ALGO/USDT:USDT,0.27,5622.0,0.2699,5585.0,0.2701,1852.0,0.2702,4957.0
1753503332004,04:15:32.004,ALGO/USDT:USDT,0.27,5622.0,0.2699,5585.0,0.2701,1852.0,0.2702,4957.0
1753503332204,04:15:32.204,ALGO/USDT:USDT,0.27,5622.0,0.2699,5585.0,0.2701,1852.0,0.2702,4957.0
1753503332304,04:15:32.304,ALGO/USDT:USDT,0.27,5622.0,0.2699,5585.0,0.2701,1852.0,0.2702,4957.0
1753503332504,04:15:32.504,ALGO/USDT:USDT,0.27,6047.0,0.2699,5511.0,0.2701,1852.0,0.2702,4957.0
1753503332604,04:15:32.604,ALGO/USDT:USDT,0.27,6121.0,0.2699,5511.0,0.2701,1852.0,0.2702,4957.0
1753503332704,04:15:32.704,ALGO/USDT:USDT,0.27,6121.0,0.2699,5511.0,0.2701,1852.0,0.2702,4957.0
1753503333804,04:15:33.804,ALGO/USDT:USDT,0.27,6121.0,0.2699,5548.0,0.2701,1965.0,0.2702,4957.0
1753503333904,04:15:33.904,ALGO/USDT:USDT,0.27,6121.0,0.2699,5548.0,0.2701,1965.0,0.2702,4957.0
1753503334004,04:15:34.004,ALGO/USDT:USDT,0.27,6121.0,0.2699,5548.0,0.2701,1965.0,0.2702,4957.0
1753503334104,04:15:34.104,ALGO/USDT:USDT,0.27,6121.0,0.2699,5548.0,0.2701,1965.0,0.2702,4957.0
1753503334304,04:15:34.304,ALGO/USDT:USDT,0.27,6121.0,0.2699,6250.0,0.2701,1965.0,0.2702,4957.0
1753503334404,04:15:34.404,ALGO/USDT:USDT,0.27,5845.0,0.2699,6250.0,0.2701,2162.0,0.2702,4957.0
1753503334604,04:15:34.604,ALGO/USDT:USDT,0.27,5845.0,0.2699,6213.0,0.2701,1965.0,0.2702,4957.0
1753503334704,04:15:34.704,ALGO/USDT:USDT,0.27,5845.0,0.2699,6213.0,0.2701,1965.0,0.2702,4957.0
1753503334904,04:15:34.904,ALGO/USDT:USDT,0.27,6121.0,0.2699,6213.0,0.2701,1965.0,0.2702,4957.0
1753503335004,04:15:35.004,ALGO/USDT:USDT,0.27,6121.0,0.2699,6250.0,0.2701,1965.0,0.2702,4957.0
1753503335104,04:15:35.104,ALGO/USDT:USDT,0.27,6191.0,0.2699,5548.0,0.2701,1722.0,0.2702,4357.0
1753503335504,04:15:35.504,ALGO/USDT:USDT,0.27,6193.0,0.2699,5548.0,0.2701,1722.0,0.2702,4357.0
1753503335604,04:15:35.604,ALGO/USDT:USDT,0.27,6157.0,0.2699,5548.0,0.2701,1722.0,0.2702,4357.0
1753503335704,04:15:35.704,ALGO/USDT:USDT,0.27,6157.0,0.2699,5548.0,0.2701,1722.0,0.2702,4357.0
1753503335804,04:15:35.804,ALGO/USDT:USDT,0.27,6157.0,0.2699,5548.0,0.2701,1722.0,0.2702,4357.0
1753503335904,04:15:35.904,ALGO/USDT:USDT,0.27,5924.0,0.2699,5511.0,0.2701,1722.0,0.2702,4357.0
1753503336004,04:15:36.004,ALGO/USDT:USDT,0.27,5924.0,0.2699,5511.0,0.2701,1722.0,0.2702,2993.0
1753503336104,04:15:36.104,ALGO/USDT:USDT,0.27,6121.0,0.2699,5511.0,0.2701,1722.0,0.2702,2993.0
1753503336204,04:15:36.204,ALGO/USDT:USDT,0.27,6157.0,0.2699,5658.0,0.2701,1722.0,0.2702,2993.0
1753503336304,04:15:36.304,ALGO/USDT:USDT,0.27,6157.0,0.2699,5694.0,0.2701,1722.0,0.2702,2993.0
1753503336404,04:15:36.404,ALGO/USDT:USDT,0.27,6157.0,0.2699,5694.0,0.2701,1722.0,0.2702,3593.0
1753503336604,04:15:36.604,ALGO/USDT:USDT,0.27,6193.0,0.2699,5694.0,0.2701,1722.0,0.2702,3593.0
1753503336904,04:15:36.904,ALGO/USDT:USDT,0.27,6193.0,0.2699,5803.0,0.2701,1722.0,0.2702,3593.0
1753503337304,04:15:37.304,ALGO/USDT:USDT,0.27,6193.0,0.2699,5803.0,0.2701,2039.0,0.2702,3593.0
1753503337404,04:15:37.404,ALGO/USDT:USDT,0.27,6193.0,0.2699,5803.0,0.2701,2039.0,0.2702,3593.0
1753503337604,04:15:37.604,ALGO/USDT:USDT,0.27,6157.0,0.2699,5730.0,0.2701,2039.0,0.2702,3593.0
1753503337704,04:15:37.704,ALGO/USDT:USDT,0.27,5960.0,0.2699,5730.0,0.2701,2039.0,0.2702,3593.0
1753503337804,04:15:37.804,ALGO/USDT:USDT,0.27,5881.0,0.2699,5730.0,0.2701,2236.0,0.2702,3593.0
1753503338004,04:15:38.004,ALGO/USDT:USDT,0.27,5420.0,0.2699,5657.0,0.2701,2389.0,0.2702,3593.0
1753503338304,04:15:38.304,ALGO/USDT:USDT,0.27,6121.0,0.2699,5694.0,0.2701,2038.0,0.2702,3593.0
1753503338404,04:15:38.404,ALGO/USDT:USDT,0.27,6121.0,0.2699,5694.0,0.2701,2038.0,0.2702,3593.0
1753503338804,04:15:38.804,ALGO/USDT:USDT,0.27,6121.0,0.2699,5694.0,0.2701,2039.0,0.2702,3593.0
1753503339204,04:15:39.204,ALGO/USDT:USDT,0.27,6121.0,0.2699,5694.0,0.2701,2039.0,0.2702,3593.0
1753503339304,04:15:39.304,ALGO/USDT:USDT,0.27,6121.0,0.2699,5694.0,0.2701,2039.0,0.2702,3593.0
1753503339704,04:15:39.704,ALGO/USDT:USDT,0.27,5845.0,0.2699,5657.0,0.2701,2039.0,0.2702,3593.0
1753503340104,04:15:40.104,ALGO/USDT:USDT,0.27,5924.0,0.2699,5657.0,0.2701,2095.0,0.2702,3593.0
1753503340204,04:15:40.204,ALGO/USDT:USDT,0.27,5924.0,0.2699,5657.0,0.2701,2095.0,0.2702,3593.0
1753503340304,04:15:40.304,ALGO/USDT:USDT,0.27,5924.0,0.2699,5657.0,0.2701,2095.0,0.2702,3593.0
1753503340404,04:15:40.404,ALGO/USDT:USDT,0.27,6121.0,0.2699,5657.0,0.2701,2096.0,0.2702,3593.0
1753503340504,04:15:40.504,ALGO/USDT:USDT,0.27,5924.0,0.2699,5657.0,0.2701,2096.0,0.2702,3593.0
1753503340704,04:15:40.704,ALGO/USDT:USDT,0.27,6121.0,0.2699,5657.0,0.2701,2096.0,0.2702,3593.0
1753503340804,04:15:40.804,ALGO/USDT:USDT,0.27,6121.0,0.2699,5657.0,0.2701,2096.0,0.2702,3593.0
1753503341304,04:15:41.304,ALGO/USDT:USDT,0.27,5420.0,0.2699,5657.0,0.2701,2444.0,0.2702,3593.0
1753503341404,04:15:41.404,ALGO/USDT:USDT,0.27,5420.0,0.2699,5657.0,0.2701,2247.0,0.2702,3593.0
1753503341504,04:15:41.504,ALGO/USDT:USDT,0.27,5709.0,0.2699,5657.0,0.2701,2168.0,0.2702,3593.0
1753503341704,04:15:41.704,ALGO/USDT:USDT,0.27,6121.0,0.2699,5657.0,0.2701,2096.0,0.2702,3593.0
1753503342104,04:15:42.104,ALGO/USDT:USDT,0.27,5420.0,0.2699,5657.0,0.2701,2096.0,0.2702,3593.0
1753503342604,04:15:42.604,ALGO/USDT:USDT,0.27,5420.0,0.2699,5657.0,0.2701,2096.0,0.2702,3593.0
1753503343304,04:15:43.304,ALGO/USDT:USDT,0.27,6121.0,0.2699,5707.0,0.2701,2148.0,0.2702,3593.0
1753503343404,04:15:43.404,ALGO/USDT:USDT,0.27,6121.0,0.2699,5657.0,0.2701,2148.0,0.2702,3593.0
1753503343604,04:15:43.604,ALGO/USDT:USDT,0.27,5420.0,0.2699,5657.0,0.2701,2221.0,0.2702,3629.0
1753503343704,04:15:43.704,ALGO/USDT:USDT,0.27,5266.0,0.2699,5657.0,0.2701,2497.0,0.2702,3665.0
1753503343804,04:15:43.804,ALGO/USDT:USDT,0.27,5340.0,0.2699,5657.0,0.2701,2497.0,0.2702,3665.0
1753503344004,04:15:44.004,ALGO/USDT:USDT,0.27,5340.0,0.2699,5657.0,0.2701,2221.0,0.2702,3629.0
1753503344304,04:15:44.304,ALGO/USDT:USDT,0.27,5340.0,0.2699,5621.0,0.2701,2221.0,0.2702,3629.0
1753503344804,04:15:44.804,ALGO/USDT:USDT,0.27,5340.0,0.2699,5621.0,0.2701,2221.0,0.2702,3629.0
1753503345304,04:15:45.304,ALGO/USDT:USDT,0.27,5340.0,0.2699,5511.0,0.2701,2497.0,0.2702,3593.0
1753503345604,04:15:45.604,ALGO/USDT:USDT,0.27,6041.0,0.2699,5511.0,0.2701,2148.0,0.2702,3593.0
1753503346304,04:15:46.304,ALGO/USDT:USDT,0.27,6041.0,0.2699,5511.0,0.2701,2148.0,0.2702,3593.0
1753503346404,04:15:46.404,ALGO/USDT:USDT,0.27,5844.0,0.2699,5511.0,0.2701,2152.0,0.2702,3593.0
1753503346604,04:15:46.604,ALGO/USDT:USDT,0.27,6041.0,0.2699,5511.0,0.2701,2152.0,0.2702,3593.0
1753503346704,04:15:46.704,ALGO/USDT:USDT,0.27,5844.0,0.2699,5511.0,0.2701,2152.0,0.2702,3593.0
1753503347204,04:15:47.204,ALGO/USDT:USDT,0.27,5765.0,0.2699,5511.0,0.2701,2428.0,0.2702,3593.0
1753503347404,04:15:47.404,ALGO/USDT:USDT,0.27,5432.0,0.2699,5511.0,0.2701,2428.0,0.2702,3593.0
1753503348104,04:15:48.104,ALGO/USDT:USDT,0.27,4635.0,0.2699,4819.0,0.2701,2514.0,0.2702,6184.0
1753503348604,04:15:48.604,ALGO/USDT:USDT,0.27,4635.0,0.2699,4819.0,0.2701,2515.0,0.2702,6220.0
1753503348804,04:15:48.804,ALGO/USDT:USDT,0.27,5134.0,0.2699,4819.0,0.2701,2153.0,0.2702,3846.0
1753503348904,04:15:48.904,ALGO/USDT:USDT,0.27,5484.0,0.2699,4819.0,0.2701,2153.0,0.2702,3774.0
1753503349604,04:15:49.604,ALGO/USDT:USDT,0.27,5558.0,0.2699,4819.0,0.2701,2153.0,0.2702,3630.0
1753503349804,04:15:49.804,ALGO/USDT:USDT,0.27,5282.0,0.2699,4819.0,0.2701,2429.0,0.2702,3630.0
1753503349904,04:15:49.904,ALGO/USDT:USDT,0.27,5282.0,0.2699,4819.0,0.2701,2427.0,0.2702,3630.0
1753503350004,04:15:50.004,ALGO/USDT:USDT,0.27,4949.0,0.2699,4819.0,0.2701,2429.0,0.2702,3630.0
1753503350104,04:15:50.104,ALGO/USDT:USDT,0.27,4949.0,0.2699,4819.0,0.2701,2429.0,0.2702,3630.0
1753503350204,04:15:50.204,ALGO/USDT:USDT,0.27,4949.0,0.2699,4819.0,0.2701,2429.0,0.2702,3630.0
1753503350304,04:15:50.304,ALGO/USDT:USDT,0.27,4949.0,0.2699,4819.0,0.2701,2232.0,0.2702,3666.0
1753503350404,04:15:50.404,ALGO/USDT:USDT,0.27,5287.0,0.2699,4819.0,0.2701,2153.0,0.2702,3666.0
1753503350704,04:15:50.704,ALGO/USDT:USDT,0.27,5558.0,0.2699,4819.0,0.2701,2153.0,0.2702,3666.0
1753503351004,04:15:51.004,ALGO/USDT:USDT,0.27,5558.0,0.2699,4819.0,0.2701,2153.0,0.2702,3666.0
1753503351304,04:15:51.304,ALGO/USDT:USDT,0.27,5282.0,0.2699,4819.0,0.2701,2429.0,0.2702,3666.0
1753503351404,04:15:51.404,ALGO/USDT:USDT,0.27,5282.0,0.2699,4819.0,0.2701,2577.0,0.2702,3666.0
1753503351504,04:15:51.504,ALGO/USDT:USDT,0.27,5282.0,0.2699,4819.0,0.2701,2380.0,0.2702,3666.0
1753503351704,04:15:51.704,ALGO/USDT:USDT,0.27,5282.0,0.2699,4911.0,0.2701,2577.0,0.2702,3666.0
1753503351904,04:15:51.904,ALGO/USDT:USDT,0.27,4709.0,0.2699,4911.0,0.2701,2653.0,0.2702,3666.0
1753503352504,04:15:52.504,ALGO/USDT:USDT,0.27,4709.0,0.2699,4911.0,0.2701,2653.0,0.2702,3810.0
1753503352904,04:15:52.904,ALGO/USDT:USDT,0.27,4709.0,0.2699,4819.0,0.2701,2653.0,0.2702,4007.0
1753503353004,04:15:53.004,ALGO/USDT:USDT,0.27,4709.0,0.2699,4819.0,0.2701,2653.0,0.2702,4043.0
1753503353504,04:15:53.504,ALGO/USDT:USDT,0.27,4709.0,0.2699,4819.0,0.2701,2671.0,0.2702,4043.0
1753503353804,04:15:53.804,ALGO/USDT:USDT,0.27,4561.0,0.2699,4058.0,0.2701,2707.0,0.2702,4628.0
1753503353904,04:15:53.904,ALGO/USDT:USDT,0.27,4561.0,0.2699,4058.0,0.2701,2707.0,0.2702,4557.0
1753503354004,04:15:54.004,ALGO/USDT:USDT,0.27,4561.0,0.2699,4058.0,0.2701,2707.0,0.2702,4593.0
1753503354804,04:15:54.804,ALGO/USDT:USDT,0.27,4561.0,0.2699,4058.0,0.2701,3344.0,0.2702,5247.0
1753503355004,04:15:55.004,ALGO/USDT:USDT,0.27,4561.0,0.2699,4058.0,0.2701,3344.0,0.2702,5247.0
1753503355304,04:15:55.304,ALGO/USDT:USDT,0.27,4561.0,0.2699,4058.0,0.2701,3299.0,0.2702,5346.0
1753503355404,04:15:55.404,ALGO/USDT:USDT,0.27,4561.0,0.2699,4058.0,0.2701,3309.0,0.2702,5346.0
1753503355604,04:15:55.604,ALGO/USDT:USDT,0.27,4561.0,0.2699,4058.0,0.2701,3309.0,0.2702,5346.0
1753503355704,04:15:55.704,ALGO/USDT:USDT,0.27,4561.0,0.2699,4058.0,0.2701,3309.0,0.2702,5382.0
1753503356404,04:15:56.404,ALGO/USDT:USDT,0.2699,18.0,0.2698,5345.0,0.27,1992.0,0.2701,6135.0
1753503356504,04:15:56.504,ALGO/USDT:USDT,0.2699,18.0,0.2698,5345.0,0.27,1992.0,0.2701,4165.0
1753503356604,04:15:56.604,ALGO/USDT:USDT,0.2699,18.0,0.2698,5345.0,0.27,3978.0,0.2701,4237.0
1753503356804,04:15:56.804,ALGO/USDT:USDT,0.2699,18.0,0.2698,5345.0,0.27,3978.0,0.2701,5193.0
1753503357004,04:15:57.004,ALGO/USDT:USDT,0.2699,18.0,0.2698,5345.0,0.27,3978.0,0.2701,5409.0
1753503357204,04:15:57.204,ALGO/USDT:USDT,0.2698,3435.0,0.2697,4699.0,0.2699,893.0,0.27,6056.0
1753503357504,04:15:57.504,ALGO/USDT:USDT,0.2698,2835.0,0.2697,4662.0,0.2699,893.0,0.27,5985.0
1753503357604,04:15:57.604,ALGO/USDT:USDT,0.2698,2761.0,0.2697,4625.0,0.2699,893.0,0.27,5985.0
1753503358004,04:15:58.004,ALGO/USDT:USDT,0.2698,888.0,0.2697,4404.0,0.2699,969.0,0.27,6134.0
1753503358304,04:15:58.304,ALGO/USDT:USDT,0.2698,1607.0,0.2697,4032.0,0.2699,332.0,0.27,5990.0
1753503358404,04:15:58.404,ALGO/USDT:USDT,0.2698,1607.0,0.2697,4032.0,0.2699,332.0,0.27,5990.0
1753503358504,04:15:58.504,ALGO/USDT:USDT,0.2698,1607.0,0.2697,4349.0,0.2699,332.0,0.27,5990.0
1753503358604,04:15:58.604,ALGO/USDT:USDT,0.2698,1607.0,0.2697,4386.0,0.2699,253.0,0.27,5990.0
1753503358704,04:15:58.704,ALGO/USDT:USDT,0.2698,1607.0,0.2697,4386.0,0.2699,253.0,0.27,5990.0
1753503358804,04:15:58.804,ALGO/USDT:USDT,0.2698,1607.0,0.2697,4386.0,0.2699,544.0,0.27,5990.0
1753503358904,04:15:58.904,ALGO/USDT:USDT,0.2698,1607.0,0.2697,4349.0,0.2699,332.0,0.27,6202.0
1753503359004,04:15:59.004,ALGO/USDT:USDT,0.2698,1607.0,0.2697,4349.0,0.2699,253.0,0.27,6202.0
1753503359104,04:15:59.104,ALGO/USDT:USDT,0.2698,2207.0,0.2697,4349.0,0.2699,253.0,0.27,6202.0
1753503359204,04:15:59.204,ALGO/USDT:USDT,0.2698,2207.0,0.2697,4386.0,0.2699,253.0,0.27,6202.0
1753503359604,04:15:59.604,ALGO/USDT:USDT,0.2698,2280.0,0.2697,4423.0,0.2699,253.0,0.27,6202.0
1753503359804,04:15:59.804,ALGO/USDT:USDT,0.2698,1833.0,0.2697,4635.0,0.2699,253.0,0.27,6202.0
1753503359904,04:15:59.904,ALGO/USDT:USDT,0.2698,2045.0,0.2697,4635.0,0.2699,253.0,0.27,5533.0
1753503360104,04:16:00.104,ALGO/USDT:USDT,0.2698,2976.0,0.2697,5077.0,0.2699,253.0,0.27,5284.0
1753503360204,04:16:00.204,ALGO/USDT:USDT,0.2698,2976.0,0.2697,5114.0,0.2699,253.0,0.27,5284.0
1753503360304,04:16:00.304,ALGO/USDT:USDT,0.2698,2976.0,0.2697,5157.0,0.2699,253.0,0.27,5496.0
1753503360404,04:16:00.404,ALGO/USDT:USDT,0.2698,3199.0,0.2697,5193.0,0.2699,253.0,0.27,5284.0
1753503360604,04:16:00.604,ALGO/USDT:USDT,0.2698,3199.0,0.2697,5193.0,0.2699,253.0,0.27,5284.0
1753503360704,04:16:00.704,ALGO/USDT:USDT,0.2698,3199.0,0.2697,5193.0,0.2699,253.0,0.27,5284.0
1753503360804,04:16:00.804,ALGO/USDT:USDT,0.2698,2908.0,0.2697,4935.0,0.2699,254.0,0.27,5496.0
1753503361004,04:16:01.004,ALGO/USDT:USDT,0.2698,2691.0,0.2697,4750.0,0.2699,254.0,0.27,6165.0
1753503361104,04:16:01.104,ALGO/USDT:USDT,0.2698,2655.0,0.2697,4750.0,0.2699,254.0,0.27,6165.0
1753503361604,04:16:01.604,ALGO/USDT:USDT,0.2698,1981.0,0.2697,4641.0,0.2699,545.0,0.27,6165.0
1753503361804,04:16:01.804,ALGO/USDT:USDT,0.2698,1981.0,0.2697,4641.0,0.2699,545.0,0.27,6165.0
1753503362204,04:16:02.204,ALGO/USDT:USDT,0.2698,2581.0,0.2697,4605.0,0.2699,254.0,0.27,6165.0
1753503362504,04:16:02.504,ALGO/USDT:USDT,0.2698,2659.0,0.2697,4642.0,0.2699,254.0,0.27,6165.0
1753503362604,04:16:02.604,ALGO/USDT:USDT,0.2698,2580.0,0.2697,4642.0,0.2699,254.0,0.27,6165.0
1753503363804,04:16:03.804,ALGO/USDT:USDT,0.2698,1647.0,0.2697,4605.0,0.2699,620.0,0.27,6165.0
1753503364004,04:16:04.004,ALGO/USDT:USDT,0.2698,1574.0,0.2697,4568.0,0.2699,620.0,0.27,6165.0
1753503364704,04:16:04.704,ALGO/USDT:USDT,0.2698,1255.0,0.2697,5362.0,0.2699,254.0,0.27,6165.0
1753503365004,04:16:05.004,ALGO/USDT:USDT,0.2698,1334.0,0.2697,5177.0,0.2699,254.0,0.27,6165.0
1753503365304,04:16:05.304,ALGO/USDT:USDT,0.2698,1934.0,0.2697,5398.0,0.2699,254.0,0.27,6165.0
1753503365404,04:16:05.404,ALGO/USDT:USDT,0.2698,1934.0,0.2697,5398.0,0.2699,254.0,0.27,6385.0
1753503365604,04:16:05.604,ALGO/USDT:USDT,0.2698,1855.0,0.2697,5213.0,0.2699,254.0,0.27,6385.0
1753503365804,04:16:05.804,ALGO/USDT:USDT,0.2698,1934.0,0.2697,5213.0,0.2699,254.0,0.27,6385.0
1753503365904,04:16:05.904,ALGO/USDT:USDT,0.2698,1934.0,0.2697,5398.0,0.2699,254.0,0.27,6385.0
1753503366204,04:16:06.204,ALGO/USDT:USDT,0.2698,1934.0,0.2697,5398.0,0.2699,254.0,0.27,6385.0
1753503366404,04:16:06.404,ALGO/USDT:USDT,0.2698,1181.0,0.2697,5213.0,0.2699,466.0,0.27,6385.0
1753503366504,04:16:06.504,ALGO/USDT:USDT,0.2698,1181.0,0.2697,5213.0,0.2699,466.0,0.27,6385.0
1753503367504,04:16:07.504,ALGO/USDT:USDT,0.2698,1181.0,0.2697,5213.0,0.2699,254.0,0.27,5785.0
1753503367904,04:16:07.904,ALGO/USDT:USDT,0.2698,1260.0,0.2697,5213.0,0.2699,254.0,0.27,5785.0
1753503368304,04:16:08.304,ALGO/USDT:USDT,0.2698,1181.0,0.2697,5213.0,0.2699,487.0,0.27,5785.0
1753503368404,04:16:08.404,ALGO/USDT:USDT,0.2698,1181.0,0.2697,5213.0,0.2699,487.0,0.27,5785.0
1753503368504,04:16:08.504,ALGO/USDT:USDT,0.2698,1181.0,0.2697,5213.0,0.2699,487.0,0.27,5785.0
1753503368704,04:16:08.704,ALGO/USDT:USDT,0.2698,1181.0,0.2697,5213.0,0.2699,487.0,0.27,5785.0
1753503368804,04:16:08.804,ALGO/USDT:USDT,0.2698,1181.0,0.2697,5213.0,0.2699,487.0,0.27,5785.0
1753503368904,04:16:08.904,ALGO/USDT:USDT,0.2698,1181.0,0.2697,5213.0,0.2699,487.0,0.27,5785.0
1753503369204,04:16:09.204,ALGO/USDT:USDT,0.2698,1181.0,0.2697,5213.0,0.2699,487.0,0.27,5785.0
1753503369304,04:16:09.304,ALGO/USDT:USDT,0.2698,1035.0,0.2697,5177.0,0.2699,2846.0,0.27,3799.0
1753503369404,04:16:09.404,ALGO/USDT:USDT,0.2698,1035.0,0.2697,5177.0,0.2699,3137.0,0.27,3902.0
1753503369504,04:16:09.504,ALGO/USDT:USDT,0.2698,1035.0,0.2697,5177.0,0.2699,3137.0,0.27,3902.0
1753503369604,04:16:09.604,ALGO/USDT:USDT,0.2698,17.0,0.2697,4138.0,0.2699,3137.0,0.27,4011.0
1753503369704,04:16:09.704,ALGO/USDT:USDT,0.2698,17.0,0.2697,3486.0,0.2699,3173.0,0.27,4325.0
1753503369904,04:16:09.904,ALGO/USDT:USDT,0.2698,1900.0,0.2697,4413.0,0.2699,2436.0,0.27,3733.0
1753503370004,04:16:10.004,ALGO/USDT:USDT,0.2698,2114.0,0.2697,4413.0,0.2699,2436.0,0.27,3733.0
1753503370304,04:16:10.304,ALGO/USDT:USDT,0.2698,2114.0,0.2697,4413.0,0.2699,2436.0,0.27,3521.0
1753503370404,04:16:10.404,ALGO/USDT:USDT,0.2698,2333.0,0.2697,4413.0,0.2699,2436.0,0.27,3521.0
1753503370504,04:16:10.504,ALGO/USDT:USDT,0.2698,2518.0,0.2697,4598.0,0.2699,2436.0,0.27,2632.0
1753503370704,04:16:10.704,ALGO/USDT:USDT,0.2698,2592.0,0.2697,4671.0,0.2699,2436.0,0.27,2632.0
1753503371304,04:16:11.304,ALGO/USDT:USDT,0.2698,2116.0,0.2697,4274.0,0.2699,2436.0,0.27,3301.0
1753503371404,04:16:11.404,ALGO/USDT:USDT,0.2698,2195.0,0.2697,4237.0,0.2699,2454.0,0.27,3301.0
1753503371504,04:16:11.504,ALGO/USDT:USDT,0.2698,2592.0,0.2697,4422.0,0.2699,2456.0,0.27,3301.0
1753503371604,04:16:11.604,ALGO/USDT:USDT,0.2698,2592.0,0.2697,4514.0,0.2699,2456.0,0.27,3301.0
1753503371904,04:16:11.904,ALGO/USDT:USDT,0.2698,2592.0,0.2697,4514.0,0.2699,2456.0,0.27,3301.0
1753503372504,04:16:12.504,ALGO/USDT:USDT,0.2698,2592.0,0.2697,4514.0,0.2699,2456.0,0.27,3301.0
1753503372804,04:16:12.804,ALGO/USDT:USDT,0.2698,2116.0,0.2697,4329.0,0.2699,2456.0,0.27,3301.0
1753503373404,04:16:13.404,ALGO/USDT:USDT,0.2698,2116.0,0.2697,4329.0,0.2699,3076.0,0.27,3301.0
1753503373504,04:16:13.504,ALGO/USDT:USDT,0.2698,2116.0,0.2697,4329.0,0.2699,3076.0,0.27,3301.0
1753503373604,04:16:13.604,ALGO/USDT:USDT,0.2698,2116.0,0.2697,4293.0,0.2699,3087.0,0.27,3301.0
1753503373704,04:16:13.704,ALGO/USDT:USDT,0.2698,2592.0,0.2697,4478.0,0.2699,2796.0,0.27,3301.0
1753503373804,04:16:13.804,ALGO/USDT:USDT,0.2698,2592.0,0.2697,4515.0,0.2699,2796.0,0.27,3301.0
1753503374004,04:16:14.004,ALGO/USDT:USDT,0.2698,2380.0,0.2697,4515.0,0.2699,2796.0,0.27,3301.0
1753503374204,04:16:14.204,ALGO/USDT:USDT,0.2698,2380.0,0.2697,4478.0,0.2699,2796.0,0.27,3301.0
1753503374304,04:16:14.304,ALGO/USDT:USDT,0.2698,2380.0,0.2697,4478.0,0.2699,2795.0,0.27,3301.0
1753503374404,04:16:14.404,ALGO/USDT:USDT,0.2698,2380.0,0.2697,4478.0,0.2699,2795.0,0.27,3301.0
1753503374504,04:16:14.504,ALGO/USDT:USDT,0.2698,2380.0,0.2697,4478.0,0.2699,2795.0,0.27,3301.0
1753503375304,04:16:15.304,ALGO/USDT:USDT,0.2698,2042.0,0.2697,4293.0,0.2699,2812.0,0.27,3519.0
1753503375504,04:16:15.504,ALGO/USDT:USDT,0.2698,2333.0,0.2697,4293.0,0.2699,2812.0,0.27,3519.0
1753503375604,04:16:15.604,ALGO/USDT:USDT,0.2698,2592.0,0.2697,4478.0,0.2699,2812.0,0.27,3519.0
1753503376104,04:16:16.104,ALGO/USDT:USDT,0.2698,2116.0,0.2697,4293.0,0.2699,2812.0,0.27,3519.0
1753503376204,04:16:16.204,ALGO/USDT:USDT,0.2698,2116.0,0.2697,4293.0,0.2699,2894.0,0.27,3519.0
1753503376404,04:16:16.404,ALGO/USDT:USDT,0.2698,2116.0,0.2697,4293.0,0.2699,2894.0,0.27,3519.0
1753503376804,04:16:16.804,ALGO/USDT:USDT,0.2698,2042.0,0.2697,4293.0,0.2699,3185.0,0.27,3519.0
1753503377504,04:16:17.504,ALGO/USDT:USDT,0.2698,2042.0,0.2697,4293.0,0.2699,3185.0,0.27,3440.0
1753503378704,04:16:18.704,ALGO/USDT:USDT,0.2698,470.0,0.2697,4293.0,0.2699,3273.0,0.27,3661.0
1753503379404,04:16:19.404,ALGO/USDT:USDT,0.2697,2957.0,0.2696,6809.0,0.2698,1132.0,0.2699,5199.0
1753503379604,04:16:19.604,ALGO/USDT:USDT,0.2697,3176.0,0.2696,6809.0,0.2698,1132.0,0.2699,5199.0
1753503379704,04:16:19.704,ALGO/USDT:USDT,0.2697,3176.0,0.2696,6105.0,0.2698,1132.0,0.2699,5199.0
1753503380004,04:16:20.004,ALGO/USDT:USDT,0.2697,3176.0,0.2696,6105.0,0.2698,1132.0,0.2699,5199.0
1753503380304,04:16:20.304,ALGO/USDT:USDT,0.2697,3431.0,0.2696,6105.0,0.2698,1132.0,0.2699,5120.0
1753503380404,04:16:20.404,ALGO/USDT:USDT,0.2697,3431.0,0.2696,6105.0,0.2698,1132.0,0.2699,5120.0
1753503380704,04:16:20.704,ALGO/USDT:USDT,0.2697,3431.0,0.2696,6105.0,0.2698,1132.0,0.2699,5120.0
1753503381104,04:16:21.104,ALGO/USDT:USDT,0.2697,3140.0,0.2696,6105.0,0.2698,1132.0,0.2699,5120.0
1753503381404,04:16:21.404,ALGO/USDT:USDT,0.2697,3431.0,0.2696,6031.0,0.2698,1132.0,0.2699,5120.0
1753503381504,04:16:21.504,ALGO/USDT:USDT,0.2697,3431.0,0.2696,6318.0,0.2698,426.0,0.2699,5120.0
1753503381804,04:16:21.804,ALGO/USDT:USDT,0.2697,3431.0,0.2696,6318.0,0.2698,426.0,0.2699,5120.0
1753503381904,04:16:21.904,ALGO/USDT:USDT,0.2697,3431.0,0.2696,6688.0,0.2698,426.0,0.2699,5120.0
1753503382304,04:16:22.304,ALGO/USDT:USDT,0.2697,3431.0,0.2696,6695.0,0.2698,426.0,0.2699,5120.0
1753503382604,04:16:22.604,ALGO/USDT:USDT,0.2697,2845.0,0.2696,6106.0,0.2698,640.0,0.2699,5120.0
1753503382804,04:16:22.804,ALGO/USDT:USDT,0.2697,2845.0,0.2696,6291.0,0.2698,428.0,0.2699,5120.0
1753503383004,04:16:23.004,ALGO/USDT:USDT,0.2697,3136.0,0.2696,6291.0,0.2698,428.0,0.2699,5120.0
1753503383304,04:16:23.304,ALGO/USDT:USDT,0.2697,2845.0,0.2696,6291.0,0.2698,428.0,0.2699,5120.0
1753503383404,04:16:23.404,ALGO/USDT:USDT,0.2697,2845.0,0.2696,6291.0,0.2698,719.0,0.2699,5120.0
1753503383504,04:16:23.504,ALGO/USDT:USDT,0.2697,2845.0,0.2696,6291.0,0.2698,719.0,0.2699,5120.0
1753503383604,04:16:23.604,ALGO/USDT:USDT,0.2697,2845.0,0.2696,6106.0,0.2698,719.0,0.2699,5120.0
1753503383704,04:16:23.704,ALGO/USDT:USDT,0.2697,2845.0,0.2696,6291.0,0.2698,719.0,0.2699,5120.0
1753503383804,04:16:23.804,ALGO/USDT:USDT,0.2697,2845.0,0.2696,6291.0,0.2698,507.0,0.2699,5120.0
1753503384304,04:16:24.304,ALGO/USDT:USDT,0.2697,3136.0,0.2696,6291.0,0.2698,428.0,0.2699,5120.0
1753503384404,04:16:24.404,ALGO/USDT:USDT,0.2697,2845.0,0.2696,6291.0,0.2698,428.0,0.2699,5120.0
1753503384604,04:16:24.604,ALGO/USDT:USDT,0.2697,2845.0,0.2696,6291.0,0.2698,428.0,0.2699,5120.0
1753503384704,04:16:24.704,ALGO/USDT:USDT,0.2697,2845.0,0.2696,6291.0,0.2698,258.0,0.2699,5120.0
1753503384904,04:16:24.904,ALGO/USDT:USDT,0.2697,2128.0,0.2696,5885.0,0.2698,1597.0,0.2699,5161.0
1753503385004,04:16:25.004,ALGO/USDT:USDT,0.2697,2128.0,0.2696,5415.0,0.2698,1597.0,0.2699,5161.0
1753503385104,04:16:25.104,ALGO/USDT:USDT,0.2697,2128.0,0.2696,5338.0,0.2698,1518.0,0.2699,5161.0
1753503385204,04:16:25.204,ALGO/USDT:USDT,0.2697,2055.0,0.2696,5116.0,0.2698,1649.0,0.2699,5161.0
1753503385304,04:16:25.304,ALGO/USDT:USDT,0.2697,2055.0,0.2696,5150.0,0.2698,1358.0,0.2699,5161.0
1753503385404,04:16:25.404,ALGO/USDT:USDT,0.2697,2055.0,0.2696,5150.0,0.2698,1358.0,0.2699,5160.0
1753503385504,04:16:25.504,ALGO/USDT:USDT,0.2697,2055.0,0.2696,5150.0,0.2698,1360.0,0.2699,5160.0
1753503385604,04:16:25.604,ALGO/USDT:USDT,0.2697,2055.0,0.2696,5150.0,0.2698,1651.0,0.2699,5160.0
1753503385804,04:16:25.804,ALGO/USDT:USDT,0.2697,2134.0,0.2696,5150.0,0.2698,1361.0,0.2699,5160.0
1753503386004,04:16:26.004,ALGO/USDT:USDT,0.2697,2707.0,0.2696,5150.0,0.2698,759.0,0.2699,5160.0
1753503386104,04:16:26.104,ALGO/USDT:USDT,0.2697,2707.0,0.2696,5150.0,0.2698,761.0,0.2699,5160.0
1753503386304,04:16:26.304,ALGO/USDT:USDT,0.2697,2628.0,0.2696,5150.0,0.2698,761.0,0.2699,5160.0
1753503386404,04:16:26.404,ALGO/USDT:USDT,0.2697,2369.0,0.2696,5150.0,0.2698,761.0,0.2699,5160.0
1753503386504,04:16:26.504,ALGO/USDT:USDT,0.2697,2806.0,0.2696,5150.0,0.2698,517.0,0.2699,5123.0
1753503386604,04:16:26.604,ALGO/USDT:USDT,0.2697,3065.0,0.2696,5556.0,0.2698,517.0,0.2699,5123.0
1753503386704,04:16:26.704,ALGO/USDT:USDT,0.2697,3138.0,0.2696,5629.0,0.2698,517.0,0.2699,5123.0
1753503386804,04:16:26.804,ALGO/USDT:USDT,0.2697,3138.0,0.2696,5629.0,0.2698,517.0,0.2699,5123.0
1753503386904,04:16:26.904,ALGO/USDT:USDT,0.2697,3138.0,0.2696,5666.0,0.2698,517.0,0.2699,5123.0
1753503387004,04:16:27.004,ALGO/USDT:USDT,0.2697,3323.0,0.2696,5851.0,0.2698,517.0,0.2699,5123.0
1753503387104,04:16:27.104,ALGO/USDT:USDT,0.2697,3323.0,0.2696,5851.0,0.2698,517.0,0.2699,5123.0
1753503387304,04:16:27.304,ALGO/USDT:USDT,0.2697,3323.0,0.2696,5858.0,0.2698,517.0,0.2699,5123.0
1753503387404,04:16:27.404,ALGO/USDT:USDT,0.2698,1312.0,0.2697,5900.0,0.2699,3151.0,0.27,3811.0
1753503387504,04:16:27.504,ALGO/USDT:USDT,0.2698,1312.0,0.2697,5905.0,0.2699,3151.0,0.27,3815.0
1753503387604,04:16:27.604,ALGO/USDT:USDT,0.2698,710.0,0.2697,5906.0,0.2699,3438.0,0.27,3851.0
1753503387704,04:16:27.704,ALGO/USDT:USDT,0.2698,710.0,0.2697,5906.0,0.2699,3226.0,0.27,3851.0
1753503387904,04:16:27.904,ALGO/USDT:USDT,0.2698,710.0,0.2697,5906.0,0.2699,3226.0,0.27,3851.0
1753503388104,04:16:28.104,ALGO/USDT:USDT,0.2698,238.0,0.2697,5869.0,0.2699,3438.0,0.27,3998.0
1753503388204,04:16:28.204,ALGO/USDT:USDT,0.2698,238.0,0.2697,5869.0,0.2699,3517.0,0.27,4252.0
1753503388404,04:16:28.404,ALGO/USDT:USDT,0.2698,2.0,0.2697,5121.0,0.2699,3553.0,0.27,4686.0
1753503388504,04:16:28.504,ALGO/USDT:USDT,0.2698,2.0,0.2697,5121.0,0.2699,3517.0,0.27,4722.0
1753503388704,04:16:28.704,ALGO/USDT:USDT,0.2698,2.0,0.2697,5121.0,0.2699,3517.0,0.27,4738.0
1753503388804,04:16:28.804,ALGO/USDT:USDT,0.2698,2.0,0.2697,5121.0,0.2699,4117.0,0.27,4738.0
1753503389104,04:16:29.104,ALGO/USDT:USDT,0.2698,359.0,0.2697,5121.0,0.2699,4117.0,0.27,4738.0
1753503389204,04:16:29.204,ALGO/USDT:USDT,0.2698,238.0,0.2697,5121.0,0.2699,3826.0,0.27,4738.0
1753503389304,04:16:29.304,ALGO/USDT:USDT,0.2698,381.0,0.2697,5790.0,0.2699,3826.0,0.27,4810.0
1753503389404,04:16:29.404,ALGO/USDT:USDT,0.2698,381.0,0.2697,5790.0,0.2699,3151.0,0.27,4445.0
1753503389604,04:16:29.604,ALGO/USDT:USDT,0.2698,381.0,0.2697,5790.0,0.2699,3151.0,0.27,4445.0
1753503389804,04:16:29.804,ALGO/USDT:USDT,0.2698,381.0,0.2697,5790.0,0.2699,3151.0,0.27,4409.0
1753503389904,04:16:29.904,ALGO/USDT:USDT,0.2698,381.0,0.2697,5790.0,0.2699,3151.0,0.27,4409.0
1753503390304,04:16:30.304,ALGO/USDT:USDT,0.2698,476.0,0.2697,5790.0,0.2699,3151.0,0.27,4248.0
1753503390404,04:16:30.404,ALGO/USDT:USDT,0.2698,477.0,0.2697,5790.0,0.2699,3151.0,0.27,4176.0
1753503390504,04:16:30.504,ALGO/USDT:USDT,0.2698,477.0,0.2697,5790.0,0.2699,3151.0,0.27,4176.0
1753503391004,04:16:31.004,ALGO/USDT:USDT,0.2698,477.0,0.2697,5790.0,0.2699,3151.0,0.27,4109.0
1753503391104,04:16:31.104,ALGO/USDT:USDT,0.2698,694.0,0.2697,5790.0,0.2699,3151.0,0.27,4176.0
1753503391304,04:16:31.304,ALGO/USDT:USDT,0.2698,1173.0,0.2697,5854.0,0.2699,2471.0,0.27,3638.0
1753503391504,04:16:31.504,ALGO/USDT:USDT,0.2698,678.0,0.2697,5854.0,0.2699,2471.0,0.27,3602.0
1753503391604,04:16:31.604,ALGO/USDT:USDT,0.2698,1195.0,0.2697,5854.0,0.2699,2471.0,0.27,3602.0
1753503391704,04:16:31.704,ALGO/USDT:USDT,0.2698,982.0,0.2697,5854.0,0.2699,2599.0,0.27,3602.0
1753503391804,04:16:31.804,ALGO/USDT:USDT,0.2698,1794.0,0.2697,5854.0,0.2699,2599.0,0.27,3602.0
1753503392204,04:16:32.204,ALGO/USDT:USDT,0.2698,1794.0,0.2697,5854.0,0.2699,2599.0,0.27,3530.0
1753503392304,04:16:32.304,ALGO/USDT:USDT,0.2698,1508.0,0.2697,5854.0,0.2699,2599.0,0.27,3530.0
1753503392404,04:16:32.404,ALGO/USDT:USDT,0.2698,1794.0,0.2697,5854.0,0.2699,2599.0,0.27,3530.0
1753503392504,04:16:32.504,ALGO/USDT:USDT,0.2698,1794.0,0.2697,5078.0,0.2699,2599.0,0.27,3530.0
1753503392604,04:16:32.604,ALGO/USDT:USDT,0.2698,1794.0,0.2697,5078.0,0.2699,2599.0,0.27,3530.0
1753503393104,04:16:33.104,ALGO/USDT:USDT,0.2698,1582.0,0.2697,5078.0,0.2699,2599.0,0.27,3530.0
1753503393304,04:16:33.304,ALGO/USDT:USDT,0.2698,1795.0,0.2697,5078.0,0.2699,2599.0,0.27,3530.0
1753503393604,04:16:33.604,ALGO/USDT:USDT,0.2698,1795.0,0.2697,5115.0,0.2699,2599.0,0.27,3530.0
1753503393704,04:16:33.704,ALGO/USDT:USDT,0.2698,1795.0,0.2697,5115.0,0.2699,2599.0,0.27,3530.0
1753503393804,04:16:33.804,ALGO/USDT:USDT,0.2699,2451.0,0.2698,5875.0,0.27,517.0,0.2701,3799.0
1753503394004,04:16:34.004,ALGO/USDT:USDT,0.2699,2527.0,0.2698,5470.0,0.27,186.0,0.2701,2910.0
1753503394204,04:16:34.204,ALGO/USDT:USDT,0.2699,2527.0,0.2698,5470.0,0.27,186.0,0.2701,2910.0
1753503394304,04:16:34.304,ALGO/USDT:USDT,0.2699,2527.0,0.2698,5470.0,0.27,186.0,0.2701,2910.0
1753503394404,04:16:34.404,ALGO/USDT:USDT,0.2699,2527.0,0.2698,5470.0,0.27,187.0,0.2701,2910.0
1753503394504,04:16:34.504,ALGO/USDT:USDT,0.2699,2315.0,0.2698,5433.0,0.27,593.0,0.2701,2910.0
1753503394604,04:16:34.604,ALGO/USDT:USDT,0.2699,2315.0,0.2698,5433.0,0.27,593.0,0.2701,2910.0
1753503394704,04:16:34.704,ALGO/USDT:USDT,0.2699,2315.0,0.2698,5433.0,0.27,593.0,0.2701,3510.0
1753503394904,04:16:34.904,ALGO/USDT:USDT,0.2699,2315.0,0.2698,5433.0,0.27,593.0,0.2701,3510.0
1753503395104,04:16:35.104,ALGO/USDT:USDT,0.27,2012.0,0.2699,5961.0,0.2701,712.0,0.2702,4575.0
1753503395304,04:16:35.304,ALGO/USDT:USDT,0.27,947.0,0.2699,6952.0,0.2701,253.0,0.2702,3920.0
1753503395404,04:16:35.404,ALGO/USDT:USDT,0.27,947.0,0.2699,6952.0,0.2701,254.0,0.2702,3884.0
1753503395504,04:16:35.504,ALGO/USDT:USDT,0.27,947.0,0.2699,6952.0,0.2701,254.0,0.2702,4333.0
1753503395604,04:16:35.604,ALGO/USDT:USDT,0.27,947.0,0.2699,6952.0,0.2701,254.0,0.2702,4333.0
1753503395704,04:16:35.704,ALGO/USDT:USDT,0.27,947.0,0.2699,6952.0,0.2701,854.0,0.2702,4333.0
1753503395804,04:16:35.804,ALGO/USDT:USDT,0.27,947.0,0.2699,6952.0,0.2701,854.0,0.2702,4400.0
1753503396104,04:16:36.104,ALGO/USDT:USDT,0.27,947.0,0.2699,6952.0,0.2701,854.0,0.2702,4400.0
1753503396204,04:16:36.204,ALGO/USDT:USDT,0.27,947.0,0.2699,6952.0,0.2701,854.0,0.2702,4436.0
1753503396404,04:16:36.404,ALGO/USDT:USDT,0.27,947.0,0.2699,6952.0,0.2701,856.0,0.2702,4436.0
1753503396504,04:16:36.504,ALGO/USDT:USDT,0.27,947.0,0.2699,6952.0,0.2701,856.0,0.2702,4654.0
1753503396804,04:16:36.804,ALGO/USDT:USDT,0.27,947.0,0.2699,6952.0,0.2701,856.0,0.2702,4726.0
1753503397304,04:16:37.304,ALGO/USDT:USDT,0.2699,2314.0,0.2698,6934.0,0.27,676.0,0.2701,4036.0
1753503397504,04:16:37.504,ALGO/USDT:USDT,0.2699,2314.0,0.2698,6934.0,0.27,888.0,0.2701,4040.0
1753503397704,04:16:37.704,ALGO/USDT:USDT,0.2699,2314.0,0.2698,6879.0,0.27,967.0,0.2701,4040.0
1753503398004,04:16:38.004,ALGO/USDT:USDT,0.2699,2314.0,0.2698,6879.0,0.27,967.0,0.2701,4040.0
1753503398104,04:16:38.104,ALGO/USDT:USDT,0.2699,2314.0,0.2698,6879.0,0.27,967.0,0.2701,4040.0
1753503398204,04:16:38.204,ALGO/USDT:USDT,0.2699,2314.0,0.2698,6879.0,0.27,755.0,0.2701,4040.0
1753503398504,04:16:38.504,ALGO/USDT:USDT,0.2699,1714.0,0.2698,6937.0,0.27,248.0,0.2701,4040.0
1753503398604,04:16:38.604,ALGO/USDT:USDT,0.2699,1714.0,0.2698,6937.0,0.27,327.0,0.2701,4040.0
1753503399304,04:16:39.304,ALGO/USDT:USDT,0.27,877.0,0.2699,5887.0,0.2701,1632.0,0.2702,4817.0
1753503399404,04:16:39.404,ALGO/USDT:USDT,0.27,742.0,0.2699,5887.0,0.2701,1632.0,0.2702,4817.0
1753503400104,04:16:40.104,ALGO/USDT:USDT,0.27,742.0,0.2699,5887.0,0.2701,1632.0,0.2702,4745.0
1753503400204,04:16:40.204,ALGO/USDT:USDT,0.27,878.0,0.2699,5887.0,0.2701,1632.0,0.2702,4745.0
1753503400304,04:16:40.304,ALGO/USDT:USDT,0.27,1170.0,0.2699,5979.0,0.2701,1632.0,0.2702,4853.0
1753503400404,04:16:40.404,ALGO/USDT:USDT,0.27,958.0,0.2699,5979.0,0.2701,1633.0,0.2702,4853.0
1753503400804,04:16:40.804,ALGO/USDT:USDT,0.27,876.0,0.2699,5979.0,0.2701,1907.0,0.2702,4853.0
1753503401204,04:16:41.204,ALGO/USDT:USDT,0.27,173.0,0.2699,5979.0,0.2701,2207.0,0.2702,5205.0
1753503401604,04:16:41.604,ALGO/USDT:USDT,0.27,77.0,0.2699,5231.0,0.2701,2211.0,0.2702,6696.0
1753503402004,04:16:42.004,ALGO/USDT:USDT,0.27,502.0,0.2699,5900.0,0.2701,1911.0,0.2702,6271.0
1753503402104,04:16:42.104,ALGO/USDT:USDT,0.27,675.0,0.2699,5900.0,0.2701,1911.0,0.2702,6235.0
1753503402304,04:16:42.304,ALGO/USDT:USDT,0.27,584.0,0.2699,5900.0,0.2701,1911.0,0.2702,6163.0
1753503402504,04:16:42.504,ALGO/USDT:USDT,0.27,584.0,0.2699,5900.0,0.2701,1916.0,0.2702,6127.0
1753503403104,04:16:43.104,ALGO/USDT:USDT,0.27,330.0,0.2699,5900.0,0.2701,1916.0,0.2702,6237.0
1753503403804,04:16:43.804,ALGO/USDT:USDT,0.2699,1825.0,0.2698,6913.0,0.27,250.0,0.2701,4310.0
1753503404204,04:16:44.204,ALGO/USDT:USDT,0.2699,1492.0,0.2698,6877.0,0.27,541.0,0.2701,4235.0
1753503404404,04:16:44.404,ALGO/USDT:USDT,0.2699,535.0,0.2698,6839.0,0.27,1104.0,0.2701,3744.0
1753503404504,04:16:44.504,ALGO/USDT:USDT,0.2698,3409.0,0.2697,6924.0,0.2699,579.0,0.27,4184.0
1753503404704,04:16:44.704,ALGO/USDT:USDT,0.2698,3319.0,0.2697,6321.0,0.2699,250.0,0.27,4184.0
1753503405004,04:16:45.004,ALGO/USDT:USDT,0.2698,3393.0,0.2697,6337.0,0.2699,250.0,0.27,4184.0
1753503405104,04:16:45.104,ALGO/USDT:USDT,0.2698,3393.0,0.2697,6337.0,0.2699,250.0,0.27,4184.0
1753503405204,04:16:45.204,ALGO/USDT:USDT,0.2698,3393.0,0.2697,6448.0,0.2699,250.0,0.27,4184.0
1753503405504,04:16:45.504,ALGO/USDT:USDT,0.2698,3393.0,0.2697,6555.0,0.2699,250.0,0.27,4184.0
1753503405904,04:16:45.904,ALGO/USDT:USDT,0.2698,3393.0,0.2697,6555.0,0.2699,250.0,0.27,3436.0
1753503406004,04:16:46.004,ALGO/USDT:USDT,0.2698,3472.0,0.2697,6555.0,0.2699,250.0,0.27,3436.0
1753503406104,04:16:46.104,ALGO/USDT:USDT,0.2698,3393.0,0.2697,6555.0,0.2699,250.0,0.27,3436.0
1753503406304,04:16:46.304,ALGO/USDT:USDT,0.2698,3393.0,0.2697,6386.0,0.2699,250.0,0.27,4105.0
1753503406404,04:16:46.404,ALGO/USDT:USDT,0.2698,3393.0,0.2697,6350.0,0.2699,250.0,0.27,4105.0
1753503406504,04:16:46.504,ALGO/USDT:USDT,0.2698,3393.0,0.2697,6350.0,0.2699,250.0,0.27,4105.0
1753503407204,04:16:47.204,ALGO/USDT:USDT,0.2698,3393.0,0.2697,6350.0,0.2699,250.0,0.27,4105.0
1753503407404,04:16:47.404,ALGO/USDT:USDT,0.2699,359.0,0.2698,6910.0,0.27,1394.0,0.2701,4043.0
1753503407504,04:16:47.504,ALGO/USDT:USDT,0.2699,359.0,0.2698,6663.0,0.27,1606.0,0.2701,4457.0
1753503407604,04:16:47.604,ALGO/USDT:USDT,0.2699,494.0,0.2698,6875.0,0.27,721.0,0.2701,4286.0
1753503407704,04:16:47.704,ALGO/USDT:USDT,0.2699,494.0,0.2698,6888.0,0.27,721.0,0.2701,4250.0
1753503408004,04:16:48.004,ALGO/USDT:USDT,0.2699,494.0,0.2698,6814.0,0.27,721.0,0.2701,4214.0
1753503408304,04:16:48.304,ALGO/USDT:USDT,0.2699,494.0,0.2698,6814.0,0.27,721.0,0.2701,4286.0
1753503408404,04:16:48.404,ALGO/USDT:USDT,0.2699,494.0,0.2698,6814.0,0.27,721.0,0.2701,4286.0
1753503408504,04:16:48.504,ALGO/USDT:USDT,0.2699,494.0,0.2698,6814.0,0.27,914.0,0.2701,4091.0
1753503408604,04:16:48.604,ALGO/USDT:USDT,0.2699,359.0,0.2698,6814.0,0.27,1726.0,0.2701,4127.0
1753503408804,04:16:48.804,ALGO/USDT:USDT,0.2699,359.0,0.2698,6722.0,0.27,1514.0,0.2701,4127.0
1753503409104,04:16:49.104,ALGO/USDT:USDT,0.2699,141.0,0.2698,5841.0,0.27,1905.0,0.2701,4274.0
1753503409204,04:16:49.204,ALGO/USDT:USDT,0.2698,4432.0,0.2697,6340.0,0.27,2963.0,0.2701,4099.0
1753503409304,04:16:49.304,ALGO/USDT:USDT,0.2698,4644.0,0.2697,6339.0,0.27,3230.0,0.2701,3916.0
1753503409504,04:16:49.504,ALGO/USDT:USDT,0.2698,4432.0,0.2697,6524.0,0.27,3230.0,0.2701,3916.0
1753503410304,04:16:50.304,ALGO/USDT:USDT,0.2698,4644.0,0.2697,6524.0,0.27,3018.0,0.2701,3668.0
1753503410404,04:16:50.404,ALGO/USDT:USDT,0.2698,4644.0,0.2697,6524.0,0.27,3018.0,0.2701,3668.0
1753503410504,04:16:50.504,ALGO/USDT:USDT,0.2698,4644.0,0.2697,6524.0,0.27,3230.0,0.2701,3668.0
1753503410604,04:16:50.604,ALGO/USDT:USDT,0.2698,4432.0,0.2697,6524.0,0.27,3230.0,0.2701,3668.0
1753503410704,04:16:50.704,ALGO/USDT:USDT,0.2698,4432.0,0.2697,6339.0,0.27,3230.0,0.2701,3668.0
1753503411004,04:16:51.004,ALGO/USDT:USDT,0.2698,4570.0,0.2697,6339.0,0.27,3230.0,0.2701,3668.0
1753503411104,04:16:51.104,ALGO/USDT:USDT,0.2698,4496.0,0.2697,6339.0,0.27,3151.0,0.2701,3668.0
1753503411204,04:16:51.204,ALGO/USDT:USDT,0.2698,4496.0,0.2697,6339.0,0.27,3230.0,0.2701,3668.0
1753503411804,04:16:51.804,ALGO/USDT:USDT,0.2698,4284.0,0.2697,6339.0,0.27,3486.0,0.2701,3394.0
1753503411904,04:16:51.904,ALGO/USDT:USDT,0.2698,4496.0,0.2697,6339.0,0.27,3486.0,0.2701,3394.0
1753503412504,04:16:52.504,ALGO/USDT:USDT,0.2698,4496.0,0.2697,6339.0,0.27,3486.0,0.2701,3394.0
1753503412704,04:16:52.704,ALGO/USDT:USDT,0.2698,4496.0,0.2697,6339.0,0.27,3486.0,0.2701,3394.0
1753503412804,04:16:52.804,ALGO/USDT:USDT,0.2698,4417.0,0.2697,6339.0,0.27,3486.0,0.2701,3461.0
1753503413104,04:16:53.104,ALGO/USDT:USDT,0.2699,740.0,0.2698,6431.0,0.27,2341.0,0.2701,4686.0
1753503413204,04:16:53.204,ALGO/USDT:USDT,0.2699,742.0,0.2698,6431.0,0.27,2341.0,0.2701,4686.0
1753503413304,04:16:53.304,ALGO/USDT:USDT,0.2699,742.0,0.2698,7100.0,0.27,2341.0,0.2701,4650.0
1753503413404,04:16:53.404,ALGO/USDT:USDT,0.2699,742.0,0.2698,7100.0,0.27,2371.0,0.2701,4614.0
1753503413604,04:16:53.604,ALGO/USDT:USDT,0.2699,881.0,0.2698,6915.0,0.27,2371.0,0.2701,4614.0
1753503413704,04:16:53.704,ALGO/USDT:USDT,0.2699,881.0,0.2698,6915.0,0.27,2371.0,0.2701,4614.0
1753503413804,04:16:53.804,ALGO/USDT:USDT,0.2699,881.0,0.2698,6915.0,0.27,2371.0,0.2701,4614.0
1753503413904,04:16:53.904,ALGO/USDT:USDT,0.2699,881.0,0.2698,6915.0,0.27,2371.0,0.2701,4505.0
1753503414204,04:16:54.204,ALGO/USDT:USDT,0.2699,1172.0,0.2698,6915.0,0.27,2371.0,0.2701,4360.0
1753503414304,04:16:54.304,ALGO/USDT:USDT,0.2699,1172.0,0.2698,6915.0,0.27,2371.0,0.2701,4360.0
1753503414604,04:16:54.604,ALGO/USDT:USDT,0.2699,960.0,0.2698,6915.0,0.27,2371.0,0.2701,4360.0
1753503414904,04:16:54.904,ALGO/USDT:USDT,0.2699,881.0,0.2698,6915.0,0.27,2371.0,0.2701,4396.0
1753503415204,04:16:55.204,ALGO/USDT:USDT,0.2699,165.0,0.2698,5578.0,0.27,2662.0,0.2701,4913.0
1753503415404,04:16:55.404,ALGO/USDT:USDT,0.2698,4309.0,0.2697,6888.0,0.27,3804.0,0.2701,4117.0
1753503415804,04:16:55.804,ALGO/USDT:USDT,0.2698,4309.0,0.2697,6888.0,0.27,3804.0,0.2701,4081.0
1753503416204,04:16:56.204,ALGO/USDT:USDT,0.2698,4309.0,0.2697,6888.0,0.27,3592.0,0.2701,4081.0
1753503416304,04:16:56.304,ALGO/USDT:USDT,0.2698,4309.0,0.2697,6888.0,0.27,3504.0,0.2701,3973.0
1753503417104,04:16:57.104,ALGO/USDT:USDT,0.2698,3944.0,0.2697,6888.0,0.27,3504.0,0.2701,3973.0
1753503417504,04:16:57.504,ALGO/USDT:USDT,0.2698,4235.0,0.2697,6888.0,0.27,3213.0,0.2701,3973.0
1753503418004,04:16:58.004,ALGO/USDT:USDT,0.2699,1331.0,0.2698,5907.0,0.27,2448.0,0.2701,4184.0
1753503418104,04:16:58.104,ALGO/USDT:USDT,0.2699,1329.0,0.2698,6697.0,0.27,2371.0,0.2701,4293.0
1753503418404,04:16:58.404,ALGO/USDT:USDT,0.2699,1331.0,0.2698,6697.0,0.27,1844.0,0.2701,4581.0
1753503418504,04:16:58.504,ALGO/USDT:USDT,0.2699,1331.0,0.2698,6697.0,0.27,1881.0,0.2701,4581.0
1753503418704,04:16:58.704,ALGO/USDT:USDT,0.2699,1334.0,0.2698,6712.0,0.27,1881.0,0.2701,4598.0
1753503418904,04:16:58.904,ALGO/USDT:USDT,0.2699,1122.0,0.2698,6712.0,0.27,1881.0,0.2701,4598.0
1753503419004,04:16:59.004,ALGO/USDT:USDT,0.2699,1334.0,0.2698,6712.0,0.27,1881.0,0.2701,4598.0
1753503419104,04:16:59.104,ALGO/USDT:USDT,0.2699,1334.0,0.2698,6712.0,0.27,1881.0,0.2701,4598.0
1753503419204,04:16:59.204,ALGO/USDT:USDT,0.2699,1334.0,0.2698,6712.0,0.27,1808.0,0.2701,4562.0
1753503419304,04:16:59.304,ALGO/USDT:USDT,0.2699,1334.0,0.2698,6500.0,0.27,1771.0,0.2701,4454.0
1753503419404,04:16:59.404,ALGO/USDT:USDT,0.2699,1334.0,0.2698,6500.0,0.27,1771.0,0.2701,4418.0
1753503419904,04:16:59.904,ALGO/USDT:USDT,0.2699,1043.0,0.2698,6500.0,0.27,2381.0,0.2701,4413.0
1753503420004,04:17:00.004,ALGO/USDT:USDT,0.2699,1122.0,0.2698,6500.0,0.27,2381.0,0.2701,4413.0
1753503420104,04:17:00.104,ALGO/USDT:USDT,0.2699,1334.0,0.2698,6500.0,0.27,1781.0,0.2701,4413.0
1753503420204,04:17:00.204,ALGO/USDT:USDT,0.2699,1334.0,0.2698,6500.0,0.27,1781.0,0.2701,4413.0
1753503420304,04:17:00.304,ALGO/USDT:USDT,0.2699,1334.0,0.2698,6500.0,0.27,1781.0,0.2701,4413.0
1753503420604,04:17:00.604,ALGO/USDT:USDT,0.2699,2082.0,0.2698,6822.0,0.27,1314.0,0.2701,3920.0
1753503420904,04:17:00.904,ALGO/USDT:USDT,0.2699,2082.0,0.2698,6824.0,0.27,1066.0,0.2701,3920.0
1753503421004,04:17:01.004,ALGO/USDT:USDT,0.2699,2118.0,0.2698,6824.0,0.27,1066.0,0.2701,3920.0
1753503421404,04:17:01.404,ALGO/USDT:USDT,0.2699,2118.0,0.2698,6969.0,0.27,1190.0,0.2701,3920.0
1753503421504,04:17:01.504,ALGO/USDT:USDT,0.2699,2118.0,0.2698,6969.0,0.27,1190.0,0.2701,3920.0
1753503421604,04:17:01.604,ALGO/USDT:USDT,0.2699,2118.0,0.2698,6897.0,0.27,1190.0,0.2701,3920.0
1753503422504,04:17:02.504,ALGO/USDT:USDT,0.2699,2118.0,0.2698,6843.0,0.27,1208.0,0.2701,3920.0
1753503423104,04:17:03.104,ALGO/USDT:USDT,0.2699,1906.0,0.2698,6806.0,0.27,1208.0,0.2701,3920.0
1753503423504,04:17:03.504,ALGO/USDT:USDT,0.2699,2118.0,0.2698,6770.0,0.27,1208.0,0.2701,3920.0
1753503423804,04:17:03.804,ALGO/USDT:USDT,0.2699,1791.0,0.2698,6770.0,0.27,1208.0,0.2701,3920.0
1753503423904,04:17:03.904,ALGO/USDT:USDT,0.2699,1191.0,0.2698,6446.0,0.27,1208.0,0.2701,3920.0
1753503424004,04:17:04.004,ALGO/USDT:USDT,0.2699,1191.0,0.2698,6446.0,0.27,1208.0,0.2701,3920.0
1753503424304,04:17:04.304,ALGO/USDT:USDT,0.2699,1191.0,0.2698,6446.0,0.27,1208.0,0.2701,3920.0
1753503424904,04:17:04.904,ALGO/USDT:USDT,0.2699,1191.0,0.2698,6446.0,0.27,1208.0,0.2701,3920.0
1753503425304,04:17:05.304,ALGO/USDT:USDT,0.2699,1191.0,0.2698,6496.0,0.27,1208.0,0.2701,3920.0
1753503425504,04:17:05.504,ALGO/USDT:USDT,0.2699,237.0,0.2698,5442.0,0.27,1572.0,0.2701,4096.0
1753503425904,04:17:05.904,ALGO/USDT:USDT,0.2699,3.0,0.2698,5442.0,0.27,1818.0,0.2701,4242.0
1753503426004,04:17:06.004,ALGO/USDT:USDT,0.2699,3.0,0.2698,5442.0,0.27,1855.0,0.2701,4483.0
1753503426404,04:17:06.404,ALGO/USDT:USDT,0.2699,3.0,0.2698,5442.0,0.27,2579.0,0.2701,4625.0
1753503426704,04:17:06.704,ALGO/USDT:USDT,0.2699,3.0,0.2698,5442.0,0.27,1767.0,0.2701,4060.0
1753503427104,04:17:07.104,ALGO/USDT:USDT,0.2699,3.0,0.2698,5442.0,0.27,1979.0,0.2701,4096.0
1753503427404,04:17:07.404,ALGO/USDT:USDT,0.2699,230.0,0.2698,6114.0,0.27,1578.0,0.2701,4060.0
1753503427604,04:17:07.604,ALGO/USDT:USDT,0.2699,230.0,0.2698,5445.0,0.27,1869.0,0.2701,4060.0
1753503427704,04:17:07.704,ALGO/USDT:USDT,0.2699,98.0,0.2698,5445.0,0.27,1869.0,0.2701,4060.0
1753503427804,04:17:07.804,ALGO/USDT:USDT,0.2699,308.0,0.2698,6326.0,0.27,1578.0,0.2701,4060.0
1753503427904,04:17:07.904,ALGO/USDT:USDT,0.2699,768.0,0.2698,6326.0,0.27,1578.0,0.2701,3849.0
1753503428004,04:17:08.004,ALGO/USDT:USDT,0.2699,763.0,0.2698,6326.0,0.27,1578.0,0.2701,3849.0
1753503428104,04:17:08.104,ALGO/USDT:USDT,0.2699,763.0,0.2698,6326.0,0.27,1578.0,0.2701,3849.0
1753503428204,04:17:08.204,ALGO/USDT:USDT,0.2699,763.0,0.2698,6326.0,0.27,1505.0,0.2701,3704.0
1753503428304,04:17:08.304,ALGO/USDT:USDT,0.2699,761.0,0.2698,6326.0,0.27,1666.0,0.2701,3243.0
1753503428504,04:17:08.504,ALGO/USDT:USDT,0.2699,761.0,0.2698,6326.0,0.27,1758.0,0.2701,3279.0
1753503428704,04:17:08.704,ALGO/USDT:USDT,0.2699,761.0,0.2698,6326.0,0.27,1546.0,0.2701,3279.0
1753503428804,04:17:08.804,ALGO/USDT:USDT,0.2699,761.0,0.2698,6418.0,0.27,1546.0,0.2701,3279.0
1753503428904,04:17:08.904,ALGO/USDT:USDT,0.2699,761.0,0.2698,6418.0,0.27,1546.0,0.2701,3243.0
1753503429204,04:17:09.204,ALGO/USDT:USDT,0.2699,761.0,0.2698,6418.0,0.27,1761.0,0.2701,3243.0
1753503429604,04:17:09.604,ALGO/USDT:USDT,0.2699,761.0,0.2698,6418.0,0.27,1794.0,0.2701,3207.0
1753503430004,04:17:10.004,ALGO/USDT:USDT,0.2699,761.0,0.2698,6418.0,0.27,1794.0,0.2701,3243.0
1753503431304,04:17:11.304,ALGO/USDT:USDT,0.2699,761.0,0.2698,6418.0,0.27,2022.0,0.2701,3243.0
1753503431404,04:17:11.404,ALGO/USDT:USDT,0.2699,761.0,0.2698,6418.0,0.27,2022.0,0.2701,3243.0
1753503431704,04:17:11.704,ALGO/USDT:USDT,0.2699,761.0,0.2698,6418.0,0.27,2022.0,0.2701,3243.0
1753503431804,04:17:11.804,ALGO/USDT:USDT,0.2699,681.0,0.2698,6418.0,0.27,2022.0,0.2701,3243.0
1753503432004,04:17:12.004,ALGO/USDT:USDT,0.2699,792.0,0.2698,6418.0,0.27,1808.0,0.2701,3243.0
1753503432304,04:17:12.304,ALGO/USDT:USDT,0.2699,681.0,0.2698,6418.0,0.27,1731.0,0.2701,3134.0
1753503432404,04:17:12.404,ALGO/USDT:USDT,0.2699,681.0,0.2698,6418.0,0.27,1810.0,0.2701,3134.0
1753503432604,04:17:12.604,ALGO/USDT:USDT,0.2699,681.0,0.2698,6418.0,0.27,1810.0,0.2701,3134.0
1753503432804,04:17:12.804,ALGO/USDT:USDT,0.2699,681.0,0.2698,6418.0,0.27,1810.0,0.2701,3134.0
1753503433004,04:17:13.004,ALGO/USDT:USDT,0.2699,681.0,0.2698,6418.0,0.27,1810.0,0.2701,3134.0
1753503433604,04:17:13.604,ALGO/USDT:USDT,0.2699,1095.0,0.2698,6418.0,0.27,1485.0,0.2701,3098.0
1753503433704,04:17:13.704,ALGO/USDT:USDT,0.2699,1095.0,0.2698,6418.0,0.27,1485.0,0.2701,3098.0
1753503433804,04:17:13.804,ALGO/USDT:USDT,0.2699,1307.0,0.2698,6418.0,0.27,1485.0,0.2701,3098.0
1753503434004,04:17:14.004,ALGO/USDT:USDT,0.2699,1095.0,0.2698,6418.0,0.27,1485.0,0.2701,3062.0
1753503435404,04:17:15.404,ALGO/USDT:USDT,0.2699,1233.0,0.2698,6418.0,0.27,1486.0,0.2701,3026.0
1753503435704,04:17:15.704,ALGO/USDT:USDT,0.2699,1233.0,0.2698,6418.0,0.27,1486.0,0.2701,3026.0
1753503435904,04:17:15.904,ALGO/USDT:USDT,0.2699,1233.0,0.2698,6418.0,0.27,1486.0,0.2701,3026.0
1753503436404,04:17:16.404,ALGO/USDT:USDT,0.2699,942.0,0.2698,6418.0,0.27,1486.0,0.2701,3026.0
1753503437204,04:17:17.204,ALGO/USDT:USDT,0.2699,1233.0,0.2698,6418.0,0.27,1486.0,0.2701,3026.0
1753503437304,04:17:17.304,ALGO/USDT:USDT,0.2699,1233.0,0.2698,6418.0,0.27,1486.0,0.2701,3026.0
1753503437404,04:17:17.404,ALGO/USDT:USDT,0.2699,942.0,0.2698,6418.0,0.27,1488.0,0.2701,3026.0
1753503437504,04:17:17.504,ALGO/USDT:USDT,0.2699,1233.0,0.2698,6418.0,0.27,1489.0,0.2701,3026.0
1753503437604,04:17:17.604,ALGO/USDT:USDT,0.2699,1233.0,0.2698,6418.0,0.27,1489.0,0.2701,2990.0
1753503437904,04:17:17.904,ALGO/USDT:USDT,0.2699,942.0,0.2698,6418.0,0.27,1489.0,0.2701,2990.0
1753503438704,04:17:18.704,ALGO/USDT:USDT,0.2699,1021.0,0.2698,6418.0,0.27,1489.0,0.2701,2990.0
1753503439704,04:17:19.704,ALGO/USDT:USDT,0.2699,942.0,0.2698,6418.0,0.27,1828.0,0.2701,2990.0
1753503439904,04:17:19.904,ALGO/USDT:USDT,0.2699,1022.0,0.2698,6418.0,0.27,1907.0,0.2701,2990.0
1753503440304,04:17:20.304,ALGO/USDT:USDT,0.2699,1022.0,0.2698,6418.0,0.27,1907.0,0.2701,2990.0
1753503440404,04:17:20.404,ALGO/USDT:USDT,0.2699,1030.0,0.2698,6418.0,0.27,2080.0,0.2701,2990.0
1753503440504,04:17:20.504,ALGO/USDT:USDT,0.2699,1030.0,0.2698,6418.0,0.27,2001.0,0.2701,2990.0
1753503440604,04:17:20.604,ALGO/USDT:USDT,0.2699,437.0,0.2698,6249.0,0.27,2080.0,0.2701,3026.0
1753503440804,04:17:20.804,ALGO/USDT:USDT,0.2699,877.0,0.2698,6326.0,0.27,2001.0,0.2701,3098.0
1753503441904,04:17:21.904,ALGO/USDT:USDT,0.2699,1388.0,0.2698,6455.0,0.27,2001.0,0.2701,2814.0
1753503442204,04:17:22.204,ALGO/USDT:USDT,0.2699,1352.0,0.2698,6455.0,0.27,2001.0,0.2701,2778.0
1753503442604,04:17:22.604,ALGO/USDT:USDT,0.2699,1352.0,0.2698,6418.0,0.27,2001.0,0.2701,2778.0
1753503443304,04:17:23.304,ALGO/USDT:USDT,0.2699,1466.0,0.2698,6418.0,0.27,2001.0,0.2701,2778.0
1753503443804,04:17:23.804,ALGO/USDT:USDT,0.2699,1466.0,0.2698,6418.0,0.27,2001.0,0.2701,2778.0
1753503444604,04:17:24.604,ALGO/USDT:USDT,0.2699,1061.0,0.2698,6418.0,0.27,2001.0,0.2701,2778.0
1753503444804,04:17:24.804,ALGO/USDT:USDT,0.2699,913.0,0.2698,6418.0,0.27,2001.0,0.2701,2778.0
1753503444904,04:17:24.904,ALGO/USDT:USDT,0.2699,1352.0,0.2698,6418.0,0.27,2001.0,0.2701,2778.0
1753503445004,04:17:25.004,ALGO/USDT:USDT,0.2699,1352.0,0.2698,6418.0,0.27,2001.0,0.2701,2778.0
1753503445104,04:17:25.104,ALGO/USDT:USDT,0.2699,1352.0,0.2698,6418.0,0.27,2001.0,0.2701,2778.0
1753503445404,04:17:25.404,ALGO/USDT:USDT,0.2699,856.0,0.2698,6418.0,0.27,2130.0,0.2701,2778.0
1753503445504,04:17:25.504,ALGO/USDT:USDT,0.2699,1002.0,0.2698,6418.0,0.27,2130.0,0.2701,2778.0
1753503445604,04:17:25.604,ALGO/USDT:USDT,0.2699,971.0,0.2698,6206.0,0.27,2130.0,0.2701,2778.0
1753503445704,04:17:25.704,ALGO/USDT:USDT,0.2699,892.0,0.2698,6129.0,0.27,2130.0,0.2701,2778.0
1753503445804,04:17:25.804,ALGO/USDT:USDT,0.2699,892.0,0.2698,6129.0,0.27,2130.0,0.2701,2778.0
1753503445904,04:17:25.904,ALGO/USDT:USDT,0.2699,892.0,0.2698,6206.0,0.27,2130.0,0.2701,2778.0
1753503446404,04:17:26.404,ALGO/USDT:USDT,0.2699,818.0,0.2698,6206.0,0.27,2130.0,0.2701,2778.0
1753503447404,04:17:27.404,ALGO/USDT:USDT,0.2699,818.0,0.2698,6206.0,0.27,2130.0,0.2701,2814.0
1753503447504,04:17:27.504,ALGO/USDT:USDT,0.2699,818.0,0.2698,6206.0,0.27,2130.0,0.2701,2814.0
1753503447604,04:17:27.604,ALGO/USDT:USDT,0.2699,732.0,0.2698,6206.0,0.27,2130.0,0.2701,2814.0
