timestamp,time,symbol,bid1_price,bid1_volume,bid2_price,bid2_volume,ask1_price,ask1_volume,ask2_price,ask2_volume
1753503734204,04:22:14.204,AAVE/USDT:USDT,297.28,26.3,297.27,46.7,297.29,85.7,297.3,44.5
1753503734304,04:22:14.304,AAVE/USDT:USDT,297.28,26.3,297.27,46.7,297.29,86.9,297.3,44.5
1753503734604,04:22:14.604,AAVE/USDT:USDT,297.28,68.8,297.27,46.7,297.29,37.6,297.3,8.4
1753503735004,04:22:15.004,AAVE/USDT:USDT,297.28,80.9,297.27,46.7,297.29,17.4,297.3,8.4
1753503735104,04:22:15.104,AAVE/USDT:USDT,297.28,80.7,297.27,47.4,297.29,17.3,297.3,8.4
1753503735204,04:22:15.204,AAVE/USDT:USDT,297.28,71.5,297.27,47.4,297.29,17.3,297.3,8.4
1753503735304,04:22:15.304,AAVE/USDT:USDT,297.28,179.8,297.27,65.2,297.29,17.3,297.3,8.4
1753503735804,04:22:15.804,AAVE/USDT:USDT,297.28,101.2,297.27,95.1,297.29,16.3,297.3,8.4
1753503736104,04:22:16.104,AAVE/USDT:USDT,297.28,71.5,297.27,77.3,297.29,16.3,297.3,8.4
1753503736404,04:22:16.404,AAVE/USDT:USDT,297.28,101.2,297.27,95.1,297.29,17.0,297.3,8.4
1753503736704,04:22:16.704,AAVE/USDT:USDT,297.28,71.5,297.27,47.6,297.29,17.0,297.3,8.4
1753503736904,04:22:16.904,AAVE/USDT:USDT,297.28,71.5,297.27,38.5,297.29,17.0,297.3,8.4
1753503737104,04:22:17.104,AAVE/USDT:USDT,297.28,209.7,297.27,86.0,297.29,17.0,297.3,8.4
1753503738704,04:22:18.704,AAVE/USDT:USDT,297.28,72.4,297.27,17.3,297.29,17.8,297.3,8.4
1753503738804,04:22:18.804,AAVE/USDT:USDT,297.28,228.4,297.27,85.5,297.29,17.8,297.3,8.4
1753503739004,04:22:19.004,AAVE/USDT:USDT,297.28,253.9,297.27,92.9,297.29,18.3,297.3,0.2
1753503739104,04:22:19.104,AAVE/USDT:USDT,297.28,253.9,297.27,92.9,297.29,18.3,297.3,0.2
1753503739804,04:22:19.804,AAVE/USDT:USDT,297.32,195.9,297.31,54.7,297.33,1.6,297.34,18.0
1753503740004,04:22:20.004,AAVE/USDT:USDT,297.32,89.3,297.31,20.2,297.33,41.2,297.34,17.7
1753503740104,04:22:20.104,AAVE/USDT:USDT,297.32,71.7,297.31,20.2,297.33,41.2,297.34,17.7
1753503740204,04:22:20.204,AAVE/USDT:USDT,297.32,71.7,297.31,20.2,297.33,43.3,297.34,17.7
1753503741104,04:22:21.104,AAVE/USDT:USDT,297.32,116.6,297.31,49.5,297.33,23.9,297.34,17.7
1753503741504,04:22:21.504,AAVE/USDT:USDT,297.32,23.8,297.3,18.0,297.33,245.4,297.34,37.1
1753503742004,04:22:22.004,AAVE/USDT:USDT,297.3,0.1,297.28,8.6,297.31,382.2,297.32,117.0
1753503742104,04:22:22.104,AAVE/USDT:USDT,297.27,5.2,297.26,25.1,297.28,264.3,297.29,69.2
1753503742204,04:22:22.204,AAVE/USDT:USDT,297.27,5.4,297.26,25.1,297.28,137.4,297.29,31.9
1753503742304,04:22:22.304,AAVE/USDT:USDT,297.27,45.3,297.26,24.8,297.28,126.4,297.29,31.9
1753503742404,04:22:22.404,AAVE/USDT:USDT,297.29,121.2,297.28,179.2,297.3,0.2,297.32,0.4
1753503742804,04:22:22.804,AAVE/USDT:USDT,297.29,137.8,297.28,152.2,297.32,6.9,297.33,28.6
1753503742904,04:22:22.904,AAVE/USDT:USDT,297.31,41.1,297.3,56.4,297.32,27.0,297.33,28.3
1753503743704,04:22:23.704,AAVE/USDT:USDT,297.31,41.3,297.3,56.4,297.32,0.3,297.33,28.3
1753503743904,04:22:23.904,AAVE/USDT:USDT,297.31,20.4,297.3,56.4,297.32,20.5,297.33,28.3
1753503744804,04:22:24.804,AAVE/USDT:USDT,297.31,19.7,297.3,43.1,297.32,0.3,297.33,28.3
1753503745404,04:22:25.404,AAVE/USDT:USDT,297.31,19.9,297.3,43.1,297.32,129.2,297.33,28.3
1753503745504,04:22:25.504,AAVE/USDT:USDT,297.31,19.4,297.3,43.1,297.32,129.2,297.33,58.6
1753503745904,04:22:25.904,AAVE/USDT:USDT,297.31,1.0,297.3,16.8,297.32,148.4,297.33,99.4
1753503746004,04:22:26.004,AAVE/USDT:USDT,297.31,1.0,297.3,16.8,297.32,129.5,297.33,80.5
1753503746304,04:22:26.304,AAVE/USDT:USDT,297.31,1.0,297.3,16.8,297.32,129.5,297.33,80.5
1753503747904,04:22:27.904,AAVE/USDT:USDT,297.27,39.7,297.26,17.2,297.28,20.4,297.29,20.2
1753503748204,04:22:28.204,AAVE/USDT:USDT,297.27,39.7,297.26,17.2,297.28,20.4,297.29,20.2
1753503748304,04:22:28.304,AAVE/USDT:USDT,297.27,39.7,297.26,17.2,297.28,20.4,297.29,20.2
1753503748404,04:22:28.404,AAVE/USDT:USDT,297.27,39.8,297.26,17.2,297.28,20.4,297.29,20.2
1753503748504,04:22:28.504,AAVE/USDT:USDT,297.27,5.3,297.26,17.2,297.28,20.2,297.29,20.2
1753503748704,04:22:28.704,AAVE/USDT:USDT,297.27,5.5,297.26,17.2,297.28,20.4,297.29,20.2
1753503749104,04:22:29.104,AAVE/USDT:USDT,297.27,5.5,297.26,17.2,297.28,20.4,297.29,20.2
1753503749604,04:22:29.604,AAVE/USDT:USDT,297.27,7.5,297.26,17.2,297.28,20.4,297.29,20.2
1753503750104,04:22:30.104,AAVE/USDT:USDT,297.27,61.6,297.26,17.2,297.28,20.4,297.29,20.2
1753503751104,04:22:31.104,AAVE/USDT:USDT,297.27,41.6,297.26,17.2,297.28,21.7,297.29,48.8
1753503752104,04:22:32.104,AAVE/USDT:USDT,297.27,43.4,297.26,17.2,297.28,21.7,297.29,20.2
1753503752704,04:22:32.704,AAVE/USDT:USDT,297.27,11.1,297.26,17.2,297.28,21.7,297.29,20.2
1753503753004,04:22:33.004,AAVE/USDT:USDT,297.27,11.1,297.26,17.2,297.28,21.7,297.29,20.2
1753503753104,04:22:33.104,AAVE/USDT:USDT,297.27,11.1,297.26,17.2,297.28,22.0,297.29,20.2
1753503753304,04:22:33.304,AAVE/USDT:USDT,297.27,11.4,297.26,17.2,297.28,22.0,297.29,20.2
1753503753404,04:22:33.404,AAVE/USDT:USDT,297.27,11.4,297.26,17.2,297.28,22.0,297.29,20.2
1753503753604,04:22:33.604,AAVE/USDT:USDT,297.27,11.4,297.26,17.2,297.28,21.0,297.29,20.2
1753503753904,04:22:33.904,AAVE/USDT:USDT,297.27,51.8,297.26,17.2,297.28,21.0,297.29,20.2
1753503754004,04:22:34.004,AAVE/USDT:USDT,297.27,51.8,297.26,17.2,297.28,21.0,297.29,20.2
1753503754104,04:22:34.104,AAVE/USDT:USDT,297.27,12.5,297.26,17.2,297.28,21.0,297.29,20.2
1753503754204,04:22:34.204,AAVE/USDT:USDT,297.27,12.5,297.26,17.2,297.28,21.0,297.29,20.2
1753503754404,04:22:34.404,AAVE/USDT:USDT,297.27,12.5,297.26,17.2,297.28,21.0,297.29,20.2
1753503755304,04:22:35.304,AAVE/USDT:USDT,297.27,10.6,297.26,17.2,297.28,129.3,297.29,20.2
1753503755404,04:22:35.404,AAVE/USDT:USDT,297.27,10.6,297.26,17.2,297.28,129.3,297.29,20.2
1753503755504,04:22:35.504,AAVE/USDT:USDT,297.27,10.6,297.26,17.2,297.28,21.0,297.29,20.2
1753503755904,04:22:35.904,AAVE/USDT:USDT,297.27,94.9,297.26,90.1,297.28,0.8,297.3,0.5
1753503756004,04:22:36.004,AAVE/USDT:USDT,297.27,148.1,297.26,90.1,297.28,0.8,297.3,0.5
1753503756504,04:22:36.504,AAVE/USDT:USDT,297.27,95.1,297.26,41.1,297.28,0.8,297.3,0.5
1753503756604,04:22:36.604,AAVE/USDT:USDT,297.27,77.9,297.26,23.9,297.28,0.8,297.3,0.5
1753503756904,04:22:36.904,AAVE/USDT:USDT,297.27,184.0,297.26,70.4,297.28,0.8,297.3,0.5
1753503757004,04:22:37.004,AAVE/USDT:USDT,297.27,124.4,297.26,70.4,297.28,0.8,297.3,0.5
1753503757104,04:22:37.104,AAVE/USDT:USDT,297.27,124.4,297.26,70.4,297.28,0.8,297.3,0.5
1753503757204,04:22:37.204,AAVE/USDT:USDT,297.27,77.9,297.26,23.9,297.28,0.8,297.3,0.5
1753503757404,04:22:37.404,AAVE/USDT:USDT,297.27,78.1,297.26,17.2,297.28,0.8,297.3,0.5
1753503757504,04:22:37.504,AAVE/USDT:USDT,297.27,61.5,297.26,17.2,297.28,9.3,297.3,0.5
1753503758004,04:22:38.004,AAVE/USDT:USDT,297.27,61.5,297.26,17.2,297.28,9.3,297.3,0.5
1753503759204,04:22:39.204,AAVE/USDT:USDT,297.27,99.1,297.26,23.9,297.28,1.5,297.3,0.5
1753503759504,04:22:39.504,AAVE/USDT:USDT,297.27,100.7,297.26,23.9,297.28,1.5,297.3,0.5
1753503759704,04:22:39.704,AAVE/USDT:USDT,297.27,100.7,297.26,23.9,297.28,1.5,297.3,0.5
1753503759804,04:22:39.804,AAVE/USDT:USDT,297.27,100.7,297.26,23.9,297.28,1.5,297.3,0.5
1753503759904,04:22:39.904,AAVE/USDT:USDT,297.27,100.7,297.26,23.9,297.28,1.5,297.3,0.5
1753503760604,04:22:40.604,AAVE/USDT:USDT,297.27,82.1,297.26,23.9,297.28,1.5,297.3,0.5
1753503760904,04:22:40.904,AAVE/USDT:USDT,297.27,43.1,297.26,23.9,297.28,21.7,297.3,0.5
1753503761004,04:22:41.004,AAVE/USDT:USDT,297.27,43.1,297.26,23.9,297.28,21.7,297.3,0.5
1753503761104,04:22:41.104,AAVE/USDT:USDT,297.27,43.1,297.26,23.9,297.28,21.7,297.3,0.5
1753503761404,04:22:41.404,AAVE/USDT:USDT,297.27,43.1,297.26,23.9,297.28,1.5,297.3,0.5
1753503762004,04:22:42.004,AAVE/USDT:USDT,297.27,31.4,297.26,23.9,297.28,38.4,297.29,28.6
1753503762804,04:22:42.804,AAVE/USDT:USDT,297.27,31.4,297.26,17.2,297.28,10.2,297.3,69.7
1753503763404,04:22:43.404,AAVE/USDT:USDT,297.27,33.8,297.26,17.2,297.28,10.5,297.3,29.1
1753503763704,04:22:43.704,AAVE/USDT:USDT,297.27,33.8,297.26,17.2,297.28,39.1,297.29,28.6
1753503764004,04:22:44.004,AAVE/USDT:USDT,297.27,33.8,297.26,17.2,297.28,148.3,297.29,29.3
1753503764104,04:22:44.104,AAVE/USDT:USDT,297.27,33.8,297.26,17.2,297.28,148.3,297.29,29.3
1753503765004,04:22:45.004,AAVE/USDT:USDT,297.26,23.3,297.25,7.0,297.27,72.0,297.28,77.4
1753503765304,04:22:45.304,AAVE/USDT:USDT,297.26,23.3,297.25,7.0,297.27,72.0,297.28,77.4
1753503765404,04:22:45.404,AAVE/USDT:USDT,297.26,23.3,297.25,15.4,297.27,72.0,297.28,48.5
1753503765504,04:22:45.504,AAVE/USDT:USDT,297.22,64.8,297.21,0.2,297.23,70.5,297.24,46.6
1753503765604,04:22:45.604,AAVE/USDT:USDT,297.22,48.4,297.21,0.2,297.23,59.5,297.24,73.6
1753503765704,04:22:45.704,AAVE/USDT:USDT,297.22,67.7,297.21,0.2,297.23,59.7,297.24,17.5
1753503765904,04:22:45.904,AAVE/USDT:USDT,297.22,16.2,297.21,0.2,297.23,60.0,297.24,46.7
1753503766104,04:22:46.104,AAVE/USDT:USDT,297.22,16.2,297.21,0.2,297.23,60.0,297.24,17.5
1753503766804,04:22:46.804,AAVE/USDT:USDT,297.22,0.1,297.21,0.2,297.23,187.5,297.24,70.4
1753503767004,04:22:47.004,AAVE/USDT:USDT,297.22,16.0,297.21,0.2,297.23,40.4,297.24,41.2
1753503767104,04:22:47.104,AAVE/USDT:USDT,297.22,23.8,297.21,0.2,297.23,20.7,297.25,23.3
1753503767504,04:22:47.504,AAVE/USDT:USDT,297.22,23.8,297.21,0.2,297.23,129.4,297.25,59.0
1753503767804,04:22:47.804,AAVE/USDT:USDT,297.22,23.8,297.21,0.2,297.23,176.2,297.24,47.4
1753503768104,04:22:48.104,AAVE/USDT:USDT,297.22,23.8,297.21,0.2,297.23,176.5,297.24,47.4
1753503768304,04:22:48.304,AAVE/USDT:USDT,297.22,24.2,297.21,0.2,297.23,200.3,297.24,46.7
1753503768604,04:22:48.604,AAVE/USDT:USDT,297.22,24.3,297.21,0.2,297.23,201.5,297.24,47.4
1753503768804,04:22:48.804,AAVE/USDT:USDT,297.22,24.3,297.21,0.2,297.23,201.5,297.24,47.4
1753503768904,04:22:48.904,AAVE/USDT:USDT,297.22,24.3,297.21,0.2,297.23,201.5,297.24,47.4
1753503769004,04:22:49.004,AAVE/USDT:USDT,297.22,24.3,297.21,0.2,297.23,92.3,297.24,46.7
1753503769104,04:22:49.104,AAVE/USDT:USDT,297.22,24.3,297.21,0.2,297.23,200.6,297.24,46.7
1753503769404,04:22:49.404,AAVE/USDT:USDT,297.22,24.3,297.21,0.2,297.23,92.3,297.24,46.7
1753503769804,04:22:49.804,AAVE/USDT:USDT,297.22,24.3,297.21,0.2,297.23,200.6,297.24,46.7
1753503770004,04:22:50.004,AAVE/USDT:USDT,297.22,24.3,297.21,0.2,297.23,200.8,297.24,46.7
1753503770104,04:22:50.104,AAVE/USDT:USDT,297.22,24.3,297.21,0.2,297.23,200.8,297.24,46.7
1753503770404,04:22:50.404,AAVE/USDT:USDT,297.22,24.2,297.21,0.2,297.23,210.8,297.24,47.4
1753503770504,04:22:50.504,AAVE/USDT:USDT,297.22,24.2,297.21,0.2,297.23,210.8,297.24,47.4
1753503771004,04:22:51.004,AAVE/USDT:USDT,297.22,0.7,297.21,0.2,297.23,210.1,297.24,46.7
1753503771104,04:22:51.104,AAVE/USDT:USDT,297.22,0.7,297.21,0.2,297.23,210.1,297.24,46.7
1753503771604,04:22:51.604,AAVE/USDT:USDT,297.22,1.1,297.21,0.2,297.23,211.7,297.24,46.7
1753503771904,04:22:51.904,AAVE/USDT:USDT,297.22,1.1,297.21,0.2,297.23,211.7,297.24,46.7
1753503772604,04:22:52.604,AAVE/USDT:USDT,297.22,1.1,297.21,0.2,297.23,182.5,297.24,17.5
1753503772804,04:22:52.804,AAVE/USDT:USDT,297.22,16.8,297.21,0.2,297.23,182.5,297.25,23.4
1753503772904,04:22:52.904,AAVE/USDT:USDT,297.22,17.0,297.21,0.2,297.23,182.5,297.25,23.3
1753503773404,04:22:53.404,AAVE/USDT:USDT,297.2,0.3,297.19,0.7,297.21,360.8,297.22,109.1
1753503773604,04:22:53.604,AAVE/USDT:USDT,297.2,0.2,297.19,0.7,297.21,361.1,297.22,109.1
1753503773804,04:22:53.804,AAVE/USDT:USDT,297.2,0.2,297.19,0.7,297.21,361.1,297.22,109.1
1753503774004,04:22:54.004,AAVE/USDT:USDT,297.2,0.1,297.19,0.7,297.21,361.1,297.22,109.1
1753503774304,04:22:54.304,AAVE/USDT:USDT,297.2,16.2,297.19,0.7,297.21,343.2,297.22,79.2
1753503774504,04:22:54.504,AAVE/USDT:USDT,297.2,36.4,297.19,0.7,297.21,178.9,297.22,36.0
1753503774804,04:22:54.804,AAVE/USDT:USDT,297.2,16.2,297.19,0.7,297.21,195.5,297.22,74.4
1753503775804,04:22:55.804,AAVE/USDT:USDT,297.2,16.2,297.19,0.7,297.21,196.7,297.22,74.4
1753503776004,04:22:56.004,AAVE/USDT:USDT,297.2,16.2,297.19,0.7,297.21,305.5,297.22,102.4
1753503776104,04:22:56.104,AAVE/USDT:USDT,297.2,0.1,297.19,0.7,297.21,326.3,297.22,103.1
1753503776204,04:22:56.204,AAVE/USDT:USDT,297.2,0.1,297.19,0.7,297.21,217.1,297.22,102.4
1753503776404,04:22:56.404,AAVE/USDT:USDT,297.2,0.1,297.19,0.7,297.21,325.9,297.22,102.4
1753503776504,04:22:56.504,AAVE/USDT:USDT,297.2,0.1,297.19,0.7,297.21,325.9,297.22,74.4
1753503776604,04:22:56.604,AAVE/USDT:USDT,297.2,0.1,297.19,0.7,297.21,325.9,297.22,74.4
1753503776704,04:22:56.704,AAVE/USDT:USDT,297.2,0.1,297.19,0.7,297.21,325.9,297.22,74.4
1753503776904,04:22:56.904,AAVE/USDT:USDT,297.2,0.1,297.19,0.7,297.21,188.0,297.22,74.4
1753503777004,04:22:57.004,AAVE/USDT:USDT,297.2,0.1,297.19,0.7,297.21,324.5,297.22,102.4
1753503777104,04:22:57.104,AAVE/USDT:USDT,297.2,0.1,297.19,0.7,297.21,187.8,297.22,74.4
1753503777204,04:22:57.204,AAVE/USDT:USDT,297.2,0.1,297.19,0.7,297.21,167.9,297.22,74.4
1753503777304,04:22:57.304,AAVE/USDT:USDT,297.2,47.6,297.19,0.7,297.21,151.1,297.22,57.6
1753503777404,04:22:57.404,AAVE/USDT:USDT,297.2,47.6,297.19,0.7,297.21,151.1,297.22,57.6
1753503777604,04:22:57.604,AAVE/USDT:USDT,297.2,47.6,297.19,0.7,297.21,151.3,297.22,57.6
1753503777704,04:22:57.704,AAVE/USDT:USDT,297.2,47.6,297.19,0.7,297.21,151.3,297.22,57.6
1753503777804,04:22:57.804,AAVE/USDT:USDT,297.2,47.6,297.19,0.7,297.21,259.8,297.22,85.6
1753503777904,04:22:57.904,AAVE/USDT:USDT,297.2,47.6,297.19,0.7,297.21,196.1,297.22,102.4
1753503778604,04:22:58.604,AAVE/USDT:USDT,297.22,274.6,297.21,226.5,297.23,8.7,297.24,0.3
1753503778704,04:22:58.704,AAVE/USDT:USDT,297.22,300.7,297.21,226.5,297.23,8.7,297.24,0.3
1753503778804,04:22:58.804,AAVE/USDT:USDT,297.22,294.2,297.21,226.5,297.23,8.9,297.24,0.3
1753503779304,04:22:59.304,AAVE/USDT:USDT,297.22,292.7,297.21,176.9,297.23,8.9,297.24,0.3
1753503779504,04:22:59.504,AAVE/USDT:USDT,297.22,299.4,297.21,176.9,297.23,8.9,297.24,0.3
1753503780404,04:23:00.404,AAVE/USDT:USDT,297.22,345.8,297.21,174.7,297.23,10.0,297.24,0.3
1753503780804,04:23:00.804,AAVE/USDT:USDT,297.25,147.8,297.24,164.0,297.26,0.1,297.27,34.0
1753503782104,04:23:02.104,AAVE/USDT:USDT,297.24,25.5,297.23,0.2,297.25,39.9,297.26,88.3
1753503782504,04:23:02.504,AAVE/USDT:USDT,297.24,60.5,297.23,0.2,297.25,20.4,297.26,20.2
1753503782604,04:23:02.604,AAVE/USDT:USDT,297.24,33.5,297.23,24.1,297.25,20.4,297.26,20.2
1753503783004,04:23:03.004,AAVE/USDT:USDT,297.24,8.0,297.22,31.6,297.25,146.4,297.26,88.6
1753503783104,04:23:03.104,AAVE/USDT:USDT,297.24,0.2,297.22,31.6,297.25,146.4,297.26,95.2
1753503783204,04:23:03.204,AAVE/USDT:USDT,297.24,0.2,297.22,31.6,297.25,178.1,297.26,95.2
1753503784004,04:23:04.004,AAVE/USDT:USDT,297.24,0.2,297.22,31.6,297.25,146.5,297.26,88.5
1753503784204,04:23:04.204,AAVE/USDT:USDT,297.22,31.3,297.2,0.8,297.23,254.7,297.24,142.3
1753503784604,04:23:04.604,AAVE/USDT:USDT,297.22,40.0,297.2,0.8,297.23,274.2,297.24,142.3
1753503784804,04:23:04.804,AAVE/USDT:USDT,297.22,40.0,297.2,0.8,297.23,258.7,297.24,126.8
1753503785504,04:23:05.504,AAVE/USDT:USDT,297.22,36.9,297.2,0.8,297.23,258.7,297.24,83.9
1753503785804,04:23:05.804,AAVE/USDT:USDT,297.2,0.7,297.19,1.3,297.21,285.6,297.22,60.7
1753503786004,04:23:06.004,AAVE/USDT:USDT,297.2,0.4,297.19,1.3,297.21,302.2,297.22,60.7
1753503788104,04:23:08.104,AAVE/USDT:USDT,297.2,2.5,297.19,1.0,297.21,238.0,297.22,63.9
1753503788604,04:23:08.604,AAVE/USDT:USDT,297.2,11.7,297.19,1.0,297.21,238.1,297.22,63.9
1753503788804,04:23:08.804,AAVE/USDT:USDT,297.2,12.1,297.19,1.0,297.21,212.5,297.22,37.6
1753503789204,04:23:09.204,AAVE/USDT:USDT,297.2,7.8,297.19,1.0,297.21,212.5,297.22,37.6
1753503789604,04:23:09.604,AAVE/USDT:USDT,297.2,54.5,297.19,1.0,297.21,21.2,297.22,63.2
1753503790104,04:23:10.104,AAVE/USDT:USDT,297.2,7.7,297.19,1.0,297.21,129.6,297.22,63.2
1753503790504,04:23:10.504,AAVE/USDT:USDT,297.2,35.5,297.19,1.0,297.21,21.1,297.22,37.6
1753503790904,04:23:10.904,AAVE/USDT:USDT,297.2,93.5,297.19,1.0,297.21,0.8,297.23,26.2
1753503791004,04:23:11.004,AAVE/USDT:USDT,297.2,93.5,297.19,1.0,297.21,0.8,297.23,26.2
1753503792204,04:23:12.204,AAVE/USDT:USDT,297.2,39.1,297.19,1.0,297.21,110.2,297.22,40.2
1753503792304,04:23:12.304,AAVE/USDT:USDT,297.2,39.1,297.19,1.0,297.21,110.4,297.22,40.2
1753503792404,04:23:12.404,AAVE/USDT:USDT,297.2,16.9,297.19,1.0,297.21,110.8,297.22,40.2
1753503792504,04:23:12.504,AAVE/USDT:USDT,297.2,16.9,297.19,1.0,297.21,110.8,297.22,40.9
1753503792904,04:23:12.904,AAVE/USDT:USDT,297.2,16.9,297.19,1.0,297.21,110.8,297.22,40.2
1753503793004,04:23:13.004,AAVE/USDT:USDT,297.2,16.9,297.19,1.0,297.21,110.8,297.22,40.2
1753503793604,04:23:13.604,AAVE/USDT:USDT,297.2,56.1,297.19,1.0,297.21,2.4,297.23,26.2
1753503793704,04:23:13.704,AAVE/USDT:USDT,297.2,56.1,297.19,1.0,297.21,2.4,297.23,26.2
1753503794004,04:23:14.004,AAVE/USDT:USDT,297.2,17.0,297.19,1.0,297.21,131.1,297.22,40.2
1753503794204,04:23:14.204,AAVE/USDT:USDT,297.2,9.4,297.19,1.0,297.21,149.0,297.22,40.9
1753503794604,04:23:14.604,AAVE/USDT:USDT,297.2,9.3,297.19,1.0,297.21,149.1,297.22,40.9
1753503794704,04:23:14.704,AAVE/USDT:USDT,297.2,9.3,297.19,1.0,297.21,149.1,297.22,40.9
1753503794804,04:23:14.804,AAVE/USDT:USDT,297.2,9.3,297.19,1.0,297.21,149.1,297.22,40.9
1753503795404,04:23:15.404,AAVE/USDT:USDT,297.2,10.9,297.19,1.0,297.21,148.7,297.22,0.7
1753503795504,04:23:15.504,AAVE/USDT:USDT,297.2,10.9,297.19,1.0,297.21,148.7,297.22,25.8
1753503795604,04:23:15.604,AAVE/USDT:USDT,297.2,10.9,297.19,1.0,297.21,148.7,297.22,40.9
1753503795804,04:23:15.804,AAVE/USDT:USDT,297.2,10.9,297.19,1.0,297.21,148.7,297.22,40.9
1753503796504,04:23:16.504,AAVE/USDT:USDT,297.2,47.0,297.19,1.0,297.21,2.1,297.23,26.2
1753503796604,04:23:16.604,AAVE/USDT:USDT,297.2,47.0,297.19,1.0,297.21,2.1,297.23,26.2
1753503796704,04:23:16.704,AAVE/USDT:USDT,297.2,47.0,297.19,1.0,297.21,2.1,297.23,26.2
1753503796804,04:23:16.804,AAVE/USDT:USDT,297.2,47.0,297.19,1.0,297.21,2.1,297.23,26.2
1753503797004,04:23:17.004,AAVE/USDT:USDT,297.2,47.0,297.19,1.0,297.21,3.5,297.23,26.2
1753503797204,04:23:17.204,AAVE/USDT:USDT,297.2,27.5,297.19,1.0,297.21,112.5,297.23,26.2
1753503797304,04:23:17.304,AAVE/USDT:USDT,297.2,63.2,297.19,45.2,297.21,4.0,297.23,26.2
1753503797404,04:23:17.404,AAVE/USDT:USDT,297.2,63.2,297.19,45.2,297.21,4.0,297.23,26.2
1753503797504,04:23:17.504,AAVE/USDT:USDT,297.2,38.1,297.19,20.1,297.21,4.0,297.23,26.2
1753503798104,04:23:18.104,AAVE/USDT:USDT,297.2,69.3,297.19,45.4,297.21,4.0,297.23,26.2
1753503799904,04:23:19.904,AAVE/USDT:USDT,297.2,52.2,297.19,26.8,297.21,4.4,297.23,13.1
1753503800704,04:23:20.704,AAVE/USDT:USDT,297.2,46.1,297.19,7.7,297.21,24.6,297.23,56.9
1753503801004,04:23:21.004,AAVE/USDT:USDT,297.2,46.1,297.19,26.8,297.21,4.4,297.23,13.1
1753503801104,04:23:21.104,AAVE/USDT:USDT,297.2,46.1,297.19,26.8,297.21,4.4,297.23,13.1
1753503801404,04:23:21.404,AAVE/USDT:USDT,297.2,46.1,297.19,26.8,297.21,4.4,297.23,13.1
1753503801604,04:23:21.604,AAVE/USDT:USDT,297.2,46.1,297.19,26.8,297.21,4.4,297.23,13.1
1753503801904,04:23:21.904,AAVE/USDT:USDT,297.2,46.1,297.19,26.8,297.21,4.4,297.23,13.1
1753503802004,04:23:22.004,AAVE/USDT:USDT,297.2,82.2,297.19,41.9,297.21,4.4,297.23,13.1
1753503802104,04:23:22.104,AAVE/USDT:USDT,297.2,107.3,297.19,67.0,297.21,4.4,297.23,13.1
1753503802404,04:23:22.404,AAVE/USDT:USDT,297.2,54.9,297.19,26.8,297.21,4.4,297.23,13.1
1753503802504,04:23:22.504,AAVE/USDT:USDT,297.2,54.9,297.19,26.8,297.21,4.4,297.23,13.1
1753503802604,04:23:22.604,AAVE/USDT:USDT,297.2,54.9,297.19,26.8,297.21,4.4,297.23,13.1
1753503802904,04:23:22.904,AAVE/USDT:USDT,297.2,54.9,297.19,26.8,297.21,24.6,297.23,13.1
1753503803004,04:23:23.004,AAVE/USDT:USDT,297.2,54.9,297.19,26.8,297.21,24.6,297.23,13.1
1753503803104,04:23:23.104,AAVE/USDT:USDT,297.2,54.9,297.19,26.8,297.21,24.6,297.23,38.2
1753503803304,04:23:23.304,AAVE/USDT:USDT,297.2,52.7,297.19,26.8,297.21,24.6,297.23,13.1
1753503803404,04:23:23.404,AAVE/USDT:USDT,297.2,52.7,297.19,26.8,297.21,24.6,297.23,13.1
1753503803604,04:23:23.604,AAVE/USDT:USDT,297.2,52.7,297.19,26.8,297.21,4.4,297.23,83.8
1753503803804,04:23:23.804,AAVE/USDT:USDT,297.2,52.7,297.19,26.8,297.21,4.4,297.23,83.8
1753503803904,04:23:23.904,AAVE/USDT:USDT,297.2,52.7,297.19,26.8,297.21,4.4,297.23,83.8
1753503804604,04:23:24.604,AAVE/USDT:USDT,297.2,53.7,297.19,26.8,297.21,24.9,297.23,129.8
1753503804904,04:23:24.904,AAVE/USDT:USDT,297.2,53.7,297.19,26.8,297.21,158.5,297.22,25.1
1753503805004,04:23:25.004,AAVE/USDT:USDT,297.2,53.7,297.19,26.8,297.21,50.7,297.22,25.8
1753503805104,04:23:25.104,AAVE/USDT:USDT,297.2,53.7,297.19,26.8,297.21,50.0,297.22,25.1
1753503805204,04:23:25.204,AAVE/USDT:USDT,297.2,55.1,297.19,26.8,297.21,24.9,297.23,129.8
1753503805404,04:23:25.404,AAVE/USDT:USDT,297.2,55.1,297.19,26.8,297.21,158.4,297.22,25.1
1753503805504,04:23:25.504,AAVE/USDT:USDT,297.2,55.1,297.19,26.8,297.21,25.0,297.23,108.9
1753503805804,04:23:25.804,AAVE/USDT:USDT,297.2,55.1,297.19,43.6,297.21,25.0,297.22,25.1
1753503805904,04:23:25.904,AAVE/USDT:USDT,297.2,55.1,297.19,43.6,297.21,25.0,297.23,83.8
1753503806104,04:23:26.104,AAVE/USDT:USDT,297.2,55.1,297.19,43.6,297.21,50.1,297.22,25.1
1753503806204,04:23:26.204,AAVE/USDT:USDT,297.2,55.1,297.19,43.6,297.21,50.1,297.22,25.1
1753503806304,04:23:26.304,AAVE/USDT:USDT,297.2,55.1,297.19,43.6,297.21,50.1,297.22,25.8
1753503806404,04:23:26.404,AAVE/USDT:USDT,297.2,55.1,297.19,43.6,297.21,50.1,297.22,25.8
1753503806604,04:23:26.604,AAVE/USDT:USDT,297.2,55.1,297.19,43.6,297.21,158.6,297.22,25.8
1753503806704,04:23:26.704,AAVE/USDT:USDT,297.2,55.1,297.19,43.6,297.21,50.1,297.22,25.8
1753503806904,04:23:26.904,AAVE/USDT:USDT,297.2,55.1,297.19,68.8,297.21,48.3,297.22,25.8
1753503807304,04:23:27.304,AAVE/USDT:USDT,297.2,55.1,297.19,68.8,297.21,50.1,297.22,25.8
1753503807404,04:23:27.404,AAVE/USDT:USDT,297.2,55.1,297.19,68.8,297.21,93.8,297.22,25.8
1753503807704,04:23:27.704,AAVE/USDT:USDT,297.2,55.1,297.19,52.0,297.21,75.2,297.22,25.8
1753503807804,04:23:27.804,AAVE/USDT:USDT,297.2,55.1,297.19,52.0,297.21,75.2,297.22,25.8
1753503807904,04:23:27.904,AAVE/USDT:USDT,297.2,55.1,297.19,26.8,297.21,72.6,297.22,25.8
1753503808004,04:23:28.004,AAVE/USDT:USDT,297.2,55.1,297.19,26.8,297.21,72.6,297.22,25.8
1753503808204,04:23:28.204,AAVE/USDT:USDT,297.2,55.1,297.19,26.8,297.21,72.6,297.22,25.8
1753503808504,04:23:28.504,AAVE/USDT:USDT,297.2,55.1,297.19,26.8,297.21,181.1,297.22,25.8
1753503808604,04:23:28.604,AAVE/USDT:USDT,297.2,55.1,297.19,26.8,297.21,181.1,297.22,25.8
1753503808804,04:23:28.804,AAVE/USDT:USDT,297.2,55.1,297.19,26.8,297.21,89.4,297.22,40.4
1753503808904,04:23:28.904,AAVE/USDT:USDT,297.2,55.1,297.19,26.8,297.21,181.1,297.22,25.8
1753503809004,04:23:29.004,AAVE/USDT:USDT,297.2,55.1,297.19,26.8,297.21,197.5,297.22,40.4
1753503809204,04:23:29.204,AAVE/USDT:USDT,297.2,37.9,297.19,26.8,297.21,122.2,297.22,25.1
1753503809504,04:23:29.504,AAVE/USDT:USDT,297.2,38.9,297.19,26.8,297.21,122.4,297.22,25.1
1753503809604,04:23:29.604,AAVE/USDT:USDT,297.2,38.9,297.19,26.8,297.21,146.6,297.22,25.1
1753503809804,04:23:29.804,AAVE/USDT:USDT,297.2,38.9,297.19,26.8,297.21,255.3,297.22,25.1
1753503810104,04:23:30.104,AAVE/USDT:USDT,297.2,20.6,297.19,1.0,297.21,270.4,297.22,77.5
1753503810504,04:23:30.504,AAVE/USDT:USDT,297.2,5.9,297.19,1.0,297.21,273.6,297.22,77.5
1753503810804,04:23:30.804,AAVE/USDT:USDT,297.2,5.9,297.19,1.0,297.21,273.6,297.22,77.5
1753503810904,04:23:30.904,AAVE/USDT:USDT,297.2,5.9,297.19,1.0,297.21,273.6,297.22,77.5
1753503811104,04:23:31.104,AAVE/USDT:USDT,297.2,5.9,297.19,1.0,297.21,273.6,297.22,77.5
1753503812304,04:23:32.304,AAVE/USDT:USDT,297.2,20.2,297.19,1.0,297.21,219.3,297.22,21.3
1753503812604,04:23:32.604,AAVE/USDT:USDT,297.2,20.2,297.19,1.0,297.21,276.6,297.22,61.0
1753503812804,04:23:32.804,AAVE/USDT:USDT,297.2,5.9,297.19,1.0,297.21,276.6,297.22,61.0
1753503813104,04:23:33.104,AAVE/USDT:USDT,297.2,5.9,297.19,1.0,297.21,276.6,297.22,61.0
1753503813304,04:23:33.304,AAVE/USDT:USDT,297.2,5.9,297.19,1.0,297.21,276.1,297.22,70.3
1753503813404,04:23:33.404,AAVE/USDT:USDT,297.2,5.9,297.19,1.0,297.21,276.1,297.22,70.3
1753503813504,04:23:33.504,AAVE/USDT:USDT,297.2,5.9,297.19,1.0,297.21,276.1,297.22,70.3
1753503813804,04:23:33.804,AAVE/USDT:USDT,297.2,5.9,297.19,1.0,297.21,260.8,297.22,69.6
1753503813904,04:23:33.904,AAVE/USDT:USDT,297.2,5.9,297.19,1.0,297.21,236.4,297.22,69.6
1753503814004,04:23:34.004,AAVE/USDT:USDT,297.2,5.9,297.19,1.0,297.21,236.4,297.22,69.6
1753503814204,04:23:34.204,AAVE/USDT:USDT,297.2,5.9,297.19,1.0,297.21,275.4,297.22,69.6
1753503814904,04:23:34.904,AAVE/USDT:USDT,297.2,1.6,297.19,1.0,297.21,261.5,297.22,70.3
1753503815604,04:23:35.604,AAVE/USDT:USDT,297.19,0.3,297.18,14.7,297.2,223.4,297.21,111.9
1753503816304,04:23:36.304,AAVE/USDT:USDT,297.19,0.3,297.18,14.7,297.2,263.2,297.21,133.0
1753503816604,04:23:36.604,AAVE/USDT:USDT,297.19,0.3,297.18,14.7,297.2,240.2,297.21,133.0
1753503816804,04:23:36.804,AAVE/USDT:USDT,297.19,0.3,297.18,14.7,297.2,263.2,297.21,147.5
1753503816904,04:23:36.904,AAVE/USDT:USDT,297.19,0.3,297.18,14.7,297.2,240.2,297.21,110.0
1753503817004,04:23:37.004,AAVE/USDT:USDT,297.19,0.3,297.18,14.7,297.2,240.2,297.21,133.0
1753503817104,04:23:37.104,AAVE/USDT:USDT,297.19,0.3,297.18,14.7,297.2,264.4,297.21,147.0
1753503817204,04:23:37.204,AAVE/USDT:USDT,297.19,0.3,297.18,14.7,297.2,363.2,297.21,85.0
1753503817404,04:23:37.404,AAVE/USDT:USDT,297.19,0.3,297.18,14.7,297.2,337.5,297.21,47.5
1753503817604,04:23:37.604,AAVE/USDT:USDT,297.19,23.9,297.18,14.7,297.2,229.0,297.21,47.5
1753503817704,04:23:37.704,AAVE/USDT:USDT,297.19,23.9,297.18,14.7,297.2,229.0,297.21,47.5
1753503818104,04:23:38.104,AAVE/USDT:USDT,297.19,23.9,297.18,14.7,297.2,361.2,297.21,85.0
1753503818304,04:23:38.304,AAVE/USDT:USDT,297.19,23.9,297.18,0.4,297.2,361.2,297.21,85.0
1753503818704,04:23:38.704,AAVE/USDT:USDT,297.19,24.6,297.18,0.4,297.2,360.5,297.21,70.5
1753503818904,04:23:38.904,AAVE/USDT:USDT,297.19,24.6,297.18,0.4,297.2,360.5,297.21,70.5
1753503819104,04:23:39.104,AAVE/USDT:USDT,297.19,24.6,297.18,0.4,297.2,360.5,297.21,70.5
1753503819504,04:23:39.504,AAVE/USDT:USDT,297.19,23.9,297.18,0.4,297.2,362.1,297.21,69.8
1753503819604,04:23:39.604,AAVE/USDT:USDT,297.19,23.9,297.18,0.4,297.2,362.1,297.21,69.8
1753503819704,04:23:39.704,AAVE/USDT:USDT,297.19,23.9,297.18,0.4,297.2,362.1,297.21,69.8
1753503819804,04:23:39.804,AAVE/USDT:USDT,297.19,23.9,297.18,0.4,297.2,362.1,297.21,69.8
1753503819904,04:23:39.904,AAVE/USDT:USDT,297.19,23.9,297.18,0.4,297.2,362.1,297.21,69.8
1753503820104,04:23:40.104,AAVE/USDT:USDT,297.19,23.9,297.18,0.4,297.2,362.1,297.21,69.8
1753503820504,04:23:40.504,AAVE/USDT:USDT,297.19,46.3,297.18,14.7,297.2,293.3,297.21,69.8
1753503821404,04:23:41.404,AAVE/USDT:USDT,297.19,23.9,297.18,14.7,297.2,321.2,297.21,83.9
1753503821504,04:23:41.504,AAVE/USDT:USDT,297.19,23.9,297.18,14.7,297.2,307.8,297.21,83.9
1753503821604,04:23:41.604,AAVE/USDT:USDT,297.19,23.9,297.18,14.7,297.2,307.8,297.21,83.9
1753503822204,04:23:42.204,AAVE/USDT:USDT,297.19,23.9,297.18,14.7,297.2,307.8,297.21,83.9
1753503822704,04:23:42.704,AAVE/USDT:USDT,297.19,76.3,297.18,14.7,297.2,101.1,297.21,23.5
1753503822904,04:23:42.904,AAVE/USDT:USDT,297.19,56.1,297.18,14.7,297.2,231.7,297.21,23.5
1753503823004,04:23:43.004,AAVE/USDT:USDT,297.19,56.1,297.18,14.7,297.2,123.2,297.21,24.2
1753503823604,04:23:43.604,AAVE/USDT:USDT,297.19,59.7,297.18,0.4,297.2,251.4,297.21,23.5
1753503823704,04:23:43.704,AAVE/USDT:USDT,297.19,59.7,297.18,0.4,297.2,251.4,297.21,36.8
1753503824204,04:23:44.204,AAVE/USDT:USDT,297.19,59.7,297.18,14.7,297.2,142.9,297.21,23.5
1753503824304,04:23:44.304,AAVE/USDT:USDT,297.19,59.7,297.18,14.7,297.2,142.9,297.21,23.5
1753503824404,04:23:44.404,AAVE/USDT:USDT,297.19,59.7,297.18,14.7,297.2,142.9,297.21,23.5
1753503824604,04:23:44.604,AAVE/USDT:USDT,297.19,59.7,297.18,14.7,297.2,142.9,297.21,23.5
1753503825404,04:23:45.404,AAVE/USDT:USDT,297.19,59.6,297.18,14.7,297.2,251.1,297.21,36.7
1753503825604,04:23:45.604,AAVE/USDT:USDT,297.19,59.6,297.18,14.7,297.2,142.8,297.21,36.7
1753503826304,04:23:46.304,AAVE/USDT:USDT,297.19,59.6,297.18,14.7,297.2,100.5,297.21,1.2
1753503826704,04:23:46.704,AAVE/USDT:USDT,297.19,59.5,297.18,14.7,297.2,244.8,297.21,23.4
1753503826804,04:23:46.804,AAVE/USDT:USDT,297.19,59.5,297.18,14.7,297.2,244.8,297.21,23.4
1753503826904,04:23:46.904,AAVE/USDT:USDT,297.19,59.5,297.18,14.7,297.2,244.8,297.21,23.4
1753503827104,04:23:47.104,AAVE/USDT:USDT,297.19,59.5,297.18,14.7,297.2,136.1,297.21,23.4
1753503828204,04:23:48.204,AAVE/USDT:USDT,297.19,61.7,297.18,0.4,297.2,282.1,297.21,36.7
1753503828304,04:23:48.304,AAVE/USDT:USDT,297.19,61.7,297.18,0.4,297.2,282.1,297.21,36.7
1753503828804,04:23:48.804,AAVE/USDT:USDT,297.19,61.7,297.18,0.4,297.2,295.1,297.21,36.7
1753503829204,04:23:49.204,AAVE/USDT:USDT,297.16,0.2,297.15,0.3,297.17,23.1,297.18,313.0
1753503829504,04:23:49.504,AAVE/USDT:USDT,297.14,0.1,297.13,265.0,297.15,116.5,297.16,101.4
1753503829804,04:23:49.804,AAVE/USDT:USDT,297.14,20.5,297.13,265.0,297.15,88.1,297.16,96.2
1753503829904,04:23:49.904,AAVE/USDT:USDT,297.14,0.3,297.13,265.0,297.15,107.8,297.16,82.8
1753503830004,04:23:50.004,AAVE/USDT:USDT,297.14,0.1,297.13,265.0,297.15,107.6,297.16,96.2
1753503830304,04:23:50.304,AAVE/USDT:USDT,297.14,0.1,297.13,265.0,297.15,121.2,297.16,96.2
1753503830804,04:23:50.804,AAVE/USDT:USDT,297.14,33.3,297.13,265.0,297.15,56.1,297.16,42.5
1753503831004,04:23:51.004,AAVE/USDT:USDT,297.14,36.3,297.13,265.0,297.15,1.8,297.16,20.2
1753503831704,04:23:51.704,AAVE/USDT:USDT,297.17,82.8,297.16,70.5,297.18,1.7,297.19,7.0
1753503831804,04:23:51.804,AAVE/USDT:USDT,297.17,50.2,297.16,70.5,297.18,1.7,297.19,7.0
1753503831904,04:23:51.904,AAVE/USDT:USDT,297.17,50.2,297.16,70.5,297.18,1.7,297.19,7.0
1753503832004,04:23:52.004,AAVE/USDT:USDT,297.17,50.2,297.16,70.5,297.18,1.7,297.19,7.0
1753503832104,04:23:52.104,AAVE/USDT:USDT,297.17,50.2,297.16,57.5,297.18,2.2,297.19,7.0
1753503832404,04:23:52.404,AAVE/USDT:USDT,297.17,43.8,297.16,57.5,297.18,2.2,297.19,6.7
1753503832904,04:23:52.904,AAVE/USDT:USDT,297.17,50.5,297.16,34.5,297.18,2.3,297.19,0.2
1753503833004,04:23:53.004,AAVE/USDT:USDT,297.17,50.5,297.16,34.5,297.18,2.3,297.19,0.2
1753503833204,04:23:53.204,AAVE/USDT:USDT,297.17,40.8,297.16,34.5,297.18,169.3,297.19,92.6
1753503833804,04:23:53.804,AAVE/USDT:USDT,297.17,12.8,297.16,34.5,297.18,147.8,297.19,67.0
1753503834004,04:23:54.004,AAVE/USDT:USDT,297.17,7.6,297.16,34.5,297.18,199.8,297.19,79.8
1753503834104,04:23:54.104,AAVE/USDT:USDT,297.17,7.6,297.16,34.5,297.18,187.0,297.19,67.0
1753503834204,04:23:54.204,AAVE/USDT:USDT,297.17,27.8,297.16,34.5,297.18,57.5,297.19,45.7
1753503834804,04:23:54.804,AAVE/USDT:USDT,297.17,0.8,297.15,25.7,297.18,167.6,297.19,67.5
1753503835604,04:23:55.604,AAVE/USDT:USDT,297.17,1.0,297.15,0.3,297.18,201.6,297.19,67.5
1753503836404,04:23:56.404,AAVE/USDT:USDT,297.17,1.0,297.15,0.3,297.18,295.0,297.19,33.7
1753503836504,04:23:56.504,AAVE/USDT:USDT,297.17,1.0,297.15,0.3,297.18,295.0,297.19,33.7
1753503836704,04:23:56.704,AAVE/USDT:USDT,297.17,1.0,297.15,0.3,297.18,261.5,297.19,33.7
1753503837404,04:23:57.404,AAVE/USDT:USDT,297.17,28.0,297.16,21.0,297.18,129.3,297.19,23.2
1753503837704,04:23:57.704,AAVE/USDT:USDT,297.17,28.0,297.16,21.0,297.18,214.9,297.19,23.2
1753503837804,04:23:57.804,AAVE/USDT:USDT,297.17,28.0,297.16,21.0,297.18,106.6,297.19,23.2
1753503838204,04:23:58.204,AAVE/USDT:USDT,297.17,28.0,297.16,21.0,297.18,251.9,297.19,37.0
1753503838404,04:23:58.404,AAVE/USDT:USDT,297.17,7.8,297.16,14.3,297.18,268.6,297.19,37.0
1753503838904,04:23:58.904,AAVE/USDT:USDT,297.17,28.9,297.16,14.3,297.18,238.1,297.19,23.2
1753503839004,04:23:59.004,AAVE/USDT:USDT,297.17,28.9,297.16,14.3,297.18,238.1,297.19,37.0
1753503839104,04:23:59.104,AAVE/USDT:USDT,297.17,28.9,297.16,14.3,297.18,238.1,297.19,37.0
1753503839704,04:23:59.704,AAVE/USDT:USDT,297.17,1.9,297.15,0.3,297.18,235.0,297.19,14.0
1753503840404,04:24:00.404,AAVE/USDT:USDT,297.17,2.5,297.15,0.3,297.18,234.5,297.19,14.0
1753503840704,04:24:00.704,AAVE/USDT:USDT,297.17,22.7,297.16,14.3,297.18,106.1,297.19,0.2
1753503840904,04:24:00.904,AAVE/USDT:USDT,297.17,29.5,297.16,14.3,297.18,106.1,297.19,0.4
1753503841804,04:24:01.804,AAVE/USDT:USDT,297.17,29.3,297.16,21.0,297.18,106.2,297.19,0.4
1753503842004,04:24:02.004,AAVE/USDT:USDT,297.17,22.5,297.16,14.3,297.18,270.4,297.19,37.2
1753503842804,04:24:02.804,AAVE/USDT:USDT,297.17,2.3,297.15,0.3,297.18,245.8,297.19,37.2
1753503843504,04:24:03.504,AAVE/USDT:USDT,297.17,2.5,297.15,0.3,297.18,269.4,297.19,37.2
1753503843904,04:24:03.904,AAVE/USDT:USDT,297.17,2.5,297.15,0.3,297.18,232.6,297.19,14.2
1753503844604,04:24:04.604,AAVE/USDT:USDT,297.17,2.5,297.15,0.3,297.18,232.6,297.19,0.4
1753503844804,04:24:04.804,AAVE/USDT:USDT,297.17,29.5,297.16,14.3,297.18,106.9,297.19,0.4
1753503844904,04:24:04.904,AAVE/USDT:USDT,297.17,29.5,297.16,14.3,297.18,215.4,297.19,0.4
1753503845004,04:24:05.004,AAVE/USDT:USDT,297.17,29.5,297.16,14.3,297.18,215.4,297.19,0.4
1753503845204,04:24:05.204,AAVE/USDT:USDT,297.15,37.2,297.14,22.7,297.16,143.2,297.17,88.9
1753503845304,04:24:05.304,AAVE/USDT:USDT,297.16,68.1,297.15,82.1,297.17,57.0,297.18,106.8
1753503845404,04:24:05.404,AAVE/USDT:USDT,297.17,25.4,297.16,85.0,297.18,106.7,297.19,7.0
1753503845704,04:24:05.704,AAVE/USDT:USDT,297.17,101.5,297.16,84.8,297.18,106.9,297.19,0.4
1753503846804,04:24:06.804,AAVE/USDT:USDT,297.17,101.1,297.16,82.7,297.18,98.7,297.19,0.4
1753503847404,04:24:07.404,AAVE/USDT:USDT,297.17,56.8,297.16,39.7,297.18,98.7,297.19,0.4
1753503847904,04:24:07.904,AAVE/USDT:USDT,297.17,26.0,297.16,39.7,297.18,99.4,297.19,0.4
1753503848004,04:24:08.004,AAVE/USDT:USDT,297.17,26.0,297.16,39.7,297.18,99.4,297.19,0.4
1753503848104,04:24:08.104,AAVE/USDT:USDT,297.17,26.0,297.16,39.7,297.18,207.7,297.19,16.5
1753503848404,04:24:08.404,AAVE/USDT:USDT,297.17,26.0,297.16,39.7,297.18,207.7,297.19,43.4
1753503848604,04:24:08.604,AAVE/USDT:USDT,297.17,34.0,297.16,39.7,297.18,99.7,297.19,16.5
1753503849104,04:24:09.104,AAVE/USDT:USDT,297.17,160.8,297.16,82.7,297.18,99.9,297.19,0.4
1753503849904,04:24:09.904,AAVE/USDT:USDT,297.16,134.3,297.15,127.6,297.17,1.2,297.18,98.7
1753503850004,04:24:10.004,AAVE/USDT:USDT,297.16,228.2,297.15,127.6,297.17,1.2,297.18,98.7
1753503850104,04:24:10.104,AAVE/USDT:USDT,297.16,134.5,297.15,127.6,297.17,1.2,297.18,98.7
1753503850204,04:24:10.204,AAVE/USDT:USDT,297.16,134.5,297.15,127.6,297.17,1.2,297.18,98.7
1753503850904,04:24:10.904,AAVE/USDT:USDT,297.16,70.8,297.15,62.2,297.17,1.2,297.18,98.7
1753503851004,04:24:11.004,AAVE/USDT:USDT,297.16,70.8,297.15,62.2,297.17,1.2,297.18,98.7
1753503851504,04:24:11.504,AAVE/USDT:USDT,297.16,50.6,297.15,62.2,297.17,98.0,297.18,1.3
1753503851704,04:24:11.704,AAVE/USDT:USDT,297.16,33.8,297.15,62.2,297.17,98.0,297.18,1.3
1753503851804,04:24:11.804,AAVE/USDT:USDT,297.16,33.8,297.15,45.4,297.17,98.0,297.18,1.3
1753503852004,04:24:12.004,AAVE/USDT:USDT,297.16,33.8,297.15,45.4,297.17,98.0,297.18,1.3
1753503852404,04:24:12.404,AAVE/USDT:USDT,297.16,10.8,297.15,45.4,297.17,195.7,297.18,1.3
1753503852604,04:24:12.604,AAVE/USDT:USDT,297.16,4.1,297.15,20.2,297.17,196.0,297.18,0.8
1753503852704,04:24:12.704,AAVE/USDT:USDT,297.16,4.1,297.15,45.4,297.17,196.2,297.18,0.8
1753503852804,04:24:12.804,AAVE/USDT:USDT,297.16,31.0,297.15,62.2,297.17,87.9,297.18,0.6
1753503852904,04:24:12.904,AAVE/USDT:USDT,297.16,31.0,297.15,45.4,297.17,87.9,297.18,0.6
1753503853004,04:24:13.004,AAVE/USDT:USDT,297.16,31.0,297.15,45.4,297.17,87.9,297.18,0.6
1753503853204,04:24:13.204,AAVE/USDT:USDT,297.16,31.0,297.15,45.4,297.17,87.9,297.18,0.6
1753503853504,04:24:13.504,AAVE/USDT:USDT,297.16,44.4,297.15,112.6,297.17,87.9,297.18,0.6
1753503853804,04:24:13.804,AAVE/USDT:USDT,297.16,64.7,297.15,112.6,297.17,88.4,297.18,0.1
1753503853904,04:24:13.904,AAVE/USDT:USDT,297.16,64.7,297.15,112.6,297.17,88.4,297.18,0.1
1753503854004,04:24:14.004,AAVE/USDT:USDT,297.16,64.7,297.15,112.6,297.17,88.4,297.18,0.1
1753503854104,04:24:14.104,AAVE/USDT:USDT,297.16,64.7,297.15,95.8,297.17,88.4,297.18,0.1
1753503854404,04:24:14.404,AAVE/USDT:USDT,297.16,47.4,297.15,95.8,297.17,88.4,297.18,0.1
1753503854704,04:24:14.704,AAVE/USDT:USDT,297.16,114.2,297.15,142.6,297.17,88.4,297.18,0.1
1753503854904,04:24:14.904,AAVE/USDT:USDT,297.16,114.2,297.15,142.6,297.17,88.4,297.18,0.1
1753503855004,04:24:15.004,AAVE/USDT:USDT,297.16,113.5,297.15,141.9,297.17,88.4,297.18,0.1
1753503855404,04:24:15.404,AAVE/USDT:USDT,297.16,113.6,297.15,152.2,297.17,89.6,297.18,0.1
1753503855704,04:24:15.704,AAVE/USDT:USDT,297.16,113.6,297.15,152.2,297.17,89.6,297.18,0.1
1753503856004,04:24:16.004,AAVE/USDT:USDT,297.16,84.8,297.15,152.2,297.17,89.6,297.18,0.1
1753503856104,04:24:16.104,AAVE/USDT:USDT,297.16,84.8,297.15,152.2,297.17,89.5,297.18,0.1
1753503856204,04:24:16.204,AAVE/USDT:USDT,297.16,67.5,297.15,122.7,297.17,89.5,297.18,0.1
1753503857404,04:24:17.404,AAVE/USDT:USDT,297.16,107.6,297.15,106.1,297.17,90.6,297.18,0.1
1753503857604,04:24:17.604,AAVE/USDT:USDT,297.16,100.9,297.15,106.1,297.17,87.7,297.18,0.1
1753503858004,04:24:18.004,AAVE/USDT:USDT,297.16,107.6,297.15,131.3,297.17,87.7,297.18,0.1
1753503858104,04:24:18.104,AAVE/USDT:USDT,297.16,87.6,297.15,130.6,297.17,87.7,297.18,0.1
1753503858304,04:24:18.304,AAVE/USDT:USDT,297.16,87.6,297.15,130.6,297.17,87.7,297.18,0.1
1753503858504,04:24:18.504,AAVE/USDT:USDT,297.16,87.6,297.15,130.6,297.17,87.7,297.18,0.1
1753503858604,04:24:18.604,AAVE/USDT:USDT,297.16,107.2,297.15,172.3,297.17,87.7,297.18,0.1
1753503858804,04:24:18.804,AAVE/USDT:USDT,297.16,107.4,297.15,191.6,297.17,87.7,297.18,0.1
1753503858904,04:24:18.904,AAVE/USDT:USDT,297.16,107.4,297.15,164.0,297.17,87.7,297.18,0.1
1753503859004,04:24:19.004,AAVE/USDT:USDT,297.16,107.4,297.15,147.4,297.17,87.7,297.18,0.1
1753503859104,04:24:19.104,AAVE/USDT:USDT,297.16,151.6,297.15,191.6,297.17,87.7,297.18,0.1
1753503859204,04:24:19.204,AAVE/USDT:USDT,297.16,108.1,297.15,175.7,297.17,87.7,297.18,0.1
1753503859604,04:24:19.604,AAVE/USDT:USDT,297.16,87.3,297.15,147.2,297.17,87.9,297.18,0.1
1753503860004,04:24:20.004,AAVE/USDT:USDT,297.16,87.3,297.15,130.6,297.17,87.9,297.18,0.1
1753503860704,04:24:20.704,AAVE/USDT:USDT,297.25,49.5,297.24,63.2,297.26,169.6,297.27,43.7
1753503860904,04:24:20.904,AAVE/USDT:USDT,297.25,49.5,297.24,38.0,297.26,61.1,297.27,6.7
1753503861304,04:24:21.304,AAVE/USDT:USDT,297.25,26.8,297.24,38.0,297.26,169.6,297.28,37.7
1753503862104,04:24:22.104,AAVE/USDT:USDT,297.25,26.8,297.24,63.2,297.26,61.1,297.28,37.7
1753503862204,04:24:22.204,AAVE/USDT:USDT,297.25,26.8,297.24,63.2,297.26,61.1,297.28,37.7
1753503862404,04:24:22.404,AAVE/USDT:USDT,297.25,26.8,297.24,63.2,297.26,61.1,297.28,37.7
1753503862504,04:24:22.504,AAVE/USDT:USDT,297.25,26.8,297.24,63.2,297.26,61.1,297.28,74.4
1753503862704,04:24:22.704,AAVE/USDT:USDT,297.25,26.8,297.24,46.4,297.26,206.3,297.27,36.7
1753503862804,04:24:22.804,AAVE/USDT:USDT,297.25,26.8,297.24,46.4,297.26,169.6,297.28,116.1
1753503862904,04:24:22.904,AAVE/USDT:USDT,297.25,26.8,297.24,46.4,297.26,169.6,297.28,116.1
1753503863204,04:24:23.204,AAVE/USDT:USDT,297.25,26.8,297.24,46.4,297.26,61.1,297.28,116.1
1753503863404,04:24:23.404,AAVE/USDT:USDT,297.25,26.8,297.24,46.4,297.26,97.7,297.27,36.7
1753503863504,04:24:23.504,AAVE/USDT:USDT,297.25,26.8,297.24,21.2,297.26,61.2,297.28,109.4
1753503863804,04:24:23.804,AAVE/USDT:USDT,297.25,26.8,297.24,21.2,297.26,62.3,297.28,109.4
1753503863904,04:24:23.904,AAVE/USDT:USDT,297.25,26.8,297.24,21.2,297.26,207.5,297.27,36.7
1753503864404,04:24:24.404,AAVE/USDT:USDT,297.25,20.1,297.24,0.2,297.26,315.8,297.27,85.8
1753503864504,04:24:24.504,AAVE/USDT:USDT,297.25,20.4,297.24,0.2,297.26,257.1,297.27,27.1
1753503865304,04:24:25.304,AAVE/USDT:USDT,297.25,15.1,297.24,0.2,297.26,313.3,297.27,85.8
1753503865704,04:24:25.704,AAVE/USDT:USDT,297.25,15.1,297.24,0.2,297.26,313.3,297.27,85.8
1753503865904,04:24:25.904,AAVE/USDT:USDT,297.25,15.1,297.23,0.3,297.26,313.3,297.27,85.8
1753503866104,04:24:26.104,AAVE/USDT:USDT,297.25,14.9,297.23,0.3,297.26,276.6,297.27,49.1
1753503866404,04:24:26.404,AAVE/USDT:USDT,297.25,14.9,297.23,0.3,297.26,296.5,297.27,85.8
1753503866504,04:24:26.504,AAVE/USDT:USDT,297.25,14.9,297.23,0.3,297.26,296.5,297.27,85.8
1753503866604,04:24:26.604,AAVE/USDT:USDT,297.25,14.9,297.23,0.3,297.26,296.5,297.27,85.8
1753503866704,04:24:26.704,AAVE/USDT:USDT,297.25,14.9,297.23,0.3,297.26,296.5,297.27,85.8
1753503867004,04:24:27.004,AAVE/USDT:USDT,297.25,14.9,297.23,0.3,297.26,296.5,297.27,85.8
1753503867204,04:24:27.204,AAVE/USDT:USDT,297.25,14.9,297.23,0.3,297.26,296.5,297.27,85.8
1753503867304,04:24:27.304,AAVE/USDT:USDT,297.25,14.9,297.23,0.3,297.26,296.8,297.27,85.8
1753503867604,04:24:27.604,AAVE/USDT:USDT,297.25,14.9,297.23,0.3,297.26,296.8,297.27,85.8
1753503867704,04:24:27.704,AAVE/USDT:USDT,297.25,14.9,297.23,0.3,297.26,296.8,297.27,85.8
1753503868204,04:24:28.204,AAVE/USDT:USDT,297.25,14.9,297.23,0.3,297.26,297.5,297.27,86.5
1753503868604,04:24:28.604,AAVE/USDT:USDT,297.25,25.2,297.23,0.3,297.26,238.0,297.28,72.7
1753503868804,04:24:28.804,AAVE/USDT:USDT,297.25,25.2,297.23,0.3,297.26,238.0,297.27,63.6
1753503869404,04:24:29.404,AAVE/USDT:USDT,297.25,27.2,297.23,0.3,297.26,260.7,297.27,86.3
1753503869904,04:24:29.904,AAVE/USDT:USDT,297.19,23.1,297.18,14.7,297.2,312.5,297.21,80.1
1753503870704,04:24:30.704,AAVE/USDT:USDT,297.14,23.0,297.13,104.6,297.15,146.1,297.16,14.3
1753503870804,04:24:30.804,AAVE/USDT:USDT,297.14,23.0,297.13,104.6,297.15,146.1,297.16,14.3
1753503870904,04:24:30.904,AAVE/USDT:USDT,297.14,23.0,297.13,104.6,297.15,146.1,297.16,14.3
1753503871004,04:24:31.004,AAVE/USDT:USDT,297.14,23.0,297.13,104.6,297.15,146.1,297.16,14.3
1753503871104,04:24:31.104,AAVE/USDT:USDT,297.13,102.8,297.12,0.3,297.14,232.5,297.15,37.3
1753503871504,04:24:31.504,AAVE/USDT:USDT,297.13,102.8,297.12,0.3,297.14,284.4,297.15,73.9
1753503871804,04:24:31.804,AAVE/USDT:USDT,297.13,109.5,297.12,0.3,297.14,126.3,297.15,37.3
1753503872204,04:24:32.204,AAVE/USDT:USDT,297.13,117.9,297.12,0.3,297.14,126.7,297.15,37.3
1753503872304,04:24:32.304,AAVE/USDT:USDT,297.13,117.9,297.12,0.3,297.14,126.7,297.15,37.3
1753503872604,04:24:32.604,AAVE/USDT:USDT,297.13,117.9,297.12,0.3,297.14,126.7,297.15,37.3
1753503872904,04:24:32.904,AAVE/USDT:USDT,297.13,117.9,297.12,0.3,297.14,235.2,297.15,73.9
1753503873004,04:24:33.004,AAVE/USDT:USDT,297.13,117.9,297.12,0.3,297.14,235.2,297.15,73.9
1753503873304,04:24:33.304,AAVE/USDT:USDT,297.13,117.9,297.12,0.3,297.14,235.2,297.15,37.3
1753503873404,04:24:33.404,AAVE/USDT:USDT,297.13,117.9,297.12,0.3,297.14,221.9,297.15,73.9
1753503874204,04:24:34.204,AAVE/USDT:USDT,297.13,124.0,297.12,0.3,297.14,204.5,297.15,37.3
1753503874504,04:24:34.504,AAVE/USDT:USDT,297.13,124.0,297.12,0.3,297.14,241.8,297.15,73.9
1753503875104,04:24:35.104,AAVE/USDT:USDT,297.13,124.0,297.12,0.3,297.14,74.5,297.15,37.3
1753503875504,04:24:35.504,AAVE/USDT:USDT,297.13,124.0,297.12,0.3,297.14,74.5,297.15,37.3
1753503875904,04:24:35.904,AAVE/USDT:USDT,297.13,124.0,297.12,0.3,297.14,211.3,297.15,37.3
1753503876304,04:24:36.304,AAVE/USDT:USDT,297.13,122.6,297.12,0.3,297.14,110.8,297.15,37.3
1753503876404,04:24:36.404,AAVE/USDT:USDT,297.13,122.6,297.12,14.6,297.14,90.6,297.15,37.3
1753503876704,04:24:36.704,AAVE/USDT:USDT,297.13,355.7,297.12,118.6,297.14,44.6,297.16,0.3
1753503876804,04:24:36.804,AAVE/USDT:USDT,297.13,247.2,297.12,118.6,297.14,44.6,297.16,0.3
1753503877004,04:24:37.004,AAVE/USDT:USDT,297.13,355.7,297.12,118.6,297.14,44.6,297.16,0.3
1753503877104,04:24:37.104,AAVE/USDT:USDT,297.13,334.2,297.12,118.6,297.14,44.6,297.16,0.3
1753503877204,04:24:37.204,AAVE/USDT:USDT,297.13,334.2,297.12,118.0,297.14,31.3,297.16,0.3
1753503878204,04:24:38.204,AAVE/USDT:USDT,297.13,240.6,297.12,99.4,297.14,31.8,297.16,21.3
1753503878404,04:24:38.404,AAVE/USDT:USDT,297.13,149.5,297.12,22.0,297.14,35.5,297.16,21.3
1753503879004,04:24:39.004,AAVE/USDT:USDT,297.13,333.5,297.12,151.8,297.14,35.4,297.16,7.0
1753503879204,04:24:39.204,AAVE/USDT:USDT,297.13,353.0,297.12,151.8,297.14,35.4,297.16,7.0
1753503879304,04:24:39.304,AAVE/USDT:USDT,297.13,366.4,297.12,151.8,297.14,35.4,297.16,7.0
1753503879404,04:24:39.404,AAVE/USDT:USDT,297.13,366.4,297.12,151.8,297.14,35.4,297.16,7.0
1753503879504,04:24:39.504,AAVE/USDT:USDT,297.13,391.6,297.12,151.8,297.14,35.4,297.16,7.0
1753503880004,04:24:40.004,AAVE/USDT:USDT,297.13,364.6,297.12,151.8,297.14,35.4,297.16,7.0
1753503880104,04:24:40.104,AAVE/USDT:USDT,297.13,384.9,297.12,151.8,297.14,35.4,297.16,7.0
1753503880604,04:24:40.604,AAVE/USDT:USDT,297.13,384.9,297.12,151.8,297.14,35.4,297.16,7.0
1753503881804,04:24:41.804,AAVE/USDT:USDT,297.13,149.7,297.12,54.9,297.14,35.4,297.16,21.3
1753503881904,04:24:41.904,AAVE/USDT:USDT,297.13,203.9,297.12,75.9,297.14,35.4,297.16,21.3
1753503882004,04:24:42.004,AAVE/USDT:USDT,297.13,149.7,297.12,75.9,297.14,35.4,297.16,21.3
1753503882104,04:24:42.104,AAVE/USDT:USDT,297.13,163.4,297.12,59.1,297.14,35.4,297.16,21.3
1753503882204,04:24:42.204,AAVE/USDT:USDT,297.13,170.2,297.12,59.1,297.14,35.4,297.16,21.3
1753503882304,04:24:42.304,AAVE/USDT:USDT,297.13,170.2,297.12,59.1,297.14,35.8,297.16,21.3
1753503882804,04:24:42.804,AAVE/USDT:USDT,297.13,129.6,297.12,21.3,297.14,88.3,297.15,33.9
1753503882904,04:24:42.904,AAVE/USDT:USDT,297.13,129.6,297.12,21.3,297.14,88.3,297.16,75.5
1753503883004,04:24:43.004,AAVE/USDT:USDT,297.13,129.6,297.12,21.3,297.14,88.1,297.16,21.3
1753503883204,04:24:43.204,AAVE/USDT:USDT,297.13,129.6,297.12,21.3,297.14,88.3,297.16,21.3
1753503883504,04:24:43.504,AAVE/USDT:USDT,297.13,129.6,297.12,21.3,297.14,88.1,297.16,21.3
1753503883704,04:24:43.704,AAVE/USDT:USDT,297.13,136.3,297.12,21.3,297.14,88.1,297.15,33.9
1753503883804,04:24:43.804,AAVE/USDT:USDT,297.13,129.6,297.12,14.6,297.14,122.0,297.15,54.2
1753503883904,04:24:43.904,AAVE/USDT:USDT,297.13,129.6,297.12,14.6,297.14,122.0,297.15,76.9
1753503884004,04:24:44.004,AAVE/USDT:USDT,297.13,125.0,297.12,14.6,297.14,230.5,297.15,76.9
1753503884104,04:24:44.104,AAVE/USDT:USDT,297.13,129.6,297.12,14.6,297.14,87.9,297.15,76.9
1753503884204,04:24:44.204,AAVE/USDT:USDT,297.13,129.6,297.12,14.6,297.14,87.9,297.15,76.9
1753503885004,04:24:45.004,AAVE/USDT:USDT,297.13,129.6,297.12,14.6,297.14,88.3,297.15,33.9
1753503885104,04:24:45.104,AAVE/USDT:USDT,297.13,129.6,297.12,14.6,297.14,88.3,297.15,33.9
1753503885304,04:24:45.304,AAVE/USDT:USDT,297.13,129.3,297.12,14.6,297.14,88.3,297.16,41.6
1753503885404,04:24:45.404,AAVE/USDT:USDT,297.13,129.3,297.12,14.6,297.14,88.3,297.16,75.5
1753503885904,04:24:45.904,AAVE/USDT:USDT,297.13,136.4,297.12,21.3,297.14,50.4,297.16,21.3
1753503886004,04:24:46.004,AAVE/USDT:USDT,297.13,136.4,297.12,21.3,297.14,50.4,297.16,21.3
1753503886204,04:24:46.204,AAVE/USDT:USDT,297.13,136.4,297.12,21.3,297.14,50.4,297.16,75.5
1753503887704,04:24:47.704,AAVE/USDT:USDT,297.13,329.3,297.12,120.7,297.14,36.1,297.16,7.0
1753503888204,04:24:48.204,AAVE/USDT:USDT,297.13,364.9,297.12,164.4,297.14,36.1,297.16,7.0
1753503888404,04:24:48.404,AAVE/USDT:USDT,297.19,159.9,297.18,97.8,297.2,14.6,297.21,47.3
1753503888504,04:24:48.504,AAVE/USDT:USDT,297.19,88.4,297.18,78.3,297.2,14.8,297.21,47.1
1753503888604,04:24:48.604,AAVE/USDT:USDT,297.19,88.4,297.18,78.3,297.2,14.7,297.21,47.1
1753503889604,04:24:49.604,AAVE/USDT:USDT,297.2,5.5,297.19,8.8,297.21,168.9,297.22,149.5
1753503890204,04:24:50.204,AAVE/USDT:USDT,297.19,9.0,297.18,14.7,297.2,145.6,297.21,179.0
1753503890304,04:24:50.304,AAVE/USDT:USDT,297.19,9.0,297.18,14.7,297.2,145.8,297.21,179.0
1753503890404,04:24:50.404,AAVE/USDT:USDT,297.19,9.0,297.18,14.7,297.2,146.9,297.21,169.7
1753503890604,04:24:50.604,AAVE/USDT:USDT,297.19,57.6,297.18,14.4,297.2,20.7,297.21,76.6
1753503890804,04:24:50.804,AAVE/USDT:USDT,297.19,57.6,297.18,14.4,297.2,20.7,297.21,76.6
1753503891704,04:24:51.704,AAVE/USDT:USDT,297.19,8.3,297.18,14.4,297.2,201.1,297.21,126.3
1753503892304,04:24:52.304,AAVE/USDT:USDT,297.19,8.3,297.18,14.4,297.2,92.6,297.21,104.6
1753503892404,04:24:52.404,AAVE/USDT:USDT,297.19,8.3,297.18,14.4,297.2,75.5,297.21,104.6
1753503892504,04:24:52.504,AAVE/USDT:USDT,297.19,7.9,297.18,14.3,297.2,75.3,297.21,104.6
1753503892704,04:24:52.704,AAVE/USDT:USDT,297.19,8.1,297.18,14.3,297.2,183.8,297.21,104.6
1753503892904,04:24:52.904,AAVE/USDT:USDT,297.19,8.1,297.18,14.3,297.2,184.0,297.21,104.6
1753503893004,04:24:53.004,AAVE/USDT:USDT,297.19,8.1,297.18,14.3,297.2,184.0,297.21,104.6
