timestamp,time,symbol,bid1_price,bid1_volume,bid2_price,bid2_volume,ask1_price,ask1_volume,ask2_price,ask2_volume
1753504005174,04:26:45.174,ACH/USDT:USDT,0.022311,2250.0,0.022309,34560.0,0.022316,7450.0,0.022318,27290.0
1753504005775,04:26:45.775,ACH/USDT:USDT,0.022311,2250.0,0.022309,34560.0,0.022316,7450.0,0.022318,27290.0
1753504006675,04:26:46.675,ACH/USDT:USDT,0.022311,3010.0,0.022309,34560.0,0.022316,7450.0,0.022319,90960.0
1753504007176,04:26:47.176,ACH/USDT:USDT,0.022311,3010.0,0.022309,34560.0,0.022316,7450.0,0.022319,90960.0
1753504009076,04:26:49.076,ACH/USDT:USDT,0.022311,3010.0,0.022309,34560.0,0.022316,7450.0,0.022319,90960.0
1753504009275,04:26:49.275,ACH/USDT:USDT,0.022311,3010.0,0.022309,34560.0,0.022316,7450.0,0.022319,90960.0
1753504009374,04:26:49.374,ACH/USDT:USDT,0.022311,3010.0,0.022309,34560.0,0.022316,7450.0,0.022319,90960.0
1753504010174,04:26:50.174,ACH/USDT:USDT,0.022311,3010.0,0.022309,34560.0,0.022316,7450.0,0.022319,90960.0
1753504011073,04:26:51.073,ACH/USDT:USDT,0.022311,3010.0,0.022309,34560.0,0.022316,7450.0,0.022319,90960.0
1753504011575,04:26:51.575,ACH/USDT:USDT,0.022313,1460.0,0.022311,4690.0,0.022316,7450.0,0.022319,90960.0
1753504011674,04:26:51.674,ACH/USDT:USDT,0.022313,2060.0,0.022311,1730.0,0.022316,7450.0,0.022319,90960.0
1753504011873,04:26:51.873,ACH/USDT:USDT,0.022313,2060.0,0.022311,1730.0,0.022316,7450.0,0.022319,90960.0
1753504012875,04:26:52.875,ACH/USDT:USDT,0.022313,2060.0,0.022311,1730.0,0.022316,7450.0,0.022319,90960.0
1753504013475,04:26:53.475,ACH/USDT:USDT,0.022313,5070.0,0.022311,1730.0,0.022316,7450.0,0.022319,90960.0
1753504014075,04:26:54.075,ACH/USDT:USDT,0.022313,5070.0,0.022311,1730.0,0.022316,7450.0,0.022319,90960.0
1753504014173,04:26:54.173,ACH/USDT:USDT,0.022313,3260.0,0.022311,1730.0,0.022316,7450.0,0.022319,90960.0
1753504014774,04:26:54.774,ACH/USDT:USDT,0.022313,3260.0,0.022311,1730.0,0.022316,7450.0,0.022319,90960.0
1753504015174,04:26:55.174,ACH/USDT:USDT,0.022313,3260.0,0.022311,1730.0,0.022316,7450.0,0.022319,90960.0
1753504016075,04:26:56.075,ACH/USDT:USDT,0.022313,3260.0,0.022311,1730.0,0.022316,7450.0,0.022319,90960.0
1753504017073,04:26:57.073,ACH/USDT:USDT,0.022313,3260.0,0.022311,1500.0,0.022316,7450.0,0.022319,90960.0
1753504017174,04:26:57.174,ACH/USDT:USDT,0.022313,3260.0,0.022311,1500.0,0.022316,7450.0,0.022319,90960.0
1753504017673,04:26:57.673,ACH/USDT:USDT,0.022313,3260.0,0.022311,1500.0,0.022316,7450.0,0.022319,90960.0
1753504017775,04:26:57.775,ACH/USDT:USDT,0.022313,2360.0,0.022311,1500.0,0.022316,7450.0,0.022319,90960.0
1753504017874,04:26:57.874,ACH/USDT:USDT,0.022315,1500.0,0.022313,1460.0,0.022319,90960.0,0.022322,3600.0
1753504017974,04:26:57.974,ACH/USDT:USDT,0.022315,1500.0,0.022313,1460.0,0.022319,90960.0,0.022322,1630.0
1753504018073,04:26:58.073,ACH/USDT:USDT,0.022315,2860.0,0.022313,1460.0,0.022319,90960.0,0.022322,1630.0
1753504018274,04:26:58.274,ACH/USDT:USDT,0.022315,2860.0,0.022313,1460.0,0.022319,90960.0,0.022322,1630.0
1753504018375,04:26:58.375,ACH/USDT:USDT,0.022315,2860.0,0.022313,1460.0,0.022319,90960.0,0.022322,1630.0
1753504018574,04:26:58.574,ACH/USDT:USDT,0.022315,2860.0,0.022313,1460.0,0.022319,90960.0,0.022321,1400.0
1753504018875,04:26:58.875,ACH/USDT:USDT,0.022315,2860.0,0.022313,1460.0,0.022319,90960.0,0.022321,1400.0
1753504018973,04:26:58.973,ACH/USDT:USDT,0.022315,6020.0,0.022313,1460.0,0.022319,90960.0,0.022321,1400.0
1753504019073,04:26:59.073,ACH/USDT:USDT,0.022315,6020.0,0.022313,1460.0,0.022319,90960.0,0.022321,1400.0
1753504019276,04:26:59.276,ACH/USDT:USDT,0.022315,4660.0,0.022314,670.0,0.022319,90960.0,0.022322,1630.0
1753504019376,04:26:59.376,ACH/USDT:USDT,0.022315,4660.0,0.022314,670.0,0.022319,90960.0,0.022322,1630.0
1753504019473,04:26:59.473,ACH/USDT:USDT,0.022315,4660.0,0.022314,670.0,0.022319,90960.0,0.022322,1630.0
1753504019875,04:26:59.875,ACH/USDT:USDT,0.022315,7940.0,0.022314,670.0,0.022319,92060.0,0.022322,1630.0
1753504019974,04:26:59.974,ACH/USDT:USDT,0.022315,7940.0,0.022314,670.0,0.022319,92060.0,0.022322,1630.0
1753504020074,04:27:00.074,ACH/USDT:USDT,0.022315,7940.0,0.022314,670.0,0.022319,92060.0,0.022322,1630.0
1753504020673,04:27:00.673,ACH/USDT:USDT,0.022315,7940.0,0.022314,670.0,0.022319,92060.0,0.022322,1630.0
1753504020775,04:27:00.775,ACH/USDT:USDT,0.022315,7940.0,0.022314,670.0,0.022319,90960.0,0.022322,1630.0
1753504021074,04:27:01.074,ACH/USDT:USDT,0.022315,7940.0,0.022314,670.0,0.022319,90960.0,0.022322,1630.0
1753504021275,04:27:01.275,ACH/USDT:USDT,0.022315,7940.0,0.022314,670.0,0.022319,90960.0,0.022322,1630.0
1753504021673,04:27:01.673,ACH/USDT:USDT,0.022315,7940.0,0.022314,670.0,0.022319,90960.0,0.022322,1630.0
1753504021774,04:27:01.774,ACH/USDT:USDT,0.022315,7940.0,0.022314,670.0,0.022319,90960.0,0.022322,1630.0
1753504021876,04:27:01.876,ACH/USDT:USDT,0.022315,7940.0,0.022314,670.0,0.022319,90960.0,0.022322,1630.0
1753504022575,04:27:02.575,ACH/USDT:USDT,0.022315,11840.0,0.022314,670.0,0.022319,91320.0,0.022322,1630.0
1753504023275,04:27:03.275,ACH/USDT:USDT,0.022315,11840.0,0.022314,670.0,0.022319,90960.0,0.022322,1630.0
1753504023474,04:27:03.474,ACH/USDT:USDT,0.022315,11840.0,0.022314,670.0,0.022319,90960.0,0.022322,1630.0
1753504023680,04:27:03.680,ACH/USDT:USDT,0.022315,11840.0,0.022314,670.0,0.022319,90960.0,0.022322,1630.0
1753504024075,04:27:04.075,ACH/USDT:USDT,0.022315,11840.0,0.022314,670.0,0.022319,90960.0,0.022322,1630.0
1753504024675,04:27:04.675,ACH/USDT:USDT,0.022315,11840.0,0.022314,670.0,0.022319,90960.0,0.022322,1630.0
1753504024874,04:27:04.874,ACH/USDT:USDT,0.022315,11840.0,0.022314,670.0,0.022319,90960.0,0.022322,1630.0
1753504025073,04:27:05.073,ACH/USDT:USDT,0.022315,11840.0,0.022314,670.0,0.022319,90960.0,0.022322,1630.0
1753504025875,04:27:05.875,ACH/USDT:USDT,0.022315,11840.0,0.022314,670.0,0.022319,90960.0,0.022322,1630.0
1753504027374,04:27:07.374,ACH/USDT:USDT,0.022315,11840.0,0.022314,670.0,0.022319,90960.0,0.022322,1630.0
1753504027678,04:27:07.678,ACH/USDT:USDT,0.022315,15300.0,0.022314,670.0,0.022319,90960.0,0.022322,1630.0
1753504027775,04:27:07.775,ACH/USDT:USDT,0.022315,15300.0,0.022314,670.0,0.022319,90960.0,0.022322,1630.0
1753504028476,04:27:08.476,ACH/USDT:USDT,0.022315,15300.0,0.022314,670.0,0.022319,91830.0,0.02232,310.0
1753504028573,04:27:08.573,ACH/USDT:USDT,0.022315,15300.0,0.022314,670.0,0.022319,91830.0,0.02232,310.0
1753504030176,04:27:10.176,ACH/USDT:USDT,0.022315,15300.0,0.022314,670.0,0.022319,90960.0,0.02232,310.0
1753504030388,04:27:10.388,ACH/USDT:USDT,0.022315,7560.0,0.022313,1690.0,0.022319,90960.0,0.02232,310.0
1753504030473,04:27:10.473,ACH/USDT:USDT,0.022315,3660.0,0.022313,1690.0,0.022319,90960.0,0.02232,310.0
1753504030876,04:27:10.876,ACH/USDT:USDT,0.022315,2940.0,0.022313,1690.0,0.022319,91830.0,0.02232,310.0
1753504031475,04:27:11.475,ACH/USDT:USDT,0.022315,2940.0,0.022313,1690.0,0.022319,91830.0,0.02232,310.0
1753504031574,04:27:11.574,ACH/USDT:USDT,0.022315,2940.0,0.022313,1690.0,0.022319,90960.0,0.02232,310.0
1753504031676,04:27:11.676,ACH/USDT:USDT,0.022315,3730.0,0.022313,1690.0,0.022319,90960.0,0.02232,310.0
1753504031775,04:27:11.775,ACH/USDT:USDT,0.022315,3730.0,0.022313,1690.0,0.022319,90960.0,0.02232,310.0
1753504032375,04:27:12.375,ACH/USDT:USDT,0.022315,3730.0,0.022313,1690.0,0.022319,90960.0,0.02232,310.0
1753504032474,04:27:12.474,ACH/USDT:USDT,0.022315,3730.0,0.022313,1690.0,0.022319,90960.0,0.02232,310.0
1753504032975,04:27:12.975,ACH/USDT:USDT,0.022315,3730.0,0.022313,1690.0,0.022319,90960.0,0.02232,310.0
1753504033075,04:27:13.075,ACH/USDT:USDT,0.022315,3730.0,0.022313,1690.0,0.022319,91830.0,0.02232,310.0
1753504033176,04:27:13.176,ACH/USDT:USDT,0.022315,4520.0,0.022313,1690.0,0.022319,91830.0,0.02232,310.0
1753504033275,04:27:13.275,ACH/USDT:USDT,0.022315,4520.0,0.022313,1690.0,0.022319,91830.0,0.02232,310.0
1753504033375,04:27:13.375,ACH/USDT:USDT,0.022315,4520.0,0.022313,1690.0,0.022319,91830.0,0.02232,310.0
1753504033573,04:27:13.573,ACH/USDT:USDT,0.022315,3730.0,0.022313,1690.0,0.022319,91830.0,0.02232,310.0
1753504034175,04:27:14.175,ACH/USDT:USDT,0.022315,3730.0,0.022313,1690.0,0.022319,91830.0,0.02232,310.0
1753504034374,04:27:14.374,ACH/USDT:USDT,0.022315,2230.0,0.022313,1690.0,0.022319,91830.0,0.02232,310.0
1753504034475,04:27:14.475,ACH/USDT:USDT,0.022315,1440.0,0.022313,1690.0,0.022319,91830.0,0.02232,310.0
1753504035681,04:27:15.681,ACH/USDT:USDT,0.022315,1440.0,0.022313,1690.0,0.022319,91830.0,0.02232,310.0
1753504035773,04:27:15.773,ACH/USDT:USDT,0.022315,1440.0,0.022313,1690.0,0.022319,90960.0,0.02232,310.0
1753504036175,04:27:16.175,ACH/USDT:USDT,0.022315,1440.0,0.022313,1690.0,0.022319,90960.0,0.02232,310.0
1753504036774,04:27:16.774,ACH/USDT:USDT,0.022315,310.0,0.022313,1690.0,0.022319,90960.0,0.02232,310.0
1753504037275,04:27:17.275,ACH/USDT:USDT,0.022315,310.0,0.022313,1690.0,0.022319,90960.0,0.02232,310.0
1753504037874,04:27:17.874,ACH/USDT:USDT,0.022315,620.0,0.022313,1690.0,0.022319,91830.0,0.02232,310.0
1753504038073,04:27:18.073,ACH/USDT:USDT,0.022315,620.0,0.022313,1690.0,0.022319,91830.0,0.02232,310.0
1753504038275,04:27:18.275,ACH/USDT:USDT,0.022315,620.0,0.022313,1690.0,0.022319,90960.0,0.02232,310.0
1753504038575,04:27:18.575,ACH/USDT:USDT,0.022315,930.0,0.022313,1690.0,0.022319,90960.0,0.02232,310.0
1753504038675,04:27:18.675,ACH/USDT:USDT,0.022315,930.0,0.022313,1690.0,0.022319,92060.0,0.02232,310.0
1753504038873,04:27:18.873,ACH/USDT:USDT,0.022315,930.0,0.022313,1690.0,0.022319,92060.0,0.02232,310.0
1753504038975,04:27:18.975,ACH/USDT:USDT,0.022315,930.0,0.022313,1690.0,0.022319,92060.0,0.02232,310.0
1753504039374,04:27:19.374,ACH/USDT:USDT,0.022315,620.0,0.022313,1690.0,0.022319,92060.0,0.02232,310.0
1753504040474,04:27:20.474,ACH/USDT:USDT,0.022315,620.0,0.022313,1690.0,0.022319,92060.0,0.02232,310.0
1753504040775,04:27:20.775,ACH/USDT:USDT,0.022315,620.0,0.022313,1690.0,0.022319,92060.0,0.02232,310.0
1753504042775,04:27:22.775,ACH/USDT:USDT,0.022315,620.0,0.022313,1690.0,0.022319,90960.0,0.02232,310.0
1753504042876,04:27:22.876,ACH/USDT:USDT,0.022315,620.0,0.022313,1690.0,0.022319,90960.0,0.02232,310.0
1753504042974,04:27:22.974,ACH/USDT:USDT,0.022315,620.0,0.022313,1690.0,0.022319,90960.0,0.02232,310.0
1753504043677,04:27:23.677,ACH/USDT:USDT,0.022315,620.0,0.022313,1690.0,0.022319,90960.0,0.02232,310.0
1753504044676,04:27:24.676,ACH/USDT:USDT,0.022315,620.0,0.022313,1690.0,0.022319,90960.0,0.02232,310.0
1753504045373,04:27:25.373,ACH/USDT:USDT,0.022315,620.0,0.022313,1690.0,0.022319,90960.0,0.02232,310.0
1753504045476,04:27:25.476,ACH/USDT:USDT,0.022315,4240.0,0.022313,1690.0,0.022319,90960.0,0.02232,310.0
1753504046074,04:27:26.074,ACH/USDT:USDT,0.022315,620.0,0.022313,1690.0,0.022319,90960.0,0.02232,310.0
1753504046177,04:27:26.177,ACH/USDT:USDT,0.022315,620.0,0.022313,1690.0,0.022319,90960.0,0.02232,310.0
1753504046274,04:27:26.274,ACH/USDT:USDT,0.022315,620.0,0.022313,1690.0,0.022319,90960.0,0.02232,310.0
1753504046374,04:27:26.374,ACH/USDT:USDT,0.022315,620.0,0.022313,1690.0,0.022319,90960.0,0.02232,310.0
1753504046475,04:27:26.475,ACH/USDT:USDT,0.022315,620.0,0.022313,1690.0,0.022319,90960.0,0.02232,310.0
1753504046575,04:27:26.575,ACH/USDT:USDT,0.022315,620.0,0.022313,1690.0,0.022319,90960.0,0.02232,310.0
1753504046675,04:27:26.675,ACH/USDT:USDT,0.022315,620.0,0.022313,1690.0,0.022319,90960.0,0.02232,310.0
1753504047274,04:27:27.274,ACH/USDT:USDT,0.022315,620.0,0.022313,1690.0,0.022319,90960.0,0.02232,310.0
1753504047674,04:27:27.674,ACH/USDT:USDT,0.022315,620.0,0.022313,1690.0,0.022319,90960.0,0.02232,310.0
1753504048174,04:27:28.174,ACH/USDT:USDT,0.022315,620.0,0.022313,1690.0,0.022319,90960.0,0.02232,310.0
1753504048476,04:27:28.476,ACH/USDT:USDT,0.022315,620.0,0.022313,1690.0,0.022319,90960.0,0.02232,310.0
1753504048574,04:27:28.574,ACH/USDT:USDT,0.022315,620.0,0.022313,1690.0,0.022319,90960.0,0.02232,310.0
1753504048675,04:27:28.675,ACH/USDT:USDT,0.022315,620.0,0.022313,1690.0,0.022319,90960.0,0.02232,310.0
1753504048774,04:27:28.774,ACH/USDT:USDT,0.022315,620.0,0.022313,1690.0,0.022319,90960.0,0.02232,310.0
1753504051475,04:27:31.475,ACH/USDT:USDT,0.022315,620.0,0.022313,1690.0,0.022317,3670.0,0.022319,90960.0
1753504051876,04:27:31.876,ACH/USDT:USDT,0.022315,620.0,0.022313,1690.0,0.022317,3670.0,0.022319,90960.0
1753504051976,04:27:31.976,ACH/USDT:USDT,0.022315,620.0,0.022313,1690.0,0.022317,3670.0,0.022319,90960.0
1753504052475,04:27:32.475,ACH/USDT:USDT,0.022315,620.0,0.022313,1690.0,0.022317,3670.0,0.022319,90960.0
1753504053074,04:27:33.074,ACH/USDT:USDT,0.022315,1090.0,0.022313,1690.0,0.022317,3670.0,0.022319,90960.0
1753504054475,04:27:34.475,ACH/USDT:USDT,0.022315,1090.0,0.022313,1690.0,0.022317,3670.0,0.022318,1100.0
1753504054574,04:27:34.574,ACH/USDT:USDT,0.022315,1090.0,0.022313,1690.0,0.022317,3670.0,0.022318,1100.0
1753504055175,04:27:35.175,ACH/USDT:USDT,0.022315,1090.0,0.022313,1690.0,0.022317,3670.0,0.022318,1100.0
1753504055275,04:27:35.275,ACH/USDT:USDT,0.022315,1090.0,0.022313,1690.0,0.022317,3670.0,0.022318,1100.0
1753504056273,04:27:36.273,ACH/USDT:USDT,0.022315,1090.0,0.022313,1690.0,0.022317,3670.0,0.022319,90960.0
1753504056875,04:27:36.875,ACH/USDT:USDT,0.022315,1090.0,0.022313,1690.0,0.022317,3670.0,0.022319,90960.0
1753504057177,04:27:37.177,ACH/USDT:USDT,0.022315,1090.0,0.022313,1690.0,0.022317,3670.0,0.022319,90960.0
1753504057276,04:27:37.276,ACH/USDT:USDT,0.022315,1090.0,0.022313,1690.0,0.022317,3670.0,0.022319,90960.0
1753504057375,04:27:37.375,ACH/USDT:USDT,0.022315,1090.0,0.022313,1690.0,0.022317,3670.0,0.022319,90960.0
1753504057574,04:27:37.574,ACH/USDT:USDT,0.022315,1090.0,0.022313,1690.0,0.022317,3670.0,0.022319,90960.0
1753504057873,04:27:37.873,ACH/USDT:USDT,0.022315,1090.0,0.022313,1690.0,0.022317,3670.0,0.022319,90960.0
1753504057973,04:27:37.973,ACH/USDT:USDT,0.022315,1090.0,0.022313,1690.0,0.022317,3670.0,0.022318,1120.0
1753504058274,04:27:38.274,ACH/USDT:USDT,0.022315,1090.0,0.022313,1690.0,0.022317,3670.0,0.022318,1120.0
1753504058574,04:27:38.574,ACH/USDT:USDT,0.022315,1090.0,0.022313,1690.0,0.022317,3670.0,0.022319,90960.0
1753504058674,04:27:38.674,ACH/USDT:USDT,0.022315,1090.0,0.022313,1690.0,0.022317,3670.0,0.022319,90960.0
1753504059175,04:27:39.175,ACH/USDT:USDT,0.022315,1090.0,0.022313,1690.0,0.022317,3670.0,0.022319,90960.0
1753504059375,04:27:39.375,ACH/USDT:USDT,0.022315,29370.0,0.022313,1690.0,0.022317,3670.0,0.022319,90960.0
1753504059475,04:27:39.475,ACH/USDT:USDT,0.022315,58260.0,0.022313,1690.0,0.022317,3670.0,0.022319,90960.0
1753504059575,04:27:39.575,ACH/USDT:USDT,0.022315,58260.0,0.022313,230.0,0.022317,3670.0,0.022319,90960.0
1753504059980,04:27:39.980,ACH/USDT:USDT,0.022315,12110.0,0.022313,230.0,0.022317,3670.0,0.022319,90960.0
1753504060074,04:27:40.074,ACH/USDT:USDT,0.022315,12110.0,0.022313,230.0,0.022317,3670.0,0.022319,90960.0
1753504060176,04:27:40.176,ACH/USDT:USDT,0.022315,12110.0,0.022313,230.0,0.022317,3670.0,0.022319,90960.0
1753504061475,04:27:41.475,ACH/USDT:USDT,0.022315,12110.0,0.022313,230.0,0.022317,3670.0,0.022319,90960.0
1753504062075,04:27:42.075,ACH/USDT:USDT,0.022315,12110.0,0.022313,230.0,0.022317,3670.0,0.022319,90960.0
1753504062174,04:27:42.174,ACH/USDT:USDT,0.022315,12110.0,0.022313,230.0,0.022317,3670.0,0.022319,90960.0
1753504064375,04:27:44.375,ACH/USDT:USDT,0.022315,12110.0,0.022313,230.0,0.022317,3670.0,0.022319,90960.0
1753504064875,04:27:44.875,ACH/USDT:USDT,0.022316,300.0,0.022315,12110.0,0.022317,3670.0,0.022319,90960.0
1753504065174,04:27:45.174,ACH/USDT:USDT,0.022316,770.0,0.022315,11640.0,0.022317,3670.0,0.022319,90960.0
1753504065876,04:27:45.876,ACH/USDT:USDT,0.022316,770.0,0.022315,11640.0,0.022317,3670.0,0.022319,90960.0
1753504065974,04:27:45.974,ACH/USDT:USDT,0.022316,2270.0,0.022313,1730.0,0.022317,990.0,0.022319,90960.0
1753504066074,04:27:46.074,ACH/USDT:USDT,0.022316,13340.0,0.022313,1730.0,0.022317,990.0,0.022319,90960.0
1753504066176,04:27:46.176,ACH/USDT:USDT,0.022316,13340.0,0.022313,1730.0,0.022317,990.0,0.022319,90960.0
1753504066676,04:27:46.676,ACH/USDT:USDT,0.022316,13340.0,0.022313,1730.0,0.022317,990.0,0.022319,90960.0
1753504066874,04:27:46.874,ACH/USDT:USDT,0.022316,13340.0,0.022313,1730.0,0.022317,990.0,0.022319,90960.0
1753504066976,04:27:46.976,ACH/USDT:USDT,0.022316,13340.0,0.022313,1730.0,0.022317,990.0,0.022319,90960.0
1753504067174,04:27:47.174,ACH/USDT:USDT,0.022316,13340.0,0.022313,1730.0,0.022317,990.0,0.022319,90960.0
1753504067474,04:27:47.474,ACH/USDT:USDT,0.022316,13340.0,0.022313,1730.0,0.022317,990.0,0.022319,90960.0
1753504068275,04:27:48.275,ACH/USDT:USDT,0.022316,13340.0,0.022313,1730.0,0.022317,990.0,0.022319,90960.0
1753504068376,04:27:48.376,ACH/USDT:USDT,0.022316,13340.0,0.022313,1730.0,0.022317,990.0,0.022319,90960.0
1753504069075,04:27:49.075,ACH/USDT:USDT,0.022316,2270.0,0.022313,1730.0,0.022317,990.0,0.022319,90960.0
1753504069273,04:27:49.273,ACH/USDT:USDT,0.022316,2790.0,0.022313,1730.0,0.022317,990.0,0.022319,90960.0
1753504069875,04:27:49.875,ACH/USDT:USDT,0.022316,2790.0,0.022313,1730.0,0.022317,990.0,0.022319,90960.0
1753504070175,04:27:50.175,ACH/USDT:USDT,0.022316,2790.0,0.022313,1730.0,0.022317,990.0,0.022319,90960.0
1753504070476,04:27:50.476,ACH/USDT:USDT,0.022316,2790.0,0.022313,1730.0,0.022317,990.0,0.022319,90960.0
1753504070575,04:27:50.575,ACH/USDT:USDT,0.022316,2790.0,0.022313,1730.0,0.022317,990.0,0.022319,90960.0
1753504071678,04:27:51.678,ACH/USDT:USDT,0.022316,2790.0,0.022313,1730.0,0.022317,990.0,0.022319,90960.0
1753504073673,04:27:53.673,ACH/USDT:USDT,0.022316,2800.0,0.022313,1730.0,0.022317,990.0,0.022319,90960.0
1753504074274,04:27:54.274,ACH/USDT:USDT,0.022316,1300.0,0.022313,1730.0,0.022317,990.0,0.022319,90960.0
1753504074373,04:27:54.373,ACH/USDT:USDT,0.022316,1300.0,0.022313,1730.0,0.022317,990.0,0.022319,90960.0
1753504075375,04:27:55.375,ACH/USDT:USDT,0.022316,1300.0,0.022313,1730.0,0.022317,990.0,0.022319,90960.0
1753504076174,04:27:56.174,ACH/USDT:USDT,0.022316,1300.0,0.022313,1730.0,0.022317,990.0,0.022319,90960.0
1753504076476,04:27:56.476,ACH/USDT:USDT,0.022316,1300.0,0.022313,1730.0,0.022317,990.0,0.022319,90960.0
1753504076774,04:27:56.774,ACH/USDT:USDT,0.022316,1300.0,0.022313,1730.0,0.022317,990.0,0.022319,90960.0
1753504076874,04:27:56.874,ACH/USDT:USDT,0.022316,1300.0,0.022313,1730.0,0.022317,3610.0,0.022319,90960.0
1753504076975,04:27:56.975,ACH/USDT:USDT,0.022316,1300.0,0.022313,1730.0,0.022317,3610.0,0.022319,90960.0
1753504077075,04:27:57.075,ACH/USDT:USDT,0.022316,1300.0,0.022313,1730.0,0.022317,2490.0,0.022319,90960.0
1753504077476,04:27:57.476,ACH/USDT:USDT,0.022316,1040.0,0.022313,230.0,0.022317,3610.0,0.022319,90960.0
1753504077575,04:27:57.575,ACH/USDT:USDT,0.022316,780.0,0.022313,230.0,0.022317,3610.0,0.022319,90960.0
1753504077674,04:27:57.674,ACH/USDT:USDT,0.022316,780.0,0.022313,230.0,0.022317,3610.0,0.022318,27290.0
1753504077776,04:27:57.776,ACH/USDT:USDT,0.022316,780.0,0.022313,230.0,0.022317,3610.0,0.022318,27290.0
1753504078075,04:27:58.075,ACH/USDT:USDT,0.022316,780.0,0.022309,98100.0,0.022317,3610.0,0.022318,28760.0
1753504078275,04:27:58.275,ACH/USDT:USDT,0.022316,780.0,0.02231,1500.0,0.022317,3610.0,0.022318,28760.0
1753504078374,04:27:58.374,ACH/USDT:USDT,0.022316,780.0,0.02231,1500.0,0.022317,3610.0,0.022318,28760.0
1753504078474,04:27:58.474,ACH/USDT:USDT,0.022316,780.0,0.02231,1500.0,0.022317,3610.0,0.022318,28760.0
1753504078573,04:27:58.573,ACH/USDT:USDT,0.022316,780.0,0.02231,1500.0,0.022317,3610.0,0.022318,28760.0
1753504078974,04:27:58.974,ACH/USDT:USDT,0.022316,780.0,0.02231,1500.0,0.022317,3610.0,0.022318,28760.0
1753504079375,04:27:59.375,ACH/USDT:USDT,0.022316,780.0,0.02231,1500.0,0.022317,3610.0,0.022318,28760.0
1753504079475,04:27:59.475,ACH/USDT:USDT,0.022316,780.0,0.02231,1500.0,0.022317,3610.0,0.022318,28760.0
1753504080474,04:28:00.474,ACH/USDT:USDT,0.022316,780.0,0.02231,1500.0,0.022317,3610.0,0.022318,28790.0
1753504081276,04:28:01.276,ACH/USDT:USDT,0.022316,780.0,0.02231,1500.0,0.022317,3610.0,0.022318,28790.0
1753504082673,04:28:02.673,ACH/USDT:USDT,0.022316,780.0,0.02231,1500.0,0.022317,3610.0,0.022318,28790.0
1753504082975,04:28:02.975,ACH/USDT:USDT,0.022316,780.0,0.02231,1500.0,0.022317,3610.0,0.022318,28790.0
1753504083074,04:28:03.074,ACH/USDT:USDT,0.022316,780.0,0.02231,1500.0,0.022317,3610.0,0.022318,28790.0
1753504083373,04:28:03.373,ACH/USDT:USDT,0.022316,780.0,0.02231,1500.0,0.022317,3610.0,0.022318,28790.0
1753504083680,04:28:03.680,ACH/USDT:USDT,0.022316,780.0,0.02231,1500.0,0.022317,3610.0,0.022318,28790.0
1753504084076,04:28:04.076,ACH/USDT:USDT,0.022316,780.0,0.022314,230.0,0.022317,3610.0,0.022318,28790.0
1753504084376,04:28:04.376,ACH/USDT:USDT,0.022316,780.0,0.022314,230.0,0.022317,3610.0,0.022318,28790.0
1753504084573,04:28:04.573,ACH/USDT:USDT,0.022316,780.0,0.022314,230.0,0.022317,3610.0,0.022318,28790.0
1753504084875,04:28:04.875,ACH/USDT:USDT,0.022316,780.0,0.022314,230.0,0.022317,3610.0,0.022318,28790.0
1753504085475,04:28:05.475,ACH/USDT:USDT,0.022316,780.0,0.022314,230.0,0.022317,3610.0,0.022318,28790.0
1753504085677,04:28:05.677,ACH/USDT:USDT,0.022316,780.0,0.022314,230.0,0.022317,2110.0,0.022318,28790.0
1753504085775,04:28:05.775,ACH/USDT:USDT,0.022316,780.0,0.022314,230.0,0.022317,2110.0,0.022318,28790.0
1753504086076,04:28:06.076,ACH/USDT:USDT,0.022316,780.0,0.022314,230.0,0.022317,2110.0,0.022318,28790.0
1753504086275,04:28:06.275,ACH/USDT:USDT,0.022316,780.0,0.022314,230.0,0.022317,2110.0,0.022318,28790.0
1753504087679,04:28:07.679,ACH/USDT:USDT,0.022316,780.0,0.022314,230.0,0.022317,2110.0,0.022318,28790.0
1753504088674,04:28:08.674,ACH/USDT:USDT,0.022316,780.0,0.022314,230.0,0.022317,2110.0,0.022318,28790.0
1753504088774,04:28:08.774,ACH/USDT:USDT,0.022316,780.0,0.022314,230.0,0.022317,2110.0,0.022318,28790.0
1753504088874,04:28:08.874,ACH/USDT:USDT,0.022316,780.0,0.022314,230.0,0.022317,2110.0,0.022318,28790.0
1753504089074,04:28:09.074,ACH/USDT:USDT,0.022316,780.0,0.022314,230.0,0.022317,2110.0,0.022318,28790.0
1753504089175,04:28:09.175,ACH/USDT:USDT,0.022316,780.0,0.022314,230.0,0.022317,2110.0,0.022318,28790.0
1753504089681,04:28:09.681,ACH/USDT:USDT,0.022316,780.0,0.022314,230.0,0.022317,3610.0,0.022318,28790.0
1753504090174,04:28:10.174,ACH/USDT:USDT,0.022316,780.0,0.022314,230.0,0.022317,3610.0,0.022318,28790.0
1753504090374,04:28:10.374,ACH/USDT:USDT,0.022316,780.0,0.022314,230.0,0.022317,3610.0,0.022318,28790.0
1753504090476,04:28:10.476,ACH/USDT:USDT,0.022316,780.0,0.022314,230.0,0.022317,3610.0,0.022318,28790.0
1753504090674,04:28:10.674,ACH/USDT:USDT,0.022316,780.0,0.022314,230.0,0.022317,3610.0,0.022318,28790.0
1753504090773,04:28:10.773,ACH/USDT:USDT,0.022316,780.0,0.022314,230.0,0.022317,3610.0,0.022318,28790.0
1753504090874,04:28:10.874,ACH/USDT:USDT,0.022316,780.0,0.022314,230.0,0.022317,2110.0,0.022318,28790.0
1753504090975,04:28:10.975,ACH/USDT:USDT,0.022316,780.0,0.022314,230.0,0.022317,2110.0,0.022318,28790.0
1753504091274,04:28:11.274,ACH/USDT:USDT,0.022316,780.0,0.022314,230.0,0.022317,2110.0,0.022318,28790.0
1753504092175,04:28:12.175,ACH/USDT:USDT,0.022316,780.0,0.022314,230.0,0.022317,2110.0,0.022318,28790.0
1753504092274,04:28:12.274,ACH/USDT:USDT,0.022316,780.0,0.022314,230.0,0.022317,2110.0,0.022318,28790.0
1753504093275,04:28:13.275,ACH/USDT:USDT,0.022316,780.0,0.022314,230.0,0.022317,2110.0,0.022318,28790.0
1753504093375,04:28:13.375,ACH/USDT:USDT,0.022316,780.0,0.022314,230.0,0.022317,2110.0,0.022318,28790.0
1753504093679,04:28:13.679,ACH/USDT:USDT,0.022316,780.0,0.022314,230.0,0.022317,2110.0,0.022318,28790.0
1753504094374,04:28:14.374,ACH/USDT:USDT,0.022316,780.0,0.022314,230.0,0.022317,2110.0,0.022318,28790.0
1753504095474,04:28:15.474,ACH/USDT:USDT,0.022316,780.0,0.022314,230.0,0.022317,2110.0,0.022318,28790.0
1753504095674,04:28:15.674,ACH/USDT:USDT,0.022316,780.0,0.022314,230.0,0.022317,2110.0,0.022318,28790.0
1753504096174,04:28:16.174,ACH/USDT:USDT,0.022316,780.0,0.022314,230.0,0.022317,2110.0,0.022318,28790.0
1753504100373,04:28:20.373,ACH/USDT:USDT,0.022316,780.0,0.022314,230.0,0.022317,2110.0,0.022318,28790.0
1753504100473,04:28:20.473,ACH/USDT:USDT,0.022316,780.0,0.022314,230.0,0.022317,2110.0,0.022318,28790.0
1753504100675,04:28:20.675,ACH/USDT:USDT,0.022316,780.0,0.022314,230.0,0.022317,2110.0,0.022318,28790.0
1753504101775,04:28:21.775,ACH/USDT:USDT,0.022316,780.0,0.022314,230.0,0.022317,2110.0,0.022318,28790.0
1753504101874,04:28:21.874,ACH/USDT:USDT,0.022316,780.0,0.022314,230.0,0.022317,2110.0,0.022318,28790.0
1753504102274,04:28:22.274,ACH/USDT:USDT,0.022316,780.0,0.022314,230.0,0.022317,2110.0,0.022318,28790.0
1753504102376,04:28:22.376,ACH/USDT:USDT,0.022316,780.0,0.022314,1700.0,0.022317,990.0,0.022318,27320.0
1753504102473,04:28:22.473,ACH/USDT:USDT,0.022316,780.0,0.022314,1700.0,0.022317,990.0,0.022318,27320.0
1753504103282,04:28:23.282,ACH/USDT:USDT,0.022316,780.0,0.022314,1700.0,0.022317,990.0,0.022318,27320.0
1753504103375,04:28:23.375,ACH/USDT:USDT,0.022316,780.0,0.022314,1700.0,0.022317,990.0,0.022318,27320.0
1753504103679,04:28:23.679,ACH/USDT:USDT,0.022316,780.0,0.022314,1700.0,0.022317,990.0,0.022318,27320.0
1753504104176,04:28:24.176,ACH/USDT:USDT,0.022316,780.0,0.022314,1700.0,0.022317,990.0,0.022318,27320.0
1753504104273,04:28:24.273,ACH/USDT:USDT,0.022316,780.0,0.022314,1700.0,0.022317,990.0,0.022318,27320.0
1753504105273,04:28:25.273,ACH/USDT:USDT,0.022316,780.0,0.022314,1700.0,0.022317,990.0,0.022318,27320.0
1753504105373,04:28:25.373,ACH/USDT:USDT,0.022316,780.0,0.022314,1700.0,0.022317,990.0,0.022318,27320.0
1753504105678,04:28:25.678,ACH/USDT:USDT,0.022316,780.0,0.022314,1700.0,0.022317,990.0,0.022318,27320.0
1753504106075,04:28:26.075,ACH/USDT:USDT,0.022316,780.0,0.022314,1700.0,0.022317,990.0,0.022318,27320.0
1753504106176,04:28:26.176,ACH/USDT:USDT,0.022316,780.0,0.022314,1700.0,0.022317,990.0,0.022318,30.0
1753504107678,04:28:27.678,ACH/USDT:USDT,0.022316,780.0,0.022314,1700.0,0.022317,990.0,0.022318,30.0
1753504109275,04:28:29.275,ACH/USDT:USDT,0.022316,780.0,0.022314,1700.0,0.022317,990.0,0.022318,30.0
1753504110075,04:28:30.075,ACH/USDT:USDT,0.022316,780.0,0.022314,1700.0,0.022317,990.0,0.022318,30.0
1753504110176,04:28:30.176,ACH/USDT:USDT,0.022316,780.0,0.022314,1700.0,0.022317,990.0,0.022318,27320.0
1753504110274,04:28:30.274,ACH/USDT:USDT,0.022316,780.0,0.022314,1700.0,0.022317,990.0,0.022318,27320.0
1753504110874,04:28:30.874,ACH/USDT:USDT,0.022316,780.0,0.022314,1700.0,0.022317,990.0,0.022318,30.0
1753504112775,04:28:32.775,ACH/USDT:USDT,0.022316,780.0,0.022314,1700.0,0.022317,990.0,0.022318,30.0
1753504112874,04:28:32.874,ACH/USDT:USDT,0.022316,780.0,0.022314,1700.0,0.022317,990.0,0.022318,27320.0
1753504113476,04:28:33.476,ACH/USDT:USDT,0.022316,780.0,0.022314,1700.0,0.022317,990.0,0.022318,27320.0
1753504114573,04:28:34.573,ACH/USDT:USDT,0.022316,780.0,0.022314,1700.0,0.022317,990.0,0.022318,30.0
1753504114874,04:28:34.874,ACH/USDT:USDT,0.022316,2280.0,0.022314,1700.0,0.022317,990.0,0.022318,30.0
1753504114975,04:28:34.975,ACH/USDT:USDT,0.022316,2280.0,0.022314,1700.0,0.022317,990.0,0.022318,30.0
1753504115573,04:28:35.573,ACH/USDT:USDT,0.022316,2280.0,0.022314,1700.0,0.022317,990.0,0.022318,30.0
1753504115975,04:28:35.975,ACH/USDT:USDT,0.022316,2280.0,0.022314,1700.0,0.022317,990.0,0.022318,30.0
1753504116174,04:28:36.174,ACH/USDT:USDT,0.022316,2280.0,0.022314,1700.0,0.022317,990.0,0.022318,30.0
1753504116974,04:28:36.974,ACH/USDT:USDT,0.022316,2280.0,0.022314,1700.0,0.022317,990.0,0.022318,30.0
1753504117774,04:28:37.774,ACH/USDT:USDT,0.022316,780.0,0.022314,1700.0,0.022317,990.0,0.022318,30.0
1753504117874,04:28:37.874,ACH/USDT:USDT,0.022316,780.0,0.022314,1700.0,0.022317,990.0,0.022318,30.0
1753504119474,04:28:39.474,ACH/USDT:USDT,0.022316,780.0,0.022314,1700.0,0.022317,990.0,0.022318,30.0
1753504119574,04:28:39.574,ACH/USDT:USDT,0.022316,2280.0,0.022314,1700.0,0.022317,990.0,0.022318,30.0
1753504119679,04:28:39.679,ACH/USDT:USDT,0.022316,2280.0,0.022314,1700.0,0.022317,990.0,0.022318,30.0
1753504119874,04:28:39.874,ACH/USDT:USDT,0.022316,2280.0,0.022314,1700.0,0.022317,990.0,0.022318,30.0
1753504120773,04:28:40.773,ACH/USDT:USDT,0.022316,2280.0,0.022314,1700.0,0.022317,990.0,0.022318,30.0
1753504121374,04:28:41.374,ACH/USDT:USDT,0.022316,2540.0,0.022314,1700.0,0.022317,990.0,0.022318,30.0
1753504121573,04:28:41.573,ACH/USDT:USDT,0.022316,2800.0,0.022314,1700.0,0.022317,990.0,0.022318,30.0
1753504121677,04:28:41.677,ACH/USDT:USDT,0.022316,2800.0,0.022314,1700.0,0.022317,990.0,0.022318,30.0
1753504122676,04:28:42.676,ACH/USDT:USDT,0.022316,2800.0,0.022314,1700.0,0.022317,990.0,0.022318,30.0
1753504122775,04:28:42.775,ACH/USDT:USDT,0.022316,2800.0,0.022314,1700.0,0.022317,990.0,0.022318,30.0
1753504123773,04:28:43.773,ACH/USDT:USDT,0.022316,2800.0,0.022314,1700.0,0.022317,990.0,0.022318,30.0
1753504124474,04:28:44.474,ACH/USDT:USDT,0.022316,2800.0,0.022314,1700.0,0.022317,990.0,0.022318,30.0
1753504124575,04:28:44.575,ACH/USDT:USDT,0.022316,2800.0,0.022314,1700.0,0.022317,990.0,0.022318,30.0
1753504125174,04:28:45.174,ACH/USDT:USDT,0.022316,2800.0,0.022314,1700.0,0.022317,990.0,0.022318,30.0
1753504125475,04:28:45.475,ACH/USDT:USDT,0.022316,2800.0,0.022314,1700.0,0.022317,990.0,0.022318,30.0
1753504126675,04:28:46.675,ACH/USDT:USDT,0.022316,2280.0,0.022314,1700.0,0.022317,990.0,0.022318,30.0
1753504126874,04:28:46.874,ACH/USDT:USDT,0.022316,3920.0,0.022314,1700.0,0.022317,990.0,0.022318,30.0
1753504126973,04:28:46.973,ACH/USDT:USDT,0.022316,3920.0,0.022314,1700.0,0.022317,990.0,0.022318,30.0
1753504128473,04:28:48.473,ACH/USDT:USDT,0.022316,3920.0,0.022314,1700.0,0.022317,990.0,0.022318,30.0
1753504128575,04:28:48.575,ACH/USDT:USDT,0.022316,3920.0,0.022314,1700.0,0.022317,990.0,0.022318,30.0
1753504129275,04:28:49.275,ACH/USDT:USDT,0.022316,3920.0,0.022314,1700.0,0.022317,990.0,0.022318,30.0
1753504129575,04:28:49.575,ACH/USDT:USDT,0.022316,3920.0,0.022314,1700.0,0.022317,990.0,0.022318,30.0
1753504129874,04:28:49.874,ACH/USDT:USDT,0.022316,3920.0,0.022314,1700.0,0.022317,990.0,0.022318,30.0
1753504130575,04:28:50.575,ACH/USDT:USDT,0.022316,3920.0,0.022314,1700.0,0.022317,990.0,0.022318,30.0
1753504132073,04:28:52.073,ACH/USDT:USDT,0.022316,6540.0,0.022314,1700.0,0.022317,990.0,0.022318,30.0
1753504132775,04:28:52.775,ACH/USDT:USDT,0.022316,10800.0,0.022314,1700.0,0.022317,990.0,0.022318,30.0
1753504134074,04:28:54.074,ACH/USDT:USDT,0.022316,10800.0,0.022314,1700.0,0.022317,990.0,0.022318,30.0
1753504137973,04:28:57.973,ACH/USDT:USDT,0.022316,2280.0,0.022314,1700.0,0.022317,990.0,0.022318,30.0
1753504138075,04:28:58.075,ACH/USDT:USDT,0.022316,5640.0,0.022314,1470.0,0.022317,990.0,0.022318,30.0
1753504138675,04:28:58.675,ACH/USDT:USDT,0.022316,9000.0,0.022314,1470.0,0.022317,990.0,0.022318,30.0
1753504138875,04:28:58.875,ACH/USDT:USDT,0.022316,9000.0,0.022314,1470.0,0.022317,990.0,0.022318,30.0
1753504139575,04:28:59.575,ACH/USDT:USDT,0.022316,9000.0,0.022314,1470.0,0.022317,990.0,0.022318,30.0
1753504140075,04:29:00.075,ACH/USDT:USDT,0.022316,9000.0,0.022314,1470.0,0.022317,990.0,0.022321,1100.0
1753504140675,04:29:00.675,ACH/USDT:USDT,0.022316,9000.0,0.022314,1470.0,0.022317,990.0,0.022321,1100.0
1753504141175,04:29:01.175,ACH/USDT:USDT,0.022316,9000.0,0.022314,1470.0,0.022317,990.0,0.022321,1100.0
1753504141275,04:29:01.275,ACH/USDT:USDT,0.022316,9000.0,0.022314,1470.0,0.022317,990.0,0.022321,1100.0
1753504141373,04:29:01.373,ACH/USDT:USDT,0.022316,9000.0,0.022314,1470.0,0.022317,990.0,0.022321,1100.0
1753504142973,04:29:02.973,ACH/USDT:USDT,0.022316,9000.0,0.022314,1470.0,0.022317,990.0,0.022321,1100.0
1753504143680,04:29:03.680,ACH/USDT:USDT,0.022316,2280.0,0.022314,1470.0,0.022317,990.0,0.022321,1100.0
1753504143774,04:29:03.774,ACH/USDT:USDT,0.022316,10400.0,0.022314,1470.0,0.022317,990.0,0.022321,1100.0
1753504144574,04:29:04.574,ACH/USDT:USDT,0.02232,1500.0,0.022318,1470.0,0.022324,4350.0,0.022326,230.0
1753504144674,04:29:04.674,ACH/USDT:USDT,0.022323,1470.0,0.022321,1760.0,0.022328,4350.0,0.02233,5680.0
