timestamp,time,symbol,bid1_price,bid1_volume,bid2_price,bid2_volume,ask1_price,ask1_volume,ask2_price,ask2_volume
1753503734204,04:22:14.204,AAVE/USDT:USDT,297.28,26.3,297.27,46.7,297.29,85.7,297.3,44.5
1753503734304,04:22:14.304,AAVE/USDT:USDT,297.28,26.3,297.27,46.7,297.29,86.9,297.3,44.5
1753503734604,04:22:14.604,AAVE/USDT:USDT,297.28,68.8,297.27,46.7,297.29,37.6,297.3,8.4
1753503735004,04:22:15.004,AAVE/USDT:USDT,297.28,80.9,297.27,46.7,297.29,17.4,297.3,8.4
1753503735104,04:22:15.104,AAVE/USDT:USDT,297.28,80.7,297.27,47.4,297.29,17.3,297.3,8.4
1753503735204,04:22:15.204,AAVE/USDT:USDT,297.28,71.5,297.27,47.4,297.29,17.3,297.3,8.4
1753503735304,04:22:15.304,AAVE/USDT:USDT,297.28,179.8,297.27,65.2,297.29,17.3,297.3,8.4
1753503735804,04:22:15.804,AAVE/USDT:USDT,297.28,101.2,297.27,95.1,297.29,16.3,297.3,8.4
1753503736104,04:22:16.104,AAVE/USDT:USDT,297.28,71.5,297.27,77.3,297.29,16.3,297.3,8.4
1753503736404,04:22:16.404,AAVE/USDT:USDT,297.28,101.2,297.27,95.1,297.29,17.0,297.3,8.4
1753503736704,04:22:16.704,AAVE/USDT:USDT,297.28,71.5,297.27,47.6,297.29,17.0,297.3,8.4
1753503736904,04:22:16.904,AAVE/USDT:USDT,297.28,71.5,297.27,38.5,297.29,17.0,297.3,8.4
1753503737104,04:22:17.104,AAVE/USDT:USDT,297.28,209.7,297.27,86.0,297.29,17.0,297.3,8.4
1753503738704,04:22:18.704,AAVE/USDT:USDT,297.28,72.4,297.27,17.3,297.29,17.8,297.3,8.4
1753503738804,04:22:18.804,AAVE/USDT:USDT,297.28,228.4,297.27,85.5,297.29,17.8,297.3,8.4
1753503739004,04:22:19.004,AAVE/USDT:USDT,297.28,253.9,297.27,92.9,297.29,18.3,297.3,0.2
1753503739104,04:22:19.104,AAVE/USDT:USDT,297.28,253.9,297.27,92.9,297.29,18.3,297.3,0.2
1753503739804,04:22:19.804,AAVE/USDT:USDT,297.32,195.9,297.31,54.7,297.33,1.6,297.34,18.0
1753503740004,04:22:20.004,AAVE/USDT:USDT,297.32,89.3,297.31,20.2,297.33,41.2,297.34,17.7
1753503740104,04:22:20.104,AAVE/USDT:USDT,297.32,71.7,297.31,20.2,297.33,41.2,297.34,17.7
1753503740204,04:22:20.204,AAVE/USDT:USDT,297.32,71.7,297.31,20.2,297.33,43.3,297.34,17.7
1753503741104,04:22:21.104,AAVE/USDT:USDT,297.32,116.6,297.31,49.5,297.33,23.9,297.34,17.7
1753503741504,04:22:21.504,AAVE/USDT:USDT,297.32,23.8,297.3,18.0,297.33,245.4,297.34,37.1
1753503742004,04:22:22.004,AAVE/USDT:USDT,297.3,0.1,297.28,8.6,297.31,382.2,297.32,117.0
1753503742104,04:22:22.104,AAVE/USDT:USDT,297.27,5.2,297.26,25.1,297.28,264.3,297.29,69.2
1753503742204,04:22:22.204,AAVE/USDT:USDT,297.27,5.4,297.26,25.1,297.28,137.4,297.29,31.9
1753503742304,04:22:22.304,AAVE/USDT:USDT,297.27,45.3,297.26,24.8,297.28,126.4,297.29,31.9
1753503742404,04:22:22.404,AAVE/USDT:USDT,297.29,121.2,297.28,179.2,297.3,0.2,297.32,0.4
1753503742804,04:22:22.804,AAVE/USDT:USDT,297.29,137.8,297.28,152.2,297.32,6.9,297.33,28.6
1753503742904,04:22:22.904,AAVE/USDT:USDT,297.31,41.1,297.3,56.4,297.32,27.0,297.33,28.3
1753503743704,04:22:23.704,AAVE/USDT:USDT,297.31,41.3,297.3,56.4,297.32,0.3,297.33,28.3
1753503743904,04:22:23.904,AAVE/USDT:USDT,297.31,20.4,297.3,56.4,297.32,20.5,297.33,28.3
1753503744804,04:22:24.804,AAVE/USDT:USDT,297.31,19.7,297.3,43.1,297.32,0.3,297.33,28.3
1753503745404,04:22:25.404,AAVE/USDT:USDT,297.31,19.9,297.3,43.1,297.32,129.2,297.33,28.3
1753503745504,04:22:25.504,AAVE/USDT:USDT,297.31,19.4,297.3,43.1,297.32,129.2,297.33,58.6
1753503745904,04:22:25.904,AAVE/USDT:USDT,297.31,1.0,297.3,16.8,297.32,148.4,297.33,99.4
1753503746004,04:22:26.004,AAVE/USDT:USDT,297.31,1.0,297.3,16.8,297.32,129.5,297.33,80.5
1753503746304,04:22:26.304,AAVE/USDT:USDT,297.31,1.0,297.3,16.8,297.32,129.5,297.33,80.5
1753503747904,04:22:27.904,AAVE/USDT:USDT,297.27,39.7,297.26,17.2,297.28,20.4,297.29,20.2
1753503748204,04:22:28.204,AAVE/USDT:USDT,297.27,39.7,297.26,17.2,297.28,20.4,297.29,20.2
1753503748304,04:22:28.304,AAVE/USDT:USDT,297.27,39.7,297.26,17.2,297.28,20.4,297.29,20.2
1753503748404,04:22:28.404,AAVE/USDT:USDT,297.27,39.8,297.26,17.2,297.28,20.4,297.29,20.2
1753503748504,04:22:28.504,AAVE/USDT:USDT,297.27,5.3,297.26,17.2,297.28,20.2,297.29,20.2
1753503748704,04:22:28.704,AAVE/USDT:USDT,297.27,5.5,297.26,17.2,297.28,20.4,297.29,20.2
1753503749104,04:22:29.104,AAVE/USDT:USDT,297.27,5.5,297.26,17.2,297.28,20.4,297.29,20.2
1753503749604,04:22:29.604,AAVE/USDT:USDT,297.27,7.5,297.26,17.2,297.28,20.4,297.29,20.2
1753503750104,04:22:30.104,AAVE/USDT:USDT,297.27,61.6,297.26,17.2,297.28,20.4,297.29,20.2
1753503751104,04:22:31.104,AAVE/USDT:USDT,297.27,41.6,297.26,17.2,297.28,21.7,297.29,48.8
1753503752104,04:22:32.104,AAVE/USDT:USDT,297.27,43.4,297.26,17.2,297.28,21.7,297.29,20.2
1753503752704,04:22:32.704,AAVE/USDT:USDT,297.27,11.1,297.26,17.2,297.28,21.7,297.29,20.2
1753503753004,04:22:33.004,AAVE/USDT:USDT,297.27,11.1,297.26,17.2,297.28,21.7,297.29,20.2
1753503753104,04:22:33.104,AAVE/USDT:USDT,297.27,11.1,297.26,17.2,297.28,22.0,297.29,20.2
1753503753304,04:22:33.304,AAVE/USDT:USDT,297.27,11.4,297.26,17.2,297.28,22.0,297.29,20.2
1753503753404,04:22:33.404,AAVE/USDT:USDT,297.27,11.4,297.26,17.2,297.28,22.0,297.29,20.2
1753503753604,04:22:33.604,AAVE/USDT:USDT,297.27,11.4,297.26,17.2,297.28,21.0,297.29,20.2
1753503753904,04:22:33.904,AAVE/USDT:USDT,297.27,51.8,297.26,17.2,297.28,21.0,297.29,20.2
1753503754004,04:22:34.004,AAVE/USDT:USDT,297.27,51.8,297.26,17.2,297.28,21.0,297.29,20.2
1753503754104,04:22:34.104,AAVE/USDT:USDT,297.27,12.5,297.26,17.2,297.28,21.0,297.29,20.2
1753503754204,04:22:34.204,AAVE/USDT:USDT,297.27,12.5,297.26,17.2,297.28,21.0,297.29,20.2
1753503754404,04:22:34.404,AAVE/USDT:USDT,297.27,12.5,297.26,17.2,297.28,21.0,297.29,20.2
1753503755304,04:22:35.304,AAVE/USDT:USDT,297.27,10.6,297.26,17.2,297.28,129.3,297.29,20.2
1753503755404,04:22:35.404,AAVE/USDT:USDT,297.27,10.6,297.26,17.2,297.28,129.3,297.29,20.2
1753503755504,04:22:35.504,AAVE/USDT:USDT,297.27,10.6,297.26,17.2,297.28,21.0,297.29,20.2
1753503755904,04:22:35.904,AAVE/USDT:USDT,297.27,94.9,297.26,90.1,297.28,0.8,297.3,0.5
1753503756004,04:22:36.004,AAVE/USDT:USDT,297.27,148.1,297.26,90.1,297.28,0.8,297.3,0.5
1753503756504,04:22:36.504,AAVE/USDT:USDT,297.27,95.1,297.26,41.1,297.28,0.8,297.3,0.5
1753503756604,04:22:36.604,AAVE/USDT:USDT,297.27,77.9,297.26,23.9,297.28,0.8,297.3,0.5
1753503756904,04:22:36.904,AAVE/USDT:USDT,297.27,184.0,297.26,70.4,297.28,0.8,297.3,0.5
1753503757004,04:22:37.004,AAVE/USDT:USDT,297.27,124.4,297.26,70.4,297.28,0.8,297.3,0.5
1753503757104,04:22:37.104,AAVE/USDT:USDT,297.27,124.4,297.26,70.4,297.28,0.8,297.3,0.5
1753503757204,04:22:37.204,AAVE/USDT:USDT,297.27,77.9,297.26,23.9,297.28,0.8,297.3,0.5
1753503757404,04:22:37.404,AAVE/USDT:USDT,297.27,78.1,297.26,17.2,297.28,0.8,297.3,0.5
1753503757504,04:22:37.504,AAVE/USDT:USDT,297.27,61.5,297.26,17.2,297.28,9.3,297.3,0.5
1753503758004,04:22:38.004,AAVE/USDT:USDT,297.27,61.5,297.26,17.2,297.28,9.3,297.3,0.5
1753503759204,04:22:39.204,AAVE/USDT:USDT,297.27,99.1,297.26,23.9,297.28,1.5,297.3,0.5
1753503759504,04:22:39.504,AAVE/USDT:USDT,297.27,100.7,297.26,23.9,297.28,1.5,297.3,0.5
1753503759704,04:22:39.704,AAVE/USDT:USDT,297.27,100.7,297.26,23.9,297.28,1.5,297.3,0.5
1753503759804,04:22:39.804,AAVE/USDT:USDT,297.27,100.7,297.26,23.9,297.28,1.5,297.3,0.5
1753503759904,04:22:39.904,AAVE/USDT:USDT,297.27,100.7,297.26,23.9,297.28,1.5,297.3,0.5
1753503760604,04:22:40.604,AAVE/USDT:USDT,297.27,82.1,297.26,23.9,297.28,1.5,297.3,0.5
1753503760904,04:22:40.904,AAVE/USDT:USDT,297.27,43.1,297.26,23.9,297.28,21.7,297.3,0.5
1753503761004,04:22:41.004,AAVE/USDT:USDT,297.27,43.1,297.26,23.9,297.28,21.7,297.3,0.5
1753503761104,04:22:41.104,AAVE/USDT:USDT,297.27,43.1,297.26,23.9,297.28,21.7,297.3,0.5
1753503761404,04:22:41.404,AAVE/USDT:USDT,297.27,43.1,297.26,23.9,297.28,1.5,297.3,0.5
1753503762004,04:22:42.004,AAVE/USDT:USDT,297.27,31.4,297.26,23.9,297.28,38.4,297.29,28.6
1753503762804,04:22:42.804,AAVE/USDT:USDT,297.27,31.4,297.26,17.2,297.28,10.2,297.3,69.7
1753503763404,04:22:43.404,AAVE/USDT:USDT,297.27,33.8,297.26,17.2,297.28,10.5,297.3,29.1
1753503763704,04:22:43.704,AAVE/USDT:USDT,297.27,33.8,297.26,17.2,297.28,39.1,297.29,28.6
1753503764004,04:22:44.004,AAVE/USDT:USDT,297.27,33.8,297.26,17.2,297.28,148.3,297.29,29.3
1753503764104,04:22:44.104,AAVE/USDT:USDT,297.27,33.8,297.26,17.2,297.28,148.3,297.29,29.3
1753503765004,04:22:45.004,AAVE/USDT:USDT,297.26,23.3,297.25,7.0,297.27,72.0,297.28,77.4
1753503765304,04:22:45.304,AAVE/USDT:USDT,297.26,23.3,297.25,7.0,297.27,72.0,297.28,77.4
1753503765404,04:22:45.404,AAVE/USDT:USDT,297.26,23.3,297.25,15.4,297.27,72.0,297.28,48.5
1753503765504,04:22:45.504,AAVE/USDT:USDT,297.22,64.8,297.21,0.2,297.23,70.5,297.24,46.6
1753503765604,04:22:45.604,AAVE/USDT:USDT,297.22,48.4,297.21,0.2,297.23,59.5,297.24,73.6
1753503765704,04:22:45.704,AAVE/USDT:USDT,297.22,67.7,297.21,0.2,297.23,59.7,297.24,17.5
1753503765904,04:22:45.904,AAVE/USDT:USDT,297.22,16.2,297.21,0.2,297.23,60.0,297.24,46.7
1753503766104,04:22:46.104,AAVE/USDT:USDT,297.22,16.2,297.21,0.2,297.23,60.0,297.24,17.5
1753503766804,04:22:46.804,AAVE/USDT:USDT,297.22,0.1,297.21,0.2,297.23,187.5,297.24,70.4
1753503767004,04:22:47.004,AAVE/USDT:USDT,297.22,16.0,297.21,0.2,297.23,40.4,297.24,41.2
1753503767104,04:22:47.104,AAVE/USDT:USDT,297.22,23.8,297.21,0.2,297.23,20.7,297.25,23.3
1753503767504,04:22:47.504,AAVE/USDT:USDT,297.22,23.8,297.21,0.2,297.23,129.4,297.25,59.0
