timestamp,time,symbol,bid1_price,bid1_volume,bid2_price,bid2_volume,ask1_price,ask1_volume,ask2_price,ask2_volume
1753504007677,04:26:47.677,AAVE/USDT:USDT,297.24,12.5,297.23,20.7,297.25,17.3,297.26,1.8
1753504007721,04:26:47.721,AAVE/USDT:USDT,297.24,12.5,297.23,20.7,297.25,17.3,297.26,1.8
1753504007823,04:26:47.823,AAVE/USDT:USDT,297.24,10.7,297.23,20.7,297.25,17.3,297.26,1.8
1753504007958,04:26:47.958,AAVE/USDT:USDT,297.24,10.7,297.23,20.7,297.25,17.3,297.26,1.8
1753504008248,04:26:48.248,AAVE/USDT:USDT,297.24,10.7,297.23,20.7,297.25,17.3,297.26,1.8
1753504008354,04:26:48.354,AAVE/USDT:USDT,297.24,10.7,297.23,20.7,297.25,17.3,297.26,2.0
1753504008471,04:26:48.471,AAVE/USDT:USDT,297.24,10.7,297.23,20.7,297.25,18.5,297.26,2.0
1753504008602,04:26:48.602,AAVE/USDT:USDT,297.24,10.7,297.23,20.7,297.25,18.5,297.26,2.0
1753504008706,04:26:48.706,AAVE/USDT:USDT,297.24,12.5,297.23,20.7,297.25,18.5,297.26,2.0
1753504008808,04:26:48.808,AAVE/USDT:USDT,297.24,10.7,297.23,20.7,297.25,18.5,297.26,1.8
1753504009052,04:26:49.052,AAVE/USDT:USDT,297.24,10.7,297.23,19.9,297.25,18.5,297.26,1.8
1753504009156,04:26:49.156,AAVE/USDT:USDT,297.24,11.5,297.23,19.9,297.25,18.5,297.26,1.8
1753504009259,04:26:49.259,AAVE/USDT:USDT,297.24,11.5,297.23,19.9,297.25,18.5,297.26,1.8
1753504009404,04:26:49.404,AAVE/USDT:USDT,297.24,11.5,297.23,20.0,297.25,18.5,297.26,1.8
1753504009567,04:26:49.567,AAVE/USDT:USDT,297.24,11.5,297.23,20.0,297.25,18.5,297.26,1.8
1753504009669,04:26:49.669,AAVE/USDT:USDT,297.24,11.5,297.23,20.0,297.25,18.5,297.26,1.8
1753504009770,04:26:49.770,AAVE/USDT:USDT,297.24,11.5,297.23,20.0,297.25,18.5,297.26,1.8
1753504010070,04:26:50.070,AAVE/USDT:USDT,297.24,11.6,297.23,24.3,297.25,18.5,297.26,1.8
1753504010173,04:26:50.173,AAVE/USDT:USDT,297.24,11.6,297.23,24.3,297.25,18.5,297.26,1.8
1753504010279,04:26:50.279,AAVE/USDT:USDT,297.27,28.4,297.26,28.5,297.28,1.3,297.29,0.2
1753504010380,04:26:50.380,AAVE/USDT:USDT,297.31,39.6,297.3,13.3,297.32,0.1,297.33,0.6
1753504010483,04:26:50.483,AAVE/USDT:USDT,297.31,39.6,297.3,13.3,297.32,3.3,297.33,0.6
1753504010585,04:26:50.585,AAVE/USDT:USDT,297.31,39.5,297.3,13.3,297.32,3.3,297.33,0.6
1753504010689,04:26:50.689,AAVE/USDT:USDT,297.31,40.3,297.3,13.3,297.32,3.5,297.33,0.6
1753504010794,04:26:50.794,AAVE/USDT:USDT,297.31,40.3,297.3,13.3,297.32,3.5,297.33,0.6
1753504010900,04:26:50.900,AAVE/USDT:USDT,297.31,40.3,297.3,13.3,297.32,3.5,297.33,0.6
1753504011012,04:26:51.012,AAVE/USDT:USDT,297.31,39.5,297.3,13.3,297.32,3.5,297.33,0.6
1753504011114,04:26:51.114,AAVE/USDT:USDT,297.31,39.5,297.3,13.3,297.32,3.5,297.33,0.6
1753504011221,04:26:51.221,AAVE/USDT:USDT,297.31,39.5,297.3,13.3,297.32,3.5,297.33,0.6
1753504011353,04:26:51.353,AAVE/USDT:USDT,297.31,39.5,297.3,13.3,297.32,3.6,297.33,0.6
1753504011456,04:26:51.456,AAVE/USDT:USDT,297.31,39.5,297.3,13.3,297.32,3.6,297.33,0.6
1753504011559,04:26:51.559,AAVE/USDT:USDT,297.31,43.7,297.3,20.7,297.32,3.6,297.33,0.6
1753504011663,04:26:51.663,AAVE/USDT:USDT,297.31,43.7,297.3,20.7,297.32,3.6,297.33,0.6
1753504011776,04:26:51.776,AAVE/USDT:USDT,297.32,18.4,297.31,17.5,297.33,1.4,297.34,0.4
1753504011878,04:26:51.878,AAVE/USDT:USDT,297.32,18.0,297.31,17.1,297.33,1.4,297.34,0.4
1753504011982,04:26:51.982,AAVE/USDT:USDT,297.32,18.4,297.31,17.1,297.33,0.7,297.34,0.4
1753504012090,04:26:52.090,AAVE/USDT:USDT,297.32,18.4,297.31,17.1,297.33,0.7,297.34,0.4
1753504012195,04:26:52.195,AAVE/USDT:USDT,297.32,18.4,297.31,17.1,297.33,0.7,297.34,0.4
1753504012300,04:26:52.300,AAVE/USDT:USDT,297.32,18.4,297.31,17.1,297.33,0.7,297.34,0.4
1753504012403,04:26:52.403,AAVE/USDT:USDT,297.32,18.4,297.31,17.3,297.33,0.7,297.34,0.4
1753504012506,04:26:52.506,AAVE/USDT:USDT,297.32,18.4,297.31,17.3,297.33,0.7,297.34,0.4
1753504012608,04:26:52.608,AAVE/USDT:USDT,297.32,18.4,297.31,17.3,297.33,0.7,297.34,0.4
1753504012713,04:26:52.713,AAVE/USDT:USDT,297.32,18.4,297.31,17.3,297.33,0.7,297.34,0.4
1753504012820,04:26:52.820,AAVE/USDT:USDT,297.33,31.4,297.32,13.8,297.34,2.8,297.35,6.4
1753504012923,04:26:52.923,AAVE/USDT:USDT,297.34,29.5,297.33,12.1,297.35,3.5,297.36,3.1
1753504013026,04:26:53.026,AAVE/USDT:USDT,297.34,27.0,297.33,7.9,297.35,7.1,297.36,3.1
1753504013129,04:26:53.129,AAVE/USDT:USDT,297.34,27.0,297.33,7.9,297.35,6.8,297.36,3.1
1753504013231,04:26:53.231,AAVE/USDT:USDT,297.34,27.0,297.33,7.9,297.35,6.8,297.36,3.1
1753504013333,04:26:53.333,AAVE/USDT:USDT,297.33,7.7,297.32,11.7,297.34,24.1,297.35,9.6
1753504013434,04:26:53.434,AAVE/USDT:USDT,297.33,7.8,297.32,11.7,297.34,15.3,297.35,11.8
1753504013638,04:26:53.638,AAVE/USDT:USDT,297.32,0.1,297.31,9.3,297.33,25.3,297.34,25.1
1753504013843,04:26:53.843,AAVE/USDT:USDT,297.31,5.7,297.3,3.2,297.32,34.5,297.33,19.5
1753504013946,04:26:53.946,AAVE/USDT:USDT,297.31,5.7,297.3,3.2,297.32,30.5,297.33,19.5
1753504014111,04:26:54.111,AAVE/USDT:USDT,297.31,5.7,297.3,3.2,297.32,30.5,297.33,19.5
1753504014421,04:26:54.421,AAVE/USDT:USDT,297.31,5.9,297.3,3.2,297.32,30.5,297.33,17.0
1753504014524,04:26:54.524,AAVE/USDT:USDT,297.31,5.9,297.3,3.2,297.32,30.5,297.33,17.0
1753504014626,04:26:54.626,AAVE/USDT:USDT,297.31,5.9,297.3,3.2,297.32,30.5,297.33,17.0
1753504014764,04:26:54.764,AAVE/USDT:USDT,297.31,5.9,297.3,3.2,297.32,30.5,297.33,20.3
1753504014868,04:26:54.868,AAVE/USDT:USDT,297.31,5.9,297.3,3.2,297.32,30.5,297.33,20.3
1753504014971,04:26:54.971,AAVE/USDT:USDT,297.31,5.9,297.3,3.2,297.32,30.5,297.33,20.3
1753504015111,04:26:55.111,AAVE/USDT:USDT,297.31,5.9,297.3,3.2,297.32,30.5,297.33,20.3
1753504015267,04:26:55.267,AAVE/USDT:USDT,297.31,5.9,297.3,3.2,297.32,30.5,297.33,20.3
1753504015421,04:26:55.421,AAVE/USDT:USDT,297.31,7.9,297.3,3.3,297.32,30.7,297.33,17.0
1753504015522,04:26:55.522,AAVE/USDT:USDT,297.31,9.6,297.3,3.3,297.32,19.6,297.33,14.1
1753504015653,04:26:55.653,AAVE/USDT:USDT,297.31,9.6,297.3,3.3,297.32,19.6,297.33,14.1
1753504015754,04:26:55.754,AAVE/USDT:USDT,297.31,8.1,297.3,3.3,297.32,19.6,297.33,14.1
1753504015859,04:26:55.859,AAVE/USDT:USDT,297.31,8.1,297.3,3.3,297.32,19.6,297.33,14.1
1753504015962,04:26:55.962,AAVE/USDT:USDT,297.31,8.1,297.3,3.3,297.32,19.6,297.33,14.1
1753504016064,04:26:56.064,AAVE/USDT:USDT,297.31,8.1,297.3,3.3,297.32,19.6,297.33,14.1
1753504016168,04:26:56.168,AAVE/USDT:USDT,297.31,8.9,297.3,3.3,297.32,19.6,297.33,14.1
1753504016273,04:26:56.273,AAVE/USDT:USDT,297.31,9.0,297.3,3.3,297.32,19.6,297.33,14.1
1753504016379,04:26:56.379,AAVE/USDT:USDT,297.31,13.4,297.3,8.0,297.32,0.3,297.33,14.1
1753504016485,04:26:56.485,AAVE/USDT:USDT,297.31,13.4,297.3,12.2,297.32,0.3,297.33,12.7
1753504016589,04:26:56.589,AAVE/USDT:USDT,297.31,13.4,297.3,12.2,297.32,0.3,297.33,3.7
1753504016691,04:26:56.691,AAVE/USDT:USDT,297.31,13.4,297.3,12.2,297.32,0.3,297.33,3.7
1753504016794,04:26:56.794,AAVE/USDT:USDT,297.31,13.4,297.3,12.2,297.32,0.3,297.33,3.7
1753504016898,04:26:56.898,AAVE/USDT:USDT,297.31,13.4,297.3,8.0,297.32,0.3,297.33,3.7
1753504017015,04:26:57.015,AAVE/USDT:USDT,297.31,13.4,297.3,13.9,297.32,0.3,297.33,0.1
1753504017118,04:26:57.118,AAVE/USDT:USDT,297.31,13.4,297.3,13.9,297.32,0.3,297.33,0.1
1753504017255,04:26:57.255,AAVE/USDT:USDT,297.31,13.4,297.3,13.9,297.32,0.3,297.33,0.1
1753504017402,04:26:57.402,AAVE/USDT:USDT,297.31,13.7,297.3,13.9,297.32,0.3,297.33,0.1
1753504017555,04:26:57.555,AAVE/USDT:USDT,297.31,13.7,297.3,13.9,297.32,0.3,297.33,0.1
1753504017658,04:26:57.658,AAVE/USDT:USDT,297.32,36.3,297.31,9.2,297.33,0.1,297.34,1.8
1753504017764,04:26:57.764,AAVE/USDT:USDT,297.34,20.0,297.33,18.5,297.35,2.5,297.36,3.1
1753504017865,04:26:57.865,AAVE/USDT:USDT,297.35,18.8,297.34,14.6,297.36,3.0,297.37,5.8
1753504017967,04:26:57.967,AAVE/USDT:USDT,297.35,12.9,297.34,11.9,297.36,8.5,297.37,5.8
1753504018071,04:26:58.071,AAVE/USDT:USDT,297.35,11.1,297.34,11.9,297.36,8.6,297.37,6.3
1753504018173,04:26:58.173,AAVE/USDT:USDT,297.35,11.1,297.34,11.9,297.36,8.6,297.37,6.3
1753504018292,04:26:58.292,AAVE/USDT:USDT,297.35,11.1,297.34,11.9,297.36,8.6,297.37,5.8
1753504018394,04:26:58.394,AAVE/USDT:USDT,297.35,11.1,297.34,11.9,297.36,5.0,297.37,6.3
1753504018609,04:26:58.609,AAVE/USDT:USDT,297.35,14.1,297.34,11.9,297.36,5.0,297.37,5.8
1753504018712,04:26:58.712,AAVE/USDT:USDT,297.35,12.3,297.34,11.9,297.36,6.7,297.37,6.3
1753504018819,04:26:58.819,AAVE/USDT:USDT,297.35,12.3,297.34,11.9,297.36,6.8,297.37,5.8
1753504018931,04:26:58.931,AAVE/USDT:USDT,297.35,15.8,297.34,11.9,297.36,3.2,297.37,5.8
1753504019033,04:26:59.033,AAVE/USDT:USDT,297.35,15.8,297.34,11.9,297.36,3.2,297.37,5.8
1753504019159,04:26:59.159,AAVE/USDT:USDT,297.37,1.7,297.36,43.2,297.38,29.8,297.39,4.7
1753504019361,04:26:59.361,AAVE/USDT:USDT,297.4,19.6,297.39,36.6,297.41,1.4,297.42,5.9
1753504019462,04:26:59.462,AAVE/USDT:USDT,297.42,14.0,297.41,14.1,297.43,21.6,297.44,1.9
1753504019563,04:26:59.563,AAVE/USDT:USDT,297.42,15.2,297.41,14.1,297.43,21.7,297.44,1.9
1753504019666,04:26:59.666,AAVE/USDT:USDT,297.42,23.2,297.41,14.1,297.43,21.6,297.44,1.9
1753504019769,04:26:59.769,AAVE/USDT:USDT,297.42,23.2,297.41,14.1,297.43,22.3,297.44,1.9
1753504019873,04:26:59.873,AAVE/USDT:USDT,297.42,23.2,297.41,14.1,297.43,22.3,297.44,1.9
1753504019980,04:26:59.980,AAVE/USDT:USDT,297.42,23.2,297.41,14.1,297.43,22.3,297.44,1.9
1753504020104,04:27:00.104,AAVE/USDT:USDT,297.42,23.2,297.41,14.1,297.43,22.3,297.44,1.8
1753504020208,04:27:00.208,AAVE/USDT:USDT,297.42,23.2,297.41,14.1,297.43,22.3,297.44,1.8
1753504020318,04:27:00.318,AAVE/USDT:USDT,297.42,23.2,297.41,12.3,297.43,22.4,297.44,1.8
1753504020419,04:27:00.419,AAVE/USDT:USDT,297.42,23.2,297.41,12.3,297.43,22.4,297.44,1.8
1753504020521,04:27:00.521,AAVE/USDT:USDT,297.42,23.2,297.41,12.3,297.43,22.4,297.44,1.8
1753504020624,04:27:00.624,AAVE/USDT:USDT,297.42,23.2,297.41,12.3,297.43,22.4,297.44,1.8
1753504020727,04:27:00.727,AAVE/USDT:USDT,297.42,23.2,297.41,12.3,297.43,22.4,297.44,1.8
1753504020839,04:27:00.839,AAVE/USDT:USDT,297.42,23.2,297.41,12.3,297.43,22.4,297.44,1.8
1753504020941,04:27:00.941,AAVE/USDT:USDT,297.42,23.2,297.41,12.3,297.43,22.4,297.44,1.8
1753504021050,04:27:01.050,AAVE/USDT:USDT,297.42,19.0,297.41,12.3,297.43,22.4,297.44,0.2
1753504021153,04:27:01.153,AAVE/USDT:USDT,297.42,17.2,297.41,12.3,297.43,21.9,297.44,0.2
1753504021256,04:27:01.256,AAVE/USDT:USDT,297.42,17.2,297.41,12.3,297.43,18.1,297.44,0.2
1753504021409,04:27:01.409,AAVE/USDT:USDT,297.42,17.2,297.41,12.3,297.43,18.1,297.44,0.2
1753504021511,04:27:01.511,AAVE/USDT:USDT,297.42,17.2,297.41,12.3,297.43,11.5,297.44,0.2
1753504021614,04:27:01.614,AAVE/USDT:USDT,297.42,17.2,297.41,12.3,297.43,11.5,297.44,0.2
1753504021728,04:27:01.728,AAVE/USDT:USDT,297.42,17.2,297.41,12.3,297.43,10.1,297.44,0.2
1753504021838,04:27:01.838,AAVE/USDT:USDT,297.43,28.8,297.42,21.8,297.44,0.1,297.45,1.8
1753504021939,04:27:01.939,AAVE/USDT:USDT,297.43,28.8,297.42,32.3,297.44,0.1,297.45,1.8
1753504022042,04:27:02.042,AAVE/USDT:USDT,297.44,25.6,297.43,16.6,297.45,1.8,297.46,3.7
1753504022145,04:27:02.145,AAVE/USDT:USDT,297.44,25.8,297.43,16.6,297.45,1.7,297.46,3.7
1753504022248,04:27:02.248,AAVE/USDT:USDT,297.44,33.7,297.43,16.6,297.45,1.7,297.46,3.7
1753504022356,04:27:02.356,AAVE/USDT:USDT,297.44,45.5,297.43,16.6,297.45,1.7,297.46,3.7
1753504022458,04:27:02.458,AAVE/USDT:USDT,297.44,45.5,297.43,28.5,297.45,1.7,297.46,3.7
1753504022559,04:27:02.559,AAVE/USDT:USDT,297.47,34.3,297.46,16.0,297.48,2.7,297.49,8.0
1753504022660,04:27:02.660,AAVE/USDT:USDT,297.47,13.3,297.46,16.1,297.48,2.7,297.49,7.9
1753504022763,04:27:02.763,AAVE/USDT:USDT,297.47,15.1,297.46,16.1,297.48,2.8,297.49,7.9
1753504022875,04:27:02.875,AAVE/USDT:USDT,297.47,13.2,297.46,16.0,297.48,6.4,297.49,7.9
1753504022994,04:27:02.994,AAVE/USDT:USDT,297.47,15.4,297.46,16.0,297.48,2.8,297.49,7.9
1753504023097,04:27:03.097,AAVE/USDT:USDT,297.47,16.2,297.46,16.0,297.48,2.8,297.49,7.9
1753504023198,04:27:03.198,AAVE/USDT:USDT,297.47,14.1,297.46,16.0,297.48,8.0,297.49,7.9
1753504023301,04:27:03.301,AAVE/USDT:USDT,297.47,14.1,297.46,16.0,297.48,8.0,297.49,7.9
1753504023407,04:27:03.407,AAVE/USDT:USDT,297.47,14.1,297.46,16.0,297.48,8.0,297.49,7.9
1753504023508,04:27:03.508,AAVE/USDT:USDT,297.47,16.3,297.46,16.0,297.48,8.0,297.49,7.9
1753504023610,04:27:03.610,AAVE/USDT:USDT,297.47,16.3,297.46,16.0,297.48,4.4,297.49,7.9
1753504023714,04:27:03.714,AAVE/USDT:USDT,297.47,16.3,297.46,16.0,297.48,8.0,297.49,7.9
1753504023818,04:27:03.818,AAVE/USDT:USDT,297.47,12.8,297.46,16.0,297.48,8.0,297.49,7.9
1753504023930,04:27:03.930,AAVE/USDT:USDT,297.47,14.6,297.46,16.0,297.48,8.0,297.49,7.9
1753504024109,04:27:04.109,AAVE/USDT:USDT,297.47,16.3,297.46,16.0,297.48,4.4,297.49,7.9
1753504024210,04:27:04.210,AAVE/USDT:USDT,297.47,16.3,297.46,16.0,297.48,4.4,297.49,7.9
1753504024319,04:27:04.319,AAVE/USDT:USDT,297.47,12.8,297.46,16.0,297.48,9.8,297.49,7.9
1753504024424,04:27:04.424,AAVE/USDT:USDT,297.47,12.8,297.46,16.0,297.48,9.8,297.49,7.9
1753504024532,04:27:04.532,AAVE/USDT:USDT,297.47,12.8,297.46,16.0,297.48,9.8,297.49,7.9
1753504024635,04:27:04.635,AAVE/USDT:USDT,297.47,12.8,297.46,16.0,297.48,9.8,297.49,7.9
1753504024737,04:27:04.737,AAVE/USDT:USDT,297.47,12.8,297.46,16.0,297.48,8.0,297.49,7.9
1753504024864,04:27:04.864,AAVE/USDT:USDT,297.47,12.8,297.46,16.0,297.48,8.0,297.49,7.9
1753504024969,04:27:04.969,AAVE/USDT:USDT,297.47,12.8,297.46,16.0,297.48,4.6,297.49,7.9
1753504025073,04:27:05.073,AAVE/USDT:USDT,297.47,12.8,297.46,16.0,297.48,4.6,297.49,7.9
1753504025176,04:27:05.176,AAVE/USDT:USDT,297.47,12.8,297.46,16.0,297.48,8.0,297.49,7.9
1753504025279,04:27:05.279,AAVE/USDT:USDT,297.47,12.7,297.46,16.0,297.48,8.0,297.49,7.9
1753504025403,04:27:05.403,AAVE/USDT:USDT,297.47,12.7,297.46,16.0,297.48,8.0,297.49,7.9
1753504025589,04:27:05.589,AAVE/USDT:USDT,297.47,12.7,297.46,16.0,297.48,8.0,297.49,7.0
1753504025692,04:27:05.692,AAVE/USDT:USDT,297.47,12.7,297.46,11.6,297.48,8.8,297.49,7.0
1753504025817,04:27:05.817,AAVE/USDT:USDT,297.47,12.7,297.46,11.6,297.48,8.8,297.49,4.1
1753504025925,04:27:05.925,AAVE/USDT:USDT,297.47,16.2,297.46,11.6,297.48,7.4,297.49,4.1
1753504026057,04:27:06.057,AAVE/USDT:USDT,297.47,17.2,297.46,11.6,297.48,7.5,297.49,4.1
1753504026161,04:27:06.161,AAVE/USDT:USDT,297.47,16.1,297.46,11.6,297.48,7.5,297.49,4.1
1753504026267,04:27:06.267,AAVE/USDT:USDT,297.47,16.1,297.46,11.6,297.48,7.5,297.49,4.1
1753504026385,04:27:06.385,AAVE/USDT:USDT,297.47,17.5,297.46,11.6,297.48,7.5,297.49,4.1
1753504026490,04:27:06.490,AAVE/USDT:USDT,297.47,17.0,297.46,11.6,297.48,7.8,297.49,4.1
1753504026618,04:27:06.618,AAVE/USDT:USDT,297.47,17.0,297.46,11.6,297.48,7.8,297.49,4.1
1753504026721,04:27:06.721,AAVE/USDT:USDT,297.47,17.0,297.46,11.6,297.48,7.8,297.49,4.1
1753504026867,04:27:06.867,AAVE/USDT:USDT,297.47,17.0,297.46,11.6,297.48,7.8,297.49,4.1
1753504026977,04:27:06.977,AAVE/USDT:USDT,297.47,17.0,297.46,11.6,297.48,7.8,297.49,4.1
1753504027084,04:27:07.084,AAVE/USDT:USDT,297.47,17.0,297.46,11.6,297.48,7.8,297.49,4.1
1753504027192,04:27:07.192,AAVE/USDT:USDT,297.47,17.0,297.46,11.6,297.48,7.8,297.49,4.1
1753504027302,04:27:07.302,AAVE/USDT:USDT,297.47,17.0,297.46,11.6,297.48,7.8,297.49,4.1
1753504027410,04:27:07.410,AAVE/USDT:USDT,297.47,3.2,297.46,0.6,297.48,15.4,297.49,8.6
1753504027512,04:27:07.512,AAVE/USDT:USDT,297.47,3.0,297.46,0.6,297.48,16.2,297.49,8.1
1753504027618,04:27:07.618,AAVE/USDT:USDT,297.47,2.9,297.46,0.6,297.48,16.2,297.49,8.1
1753504027720,04:27:07.720,AAVE/USDT:USDT,297.47,2.9,297.46,0.6,297.48,15.2,297.49,8.1
1753504027821,04:27:07.821,AAVE/USDT:USDT,297.47,2.7,297.46,0.6,297.48,15.5,297.49,10.3
1753504027927,04:27:07.927,AAVE/USDT:USDT,297.47,2.1,297.46,0.6,297.48,15.5,297.49,10.3
1753504028034,04:27:08.034,AAVE/USDT:USDT,297.47,2.1,297.46,0.6,297.48,15.5,297.49,10.3
1753504028136,04:27:08.136,AAVE/USDT:USDT,297.47,2.0,297.46,0.6,297.48,19.5,297.49,10.3
1753504028297,04:27:08.297,AAVE/USDT:USDT,297.47,1.7,297.46,0.6,297.48,19.5,297.49,10.3
1753504028399,04:27:08.399,AAVE/USDT:USDT,297.47,1.7,297.46,0.6,297.48,15.2,297.49,10.3
1753504028502,04:27:08.502,AAVE/USDT:USDT,297.47,1.1,297.46,0.6,297.48,15.4,297.49,10.8
1753504028611,04:27:08.611,AAVE/USDT:USDT,297.47,1.0,297.46,0.6,297.48,15.4,297.49,10.8
1753504028720,04:27:08.720,AAVE/USDT:USDT,297.47,1.0,297.46,0.6,297.48,15.4,297.49,10.8
1753504028823,04:27:08.823,AAVE/USDT:USDT,297.47,1.0,297.46,0.6,297.48,15.4,297.49,10.8
1753504028957,04:27:08.957,AAVE/USDT:USDT,297.47,0.5,297.46,0.6,297.48,15.4,297.49,10.8
1753504029063,04:27:09.063,AAVE/USDT:USDT,297.47,0.5,297.46,0.6,297.48,15.4,297.49,10.8
1753504029169,04:27:09.169,AAVE/USDT:USDT,297.47,0.5,297.46,0.6,297.48,15.4,297.49,10.8
1753504029275,04:27:09.275,AAVE/USDT:USDT,297.47,8.6,297.46,1.1,297.48,14.4,297.49,8.1
1753504029379,04:27:09.379,AAVE/USDT:USDT,297.47,8.6,297.46,1.1,297.48,14.4,297.49,8.1
1753504029480,04:27:09.480,AAVE/USDT:USDT,297.47,8.8,297.46,0.6,297.48,14.4,297.49,8.1
1753504029583,04:27:09.583,AAVE/USDT:USDT,297.47,8.8,297.46,0.6,297.48,14.4,297.49,8.1
1753504029685,04:27:09.685,AAVE/USDT:USDT,297.47,14.5,297.46,3.7,297.48,12.6,297.49,8.1
1753504029787,04:27:09.787,AAVE/USDT:USDT,297.47,14.5,297.46,3.7,297.48,8.3,297.49,8.1
1753504029896,04:27:09.896,AAVE/USDT:USDT,297.47,14.5,297.46,3.7,297.48,8.3,297.49,8.1
1753504030039,04:27:10.039,AAVE/USDT:USDT,297.47,14.5,297.46,3.7,297.48,8.3,297.49,8.1
1753504030141,04:27:10.141,AAVE/USDT:USDT,297.47,14.5,297.46,3.7,297.48,8.3,297.49,8.1
1753504030247,04:27:10.247,AAVE/USDT:USDT,297.47,14.5,297.46,3.7,297.48,8.3,297.49,8.1
1753504030350,04:27:10.350,AAVE/USDT:USDT,297.47,14.5,297.46,3.7,297.48,8.8,297.49,11.4
1753504030461,04:27:10.461,AAVE/USDT:USDT,297.47,13.9,297.46,3.7,297.48,8.7,297.49,11.4
1753504030565,04:27:10.565,AAVE/USDT:USDT,297.47,13.9,297.46,3.7,297.48,8.7,297.49,8.1
1753504030708,04:27:10.708,AAVE/USDT:USDT,297.47,13.9,297.46,3.7,297.48,8.7,297.49,8.1
1753504030813,04:27:10.813,AAVE/USDT:USDT,297.47,13.5,297.46,8.2,297.48,8.7,297.49,8.1
1753504030915,04:27:10.915,AAVE/USDT:USDT,297.47,13.9,297.46,3.7,297.48,10.9,297.49,11.4
1753504031017,04:27:11.017,AAVE/USDT:USDT,297.47,13.9,297.46,3.7,297.48,8.7,297.49,8.1
1753504031238,04:27:11.238,AAVE/USDT:USDT,297.47,14.5,297.46,8.2,297.48,8.7,297.49,8.1
1753504031343,04:27:11.343,AAVE/USDT:USDT,297.47,14.5,297.46,3.7,297.48,8.7,297.49,8.1
1753504031447,04:27:11.447,AAVE/USDT:USDT,297.47,14.4,297.46,3.7,297.48,7.4,297.49,8.1
1753504031550,04:27:11.550,AAVE/USDT:USDT,297.47,16.1,297.46,8.2,297.48,7.5,297.49,8.1
1753504031653,04:27:11.653,AAVE/USDT:USDT,297.47,16.1,297.46,8.2,297.48,7.5,297.49,8.1
1753504031756,04:27:11.756,AAVE/USDT:USDT,297.47,16.1,297.46,3.7,297.48,7.6,297.49,8.1
1753504031890,04:27:11.890,AAVE/USDT:USDT,297.47,16.1,297.46,3.7,297.48,7.6,297.49,8.1
1753504032020,04:27:12.020,AAVE/USDT:USDT,297.47,16.1,297.46,3.7,297.48,7.6,297.49,8.1
1753504032169,04:27:12.169,AAVE/USDT:USDT,297.47,16.1,297.46,3.7,297.48,7.6,297.49,8.1
1753504032344,04:27:12.344,AAVE/USDT:USDT,297.47,16.4,297.46,8.2,297.48,7.6,297.49,8.1
1753504032447,04:27:12.447,AAVE/USDT:USDT,297.47,14.7,297.46,3.7,297.48,7.6,297.49,11.4
1753504032553,04:27:12.553,AAVE/USDT:USDT,297.47,14.1,297.46,3.7,297.48,7.6,297.49,8.1
1753504032655,04:27:12.655,AAVE/USDT:USDT,297.47,14.1,297.46,8.2,297.48,7.6,297.49,8.1
1753504032758,04:27:12.758,AAVE/USDT:USDT,297.47,14.1,297.46,8.2,297.48,7.6,297.49,8.1
1753504032860,04:27:12.860,AAVE/USDT:USDT,297.47,16.4,297.46,8.2,297.48,7.6,297.49,8.1
1753504032963,04:27:12.963,AAVE/USDT:USDT,297.47,16.4,297.46,8.3,297.48,6.6,297.49,8.1
1753504033065,04:27:13.065,AAVE/USDT:USDT,297.47,16.4,297.46,8.3,297.48,7.4,297.49,8.1
1753504033267,04:27:13.267,AAVE/USDT:USDT,297.47,14.3,297.46,8.5,297.48,7.4,297.49,8.1
1753504033370,04:27:13.370,AAVE/USDT:USDT,297.47,14.3,297.46,8.5,297.48,7.4,297.49,8.1
1753504033473,04:27:13.473,AAVE/USDT:USDT,297.47,14.3,297.46,3.9,297.48,7.7,297.49,8.1
1753504033581,04:27:13.581,AAVE/USDT:USDT,297.47,14.3,297.46,4.1,297.48,7.7,297.49,8.1
1753504033720,04:27:13.720,AAVE/USDT:USDT,297.47,14.3,297.46,8.6,297.48,7.7,297.49,8.1
1753504033823,04:27:13.823,AAVE/USDT:USDT,297.47,14.3,297.46,8.6,297.48,7.4,297.49,8.1
1753504033937,04:27:13.937,AAVE/USDT:USDT,297.47,16.6,297.46,8.6,297.48,7.4,297.49,8.1
1753504034067,04:27:14.067,AAVE/USDT:USDT,297.47,14.3,297.46,8.6,297.48,7.4,297.49,8.1
1753504034227,04:27:14.227,AAVE/USDT:USDT,297.47,10.0,297.46,8.7,297.48,7.4,297.49,8.1
1753504034329,04:27:14.329,AAVE/USDT:USDT,297.47,10.1,297.46,4.1,297.48,11.6,297.49,10.8
1753504034431,04:27:14.431,AAVE/USDT:USDT,297.47,9.9,297.46,3.5,297.48,17.5,297.49,10.3
1753504034532,04:27:14.532,AAVE/USDT:USDT,297.47,9.9,297.46,3.5,297.48,18.4,297.49,13.6
1753504034648,04:27:14.648,AAVE/USDT:USDT,297.47,9.9,297.46,3.5,297.48,16.6,297.49,10.3
1753504034750,04:27:14.750,AAVE/USDT:USDT,297.47,9.9,297.46,3.5,297.48,16.6,297.49,10.3
1753504034851,04:27:14.851,AAVE/USDT:USDT,297.47,9.9,297.46,8.0,297.48,13.8,297.49,10.3
1753504034954,04:27:14.954,AAVE/USDT:USDT,297.47,12.2,297.46,8.0,297.48,13.8,297.49,10.3
1753504035057,04:27:15.057,AAVE/USDT:USDT,297.47,12.2,297.46,3.5,297.48,13.8,297.49,10.3
1753504035167,04:27:15.167,AAVE/USDT:USDT,297.47,12.2,297.46,3.5,297.48,14.0,297.49,13.6
1753504035278,04:27:15.278,AAVE/USDT:USDT,297.47,12.2,297.46,3.5,297.48,14.7,297.49,13.6
1753504035383,04:27:15.383,AAVE/USDT:USDT,297.47,12.2,297.46,3.5,297.48,15.5,297.49,13.6
1753504035614,04:27:15.614,AAVE/USDT:USDT,297.47,12.3,297.46,3.5,297.48,14.4,297.49,10.3
1753504035733,04:27:15.733,AAVE/USDT:USDT,297.47,12.3,297.46,8.0,297.48,14.4,297.49,10.3
1753504035838,04:27:15.838,AAVE/USDT:USDT,297.47,12.3,297.46,8.0,297.48,14.4,297.49,10.3
1753504035941,04:27:15.941,AAVE/USDT:USDT,297.47,10.0,297.46,3.5,297.48,16.2,297.49,10.3
1753504036049,04:27:16.049,AAVE/USDT:USDT,297.47,10.0,297.46,3.5,297.48,16.2,297.49,10.3
1753504036152,04:27:16.152,AAVE/USDT:USDT,297.47,10.0,297.46,3.5,297.48,17.6,297.49,10.4
1753504036294,04:27:16.294,AAVE/USDT:USDT,297.47,10.0,297.46,3.5,297.48,17.6,297.49,10.4
1753504036400,04:27:16.400,AAVE/USDT:USDT,297.47,23.6,297.46,12.0,297.48,17.6,297.49,10.3
1753504036506,04:27:16.506,AAVE/USDT:USDT,297.47,23.6,297.46,12.0,297.48,16.2,297.49,10.3
1753504036638,04:27:16.638,AAVE/USDT:USDT,297.47,23.6,297.46,12.0,297.48,14.4,297.49,10.3
1753504036997,04:27:16.997,AAVE/USDT:USDT,297.47,23.6,297.46,12.0,297.48,14.4,297.49,10.3
1753504037100,04:27:17.100,AAVE/USDT:USDT,297.47,23.6,297.46,12.0,297.48,11.2,297.49,10.3
1753504037203,04:27:17.203,AAVE/USDT:USDT,297.47,23.6,297.46,12.0,297.48,12.8,297.49,10.3
1753504037315,04:27:17.315,AAVE/USDT:USDT,297.47,24.6,297.46,16.5,297.48,12.8,297.49,10.3
1753504037417,04:27:17.417,AAVE/USDT:USDT,297.47,24.6,297.46,16.5,297.48,12.8,297.49,10.3
1753504037519,04:27:17.519,AAVE/USDT:USDT,297.47,24.6,297.46,16.5,297.48,12.8,297.49,8.1
1753504037785,04:27:17.785,AAVE/USDT:USDT,297.47,24.6,297.46,16.5,297.48,12.8,297.49,8.1
1753504037891,04:27:17.891,AAVE/USDT:USDT,297.47,24.6,297.46,12.0,297.48,14.4,297.49,8.1
1753504037995,04:27:17.995,AAVE/USDT:USDT,297.47,24.6,297.46,12.0,297.48,14.4,297.49,8.1
1753504038099,04:27:18.099,AAVE/USDT:USDT,297.47,24.6,297.46,16.5,297.48,10.4,297.49,8.1
1753504038201,04:27:18.201,AAVE/USDT:USDT,297.47,24.6,297.46,16.5,297.48,6.9,297.49,4.1
1753504038341,04:27:18.341,AAVE/USDT:USDT,297.47,24.5,297.46,16.5,297.48,6.9,297.49,4.1
1753504038527,04:27:18.527,AAVE/USDT:USDT,297.47,24.5,297.46,16.5,297.48,3.2,297.49,4.1
1753504038633,04:27:18.633,AAVE/USDT:USDT,297.47,24.5,297.46,16.5,297.48,3.3,297.49,4.1
1753504038851,04:27:18.851,AAVE/USDT:USDT,297.47,25.6,297.46,12.0,297.48,10.9,297.49,4.1
1753504038958,04:27:18.958,AAVE/USDT:USDT,297.47,25.2,297.46,12.0,297.48,6.9,297.49,4.1
1753504039114,04:27:19.114,AAVE/USDT:USDT,297.47,25.2,297.46,12.0,297.48,6.9,297.49,4.1
1753504039306,04:27:19.306,AAVE/USDT:USDT,297.47,25.2,297.46,12.0,297.48,6.9,297.49,4.1
1753504039422,04:27:19.422,AAVE/USDT:USDT,297.47,25.2,297.46,12.0,297.48,6.9,297.49,8.1
1753504039527,04:27:19.527,AAVE/USDT:USDT,297.47,25.2,297.46,12.0,297.48,10.1,297.49,8.1
1753504039638,04:27:19.638,AAVE/USDT:USDT,297.47,25.2,297.46,12.0,297.48,10.1,297.49,8.1
1753504039752,04:27:19.752,AAVE/USDT:USDT,297.47,25.2,297.46,12.0,297.48,10.1,297.49,11.6
1753504039858,04:27:19.858,AAVE/USDT:USDT,297.47,25.2,297.46,12.0,297.48,12.0,297.49,11.7
1753504039985,04:27:19.985,AAVE/USDT:USDT,297.47,25.2,297.46,12.0,297.48,12.0,297.49,8.1
1753504040148,04:27:20.148,AAVE/USDT:USDT,297.47,25.2,297.46,12.0,297.48,11.0,297.49,11.4
1753504040257,04:27:20.257,AAVE/USDT:USDT,297.47,25.2,297.46,12.0,297.48,14.2,297.49,11.4
1753504040361,04:27:20.361,AAVE/USDT:USDT,297.47,25.2,297.46,12.0,297.48,14.2,297.49,11.5
1753504040464,04:27:20.464,AAVE/USDT:USDT,297.47,25.2,297.46,12.0,297.48,16.6,297.49,15.0
1753504040570,04:27:20.570,AAVE/USDT:USDT,297.47,25.2,297.46,12.0,297.48,18.0,297.49,15.0
1753504040702,04:27:20.702,AAVE/USDT:USDT,297.47,25.2,297.46,12.0,297.48,18.0,297.49,15.0
1753504040807,04:27:20.807,AAVE/USDT:USDT,297.47,25.2,297.46,12.0,297.48,18.0,297.49,15.0
1753504040993,04:27:20.993,AAVE/USDT:USDT,297.45,1.5,297.44,13.3,297.46,32.2,297.47,30.0
1753504041095,04:27:21.095,AAVE/USDT:USDT,297.45,1.5,297.44,13.3,297.46,32.2,297.47,30.0
1753504041198,04:27:21.198,AAVE/USDT:USDT,297.45,1.5,297.44,13.3,297.46,32.2,297.47,29.9
1753504041304,04:27:21.304,AAVE/USDT:USDT,297.45,1.5,297.44,13.3,297.46,32.2,297.47,29.9
1753504041405,04:27:21.405,AAVE/USDT:USDT,297.45,1.5,297.44,13.3,297.46,32.2,297.47,27.7
1753504041545,04:27:21.545,AAVE/USDT:USDT,297.45,1.8,297.44,13.3,297.46,32.2,297.47,25.4
1753504041647,04:27:21.647,AAVE/USDT:USDT,297.45,1.8,297.44,13.3,297.46,23.7,297.47,21.4
1753504041750,04:27:21.750,AAVE/USDT:USDT,297.45,1.8,297.44,13.3,297.46,23.7,297.47,18.7
1753504042020,04:27:22.020,AAVE/USDT:USDT,297.45,1.8,297.44,13.3,297.46,23.7,297.47,18.7
1753504042123,04:27:22.123,AAVE/USDT:USDT,297.45,1.8,297.44,13.3,297.46,23.7,297.47,18.7
1753504042238,04:27:22.238,AAVE/USDT:USDT,297.45,5.4,297.44,13.3,297.46,17.6,297.47,18.7
1753504042339,04:27:22.339,AAVE/USDT:USDT,297.45,5.5,297.44,17.8,297.46,17.6,297.47,18.7
1753504042475,04:27:22.475,AAVE/USDT:USDT,297.45,1.9,297.44,17.8,297.46,17.6,297.47,18.7
1753504042578,04:27:22.578,AAVE/USDT:USDT,297.45,6.1,297.44,13.3,297.46,17.6,297.47,18.7
1753504042681,04:27:22.681,AAVE/USDT:USDT,297.45,1.9,297.44,13.3,297.46,17.6,297.47,21.2
1753504042794,04:27:22.794,AAVE/USDT:USDT,297.45,1.9,297.44,13.3,297.46,17.6,297.47,21.2
1753504043001,04:27:23.001,AAVE/USDT:USDT,297.45,1.9,297.44,13.3,297.46,18.2,297.47,24.7
1753504043102,04:27:23.102,AAVE/USDT:USDT,297.45,1.9,297.44,13.3,297.46,21.2,297.47,24.7
1753504043207,04:27:23.207,AAVE/USDT:USDT,297.45,1.9,297.44,13.3,297.46,21.2,297.47,24.7
1753504043309,04:27:23.309,AAVE/USDT:USDT,297.45,5.5,297.44,13.4,297.46,21.2,297.47,21.2
1753504043412,04:27:23.412,AAVE/USDT:USDT,297.45,5.5,297.44,13.4,297.46,21.2,297.47,18.7
1753504043523,04:27:23.523,AAVE/USDT:USDT,297.45,1.9,297.44,13.4,297.46,21.2,297.47,18.7
1753504043627,04:27:23.627,AAVE/USDT:USDT,297.45,2.1,297.44,13.4,297.46,21.2,297.47,21.0
1753504043735,04:27:23.735,AAVE/USDT:USDT,297.45,2.1,297.44,13.3,297.46,21.2,297.47,21.0
1753504043986,04:27:23.986,AAVE/USDT:USDT,297.45,2.1,297.44,13.3,297.46,21.2,297.47,18.7
1753504044111,04:27:24.111,AAVE/USDT:USDT,297.45,2.1,297.44,13.3,297.46,23.2,297.47,18.7
1753504044258,04:27:24.258,AAVE/USDT:USDT,297.45,2.1,297.44,13.3,297.46,23.2,297.47,18.7
1753504044391,04:27:24.391,AAVE/USDT:USDT,297.45,2.1,297.44,13.3,297.46,23.2,297.47,18.7
1753504044589,04:27:24.589,AAVE/USDT:USDT,297.45,2.1,297.44,13.3,297.46,23.2,297.47,18.7
1753504044692,04:27:24.692,AAVE/USDT:USDT,297.45,2.1,297.44,13.3,297.46,23.2,297.47,18.7
1753504044802,04:27:24.802,AAVE/USDT:USDT,297.45,2.1,297.44,13.3,297.46,23.2,297.47,18.7
1753504045008,04:27:25.008,AAVE/USDT:USDT,297.45,2.1,297.44,13.3,297.46,22.2,297.47,18.7
1753504045113,04:27:25.113,AAVE/USDT:USDT,297.45,2.1,297.44,13.3,297.46,24.2,297.47,18.7
1753504045229,04:27:25.229,AAVE/USDT:USDT,297.45,2.1,297.44,13.3,297.46,25.4,297.47,28.6
1753504045347,04:27:25.347,AAVE/USDT:USDT,297.45,2.0,297.44,13.3,297.46,25.4,297.47,28.6
1753504045462,04:27:25.462,AAVE/USDT:USDT,297.45,2.0,297.44,13.3,297.46,31.7,297.47,28.6
1753504045569,04:27:25.569,AAVE/USDT:USDT,297.45,2.0,297.44,13.3,297.46,31.7,297.47,28.6
1753504045805,04:27:25.805,AAVE/USDT:USDT,297.45,2.0,297.44,13.3,297.46,31.7,297.47,28.6
1753504045941,04:27:25.941,AAVE/USDT:USDT,297.42,1.4,297.41,0.3,297.43,41.0,297.44,23.6
1753504046145,04:27:26.145,AAVE/USDT:USDT,297.42,1.5,297.41,0.3,297.43,44.0,297.44,23.6
1753504046247,04:27:26.247,AAVE/USDT:USDT,297.42,1.5,297.41,0.3,297.43,44.0,297.44,23.6
1753504046355,04:27:26.355,AAVE/USDT:USDT,297.41,0.2,297.4,0.2,297.42,26.3,297.43,34.1
1753504046457,04:27:26.457,AAVE/USDT:USDT,297.41,0.2,297.4,0.2,297.42,26.5,297.43,34.1
1753504046560,04:27:26.560,AAVE/USDT:USDT,297.41,0.2,297.4,0.2,297.42,27.0,297.43,37.4
1753504046664,04:27:26.664,AAVE/USDT:USDT,297.41,0.2,297.4,0.2,297.42,27.0,297.43,37.4
1753504046766,04:27:26.766,AAVE/USDT:USDT,297.41,0.2,297.4,0.2,297.42,27.0,297.43,37.4
1753504046869,04:27:26.869,AAVE/USDT:USDT,297.41,0.2,297.4,0.2,297.42,28.0,297.43,37.4
1753504046989,04:27:26.989,AAVE/USDT:USDT,297.41,0.2,297.4,0.2,297.42,28.0,297.43,37.4
1753504047099,04:27:27.099,AAVE/USDT:USDT,297.41,0.2,297.4,0.4,297.42,28.0,297.43,37.4
1753504047277,04:27:27.277,AAVE/USDT:USDT,297.41,0.3,297.4,0.4,297.42,28.0,297.43,30.6
1753504047380,04:27:27.380,AAVE/USDT:USDT,297.41,0.3,297.4,0.4,297.42,29.0,297.43,30.6
1753504047483,04:27:27.483,AAVE/USDT:USDT,297.41,0.3,297.4,0.4,297.42,29.0,297.43,30.6
1753504047586,04:27:27.586,AAVE/USDT:USDT,297.41,0.3,297.4,0.4,297.42,29.0,297.43,30.6
1753504047730,04:27:27.730,AAVE/USDT:USDT,297.41,0.3,297.4,0.4,297.42,29.0,297.43,30.6
1753504047833,04:27:27.833,AAVE/USDT:USDT,297.41,0.3,297.4,0.4,297.42,29.0,297.43,30.6
1753504047935,04:27:27.935,AAVE/USDT:USDT,297.41,0.3,297.4,0.4,297.42,29.0,297.43,30.6
1753504048040,04:27:28.040,AAVE/USDT:USDT,297.41,0.3,297.4,0.4,297.42,25.0,297.43,26.6
1753504048143,04:27:28.143,AAVE/USDT:USDT,297.41,0.3,297.4,0.4,297.42,25.0,297.43,26.6
1753504048246,04:27:28.246,AAVE/USDT:USDT,297.41,0.3,297.4,0.4,297.42,25.0,297.43,26.6
1753504048370,04:27:28.370,AAVE/USDT:USDT,297.41,0.3,297.4,0.4,297.42,25.0,297.43,26.6
1753504048476,04:27:28.476,AAVE/USDT:USDT,297.41,0.3,297.4,0.4,297.42,27.2,297.43,26.6
1753504048579,04:27:28.579,AAVE/USDT:USDT,297.41,0.3,297.4,0.4,297.42,27.2,297.43,26.6
1753504048682,04:27:28.682,AAVE/USDT:USDT,297.41,0.3,297.4,0.4,297.42,27.2,297.43,26.6
1753504048789,04:27:28.789,AAVE/USDT:USDT,297.41,0.3,297.4,0.4,297.42,27.2,297.43,26.6
1753504048905,04:27:28.905,AAVE/USDT:USDT,297.41,0.3,297.4,0.4,297.42,27.2,297.43,26.6
1753504049011,04:27:29.011,AAVE/USDT:USDT,297.41,0.3,297.4,0.4,297.42,27.2,297.43,26.6
1753504049149,04:27:29.149,AAVE/USDT:USDT,297.41,0.3,297.4,0.4,297.42,27.2,297.43,26.6
1753504049257,04:27:29.257,AAVE/USDT:USDT,297.41,0.3,297.4,0.4,297.42,27.2,297.43,26.6
1753504049466,04:27:29.466,AAVE/USDT:USDT,297.41,0.3,297.4,0.4,297.42,27.3,297.43,26.6
1753504049568,04:27:29.568,AAVE/USDT:USDT,297.41,0.3,297.4,0.4,297.42,27.3,297.43,26.6
1753504049670,04:27:29.670,AAVE/USDT:USDT,297.41,0.3,297.4,0.4,297.42,27.3,297.43,26.6
1753504049819,04:27:29.819,AAVE/USDT:USDT,297.4,4.9,297.39,6.7,297.41,26.7,297.42,20.2
1753504049922,04:27:29.922,AAVE/USDT:USDT,297.4,0.5,297.39,0.1,297.41,30.8,297.42,20.2
1753504050024,04:27:30.024,AAVE/USDT:USDT,297.4,0.5,297.39,0.1,297.41,29.8,297.42,20.2
1753504050127,04:27:30.127,AAVE/USDT:USDT,297.4,0.5,297.39,0.1,297.41,29.8,297.42,20.2
1753504050230,04:27:30.230,AAVE/USDT:USDT,297.4,0.5,297.39,0.1,297.41,30.0,297.42,20.2
1753504050346,04:27:30.346,AAVE/USDT:USDT,297.4,0.5,297.39,0.1,297.41,30.3,297.42,20.2
1753504050449,04:27:30.449,AAVE/USDT:USDT,297.4,0.5,297.39,0.1,297.41,34.0,297.42,18.0
1753504050567,04:27:30.567,AAVE/USDT:USDT,297.4,0.5,297.39,0.1,297.41,34.0,297.42,18.0
1753504050710,04:27:30.710,AAVE/USDT:USDT,297.4,0.5,297.39,0.1,297.41,33.0,297.42,18.0
1753504050834,04:27:30.834,AAVE/USDT:USDT,297.39,0.1,297.38,0.2,297.4,24.8,297.41,24.7
1753504050937,04:27:30.937,AAVE/USDT:USDT,297.37,0.2,297.36,4.2,297.38,25.4,297.39,25.0
1753504051038,04:27:31.038,AAVE/USDT:USDT,297.37,0.2,297.36,4.2,297.38,25.5,297.39,25.0
1753504051145,04:27:31.145,AAVE/USDT:USDT,297.37,0.2,297.36,4.2,297.38,28.5,297.39,25.0
1753504051248,04:27:31.248,AAVE/USDT:USDT,297.37,0.2,297.36,4.2,297.38,28.5,297.39,25.0
1753504051361,04:27:31.361,AAVE/USDT:USDT,297.37,0.2,297.36,4.2,297.38,28.5,297.39,25.0
1753504051464,04:27:31.464,AAVE/USDT:USDT,297.37,0.2,297.36,4.2,297.38,28.5,297.39,24.0
1753504051567,04:27:31.567,AAVE/USDT:USDT,297.37,0.2,297.36,4.2,297.38,28.5,297.39,24.0
1753504051781,04:27:31.781,AAVE/USDT:USDT,297.37,0.2,297.36,4.2,297.38,28.5,297.39,24.0
1753504051886,04:27:31.886,AAVE/USDT:USDT,297.37,0.2,297.36,4.2,297.38,28.5,297.39,24.0
1753504052021,04:27:32.021,AAVE/USDT:USDT,297.37,0.2,297.36,4.2,297.38,28.5,297.39,24.0
1753504052127,04:27:32.127,AAVE/USDT:USDT,297.37,0.2,297.36,4.2,297.38,28.5,297.39,24.0
1753504052300,04:27:32.300,AAVE/USDT:USDT,297.37,0.2,297.36,4.2,297.38,28.5,297.39,20.0
1753504052443,04:27:32.443,AAVE/USDT:USDT,297.37,0.2,297.36,8.3,297.38,28.5,297.39,20.0
1753504052547,04:27:32.547,AAVE/USDT:USDT,297.37,0.2,297.36,8.4,297.38,28.5,297.39,17.8
1753504052653,04:27:32.653,AAVE/USDT:USDT,297.37,0.2,297.36,8.4,297.38,28.5,297.39,17.8
1753504052818,04:27:32.818,AAVE/USDT:USDT,297.37,0.2,297.36,8.4,297.38,24.1,297.39,17.8
1753504052942,04:27:32.942,AAVE/USDT:USDT,297.37,0.2,297.36,8.4,297.38,24.1,297.39,17.8
1753504053090,04:27:33.090,AAVE/USDT:USDT,297.37,0.2,297.36,4.3,297.38,24.1,297.39,17.8
1753504053209,04:27:33.209,AAVE/USDT:USDT,297.37,0.2,297.36,4.3,297.38,24.2,297.39,17.8
1753504053363,04:27:33.363,AAVE/USDT:USDT,297.37,0.2,297.36,4.3,297.38,24.2,297.39,17.8
1753504053528,04:27:33.528,AAVE/USDT:USDT,297.37,0.2,297.36,8.4,297.38,24.2,297.39,17.8
1753504053671,04:27:33.671,AAVE/USDT:USDT,297.37,8.7,297.36,13.1,297.38,6.8,297.39,10.5
1753504053773,04:27:33.773,AAVE/USDT:USDT,297.37,7.1,297.36,12.6,297.38,7.0,297.39,10.5
1753504053878,04:27:33.878,AAVE/USDT:USDT,297.37,6.3,297.36,12.6,297.38,7.0,297.39,10.5
1753504053987,04:27:33.987,AAVE/USDT:USDT,297.37,6.3,297.36,12.6,297.38,7.0,297.39,10.5
1753504054111,04:27:34.111,AAVE/USDT:USDT,297.37,6.3,297.36,12.6,297.38,7.0,297.39,10.5
1753504054216,04:27:34.216,AAVE/USDT:USDT,297.37,6.3,297.36,12.6,297.38,7.0,297.39,10.5
1753504054392,04:27:34.392,AAVE/USDT:USDT,297.37,6.3,297.36,12.6,297.38,7.0,297.39,10.5
1753504054506,04:27:34.506,AAVE/USDT:USDT,297.37,6.3,297.36,12.6,297.38,7.0,297.39,10.5
1753504054647,04:27:34.647,AAVE/USDT:USDT,297.37,6.1,297.36,8.4,297.38,7.0,297.39,10.5
1753504054771,04:27:34.771,AAVE/USDT:USDT,297.37,5.5,297.36,8.4,297.38,7.0,297.39,10.5
1753504054876,04:27:34.876,AAVE/USDT:USDT,297.37,5.5,297.36,8.4,297.38,7.0,297.39,10.5
1753504055021,04:27:35.021,AAVE/USDT:USDT,297.37,14.1,297.36,15.0,297.38,3.4,297.39,0.9
1753504055126,04:27:35.126,AAVE/USDT:USDT,297.37,14.1,297.36,15.0,297.38,3.4,297.39,0.9
1753504055240,04:27:35.240,AAVE/USDT:USDT,297.37,14.1,297.36,10.9,297.38,3.9,297.39,0.9
1753504055343,04:27:35.343,AAVE/USDT:USDT,297.37,14.1,297.36,6.8,297.38,3.9,297.39,0.9
1753504055445,04:27:35.445,AAVE/USDT:USDT,297.37,3.7,297.36,6.3,297.38,12.2,297.39,1.9
1753504055594,04:27:35.594,AAVE/USDT:USDT,297.37,3.7,297.36,6.3,297.38,12.2,297.39,1.9
1753504055699,04:27:35.699,AAVE/USDT:USDT,297.37,3.7,297.36,6.3,297.38,12.2,297.39,1.9
1753504055848,04:27:35.848,AAVE/USDT:USDT,297.37,3.7,297.36,6.3,297.38,12.2,297.39,1.9
1753504055949,04:27:35.949,AAVE/USDT:USDT,297.37,3.7,297.36,6.3,297.38,12.2,297.39,1.9
1753504056052,04:27:36.052,AAVE/USDT:USDT,297.37,3.7,297.36,6.3,297.38,12.2,297.39,1.9
1753504056238,04:27:36.238,AAVE/USDT:USDT,297.37,7.5,297.36,10.4,297.38,7.5,297.39,0.9
1753504056339,04:27:36.339,AAVE/USDT:USDT,297.37,9.0,297.36,10.4,297.38,7.5,297.39,0.9
1753504056443,04:27:36.443,AAVE/USDT:USDT,297.37,11.4,297.36,10.5,297.38,3.9,297.39,0.9
1753504056575,04:27:36.575,AAVE/USDT:USDT,297.37,11.7,297.36,10.5,297.38,3.9,297.39,0.9
1753504056910,04:27:36.910,AAVE/USDT:USDT,297.37,11.7,297.36,10.5,297.38,3.9,297.39,0.9
1753504057098,04:27:37.098,AAVE/USDT:USDT,297.37,11.7,297.36,10.5,297.38,3.9,297.39,0.9
1753504057373,04:27:37.373,AAVE/USDT:USDT,297.37,11.7,297.36,10.5,297.38,3.9,297.39,0.9
1753504057476,04:27:37.476,AAVE/USDT:USDT,297.37,5.8,297.36,6.3,297.38,8.4,297.39,1.9
1753504057582,04:27:37.582,AAVE/USDT:USDT,297.37,4.0,297.36,6.3,297.38,8.5,297.39,1.9
1753504057686,04:27:37.686,AAVE/USDT:USDT,297.37,4.0,297.36,6.3,297.38,8.5,297.39,1.9
1753504057799,04:27:37.799,AAVE/USDT:USDT,297.37,4.6,297.36,10.4,297.38,6.7,297.39,1.9
1753504057912,04:27:37.912,AAVE/USDT:USDT,297.37,4.6,297.36,10.5,297.38,6.7,297.39,1.9
1753504058111,04:27:38.111,AAVE/USDT:USDT,297.37,4.6,297.36,10.5,297.38,6.7,297.39,1.9
1753504058213,04:27:38.213,AAVE/USDT:USDT,297.37,4.6,297.36,10.5,297.38,6.7,297.39,1.9
1753504058393,04:27:38.393,AAVE/USDT:USDT,297.37,4.6,297.36,10.5,297.38,6.7,297.39,1.9
1753504058628,04:27:38.628,AAVE/USDT:USDT,297.37,9.1,297.36,14.6,297.38,6.7,297.39,0.9
1753504058734,04:27:38.734,AAVE/USDT:USDT,297.37,9.1,297.36,14.6,297.38,6.7,297.39,1.9
1753504058836,04:27:38.836,AAVE/USDT:USDT,297.37,6.8,297.36,14.6,297.38,6.7,297.39,1.9
1753504058967,04:27:38.967,AAVE/USDT:USDT,297.37,6.8,297.36,14.6,297.38,6.7,297.39,1.9
1753504059090,04:27:39.090,AAVE/USDT:USDT,297.37,6.8,297.36,14.6,297.38,6.7,297.39,1.9
1753504059217,04:27:39.217,AAVE/USDT:USDT,297.37,8.1,297.36,14.6,297.38,8.1,297.39,0.9
1753504059337,04:27:39.337,AAVE/USDT:USDT,297.37,5.9,297.36,14.6,297.38,8.0,297.39,1.9
1753504059440,04:27:39.440,AAVE/USDT:USDT,297.37,5.9,297.36,14.6,297.38,8.0,297.39,0.9
1753504059647,04:27:39.647,AAVE/USDT:USDT,297.37,5.9,297.36,10.4,297.38,9.9,297.39,1.9
1753504059750,04:27:39.750,AAVE/USDT:USDT,297.37,4.1,297.36,6.3,297.38,9.9,297.39,1.9
1753504059950,04:27:39.950,AAVE/USDT:USDT,297.37,4.1,297.36,6.3,297.38,9.9,297.39,1.9
1753504060110,04:27:40.110,AAVE/USDT:USDT,297.37,4.1,297.36,6.3,297.38,9.9,297.39,1.9
1753504060302,04:27:40.302,AAVE/USDT:USDT,297.37,4.1,297.36,10.4,297.38,9.9,297.39,1.9
1753504060405,04:27:40.405,AAVE/USDT:USDT,297.37,4.7,297.36,10.5,297.38,8.1,297.39,1.9
1753504060509,04:27:40.509,AAVE/USDT:USDT,297.37,15.0,297.36,14.6,297.38,8.0,297.39,0.9
1753504060627,04:27:40.627,AAVE/USDT:USDT,297.37,15.0,297.36,14.6,297.38,8.0,297.39,0.9
1753504060821,04:27:40.821,AAVE/USDT:USDT,297.37,15.0,297.36,14.6,297.38,8.0,297.39,0.9
1753504060923,04:27:40.923,AAVE/USDT:USDT,297.37,15.0,297.36,14.6,297.38,8.0,297.39,0.9
1753504061084,04:27:41.084,AAVE/USDT:USDT,297.37,15.0,297.36,14.6,297.38,8.0,297.39,0.9
1753504061270,04:27:41.270,AAVE/USDT:USDT,297.37,15.0,297.36,14.6,297.38,8.0,297.39,0.9
1753504061387,04:27:41.387,AAVE/USDT:USDT,297.37,15.1,297.36,14.6,297.38,8.0,297.39,0.9
1753504061549,04:27:41.549,AAVE/USDT:USDT,297.37,15.1,297.36,14.6,297.38,8.0,297.39,0.9
1753504061683,04:27:41.683,AAVE/USDT:USDT,297.37,15.1,297.36,14.6,297.38,8.0,297.39,0.9
1753504061857,04:27:41.857,AAVE/USDT:USDT,297.37,15.1,297.36,14.6,297.38,8.0,297.39,0.9
1753504061961,04:27:41.961,AAVE/USDT:USDT,297.37,15.1,297.36,10.5,297.38,8.3,297.39,0.9
1753504062064,04:27:42.064,AAVE/USDT:USDT,297.37,15.1,297.36,10.4,297.38,8.3,297.39,0.9
1753504062226,04:27:42.226,AAVE/USDT:USDT,297.37,15.1,297.36,10.4,297.38,8.3,297.39,0.9
1753504062349,04:27:42.349,AAVE/USDT:USDT,297.37,14.9,297.36,10.4,297.38,8.4,297.39,0.9
1753504062467,04:27:42.467,AAVE/USDT:USDT,297.37,14.9,297.36,10.4,297.38,8.4,297.39,0.9
1753504062577,04:27:42.577,AAVE/USDT:USDT,297.37,14.9,297.36,10.4,297.38,8.4,297.39,0.9
1753504062728,04:27:42.728,AAVE/USDT:USDT,297.37,14.9,297.36,10.4,297.38,8.4,297.39,0.9
1753504062913,04:27:42.913,AAVE/USDT:USDT,297.37,14.9,297.36,10.4,297.38,8.4,297.39,0.9
1753504063129,04:27:43.129,AAVE/USDT:USDT,297.37,23.8,297.36,14.5,297.38,8.4,297.39,0.9
1753504063270,04:27:43.270,AAVE/USDT:USDT,297.37,23.9,297.36,14.5,297.38,8.4,297.39,0.9
1753504063387,04:27:43.387,AAVE/USDT:USDT,297.37,23.9,297.36,14.5,297.38,8.1,297.39,0.9
1753504063497,04:27:43.497,AAVE/USDT:USDT,297.37,23.9,297.36,14.5,297.38,8.0,297.39,0.9
1753504063599,04:27:43.599,AAVE/USDT:USDT,297.37,23.6,297.36,14.5,297.38,8.4,297.39,0.9
1753504063700,04:27:43.700,AAVE/USDT:USDT,297.37,23.6,297.36,14.5,297.38,8.4,297.39,0.9
1753504063802,04:27:43.802,AAVE/USDT:USDT,297.37,23.6,297.36,14.5,297.38,8.4,297.39,0.9
1753504063923,04:27:43.923,AAVE/USDT:USDT,297.37,23.6,297.36,14.5,297.38,8.4,297.39,0.9
1753504064028,04:27:44.028,AAVE/USDT:USDT,297.39,28.6,297.38,25.0,297.4,1.6,297.41,0.1
1753504064137,04:27:44.137,AAVE/USDT:USDT,297.39,28.6,297.38,25.0,297.4,1.6,297.41,0.1
1753504064240,04:27:44.240,AAVE/USDT:USDT,297.39,28.6,297.38,25.0,297.4,1.7,297.41,0.1
1753504064345,04:27:44.345,AAVE/USDT:USDT,297.39,28.6,297.38,16.8,297.4,1.7,297.41,0.1
1753504064469,04:27:44.469,AAVE/USDT:USDT,297.39,28.6,297.38,16.8,297.4,1.7,297.41,0.1
1753504064572,04:27:44.572,AAVE/USDT:USDT,297.39,28.6,297.38,16.8,297.4,1.9,297.41,0.1
1753504064757,04:27:44.757,AAVE/USDT:USDT,297.39,28.6,297.38,16.8,297.4,1.9,297.41,0.1
1753504064924,04:27:44.924,AAVE/USDT:USDT,297.39,28.6,297.38,20.9,297.4,0.5,297.41,0.1
1753504065025,04:27:45.025,AAVE/USDT:USDT,297.39,28.6,297.38,21.0,297.4,1.9,297.41,0.1
1753504065152,04:27:45.152,AAVE/USDT:USDT,297.39,28.6,297.38,21.0,297.4,1.9,297.41,0.1
1753504065261,04:27:45.261,AAVE/USDT:USDT,297.39,28.6,297.38,21.0,297.4,1.9,297.41,0.1
1753504065366,04:27:45.366,AAVE/USDT:USDT,297.39,28.6,297.38,21.0,297.4,1.9,297.41,0.1
1753504065471,04:27:45.471,AAVE/USDT:USDT,297.39,28.6,297.38,16.8,297.4,1.9,297.41,0.1
1753504065576,04:27:45.576,AAVE/USDT:USDT,297.39,28.6,297.38,16.8,297.4,1.9,297.41,0.1
1753504065682,04:27:45.682,AAVE/USDT:USDT,297.39,28.6,297.38,16.8,297.4,1.9,297.41,0.1
1753504065805,04:27:45.805,AAVE/USDT:USDT,297.39,28.6,297.38,25.0,297.4,1.9,297.41,0.1
1753504065920,04:27:45.920,AAVE/USDT:USDT,297.39,28.7,297.38,25.0,297.4,0.5,297.41,0.1
1753504066024,04:27:46.024,AAVE/USDT:USDT,297.44,5.6,297.42,15.3,297.45,11.5,297.46,4.6
1753504066125,04:27:46.125,AAVE/USDT:USDT,297.44,9.2,297.42,15.3,297.45,10.0,297.46,4.2
1753504066226,04:27:46.226,AAVE/USDT:USDT,297.44,9.2,297.42,14.7,297.45,10.4,297.46,4.2
1753504066328,04:27:46.328,AAVE/USDT:USDT,297.44,5.6,297.42,14.7,297.45,12.2,297.46,4.2
1753504066433,04:27:46.433,AAVE/USDT:USDT,297.44,5.6,297.42,14.7,297.45,12.2,297.46,4.2
1753504066566,04:27:46.566,AAVE/USDT:USDT,297.44,6.4,297.42,14.7,297.45,13.0,297.46,4.2
1753504066676,04:27:46.676,AAVE/USDT:USDT,297.44,9.3,297.42,18.8,297.45,6.9,297.46,4.2
1753504066778,04:27:46.778,AAVE/USDT:USDT,297.44,11.0,297.42,18.8,297.45,5.1,297.46,3.7
1753504066884,04:27:46.884,AAVE/USDT:USDT,297.44,11.0,297.42,18.8,297.45,5.1,297.46,3.7
1753504066985,04:27:46.985,AAVE/USDT:USDT,297.44,9.3,297.42,18.8,297.45,5.1,297.46,3.7
1753504067104,04:27:47.104,AAVE/USDT:USDT,297.44,11.0,297.42,18.8,297.45,5.1,297.46,3.7
1753504067220,04:27:47.220,AAVE/USDT:USDT,297.44,11.0,297.42,18.8,297.45,5.1,297.46,3.7
1753504067326,04:27:47.326,AAVE/USDT:USDT,297.44,11.0,297.42,18.8,297.45,5.1,297.46,3.7
1753504067457,04:27:47.457,AAVE/USDT:USDT,297.44,11.0,297.42,18.8,297.45,5.2,297.46,3.7
1753504067562,04:27:47.562,AAVE/USDT:USDT,297.44,11.0,297.42,14.7,297.45,5.2,297.46,3.7
1753504067665,04:27:47.665,AAVE/USDT:USDT,297.44,11.0,297.42,14.7,297.45,5.3,297.46,3.7
1753504067787,04:27:47.787,AAVE/USDT:USDT,297.44,8.7,297.42,14.7,297.45,7.1,297.46,4.2
1753504067889,04:27:47.889,AAVE/USDT:USDT,297.44,8.7,297.42,14.7,297.45,7.1,297.46,4.2
1753504067991,04:27:47.991,AAVE/USDT:USDT,297.44,9.3,297.42,14.7,297.45,5.3,297.46,3.7
1753504068120,04:27:48.120,AAVE/USDT:USDT,297.44,5.3,297.42,14.7,297.45,10.8,297.46,4.2
1753504068222,04:27:48.222,AAVE/USDT:USDT,297.44,3.0,297.42,14.7,297.45,11.8,297.46,6.3
1753504068323,04:27:48.323,AAVE/USDT:USDT,297.44,3.3,297.42,14.7,297.45,10.8,297.46,6.3
1753504068449,04:27:48.449,AAVE/USDT:USDT,297.44,3.3,297.42,14.7,297.45,10.8,297.46,6.3
1753504068658,04:27:48.658,AAVE/USDT:USDT,297.44,3.3,297.42,14.7,297.45,11.8,297.46,6.3
1753504068817,04:27:48.817,AAVE/USDT:USDT,297.44,3.3,297.42,14.7,297.45,12.5,297.46,6.3
1753504068946,04:27:48.946,AAVE/USDT:USDT,297.44,3.3,297.42,14.7,297.45,12.5,297.46,6.3
1753504069058,04:27:49.058,AAVE/USDT:USDT,297.4,4.6,297.39,12.7,297.42,18.9,297.43,9.5
1753504069159,04:27:49.159,AAVE/USDT:USDT,297.4,9.2,297.39,13.2,297.41,12.2,297.42,3.7
1753504069261,04:27:49.261,AAVE/USDT:USDT,297.4,9.3,297.39,12.7,297.41,12.2,297.42,3.7
1753504069364,04:27:49.364,AAVE/USDT:USDT,297.4,9.9,297.39,13.2,297.41,5.4,297.42,3.7
1753504069467,04:27:49.467,AAVE/USDT:USDT,297.4,9.9,297.39,13.2,297.41,5.4,297.42,3.7
1753504069618,04:27:49.618,AAVE/USDT:USDT,297.4,11.7,297.39,13.2,297.41,5.4,297.42,3.7
1753504069725,04:27:49.725,AAVE/USDT:USDT,297.4,11.7,297.39,13.2,297.41,5.4,297.42,3.7
1753504069838,04:27:49.838,AAVE/USDT:USDT,297.4,11.1,297.39,12.7,297.41,7.4,297.42,3.7
1753504069941,04:27:49.941,AAVE/USDT:USDT,297.4,11.1,297.39,12.7,297.41,7.4,297.42,3.7
1753504070044,04:27:50.044,AAVE/USDT:USDT,297.4,11.1,297.39,12.7,297.41,7.4,297.42,3.7
1753504070171,04:27:50.171,AAVE/USDT:USDT,297.4,11.1,297.39,12.7,297.41,7.4,297.42,3.7
1753504070274,04:27:50.274,AAVE/USDT:USDT,297.4,11.1,297.39,12.7,297.41,7.6,297.42,3.7
1753504070377,04:27:50.377,AAVE/USDT:USDT,297.4,11.1,297.39,13.2,297.41,6.3,297.42,3.7
1753504070486,04:27:50.486,AAVE/USDT:USDT,297.4,11.1,297.39,13.2,297.41,6.3,297.42,3.7
1753504070589,04:27:50.589,AAVE/USDT:USDT,297.4,11.1,297.39,12.7,297.41,6.3,297.42,3.7
1753504070707,04:27:50.707,AAVE/USDT:USDT,297.4,11.1,297.39,12.7,297.41,8.1,297.42,3.7
1753504070810,04:27:50.810,AAVE/USDT:USDT,297.4,11.1,297.39,12.7,297.41,8.1,297.42,3.7
1753504070987,04:27:50.987,AAVE/USDT:USDT,297.37,9.0,297.36,0.7,297.38,15.1,297.39,15.7
1753504071089,04:27:51.089,AAVE/USDT:USDT,297.37,9.1,297.36,1.1,297.38,15.5,297.39,15.7
1753504071193,04:27:51.193,AAVE/USDT:USDT,297.37,9.1,297.36,1.1,297.38,14.5,297.39,15.7
1753504071296,04:27:51.296,AAVE/USDT:USDT,297.37,9.1,297.36,0.6,297.38,14.5,297.39,15.7
1753504071402,04:27:51.402,AAVE/USDT:USDT,297.37,9.1,297.36,0.6,297.38,14.5,297.39,15.7
1753504071526,04:27:51.526,AAVE/USDT:USDT,297.37,9.1,297.36,0.6,297.38,14.6,297.39,15.7
1753504071627,04:27:51.627,AAVE/USDT:USDT,297.37,9.1,297.36,0.6,297.38,14.6,297.39,15.7
1753504071802,04:27:51.802,AAVE/USDT:USDT,297.37,9.1,297.36,0.6,297.38,14.5,297.39,15.7
1753504071907,04:27:51.907,AAVE/USDT:USDT,297.37,9.1,297.36,0.6,297.38,14.5,297.39,15.7
1753504072009,04:27:52.009,AAVE/USDT:USDT,297.37,9.1,297.36,0.6,297.38,14.5,297.39,15.7
1753504072111,04:27:52.111,AAVE/USDT:USDT,297.37,9.1,297.36,0.6,297.38,14.6,297.39,15.7
1753504072249,04:27:52.249,AAVE/USDT:USDT,297.37,9.1,297.36,0.6,297.38,14.6,297.39,15.7
1753504072353,04:27:52.353,AAVE/USDT:USDT,297.37,9.1,297.36,0.6,297.38,14.6,297.39,15.7
1753504072608,04:27:52.608,AAVE/USDT:USDT,297.37,9.1,297.36,0.6,297.38,15.6,297.39,15.7
1753504072712,04:27:52.712,AAVE/USDT:USDT,297.37,9.1,297.36,0.6,297.38,14.6,297.39,15.7
1753504072814,04:27:52.814,AAVE/USDT:USDT,297.37,9.1,297.36,1.1,297.38,5.8,297.39,11.3
1753504072944,04:27:52.944,AAVE/USDT:USDT,297.37,9.9,297.36,1.1,297.38,5.9,297.39,4.9
1753504073047,04:27:53.047,AAVE/USDT:USDT,297.37,9.1,297.36,1.1,297.38,5.9,297.39,4.9
1753504073150,04:27:53.150,AAVE/USDT:USDT,297.37,9.1,297.36,1.1,297.38,5.9,297.39,4.9
1753504073253,04:27:53.253,AAVE/USDT:USDT,297.37,9.9,297.36,3.1,297.38,4.6,297.39,4.9
1753504073355,04:27:53.355,AAVE/USDT:USDT,297.37,11.4,297.36,3.1,297.38,4.9,297.39,3.6
1753504073457,04:27:53.457,AAVE/USDT:USDT,297.37,11.4,297.36,3.1,297.38,4.9,297.39,3.6
1753504073581,04:27:53.581,AAVE/USDT:USDT,297.37,11.4,297.36,2.6,297.38,4.9,297.39,3.6
1753504073684,04:27:53.684,AAVE/USDT:USDT,297.37,11.4,297.36,2.6,297.38,4.9,297.39,3.6
1753504073805,04:27:53.805,AAVE/USDT:USDT,297.37,9.1,297.36,2.6,297.38,6.7,297.39,4.1
1753504073911,04:27:53.911,AAVE/USDT:USDT,297.37,9.1,297.36,2.6,297.38,7.7,297.39,4.1
1753504074025,04:27:54.025,AAVE/USDT:USDT,297.37,9.1,297.36,2.6,297.38,7.7,297.39,4.1
1753504074128,04:27:54.128,AAVE/USDT:USDT,297.37,9.1,297.36,2.6,297.38,10.1,297.39,8.1
1753504074230,04:27:54.230,AAVE/USDT:USDT,297.37,9.1,297.36,0.6,297.38,10.1,297.39,8.1
1753504074338,04:27:54.338,AAVE/USDT:USDT,297.37,9.1,297.36,0.6,297.38,13.0,297.39,8.1
1753504074443,04:27:54.443,AAVE/USDT:USDT,297.37,9.1,297.36,0.6,297.38,13.0,297.39,10.3
1753504074617,04:27:54.617,AAVE/USDT:USDT,297.37,9.1,297.36,0.6,297.38,13.0,297.39,10.3
1753504074720,04:27:54.720,AAVE/USDT:USDT,297.37,9.1,297.36,0.6,297.38,13.0,297.39,10.3
1753504074867,04:27:54.867,AAVE/USDT:USDT,297.37,9.1,297.36,0.6,297.38,13.0,297.39,10.3
1753504075016,04:27:55.016,AAVE/USDT:USDT,297.37,9.1,297.36,0.6,297.38,13.0,297.39,10.3
1753504075117,04:27:55.117,AAVE/USDT:USDT,297.37,9.1,297.36,0.6,297.38,13.0,297.39,10.3
1753504075267,04:27:55.267,AAVE/USDT:USDT,297.37,9.1,297.36,0.6,297.38,13.9,297.39,10.3
1753504075373,04:27:55.373,AAVE/USDT:USDT,297.37,9.9,297.36,0.6,297.38,10.9,297.39,9.8
1753504075476,04:27:55.476,AAVE/USDT:USDT,297.37,9.9,297.36,0.6,297.38,10.9,297.39,9.8
1753504075582,04:27:55.582,AAVE/USDT:USDT,297.37,9.9,297.36,0.6,297.38,10.9,297.39,9.8
1753504075712,04:27:55.712,AAVE/USDT:USDT,297.37,12.2,297.36,1.1,297.38,9.1,297.39,9.8
1753504075813,04:27:55.813,AAVE/USDT:USDT,297.37,9.9,297.36,0.6,297.38,10.9,297.39,7.6
1753504075914,04:27:55.914,AAVE/USDT:USDT,297.37,9.9,297.36,0.6,297.38,10.9,297.39,7.6
1753504076017,04:27:56.017,AAVE/USDT:USDT,297.37,3.2,297.36,0.6,297.38,11.9,297.39,8.1
1753504076120,04:27:56.120,AAVE/USDT:USDT,297.37,3.2,297.36,0.6,297.38,15.9,297.39,8.1
1753504076224,04:27:56.224,AAVE/USDT:USDT,297.37,3.2,297.36,0.6,297.38,15.9,297.39,7.6
1753504076327,04:27:56.327,AAVE/USDT:USDT,297.37,3.2,297.36,0.6,297.38,15.9,297.39,7.6
1753504076488,04:27:56.488,AAVE/USDT:USDT,297.37,3.2,297.36,0.6,297.38,15.9,297.39,7.6
1753504076591,04:27:56.591,AAVE/USDT:USDT,297.37,3.2,297.36,0.6,297.38,15.9,297.39,7.6
1753504076698,04:27:56.698,AAVE/USDT:USDT,297.37,3.2,297.36,0.6,297.38,15.9,297.39,7.6
1753504076804,04:27:56.804,AAVE/USDT:USDT,297.35,0.2,297.34,0.3,297.36,18.6,297.37,28.0
1753504076908,04:27:56.908,AAVE/USDT:USDT,297.35,0.2,297.34,0.3,297.36,26.9,297.37,23.8
1753504077011,04:27:57.011,AAVE/USDT:USDT,297.35,0.2,297.34,0.3,297.36,27.0,297.37,37.4
1753504077220,04:27:57.220,AAVE/USDT:USDT,297.35,0.2,297.34,0.3,297.36,31.0,297.37,37.4
1753504077323,04:27:57.323,AAVE/USDT:USDT,297.35,0.2,297.34,0.3,297.36,31.3,297.37,37.4
1753504077439,04:27:57.439,AAVE/USDT:USDT,297.34,0.3,297.33,0.4,297.35,37.6,297.36,38.8
1753504077543,04:27:57.543,AAVE/USDT:USDT,297.34,0.3,297.33,0.4,297.35,37.7,297.36,38.8
1753504077646,04:27:57.646,AAVE/USDT:USDT,297.34,0.3,297.33,0.4,297.35,37.9,297.36,38.8
1753504077749,04:27:57.749,AAVE/USDT:USDT,297.34,0.3,297.33,0.4,297.35,37.9,297.36,38.8
1753504077851,04:27:57.851,AAVE/USDT:USDT,297.33,0.3,297.32,0.1,297.34,42.0,297.35,28.6
1753504077953,04:27:57.953,AAVE/USDT:USDT,297.33,0.3,297.32,0.1,297.34,43.2,297.35,28.6
1753504078057,04:27:58.057,AAVE/USDT:USDT,297.33,0.3,297.32,0.1,297.34,43.5,297.35,28.6
1753504078170,04:27:58.170,AAVE/USDT:USDT,297.33,0.3,297.32,0.1,297.34,43.5,297.35,28.6
1753504078308,04:27:58.308,AAVE/USDT:USDT,297.33,0.3,297.32,0.1,297.34,43.5,297.35,28.6
1753504078411,04:27:58.411,AAVE/USDT:USDT,297.29,4.0,297.28,0.3,297.3,23.4,297.31,13.8
1753504078512,04:27:58.512,AAVE/USDT:USDT,297.29,4.0,297.28,0.3,297.3,20.0,297.31,13.8
1753504078614,04:27:58.614,AAVE/USDT:USDT,297.29,7.7,297.28,0.3,297.3,20.1,297.31,13.8
1753504078718,04:27:58.718,AAVE/USDT:USDT,297.29,7.7,297.28,0.3,297.3,21.4,297.31,12.3
1753504078820,04:27:58.820,AAVE/USDT:USDT,297.29,7.7,297.28,0.3,297.3,21.7,297.31,12.3
1753504078922,04:27:58.922,AAVE/USDT:USDT,297.29,4.1,297.28,0.3,297.3,21.7,297.31,12.3
1753504079025,04:27:59.025,AAVE/USDT:USDT,297.29,4.1,297.28,0.3,297.3,21.7,297.31,12.3
1753504079132,04:27:59.132,AAVE/USDT:USDT,297.29,9.5,297.28,0.3,297.3,21.7,297.31,12.3
1753504079252,04:27:59.252,AAVE/USDT:USDT,297.29,9.5,297.28,0.3,297.3,21.7,297.31,12.3
1753504079355,04:27:59.355,AAVE/USDT:USDT,297.29,9.5,297.28,0.3,297.3,21.7,297.31,12.3
1753504079457,04:27:59.457,AAVE/USDT:USDT,297.29,10.4,297.28,0.3,297.3,22.0,297.31,12.3
1753504079559,04:27:59.559,AAVE/USDT:USDT,297.29,10.4,297.28,0.3,297.3,22.0,297.31,12.3
1753504079668,04:27:59.668,AAVE/USDT:USDT,297.29,10.4,297.28,0.3,297.3,22.0,297.31,12.3
1753504079808,04:27:59.808,AAVE/USDT:USDT,297.29,10.4,297.28,0.3,297.3,22.0,297.31,12.3
1753504079931,04:27:59.931,AAVE/USDT:USDT,297.29,10.4,297.28,0.3,297.3,22.0,297.31,12.3
1753504080038,04:28:00.038,AAVE/USDT:USDT,297.29,10.4,297.28,0.3,297.3,22.0,297.31,12.3
1753504080141,04:28:00.141,AAVE/USDT:USDT,297.29,10.3,297.28,0.3,297.3,26.0,297.31,16.3
1753504080245,04:28:00.245,AAVE/USDT:USDT,297.27,7.6,297.26,0.5,297.28,27.3,297.29,24.1
1753504080348,04:28:00.348,AAVE/USDT:USDT,297.27,7.6,297.26,0.5,297.28,27.0,297.29,34.6
1753504080450,04:28:00.450,AAVE/USDT:USDT,297.27,8.6,297.26,0.5,297.28,26.9,297.29,34.7
1753504080553,04:28:00.553,AAVE/USDT:USDT,297.27,8.6,297.26,0.5,297.28,26.9,297.29,34.7
1753504080665,04:28:00.665,AAVE/USDT:USDT,297.27,8.6,297.26,0.5,297.28,27.2,297.29,21.4
1753504080767,04:28:00.767,AAVE/USDT:USDT,297.27,8.6,297.26,0.5,297.28,27.4,297.29,21.4
1753504080873,04:28:00.873,AAVE/USDT:USDT,297.27,8.6,297.26,0.5,297.28,27.4,297.29,21.4
1753504081002,04:28:01.002,AAVE/USDT:USDT,297.27,8.6,297.26,0.5,297.28,27.4,297.29,21.4
1753504081205,04:28:01.205,AAVE/USDT:USDT,297.27,6.7,297.26,0.5,297.28,25.6,297.29,21.4
1753504081309,04:28:01.309,AAVE/USDT:USDT,297.27,13.3,297.26,6.9,297.28,4.5,297.29,8.7
1753504081412,04:28:01.412,AAVE/USDT:USDT,297.27,8.8,297.26,6.9,297.28,4.5,297.29,8.7
1753504081513,04:28:01.513,AAVE/USDT:USDT,297.27,10.5,297.26,3.0,297.28,3.9,297.29,8.7
1753504081622,04:28:01.622,AAVE/USDT:USDT,297.27,10.5,297.26,3.0,297.28,3.9,297.29,8.7
1753504081737,04:28:01.737,AAVE/USDT:USDT,297.27,10.5,297.26,3.0,297.28,3.9,297.29,8.7
1753504081841,04:28:01.841,AAVE/USDT:USDT,297.27,10.5,297.26,3.0,297.28,3.9,297.29,8.7
1753504081944,04:28:01.944,AAVE/USDT:USDT,297.27,8.1,297.26,3.0,297.28,3.9,297.29,11.0
1753504082067,04:28:02.067,AAVE/USDT:USDT,297.27,8.1,297.26,2.5,297.28,9.7,297.29,11.0
1753504082168,04:28:02.168,AAVE/USDT:USDT,297.27,8.1,297.26,2.5,297.28,9.7,297.29,11.0
1753504082317,04:28:02.317,AAVE/USDT:USDT,297.27,8.1,297.26,2.5,297.28,9.7,297.29,11.0
1753504082433,04:28:02.433,AAVE/USDT:USDT,297.27,8.1,297.26,2.5,297.28,9.7,297.29,11.0
1753504082537,04:28:02.537,AAVE/USDT:USDT,297.27,8.1,297.26,2.5,297.28,9.7,297.29,11.0
1753504082645,04:28:02.645,AAVE/USDT:USDT,297.27,8.1,297.26,2.5,297.28,9.7,297.29,11.0
1753504082767,04:28:02.767,AAVE/USDT:USDT,297.27,8.1,297.26,2.5,297.28,9.7,297.29,11.0
1753504082874,04:28:02.874,AAVE/USDT:USDT,297.27,8.1,297.26,2.5,297.28,9.7,297.29,11.0
1753504082976,04:28:02.976,AAVE/USDT:USDT,297.27,8.1,297.26,2.5,297.28,9.7,297.29,11.0
1753504083150,04:28:03.150,AAVE/USDT:USDT,297.27,8.1,297.26,2.5,297.28,9.7,297.29,11.0
1753504083253,04:28:03.253,AAVE/USDT:USDT,297.27,1.4,297.26,2.5,297.28,10.7,297.29,11.5
1753504083361,04:28:03.361,AAVE/USDT:USDT,297.27,1.4,297.26,2.5,297.28,13.6,297.29,11.5
1753504083462,04:28:03.462,AAVE/USDT:USDT,297.27,7.1,297.26,2.5,297.28,10.8,297.29,11.0
1753504083565,04:28:03.565,AAVE/USDT:USDT,297.27,7.7,297.26,6.5,297.28,7.9,297.29,11.0
1753504083674,04:28:03.674,AAVE/USDT:USDT,297.27,7.8,297.26,6.5,297.28,7.9,297.29,11.0
1753504083788,04:28:03.788,AAVE/USDT:USDT,297.27,7.2,297.26,2.5,297.28,14.1,297.29,11.0
1753504083891,04:28:03.891,AAVE/USDT:USDT,297.27,7.2,297.26,2.5,297.28,14.1,297.29,11.0
1753504083994,04:28:03.994,AAVE/USDT:USDT,297.27,7.2,297.26,2.5,297.28,14.1,297.29,11.0
1753504084097,04:28:04.097,AAVE/USDT:USDT,297.27,7.2,297.26,2.5,297.28,14.1,297.29,11.0
1753504084198,04:28:04.198,AAVE/USDT:USDT,297.27,7.2,297.26,2.5,297.28,12.3,297.29,11.0
1753504084301,04:28:04.301,AAVE/USDT:USDT,297.27,7.2,297.26,2.5,297.28,12.3,297.29,11.0
1753504084404,04:28:04.404,AAVE/USDT:USDT,297.27,1.8,297.26,2.5,297.28,15.3,297.29,11.5
1753504084508,04:28:04.508,AAVE/USDT:USDT,297.27,1.8,297.26,2.5,297.28,15.3,297.29,11.0
1753504084620,04:28:04.620,AAVE/USDT:USDT,297.27,1.8,297.26,2.5,297.28,15.3,297.29,11.0
1753504084758,04:28:04.758,AAVE/USDT:USDT,297.27,1.8,297.26,2.5,297.28,15.3,297.29,11.0
1753504084861,04:28:04.861,AAVE/USDT:USDT,297.27,2.2,297.26,2.5,297.28,15.3,297.29,11.5
1753504084963,04:28:04.963,AAVE/USDT:USDT,297.27,2.2,297.26,2.5,297.28,15.3,297.29,11.5
1753504085066,04:28:05.066,AAVE/USDT:USDT,297.27,2.2,297.26,2.5,297.28,15.3,297.29,11.5
1753504085169,04:28:05.169,AAVE/USDT:USDT,297.27,7.6,297.26,2.5,297.28,14.3,297.29,11.0
1753504085283,04:28:05.283,AAVE/USDT:USDT,297.27,7.6,297.26,2.5,297.28,14.3,297.29,11.0
1753504085386,04:28:05.386,AAVE/USDT:USDT,297.27,7.6,297.26,2.5,297.28,14.3,297.29,11.0
1753504085488,04:28:05.488,AAVE/USDT:USDT,297.27,7.6,297.26,2.5,297.28,14.3,297.29,11.0
1753504085597,04:28:05.597,AAVE/USDT:USDT,297.27,7.6,297.26,2.5,297.28,14.3,297.29,11.0
1753504085702,04:28:05.702,AAVE/USDT:USDT,297.27,9.4,297.26,2.5,297.28,12.5,297.29,11.0
1753504085804,04:28:05.804,AAVE/USDT:USDT,297.27,9.4,297.26,2.5,297.28,12.5,297.29,11.0
1753504085907,04:28:05.907,AAVE/USDT:USDT,297.27,9.4,297.26,2.5,297.28,12.5,297.29,11.0
1753504086010,04:28:06.010,AAVE/USDT:USDT,297.27,9.3,297.26,2.5,297.28,14.3,297.29,11.0
1753504086113,04:28:06.113,AAVE/USDT:USDT,297.27,9.3,297.26,2.5,297.28,12.5,297.29,11.0
1753504086266,04:28:06.266,AAVE/USDT:USDT,297.27,9.3,297.26,2.5,297.28,12.5,297.29,11.0
1753504086426,04:28:06.426,AAVE/USDT:USDT,297.27,9.3,297.26,2.5,297.28,12.5,297.29,11.0
1753504086528,04:28:06.528,AAVE/USDT:USDT,297.27,9.3,297.26,2.5,297.28,12.5,297.29,11.0
1753504086630,04:28:06.630,AAVE/USDT:USDT,297.27,9.3,297.26,2.5,297.28,12.5,297.29,11.0
1753504086732,04:28:06.732,AAVE/USDT:USDT,297.27,9.3,297.26,2.5,297.28,12.5,297.29,11.0
1753504086875,04:28:06.875,AAVE/USDT:USDT,297.27,9.3,297.26,2.5,297.28,15.3,297.29,11.0
1753504086976,04:28:06.976,AAVE/USDT:USDT,297.27,9.8,297.26,2.5,297.28,14.1,297.29,11.0
1753504087110,04:28:07.110,AAVE/USDT:USDT,297.27,9.8,297.26,2.5,297.28,14.1,297.29,11.0
1753504087215,04:28:07.215,AAVE/USDT:USDT,297.27,9.8,297.26,2.5,297.28,14.1,297.29,11.0
1753504087320,04:28:07.320,AAVE/USDT:USDT,297.27,9.8,297.26,2.5,297.28,14.1,297.29,11.0
1753504087422,04:28:07.422,AAVE/USDT:USDT,297.27,9.8,297.26,2.5,297.28,14.1,297.29,11.0
1753504087525,04:28:07.525,AAVE/USDT:USDT,297.27,9.7,297.26,2.5,297.28,14.1,297.29,11.0
1753504087627,04:28:07.627,AAVE/USDT:USDT,297.27,9.7,297.26,2.5,297.28,14.1,297.29,11.0
1753504087771,04:28:07.771,AAVE/USDT:USDT,297.27,9.7,297.26,2.5,297.28,14.3,297.29,11.0
1753504088055,04:28:08.055,AAVE/USDT:USDT,297.27,10.1,297.26,2.6,297.28,14.3,297.29,11.0
1753504088157,04:28:08.157,AAVE/USDT:USDT,297.27,10.1,297.26,2.6,297.28,14.3,297.29,11.0
1753504088260,04:28:08.260,AAVE/USDT:USDT,297.27,10.1,297.26,2.6,297.28,14.3,297.29,11.0
1753504088377,04:28:08.377,AAVE/USDT:USDT,297.27,10.1,297.26,2.6,297.28,14.3,297.29,11.0
1753504088523,04:28:08.523,AAVE/USDT:USDT,297.27,10.1,297.26,2.6,297.28,14.3,297.29,11.0
1753504088625,04:28:08.625,AAVE/USDT:USDT,297.27,10.1,297.26,2.6,297.28,14.3,297.29,11.0
1753504088735,04:28:08.735,AAVE/USDT:USDT,297.27,10.1,297.26,2.6,297.28,14.3,297.29,11.0
1753504088865,04:28:08.865,AAVE/USDT:USDT,297.27,10.7,297.26,2.6,297.28,9.8,297.29,4.7
1753504088985,04:28:08.985,AAVE/USDT:USDT,297.27,10.7,297.26,2.6,297.28,9.8,297.29,4.7
1753504089105,04:28:09.105,AAVE/USDT:USDT,297.27,10.7,297.26,2.6,297.28,9.8,297.29,4.7
1753504089211,04:28:09.211,AAVE/USDT:USDT,297.27,12.4,297.26,2.6,297.28,5.5,297.29,4.7
1753504089329,04:28:09.329,AAVE/USDT:USDT,297.27,12.4,297.26,2.6,297.28,5.6,297.29,5.2
1753504089454,04:28:09.454,AAVE/USDT:USDT,297.27,12.4,297.26,2.6,297.28,5.6,297.29,5.2
1753504089569,04:28:09.569,AAVE/USDT:USDT,297.27,12.4,297.26,2.6,297.28,5.6,297.29,4.7
1753504089674,04:28:09.674,AAVE/USDT:USDT,297.27,10.1,297.26,2.5,297.28,8.4,297.29,5.2
1753504089777,04:28:09.777,AAVE/USDT:USDT,297.27,8.3,297.26,2.5,297.28,10.2,297.29,7.6
1753504089880,04:28:09.880,AAVE/USDT:USDT,297.27,8.3,297.26,2.5,297.28,10.2,297.29,7.6
1753504089982,04:28:09.982,AAVE/USDT:USDT,297.27,8.3,297.26,2.5,297.28,10.2,297.29,7.6
1753504090092,04:28:10.092,AAVE/USDT:USDT,297.27,8.3,297.26,2.5,297.28,10.2,297.29,7.6
1753504090202,04:28:10.202,AAVE/USDT:USDT,297.27,8.3,297.26,2.5,297.28,10.2,297.29,5.2
1753504090305,04:28:10.305,AAVE/USDT:USDT,297.27,8.3,297.26,2.5,297.28,10.2,297.29,5.2
1753504090473,04:28:10.473,AAVE/USDT:USDT,297.27,8.3,297.26,2.5,297.28,10.2,297.29,5.2
1753504090586,04:28:10.586,AAVE/USDT:USDT,297.27,8.4,297.26,2.5,297.28,10.2,297.29,5.2
1753504090692,04:28:10.692,AAVE/USDT:USDT,297.27,11.2,297.26,6.4,297.28,5.6,297.29,4.7
1753504090793,04:28:10.793,AAVE/USDT:USDT,297.27,18.0,297.26,13.2,297.28,5.6,297.29,0.1
1753504090896,04:28:10.896,AAVE/USDT:USDT,297.29,32.3,297.28,19.1,297.3,0.7,297.31,0.8
1753504090998,04:28:10.998,AAVE/USDT:USDT,297.29,25.6,297.28,19.1,297.3,4.9,297.31,1.3
1753504091099,04:28:11.099,AAVE/USDT:USDT,297.29,25.1,297.28,19.1,297.3,5.0,297.31,1.3
1753504091203,04:28:11.203,AAVE/USDT:USDT,297.29,25.1,297.28,19.1,297.3,5.0,297.31,1.3
1753504091306,04:28:11.306,AAVE/USDT:USDT,297.29,25.1,297.28,19.1,297.3,5.0,297.31,1.3
1753504091452,04:28:11.452,AAVE/USDT:USDT,297.29,22.6,297.28,19.1,297.3,5.0,297.31,1.3
1753504091554,04:28:11.554,AAVE/USDT:USDT,297.29,22.6,297.28,19.1,297.3,0.8,297.31,0.8
1753504091660,04:28:11.660,AAVE/USDT:USDT,297.29,22.6,297.28,19.1,297.3,0.8,297.31,0.8
1753504091766,04:28:11.766,AAVE/USDT:USDT,297.3,28.5,297.29,5.8,297.31,3.2,297.32,0.7
1753504091869,04:28:11.869,AAVE/USDT:USDT,297.3,21.7,297.29,5.8,297.31,5.8,297.32,3.0
1753504091971,04:28:11.971,AAVE/USDT:USDT,297.3,16.3,297.29,5.8,297.31,8.4,297.32,3.0
1753504092080,04:28:12.080,AAVE/USDT:USDT,297.3,11.7,297.29,5.8,297.31,11.8,297.32,3.0
1753504092184,04:28:12.184,AAVE/USDT:USDT,297.3,11.7,297.29,5.8,297.31,11.8,297.32,3.0
1753504092287,04:28:12.287,AAVE/USDT:USDT,297.3,14.0,297.29,5.8,297.31,11.8,297.32,3.0
1753504092388,04:28:12.388,AAVE/USDT:USDT,297.3,14.0,297.29,5.8,297.31,11.8,297.32,0.7
1753504092511,04:28:12.511,AAVE/USDT:USDT,297.3,11.7,297.29,5.8,297.31,11.8,297.32,0.7
1753504092614,04:28:12.614,AAVE/USDT:USDT,297.3,12.6,297.29,5.8,297.31,11.8,297.32,0.7
1753504092717,04:28:12.717,AAVE/USDT:USDT,297.3,12.6,297.29,5.8,297.31,12.4,297.32,0.7
1753504092820,04:28:12.820,AAVE/USDT:USDT,297.3,13.2,297.29,5.8,297.31,12.4,297.32,0.7
1753504092923,04:28:12.923,AAVE/USDT:USDT,297.3,13.2,297.29,5.8,297.31,12.4,297.32,0.7
1753504093074,04:28:13.074,AAVE/USDT:USDT,297.3,13.2,297.29,5.8,297.31,12.4,297.32,0.7
1753504093204,04:28:13.204,AAVE/USDT:USDT,297.3,13.2,297.29,5.8,297.31,12.4,297.32,0.7
1753504093306,04:28:13.306,AAVE/USDT:USDT,297.3,12.6,297.29,5.9,297.31,14.2,297.32,0.7
1753504093407,04:28:13.407,AAVE/USDT:USDT,297.3,12.6,297.29,4.4,297.31,14.2,297.32,3.0
1753504093510,04:28:13.510,AAVE/USDT:USDT,297.3,12.6,297.29,4.4,297.31,14.2,297.32,3.1
1753504093627,04:28:13.627,AAVE/USDT:USDT,297.3,12.6,297.29,4.4,297.31,14.2,297.32,3.1
1753504093730,04:28:13.730,AAVE/USDT:USDT,297.3,12.7,297.29,4.4,297.31,14.2,297.32,3.1
1753504093844,04:28:13.844,AAVE/USDT:USDT,297.3,12.7,297.29,4.4,297.31,14.2,297.32,3.1
1753504094072,04:28:14.072,AAVE/USDT:USDT,297.3,12.7,297.29,4.4,297.31,14.2,297.32,3.1
1753504094202,04:28:14.202,AAVE/USDT:USDT,297.3,12.7,297.29,4.4,297.31,6.0,297.32,3.0
1753504094305,04:28:14.305,AAVE/USDT:USDT,297.3,12.4,297.29,4.4,297.31,14.8,297.32,0.7
1753504094407,04:28:14.407,AAVE/USDT:USDT,297.3,12.4,297.29,4.4,297.31,14.8,297.32,3.0
1753504094530,04:28:14.530,AAVE/USDT:USDT,297.3,13.5,297.29,4.4,297.31,13.0,297.32,3.0
1753504094645,04:28:14.645,AAVE/USDT:USDT,297.3,12.9,297.29,4.4,297.31,14.8,297.32,3.0
1753504094778,04:28:14.778,AAVE/USDT:USDT,297.3,12.9,297.29,4.4,297.31,14.8,297.32,3.0
1753504094882,04:28:14.882,AAVE/USDT:USDT,297.3,12.9,297.29,4.4,297.31,14.8,297.32,0.7
1753504095020,04:28:15.020,AAVE/USDT:USDT,297.3,12.9,297.29,4.4,297.31,14.8,297.32,0.7
1753504095122,04:28:15.122,AAVE/USDT:USDT,297.3,13.3,297.29,4.4,297.31,14.8,297.32,0.7
1753504095339,04:28:15.339,AAVE/USDT:USDT,297.3,13.4,297.29,4.4,297.31,14.8,297.32,0.7
1753504095467,04:28:15.467,AAVE/USDT:USDT,297.3,13.4,297.29,4.4,297.31,14.8,297.32,0.7
1753504095570,04:28:15.570,AAVE/USDT:USDT,297.3,13.4,297.29,4.4,297.31,14.8,297.32,3.0
1753504095674,04:28:15.674,AAVE/USDT:USDT,297.3,13.4,297.29,4.4,297.31,13.0,297.32,3.0
1753504095806,04:28:15.806,AAVE/USDT:USDT,297.3,13.4,297.29,4.4,297.31,13.0,297.32,3.0
1753504095919,04:28:15.919,AAVE/USDT:USDT,297.3,13.4,297.29,4.4,297.31,13.0,297.32,3.0
1753504096055,04:28:16.055,AAVE/USDT:USDT,297.3,13.4,297.29,4.4,297.31,14.8,297.32,3.0
1753504096159,04:28:16.159,AAVE/USDT:USDT,297.3,13.4,297.29,4.4,297.31,14.8,297.32,3.0
1753504096295,04:28:16.295,AAVE/USDT:USDT,297.3,14.0,297.29,4.4,297.31,14.8,297.32,3.0
1753504096399,04:28:16.399,AAVE/USDT:USDT,297.29,0.1,297.28,0.2,297.3,27.7,297.31,25.2
1753504096501,04:28:16.501,AAVE/USDT:USDT,297.27,22.8,297.26,16.3,297.28,12.2,297.29,16.2
1753504096602,04:28:16.602,AAVE/USDT:USDT,297.27,22.9,297.26,16.3,297.28,9.8,297.29,14.7
1753504096705,04:28:16.705,AAVE/USDT:USDT,297.27,22.9,297.26,16.3,297.28,9.8,297.29,14.7
1753504096818,04:28:16.818,AAVE/USDT:USDT,297.27,22.9,297.26,16.3,297.28,9.8,297.29,14.7
1753504096919,04:28:16.919,AAVE/USDT:USDT,297.27,22.9,297.26,16.3,297.28,11.6,297.29,14.7
1753504097021,04:28:17.021,AAVE/USDT:USDT,297.27,22.9,297.26,16.3,297.28,11.6,297.29,14.7
1753504097138,04:28:17.138,AAVE/USDT:USDT,297.27,22.9,297.26,16.3,297.28,2.5,297.29,6.8
1753504097242,04:28:17.242,AAVE/USDT:USDT,297.27,22.9,297.26,16.3,297.28,2.6,297.29,6.8
1753504097380,04:28:17.380,AAVE/USDT:USDT,297.27,22.9,297.26,16.3,297.28,2.6,297.29,2.8
1753504097483,04:28:17.483,AAVE/USDT:USDT,297.27,22.9,297.26,20.2,297.28,2.6,297.3,4.9
1753504097586,04:28:17.586,AAVE/USDT:USDT,297.27,22.9,297.26,20.2,297.28,3.6,297.3,4.9
1753504097720,04:28:17.720,AAVE/USDT:USDT,297.27,23.9,297.26,20.2,297.28,2.9,297.3,4.9
1753504097826,04:28:17.826,AAVE/USDT:USDT,297.27,22.9,297.26,20.2,297.28,2.9,297.3,4.9
1753504097932,04:28:17.932,AAVE/USDT:USDT,297.27,22.9,297.26,20.2,297.28,2.9,297.3,2.0
1753504098036,04:28:18.036,AAVE/USDT:USDT,297.27,22.9,297.26,20.2,297.28,2.9,297.3,2.1
1753504098158,04:28:18.158,AAVE/USDT:USDT,297.27,22.9,297.26,20.2,297.28,3.1,297.3,2.1
1753504098272,04:28:18.272,AAVE/USDT:USDT,297.27,22.8,297.26,20.2,297.28,3.1,297.3,2.1
1753504098389,04:28:18.389,AAVE/USDT:USDT,297.27,22.8,297.26,20.2,297.28,3.1,297.3,2.1
1753504098527,04:28:18.527,AAVE/USDT:USDT,297.27,22.8,297.26,16.3,297.28,5.0,297.3,0.6
1753504098628,04:28:18.628,AAVE/USDT:USDT,297.27,22.8,297.26,16.9,297.28,5.0,297.3,0.6
1753504098778,04:28:18.778,AAVE/USDT:USDT,297.27,22.8,297.26,16.9,297.28,5.1,297.3,0.6
1753504099038,04:28:19.038,AAVE/USDT:USDT,297.27,22.8,297.26,16.9,297.28,5.1,297.3,0.6
1753504099378,04:28:19.378,AAVE/USDT:USDT,297.27,22.8,297.26,16.9,297.28,4.9,297.3,0.6
1753504099577,04:28:19.577,AAVE/USDT:USDT,297.27,22.8,297.26,16.9,297.28,5.0,297.3,0.6
1753504099682,04:28:19.682,AAVE/USDT:USDT,297.27,22.8,297.26,16.9,297.28,5.2,297.29,1.0
1753504099784,04:28:19.784,AAVE/USDT:USDT,297.27,22.8,297.26,16.9,297.28,7.0,297.29,1.0
1753504099911,04:28:19.911,AAVE/USDT:USDT,297.27,22.8,297.26,16.9,297.28,5.2,297.3,0.6
1753504100018,04:28:20.018,AAVE/USDT:USDT,297.27,22.8,297.26,16.9,297.28,5.2,297.3,0.6
1753504100124,04:28:20.124,AAVE/USDT:USDT,297.27,22.8,297.26,16.9,297.28,5.2,297.3,0.6
1753504100247,04:28:20.247,AAVE/USDT:USDT,297.27,22.8,297.26,16.9,297.28,5.2,297.3,0.6
1753504100350,04:28:20.350,AAVE/USDT:USDT,297.3,5.4,297.28,19.4,297.31,7.8,297.32,7.5
1753504100453,04:28:20.453,AAVE/USDT:USDT,297.3,3.7,297.28,18.8,297.31,14.9,297.32,7.2
1753504100554,04:28:20.554,AAVE/USDT:USDT,297.3,3.7,297.28,18.8,297.31,14.9,297.32,18.7
1753504100658,04:28:20.658,AAVE/USDT:USDT,297.3,3.7,297.28,18.8,297.31,14.9,297.32,18.8
1753504100768,04:28:20.768,AAVE/USDT:USDT,297.3,3.7,297.28,18.8,297.31,11.3,297.32,6.5
1753504100874,04:28:20.874,AAVE/USDT:USDT,297.3,3.7,297.28,18.9,297.31,11.3,297.32,3.7
1753504100978,04:28:20.978,AAVE/USDT:USDT,297.3,3.7,297.28,18.9,297.31,11.3,297.32,1.5
1753504101093,04:28:21.093,AAVE/USDT:USDT,297.3,7.1,297.29,0.5,297.31,5.1,297.32,1.5
1753504101195,04:28:21.195,AAVE/USDT:USDT,297.3,3.7,297.28,18.9,297.31,13.8,297.32,3.7
1753504101305,04:28:21.305,AAVE/USDT:USDT,297.3,3.7,297.28,18.9,297.31,13.9,297.32,3.7
1753504101408,04:28:21.408,AAVE/USDT:USDT,297.3,3.7,297.28,18.9,297.31,12.1,297.32,3.7
1753504101550,04:28:21.550,AAVE/USDT:USDT,297.3,1.3,297.28,18.4,297.31,14.9,297.32,3.7
1753504101694,04:28:21.694,AAVE/USDT:USDT,297.3,1.3,297.28,18.4,297.31,14.9,297.32,3.7
1753504101799,04:28:21.799,AAVE/USDT:USDT,297.3,4.1,297.29,0.5,297.31,12.1,297.32,1.0
1753504101901,04:28:21.901,AAVE/USDT:USDT,297.3,9.6,297.29,0.5,297.31,8.5,297.32,1.5
1753504102002,04:28:22.002,AAVE/USDT:USDT,297.3,9.7,297.29,0.5,297.31,8.5,297.32,1.5
1753504102111,04:28:22.111,AAVE/USDT:USDT,297.3,7.4,297.28,24.0,297.31,10.3,297.32,1.5
1753504102213,04:28:22.213,AAVE/USDT:USDT,297.3,7.4,297.29,0.5,297.31,8.5,297.32,1.5
1753504102316,04:28:22.316,AAVE/USDT:USDT,297.3,13.1,297.28,25.4,297.31,8.9,297.32,1.5
1753504102418,04:28:22.418,AAVE/USDT:USDT,297.3,13.1,297.28,25.4,297.31,8.9,297.32,1.5
1753504102521,04:28:22.521,AAVE/USDT:USDT,297.3,13.1,297.28,25.4,297.31,8.9,297.32,1.5
1753504102770,04:28:22.770,AAVE/USDT:USDT,297.3,13.1,297.28,25.4,297.31,8.9,297.32,1.5
1753504102879,04:28:22.879,AAVE/USDT:USDT,297.3,13.1,297.28,25.4,297.31,8.9,297.32,1.5
1753504102984,04:28:22.984,AAVE/USDT:USDT,297.3,13.1,297.28,25.4,297.31,8.9,297.32,1.5
1753504103087,04:28:23.087,AAVE/USDT:USDT,297.3,7.0,297.28,19.8,297.31,10.7,297.32,1.5
1753504103190,04:28:23.190,AAVE/USDT:USDT,297.3,5.6,297.28,18.4,297.31,11.7,297.32,1.5
1753504103308,04:28:23.308,AAVE/USDT:USDT,297.3,6.2,297.28,19.8,297.31,9.9,297.32,1.5
1753504103411,04:28:23.411,AAVE/USDT:USDT,297.3,5.6,297.28,19.8,297.31,9.9,297.32,1.5
1753504103512,04:28:23.512,AAVE/USDT:USDT,297.3,5.6,297.28,19.8,297.31,9.9,297.32,1.5
1753504103615,04:28:23.615,AAVE/USDT:USDT,297.3,5.6,297.28,19.8,297.31,9.9,297.32,1.5
1753504103719,04:28:23.719,AAVE/USDT:USDT,297.3,5.6,297.29,0.5,297.31,10.7,297.32,1.5
1753504103853,04:28:23.853,AAVE/USDT:USDT,297.3,5.6,297.28,18.4,297.31,10.7,297.32,1.5
1753504103958,04:28:23.958,AAVE/USDT:USDT,297.3,5.6,297.28,18.4,297.31,10.7,297.32,1.5
1753504104074,04:28:24.074,AAVE/USDT:USDT,297.3,5.6,297.28,18.4,297.31,10.7,297.32,1.5
1753504104177,04:28:24.177,AAVE/USDT:USDT,297.3,5.6,297.28,18.4,297.31,10.7,297.32,1.5
1753504104340,04:28:24.340,AAVE/USDT:USDT,297.3,5.6,297.28,18.4,297.31,10.7,297.32,1.5
1753504104452,04:28:24.452,AAVE/USDT:USDT,297.3,13.7,297.28,23.7,297.31,8.9,297.32,1.0
1753504104555,04:28:24.555,AAVE/USDT:USDT,297.3,13.7,297.28,23.7,297.31,8.9,297.32,1.0
1753504104659,04:28:24.659,AAVE/USDT:USDT,297.3,13.7,297.28,23.7,297.31,8.9,297.32,1.0
1753504104768,04:28:24.768,AAVE/USDT:USDT,297.3,13.7,297.28,23.7,297.31,8.9,297.32,1.0
1753504104920,04:28:24.920,AAVE/USDT:USDT,297.3,11.4,297.28,22.3,297.31,8.9,297.32,1.5
1753504105022,04:28:25.022,AAVE/USDT:USDT,297.3,11.4,297.28,18.4,297.31,9.9,297.32,1.5
1753504105157,04:28:25.157,AAVE/USDT:USDT,297.3,12.0,297.28,18.4,297.31,9.9,297.32,1.3
1753504105383,04:28:25.383,AAVE/USDT:USDT,297.3,5.7,297.28,18.4,297.31,15.9,297.32,5.3
1753504105485,04:28:25.485,AAVE/USDT:USDT,297.3,5.4,297.28,18.4,297.31,16.2,297.32,7.9
1753504105591,04:28:25.591,AAVE/USDT:USDT,297.3,9.5,297.29,0.5,297.31,12.3,297.32,7.4
1753504105693,04:28:25.693,AAVE/USDT:USDT,297.3,9.5,297.28,22.3,297.31,12.3,297.32,4.8
1753504105796,04:28:25.796,AAVE/USDT:USDT,297.3,9.5,297.28,22.3,297.31,12.3,297.32,4.8
1753504105928,04:28:25.928,AAVE/USDT:USDT,297.3,5.4,297.28,18.4,297.31,13.3,297.32,5.3
1753504106034,04:28:26.034,AAVE/USDT:USDT,297.3,13.7,297.28,19.8,297.31,10.5,297.32,6.9
1753504106137,04:28:26.137,AAVE/USDT:USDT,297.3,11.5,297.28,18.4,297.31,10.5,297.32,6.9
1753504106240,04:28:26.240,AAVE/USDT:USDT,297.3,7.4,297.28,18.4,297.31,12.3,297.32,7.4
1753504106397,04:28:26.397,AAVE/USDT:USDT,297.3,11.2,297.29,3.0,297.31,12.6,297.32,6.9
1753504106503,04:28:26.503,AAVE/USDT:USDT,297.3,11.2,297.29,3.0,297.31,12.4,297.32,6.9
1753504106608,04:28:26.608,AAVE/USDT:USDT,297.3,11.2,297.29,3.0,297.31,12.4,297.32,6.9
1753504106778,04:28:26.778,AAVE/USDT:USDT,297.3,11.2,297.29,3.0,297.31,12.4,297.32,6.9
1753504106879,04:28:26.879,AAVE/USDT:USDT,297.3,11.2,297.29,3.0,297.31,15.9,297.32,6.9
1753504106982,04:28:26.982,AAVE/USDT:USDT,297.3,11.2,297.29,3.0,297.31,16.0,297.32,6.9
1753504107092,04:28:27.092,AAVE/USDT:USDT,297.3,11.2,297.29,3.0,297.31,16.0,297.32,6.9
1753504107210,04:28:27.210,AAVE/USDT:USDT,297.3,11.2,297.29,3.0,297.31,16.0,297.32,6.9
1753504107313,04:28:27.313,AAVE/USDT:USDT,297.3,11.2,297.29,3.0,297.31,15.9,297.32,6.9
1753504107414,04:28:27.414,AAVE/USDT:USDT,297.3,9.4,297.29,3.0,297.31,16.2,297.32,6.9
1753504107530,04:28:27.530,AAVE/USDT:USDT,297.3,5.9,297.29,3.0,297.31,16.2,297.32,6.9
1753504107637,04:28:27.637,AAVE/USDT:USDT,297.3,5.9,297.29,3.0,297.31,16.2,297.32,6.9
1753504107779,04:28:27.779,AAVE/USDT:USDT,297.3,5.9,297.29,3.0,297.31,16.2,297.32,6.9
1753504107882,04:28:27.882,AAVE/USDT:USDT,297.3,5.9,297.29,3.0,297.31,16.2,297.32,6.9
1753504107986,04:28:27.986,AAVE/USDT:USDT,297.3,5.9,297.29,3.0,297.31,16.2,297.32,6.9
1753504108283,04:28:28.283,AAVE/USDT:USDT,297.3,5.9,297.29,3.0,297.31,9.2,297.32,7.4
1753504108386,04:28:28.386,AAVE/USDT:USDT,297.3,5.9,297.29,3.0,297.31,17.2,297.32,7.4
1753504108498,04:28:28.498,AAVE/USDT:USDT,297.3,5.9,297.29,3.0,297.31,17.2,297.32,7.4
1753504108604,04:28:28.604,AAVE/USDT:USDT,297.3,5.9,297.29,3.0,297.31,17.2,297.32,7.5
1753504108709,04:28:28.709,AAVE/USDT:USDT,297.3,5.9,297.29,3.0,297.31,17.2,297.32,7.5
1753504108818,04:28:28.818,AAVE/USDT:USDT,297.3,5.9,297.29,3.0,297.31,17.2,297.32,7.5
1753504108928,04:28:28.928,AAVE/USDT:USDT,297.3,3.9,297.29,3.0,297.31,17.2,297.32,7.5
1753504109032,04:28:29.032,AAVE/USDT:USDT,297.3,3.9,297.29,3.0,297.31,17.2,297.32,7.5
1753504109194,04:28:29.194,AAVE/USDT:USDT,297.3,3.9,297.29,3.0,297.31,17.2,297.32,7.5
1753504109296,04:28:29.296,AAVE/USDT:USDT,297.3,3.9,297.29,3.0,297.31,17.2,297.32,9.5
1753504109440,04:28:29.440,AAVE/USDT:USDT,297.3,4.8,297.29,3.0,297.31,16.9,297.32,9.5
1753504109621,04:28:29.621,AAVE/USDT:USDT,297.3,4.8,297.29,3.0,297.31,16.9,297.32,9.5
1753504109813,04:28:29.813,AAVE/USDT:USDT,297.3,4.8,297.29,3.0,297.31,20.9,297.32,9.5
1753504109955,04:28:29.955,AAVE/USDT:USDT,297.3,4.8,297.29,3.0,297.31,20.9,297.32,9.5
1753504110058,04:28:30.058,AAVE/USDT:USDT,297.3,4.8,297.29,3.0,297.31,20.9,297.32,9.5
1753504110290,04:28:30.290,AAVE/USDT:USDT,297.3,4.8,297.29,3.0,297.31,20.9,297.32,9.5
1753504110396,04:28:30.396,AAVE/USDT:USDT,297.3,4.8,297.29,3.0,297.31,20.9,297.32,9.0
1753504110502,04:28:30.502,AAVE/USDT:USDT,297.3,16.2,297.29,7.9,297.31,18.1,297.32,8.9
1753504110606,04:28:30.606,AAVE/USDT:USDT,297.3,16.2,297.29,7.9,297.31,18.1,297.32,6.8
1753504110778,04:28:30.778,AAVE/USDT:USDT,297.3,16.2,297.29,7.9,297.31,13.7,297.32,6.8
1753504110885,04:28:30.885,AAVE/USDT:USDT,297.3,16.2,297.29,7.9,297.31,15.5,297.32,6.8
1753504110992,04:28:30.992,AAVE/USDT:USDT,297.3,16.2,297.29,7.9,297.31,15.5,297.32,8.9
1753504111098,04:28:31.098,AAVE/USDT:USDT,297.3,16.2,297.29,7.9,297.31,15.5,297.32,8.9
1753504111224,04:28:31.224,AAVE/USDT:USDT,297.3,16.2,297.29,7.9,297.31,15.5,297.32,8.9
1753504111339,04:28:31.339,AAVE/USDT:USDT,297.3,16.2,297.29,7.9,297.31,15.5,297.32,8.9
1753504111445,04:28:31.445,AAVE/USDT:USDT,297.3,16.2,297.29,7.9,297.31,15.5,297.32,8.9
1753504111549,04:28:31.549,AAVE/USDT:USDT,297.3,16.2,297.29,7.9,297.31,15.2,297.32,8.9
1753504111690,04:28:31.690,AAVE/USDT:USDT,297.3,16.2,297.29,7.9,297.31,15.2,297.32,8.9
1753504111828,04:28:31.828,AAVE/USDT:USDT,297.3,16.2,297.29,7.9,297.31,15.2,297.32,8.9
1753504111958,04:28:31.958,AAVE/USDT:USDT,297.3,16.3,297.29,7.9,297.31,15.2,297.32,8.9
1753504112061,04:28:32.061,AAVE/USDT:USDT,297.3,16.3,297.29,7.9,297.31,15.2,297.32,8.9
1753504112163,04:28:32.163,AAVE/USDT:USDT,297.3,16.3,297.29,7.9,297.31,15.2,297.32,8.9
1753504112449,04:28:32.449,AAVE/USDT:USDT,297.3,16.3,297.29,7.9,297.31,6.4,297.32,8.9
1753504112552,04:28:32.552,AAVE/USDT:USDT,297.3,16.3,297.29,7.9,297.31,15.2,297.32,8.9
1753504112655,04:28:32.655,AAVE/USDT:USDT,297.3,16.3,297.29,7.9,297.31,15.2,297.32,8.9
1753504112759,04:28:32.759,AAVE/USDT:USDT,297.3,16.3,297.29,7.9,297.31,15.2,297.32,8.9
1753504112928,04:28:32.928,AAVE/USDT:USDT,297.3,16.3,297.29,7.9,297.31,15.2,297.32,8.9
1753504113052,04:28:33.052,AAVE/USDT:USDT,297.3,16.3,297.29,7.9,297.31,13.4,297.32,8.9
1753504113226,04:28:33.226,AAVE/USDT:USDT,297.3,16.3,297.29,7.9,297.31,13.4,297.32,8.9
1753504113331,04:28:33.331,AAVE/USDT:USDT,297.3,16.3,297.29,7.9,297.31,13.4,297.32,6.8
1753504113433,04:28:33.433,AAVE/USDT:USDT,297.31,31.5,297.3,18.2,297.32,3.0,297.33,6.7
1753504113536,04:28:33.536,AAVE/USDT:USDT,297.33,19.2,297.32,34.0,297.34,2.3,297.35,0.7
1753504113640,04:28:33.640,AAVE/USDT:USDT,297.33,19.2,297.32,34.0,297.34,0.1,297.35,0.7
1753504113743,04:28:33.743,AAVE/USDT:USDT,297.33,19.3,297.32,34.0,297.34,0.1,297.35,0.7
1753504113844,04:28:33.844,AAVE/USDT:USDT,297.33,19.3,297.32,34.0,297.34,0.1,297.35,0.7
1753504113948,04:28:33.948,AAVE/USDT:USDT,297.33,19.7,297.32,34.0,297.34,0.1,297.35,0.7
1753504114053,04:28:34.053,AAVE/USDT:USDT,297.34,27.4,297.33,28.0,297.35,0.7,297.36,1.0
1753504114160,04:28:34.160,AAVE/USDT:USDT,297.34,27.5,297.33,15.0,297.35,0.8,297.36,1.0
1753504114272,04:28:34.272,AAVE/USDT:USDT,297.34,27.5,297.33,15.0,297.35,0.8,297.36,1.0
1753504114383,04:28:34.383,AAVE/USDT:USDT,297.34,27.5,297.33,15.0,297.35,0.9,297.36,1.0
1753504114588,04:28:34.588,AAVE/USDT:USDT,297.34,27.5,297.33,15.6,297.35,0.9,297.36,1.0
1753504114695,04:28:34.695,AAVE/USDT:USDT,297.34,27.5,297.33,15.6,297.35,0.9,297.36,1.0
1753504114802,04:28:34.802,AAVE/USDT:USDT,297.34,27.5,297.33,15.6,297.35,0.9,297.36,1.0
1753504114918,04:28:34.918,AAVE/USDT:USDT,297.34,27.5,297.33,15.6,297.35,0.9,297.36,1.0
1753504115021,04:28:35.021,AAVE/USDT:USDT,297.34,27.5,297.33,15.6,297.35,0.9,297.36,1.0
1753504115124,04:28:35.124,AAVE/USDT:USDT,297.34,27.5,297.33,15.6,297.35,0.9,297.36,1.0
1753504115228,04:28:35.228,AAVE/USDT:USDT,297.34,27.5,297.33,15.6,297.35,0.9,297.36,1.0
1753504115333,04:28:35.333,AAVE/USDT:USDT,297.34,27.5,297.33,15.6,297.35,0.9,297.36,1.0
1753504115435,04:28:35.435,AAVE/USDT:USDT,297.34,28.5,297.33,15.6,297.35,1.0,297.36,1.0
1753504115541,04:28:35.541,AAVE/USDT:USDT,297.34,28.5,297.33,15.6,297.35,1.0,297.36,1.0
1753504115685,04:28:35.685,AAVE/USDT:USDT,297.34,28.5,297.33,15.6,297.35,1.0,297.36,1.0
1753504115818,04:28:35.818,AAVE/USDT:USDT,297.34,28.5,297.33,15.6,297.35,1.0,297.36,1.0
1753504115995,04:28:35.995,AAVE/USDT:USDT,297.34,28.5,297.33,15.6,297.35,1.0,297.36,1.0
1753504116098,04:28:36.098,AAVE/USDT:USDT,297.34,28.5,297.33,14.6,297.35,0.9,297.36,1.0
1753504116201,04:28:36.201,AAVE/USDT:USDT,297.34,28.5,297.33,14.6,297.35,0.9,297.36,1.0
1753504116304,04:28:36.304,AAVE/USDT:USDT,297.34,28.5,297.33,14.6,297.35,0.9,297.36,1.0
1753504116598,04:28:36.598,AAVE/USDT:USDT,297.34,28.5,297.33,14.6,297.35,0.9,297.36,1.0
1753504116700,04:28:36.700,AAVE/USDT:USDT,297.34,28.5,297.33,14.6,297.35,0.9,297.36,1.0
1753504116802,04:28:36.802,AAVE/USDT:USDT,297.34,28.5,297.33,14.6,297.35,0.9,297.36,1.0
1753504116905,04:28:36.905,AAVE/USDT:USDT,297.34,28.5,297.33,14.6,297.35,0.9,297.36,1.0
1753504117011,04:28:37.011,AAVE/USDT:USDT,297.34,28.5,297.33,14.6,297.35,0.9,297.36,0.9
1753504117167,04:28:37.167,AAVE/USDT:USDT,297.34,28.5,297.33,14.6,297.35,0.9,297.36,0.9
1753504117273,04:28:37.273,AAVE/USDT:USDT,297.34,28.5,297.33,14.6,297.35,0.9,297.36,0.9
1753504117377,04:28:37.377,AAVE/USDT:USDT,297.34,27.5,297.33,14.6,297.35,0.9,297.36,0.9
1753504117478,04:28:37.478,AAVE/USDT:USDT,297.34,28.4,297.33,14.6,297.35,0.9,297.36,0.9
1753504117737,04:28:37.737,AAVE/USDT:USDT,297.34,4.3,297.33,1.5,297.35,13.5,297.36,3.4
1753504117838,04:28:37.838,AAVE/USDT:USDT,297.34,0.9,297.33,1.5,297.35,12.6,297.36,6.4
1753504117942,04:28:37.942,AAVE/USDT:USDT,297.34,1.0,297.33,1.5,297.35,12.7,297.36,6.4
1753504118045,04:28:38.045,AAVE/USDT:USDT,297.34,1.0,297.33,1.5,297.35,12.7,297.36,6.4
1753504118148,04:28:38.148,AAVE/USDT:USDT,297.34,1.0,297.33,1.5,297.35,12.7,297.36,5.5
1753504118251,04:28:38.251,AAVE/USDT:USDT,297.34,1.0,297.33,1.5,297.35,9.8,297.36,5.5
1753504118354,04:28:38.354,AAVE/USDT:USDT,297.34,9.1,297.33,2.0,297.35,7.0,297.36,2.9
1753504118456,04:28:38.456,AAVE/USDT:USDT,297.34,11.8,297.33,2.0,297.35,3.4,297.36,2.9
1753504118558,04:28:38.558,AAVE/USDT:USDT,297.34,8.8,297.33,0.9,297.35,8.8,297.36,3.4
1753504118664,04:28:38.664,AAVE/USDT:USDT,297.34,8.8,297.33,0.9,297.35,8.8,297.36,3.4
1753504118767,04:28:38.767,AAVE/USDT:USDT,297.34,8.8,297.33,0.9,297.35,8.8,297.36,3.4
1753504118870,04:28:38.870,AAVE/USDT:USDT,297.34,8.8,297.33,1.4,297.35,7.0,297.36,2.9
1753504118973,04:28:38.973,AAVE/USDT:USDT,297.34,8.8,297.33,1.4,297.35,7.0,297.36,2.9
1753504119074,04:28:39.074,AAVE/USDT:USDT,297.34,9.6,297.33,1.4,297.35,7.0,297.36,2.9
1753504119179,04:28:39.179,AAVE/USDT:USDT,297.34,9.6,297.33,1.4,297.35,7.1,297.36,2.9
1753504119456,04:28:39.456,AAVE/USDT:USDT,297.34,16.1,297.33,4.9,297.35,3.5,297.36,0.9
1753504119560,04:28:39.560,AAVE/USDT:USDT,297.36,71.5,297.35,40.2,297.39,5.0,297.4,4.0
1753504119661,04:28:39.661,AAVE/USDT:USDT,297.38,31.8,297.37,16.2,297.39,4.7,297.4,4.0
1753504119764,04:28:39.764,AAVE/USDT:USDT,297.38,31.8,297.37,16.2,297.39,4.7,297.4,4.0
1753504119866,04:28:39.866,AAVE/USDT:USDT,297.38,28.0,297.37,16.2,297.39,2.6,297.4,4.0
1753504119967,04:28:39.967,AAVE/USDT:USDT,297.38,27.9,297.37,16.2,297.39,2.6,297.4,4.0
1753504120070,04:28:40.070,AAVE/USDT:USDT,297.38,27.8,297.37,16.1,297.39,2.6,297.4,4.0
1753504120174,04:28:40.174,AAVE/USDT:USDT,297.38,27.9,297.37,16.1,297.39,2.6,297.4,4.0
1753504120277,04:28:40.277,AAVE/USDT:USDT,297.38,27.9,297.37,16.1,297.39,2.6,297.4,4.0
1753504120400,04:28:40.400,AAVE/USDT:USDT,297.38,27.9,297.37,16.1,297.39,2.6,297.4,4.0
1753504120502,04:28:40.502,AAVE/USDT:USDT,297.38,28.4,297.37,16.1,297.39,2.6,297.4,4.0
1753504120604,04:28:40.604,AAVE/USDT:USDT,297.38,28.4,297.37,16.1,297.39,2.6,297.4,4.0
1753504120707,04:28:40.707,AAVE/USDT:USDT,297.38,28.4,297.37,16.1,297.39,2.6,297.4,4.0
1753504120811,04:28:40.811,AAVE/USDT:USDT,297.38,28.4,297.37,16.1,297.39,2.6,297.4,4.0
1753504120915,04:28:40.915,AAVE/USDT:USDT,297.38,28.4,297.37,16.1,297.39,2.6,297.4,4.0
1753504121059,04:28:41.059,AAVE/USDT:USDT,297.38,28.4,297.37,16.1,297.39,2.6,297.4,4.0
1753504121178,04:28:41.178,AAVE/USDT:USDT,297.38,20.3,297.37,16.1,297.39,6.2,297.4,4.0
1753504121281,04:28:41.281,AAVE/USDT:USDT,297.38,20.3,297.37,16.1,297.39,6.2,297.4,4.0
1753504121385,04:28:41.385,AAVE/USDT:USDT,297.38,20.3,297.37,16.1,297.39,6.2,297.4,4.0
1753504121491,04:28:41.491,AAVE/USDT:USDT,297.38,20.3,297.37,16.1,297.39,2.6,297.4,4.0
1753504121592,04:28:41.592,AAVE/USDT:USDT,297.38,20.8,297.37,16.1,297.39,2.6,297.4,4.0
1753504121695,04:28:41.695,AAVE/USDT:USDT,297.38,20.8,297.37,16.1,297.39,2.6,297.4,4.0
1753504121835,04:28:41.835,AAVE/USDT:USDT,297.38,20.8,297.37,16.1,297.39,2.6,297.4,4.0
1753504121938,04:28:41.938,AAVE/USDT:USDT,297.38,20.8,297.37,16.1,297.39,2.6,297.4,4.0
1753504122045,04:28:42.045,AAVE/USDT:USDT,297.38,20.8,297.37,16.1,297.39,2.6,297.4,4.0
1753504122152,04:28:42.152,AAVE/USDT:USDT,297.38,20.8,297.37,11.5,297.39,6.2,297.4,4.0
1753504122255,04:28:42.255,AAVE/USDT:USDT,297.38,20.8,297.37,11.5,297.39,2.6,297.4,4.0
1753504122380,04:28:42.380,AAVE/USDT:USDT,297.38,20.8,297.37,11.5,297.39,2.6,297.4,4.0
1753504122502,04:28:42.502,AAVE/USDT:USDT,297.38,26.2,297.37,16.6,297.39,2.7,297.4,4.0
1753504122614,04:28:42.614,AAVE/USDT:USDT,297.38,26.2,297.37,16.6,297.39,2.7,297.4,4.0
1753504122717,04:28:42.717,AAVE/USDT:USDT,297.38,26.2,297.37,16.6,297.39,2.7,297.4,4.0
1753504122820,04:28:42.820,AAVE/USDT:USDT,297.38,26.2,297.37,16.6,297.39,2.7,297.4,4.0
1753504122923,04:28:42.923,AAVE/USDT:USDT,297.38,26.2,297.37,16.6,297.39,2.7,297.4,4.0
1753504123025,04:28:43.025,AAVE/USDT:USDT,297.38,26.2,297.37,16.6,297.39,2.7,297.4,4.0
1753504123214,04:28:43.214,AAVE/USDT:USDT,297.41,6.8,297.4,3.0,297.42,9.2,297.43,2.8
1753504123316,04:28:43.316,AAVE/USDT:USDT,297.41,6.9,297.4,3.0,297.42,9.7,297.43,4.8
1753504123419,04:28:43.419,AAVE/USDT:USDT,297.41,7.3,297.4,3.0,297.42,9.7,297.43,4.8
1753504123524,04:28:43.524,AAVE/USDT:USDT,297.41,15.2,297.4,3.0,297.42,9.7,297.43,8.1
1753504123633,04:28:43.633,AAVE/USDT:USDT,297.41,8.4,297.39,1.0,297.42,15.7,297.43,8.1
1753504123737,04:28:43.737,AAVE/USDT:USDT,297.41,8.8,297.39,1.0,297.42,20.7,297.43,21.9
1753504123843,04:28:43.843,AAVE/USDT:USDT,297.39,0.6,297.38,6.1,297.4,30.4,297.41,33.6
1753504123947,04:28:43.947,AAVE/USDT:USDT,297.39,0.7,297.38,6.1,297.4,30.4,297.41,33.6
1753504124049,04:28:44.049,AAVE/USDT:USDT,297.39,0.7,297.38,6.1,297.4,30.4,297.41,33.1
1753504124157,04:28:44.157,AAVE/USDT:USDT,297.39,0.7,297.38,6.1,297.4,30.4,297.41,33.1
1753504124263,04:28:44.263,AAVE/USDT:USDT,297.39,0.7,297.38,6.1,297.4,30.4,297.41,33.1
1753504124366,04:28:44.366,AAVE/USDT:USDT,297.39,0.7,297.38,6.1,297.4,30.4,297.41,33.1
1753504124471,04:28:44.471,AAVE/USDT:USDT,297.39,0.7,297.38,6.1,297.4,30.4,297.41,33.1
1753504124573,04:28:44.573,AAVE/USDT:USDT,297.36,5.1,297.35,0.1,297.37,35.1,297.38,34.5
1753504124687,04:28:44.687,AAVE/USDT:USDT,297.36,5.2,297.35,0.1,297.37,40.2,297.38,34.6
1753504124798,04:28:44.798,AAVE/USDT:USDT,297.36,5.2,297.35,0.1,297.37,40.2,297.38,34.6
1753504124914,04:28:44.914,AAVE/USDT:USDT,297.36,5.2,297.35,0.1,297.37,40.2,297.38,34.6
1753504125020,04:28:45.020,AAVE/USDT:USDT,297.36,5.2,297.35,0.1,297.37,40.2,297.38,34.6
1753504125123,04:28:45.123,AAVE/USDT:USDT,297.36,5.2,297.35,0.1,297.37,40.2,297.38,34.6
1753504125254,04:28:45.254,AAVE/USDT:USDT,297.36,5.2,297.35,0.1,297.37,40.2,297.38,34.6
1753504125357,04:28:45.357,AAVE/USDT:USDT,297.36,5.2,297.35,0.1,297.37,40.2,297.38,34.6
1753504125467,04:28:45.467,AAVE/USDT:USDT,297.36,5.2,297.35,0.1,297.37,40.2,297.38,34.6
1753504125572,04:28:45.572,AAVE/USDT:USDT,297.36,5.2,297.35,0.1,297.37,40.2,297.38,34.6
1753504125706,04:28:45.706,AAVE/USDT:USDT,297.36,5.2,297.35,0.1,297.37,40.2,297.38,34.6
1753504125808,04:28:45.808,AAVE/USDT:USDT,297.36,5.2,297.35,0.1,297.37,40.2,297.38,34.6
1753504125963,04:28:45.963,AAVE/USDT:USDT,297.36,5.2,297.35,0.1,297.37,35.2,297.38,23.5
1753504126066,04:28:46.066,AAVE/USDT:USDT,297.35,0.1,297.33,0.2,297.36,44.7,297.37,26.0
1753504126168,04:28:46.168,AAVE/USDT:USDT,297.35,0.1,297.33,0.2,297.36,44.8,297.37,29.2
1753504126271,04:28:46.271,AAVE/USDT:USDT,297.35,0.1,297.33,0.2,297.36,44.8,297.37,29.2
1753504126381,04:28:46.381,AAVE/USDT:USDT,297.35,0.1,297.33,0.2,297.36,44.8,297.37,29.2
1753504126483,04:28:46.483,AAVE/USDT:USDT,297.35,3.7,297.34,0.5,297.36,40.8,297.37,29.2
1753504126585,04:28:46.585,AAVE/USDT:USDT,297.35,4.4,297.34,0.5,297.36,34.2,297.37,29.2
1753504126688,04:28:46.688,AAVE/USDT:USDT,297.35,3.8,297.33,0.3,297.36,34.2,297.37,23.4
1753504126791,04:28:46.791,AAVE/USDT:USDT,297.35,3.8,297.33,0.3,297.36,34.2,297.37,23.4
1753504126921,04:28:46.921,AAVE/USDT:USDT,297.35,16.0,297.34,12.1,297.36,34.2,297.37,23.4
1753504127023,04:28:47.023,AAVE/USDT:USDT,297.35,16.0,297.34,12.1,297.36,29.6,297.37,18.6
1753504127127,04:28:47.127,AAVE/USDT:USDT,297.35,16.0,297.34,12.1,297.36,29.6,297.37,18.6
1753504127267,04:28:47.267,AAVE/USDT:USDT,297.35,16.0,297.34,12.1,297.36,29.6,297.37,18.6
1753504127374,04:28:47.374,AAVE/USDT:USDT,297.35,16.0,297.34,12.1,297.36,29.6,297.37,18.6
1753504127477,04:28:47.477,AAVE/USDT:USDT,297.35,16.0,297.34,12.1,297.36,29.6,297.37,18.6
1753504127584,04:28:47.584,AAVE/USDT:USDT,297.35,16.0,297.34,12.1,297.36,29.6,297.37,18.6
1753504127688,04:28:47.688,AAVE/USDT:USDT,297.35,12.4,297.34,12.1,297.36,29.6,297.37,18.6
1753504127795,04:28:47.795,AAVE/USDT:USDT,297.35,12.4,297.34,12.1,297.36,29.6,297.37,18.6
1753504127898,04:28:47.898,AAVE/USDT:USDT,297.35,12.4,297.34,12.1,297.36,29.6,297.37,18.6
1753504128001,04:28:48.001,AAVE/USDT:USDT,297.35,12.4,297.34,12.1,297.36,29.6,297.37,18.6
1753504128110,04:28:48.110,AAVE/USDT:USDT,297.35,14.7,297.34,12.1,297.36,24.0,297.37,18.6
1753504128215,04:28:48.215,AAVE/USDT:USDT,297.35,14.8,297.34,12.1,297.36,24.0,297.37,18.6
1753504128448,04:28:48.448,AAVE/USDT:USDT,297.35,14.8,297.34,12.1,297.36,24.0,297.37,18.6
1753504128551,04:28:48.551,AAVE/USDT:USDT,297.35,14.8,297.34,12.1,297.36,24.0,297.37,18.6
1753504128666,04:28:48.666,AAVE/USDT:USDT,297.35,12.5,297.34,12.1,297.36,24.3,297.37,18.6
1753504128771,04:28:48.771,AAVE/USDT:USDT,297.35,12.5,297.34,12.1,297.36,24.3,297.37,18.6
1753504128876,04:28:48.876,AAVE/USDT:USDT,297.35,12.5,297.34,12.1,297.36,24.3,297.37,18.6
1753504129110,04:28:49.110,AAVE/USDT:USDT,297.35,12.5,297.34,12.1,297.36,24.7,297.37,18.6
1753504129213,04:28:49.213,AAVE/USDT:USDT,297.35,12.8,297.34,12.1,297.36,26.7,297.37,13.6
1753504129317,04:28:49.317,AAVE/USDT:USDT,297.35,15.2,297.34,12.1,297.36,16.4,297.37,10.7
1753504129437,04:28:49.437,AAVE/USDT:USDT,297.35,15.3,297.34,12.1,297.36,3.5,297.37,3.6
1753504129541,04:28:49.541,AAVE/USDT:USDT,297.35,16.3,297.34,12.6,297.36,2.5,297.38,3.7
1753504129642,04:28:49.642,AAVE/USDT:USDT,297.35,16.3,297.34,12.6,297.36,0.8,297.38,2.3
1753504129745,04:28:49.745,AAVE/USDT:USDT,297.35,16.3,297.34,12.6,297.36,0.8,297.38,0.1
1753504129867,04:28:49.867,AAVE/USDT:USDT,297.35,16.3,297.34,12.6,297.36,0.8,297.38,0.1
1753504129968,04:28:49.968,AAVE/USDT:USDT,297.35,16.3,297.34,14.6,297.36,0.8,297.38,0.1
1753504130111,04:28:50.111,AAVE/USDT:USDT,297.35,16.3,297.34,14.6,297.36,0.8,297.38,0.1
1753504130215,04:28:50.215,AAVE/USDT:USDT,297.35,16.3,297.34,14.6,297.36,0.8,297.38,0.1
1753504130318,04:28:50.318,AAVE/USDT:USDT,297.35,16.3,297.34,14.6,297.36,0.8,297.38,0.1
1753504130454,04:28:50.454,AAVE/USDT:USDT,297.35,16.3,297.34,14.6,297.36,0.8,297.38,0.1
1753504130563,04:28:50.563,AAVE/USDT:USDT,297.35,16.3,297.34,14.6,297.36,0.9,297.38,0.1
1753504130667,04:28:50.667,AAVE/USDT:USDT,297.35,16.3,297.34,14.6,297.36,0.9,297.38,0.1
1753504130772,04:28:50.772,AAVE/USDT:USDT,297.35,16.3,297.34,14.6,297.36,0.9,297.38,0.1
1753504130940,04:28:50.940,AAVE/USDT:USDT,297.35,16.3,297.34,14.6,297.36,0.9,297.38,0.1
1753504131177,04:28:51.177,AAVE/USDT:USDT,297.35,16.3,297.34,14.6,297.36,0.9,297.38,0.1
1753504131280,04:28:51.280,AAVE/USDT:USDT,297.35,16.3,297.34,14.6,297.36,0.9,297.38,0.1
1753504131383,04:28:51.383,AAVE/USDT:USDT,297.35,16.2,297.34,14.6,297.36,0.9,297.38,0.1
1753504131508,04:28:51.508,AAVE/USDT:USDT,297.37,22.8,297.36,16.1,297.38,2.5,297.39,0.7
1753504131611,04:28:51.611,AAVE/USDT:USDT,297.37,23.1,297.36,16.7,297.38,2.6,297.39,0.7
1753504131714,04:28:51.714,AAVE/USDT:USDT,297.37,23.1,297.36,16.7,297.38,2.6,297.39,0.7
1753504131817,04:28:51.817,AAVE/USDT:USDT,297.37,23.1,297.36,16.7,297.38,2.6,297.39,0.7
1753504131920,04:28:51.920,AAVE/USDT:USDT,297.37,23.1,297.36,16.7,297.38,2.6,297.39,0.7
1753504132034,04:28:52.034,AAVE/USDT:USDT,297.37,23.2,297.36,16.7,297.38,2.6,297.39,0.7
1753504132140,04:28:52.140,AAVE/USDT:USDT,297.37,23.2,297.36,16.7,297.38,2.6,297.39,0.7
1753504132241,04:28:52.241,AAVE/USDT:USDT,297.37,23.2,297.36,16.7,297.38,2.6,297.39,0.7
1753504132345,04:28:52.345,AAVE/USDT:USDT,297.37,23.2,297.36,16.7,297.38,2.6,297.39,0.7
1753504132449,04:28:52.449,AAVE/USDT:USDT,297.37,23.2,297.36,16.7,297.38,0.1,297.39,0.7
1753504132613,04:28:52.613,AAVE/USDT:USDT,297.37,23.2,297.36,16.7,297.38,0.1,297.39,0.7
1753504132718,04:28:52.718,AAVE/USDT:USDT,297.38,37.6,297.37,19.4,297.39,0.5,297.4,0.2
1753504132821,04:28:52.821,AAVE/USDT:USDT,297.38,37.6,297.37,19.4,297.39,0.6,297.4,0.2
1753504132930,04:28:52.930,AAVE/USDT:USDT,297.38,37.7,297.37,19.4,297.39,0.6,297.4,0.2
1753504133064,04:28:53.064,AAVE/USDT:USDT,297.38,37.7,297.37,19.4,297.39,0.6,297.4,0.2
1753504133188,04:28:53.188,AAVE/USDT:USDT,297.38,37.7,297.37,19.4,297.39,0.6,297.4,0.2
1753504133291,04:28:53.291,AAVE/USDT:USDT,297.38,37.7,297.37,19.4,297.39,0.6,297.4,0.2
1753504133393,04:28:53.393,AAVE/USDT:USDT,297.38,37.7,297.37,19.4,297.39,0.6,297.4,0.2
1753504133496,04:28:53.496,AAVE/USDT:USDT,297.38,37.7,297.37,19.4,297.39,0.6,297.4,0.2
1753504133599,04:28:53.599,AAVE/USDT:USDT,297.38,37.7,297.37,19.4,297.39,0.7,297.4,0.2
1753504133760,04:28:53.760,AAVE/USDT:USDT,297.38,37.7,297.37,19.4,297.39,0.7,297.4,0.2
1753504134003,04:28:54.003,AAVE/USDT:USDT,297.38,37.7,297.37,19.4,297.39,0.7,297.4,0.2
1753504134106,04:28:54.106,AAVE/USDT:USDT,297.38,37.7,297.37,19.4,297.39,0.7,297.4,0.2
1753504134420,04:28:54.420,AAVE/USDT:USDT,297.38,37.7,297.37,19.4,297.39,0.7,297.4,0.2
1753504134524,04:28:54.524,AAVE/USDT:USDT,297.38,37.7,297.37,19.4,297.39,0.7,297.4,0.2
1753504134802,04:28:54.802,AAVE/USDT:USDT,297.38,37.7,297.37,19.4,297.39,0.7,297.4,0.2
1753504134918,04:28:54.918,AAVE/USDT:USDT,297.38,37.7,297.37,19.4,297.39,0.7,297.4,0.2
1753504135024,04:28:55.024,AAVE/USDT:USDT,297.38,37.7,297.37,19.4,297.39,0.7,297.4,0.2
1753504135127,04:28:55.127,AAVE/USDT:USDT,297.38,37.7,297.37,19.4,297.39,0.7,297.4,0.2
1753504135271,04:28:55.271,AAVE/USDT:USDT,297.38,37.7,297.37,17.5,297.39,0.7,297.4,0.2
1753504135377,04:28:55.377,AAVE/USDT:USDT,297.38,37.7,297.37,17.5,297.39,0.7,297.4,0.2
1753504135490,04:28:55.490,AAVE/USDT:USDT,297.38,37.7,297.37,17.5,297.39,0.7,297.4,0.2
1753504135597,04:28:55.597,AAVE/USDT:USDT,297.38,36.7,297.37,17.5,297.39,2.8,297.4,0.2
1753504135703,04:28:55.703,AAVE/USDT:USDT,297.38,36.7,297.37,17.5,297.39,2.8,297.4,0.2
1753504135806,04:28:55.806,AAVE/USDT:USDT,297.38,36.7,297.37,17.5,297.39,2.8,297.4,0.2
1753504135907,04:28:55.907,AAVE/USDT:USDT,297.38,26.7,297.37,15.8,297.39,7.4,297.4,0.2
1753504136023,04:28:56.023,AAVE/USDT:USDT,297.38,26.7,297.37,15.8,297.39,7.4,297.4,0.2
1753504136126,04:28:56.126,AAVE/USDT:USDT,297.38,26.7,297.37,15.8,297.39,7.4,297.4,0.2
1753504136267,04:28:56.267,AAVE/USDT:USDT,297.38,26.7,297.37,15.8,297.39,7.4,297.4,0.2
1753504136427,04:28:56.427,AAVE/USDT:USDT,297.38,26.7,297.37,15.8,297.39,7.4,297.4,0.2
1753504136530,04:28:56.530,AAVE/USDT:USDT,297.38,26.7,297.37,15.8,297.39,7.3,297.4,0.2
1753504136633,04:28:56.633,AAVE/USDT:USDT,297.38,26.7,297.37,15.8,297.39,7.3,297.4,0.2
1753504136744,04:28:56.744,AAVE/USDT:USDT,297.38,26.7,297.37,15.8,297.39,7.3,297.4,0.2
1753504136852,04:28:56.852,AAVE/USDT:USDT,297.38,27.0,297.37,15.7,297.39,7.3,297.4,0.2
1753504136954,04:28:56.954,AAVE/USDT:USDT,297.38,27.0,297.37,15.7,297.39,7.3,297.4,0.2
1753504137247,04:28:57.247,AAVE/USDT:USDT,297.38,28.4,297.37,15.7,297.39,7.6,297.4,0.2
1753504137349,04:28:57.349,AAVE/USDT:USDT,297.38,28.4,297.37,15.7,297.39,7.6,297.4,0.2
1753504137479,04:28:57.479,AAVE/USDT:USDT,297.38,26.0,297.37,15.7,297.39,7.7,297.4,0.2
1753504137583,04:28:57.583,AAVE/USDT:USDT,297.38,26.0,297.37,15.7,297.39,7.9,297.4,0.2
1753504137689,04:28:57.689,AAVE/USDT:USDT,297.38,26.0,297.37,15.7,297.39,7.9,297.4,0.2
1753504138044,04:28:58.044,AAVE/USDT:USDT,297.38,26.0,297.37,15.7,297.39,7.9,297.4,0.2
1753504138146,04:28:58.146,AAVE/USDT:USDT,297.38,26.0,297.37,15.8,297.39,7.9,297.4,0.2
1753504138248,04:28:58.248,AAVE/USDT:USDT,297.38,26.0,297.37,15.8,297.39,7.9,297.4,0.2
1753504138405,04:28:58.405,AAVE/USDT:USDT,297.38,26.0,297.37,15.7,297.39,7.9,297.4,0.2
1753504138511,04:28:58.511,AAVE/USDT:USDT,297.38,26.0,297.37,15.7,297.39,7.9,297.4,0.2
1753504138613,04:28:58.613,AAVE/USDT:USDT,297.38,26.0,297.37,15.7,297.39,4.1,297.4,0.2
1753504138789,04:28:58.789,AAVE/USDT:USDT,297.38,26.0,297.37,15.7,297.39,7.8,297.4,0.2
1753504138893,04:28:58.893,AAVE/USDT:USDT,297.38,32.4,297.37,28.0,297.39,7.8,297.4,0.8
1753504138996,04:28:58.996,AAVE/USDT:USDT,297.38,32.4,297.37,28.0,297.39,7.8,297.4,0.2
1753504139102,04:28:59.102,AAVE/USDT:USDT,297.38,32.4,297.37,28.0,297.39,7.8,297.4,0.2
1753504139214,04:28:59.214,AAVE/USDT:USDT,297.38,32.4,297.37,28.0,297.39,7.8,297.4,0.2
1753504139347,04:28:59.347,AAVE/USDT:USDT,297.38,32.4,297.37,23.4,297.39,7.8,297.4,0.2
1753504139452,04:28:59.452,AAVE/USDT:USDT,297.38,32.4,297.37,23.4,297.39,4.2,297.4,0.2
1753504139557,04:28:59.557,AAVE/USDT:USDT,297.38,32.4,297.37,23.4,297.39,4.2,297.4,0.2
1753504139659,04:28:59.659,AAVE/USDT:USDT,297.38,32.4,297.37,23.4,297.39,4.1,297.4,0.2
1753504139765,04:28:59.765,AAVE/USDT:USDT,297.38,32.4,297.37,23.4,297.39,4.1,297.4,0.2
1753504139869,04:28:59.869,AAVE/USDT:USDT,297.38,32.4,297.37,23.4,297.39,4.1,297.4,0.2
1753504139973,04:28:59.973,AAVE/USDT:USDT,297.38,32.4,297.37,23.4,297.39,4.1,297.4,0.2
1753504140076,04:29:00.076,AAVE/USDT:USDT,297.38,32.4,297.37,23.4,297.39,4.1,297.4,0.2
1753504140202,04:29:00.202,AAVE/USDT:USDT,297.38,32.4,297.37,23.4,297.39,4.1,297.4,0.2
1753504140305,04:29:00.305,AAVE/USDT:USDT,297.38,32.4,297.37,23.4,297.39,7.7,297.4,0.2
1753504140407,04:29:00.407,AAVE/USDT:USDT,297.38,32.4,297.37,23.4,297.39,7.8,297.4,0.2
1753504140518,04:29:00.518,AAVE/USDT:USDT,297.38,32.4,297.37,23.4,297.39,7.8,297.4,0.2
1753504140633,04:29:00.633,AAVE/USDT:USDT,297.38,32.4,297.37,23.4,297.39,4.2,297.4,0.2
1753504140740,04:29:00.740,AAVE/USDT:USDT,297.38,32.4,297.37,23.4,297.39,7.8,297.4,0.2
1753504140863,04:29:00.863,AAVE/USDT:USDT,297.38,32.4,297.37,23.4,297.39,7.8,297.4,0.2
1753504140967,04:29:00.967,AAVE/USDT:USDT,297.38,32.4,297.37,23.4,297.39,4.2,297.4,0.2
1753504141070,04:29:01.070,AAVE/USDT:USDT,297.38,32.4,297.37,23.4,297.39,4.2,297.4,0.2
1753504141173,04:29:01.173,AAVE/USDT:USDT,297.38,32.4,297.37,23.4,297.39,4.2,297.4,0.2
1753504141274,04:29:01.274,AAVE/USDT:USDT,297.4,36.0,297.39,19.0,297.41,0.1,297.42,0.7
1753504141375,04:29:01.375,AAVE/USDT:USDT,297.4,36.1,297.39,19.6,297.41,0.1,297.42,0.7
1753504141492,04:29:01.492,AAVE/USDT:USDT,297.4,36.1,297.39,19.6,297.41,0.1,297.42,0.7
1753504141607,04:29:01.607,AAVE/USDT:USDT,297.4,36.1,297.39,19.6,297.41,0.1,297.42,0.7
1753504141710,04:29:01.710,AAVE/USDT:USDT,297.4,36.1,297.39,19.6,297.41,0.1,297.42,0.7
1753504141813,04:29:01.813,AAVE/USDT:USDT,297.4,36.1,297.39,19.6,297.41,0.1,297.42,0.7
1753504141918,04:29:01.918,AAVE/USDT:USDT,297.4,36.1,297.39,19.6,297.41,0.1,297.42,0.7
1753504142021,04:29:02.021,AAVE/USDT:USDT,297.4,36.1,297.39,19.6,297.41,0.1,297.42,0.7
1753504142170,04:29:02.170,AAVE/USDT:USDT,297.4,36.1,297.39,19.6,297.41,0.1,297.42,0.6
1753504142276,04:29:02.276,AAVE/USDT:USDT,297.4,36.1,297.39,19.6,297.41,0.1,297.42,0.6
1753504142380,04:29:02.380,AAVE/USDT:USDT,297.4,36.1,297.39,19.6,297.41,0.1,297.42,0.6
1753504142485,04:29:02.485,AAVE/USDT:USDT,297.4,36.1,297.39,19.6,297.41,0.1,297.42,0.6
1753504142590,04:29:02.590,AAVE/USDT:USDT,297.4,36.1,297.39,19.6,297.41,0.1,297.42,0.6
1753504142851,04:29:02.851,AAVE/USDT:USDT,297.4,36.1,297.39,19.6,297.41,0.1,297.42,0.6
