timestamp,time,symbol,bid1_price,bid1_volume,bid2_price,bid2_volume,ask1_price,ask1_volume,ask2_price,ask2_volume
1753504005197,04:26:45.197,ALGO/USDT:USDT,0.2692,20329.8,0.2691,119599.7,0.2693,44252.3,0.2694,121140.2
1753504005897,04:26:45.897,ALGO/USDT:USDT,0.2692,20329.8,0.2691,119599.7,0.2693,44252.3,0.2694,121140.2
1753504005997,04:26:45.997,ALGO/USDT:USDT,0.2692,20329.8,0.2691,119599.7,0.2693,43618.9,0.2694,121140.2
1753504006097,04:26:46.097,ALGO/USDT:USDT,0.2692,20329.8,0.2691,119599.7,0.2693,43614.0,0.2694,121140.2
1753504006397,04:26:46.397,ALGO/USDT:USDT,0.2692,20329.8,0.2691,119599.7,0.2693,44247.4,0.2694,121140.2
1753504006598,04:26:46.598,ALGO/USDT:USDT,0.2692,20329.8,0.2691,119599.7,0.2693,43614.0,0.2694,121140.2
1753504006697,04:26:46.697,ALGO/USDT:USDT,0.2692,20329.8,0.2691,119599.7,0.2693,43614.0,0.2694,121140.2
1753504006797,04:26:46.797,ALGO/USDT:USDT,0.2692,20329.8,0.2691,119599.7,0.2693,43614.0,0.2694,121140.2
1753504006896,04:26:46.896,ALGO/USDT:USDT,0.2692,20329.8,0.2691,119599.7,0.2693,42986.9,0.2694,121140.2
1753504007397,04:26:47.397,ALGO/USDT:USDT,0.2692,20329.8,0.2691,119525.4,0.2693,44247.4,0.2694,121140.2
1753504007697,04:26:47.697,ALGO/USDT:USDT,0.2692,20329.8,0.2691,119599.7,0.2693,44247.9,0.2694,121140.2
1753504008397,04:26:48.397,ALGO/USDT:USDT,0.2692,20329.8,0.2691,119599.7,0.2693,44247.9,0.2694,121140.2
1753504008497,04:26:48.497,ALGO/USDT:USDT,0.2692,20329.8,0.2691,119525.4,0.2693,44248.0,0.2694,121140.2
1753504008597,04:26:48.597,ALGO/USDT:USDT,0.2692,1765.1,0.2691,116465.5,0.2693,44990.8,0.2694,138318.9
1753504008697,04:26:48.697,ALGO/USDT:USDT,0.2692,1765.1,0.2691,116465.5,0.2693,44990.8,0.2694,138318.9
1753504008797,04:26:48.797,ALGO/USDT:USDT,0.2692,1765.1,0.2691,116465.5,0.2693,44990.8,0.2694,138318.9
1753504008897,04:26:48.897,ALGO/USDT:USDT,0.2692,1727.9,0.2691,116465.5,0.2693,44990.8,0.2694,138318.9
1753504008997,04:26:48.997,ALGO/USDT:USDT,0.2692,1727.9,0.2691,116465.5,0.2693,45065.1,0.2694,138318.9
1753504009096,04:26:49.096,ALGO/USDT:USDT,0.2692,1727.9,0.2691,116465.5,0.2693,61065.1,0.2694,138318.9
1753504009497,04:26:49.497,ALGO/USDT:USDT,0.2692,1727.9,0.2691,116465.5,0.2693,61065.1,0.2694,138318.9
1753504009597,04:26:49.597,ALGO/USDT:USDT,0.2692,1727.9,0.2691,116465.5,0.2693,60990.8,0.2694,138318.9
1753504009997,04:26:49.997,ALGO/USDT:USDT,0.2692,1727.9,0.2691,116465.5,0.2693,61065.1,0.2694,138318.9
1753504010100,04:26:50.100,ALGO/USDT:USDT,0.2692,1727.9,0.2691,116465.5,0.2693,60990.8,0.2694,138318.9
1753504010297,04:26:50.297,ALGO/USDT:USDT,0.2692,1727.9,0.2691,116465.5,0.2693,61035.9,0.2694,138318.9
1753504010397,04:26:50.397,ALGO/USDT:USDT,0.2692,1727.9,0.2691,116465.5,0.2693,61035.9,0.2694,138318.9
1753504010997,04:26:50.997,ALGO/USDT:USDT,0.2692,1727.9,0.2691,116465.5,0.2693,61035.9,0.2694,138318.9
1753504011096,04:26:51.096,ALGO/USDT:USDT,0.2692,1727.9,0.2691,116465.5,0.2693,61111.8,0.2694,138318.9
1753504011197,04:26:51.197,ALGO/USDT:USDT,0.2692,1727.9,0.2691,116465.5,0.2693,61111.8,0.2694,138318.9
1753504011697,04:26:51.697,ALGO/USDT:USDT,0.2692,1727.9,0.2691,117854.0,0.2693,59851.3,0.2694,138318.9
1753504011897,04:26:51.897,ALGO/USDT:USDT,0.2692,8784.2,0.2691,117854.0,0.2693,59851.3,0.2694,138318.9
1753504011997,04:26:51.997,ALGO/USDT:USDT,0.2691,56625.4,0.269,141268.3,0.2692,10975.8,0.2693,95956.7
1753504012097,04:26:52.097,ALGO/USDT:USDT,0.2691,66879.7,0.269,152741.6,0.2692,10975.8,0.2693,105701.1
1753504012197,04:26:52.197,ALGO/USDT:USDT,0.2691,56059.9,0.269,139243.3,0.2692,10975.8,0.2693,105701.1
1753504012297,04:26:52.297,ALGO/USDT:USDT,0.2691,37995.3,0.269,139243.3,0.2692,13249.0,0.2693,105756.9
1753504012397,04:26:52.397,ALGO/USDT:USDT,0.2691,37995.3,0.269,139243.3,0.2692,11726.6,0.2693,105756.9
1753504012497,04:26:52.497,ALGO/USDT:USDT,0.2691,37995.3,0.269,139243.3,0.2692,10975.8,0.2693,105756.9
1753504012696,04:26:52.696,ALGO/USDT:USDT,0.2691,37995.3,0.269,139243.3,0.2692,10975.8,0.2693,105756.9
1753504012797,04:26:52.797,ALGO/USDT:USDT,0.2691,37995.3,0.269,139243.3,0.2692,10975.8,0.2693,105756.9
1753504012997,04:26:52.997,ALGO/USDT:USDT,0.2691,46622.4,0.269,132433.4,0.2692,10975.8,0.2693,105756.9
1753504013096,04:26:53.096,ALGO/USDT:USDT,0.2691,46622.4,0.269,132433.4,0.2692,10975.8,0.2693,105756.9
1753504013197,04:26:53.197,ALGO/USDT:USDT,0.2691,46622.4,0.269,132433.4,0.2692,10975.8,0.2693,105756.9
1753504013297,04:26:53.297,ALGO/USDT:USDT,0.2691,38622.4,0.269,132433.4,0.2692,10975.8,0.2693,105756.9
1753504013397,04:26:53.397,ALGO/USDT:USDT,0.2691,37995.3,0.269,132433.4,0.2692,13255.0,0.2693,105831.3
1753504013497,04:26:53.497,ALGO/USDT:USDT,0.2691,37995.3,0.269,132433.4,0.2692,13255.0,0.2693,105756.9
1753504013796,04:26:53.796,ALGO/USDT:USDT,0.2691,38622.4,0.269,132433.4,0.2692,10975.8,0.2693,105756.9
1753504013997,04:26:53.997,ALGO/USDT:USDT,0.2691,54622.4,0.269,132433.4,0.2692,12433.1,0.2693,105756.9
1753504014196,04:26:54.196,ALGO/USDT:USDT,0.2691,54622.4,0.269,132433.4,0.2692,12433.1,0.2693,105756.9
1753504014297,04:26:54.297,ALGO/USDT:USDT,0.2691,54622.4,0.269,132433.4,0.2692,10975.8,0.2693,105756.9
1753504014397,04:26:54.397,ALGO/USDT:USDT,0.2691,54622.4,0.269,132433.4,0.2692,10975.8,0.2693,105756.9
1753504014496,04:26:54.496,ALGO/USDT:USDT,0.2691,54622.4,0.269,132433.4,0.2692,10975.8,0.2693,105756.9
1753504014598,04:26:54.598,ALGO/USDT:USDT,0.2691,54622.4,0.269,132433.4,0.2692,10975.8,0.2693,105756.9
1753504014697,04:26:54.697,ALGO/USDT:USDT,0.2691,54622.4,0.269,132433.4,0.2692,10975.8,0.2693,104750.0
1753504014798,04:26:54.798,ALGO/USDT:USDT,0.2691,54622.4,0.269,132433.4,0.2692,12011.5,0.2693,104750.0
1753504014896,04:26:54.896,ALGO/USDT:USDT,0.2691,54622.4,0.269,132433.4,0.2692,12011.5,0.2693,104750.0
1753504014997,04:26:54.997,ALGO/USDT:USDT,0.2691,54622.4,0.269,132433.4,0.2692,12011.5,0.2693,104750.0
1753504015097,04:26:55.097,ALGO/USDT:USDT,0.2691,54622.4,0.269,132433.4,0.2692,12011.5,0.2693,104750.0
1753504015497,04:26:55.497,ALGO/USDT:USDT,0.2691,53995.3,0.269,132433.4,0.2692,12118.2,0.2693,104646.6
1753504016197,04:26:56.197,ALGO/USDT:USDT,0.2691,53151.4,0.269,133898.2,0.2692,12118.2,0.2693,104646.6
1753504017097,04:26:57.097,ALGO/USDT:USDT,0.2691,53151.4,0.269,133898.2,0.2692,12118.2,0.2693,104646.6
1753504017197,04:26:57.197,ALGO/USDT:USDT,0.2691,53151.4,0.269,133898.2,0.2692,12118.2,0.2693,104646.6
1753504017297,04:26:57.297,ALGO/USDT:USDT,0.2691,53151.4,0.269,133898.2,0.2692,12118.2,0.2693,104646.6
1753504017396,04:26:57.396,ALGO/USDT:USDT,0.2691,49389.4,0.269,141924.6,0.2692,12118.2,0.2693,104646.6
1753504017497,04:26:57.497,ALGO/USDT:USDT,0.2691,49389.4,0.269,141924.6,0.2692,12118.2,0.2693,104646.6
1753504017796,04:26:57.796,ALGO/USDT:USDT,0.2691,49389.4,0.269,141924.6,0.2692,2306.6,0.2693,89646.6
1753504017897,04:26:57.897,ALGO/USDT:USDT,0.2691,49389.4,0.269,141924.6,0.2692,2306.6,0.2693,86586.7
1753504017997,04:26:57.997,ALGO/USDT:USDT,0.2692,46334.0,0.2691,134233.1,0.2693,51997.2,0.2694,134047.1
1753504018100,04:26:58.100,ALGO/USDT:USDT,0.2692,47134.0,0.2691,130747.2,0.2693,46385.4,0.2694,132191.4
1753504018397,04:26:58.397,ALGO/USDT:USDT,0.2692,46334.0,0.2691,130747.2,0.2693,46385.4,0.2694,132191.4
1753504018597,04:26:58.597,ALGO/USDT:USDT,0.2692,46334.0,0.2691,130747.2,0.2693,46385.4,0.2694,132191.4
1753504018697,04:26:58.697,ALGO/USDT:USDT,0.2692,47134.0,0.2691,130747.2,0.2693,46385.4,0.2694,132191.4
1753504018896,04:26:58.896,ALGO/USDT:USDT,0.2692,47134.0,0.2691,130747.2,0.2693,46385.4,0.2694,132191.4
1753504018997,04:26:58.997,ALGO/USDT:USDT,0.2692,53134.0,0.2691,130747.2,0.2693,46385.4,0.2694,132191.4
1753504019097,04:26:59.097,ALGO/USDT:USDT,0.2692,47134.0,0.2691,130522.9,0.2693,46385.4,0.2694,132191.4
