timestamp,time,symbol,bid1_price,bid1_volume,bid2_price,bid2_volume,ask1_price,ask1_volume,ask2_price,ask2_volume
1753504142424,04:29:02.424,ALGO/USDT:USDT,0.269,2279.0,0.2688,2.0,0.2691,5.0,0.2692,2068.0
1753504248229,04:30:48.229,ALGO/USDT:USDT,0.269,2279.0,0.2688,2.0,0.269,3313.0,0.2691,8010.0
1753504248596,04:30:48.596,ALGO/USDT:USDT,0.269,2279.0,0.2688,2.0,0.269,1755.0,0.2691,8010.0
1753504249232,04:30:49.232,ALGO/USDT:USDT,0.269,2279.0,0.2688,2.0,0.269,1913.0,0.2691,8010.0
1753504250100,04:30:50.100,ALGO/USDT:USDT,0.269,2279.0,0.2688,2.0,0.269,1910.0,0.2691,8010.0
1753504250598,04:30:50.598,ALGO/USDT:USDT,0.269,2279.0,0.2688,861.0,0.269,2291.0,0.2691,9589.0
1753504251198,04:30:51.198,ALGO/USDT:USDT,0.269,2279.0,0.2687,871.0,0.2689,2289.0,0.269,2.0
1753504251600,04:30:51.600,ALGO/USDT:USDT,0.269,2279.0,0.2687,871.0,0.2689,2291.0,0.269,27496.0
1753504252233,04:30:52.233,ALGO/USDT:USDT,0.269,2279.0,0.2687,400.0,0.2689,2576.0,0.269,1.0
1753504253102,04:30:53.102,ALGO/USDT:USDT,0.269,2279.0,0.2687,400.0,0.2689,2576.0,0.269,1.0
1753504253603,04:30:53.603,ALGO/USDT:USDT,0.269,2279.0,0.2687,10.0,0.2689,2419.0,0.269,1.0
1753504254234,04:30:54.234,ALGO/USDT:USDT,0.269,2279.0,0.2687,10.0,0.2689,2418.0,0.269,1.0
1753504254605,04:30:54.605,ALGO/USDT:USDT,0.269,2279.0,0.2687,5.0,0.2689,2418.0,0.269,1.0
1753504255606,04:30:55.606,ALGO/USDT:USDT,0.269,2279.0,0.2687,5.0,0.2689,2419.0,0.269,1.0
1753504256235,04:30:56.235,ALGO/USDT:USDT,0.269,2279.0,0.2687,664.0,0.2689,2578.0,0.269,1.0
1753504256608,04:30:56.608,ALGO/USDT:USDT,0.269,2279.0,0.2687,664.0,0.2689,2580.0,0.269,1.0
1753504351311,04:32:31.311,ALGO/USDT:USDT,0.2693,1743.0,0.2692,26079.0,0.2689,2580.0,0.269,1.0
1753504351752,04:32:31.752,ALGO/USDT:USDT,0.2693,1743.0,0.2692,26079.0,0.2689,2580.0,0.269,1.0
1753504352756,04:32:32.756,ALGO/USDT:USDT,0.2694,1748.0,0.269,36762.0,0.2689,2580.0,0.269,1.0
1753504353754,04:32:33.754,ALGO/USDT:USDT,0.2694,6.0,0.2693,1025.0,0.2689,2580.0,0.269,1.0
1753504354309,04:32:34.309,ALGO/USDT:USDT,0.2694,198.0,0.2693,5213.0,0.2689,2580.0,0.269,1.0
1753504354759,04:32:34.759,ALGO/USDT:USDT,0.2694,198.0,0.2693,5213.0,0.2689,2580.0,0.269,1.0
1753504355310,04:32:35.310,ALGO/USDT:USDT,0.2694,3.0,0.2693,192.0,0.2689,2580.0,0.269,1.0
1753504356310,04:32:36.310,ALGO/USDT:USDT,0.2694,194.0,0.2693,19021.0,0.2689,2580.0,0.269,1.0
1753504356932,04:32:36.932,ALGO/USDT:USDT,0.2694,2.0,0.2693,2.0,0.2689,2580.0,0.269,1.0
1753504357442,04:32:37.442,ALGO/USDT:USDT,0.2694,2.0,0.2693,2020.0,0.2689,2580.0,0.269,1.0
1753504358260,04:32:38.260,ALGO/USDT:USDT,0.2694,1853.0,0.269,10031.0,0.2689,2580.0,0.269,1.0
1753504358762,04:32:38.762,ALGO/USDT:USDT,0.2694,2.0,0.2693,1138.0,0.2689,2580.0,0.269,1.0
1753504359314,04:32:39.314,ALGO/USDT:USDT,0.2694,1136.0,0.2693,1.0,0.2689,2580.0,0.269,1.0
