timestamp,time,symbol,bid1_price,bid1_volume,bid2_price,bid2_volume,ask1_price,ask1_volume,ask2_price,ask2_volume
1753504007061,04:26:47.061,ADA/USDT:USDT,0.824,37127.0,0.8239,96751.0,0.8241,30284.0,0.8242,45311.0
1753504007247,04:26:47.247,ADA/USDT:USDT,0.824,37236.0,0.8239,96751.0,0.8241,30284.0,0.8242,45311.0
1753504007391,04:26:47.391,ADA/USDT:USDT,0.824,37236.0,0.8239,96751.0,0.8241,30284.0,0.8242,45311.0
1753504007507,04:26:47.507,ADA/USDT:USDT,0.824,37236.0,0.8239,96751.0,0.8241,30284.0,0.8242,45311.0
1753504007642,04:26:47.642,ADA/USDT:USDT,0.824,40797.0,0.8239,96751.0,0.8241,30284.0,0.8242,45336.0
1753504007744,04:26:47.744,ADA/USDT:USDT,0.824,40797.0,0.8239,96751.0,0.8241,30284.0,0.8242,45311.0
1753504007864,04:26:47.864,ADA/USDT:USDT,0.824,40797.0,0.8239,96751.0,0.8241,30284.0,0.8242,45311.0
1753504007979,04:26:47.979,ADA/USDT:USDT,0.824,47268.0,0.8239,96751.0,0.8241,30284.0,0.8242,44102.0
1753504008087,04:26:48.087,ADA/USDT:USDT,0.824,47293.0,0.8239,96751.0,0.8241,30284.0,0.8242,44111.0
1753504008236,04:26:48.236,ADA/USDT:USDT,0.824,47268.0,0.8239,96776.0,0.8241,32110.0,0.8242,44111.0
1753504008345,04:26:48.345,ADA/USDT:USDT,0.824,37243.0,0.8239,96751.0,0.8241,32110.0,0.8242,45311.0
1753504008474,04:26:48.474,ADA/USDT:USDT,0.824,37243.0,0.8239,96751.0,0.8241,32097.0,0.8242,45336.0
1753504008578,04:26:48.578,ADA/USDT:USDT,0.824,41048.0,0.8239,96751.0,0.8241,32097.0,0.8242,45906.0
1753504008737,04:26:48.737,ADA/USDT:USDT,0.824,55889.0,0.8239,99309.0,0.8241,14747.0,0.8242,43422.0
1753504008840,04:26:48.840,ADA/USDT:USDT,0.824,55914.0,0.8239,99309.0,0.8241,20885.0,0.8242,43422.0
1753504008946,04:26:48.946,ADA/USDT:USDT,0.824,55914.0,0.8239,99309.0,0.8241,20885.0,0.8242,43431.0
1753504009196,04:26:49.196,ADA/USDT:USDT,0.824,45613.0,0.8239,99309.0,0.8241,35906.0,0.8242,43456.0
1753504009303,04:26:49.303,ADA/USDT:USDT,0.824,42113.0,0.8239,99309.0,0.8241,32097.0,0.8242,43456.0
1753504009494,04:26:49.494,ADA/USDT:USDT,0.824,42113.0,0.8239,99300.0,0.8241,33506.0,0.8242,44656.0
1753504009599,04:26:49.599,ADA/USDT:USDT,0.824,42190.0,0.8239,99309.0,0.8241,29697.0,0.8242,45244.0
1753504009702,04:26:49.702,ADA/USDT:USDT,0.824,42190.0,0.8239,99309.0,0.8241,29697.0,0.8242,44656.0
1753504009805,04:26:49.805,ADA/USDT:USDT,0.824,42190.0,0.8239,99309.0,0.8241,29697.0,0.8242,44656.0
1753504009915,04:26:49.915,ADA/USDT:USDT,0.824,42190.0,0.8239,99551.0,0.8241,29697.0,0.8242,44656.0
1753504010158,04:26:50.158,ADA/USDT:USDT,0.824,42081.0,0.8239,99551.0,0.8241,29697.0,0.8242,44898.0
1753504010322,04:26:50.322,ADA/USDT:USDT,0.824,42081.0,0.8239,96509.0,0.8241,29697.0,0.8242,43661.0
1753504010456,04:26:50.456,ADA/USDT:USDT,0.824,42081.0,0.8239,96509.0,0.8241,29697.0,0.8242,44175.0
1753504010566,04:26:50.566,ADA/USDT:USDT,0.824,42081.0,0.8239,96509.0,0.8241,29709.0,0.8242,44776.0
1753504010731,04:26:50.731,ADA/USDT:USDT,0.824,42081.0,0.8239,96509.0,0.8241,29709.0,0.8242,44776.0
1753504010835,04:26:50.835,ADA/USDT:USDT,0.824,42040.0,0.8239,96519.0,0.8241,29689.0,0.8242,44193.0
1753504010943,04:26:50.943,ADA/USDT:USDT,0.824,42040.0,0.8239,96761.0,0.8241,29689.0,0.8242,44193.0
1753504011044,04:26:51.044,ADA/USDT:USDT,0.824,42040.0,0.8239,96761.0,0.8241,29689.0,0.8242,44193.0
1753504011151,04:26:51.151,ADA/USDT:USDT,0.824,42040.0,0.8239,96761.0,0.8241,29689.0,0.8242,44193.0
1753504011291,04:26:51.291,ADA/USDT:USDT,0.824,48511.0,0.8239,96761.0,0.8241,18927.0,0.8242,44168.0
1753504011394,04:26:51.394,ADA/USDT:USDT,0.8241,104586.0,0.824,96728.0,0.8242,17850.0,0.8243,73263.0
1753504011501,04:26:51.501,ADA/USDT:USDT,0.8241,104718.0,0.824,96608.0,0.8242,17890.0,0.8243,69630.0
1753504011609,04:26:51.609,ADA/USDT:USDT,0.8241,104718.0,0.824,96850.0,0.8242,17890.0,0.8243,69630.0
1753504011725,04:26:51.725,ADA/USDT:USDT,0.8241,104725.0,0.824,96850.0,0.8242,17890.0,0.8243,69630.0
1753504011835,04:26:51.835,ADA/USDT:USDT,0.8241,104725.0,0.824,96850.0,0.8242,17781.0,0.8243,69630.0
1753504011936,04:26:51.936,ADA/USDT:USDT,0.8241,104725.0,0.824,97481.0,0.8242,17845.0,0.8243,69116.0
1753504012071,04:26:52.071,ADA/USDT:USDT,0.8241,104725.0,0.824,98451.0,0.8242,17845.0,0.8243,69116.0
1753504012176,04:26:52.176,ADA/USDT:USDT,0.8241,104725.0,0.824,98451.0,0.8242,18160.0,0.8243,69116.0
1753504012288,04:26:52.288,ADA/USDT:USDT,0.8241,98254.0,0.824,97769.0,0.8242,18160.0,0.8243,69116.0
1753504012439,04:26:52.439,ADA/USDT:USDT,0.8241,98229.0,0.824,97760.0,0.8242,26097.0,0.8243,69116.0
1753504012561,04:26:52.561,ADA/USDT:USDT,0.8241,98289.0,0.824,97700.0,0.8242,25844.0,0.8243,69116.0
1753504012687,04:26:52.687,ADA/USDT:USDT,0.8241,34442.0,0.824,62972.0,0.8242,58976.0,0.8243,70244.0
1753504012789,04:26:52.789,ADA/USDT:USDT,0.8241,23061.0,0.824,59245.0,0.8242,58976.0,0.8243,73165.0
1753504012893,04:26:52.893,ADA/USDT:USDT,0.8241,19243.0,0.824,59171.0,0.8242,58989.0,0.8243,73407.0
1753504013002,04:26:53.002,ADA/USDT:USDT,0.8241,19243.0,0.824,59171.0,0.8242,52518.0,0.8243,73921.0
1753504013106,04:26:53.106,ADA/USDT:USDT,0.8241,19243.0,0.824,59171.0,0.8242,53190.0,0.8243,73921.0
1753504013308,04:26:53.308,ADA/USDT:USDT,0.824,46062.0,0.8239,64048.0,0.8241,41678.0,0.8242,65968.0
1753504013409,04:26:53.409,ADA/USDT:USDT,0.824,39677.0,0.8239,67400.0,0.8241,42351.0,0.8242,70241.0
1753504013513,04:26:53.513,ADA/USDT:USDT,0.824,39698.0,0.8239,67400.0,0.8241,42394.0,0.8242,63602.0
1753504013637,04:26:53.637,ADA/USDT:USDT,0.824,39353.0,0.8239,67977.0,0.8241,42394.0,0.8242,64199.0
1753504013739,04:26:53.739,ADA/USDT:USDT,0.824,39353.0,0.8239,67977.0,0.8241,42419.0,0.8242,64199.0
1753504013845,04:26:53.845,ADA/USDT:USDT,0.824,39353.0,0.8239,67977.0,0.8241,42394.0,0.8242,64199.0
1753504013963,04:26:53.963,ADA/USDT:USDT,0.824,39353.0,0.8239,67977.0,0.8241,42394.0,0.8242,64199.0
1753504014104,04:26:54.104,ADA/USDT:USDT,0.824,39353.0,0.8239,67977.0,0.8241,42394.0,0.8242,64199.0
1753504014213,04:26:54.213,ADA/USDT:USDT,0.824,39353.0,0.8239,67977.0,0.8241,42394.0,0.8242,64199.0
1753504014427,04:26:54.427,ADA/USDT:USDT,0.824,45830.0,0.8239,67986.0,0.8241,25417.0,0.8242,63577.0
1753504014534,04:26:54.534,ADA/USDT:USDT,0.824,45855.0,0.8239,67986.0,0.8241,14655.0,0.8242,63577.0
1753504014635,04:26:54.635,ADA/USDT:USDT,0.824,45855.0,0.8239,96755.0,0.8241,9148.0,0.8242,63577.0
1753504014771,04:26:54.771,ADA/USDT:USDT,0.824,45855.0,0.8239,96775.0,0.8241,9141.0,0.8242,63577.0
1753504014904,04:26:54.904,ADA/USDT:USDT,0.824,39384.0,0.8239,96775.0,0.8241,9141.0,0.8242,63577.0
1753504015009,04:26:55.009,ADA/USDT:USDT,0.824,45855.0,0.8239,96775.0,0.8241,9141.0,0.8242,63577.0
1753504015113,04:26:55.113,ADA/USDT:USDT,0.824,45830.0,0.8239,96800.0,0.8241,9125.0,0.8242,63577.0
1753504015219,04:26:55.219,ADA/USDT:USDT,0.824,48476.0,0.8239,102520.0,0.8241,2987.0,0.8242,52380.0
1753504015321,04:26:55.321,ADA/USDT:USDT,0.8241,93794.0,0.824,94588.0,0.8242,37063.0,0.8243,70422.0
1753504015430,04:26:55.430,ADA/USDT:USDT,0.8241,93847.0,0.824,94615.0,0.8242,25802.0,0.8243,70430.0
1753504015542,04:26:55.542,ADA/USDT:USDT,0.8241,93847.0,0.824,94857.0,0.8242,25802.0,0.8243,70430.0
1753504015652,04:26:55.652,ADA/USDT:USDT,0.8241,93847.0,0.824,94857.0,0.8242,25802.0,0.8243,70430.0
1753504015753,04:26:55.753,ADA/USDT:USDT,0.8241,94048.0,0.824,94797.0,0.8242,25802.0,0.8243,69630.0
1753504015857,04:26:55.857,ADA/USDT:USDT,0.8241,94048.0,0.824,98329.0,0.8242,25802.0,0.8243,69630.0
1753504015960,04:26:55.960,ADA/USDT:USDT,0.8241,94048.0,0.824,100844.0,0.8242,26322.0,0.8243,70430.0
1753504016065,04:26:56.065,ADA/USDT:USDT,0.8241,87577.0,0.824,100844.0,0.8242,26322.0,0.8243,70430.0
1753504016181,04:26:56.181,ADA/USDT:USDT,0.8241,94065.0,0.824,100844.0,0.8242,26322.0,0.8243,70430.0
1753504016315,04:26:56.315,ADA/USDT:USDT,0.8241,94065.0,0.824,100844.0,0.8242,26322.0,0.8243,70430.0
1753504016416,04:26:56.416,ADA/USDT:USDT,0.8241,94065.0,0.824,100844.0,0.8242,26322.0,0.8243,70430.0
1753504016646,04:26:56.646,ADA/USDT:USDT,0.8241,94065.0,0.824,100844.0,0.8242,26322.0,0.8243,69630.0
1753504016751,04:26:56.751,ADA/USDT:USDT,0.8241,94065.0,0.824,100844.0,0.8242,26322.0,0.8243,69630.0
1753504016923,04:26:56.923,ADA/USDT:USDT,0.8241,94040.0,0.824,100869.0,0.8242,26322.0,0.8243,69630.0
1753504017032,04:26:57.032,ADA/USDT:USDT,0.8241,94040.0,0.824,100869.0,0.8242,26322.0,0.8243,69630.0
1753504017170,04:26:57.170,ADA/USDT:USDT,0.8241,94065.0,0.824,100869.0,0.8242,26322.0,0.8243,69630.0
1753504017274,04:26:57.274,ADA/USDT:USDT,0.8241,58437.0,0.824,100168.0,0.8242,26322.0,0.8243,70430.0
1753504017401,04:26:57.401,ADA/USDT:USDT,0.8241,58437.0,0.824,100180.0,0.8242,23149.0,0.8243,69637.0
1753504017509,04:26:57.509,ADA/USDT:USDT,0.8241,65023.0,0.824,100180.0,0.8242,23149.0,0.8243,69637.0
1753504017611,04:26:57.611,ADA/USDT:USDT,0.8241,65237.0,0.824,100205.0,0.8242,23149.0,0.8243,69637.0
1753504017720,04:26:57.720,ADA/USDT:USDT,0.8241,65262.0,0.824,102763.0,0.8242,23128.0,0.8243,69637.0
1753504017824,04:26:57.824,ADA/USDT:USDT,0.8241,71137.0,0.824,106236.0,0.8242,8822.0,0.8243,68723.0
1753504017945,04:26:57.945,ADA/USDT:USDT,0.8241,71940.0,0.824,107448.0,0.8242,8843.0,0.8243,68723.0
1753504018053,04:26:58.053,ADA/USDT:USDT,0.8241,71965.0,0.824,109048.0,0.8242,8843.0,0.8243,68723.0
1753504018156,04:26:58.156,ADA/USDT:USDT,0.8241,71965.0,0.824,117596.0,0.8242,8843.0,0.8243,56644.0
1753504018259,04:26:58.259,ADA/USDT:USDT,0.8241,71965.0,0.824,117780.0,0.8242,8853.0,0.8243,56296.0
1753504018363,04:26:58.363,ADA/USDT:USDT,0.8241,71965.0,0.824,117780.0,0.8242,8853.0,0.8243,56296.0
1753504018482,04:26:58.482,ADA/USDT:USDT,0.8242,91254.0,0.8241,76125.0,0.8243,13811.0,0.8244,76621.0
1753504018583,04:26:58.583,ADA/USDT:USDT,0.8242,90762.0,0.8241,86198.0,0.8243,13830.0,0.8244,72797.0
1753504018688,04:26:58.688,ADA/USDT:USDT,0.8242,95753.0,0.8241,86233.0,0.8243,13830.0,0.8244,72797.0
1753504018835,04:26:58.835,ADA/USDT:USDT,0.8242,95666.0,0.8241,86233.0,0.8243,7759.0,0.8244,72449.0
1753504018937,04:26:58.937,ADA/USDT:USDT,0.8242,95666.0,0.8241,86233.0,0.8243,13897.0,0.8244,72797.0
1753504019053,04:26:59.053,ADA/USDT:USDT,0.8242,95666.0,0.8241,86233.0,0.8243,24659.0,0.8244,72797.0
