timestamp,time,symbol,bid1_price,bid1_volume,bid2_price,bid2_volume,ask1_price,ask1_volume,ask2_price,ask2_volume
1753504009041,04:26:49.041,ACH/USDT:USDT,0.02232,4180.0,0.022319,19833.0,0.022325,1231.0,0.022326,14637.0
1753504009090,04:26:49.090,ACH/USDT:USDT,0.02232,4180.0,0.022319,19833.0,0.022325,1231.0,0.022326,14637.0
1753504009194,04:26:49.194,ACH/USDT:USDT,0.02232,4180.0,0.022319,19833.0,0.022325,1231.0,0.022326,14637.0
1753504009302,04:26:49.302,ACH/USDT:USDT,0.02232,4180.0,0.022319,19833.0,0.022325,1231.0,0.022326,14637.0
1753504009628,04:26:49.628,ACH/USDT:USDT,0.02232,4180.0,0.022319,19833.0,0.022325,1231.0,0.022326,14637.0
1753504009806,04:26:49.806,ACH/USDT:USDT,0.02232,4180.0,0.022319,19833.0,0.022325,1231.0,0.022326,14637.0
1753504009960,04:26:49.960,ACH/USDT:USDT,0.02232,4180.0,0.022319,19833.0,0.022325,1231.0,0.022326,14637.0
1753504010358,04:26:50.358,ACH/USDT:USDT,0.022321,4535.0,0.02232,20481.0,0.022325,1231.0,0.022326,561.0
1753504010463,04:26:50.463,ACH/USDT:USDT,0.022321,4535.0,0.02232,20481.0,0.022325,1231.0,0.022326,561.0
1753504010638,04:26:50.638,ACH/USDT:USDT,0.022321,4535.0,0.02232,20481.0,0.022325,1231.0,0.022326,561.0
1753504010741,04:26:50.741,ACH/USDT:USDT,0.022321,4535.0,0.02232,20481.0,0.022325,1231.0,0.022326,561.0
1753504010902,04:26:50.902,ACH/USDT:USDT,0.022321,4535.0,0.02232,20481.0,0.022325,1231.0,0.022326,561.0
1753504011047,04:26:51.047,ACH/USDT:USDT,0.022321,4535.0,0.02232,20481.0,0.022325,1231.0,0.022326,561.0
1753504011231,04:26:51.231,ACH/USDT:USDT,0.022321,4535.0,0.02232,20481.0,0.022325,1231.0,0.022326,561.0
1753504011358,04:26:51.358,ACH/USDT:USDT,0.022321,4535.0,0.02232,20481.0,0.022325,1231.0,0.022326,561.0
1753504011461,04:26:51.461,ACH/USDT:USDT,0.022321,4535.0,0.02232,20481.0,0.022325,1231.0,0.022326,561.0
1753504011601,04:26:51.601,ACH/USDT:USDT,0.022324,1999.0,0.022323,4268.0,0.022325,491.0,0.022326,561.0
1753504011704,04:26:51.704,ACH/USDT:USDT,0.022324,1999.0,0.022323,6761.0,0.022325,491.0,0.022326,561.0
1753504011883,04:26:51.883,ACH/USDT:USDT,0.022324,1999.0,0.022323,6761.0,0.022325,491.0,0.022326,561.0
1753504012003,04:26:52.003,ACH/USDT:USDT,0.022324,13983.0,0.022323,6761.0,0.022325,491.0,0.022326,561.0
1753504012152,04:26:52.152,ACH/USDT:USDT,0.022324,13983.0,0.022323,6761.0,0.022325,491.0,0.022326,561.0
1753504012258,04:26:52.258,ACH/USDT:USDT,0.022324,13983.0,0.022323,6761.0,0.022325,491.0,0.022326,561.0
1753504012438,04:26:52.438,ACH/USDT:USDT,0.022324,13983.0,0.022323,6761.0,0.022325,491.0,0.022326,561.0
1753504012602,04:26:52.602,ACH/USDT:USDT,0.022324,13983.0,0.022323,6761.0,0.022325,491.0,0.022326,561.0
1753504013195,04:26:53.195,ACH/USDT:USDT,0.022324,13983.0,0.022323,6761.0,0.022325,491.0,0.022326,561.0
1753504013302,04:26:53.302,ACH/USDT:USDT,0.022324,11984.0,0.022323,5493.0,0.022325,491.0,0.022326,561.0
1753504013404,04:26:53.404,ACH/USDT:USDT,0.022324,11984.0,0.022323,3000.0,0.022325,491.0,0.022326,561.0
1753504013534,04:26:53.534,ACH/USDT:USDT,0.022324,11984.0,0.022323,3000.0,0.022325,750.0,0.022326,561.0
1753504013802,04:26:53.802,ACH/USDT:USDT,0.022324,11984.0,0.022323,3000.0,0.022325,750.0,0.022326,561.0
1753504013908,04:26:53.908,ACH/USDT:USDT,0.022324,11984.0,0.022323,3000.0,0.022325,750.0,0.022326,561.0
1753504014106,04:26:54.106,ACH/USDT:USDT,0.022323,3000.0,0.022322,13439.0,0.022325,750.0,0.022326,4321.0
1753504014208,04:26:54.208,ACH/USDT:USDT,0.022323,3000.0,0.022322,13439.0,0.022325,750.0,0.022326,4321.0
1753504014402,04:26:54.402,ACH/USDT:USDT,0.022323,3000.0,0.022322,13439.0,0.022325,750.0,0.022326,4321.0
1753504014509,04:26:54.509,ACH/USDT:USDT,0.022323,3000.0,0.022322,13439.0,0.022325,750.0,0.022326,3425.0
1753504014628,04:26:54.628,ACH/USDT:USDT,0.022323,3000.0,0.022322,13439.0,0.022325,750.0,0.022326,3425.0
1753504014760,04:26:54.760,ACH/USDT:USDT,0.022322,13212.0,0.022321,2739.0,0.022325,750.0,0.022326,3425.0
1753504014980,04:26:54.980,ACH/USDT:USDT,0.022322,13212.0,0.022321,2739.0,0.022325,750.0,0.022326,3425.0
1753504015083,04:26:55.083,ACH/USDT:USDT,0.022322,13212.0,0.022321,2739.0,0.022325,750.0,0.022326,3425.0
1753504015602,04:26:55.602,ACH/USDT:USDT,0.022322,13212.0,0.022321,2739.0,0.022325,750.0,0.022326,3425.0
1753504015708,04:26:55.708,ACH/USDT:USDT,0.022322,13212.0,0.022321,2739.0,0.022325,750.0,0.022326,3425.0
1753504015839,04:26:55.839,ACH/USDT:USDT,0.022322,13212.0,0.022321,2739.0,0.022325,750.0,0.022326,3425.0
1753504015944,04:26:55.944,ACH/USDT:USDT,0.022322,13212.0,0.022321,2739.0,0.022325,750.0,0.022326,561.0
1753504016071,04:26:56.071,ACH/USDT:USDT,0.022322,13212.0,0.022321,2739.0,0.022325,750.0,0.022326,561.0
1753504016202,04:26:56.202,ACH/USDT:USDT,0.022322,13212.0,0.022321,2739.0,0.022325,750.0,0.022326,561.0
1753504016365,04:26:56.365,ACH/USDT:USDT,0.022322,13212.0,0.022321,2739.0,0.022325,750.0,0.022326,561.0
1753504016638,04:26:56.638,ACH/USDT:USDT,0.022322,13212.0,0.022321,3635.0,0.022325,750.0,0.022326,561.0
1753504016744,04:26:56.744,ACH/USDT:USDT,0.022322,13212.0,0.022321,3635.0,0.022325,750.0,0.022326,561.0
1753504016861,04:26:56.861,ACH/USDT:USDT,0.022322,13212.0,0.022321,3635.0,0.022325,750.0,0.022326,561.0
1753504017197,04:26:57.197,ACH/USDT:USDT,0.022322,14480.0,0.022321,6128.0,0.022325,750.0,0.022326,561.0
1753504017330,04:26:57.330,ACH/USDT:USDT,0.022322,14480.0,0.022321,6128.0,0.022325,750.0,0.022326,561.0
1753504017442,04:26:57.442,ACH/USDT:USDT,0.022322,14480.0,0.022321,6128.0,0.022325,750.0,0.022326,561.0
1753504017616,04:26:57.616,ACH/USDT:USDT,0.022322,14480.0,0.022321,6128.0,0.022325,750.0,0.022326,561.0
1753504017721,04:26:57.721,ACH/USDT:USDT,0.022325,11192.0,0.022324,6985.0,0.022327,2979.0,0.022328,227.0
1753504017825,04:26:57.825,ACH/USDT:USDT,0.022326,4535.0,0.022325,16178.0,0.022327,2239.0,0.022328,227.0
1753504017926,04:26:57.926,ACH/USDT:USDT,0.022326,4535.0,0.022325,16178.0,0.022327,2239.0,0.022328,227.0
1753504018068,04:26:58.068,ACH/USDT:USDT,0.022326,4535.0,0.022325,16178.0,0.022327,2239.0,0.022328,227.0
1753504018297,04:26:58.297,ACH/USDT:USDT,0.022326,4535.0,0.022325,16178.0,0.022327,2239.0,0.022328,227.0
1753504018497,04:26:58.497,ACH/USDT:USDT,0.022326,4535.0,0.022325,16178.0,0.022327,2239.0,0.022328,227.0
1753504018604,04:26:58.604,ACH/USDT:USDT,0.022326,4535.0,0.022325,16178.0,0.022327,2239.0,0.022328,227.0
1753504018772,04:26:58.772,ACH/USDT:USDT,0.022326,4535.0,0.022325,16178.0,0.022327,2239.0,0.022328,227.0
1753504018897,04:26:58.897,ACH/USDT:USDT,0.022326,15727.0,0.022325,16178.0,0.022327,2239.0,0.022328,227.0
1753504019021,04:26:59.021,ACH/USDT:USDT,0.022326,15727.0,0.022325,4986.0,0.022327,2239.0,0.022328,227.0
1753504019171,04:26:59.171,ACH/USDT:USDT,0.022327,16586.0,0.022326,5431.0,0.022329,931.0,0.02233,8432.0
1753504019276,04:26:59.276,ACH/USDT:USDT,0.022328,17878.0,0.022327,10380.0,0.022329,931.0,0.02233,8432.0
1753504019381,04:26:59.381,ACH/USDT:USDT,0.022328,17878.0,0.022327,10380.0,0.022329,931.0,0.02233,8432.0
1753504019482,04:26:59.482,ACH/USDT:USDT,0.022328,14611.0,0.022327,7887.0,0.022329,931.0,0.02233,8432.0
1753504019586,04:26:59.586,ACH/USDT:USDT,0.022328,13343.0,0.022327,5394.0,0.022329,931.0,0.02233,8432.0
1753504019842,04:26:59.842,ACH/USDT:USDT,0.022328,13343.0,0.022327,7887.0,0.022329,931.0,0.02233,8432.0
1753504019945,04:26:59.945,ACH/USDT:USDT,0.022328,13343.0,0.022327,7887.0,0.022329,931.0,0.02233,8432.0
1753504020115,04:27:00.115,ACH/USDT:USDT,0.022328,13343.0,0.022327,7887.0,0.022329,483.0,0.02233,8432.0
1753504020338,04:27:00.338,ACH/USDT:USDT,0.022328,13343.0,0.022327,5394.0,0.022329,483.0,0.02233,7838.0
1753504020442,04:27:00.442,ACH/USDT:USDT,0.022328,13343.0,0.022326,7838.0,0.022329,483.0,0.02233,7838.0
1753504020548,04:27:00.548,ACH/USDT:USDT,0.022328,12979.0,0.022327,2668.0,0.022329,483.0,0.02233,7838.0
1753504020680,04:27:00.680,ACH/USDT:USDT,0.022328,12979.0,0.022327,2668.0,0.022329,483.0,0.02233,7838.0
1753504020791,04:27:00.791,ACH/USDT:USDT,0.022328,12979.0,0.022327,2668.0,0.022329,483.0,0.02233,7838.0
1753504020967,04:27:00.967,ACH/USDT:USDT,0.022328,12979.0,0.022327,2668.0,0.022329,483.0,0.02233,7838.0
1753504021073,04:27:01.073,ACH/USDT:USDT,0.022328,12979.0,0.022326,7838.0,0.022329,483.0,0.02233,7838.0
1753504021329,04:27:01.329,ACH/USDT:USDT,0.022328,12980.0,0.022326,6942.0,0.022329,483.0,0.02233,7838.0
1753504021502,04:27:01.502,ACH/USDT:USDT,0.022328,12980.0,0.022326,6942.0,0.022329,483.0,0.02233,7838.0
1753504021608,04:27:01.608,ACH/USDT:USDT,0.022328,12980.0,0.022326,6942.0,0.022329,483.0,0.02233,7838.0
1753504021722,04:27:01.722,ACH/USDT:USDT,0.022328,12980.0,0.022326,6942.0,0.022329,483.0,0.02233,7838.0
1753504021933,04:27:01.933,ACH/USDT:USDT,0.022328,12980.0,0.022326,6942.0,0.022329,483.0,0.02233,7838.0
1753504022038,04:27:02.038,ACH/USDT:USDT,0.022328,12980.0,0.022326,6942.0,0.022329,483.0,0.02233,7838.0
1753504022407,04:27:02.407,ACH/USDT:USDT,0.022328,12980.0,0.022326,6942.0,0.022329,483.0,0.02233,7838.0
1753504022604,04:27:02.604,ACH/USDT:USDT,0.022328,12980.0,0.022326,6942.0,0.022329,483.0,0.02233,7838.0
1753504022730,04:27:02.730,ACH/USDT:USDT,0.022328,12980.0,0.022326,6942.0,0.022329,483.0,0.02233,7838.0
1753504022979,04:27:02.979,ACH/USDT:USDT,0.022328,12980.0,0.022326,6942.0,0.022329,483.0,0.02233,7838.0
1753504023202,04:27:03.202,ACH/USDT:USDT,0.022328,12980.0,0.022326,6942.0,0.022329,483.0,0.02233,7838.0
1753504023353,04:27:03.353,ACH/USDT:USDT,0.022328,12974.0,0.022326,6942.0,0.022329,483.0,0.02233,7838.0
1753504023802,04:27:03.802,ACH/USDT:USDT,0.022328,12974.0,0.022326,6942.0,0.022329,483.0,0.02233,7838.0
1753504024115,04:27:04.115,ACH/USDT:USDT,0.022328,12974.0,0.022326,6942.0,0.022329,10666.0,0.02233,7390.0
1753504024360,04:27:04.360,ACH/USDT:USDT,0.022328,12974.0,0.022326,6942.0,0.022329,10666.0,0.02233,7390.0
1753504024462,04:27:04.462,ACH/USDT:USDT,0.022328,12974.0,0.022326,6942.0,0.022329,10666.0,0.02233,7390.0
1753504024749,04:27:04.749,ACH/USDT:USDT,0.022328,12974.0,0.022326,6942.0,0.022329,10666.0,0.02233,7390.0
1753504024851,04:27:04.851,ACH/USDT:USDT,0.022328,13225.0,0.022326,6942.0,0.022329,10666.0,0.02233,7390.0
1753504024954,04:27:04.954,ACH/USDT:USDT,0.022328,13225.0,0.022326,6942.0,0.022329,10666.0,0.02233,7390.0
1753504025102,04:27:05.102,ACH/USDT:USDT,0.022328,13225.0,0.022326,6942.0,0.022329,10666.0,0.02233,7390.0
1753504025502,04:27:05.502,ACH/USDT:USDT,0.022328,13225.0,0.022326,6942.0,0.022329,10666.0,0.02233,7390.0
1753504025889,04:27:05.889,ACH/USDT:USDT,0.022328,13225.0,0.022326,6942.0,0.022329,10666.0,0.02233,7390.0
1753504025994,04:27:05.994,ACH/USDT:USDT,0.022328,13225.0,0.022326,6942.0,0.022329,10666.0,0.02233,7390.0
1753504026097,04:27:06.097,ACH/USDT:USDT,0.022328,13225.0,0.022326,6942.0,0.022329,10666.0,0.02233,7390.0
1753504026202,04:27:06.202,ACH/USDT:USDT,0.022328,13225.0,0.022326,6942.0,0.022329,10666.0,0.02233,7390.0
1753504026373,04:27:06.373,ACH/USDT:USDT,0.022328,13225.0,0.022327,2668.0,0.022329,10666.0,0.02233,7390.0
1753504026478,04:27:06.478,ACH/USDT:USDT,0.022328,13225.0,0.022327,2668.0,0.022329,15134.0,0.02233,7390.0
1753504026596,04:27:06.596,ACH/USDT:USDT,0.022328,13225.0,0.022327,2668.0,0.022329,15134.0,0.02233,7390.0
1753504026740,04:27:06.740,ACH/USDT:USDT,0.022328,13225.0,0.022327,2668.0,0.022329,15134.0,0.02233,7390.0
1753504026978,04:27:06.978,ACH/USDT:USDT,0.022328,13225.0,0.022327,2668.0,0.022329,15134.0,0.02233,7390.0
1753504027202,04:27:07.202,ACH/USDT:USDT,0.022328,13225.0,0.022327,2668.0,0.022329,15134.0,0.02233,7390.0
1753504027306,04:27:07.306,ACH/USDT:USDT,0.022328,13225.0,0.022327,2668.0,0.022329,15134.0,0.02233,7390.0
1753504027618,04:27:07.618,ACH/USDT:USDT,0.022328,13225.0,0.022327,2668.0,0.022329,15134.0,0.02233,7390.0
1753504027802,04:27:07.802,ACH/USDT:USDT,0.022328,13225.0,0.022327,2668.0,0.022329,15134.0,0.02233,7390.0
1753504027911,04:27:07.911,ACH/USDT:USDT,0.022328,13225.0,0.022327,2668.0,0.022329,15134.0,0.02233,7390.0
1753504028110,04:27:08.110,ACH/USDT:USDT,0.022328,13225.0,0.022327,2668.0,0.022329,15134.0,0.02233,7390.0
1753504028221,04:27:08.221,ACH/USDT:USDT,0.022328,13225.0,0.022327,2668.0,0.022329,15134.0,0.02233,7390.0
1753504028402,04:27:08.402,ACH/USDT:USDT,0.022328,13225.0,0.022327,2668.0,0.022329,15134.0,0.02233,7390.0
1753504028712,04:27:08.712,ACH/USDT:USDT,0.022328,13225.0,0.022327,2668.0,0.022329,15134.0,0.02233,7390.0
1753504028963,04:27:08.963,ACH/USDT:USDT,0.022328,13225.0,0.022327,2668.0,0.022329,15134.0,0.02233,7390.0
1753504029065,04:27:09.065,ACH/USDT:USDT,0.022328,13225.0,0.022327,2668.0,0.022329,15134.0,0.02233,7390.0
1753504029248,04:27:09.248,ACH/USDT:USDT,0.022328,13225.0,0.022327,2668.0,0.022329,15134.0,0.02233,7390.0
1753504029448,04:27:09.448,ACH/USDT:USDT,0.022328,13225.0,0.022327,2668.0,0.022329,15134.0,0.02233,7390.0
1753504029602,04:27:09.602,ACH/USDT:USDT,0.022328,13225.0,0.022327,2668.0,0.022329,15134.0,0.02233,7390.0
1753504030177,04:27:10.177,ACH/USDT:USDT,0.022328,13225.0,0.022327,2668.0,0.022329,15134.0,0.02233,7390.0
1753504030301,04:27:10.301,ACH/USDT:USDT,0.022328,13225.0,0.022327,2668.0,0.022329,15134.0,0.02233,7390.0
1753504030407,04:27:10.407,ACH/USDT:USDT,0.022328,2397.0,0.022326,6584.0,0.022329,15134.0,0.02233,7390.0
1753504030509,04:27:10.509,ACH/USDT:USDT,0.022328,2397.0,0.022326,6584.0,0.022329,15134.0,0.02233,7390.0
1753504030702,04:27:10.702,ACH/USDT:USDT,0.022328,2397.0,0.022326,3584.0,0.022329,15134.0,0.02233,7390.0
1753504030804,04:27:10.804,ACH/USDT:USDT,0.022328,2397.0,0.022326,1585.0,0.022329,15134.0,0.02233,7390.0
1753504030945,04:27:10.945,ACH/USDT:USDT,0.022328,2397.0,0.022326,1585.0,0.022329,15134.0,0.02233,7390.0
1753504031157,04:27:11.157,ACH/USDT:USDT,0.022328,2397.0,0.022326,1585.0,0.022329,15134.0,0.02233,7390.0
1753504031260,04:27:11.260,ACH/USDT:USDT,0.022328,2397.0,0.022326,1585.0,0.022329,15134.0,0.02233,7390.0
1753504031363,04:27:11.363,ACH/USDT:USDT,0.022328,2397.0,0.022326,1585.0,0.022329,15134.0,0.02233,7390.0
1753504031528,04:27:11.528,ACH/USDT:USDT,0.022328,2397.0,0.022326,1585.0,0.022329,15134.0,0.02233,7390.0
1753504031671,04:27:11.671,ACH/USDT:USDT,0.022328,2644.0,0.022327,2668.0,0.022329,15134.0,0.02233,7390.0
1753504031772,04:27:11.772,ACH/USDT:USDT,0.022328,2644.0,0.022327,2668.0,0.022329,15134.0,0.02233,7390.0
1753504031891,04:27:11.891,ACH/USDT:USDT,0.022328,2644.0,0.022327,2668.0,0.022329,15134.0,0.02233,7390.0
1753504032013,04:27:12.013,ACH/USDT:USDT,0.022328,2644.0,0.022327,2668.0,0.022329,15134.0,0.02233,7390.0
1753504032248,04:27:12.248,ACH/USDT:USDT,0.022328,2644.0,0.022327,2668.0,0.022329,15134.0,0.02233,7390.0
1753504032350,04:27:12.350,ACH/USDT:USDT,0.022328,2644.0,0.022327,2668.0,0.022329,15134.0,0.02233,7390.0
1753504032501,04:27:12.501,ACH/USDT:USDT,0.022328,2644.0,0.022327,2668.0,0.022329,15134.0,0.02233,7390.0
1753504032902,04:27:12.902,ACH/USDT:USDT,0.022328,2644.0,0.022327,2668.0,0.022329,15134.0,0.02233,7390.0
1753504033086,04:27:13.086,ACH/USDT:USDT,0.022328,2644.0,0.022327,2668.0,0.022329,15690.0,0.02233,7390.0
1753504033205,04:27:13.205,ACH/USDT:USDT,0.022328,2644.0,0.022327,2668.0,0.022329,15690.0,0.02233,7390.0
1753504033433,04:27:13.433,ACH/USDT:USDT,0.022328,2644.0,0.022326,12601.0,0.022329,15690.0,0.02233,7390.0
1753504033535,04:27:13.535,ACH/USDT:USDT,0.022328,2644.0,0.022326,12601.0,0.022329,15690.0,0.02233,7390.0
1753504033749,04:27:13.749,ACH/USDT:USDT,0.022328,2644.0,0.022326,12601.0,0.022329,16233.0,0.02233,7390.0
1753504033960,04:27:13.960,ACH/USDT:USDT,0.022328,2644.0,0.022326,12601.0,0.022329,16233.0,0.02233,7390.0
1753504034102,04:27:14.102,ACH/USDT:USDT,0.022328,2644.0,0.022326,12601.0,0.022329,16233.0,0.02233,7390.0
1753504034221,04:27:14.221,ACH/USDT:USDT,0.022328,2644.0,0.022326,11691.0,0.022329,16233.0,0.02233,7390.0
1753504034363,04:27:14.363,ACH/USDT:USDT,0.022325,15141.0,0.022324,227.0,0.022329,20953.0,0.02233,15306.0
1753504034468,04:27:14.468,ACH/USDT:USDT,0.022325,15141.0,0.022324,227.0,0.022329,20953.0,0.02233,15306.0
1753504034601,04:27:14.601,ACH/USDT:USDT,0.022325,15141.0,0.022324,227.0,0.022329,20953.0,0.02233,15306.0
1753504034978,04:27:14.978,ACH/USDT:USDT,0.022325,15141.0,0.022324,227.0,0.022329,20953.0,0.02233,15306.0
1753504035102,04:27:15.102,ACH/USDT:USDT,0.022325,15141.0,0.022324,227.0,0.022329,20953.0,0.02233,15306.0
1753504035342,04:27:15.342,ACH/USDT:USDT,0.022325,15141.0,0.022324,227.0,0.022329,20953.0,0.02233,15306.0
1753504035534,04:27:15.534,ACH/USDT:USDT,0.022325,15141.0,0.022324,227.0,0.022329,20953.0,0.02233,15306.0
1753504035637,04:27:15.637,ACH/USDT:USDT,0.022325,15141.0,0.022324,227.0,0.022329,20953.0,0.02233,15306.0
1753504035833,04:27:15.833,ACH/USDT:USDT,0.022325,15141.0,0.022324,227.0,0.022329,20953.0,0.02233,15306.0
1753504035988,04:27:15.988,ACH/USDT:USDT,0.022325,15141.0,0.022324,227.0,0.022329,20953.0,0.02233,15306.0
1753504036190,04:27:16.190,ACH/USDT:USDT,0.022325,15141.0,0.022324,227.0,0.022329,25093.0,0.02233,15306.0
1753504036447,04:27:16.447,ACH/USDT:USDT,0.022325,15141.0,0.022324,227.0,0.022329,25093.0,0.02233,17545.0
1753504036702,04:27:16.702,ACH/USDT:USDT,0.022325,1040.0,0.022324,227.0,0.022329,25093.0,0.02233,17545.0
1753504036818,04:27:16.818,ACH/USDT:USDT,0.022325,1040.0,0.022324,227.0,0.022329,25093.0,0.02233,17545.0
1753504036974,04:27:16.974,ACH/USDT:USDT,0.022325,1040.0,0.022324,227.0,0.022329,25093.0,0.02233,17545.0
1753504037297,04:27:17.297,ACH/USDT:USDT,0.022325,1040.0,0.022324,227.0,0.022329,25093.0,0.02233,17545.0
1753504037628,04:27:17.628,ACH/USDT:USDT,0.022325,1040.0,0.022324,227.0,0.022329,25093.0,0.02233,17545.0
1753504037802,04:27:17.802,ACH/USDT:USDT,0.022325,1040.0,0.022324,227.0,0.022329,25093.0,0.02233,17545.0
1753504038206,04:27:18.206,ACH/USDT:USDT,0.022325,1040.0,0.022324,2895.0,0.022329,20373.0,0.02233,12493.0
1753504038421,04:27:18.421,ACH/USDT:USDT,0.022325,1040.0,0.022324,227.0,0.022329,20373.0,0.02233,17937.0
1753504038526,04:27:18.526,ACH/USDT:USDT,0.022325,12177.0,0.022324,227.0,0.022327,4735.0,0.022329,15797.0
1753504038628,04:27:18.628,ACH/USDT:USDT,0.022326,18034.0,0.022325,12177.0,0.022327,4735.0,0.022329,5614.0
1753504038749,04:27:18.749,ACH/USDT:USDT,0.022326,18034.0,0.022325,12177.0,0.022327,4735.0,0.022329,5614.0
1753504038877,04:27:18.877,ACH/USDT:USDT,0.022326,18034.0,0.022325,1040.0,0.022327,4735.0,0.022328,2864.0
1753504038978,04:27:18.978,ACH/USDT:USDT,0.022326,18034.0,0.022325,1040.0,0.022327,4735.0,0.022328,2864.0
1753504039333,04:27:19.333,ACH/USDT:USDT,0.022325,16160.0,0.022324,227.0,0.022327,4735.0,0.022328,2864.0
1753504039436,04:27:19.436,ACH/USDT:USDT,0.022325,16160.0,0.022324,227.0,0.022327,4735.0,0.022328,7412.0
1753504039560,04:27:19.560,ACH/USDT:USDT,0.022325,16160.0,0.022324,227.0,0.022327,4735.0,0.022328,7412.0
1753504039678,04:27:19.678,ACH/USDT:USDT,0.022325,16160.0,0.022324,227.0,0.022327,4735.0,0.022328,7412.0
1753504039832,04:27:19.832,ACH/USDT:USDT,0.022325,16160.0,0.022324,227.0,0.022327,4735.0,0.022328,7412.0
1753504040002,04:27:20.002,ACH/USDT:USDT,0.022325,16160.0,0.022324,227.0,0.022327,4735.0,0.022328,8308.0
1753504040330,04:27:20.330,ACH/USDT:USDT,0.022325,16423.0,0.022324,227.0,0.022327,4735.0,0.022329,6354.0
1753504040470,04:27:20.470,ACH/USDT:USDT,0.022325,16423.0,0.022324,227.0,0.022327,4735.0,0.022329,6354.0
1753504040579,04:27:20.579,ACH/USDT:USDT,0.022325,16423.0,0.022324,227.0,0.022327,4735.0,0.022329,9218.0
1753504040685,04:27:20.685,ACH/USDT:USDT,0.022325,16423.0,0.022324,227.0,0.022327,7095.0,0.022328,4264.0
1753504040788,04:27:20.788,ACH/USDT:USDT,0.022325,16423.0,0.022324,227.0,0.022327,7095.0,0.022328,4264.0
1753504040955,04:27:20.955,ACH/USDT:USDT,0.022325,16423.0,0.022324,227.0,0.022327,7095.0,0.022328,4264.0
1753504041086,04:27:21.086,ACH/USDT:USDT,0.022325,16423.0,0.022324,227.0,0.022327,7095.0,0.022328,4264.0
1753504041187,04:27:21.187,ACH/USDT:USDT,0.022325,16423.0,0.022324,227.0,0.022327,7095.0,0.022328,4264.0
1753504041486,04:27:21.486,ACH/USDT:USDT,0.022325,16423.0,0.022324,227.0,0.022327,7095.0,0.022328,4264.0
1753504041618,04:27:21.618,ACH/USDT:USDT,0.022325,16423.0,0.022324,227.0,0.022327,7095.0,0.022328,4264.0
1753504041728,04:27:21.728,ACH/USDT:USDT,0.022325,16423.0,0.022324,227.0,0.022327,7095.0,0.022328,4264.0
1753504041891,04:27:21.891,ACH/USDT:USDT,0.022325,16423.0,0.022324,227.0,0.022327,7095.0,0.022328,4264.0
1753504042180,04:27:22.180,ACH/USDT:USDT,0.022325,16423.0,0.022324,227.0,0.022327,7095.0,0.022328,4264.0
1753504042302,04:27:22.302,ACH/USDT:USDT,0.022325,16423.0,0.022324,227.0,0.022327,7095.0,0.022328,4264.0
1753504042418,04:27:22.418,ACH/USDT:USDT,0.022325,16423.0,0.022324,227.0,0.022327,7095.0,0.022328,4264.0
1753504042553,04:27:22.553,ACH/USDT:USDT,0.022325,16423.0,0.022324,227.0,0.022327,7095.0,0.022328,4264.0
1753504042668,04:27:22.668,ACH/USDT:USDT,0.022325,16423.0,0.022324,227.0,0.022327,7095.0,0.022328,4264.0
1753504042843,04:27:22.843,ACH/USDT:USDT,0.022325,16423.0,0.022324,227.0,0.022327,8156.0,0.022328,4264.0
1753504042949,04:27:22.949,ACH/USDT:USDT,0.022325,16423.0,0.022324,227.0,0.022327,8156.0,0.022328,4264.0
1753504043208,04:27:23.208,ACH/USDT:USDT,0.022325,16423.0,0.022324,227.0,0.022327,8156.0,0.022328,4264.0
1753504043310,04:27:23.310,ACH/USDT:USDT,0.022325,16423.0,0.022324,227.0,0.022327,8156.0,0.022328,4264.0
1753504043454,04:27:23.454,ACH/USDT:USDT,0.022325,16423.0,0.022324,227.0,0.022327,8156.0,0.022328,3368.0
1753504043560,04:27:23.560,ACH/USDT:USDT,0.022325,16423.0,0.022324,227.0,0.022327,8156.0,0.022328,3368.0
1753504044002,04:27:24.002,ACH/USDT:USDT,0.022325,16423.0,0.022324,227.0,0.022327,8156.0,0.022328,3368.0
1753504044108,04:27:24.108,ACH/USDT:USDT,0.022325,16423.0,0.022324,227.0,0.022327,8156.0,0.022328,3368.0
1753504044602,04:27:24.602,ACH/USDT:USDT,0.022325,16423.0,0.022324,227.0,0.022327,8156.0,0.022328,3368.0
1753504044706,04:27:24.706,ACH/USDT:USDT,0.022325,16423.0,0.022324,227.0,0.022327,8156.0,0.022328,4264.0
1753504044871,04:27:24.871,ACH/USDT:USDT,0.022325,16423.0,0.022324,227.0,0.022327,8156.0,0.022328,4264.0
1753504045202,04:27:25.202,ACH/USDT:USDT,0.022325,16423.0,0.022324,227.0,0.022327,8156.0,0.022328,4264.0
1753504045307,04:27:25.307,ACH/USDT:USDT,0.022325,232689.0,0.022324,227.0,0.022327,8156.0,0.022328,3368.0
1753504045411,04:27:25.411,ACH/USDT:USDT,0.022326,13449.0,0.022325,233585.0,0.022327,5796.0,0.022329,6354.0
1753504045517,04:27:25.517,ACH/USDT:USDT,0.022326,13449.0,0.022325,233585.0,0.022327,5797.0,0.022329,6354.0
1753504045715,04:27:25.715,ACH/USDT:USDT,0.022326,13449.0,0.022325,233585.0,0.022327,5797.0,0.022329,6354.0
1753504045832,04:27:25.832,ACH/USDT:USDT,0.022326,13449.0,0.022325,233585.0,0.022327,5797.0,0.022329,6354.0
1753504046000,04:27:26.000,ACH/USDT:USDT,0.022325,232689.0,0.022324,227.0,0.022327,5797.0,0.022329,9218.0
1753504046114,04:27:26.114,ACH/USDT:USDT,0.022325,232689.0,0.022324,227.0,0.022327,8157.0,0.022328,4548.0
1753504046218,04:27:26.218,ACH/USDT:USDT,0.022325,217569.0,0.022324,227.0,0.022327,10517.0,0.022328,7916.0
1753504046328,04:27:26.328,ACH/USDT:USDT,0.022325,217569.0,0.022324,227.0,0.022327,10517.0,0.022328,7916.0
1753504046445,04:27:26.445,ACH/USDT:USDT,0.022325,217568.0,0.022324,227.0,0.022327,10517.0,0.022328,7916.0
1753504046608,04:27:26.608,ACH/USDT:USDT,0.022325,217568.0,0.022324,227.0,0.022327,10517.0,0.022328,7916.0
1753504046746,04:27:26.746,ACH/USDT:USDT,0.022325,217568.0,0.022324,227.0,0.022327,11413.0,0.022328,8812.0
1753504046902,04:27:26.902,ACH/USDT:USDT,0.022325,217568.0,0.022324,227.0,0.022327,11413.0,0.022328,8812.0
1753504047196,04:27:27.196,ACH/USDT:USDT,0.022325,217568.0,0.022324,227.0,0.022327,11413.0,0.022328,8812.0
1753504047299,04:27:27.299,ACH/USDT:USDT,0.022325,217568.0,0.022324,227.0,0.022327,11413.0,0.022328,8812.0
1753504047502,04:27:27.502,ACH/USDT:USDT,0.022325,217568.0,0.022324,227.0,0.022327,11413.0,0.022328,8812.0
1753504047628,04:27:27.628,ACH/USDT:USDT,0.022325,217568.0,0.022324,227.0,0.022327,11413.0,0.022328,8812.0
1753504047968,04:27:27.968,ACH/USDT:USDT,0.022325,217568.0,0.022324,227.0,0.022327,11413.0,0.022328,8812.0
1753504048102,04:27:28.102,ACH/USDT:USDT,0.022325,217568.0,0.022324,227.0,0.022327,9053.0,0.022328,4264.0
1753504048360,04:27:28.360,ACH/USDT:USDT,0.022325,217568.0,0.022324,227.0,0.022327,9053.0,0.022328,4264.0
1753504048481,04:27:28.481,ACH/USDT:USDT,0.022325,217566.0,0.022324,227.0,0.022327,11413.0,0.022328,8812.0
1753504048618,04:27:28.618,ACH/USDT:USDT,0.022325,217566.0,0.022324,227.0,0.022327,11413.0,0.022328,8812.0
1753504048719,04:27:28.719,ACH/USDT:USDT,0.022325,217566.0,0.022324,227.0,0.022327,9053.0,0.022328,4264.0
1753504048978,04:27:28.978,ACH/USDT:USDT,0.022325,217566.0,0.022324,227.0,0.022327,9053.0,0.022328,4264.0
1753504049202,04:27:29.202,ACH/USDT:USDT,0.022325,217566.0,0.022324,227.0,0.022327,9053.0,0.022328,4264.0
1753504049318,04:27:29.318,ACH/USDT:USDT,0.022325,217566.0,0.022324,227.0,0.022327,9053.0,0.022328,4264.0
1753504049512,04:27:29.512,ACH/USDT:USDT,0.022325,217566.0,0.022324,227.0,0.022327,9053.0,0.022328,4264.0
1753504049802,04:27:29.802,ACH/USDT:USDT,0.022325,217566.0,0.022324,227.0,0.022327,9053.0,0.022328,4264.0
1753504050117,04:27:30.117,ACH/USDT:USDT,0.022325,217566.0,0.022324,227.0,0.022327,9053.0,0.022328,4264.0
1753504050318,04:27:30.318,ACH/USDT:USDT,0.022325,217566.0,0.022324,227.0,0.022327,9053.0,0.022328,4264.0
1753504050422,04:27:30.422,ACH/USDT:USDT,0.022325,217566.0,0.022324,227.0,0.022327,9053.0,0.022328,4264.0
1753504050902,04:27:30.902,ACH/USDT:USDT,0.022325,217566.0,0.022324,227.0,0.022327,9053.0,0.022328,4264.0
1753504051502,04:27:31.502,ACH/USDT:USDT,0.022325,217566.0,0.022324,227.0,0.022327,5797.0,0.022329,25590.0
1753504051618,04:27:31.618,ACH/USDT:USDT,0.022325,217566.0,0.022324,227.0,0.022327,5797.0,0.022329,25590.0
1753504052041,04:27:32.041,ACH/USDT:USDT,0.022325,217566.0,0.022324,227.0,0.022327,5797.0,0.022329,25590.0
1753504052185,04:27:32.185,ACH/USDT:USDT,0.022325,217566.0,0.022324,227.0,0.022327,5797.0,0.022329,25590.0
1753504052355,04:27:32.355,ACH/USDT:USDT,0.022325,217566.0,0.022324,227.0,0.022327,5797.0,0.022329,25590.0
1753504052551,04:27:32.551,ACH/USDT:USDT,0.022325,217566.0,0.022324,227.0,0.022326,4024.0,0.022327,3925.0
1753504052654,04:27:32.654,ACH/USDT:USDT,0.022325,217566.0,0.022324,227.0,0.022326,4024.0,0.022327,3925.0
1753504053118,04:27:33.118,ACH/USDT:USDT,0.022325,217566.0,0.022324,227.0,0.022326,4024.0,0.022327,3925.0
1753504053438,04:27:33.438,ACH/USDT:USDT,0.022325,217566.0,0.022324,227.0,0.022326,4024.0,0.022327,3925.0
1753504053547,04:27:33.547,ACH/USDT:USDT,0.022325,217566.0,0.022324,227.0,0.022326,4548.0,0.022327,3925.0
1753504053671,04:27:33.671,ACH/USDT:USDT,0.022325,217566.0,0.022324,227.0,0.022326,4548.0,0.022327,3925.0
1753504053886,04:27:33.886,ACH/USDT:USDT,0.022325,217566.0,0.022324,227.0,0.022326,9053.0,0.022327,3925.0
1753504054038,04:27:34.038,ACH/USDT:USDT,0.022325,217566.0,0.022324,227.0,0.022326,9053.0,0.022327,3925.0
1753504054151,04:27:34.151,ACH/USDT:USDT,0.022325,217566.0,0.022324,227.0,0.022326,9053.0,0.022327,3925.0
1753504054253,04:27:34.253,ACH/USDT:USDT,0.022325,217566.0,0.022324,227.0,0.022326,9053.0,0.022327,3925.0
1753504054403,04:27:34.403,ACH/USDT:USDT,0.022325,1040.0,0.022324,227.0,0.022326,9053.0,0.022327,4821.0
1753504054505,04:27:34.505,ACH/USDT:USDT,0.022325,217565.0,0.022324,227.0,0.022326,9053.0,0.022327,8284.0
1753504054609,04:27:34.609,ACH/USDT:USDT,0.022325,218391.0,0.022324,227.0,0.022326,9053.0,0.022327,3925.0
1753504054759,04:27:34.759,ACH/USDT:USDT,0.022325,218391.0,0.022324,227.0,0.022326,9053.0,0.022327,1061.0
1753504054862,04:27:34.862,ACH/USDT:USDT,0.022325,218391.0,0.022324,227.0,0.022326,9053.0,0.022327,1061.0
1753504055059,04:27:35.059,ACH/USDT:USDT,0.022325,217565.0,0.022324,227.0,0.022326,9053.0,0.022327,1061.0
1753504055210,04:27:35.210,ACH/USDT:USDT,0.022325,217565.0,0.022324,227.0,0.022326,9812.0,0.022327,1061.0
1753504055313,04:27:35.313,ACH/USDT:USDT,0.022325,217565.0,0.022324,227.0,0.022326,9812.0,0.022327,1061.0
1753504055547,04:27:35.547,ACH/USDT:USDT,0.022325,217565.0,0.022324,227.0,0.022326,9812.0,0.022327,1061.0
1753504055655,04:27:35.655,ACH/USDT:USDT,0.022325,217565.0,0.022324,227.0,0.022326,9812.0,0.022327,1957.0
1753504055847,04:27:35.847,ACH/USDT:USDT,0.022325,217565.0,0.022324,227.0,0.022326,9812.0,0.022327,1957.0
1753504056002,04:27:36.002,ACH/USDT:USDT,0.022325,217565.0,0.022324,227.0,0.022326,9812.0,0.022327,1957.0
1753504056105,04:27:36.105,ACH/USDT:USDT,0.022325,217565.0,0.022324,227.0,0.022326,9812.0,0.022327,1957.0
1753504056302,04:27:36.302,ACH/USDT:USDT,0.022325,217565.0,0.022324,227.0,0.022326,9812.0,0.022327,1957.0
1753504056473,04:27:36.473,ACH/USDT:USDT,0.022325,217565.0,0.022324,227.0,0.022326,9812.0,0.022327,1957.0
1753504056710,04:27:36.710,ACH/USDT:USDT,0.022325,217565.0,0.022324,227.0,0.022326,9812.0,0.022327,1957.0
1753504056860,04:27:36.860,ACH/USDT:USDT,0.022325,217565.0,0.022324,227.0,0.022326,9812.0,0.022327,1957.0
1753504056981,04:27:36.981,ACH/USDT:USDT,0.022325,217565.0,0.022324,227.0,0.022326,9812.0,0.022327,1957.0
1753504057101,04:27:37.101,ACH/USDT:USDT,0.022325,215642.0,0.022324,227.0,0.022326,10913.0,0.022327,1957.0
1753504057302,04:27:37.302,ACH/USDT:USDT,0.022325,215642.0,0.022324,227.0,0.022326,10913.0,0.022327,1957.0
1753504057542,04:27:37.542,ACH/USDT:USDT,0.022324,213876.0,0.022323,821.0,0.022326,10913.0,0.022327,1957.0
1753504057644,04:27:37.644,ACH/USDT:USDT,0.022324,213876.0,0.022323,821.0,0.022326,10913.0,0.022327,1061.0
1753504057902,04:27:37.902,ACH/USDT:USDT,0.022324,213876.0,0.022323,821.0,0.022326,10913.0,0.022327,1061.0
1753504058008,04:27:38.008,ACH/USDT:USDT,0.022324,213876.0,0.022323,821.0,0.022326,10913.0,0.022327,1061.0
1753504058202,04:27:38.202,ACH/USDT:USDT,0.022324,213876.0,0.022323,821.0,0.022326,10913.0,0.022327,1061.0
1753504058502,04:27:38.502,ACH/USDT:USDT,0.022324,213876.0,0.022323,821.0,0.022326,10913.0,0.022327,1061.0
1753504058605,04:27:38.605,ACH/USDT:USDT,0.022324,213876.0,0.022323,821.0,0.022326,10913.0,0.022327,1061.0
1753504058848,04:27:38.848,ACH/USDT:USDT,0.022324,213876.0,0.022323,821.0,0.022326,10913.0,0.022327,1061.0
1753504059102,04:27:39.102,ACH/USDT:USDT,0.022324,213876.0,0.022323,821.0,0.022326,10913.0,0.022327,1061.0
1753504059207,04:27:39.207,ACH/USDT:USDT,0.022324,213876.0,0.022323,821.0,0.022326,10913.0,0.022327,1957.0
1753504059321,04:27:39.321,ACH/USDT:USDT,0.022324,213876.0,0.022323,821.0,0.022326,10913.0,0.022327,1957.0
1753504059436,04:27:39.436,ACH/USDT:USDT,0.022324,213876.0,0.022323,821.0,0.022326,9812.0,0.022327,1957.0
1753504059558,04:27:39.558,ACH/USDT:USDT,0.022324,213876.0,0.022323,821.0,0.022326,10913.0,0.022327,1957.0
1753504059802,04:27:39.802,ACH/USDT:USDT,0.022324,213876.0,0.022323,821.0,0.022326,10913.0,0.022327,1957.0
1753504059984,04:27:39.984,ACH/USDT:USDT,0.022325,19401.0,0.022324,213876.0,0.022326,10913.0,0.022327,1061.0
1753504060202,04:27:40.202,ACH/USDT:USDT,0.022325,19401.0,0.022324,213876.0,0.022326,13218.0,0.022327,4484.0
1753504060341,04:27:40.341,ACH/USDT:USDT,0.022325,19401.0,0.022324,213876.0,0.022326,13218.0,0.022327,4484.0
1753504060540,04:27:40.540,ACH/USDT:USDT,0.022325,19401.0,0.022324,213876.0,0.022326,13218.0,0.022327,4484.0
1753504060649,04:27:40.649,ACH/USDT:USDT,0.022325,19401.0,0.022324,213876.0,0.022326,13218.0,0.022327,4484.0
1753504060802,04:27:40.802,ACH/USDT:USDT,0.022325,19401.0,0.022324,213876.0,0.022326,13218.0,0.022327,4484.0
1753504061302,04:27:41.302,ACH/USDT:USDT,0.022325,19401.0,0.022324,213876.0,0.022326,13218.0,0.022327,4484.0
1753504061408,04:27:41.408,ACH/USDT:USDT,0.022325,19401.0,0.022324,213876.0,0.022326,13218.0,0.022327,4484.0
1753504061531,04:27:41.531,ACH/USDT:USDT,0.022325,19401.0,0.022324,213876.0,0.022326,13218.0,0.022327,4484.0
1753504061635,04:27:41.635,ACH/USDT:USDT,0.022325,19401.0,0.022324,213876.0,0.022326,13754.0,0.022327,4484.0
1753504062090,04:27:42.090,ACH/USDT:USDT,0.022325,19401.0,0.022324,213876.0,0.022326,13754.0,0.022327,4484.0
1753504062231,04:27:42.231,ACH/USDT:USDT,0.022325,19401.0,0.022324,213876.0,0.022326,13754.0,0.022327,4484.0
1753504062418,04:27:42.418,ACH/USDT:USDT,0.022325,19401.0,0.022324,213876.0,0.022326,13754.0,0.022327,4484.0
1753504062537,04:27:42.537,ACH/USDT:USDT,0.022325,19401.0,0.022324,213876.0,0.022326,13754.0,0.022327,4484.0
1753504062678,04:27:42.678,ACH/USDT:USDT,0.022325,19401.0,0.022324,213876.0,0.022326,11449.0,0.022327,1061.0
1753504062799,04:27:42.799,ACH/USDT:USDT,0.022325,19401.0,0.022324,214772.0,0.022326,11449.0,0.022327,1061.0
1753504063102,04:27:43.102,ACH/USDT:USDT,0.022325,19401.0,0.022324,214772.0,0.022326,11449.0,0.022327,1061.0
1753504063395,04:27:43.395,ACH/USDT:USDT,0.022325,19401.0,0.022324,214772.0,0.022326,11449.0,0.022327,1061.0
1753504063702,04:27:43.702,ACH/USDT:USDT,0.022325,19401.0,0.022324,214772.0,0.022326,13754.0,0.022327,4484.0
1753504063809,04:27:43.809,ACH/USDT:USDT,0.022325,19401.0,0.022324,214772.0,0.022326,13754.0,0.022327,4484.0
1753504064302,04:27:44.302,ACH/USDT:USDT,0.022325,19401.0,0.022324,214772.0,0.022326,13754.0,0.022327,4484.0
1753504064405,04:27:44.405,ACH/USDT:USDT,0.022325,19401.0,0.022324,214772.0,0.022326,13754.0,0.022327,4484.0
1753504064507,04:27:44.507,ACH/USDT:USDT,0.022325,19401.0,0.022324,213876.0,0.022326,13754.0,0.022327,4484.0
1753504064689,04:27:44.689,ACH/USDT:USDT,0.022325,19401.0,0.022324,213876.0,0.022326,13754.0,0.022327,4484.0
1753504064817,04:27:44.817,ACH/USDT:USDT,0.022325,19401.0,0.022324,213876.0,0.022326,13754.0,0.022327,4484.0
1753504064918,04:27:44.918,ACH/USDT:USDT,0.022325,19401.0,0.022324,213876.0,0.022326,14855.0,0.022327,4484.0
1753504065060,04:27:45.060,ACH/USDT:USDT,0.022325,19667.0,0.022324,213876.0,0.022326,14855.0,0.022327,4484.0
1753504065216,04:27:45.216,ACH/USDT:USDT,0.022325,19667.0,0.022324,213876.0,0.022326,14096.0,0.022327,4484.0
1753504065343,04:27:45.343,ACH/USDT:USDT,0.022325,19667.0,0.022324,213876.0,0.022326,14096.0,0.022327,4484.0
1753504065447,04:27:45.447,ACH/USDT:USDT,0.022325,19667.0,0.022324,213876.0,0.022326,14096.0,0.022327,4484.0
1753504065601,04:27:45.601,ACH/USDT:USDT,0.022325,19667.0,0.022324,213876.0,0.022326,14855.0,0.022327,4484.0
1753504065858,04:27:45.858,ACH/USDT:USDT,0.022325,19667.0,0.022324,218877.0,0.022326,12550.0,0.022327,1061.0
1753504065961,04:27:45.961,ACH/USDT:USDT,0.022326,18992.0,0.022325,11393.0,0.022327,1061.0,0.022328,675.0
1753504066064,04:27:46.064,ACH/USDT:USDT,0.022326,18992.0,0.022325,8529.0,0.022327,1061.0,0.022328,675.0
1753504066170,04:27:46.170,ACH/USDT:USDT,0.022326,18992.0,0.022325,8529.0,0.022327,1061.0,0.022328,675.0
1753504066300,04:27:46.300,ACH/USDT:USDT,0.022326,18992.0,0.022325,9425.0,0.022327,1061.0,0.022328,675.0
1753504066427,04:27:46.427,ACH/USDT:USDT,0.022326,18992.0,0.022325,9425.0,0.022327,1061.0,0.022328,675.0
1753504066530,04:27:46.530,ACH/USDT:USDT,0.022326,17893.0,0.022325,9425.0,0.022327,1061.0,0.022328,675.0
1753504067002,04:27:47.002,ACH/USDT:USDT,0.022326,17893.0,0.022325,9425.0,0.022327,1061.0,0.022328,675.0
1753504067109,04:27:47.109,ACH/USDT:USDT,0.022326,17893.0,0.022325,9425.0,0.022327,1061.0,0.022328,675.0
1753504067288,04:27:47.288,ACH/USDT:USDT,0.022326,17893.0,0.022325,9425.0,0.022327,1061.0,0.022328,675.0
1753504067561,04:27:47.561,ACH/USDT:USDT,0.022326,17893.0,0.022325,9425.0,0.022327,1061.0,0.022328,675.0
1753504067702,04:27:47.702,ACH/USDT:USDT,0.022326,17893.0,0.022325,9425.0,0.022327,1061.0,0.022328,675.0
1753504067807,04:27:47.807,ACH/USDT:USDT,0.022326,13131.0,0.022325,4424.0,0.022327,1061.0,0.022328,675.0
1753504068202,04:27:48.202,ACH/USDT:USDT,0.022326,13131.0,0.022325,3528.0,0.022327,1061.0,0.022328,675.0
1753504068306,04:27:48.306,ACH/USDT:USDT,0.022326,13131.0,0.022325,3528.0,0.022327,1061.0,0.022328,675.0
1753504068516,04:27:48.516,ACH/USDT:USDT,0.022326,13131.0,0.022325,3528.0,0.022327,1061.0,0.022328,675.0
1753504068622,04:27:48.622,ACH/USDT:USDT,0.022326,13131.0,0.022325,3528.0,0.022327,1061.0,0.022328,675.0
1753504068802,04:27:48.802,ACH/USDT:USDT,0.022326,11132.0,0.022325,3528.0,0.022327,1061.0,0.022328,675.0
1753504068908,04:27:48.908,ACH/USDT:USDT,0.022326,11132.0,0.022325,3528.0,0.022327,1061.0,0.022328,675.0
1753504069119,04:27:49.119,ACH/USDT:USDT,0.022326,239.0,0.022325,528.0,0.022327,1061.0,0.022328,675.0
1753504069221,04:27:49.221,ACH/USDT:USDT,0.022326,239.0,0.022325,528.0,0.022327,1061.0,0.022328,675.0
1753504069365,04:27:49.365,ACH/USDT:USDT,0.022326,239.0,0.022325,528.0,0.022327,1061.0,0.022328,675.0
1753504069502,04:27:49.502,ACH/USDT:USDT,0.022326,239.0,0.022325,528.0,0.022327,1061.0,0.022328,675.0
1753504069607,04:27:49.607,ACH/USDT:USDT,0.022326,239.0,0.022325,528.0,0.022327,1061.0,0.022328,675.0
1753504069785,04:27:49.785,ACH/USDT:USDT,0.022326,239.0,0.022325,528.0,0.022327,1061.0,0.022328,675.0
1753504069902,04:27:49.902,ACH/USDT:USDT,0.022326,239.0,0.022325,528.0,0.022327,1061.0,0.022328,675.0
1753504070003,04:27:50.003,ACH/USDT:USDT,0.022326,239.0,0.022325,528.0,0.022327,1061.0,0.022328,675.0
1753504070108,04:27:50.108,ACH/USDT:USDT,0.022326,239.0,0.022325,528.0,0.022327,1061.0,0.022328,675.0
1753504070235,04:27:50.235,ACH/USDT:USDT,0.022326,239.0,0.022325,528.0,0.022327,1061.0,0.022328,675.0
1753504070452,04:27:50.452,ACH/USDT:USDT,0.022326,239.0,0.022325,528.0,0.022327,1061.0,0.022328,675.0
1753504070555,04:27:50.555,ACH/USDT:USDT,0.022326,239.0,0.022325,528.0,0.022327,1061.0,0.022328,675.0
1753504070658,04:27:50.658,ACH/USDT:USDT,0.022326,239.0,0.022325,528.0,0.022327,1061.0,0.022328,675.0
1753504070926,04:27:50.926,ACH/USDT:USDT,0.022326,239.0,0.022325,528.0,0.022327,1061.0,0.022328,675.0
1753504071048,04:27:51.048,ACH/USDT:USDT,0.022326,239.0,0.022325,528.0,0.022327,1061.0,0.022328,675.0
1753504071208,04:27:51.208,ACH/USDT:USDT,0.022326,239.0,0.022325,528.0,0.022327,1061.0,0.022328,675.0
1753504071352,04:27:51.352,ACH/USDT:USDT,0.022326,239.0,0.022325,528.0,0.022327,1061.0,0.022328,675.0
1753504071558,04:27:51.558,ACH/USDT:USDT,0.022326,239.0,0.022325,528.0,0.022327,1061.0,0.022328,675.0
1753504071661,04:27:51.661,ACH/USDT:USDT,0.022326,239.0,0.022325,528.0,0.022327,1061.0,0.022328,675.0
1753504072008,04:27:52.008,ACH/USDT:USDT,0.022326,239.0,0.022325,528.0,0.022327,1061.0,0.022328,675.0
1753504072133,04:27:52.133,ACH/USDT:USDT,0.022326,239.0,0.022325,528.0,0.022327,1061.0,0.022328,675.0
1753504072361,04:27:52.361,ACH/USDT:USDT,0.022326,239.0,0.022325,528.0,0.022327,1061.0,0.022328,675.0
1753504072643,04:27:52.643,ACH/USDT:USDT,0.022326,239.0,0.022325,528.0,0.022327,1061.0,0.022328,675.0
1753504072757,04:27:52.757,ACH/USDT:USDT,0.022326,239.0,0.022325,528.0,0.022327,1677.0,0.022328,675.0
1753504072877,04:27:52.877,ACH/USDT:USDT,0.022326,239.0,0.022325,528.0,0.022327,1677.0,0.022328,675.0
1753504073004,04:27:53.004,ACH/USDT:USDT,0.022326,239.0,0.022325,528.0,0.022327,1677.0,0.022328,675.0
1753504073232,04:27:53.232,ACH/USDT:USDT,0.022326,239.0,0.022325,528.0,0.022327,1677.0,0.022328,675.0
1753504073337,04:27:53.337,ACH/USDT:USDT,0.022326,239.0,0.022325,528.0,0.022327,1677.0,0.022328,675.0
1753504073465,04:27:53.465,ACH/USDT:USDT,0.022326,239.0,0.022325,528.0,0.022327,1677.0,0.022328,675.0
1753504073586,04:27:53.586,ACH/USDT:USDT,0.022326,486.0,0.022325,528.0,0.022327,1677.0,0.022328,675.0
1753504073706,04:27:53.706,ACH/USDT:USDT,0.022326,486.0,0.022325,528.0,0.022327,1677.0,0.022328,675.0
1753504073834,04:27:53.834,ACH/USDT:USDT,0.022326,486.0,0.022325,528.0,0.022327,1677.0,0.022328,675.0
1753504074238,04:27:54.238,ACH/USDT:USDT,0.022326,486.0,0.022325,528.0,0.022327,12902.0,0.022328,675.0
1753504074378,04:27:54.378,ACH/USDT:USDT,0.022326,486.0,0.022325,528.0,0.022327,12902.0,0.022328,675.0
1753504074638,04:27:54.638,ACH/USDT:USDT,0.022326,486.0,0.022325,528.0,0.022327,12902.0,0.022328,675.0
1753504074838,04:27:54.838,ACH/USDT:USDT,0.022326,486.0,0.022325,528.0,0.022327,12902.0,0.022328,675.0
1753504075002,04:27:55.002,ACH/USDT:USDT,0.022326,486.0,0.022325,528.0,0.022327,12902.0,0.022328,1571.0
1753504075127,04:27:55.127,ACH/USDT:USDT,0.022326,486.0,0.022325,528.0,0.022327,12902.0,0.022328,1571.0
1753504075399,04:27:55.399,ACH/USDT:USDT,0.022326,18727.0,0.022325,528.0,0.022327,12902.0,0.022328,227.0
1753504075648,04:27:55.648,ACH/USDT:USDT,0.022326,18727.0,0.022325,528.0,0.022327,12902.0,0.022328,227.0
1753504075962,04:27:55.962,ACH/USDT:USDT,0.022326,18780.0,0.022325,528.0,0.022327,12902.0,0.022328,227.0
1753504076064,04:27:56.064,ACH/USDT:USDT,0.022326,18780.0,0.022325,528.0,0.022327,12902.0,0.022328,227.0
1753504076277,04:27:56.277,ACH/USDT:USDT,0.022326,18780.0,0.022325,528.0,0.022327,13199.0,0.022328,227.0
1753504076430,04:27:56.430,ACH/USDT:USDT,0.022326,18780.0,0.022325,528.0,0.022327,13496.0,0.022328,227.0
1753504076540,04:27:56.540,ACH/USDT:USDT,0.022326,18780.0,0.022325,528.0,0.022327,13496.0,0.022328,227.0
1753504076842,04:27:56.842,ACH/USDT:USDT,0.022324,213876.0,0.022323,1561.0,0.022325,14807.0,0.022326,5289.0
1753504076954,04:27:56.954,ACH/USDT:USDT,0.022324,213876.0,0.022323,1561.0,0.022325,15423.0,0.022326,4673.0
1753504077058,04:27:57.058,ACH/USDT:USDT,0.022324,213876.0,0.022323,1561.0,0.022325,15423.0,0.022326,5569.0
1753504077161,04:27:57.161,ACH/USDT:USDT,0.022324,213876.0,0.022323,1561.0,0.022325,15423.0,0.022326,5569.0
1753504077475,04:27:57.475,ACH/USDT:USDT,0.02232,247.0,0.022319,1188.0,0.022321,5657.0,0.022322,12400.0
1753504077581,04:27:57.581,ACH/USDT:USDT,0.02232,247.0,0.022319,1188.0,0.022321,5657.0,0.022322,12400.0
1753504077687,04:27:57.687,ACH/USDT:USDT,0.02232,247.0,0.022319,1188.0,0.022321,5657.0,0.022322,12400.0
1753504077814,04:27:57.814,ACH/USDT:USDT,0.02232,247.0,0.022319,1188.0,0.022321,5657.0,0.022322,9400.0
1753504078102,04:27:58.102,ACH/USDT:USDT,0.022319,740.0,0.022318,449.0,0.02232,3582.0,0.022321,897.0
1753504078206,04:27:58.206,ACH/USDT:USDT,0.022319,740.0,0.022318,449.0,0.02232,3582.0,0.022321,897.0
1753504078388,04:27:58.388,ACH/USDT:USDT,0.022317,3746.0,0.022315,1416.0,0.022319,14807.0,0.02232,628.0
1753504078490,04:27:58.490,ACH/USDT:USDT,0.022317,3746.0,0.022315,1416.0,0.022319,14807.0,0.02232,628.0
1753504078593,04:27:58.593,ACH/USDT:USDT,0.022317,3746.0,0.022315,1416.0,0.022319,14807.0,0.02232,628.0
1753504078695,04:27:58.695,ACH/USDT:USDT,0.022317,3746.0,0.022315,1416.0,0.022319,14807.0,0.02232,628.0
1753504078864,04:27:58.864,ACH/USDT:USDT,0.022317,3746.0,0.022315,1416.0,0.022319,14807.0,0.02232,628.0
1753504078991,04:27:58.991,ACH/USDT:USDT,0.022317,3746.0,0.022315,1416.0,0.022319,14807.0,0.02232,628.0
1753504079100,04:27:59.100,ACH/USDT:USDT,0.022317,3746.0,0.022315,1416.0,0.022319,3582.0,0.02232,628.0
1753504079237,04:27:59.237,ACH/USDT:USDT,0.022317,3746.0,0.022316,1484.0,0.022319,3582.0,0.02232,628.0
1753504079458,04:27:59.458,ACH/USDT:USDT,0.022317,3746.0,0.022316,1484.0,0.02232,628.0,0.022321,1345.0
1753504079564,04:27:59.564,ACH/USDT:USDT,0.022317,3746.0,0.022316,1484.0,0.02232,628.0,0.022321,1345.0
1753504079685,04:27:59.685,ACH/USDT:USDT,0.022317,3746.0,0.022316,1484.0,0.02232,628.0,0.022321,1345.0
1753504079802,04:27:59.802,ACH/USDT:USDT,0.022317,3746.0,0.022316,1484.0,0.02232,628.0,0.022321,1345.0
1753504079946,04:27:59.946,ACH/USDT:USDT,0.022317,3746.0,0.022316,1484.0,0.02232,628.0,0.022321,1345.0
1753504080110,04:28:00.110,ACH/USDT:USDT,0.022317,3746.0,0.022316,1484.0,0.02232,628.0,0.022321,1345.0
1753504080254,04:28:00.254,ACH/USDT:USDT,0.022317,3746.0,0.022315,4443.0,0.02232,11853.0,0.022321,897.0
1753504080394,04:28:00.394,ACH/USDT:USDT,0.022317,3746.0,0.022315,4443.0,0.02232,11853.0,0.022321,897.0
1753504080504,04:28:00.504,ACH/USDT:USDT,0.022317,3746.0,0.022315,4443.0,0.02232,11853.0,0.022321,1124.0
1753504080645,04:28:00.645,ACH/USDT:USDT,0.022317,3746.0,0.022315,4443.0,0.02232,11853.0,0.022321,1124.0
1753504080763,04:28:00.763,ACH/USDT:USDT,0.022317,3746.0,0.022315,4443.0,0.02232,11853.0,0.022321,1124.0
1753504080866,04:28:00.866,ACH/USDT:USDT,0.022317,3746.0,0.022315,4443.0,0.02232,11853.0,0.022321,1124.0
1753504081103,04:28:01.103,ACH/USDT:USDT,0.022317,3746.0,0.022315,4443.0,0.02232,11853.0,0.022321,1124.0
1753504081387,04:28:01.387,ACH/USDT:USDT,0.022317,3746.0,0.022315,4443.0,0.02232,11853.0,0.022321,1124.0
1753504081502,04:28:01.502,ACH/USDT:USDT,0.022317,3746.0,0.022315,4443.0,0.02232,12910.0,0.022321,1124.0
1753504081752,04:28:01.752,ACH/USDT:USDT,0.022317,3746.0,0.022315,4443.0,0.02232,12910.0,0.022321,1124.0
1753504081856,04:28:01.856,ACH/USDT:USDT,0.022317,3746.0,0.022315,4443.0,0.02232,12910.0,0.022321,1124.0
1753504081961,04:28:01.961,ACH/USDT:USDT,0.022317,3746.0,0.022315,4443.0,0.02232,12910.0,0.022321,1124.0
1753504082101,04:28:02.101,ACH/USDT:USDT,0.022317,3746.0,0.022315,4443.0,0.02232,12910.0,0.022321,1124.0
1753504082308,04:28:02.308,ACH/USDT:USDT,0.022317,3746.0,0.022315,4443.0,0.02232,12910.0,0.022321,1124.0
1753504082526,04:28:02.526,ACH/USDT:USDT,0.022317,3746.0,0.022315,4443.0,0.02232,12910.0,0.022321,1124.0
1753504082631,04:28:02.631,ACH/USDT:USDT,0.022317,3746.0,0.022315,4443.0,0.02232,12910.0,0.022321,1124.0
1753504082930,04:28:02.930,ACH/USDT:USDT,0.022317,3746.0,0.022315,4443.0,0.02232,12910.0,0.022321,1124.0
1753504083102,04:28:03.102,ACH/USDT:USDT,0.022317,3746.0,0.022315,4443.0,0.02232,12910.0,0.022321,1124.0
1753504083618,04:28:03.618,ACH/USDT:USDT,0.022317,3746.0,0.022315,4443.0,0.02232,12910.0,0.022321,1124.0
1753504083801,04:28:03.801,ACH/USDT:USDT,0.022317,3746.0,0.022315,4443.0,0.02232,12910.0,0.022321,1124.0
1753504084196,04:28:04.196,ACH/USDT:USDT,0.022317,3746.0,0.022315,4443.0,0.02232,12910.0,0.022321,1124.0
1753504084302,04:28:04.302,ACH/USDT:USDT,0.022317,3746.0,0.022315,4443.0,0.02232,12910.0,0.022321,1124.0
1753504084408,04:28:04.408,ACH/USDT:USDT,0.022317,3746.0,0.022315,4443.0,0.02232,12910.0,0.022321,1124.0
1753504084599,04:28:04.599,ACH/USDT:USDT,0.022317,426.0,0.022315,1416.0,0.02232,12910.0,0.022321,1124.0
1753504084706,04:28:04.706,ACH/USDT:USDT,0.022317,426.0,0.022315,1416.0,0.02232,12910.0,0.022321,1124.0
1753504084809,04:28:04.809,ACH/USDT:USDT,0.022317,426.0,0.022315,1416.0,0.02232,12910.0,0.022321,1124.0
1753504084926,04:28:04.926,ACH/USDT:USDT,0.022317,127.0,0.022315,1416.0,0.022319,5045.0,0.02232,13807.0
1753504085031,04:28:05.031,ACH/USDT:USDT,0.022317,127.0,0.022315,1416.0,0.022319,5045.0,0.02232,13807.0
1753504085163,04:28:05.163,ACH/USDT:USDT,0.022317,127.0,0.022315,1416.0,0.022319,5045.0,0.02232,13807.0
1753504085337,04:28:05.337,ACH/USDT:USDT,0.022317,127.0,0.022315,1416.0,0.022319,5045.0,0.02232,13807.0
1753504085439,04:28:05.439,ACH/USDT:USDT,0.022317,127.0,0.022315,1416.0,0.022319,5045.0,0.02232,13807.0
1753504085653,04:28:05.653,ACH/USDT:USDT,0.022317,127.0,0.022316,2864.0,0.02232,1057.0,0.022321,227.0
1753504085806,04:28:05.806,ACH/USDT:USDT,0.022317,127.0,0.022316,4975.0,0.02232,1057.0,0.022321,227.0
1753504085998,04:28:05.998,ACH/USDT:USDT,0.022317,127.0,0.022316,4975.0,0.02232,1057.0,0.022321,227.0
1753504086402,04:28:06.402,ACH/USDT:USDT,0.022317,127.0,0.022316,4975.0,0.02232,1057.0,0.022321,227.0
1753504086664,04:28:06.664,ACH/USDT:USDT,0.022317,127.0,0.022316,4975.0,0.02232,1057.0,0.022321,227.0
1753504086768,04:28:06.768,ACH/USDT:USDT,0.022317,127.0,0.022316,4975.0,0.02232,1057.0,0.022321,227.0
1753504087002,04:28:07.002,ACH/USDT:USDT,0.022317,127.0,0.022316,4975.0,0.02232,1057.0,0.022321,227.0
1753504087201,04:28:07.201,ACH/USDT:USDT,0.022317,127.0,0.022316,4975.0,0.02232,1057.0,0.022321,227.0
1753504087453,04:28:07.453,ACH/USDT:USDT,0.022317,127.0,0.022316,4975.0,0.02232,1057.0,0.022321,227.0
1753504087558,04:28:07.558,ACH/USDT:USDT,0.022317,127.0,0.022316,2111.0,0.02232,1057.0,0.022321,227.0
1753504087661,04:28:07.661,ACH/USDT:USDT,0.022317,127.0,0.022316,2111.0,0.02232,1057.0,0.022321,227.0
1753504088006,04:28:08.006,ACH/USDT:USDT,0.022317,127.0,0.022316,2111.0,0.02232,1057.0,0.022321,227.0
1753504088122,04:28:08.122,ACH/USDT:USDT,0.022317,127.0,0.022316,2111.0,0.02232,1057.0,0.022321,227.0
1753504088403,04:28:08.403,ACH/USDT:USDT,0.022317,127.0,0.022316,2111.0,0.02232,1057.0,0.022321,227.0
1753504088602,04:28:08.602,ACH/USDT:USDT,0.022317,127.0,0.022316,2111.0,0.02232,1057.0,0.022321,227.0
1753504088913,04:28:08.913,ACH/USDT:USDT,0.022317,127.0,0.022316,2111.0,0.02232,1057.0,0.022321,227.0
1753504089133,04:28:09.133,ACH/USDT:USDT,0.022317,7992.0,0.022316,9976.0,0.02232,1057.0,0.022321,227.0
1753504089236,04:28:09.236,ACH/USDT:USDT,0.022317,7992.0,0.022316,9976.0,0.02232,1057.0,0.022321,227.0
1753504089377,04:28:09.377,ACH/USDT:USDT,0.022317,7992.0,0.022316,9976.0,0.02232,1057.0,0.022321,227.0
1753504089488,04:28:09.488,ACH/USDT:USDT,0.022317,7992.0,0.022316,9976.0,0.02232,1057.0,0.022321,227.0
1753504089619,04:28:09.619,ACH/USDT:USDT,0.022316,1999.0,0.022315,17055.0,0.02232,1057.0,0.022321,227.0
1753504089725,04:28:09.725,ACH/USDT:USDT,0.022316,1999.0,0.022315,17055.0,0.02232,1057.0,0.022321,227.0
1753504090002,04:28:10.002,ACH/USDT:USDT,0.022316,1999.0,0.022315,17055.0,0.02232,1057.0,0.022321,1124.0
1753504090105,04:28:10.105,ACH/USDT:USDT,0.022316,1999.0,0.022315,16158.0,0.022318,236.0,0.02232,1506.0
1753504090209,04:28:10.209,ACH/USDT:USDT,0.022316,1999.0,0.022315,13294.0,0.022318,236.0,0.02232,1506.0
1753504090322,04:28:10.322,ACH/USDT:USDT,0.022316,1999.0,0.022315,13294.0,0.022318,236.0,0.02232,1506.0
1753504090428,04:28:10.428,ACH/USDT:USDT,0.022316,3803.0,0.022315,16158.0,0.022318,236.0,0.02232,1506.0
1753504090531,04:28:10.531,ACH/USDT:USDT,0.022316,3803.0,0.022315,16158.0,0.022318,236.0,0.02232,1506.0
1753504090669,04:28:10.669,ACH/USDT:USDT,0.022317,5864.0,0.022316,22379.0,0.022318,236.0,0.02232,1506.0
1753504090772,04:28:10.772,ACH/USDT:USDT,0.022317,5864.0,0.022316,22379.0,0.022318,236.0,0.02232,1506.0
1753504090883,04:28:10.883,ACH/USDT:USDT,0.022317,16575.0,0.022316,22379.0,0.022318,236.0,0.02232,1506.0
1753504090986,04:28:10.986,ACH/USDT:USDT,0.022317,16575.0,0.022316,11668.0,0.022318,236.0,0.02232,1506.0
1753504091089,04:28:11.089,ACH/USDT:USDT,0.022317,16575.0,0.022316,11668.0,0.022318,236.0,0.02232,1506.0
1753504091201,04:28:11.201,ACH/USDT:USDT,0.022317,16575.0,0.022316,6667.0,0.022318,236.0,0.02232,1506.0
1753504091302,04:28:11.302,ACH/USDT:USDT,0.022317,16575.0,0.022316,6667.0,0.022318,236.0,0.02232,1506.0
1753504091429,04:28:11.429,ACH/USDT:USDT,0.022317,16575.0,0.022316,6667.0,0.022318,236.0,0.02232,1506.0
1753504091535,04:28:11.535,ACH/USDT:USDT,0.022317,13711.0,0.022316,3803.0,0.022318,236.0,0.02232,1506.0
1753504091802,04:28:11.802,ACH/USDT:USDT,0.022317,13711.0,0.022316,3803.0,0.022318,236.0,0.02232,1506.0
1753504091905,04:28:11.905,ACH/USDT:USDT,0.022317,13711.0,0.022316,3803.0,0.022318,236.0,0.02232,1506.0
1753504092035,04:28:12.035,ACH/USDT:USDT,0.022317,13711.0,0.022316,3803.0,0.022318,236.0,0.02232,1506.0
1753504092140,04:28:12.140,ACH/USDT:USDT,0.022317,13711.0,0.022316,3803.0,0.022318,236.0,0.02232,1506.0
1753504092398,04:28:12.398,ACH/USDT:USDT,0.022317,13711.0,0.022316,3803.0,0.022318,236.0,0.02232,1506.0
1753504092502,04:28:12.502,ACH/USDT:USDT,0.022317,13711.0,0.022316,3803.0,0.022318,236.0,0.02232,1506.0
1753504093002,04:28:13.002,ACH/USDT:USDT,0.022317,13711.0,0.022316,3803.0,0.022318,236.0,0.02232,1506.0
1753504093436,04:28:13.436,ACH/USDT:USDT,0.022317,16441.0,0.022316,7000.0,0.022318,236.0,0.02232,1506.0
1753504093541,04:28:13.541,ACH/USDT:USDT,0.022317,19305.0,0.022316,9864.0,0.022318,236.0,0.02232,1506.0
1753504093968,04:28:13.968,ACH/USDT:USDT,0.022317,19305.0,0.022316,9864.0,0.022318,236.0,0.02232,1506.0
1753504094102,04:28:14.102,ACH/USDT:USDT,0.022317,19305.0,0.022316,9864.0,0.022318,236.0,0.02232,1506.0
1753504094209,04:28:14.209,ACH/USDT:USDT,0.022317,19305.0,0.022316,9864.0,0.022318,236.0,0.02232,1506.0
1753504094442,04:28:14.442,ACH/USDT:USDT,0.022317,19305.0,0.022316,9864.0,0.022318,236.0,0.02232,1506.0
1753504094702,04:28:14.702,ACH/USDT:USDT,0.022317,19305.0,0.022316,9864.0,0.022318,236.0,0.02232,1506.0
1753504095302,04:28:15.302,ACH/USDT:USDT,0.022317,19305.0,0.022316,9864.0,0.022318,236.0,0.02232,1506.0
1753504095417,04:28:15.417,ACH/USDT:USDT,0.022317,19305.0,0.022316,9864.0,0.022318,236.0,0.02232,1506.0
1753504095547,04:28:15.547,ACH/USDT:USDT,0.022317,19305.0,0.022316,9864.0,0.022318,236.0,0.02232,1506.0
1753504095902,04:28:15.902,ACH/USDT:USDT,0.022317,19305.0,0.022316,9864.0,0.022318,236.0,0.02232,1506.0
1753504096008,04:28:16.008,ACH/USDT:USDT,0.022317,19305.0,0.022316,9864.0,0.022318,236.0,0.02232,1506.0
1753504096362,04:28:16.362,ACH/USDT:USDT,0.022317,236.0,0.022315,2583.0,0.022318,236.0,0.02232,1506.0
1753504096464,04:28:16.464,ACH/USDT:USDT,0.022317,2967.0,0.022316,2864.0,0.022318,236.0,0.02232,1506.0
1753504096569,04:28:16.569,ACH/USDT:USDT,0.022317,2967.0,0.022316,2864.0,0.022318,236.0,0.02232,1506.0
1753504096978,04:28:16.978,ACH/USDT:USDT,0.022317,2967.0,0.022316,2864.0,0.022318,236.0,0.02232,1506.0
1753504097102,04:28:17.102,ACH/USDT:USDT,0.022317,2967.0,0.022316,2864.0,0.022318,236.0,0.02232,1506.0
1753504097428,04:28:17.428,ACH/USDT:USDT,0.022317,2967.0,0.022316,2864.0,0.022318,236.0,0.02232,1506.0
1753504097535,04:28:17.535,ACH/USDT:USDT,0.022317,2967.0,0.022316,2864.0,0.022318,236.0,0.02232,1506.0
1753504097639,04:28:17.639,ACH/USDT:USDT,0.022317,2967.0,0.022316,2864.0,0.022318,236.0,0.02232,1506.0
1753504097968,04:28:17.968,ACH/USDT:USDT,0.022317,2967.0,0.022316,2864.0,0.022318,236.0,0.02232,1506.0
1753504098074,04:28:18.074,ACH/USDT:USDT,0.022317,2967.0,0.022316,2864.0,0.022318,236.0,0.02232,1506.0
1753504098177,04:28:18.177,ACH/USDT:USDT,0.022317,2967.0,0.022316,2864.0,0.022318,236.0,0.02232,1506.0
1753504098426,04:28:18.426,ACH/USDT:USDT,0.022317,3826.0,0.022316,3761.0,0.022318,236.0,0.02232,1506.0
1753504098570,04:28:18.570,ACH/USDT:USDT,0.022317,3826.0,0.022316,3761.0,0.022318,236.0,0.02232,1506.0
1753504098702,04:28:18.702,ACH/USDT:USDT,0.022317,3826.0,0.022316,3761.0,0.022318,236.0,0.02232,1506.0
1753504098978,04:28:18.978,ACH/USDT:USDT,0.022317,3826.0,0.022316,3761.0,0.022318,236.0,0.02232,1506.0
1753504099107,04:28:19.107,ACH/USDT:USDT,0.022317,3826.0,0.022316,3761.0,0.022318,236.0,0.02232,1506.0
1753504099302,04:28:19.302,ACH/USDT:USDT,0.022317,3826.0,0.022316,3761.0,0.022318,236.0,0.02232,1506.0
1753504099618,04:28:19.618,ACH/USDT:USDT,0.022317,3826.0,0.022316,3761.0,0.022318,236.0,0.02232,1506.0
1753504099772,04:28:19.772,ACH/USDT:USDT,0.022317,3826.0,0.022316,3761.0,0.022318,236.0,0.02232,1506.0
1753504099878,04:28:19.878,ACH/USDT:USDT,0.022317,3826.0,0.022316,2864.0,0.022318,236.0,0.02232,1506.0
1753504099998,04:28:19.998,ACH/USDT:USDT,0.022317,3826.0,0.022316,2864.0,0.022318,236.0,0.02232,1506.0
1753504100104,04:28:20.104,ACH/USDT:USDT,0.022317,3826.0,0.022316,2864.0,0.022318,236.0,0.02232,1506.0
1753504100402,04:28:20.402,ACH/USDT:USDT,0.022317,3826.0,0.022316,2864.0,0.022318,236.0,0.02232,1506.0
1753504100618,04:28:20.618,ACH/USDT:USDT,0.022317,3826.0,0.022316,2864.0,0.022318,236.0,0.02232,1506.0
1753504101002,04:28:21.002,ACH/USDT:USDT,0.022317,3826.0,0.022316,2864.0,0.022318,236.0,0.02232,1506.0
1753504101108,04:28:21.108,ACH/USDT:USDT,0.022317,3826.0,0.022316,2864.0,0.022318,236.0,0.02232,1506.0
1753504101214,04:28:21.214,ACH/USDT:USDT,0.022317,4819.0,0.022316,2864.0,0.022318,236.0,0.02232,1506.0
1753504101462,04:28:21.462,ACH/USDT:USDT,0.022317,4819.0,0.022316,2864.0,0.022318,236.0,0.02232,1506.0
1753504101587,04:28:21.587,ACH/USDT:USDT,0.022317,4819.0,0.022316,2864.0,0.022318,236.0,0.02232,1506.0
1753504101692,04:28:21.692,ACH/USDT:USDT,0.022317,4073.0,0.022316,2864.0,0.022318,236.0,0.02232,1506.0
1753504101800,04:28:21.800,ACH/USDT:USDT,0.022317,4073.0,0.022316,2864.0,0.022318,236.0,0.02232,1506.0
1753504101906,04:28:21.906,ACH/USDT:USDT,0.022317,4073.0,0.022316,2864.0,0.022318,236.0,0.02232,1506.0
1753504102010,04:28:22.010,ACH/USDT:USDT,0.022317,4073.0,0.022316,2864.0,0.022318,236.0,0.02232,1506.0
1753504102188,04:28:22.188,ACH/USDT:USDT,0.022317,4073.0,0.022316,2864.0,0.022318,236.0,0.02232,1506.0
1753504102331,04:28:22.331,ACH/USDT:USDT,0.022319,17536.0,0.022318,39286.0,0.02232,1057.0,0.022321,2915.0
1753504102435,04:28:22.435,ACH/USDT:USDT,0.022319,11752.0,0.022318,40032.0,0.02232,1057.0,0.022321,2915.0
1753504102538,04:28:22.538,ACH/USDT:USDT,0.022319,11752.0,0.022318,40032.0,0.02232,1057.0,0.022321,2915.0
1753504102648,04:28:22.648,ACH/USDT:USDT,0.022319,11752.0,0.022318,40032.0,0.02232,1057.0,0.022321,2915.0
1753504103202,04:28:23.202,ACH/USDT:USDT,0.022319,11752.0,0.022318,40032.0,0.02232,1057.0,0.022321,2915.0
1753504103311,04:28:23.311,ACH/USDT:USDT,0.022319,11752.0,0.022318,40032.0,0.02232,1057.0,0.022321,2915.0
1753504103428,04:28:23.428,ACH/USDT:USDT,0.022319,11752.0,0.022318,35902.0,0.02232,1057.0,0.022321,2915.0
1753504103802,04:28:23.802,ACH/USDT:USDT,0.022319,11752.0,0.022318,35902.0,0.02232,1057.0,0.022321,2915.0
1753504103907,04:28:23.907,ACH/USDT:USDT,0.022319,11752.0,0.022318,35902.0,0.02232,1057.0,0.022321,2915.0
1753504104102,04:28:24.102,ACH/USDT:USDT,0.022319,11752.0,0.022318,35902.0,0.02232,1057.0,0.022321,2915.0
1753504104402,04:28:24.402,ACH/USDT:USDT,0.022319,11752.0,0.022318,35902.0,0.02232,1057.0,0.022321,2915.0
1753504104602,04:28:24.602,ACH/USDT:USDT,0.022319,11752.0,0.022318,35902.0,0.02232,1057.0,0.022321,2915.0
1753504104738,04:28:24.738,ACH/USDT:USDT,0.022319,11752.0,0.022318,35902.0,0.02232,1057.0,0.022321,2915.0
1753504105002,04:28:25.002,ACH/USDT:USDT,0.022319,11752.0,0.022318,35902.0,0.02232,1057.0,0.022321,2915.0
1753504105187,04:28:25.187,ACH/USDT:USDT,0.022319,11752.0,0.022318,35902.0,0.02232,1057.0,0.022321,2915.0
1753504105370,04:28:25.370,ACH/USDT:USDT,0.022319,11752.0,0.022318,35902.0,0.02232,1057.0,0.022321,2915.0
1753504105504,04:28:25.504,ACH/USDT:USDT,0.022319,11999.0,0.022318,35902.0,0.02232,1057.0,0.022321,2915.0
1753504105618,04:28:25.618,ACH/USDT:USDT,0.022319,11999.0,0.022318,35902.0,0.02232,1057.0,0.022321,2915.0
1753504105766,04:28:25.766,ACH/USDT:USDT,0.022319,11999.0,0.022318,35902.0,0.02232,1057.0,0.022321,2915.0
1753504105962,04:28:25.962,ACH/USDT:USDT,0.022319,11999.0,0.022318,35902.0,0.02232,1057.0,0.022321,2915.0
1753504106065,04:28:26.065,ACH/USDT:USDT,0.02232,36513.0,0.022319,4008.0,0.022321,2239.0,0.022322,341.0
1753504106197,04:28:26.197,ACH/USDT:USDT,0.02232,36513.0,0.022319,4008.0,0.022321,2239.0,0.022322,341.0
1753504106589,04:28:26.589,ACH/USDT:USDT,0.02232,36513.0,0.022319,4008.0,0.022321,2239.0,0.022322,341.0
1753504106701,04:28:26.701,ACH/USDT:USDT,0.02232,36513.0,0.022319,4008.0,0.022321,2239.0,0.022322,341.0
1753504106882,04:28:26.882,ACH/USDT:USDT,0.02232,36513.0,0.022319,4008.0,0.022321,2239.0,0.022323,675.0
1753504107104,04:28:27.104,ACH/USDT:USDT,0.02232,36513.0,0.022319,4008.0,0.022321,2239.0,0.022323,675.0
1753504107302,04:28:27.302,ACH/USDT:USDT,0.02232,36513.0,0.022319,4008.0,0.022321,2239.0,0.022323,675.0
1753504107451,04:28:27.451,ACH/USDT:USDT,0.02232,37377.0,0.022319,4008.0,0.022321,2239.0,0.022323,675.0
1753504107572,04:28:27.572,ACH/USDT:USDT,0.02232,37377.0,0.022319,4008.0,0.022321,2239.0,0.022323,675.0
1753504107802,04:28:27.802,ACH/USDT:USDT,0.02232,37377.0,0.022319,4008.0,0.022321,2239.0,0.022323,675.0
1753504108002,04:28:28.002,ACH/USDT:USDT,0.02232,37377.0,0.022319,4008.0,0.022321,2239.0,0.022323,675.0
1753504108135,04:28:28.135,ACH/USDT:USDT,0.02232,34513.0,0.022319,1144.0,0.022321,2239.0,0.022323,675.0
1753504108237,04:28:28.237,ACH/USDT:USDT,0.02232,34513.0,0.022319,1144.0,0.022321,2239.0,0.022323,675.0
1753504108402,04:28:28.402,ACH/USDT:USDT,0.02232,37246.0,0.022319,1144.0,0.022321,2239.0,0.022323,675.0
1753504108548,04:28:28.548,ACH/USDT:USDT,0.02232,37246.0,0.022319,1144.0,0.022321,2239.0,0.022323,675.0
1753504108707,04:28:28.707,ACH/USDT:USDT,0.02232,37246.0,0.022319,1144.0,0.022321,2239.0,0.022323,675.0
1753504108814,04:28:28.814,ACH/USDT:USDT,0.02232,37246.0,0.022319,1144.0,0.022321,2239.0,0.022323,675.0
1753504108943,04:28:28.943,ACH/USDT:USDT,0.02232,37246.0,0.022319,1144.0,0.022321,2239.0,0.022323,675.0
1753504109101,04:28:29.101,ACH/USDT:USDT,0.02232,37246.0,0.022319,247.0,0.022321,2239.0,0.022323,675.0
1753504109209,04:28:29.209,ACH/USDT:USDT,0.02232,19451.0,0.022319,247.0,0.022321,2729.0,0.022323,675.0
1753504109339,04:28:29.339,ACH/USDT:USDT,0.02232,19451.0,0.022319,247.0,0.022321,2729.0,0.022322,2864.0
1753504109502,04:28:29.502,ACH/USDT:USDT,0.02232,19452.0,0.022319,247.0,0.022321,2729.0,0.022322,3761.0
1753504110102,04:28:30.102,ACH/USDT:USDT,0.02232,19452.0,0.022319,247.0,0.022321,2729.0,0.022322,3761.0
1753504110379,04:28:30.379,ACH/USDT:USDT,0.02232,19452.0,0.022319,247.0,0.022321,2729.0,0.022322,3761.0
1753504110563,04:28:30.563,ACH/USDT:USDT,0.02232,19452.0,0.022319,247.0,0.022321,2729.0,0.022322,3761.0
1753504110688,04:28:30.688,ACH/USDT:USDT,0.02232,19452.0,0.022319,247.0,0.022321,2729.0,0.022323,675.0
1753504110792,04:28:30.792,ACH/USDT:USDT,0.02232,19452.0,0.022319,247.0,0.022321,2729.0,0.022323,675.0
1753504110898,04:28:30.898,ACH/USDT:USDT,0.02232,19452.0,0.022319,247.0,0.022321,2729.0,0.022323,675.0
1753504111006,04:28:31.006,ACH/USDT:USDT,0.02232,19452.0,0.022319,247.0,0.022321,2729.0,0.022323,675.0
1753504111302,04:28:31.302,ACH/USDT:USDT,0.02232,19452.0,0.022319,247.0,0.022321,2729.0,0.022323,675.0
1753504111466,04:28:31.466,ACH/USDT:USDT,0.02232,18587.0,0.022319,247.0,0.022321,27867.0,0.022323,675.0
1753504111571,04:28:31.571,ACH/USDT:USDT,0.02232,18587.0,0.022319,247.0,0.022321,27867.0,0.022323,675.0
1753504111779,04:28:31.779,ACH/USDT:USDT,0.02232,18587.0,0.022319,247.0,0.022321,27867.0,0.022323,675.0
1753504111881,04:28:31.881,ACH/USDT:USDT,0.02232,18587.0,0.022319,247.0,0.022321,27867.0,0.022323,675.0
1753504112243,04:28:32.243,ACH/USDT:USDT,0.02232,18587.0,0.022319,247.0,0.022321,27867.0,0.022323,675.0
1753504112402,04:28:32.402,ACH/USDT:USDT,0.02232,18587.0,0.022319,247.0,0.022321,27867.0,0.022323,675.0
1753504112513,04:28:32.513,ACH/USDT:USDT,0.02232,2735.0,0.022319,21156.0,0.022321,28491.0,0.022323,675.0
1753504112652,04:28:32.652,ACH/USDT:USDT,0.02232,2735.0,0.022319,21156.0,0.022321,28491.0,0.022323,675.0
1753504112813,04:28:32.813,ACH/USDT:USDT,0.02232,2735.0,0.022319,21156.0,0.022321,28491.0,0.022323,675.0
1753504112942,04:28:32.942,ACH/USDT:USDT,0.02232,2735.0,0.022319,21156.0,0.022321,28491.0,0.022323,675.0
1753504113102,04:28:33.102,ACH/USDT:USDT,0.02232,2735.0,0.022319,21156.0,0.022321,28491.0,0.022323,899.0
1753504113320,04:28:33.320,ACH/USDT:USDT,0.02232,2735.0,0.022319,21156.0,0.022321,28491.0,0.022323,899.0
1753504113473,04:28:33.473,ACH/USDT:USDT,0.02232,2735.0,0.022319,21156.0,0.022321,28489.0,0.022323,899.0
1753504113578,04:28:33.578,ACH/USDT:USDT,0.02232,2735.0,0.022319,26157.0,0.022321,28489.0,0.022323,899.0
1753504113702,04:28:33.702,ACH/USDT:USDT,0.02232,2735.0,0.022319,26157.0,0.022321,28489.0,0.022323,899.0
1753504113817,04:28:33.817,ACH/USDT:USDT,0.02232,2735.0,0.022319,26157.0,0.022321,28489.0,0.022323,899.0
1753504114038,04:28:34.038,ACH/USDT:USDT,0.02232,2735.0,0.022319,29021.0,0.022321,28489.0,0.022323,899.0
1753504114202,04:28:34.202,ACH/USDT:USDT,0.02232,2735.0,0.022319,29021.0,0.022321,28489.0,0.022323,899.0
1753504114519,04:28:34.519,ACH/USDT:USDT,0.02232,17628.0,0.022319,24020.0,0.022321,28489.0,0.022323,899.0
1753504114622,04:28:34.622,ACH/USDT:USDT,0.02232,17628.0,0.022319,29021.0,0.022321,28489.0,0.022323,899.0
1753504114772,04:28:34.772,ACH/USDT:USDT,0.02232,17628.0,0.022319,29021.0,0.022321,28489.0,0.022323,899.0
1753504114908,04:28:34.908,ACH/USDT:USDT,0.022321,9864.0,0.02232,29368.0,0.022323,224.0,0.022324,448.0
1753504115013,04:28:35.013,ACH/USDT:USDT,0.022322,1146.0,0.022321,10760.0,0.022323,224.0,0.022324,448.0
1753504115116,04:28:35.116,ACH/USDT:USDT,0.022322,1146.0,0.022321,10760.0,0.022323,224.0,0.022324,448.0
1753504115292,04:28:35.292,ACH/USDT:USDT,0.022322,1146.0,0.022321,10760.0,0.022323,224.0,0.022324,448.0
1753504115562,04:28:35.562,ACH/USDT:USDT,0.022321,10760.0,0.02232,25416.0,0.022323,224.0,0.022324,448.0
1753504115684,04:28:35.684,ACH/USDT:USDT,0.022321,11906.0,0.02232,25416.0,0.022323,224.0,0.022324,448.0
1753504115995,04:28:35.995,ACH/USDT:USDT,0.022321,11906.0,0.02232,25416.0,0.022323,224.0,0.022324,448.0
1753504116114,04:28:36.114,ACH/USDT:USDT,0.022321,1999.0,0.02232,17551.0,0.022323,448.0,0.022324,448.0
1753504116257,04:28:36.257,ACH/USDT:USDT,0.022321,3145.0,0.02232,17551.0,0.022323,448.0,0.022324,448.0
1753504116378,04:28:36.378,ACH/USDT:USDT,0.022321,3145.0,0.02232,17551.0,0.022323,448.0,0.022324,448.0
1753504116707,04:28:36.707,ACH/USDT:USDT,0.022321,10760.0,0.02232,26312.0,0.022323,448.0,0.022324,448.0
1753504116809,04:28:36.809,ACH/USDT:USDT,0.022321,10760.0,0.02232,26312.0,0.022323,448.0,0.022324,448.0
1753504116964,04:28:36.964,ACH/USDT:USDT,0.022322,12091.0,0.022321,10760.0,0.022323,448.0,0.022324,448.0
1753504117240,04:28:37.240,ACH/USDT:USDT,0.022322,12091.0,0.022321,10760.0,0.022323,448.0,0.022324,448.0
1753504117402,04:28:37.402,ACH/USDT:USDT,0.022322,12091.0,0.022321,10760.0,0.022323,448.0,0.022324,448.0
1753504117533,04:28:37.533,ACH/USDT:USDT,0.022322,10945.0,0.022321,10760.0,0.022323,448.0,0.022324,448.0
1753504117827,04:28:37.827,ACH/USDT:USDT,0.022321,10945.0,0.02232,5978.0,0.022323,448.0,0.022324,448.0
1753504117931,04:28:37.931,ACH/USDT:USDT,0.022321,12091.0,0.02232,5978.0,0.022323,448.0,0.022324,448.0
1753504118502,04:28:38.502,ACH/USDT:USDT,0.022321,13677.0,0.02232,3247.0,0.022323,448.0,0.022324,448.0
1753504118603,04:28:38.603,ACH/USDT:USDT,0.022321,13677.0,0.02232,3247.0,0.022323,448.0,0.022324,448.0
1753504118806,04:28:38.806,ACH/USDT:USDT,0.022321,13677.0,0.02232,3247.0,0.022323,448.0,0.022324,448.0
1753504119102,04:28:39.102,ACH/USDT:USDT,0.022321,13677.0,0.02232,3247.0,0.022323,448.0,0.022324,448.0
1753504119388,04:28:39.388,ACH/USDT:USDT,0.022321,13677.0,0.02232,3247.0,0.022323,448.0,0.022324,448.0
1753504119534,04:28:39.534,ACH/USDT:USDT,0.022323,4999.0,0.022322,10945.0,0.022326,5111.0,0.022327,2687.0
1753504119636,04:28:39.636,ACH/USDT:USDT,0.022325,746.0,0.022324,10945.0,0.022326,1163.0,0.022327,2239.0
1753504119760,04:28:39.760,ACH/USDT:USDT,0.022325,746.0,0.022324,10945.0,0.022326,1163.0,0.022327,2239.0
1753504120018,04:28:40.018,ACH/USDT:USDT,0.022325,746.0,0.022324,10945.0,0.022326,1163.0,0.022327,2239.0
1753504120130,04:28:40.130,ACH/USDT:USDT,0.022325,746.0,0.022324,10945.0,0.022326,1163.0,0.022327,2239.0
1753504120237,04:28:40.237,ACH/USDT:USDT,0.022324,10945.0,0.022323,10740.0,0.022326,1163.0,0.022327,2239.0
1753504120343,04:28:40.343,ACH/USDT:USDT,0.022324,10945.0,0.022323,10740.0,0.022326,1163.0,0.022327,2239.0
1753504120555,04:28:40.555,ACH/USDT:USDT,0.022324,10945.0,0.022323,10740.0,0.022326,1163.0,0.022327,2239.0
1753504120657,04:28:40.657,ACH/USDT:USDT,0.022324,13678.0,0.022323,10740.0,0.022326,1163.0,0.022327,2239.0
1753504120802,04:28:40.802,ACH/USDT:USDT,0.022325,5718.0,0.022324,13678.0,0.022326,1163.0,0.022327,2239.0
1753504120966,04:28:40.966,ACH/USDT:USDT,0.022325,5718.0,0.022324,13678.0,0.022326,1163.0,0.022327,2239.0
1753504121071,04:28:41.071,ACH/USDT:USDT,0.022325,5718.0,0.022324,13678.0,0.022326,1163.0,0.022327,2239.0
1753504121215,04:28:41.215,ACH/USDT:USDT,0.022325,6464.0,0.022324,13678.0,0.022326,1163.0,0.022327,2239.0
1753504121316,04:28:41.316,ACH/USDT:USDT,0.022325,746.0,0.022324,13678.0,0.022326,1163.0,0.022327,2239.0
1753504121529,04:28:41.529,ACH/USDT:USDT,0.022325,746.0,0.022324,13678.0,0.022326,1163.0,0.022327,2239.0
1753504121638,04:28:41.638,ACH/USDT:USDT,0.022324,13678.0,0.022323,10740.0,0.022326,1163.0,0.022327,2239.0
1753504121759,04:28:41.759,ACH/USDT:USDT,0.022324,13678.0,0.022323,10740.0,0.022326,561.0,0.022327,2239.0
1753504121876,04:28:41.876,ACH/USDT:USDT,0.022324,13678.0,0.022323,10740.0,0.022326,561.0,0.022327,2239.0
1753504122302,04:28:42.302,ACH/USDT:USDT,0.022324,13678.0,0.022323,10740.0,0.022326,561.0,0.022327,2239.0
1753504122509,04:28:42.509,ACH/USDT:USDT,0.022324,13678.0,0.022323,10740.0,0.022326,561.0,0.022327,2239.0
1753504122748,04:28:42.748,ACH/USDT:USDT,0.022324,13678.0,0.022323,10740.0,0.022326,561.0,0.022327,2239.0
1753504122902,04:28:42.902,ACH/USDT:USDT,0.022324,13678.0,0.022323,10740.0,0.022326,561.0,0.022327,2239.0
1753504123502,04:28:43.502,ACH/USDT:USDT,0.022324,13678.0,0.022323,10740.0,0.022326,561.0,0.022327,2239.0
1753504123668,04:28:43.668,ACH/USDT:USDT,0.022324,13678.0,0.022323,10740.0,0.022326,561.0,0.022327,2239.0
1753504124102,04:28:44.102,ACH/USDT:USDT,0.022324,13678.0,0.022323,10740.0,0.022326,561.0,0.022327,2239.0
1753504124308,04:28:44.308,ACH/USDT:USDT,0.022324,13678.0,0.022323,10740.0,0.022326,561.0,0.022327,2239.0
1753504124424,04:28:44.424,ACH/USDT:USDT,0.022324,2733.0,0.022323,5739.0,0.022326,561.0,0.022327,5103.0
1753504124530,04:28:44.530,ACH/USDT:USDT,0.022324,2733.0,0.022323,3740.0,0.022326,561.0,0.022327,5103.0
1753504124638,04:28:44.638,ACH/USDT:USDT,0.022324,2733.0,0.022323,740.0,0.022326,561.0,0.022327,5103.0
1753504124823,04:28:44.823,ACH/USDT:USDT,0.022324,2733.0,0.022323,740.0,0.022326,561.0,0.022327,5103.0
1753504124948,04:28:44.948,ACH/USDT:USDT,0.022324,2733.0,0.022323,740.0,0.022326,561.0,0.022327,5103.0
1753504125143,04:28:45.143,ACH/USDT:USDT,0.022324,2733.0,0.022323,740.0,0.022326,561.0,0.022327,5103.0
1753504125247,04:28:45.247,ACH/USDT:USDT,0.022324,2733.0,0.022323,740.0,0.022326,561.0,0.022327,5103.0
1753504125408,04:28:45.408,ACH/USDT:USDT,0.022324,2733.0,0.022323,740.0,0.022326,561.0,0.022327,2239.0
1753504125556,04:28:45.556,ACH/USDT:USDT,0.022324,2733.0,0.022323,740.0,0.022326,561.0,0.022327,2239.0
1753504125772,04:28:45.772,ACH/USDT:USDT,0.022324,2733.0,0.022323,740.0,0.022326,561.0,0.022327,2239.0
1753504125874,04:28:45.874,ACH/USDT:USDT,0.022324,2733.0,0.022323,740.0,0.022326,561.0,0.022327,2239.0
1753504126402,04:28:46.402,ACH/USDT:USDT,0.022324,2733.0,0.022323,740.0,0.022326,561.0,0.022327,2239.0
1753504126553,04:28:46.553,ACH/USDT:USDT,0.022324,2733.0,0.022323,8605.0,0.022326,247.0,0.022327,2239.0
1753504126656,04:28:46.656,ACH/USDT:USDT,0.022324,2733.0,0.022323,8605.0,0.022326,247.0,0.022327,2239.0
1753504126967,04:28:46.967,ACH/USDT:USDT,0.022324,2733.0,0.022323,8605.0,0.022326,247.0,0.022327,2239.0
1753504127083,04:28:47.083,ACH/USDT:USDT,0.022324,2733.0,0.022323,8605.0,0.022326,247.0,0.022327,2239.0
1753504127202,04:28:47.202,ACH/USDT:USDT,0.022324,2733.0,0.022323,8605.0,0.022326,247.0,0.022327,2239.0
1753504127355,04:28:47.355,ACH/USDT:USDT,0.022324,2733.0,0.022323,5741.0,0.022326,247.0,0.022327,2239.0
1753504127502,04:28:47.502,ACH/USDT:USDT,0.022324,2733.0,0.022323,5741.0,0.022326,247.0,0.022327,2239.0
1753504127617,04:28:47.617,ACH/USDT:USDT,0.022324,2733.0,0.022323,5741.0,0.022326,247.0,0.022327,2239.0
1753504127802,04:28:47.802,ACH/USDT:USDT,0.022324,2733.0,0.022323,5741.0,0.022326,247.0,0.022327,2239.0
1753504128102,04:28:48.102,ACH/USDT:USDT,0.022324,2733.0,0.022323,5741.0,0.022326,247.0,0.022327,2239.0
1753504128402,04:28:48.402,ACH/USDT:USDT,0.022324,2733.0,0.022323,5741.0,0.022326,247.0,0.022327,2239.0
1753504128555,04:28:48.555,ACH/USDT:USDT,0.022324,2733.0,0.022323,8605.0,0.022326,247.0,0.022327,2239.0
1753504128773,04:28:48.773,ACH/USDT:USDT,0.022324,2733.0,0.022323,5741.0,0.022326,247.0,0.022327,2239.0
1753504128968,04:28:48.968,ACH/USDT:USDT,0.022324,2733.0,0.022323,5741.0,0.022326,247.0,0.022327,2239.0
1753504129102,04:28:49.102,ACH/USDT:USDT,0.022324,2733.0,0.022323,5741.0,0.022326,247.0,0.022327,2239.0
1753504129302,04:28:49.302,ACH/USDT:USDT,0.022324,2733.0,0.022323,5741.0,0.022326,247.0,0.022327,2239.0
1753504129409,04:28:49.409,ACH/USDT:USDT,0.022324,2733.0,0.022323,5741.0,0.022326,247.0,0.022327,2239.0
1753504129602,04:28:49.602,ACH/USDT:USDT,0.022324,2733.0,0.022323,5741.0,0.022326,247.0,0.022327,2239.0
1753504129767,04:28:49.767,ACH/USDT:USDT,0.022324,2733.0,0.022323,5741.0,0.022326,247.0,0.022327,2239.0
1753504129962,04:28:49.962,ACH/USDT:USDT,0.022324,2733.0,0.022323,5741.0,0.022326,247.0,0.022327,2239.0
1753504130164,04:28:50.164,ACH/USDT:USDT,0.022324,13935.0,0.022323,5741.0,0.022326,247.0,0.022327,2239.0
1753504130267,04:28:50.267,ACH/USDT:USDT,0.022324,13935.0,0.022323,5741.0,0.022326,247.0,0.022327,2239.0
1753504130402,04:28:50.402,ACH/USDT:USDT,0.022324,13935.0,0.022323,5741.0,0.022326,247.0,0.022327,2239.0
1753504130561,04:28:50.561,ACH/USDT:USDT,0.022324,13935.0,0.022323,5741.0,0.022326,247.0,0.022327,2239.0
1753504130721,04:28:50.721,ACH/USDT:USDT,0.022324,13935.0,0.022323,5741.0,0.022326,247.0,0.022327,2239.0
1753504130848,04:28:50.848,ACH/USDT:USDT,0.022324,13935.0,0.022323,5741.0,0.022326,247.0,0.022327,2239.0
1753504131002,04:28:51.002,ACH/USDT:USDT,0.022324,13935.0,0.022323,5741.0,0.022326,247.0,0.022327,2239.0
1753504131302,04:28:51.302,ACH/USDT:USDT,0.022324,13935.0,0.022323,5741.0,0.022326,247.0,0.022327,2239.0
1753504131406,04:28:51.406,ACH/USDT:USDT,0.022325,14202.0,0.022324,16799.0,0.022326,247.0,0.022327,2239.0
1753504131514,04:28:51.514,ACH/USDT:USDT,0.022325,14948.0,0.022324,16799.0,0.022326,247.0,0.022327,2239.0
1753504131616,04:28:51.616,ACH/USDT:USDT,0.022325,14948.0,0.022324,5597.0,0.022326,247.0,0.022327,2239.0
1753504132002,04:28:52.002,ACH/USDT:USDT,0.022325,14202.0,0.022324,5597.0,0.022326,247.0,0.022327,2239.0
1753504132105,04:28:52.105,ACH/USDT:USDT,0.022325,14202.0,0.022324,6493.0,0.022326,247.0,0.022327,2239.0
1753504132208,04:28:52.208,ACH/USDT:USDT,0.022325,14202.0,0.022324,6493.0,0.022326,247.0,0.022327,2239.0
1753504132545,04:28:52.545,ACH/USDT:USDT,0.022325,14202.0,0.022324,6493.0,0.022326,247.0,0.022327,2239.0
1753504132702,04:28:52.702,ACH/USDT:USDT,0.022325,14202.0,0.022324,6493.0,0.022326,247.0,0.022327,2239.0
1753504132809,04:28:52.809,ACH/USDT:USDT,0.022325,14202.0,0.022324,6493.0,0.022326,247.0,0.022327,2239.0
1753504133102,04:28:53.102,ACH/USDT:USDT,0.022325,14202.0,0.022324,3629.0,0.022326,247.0,0.022327,2239.0
1753504133207,04:28:53.207,ACH/USDT:USDT,0.022325,14202.0,0.022324,3629.0,0.022326,247.0,0.022327,2239.0
1753504133506,04:28:53.506,ACH/USDT:USDT,0.022325,14202.0,0.022324,2733.0,0.022326,849.0,0.022327,2239.0
1753504133627,04:28:53.627,ACH/USDT:USDT,0.022325,14202.0,0.022324,2733.0,0.022326,849.0,0.022327,2239.0
1753504133767,04:28:53.767,ACH/USDT:USDT,0.022325,14202.0,0.022324,2733.0,0.022326,1263.0,0.022327,2239.0
1753504133917,04:28:53.917,ACH/USDT:USDT,0.022325,14202.0,0.022324,2733.0,0.022326,1263.0,0.022327,2239.0
1753504134023,04:28:54.023,ACH/USDT:USDT,0.022325,14202.0,0.022324,2733.0,0.022326,1263.0,0.022327,2239.0
1753504134202,04:28:54.202,ACH/USDT:USDT,0.022325,14202.0,0.022324,2733.0,0.022326,1263.0,0.022327,2239.0
1753504134402,04:28:54.402,ACH/USDT:USDT,0.022325,14202.0,0.022324,2733.0,0.022326,1263.0,0.022327,2239.0
1753504134591,04:28:54.591,ACH/USDT:USDT,0.022325,14202.0,0.022324,2733.0,0.022326,1263.0,0.022327,2239.0
1753504134762,04:28:54.762,ACH/USDT:USDT,0.022325,14202.0,0.022324,2733.0,0.022326,1263.0,0.022327,2239.0
1753504134902,04:28:54.902,ACH/USDT:USDT,0.022325,14202.0,0.022324,2733.0,0.022326,1263.0,0.022327,2239.0
1753504135102,04:28:55.102,ACH/USDT:USDT,0.022325,14202.0,0.022324,2733.0,0.022326,1263.0,0.022327,2239.0
1753504135228,04:28:55.228,ACH/USDT:USDT,0.022325,14202.0,0.022324,2733.0,0.022326,1263.0,0.022327,2239.0
1753504135402,04:28:55.402,ACH/USDT:USDT,0.022325,14202.0,0.022324,2733.0,0.022326,1263.0,0.022327,2239.0
1753504135507,04:28:55.507,ACH/USDT:USDT,0.022325,14202.0,0.022324,2733.0,0.022326,1263.0,0.022327,2239.0
1753504135656,04:28:55.656,ACH/USDT:USDT,0.022325,14202.0,0.022324,2733.0,0.022326,1263.0,0.022327,2239.0
1753504135779,04:28:55.779,ACH/USDT:USDT,0.022325,14202.0,0.022324,2733.0,0.022326,1263.0,0.022327,2239.0
1753504136002,04:28:56.002,ACH/USDT:USDT,0.022325,14202.0,0.022324,2733.0,0.022326,1263.0,0.022327,2239.0
1753504136202,04:28:56.202,ACH/USDT:USDT,0.022325,14202.0,0.022324,2733.0,0.022326,1263.0,0.022327,2239.0
1753504136316,04:28:56.316,ACH/USDT:USDT,0.022325,11202.0,0.022324,2733.0,0.022326,1263.0,0.022327,2239.0
1753504136602,04:28:56.602,ACH/USDT:USDT,0.022325,11202.0,0.022324,2733.0,0.022326,1263.0,0.022327,2239.0
1753504136707,04:28:56.707,ACH/USDT:USDT,0.022325,11202.0,0.022324,2733.0,0.022326,1263.0,0.022327,2239.0
1753504137202,04:28:57.202,ACH/USDT:USDT,0.022325,11202.0,0.022324,2733.0,0.022326,1560.0,0.022327,2239.0
1753504137356,04:28:57.356,ACH/USDT:USDT,0.022325,11202.0,0.022324,2733.0,0.022326,1560.0,0.022327,2239.0
1753504137508,04:28:57.508,ACH/USDT:USDT,0.022325,11202.0,0.022324,2733.0,0.022326,1560.0,0.022327,2239.0
1753504137802,04:28:57.802,ACH/USDT:USDT,0.022325,11202.0,0.022324,2733.0,0.022326,1560.0,0.022327,2239.0
1753504137921,04:28:57.921,ACH/USDT:USDT,0.022325,11202.0,0.022324,2733.0,0.022326,1560.0,0.022327,2239.0
1753504138044,04:28:58.044,ACH/USDT:USDT,0.022325,11202.0,0.022324,2733.0,0.022326,1263.0,0.022327,2239.0
1753504138402,04:28:58.402,ACH/USDT:USDT,0.022325,11202.0,0.022324,2733.0,0.022326,1263.0,0.022327,2239.0
1753504138602,04:28:58.602,ACH/USDT:USDT,0.022325,11202.0,0.022324,2733.0,0.022326,1263.0,0.022327,2239.0
1753504138745,04:28:58.745,ACH/USDT:USDT,0.022325,11202.0,0.022324,2733.0,0.022326,1263.0,0.022327,2239.0
1753504139002,04:28:59.002,ACH/USDT:USDT,0.022325,11202.0,0.022324,2733.0,0.022326,1263.0,0.022327,2239.0
1753504139202,04:28:59.202,ACH/USDT:USDT,0.022325,11202.0,0.022324,2733.0,0.022326,1263.0,0.022327,2239.0
1753504139308,04:28:59.308,ACH/USDT:USDT,0.022325,11202.0,0.022324,2733.0,0.022326,1263.0,0.022327,2239.0
1753504139563,04:28:59.563,ACH/USDT:USDT,0.022325,10467.0,0.022324,2733.0,0.022326,1263.0,0.022327,2239.0
1753504139666,04:28:59.666,ACH/USDT:USDT,0.022325,10467.0,0.022324,2733.0,0.022326,1263.0,0.022327,2239.0
1753504139802,04:28:59.802,ACH/USDT:USDT,0.022325,10467.0,0.022324,2733.0,0.022326,1263.0,0.022327,2239.0
1753504140014,04:29:00.014,ACH/USDT:USDT,0.022325,10467.0,0.022324,2733.0,0.022326,1263.0,0.022327,2239.0
1753504140117,04:29:00.117,ACH/USDT:USDT,0.022325,10467.0,0.022324,2733.0,0.022326,1263.0,0.022327,2239.0
1753504140402,04:29:00.402,ACH/USDT:USDT,0.022325,10467.0,0.022324,2733.0,0.022326,1263.0,0.022327,2239.0
1753504140506,04:29:00.506,ACH/USDT:USDT,0.022325,10467.0,0.022324,2733.0,0.022326,1263.0,0.022327,2239.0
1753504140669,04:29:00.669,ACH/USDT:USDT,0.022325,10467.0,0.022324,2733.0,0.022326,1263.0,0.022327,2239.0
1753504140802,04:29:00.802,ACH/USDT:USDT,0.022325,10467.0,0.022324,2733.0,0.022326,1263.0,0.022327,2239.0
1753504140928,04:29:00.928,ACH/USDT:USDT,0.022325,10467.0,0.022324,2733.0,0.022326,1263.0,0.022327,2239.0
1753504141133,04:29:01.133,ACH/USDT:USDT,0.022325,10467.0,0.022324,2733.0,0.022326,1263.0,0.022327,2239.0
1753504141234,04:29:01.234,ACH/USDT:USDT,0.022326,12793.0,0.022325,3896.0,0.022327,2239.0,0.022328,6720.0
1753504141338,04:29:01.338,ACH/USDT:USDT,0.022326,13539.0,0.022325,3896.0,0.022327,2239.0,0.022328,6720.0
1753504141447,04:29:01.447,ACH/USDT:USDT,0.022326,13539.0,0.022325,3896.0,0.022327,2239.0,0.022328,6720.0
1753504141617,04:29:01.617,ACH/USDT:USDT,0.022326,13539.0,0.022325,3896.0,0.022327,2239.0,0.022328,6720.0
1753504141802,04:29:01.802,ACH/USDT:USDT,0.022326,13539.0,0.022325,3896.0,0.022327,2239.0,0.022328,6720.0
1753504141956,04:29:01.956,ACH/USDT:USDT,0.022326,12793.0,0.022325,3896.0,0.022327,2239.0,0.022328,6720.0
1753504142183,04:29:02.183,ACH/USDT:USDT,0.022326,12793.0,0.022325,4152.0,0.022327,2239.0,0.022328,6720.0
1753504142290,04:29:02.290,ACH/USDT:USDT,0.022326,12793.0,0.022325,4152.0,0.022327,2239.0,0.022328,6720.0
1753504142398,04:29:02.398,ACH/USDT:USDT,0.022326,15527.0,0.022325,4152.0,0.022327,2239.0,0.022328,6720.0
1753504142517,04:29:02.517,ACH/USDT:USDT,0.022326,15527.0,0.022325,4152.0,0.022327,2239.0,0.022328,6720.0
1753504142867,04:29:02.867,ACH/USDT:USDT,0.022326,15527.0,0.022325,4152.0,0.022327,2239.0,0.022328,6720.0
1753504142970,04:29:02.970,ACH/USDT:USDT,0.022326,15527.0,0.022325,4152.0,0.022327,2239.0,0.022328,6720.0
1753504143102,04:29:03.102,ACH/USDT:USDT,0.022326,13528.0,0.022325,4152.0,0.022327,2239.0,0.022328,6720.0
1753504143208,04:29:03.208,ACH/USDT:USDT,0.022326,14274.0,0.022325,4152.0,0.022327,2239.0,0.022328,6720.0
1753504143402,04:29:03.402,ACH/USDT:USDT,0.022326,14274.0,0.022325,4152.0,0.022327,2239.0,0.022328,6720.0
1753504143602,04:29:03.602,ACH/USDT:USDT,0.022326,14274.0,0.022325,4152.0,0.022327,2239.0,0.022328,6720.0
1753504143707,04:29:03.707,ACH/USDT:USDT,0.022326,13528.0,0.022325,4152.0,0.022327,2239.0,0.022328,6126.0
1753504144002,04:29:04.002,ACH/USDT:USDT,0.022326,13528.0,0.022325,4152.0,0.022327,2239.0,0.022328,6126.0
1753504144202,04:29:04.202,ACH/USDT:USDT,0.022326,13528.0,0.022325,4152.0,0.022327,2239.0,0.022328,6126.0
1753504144362,04:29:04.362,ACH/USDT:USDT,0.022326,13528.0,0.022325,4152.0,0.022327,2239.0,0.022328,6423.0
1753504144498,04:29:04.498,ACH/USDT:USDT,0.022326,13529.0,0.022325,3256.0,0.022327,2239.0,0.022328,6720.0
1753504144617,04:29:04.617,ACH/USDT:USDT,0.022326,13529.0,0.022325,6120.0,0.022327,2239.0,0.022328,6272.0
