timestamp,time,symbol,bid1_price,bid1_volume,bid2_price,bid2_volume,ask1_price,ask1_volume,ask2_price,ask2_volume
1753504008137,04:26:48.137,ALGO/USDT:USDT,0.2689,2921.0,0.2687,50394.0,0.2698,2945.0,0.2699,1097837.0
1753504008529,04:26:48.529,ALGO/USDT:USDT,0.2689,2921.0,0.2687,50394.0,0.2698,2945.0,0.2699,1097837.0
1753504008926,04:26:48.926,ALGO/USDT:USDT,0.2689,2921.0,0.2687,50394.0,0.2698,2945.0,0.2699,1097837.0
1753504009126,04:26:49.126,ALGO/USDT:USDT,0.2689,2921.0,0.2687,50394.0,0.2698,791053.0,0.2699,1097837.0
1753504009726,04:26:49.726,ALGO/USDT:USDT,0.2689,2921.0,0.2687,50394.0,0.2698,2945.0,0.2699,1097837.0
1753504010126,04:26:50.126,ALGO/USDT:USDT,0.2689,2921.0,0.2687,50394.0,0.2698,802354.0,0.2699,1097837.0
1753504010325,04:26:50.325,ALGO/USDT:USDT,0.2689,2921.0,0.2687,50394.0,0.2698,598698.0,0.2699,1097837.0
1753504010528,04:26:50.528,ALGO/USDT:USDT,0.2689,2921.0,0.2687,50394.0,0.2698,2945.0,0.2699,1097837.0
1753504010728,04:26:50.728,ALGO/USDT:USDT,0.2689,2921.0,0.2687,50394.0,0.2698,2945.0,0.2699,1097837.0
1753504010930,04:26:50.930,ALGO/USDT:USDT,0.2689,2921.0,0.2687,50394.0,0.2698,577997.0,0.2699,1097837.0
1753504011128,04:26:51.128,ALGO/USDT:USDT,0.2689,2921.0,0.2687,50394.0,0.2698,2945.0,0.2699,1097837.0
1753504011529,04:26:51.529,ALGO/USDT:USDT,0.2689,2921.0,0.2687,50394.0,0.2698,788883.0,0.2699,1097837.0
1753504011727,04:26:51.727,ALGO/USDT:USDT,0.2689,2921.0,0.2687,50394.0,0.2698,784927.0,0.2699,1097837.0
1753504011928,04:26:51.928,ALGO/USDT:USDT,0.2689,2921.0,0.2687,50394.0,0.2698,2945.0,0.2699,1097837.0
1753504012126,04:26:52.126,ALGO/USDT:USDT,0.2689,2921.0,0.2687,50394.0,0.2698,2945.0,0.2699,1097837.0
1753504012330,04:26:52.330,ALGO/USDT:USDT,0.2689,2921.0,0.2687,50394.0,0.2698,2945.0,0.2699,1097837.0
1753504012528,04:26:52.528,ALGO/USDT:USDT,0.2689,2921.0,0.2687,50394.0,0.2698,470150.0,0.2699,1097837.0
1753504013327,04:26:53.327,ALGO/USDT:USDT,0.2689,2921.0,0.2687,50394.0,0.2698,2945.0,0.2699,1097837.0
1753504013730,04:26:53.730,ALGO/USDT:USDT,0.2689,2921.0,0.2687,50394.0,0.2698,2945.0,0.2699,1097837.0
1753504014127,04:26:54.127,ALGO/USDT:USDT,0.2689,2921.0,0.2687,50394.0,0.2698,2945.0,0.2699,1097837.0
1753504014328,04:26:54.328,ALGO/USDT:USDT,0.2689,2921.0,0.2687,50394.0,0.2698,822895.0,0.2699,1097837.0
1753504014729,04:26:54.729,ALGO/USDT:USDT,0.2689,2921.0,0.2687,50394.0,0.2698,2945.0,0.2699,969515.0
1753504016934,04:26:56.934,ALGO/USDT:USDT,0.2689,2921.0,0.2687,50394.0,0.2698,2945.0,0.2699,969515.0
1753504017128,04:26:57.128,ALGO/USDT:USDT,0.2689,2921.0,0.2687,50394.0,0.2698,2945.0,0.2699,969515.0
1753504017329,04:26:57.329,ALGO/USDT:USDT,0.2689,2921.0,0.2687,50394.0,0.2698,846374.0,0.2699,969515.0
1753504017527,04:26:57.527,ALGO/USDT:USDT,0.2689,2921.0,0.2687,50394.0,0.2698,653789.0,0.2699,969515.0
1753504017729,04:26:57.729,ALGO/USDT:USDT,0.2689,2921.0,0.2687,50394.0,0.2698,2945.0,0.2699,969515.0
1753504017926,04:26:57.926,ALGO/USDT:USDT,0.2689,2921.0,0.2687,50394.0,0.2698,2945.0,0.2699,969515.0
1753504018127,04:26:58.127,ALGO/USDT:USDT,0.2689,2921.0,0.2687,50394.0,0.2698,2945.0,0.2699,969515.0
1753504019728,04:26:59.728,ALGO/USDT:USDT,0.2689,2921.0,0.2687,53650.0,0.2698,2945.0,0.2699,969515.0
1753504020126,04:27:00.126,ALGO/USDT:USDT,0.2689,2921.0,0.2687,53650.0,0.2698,2945.0,0.2699,969515.0
1753504020327,04:27:00.327,ALGO/USDT:USDT,0.2689,2921.0,0.2687,53650.0,0.2698,2945.0,0.2699,969515.0
1753504020529,04:27:00.529,ALGO/USDT:USDT,0.2689,2921.0,0.2687,50394.0,0.2698,2945.0,0.2699,969515.0
1753504020940,04:27:00.940,ALGO/USDT:USDT,0.2689,2921.0,0.2687,50394.0,0.2698,2945.0,0.2699,969515.0
1753504021329,04:27:01.329,ALGO/USDT:USDT,0.2689,2921.0,0.2687,50394.0,0.2698,2945.0,0.2699,969515.0
1753504021529,04:27:01.529,ALGO/USDT:USDT,0.2689,2921.0,0.2687,50394.0,0.2698,2945.0,0.2699,969515.0
1753504021725,04:27:01.725,ALGO/USDT:USDT,0.2689,2921.0,0.2687,50394.0,0.2698,2945.0,0.2699,969515.0
1753504021926,04:27:01.926,ALGO/USDT:USDT,0.2689,2921.0,0.2687,50394.0,0.2698,2945.0,0.2699,969515.0
1753504022327,04:27:02.327,ALGO/USDT:USDT,0.2689,2921.0,0.2687,50394.0,0.2698,2945.0,0.2699,969515.0
1753504022528,04:27:02.528,ALGO/USDT:USDT,0.2689,2921.0,0.2687,50394.0,0.2698,2945.0,0.2699,969515.0
1753504022729,04:27:02.729,ALGO/USDT:USDT,0.2689,2921.0,0.2687,50394.0,0.2698,2945.0,0.2699,969515.0
1753504022929,04:27:02.929,ALGO/USDT:USDT,0.2689,2921.0,0.2687,561328.0,0.2699,50394.0,0.27,900482.0
1753504023129,04:27:03.129,ALGO/USDT:USDT,0.2689,2921.0,0.2688,428084.0,0.2699,50394.0,0.27,128326.0
1753504024337,04:27:04.337,ALGO/USDT:USDT,0.2689,131235.0,0.2688,428084.0,0.27,131269.0,0.2701,917327.0
1753504024926,04:27:04.926,ALGO/USDT:USDT,0.2689,131235.0,0.2688,428084.0,0.27,131269.0,0.2701,917327.0
1753504026728,04:27:06.728,ALGO/USDT:USDT,0.2689,131235.0,0.2688,428084.0,0.27,131269.0,0.2701,917327.0
1753504026928,04:27:06.928,ALGO/USDT:USDT,0.2689,131235.0,0.2688,428084.0,0.27,131269.0,0.2701,917327.0
1753504028126,04:27:08.126,ALGO/USDT:USDT,0.2689,131235.0,0.2688,428084.0,0.27,131269.0,0.2701,917327.0
1753504028534,04:27:08.534,ALGO/USDT:USDT,0.269,50394.0,0.2689,131235.0,0.27,131269.0,0.2701,917327.0
1753504029327,04:27:09.327,ALGO/USDT:USDT,0.269,50394.0,0.2689,128314.0,0.27,2943.0,0.2701,917327.0
1753504030529,04:27:10.529,ALGO/USDT:USDT,0.269,50394.0,0.2689,128314.0,0.27,2943.0,0.2701,917327.0
1753504032527,04:27:12.527,ALGO/USDT:USDT,0.269,50394.0,0.2689,128314.0,0.27,2943.0,0.2701,917327.0
1753504033127,04:27:13.127,ALGO/USDT:USDT,0.269,50394.0,0.2689,128314.0,0.27,2943.0,0.2701,917327.0
1753504033528,04:27:13.528,ALGO/USDT:USDT,0.269,50394.0,0.2689,128314.0,0.27,2943.0,0.2701,917327.0
1753504034538,04:27:14.538,ALGO/USDT:USDT,0.269,50394.0,0.2689,128314.0,0.27,2943.0,0.2701,917327.0
1753504034929,04:27:14.929,ALGO/USDT:USDT,0.269,50394.0,0.2689,128314.0,0.27,2943.0,0.2701,917327.0
1753504035927,04:27:15.927,ALGO/USDT:USDT,0.269,50394.0,0.2689,128314.0,0.27,2943.0,0.2701,917327.0
1753504036726,04:27:16.726,ALGO/USDT:USDT,0.269,50394.0,0.2689,128314.0,0.27,2943.0,0.2701,917327.0
1753504036936,04:27:16.936,ALGO/USDT:USDT,0.269,50394.0,0.2689,128314.0,0.27,2943.0,0.2701,917327.0
1753504037326,04:27:17.326,ALGO/USDT:USDT,0.269,50394.0,0.2689,128314.0,0.27,2943.0,0.2701,917327.0
1753504037527,04:27:17.527,ALGO/USDT:USDT,0.269,50394.0,0.2689,128314.0,0.27,2943.0,0.2701,917327.0
1753504037728,04:27:17.728,ALGO/USDT:USDT,0.269,50394.0,0.2689,128314.0,0.27,2943.0,0.2701,917327.0
1753504038129,04:27:18.129,ALGO/USDT:USDT,0.269,50394.0,0.2689,128314.0,0.27,2943.0,0.2701,917327.0
1753504039127,04:27:19.127,ALGO/USDT:USDT,0.269,50394.0,0.2689,128314.0,0.27,2943.0,0.2701,917327.0
1753504039331,04:27:19.331,ALGO/USDT:USDT,0.269,50394.0,0.2689,128314.0,0.27,2943.0,0.2701,917327.0
1753504039527,04:27:19.527,ALGO/USDT:USDT,0.269,50394.0,0.2689,128314.0,0.27,2943.0,0.2701,917327.0
1753504039730,04:27:19.730,ALGO/USDT:USDT,0.269,50394.0,0.2689,128314.0,0.27,2943.0,0.2701,917327.0
1753504040126,04:27:20.126,ALGO/USDT:USDT,0.269,50394.0,0.2689,128314.0,0.27,2943.0,0.2701,917327.0
1753504040525,04:27:20.525,ALGO/USDT:USDT,0.269,50394.0,0.2689,128314.0,0.27,2943.0,0.2701,917327.0
1753504041530,04:27:21.530,ALGO/USDT:USDT,0.269,50394.0,0.2689,128314.0,0.27,2943.0,0.2701,917327.0
1753504041928,04:27:21.928,ALGO/USDT:USDT,0.269,50394.0,0.2689,128314.0,0.27,2943.0,0.2701,917327.0
1753504042125,04:27:22.125,ALGO/USDT:USDT,0.269,50394.0,0.2689,128314.0,0.27,2943.0,0.2701,917327.0
1753504042332,04:27:22.332,ALGO/USDT:USDT,0.269,50394.0,0.2689,128314.0,0.27,2943.0,0.2701,917327.0
1753504042926,04:27:22.926,ALGO/USDT:USDT,0.269,50394.0,0.2689,128314.0,0.27,2943.0,0.2701,917327.0
1753504044333,04:27:24.333,ALGO/USDT:USDT,0.269,50394.0,0.2689,128314.0,0.27,2943.0,0.2701,917327.0
1753504046325,04:27:26.325,ALGO/USDT:USDT,0.269,50394.0,0.2689,128314.0,0.27,2943.0,0.2701,917327.0
1753504046728,04:27:26.728,ALGO/USDT:USDT,0.269,50394.0,0.2689,128314.0,0.27,2943.0,0.2701,917327.0
1753504047127,04:27:27.127,ALGO/USDT:USDT,0.269,50394.0,0.2689,128314.0,0.27,2943.0,0.2701,917327.0
1753504047325,04:27:27.325,ALGO/USDT:USDT,0.269,50394.0,0.2689,128314.0,0.27,2943.0,0.2701,917327.0
1753504047527,04:27:27.527,ALGO/USDT:USDT,0.269,50394.0,0.2689,128314.0,0.27,2943.0,0.2701,917327.0
1753504047728,04:27:27.728,ALGO/USDT:USDT,0.269,50394.0,0.2689,128314.0,0.27,2943.0,0.2701,917327.0
1753504048126,04:27:28.126,ALGO/USDT:USDT,0.269,50394.0,0.2689,128314.0,0.27,2943.0,0.2701,917327.0
1753504048527,04:27:28.527,ALGO/USDT:USDT,0.269,50394.0,0.2689,128314.0,0.27,2943.0,0.2701,917327.0
1753504048725,04:27:28.725,ALGO/USDT:USDT,0.269,50394.0,0.2689,128314.0,0.27,2943.0,0.2701,917327.0
1753504048925,04:27:28.925,ALGO/USDT:USDT,0.269,50394.0,0.2689,128314.0,0.27,2943.0,0.2701,917327.0
1753504049127,04:27:29.127,ALGO/USDT:USDT,0.269,50394.0,0.2689,128314.0,0.27,2943.0,0.2701,917327.0
1753504049329,04:27:29.329,ALGO/USDT:USDT,0.269,50394.0,0.2689,128314.0,0.27,2943.0,0.2701,917327.0
1753504049528,04:27:29.528,ALGO/USDT:USDT,0.269,50394.0,0.2689,128314.0,0.27,2943.0,0.2701,917327.0
1753504049730,04:27:29.730,ALGO/USDT:USDT,0.269,50394.0,0.2689,128314.0,0.27,2943.0,0.2701,917327.0
1753504050125,04:27:30.125,ALGO/USDT:USDT,0.269,50394.0,0.2689,128314.0,0.27,2943.0,0.2701,917327.0
1753504050728,04:27:30.728,ALGO/USDT:USDT,0.269,50394.0,0.2689,128314.0,0.27,2943.0,0.2701,917327.0
1753504050925,04:27:30.925,ALGO/USDT:USDT,0.269,50394.0,0.2689,128314.0,0.27,2943.0,0.2701,917327.0
1753504052528,04:27:32.528,ALGO/USDT:USDT,0.269,50394.0,0.2689,128314.0,0.27,2943.0,0.2701,917327.0
1753504052729,04:27:32.729,ALGO/USDT:USDT,0.269,50394.0,0.2689,128314.0,0.27,2943.0,0.2701,917327.0
1753504053136,04:27:33.136,ALGO/USDT:USDT,0.269,50394.0,0.2689,128314.0,0.27,2943.0,0.2701,917327.0
1753504054725,04:27:34.725,ALGO/USDT:USDT,0.269,50394.0,0.2689,128314.0,0.27,2943.0,0.2701,917327.0
1753504055328,04:27:35.328,ALGO/USDT:USDT,0.269,50394.0,0.2689,128314.0,0.27,2943.0,0.2701,917327.0
1753504055532,04:27:35.532,ALGO/USDT:USDT,0.269,50394.0,0.2689,128314.0,0.27,2943.0,0.2701,917327.0
1753504056327,04:27:36.327,ALGO/USDT:USDT,0.269,50394.0,0.2689,128314.0,0.27,2943.0,0.2701,917327.0
1753504056526,04:27:36.526,ALGO/USDT:USDT,0.269,50394.0,0.2689,128314.0,0.27,2943.0,0.2701,917327.0
1753504056725,04:27:36.725,ALGO/USDT:USDT,0.269,50394.0,0.2689,128314.0,0.27,2943.0,0.2701,917327.0
1753504057128,04:27:37.128,ALGO/USDT:USDT,0.269,50394.0,0.2689,128314.0,0.27,2943.0,0.2701,917327.0
1753504057325,04:27:37.325,ALGO/USDT:USDT,0.269,50394.0,0.2689,128314.0,0.27,2943.0,0.2701,917327.0
1753504057529,04:27:37.529,ALGO/USDT:USDT,0.269,50394.0,0.2689,128314.0,0.27,2943.0,0.2701,917327.0
1753504057727,04:27:37.727,ALGO/USDT:USDT,0.269,50394.0,0.2689,128314.0,0.27,2943.0,0.2701,917327.0
1753504058528,04:27:38.528,ALGO/USDT:USDT,0.269,50394.0,0.2689,128314.0,0.2701,917327.0,0.2702,178680.0
1753504058926,04:27:38.926,ALGO/USDT:USDT,0.2691,2920.0,0.269,178600.0,0.2701,920268.0,0.2702,178680.0
1753504059730,04:27:39.730,ALGO/USDT:USDT,0.2689,2921.0,0.2686,822582.0,0.2698,53339.0,0.2699,791829.0
1753504060727,04:27:40.727,ALGO/USDT:USDT,0.2689,2921.0,0.2686,822582.0,0.2698,53339.0,0.2699,791829.0
1753504061128,04:27:41.128,ALGO/USDT:USDT,0.2689,2921.0,0.2686,822582.0,0.2698,53339.0,0.2699,791829.0
1753504061325,04:27:41.325,ALGO/USDT:USDT,0.2689,2921.0,0.2686,822582.0,0.2698,53339.0,0.2699,791829.0
1753504061526,04:27:41.526,ALGO/USDT:USDT,0.2689,2921.0,0.2686,822582.0,0.2698,53339.0,0.2699,791829.0
1753504061727,04:27:41.727,ALGO/USDT:USDT,0.2689,2921.0,0.2686,822582.0,0.2698,53339.0,0.2699,791829.0
1753504061928,04:27:41.928,ALGO/USDT:USDT,0.2689,2921.0,0.2686,822582.0,0.2698,53339.0,0.2699,791829.0
1753504062528,04:27:42.528,ALGO/USDT:USDT,0.2689,2921.0,0.2686,822582.0,0.2698,53339.0,0.2699,791829.0
1753504063526,04:27:43.526,ALGO/USDT:USDT,0.2689,2921.0,0.2686,822582.0,0.2698,53339.0,0.2699,791829.0
1753504064130,04:27:44.130,ALGO/USDT:USDT,0.2689,2921.0,0.2686,822582.0,0.2698,53339.0,0.2699,791829.0
1753504064525,04:27:44.525,ALGO/USDT:USDT,0.2689,2921.0,0.2686,822582.0,0.2698,53339.0,0.2699,791829.0
1753504064730,04:27:44.730,ALGO/USDT:USDT,0.2689,2921.0,0.2686,822582.0,0.2698,53339.0,0.2699,791829.0
1753504064930,04:27:44.930,ALGO/USDT:USDT,0.2689,2921.0,0.2686,822582.0,0.2698,53339.0,0.2699,791829.0
1753504065329,04:27:45.329,ALGO/USDT:USDT,0.2689,2921.0,0.2686,822582.0,0.2698,53339.0,0.2699,791829.0
1753504065931,04:27:45.931,ALGO/USDT:USDT,0.2689,2921.0,0.2686,822582.0,0.2698,53339.0,0.2699,791829.0
1753504066725,04:27:46.725,ALGO/USDT:USDT,0.2689,2921.0,0.2686,822582.0,0.2698,53339.0,0.2699,791829.0
1753504067329,04:27:47.329,ALGO/USDT:USDT,0.2689,2921.0,0.2686,822582.0,0.2698,53339.0,0.2699,791829.0
1753504067528,04:27:47.528,ALGO/USDT:USDT,0.2689,2921.0,0.2686,822582.0,0.2698,53339.0,0.2699,791829.0
1753504067725,04:27:47.725,ALGO/USDT:USDT,0.2689,2921.0,0.2686,822582.0,0.2698,53339.0,0.2699,791829.0
1753504067925,04:27:47.925,ALGO/USDT:USDT,0.2689,2921.0,0.2686,822582.0,0.2698,53339.0,0.2699,791829.0
1753504068126,04:27:48.126,ALGO/USDT:USDT,0.2689,2921.0,0.2686,822582.0,0.2698,53339.0,0.2699,791829.0
1753504068733,04:27:48.733,ALGO/USDT:USDT,0.2689,2921.0,0.2687,128257.0,0.2698,53339.0,0.2699,791829.0
1753504068926,04:27:48.926,ALGO/USDT:USDT,0.2689,2921.0,0.2687,128257.0,0.2698,53339.0,0.2699,791829.0
1753504070127,04:27:50.127,ALGO/USDT:USDT,0.2689,2921.0,0.2687,128257.0,0.2698,848322.0,0.2699,791829.0
1753504070330,04:27:50.330,ALGO/USDT:USDT,0.2689,2921.0,0.2687,128257.0,0.2698,848322.0,0.27,128233.0
1753504070526,04:27:50.526,ALGO/USDT:USDT,0.2689,2921.0,0.2687,128257.0,0.2698,848322.0,0.27,128233.0
1753504070927,04:27:50.927,ALGO/USDT:USDT,0.2689,2921.0,0.2687,128257.0,0.2698,848322.0,0.2699,706324.0
1753504071327,04:27:51.327,ALGO/USDT:USDT,0.2689,2921.0,0.2687,128257.0,0.2698,848322.0,0.27,128233.0
1753504071725,04:27:51.725,ALGO/USDT:USDT,0.2689,2921.0,0.2687,128257.0,0.2698,53339.0,0.2699,855649.0
1753504071926,04:27:51.926,ALGO/USDT:USDT,0.2689,2921.0,0.2687,128257.0,0.2698,507706.0,0.2699,855649.0
1753504072128,04:27:52.128,ALGO/USDT:USDT,0.2689,2921.0,0.2687,128257.0,0.2698,53339.0,0.2699,855649.0
1753504072328,04:27:52.328,ALGO/USDT:USDT,0.2689,2921.0,0.2687,128257.0,0.2698,53339.0,0.2699,855649.0
1753504072734,04:27:52.734,ALGO/USDT:USDT,0.2689,2921.0,0.2687,128257.0,0.2698,53339.0,0.2699,855649.0
1753504073130,04:27:53.130,ALGO/USDT:USDT,0.2689,2921.0,0.2686,822668.0,0.2698,53339.0,0.2699,855649.0
1753504073526,04:27:53.526,ALGO/USDT:USDT,0.2689,2921.0,0.2686,822668.0,0.2698,53339.0,0.2699,855649.0
1753504073728,04:27:53.728,ALGO/USDT:USDT,0.2689,2921.0,0.2686,822668.0,0.2698,53339.0,0.2699,855649.0
1753504075127,04:27:55.127,ALGO/USDT:USDT,0.2689,2921.0,0.2686,822668.0,0.2698,53339.0,0.2699,855649.0
1753504075930,04:27:55.930,ALGO/USDT:USDT,0.2689,2921.0,0.2686,822668.0,0.2698,53339.0,0.2699,855649.0
1753504076926,04:27:56.926,ALGO/USDT:USDT,0.2687,2923.0,0.2686,128292.0,0.2696,706752.0,0.2698,376614.0
1753504077127,04:27:57.127,ALGO/USDT:USDT,0.2687,2923.0,0.2686,128292.0,0.2696,706752.0,0.2698,376614.0
1753504077527,04:27:57.527,ALGO/USDT:USDT,0.2687,2923.0,0.2686,128292.0,0.2696,706752.0,0.2698,376614.0
1753504078129,04:27:58.129,ALGO/USDT:USDT,0.2687,2923.0,0.2686,128292.0,0.2696,706752.0,0.2697,128328.0
1753504078526,04:27:58.526,ALGO/USDT:USDT,0.2687,2923.0,0.2686,128292.0,0.2696,706752.0,0.2697,128328.0
1753504078726,04:27:58.726,ALGO/USDT:USDT,0.2687,2923.0,0.2686,128292.0,0.2696,706752.0,0.2697,128328.0
1753504078927,04:27:58.927,ALGO/USDT:USDT,0.2687,2923.0,0.2686,128292.0,0.2696,706752.0,0.2697,128328.0
1753504079125,04:27:59.125,ALGO/USDT:USDT,0.2687,2923.0,0.2686,128292.0,0.2696,706752.0,0.2697,128328.0
1753504079528,04:27:59.528,ALGO/USDT:USDT,0.2687,2923.0,0.2686,128292.0,0.2695,2948.0,0.2696,706752.0
1753504080127,04:28:00.127,ALGO/USDT:USDT,0.2687,2923.0,0.2686,128292.0,0.2696,709698.0,0.2697,128328.0
1753504080930,04:28:00.930,ALGO/USDT:USDT,0.2687,2923.0,0.2686,128292.0,0.2696,709698.0,0.2697,128328.0
1753504081125,04:28:01.125,ALGO/USDT:USDT,0.2687,2923.0,0.2686,128292.0,0.2696,709698.0,0.2697,128328.0
1753504081326,04:28:01.326,ALGO/USDT:USDT,0.2687,2923.0,0.2686,128292.0,0.2696,709698.0,0.2697,128328.0
1753504082327,04:28:02.327,ALGO/USDT:USDT,0.2687,2923.0,0.2686,128292.0,0.2696,709698.0,0.2697,128328.0
1753504082542,04:28:02.542,ALGO/USDT:USDT,0.2687,2923.0,0.2684,926379.0,0.2696,709698.0,0.2697,128328.0
1753504082925,04:28:02.925,ALGO/USDT:USDT,0.2687,2923.0,0.2684,1054734.0,0.2696,709698.0,0.2697,128328.0
1753504083529,04:28:03.529,ALGO/USDT:USDT,0.2687,2923.0,0.2684,1054734.0,0.2696,709698.0,0.2697,128328.0
1753504084327,04:28:04.327,ALGO/USDT:USDT,0.2687,2923.0,0.2684,1054734.0,0.2696,709698.0,0.2697,128328.0
1753504084529,04:28:04.529,ALGO/USDT:USDT,0.2687,2923.0,0.2684,1054734.0,0.2696,709698.0,0.2697,128328.0
1753504084926,04:28:04.926,ALGO/USDT:USDT,0.2687,2923.0,0.2684,1054734.0,0.2696,709698.0,0.2697,128328.0
1753504085326,04:28:05.326,ALGO/USDT:USDT,0.2687,2923.0,0.2684,1054734.0,0.2696,709698.0,0.2697,128328.0
1753504085529,04:28:05.529,ALGO/USDT:USDT,0.2687,2923.0,0.2684,1054734.0,0.2696,709698.0,0.2697,128328.0
1753504085727,04:28:05.727,ALGO/USDT:USDT,0.2687,2923.0,0.2684,1054734.0,0.2696,709698.0,0.2697,128328.0
1753504085930,04:28:05.930,ALGO/USDT:USDT,0.2687,2923.0,0.2684,1054734.0,0.2696,709698.0,0.2697,128328.0
1753504086129,04:28:06.129,ALGO/USDT:USDT,0.2687,2923.0,0.2684,1054734.0,0.2696,709698.0,0.2697,128328.0
1753504086328,04:28:06.328,ALGO/USDT:USDT,0.2687,2923.0,0.2684,1054734.0,0.2696,709698.0,0.2697,128328.0
1753504086525,04:28:06.525,ALGO/USDT:USDT,0.2687,2923.0,0.2684,1054734.0,0.2696,709698.0,0.2697,128328.0
1753504087326,04:28:07.326,ALGO/USDT:USDT,0.2687,2923.0,0.2684,926379.0,0.2696,709698.0,0.2697,128328.0
1753504087730,04:28:07.730,ALGO/USDT:USDT,0.2687,2923.0,0.2685,128386.0,0.2696,709698.0,0.2697,128328.0
1753504088130,04:28:08.130,ALGO/USDT:USDT,0.2687,2923.0,0.2685,128386.0,0.2696,709698.0,0.2697,128328.0
1753504090126,04:28:10.126,ALGO/USDT:USDT,0.2687,2923.0,0.2685,128386.0,0.2696,709698.0,0.2697,128328.0
1753504090727,04:28:10.727,ALGO/USDT:USDT,0.2687,2923.0,0.2686,50468.0,0.2696,760166.0,0.2697,128328.0
1753504092327,04:28:12.327,ALGO/USDT:USDT,0.2687,2923.0,0.2686,50468.0,0.2696,760166.0,0.2698,454615.0
1753504093128,04:28:13.128,ALGO/USDT:USDT,0.2687,2923.0,0.2686,50468.0,0.2696,760166.0,0.2698,454615.0
1753504093326,04:28:13.326,ALGO/USDT:USDT,0.2687,2923.0,0.2686,50468.0,0.2696,760166.0,0.2698,454615.0
1753504093525,04:28:13.525,ALGO/USDT:USDT,0.2687,2923.0,0.2686,50468.0,0.2696,760166.0,0.2698,454615.0
1753504094328,04:28:14.328,ALGO/USDT:USDT,0.2687,2923.0,0.2686,896825.0,0.2698,128395.0,0.2699,1483461.0
1753504094525,04:28:14.525,ALGO/USDT:USDT,0.2687,2923.0,0.2686,896825.0,0.2697,2946.0,0.2698,638356.0
1753504094726,04:28:14.726,ALGO/USDT:USDT,0.2687,2923.0,0.2686,896825.0,0.2697,2946.0,0.2698,638356.0
1753504095534,04:28:15.534,ALGO/USDT:USDT,0.2687,2923.0,0.2686,896825.0,0.2697,2946.0,0.2698,763134.0
1753504095726,04:28:15.726,ALGO/USDT:USDT,0.2687,2923.0,0.2686,896825.0,0.2697,2946.0,0.2698,128395.0
1753504095927,04:28:15.927,ALGO/USDT:USDT,0.2687,2923.0,0.2686,896825.0,0.2697,2946.0,0.2698,128395.0
1753504096326,04:28:16.326,ALGO/USDT:USDT,0.2687,2923.0,0.2686,896825.0,0.2697,2946.0,0.2698,128395.0
1753504096527,04:28:16.527,ALGO/USDT:USDT,0.2687,2923.0,0.2686,896825.0,0.2697,2946.0,0.2698,128395.0
1753504097129,04:28:17.129,ALGO/USDT:USDT,0.2687,2923.0,0.2686,896825.0,0.2697,2946.0,0.2698,1015119.0
1753504097530,04:28:17.530,ALGO/USDT:USDT,0.2687,2923.0,0.2686,896825.0,0.2697,2946.0,0.2698,1015119.0
1753504097930,04:28:17.930,ALGO/USDT:USDT,0.2687,2923.0,0.2686,896825.0,0.2697,2946.0,0.2698,1015119.0
1753504098129,04:28:18.129,ALGO/USDT:USDT,0.2687,2923.0,0.2686,896825.0,0.2697,2946.0,0.2698,1015119.0
1753504098329,04:28:18.329,ALGO/USDT:USDT,0.2687,2923.0,0.2686,896825.0,0.2697,2946.0,0.2698,1015119.0
1753504098725,04:28:18.725,ALGO/USDT:USDT,0.2687,2923.0,0.2686,896825.0,0.2697,2946.0,0.2698,1015119.0
1753504098927,04:28:18.927,ALGO/USDT:USDT,0.2687,2923.0,0.2686,896825.0,0.2697,2946.0,0.2698,1015119.0
1753504099327,04:28:19.327,ALGO/USDT:USDT,0.2687,2923.0,0.2686,896825.0,0.2697,2946.0,0.2698,1015119.0
1753504099525,04:28:19.525,ALGO/USDT:USDT,0.2687,2923.0,0.2686,896825.0,0.2697,2946.0,0.2698,1015119.0
1753504099726,04:28:19.726,ALGO/USDT:USDT,0.2687,2923.0,0.2686,896825.0,0.2697,2946.0,0.2698,1015119.0
1753504101132,04:28:21.132,ALGO/USDT:USDT,0.2687,2923.0,0.2686,896825.0,0.2697,53340.0,0.2698,1015119.0
1753504101326,04:28:21.326,ALGO/USDT:USDT,0.2687,2923.0,0.2686,896825.0,0.2697,53340.0,0.2698,1015119.0
1753504101927,04:28:21.927,ALGO/USDT:USDT,0.2687,2923.0,0.2686,896825.0,0.2697,53340.0,0.2698,886724.0
1753504102129,04:28:22.129,ALGO/USDT:USDT,0.2687,2923.0,0.2686,896825.0,0.2697,53340.0,0.2698,886724.0
1753504102730,04:28:22.730,ALGO/USDT:USDT,0.2687,2923.0,0.2686,896825.0,0.2697,53340.0,0.2698,886724.0
1753504103527,04:28:23.527,ALGO/USDT:USDT,0.2687,2923.0,0.2686,896825.0,0.2697,53340.0,0.2698,886724.0
1753504104128,04:28:24.128,ALGO/USDT:USDT,0.2687,2923.0,0.2686,896825.0,0.2697,53340.0,0.2698,886724.0
1753504104331,04:28:24.331,ALGO/USDT:USDT,0.2687,2923.0,0.2686,896825.0,0.2697,53340.0,0.2698,886724.0
1753504104528,04:28:24.528,ALGO/USDT:USDT,0.2687,2923.0,0.2686,896825.0,0.2697,53340.0,0.2698,886724.0
1753504104927,04:28:24.927,ALGO/USDT:USDT,0.2687,2923.0,0.2686,896825.0,0.2697,53340.0,0.2698,886724.0
1753504105528,04:28:25.528,ALGO/USDT:USDT,0.2687,2923.0,0.2686,896825.0,0.2697,53340.0,0.2698,868648.0
1753504105726,04:28:25.726,ALGO/USDT:USDT,0.2687,2923.0,0.2686,896825.0,0.2697,53340.0,0.2698,800471.0
1753504106327,04:28:26.327,ALGO/USDT:USDT,0.2687,2923.0,0.2686,896825.0,0.2697,53340.0,0.2698,489914.0
1753504106531,04:28:26.531,ALGO/USDT:USDT,0.2687,2923.0,0.2686,896825.0,0.2697,53340.0,0.2698,650255.0
1753504106738,04:28:26.738,ALGO/USDT:USDT,0.2687,2923.0,0.2686,1025190.0,0.2697,53340.0,0.2699,1034294.0
1753504107127,04:28:27.127,ALGO/USDT:USDT,0.2687,2923.0,0.2686,1025190.0,0.2697,53340.0,0.2698,849196.0
1753504107329,04:28:27.329,ALGO/USDT:USDT,0.2687,2923.0,0.2686,1025190.0,0.2697,53340.0,0.2699,1034294.0
1753504107526,04:28:27.526,ALGO/USDT:USDT,0.2687,2923.0,0.2686,1025190.0,0.2697,53340.0,0.2699,1034294.0
1753504107726,04:28:27.726,ALGO/USDT:USDT,0.2687,2923.0,0.2686,1025190.0,0.2697,53340.0,0.2699,1034294.0
1753504107928,04:28:27.928,ALGO/USDT:USDT,0.2687,2923.0,0.2686,1025190.0,0.2697,53340.0,0.2699,1034294.0
1753504108128,04:28:28.128,ALGO/USDT:USDT,0.2687,2923.0,0.2686,1025190.0,0.2697,53340.0,0.2698,686291.0
1753504109130,04:28:29.130,ALGO/USDT:USDT,0.2687,2923.0,0.2686,1025190.0,0.2697,53340.0,0.2698,345846.0
1753504109325,04:28:29.325,ALGO/USDT:USDT,0.2687,2923.0,0.2686,1075584.0,0.2697,53340.0,0.2699,1034294.0
1753504109531,04:28:29.531,ALGO/USDT:USDT,0.2687,2923.0,0.2686,1075584.0,0.2697,53340.0,0.2699,1034294.0
1753504110338,04:28:30.338,ALGO/USDT:USDT,0.2687,2923.0,0.2686,1075584.0,0.2697,53340.0,0.2698,797083.0
1753504110730,04:28:30.730,ALGO/USDT:USDT,0.2687,2923.0,0.2686,1075584.0,0.2697,53340.0,0.2699,1034294.0
1753504110929,04:28:30.929,ALGO/USDT:USDT,0.2687,2923.0,0.2686,1075584.0,0.2697,53340.0,0.2699,1034294.0
1753504111329,04:28:31.329,ALGO/USDT:USDT,0.2687,2923.0,0.2686,1075584.0,0.2697,53340.0,0.2698,917081.0
1753504111527,04:28:31.527,ALGO/USDT:USDT,0.2687,2923.0,0.2686,1075584.0,0.2697,53340.0,0.2698,917081.0
1753504111729,04:28:31.729,ALGO/USDT:USDT,0.2687,2923.0,0.2686,1080912.0,0.2697,53340.0,0.2698,919892.0
1753504111926,04:28:31.926,ALGO/USDT:USDT,0.2687,2923.0,0.2686,1080912.0,0.2697,53340.0,0.2698,919892.0
1753504112127,04:28:32.127,ALGO/USDT:USDT,0.2687,2923.0,0.2686,1080912.0,0.2697,53340.0,0.2698,919892.0
1753504113328,04:28:33.328,ALGO/USDT:USDT,0.2687,2923.0,0.2686,1075584.0,0.2697,53340.0,0.2698,932546.0
1753504113525,04:28:33.525,ALGO/USDT:USDT,0.2687,2923.0,0.2686,1075584.0,0.2697,53340.0,0.2698,932546.0
1753504113925,04:28:33.925,ALGO/USDT:USDT,0.2687,2923.0,0.2686,1075584.0,0.2697,53340.0,0.2698,932546.0
1753504114526,04:28:34.526,ALGO/USDT:USDT,0.2687,2923.0,0.2686,1075584.0,0.2698,917081.0,0.2699,178768.0
1753504114729,04:28:34.729,ALGO/USDT:USDT,0.2687,2923.0,0.2686,1075584.0,0.2698,920026.0,0.2699,178768.0
1753504115527,04:28:35.527,ALGO/USDT:USDT,0.2687,2923.0,0.2686,1075584.0,0.2698,920026.0,0.2699,178768.0
1753504115729,04:28:35.729,ALGO/USDT:USDT,0.2687,2923.0,0.2686,1075584.0,0.2698,920026.0,0.2699,178768.0
1753504115925,04:28:35.925,ALGO/USDT:USDT,0.2687,2923.0,0.2686,1075584.0,0.2698,920026.0,0.2699,178768.0
1753504116529,04:28:36.529,ALGO/USDT:USDT,0.2687,2923.0,0.2686,1075584.0,0.2698,920026.0,0.2699,939447.0
1753504117125,04:28:37.125,ALGO/USDT:USDT,0.2687,2923.0,0.2686,1075584.0,0.2698,920026.0,0.2699,178768.0
1753504118325,04:28:38.325,ALGO/USDT:USDT,0.2687,2923.0,0.2686,1075584.0,0.2698,920026.0,0.2699,178768.0
1753504119326,04:28:39.326,ALGO/USDT:USDT,0.2687,2923.0,0.2686,1075584.0,0.2698,920026.0,0.2699,178768.0
1753504119726,04:28:39.726,ALGO/USDT:USDT,0.2687,2923.0,0.2686,1075584.0,0.2698,920026.0,0.2699,986619.0
1753504121130,04:28:41.130,ALGO/USDT:USDT,0.2687,131266.0,0.2686,947219.0,0.2698,920026.0,0.2699,825274.0
1753504121329,04:28:41.329,ALGO/USDT:USDT,0.2687,131266.0,0.2686,947219.0,0.2698,920026.0,0.2699,178768.0
1753504121930,04:28:41.930,ALGO/USDT:USDT,0.2687,131266.0,0.2686,947219.0,0.2698,920026.0,0.2699,178768.0
1753504122129,04:28:42.129,ALGO/USDT:USDT,0.2687,131266.0,0.2686,947219.0,0.2698,920026.0,0.2699,178768.0
1753504122330,04:28:42.330,ALGO/USDT:USDT,0.2687,131266.0,0.2686,947219.0,0.2698,920026.0,0.2699,178768.0
1753504122526,04:28:42.526,ALGO/USDT:USDT,0.2687,131266.0,0.2686,947219.0,0.2698,920026.0,0.2699,178768.0
1753504122928,04:28:42.928,ALGO/USDT:USDT,0.2687,131266.0,0.2686,947219.0,0.2698,920026.0,0.2699,983681.0
1753504123125,04:28:43.125,ALGO/USDT:USDT,0.2687,131266.0,0.2686,947219.0,0.2698,920026.0,0.2699,930585.0
1753504123929,04:28:43.929,ALGO/USDT:USDT,0.2687,883119.0,0.2686,947219.0,0.2699,2943.0,0.27,638465.0
1753504124128,04:28:44.128,ALGO/USDT:USDT,0.2687,131266.0,0.2686,947219.0,0.2699,712058.0,0.27,638465.0
1753504124531,04:28:44.531,ALGO/USDT:USDT,0.2687,131266.0,0.2686,947219.0,0.2699,712058.0,0.27,638465.0
1753504124730,04:28:44.730,ALGO/USDT:USDT,0.2687,131266.0,0.2686,947219.0,0.2699,712058.0,0.27,638465.0
1753504125330,04:28:45.330,ALGO/USDT:USDT,0.2687,131266.0,0.2686,947219.0,0.2699,712058.0,0.27,638465.0
1753504125527,04:28:45.527,ALGO/USDT:USDT,0.2687,131266.0,0.2686,947219.0,0.2699,712058.0,0.27,638465.0
1753504125932,04:28:45.932,ALGO/USDT:USDT,0.2687,131266.0,0.2686,947219.0,0.2699,712058.0,0.27,638465.0
1753504126127,04:28:46.127,ALGO/USDT:USDT,0.2687,131266.0,0.2686,947219.0,0.2699,712058.0,0.27,638465.0
1753504126929,04:28:46.929,ALGO/USDT:USDT,0.2687,131266.0,0.2686,947219.0,0.2699,712058.0,0.27,638465.0
1753504127128,04:28:47.128,ALGO/USDT:USDT,0.2687,131266.0,0.2686,947219.0,0.2699,712058.0,0.27,638465.0
1753504127528,04:28:47.528,ALGO/USDT:USDT,0.2687,131266.0,0.2686,947219.0,0.2699,712058.0,0.27,638465.0
1753504128127,04:28:48.127,ALGO/USDT:USDT,0.2687,131266.0,0.2686,947219.0,0.2699,712058.0,0.27,638465.0
1753504129535,04:28:49.535,ALGO/USDT:USDT,0.2687,2923.0,0.2686,1075540.0,0.2699,712058.0,0.27,638465.0
1753504129933,04:28:49.933,ALGO/USDT:USDT,0.2687,2923.0,0.2686,1075540.0,0.2699,712058.0,0.27,638465.0
1753504130125,04:28:50.125,ALGO/USDT:USDT,0.2687,2923.0,0.2686,1075540.0,0.2699,712058.0,0.27,638465.0
1753504130729,04:28:50.729,ALGO/USDT:USDT,0.2687,2923.0,0.2686,1075540.0,0.2699,712058.0,0.27,638465.0
1753504131534,04:28:51.534,ALGO/USDT:USDT,0.2687,2923.0,0.2686,1075540.0,0.2699,712058.0,0.27,638465.0
1753504131729,04:28:51.729,ALGO/USDT:USDT,0.2687,2923.0,0.2686,1075540.0,0.2699,712058.0,0.27,638465.0
1753504131930,04:28:51.930,ALGO/USDT:USDT,0.2687,2923.0,0.2686,1075540.0,0.2699,712058.0,0.27,638465.0
1753504132125,04:28:52.125,ALGO/USDT:USDT,0.2687,2923.0,0.2686,1075540.0,0.2699,712058.0,0.27,638465.0
1753504132328,04:28:52.328,ALGO/USDT:USDT,0.2687,2923.0,0.2686,1075540.0,0.2699,712058.0,0.27,638465.0
1753504132529,04:28:52.529,ALGO/USDT:USDT,0.2687,2923.0,0.2686,1075540.0,0.2699,712058.0,0.27,638465.0
1753504132728,04:28:52.728,ALGO/USDT:USDT,0.2687,2923.0,0.2686,1075540.0,0.2699,712058.0,0.27,638465.0
1753504132930,04:28:52.930,ALGO/USDT:USDT,0.2687,2923.0,0.2686,1075540.0,0.2699,712058.0,0.27,638465.0
1753504133125,04:28:53.125,ALGO/USDT:USDT,0.2687,2923.0,0.2686,1075540.0,0.2699,712058.0,0.27,638465.0
1753504133526,04:28:53.526,ALGO/USDT:USDT,0.2687,131234.0,0.2686,947219.0,0.2699,712058.0,0.27,638465.0
1753504133928,04:28:53.928,ALGO/USDT:USDT,0.2687,131234.0,0.2686,947219.0,0.2699,712058.0,0.27,638465.0
1753504134134,04:28:54.134,ALGO/USDT:USDT,0.2687,131234.0,0.2686,947219.0,0.2699,712058.0,0.27,638465.0
1753504134327,04:28:54.327,ALGO/USDT:USDT,0.2687,131234.0,0.2686,947219.0,0.2699,712058.0,0.27,638465.0
1753504134530,04:28:54.530,ALGO/USDT:USDT,0.2687,131234.0,0.2686,947219.0,0.2699,712058.0,0.27,638465.0
1753504134729,04:28:54.729,ALGO/USDT:USDT,0.2687,131234.0,0.2686,947219.0,0.2699,712058.0,0.27,638465.0
1753504134929,04:28:54.929,ALGO/USDT:USDT,0.2687,131234.0,0.2686,947219.0,0.2699,712058.0,0.27,638465.0
1753504135330,04:28:55.330,ALGO/USDT:USDT,0.2687,131234.0,0.2686,947219.0,0.2699,712058.0,0.27,638465.0
1753504135541,04:28:55.541,ALGO/USDT:USDT,0.2687,131234.0,0.2686,947219.0,0.2699,712058.0,0.27,638465.0
1753504135726,04:28:55.726,ALGO/USDT:USDT,0.2687,131234.0,0.2686,947219.0,0.2699,712058.0,0.27,638465.0
1753504136928,04:28:56.928,ALGO/USDT:USDT,0.2687,131234.0,0.2686,947219.0,0.2699,712058.0,0.27,638465.0
1753504137130,04:28:57.130,ALGO/USDT:USDT,0.2687,131234.0,0.2686,947219.0,0.2699,712058.0,0.27,638465.0
1753504138125,04:28:58.125,ALGO/USDT:USDT,0.2687,131234.0,0.2686,947219.0,0.2699,712058.0,0.27,638465.0
1753504138729,04:28:58.729,ALGO/USDT:USDT,0.2687,131234.0,0.2686,947219.0,0.2699,712058.0,0.27,638465.0
1753504139729,04:28:59.729,ALGO/USDT:USDT,0.2687,131234.0,0.2686,947219.0,0.2699,712058.0,0.27,638465.0
1753504139931,04:28:59.931,ALGO/USDT:USDT,0.2687,131234.0,0.2686,947219.0,0.2699,712058.0,0.27,638465.0
1753504140525,04:29:00.525,ALGO/USDT:USDT,0.2687,131234.0,0.2686,947219.0,0.2699,712058.0,0.27,638465.0
1753504140730,04:29:00.730,ALGO/USDT:USDT,0.2687,131234.0,0.2686,947219.0,0.2699,712058.0,0.27,638465.0
1753504141128,04:29:01.128,ALGO/USDT:USDT,0.2687,131234.0,0.2686,947219.0,0.2699,712058.0,0.27,638465.0
1753504141328,04:29:01.328,ALGO/USDT:USDT,0.2687,131234.0,0.2686,947219.0,0.2699,712058.0,0.27,638465.0
1753504141526,04:29:01.526,ALGO/USDT:USDT,0.2687,131234.0,0.2686,947219.0,0.2699,712058.0,0.27,638465.0
1753504141927,04:29:01.927,ALGO/USDT:USDT,0.2687,131234.0,0.2686,947219.0,0.2699,712058.0,0.27,638465.0
1753504142129,04:29:02.129,ALGO/USDT:USDT,0.2687,131234.0,0.2686,947219.0,0.2699,712058.0,0.27,638465.0
1753504143329,04:29:03.329,ALGO/USDT:USDT,0.2687,131234.0,0.2686,947219.0,0.2699,712058.0,0.27,638465.0
1753504143726,04:29:03.726,ALGO/USDT:USDT,0.2687,131234.0,0.2686,947219.0,0.2699,712058.0,0.27,638465.0
1753504143726,04:29:03.726,ALGO/USDT:USDT,0.2687,131234.0,0.2686,947219.0,0.2699,712058.0,0.27,638465.0
1753504143928,04:29:03.928,ALGO/USDT:USDT,0.2687,131234.0,0.2686,947219.0,0.2699,712058.0,0.27,638465.0
1753504144129,04:29:04.129,ALGO/USDT:USDT,0.2687,131234.0,0.2686,947219.0,0.2699,712058.0,0.27,638465.0
