timestamp,time,symbol,bid1_price,bid1_volume,bid2_price,bid2_volume,ask1_price,ask1_volume,ask2_price,ask2_volume
1753503305328,04:15:05.328,ACH/USDT:USDT,0.022418,7782.0,0.022416,5312.0,0.022419,284142.0,0.022421,13380.0
1753503305478,04:15:05.478,ACH/USDT:USDT,0.022418,7782.0,0.022416,5312.0,0.022419,284142.0,0.022421,13380.0
1753503305628,04:15:05.628,ACH/USDT:USDT,0.022418,7782.0,0.022416,5312.0,0.022419,284142.0,0.022421,13380.0
1753503306078,04:15:06.078,ACH/USDT:USDT,0.022418,7782.0,0.022416,5312.0,0.022419,284142.0,0.022421,13380.0
1753503306228,04:15:06.228,ACH/USDT:USDT,0.022418,7782.0,0.022416,5312.0,0.022419,284142.0,0.022421,13380.0
1753503306378,04:15:06.378,ACH/USDT:USDT,0.022418,7782.0,0.022416,5312.0,0.022419,284142.0,0.022421,13380.0
1753503306528,04:15:06.528,ACH/USDT:USDT,0.022418,7782.0,0.022416,5312.0,0.022419,284142.0,0.022421,13380.0
1753503306829,04:15:06.829,ACH/USDT:USDT,0.022418,7782.0,0.022416,5312.0,0.022419,284142.0,0.022421,13380.0
1753503306979,04:15:06.979,ACH/USDT:USDT,0.022418,7782.0,0.022416,5312.0,0.022419,284142.0,0.022421,13380.0
1753503307129,04:15:07.129,ACH/USDT:USDT,0.022418,7782.0,0.022416,5312.0,0.022419,284142.0,0.022421,13380.0
1753503307279,04:15:07.279,ACH/USDT:USDT,0.022418,7782.0,0.022416,5312.0,0.022419,284142.0,0.022421,13380.0
1753503307429,04:15:07.429,ACH/USDT:USDT,0.022418,7782.0,0.022416,5312.0,0.022419,284142.0,0.022421,13380.0
1753503307579,04:15:07.579,ACH/USDT:USDT,0.022418,7782.0,0.022416,5312.0,0.022419,284142.0,0.022421,13380.0
1753503307879,04:15:07.879,ACH/USDT:USDT,0.022418,7782.0,0.022416,5312.0,0.022419,284142.0,0.022421,13380.0
1753503308029,04:15:08.029,ACH/USDT:USDT,0.022418,7782.0,0.022416,5312.0,0.022419,284142.0,0.022421,13380.0
1753503308330,04:15:08.330,ACH/USDT:USDT,0.022418,7782.0,0.022416,5312.0,0.022419,284142.0,0.022421,13380.0
1753503308630,04:15:08.630,ACH/USDT:USDT,0.022418,7782.0,0.022416,5312.0,0.022419,284142.0,0.022421,13380.0
1753503308930,04:15:08.930,ACH/USDT:USDT,0.022418,2878.0,0.022416,5312.0,0.022419,284142.0,0.022421,13380.0
1753503309080,04:15:09.080,ACH/USDT:USDT,0.022418,2878.0,0.022416,5312.0,0.022419,284142.0,0.022421,13380.0
1753503309230,04:15:09.230,ACH/USDT:USDT,0.022418,2878.0,0.022416,5312.0,0.022419,284142.0,0.022421,13380.0
1753503309380,04:15:09.380,ACH/USDT:USDT,0.022418,2878.0,0.022416,5312.0,0.022419,284142.0,0.022421,13380.0
1753503309680,04:15:09.680,ACH/USDT:USDT,0.022418,2878.0,0.022416,5312.0,0.022419,284142.0,0.022421,15949.0
1753503309981,04:15:09.981,ACH/USDT:USDT,0.022417,2877.0,0.022416,5312.0,0.022418,85243.0,0.022419,284142.0
1753503310131,04:15:10.131,ACH/USDT:USDT,0.022418,9186.0,0.022417,9001.0,0.022419,284142.0,0.022421,18826.0
1753503310281,04:15:10.281,ACH/USDT:USDT,0.022418,12063.0,0.022416,5291.0,0.022419,284142.0,0.022421,18826.0
1753503310431,04:15:10.431,ACH/USDT:USDT,0.022418,12063.0,0.022416,5291.0,0.022419,284142.0,0.022421,18826.0
1753503310731,04:15:10.731,ACH/USDT:USDT,0.022418,9186.0,0.022416,5291.0,0.022419,284142.0,0.022421,18826.0
1753503310881,04:15:10.881,ACH/USDT:USDT,0.022418,9186.0,0.022416,5291.0,0.022419,284142.0,0.022421,18826.0
1753503311181,04:15:11.181,ACH/USDT:USDT,0.022418,9186.0,0.022416,5291.0,0.022419,284142.0,0.022421,18826.0
1753503311332,04:15:11.332,ACH/USDT:USDT,0.022418,9186.0,0.022416,5291.0,0.022419,284142.0,0.022421,18826.0
1753503311482,04:15:11.482,ACH/USDT:USDT,0.022405,2815.0,0.022401,9579.0,0.022419,284142.0,0.022421,18826.0
1753503312082,04:15:12.082,ACH/USDT:USDT,0.022416,8167.0,0.022414,7735.0,0.022418,85243.0,0.022419,284142.0
1753503312232,04:15:12.232,ACH/USDT:USDT,0.022416,8167.0,0.022414,7735.0,0.022418,85243.0,0.022419,284142.0
1753503312382,04:15:12.382,ACH/USDT:USDT,0.022416,8167.0,0.022414,7735.0,0.022418,85243.0,0.022419,284142.0
1753503312532,04:15:12.532,ACH/USDT:USDT,0.022416,8167.0,0.022414,7735.0,0.022418,85243.0,0.022419,284142.0
1753503312682,04:15:12.682,ACH/USDT:USDT,0.022416,8167.0,0.022414,7735.0,0.022418,85243.0,0.022419,284142.0
1753503312833,04:15:12.833,ACH/USDT:USDT,0.022416,8167.0,0.022414,7735.0,0.022418,85243.0,0.022419,284142.0
1753503312983,04:15:12.983,ACH/USDT:USDT,0.022416,5290.0,0.022414,7735.0,0.022418,85243.0,0.022419,284142.0
1753503313133,04:15:13.133,ACH/USDT:USDT,0.022416,5290.0,0.022414,7735.0,0.022418,85243.0,0.022419,284142.0
1753503313433,04:15:13.433,ACH/USDT:USDT,0.022416,5290.0,0.022414,7735.0,0.022418,85243.0,0.022419,284142.0
1753503313583,04:15:13.583,ACH/USDT:USDT,0.022416,5290.0,0.022414,7735.0,0.022418,85243.0,0.022419,284142.0
1753503313883,04:15:13.883,ACH/USDT:USDT,0.022416,5290.0,0.022414,7735.0,0.022418,85243.0,0.022419,284142.0
1753503314033,04:15:14.033,ACH/USDT:USDT,0.022416,8167.0,0.022414,7735.0,0.022418,85243.0,0.022419,284142.0
1753503314183,04:15:14.183,ACH/USDT:USDT,0.022416,8167.0,0.022414,7735.0,0.022418,85243.0,0.022419,284142.0
1753503314483,04:15:14.483,ACH/USDT:USDT,0.022416,8167.0,0.022414,7735.0,0.022418,85243.0,0.022419,284142.0
1753503314634,04:15:14.634,ACH/USDT:USDT,0.022416,8167.0,0.022414,7735.0,0.022418,85243.0,0.022419,284142.0
1753503314784,04:15:14.784,ACH/USDT:USDT,0.022416,8167.0,0.022414,7735.0,0.022418,85243.0,0.022419,284142.0
1753503314934,04:15:14.934,ACH/USDT:USDT,0.022416,8167.0,0.022414,7735.0,0.022418,85243.0,0.022419,284142.0
1753503315234,04:15:15.234,ACH/USDT:USDT,0.022416,8167.0,0.022414,7735.0,0.022418,85243.0,0.022419,284142.0
1753503315384,04:15:15.384,ACH/USDT:USDT,0.022416,8167.0,0.022414,7735.0,0.022418,85243.0,0.022419,284142.0
1753503315834,04:15:15.834,ACH/USDT:USDT,0.022416,8167.0,0.022414,7735.0,0.022418,85243.0,0.022419,284142.0
1753503315984,04:15:15.984,ACH/USDT:USDT,0.022416,8167.0,0.022414,7735.0,0.022418,85243.0,0.022419,284142.0
1753503316135,04:15:16.135,ACH/USDT:USDT,0.022416,8167.0,0.022414,7735.0,0.022418,85243.0,0.022419,284142.0
1753503316285,04:15:16.285,ACH/USDT:USDT,0.022416,8167.0,0.022414,7735.0,0.022418,85243.0,0.022419,284142.0
1753503316435,04:15:16.435,ACH/USDT:USDT,0.022416,8167.0,0.022414,7735.0,0.022418,85243.0,0.022419,284142.0
1753503316585,04:15:16.585,ACH/USDT:USDT,0.022416,8167.0,0.022414,7735.0,0.022418,85243.0,0.022419,284142.0
1753503316735,04:15:16.735,ACH/USDT:USDT,0.022416,8167.0,0.022414,7735.0,0.022418,85243.0,0.022419,284142.0
1753503316885,04:15:16.885,ACH/USDT:USDT,0.022416,8167.0,0.022414,7735.0,0.022418,85243.0,0.022419,284142.0
1753503317035,04:15:17.035,ACH/USDT:USDT,0.022417,2900.0,0.022416,5290.0,0.022419,284142.0,0.02242,2569.0
1753503317335,04:15:17.335,ACH/USDT:USDT,0.022417,2900.0,0.022415,5292.0,0.022419,284142.0,0.022421,13380.0
1753503317635,04:15:17.635,ACH/USDT:USDT,0.022417,2900.0,0.022415,5292.0,0.022419,284142.0,0.022421,13380.0
1753503317786,04:15:17.786,ACH/USDT:USDT,0.022417,2900.0,0.022415,5292.0,0.022419,284142.0,0.022421,15945.0
1753503317936,04:15:17.936,ACH/USDT:USDT,0.022417,2900.0,0.022415,5292.0,0.022419,284142.0,0.022421,15945.0
1753503318086,04:15:18.086,ACH/USDT:USDT,0.022417,2900.0,0.022415,5292.0,0.022419,284142.0,0.022421,15945.0
1753503318236,04:15:18.236,ACH/USDT:USDT,0.022417,2900.0,0.022415,5292.0,0.022419,284142.0,0.022421,15945.0
1753503318536,04:15:18.536,ACH/USDT:USDT,0.022417,2900.0,0.022415,5292.0,0.022419,284142.0,0.022421,15945.0
1753503318686,04:15:18.686,ACH/USDT:USDT,0.022417,2900.0,0.022415,5292.0,0.022419,284142.0,0.022421,15945.0
1753503318836,04:15:18.836,ACH/USDT:USDT,0.022417,2900.0,0.022415,5292.0,0.022419,284142.0,0.022421,15945.0
1753503318986,04:15:18.986,ACH/USDT:USDT,0.022417,2900.0,0.022415,5292.0,0.022419,284142.0,0.022421,15945.0
1753503319136,04:15:19.136,ACH/USDT:USDT,0.022417,2900.0,0.022415,5292.0,0.022419,284142.0,0.022421,15945.0
1753503319437,04:15:19.437,ACH/USDT:USDT,0.022417,2900.0,0.022415,5292.0,0.022419,284142.0,0.022421,15945.0
1753503319587,04:15:19.587,ACH/USDT:USDT,0.022417,2900.0,0.022415,5292.0,0.022419,284142.0,0.022421,15945.0
1753503319887,04:15:19.887,ACH/USDT:USDT,0.022417,2900.0,0.022415,5292.0,0.022419,284142.0,0.022421,15945.0
1753503320037,04:15:20.037,ACH/USDT:USDT,0.022417,2900.0,0.022415,5292.0,0.022419,284142.0,0.022421,15945.0
1753503320187,04:15:20.187,ACH/USDT:USDT,0.022417,2900.0,0.022415,5292.0,0.022419,284142.0,0.022421,15945.0
1753503320337,04:15:20.337,ACH/USDT:USDT,0.022417,2900.0,0.022415,5292.0,0.022419,284142.0,0.022421,15945.0
1753503320487,04:15:20.487,ACH/USDT:USDT,0.022417,2900.0,0.022415,5292.0,0.022419,284142.0,0.022421,15945.0
1753503320637,04:15:20.637,ACH/USDT:USDT,0.022417,2900.0,0.022415,5292.0,0.022419,284142.0,0.022421,15945.0
1753503320787,04:15:20.787,ACH/USDT:USDT,0.022417,2900.0,0.022416,2445.0,0.022419,284142.0,0.022421,13380.0
1753503320938,04:15:20.938,ACH/USDT:USDT,0.022417,2900.0,0.022416,2445.0,0.022419,284142.0,0.022421,13380.0
1753503321088,04:15:21.088,ACH/USDT:USDT,0.022419,40000.0,0.022417,2900.0,0.022421,7860.0,0.022427,12734.0
1753503321238,04:15:21.238,ACH/USDT:USDT,0.02242,2900.0,0.022419,893.0,0.022424,283990.0,0.022425,2900.0
1753503321388,04:15:21.388,ACH/USDT:USDT,0.02242,2900.0,0.022419,893.0,0.022423,85197.0,0.022424,283990.0
1753503321538,04:15:21.538,ACH/USDT:USDT,0.02242,2900.0,0.022419,893.0,0.022423,85197.0,0.022424,283990.0
1753503321688,04:15:21.688,ACH/USDT:USDT,0.022417,2900.0,0.022416,5290.0,0.022423,85197.0,0.022424,287401.0
1753503321988,04:15:21.988,ACH/USDT:USDT,0.022417,2900.0,0.022415,5290.0,0.022422,2900.0,0.022423,85197.0
1753503322138,04:15:22.138,ACH/USDT:USDT,0.022417,2900.0,0.022415,5290.0,0.022422,2900.0,0.022423,85197.0
1753503322288,04:15:22.288,ACH/USDT:USDT,0.022417,2900.0,0.022415,5290.0,0.022422,44599.0,0.022423,85197.0
1753503322439,04:15:22.439,ACH/USDT:USDT,0.022417,2900.0,0.022416,2445.0,0.022421,13380.0,0.022422,47499.0
1753503322589,04:15:22.589,ACH/USDT:USDT,0.022418,6124.0,0.022417,2900.0,0.022421,13380.0,0.022422,47499.0
1753503322739,04:15:22.739,ACH/USDT:USDT,0.022419,2900.0,0.022418,6124.0,0.022421,13380.0,0.022422,47499.0
1753503322889,04:15:22.889,ACH/USDT:USDT,0.022419,2900.0,0.022417,5290.0,0.022421,13380.0,0.022422,47499.0
1753503323039,04:15:23.039,ACH/USDT:USDT,0.022417,5290.0,0.022416,2445.0,0.022421,13380.0,0.022422,44599.0
1753503323189,04:15:23.189,ACH/USDT:USDT,0.022418,2900.0,0.022417,5290.0,0.022421,13380.0,0.022422,44599.0
1753503323489,04:15:23.489,ACH/USDT:USDT,0.022418,2900.0,0.022416,7735.0,0.022421,13380.0,0.022422,44599.0
1753503323639,04:15:23.639,ACH/USDT:USDT,0.022418,2900.0,0.022416,7735.0,0.022421,13380.0,0.022422,44599.0
1753503323789,04:15:23.789,ACH/USDT:USDT,0.022418,2900.0,0.022416,7735.0,0.022421,13380.0,0.022422,44599.0
1753503324089,04:15:24.089,ACH/USDT:USDT,0.022418,2900.0,0.022416,7735.0,0.022421,13380.0,0.022422,44599.0
1753503324240,04:15:24.240,ACH/USDT:USDT,0.022416,7735.0,0.022413,2877.0,0.02242,2900.0,0.022421,13380.0
1753503324390,04:15:24.390,ACH/USDT:USDT,0.022417,9024.0,0.022416,7735.0,0.02242,2900.0,0.022421,13380.0
1753503324540,04:15:24.540,ACH/USDT:USDT,0.022417,9024.0,0.022416,2445.0,0.02242,2900.0,0.022421,13380.0
1753503324690,04:15:24.690,ACH/USDT:USDT,0.022418,6124.0,0.022417,6124.0,0.02242,2900.0,0.022421,13380.0
1753503325290,04:15:25.290,ACH/USDT:USDT,0.022419,2900.0,0.022417,5290.0,0.022421,13380.0,0.022422,44599.0
1753503325440,04:15:25.440,ACH/USDT:USDT,0.022419,2900.0,0.022417,5290.0,0.022421,13380.0,0.022422,44599.0
1753503325590,04:15:25.590,ACH/USDT:USDT,0.022419,2900.0,0.022417,5290.0,0.022421,13380.0,0.022422,44599.0
1753503325741,04:15:25.741,ACH/USDT:USDT,0.022419,2900.0,0.022417,5290.0,0.022421,13380.0,0.022422,44599.0
1753503325891,04:15:25.891,ACH/USDT:USDT,0.022419,2900.0,0.022417,5290.0,0.022421,13380.0,0.022422,44599.0
1753503326041,04:15:26.041,ACH/USDT:USDT,0.022419,2900.0,0.022417,5290.0,0.022421,13380.0,0.022422,44599.0
1753503326341,04:15:26.341,ACH/USDT:USDT,0.022419,2900.0,0.022417,5290.0,0.022421,13380.0,0.022422,44599.0
1753503326641,04:15:26.641,ACH/USDT:USDT,0.022419,2900.0,0.022417,5290.0,0.022421,13380.0,0.022422,44599.0
1753503326791,04:15:26.791,ACH/USDT:USDT,0.022419,2900.0,0.022417,5290.0,0.022421,13380.0,0.022422,44599.0
1753503326941,04:15:26.941,ACH/USDT:USDT,0.022419,2900.0,0.022417,5290.0,0.022421,13380.0,0.022422,44599.0
1753503327091,04:15:27.091,ACH/USDT:USDT,0.022419,2900.0,0.022417,5290.0,0.022421,13380.0,0.022422,44599.0
1753503327241,04:15:27.241,ACH/USDT:USDT,0.022419,2900.0,0.022417,5290.0,0.022421,13380.0,0.022422,44599.0
1753503327542,04:15:27.542,ACH/USDT:USDT,0.022419,2900.0,0.022417,5290.0,0.022421,13380.0,0.022422,44599.0
1753503327692,04:15:27.692,ACH/USDT:USDT,0.022419,2900.0,0.022417,5290.0,0.022421,13380.0,0.022422,44599.0
1753503327842,04:15:27.842,ACH/USDT:USDT,0.022419,2900.0,0.022417,5290.0,0.022421,13380.0,0.022422,44599.0
1753503328442,04:15:28.442,ACH/USDT:USDT,0.02242,7017.0,0.022419,2445.0,0.022422,44599.0,0.022423,85197.0
1753503329043,04:15:29.043,ACH/USDT:USDT,0.02242,7017.0,0.022419,2445.0,0.022422,44599.0,0.022423,85197.0
1753503329193,04:15:29.193,ACH/USDT:USDT,0.02242,7017.0,0.022419,2445.0,0.022422,44599.0,0.022423,85197.0
1753503329343,04:15:29.343,ACH/USDT:USDT,0.02242,7017.0,0.022419,2445.0,0.022422,44599.0,0.022423,85197.0
1753503329493,04:15:29.493,ACH/USDT:USDT,0.02242,7017.0,0.022419,2445.0,0.022422,44599.0,0.022423,85197.0
1753503329643,04:15:29.643,ACH/USDT:USDT,0.02242,9935.0,0.022419,2445.0,0.022422,44599.0,0.022423,85197.0
1753503329793,04:15:29.793,ACH/USDT:USDT,0.02242,9935.0,0.022419,2445.0,0.022422,44599.0,0.022423,85197.0
1753503329943,04:15:29.943,ACH/USDT:USDT,0.02242,9935.0,0.022419,2445.0,0.022422,44599.0,0.022423,85197.0
1753503330243,04:15:30.243,ACH/USDT:USDT,0.022421,2918.0,0.02242,7017.0,0.022422,44599.0,0.022423,85197.0
1753503330393,04:15:30.393,ACH/USDT:USDT,0.022421,2918.0,0.02242,893.0,0.022422,44599.0,0.022423,85197.0
1753503330543,04:15:30.543,ACH/USDT:USDT,0.022421,2918.0,0.02242,893.0,0.022422,44599.0,0.022423,85197.0
1753503330694,04:15:30.694,ACH/USDT:USDT,0.02242,893.0,0.022419,7735.0,0.022422,44599.0,0.022423,85197.0
1753503330994,04:15:30.994,ACH/USDT:USDT,0.022421,2918.0,0.02242,893.0,0.022422,44599.0,0.022423,85197.0
1753503331144,04:15:31.144,ACH/USDT:USDT,0.022421,2918.0,0.02242,893.0,0.022422,44599.0,0.022423,85197.0
1753503331294,04:15:31.294,ACH/USDT:USDT,0.022419,8208.0,0.022413,2877.0,0.022422,44599.0,0.022423,85197.0
1753503331444,04:15:31.444,ACH/USDT:USDT,0.02242,2918.0,0.022419,5290.0,0.022421,13380.0,0.022422,44599.0
1753503331594,04:15:31.594,ACH/USDT:USDT,0.02242,9042.0,0.022418,7862.0,0.022422,44599.0,0.022423,85197.0
1753503331894,04:15:31.894,ACH/USDT:USDT,0.02242,9042.0,0.022418,7862.0,0.022422,44599.0,0.022423,85197.0
1753503332044,04:15:32.044,ACH/USDT:USDT,0.02242,9042.0,0.022418,7862.0,0.022422,44599.0,0.022423,85197.0
1753503332194,04:15:32.194,ACH/USDT:USDT,0.02242,9042.0,0.022418,7862.0,0.022422,44599.0,0.022423,85197.0
1753503332345,04:15:32.345,ACH/USDT:USDT,0.02242,9042.0,0.022418,7862.0,0.022422,44599.0,0.022423,85197.0
1753503332495,04:15:32.495,ACH/USDT:USDT,0.02242,9042.0,0.022418,7862.0,0.022422,44599.0,0.022423,85197.0
1753503332645,04:15:32.645,ACH/USDT:USDT,0.02242,9042.0,0.022418,7862.0,0.022422,44599.0,0.022423,85197.0
1753503332795,04:15:32.795,ACH/USDT:USDT,0.02242,9042.0,0.022418,7862.0,0.022422,44599.0,0.022423,85197.0
1753503333095,04:15:33.095,ACH/USDT:USDT,0.022421,2918.0,0.02242,6124.0,0.022422,44599.0,0.022423,85197.0
1753503333395,04:15:33.395,ACH/USDT:USDT,0.022421,2918.0,0.022419,5291.0,0.022422,44599.0,0.022423,85197.0
1753503333545,04:15:33.545,ACH/USDT:USDT,0.022421,2918.0,0.022419,5291.0,0.022422,44599.0,0.022423,85197.0
1753503333695,04:15:33.695,ACH/USDT:USDT,0.022421,2918.0,0.022419,5291.0,0.022422,44599.0,0.022423,85197.0
1753503333996,04:15:33.996,ACH/USDT:USDT,0.022421,2918.0,0.022419,5291.0,0.022422,44599.0,0.022423,85197.0
1753503334146,04:15:34.146,ACH/USDT:USDT,0.022418,2572.0,0.022417,9541.0,0.022422,44599.0,0.022423,85197.0
1753503334446,04:15:34.446,ACH/USDT:USDT,0.022419,2918.0,0.022418,2572.0,0.022421,13380.0,0.022422,44599.0
1753503334596,04:15:34.596,ACH/USDT:USDT,0.022419,2918.0,0.022418,2572.0,0.022421,13380.0,0.022422,44599.0
1753503334746,04:15:34.746,ACH/USDT:USDT,0.022419,2918.0,0.022418,2572.0,0.022421,13380.0,0.022422,44599.0
1753503334896,04:15:34.896,ACH/USDT:USDT,0.022419,2918.0,0.022418,2572.0,0.022421,13380.0,0.022422,44599.0
1753503335196,04:15:35.196,ACH/USDT:USDT,0.02242,6124.0,0.022419,2918.0,0.022422,44599.0,0.022424,283990.0
1753503335346,04:15:35.346,ACH/USDT:USDT,0.02242,2918.0,0.022418,5291.0,0.022422,44599.0,0.022423,85197.0
1753503335497,04:15:35.497,ACH/USDT:USDT,0.022418,5291.0,0.022413,2877.0,0.022422,44599.0,0.022423,85197.0
1753503335947,04:15:35.947,ACH/USDT:USDT,0.022419,2918.0,0.022417,5291.0,0.022421,13380.0,0.022422,44599.0
1753503336097,04:15:36.097,ACH/USDT:USDT,0.022419,2918.0,0.022417,5291.0,0.022421,13380.0,0.022422,44599.0
1753503336247,04:15:36.247,ACH/USDT:USDT,0.022419,2918.0,0.022417,5291.0,0.022421,13380.0,0.022422,44599.0
1753503336397,04:15:36.397,ACH/USDT:USDT,0.022418,2918.0,0.022417,5291.0,0.022421,13380.0,0.022422,44599.0
1753503336547,04:15:36.547,ACH/USDT:USDT,0.022418,2918.0,0.022416,8702.0,0.022421,13380.0,0.022422,44599.0
1753503336697,04:15:36.697,ACH/USDT:USDT,0.022418,2918.0,0.022416,8702.0,0.022421,13380.0,0.022422,44599.0
1753503336847,04:15:36.847,ACH/USDT:USDT,0.022418,2918.0,0.022416,8702.0,0.022421,13380.0,0.022422,44599.0
1753503336997,04:15:36.997,ACH/USDT:USDT,0.022418,2918.0,0.022416,8702.0,0.022421,13380.0,0.022422,44599.0
1753503337148,04:15:37.148,ACH/USDT:USDT,0.022418,2918.0,0.022416,8702.0,0.022421,13380.0,0.022422,44599.0
1753503337298,04:15:37.298,ACH/USDT:USDT,0.022418,2918.0,0.022416,8702.0,0.022421,13380.0,0.022422,44599.0
1753503337448,04:15:37.448,ACH/USDT:USDT,0.022418,2918.0,0.022416,8702.0,0.022421,13380.0,0.022422,44599.0
1753503337598,04:15:37.598,ACH/USDT:USDT,0.022418,2918.0,0.022416,8702.0,0.022421,13380.0,0.022422,44599.0
1753503337748,04:15:37.748,ACH/USDT:USDT,0.022418,2918.0,0.022416,8702.0,0.022421,13380.0,0.022422,44599.0
1753503337898,04:15:37.898,ACH/USDT:USDT,0.022417,2862.0,0.022416,8702.0,0.022421,13380.0,0.022422,44599.0
1753503338048,04:15:38.048,ACH/USDT:USDT,0.022417,2862.0,0.022416,3411.0,0.022421,13380.0,0.022422,44599.0
1753503338198,04:15:38.198,ACH/USDT:USDT,0.022417,2862.0,0.022416,3411.0,0.022421,13380.0,0.022422,44599.0
1753503338348,04:15:38.348,ACH/USDT:USDT,0.022417,2862.0,0.022416,3411.0,0.022421,13380.0,0.022422,44599.0
1753503338498,04:15:38.498,ACH/USDT:USDT,0.022417,2862.0,0.022416,3411.0,0.022421,13380.0,0.022422,44599.0
1753503338648,04:15:38.648,ACH/USDT:USDT,0.022417,2862.0,0.022416,3411.0,0.022421,13380.0,0.022422,44599.0
1753503338799,04:15:38.799,ACH/USDT:USDT,0.022417,2862.0,0.022416,3411.0,0.022421,13380.0,0.022422,44599.0
1753503338949,04:15:38.949,ACH/USDT:USDT,0.022417,2862.0,0.022416,3411.0,0.022421,13380.0,0.022422,44599.0
1753503339099,04:15:39.099,ACH/USDT:USDT,0.022417,2862.0,0.022416,3411.0,0.022421,13380.0,0.022422,44599.0
1753503339249,04:15:39.249,ACH/USDT:USDT,0.022417,2862.0,0.022416,3411.0,0.022421,13380.0,0.022422,44599.0
1753503339399,04:15:39.399,ACH/USDT:USDT,0.022417,2862.0,0.022416,3411.0,0.022421,13380.0,0.022422,44599.0
1753503339699,04:15:39.699,ACH/USDT:USDT,0.022417,2862.0,0.022416,3411.0,0.022421,13380.0,0.022422,44599.0
1753503339999,04:15:39.999,ACH/USDT:USDT,0.022417,2862.0,0.022416,3411.0,0.022421,13380.0,0.022422,44599.0
1753503340149,04:15:40.149,ACH/USDT:USDT,0.022417,2862.0,0.022416,3411.0,0.022421,13380.0,0.022422,44599.0
1753503340300,04:15:40.300,ACH/USDT:USDT,0.022417,2862.0,0.022416,3411.0,0.022421,13380.0,0.022422,44599.0
1753503340450,04:15:40.450,ACH/USDT:USDT,0.022417,2862.0,0.022416,3411.0,0.022421,13380.0,0.022422,44599.0
1753503341050,04:15:41.050,ACH/USDT:USDT,0.022417,2862.0,0.022416,3411.0,0.022421,13380.0,0.022422,44599.0
1753503341200,04:15:41.200,ACH/USDT:USDT,0.022417,2862.0,0.022416,3411.0,0.022421,13380.0,0.022422,44599.0
1753503341350,04:15:41.350,ACH/USDT:USDT,0.022416,3411.0,0.022415,5292.0,0.022421,13380.0,0.022422,44599.0
1753503341500,04:15:41.500,ACH/USDT:USDT,0.022417,2862.0,0.022416,3411.0,0.02242,2862.0,0.022421,13380.0
1753503341650,04:15:41.650,ACH/USDT:USDT,0.022419,6124.0,0.022417,2862.0,0.02242,2862.0,0.022421,13380.0
1753503341800,04:15:41.800,ACH/USDT:USDT,0.022419,6124.0,0.022417,8156.0,0.02242,2862.0,0.022421,13380.0
1753503341951,04:15:41.951,ACH/USDT:USDT,0.022419,6124.0,0.022417,8156.0,0.022423,85197.0,0.022424,283990.0
1753503342101,04:15:42.101,ACH/USDT:USDT,0.022422,6124.0,0.022421,2862.0,0.022423,85197.0,0.022425,283966.0
1753503342251,04:15:42.251,ACH/USDT:USDT,0.022422,8986.0,0.02242,5294.0,0.022424,85190.0,0.022425,283966.0
1753503342401,04:15:42.401,ACH/USDT:USDT,0.022422,8986.0,0.02242,5294.0,0.022424,85190.0,0.022425,283966.0
1753503342551,04:15:42.551,ACH/USDT:USDT,0.022422,8986.0,0.02242,5294.0,0.022424,85190.0,0.022425,283966.0
1753503342701,04:15:42.701,ACH/USDT:USDT,0.022422,8986.0,0.02242,5294.0,0.022424,85190.0,0.022425,283966.0
1753503342851,04:15:42.851,ACH/USDT:USDT,0.022422,8986.0,0.02242,5294.0,0.022424,85190.0,0.022425,283966.0
1753503343001,04:15:43.001,ACH/USDT:USDT,0.022422,8986.0,0.02242,5294.0,0.022424,85190.0,0.022425,283966.0
1753503343301,04:15:43.301,ACH/USDT:USDT,0.022423,2862.0,0.022421,5293.0,0.022425,283966.0,0.022426,2862.0
1753503343451,04:15:43.451,ACH/USDT:USDT,0.022423,2862.0,0.022421,5293.0,0.022425,283966.0,0.022426,2862.0
1753503343602,04:15:43.602,ACH/USDT:USDT,0.022421,5293.0,0.022416,3411.0,0.022424,44599.0,0.022425,283966.0
1753503343752,04:15:43.752,ACH/USDT:USDT,0.022421,8155.0,0.022419,5293.0,0.022423,13380.0,0.022424,129789.0
1753503343902,04:15:43.902,ACH/USDT:USDT,0.022421,8155.0,0.022419,5293.0,0.022423,13380.0,0.022424,129789.0
1753503344052,04:15:44.052,ACH/USDT:USDT,0.022421,8155.0,0.022419,5293.0,0.022423,13380.0,0.022424,129789.0
1753503344352,04:15:44.352,ACH/USDT:USDT,0.022421,8155.0,0.022419,5293.0,0.022423,13380.0,0.022424,129789.0
1753503344652,04:15:44.652,ACH/USDT:USDT,0.022423,9186.0,0.022422,8986.0,0.022424,129789.0,0.022425,283966.0
1753503344802,04:15:44.802,ACH/USDT:USDT,0.022423,9186.0,0.022422,2862.0,0.022424,44599.0,0.022425,283966.0
1753503345103,04:15:45.103,ACH/USDT:USDT,0.022423,12048.0,0.022421,5294.0,0.022424,44599.0,0.022425,283966.0
1753503345253,04:15:45.253,ACH/USDT:USDT,0.022423,12048.0,0.022421,5294.0,0.022424,44599.0,0.022425,283966.0
1753503345403,04:15:45.403,ACH/USDT:USDT,0.022423,9186.0,0.022421,5294.0,0.022424,44599.0,0.022425,283966.0
1753503345553,04:15:45.553,ACH/USDT:USDT,0.022423,12048.0,0.022421,5294.0,0.022424,44599.0,0.022425,283966.0
1753503345703,04:15:45.703,ACH/USDT:USDT,0.022423,12048.0,0.022421,5294.0,0.022424,44599.0,0.022425,283966.0
1753503345853,04:15:45.853,ACH/USDT:USDT,0.022423,2862.0,0.022421,5294.0,0.022424,44599.0,0.022425,283966.0
1753503346003,04:15:46.003,ACH/USDT:USDT,0.022423,2862.0,0.022421,5294.0,0.022424,44599.0,0.022425,283966.0
1753503346153,04:15:46.153,ACH/USDT:USDT,0.022423,2862.0,0.022421,5294.0,0.022424,44599.0,0.022425,283966.0
1753503346453,04:15:46.453,ACH/USDT:USDT,0.022423,2862.0,0.022421,5294.0,0.022424,44599.0,0.022425,283966.0
1753503346603,04:15:46.603,ACH/USDT:USDT,0.022423,2862.0,0.022421,5294.0,0.022424,44599.0,0.022425,283966.0
1753503346754,04:15:46.754,ACH/USDT:USDT,0.022423,2862.0,0.022421,5294.0,0.022424,44599.0,0.022425,283966.0
1753503347054,04:15:47.054,ACH/USDT:USDT,0.022422,2852.0,0.022421,5294.0,0.022423,13380.0,0.022424,44599.0
1753503347204,04:15:47.204,ACH/USDT:USDT,0.022422,8976.0,0.02242,5293.0,0.022424,129789.0,0.022425,283966.0
1753503347354,04:15:47.354,ACH/USDT:USDT,0.022423,6124.0,0.022422,8976.0,0.022424,44599.0,0.022425,283966.0
1753503347504,04:15:47.504,ACH/USDT:USDT,0.022423,6124.0,0.022421,5293.0,0.022424,44599.0,0.022425,283966.0
1753503347654,04:15:47.654,ACH/USDT:USDT,0.022421,5293.0,0.022416,3411.0,0.022423,6124.0,0.022424,44599.0
1753503347804,04:15:47.804,ACH/USDT:USDT,0.022422,6124.0,0.022421,5293.0,0.022423,19504.0,0.022424,129789.0
1753503347954,04:15:47.954,ACH/USDT:USDT,0.022415,5293.0,0.022413,2877.0,0.022421,8145.0,0.022422,9535.0
1753503348104,04:15:48.104,ACH/USDT:USDT,0.022417,2852.0,0.022415,5293.0,0.02242,2444.0,0.022421,5293.0
1753503348255,04:15:48.255,ACH/USDT:USDT,0.022417,2852.0,0.022415,5293.0,0.022421,93335.0,0.022422,293474.0
1753503348405,04:15:48.405,ACH/USDT:USDT,0.022417,2852.0,0.022415,5293.0,0.022421,93335.0,0.022422,290211.0
1753503348555,04:15:48.555,ACH/USDT:USDT,0.022417,2852.0,0.022415,5293.0,0.022421,93335.0,0.022422,287350.0
1753503348705,04:15:48.705,ACH/USDT:USDT,0.022417,2852.0,0.022415,5293.0,0.022421,93335.0,0.022422,287350.0
1753503348855,04:15:48.855,ACH/USDT:USDT,0.022417,2852.0,0.022415,5293.0,0.022421,93335.0,0.022422,287350.0
1753503349005,04:15:49.005,ACH/USDT:USDT,0.022417,2852.0,0.022415,5293.0,0.022421,93335.0,0.022422,287350.0
1753503349155,04:15:49.155,ACH/USDT:USDT,0.022417,3954.0,0.022416,2572.0,0.022421,93335.0,0.022422,283939.0
1753503349305,04:15:49.305,ACH/USDT:USDT,0.022419,2852.0,0.022417,1102.0,0.022421,5293.0,0.022422,283939.0
1753503349455,04:15:49.455,ACH/USDT:USDT,0.02242,6124.0,0.022419,2852.0,0.022421,5293.0,0.022422,283939.0
1753503349905,04:15:49.905,ACH/USDT:USDT,0.02242,8976.0,0.022418,5293.0,0.022421,5293.0,0.022422,283939.0
1753503350056,04:15:50.056,ACH/USDT:USDT,0.022418,5293.0,0.022413,2877.0,0.02242,8976.0,0.022421,5293.0
1753503350206,04:15:50.206,ACH/USDT:USDT,0.022419,6124.0,0.022418,8145.0,0.02242,8976.0,0.022421,8145.0
1753503350356,04:15:50.356,ACH/USDT:USDT,0.022419,8976.0,0.022417,5292.0,0.02242,8976.0,0.022421,91498.0
1753503350506,04:15:50.506,ACH/USDT:USDT,0.022419,8976.0,0.022417,5292.0,0.02242,8976.0,0.022421,91498.0
1753503350806,04:15:50.806,ACH/USDT:USDT,0.022419,8976.0,0.022417,5292.0,0.02242,8976.0,0.022421,91498.0
1753503350956,04:15:50.956,ACH/USDT:USDT,0.022419,8976.0,0.022417,5292.0,0.02242,8976.0,0.022421,91498.0
1753503351106,04:15:51.106,ACH/USDT:USDT,0.022419,8976.0,0.022417,5292.0,0.02242,8976.0,0.022421,91498.0
1753503351256,04:15:51.256,ACH/USDT:USDT,0.022419,8976.0,0.022417,5292.0,0.02242,8976.0,0.022421,91498.0
1753503351406,04:15:51.406,ACH/USDT:USDT,0.022419,8976.0,0.022417,5292.0,0.02242,8976.0,0.022421,91498.0
1753503351557,04:15:51.557,ACH/USDT:USDT,0.022419,8976.0,0.022417,5292.0,0.02242,8976.0,0.022421,91498.0
1753503351707,04:15:51.707,ACH/USDT:USDT,0.022419,6124.0,0.022417,5292.0,0.02242,8976.0,0.022421,91498.0
1753503351857,04:15:51.857,ACH/USDT:USDT,0.022419,6124.0,0.022417,5292.0,0.02242,11828.0,0.022421,91498.0
1753503352007,04:15:52.007,ACH/USDT:USDT,0.022419,6124.0,0.022417,5292.0,0.02242,8976.0,0.022421,91498.0
1753503352157,04:15:52.157,ACH/USDT:USDT,0.022419,6124.0,0.022417,5292.0,0.02242,8976.0,0.022421,91498.0
1753503352307,04:15:52.307,ACH/USDT:USDT,0.022419,6124.0,0.022417,5292.0,0.02242,8976.0,0.022421,91498.0
1753503352457,04:15:52.457,ACH/USDT:USDT,0.022419,6124.0,0.022417,5292.0,0.02242,8976.0,0.022421,91498.0
1753503352607,04:15:52.607,ACH/USDT:USDT,0.022413,2877.0,0.022408,5000.0,0.022419,6124.0,0.02242,8976.0
1753503352757,04:15:52.757,ACH/USDT:USDT,0.022415,5292.0,0.022414,6124.0,0.022418,2852.0,0.022419,6124.0
1753503353057,04:15:53.057,ACH/USDT:USDT,0.022418,9186.0,0.022417,6124.0,0.022419,4499.0,0.02242,14831.0
1753503353208,04:15:53.208,ACH/USDT:USDT,0.022418,9186.0,0.022416,8976.0,0.02242,14831.0,0.022421,94350.0
1753503353358,04:15:53.358,ACH/USDT:USDT,0.022418,9186.0,0.022416,8976.0,0.02242,14831.0,0.022421,91498.0
1753503353508,04:15:53.508,ACH/USDT:USDT,0.022418,9186.0,0.022416,8976.0,0.022419,2852.0,0.02242,12387.0
1753503353658,04:15:53.658,ACH/USDT:USDT,0.022416,6124.0,0.022407,14001.0,0.022418,9186.0,0.022419,2852.0
1753503353808,04:15:53.808,ACH/USDT:USDT,0.022417,6124.0,0.022416,6124.0,0.022418,12038.0,0.022419,3716.0
1753503353958,04:15:53.958,ACH/USDT:USDT,0.022417,6124.0,0.022415,5291.0,0.022418,12038.0,0.022419,3716.0
1753503354108,04:15:54.108,ACH/USDT:USDT,0.022417,6124.0,0.022415,5291.0,0.022418,12038.0,0.022419,3716.0
1753503354258,04:15:54.258,ACH/USDT:USDT,0.022415,5291.0,0.022412,2852.0,0.022417,6124.0,0.022418,9186.0
1753503354408,04:15:54.408,ACH/USDT:USDT,0.022416,6124.0,0.022415,5291.0,0.022417,6124.0,0.022418,9186.0
1753503354558,04:15:54.558,ACH/USDT:USDT,0.022416,6124.0,0.022415,2852.0,0.022417,6124.0,0.022418,9186.0
1753503354708,04:15:54.708,ACH/USDT:USDT,0.022416,6124.0,0.022415,2852.0,0.022417,6124.0,0.022418,9186.0
1753503354859,04:15:54.859,ACH/USDT:USDT,0.022416,6124.0,0.022415,2852.0,0.022417,6124.0,0.022418,9186.0
1753503355159,04:15:55.159,ACH/USDT:USDT,0.022416,6124.0,0.022415,5083.0,0.022417,6124.0,0.022418,9186.0
1753503355309,04:15:55.309,ACH/USDT:USDT,0.022416,6124.0,0.022415,5083.0,0.022417,6124.0,0.022418,9186.0
1753503355459,04:15:55.459,ACH/USDT:USDT,0.022416,6124.0,0.022415,5083.0,0.022417,6124.0,0.022418,9186.0
1753503355609,04:15:55.609,ACH/USDT:USDT,0.022416,6124.0,0.022415,5083.0,0.022417,6124.0,0.022418,9186.0
1753503355759,04:15:55.759,ACH/USDT:USDT,0.022416,6124.0,0.022415,5083.0,0.022417,6124.0,0.022418,9186.0
1753503355909,04:15:55.909,ACH/USDT:USDT,0.022416,8976.0,0.022415,2231.0,0.022417,6124.0,0.022418,9186.0
1753503356059,04:15:56.059,ACH/USDT:USDT,0.022416,6124.0,0.022414,8703.0,0.022417,6124.0,0.022418,9186.0
1753503356209,04:15:56.209,ACH/USDT:USDT,0.022414,5292.0,0.022412,2852.0,0.022416,6124.0,0.022417,8976.0
1753503356360,04:15:56.360,ACH/USDT:USDT,0.022415,6124.0,0.022414,5292.0,0.022416,6124.0,0.022418,9186.0
1753503356510,04:15:56.510,ACH/USDT:USDT,0.022413,5292.0,0.022412,8144.0,0.022415,8976.0,0.022418,9186.0
1753503356660,04:15:56.660,ACH/USDT:USDT,0.022414,6124.0,0.022413,7523.0,0.022415,8976.0,0.022418,12038.0
1753503356810,04:15:56.810,ACH/USDT:USDT,0.022414,6124.0,0.022412,8144.0,0.022415,6124.0,0.022418,12038.0
1753503356960,04:15:56.960,ACH/USDT:USDT,0.022414,6124.0,0.022413,2231.0,0.022415,6124.0,0.022418,12038.0
1753503357110,04:15:57.110,ACH/USDT:USDT,0.022414,6124.0,0.022413,2231.0,0.022415,6124.0,0.022418,12038.0
1753503357260,04:15:57.260,ACH/USDT:USDT,0.022414,6124.0,0.022413,2231.0,0.022415,9034.0,0.022418,12038.0
1753503357410,04:15:57.410,ACH/USDT:USDT,0.022414,6124.0,0.022413,2231.0,0.022415,9034.0,0.022418,12038.0
1753503357560,04:15:57.560,ACH/USDT:USDT,0.022414,6124.0,0.022413,2231.0,0.022415,9034.0,0.022418,12038.0
1753503357710,04:15:57.710,ACH/USDT:USDT,0.022414,6124.0,0.022413,2231.0,0.022415,9034.0,0.022418,12038.0
1753503358161,04:15:58.161,ACH/USDT:USDT,0.022412,5292.0,0.022407,2852.0,0.022414,6124.0,0.022415,9034.0
1753503358311,04:15:58.311,ACH/USDT:USDT,0.022412,5292.0,0.02241,5292.0,0.022413,2910.0,0.022414,8834.0
1753503358461,04:15:58.461,ACH/USDT:USDT,0.022412,5292.0,0.02241,5292.0,0.022413,2910.0,0.022416,15487.0
1753503358911,04:15:58.911,ACH/USDT:USDT,0.022412,5292.0,0.02241,5292.0,0.022413,2910.0,0.022416,15487.0
1753503359061,04:15:59.061,ACH/USDT:USDT,0.022412,5292.0,0.02241,5292.0,0.022413,2910.0,0.022416,15487.0
1753503359211,04:15:59.211,ACH/USDT:USDT,0.022412,5292.0,0.02241,5292.0,0.022413,2910.0,0.022416,15487.0
1753503359361,04:15:59.361,ACH/USDT:USDT,0.022412,5292.0,0.02241,5292.0,0.022413,2910.0,0.022416,15487.0
1753503359511,04:15:59.511,ACH/USDT:USDT,0.022412,5292.0,0.02241,5292.0,0.022413,2910.0,0.022416,15487.0
1753503359662,04:15:59.662,ACH/USDT:USDT,0.022412,5292.0,0.02241,5292.0,0.022413,2910.0,0.022416,15487.0
1753503359812,04:15:59.812,ACH/USDT:USDT,0.022412,5292.0,0.02241,5292.0,0.022413,2910.0,0.022416,15487.0
1753503359962,04:15:59.962,ACH/USDT:USDT,0.022412,5292.0,0.02241,5292.0,0.022416,15487.0,0.022417,137372.0
1753503360262,04:16:00.262,ACH/USDT:USDT,0.022414,6124.0,0.022413,6124.0,0.022415,2910.0,0.022416,15487.0
1753503360412,04:16:00.412,ACH/USDT:USDT,0.022414,6124.0,0.022412,5292.0,0.022415,2910.0,0.022416,15487.0
1753503360562,04:16:00.562,ACH/USDT:USDT,0.022414,6124.0,0.022412,5292.0,0.022416,15487.0,0.022417,137372.0
1753503360712,04:16:00.712,ACH/USDT:USDT,0.022415,6124.0,0.022414,6124.0,0.022416,15487.0,0.022417,137372.0
1753503360862,04:16:00.862,ACH/USDT:USDT,0.022415,6124.0,0.022413,5291.0,0.022417,137372.0,0.022418,290190.0
1753503361163,04:16:01.163,ACH/USDT:USDT,0.022415,6124.0,0.022413,5291.0,0.022416,2910.0,0.022417,137372.0
1753503361313,04:16:01.313,ACH/USDT:USDT,0.022413,5291.0,0.022402,2862.0,0.022416,2910.0,0.022417,137372.0
1753503361463,04:16:01.463,ACH/USDT:USDT,0.022402,2862.0,0.0224,13380.0,0.022415,6124.0,0.022416,17313.0
1753503361613,04:16:01.613,ACH/USDT:USDT,0.02241,5291.0,0.022403,6124.0,0.022413,2910.0,0.022415,6124.0
1753503362063,04:16:02.063,ACH/USDT:USDT,0.02241,8201.0,0.022408,5291.0,0.022413,2910.0,0.022415,6124.0
1753503362213,04:16:02.213,ACH/USDT:USDT,0.02241,8201.0,0.022408,5291.0,0.022413,2910.0,0.022415,6124.0
1753503362663,04:16:02.663,ACH/USDT:USDT,0.022411,2910.0,0.02241,5291.0,0.022414,2910.0,0.022415,6124.0
1753503362964,04:16:02.964,ACH/USDT:USDT,0.022413,6124.0,0.022411,8204.0,0.022414,2910.0,0.022415,6124.0
1753503363414,04:16:03.414,ACH/USDT:USDT,0.022411,10861.0,0.02241,6398.0,0.022414,2910.0,0.022415,6124.0
1753503363564,04:16:03.564,ACH/USDT:USDT,0.022411,7951.0,0.02241,6398.0,0.022414,2910.0,0.022415,6124.0
1753503363864,04:16:03.864,ACH/USDT:USDT,0.022411,7951.0,0.02241,6398.0,0.022414,2910.0,0.022415,6124.0
1753503364014,04:16:04.014,ACH/USDT:USDT,0.022411,7951.0,0.02241,6398.0,0.022414,2910.0,0.022415,6124.0
1753503364164,04:16:04.164,ACH/USDT:USDT,0.022411,7951.0,0.02241,6398.0,0.022414,2910.0,0.022415,6124.0
1753503364314,04:16:04.314,ACH/USDT:USDT,0.022411,7951.0,0.02241,6398.0,0.022414,2910.0,0.022415,6124.0
1753503364465,04:16:04.465,ACH/USDT:USDT,0.022411,7951.0,0.02241,6398.0,0.022414,2910.0,0.022415,6124.0
1753503364765,04:16:04.765,ACH/USDT:USDT,0.022411,7951.0,0.02241,6398.0,0.022414,2910.0,0.022415,6124.0
1753503364915,04:16:04.915,ACH/USDT:USDT,0.022411,7951.0,0.02241,6398.0,0.022414,2910.0,0.022415,6124.0
1753503365065,04:16:05.065,ACH/USDT:USDT,0.022411,7951.0,0.02241,6398.0,0.022414,2910.0,0.022415,6124.0
1753503365215,04:16:05.215,ACH/USDT:USDT,0.022411,7951.0,0.02241,6398.0,0.022414,2910.0,0.022415,6124.0
1753503365665,04:16:05.665,ACH/USDT:USDT,0.022411,7951.0,0.02241,6398.0,0.022414,2910.0,0.022415,6124.0
1753503365815,04:16:05.815,ACH/USDT:USDT,0.022411,7951.0,0.02241,6398.0,0.022414,2910.0,0.022415,6124.0
1753503366116,04:16:06.116,ACH/USDT:USDT,0.022412,2910.0,0.022411,7951.0,0.022415,6124.0,0.022416,14403.0
1753503366265,04:16:06.265,ACH/USDT:USDT,0.022413,6124.0,0.022411,2657.0,0.022414,2910.0,0.022415,6124.0
1753503366416,04:16:06.416,ACH/USDT:USDT,0.022413,6124.0,0.022411,10184.0,0.022414,2910.0,0.022415,6124.0
1753503366566,04:16:06.566,ACH/USDT:USDT,0.022413,6124.0,0.022411,7953.0,0.022414,2910.0,0.022415,6124.0
1753503366716,04:16:06.716,ACH/USDT:USDT,0.022413,6124.0,0.022411,7953.0,0.022414,2910.0,0.022415,6124.0
1753503366866,04:16:06.866,ACH/USDT:USDT,0.022413,6124.0,0.022411,7953.0,0.022414,2910.0,0.022415,6124.0
1753503367016,04:16:07.016,ACH/USDT:USDT,0.022413,6124.0,0.022411,7953.0,0.022414,2910.0,0.022415,6124.0
1753503367166,04:16:07.166,ACH/USDT:USDT,0.022413,6124.0,0.022411,7953.0,0.022414,2910.0,0.022415,6124.0
1753503367317,04:16:07.317,ACH/USDT:USDT,0.022413,6124.0,0.022411,7953.0,0.022414,2910.0,0.022415,6124.0
1753503367467,04:16:07.467,ACH/USDT:USDT,0.022413,6124.0,0.022411,7953.0,0.022414,2910.0,0.022415,6124.0
1753503367767,04:16:07.767,ACH/USDT:USDT,0.022414,6124.0,0.022413,6124.0,0.022415,8930.0,0.022416,14403.0
1753503368067,04:16:08.067,ACH/USDT:USDT,0.022414,6124.0,0.022412,5296.0,0.022415,8930.0,0.022416,14403.0
1753503368367,04:16:08.367,ACH/USDT:USDT,0.022414,6124.0,0.022412,5296.0,0.022415,8930.0,0.022416,14403.0
1753503368517,04:16:08.517,ACH/USDT:USDT,0.022414,6124.0,0.022412,5296.0,0.022415,8930.0,0.022416,14403.0
1753503368667,04:16:08.667,ACH/USDT:USDT,0.022414,6124.0,0.022412,5296.0,0.022415,8930.0,0.022416,14403.0
1753503368967,04:16:08.967,ACH/USDT:USDT,0.022413,6124.0,0.022412,5296.0,0.022414,8930.0,0.022415,6124.0
1753503369268,04:16:09.268,ACH/USDT:USDT,0.022413,6124.0,0.022412,2231.0,0.022414,8930.0,0.022415,6124.0
1753503369418,04:16:09.418,ACH/USDT:USDT,0.022413,6124.0,0.022412,2231.0,0.022414,8930.0,0.022415,6124.0
1753503369568,04:16:09.568,ACH/USDT:USDT,0.022413,6124.0,0.022412,2231.0,0.022414,8930.0,0.022415,6124.0
1753503369868,04:16:09.868,ACH/USDT:USDT,0.022413,6124.0,0.022412,2231.0,0.022414,2806.0,0.022415,6124.0
1753503370018,04:16:10.018,ACH/USDT:USDT,0.022413,6124.0,0.022412,2231.0,0.022414,2806.0,0.022415,6124.0
1753503370168,04:16:10.168,ACH/USDT:USDT,0.022413,6124.0,0.022412,2231.0,0.022415,6124.0,0.022416,14403.0
1753503370318,04:16:10.318,ACH/USDT:USDT,0.022414,6124.0,0.022413,6124.0,0.022415,8930.0,0.022416,14403.0
1753503370468,04:16:10.468,ACH/USDT:USDT,0.022414,6124.0,0.022412,7528.0,0.022415,8930.0,0.022416,14403.0
1753503370618,04:16:10.618,ACH/USDT:USDT,0.022414,6124.0,0.022412,7528.0,0.022415,8930.0,0.022416,14403.0
1753503370769,04:16:10.769,ACH/USDT:USDT,0.022414,6124.0,0.022412,5297.0,0.022415,8930.0,0.022416,14403.0
1753503370919,04:16:10.919,ACH/USDT:USDT,0.022414,6124.0,0.022412,5297.0,0.022415,8930.0,0.022416,14403.0
1753503371069,04:16:11.069,ACH/USDT:USDT,0.022414,6124.0,0.022412,5297.0,0.022415,8930.0,0.022416,14403.0
1753503371219,04:16:11.219,ACH/USDT:USDT,0.022414,6124.0,0.022412,5297.0,0.022415,8930.0,0.022416,14403.0
1753503371519,04:16:11.519,ACH/USDT:USDT,0.022414,6124.0,0.022412,5297.0,0.022415,8930.0,0.022416,14403.0
1753503371669,04:16:11.669,ACH/USDT:USDT,0.022412,5297.0,0.022411,2657.0,0.022415,8930.0,0.022416,14403.0
1753503371819,04:16:11.819,ACH/USDT:USDT,0.022412,5297.0,0.02241,8208.0,0.022414,2806.0,0.022415,6124.0
1753503371969,04:16:11.969,ACH/USDT:USDT,0.022413,6124.0,0.022412,5297.0,0.022414,2806.0,0.022415,6124.0
1753503372119,04:16:12.119,ACH/USDT:USDT,0.022413,6124.0,0.022411,7529.0,0.022414,2806.0,0.022415,6124.0
1753503372269,04:16:12.269,ACH/USDT:USDT,0.022413,6124.0,0.022411,7529.0,0.022414,2806.0,0.022415,6124.0
1753503372420,04:16:12.420,ACH/USDT:USDT,0.022413,6124.0,0.022411,5298.0,0.022414,2806.0,0.022415,6124.0
1753503372570,04:16:12.570,ACH/USDT:USDT,0.022413,6124.0,0.022411,5298.0,0.022414,2806.0,0.022415,6124.0
1753503372720,04:16:12.720,ACH/USDT:USDT,0.022409,5298.0,0.022402,2862.0,0.022414,2806.0,0.022415,6124.0
1753503372870,04:16:12.870,ACH/USDT:USDT,0.02241,8104.0,0.022409,5298.0,0.022414,2806.0,0.022415,9537.0
1753503373020,04:16:13.020,ACH/USDT:USDT,0.02241,8104.0,0.022408,5298.0,0.022414,5667.0,0.022415,9537.0
1753503373170,04:16:13.170,ACH/USDT:USDT,0.02241,5298.0,0.022408,5298.0,0.022413,2806.0,0.022414,2861.0
1753503373320,04:16:13.320,ACH/USDT:USDT,0.022411,6124.0,0.02241,5298.0,0.022413,2806.0,0.022414,2861.0
1753503373470,04:16:13.470,ACH/USDT:USDT,0.022411,6124.0,0.022409,5299.0,0.022413,2806.0,0.022414,2861.0
1753503373620,04:16:13.620,ACH/USDT:USDT,0.022411,6124.0,0.022409,5299.0,0.022413,2806.0,0.022414,2861.0
1753503373770,04:16:13.770,ACH/USDT:USDT,0.022409,5299.0,0.022402,2862.0,0.022413,2806.0,0.022414,2861.0
1753503374071,04:16:14.071,ACH/USDT:USDT,0.022411,6124.0,0.02241,2806.0,0.022413,2806.0,0.022414,2861.0
1753503374221,04:16:14.221,ACH/USDT:USDT,0.022411,6124.0,0.02241,2806.0,0.022413,2806.0,0.022414,2861.0
1753503374371,04:16:14.371,ACH/USDT:USDT,0.022411,6124.0,0.02241,2806.0,0.022413,2806.0,0.022414,2861.0
1753503374521,04:16:14.521,ACH/USDT:USDT,0.022411,6124.0,0.02241,2806.0,0.022413,2806.0,0.022414,2861.0
1753503374671,04:16:14.671,ACH/USDT:USDT,0.022411,6124.0,0.022409,5299.0,0.022413,2806.0,0.022414,2861.0
1753503374821,04:16:14.821,ACH/USDT:USDT,0.022409,5299.0,0.022402,2862.0,0.022413,2806.0,0.022414,2861.0
1753503374971,04:16:14.971,ACH/USDT:USDT,0.02241,2806.0,0.022409,5299.0,0.022413,2806.0,0.022414,2861.0
1753503375271,04:16:15.271,ACH/USDT:USDT,0.02241,2806.0,0.022408,5300.0,0.022413,2806.0,0.022414,2861.0
1753503375421,04:16:15.421,ACH/USDT:USDT,0.022408,5300.0,0.022402,2862.0,0.022413,2806.0,0.022414,2861.0
1753503375572,04:16:15.572,ACH/USDT:USDT,0.022409,2806.0,0.022408,5300.0,0.022413,2806.0,0.022414,2861.0
1753503375872,04:16:15.872,ACH/USDT:USDT,0.022411,2806.0,0.02241,6124.0,0.022413,2806.0,0.022414,2861.0
1753503376022,04:16:16.022,ACH/USDT:USDT,0.022409,8107.0,0.022402,2862.0,0.022413,2806.0,0.022414,2861.0
1753503376172,04:16:16.172,ACH/USDT:USDT,0.02241,2806.0,0.022409,5301.0,0.022413,2806.0,0.022414,2861.0
1753503376322,04:16:16.322,ACH/USDT:USDT,0.022411,6124.0,0.02241,2806.0,0.022413,2806.0,0.022414,2861.0
1753503376472,04:16:16.472,ACH/USDT:USDT,0.022411,6124.0,0.02241,2806.0,0.022413,2806.0,0.022414,2861.0
1753503376622,04:16:16.622,ACH/USDT:USDT,0.022411,6124.0,0.02241,2806.0,0.022413,2806.0,0.022414,2861.0
1753503376772,04:16:16.772,ACH/USDT:USDT,0.022411,6124.0,0.022409,5301.0,0.022413,2806.0,0.022414,2861.0
1753503376922,04:16:16.922,ACH/USDT:USDT,0.022411,6124.0,0.022409,5301.0,0.022413,2806.0,0.022414,2861.0
1753503377073,04:16:17.073,ACH/USDT:USDT,0.022411,6124.0,0.022409,5301.0,0.022413,2806.0,0.022414,2861.0
1753503377223,04:16:17.223,ACH/USDT:USDT,0.022411,6124.0,0.022409,5301.0,0.022413,2806.0,0.022414,2861.0
1753503377673,04:16:17.673,ACH/USDT:USDT,0.022409,5301.0,0.022402,2862.0,0.022413,2806.0,0.022414,2861.0
1753503377823,04:16:17.823,ACH/USDT:USDT,0.022409,5301.0,0.022407,5303.0,0.022413,2806.0,0.022414,2861.0
1753503377973,04:16:17.973,ACH/USDT:USDT,0.022409,5301.0,0.022407,5303.0,0.022413,2806.0,0.022414,2861.0
1753503378123,04:16:18.123,ACH/USDT:USDT,0.022409,5301.0,0.022407,5303.0,0.022413,2806.0,0.022414,2861.0
1753503378273,04:16:18.273,ACH/USDT:USDT,0.022409,5301.0,0.022407,5303.0,0.022413,2806.0,0.022414,2861.0
1753503378573,04:16:18.573,ACH/USDT:USDT,0.022409,8106.0,0.022407,5303.0,0.022413,2806.0,0.022414,2861.0
1753503378724,04:16:18.724,ACH/USDT:USDT,0.022409,5301.0,0.022407,5303.0,0.022413,2806.0,0.022414,2861.0
1753503378874,04:16:18.874,ACH/USDT:USDT,0.022407,5303.0,0.022402,2862.0,0.022413,2806.0,0.022414,2861.0
1753503379024,04:16:19.024,ACH/USDT:USDT,0.022407,5303.0,0.022405,5304.0,0.022413,2806.0,0.022414,2861.0
1753503379174,04:16:19.174,ACH/USDT:USDT,0.022407,8108.0,0.022405,5304.0,0.02241,44599.0,0.022413,2806.0
1753503379324,04:16:19.324,ACH/USDT:USDT,0.022408,6124.0,0.022407,5303.0,0.02241,44599.0,0.022413,2806.0
1753503379474,04:16:19.474,ACH/USDT:USDT,0.022409,6124.0,0.022408,6124.0,0.02241,44599.0,0.022413,2806.0
1753503379624,04:16:19.624,ACH/USDT:USDT,0.022409,6124.0,0.022407,5304.0,0.02241,44599.0,0.022413,2806.0
1753503379774,04:16:19.774,ACH/USDT:USDT,0.022409,6124.0,0.022407,5304.0,0.02241,44599.0,0.022413,2806.0
1753503379924,04:16:19.924,ACH/USDT:USDT,0.022409,6124.0,0.022407,5304.0,0.02241,44599.0,0.022413,2806.0
1753503380074,04:16:20.074,ACH/USDT:USDT,0.022409,6124.0,0.022407,5304.0,0.02241,44599.0,0.022413,2806.0
1753503380224,04:16:20.224,ACH/USDT:USDT,0.022409,6124.0,0.022407,5304.0,0.02241,44599.0,0.022413,2806.0
1753503380375,04:16:20.375,ACH/USDT:USDT,0.022409,6124.0,0.022407,5304.0,0.02241,44599.0,0.022413,2806.0
1753503380525,04:16:20.525,ACH/USDT:USDT,0.022409,6124.0,0.022407,5304.0,0.02241,44599.0,0.022413,2806.0
1753503380675,04:16:20.675,ACH/USDT:USDT,0.022409,6124.0,0.022407,5304.0,0.02241,44599.0,0.022413,2806.0
1753503380825,04:16:20.825,ACH/USDT:USDT,0.022409,6124.0,0.022407,5304.0,0.02241,44599.0,0.022413,2806.0
1753503380975,04:16:20.975,ACH/USDT:USDT,0.022409,6124.0,0.022407,5304.0,0.02241,44599.0,0.022413,2806.0
1753503381125,04:16:21.125,ACH/USDT:USDT,0.022409,6124.0,0.022407,5304.0,0.02241,44599.0,0.022413,2806.0
1753503381425,04:16:21.425,ACH/USDT:USDT,0.022409,6124.0,0.022407,5304.0,0.02241,44599.0,0.022413,2806.0
1753503381575,04:16:21.575,ACH/USDT:USDT,0.022409,6124.0,0.022407,5304.0,0.02241,44599.0,0.022413,2806.0
1753503382326,04:16:22.326,ACH/USDT:USDT,0.022409,6124.0,0.022407,5304.0,0.02241,44599.0,0.022413,2806.0
1753503382476,04:16:22.476,ACH/USDT:USDT,0.022409,6124.0,0.022407,5304.0,0.02241,44599.0,0.022413,2806.0
1753503382626,04:16:22.626,ACH/USDT:USDT,0.022409,6124.0,0.022407,5304.0,0.02241,44599.0,0.022413,2806.0
1753503382776,04:16:22.776,ACH/USDT:USDT,0.022409,6124.0,0.022407,5304.0,0.02241,44599.0,0.022413,2806.0
1753503383076,04:16:23.076,ACH/USDT:USDT,0.022409,6124.0,0.022407,5304.0,0.02241,44599.0,0.022413,2806.0
1753503383226,04:16:23.226,ACH/USDT:USDT,0.022409,6124.0,0.022407,5304.0,0.02241,44599.0,0.022413,2806.0
1753503383376,04:16:23.376,ACH/USDT:USDT,0.022409,6124.0,0.022407,5304.0,0.02241,44599.0,0.022413,2806.0
1753503383677,04:16:23.677,ACH/USDT:USDT,0.022409,6124.0,0.022407,5304.0,0.02241,44599.0,0.022413,2806.0
1753503383827,04:16:23.827,ACH/USDT:USDT,0.022409,6124.0,0.022407,5304.0,0.02241,44599.0,0.022413,2806.0
1753503383977,04:16:23.977,ACH/USDT:USDT,0.022409,6124.0,0.022407,5304.0,0.02241,44599.0,0.022413,2806.0
1753503384127,04:16:24.127,ACH/USDT:USDT,0.022409,6124.0,0.022407,5304.0,0.02241,44599.0,0.022413,2806.0
1753503384277,04:16:24.277,ACH/USDT:USDT,0.022409,6124.0,0.022407,5304.0,0.02241,44599.0,0.022413,2806.0
1753503384427,04:16:24.427,ACH/USDT:USDT,0.022409,6124.0,0.022407,5304.0,0.02241,44599.0,0.022413,2806.0
1753503384577,04:16:24.577,ACH/USDT:USDT,0.022409,6124.0,0.022407,5304.0,0.02241,44599.0,0.022413,2806.0
1753503384727,04:16:24.727,ACH/USDT:USDT,0.022409,6124.0,0.022407,5304.0,0.02241,44599.0,0.022413,2806.0
1753503385027,04:16:25.027,ACH/USDT:USDT,0.022405,5305.0,0.0224,6124.0,0.022407,2805.0,0.022409,6124.0
1753503385177,04:16:25.177,ACH/USDT:USDT,0.022406,6124.0,0.022405,8110.0,0.022408,2805.0,0.022409,19504.0
1753503385328,04:16:25.328,ACH/USDT:USDT,0.022407,6124.0,0.022406,6124.0,0.022409,19504.0,0.02241,44599.0
1753503385478,04:16:25.478,ACH/USDT:USDT,0.022408,6124.0,0.022407,6124.0,0.022409,19504.0,0.02241,44599.0
1753503385628,04:16:25.628,ACH/USDT:USDT,0.022408,6124.0,0.022406,5307.0,0.022409,6124.0,0.02241,44599.0
1753503385778,04:16:25.778,ACH/USDT:USDT,0.022408,6124.0,0.022406,5307.0,0.022409,6124.0,0.02241,44599.0
1753503385928,04:16:25.928,ACH/USDT:USDT,0.022408,6124.0,0.022406,5307.0,0.022409,8929.0,0.02241,44599.0
1753503386078,04:16:26.078,ACH/USDT:USDT,0.022408,6124.0,0.022406,5307.0,0.022409,8929.0,0.02241,44599.0
1753503386228,04:16:26.228,ACH/USDT:USDT,0.022408,6124.0,0.022406,5307.0,0.022409,8929.0,0.02241,44599.0
1753503386378,04:16:26.378,ACH/USDT:USDT,0.022408,6124.0,0.022406,5307.0,0.022409,8929.0,0.02241,44599.0
1753503386528,04:16:26.528,ACH/USDT:USDT,0.022408,6124.0,0.022406,5307.0,0.022409,8929.0,0.02241,44599.0
1753503386678,04:16:26.678,ACH/USDT:USDT,0.022408,6124.0,0.022406,5307.0,0.022409,8929.0,0.02241,44599.0
1753503386829,04:16:26.829,ACH/USDT:USDT,0.022408,6124.0,0.022406,5307.0,0.022409,8929.0,0.02241,44599.0
1753503386979,04:16:26.979,ACH/USDT:USDT,0.022408,6124.0,0.022406,5307.0,0.022409,6124.0,0.02241,44599.0
1753503387129,04:16:27.129,ACH/USDT:USDT,0.022408,6124.0,0.022406,5307.0,0.022409,6124.0,0.02241,44599.0
1753503387279,04:16:27.279,ACH/USDT:USDT,0.022408,6124.0,0.022406,5307.0,0.022409,6124.0,0.02241,44599.0
1753503387429,04:16:27.429,ACH/USDT:USDT,0.022408,6124.0,0.022406,5307.0,0.022409,8931.0,0.02241,44599.0
1753503387729,04:16:27.729,ACH/USDT:USDT,0.022408,6124.0,0.022406,5307.0,0.022409,6124.0,0.02241,44599.0
1753503387879,04:16:27.879,ACH/USDT:USDT,0.022408,6124.0,0.022406,5307.0,0.022409,6124.0,0.02241,44599.0
1753503388029,04:16:28.029,ACH/USDT:USDT,0.022408,6124.0,0.022406,5307.0,0.022409,8931.0,0.02241,44599.0
1753503388179,04:16:28.179,ACH/USDT:USDT,0.022408,6124.0,0.022406,5307.0,0.022409,8931.0,0.02241,44599.0
1753503388329,04:16:28.329,ACH/USDT:USDT,0.022408,6124.0,0.022406,5307.0,0.022409,8931.0,0.02241,44599.0
1753503388480,04:16:28.480,ACH/USDT:USDT,0.022408,6124.0,0.022406,5307.0,0.022409,8931.0,0.02241,44599.0
1753503388630,04:16:28.630,ACH/USDT:USDT,0.022408,6124.0,0.022406,5307.0,0.022409,8931.0,0.02241,44599.0
1753503388930,04:16:28.930,ACH/USDT:USDT,0.022408,6124.0,0.022406,5307.0,0.022409,8931.0,0.02241,44599.0
1753503389080,04:16:29.080,ACH/USDT:USDT,0.022408,6124.0,0.022406,5307.0,0.022409,8931.0,0.02241,44599.0
1753503389230,04:16:29.230,ACH/USDT:USDT,0.022408,6124.0,0.022406,5307.0,0.022409,8931.0,0.02241,44599.0
1753503389380,04:16:29.380,ACH/USDT:USDT,0.022408,6124.0,0.022406,5307.0,0.022409,8931.0,0.02241,44599.0
1753503389530,04:16:29.530,ACH/USDT:USDT,0.022408,6124.0,0.022406,5307.0,0.022409,6124.0,0.02241,44599.0
1753503389680,04:16:29.680,ACH/USDT:USDT,0.022408,6124.0,0.022406,5307.0,0.022409,6124.0,0.02241,44599.0
1753503389830,04:16:29.830,ACH/USDT:USDT,0.022408,6124.0,0.022406,5307.0,0.022409,6124.0,0.02241,44599.0
1753503389980,04:16:29.980,ACH/USDT:USDT,0.022408,6124.0,0.022406,5307.0,0.022409,6124.0,0.02241,44599.0
1753503390281,04:16:30.281,ACH/USDT:USDT,0.022408,6124.0,0.022406,5307.0,0.022409,6124.0,0.02241,44599.0
1753503390431,04:16:30.431,ACH/USDT:USDT,0.022408,6124.0,0.022406,5307.0,0.022409,6124.0,0.02241,44599.0
1753503390581,04:16:30.581,ACH/USDT:USDT,0.022408,6124.0,0.022406,5307.0,0.022409,6124.0,0.02241,44599.0
1753503390881,04:16:30.881,ACH/USDT:USDT,0.022408,6124.0,0.022406,5307.0,0.022409,6124.0,0.02241,44599.0
1753503391031,04:16:31.031,ACH/USDT:USDT,0.022408,6124.0,0.022406,5307.0,0.022409,6124.0,0.02241,44599.0
1753503391181,04:16:31.181,ACH/USDT:USDT,0.022408,6124.0,0.022406,5307.0,0.022409,6124.0,0.02241,44599.0
1753503391331,04:16:31.331,ACH/USDT:USDT,0.022408,6124.0,0.022406,5307.0,0.022409,6124.0,0.02241,44599.0
1753503391481,04:16:31.481,ACH/USDT:USDT,0.022408,6124.0,0.022406,5307.0,0.022409,6124.0,0.02241,44599.0
1753503391782,04:16:31.782,ACH/USDT:USDT,0.022408,6124.0,0.022406,5307.0,0.022409,6124.0,0.02241,44599.0
1753503391931,04:16:31.931,ACH/USDT:USDT,0.022408,6124.0,0.022406,5307.0,0.022409,6124.0,0.02241,44599.0
1753503392082,04:16:32.082,ACH/USDT:USDT,0.022408,6124.0,0.022406,5307.0,0.022409,6124.0,0.02241,44599.0
1753503392232,04:16:32.232,ACH/USDT:USDT,0.022408,6124.0,0.022406,5307.0,0.022409,6124.0,0.02241,44599.0
1753503392382,04:16:32.382,ACH/USDT:USDT,0.022408,6124.0,0.022406,5307.0,0.022409,6124.0,0.02241,44599.0
1753503392532,04:16:32.532,ACH/USDT:USDT,0.022408,6124.0,0.022406,5307.0,0.022409,6124.0,0.02241,44599.0
1753503392682,04:16:32.682,ACH/USDT:USDT,0.022408,6124.0,0.022406,5307.0,0.022409,6124.0,0.02241,44599.0
1753503392832,04:16:32.832,ACH/USDT:USDT,0.022408,6124.0,0.022406,5307.0,0.022409,6124.0,0.02241,44599.0
1753503392982,04:16:32.982,ACH/USDT:USDT,0.022408,8931.0,0.022406,5307.0,0.022409,6124.0,0.02241,44599.0
1753503393132,04:16:33.132,ACH/USDT:USDT,0.022408,8931.0,0.022406,5307.0,0.022409,6124.0,0.02241,44599.0
1753503393283,04:16:33.283,ACH/USDT:USDT,0.022408,8931.0,0.022406,5307.0,0.022409,6124.0,0.02241,44599.0
1753503393433,04:16:33.433,ACH/USDT:USDT,0.022408,8931.0,0.022406,5307.0,0.022409,6124.0,0.02241,44599.0
1753503393583,04:16:33.583,ACH/USDT:USDT,0.022408,8931.0,0.022406,5307.0,0.022409,6124.0,0.02241,44599.0
1753503393733,04:16:33.733,ACH/USDT:USDT,0.022408,8931.0,0.022406,5307.0,0.022409,6124.0,0.02241,44599.0
1753503393883,04:16:33.883,ACH/USDT:USDT,0.022408,8931.0,0.022406,8041.0,0.02241,44599.0,0.022416,14403.0
1753503394033,04:16:34.033,ACH/USDT:USDT,0.022409,6124.0,0.022408,6124.0,0.022416,14403.0,0.022417,136766.0
1753503394183,04:16:34.183,ACH/USDT:USDT,0.022411,2807.0,0.02241,6124.0,0.022415,2807.0,0.022416,14403.0
1753503394333,04:16:34.333,ACH/USDT:USDT,0.022412,6124.0,0.022411,2807.0,0.022415,2807.0,0.022416,14403.0
1753503394483,04:16:34.483,ACH/USDT:USDT,0.022412,8931.0,0.022409,6124.0,0.022415,2807.0,0.022416,14403.0
1753503394633,04:16:34.633,ACH/USDT:USDT,0.022412,8931.0,0.02241,5306.0,0.022415,2807.0,0.022416,14403.0
1753503394783,04:16:34.783,ACH/USDT:USDT,0.022412,8931.0,0.02241,5306.0,0.022415,2807.0,0.022416,14403.0
1753503394934,04:16:34.934,ACH/USDT:USDT,0.022412,6124.0,0.02241,5306.0,0.022415,2807.0,0.022416,14403.0
1753503395084,04:16:35.084,ACH/USDT:USDT,0.022413,2807.0,0.022412,6124.0,0.022415,2807.0,0.022416,14403.0
1753503395534,04:16:35.534,ACH/USDT:USDT,0.022413,2807.0,0.022412,6124.0,0.022416,14403.0,0.022417,137372.0
1753503395684,04:16:35.684,ACH/USDT:USDT,0.022413,2807.0,0.022411,5305.0,0.022416,14403.0,0.022417,137372.0
1753503395834,04:16:35.834,ACH/USDT:USDT,0.022413,2807.0,0.022411,5305.0,0.022416,14403.0,0.022417,137372.0
1753503396134,04:16:36.134,ACH/USDT:USDT,0.022413,2807.0,0.022411,5305.0,0.022416,14403.0,0.022417,137372.0
1753503396585,04:16:36.585,ACH/USDT:USDT,0.022413,2807.0,0.022411,5305.0,0.022416,14403.0,0.022417,137372.0
1753503396735,04:16:36.735,ACH/USDT:USDT,0.022411,5305.0,0.02241,2807.0,0.022415,2807.0,0.022416,14403.0
1753503396885,04:16:36.885,ACH/USDT:USDT,0.022412,9052.0,0.022411,5305.0,0.022415,2807.0,0.022416,14403.0
1753503397035,04:16:37.035,ACH/USDT:USDT,0.022412,9052.0,0.02241,5304.0,0.022415,2807.0,0.022416,14403.0
1753503397185,04:16:37.185,ACH/USDT:USDT,0.022412,9052.0,0.02241,5304.0,0.022415,2807.0,0.022416,14403.0
1753503397335,04:16:37.335,ACH/USDT:USDT,0.022412,9052.0,0.02241,5304.0,0.022415,2807.0,0.022416,14403.0
1753503397485,04:16:37.485,ACH/USDT:USDT,0.022412,6124.0,0.02241,5304.0,0.022415,2807.0,0.022416,14403.0
1753503397635,04:16:37.635,ACH/USDT:USDT,0.022412,6124.0,0.02241,5304.0,0.022415,2807.0,0.022416,14403.0
1753503397785,04:16:37.785,ACH/USDT:USDT,0.02241,5304.0,0.022409,2928.0,0.022415,2807.0,0.022416,14403.0
1753503397935,04:16:37.935,ACH/USDT:USDT,0.022411,2928.0,0.02241,5304.0,0.022415,2807.0,0.022416,14403.0
1753503398086,04:16:38.086,ACH/USDT:USDT,0.022411,2928.0,0.022409,5304.0,0.022415,2807.0,0.022416,14403.0
1753503398236,04:16:38.236,ACH/USDT:USDT,0.022411,2928.0,0.022409,5304.0,0.022415,2807.0,0.022416,14403.0
1753503398386,04:16:38.386,ACH/USDT:USDT,0.022411,2928.0,0.022409,5304.0,0.022415,2807.0,0.022416,14403.0
1753503398536,04:16:38.536,ACH/USDT:USDT,0.022411,2928.0,0.022409,5304.0,0.022415,2807.0,0.022416,14403.0
1753503398686,04:16:38.686,ACH/USDT:USDT,0.022411,2928.0,0.022409,5304.0,0.022415,2807.0,0.022416,14403.0
1753503398836,04:16:38.836,ACH/USDT:USDT,0.022411,2928.0,0.022409,5304.0,0.022415,2807.0,0.022416,14403.0
1753503398986,04:16:38.986,ACH/USDT:USDT,0.022411,2928.0,0.022409,5304.0,0.022415,2807.0,0.022416,14403.0
1753503399136,04:16:39.136,ACH/USDT:USDT,0.022411,2928.0,0.022409,5304.0,0.022415,2807.0,0.022416,14403.0
1753503399286,04:16:39.286,ACH/USDT:USDT,0.022411,2928.0,0.022409,5304.0,0.022415,2807.0,0.022416,14403.0
1753503399436,04:16:39.436,ACH/USDT:USDT,0.022409,5304.0,0.022399,2878.0,0.022415,2807.0,0.022416,14403.0
1753503399586,04:16:39.586,ACH/USDT:USDT,0.02241,2928.0,0.022409,5304.0,0.022415,2807.0,0.022416,14403.0
1753503399887,04:16:39.887,ACH/USDT:USDT,0.02241,2928.0,0.022408,5304.0,0.022415,2807.0,0.022416,14403.0
1753503400037,04:16:40.037,ACH/USDT:USDT,0.02241,2928.0,0.022408,5304.0,0.022415,2807.0,0.022416,14403.0
1753503400187,04:16:40.187,ACH/USDT:USDT,0.02241,2928.0,0.022408,5304.0,0.022415,2807.0,0.022416,14403.0
1753503400337,04:16:40.337,ACH/USDT:USDT,0.02241,2928.0,0.022408,5304.0,0.022415,2807.0,0.022416,14403.0
1753503400487,04:16:40.487,ACH/USDT:USDT,0.02241,2928.0,0.022408,5304.0,0.022415,2807.0,0.022416,14403.0
1753503400637,04:16:40.637,ACH/USDT:USDT,0.02241,2928.0,0.022408,5304.0,0.022415,2807.0,0.022416,14403.0
1753503400787,04:16:40.787,ACH/USDT:USDT,0.02241,2928.0,0.022408,5304.0,0.022415,2807.0,0.022416,14403.0
1753503401087,04:16:41.087,ACH/USDT:USDT,0.02241,2928.0,0.022408,5304.0,0.022415,2807.0,0.022416,14403.0
1753503401237,04:16:41.237,ACH/USDT:USDT,0.02241,2928.0,0.022408,5304.0,0.022415,2807.0,0.022416,14403.0
1753503401388,04:16:41.388,ACH/USDT:USDT,0.02241,2928.0,0.022408,5304.0,0.022415,2807.0,0.022416,14403.0
1753503401538,04:16:41.538,ACH/USDT:USDT,0.02241,2928.0,0.022408,5304.0,0.022415,2807.0,0.022416,14403.0
1753503401688,04:16:41.688,ACH/USDT:USDT,0.02241,2928.0,0.022408,5304.0,0.022415,2807.0,0.022416,14403.0
1753503401988,04:16:41.988,ACH/USDT:USDT,0.02241,2928.0,0.022408,5304.0,0.022415,2807.0,0.022416,14403.0
1753503402138,04:16:42.138,ACH/USDT:USDT,0.02241,2928.0,0.022408,5304.0,0.022415,2807.0,0.022416,14403.0
1753503402288,04:16:42.288,ACH/USDT:USDT,0.02241,2928.0,0.022408,5304.0,0.022415,2807.0,0.022416,14403.0
1753503402588,04:16:42.588,ACH/USDT:USDT,0.02241,2928.0,0.022408,5304.0,0.022415,2807.0,0.022416,14403.0
1753503402738,04:16:42.738,ACH/USDT:USDT,0.02241,2928.0,0.022408,5304.0,0.022415,2807.0,0.022416,14403.0
1753503402888,04:16:42.888,ACH/USDT:USDT,0.02241,2928.0,0.022408,5304.0,0.022415,2807.0,0.022416,14403.0
1753503403039,04:16:43.039,ACH/USDT:USDT,0.02241,2928.0,0.022408,5304.0,0.022415,2807.0,0.022416,14403.0
1753503403189,04:16:43.189,ACH/USDT:USDT,0.02241,2928.0,0.022408,5304.0,0.022415,2807.0,0.022416,14403.0
1753503403339,04:16:43.339,ACH/USDT:USDT,0.022408,5304.0,0.022399,2878.0,0.022411,44599.0,0.022415,2807.0
1753503403489,04:16:43.489,ACH/USDT:USDT,0.022408,5304.0,0.022406,5303.0,0.02241,13380.0,0.022411,44599.0
1753503403639,04:16:43.639,ACH/USDT:USDT,0.022406,8231.0,0.022399,2878.0,0.022409,2928.0,0.02241,13380.0
1753503403789,04:16:43.789,ACH/USDT:USDT,0.022409,9186.0,0.022408,6124.0,0.02241,13380.0,0.022411,44599.0
1753503403939,04:16:43.939,ACH/USDT:USDT,0.022407,2928.0,0.022406,5303.0,0.022411,44599.0,0.022412,2928.0
1753503404239,04:16:44.239,ACH/USDT:USDT,0.022406,6124.0,0.022405,5303.0,0.022409,2928.0,0.02241,13380.0
1753503404389,04:16:44.389,ACH/USDT:USDT,0.022407,6124.0,0.022406,6124.0,0.022409,2928.0,0.02241,13380.0
1753503404539,04:16:44.539,ACH/USDT:USDT,0.022408,6124.0,0.022407,6124.0,0.022409,2928.0,0.02241,13380.0
1753503404840,04:16:44.840,ACH/USDT:USDT,0.022408,6124.0,0.022406,5302.0,0.022409,2928.0,0.02241,13380.0
1753503405290,04:16:45.290,ACH/USDT:USDT,0.022408,6124.0,0.022406,5302.0,0.022409,2928.0,0.02241,13380.0
1753503405440,04:16:45.440,ACH/USDT:USDT,0.022408,6124.0,0.022406,5302.0,0.022409,2928.0,0.02241,13380.0
1753503405590,04:16:45.590,ACH/USDT:USDT,0.022408,6124.0,0.022406,5302.0,0.022409,2928.0,0.02241,13380.0
1753503405740,04:16:45.740,ACH/USDT:USDT,0.022408,6124.0,0.022406,5302.0,0.022409,2928.0,0.02241,13380.0
1753503405890,04:16:45.890,ACH/USDT:USDT,0.022408,6124.0,0.022406,5302.0,0.022409,2928.0,0.02241,13380.0
1753503406040,04:16:46.040,ACH/USDT:USDT,0.022408,6124.0,0.022406,5302.0,0.022409,2928.0,0.02241,13380.0
1753503406190,04:16:46.190,ACH/USDT:USDT,0.022408,6124.0,0.022406,5302.0,0.022409,2928.0,0.02241,13380.0
1753503406341,04:16:46.341,ACH/USDT:USDT,0.022408,6124.0,0.022406,5302.0,0.022409,2928.0,0.02241,13380.0
1753503406491,04:16:46.491,ACH/USDT:USDT,0.022408,6124.0,0.022406,5302.0,0.022409,2928.0,0.02241,13380.0
1753503406641,04:16:46.641,ACH/USDT:USDT,0.022408,6124.0,0.022406,5302.0,0.022409,2928.0,0.02241,13380.0
1753503406791,04:16:46.791,ACH/USDT:USDT,0.022408,6124.0,0.022406,5302.0,0.022409,2928.0,0.02241,13380.0
1753503406941,04:16:46.941,ACH/USDT:USDT,0.022408,6124.0,0.022406,5302.0,0.022409,2928.0,0.02241,13380.0
1753503407091,04:16:47.091,ACH/USDT:USDT,0.022408,6124.0,0.022406,5302.0,0.022409,2928.0,0.02241,13380.0
1753503407391,04:16:47.391,ACH/USDT:USDT,0.022408,6124.0,0.022406,5302.0,0.022409,2816.0,0.02241,13380.0
1753503407541,04:16:47.541,ACH/USDT:USDT,0.022408,6124.0,0.022406,5302.0,0.022409,2816.0,0.02241,13380.0
1753503407691,04:16:47.691,ACH/USDT:USDT,0.022408,6124.0,0.022406,5302.0,0.022411,44599.0,0.022412,2928.0
1753503407842,04:16:47.842,ACH/USDT:USDT,0.022409,6124.0,0.022408,6124.0,0.02241,16196.0,0.022411,44599.0
1753503407992,04:16:47.992,ACH/USDT:USDT,0.022409,6124.0,0.022406,5302.0,0.02241,2816.0,0.022411,44599.0
1753503408142,04:16:48.142,ACH/USDT:USDT,0.022409,6124.0,0.022407,5302.0,0.02241,2816.0,0.022411,44599.0
1753503408292,04:16:48.292,ACH/USDT:USDT,0.022409,6124.0,0.022407,5302.0,0.02241,2816.0,0.022411,44599.0
1753503408742,04:16:48.742,ACH/USDT:USDT,0.022409,6124.0,0.022407,5302.0,0.02241,2816.0,0.022411,44599.0
1753503408892,04:16:48.892,ACH/USDT:USDT,0.022409,6124.0,0.022407,5302.0,0.02241,2816.0,0.022411,44599.0
1753503409042,04:16:49.042,ACH/USDT:USDT,0.022409,6124.0,0.022407,5302.0,0.02241,2816.0,0.022411,44599.0
1753503409343,04:16:49.343,ACH/USDT:USDT,0.022409,6124.0,0.022407,5302.0,0.02241,2816.0,0.022411,44599.0
1753503409643,04:16:49.643,ACH/USDT:USDT,0.022409,6124.0,0.022407,5302.0,0.02241,2816.0,0.022411,44599.0
1753503409793,04:16:49.793,ACH/USDT:USDT,0.022409,6124.0,0.022407,5302.0,0.02241,2816.0,0.022411,44599.0
1753503409943,04:16:49.943,ACH/USDT:USDT,0.022409,6124.0,0.022407,5302.0,0.02241,2816.0,0.022411,44599.0
1753503410093,04:16:50.093,ACH/USDT:USDT,0.022409,6124.0,0.022407,5302.0,0.02241,2816.0,0.022411,44599.0
1753503410393,04:16:50.393,ACH/USDT:USDT,0.022409,6124.0,0.022407,5302.0,0.02241,2816.0,0.022411,44599.0
1753503410543,04:16:50.543,ACH/USDT:USDT,0.022409,6124.0,0.022407,5302.0,0.02241,2816.0,0.022411,44599.0
1753503410693,04:16:50.693,ACH/USDT:USDT,0.022409,6124.0,0.022407,5302.0,0.02241,2816.0,0.022411,44599.0
1753503410843,04:16:50.843,ACH/USDT:USDT,0.022409,6124.0,0.022407,5302.0,0.02241,2816.0,0.022411,44599.0
1753503410994,04:16:50.994,ACH/USDT:USDT,0.022407,5302.0,0.022404,3413.0,0.02241,2816.0,0.022411,44599.0
1753503411144,04:16:51.144,ACH/USDT:USDT,0.022407,5302.0,0.022405,5301.0,0.022409,2816.0,0.02241,13380.0
1753503411294,04:16:51.294,ACH/USDT:USDT,0.022408,6124.0,0.022407,5302.0,0.022409,2816.0,0.02241,13380.0
1753503411444,04:16:51.444,ACH/USDT:USDT,0.022408,6124.0,0.022406,5301.0,0.022409,2816.0,0.02241,13380.0
1753503411744,04:16:51.744,ACH/USDT:USDT,0.022408,6124.0,0.022406,5301.0,0.022409,2816.0,0.02241,16793.0
1753503411894,04:16:51.894,ACH/USDT:USDT,0.022408,6124.0,0.022406,5301.0,0.022409,2816.0,0.02241,16793.0
1753503412044,04:16:52.044,ACH/USDT:USDT,0.022408,6124.0,0.022406,5301.0,0.022409,2816.0,0.02241,16793.0
1753503412194,04:16:52.194,ACH/USDT:USDT,0.022408,6124.0,0.022406,5301.0,0.022409,2816.0,0.02241,16793.0
1753503412344,04:16:52.344,ACH/USDT:USDT,0.022408,6124.0,0.022406,5301.0,0.022409,2816.0,0.02241,16793.0
1753503412495,04:16:52.495,ACH/USDT:USDT,0.022408,6124.0,0.022406,5301.0,0.022409,2816.0,0.02241,16793.0
1753503412645,04:16:52.645,ACH/USDT:USDT,0.022408,6124.0,0.022406,5301.0,0.022409,2816.0,0.02241,16793.0
1753503412795,04:16:52.795,ACH/USDT:USDT,0.022408,6124.0,0.022406,5301.0,0.022409,2816.0,0.02241,16793.0
1753503412945,04:16:52.945,ACH/USDT:USDT,0.022408,6124.0,0.022406,5301.0,0.022409,2816.0,0.02241,16793.0
1753503413245,04:16:53.245,ACH/USDT:USDT,0.022408,6124.0,0.022406,5301.0,0.022409,2816.0,0.02241,16793.0
1753503413545,04:16:53.545,ACH/USDT:USDT,0.022408,6124.0,0.022406,5301.0,0.022409,2816.0,0.02241,16793.0
1753503413695,04:16:53.695,ACH/USDT:USDT,0.022408,6124.0,0.022406,5301.0,0.022409,2816.0,0.02241,16793.0
1753503413845,04:16:53.845,ACH/USDT:USDT,0.022408,6124.0,0.022406,5301.0,0.022409,2816.0,0.02241,16793.0
1753503413995,04:16:53.995,ACH/USDT:USDT,0.022408,6124.0,0.022406,5301.0,0.022409,2816.0,0.02241,16793.0
1753503414146,04:16:54.146,ACH/USDT:USDT,0.022408,6124.0,0.022406,5301.0,0.022409,2816.0,0.02241,16793.0
1753503414296,04:16:54.296,ACH/USDT:USDT,0.022408,6124.0,0.022406,5301.0,0.022409,2816.0,0.02241,16793.0
1753503414596,04:16:54.596,ACH/USDT:USDT,0.022408,6124.0,0.022406,5301.0,0.022409,2816.0,0.02241,16793.0
1753503414896,04:16:54.896,ACH/USDT:USDT,0.022388,2910.0,0.022384,2846.0,0.022397,2816.0,0.022398,3413.0
1753503415046,04:16:55.046,ACH/USDT:USDT,0.022393,2816.0,0.022384,2846.0,0.022397,2816.0,0.022398,8451.0
1753503415196,04:16:55.196,ACH/USDT:USDT,0.022388,5301.0,0.022386,5301.0,0.022397,2816.0,0.022398,8451.0
1753503415647,04:16:55.647,ACH/USDT:USDT,0.02239,2816.0,0.022388,8035.0,0.022398,5038.0,0.022399,41525.0
1753503415797,04:16:55.797,ACH/USDT:USDT,0.02239,2816.0,0.022388,8035.0,0.022398,7854.0,0.022399,41525.0
1753503416097,04:16:56.097,ACH/USDT:USDT,0.02239,2816.0,0.022388,8035.0,0.022398,2816.0,0.022399,41525.0
1753503416547,04:16:56.547,ACH/USDT:USDT,0.02239,2816.0,0.022388,2734.0,0.022398,2816.0,0.022399,16795.0
1753503417147,04:16:57.147,ACH/USDT:USDT,0.02239,2816.0,0.022389,2734.0,0.022398,2816.0,0.022399,16795.0
1753503417448,04:16:57.448,ACH/USDT:USDT,0.02239,2816.0,0.022389,2734.0,0.022398,2816.0,0.022399,16795.0
1753503417748,04:16:57.748,ACH/USDT:USDT,0.022391,6124.0,0.02239,2816.0,0.022399,13380.0,0.0224,129791.0
1753503418048,04:16:58.048,ACH/USDT:USDT,0.022393,2908.0,0.022391,6124.0,0.022399,16795.0,0.0224,129791.0
1753503418198,04:16:58.198,ACH/USDT:USDT,0.022393,2908.0,0.022391,6124.0,0.022399,16795.0,0.0224,129791.0
1753503418348,04:16:58.348,ACH/USDT:USDT,0.022393,2908.0,0.022391,6124.0,0.022399,16795.0,0.0224,129791.0
1753503418498,04:16:58.498,ACH/USDT:USDT,0.022393,2908.0,0.022391,6124.0,0.022399,16795.0,0.0224,129791.0
1753503418649,04:16:58.649,ACH/USDT:USDT,0.022393,2908.0,0.022391,6124.0,0.022399,16795.0,0.0224,129791.0
1753503418798,04:16:58.798,ACH/USDT:USDT,0.022393,2908.0,0.022391,6124.0,0.022399,16795.0,0.0224,129791.0
1753503419249,04:16:59.249,ACH/USDT:USDT,0.022393,2908.0,0.022391,6124.0,0.022399,16795.0,0.0224,129791.0
1753503419399,04:16:59.399,ACH/USDT:USDT,0.022393,2908.0,0.022391,6124.0,0.022399,16795.0,0.0224,129791.0
1753503419699,04:16:59.699,ACH/USDT:USDT,0.022393,2908.0,0.022391,6124.0,0.022399,13380.0,0.0224,129791.0
1753503419849,04:16:59.849,ACH/USDT:USDT,0.022393,2908.0,0.022391,6124.0,0.022398,2908.0,0.022399,16795.0
1753503419999,04:16:59.999,ACH/USDT:USDT,0.022393,2908.0,0.022391,6124.0,0.022398,2908.0,0.022399,16795.0
1753503420149,04:17:00.149,ACH/USDT:USDT,0.022393,2908.0,0.022391,6124.0,0.022398,2908.0,0.022399,16795.0
1753503420299,04:17:00.299,ACH/USDT:USDT,0.022393,2908.0,0.022391,6124.0,0.022398,2908.0,0.022399,16795.0
1753503420450,04:17:00.450,ACH/USDT:USDT,0.022393,2908.0,0.022391,6124.0,0.022398,2908.0,0.022399,16795.0
1753503420600,04:17:00.600,ACH/USDT:USDT,0.022393,2908.0,0.022391,6124.0,0.022399,16795.0,0.0224,129791.0
1753503420900,04:17:00.900,ACH/USDT:USDT,0.022393,2908.0,0.022391,6124.0,0.022399,16795.0,0.0224,129791.0
1753503421050,04:17:01.050,ACH/USDT:USDT,0.022393,2908.0,0.022391,8856.0,0.022399,16795.0,0.0224,129791.0
1753503421200,04:17:01.200,ACH/USDT:USDT,0.022393,2908.0,0.022391,8856.0,0.022399,16795.0,0.0224,129791.0
1753503421350,04:17:01.350,ACH/USDT:USDT,0.022393,2908.0,0.022391,8856.0,0.022399,16795.0,0.0224,129791.0
1753503421500,04:17:01.500,ACH/USDT:USDT,0.022393,2908.0,0.022391,8856.0,0.022399,16795.0,0.0224,129791.0
1753503421650,04:17:01.650,ACH/USDT:USDT,0.022393,2908.0,0.022391,8856.0,0.022399,16795.0,0.0224,129791.0
1753503421800,04:17:01.800,ACH/USDT:USDT,0.022393,2908.0,0.022391,8856.0,0.022399,16795.0,0.0224,129791.0
1753503421950,04:17:01.950,ACH/USDT:USDT,0.022393,2908.0,0.022391,8856.0,0.022399,16795.0,0.0224,129791.0
1753503422101,04:17:02.101,ACH/USDT:USDT,0.022393,2908.0,0.022391,8856.0,0.022399,16795.0,0.0224,129791.0
1753503422251,04:17:02.251,ACH/USDT:USDT,0.022393,2908.0,0.022391,8856.0,0.022399,16795.0,0.0224,129791.0
1753503422401,04:17:02.401,ACH/USDT:USDT,0.022393,2908.0,0.022391,8856.0,0.022399,16795.0,0.0224,129791.0
1753503422551,04:17:02.551,ACH/USDT:USDT,0.022393,2908.0,0.022391,8856.0,0.022399,16795.0,0.0224,129791.0
1753503422701,04:17:02.701,ACH/USDT:USDT,0.022393,2908.0,0.022391,6124.0,0.022399,16795.0,0.0224,129791.0
1753503422851,04:17:02.851,ACH/USDT:USDT,0.022393,2908.0,0.022391,6124.0,0.022399,16795.0,0.0224,129791.0
1753503423001,04:17:03.001,ACH/USDT:USDT,0.022393,2908.0,0.022391,6124.0,0.022399,16795.0,0.0224,129791.0
1753503423151,04:17:03.151,ACH/USDT:USDT,0.022393,2908.0,0.022391,6124.0,0.022399,16795.0,0.0224,129791.0
1753503423301,04:17:03.301,ACH/USDT:USDT,0.022393,2908.0,0.022391,6124.0,0.022399,16795.0,0.0224,129791.0
1753503423452,04:17:03.452,ACH/USDT:USDT,0.022393,2908.0,0.022391,6124.0,0.022399,16795.0,0.0224,129791.0
1753503423602,04:17:03.602,ACH/USDT:USDT,0.022393,2908.0,0.022391,6124.0,0.022399,16795.0,0.0224,129791.0
1753503423752,04:17:03.752,ACH/USDT:USDT,0.022393,2908.0,0.022391,6124.0,0.022399,16795.0,0.0224,129791.0
1753503424052,04:17:04.052,ACH/USDT:USDT,0.022393,2908.0,0.022391,6124.0,0.022399,16795.0,0.0224,129791.0
1753503424202,04:17:04.202,ACH/USDT:USDT,0.022393,2908.0,0.022391,6124.0,0.022399,16795.0,0.0224,129791.0
1753503424352,04:17:04.352,ACH/USDT:USDT,0.022393,2908.0,0.022391,6124.0,0.022399,16795.0,0.0224,129791.0
1753503424502,04:17:04.502,ACH/USDT:USDT,0.022393,2908.0,0.022391,6124.0,0.022399,16795.0,0.0224,129791.0
1753503424652,04:17:04.652,ACH/USDT:USDT,0.022393,2908.0,0.022391,6124.0,0.022399,16795.0,0.0224,129791.0
1753503424802,04:17:04.802,ACH/USDT:USDT,0.022393,2908.0,0.022391,6124.0,0.022399,16795.0,0.0224,129791.0
1753503424952,04:17:04.952,ACH/USDT:USDT,0.022393,2908.0,0.022391,6124.0,0.022399,16795.0,0.0224,129791.0
1753503425403,04:17:05.403,ACH/USDT:USDT,0.022393,2908.0,0.022391,6124.0,0.022399,13380.0,0.0224,129791.0
1753503425553,04:17:05.553,ACH/USDT:USDT,0.022393,2908.0,0.022391,6124.0,0.022398,2908.0,0.022399,13380.0
1753503425703,04:17:05.703,ACH/USDT:USDT,0.022393,2908.0,0.022391,6124.0,0.022398,2908.0,0.022399,13380.0
1753503426153,04:17:06.153,ACH/USDT:USDT,0.022393,2908.0,0.022391,6124.0,0.022398,2908.0,0.022399,13380.0
1753503426303,04:17:06.303,ACH/USDT:USDT,0.022393,2908.0,0.02239,11537.0,0.022398,2908.0,0.022399,13380.0
1753503426453,04:17:06.453,ACH/USDT:USDT,0.022393,2908.0,0.022391,5306.0,0.022398,2908.0,0.022399,13380.0
1753503426603,04:17:06.603,ACH/USDT:USDT,0.022393,2908.0,0.022391,5306.0,0.022398,2908.0,0.022399,13380.0
1753503426753,04:17:06.753,ACH/USDT:USDT,0.022393,2908.0,0.022391,5306.0,0.022398,2908.0,0.022399,13380.0
1753503426904,04:17:06.904,ACH/USDT:USDT,0.022393,2908.0,0.022391,5306.0,0.022398,2908.0,0.022399,13380.0
1753503427204,04:17:07.204,ACH/USDT:USDT,0.022393,2908.0,0.022391,5306.0,0.022398,2908.0,0.022399,13380.0
1753503427504,04:17:07.504,ACH/USDT:USDT,0.022393,2908.0,0.022391,5306.0,0.022399,13380.0,0.0224,129791.0
1753503427654,04:17:07.654,ACH/USDT:USDT,0.022393,2908.0,0.022391,5306.0,0.022399,13380.0,0.0224,129791.0
1753503427804,04:17:07.804,ACH/USDT:USDT,0.022393,2908.0,0.022391,5306.0,0.022399,13380.0,0.0224,129791.0
1753503427954,04:17:07.954,ACH/USDT:USDT,0.022393,2908.0,0.022391,5306.0,0.022399,13380.0,0.0224,129791.0
1753503428104,04:17:08.104,ACH/USDT:USDT,0.022393,2908.0,0.022391,5306.0,0.022399,13380.0,0.0224,129791.0
1753503428254,04:17:08.254,ACH/USDT:USDT,0.022393,2908.0,0.022391,5306.0,0.022399,13380.0,0.0224,129791.0
1753503428404,04:17:08.404,ACH/USDT:USDT,0.022393,2908.0,0.022391,5306.0,0.022399,13380.0,0.0224,129791.0
1753503428555,04:17:08.555,ACH/USDT:USDT,0.022393,2908.0,0.022391,5306.0,0.022399,13380.0,0.0224,129791.0
1753503428705,04:17:08.705,ACH/USDT:USDT,0.022393,2908.0,0.022391,5306.0,0.022399,13380.0,0.0224,129791.0
1753503428855,04:17:08.855,ACH/USDT:USDT,0.022393,2908.0,0.022391,5306.0,0.022399,13380.0,0.0224,129791.0
1753503429005,04:17:09.005,ACH/USDT:USDT,0.022393,2908.0,0.022391,5306.0,0.022399,13380.0,0.0224,129791.0
1753503429155,04:17:09.155,ACH/USDT:USDT,0.022398,6124.0,0.022394,6124.0,0.022399,13380.0,0.0224,85192.0
1753503429305,04:17:09.305,ACH/USDT:USDT,0.022398,10186.0,0.022396,8040.0,0.022405,284169.0,0.022406,2816.0
1753503429455,04:17:09.455,ACH/USDT:USDT,0.0224,2857.0,0.022399,6124.0,0.022404,85251.0,0.022405,284169.0
1753503429605,04:17:09.605,ACH/USDT:USDT,0.022403,2857.0,0.022401,6124.0,0.022404,85251.0,0.022405,284169.0
1753503429755,04:17:09.755,ACH/USDT:USDT,0.022404,9186.0,0.022403,8981.0,0.022405,284169.0,0.022406,2816.0
1753503429905,04:17:09.905,ACH/USDT:USDT,0.022404,9186.0,0.022403,2857.0,0.022405,284169.0,0.022406,2816.0
1753503430055,04:17:10.055,ACH/USDT:USDT,0.022404,9186.0,0.022403,2857.0,0.022405,284169.0,0.022409,2816.0
1753503430206,04:17:10.206,ACH/USDT:USDT,0.022404,9186.0,0.022403,2857.0,0.022405,284169.0,0.022409,2816.0
1753503430356,04:17:10.356,ACH/USDT:USDT,0.022404,9186.0,0.022403,2857.0,0.022405,284169.0,0.022409,2816.0
1753503430506,04:17:10.506,ACH/USDT:USDT,0.022404,9186.0,0.022403,2857.0,0.022405,284169.0,0.022409,2816.0
1753503430656,04:17:10.656,ACH/USDT:USDT,0.022404,9186.0,0.022403,2857.0,0.022405,284169.0,0.022409,2816.0
1753503430806,04:17:10.806,ACH/USDT:USDT,0.022404,9186.0,0.022403,2857.0,0.022405,284169.0,0.022409,2816.0
1753503430956,04:17:10.956,ACH/USDT:USDT,0.022404,9186.0,0.022403,2857.0,0.022405,284169.0,0.022409,2816.0
1753503431106,04:17:11.106,ACH/USDT:USDT,0.022403,2857.0,0.022402,5308.0,0.022405,284169.0,0.022409,2816.0
1753503431256,04:17:11.256,ACH/USDT:USDT,0.022403,2857.0,0.022401,5307.0,0.022405,284169.0,0.022409,2816.0
1753503431406,04:17:11.406,ACH/USDT:USDT,0.022403,2857.0,0.022401,5307.0,0.022405,284169.0,0.022409,2816.0
1753503431556,04:17:11.556,ACH/USDT:USDT,0.022403,2857.0,0.0224,2857.0,0.022405,284169.0,0.022409,2816.0
1753503431706,04:17:11.706,ACH/USDT:USDT,0.0224,8165.0,0.022398,1205.0,0.022405,284169.0,0.022409,6229.0
1753503431857,04:17:11.857,ACH/USDT:USDT,0.022401,8165.0,0.0224,5308.0,0.022404,85251.0,0.022405,284169.0
1753503432007,04:17:12.007,ACH/USDT:USDT,0.022402,2857.0,0.022401,5308.0,0.022404,85251.0,0.022405,284169.0
1753503432157,04:17:12.157,ACH/USDT:USDT,0.022402,2857.0,0.0224,5308.0,0.022404,85251.0,0.022405,284169.0
1753503432307,04:17:12.307,ACH/USDT:USDT,0.022402,2857.0,0.0224,5308.0,0.022404,85251.0,0.022405,284169.0
1753503432457,04:17:12.457,ACH/USDT:USDT,0.022402,2857.0,0.0224,5308.0,0.022404,85251.0,0.022405,284169.0
1753503432607,04:17:12.607,ACH/USDT:USDT,0.022402,2857.0,0.0224,5308.0,0.022404,85251.0,0.022405,284169.0
1753503432757,04:17:12.757,ACH/USDT:USDT,0.022402,2857.0,0.0224,5308.0,0.022404,85251.0,0.022405,284169.0
1753503432907,04:17:12.907,ACH/USDT:USDT,0.022402,2857.0,0.0224,5308.0,0.022404,85251.0,0.022405,284169.0
1753503433057,04:17:13.057,ACH/USDT:USDT,0.022402,2857.0,0.0224,5308.0,0.022404,85251.0,0.022405,284169.0
1753503433357,04:17:13.357,ACH/USDT:USDT,0.022402,2857.0,0.0224,5308.0,0.022404,85251.0,0.022405,284169.0
1753503433658,04:17:13.658,ACH/USDT:USDT,0.022402,2857.0,0.0224,5308.0,0.022404,85251.0,0.022405,284169.0
1753503433808,04:17:13.808,ACH/USDT:USDT,0.022402,2857.0,0.0224,5308.0,0.022404,85251.0,0.022405,284169.0
1753503433958,04:17:13.958,ACH/USDT:USDT,0.022402,2857.0,0.0224,5308.0,0.022404,85251.0,0.022405,284169.0
1753503434108,04:17:14.108,ACH/USDT:USDT,0.022402,2857.0,0.0224,5308.0,0.022404,85251.0,0.022405,284169.0
1753503434258,04:17:14.258,ACH/USDT:USDT,0.022399,5309.0,0.022398,5309.0,0.022403,2857.0,0.022404,129850.0
1753503434408,04:17:14.408,ACH/USDT:USDT,0.022393,9422.0,0.02239,2816.0,0.022403,16237.0,0.022404,129850.0
1753503434558,04:17:14.558,ACH/USDT:USDT,0.022395,2857.0,0.022394,2233.0,0.022401,2857.0,0.022403,13380.0
1753503434708,04:17:14.708,ACH/USDT:USDT,0.022395,2857.0,0.022393,6514.0,0.022401,2857.0,0.022403,13380.0
1753503434858,04:17:14.858,ACH/USDT:USDT,0.022395,2857.0,0.022393,6514.0,0.022401,2857.0,0.022403,13380.0
1753503435009,04:17:15.009,ACH/USDT:USDT,0.022395,2857.0,0.022393,6514.0,0.022401,2857.0,0.022403,13380.0
1753503435159,04:17:15.159,ACH/USDT:USDT,0.022395,2857.0,0.022393,6514.0,0.022401,2857.0,0.022403,13380.0
1753503435309,04:17:15.309,ACH/USDT:USDT,0.022395,2857.0,0.022393,6514.0,0.022401,2857.0,0.022403,13380.0
1753503435459,04:17:15.459,ACH/USDT:USDT,0.022395,2857.0,0.022393,6514.0,0.022401,2857.0,0.022403,13380.0
1753503435609,04:17:15.609,ACH/USDT:USDT,0.022395,2857.0,0.022393,6514.0,0.022401,2857.0,0.022403,13380.0
1753503435759,04:17:15.759,ACH/USDT:USDT,0.022395,2857.0,0.022393,6514.0,0.022401,2857.0,0.022403,13380.0
1753503435909,04:17:15.909,ACH/USDT:USDT,0.022395,2857.0,0.022393,6514.0,0.022401,2857.0,0.022403,13380.0
1753503436209,04:17:16.209,ACH/USDT:USDT,0.022395,2857.0,0.022393,6514.0,0.022401,2857.0,0.022403,13380.0
1753503436359,04:17:16.359,ACH/USDT:USDT,0.022395,2857.0,0.022393,6514.0,0.022401,2857.0,0.022403,13380.0
1753503436509,04:17:16.509,ACH/USDT:USDT,0.022395,2857.0,0.022393,6514.0,0.022401,2857.0,0.022403,13380.0
1753503436660,04:17:16.660,ACH/USDT:USDT,0.022395,2857.0,0.022393,6514.0,0.022401,2857.0,0.022403,13380.0
1753503436810,04:17:16.810,ACH/USDT:USDT,0.022395,2857.0,0.022393,6514.0,0.022401,2857.0,0.022403,13380.0
1753503437110,04:17:17.110,ACH/USDT:USDT,0.022395,2857.0,0.022393,6514.0,0.022401,2857.0,0.022403,13380.0
1753503437260,04:17:17.260,ACH/USDT:USDT,0.022395,2857.0,0.022393,6514.0,0.022401,2857.0,0.022403,13380.0
1753503437410,04:17:17.410,ACH/USDT:USDT,0.022395,2857.0,0.022393,6514.0,0.022401,2857.0,0.022403,13380.0
1753503437710,04:17:17.710,ACH/USDT:USDT,0.022395,2857.0,0.022393,6514.0,0.022401,2857.0,0.022403,13380.0
1753503437860,04:17:17.860,ACH/USDT:USDT,0.022395,2857.0,0.022393,6514.0,0.022401,2857.0,0.022403,13380.0
1753503438311,04:17:18.311,ACH/USDT:USDT,0.022395,2857.0,0.022393,6514.0,0.022401,2857.0,0.022403,13380.0
1753503438461,04:17:18.461,ACH/USDT:USDT,0.022395,2857.0,0.022393,6514.0,0.022401,2857.0,0.022403,13380.0
1753503438761,04:17:18.761,ACH/USDT:USDT,0.022395,2857.0,0.022393,6514.0,0.022401,2857.0,0.022403,13380.0
1753503438911,04:17:18.911,ACH/USDT:USDT,0.022395,2857.0,0.022393,6514.0,0.022401,2857.0,0.022403,13380.0
1753503439061,04:17:19.061,ACH/USDT:USDT,0.022395,2857.0,0.022393,6514.0,0.022401,2857.0,0.022403,13380.0
1753503439211,04:17:19.211,ACH/USDT:USDT,0.022395,2857.0,0.022393,6514.0,0.022403,13380.0,0.022404,132707.0
1753503439361,04:17:19.361,ACH/USDT:USDT,0.022396,6124.0,0.022395,2857.0,0.022402,2907.0,0.022403,13380.0
1753503439511,04:17:19.511,ACH/USDT:USDT,0.022398,2907.0,0.022396,6124.0,0.022402,2907.0,0.022403,13380.0
1753503439811,04:17:19.811,ACH/USDT:USDT,0.022398,2907.0,0.022396,6124.0,0.022402,2907.0,0.022403,13380.0
1753503439962,04:17:19.962,ACH/USDT:USDT,0.022398,2907.0,0.022396,6124.0,0.022402,2907.0,0.022403,13380.0
1753503440112,04:17:20.112,ACH/USDT:USDT,0.022398,2907.0,0.022396,6124.0,0.022402,2907.0,0.022403,13380.0
1753503440562,04:17:20.562,ACH/USDT:USDT,0.022398,2907.0,0.022396,6124.0,0.022402,2907.0,0.022403,13380.0
1753503440862,04:17:20.862,ACH/USDT:USDT,0.022398,2907.0,0.022396,6124.0,0.022402,2907.0,0.022403,13380.0
1753503441012,04:17:21.012,ACH/USDT:USDT,0.022398,2907.0,0.022396,6124.0,0.022402,2907.0,0.022403,13380.0
1753503441162,04:17:21.162,ACH/USDT:USDT,0.022398,2907.0,0.022396,6124.0,0.022402,2907.0,0.022403,13380.0
1753503441462,04:17:21.462,ACH/USDT:USDT,0.022398,2907.0,0.022396,6124.0,0.022402,2907.0,0.022403,13380.0
1753503441763,04:17:21.763,ACH/USDT:USDT,0.022398,2907.0,0.022396,6124.0,0.022402,2907.0,0.022403,13380.0
1753503441913,04:17:21.913,ACH/USDT:USDT,0.022398,2907.0,0.022396,6124.0,0.022403,13380.0,0.022404,85251.0
1753503442063,04:17:22.063,ACH/USDT:USDT,0.022402,6124.0,0.022398,4112.0,0.022404,85251.0,0.022405,284169.0
1753503442213,04:17:22.213,ACH/USDT:USDT,0.022402,6124.0,0.0224,5325.0,0.022404,129850.0,0.022405,284169.0
1753503442363,04:17:22.363,ACH/USDT:USDT,0.022402,9031.0,0.0224,5325.0,0.022404,129850.0,0.022405,284169.0
1753503442513,04:17:22.513,ACH/USDT:USDT,0.022402,2907.0,0.0224,5325.0,0.022404,129850.0,0.022405,284169.0
1753503442813,04:17:22.813,ACH/USDT:USDT,0.022401,2907.0,0.0224,5325.0,0.022403,13380.0,0.022404,129850.0
1753503443114,04:17:23.114,ACH/USDT:USDT,0.022399,5325.0,0.022395,2857.0,0.022403,13380.0,0.022404,129850.0
1753503443264,04:17:23.264,ACH/USDT:USDT,0.0224,2907.0,0.022399,5325.0,0.022403,13380.0,0.022404,133264.0
1753503443564,04:17:23.564,ACH/USDT:USDT,0.0224,2907.0,0.022398,5326.0,0.022403,13380.0,0.022404,133264.0
1753503443864,04:17:23.864,ACH/USDT:USDT,0.0224,2907.0,0.022398,5326.0,0.022403,13380.0,0.022404,133264.0
1753503444164,04:17:24.164,ACH/USDT:USDT,0.0224,2907.0,0.022398,5326.0,0.022403,13380.0,0.022404,133264.0
1753503444314,04:17:24.314,ACH/USDT:USDT,0.0224,2907.0,0.022398,5326.0,0.022403,13380.0,0.022404,133264.0
1753503444614,04:17:24.614,ACH/USDT:USDT,0.0224,2907.0,0.022398,5326.0,0.022403,13380.0,0.022404,133264.0
1753503444765,04:17:24.765,ACH/USDT:USDT,0.0224,2907.0,0.022398,5326.0,0.022403,13380.0,0.022404,133264.0
1753503444915,04:17:24.915,ACH/USDT:USDT,0.0224,2907.0,0.022398,5326.0,0.022403,13380.0,0.022404,133264.0
1753503445215,04:17:25.215,ACH/USDT:USDT,0.0224,2907.0,0.022398,5326.0,0.022403,13380.0,0.022404,129850.0
1753503445365,04:17:25.365,ACH/USDT:USDT,0.0224,2907.0,0.022398,5326.0,0.022403,13380.0,0.022404,129850.0
1753503445515,04:17:25.515,ACH/USDT:USDT,0.0224,2907.0,0.022398,5326.0,0.022403,13380.0,0.022404,133264.0
1753503445665,04:17:25.665,ACH/USDT:USDT,0.0224,2907.0,0.022398,5326.0,0.022403,13380.0,0.022404,133264.0
1753503445815,04:17:25.815,ACH/USDT:USDT,0.0224,2907.0,0.022398,5326.0,0.022403,13380.0,0.022404,133264.0
1753503445965,04:17:25.965,ACH/USDT:USDT,0.0224,2907.0,0.022398,5326.0,0.022403,13380.0,0.022404,133264.0
1753503446115,04:17:26.115,ACH/USDT:USDT,0.0224,2907.0,0.022398,5326.0,0.022403,13380.0,0.022404,133264.0
1753503446266,04:17:26.266,ACH/USDT:USDT,0.0224,2907.0,0.022398,5326.0,0.022403,13380.0,0.022404,133264.0
1753503446416,04:17:26.416,ACH/USDT:USDT,0.0224,2907.0,0.022398,5326.0,0.022403,13380.0,0.022404,133264.0
1753503446566,04:17:26.566,ACH/USDT:USDT,0.0224,2907.0,0.022398,5326.0,0.022403,13380.0,0.022404,133264.0
1753503446866,04:17:26.866,ACH/USDT:USDT,0.0224,2907.0,0.022398,5326.0,0.022403,13380.0,0.022404,133264.0
1753503447016,04:17:27.016,ACH/USDT:USDT,0.0224,2907.0,0.022398,5326.0,0.022402,2841.0,0.022403,13380.0
1753503447166,04:17:27.166,ACH/USDT:USDT,0.022398,5326.0,0.02239,2816.0,0.022402,2841.0,0.022403,13380.0
1753503447316,04:17:27.316,ACH/USDT:USDT,0.022399,2841.0,0.022398,5326.0,0.022402,2841.0,0.022403,13380.0
1753503447466,04:17:27.466,ACH/USDT:USDT,0.0224,6124.0,0.022399,2841.0,0.022402,2841.0,0.022403,13380.0
1753503447616,04:17:27.616,ACH/USDT:USDT,0.0224,8965.0,0.022398,5326.0,0.022402,2841.0,0.022403,13380.0
1753503447766,04:17:27.766,ACH/USDT:USDT,0.0224,8965.0,0.022398,5326.0,0.022402,2841.0,0.022403,13380.0
1753503447917,04:17:27.917,ACH/USDT:USDT,0.0224,8965.0,0.022398,5326.0,0.022402,2841.0,0.022403,13380.0
1753503448067,04:17:28.067,ACH/USDT:USDT,0.0224,8965.0,0.022398,5326.0,0.022403,13380.0,0.022404,133264.0
