timestamp,time,symbol,bid1_price,bid1_volume,bid2_price,bid2_volume,ask1_price,ask1_volume,ask2_price,ask2_volume
1753504005422,04:26:45.422,ADA/USDT:USDT,0.8242,8119.0,0.8241,103899.0,0.8243,2815.0,0.8244,77500.0
1753504005622,04:26:45.622,ADA/USDT:USDT,0.8242,8631.0,0.8241,106252.0,0.8243,2815.0,0.8244,76336.0
1753504005823,04:26:45.823,ADA/USDT:USDT,0.8242,8633.0,0.8241,107663.0,0.8243,2785.0,0.8244,77736.0
1753504005925,04:26:45.925,ADA/USDT:USDT,0.8242,8633.0,0.8241,108852.0,0.8243,2785.0,0.8244,77736.0
1753504006021,04:26:46.021,ADA/USDT:USDT,0.8242,8633.0,0.8241,108852.0,0.8243,2785.0,0.8244,77736.0
1753504006622,04:26:46.622,ADA/USDT:USDT,0.8242,8631.0,0.8241,108852.0,0.8243,2777.0,0.8244,80336.0
1753504006722,04:26:46.722,ADA/USDT:USDT,0.8242,8631.0,0.8241,109883.0,0.8243,2777.0,0.8244,79967.0
1753504006822,04:26:46.822,ADA/USDT:USDT,0.8242,8631.0,0.8241,109883.0,0.8243,2487.0,0.8244,79967.0
1753504006922,04:26:46.922,ADA/USDT:USDT,0.8242,8631.0,0.8241,109883.0,0.8243,2975.0,0.8244,76336.0
1753504007022,04:26:47.022,ADA/USDT:USDT,0.8242,8631.0,0.8241,108719.0,0.8243,2968.0,0.8244,77736.0
1753504007423,04:26:47.423,ADA/USDT:USDT,0.8242,8630.0,0.8241,108719.0,0.8243,2979.0,0.8244,77736.0
1753504007522,04:26:47.522,ADA/USDT:USDT,0.8242,8630.0,0.8241,108719.0,0.8243,2979.0,0.8244,77736.0
1753504007622,04:26:47.622,ADA/USDT:USDT,0.8242,8625.0,0.8241,108719.0,0.8243,2979.0,0.8244,80336.0
1753504007722,04:26:47.722,ADA/USDT:USDT,0.8242,8625.0,0.8241,108719.0,0.8243,2979.0,0.8244,82531.0
1753504007822,04:26:47.822,ADA/USDT:USDT,0.8242,8625.0,0.8241,108719.0,0.8243,2975.0,0.8244,82531.0
1753504007922,04:26:47.922,ADA/USDT:USDT,0.8242,8625.0,0.8241,108719.0,0.8243,2975.0,0.8244,82531.0
1753504008023,04:26:48.023,ADA/USDT:USDT,0.8242,10953.0,0.8241,109883.0,0.8243,2975.0,0.8244,79967.0
1753504008122,04:26:48.122,ADA/USDT:USDT,0.8242,9789.0,0.8241,109883.0,0.8243,2941.0,0.8244,78936.0
1753504008222,04:26:48.222,ADA/USDT:USDT,0.8242,9787.0,0.8241,109883.0,0.8243,2996.0,0.8244,78936.0
1753504008322,04:26:48.322,ADA/USDT:USDT,0.8242,8623.0,0.8241,108719.0,0.8243,2996.0,0.8244,80100.0
1753504008423,04:26:48.423,ADA/USDT:USDT,0.8242,8623.0,0.8241,109883.0,0.8243,2996.0,0.8244,78936.0
1753504008623,04:26:48.623,ADA/USDT:USDT,0.8242,8623.0,0.8241,109883.0,0.8243,2996.0,0.8244,78936.0
1753504008722,04:26:48.722,ADA/USDT:USDT,0.8242,9787.0,0.8241,110466.0,0.8243,1988.0,0.8244,41428.0
1753504008822,04:26:48.822,ADA/USDT:USDT,0.8242,10951.0,0.8241,110466.0,0.8243,2010.0,0.8244,41428.0
1753504008923,04:26:48.923,ADA/USDT:USDT,0.8242,8623.0,0.8241,110466.0,0.8243,2010.0,0.8244,41428.0
1753504009022,04:26:49.022,ADA/USDT:USDT,0.8242,14123.0,0.8241,108719.0,0.8243,3018.0,0.8244,68147.0
1753504009122,04:26:49.122,ADA/USDT:USDT,0.8242,8623.0,0.8241,108719.0,0.8243,3018.0,0.8244,74535.0
1753504009223,04:26:49.223,ADA/USDT:USDT,0.8242,8623.0,0.8241,107530.0,0.8243,3018.0,0.8244,72001.0
1753504009322,04:26:49.322,ADA/USDT:USDT,0.8242,8623.0,0.8241,108694.0,0.8243,3016.0,0.8244,71927.0
1753504009422,04:26:49.422,ADA/USDT:USDT,0.8242,8623.0,0.8241,107530.0,0.8243,3016.0,0.8244,73091.0
1753504009522,04:26:49.522,ADA/USDT:USDT,0.8242,8623.0,0.8241,114182.0,0.8243,3016.0,0.8244,72001.0
1753504009622,04:26:49.622,ADA/USDT:USDT,0.8242,8623.0,0.8241,106094.0,0.8243,3016.0,0.8244,78653.0
1753504009722,04:26:49.722,ADA/USDT:USDT,0.8242,8623.0,0.8241,106094.0,0.8243,3015.0,0.8244,81253.0
1753504009822,04:26:49.822,ADA/USDT:USDT,0.8242,8623.0,0.8241,106094.0,0.8243,3033.0,0.8244,81253.0
1753504009924,04:26:49.924,ADA/USDT:USDT,0.8242,8623.0,0.8241,106094.0,0.8243,3033.0,0.8244,80089.0
1753504010022,04:26:50.022,ADA/USDT:USDT,0.8242,8623.0,0.8241,106119.0,0.8243,3033.0,0.8244,78925.0
1753504010122,04:26:50.122,ADA/USDT:USDT,0.8242,8623.0,0.8241,106094.0,0.8243,5633.0,0.8244,73437.0
1753504010222,04:26:50.222,ADA/USDT:USDT,0.8242,8623.0,0.8241,106094.0,0.8243,5633.0,0.8244,74601.0
1753504010322,04:26:50.322,ADA/USDT:USDT,0.8242,8623.0,0.8241,106094.0,0.8243,5633.0,0.8244,72273.0
1753504010422,04:26:50.422,ADA/USDT:USDT,0.8242,8623.0,0.8241,106094.0,0.8243,2987.0,0.8244,74601.0
1753504010522,04:26:50.522,ADA/USDT:USDT,0.8242,8623.0,0.8241,106094.0,0.8243,2987.0,0.8244,72273.0
1753504010622,04:26:50.622,ADA/USDT:USDT,0.8242,8623.0,0.8241,107283.0,0.8243,2987.0,0.8244,72273.0
1753504010722,04:26:50.722,ADA/USDT:USDT,0.8242,8623.0,0.8241,106094.0,0.8243,2987.0,0.8244,74468.0
1753504010822,04:26:50.822,ADA/USDT:USDT,0.8242,8623.0,0.8241,107258.0,0.8243,3013.0,0.8244,74468.0
1753504010922,04:26:50.922,ADA/USDT:USDT,0.8242,9787.0,0.8241,107283.0,0.8243,3013.0,0.8244,70704.0
1753504011022,04:26:51.022,ADA/USDT:USDT,0.8242,9787.0,0.8241,107283.0,0.8243,3013.0,0.8244,70704.0
1753504011122,04:26:51.122,ADA/USDT:USDT,0.8242,8623.0,0.8241,107283.0,0.8243,3013.0,0.8244,70704.0
1753504011222,04:26:51.222,ADA/USDT:USDT,0.8242,8623.0,0.8241,106119.0,0.8243,2986.0,0.8244,70704.0
1753504011323,04:26:51.323,ADA/USDT:USDT,0.8242,14468.0,0.8241,109883.0,0.8243,2986.0,0.8244,69673.0
1753504011422,04:26:51.422,ADA/USDT:USDT,0.8243,20024.0,0.8242,129219.0,0.8244,2309.0,0.8245,25629.0
1753504011522,04:26:51.522,ADA/USDT:USDT,0.8243,19998.0,0.8242,137912.0,0.8244,2309.0,0.8245,25629.0
1753504011623,04:26:51.623,ADA/USDT:USDT,0.8243,22514.0,0.8242,128724.0,0.8244,1301.0,0.8245,25629.0
1753504011722,04:26:51.722,ADA/USDT:USDT,0.8243,21390.0,0.8242,128935.0,0.8244,1701.0,0.8245,38931.0
1753504011822,04:26:51.822,ADA/USDT:USDT,0.8243,21390.0,0.8242,128935.0,0.8244,1701.0,0.8245,36448.0
1753504011922,04:26:51.922,ADA/USDT:USDT,0.8243,22514.0,0.8242,130899.0,0.8244,1213.0,0.8245,23146.0
1753504012022,04:26:52.022,ADA/USDT:USDT,0.8243,28014.0,0.8242,139591.0,0.8244,1206.0,0.8245,20546.0
1753504012122,04:26:52.122,ADA/USDT:USDT,0.8243,28014.0,0.8242,139566.0,0.8244,1206.0,0.8245,20546.0
1753504012222,04:26:52.222,ADA/USDT:USDT,0.8243,26890.0,0.8242,139566.0,0.8244,2214.0,0.8245,20546.0
1753504012322,04:26:52.322,ADA/USDT:USDT,0.8243,20266.0,0.8242,146201.0,0.8244,2214.0,0.8245,33846.0
1753504012423,04:26:52.423,ADA/USDT:USDT,0.8243,19805.0,0.8242,130869.0,0.8244,2214.0,0.8245,55693.0
1753504012522,04:26:52.522,ADA/USDT:USDT,0.8243,19805.0,0.8242,129745.0,0.8244,2214.0,0.8245,55693.0
1753504012622,04:26:52.622,ADA/USDT:USDT,0.8243,19805.0,0.8242,129745.0,0.8244,2214.0,0.8245,55693.0
1753504012722,04:26:52.722,ADA/USDT:USDT,0.8243,1880.0,0.8242,115068.0,0.8244,7758.0,0.8245,67024.0
1753504012823,04:26:52.823,ADA/USDT:USDT,0.8243,1880.0,0.8242,63495.0,0.8244,7758.0,0.8245,68237.0
1753504012923,04:26:52.923,ADA/USDT:USDT,0.8243,1880.0,0.8242,63495.0,0.8244,7758.0,0.8245,68237.0
1753504013022,04:26:53.022,ADA/USDT:USDT,0.8243,1880.0,0.8242,105046.0,0.8244,7758.0,0.8245,68237.0
1753504013122,04:26:53.122,ADA/USDT:USDT,0.8243,1880.0,0.8242,118346.0,0.8244,7758.0,0.8245,68237.0
1753504013222,04:26:53.222,ADA/USDT:USDT,0.8243,1880.0,0.8242,118346.0,0.8244,7758.0,0.8245,68237.0
1753504013322,04:26:53.322,ADA/USDT:USDT,0.8243,1880.0,0.8242,118346.0,0.8244,7758.0,0.8245,68262.0
1753504013422,04:26:53.422,ADA/USDT:USDT,0.8243,384.0,0.8242,19121.0,0.8244,13908.0,0.8245,75676.0
1753504013523,04:26:53.523,ADA/USDT:USDT,0.8243,384.0,0.8242,19121.0,0.8244,13883.0,0.8245,69475.0
1753504013622,04:26:53.622,ADA/USDT:USDT,0.8243,415.0,0.8242,24621.0,0.8244,15181.0,0.8245,69475.0
1753504013722,04:26:53.722,ADA/USDT:USDT,0.8243,415.0,0.8242,19121.0,0.8244,15181.0,0.8245,70506.0
1753504013823,04:26:53.823,ADA/USDT:USDT,0.8243,415.0,0.8242,19121.0,0.8244,15181.0,0.8245,70506.0
1753504013922,04:26:53.922,ADA/USDT:USDT,0.8243,415.0,0.8242,19121.0,0.8244,14057.0,0.8245,70506.0
1753504014022,04:26:54.022,ADA/USDT:USDT,0.8243,415.0,0.8242,24621.0,0.8244,19557.0,0.8245,70506.0
1753504014122,04:26:54.122,ADA/USDT:USDT,0.8243,415.0,0.8242,24621.0,0.8244,19557.0,0.8245,70506.0
1753504014222,04:26:54.222,ADA/USDT:USDT,0.8243,415.0,0.8242,24621.0,0.8244,19557.0,0.8245,70506.0
1753504014323,04:26:54.323,ADA/USDT:USDT,0.8243,415.0,0.8242,24621.0,0.8244,15769.0,0.8245,70506.0
1753504014422,04:26:54.422,ADA/USDT:USDT,0.8243,9148.0,0.8242,89731.0,0.8244,11982.0,0.8245,65750.0
1753504014522,04:26:54.522,ADA/USDT:USDT,0.8243,9148.0,0.8242,129174.0,0.8244,11982.0,0.8245,64350.0
1753504014622,04:26:54.622,ADA/USDT:USDT,0.8243,10156.0,0.8242,110635.0,0.8244,11257.0,0.8245,64350.0
1753504014722,04:26:54.722,ADA/USDT:USDT,0.8243,10156.0,0.8242,113118.0,0.8244,5757.0,0.8245,64350.0
1753504014822,04:26:54.822,ADA/USDT:USDT,0.8243,9363.0,0.8242,110635.0,0.8244,7278.0,0.8245,64350.0
1753504014922,04:26:54.922,ADA/USDT:USDT,0.8243,9363.0,0.8242,109511.0,0.8244,9878.0,0.8245,64350.0
1753504015022,04:26:55.022,ADA/USDT:USDT,0.8243,6898.0,0.8242,109511.0,0.8244,15378.0,0.8245,65731.0
1753504015123,04:26:55.123,ADA/USDT:USDT,0.8243,6898.0,0.8242,109511.0,0.8244,15378.0,0.8245,64607.0
1753504015222,04:26:55.222,ADA/USDT:USDT,0.8243,8061.0,0.8242,110635.0,0.8244,5887.0,0.8245,64607.0
1753504015322,04:26:55.322,ADA/USDT:USDT,0.8243,9185.0,0.8242,121709.0,0.8244,5887.0,0.8245,42760.0
1753504015422,04:26:55.422,ADA/USDT:USDT,0.8243,10309.0,0.8242,121709.0,0.8244,2508.0,0.8245,25746.0
1753504015523,04:26:55.523,ADA/USDT:USDT,0.8243,10309.0,0.8242,119236.0,0.8244,2569.0,0.8245,25746.0
1753504015622,04:26:55.622,ADA/USDT:USDT,0.8243,10302.0,0.8242,119236.0,0.8244,2586.0,0.8245,36444.0
1753504015722,04:26:55.722,ADA/USDT:USDT,0.8243,10302.0,0.8242,120267.0,0.8244,2986.0,0.8245,36444.0
1753504015822,04:26:55.822,ADA/USDT:USDT,0.8243,10302.0,0.8242,120267.0,0.8244,2525.0,0.8245,36444.0
1753504015923,04:26:55.923,ADA/USDT:USDT,0.8243,10302.0,0.8242,121479.0,0.8244,2525.0,0.8245,41944.0
1753504016022,04:26:56.022,ADA/USDT:USDT,0.8243,8054.0,0.8242,124079.0,0.8244,3106.0,0.8245,63790.0
1753504016122,04:26:56.122,ADA/USDT:USDT,0.8243,8054.0,0.8242,124079.0,0.8244,3106.0,0.8245,63790.0
1753504016223,04:26:56.223,ADA/USDT:USDT,0.8243,10301.0,0.8242,122867.0,0.8244,3106.0,0.8245,63790.0
1753504016422,04:26:56.422,ADA/USDT:USDT,0.8243,10301.0,0.8242,122867.0,0.8244,3106.0,0.8245,63790.0
1753504016522,04:26:56.522,ADA/USDT:USDT,0.8243,10301.0,0.8242,122867.0,0.8244,3106.0,0.8245,63790.0
1753504016622,04:26:56.622,ADA/USDT:USDT,0.8243,10301.0,0.8242,122867.0,0.8244,1824.0,0.8245,26046.0
1753504016723,04:26:56.723,ADA/USDT:USDT,0.8243,10301.0,0.8242,122867.0,0.8244,1824.0,0.8245,26046.0
1753504016823,04:26:56.823,ADA/USDT:USDT,0.8243,10301.0,0.8242,122867.0,0.8244,1824.0,0.8245,26046.0
1753504016922,04:26:56.922,ADA/USDT:USDT,0.8243,15801.0,0.8242,122867.0,0.8244,1824.0,0.8245,26046.0
1753504017122,04:26:57.122,ADA/USDT:USDT,0.8243,15801.0,0.8242,124079.0,0.8244,1824.0,0.8245,26046.0
1753504017223,04:26:57.223,ADA/USDT:USDT,0.8243,15801.0,0.8242,132882.0,0.8244,1824.0,0.8245,26046.0
1753504017322,04:26:57.322,ADA/USDT:USDT,0.8243,8053.0,0.8242,124199.0,0.8244,2893.0,0.8245,63790.0
1753504017422,04:26:57.422,ADA/USDT:USDT,0.8243,9177.0,0.8242,125470.0,0.8244,1824.0,0.8245,39344.0
1753504017523,04:26:57.523,ADA/USDT:USDT,0.8243,10301.0,0.8242,125470.0,0.8244,1824.0,0.8245,39344.0
1753504017622,04:26:57.622,ADA/USDT:USDT,0.8243,9177.0,0.8242,125470.0,0.8244,1902.0,0.8245,39344.0
1753504017722,04:26:57.722,ADA/USDT:USDT,0.8243,9177.0,0.8242,125470.0,0.8244,1566.0,0.8245,1948.0
1753504017822,04:26:57.822,ADA/USDT:USDT,0.8243,10301.0,0.8242,125470.0,0.8244,1566.0,0.8245,1948.0
1753504017922,04:26:57.922,ADA/USDT:USDT,0.8243,15801.0,0.8242,125470.0,0.8244,1046.0,0.8245,1948.0
1753504018022,04:26:58.022,ADA/USDT:USDT,0.8244,13647.0,0.8243,50681.0,0.8245,1460.0,0.8246,83233.0
1753504018122,04:26:58.122,ADA/USDT:USDT,0.8244,14555.0,0.8243,111639.0,0.8245,2087.0,0.8246,59139.0
1753504018222,04:26:58.222,ADA/USDT:USDT,0.8244,14555.0,0.8243,109948.0,0.8245,2087.0,0.8246,59139.0
1753504018322,04:26:58.322,ADA/USDT:USDT,0.8244,18410.0,0.8243,107196.0,0.8245,2099.0,0.8246,57739.0
1753504018423,04:26:58.423,ADA/USDT:USDT,0.8244,18586.0,0.8243,106982.0,0.8245,2275.0,0.8246,58139.0
1753504018523,04:26:58.523,ADA/USDT:USDT,0.8244,20325.0,0.8243,109885.0,0.8245,96.0,0.8246,40326.0
1753504018623,04:26:58.623,ADA/USDT:USDT,0.8244,20729.0,0.8243,109477.0,0.8245,96.0,0.8246,40326.0
1753504018723,04:26:58.723,ADA/USDT:USDT,0.8244,20729.0,0.8243,109687.0,0.8245,96.0,0.8246,40326.0
1753504018923,04:26:58.923,ADA/USDT:USDT,0.8244,26229.0,0.8243,109687.0,0.8245,86.0,0.8246,36175.0
1753504019022,04:26:59.022,ADA/USDT:USDT,0.8244,26229.0,0.8243,109687.0,0.8245,86.0,0.8246,36175.0
1753504019122,04:26:59.122,ADA/USDT:USDT,0.8244,25121.0,0.8243,109104.0,0.8245,2102.0,0.8246,59438.0
1753504019223,04:26:59.223,ADA/USDT:USDT,0.8245,19804.0,0.8244,99143.0,0.8246,2748.0,0.8247,57268.0
1753504019323,04:26:59.323,ADA/USDT:USDT,0.8245,12847.0,0.8244,86831.0,0.8246,2592.0,0.8247,52301.0
1753504019422,04:26:59.422,ADA/USDT:USDT,0.8245,12847.0,0.8244,85723.0,0.8246,2096.0,0.8247,52301.0
1753504019522,04:26:59.522,ADA/USDT:USDT,0.8245,1496.0,0.8244,80953.0,0.8246,9412.0,0.8247,77701.0
1753504019623,04:26:59.623,ADA/USDT:USDT,0.8245,1496.0,0.8244,34930.0,0.8246,8337.0,0.8247,77350.0
1753504019722,04:26:59.722,ADA/USDT:USDT,0.8245,1898.0,0.8244,56538.0,0.8246,8337.0,0.8247,76626.0
1753504019823,04:26:59.823,ADA/USDT:USDT,0.8245,1898.0,0.8244,76471.0,0.8246,8737.0,0.8247,76626.0
1753504019922,04:26:59.922,ADA/USDT:USDT,0.8245,1898.0,0.8244,76471.0,0.8246,8737.0,0.8247,76626.0
1753504020022,04:27:00.022,ADA/USDT:USDT,0.8245,5386.0,0.8244,85788.0,0.8246,8737.0,0.8247,76626.0
1753504020122,04:27:00.122,ADA/USDT:USDT,0.8245,13407.0,0.8244,94139.0,0.8246,4448.0,0.8247,56372.0
1753504020222,04:27:00.222,ADA/USDT:USDT,0.8245,8207.0,0.8244,93064.0,0.8246,4448.0,0.8247,72983.0
1753504020322,04:27:00.322,ADA/USDT:USDT,0.8245,10357.0,0.8244,94181.0,0.8246,38.0,0.8247,11382.0
1753504020424,04:27:00.424,ADA/USDT:USDT,0.8245,9282.0,0.8244,96265.0,0.8246,495.0,0.8247,11430.0
1753504020522,04:27:00.522,ADA/USDT:USDT,0.8245,8207.0,0.8244,95045.0,0.8246,1503.0,0.8247,39914.0
1753504020622,04:27:00.622,ADA/USDT:USDT,0.8245,8207.0,0.8244,96257.0,0.8246,1503.0,0.8247,46560.0
1753504020723,04:27:00.723,ADA/USDT:USDT,0.8245,8382.0,0.8244,97391.0,0.8246,505.0,0.8247,46560.0
1753504020823,04:27:00.823,ADA/USDT:USDT,0.8245,9160.0,0.8244,97366.0,0.8246,473.0,0.8247,46560.0
1753504020922,04:27:00.922,ADA/USDT:USDT,0.8245,14660.0,0.8244,96291.0,0.8246,473.0,0.8247,52060.0
1753504021023,04:27:01.023,ADA/USDT:USDT,0.8245,9160.0,0.8244,96291.0,0.8246,1481.0,0.8247,52060.0
1753504021123,04:27:01.123,ADA/USDT:USDT,0.8245,9160.0,0.8244,100416.0,0.8246,1881.0,0.8247,79033.0
1753504021223,04:27:01.223,ADA/USDT:USDT,0.8245,9160.0,0.8244,101491.0,0.8246,1881.0,0.8247,76550.0
1753504021322,04:27:01.322,ADA/USDT:USDT,0.8245,9160.0,0.8244,100416.0,0.8246,1881.0,0.8247,76550.0
1753504021422,04:27:01.422,ADA/USDT:USDT,0.8245,9160.0,0.8244,100416.0,0.8246,1881.0,0.8247,69975.0
1753504021523,04:27:01.523,ADA/USDT:USDT,0.8245,9160.0,0.8244,100416.0,0.8246,873.0,0.8247,69975.0
1753504021622,04:27:01.622,ADA/USDT:USDT,0.8245,9160.0,0.8244,100416.0,0.8246,873.0,0.8247,69975.0
1753504021722,04:27:01.722,ADA/USDT:USDT,0.8245,9164.0,0.8244,100416.0,0.8246,873.0,0.8247,69975.0
1753504021823,04:27:01.823,ADA/USDT:USDT,0.8245,10239.0,0.8244,102591.0,0.8246,198.0,0.8247,6947.0
1753504021925,04:27:01.925,ADA/USDT:USDT,0.8245,15739.0,0.8244,101636.0,0.8246,198.0,0.8247,9430.0
1753504022022,04:27:02.022,ADA/USDT:USDT,0.8245,15739.0,0.8244,101636.0,0.8246,198.0,0.8247,9430.0
1753504022122,04:27:02.122,ADA/USDT:USDT,0.8245,14664.0,0.8244,100536.0,0.8246,198.0,0.8247,9430.0
1753504022222,04:27:02.222,ADA/USDT:USDT,0.8245,15739.0,0.8244,101636.0,0.8246,198.0,0.8247,9001.0
1753504022323,04:27:02.323,ADA/USDT:USDT,0.8245,15739.0,0.8244,108256.0,0.8246,198.0,0.8247,22291.0
1753504022422,04:27:02.422,ADA/USDT:USDT,0.8245,15739.0,0.8244,108256.0,0.8246,198.0,0.8247,22291.0
1753504022523,04:27:02.523,ADA/USDT:USDT,0.8246,31358.0,0.8245,88275.0,0.8247,75.0,0.8248,90780.0
1753504022623,04:27:02.623,ADA/USDT:USDT,0.8246,33462.0,0.8245,116346.0,0.8247,187.0,0.8248,51279.0
1753504022723,04:27:02.723,ADA/USDT:USDT,0.8246,31828.0,0.8245,117376.0,0.8247,55.0,0.8248,51279.0
1753504022822,04:27:02.822,ADA/USDT:USDT,0.8246,30776.0,0.8245,116301.0,0.8247,1124.0,0.8248,51279.0
1753504022923,04:27:02.923,ADA/USDT:USDT,0.8246,30776.0,0.8245,116276.0,0.8247,5891.0,0.8248,51279.0
1753504023022,04:27:03.022,ADA/USDT:USDT,0.8246,32880.0,0.8245,117328.0,0.8247,116.0,0.8248,51279.0
1753504023122,04:27:03.122,ADA/USDT:USDT,0.8246,32880.0,0.8245,117328.0,0.8247,391.0,0.8248,51279.0
1753504023222,04:27:03.222,ADA/USDT:USDT,0.8246,30776.0,0.8245,117328.0,0.8247,1399.0,0.8248,51279.0
1753504023322,04:27:03.322,ADA/USDT:USDT,0.8246,30776.0,0.8245,117328.0,0.8247,1399.0,0.8248,51279.0
1753504023422,04:27:03.422,ADA/USDT:USDT,0.8246,31828.0,0.8245,117328.0,0.8247,116.0,0.8248,51279.0
1753504023523,04:27:03.523,ADA/USDT:USDT,0.8246,29277.0,0.8245,117328.0,0.8247,116.0,0.8248,51279.0
1753504023622,04:27:03.622,ADA/USDT:USDT,0.8246,29714.0,0.8245,117328.0,0.8247,116.0,0.8248,51279.0
1753504023722,04:27:03.722,ADA/USDT:USDT,0.8246,28020.0,0.8245,116922.0,0.8247,116.0,0.8248,51279.0
1753504023823,04:27:03.823,ADA/USDT:USDT,0.8246,28020.0,0.8245,116922.0,0.8247,116.0,0.8248,51279.0
1753504023925,04:27:03.925,ADA/USDT:USDT,0.8246,28020.0,0.8245,116922.0,0.8247,116.0,0.8248,56779.0
1753504024022,04:27:04.022,ADA/USDT:USDT,0.8246,28020.0,0.8245,116922.0,0.8247,116.0,0.8248,51279.0
1753504024123,04:27:04.123,ADA/USDT:USDT,0.8246,30124.0,0.8245,116922.0,0.8247,116.0,0.8248,51279.0
1753504024222,04:27:04.222,ADA/USDT:USDT,0.8246,28020.0,0.8245,116922.0,0.8247,116.0,0.8248,51279.0
1753504024322,04:27:04.322,ADA/USDT:USDT,0.8246,28020.0,0.8245,115870.0,0.8247,1612.0,0.8248,51279.0
1753504024423,04:27:04.423,ADA/USDT:USDT,0.8246,28020.0,0.8245,115870.0,0.8247,1628.0,0.8248,51279.0
1753504024523,04:27:04.523,ADA/USDT:USDT,0.8246,28020.0,0.8245,115870.0,0.8247,1628.0,0.8248,51279.0
1753504024622,04:27:04.622,ADA/USDT:USDT,0.8246,28020.0,0.8245,115870.0,0.8247,1628.0,0.8248,51679.0
1753504024722,04:27:04.722,ADA/USDT:USDT,0.8246,28020.0,0.8245,115870.0,0.8247,1628.0,0.8248,51679.0
1753504024822,04:27:04.822,ADA/USDT:USDT,0.8246,28020.0,0.8245,114818.0,0.8247,7128.0,0.8248,52731.0
1753504024923,04:27:04.923,ADA/USDT:USDT,0.8246,28020.0,0.8245,114818.0,0.8247,1628.0,0.8248,55331.0
1753504025023,04:27:05.023,ADA/USDT:USDT,0.8246,28020.0,0.8245,115870.0,0.8247,1628.0,0.8248,54279.0
1753504025122,04:27:05.122,ADA/USDT:USDT,0.8246,28020.0,0.8245,114818.0,0.8247,1628.0,0.8248,55331.0
1753504025234,04:27:05.234,ADA/USDT:USDT,0.8246,28020.0,0.8245,109318.0,0.8247,1628.0,0.8248,55331.0
1753504025323,04:27:05.323,ADA/USDT:USDT,0.8246,28020.0,0.8245,109318.0,0.8247,1628.0,0.8248,55331.0
1753504025423,04:27:05.423,ADA/USDT:USDT,0.8246,31937.0,0.8245,105161.0,0.8247,1628.0,0.8248,54279.0
1753504025522,04:27:05.522,ADA/USDT:USDT,0.8246,31937.0,0.8245,106213.0,0.8247,1628.0,0.8248,54279.0
1753504025622,04:27:05.622,ADA/USDT:USDT,0.8246,31937.0,0.8245,106213.0,0.8247,1628.0,0.8248,54279.0
1753504025722,04:27:05.722,ADA/USDT:USDT,0.8246,30524.0,0.8245,106015.0,0.8247,8539.0,0.8248,55331.0
1753504025823,04:27:05.823,ADA/USDT:USDT,0.8246,30524.0,0.8245,106015.0,0.8247,3039.0,0.8248,54279.0
1753504025922,04:27:05.922,ADA/USDT:USDT,0.8246,30524.0,0.8245,107044.0,0.8247,3039.0,0.8248,54279.0
1753504026122,04:27:06.122,ADA/USDT:USDT,0.8246,30524.0,0.8245,106015.0,0.8247,3039.0,0.8248,54279.0
1753504026222,04:27:06.222,ADA/USDT:USDT,0.8246,30553.0,0.8245,106015.0,0.8247,1628.0,0.8248,54279.0
1753504026322,04:27:06.322,ADA/USDT:USDT,0.8246,30553.0,0.8245,106015.0,0.8247,1628.0,0.8248,51679.0
1753504026423,04:27:06.423,ADA/USDT:USDT,0.8246,30553.0,0.8245,107044.0,0.8247,1628.0,0.8248,51679.0
1753504026522,04:27:06.522,ADA/USDT:USDT,0.8246,30553.0,0.8245,106015.0,0.8247,1628.0,0.8248,51679.0
1753504026622,04:27:06.622,ADA/USDT:USDT,0.8246,30553.0,0.8245,106015.0,0.8247,1628.0,0.8248,52708.0
1753504026722,04:27:06.722,ADA/USDT:USDT,0.8246,30553.0,0.8245,106015.0,0.8247,1628.0,0.8248,52708.0
1753504026823,04:27:06.823,ADA/USDT:USDT,0.8246,30553.0,0.8245,106015.0,0.8247,1628.0,0.8248,58208.0
1753504026922,04:27:06.922,ADA/USDT:USDT,0.8246,30553.0,0.8245,106015.0,0.8247,1628.0,0.8248,57179.0
1753504027122,04:27:07.122,ADA/USDT:USDT,0.8246,30553.0,0.8245,106015.0,0.8247,1628.0,0.8248,58208.0
1753504027323,04:27:07.323,ADA/USDT:USDT,0.8246,30553.0,0.8245,105906.0,0.8247,3016.0,0.8248,58208.0
1753504027423,04:27:07.423,ADA/USDT:USDT,0.8246,30553.0,0.8245,104877.0,0.8247,3016.0,0.8248,59237.0
1753504027522,04:27:07.522,ADA/USDT:USDT,0.8246,30553.0,0.8245,105906.0,0.8247,3016.0,0.8248,58208.0
1753504027622,04:27:07.622,ADA/USDT:USDT,0.8246,30553.0,0.8245,105906.0,0.8247,3016.0,0.8248,58208.0
1753504027722,04:27:07.722,ADA/USDT:USDT,0.8246,30553.0,0.8245,104877.0,0.8247,3016.0,0.8248,59237.0
1753504027822,04:27:07.822,ADA/USDT:USDT,0.8246,30553.0,0.8245,104877.0,0.8247,3016.0,0.8248,58208.0
1753504027924,04:27:07.924,ADA/USDT:USDT,0.8246,30553.0,0.8245,104877.0,0.8247,3016.0,0.8248,58208.0
1753504028022,04:27:08.022,ADA/USDT:USDT,0.8246,30553.0,0.8245,104884.0,0.8247,3016.0,0.8248,58208.0
1753504028122,04:27:08.122,ADA/USDT:USDT,0.8246,30553.0,0.8245,104884.0,0.8247,2925.0,0.8248,59191.0
1753504028222,04:27:08.222,ADA/USDT:USDT,0.8246,30553.0,0.8245,104884.0,0.8247,2930.0,0.8248,59191.0
1753504028322,04:27:08.322,ADA/USDT:USDT,0.8246,30553.0,0.8245,105890.0,0.8247,2930.0,0.8248,58185.0
1753504028423,04:27:08.423,ADA/USDT:USDT,0.8246,30553.0,0.8245,106896.0,0.8247,2930.0,0.8248,57179.0
1753504028522,04:27:08.522,ADA/USDT:USDT,0.8246,30553.0,0.8245,106896.0,0.8247,2930.0,0.8248,57179.0
1753504028622,04:27:08.622,ADA/USDT:USDT,0.8246,30553.0,0.8245,105890.0,0.8247,2930.0,0.8248,57179.0
1753504028722,04:27:08.722,ADA/USDT:USDT,0.8246,8599.0,0.8245,104884.0,0.8247,5960.0,0.8248,64504.0
1753504028822,04:27:08.822,ADA/USDT:USDT,0.8246,8599.0,0.8245,103854.0,0.8247,10960.0,0.8248,65904.0
1753504028923,04:27:08.923,ADA/USDT:USDT,0.8246,8599.0,0.8245,52915.0,0.8247,12849.0,0.8248,65929.0
1753504029023,04:27:09.023,ADA/USDT:USDT,0.8246,8599.0,0.8245,52915.0,0.8247,12849.0,0.8248,65929.0
1753504029122,04:27:09.122,ADA/USDT:USDT,0.8246,8111.0,0.8245,52915.0,0.8247,12849.0,0.8248,65929.0
1753504029223,04:27:09.223,ADA/USDT:USDT,0.8246,8111.0,0.8245,59554.0,0.8247,12849.0,0.8248,65929.0
1753504029323,04:27:09.323,ADA/USDT:USDT,0.8246,8111.0,0.8245,59554.0,0.8247,12849.0,0.8248,65929.0
1753504029423,04:27:09.423,ADA/USDT:USDT,0.8246,8324.0,0.8245,87766.0,0.8247,12849.0,0.8248,65929.0
1753504029522,04:27:09.522,ADA/USDT:USDT,0.8246,8324.0,0.8245,87766.0,0.8247,11730.0,0.8248,65929.0
1753504029622,04:27:09.622,ADA/USDT:USDT,0.8246,8324.0,0.8245,87766.0,0.8247,11730.0,0.8248,65929.0
1753504029722,04:27:09.722,ADA/USDT:USDT,0.8246,8324.0,0.8245,87766.0,0.8247,11730.0,0.8248,68387.0
1753504029823,04:27:09.823,ADA/USDT:USDT,0.8246,8111.0,0.8245,91579.0,0.8247,13282.0,0.8248,68387.0
1753504029922,04:27:09.922,ADA/USDT:USDT,0.8246,8111.0,0.8245,91579.0,0.8247,7782.0,0.8248,68412.0
1753504030022,04:27:10.022,ADA/USDT:USDT,0.8246,8111.0,0.8245,91579.0,0.8247,7782.0,0.8248,66262.0
1753504030122,04:27:10.122,ADA/USDT:USDT,0.8246,8301.0,0.8245,91579.0,0.8247,7782.0,0.8248,67381.0
1753504030222,04:27:10.222,ADA/USDT:USDT,0.8246,8301.0,0.8245,91579.0,0.8247,7782.0,0.8248,67381.0
1753504030322,04:27:10.322,ADA/USDT:USDT,0.8246,8301.0,0.8245,91579.0,0.8247,10382.0,0.8248,68500.0
1753504030423,04:27:10.423,ADA/USDT:USDT,0.8246,8301.0,0.8245,91579.0,0.8247,10382.0,0.8248,68525.0
1753504030522,04:27:10.522,ADA/USDT:USDT,0.8246,4513.0,0.8245,1540.0,0.8247,16433.0,0.8248,69298.0
1753504030622,04:27:10.622,ADA/USDT:USDT,0.8246,4513.0,0.8245,1540.0,0.8247,17645.0,0.8248,71722.0
1753504030722,04:27:10.722,ADA/USDT:USDT,0.8246,4513.0,0.8245,1540.0,0.8247,17645.0,0.8248,72752.0
1753504030823,04:27:10.823,ADA/USDT:USDT,0.8246,4513.0,0.8245,7040.0,0.8247,22026.0,0.8248,72752.0
1753504030923,04:27:10.923,ADA/USDT:USDT,0.8246,4513.0,0.8245,1540.0,0.8247,22026.0,0.8248,72752.0
1753504031023,04:27:11.023,ADA/USDT:USDT,0.8246,4513.0,0.8245,1540.0,0.8247,22026.0,0.8248,72752.0
1753504031123,04:27:11.123,ADA/USDT:USDT,0.8246,4513.0,0.8245,1540.0,0.8247,24129.0,0.8248,72752.0
1753504031222,04:27:11.222,ADA/USDT:USDT,0.8246,4513.0,0.8245,1540.0,0.8247,24697.0,0.8248,72752.0
1753504031322,04:27:11.322,ADA/USDT:USDT,0.8246,4513.0,0.8245,1540.0,0.8247,23578.0,0.8248,72752.0
1753504031423,04:27:11.423,ADA/USDT:USDT,0.8246,4513.0,0.8245,1540.0,0.8247,22513.0,0.8248,72752.0
1753504031522,04:27:11.522,ADA/USDT:USDT,0.8246,5521.0,0.8245,26170.0,0.8247,17962.0,0.8248,70489.0
1753504031622,04:27:11.622,ADA/USDT:USDT,0.8246,1598.0,0.8245,37787.0,0.8247,17962.0,0.8248,70489.0
1753504031722,04:27:11.722,ADA/USDT:USDT,0.8246,5520.0,0.8245,16216.0,0.8247,21750.0,0.8248,70489.0
1753504031822,04:27:11.822,ADA/USDT:USDT,0.8246,5520.0,0.8245,66907.0,0.8247,17962.0,0.8248,70489.0
1753504031922,04:27:11.922,ADA/USDT:USDT,0.8246,5520.0,0.8245,77812.0,0.8247,16750.0,0.8248,68065.0
1753504032023,04:27:12.023,ADA/USDT:USDT,0.8246,5520.0,0.8245,77812.0,0.8247,16750.0,0.8248,68065.0
1753504032122,04:27:12.122,ADA/USDT:USDT,0.8246,5520.0,0.8245,77812.0,0.8247,16750.0,0.8248,68065.0
1753504032222,04:27:12.222,ADA/USDT:USDT,0.8246,5520.0,0.8245,72312.0,0.8247,16750.0,0.8248,70303.0
1753504032322,04:27:12.322,ADA/USDT:USDT,0.8246,5520.0,0.8245,57700.0,0.8247,21657.0,0.8248,70328.0
1753504032422,04:27:12.422,ADA/USDT:USDT,0.8246,5520.0,0.8245,2940.0,0.8247,21657.0,0.8248,70328.0
1753504032522,04:27:12.522,ADA/USDT:USDT,0.8246,5520.0,0.8245,1540.0,0.8247,21657.0,0.8248,70328.0
1753504032622,04:27:12.622,ADA/USDT:USDT,0.8246,5520.0,0.8245,1540.0,0.8247,20540.0,0.8248,70328.0
1753504032722,04:27:12.722,ADA/USDT:USDT,0.8246,5520.0,0.8245,1540.0,0.8247,21718.0,0.8248,70328.0
1753504032823,04:27:12.823,ADA/USDT:USDT,0.8246,5520.0,0.8245,7040.0,0.8247,22930.0,0.8248,72752.0
1753504032922,04:27:12.922,ADA/USDT:USDT,0.8246,5520.0,0.8245,7040.0,0.8247,22930.0,0.8248,72752.0
1753504033022,04:27:13.022,ADA/USDT:USDT,0.8246,5520.0,0.8245,7040.0,0.8247,22930.0,0.8248,72752.0
1753504033122,04:27:13.122,ADA/USDT:USDT,0.8246,5520.0,0.8245,7040.0,0.8247,22930.0,0.8248,72752.0
1753504033222,04:27:13.222,ADA/USDT:USDT,0.8246,5508.0,0.8245,7040.0,0.8247,24049.0,0.8248,72752.0
1753504033322,04:27:13.322,ADA/USDT:USDT,0.8246,5508.0,0.8245,7040.0,0.8247,20261.0,0.8248,72752.0
1753504033422,04:27:13.422,ADA/USDT:USDT,0.8246,5508.0,0.8245,7040.0,0.8247,18985.0,0.8248,72752.0
1753504033522,04:27:13.522,ADA/USDT:USDT,0.8246,5508.0,0.8245,7083.0,0.8247,18985.0,0.8248,72752.0
1753504033622,04:27:13.622,ADA/USDT:USDT,0.8246,5508.0,0.8245,7083.0,0.8247,18985.0,0.8248,72752.0
1753504033722,04:27:13.722,ADA/USDT:USDT,0.8246,5493.0,0.8245,7083.0,0.8247,18985.0,0.8248,72752.0
1753504033923,04:27:13.923,ADA/USDT:USDT,0.8246,5493.0,0.8245,63239.0,0.8247,18629.0,0.8248,71608.0
1753504034022,04:27:14.022,ADA/USDT:USDT,0.8246,5493.0,0.8245,63239.0,0.8247,17417.0,0.8248,70328.0
1753504034122,04:27:14.122,ADA/USDT:USDT,0.8246,5493.0,0.8245,63239.0,0.8247,17417.0,0.8248,70328.0
1753504034223,04:27:14.223,ADA/USDT:USDT,0.8246,7106.0,0.8245,81405.0,0.8247,9632.0,0.8248,66665.0
1753504034322,04:27:14.322,ADA/USDT:USDT,0.8246,5493.0,0.8245,70705.0,0.8247,9937.0,0.8248,68928.0
1753504034423,04:27:14.423,ADA/USDT:USDT,0.8246,4485.0,0.8245,14857.0,0.8247,15487.0,0.8248,68928.0
1753504034523,04:27:14.523,ADA/USDT:USDT,0.8246,4484.0,0.8245,14857.0,0.8247,13704.0,0.8248,68928.0
1753504034623,04:27:14.623,ADA/USDT:USDT,0.8246,4484.0,0.8245,14857.0,0.8247,14336.0,0.8248,68928.0
1753504034723,04:27:14.723,ADA/USDT:USDT,0.8246,4482.0,0.8245,14857.0,0.8247,18000.0,0.8248,68928.0
1753504034822,04:27:14.822,ADA/USDT:USDT,0.8246,4445.0,0.8245,32573.0,0.8247,14212.0,0.8248,66690.0
1753504034922,04:27:14.922,ADA/USDT:USDT,0.8246,5453.0,0.8245,57463.0,0.8247,13793.0,0.8248,65892.0
1753504035022,04:27:15.022,ADA/USDT:USDT,0.8246,5453.0,0.8245,56344.0,0.8247,13793.0,0.8248,65892.0
1753504035122,04:27:15.122,ADA/USDT:USDT,0.8246,5453.0,0.8245,56344.0,0.8247,13793.0,0.8248,67036.0
1753504035222,04:27:15.222,ADA/USDT:USDT,0.8246,5453.0,0.8245,56344.0,0.8247,13793.0,0.8248,68155.0
1753504035323,04:27:15.323,ADA/USDT:USDT,0.8246,4445.0,0.8245,14857.0,0.8247,18725.0,0.8248,79011.0
1753504035423,04:27:15.423,ADA/USDT:USDT,0.8246,4445.0,0.8245,14857.0,0.8247,19937.0,0.8248,72752.0
1753504035522,04:27:15.522,ADA/USDT:USDT,0.8246,4445.0,0.8245,35195.0,0.8247,18793.0,0.8248,72752.0
1753504035622,04:27:15.622,ADA/USDT:USDT,0.8246,4425.0,0.8245,14857.0,0.8247,18793.0,0.8248,72752.0
1753504035722,04:27:15.722,ADA/USDT:USDT,0.8246,8323.0,0.8245,20357.0,0.8247,19088.0,0.8248,72752.0
1753504035822,04:27:15.822,ADA/USDT:USDT,0.8246,8323.0,0.8245,20357.0,0.8247,19086.0,0.8248,72752.0
1753504035925,04:27:15.925,ADA/USDT:USDT,0.8246,8323.0,0.8245,20357.0,0.8247,20180.0,0.8248,72752.0
1753504036022,04:27:16.022,ADA/USDT:USDT,0.8246,8323.0,0.8245,20357.0,0.8247,20180.0,0.8248,72752.0
1753504036122,04:27:16.122,ADA/USDT:USDT,0.8246,8323.0,0.8245,14857.0,0.8247,18812.0,0.8248,72752.0
1753504036223,04:27:16.223,ADA/USDT:USDT,0.8246,8323.0,0.8245,19029.0,0.8247,18812.0,0.8248,72752.0
1753504036322,04:27:16.322,ADA/USDT:USDT,0.8246,13293.0,0.8245,19029.0,0.8247,19576.0,0.8248,71633.0
1753504036422,04:27:16.422,ADA/USDT:USDT,0.8246,13293.0,0.8245,64524.0,0.8247,14576.0,0.8248,69277.0
1753504036522,04:27:16.522,ADA/USDT:USDT,0.8246,13293.0,0.8245,64524.0,0.8247,14576.0,0.8248,70328.0
1753504036722,04:27:16.722,ADA/USDT:USDT,0.8246,13194.0,0.8245,64524.0,0.8247,13812.0,0.8248,70328.0
1753504036822,04:27:16.822,ADA/USDT:USDT,0.8246,13194.0,0.8245,64524.0,0.8247,13812.0,0.8248,70328.0
1753504037122,04:27:17.122,ADA/USDT:USDT,0.8246,13194.0,0.8245,64524.0,0.8247,13812.0,0.8248,70328.0
1753504037223,04:27:17.223,ADA/USDT:USDT,0.8246,13194.0,0.8245,64524.0,0.8247,13812.0,0.8248,60473.0
1753504037322,04:27:17.322,ADA/USDT:USDT,0.8246,13194.0,0.8245,64524.0,0.8247,13822.0,0.8248,70328.0
1753504037423,04:27:17.423,ADA/USDT:USDT,0.8246,13194.0,0.8245,64524.0,0.8247,13822.0,0.8248,70328.0
1753504037522,04:27:17.522,ADA/USDT:USDT,0.8246,13194.0,0.8245,64524.0,0.8247,13822.0,0.8248,70328.0
1753504037623,04:27:17.623,ADA/USDT:USDT,0.8246,13194.0,0.8245,64524.0,0.8247,13822.0,0.8248,69209.0
1753504037722,04:27:17.722,ADA/USDT:USDT,0.8246,13195.0,0.8245,64524.0,0.8247,13822.0,0.8248,69184.0
1753504037822,04:27:17.822,ADA/USDT:USDT,0.8246,13195.0,0.8245,64524.0,0.8247,13822.0,0.8248,70328.0
1753504037925,04:27:17.925,ADA/USDT:USDT,0.8246,13195.0,0.8245,64524.0,0.8247,13822.0,0.8248,70328.0
1753504038023,04:27:18.023,ADA/USDT:USDT,0.8246,13195.0,0.8245,64524.0,0.8247,13822.0,0.8248,70328.0
1753504038122,04:27:18.122,ADA/USDT:USDT,0.8246,13195.0,0.8245,77490.0,0.8247,11659.0,0.8248,66665.0
1753504038223,04:27:18.223,ADA/USDT:USDT,0.8246,15810.0,0.8245,82328.0,0.8247,3989.0,0.8248,58962.0
1753504038322,04:27:18.322,ADA/USDT:USDT,0.8246,15810.0,0.8245,82328.0,0.8247,3989.0,0.8248,58962.0
1753504038422,04:27:18.422,ADA/USDT:USDT,0.8246,14691.0,0.8245,82328.0,0.8247,3989.0,0.8248,56362.0
1753504038523,04:27:18.523,ADA/USDT:USDT,0.8246,16929.0,0.8245,84806.0,0.8247,2981.0,0.8248,51279.0
1753504038622,04:27:18.622,ADA/USDT:USDT,0.8246,16929.0,0.8245,84816.0,0.8247,2981.0,0.8248,51279.0
1753504038723,04:27:18.723,ADA/USDT:USDT,0.8246,22133.0,0.8245,85846.0,0.8247,2493.0,0.8248,53762.0
1753504038822,04:27:18.822,ADA/USDT:USDT,0.8246,16930.0,0.8245,86626.0,0.8247,3777.0,0.8248,56362.0
1753504038922,04:27:18.922,ADA/USDT:USDT,0.8246,13685.0,0.8245,81015.0,0.8247,13857.0,0.8248,60798.0
1753504039022,04:27:19.022,ADA/USDT:USDT,0.8246,13685.0,0.8245,81015.0,0.8247,12738.0,0.8248,60798.0
1753504039122,04:27:19.122,ADA/USDT:USDT,0.8246,14693.0,0.8245,82134.0,0.8247,10138.0,0.8248,58535.0
1753504039223,04:27:19.223,ADA/USDT:USDT,0.8246,14693.0,0.8245,82134.0,0.8247,10138.0,0.8248,58935.0
1753504039322,04:27:19.322,ADA/USDT:USDT,0.8246,14452.0,0.8245,79803.0,0.8247,7549.0,0.8248,61143.0
1753504039422,04:27:19.422,ADA/USDT:USDT,0.8246,14452.0,0.8245,88045.0,0.8247,7549.0,0.8248,60024.0
1753504039525,04:27:19.525,ADA/USDT:USDT,0.8246,14452.0,0.8245,88045.0,0.8247,6395.0,0.8248,58935.0
1753504039622,04:27:19.622,ADA/USDT:USDT,0.8246,14452.0,0.8245,88045.0,0.8247,6395.0,0.8248,61113.0
1753504039722,04:27:19.722,ADA/USDT:USDT,0.8246,13444.0,0.8245,85867.0,0.8247,11895.0,0.8248,61138.0
1753504039822,04:27:19.822,ADA/USDT:USDT,0.8246,13444.0,0.8245,85867.0,0.8247,11895.0,0.8248,61138.0
1753504039922,04:27:19.922,ADA/USDT:USDT,0.8246,13444.0,0.8245,85867.0,0.8247,11895.0,0.8248,61138.0
1753504040022,04:27:20.022,ADA/USDT:USDT,0.8246,13444.0,0.8245,85867.0,0.8247,11895.0,0.8248,61138.0
1753504040122,04:27:20.122,ADA/USDT:USDT,0.8246,13444.0,0.8245,86956.0,0.8247,14495.0,0.8248,61138.0
1753504040222,04:27:20.222,ADA/USDT:USDT,0.8246,12956.0,0.8245,89257.0,0.8247,14495.0,0.8248,61138.0
1753504040323,04:27:20.323,ADA/USDT:USDT,0.8246,12956.0,0.8245,89257.0,0.8247,14495.0,0.8248,61138.0
1753504040422,04:27:20.422,ADA/USDT:USDT,0.8246,1602.0,0.8245,11338.0,0.8247,20696.0,0.8248,61138.0
1753504040522,04:27:20.522,ADA/USDT:USDT,0.8246,1602.0,0.8245,11338.0,0.8247,21908.0,0.8248,63562.0
1753504040622,04:27:20.622,ADA/USDT:USDT,0.8246,1602.0,0.8245,11338.0,0.8247,21908.0,0.8248,72245.0
1753504040723,04:27:20.723,ADA/USDT:USDT,0.8246,1602.0,0.8245,11338.0,0.8247,21908.0,0.8248,73275.0
1753504040822,04:27:20.822,ADA/USDT:USDT,0.8246,1602.0,0.8245,11338.0,0.8247,21908.0,0.8248,73275.0
1753504040922,04:27:20.922,ADA/USDT:USDT,0.8246,1602.0,0.8245,11338.0,0.8247,21908.0,0.8248,73275.0
1753504041022,04:27:21.022,ADA/USDT:USDT,0.8246,1602.0,0.8245,11338.0,0.8247,21908.0,0.8248,73275.0
1753504041123,04:27:21.123,ADA/USDT:USDT,0.8246,1602.0,0.8245,11338.0,0.8247,21908.0,0.8248,73275.0
1753504041222,04:27:21.222,ADA/USDT:USDT,0.8246,1602.0,0.8245,11338.0,0.8247,20714.0,0.8248,75875.0
1753504041322,04:27:21.322,ADA/USDT:USDT,0.8246,1602.0,0.8245,11338.0,0.8247,20714.0,0.8248,75875.0
1753504041422,04:27:21.422,ADA/USDT:USDT,0.8246,1602.0,0.8245,24626.0,0.8247,19495.0,0.8248,67192.0
1753504041523,04:27:21.523,ADA/USDT:USDT,0.8246,1602.0,0.8245,24626.0,0.8247,19495.0,0.8248,67192.0
1753504041622,04:27:21.622,ADA/USDT:USDT,0.8246,1602.0,0.8245,24626.0,0.8247,19495.0,0.8248,67192.0
1753504041722,04:27:21.722,ADA/USDT:USDT,0.8246,473.0,0.8245,24626.0,0.8247,19495.0,0.8248,67192.0
1753504041822,04:27:21.822,ADA/USDT:USDT,0.8246,1605.0,0.8245,24626.0,0.8247,19495.0,0.8248,67297.0
1753504041925,04:27:21.925,ADA/USDT:USDT,0.8246,1605.0,0.8245,11338.0,0.8247,20714.0,0.8248,67297.0
1753504042022,04:27:22.022,ADA/USDT:USDT,0.8246,1605.0,0.8245,11338.0,0.8247,20714.0,0.8248,67297.0
1753504042123,04:27:22.123,ADA/USDT:USDT,0.8246,1605.0,0.8245,13938.0,0.8247,19495.0,0.8248,67297.0
1753504042223,04:27:22.223,ADA/USDT:USDT,0.8246,1605.0,0.8245,13938.0,0.8247,19495.0,0.8248,67402.0
1753504042323,04:27:22.323,ADA/USDT:USDT,0.8246,1605.0,0.8245,37521.0,0.8247,6364.0,0.8248,64989.0
1753504042422,04:27:22.422,ADA/USDT:USDT,0.8246,1605.0,0.8245,71349.0,0.8247,7589.0,0.8248,64216.0
1753504042522,04:27:22.522,ADA/USDT:USDT,0.8246,1600.0,0.8245,82786.0,0.8247,8749.0,0.8248,64198.0
1753504042622,04:27:22.622,ADA/USDT:USDT,0.8246,1600.0,0.8245,34128.0,0.8247,19231.0,0.8248,65417.0
1753504042722,04:27:22.722,ADA/USDT:USDT,0.8246,1600.0,0.8245,20838.0,0.8247,19231.0,0.8248,66268.0
1753504042822,04:27:22.822,ADA/USDT:USDT,0.8246,1595.0,0.8245,18238.0,0.8247,19231.0,0.8248,66268.0
1753504042922,04:27:22.922,ADA/USDT:USDT,0.8246,1595.0,0.8245,31528.0,0.8247,14249.0,0.8248,66268.0
1753504043022,04:27:23.022,ADA/USDT:USDT,0.8246,1595.0,0.8245,26028.0,0.8247,14249.0,0.8248,66268.0
1753504043122,04:27:23.122,ADA/USDT:USDT,0.8246,1595.0,0.8245,26028.0,0.8247,16662.0,0.8248,66268.0
1753504043223,04:27:23.223,ADA/USDT:USDT,0.8246,1595.0,0.8245,26028.0,0.8247,16637.0,0.8248,66268.0
1753504043322,04:27:23.322,ADA/USDT:USDT,0.8246,1593.0,0.8245,29822.0,0.8247,14383.0,0.8248,65067.0
1753504043422,04:27:23.422,ADA/USDT:USDT,0.8246,1593.0,0.8245,26028.0,0.8247,14380.0,0.8248,67480.0
1753504043522,04:27:23.522,ADA/USDT:USDT,0.8246,1593.0,0.8245,26028.0,0.8247,15574.0,0.8248,67480.0
1753504043622,04:27:23.622,ADA/USDT:USDT,0.8246,1593.0,0.8245,26028.0,0.8247,15574.0,0.8248,67480.0
1753504043723,04:27:23.723,ADA/USDT:USDT,0.8246,1593.0,0.8245,26028.0,0.8247,15574.0,0.8248,67480.0
1753504043822,04:27:23.822,ADA/USDT:USDT,0.8246,1579.0,0.8245,26028.0,0.8247,15855.0,0.8248,67480.0
1753504043922,04:27:23.922,ADA/USDT:USDT,0.8246,1579.0,0.8245,26028.0,0.8247,16206.0,0.8248,67480.0
1753504044022,04:27:24.022,ADA/USDT:USDT,0.8246,1579.0,0.8245,26028.0,0.8247,17400.0,0.8248,67480.0
1753504044222,04:27:24.222,ADA/USDT:USDT,0.8246,1579.0,0.8245,26028.0,0.8247,17400.0,0.8248,67480.0
1753504044322,04:27:24.322,ADA/USDT:USDT,0.8246,1579.0,0.8245,26028.0,0.8247,18594.0,0.8248,67480.0
1753504044422,04:27:24.422,ADA/USDT:USDT,0.8246,1579.0,0.8245,26036.0,0.8247,16206.0,0.8248,67455.0
1753504044522,04:27:24.522,ADA/USDT:USDT,0.8246,1579.0,0.8245,26036.0,0.8247,16206.0,0.8248,67480.0
1753504044622,04:27:24.622,ADA/USDT:USDT,0.8246,1579.0,0.8245,26036.0,0.8247,17394.0,0.8248,67480.0
1753504044722,04:27:24.722,ADA/USDT:USDT,0.8246,1574.0,0.8245,26036.0,0.8247,18588.0,0.8248,67480.0
1753504044822,04:27:24.822,ADA/USDT:USDT,0.8246,1574.0,0.8245,26036.0,0.8247,18613.0,0.8248,67480.0
1753504044922,04:27:24.922,ADA/USDT:USDT,0.8246,2336.0,0.8245,26036.0,0.8247,18588.0,0.8248,67480.0
1753504045022,04:27:25.022,ADA/USDT:USDT,0.8246,2336.0,0.8245,26036.0,0.8247,17419.0,0.8248,67480.0
1753504045122,04:27:25.122,ADA/USDT:USDT,0.8246,2336.0,0.8245,26036.0,0.8247,17419.0,0.8248,67480.0
1753504045222,04:27:25.222,ADA/USDT:USDT,0.8246,2336.0,0.8245,26036.0,0.8247,17394.0,0.8248,67480.0
1753504045322,04:27:25.322,ADA/USDT:USDT,0.8246,2336.0,0.8245,26036.0,0.8247,17394.0,0.8248,67480.0
1753504045422,04:27:25.422,ADA/USDT:USDT,0.8246,2336.0,0.8245,26036.0,0.8247,17394.0,0.8248,67480.0
1753504045522,04:27:25.522,ADA/USDT:USDT,0.8246,2330.0,0.8245,26036.0,0.8247,16200.0,0.8248,67480.0
1753504045622,04:27:25.622,ADA/USDT:USDT,0.8246,2330.0,0.8245,26036.0,0.8247,16200.0,0.8248,67480.0
1753504045722,04:27:25.722,ADA/USDT:USDT,0.8246,2330.0,0.8245,26036.0,0.8247,16200.0,0.8248,67480.0
1753504045822,04:27:25.822,ADA/USDT:USDT,0.8246,2330.0,0.8245,26036.0,0.8247,17133.0,0.8248,67480.0
1753504045922,04:27:25.922,ADA/USDT:USDT,0.8246,2330.0,0.8245,26036.0,0.8247,17133.0,0.8248,67480.0
1753504046022,04:27:26.022,ADA/USDT:USDT,0.8246,2330.0,0.8245,26036.0,0.8247,22140.0,0.8248,67480.0
1753504046122,04:27:26.122,ADA/USDT:USDT,0.8245,10318.0,0.8244,30235.0,0.8246,34925.0,0.8247,97437.0
1753504046222,04:27:26.222,ADA/USDT:USDT,0.8245,10318.0,0.8244,28596.0,0.8246,35101.0,0.8247,97347.0
1753504046322,04:27:26.322,ADA/USDT:USDT,0.8245,10318.0,0.8244,3252.0,0.8246,39046.0,0.8247,114615.0
1753504046423,04:27:26.423,ADA/USDT:USDT,0.8245,10318.0,0.8244,3252.0,0.8246,43788.0,0.8247,122427.0
1753504046522,04:27:26.522,ADA/USDT:USDT,0.8245,10318.0,0.8244,3252.0,0.8246,44619.0,0.8247,122529.0
1753504046622,04:27:26.622,ADA/USDT:USDT,0.8245,10318.0,0.8244,3252.0,0.8246,44594.0,0.8247,122529.0
1753504046722,04:27:26.722,ADA/USDT:USDT,0.8245,10318.0,0.8244,3252.0,0.8246,44594.0,0.8247,123559.0
1753504046822,04:27:26.822,ADA/USDT:USDT,0.8245,10318.0,0.8244,3252.0,0.8246,44619.0,0.8247,123559.0
1753504046922,04:27:26.922,ADA/USDT:USDT,0.8245,10318.0,0.8244,3252.0,0.8246,44594.0,0.8247,129759.0
1753504047022,04:27:27.022,ADA/USDT:USDT,0.8245,10318.0,0.8244,16550.0,0.8246,44594.0,0.8247,129759.0
1753504047122,04:27:27.122,ADA/USDT:USDT,0.8245,10318.0,0.8244,16550.0,0.8246,44594.0,0.8247,129759.0
1753504047222,04:27:27.222,ADA/USDT:USDT,0.8245,10328.0,0.8244,16550.0,0.8246,43408.0,0.8247,129759.0
1753504047322,04:27:27.322,ADA/USDT:USDT,0.8245,10328.0,0.8244,16550.0,0.8246,45205.0,0.8247,129759.0
1753504047422,04:27:27.422,ADA/USDT:USDT,0.8245,10328.0,0.8244,3252.0,0.8246,45205.0,0.8247,129759.0
1753504047522,04:27:27.522,ADA/USDT:USDT,0.8245,10328.0,0.8244,3252.0,0.8246,44619.0,0.8247,129759.0
1753504047622,04:27:27.622,ADA/USDT:USDT,0.8245,10328.0,0.8244,3252.0,0.8246,45853.0,0.8247,128540.0
1753504047722,04:27:27.722,ADA/USDT:USDT,0.8245,10328.0,0.8244,50622.0,0.8246,30449.0,0.8247,118638.0
1753504047822,04:27:27.822,ADA/USDT:USDT,0.8245,10328.0,0.8244,58115.0,0.8246,30749.0,0.8247,118630.0
1753504047924,04:27:27.924,ADA/USDT:USDT,0.8245,10328.0,0.8244,60701.0,0.8246,24187.0,0.8247,114168.0
1753504048022,04:27:28.022,ADA/USDT:USDT,0.8245,10328.0,0.8244,63301.0,0.8246,23412.0,0.8247,114168.0
1753504048123,04:27:28.123,ADA/USDT:USDT,0.8245,11824.0,0.8244,84127.0,0.8246,23412.0,0.8247,114168.0
1753504048223,04:27:28.223,ADA/USDT:USDT,0.8245,11824.0,0.8244,84127.0,0.8246,23412.0,0.8247,114168.0
1753504048323,04:27:28.323,ADA/USDT:USDT,0.8245,11824.0,0.8244,84127.0,0.8246,23412.0,0.8247,114168.0
1753504048422,04:27:28.422,ADA/USDT:USDT,0.8245,10328.0,0.8244,85313.0,0.8246,23415.0,0.8247,107967.0
1753504048522,04:27:28.522,ADA/USDT:USDT,0.8245,10541.0,0.8244,20552.0,0.8246,23415.0,0.8247,112822.0
1753504048622,04:27:28.622,ADA/USDT:USDT,0.8245,10541.0,0.8244,24652.0,0.8246,28915.0,0.8247,112822.0
1753504048723,04:27:28.723,ADA/USDT:USDT,0.8245,10541.0,0.8244,89913.0,0.8246,23415.0,0.8247,110339.0
1753504048823,04:27:28.823,ADA/USDT:USDT,0.8245,16521.0,0.8244,100381.0,0.8246,4896.0,0.8247,78168.0
1753504048923,04:27:28.923,ADA/USDT:USDT,0.8245,16521.0,0.8244,92174.0,0.8246,4896.0,0.8247,84820.0
1753504049022,04:27:29.022,ADA/USDT:USDT,0.8245,16521.0,0.8244,92174.0,0.8246,4896.0,0.8247,84810.0
1753504049122,04:27:29.122,ADA/USDT:USDT,0.8245,16521.0,0.8244,92149.0,0.8246,4896.0,0.8247,84810.0
1753504049223,04:27:29.223,ADA/USDT:USDT,0.8245,15335.0,0.8244,93549.0,0.8246,4896.0,0.8247,98112.0
1753504049322,04:27:29.322,ADA/USDT:USDT,0.8245,15335.0,0.8244,93549.0,0.8246,4896.0,0.8247,98112.0
1753504049423,04:27:29.423,ADA/USDT:USDT,0.8245,15335.0,0.8244,93549.0,0.8246,4896.0,0.8247,98112.0
1753504049522,04:27:29.522,ADA/USDT:USDT,0.8245,15335.0,0.8244,94180.0,0.8246,4896.0,0.8247,93367.0
1753504049623,04:27:29.623,ADA/USDT:USDT,0.8245,16521.0,0.8244,94213.0,0.8246,4408.0,0.8247,85709.0
1753504049722,04:27:29.722,ADA/USDT:USDT,0.8245,16521.0,0.8244,94188.0,0.8246,4408.0,0.8247,85709.0
1753504049822,04:27:29.822,ADA/USDT:USDT,0.8245,16521.0,0.8244,94213.0,0.8246,4408.0,0.8247,84309.0
1753504049924,04:27:29.924,ADA/USDT:USDT,0.8245,16521.0,0.8244,94188.0,0.8246,4691.0,0.8247,83279.0
1753504050022,04:27:30.022,ADA/USDT:USDT,0.8245,16521.0,0.8244,94213.0,0.8246,4691.0,0.8247,83279.0
1753504050122,04:27:30.122,ADA/USDT:USDT,0.8245,10328.0,0.8244,83502.0,0.8246,16551.0,0.8247,88134.0
1753504050222,04:27:30.222,ADA/USDT:USDT,0.8245,10328.0,0.8244,82316.0,0.8246,16233.0,0.8247,89011.0
1753504050322,04:27:30.322,ADA/USDT:USDT,0.8245,11549.0,0.8244,82316.0,0.8246,16627.0,0.8247,90411.0
1753504050423,04:27:30.423,ADA/USDT:USDT,0.8245,10328.0,0.8244,82316.0,0.8246,18188.0,0.8247,90411.0
1753504050522,04:27:30.522,ADA/USDT:USDT,0.8245,10328.0,0.8244,82316.0,0.8246,17002.0,0.8247,90411.0
1753504050622,04:27:30.622,ADA/USDT:USDT,0.8245,10328.0,0.8244,82316.0,0.8246,22510.0,0.8247,90411.0
1753504050722,04:27:30.722,ADA/USDT:USDT,0.8245,10328.0,0.8244,82316.0,0.8246,22510.0,0.8247,91441.0
1753504050922,04:27:30.922,ADA/USDT:USDT,0.8245,10328.0,0.8244,84688.0,0.8246,22510.0,0.8247,90255.0
1753504051023,04:27:31.023,ADA/USDT:USDT,0.8245,10328.0,0.8244,82316.0,0.8246,22510.0,0.8247,91441.0
1753504051122,04:27:31.122,ADA/USDT:USDT,0.8245,10328.0,0.8244,82316.0,0.8246,22510.0,0.8247,91441.0
1753504051222,04:27:31.222,ADA/USDT:USDT,0.8245,10328.0,0.8244,83502.0,0.8246,22510.0,0.8247,91441.0
1753504051322,04:27:31.322,ADA/USDT:USDT,0.8245,10328.0,0.8244,82316.0,0.8246,22510.0,0.8247,91441.0
1753504051522,04:27:31.522,ADA/USDT:USDT,0.8245,10328.0,0.8244,82316.0,0.8246,23696.0,0.8247,91441.0
1753504051622,04:27:31.622,ADA/USDT:USDT,0.8245,10328.0,0.8244,82316.0,0.8246,23696.0,0.8247,91441.0
1753504051822,04:27:31.822,ADA/USDT:USDT,0.8245,10318.0,0.8244,81685.0,0.8246,23451.0,0.8247,91441.0
1753504051925,04:27:31.925,ADA/USDT:USDT,0.8245,10318.0,0.8244,81685.0,0.8246,23451.0,0.8247,91441.0
1753504052022,04:27:32.022,ADA/USDT:USDT,0.8245,10318.0,0.8244,81685.0,0.8246,23451.0,0.8247,91441.0
1753504052223,04:27:32.223,ADA/USDT:USDT,0.8245,10318.0,0.8244,81685.0,0.8246,23451.0,0.8247,91441.0
1753504052322,04:27:32.322,ADA/USDT:USDT,0.8245,10318.0,0.8244,81685.0,0.8246,22265.0,0.8247,91441.0
1753504052423,04:27:32.423,ADA/USDT:USDT,0.8245,10318.0,0.8244,81685.0,0.8246,23451.0,0.8247,91441.0
1753504052522,04:27:32.522,ADA/USDT:USDT,0.8245,10318.0,0.8244,81685.0,0.8246,23451.0,0.8247,91441.0
1753504052622,04:27:32.622,ADA/USDT:USDT,0.8245,10318.0,0.8244,81685.0,0.8246,23451.0,0.8247,91441.0
1753504052723,04:27:32.723,ADA/USDT:USDT,0.8245,10513.0,0.8244,81685.0,0.8246,22265.0,0.8247,91441.0
1753504052821,04:27:32.821,ADA/USDT:USDT,0.8245,10513.0,0.8244,81685.0,0.8246,22265.0,0.8247,91441.0
1753504052922,04:27:32.922,ADA/USDT:USDT,0.8245,10513.0,0.8244,81685.0,0.8246,23399.0,0.8247,91441.0
1753504053022,04:27:33.022,ADA/USDT:USDT,0.8245,10513.0,0.8244,81685.0,0.8246,23399.0,0.8247,91441.0
1753504053123,04:27:33.123,ADA/USDT:USDT,0.8245,10513.0,0.8244,81685.0,0.8246,22213.0,0.8247,91441.0
1753504053223,04:27:33.223,ADA/USDT:USDT,0.8245,10513.0,0.8244,81685.0,0.8246,22213.0,0.8247,88958.0
1753504053322,04:27:33.322,ADA/USDT:USDT,0.8245,12009.0,0.8244,88057.0,0.8246,4703.0,0.8247,86561.0
1753504053422,04:27:33.422,ADA/USDT:USDT,0.8245,13195.0,0.8244,88057.0,0.8246,4553.0,0.8247,85709.0
1753504053522,04:27:33.522,ADA/USDT:USDT,0.8245,12009.0,0.8244,88057.0,0.8246,10053.0,0.8247,88081.0
1753504053623,04:27:33.623,ADA/USDT:USDT,0.8245,12009.0,0.8244,88057.0,0.8246,10054.0,0.8247,85709.0
1753504053822,04:27:33.822,ADA/USDT:USDT,0.8245,12009.0,0.8244,88057.0,0.8246,10054.0,0.8247,88081.0
1753504053923,04:27:33.923,ADA/USDT:USDT,0.8245,12009.0,0.8244,86871.0,0.8246,9904.0,0.8247,88081.0
1753504054022,04:27:34.022,ADA/USDT:USDT,0.8245,12009.0,0.8244,86871.0,0.8246,4791.0,0.8247,88081.0
1753504054122,04:27:34.122,ADA/USDT:USDT,0.8245,12009.0,0.8244,88057.0,0.8246,4791.0,0.8247,85709.0
1753504054223,04:27:34.223,ADA/USDT:USDT,0.8245,12009.0,0.8244,88057.0,0.8246,4413.0,0.8247,85709.0
1753504054322,04:27:34.322,ADA/USDT:USDT,0.8245,12009.0,0.8244,88057.0,0.8246,3186.0,0.8247,86895.0
1753504054423,04:27:34.423,ADA/USDT:USDT,0.8245,12009.0,0.8244,88057.0,0.8246,4409.0,0.8247,86895.0
1753504054522,04:27:34.522,ADA/USDT:USDT,0.8245,13196.0,0.8244,88057.0,0.8246,4409.0,0.8247,85709.0
1753504054622,04:27:34.622,ADA/USDT:USDT,0.8245,13196.0,0.8244,88057.0,0.8246,4259.0,0.8247,85709.0
1753504054722,04:27:34.722,ADA/USDT:USDT,0.8245,13196.0,0.8244,89087.0,0.8246,4259.0,0.8247,85709.0
1753504054823,04:27:34.823,ADA/USDT:USDT,0.8245,13196.0,0.8244,89087.0,0.8246,4259.0,0.8247,85709.0
1753504054922,04:27:34.922,ADA/USDT:USDT,0.8245,11994.0,0.8244,89077.0,0.8246,4259.0,0.8247,86895.0
1753504055022,04:27:35.022,ADA/USDT:USDT,0.8245,14391.0,0.8244,97181.0,0.8246,1906.0,0.8247,26640.0
1753504055122,04:27:35.122,ADA/USDT:USDT,0.8245,14366.0,0.8244,99272.0,0.8246,1906.0,0.8247,25140.0
1753504055223,04:27:35.223,ADA/USDT:USDT,0.8245,11994.0,0.8244,99247.0,0.8246,3620.0,0.8247,69309.0
1753504055322,04:27:35.322,ADA/USDT:USDT,0.8245,11994.0,0.8244,93830.0,0.8246,3802.0,0.8247,67068.0
1753504055422,04:27:35.422,ADA/USDT:USDT,0.8245,11994.0,0.8244,90674.0,0.8246,3802.0,0.8247,70737.0
1753504055522,04:27:35.522,ADA/USDT:USDT,0.8245,11994.0,0.8244,90674.0,0.8246,9702.0,0.8247,74737.0
1753504055622,04:27:35.622,ADA/USDT:USDT,0.8245,11994.0,0.8244,90674.0,0.8246,9706.0,0.8247,74737.0
1753504055722,04:27:35.722,ADA/USDT:USDT,0.8245,11998.0,0.8244,90674.0,0.8246,9706.0,0.8247,74737.0
1753504055822,04:27:35.822,ADA/USDT:USDT,0.8245,11998.0,0.8244,90674.0,0.8246,8483.0,0.8247,74737.0
1753504055924,04:27:35.924,ADA/USDT:USDT,0.8245,11998.0,0.8244,90674.0,0.8246,9751.0,0.8247,72254.0
1753504056022,04:27:36.022,ADA/USDT:USDT,0.8245,11998.0,0.8244,90674.0,0.8246,9751.0,0.8247,72254.0
1753504056123,04:27:36.123,ADA/USDT:USDT,0.8245,11998.0,0.8244,90674.0,0.8246,9751.0,0.8247,80779.0
1753504056223,04:27:36.223,ADA/USDT:USDT,0.8245,13184.0,0.8244,93046.0,0.8246,4251.0,0.8247,79593.0
1753504056322,04:27:36.322,ADA/USDT:USDT,0.8245,13184.0,0.8244,93046.0,0.8246,4251.0,0.8247,62967.0
1753504056422,04:27:36.422,ADA/USDT:USDT,0.8245,11998.0,0.8244,90674.0,0.8246,4251.0,0.8247,78192.0
1753504056523,04:27:36.523,ADA/USDT:USDT,0.8245,11998.0,0.8244,90674.0,0.8246,4251.0,0.8247,79378.0
1753504056622,04:27:36.622,ADA/USDT:USDT,0.8245,11998.0,0.8244,90674.0,0.8246,4251.0,0.8247,79378.0
1753504056722,04:27:36.722,ADA/USDT:USDT,0.8245,11998.0,0.8244,90674.0,0.8246,4251.0,0.8247,80408.0
1753504056822,04:27:36.822,ADA/USDT:USDT,0.8245,11998.0,0.8244,90674.0,0.8246,4251.0,0.8247,80408.0
1753504056923,04:27:36.923,ADA/USDT:USDT,0.8245,12167.0,0.8244,90674.0,0.8246,4251.0,0.8247,79222.0
1753504057023,04:27:37.023,ADA/USDT:USDT,0.8245,12167.0,0.8244,93046.0,0.8246,4251.0,0.8247,79222.0
1753504057123,04:27:37.123,ADA/USDT:USDT,0.8245,12167.0,0.8244,93046.0,0.8246,4251.0,0.8247,79222.0
1753504057222,04:27:37.222,ADA/USDT:USDT,0.8245,12167.0,0.8244,93046.0,0.8246,4251.0,0.8247,79222.0
1753504057322,04:27:37.322,ADA/USDT:USDT,0.8245,12167.0,0.8244,91860.0,0.8246,4252.0,0.8247,79222.0
1753504057622,04:27:37.622,ADA/USDT:USDT,0.8245,12167.0,0.8244,90674.0,0.8246,4294.0,0.8247,80622.0
1753504057722,04:27:37.722,ADA/USDT:USDT,0.8245,12167.0,0.8244,90674.0,0.8246,4294.0,0.8247,80622.0
1753504057822,04:27:37.822,ADA/USDT:USDT,0.8245,12167.0,0.8244,93046.0,0.8246,4194.0,0.8247,80622.0
1753504057922,04:27:37.922,ADA/USDT:USDT,0.8245,12164.0,0.8244,93046.0,0.8246,4345.0,0.8247,80622.0
1753504058022,04:27:38.022,ADA/USDT:USDT,0.8245,12164.0,0.8244,90674.0,0.8246,4345.0,0.8247,81808.0
1753504058122,04:27:38.122,ADA/USDT:USDT,0.8245,12163.0,0.8244,90674.0,0.8246,3077.0,0.8247,81808.0
1753504058223,04:27:38.223,ADA/USDT:USDT,0.8245,12163.0,0.8244,93046.0,0.8246,4357.0,0.8247,79592.0
1753504058323,04:27:38.323,ADA/USDT:USDT,0.8245,13325.0,0.8244,93071.0,0.8246,3618.0,0.8247,79592.0
1753504058423,04:27:38.423,ADA/USDT:USDT,0.8245,12163.0,0.8244,93071.0,0.8246,4106.0,0.8247,79592.0
1753504058522,04:27:38.522,ADA/USDT:USDT,0.8245,12163.0,0.8244,93071.0,0.8246,4106.0,0.8247,79592.0
1753504058622,04:27:38.622,ADA/USDT:USDT,0.8245,12163.0,0.8244,93071.0,0.8246,4106.0,0.8247,79592.0
1753504058722,04:27:38.722,ADA/USDT:USDT,0.8245,12163.0,0.8244,93071.0,0.8246,4106.0,0.8247,80622.0
1753504058823,04:27:38.823,ADA/USDT:USDT,0.8245,12163.0,0.8244,93047.0,0.8246,4664.0,0.8247,69667.0
1753504058923,04:27:38.923,ADA/USDT:USDT,0.8245,12163.0,0.8244,93047.0,0.8246,4282.0,0.8247,25257.0
1753504059022,04:27:39.022,ADA/USDT:USDT,0.8245,12163.0,0.8244,93047.0,0.8246,4282.0,0.8247,27740.0
1753504059122,04:27:39.122,ADA/USDT:USDT,0.8245,12163.0,0.8244,93047.0,0.8246,4282.0,0.8247,39377.0
1753504059222,04:27:39.222,ADA/USDT:USDT,0.8245,12163.0,0.8244,93047.0,0.8246,4282.0,0.8247,50192.0
1753504059322,04:27:39.322,ADA/USDT:USDT,0.8245,12163.0,0.8244,90674.0,0.8246,5778.0,0.8247,74690.0
1753504059422,04:27:39.422,ADA/USDT:USDT,0.8245,12163.0,0.8244,90674.0,0.8246,5778.0,0.8247,72207.0
1753504059522,04:27:39.522,ADA/USDT:USDT,0.8245,12163.0,0.8244,92978.0,0.8246,5290.0,0.8247,71055.0
1753504059622,04:27:39.622,ADA/USDT:USDT,0.8245,12163.0,0.8244,92978.0,0.8246,5290.0,0.8247,71055.0
1753504059722,04:27:39.722,ADA/USDT:USDT,0.8245,12163.0,0.8244,92978.0,0.8246,5290.0,0.8247,71055.0
1753504059923,04:27:39.923,ADA/USDT:USDT,0.8245,13315.0,0.8244,92978.0,0.8246,3762.0,0.8247,25257.0
1753504060022,04:27:40.022,ADA/USDT:USDT,0.8245,13315.0,0.8244,92978.0,0.8246,4557.0,0.8247,67052.0
1753504060122,04:27:40.122,ADA/USDT:USDT,0.8245,13315.0,0.8244,92978.0,0.8246,3762.0,0.8247,21363.0
1753504060222,04:27:40.222,ADA/USDT:USDT,0.8245,13308.0,0.8244,93003.0,0.8246,3762.0,0.8247,25339.0
1753504060322,04:27:40.322,ADA/USDT:USDT,0.8245,13308.0,0.8244,96149.0,0.8246,4282.0,0.8247,29505.0
1753504060423,04:27:40.423,ADA/USDT:USDT,0.8247,31352.0,0.8246,98115.0,0.8248,1714.0,0.8249,48101.0
1753504060522,04:27:40.522,ADA/USDT:USDT,0.8247,31991.0,0.8246,136155.0,0.8248,1787.0,0.8249,46577.0
1753504060622,04:27:40.622,ADA/USDT:USDT,0.8247,31991.0,0.8246,146929.0,0.8248,201.0,0.8249,6378.0
1753504060722,04:27:40.722,ADA/USDT:USDT,0.8248,12076.0,0.8247,74883.0,0.8249,2927.0,0.825,96148.0
1753504060822,04:27:40.822,ADA/USDT:USDT,0.8248,12076.0,0.8247,64572.0,0.8249,2325.0,0.825,82845.0
1753504060922,04:27:40.922,ADA/USDT:USDT,0.8248,12232.0,0.8247,64572.0,0.8249,2325.0,0.825,82845.0
1753504061022,04:27:41.022,ADA/USDT:USDT,0.8248,6615.0,0.8247,62242.0,0.8249,7872.0,0.825,85153.0
1753504061122,04:27:41.122,ADA/USDT:USDT,0.8248,5629.0,0.8247,62032.0,0.8249,7872.0,0.825,98449.0
1753504061322,04:27:41.322,ADA/USDT:USDT,0.8248,5629.0,0.8247,62032.0,0.8249,5667.0,0.825,97295.0
1753504061422,04:27:41.422,ADA/USDT:USDT,0.8248,5629.0,0.8247,62022.0,0.8249,11167.0,0.825,98449.0
1753504061522,04:27:41.522,ADA/USDT:USDT,0.8248,5629.0,0.8247,62029.0,0.8249,11177.0,0.825,96141.0
1753504061622,04:27:41.622,ADA/USDT:USDT,0.8248,5656.0,0.8247,62029.0,0.8249,11177.0,0.825,96141.0
1753504061723,04:27:41.723,ADA/USDT:USDT,0.8248,5656.0,0.8247,62029.0,0.8249,11177.0,0.825,97295.0
1753504061822,04:27:41.822,ADA/USDT:USDT,0.8248,5656.0,0.8247,62029.0,0.8249,11177.0,0.825,97295.0
1753504061924,04:27:41.924,ADA/USDT:USDT,0.8248,5656.0,0.8247,62029.0,0.8249,11177.0,0.825,97295.0
1753504062022,04:27:42.022,ADA/USDT:USDT,0.8248,5656.0,0.8247,62029.0,0.8249,11191.0,0.825,97295.0
1753504062122,04:27:42.122,ADA/USDT:USDT,0.8248,5656.0,0.8247,62029.0,0.8249,11191.0,0.825,96141.0
1753504062222,04:27:42.222,ADA/USDT:USDT,0.8248,5656.0,0.8247,63183.0,0.8249,11191.0,0.825,96141.0
1753504062322,04:27:42.322,ADA/USDT:USDT,0.8248,5656.0,0.8247,63183.0,0.8249,2847.0,0.825,96141.0
1753504062422,04:27:42.422,ADA/USDT:USDT,0.8248,5656.0,0.8247,64337.0,0.8249,8244.0,0.825,96141.0
1753504062522,04:27:42.522,ADA/USDT:USDT,0.8248,5656.0,0.8247,62029.0,0.8249,8244.0,0.825,97295.0
1753504062622,04:27:42.622,ADA/USDT:USDT,0.8248,5656.0,0.8247,56903.0,0.8249,8244.0,0.825,98624.0
1753504062722,04:27:42.722,ADA/USDT:USDT,0.8248,8256.0,0.8247,60657.0,0.8249,8244.0,0.825,96141.0
1753504062822,04:27:42.822,ADA/USDT:USDT,0.8248,8256.0,0.8247,59503.0,0.8249,8244.0,0.825,96141.0
1753504062922,04:27:42.922,ADA/USDT:USDT,0.8248,5500.0,0.8247,56818.0,0.8249,10844.0,0.825,96141.0
1753504063022,04:27:43.022,ADA/USDT:USDT,0.8248,5168.0,0.8247,54256.0,0.8249,13444.0,0.825,100932.0
1753504063122,04:27:43.122,ADA/USDT:USDT,0.8248,5168.0,0.8247,54256.0,0.8249,13444.0,0.825,100932.0
1753504063222,04:27:43.222,ADA/USDT:USDT,0.8248,5168.0,0.8247,54256.0,0.8249,13444.0,0.825,100932.0
1753504063322,04:27:43.322,ADA/USDT:USDT,0.8248,5168.0,0.8247,54256.0,0.8249,13444.0,0.825,100932.0
1753504063422,04:27:43.422,ADA/USDT:USDT,0.8248,5168.0,0.8247,54256.0,0.8249,13444.0,0.825,100932.0
1753504063522,04:27:43.522,ADA/USDT:USDT,0.8248,5381.0,0.8247,54256.0,0.8249,14637.0,0.825,100932.0
1753504063622,04:27:43.622,ADA/USDT:USDT,0.8248,7981.0,0.8247,54256.0,0.8249,8283.0,0.825,97295.0
1753504063722,04:27:43.722,ADA/USDT:USDT,0.8248,7981.0,0.8247,56564.0,0.8249,8283.0,0.825,97171.0
1753504063822,04:27:43.822,ADA/USDT:USDT,0.8248,7981.0,0.8247,54256.0,0.8249,8283.0,0.825,99479.0
1753504063924,04:27:43.924,ADA/USDT:USDT,0.8248,7981.0,0.8247,54256.0,0.8249,8283.0,0.825,99479.0
1753504064022,04:27:44.022,ADA/USDT:USDT,0.8248,7972.0,0.8247,54256.0,0.8249,8283.0,0.825,98325.0
1753504064122,04:27:44.122,ADA/USDT:USDT,0.8248,7972.0,0.8247,54256.0,0.8249,3966.0,0.825,99479.0
1753504064222,04:27:44.222,ADA/USDT:USDT,0.8248,7972.0,0.8247,54256.0,0.8249,4013.0,0.825,99479.0
1753504064322,04:27:44.322,ADA/USDT:USDT,0.8248,7972.0,0.8247,54256.0,0.8249,4013.0,0.825,99479.0
1753504064422,04:27:44.422,ADA/USDT:USDT,0.8248,5372.0,0.8247,54256.0,0.8249,10732.0,0.825,101962.0
1753504064623,04:27:44.623,ADA/USDT:USDT,0.8248,5372.0,0.8247,54256.0,0.8249,9578.0,0.825,101962.0
1753504064722,04:27:44.722,ADA/USDT:USDT,0.8248,5372.0,0.8247,54256.0,0.8249,9578.0,0.825,101962.0
1753504064822,04:27:44.822,ADA/USDT:USDT,0.8248,5372.0,0.8247,54256.0,0.8249,9578.0,0.825,101962.0
1753504064923,04:27:44.923,ADA/USDT:USDT,0.8248,5372.0,0.8247,54256.0,0.8249,9578.0,0.825,101962.0
1753504065022,04:27:45.022,ADA/USDT:USDT,0.8248,5373.0,0.8247,54256.0,0.8249,9578.0,0.825,101962.0
1753504065123,04:27:45.123,ADA/USDT:USDT,0.8248,5373.0,0.8247,54256.0,0.8249,9513.0,0.825,101962.0
1753504065323,04:27:45.323,ADA/USDT:USDT,0.8248,5373.0,0.8247,54256.0,0.8249,9513.0,0.825,101962.0
1753504065422,04:27:45.422,ADA/USDT:USDT,0.8248,5373.0,0.8247,54256.0,0.8249,9513.0,0.825,101962.0
1753504065622,04:27:45.622,ADA/USDT:USDT,0.8248,7973.0,0.8247,55410.0,0.8249,9994.0,0.825,97171.0
1753504065722,04:27:45.722,ADA/USDT:USDT,0.8248,7973.0,0.8247,56604.0,0.8249,9994.0,0.825,97171.0
1753504065822,04:27:45.822,ADA/USDT:USDT,0.8248,9373.0,0.8247,61687.0,0.8249,4013.0,0.825,96029.0
1753504065922,04:27:45.922,ADA/USDT:USDT,0.8248,9373.0,0.8247,61687.0,0.8249,4013.0,0.825,96029.0
1753504066022,04:27:46.022,ADA/USDT:USDT,0.8248,9350.0,0.8247,61687.0,0.8249,4013.0,0.825,96771.0
1753504066122,04:27:46.122,ADA/USDT:USDT,0.8248,9350.0,0.8247,61687.0,0.8249,4013.0,0.825,97171.0
1753504066222,04:27:46.222,ADA/USDT:USDT,0.8248,9350.0,0.8247,61687.0,0.8249,4013.0,0.825,97171.0
1753504066323,04:27:46.323,ADA/USDT:USDT,0.8248,9350.0,0.8247,58050.0,0.8249,4013.0,0.825,97171.0
1753504066422,04:27:46.422,ADA/USDT:USDT,0.8248,9350.0,0.8247,61687.0,0.8249,4013.0,0.825,47808.0
1753504066523,04:27:46.523,ADA/USDT:USDT,0.8248,9350.0,0.8247,61687.0,0.8249,4012.0,0.825,69673.0
1753504066622,04:27:46.622,ADA/USDT:USDT,0.8248,9350.0,0.8247,60533.0,0.8249,4012.0,0.825,69086.0
1753504066722,04:27:46.722,ADA/USDT:USDT,0.8248,9350.0,0.8247,62717.0,0.8249,4012.0,0.825,70415.0
1753504066822,04:27:46.822,ADA/USDT:USDT,0.8248,9350.0,0.8247,61563.0,0.8249,4012.0,0.825,67932.0
1753504066922,04:27:46.922,ADA/USDT:USDT,0.8248,9350.0,0.8247,61563.0,0.8249,4012.0,0.825,67932.0
1753504067022,04:27:47.022,ADA/USDT:USDT,0.8248,9360.0,0.8247,61563.0,0.8249,4012.0,0.825,67932.0
1753504067122,04:27:47.122,ADA/USDT:USDT,0.8248,9360.0,0.8247,61563.0,0.8249,4012.0,0.825,81638.0
1753504067223,04:27:47.223,ADA/USDT:USDT,0.8248,9360.0,0.8247,61563.0,0.8249,4012.0,0.825,81638.0
1753504067322,04:27:47.322,ADA/USDT:USDT,0.8248,9360.0,0.8247,62717.0,0.8249,4012.0,0.825,81638.0
1753504067423,04:27:47.423,ADA/USDT:USDT,0.8248,9360.0,0.8247,62717.0,0.8249,9512.0,0.825,81638.0
1753504067522,04:27:47.522,ADA/USDT:USDT,0.8248,9556.0,0.8247,62717.0,0.8249,9512.0,0.825,81638.0
1753504067622,04:27:47.622,ADA/USDT:USDT,0.8248,9556.0,0.8247,62717.0,0.8249,9512.0,0.825,81638.0
1753504067822,04:27:47.822,ADA/USDT:USDT,0.8248,9556.0,0.8247,62717.0,0.8249,9512.0,0.825,81638.0
1753504067925,04:27:47.925,ADA/USDT:USDT,0.8248,9556.0,0.8247,60234.0,0.8249,9512.0,0.825,81638.0
1753504068022,04:27:48.022,ADA/USDT:USDT,0.8248,9556.0,0.8247,57926.0,0.8249,9512.0,0.825,84121.0
1753504068122,04:27:48.122,ADA/USDT:USDT,0.8248,9343.0,0.8247,57926.0,0.8249,9512.0,0.825,86429.0
1753504068223,04:27:48.223,ADA/USDT:USDT,0.8248,1621.0,0.8247,49143.0,0.8249,10666.0,0.825,87829.0
1753504068323,04:27:48.323,ADA/USDT:USDT,0.8248,995.0,0.8247,46543.0,0.8249,12482.0,0.825,87829.0
1753504068422,04:27:48.422,ADA/USDT:USDT,0.8248,995.0,0.8247,46543.0,0.8249,14252.0,0.825,91073.0
1753504068523,04:27:48.523,ADA/USDT:USDT,0.8248,358.0,0.8247,46543.0,0.8249,13040.0,0.825,89861.0
1753504068622,04:27:48.622,ADA/USDT:USDT,0.8248,358.0,0.8247,46543.0,0.8249,13054.0,0.825,89861.0
1753504068822,04:27:48.822,ADA/USDT:USDT,0.8248,358.0,0.8247,46543.0,0.8249,13080.0,0.825,89861.0
1753504068922,04:27:48.922,ADA/USDT:USDT,0.8248,358.0,0.8247,41655.0,0.8249,12091.0,0.825,89861.0
1753504069023,04:27:49.023,ADA/USDT:USDT,0.8248,223.0,0.8247,8496.0,0.8249,12828.0,0.825,89861.0
1753504069123,04:27:49.123,ADA/USDT:USDT,0.8245,13045.0,0.8244,81590.0,0.8246,12281.0,0.8247,98975.0
1753504069222,04:27:49.222,ADA/USDT:USDT,0.8245,13076.0,0.8244,81590.0,0.8246,12281.0,0.8247,98975.0
1753504069322,04:27:49.322,ADA/USDT:USDT,0.8245,13076.0,0.8244,97080.0,0.8246,8865.0,0.8247,97886.0
1753504069423,04:27:49.423,ADA/USDT:USDT,0.8245,14169.0,0.8244,97080.0,0.8246,4343.0,0.8247,65796.0
1753504069522,04:27:49.522,ADA/USDT:USDT,0.8245,14169.0,0.8244,97080.0,0.8246,1980.0,0.8247,41723.0
1753504069622,04:27:49.622,ADA/USDT:USDT,0.8245,14169.0,0.8244,97080.0,0.8246,1378.0,0.8247,39240.0
1753504069722,04:27:49.722,ADA/USDT:USDT,0.8245,13080.0,0.8244,97080.0,0.8246,2035.0,0.8247,69372.0
1753504069822,04:27:49.822,ADA/USDT:USDT,0.8245,13080.0,0.8244,97080.0,0.8246,2069.0,0.8247,80205.0
1753504069922,04:27:49.922,ADA/USDT:USDT,0.8245,14169.0,0.8244,97080.0,0.8246,1351.0,0.8247,80205.0
1753504070022,04:27:50.022,ADA/USDT:USDT,0.8245,14169.0,0.8244,98292.0,0.8246,1317.0,0.8247,80205.0
1753504070122,04:27:50.122,ADA/USDT:USDT,0.8245,14169.0,0.8244,98292.0,0.8246,1317.0,0.8247,64357.0
1753504070222,04:27:50.222,ADA/USDT:USDT,0.8245,15258.0,0.8244,98317.0,0.8246,1317.0,0.8247,64357.0
1753504070322,04:27:50.322,ADA/USDT:USDT,0.8245,18080.0,0.8244,98292.0,0.8246,1317.0,0.8247,76252.0
1753504070423,04:27:50.423,ADA/USDT:USDT,0.8245,18080.0,0.8244,98437.0,0.8246,1317.0,0.8247,76252.0
1753504070522,04:27:50.522,ADA/USDT:USDT,0.8245,19169.0,0.8244,98437.0,0.8246,1752.0,0.8247,76252.0
1753504070622,04:27:50.622,ADA/USDT:USDT,0.8245,19169.0,0.8244,98437.0,0.8246,1752.0,0.8247,76252.0
1753504070722,04:27:50.722,ADA/USDT:USDT,0.8245,14166.0,0.8244,98437.0,0.8246,1752.0,0.8247,76640.0
1753504070822,04:27:50.822,ADA/USDT:USDT,0.8245,14166.0,0.8244,98437.0,0.8246,1752.0,0.8247,76640.0
1753504070922,04:27:50.922,ADA/USDT:USDT,0.8245,14166.0,0.8244,98412.0,0.8246,1752.0,0.8247,76640.0
1753504071022,04:27:51.022,ADA/USDT:USDT,0.8245,13077.0,0.8244,96234.0,0.8246,2027.0,0.8247,76640.0
1753504071122,04:27:51.122,ADA/USDT:USDT,0.8245,13070.0,0.8244,97330.0,0.8246,2027.0,0.8247,76640.0
1753504071322,04:27:51.322,ADA/USDT:USDT,0.8245,18570.0,0.8244,97330.0,0.8246,1839.0,0.8247,76640.0
1753504071422,04:27:51.422,ADA/USDT:USDT,0.8245,13070.0,0.8244,97330.0,0.8246,2114.0,0.8247,76640.0
1753504071623,04:27:51.623,ADA/USDT:USDT,0.8245,14159.0,0.8244,98444.0,0.8246,1913.0,0.8247,76640.0
1753504071823,04:27:51.823,ADA/USDT:USDT,0.8245,14159.0,0.8244,98444.0,0.8246,1913.0,0.8247,76640.0
1753504071922,04:27:51.922,ADA/USDT:USDT,0.8245,14159.0,0.8244,98419.0,0.8246,1913.0,0.8247,76640.0
1753504072023,04:27:52.023,ADA/USDT:USDT,0.8245,13070.0,0.8244,98419.0,0.8246,2188.0,0.8247,76640.0
1753504072122,04:27:52.122,ADA/USDT:USDT,0.8245,13070.0,0.8244,98419.0,0.8246,2188.0,0.8247,76640.0
1753504072223,04:27:52.223,ADA/USDT:USDT,0.8245,13340.0,0.8244,98419.0,0.8246,2188.0,0.8247,70865.0
1753504072323,04:27:52.323,ADA/USDT:USDT,0.8245,13340.0,0.8244,98419.0,0.8246,1913.0,0.8247,70865.0
1753504072423,04:27:52.423,ADA/USDT:USDT,0.8245,13340.0,0.8244,98419.0,0.8246,2198.0,0.8247,74865.0
1753504072522,04:27:52.522,ADA/USDT:USDT,0.8245,13340.0,0.8244,98419.0,0.8246,2198.0,0.8247,74865.0
1753504072723,04:27:52.723,ADA/USDT:USDT,0.8245,13356.0,0.8244,99449.0,0.8246,2198.0,0.8247,74865.0
1753504072822,04:27:52.822,ADA/USDT:USDT,0.8245,13356.0,0.8244,99449.0,0.8246,2198.0,0.8247,74865.0
1753504072922,04:27:52.922,ADA/USDT:USDT,0.8245,13356.0,0.8244,99449.0,0.8246,2198.0,0.8247,74865.0
1753504073022,04:27:53.022,ADA/USDT:USDT,0.8245,13356.0,0.8244,99329.0,0.8246,2198.0,0.8247,74865.0
1753504073122,04:27:53.122,ADA/USDT:USDT,0.8245,13356.0,0.8244,99329.0,0.8246,2198.0,0.8247,74865.0
1753504073222,04:27:53.222,ADA/USDT:USDT,0.8245,14445.0,0.8244,99329.0,0.8246,2198.0,0.8247,74865.0
1753504073322,04:27:53.322,ADA/USDT:USDT,0.8245,14476.0,0.8244,99329.0,0.8246,2198.0,0.8247,74865.0
1753504073422,04:27:53.422,ADA/USDT:USDT,0.8245,14476.0,0.8244,99329.0,0.8246,2198.0,0.8247,74865.0
1753504073523,04:27:53.523,ADA/USDT:USDT,0.8245,11987.0,0.8244,97151.0,0.8246,4809.0,0.8247,75954.0
1753504073622,04:27:53.622,ADA/USDT:USDT,0.8245,11987.0,0.8244,92406.0,0.8246,8623.0,0.8247,79643.0
1753504073722,04:27:53.722,ADA/USDT:USDT,0.8245,11991.0,0.8244,92406.0,0.8246,8574.0,0.8247,79643.0
1753504073823,04:27:53.823,ADA/USDT:USDT,0.8245,11991.0,0.8244,92406.0,0.8246,11174.0,0.8247,79643.0
1753504073922,04:27:53.922,ADA/USDT:USDT,0.8245,11503.0,0.8244,91376.0,0.8246,12663.0,0.8247,79643.0
1753504074122,04:27:54.122,ADA/USDT:USDT,0.8245,11503.0,0.8244,91376.0,0.8246,12663.0,0.8247,82126.0
1753504074222,04:27:54.222,ADA/USDT:USDT,0.8245,10495.0,0.8244,7538.0,0.8246,13752.0,0.8247,106784.0
1753504074322,04:27:54.322,ADA/USDT:USDT,0.8245,11503.0,0.8244,5055.0,0.8246,21874.0,0.8247,109208.0
1753504074423,04:27:54.423,ADA/USDT:USDT,0.8245,11503.0,0.8244,7538.0,0.8246,21874.0,0.8247,115868.0
1753504074522,04:27:54.522,ADA/USDT:USDT,0.8245,11503.0,0.8244,7538.0,0.8246,19651.0,0.8247,115480.0
1753504074623,04:27:54.623,ADA/USDT:USDT,0.8245,11503.0,0.8244,65259.0,0.8246,17152.0,0.8247,108820.0
1753504074723,04:27:54.723,ADA/USDT:USDT,0.8245,11503.0,0.8244,65259.0,0.8246,14851.0,0.8247,115298.0
1753504074822,04:27:54.822,ADA/USDT:USDT,0.8245,11503.0,0.8244,65259.0,0.8246,15940.0,0.8247,115298.0
1753504074922,04:27:54.922,ADA/USDT:USDT,0.8245,10479.0,0.8244,28636.0,0.8246,17029.0,0.8247,115298.0
1753504075122,04:27:55.122,ADA/USDT:USDT,0.8245,11487.0,0.8244,72851.0,0.8246,14851.0,0.8247,109965.0
1753504075222,04:27:55.222,ADA/USDT:USDT,0.8245,11487.0,0.8244,70251.0,0.8246,14851.0,0.8247,112143.0
1753504075323,04:27:55.323,ADA/USDT:USDT,0.8245,11496.0,0.8244,70251.0,0.8246,15940.0,0.8247,112143.0
1753504075422,04:27:55.422,ADA/USDT:USDT,0.8245,11496.0,0.8244,70251.0,0.8246,15940.0,0.8247,112143.0
1753504075522,04:27:55.522,ADA/USDT:USDT,0.8245,11496.0,0.8244,87215.0,0.8246,14983.0,0.8247,112143.0
1753504075622,04:27:55.622,ADA/USDT:USDT,0.8245,11496.0,0.8244,87215.0,0.8246,14983.0,0.8247,112143.0
1753504075722,04:27:55.722,ADA/USDT:USDT,0.8245,11496.0,0.8244,88615.0,0.8246,14983.0,0.8247,112143.0
1753504075823,04:27:55.823,ADA/USDT:USDT,0.8245,11496.0,0.8244,28636.0,0.8246,17161.0,0.8247,112143.0
1753504075923,04:27:55.923,ADA/USDT:USDT,0.8245,11496.0,0.8244,28636.0,0.8246,18373.0,0.8247,113355.0
1753504076022,04:27:56.022,ADA/USDT:USDT,0.8245,11496.0,0.8244,28636.0,0.8246,18373.0,0.8247,113355.0
1753504076123,04:27:56.123,ADA/USDT:USDT,0.8245,10488.0,0.8244,15320.0,0.8246,18373.0,0.8247,113355.0
1753504076222,04:27:56.222,ADA/USDT:USDT,0.8245,10488.0,0.8244,17803.0,0.8246,18373.0,0.8247,103500.0
1753504076322,04:27:56.322,ADA/USDT:USDT,0.8245,10508.0,0.8244,15320.0,0.8246,18373.0,0.8247,112444.0
1753504076423,04:27:56.423,ADA/USDT:USDT,0.8245,10500.0,0.8244,15320.0,0.8246,18373.0,0.8247,112444.0
1753504076522,04:27:56.522,ADA/USDT:USDT,0.8245,10500.0,0.8244,17803.0,0.8246,18373.0,0.8247,112444.0
1753504076622,04:27:56.622,ADA/USDT:USDT,0.8245,10500.0,0.8244,17811.0,0.8246,18373.0,0.8247,112444.0
1753504076722,04:27:56.722,ADA/USDT:USDT,0.8245,10500.0,0.8244,17811.0,0.8246,18373.0,0.8247,112444.0
1753504076822,04:27:56.822,ADA/USDT:USDT,0.8244,7546.0,0.8243,26794.0,0.8245,25030.0,0.8246,22390.0
1753504076923,04:27:56.923,ADA/USDT:USDT,0.8243,7377.0,0.8242,122363.0,0.8244,9454.0,0.8245,96939.0
1753504077022,04:27:57.022,ADA/USDT:USDT,0.8243,8777.0,0.8242,123474.0,0.8244,5927.0,0.8245,96939.0
1753504077122,04:27:57.122,ADA/USDT:USDT,0.8243,8777.0,0.8242,123474.0,0.8244,5927.0,0.8245,95727.0
1753504077223,04:27:57.223,ADA/USDT:USDT,0.8243,8777.0,0.8242,123474.0,0.8244,5927.0,0.8245,95727.0
1753504077322,04:27:57.322,ADA/USDT:USDT,0.8243,8777.0,0.8242,123474.0,0.8244,5927.0,0.8245,95727.0
1753504077422,04:27:57.422,ADA/USDT:USDT,0.8243,4777.0,0.8242,122363.0,0.8244,8867.0,0.8245,96838.0
1753504077522,04:27:57.522,ADA/USDT:USDT,0.8243,4777.0,0.8242,122363.0,0.8244,6935.0,0.8245,91502.0
1753504077622,04:27:57.622,ADA/USDT:USDT,0.8243,4777.0,0.8242,122363.0,0.8244,6935.0,0.8245,90391.0
1753504077722,04:27:57.722,ADA/USDT:USDT,0.8243,4777.0,0.8242,123575.0,0.8244,6935.0,0.8245,91422.0
1753504077823,04:27:57.823,ADA/USDT:USDT,0.8243,4777.0,0.8242,123575.0,0.8244,6935.0,0.8245,91422.0
1753504077922,04:27:57.922,ADA/USDT:USDT,0.8243,4787.0,0.8242,123575.0,0.8244,6935.0,0.8245,91422.0
1753504078023,04:27:58.023,ADA/USDT:USDT,0.8243,4787.0,0.8242,123575.0,0.8244,6935.0,0.8245,96972.0
1753504078123,04:27:58.123,ADA/USDT:USDT,0.8243,4787.0,0.8242,124686.0,0.8244,6935.0,0.8245,90311.0
1753504078222,04:27:58.222,ADA/USDT:USDT,0.8243,4787.0,0.8242,125797.0,0.8244,6935.0,0.8245,91422.0
1753504078322,04:27:58.322,ADA/USDT:USDT,0.8243,4787.0,0.8242,125797.0,0.8244,7737.0,0.8245,90311.0
1753504078423,04:27:58.423,ADA/USDT:USDT,0.8243,1018.0,0.8242,7011.0,0.8244,15590.0,0.8245,102388.0
1753504078523,04:27:58.523,ADA/USDT:USDT,0.8243,10.0,0.8242,14877.0,0.8244,15691.0,0.8245,111013.0
1753504078622,04:27:58.622,ADA/USDT:USDT,0.8243,1008.0,0.8242,28193.0,0.8244,16802.0,0.8245,111013.0
1753504078722,04:27:58.722,ADA/USDT:USDT,0.8243,1626.0,0.8242,28193.0,0.8244,16079.0,0.8245,111013.0
1753504078822,04:27:58.822,ADA/USDT:USDT,0.8243,1626.0,0.8242,102545.0,0.8244,9879.0,0.8245,102590.0
1753504078922,04:27:58.922,ADA/USDT:USDT,0.8243,1626.0,0.8242,93493.0,0.8244,9879.0,0.8245,103701.0
1753504079022,04:27:59.022,ADA/USDT:USDT,0.8243,2485.0,0.8242,93493.0,0.8244,11065.0,0.8245,103701.0
1753504079123,04:27:59.123,ADA/USDT:USDT,0.8243,2485.0,0.8242,93493.0,0.8244,11786.0,0.8245,104812.0
1753504079223,04:27:59.223,ADA/USDT:USDT,0.8243,1030.0,0.8242,51874.0,0.8244,22674.0,0.8245,104812.0
1753504079323,04:27:59.323,ADA/USDT:USDT,0.8243,1030.0,0.8242,38558.0,0.8244,24896.0,0.8245,104812.0
1753504079422,04:27:59.422,ADA/USDT:USDT,0.8243,1030.0,0.8242,38558.0,0.8244,24896.0,0.8245,104812.0
1753504079522,04:27:59.522,ADA/USDT:USDT,0.8243,1030.0,0.8242,44440.0,0.8244,23785.0,0.8245,104812.0
1753504079622,04:27:59.622,ADA/USDT:USDT,0.8243,1030.0,0.8242,14877.0,0.8244,23785.0,0.8245,104812.0
1753504079722,04:27:59.722,ADA/USDT:USDT,0.8243,1054.0,0.8242,17360.0,0.8244,23785.0,0.8245,104812.0
1753504079822,04:27:59.822,ADA/USDT:USDT,0.8243,1054.0,0.8242,14877.0,0.8244,23785.0,0.8245,104812.0
1753504079922,04:27:59.922,ADA/USDT:USDT,0.8243,1054.0,0.8242,14877.0,0.8244,23785.0,0.8245,104812.0
1753504080023,04:28:00.023,ADA/USDT:USDT,0.8243,1054.0,0.8242,14877.0,0.8244,23785.0,0.8245,104812.0
1753504080122,04:28:00.122,ADA/USDT:USDT,0.8243,46.0,0.8242,14877.0,0.8244,24896.0,0.8245,104812.0
1753504080222,04:28:00.222,ADA/USDT:USDT,0.8243,46.0,0.8242,14877.0,0.8244,24896.0,0.8245,111013.0
1753504080324,04:28:00.324,ADA/USDT:USDT,0.8243,46.0,0.8242,14942.0,0.8244,24896.0,0.8245,119696.0
1753504080424,04:28:00.424,ADA/USDT:USDT,0.8243,46.0,0.8242,14942.0,0.8244,24896.0,0.8245,111013.0
1753504080522,04:28:00.522,ADA/USDT:USDT,0.8243,41.0,0.8242,14942.0,0.8244,24891.0,0.8245,111013.0
1753504080622,04:28:00.622,ADA/USDT:USDT,0.8243,41.0,0.8242,14942.0,0.8244,24943.0,0.8245,111013.0
1753504080723,04:28:00.723,ADA/USDT:USDT,0.8243,41.0,0.8242,14942.0,0.8244,24943.0,0.8245,111013.0
1753504080822,04:28:00.822,ADA/USDT:USDT,0.8243,41.0,0.8242,17425.0,0.8244,22721.0,0.8245,109902.0
1753504080922,04:28:00.922,ADA/USDT:USDT,0.8243,41.0,0.8242,17425.0,0.8244,22721.0,0.8245,109902.0
1753504081023,04:28:01.023,ADA/USDT:USDT,0.8243,41.0,0.8242,17425.0,0.8244,22721.0,0.8245,109902.0
1753504081123,04:28:01.123,ADA/USDT:USDT,0.8243,12683.0,0.8242,115327.0,0.8244,7489.0,0.8245,60958.0
1753504081223,04:28:01.223,ADA/USDT:USDT,0.8243,12683.0,0.8242,122750.0,0.8244,3368.0,0.8245,92752.0
1753504081322,04:28:01.322,ADA/USDT:USDT,0.8243,12683.0,0.8242,114457.0,0.8244,4032.0,0.8245,92752.0
1753504081423,04:28:01.423,ADA/USDT:USDT,0.8243,12683.0,0.8242,114482.0,0.8244,4032.0,0.8245,92752.0
1753504081522,04:28:01.522,ADA/USDT:USDT,0.8243,12683.0,0.8242,113346.0,0.8244,4432.0,0.8245,92752.0
