timestamp,time,symbol,bid1_price,bid1_volume,bid2_price,bid2_volume,ask1_price,ask1_volume,ask2_price,ask2_volume
1753504004335,04:26:44.335,AAVE/USDT:USDT,297.03,39.0,297.0,925.0,297.05,43.0,297.06,100.0
1753504005336,04:26:45.336,AAVE/USDT:USDT,297.03,223.0,297.02,464.0,297.05,22.0,297.06,98.0
1753504006339,04:26:46.339,AAVE/USDT:USDT,297.03,75.0,297.01,211.0,297.05,22.0,297.06,325.0
1753504007339,04:26:47.339,AAVE/USDT:USDT,297.03,217.0,297.0,471.0,297.05,15.0,297.06,98.0
1753504007841,04:26:47.841,AAVE/USDT:USDT,297.03,64.0,297.0,729.0,297.05,27.0,297.06,98.0
1753504008842,04:26:48.842,AAVE/USDT:USDT,297.03,5.0,297.02,61.0,297.05,28.0,297.06,98.0
1753504009342,04:26:49.342,AAVE/USDT:USDT,297.02,65.0,297.0,1268.0,297.05,28.0,297.06,98.0
1753504009855,04:26:49.855,AAVE/USDT:USDT,297.02,68.0,297.0,1268.0,297.05,32.0,297.07,110.0
1753504010845,04:26:50.845,AAVE/USDT:USDT,297.09,233.0,297.05,785.0,297.1,1.0,297.11,42.0
1753504011360,04:26:51.360,AAVE/USDT:USDT,297.09,233.0,297.05,785.0,297.1,1.0,297.11,42.0
1753504011843,04:26:51.843,AAVE/USDT:USDT,297.09,208.0,297.07,485.0,297.1,1.0,297.11,42.0
1753504012352,04:26:52.352,AAVE/USDT:USDT,297.09,208.0,297.07,485.0,297.11,42.0,297.12,64.0
1753504013442,04:26:53.442,AAVE/USDT:USDT,297.12,6.0,297.1,5.0,297.14,81.0,297.16,168.0
1753504013843,04:26:53.843,AAVE/USDT:USDT,297.1,13.0,297.08,68.0,297.12,222.0,297.14,1137.0
1753504014354,04:26:54.354,AAVE/USDT:USDT,297.1,10.0,297.08,68.0,297.12,222.0,297.14,1137.0
1753504015357,04:26:55.357,AAVE/USDT:USDT,297.1,4.0,297.09,931.0,297.12,197.0,297.16,1130.0
1753504015845,04:26:55.845,AAVE/USDT:USDT,297.1,22.0,297.09,904.0,297.12,5.0,297.13,36.0
1753504016358,04:26:56.358,AAVE/USDT:USDT,297.1,22.0,297.09,904.0,297.13,37.0,297.15,1002.0
1753504017359,04:26:57.359,AAVE/USDT:USDT,297.11,56.0,297.1,3.0,297.13,1.0,297.14,20.0
1753504017944,04:26:57.944,AAVE/USDT:USDT,297.14,58.0,297.13,701.0,297.16,139.0,297.18,179.0
1753504018366,04:26:58.366,AAVE/USDT:USDT,297.14,58.0,297.13,701.0,297.16,139.0,297.18,179.0
1753504019413,04:26:59.413,AAVE/USDT:USDT,297.17,246.0,297.16,756.0,297.18,184.0,297.19,24.0
1753504019848,04:26:59.848,AAVE/USDT:USDT,297.17,248.0,297.16,756.0,297.18,179.0,297.19,24.0
1753504020846,04:27:00.846,AAVE/USDT:USDT,297.18,182.0,297.17,2.0,297.19,24.0,297.2,3.0
1753504021363,04:27:01.363,AAVE/USDT:USDT,297.18,185.0,297.16,373.0,297.19,24.0,297.2,3.0
1753504022365,04:27:02.365,AAVE/USDT:USDT,297.25,302.0,297.23,974.0,297.27,41.0,297.28,42.0
1753504022847,04:27:02.847,AAVE/USDT:USDT,297.25,256.0,297.22,548.0,297.27,83.0,297.28,42.0
1753504023365,04:27:03.365,AAVE/USDT:USDT,297.25,256.0,297.22,548.0,297.27,87.0,297.28,39.0
1753504024367,04:27:04.367,AAVE/USDT:USDT,297.25,322.0,297.24,825.0,297.27,88.0,297.28,39.0
1753504024849,04:27:04.849,AAVE/USDT:USDT,297.25,322.0,297.24,825.0,297.27,47.0,297.29,1359.0
1753504025369,04:27:05.369,AAVE/USDT:USDT,297.25,344.0,297.24,185.0,297.28,43.0,297.29,931.0
1753504025850,04:27:05.850,AAVE/USDT:USDT,297.25,283.0,297.24,772.0,297.27,44.0,297.28,1.0
1753504026850,04:27:06.850,AAVE/USDT:USDT,297.25,195.0,297.23,651.0,297.27,49.0,297.28,1268.0
1753504027369,04:27:07.369,AAVE/USDT:USDT,297.25,197.0,297.23,651.0,297.27,49.0,297.28,1268.0
1753504028372,04:27:08.372,AAVE/USDT:USDT,297.25,105.0,297.24,755.0,297.27,5.0,297.28,23.0
1753504028852,04:27:08.852,AAVE/USDT:USDT,297.25,79.0,297.22,260.0,297.27,50.0,297.29,1281.0
1753504029387,04:27:09.387,AAVE/USDT:USDT,297.25,76.0,297.22,260.0,297.27,50.0,297.29,1281.0
1753504029855,04:27:09.855,AAVE/USDT:USDT,297.25,77.0,297.22,260.0,297.27,50.0,297.29,1281.0
1753504030854,04:27:10.854,AAVE/USDT:USDT,297.25,119.0,297.23,575.0,297.27,28.0,297.29,900.0
1753504031376,04:27:11.376,AAVE/USDT:USDT,297.25,119.0,297.23,575.0,297.27,27.0,297.29,900.0
1753504031856,04:27:11.856,AAVE/USDT:USDT,297.25,229.0,297.22,323.0,297.27,24.0,297.29,407.0
1753504032381,04:27:12.381,AAVE/USDT:USDT,297.25,226.0,297.22,323.0,297.27,24.0,297.29,407.0
1753504033379,04:27:13.379,AAVE/USDT:USDT,297.25,178.0,297.22,1209.0,297.27,23.0,297.29,404.0
1753504033859,04:27:13.859,AAVE/USDT:USDT,297.25,1.0,297.24,228.0,297.27,23.0,297.29,140.0
1753504034380,04:27:14.380,AAVE/USDT:USDT,297.25,1.0,297.24,228.0,297.27,24.0,297.29,140.0
1753504034860,04:27:14.860,AAVE/USDT:USDT,297.24,229.0,297.19,1097.0,297.27,24.0,297.29,173.0
1753504035861,04:27:15.861,AAVE/USDT:USDT,297.24,225.0,297.2,1054.0,297.27,24.0,297.29,296.0
1753504036384,04:27:16.384,AAVE/USDT:USDT,297.24,229.0,297.2,1054.0,297.27,24.0,297.29,296.0
1753504036861,04:27:16.861,AAVE/USDT:USDT,297.25,229.0,297.24,522.0,297.27,2.0,297.28,22.0
1753504037385,04:27:17.385,AAVE/USDT:USDT,297.25,229.0,297.24,522.0,297.28,27.0,297.29,107.0
1753504037861,04:27:17.861,AAVE/USDT:USDT,297.24,266.0,297.19,251.0,297.27,40.0,297.28,5.0
1753504038862,04:27:18.862,AAVE/USDT:USDT,297.25,251.0,297.24,1300.0,297.28,24.0,297.29,107.0
1753504039388,04:27:19.388,AAVE/USDT:USDT,297.25,256.0,297.24,1295.0,297.28,23.0,297.29,107.0
1753504039876,04:27:19.876,AAVE/USDT:USDT,297.25,259.0,297.24,1295.0,297.28,24.0,297.3,486.0
1753504040863,04:27:20.863,AAVE/USDT:USDT,297.25,113.0,297.22,793.0,297.27,64.0,297.28,1.0
1753504041391,04:27:21.391,AAVE/USDT:USDT,297.25,3.0,297.23,110.0,297.26,113.0,297.27,1.0
1753504041863,04:27:21.863,AAVE/USDT:USDT,297.23,22.0,297.21,768.0,297.25,89.0,297.26,143.0
1753504042391,04:27:22.391,AAVE/USDT:USDT,297.23,22.0,297.21,768.0,297.25,94.0,297.26,143.0
1753504042867,04:27:22.867,AAVE/USDT:USDT,297.23,26.0,297.22,39.0,297.25,5.0,297.26,52.0
1753504043393,04:27:23.393,AAVE/USDT:USDT,297.23,29.0,297.22,39.0,297.25,5.0,297.26,52.0
1753504043866,04:27:23.866,AAVE/USDT:USDT,297.23,11.0,297.21,845.0,297.25,93.0,297.27,654.0
1753504044866,04:27:24.866,AAVE/USDT:USDT,297.23,10.0,297.21,845.0,297.25,93.0,297.27,654.0
1753504045396,04:27:25.396,AAVE/USDT:USDT,297.23,10.0,297.21,644.0,297.25,127.0,297.26,552.0
1753504045971,04:27:25.971,AAVE/USDT:USDT,297.23,10.0,297.2,100.0,297.24,251.0,297.25,125.0
1753504046457,04:27:26.457,AAVE/USDT:USDT,297.2,100.0,297.19,35.0,297.21,308.0,297.22,323.0
1753504047399,04:27:27.399,AAVE/USDT:USDT,297.19,35.0,297.18,3.0,297.2,335.0,297.23,287.0
1753504047877,04:27:27.877,AAVE/USDT:USDT,297.19,35.0,297.18,3.0,297.2,3.0,297.21,381.0
1753504048399,04:27:28.399,AAVE/USDT:USDT,297.19,35.0,297.18,5.0,297.21,383.0,297.26,991.0
1753504048869,04:27:28.869,AAVE/USDT:USDT,297.19,35.0,297.18,5.0,297.2,384.0,297.21,1026.0
1753504049872,04:27:29.872,AAVE/USDT:USDT,297.18,2.0,297.16,539.0,297.2,389.0,297.21,1024.0
1753504050402,04:27:30.402,AAVE/USDT:USDT,297.18,17.0,297.17,609.0,297.2,5.0,297.21,256.0
1753504050873,04:27:30.873,AAVE/USDT:USDT,297.18,11.0,297.17,322.0,297.2,5.0,297.21,370.0
1753504051403,04:27:31.403,AAVE/USDT:USDT,297.18,11.0,297.17,322.0,297.21,374.0,297.24,1042.0
1753504052405,04:27:32.405,AAVE/USDT:USDT,297.17,8.0,297.16,917.0,297.2,370.0,297.21,4.0
1753504052875,04:27:32.875,AAVE/USDT:USDT,297.18,5.0,297.17,3.0,297.2,370.0,297.21,4.0
1753504053406,04:27:33.406,AAVE/USDT:USDT,297.18,5.0,297.17,3.0,297.2,372.0,297.23,949.0
1753504053877,04:27:33.877,AAVE/USDT:USDT,297.18,6.0,297.17,456.0,297.2,325.0,297.23,1406.0
1753504054883,04:27:34.883,AAVE/USDT:USDT,297.18,8.0,297.17,453.0,297.2,324.0,297.23,1406.0
1753504055409,04:27:35.409,AAVE/USDT:USDT,297.18,6.0,297.16,889.0,297.2,325.0,297.21,1197.0
1753504055878,04:27:35.878,AAVE/USDT:USDT,297.18,16.0,297.16,212.0,297.2,278.0,297.21,1117.0
1753504056885,04:27:36.885,AAVE/USDT:USDT,297.18,31.0,297.16,123.0,297.2,5.0,297.21,148.0
1753504057413,04:27:37.413,AAVE/USDT:USDT,297.18,31.0,297.16,123.0,297.21,150.0,297.25,96.0
1753504057880,04:27:37.880,AAVE/USDT:USDT,297.18,26.0,297.16,30.0,297.2,147.0,297.21,2.0
1753504058414,04:27:38.414,AAVE/USDT:USDT,297.18,27.0,297.16,30.0,297.2,147.0,297.21,2.0
1753504058879,04:27:38.879,AAVE/USDT:USDT,297.18,27.0,297.16,954.0,297.2,272.0,297.21,868.0
1753504059881,04:27:39.881,AAVE/USDT:USDT,297.18,30.0,297.16,954.0,297.2,273.0,297.21,866.0
1753504060418,04:27:40.418,AAVE/USDT:USDT,297.18,32.0,297.16,985.0,297.2,273.0,297.21,280.0
1753504060881,04:27:40.881,AAVE/USDT:USDT,297.18,36.0,297.16,30.0,297.2,130.0,297.22,888.0
1753504061422,04:27:41.422,AAVE/USDT:USDT,297.18,39.0,297.16,30.0,297.2,130.0,297.22,888.0
1753504062422,04:27:42.422,AAVE/USDT:USDT,297.18,39.0,297.17,805.0,297.21,135.0,297.26,398.0
1753504062886,04:27:42.886,AAVE/USDT:USDT,297.18,35.0,297.16,468.0,297.2,130.0,297.21,808.0
1753504063423,04:27:43.423,AAVE/USDT:USDT,297.18,35.0,297.16,468.0,297.2,135.0,297.21,803.0
1753504063885,04:27:43.885,AAVE/USDT:USDT,297.18,33.0,297.17,1433.0,297.2,5.0,297.21,130.0
1753504064886,04:27:44.886,AAVE/USDT:USDT,297.18,31.0,297.17,1433.0,297.21,133.0,297.23,1019.0
1753504065427,04:27:45.427,AAVE/USDT:USDT,297.18,154.0,297.16,30.0,297.2,114.0,297.23,185.0
1753504065927,04:27:45.927,AAVE/USDT:USDT,297.22,64.0,297.19,809.0,297.24,37.0,297.26,42.0
1753504066746,04:27:46.746,AAVE/USDT:USDT,297.24,106.0,297.22,5.0,297.26,62.0,297.28,957.0
1753504066892,04:27:46.892,AAVE/USDT:USDT,297.24,125.0,297.22,5.0,297.26,64.0,297.28,1.0
1753504067889,04:27:47.889,AAVE/USDT:USDT,297.24,2.0,297.23,110.0,297.26,64.0,297.28,1.0
1753504068431,04:27:48.431,AAVE/USDT:USDT,297.24,2.0,297.23,110.0,297.26,69.0,297.28,1.0
1753504068889,04:27:48.889,AAVE/USDT:USDT,297.24,18.0,297.22,325.0,297.26,114.0,297.27,245.0
1753504069907,04:27:49.907,AAVE/USDT:USDT,297.24,22.0,297.22,325.0,297.26,115.0,297.27,245.0
1753504070435,04:27:50.435,AAVE/USDT:USDT,297.24,21.0,297.21,287.0,297.26,202.0,297.28,42.0
1753504071892,04:27:51.892,AAVE/USDT:USDT,297.19,22.0,297.18,114.0,297.21,327.0,297.23,209.0
1753504072665,04:27:52.665,AAVE/USDT:USDT,297.19,19.0,297.18,117.0,297.2,332.0,297.21,5.0
1753504073438,04:27:53.438,AAVE/USDT:USDT,297.18,55.0,297.17,1173.0,297.2,36.0,297.21,5.0
1753504073894,04:27:53.894,AAVE/USDT:USDT,297.18,55.0,297.15,640.0,297.2,191.0,297.21,5.0
1753504074441,04:27:54.441,AAVE/USDT:USDT,297.18,55.0,297.15,640.0,297.2,191.0,297.21,5.0
1753504075441,04:27:55.441,AAVE/USDT:USDT,297.18,51.0,297.15,474.0,297.2,210.0,297.22,981.0
1753504075894,04:27:55.894,AAVE/USDT:USDT,297.18,51.0,297.16,355.0,297.2,165.0,297.22,879.0
1753504076846,04:27:56.846,AAVE/USDT:USDT,297.16,2.0,297.15,182.0,297.18,39.0,297.19,699.0
1753504077435,04:27:57.435,AAVE/USDT:USDT,297.16,1.0,297.15,183.0,297.17,342.0,297.19,1255.0
1753504077897,04:27:57.897,AAVE/USDT:USDT,297.15,186.0,297.11,710.0,297.16,488.0,297.18,724.0
1753504078898,04:27:58.898,AAVE/USDT:USDT,297.1,58.0,297.09,58.0,297.11,184.0,297.13,563.0
1753504079445,04:27:59.445,AAVE/USDT:USDT,297.1,58.0,297.09,25.0,297.11,186.0,297.13,563.0
1753504079916,04:27:59.916,AAVE/USDT:USDT,297.1,58.0,297.09,28.0,297.11,189.0,297.13,563.0
1753504080900,04:28:00.900,AAVE/USDT:USDT,297.08,5.0,297.07,1.0,297.1,279.0,297.11,5.0
1753504081447,04:28:01.447,AAVE/USDT:USDT,297.08,24.0,297.05,1091.0,297.1,127.0,297.12,1183.0
1753504081951,04:28:01.951,AAVE/USDT:USDT,297.08,5.0,297.07,46.0,297.09,21.0,297.11,210.0
1753504082899,04:28:02.899,AAVE/USDT:USDT,297.08,5.0,297.07,19.0,297.09,161.0,297.11,574.0
1753504083451,04:28:03.451,AAVE/USDT:USDT,297.07,21.0,297.05,7.0,297.09,161.0,297.11,574.0
1753504083901,04:28:03.901,AAVE/USDT:USDT,297.07,21.0,297.05,7.0,297.09,161.0,297.11,74.0
1753504084451,04:28:04.451,AAVE/USDT:USDT,297.07,21.0,297.05,7.0,297.09,162.0,297.11,74.0
1753504085455,04:28:05.455,AAVE/USDT:USDT,297.07,6.0,297.05,7.0,297.09,297.0,297.11,431.0
1753504085953,04:28:05.953,AAVE/USDT:USDT,297.07,23.0,297.06,859.0,297.09,4.0,297.1,159.0
1753504086902,04:28:06.902,AAVE/USDT:USDT,297.07,23.0,297.05,7.0,297.09,188.0,297.11,81.0
1753504087457,04:28:07.457,AAVE/USDT:USDT,297.07,23.0,297.05,7.0,297.09,189.0,297.11,81.0
1753504087958,04:28:07.958,AAVE/USDT:USDT,297.07,41.0,297.06,208.0,297.09,5.0,297.1,302.0
1753504088458,04:28:08.458,AAVE/USDT:USDT,297.07,40.0,297.06,208.0,297.09,5.0,297.1,302.0
1753504088961,04:28:08.961,AAVE/USDT:USDT,297.07,55.0,297.05,7.0,297.09,167.0,297.12,208.0
1753504089959,04:28:09.959,AAVE/USDT:USDT,297.07,46.0,297.05,385.0,297.09,287.0,297.11,389.0
1753504090460,04:28:10.460,AAVE/USDT:USDT,297.07,46.0,297.05,385.0,297.09,286.0,297.11,389.0
1753504090961,04:28:10.961,AAVE/USDT:USDT,297.07,74.0,297.05,7.0,297.09,145.0,297.11,714.0
1753504091461,04:28:11.461,AAVE/USDT:USDT,297.07,73.0,297.05,7.0,297.09,145.0,297.11,714.0
1753504092461,04:28:12.461,AAVE/USDT:USDT,297.07,284.0,297.05,1915.0,297.09,173.0,297.11,82.0
1753504092964,04:28:12.964,AAVE/USDT:USDT,297.07,137.0,297.05,1951.0,297.09,266.0,297.1,393.0
1753504093465,04:28:13.465,AAVE/USDT:USDT,297.07,139.0,297.05,1951.0,297.09,266.0,297.1,393.0
1753504093964,04:28:13.964,AAVE/USDT:USDT,297.06,153.0,297.05,7.0,297.09,268.0,297.13,527.0
1753504094907,04:28:14.907,AAVE/USDT:USDT,297.06,151.0,297.05,7.0,297.09,266.0,297.13,527.0
1753504095466,04:28:15.466,AAVE/USDT:USDT,297.07,196.0,297.05,1195.0,297.09,266.0,297.1,615.0
1753504095966,04:28:15.966,AAVE/USDT:USDT,297.07,158.0,297.06,777.0,297.09,3.0,297.1,263.0
1753504096470,04:28:16.470,AAVE/USDT:USDT,297.07,158.0,297.06,777.0,297.09,3.0,297.1,263.0
1753504097468,04:28:17.468,AAVE/USDT:USDT,297.07,32.0,297.05,1020.0,297.09,278.0,297.1,517.0
1753504097968,04:28:17.968,AAVE/USDT:USDT,297.07,146.0,297.06,546.0,297.1,255.0,297.12,60.0
1753504098472,04:28:18.472,AAVE/USDT:USDT,297.07,146.0,297.06,546.0,297.1,256.0,297.12,60.0
1753504098970,04:28:18.970,AAVE/USDT:USDT,297.07,199.0,297.05,7.0,297.09,242.0,297.1,3.0
1753504099923,04:28:19.923,AAVE/USDT:USDT,297.07,201.0,297.04,262.0,297.09,243.0,297.1,3.0
1753504100472,04:28:20.472,AAVE/USDT:USDT,297.07,144.0,297.05,1394.0,297.09,258.0,297.11,601.0
1753504100972,04:28:20.972,AAVE/USDT:USDT,297.07,161.0,297.05,1146.0,297.09,235.0,297.1,798.0
1753504101975,04:28:21.975,AAVE/USDT:USDT,297.07,242.0,297.06,1886.0,297.09,6.0,297.1,230.0
1753504102476,04:28:22.476,AAVE/USDT:USDT,297.07,242.0,297.06,1886.0,297.09,1.0,297.1,235.0
1753504102976,04:28:22.976,AAVE/USDT:USDT,297.07,4.0,297.06,209.0,297.09,232.0,297.1,5.0
1753504103477,04:28:23.477,AAVE/USDT:USDT,297.07,4.0,297.06,209.0,297.09,233.0,297.11,28.0
1753504104479,04:28:24.479,AAVE/USDT:USDT,297.07,179.0,297.05,1748.0,297.09,233.0,297.1,209.0
1753504104980,04:28:24.980,AAVE/USDT:USDT,297.07,5.0,297.06,308.0,297.09,234.0,297.11,241.0
1753504105481,04:28:25.481,AAVE/USDT:USDT,297.07,5.0,297.06,308.0,297.09,234.0,297.11,241.0
1753504105982,04:28:25.982,AAVE/USDT:USDT,297.07,5.0,297.06,293.0,297.09,234.0,297.11,56.0
1753504106984,04:28:26.984,AAVE/USDT:USDT,297.07,191.0,297.04,1896.0,297.09,233.0,297.11,665.0
1753504107486,04:28:27.486,AAVE/USDT:USDT,297.07,192.0,297.04,1896.0,297.09,233.0,297.11,665.0
1753504107987,04:28:27.987,AAVE/USDT:USDT,297.07,164.0,297.05,631.0,297.09,237.0,297.1,127.0
1753504108489,04:28:28.489,AAVE/USDT:USDT,297.07,164.0,297.05,631.0,297.09,237.0,297.1,127.0
1753504109489,04:28:29.489,AAVE/USDT:USDT,297.07,133.0,297.05,291.0,297.09,238.0,297.11,462.0
1753504109990,04:28:29.990,AAVE/USDT:USDT,297.07,72.0,297.06,1240.0,297.09,3.0,297.1,311.0
1753504110491,04:28:30.491,AAVE/USDT:USDT,297.07,71.0,297.06,1240.0,297.09,3.0,297.1,311.0
1753504110992,04:28:30.992,AAVE/USDT:USDT,297.07,6.0,297.06,120.0,297.09,312.0,297.13,832.0
1753504111994,04:28:31.994,AAVE/USDT:USDT,297.07,166.0,297.06,3.0,297.09,312.0,297.11,676.0
1753504112499,04:28:32.499,AAVE/USDT:USDT,297.07,170.0,297.04,1006.0,297.09,312.0,297.11,676.0
1753504112996,04:28:32.996,AAVE/USDT:USDT,297.07,170.0,297.06,267.0,297.09,2.0,297.1,310.0
1753504113997,04:28:33.997,AAVE/USDT:USDT,297.13,117.0,297.11,918.0,297.16,169.0,297.17,89.0
1753504114500,04:28:34.500,AAVE/USDT:USDT,297.13,121.0,297.11,918.0,297.16,169.0,297.17,89.0
1753504114999,04:28:34.999,AAVE/USDT:USDT,297.13,151.0,297.11,322.0,297.15,21.0,297.16,172.0
1753504115500,04:28:35.500,AAVE/USDT:USDT,297.13,151.0,297.11,322.0,297.15,23.0,297.16,167.0
1753504115983,04:28:35.983,AAVE/USDT:USDT,297.13,286.0,297.11,612.0,297.15,2.0,297.16,168.0
1753504117002,04:28:37.002,AAVE/USDT:USDT,297.14,40.0,297.13,372.0,297.15,2.0,297.16,167.0
1753504117502,04:28:37.502,AAVE/USDT:USDT,297.14,40.0,297.13,372.0,297.15,2.0,297.16,167.0
1753504118003,04:28:38.003,AAVE/USDT:USDT,297.14,8.0,297.11,925.0,297.16,464.0,297.19,743.0
1753504119002,04:28:39.002,AAVE/USDT:USDT,297.14,4.0,297.13,5.0,297.16,435.0,297.2,979.0
1753504119504,04:28:39.504,AAVE/USDT:USDT,297.14,4.0,297.13,5.0,297.16,433.0,297.2,979.0
1753504120004,04:28:40.004,AAVE/USDT:USDT,297.17,152.0,297.15,191.0,297.2,393.0,297.21,692.0
1753504121007,04:28:41.007,AAVE/USDT:USDT,297.17,244.0,297.15,537.0,297.19,1.0,297.2,975.0
1753504121507,04:28:41.507,AAVE/USDT:USDT,297.17,243.0,297.15,537.0,297.19,1.0,297.2,975.0
1753504122010,04:28:42.010,AAVE/USDT:USDT,297.17,150.0,297.14,167.0,297.19,2.0,297.2,238.0
1753504122927,04:28:42.927,AAVE/USDT:USDT,297.17,196.0,297.16,547.0,297.19,6.0,297.2,238.0
1753504124010,04:28:44.010,AAVE/USDT:USDT,297.17,62.0,297.15,535.0,297.19,123.0,297.2,238.0
1753504124654,04:28:44.654,AAVE/USDT:USDT,297.14,53.0,297.13,856.0,297.16,230.0,297.19,4.0
1753504125514,04:28:45.514,AAVE/USDT:USDT,297.14,5.0,297.11,199.0,297.16,195.0,297.18,94.0
1753504126014,04:28:46.014,AAVE/USDT:USDT,297.14,5.0,297.12,857.0,297.16,175.0,297.17,1257.0
1753504126515,04:28:46.515,AAVE/USDT:USDT,297.14,5.0,297.12,857.0,297.16,175.0,297.17,1257.0
1753504127016,04:28:47.016,AAVE/USDT:USDT,297.14,5.0,297.13,257.0,297.16,152.0,297.2,311.0
1753504128017,04:28:48.017,AAVE/USDT:USDT,297.14,5.0,297.11,55.0,297.16,152.0,297.18,1015.0
1753504128519,04:28:48.519,AAVE/USDT:USDT,297.14,5.0,297.11,55.0,297.16,152.0,297.18,1015.0
1753504129019,04:28:49.019,AAVE/USDT:USDT,297.14,2.0,297.13,5.0,297.16,235.0,297.2,238.0
1753504129950,04:28:49.950,AAVE/USDT:USDT,297.13,14.0,297.12,685.0,297.16,240.0,297.21,357.0
1753504130521,04:28:50.521,AAVE/USDT:USDT,297.14,208.0,297.13,4.0,297.16,10.0,297.18,239.0
1753504131021,04:28:51.021,AAVE/USDT:USDT,297.14,195.0,297.13,848.0,297.16,10.0,297.19,830.0
1753504131521,04:28:51.521,AAVE/USDT:USDT,297.14,192.0,297.13,848.0,297.16,10.0,297.19,830.0
1753504132523,04:28:52.523,AAVE/USDT:USDT,297.14,265.0,297.13,4.0,297.16,10.0,297.17,88.0
1753504133024,04:28:53.024,AAVE/USDT:USDT,297.2,30.0,297.17,82.0,297.22,20.0,297.24,319.0
1753504133525,04:28:53.525,AAVE/USDT:USDT,297.2,30.0,297.17,82.0,297.22,25.0,297.24,319.0
1753504134025,04:28:54.025,AAVE/USDT:USDT,297.2,34.0,297.18,705.0,297.22,45.0,297.23,133.0
1753504134526,04:28:54.526,AAVE/USDT:USDT,297.2,36.0,297.18,705.0,297.22,45.0,297.23,133.0
1753504135026,04:28:55.026,AAVE/USDT:USDT,297.2,6.0,297.17,650.0,297.22,45.0,297.24,1457.0
1753504135527,04:28:55.527,AAVE/USDT:USDT,297.2,4.0,297.17,650.0,297.22,45.0,297.24,1457.0
1753504136029,04:28:56.029,AAVE/USDT:USDT,297.2,3.0,297.19,308.0,297.22,5.0,297.23,192.0
1753504137032,04:28:57.032,AAVE/USDT:USDT,297.2,3.0,297.18,681.0,297.23,184.0,297.25,114.0
1753504137530,04:28:57.530,AAVE/USDT:USDT,297.2,3.0,297.18,681.0,297.23,184.0,297.25,114.0
1753504138032,04:28:58.032,AAVE/USDT:USDT,297.2,2.0,297.18,1058.0,297.22,201.0,297.23,269.0
1753504138945,04:28:58.945,AAVE/USDT:USDT,297.2,7.0,297.19,582.0,297.22,200.0,297.26,1328.0
1753504139533,04:28:59.533,AAVE/USDT:USDT,297.2,7.0,297.19,582.0,297.22,196.0,297.26,1328.0
1753504140035,04:29:00.035,AAVE/USDT:USDT,297.2,8.0,297.18,1070.0,297.22,166.0,297.23,168.0
1753504140942,04:29:00.942,AAVE/USDT:USDT,297.2,5.0,297.19,10.0,297.22,65.0,297.23,60.0
1753504141541,04:29:01.541,AAVE/USDT:USDT,297.21,171.0,297.19,1108.0,297.22,62.0,297.23,2.0
1753504142040,04:29:02.040,AAVE/USDT:USDT,297.21,209.0,297.2,83.0,297.22,62.0,297.23,2.0
1753504142540,04:29:02.540,AAVE/USDT:USDT,297.21,209.0,297.2,83.0,297.22,62.0,297.23,2.0
1753504143040,04:29:03.040,AAVE/USDT:USDT,297.21,81.0,297.19,104.0,297.23,28.0,297.24,932.0
1753504144041,04:29:04.041,AAVE/USDT:USDT,297.23,97.0,297.21,496.0,297.25,28.0,297.26,866.0
