timestamp,time,symbol,bid1_price,bid1_volume,bid2_price,bid2_volume,ask1_price,ask1_volume,ask2_price,ask2_volume
1753503734100,04:22:14.100,ADA/USDT:USDT,0.8249,60.9,0.8248,406.3,0.825,347.9,0.8251,1100.3
1753503734200,04:22:14.200,ADA/USDT:USDT,0.8249,60.9,0.8248,406.7,0.825,347.9,0.8251,1100.3
1753503734300,04:22:14.300,ADA/USDT:USDT,0.8249,60.9,0.8248,404.9,0.825,347.9,0.8251,1100.3
1753503734400,04:22:14.400,ADA/USDT:USDT,0.8249,60.9,0.8248,404.9,0.825,347.3,0.8251,1100.3
1753503734600,04:22:14.600,ADA/USDT:USDT,0.8249,60.9,0.8248,404.9,0.825,286.7,0.8251,1100.3
1753503734700,04:22:14.700,ADA/USDT:USDT,0.8249,73.0,0.8248,404.9,0.825,286.7,0.8251,1100.3
1753503734800,04:22:14.800,ADA/USDT:USDT,0.8249,73.1,0.8248,404.9,0.825,347.3,0.8251,1100.3
1753503734900,04:22:14.900,ADA/USDT:USDT,0.8249,125.4,0.8248,405.3,0.825,279.3,0.8251,1100.0
1753503735000,04:22:15.000,ADA/USDT:USDT,0.8249,125.4,0.8248,405.3,0.825,279.3,0.8251,1100.0
1753503735100,04:22:15.100,ADA/USDT:USDT,0.8249,125.6,0.8248,404.9,0.825,279.3,0.8251,1100.0
1753503735200,04:22:15.200,ADA/USDT:USDT,0.8249,127.1,0.8248,404.9,0.825,282.3,0.8251,1100.3
1753503735300,04:22:15.300,ADA/USDT:USDT,0.8249,127.2,0.8248,405.3,0.825,288.8,0.8251,1100.3
1753503735400,04:22:15.400,ADA/USDT:USDT,0.8249,127.2,0.8248,405.3,0.825,282.2,0.8251,1100.0
1753503735500,04:22:15.500,ADA/USDT:USDT,0.8249,127.2,0.8248,405.3,0.825,288.7,0.8251,1100.3
1753503735600,04:22:15.600,ADA/USDT:USDT,0.8249,127.2,0.8248,405.3,0.825,288.7,0.8251,1100.3
1753503735800,04:22:15.800,ADA/USDT:USDT,0.8249,127.2,0.8248,405.3,0.825,284.5,0.8251,1100.3
1753503735900,04:22:15.900,ADA/USDT:USDT,0.8249,127.2,0.8248,405.3,0.825,288.7,0.8251,1100.3
1753503736100,04:22:16.100,ADA/USDT:USDT,0.8249,127.2,0.8248,405.3,0.825,288.7,0.8251,1100.3
1753503736200,04:22:16.200,ADA/USDT:USDT,0.8249,163.5,0.8248,405.3,0.825,282.2,0.8251,1100.0
1753503736300,04:22:16.300,ADA/USDT:USDT,0.8249,163.5,0.8248,405.3,0.825,282.2,0.8251,1100.0
1753503736400,04:22:16.400,ADA/USDT:USDT,0.8249,163.5,0.8248,406.5,0.825,257.1,0.8251,1100.0
1753503736500,04:22:16.500,ADA/USDT:USDT,0.8249,278.5,0.8248,406.5,0.825,282.4,0.8251,1100.0
1753503736600,04:22:16.600,ADA/USDT:USDT,0.8249,163.5,0.8248,406.5,0.825,288.6,0.8251,1100.0
1753503736700,04:22:16.700,ADA/USDT:USDT,0.8249,163.5,0.8248,406.5,0.825,288.6,0.8251,1100.0
1753503736800,04:22:16.800,ADA/USDT:USDT,0.8249,159.5,0.8248,406.5,0.825,217.7,0.8251,1100.0
1753503736900,04:22:16.900,ADA/USDT:USDT,0.8249,159.5,0.8248,406.5,0.825,217.7,0.8251,1100.0
1753503737000,04:22:17.000,ADA/USDT:USDT,0.8249,159.5,0.8248,406.5,0.825,213.8,0.8251,1100.0
1753503737100,04:22:17.100,ADA/USDT:USDT,0.8249,159.5,0.8248,406.5,0.825,213.8,0.8251,1100.0
1753503737200,04:22:17.200,ADA/USDT:USDT,0.8249,159.5,0.8248,406.5,0.825,217.7,0.8251,1100.0
1753503737300,04:22:17.300,ADA/USDT:USDT,0.8249,159.5,0.8248,406.5,0.825,246.5,0.8251,1100.3
1753503737400,04:22:17.400,ADA/USDT:USDT,0.8249,61.8,0.8248,152.9,0.825,307.7,0.8251,1100.3
1753503737500,04:22:17.500,ADA/USDT:USDT,0.8249,61.8,0.8248,151.7,0.825,422.7,0.8251,1100.3
1753503737600,04:22:17.600,ADA/USDT:USDT,0.8249,61.8,0.8248,151.7,0.825,422.7,0.8251,1100.3
1753503737700,04:22:17.700,ADA/USDT:USDT,0.8249,61.8,0.8248,151.7,0.825,422.7,0.8251,1100.3
1753503737800,04:22:17.800,ADA/USDT:USDT,0.8249,61.8,0.8248,219.9,0.825,422.1,0.8251,1100.3
1753503737900,04:22:17.900,ADA/USDT:USDT,0.8249,61.8,0.8248,286.9,0.825,361.5,0.8251,1100.3
1753503738100,04:22:18.100,ADA/USDT:USDT,0.8249,61.8,0.8248,284.5,0.825,361.5,0.8251,1100.3
1753503738200,04:22:18.200,ADA/USDT:USDT,0.8249,61.8,0.8248,284.5,0.825,361.5,0.8251,1100.3
1753503738300,04:22:18.300,ADA/USDT:USDT,0.8249,61.8,0.8248,284.5,0.825,362.5,0.8251,1100.3
1753503738400,04:22:18.400,ADA/USDT:USDT,0.8249,61.8,0.8248,284.5,0.825,362.8,0.8251,1100.3
1753503738500,04:22:18.500,ADA/USDT:USDT,0.8249,61.8,0.8248,284.5,0.825,362.8,0.8251,1100.3
1753503738600,04:22:18.600,ADA/USDT:USDT,0.8249,61.8,0.8248,284.9,0.825,362.5,0.8251,1100.3
1753503738700,04:22:18.700,ADA/USDT:USDT,0.8249,61.9,0.8248,190.0,0.825,423.1,0.8251,1100.3
1753503738800,04:22:18.800,ADA/USDT:USDT,0.8249,61.9,0.8248,190.0,0.825,419.2,0.8251,1100.0
1753503738900,04:22:18.900,ADA/USDT:USDT,0.8249,219.3,0.8248,393.6,0.825,212.5,0.8251,1100.0
1753503739000,04:22:19.000,ADA/USDT:USDT,0.8249,215.4,0.8248,393.6,0.825,212.5,0.8251,1100.0
1753503739100,04:22:19.100,ADA/USDT:USDT,0.8249,213.1,0.8248,394.8,0.825,212.5,0.8251,1100.0
1753503739200,04:22:19.200,ADA/USDT:USDT,0.8249,213.1,0.8248,394.8,0.825,212.5,0.8251,1100.0
1753503739300,04:22:19.300,ADA/USDT:USDT,0.8249,233.2,0.8248,407.1,0.825,213.9,0.8251,1100.0
1753503739400,04:22:19.400,ADA/USDT:USDT,0.8249,240.6,0.8248,407.1,0.825,214.0,0.8251,1100.0
1753503739500,04:22:19.500,ADA/USDT:USDT,0.8249,355.6,0.8248,407.1,0.825,214.0,0.8251,1021.5
1753503739600,04:22:19.600,ADA/USDT:USDT,0.8249,353.3,0.8248,407.1,0.825,247.8,0.8251,1021.5
1753503739700,04:22:19.700,ADA/USDT:USDT,0.8249,453.8,0.8248,410.3,0.825,123.0,0.8251,776.3
1753503739800,04:22:19.800,ADA/USDT:USDT,0.8249,456.2,0.8248,410.3,0.825,123.0,0.8251,776.3
1753503739900,04:22:19.900,ADA/USDT:USDT,0.8249,353.8,0.8248,410.0,0.825,183.9,0.8251,1021.8
1753503740000,04:22:20.000,ADA/USDT:USDT,0.8249,273.6,0.8248,410.0,0.825,226.9,0.8251,1021.8
1753503740100,04:22:20.100,ADA/USDT:USDT,0.8249,275.2,0.8248,410.4,0.825,226.9,0.8251,1021.8
1753503740200,04:22:20.200,ADA/USDT:USDT,0.8249,273.8,0.8248,410.4,0.825,224.8,0.8251,1021.8
1753503740300,04:22:20.300,ADA/USDT:USDT,0.8249,279.6,0.8248,410.4,0.825,224.8,0.8251,1021.8
1753503740400,04:22:20.400,ADA/USDT:USDT,0.8249,279.6,0.8248,410.4,0.825,187.8,0.8251,1015.9
1753503740500,04:22:20.500,ADA/USDT:USDT,0.8249,273.8,0.8248,410.4,0.825,188.0,0.8251,1015.9
1753503740600,04:22:20.600,ADA/USDT:USDT,0.8249,279.7,0.8248,410.4,0.825,188.0,0.8251,1015.9
1753503740700,04:22:20.700,ADA/USDT:USDT,0.8249,282.1,0.8248,410.4,0.825,188.0,0.8251,1015.9
1753503740800,04:22:20.800,ADA/USDT:USDT,0.8249,282.1,0.8248,410.7,0.825,188.0,0.8251,1015.9
1753503740900,04:22:20.900,ADA/USDT:USDT,0.8249,282.1,0.8248,410.7,0.825,188.0,0.8251,1015.9
1753503741000,04:22:21.000,ADA/USDT:USDT,0.8249,282.1,0.8248,410.4,0.825,188.0,0.8251,1015.9
1753503741100,04:22:21.100,ADA/USDT:USDT,0.8249,282.1,0.8248,410.7,0.825,188.0,0.8251,1015.9
1753503741200,04:22:21.200,ADA/USDT:USDT,0.8249,282.1,0.8248,410.7,0.825,188.0,0.8251,1015.9
1753503741300,04:22:21.300,ADA/USDT:USDT,0.8249,282.1,0.8248,410.4,0.825,193.2,0.8251,1015.9
1753503741400,04:22:21.400,ADA/USDT:USDT,0.8249,282.2,0.8248,410.4,0.825,194.4,0.8251,1015.9
1753503741500,04:22:21.500,ADA/USDT:USDT,0.8249,282.2,0.8248,410.4,0.825,194.4,0.8251,1015.9
1753503741600,04:22:21.600,ADA/USDT:USDT,0.8249,282.2,0.8248,410.4,0.825,166.3,0.8251,1015.9
1753503741800,04:22:21.800,ADA/USDT:USDT,0.8249,280.0,0.8248,410.4,0.825,174.3,0.8251,1015.9
1753503741900,04:22:21.900,ADA/USDT:USDT,0.8249,276.4,0.8248,410.4,0.825,174.3,0.8251,1015.9
1753503742000,04:22:22.000,ADA/USDT:USDT,0.8249,276.4,0.8248,410.4,0.825,174.3,0.8251,1016.2
1753503742100,04:22:22.100,ADA/USDT:USDT,0.8249,276.4,0.8248,410.4,0.825,174.3,0.8251,1015.9
1753503742200,04:22:22.200,ADA/USDT:USDT,0.8249,280.0,0.8248,410.4,0.825,174.3,0.8251,1015.9
1753503742300,04:22:22.300,ADA/USDT:USDT,0.8249,282.2,0.8248,410.4,0.825,174.3,0.8251,1015.9
1753503742500,04:22:22.500,ADA/USDT:USDT,0.8249,282.2,0.8248,410.4,0.825,166.3,0.8251,1015.9
1753503742600,04:22:22.600,ADA/USDT:USDT,0.8249,276.4,0.8248,410.4,0.825,175.0,0.8251,1015.9
1753503742700,04:22:22.700,ADA/USDT:USDT,0.8249,276.4,0.8248,410.4,0.825,175.0,0.8251,1015.9
1753503742800,04:22:22.800,ADA/USDT:USDT,0.8249,283.2,0.8248,410.3,0.825,134.0,0.8251,1015.9
1753503742900,04:22:22.900,ADA/USDT:USDT,0.8249,283.2,0.8248,435.7,0.825,142.0,0.8251,1015.9
1753503743000,04:22:23.000,ADA/USDT:USDT,0.8249,283.6,0.8248,435.7,0.825,134.0,0.8251,1015.9
1753503743100,04:22:23.100,ADA/USDT:USDT,0.8249,283.6,0.8248,435.7,0.825,134.0,0.8251,985.6
1753503743200,04:22:23.200,ADA/USDT:USDT,0.8249,283.6,0.8248,435.7,0.825,134.0,0.8251,1015.9
1753503743300,04:22:23.300,ADA/USDT:USDT,0.8249,343.8,0.8248,435.7,0.825,133.5,0.8251,1015.9
1753503743400,04:22:23.400,ADA/USDT:USDT,0.8249,343.8,0.8248,435.7,0.825,133.7,0.8251,1015.9
1753503743500,04:22:23.500,ADA/USDT:USDT,0.8249,343.8,0.8248,436.1,0.825,133.7,0.8251,1015.9
1753503743600,04:22:23.600,ADA/USDT:USDT,0.8249,343.8,0.8248,435.7,0.825,133.7,0.8251,1015.9
1753503743700,04:22:23.700,ADA/USDT:USDT,0.8249,343.8,0.8248,435.7,0.825,133.7,0.8251,1015.9
1753503743800,04:22:23.800,ADA/USDT:USDT,0.8249,343.8,0.8248,435.8,0.825,133.7,0.8251,1015.9
1753503743900,04:22:23.900,ADA/USDT:USDT,0.8249,343.8,0.8248,435.8,0.825,133.7,0.8251,1015.9
1753503744000,04:22:24.000,ADA/USDT:USDT,0.8249,340.2,0.8248,435.8,0.825,133.7,0.8251,1015.9
1753503744100,04:22:24.100,ADA/USDT:USDT,0.8249,343.8,0.8248,437.2,0.825,133.7,0.8251,1015.9
1753503744200,04:22:24.200,ADA/USDT:USDT,0.8249,340.2,0.8248,435.5,0.825,133.9,0.8251,1015.9
1753503744300,04:22:24.300,ADA/USDT:USDT,0.8249,340.2,0.8248,435.5,0.825,133.9,0.8251,1015.9
1753503744400,04:22:24.400,ADA/USDT:USDT,0.8249,340.2,0.8248,435.5,0.825,133.9,0.8251,1015.9
1753503744600,04:22:24.600,ADA/USDT:USDT,0.8249,340.2,0.8248,435.5,0.825,102.3,0.8251,1015.9
1753503744700,04:22:24.700,ADA/USDT:USDT,0.8249,343.9,0.8248,435.5,0.825,133.8,0.8251,1015.9
1753503744800,04:22:24.800,ADA/USDT:USDT,0.8249,343.9,0.8248,436.9,0.825,133.8,0.8251,1015.9
1753503744900,04:22:24.900,ADA/USDT:USDT,0.8249,344.0,0.8248,436.9,0.825,133.8,0.8251,1015.9
1753503745000,04:22:25.000,ADA/USDT:USDT,0.8249,338.9,0.8248,436.9,0.825,132.9,0.8251,1015.9
1753503745100,04:22:25.100,ADA/USDT:USDT,0.8249,338.9,0.8248,437.2,0.825,132.9,0.8251,1015.9
1753503745200,04:22:25.200,ADA/USDT:USDT,0.8249,342.2,0.8248,437.2,0.825,132.6,0.8251,1015.9
1753503745300,04:22:25.300,ADA/USDT:USDT,0.8249,343.9,0.8248,463.3,0.825,132.6,0.8251,1015.9
1753503745400,04:22:25.400,ADA/USDT:USDT,0.8249,340.8,0.8248,463.3,0.825,132.9,0.8251,1015.9
1753503745500,04:22:25.500,ADA/USDT:USDT,0.8249,338.5,0.8248,463.0,0.825,133.1,0.8251,1015.9
1753503745600,04:22:25.600,ADA/USDT:USDT,0.8249,338.5,0.8248,463.0,0.825,133.1,0.8251,1015.9
1753503745700,04:22:25.700,ADA/USDT:USDT,0.8249,274.5,0.8248,463.0,0.825,199.8,0.8251,1016.2
1753503745800,04:22:25.800,ADA/USDT:USDT,0.8249,231.7,0.8248,459.4,0.825,200.0,0.8251,1016.2
1753503745900,04:22:25.900,ADA/USDT:USDT,0.8249,231.7,0.8248,407.9,0.825,225.1,0.8251,1015.9
1753503746000,04:22:26.000,ADA/USDT:USDT,0.8249,231.7,0.8248,407.9,0.825,194.8,0.8251,1015.9
1753503746200,04:22:26.200,ADA/USDT:USDT,0.8249,231.7,0.8248,407.9,0.825,194.8,0.8251,1015.9
1753503746300,04:22:26.300,ADA/USDT:USDT,0.8249,231.7,0.8248,407.9,0.825,194.8,0.8251,1015.9
1753503746400,04:22:26.400,ADA/USDT:USDT,0.8249,346.3,0.8248,407.9,0.825,312.9,0.8251,1015.9
1753503746500,04:22:26.500,ADA/USDT:USDT,0.8249,222.8,0.8248,407.9,0.825,314.7,0.8251,1016.2
1753503746600,04:22:26.600,ADA/USDT:USDT,0.8249,222.9,0.8248,408.3,0.825,309.8,0.8251,1015.9
1753503746700,04:22:26.700,ADA/USDT:USDT,0.8249,222.9,0.8248,408.3,0.825,309.8,0.8251,1015.9
1753503746800,04:22:26.800,ADA/USDT:USDT,0.8249,222.9,0.8248,408.3,0.825,314.7,0.8251,1016.2
1753503746900,04:22:26.900,ADA/USDT:USDT,0.8249,89.7,0.8248,309.2,0.825,376.4,0.8251,1016.2
1753503747000,04:22:27.000,ADA/USDT:USDT,0.8249,69.7,0.8248,223.1,0.825,376.4,0.8251,1016.2
1753503747100,04:22:27.100,ADA/USDT:USDT,0.8249,68.5,0.8248,221.9,0.825,376.9,0.8251,1016.2
1753503747200,04:22:27.200,ADA/USDT:USDT,0.8249,68.5,0.8248,222.3,0.825,376.9,0.8251,1016.2
1753503747300,04:22:27.300,ADA/USDT:USDT,0.8249,77.2,0.8248,222.3,0.825,376.9,0.8251,1016.2
1753503747400,04:22:27.400,ADA/USDT:USDT,0.8249,77.3,0.8248,405.9,0.825,376.6,0.8251,1016.2
1753503747500,04:22:27.500,ADA/USDT:USDT,0.8249,109.6,0.8248,405.9,0.825,310.3,0.8251,1015.9
1753503747600,04:22:27.600,ADA/USDT:USDT,0.8249,109.6,0.8248,405.9,0.825,315.5,0.8251,1016.2
1753503747700,04:22:27.700,ADA/USDT:USDT,0.8249,109.6,0.8248,405.9,0.825,315.5,0.8251,1016.2
1753503747800,04:22:27.800,ADA/USDT:USDT,0.8249,109.6,0.8248,405.9,0.825,315.6,0.8251,1016.2
1753503747900,04:22:27.900,ADA/USDT:USDT,0.8249,109.6,0.8248,405.9,0.825,315.6,0.8251,1016.2
1753503748100,04:22:28.100,ADA/USDT:USDT,0.8249,109.6,0.8248,405.9,0.825,315.6,0.8251,1016.2
1753503748200,04:22:28.200,ADA/USDT:USDT,0.8249,95.0,0.8248,405.5,0.825,315.6,0.8251,1016.2
1753503748300,04:22:28.300,ADA/USDT:USDT,0.8249,77.4,0.8248,405.5,0.825,377.0,0.8251,1016.2
1753503748400,04:22:28.400,ADA/USDT:USDT,0.8249,77.4,0.8248,405.5,0.825,376.8,0.8251,1016.2
1753503748500,04:22:28.500,ADA/USDT:USDT,0.8249,77.4,0.8248,405.5,0.825,377.1,0.8251,1016.2
1753503748600,04:22:28.600,ADA/USDT:USDT,0.8249,78.1,0.8248,405.5,0.825,374.0,0.8251,1016.2
1753503748700,04:22:28.700,ADA/USDT:USDT,0.8249,78.1,0.8248,405.5,0.825,374.0,0.8251,1016.2
1753503748800,04:22:28.800,ADA/USDT:USDT,0.8249,78.1,0.8248,405.5,0.825,377.1,0.8251,1016.2
1753503748900,04:22:28.900,ADA/USDT:USDT,0.8249,78.0,0.8248,405.5,0.825,373.7,0.8251,1016.2
1753503749000,04:22:29.000,ADA/USDT:USDT,0.8249,78.0,0.8248,405.5,0.825,377.1,0.8251,1016.2
1753503749100,04:22:29.100,ADA/USDT:USDT,0.8249,78.0,0.8248,405.5,0.825,372.8,0.8251,1016.2
1753503749200,04:22:29.200,ADA/USDT:USDT,0.8249,78.6,0.8248,405.5,0.825,372.8,0.8251,1016.2
1753503749300,04:22:29.300,ADA/USDT:USDT,0.8249,78.6,0.8248,405.5,0.825,373.1,0.8251,1016.2
1753503749400,04:22:29.400,ADA/USDT:USDT,0.8249,69.9,0.8248,405.5,0.825,376.9,0.8251,1016.2
1753503749500,04:22:29.500,ADA/USDT:USDT,0.8249,69.8,0.8248,405.5,0.825,376.9,0.8251,1016.2
1753503749600,04:22:29.600,ADA/USDT:USDT,0.8249,69.8,0.8248,405.5,0.825,376.9,0.8251,1016.2
1753503749700,04:22:29.700,ADA/USDT:USDT,0.8249,78.5,0.8248,405.5,0.825,370.9,0.8251,1016.2
1753503749800,04:22:29.800,ADA/USDT:USDT,0.8249,69.8,0.8248,405.5,0.825,372.6,0.8251,1016.2
1753503749900,04:22:29.900,ADA/USDT:USDT,0.8249,102.1,0.8248,405.5,0.825,376.7,0.8251,1016.2
1753503750000,04:22:30.000,ADA/USDT:USDT,0.8249,16.7,0.8248,70.7,0.825,375.1,0.8251,1029.4
1753503750100,04:22:30.100,ADA/USDT:USDT,0.8249,16.5,0.8248,72.2,0.825,376.5,0.8251,1029.4
1753503750200,04:22:30.200,ADA/USDT:USDT,0.8249,16.5,0.8248,72.2,0.825,376.5,0.8251,1032.0
1753503750300,04:22:30.300,ADA/USDT:USDT,0.8249,16.5,0.8248,118.8,0.825,376.9,0.8251,1038.0
1753503750400,04:22:30.400,ADA/USDT:USDT,0.8249,16.5,0.8248,233.8,0.825,375.2,0.8251,1038.0
1753503750500,04:22:30.500,ADA/USDT:USDT,0.8249,18.1,0.8248,233.8,0.825,375.2,0.8251,1038.0
1753503750600,04:22:30.600,ADA/USDT:USDT,0.8249,18.2,0.8248,233.8,0.825,375.2,0.8251,1038.0
1753503750800,04:22:30.800,ADA/USDT:USDT,0.8249,17.4,0.8248,233.8,0.825,375.2,0.8251,1038.0
1753503750900,04:22:30.900,ADA/USDT:USDT,0.8249,17.4,0.8248,118.8,0.825,379.3,0.8251,1059.0
1753503751000,04:22:31.000,ADA/USDT:USDT,0.8249,17.4,0.8248,88.0,0.825,380.4,0.8251,1063.8
1753503751100,04:22:31.100,ADA/USDT:USDT,0.8249,17.4,0.8248,88.0,0.825,380.4,0.8251,1063.8
1753503751200,04:22:31.200,ADA/USDT:USDT,0.8249,17.4,0.8248,88.0,0.825,378.7,0.8251,1063.8
1753503751300,04:22:31.300,ADA/USDT:USDT,0.8249,17.5,0.8248,88.0,0.825,378.7,0.8251,1063.8
1753503751400,04:22:31.400,ADA/USDT:USDT,0.8249,17.5,0.8248,188.0,0.825,378.7,0.8251,1063.8
1753503751500,04:22:31.500,ADA/USDT:USDT,0.8249,17.5,0.8248,188.0,0.825,380.7,0.8251,1063.8
1753503751600,04:22:31.600,ADA/USDT:USDT,0.8249,17.4,0.8248,226.7,0.825,383.6,0.8251,1063.8
1753503751700,04:22:31.700,ADA/USDT:USDT,0.8249,17.4,0.8248,226.7,0.825,383.6,0.8251,1063.8
1753503751800,04:22:31.800,ADA/USDT:USDT,0.8249,17.4,0.8248,226.7,0.825,380.8,0.8251,1065.2
1753503751900,04:22:31.900,ADA/USDT:USDT,0.8249,17.4,0.8248,226.7,0.825,383.3,0.8251,1065.2
1753503752000,04:22:32.000,ADA/USDT:USDT,0.8249,17.4,0.8248,226.7,0.825,383.3,0.8251,1065.2
1753503752100,04:22:32.100,ADA/USDT:USDT,0.8249,17.4,0.8248,226.7,0.825,383.3,0.8251,1065.2
1753503752300,04:22:32.300,ADA/USDT:USDT,0.8249,17.4,0.8248,226.7,0.825,383.3,0.8251,1065.2
1753503752400,04:22:32.400,ADA/USDT:USDT,0.8249,17.4,0.8248,226.7,0.825,383.3,0.8251,1065.2
1753503752600,04:22:32.600,ADA/USDT:USDT,0.8249,17.4,0.8248,226.7,0.825,383.3,0.8251,1065.2
1753503752700,04:22:32.700,ADA/USDT:USDT,0.8249,17.4,0.8248,226.7,0.825,383.3,0.8251,1065.2
1753503752800,04:22:32.800,ADA/USDT:USDT,0.8249,17.4,0.8248,126.7,0.825,383.3,0.8251,1065.2
1753503752900,04:22:32.900,ADA/USDT:USDT,0.8249,17.4,0.8248,126.7,0.825,385.1,0.8251,1065.2
1753503753000,04:22:33.000,ADA/USDT:USDT,0.8249,17.4,0.8248,126.7,0.825,385.1,0.8251,1070.0
1753503753100,04:22:33.100,ADA/USDT:USDT,0.8249,17.4,0.8248,126.7,0.825,385.1,0.8251,1070.0
1753503753200,04:22:33.200,ADA/USDT:USDT,0.8249,17.4,0.8248,126.7,0.825,383.3,0.8251,1070.0
1753503753300,04:22:33.300,ADA/USDT:USDT,0.8249,17.4,0.8248,241.7,0.825,385.7,0.8251,1074.8
1753503753600,04:22:33.600,ADA/USDT:USDT,0.8249,17.4,0.8248,241.7,0.825,385.7,0.8251,1074.8
1753503753700,04:22:33.700,ADA/USDT:USDT,0.8249,17.4,0.8248,241.7,0.825,388.2,0.8251,1074.8
1753503753900,04:22:33.900,ADA/USDT:USDT,0.8249,17.4,0.8248,126.7,0.825,388.2,0.8251,1079.6
1753503754000,04:22:34.000,ADA/USDT:USDT,0.8249,17.4,0.8248,126.7,0.825,388.2,0.8251,1079.6
1753503754100,04:22:34.100,ADA/USDT:USDT,0.8249,17.4,0.8248,126.7,0.825,388.2,0.8251,1079.6
1753503754200,04:22:34.200,ADA/USDT:USDT,0.8249,17.4,0.8248,126.7,0.825,388.2,0.8251,1079.6
1753503754300,04:22:34.300,ADA/USDT:USDT,0.8249,17.4,0.8248,241.7,0.825,385.7,0.8251,1079.6
1753503754400,04:22:34.400,ADA/USDT:USDT,0.8249,17.4,0.8248,241.7,0.825,385.7,0.8251,1079.6
1753503754500,04:22:34.500,ADA/USDT:USDT,0.8249,17.4,0.8248,241.7,0.825,385.7,0.8251,1079.6
1753503754600,04:22:34.600,ADA/USDT:USDT,0.8249,17.4,0.8248,241.7,0.825,385.7,0.8251,1079.6
1753503754700,04:22:34.700,ADA/USDT:USDT,0.8249,17.5,0.8248,126.7,0.825,385.7,0.8251,1079.6
1753503754800,04:22:34.800,ADA/USDT:USDT,0.8249,15.9,0.8248,126.7,0.825,384.1,0.8251,1079.6
1753503754900,04:22:34.900,ADA/USDT:USDT,0.8249,15.8,0.8248,126.7,0.825,386.5,0.8251,1079.6
1753503755000,04:22:35.000,ADA/USDT:USDT,0.8249,15.8,0.8248,126.7,0.825,386.5,0.8251,1079.6
1753503755100,04:22:35.100,ADA/USDT:USDT,0.8249,15.8,0.8248,126.7,0.825,383.8,0.8251,1089.2
1753503755200,04:22:35.200,ADA/USDT:USDT,0.8249,17.2,0.8248,126.7,0.825,385.5,0.8251,1089.2
1753503755300,04:22:35.300,ADA/USDT:USDT,0.8249,17.3,0.8248,241.7,0.825,385.8,0.8251,1089.2
1753503755400,04:22:35.400,ADA/USDT:USDT,0.8249,17.3,0.8248,241.7,0.825,388.0,0.8251,1089.2
1753503755500,04:22:35.500,ADA/USDT:USDT,0.8249,17.2,0.8248,241.7,0.825,386.3,0.8251,1089.2
1753503755600,04:22:35.600,ADA/USDT:USDT,0.8249,17.2,0.8248,241.7,0.825,384.1,0.8251,1089.2
1753503755700,04:22:35.700,ADA/USDT:USDT,0.8249,49.5,0.8248,388.1,0.825,319.1,0.8251,1056.3
1753503755800,04:22:35.800,ADA/USDT:USDT,0.8249,51.7,0.8248,388.1,0.825,318.0,0.8251,1056.3
1753503755900,04:22:35.900,ADA/USDT:USDT,0.8249,49.5,0.8248,438.4,0.825,318.0,0.8251,1056.3
1753503756000,04:22:36.000,ADA/USDT:USDT,0.8249,49.5,0.8248,438.4,0.825,318.0,0.8251,1051.5
1753503756100,04:22:36.100,ADA/USDT:USDT,0.8249,49.5,0.8248,438.4,0.825,318.0,0.8251,1053.7
1753503756200,04:22:36.200,ADA/USDT:USDT,0.8249,49.5,0.8248,438.4,0.825,318.0,0.8251,1053.7
1753503756300,04:22:36.300,ADA/USDT:USDT,0.8249,68.8,0.8248,505.5,0.825,314.4,0.8251,1049.1
1753503756400,04:22:36.400,ADA/USDT:USDT,0.8249,68.8,0.8248,505.5,0.825,314.4,0.8251,1049.1
1753503756500,04:22:36.500,ADA/USDT:USDT,0.8249,144.6,0.8248,505.5,0.825,314.4,0.8251,1045.5
1753503756600,04:22:36.600,ADA/USDT:USDT,0.8249,146.0,0.8248,505.5,0.825,314.4,0.8251,1045.5
1753503756700,04:22:36.700,ADA/USDT:USDT,0.8249,148.2,0.8248,505.5,0.825,314.4,0.8251,1045.5
1753503756800,04:22:36.800,ADA/USDT:USDT,0.8249,148.1,0.8248,505.5,0.825,314.4,0.8251,1045.5
1753503756900,04:22:36.900,ADA/USDT:USDT,0.8249,148.1,0.8248,505.5,0.825,267.0,0.8251,1045.5
1753503757000,04:22:37.000,ADA/USDT:USDT,0.8249,148.1,0.8248,505.5,0.825,266.9,0.8251,1045.5
1753503757100,04:22:37.100,ADA/USDT:USDT,0.8249,148.1,0.8248,505.5,0.825,266.9,0.8251,1045.5
1753503757300,04:22:37.300,ADA/USDT:USDT,0.8249,147.9,0.8248,503.3,0.825,278.4,0.8251,1018.5
1753503757400,04:22:37.400,ADA/USDT:USDT,0.8249,144.7,0.8248,503.3,0.825,278.4,0.8251,1018.5
1753503757500,04:22:37.500,ADA/USDT:USDT,0.8249,144.7,0.8248,503.3,0.825,278.0,0.8251,1018.8
1753503757600,04:22:37.600,ADA/USDT:USDT,0.8249,144.6,0.8248,503.3,0.825,277.7,0.8251,1018.5
1753503757800,04:22:37.800,ADA/USDT:USDT,0.8249,144.6,0.8248,503.3,0.825,304.2,0.8251,1018.8
1753503757900,04:22:37.900,ADA/USDT:USDT,0.8249,146.6,0.8248,503.3,0.825,304.2,0.8251,1018.5
1753503758000,04:22:38.000,ADA/USDT:USDT,0.8249,144.6,0.8248,503.3,0.825,304.2,0.8251,1018.5
1753503758100,04:22:38.100,ADA/USDT:USDT,0.8249,144.6,0.8248,503.3,0.825,304.5,0.8251,1018.5
1753503758200,04:22:38.200,ADA/USDT:USDT,0.8249,144.6,0.8248,503.3,0.825,315.3,0.8251,1018.5
1753503758300,04:22:38.300,ADA/USDT:USDT,0.8249,144.6,0.8248,503.3,0.825,315.3,0.8251,1018.5
1753503758400,04:22:38.400,ADA/USDT:USDT,0.8249,144.6,0.8248,503.3,0.825,315.3,0.8251,1018.5
1753503758600,04:22:38.600,ADA/USDT:USDT,0.8249,144.6,0.8248,503.3,0.825,314.3,0.8251,1018.5
1753503758700,04:22:38.700,ADA/USDT:USDT,0.8249,144.6,0.8248,503.3,0.825,314.3,0.8251,1018.5
1753503758800,04:22:38.800,ADA/USDT:USDT,0.8249,144.6,0.8248,503.3,0.825,314.3,0.8251,1018.5
1753503758900,04:22:38.900,ADA/USDT:USDT,0.8249,144.6,0.8248,503.3,0.825,314.3,0.8251,1018.5
1753503759000,04:22:39.000,ADA/USDT:USDT,0.8249,144.6,0.8248,503.3,0.825,314.3,0.8251,1018.5
1753503759100,04:22:39.100,ADA/USDT:USDT,0.8249,144.6,0.8248,503.3,0.825,314.3,0.8251,1018.8
1753503759200,04:22:39.200,ADA/USDT:USDT,0.8249,144.6,0.8248,503.3,0.825,314.3,0.8251,1018.8
1753503759300,04:22:39.300,ADA/USDT:USDT,0.8249,144.6,0.8248,503.3,0.825,315.1,0.8251,1018.5
1753503759400,04:22:39.400,ADA/USDT:USDT,0.8249,79.9,0.8248,503.3,0.825,315.4,0.8251,1018.8
1753503759500,04:22:39.500,ADA/USDT:USDT,0.8249,79.9,0.8248,503.3,0.825,313.4,0.8251,1018.8
1753503759600,04:22:39.600,ADA/USDT:USDT,0.8249,47.6,0.8248,405.9,0.825,376.0,0.8251,1018.8
1753503759700,04:22:39.700,ADA/USDT:USDT,0.8249,38.9,0.8248,405.9,0.825,376.0,0.8251,1018.8
1753503759800,04:22:39.800,ADA/USDT:USDT,0.8249,60.1,0.8248,405.9,0.825,376.7,0.8251,1020.0
1753503759900,04:22:39.900,ADA/USDT:USDT,0.8249,60.1,0.8248,405.9,0.825,314.1,0.8251,1020.0
1753503760000,04:22:40.000,ADA/USDT:USDT,0.8249,49.1,0.8248,405.9,0.825,375.7,0.8251,1018.8
1753503760100,04:22:40.100,ADA/USDT:USDT,0.8249,49.1,0.8248,405.9,0.825,376.7,0.8251,1018.8
1753503760200,04:22:40.200,ADA/USDT:USDT,0.8249,49.1,0.8248,405.9,0.825,376.7,0.8251,1018.8
1753503760300,04:22:40.300,ADA/USDT:USDT,0.8249,49.1,0.8248,405.9,0.825,376.7,0.8251,1018.8
1753503760400,04:22:40.400,ADA/USDT:USDT,0.8249,38.8,0.8248,405.9,0.825,375.2,0.8251,1018.8
1753503760500,04:22:40.500,ADA/USDT:USDT,0.8249,17.1,0.8248,241.7,0.825,375.2,0.8251,1018.8
1753503760600,04:22:40.600,ADA/USDT:USDT,0.8249,17.2,0.8248,241.7,0.825,375.2,0.8251,1018.8
1753503760700,04:22:40.700,ADA/USDT:USDT,0.8249,17.2,0.8248,241.7,0.825,375.2,0.8251,1018.8
1753503760800,04:22:40.800,ADA/USDT:USDT,0.8249,17.1,0.8248,241.7,0.825,375.2,0.8251,1018.8
1753503761000,04:22:41.000,ADA/USDT:USDT,0.8249,17.1,0.8248,241.7,0.825,375.1,0.8251,1018.8
1753503761100,04:22:41.100,ADA/USDT:USDT,0.8249,17.1,0.8248,279.6,0.825,372.0,0.8251,1018.8
1753503761200,04:22:41.200,ADA/USDT:USDT,0.8249,59.7,0.8248,365.8,0.825,311.1,0.8251,1018.5
1753503761300,04:22:41.300,ADA/USDT:USDT,0.8249,19.0,0.8248,309.9,0.825,372.1,0.8251,1019.7
1753503761400,04:22:41.400,ADA/USDT:USDT,0.8249,17.2,0.8248,309.9,0.825,375.4,0.8251,1020.0
1753503761500,04:22:41.500,ADA/USDT:USDT,0.8249,17.1,0.8248,309.9,0.825,374.0,0.8251,420.6
1753503761600,04:22:41.600,ADA/USDT:USDT,0.8249,17.1,0.8248,309.9,0.825,375.4,0.8251,420.6
1753503761700,04:22:41.700,ADA/USDT:USDT,0.8249,17.1,0.8248,309.9,0.825,375.3,0.8251,419.4
1753503761800,04:22:41.800,ADA/USDT:USDT,0.8249,17.1,0.8248,309.9,0.825,374.2,0.8251,419.4
1753503761900,04:22:41.900,ADA/USDT:USDT,0.8249,17.1,0.8248,241.7,0.825,376.5,0.8251,428.5
1753503762000,04:22:42.000,ADA/USDT:USDT,0.8249,17.1,0.8248,241.7,0.825,376.5,0.8251,433.3
1753503762100,04:22:42.100,ADA/USDT:USDT,0.8249,17.1,0.8248,241.7,0.825,340.7,0.8251,434.5
1753503762200,04:22:42.200,ADA/USDT:USDT,0.8249,17.1,0.8248,241.7,0.825,378.1,0.8251,434.5
1753503762300,04:22:42.300,ADA/USDT:USDT,0.8249,16.9,0.8248,241.7,0.825,378.1,0.8251,434.5
1753503762400,04:22:42.400,ADA/USDT:USDT,0.8249,17.1,0.8248,241.7,0.825,378.1,0.8251,434.5
1753503762500,04:22:42.500,ADA/USDT:USDT,0.8249,17.1,0.8248,241.7,0.825,378.1,0.8251,434.5
1753503762600,04:22:42.600,ADA/USDT:USDT,0.8249,17.1,0.8248,241.7,0.825,378.1,0.8251,435.7
1753503762700,04:22:42.700,ADA/USDT:USDT,0.8249,25.8,0.8248,241.7,0.825,374.9,0.8251,435.4
1753503762800,04:22:42.800,ADA/USDT:USDT,0.8249,58.2,0.8248,483.2,0.825,314.3,0.8251,433.0
1753503762900,04:22:42.900,ADA/USDT:USDT,0.8249,58.2,0.8248,483.2,0.825,313.3,0.8251,433.0
1753503763000,04:22:43.000,ADA/USDT:USDT,0.8249,58.2,0.8248,483.2,0.825,313.3,0.8251,433.0
1753503763100,04:22:43.100,ADA/USDT:USDT,0.8249,60.0,0.8248,483.2,0.825,313.3,0.8251,433.0
1753503763200,04:22:43.200,ADA/USDT:USDT,0.8249,58.2,0.8248,483.2,0.825,313.1,0.8251,433.0
1753503763300,04:22:43.300,ADA/USDT:USDT,0.8249,58.3,0.8248,483.2,0.825,311.9,0.8251,428.2
1753503763400,04:22:43.400,ADA/USDT:USDT,0.8249,49.6,0.8248,483.2,0.825,316.2,0.8251,428.5
1753503763500,04:22:43.500,ADA/USDT:USDT,0.8249,49.6,0.8248,483.2,0.825,316.2,0.8251,428.5
1753503763600,04:22:43.600,ADA/USDT:USDT,0.8249,17.3,0.8248,483.2,0.825,377.1,0.8251,428.5
1753503763800,04:22:43.800,ADA/USDT:USDT,0.8249,17.3,0.8248,483.2,0.825,377.1,0.8251,428.5
1753503763900,04:22:43.900,ADA/USDT:USDT,0.8249,17.3,0.8248,483.2,0.825,377.1,0.8251,428.5
1753503764000,04:22:44.000,ADA/USDT:USDT,0.8249,17.3,0.8248,463.2,0.825,377.1,0.8251,429.7
1753503764100,04:22:44.100,ADA/USDT:USDT,0.8249,17.3,0.8248,241.7,0.825,377.1,0.8251,434.5
1753503764200,04:22:44.200,ADA/USDT:USDT,0.8249,17.3,0.8248,241.7,0.825,377.1,0.8251,434.5
1753503764300,04:22:44.300,ADA/USDT:USDT,0.8249,17.3,0.8248,241.7,0.825,379.5,0.8251,435.7
1753503764400,04:22:44.400,ADA/USDT:USDT,0.8249,17.3,0.8248,241.7,0.825,379.5,0.8251,435.7
1753503764500,04:22:44.500,ADA/USDT:USDT,0.8249,17.3,0.8248,241.7,0.825,379.5,0.8251,435.7
1753503764600,04:22:44.600,ADA/USDT:USDT,0.8249,17.3,0.8248,241.7,0.825,379.5,0.8251,435.7
1753503764700,04:22:44.700,ADA/USDT:USDT,0.8249,17.3,0.8248,241.7,0.825,379.4,0.8251,435.7
1753503764800,04:22:44.800,ADA/USDT:USDT,0.8249,17.3,0.8248,241.7,0.825,379.4,0.8251,438.1
1753503764900,04:22:44.900,ADA/USDT:USDT,0.8249,17.0,0.8248,241.7,0.825,379.2,0.8251,442.9
1753503765000,04:22:45.000,ADA/USDT:USDT,0.8249,17.0,0.8248,241.7,0.825,378.1,0.8251,442.9
1753503765100,04:22:45.100,ADA/USDT:USDT,0.8249,15.6,0.8248,279.6,0.825,377.6,0.8251,442.9
1753503765200,04:22:45.200,ADA/USDT:USDT,0.8249,15.6,0.8248,241.7,0.825,377.5,0.8251,444.1
1753503765300,04:22:45.300,ADA/USDT:USDT,0.8249,15.6,0.8248,241.7,0.825,377.5,0.8251,444.1
1753503765400,04:22:45.400,ADA/USDT:USDT,0.8249,15.6,0.8248,241.7,0.825,374.8,0.8251,444.5
1753503765500,04:22:45.500,ADA/USDT:USDT,0.8247,0.3,0.8246,163.4,0.8248,470.7,0.8249,1074.6
1753503765600,04:22:45.600,ADA/USDT:USDT,0.8247,60.2,0.8246,174.1,0.8248,493.4,0.8249,1069.7
1753503765700,04:22:45.700,ADA/USDT:USDT,0.8247,0.3,0.8246,85.0,0.8248,493.4,0.8249,1073.1
1753503765900,04:22:45.900,ADA/USDT:USDT,0.8247,41.5,0.8246,180.7,0.8248,493.7,0.8249,1068.5
1753503766000,04:22:46.000,ADA/USDT:USDT,0.8247,47.7,0.8246,364.0,0.8248,428.8,0.8249,1067.3
1753503766100,04:22:46.100,ADA/USDT:USDT,0.8247,89.3,0.8246,363.7,0.8248,428.8,0.8249,1067.3
1753503766200,04:22:46.200,ADA/USDT:USDT,0.8247,80.0,0.8246,367.2,0.8248,444.4,0.8249,1067.3
1753503766300,04:22:46.300,ADA/USDT:USDT,0.8247,102.6,0.8246,367.2,0.8248,448.7,0.8249,1070.8
1753503766400,04:22:46.400,ADA/USDT:USDT,0.8247,102.2,0.8246,367.6,0.8248,521.4,0.8249,997.9
1753503766500,04:22:46.500,ADA/USDT:USDT,0.8247,79.6,0.8246,407.6,0.8248,521.4,0.8249,997.9
1753503766600,04:22:46.600,ADA/USDT:USDT,0.8247,79.7,0.8246,407.6,0.8248,521.4,0.8249,992.1
1753503766700,04:22:46.700,ADA/USDT:USDT,0.8247,47.4,0.8246,407.6,0.8248,521.4,0.8249,997.9
1753503766800,04:22:46.800,ADA/USDT:USDT,0.8247,47.4,0.8246,401.8,0.8248,582.0,0.8249,1163.4
1753503766900,04:22:46.900,ADA/USDT:USDT,0.8247,47.4,0.8246,289.9,0.8248,586.5,0.8249,1163.4
1753503767000,04:22:47.000,ADA/USDT:USDT,0.8247,98.8,0.8246,385.4,0.8248,407.4,0.8249,1157.6
1753503767100,04:22:47.100,ADA/USDT:USDT,0.8247,98.8,0.8246,387.4,0.8248,407.4,0.8249,1157.6
1753503767200,04:22:47.200,ADA/USDT:USDT,0.8247,223.1,0.8246,387.4,0.8248,521.4,0.8249,1154.1
1753503767300,04:22:47.300,ADA/USDT:USDT,0.8247,213.9,0.8246,387.4,0.8248,521.4,0.8249,1163.4
1753503767400,04:22:47.400,ADA/USDT:USDT,0.8247,213.9,0.8246,387.4,0.8248,521.5,0.8249,1163.4
1753503767500,04:22:47.500,ADA/USDT:USDT,0.8247,67.4,0.8246,311.4,0.8248,592.4,0.8249,1163.7
1753503767600,04:22:47.600,ADA/USDT:USDT,0.8247,67.4,0.8246,311.4,0.8248,592.4,0.8249,1163.7
