timestamp,time,symbol,bid1_price,bid1_volume,bid2_price,bid2_volume,ask1_price,ask1_volume,ask2_price,ask2_volume
1753503307094,04:15:07.094,AAVE/USDT:USDT,297.42,5.9,297.41,0.3,297.43,14.7,297.44,21.0
1753503307195,04:15:07.195,AAVE/USDT:USDT,297.42,5.9,297.41,0.3,297.43,14.7,297.44,21.0
1753503307297,04:15:07.297,AAVE/USDT:USDT,297.42,5.9,297.41,0.3,297.43,14.7,297.44,21.0
1753503307511,04:15:07.511,AAVE/USDT:USDT,297.42,5.9,297.41,0.3,297.43,18.6,297.44,21.0
1753503307654,04:15:07.654,AAVE/USDT:USDT,297.42,5.9,297.41,0.3,297.43,18.6,297.44,21.0
1753503307757,04:15:07.757,AAVE/USDT:USDT,297.4,0.2,297.39,3.5,297.41,21.0,297.42,30.4
1753503307859,04:15:07.859,AAVE/USDT:USDT,297.4,0.2,297.39,0.3,297.41,23.2,297.42,28.4
1753503307968,04:15:07.968,AAVE/USDT:USDT,297.4,0.2,297.39,0.3,297.41,23.2,297.42,28.4
1753503308071,04:15:08.071,AAVE/USDT:USDT,297.4,0.2,297.39,0.3,297.41,23.2,297.42,28.4
1753503308287,04:15:08.287,AAVE/USDT:USDT,297.38,9.8,297.37,4.0,297.39,14.5,297.4,30.7
1753503308394,04:15:08.394,AAVE/USDT:USDT,297.38,9.0,297.37,4.0,297.39,14.5,297.4,30.7
1753503308497,04:15:08.497,AAVE/USDT:USDT,297.38,9.0,297.37,4.0,297.39,14.5,297.4,29.4
1753503308608,04:15:08.608,AAVE/USDT:USDT,297.38,9.0,297.37,4.0,297.39,14.5,297.4,29.4
1753503308794,04:15:08.794,AAVE/USDT:USDT,297.38,9.0,297.37,4.2,297.39,14.5,297.4,29.4
1753503308898,04:15:08.898,AAVE/USDT:USDT,297.38,9.3,297.37,4.2,297.39,14.5,297.4,29.4
1753503308999,04:15:08.999,AAVE/USDT:USDT,297.38,9.3,297.37,4.2,297.39,14.5,297.4,29.4
1753503309111,04:15:09.111,AAVE/USDT:USDT,297.38,9.3,297.37,4.2,297.39,14.5,297.4,29.4
1753503309212,04:15:09.212,AAVE/USDT:USDT,297.38,9.3,297.37,3.8,297.39,14.5,297.4,29.4
1753503309319,04:15:09.319,AAVE/USDT:USDT,297.38,9.3,297.37,3.8,297.39,14.5,297.4,29.4
1753503309422,04:15:09.422,AAVE/USDT:USDT,297.38,9.3,297.37,3.8,297.39,14.5,297.4,29.4
1753503309527,04:15:09.527,AAVE/USDT:USDT,297.38,9.3,297.37,3.8,297.39,14.5,297.4,29.4
1753503309671,04:15:09.671,AAVE/USDT:USDT,297.38,9.3,297.37,3.8,297.39,14.5,297.4,29.4
1753503309797,04:15:09.797,AAVE/USDT:USDT,297.38,5.3,297.37,0.6,297.39,14.5,297.4,29.4
1753503309900,04:15:09.900,AAVE/USDT:USDT,297.38,5.3,297.37,2.8,297.39,14.7,297.4,29.4
1753503310086,04:15:10.086,AAVE/USDT:USDT,297.38,5.3,297.37,6.1,297.39,14.7,297.4,29.4
1753503310193,04:15:10.193,AAVE/USDT:USDT,297.38,5.3,297.37,6.1,297.39,14.7,297.4,26.4
1753503310314,04:15:10.314,AAVE/USDT:USDT,297.38,5.3,297.37,6.1,297.39,14.7,297.4,26.4
1753503310467,04:15:10.467,AAVE/USDT:USDT,297.38,11.9,297.37,6.1,297.39,14.7,297.4,17.7
1753503310577,04:15:10.577,AAVE/USDT:USDT,297.38,11.9,297.37,6.1,297.39,14.7,297.4,17.7
1753503310680,04:15:10.680,AAVE/USDT:USDT,297.38,11.9,297.37,6.1,297.39,14.7,297.4,17.7
1753503310799,04:15:10.799,AAVE/USDT:USDT,297.38,11.9,297.37,6.1,297.39,15.3,297.4,17.7
1753503310902,04:15:10.902,AAVE/USDT:USDT,297.38,11.9,297.37,6.1,297.39,15.3,297.4,17.7
1753503311090,04:15:11.090,AAVE/USDT:USDT,297.38,11.9,297.37,6.1,297.39,15.3,297.4,17.7
1753503311192,04:15:11.192,AAVE/USDT:USDT,297.38,11.9,297.37,6.1,297.39,15.3,297.4,17.7
1753503311295,04:15:11.295,AAVE/USDT:USDT,297.38,11.9,297.37,6.1,297.39,15.3,297.4,17.7
1753503311489,04:15:11.489,AAVE/USDT:USDT,297.38,11.9,297.37,6.1,297.39,15.3,297.4,17.7
1753503311608,04:15:11.608,AAVE/USDT:USDT,297.38,11.9,297.37,6.1,297.39,15.3,297.4,17.7
1753503311772,04:15:11.772,AAVE/USDT:USDT,297.38,14.5,297.37,10.1,297.39,13.7,297.4,17.7
1753503311875,04:15:11.875,AAVE/USDT:USDT,297.38,13.8,297.37,9.7,297.39,13.7,297.4,17.7
1753503312002,04:15:12.002,AAVE/USDT:USDT,297.38,13.8,297.37,9.7,297.39,13.7,297.4,17.7
1753503312114,04:15:12.114,AAVE/USDT:USDT,297.38,13.8,297.37,9.7,297.39,13.7,297.4,17.7
1753503312354,04:15:12.354,AAVE/USDT:USDT,297.38,10.8,297.37,6.3,297.39,13.7,297.4,17.7
1753503312457,04:15:12.457,AAVE/USDT:USDT,297.38,10.8,297.37,2.8,297.39,13.7,297.4,17.7
1753503312559,04:15:12.559,AAVE/USDT:USDT,297.38,10.8,297.37,2.8,297.39,13.7,297.4,17.7
1753503312662,04:15:12.662,AAVE/USDT:USDT,297.38,12.6,297.37,2.8,297.39,13.7,297.4,17.7
1753503312818,04:15:12.818,AAVE/USDT:USDT,297.38,12.6,297.37,10.1,297.39,12.9,297.4,17.7
1753503312920,04:15:12.920,AAVE/USDT:USDT,297.38,12.6,297.37,10.1,297.39,12.9,297.4,17.7
1753503313065,04:15:13.065,AAVE/USDT:USDT,297.38,13.4,297.37,10.1,297.39,12.9,297.4,17.7
1753503313168,04:15:13.168,AAVE/USDT:USDT,297.38,13.4,297.37,9.7,297.39,12.9,297.4,17.7
1753503313286,04:15:13.286,AAVE/USDT:USDT,297.38,13.4,297.37,9.7,297.39,12.9,297.4,17.7
1753503313416,04:15:13.416,AAVE/USDT:USDT,297.38,13.3,297.37,6.1,297.39,12.9,297.4,17.7
1753503313517,04:15:13.517,AAVE/USDT:USDT,297.38,14.9,297.37,2.8,297.39,13.5,297.4,16.5
1753503313618,04:15:13.618,AAVE/USDT:USDT,297.38,11.4,297.37,2.8,297.39,13.5,297.4,14.3
1753503313730,04:15:13.730,AAVE/USDT:USDT,297.38,17.2,297.37,10.0,297.39,4.6,297.4,7.6
1753503313839,04:15:13.839,AAVE/USDT:USDT,297.38,18.0,297.37,10.0,297.39,4.6,297.4,5.5
1753503313952,04:15:13.952,AAVE/USDT:USDT,297.38,17.9,297.37,10.0,297.39,4.6,297.4,5.5
1753503314071,04:15:14.071,AAVE/USDT:USDT,297.38,17.9,297.37,10.1,297.39,4.6,297.4,5.5
1753503314174,04:15:14.174,AAVE/USDT:USDT,297.38,17.9,297.37,10.1,297.39,4.6,297.4,5.5
1753503314332,04:15:14.332,AAVE/USDT:USDT,297.38,20.5,297.37,10.1,297.39,4.6,297.4,5.5
1753503314436,04:15:14.436,AAVE/USDT:USDT,297.38,20.5,297.37,10.1,297.39,4.6,297.4,5.5
1753503314542,04:15:14.542,AAVE/USDT:USDT,297.38,17.2,297.37,2.8,297.39,4.6,297.4,5.5
1753503314644,04:15:14.644,AAVE/USDT:USDT,297.38,17.6,297.37,3.2,297.39,4.6,297.4,5.5
1753503314783,04:15:14.783,AAVE/USDT:USDT,297.38,20.0,297.37,6.5,297.39,4.6,297.4,5.5
1753503314886,04:15:14.886,AAVE/USDT:USDT,297.38,20.0,297.37,6.5,297.39,4.6,297.4,5.5
1753503314993,04:15:14.993,AAVE/USDT:USDT,297.38,15.5,297.37,2.8,297.39,4.6,297.4,5.5
1753503315097,04:15:15.097,AAVE/USDT:USDT,297.38,15.5,297.37,2.8,297.39,4.6,297.4,5.5
1753503315200,04:15:15.200,AAVE/USDT:USDT,297.38,15.5,297.37,3.2,297.39,4.6,297.4,5.5
1753503315437,04:15:15.437,AAVE/USDT:USDT,297.38,19.7,297.37,6.1,297.39,4.8,297.4,5.5
1753503315540,04:15:15.540,AAVE/USDT:USDT,297.38,18.0,297.37,6.1,297.39,4.8,297.4,5.5
1753503315648,04:15:15.648,AAVE/USDT:USDT,297.38,18.0,297.37,6.1,297.39,4.8,297.4,5.5
1753503315773,04:15:15.773,AAVE/USDT:USDT,297.38,13.8,297.37,2.8,297.39,4.8,297.4,5.5
1753503315875,04:15:15.875,AAVE/USDT:USDT,297.38,13.8,297.37,2.8,297.39,4.8,297.4,5.5
1753503315979,04:15:15.979,AAVE/USDT:USDT,297.38,13.8,297.37,2.8,297.39,4.8,297.4,5.5
1753503316135,04:15:16.135,AAVE/USDT:USDT,297.38,15.6,297.37,2.8,297.39,8.5,297.4,5.5
1753503316237,04:15:16.237,AAVE/USDT:USDT,297.38,15.6,297.37,2.8,297.39,8.5,297.4,5.5
1753503316358,04:15:16.358,AAVE/USDT:USDT,297.38,15.6,297.37,2.8,297.39,8.5,297.4,5.5
1753503316577,04:15:16.577,AAVE/USDT:USDT,297.4,40.7,297.39,43.3,297.41,0.1,297.42,0.2
1753503316679,04:15:16.679,AAVE/USDT:USDT,297.4,41.1,297.39,43.3,297.41,0.1,297.42,0.2
1753503316783,04:15:16.783,AAVE/USDT:USDT,297.4,41.1,297.39,43.3,297.41,0.1,297.42,0.2
1753503316905,04:15:16.905,AAVE/USDT:USDT,297.41,52.4,297.4,41.1,297.43,3.4,297.44,0.2
1753503317006,04:15:17.006,AAVE/USDT:USDT,297.46,1.1,297.45,73.8,297.47,1.6,297.48,2.5
1753503317108,04:15:17.108,AAVE/USDT:USDT,297.46,42.2,297.45,46.8,297.47,0.1,297.48,0.5
1753503317217,04:15:17.217,AAVE/USDT:USDT,297.46,43.0,297.45,46.8,297.47,0.1,297.48,0.5
1753503317319,04:15:17.319,AAVE/USDT:USDT,297.46,40.6,297.45,40.0,297.47,0.5,297.48,0.5
1753503317430,04:15:17.430,AAVE/USDT:USDT,297.46,42.9,297.45,40.0,297.47,0.5,297.48,0.5
1753503317533,04:15:17.533,AAVE/USDT:USDT,297.46,18.0,297.45,37.6,297.47,7.1,297.48,0.4
1753503317637,04:15:17.637,AAVE/USDT:USDT,297.46,11.8,297.45,24.2,297.47,9.6,297.48,0.4
1753503317739,04:15:17.739,AAVE/USDT:USDT,297.46,11.8,297.45,24.2,297.47,9.5,297.48,0.4
1753503317845,04:15:17.845,AAVE/USDT:USDT,297.46,11.8,297.45,24.2,297.47,9.5,297.48,0.4
1753503317959,04:15:17.959,AAVE/USDT:USDT,297.46,13.6,297.45,27.5,297.47,4.0,297.48,0.4
1753503318060,04:15:18.060,AAVE/USDT:USDT,297.46,13.6,297.45,27.5,297.47,4.0,297.48,0.4
1753503318163,04:15:18.163,AAVE/USDT:USDT,297.46,13.6,297.45,27.5,297.47,4.0,297.48,0.4
1753503318266,04:15:18.266,AAVE/USDT:USDT,297.46,14.2,297.45,27.5,297.47,4.0,297.48,0.4
1753503318368,04:15:18.368,AAVE/USDT:USDT,297.46,14.2,297.45,27.5,297.47,4.0,297.48,0.4
1753503318474,04:15:18.474,AAVE/USDT:USDT,297.47,51.6,297.46,10.1,297.48,3.8,297.49,2.6
1753503318579,04:15:18.579,AAVE/USDT:USDT,297.47,51.7,297.46,10.1,297.48,3.9,297.49,0.3
1753503318683,04:15:18.683,AAVE/USDT:USDT,297.47,50.0,297.46,10.1,297.48,3.8,297.49,0.3
1753503318786,04:15:18.786,AAVE/USDT:USDT,297.47,50.0,297.46,10.1,297.48,3.8,297.49,0.3
1753503318888,04:15:18.888,AAVE/USDT:USDT,297.47,50.0,297.46,10.1,297.48,3.8,297.49,0.3
1753503319111,04:15:19.111,AAVE/USDT:USDT,297.47,50.2,297.46,10.1,297.48,0.1,297.49,0.3
1753503319215,04:15:19.215,AAVE/USDT:USDT,297.48,49.6,297.47,32.2,297.49,0.3,297.5,0.4
1753503319319,04:15:19.319,AAVE/USDT:USDT,297.48,49.7,297.47,34.4,297.49,0.3,297.5,0.4
1753503319421,04:15:19.421,AAVE/USDT:USDT,297.48,44.7,297.47,32.0,297.49,0.3,297.5,0.4
1753503319524,04:15:19.524,AAVE/USDT:USDT,297.48,44.7,297.47,29.8,297.49,0.3,297.5,0.4
1753503319638,04:15:19.638,AAVE/USDT:USDT,297.48,44.7,297.47,29.8,297.49,0.3,297.5,0.4
1753503319742,04:15:19.742,AAVE/USDT:USDT,297.48,44.7,297.47,29.8,297.49,0.3,297.5,0.4
1753503319847,04:15:19.847,AAVE/USDT:USDT,297.49,32.3,297.48,37.5,297.5,3.7,297.51,16.0
1753503319962,04:15:19.962,AAVE/USDT:USDT,297.49,32.7,297.48,37.5,297.5,3.8,297.51,10.0
1753503320066,04:15:20.066,AAVE/USDT:USDT,297.49,33.3,297.48,37.5,297.5,4.0,297.51,10.0
1753503320168,04:15:20.168,AAVE/USDT:USDT,297.49,33.3,297.48,37.5,297.5,4.0,297.51,10.0
1753503320304,04:15:20.304,AAVE/USDT:USDT,297.49,33.3,297.48,37.5,297.5,4.0,297.51,7.7
1753503320408,04:15:20.408,AAVE/USDT:USDT,297.49,33.3,297.48,37.5,297.5,4.0,297.51,7.7
1753503320567,04:15:20.567,AAVE/USDT:USDT,297.49,33.3,297.48,37.5,297.5,0.4,297.51,7.7
1753503320673,04:15:20.673,AAVE/USDT:USDT,297.49,33.3,297.48,37.5,297.5,0.2,297.51,7.7
1753503320775,04:15:20.775,AAVE/USDT:USDT,297.49,33.3,297.48,37.5,297.5,0.1,297.51,7.7
1753503320878,04:15:20.878,AAVE/USDT:USDT,297.5,30.9,297.49,32.8,297.51,7.6,297.52,2.0
1753503320980,04:15:20.980,AAVE/USDT:USDT,297.5,31.0,297.49,32.8,297.51,4.1,297.52,2.0
1753503321082,04:15:21.082,AAVE/USDT:USDT,297.51,33.2,297.5,32.8,297.52,5.5,297.53,2.2
1753503321186,04:15:21.186,AAVE/USDT:USDT,297.51,22.5,297.5,26.8,297.52,5.6,297.53,2.2
1753503321293,04:15:21.293,AAVE/USDT:USDT,297.51,22.9,297.5,26.8,297.52,5.6,297.53,2.2
1753503321396,04:15:21.396,AAVE/USDT:USDT,297.51,23.7,297.5,26.8,297.52,2.0,297.53,2.2
1753503321502,04:15:21.502,AAVE/USDT:USDT,297.51,23.7,297.5,26.8,297.52,5.5,297.53,2.2
1753503321603,04:15:21.603,AAVE/USDT:USDT,297.51,23.8,297.5,26.8,297.52,5.6,297.53,2.2
1753503321727,04:15:21.727,AAVE/USDT:USDT,297.51,23.8,297.5,26.8,297.52,5.6,297.53,2.2
1753503321829,04:15:21.829,AAVE/USDT:USDT,297.51,23.8,297.5,26.8,297.52,5.6,297.53,2.2
1753503321932,04:15:21.932,AAVE/USDT:USDT,297.51,23.8,297.5,26.8,297.52,5.6,297.53,2.2
1753503322035,04:15:22.035,AAVE/USDT:USDT,297.51,24.6,297.5,26.8,297.52,5.6,297.53,2.2
1753503322144,04:15:22.144,AAVE/USDT:USDT,297.51,24.6,297.5,27.4,297.52,2.0,297.53,2.2
1753503322247,04:15:22.247,AAVE/USDT:USDT,297.51,24.6,297.5,27.4,297.52,2.0,297.53,2.2
1753503322369,04:15:22.369,AAVE/USDT:USDT,297.51,24.6,297.5,27.4,297.52,5.6,297.53,2.2
1753503322474,04:15:22.474,AAVE/USDT:USDT,297.51,24.6,297.5,26.8,297.52,5.6,297.53,2.2
1753503322592,04:15:22.592,AAVE/USDT:USDT,297.51,24.6,297.5,26.8,297.52,5.6,297.53,2.2
1753503322738,04:15:22.738,AAVE/USDT:USDT,297.51,24.6,297.5,26.8,297.52,5.6,297.53,2.2
1753503322841,04:15:22.841,AAVE/USDT:USDT,297.51,24.6,297.5,26.8,297.52,5.6,297.53,2.2
