timestamp,time,symbol,bid1_price,bid1_volume,bid2_price,bid2_volume,ask1_price,ask1_volume,ask2_price,ask2_volume
1753503307094,04:15:07.094,AAVE/USDT:USDT,297.42,5.9,297.41,0.3,297.43,14.7,297.44,21.0
1753503307195,04:15:07.195,AAVE/USDT:USDT,297.42,5.9,297.41,0.3,297.43,14.7,297.44,21.0
1753503307297,04:15:07.297,AAVE/USDT:USDT,297.42,5.9,297.41,0.3,297.43,14.7,297.44,21.0
1753503307511,04:15:07.511,AAVE/USDT:USDT,297.42,5.9,297.41,0.3,297.43,18.6,297.44,21.0
1753503307654,04:15:07.654,AAVE/USDT:USDT,297.42,5.9,297.41,0.3,297.43,18.6,297.44,21.0
1753503307757,04:15:07.757,AAVE/USDT:USDT,297.4,0.2,297.39,3.5,297.41,21.0,297.42,30.4
1753503307859,04:15:07.859,AAVE/USDT:USDT,297.4,0.2,297.39,0.3,297.41,23.2,297.42,28.4
1753503307968,04:15:07.968,AAVE/USDT:USDT,297.4,0.2,297.39,0.3,297.41,23.2,297.42,28.4
1753503308071,04:15:08.071,AAVE/USDT:USDT,297.4,0.2,297.39,0.3,297.41,23.2,297.42,28.4
1753503308287,04:15:08.287,AAVE/USDT:USDT,297.38,9.8,297.37,4.0,297.39,14.5,297.4,30.7
1753503308394,04:15:08.394,AAVE/USDT:USDT,297.38,9.0,297.37,4.0,297.39,14.5,297.4,30.7
1753503308497,04:15:08.497,AAVE/USDT:USDT,297.38,9.0,297.37,4.0,297.39,14.5,297.4,29.4
1753503308608,04:15:08.608,AAVE/USDT:USDT,297.38,9.0,297.37,4.0,297.39,14.5,297.4,29.4
1753503308794,04:15:08.794,AAVE/USDT:USDT,297.38,9.0,297.37,4.2,297.39,14.5,297.4,29.4
1753503308898,04:15:08.898,AAVE/USDT:USDT,297.38,9.3,297.37,4.2,297.39,14.5,297.4,29.4
1753503308999,04:15:08.999,AAVE/USDT:USDT,297.38,9.3,297.37,4.2,297.39,14.5,297.4,29.4
1753503309111,04:15:09.111,AAVE/USDT:USDT,297.38,9.3,297.37,4.2,297.39,14.5,297.4,29.4
1753503309212,04:15:09.212,AAVE/USDT:USDT,297.38,9.3,297.37,3.8,297.39,14.5,297.4,29.4
1753503309319,04:15:09.319,AAVE/USDT:USDT,297.38,9.3,297.37,3.8,297.39,14.5,297.4,29.4
1753503309422,04:15:09.422,AAVE/USDT:USDT,297.38,9.3,297.37,3.8,297.39,14.5,297.4,29.4
1753503309527,04:15:09.527,AAVE/USDT:USDT,297.38,9.3,297.37,3.8,297.39,14.5,297.4,29.4
1753503309671,04:15:09.671,AAVE/USDT:USDT,297.38,9.3,297.37,3.8,297.39,14.5,297.4,29.4
1753503309797,04:15:09.797,AAVE/USDT:USDT,297.38,5.3,297.37,0.6,297.39,14.5,297.4,29.4
1753503309900,04:15:09.900,AAVE/USDT:USDT,297.38,5.3,297.37,2.8,297.39,14.7,297.4,29.4
1753503310086,04:15:10.086,AAVE/USDT:USDT,297.38,5.3,297.37,6.1,297.39,14.7,297.4,29.4
1753503310193,04:15:10.193,AAVE/USDT:USDT,297.38,5.3,297.37,6.1,297.39,14.7,297.4,26.4
1753503310314,04:15:10.314,AAVE/USDT:USDT,297.38,5.3,297.37,6.1,297.39,14.7,297.4,26.4
1753503310467,04:15:10.467,AAVE/USDT:USDT,297.38,11.9,297.37,6.1,297.39,14.7,297.4,17.7
1753503310577,04:15:10.577,AAVE/USDT:USDT,297.38,11.9,297.37,6.1,297.39,14.7,297.4,17.7
1753503310680,04:15:10.680,AAVE/USDT:USDT,297.38,11.9,297.37,6.1,297.39,14.7,297.4,17.7
1753503310799,04:15:10.799,AAVE/USDT:USDT,297.38,11.9,297.37,6.1,297.39,15.3,297.4,17.7
1753503310902,04:15:10.902,AAVE/USDT:USDT,297.38,11.9,297.37,6.1,297.39,15.3,297.4,17.7
1753503311090,04:15:11.090,AAVE/USDT:USDT,297.38,11.9,297.37,6.1,297.39,15.3,297.4,17.7
1753503311192,04:15:11.192,AAVE/USDT:USDT,297.38,11.9,297.37,6.1,297.39,15.3,297.4,17.7
1753503311295,04:15:11.295,AAVE/USDT:USDT,297.38,11.9,297.37,6.1,297.39,15.3,297.4,17.7
1753503311489,04:15:11.489,AAVE/USDT:USDT,297.38,11.9,297.37,6.1,297.39,15.3,297.4,17.7
1753503311608,04:15:11.608,AAVE/USDT:USDT,297.38,11.9,297.37,6.1,297.39,15.3,297.4,17.7
1753503311772,04:15:11.772,AAVE/USDT:USDT,297.38,14.5,297.37,10.1,297.39,13.7,297.4,17.7
1753503311875,04:15:11.875,AAVE/USDT:USDT,297.38,13.8,297.37,9.7,297.39,13.7,297.4,17.7
1753503312002,04:15:12.002,AAVE/USDT:USDT,297.38,13.8,297.37,9.7,297.39,13.7,297.4,17.7
1753503312114,04:15:12.114,AAVE/USDT:USDT,297.38,13.8,297.37,9.7,297.39,13.7,297.4,17.7
1753503312354,04:15:12.354,AAVE/USDT:USDT,297.38,10.8,297.37,6.3,297.39,13.7,297.4,17.7
1753503312457,04:15:12.457,AAVE/USDT:USDT,297.38,10.8,297.37,2.8,297.39,13.7,297.4,17.7
1753503312559,04:15:12.559,AAVE/USDT:USDT,297.38,10.8,297.37,2.8,297.39,13.7,297.4,17.7
1753503312662,04:15:12.662,AAVE/USDT:USDT,297.38,12.6,297.37,2.8,297.39,13.7,297.4,17.7
1753503312818,04:15:12.818,AAVE/USDT:USDT,297.38,12.6,297.37,10.1,297.39,12.9,297.4,17.7
1753503312920,04:15:12.920,AAVE/USDT:USDT,297.38,12.6,297.37,10.1,297.39,12.9,297.4,17.7
1753503313065,04:15:13.065,AAVE/USDT:USDT,297.38,13.4,297.37,10.1,297.39,12.9,297.4,17.7
1753503313168,04:15:13.168,AAVE/USDT:USDT,297.38,13.4,297.37,9.7,297.39,12.9,297.4,17.7
1753503313286,04:15:13.286,AAVE/USDT:USDT,297.38,13.4,297.37,9.7,297.39,12.9,297.4,17.7
1753503313416,04:15:13.416,AAVE/USDT:USDT,297.38,13.3,297.37,6.1,297.39,12.9,297.4,17.7
1753503313517,04:15:13.517,AAVE/USDT:USDT,297.38,14.9,297.37,2.8,297.39,13.5,297.4,16.5
1753503313618,04:15:13.618,AAVE/USDT:USDT,297.38,11.4,297.37,2.8,297.39,13.5,297.4,14.3
1753503313730,04:15:13.730,AAVE/USDT:USDT,297.38,17.2,297.37,10.0,297.39,4.6,297.4,7.6
1753503313839,04:15:13.839,AAVE/USDT:USDT,297.38,18.0,297.37,10.0,297.39,4.6,297.4,5.5
1753503313952,04:15:13.952,AAVE/USDT:USDT,297.38,17.9,297.37,10.0,297.39,4.6,297.4,5.5
1753503314071,04:15:14.071,AAVE/USDT:USDT,297.38,17.9,297.37,10.1,297.39,4.6,297.4,5.5
1753503314174,04:15:14.174,AAVE/USDT:USDT,297.38,17.9,297.37,10.1,297.39,4.6,297.4,5.5
1753503314332,04:15:14.332,AAVE/USDT:USDT,297.38,20.5,297.37,10.1,297.39,4.6,297.4,5.5
1753503314436,04:15:14.436,AAVE/USDT:USDT,297.38,20.5,297.37,10.1,297.39,4.6,297.4,5.5
1753503314542,04:15:14.542,AAVE/USDT:USDT,297.38,17.2,297.37,2.8,297.39,4.6,297.4,5.5
1753503314644,04:15:14.644,AAVE/USDT:USDT,297.38,17.6,297.37,3.2,297.39,4.6,297.4,5.5
1753503314783,04:15:14.783,AAVE/USDT:USDT,297.38,20.0,297.37,6.5,297.39,4.6,297.4,5.5
1753503314886,04:15:14.886,AAVE/USDT:USDT,297.38,20.0,297.37,6.5,297.39,4.6,297.4,5.5
1753503314993,04:15:14.993,AAVE/USDT:USDT,297.38,15.5,297.37,2.8,297.39,4.6,297.4,5.5
1753503315097,04:15:15.097,AAVE/USDT:USDT,297.38,15.5,297.37,2.8,297.39,4.6,297.4,5.5
1753503315200,04:15:15.200,AAVE/USDT:USDT,297.38,15.5,297.37,3.2,297.39,4.6,297.4,5.5
1753503315437,04:15:15.437,AAVE/USDT:USDT,297.38,19.7,297.37,6.1,297.39,4.8,297.4,5.5
1753503315540,04:15:15.540,AAVE/USDT:USDT,297.38,18.0,297.37,6.1,297.39,4.8,297.4,5.5
1753503315648,04:15:15.648,AAVE/USDT:USDT,297.38,18.0,297.37,6.1,297.39,4.8,297.4,5.5
1753503315773,04:15:15.773,AAVE/USDT:USDT,297.38,13.8,297.37,2.8,297.39,4.8,297.4,5.5
1753503315875,04:15:15.875,AAVE/USDT:USDT,297.38,13.8,297.37,2.8,297.39,4.8,297.4,5.5
1753503315979,04:15:15.979,AAVE/USDT:USDT,297.38,13.8,297.37,2.8,297.39,4.8,297.4,5.5
1753503316135,04:15:16.135,AAVE/USDT:USDT,297.38,15.6,297.37,2.8,297.39,8.5,297.4,5.5
1753503316237,04:15:16.237,AAVE/USDT:USDT,297.38,15.6,297.37,2.8,297.39,8.5,297.4,5.5
1753503316358,04:15:16.358,AAVE/USDT:USDT,297.38,15.6,297.37,2.8,297.39,8.5,297.4,5.5
1753503316577,04:15:16.577,AAVE/USDT:USDT,297.4,40.7,297.39,43.3,297.41,0.1,297.42,0.2
1753503316679,04:15:16.679,AAVE/USDT:USDT,297.4,41.1,297.39,43.3,297.41,0.1,297.42,0.2
1753503316783,04:15:16.783,AAVE/USDT:USDT,297.4,41.1,297.39,43.3,297.41,0.1,297.42,0.2
1753503316905,04:15:16.905,AAVE/USDT:USDT,297.41,52.4,297.4,41.1,297.43,3.4,297.44,0.2
1753503317006,04:15:17.006,AAVE/USDT:USDT,297.46,1.1,297.45,73.8,297.47,1.6,297.48,2.5
1753503317108,04:15:17.108,AAVE/USDT:USDT,297.46,42.2,297.45,46.8,297.47,0.1,297.48,0.5
1753503317217,04:15:17.217,AAVE/USDT:USDT,297.46,43.0,297.45,46.8,297.47,0.1,297.48,0.5
1753503317319,04:15:17.319,AAVE/USDT:USDT,297.46,40.6,297.45,40.0,297.47,0.5,297.48,0.5
1753503317430,04:15:17.430,AAVE/USDT:USDT,297.46,42.9,297.45,40.0,297.47,0.5,297.48,0.5
1753503317533,04:15:17.533,AAVE/USDT:USDT,297.46,18.0,297.45,37.6,297.47,7.1,297.48,0.4
1753503317637,04:15:17.637,AAVE/USDT:USDT,297.46,11.8,297.45,24.2,297.47,9.6,297.48,0.4
1753503317739,04:15:17.739,AAVE/USDT:USDT,297.46,11.8,297.45,24.2,297.47,9.5,297.48,0.4
1753503317845,04:15:17.845,AAVE/USDT:USDT,297.46,11.8,297.45,24.2,297.47,9.5,297.48,0.4
1753503317959,04:15:17.959,AAVE/USDT:USDT,297.46,13.6,297.45,27.5,297.47,4.0,297.48,0.4
1753503318060,04:15:18.060,AAVE/USDT:USDT,297.46,13.6,297.45,27.5,297.47,4.0,297.48,0.4
1753503318163,04:15:18.163,AAVE/USDT:USDT,297.46,13.6,297.45,27.5,297.47,4.0,297.48,0.4
1753503318266,04:15:18.266,AAVE/USDT:USDT,297.46,14.2,297.45,27.5,297.47,4.0,297.48,0.4
1753503318368,04:15:18.368,AAVE/USDT:USDT,297.46,14.2,297.45,27.5,297.47,4.0,297.48,0.4
1753503318474,04:15:18.474,AAVE/USDT:USDT,297.47,51.6,297.46,10.1,297.48,3.8,297.49,2.6
1753503318579,04:15:18.579,AAVE/USDT:USDT,297.47,51.7,297.46,10.1,297.48,3.9,297.49,0.3
1753503318683,04:15:18.683,AAVE/USDT:USDT,297.47,50.0,297.46,10.1,297.48,3.8,297.49,0.3
1753503318786,04:15:18.786,AAVE/USDT:USDT,297.47,50.0,297.46,10.1,297.48,3.8,297.49,0.3
1753503318888,04:15:18.888,AAVE/USDT:USDT,297.47,50.0,297.46,10.1,297.48,3.8,297.49,0.3
1753503319111,04:15:19.111,AAVE/USDT:USDT,297.47,50.2,297.46,10.1,297.48,0.1,297.49,0.3
1753503319215,04:15:19.215,AAVE/USDT:USDT,297.48,49.6,297.47,32.2,297.49,0.3,297.5,0.4
1753503319319,04:15:19.319,AAVE/USDT:USDT,297.48,49.7,297.47,34.4,297.49,0.3,297.5,0.4
1753503319421,04:15:19.421,AAVE/USDT:USDT,297.48,44.7,297.47,32.0,297.49,0.3,297.5,0.4
1753503319524,04:15:19.524,AAVE/USDT:USDT,297.48,44.7,297.47,29.8,297.49,0.3,297.5,0.4
1753503319638,04:15:19.638,AAVE/USDT:USDT,297.48,44.7,297.47,29.8,297.49,0.3,297.5,0.4
1753503319742,04:15:19.742,AAVE/USDT:USDT,297.48,44.7,297.47,29.8,297.49,0.3,297.5,0.4
1753503319847,04:15:19.847,AAVE/USDT:USDT,297.49,32.3,297.48,37.5,297.5,3.7,297.51,16.0
1753503319962,04:15:19.962,AAVE/USDT:USDT,297.49,32.7,297.48,37.5,297.5,3.8,297.51,10.0
1753503320066,04:15:20.066,AAVE/USDT:USDT,297.49,33.3,297.48,37.5,297.5,4.0,297.51,10.0
1753503320168,04:15:20.168,AAVE/USDT:USDT,297.49,33.3,297.48,37.5,297.5,4.0,297.51,10.0
1753503320304,04:15:20.304,AAVE/USDT:USDT,297.49,33.3,297.48,37.5,297.5,4.0,297.51,7.7
1753503320408,04:15:20.408,AAVE/USDT:USDT,297.49,33.3,297.48,37.5,297.5,4.0,297.51,7.7
1753503320567,04:15:20.567,AAVE/USDT:USDT,297.49,33.3,297.48,37.5,297.5,0.4,297.51,7.7
1753503320673,04:15:20.673,AAVE/USDT:USDT,297.49,33.3,297.48,37.5,297.5,0.2,297.51,7.7
1753503320775,04:15:20.775,AAVE/USDT:USDT,297.49,33.3,297.48,37.5,297.5,0.1,297.51,7.7
1753503320878,04:15:20.878,AAVE/USDT:USDT,297.5,30.9,297.49,32.8,297.51,7.6,297.52,2.0
1753503320980,04:15:20.980,AAVE/USDT:USDT,297.5,31.0,297.49,32.8,297.51,4.1,297.52,2.0
1753503321082,04:15:21.082,AAVE/USDT:USDT,297.51,33.2,297.5,32.8,297.52,5.5,297.53,2.2
1753503321186,04:15:21.186,AAVE/USDT:USDT,297.51,22.5,297.5,26.8,297.52,5.6,297.53,2.2
1753503321293,04:15:21.293,AAVE/USDT:USDT,297.51,22.9,297.5,26.8,297.52,5.6,297.53,2.2
1753503321396,04:15:21.396,AAVE/USDT:USDT,297.51,23.7,297.5,26.8,297.52,2.0,297.53,2.2
1753503321502,04:15:21.502,AAVE/USDT:USDT,297.51,23.7,297.5,26.8,297.52,5.5,297.53,2.2
1753503321603,04:15:21.603,AAVE/USDT:USDT,297.51,23.8,297.5,26.8,297.52,5.6,297.53,2.2
1753503321727,04:15:21.727,AAVE/USDT:USDT,297.51,23.8,297.5,26.8,297.52,5.6,297.53,2.2
1753503321829,04:15:21.829,AAVE/USDT:USDT,297.51,23.8,297.5,26.8,297.52,5.6,297.53,2.2
1753503321932,04:15:21.932,AAVE/USDT:USDT,297.51,23.8,297.5,26.8,297.52,5.6,297.53,2.2
1753503322035,04:15:22.035,AAVE/USDT:USDT,297.51,24.6,297.5,26.8,297.52,5.6,297.53,2.2
1753503322144,04:15:22.144,AAVE/USDT:USDT,297.51,24.6,297.5,27.4,297.52,2.0,297.53,2.2
1753503322247,04:15:22.247,AAVE/USDT:USDT,297.51,24.6,297.5,27.4,297.52,2.0,297.53,2.2
1753503322369,04:15:22.369,AAVE/USDT:USDT,297.51,24.6,297.5,27.4,297.52,5.6,297.53,2.2
1753503322474,04:15:22.474,AAVE/USDT:USDT,297.51,24.6,297.5,26.8,297.52,5.6,297.53,2.2
1753503322592,04:15:22.592,AAVE/USDT:USDT,297.51,24.6,297.5,26.8,297.52,5.6,297.53,2.2
1753503322738,04:15:22.738,AAVE/USDT:USDT,297.51,24.6,297.5,26.8,297.52,5.6,297.53,2.2
1753503322841,04:15:22.841,AAVE/USDT:USDT,297.51,24.6,297.5,26.8,297.52,5.6,297.53,2.2
1753503322957,04:15:22.957,AAVE/USDT:USDT,297.51,24.6,297.5,26.8,297.52,5.6,297.53,2.2
1753503323059,04:15:23.059,AAVE/USDT:USDT,297.51,18.5,297.5,26.8,297.52,5.6,297.53,2.2
1753503323169,04:15:23.169,AAVE/USDT:USDT,297.51,18.5,297.5,26.8,297.52,5.6,297.53,2.2
1753503323272,04:15:23.272,AAVE/USDT:USDT,297.51,18.5,297.5,14.9,297.52,5.6,297.53,2.2
1753503323378,04:15:23.378,AAVE/USDT:USDT,297.51,2.7,297.5,14.9,297.52,5.8,297.53,2.2
1753503323481,04:15:23.481,AAVE/USDT:USDT,297.51,9.8,297.5,14.9,297.52,5.8,297.53,2.2
1753503323585,04:15:23.585,AAVE/USDT:USDT,297.51,9.9,297.5,14.9,297.52,5.8,297.53,2.2
1753503323756,04:15:23.756,AAVE/USDT:USDT,297.51,11.6,297.5,14.9,297.52,5.8,297.53,2.2
1753503323858,04:15:23.858,AAVE/USDT:USDT,297.51,11.6,297.5,14.9,297.52,5.8,297.53,2.2
1753503323986,04:15:23.986,AAVE/USDT:USDT,297.51,6.3,297.5,14.9,297.52,5.8,297.53,2.2
1753503324089,04:15:24.089,AAVE/USDT:USDT,297.51,2.7,297.5,14.9,297.52,5.8,297.53,2.2
1753503324207,04:15:24.207,AAVE/USDT:USDT,297.51,11.0,297.5,14.9,297.52,5.6,297.53,2.2
1753503324312,04:15:24.312,AAVE/USDT:USDT,297.51,13.6,297.5,14.9,297.52,5.8,297.53,2.2
1753503324414,04:15:24.414,AAVE/USDT:USDT,297.51,12.8,297.5,17.2,297.52,5.8,297.53,2.2
1753503324535,04:15:24.535,AAVE/USDT:USDT,297.51,12.9,297.5,17.2,297.52,5.8,297.53,2.2
1753503324663,04:15:24.663,AAVE/USDT:USDT,297.51,11.2,297.5,17.2,297.52,5.5,297.53,1.8
1753503324773,04:15:24.773,AAVE/USDT:USDT,297.51,2.8,297.5,14.9,297.52,10.8,297.53,1.8
1753503324881,04:15:24.881,AAVE/USDT:USDT,297.51,2.8,297.5,11.1,297.52,10.4,297.53,1.8
1753503324985,04:15:24.985,AAVE/USDT:USDT,297.51,2.8,297.5,10.6,297.52,10.4,297.53,10.5
1753503325088,04:15:25.088,AAVE/USDT:USDT,297.51,6.5,297.5,10.6,297.52,10.4,297.53,10.5
1753503325191,04:15:25.191,AAVE/USDT:USDT,297.51,7.2,297.5,10.6,297.52,10.4,297.53,1.8
1753503325362,04:15:25.362,AAVE/USDT:USDT,297.51,7.2,297.5,10.6,297.52,10.4,297.53,1.8
1753503325465,04:15:25.465,AAVE/USDT:USDT,297.51,7.2,297.5,10.6,297.52,10.6,297.53,1.8
1753503325568,04:15:25.568,AAVE/USDT:USDT,297.51,7.2,297.5,10.6,297.52,10.6,297.53,1.8
1753503325682,04:15:25.682,AAVE/USDT:USDT,297.51,9.0,297.5,10.6,297.52,10.6,297.53,1.8
1753503325798,04:15:25.798,AAVE/USDT:USDT,297.51,9.3,297.5,10.6,297.52,10.6,297.53,1.8
1753503325901,04:15:25.901,AAVE/USDT:USDT,297.51,13.3,297.5,11.0,297.52,0.5,297.53,1.8
1753503326003,04:15:26.003,AAVE/USDT:USDT,297.51,13.3,297.5,11.0,297.52,0.5,297.53,1.8
1753503326129,04:15:26.129,AAVE/USDT:USDT,297.51,13.3,297.5,11.0,297.52,0.2,297.53,1.8
1753503326248,04:15:26.248,AAVE/USDT:USDT,297.52,38.4,297.51,10.1,297.53,2.5,297.54,2.7
1753503326351,04:15:26.351,AAVE/USDT:USDT,297.52,36.9,297.51,10.1,297.53,7.9,297.54,2.7
1753503326452,04:15:26.452,AAVE/USDT:USDT,297.52,19.0,297.51,8.4,297.53,10.7,297.54,2.7
1753503326555,04:15:26.555,AAVE/USDT:USDT,297.52,4.8,297.51,8.4,297.53,10.7,297.54,2.7
1753503326663,04:15:26.663,AAVE/USDT:USDT,297.52,4.6,297.51,8.4,297.53,10.7,297.54,2.7
1753503326764,04:15:26.764,AAVE/USDT:USDT,297.52,4.8,297.51,8.4,297.53,10.7,297.54,2.7
1753503326886,04:15:26.886,AAVE/USDT:USDT,297.52,4.8,297.51,8.4,297.53,10.7,297.54,2.7
1753503326987,04:15:26.987,AAVE/USDT:USDT,297.52,10.2,297.51,8.4,297.53,6.4,297.54,2.7
1753503327090,04:15:27.090,AAVE/USDT:USDT,297.52,10.8,297.51,8.4,297.53,6.2,297.54,2.7
1753503327203,04:15:27.203,AAVE/USDT:USDT,297.52,11.2,297.51,8.4,297.53,6.4,297.54,2.7
1753503327373,04:15:27.373,AAVE/USDT:USDT,297.52,13.0,297.51,8.4,297.53,6.4,297.54,2.7
1753503327476,04:15:27.476,AAVE/USDT:USDT,297.52,11.8,297.51,8.4,297.53,6.4,297.54,2.7
1753503327579,04:15:27.579,AAVE/USDT:USDT,297.52,11.8,297.51,8.4,297.53,6.4,297.54,2.7
1753503327695,04:15:27.695,AAVE/USDT:USDT,297.52,13.6,297.51,8.4,297.53,6.4,297.54,2.7
1753503327846,04:15:27.846,AAVE/USDT:USDT,297.52,13.6,297.51,8.4,297.53,6.4,297.54,2.7
1753503327951,04:15:27.951,AAVE/USDT:USDT,297.52,11.8,297.51,8.4,297.53,6.4,297.54,2.7
1753503328052,04:15:28.052,AAVE/USDT:USDT,297.52,11.8,297.51,8.4,297.53,6.4,297.54,2.7
1753503328153,04:15:28.153,AAVE/USDT:USDT,297.52,11.8,297.51,8.4,297.53,6.4,297.54,2.7
1753503328267,04:15:28.267,AAVE/USDT:USDT,297.51,2.1,297.5,0.1,297.52,13.9,297.53,13.7
1753503328370,04:15:28.370,AAVE/USDT:USDT,297.51,2.2,297.5,0.1,297.52,14.0,297.53,14.1
1753503328473,04:15:28.473,AAVE/USDT:USDT,297.51,5.8,297.5,0.1,297.52,14.0,297.53,13.7
1753503328577,04:15:28.577,AAVE/USDT:USDT,297.51,5.8,297.5,0.5,297.52,13.4,297.53,10.8
1753503328681,04:15:28.681,AAVE/USDT:USDT,297.51,5.8,297.5,0.1,297.52,13.4,297.53,10.8
1753503328782,04:15:28.782,AAVE/USDT:USDT,297.51,5.8,297.5,0.1,297.52,13.4,297.53,10.8
1753503328938,04:15:28.938,AAVE/USDT:USDT,297.51,5.8,297.5,0.3,297.52,13.4,297.53,10.8
1753503329044,04:15:29.044,AAVE/USDT:USDT,297.51,2.2,297.5,0.3,297.52,13.4,297.53,10.8
1753503329146,04:15:29.146,AAVE/USDT:USDT,297.51,2.2,297.5,0.3,297.52,13.4,297.53,10.8
1753503329258,04:15:29.258,AAVE/USDT:USDT,297.51,2.2,297.5,0.3,297.52,13.6,297.53,10.8
1753503329362,04:15:29.362,AAVE/USDT:USDT,297.51,2.2,297.5,0.3,297.52,13.6,297.53,10.8
1753503329548,04:15:29.548,AAVE/USDT:USDT,297.51,2.2,297.5,0.3,297.52,13.6,297.53,10.8
1753503329649,04:15:29.649,AAVE/USDT:USDT,297.51,2.2,297.5,0.3,297.52,13.6,297.53,10.8
1753503329890,04:15:29.890,AAVE/USDT:USDT,297.51,2.2,297.5,0.3,297.52,13.6,297.53,10.8
1753503330055,04:15:30.055,AAVE/USDT:USDT,297.51,2.2,297.5,0.3,297.52,13.6,297.53,10.8
1753503330156,04:15:30.156,AAVE/USDT:USDT,297.51,2.2,297.5,0.3,297.52,13.6,297.53,10.8
1753503330260,04:15:30.260,AAVE/USDT:USDT,297.51,9.5,297.5,5.2,297.52,11.9,297.53,10.5
1753503330363,04:15:30.363,AAVE/USDT:USDT,297.51,9.5,297.5,5.2,297.52,11.9,297.53,10.5
1753503330465,04:15:30.465,AAVE/USDT:USDT,297.51,9.5,297.5,2.3,297.52,8.4,297.53,10.5
1753503330567,04:15:30.567,AAVE/USDT:USDT,297.51,9.5,297.5,2.3,297.52,8.4,297.53,10.5
1753503330702,04:15:30.702,AAVE/USDT:USDT,297.51,9.7,297.5,2.2,297.52,8.4,297.53,10.5
1753503330826,04:15:30.826,AAVE/USDT:USDT,297.51,11.4,297.5,2.2,297.52,8.4,297.53,10.5
1753503330941,04:15:30.941,AAVE/USDT:USDT,297.51,11.4,297.5,2.6,297.52,4.2,297.53,6.9
1753503331050,04:15:31.050,AAVE/USDT:USDT,297.51,11.4,297.5,5.2,297.52,4.1,297.53,6.9
1753503331152,04:15:31.152,AAVE/USDT:USDT,297.51,11.4,297.5,5.2,297.52,4.3,297.53,6.9
1753503331254,04:15:31.254,AAVE/USDT:USDT,297.51,11.4,297.5,2.6,297.52,4.3,297.53,6.9
1753503331366,04:15:31.366,AAVE/USDT:USDT,297.51,11.4,297.5,2.2,297.52,4.3,297.53,6.9
1753503331482,04:15:31.482,AAVE/USDT:USDT,297.51,11.4,297.5,2.2,297.52,4.3,297.53,6.9
1753503331608,04:15:31.608,AAVE/USDT:USDT,297.51,11.4,297.5,2.2,297.52,4.3,297.53,6.9
1753503331713,04:15:31.713,AAVE/USDT:USDT,297.51,17.9,297.5,4.8,297.52,4.3,297.53,6.9
1753503331814,04:15:31.814,AAVE/USDT:USDT,297.51,19.5,297.5,4.8,297.52,0.7,297.53,6.9
1753503331921,04:15:31.921,AAVE/USDT:USDT,297.51,19.5,297.5,2.2,297.52,0.7,297.53,6.9
1753503332025,04:15:32.025,AAVE/USDT:USDT,297.51,16.0,297.5,2.2,297.52,8.8,297.53,6.9
1753503332128,04:15:32.128,AAVE/USDT:USDT,297.51,16.0,297.5,2.2,297.52,8.9,297.53,6.9
1753503332411,04:15:32.411,AAVE/USDT:USDT,297.51,16.0,297.5,2.2,297.52,8.9,297.53,6.9
1753503332523,04:15:32.523,AAVE/USDT:USDT,297.51,16.0,297.5,2.2,297.52,8.9,297.53,6.9
1753503332638,04:15:32.638,AAVE/USDT:USDT,297.51,16.0,297.5,2.2,297.52,8.9,297.53,6.9
1753503332740,04:15:32.740,AAVE/USDT:USDT,297.51,16.0,297.5,2.2,297.52,8.9,297.53,6.9
1753503332849,04:15:32.849,AAVE/USDT:USDT,297.51,16.0,297.5,2.2,297.52,8.9,297.53,6.9
1753503332953,04:15:32.953,AAVE/USDT:USDT,297.51,16.0,297.5,2.2,297.52,8.9,297.53,6.9
1753503333060,04:15:33.060,AAVE/USDT:USDT,297.51,16.2,297.5,2.2,297.52,4.3,297.53,6.9
1753503333163,04:15:33.163,AAVE/USDT:USDT,297.51,16.2,297.5,2.2,297.52,4.3,297.53,6.9
1753503333265,04:15:33.265,AAVE/USDT:USDT,297.51,17.2,297.5,2.6,297.52,0.7,297.53,6.1
1753503333367,04:15:33.367,AAVE/USDT:USDT,297.51,17.2,297.5,5.2,297.52,0.7,297.53,6.1
1753503333471,04:15:33.471,AAVE/USDT:USDT,297.51,17.2,297.5,5.2,297.52,0.7,297.53,6.1
1753503333609,04:15:33.609,AAVE/USDT:USDT,297.51,17.2,297.5,4.8,297.52,4.3,297.53,6.1
1753503333711,04:15:33.711,AAVE/USDT:USDT,297.51,17.2,297.5,2.2,297.52,4.3,297.53,6.1
1753503333818,04:15:33.818,AAVE/USDT:USDT,297.51,17.2,297.5,2.2,297.52,4.3,297.53,6.1
1753503333919,04:15:33.919,AAVE/USDT:USDT,297.51,17.2,297.5,2.2,297.52,4.3,297.53,6.1
1753503334021,04:15:34.021,AAVE/USDT:USDT,297.51,17.2,297.5,2.2,297.52,4.3,297.53,6.1
1753503334135,04:15:34.135,AAVE/USDT:USDT,297.51,11.4,297.5,2.2,297.52,9.7,297.53,6.1
1753503334237,04:15:34.237,AAVE/USDT:USDT,297.51,11.4,297.5,2.2,297.52,9.7,297.53,6.1
1753503334346,04:15:34.346,AAVE/USDT:USDT,297.51,13.2,297.5,2.2,297.52,9.7,297.53,6.1
1753503334468,04:15:34.468,AAVE/USDT:USDT,297.51,14.9,297.5,2.2,297.52,9.7,297.53,6.1
1753503334574,04:15:34.574,AAVE/USDT:USDT,297.51,16.6,297.5,4.8,297.52,9.7,297.53,6.1
1753503334694,04:15:34.694,AAVE/USDT:USDT,297.51,17.0,297.5,4.9,297.52,9.7,297.53,6.1
1753503334796,04:15:34.796,AAVE/USDT:USDT,297.51,17.0,297.5,4.9,297.52,9.7,297.53,6.1
1753503334935,04:15:34.935,AAVE/USDT:USDT,297.51,17.1,297.5,4.9,297.52,9.7,297.53,6.1
1753503335158,04:15:35.158,AAVE/USDT:USDT,297.51,17.1,297.5,5.3,297.52,0.5,297.53,1.4
1753503335260,04:15:35.260,AAVE/USDT:USDT,297.51,17.1,297.5,2.3,297.52,4.0,297.53,1.4
1753503335364,04:15:35.364,AAVE/USDT:USDT,297.51,17.1,297.5,2.3,297.52,4.1,297.53,1.4
1753503335465,04:15:35.465,AAVE/USDT:USDT,297.51,13.6,297.5,2.2,297.52,9.0,297.53,1.4
1753503335585,04:15:35.585,AAVE/USDT:USDT,297.51,13.6,297.5,2.2,297.52,9.0,297.53,1.4
1753503335708,04:15:35.708,AAVE/USDT:USDT,297.51,13.6,297.5,2.2,297.52,9.0,297.53,1.4
1753503335907,04:15:35.907,AAVE/USDT:USDT,297.51,15.4,297.5,0.1,297.52,10.7,297.53,1.4
1753503336010,04:15:36.010,AAVE/USDT:USDT,297.51,15.4,297.5,0.1,297.52,10.7,297.53,1.4
1753503336111,04:15:36.111,AAVE/USDT:USDT,297.51,17.1,297.5,0.1,297.52,5.9,297.53,1.4
1753503336218,04:15:36.218,AAVE/USDT:USDT,297.51,17.1,297.5,0.1,297.52,5.9,297.53,1.4
1753503336368,04:15:36.368,AAVE/USDT:USDT,297.51,13.6,297.5,0.1,297.52,10.7,297.53,1.5
1753503336471,04:15:36.471,AAVE/USDT:USDT,297.51,13.5,297.5,0.1,297.52,10.7,297.53,3.7
1753503336572,04:15:36.572,AAVE/USDT:USDT,297.51,15.3,297.5,0.1,297.52,10.8,297.53,3.7
1753503336675,04:15:36.675,AAVE/USDT:USDT,297.51,15.3,297.5,0.1,297.52,10.8,297.53,3.7
1753503336778,04:15:36.778,AAVE/USDT:USDT,297.51,15.3,297.5,0.1,297.52,10.8,297.53,1.5
1753503336881,04:15:36.881,AAVE/USDT:USDT,297.51,15.3,297.5,0.1,297.52,10.8,297.53,1.5
1753503337021,04:15:37.021,AAVE/USDT:USDT,297.51,15.8,297.5,0.1,297.52,10.8,297.53,1.5
1753503337124,04:15:37.124,AAVE/USDT:USDT,297.51,15.6,297.5,0.1,297.52,10.8,297.53,1.4
1753503337230,04:15:37.230,AAVE/USDT:USDT,297.51,16.3,297.5,0.1,297.52,10.8,297.53,1.4
1753503337467,04:15:37.467,AAVE/USDT:USDT,297.51,16.3,297.5,0.1,297.52,10.9,297.53,1.4
1753503337573,04:15:37.573,AAVE/USDT:USDT,297.51,19.6,297.5,0.3,297.52,10.9,297.53,1.4
1753503337680,04:15:37.680,AAVE/USDT:USDT,297.51,19.6,297.5,0.3,297.52,10.9,297.53,1.4
1753503337796,04:15:37.796,AAVE/USDT:USDT,297.51,19.6,297.5,0.3,297.52,10.9,297.53,1.4
1753503337897,04:15:37.897,AAVE/USDT:USDT,297.51,19.6,297.5,0.3,297.52,11.0,297.53,9.3
1753503338000,04:15:38.000,AAVE/USDT:USDT,297.51,19.6,297.5,0.3,297.52,11.0,297.53,9.3
1753503338110,04:15:38.110,AAVE/USDT:USDT,297.51,19.6,297.5,0.3,297.52,11.0,297.53,9.3
1753503338218,04:15:38.218,AAVE/USDT:USDT,297.51,20.2,297.5,0.3,297.52,10.9,297.53,1.4
1753503338321,04:15:38.321,AAVE/USDT:USDT,297.51,20.2,297.5,0.3,297.52,8.8,297.53,1.4
1753503338424,04:15:38.424,AAVE/USDT:USDT,297.51,20.2,297.5,0.3,297.52,8.8,297.53,1.4
1753503338527,04:15:38.527,AAVE/USDT:USDT,297.51,20.2,297.5,0.3,297.52,8.7,297.53,3.9
1753503338636,04:15:38.636,AAVE/USDT:USDT,297.51,20.2,297.5,0.3,297.52,8.7,297.53,3.9
1753503338741,04:15:38.741,AAVE/USDT:USDT,297.51,20.2,297.5,0.3,297.52,8.7,297.53,3.9
1753503338851,04:15:38.851,AAVE/USDT:USDT,297.51,20.2,297.5,0.3,297.52,8.7,297.53,3.9
1753503338956,04:15:38.956,AAVE/USDT:USDT,297.51,20.2,297.5,0.3,297.52,8.7,297.53,1.4
1753503339067,04:15:39.067,AAVE/USDT:USDT,297.51,20.3,297.5,0.3,297.52,8.9,297.53,1.4
1753503339302,04:15:39.302,AAVE/USDT:USDT,297.51,20.3,297.5,0.3,297.52,11.9,297.53,1.4
1753503339406,04:15:39.406,AAVE/USDT:USDT,297.51,20.3,297.5,0.3,297.52,11.9,297.53,4.3
1753503339509,04:15:39.509,AAVE/USDT:USDT,297.51,20.3,297.5,0.3,297.52,11.9,297.53,4.4
1753503339618,04:15:39.618,AAVE/USDT:USDT,297.51,20.3,297.5,0.3,297.52,11.9,297.53,4.4
1753503339752,04:15:39.752,AAVE/USDT:USDT,297.51,20.3,297.5,0.3,297.52,11.9,297.53,4.4
1753503339902,04:15:39.902,AAVE/USDT:USDT,297.51,20.3,297.5,0.3,297.52,11.9,297.53,4.4
1753503340038,04:15:40.038,AAVE/USDT:USDT,297.51,20.3,297.5,0.3,297.52,11.9,297.53,4.4
1753503340140,04:15:40.140,AAVE/USDT:USDT,297.51,20.4,297.5,0.3,297.52,11.9,297.53,4.4
1753503340303,04:15:40.303,AAVE/USDT:USDT,297.51,20.4,297.5,0.3,297.52,11.9,297.53,4.4
1753503340407,04:15:40.407,AAVE/USDT:USDT,297.51,20.4,297.5,0.3,297.52,12.0,297.53,4.4
1753503340508,04:15:40.508,AAVE/USDT:USDT,297.51,20.4,297.5,0.3,297.52,12.0,297.53,1.5
1753503340614,04:15:40.614,AAVE/USDT:USDT,297.51,20.4,297.5,0.3,297.52,12.0,297.53,1.5
1753503340717,04:15:40.717,AAVE/USDT:USDT,297.51,20.4,297.5,0.3,297.52,12.0,297.53,1.5
1753503340826,04:15:40.826,AAVE/USDT:USDT,297.51,20.4,297.5,0.3,297.52,12.0,297.53,1.5
1753503340967,04:15:40.967,AAVE/USDT:USDT,297.51,20.4,297.5,0.3,297.52,12.0,297.53,1.5
1753503341163,04:15:41.163,AAVE/USDT:USDT,297.51,20.9,297.5,0.3,297.52,12.0,297.53,1.5
1753503341265,04:15:41.265,AAVE/USDT:USDT,297.51,20.9,297.5,0.1,297.52,14.1,297.53,1.5
1753503341384,04:15:41.384,AAVE/USDT:USDT,297.51,20.9,297.5,0.1,297.52,14.1,297.53,4.4
1753503341520,04:15:41.520,AAVE/USDT:USDT,297.51,20.9,297.5,3.2,297.52,12.0,297.53,4.3
1753503341622,04:15:41.622,AAVE/USDT:USDT,297.51,21.0,297.5,3.2,297.52,11.8,297.53,1.4
1753503341725,04:15:41.725,AAVE/USDT:USDT,297.51,21.0,297.5,3.4,297.52,11.8,297.53,1.4
1753503341836,04:15:41.836,AAVE/USDT:USDT,297.51,21.0,297.5,3.4,297.52,12.0,297.53,1.4
1753503341939,04:15:41.939,AAVE/USDT:USDT,297.51,21.0,297.5,3.4,297.52,12.0,297.53,1.4
1753503342095,04:15:42.095,AAVE/USDT:USDT,297.51,20.9,297.5,3.4,297.52,12.0,297.53,1.4
1753503342197,04:15:42.197,AAVE/USDT:USDT,297.51,20.9,297.5,3.8,297.52,12.0,297.53,1.4
1753503342308,04:15:42.308,AAVE/USDT:USDT,297.51,20.9,297.5,3.4,297.52,12.0,297.53,1.4
1753503342418,04:15:42.418,AAVE/USDT:USDT,297.51,20.8,297.5,0.3,297.52,12.0,297.53,1.4
1753503342522,04:15:42.522,AAVE/USDT:USDT,297.51,20.8,297.5,0.3,297.52,12.0,297.53,1.4
1753503342627,04:15:42.627,AAVE/USDT:USDT,297.51,20.8,297.5,3.4,297.52,9.6,297.53,1.4
1753503342729,04:15:42.729,AAVE/USDT:USDT,297.51,20.8,297.5,0.3,297.52,9.6,297.53,1.4
1753503342857,04:15:42.857,AAVE/USDT:USDT,297.51,20.8,297.5,0.3,297.52,9.6,297.53,1.4
1753503343012,04:15:43.012,AAVE/USDT:USDT,297.51,20.8,297.5,0.3,297.52,9.6,297.53,1.4
1753503343118,04:15:43.118,AAVE/USDT:USDT,297.51,20.8,297.5,0.3,297.52,9.6,297.53,1.4
1753503343221,04:15:43.221,AAVE/USDT:USDT,297.51,20.8,297.5,0.3,297.52,9.6,297.53,1.4
1753503343362,04:15:43.362,AAVE/USDT:USDT,297.51,20.7,297.5,0.3,297.52,9.6,297.53,1.4
1753503343465,04:15:43.465,AAVE/USDT:USDT,297.51,20.7,297.5,0.3,297.52,9.6,297.53,1.4
1753503343569,04:15:43.569,AAVE/USDT:USDT,297.51,20.7,297.5,0.3,297.52,10.7,297.53,1.4
1753503343671,04:15:43.671,AAVE/USDT:USDT,297.51,20.7,297.5,0.3,297.52,12.8,297.53,5.8
1753503343772,04:15:43.772,AAVE/USDT:USDT,297.51,20.7,297.5,0.3,297.52,12.8,297.53,8.1
1753503343876,04:15:43.876,AAVE/USDT:USDT,297.51,20.7,297.5,0.3,297.52,12.8,297.53,8.1
1753503343977,04:15:43.977,AAVE/USDT:USDT,297.51,20.7,297.5,0.3,297.52,12.8,297.53,8.1
1753503344112,04:15:44.112,AAVE/USDT:USDT,297.51,20.7,297.5,0.3,297.52,12.8,297.53,8.1
1753503344228,04:15:44.228,AAVE/USDT:USDT,297.51,20.2,297.5,0.3,297.52,12.6,297.53,8.1
1753503344329,04:15:44.329,AAVE/USDT:USDT,297.51,20.2,297.5,0.3,297.52,12.6,297.53,1.4
1753503344453,04:15:44.453,AAVE/USDT:USDT,297.51,20.2,297.5,0.3,297.52,12.6,297.53,1.4
1753503344559,04:15:44.559,AAVE/USDT:USDT,297.51,20.2,297.5,0.3,297.52,12.7,297.53,1.4
1753503344661,04:15:44.661,AAVE/USDT:USDT,297.51,20.2,297.5,0.3,297.52,12.7,297.53,1.4
1753503344814,04:15:44.814,AAVE/USDT:USDT,297.51,20.2,297.5,0.3,297.52,12.7,297.53,1.4
1753503344917,04:15:44.917,AAVE/USDT:USDT,297.51,20.2,297.5,0.3,297.52,10.6,297.53,1.4
1753503345019,04:15:45.019,AAVE/USDT:USDT,297.51,20.2,297.5,0.3,297.52,10.6,297.53,1.4
1753503345125,04:15:45.125,AAVE/USDT:USDT,297.51,20.2,297.5,0.3,297.52,10.6,297.53,1.4
1753503345230,04:15:45.230,AAVE/USDT:USDT,297.51,20.2,297.5,0.1,297.52,10.6,297.53,1.4
1753503345340,04:15:45.340,AAVE/USDT:USDT,297.51,20.2,297.5,0.1,297.52,10.6,297.53,1.4
1753503345473,04:15:45.473,AAVE/USDT:USDT,297.51,20.2,297.5,0.1,297.52,10.5,297.53,1.4
1753503345578,04:15:45.578,AAVE/USDT:USDT,297.51,20.2,297.5,0.1,297.52,10.5,297.53,1.4
1753503345699,04:15:45.699,AAVE/USDT:USDT,297.51,20.4,297.5,0.1,297.52,10.5,297.53,1.4
1753503345804,04:15:45.804,AAVE/USDT:USDT,297.51,20.4,297.5,0.1,297.52,10.5,297.53,1.4
1753503345907,04:15:45.907,AAVE/USDT:USDT,297.51,20.4,297.5,0.1,297.52,10.5,297.53,1.4
1753503346067,04:15:46.067,AAVE/USDT:USDT,297.51,20.4,297.5,0.1,297.52,10.5,297.53,1.4
1753503346275,04:15:46.275,AAVE/USDT:USDT,297.51,20.4,297.5,0.1,297.52,10.7,297.53,1.4
1753503346380,04:15:46.380,AAVE/USDT:USDT,297.51,20.2,297.5,0.1,297.52,10.7,297.53,1.4
1753503346489,04:15:46.489,AAVE/USDT:USDT,297.51,20.7,297.5,0.1,297.52,10.8,297.53,1.4
1753503346610,04:15:46.610,AAVE/USDT:USDT,297.51,20.7,297.5,0.1,297.52,10.8,297.53,1.4
1753503346715,04:15:46.715,AAVE/USDT:USDT,297.51,20.7,297.5,0.1,297.52,10.8,297.53,1.4
1753503346818,04:15:46.818,AAVE/USDT:USDT,297.51,20.7,297.5,0.1,297.52,10.8,297.53,1.4
1753503346926,04:15:46.926,AAVE/USDT:USDT,297.5,0.3,297.49,0.4,297.51,36.1,297.52,18.9
1753503347027,04:15:47.027,AAVE/USDT:USDT,297.5,0.3,297.49,0.4,297.51,38.9,297.52,26.9
1753503347129,04:15:47.129,AAVE/USDT:USDT,297.5,0.3,297.49,0.4,297.51,39.3,297.52,25.9
1753503347313,04:15:47.313,AAVE/USDT:USDT,297.5,0.3,297.49,0.4,297.51,36.6,297.52,21.3
1753503347418,04:15:47.418,AAVE/USDT:USDT,297.5,0.3,297.49,0.4,297.51,36.6,297.52,21.3
1753503347523,04:15:47.523,AAVE/USDT:USDT,297.44,0.2,297.43,0.2,297.45,25.0,297.46,17.3
1753503347624,04:15:47.624,AAVE/USDT:USDT,297.42,0.4,297.41,0.4,297.43,21.0,297.44,31.9
1753503347725,04:15:47.725,AAVE/USDT:USDT,297.42,0.5,297.41,0.3,297.43,21.2,297.44,37.0
1753503347826,04:15:47.826,AAVE/USDT:USDT,297.41,0.1,297.4,0.2,297.42,24.3,297.43,28.4
1753503347928,04:15:47.928,AAVE/USDT:USDT,297.39,2.6,297.38,0.2,297.4,2.0,297.42,28.1
1753503348032,04:15:48.032,AAVE/USDT:USDT,297.4,23.7,297.39,10.5,297.41,0.7,297.42,3.3
1753503348135,04:15:48.135,AAVE/USDT:USDT,297.4,23.7,297.39,10.5,297.41,0.1,297.42,0.3
1753503348239,04:15:48.239,AAVE/USDT:USDT,297.4,23.8,297.39,10.5,297.41,0.2,297.42,0.3
1753503348342,04:15:48.342,AAVE/USDT:USDT,297.4,23.9,297.39,10.1,297.41,5.3,297.42,0.3
1753503348452,04:15:48.452,AAVE/USDT:USDT,297.4,23.9,297.39,10.1,297.41,5.4,297.42,0.3
1753503348556,04:15:48.556,AAVE/USDT:USDT,297.4,23.9,297.39,10.1,297.41,5.4,297.42,0.3
1753503348658,04:15:48.658,AAVE/USDT:USDT,297.4,23.9,297.39,10.1,297.41,5.4,297.42,0.3
1753503348767,04:15:48.767,AAVE/USDT:USDT,297.4,23.9,297.39,10.1,297.41,5.5,297.42,0.3
1753503348882,04:15:48.882,AAVE/USDT:USDT,297.4,23.9,297.39,10.1,297.41,5.5,297.42,0.3
1753503348984,04:15:48.984,AAVE/USDT:USDT,297.4,23.9,297.39,10.1,297.41,5.5,297.42,0.3
1753503349087,04:15:49.087,AAVE/USDT:USDT,297.41,39.8,297.4,27.0,297.42,0.3,297.43,0.2
1753503349190,04:15:49.190,AAVE/USDT:USDT,297.41,39.9,297.4,27.0,297.42,0.3,297.43,0.2
1753503349299,04:15:49.299,AAVE/USDT:USDT,297.41,39.9,297.4,27.0,297.42,0.3,297.43,0.2
1753503349406,04:15:49.406,AAVE/USDT:USDT,297.41,39.9,297.4,27.0,297.42,0.3,297.43,0.2
1753503349537,04:15:49.537,AAVE/USDT:USDT,297.41,39.9,297.4,23.9,297.42,0.3,297.43,0.2
1753503349638,04:15:49.638,AAVE/USDT:USDT,297.41,39.9,297.4,23.9,297.42,0.3,297.43,0.2
1753503349750,04:15:49.750,AAVE/USDT:USDT,297.41,39.9,297.4,23.9,297.42,0.3,297.43,0.2
1753503349866,04:15:49.866,AAVE/USDT:USDT,297.45,3.6,297.44,2.2,297.46,5.9,297.48,2.8
1753503349967,04:15:49.967,AAVE/USDT:USDT,297.43,6.6,297.42,30.3,297.44,3.6,297.45,6.1
1753503350070,04:15:50.070,AAVE/USDT:USDT,297.43,6.7,297.42,30.3,297.44,3.7,297.45,6.1
1753503350181,04:15:50.181,AAVE/USDT:USDT,297.43,6.7,297.42,30.3,297.44,3.7,297.45,6.1
1753503350282,04:15:50.282,AAVE/USDT:USDT,297.45,16.5,297.44,33.0,297.46,0.2,297.48,7.4
1753503350385,04:15:50.385,AAVE/USDT:USDT,297.45,4.7,297.44,33.5,297.46,3.9,297.48,7.4
1753503350487,04:15:50.487,AAVE/USDT:USDT,297.45,6.0,297.44,33.5,297.46,3.9,297.48,9.5
1753503350590,04:15:50.590,AAVE/USDT:USDT,297.45,6.0,297.44,31.3,297.46,3.9,297.48,9.5
1753503350692,04:15:50.692,AAVE/USDT:USDT,297.45,5.5,297.44,25.9,297.46,3.9,297.48,10.7
1753503350805,04:15:50.805,AAVE/USDT:USDT,297.45,5.5,297.44,25.9,297.46,3.9,297.48,10.7
1753503350908,04:15:50.908,AAVE/USDT:USDT,297.45,5.5,297.44,25.9,297.46,3.9,297.48,10.7
1753503351012,04:15:51.012,AAVE/USDT:USDT,297.45,5.5,297.44,25.9,297.46,3.9,297.48,9.5
1753503351118,04:15:51.118,AAVE/USDT:USDT,297.45,5.5,297.44,25.9,297.46,5.7,297.48,11.1
1753503351254,04:15:51.254,AAVE/USDT:USDT,297.45,1.4,297.44,19.5,297.46,13.6,297.47,0.4
1753503351357,04:15:51.357,AAVE/USDT:USDT,297.45,1.4,297.44,3.7,297.46,18.6,297.47,3.1
1753503351461,04:15:51.461,AAVE/USDT:USDT,297.45,1.4,297.44,3.7,297.46,18.6,297.47,3.1
1753503351562,04:15:51.562,AAVE/USDT:USDT,297.45,1.4,297.44,3.7,297.46,18.6,297.47,3.1
1753503351668,04:15:51.668,AAVE/USDT:USDT,297.45,1.4,297.44,0.1,297.46,19.4,297.47,3.1
1753503351772,04:15:51.772,AAVE/USDT:USDT,297.45,1.4,297.44,0.1,297.46,20.2,297.47,4.7
1753503351875,04:15:51.875,AAVE/USDT:USDT,297.45,1.4,297.44,0.1,297.46,20.2,297.47,10.9
1753503351978,04:15:51.978,AAVE/USDT:USDT,297.45,1.4,297.44,0.1,297.46,20.2,297.47,9.3
1753503352107,04:15:52.107,AAVE/USDT:USDT,297.45,1.4,297.44,0.1,297.46,20.2,297.47,10.9
1753503352223,04:15:52.223,AAVE/USDT:USDT,297.39,6.1,297.38,2.7,297.4,10.9,297.41,11.5
1753503352325,04:15:52.325,AAVE/USDT:USDT,297.39,6.2,297.38,2.7,297.4,16.8,297.41,11.5
1753503352428,04:15:52.428,AAVE/USDT:USDT,297.39,6.2,297.38,2.7,297.4,16.8,297.41,10.2
1753503352532,04:15:52.532,AAVE/USDT:USDT,297.39,6.3,297.38,2.7,297.4,17.0,297.41,7.1
1753503352645,04:15:52.645,AAVE/USDT:USDT,297.39,6.3,297.38,2.7,297.4,17.0,297.41,7.1
1753503352748,04:15:52.748,AAVE/USDT:USDT,297.39,6.3,297.38,2.7,297.4,17.0,297.41,7.1
1753503352851,04:15:52.851,AAVE/USDT:USDT,297.39,6.3,297.38,2.3,297.4,17.0,297.41,7.1
1753503353013,04:15:53.013,AAVE/USDT:USDT,297.39,2.7,297.38,2.3,297.4,17.0,297.41,7.1
1753503353115,04:15:53.115,AAVE/USDT:USDT,297.39,6.3,297.38,2.3,297.4,17.0,297.41,7.1
1753503353242,04:15:53.242,AAVE/USDT:USDT,297.39,6.3,297.38,2.3,297.4,17.1,297.41,7.1
1753503353345,04:15:53.345,AAVE/USDT:USDT,297.39,6.3,297.38,2.3,297.4,17.1,297.41,7.1
1753503353549,04:15:53.549,AAVE/USDT:USDT,297.37,3.6,297.36,0.4,297.38,25.6,297.39,31.8
1753503353650,04:15:53.650,AAVE/USDT:USDT,297.37,3.7,297.36,0.4,297.38,20.3,297.39,28.2
1753503353751,04:15:53.751,AAVE/USDT:USDT,297.37,3.7,297.36,0.4,297.38,20.3,297.39,28.2
1753503353868,04:15:53.868,AAVE/USDT:USDT,297.37,3.7,297.36,0.4,297.38,20.3,297.39,28.2
1753503353993,04:15:53.993,AAVE/USDT:USDT,297.37,3.7,297.36,0.4,297.38,17.0,297.39,28.2
1753503354097,04:15:54.097,AAVE/USDT:USDT,297.37,3.7,297.36,0.4,297.38,17.2,297.39,28.2
1753503354198,04:15:54.198,AAVE/USDT:USDT,297.36,9.7,297.35,0.1,297.37,22.2,297.38,31.6
1753503354302,04:15:54.302,AAVE/USDT:USDT,297.36,9.7,297.35,0.1,297.37,16.9,297.38,28.8
1753503354406,04:15:54.406,AAVE/USDT:USDT,297.36,9.7,297.35,0.1,297.37,17.1,297.38,28.8
1753503354518,04:15:54.518,AAVE/USDT:USDT,297.36,9.7,297.35,0.1,297.37,17.1,297.38,28.8
1753503354621,04:15:54.621,AAVE/USDT:USDT,297.36,9.7,297.35,0.1,297.37,17.1,297.38,24.2
1753503354724,04:15:54.724,AAVE/USDT:USDT,297.36,9.7,297.35,0.1,297.37,17.1,297.38,24.2
1753503354827,04:15:54.827,AAVE/USDT:USDT,297.36,9.7,297.35,0.1,297.37,17.1,297.38,24.2
1753503354930,04:15:54.930,AAVE/USDT:USDT,297.36,9.7,297.35,0.1,297.37,17.1,297.38,24.2
1753503355034,04:15:55.034,AAVE/USDT:USDT,297.36,9.7,297.35,0.1,297.37,17.1,297.38,24.2
1753503355143,04:15:55.143,AAVE/USDT:USDT,297.36,9.7,297.35,0.1,297.37,17.1,297.38,24.2
1753503355247,04:15:55.247,AAVE/USDT:USDT,297.36,9.7,297.35,0.1,297.37,17.1,297.38,24.2
1753503355349,04:15:55.349,AAVE/USDT:USDT,297.36,9.7,297.35,0.1,297.37,17.1,297.38,24.2
1753503355483,04:15:55.483,AAVE/USDT:USDT,297.36,10.5,297.35,0.1,297.37,17.1,297.38,24.2
1753503355589,04:15:55.589,AAVE/USDT:USDT,297.36,10.5,297.35,0.1,297.37,17.1,297.38,24.2
1753503355692,04:15:55.692,AAVE/USDT:USDT,297.36,10.5,297.35,0.1,297.37,17.1,297.38,24.2
1753503355803,04:15:55.803,AAVE/USDT:USDT,297.36,16.1,297.35,0.5,297.37,0.1,297.38,0.2
1753503355906,04:15:55.906,AAVE/USDT:USDT,297.36,17.0,297.35,0.5,297.37,0.1,297.38,0.2
1753503356008,04:15:56.008,AAVE/USDT:USDT,297.36,14.8,297.35,0.5,297.37,0.3,297.38,0.2
1753503356109,04:15:56.109,AAVE/USDT:USDT,297.36,10.5,297.35,0.1,297.37,9.3,297.38,2.3
1753503356212,04:15:56.212,AAVE/USDT:USDT,297.36,10.5,297.35,0.1,297.37,9.4,297.38,7.3
1753503356315,04:15:56.315,AAVE/USDT:USDT,297.36,10.5,297.35,0.1,297.37,10.8,297.38,10.7
1753503356419,04:15:56.419,AAVE/USDT:USDT,297.36,10.5,297.35,0.1,297.37,10.8,297.38,10.7
1753503356541,04:15:56.541,AAVE/USDT:USDT,297.36,10.5,297.35,0.1,297.37,10.8,297.38,10.7
1753503356645,04:15:56.645,AAVE/USDT:USDT,297.36,10.5,297.35,0.1,297.37,10.8,297.38,10.7
1753503356748,04:15:56.748,AAVE/USDT:USDT,297.36,10.5,297.35,0.1,297.37,10.8,297.38,19.4
1753503356851,04:15:56.851,AAVE/USDT:USDT,297.36,10.5,297.35,0.1,297.37,10.8,297.38,19.4
1753503356955,04:15:56.955,AAVE/USDT:USDT,297.36,10.5,297.35,0.1,297.37,10.8,297.38,19.4
1753503357064,04:15:57.064,AAVE/USDT:USDT,297.36,10.5,297.35,0.1,297.37,10.8,297.38,19.4
1753503357167,04:15:57.167,AAVE/USDT:USDT,297.36,10.5,297.35,0.1,297.37,10.8,297.38,19.4
1753503357307,04:15:57.307,AAVE/USDT:USDT,297.36,10.5,297.35,0.1,297.37,10.8,297.38,19.4
1753503357413,04:15:57.413,AAVE/USDT:USDT,297.36,10.5,297.35,0.1,297.37,10.8,297.38,19.4
1753503357548,04:15:57.548,AAVE/USDT:USDT,297.36,10.6,297.35,0.1,297.37,10.8,297.38,19.4
1753503357651,04:15:57.651,AAVE/USDT:USDT,297.35,0.1,297.34,0.8,297.36,35.2,297.37,22.7
1753503357754,04:15:57.754,AAVE/USDT:USDT,297.35,0.1,297.34,0.8,297.36,36.1,297.37,24.3
1753503357856,04:15:57.856,AAVE/USDT:USDT,297.35,0.1,297.34,0.8,297.36,37.1,297.37,24.9
1753503357978,04:15:57.978,AAVE/USDT:USDT,297.32,0.2,297.31,0.5,297.33,0.4,297.34,13.3
1753503358079,04:15:58.079,AAVE/USDT:USDT,297.32,0.1,297.31,0.5,297.33,23.4,297.34,27.9
1753503358180,04:15:58.180,AAVE/USDT:USDT,297.32,0.3,297.31,0.5,297.33,23.6,297.34,31.4
1753503358283,04:15:58.283,AAVE/USDT:USDT,297.32,0.3,297.31,0.5,297.33,23.8,297.34,31.4
1753503358384,04:15:58.384,AAVE/USDT:USDT,297.32,0.3,297.31,0.5,297.33,29.7,297.34,31.4
1753503358485,04:15:58.485,AAVE/USDT:USDT,297.3,15.1,297.29,16.2,297.31,7.8,297.32,14.1
1753503358587,04:15:58.587,AAVE/USDT:USDT,297.3,14.4,297.29,16.2,297.31,0.1,297.32,7.6
1753503358692,04:15:58.692,AAVE/USDT:USDT,297.3,14.4,297.29,16.2,297.31,0.1,297.32,7.6
1753503358801,04:15:58.801,AAVE/USDT:USDT,297.3,14.4,297.29,16.2,297.31,0.2,297.33,8.3
1753503358902,04:15:58.902,AAVE/USDT:USDT,297.3,14.4,297.29,16.2,297.31,0.2,297.33,8.3
1753503359005,04:15:59.005,AAVE/USDT:USDT,297.3,14.4,297.29,16.2,297.31,0.2,297.33,9.2
1753503359107,04:15:59.107,AAVE/USDT:USDT,297.3,14.4,297.29,16.2,297.31,0.5,297.33,9.2
1753503359226,04:15:59.226,AAVE/USDT:USDT,297.3,5.8,297.29,16.2,297.31,5.7,297.33,16.6
1753503359329,04:15:59.329,AAVE/USDT:USDT,297.3,5.8,297.29,16.2,297.31,5.7,297.32,2.1
1753503359435,04:15:59.435,AAVE/USDT:USDT,297.3,5.8,297.29,16.2,297.31,5.7,297.32,2.1
1753503359542,04:15:59.542,AAVE/USDT:USDT,297.3,5.8,297.29,16.2,297.31,5.7,297.32,2.1
1753503359646,04:15:59.646,AAVE/USDT:USDT,297.3,5.8,297.29,16.2,297.31,5.7,297.32,2.1
1753503359752,04:15:59.752,AAVE/USDT:USDT,297.3,5.8,297.29,16.2,297.31,5.7,297.32,2.1
1753503359853,04:15:59.853,AAVE/USDT:USDT,297.3,5.8,297.29,16.2,297.31,5.7,297.32,2.1
1753503360019,04:16:00.019,AAVE/USDT:USDT,297.3,11.3,297.29,16.6,297.31,0.5,297.33,6.5
1753503360121,04:16:00.121,AAVE/USDT:USDT,297.3,11.3,297.29,22.6,297.31,0.5,297.33,6.5
1753503360225,04:16:00.225,AAVE/USDT:USDT,297.3,11.5,297.29,22.6,297.31,0.5,297.33,6.5
1753503360358,04:16:00.358,AAVE/USDT:USDT,297.3,11.5,297.29,22.6,297.31,0.5,297.33,6.5
1753503360459,04:16:00.459,AAVE/USDT:USDT,297.3,11.6,297.29,19.3,297.31,0.5,297.33,6.5
1753503360567,04:16:00.567,AAVE/USDT:USDT,297.32,8.0,297.31,29.8,297.33,6.5,297.34,6.7
1753503360669,04:16:00.669,AAVE/USDT:USDT,297.32,7.3,297.31,29.4,297.33,6.5,297.34,6.7
1753503360772,04:16:00.772,AAVE/USDT:USDT,297.32,4.7,297.31,26.9,297.33,6.7,297.34,7.1
1753503360874,04:16:00.874,AAVE/USDT:USDT,297.32,1.1,297.31,20.4,297.33,7.1,297.34,9.2
1753503360984,04:16:00.984,AAVE/USDT:USDT,297.32,1.1,297.31,18.6,297.33,7.1,297.34,9.2
1753503361086,04:16:01.086,AAVE/USDT:USDT,297.32,1.1,297.31,15.0,297.33,9.5,297.34,9.2
1753503361190,04:16:01.190,AAVE/USDT:USDT,297.32,1.2,297.31,15.0,297.33,10.0,297.34,12.3
1753503361301,04:16:01.301,AAVE/USDT:USDT,297.32,1.2,297.31,15.0,297.33,10.3,297.34,12.3
1753503361408,04:16:01.408,AAVE/USDT:USDT,297.32,1.2,297.31,15.0,297.33,19.5,297.34,18.5
1753503361513,04:16:01.513,AAVE/USDT:USDT,297.32,1.2,297.31,15.0,297.33,19.5,297.34,18.5
1753503361616,04:16:01.616,AAVE/USDT:USDT,297.32,1.2,297.31,15.0,297.33,19.5,297.34,18.5
1753503361720,04:16:01.720,AAVE/USDT:USDT,297.32,1.2,297.31,15.0,297.33,19.5,297.34,18.5
1753503361854,04:16:01.854,AAVE/USDT:USDT,297.32,1.2,297.31,15.0,297.33,19.5,297.34,18.5
1753503361957,04:16:01.957,AAVE/USDT:USDT,297.32,1.2,297.31,0.1,297.33,19.5,297.34,18.5
1753503362060,04:16:02.060,AAVE/USDT:USDT,297.32,4.7,297.31,0.1,297.33,13.6,297.34,13.1
1753503362161,04:16:02.161,AAVE/USDT:USDT,297.32,10.1,297.31,0.1,297.33,7.9,297.34,3.8
1753503362264,04:16:02.264,AAVE/USDT:USDT,297.32,8.7,297.31,0.1,297.33,7.9,297.34,3.8
1753503362366,04:16:02.366,AAVE/USDT:USDT,297.32,10.8,297.31,0.1,297.33,7.8,297.34,3.8
1753503362468,04:16:02.468,AAVE/USDT:USDT,297.32,9.1,297.31,0.1,297.33,8.0,297.34,3.8
1753503362580,04:16:02.580,AAVE/USDT:USDT,297.32,9.1,297.31,0.1,297.33,8.0,297.34,3.8
1753503362683,04:16:02.683,AAVE/USDT:USDT,297.32,9.1,297.31,0.1,297.33,8.0,297.34,3.8
1753503362785,04:16:02.785,AAVE/USDT:USDT,297.32,9.1,297.31,0.1,297.33,8.0,297.34,3.8
1753503362907,04:16:02.907,AAVE/USDT:USDT,297.32,5.3,297.31,0.1,297.33,8.0,297.34,3.8
1753503363010,04:16:03.010,AAVE/USDT:USDT,297.32,5.3,297.31,0.1,297.33,8.4,297.34,4.2
1753503363113,04:16:03.113,AAVE/USDT:USDT,297.32,5.3,297.31,0.1,297.33,8.4,297.34,4.2
1753503363216,04:16:03.216,AAVE/USDT:USDT,297.32,5.3,297.31,0.1,297.33,8.4,297.34,6.5
1753503363318,04:16:03.318,AAVE/USDT:USDT,297.32,5.3,297.31,0.1,297.33,9.3,297.34,7.1
1753503363448,04:16:03.448,AAVE/USDT:USDT,297.32,5.3,297.31,0.1,297.33,9.3,297.34,7.1
1753503363550,04:16:03.550,AAVE/USDT:USDT,297.32,1.7,297.31,0.1,297.33,11.8,297.34,7.1
1753503363667,04:16:03.667,AAVE/USDT:USDT,297.32,1.7,297.31,0.1,297.33,11.8,297.34,7.1
1753503363778,04:16:03.778,AAVE/USDT:USDT,297.32,1.7,297.31,0.1,297.33,11.8,297.34,7.1
1753503363914,04:16:03.914,AAVE/USDT:USDT,297.32,1.7,297.31,0.1,297.33,11.8,297.34,7.1
1753503364017,04:16:04.017,AAVE/USDT:USDT,297.32,1.7,297.31,0.1,297.33,6.5,297.34,4.8
1753503364119,04:16:04.119,AAVE/USDT:USDT,297.32,5.3,297.31,0.1,297.33,4.9,297.34,4.4
1753503364223,04:16:04.223,AAVE/USDT:USDT,297.32,1.7,297.31,0.1,297.33,8.7,297.34,4.2
1753503364325,04:16:04.325,AAVE/USDT:USDT,297.32,1.7,297.31,0.1,297.33,8.7,297.34,4.2
1753503364428,04:16:04.428,AAVE/USDT:USDT,297.32,1.7,297.31,0.1,297.33,8.7,297.34,4.2
1753503364567,04:16:04.567,AAVE/USDT:USDT,297.32,1.7,297.31,0.1,297.33,8.7,297.34,4.2
1753503364669,04:16:04.669,AAVE/USDT:USDT,297.32,1.7,297.31,0.1,297.33,8.8,297.34,4.2
1753503364778,04:16:04.778,AAVE/USDT:USDT,297.32,1.7,297.31,0.1,297.33,8.8,297.34,4.2
1753503365008,04:16:05.008,AAVE/USDT:USDT,297.32,3.5,297.31,0.1,297.33,5.3,297.34,4.2
1753503365111,04:16:05.111,AAVE/USDT:USDT,297.32,3.5,297.31,0.1,297.33,5.3,297.34,4.2
1753503365212,04:16:05.212,AAVE/USDT:USDT,297.32,3.5,297.31,0.1,297.33,11.0,297.34,4.2
1753503365314,04:16:05.314,AAVE/USDT:USDT,297.32,4.0,297.31,0.1,297.33,8.3,297.34,4.2
1753503365417,04:16:05.417,AAVE/USDT:USDT,297.32,4.0,297.31,0.1,297.33,8.3,297.34,4.2
1753503365531,04:16:05.531,AAVE/USDT:USDT,297.32,4.0,297.31,0.1,297.33,8.3,297.34,4.2
1753503365634,04:16:05.634,AAVE/USDT:USDT,297.32,4.0,297.31,0.1,297.33,8.3,297.34,4.2
1753503365759,04:16:05.759,AAVE/USDT:USDT,297.32,4.0,297.31,0.1,297.33,9.7,297.34,4.2
1753503365862,04:16:05.862,AAVE/USDT:USDT,297.32,4.0,297.31,0.1,297.33,9.7,297.34,4.2
1753503365965,04:16:05.965,AAVE/USDT:USDT,297.32,8.3,297.31,0.5,297.33,0.5,297.34,3.8
1753503366068,04:16:06.068,AAVE/USDT:USDT,297.32,8.3,297.31,0.5,297.33,0.5,297.34,3.8
1753503366185,04:16:06.185,AAVE/USDT:USDT,297.32,4.0,297.31,0.1,297.33,6.5,297.34,4.2
1753503366286,04:16:06.286,AAVE/USDT:USDT,297.32,4.0,297.31,0.1,297.33,10.2,297.34,4.2
1753503366389,04:16:06.389,AAVE/USDT:USDT,297.32,4.0,297.31,0.1,297.33,10.3,297.34,6.3
1753503366491,04:16:06.491,AAVE/USDT:USDT,297.32,4.1,297.31,0.1,297.33,10.3,297.34,6.3
1753503366611,04:16:06.611,AAVE/USDT:USDT,297.32,4.1,297.31,0.1,297.33,10.3,297.34,6.3
1753503366761,04:16:06.761,AAVE/USDT:USDT,297.32,4.1,297.31,0.1,297.33,10.3,297.34,6.3
1753503366901,04:16:06.901,AAVE/USDT:USDT,297.32,4.1,297.31,0.1,297.33,10.3,297.34,6.3
1753503367008,04:16:07.008,AAVE/USDT:USDT,297.32,4.1,297.31,0.1,297.33,10.3,297.34,6.3
1753503367111,04:16:07.111,AAVE/USDT:USDT,297.32,4.1,297.31,0.1,297.33,10.3,297.34,6.3
1753503367267,04:16:07.267,AAVE/USDT:USDT,297.32,4.1,297.31,0.1,297.33,10.3,297.34,6.3
1753503367418,04:16:07.418,AAVE/USDT:USDT,297.32,4.1,297.31,0.1,297.33,10.3,297.34,6.3
1753503367556,04:16:07.556,AAVE/USDT:USDT,297.32,4.1,297.31,0.1,297.33,10.3,297.34,6.3
1753503367659,04:16:07.659,AAVE/USDT:USDT,297.32,4.3,297.31,0.1,297.33,9.3,297.34,6.3
1753503367761,04:16:07.761,AAVE/USDT:USDT,297.32,4.3,297.31,0.6,297.33,4.0,297.34,3.8
1753503367863,04:16:07.863,AAVE/USDT:USDT,297.32,4.3,297.31,0.2,297.33,4.0,297.34,3.8
1753503367965,04:16:07.965,AAVE/USDT:USDT,297.32,9.0,297.31,0.6,297.33,2.2,297.34,3.8
1753503368066,04:16:08.066,AAVE/USDT:USDT,297.32,9.0,297.31,0.6,297.33,2.2,297.34,3.8
1753503368169,04:16:08.169,AAVE/USDT:USDT,297.32,9.0,297.31,0.6,297.33,2.2,297.34,3.8
1753503368272,04:16:08.272,AAVE/USDT:USDT,297.32,9.0,297.31,0.1,297.33,4.0,297.34,3.8
1753503368577,04:16:08.577,AAVE/USDT:USDT,297.32,9.0,297.31,0.1,297.33,7.3,297.34,4.2
1753503368746,04:16:08.746,AAVE/USDT:USDT,297.32,9.0,297.31,0.1,297.33,7.3,297.34,4.2
1753503368847,04:16:08.847,AAVE/USDT:USDT,297.32,9.0,297.31,0.1,297.33,7.7,297.34,4.2
1753503368950,04:16:08.950,AAVE/USDT:USDT,297.32,9.2,297.31,0.1,297.33,7.7,297.34,4.2
1753503369052,04:16:09.052,AAVE/USDT:USDT,297.32,9.2,297.31,0.1,297.33,4.0,297.34,3.8
1753503369156,04:16:09.156,AAVE/USDT:USDT,297.32,9.2,297.31,0.1,297.33,4.0,297.34,3.8
1753503369258,04:16:09.258,AAVE/USDT:USDT,297.32,9.2,297.31,0.1,297.33,4.0,297.34,3.8
1753503369360,04:16:09.360,AAVE/USDT:USDT,297.32,8.8,297.31,0.1,297.33,6.1,297.34,3.8
1753503369462,04:16:09.462,AAVE/USDT:USDT,297.32,8.8,297.31,0.1,297.33,6.1,297.34,4.2
1753503369571,04:16:09.571,AAVE/USDT:USDT,297.32,8.8,297.31,0.1,297.33,6.1,297.34,4.2
1753503369733,04:16:09.733,AAVE/USDT:USDT,297.32,8.8,297.31,0.1,297.33,6.1,297.34,4.2
1753503369836,04:16:09.836,AAVE/USDT:USDT,297.32,8.8,297.31,0.1,297.33,6.1,297.34,4.2
1753503369938,04:16:09.938,AAVE/USDT:USDT,297.32,8.8,297.31,0.1,297.33,6.1,297.34,4.2
1753503370086,04:16:10.086,AAVE/USDT:USDT,297.32,10.6,297.31,0.1,297.33,2.4,297.34,3.8
1753503370189,04:16:10.189,AAVE/USDT:USDT,297.32,10.6,297.31,0.6,297.33,2.4,297.34,3.8
1753503370292,04:16:10.292,AAVE/USDT:USDT,297.32,12.3,297.31,0.6,297.33,2.4,297.34,3.8
1753503370397,04:16:10.397,AAVE/USDT:USDT,297.32,12.0,297.31,0.2,297.33,3.8,297.34,3.8
1753503370578,04:16:10.578,AAVE/USDT:USDT,297.32,10.3,297.31,0.1,297.33,4.1,297.34,3.8
1753503370681,04:16:10.681,AAVE/USDT:USDT,297.32,10.3,297.31,0.1,297.33,4.1,297.34,3.8
1753503370784,04:16:10.784,AAVE/USDT:USDT,297.32,10.3,297.31,0.1,297.33,4.1,297.34,3.8
1753503370887,04:16:10.887,AAVE/USDT:USDT,297.32,10.3,297.31,0.1,297.33,4.0,297.34,3.8
1753503371095,04:16:11.095,AAVE/USDT:USDT,297.32,10.3,297.31,0.1,297.33,4.0,297.34,3.8
1753503371197,04:16:11.197,AAVE/USDT:USDT,297.32,10.3,297.31,0.1,297.33,4.0,297.34,3.8
1753503371300,04:16:11.300,AAVE/USDT:USDT,297.32,10.3,297.31,0.1,297.33,4.0,297.34,3.8
1753503371403,04:16:11.403,AAVE/USDT:USDT,297.32,10.3,297.31,0.1,297.33,4.2,297.34,3.8
1753503371506,04:16:11.506,AAVE/USDT:USDT,297.32,10.3,297.31,0.1,297.33,4.3,297.34,3.8
1753503371608,04:16:11.608,AAVE/USDT:USDT,297.32,10.2,297.31,0.1,297.33,4.3,297.34,3.8
1753503371788,04:16:11.788,AAVE/USDT:USDT,297.32,10.2,297.31,0.1,297.33,4.4,297.34,3.8
1753503371992,04:16:11.992,AAVE/USDT:USDT,297.32,10.2,297.31,0.1,297.33,4.4,297.34,3.8
1753503372195,04:16:12.195,AAVE/USDT:USDT,297.32,10.2,297.31,0.1,297.33,4.4,297.34,3.8
1753503372376,04:16:12.376,AAVE/USDT:USDT,297.32,9.9,297.31,0.1,297.33,5.4,297.34,4.2
1753503372478,04:16:12.478,AAVE/USDT:USDT,297.32,9.9,297.31,0.1,297.33,5.4,297.34,4.2
1753503372580,04:16:12.580,AAVE/USDT:USDT,297.32,8.3,297.31,0.1,297.33,12.8,297.34,4.2
1753503372683,04:16:12.683,AAVE/USDT:USDT,297.32,8.4,297.31,0.1,297.33,13.0,297.34,4.2
1753503372787,04:16:12.787,AAVE/USDT:USDT,297.32,8.4,297.31,0.1,297.33,13.0,297.34,4.2
1753503372888,04:16:12.888,AAVE/USDT:USDT,297.32,8.5,297.31,0.1,297.33,13.0,297.34,4.2
1753503372992,04:16:12.992,AAVE/USDT:USDT,297.32,8.5,297.31,0.1,297.33,13.0,297.34,4.2
1753503373095,04:16:13.095,AAVE/USDT:USDT,297.32,8.5,297.31,0.1,297.33,13.0,297.34,4.2
1753503373213,04:16:13.213,AAVE/USDT:USDT,297.32,8.5,297.31,0.1,297.33,12.9,297.34,4.2
1753503373315,04:16:13.315,AAVE/USDT:USDT,297.32,8.5,297.31,0.3,297.33,12.9,297.34,4.2
1753503373418,04:16:13.418,AAVE/USDT:USDT,297.32,8.5,297.31,0.3,297.33,3.9,297.34,3.8
1753503373520,04:16:13.520,AAVE/USDT:USDT,297.32,8.5,297.31,0.3,297.33,6.9,297.34,4.2
1753503373642,04:16:13.642,AAVE/USDT:USDT,297.32,8.5,297.31,0.3,297.33,1.9,297.34,3.8
1753503373745,04:16:13.745,AAVE/USDT:USDT,297.32,8.5,297.31,0.3,297.33,7.2,297.34,3.8
1753503373846,04:16:13.846,AAVE/USDT:USDT,297.32,8.5,297.31,0.3,297.33,3.7,297.34,3.8
1753503373949,04:16:13.949,AAVE/USDT:USDT,297.32,8.5,297.31,0.3,297.33,3.7,297.34,3.8
1753503374111,04:16:14.111,AAVE/USDT:USDT,297.32,8.5,297.31,0.3,297.33,3.7,297.34,3.8
1753503374214,04:16:14.214,AAVE/USDT:USDT,297.32,8.7,297.31,0.3,297.33,3.7,297.34,4.2
1753503374317,04:16:14.317,AAVE/USDT:USDT,297.32,8.7,297.31,0.3,297.33,3.7,297.34,4.2
1753503374440,04:16:14.440,AAVE/USDT:USDT,297.32,8.7,297.31,0.3,297.33,3.7,297.34,4.2
1753503374542,04:16:14.542,AAVE/USDT:USDT,297.32,8.7,297.31,0.3,297.33,3.7,297.34,4.2
1753503374658,04:16:14.658,AAVE/USDT:USDT,297.31,0.3,297.3,0.2,297.32,20.9,297.33,28.8
1753503374761,04:16:14.761,AAVE/USDT:USDT,297.31,3.9,297.3,0.1,297.32,20.6,297.33,25.2
1753503374864,04:16:14.864,AAVE/USDT:USDT,297.31,4.1,297.3,2.6,297.32,5.6,297.33,8.6
1753503374966,04:16:14.966,AAVE/USDT:USDT,297.31,4.1,297.3,2.2,297.32,5.6,297.33,9.0
1753503375067,04:16:15.067,AAVE/USDT:USDT,297.31,4.5,297.3,2.2,297.32,5.6,297.33,9.0
1753503375170,04:16:15.170,AAVE/USDT:USDT,297.31,4.5,297.3,2.2,297.32,5.6,297.33,9.0
1753503375273,04:16:15.273,AAVE/USDT:USDT,297.31,4.5,297.3,2.2,297.32,5.6,297.33,9.0
1753503375377,04:16:15.377,AAVE/USDT:USDT,297.31,4.5,297.3,2.2,297.32,9.0,297.33,7.7
1753503375494,04:16:15.494,AAVE/USDT:USDT,297.31,4.5,297.3,2.2,297.32,9.0,297.33,7.7
1753503375629,04:16:15.629,AAVE/USDT:USDT,297.31,4.5,297.3,2.2,297.32,9.0,297.33,7.7
1753503375767,04:16:15.767,AAVE/USDT:USDT,297.31,13.2,297.3,2.6,297.32,3.7,297.33,0.3
1753503375870,04:16:15.870,AAVE/USDT:USDT,297.31,13.2,297.3,2.6,297.32,3.7,297.33,0.3
1753503376083,04:16:16.083,AAVE/USDT:USDT,297.31,13.2,297.3,2.2,297.32,3.7,297.33,5.3
1753503376186,04:16:16.186,AAVE/USDT:USDT,297.31,13.2,297.3,2.2,297.32,3.7,297.33,5.3
1753503376293,04:16:16.293,AAVE/USDT:USDT,297.31,13.2,297.3,2.6,297.32,3.7,297.33,5.3
1753503376396,04:16:16.396,AAVE/USDT:USDT,297.31,9.7,297.3,2.2,297.32,3.7,297.33,5.3
1753503376499,04:16:16.499,AAVE/USDT:USDT,297.31,9.7,297.3,2.2,297.32,3.7,297.33,5.3
1753503376681,04:16:16.681,AAVE/USDT:USDT,297.31,4.5,297.3,2.2,297.32,3.7,297.33,5.3
1753503376783,04:16:16.783,AAVE/USDT:USDT,297.31,4.1,297.3,0.1,297.32,15.7,297.33,5.7
1753503376886,04:16:16.886,AAVE/USDT:USDT,297.31,0.6,297.3,0.1,297.32,16.6,297.33,5.7
1753503376996,04:16:16.996,AAVE/USDT:USDT,297.31,4.2,297.3,0.1,297.32,15.8,297.33,8.2
1753503377097,04:16:17.097,AAVE/USDT:USDT,297.31,4.2,297.3,0.1,297.32,12.3,297.33,8.2
1753503377201,04:16:17.201,AAVE/USDT:USDT,297.31,4.2,297.3,0.1,297.32,12.3,297.33,5.7
1753503377304,04:16:17.304,AAVE/USDT:USDT,297.31,0.6,297.3,0.1,297.32,16.6,297.33,8.4
1753503377407,04:16:17.407,AAVE/USDT:USDT,297.31,0.6,297.3,0.1,297.32,18.1,297.33,8.4
1753503377544,04:16:17.544,AAVE/USDT:USDT,297.31,0.6,297.3,0.1,297.32,18.1,297.33,9.0
1753503377672,04:16:17.672,AAVE/USDT:USDT,297.31,0.6,297.3,0.1,297.32,18.1,297.33,9.0
1753503377781,04:16:17.781,AAVE/USDT:USDT,297.31,0.6,297.3,0.1,297.32,18.1,297.33,15.2
1753503377914,04:16:17.914,AAVE/USDT:USDT,297.31,0.6,297.3,0.1,297.32,18.1,297.33,15.2
1753503378046,04:16:18.046,AAVE/USDT:USDT,297.31,0.6,297.3,0.1,297.32,18.1,297.33,15.2
1753503378206,04:16:18.206,AAVE/USDT:USDT,297.31,0.6,297.3,0.1,297.32,18.1,297.33,15.2
1753503378315,04:16:18.315,AAVE/USDT:USDT,297.31,0.6,297.3,0.1,297.32,18.1,297.33,15.2
1753503378418,04:16:18.418,AAVE/USDT:USDT,297.31,0.6,297.3,0.1,297.32,18.3,297.33,15.2
1753503378520,04:16:18.520,AAVE/USDT:USDT,297.29,0.1,297.28,4.5,297.3,18.9,297.31,24.0
1753503378621,04:16:18.621,AAVE/USDT:USDT,297.29,0.2,297.28,4.5,297.3,18.3,297.31,23.8
1753503378724,04:16:18.724,AAVE/USDT:USDT,297.29,0.2,297.28,4.5,297.3,18.3,297.31,23.8
1753503378829,04:16:18.829,AAVE/USDT:USDT,297.29,0.2,297.28,4.5,297.3,18.3,297.31,23.8
1753503378934,04:16:18.934,AAVE/USDT:USDT,297.28,4.2,297.27,0.3,297.29,28.0,297.3,31.1
1753503379035,04:16:19.035,AAVE/USDT:USDT,297.28,4.3,297.27,0.2,297.29,28.1,297.3,31.1
1753503379148,04:16:19.148,AAVE/USDT:USDT,297.28,4.3,297.27,0.2,297.29,28.1,297.3,31.1
1753503379250,04:16:19.250,AAVE/USDT:USDT,297.28,4.3,297.27,0.2,297.29,23.2,297.3,31.1
1753503379553,04:16:19.553,AAVE/USDT:USDT,297.28,4.3,297.27,0.2,297.29,23.2,297.3,31.1
1753503379660,04:16:19.660,AAVE/USDT:USDT,297.28,4.3,297.27,0.2,297.29,23.2,297.3,31.1
1753503379763,04:16:19.763,AAVE/USDT:USDT,297.28,4.3,297.27,0.2,297.29,23.2,297.3,33.5
1753503379867,04:16:19.867,AAVE/USDT:USDT,297.28,4.3,297.27,0.2,297.29,23.2,297.3,33.5
1753503379987,04:16:19.987,AAVE/USDT:USDT,297.28,4.3,297.27,0.2,297.29,23.2,297.3,33.5
1753503380104,04:16:20.104,AAVE/USDT:USDT,297.28,4.3,297.27,0.2,297.29,23.2,297.3,33.5
1753503380241,04:16:20.241,AAVE/USDT:USDT,297.28,4.3,297.27,0.2,297.29,23.2,297.3,33.5
1753503380354,04:16:20.354,AAVE/USDT:USDT,297.28,4.3,297.27,0.2,297.29,23.2,297.3,33.5
1753503380456,04:16:20.456,AAVE/USDT:USDT,297.28,4.3,297.27,0.2,297.29,23.2,297.3,33.5
1753503380557,04:16:20.557,AAVE/USDT:USDT,297.28,4.3,297.27,0.2,297.29,23.2,297.3,33.5
1753503380683,04:16:20.683,AAVE/USDT:USDT,297.28,4.3,297.27,0.2,297.29,23.2,297.3,33.5
1753503380788,04:16:20.788,AAVE/USDT:USDT,297.28,4.3,297.27,0.2,297.29,23.2,297.3,33.5
1753503380902,04:16:20.902,AAVE/USDT:USDT,297.28,4.3,297.27,0.2,297.29,23.2,297.3,33.5
1753503381006,04:16:21.006,AAVE/USDT:USDT,297.28,4.3,297.27,0.2,297.29,23.2,297.3,33.5
1753503381110,04:16:21.110,AAVE/USDT:USDT,297.26,0.1,297.25,0.1,297.27,11.6,297.28,8.4
1753503381212,04:16:21.212,AAVE/USDT:USDT,297.26,0.1,297.25,0.1,297.27,11.7,297.28,8.4
1753503381313,04:16:21.313,AAVE/USDT:USDT,297.26,0.1,297.25,0.1,297.27,12.1,297.28,18.1
1753503381415,04:16:21.415,AAVE/USDT:USDT,297.26,5.5,297.25,0.5,297.27,8.2,297.28,6.5
1753503381517,04:16:21.517,AAVE/USDT:USDT,297.26,5.6,297.25,0.5,297.27,8.3,297.28,3.0
1753503381619,04:16:21.619,AAVE/USDT:USDT,297.26,5.6,297.25,0.1,297.27,8.3,297.28,3.0
1753503381722,04:16:21.722,AAVE/USDT:USDT,297.26,2.2,297.25,0.1,297.27,10.2,297.28,3.4
1753503381828,04:16:21.828,AAVE/USDT:USDT,297.26,2.2,297.25,0.1,297.27,10.2,297.28,3.4
1753503381937,04:16:21.937,AAVE/USDT:USDT,297.26,2.2,297.25,0.1,297.27,10.2,297.28,3.4
1753503382040,04:16:22.040,AAVE/USDT:USDT,297.24,7.6,297.23,0.8,297.25,5.2,297.26,3.0
1753503382144,04:16:22.144,AAVE/USDT:USDT,297.24,7.7,297.23,0.8,297.25,5.3,297.26,3.0
1753503382247,04:16:22.247,AAVE/USDT:USDT,297.24,7.7,297.23,1.2,297.25,5.3,297.26,3.0
1753503382350,04:16:22.350,AAVE/USDT:USDT,297.24,5.9,297.23,0.8,297.25,7.1,297.26,5.0
1753503382475,04:16:22.475,AAVE/USDT:USDT,297.24,3.8,297.23,1.2,297.25,15.1,297.26,5.0
1753503382577,04:16:22.577,AAVE/USDT:USDT,297.24,0.2,297.23,0.7,297.25,15.1,297.26,8.0
1753503382683,04:16:22.683,AAVE/USDT:USDT,297.24,0.2,297.23,0.7,297.25,15.1,297.26,8.0
1753503382785,04:16:22.785,AAVE/USDT:USDT,297.24,0.2,297.23,0.7,297.25,15.1,297.26,8.0
1753503382886,04:16:22.886,AAVE/USDT:USDT,297.24,3.9,297.23,0.7,297.25,8.0,297.26,5.0
1753503382988,04:16:22.988,AAVE/USDT:USDT,297.24,5.9,297.23,1.1,297.25,8.0,297.26,3.2
1753503383093,04:16:23.093,AAVE/USDT:USDT,297.24,5.9,297.23,0.7,297.25,8.0,297.26,3.2
1753503383196,04:16:23.196,AAVE/USDT:USDT,297.24,5.9,297.23,0.7,297.25,8.1,297.26,3.2
1753503383359,04:16:23.359,AAVE/USDT:USDT,297.24,5.9,297.23,0.7,297.25,8.3,297.26,3.2
1753503383490,04:16:23.490,AAVE/USDT:USDT,297.24,5.9,297.23,0.7,297.25,8.3,297.26,3.2
1753503383609,04:16:23.609,AAVE/USDT:USDT,297.24,5.9,297.23,0.7,297.25,8.3,297.26,3.2
1753503383713,04:16:23.713,AAVE/USDT:USDT,297.24,5.9,297.23,0.7,297.25,8.3,297.26,3.2
1753503383831,04:16:23.831,AAVE/USDT:USDT,297.24,5.9,297.23,0.7,297.25,8.2,297.26,3.2
1753503383934,04:16:23.934,AAVE/USDT:USDT,297.24,5.9,297.23,0.7,297.25,8.2,297.26,3.2
1753503384065,04:16:24.065,AAVE/USDT:USDT,297.24,5.9,297.23,0.7,297.25,8.2,297.26,3.2
1753503384183,04:16:24.183,AAVE/USDT:USDT,297.24,5.9,297.23,0.7,297.25,8.2,297.26,3.2
1753503384286,04:16:24.286,AAVE/USDT:USDT,297.24,5.9,297.23,0.7,297.25,8.2,297.26,3.2
1753503384388,04:16:24.388,AAVE/USDT:USDT,297.24,5.9,297.23,0.7,297.25,10.2,297.26,3.6
1753503384523,04:16:24.523,AAVE/USDT:USDT,297.24,0.2,297.23,0.7,297.25,10.2,297.26,4.0
1753503384626,04:16:24.626,AAVE/USDT:USDT,297.24,0.2,297.23,0.7,297.25,10.2,297.26,4.0
1753503384817,04:16:24.817,AAVE/USDT:USDT,297.24,0.2,297.23,0.1,297.25,14.5,297.26,14.8
1753503384919,04:16:24.919,AAVE/USDT:USDT,297.24,0.2,297.23,0.1,297.25,13.8,297.26,14.8
1753503385021,04:16:25.021,AAVE/USDT:USDT,297.24,0.2,297.23,0.1,297.25,13.8,297.26,14.8
1753503385123,04:16:25.123,AAVE/USDT:USDT,297.24,0.2,297.23,0.1,297.25,14.2,297.26,14.8
1753503385285,04:16:25.285,AAVE/USDT:USDT,297.24,3.9,297.23,0.1,297.25,10.3,297.26,14.4
1753503385388,04:16:25.388,AAVE/USDT:USDT,297.24,3.9,297.23,0.1,297.25,10.3,297.26,3.2
1753503385490,04:16:25.490,AAVE/USDT:USDT,297.24,3.9,297.23,0.1,297.25,10.3,297.26,4.2
1753503385591,04:16:25.591,AAVE/USDT:USDT,297.24,3.9,297.23,0.1,297.25,10.3,297.26,4.2
1753503385697,04:16:25.697,AAVE/USDT:USDT,297.24,3.9,297.23,0.1,297.25,10.3,297.26,4.2
1753503385804,04:16:25.804,AAVE/USDT:USDT,297.22,20.3,297.21,2.8,297.23,3.8,297.24,18.0
1753503385907,04:16:25.907,AAVE/USDT:USDT,297.22,20.4,297.21,2.8,297.23,7.9,297.24,18.0
1753503386011,04:16:26.011,AAVE/USDT:USDT,297.22,20.4,297.21,2.8,297.23,8.0,297.24,18.0
1753503386113,04:16:26.113,AAVE/USDT:USDT,297.22,20.4,297.21,2.8,297.23,8.0,297.24,12.9
1753503386214,04:16:26.214,AAVE/USDT:USDT,297.22,20.4,297.21,2.8,297.23,8.0,297.24,12.9
1753503386318,04:16:26.318,AAVE/USDT:USDT,297.22,20.4,297.21,2.8,297.23,8.3,297.24,12.9
1753503386433,04:16:26.433,AAVE/USDT:USDT,297.22,20.4,297.21,2.8,297.23,12.3,297.24,12.9
1753503386538,04:16:26.538,AAVE/USDT:USDT,297.22,20.4,297.21,2.8,297.23,12.3,297.24,12.3
1753503386649,04:16:26.649,AAVE/USDT:USDT,297.22,20.4,297.21,2.8,297.23,12.0,297.24,12.3
1753503386767,04:16:26.767,AAVE/USDT:USDT,297.22,20.4,297.21,2.8,297.23,12.0,297.24,12.3
1753503386870,04:16:26.870,AAVE/USDT:USDT,297.22,20.4,297.21,2.8,297.23,12.0,297.24,12.3
1753503386974,04:16:26.974,AAVE/USDT:USDT,297.22,20.4,297.21,2.8,297.23,12.0,297.24,12.3
1753503387076,04:16:27.076,AAVE/USDT:USDT,297.22,20.4,297.21,2.7,297.23,12.0,297.24,12.3
1753503387179,04:16:27.179,AAVE/USDT:USDT,297.22,20.4,297.21,2.7,297.23,12.0,297.24,12.3
1753503387284,04:16:27.284,AAVE/USDT:USDT,297.22,20.4,297.21,2.7,297.23,12.0,297.24,7.4
1753503387387,04:16:27.387,AAVE/USDT:USDT,297.22,20.4,297.21,2.7,297.23,9.5,297.25,4.0
1753503387498,04:16:27.498,AAVE/USDT:USDT,297.22,20.4,297.21,2.7,297.23,7.0,297.25,4.0
1753503387614,04:16:27.614,AAVE/USDT:USDT,297.25,10.9,297.24,7.1,297.26,1.7,297.27,0.3
1753503387718,04:16:27.718,AAVE/USDT:USDT,297.25,10.9,297.24,7.0,297.26,1.7,297.27,0.3
1753503387819,04:16:27.819,AAVE/USDT:USDT,297.25,10.9,297.24,7.0,297.26,1.8,297.27,0.3
1753503387930,04:16:27.930,AAVE/USDT:USDT,297.25,10.9,297.24,7.0,297.26,1.8,297.27,0.3
1753503388063,04:16:28.063,AAVE/USDT:USDT,297.25,9.4,297.24,7.0,297.26,7.2,297.27,0.3
1753503388166,04:16:28.166,AAVE/USDT:USDT,297.25,9.4,297.24,7.0,297.26,7.2,297.27,0.3
1753503388274,04:16:28.274,AAVE/USDT:USDT,297.25,9.4,297.24,7.0,297.26,7.2,297.27,0.3
1753503388415,04:16:28.415,AAVE/USDT:USDT,297.25,9.5,297.24,7.0,297.26,1.8,297.27,0.3
1753503388517,04:16:28.517,AAVE/USDT:USDT,297.25,10.3,297.24,7.4,297.26,1.8,297.27,0.3
1753503388620,04:16:28.620,AAVE/USDT:USDT,297.25,10.3,297.24,7.4,297.26,1.8,297.27,0.3
1753503388723,04:16:28.723,AAVE/USDT:USDT,297.25,10.3,297.24,7.4,297.26,1.8,297.27,0.3
1753503388858,04:16:28.858,AAVE/USDT:USDT,297.25,9.5,297.24,7.0,297.26,1.8,297.27,0.3
1753503388961,04:16:28.961,AAVE/USDT:USDT,297.25,9.5,297.24,7.0,297.26,1.8,297.27,0.3
1753503389065,04:16:29.065,AAVE/USDT:USDT,297.25,9.5,297.24,7.0,297.26,1.8,297.27,0.3
1753503389277,04:16:29.277,AAVE/USDT:USDT,297.25,9.5,297.24,7.0,297.26,1.8,297.27,0.3
1753503389537,04:16:29.537,AAVE/USDT:USDT,297.25,9.5,297.24,7.0,297.26,1.8,297.27,0.3
1753503389640,04:16:29.640,AAVE/USDT:USDT,297.25,9.5,297.24,7.0,297.26,1.8,297.27,0.3
1753503389743,04:16:29.743,AAVE/USDT:USDT,297.25,9.5,297.24,7.0,297.26,1.8,297.27,0.3
1753503389847,04:16:29.847,AAVE/USDT:USDT,297.25,9.5,297.24,7.0,297.26,1.8,297.27,0.3
1753503389950,04:16:29.950,AAVE/USDT:USDT,297.25,9.5,297.24,7.0,297.26,1.8,297.27,0.3
1753503390053,04:16:30.053,AAVE/USDT:USDT,297.25,9.5,297.24,7.0,297.26,1.8,297.27,0.3
1753503390215,04:16:30.215,AAVE/USDT:USDT,297.25,9.5,297.24,7.0,297.26,1.8,297.27,0.3
1753503390421,04:16:30.421,AAVE/USDT:USDT,297.25,9.5,297.24,7.0,297.26,1.9,297.27,0.3
1753503390554,04:16:30.554,AAVE/USDT:USDT,297.25,4.4,297.24,7.0,297.26,1.9,297.27,0.3
1753503390657,04:16:30.657,AAVE/USDT:USDT,297.25,4.4,297.24,4.7,297.26,1.9,297.27,0.3
1753503390783,04:16:30.783,AAVE/USDT:USDT,297.25,4.5,297.24,4.7,297.26,1.9,297.27,0.3
1753503390884,04:16:30.884,AAVE/USDT:USDT,297.25,6.2,297.24,5.1,297.26,1.9,297.27,0.3
1753503391095,04:16:31.095,AAVE/USDT:USDT,297.26,4.3,297.25,11.9,297.27,0.3,297.28,2.4
1753503391196,04:16:31.196,AAVE/USDT:USDT,297.26,29.1,297.25,16.7,297.27,0.4,297.28,0.3
1753503391298,04:16:31.298,AAVE/USDT:USDT,297.26,29.1,297.25,16.7,297.27,0.4,297.28,0.3
1753503391400,04:16:31.400,AAVE/USDT:USDT,297.26,29.1,297.25,16.7,297.27,0.4,297.28,0.3
1753503391511,04:16:31.511,AAVE/USDT:USDT,297.26,29.1,297.25,14.5,297.27,0.4,297.28,0.3
1753503391616,04:16:31.616,AAVE/USDT:USDT,297.26,29.1,297.25,14.5,297.27,0.4,297.28,0.3
1753503391717,04:16:31.717,AAVE/USDT:USDT,297.26,29.1,297.25,14.5,297.27,0.4,297.28,0.3
1753503391828,04:16:31.828,AAVE/USDT:USDT,297.26,29.1,297.25,14.5,297.27,0.4,297.28,0.3
1753503391969,04:16:31.969,AAVE/USDT:USDT,297.26,29.1,297.25,14.5,297.27,0.4,297.28,0.3
1753503392111,04:16:32.111,AAVE/USDT:USDT,297.26,29.1,297.25,14.5,297.27,0.4,297.28,0.3
1753503392219,04:16:32.219,AAVE/USDT:USDT,297.26,8.3,297.25,7.3,297.27,0.4,297.28,0.3
1753503392321,04:16:32.321,AAVE/USDT:USDT,297.26,8.3,297.25,7.3,297.27,0.4,297.28,0.3
1753503392426,04:16:32.426,AAVE/USDT:USDT,297.26,13.5,297.25,9.9,297.27,0.4,297.28,0.3
1753503392533,04:16:32.533,AAVE/USDT:USDT,297.26,13.5,297.25,9.9,297.27,0.4,297.28,0.3
1753503392668,04:16:32.668,AAVE/USDT:USDT,297.26,13.5,297.25,9.9,297.27,0.4,297.28,0.3
1753503392771,04:16:32.771,AAVE/USDT:USDT,297.26,13.2,297.25,7.3,297.27,0.4,297.28,0.3
1753503392877,04:16:32.877,AAVE/USDT:USDT,297.26,13.2,297.25,9.8,297.27,0.4,297.28,0.3
1753503392981,04:16:32.981,AAVE/USDT:USDT,297.26,13.2,297.25,9.8,297.27,0.4,297.28,0.3
1753503393086,04:16:33.086,AAVE/USDT:USDT,297.26,13.2,297.25,9.8,297.27,0.4,297.28,0.3
1753503393199,04:16:33.199,AAVE/USDT:USDT,297.26,13.2,297.25,9.8,297.27,0.5,297.28,0.3
1753503393313,04:16:33.313,AAVE/USDT:USDT,297.26,13.2,297.25,9.8,297.27,0.5,297.28,0.3
1753503393421,04:16:33.421,AAVE/USDT:USDT,297.26,13.2,297.25,7.3,297.27,0.6,297.28,0.3
1753503393523,04:16:33.523,AAVE/USDT:USDT,297.26,13.2,297.25,7.3,297.27,0.2,297.28,0.3
1753503393626,04:16:33.626,AAVE/USDT:USDT,297.26,13.2,297.25,7.3,297.27,0.2,297.28,0.3
1753503393746,04:16:33.746,AAVE/USDT:USDT,297.29,19.3,297.28,15.9,297.3,0.2,297.31,0.4
1753503393847,04:16:33.847,AAVE/USDT:USDT,297.29,19.4,297.28,15.9,297.3,0.2,297.31,0.4
1753503393950,04:16:33.950,AAVE/USDT:USDT,297.29,17.2,297.28,12.7,297.3,0.3,297.31,0.4
1753503394066,04:16:34.066,AAVE/USDT:USDT,297.29,17.2,297.28,12.7,297.3,0.3,297.31,0.4
1753503394167,04:16:34.167,AAVE/USDT:USDT,297.29,17.2,297.28,12.7,297.3,0.3,297.31,0.4
1753503394273,04:16:34.273,AAVE/USDT:USDT,297.29,17.2,297.28,12.7,297.3,0.3,297.31,0.4
1753503394376,04:16:34.376,AAVE/USDT:USDT,297.29,17.2,297.28,12.7,297.3,0.3,297.31,0.4
1753503394477,04:16:34.477,AAVE/USDT:USDT,297.29,17.2,297.28,9.2,297.3,0.3,297.31,0.4
1753503394581,04:16:34.581,AAVE/USDT:USDT,297.29,17.2,297.28,7.4,297.3,0.3,297.31,0.4
1753503394687,04:16:34.687,AAVE/USDT:USDT,297.29,13.7,297.28,7.4,297.3,0.4,297.31,0.4
1753503394790,04:16:34.790,AAVE/USDT:USDT,297.29,13.7,297.28,7.4,297.3,0.5,297.31,0.4
1753503394893,04:16:34.893,AAVE/USDT:USDT,297.29,13.7,297.28,7.4,297.3,0.5,297.31,0.4
1753503394995,04:16:34.995,AAVE/USDT:USDT,297.29,13.7,297.28,7.4,297.3,0.4,297.31,0.4
1753503395156,04:16:35.156,AAVE/USDT:USDT,297.29,12.2,297.28,7.4,297.3,0.4,297.31,0.4
1753503395259,04:16:35.259,AAVE/USDT:USDT,297.29,12.2,297.28,7.4,297.3,0.4,297.31,0.4
1753503395363,04:16:35.363,AAVE/USDT:USDT,297.29,12.2,297.28,7.4,297.3,0.5,297.31,0.4
1753503395465,04:16:35.465,AAVE/USDT:USDT,297.29,12.2,297.28,7.4,297.3,0.5,297.31,0.4
1753503395566,04:16:35.566,AAVE/USDT:USDT,297.29,12.2,297.28,7.4,297.3,0.5,297.31,0.4
1753503395669,04:16:35.669,AAVE/USDT:USDT,297.29,12.2,297.28,7.4,297.3,0.5,297.31,0.4
1753503395813,04:16:35.813,AAVE/USDT:USDT,297.29,12.2,297.28,7.4,297.3,0.4,297.31,0.4
1753503395919,04:16:35.919,AAVE/USDT:USDT,297.29,12.2,297.28,7.4,297.3,0.6,297.31,0.4
1753503396022,04:16:36.022,AAVE/USDT:USDT,297.29,12.2,297.28,7.4,297.3,0.6,297.31,0.4
1753503396128,04:16:36.128,AAVE/USDT:USDT,297.29,12.2,297.28,7.4,297.3,0.6,297.31,0.4
1753503396236,04:16:36.236,AAVE/USDT:USDT,297.29,12.2,297.28,7.4,297.3,0.6,297.31,0.4
1753503396339,04:16:36.339,AAVE/USDT:USDT,297.29,12.2,297.28,7.4,297.3,0.6,297.31,0.4
1753503396496,04:16:36.496,AAVE/USDT:USDT,297.29,12.4,297.28,7.4,297.3,0.6,297.31,0.4
1753503396603,04:16:36.603,AAVE/USDT:USDT,297.29,12.4,297.28,7.4,297.3,0.6,297.31,0.4
1753503396706,04:16:36.706,AAVE/USDT:USDT,297.29,12.4,297.28,7.4,297.3,0.6,297.31,0.4
1753503396809,04:16:36.809,AAVE/USDT:USDT,297.29,12.4,297.28,7.4,297.3,0.6,297.31,0.4
1753503396918,04:16:36.918,AAVE/USDT:USDT,297.29,6.3,297.28,7.4,297.3,0.6,297.31,0.4
1753503397021,04:16:37.021,AAVE/USDT:USDT,297.29,6.3,297.28,7.4,297.3,0.6,297.31,0.4
1753503397125,04:16:37.125,AAVE/USDT:USDT,297.29,6.3,297.28,7.4,297.3,0.6,297.31,0.4
1753503397244,04:16:37.244,AAVE/USDT:USDT,297.29,6.3,297.28,7.4,297.3,0.6,297.31,0.3
1753503397349,04:16:37.349,AAVE/USDT:USDT,297.29,6.3,297.28,7.4,297.3,0.6,297.31,0.3
1753503397565,04:16:37.565,AAVE/USDT:USDT,297.29,6.4,297.28,7.4,297.3,0.6,297.31,0.3
1753503397666,04:16:37.666,AAVE/USDT:USDT,297.29,6.4,297.28,7.4,297.3,0.6,297.31,0.3
1753503397772,04:16:37.772,AAVE/USDT:USDT,297.29,6.4,297.28,7.4,297.3,0.6,297.31,0.3
1753503397892,04:16:37.892,AAVE/USDT:USDT,297.3,25.9,297.29,9.2,297.31,0.2,297.32,5.3
1753503397995,04:16:37.995,AAVE/USDT:USDT,297.3,25.9,297.29,9.2,297.31,0.2,297.32,5.3
1753503398098,04:16:38.098,AAVE/USDT:USDT,297.3,26.0,297.29,9.2,297.31,0.2,297.32,5.3
1753503398222,04:16:38.222,AAVE/USDT:USDT,297.3,26.0,297.29,9.2,297.31,0.3,297.32,5.3
1753503398325,04:16:38.325,AAVE/USDT:USDT,297.3,26.0,297.29,9.2,297.31,0.3,297.32,5.3
1753503398442,04:16:38.442,AAVE/USDT:USDT,297.3,26.0,297.29,9.2,297.31,0.3,297.32,5.3
1753503398545,04:16:38.545,AAVE/USDT:USDT,297.3,26.0,297.29,9.2,297.31,0.3,297.32,5.3
1753503398689,04:16:38.689,AAVE/USDT:USDT,297.3,26.0,297.29,9.2,297.31,0.3,297.32,5.3
1753503398824,04:16:38.824,AAVE/USDT:USDT,297.3,26.0,297.29,9.2,297.31,0.3,297.32,5.3
1753503398929,04:16:38.929,AAVE/USDT:USDT,297.3,26.0,297.29,9.2,297.31,0.3,297.32,5.3
1753503399082,04:16:39.082,AAVE/USDT:USDT,297.3,26.0,297.29,9.2,297.31,0.3,297.32,0.3
1753503399213,04:16:39.213,AAVE/USDT:USDT,297.3,26.5,297.29,9.2,297.31,0.3,297.32,0.3
1753503399318,04:16:39.318,AAVE/USDT:USDT,297.3,26.5,297.29,9.2,297.31,0.3,297.32,0.3
1753503399459,04:16:39.459,AAVE/USDT:USDT,297.3,26.4,297.29,9.0,297.31,0.7,297.32,0.3
1753503399561,04:16:39.561,AAVE/USDT:USDT,297.3,18.2,297.29,9.0,297.31,0.9,297.32,0.4
1753503399667,04:16:39.667,AAVE/USDT:USDT,297.3,18.2,297.29,9.0,297.31,0.9,297.32,0.4
1753503399791,04:16:39.791,AAVE/USDT:USDT,297.3,18.1,297.29,9.0,297.31,0.9,297.32,0.4
1753503399894,04:16:39.894,AAVE/USDT:USDT,297.3,18.1,297.29,9.0,297.31,0.9,297.32,0.4
1753503400005,04:16:40.005,AAVE/USDT:USDT,297.3,18.1,297.29,9.0,297.31,0.9,297.32,0.4
1753503400110,04:16:40.110,AAVE/USDT:USDT,297.3,18.1,297.29,9.0,297.31,0.9,297.32,0.4
1753503400222,04:16:40.222,AAVE/USDT:USDT,297.3,13.8,297.29,7.3,297.31,0.9,297.32,0.4
1753503400326,04:16:40.326,AAVE/USDT:USDT,297.3,13.8,297.29,7.3,297.31,1.0,297.32,0.4
1753503400430,04:16:40.430,AAVE/USDT:USDT,297.3,13.8,297.29,7.3,297.31,1.0,297.32,0.4
1753503400552,04:16:40.552,AAVE/USDT:USDT,297.3,13.8,297.29,7.3,297.31,1.0,297.32,0.4
1753503400689,04:16:40.689,AAVE/USDT:USDT,297.3,13.8,297.29,7.3,297.31,1.0,297.32,0.4
1753503400795,04:16:40.795,AAVE/USDT:USDT,297.3,13.8,297.29,7.7,297.31,1.0,297.32,0.4
1753503400898,04:16:40.898,AAVE/USDT:USDT,297.3,13.8,297.29,7.7,297.31,1.0,297.32,0.4
1753503401001,04:16:41.001,AAVE/USDT:USDT,297.3,13.8,297.29,7.7,297.31,1.0,297.32,0.4
1753503401107,04:16:41.107,AAVE/USDT:USDT,297.3,13.8,297.29,7.7,297.31,1.0,297.32,0.4
1753503401302,04:16:41.302,AAVE/USDT:USDT,297.3,17.1,297.29,7.7,297.31,1.0,297.32,0.4
1753503401405,04:16:41.405,AAVE/USDT:USDT,297.3,17.3,297.29,7.7,297.31,1.0,297.32,0.3
1753503401508,04:16:41.508,AAVE/USDT:USDT,297.3,17.3,297.29,7.7,297.31,1.0,297.32,0.3
1753503401618,04:16:41.618,AAVE/USDT:USDT,297.3,17.3,297.29,7.7,297.31,1.0,297.32,0.3
1753503401833,04:16:41.833,AAVE/USDT:USDT,297.3,17.3,297.29,7.7,297.31,1.0,297.32,0.3
1753503401937,04:16:41.937,AAVE/USDT:USDT,297.3,17.3,297.29,7.7,297.31,1.0,297.32,0.3
1753503402038,04:16:42.038,AAVE/USDT:USDT,297.3,17.3,297.29,7.7,297.31,0.9,297.32,0.3
1753503402141,04:16:42.141,AAVE/USDT:USDT,297.3,17.3,297.29,7.7,297.31,0.9,297.32,0.3
1753503402244,04:16:42.244,AAVE/USDT:USDT,297.3,17.3,297.29,7.7,297.31,0.9,297.32,0.3
1753503402347,04:16:42.347,AAVE/USDT:USDT,297.3,18.5,297.29,7.3,297.31,0.9,297.32,0.3
1753503402450,04:16:42.450,AAVE/USDT:USDT,297.3,18.5,297.29,7.7,297.31,0.9,297.32,0.3
1753503402553,04:16:42.553,AAVE/USDT:USDT,297.3,18.5,297.29,7.7,297.31,0.9,297.32,0.3
1753503402656,04:16:42.656,AAVE/USDT:USDT,297.3,18.5,297.29,7.7,297.31,0.9,297.32,0.3
1753503402767,04:16:42.767,AAVE/USDT:USDT,297.3,18.5,297.29,7.7,297.31,0.6,297.32,0.3
1753503402871,04:16:42.871,AAVE/USDT:USDT,297.3,18.5,297.29,7.7,297.31,0.6,297.32,0.3
1753503403001,04:16:43.001,AAVE/USDT:USDT,297.3,18.5,297.29,9.8,297.31,0.6,297.32,0.3
1753503403103,04:16:43.103,AAVE/USDT:USDT,297.32,3.6,297.31,10.2,297.33,5.4,297.34,2.2
1753503403205,04:16:43.205,AAVE/USDT:USDT,297.31,4.5,297.3,12.3,297.32,14.2,297.33,5.3
1753503403307,04:16:43.307,AAVE/USDT:USDT,297.3,1.9,297.29,6.1,297.31,14.8,297.32,9.9
1753503403408,04:16:43.408,AAVE/USDT:USDT,297.3,2.0,297.29,0.1,297.31,14.9,297.32,16.3
1753503403511,04:16:43.511,AAVE/USDT:USDT,297.3,2.0,297.29,0.1,297.31,14.9,297.32,16.3
1753503403613,04:16:43.613,AAVE/USDT:USDT,297.3,2.0,297.29,0.1,297.31,14.9,297.32,16.3
1753503403771,04:16:43.771,AAVE/USDT:USDT,297.3,2.0,297.29,0.1,297.31,19.9,297.32,16.3
1753503403874,04:16:43.874,AAVE/USDT:USDT,297.3,2.0,297.29,0.1,297.31,19.9,297.32,16.3
1753503403998,04:16:43.998,AAVE/USDT:USDT,297.27,0.1,297.26,0.4,297.28,26.6,297.29,31.1
1753503404099,04:16:44.099,AAVE/USDT:USDT,297.26,0.2,297.25,0.5,297.27,22.0,297.28,31.5
1753503404202,04:16:44.202,AAVE/USDT:USDT,297.24,0.1,297.23,0.3,297.25,34.5,297.26,41.2
1753503404306,04:16:44.306,AAVE/USDT:USDT,297.24,0.1,297.23,0.3,297.25,32.4,297.26,37.0
1753503404414,04:16:44.414,AAVE/USDT:USDT,297.24,0.1,297.23,0.3,297.25,32.0,297.26,37.0
1753503404520,04:16:44.520,AAVE/USDT:USDT,297.24,0.1,297.23,0.3,297.25,32.0,297.26,37.6
1753503404623,04:16:44.623,AAVE/USDT:USDT,297.24,0.1,297.23,0.3,297.25,32.0,297.26,37.6
1753503404729,04:16:44.729,AAVE/USDT:USDT,297.24,0.1,297.23,0.3,297.25,32.0,297.26,37.6
1753503404835,04:16:44.835,AAVE/USDT:USDT,297.24,0.1,297.23,0.3,297.25,32.0,297.26,37.6
1753503405002,04:16:45.002,AAVE/USDT:USDT,297.24,1.4,297.23,0.3,297.25,29.8,297.26,31.4
1753503405109,04:16:45.109,AAVE/USDT:USDT,297.24,1.4,297.23,0.3,297.25,29.8,297.26,31.4
1753503405212,04:16:45.212,AAVE/USDT:USDT,297.24,1.4,297.23,0.3,297.25,29.8,297.26,31.4
1753503405316,04:16:45.316,AAVE/USDT:USDT,297.24,1.4,297.23,0.3,297.25,29.8,297.26,31.4
1753503405424,04:16:45.424,AAVE/USDT:USDT,297.2,16.7,297.19,3.6,297.21,9.7,297.22,6.7
1753503405526,04:16:45.526,AAVE/USDT:USDT,297.2,16.8,297.19,3.6,297.21,10.1,297.22,6.2
1753503405631,04:16:45.631,AAVE/USDT:USDT,297.2,16.8,297.19,3.6,297.21,10.1,297.22,6.2
1753503405734,04:16:45.734,AAVE/USDT:USDT,297.2,16.8,297.19,3.6,297.21,6.0,297.22,6.2
1753503405838,04:16:45.838,AAVE/USDT:USDT,297.2,16.8,297.19,4.0,297.21,2.4,297.22,5.6
1753503405941,04:16:45.941,AAVE/USDT:USDT,297.2,16.8,297.19,4.0,297.21,2.4,297.22,5.6
1753503406067,04:16:46.067,AAVE/USDT:USDT,297.2,17.3,297.19,4.0,297.21,2.4,297.22,5.6
1753503406169,04:16:46.169,AAVE/USDT:USDT,297.2,8.7,297.19,3.5,297.21,11.0,297.22,5.6
1753503406273,04:16:46.273,AAVE/USDT:USDT,297.2,8.7,297.19,3.5,297.21,14.6,297.22,5.6
1753503406414,04:16:46.414,AAVE/USDT:USDT,297.2,8.7,297.19,3.5,297.21,14.6,297.22,11.8
1753503406519,04:16:46.519,AAVE/USDT:USDT,297.2,8.7,297.19,3.5,297.21,14.6,297.22,11.8
1753503406621,04:16:46.621,AAVE/USDT:USDT,297.2,8.7,297.19,3.5,297.21,11.1,297.22,11.8
1753503406733,04:16:46.733,AAVE/USDT:USDT,297.2,8.7,297.19,3.5,297.21,15.3,297.22,12.6
1753503406836,04:16:46.836,AAVE/USDT:USDT,297.2,8.7,297.19,3.5,297.21,16.3,297.22,11.8
1753503406939,04:16:46.939,AAVE/USDT:USDT,297.2,8.7,297.19,3.5,297.21,16.3,297.22,11.8
1753503407042,04:16:47.042,AAVE/USDT:USDT,297.2,8.7,297.19,3.5,297.21,16.3,297.22,12.6
1753503407144,04:16:47.144,AAVE/USDT:USDT,297.2,8.7,297.19,3.5,297.21,16.3,297.22,11.8
1753503407245,04:16:47.245,AAVE/USDT:USDT,297.2,8.6,297.19,3.5,297.21,4.3,297.22,11.8
1753503407347,04:16:47.347,AAVE/USDT:USDT,297.2,12.9,297.19,6.0,297.21,0.5,297.22,1.9
1753503407449,04:16:47.449,AAVE/USDT:USDT,297.2,12.9,297.19,6.0,297.21,0.4,297.22,1.9
1753503407552,04:16:47.552,AAVE/USDT:USDT,297.2,12.9,297.19,6.0,297.21,0.4,297.22,1.9
1753503407653,04:16:47.653,AAVE/USDT:USDT,297.22,33.6,297.21,19.1,297.23,0.1,297.25,5.1
1753503407756,04:16:47.756,AAVE/USDT:USDT,297.22,26.4,297.21,19.1,297.23,0.1,297.24,1.9
1753503407866,04:16:47.866,AAVE/USDT:USDT,297.22,27.2,297.21,19.1,297.23,0.1,297.24,1.9
1753503407970,04:16:47.970,AAVE/USDT:USDT,297.22,24.4,297.21,14.2,297.23,0.1,297.24,1.9
1753503408073,04:16:48.073,AAVE/USDT:USDT,297.22,14.4,297.21,7.2,297.23,15.3,297.24,2.3
1753503408176,04:16:48.176,AAVE/USDT:USDT,297.22,10.8,297.21,7.2,297.23,16.9,297.24,4.1
1753503408277,04:16:48.277,AAVE/USDT:USDT,297.22,10.8,297.21,7.2,297.23,14.3,297.24,4.1
1753503408389,04:16:48.389,AAVE/USDT:USDT,297.22,10.8,297.21,7.2,297.23,18.6,297.24,4.1
1753503408492,04:16:48.492,AAVE/USDT:USDT,297.22,11.2,297.21,7.2,297.23,18.6,297.24,4.1
1753503408691,04:16:48.691,AAVE/USDT:USDT,297.22,11.2,297.21,7.2,297.23,18.6,297.24,4.1
1753503408840,04:16:48.840,AAVE/USDT:USDT,297.22,11.2,297.21,7.2,297.23,18.6,297.24,4.1
1753503408942,04:16:48.942,AAVE/USDT:USDT,297.22,11.2,297.21,7.2,297.23,18.6,297.24,4.1
1753503409043,04:16:49.043,AAVE/USDT:USDT,297.22,11.2,297.21,7.2,297.23,18.6,297.24,4.1
1753503409144,04:16:49.144,AAVE/USDT:USDT,297.22,11.2,297.21,7.2,297.23,18.6,297.24,4.1
1753503409247,04:16:49.247,AAVE/USDT:USDT,297.22,11.2,297.21,7.2,297.23,18.6,297.24,4.1
1753503409393,04:16:49.393,AAVE/USDT:USDT,297.22,11.2,297.21,7.2,297.23,18.6,297.24,4.1
1753503409496,04:16:49.496,AAVE/USDT:USDT,297.22,11.2,297.21,7.2,297.23,18.6,297.24,4.1
1753503409602,04:16:49.602,AAVE/USDT:USDT,297.22,11.2,297.21,7.2,297.23,18.6,297.24,4.1
1753503409735,04:16:49.735,AAVE/USDT:USDT,297.22,11.2,297.21,7.2,297.23,18.6,297.24,4.1
1753503409858,04:16:49.858,AAVE/USDT:USDT,297.2,8.5,297.19,3.5,297.21,22.0,297.22,26.7
1753503409962,04:16:49.962,AAVE/USDT:USDT,297.2,8.6,297.19,3.5,297.21,16.9,297.22,26.0
1753503410068,04:16:50.068,AAVE/USDT:USDT,297.2,8.6,297.19,3.5,297.21,16.9,297.22,26.0
1753503410169,04:16:50.169,AAVE/USDT:USDT,297.2,8.6,297.19,3.5,297.21,16.9,297.22,26.0
1753503410310,04:16:50.310,AAVE/USDT:USDT,297.2,8.6,297.19,3.5,297.21,13.3,297.22,26.0
1753503410414,04:16:50.414,AAVE/USDT:USDT,297.2,8.6,297.19,3.5,297.21,13.3,297.22,23.1
1753503410637,04:16:50.637,AAVE/USDT:USDT,297.2,8.6,297.19,3.5,297.21,13.6,297.22,25.9
1753503410740,04:16:50.740,AAVE/USDT:USDT,297.2,8.6,297.19,3.5,297.21,13.6,297.22,25.9
1753503410880,04:16:50.880,AAVE/USDT:USDT,297.2,8.6,297.19,3.5,297.21,13.6,297.22,25.9
1753503411009,04:16:51.009,AAVE/USDT:USDT,297.2,8.6,297.19,3.5,297.21,14.0,297.22,25.9
1753503411111,04:16:51.111,AAVE/USDT:USDT,297.2,8.6,297.19,3.5,297.21,14.0,297.22,25.9
1753503411214,04:16:51.214,AAVE/USDT:USDT,297.2,8.6,297.19,3.5,297.21,14.0,297.22,25.9
1753503411367,04:16:51.367,AAVE/USDT:USDT,297.2,8.6,297.19,3.5,297.21,14.0,297.22,25.9
1753503411469,04:16:51.469,AAVE/USDT:USDT,297.2,8.6,297.19,3.5,297.21,13.6,297.22,25.9
1753503411572,04:16:51.572,AAVE/USDT:USDT,297.2,8.6,297.19,3.5,297.21,19.7,297.22,26.0
1753503411675,04:16:51.675,AAVE/USDT:USDT,297.2,8.6,297.19,3.5,297.21,19.7,297.22,26.0
1753503411778,04:16:51.778,AAVE/USDT:USDT,297.2,8.6,297.19,3.5,297.21,19.7,297.22,26.0
1753503411936,04:16:51.936,AAVE/USDT:USDT,297.2,8.6,297.19,3.5,297.21,19.7,297.22,26.0
1753503412039,04:16:52.039,AAVE/USDT:USDT,297.2,8.6,297.19,3.5,297.21,19.7,297.22,26.0
1753503412141,04:16:52.141,AAVE/USDT:USDT,297.2,8.6,297.19,3.5,297.21,19.7,297.22,26.0
1753503412291,04:16:52.291,AAVE/USDT:USDT,297.2,8.6,297.19,3.5,297.21,19.7,297.22,26.6
1753503412395,04:16:52.395,AAVE/USDT:USDT,297.2,8.7,297.19,3.5,297.21,19.7,297.22,26.6
1753503412547,04:16:52.547,AAVE/USDT:USDT,297.2,8.7,297.19,3.5,297.21,19.7,297.22,26.6
1753503412671,04:16:52.671,AAVE/USDT:USDT,297.2,8.7,297.19,3.5,297.21,19.7,297.22,26.6
1753503412933,04:16:52.933,AAVE/USDT:USDT,297.2,8.7,297.19,3.5,297.21,19.7,297.22,26.6
1753503413036,04:16:53.036,AAVE/USDT:USDT,297.2,8.7,297.19,3.5,297.21,18.7,297.22,26.5
1753503413139,04:16:53.139,AAVE/USDT:USDT,297.2,8.7,297.19,3.5,297.21,18.7,297.22,23.7
1753503413323,04:16:53.323,AAVE/USDT:USDT,297.2,8.7,297.19,3.5,297.21,18.7,297.22,23.7
1753503413426,04:16:53.426,AAVE/USDT:USDT,297.2,8.7,297.19,3.5,297.21,18.8,297.22,23.7
1753503413536,04:16:53.536,AAVE/USDT:USDT,297.2,9.7,297.19,3.5,297.21,18.8,297.22,23.7
1753503413731,04:16:53.731,AAVE/USDT:USDT,297.28,18.5,297.27,0.5,297.29,8.8,297.3,28.0
1753503413832,04:16:53.832,AAVE/USDT:USDT,297.28,2.2,297.26,5.1,297.29,12.9,297.3,2.7
1753503413933,04:16:53.933,AAVE/USDT:USDT,297.26,0.2,297.24,0.1,297.27,16.3,297.28,20.1
1753503414036,04:16:54.036,AAVE/USDT:USDT,297.26,1.2,297.24,0.1,297.27,17.2,297.28,24.0
1753503414139,04:16:54.139,AAVE/USDT:USDT,297.26,1.3,297.24,0.1,297.27,17.2,297.28,24.0
1753503414242,04:16:54.242,AAVE/USDT:USDT,297.26,1.3,297.24,0.1,297.27,18.4,297.28,24.0
1753503414345,04:16:54.345,AAVE/USDT:USDT,297.26,1.3,297.24,0.1,297.27,18.5,297.28,24.0
1753503414460,04:16:54.460,AAVE/USDT:USDT,297.26,1.3,297.24,0.5,297.27,18.2,297.28,23.0
1753503414563,04:16:54.563,AAVE/USDT:USDT,297.26,1.3,297.24,0.1,297.27,18.2,297.28,23.0
1753503414669,04:16:54.669,AAVE/USDT:USDT,297.26,1.3,297.24,0.2,297.27,18.3,297.28,23.0
1753503414774,04:16:54.774,AAVE/USDT:USDT,297.26,1.3,297.24,0.2,297.27,18.3,297.28,23.0
1753503414880,04:16:54.880,AAVE/USDT:USDT,297.26,1.1,297.25,0.1,297.27,18.3,297.28,23.0
1753503414986,04:16:54.986,AAVE/USDT:USDT,297.26,1.1,297.25,0.1,297.27,18.3,297.28,23.0
1753503415089,04:16:55.089,AAVE/USDT:USDT,297.26,1.1,297.25,0.1,297.27,18.3,297.28,23.0
1753503415192,04:16:55.192,AAVE/USDT:USDT,297.26,1.1,297.25,0.1,297.27,18.3,297.28,23.0
1753503415293,04:16:55.293,AAVE/USDT:USDT,297.26,1.1,297.25,0.1,297.27,18.4,297.28,23.0
1753503415401,04:16:55.401,AAVE/USDT:USDT,297.26,1.2,297.25,0.1,297.27,18.4,297.28,23.0
1753503415504,04:16:55.504,AAVE/USDT:USDT,297.26,1.2,297.25,0.1,297.27,18.4,297.28,23.0
1753503415637,04:16:55.637,AAVE/USDT:USDT,297.26,1.5,297.25,0.1,297.27,18.4,297.28,23.0
1753503415795,04:16:55.795,AAVE/USDT:USDT,297.26,1.5,297.25,0.1,297.27,18.4,297.28,23.0
1753503415915,04:16:55.915,AAVE/USDT:USDT,297.26,1.5,297.25,0.1,297.27,18.4,297.28,23.0
1753503416021,04:16:56.021,AAVE/USDT:USDT,297.26,1.5,297.25,0.1,297.27,18.4,297.28,23.0
1753503416183,04:16:56.183,AAVE/USDT:USDT,297.26,1.5,297.25,0.1,297.27,18.4,297.28,18.0
1753503416297,04:16:56.297,AAVE/USDT:USDT,297.26,1.5,297.25,0.1,297.27,18.4,297.28,18.0
1753503416402,04:16:56.402,AAVE/USDT:USDT,297.26,1.5,297.25,0.1,297.27,14.9,297.28,18.0
1753503416543,04:16:56.543,AAVE/USDT:USDT,297.26,1.5,297.25,0.1,297.27,14.9,297.28,18.0
1753503416651,04:16:56.651,AAVE/USDT:USDT,297.26,11.2,297.25,3.8,297.27,5.1,297.28,3.4
1753503416754,04:16:56.754,AAVE/USDT:USDT,297.26,10.4,297.25,0.5,297.27,5.1,297.28,1.5
1753503416856,04:16:56.856,AAVE/USDT:USDT,297.26,10.4,297.25,0.6,297.27,5.1,297.28,1.5
1753503416958,04:16:56.958,AAVE/USDT:USDT,297.25,1.9,297.24,0.5,297.26,9.8,297.27,12.9
1753503417059,04:16:57.059,AAVE/USDT:USDT,297.25,0.1,297.24,0.1,297.26,13.4,297.27,12.9
1753503417162,04:16:57.162,AAVE/USDT:USDT,297.25,0.1,297.24,0.5,297.26,13.4,297.27,12.9
1753503417268,04:16:57.268,AAVE/USDT:USDT,297.25,0.1,297.24,0.5,297.26,13.4,297.27,12.9
1753503417375,04:16:57.375,AAVE/USDT:USDT,297.25,5.5,297.24,0.5,297.26,1.5,297.27,8.4
1753503417476,04:16:57.476,AAVE/USDT:USDT,297.25,8.7,297.24,0.5,297.26,3.8,297.27,5.1
1753503417582,04:16:57.582,AAVE/USDT:USDT,297.26,20.8,297.25,8.8,297.27,5.1,297.28,1.6
1753503417684,04:16:57.684,AAVE/USDT:USDT,297.26,21.7,297.25,15.1,297.27,1.6,297.28,1.6
1753503417787,04:16:57.787,AAVE/USDT:USDT,297.26,20.9,297.25,14.7,297.27,1.6,297.28,1.6
1753503417913,04:16:57.913,AAVE/USDT:USDT,297.26,21.7,297.25,14.7,297.27,1.6,297.28,1.6
1753503418033,04:16:58.033,AAVE/USDT:USDT,297.26,21.9,297.25,14.7,297.27,1.6,297.28,1.6
1753503418136,04:16:58.136,AAVE/USDT:USDT,297.26,21.1,297.25,12.3,297.27,5.2,297.28,1.6
1753503418245,04:16:58.245,AAVE/USDT:USDT,297.26,21.9,297.25,12.3,297.27,1.6,297.28,1.6
1753503418366,04:16:58.366,AAVE/USDT:USDT,297.26,21.2,297.25,12.3,297.27,5.2,297.28,1.6
1753503418492,04:16:58.492,AAVE/USDT:USDT,297.26,24.8,297.25,12.3,297.27,1.6,297.28,1.6
1753503418604,04:16:58.604,AAVE/USDT:USDT,297.26,24.0,297.25,12.3,297.27,1.6,297.28,1.6
1753503418705,04:16:58.705,AAVE/USDT:USDT,297.26,24.8,297.25,12.3,297.27,1.6,297.28,1.6
1753503418806,04:16:58.806,AAVE/USDT:USDT,297.26,24.0,297.25,14.4,297.27,1.6,297.28,1.6
1753503418909,04:16:58.909,AAVE/USDT:USDT,297.26,24.0,297.25,14.4,297.27,1.6,297.28,1.6
1753503419019,04:16:59.019,AAVE/USDT:USDT,297.26,24.0,297.25,8.8,297.27,5.2,297.28,1.6
1753503419120,04:16:59.120,AAVE/USDT:USDT,297.26,19.1,297.25,5.5,297.27,7.0,297.28,1.6
1753503419261,04:16:59.261,AAVE/USDT:USDT,297.26,19.1,297.25,5.5,297.27,6.3,297.28,1.6
1753503419364,04:16:59.364,AAVE/USDT:USDT,297.26,19.1,297.25,5.5,297.27,6.3,297.28,1.6
1753503419467,04:16:59.467,AAVE/USDT:USDT,297.26,19.1,297.25,5.5,297.27,6.3,297.28,1.6
1753503419570,04:16:59.570,AAVE/USDT:USDT,297.26,19.1,297.25,5.5,297.27,6.3,297.28,1.6
1753503419673,04:16:59.673,AAVE/USDT:USDT,297.26,3.2,297.25,5.5,297.27,6.3,297.28,1.6
1753503419776,04:16:59.776,AAVE/USDT:USDT,297.26,6.8,297.25,5.9,297.27,6.3,297.28,1.6
1753503419879,04:16:59.879,AAVE/USDT:USDT,297.26,6.8,297.25,5.9,297.27,6.3,297.28,1.6
1753503419981,04:16:59.981,AAVE/USDT:USDT,297.26,6.8,297.25,9.2,297.27,6.3,297.28,1.6
1753503420084,04:17:00.084,AAVE/USDT:USDT,297.26,10.4,297.25,9.3,297.27,4.4,297.28,1.6
1753503420186,04:17:00.186,AAVE/USDT:USDT,297.26,10.4,297.25,9.3,297.27,0.8,297.28,1.6
1753503420288,04:17:00.288,AAVE/USDT:USDT,297.26,10.4,297.25,9.3,297.27,0.8,297.28,1.6
1753503420390,04:17:00.390,AAVE/USDT:USDT,297.26,10.4,297.25,11.4,297.27,0.8,297.28,1.6
1753503420502,04:17:00.502,AAVE/USDT:USDT,297.26,10.4,297.25,11.4,297.27,0.8,297.28,1.6
1753503420605,04:17:00.605,AAVE/USDT:USDT,297.26,10.4,297.25,11.4,297.27,0.8,297.28,0.2
1753503420708,04:17:00.708,AAVE/USDT:USDT,297.26,10.4,297.25,11.4,297.27,0.7,297.28,0.2
1753503420811,04:17:00.811,AAVE/USDT:USDT,297.26,10.3,297.25,11.4,297.27,0.7,297.28,0.2
1753503420915,04:17:00.915,AAVE/USDT:USDT,297.27,48.8,297.26,19.1,297.28,0.1,297.29,0.3
1753503421016,04:17:01.016,AAVE/USDT:USDT,297.27,48.9,297.26,19.1,297.28,0.1,297.29,0.3
1753503421119,04:17:01.119,AAVE/USDT:USDT,297.27,48.9,297.26,18.1,297.28,0.1,297.29,0.3
1753503421228,04:17:01.228,AAVE/USDT:USDT,297.27,48.9,297.26,18.1,297.28,0.1,297.29,0.3
1753503421374,04:17:01.374,AAVE/USDT:USDT,297.27,48.9,297.26,18.1,297.28,0.1,297.29,0.3
1753503421479,04:17:01.479,AAVE/USDT:USDT,297.27,48.9,297.26,18.1,297.28,0.2,297.29,0.3
1753503421582,04:17:01.582,AAVE/USDT:USDT,297.27,46.8,297.26,8.9,297.28,0.3,297.29,0.3
1753503421685,04:17:01.685,AAVE/USDT:USDT,297.27,46.8,297.26,8.9,297.28,0.3,297.29,0.3
1753503421793,04:17:01.793,AAVE/USDT:USDT,297.27,46.8,297.26,8.9,297.28,0.3,297.29,0.3
1753503421897,04:17:01.897,AAVE/USDT:USDT,297.27,46.8,297.26,11.1,297.28,0.3,297.29,0.3
1753503422005,04:17:02.005,AAVE/USDT:USDT,297.27,46.8,297.26,11.1,297.28,0.5,297.29,0.3
1753503422110,04:17:02.110,AAVE/USDT:USDT,297.3,7.2,297.29,5.3,297.31,9.7,297.32,5.6
1753503422212,04:17:02.212,AAVE/USDT:USDT,297.3,7.2,297.29,5.3,297.31,9.7,297.32,5.6
1753503422314,04:17:02.314,AAVE/USDT:USDT,297.3,7.2,297.29,5.3,297.31,9.7,297.32,5.6
1753503422442,04:17:02.442,AAVE/USDT:USDT,297.3,3.6,297.29,5.3,297.31,9.9,297.32,5.5
1753503422565,04:17:02.565,AAVE/USDT:USDT,297.3,3.6,297.29,5.3,297.31,9.9,297.32,5.5
1753503422668,04:17:02.668,AAVE/USDT:USDT,297.3,11.6,297.29,5.3,297.31,8.1,297.32,3.6
1753503422780,04:17:02.780,AAVE/USDT:USDT,297.3,11.6,297.29,6.1,297.31,3.9,297.32,3.6
1753503422882,04:17:02.882,AAVE/USDT:USDT,297.3,11.6,297.29,6.1,297.31,3.9,297.32,3.6
1753503422984,04:17:02.984,AAVE/USDT:USDT,297.3,13.8,297.29,6.1,297.31,4.3,297.32,3.6
1753503423088,04:17:03.088,AAVE/USDT:USDT,297.3,9.8,297.29,5.3,297.31,6.1,297.32,3.6
1753503423233,04:17:03.233,AAVE/USDT:USDT,297.3,9.8,297.29,5.3,297.31,6.1,297.32,3.6
1753503423335,04:17:03.335,AAVE/USDT:USDT,297.3,6.2,297.29,5.3,297.31,6.1,297.32,3.6
1753503423443,04:17:03.443,AAVE/USDT:USDT,297.3,6.2,297.29,5.3,297.31,6.1,297.32,3.6
1753503423549,04:17:03.549,AAVE/USDT:USDT,297.3,6.3,297.29,4.7,297.31,6.1,297.32,3.6
1753503423660,04:17:03.660,AAVE/USDT:USDT,297.3,6.3,297.29,4.7,297.31,6.1,297.32,3.6
1753503423764,04:17:03.764,AAVE/USDT:USDT,297.3,6.5,297.29,4.7,297.31,6.1,297.32,3.6
1753503423867,04:17:03.867,AAVE/USDT:USDT,297.3,6.5,297.29,4.7,297.31,6.1,297.32,3.6
1753503423971,04:17:03.971,AAVE/USDT:USDT,297.3,6.5,297.29,4.7,297.31,6.1,297.32,3.6
1753503424099,04:17:04.099,AAVE/USDT:USDT,297.3,5.2,297.29,4.7,297.31,6.3,297.32,3.6
1753503424414,04:17:04.414,AAVE/USDT:USDT,297.3,5.2,297.29,5.5,297.31,6.3,297.32,5.5
1753503424539,04:17:04.539,AAVE/USDT:USDT,297.3,5.2,297.29,5.5,297.31,3.4,297.32,5.5
1753503424665,04:17:04.665,AAVE/USDT:USDT,297.3,5.1,297.29,5.5,297.31,3.4,297.32,5.5
1753503424768,04:17:04.768,AAVE/USDT:USDT,297.3,5.1,297.29,5.5,297.31,3.4,297.32,5.5
1753503424869,04:17:04.869,AAVE/USDT:USDT,297.3,5.1,297.29,5.5,297.31,3.4,297.32,5.5
1753503425007,04:17:05.007,AAVE/USDT:USDT,297.3,5.0,297.29,4.7,297.31,5.2,297.32,5.5
1753503425128,04:17:05.128,AAVE/USDT:USDT,297.3,5.0,297.29,4.7,297.31,5.2,297.32,5.5
1753503425252,04:17:05.252,AAVE/USDT:USDT,297.3,5.0,297.29,5.5,297.31,5.2,297.32,5.5
1753503425356,04:17:05.356,AAVE/USDT:USDT,297.3,0.3,297.29,3.7,297.31,9.8,297.32,5.5
1753503425459,04:17:05.459,AAVE/USDT:USDT,297.27,0.2,297.26,3.8,297.28,20.4,297.29,19.6
1753503425562,04:17:05.562,AAVE/USDT:USDT,297.26,3.8,297.25,0.1,297.27,19.9,297.28,18.3
1753503425665,04:17:05.665,AAVE/USDT:USDT,297.26,3.8,297.25,0.1,297.27,19.9,297.28,18.3
1753503425768,04:17:05.768,AAVE/USDT:USDT,297.26,3.8,297.25,0.1,297.27,19.9,297.28,18.3
1753503425871,04:17:05.871,AAVE/USDT:USDT,297.26,3.8,297.25,0.1,297.27,19.9,297.28,21.0
1753503425979,04:17:05.979,AAVE/USDT:USDT,297.26,3.8,297.25,0.1,297.27,19.9,297.28,21.0
1753503426098,04:17:06.098,AAVE/USDT:USDT,297.26,3.8,297.25,0.1,297.27,19.9,297.28,21.0
1753503426203,04:17:06.203,AAVE/USDT:USDT,297.26,3.8,297.25,0.1,297.27,19.9,297.28,13.3
1753503426306,04:17:06.306,AAVE/USDT:USDT,297.26,3.7,297.25,0.1,297.27,23.5,297.28,13.4
1753503426409,04:17:06.409,AAVE/USDT:USDT,297.26,3.7,297.25,0.1,297.27,23.5,297.28,13.4
1753503426511,04:17:06.511,AAVE/USDT:USDT,297.26,3.7,297.25,0.1,297.27,23.5,297.28,13.4
1753503426654,04:17:06.654,AAVE/USDT:USDT,297.26,3.7,297.25,0.1,297.27,20.1,297.28,13.4
1753503426757,04:17:06.757,AAVE/USDT:USDT,297.26,3.7,297.25,0.1,297.27,20.1,297.28,13.4
1753503427077,04:17:07.077,AAVE/USDT:USDT,297.23,35.1,297.22,30.3,297.24,3.6,297.26,11.5
1753503427282,04:17:07.282,AAVE/USDT:USDT,297.25,8.3,297.24,10.3,297.26,3.7,297.27,7.4
1753503427385,04:17:07.385,AAVE/USDT:USDT,297.25,10.5,297.24,10.3,297.26,0.1,297.27,7.4
1753503427486,04:17:07.486,AAVE/USDT:USDT,297.25,8.3,297.24,10.3,297.26,5.5,297.27,7.4
1753503427589,04:17:07.589,AAVE/USDT:USDT,297.25,8.3,297.24,10.3,297.26,3.8,297.27,7.4
1753503427692,04:17:07.692,AAVE/USDT:USDT,297.25,10.5,297.24,10.3,297.26,0.1,297.27,7.4
1753503427793,04:17:07.793,AAVE/USDT:USDT,297.25,10.5,297.24,13.6,297.26,0.1,297.27,7.4
1753503427898,04:17:07.898,AAVE/USDT:USDT,297.24,10.2,297.23,19.8,297.25,0.1,297.26,3.7
1753503428001,04:17:08.001,AAVE/USDT:USDT,297.24,10.3,297.23,19.8,297.25,0.5,297.26,3.7
1753503428103,04:17:08.103,AAVE/USDT:USDT,297.24,10.3,297.23,19.8,297.25,0.6,297.26,3.7
1753503428236,04:17:08.236,AAVE/USDT:USDT,297.24,15.4,297.23,19.8,297.25,0.6,297.26,3.7
1753503428338,04:17:08.338,AAVE/USDT:USDT,297.24,13.7,297.23,16.3,297.25,4.2,297.26,3.7
1753503428440,04:17:08.440,AAVE/USDT:USDT,297.24,13.2,297.23,16.3,297.25,4.2,297.26,3.7
1753503428549,04:17:08.549,AAVE/USDT:USDT,297.24,13.2,297.23,13.9,297.25,4.5,297.26,3.7
1753503428652,04:17:08.652,AAVE/USDT:USDT,297.24,13.2,297.23,13.9,297.25,4.5,297.26,3.7
1753503428794,04:17:08.794,AAVE/USDT:USDT,297.24,13.2,297.23,13.9,297.25,4.5,297.26,3.7
1753503428902,04:17:08.902,AAVE/USDT:USDT,297.24,15.4,297.23,13.9,297.25,4.5,297.26,3.7
1753503429005,04:17:09.005,AAVE/USDT:USDT,297.24,15.4,297.23,13.9,297.25,4.5,297.26,3.7
1753503429108,04:17:09.108,AAVE/USDT:USDT,297.24,15.4,297.23,13.9,297.25,4.7,297.26,3.7
1753503429289,04:17:09.289,AAVE/USDT:USDT,297.24,15.4,297.23,13.9,297.25,4.7,297.26,3.7
1753503429391,04:17:09.391,AAVE/USDT:USDT,297.24,15.4,297.23,13.9,297.25,4.8,297.26,3.7
1753503429497,04:17:09.497,AAVE/USDT:USDT,297.24,15.4,297.23,13.9,297.25,4.8,297.26,3.7
1753503429599,04:17:09.599,AAVE/USDT:USDT,297.24,6.9,297.23,13.9,297.25,6.6,297.26,3.7
1753503429856,04:17:09.856,AAVE/USDT:USDT,297.24,4.7,297.23,7.9,297.25,8.5,297.26,3.7
1753503430017,04:17:10.017,AAVE/USDT:USDT,297.24,4.7,297.23,7.9,297.25,6.6,297.26,3.7
1753503430221,04:17:10.221,AAVE/USDT:USDT,297.24,4.7,297.23,7.9,297.25,6.6,297.26,3.7
1753503430339,04:17:10.339,AAVE/USDT:USDT,297.24,4.7,297.23,7.9,297.25,6.8,297.26,3.7
1753503430447,04:17:10.447,AAVE/USDT:USDT,297.24,4.7,297.23,7.9,297.25,6.8,297.26,3.7
1753503430548,04:17:10.548,AAVE/USDT:USDT,297.24,4.7,297.23,7.9,297.25,6.8,297.26,3.7
1753503430651,04:17:10.651,AAVE/USDT:USDT,297.24,4.7,297.23,7.9,297.25,8.6,297.26,3.7
1753503430765,04:17:10.765,AAVE/USDT:USDT,297.24,4.7,297.23,7.9,297.25,8.6,297.26,3.7
1753503430867,04:17:10.867,AAVE/USDT:USDT,297.24,4.7,297.23,7.9,297.25,8.6,297.26,3.7
1753503430969,04:17:10.969,AAVE/USDT:USDT,297.24,4.7,297.23,7.9,297.25,8.6,297.26,3.7
1753503431077,04:17:11.077,AAVE/USDT:USDT,297.24,5.5,297.23,7.9,297.25,7.6,297.26,3.7
1753503431178,04:17:11.178,AAVE/USDT:USDT,297.24,4.7,297.23,7.9,297.25,7.6,297.26,3.7
1753503431290,04:17:11.290,AAVE/USDT:USDT,297.24,4.7,297.23,7.9,297.25,5.8,297.26,3.7
1753503431392,04:17:11.392,AAVE/USDT:USDT,297.24,4.7,297.23,7.5,297.25,11.3,297.26,3.7
1753503431502,04:17:11.502,AAVE/USDT:USDT,297.24,4.7,297.23,7.5,297.25,11.3,297.26,3.7
1753503431620,04:17:11.620,AAVE/USDT:USDT,297.24,4.6,297.23,7.5,297.25,11.3,297.26,3.7
1753503431728,04:17:11.728,AAVE/USDT:USDT,297.24,4.6,297.23,7.5,297.25,11.3,297.26,3.7
1753503431831,04:17:11.831,AAVE/USDT:USDT,297.24,4.6,297.23,7.5,297.25,11.4,297.26,3.7
1753503431981,04:17:11.981,AAVE/USDT:USDT,297.24,4.6,297.23,7.5,297.25,11.4,297.26,3.7
1753503432083,04:17:12.083,AAVE/USDT:USDT,297.24,4.6,297.23,7.5,297.25,11.4,297.26,3.7
1753503432338,04:17:12.338,AAVE/USDT:USDT,297.24,5.1,297.23,7.5,297.25,9.4,297.26,3.7
1753503432441,04:17:12.441,AAVE/USDT:USDT,297.24,5.1,297.23,7.5,297.25,9.6,297.26,3.7
1753503432544,04:17:12.544,AAVE/USDT:USDT,297.24,5.1,297.23,7.5,297.25,9.6,297.26,3.7
1753503432646,04:17:12.646,AAVE/USDT:USDT,297.24,5.9,297.23,7.9,297.25,7.8,297.26,3.7
1753503432749,04:17:12.749,AAVE/USDT:USDT,297.24,5.9,297.23,7.9,297.25,7.8,297.26,3.7
1753503432885,04:17:12.885,AAVE/USDT:USDT,297.24,5.1,297.23,7.5,297.25,7.8,297.26,3.7
1753503432987,04:17:12.987,AAVE/USDT:USDT,297.24,5.1,297.23,8.4,297.25,10.2,297.26,3.7
1753503433090,04:17:13.090,AAVE/USDT:USDT,297.24,5.1,297.23,8.4,297.25,10.2,297.26,3.7
1753503433239,04:17:13.239,AAVE/USDT:USDT,297.24,5.1,297.23,8.4,297.25,10.2,297.26,3.7
1753503433343,04:17:13.343,AAVE/USDT:USDT,297.24,5.1,297.23,8.4,297.25,10.2,297.26,3.7
1753503433452,04:17:13.452,AAVE/USDT:USDT,297.24,5.1,297.23,8.4,297.25,9.6,297.26,3.7
1753503433559,04:17:13.559,AAVE/USDT:USDT,297.24,5.1,297.23,8.4,297.25,9.6,297.26,3.7
1753503433665,04:17:13.665,AAVE/USDT:USDT,297.24,5.1,297.23,8.4,297.25,9.6,297.26,3.7
1753503434109,04:17:14.109,AAVE/USDT:USDT,297.24,5.1,297.23,8.4,297.25,9.6,297.26,5.6
1753503434211,04:17:14.211,AAVE/USDT:USDT,297.24,5.1,297.23,8.4,297.25,9.6,297.26,5.6
1753503434315,04:17:14.315,AAVE/USDT:USDT,297.24,5.1,297.23,8.4,297.25,13.1,297.26,5.6
1753503434434,04:17:14.434,AAVE/USDT:USDT,297.24,18.0,297.23,8.4,297.25,12.8,297.26,5.6
1753503434540,04:17:14.540,AAVE/USDT:USDT,297.24,18.0,297.23,8.4,297.25,12.8,297.26,5.6
1753503434643,04:17:14.643,AAVE/USDT:USDT,297.24,18.0,297.23,8.4,297.25,12.8,297.26,5.6
1753503434746,04:17:14.746,AAVE/USDT:USDT,297.24,18.0,297.23,8.4,297.25,12.8,297.26,5.6
1753503434898,04:17:14.898,AAVE/USDT:USDT,297.24,18.0,297.23,8.4,297.25,9.4,297.26,5.6
1753503435001,04:17:15.001,AAVE/USDT:USDT,297.24,18.0,297.23,8.4,297.25,9.4,297.26,5.6
1753503435136,04:17:15.136,AAVE/USDT:USDT,297.24,18.0,297.23,8.4,297.25,9.4,297.26,5.6
1753503435237,04:17:15.237,AAVE/USDT:USDT,297.24,18.0,297.23,8.4,297.25,9.4,297.26,5.6
1753503435415,04:17:15.415,AAVE/USDT:USDT,297.24,17.1,297.23,8.4,297.25,9.4,297.26,5.6
1753503435518,04:17:15.518,AAVE/USDT:USDT,297.24,17.1,297.23,8.4,297.25,9.4,297.26,5.6
1753503435649,04:17:15.649,AAVE/USDT:USDT,297.24,17.1,297.23,8.4,297.25,9.5,297.26,5.6
1753503435752,04:17:15.752,AAVE/USDT:USDT,297.24,17.1,297.23,8.4,297.25,9.5,297.26,5.6
1753503435895,04:17:15.895,AAVE/USDT:USDT,297.24,17.1,297.23,8.4,297.25,9.5,297.26,5.6
1753503436161,04:17:16.161,AAVE/USDT:USDT,297.24,17.1,297.23,8.4,297.25,9.5,297.26,5.6
1753503436263,04:17:16.263,AAVE/USDT:USDT,297.24,17.1,297.23,8.4,297.25,9.5,297.26,5.6
1753503436368,04:17:16.368,AAVE/USDT:USDT,297.24,17.1,297.23,8.4,297.25,9.5,297.26,5.6
1753503436517,04:17:16.517,AAVE/USDT:USDT,297.24,17.1,297.23,8.4,297.25,9.9,297.26,5.6
1753503436619,04:17:16.619,AAVE/USDT:USDT,297.24,17.1,297.23,8.4,297.25,9.9,297.26,5.6
1753503436722,04:17:16.722,AAVE/USDT:USDT,297.24,17.1,297.23,8.4,297.25,9.9,297.26,5.6
1753503436883,04:17:16.883,AAVE/USDT:USDT,297.24,17.1,297.23,8.4,297.25,9.9,297.26,5.6
1753503437042,04:17:17.042,AAVE/USDT:USDT,297.24,17.6,297.23,8.4,297.25,8.1,297.26,5.6
1753503437145,04:17:17.145,AAVE/USDT:USDT,297.24,17.6,297.23,8.4,297.25,8.1,297.26,5.6
1753503437302,04:17:17.302,AAVE/USDT:USDT,297.24,17.9,297.23,8.4,297.25,9.9,297.26,5.6
1753503437409,04:17:17.409,AAVE/USDT:USDT,297.24,17.9,297.23,8.4,297.25,9.9,297.26,5.6
1753503437512,04:17:17.512,AAVE/USDT:USDT,297.24,17.9,297.23,8.4,297.25,9.9,297.26,5.6
1753503437645,04:17:17.645,AAVE/USDT:USDT,297.24,17.9,297.23,8.4,297.25,9.9,297.26,5.6
1753503437750,04:17:17.750,AAVE/USDT:USDT,297.24,18.0,297.23,8.4,297.25,9.5,297.26,5.6
1753503437860,04:17:17.860,AAVE/USDT:USDT,297.24,18.0,297.23,11.9,297.25,7.0,297.26,5.6
1753503437962,04:17:17.962,AAVE/USDT:USDT,297.24,17.9,297.23,11.9,297.25,8.8,297.26,5.6
1753503438065,04:17:18.065,AAVE/USDT:USDT,297.24,17.9,297.23,11.9,297.25,8.8,297.26,5.6
1753503438167,04:17:18.167,AAVE/USDT:USDT,297.24,17.9,297.23,11.9,297.25,8.8,297.26,5.6
1753503438304,04:17:18.304,AAVE/USDT:USDT,297.24,17.9,297.23,11.9,297.25,8.8,297.26,5.6
1753503438406,04:17:18.406,AAVE/USDT:USDT,297.24,17.9,297.23,11.9,297.25,9.8,297.26,5.6
1753503438547,04:17:18.547,AAVE/USDT:USDT,297.24,17.9,297.23,8.4,297.25,9.9,297.26,5.6
1753503438650,04:17:18.650,AAVE/USDT:USDT,297.24,17.9,297.23,8.4,297.25,9.9,297.26,5.6
1753503438784,04:17:18.784,AAVE/USDT:USDT,297.24,17.9,297.23,8.4,297.25,9.9,297.26,5.6
