timestamp,time,symbol,bid1_price,bid1_volume,bid2_price,bid2_volume,ask1_price,ask1_volume,ask2_price,ask2_volume
1753504242073,04:30:42.073,ANIME/USDT:USDT,0.01947,127215.0,0.01946,706946.0,0.01948,208745.0,0.01949,663611.0
1753504242874,04:30:42.874,ANIME/USDT:USDT,0.01947,127215.0,0.01946,706946.0,0.01948,202653.0,0.01949,663611.0
1753504243176,04:30:43.176,ANIME/USDT:USDT,0.01947,127215.0,0.01946,706946.0,0.01948,202653.0,0.01949,663611.0
1753504243775,04:30:43.775,ANIME/USDT:USDT,0.01947,130261.0,0.01946,707254.0,0.01948,202653.0,0.01949,663611.0
1753504244075,04:30:44.075,ANIME/USDT:USDT,0.01947,130261.0,0.01946,707254.0,0.01948,202653.0,0.01949,663611.0
1753504244175,04:30:44.175,ANIME/USDT:USDT,0.01947,130261.0,0.01946,707254.0,0.01948,202653.0,0.01949,663611.0
1753504244274,04:30:44.274,ANIME/USDT:USDT,0.01947,127215.0,0.01946,707254.0,0.01948,208745.0,0.01949,663611.0
1753504244373,04:30:44.373,ANIME/USDT:USDT,0.01947,127215.0,0.01946,707254.0,0.01948,208745.0,0.01949,663611.0
1753504244575,04:30:44.575,ANIME/USDT:USDT,0.01947,116946.0,0.01946,707254.0,0.01948,208745.0,0.01949,663611.0
1753504244676,04:30:44.676,ANIME/USDT:USDT,0.01947,116946.0,0.01946,707254.0,0.01948,205699.0,0.01949,663611.0
1753504244774,04:30:44.774,ANIME/USDT:USDT,0.01947,116946.0,0.01946,706946.0,0.01948,208745.0,0.01949,663611.0
1753504244873,04:30:44.873,ANIME/USDT:USDT,0.01947,116946.0,0.01946,706946.0,0.01948,208745.0,0.01949,663611.0
1753504244975,04:30:44.975,ANIME/USDT:USDT,0.01947,116946.0,0.01946,706946.0,0.01948,202653.0,0.01949,663611.0
1753504245775,04:30:45.775,ANIME/USDT:USDT,0.01947,219992.0,0.01946,706946.0,0.01948,202653.0,0.01949,663611.0
1753504246575,04:30:46.575,ANIME/USDT:USDT,0.01947,219992.0,0.01946,722316.0,0.01948,202653.0,0.01949,663611.0
1753504246775,04:30:46.775,ANIME/USDT:USDT,0.01947,216946.0,0.01946,722316.0,0.01948,208745.0,0.01949,663611.0
1753504247074,04:30:47.074,ANIME/USDT:USDT,0.01947,216946.0,0.01946,722316.0,0.01948,208745.0,0.01949,663611.0
1753504247176,04:30:47.176,ANIME/USDT:USDT,0.01947,216946.0,0.01946,722316.0,0.01948,208745.0,0.01949,663611.0
1753504247474,04:30:47.474,ANIME/USDT:USDT,0.01947,216946.0,0.01946,722316.0,0.01948,208745.0,0.01949,663611.0
1753504247574,04:30:47.574,ANIME/USDT:USDT,0.01947,116946.0,0.01946,722316.0,0.01948,208745.0,0.01949,663611.0
1753504247677,04:30:47.677,ANIME/USDT:USDT,0.01947,116946.0,0.01946,722316.0,0.01948,208745.0,0.01949,663611.0
1753504248175,04:30:48.175,ANIME/USDT:USDT,0.01947,116946.0,0.01946,722316.0,0.01948,208745.0,0.01949,663611.0
1753504248275,04:30:48.275,ANIME/USDT:USDT,0.01947,116946.0,0.01946,722316.0,0.01948,208745.0,0.01949,663611.0
1753504248575,04:30:48.575,ANIME/USDT:USDT,0.01947,116946.0,0.01946,712080.0,0.01948,208745.0,0.01949,663611.0
1753504248676,04:30:48.676,ANIME/USDT:USDT,0.01947,116946.0,0.01946,706946.0,0.01948,208745.0,0.01949,663611.0
1753504248774,04:30:48.774,ANIME/USDT:USDT,0.01947,116946.0,0.01946,706946.0,0.01948,208745.0,0.01949,663611.0
1753504249274,04:30:49.274,ANIME/USDT:USDT,0.01947,116946.0,0.01946,706946.0,0.01948,208745.0,0.01949,663611.0
1753504249374,04:30:49.374,ANIME/USDT:USDT,0.01947,116946.0,0.01946,706946.0,0.01948,208745.0,0.01949,663611.0
1753504249475,04:30:49.475,ANIME/USDT:USDT,0.01947,116946.0,0.01946,706946.0,0.01948,208745.0,0.01949,663611.0
1753504249679,04:30:49.679,ANIME/USDT:USDT,0.01947,116946.0,0.01946,706946.0,0.01948,208745.0,0.01949,663611.0
1753504249775,04:30:49.775,ANIME/USDT:USDT,0.01947,116946.0,0.01946,706946.0,0.01948,208745.0,0.01949,663611.0
1753504249874,04:30:49.874,ANIME/USDT:USDT,0.01947,116946.0,0.01946,706946.0,0.01948,208745.0,0.01949,663611.0
1753504249973,04:30:49.973,ANIME/USDT:USDT,0.01947,116946.0,0.01946,712080.0,0.01948,208745.0,0.01949,663611.0
1753504250275,04:30:50.275,ANIME/USDT:USDT,0.01947,116946.0,0.01946,712080.0,0.01948,208745.0,0.01949,663611.0
1753504250475,04:30:50.475,ANIME/USDT:USDT,0.01947,116946.0,0.01946,712080.0,0.01948,208745.0,0.01949,663611.0
1753504250574,04:30:50.574,ANIME/USDT:USDT,0.01947,116946.0,0.01946,712080.0,0.01948,208745.0,0.01949,663611.0
1753504250675,04:30:50.675,ANIME/USDT:USDT,0.01947,116946.0,0.01946,706946.0,0.01948,208745.0,0.01949,663611.0
1753504251075,04:30:51.075,ANIME/USDT:USDT,0.01947,116946.0,0.01946,706946.0,0.01948,208745.0,0.01949,663611.0
1753504251175,04:30:51.175,ANIME/USDT:USDT,0.01947,116946.0,0.01946,706946.0,0.01948,208745.0,0.01949,663611.0
1753504251476,04:30:51.476,ANIME/USDT:USDT,0.01947,81539.0,0.01946,706946.0,0.01948,208745.0,0.01949,663611.0
1753504251574,04:30:51.574,ANIME/USDT:USDT,0.01947,81539.0,0.01946,706946.0,0.01948,208745.0,0.01949,663611.0
1753504251677,04:30:51.677,ANIME/USDT:USDT,0.01947,81539.0,0.01946,706946.0,0.01948,208745.0,0.01949,663611.0
1753504251774,04:30:51.774,ANIME/USDT:USDT,0.01947,81539.0,0.01946,706946.0,0.01948,208745.0,0.01949,663611.0
1753504251875,04:30:51.875,ANIME/USDT:USDT,0.01947,81539.0,0.01946,706946.0,0.01948,208745.0,0.01949,663611.0
1753504251974,04:30:51.974,ANIME/USDT:USDT,0.01947,81539.0,0.01946,706946.0,0.01948,208745.0,0.01949,663611.0
1753504252075,04:30:52.075,ANIME/USDT:USDT,0.01947,81539.0,0.01946,706946.0,0.01948,208745.0,0.01949,663611.0
1753504252175,04:30:52.175,ANIME/USDT:USDT,0.01947,81539.0,0.01946,706946.0,0.01948,208745.0,0.01949,663611.0
1753504252273,04:30:52.273,ANIME/USDT:USDT,0.01947,81539.0,0.01946,706946.0,0.01948,208745.0,0.01949,663611.0
1753504252373,04:30:52.373,ANIME/USDT:USDT,0.01947,97098.0,0.01946,706946.0,0.01948,308745.0,0.01949,663611.0
1753504252575,04:30:52.575,ANIME/USDT:USDT,0.01947,97098.0,0.01946,706946.0,0.01948,308745.0,0.01949,663611.0
1753504252675,04:30:52.675,ANIME/USDT:USDT,0.01947,97098.0,0.01946,706946.0,0.01948,308745.0,0.01949,663611.0
1753504252775,04:30:52.775,ANIME/USDT:USDT,0.01947,97098.0,0.01946,706946.0,0.01948,308745.0,0.01949,663611.0
1753504252874,04:30:52.874,ANIME/USDT:USDT,0.01947,97139.0,0.01946,706946.0,0.01948,308745.0,0.01949,663611.0
1753504253074,04:30:53.074,ANIME/USDT:USDT,0.01947,97139.0,0.01946,706946.0,0.01948,309258.0,0.01949,663611.0
1753504253375,04:30:53.375,ANIME/USDT:USDT,0.01947,97139.0,0.01946,706946.0,0.01948,309258.0,0.01949,668650.0
1753504253674,04:30:53.674,ANIME/USDT:USDT,0.01947,81580.0,0.01946,706946.0,0.01948,309258.0,0.01949,668650.0
1753504253875,04:30:53.875,ANIME/USDT:USDT,0.01947,81580.0,0.01946,706946.0,0.01948,309258.0,0.01949,668650.0
1753504253975,04:30:53.975,ANIME/USDT:USDT,0.01947,81580.0,0.01946,706946.0,0.01948,309258.0,0.01949,668650.0
1753504254074,04:30:54.074,ANIME/USDT:USDT,0.01947,81580.0,0.01946,706946.0,0.01948,309258.0,0.01949,668650.0
1753504254176,04:30:54.176,ANIME/USDT:USDT,0.01947,81580.0,0.01946,706946.0,0.01948,309258.0,0.01949,668650.0
1753504254275,04:30:54.275,ANIME/USDT:USDT,0.01946,194488.0,0.01945,430748.0,0.01947,180857.0,0.01948,563579.0
1753504254375,04:30:54.375,ANIME/USDT:USDT,0.01946,204762.0,0.01945,481152.0,0.01947,77811.0,0.01948,713823.0
1753504254473,04:30:54.473,ANIME/USDT:USDT,0.01946,234018.0,0.01945,481152.0,0.01947,106298.0,0.01948,680978.0
1753504254573,04:30:54.573,ANIME/USDT:USDT,0.01946,237064.0,0.01945,486235.0,0.01947,106298.0,0.01948,680978.0
1753504254775,04:30:54.775,ANIME/USDT:USDT,0.01946,240110.0,0.01945,486235.0,0.01947,106298.0,0.01948,680978.0
1753504254874,04:30:54.874,ANIME/USDT:USDT,0.01946,240110.0,0.01945,481111.0,0.01947,106298.0,0.01948,680978.0
1753504254974,04:30:54.974,ANIME/USDT:USDT,0.01946,240110.0,0.01945,481111.0,0.01947,106298.0,0.01948,680978.0
1753504255076,04:30:55.076,ANIME/USDT:USDT,0.01946,237064.0,0.01945,481111.0,0.01947,106298.0,0.01948,680465.0
1753504255175,04:30:55.175,ANIME/USDT:USDT,0.01946,240110.0,0.01945,481111.0,0.01947,106298.0,0.01948,680465.0
1753504255274,04:30:55.274,ANIME/USDT:USDT,0.01946,262784.0,0.01945,481111.0,0.01947,106298.0,0.01948,680465.0
1753504255374,04:30:55.374,ANIME/USDT:USDT,0.01947,122367.0,0.01946,777231.0,0.01948,230846.0,0.01949,678759.0
1753504255475,04:30:55.475,ANIME/USDT:USDT,0.01947,128459.0,0.01946,812639.0,0.01948,217531.0,0.01949,628040.0
1753504255574,04:30:55.574,ANIME/USDT:USDT,0.01947,143867.0,0.01946,813641.0,0.01948,224551.0,0.01949,663398.0
1753504255679,04:30:55.679,ANIME/USDT:USDT,0.01947,143867.0,0.01946,813641.0,0.01948,224551.0,0.01949,663398.0
1753504255773,04:30:55.773,ANIME/USDT:USDT,0.01947,143867.0,0.01946,818775.0,0.01948,224551.0,0.01949,663398.0
1753504255874,04:30:55.874,ANIME/USDT:USDT,0.01947,137775.0,0.01946,818775.0,0.01948,224551.0,0.01949,663398.0
1753504255974,04:30:55.974,ANIME/USDT:USDT,0.01947,137775.0,0.01946,818775.0,0.01948,228070.0,0.01949,663398.0
1753504256075,04:30:56.075,ANIME/USDT:USDT,0.01947,140821.0,0.01946,818775.0,0.01948,228070.0,0.01949,663398.0
1753504256176,04:30:56.176,ANIME/USDT:USDT,0.01947,137775.0,0.01946,818775.0,0.01948,227995.0,0.01949,663398.0
1753504256275,04:30:56.275,ANIME/USDT:USDT,0.01947,137775.0,0.01946,818775.0,0.01948,228127.0,0.01949,663398.0
1753504256374,04:30:56.374,ANIME/USDT:USDT,0.01947,137775.0,0.01946,813765.0,0.01948,228127.0,0.01949,663398.0
1753504256475,04:30:56.475,ANIME/USDT:USDT,0.01947,137775.0,0.01946,803497.0,0.01948,228127.0,0.01949,663398.0
1753504256574,04:30:56.574,ANIME/USDT:USDT,0.01947,137775.0,0.01946,803497.0,0.01948,228127.0,0.01949,663398.0
1753504256674,04:30:56.674,ANIME/USDT:USDT,0.01947,143867.0,0.01946,793261.0,0.01948,228127.0,0.01949,663398.0
1753504256875,04:30:56.875,ANIME/USDT:USDT,0.01947,140821.0,0.01946,793261.0,0.01948,228127.0,0.01949,663398.0
1753504256974,04:30:56.974,ANIME/USDT:USDT,0.01947,137775.0,0.01946,798379.0,0.01948,228127.0,0.01949,663398.0
1753504257075,04:30:57.075,ANIME/USDT:USDT,0.01947,137775.0,0.01946,798379.0,0.01948,228127.0,0.01949,663398.0
1753504257176,04:30:57.176,ANIME/USDT:USDT,0.01947,137775.0,0.01946,798379.0,0.01948,231173.0,0.01949,663398.0
1753504257275,04:30:57.275,ANIME/USDT:USDT,0.01947,137775.0,0.01946,793261.0,0.01948,231173.0,0.01949,663398.0
1753504257375,04:30:57.375,ANIME/USDT:USDT,0.01947,137775.0,0.01946,793261.0,0.01948,231173.0,0.01949,663398.0
1753504257574,04:30:57.574,ANIME/USDT:USDT,0.01947,137775.0,0.01946,793261.0,0.01948,231173.0,0.01949,663398.0
1753504257678,04:30:57.678,ANIME/USDT:USDT,0.01947,137775.0,0.01946,793261.0,0.01948,231173.0,0.01949,663398.0
1753504257775,04:30:57.775,ANIME/USDT:USDT,0.01947,137775.0,0.01946,793261.0,0.01948,234205.0,0.01949,663398.0
1753504257875,04:30:57.875,ANIME/USDT:USDT,0.01947,137775.0,0.01946,793261.0,0.01948,234205.0,0.01949,663398.0
1753504258075,04:30:58.075,ANIME/USDT:USDT,0.01947,137775.0,0.01946,793261.0,0.01948,234205.0,0.01949,663398.0
1753504258176,04:30:58.176,ANIME/USDT:USDT,0.01947,137775.0,0.01946,793261.0,0.01948,234205.0,0.01949,663398.0
1753504258475,04:30:58.475,ANIME/USDT:USDT,0.01947,137775.0,0.01946,793261.0,0.01948,228113.0,0.01949,663398.0
1753504258574,04:30:58.574,ANIME/USDT:USDT,0.01947,137775.0,0.01946,793261.0,0.01948,228113.0,0.01949,663398.0
1753504258676,04:30:58.676,ANIME/USDT:USDT,0.01947,137775.0,0.01946,793261.0,0.01948,228113.0,0.01949,663398.0
1753504259174,04:30:59.174,ANIME/USDT:USDT,0.01947,137775.0,0.01946,793261.0,0.01948,228113.0,0.01949,663398.0
1753504259275,04:30:59.275,ANIME/USDT:USDT,0.01947,137775.0,0.01946,793261.0,0.01948,228113.0,0.01949,663398.0
1753504259373,04:30:59.373,ANIME/USDT:USDT,0.01947,143867.0,0.01946,798379.0,0.01948,228113.0,0.01949,663398.0
1753504259474,04:30:59.474,ANIME/USDT:USDT,0.01947,137775.0,0.01946,798379.0,0.01948,228113.0,0.01949,663398.0
1753504259677,04:30:59.677,ANIME/USDT:USDT,0.01947,143867.0,0.01946,793261.0,0.01948,228113.0,0.01949,663398.0
1753504259775,04:30:59.775,ANIME/USDT:USDT,0.01947,143867.0,0.01946,793261.0,0.01948,228113.0,0.01949,663398.0
1753504259879,04:30:59.879,ANIME/USDT:USDT,0.01947,143867.0,0.01946,793261.0,0.01948,228113.0,0.01949,663398.0
1753504259975,04:30:59.975,ANIME/USDT:USDT,0.01947,140821.0,0.01946,798379.0,0.01948,228113.0,0.01949,663398.0
1753504260074,04:31:00.074,ANIME/USDT:USDT,0.01947,140821.0,0.01946,798379.0,0.01948,228113.0,0.01949,661581.0
1753504260175,04:31:00.175,ANIME/USDT:USDT,0.01947,143867.0,0.01946,798379.0,0.01948,228113.0,0.01949,661581.0
1753504260275,04:31:00.275,ANIME/USDT:USDT,0.01947,137775.0,0.01946,798379.0,0.01948,228113.0,0.01949,661581.0
1753504260375,04:31:00.375,ANIME/USDT:USDT,0.01947,137775.0,0.01946,803513.0,0.01948,231159.0,0.01949,661581.0
1753504260476,04:31:00.476,ANIME/USDT:USDT,0.01947,137775.0,0.01946,803513.0,0.01948,231159.0,0.01949,661581.0
1753504260574,04:31:00.574,ANIME/USDT:USDT,0.01947,137775.0,0.01946,803513.0,0.01948,231159.0,0.01949,661581.0
1753504260675,04:31:00.675,ANIME/USDT:USDT,0.01947,137775.0,0.01946,803513.0,0.01948,231159.0,0.01949,661581.0
1753504260774,04:31:00.774,ANIME/USDT:USDT,0.01947,137775.0,0.01946,803513.0,0.01948,228113.0,0.01949,661581.0
1753504261374,04:31:01.374,ANIME/USDT:USDT,0.01947,140821.0,0.01946,803513.0,0.01948,228113.0,0.01949,661581.0
1753504261474,04:31:01.474,ANIME/USDT:USDT,0.01947,143867.0,0.01946,808631.0,0.01948,228113.0,0.01949,654340.0
1753504261576,04:31:01.576,ANIME/USDT:USDT,0.01947,140821.0,0.01946,808631.0,0.01948,228113.0,0.01949,654340.0
1753504261774,04:31:01.774,ANIME/USDT:USDT,0.01947,140821.0,0.01946,808631.0,0.01948,228113.0,0.01949,654340.0
1753504261874,04:31:01.874,ANIME/USDT:USDT,0.01947,140821.0,0.01946,808631.0,0.01948,228113.0,0.01949,654340.0
1753504261975,04:31:01.975,ANIME/USDT:USDT,0.01947,140821.0,0.01946,808631.0,0.01948,228113.0,0.01949,654340.0
1753504262075,04:31:02.075,ANIME/USDT:USDT,0.01947,140821.0,0.01946,808631.0,0.01948,228113.0,0.01949,654340.0
1753504262174,04:31:02.174,ANIME/USDT:USDT,0.01947,140821.0,0.01946,808631.0,0.01948,228113.0,0.01949,654340.0
1753504262273,04:31:02.273,ANIME/USDT:USDT,0.01947,240821.0,0.01946,808631.0,0.01948,228113.0,0.01949,654340.0
1753504262374,04:31:02.374,ANIME/USDT:USDT,0.01947,240821.0,0.01946,808631.0,0.01948,153348.0,0.01949,654340.0
1753504262474,04:31:02.474,ANIME/USDT:USDT,0.01947,243867.0,0.01946,808631.0,0.01948,153348.0,0.01949,654340.0
1753504262575,04:31:02.575,ANIME/USDT:USDT,0.01947,243867.0,0.01946,808631.0,0.01948,153348.0,0.01949,654340.0
1753504262875,04:31:02.875,ANIME/USDT:USDT,0.01947,273286.0,0.01946,808631.0,0.01948,149829.0,0.01949,654340.0
1753504262974,04:31:02.974,ANIME/USDT:USDT,0.01947,173286.0,0.01946,808631.0,0.01948,149829.0,0.01949,654340.0
1753504263075,04:31:03.075,ANIME/USDT:USDT,0.01947,167194.0,0.01946,808631.0,0.01948,149829.0,0.01949,654340.0
1753504263176,04:31:03.176,ANIME/USDT:USDT,0.01947,167194.0,0.01946,808631.0,0.01948,152875.0,0.01949,555213.0
1753504263375,04:31:03.375,ANIME/USDT:USDT,0.01947,170240.0,0.01946,808631.0,0.01948,149829.0,0.01949,555213.0
1753504263475,04:31:03.475,ANIME/USDT:USDT,0.01947,170240.0,0.01946,813749.0,0.01948,149829.0,0.01949,555213.0
1753504263575,04:31:03.575,ANIME/USDT:USDT,0.01947,170240.0,0.01946,813749.0,0.01948,149829.0,0.01949,555213.0
1753504263680,04:31:03.680,ANIME/USDT:USDT,0.01947,170240.0,0.01946,813749.0,0.01948,149829.0,0.01949,555213.0
1753504263774,04:31:03.774,ANIME/USDT:USDT,0.01947,170240.0,0.01946,813749.0,0.01948,149829.0,0.01949,555213.0
1753504263975,04:31:03.975,ANIME/USDT:USDT,0.01947,170240.0,0.01946,813749.0,0.01948,149829.0,0.01949,555213.0
1753504264073,04:31:04.073,ANIME/USDT:USDT,0.01947,170240.0,0.01946,813749.0,0.01948,149829.0,0.01949,555213.0
1753504264177,04:31:04.177,ANIME/USDT:USDT,0.01947,170240.0,0.01946,813749.0,0.01948,149829.0,0.01949,555213.0
1753504264275,04:31:04.275,ANIME/USDT:USDT,0.01947,170240.0,0.01946,813749.0,0.01948,149829.0,0.01949,555213.0
1753504264475,04:31:04.475,ANIME/USDT:USDT,0.01947,170394.0,0.01946,808323.0,0.01948,149829.0,0.01949,555213.0
1753504264674,04:31:04.674,ANIME/USDT:USDT,0.01947,170394.0,0.01946,808323.0,0.01948,149829.0,0.01949,555213.0
1753504264775,04:31:04.775,ANIME/USDT:USDT,0.01947,170394.0,0.01946,808631.0,0.01948,149829.0,0.01949,555213.0
1753504264874,04:31:04.874,ANIME/USDT:USDT,0.01947,170394.0,0.01946,808631.0,0.01948,149829.0,0.01949,555213.0
1753504264975,04:31:04.975,ANIME/USDT:USDT,0.01947,170394.0,0.01946,808631.0,0.01948,149829.0,0.01949,555213.0
1753504265075,04:31:05.075,ANIME/USDT:USDT,0.01947,173440.0,0.01946,808631.0,0.01948,149829.0,0.01949,555213.0
1753504265273,04:31:05.273,ANIME/USDT:USDT,0.01947,173440.0,0.01946,808631.0,0.01948,149829.0,0.01949,555213.0
1753504265375,04:31:05.375,ANIME/USDT:USDT,0.01947,173440.0,0.01946,808631.0,0.01948,149829.0,0.01949,555213.0
1753504265573,04:31:05.573,ANIME/USDT:USDT,0.01947,167348.0,0.01946,808323.0,0.01948,149829.0,0.01949,555213.0
1753504265680,04:31:05.680,ANIME/USDT:USDT,0.01947,167348.0,0.01946,808323.0,0.01948,149829.0,0.01949,555213.0
1753504265774,04:31:05.774,ANIME/USDT:USDT,0.01947,167348.0,0.01946,808631.0,0.01948,149829.0,0.01949,555213.0
1753504265875,04:31:05.875,ANIME/USDT:USDT,0.01947,169568.0,0.01946,808631.0,0.01948,149829.0,0.01949,555213.0
1753504265974,04:31:05.974,ANIME/USDT:USDT,0.01947,172614.0,0.01946,808631.0,0.01948,149829.0,0.01949,555213.0
1753504266174,04:31:06.174,ANIME/USDT:USDT,0.01947,172614.0,0.01946,808631.0,0.01948,149829.0,0.01949,555213.0
1753504266274,04:31:06.274,ANIME/USDT:USDT,0.01947,172614.0,0.01946,808631.0,0.01948,149829.0,0.01949,555213.0
1753504266373,04:31:06.373,ANIME/USDT:USDT,0.01947,172614.0,0.01946,808631.0,0.01948,149829.0,0.01949,555213.0
1753504266473,04:31:06.473,ANIME/USDT:USDT,0.01947,172614.0,0.01946,808631.0,0.01948,149829.0,0.01949,555213.0
1753504266574,04:31:06.574,ANIME/USDT:USDT,0.01947,175660.0,0.01946,808631.0,0.01948,149992.0,0.01949,555213.0
1753504266674,04:31:06.674,ANIME/USDT:USDT,0.01947,175660.0,0.01946,808631.0,0.01948,149992.0,0.01949,555213.0
1753504266775,04:31:06.775,ANIME/USDT:USDT,0.01947,175660.0,0.01946,813749.0,0.01948,149992.0,0.01949,555213.0
1753504266873,04:31:06.873,ANIME/USDT:USDT,0.01947,175660.0,0.01946,813749.0,0.01948,149992.0,0.01949,555213.0
1753504266973,04:31:06.973,ANIME/USDT:USDT,0.01947,175660.0,0.01946,813749.0,0.01948,149992.0,0.01949,555213.0
1753504267074,04:31:07.074,ANIME/USDT:USDT,0.01947,175660.0,0.01946,813749.0,0.01948,149992.0,0.01949,555213.0
1753504267177,04:31:07.177,ANIME/USDT:USDT,0.01947,275660.0,0.01946,813749.0,0.01948,149992.0,0.01949,555213.0
1753504267275,04:31:07.275,ANIME/USDT:USDT,0.01947,275660.0,0.01946,813749.0,0.01948,149992.0,0.01949,555213.0
1753504267375,04:31:07.375,ANIME/USDT:USDT,0.01947,275660.0,0.01946,818832.0,0.01948,149992.0,0.01949,555213.0
1753504267475,04:31:07.475,ANIME/USDT:USDT,0.01947,275660.0,0.01946,823966.0,0.01948,149992.0,0.01949,555213.0
1753504267681,04:31:07.681,ANIME/USDT:USDT,0.01947,175660.0,0.01946,823966.0,0.01948,149992.0,0.01949,555213.0
1753504267774,04:31:07.774,ANIME/USDT:USDT,0.01947,175660.0,0.01946,823966.0,0.01948,149992.0,0.01949,555213.0
1753504267874,04:31:07.874,ANIME/USDT:USDT,0.01947,175660.0,0.01946,823966.0,0.01948,149992.0,0.01949,555213.0
1753504267975,04:31:07.975,ANIME/USDT:USDT,0.01947,175660.0,0.01946,823966.0,0.01948,149992.0,0.01949,555213.0
1753504268074,04:31:08.074,ANIME/USDT:USDT,0.01947,175660.0,0.01946,798293.0,0.01948,149992.0,0.01949,555213.0
1753504268176,04:31:08.176,ANIME/USDT:USDT,0.01947,175660.0,0.01946,798293.0,0.01948,149992.0,0.01949,555213.0
1753504268375,04:31:08.375,ANIME/USDT:USDT,0.01947,172614.0,0.01946,797985.0,0.01948,149992.0,0.01949,555213.0
1753504268475,04:31:08.475,ANIME/USDT:USDT,0.01947,172614.0,0.01946,798293.0,0.01948,149992.0,0.01949,555213.0
1753504268575,04:31:08.575,ANIME/USDT:USDT,0.01947,172614.0,0.01946,798293.0,0.01948,149992.0,0.01949,555213.0
1753504268674,04:31:08.674,ANIME/USDT:USDT,0.01947,172614.0,0.01946,793159.0,0.01948,149992.0,0.01949,555213.0
1753504268973,04:31:08.973,ANIME/USDT:USDT,0.01947,169568.0,0.01946,793159.0,0.01948,149992.0,0.01949,555213.0
1753504269075,04:31:09.075,ANIME/USDT:USDT,0.01947,169568.0,0.01946,821930.0,0.01948,149992.0,0.01949,613583.0
1753504269174,04:31:09.174,ANIME/USDT:USDT,0.01947,169568.0,0.01946,816812.0,0.01948,153038.0,0.01949,613583.0
1753504269273,04:31:09.273,ANIME/USDT:USDT,0.01947,169568.0,0.01946,816812.0,0.01948,153038.0,0.01949,613583.0
1753504269374,04:31:09.374,ANIME/USDT:USDT,0.01947,169568.0,0.01946,816812.0,0.01948,149992.0,0.01949,613583.0
1753504269475,04:31:09.475,ANIME/USDT:USDT,0.01947,169568.0,0.01946,816812.0,0.01948,149992.0,0.01949,613583.0
1753504269575,04:31:09.575,ANIME/USDT:USDT,0.01947,169568.0,0.01946,816812.0,0.01948,149992.0,0.01949,613583.0
1753504269973,04:31:09.973,ANIME/USDT:USDT,0.01947,169568.0,0.01946,816812.0,0.01948,156084.0,0.01949,613583.0
1753504270075,04:31:10.075,ANIME/USDT:USDT,0.01947,169568.0,0.01946,816812.0,0.01948,156084.0,0.01949,613583.0
1753504270474,04:31:10.474,ANIME/USDT:USDT,0.01947,169568.0,0.01946,811729.0,0.01948,149992.0,0.01949,613583.0
1753504270574,04:31:10.574,ANIME/USDT:USDT,0.01947,172614.0,0.01946,811729.0,0.01948,149992.0,0.01949,613583.0
1753504270676,04:31:10.676,ANIME/USDT:USDT,0.01947,172614.0,0.01946,811729.0,0.01948,149992.0,0.01949,613583.0
1753504270774,04:31:10.774,ANIME/USDT:USDT,0.01947,172614.0,0.01946,811729.0,0.01948,149992.0,0.01949,613583.0
1753504270873,04:31:10.873,ANIME/USDT:USDT,0.01947,172614.0,0.01946,811729.0,0.01948,149992.0,0.01949,616695.0
1753504270974,04:31:10.974,ANIME/USDT:USDT,0.01947,169568.0,0.01946,811421.0,0.01948,153038.0,0.01949,616695.0
1753504271075,04:31:11.075,ANIME/USDT:USDT,0.01947,169568.0,0.01946,801185.0,0.01948,153038.0,0.01949,616695.0
1753504271176,04:31:11.176,ANIME/USDT:USDT,0.01947,169568.0,0.01946,801185.0,0.01948,253038.0,0.01949,616695.0
1753504271274,04:31:11.274,ANIME/USDT:USDT,0.01947,169568.0,0.01946,796051.0,0.01948,153038.0,0.01949,731880.0
1753504271374,04:31:11.374,ANIME/USDT:USDT,0.01947,169499.0,0.01946,796051.0,0.01948,230849.0,0.01949,731880.0
1753504271475,04:31:11.475,ANIME/USDT:USDT,0.01947,169499.0,0.01946,796051.0,0.01948,230849.0,0.01949,731880.0
1753504271574,04:31:11.574,ANIME/USDT:USDT,0.01947,169499.0,0.01946,796051.0,0.01948,227803.0,0.01949,731880.0
1753504271676,04:31:11.676,ANIME/USDT:USDT,0.01947,169499.0,0.01946,796051.0,0.01948,227803.0,0.01949,731880.0
1753504271775,04:31:11.775,ANIME/USDT:USDT,0.01947,169499.0,0.01946,796051.0,0.01948,227803.0,0.01949,731880.0
1753504271875,04:31:11.875,ANIME/USDT:USDT,0.01947,169499.0,0.01946,796051.0,0.01948,230849.0,0.01949,731880.0
1753504272074,04:31:12.074,ANIME/USDT:USDT,0.01947,169499.0,0.01946,796051.0,0.01948,230849.0,0.01949,731880.0
1753504272274,04:31:12.274,ANIME/USDT:USDT,0.01947,169499.0,0.01946,796051.0,0.01948,230849.0,0.01949,731880.0
1753504272374,04:31:12.374,ANIME/USDT:USDT,0.01947,169499.0,0.01946,796051.0,0.01948,230849.0,0.01949,731880.0
1753504272475,04:31:12.475,ANIME/USDT:USDT,0.01947,169499.0,0.01946,796051.0,0.01948,230849.0,0.01949,731880.0
1753504272674,04:31:12.674,ANIME/USDT:USDT,0.01947,169499.0,0.01946,796051.0,0.01948,230849.0,0.01949,731880.0
1753504272775,04:31:12.775,ANIME/USDT:USDT,0.01947,169499.0,0.01946,796051.0,0.01948,227803.0,0.01949,731880.0
1753504272874,04:31:12.874,ANIME/USDT:USDT,0.01947,172545.0,0.01946,796051.0,0.01948,224757.0,0.01949,731880.0
1753504272974,04:31:12.974,ANIME/USDT:USDT,0.01947,169499.0,0.01946,796051.0,0.01948,230849.0,0.01949,731880.0
1753504273279,04:31:13.279,ANIME/USDT:USDT,0.01947,169499.0,0.01946,796051.0,0.01948,227803.0,0.01949,731880.0
1753504273374,04:31:13.374,ANIME/USDT:USDT,0.01947,169499.0,0.01946,796051.0,0.01948,227803.0,0.01949,731880.0
1753504273774,04:31:13.774,ANIME/USDT:USDT,0.01947,169499.0,0.01946,796051.0,0.01948,227803.0,0.01949,731880.0
1753504273874,04:31:13.874,ANIME/USDT:USDT,0.01947,169499.0,0.01946,796051.0,0.01948,230859.0,0.01949,731880.0
1753504273976,04:31:13.976,ANIME/USDT:USDT,0.01947,169499.0,0.01946,796051.0,0.01948,230859.0,0.01949,731880.0
1753504274075,04:31:14.075,ANIME/USDT:USDT,0.01947,169499.0,0.01946,796051.0,0.01948,230859.0,0.01949,731880.0
1753504274175,04:31:14.175,ANIME/USDT:USDT,0.01947,169509.0,0.01946,796051.0,0.01948,230859.0,0.01949,731880.0
1753504274275,04:31:14.275,ANIME/USDT:USDT,0.01947,169509.0,0.01946,796359.0,0.01948,227813.0,0.01949,731880.0
1753504274375,04:31:14.375,ANIME/USDT:USDT,0.01947,169509.0,0.01946,796359.0,0.01948,224767.0,0.01949,731880.0
1753504274773,04:31:14.773,ANIME/USDT:USDT,0.01947,169509.0,0.01946,796359.0,0.01948,230901.0,0.01949,731880.0
1753504274875,04:31:14.875,ANIME/USDT:USDT,0.01947,169509.0,0.01946,796359.0,0.01948,230901.0,0.01949,731880.0
1753504274975,04:31:14.975,ANIME/USDT:USDT,0.01947,169509.0,0.01946,796359.0,0.01948,230901.0,0.01949,731880.0
1753504275375,04:31:15.375,ANIME/USDT:USDT,0.01947,169509.0,0.01946,796359.0,0.01948,230901.0,0.01949,731880.0
1753504275474,04:31:15.474,ANIME/USDT:USDT,0.01947,169509.0,0.01946,796359.0,0.01948,230875.0,0.01949,731880.0
1753504275680,04:31:15.680,ANIME/USDT:USDT,0.01947,169509.0,0.01946,796359.0,0.01948,227829.0,0.01949,731880.0
1753504275773,04:31:15.773,ANIME/USDT:USDT,0.01947,169509.0,0.01946,796359.0,0.01948,224805.0,0.01949,731880.0
1753504275875,04:31:15.875,ANIME/USDT:USDT,0.01947,169509.0,0.01946,796359.0,0.01948,224805.0,0.01949,731880.0
1753504275975,04:31:15.975,ANIME/USDT:USDT,0.01947,169509.0,0.01946,796359.0,0.01948,224805.0,0.01949,731880.0
1753504276075,04:31:16.075,ANIME/USDT:USDT,0.01947,169509.0,0.01946,796359.0,0.01948,230897.0,0.01949,731880.0
1753504276274,04:31:16.274,ANIME/USDT:USDT,0.01947,169509.0,0.01946,796359.0,0.01948,231153.0,0.01949,731880.0
1753504276375,04:31:16.375,ANIME/USDT:USDT,0.01947,172555.0,0.01946,796359.0,0.01948,225061.0,0.01949,731880.0
1753504276475,04:31:16.475,ANIME/USDT:USDT,0.01947,172555.0,0.01946,796359.0,0.01948,225061.0,0.01949,731880.0
1753504276676,04:31:16.676,ANIME/USDT:USDT,0.01947,169509.0,0.01946,796359.0,0.01948,231153.0,0.01949,731880.0
1753504276875,04:31:16.875,ANIME/USDT:USDT,0.01947,169509.0,0.01946,796359.0,0.01948,231153.0,0.01949,731880.0
1753504277075,04:31:17.075,ANIME/USDT:USDT,0.01947,169509.0,0.01946,796359.0,0.01948,231153.0,0.01949,731880.0
1753504277174,04:31:17.174,ANIME/USDT:USDT,0.01947,169509.0,0.01946,796359.0,0.01948,231153.0,0.01949,731880.0
1753504277274,04:31:17.274,ANIME/USDT:USDT,0.01947,169509.0,0.01946,796359.0,0.01948,231153.0,0.01949,731880.0
1753504277475,04:31:17.475,ANIME/USDT:USDT,0.01947,172555.0,0.01946,796359.0,0.01948,225061.0,0.01949,731880.0
1753504277574,04:31:17.574,ANIME/USDT:USDT,0.01947,172555.0,0.01946,796359.0,0.01948,225061.0,0.01949,731880.0
1753504277680,04:31:17.680,ANIME/USDT:USDT,0.01947,175601.0,0.01946,796359.0,0.01948,150296.0,0.01949,731880.0
1753504277774,04:31:17.774,ANIME/USDT:USDT,0.01947,175601.0,0.01946,796359.0,0.01948,150257.0,0.01949,731880.0
1753504278074,04:31:18.074,ANIME/USDT:USDT,0.01947,175601.0,0.01946,796359.0,0.01948,150257.0,0.01949,731880.0
1753504278174,04:31:18.174,ANIME/USDT:USDT,0.01947,175601.0,0.01946,796359.0,0.01948,150257.0,0.01949,731880.0
1753504278275,04:31:18.275,ANIME/USDT:USDT,0.01947,175601.0,0.01946,796359.0,0.01948,150257.0,0.01949,731880.0
1753504278376,04:31:18.376,ANIME/USDT:USDT,0.01947,175497.0,0.01946,796359.0,0.01948,150257.0,0.01949,731880.0
1753504278474,04:31:18.474,ANIME/USDT:USDT,0.01947,175497.0,0.01946,796359.0,0.01948,150257.0,0.01949,731880.0
1753504278574,04:31:18.574,ANIME/USDT:USDT,0.01947,172451.0,0.01946,796359.0,0.01948,150257.0,0.01949,731880.0
1753504278674,04:31:18.674,ANIME/USDT:USDT,0.01947,172451.0,0.01946,796359.0,0.01948,150257.0,0.01949,731880.0
1753504278774,04:31:18.774,ANIME/USDT:USDT,0.01947,175504.0,0.01946,796359.0,0.01948,150257.0,0.01949,731880.0
1753504278875,04:31:18.875,ANIME/USDT:USDT,0.01947,175504.0,0.01946,796359.0,0.01948,150257.0,0.01949,731880.0
1753504278974,04:31:18.974,ANIME/USDT:USDT,0.01947,175504.0,0.01946,801477.0,0.01948,150257.0,0.01949,731880.0
1753504279174,04:31:19.174,ANIME/USDT:USDT,0.01947,175504.0,0.01946,801477.0,0.01948,150257.0,0.01949,731880.0
1753504279274,04:31:19.274,ANIME/USDT:USDT,0.01947,175504.0,0.01946,801477.0,0.01948,150257.0,0.01949,731880.0
1753504279374,04:31:19.374,ANIME/USDT:USDT,0.01947,175504.0,0.01946,801477.0,0.01948,150257.0,0.01949,731880.0
1753504279474,04:31:19.474,ANIME/USDT:USDT,0.01947,175504.0,0.01946,801477.0,0.01948,150257.0,0.01949,731880.0
1753504279774,04:31:19.774,ANIME/USDT:USDT,0.01947,175504.0,0.01946,801477.0,0.01948,150257.0,0.01949,731880.0
1753504279874,04:31:19.874,ANIME/USDT:USDT,0.01947,175504.0,0.01946,801477.0,0.01948,150257.0,0.01949,731880.0
1753504279975,04:31:19.975,ANIME/USDT:USDT,0.01947,175504.0,0.01946,801477.0,0.01948,150257.0,0.01949,731880.0
1753504280076,04:31:20.076,ANIME/USDT:USDT,0.01947,275504.0,0.01946,801477.0,0.01948,150257.0,0.01949,731880.0
1753504280175,04:31:20.175,ANIME/USDT:USDT,0.01947,275504.0,0.01946,801477.0,0.01948,150257.0,0.01949,731880.0
1753504280274,04:31:20.274,ANIME/USDT:USDT,0.01947,275504.0,0.01946,801477.0,0.01948,150257.0,0.01949,731880.0
1753504280374,04:31:20.374,ANIME/USDT:USDT,0.01947,275504.0,0.01946,801477.0,0.01948,150257.0,0.01949,731880.0
1753504280475,04:31:20.475,ANIME/USDT:USDT,0.01947,275504.0,0.01946,806595.0,0.01948,150257.0,0.01949,731880.0
1753504280575,04:31:20.575,ANIME/USDT:USDT,0.01947,275504.0,0.01946,806595.0,0.01948,150257.0,0.01949,731880.0
1753504280674,04:31:20.674,ANIME/USDT:USDT,0.01947,275504.0,0.01946,806595.0,0.01948,150257.0,0.01949,731880.0
1753504280875,04:31:20.875,ANIME/USDT:USDT,0.01947,272458.0,0.01946,811729.0,0.01948,150257.0,0.01949,731880.0
1753504281275,04:31:21.275,ANIME/USDT:USDT,0.01947,272458.0,0.01946,811729.0,0.01948,150257.0,0.01949,731880.0
1753504281375,04:31:21.375,ANIME/USDT:USDT,0.01947,272458.0,0.01946,811729.0,0.01948,150257.0,0.01949,731880.0
1753504281475,04:31:21.475,ANIME/USDT:USDT,0.01947,275504.0,0.01946,811729.0,0.01948,150257.0,0.01949,731880.0
1753504281574,04:31:21.574,ANIME/USDT:USDT,0.01947,275504.0,0.01946,816847.0,0.01948,150257.0,0.01949,731880.0
1753504281676,04:31:21.676,ANIME/USDT:USDT,0.01947,272458.0,0.01946,816847.0,0.01948,150257.0,0.01949,731880.0
1753504281775,04:31:21.775,ANIME/USDT:USDT,0.01947,275504.0,0.01946,816847.0,0.01948,150257.0,0.01949,731880.0
1753504281874,04:31:21.874,ANIME/USDT:USDT,0.01947,275504.0,0.01946,821908.0,0.01948,150257.0,0.01949,731880.0
1753504281975,04:31:21.975,ANIME/USDT:USDT,0.01947,275504.0,0.01946,821908.0,0.01948,150257.0,0.01949,731880.0
1753504282074,04:31:22.074,ANIME/USDT:USDT,0.01947,280633.0,0.01946,821908.0,0.01948,150257.0,0.01949,731880.0
1753504282375,04:31:22.375,ANIME/USDT:USDT,0.01947,280633.0,0.01946,821908.0,0.01948,150257.0,0.01949,731880.0
1753504282475,04:31:22.475,ANIME/USDT:USDT,0.01947,280633.0,0.01946,821908.0,0.01948,150257.0,0.01949,731880.0
1753504282574,04:31:22.574,ANIME/USDT:USDT,0.01947,280633.0,0.01946,821908.0,0.01948,150257.0,0.01949,731880.0
1753504282676,04:31:22.676,ANIME/USDT:USDT,0.01947,280633.0,0.01946,821908.0,0.01948,150257.0,0.01949,731880.0
1753504282773,04:31:22.773,ANIME/USDT:USDT,0.01947,280633.0,0.01946,821908.0,0.01948,149168.0,0.01949,731880.0
1753504282874,04:31:22.874,ANIME/USDT:USDT,0.01947,280633.0,0.01946,821908.0,0.01948,150243.0,0.01949,731880.0
1753504282975,04:31:22.975,ANIME/USDT:USDT,0.01947,280633.0,0.01946,821908.0,0.01948,150243.0,0.01949,731880.0
1753504283076,04:31:23.076,ANIME/USDT:USDT,0.01947,280633.0,0.01946,821908.0,0.01948,150243.0,0.01949,731880.0
1753504283176,04:31:23.176,ANIME/USDT:USDT,0.01947,180633.0,0.01946,821908.0,0.01948,150243.0,0.01949,731880.0
1753504283275,04:31:23.275,ANIME/USDT:USDT,0.01947,180633.0,0.01946,821908.0,0.01948,150243.0,0.01949,731880.0
1753504283373,04:31:23.373,ANIME/USDT:USDT,0.01947,180633.0,0.01946,821908.0,0.01948,150243.0,0.01949,731880.0
1753504283575,04:31:23.575,ANIME/USDT:USDT,0.01947,180633.0,0.01946,821908.0,0.01948,150243.0,0.01949,731880.0
1753504283678,04:31:23.678,ANIME/USDT:USDT,0.01947,177587.0,0.01946,821600.0,0.01948,150243.0,0.01949,731880.0
1753504283776,04:31:23.776,ANIME/USDT:USDT,0.01947,177587.0,0.01946,821600.0,0.01948,150243.0,0.01949,731880.0
1753504283874,04:31:23.874,ANIME/USDT:USDT,0.01947,177587.0,0.01946,821908.0,0.01948,150243.0,0.01949,731880.0
1753504284075,04:31:24.075,ANIME/USDT:USDT,0.01947,177587.0,0.01946,821908.0,0.01948,150243.0,0.01949,731880.0
1753504284176,04:31:24.176,ANIME/USDT:USDT,0.01947,172458.0,0.01946,821908.0,0.01948,150243.0,0.01949,731880.0
1753504284275,04:31:24.275,ANIME/USDT:USDT,0.01947,172458.0,0.01946,821908.0,0.01948,150243.0,0.01949,731880.0
1753504284375,04:31:24.375,ANIME/USDT:USDT,0.01947,175504.0,0.01946,821908.0,0.01948,150243.0,0.01949,731880.0
1753504284475,04:31:24.475,ANIME/USDT:USDT,0.01947,175504.0,0.01946,816790.0,0.01948,150243.0,0.01949,731880.0
1753504284677,04:31:24.677,ANIME/USDT:USDT,0.01947,175504.0,0.01946,816790.0,0.01948,150243.0,0.01949,731880.0
1753504284774,04:31:24.774,ANIME/USDT:USDT,0.01947,175504.0,0.01946,816790.0,0.01948,150243.0,0.01949,731880.0
1753504284874,04:31:24.874,ANIME/USDT:USDT,0.01947,175504.0,0.01946,816790.0,0.01948,150243.0,0.01949,731880.0
1753504284974,04:31:24.974,ANIME/USDT:USDT,0.01947,275504.0,0.01946,816790.0,0.01948,150243.0,0.01949,731880.0
1753504285074,04:31:25.074,ANIME/USDT:USDT,0.01947,275504.0,0.01946,821908.0,0.01948,150243.0,0.01949,731880.0
1753504285176,04:31:25.176,ANIME/USDT:USDT,0.01947,275504.0,0.01946,821908.0,0.01948,150243.0,0.01949,731880.0
1753504285274,04:31:25.274,ANIME/USDT:USDT,0.01947,175504.0,0.01946,811672.0,0.01948,150243.0,0.01949,731880.0
1753504285473,04:31:25.473,ANIME/USDT:USDT,0.01947,169412.0,0.01946,811672.0,0.01948,150243.0,0.01949,731880.0
1753504285576,04:31:25.576,ANIME/USDT:USDT,0.01947,172458.0,0.01946,811672.0,0.01948,150243.0,0.01949,731880.0
1753504285682,04:31:25.682,ANIME/USDT:USDT,0.01947,172458.0,0.01946,811672.0,0.01948,150243.0,0.01949,731880.0
1753504285775,04:31:25.775,ANIME/USDT:USDT,0.01947,175504.0,0.01946,816790.0,0.01948,150243.0,0.01949,731880.0
1753504285875,04:31:25.875,ANIME/USDT:USDT,0.01947,175504.0,0.01946,816790.0,0.01948,150243.0,0.01949,731880.0
1753504286175,04:31:26.175,ANIME/USDT:USDT,0.01947,175504.0,0.01946,816790.0,0.01948,150243.0,0.01949,731880.0
1753504286275,04:31:26.275,ANIME/USDT:USDT,0.01947,175504.0,0.01946,816790.0,0.01948,150243.0,0.01949,731880.0
1753504286374,04:31:26.374,ANIME/USDT:USDT,0.01947,175504.0,0.01946,816790.0,0.01948,150243.0,0.01949,731880.0
1753504286474,04:31:26.474,ANIME/USDT:USDT,0.01947,175504.0,0.01946,811672.0,0.01948,150243.0,0.01949,731880.0
1753504286676,04:31:26.676,ANIME/USDT:USDT,0.01947,175504.0,0.01946,811672.0,0.01948,150243.0,0.01949,731880.0
1753504286774,04:31:26.774,ANIME/USDT:USDT,0.01947,175504.0,0.01946,811672.0,0.01948,150243.0,0.01949,731880.0
1753504286973,04:31:26.973,ANIME/USDT:USDT,0.01947,169412.0,0.01946,811364.0,0.01948,228054.0,0.01949,731880.0
1753504287174,04:31:27.174,ANIME/USDT:USDT,0.01947,175504.0,0.01946,806611.0,0.01948,225008.0,0.01949,731880.0
1753504287575,04:31:27.575,ANIME/USDT:USDT,0.01947,175504.0,0.01946,801493.0,0.01948,225008.0,0.01949,731880.0
1753504288074,04:31:28.074,ANIME/USDT:USDT,0.01947,175504.0,0.01946,801493.0,0.01948,225008.0,0.01949,731880.0
1753504288175,04:31:28.175,ANIME/USDT:USDT,0.01947,175504.0,0.01946,801493.0,0.01948,225008.0,0.01949,731880.0
1753504288375,04:31:28.375,ANIME/USDT:USDT,0.01947,175558.0,0.01946,796359.0,0.01948,225008.0,0.01949,731880.0
1753504288475,04:31:28.475,ANIME/USDT:USDT,0.01947,175558.0,0.01946,796359.0,0.01948,225008.0,0.01949,731880.0
1753504288574,04:31:28.574,ANIME/USDT:USDT,0.01947,175558.0,0.01946,796359.0,0.01948,225008.0,0.01949,731880.0
1753504288675,04:31:28.675,ANIME/USDT:USDT,0.01947,175558.0,0.01946,796359.0,0.01948,225008.0,0.01949,731880.0
1753504288875,04:31:28.875,ANIME/USDT:USDT,0.01947,175558.0,0.01946,796359.0,0.01948,225008.0,0.01949,731880.0
1753504289074,04:31:29.074,ANIME/USDT:USDT,0.01947,175558.0,0.01946,796359.0,0.01948,225008.0,0.01949,731880.0
1753504289175,04:31:29.175,ANIME/USDT:USDT,0.01947,175558.0,0.01946,796359.0,0.01948,225008.0,0.01949,731880.0
1753504289474,04:31:29.474,ANIME/USDT:USDT,0.01947,169466.0,0.01946,796051.0,0.01948,225008.0,0.01949,731880.0
1753504289574,04:31:29.574,ANIME/USDT:USDT,0.01947,172512.0,0.01946,796359.0,0.01948,225008.0,0.01949,731880.0
1753504289679,04:31:29.679,ANIME/USDT:USDT,0.01947,172512.0,0.01946,796051.0,0.01948,225008.0,0.01949,731880.0
1753504289775,04:31:29.775,ANIME/USDT:USDT,0.01947,169466.0,0.01946,796359.0,0.01948,225008.0,0.01949,731880.0
1753504289973,04:31:29.973,ANIME/USDT:USDT,0.01947,169466.0,0.01946,796359.0,0.01948,328054.0,0.01949,731880.0
1753504290375,04:31:30.375,ANIME/USDT:USDT,0.01947,169466.0,0.01946,796359.0,0.01948,228054.0,0.01949,731880.0
1753504290473,04:31:30.473,ANIME/USDT:USDT,0.01947,169466.0,0.01946,796359.0,0.01948,225008.0,0.01949,731880.0
1753504290674,04:31:30.674,ANIME/USDT:USDT,0.01947,169466.0,0.01946,796359.0,0.01948,225008.0,0.01949,731880.0
1753504290775,04:31:30.775,ANIME/USDT:USDT,0.01947,169466.0,0.01946,796359.0,0.01948,225008.0,0.01949,731880.0
1753504290973,04:31:30.973,ANIME/USDT:USDT,0.01947,172512.0,0.01946,796359.0,0.01948,225008.0,0.01949,727271.0
1753504291174,04:31:31.174,ANIME/USDT:USDT,0.01947,169466.0,0.01946,796359.0,0.01948,225076.0,0.01949,727271.0
1753504291275,04:31:31.275,ANIME/USDT:USDT,0.01947,169466.0,0.01946,796359.0,0.01948,225076.0,0.01949,727271.0
1753504291375,04:31:31.375,ANIME/USDT:USDT,0.01947,169466.0,0.01946,796359.0,0.01948,225076.0,0.01949,727271.0
1753504291873,04:31:31.873,ANIME/USDT:USDT,0.01947,169466.0,0.01946,796359.0,0.01948,325076.0,0.01949,727271.0
1753504291975,04:31:31.975,ANIME/USDT:USDT,0.01947,169466.0,0.01946,796359.0,0.01948,328122.0,0.01949,727271.0
1753504292073,04:31:32.073,ANIME/USDT:USDT,0.01947,169466.0,0.01946,796359.0,0.01948,328122.0,0.01949,727271.0
1753504292174,04:31:32.174,ANIME/USDT:USDT,0.01947,169466.0,0.01946,796359.0,0.01948,325076.0,0.01949,727271.0
1753504292274,04:31:32.274,ANIME/USDT:USDT,0.01947,183679.0,0.01946,796359.0,0.01948,325076.0,0.01949,727271.0
1753504292375,04:31:32.375,ANIME/USDT:USDT,0.01947,183679.0,0.01946,796359.0,0.01948,225076.0,0.01949,727271.0
1753504292574,04:31:32.574,ANIME/USDT:USDT,0.01947,183679.0,0.01946,796359.0,0.01948,225076.0,0.01949,727271.0
1753504292675,04:31:32.675,ANIME/USDT:USDT,0.01947,183679.0,0.01946,796359.0,0.01948,225076.0,0.01949,727271.0
1753504292776,04:31:32.776,ANIME/USDT:USDT,0.01947,183679.0,0.01946,796359.0,0.01948,225076.0,0.01949,727271.0
1753504292875,04:31:32.875,ANIME/USDT:USDT,0.01947,183679.0,0.01946,796359.0,0.01948,328122.0,0.01949,727271.0
1753504292975,04:31:32.975,ANIME/USDT:USDT,0.01947,183679.0,0.01946,796359.0,0.01948,328122.0,0.01949,727271.0
1753504293073,04:31:33.073,ANIME/USDT:USDT,0.01947,150849.0,0.01946,796359.0,0.01948,328122.0,0.01949,727271.0
1753504293375,04:31:33.375,ANIME/USDT:USDT,0.01947,150849.0,0.01946,796359.0,0.01948,328122.0,0.01949,727271.0
1753504293475,04:31:33.475,ANIME/USDT:USDT,0.01947,150849.0,0.01946,796359.0,0.01948,328122.0,0.01949,727271.0
1753504293575,04:31:33.575,ANIME/USDT:USDT,0.01947,150849.0,0.01946,796359.0,0.01948,328122.0,0.01949,727271.0
1753504293682,04:31:33.682,ANIME/USDT:USDT,0.01947,150849.0,0.01946,796359.0,0.01948,329939.0,0.01949,727271.0
1753504293774,04:31:33.774,ANIME/USDT:USDT,0.01947,150849.0,0.01946,796359.0,0.01948,329939.0,0.01949,745484.0
1753504293975,04:31:33.975,ANIME/USDT:USDT,0.01947,150849.0,0.01946,796359.0,0.01948,329939.0,0.01949,745484.0
1753504294076,04:31:34.076,ANIME/USDT:USDT,0.01947,150849.0,0.01946,796359.0,0.01948,329939.0,0.01949,745484.0
1753504294574,04:31:34.574,ANIME/USDT:USDT,0.01947,150849.0,0.01946,796359.0,0.01948,226893.0,0.01949,727271.0
1753504294675,04:31:34.675,ANIME/USDT:USDT,0.01947,153895.0,0.01946,796359.0,0.01948,226893.0,0.01949,727271.0
1753504294874,04:31:34.874,ANIME/USDT:USDT,0.01947,150849.0,0.01946,796359.0,0.01948,226893.0,0.01949,727271.0
1753504295073,04:31:35.073,ANIME/USDT:USDT,0.01947,150849.0,0.01946,796359.0,0.01948,226893.0,0.01949,727271.0
1753504295174,04:31:35.174,ANIME/USDT:USDT,0.01947,150849.0,0.01946,796359.0,0.01948,226893.0,0.01949,727271.0
1753504295276,04:31:35.276,ANIME/USDT:USDT,0.01947,153895.0,0.01946,796359.0,0.01948,226893.0,0.01949,727271.0
1753504295374,04:31:35.374,ANIME/USDT:USDT,0.01947,153895.0,0.01946,796359.0,0.01948,226893.0,0.01949,727271.0
1753504295681,04:31:35.681,ANIME/USDT:USDT,0.01947,150849.0,0.01946,796359.0,0.01948,226896.0,0.01949,727271.0
1753504295874,04:31:35.874,ANIME/USDT:USDT,0.01947,150849.0,0.01946,796359.0,0.01948,309942.0,0.01949,727271.0
1753504295974,04:31:35.974,ANIME/USDT:USDT,0.01947,150849.0,0.01946,796359.0,0.01948,229942.0,0.01949,727271.0
1753504296075,04:31:36.075,ANIME/USDT:USDT,0.01947,153895.0,0.01946,796359.0,0.01948,226896.0,0.01949,727271.0
1753504296175,04:31:36.175,ANIME/USDT:USDT,0.01947,153895.0,0.01946,796359.0,0.01948,226896.0,0.01949,727271.0
1753504296274,04:31:36.274,ANIME/USDT:USDT,0.01947,153895.0,0.01946,796359.0,0.01948,226896.0,0.01949,727271.0
1753504296374,04:31:36.374,ANIME/USDT:USDT,0.01947,153895.0,0.01946,796359.0,0.01948,226896.0,0.01949,727271.0
1753504296774,04:31:36.774,ANIME/USDT:USDT,0.01947,153895.0,0.01946,796359.0,0.01948,226896.0,0.01949,727271.0
1753504296875,04:31:36.875,ANIME/USDT:USDT,0.01947,156941.0,0.01946,796359.0,0.01948,226896.0,0.01949,727271.0
1753504297375,04:31:37.375,ANIME/USDT:USDT,0.01947,156941.0,0.01946,796359.0,0.01948,226896.0,0.01949,727271.0
1753504297474,04:31:37.474,ANIME/USDT:USDT,0.01947,153895.0,0.01946,796359.0,0.01948,226896.0,0.01949,727271.0
1753504297574,04:31:37.574,ANIME/USDT:USDT,0.01947,156941.0,0.01946,796359.0,0.01948,226896.0,0.01949,727271.0
1753504297681,04:31:37.681,ANIME/USDT:USDT,0.01947,156768.0,0.01946,796359.0,0.01948,226896.0,0.01949,727271.0
1753504297775,04:31:37.775,ANIME/USDT:USDT,0.01947,156768.0,0.01946,796359.0,0.01948,226896.0,0.01949,727271.0
1753504297973,04:31:37.973,ANIME/USDT:USDT,0.01947,156768.0,0.01946,796359.0,0.01948,226896.0,0.01949,727271.0
1753504298075,04:31:38.075,ANIME/USDT:USDT,0.01947,156768.0,0.01946,796359.0,0.01948,226896.0,0.01949,727271.0
1753504298176,04:31:38.176,ANIME/USDT:USDT,0.01947,156768.0,0.01946,796359.0,0.01948,226896.0,0.01949,727271.0
1753504298374,04:31:38.374,ANIME/USDT:USDT,0.01947,156768.0,0.01946,796359.0,0.01948,226896.0,0.01949,727271.0
1753504298475,04:31:38.475,ANIME/USDT:USDT,0.01947,156768.0,0.01946,796359.0,0.01948,226896.0,0.01949,727271.0
1753504298575,04:31:38.575,ANIME/USDT:USDT,0.01947,156768.0,0.01946,796359.0,0.01948,226896.0,0.01949,727271.0
1753504299174,04:31:39.174,ANIME/USDT:USDT,0.01947,153722.0,0.01946,796359.0,0.01948,226896.0,0.01949,727271.0
1753504299373,04:31:39.373,ANIME/USDT:USDT,0.01947,156768.0,0.01946,796359.0,0.01948,226896.0,0.01949,727271.0
1753504299475,04:31:39.475,ANIME/USDT:USDT,0.01947,156768.0,0.01946,796359.0,0.01948,226896.0,0.01949,727271.0
1753504299574,04:31:39.574,ANIME/USDT:USDT,0.01947,153722.0,0.01946,796359.0,0.01948,226896.0,0.01949,727271.0
1753504299679,04:31:39.679,ANIME/USDT:USDT,0.01947,156768.0,0.01946,796359.0,0.01948,226896.0,0.01949,727271.0
1753504299975,04:31:39.975,ANIME/USDT:USDT,0.01947,156768.0,0.01946,796359.0,0.01948,226896.0,0.01949,727271.0
1753504300075,04:31:40.075,ANIME/USDT:USDT,0.01947,156768.0,0.01946,796359.0,0.01948,226896.0,0.01949,727271.0
1753504300374,04:31:40.374,ANIME/USDT:USDT,0.01947,154548.0,0.01946,796359.0,0.01948,226896.0,0.01949,727271.0
1753504300575,04:31:40.575,ANIME/USDT:USDT,0.01947,154548.0,0.01946,796359.0,0.01948,226896.0,0.01949,727271.0
1753504300675,04:31:40.675,ANIME/USDT:USDT,0.01947,154548.0,0.01946,796359.0,0.01948,226896.0,0.01949,733449.0
1753504300774,04:31:40.774,ANIME/USDT:USDT,0.01947,148456.0,0.01946,796359.0,0.01948,226896.0,0.01949,733449.0
1753504300875,04:31:40.875,ANIME/USDT:USDT,0.01947,148456.0,0.01946,796359.0,0.01948,227019.0,0.01949,733449.0
1753504300974,04:31:40.974,ANIME/USDT:USDT,0.01947,148456.0,0.01946,796359.0,0.01948,230065.0,0.01949,733449.0
1753504301075,04:31:41.075,ANIME/USDT:USDT,0.01947,148456.0,0.01946,796359.0,0.01948,227019.0,0.01949,733449.0
1753504301173,04:31:41.173,ANIME/USDT:USDT,0.01947,151502.0,0.01946,796359.0,0.01948,227019.0,0.01949,733449.0
1753504301275,04:31:41.275,ANIME/USDT:USDT,0.01947,151502.0,0.01946,796359.0,0.01948,227019.0,0.01949,733449.0
1753504301375,04:31:41.375,ANIME/USDT:USDT,0.01947,148456.0,0.01946,796359.0,0.01948,227019.0,0.01949,733449.0
1753504301680,04:31:41.680,ANIME/USDT:USDT,0.01947,148456.0,0.01946,796051.0,0.01948,230065.0,0.01949,733449.0
1753504301775,04:31:41.775,ANIME/USDT:USDT,0.01947,148456.0,0.01946,796359.0,0.01948,230065.0,0.01949,733449.0
1753504302075,04:31:42.075,ANIME/USDT:USDT,0.01947,148456.0,0.01946,796359.0,0.01948,227019.0,0.01949,733449.0
1753504302175,04:31:42.175,ANIME/USDT:USDT,0.01947,148456.0,0.01946,796359.0,0.01948,230065.0,0.01949,733449.0
1753504302275,04:31:42.275,ANIME/USDT:USDT,0.01947,148456.0,0.01946,796359.0,0.01948,230065.0,0.01949,759082.0
1753504302375,04:31:42.375,ANIME/USDT:USDT,0.01947,148456.0,0.01946,796359.0,0.01948,230042.0,0.01949,759082.0
1753504302476,04:31:42.476,ANIME/USDT:USDT,0.01947,150676.0,0.01946,796359.0,0.01948,226996.0,0.01949,784715.0
1753504302574,04:31:42.574,ANIME/USDT:USDT,0.01947,153722.0,0.01946,796359.0,0.01948,226996.0,0.01949,784715.0
1753504302773,04:31:42.773,ANIME/USDT:USDT,0.01947,153722.0,0.01946,796359.0,0.01948,226996.0,0.01949,784715.0
1753504302874,04:31:42.874,ANIME/USDT:USDT,0.01947,153722.0,0.01946,796359.0,0.01948,226996.0,0.01949,784715.0
1753504302974,04:31:42.974,ANIME/USDT:USDT,0.01947,150676.0,0.01946,796359.0,0.01948,226996.0,0.01949,784715.0
1753504303374,04:31:43.374,ANIME/USDT:USDT,0.01947,156768.0,0.01946,796359.0,0.01948,226996.0,0.01949,784715.0
1753504303680,04:31:43.680,ANIME/USDT:USDT,0.01947,150676.0,0.01946,796359.0,0.01948,226996.0,0.01949,784715.0
1753504303773,04:31:43.773,ANIME/USDT:USDT,0.01947,150676.0,0.01946,796051.0,0.01948,230042.0,0.01949,784715.0
1753504303874,04:31:43.874,ANIME/USDT:USDT,0.01947,150676.0,0.01946,796359.0,0.01948,226993.0,0.01949,784715.0
1753504304074,04:31:44.074,ANIME/USDT:USDT,0.01947,150676.0,0.01946,796359.0,0.01948,230039.0,0.01949,784715.0
1753504304375,04:31:44.375,ANIME/USDT:USDT,0.01947,150676.0,0.01946,796359.0,0.01948,230039.0,0.01949,784715.0
1753504304473,04:31:44.473,ANIME/USDT:USDT,0.01947,150676.0,0.01946,796359.0,0.01948,230039.0,0.01949,784715.0
1753504304574,04:31:44.574,ANIME/USDT:USDT,0.01947,150676.0,0.01946,796359.0,0.01948,230039.0,0.01949,784715.0
1753504304675,04:31:44.675,ANIME/USDT:USDT,0.01947,150676.0,0.01946,796359.0,0.01948,233085.0,0.01949,784715.0
1753504304775,04:31:44.775,ANIME/USDT:USDT,0.01947,150676.0,0.01946,796359.0,0.01948,333085.0,0.01949,784715.0
1753504304875,04:31:44.875,ANIME/USDT:USDT,0.01947,150676.0,0.01946,796359.0,0.01948,333085.0,0.01949,784715.0
1753504304975,04:31:44.975,ANIME/USDT:USDT,0.01947,150676.0,0.01946,796359.0,0.01948,333085.0,0.01949,784715.0
1753504305074,04:31:45.074,ANIME/USDT:USDT,0.01947,150676.0,0.01946,796359.0,0.01948,333085.0,0.01949,784715.0
1753504305475,04:31:45.475,ANIME/USDT:USDT,0.01947,150676.0,0.01946,796359.0,0.01948,333085.0,0.01949,789754.0
1753504305677,04:31:45.677,ANIME/USDT:USDT,0.01947,150676.0,0.01946,796359.0,0.01948,333085.0,0.01949,789754.0
1753504305774,04:31:45.774,ANIME/USDT:USDT,0.01947,150676.0,0.01946,796359.0,0.01948,338199.0,0.01949,794868.0
1753504306074,04:31:46.074,ANIME/USDT:USDT,0.01947,150676.0,0.01946,796359.0,0.01948,338199.0,0.01949,800002.0
1753504306174,04:31:46.174,ANIME/USDT:USDT,0.01947,92926.0,0.01946,796359.0,0.01948,338199.0,0.01949,805078.0
1753504306275,04:31:46.275,ANIME/USDT:USDT,0.01947,92926.0,0.01946,796359.0,0.01948,338975.0,0.01949,805078.0
1753504306575,04:31:46.575,ANIME/USDT:USDT,0.01947,92926.0,0.01946,796359.0,0.01948,338975.0,0.01949,805078.0
1753504306675,04:31:46.675,ANIME/USDT:USDT,0.01947,92926.0,0.01946,796359.0,0.01948,338975.0,0.01949,805078.0
1753504307175,04:31:47.175,ANIME/USDT:USDT,0.01947,92926.0,0.01946,796359.0,0.01948,344088.0,0.01949,805078.0
1753504307273,04:31:47.273,ANIME/USDT:USDT,0.01947,26089.0,0.01946,796051.0,0.01948,349085.0,0.01949,836192.0
1753504307375,04:31:47.375,ANIME/USDT:USDT,0.01947,26089.0,0.01946,753823.0,0.01948,411829.0,0.01949,940729.0
1753504307474,04:31:47.474,ANIME/USDT:USDT,0.01947,26089.0,0.01946,770816.0,0.01948,437246.0,0.01949,945863.0
1753504307682,04:31:47.682,ANIME/USDT:USDT,0.01947,26089.0,0.01946,770816.0,0.01948,437246.0,0.01949,945863.0
1753504307775,04:31:47.775,ANIME/USDT:USDT,0.01947,26089.0,0.01946,770816.0,0.01948,437246.0,0.01949,945863.0
1753504307974,04:31:47.974,ANIME/USDT:USDT,0.01947,26089.0,0.01946,770816.0,0.01948,437246.0,0.01949,945863.0
1753504308074,04:31:48.074,ANIME/USDT:USDT,0.01947,26089.0,0.01946,770816.0,0.01948,437759.0,0.01949,945863.0
1753504308375,04:31:48.375,ANIME/USDT:USDT,0.01947,26089.0,0.01946,770816.0,0.01948,443083.0,0.01949,940729.0
1753504308475,04:31:48.475,ANIME/USDT:USDT,0.01947,26089.0,0.01946,770816.0,0.01948,443083.0,0.01949,945863.0
1753504308575,04:31:48.575,ANIME/USDT:USDT,0.01947,26089.0,0.01946,770816.0,0.01948,448196.0,0.01949,945863.0
1753504308676,04:31:48.676,ANIME/USDT:USDT,0.01947,26089.0,0.01946,770816.0,0.01948,459886.0,0.01949,945863.0
1753504308775,04:31:48.775,ANIME/USDT:USDT,0.01947,26089.0,0.01946,770816.0,0.01948,459343.0,0.01949,945863.0
1753504308874,04:31:48.874,ANIME/USDT:USDT,0.01947,26089.0,0.01946,770816.0,0.01948,464287.0,0.01949,945863.0
1753504308975,04:31:48.975,ANIME/USDT:USDT,0.01947,26089.0,0.01946,770816.0,0.01948,464287.0,0.01949,950997.0
1753504309073,04:31:49.073,ANIME/USDT:USDT,0.01947,26089.0,0.01946,770816.0,0.01948,463774.0,0.01949,950997.0
1753504309274,04:31:49.274,ANIME/USDT:USDT,0.01947,26089.0,0.01946,770816.0,0.01948,463774.0,0.01949,945863.0
1753504309473,04:31:49.473,ANIME/USDT:USDT,0.01947,26089.0,0.01946,770816.0,0.01948,458830.0,0.01949,945863.0
1753504309775,04:31:49.775,ANIME/USDT:USDT,0.01947,26089.0,0.01946,770816.0,0.01948,458830.0,0.01949,940729.0
1753504309874,04:31:49.874,ANIME/USDT:USDT,0.01947,26089.0,0.01946,770816.0,0.01948,453833.0,0.01949,940729.0
1753504309975,04:31:49.975,ANIME/USDT:USDT,0.01947,26089.0,0.01946,770816.0,0.01948,453833.0,0.01949,940729.0
1753504310075,04:31:50.075,ANIME/USDT:USDT,0.01947,26089.0,0.01946,770816.0,0.01948,453833.0,0.01949,940729.0
1753504310275,04:31:50.275,ANIME/USDT:USDT,0.01947,26089.0,0.01946,770816.0,0.01948,453833.0,0.01949,940729.0
1753504310475,04:31:50.475,ANIME/USDT:USDT,0.01947,26089.0,0.01946,770816.0,0.01948,453833.0,0.01949,940729.0
1753504310575,04:31:50.575,ANIME/USDT:USDT,0.01947,26089.0,0.01946,742045.0,0.01948,453833.0,0.01949,882616.0
1753504310676,04:31:50.676,ANIME/USDT:USDT,0.01947,26089.0,0.01946,742045.0,0.01948,453833.0,0.01949,882616.0
1753504310774,04:31:50.774,ANIME/USDT:USDT,0.01947,26089.0,0.01946,742045.0,0.01948,453833.0,0.01949,882616.0
1753504310875,04:31:50.875,ANIME/USDT:USDT,0.01947,26089.0,0.01946,742045.0,0.01948,458830.0,0.01949,882616.0
1753504310974,04:31:50.974,ANIME/USDT:USDT,0.01947,26089.0,0.01946,742045.0,0.01948,458830.0,0.01949,882616.0
1753504311073,04:31:51.073,ANIME/USDT:USDT,0.01947,26089.0,0.01946,731771.0,0.01948,458830.0,0.01949,882616.0
1753504311475,04:31:51.475,ANIME/USDT:USDT,0.01947,26089.0,0.01946,731771.0,0.01948,458830.0,0.01949,895821.0
1753504311574,04:31:51.574,ANIME/USDT:USDT,0.01947,26089.0,0.01946,731771.0,0.01948,453833.0,0.01949,895821.0
1753504311973,04:31:51.973,ANIME/USDT:USDT,0.01947,26089.0,0.01946,731771.0,0.01948,453833.0,0.01949,895821.0
1753504312075,04:31:52.075,ANIME/USDT:USDT,0.01947,26089.0,0.01946,731771.0,0.01948,453833.0,0.01949,906086.0
1753504312174,04:31:52.174,ANIME/USDT:USDT,0.01947,26089.0,0.01946,731771.0,0.01948,453833.0,0.01949,906086.0
1753504312475,04:31:52.475,ANIME/USDT:USDT,0.01947,26089.0,0.01946,731771.0,0.01948,453833.0,0.01949,906086.0
1753504312674,04:31:52.674,ANIME/USDT:USDT,0.01947,26089.0,0.01946,731771.0,0.01948,463963.0,0.01949,906086.0
1753504312775,04:31:52.775,ANIME/USDT:USDT,0.01947,26089.0,0.01946,731771.0,0.01948,468960.0,0.01949,906086.0
1753504312874,04:31:52.874,ANIME/USDT:USDT,0.01947,10681.0,0.01946,731771.0,0.01948,473907.0,0.01949,916354.0
1753504312976,04:31:52.976,ANIME/USDT:USDT,0.01947,10681.0,0.01946,731771.0,0.01948,473907.0,0.01949,916354.0
1753504313076,04:31:53.076,ANIME/USDT:USDT,0.01947,10681.0,0.01946,746398.0,0.01948,474420.0,0.01949,916354.0
1753504313175,04:31:53.175,ANIME/USDT:USDT,0.01947,10681.0,0.01946,746398.0,0.01948,474420.0,0.01949,916354.0
1753504313274,04:31:53.274,ANIME/USDT:USDT,0.01947,10681.0,0.01946,746398.0,0.01948,474420.0,0.01949,916354.0
1753504313373,04:31:53.373,ANIME/USDT:USDT,0.01947,10681.0,0.01946,746398.0,0.01948,474420.0,0.01949,916354.0
1753504313474,04:31:53.474,ANIME/USDT:USDT,0.01947,10681.0,0.01946,746398.0,0.01948,474420.0,0.01949,926622.0
1753504313574,04:31:53.574,ANIME/USDT:USDT,0.01947,10681.0,0.01946,646398.0,0.01948,474420.0,0.01949,926622.0
1753504313677,04:31:53.677,ANIME/USDT:USDT,0.01947,10681.0,0.01946,646398.0,0.01948,474420.0,0.01949,936891.0
1753504314074,04:31:54.074,ANIME/USDT:USDT,0.01947,10681.0,0.01946,646398.0,0.01948,474420.0,0.01949,936891.0
1753504314175,04:31:54.175,ANIME/USDT:USDT,0.01947,10681.0,0.01946,646398.0,0.01948,474420.0,0.01949,936891.0
1753504314274,04:31:54.274,ANIME/USDT:USDT,0.01947,10681.0,0.01946,646398.0,0.01948,474420.0,0.01949,936891.0
1753504314497,04:31:54.497,ANIME/USDT:USDT,0.01947,10681.0,0.01946,646398.0,0.01948,474420.0,0.01949,942025.0
1753504314575,04:31:54.575,ANIME/USDT:USDT,0.01947,36413.0,0.01946,646398.0,0.01948,474420.0,0.01949,942025.0
1753504314676,04:31:54.676,ANIME/USDT:USDT,0.01947,10681.0,0.01946,646398.0,0.01948,474420.0,0.01949,942025.0
1753504314775,04:31:54.775,ANIME/USDT:USDT,0.01947,10681.0,0.01946,646398.0,0.01948,474420.0,0.01949,942025.0
1753504314874,04:31:54.874,ANIME/USDT:USDT,0.01947,10681.0,0.01946,646398.0,0.01948,474420.0,0.01949,942025.0
1753504314975,04:31:54.975,ANIME/USDT:USDT,0.01947,10681.0,0.01946,646398.0,0.01948,469476.0,0.01949,936891.0
1753504315075,04:31:55.075,ANIME/USDT:USDT,0.01947,10681.0,0.01946,646398.0,0.01948,469476.0,0.01949,936891.0
1753504315174,04:31:55.174,ANIME/USDT:USDT,0.01947,10681.0,0.01946,646398.0,0.01948,469476.0,0.01949,936891.0
1753504315275,04:31:55.275,ANIME/USDT:USDT,0.01947,10681.0,0.01946,646398.0,0.01948,474420.0,0.01949,936891.0
1753504315375,04:31:55.375,ANIME/USDT:USDT,0.01947,10681.0,0.01946,646398.0,0.01948,484689.0,0.01949,936891.0
1753504315475,04:31:55.475,ANIME/USDT:USDT,0.01947,10681.0,0.01946,646398.0,0.01948,484946.0,0.01949,936891.0
1753504315680,04:31:55.680,ANIME/USDT:USDT,0.01947,10681.0,0.01946,646398.0,0.01948,481643.0,0.01949,936891.0
1753504315774,04:31:55.774,ANIME/USDT:USDT,0.01947,10681.0,0.01946,646398.0,0.01948,481643.0,0.01949,936891.0
1753504315886,04:31:55.886,ANIME/USDT:USDT,0.01947,10681.0,0.01946,646398.0,0.01948,481643.0,0.01949,936891.0
1753504315976,04:31:55.976,ANIME/USDT:USDT,0.01947,10681.0,0.01946,646398.0,0.01948,471631.0,0.01949,936891.0
1753504316075,04:31:56.075,ANIME/USDT:USDT,0.01947,10681.0,0.01946,646398.0,0.01948,466430.0,0.01949,936891.0
1753504316175,04:31:56.175,ANIME/USDT:USDT,0.01947,10681.0,0.01946,646398.0,0.01948,466430.0,0.01949,931757.0
1753504316274,04:31:56.274,ANIME/USDT:USDT,0.01947,10681.0,0.01946,646398.0,0.01948,461433.0,0.01949,931757.0
1753504316375,04:31:56.375,ANIME/USDT:USDT,0.01947,10681.0,0.01946,646398.0,0.01948,461433.0,0.01949,931757.0
1753504316475,04:31:56.475,ANIME/USDT:USDT,0.01947,10681.0,0.01946,646398.0,0.01948,461433.0,0.01949,926623.0
1753504316575,04:31:56.575,ANIME/USDT:USDT,0.01947,10681.0,0.01946,646398.0,0.01948,461433.0,0.01949,900990.0
1753504316674,04:31:56.674,ANIME/USDT:USDT,0.01947,10681.0,0.01946,646398.0,0.01948,461433.0,0.01949,875357.0
1753504316774,04:31:56.774,ANIME/USDT:USDT,0.01947,10681.0,0.01946,646398.0,0.01948,464479.0,0.01949,875357.0
1753504316874,04:31:56.874,ANIME/USDT:USDT,0.01947,10681.0,0.01946,646398.0,0.01948,464479.0,0.01949,875357.0
1753504316975,04:31:56.975,ANIME/USDT:USDT,0.01947,10681.0,0.01946,646398.0,0.01948,464479.0,0.01949,875357.0
1753504317074,04:31:57.074,ANIME/USDT:USDT,0.01947,10681.0,0.01946,646398.0,0.01948,490541.0,0.01949,875100.0
1753504317174,04:31:57.174,ANIME/USDT:USDT,0.01947,10681.0,0.01946,646398.0,0.01948,490541.0,0.01949,901675.0
1753504317275,04:31:57.275,ANIME/USDT:USDT,0.01947,10681.0,0.01946,646398.0,0.01948,487521.0,0.01949,901675.0
1753504317374,04:31:57.374,ANIME/USDT:USDT,0.01947,10681.0,0.01946,646398.0,0.01948,465943.0,0.01949,901675.0
1753504317574,04:31:57.574,ANIME/USDT:USDT,0.01947,10681.0,0.01946,646398.0,0.01948,465943.0,0.01949,891406.0
1753504317680,04:31:57.680,ANIME/USDT:USDT,0.01947,10681.0,0.01946,646398.0,0.01948,465943.0,0.01949,891406.0
1753504317775,04:31:57.775,ANIME/USDT:USDT,0.01947,10681.0,0.01946,646398.0,0.01948,468989.0,0.01949,891406.0
1753504317975,04:31:57.975,ANIME/USDT:USDT,0.01947,10681.0,0.01946,646398.0,0.01948,463992.0,0.01949,891406.0
1753504318074,04:31:58.074,ANIME/USDT:USDT,0.01947,10681.0,0.01946,646398.0,0.01948,464505.0,0.01949,891406.0
1753504318176,04:31:58.176,ANIME/USDT:USDT,0.01947,10681.0,0.01946,646398.0,0.01948,464505.0,0.01949,891406.0
1753504318275,04:31:58.275,ANIME/USDT:USDT,0.01947,10681.0,0.01946,646398.0,0.01948,464505.0,0.01949,891406.0
1753504318375,04:31:58.375,ANIME/USDT:USDT,0.01947,10681.0,0.01946,646398.0,0.01948,487092.0,0.01949,891406.0
1753504318475,04:31:58.475,ANIME/USDT:USDT,0.01947,10681.0,0.01946,646398.0,0.01948,490138.0,0.01949,891406.0
1753504318675,04:31:58.675,ANIME/USDT:USDT,0.01947,10681.0,0.01946,646398.0,0.01948,490138.0,0.01949,891406.0
1753504318875,04:31:58.875,ANIME/USDT:USDT,0.01947,10681.0,0.01946,646398.0,0.01948,495135.0,0.01949,891406.0
1753504318975,04:31:58.975,ANIME/USDT:USDT,0.01947,10681.0,0.01946,646398.0,0.01948,495135.0,0.01949,891406.0
1753504319075,04:31:59.075,ANIME/USDT:USDT,0.01947,10681.0,0.01946,646398.0,0.01948,495135.0,0.01949,891406.0
1753504319176,04:31:59.176,ANIME/USDT:USDT,0.01947,10681.0,0.01946,646398.0,0.01948,495392.0,0.01949,901674.0
1753504319275,04:31:59.275,ANIME/USDT:USDT,0.01947,8900.0,0.01946,646398.0,0.01948,495392.0,0.01949,901674.0
1753504319374,04:31:59.374,ANIME/USDT:USDT,0.01947,8900.0,0.01946,646398.0,0.01948,500336.0,0.01949,901674.0
1753504319475,04:31:59.475,ANIME/USDT:USDT,0.01947,8900.0,0.01946,646398.0,0.01948,500079.0,0.01949,901674.0
1753504319576,04:31:59.576,ANIME/USDT:USDT,0.01947,8900.0,0.01946,646398.0,0.01948,495392.0,0.01949,901674.0
1753504319677,04:31:59.677,ANIME/USDT:USDT,0.01947,8900.0,0.01946,646398.0,0.01948,495135.0,0.01949,901674.0
1753504319774,04:31:59.774,ANIME/USDT:USDT,0.01947,8900.0,0.01946,646398.0,0.01948,495135.0,0.01949,901674.0
1753504319874,04:31:59.874,ANIME/USDT:USDT,0.01947,8900.0,0.01946,646398.0,0.01948,495392.0,0.01949,901674.0
1753504320073,04:32:00.073,ANIME/USDT:USDT,0.01947,8900.0,0.01946,646398.0,0.01948,495135.0,0.01949,901674.0
1753504320176,04:32:00.176,ANIME/USDT:USDT,0.01947,8900.0,0.01946,646398.0,0.01948,500079.0,0.01949,901674.0
1753504320275,04:32:00.275,ANIME/USDT:USDT,0.01947,8900.0,0.01946,646398.0,0.01948,500079.0,0.01949,906808.0
1753504320375,04:32:00.375,ANIME/USDT:USDT,0.01947,8900.0,0.01946,646398.0,0.01948,500079.0,0.01949,911942.0
1753504320475,04:32:00.475,ANIME/USDT:USDT,0.01947,8900.0,0.01946,646398.0,0.01948,500079.0,0.01949,917076.0
1753504320573,04:32:00.573,ANIME/USDT:USDT,0.01947,8900.0,0.01946,646398.0,0.01948,500079.0,0.01949,917076.0
1753504320675,04:32:00.675,ANIME/USDT:USDT,0.01947,8900.0,0.01946,646398.0,0.01948,500079.0,0.01949,917076.0
1753504320773,04:32:00.773,ANIME/USDT:USDT,0.01947,8900.0,0.01946,646398.0,0.01948,500079.0,0.01949,917076.0
1753504320874,04:32:00.874,ANIME/USDT:USDT,0.01947,8900.0,0.01946,646398.0,0.01948,500079.0,0.01949,909618.0
1753504320975,04:32:00.975,ANIME/USDT:USDT,0.01947,8900.0,0.01946,646398.0,0.01948,500079.0,0.01949,909618.0
1753504321075,04:32:01.075,ANIME/USDT:USDT,0.01947,8900.0,0.01946,646398.0,0.01948,500336.0,0.01949,909618.0
1753504321275,04:32:01.275,ANIME/USDT:USDT,0.01947,8900.0,0.01946,646398.0,0.01948,500336.0,0.01949,919887.0
1753504321375,04:32:01.375,ANIME/USDT:USDT,0.01947,8900.0,0.01946,646398.0,0.01948,510605.0,0.01949,930156.0
1753504321475,04:32:01.475,ANIME/USDT:USDT,0.01947,8900.0,0.01946,646398.0,0.01948,510605.0,0.01949,930156.0
1753504321574,04:32:01.574,ANIME/USDT:USDT,0.01947,8900.0,0.01946,646398.0,0.01948,510605.0,0.01949,930156.0
1753504321677,04:32:01.677,ANIME/USDT:USDT,0.01947,8900.0,0.01946,646398.0,0.01948,510605.0,0.01949,930156.0
1753504321774,04:32:01.774,ANIME/USDT:USDT,0.01947,8900.0,0.01946,646398.0,0.01948,510605.0,0.01949,919887.0
1753504321874,04:32:01.874,ANIME/USDT:USDT,0.01947,8900.0,0.01946,646398.0,0.01948,510605.0,0.01949,919887.0
1753504321974,04:32:01.974,ANIME/USDT:USDT,0.01947,8900.0,0.01946,646398.0,0.01948,510605.0,0.01949,919887.0
1753504322075,04:32:02.075,ANIME/USDT:USDT,0.01947,8900.0,0.01946,646398.0,0.01948,510605.0,0.01949,893312.0
1753504322174,04:32:02.174,ANIME/USDT:USDT,0.01947,8900.0,0.01946,646398.0,0.01948,484972.0,0.01949,893312.0
1753504322275,04:32:02.275,ANIME/USDT:USDT,0.01947,8900.0,0.01946,583057.0,0.01948,484972.0,0.01949,893312.0
1753504322375,04:32:02.375,ANIME/USDT:USDT,0.01947,8900.0,0.01946,583057.0,0.01948,484972.0,0.01949,918945.0
1753504322473,04:32:02.473,ANIME/USDT:USDT,0.01947,8900.0,0.01946,583057.0,0.01948,484715.0,0.01949,924080.0
1753504322573,04:32:02.573,ANIME/USDT:USDT,0.01947,8900.0,0.01946,583057.0,0.01948,474774.0,0.01949,918946.0
1753504322774,04:32:02.774,ANIME/USDT:USDT,0.01947,8900.0,0.01946,583057.0,0.01948,490138.0,0.01949,918946.0
1753504322874,04:32:02.874,ANIME/USDT:USDT,0.01947,8900.0,0.01946,583057.0,0.01948,490138.0,0.01949,918946.0
1753504322974,04:32:02.974,ANIME/USDT:USDT,0.01947,8900.0,0.01946,583057.0,0.01948,490138.0,0.01949,918946.0
1753504323075,04:32:03.075,ANIME/USDT:USDT,0.01947,8900.0,0.01946,583057.0,0.01948,489625.0,0.01949,918946.0
1753504323176,04:32:03.176,ANIME/USDT:USDT,0.01947,56734.0,0.01946,583057.0,0.01948,489625.0,0.01949,918946.0
1753504323274,04:32:03.274,ANIME/USDT:USDT,0.01947,56734.0,0.01946,583057.0,0.01948,489625.0,0.01949,918946.0
1753504323375,04:32:03.375,ANIME/USDT:USDT,0.01947,8796.0,0.01946,583057.0,0.01948,489625.0,0.01949,918946.0
1753504323475,04:32:03.475,ANIME/USDT:USDT,0.01947,8796.0,0.01946,583057.0,0.01948,489625.0,0.01949,898408.0
1753504323576,04:32:03.576,ANIME/USDT:USDT,0.01947,8796.0,0.01946,583057.0,0.01948,484491.0,0.01949,893274.0
1753504323676,04:32:03.676,ANIME/USDT:USDT,0.01947,8796.0,0.01946,583057.0,0.01948,484491.0,0.01949,893274.0
1753504323774,04:32:03.774,ANIME/USDT:USDT,0.01947,8796.0,0.01946,583057.0,0.01948,484491.0,0.01949,888140.0
1753504323974,04:32:03.974,ANIME/USDT:USDT,0.01947,8796.0,0.01946,583057.0,0.01948,484491.0,0.01949,883006.0
1753504324174,04:32:04.174,ANIME/USDT:USDT,0.01947,8796.0,0.01946,583057.0,0.01948,484491.0,0.01949,883006.0
1753504324274,04:32:04.274,ANIME/USDT:USDT,0.01947,8796.0,0.01946,583057.0,0.01948,484491.0,0.01949,883006.0
1753504324375,04:32:04.375,ANIME/USDT:USDT,0.01947,8796.0,0.01946,583057.0,0.01948,458858.0,0.01949,883006.0
1753504324474,04:32:04.474,ANIME/USDT:USDT,0.01947,8663.0,0.01946,583057.0,0.01948,458920.0,0.01949,877872.0
1753504324775,04:32:04.775,ANIME/USDT:USDT,0.01947,8663.0,0.01946,583057.0,0.01948,458920.0,0.01949,877872.0
1753504324875,04:32:04.875,ANIME/USDT:USDT,0.01947,8663.0,0.01946,583057.0,0.01948,458920.0,0.01949,903505.0
1753504324974,04:32:04.974,ANIME/USDT:USDT,0.01947,8663.0,0.01946,583057.0,0.01948,458920.0,0.01949,903505.0
1753504325075,04:32:05.075,ANIME/USDT:USDT,0.01947,8663.0,0.01946,583057.0,0.01948,464054.0,0.01949,903505.0
1753504325176,04:32:05.176,ANIME/USDT:USDT,0.01947,8663.0,0.01946,583057.0,0.01948,463388.0,0.01949,908639.0
1753504325274,04:32:05.274,ANIME/USDT:USDT,0.01947,8663.0,0.01946,583057.0,0.01948,464025.0,0.01949,913773.0
1753504325475,04:32:05.475,ANIME/USDT:USDT,0.01947,8663.0,0.01946,583057.0,0.01948,464025.0,0.01949,913773.0
1753504325774,04:32:05.774,ANIME/USDT:USDT,0.01947,8663.0,0.01946,583057.0,0.01948,464025.0,0.01949,913773.0
1753504325875,04:32:05.875,ANIME/USDT:USDT,0.01947,8663.0,0.01946,583057.0,0.01948,458891.0,0.01949,913773.0
1753504326074,04:32:06.074,ANIME/USDT:USDT,0.01947,8663.0,0.01946,583057.0,0.01948,459404.0,0.01949,913773.0
1753504326278,04:32:06.278,ANIME/USDT:USDT,0.01947,8663.0,0.01946,583057.0,0.01948,459404.0,0.01949,913773.0
1753504326773,04:32:06.773,ANIME/USDT:USDT,0.01947,8663.0,0.01946,583057.0,0.01948,459404.0,0.01949,913773.0
1753504326974,04:32:06.974,ANIME/USDT:USDT,0.01947,8663.0,0.01946,583057.0,0.01948,459404.0,0.01949,913773.0
1753504327075,04:32:07.075,ANIME/USDT:USDT,0.01947,8663.0,0.01946,583057.0,0.01948,459404.0,0.01949,914030.0
1753504327176,04:32:07.176,ANIME/USDT:USDT,0.01947,8663.0,0.01946,583057.0,0.01948,459404.0,0.01949,914030.0
1753504327375,04:32:07.375,ANIME/USDT:USDT,0.01947,8663.0,0.01946,583057.0,0.01948,459404.0,0.01949,914030.0
1753504327475,04:32:07.475,ANIME/USDT:USDT,0.01947,8663.0,0.01946,583057.0,0.01948,459404.0,0.01949,908896.0
1753504327575,04:32:07.575,ANIME/USDT:USDT,0.01947,8663.0,0.01946,583057.0,0.01948,459404.0,0.01949,908896.0
1753504327681,04:32:07.681,ANIME/USDT:USDT,0.01947,8663.0,0.01946,583057.0,0.01948,459404.0,0.01949,903762.0
1753504327974,04:32:07.974,ANIME/USDT:USDT,0.01947,8663.0,0.01946,583057.0,0.01948,459404.0,0.01949,852496.0
1753504328075,04:32:08.075,ANIME/USDT:USDT,0.01947,8663.0,0.01946,583057.0,0.01948,458891.0,0.01949,852496.0
1753504328175,04:32:08.175,ANIME/USDT:USDT,0.01947,8663.0,0.01946,583057.0,0.01948,458891.0,0.01949,852496.0
1753504328273,04:32:08.273,ANIME/USDT:USDT,0.01947,8663.0,0.01946,583057.0,0.01948,458891.0,0.01949,852496.0
1753504328375,04:32:08.375,ANIME/USDT:USDT,0.01947,8663.0,0.01946,583057.0,0.01948,458891.0,0.01949,915743.0
1753504328475,04:32:08.475,ANIME/USDT:USDT,0.01947,8663.0,0.01946,583057.0,0.01948,463888.0,0.01949,941376.0
1753504328575,04:32:08.575,ANIME/USDT:USDT,0.01947,8663.0,0.01946,583057.0,0.01948,463888.0,0.01949,941376.0
1753504328676,04:32:08.676,ANIME/USDT:USDT,0.01947,8663.0,0.01946,583057.0,0.01948,469022.0,0.01949,967009.0
1753504328775,04:32:08.775,ANIME/USDT:USDT,0.01947,8663.0,0.01946,583057.0,0.01948,473966.0,0.01949,982411.0
1753504328874,04:32:08.874,ANIME/USDT:USDT,0.01947,8663.0,0.01946,583057.0,0.01948,474223.0,0.01949,977277.0
1753504328974,04:32:08.974,ANIME/USDT:USDT,0.01947,8663.0,0.01946,583057.0,0.01948,474223.0,0.01949,982411.0
1753504329074,04:32:09.074,ANIME/USDT:USDT,0.01947,8663.0,0.01946,583057.0,0.01948,474736.0,0.01949,982411.0
1753504329174,04:32:09.174,ANIME/USDT:USDT,0.01947,8663.0,0.01946,583057.0,0.01948,485005.0,0.01949,987545.0
1753504329274,04:32:09.274,ANIME/USDT:USDT,0.01947,8663.0,0.01946,583057.0,0.01948,485005.0,0.01949,987545.0
1753504329375,04:32:09.375,ANIME/USDT:USDT,0.01947,8663.0,0.01946,583057.0,0.01948,484748.0,0.01949,982411.0
1753504329475,04:32:09.475,ANIME/USDT:USDT,0.01947,8663.0,0.01946,583057.0,0.01948,485005.0,0.01949,997814.0
1753504329575,04:32:09.575,ANIME/USDT:USDT,0.01947,8663.0,0.01946,583057.0,0.01948,485005.0,0.01949,1002948.0
1753504329676,04:32:09.676,ANIME/USDT:USDT,0.01947,8663.0,0.01946,583057.0,0.01948,485005.0,0.01949,1002948.0
1753504329774,04:32:09.774,ANIME/USDT:USDT,0.01947,8663.0,0.01946,583057.0,0.01948,485005.0,0.01949,1002948.0
1753504329874,04:32:09.874,ANIME/USDT:USDT,0.01947,8663.0,0.01946,583057.0,0.01948,485005.0,0.01949,997814.0
1753504329975,04:32:09.975,ANIME/USDT:USDT,0.01947,8663.0,0.01946,583057.0,0.01948,480061.0,0.01949,997814.0
1753504330175,04:32:10.175,ANIME/USDT:USDT,0.01947,8663.0,0.01946,583057.0,0.01948,479804.0,0.01949,997814.0
1753504330475,04:32:10.475,ANIME/USDT:USDT,0.01947,8663.0,0.01946,583057.0,0.01948,484748.0,0.01949,1013217.0
1753504330575,04:32:10.575,ANIME/USDT:USDT,0.01947,8663.0,0.01946,583057.0,0.01948,485005.0,0.01949,1013217.0
1753504330874,04:32:10.874,ANIME/USDT:USDT,0.01947,8663.0,0.01946,583057.0,0.01948,485005.0,0.01949,1013217.0
1753504330975,04:32:10.975,ANIME/USDT:USDT,0.01947,8663.0,0.01946,583057.0,0.01948,485005.0,0.01949,1013217.0
1753504331074,04:32:11.074,ANIME/USDT:USDT,0.01946,255741.0,0.01945,467071.0,0.01947,212964.0,0.01948,538302.0
1753504331176,04:32:11.176,ANIME/USDT:USDT,0.01946,258787.0,0.01945,502187.0,0.01947,187301.0,0.01948,546569.0
1753504331275,04:32:11.275,ANIME/USDT:USDT,0.01946,258787.0,0.01945,502187.0,0.01947,167057.0,0.01948,495199.0
1753504331373,04:32:11.373,ANIME/USDT:USDT,0.01946,255741.0,0.01945,499141.0,0.01947,167057.0,0.01948,675386.0
1753504331474,04:32:11.474,ANIME/USDT:USDT,0.01946,258787.0,0.01945,499141.0,0.01947,167057.0,0.01948,710730.0
1753504331575,04:32:11.575,ANIME/USDT:USDT,0.01946,258787.0,0.01945,498833.0,0.01947,167057.0,0.01948,710730.0
1753504331679,04:32:11.679,ANIME/USDT:USDT,0.01946,258787.0,0.01945,498833.0,0.01947,167057.0,0.01948,710730.0
1753504331775,04:32:11.775,ANIME/USDT:USDT,0.01946,258787.0,0.01945,498833.0,0.01947,167057.0,0.01948,710730.0
1753504331873,04:32:11.873,ANIME/USDT:USDT,0.01946,255741.0,0.01945,498833.0,0.01947,167057.0,0.01948,710730.0
1753504331973,04:32:11.973,ANIME/USDT:USDT,0.01946,255741.0,0.01945,498833.0,0.01947,167057.0,0.01948,710730.0
1753504332074,04:32:12.074,ANIME/USDT:USDT,0.01946,255741.0,0.01945,498833.0,0.01947,167057.0,0.01948,710217.0
1753504332175,04:32:12.175,ANIME/USDT:USDT,0.01946,255741.0,0.01945,498833.0,0.01947,172172.0,0.01948,710217.0
1753504332375,04:32:12.375,ANIME/USDT:USDT,0.01946,255741.0,0.01945,503970.0,0.01947,167658.0,0.01948,704446.0
1753504332474,04:32:12.474,ANIME/USDT:USDT,0.01946,258787.0,0.01945,529657.0,0.01947,152315.0,0.01948,684103.0
1753504332575,04:32:12.575,ANIME/USDT:USDT,0.01946,258787.0,0.01945,529657.0,0.01947,152315.0,0.01948,684103.0
1753504332674,04:32:12.674,ANIME/USDT:USDT,0.01946,255741.0,0.01945,529657.0,0.01947,152315.0,0.01948,684103.0
1753504332775,04:32:12.775,ANIME/USDT:USDT,0.01946,258848.0,0.01945,529657.0,0.01947,152315.0,0.01948,684041.0
1753504332873,04:32:12.873,ANIME/USDT:USDT,0.01946,258848.0,0.01945,529657.0,0.01947,152315.0,0.01948,684041.0
