timestamp,time,symbol,bid1_price,bid1_volume,bid2_price,bid2_volume,ask1_price,ask1_volume,ask2_price,ask2_volume
1753503304502,04:15:04.502,ACH/USDT:USDT,0.02239,1086.0,0.02238,4123.0,0.0224,5.0,0.02241,1474.0
1753503305102,04:15:05.102,ACH/USDT:USDT,0.02239,1088.0,0.02238,4035.0,0.0224,5.0,0.02241,1474.0
1753503305602,04:15:05.602,ACH/USDT:USDT,0.02239,1088.0,0.02238,4044.0,0.0224,5.0,0.02241,1474.0
1753503306002,04:15:06.002,ACH/USDT:USDT,0.02239,1088.0,0.02238,4088.0,0.0224,5.0,0.02241,1474.0
1753503306102,04:15:06.102,ACH/USDT:USDT,0.02239,1088.0,0.02238,4132.0,0.0224,5.0,0.02241,1474.0
1753503306402,04:15:06.402,ACH/USDT:USDT,0.02239,1088.0,0.02238,4165.0,0.0224,5.0,0.02241,1474.0
1753503307102,04:15:07.102,ACH/USDT:USDT,0.02239,1088.0,0.02238,4078.0,0.0224,5.0,0.02241,1474.0
1753503307902,04:15:07.902,ACH/USDT:USDT,0.02239,1088.0,0.02238,4078.0,0.0224,5.0,0.02241,1474.0
1753503308102,04:15:08.102,ACH/USDT:USDT,0.02239,1088.0,0.02238,3949.0,0.0224,5.0,0.02241,1474.0
1753503308302,04:15:08.302,ACH/USDT:USDT,0.02239,1088.0,0.02238,3905.0,0.0224,5.0,0.02241,1474.0
1753503308502,04:15:08.502,ACH/USDT:USDT,0.02239,1088.0,0.02238,3905.0,0.0224,5.0,0.02241,1474.0
1753503309902,04:15:09.902,ACH/USDT:USDT,0.02239,1088.0,0.02238,3861.0,0.0224,5.0,0.02241,1474.0
1753503310602,04:15:10.602,ACH/USDT:USDT,0.02239,1088.0,0.02238,3729.0,0.0224,5.0,0.02241,1474.0
1753503310802,04:15:10.802,ACH/USDT:USDT,0.02239,1088.0,0.02238,3729.0,0.0224,10.0,0.02241,1474.0
1753503311202,04:15:11.202,ACH/USDT:USDT,0.02239,1088.0,0.02238,3685.0,0.0224,10.0,0.02241,1474.0
1753503311402,04:15:11.402,ACH/USDT:USDT,0.02239,1088.0,0.02238,3641.0,0.0224,10.0,0.02241,1474.0
1753503311502,04:15:11.502,ACH/USDT:USDT,0.02239,1088.0,0.02238,3429.0,0.0224,124.0,0.02241,1474.0
1753503312302,04:15:12.302,ACH/USDT:USDT,0.02239,1088.0,0.02238,3133.0,0.0224,124.0,0.02241,1474.0
1753503312402,04:15:12.402,ACH/USDT:USDT,0.02239,1088.0,0.02238,3124.0,0.0224,124.0,0.02241,1474.0
1753503312702,04:15:12.702,ACH/USDT:USDT,0.02239,1088.0,0.02238,3124.0,0.0224,124.0,0.02241,1474.0
1753503313104,04:15:13.104,ACH/USDT:USDT,0.02239,1088.0,0.02238,3124.0,0.0224,124.0,0.02241,1474.0
1753503313504,04:15:13.504,ACH/USDT:USDT,0.02239,1088.0,0.02238,3124.0,0.0224,124.0,0.02241,1474.0
1753503313704,04:15:13.704,ACH/USDT:USDT,0.02239,1088.0,0.02238,3124.0,0.0224,124.0,0.02241,1474.0
1753503313904,04:15:13.904,ACH/USDT:USDT,0.02239,1088.0,0.02238,3212.0,0.0224,10.0,0.02241,1474.0
1753503314004,04:15:14.004,ACH/USDT:USDT,0.02239,1088.0,0.02238,3212.0,0.0224,10.0,0.02241,1474.0
1753503314604,04:15:14.604,ACH/USDT:USDT,0.02239,1088.0,0.02238,3341.0,0.0224,10.0,0.02241,1474.0
1753503315104,04:15:15.104,ACH/USDT:USDT,0.02239,1088.0,0.02238,3385.0,0.0224,10.0,0.02241,1474.0
1753503315204,04:15:15.204,ACH/USDT:USDT,0.02239,1078.0,0.02238,3385.0,0.0224,10.0,0.02241,1474.0
1753503315304,04:15:15.304,ACH/USDT:USDT,0.02239,1078.0,0.02238,3475.0,0.0224,10.0,0.02241,1474.0
1753503316804,04:15:16.804,ACH/USDT:USDT,0.02239,1078.0,0.02238,3475.0,0.0224,10.0,0.02241,1470.0
1753503317004,04:15:17.004,ACH/USDT:USDT,0.02239,1078.0,0.02238,3780.0,0.0224,10.0,0.02241,1470.0
1753503317104,04:15:17.104,ACH/USDT:USDT,0.02239,1078.0,0.02238,3910.0,0.0224,10.0,0.02241,1470.0
1753503317304,04:15:17.304,ACH/USDT:USDT,0.02239,1078.0,0.02238,4217.0,0.0224,10.0,0.02241,1470.0
1753503317404,04:15:17.404,ACH/USDT:USDT,0.02239,1078.0,0.02238,4310.0,0.0224,10.0,0.02241,1470.0
1753503318204,04:15:18.204,ACH/USDT:USDT,0.02239,1078.0,0.02238,4310.0,0.0224,10.0,0.02241,1470.0
1753503318304,04:15:18.304,ACH/USDT:USDT,0.02239,1078.0,0.02238,4310.0,0.0224,10.0,0.02241,1470.0
1753503318504,04:15:18.504,ACH/USDT:USDT,0.02239,1078.0,0.02238,4310.0,0.0224,10.0,0.02241,1470.0
1753503318604,04:15:18.604,ACH/USDT:USDT,0.02239,1078.0,0.02238,4310.0,0.0224,10.0,0.02241,1470.0
1753503319404,04:15:19.404,ACH/USDT:USDT,0.02239,1078.0,0.02238,4354.0,0.0224,10.0,0.02241,1470.0
1753503320804,04:15:20.804,ACH/USDT:USDT,0.02239,1078.0,0.02238,4354.0,0.0224,10.0,0.02241,1470.0
1753503320904,04:15:20.904,ACH/USDT:USDT,0.02239,1078.0,0.02238,4354.0,0.0224,10.0,0.02241,1470.0
1753503321404,04:15:21.404,ACH/USDT:USDT,0.0224,1223.0,0.02239,1090.0,0.02241,591.0,0.02242,1555.0
1753503321604,04:15:21.604,ACH/USDT:USDT,0.0224,750.0,0.02239,1078.0,0.02241,621.0,0.02242,1555.0
1753503321904,04:15:21.904,ACH/USDT:USDT,0.0224,750.0,0.02239,1222.0,0.02241,621.0,0.02242,1555.0
1753503322004,04:15:22.004,ACH/USDT:USDT,0.0224,160.0,0.02239,1222.0,0.02241,621.0,0.02242,1555.0
1753503322104,04:15:22.104,ACH/USDT:USDT,0.0224,160.0,0.02239,1222.0,0.02241,621.0,0.02242,1555.0
1753503322204,04:15:22.204,ACH/USDT:USDT,0.0224,160.0,0.02239,1222.0,0.02241,621.0,0.02242,1555.0
1753503322304,04:15:22.304,ACH/USDT:USDT,0.0224,160.0,0.02239,1222.0,0.02241,621.0,0.02242,1555.0
1753503322904,04:15:22.904,ACH/USDT:USDT,0.0224,160.0,0.02239,1222.0,0.02241,632.0,0.02242,1555.0
