timestamp,time,symbol,bid1_price,bid1_volume,bid2_price,bid2_volume,ask1_price,ask1_volume,ask2_price,ask2_volume
1753504246806,04:30:46.806,ALGO/USDT:USDT,0.26904,1545.0,0.269,17.0,0.26915,1512.0,0.26919,16168.0
1753504246836,04:30:46.836,ALGO/USDT:USDT,0.26904,1545.0,0.269,17.0,0.26915,1512.0,0.26919,16168.0
1753504246840,04:30:46.840,ALGO/USDT:USDT,0.26904,1545.0,0.269,17.0,0.26915,1512.0,0.26919,16168.0
1753504246864,04:30:46.864,ALGO/USDT:USDT,0.26904,1545.0,0.269,17.0,0.26915,1512.0,0.26919,16168.0
1753504247037,04:30:47.037,ALGO/USDT:USDT,0.26904,1545.0,0.269,17.0,0.26915,1512.0,0.26919,16168.0
1753504247435,04:30:47.435,ALGO/USDT:USDT,0.26904,1545.0,0.269,17.0,0.26915,1512.0,0.26919,16168.0
1753504247440,04:30:47.440,ALGO/USDT:USDT,0.26904,1545.0,0.269,17.0,0.26915,1512.0,0.26919,16168.0
1753504247594,04:30:47.594,ALGO/USDT:USDT,0.26904,1545.0,0.269,17.0,0.26915,1512.0,0.26919,16168.0
1753504247599,04:30:47.599,ALGO/USDT:USDT,0.26904,1545.0,0.269,17.0,0.26915,1512.0,0.26919,16168.0
1753504247692,04:30:47.692,ALGO/USDT:USDT,0.269,17.0,0.26899,2089.0,0.26915,1512.0,0.26919,16168.0
1753504247696,04:30:47.696,ALGO/USDT:USDT,0.269,17.0,0.26898,1091.0,0.26915,1512.0,0.26919,16168.0
1753504247698,04:30:47.698,ALGO/USDT:USDT,0.26901,1534.0,0.269,17.0,0.26915,1512.0,0.26919,16168.0
1753504247700,04:30:47.700,ALGO/USDT:USDT,0.26901,1534.0,0.269,17.0,0.26915,1512.0,0.26919,16168.0
1753504247702,04:30:47.702,ALGO/USDT:USDT,0.26901,1534.0,0.269,17.0,0.26915,1512.0,0.26919,16168.0
1753504247704,04:30:47.704,ALGO/USDT:USDT,0.26901,1534.0,0.269,17.0,0.26915,1512.0,0.26919,16168.0
1753504247704,04:30:47.704,ALGO/USDT:USDT,0.26901,1534.0,0.269,17.0,0.26915,1512.0,0.26919,16168.0
1753504247707,04:30:47.707,ALGO/USDT:USDT,0.26901,1534.0,0.269,17.0,0.26915,1512.0,0.26919,16168.0
1753504247707,04:30:47.707,ALGO/USDT:USDT,0.26901,1534.0,0.269,17.0,0.26915,1512.0,0.26919,16168.0
1753504247707,04:30:47.707,ALGO/USDT:USDT,0.26901,1534.0,0.269,17.0,0.26915,1512.0,0.26919,16168.0
1753504247734,04:30:47.734,ALGO/USDT:USDT,0.26901,1534.0,0.269,17.0,0.26915,1512.0,0.26919,16168.0
1753504247734,04:30:47.734,ALGO/USDT:USDT,0.26901,1534.0,0.269,17.0,0.26915,1512.0,0.26919,16168.0
1753504247765,04:30:47.765,ALGO/USDT:USDT,0.26901,1534.0,0.269,17.0,0.26915,1512.0,0.26919,16168.0
1753504247767,04:30:47.767,ALGO/USDT:USDT,0.26901,1534.0,0.269,17.0,0.26915,1512.0,0.26919,16168.0
1753504247768,04:30:47.768,ALGO/USDT:USDT,0.26901,1534.0,0.269,17.0,0.26915,1512.0,0.26919,16168.0
1753504247770,04:30:47.770,ALGO/USDT:USDT,0.26901,1534.0,0.269,17.0,0.26915,1512.0,0.26919,16168.0
1753504247771,04:30:47.771,ALGO/USDT:USDT,0.26901,1534.0,0.269,17.0,0.26915,1512.0,0.26919,16168.0
1753504247774,04:30:47.774,ALGO/USDT:USDT,0.26901,1534.0,0.269,17.0,0.26915,1512.0,0.26919,16168.0
1753504247774,04:30:47.774,ALGO/USDT:USDT,0.26901,1534.0,0.269,17.0,0.26915,1512.0,0.26919,16168.0
1753504247775,04:30:47.775,ALGO/USDT:USDT,0.26901,1534.0,0.269,17.0,0.26915,1512.0,0.26919,16168.0
1753504247778,04:30:47.778,ALGO/USDT:USDT,0.26901,1534.0,0.269,17.0,0.26915,1512.0,0.26919,16168.0
1753504247780,04:30:47.780,ALGO/USDT:USDT,0.26901,1534.0,0.269,17.0,0.26915,1512.0,0.26919,16168.0
1753504247780,04:30:47.780,ALGO/USDT:USDT,0.26901,1534.0,0.269,17.0,0.26915,1512.0,0.26919,16168.0
1753504247781,04:30:47.781,ALGO/USDT:USDT,0.26901,1534.0,0.269,17.0,0.26915,1512.0,0.26919,16168.0
1753504247969,04:30:47.969,ALGO/USDT:USDT,0.26901,1534.0,0.269,17.0,0.26915,1512.0,0.26919,14080.0
1753504247969,04:30:47.969,ALGO/USDT:USDT,0.26901,1534.0,0.269,17.0,0.26915,1512.0,0.26919,14080.0
1753504247971,04:30:47.971,ALGO/USDT:USDT,0.26901,1534.0,0.269,17.0,0.26915,1512.0,0.26919,14080.0
1753504247971,04:30:47.971,ALGO/USDT:USDT,0.26901,1534.0,0.269,17.0,0.26915,1512.0,0.26919,14080.0
1753504247972,04:30:47.972,ALGO/USDT:USDT,0.26901,1534.0,0.269,17.0,0.26914,739.0,0.26915,1512.0
1753504247975,04:30:47.975,ALGO/USDT:USDT,0.26901,1534.0,0.269,17.0,0.26913,1534.0,0.26914,739.0
1753504247978,04:30:47.978,ALGO/USDT:USDT,0.26901,1534.0,0.269,17.0,0.26913,1534.0,0.26914,739.0
1753504247983,04:30:47.983,ALGO/USDT:USDT,0.26901,1534.0,0.269,17.0,0.26913,1534.0,0.26915,1512.0
1753504247991,04:30:47.991,ALGO/USDT:USDT,0.26901,1534.0,0.269,17.0,0.26913,1922.0,0.26915,1512.0
1753504247994,04:30:47.994,ALGO/USDT:USDT,0.26901,1534.0,0.269,17.0,0.26912,1534.0,0.26913,1922.0
1753504247995,04:30:47.995,ALGO/USDT:USDT,0.26901,1534.0,0.269,17.0,0.26912,1534.0,0.26913,1922.0
1753504247998,04:30:47.998,ALGO/USDT:USDT,0.26901,1534.0,0.269,17.0,0.26912,1534.0,0.26913,1922.0
1753504248008,04:30:48.008,ALGO/USDT:USDT,0.26901,1534.0,0.269,17.0,0.26912,1534.0,0.26913,1534.0
1753504248049,04:30:48.049,ALGO/USDT:USDT,0.26901,1534.0,0.269,17.0,0.26912,1534.0,0.26913,1534.0
1753504248102,04:30:48.102,ALGO/USDT:USDT,0.26901,1534.0,0.269,17.0,0.26912,1534.0,0.26913,1534.0
1753504248108,04:30:48.108,ALGO/USDT:USDT,0.26901,1534.0,0.269,17.0,0.26912,1534.0,0.26913,1534.0
1753504248149,04:30:48.149,ALGO/USDT:USDT,0.26901,1534.0,0.269,17.0,0.26912,1534.0,0.26915,1512.0
1753504248152,04:30:48.152,ALGO/USDT:USDT,0.26901,1534.0,0.269,17.0,0.26915,1512.0,0.26917,1100.0
1753504248156,04:30:48.156,ALGO/USDT:USDT,0.26901,1534.0,0.269,17.0,0.26915,1512.0,0.26918,2089.0
1753504248195,04:30:48.195,ALGO/USDT:USDT,0.26901,1534.0,0.269,17.0,0.26914,837.0,0.26915,1512.0
1753504248199,04:30:48.199,ALGO/USDT:USDT,0.26901,1534.0,0.269,17.0,0.26913,1534.0,0.26914,837.0
1753504248206,04:30:48.206,ALGO/USDT:USDT,0.26901,1534.0,0.269,17.0,0.26913,1534.0,0.26914,837.0
1753504248264,04:30:48.264,ALGO/USDT:USDT,0.26901,1534.0,0.269,17.0,0.26913,1534.0,0.26915,1512.0
1753504248281,04:30:48.281,ALGO/USDT:USDT,0.26901,1534.0,0.269,17.0,0.26913,1534.0,0.26915,1512.0
1753504248281,04:30:48.281,ALGO/USDT:USDT,0.26901,1534.0,0.269,17.0,0.26913,1534.0,0.26915,1512.0
1753504248281,04:30:48.281,ALGO/USDT:USDT,0.26901,1534.0,0.269,17.0,0.26913,1534.0,0.26915,1512.0
1753504248281,04:30:48.281,ALGO/USDT:USDT,0.26901,1534.0,0.269,17.0,0.26913,1534.0,0.26915,1512.0
1753504248281,04:30:48.281,ALGO/USDT:USDT,0.26901,1534.0,0.269,17.0,0.26913,1534.0,0.26915,1512.0
1753504248281,04:30:48.281,ALGO/USDT:USDT,0.26901,1534.0,0.269,17.0,0.26913,1534.0,0.26915,1512.0
1753504248281,04:30:48.281,ALGO/USDT:USDT,0.26901,1534.0,0.269,17.0,0.26913,1534.0,0.26915,1512.0
1753504248314,04:30:48.314,ALGO/USDT:USDT,0.26901,1534.0,0.269,17.0,0.26913,1534.0,0.26915,1512.0
1753504248316,04:30:48.316,ALGO/USDT:USDT,0.26901,1534.0,0.269,17.0,0.26913,1534.0,0.26915,1512.0
1753504248317,04:30:48.317,ALGO/USDT:USDT,0.26901,1534.0,0.269,17.0,0.26913,1534.0,0.26915,1512.0
1753504248319,04:30:48.319,ALGO/USDT:USDT,0.26901,1534.0,0.269,17.0,0.26913,1534.0,0.26915,1512.0
1753504248321,04:30:48.321,ALGO/USDT:USDT,0.26901,1534.0,0.269,17.0,0.26913,1534.0,0.26915,1512.0
1753504248321,04:30:48.321,ALGO/USDT:USDT,0.26901,1534.0,0.269,17.0,0.26913,1534.0,0.26915,1512.0
1753504248323,04:30:48.323,ALGO/USDT:USDT,0.26901,1534.0,0.269,17.0,0.26913,1534.0,0.26915,1512.0
1753504248324,04:30:48.324,ALGO/USDT:USDT,0.26901,1534.0,0.269,17.0,0.26913,1534.0,0.26915,1512.0
1753504248326,04:30:48.326,ALGO/USDT:USDT,0.26901,1534.0,0.269,17.0,0.26913,1534.0,0.26915,1512.0
1753504248327,04:30:48.327,ALGO/USDT:USDT,0.26901,1534.0,0.269,17.0,0.26913,1534.0,0.26915,1512.0
1753504248329,04:30:48.329,ALGO/USDT:USDT,0.26901,1534.0,0.269,17.0,0.26913,1534.0,0.26915,1512.0
1753504248352,04:30:48.352,ALGO/USDT:USDT,0.26901,1534.0,0.269,17.0,0.26915,1512.0,0.26918,3189.0
1753504248412,04:30:48.412,ALGO/USDT:USDT,0.26901,1534.0,0.269,17.0,0.26915,1512.0,0.26918,3189.0
1753504248432,04:30:48.432,ALGO/USDT:USDT,0.26901,1534.0,0.269,17.0,0.26915,1512.0,0.26918,3189.0
1753504248432,04:30:48.432,ALGO/USDT:USDT,0.26901,1534.0,0.269,17.0,0.26915,1512.0,0.26918,3189.0
1753504248432,04:30:48.432,ALGO/USDT:USDT,0.26901,1534.0,0.269,17.0,0.26915,1512.0,0.26918,3189.0
1753504248432,04:30:48.432,ALGO/USDT:USDT,0.26901,1534.0,0.269,17.0,0.26915,1512.0,0.26918,3189.0
1753504248465,04:30:48.465,ALGO/USDT:USDT,0.26901,1534.0,0.269,17.0,0.26915,1512.0,0.26918,3189.0
1753504248466,04:30:48.466,ALGO/USDT:USDT,0.26901,1534.0,0.269,17.0,0.26915,1512.0,0.26918,3189.0
1753504248467,04:30:48.467,ALGO/USDT:USDT,0.26901,1534.0,0.269,17.0,0.26915,1512.0,0.26918,3189.0
1753504248469,04:30:48.469,ALGO/USDT:USDT,0.26901,1534.0,0.269,17.0,0.26915,1512.0,0.26918,3189.0
1753504248470,04:30:48.470,ALGO/USDT:USDT,0.26901,1534.0,0.269,17.0,0.26915,1512.0,0.26918,3189.0
1753504248470,04:30:48.470,ALGO/USDT:USDT,0.26901,1534.0,0.269,17.0,0.26915,1512.0,0.26918,3189.0
1753504248473,04:30:48.473,ALGO/USDT:USDT,0.26901,1534.0,0.269,17.0,0.26915,1512.0,0.26918,3189.0
1753504248476,04:30:48.476,ALGO/USDT:USDT,0.26901,1534.0,0.269,17.0,0.26915,1512.0,0.26918,3189.0
1753504248478,04:30:48.478,ALGO/USDT:USDT,0.26901,1534.0,0.269,17.0,0.26915,1512.0,0.26918,3189.0
1753504248480,04:30:48.480,ALGO/USDT:USDT,0.26901,1534.0,0.269,17.0,0.26915,1512.0,0.26918,3189.0
1753504249435,04:30:49.435,ALGO/USDT:USDT,0.26901,1534.0,0.269,17.0,0.26915,1512.0,0.26918,3189.0
1753504249440,04:30:49.440,ALGO/USDT:USDT,0.26901,1534.0,0.269,17.0,0.26915,1512.0,0.26918,3189.0
1753504249842,04:30:49.842,ALGO/USDT:USDT,0.26901,1534.0,0.269,17.0,0.26915,1512.0,0.26918,3189.0
1753504249843,04:30:49.843,ALGO/USDT:USDT,0.26901,1534.0,0.269,17.0,0.26915,1512.0,0.26918,3189.0
1753504249845,04:30:49.845,ALGO/USDT:USDT,0.26901,1534.0,0.269,17.0,0.26915,1512.0,0.26918,3189.0
1753504249847,04:30:49.847,ALGO/USDT:USDT,0.26901,1534.0,0.269,17.0,0.26915,1512.0,0.26918,3189.0
1753504249849,04:30:49.849,ALGO/USDT:USDT,0.26901,1534.0,0.269,17.0,0.26915,1512.0,0.26918,3189.0
1753504249851,04:30:49.851,ALGO/USDT:USDT,0.26901,1534.0,0.269,17.0,0.26915,1512.0,0.26918,3189.0
1753504249852,04:30:49.852,ALGO/USDT:USDT,0.26901,1534.0,0.269,17.0,0.26915,1512.0,0.26918,3189.0
1753504249855,04:30:49.855,ALGO/USDT:USDT,0.26901,1534.0,0.269,17.0,0.26915,1512.0,0.26918,3189.0
1753504249855,04:30:49.855,ALGO/USDT:USDT,0.26901,1534.0,0.269,17.0,0.26915,1512.0,0.26918,3189.0
1753504249857,04:30:49.857,ALGO/USDT:USDT,0.26901,1534.0,0.269,17.0,0.26915,1512.0,0.26918,3189.0
1753504249886,04:30:49.886,ALGO/USDT:USDT,0.26901,1534.0,0.269,17.0,0.26915,1512.0,0.26918,3189.0
1753504249927,04:30:49.927,ALGO/USDT:USDT,0.26901,1534.0,0.269,17.0,0.26915,1512.0,0.26918,3189.0
1753504250041,04:30:50.041,ALGO/USDT:USDT,0.26901,1534.0,0.269,17.0,0.26915,1512.0,0.26918,3189.0
1753504250063,04:30:50.063,ALGO/USDT:USDT,0.26901,1534.0,0.269,17.0,0.26915,1512.0,0.26918,3189.0
1753504250091,04:30:50.091,ALGO/USDT:USDT,0.26901,1534.0,0.269,17.0,0.26915,1512.0,0.26918,3189.0
1753504250113,04:30:50.113,ALGO/USDT:USDT,0.26901,1534.0,0.269,17.0,0.26914,10913.0,0.26915,1512.0
1753504250116,04:30:50.116,ALGO/USDT:USDT,0.26901,1534.0,0.269,17.0,0.26913,1534.0,0.26914,10913.0
1753504250132,04:30:50.132,ALGO/USDT:USDT,0.26901,1534.0,0.269,17.0,0.26913,1534.0,0.26915,1512.0
1753504250142,04:30:50.142,ALGO/USDT:USDT,0.26901,1534.0,0.269,17.0,0.26913,1534.0,0.26915,1512.0
1753504250271,04:30:50.271,ALGO/USDT:USDT,0.26901,1534.0,0.269,17.0,0.26915,1512.0,0.26918,3189.0
1753504250338,04:30:50.338,ALGO/USDT:USDT,0.26901,1534.0,0.269,17.0,0.26914,10913.0,0.26915,1512.0
1753504250343,04:30:50.343,ALGO/USDT:USDT,0.26901,1534.0,0.269,17.0,0.26913,1534.0,0.26914,10913.0
1753504250351,04:30:50.351,ALGO/USDT:USDT,0.26901,1534.0,0.269,17.0,0.26913,1534.0,0.26915,1512.0
1753504250358,04:30:50.358,ALGO/USDT:USDT,0.26901,1534.0,0.269,17.0,0.26913,1534.0,0.26915,1512.0
1753504250362,04:30:50.362,ALGO/USDT:USDT,0.26901,1534.0,0.269,17.0,0.26913,1534.0,0.26915,1512.0
1753504250418,04:30:50.418,ALGO/USDT:USDT,0.26901,1534.0,0.269,17.0,0.26912,10913.0,0.26913,1534.0
1753504250421,04:30:50.421,ALGO/USDT:USDT,0.26901,1534.0,0.269,17.0,0.26911,1534.0,0.26912,10913.0
1753504250433,04:30:50.433,ALGO/USDT:USDT,0.26901,1534.0,0.269,17.0,0.26911,1534.0,0.26912,10913.0
1753504250433,04:30:50.433,ALGO/USDT:USDT,0.26901,1534.0,0.269,17.0,0.26911,1534.0,0.26912,10913.0
1753504250433,04:30:50.433,ALGO/USDT:USDT,0.26901,1534.0,0.269,17.0,0.26911,1534.0,0.26912,10913.0
1753504250433,04:30:50.433,ALGO/USDT:USDT,0.26901,1534.0,0.269,17.0,0.26911,1534.0,0.26912,10913.0
1753504250447,04:30:50.447,ALGO/USDT:USDT,0.26901,1534.0,0.269,17.0,0.26911,1534.0,0.26912,10913.0
1753504250449,04:30:50.449,ALGO/USDT:USDT,0.26901,1534.0,0.269,17.0,0.26911,1534.0,0.26912,10913.0
1753504250450,04:30:50.450,ALGO/USDT:USDT,0.26901,1534.0,0.269,17.0,0.26911,1534.0,0.26912,10913.0
1753504250464,04:30:50.464,ALGO/USDT:USDT,0.26901,1534.0,0.269,17.0,0.26911,1534.0,0.26912,10913.0
1753504250466,04:30:50.466,ALGO/USDT:USDT,0.26901,1534.0,0.269,17.0,0.26911,1534.0,0.26912,10913.0
1753504250468,04:30:50.468,ALGO/USDT:USDT,0.26901,1534.0,0.269,17.0,0.26911,1534.0,0.26912,10913.0
1753504250468,04:30:50.468,ALGO/USDT:USDT,0.26901,1534.0,0.269,17.0,0.26911,1534.0,0.26912,10913.0
1753504250470,04:30:50.470,ALGO/USDT:USDT,0.26901,1534.0,0.269,17.0,0.26911,1534.0,0.26912,10913.0
1753504250470,04:30:50.470,ALGO/USDT:USDT,0.26901,1534.0,0.269,17.0,0.26911,1534.0,0.26912,10913.0
1753504250472,04:30:50.472,ALGO/USDT:USDT,0.26901,1534.0,0.269,17.0,0.26911,1534.0,0.26912,10913.0
1753504250473,04:30:50.473,ALGO/USDT:USDT,0.26901,1534.0,0.269,17.0,0.26911,1534.0,0.26912,10913.0
1753504250473,04:30:50.473,ALGO/USDT:USDT,0.26901,1534.0,0.269,17.0,0.26911,1534.0,0.26912,10913.0
1753504250475,04:30:50.475,ALGO/USDT:USDT,0.26901,1534.0,0.269,17.0,0.26911,1534.0,0.26912,10913.0
1753504250476,04:30:50.476,ALGO/USDT:USDT,0.26901,1534.0,0.269,17.0,0.26911,1534.0,0.26912,10913.0
1753504250478,04:30:50.478,ALGO/USDT:USDT,0.26901,1534.0,0.269,17.0,0.26911,1534.0,0.26912,10913.0
1753504250487,04:30:50.487,ALGO/USDT:USDT,0.26901,1534.0,0.269,17.0,0.26911,1534.0,0.26913,1534.0
1753504250497,04:30:50.497,ALGO/USDT:USDT,0.26901,1534.0,0.269,17.0,0.26911,1534.0,0.26913,1534.0
1753504250552,04:30:50.552,ALGO/USDT:USDT,0.26901,1534.0,0.269,17.0,0.26911,1534.0,0.26913,1534.0
1753504250576,04:30:50.576,ALGO/USDT:USDT,0.26901,1534.0,0.269,17.0,0.26913,1534.0,0.26915,1512.0
1753504250579,04:30:50.579,ALGO/USDT:USDT,0.26901,1534.0,0.269,17.0,0.26915,1512.0,0.26916,3187.0
1753504250582,04:30:50.582,ALGO/USDT:USDT,0.26901,1534.0,0.269,17.0,0.26915,1512.0,0.26916,1098.0
1753504250582,04:30:50.582,ALGO/USDT:USDT,0.26901,1534.0,0.269,17.0,0.26915,1512.0,0.26916,1098.0
1753504250584,04:30:50.584,ALGO/USDT:USDT,0.26901,1534.0,0.269,17.0,0.26914,10913.0,0.26915,1512.0
1753504250588,04:30:50.588,ALGO/USDT:USDT,0.26901,1534.0,0.269,17.0,0.26913,1534.0,0.26914,10913.0
1753504250598,04:30:50.598,ALGO/USDT:USDT,0.26901,1534.0,0.269,17.0,0.26913,1534.0,0.26915,1512.0
1753504250599,04:30:50.599,ALGO/USDT:USDT,0.26901,1534.0,0.269,17.0,0.26913,1534.0,0.26915,1512.0
1753504250599,04:30:50.599,ALGO/USDT:USDT,0.26901,1534.0,0.269,17.0,0.26913,1534.0,0.26915,1512.0
1753504250599,04:30:50.599,ALGO/USDT:USDT,0.26901,1534.0,0.269,17.0,0.26913,1534.0,0.26915,1512.0
1753504250602,04:30:50.602,ALGO/USDT:USDT,0.26901,1534.0,0.269,17.0,0.26913,1534.0,0.26915,1512.0
1753504250602,04:30:50.602,ALGO/USDT:USDT,0.26901,1534.0,0.269,17.0,0.26913,1534.0,0.26915,1512.0
1753504250602,04:30:50.602,ALGO/USDT:USDT,0.26901,1534.0,0.269,17.0,0.26913,1534.0,0.26915,1512.0
1753504250602,04:30:50.602,ALGO/USDT:USDT,0.26901,1534.0,0.269,17.0,0.26913,1534.0,0.26915,1512.0
1753504250620,04:30:50.620,ALGO/USDT:USDT,0.26901,1534.0,0.269,17.0,0.26913,1534.0,0.26915,1512.0
1753504250624,04:30:50.624,ALGO/USDT:USDT,0.26901,1534.0,0.269,17.0,0.26913,1534.0,0.26915,1512.0
1753504250630,04:30:50.630,ALGO/USDT:USDT,0.26901,1534.0,0.269,17.0,0.26913,1534.0,0.26915,1512.0
1753504250632,04:30:50.632,ALGO/USDT:USDT,0.26901,1534.0,0.269,17.0,0.26913,1534.0,0.26915,1512.0
1753504250634,04:30:50.634,ALGO/USDT:USDT,0.26901,1534.0,0.269,17.0,0.26913,1534.0,0.26915,1512.0
1753504250636,04:30:50.636,ALGO/USDT:USDT,0.26901,1534.0,0.269,17.0,0.26913,1534.0,0.26915,1512.0
1753504250636,04:30:50.636,ALGO/USDT:USDT,0.26901,1534.0,0.269,17.0,0.26913,1534.0,0.26915,1512.0
1753504250637,04:30:50.637,ALGO/USDT:USDT,0.26901,1534.0,0.269,17.0,0.26913,1534.0,0.26915,1512.0
1753504250637,04:30:50.637,ALGO/USDT:USDT,0.26901,1534.0,0.269,17.0,0.26913,1534.0,0.26915,1512.0
1753504250639,04:30:50.639,ALGO/USDT:USDT,0.26901,1534.0,0.269,17.0,0.26913,1534.0,0.26915,1512.0
1753504250640,04:30:50.640,ALGO/USDT:USDT,0.26901,1534.0,0.269,17.0,0.26913,1534.0,0.26915,1512.0
1753504250641,04:30:50.641,ALGO/USDT:USDT,0.26901,1534.0,0.269,17.0,0.26913,1534.0,0.26915,1512.0
1753504250641,04:30:50.641,ALGO/USDT:USDT,0.26901,1534.0,0.269,17.0,0.26913,1534.0,0.26915,1512.0
1753504250643,04:30:50.643,ALGO/USDT:USDT,0.26901,1534.0,0.269,17.0,0.26913,1534.0,0.26915,1512.0
1753504250644,04:30:50.644,ALGO/USDT:USDT,0.26901,1534.0,0.269,17.0,0.26913,1534.0,0.26915,1512.0
1753504250645,04:30:50.645,ALGO/USDT:USDT,0.26901,1534.0,0.269,17.0,0.26913,1534.0,0.26915,1512.0
1753504250645,04:30:50.645,ALGO/USDT:USDT,0.26901,1534.0,0.269,17.0,0.26913,1534.0,0.26915,1512.0
1753504250647,04:30:50.647,ALGO/USDT:USDT,0.26901,1534.0,0.269,17.0,0.26913,1534.0,0.26915,1512.0
1753504250647,04:30:50.647,ALGO/USDT:USDT,0.26901,1534.0,0.269,17.0,0.26913,1534.0,0.26915,1512.0
1753504250650,04:30:50.650,ALGO/USDT:USDT,0.26901,1534.0,0.269,17.0,0.26913,1534.0,0.26915,1512.0
1753504250652,04:30:50.652,ALGO/USDT:USDT,0.26901,1534.0,0.269,17.0,0.26913,1534.0,0.26915,1512.0
1753504250654,04:30:50.654,ALGO/USDT:USDT,0.26901,1534.0,0.269,17.0,0.26913,1534.0,0.26915,1512.0
1753504250740,04:30:50.740,ALGO/USDT:USDT,0.26901,1534.0,0.269,17.0,0.26915,1512.0,0.26918,3187.0
1753504250793,04:30:50.793,ALGO/USDT:USDT,0.26901,1534.0,0.269,17.0,0.26915,1512.0,0.26918,3187.0
1753504250797,04:30:50.797,ALGO/USDT:USDT,0.26901,1534.0,0.269,17.0,0.26915,1512.0,0.26918,3187.0
1753504250889,04:30:50.889,ALGO/USDT:USDT,0.26901,1534.0,0.269,17.0,0.26915,1512.0,0.26918,3187.0
1753504250906,04:30:50.906,ALGO/USDT:USDT,0.26901,1534.0,0.269,17.0,0.26915,1512.0,0.26918,3187.0
1753504251171,04:30:51.171,ALGO/USDT:USDT,0.269,17.0,0.26897,1548.0,0.26915,1512.0,0.26918,3187.0
1753504251171,04:30:51.171,ALGO/USDT:USDT,0.269,17.0,0.26897,1548.0,0.26915,1512.0,0.26918,3187.0
1753504251172,04:30:51.172,ALGO/USDT:USDT,0.269,17.0,0.26897,1548.0,0.26915,1512.0,0.26918,3187.0
1753504251172,04:30:51.172,ALGO/USDT:USDT,0.269,17.0,0.26897,1548.0,0.26915,1512.0,0.26918,3187.0
1753504251173,04:30:51.173,ALGO/USDT:USDT,0.269,17.0,0.26897,1548.0,0.26915,1512.0,0.26918,3187.0
1753504251173,04:30:51.173,ALGO/USDT:USDT,0.269,17.0,0.26897,1548.0,0.26915,1512.0,0.26918,3187.0
1753504251174,04:30:51.174,ALGO/USDT:USDT,0.269,17.0,0.26897,1548.0,0.26914,764.0,0.26915,1512.0
1753504251174,04:30:51.174,ALGO/USDT:USDT,0.269,17.0,0.26897,1548.0,0.26914,764.0,0.26915,1512.0
1753504251175,04:30:51.175,ALGO/USDT:USDT,0.269,17.0,0.26897,1548.0,0.26911,2864.0,0.26914,764.0
1753504251176,04:30:51.176,ALGO/USDT:USDT,0.26897,1397.0,0.26895,1548.0,0.26911,2864.0,0.26914,11677.0
1753504251177,04:30:51.177,ALGO/USDT:USDT,0.26897,1397.0,0.26895,1548.0,0.26911,2864.0,0.26914,11677.0
1753504251177,04:30:51.177,ALGO/USDT:USDT,0.26897,1397.0,0.26895,1548.0,0.26911,2864.0,0.26914,11677.0
1753504251180,04:30:51.180,ALGO/USDT:USDT,0.26895,1548.0,0.26893,1453.0,0.2691,1534.0,0.26911,2864.0
1753504251181,04:30:51.181,ALGO/USDT:USDT,0.26895,1548.0,0.26893,1453.0,0.2691,1534.0,0.26911,2864.0
1753504251182,04:30:51.182,ALGO/USDT:USDT,0.26895,1548.0,0.26893,1453.0,0.26909,16272.0,0.2691,1534.0
1753504251183,04:30:51.183,ALGO/USDT:USDT,0.26895,1548.0,0.26893,1453.0,0.26909,16272.0,0.2691,1534.0
1753504251184,04:30:51.184,ALGO/USDT:USDT,0.26893,1453.0,0.26891,1524.0,0.26909,16272.0,0.2691,1534.0
1753504251184,04:30:51.184,ALGO/USDT:USDT,0.26893,1453.0,0.26891,1524.0,0.26909,16272.0,0.2691,1534.0
1753504251185,04:30:51.185,ALGO/USDT:USDT,0.26893,1453.0,0.26891,1524.0,0.26909,16272.0,0.2691,1534.0
1753504251185,04:30:51.185,ALGO/USDT:USDT,0.26893,1453.0,0.26891,1524.0,0.26909,16272.0,0.2691,1534.0
1753504251185,04:30:51.185,ALGO/USDT:USDT,0.26893,1453.0,0.26891,1524.0,0.26908,1534.0,0.26909,16272.0
1753504251188,04:30:51.188,ALGO/USDT:USDT,0.26893,1453.0,0.26891,1524.0,0.26908,1534.0,0.26909,16272.0
1753504251188,04:30:51.188,ALGO/USDT:USDT,0.26891,1524.0,0.2689,2089.0,0.26908,12447.0,0.26909,16272.0
1753504251191,04:30:51.191,ALGO/USDT:USDT,0.26891,1524.0,0.2689,2089.0,0.26908,12447.0,0.26909,16272.0
1753504251191,04:30:51.191,ALGO/USDT:USDT,0.26891,1524.0,0.26889,1524.0,0.26908,12447.0,0.26909,16272.0
1753504251192,04:30:51.192,ALGO/USDT:USDT,0.26891,1524.0,0.26889,1524.0,0.26907,1534.0,0.26908,10913.0
1753504251193,04:30:51.193,ALGO/USDT:USDT,0.26891,1524.0,0.26889,1524.0,0.26907,1534.0,0.26908,10913.0
1753504251195,04:30:51.195,ALGO/USDT:USDT,0.26891,1524.0,0.26889,1524.0,0.26907,1534.0,0.26908,10913.0
1753504251196,04:30:51.196,ALGO/USDT:USDT,0.26891,1524.0,0.26889,1524.0,0.26907,1534.0,0.26908,10913.0
1753504251197,04:30:51.197,ALGO/USDT:USDT,0.26889,1524.0,0.26888,2085.0,0.26907,1534.0,0.26908,10913.0
1753504251197,04:30:51.197,ALGO/USDT:USDT,0.26889,1524.0,0.26888,2085.0,0.26907,1534.0,0.26908,10913.0
1753504251198,04:30:51.198,ALGO/USDT:USDT,0.26889,1524.0,0.26888,2085.0,0.26907,1534.0,0.26908,10913.0
1753504251199,04:30:51.199,ALGO/USDT:USDT,0.26889,1524.0,0.26888,2085.0,0.26907,1534.0,0.26908,10913.0
1753504251200,04:30:51.200,ALGO/USDT:USDT,0.26889,1524.0,0.26888,2085.0,0.26907,1534.0,0.26909,16272.0
1753504251200,04:30:51.200,ALGO/USDT:USDT,0.26889,1524.0,0.26887,1553.0,0.26907,1534.0,0.26909,16272.0
1753504251204,04:30:51.204,ALGO/USDT:USDT,0.26889,1524.0,0.26887,1553.0,0.26907,1534.0,0.26909,16272.0
1753504251204,04:30:51.204,ALGO/USDT:USDT,0.26889,1524.0,0.26887,1553.0,0.26907,1534.0,0.26909,16272.0
1753504251204,04:30:51.204,ALGO/USDT:USDT,0.26889,1524.0,0.26887,1553.0,0.26907,1534.0,0.26909,16272.0
1753504251206,04:30:51.206,ALGO/USDT:USDT,0.26887,1553.0,0.26886,2112.0,0.26907,1534.0,0.26909,16272.0
1753504251208,04:30:51.208,ALGO/USDT:USDT,0.26887,1553.0,0.26886,27.0,0.26907,1534.0,0.26909,16272.0
1753504251208,04:30:51.208,ALGO/USDT:USDT,0.26887,1553.0,0.26886,27.0,0.26907,1534.0,0.26909,16272.0
1753504251211,04:30:51.211,ALGO/USDT:USDT,0.26887,1553.0,0.26886,27.0,0.26907,1534.0,0.26909,16272.0
1753504251214,04:30:51.214,ALGO/USDT:USDT,0.26887,1553.0,0.26886,27.0,0.26907,1534.0,0.26909,16272.0
1753504251216,04:30:51.216,ALGO/USDT:USDT,0.26887,1553.0,0.26886,27.0,0.26907,1534.0,0.26909,16272.0
1753504251221,04:30:51.221,ALGO/USDT:USDT,0.26887,1553.0,0.26886,27.0,0.26907,1534.0,0.26909,16272.0
1753504251221,04:30:51.221,ALGO/USDT:USDT,0.26887,1553.0,0.26886,27.0,0.26907,1534.0,0.26909,16272.0
1753504251225,04:30:51.225,ALGO/USDT:USDT,0.26887,1553.0,0.26886,27.0,0.26907,1534.0,0.26909,16272.0
1753504251227,04:30:51.227,ALGO/USDT:USDT,0.26887,1553.0,0.26886,27.0,0.26907,1534.0,0.26909,16272.0
1753504251229,04:30:51.229,ALGO/USDT:USDT,0.26887,1553.0,0.26886,27.0,0.26907,1534.0,0.26909,16272.0
1753504251229,04:30:51.229,ALGO/USDT:USDT,0.26887,1553.0,0.26886,27.0,0.26907,1534.0,0.26909,16272.0
1753504251231,04:30:51.231,ALGO/USDT:USDT,0.26887,1553.0,0.26886,27.0,0.26907,1534.0,0.26909,16272.0
1753504251237,04:30:51.237,ALGO/USDT:USDT,0.26887,1553.0,0.26886,27.0,0.26907,1534.0,0.26909,16272.0
1753504251238,04:30:51.238,ALGO/USDT:USDT,0.26887,1553.0,0.26886,27.0,0.26907,1534.0,0.26909,16272.0
1753504251253,04:30:51.253,ALGO/USDT:USDT,0.26887,1553.0,0.26886,27.0,0.26907,1534.0,0.26909,16272.0
1753504251257,04:30:51.257,ALGO/USDT:USDT,0.26887,1553.0,0.26886,27.0,0.26907,1534.0,0.26909,16272.0
1753504251261,04:30:51.261,ALGO/USDT:USDT,0.26887,1553.0,0.26886,27.0,0.26907,1534.0,0.26909,16272.0
1753504251262,04:30:51.262,ALGO/USDT:USDT,0.26887,1553.0,0.26886,27.0,0.26907,1534.0,0.26909,16272.0
1753504251262,04:30:51.262,ALGO/USDT:USDT,0.26887,1553.0,0.26886,27.0,0.26907,1534.0,0.26909,16272.0
1753504251265,04:30:51.265,ALGO/USDT:USDT,0.26887,1553.0,0.26886,27.0,0.26907,1534.0,0.26909,16272.0
1753504251267,04:30:51.267,ALGO/USDT:USDT,0.26887,1553.0,0.26886,27.0,0.26907,1534.0,0.26909,16272.0
1753504251269,04:30:51.269,ALGO/USDT:USDT,0.26887,1553.0,0.26886,27.0,0.26907,1534.0,0.26909,16272.0
1753504251272,04:30:51.272,ALGO/USDT:USDT,0.26887,1553.0,0.26886,27.0,0.26907,1534.0,0.26909,16272.0
1753504251277,04:30:51.277,ALGO/USDT:USDT,0.26887,1553.0,0.26886,27.0,0.26907,1534.0,0.26909,16272.0
1753504251279,04:30:51.279,ALGO/USDT:USDT,0.26887,1553.0,0.26886,27.0,0.26907,1534.0,0.26909,16272.0
1753504251282,04:30:51.282,ALGO/USDT:USDT,0.26887,1553.0,0.26886,27.0,0.26907,1534.0,0.26909,16272.0
1753504251283,04:30:51.283,ALGO/USDT:USDT,0.26887,1553.0,0.26886,27.0,0.26907,1534.0,0.26909,16272.0
1753504251286,04:30:51.286,ALGO/USDT:USDT,0.26887,1553.0,0.26886,27.0,0.26907,1534.0,0.26909,16272.0
1753504251299,04:30:51.299,ALGO/USDT:USDT,0.26887,1553.0,0.26886,27.0,0.26907,1534.0,0.26909,16272.0
1753504251303,04:30:51.303,ALGO/USDT:USDT,0.26887,1553.0,0.26886,27.0,0.26907,1534.0,0.26909,16272.0
1753504251316,04:30:51.316,ALGO/USDT:USDT,0.26887,1553.0,0.26886,27.0,0.26907,1534.0,0.26909,16272.0
1753504251318,04:30:51.318,ALGO/USDT:USDT,0.26887,1553.0,0.26886,27.0,0.26907,1534.0,0.26909,16272.0
1753504251321,04:30:51.321,ALGO/USDT:USDT,0.26887,1553.0,0.26886,27.0,0.26907,1534.0,0.26909,16272.0
1753504251322,04:30:51.322,ALGO/USDT:USDT,0.26887,1553.0,0.26886,27.0,0.26907,1534.0,0.26909,16272.0
1753504251352,04:30:51.352,ALGO/USDT:USDT,0.26887,1553.0,0.26886,27.0,0.26907,1534.0,0.26909,16272.0
1753504251354,04:30:51.354,ALGO/USDT:USDT,0.26887,1553.0,0.26886,27.0,0.26907,1534.0,0.26909,16272.0
1753504251356,04:30:51.356,ALGO/USDT:USDT,0.26887,1553.0,0.26886,27.0,0.26907,1534.0,0.26909,16272.0
1753504251356,04:30:51.356,ALGO/USDT:USDT,0.26887,1553.0,0.26886,27.0,0.26907,1534.0,0.26909,16272.0
1753504251357,04:30:51.357,ALGO/USDT:USDT,0.26887,1553.0,0.26886,27.0,0.26907,1534.0,0.26909,16272.0
1753504251389,04:30:51.389,ALGO/USDT:USDT,0.26887,1553.0,0.26886,27.0,0.26907,1534.0,0.26909,16272.0
1753504251394,04:30:51.394,ALGO/USDT:USDT,0.26887,1553.0,0.26886,27.0,0.26907,1534.0,0.26909,16272.0
1753504251405,04:30:51.405,ALGO/USDT:USDT,0.26887,1553.0,0.26886,27.0,0.26907,1534.0,0.26909,16272.0
1753504251406,04:30:51.406,ALGO/USDT:USDT,0.26887,1553.0,0.26886,27.0,0.26907,1534.0,0.26909,16272.0
1753504251414,04:30:51.414,ALGO/USDT:USDT,0.26887,1553.0,0.26886,27.0,0.26907,1534.0,0.26909,16272.0
1753504251414,04:30:51.414,ALGO/USDT:USDT,0.26887,1553.0,0.26886,27.0,0.26907,1534.0,0.26909,16272.0
1753504251434,04:30:51.434,ALGO/USDT:USDT,0.26887,1553.0,0.26886,27.0,0.26907,1534.0,0.26909,16272.0
1753504251505,04:30:51.505,ALGO/USDT:USDT,0.26887,1553.0,0.26885,1094.0,0.26907,1534.0,0.26909,16272.0
1753504251505,04:30:51.505,ALGO/USDT:USDT,0.26887,1553.0,0.26885,1094.0,0.26907,1534.0,0.26909,16272.0
1753504251509,04:30:51.509,ALGO/USDT:USDT,0.26887,1553.0,0.26885,1094.0,0.26907,1534.0,0.26909,16272.0
1753504251510,04:30:51.510,ALGO/USDT:USDT,0.26887,1553.0,0.26885,1094.0,0.26907,1534.0,0.26909,16272.0
1753504251538,04:30:51.538,ALGO/USDT:USDT,0.26887,1553.0,0.26885,1094.0,0.26907,1534.0,0.26909,16272.0
1753504251541,04:30:51.541,ALGO/USDT:USDT,0.26887,1553.0,0.26885,1094.0,0.26907,1534.0,0.26909,16272.0
1753504251541,04:30:51.541,ALGO/USDT:USDT,0.26887,1553.0,0.26885,1094.0,0.26907,1534.0,0.26909,16272.0
1753504251544,04:30:51.544,ALGO/USDT:USDT,0.26887,1553.0,0.26885,1094.0,0.26907,1534.0,0.26909,16272.0
1753504251546,04:30:51.546,ALGO/USDT:USDT,0.26887,1553.0,0.26885,1094.0,0.26907,1534.0,0.26909,16272.0
1753504251547,04:30:51.547,ALGO/USDT:USDT,0.26887,1553.0,0.26885,1094.0,0.26907,1534.0,0.26909,16272.0
1753504251549,04:30:51.549,ALGO/USDT:USDT,0.26887,1553.0,0.26885,1094.0,0.26907,1534.0,0.26909,16272.0
1753504251550,04:30:51.550,ALGO/USDT:USDT,0.26887,1553.0,0.26885,1094.0,0.26907,1534.0,0.26909,16272.0
1753504251552,04:30:51.552,ALGO/USDT:USDT,0.26887,1553.0,0.26885,1094.0,0.26907,1534.0,0.26909,16272.0
1753504251554,04:30:51.554,ALGO/USDT:USDT,0.26887,1553.0,0.26885,1094.0,0.26907,1534.0,0.26909,16272.0
1753504251574,04:30:51.574,ALGO/USDT:USDT,0.26887,1553.0,0.26885,1094.0,0.26907,1534.0,0.26909,16272.0
1753504251576,04:30:51.576,ALGO/USDT:USDT,0.26887,1553.0,0.26885,1094.0,0.26907,1534.0,0.26909,16272.0
1753504251615,04:30:51.615,ALGO/USDT:USDT,0.26887,1553.0,0.26885,1094.0,0.26907,1534.0,0.26909,16272.0
1753504251617,04:30:51.617,ALGO/USDT:USDT,0.26887,1553.0,0.26885,1094.0,0.26907,1534.0,0.26909,16272.0
1753504251619,04:30:51.619,ALGO/USDT:USDT,0.26887,1553.0,0.26885,1094.0,0.26907,1534.0,0.26909,16272.0
1753504251690,04:30:51.690,ALGO/USDT:USDT,0.26887,1553.0,0.26885,1094.0,0.26907,1534.0,0.26909,16272.0
1753504251996,04:30:51.996,ALGO/USDT:USDT,0.26887,1553.0,0.26885,1094.0,0.26907,12447.0,0.26909,16272.0
1753504251999,04:30:51.999,ALGO/USDT:USDT,0.26887,1553.0,0.26885,1094.0,0.26906,1534.0,0.26907,12447.0
1753504252014,04:30:52.014,ALGO/USDT:USDT,0.26887,1553.0,0.26885,1094.0,0.26906,1534.0,0.26907,12447.0
1753504252022,04:30:52.022,ALGO/USDT:USDT,0.26887,1553.0,0.26885,1094.0,0.26906,1534.0,0.26907,12447.0
1753504252025,04:30:52.025,ALGO/USDT:USDT,0.26887,1553.0,0.26885,1094.0,0.26906,1534.0,0.26907,1534.0
1753504252035,04:30:52.035,ALGO/USDT:USDT,0.26887,1553.0,0.26885,1094.0,0.26906,1534.0,0.26907,1534.0
1753504252066,04:30:52.066,ALGO/USDT:USDT,0.26887,1553.0,0.26885,1094.0,0.26906,1534.0,0.26907,1534.0
1753504252079,04:30:52.079,ALGO/USDT:USDT,0.26887,1553.0,0.26885,1094.0,0.26906,1534.0,0.26907,1534.0
1753504252079,04:30:52.079,ALGO/USDT:USDT,0.26887,1553.0,0.26885,1094.0,0.26906,1534.0,0.26907,1534.0
1753504252079,04:30:52.079,ALGO/USDT:USDT,0.26887,1553.0,0.26885,1094.0,0.26906,1534.0,0.26907,1534.0
1753504252079,04:30:52.079,ALGO/USDT:USDT,0.26887,1553.0,0.26885,1094.0,0.26906,1534.0,0.26907,1534.0
1753504252079,04:30:52.079,ALGO/USDT:USDT,0.26887,1553.0,0.26885,1094.0,0.26906,1534.0,0.26907,1534.0
1753504252110,04:30:52.110,ALGO/USDT:USDT,0.26887,1553.0,0.26885,1094.0,0.26906,1534.0,0.26907,1534.0
1753504252111,04:30:52.111,ALGO/USDT:USDT,0.26887,1553.0,0.26885,1094.0,0.26906,1534.0,0.26907,1534.0
1753504252113,04:30:52.113,ALGO/USDT:USDT,0.26887,1553.0,0.26885,1094.0,0.26906,1534.0,0.26907,1534.0
1753504252113,04:30:52.113,ALGO/USDT:USDT,0.26887,1553.0,0.26885,1094.0,0.26906,1534.0,0.26907,1534.0
1753504252115,04:30:52.115,ALGO/USDT:USDT,0.26887,1553.0,0.26885,1094.0,0.26906,1534.0,0.26907,1534.0
1753504252116,04:30:52.116,ALGO/USDT:USDT,0.26887,1553.0,0.26885,1094.0,0.26906,1534.0,0.26907,1534.0
1753504252118,04:30:52.118,ALGO/USDT:USDT,0.26887,1553.0,0.26885,1094.0,0.26906,1534.0,0.26907,1534.0
1753504252118,04:30:52.118,ALGO/USDT:USDT,0.26887,1553.0,0.26885,1094.0,0.26906,1534.0,0.26907,1534.0
1753504252120,04:30:52.120,ALGO/USDT:USDT,0.26887,1553.0,0.26885,1094.0,0.26906,1534.0,0.26907,1534.0
1753504252121,04:30:52.121,ALGO/USDT:USDT,0.26887,1553.0,0.26885,1094.0,0.26906,1534.0,0.26907,1534.0
1753504252123,04:30:52.123,ALGO/USDT:USDT,0.26887,1553.0,0.26885,1094.0,0.26906,1534.0,0.26907,1534.0
1753504252124,04:30:52.124,ALGO/USDT:USDT,0.26887,1553.0,0.26885,1094.0,0.26906,1534.0,0.26907,1534.0
1753504252125,04:30:52.125,ALGO/USDT:USDT,0.26887,1553.0,0.26885,1094.0,0.26906,1534.0,0.26907,1534.0
1753504252153,04:30:52.153,ALGO/USDT:USDT,0.26887,1553.0,0.26885,1094.0,0.26906,1534.0,0.26909,16272.0
1753504252164,04:30:52.164,ALGO/USDT:USDT,0.26887,1553.0,0.26885,1094.0,0.26905,388.0,0.26906,1534.0
1753504252168,04:30:52.168,ALGO/USDT:USDT,0.26887,1553.0,0.26885,1094.0,0.26904,1534.0,0.26905,388.0
1753504252170,04:30:52.170,ALGO/USDT:USDT,0.26887,1553.0,0.26885,1094.0,0.26904,1534.0,0.26905,388.0
1753504252183,04:30:52.183,ALGO/USDT:USDT,0.26887,1553.0,0.26885,1094.0,0.26904,1534.0,0.26906,1534.0
1753504252188,04:30:52.188,ALGO/USDT:USDT,0.26887,1553.0,0.26885,1094.0,0.26904,1534.0,0.26906,1534.0
1753504252202,04:30:52.202,ALGO/USDT:USDT,0.26887,1553.0,0.26885,1094.0,0.26904,1534.0,0.26906,1534.0
1753504252216,04:30:52.216,ALGO/USDT:USDT,0.26887,1553.0,0.26885,1094.0,0.26904,1534.0,0.26906,1534.0
1753504252216,04:30:52.216,ALGO/USDT:USDT,0.26887,1553.0,0.26885,1094.0,0.26904,1534.0,0.26906,1534.0
1753504252216,04:30:52.216,ALGO/USDT:USDT,0.26887,1553.0,0.26885,1094.0,0.26904,1534.0,0.26906,1534.0
1753504252216,04:30:52.216,ALGO/USDT:USDT,0.26887,1553.0,0.26885,1094.0,0.26904,1534.0,0.26906,1534.0
1753504252216,04:30:52.216,ALGO/USDT:USDT,0.26887,1553.0,0.26885,1094.0,0.26904,1534.0,0.26906,1534.0
1753504252222,04:30:52.222,ALGO/USDT:USDT,0.26887,1553.0,0.26885,1094.0,0.26904,1534.0,0.26906,1534.0
1753504252249,04:30:52.249,ALGO/USDT:USDT,0.26887,1553.0,0.26885,1094.0,0.26904,1534.0,0.26906,1534.0
1753504252251,04:30:52.251,ALGO/USDT:USDT,0.26887,1553.0,0.26885,1094.0,0.26904,1534.0,0.26906,1534.0
1753504252252,04:30:52.252,ALGO/USDT:USDT,0.26887,1553.0,0.26885,1094.0,0.26904,1534.0,0.26906,1534.0
1753504252253,04:30:52.253,ALGO/USDT:USDT,0.26887,1553.0,0.26885,1094.0,0.26904,1534.0,0.26906,1534.0
1753504252256,04:30:52.256,ALGO/USDT:USDT,0.26887,1553.0,0.26885,1094.0,0.26904,1534.0,0.26906,1534.0
1753504252257,04:30:52.257,ALGO/USDT:USDT,0.26887,1553.0,0.26885,1094.0,0.26904,1534.0,0.26906,1534.0
1753504252259,04:30:52.259,ALGO/USDT:USDT,0.26887,1553.0,0.26885,1094.0,0.26904,1534.0,0.26906,1534.0
1753504252260,04:30:52.260,ALGO/USDT:USDT,0.26887,1553.0,0.26885,1094.0,0.26904,1534.0,0.26906,1534.0
1753504252260,04:30:52.260,ALGO/USDT:USDT,0.26887,1553.0,0.26885,1094.0,0.26904,1534.0,0.26906,1534.0
1753504252262,04:30:52.262,ALGO/USDT:USDT,0.26887,1553.0,0.26885,1094.0,0.26904,1534.0,0.26906,1534.0
1753504252262,04:30:52.262,ALGO/USDT:USDT,0.26887,1553.0,0.26885,1094.0,0.26904,1534.0,0.26906,1534.0
1753504252264,04:30:52.264,ALGO/USDT:USDT,0.26887,1553.0,0.26885,1094.0,0.26904,1534.0,0.26906,1534.0
1753504252265,04:30:52.265,ALGO/USDT:USDT,0.26887,1553.0,0.26885,1094.0,0.26904,1534.0,0.26906,1534.0
1753504252274,04:30:52.274,ALGO/USDT:USDT,0.26887,1553.0,0.26885,1094.0,0.26904,1534.0,0.26906,1534.0
1753504252323,04:30:52.323,ALGO/USDT:USDT,0.26887,1553.0,0.26885,1094.0,0.26906,1534.0,0.26909,19460.0
1753504252522,04:30:52.522,ALGO/USDT:USDT,0.26887,1553.0,0.26885,1094.0,0.26906,1534.0,0.26909,19460.0
1753504252524,04:30:52.524,ALGO/USDT:USDT,0.26887,1553.0,0.26885,1094.0,0.26906,1534.0,0.26909,19460.0
1753504252526,04:30:52.526,ALGO/USDT:USDT,0.26887,1553.0,0.26885,1094.0,0.26906,1534.0,0.26909,19460.0
1753504252563,04:30:52.563,ALGO/USDT:USDT,0.26887,1553.0,0.26885,1094.0,0.26906,1534.0,0.26909,19460.0
1753504252567,04:30:52.567,ALGO/USDT:USDT,0.26887,1553.0,0.26885,1094.0,0.26906,1534.0,0.26909,19460.0
1753504252599,04:30:52.599,ALGO/USDT:USDT,0.26887,1553.0,0.26885,1094.0,0.26906,1534.0,0.26909,19460.0
1753504252714,04:30:52.714,ALGO/USDT:USDT,0.26887,1553.0,0.26885,1094.0,0.26906,1534.0,0.26909,19460.0
1753504252717,04:30:52.717,ALGO/USDT:USDT,0.26887,1553.0,0.26885,1094.0,0.26906,1534.0,0.26909,19460.0
1753504252772,04:30:52.772,ALGO/USDT:USDT,0.26887,1553.0,0.26885,1094.0,0.26906,1534.0,0.26909,19460.0
1753504252773,04:30:52.773,ALGO/USDT:USDT,0.26887,1553.0,0.26885,1094.0,0.26906,1534.0,0.26909,19460.0
1753504252773,04:30:52.773,ALGO/USDT:USDT,0.26887,1553.0,0.26885,1094.0,0.26906,1534.0,0.26909,19460.0
1753504252777,04:30:52.777,ALGO/USDT:USDT,0.26887,1553.0,0.26885,1094.0,0.26906,1534.0,0.26909,19460.0
1753504252900,04:30:52.900,ALGO/USDT:USDT,0.26887,1553.0,0.26885,1094.0,0.26906,1534.0,0.26909,19460.0
1753504252901,04:30:52.901,ALGO/USDT:USDT,0.26887,1553.0,0.26885,1094.0,0.26906,1534.0,0.26909,19460.0
1753504252903,04:30:52.903,ALGO/USDT:USDT,0.26887,1553.0,0.26885,1094.0,0.26906,1534.0,0.26909,19460.0
1753504252904,04:30:52.904,ALGO/USDT:USDT,0.26887,1553.0,0.26885,1094.0,0.26906,1534.0,0.26909,19460.0
1753504253036,04:30:53.036,ALGO/USDT:USDT,0.26887,1553.0,0.26885,1094.0,0.26906,1534.0,0.26909,19460.0
1753504253041,04:30:53.041,ALGO/USDT:USDT,0.26887,1553.0,0.26885,1094.0,0.26906,1534.0,0.26909,19460.0
1753504253053,04:30:53.053,ALGO/USDT:USDT,0.26887,1553.0,0.26885,1094.0,0.26906,1534.0,0.26909,19460.0
1753504253056,04:30:53.056,ALGO/USDT:USDT,0.26887,1553.0,0.26885,1094.0,0.26906,1534.0,0.26909,19460.0
1753504253073,04:30:53.073,ALGO/USDT:USDT,0.26887,1553.0,0.26885,1094.0,0.26906,1534.0,0.26909,19460.0
1753504253076,04:30:53.076,ALGO/USDT:USDT,0.26887,1553.0,0.26885,1094.0,0.26906,1534.0,0.26909,19460.0
1753504253272,04:30:53.272,ALGO/USDT:USDT,0.26887,1553.0,0.26885,1094.0,0.26906,1534.0,0.26909,19460.0
1753504253334,04:30:53.334,ALGO/USDT:USDT,0.26887,1553.0,0.26885,1094.0,0.26906,1534.0,0.26909,19460.0
1753504253338,04:30:53.338,ALGO/USDT:USDT,0.26887,1553.0,0.26885,1094.0,0.26906,1534.0,0.26909,19460.0
1753504253352,04:30:53.352,ALGO/USDT:USDT,0.26887,1553.0,0.26885,1094.0,0.26906,1534.0,0.26909,19460.0
1753504253356,04:30:53.356,ALGO/USDT:USDT,0.26887,1553.0,0.26885,1094.0,0.26906,1534.0,0.26909,19460.0
1753504253463,04:30:53.463,ALGO/USDT:USDT,0.26887,1553.0,0.26885,1094.0,0.26906,1534.0,0.26909,19460.0
1753504253468,04:30:53.468,ALGO/USDT:USDT,0.26887,1553.0,0.26885,1094.0,0.26906,1534.0,0.26909,19460.0
1753504253566,04:30:53.566,ALGO/USDT:USDT,0.26887,1553.0,0.26885,1094.0,0.26906,1534.0,0.26909,19460.0
1753504253568,04:30:53.568,ALGO/USDT:USDT,0.26887,1553.0,0.26885,1094.0,0.26906,1534.0,0.26909,19460.0
1753504253623,04:30:53.623,ALGO/USDT:USDT,0.26887,1553.0,0.26885,1094.0,0.26906,1534.0,0.26909,19460.0
1753504253674,04:30:53.674,ALGO/USDT:USDT,0.26887,1553.0,0.26885,1094.0,0.26905,388.0,0.26906,1534.0
1753504253678,04:30:53.678,ALGO/USDT:USDT,0.26887,1553.0,0.26885,1094.0,0.26904,1534.0,0.26905,388.0
1753504253680,04:30:53.680,ALGO/USDT:USDT,0.26887,1553.0,0.26885,1094.0,0.26904,1534.0,0.26905,388.0
1753504253683,04:30:53.683,ALGO/USDT:USDT,0.26887,1553.0,0.26885,1094.0,0.26904,1534.0,0.26905,388.0
1753504253765,04:30:53.765,ALGO/USDT:USDT,0.26887,1553.0,0.26885,1094.0,0.26904,1534.0,0.26905,388.0
1753504253767,04:30:53.767,ALGO/USDT:USDT,0.26887,1553.0,0.26885,1094.0,0.26904,1534.0,0.26905,388.0
1753504253767,04:30:53.767,ALGO/USDT:USDT,0.26887,1553.0,0.26885,1094.0,0.26904,1534.0,0.26906,1534.0
1753504253769,04:30:53.769,ALGO/USDT:USDT,0.26887,1553.0,0.26885,1094.0,0.26904,1534.0,0.26906,1534.0
1753504253771,04:30:53.771,ALGO/USDT:USDT,0.26887,1553.0,0.26885,1094.0,0.26904,1534.0,0.26906,1534.0
1753504253833,04:30:53.833,ALGO/USDT:USDT,0.26887,1553.0,0.26885,1094.0,0.26906,1534.0,0.26909,19460.0
1753504254030,04:30:54.030,ALGO/USDT:USDT,0.26887,1553.0,0.26885,1094.0,0.26906,1534.0,0.26909,19460.0
1753504254032,04:30:54.032,ALGO/USDT:USDT,0.26887,1553.0,0.26885,1094.0,0.26906,1534.0,0.26909,19460.0
1753504254034,04:30:54.034,ALGO/USDT:USDT,0.26887,1553.0,0.26885,1094.0,0.26906,1534.0,0.26909,19460.0
1753504254072,04:30:54.072,ALGO/USDT:USDT,0.26887,1553.0,0.26885,1094.0,0.26906,1534.0,0.26909,19460.0
1753504254076,04:30:54.076,ALGO/USDT:USDT,0.26887,1553.0,0.26885,1094.0,0.26906,1534.0,0.26909,19460.0
1753504254078,04:30:54.078,ALGO/USDT:USDT,0.26887,1553.0,0.26885,1094.0,0.26906,1534.0,0.26909,19460.0
1753504255312,04:30:55.312,ALGO/USDT:USDT,0.26887,1553.0,0.26885,1094.0,0.26905,443.0,0.26906,1534.0
1753504255316,04:30:55.316,ALGO/USDT:USDT,0.26887,1553.0,0.26885,1094.0,0.26906,1534.0,0.26909,19460.0
1753504255317,04:30:55.317,ALGO/USDT:USDT,0.26887,1553.0,0.26885,1094.0,0.26904,1566.0,0.26906,1534.0
1753504255356,04:30:55.356,ALGO/USDT:USDT,0.26887,1553.0,0.26885,1094.0,0.26904,1566.0,0.26906,1534.0
1753504255385,04:30:55.385,ALGO/USDT:USDT,0.26887,1553.0,0.26885,1094.0,0.26904,1566.0,0.26906,1534.0
1753504255419,04:30:55.419,ALGO/USDT:USDT,0.26887,1553.0,0.26885,1094.0,0.26904,1566.0,0.26906,1534.0
1753504255424,04:30:55.424,ALGO/USDT:USDT,0.26887,1553.0,0.26885,1094.0,0.26904,1566.0,0.26906,1534.0
1753504255471,04:30:55.471,ALGO/USDT:USDT,0.26887,1553.0,0.26885,1094.0,0.26906,1534.0,0.26909,19460.0
1753504256455,04:30:56.455,ALGO/USDT:USDT,0.26887,1553.0,0.26885,1094.0,0.26905,388.0,0.26906,1534.0
1753504256458,04:30:56.458,ALGO/USDT:USDT,0.26887,1553.0,0.26885,1094.0,0.26904,1566.0,0.26905,388.0
1753504256459,04:30:56.459,ALGO/USDT:USDT,0.26887,1553.0,0.26885,1094.0,0.26904,1566.0,0.26905,388.0
1753504256464,04:30:56.464,ALGO/USDT:USDT,0.26887,1553.0,0.26885,1094.0,0.26904,1566.0,0.26906,1534.0
1753504256466,04:30:56.466,ALGO/USDT:USDT,0.26887,1553.0,0.26885,1094.0,0.26904,1566.0,0.26906,1534.0
1753504256470,04:30:56.470,ALGO/USDT:USDT,0.26887,1553.0,0.26885,1094.0,0.26904,1566.0,0.26906,1534.0
1753504256611,04:30:56.611,ALGO/USDT:USDT,0.26887,1553.0,0.26885,1094.0,0.26906,1534.0,0.26909,19460.0
1753504256622,04:30:56.622,ALGO/USDT:USDT,0.26887,1553.0,0.26885,1094.0,0.26905,388.0,0.26906,1534.0
1753504256626,04:30:56.626,ALGO/USDT:USDT,0.26887,1553.0,0.26885,1094.0,0.26904,1566.0,0.26905,388.0
1753504256628,04:30:56.628,ALGO/USDT:USDT,0.26887,1553.0,0.26885,1094.0,0.26904,1566.0,0.26905,388.0
1753504256628,04:30:56.628,ALGO/USDT:USDT,0.26887,1553.0,0.26885,1094.0,0.26904,1566.0,0.26905,388.0
1753504256631,04:30:56.631,ALGO/USDT:USDT,0.26887,1553.0,0.26885,1094.0,0.26904,1566.0,0.26905,388.0
1753504256689,04:30:56.689,ALGO/USDT:USDT,0.26887,1553.0,0.26885,1094.0,0.26904,1566.0,0.26905,388.0
1753504256700,04:30:56.700,ALGO/USDT:USDT,0.26887,1553.0,0.26885,1094.0,0.26904,1566.0,0.26905,388.0
1753504256705,04:30:56.705,ALGO/USDT:USDT,0.26887,1553.0,0.26885,1094.0,0.26904,1566.0,0.26906,1534.0
1753504256706,04:30:56.706,ALGO/USDT:USDT,0.26887,1553.0,0.26885,1094.0,0.26904,1566.0,0.26906,1534.0
1753504256778,04:30:56.778,ALGO/USDT:USDT,0.26887,1553.0,0.26885,1094.0,0.26906,1534.0,0.26909,19460.0
1753504256791,04:30:56.791,ALGO/USDT:USDT,0.26887,1553.0,0.26885,1094.0,0.26906,1534.0,0.26909,19460.0
1753504257006,04:30:57.006,ALGO/USDT:USDT,0.26887,1553.0,0.26885,1094.0,0.26906,1534.0,0.26909,19460.0
1753504257012,04:30:57.012,ALGO/USDT:USDT,0.26887,1553.0,0.26885,1094.0,0.26906,1534.0,0.26909,19460.0
1753504257018,04:30:57.018,ALGO/USDT:USDT,0.26887,1553.0,0.26885,1094.0,0.26906,1534.0,0.26909,19460.0
1753504257102,04:30:57.102,ALGO/USDT:USDT,0.26887,1553.0,0.26885,1094.0,0.26906,1534.0,0.26909,19460.0
1753504257104,04:30:57.104,ALGO/USDT:USDT,0.26887,1553.0,0.26885,1094.0,0.26906,1534.0,0.26909,19460.0
1753504257109,04:30:57.109,ALGO/USDT:USDT,0.26887,1553.0,0.26885,1094.0,0.26906,1534.0,0.26909,19460.0
1753504257113,04:30:57.113,ALGO/USDT:USDT,0.26887,1553.0,0.26885,1094.0,0.26906,1534.0,0.26909,19460.0
1753504257133,04:30:57.133,ALGO/USDT:USDT,0.26887,1553.0,0.26885,1094.0,0.26906,1534.0,0.26909,19460.0
1753504257134,04:30:57.134,ALGO/USDT:USDT,0.26887,1553.0,0.26885,1094.0,0.26906,1534.0,0.26909,19460.0
1753504257482,04:30:57.482,ALGO/USDT:USDT,0.26887,1553.0,0.26885,1094.0,0.26905,588.0,0.26906,1534.0
1753504257485,04:30:57.485,ALGO/USDT:USDT,0.26887,1553.0,0.26885,1094.0,0.26904,1566.0,0.26905,588.0
1753504257713,04:30:57.713,ALGO/USDT:USDT,0.26887,1553.0,0.26885,1094.0,0.26904,1566.0,0.26905,588.0
1753504257946,04:30:57.946,ALGO/USDT:USDT,0.26887,1553.0,0.26885,1094.0,0.26904,1566.0,0.26906,1534.0
1753504257953,04:30:57.953,ALGO/USDT:USDT,0.26887,1553.0,0.26885,1094.0,0.26906,1534.0,0.26909,19460.0
1753504257966,04:30:57.966,ALGO/USDT:USDT,0.26887,1553.0,0.26885,1094.0,0.26906,1534.0,0.26909,19460.0
1753504258739,04:30:58.739,ALGO/USDT:USDT,0.26887,1553.0,0.26885,1094.0,0.26906,1534.0,0.26909,19460.0
1753504258739,04:30:58.739,ALGO/USDT:USDT,0.26887,1553.0,0.26885,1094.0,0.26906,1534.0,0.26909,19460.0
1753504258739,04:30:58.739,ALGO/USDT:USDT,0.26887,1553.0,0.26885,1094.0,0.26906,1534.0,0.26909,19460.0
1753504258739,04:30:58.739,ALGO/USDT:USDT,0.26887,1553.0,0.26885,1094.0,0.26906,1534.0,0.26909,19460.0
1753504258739,04:30:58.739,ALGO/USDT:USDT,0.26887,1553.0,0.26885,1094.0,0.26906,1534.0,0.26909,19460.0
1753504258739,04:30:58.739,ALGO/USDT:USDT,0.26887,1553.0,0.26885,1094.0,0.26906,1534.0,0.26909,19460.0
1753504258745,04:30:58.745,ALGO/USDT:USDT,0.26887,1553.0,0.26885,1094.0,0.26906,1534.0,0.26909,19460.0
1753504258746,04:30:58.746,ALGO/USDT:USDT,0.26887,1553.0,0.26885,1094.0,0.26906,1534.0,0.26909,19460.0
1753504258747,04:30:58.747,ALGO/USDT:USDT,0.26887,1553.0,0.26885,1094.0,0.26906,1534.0,0.26909,19460.0
1753504258747,04:30:58.747,ALGO/USDT:USDT,0.26887,1553.0,0.26885,1094.0,0.26906,1534.0,0.26909,19460.0
1753504258747,04:30:58.747,ALGO/USDT:USDT,0.26887,1553.0,0.26885,1094.0,0.26906,1534.0,0.26909,19460.0
1753504258748,04:30:58.748,ALGO/USDT:USDT,0.26887,1553.0,0.26885,1094.0,0.26906,1534.0,0.26909,19460.0
1753504258749,04:30:58.749,ALGO/USDT:USDT,0.26887,1553.0,0.26885,1094.0,0.26906,1534.0,0.26909,19460.0
1753504258749,04:30:58.749,ALGO/USDT:USDT,0.26887,1553.0,0.26885,1094.0,0.26906,1534.0,0.26909,19460.0
1753504258750,04:30:58.750,ALGO/USDT:USDT,0.26887,1553.0,0.26885,1094.0,0.26906,1534.0,0.26909,19460.0
1753504258750,04:30:58.750,ALGO/USDT:USDT,0.26887,1553.0,0.26885,1094.0,0.26906,1534.0,0.26909,19460.0
1753504258752,04:30:58.752,ALGO/USDT:USDT,0.26887,1553.0,0.26885,1094.0,0.26906,1534.0,0.26909,19460.0
1753504258753,04:30:58.753,ALGO/USDT:USDT,0.26887,1553.0,0.26885,1094.0,0.26906,1734.0,0.26909,19460.0
1753504258753,04:30:58.753,ALGO/USDT:USDT,0.26887,1553.0,0.26885,1094.0,0.26906,1734.0,0.26909,19460.0
1753504258754,04:30:58.754,ALGO/USDT:USDT,0.26887,1553.0,0.26885,1094.0,0.26906,1734.0,0.26909,19460.0
1753504258754,04:30:58.754,ALGO/USDT:USDT,0.26887,1553.0,0.26885,1094.0,0.26906,1734.0,0.26909,19460.0
1753504258756,04:30:58.756,ALGO/USDT:USDT,0.26887,1553.0,0.26885,1094.0,0.26905,1566.0,0.26906,1734.0
1753504258756,04:30:58.756,ALGO/USDT:USDT,0.26887,1553.0,0.26885,1094.0,0.26905,1566.0,0.26906,1734.0
1753504258758,04:30:58.758,ALGO/USDT:USDT,0.26887,1553.0,0.26885,1094.0,0.26905,1566.0,0.26906,200.0
1753504258763,04:30:58.763,ALGO/USDT:USDT,0.26887,1553.0,0.26885,1094.0,0.26905,1566.0,0.26909,19460.0
1753504258767,04:30:58.767,ALGO/USDT:USDT,0.26887,1553.0,0.26885,1094.0,0.26905,1566.0,0.26909,19460.0
1753504258771,04:30:58.771,ALGO/USDT:USDT,0.26887,1553.0,0.26885,1094.0,0.26905,1566.0,0.26909,19460.0
1753504258771,04:30:58.771,ALGO/USDT:USDT,0.26887,1553.0,0.26885,1094.0,0.26905,1566.0,0.26909,19460.0
1753504258773,04:30:58.773,ALGO/USDT:USDT,0.26887,1553.0,0.26885,1094.0,0.26905,1566.0,0.26909,19460.0
1753504258773,04:30:58.773,ALGO/USDT:USDT,0.26887,1553.0,0.26885,1094.0,0.26905,1566.0,0.26909,19460.0
1753504258774,04:30:58.774,ALGO/USDT:USDT,0.26887,1553.0,0.26885,1094.0,0.26905,1566.0,0.26909,19460.0
1753504258776,04:30:58.776,ALGO/USDT:USDT,0.26887,1553.0,0.26885,1094.0,0.26905,1566.0,0.26909,19460.0
1753504258776,04:30:58.776,ALGO/USDT:USDT,0.26887,1553.0,0.26885,1094.0,0.26905,1566.0,0.26909,19460.0
1753504258778,04:30:58.778,ALGO/USDT:USDT,0.26887,1553.0,0.26885,1094.0,0.26905,1566.0,0.26909,19460.0
1753504258778,04:30:58.778,ALGO/USDT:USDT,0.26887,1553.0,0.26885,1094.0,0.26905,1566.0,0.26909,19460.0
1753504258778,04:30:58.778,ALGO/USDT:USDT,0.26887,1553.0,0.26885,1094.0,0.26905,1566.0,0.26909,19460.0
1753504258780,04:30:58.780,ALGO/USDT:USDT,0.26887,1553.0,0.26885,1094.0,0.26905,1566.0,0.26909,19460.0
1753504258780,04:30:58.780,ALGO/USDT:USDT,0.26887,1553.0,0.26885,1094.0,0.26905,1566.0,0.26909,19460.0
1753504258782,04:30:58.782,ALGO/USDT:USDT,0.26887,1553.0,0.26885,1094.0,0.26905,1566.0,0.26909,19460.0
1753504258783,04:30:58.783,ALGO/USDT:USDT,0.26887,1553.0,0.26885,1094.0,0.26905,1566.0,0.26909,19460.0
1753504258785,04:30:58.785,ALGO/USDT:USDT,0.26887,1553.0,0.26885,1094.0,0.26905,1566.0,0.26909,19460.0
1753504258786,04:30:58.786,ALGO/USDT:USDT,0.26887,1553.0,0.26885,1094.0,0.26905,1566.0,0.26909,19460.0
1753504258786,04:30:58.786,ALGO/USDT:USDT,0.26887,1553.0,0.26885,1094.0,0.26905,1566.0,0.26909,19460.0
1753504258788,04:30:58.788,ALGO/USDT:USDT,0.26887,1553.0,0.26885,1094.0,0.26905,1566.0,0.26909,19460.0
1753504258792,04:30:58.792,ALGO/USDT:USDT,0.26887,1553.0,0.26885,1094.0,0.26905,1566.0,0.26909,19460.0
1753504258801,04:30:58.801,ALGO/USDT:USDT,0.26887,1553.0,0.26885,1094.0,0.26905,1566.0,0.26909,19460.0
1753504258812,04:30:58.812,ALGO/USDT:USDT,0.26887,1553.0,0.26885,1094.0,0.26905,1566.0,0.26909,19460.0
1753504258815,04:30:58.815,ALGO/USDT:USDT,0.26887,1553.0,0.26885,1094.0,0.26905,1566.0,0.26909,19460.0
1753504258818,04:30:58.818,ALGO/USDT:USDT,0.26887,1553.0,0.26885,1094.0,0.26905,1566.0,0.26909,19460.0
1753504258832,04:30:58.832,ALGO/USDT:USDT,0.26887,1553.0,0.26885,1094.0,0.26905,1566.0,0.26909,19460.0
1753504258886,04:30:58.886,ALGO/USDT:USDT,0.26887,1553.0,0.26885,1094.0,0.26905,1566.0,0.26909,19460.0
1753504258886,04:30:58.886,ALGO/USDT:USDT,0.26887,1553.0,0.26885,1094.0,0.26905,1566.0,0.26909,19460.0
1753504258890,04:30:58.890,ALGO/USDT:USDT,0.26887,1553.0,0.26885,1094.0,0.26905,1566.0,0.26909,19460.0
1753504259106,04:30:59.106,ALGO/USDT:USDT,0.26887,1553.0,0.26885,1094.0,0.26905,1566.0,0.26909,19460.0
1753504259109,04:30:59.109,ALGO/USDT:USDT,0.26887,1553.0,0.26885,1094.0,0.26905,1566.0,0.26909,19460.0
1753504259161,04:30:59.161,ALGO/USDT:USDT,0.26887,1553.0,0.26885,1094.0,0.26905,1566.0,0.26909,19460.0
1753504259333,04:30:59.333,ALGO/USDT:USDT,0.26887,1553.0,0.26885,1094.0,0.26905,1566.0,0.26909,19460.0
1753504259336,04:30:59.336,ALGO/USDT:USDT,0.26887,1553.0,0.26885,1094.0,0.26905,1566.0,0.26909,19460.0
1753504259339,04:30:59.339,ALGO/USDT:USDT,0.26887,1553.0,0.26885,1094.0,0.26905,1566.0,0.26909,19460.0
1753504259527,04:30:59.527,ALGO/USDT:USDT,0.26887,1553.0,0.26885,1094.0,0.26905,1566.0,0.26909,19460.0
1753504259529,04:30:59.529,ALGO/USDT:USDT,0.26887,1553.0,0.26885,1094.0,0.26905,1566.0,0.26909,19460.0
1753504259543,04:30:59.543,ALGO/USDT:USDT,0.26888,1000.0,0.26887,2553.0,0.26905,1566.0,0.26909,19460.0
1753504259547,04:30:59.547,ALGO/USDT:USDT,0.26888,2566.0,0.26887,2553.0,0.26905,1566.0,0.26909,19460.0
1753504259548,04:30:59.548,ALGO/USDT:USDT,0.26888,3332.0,0.26887,2553.0,0.26905,1566.0,0.26909,19460.0
1753504259550,04:30:59.550,ALGO/USDT:USDT,0.26888,3332.0,0.26887,1000.0,0.26905,1566.0,0.26909,19460.0
1753504259550,04:30:59.550,ALGO/USDT:USDT,0.26889,770.0,0.26888,3332.0,0.26905,1566.0,0.26909,19460.0
1753504259552,04:30:59.552,ALGO/USDT:USDT,0.26889,770.0,0.26888,2566.0,0.26905,1566.0,0.26909,19460.0
1753504259554,04:30:59.554,ALGO/USDT:USDT,0.26889,2336.0,0.26888,2566.0,0.26905,1566.0,0.26909,19460.0
1753504259554,04:30:59.554,ALGO/USDT:USDT,0.26889,2336.0,0.26888,1000.0,0.26905,1566.0,0.26909,19460.0
1753504259555,04:30:59.555,ALGO/USDT:USDT,0.26889,3336.0,0.26888,1000.0,0.26905,1566.0,0.26909,19460.0
1753504259558,04:30:59.558,ALGO/USDT:USDT,0.26889,2566.0,0.26888,1000.0,0.26905,1566.0,0.26909,19460.0
1753504259558,04:30:59.558,ALGO/USDT:USDT,0.2689,770.0,0.26889,2566.0,0.26905,1566.0,0.26909,19460.0
1753504259563,04:30:59.563,ALGO/USDT:USDT,0.2689,2336.0,0.26889,2566.0,0.26905,1566.0,0.26909,19460.0
1753504259578,04:30:59.578,ALGO/USDT:USDT,0.2689,2336.0,0.26889,2566.0,0.26905,1566.0,0.26909,3188.0
1753504259582,04:30:59.582,ALGO/USDT:USDT,0.2689,2336.0,0.26889,2566.0,0.26905,1566.0,0.26909,3188.0
1753504259718,04:30:59.718,ALGO/USDT:USDT,0.2689,2336.0,0.26889,1000.0,0.26905,1566.0,0.26909,3188.0
1753504259722,04:30:59.722,ALGO/USDT:USDT,0.2689,1566.0,0.26889,1000.0,0.26905,1566.0,0.26909,3188.0
1753504259750,04:30:59.750,ALGO/USDT:USDT,0.2689,1566.0,0.26889,1000.0,0.26905,1566.0,0.26909,3188.0
1753504259754,04:30:59.754,ALGO/USDT:USDT,0.2689,1566.0,0.26889,1000.0,0.26905,1566.0,0.26909,3188.0
1753504259819,04:30:59.819,ALGO/USDT:USDT,0.2689,1621.0,0.26889,1000.0,0.26905,1566.0,0.26909,3188.0
1753504259972,04:30:59.972,ALGO/USDT:USDT,0.2689,1566.0,0.26889,1000.0,0.26905,1566.0,0.26909,3188.0
1753504260014,04:31:00.014,ALGO/USDT:USDT,0.2689,1566.0,0.26889,1000.0,0.26905,1566.0,0.26909,3188.0
1753504260219,04:31:00.219,ALGO/USDT:USDT,0.2689,1566.0,0.26889,1000.0,0.26905,1566.0,0.26909,3188.0
1753504260222,04:31:00.222,ALGO/USDT:USDT,0.2689,1566.0,0.26889,1000.0,0.26905,1566.0,0.26909,3188.0
1753504260223,04:31:00.223,ALGO/USDT:USDT,0.2689,1566.0,0.26889,1000.0,0.26905,1566.0,0.26909,3188.0
1753504260227,04:31:00.227,ALGO/USDT:USDT,0.2689,1566.0,0.26889,1000.0,0.26905,1566.0,0.26909,3188.0
1753504260501,04:31:00.501,ALGO/USDT:USDT,0.2689,1566.0,0.26889,1000.0,0.26905,1566.0,0.26909,3188.0
1753504260531,04:31:00.531,ALGO/USDT:USDT,0.2689,1566.0,0.26889,1000.0,0.26905,1566.0,0.26909,3188.0
1753504260867,04:31:00.867,ALGO/USDT:USDT,0.2689,1566.0,0.26889,1000.0,0.26904,4814.0,0.26905,1566.0
1753504260871,04:31:00.871,ALGO/USDT:USDT,0.2689,1566.0,0.26889,1000.0,0.26903,1566.0,0.26904,4814.0
1753504260871,04:31:00.871,ALGO/USDT:USDT,0.2689,1566.0,0.26889,1000.0,0.26903,1566.0,0.26904,4814.0
1753504260880,04:31:00.880,ALGO/USDT:USDT,0.26891,193.0,0.2689,1566.0,0.26903,1566.0,0.26904,4814.0
1753504260884,04:31:00.884,ALGO/USDT:USDT,0.26891,1759.0,0.2689,1566.0,0.26903,1566.0,0.26904,4814.0
1753504260885,04:31:00.885,ALGO/USDT:USDT,0.26891,1759.0,0.2689,1566.0,0.26903,1566.0,0.26905,1566.0
1753504260890,04:31:00.890,ALGO/USDT:USDT,0.26891,1759.0,0.2689,1566.0,0.26903,1566.0,0.26905,1566.0
1753504260891,04:31:00.891,ALGO/USDT:USDT,0.26891,1759.0,0.2689,1566.0,0.26903,1566.0,0.26905,1566.0
1753504260895,04:31:00.895,ALGO/USDT:USDT,0.26891,1759.0,0.2689,1566.0,0.26903,1566.0,0.26905,1566.0
1753504260932,04:31:00.932,ALGO/USDT:USDT,0.26891,1759.0,0.2689,1566.0,0.26903,1566.0,0.26905,1566.0
1753504260933,04:31:00.933,ALGO/USDT:USDT,0.26891,1759.0,0.2689,1566.0,0.26903,1566.0,0.26905,1566.0
1753504260936,04:31:00.936,ALGO/USDT:USDT,0.26891,1759.0,0.2689,1566.0,0.26903,1566.0,0.26905,1566.0
1753504260949,04:31:00.949,ALGO/USDT:USDT,0.26891,1759.0,0.2689,1566.0,0.26903,1566.0,0.26905,1566.0
1753504260953,04:31:00.953,ALGO/USDT:USDT,0.26891,1759.0,0.2689,1566.0,0.26903,1566.0,0.26905,1566.0
1753504260983,04:31:00.983,ALGO/USDT:USDT,0.26891,1759.0,0.2689,1566.0,0.26903,1566.0,0.26905,1566.0
1753504261026,04:31:01.026,ALGO/USDT:USDT,0.26891,1759.0,0.2689,1566.0,0.26905,1566.0,0.26908,1100.0
1753504261035,04:31:01.035,ALGO/USDT:USDT,0.26891,1759.0,0.2689,1566.0,0.26905,1566.0,0.26908,1100.0
1753504261036,04:31:01.036,ALGO/USDT:USDT,0.26891,1759.0,0.26889,1000.0,0.26905,1566.0,0.26908,1100.0
1753504261057,04:31:01.057,ALGO/USDT:USDT,0.26891,1759.0,0.26889,1000.0,0.26905,1566.0,0.26908,1100.0
1753504261103,04:31:01.103,ALGO/USDT:USDT,0.26891,1759.0,0.26889,1000.0,0.26905,1566.0,0.26908,1100.0
1753504261139,04:31:01.139,ALGO/USDT:USDT,0.26891,1759.0,0.26889,1000.0,0.26905,1566.0,0.26908,1100.0
1753504261140,04:31:01.140,ALGO/USDT:USDT,0.26891,1759.0,0.26889,1000.0,0.26905,1566.0,0.26908,1100.0
1753504261143,04:31:01.143,ALGO/USDT:USDT,0.26891,1759.0,0.26889,1000.0,0.26905,1566.0,0.26908,1100.0
1753504261148,04:31:01.148,ALGO/USDT:USDT,0.26891,1759.0,0.26889,1000.0,0.26905,1566.0,0.26908,1100.0
1753504261149,04:31:01.149,ALGO/USDT:USDT,0.26891,1759.0,0.26889,1000.0,0.26905,1566.0,0.26908,1100.0
1753504261149,04:31:01.149,ALGO/USDT:USDT,0.26891,1759.0,0.26889,1000.0,0.26905,1566.0,0.26908,1100.0
1753504261476,04:31:01.476,ALGO/USDT:USDT,0.26891,1759.0,0.26889,1000.0,0.26908,1100.0,0.26909,2090.0
1753504261480,04:31:01.480,ALGO/USDT:USDT,0.26891,1759.0,0.26889,1000.0,0.26907,1566.0,0.26908,1100.0
1753504261481,04:31:01.481,ALGO/USDT:USDT,0.26891,1759.0,0.26889,1000.0,0.26907,1566.0,0.26908,1100.0
1753504261481,04:31:01.481,ALGO/USDT:USDT,0.26891,1759.0,0.26889,1000.0,0.26907,1566.0,0.2691,1534.0
1753504261482,04:31:01.482,ALGO/USDT:USDT,0.26891,1759.0,0.26889,1000.0,0.26907,1566.0,0.2691,1534.0
1753504261490,04:31:01.490,ALGO/USDT:USDT,0.26891,1759.0,0.26889,2511.0,0.26907,1566.0,0.2691,1534.0
1753504261491,04:31:01.491,ALGO/USDT:USDT,0.26891,1759.0,0.26889,1511.0,0.26907,1566.0,0.2691,1534.0
1753504261492,04:31:01.492,ALGO/USDT:USDT,0.26891,1759.0,0.26889,1511.0,0.26907,1566.0,0.2691,1534.0
1753504261492,04:31:01.492,ALGO/USDT:USDT,0.26891,1759.0,0.26889,1511.0,0.26907,1566.0,0.2691,1534.0
1753504261492,04:31:01.492,ALGO/USDT:USDT,0.26891,1759.0,0.26889,1511.0,0.26907,1566.0,0.2691,1534.0
1753504261492,04:31:01.492,ALGO/USDT:USDT,0.26891,1759.0,0.26889,1511.0,0.26907,1566.0,0.2691,1534.0
1753504261494,04:31:01.494,ALGO/USDT:USDT,0.26891,1759.0,0.26889,1511.0,0.26907,1566.0,0.2691,1534.0
1753504261522,04:31:01.522,ALGO/USDT:USDT,0.26891,2759.0,0.26889,1511.0,0.26907,1566.0,0.2691,1534.0
1753504261526,04:31:01.526,ALGO/USDT:USDT,0.26892,828.0,0.26891,2759.0,0.26907,1566.0,0.2691,1534.0
1753504261529,04:31:01.529,ALGO/USDT:USDT,0.26892,828.0,0.26891,2759.0,0.26907,1566.0,0.2691,1534.0
1753504261529,04:31:01.529,ALGO/USDT:USDT,0.26892,3394.0,0.26891,2759.0,0.26907,1566.0,0.2691,1534.0
1753504261530,04:31:01.530,ALGO/USDT:USDT,0.26892,3394.0,0.26891,1193.0,0.26907,1566.0,0.2691,1534.0
1753504261531,04:31:01.531,ALGO/USDT:USDT,0.26892,3394.0,0.26891,1193.0,0.26907,1566.0,0.26908,1522.0
1753504261532,04:31:01.532,ALGO/USDT:USDT,0.26892,3394.0,0.26891,1193.0,0.26907,1566.0,0.26908,1522.0
1753504261534,04:31:01.534,ALGO/USDT:USDT,0.26893,770.0,0.26892,3394.0,0.26907,1566.0,0.26908,1522.0
1753504261534,04:31:01.534,ALGO/USDT:USDT,0.26893,770.0,0.26892,2566.0,0.26907,1566.0,0.26908,1522.0
1753504261535,04:31:01.535,ALGO/USDT:USDT,0.26893,770.0,0.26892,2566.0,0.26907,1566.0,0.26908,1522.0
1753504261537,04:31:01.537,ALGO/USDT:USDT,0.26893,2336.0,0.26892,2566.0,0.26907,1566.0,0.26908,1522.0
1753504261537,04:31:01.537,ALGO/USDT:USDT,0.26893,2336.0,0.26892,1000.0,0.26907,1566.0,0.26908,1522.0
1753504261538,04:31:01.538,ALGO/USDT:USDT,0.26893,2336.0,0.26892,1000.0,0.26907,1566.0,0.26908,1522.0
1753504261541,04:31:01.541,ALGO/USDT:USDT,0.26893,1566.0,0.26892,1000.0,0.26907,1566.0,0.26908,1522.0
1753504261543,04:31:01.543,ALGO/USDT:USDT,0.26893,1566.0,0.26892,1000.0,0.26907,1566.0,0.26908,1522.0
1753504261546,04:31:01.546,ALGO/USDT:USDT,0.26893,1566.0,0.26892,1000.0,0.26907,1566.0,0.26908,1522.0
1753504261560,04:31:01.560,ALGO/USDT:USDT,0.26893,1566.0,0.26892,1000.0,0.26907,1566.0,0.26908,1522.0
1753504261597,04:31:01.597,ALGO/USDT:USDT,0.26893,1566.0,0.26892,1000.0,0.26907,1566.0,0.26908,1522.0
1753504261617,04:31:01.617,ALGO/USDT:USDT,0.26893,1621.0,0.26892,1000.0,0.26907,1566.0,0.26908,1522.0
1753504261650,04:31:01.650,ALGO/USDT:USDT,0.26893,1621.0,0.26892,1000.0,0.26907,1566.0,0.26908,1522.0
1753504261668,04:31:01.668,ALGO/USDT:USDT,0.26893,1621.0,0.26892,1000.0,0.26907,1566.0,0.26908,1522.0
1753504261869,04:31:01.869,ALGO/USDT:USDT,0.26893,1621.0,0.26892,1000.0,0.26907,1566.0,0.26908,1522.0
1753504261897,04:31:01.897,ALGO/USDT:USDT,0.26893,1621.0,0.26892,1000.0,0.26907,1566.0,0.26908,1522.0
1753504261900,04:31:01.900,ALGO/USDT:USDT,0.26893,1621.0,0.26892,1000.0,0.26907,1566.0,0.26908,1522.0
1753504261905,04:31:01.905,ALGO/USDT:USDT,0.26893,1621.0,0.26892,1000.0,0.26907,1566.0,0.26908,1522.0
1753504261958,04:31:01.958,ALGO/USDT:USDT,0.26893,1621.0,0.26892,1000.0,0.26907,1566.0,0.26908,1522.0
1753504262314,04:31:02.314,ALGO/USDT:USDT,0.26894,396.0,0.26893,1621.0,0.26907,1566.0,0.26908,1522.0
1753504262318,04:31:02.318,ALGO/USDT:USDT,0.26894,1566.0,0.26893,55.0,0.26907,1566.0,0.26908,1522.0
1753504262352,04:31:02.352,ALGO/USDT:USDT,0.26894,1566.0,0.26892,1000.0,0.26907,1566.0,0.26908,1522.0
1753504262478,04:31:02.478,ALGO/USDT:USDT,0.26894,1566.0,0.26892,1000.0,0.26907,1566.0,0.26908,1522.0
1753504262511,04:31:02.511,ALGO/USDT:USDT,0.26894,1566.0,0.26889,1511.0,0.26907,1566.0,0.26908,1522.0
1753504262995,04:31:02.995,ALGO/USDT:USDT,0.26894,1566.0,0.26889,1511.0,0.26907,1566.0,0.26908,1522.0
1753504262997,04:31:02.997,ALGO/USDT:USDT,0.26894,1566.0,0.26889,1511.0,0.26907,1566.0,0.26908,1522.0
1753504263744,04:31:03.744,ALGO/USDT:USDT,0.26894,1566.0,0.26889,1511.0,0.26907,1566.0,0.26908,1522.0
1753504263746,04:31:03.746,ALGO/USDT:USDT,0.26894,1566.0,0.26889,1511.0,0.26907,1566.0,0.26908,1522.0
1753504263748,04:31:03.748,ALGO/USDT:USDT,0.26894,1566.0,0.26889,1511.0,0.26907,1566.0,0.26908,1522.0
1753504263875,04:31:03.875,ALGO/USDT:USDT,0.26894,1566.0,0.26889,1511.0,0.26907,1566.0,0.26908,1522.0
1753504265018,04:31:05.018,ALGO/USDT:USDT,0.26894,1566.0,0.26889,1511.0,0.26907,1566.0,0.26908,1522.0
1753504265023,04:31:05.023,ALGO/USDT:USDT,0.26894,1566.0,0.26889,1511.0,0.26907,1566.0,0.26908,1522.0
1753504266014,04:31:06.014,ALGO/USDT:USDT,0.26894,1566.0,0.26889,1511.0,0.26907,1566.0,0.26908,1522.0
1753504266017,04:31:06.017,ALGO/USDT:USDT,0.26894,1566.0,0.26889,1511.0,0.26907,1566.0,0.26908,1522.0
1753504266186,04:31:06.186,ALGO/USDT:USDT,0.26894,1566.0,0.26889,1511.0,0.26907,1566.0,0.26908,1522.0
1753504266188,04:31:06.188,ALGO/USDT:USDT,0.26894,1566.0,0.26889,1511.0,0.26907,1566.0,0.26908,1522.0
1753504266189,04:31:06.189,ALGO/USDT:USDT,0.26894,1566.0,0.26889,1511.0,0.26907,1566.0,0.26908,1522.0
1753504266410,04:31:06.410,ALGO/USDT:USDT,0.26894,1566.0,0.26889,1511.0,0.26907,1566.0,0.26908,1522.0
1753504266494,04:31:06.494,ALGO/USDT:USDT,0.26894,1566.0,0.26889,1511.0,0.26906,4814.0,0.26907,1566.0
1753504266496,04:31:06.496,ALGO/USDT:USDT,0.26894,1566.0,0.26889,1511.0,0.26905,1576.0,0.26906,4814.0
1753504266510,04:31:06.510,ALGO/USDT:USDT,0.26894,1566.0,0.26889,1511.0,0.26905,1576.0,0.26906,4814.0
1753504266527,04:31:06.527,ALGO/USDT:USDT,0.26894,1566.0,0.26889,1511.0,0.26905,1576.0,0.26907,1566.0
1753504266579,04:31:06.579,ALGO/USDT:USDT,0.26894,1566.0,0.26889,1511.0,0.26905,1576.0,0.26907,1566.0
1753504266651,04:31:06.651,ALGO/USDT:USDT,0.26894,1566.0,0.26889,1511.0,0.26907,1566.0,0.26908,1522.0
1753504266666,04:31:06.666,ALGO/USDT:USDT,0.26894,1566.0,0.26889,1511.0,0.26907,1566.0,0.26908,1522.0
1753504266668,04:31:06.668,ALGO/USDT:USDT,0.26894,1566.0,0.26889,1511.0,0.26907,1566.0,0.26908,1522.0
1753504266673,04:31:06.673,ALGO/USDT:USDT,0.26894,1566.0,0.26889,1511.0,0.26907,1566.0,0.26908,1522.0
1753504266712,04:31:06.712,ALGO/USDT:USDT,0.26894,1566.0,0.26889,1511.0,0.26907,1566.0,0.26908,1522.0
1753504266713,04:31:06.713,ALGO/USDT:USDT,0.26894,1566.0,0.26889,1511.0,0.26907,1566.0,0.26908,1522.0
1753504266715,04:31:06.715,ALGO/USDT:USDT,0.26894,1566.0,0.26889,1511.0,0.26907,1566.0,0.26908,1522.0
1753504266717,04:31:06.717,ALGO/USDT:USDT,0.26894,1566.0,0.26889,1511.0,0.26907,1566.0,0.26908,1522.0
1753504266719,04:31:06.719,ALGO/USDT:USDT,0.26894,1566.0,0.26889,1511.0,0.26907,1566.0,0.26908,1522.0
1753504266816,04:31:06.816,ALGO/USDT:USDT,0.26894,1566.0,0.26889,1511.0,0.26907,1566.0,0.26908,1522.0
1753504266819,04:31:06.819,ALGO/USDT:USDT,0.26894,1566.0,0.26889,1511.0,0.26907,1566.0,0.26908,1522.0
1753504266819,04:31:06.819,ALGO/USDT:USDT,0.26894,1566.0,0.26889,1511.0,0.26908,1522.0,0.2691,4724.0
1753504266821,04:31:06.821,ALGO/USDT:USDT,0.26894,1566.0,0.26889,1511.0,0.26908,1522.0,0.2691,4724.0
1753504266822,04:31:06.822,ALGO/USDT:USDT,0.26894,1566.0,0.26889,1511.0,0.26908,1522.0,0.2691,1534.0
1753504266823,04:31:06.823,ALGO/USDT:USDT,0.26894,1566.0,0.26889,1511.0,0.26908,1522.0,0.2691,1534.0
1753504266824,04:31:06.824,ALGO/USDT:USDT,0.26894,1566.0,0.26889,1511.0,0.2691,1534.0,0.26912,14699.0
1753504266827,04:31:06.827,ALGO/USDT:USDT,0.26894,1566.0,0.26889,1511.0,0.2691,1534.0,0.26912,14699.0
1753504266828,04:31:06.828,ALGO/USDT:USDT,0.26894,1566.0,0.26889,1511.0,0.26908,1576.0,0.2691,1534.0
1753504266829,04:31:06.829,ALGO/USDT:USDT,0.26894,1566.0,0.26889,1511.0,0.26908,1576.0,0.2691,1534.0
1753504266830,04:31:06.830,ALGO/USDT:USDT,0.26894,1566.0,0.26889,1511.0,0.2691,1534.0,0.26912,12610.0
1753504266833,04:31:06.833,ALGO/USDT:USDT,0.26894,1566.0,0.26889,1511.0,0.2691,3017.0,0.26912,12610.0
1753504266836,04:31:06.836,ALGO/USDT:USDT,0.26894,1566.0,0.26889,1511.0,0.2691,1483.0,0.26912,12610.0
1753504266836,04:31:06.836,ALGO/USDT:USDT,0.26894,1566.0,0.26889,1511.0,0.26909,1576.0,0.2691,1483.0
1753504266840,04:31:06.840,ALGO/USDT:USDT,0.26894,1566.0,0.26889,1511.0,0.26909,1576.0,0.2691,1483.0
1753504266844,04:31:06.844,ALGO/USDT:USDT,0.26894,1566.0,0.26889,1511.0,0.26909,1576.0,0.2691,1483.0
1753504266844,04:31:06.844,ALGO/USDT:USDT,0.26894,1566.0,0.26889,1511.0,0.26909,1576.0,0.2691,1483.0
1753504266844,04:31:06.844,ALGO/USDT:USDT,0.26894,1566.0,0.26889,1511.0,0.26909,1576.0,0.2691,1483.0
1753504266844,04:31:06.844,ALGO/USDT:USDT,0.26894,1566.0,0.26889,1511.0,0.26909,1576.0,0.2691,1483.0
1753504266844,04:31:06.844,ALGO/USDT:USDT,0.26894,1566.0,0.26889,1511.0,0.26909,1576.0,0.2691,1483.0
1753504266875,04:31:06.875,ALGO/USDT:USDT,0.26894,1566.0,0.26889,1511.0,0.26909,1576.0,0.2691,1483.0
1753504266877,04:31:06.877,ALGO/USDT:USDT,0.26894,1566.0,0.26889,1511.0,0.26909,1576.0,0.2691,1483.0
1753504266877,04:31:06.877,ALGO/USDT:USDT,0.26894,1566.0,0.26889,1511.0,0.26909,1576.0,0.2691,1483.0
1753504266879,04:31:06.879,ALGO/USDT:USDT,0.26894,1566.0,0.26889,1511.0,0.26909,1576.0,0.2691,1483.0
1753504266880,04:31:06.880,ALGO/USDT:USDT,0.26894,1566.0,0.26889,1511.0,0.26909,1576.0,0.2691,1483.0
1753504266883,04:31:06.883,ALGO/USDT:USDT,0.26894,1566.0,0.26889,1511.0,0.26909,1576.0,0.2691,1483.0
1753504266883,04:31:06.883,ALGO/USDT:USDT,0.26894,1566.0,0.26889,1511.0,0.26909,1576.0,0.2691,1483.0
1753504266883,04:31:06.883,ALGO/USDT:USDT,0.26894,1566.0,0.26889,1511.0,0.26909,1576.0,0.2691,1483.0
1753504266883,04:31:06.883,ALGO/USDT:USDT,0.26894,1566.0,0.26889,1511.0,0.26909,1576.0,0.2691,1483.0
1753504266883,04:31:06.883,ALGO/USDT:USDT,0.26894,1566.0,0.26889,1511.0,0.26909,1576.0,0.2691,1483.0
1753504266884,04:31:06.884,ALGO/USDT:USDT,0.26894,1566.0,0.26889,1511.0,0.26909,1576.0,0.2691,1483.0
1753504266887,04:31:06.887,ALGO/USDT:USDT,0.26894,1566.0,0.26889,1511.0,0.26909,1576.0,0.2691,1483.0
1753504266887,04:31:06.887,ALGO/USDT:USDT,0.26894,1566.0,0.26889,1511.0,0.26909,1576.0,0.2691,1483.0
1753504266888,04:31:06.888,ALGO/USDT:USDT,0.26894,1566.0,0.26889,1511.0,0.26909,1576.0,0.2691,1483.0
1753504266888,04:31:06.888,ALGO/USDT:USDT,0.26894,1566.0,0.26889,1511.0,0.26909,1576.0,0.2691,1483.0
1753504266890,04:31:06.890,ALGO/USDT:USDT,0.26894,1566.0,0.26889,1511.0,0.26909,1576.0,0.2691,1483.0
1753504266892,04:31:06.892,ALGO/USDT:USDT,0.26894,1566.0,0.26889,1511.0,0.26909,1576.0,0.2691,1483.0
1753504266913,04:31:06.913,ALGO/USDT:USDT,0.26894,1566.0,0.26889,1511.0,0.26909,1576.0,0.2691,1483.0
1753504266916,04:31:06.916,ALGO/USDT:USDT,0.26894,1566.0,0.26889,1511.0,0.26909,1576.0,0.2691,1483.0
1753504266916,04:31:06.916,ALGO/USDT:USDT,0.26894,1566.0,0.26889,1511.0,0.26909,1576.0,0.2691,1483.0
1753504266918,04:31:06.918,ALGO/USDT:USDT,0.26894,1566.0,0.26889,1511.0,0.26909,1576.0,0.2691,1483.0
1753504266918,04:31:06.918,ALGO/USDT:USDT,0.26894,1566.0,0.26889,1511.0,0.26909,1576.0,0.2691,1483.0
1753504266920,04:31:06.920,ALGO/USDT:USDT,0.26894,1566.0,0.26889,1511.0,0.26909,1576.0,0.2691,1483.0
1753504266921,04:31:06.921,ALGO/USDT:USDT,0.26894,1566.0,0.26889,1511.0,0.26909,1576.0,0.2691,1483.0
1753504266921,04:31:06.921,ALGO/USDT:USDT,0.26894,1566.0,0.26889,1511.0,0.26909,1576.0,0.2691,1483.0
1753504266923,04:31:06.923,ALGO/USDT:USDT,0.26894,1566.0,0.26889,1511.0,0.26909,1576.0,0.2691,1483.0
1753504266923,04:31:06.923,ALGO/USDT:USDT,0.26894,1566.0,0.26889,1511.0,0.26909,1576.0,0.2691,1483.0
1753504266925,04:31:06.925,ALGO/USDT:USDT,0.26894,1566.0,0.26889,1511.0,0.26909,1576.0,0.2691,1483.0
1753504266927,04:31:06.927,ALGO/USDT:USDT,0.26894,1566.0,0.26889,1511.0,0.26909,1576.0,0.2691,1483.0
1753504266928,04:31:06.928,ALGO/USDT:USDT,0.26894,1566.0,0.26889,1511.0,0.26909,1576.0,0.2691,1483.0
1753504266930,04:31:06.930,ALGO/USDT:USDT,0.26894,1566.0,0.26889,1511.0,0.26909,1576.0,0.2691,1483.0
1753504266997,04:31:06.997,ALGO/USDT:USDT,0.26894,1566.0,0.26889,1511.0,0.26909,1576.0,0.2691,1483.0
1753504267033,04:31:07.033,ALGO/USDT:USDT,0.26894,1566.0,0.26889,1511.0,0.26908,10913.0,0.26909,1576.0
1753504267037,04:31:07.037,ALGO/USDT:USDT,0.26894,1566.0,0.26889,1511.0,0.26907,1576.0,0.26908,10913.0
1753504267050,04:31:07.050,ALGO/USDT:USDT,0.26894,1566.0,0.26889,1511.0,0.26907,1576.0,0.26908,10913.0
1753504267071,04:31:07.071,ALGO/USDT:USDT,0.26894,1566.0,0.26889,1511.0,0.26907,1576.0,0.26909,1576.0
1753504267101,04:31:07.101,ALGO/USDT:USDT,0.26894,1566.0,0.26889,1511.0,0.26907,1576.0,0.26909,1576.0
1753504267183,04:31:07.183,ALGO/USDT:USDT,0.26894,1566.0,0.26889,1511.0,0.26907,1576.0,0.26909,1576.0
1753504267185,04:31:07.185,ALGO/USDT:USDT,0.26894,1566.0,0.26889,1511.0,0.26907,1576.0,0.26909,1576.0
1753504267191,04:31:07.191,ALGO/USDT:USDT,0.26894,1566.0,0.26889,1511.0,0.26909,1576.0,0.2691,1483.0
1753504267193,04:31:07.193,ALGO/USDT:USDT,0.26894,1566.0,0.26889,1511.0,0.26907,10913.0,0.26909,1576.0
1753504267196,04:31:07.196,ALGO/USDT:USDT,0.26894,1566.0,0.26889,1511.0,0.26907,10913.0,0.26909,1576.0
1753504267245,04:31:07.245,ALGO/USDT:USDT,0.26894,1566.0,0.26889,1511.0,0.26907,10913.0,0.26909,1576.0
1753504267245,04:31:07.245,ALGO/USDT:USDT,0.26894,1566.0,0.26889,1511.0,0.26907,10913.0,0.26909,1576.0
1753504267245,04:31:07.245,ALGO/USDT:USDT,0.26894,1566.0,0.26889,1511.0,0.26907,10913.0,0.26909,1576.0
1753504267245,04:31:07.245,ALGO/USDT:USDT,0.26894,1566.0,0.26889,1511.0,0.26907,10913.0,0.26909,1576.0
1753504267276,04:31:07.276,ALGO/USDT:USDT,0.26894,1566.0,0.26889,1511.0,0.26907,10913.0,0.26909,1576.0
1753504267279,04:31:07.279,ALGO/USDT:USDT,0.26894,1566.0,0.26889,1511.0,0.26907,10913.0,0.26909,1576.0
1753504267279,04:31:07.279,ALGO/USDT:USDT,0.26894,1566.0,0.26889,1511.0,0.26907,10913.0,0.26909,1576.0
1753504267282,04:31:07.282,ALGO/USDT:USDT,0.26894,1566.0,0.26889,1511.0,0.26907,10913.0,0.26909,1576.0
1753504267283,04:31:07.283,ALGO/USDT:USDT,0.26894,1566.0,0.26889,1511.0,0.26907,10913.0,0.26909,1576.0
1753504267285,04:31:07.285,ALGO/USDT:USDT,0.26894,1566.0,0.26889,1511.0,0.26907,10913.0,0.26909,1576.0
1753504267286,04:31:07.286,ALGO/USDT:USDT,0.26894,1566.0,0.26889,1511.0,0.26907,10913.0,0.26909,1576.0
1753504267288,04:31:07.288,ALGO/USDT:USDT,0.26894,1566.0,0.26889,1511.0,0.26907,10913.0,0.26909,1576.0
1753504267289,04:31:07.289,ALGO/USDT:USDT,0.26894,1566.0,0.26889,1511.0,0.26907,10913.0,0.26909,1576.0
1753504267291,04:31:07.291,ALGO/USDT:USDT,0.26894,1566.0,0.26889,1511.0,0.26907,10913.0,0.26909,1576.0
1753504267354,04:31:07.354,ALGO/USDT:USDT,0.26894,1566.0,0.26889,1511.0,0.26906,1576.0,0.26907,10913.0
1753504267360,04:31:07.360,ALGO/USDT:USDT,0.26894,1566.0,0.26889,1511.0,0.26906,1576.0,0.26907,10913.0
1753504267369,04:31:07.369,ALGO/USDT:USDT,0.26894,1566.0,0.26889,1511.0,0.26906,1576.0,0.26909,1576.0
1753504267382,04:31:07.382,ALGO/USDT:USDT,0.26894,1566.0,0.26889,1511.0,0.26906,1576.0,0.26909,1576.0
1753504267415,04:31:07.415,ALGO/USDT:USDT,0.26894,1566.0,0.26889,1511.0,0.26906,1576.0,0.26909,1576.0
1753504267508,04:31:07.508,ALGO/USDT:USDT,0.26894,1566.0,0.26889,1511.0,0.26909,1576.0,0.2691,1483.0
1753504267511,04:31:07.511,ALGO/USDT:USDT,0.26894,1566.0,0.26889,1511.0,0.26909,1576.0,0.2691,1483.0
1753504267563,04:31:07.563,ALGO/USDT:USDT,0.26894,1566.0,0.26889,1511.0,0.26909,1576.0,0.2691,1483.0
1753504267566,04:31:07.566,ALGO/USDT:USDT,0.26894,1566.0,0.26889,1511.0,0.26909,1576.0,0.2691,1483.0
1753504267568,04:31:07.568,ALGO/USDT:USDT,0.26894,1566.0,0.26889,1511.0,0.26909,1576.0,0.2691,1483.0
1753504267572,04:31:07.572,ALGO/USDT:USDT,0.26894,1566.0,0.26889,1511.0,0.26909,1576.0,0.2691,1483.0
1753504268210,04:31:08.210,ALGO/USDT:USDT,0.26894,1566.0,0.26889,1511.0,0.26909,1576.0,0.2691,1483.0
1753504268210,04:31:08.210,ALGO/USDT:USDT,0.26894,1566.0,0.26889,1511.0,0.26909,1576.0,0.2691,1483.0
1753504268210,04:31:08.210,ALGO/USDT:USDT,0.26894,1566.0,0.26889,1511.0,0.26909,1576.0,0.2691,1483.0
1753504268214,04:31:08.214,ALGO/USDT:USDT,0.26894,1566.0,0.26889,1511.0,0.26909,1576.0,0.2691,1483.0
1753504268242,04:31:08.242,ALGO/USDT:USDT,0.26894,1566.0,0.26889,1511.0,0.26909,1576.0,0.2691,1483.0
1753504268244,04:31:08.244,ALGO/USDT:USDT,0.26894,1566.0,0.26889,1511.0,0.26909,1576.0,0.2691,1483.0
1753504268245,04:31:08.245,ALGO/USDT:USDT,0.26894,1566.0,0.26889,1511.0,0.26909,1576.0,0.2691,1483.0
1753504268247,04:31:08.247,ALGO/USDT:USDT,0.26894,1566.0,0.26889,1511.0,0.26909,1576.0,0.2691,1483.0
1753504268249,04:31:08.249,ALGO/USDT:USDT,0.26894,1566.0,0.26889,1511.0,0.26909,1576.0,0.2691,1483.0
1753504268250,04:31:08.250,ALGO/USDT:USDT,0.26894,1566.0,0.26889,1511.0,0.26909,1576.0,0.2691,1483.0
1753504268251,04:31:08.251,ALGO/USDT:USDT,0.26894,1566.0,0.26889,1511.0,0.26909,1576.0,0.2691,1483.0
1753504268254,04:31:08.254,ALGO/USDT:USDT,0.26894,1566.0,0.26889,1511.0,0.26909,1576.0,0.2691,1483.0
1753504268255,04:31:08.255,ALGO/USDT:USDT,0.26894,1566.0,0.26889,1511.0,0.26909,1576.0,0.2691,1483.0
1753504268256,04:31:08.256,ALGO/USDT:USDT,0.26894,1566.0,0.26889,1511.0,0.26909,1576.0,0.2691,1483.0
1753504268379,04:31:08.379,ALGO/USDT:USDT,0.26894,1566.0,0.26889,1511.0,0.26909,1576.0,0.2691,1483.0
1753504268383,04:31:08.383,ALGO/USDT:USDT,0.26894,1566.0,0.26889,1511.0,0.26909,1576.0,0.2691,1483.0
1753504268383,04:31:08.383,ALGO/USDT:USDT,0.26894,1566.0,0.26889,1511.0,0.26909,1576.0,0.2691,1483.0
1753504268645,04:31:08.645,ALGO/USDT:USDT,0.26894,1566.0,0.26889,1511.0,0.26909,1576.0,0.2691,1483.0
1753504268648,04:31:08.648,ALGO/USDT:USDT,0.26894,1566.0,0.26889,1511.0,0.26909,1576.0,0.2691,1483.0
1753504268650,04:31:08.650,ALGO/USDT:USDT,0.26894,1566.0,0.26889,1511.0,0.26909,1576.0,0.2691,1483.0
1753504269701,04:31:09.701,ALGO/USDT:USDT,0.26894,1566.0,0.26889,1511.0,0.26909,1576.0,0.2691,1483.0
1753504269702,04:31:09.702,ALGO/USDT:USDT,0.26894,1566.0,0.26889,1511.0,0.26909,1576.0,0.2691,1483.0
1753504269704,04:31:09.704,ALGO/USDT:USDT,0.26894,1566.0,0.26889,1511.0,0.26909,1576.0,0.2691,1483.0
1753504269704,04:31:09.704,ALGO/USDT:USDT,0.26894,1566.0,0.26889,1511.0,0.26909,1576.0,0.2691,1483.0
1753504269705,04:31:09.705,ALGO/USDT:USDT,0.26894,1566.0,0.26889,1511.0,0.26909,1576.0,0.2691,1483.0
1753504269707,04:31:09.707,ALGO/USDT:USDT,0.26894,1566.0,0.26889,1511.0,0.26909,1576.0,0.2691,1483.0
1753504269819,04:31:09.819,ALGO/USDT:USDT,0.26894,1566.0,0.26889,1511.0,0.26909,1576.0,0.2691,1483.0
1753504269822,04:31:09.822,ALGO/USDT:USDT,0.26894,1566.0,0.26889,1511.0,0.26909,1576.0,0.2691,1483.0
1753504270039,04:31:10.039,ALGO/USDT:USDT,0.26894,1566.0,0.26889,1511.0,0.26909,1576.0,0.2691,1483.0
1753504270043,04:31:10.043,ALGO/USDT:USDT,0.26894,1566.0,0.26889,1511.0,0.26909,1576.0,0.2691,1483.0
1753504270312,04:31:10.312,ALGO/USDT:USDT,0.26894,1566.0,0.26889,1511.0,0.26909,1576.0,0.2691,1483.0
1753504270542,04:31:10.542,ALGO/USDT:USDT,0.26894,1566.0,0.26889,1511.0,0.26909,1576.0,0.2691,1483.0
1753504270544,04:31:10.544,ALGO/USDT:USDT,0.26894,1566.0,0.26889,1511.0,0.2691,1483.0,0.26913,1534.0
1753504270545,04:31:10.545,ALGO/USDT:USDT,0.26895,764.0,0.26894,1566.0,0.26908,10913.0,0.2691,1483.0
1753504270546,04:31:10.546,ALGO/USDT:USDT,0.26895,764.0,0.26894,1566.0,0.26908,10723.0,0.2691,1483.0
1753504270548,04:31:10.548,ALGO/USDT:USDT,0.26895,764.0,0.26894,1566.0,0.26913,1534.0,0.26914,1101.0
1753504270548,04:31:10.548,ALGO/USDT:USDT,0.26895,2340.0,0.26889,1511.0,0.26913,1534.0,0.26914,1101.0
1753504270550,04:31:10.550,ALGO/USDT:USDT,0.26895,2340.0,0.26889,1511.0,0.26913,1534.0,0.26915,1512.0
1753504270550,04:31:10.550,ALGO/USDT:USDT,0.26895,3340.0,0.26889,1511.0,0.26913,1534.0,0.26915,1512.0
1753504270552,04:31:10.552,ALGO/USDT:USDT,0.26895,3340.0,0.26889,1511.0,0.26913,1534.0,0.26915,1512.0
1753504270553,04:31:10.553,ALGO/USDT:USDT,0.26895,3340.0,0.2689,2089.0,0.26913,1534.0,0.26915,1512.0
1753504270554,04:31:10.554,ALGO/USDT:USDT,0.26896,1002.0,0.26895,3340.0,0.26915,1512.0,0.26918,27.0
1753504270554,04:31:10.554,ALGO/USDT:USDT,0.26896,1002.0,0.26895,3340.0,0.26915,1512.0,0.26918,27.0
1753504270556,04:31:10.556,ALGO/USDT:USDT,0.26896,2578.0,0.26895,3340.0,0.26915,1512.0,0.26918,27.0
1753504270557,04:31:10.557,ALGO/USDT:USDT,0.26896,3578.0,0.26895,3340.0,0.26915,1375.0,0.26918,27.0
1753504270558,04:31:10.558,ALGO/USDT:USDT,0.26896,3578.0,0.26895,1764.0,0.26915,1375.0,0.26918,27.0
1753504270560,04:31:10.560,ALGO/USDT:USDT,0.26897,1576.0,0.26896,3578.0,0.26915,1375.0,0.26918,27.0
1753504270561,04:31:10.561,ALGO/USDT:USDT,0.26897,2349.0,0.26896,3578.0,0.26915,1375.0,0.26918,27.0
1753504270561,04:31:10.561,ALGO/USDT:USDT,0.26897,2349.0,0.26896,2576.0,0.26915,1375.0,0.26918,27.0
1753504270562,04:31:10.562,ALGO/USDT:USDT,0.26897,2349.0,0.26896,2576.0,0.26915,1375.0,0.26918,27.0
1753504270564,04:31:10.564,ALGO/USDT:USDT,0.26897,773.0,0.26896,2576.0,0.26915,1375.0,0.26918,27.0
1753504270565,04:31:10.565,ALGO/USDT:USDT,0.26897,1773.0,0.26896,2576.0,0.26915,1375.0,0.26918,27.0
1753504270566,04:31:10.566,ALGO/USDT:USDT,0.26898,1576.0,0.26897,1773.0,0.26915,1375.0,0.26918,27.0
1753504270568,04:31:10.568,ALGO/USDT:USDT,0.26898,1576.0,0.26897,1773.0,0.26915,1375.0,0.26918,27.0
1753504270569,04:31:10.569,ALGO/USDT:USDT,0.26898,2576.0,0.26897,1773.0,0.26915,1375.0,0.26918,27.0
1753504270573,04:31:10.573,ALGO/USDT:USDT,0.26899,773.0,0.26898,2576.0,0.26915,1375.0,0.26918,27.0
1753504270574,04:31:10.574,ALGO/USDT:USDT,0.26899,2349.0,0.26898,2576.0,0.26915,1375.0,0.26918,27.0
1753504270574,04:31:10.574,ALGO/USDT:USDT,0.26899,2349.0,0.26898,1000.0,0.26915,1375.0,0.26918,27.0
1753504270575,04:31:10.575,ALGO/USDT:USDT,0.26899,2349.0,0.26898,1000.0,0.26915,1375.0,0.26918,27.0
1753504270577,04:31:10.577,ALGO/USDT:USDT,0.26899,2576.0,0.26898,1000.0,0.26915,1375.0,0.26918,27.0
1753504270577,04:31:10.577,ALGO/USDT:USDT,0.269,1576.0,0.26899,2576.0,0.26915,1375.0,0.26918,27.0
1753504270579,04:31:10.579,ALGO/USDT:USDT,0.269,1576.0,0.26899,1000.0,0.26915,1375.0,0.26918,27.0
1753504270581,04:31:10.581,ALGO/USDT:USDT,0.269,2349.0,0.26899,1000.0,0.26915,1375.0,0.26918,27.0
1753504270583,04:31:10.583,ALGO/USDT:USDT,0.269,1576.0,0.26899,1000.0,0.26915,1375.0,0.26918,27.0
1753504270585,04:31:10.585,ALGO/USDT:USDT,0.26901,1576.0,0.269,1576.0,0.26915,1375.0,0.26918,27.0
1753504270585,04:31:10.585,ALGO/USDT:USDT,0.26901,1576.0,0.26899,1000.0,0.26915,1375.0,0.26918,27.0
1753504270588,04:31:10.588,ALGO/USDT:USDT,0.26901,1576.0,0.26899,1000.0,0.26918,27.0,0.26919,1470.0
1753504270588,04:31:10.588,ALGO/USDT:USDT,0.26901,1576.0,0.26899,1000.0,0.26918,27.0,0.26919,1470.0
1753504270590,04:31:10.590,ALGO/USDT:USDT,0.26901,1576.0,0.26899,1000.0,0.26918,27.0,0.26919,1470.0
1753504270591,04:31:10.591,ALGO/USDT:USDT,0.26901,1576.0,0.26899,1000.0,0.26918,27.0,0.26919,1470.0
1753504270591,04:31:10.591,ALGO/USDT:USDT,0.26901,1576.0,0.26899,1000.0,0.26918,27.0,0.26919,1470.0
1753504270592,04:31:10.592,ALGO/USDT:USDT,0.26901,1576.0,0.26899,1000.0,0.26918,27.0,0.26919,1470.0
1753504270592,04:31:10.592,ALGO/USDT:USDT,0.26901,1576.0,0.26899,1000.0,0.26918,27.0,0.26919,1470.0
1753504270594,04:31:10.594,ALGO/USDT:USDT,0.26901,1576.0,0.26899,1000.0,0.26918,27.0,0.26919,1470.0
1753504270594,04:31:10.594,ALGO/USDT:USDT,0.26901,1576.0,0.26899,1000.0,0.26918,27.0,0.26919,1470.0
1753504270596,04:31:10.596,ALGO/USDT:USDT,0.26901,1576.0,0.26899,1000.0,0.26918,27.0,0.26919,1470.0
1753504270596,04:31:10.596,ALGO/USDT:USDT,0.26901,1576.0,0.26899,1000.0,0.26918,27.0,0.26919,1470.0
1753504270597,04:31:10.597,ALGO/USDT:USDT,0.26901,1576.0,0.26899,1000.0,0.26918,27.0,0.26919,1470.0
1753504270598,04:31:10.598,ALGO/USDT:USDT,0.26901,1576.0,0.26899,1000.0,0.26918,27.0,0.26919,1470.0
1753504270599,04:31:10.599,ALGO/USDT:USDT,0.26901,1576.0,0.26899,1000.0,0.26918,27.0,0.26919,1470.0
1753504270600,04:31:10.600,ALGO/USDT:USDT,0.26901,1576.0,0.26899,1000.0,0.26918,27.0,0.26919,1470.0
1753504270601,04:31:10.601,ALGO/USDT:USDT,0.26901,1576.0,0.26899,1000.0,0.26918,27.0,0.26919,1470.0
1753504270604,04:31:10.604,ALGO/USDT:USDT,0.26901,1576.0,0.26899,1000.0,0.26918,27.0,0.26919,1470.0
1753504270605,04:31:10.605,ALGO/USDT:USDT,0.26901,1576.0,0.26899,1000.0,0.26918,27.0,0.26919,1470.0
1753504270606,04:31:10.606,ALGO/USDT:USDT,0.26901,1576.0,0.26899,1000.0,0.26918,27.0,0.26919,1470.0
1753504270607,04:31:10.607,ALGO/USDT:USDT,0.26901,1576.0,0.26899,1000.0,0.26918,27.0,0.26919,1470.0
1753504270607,04:31:10.607,ALGO/USDT:USDT,0.26901,1576.0,0.26899,1000.0,0.26918,27.0,0.26919,1470.0
1753504270609,04:31:10.609,ALGO/USDT:USDT,0.26901,1576.0,0.26899,1000.0,0.26918,27.0,0.26919,1470.0
1753504270610,04:31:10.610,ALGO/USDT:USDT,0.26901,1576.0,0.26899,1000.0,0.26918,27.0,0.26919,1470.0
1753504270611,04:31:10.611,ALGO/USDT:USDT,0.26901,1576.0,0.26899,1000.0,0.26918,27.0,0.26919,1470.0
1753504270611,04:31:10.611,ALGO/USDT:USDT,0.26901,1576.0,0.26899,1000.0,0.26918,27.0,0.26919,1470.0
1753504270615,04:31:10.615,ALGO/USDT:USDT,0.26901,1576.0,0.26899,1000.0,0.26918,27.0,0.26919,1470.0
1753504270616,04:31:10.616,ALGO/USDT:USDT,0.26901,1576.0,0.26899,1000.0,0.26918,27.0,0.26919,1470.0
1753504270617,04:31:10.617,ALGO/USDT:USDT,0.26901,1576.0,0.26899,1000.0,0.26918,27.0,0.26919,1470.0
1753504270617,04:31:10.617,ALGO/USDT:USDT,0.26901,1576.0,0.26899,1000.0,0.26918,27.0,0.26919,1470.0
1753504270622,04:31:10.622,ALGO/USDT:USDT,0.26901,1576.0,0.26899,1000.0,0.26918,27.0,0.26919,1470.0
1753504270623,04:31:10.623,ALGO/USDT:USDT,0.26901,1576.0,0.26899,1000.0,0.26918,27.0,0.26919,1470.0
1753504270623,04:31:10.623,ALGO/USDT:USDT,0.26901,1576.0,0.26899,1000.0,0.26918,27.0,0.26919,1470.0
1753504270623,04:31:10.623,ALGO/USDT:USDT,0.26901,1576.0,0.26899,1000.0,0.26918,27.0,0.26919,1470.0
1753504270626,04:31:10.626,ALGO/USDT:USDT,0.26901,1576.0,0.26899,1000.0,0.26918,27.0,0.26919,1470.0
1753504270626,04:31:10.626,ALGO/USDT:USDT,0.26901,1576.0,0.26899,1000.0,0.26918,27.0,0.26919,1470.0
1753504270627,04:31:10.627,ALGO/USDT:USDT,0.26901,1576.0,0.26899,1000.0,0.26918,27.0,0.26919,1470.0
1753504270630,04:31:10.630,ALGO/USDT:USDT,0.26901,1576.0,0.26899,1000.0,0.26918,27.0,0.26919,1470.0
1753504270647,04:31:10.647,ALGO/USDT:USDT,0.26901,1576.0,0.26899,1000.0,0.26918,27.0,0.26919,1470.0
1753504270654,04:31:10.654,ALGO/USDT:USDT,0.26906,2284.0,0.26901,1576.0,0.26918,27.0,0.26919,1470.0
1753504270654,04:31:10.654,ALGO/USDT:USDT,0.26906,2284.0,0.26901,1576.0,0.26919,1470.0,0.2692,52.0
1753504270654,04:31:10.654,ALGO/USDT:USDT,0.26906,2284.0,0.26901,1576.0,0.26919,1470.0,0.26926,1568.0
1753504270654,04:31:10.654,ALGO/USDT:USDT,0.26906,2284.0,0.26901,1576.0,0.26919,1470.0,0.26926,1568.0
1753504270655,04:31:10.655,ALGO/USDT:USDT,0.26906,2284.0,0.26901,1576.0,0.26919,1470.0,0.26926,1568.0
1753504270657,04:31:10.657,ALGO/USDT:USDT,0.26907,1576.0,0.26906,2284.0,0.26919,1470.0,0.26926,1568.0
1753504270659,04:31:10.659,ALGO/USDT:USDT,0.26907,1576.0,0.26906,2284.0,0.26919,1470.0,0.26926,1568.0
1753504270659,04:31:10.659,ALGO/USDT:USDT,0.26907,1576.0,0.26906,2284.0,0.26919,1470.0,0.26926,1568.0
1753504270659,04:31:10.659,ALGO/USDT:USDT,0.26907,1576.0,0.26906,2284.0,0.26919,1470.0,0.26926,1568.0
1753504270659,04:31:10.659,ALGO/USDT:USDT,0.26907,1576.0,0.26906,2284.0,0.26919,1470.0,0.26926,1568.0
1753504270659,04:31:10.659,ALGO/USDT:USDT,0.26907,1576.0,0.26906,2284.0,0.26919,1470.0,0.26926,1568.0
1753504270660,04:31:10.660,ALGO/USDT:USDT,0.26907,1576.0,0.26906,2284.0,0.26926,1568.0,0.2693,1576.0
1753504270662,04:31:10.662,ALGO/USDT:USDT,0.26907,1576.0,0.26906,2284.0,0.26926,1568.0,0.2693,1576.0
1753504270664,04:31:10.664,ALGO/USDT:USDT,0.26907,1576.0,0.26906,2284.0,0.26926,1568.0,0.2693,1576.0
1753504270664,04:31:10.664,ALGO/USDT:USDT,0.26907,1576.0,0.26906,2284.0,0.26926,1568.0,0.2693,1576.0
1753504270666,04:31:10.666,ALGO/USDT:USDT,0.26907,1576.0,0.26901,1576.0,0.2693,1576.0,0.26932,2678.0
1753504270666,04:31:10.666,ALGO/USDT:USDT,0.26907,1576.0,0.26901,1576.0,0.2693,1576.0,0.26932,1576.0
1753504270667,04:31:10.667,ALGO/USDT:USDT,0.26907,1576.0,0.26901,1576.0,0.2693,1576.0,0.26932,1576.0
1753504270668,04:31:10.668,ALGO/USDT:USDT,0.26907,1576.0,0.26901,1576.0,0.2693,1576.0,0.26932,1576.0
1753504270669,04:31:10.669,ALGO/USDT:USDT,0.26907,1576.0,0.26901,1576.0,0.2693,1576.0,0.26932,1576.0
1753504270670,04:31:10.670,ALGO/USDT:USDT,0.26907,1576.0,0.26901,1576.0,0.2693,1576.0,0.26932,1576.0
1753504270671,04:31:10.671,ALGO/USDT:USDT,0.26907,1576.0,0.26901,1576.0,0.2693,3079.0,0.26932,1576.0
1753504270672,04:31:10.672,ALGO/USDT:USDT,0.26907,1576.0,0.26901,1576.0,0.2693,3079.0,0.26932,1576.0
1753504270674,04:31:10.674,ALGO/USDT:USDT,0.26907,1576.0,0.26901,1576.0,0.2693,3079.0,0.26932,1576.0
1753504270674,04:31:10.674,ALGO/USDT:USDT,0.26907,1576.0,0.26902,2089.0,0.2693,3079.0,0.26932,1576.0
1753504270675,04:31:10.675,ALGO/USDT:USDT,0.26907,1576.0,0.26902,2089.0,0.26929,1576.0,0.2693,1503.0
1753504270675,04:31:10.675,ALGO/USDT:USDT,0.26907,1576.0,0.26902,2089.0,0.26929,1576.0,0.2693,1503.0
1753504270678,04:31:10.678,ALGO/USDT:USDT,0.26907,1576.0,0.26902,2089.0,0.26929,1576.0,0.2693,1503.0
1753504270679,04:31:10.679,ALGO/USDT:USDT,0.26907,1576.0,0.26902,2089.0,0.26929,1576.0,0.2693,1503.0
1753504270681,04:31:10.681,ALGO/USDT:USDT,0.26907,1576.0,0.26902,2089.0,0.26929,1576.0,0.2693,1503.0
1753504270681,04:31:10.681,ALGO/USDT:USDT,0.26907,1576.0,0.26902,2089.0,0.26929,1576.0,0.2693,1503.0
1753504270682,04:31:10.682,ALGO/USDT:USDT,0.26907,1576.0,0.26902,2089.0,0.26929,1576.0,0.2693,1503.0
1753504270683,04:31:10.683,ALGO/USDT:USDT,0.26907,1576.0,0.26902,2089.0,0.26929,1576.0,0.2693,1503.0
1753504270683,04:31:10.683,ALGO/USDT:USDT,0.26907,1576.0,0.26902,2089.0,0.26929,1576.0,0.2693,1503.0
1753504270685,04:31:10.685,ALGO/USDT:USDT,0.26907,1576.0,0.26902,2089.0,0.26929,1576.0,0.2693,1503.0
1753504270686,04:31:10.686,ALGO/USDT:USDT,0.26907,1576.0,0.26902,2089.0,0.26929,1576.0,0.2693,1503.0
1753504270686,04:31:10.686,ALGO/USDT:USDT,0.26907,1576.0,0.26902,2089.0,0.26929,1576.0,0.2693,1503.0
1753504270687,04:31:10.687,ALGO/USDT:USDT,0.26907,1576.0,0.26902,2089.0,0.26929,1576.0,0.2693,1503.0
1753504270689,04:31:10.689,ALGO/USDT:USDT,0.26907,1576.0,0.26902,2089.0,0.26929,1576.0,0.2693,1503.0
1753504270689,04:31:10.689,ALGO/USDT:USDT,0.26907,1576.0,0.26902,2089.0,0.26929,1576.0,0.2693,1503.0
1753504270689,04:31:10.689,ALGO/USDT:USDT,0.26907,1576.0,0.26902,2089.0,0.26929,1576.0,0.26932,1576.0
1753504270690,04:31:10.690,ALGO/USDT:USDT,0.26907,1576.0,0.26902,2089.0,0.26929,1576.0,0.26932,1576.0
1753504270690,04:31:10.690,ALGO/USDT:USDT,0.26907,1576.0,0.26902,2089.0,0.26929,1576.0,0.26932,1576.0
1753504270692,04:31:10.692,ALGO/USDT:USDT,0.26907,1576.0,0.26902,2089.0,0.26929,1576.0,0.26932,1576.0
1753504270692,04:31:10.692,ALGO/USDT:USDT,0.26907,1576.0,0.26902,2089.0,0.26917,27.0,0.26929,1576.0
1753504270692,04:31:10.692,ALGO/USDT:USDT,0.26907,1576.0,0.26902,2089.0,0.26917,27.0,0.26929,1576.0
1753504270694,04:31:10.694,ALGO/USDT:USDT,0.26907,1576.0,0.26902,2089.0,0.26917,27.0,0.26929,1576.0
1753504270694,04:31:10.694,ALGO/USDT:USDT,0.26907,1576.0,0.26902,2089.0,0.26917,27.0,0.2692,52.0
1753504270694,04:31:10.694,ALGO/USDT:USDT,0.26907,1576.0,0.26902,2089.0,0.26917,27.0,0.2692,52.0
1753504270695,04:31:10.695,ALGO/USDT:USDT,0.26907,1576.0,0.26902,2089.0,0.26917,27.0,0.2692,52.0
1753504270695,04:31:10.695,ALGO/USDT:USDT,0.26907,1576.0,0.26902,2089.0,0.26917,27.0,0.2692,52.0
1753504270697,04:31:10.697,ALGO/USDT:USDT,0.26907,1576.0,0.26902,2089.0,0.26917,27.0,0.2692,52.0
1753504270698,04:31:10.698,ALGO/USDT:USDT,0.26907,1576.0,0.26902,2089.0,0.26917,27.0,0.2692,52.0
1753504270700,04:31:10.700,ALGO/USDT:USDT,0.26907,1576.0,0.26902,2089.0,0.26917,27.0,0.2692,52.0
1753504270700,04:31:10.700,ALGO/USDT:USDT,0.26907,1576.0,0.26902,2089.0,0.26917,27.0,0.2692,52.0
1753504270701,04:31:10.701,ALGO/USDT:USDT,0.26907,1576.0,0.26902,2089.0,0.26923,100.0,0.26926,193.0
1753504270703,04:31:10.703,ALGO/USDT:USDT,0.26907,1576.0,0.26902,2089.0,0.26923,100.0,0.26926,193.0
1753504270703,04:31:10.703,ALGO/USDT:USDT,0.26907,1576.0,0.26902,2089.0,0.26923,100.0,0.26926,193.0
1753504270704,04:31:10.704,ALGO/USDT:USDT,0.26907,1576.0,0.26902,2089.0,0.26923,100.0,0.26926,193.0
1753504270705,04:31:10.705,ALGO/USDT:USDT,0.26907,1576.0,0.26902,4373.0,0.26923,100.0,0.26926,193.0
1753504270705,04:31:10.705,ALGO/USDT:USDT,0.26907,1576.0,0.26902,4373.0,0.26923,100.0,0.26926,193.0
1753504270705,04:31:10.705,ALGO/USDT:USDT,0.26907,1576.0,0.26902,4373.0,0.26923,100.0,0.26926,193.0
1753504270706,04:31:10.706,ALGO/USDT:USDT,0.26907,1576.0,0.26902,4373.0,0.26923,100.0,0.26926,193.0
1753504270707,04:31:10.707,ALGO/USDT:USDT,0.26907,1576.0,0.26902,4373.0,0.26923,100.0,0.26926,193.0
1753504270708,04:31:10.708,ALGO/USDT:USDT,0.26907,1576.0,0.26902,4373.0,0.26923,100.0,0.26926,193.0
1753504270708,04:31:10.708,ALGO/USDT:USDT,0.26907,1576.0,0.26903,1312.0,0.26923,100.0,0.26926,193.0
1753504270710,04:31:10.710,ALGO/USDT:USDT,0.26907,1576.0,0.26903,1312.0,0.26923,100.0,0.26926,193.0
1753504270740,04:31:10.740,ALGO/USDT:USDT,0.26907,1576.0,0.26903,1312.0,0.26923,100.0,0.26926,193.0
1753504270744,04:31:10.744,ALGO/USDT:USDT,0.26907,1576.0,0.26903,1312.0,0.26923,100.0,0.26926,193.0
1753504270744,04:31:10.744,ALGO/USDT:USDT,0.26907,1576.0,0.26903,1312.0,0.26923,100.0,0.26926,193.0
1753504270746,04:31:10.746,ALGO/USDT:USDT,0.26907,1576.0,0.26903,1312.0,0.26923,100.0,0.26926,193.0
1753504270746,04:31:10.746,ALGO/USDT:USDT,0.26907,1576.0,0.26903,1312.0,0.26923,100.0,0.26926,193.0
1753504270756,04:31:10.756,ALGO/USDT:USDT,0.26907,1576.0,0.26903,1312.0,0.26923,100.0,0.26926,193.0
1753504270758,04:31:10.758,ALGO/USDT:USDT,0.26907,1576.0,0.26903,1312.0,0.26923,100.0,0.26926,193.0
1753504270758,04:31:10.758,ALGO/USDT:USDT,0.26907,1576.0,0.26903,1312.0,0.26923,100.0,0.26926,193.0
1753504270760,04:31:10.760,ALGO/USDT:USDT,0.26907,1576.0,0.26903,1312.0,0.26923,100.0,0.26926,193.0
1753504270762,04:31:10.762,ALGO/USDT:USDT,0.26907,1576.0,0.26903,1312.0,0.26923,100.0,0.26926,193.0
1753504270764,04:31:10.764,ALGO/USDT:USDT,0.26907,1576.0,0.26903,1312.0,0.26923,100.0,0.26926,193.0
1753504270765,04:31:10.765,ALGO/USDT:USDT,0.26907,1576.0,0.26903,1312.0,0.26923,100.0,0.26926,193.0
1753504270766,04:31:10.766,ALGO/USDT:USDT,0.26907,1576.0,0.26903,1312.0,0.26923,100.0,0.26926,193.0
1753504270768,04:31:10.768,ALGO/USDT:USDT,0.26907,1576.0,0.26903,1312.0,0.26923,100.0,0.26926,193.0
1753504270799,04:31:10.799,ALGO/USDT:USDT,0.26907,1576.0,0.26903,1312.0,0.26923,100.0,0.26926,193.0
1753504270800,04:31:10.800,ALGO/USDT:USDT,0.26907,1576.0,0.26903,1312.0,0.26923,100.0,0.26926,193.0
1753504270800,04:31:10.800,ALGO/USDT:USDT,0.26907,1576.0,0.26906,1454.0,0.26923,100.0,0.26926,193.0
1753504270806,04:31:10.806,ALGO/USDT:USDT,0.26907,1576.0,0.26906,1454.0,0.26923,100.0,0.26926,193.0
1753504270806,04:31:10.806,ALGO/USDT:USDT,0.26907,1576.0,0.26906,1454.0,0.26923,100.0,0.26926,193.0
1753504270807,04:31:10.807,ALGO/USDT:USDT,0.26907,1576.0,0.26906,1454.0,0.26923,100.0,0.26926,193.0
1753504270809,04:31:10.809,ALGO/USDT:USDT,0.26907,1576.0,0.26906,1454.0,0.26923,100.0,0.26926,193.0
1753504270809,04:31:10.809,ALGO/USDT:USDT,0.26907,1576.0,0.26906,1454.0,0.26923,100.0,0.26926,193.0
1753504270810,04:31:10.810,ALGO/USDT:USDT,0.26907,1576.0,0.26906,1454.0,0.26923,100.0,0.26926,193.0
1753504270849,04:31:10.849,ALGO/USDT:USDT,0.26907,1576.0,0.26906,1454.0,0.26926,63.0,0.26928,372.0
1753504270850,04:31:10.850,ALGO/USDT:USDT,0.26907,1576.0,0.26906,1454.0,0.26926,63.0,0.26928,372.0
1753504270851,04:31:10.851,ALGO/USDT:USDT,0.26907,1576.0,0.26906,1454.0,0.26926,63.0,0.26928,372.0
1753504270860,04:31:10.860,ALGO/USDT:USDT,0.26907,1576.0,0.26906,1454.0,0.26926,63.0,0.26928,372.0
1753504270872,04:31:10.872,ALGO/USDT:USDT,0.26907,1576.0,0.26906,1454.0,0.26925,1576.0,0.26926,63.0
1753504270874,04:31:10.874,ALGO/USDT:USDT,0.26907,1576.0,0.26906,1454.0,0.26925,1576.0,0.26926,63.0
1753504270899,04:31:10.899,ALGO/USDT:USDT,0.26907,1576.0,0.26906,1454.0,0.26925,1576.0,0.26926,63.0
1753504270906,04:31:10.906,ALGO/USDT:USDT,0.26907,1576.0,0.26906,1454.0,0.26925,1576.0,0.26926,63.0
1753504270911,04:31:10.911,ALGO/USDT:USDT,0.26907,1576.0,0.26906,1454.0,0.26925,1576.0,0.26926,63.0
1753504270911,04:31:10.911,ALGO/USDT:USDT,0.26907,1576.0,0.26906,1454.0,0.26925,1576.0,0.26926,63.0
1753504270914,04:31:10.914,ALGO/USDT:USDT,0.26907,1576.0,0.26906,1454.0,0.26925,1576.0,0.26926,63.0
1753504270917,04:31:10.917,ALGO/USDT:USDT,0.26907,1576.0,0.26906,1454.0,0.26925,1576.0,0.26926,63.0
1753504270917,04:31:10.917,ALGO/USDT:USDT,0.26907,3576.0,0.26906,1454.0,0.26925,1576.0,0.26926,63.0
1753504270918,04:31:10.918,ALGO/USDT:USDT,0.26907,3576.0,0.26906,1454.0,0.26925,1576.0,0.26926,63.0
1753504270921,04:31:10.921,ALGO/USDT:USDT,0.26908,2649.0,0.26907,3576.0,0.26925,1576.0,0.26926,63.0
1753504270922,04:31:10.922,ALGO/USDT:USDT,0.26908,2649.0,0.26907,2000.0,0.26925,1576.0,0.26926,63.0
1753504270925,04:31:10.925,ALGO/USDT:USDT,0.26909,1576.0,0.26908,2649.0,0.26925,1576.0,0.26926,63.0
1753504270925,04:31:10.925,ALGO/USDT:USDT,0.26909,1576.0,0.26908,1073.0,0.26925,1576.0,0.26926,63.0
1753504270926,04:31:10.926,ALGO/USDT:USDT,0.26909,1576.0,0.26907,2000.0,0.26925,1576.0,0.26926,63.0
1753504270929,04:31:10.929,ALGO/USDT:USDT,0.26909,1576.0,0.26907,2000.0,0.26925,1576.0,0.26926,63.0
1753504270930,04:31:10.930,ALGO/USDT:USDT,0.26909,17871.0,0.26907,2000.0,0.26925,1576.0,0.26926,63.0
1753504270933,04:31:10.933,ALGO/USDT:USDT,0.2691,1576.0,0.26909,17871.0,0.26925,1576.0,0.26926,63.0
1753504270934,04:31:10.934,ALGO/USDT:USDT,0.2691,6937.0,0.26909,17871.0,0.26925,1576.0,0.26926,63.0
1753504270937,04:31:10.937,ALGO/USDT:USDT,0.26911,1576.0,0.2691,6937.0,0.26925,1576.0,0.26926,63.0
1753504270937,04:31:10.937,ALGO/USDT:USDT,0.26911,1576.0,0.2691,6937.0,0.26925,1576.0,0.26926,63.0
1753504270937,04:31:10.937,ALGO/USDT:USDT,0.26911,1576.0,0.2691,6937.0,0.26925,1576.0,0.26926,63.0
1753504270938,04:31:10.938,ALGO/USDT:USDT,0.26911,1576.0,0.2691,6937.0,0.26925,1576.0,0.26926,63.0
1753504270938,04:31:10.938,ALGO/USDT:USDT,0.26911,1576.0,0.2691,5361.0,0.26925,1576.0,0.26926,63.0
1753504270939,04:31:10.939,ALGO/USDT:USDT,0.26911,1576.0,0.2691,5361.0,0.26925,1576.0,0.26926,63.0
1753504270941,04:31:10.941,ALGO/USDT:USDT,0.26911,1576.0,0.2691,5361.0,0.26925,1576.0,0.26926,63.0
1753504270943,04:31:10.943,ALGO/USDT:USDT,0.26911,1576.0,0.2691,5361.0,0.26925,1576.0,0.26926,63.0
1753504270945,04:31:10.945,ALGO/USDT:USDT,0.26911,1576.0,0.2691,5361.0,0.26925,1576.0,0.26926,63.0
1753504270947,04:31:10.947,ALGO/USDT:USDT,0.26911,1576.0,0.2691,5361.0,0.26925,1576.0,0.26926,63.0
1753504270951,04:31:10.951,ALGO/USDT:USDT,0.26911,1576.0,0.2691,5361.0,0.26925,1576.0,0.26926,63.0
1753504270953,04:31:10.953,ALGO/USDT:USDT,0.26911,1576.0,0.2691,5361.0,0.26925,1576.0,0.26926,63.0
1753504270956,04:31:10.956,ALGO/USDT:USDT,0.26911,1576.0,0.2691,5361.0,0.26925,1576.0,0.26926,63.0
1753504270962,04:31:10.962,ALGO/USDT:USDT,0.26911,1576.0,0.2691,5361.0,0.26925,1576.0,0.26926,63.0
1753504270962,04:31:10.962,ALGO/USDT:USDT,0.26911,1576.0,0.2691,5361.0,0.26925,1576.0,0.26926,63.0
1753504270974,04:31:10.974,ALGO/USDT:USDT,0.26911,1576.0,0.2691,5361.0,0.26925,1576.0,0.26926,63.0
1753504271013,04:31:11.013,ALGO/USDT:USDT,0.26911,1576.0,0.2691,5361.0,0.26925,1576.0,0.26926,63.0
1753504271013,04:31:11.013,ALGO/USDT:USDT,0.26911,1576.0,0.2691,5361.0,0.26925,1576.0,0.26926,63.0
1753504271014,04:31:11.014,ALGO/USDT:USDT,0.26911,1576.0,0.2691,5361.0,0.26925,1576.0,0.26926,63.0
1753504271023,04:31:11.023,ALGO/USDT:USDT,0.26911,1576.0,0.2691,5361.0,0.26925,1576.0,0.26926,63.0
1753504271023,04:31:11.023,ALGO/USDT:USDT,0.26911,1576.0,0.2691,5361.0,0.26925,1576.0,0.26926,63.0
1753504271025,04:31:11.025,ALGO/USDT:USDT,0.26911,1576.0,0.2691,5361.0,0.26925,1576.0,0.26926,63.0
1753504271027,04:31:11.027,ALGO/USDT:USDT,0.26911,1576.0,0.2691,5361.0,0.26925,1576.0,0.26926,63.0
1753504271029,04:31:11.029,ALGO/USDT:USDT,0.26911,1576.0,0.2691,5361.0,0.26925,1576.0,0.26926,63.0
1753504271065,04:31:11.065,ALGO/USDT:USDT,0.26911,1576.0,0.2691,5361.0,0.26925,1576.0,0.26926,63.0
1753504271067,04:31:11.067,ALGO/USDT:USDT,0.26911,3576.0,0.2691,5361.0,0.26925,1576.0,0.26926,63.0
1753504271070,04:31:11.070,ALGO/USDT:USDT,0.26912,1576.0,0.26911,3576.0,0.26925,1576.0,0.26926,63.0
1753504271071,04:31:11.071,ALGO/USDT:USDT,0.26912,2649.0,0.26911,3576.0,0.26925,1576.0,0.26926,63.0
1753504271074,04:31:11.074,ALGO/USDT:USDT,0.26912,1073.0,0.26911,3576.0,0.26925,1576.0,0.26926,63.0
1753504271076,04:31:11.076,ALGO/USDT:USDT,0.26913,1576.0,0.26912,1073.0,0.26925,1576.0,0.26926,63.0
1753504271102,04:31:11.102,ALGO/USDT:USDT,0.26913,1576.0,0.26912,1073.0,0.26925,1576.0,0.26926,63.0
1753504271105,04:31:11.105,ALGO/USDT:USDT,0.26913,1576.0,0.26911,1576.0,0.26925,1576.0,0.26926,63.0
1753504271117,04:31:11.117,ALGO/USDT:USDT,0.26913,1576.0,0.26911,1576.0,0.26925,1576.0,0.26926,63.0
1753504271167,04:31:11.167,ALGO/USDT:USDT,0.26913,1576.0,0.26911,1576.0,0.26925,1576.0,0.26926,63.0
1753504271167,04:31:11.167,ALGO/USDT:USDT,0.26913,1576.0,0.26911,1576.0,0.26925,1576.0,0.26926,63.0
1753504271184,04:31:11.184,ALGO/USDT:USDT,0.26913,1576.0,0.26911,1576.0,0.26925,1576.0,0.26926,63.0
1753504271197,04:31:11.197,ALGO/USDT:USDT,0.26913,1576.0,0.26911,1576.0,0.26925,1576.0,0.26926,63.0
1753504271202,04:31:11.202,ALGO/USDT:USDT,0.26913,1576.0,0.26911,1576.0,0.26925,1576.0,0.26926,63.0
1753504271213,04:31:11.213,ALGO/USDT:USDT,0.26913,3576.0,0.26911,1576.0,0.26925,1576.0,0.26926,63.0
1753504271217,04:31:11.217,ALGO/USDT:USDT,0.26914,2649.0,0.26913,3576.0,0.26925,1576.0,0.26926,63.0
1753504271217,04:31:11.217,ALGO/USDT:USDT,0.26914,2649.0,0.26913,3576.0,0.26925,1576.0,0.26926,63.0
1753504271222,04:31:11.222,ALGO/USDT:USDT,0.26915,1576.0,0.26914,1073.0,0.26925,1576.0,0.26926,63.0
1753504271255,04:31:11.255,ALGO/USDT:USDT,0.26915,1576.0,0.26914,1073.0,0.26925,1576.0,0.26926,63.0
1753504271258,04:31:11.258,ALGO/USDT:USDT,0.26915,1576.0,0.26913,1576.0,0.26925,1576.0,0.26926,63.0
1753504271263,04:31:11.263,ALGO/USDT:USDT,0.26915,1576.0,0.26913,1576.0,0.26925,1576.0,0.26926,63.0
1753504271267,04:31:11.267,ALGO/USDT:USDT,0.26915,1576.0,0.26913,1576.0,0.26925,1576.0,0.26926,63.0
1753504271270,04:31:11.270,ALGO/USDT:USDT,0.26915,1576.0,0.26913,1576.0,0.26925,1576.0,0.26926,63.0
1753504271319,04:31:11.319,ALGO/USDT:USDT,0.26915,1576.0,0.26913,1576.0,0.26925,1576.0,0.26926,63.0
1753504271372,04:31:11.372,ALGO/USDT:USDT,0.26915,1576.0,0.26913,1576.0,0.26925,1576.0,0.26926,63.0
1753504271374,04:31:11.374,ALGO/USDT:USDT,0.26913,1576.0,0.26911,1576.0,0.26925,1576.0,0.26926,63.0
1753504271382,04:31:11.382,ALGO/USDT:USDT,0.26911,1576.0,0.2691,7449.0,0.26925,1576.0,0.26926,63.0
1753504271386,04:31:11.386,ALGO/USDT:USDT,0.26911,1576.0,0.2691,5361.0,0.26925,1576.0,0.26926,63.0
1753504271422,04:31:11.422,ALGO/USDT:USDT,0.26911,1576.0,0.2691,5361.0,0.26925,1576.0,0.26926,63.0
1753504271422,04:31:11.422,ALGO/USDT:USDT,0.26911,1576.0,0.2691,5361.0,0.26925,1576.0,0.26926,63.0
1753504271513,04:31:11.513,ALGO/USDT:USDT,0.26911,3636.0,0.2691,5361.0,0.26925,1576.0,0.26926,63.0
1753504271517,04:31:11.517,ALGO/USDT:USDT,0.26912,2667.0,0.26911,2060.0,0.26925,1576.0,0.26926,63.0
1753504271518,04:31:11.518,ALGO/USDT:USDT,0.26912,2667.0,0.26911,2060.0,0.26925,1576.0,0.26926,63.0
1753504271536,04:31:11.536,ALGO/USDT:USDT,0.26913,1576.0,0.26911,2060.0,0.26925,1576.0,0.26926,63.0
1753504271550,04:31:11.550,ALGO/USDT:USDT,0.26913,1576.0,0.2691,5361.0,0.26925,1576.0,0.26926,63.0
1753504271554,04:31:11.554,ALGO/USDT:USDT,0.26913,1576.0,0.2691,5361.0,0.26925,1576.0,0.26926,63.0
1753504271556,04:31:11.556,ALGO/USDT:USDT,0.26913,1576.0,0.2691,5361.0,0.26925,1576.0,0.26926,63.0
1753504271557,04:31:11.557,ALGO/USDT:USDT,0.26913,1576.0,0.2691,5361.0,0.26925,1576.0,0.26926,63.0
1753504271567,04:31:11.567,ALGO/USDT:USDT,0.26913,1576.0,0.2691,5361.0,0.26926,63.0,0.26928,372.0
