timestamp,time,symbol,bid1_price,bid1_volume,bid2_price,bid2_volume,ask1_price,ask1_volume,ask2_price,ask2_volume
1753504006953,04:26:46.953,AAVE/USDT:USDT,297.32,84.0,297.31,728.0,297.36,23.0,297.41,141.0
1753504007602,04:26:47.602,AAVE/USDT:USDT,297.32,84.0,297.31,728.0,297.36,23.0,297.41,141.0
1753504007623,04:26:47.623,AAVE/USDT:USDT,297.32,84.0,297.31,728.0,297.36,23.0,297.41,141.0
1753504007712,04:26:47.712,AAVE/USDT:USDT,297.32,84.0,297.31,728.0,297.36,23.0,297.41,141.0
1753504007728,04:26:47.728,AAVE/USDT:USDT,297.32,84.0,297.31,728.0,297.36,23.0,297.41,141.0
1753504007730,04:26:47.730,AAVE/USDT:USDT,297.32,84.0,297.31,728.0,297.36,23.0,297.41,141.0
1753504007827,04:26:47.827,AAVE/USDT:USDT,297.32,84.0,297.31,728.0,297.36,23.0,297.41,141.0
1753504007829,04:26:47.829,AAVE/USDT:USDT,297.32,84.0,297.31,728.0,297.36,23.0,297.41,141.0
1753504007963,04:26:47.963,AAVE/USDT:USDT,297.32,84.0,297.31,728.0,297.36,23.0,297.41,141.0
1753504008006,04:26:48.006,AAVE/USDT:USDT,297.32,84.0,297.31,728.0,297.36,23.0,297.41,141.0
1753504008006,04:26:48.006,AAVE/USDT:USDT,297.32,84.0,297.31,728.0,297.36,23.0,297.41,141.0
1753504008006,04:26:48.006,AAVE/USDT:USDT,297.32,84.0,297.31,728.0,297.36,23.0,297.41,141.0
1753504008008,04:26:48.008,AAVE/USDT:USDT,297.32,84.0,297.31,728.0,297.36,23.0,297.41,141.0
1753504008009,04:26:48.009,AAVE/USDT:USDT,297.32,84.0,297.31,728.0,297.36,23.0,297.41,141.0
1753504008011,04:26:48.011,AAVE/USDT:USDT,297.32,84.0,297.31,728.0,297.36,23.0,297.41,141.0
1753504008016,04:26:48.016,AAVE/USDT:USDT,297.32,84.0,297.31,728.0,297.36,23.0,297.41,141.0
1753504008019,04:26:48.019,AAVE/USDT:USDT,297.32,84.0,297.31,728.0,297.36,23.0,297.41,141.0
1753504008021,04:26:48.021,AAVE/USDT:USDT,297.32,84.0,297.31,728.0,297.36,23.0,297.41,141.0
1753504008085,04:26:48.085,AAVE/USDT:USDT,297.32,84.0,297.31,728.0,297.36,23.0,297.41,141.0
1753504008085,04:26:48.085,AAVE/USDT:USDT,297.32,84.0,297.31,728.0,297.36,23.0,297.41,141.0
1753504008085,04:26:48.085,AAVE/USDT:USDT,297.32,84.0,297.31,728.0,297.36,23.0,297.41,141.0
1753504008116,04:26:48.116,AAVE/USDT:USDT,297.32,84.0,297.31,728.0,297.36,23.0,297.41,141.0
1753504008118,04:26:48.118,AAVE/USDT:USDT,297.32,84.0,297.31,728.0,297.36,23.0,297.41,141.0
1753504008119,04:26:48.119,AAVE/USDT:USDT,297.32,84.0,297.31,728.0,297.36,23.0,297.41,141.0
1753504008121,04:26:48.121,AAVE/USDT:USDT,297.32,84.0,297.31,728.0,297.36,23.0,297.41,141.0
1753504008122,04:26:48.122,AAVE/USDT:USDT,297.32,84.0,297.31,728.0,297.36,23.0,297.41,141.0
1753504008124,04:26:48.124,AAVE/USDT:USDT,297.32,84.0,297.31,728.0,297.36,23.0,297.41,142.0
1753504008126,04:26:48.126,AAVE/USDT:USDT,297.32,84.0,297.31,728.0,297.36,23.0,297.41,142.0
1753504008128,04:26:48.128,AAVE/USDT:USDT,297.32,84.0,297.31,728.0,297.36,23.0,297.41,142.0
1753504008129,04:26:48.129,AAVE/USDT:USDT,297.32,84.0,297.31,728.0,297.36,23.0,297.41,142.0
1753504008131,04:26:48.131,AAVE/USDT:USDT,297.32,84.0,297.31,728.0,297.36,23.0,297.41,142.0
1753504008254,04:26:48.254,AAVE/USDT:USDT,297.32,84.0,297.31,728.0,297.36,23.0,297.41,142.0
1753504008258,04:26:48.258,AAVE/USDT:USDT,297.32,84.0,297.31,728.0,297.36,23.0,297.41,142.0
1753504008265,04:26:48.265,AAVE/USDT:USDT,297.32,84.0,297.31,728.0,297.36,23.0,297.41,142.0
1753504008450,04:26:48.450,AAVE/USDT:USDT,297.32,84.0,297.31,728.0,297.36,23.0,297.41,142.0
1753504008451,04:26:48.451,AAVE/USDT:USDT,297.32,84.0,297.31,728.0,297.36,23.0,297.41,142.0
1753504008455,04:26:48.455,AAVE/USDT:USDT,297.32,84.0,297.31,728.0,297.36,23.0,297.41,142.0
1753504008477,04:26:48.477,AAVE/USDT:USDT,297.32,84.0,297.31,728.0,297.36,23.0,297.41,142.0
1753504008562,04:26:48.562,AAVE/USDT:USDT,297.32,84.0,297.31,728.0,297.36,23.0,297.41,142.0
1753504008562,04:26:48.562,AAVE/USDT:USDT,297.32,84.0,297.31,728.0,297.36,23.0,297.41,142.0
1753504008883,04:26:48.883,AAVE/USDT:USDT,297.32,84.0,297.31,728.0,297.36,23.0,297.41,142.0
1753504009074,04:26:49.074,AAVE/USDT:USDT,297.32,84.0,297.31,728.0,297.36,108.0,297.41,142.0
1753504009074,04:26:49.074,AAVE/USDT:USDT,297.32,84.0,297.31,728.0,297.36,108.0,297.41,142.0
1753504009124,04:26:49.124,AAVE/USDT:USDT,297.32,84.0,297.31,728.0,297.35,85.0,297.36,23.0
1753504009126,04:26:49.126,AAVE/USDT:USDT,297.32,84.0,297.31,728.0,297.35,85.0,297.41,142.0
1753504009143,04:26:49.143,AAVE/USDT:USDT,297.32,84.0,297.31,728.0,297.35,85.0,297.41,141.0
1753504009166,04:26:49.166,AAVE/USDT:USDT,297.32,84.0,297.31,728.0,297.35,85.0,297.41,141.0
1753504009166,04:26:49.166,AAVE/USDT:USDT,297.32,84.0,297.31,728.0,297.35,85.0,297.41,141.0
1753504009166,04:26:49.166,AAVE/USDT:USDT,297.32,84.0,297.31,728.0,297.35,85.0,297.41,141.0
1753504009166,04:26:49.166,AAVE/USDT:USDT,297.32,84.0,297.31,728.0,297.35,85.0,297.39,141.0
1753504009170,04:26:49.170,AAVE/USDT:USDT,297.32,84.0,297.31,728.0,297.35,85.0,297.39,141.0
1753504009175,04:26:49.175,AAVE/USDT:USDT,297.32,84.0,297.31,728.0,297.35,85.0,297.39,141.0
1753504009177,04:26:49.177,AAVE/USDT:USDT,297.32,84.0,297.31,728.0,297.35,85.0,297.39,141.0
1753504009177,04:26:49.177,AAVE/USDT:USDT,297.32,84.0,297.31,728.0,297.35,85.0,297.39,141.0
1753504009180,04:26:49.180,AAVE/USDT:USDT,297.32,84.0,297.31,728.0,297.35,85.0,297.39,141.0
1753504009182,04:26:49.182,AAVE/USDT:USDT,297.32,84.0,297.31,728.0,297.35,85.0,297.39,141.0
1753504009183,04:26:49.183,AAVE/USDT:USDT,297.32,84.0,297.31,728.0,297.35,85.0,297.39,141.0
1753504009183,04:26:49.183,AAVE/USDT:USDT,297.32,84.0,297.31,728.0,297.35,85.0,297.39,141.0
1753504009184,04:26:49.184,AAVE/USDT:USDT,297.32,84.0,297.31,728.0,297.35,85.0,297.39,141.0
1753504009187,04:26:49.187,AAVE/USDT:USDT,297.32,84.0,297.31,728.0,297.35,85.0,297.39,141.0
1753504009188,04:26:49.188,AAVE/USDT:USDT,297.32,84.0,297.31,728.0,297.35,85.0,297.39,141.0
1753504009191,04:26:49.191,AAVE/USDT:USDT,297.32,84.0,297.31,728.0,297.35,85.0,297.39,141.0
1753504009196,04:26:49.196,AAVE/USDT:USDT,297.32,84.0,297.31,728.0,297.35,85.0,297.39,141.0
1753504009199,04:26:49.199,AAVE/USDT:USDT,297.32,84.0,297.31,728.0,297.35,85.0,297.39,141.0
1753504009201,04:26:49.201,AAVE/USDT:USDT,297.32,84.0,297.31,728.0,297.35,85.0,297.39,141.0
1753504009202,04:26:49.202,AAVE/USDT:USDT,297.32,84.0,297.31,728.0,297.35,85.0,297.39,141.0
1753504009204,04:26:49.204,AAVE/USDT:USDT,297.32,84.0,297.31,728.0,297.35,85.0,297.39,141.0
1753504009206,04:26:49.206,AAVE/USDT:USDT,297.32,84.0,297.31,728.0,297.35,85.0,297.39,141.0
1753504009208,04:26:49.208,AAVE/USDT:USDT,297.32,84.0,297.31,728.0,297.35,85.0,297.39,141.0
1753504009209,04:26:49.209,AAVE/USDT:USDT,297.32,84.0,297.31,728.0,297.35,85.0,297.39,141.0
1753504009211,04:26:49.211,AAVE/USDT:USDT,297.32,84.0,297.31,728.0,297.35,85.0,297.39,141.0
1753504009225,04:26:49.225,AAVE/USDT:USDT,297.32,84.0,297.31,728.0,297.35,85.0,297.39,141.0
1753504009237,04:26:49.237,AAVE/USDT:USDT,297.32,84.0,297.31,728.0,297.35,85.0,297.39,141.0
1753504009237,04:26:49.237,AAVE/USDT:USDT,297.32,84.0,297.31,728.0,297.35,85.0,297.39,141.0
1753504009243,04:26:49.243,AAVE/USDT:USDT,297.32,84.0,297.31,728.0,297.35,85.0,297.39,141.0
1753504009249,04:26:49.249,AAVE/USDT:USDT,297.32,84.0,297.31,728.0,297.35,85.0,297.39,141.0
1753504009268,04:26:49.268,AAVE/USDT:USDT,297.32,84.0,297.31,728.0,297.35,85.0,297.39,141.0
1753504009361,04:26:49.361,AAVE/USDT:USDT,297.32,84.0,297.31,728.0,297.35,85.0,297.39,141.0
1753504009361,04:26:49.361,AAVE/USDT:USDT,297.32,84.0,297.31,728.0,297.35,85.0,297.39,141.0
1753504009623,04:26:49.623,AAVE/USDT:USDT,297.32,84.0,297.31,728.0,297.35,85.0,297.39,141.0
1753504009733,04:26:49.733,AAVE/USDT:USDT,297.32,84.0,297.31,728.0,297.35,85.0,297.39,141.0
1753504009974,04:26:49.974,AAVE/USDT:USDT,297.32,84.0,297.31,728.0,297.39,141.0,297.43,355.0
1753504009978,04:26:49.978,AAVE/USDT:USDT,297.32,84.0,297.31,728.0,297.43,355.0,297.44,169.0
1753504009978,04:26:49.978,AAVE/USDT:USDT,297.32,84.0,297.31,728.0,297.38,85.0,297.43,355.0
1753504009982,04:26:49.982,AAVE/USDT:USDT,297.32,84.0,297.31,728.0,297.38,85.0,297.43,84.0
1753504009984,04:26:49.984,AAVE/USDT:USDT,297.32,84.0,297.31,728.0,297.38,85.0,297.43,84.0
1753504009984,04:26:49.984,AAVE/USDT:USDT,297.32,84.0,297.31,728.0,297.38,85.0,297.43,84.0
1753504010027,04:26:50.027,AAVE/USDT:USDT,297.32,84.0,297.31,728.0,297.38,85.0,297.43,355.0
1753504010039,04:26:50.039,AAVE/USDT:USDT,297.32,84.0,297.31,728.0,297.38,85.0,297.42,141.0
1753504010080,04:26:50.080,AAVE/USDT:USDT,297.32,84.0,297.31,728.0,297.38,85.0,297.42,141.0
1753504010084,04:26:50.084,AAVE/USDT:USDT,297.32,84.0,297.31,728.0,297.38,85.0,297.42,141.0
1753504010087,04:26:50.087,AAVE/USDT:USDT,297.32,84.0,297.31,728.0,297.38,85.0,297.42,141.0
1753504010090,04:26:50.090,AAVE/USDT:USDT,297.32,84.0,297.31,728.0,297.38,85.0,297.42,141.0
1753504010095,04:26:50.095,AAVE/USDT:USDT,297.32,84.0,297.31,728.0,297.38,85.0,297.42,141.0
1753504010100,04:26:50.100,AAVE/USDT:USDT,297.32,84.0,297.31,728.0,297.38,85.0,297.42,141.0
1753504010221,04:26:50.221,AAVE/USDT:USDT,297.32,84.0,297.31,728.0,297.38,85.0,297.42,141.0
1753504010252,04:26:50.252,AAVE/USDT:USDT,297.32,84.0,297.31,728.0,297.42,141.0,297.43,355.0
1753504010255,04:26:50.255,AAVE/USDT:USDT,297.32,84.0,297.31,728.0,297.42,141.0,297.43,355.0
1753504010255,04:26:50.255,AAVE/USDT:USDT,297.32,84.0,297.31,728.0,297.42,141.0,297.43,355.0
1753504010257,04:26:50.257,AAVE/USDT:USDT,297.32,84.0,297.31,728.0,297.41,85.0,297.42,141.0
1753504010257,04:26:50.257,AAVE/USDT:USDT,297.32,84.0,297.31,728.0,297.41,85.0,297.43,84.0
1753504010267,04:26:50.267,AAVE/USDT:USDT,297.32,84.0,297.31,728.0,297.41,85.0,297.43,84.0
1753504010272,04:26:50.272,AAVE/USDT:USDT,297.32,84.0,297.31,728.0,297.41,85.0,297.43,84.0
1753504010281,04:26:50.281,AAVE/USDT:USDT,297.33,167.0,297.32,84.0,297.41,85.0,297.43,84.0
1753504010282,04:26:50.282,AAVE/USDT:USDT,297.33,167.0,297.32,84.0,297.41,85.0,297.43,84.0
1753504010283,04:26:50.283,AAVE/USDT:USDT,297.33,167.0,297.32,84.0,297.41,85.0,297.43,84.0
1753504010283,04:26:50.283,AAVE/USDT:USDT,297.33,167.0,297.32,84.0,297.41,85.0,297.43,84.0
1753504010285,04:26:50.285,AAVE/USDT:USDT,297.33,167.0,297.32,84.0,297.41,85.0,297.43,84.0
1753504010285,04:26:50.285,AAVE/USDT:USDT,297.34,85.0,297.33,167.0,297.41,85.0,297.43,84.0
1753504010287,04:26:50.287,AAVE/USDT:USDT,297.34,760.0,297.33,167.0,297.41,85.0,297.43,84.0
1753504010287,04:26:50.287,AAVE/USDT:USDT,297.34,760.0,297.33,167.0,297.41,85.0,297.43,84.0
1753504010288,04:26:50.288,AAVE/USDT:USDT,297.34,760.0,297.33,167.0,297.41,85.0,297.43,84.0
1753504010289,04:26:50.289,AAVE/USDT:USDT,297.34,760.0,297.33,167.0,297.41,85.0,297.43,84.0
1753504010290,04:26:50.290,AAVE/USDT:USDT,297.35,85.0,297.34,760.0,297.41,85.0,297.43,84.0
1753504010291,04:26:50.291,AAVE/USDT:USDT,297.35,313.0,297.34,760.0,297.41,85.0,297.43,84.0
1753504010292,04:26:50.292,AAVE/USDT:USDT,297.35,313.0,297.34,675.0,297.43,84.0,297.44,28.0
1753504010292,04:26:50.292,AAVE/USDT:USDT,297.35,313.0,297.34,675.0,297.43,84.0,297.44,28.0
1753504010294,04:26:50.294,AAVE/USDT:USDT,297.35,313.0,297.34,675.0,297.43,84.0,297.44,28.0
1753504010294,04:26:50.294,AAVE/USDT:USDT,297.35,313.0,297.34,675.0,297.43,84.0,297.44,28.0
1753504010295,04:26:50.295,AAVE/USDT:USDT,297.36,85.0,297.35,313.0,297.43,84.0,297.44,28.0
1753504010295,04:26:50.295,AAVE/USDT:USDT,297.36,85.0,297.35,228.0,297.44,28.0,297.45,84.0
1753504010301,04:26:50.301,AAVE/USDT:USDT,297.37,195.0,297.36,334.0,297.44,113.0,297.46,20.0
1753504010304,04:26:50.304,AAVE/USDT:USDT,297.37,2528.0,297.36,334.0,297.43,85.0,297.44,28.0
1753504010304,04:26:50.304,AAVE/USDT:USDT,297.38,85.0,297.37,2528.0,297.43,85.0,297.44,28.0
1753504010307,04:26:50.307,AAVE/USDT:USDT,297.38,810.0,297.37,2528.0,297.43,85.0,297.44,28.0
1753504010307,04:26:50.307,AAVE/USDT:USDT,297.38,810.0,297.37,2528.0,297.43,85.0,297.44,28.0
1753504010308,04:26:50.308,AAVE/USDT:USDT,297.38,810.0,297.37,2443.0,297.43,85.0,297.44,28.0
1753504010310,04:26:50.310,AAVE/USDT:USDT,297.38,810.0,297.37,2443.0,297.43,85.0,297.44,28.0
1753504010310,04:26:50.310,AAVE/USDT:USDT,297.38,810.0,297.37,2443.0,297.43,85.0,297.44,28.0
1753504010310,04:26:50.310,AAVE/USDT:USDT,297.38,810.0,297.37,2443.0,297.43,85.0,297.44,28.0
1753504010311,04:26:50.311,AAVE/USDT:USDT,297.39,85.0,297.38,725.0,297.43,85.0,297.44,28.0
1753504010313,04:26:50.313,AAVE/USDT:USDT,297.39,85.0,297.38,725.0,297.43,85.0,297.44,28.0
1753504010315,04:26:50.315,AAVE/USDT:USDT,297.39,85.0,297.38,725.0,297.43,85.0,297.44,28.0
1753504010315,04:26:50.315,AAVE/USDT:USDT,297.39,85.0,297.38,725.0,297.43,85.0,297.44,28.0
1753504010315,04:26:50.315,AAVE/USDT:USDT,297.39,85.0,297.38,725.0,297.43,85.0,297.44,28.0
1753504010315,04:26:50.315,AAVE/USDT:USDT,297.39,85.0,297.38,725.0,297.43,85.0,297.44,28.0
1753504010315,04:26:50.315,AAVE/USDT:USDT,297.39,85.0,297.38,725.0,297.43,85.0,297.44,28.0
1753504010315,04:26:50.315,AAVE/USDT:USDT,297.39,85.0,297.38,725.0,297.43,85.0,297.44,28.0
1753504010316,04:26:50.316,AAVE/USDT:USDT,297.39,85.0,297.38,725.0,297.43,85.0,297.44,28.0
1753504010318,04:26:50.318,AAVE/USDT:USDT,297.39,85.0,297.38,725.0,297.43,85.0,297.44,28.0
1753504010332,04:26:50.332,AAVE/USDT:USDT,297.39,85.0,297.38,725.0,297.43,85.0,297.44,28.0
1753504010333,04:26:50.333,AAVE/USDT:USDT,297.39,85.0,297.38,725.0,297.43,85.0,297.44,28.0
1753504010334,04:26:50.334,AAVE/USDT:USDT,297.39,85.0,297.38,725.0,297.43,85.0,297.44,28.0
1753504010337,04:26:50.337,AAVE/USDT:USDT,297.39,85.0,297.38,725.0,297.43,85.0,297.44,28.0
1753504010338,04:26:50.338,AAVE/USDT:USDT,297.39,85.0,297.38,725.0,297.43,85.0,297.44,28.0
1753504010338,04:26:50.338,AAVE/USDT:USDT,297.39,85.0,297.37,2443.0,297.43,85.0,297.44,28.0
1753504010339,04:26:50.339,AAVE/USDT:USDT,297.39,85.0,297.37,2443.0,297.43,85.0,297.44,28.0
1753504010341,04:26:50.341,AAVE/USDT:USDT,297.39,85.0,297.37,2443.0,297.43,85.0,297.44,28.0
1753504010342,04:26:50.342,AAVE/USDT:USDT,297.39,85.0,297.37,2443.0,297.43,85.0,297.44,28.0
1753504010343,04:26:50.343,AAVE/USDT:USDT,297.39,85.0,297.37,2443.0,297.43,85.0,297.44,28.0
1753504010344,04:26:50.344,AAVE/USDT:USDT,297.39,85.0,297.37,2443.0,297.43,85.0,297.44,28.0
1753504010346,04:26:50.346,AAVE/USDT:USDT,297.39,85.0,297.37,2443.0,297.43,85.0,297.44,28.0
1753504010346,04:26:50.346,AAVE/USDT:USDT,297.39,85.0,297.37,2443.0,297.43,85.0,297.44,28.0
1753504010346,04:26:50.346,AAVE/USDT:USDT,297.39,85.0,297.37,2443.0,297.43,85.0,297.44,28.0
1753504010348,04:26:50.348,AAVE/USDT:USDT,297.39,85.0,297.37,2443.0,297.43,85.0,297.44,28.0
1753504010348,04:26:50.348,AAVE/USDT:USDT,297.39,85.0,297.37,2443.0,297.43,85.0,297.44,28.0
1753504010348,04:26:50.348,AAVE/USDT:USDT,297.39,85.0,297.37,2443.0,297.43,85.0,297.44,28.0
1753504010350,04:26:50.350,AAVE/USDT:USDT,297.39,85.0,297.37,2443.0,297.43,85.0,297.44,28.0
1753504010350,04:26:50.350,AAVE/USDT:USDT,297.39,85.0,297.37,2443.0,297.43,85.0,297.44,28.0
1753504010350,04:26:50.350,AAVE/USDT:USDT,297.39,85.0,297.37,2443.0,297.43,85.0,297.44,28.0
1753504010351,04:26:50.351,AAVE/USDT:USDT,297.39,85.0,297.37,2443.0,297.43,85.0,297.44,28.0
1753504010351,04:26:50.351,AAVE/USDT:USDT,297.39,85.0,297.37,2443.0,297.43,85.0,297.44,28.0
1753504010351,04:26:50.351,AAVE/USDT:USDT,297.39,85.0,297.37,2443.0,297.43,85.0,297.44,28.0
1753504010354,04:26:50.354,AAVE/USDT:USDT,297.39,85.0,297.37,2443.0,297.43,85.0,297.44,28.0
1753504010354,04:26:50.354,AAVE/USDT:USDT,297.39,85.0,297.37,2443.0,297.43,85.0,297.44,28.0
1753504010354,04:26:50.354,AAVE/USDT:USDT,297.39,85.0,297.37,2443.0,297.43,85.0,297.44,28.0
1753504010354,04:26:50.354,AAVE/USDT:USDT,297.39,85.0,297.37,2443.0,297.43,85.0,297.44,28.0
1753504010355,04:26:50.355,AAVE/USDT:USDT,297.39,85.0,297.37,2443.0,297.43,85.0,297.44,28.0
1753504010355,04:26:50.355,AAVE/USDT:USDT,297.39,85.0,297.37,2443.0,297.43,85.0,297.44,28.0
1753504010357,04:26:50.357,AAVE/USDT:USDT,297.39,85.0,297.37,2443.0,297.43,85.0,297.44,28.0
1753504010357,04:26:50.357,AAVE/USDT:USDT,297.39,85.0,297.37,2443.0,297.43,85.0,297.44,28.0
1753504010358,04:26:50.358,AAVE/USDT:USDT,297.39,85.0,297.37,2443.0,297.43,85.0,297.44,28.0
1753504010360,04:26:50.360,AAVE/USDT:USDT,297.39,85.0,297.37,2443.0,297.43,85.0,297.44,28.0
1753504010360,04:26:50.360,AAVE/USDT:USDT,297.39,85.0,297.37,2443.0,297.43,85.0,297.44,28.0
1753504010361,04:26:50.361,AAVE/USDT:USDT,297.39,85.0,297.37,2443.0,297.43,85.0,297.44,28.0
1753504010363,04:26:50.363,AAVE/USDT:USDT,297.39,85.0,297.37,2443.0,297.44,28.0,297.49,226.0
1753504010366,04:26:50.366,AAVE/USDT:USDT,297.39,85.0,297.37,2443.0,297.44,28.0,297.49,226.0
1753504010367,04:26:50.367,AAVE/USDT:USDT,297.39,85.0,297.37,2443.0,297.44,28.0,297.49,226.0
1753504010369,04:26:50.369,AAVE/USDT:USDT,297.39,85.0,297.37,2443.0,297.44,28.0,297.49,226.0
1753504010371,04:26:50.371,AAVE/USDT:USDT,297.39,85.0,297.37,2443.0,297.44,28.0,297.49,226.0
1753504010385,04:26:50.385,AAVE/USDT:USDT,297.39,85.0,297.37,2443.0,297.44,28.0,297.49,226.0
1753504010386,04:26:50.386,AAVE/USDT:USDT,297.39,85.0,297.37,2443.0,297.44,28.0,297.49,85.0
1753504010389,04:26:50.389,AAVE/USDT:USDT,297.39,85.0,297.38,700.0,297.44,28.0,297.49,85.0
1753504010397,04:26:50.397,AAVE/USDT:USDT,297.39,242.0,297.38,700.0,297.44,28.0,297.49,85.0
1753504010398,04:26:50.398,AAVE/USDT:USDT,297.39,242.0,297.38,700.0,297.44,28.0,297.49,85.0
1753504010401,04:26:50.401,AAVE/USDT:USDT,297.39,242.0,297.38,700.0,297.44,28.0,297.49,85.0
1753504010402,04:26:50.402,AAVE/USDT:USDT,297.4,73.0,297.39,242.0,297.44,28.0,297.49,85.0
1753504010402,04:26:50.402,AAVE/USDT:USDT,297.4,158.0,297.39,157.0,297.44,28.0,297.49,85.0
1753504010406,04:26:50.406,AAVE/USDT:USDT,297.4,85.0,297.39,157.0,297.44,28.0,297.49,85.0
1753504010407,04:26:50.407,AAVE/USDT:USDT,297.41,85.0,297.39,157.0,297.44,28.0,297.49,85.0
1753504010412,04:26:50.412,AAVE/USDT:USDT,297.41,85.0,297.39,157.0,297.44,28.0,297.49,85.0
1753504010413,04:26:50.413,AAVE/USDT:USDT,297.41,85.0,297.39,157.0,297.44,28.0,297.49,85.0
1753504010419,04:26:50.419,AAVE/USDT:USDT,297.41,85.0,297.39,242.0,297.44,28.0,297.49,85.0
1753504010421,04:26:50.421,AAVE/USDT:USDT,297.41,85.0,297.4,73.0,297.44,28.0,297.49,85.0
1753504010422,04:26:50.422,AAVE/USDT:USDT,297.41,85.0,297.4,73.0,297.44,28.0,297.49,85.0
1753504010436,04:26:50.436,AAVE/USDT:USDT,297.41,85.0,297.4,73.0,297.44,28.0,297.49,85.0
1753504010439,04:26:50.439,AAVE/USDT:USDT,297.41,85.0,297.4,73.0,297.44,28.0,297.49,85.0
1753504010445,04:26:50.445,AAVE/USDT:USDT,297.41,85.0,297.4,73.0,297.44,28.0,297.49,85.0
1753504010447,04:26:50.447,AAVE/USDT:USDT,297.41,85.0,297.39,242.0,297.44,28.0,297.49,85.0
1753504010450,04:26:50.450,AAVE/USDT:USDT,297.41,85.0,297.39,242.0,297.44,28.0,297.49,85.0
1753504010485,04:26:50.485,AAVE/USDT:USDT,297.41,85.0,297.39,242.0,297.44,28.0,297.49,85.0
1753504010487,04:26:50.487,AAVE/USDT:USDT,297.41,85.0,297.39,242.0,297.44,28.0,297.49,85.0
1753504010489,04:26:50.489,AAVE/USDT:USDT,297.41,85.0,297.4,73.0,297.44,28.0,297.49,85.0
1753504010501,04:26:50.501,AAVE/USDT:USDT,297.41,85.0,297.4,73.0,297.44,28.0,297.49,85.0
1753504010517,04:26:50.517,AAVE/USDT:USDT,297.41,85.0,297.4,73.0,297.44,28.0,297.49,85.0
1753504010533,04:26:50.533,AAVE/USDT:USDT,297.41,85.0,297.4,73.0,297.44,28.0,297.49,85.0
1753504010539,04:26:50.539,AAVE/USDT:USDT,297.41,85.0,297.4,73.0,297.44,28.0,297.49,85.0
1753504010628,04:26:50.628,AAVE/USDT:USDT,297.41,85.0,297.4,73.0,297.44,28.0,297.49,85.0
1753504010682,04:26:50.682,AAVE/USDT:USDT,297.41,85.0,297.4,73.0,297.44,28.0,297.49,85.0
1753504010802,04:26:50.802,AAVE/USDT:USDT,297.41,85.0,297.4,73.0,297.44,28.0,297.49,85.0
1753504010803,04:26:50.803,AAVE/USDT:USDT,297.41,85.0,297.4,73.0,297.44,28.0,297.49,85.0
1753504010812,04:26:50.812,AAVE/USDT:USDT,297.41,85.0,297.4,73.0,297.44,28.0,297.49,85.0
1753504010845,04:26:50.845,AAVE/USDT:USDT,297.41,85.0,297.4,73.0,297.44,28.0,297.49,85.0
1753504011007,04:26:51.007,AAVE/USDT:USDT,297.41,85.0,297.4,73.0,297.44,28.0,297.49,85.0
1753504011009,04:26:51.009,AAVE/USDT:USDT,297.41,85.0,297.4,73.0,297.44,28.0,297.49,85.0
1753504011059,04:26:51.059,AAVE/USDT:USDT,297.41,85.0,297.4,73.0,297.44,28.0,297.49,85.0
1753504011059,04:26:51.059,AAVE/USDT:USDT,297.41,85.0,297.4,73.0,297.44,28.0,297.49,85.0
1753504011059,04:26:51.059,AAVE/USDT:USDT,297.41,85.0,297.4,73.0,297.44,28.0,297.49,85.0
1753504011095,04:26:51.095,AAVE/USDT:USDT,297.41,85.0,297.4,73.0,297.44,28.0,297.49,85.0
1753504011097,04:26:51.097,AAVE/USDT:USDT,297.41,85.0,297.4,73.0,297.44,28.0,297.49,85.0
1753504011099,04:26:51.099,AAVE/USDT:USDT,297.41,85.0,297.4,73.0,297.44,28.0,297.49,85.0
1753504011100,04:26:51.100,AAVE/USDT:USDT,297.41,85.0,297.4,73.0,297.44,28.0,297.49,85.0
1753504011102,04:26:51.102,AAVE/USDT:USDT,297.41,85.0,297.4,73.0,297.44,28.0,297.49,85.0
1753504011104,04:26:51.104,AAVE/USDT:USDT,297.41,85.0,297.4,73.0,297.44,28.0,297.49,85.0
1753504011111,04:26:51.111,AAVE/USDT:USDT,297.41,85.0,297.4,73.0,297.44,28.0,297.49,85.0
1753504011115,04:26:51.115,AAVE/USDT:USDT,297.41,85.0,297.4,73.0,297.44,28.0,297.49,85.0
1753504011227,04:26:51.227,AAVE/USDT:USDT,297.41,85.0,297.4,73.0,297.44,28.0,297.49,85.0
1753504011227,04:26:51.227,AAVE/USDT:USDT,297.41,85.0,297.4,73.0,297.44,28.0,297.49,85.0
1753504011229,04:26:51.229,AAVE/USDT:USDT,297.41,85.0,297.4,73.0,297.44,28.0,297.49,85.0
1753504011362,04:26:51.362,AAVE/USDT:USDT,297.41,85.0,297.4,73.0,297.44,28.0,297.49,85.0
1753504011363,04:26:51.363,AAVE/USDT:USDT,297.41,85.0,297.4,73.0,297.44,28.0,297.49,85.0
1753504011363,04:26:51.363,AAVE/USDT:USDT,297.41,85.0,297.4,73.0,297.44,28.0,297.49,85.0
1753504011690,04:26:51.690,AAVE/USDT:USDT,297.41,85.0,297.4,73.0,297.44,28.0,297.49,85.0
1753504011691,04:26:51.691,AAVE/USDT:USDT,297.41,85.0,297.4,73.0,297.44,28.0,297.49,85.0
1753504011691,04:26:51.691,AAVE/USDT:USDT,297.41,85.0,297.4,73.0,297.44,28.0,297.49,85.0
1753504011696,04:26:51.696,AAVE/USDT:USDT,297.41,85.0,297.4,73.0,297.44,28.0,297.49,85.0
1753504011698,04:26:51.698,AAVE/USDT:USDT,297.41,85.0,297.4,73.0,297.44,28.0,297.49,85.0
1753504011770,04:26:51.770,AAVE/USDT:USDT,297.41,85.0,297.4,73.0,297.44,28.0,297.49,85.0
1753504011770,04:26:51.770,AAVE/USDT:USDT,297.41,85.0,297.4,73.0,297.44,28.0,297.49,85.0
1753504011770,04:26:51.770,AAVE/USDT:USDT,297.41,85.0,297.4,73.0,297.44,28.0,297.49,85.0
1753504011770,04:26:51.770,AAVE/USDT:USDT,297.41,85.0,297.4,73.0,297.44,28.0,297.49,85.0
1753504011802,04:26:51.802,AAVE/USDT:USDT,297.41,85.0,297.4,73.0,297.44,28.0,297.49,85.0
1753504011804,04:26:51.804,AAVE/USDT:USDT,297.41,85.0,297.4,73.0,297.44,28.0,297.49,85.0
1753504011806,04:26:51.806,AAVE/USDT:USDT,297.41,85.0,297.4,73.0,297.44,28.0,297.49,85.0
1753504011806,04:26:51.806,AAVE/USDT:USDT,297.41,85.0,297.4,73.0,297.44,28.0,297.49,85.0
1753504011806,04:26:51.806,AAVE/USDT:USDT,297.41,85.0,297.4,73.0,297.44,28.0,297.49,85.0
1753504011806,04:26:51.806,AAVE/USDT:USDT,297.41,85.0,297.4,73.0,297.44,28.0,297.49,85.0
1753504011806,04:26:51.806,AAVE/USDT:USDT,297.41,85.0,297.4,73.0,297.44,28.0,297.49,85.0
1753504011808,04:26:51.808,AAVE/USDT:USDT,297.41,85.0,297.4,73.0,297.44,28.0,297.49,85.0
1753504011810,04:26:51.810,AAVE/USDT:USDT,297.41,85.0,297.4,73.0,297.44,28.0,297.49,85.0
1753504011810,04:26:51.810,AAVE/USDT:USDT,297.41,85.0,297.4,73.0,297.44,28.0,297.49,85.0
1753504011811,04:26:51.811,AAVE/USDT:USDT,297.41,85.0,297.4,73.0,297.44,28.0,297.49,85.0
1753504011812,04:26:51.812,AAVE/USDT:USDT,297.41,85.0,297.4,73.0,297.44,28.0,297.49,85.0
1753504011814,04:26:51.814,AAVE/USDT:USDT,297.41,85.0,297.4,73.0,297.44,28.0,297.49,85.0
1753504011814,04:26:51.814,AAVE/USDT:USDT,297.41,85.0,297.4,73.0,297.44,28.0,297.49,85.0
1753504011816,04:26:51.816,AAVE/USDT:USDT,297.41,85.0,297.4,73.0,297.44,28.0,297.49,85.0
1753504011818,04:26:51.818,AAVE/USDT:USDT,297.41,85.0,297.4,73.0,297.44,28.0,297.49,85.0
1753504011820,04:26:51.820,AAVE/USDT:USDT,297.41,85.0,297.4,73.0,297.44,28.0,297.49,85.0
1753504011840,04:26:51.840,AAVE/USDT:USDT,297.41,85.0,297.4,73.0,297.44,28.0,297.49,85.0
1753504011840,04:26:51.840,AAVE/USDT:USDT,297.41,85.0,297.4,73.0,297.44,28.0,297.49,85.0
1753504011843,04:26:51.843,AAVE/USDT:USDT,297.41,85.0,297.4,73.0,297.44,28.0,297.49,85.0
1753504011845,04:26:51.845,AAVE/USDT:USDT,297.41,85.0,297.4,73.0,297.44,28.0,297.49,85.0
1753504011847,04:26:51.847,AAVE/USDT:USDT,297.41,85.0,297.4,73.0,297.44,28.0,297.49,85.0
1753504011848,04:26:51.848,AAVE/USDT:USDT,297.41,85.0,297.4,73.0,297.44,28.0,297.49,85.0
1753504011849,04:26:51.849,AAVE/USDT:USDT,297.41,85.0,297.4,73.0,297.44,28.0,297.49,85.0
1753504011851,04:26:51.851,AAVE/USDT:USDT,297.41,85.0,297.4,73.0,297.44,28.0,297.49,85.0
1753504011853,04:26:51.853,AAVE/USDT:USDT,297.41,85.0,297.4,73.0,297.44,28.0,297.49,85.0
1753504011855,04:26:51.855,AAVE/USDT:USDT,297.41,85.0,297.4,73.0,297.44,28.0,297.49,85.0
1753504011855,04:26:51.855,AAVE/USDT:USDT,297.41,85.0,297.4,73.0,297.44,28.0,297.49,85.0
1753504011855,04:26:51.855,AAVE/USDT:USDT,297.41,85.0,297.4,73.0,297.44,28.0,297.49,85.0
1753504012059,04:26:52.059,AAVE/USDT:USDT,297.41,85.0,297.4,127.0,297.44,28.0,297.49,85.0
1753504012124,04:26:52.124,AAVE/USDT:USDT,297.41,85.0,297.4,127.0,297.44,28.0,297.49,85.0
1753504012124,04:26:52.124,AAVE/USDT:USDT,297.41,85.0,297.4,127.0,297.44,28.0,297.49,85.0
1753504012126,04:26:52.126,AAVE/USDT:USDT,297.41,85.0,297.4,127.0,297.44,28.0,297.49,85.0
1753504012359,04:26:52.359,AAVE/USDT:USDT,297.41,85.0,297.4,127.0,297.44,28.0,297.49,85.0
1753504012565,04:26:52.565,AAVE/USDT:USDT,297.41,85.0,297.4,73.0,297.44,28.0,297.49,85.0
1753504012683,04:26:52.683,AAVE/USDT:USDT,297.41,85.0,297.4,73.0,297.44,28.0,297.49,85.0
1753504012765,04:26:52.765,AAVE/USDT:USDT,297.41,85.0,297.4,73.0,297.44,28.0,297.49,85.0
1753504012767,04:26:52.767,AAVE/USDT:USDT,297.41,85.0,297.4,73.0,297.44,28.0,297.49,85.0
1753504012769,04:26:52.769,AAVE/USDT:USDT,297.41,85.0,297.4,73.0,297.44,28.0,297.49,85.0
1753504012826,04:26:52.826,AAVE/USDT:USDT,297.41,85.0,297.4,73.0,297.44,28.0,297.49,85.0
1753504012835,04:26:52.835,AAVE/USDT:USDT,297.41,85.0,297.4,73.0,297.44,28.0,297.49,85.0
1753504012841,04:26:52.841,AAVE/USDT:USDT,297.42,164.0,297.41,85.0,297.44,28.0,297.49,85.0
1753504012841,04:26:52.841,AAVE/USDT:USDT,297.42,164.0,297.41,85.0,297.44,28.0,297.49,85.0
1753504012843,04:26:52.843,AAVE/USDT:USDT,297.42,164.0,297.41,85.0,297.44,28.0,297.49,85.0
1753504012843,04:26:52.843,AAVE/USDT:USDT,297.42,164.0,297.41,85.0,297.44,28.0,297.49,85.0
1753504012843,04:26:52.843,AAVE/USDT:USDT,297.42,164.0,297.41,85.0,297.44,28.0,297.49,85.0
1753504012845,04:26:52.845,AAVE/USDT:USDT,297.42,164.0,297.41,85.0,297.44,28.0,297.49,85.0
1753504012845,04:26:52.845,AAVE/USDT:USDT,297.43,85.0,297.42,164.0,297.44,28.0,297.49,85.0
1753504012847,04:26:52.847,AAVE/USDT:USDT,297.43,85.0,297.42,164.0,297.44,28.0,297.49,85.0
1753504012847,04:26:52.847,AAVE/USDT:USDT,297.43,85.0,297.42,164.0,297.44,28.0,297.49,85.0
1753504012849,04:26:52.849,AAVE/USDT:USDT,297.43,85.0,297.42,164.0,297.44,28.0,297.49,85.0
1753504012850,04:26:52.850,AAVE/USDT:USDT,297.43,85.0,297.42,164.0,297.49,85.0,297.51,85.0
1753504012850,04:26:52.850,AAVE/USDT:USDT,297.43,103.0,297.42,164.0,297.49,85.0,297.51,85.0
1753504012852,04:26:52.852,AAVE/USDT:USDT,297.43,2436.0,297.42,220.0,297.49,85.0,297.51,85.0
1753504012853,04:26:52.853,AAVE/USDT:USDT,297.43,2436.0,297.42,220.0,297.49,85.0,297.51,85.0
1753504012855,04:26:52.855,AAVE/USDT:USDT,297.44,85.0,297.43,2436.0,297.51,85.0,297.53,155.0
1753504012855,04:26:52.855,AAVE/USDT:USDT,297.44,85.0,297.43,2436.0,297.51,85.0,297.53,155.0
1753504012856,04:26:52.856,AAVE/USDT:USDT,297.44,85.0,297.43,2351.0,297.51,85.0,297.53,155.0
1753504012857,04:26:52.857,AAVE/USDT:USDT,297.44,85.0,297.43,2351.0,297.51,85.0,297.53,155.0
1753504012858,04:26:52.858,AAVE/USDT:USDT,297.44,85.0,297.43,2333.0,297.51,85.0,297.53,155.0
1753504012860,04:26:52.860,AAVE/USDT:USDT,297.44,85.0,297.43,2333.0,297.51,85.0,297.53,155.0
1753504012861,04:26:52.861,AAVE/USDT:USDT,297.44,85.0,297.43,2333.0,297.51,85.0,297.53,155.0
1753504012861,04:26:52.861,AAVE/USDT:USDT,297.44,85.0,297.43,2333.0,297.51,85.0,297.53,155.0
1753504012865,04:26:52.865,AAVE/USDT:USDT,297.44,85.0,297.43,2333.0,297.51,85.0,297.53,155.0
1753504012868,04:26:52.868,AAVE/USDT:USDT,297.44,85.0,297.43,2333.0,297.51,85.0,297.53,155.0
1753504012869,04:26:52.869,AAVE/USDT:USDT,297.44,85.0,297.43,2333.0,297.51,85.0,297.53,155.0
1753504012888,04:26:52.888,AAVE/USDT:USDT,297.44,85.0,297.43,2333.0,297.51,85.0,297.53,155.0
1753504012888,04:26:52.888,AAVE/USDT:USDT,297.44,85.0,297.43,2333.0,297.51,85.0,297.53,154.0
1753504012890,04:26:52.890,AAVE/USDT:USDT,297.44,85.0,297.43,2333.0,297.51,85.0,297.53,154.0
1753504012895,04:26:52.895,AAVE/USDT:USDT,297.44,85.0,297.43,2333.0,297.51,85.0,297.53,154.0
1753504012897,04:26:52.897,AAVE/USDT:USDT,297.44,85.0,297.43,2333.0,297.51,85.0,297.53,154.0
1753504012898,04:26:52.898,AAVE/USDT:USDT,297.44,85.0,297.43,2333.0,297.51,85.0,297.53,154.0
1753504012902,04:26:52.902,AAVE/USDT:USDT,297.44,85.0,297.43,2333.0,297.51,85.0,297.53,154.0
1753504012902,04:26:52.902,AAVE/USDT:USDT,297.44,85.0,297.43,2333.0,297.51,85.0,297.53,154.0
1753504012906,04:26:52.906,AAVE/USDT:USDT,297.44,85.0,297.43,2333.0,297.51,85.0,297.53,154.0
1753504012907,04:26:52.907,AAVE/USDT:USDT,297.44,85.0,297.43,2333.0,297.51,85.0,297.53,154.0
1753504012909,04:26:52.909,AAVE/USDT:USDT,297.44,85.0,297.43,2333.0,297.51,85.0,297.53,154.0
1753504012909,04:26:52.909,AAVE/USDT:USDT,297.44,85.0,297.43,2333.0,297.51,85.0,297.53,154.0
1753504012910,04:26:52.910,AAVE/USDT:USDT,297.44,85.0,297.43,2333.0,297.51,85.0,297.53,154.0
1753504012912,04:26:52.912,AAVE/USDT:USDT,297.44,85.0,297.43,2333.0,297.51,85.0,297.53,154.0
1753504012914,04:26:52.914,AAVE/USDT:USDT,297.44,85.0,297.43,2333.0,297.51,85.0,297.53,154.0
1753504012920,04:26:52.920,AAVE/USDT:USDT,297.44,85.0,297.43,2333.0,297.51,85.0,297.53,154.0
1753504012922,04:26:52.922,AAVE/USDT:USDT,297.44,85.0,297.43,2333.0,297.51,85.0,297.53,154.0
1753504012924,04:26:52.924,AAVE/USDT:USDT,297.44,85.0,297.43,2333.0,297.51,85.0,297.53,154.0
1753504012926,04:26:52.926,AAVE/USDT:USDT,297.44,85.0,297.43,2333.0,297.51,85.0,297.53,154.0
1753504012930,04:26:52.930,AAVE/USDT:USDT,297.44,85.0,297.43,2333.0,297.51,85.0,297.53,154.0
1753504012932,04:26:52.932,AAVE/USDT:USDT,297.44,85.0,297.43,2333.0,297.51,85.0,297.53,154.0
1753504012936,04:26:52.936,AAVE/USDT:USDT,297.44,85.0,297.43,2333.0,297.51,85.0,297.53,154.0
1753504012937,04:26:52.937,AAVE/USDT:USDT,297.44,85.0,297.43,2333.0,297.51,85.0,297.53,154.0
1753504012948,04:26:52.948,AAVE/USDT:USDT,297.44,85.0,297.43,2333.0,297.51,85.0,297.53,154.0
1753504012952,04:26:52.952,AAVE/USDT:USDT,297.44,85.0,297.43,2333.0,297.51,85.0,297.53,154.0
1753504012960,04:26:52.960,AAVE/USDT:USDT,297.44,85.0,297.43,2333.0,297.51,85.0,297.53,154.0
1753504012964,04:26:52.964,AAVE/USDT:USDT,297.44,85.0,297.43,2333.0,297.51,85.0,297.53,154.0
1753504012965,04:26:52.965,AAVE/USDT:USDT,297.44,85.0,297.43,2333.0,297.51,85.0,297.53,154.0
1753504013019,04:26:53.019,AAVE/USDT:USDT,297.44,85.0,297.43,2333.0,297.51,85.0,297.53,154.0
1753504013032,04:26:53.032,AAVE/USDT:USDT,297.44,85.0,297.43,2333.0,297.51,85.0,297.53,154.0
1753504013035,04:26:53.035,AAVE/USDT:USDT,297.44,85.0,297.43,2333.0,297.51,85.0,297.53,154.0
1753504013038,04:26:53.038,AAVE/USDT:USDT,297.44,85.0,297.43,2333.0,297.51,85.0,297.53,154.0
1753504013043,04:26:53.043,AAVE/USDT:USDT,297.44,85.0,297.43,2333.0,297.51,85.0,297.53,154.0
1753504013059,04:26:53.059,AAVE/USDT:USDT,297.45,39.0,297.44,85.0,297.51,85.0,297.53,154.0
1753504013062,04:26:53.062,AAVE/USDT:USDT,297.44,85.0,297.43,2333.0,297.51,85.0,297.53,154.0
1753504013063,04:26:53.063,AAVE/USDT:USDT,297.46,85.0,297.44,85.0,297.51,85.0,297.53,154.0
1753504013063,04:26:53.063,AAVE/USDT:USDT,297.46,85.0,297.44,85.0,297.5,23.0,297.51,85.0
1753504013065,04:26:53.065,AAVE/USDT:USDT,297.46,85.0,297.44,85.0,297.5,23.0,297.51,85.0
1753504013066,04:26:53.066,AAVE/USDT:USDT,297.46,85.0,297.44,85.0,297.49,85.0,297.5,23.0
1753504013070,04:26:53.070,AAVE/USDT:USDT,297.46,85.0,297.44,85.0,297.49,85.0,297.5,23.0
1753504013071,04:26:53.071,AAVE/USDT:USDT,297.46,85.0,297.44,85.0,297.49,85.0,297.51,85.0
1753504013073,04:26:53.073,AAVE/USDT:USDT,297.46,85.0,297.44,85.0,297.49,85.0,297.51,85.0
1753504013092,04:26:53.092,AAVE/USDT:USDT,297.46,85.0,297.44,85.0,297.49,85.0,297.51,85.0
1753504013095,04:26:53.095,AAVE/USDT:USDT,297.46,85.0,297.44,85.0,297.49,85.0,297.51,85.0
1753504013095,04:26:53.095,AAVE/USDT:USDT,297.46,85.0,297.44,85.0,297.49,85.0,297.51,85.0
1753504013099,04:26:53.099,AAVE/USDT:USDT,297.46,85.0,297.44,85.0,297.49,85.0,297.51,85.0
1753504013106,04:26:53.106,AAVE/USDT:USDT,297.46,85.0,297.44,85.0,297.49,85.0,297.51,85.0
1753504013109,04:26:53.109,AAVE/USDT:USDT,297.46,85.0,297.44,85.0,297.49,85.0,297.51,85.0
1753504013112,04:26:53.112,AAVE/USDT:USDT,297.46,85.0,297.44,85.0,297.49,85.0,297.51,85.0
1753504013115,04:26:53.115,AAVE/USDT:USDT,297.46,85.0,297.44,85.0,297.49,85.0,297.51,85.0
1753504013122,04:26:53.122,AAVE/USDT:USDT,297.46,85.0,297.44,85.0,297.49,85.0,297.51,85.0
1753504013133,04:26:53.133,AAVE/USDT:USDT,297.46,85.0,297.44,85.0,297.49,85.0,297.51,85.0
1753504013137,04:26:53.137,AAVE/USDT:USDT,297.46,85.0,297.44,85.0,297.49,85.0,297.51,85.0
1753504013152,04:26:53.152,AAVE/USDT:USDT,297.46,85.0,297.44,85.0,297.49,85.0,297.51,85.0
1753504013198,04:26:53.198,AAVE/USDT:USDT,297.46,85.0,297.44,85.0,297.49,85.0,297.51,85.0
1753504013218,04:26:53.218,AAVE/USDT:USDT,297.44,85.0,297.43,2333.0,297.49,85.0,297.51,85.0
1753504013218,04:26:53.218,AAVE/USDT:USDT,297.44,85.0,297.43,2333.0,297.51,85.0,297.53,154.0
1753504013228,04:26:53.228,AAVE/USDT:USDT,297.44,85.0,297.43,2333.0,297.51,85.0,297.53,154.0
1753504013252,04:26:53.252,AAVE/USDT:USDT,297.44,85.0,297.43,2333.0,297.51,85.0,297.53,154.0
1753504013329,04:26:53.329,AAVE/USDT:USDT,297.44,85.0,297.43,2333.0,297.51,85.0,297.53,154.0
1753504013330,04:26:53.330,AAVE/USDT:USDT,297.44,85.0,297.43,2333.0,297.51,85.0,297.53,154.0
1753504013336,04:26:53.336,AAVE/USDT:USDT,297.44,85.0,297.43,2333.0,297.51,85.0,297.53,154.0
1753504013384,04:26:53.384,AAVE/USDT:USDT,297.44,85.0,297.43,2333.0,297.51,85.0,297.53,154.0
1753504013384,04:26:53.384,AAVE/USDT:USDT,297.44,85.0,297.43,2333.0,297.51,85.0,297.53,154.0
1753504013384,04:26:53.384,AAVE/USDT:USDT,297.44,85.0,297.43,2333.0,297.51,85.0,297.53,154.0
1753504013384,04:26:53.384,AAVE/USDT:USDT,297.44,85.0,297.43,2333.0,297.51,85.0,297.53,154.0
1753504013390,04:26:53.390,AAVE/USDT:USDT,297.44,85.0,297.43,2333.0,297.51,85.0,297.53,154.0
1753504013400,04:26:53.400,AAVE/USDT:USDT,297.44,85.0,297.43,2333.0,297.51,85.0,297.53,154.0
1753504013416,04:26:53.416,AAVE/USDT:USDT,297.44,85.0,297.43,2333.0,297.51,85.0,297.53,154.0
1753504013418,04:26:53.418,AAVE/USDT:USDT,297.44,85.0,297.43,2333.0,297.51,85.0,297.53,154.0
1753504013418,04:26:53.418,AAVE/USDT:USDT,297.44,85.0,297.43,2333.0,297.51,85.0,297.53,154.0
1753504013420,04:26:53.420,AAVE/USDT:USDT,297.44,85.0,297.43,2333.0,297.51,85.0,297.53,154.0
1753504013421,04:26:53.421,AAVE/USDT:USDT,297.44,85.0,297.43,2333.0,297.51,85.0,297.53,154.0
1753504013421,04:26:53.421,AAVE/USDT:USDT,297.44,85.0,297.43,2333.0,297.51,85.0,297.53,154.0
1753504013423,04:26:53.423,AAVE/USDT:USDT,297.44,85.0,297.43,2333.0,297.51,85.0,297.53,154.0
1753504013423,04:26:53.423,AAVE/USDT:USDT,297.44,85.0,297.43,2333.0,297.51,85.0,297.53,154.0
1753504013424,04:26:53.424,AAVE/USDT:USDT,297.44,85.0,297.43,2333.0,297.51,85.0,297.53,154.0
1753504013425,04:26:53.425,AAVE/USDT:USDT,297.44,85.0,297.43,2333.0,297.51,85.0,297.53,154.0
1753504013426,04:26:53.426,AAVE/USDT:USDT,297.44,85.0,297.43,2333.0,297.51,85.0,297.53,154.0
1753504013427,04:26:53.427,AAVE/USDT:USDT,297.44,85.0,297.43,2333.0,297.51,85.0,297.53,154.0
1753504013427,04:26:53.427,AAVE/USDT:USDT,297.44,85.0,297.43,2333.0,297.51,85.0,297.53,154.0
1753504013427,04:26:53.427,AAVE/USDT:USDT,297.44,85.0,297.43,2333.0,297.51,85.0,297.53,154.0
1753504013429,04:26:53.429,AAVE/USDT:USDT,297.44,85.0,297.43,2333.0,297.51,85.0,297.53,154.0
1753504013429,04:26:53.429,AAVE/USDT:USDT,297.44,85.0,297.43,2333.0,297.51,85.0,297.53,154.0
1753504013433,04:26:53.433,AAVE/USDT:USDT,297.44,85.0,297.43,2333.0,297.51,85.0,297.53,154.0
1753504013458,04:26:53.458,AAVE/USDT:USDT,297.44,85.0,297.43,2333.0,297.5,23.0,297.51,85.0
1753504013460,04:26:53.460,AAVE/USDT:USDT,297.44,85.0,297.43,2333.0,297.5,23.0,297.51,85.0
1753504013461,04:26:53.461,AAVE/USDT:USDT,297.44,85.0,297.43,2333.0,297.49,85.0,297.5,23.0
1753504013461,04:26:53.461,AAVE/USDT:USDT,297.44,85.0,297.43,2333.0,297.45,23.0,297.49,85.0
1753504013463,04:26:53.463,AAVE/USDT:USDT,297.44,85.0,297.43,2333.0,297.45,23.0,297.49,85.0
1753504013465,04:26:53.465,AAVE/USDT:USDT,297.44,85.0,297.43,2333.0,297.45,23.0,297.49,85.0
1753504013465,04:26:53.465,AAVE/USDT:USDT,297.44,85.0,297.43,2333.0,297.45,23.0,297.49,85.0
1753504013465,04:26:53.465,AAVE/USDT:USDT,297.44,85.0,297.43,2333.0,297.45,23.0,297.49,85.0
1753504013465,04:26:53.465,AAVE/USDT:USDT,297.44,85.0,297.43,2333.0,297.45,23.0,297.49,85.0
1753504013465,04:26:53.465,AAVE/USDT:USDT,297.44,85.0,297.43,2333.0,297.45,23.0,297.49,85.0
1753504013468,04:26:53.468,AAVE/USDT:USDT,297.44,85.0,297.43,2333.0,297.45,23.0,297.49,85.0
1753504013470,04:26:53.470,AAVE/USDT:USDT,297.44,85.0,297.43,2333.0,297.45,23.0,297.49,85.0
1753504013474,04:26:53.474,AAVE/USDT:USDT,297.44,85.0,297.43,2333.0,297.45,23.0,297.49,85.0
1753504013475,04:26:53.475,AAVE/USDT:USDT,297.44,85.0,297.43,2333.0,297.45,23.0,297.49,85.0
1753504013478,04:26:53.478,AAVE/USDT:USDT,297.44,85.0,297.43,2333.0,297.45,23.0,297.49,85.0
1753504013478,04:26:53.478,AAVE/USDT:USDT,297.44,85.0,297.43,2333.0,297.45,23.0,297.49,85.0
1753504013481,04:26:53.481,AAVE/USDT:USDT,297.44,85.0,297.43,2333.0,297.45,23.0,297.49,85.0
1753504013487,04:26:53.487,AAVE/USDT:USDT,297.44,85.0,297.43,2333.0,297.45,23.0,297.49,85.0
1753504013487,04:26:53.487,AAVE/USDT:USDT,297.44,85.0,297.43,2333.0,297.45,23.0,297.49,85.0
1753504013487,04:26:53.487,AAVE/USDT:USDT,297.44,85.0,297.43,2333.0,297.45,23.0,297.49,85.0
1753504013487,04:26:53.487,AAVE/USDT:USDT,297.44,85.0,297.43,2333.0,297.45,23.0,297.49,85.0
1753504013494,04:26:53.494,AAVE/USDT:USDT,297.44,85.0,297.43,2333.0,297.45,23.0,297.49,85.0
1753504013495,04:26:53.495,AAVE/USDT:USDT,297.44,85.0,297.43,2333.0,297.45,23.0,297.49,85.0
1753504013497,04:26:53.497,AAVE/USDT:USDT,297.44,85.0,297.43,2333.0,297.45,23.0,297.49,85.0
1753504013498,04:26:53.498,AAVE/USDT:USDT,297.44,85.0,297.43,2333.0,297.45,23.0,297.49,85.0
1753504013500,04:26:53.500,AAVE/USDT:USDT,297.44,85.0,297.43,2333.0,297.45,23.0,297.49,85.0
1753504013501,04:26:53.501,AAVE/USDT:USDT,297.44,85.0,297.43,2333.0,297.45,23.0,297.49,85.0
1753504013503,04:26:53.503,AAVE/USDT:USDT,297.44,85.0,297.43,2333.0,297.45,23.0,297.49,85.0
1753504013504,04:26:53.504,AAVE/USDT:USDT,297.44,85.0,297.43,2333.0,297.45,23.0,297.49,85.0
1753504013506,04:26:53.506,AAVE/USDT:USDT,297.44,85.0,297.43,2333.0,297.45,23.0,297.49,85.0
1753504013506,04:26:53.506,AAVE/USDT:USDT,297.44,85.0,297.43,2333.0,297.45,23.0,297.49,85.0
1753504013507,04:26:53.507,AAVE/USDT:USDT,297.44,85.0,297.43,2333.0,297.45,23.0,297.49,85.0
1753504013507,04:26:53.507,AAVE/USDT:USDT,297.44,85.0,297.43,2333.0,297.45,23.0,297.49,85.0
1753504013507,04:26:53.507,AAVE/USDT:USDT,297.44,85.0,297.43,2333.0,297.45,23.0,297.49,85.0
1753504013509,04:26:53.509,AAVE/USDT:USDT,297.44,85.0,297.43,2333.0,297.45,23.0,297.49,85.0
1753504013509,04:26:53.509,AAVE/USDT:USDT,297.44,85.0,297.43,2333.0,297.45,23.0,297.49,85.0
1753504013511,04:26:53.511,AAVE/USDT:USDT,297.44,85.0,297.43,2333.0,297.45,23.0,297.49,85.0
1753504013520,04:26:53.520,AAVE/USDT:USDT,297.44,85.0,297.43,2333.0,297.45,23.0,297.49,85.0
1753504013520,04:26:53.520,AAVE/USDT:USDT,297.43,2333.0,297.41,569.0,297.45,23.0,297.49,85.0
1753504013522,04:26:53.522,AAVE/USDT:USDT,297.43,2333.0,297.41,569.0,297.45,23.0,297.49,85.0
1753504013524,04:26:53.524,AAVE/USDT:USDT,297.43,2333.0,297.41,298.0,297.44,23.0,297.45,23.0
1753504013524,04:26:53.524,AAVE/USDT:USDT,297.43,2333.0,297.41,85.0,297.44,23.0,297.45,23.0
1753504013526,04:26:53.526,AAVE/USDT:USDT,297.43,2333.0,297.41,85.0,297.44,23.0,297.45,23.0
1753504013526,04:26:53.526,AAVE/USDT:USDT,297.43,2333.0,297.41,85.0,297.44,23.0,297.45,23.0
1753504013528,04:26:53.528,AAVE/USDT:USDT,297.43,2333.0,297.41,85.0,297.44,108.0,297.49,85.0
1753504013529,04:26:53.529,AAVE/USDT:USDT,297.43,2333.0,297.41,85.0,297.44,108.0,297.49,85.0
1753504013529,04:26:53.529,AAVE/USDT:USDT,297.43,2333.0,297.41,85.0,297.44,108.0,297.49,85.0
1753504013531,04:26:53.531,AAVE/USDT:USDT,297.43,2333.0,297.41,85.0,297.44,108.0,297.49,85.0
1753504013534,04:26:53.534,AAVE/USDT:USDT,297.43,2333.0,297.41,85.0,297.44,108.0,297.49,85.0
1753504013536,04:26:53.536,AAVE/USDT:USDT,297.43,2333.0,297.41,85.0,297.44,108.0,297.49,85.0
1753504013539,04:26:53.539,AAVE/USDT:USDT,297.43,2333.0,297.41,85.0,297.44,108.0,297.49,85.0
1753504013555,04:26:53.555,AAVE/USDT:USDT,297.43,2333.0,297.41,85.0,297.44,108.0,297.49,85.0
1753504013566,04:26:53.566,AAVE/USDT:USDT,297.43,2333.0,297.41,85.0,297.44,108.0,297.49,85.0
1753504013613,04:26:53.613,AAVE/USDT:USDT,297.43,2333.0,297.41,85.0,297.44,108.0,297.49,85.0
1753504013613,04:26:53.613,AAVE/USDT:USDT,297.43,2333.0,297.41,85.0,297.44,108.0,297.49,85.0
1753504013628,04:26:53.628,AAVE/USDT:USDT,297.43,2333.0,297.41,85.0,297.44,108.0,297.49,85.0
1753504013628,04:26:53.628,AAVE/USDT:USDT,297.43,2333.0,297.41,85.0,297.44,108.0,297.49,85.0
1753504013628,04:26:53.628,AAVE/USDT:USDT,297.43,2333.0,297.41,85.0,297.44,108.0,297.49,85.0
1753504013631,04:26:53.631,AAVE/USDT:USDT,297.43,2333.0,297.41,85.0,297.44,108.0,297.49,85.0
1753504013634,04:26:53.634,AAVE/USDT:USDT,297.43,2333.0,297.41,85.0,297.44,108.0,297.49,85.0
1753504013634,04:26:53.634,AAVE/USDT:USDT,297.43,2333.0,297.41,85.0,297.44,108.0,297.49,85.0
1753504013660,04:26:53.660,AAVE/USDT:USDT,297.43,2333.0,297.41,85.0,297.44,108.0,297.49,85.0
1753504013665,04:26:53.665,AAVE/USDT:USDT,297.43,2333.0,297.41,85.0,297.44,108.0,297.49,85.0
1753504013666,04:26:53.666,AAVE/USDT:USDT,297.43,2333.0,297.41,85.0,297.44,108.0,297.49,85.0
1753504013668,04:26:53.668,AAVE/USDT:USDT,297.43,2333.0,297.41,85.0,297.44,108.0,297.49,85.0
1753504013668,04:26:53.668,AAVE/USDT:USDT,297.43,2333.0,297.41,85.0,297.44,108.0,297.49,85.0
1753504013669,04:26:53.669,AAVE/USDT:USDT,297.41,85.0,297.39,513.0,297.44,108.0,297.49,85.0
1753504013670,04:26:53.670,AAVE/USDT:USDT,297.41,85.0,297.39,513.0,297.44,108.0,297.49,85.0
1753504013671,04:26:53.671,AAVE/USDT:USDT,297.39,513.0,297.37,298.0,297.44,108.0,297.49,85.0
1753504013671,04:26:53.671,AAVE/USDT:USDT,297.39,513.0,297.37,298.0,297.44,108.0,297.49,85.0
1753504013671,04:26:53.671,AAVE/USDT:USDT,297.39,513.0,297.37,298.0,297.44,108.0,297.49,85.0
1753504013673,04:26:53.673,AAVE/USDT:USDT,297.39,242.0,297.37,298.0,297.44,108.0,297.49,85.0
1753504013673,04:26:53.673,AAVE/USDT:USDT,297.39,242.0,297.37,298.0,297.44,23.0,297.49,85.0
1753504013673,04:26:53.673,AAVE/USDT:USDT,297.39,242.0,297.37,298.0,297.43,85.0,297.44,23.0
1753504013673,04:26:53.673,AAVE/USDT:USDT,297.39,242.0,297.37,298.0,297.42,23.0,297.43,85.0
1753504013673,04:26:53.673,AAVE/USDT:USDT,297.39,242.0,297.37,298.0,297.4,34.0,297.42,23.0
1753504013675,04:26:53.675,AAVE/USDT:USDT,297.39,242.0,297.37,298.0,297.4,34.0,297.42,23.0
1753504013675,04:26:53.675,AAVE/USDT:USDT,297.39,242.0,297.37,85.0,297.4,34.0,297.42,23.0
1753504013676,04:26:53.676,AAVE/USDT:USDT,297.39,242.0,297.37,85.0,297.4,34.0,297.42,23.0
1753504013677,04:26:53.677,AAVE/USDT:USDT,297.39,157.0,297.37,85.0,297.4,34.0,297.41,85.0
1753504013678,04:26:53.678,AAVE/USDT:USDT,297.39,157.0,297.37,85.0,297.4,34.0,297.41,85.0
1753504013680,04:26:53.680,AAVE/USDT:USDT,297.39,157.0,297.37,85.0,297.4,34.0,297.41,85.0
1753504013681,04:26:53.681,AAVE/USDT:USDT,297.39,157.0,297.37,85.0,297.4,34.0,297.41,85.0
1753504013685,04:26:53.685,AAVE/USDT:USDT,297.39,157.0,297.37,85.0,297.4,34.0,297.41,85.0
1753504013691,04:26:53.691,AAVE/USDT:USDT,297.39,157.0,297.37,85.0,297.4,34.0,297.41,85.0
1753504013701,04:26:53.701,AAVE/USDT:USDT,297.39,157.0,297.37,85.0,297.4,34.0,297.41,85.0
1753504013701,04:26:53.701,AAVE/USDT:USDT,297.39,157.0,297.37,85.0,297.4,34.0,297.41,85.0
1753504013701,04:26:53.701,AAVE/USDT:USDT,297.39,157.0,297.37,85.0,297.4,34.0,297.41,85.0
1753504013709,04:26:53.709,AAVE/USDT:USDT,297.39,157.0,297.37,85.0,297.4,34.0,297.41,85.0
1753504013733,04:26:53.733,AAVE/USDT:USDT,297.39,157.0,297.37,85.0,297.4,34.0,297.41,85.0
1753504013739,04:26:53.739,AAVE/USDT:USDT,297.39,157.0,297.37,85.0,297.4,34.0,297.41,85.0
1753504013745,04:26:53.745,AAVE/USDT:USDT,297.39,157.0,297.37,85.0,297.4,34.0,297.41,85.0
1753504013748,04:26:53.748,AAVE/USDT:USDT,297.39,157.0,297.37,183.0,297.4,34.0,297.41,85.0
1753504013750,04:26:53.750,AAVE/USDT:USDT,297.39,157.0,297.37,183.0,297.4,34.0,297.41,85.0
1753504013770,04:26:53.770,AAVE/USDT:USDT,297.39,157.0,297.37,2516.0,297.4,34.0,297.41,85.0
1753504013775,04:26:53.775,AAVE/USDT:USDT,297.39,157.0,297.38,725.0,297.4,34.0,297.41,85.0
1753504013791,04:26:53.791,AAVE/USDT:USDT,297.39,157.0,297.38,725.0,297.4,34.0,297.41,85.0
1753504013802,04:26:53.802,AAVE/USDT:USDT,297.39,157.0,297.38,725.0,297.4,34.0,297.41,85.0
1753504013826,04:26:53.826,AAVE/USDT:USDT,297.39,242.0,297.38,725.0,297.4,34.0,297.41,85.0
1753504013845,04:26:53.845,AAVE/USDT:USDT,297.39,242.0,297.37,2516.0,297.41,85.0,297.43,85.0
1753504013849,04:26:53.849,AAVE/USDT:USDT,297.39,242.0,297.37,2516.0,297.43,85.0,297.45,412.0
1753504013849,04:26:53.849,AAVE/USDT:USDT,297.4,85.0,297.39,157.0,297.43,85.0,297.45,412.0
1753504013853,04:26:53.853,AAVE/USDT:USDT,297.4,85.0,297.39,157.0,297.43,85.0,297.47,272.0
1753504013858,04:26:53.858,AAVE/USDT:USDT,297.4,85.0,297.39,157.0,297.43,85.0,297.47,272.0
1753504013863,04:26:53.863,AAVE/USDT:USDT,297.4,85.0,297.39,157.0,297.43,85.0,297.47,272.0
1753504013865,04:26:53.865,AAVE/USDT:USDT,297.4,85.0,297.39,157.0,297.43,85.0,297.47,272.0
1753504013868,04:26:53.868,AAVE/USDT:USDT,297.4,85.0,297.39,157.0,297.43,85.0,297.47,272.0
1753504013872,04:26:53.872,AAVE/USDT:USDT,297.4,85.0,297.39,157.0,297.43,85.0,297.47,272.0
1753504013873,04:26:53.873,AAVE/USDT:USDT,297.4,85.0,297.39,157.0,297.43,85.0,297.47,272.0
1753504013873,04:26:53.873,AAVE/USDT:USDT,297.4,85.0,297.39,157.0,297.43,85.0,297.47,271.0
1753504013873,04:26:53.873,AAVE/USDT:USDT,297.4,85.0,297.39,157.0,297.43,85.0,297.47,271.0
1753504013875,04:26:53.875,AAVE/USDT:USDT,297.4,85.0,297.39,157.0,297.43,85.0,297.47,271.0
1753504013879,04:26:53.879,AAVE/USDT:USDT,297.4,85.0,297.39,157.0,297.43,85.0,297.47,271.0
1753504013883,04:26:53.883,AAVE/USDT:USDT,297.4,85.0,297.39,157.0,297.43,85.0,297.47,271.0
1753504013901,04:26:53.901,AAVE/USDT:USDT,297.4,85.0,297.39,157.0,297.43,85.0,297.47,271.0
1753504013905,04:26:53.905,AAVE/USDT:USDT,297.4,85.0,297.39,157.0,297.43,85.0,297.47,271.0
1753504013906,04:26:53.906,AAVE/USDT:USDT,297.4,85.0,297.39,157.0,297.43,85.0,297.47,271.0
1753504013908,04:26:53.908,AAVE/USDT:USDT,297.4,85.0,297.39,157.0,297.43,85.0,297.47,271.0
1753504013910,04:26:53.910,AAVE/USDT:USDT,297.4,85.0,297.39,157.0,297.43,85.0,297.47,271.0
1753504013912,04:26:53.912,AAVE/USDT:USDT,297.4,85.0,297.39,157.0,297.43,85.0,297.47,271.0
1753504013914,04:26:53.914,AAVE/USDT:USDT,297.4,85.0,297.39,157.0,297.43,85.0,297.47,271.0
1753504013915,04:26:53.915,AAVE/USDT:USDT,297.4,85.0,297.39,157.0,297.43,85.0,297.47,271.0
1753504013916,04:26:53.916,AAVE/USDT:USDT,297.4,85.0,297.39,157.0,297.43,85.0,297.47,271.0
1753504013917,04:26:53.917,AAVE/USDT:USDT,297.4,85.0,297.39,157.0,297.43,85.0,297.47,271.0
1753504013920,04:26:53.920,AAVE/USDT:USDT,297.4,85.0,297.39,157.0,297.43,85.0,297.47,271.0
1753504013921,04:26:53.921,AAVE/USDT:USDT,297.4,85.0,297.39,157.0,297.43,85.0,297.47,271.0
1753504013954,04:26:53.954,AAVE/USDT:USDT,297.4,85.0,297.39,157.0,297.43,85.0,297.47,271.0
1753504014016,04:26:54.016,AAVE/USDT:USDT,297.4,85.0,297.39,157.0,297.43,85.0,297.47,271.0
1753504014018,04:26:54.018,AAVE/USDT:USDT,297.4,85.0,297.39,157.0,297.43,85.0,297.47,271.0
1753504014057,04:26:54.057,AAVE/USDT:USDT,297.4,85.0,297.39,157.0,297.43,85.0,297.47,271.0
1753504014116,04:26:54.116,AAVE/USDT:USDT,297.4,85.0,297.39,157.0,297.43,85.0,297.47,271.0
1753504014119,04:26:54.119,AAVE/USDT:USDT,297.4,85.0,297.39,157.0,297.43,85.0,297.47,271.0
1753504014121,04:26:54.121,AAVE/USDT:USDT,297.4,85.0,297.39,157.0,297.43,85.0,297.47,271.0
1753504014123,04:26:54.123,AAVE/USDT:USDT,297.4,85.0,297.39,157.0,297.43,85.0,297.47,271.0
1753504014123,04:26:54.123,AAVE/USDT:USDT,297.4,85.0,297.39,157.0,297.43,85.0,297.47,271.0
1753504014126,04:26:54.126,AAVE/USDT:USDT,297.4,85.0,297.39,157.0,297.43,85.0,297.47,271.0
1753504014127,04:26:54.127,AAVE/USDT:USDT,297.4,85.0,297.39,157.0,297.43,85.0,297.47,271.0
1753504014130,04:26:54.130,AAVE/USDT:USDT,297.4,85.0,297.39,157.0,297.43,85.0,297.47,271.0
1753504014131,04:26:54.131,AAVE/USDT:USDT,297.4,85.0,297.39,157.0,297.43,85.0,297.47,271.0
1753504014133,04:26:54.133,AAVE/USDT:USDT,297.4,85.0,297.39,157.0,297.43,85.0,297.47,271.0
1753504014135,04:26:54.135,AAVE/USDT:USDT,297.4,85.0,297.39,157.0,297.43,85.0,297.47,271.0
1753504014137,04:26:54.137,AAVE/USDT:USDT,297.4,85.0,297.39,157.0,297.43,85.0,297.47,271.0
1753504014138,04:26:54.138,AAVE/USDT:USDT,297.4,85.0,297.39,157.0,297.43,85.0,297.47,271.0
1753504014141,04:26:54.141,AAVE/USDT:USDT,297.4,85.0,297.39,157.0,297.43,85.0,297.47,271.0
1753504014311,04:26:54.311,AAVE/USDT:USDT,297.4,85.0,297.39,157.0,297.43,85.0,297.47,271.0
1753504014313,04:26:54.313,AAVE/USDT:USDT,297.4,85.0,297.39,157.0,297.43,85.0,297.47,271.0
1753504014315,04:26:54.315,AAVE/USDT:USDT,297.4,85.0,297.39,157.0,297.43,85.0,297.47,271.0
1753504014318,04:26:54.318,AAVE/USDT:USDT,297.4,85.0,297.39,157.0,297.43,85.0,297.47,271.0
1753504014321,04:26:54.321,AAVE/USDT:USDT,297.4,85.0,297.39,157.0,297.43,85.0,297.47,271.0
1753504014323,04:26:54.323,AAVE/USDT:USDT,297.4,85.0,297.39,157.0,297.43,85.0,297.47,271.0
1753504014324,04:26:54.324,AAVE/USDT:USDT,297.4,85.0,297.39,157.0,297.43,85.0,297.47,271.0
1753504014328,04:26:54.328,AAVE/USDT:USDT,297.4,85.0,297.39,157.0,297.43,85.0,297.47,271.0
1753504014372,04:26:54.372,AAVE/USDT:USDT,297.4,85.0,297.39,157.0,297.43,85.0,297.47,271.0
1753504014373,04:26:54.373,AAVE/USDT:USDT,297.4,85.0,297.39,157.0,297.43,85.0,297.47,271.0
1753504014376,04:26:54.376,AAVE/USDT:USDT,297.4,85.0,297.39,157.0,297.43,85.0,297.47,271.0
1753504014377,04:26:54.377,AAVE/USDT:USDT,297.4,85.0,297.39,157.0,297.43,85.0,297.47,271.0
1753504014383,04:26:54.383,AAVE/USDT:USDT,297.4,85.0,297.39,157.0,297.43,85.0,297.47,271.0
1753504014534,04:26:54.534,AAVE/USDT:USDT,297.4,85.0,297.39,157.0,297.43,85.0,297.47,271.0
1753504014537,04:26:54.537,AAVE/USDT:USDT,297.4,85.0,297.39,157.0,297.43,85.0,297.47,271.0
1753504014632,04:26:54.632,AAVE/USDT:USDT,297.4,85.0,297.39,157.0,297.43,85.0,297.47,271.0
1753504014636,04:26:54.636,AAVE/USDT:USDT,297.4,85.0,297.39,157.0,297.43,85.0,297.47,271.0
1753504014637,04:26:54.637,AAVE/USDT:USDT,297.4,85.0,297.39,157.0,297.43,85.0,297.47,271.0
1753504014640,04:26:54.640,AAVE/USDT:USDT,297.4,85.0,297.39,157.0,297.43,85.0,297.47,271.0
1753504014764,04:26:54.764,AAVE/USDT:USDT,297.4,85.0,297.39,157.0,297.43,85.0,297.47,271.0
1753504014766,04:26:54.766,AAVE/USDT:USDT,297.4,85.0,297.39,157.0,297.43,85.0,297.47,271.0
1753504014767,04:26:54.767,AAVE/USDT:USDT,297.4,85.0,297.39,157.0,297.43,85.0,297.47,271.0
1753504014769,04:26:54.769,AAVE/USDT:USDT,297.4,85.0,297.39,157.0,297.43,85.0,297.47,271.0
1753504014771,04:26:54.771,AAVE/USDT:USDT,297.4,85.0,297.39,157.0,297.43,85.0,297.47,271.0
1753504014773,04:26:54.773,AAVE/USDT:USDT,297.4,85.0,297.39,157.0,297.43,85.0,297.47,271.0
1753504014776,04:26:54.776,AAVE/USDT:USDT,297.4,85.0,297.39,157.0,297.43,85.0,297.47,271.0
1753504014791,04:26:54.791,AAVE/USDT:USDT,297.4,85.0,297.39,157.0,297.43,85.0,297.47,271.0
1753504014796,04:26:54.796,AAVE/USDT:USDT,297.4,85.0,297.39,157.0,297.43,85.0,297.47,271.0
1753504014930,04:26:54.930,AAVE/USDT:USDT,297.4,85.0,297.39,157.0,297.43,85.0,297.47,271.0
1753504014933,04:26:54.933,AAVE/USDT:USDT,297.4,85.0,297.39,157.0,297.43,85.0,297.47,271.0
1753504014936,04:26:54.936,AAVE/USDT:USDT,297.4,85.0,297.39,157.0,297.43,85.0,297.47,271.0
1753504015025,04:26:55.025,AAVE/USDT:USDT,297.4,85.0,297.39,157.0,297.43,85.0,297.47,271.0
1753504015025,04:26:55.025,AAVE/USDT:USDT,297.4,85.0,297.39,157.0,297.43,85.0,297.47,271.0
1753504015025,04:26:55.025,AAVE/USDT:USDT,297.4,85.0,297.39,157.0,297.43,85.0,297.47,271.0
1753504015030,04:26:55.030,AAVE/USDT:USDT,297.4,85.0,297.39,157.0,297.43,85.0,297.47,271.0
1753504015033,04:26:55.033,AAVE/USDT:USDT,297.4,85.0,297.39,157.0,297.43,85.0,297.47,271.0
1753504015036,04:26:55.036,AAVE/USDT:USDT,297.4,85.0,297.39,157.0,297.43,85.0,297.47,271.0
1753504015039,04:26:55.039,AAVE/USDT:USDT,297.4,85.0,297.39,157.0,297.43,85.0,297.47,271.0
1753504015122,04:26:55.122,AAVE/USDT:USDT,297.4,85.0,297.39,157.0,297.43,85.0,297.47,271.0
1753504015124,04:26:55.124,AAVE/USDT:USDT,297.4,85.0,297.39,157.0,297.43,85.0,297.47,271.0
1753504015124,04:26:55.124,AAVE/USDT:USDT,297.4,85.0,297.39,157.0,297.43,85.0,297.47,271.0
1753504015126,04:26:55.126,AAVE/USDT:USDT,297.4,85.0,297.39,157.0,297.43,85.0,297.47,271.0
1753504015127,04:26:55.127,AAVE/USDT:USDT,297.4,85.0,297.39,157.0,297.43,85.0,297.47,271.0
1753504015127,04:26:55.127,AAVE/USDT:USDT,297.4,85.0,297.39,157.0,297.43,85.0,297.47,271.0
1753504015127,04:26:55.127,AAVE/USDT:USDT,297.4,85.0,297.39,157.0,297.43,85.0,297.47,271.0
1753504015128,04:26:55.128,AAVE/USDT:USDT,297.4,85.0,297.39,157.0,297.43,85.0,297.47,271.0
1753504015128,04:26:55.128,AAVE/USDT:USDT,297.4,85.0,297.39,157.0,297.43,85.0,297.47,271.0
1753504015131,04:26:55.131,AAVE/USDT:USDT,297.4,85.0,297.39,157.0,297.43,85.0,297.47,271.0
1753504015131,04:26:55.131,AAVE/USDT:USDT,297.4,85.0,297.39,157.0,297.43,85.0,297.47,271.0
1753504015135,04:26:55.135,AAVE/USDT:USDT,297.4,85.0,297.39,157.0,297.43,85.0,297.47,271.0
1753504015140,04:26:55.140,AAVE/USDT:USDT,297.4,85.0,297.39,157.0,297.43,85.0,297.47,271.0
1753504015145,04:26:55.145,AAVE/USDT:USDT,297.4,85.0,297.39,157.0,297.43,85.0,297.47,271.0
1753504015152,04:26:55.152,AAVE/USDT:USDT,297.4,85.0,297.39,157.0,297.43,85.0,297.47,271.0
1753504015155,04:26:55.155,AAVE/USDT:USDT,297.4,85.0,297.39,157.0,297.43,85.0,297.47,271.0
1753504015244,04:26:55.244,AAVE/USDT:USDT,297.4,85.0,297.39,157.0,297.43,85.0,297.47,271.0
1753504015290,04:26:55.290,AAVE/USDT:USDT,297.4,85.0,297.39,157.0,297.43,85.0,297.47,271.0
1753504015413,04:26:55.413,AAVE/USDT:USDT,297.4,85.0,297.39,157.0,297.43,85.0,297.47,271.0
1753504015413,04:26:55.413,AAVE/USDT:USDT,297.4,85.0,297.39,157.0,297.43,85.0,297.47,271.0
1753504015413,04:26:55.413,AAVE/USDT:USDT,297.4,85.0,297.39,157.0,297.43,85.0,297.47,271.0
1753504015413,04:26:55.413,AAVE/USDT:USDT,297.4,85.0,297.39,157.0,297.43,85.0,297.47,271.0
1753504015419,04:26:55.419,AAVE/USDT:USDT,297.4,85.0,297.39,157.0,297.43,85.0,297.47,271.0
1753504015419,04:26:55.419,AAVE/USDT:USDT,297.4,85.0,297.39,157.0,297.43,85.0,297.47,271.0
1753504015421,04:26:55.421,AAVE/USDT:USDT,297.4,85.0,297.39,157.0,297.43,85.0,297.47,271.0
1753504015422,04:26:55.422,AAVE/USDT:USDT,297.4,85.0,297.39,157.0,297.43,85.0,297.47,271.0
1753504015423,04:26:55.423,AAVE/USDT:USDT,297.4,85.0,297.39,157.0,297.47,271.0,297.49,226.0
1753504015426,04:26:55.426,AAVE/USDT:USDT,297.4,85.0,297.39,157.0,297.47,271.0,297.49,226.0
1753504015427,04:26:55.427,AAVE/USDT:USDT,297.4,85.0,297.39,157.0,297.46,85.0,297.49,85.0
1753504015429,04:26:55.429,AAVE/USDT:USDT,297.4,85.0,297.39,157.0,297.46,85.0,297.49,85.0
1753504015467,04:26:55.467,AAVE/USDT:USDT,297.4,85.0,297.39,157.0,297.46,85.0,297.49,85.0
1753504015467,04:26:55.467,AAVE/USDT:USDT,297.4,85.0,297.39,157.0,297.46,85.0,297.49,85.0
1753504015471,04:26:55.471,AAVE/USDT:USDT,297.4,85.0,297.39,157.0,297.46,85.0,297.49,85.0
1753504015473,04:26:55.473,AAVE/USDT:USDT,297.4,85.0,297.39,157.0,297.46,85.0,297.49,85.0
1753504015477,04:26:55.477,AAVE/USDT:USDT,297.4,85.0,297.39,157.0,297.46,85.0,297.49,85.0
1753504015479,04:26:55.479,AAVE/USDT:USDT,297.4,85.0,297.39,157.0,297.46,85.0,297.49,85.0
1753504015482,04:26:55.482,AAVE/USDT:USDT,297.4,85.0,297.39,157.0,297.46,85.0,297.49,85.0
1753504015482,04:26:55.482,AAVE/USDT:USDT,297.4,85.0,297.39,157.0,297.46,85.0,297.49,85.0
1753504015488,04:26:55.488,AAVE/USDT:USDT,297.4,85.0,297.39,157.0,297.46,85.0,297.49,85.0
1753504015491,04:26:55.491,AAVE/USDT:USDT,297.4,85.0,297.39,157.0,297.46,85.0,297.49,85.0
1753504015493,04:26:55.493,AAVE/USDT:USDT,297.4,85.0,297.39,157.0,297.46,85.0,297.49,85.0
1753504015496,04:26:55.496,AAVE/USDT:USDT,297.4,85.0,297.39,157.0,297.46,85.0,297.49,85.0
1753504015498,04:26:55.498,AAVE/USDT:USDT,297.4,85.0,297.39,157.0,297.46,85.0,297.49,85.0
1753504015500,04:26:55.500,AAVE/USDT:USDT,297.4,85.0,297.39,157.0,297.46,85.0,297.49,85.0
1753504015581,04:26:55.581,AAVE/USDT:USDT,297.4,85.0,297.39,157.0,297.49,85.0,297.51,226.0
1753504015585,04:26:55.585,AAVE/USDT:USDT,297.4,85.0,297.39,157.0,297.49,85.0,297.51,85.0
1753504015587,04:26:55.587,AAVE/USDT:USDT,297.4,85.0,297.39,157.0,297.49,85.0,297.51,85.0
1753504015588,04:26:55.588,AAVE/USDT:USDT,297.4,85.0,297.39,157.0,297.49,85.0,297.51,85.0
1753504015589,04:26:55.589,AAVE/USDT:USDT,297.4,85.0,297.39,157.0,297.51,85.0,297.52,271.0
1753504015593,04:26:55.593,AAVE/USDT:USDT,297.4,85.0,297.39,157.0,297.51,85.0,297.52,271.0
1753504015593,04:26:55.593,AAVE/USDT:USDT,297.4,85.0,297.39,157.0,297.51,85.0,297.53,248.0
1753504015594,04:26:55.594,AAVE/USDT:USDT,297.4,85.0,297.39,157.0,297.51,85.0,297.53,248.0
1753504015597,04:26:55.597,AAVE/USDT:USDT,297.4,85.0,297.39,157.0,297.51,85.0,297.53,248.0
1753504015600,04:26:55.600,AAVE/USDT:USDT,297.4,85.0,297.39,157.0,297.51,85.0,297.53,248.0
1753504015600,04:26:55.600,AAVE/USDT:USDT,297.4,85.0,297.39,157.0,297.51,85.0,297.53,248.0
1753504015603,04:26:55.603,AAVE/USDT:USDT,297.4,85.0,297.39,157.0,297.51,85.0,297.53,248.0
1753504015650,04:26:55.650,AAVE/USDT:USDT,297.4,85.0,297.39,157.0,297.51,85.0,297.53,248.0
1753504015710,04:26:55.710,AAVE/USDT:USDT,297.4,85.0,297.39,157.0,297.51,85.0,297.53,248.0
1753504015712,04:26:55.712,AAVE/USDT:USDT,297.4,85.0,297.39,157.0,297.51,85.0,297.53,248.0
1753504015713,04:26:55.713,AAVE/USDT:USDT,297.4,85.0,297.39,157.0,297.51,85.0,297.53,248.0
1753504015717,04:26:55.717,AAVE/USDT:USDT,297.4,85.0,297.39,157.0,297.51,85.0,297.53,248.0
1753504015758,04:26:55.758,AAVE/USDT:USDT,297.4,85.0,297.39,157.0,297.51,85.0,297.53,248.0
1753504015761,04:26:55.761,AAVE/USDT:USDT,297.4,85.0,297.39,157.0,297.51,85.0,297.53,248.0
1753504015763,04:26:55.763,AAVE/USDT:USDT,297.4,85.0,297.39,157.0,297.51,85.0,297.53,248.0
1753504015764,04:26:55.764,AAVE/USDT:USDT,297.4,85.0,297.39,157.0,297.51,85.0,297.53,248.0
1753504015768,04:26:55.768,AAVE/USDT:USDT,297.4,85.0,297.39,157.0,297.51,85.0,297.53,248.0
1753504015814,04:26:55.814,AAVE/USDT:USDT,297.4,85.0,297.39,157.0,297.51,85.0,297.53,248.0
1753504015822,04:26:55.822,AAVE/USDT:USDT,297.41,306.0,297.4,85.0,297.51,85.0,297.53,248.0
1753504015825,04:26:55.825,AAVE/USDT:USDT,297.41,306.0,297.4,85.0,297.51,85.0,297.53,248.0
1753504015826,04:26:55.826,AAVE/USDT:USDT,297.42,85.0,297.4,85.0,297.5,23.0,297.51,85.0
1753504015828,04:26:55.828,AAVE/USDT:USDT,297.42,85.0,297.4,85.0,297.5,23.0,297.51,85.0
1753504015829,04:26:55.829,AAVE/USDT:USDT,297.42,85.0,297.4,85.0,297.5,23.0,297.51,85.0
1753504015831,04:26:55.831,AAVE/USDT:USDT,297.42,85.0,297.4,85.0,297.49,108.0,297.5,23.0
1753504015832,04:26:55.832,AAVE/USDT:USDT,297.42,85.0,297.4,85.0,297.49,108.0,297.5,23.0
1753504015832,04:26:55.832,AAVE/USDT:USDT,297.42,85.0,297.4,85.0,297.49,108.0,297.5,23.0
1753504015832,04:26:55.832,AAVE/USDT:USDT,297.42,85.0,297.4,85.0,297.49,108.0,297.5,23.0
1753504015833,04:26:55.833,AAVE/USDT:USDT,297.42,85.0,297.4,85.0,297.49,108.0,297.5,23.0
1753504015834,04:26:55.834,AAVE/USDT:USDT,297.42,85.0,297.4,85.0,297.48,85.0,297.49,108.0
1753504015837,04:26:55.837,AAVE/USDT:USDT,297.42,85.0,297.4,85.0,297.48,85.0,297.49,23.0
1753504015837,04:26:55.837,AAVE/USDT:USDT,297.42,85.0,297.4,85.0,297.47,23.0,297.48,85.0
1753504015839,04:26:55.839,AAVE/USDT:USDT,297.42,85.0,297.4,85.0,297.47,23.0,297.48,85.0
1753504015840,04:26:55.840,AAVE/USDT:USDT,297.42,85.0,297.4,85.0,297.46,85.0,297.47,23.0
1753504015840,04:26:55.840,AAVE/USDT:USDT,297.42,85.0,297.4,85.0,297.46,85.0,297.47,23.0
1753504015842,04:26:55.842,AAVE/USDT:USDT,297.42,85.0,297.4,85.0,297.46,108.0,297.47,23.0
1753504015844,04:26:55.844,AAVE/USDT:USDT,297.42,85.0,297.4,85.0,297.45,23.0,297.46,108.0
1753504015845,04:26:55.845,AAVE/USDT:USDT,297.42,85.0,297.4,85.0,297.45,23.0,297.46,108.0
1753504015846,04:26:55.846,AAVE/USDT:USDT,297.42,85.0,297.4,85.0,297.45,108.0,297.46,23.0
1753504015848,04:26:55.848,AAVE/USDT:USDT,297.42,85.0,297.4,85.0,297.44,23.0,297.45,108.0
1753504015848,04:26:55.848,AAVE/USDT:USDT,297.42,85.0,297.4,85.0,297.44,108.0,297.45,108.0
1753504015849,04:26:55.849,AAVE/USDT:USDT,297.42,85.0,297.4,85.0,297.44,108.0,297.45,108.0
1753504015851,04:26:55.851,AAVE/USDT:USDT,297.42,85.0,297.4,85.0,297.44,108.0,297.45,85.0
1753504015852,04:26:55.852,AAVE/USDT:USDT,297.42,85.0,297.4,85.0,297.44,108.0,297.45,85.0
1753504015852,04:26:55.852,AAVE/USDT:USDT,297.42,85.0,297.4,85.0,297.44,108.0,297.45,85.0
1753504015859,04:26:55.859,AAVE/USDT:USDT,297.42,85.0,297.4,85.0,297.43,85.0,297.44,23.0
1753504015863,04:26:55.863,AAVE/USDT:USDT,297.42,85.0,297.4,85.0,297.43,85.0,297.44,23.0
1753504015863,04:26:55.863,AAVE/USDT:USDT,297.42,103.0,297.4,85.0,297.43,85.0,297.44,23.0
1753504015864,04:26:55.864,AAVE/USDT:USDT,297.42,103.0,297.4,85.0,297.43,85.0,297.44,23.0
1753504015864,04:26:55.864,AAVE/USDT:USDT,297.42,103.0,297.4,85.0,297.43,108.0,297.45,85.0
1753504015875,04:26:55.875,AAVE/USDT:USDT,297.42,103.0,297.4,85.0,297.43,108.0,297.45,85.0
1753504015895,04:26:55.895,AAVE/USDT:USDT,297.42,103.0,297.4,85.0,297.43,108.0,297.45,85.0
1753504015905,04:26:55.905,AAVE/USDT:USDT,297.42,103.0,297.4,85.0,297.43,108.0,297.45,85.0
1753504015927,04:26:55.927,AAVE/USDT:USDT,297.42,103.0,297.4,85.0,297.43,108.0,297.45,85.0
1753504015929,04:26:55.929,AAVE/USDT:USDT,297.42,103.0,297.4,85.0,297.43,108.0,297.45,85.0
1753504015944,04:26:55.944,AAVE/USDT:USDT,297.42,103.0,297.4,85.0,297.43,108.0,297.45,85.0
1753504015957,04:26:55.957,AAVE/USDT:USDT,297.42,103.0,297.4,85.0,297.43,108.0,297.45,85.0
1753504015981,04:26:55.981,AAVE/USDT:USDT,297.42,103.0,297.4,85.0,297.43,108.0,297.45,85.0
1753504016070,04:26:56.070,AAVE/USDT:USDT,297.42,103.0,297.4,85.0,297.43,108.0,297.45,85.0
1753504016074,04:26:56.074,AAVE/USDT:USDT,297.42,103.0,297.4,85.0,297.43,108.0,297.45,85.0
1753504016075,04:26:56.075,AAVE/USDT:USDT,297.42,103.0,297.4,85.0,297.43,108.0,297.45,85.0
1753504016077,04:26:56.077,AAVE/USDT:USDT,297.42,103.0,297.4,85.0,297.43,108.0,297.45,85.0
1753504016078,04:26:56.078,AAVE/USDT:USDT,297.42,103.0,297.4,85.0,297.43,108.0,297.45,85.0
1753504016080,04:26:56.080,AAVE/USDT:USDT,297.42,103.0,297.4,85.0,297.43,108.0,297.45,85.0
1753504016081,04:26:56.081,AAVE/USDT:USDT,297.42,103.0,297.4,85.0,297.43,108.0,297.45,85.0
1753504016124,04:26:56.124,AAVE/USDT:USDT,297.42,103.0,297.4,85.0,297.43,108.0,297.45,85.0
1753504016195,04:26:56.195,AAVE/USDT:USDT,297.42,103.0,297.4,85.0,297.43,108.0,297.45,85.0
1753504016208,04:26:56.208,AAVE/USDT:USDT,297.42,103.0,297.4,85.0,297.43,108.0,297.45,85.0
1753504016212,04:26:56.212,AAVE/USDT:USDT,297.42,103.0,297.4,85.0,297.43,108.0,297.45,85.0
1753504016219,04:26:56.219,AAVE/USDT:USDT,297.42,103.0,297.4,85.0,297.43,108.0,297.45,85.0
1753504016222,04:26:56.222,AAVE/USDT:USDT,297.42,103.0,297.4,85.0,297.43,108.0,297.45,85.0
1753504016247,04:26:56.247,AAVE/USDT:USDT,297.42,103.0,297.4,85.0,297.43,23.0,297.45,85.0
1753504016302,04:26:56.302,AAVE/USDT:USDT,297.42,103.0,297.4,85.0,297.43,23.0,297.45,85.0
1753504016327,04:26:56.327,AAVE/USDT:USDT,297.42,103.0,297.4,85.0,297.43,23.0,297.45,85.0
1753504016339,04:26:56.339,AAVE/USDT:USDT,297.42,103.0,297.4,85.0,297.48,85.0,297.49,141.0
1753504016340,04:26:56.340,AAVE/USDT:USDT,297.43,85.0,297.42,103.0,297.48,85.0,297.49,141.0
1753504016342,04:26:56.342,AAVE/USDT:USDT,297.43,85.0,297.42,18.0,297.48,85.0,297.49,141.0
1753504016342,04:26:56.342,AAVE/USDT:USDT,297.43,85.0,297.42,18.0,297.48,85.0,297.51,356.0
1753504016344,04:26:56.344,AAVE/USDT:USDT,297.43,85.0,297.4,85.0,297.47,23.0,297.48,85.0
1753504016349,04:26:56.349,AAVE/USDT:USDT,297.43,85.0,297.4,85.0,297.46,85.0,297.47,23.0
1753504016352,04:26:56.352,AAVE/USDT:USDT,297.43,85.0,297.4,85.0,297.46,85.0,297.48,85.0
1753504016393,04:26:56.393,AAVE/USDT:USDT,297.43,85.0,297.4,85.0,297.46,85.0,297.48,85.0
1753504016394,04:26:56.394,AAVE/USDT:USDT,297.43,85.0,297.4,85.0,297.46,85.0,297.48,85.0
1753504016403,04:26:56.403,AAVE/USDT:USDT,297.43,85.0,297.4,85.0,297.46,85.0,297.48,85.0
1753504016407,04:26:56.407,AAVE/USDT:USDT,297.43,85.0,297.4,85.0,297.46,85.0,297.48,85.0
1753504016439,04:26:56.439,AAVE/USDT:USDT,297.43,85.0,297.4,85.0,297.46,85.0,297.48,85.0
1753504016446,04:26:56.446,AAVE/USDT:USDT,297.43,85.0,297.4,85.0,297.46,85.0,297.48,85.0
1753504016451,04:26:56.451,AAVE/USDT:USDT,297.43,85.0,297.4,85.0,297.46,85.0,297.48,85.0
1753504016457,04:26:56.457,AAVE/USDT:USDT,297.43,85.0,297.4,85.0,297.46,85.0,297.48,85.0
1753504016493,04:26:56.493,AAVE/USDT:USDT,297.4,85.0,297.39,157.0,297.46,85.0,297.48,85.0
1753504016502,04:26:56.502,AAVE/USDT:USDT,297.4,85.0,297.39,157.0,297.48,85.0,297.51,497.0
1753504016595,04:26:56.595,AAVE/USDT:USDT,297.4,85.0,297.39,157.0,297.48,85.0,297.51,497.0
1753504016597,04:26:56.597,AAVE/USDT:USDT,297.4,85.0,297.39,157.0,297.48,85.0,297.51,497.0
1753504016602,04:26:56.602,AAVE/USDT:USDT,297.4,85.0,297.39,157.0,297.48,85.0,297.51,497.0
1753504016823,04:26:56.823,AAVE/USDT:USDT,297.4,85.0,297.39,157.0,297.48,85.0,297.51,497.0
1753504016833,04:26:56.833,AAVE/USDT:USDT,297.4,85.0,297.39,157.0,297.48,85.0,297.51,497.0
1753504017012,04:26:57.012,AAVE/USDT:USDT,297.4,85.0,297.39,157.0,297.48,85.0,297.51,497.0
1753504017012,04:26:57.012,AAVE/USDT:USDT,297.4,85.0,297.39,157.0,297.48,85.0,297.51,497.0
1753504017012,04:26:57.012,AAVE/USDT:USDT,297.4,85.0,297.39,157.0,297.48,85.0,297.51,497.0
1753504017016,04:26:57.016,AAVE/USDT:USDT,297.4,85.0,297.39,157.0,297.48,85.0,297.51,497.0
1753504017032,04:26:57.032,AAVE/USDT:USDT,297.4,85.0,297.39,157.0,297.48,85.0,297.51,497.0
1753504017051,04:26:57.051,AAVE/USDT:USDT,297.4,85.0,297.39,157.0,297.48,85.0,297.51,497.0
1753504017201,04:26:57.201,AAVE/USDT:USDT,297.4,85.0,297.39,157.0,297.48,85.0,297.51,497.0
1753504017203,04:26:57.203,AAVE/USDT:USDT,297.4,85.0,297.39,157.0,297.48,85.0,297.51,497.0
1753504017204,04:26:57.204,AAVE/USDT:USDT,297.4,85.0,297.39,157.0,297.48,85.0,297.51,497.0
1753504017620,04:26:57.620,AAVE/USDT:USDT,297.4,85.0,297.39,157.0,297.48,85.0,297.51,497.0
1753504017624,04:26:57.624,AAVE/USDT:USDT,297.4,85.0,297.39,157.0,297.48,85.0,297.51,497.0
1753504017679,04:26:57.679,AAVE/USDT:USDT,297.4,85.0,297.39,157.0,297.48,85.0,297.51,497.0
1753504017682,04:26:57.682,AAVE/USDT:USDT,297.4,85.0,297.39,157.0,297.48,85.0,297.51,497.0
1753504017684,04:26:57.684,AAVE/USDT:USDT,297.4,85.0,297.39,157.0,297.48,85.0,297.51,497.0
1753504017688,04:26:57.688,AAVE/USDT:USDT,297.41,242.0,297.4,85.0,297.48,85.0,297.51,497.0
1753504017691,04:26:57.691,AAVE/USDT:USDT,297.42,85.0,297.41,242.0,297.48,85.0,297.51,497.0
1753504017712,04:26:57.712,AAVE/USDT:USDT,297.42,85.0,297.41,242.0,297.48,85.0,297.51,497.0
1753504017725,04:26:57.725,AAVE/USDT:USDT,297.42,85.0,297.41,242.0,297.48,85.0,297.51,497.0
1753504017727,04:26:57.727,AAVE/USDT:USDT,297.42,85.0,297.41,242.0,297.48,85.0,297.51,497.0
1753504017729,04:26:57.729,AAVE/USDT:USDT,297.42,158.0,297.41,242.0,297.48,85.0,297.51,497.0
1753504017732,04:26:57.732,AAVE/USDT:USDT,297.43,85.0,297.42,158.0,297.48,85.0,297.51,497.0
1753504017733,04:26:57.733,AAVE/USDT:USDT,297.43,85.0,297.42,73.0,297.48,85.0,297.51,497.0
1753504017800,04:26:57.800,AAVE/USDT:USDT,297.43,85.0,297.42,73.0,297.51,497.0,297.52,271.0
1753504017804,04:26:57.804,AAVE/USDT:USDT,297.43,85.0,297.42,73.0,297.51,497.0,297.52,271.0
1753504017804,04:26:57.804,AAVE/USDT:USDT,297.43,85.0,297.42,73.0,297.5,85.0,297.51,497.0
1753504017804,04:26:57.804,AAVE/USDT:USDT,297.43,85.0,297.42,73.0,297.5,85.0,297.51,412.0
1753504017807,04:26:57.807,AAVE/USDT:USDT,297.43,85.0,297.42,73.0,297.5,85.0,297.51,412.0
1753504017807,04:26:57.807,AAVE/USDT:USDT,297.43,85.0,297.42,73.0,297.5,85.0,297.51,412.0
1753504017809,04:26:57.809,AAVE/USDT:USDT,297.43,85.0,297.42,73.0,297.5,85.0,297.53,154.0
1753504017815,04:26:57.815,AAVE/USDT:USDT,297.43,85.0,297.42,73.0,297.5,85.0,297.53,154.0
1753504017817,04:26:57.817,AAVE/USDT:USDT,297.43,85.0,297.42,73.0,297.5,85.0,297.53,154.0
1753504017845,04:26:57.845,AAVE/USDT:USDT,297.43,85.0,297.42,73.0,297.5,85.0,297.53,154.0
1753504017854,04:26:57.854,AAVE/USDT:USDT,297.43,85.0,297.42,73.0,297.5,85.0,297.53,154.0
1753504017857,04:26:57.857,AAVE/USDT:USDT,297.43,85.0,297.42,73.0,297.5,85.0,297.53,154.0
1753504017860,04:26:57.860,AAVE/USDT:USDT,297.43,85.0,297.42,73.0,297.5,85.0,297.53,154.0
1753504017860,04:26:57.860,AAVE/USDT:USDT,297.43,85.0,297.42,73.0,297.5,85.0,297.53,154.0
1753504017864,04:26:57.864,AAVE/USDT:USDT,297.43,85.0,297.42,73.0,297.5,85.0,297.53,154.0
1753504017866,04:26:57.866,AAVE/USDT:USDT,297.43,85.0,297.42,73.0,297.5,85.0,297.53,154.0
1753504017866,04:26:57.866,AAVE/USDT:USDT,297.43,85.0,297.42,73.0,297.5,85.0,297.53,154.0
1753504017878,04:26:57.878,AAVE/USDT:USDT,297.43,85.0,297.42,73.0,297.5,85.0,297.53,154.0
1753504017900,04:26:57.900,AAVE/USDT:USDT,297.43,85.0,297.42,73.0,297.5,85.0,297.53,154.0
1753504017901,04:26:57.901,AAVE/USDT:USDT,297.43,85.0,297.42,73.0,297.5,85.0,297.53,154.0
1753504017904,04:26:57.904,AAVE/USDT:USDT,297.43,85.0,297.42,73.0,297.5,85.0,297.53,154.0
1753504017909,04:26:57.909,AAVE/USDT:USDT,297.43,85.0,297.42,73.0,297.5,85.0,297.53,154.0
1753504017912,04:26:57.912,AAVE/USDT:USDT,297.43,85.0,297.42,73.0,297.5,85.0,297.53,154.0
1753504017919,04:26:57.919,AAVE/USDT:USDT,297.43,85.0,297.42,748.0,297.5,85.0,297.53,154.0
1753504017923,04:26:57.923,AAVE/USDT:USDT,297.43,288.0,297.42,748.0,297.5,85.0,297.53,154.0
1753504017927,04:26:57.927,AAVE/USDT:USDT,297.44,85.0,297.43,203.0,297.5,85.0,297.53,154.0
1753504017946,04:26:57.946,AAVE/USDT:USDT,297.44,85.0,297.43,203.0,297.5,85.0,297.53,154.0
1753504017948,04:26:57.948,AAVE/USDT:USDT,297.44,85.0,297.43,203.0,297.5,85.0,297.53,154.0
1753504017954,04:26:57.954,AAVE/USDT:USDT,297.44,85.0,297.43,203.0,297.5,85.0,297.53,154.0
1753504017986,04:26:57.986,AAVE/USDT:USDT,297.44,85.0,297.43,203.0,297.5,85.0,297.53,154.0
1753504018008,04:26:58.008,AAVE/USDT:USDT,297.44,85.0,297.43,203.0,297.5,85.0,297.53,154.0
1753504018035,04:26:58.035,AAVE/USDT:USDT,297.44,85.0,297.43,203.0,297.5,85.0,297.53,154.0
1753504018064,04:26:58.064,AAVE/USDT:USDT,297.44,85.0,297.43,203.0,297.5,85.0,297.53,154.0
1753504018069,04:26:58.069,AAVE/USDT:USDT,297.44,85.0,297.43,203.0,297.5,85.0,297.53,154.0
1753504018179,04:26:58.179,AAVE/USDT:USDT,297.44,85.0,297.42,748.0,297.5,85.0,297.53,154.0
1753504018248,04:26:58.248,AAVE/USDT:USDT,297.44,85.0,297.42,748.0,297.5,85.0,297.53,154.0
1753504018249,04:26:58.249,AAVE/USDT:USDT,297.44,85.0,297.42,748.0,297.5,85.0,297.53,154.0
1753504018252,04:26:58.252,AAVE/USDT:USDT,297.44,85.0,297.42,748.0,297.5,85.0,297.53,154.0
1753504018304,04:26:58.304,AAVE/USDT:USDT,297.44,85.0,297.42,748.0,297.5,85.0,297.53,154.0
1753504018311,04:26:58.311,AAVE/USDT:USDT,297.44,85.0,297.42,748.0,297.5,85.0,297.53,154.0
1753504018346,04:26:58.346,AAVE/USDT:USDT,297.44,85.0,297.42,748.0,297.5,85.0,297.53,154.0
1753504018348,04:26:58.348,AAVE/USDT:USDT,297.44,85.0,297.42,748.0,297.5,85.0,297.53,154.0
1753504018350,04:26:58.350,AAVE/USDT:USDT,297.44,85.0,297.43,203.0,297.5,85.0,297.53,154.0
1753504018352,04:26:58.352,AAVE/USDT:USDT,297.44,85.0,297.43,203.0,297.5,85.0,297.53,154.0
1753504018839,04:26:58.839,AAVE/USDT:USDT,297.44,85.0,297.43,203.0,297.5,85.0,297.53,154.0
1753504018845,04:26:58.845,AAVE/USDT:USDT,297.44,85.0,297.43,203.0,297.5,85.0,297.53,154.0
1753504019145,04:26:59.145,AAVE/USDT:USDT,297.44,85.0,297.43,203.0,297.53,154.0,297.54,271.0
1753504019145,04:26:59.145,AAVE/USDT:USDT,297.44,85.0,297.43,203.0,297.53,154.0,297.54,271.0
1753504019147,04:26:59.147,AAVE/USDT:USDT,297.44,2590.0,297.43,203.0,297.53,154.0,297.54,271.0
1753504019149,04:26:59.149,AAVE/USDT:USDT,297.44,2590.0,297.43,203.0,297.53,154.0,297.54,271.0
1753504019150,04:26:59.150,AAVE/USDT:USDT,297.44,2590.0,297.43,203.0,297.53,154.0,297.54,271.0
1753504019150,04:26:59.150,AAVE/USDT:USDT,297.44,2590.0,297.43,203.0,297.53,154.0,297.54,271.0
1753504019154,04:26:59.154,AAVE/USDT:USDT,297.44,2590.0,297.43,203.0,297.52,85.0,297.53,154.0
1753504019156,04:26:59.156,AAVE/USDT:USDT,297.44,2590.0,297.43,203.0,297.52,85.0,297.53,154.0
1753504019158,04:26:59.158,AAVE/USDT:USDT,297.44,2590.0,297.43,203.0,297.52,85.0,297.53,72.0
1753504019160,04:26:59.160,AAVE/USDT:USDT,297.45,85.0,297.44,2505.0,297.52,85.0,297.53,72.0
1753504019166,04:26:59.166,AAVE/USDT:USDT,297.45,775.0,297.44,2505.0,297.53,72.0,297.55,86.0
1753504019173,04:26:59.173,AAVE/USDT:USDT,297.45,775.0,297.44,2505.0,297.53,72.0,297.55,86.0
1753504019178,04:26:59.178,AAVE/USDT:USDT,297.46,85.0,297.45,690.0,297.53,72.0,297.55,86.0
1753504019181,04:26:59.181,AAVE/USDT:USDT,297.46,85.0,297.45,767.0,297.53,72.0,297.55,86.0
1753504019183,04:26:59.183,AAVE/USDT:USDT,297.46,85.0,297.45,767.0,297.53,72.0,297.55,86.0
1753504019185,04:26:59.185,AAVE/USDT:USDT,297.46,85.0,297.45,767.0,297.53,72.0,297.55,86.0
1753504019186,04:26:59.186,AAVE/USDT:USDT,297.46,85.0,297.45,767.0,297.53,72.0,297.55,86.0
1753504019187,04:26:59.187,AAVE/USDT:USDT,297.46,85.0,297.45,767.0,297.53,72.0,297.55,86.0
1753504019189,04:26:59.189,AAVE/USDT:USDT,297.46,85.0,297.45,767.0,297.53,72.0,297.55,86.0
1753504019190,04:26:59.190,AAVE/USDT:USDT,297.46,85.0,297.45,767.0,297.53,72.0,297.55,86.0
1753504019191,04:26:59.191,AAVE/USDT:USDT,297.46,85.0,297.45,767.0,297.53,72.0,297.55,86.0
1753504019200,04:26:59.200,AAVE/USDT:USDT,297.46,85.0,297.45,767.0,297.53,72.0,297.55,86.0
1753504019202,04:26:59.202,AAVE/USDT:USDT,297.46,85.0,297.45,767.0,297.53,72.0,297.55,86.0
1753504019210,04:26:59.210,AAVE/USDT:USDT,297.46,85.0,297.45,767.0,297.53,72.0,297.55,86.0
1753504019213,04:26:59.213,AAVE/USDT:USDT,297.46,85.0,297.45,767.0,297.53,72.0,297.55,86.0
1753504019216,04:26:59.216,AAVE/USDT:USDT,297.46,85.0,297.45,767.0,297.53,72.0,297.55,86.0
1753504019217,04:26:59.217,AAVE/USDT:USDT,297.46,85.0,297.45,767.0,297.53,72.0,297.55,86.0
1753504019220,04:26:59.220,AAVE/USDT:USDT,297.46,85.0,297.45,767.0,297.53,72.0,297.55,86.0
1753504019223,04:26:59.223,AAVE/USDT:USDT,297.46,85.0,297.45,767.0,297.53,72.0,297.55,86.0
1753504019225,04:26:59.225,AAVE/USDT:USDT,297.46,85.0,297.45,767.0,297.53,72.0,297.55,86.0
1753504019233,04:26:59.233,AAVE/USDT:USDT,297.46,85.0,297.45,767.0,297.53,72.0,297.55,86.0
1753504019237,04:26:59.237,AAVE/USDT:USDT,297.46,85.0,297.45,767.0,297.53,72.0,297.55,86.0
1753504019241,04:26:59.241,AAVE/USDT:USDT,297.46,85.0,297.45,767.0,297.53,72.0,297.55,86.0
1753504019245,04:26:59.245,AAVE/USDT:USDT,297.46,85.0,297.45,767.0,297.53,72.0,297.55,86.0
1753504019249,04:26:59.249,AAVE/USDT:USDT,297.46,85.0,297.45,767.0,297.53,72.0,297.55,86.0
1753504019251,04:26:59.251,AAVE/USDT:USDT,297.46,85.0,297.45,767.0,297.53,72.0,297.55,86.0
1753504019252,04:26:59.252,AAVE/USDT:USDT,297.46,85.0,297.45,767.0,297.53,72.0,297.55,86.0
1753504019253,04:26:59.253,AAVE/USDT:USDT,297.46,85.0,297.45,767.0,297.53,72.0,297.55,86.0
1753504019298,04:26:59.298,AAVE/USDT:USDT,297.46,85.0,297.45,767.0,297.53,72.0,297.55,86.0
1753504019299,04:26:59.299,AAVE/USDT:USDT,297.46,85.0,297.45,767.0,297.53,72.0,297.55,86.0
1753504019303,04:26:59.303,AAVE/USDT:USDT,297.46,85.0,297.45,767.0,297.53,72.0,297.55,86.0
1753504019304,04:26:59.304,AAVE/USDT:USDT,297.46,85.0,297.45,767.0,297.53,72.0,297.55,86.0
1753504019304,04:26:59.304,AAVE/USDT:USDT,297.46,85.0,297.45,767.0,297.53,72.0,297.55,86.0
1753504019306,04:26:59.306,AAVE/USDT:USDT,297.46,85.0,297.45,767.0,297.53,72.0,297.55,86.0
1753504019308,04:26:59.308,AAVE/USDT:USDT,297.46,85.0,297.45,767.0,297.53,72.0,297.55,86.0
1753504019310,04:26:59.310,AAVE/USDT:USDT,297.46,85.0,297.45,767.0,297.53,72.0,297.55,86.0
1753504019317,04:26:59.317,AAVE/USDT:USDT,297.46,85.0,297.45,767.0,297.53,72.0,297.55,86.0
1753504019318,04:26:59.318,AAVE/USDT:USDT,297.46,85.0,297.45,767.0,297.53,72.0,297.55,86.0
1753504019318,04:26:59.318,AAVE/USDT:USDT,297.46,85.0,297.45,767.0,297.53,72.0,297.55,86.0
1753504019321,04:26:59.321,AAVE/USDT:USDT,297.46,85.0,297.45,767.0,297.53,72.0,297.55,86.0
1753504019351,04:26:59.351,AAVE/USDT:USDT,297.46,85.0,297.45,767.0,297.56,141.0,297.57,86.0
1753504019351,04:26:59.351,AAVE/USDT:USDT,297.46,85.0,297.45,767.0,297.56,141.0,297.57,86.0
1753504019351,04:26:59.351,AAVE/USDT:USDT,297.47,129.0,297.46,85.0,297.56,141.0,297.57,86.0
1753504019352,04:26:59.352,AAVE/USDT:USDT,297.47,129.0,297.46,85.0,297.56,141.0,297.57,86.0
1753504019353,04:26:59.353,AAVE/USDT:USDT,297.47,129.0,297.46,85.0,297.56,141.0,297.57,86.0
1753504019354,04:26:59.354,AAVE/USDT:USDT,297.47,129.0,297.46,85.0,297.56,141.0,297.57,86.0
1753504019355,04:26:59.355,AAVE/USDT:USDT,297.47,129.0,297.46,85.0,297.56,141.0,297.57,86.0
1753504019355,04:26:59.355,AAVE/USDT:USDT,297.48,85.0,297.47,129.0,297.56,141.0,297.57,86.0
1753504019369,04:26:59.369,AAVE/USDT:USDT,297.48,85.0,297.47,129.0,297.56,141.0,297.57,86.0
1753504019370,04:26:59.370,AAVE/USDT:USDT,297.48,85.0,297.47,129.0,297.56,141.0,297.57,86.0
1753504019375,04:26:59.375,AAVE/USDT:USDT,297.48,85.0,297.47,129.0,297.56,141.0,297.57,86.0
1753504019377,04:26:59.377,AAVE/USDT:USDT,297.48,85.0,297.47,129.0,297.56,141.0,297.57,86.0
1753504019378,04:26:59.378,AAVE/USDT:USDT,297.48,85.0,297.47,129.0,297.57,86.0,297.59,86.0
1753504019382,04:26:59.382,AAVE/USDT:USDT,297.48,85.0,297.47,129.0,297.59,86.0,297.6,271.0
1753504019383,04:26:59.383,AAVE/USDT:USDT,297.48,85.0,297.47,129.0,297.59,86.0,297.6,271.0
1753504019386,04:26:59.386,AAVE/USDT:USDT,297.48,85.0,297.47,129.0,297.59,86.0,297.6,271.0
1753504019391,04:26:59.391,AAVE/USDT:USDT,297.48,85.0,297.47,129.0,297.59,86.0,297.6,271.0
1753504019391,04:26:59.391,AAVE/USDT:USDT,297.48,85.0,297.47,129.0,297.59,86.0,297.6,271.0
1753504019393,04:26:59.393,AAVE/USDT:USDT,297.48,85.0,297.47,129.0,297.59,86.0,297.6,271.0
1753504019396,04:26:59.396,AAVE/USDT:USDT,297.48,85.0,297.47,129.0,297.59,86.0,297.6,271.0
1753504019409,04:26:59.409,AAVE/USDT:USDT,297.48,85.0,297.47,129.0,297.59,86.0,297.6,271.0
1753504019418,04:26:59.418,AAVE/USDT:USDT,297.48,85.0,297.47,129.0,297.59,86.0,297.6,271.0
1753504019431,04:26:59.431,AAVE/USDT:USDT,297.48,85.0,297.47,129.0,297.59,86.0,297.6,271.0
1753504019433,04:26:59.433,AAVE/USDT:USDT,297.48,85.0,297.47,129.0,297.59,86.0,297.61,86.0
1753504019433,04:26:59.433,AAVE/USDT:USDT,297.48,85.0,297.47,129.0,297.59,86.0,297.61,86.0
1753504019436,04:26:59.436,AAVE/USDT:USDT,297.48,85.0,297.47,129.0,297.61,86.0,297.62,412.0
1753504019438,04:26:59.438,AAVE/USDT:USDT,297.48,85.0,297.47,129.0,297.61,86.0,297.62,412.0
1753504019439,04:26:59.439,AAVE/USDT:USDT,297.48,85.0,297.47,129.0,297.61,86.0,297.62,412.0
1753504019441,04:26:59.441,AAVE/USDT:USDT,297.48,85.0,297.47,129.0,297.61,86.0,297.62,412.0
1753504019442,04:26:59.442,AAVE/USDT:USDT,297.48,85.0,297.47,129.0,297.61,86.0,297.62,412.0
1753504019467,04:26:59.467,AAVE/USDT:USDT,297.48,85.0,297.47,129.0,297.61,86.0,297.64,357.0
1753504019490,04:26:59.490,AAVE/USDT:USDT,297.48,85.0,297.47,129.0,297.61,86.0,297.64,357.0
1753504019551,04:26:59.551,AAVE/USDT:USDT,297.48,85.0,297.47,129.0,297.61,86.0,297.64,357.0
1753504019559,04:26:59.559,AAVE/USDT:USDT,297.48,85.0,297.47,129.0,297.61,86.0,297.64,357.0
1753504019561,04:26:59.561,AAVE/USDT:USDT,297.48,85.0,297.47,129.0,297.61,86.0,297.64,357.0
1753504019563,04:26:59.563,AAVE/USDT:USDT,297.48,85.0,297.47,129.0,297.61,86.0,297.64,357.0
1753504019570,04:26:59.570,AAVE/USDT:USDT,297.48,85.0,297.47,129.0,297.61,86.0,297.64,357.0
1753504019571,04:26:59.571,AAVE/USDT:USDT,297.48,85.0,297.47,129.0,297.61,86.0,297.64,357.0
1753504019573,04:26:59.573,AAVE/USDT:USDT,297.48,85.0,297.47,129.0,297.61,86.0,297.64,357.0
1753504019574,04:26:59.574,AAVE/USDT:USDT,297.48,85.0,297.47,129.0,297.61,86.0,297.64,357.0
1753504019593,04:26:59.593,AAVE/USDT:USDT,297.48,85.0,297.47,129.0,297.61,86.0,297.64,357.0
1753504019595,04:26:59.595,AAVE/USDT:USDT,297.48,85.0,297.47,129.0,297.61,86.0,297.64,357.0
1753504019611,04:26:59.611,AAVE/USDT:USDT,297.48,85.0,297.47,129.0,297.61,86.0,297.62,72.0
1753504019643,04:26:59.643,AAVE/USDT:USDT,297.48,85.0,297.47,129.0,297.61,86.0,297.62,72.0
1753504019671,04:26:59.671,AAVE/USDT:USDT,297.48,85.0,297.47,129.0,297.61,86.0,297.62,72.0
1753504019675,04:26:59.675,AAVE/USDT:USDT,297.48,85.0,297.47,129.0,297.61,86.0,297.62,72.0
1753504019793,04:26:59.793,AAVE/USDT:USDT,297.48,85.0,297.47,129.0,297.61,86.0,297.62,72.0
1753504019795,04:26:59.795,AAVE/USDT:USDT,297.48,85.0,297.47,129.0,297.61,86.0,297.62,72.0
1753504019799,04:26:59.799,AAVE/USDT:USDT,297.48,85.0,297.47,129.0,297.61,86.0,297.62,72.0
1753504019809,04:26:59.809,AAVE/USDT:USDT,297.48,85.0,297.47,129.0,297.61,86.0,297.62,72.0
1753504019961,04:26:59.961,AAVE/USDT:USDT,297.48,85.0,297.47,129.0,297.61,86.0,297.62,72.0
1753504020008,04:27:00.008,AAVE/USDT:USDT,297.48,85.0,297.47,129.0,297.61,86.0,297.62,72.0
1753504020014,04:27:00.014,AAVE/USDT:USDT,297.48,85.0,297.47,129.0,297.61,86.0,297.62,72.0
1753504020102,04:27:00.102,AAVE/USDT:USDT,297.48,85.0,297.47,129.0,297.61,86.0,297.62,72.0
1753504020336,04:27:00.336,AAVE/USDT:USDT,297.49,104.0,297.48,85.0,297.61,86.0,297.62,72.0
1753504020339,04:27:00.339,AAVE/USDT:USDT,297.49,104.0,297.48,85.0,297.61,86.0,297.62,72.0
1753504020339,04:27:00.339,AAVE/USDT:USDT,297.5,85.0,297.49,104.0,297.61,86.0,297.62,72.0
1753504020339,04:27:00.339,AAVE/USDT:USDT,297.5,85.0,297.49,104.0,297.6,23.0,297.61,86.0
1753504020343,04:27:00.343,AAVE/USDT:USDT,297.5,85.0,297.49,104.0,297.6,23.0,297.61,86.0
1753504020344,04:27:00.344,AAVE/USDT:USDT,297.5,85.0,297.49,104.0,297.59,85.0,297.6,23.0
1753504020348,04:27:00.348,AAVE/USDT:USDT,297.5,85.0,297.49,104.0,297.58,23.0,297.59,85.0
1753504020352,04:27:00.352,AAVE/USDT:USDT,297.5,85.0,297.49,104.0,297.57,85.0,297.58,23.0
1753504020353,04:27:00.353,AAVE/USDT:USDT,297.5,85.0,297.49,104.0,297.57,108.0,297.58,23.0
1753504020355,04:27:00.355,AAVE/USDT:USDT,297.5,85.0,297.49,104.0,297.57,108.0,297.58,23.0
1753504020355,04:27:00.355,AAVE/USDT:USDT,297.5,85.0,297.49,104.0,297.57,108.0,297.59,85.0
1753504020357,04:27:00.357,AAVE/USDT:USDT,297.5,85.0,297.49,104.0,297.56,108.0,297.57,108.0
1753504020358,04:27:00.358,AAVE/USDT:USDT,297.5,85.0,297.49,104.0,297.56,108.0,297.57,108.0
1753504020360,04:27:00.360,AAVE/USDT:USDT,297.5,85.0,297.49,104.0,297.56,23.0,297.59,85.0
1753504020362,04:27:00.362,AAVE/USDT:USDT,297.5,85.0,297.49,104.0,297.55,85.0,297.56,23.0
1753504020366,04:27:00.366,AAVE/USDT:USDT,297.5,85.0,297.49,104.0,297.55,85.0,297.59,85.0
1753504020368,04:27:00.368,AAVE/USDT:USDT,297.5,85.0,297.49,104.0,297.55,85.0,297.59,85.0
1753504020373,04:27:00.373,AAVE/USDT:USDT,297.5,85.0,297.49,104.0,297.55,85.0,297.59,85.0
1753504020413,04:27:00.413,AAVE/USDT:USDT,297.5,85.0,297.49,104.0,297.55,85.0,297.59,85.0
1753504020413,04:27:00.413,AAVE/USDT:USDT,297.5,85.0,297.49,104.0,297.55,85.0,297.59,85.0
1753504020416,04:27:00.416,AAVE/USDT:USDT,297.5,85.0,297.49,104.0,297.55,85.0,297.59,85.0
1753504020418,04:27:00.418,AAVE/USDT:USDT,297.5,85.0,297.49,104.0,297.55,85.0,297.59,85.0
1753504020453,04:27:00.453,AAVE/USDT:USDT,297.5,85.0,297.49,104.0,297.55,85.0,297.59,85.0
1753504020457,04:27:00.457,AAVE/USDT:USDT,297.5,85.0,297.49,104.0,297.55,85.0,297.59,85.0
1753504020463,04:27:00.463,AAVE/USDT:USDT,297.5,85.0,297.49,104.0,297.55,85.0,297.59,85.0
1753504020514,04:27:00.514,AAVE/USDT:USDT,297.5,85.0,297.49,104.0,297.59,85.0,297.61,227.0
1753504020518,04:27:00.518,AAVE/USDT:USDT,297.5,85.0,297.49,104.0,297.59,85.0,297.61,86.0
1753504020523,04:27:00.523,AAVE/USDT:USDT,297.5,85.0,297.49,104.0,297.61,86.0,297.62,371.0
1753504020527,04:27:00.527,AAVE/USDT:USDT,297.5,85.0,297.49,104.0,297.61,86.0,297.62,100.0
1753504020567,04:27:00.567,AAVE/USDT:USDT,297.5,85.0,297.49,104.0,297.61,86.0,297.62,100.0
1753504020574,04:27:00.574,AAVE/USDT:USDT,297.5,85.0,297.49,104.0,297.61,86.0,297.62,100.0
1753504020580,04:27:00.580,AAVE/USDT:USDT,297.5,85.0,297.49,104.0,297.61,86.0,297.62,100.0
1753504020583,04:27:00.583,AAVE/USDT:USDT,297.5,85.0,297.49,104.0,297.61,86.0,297.62,100.0
1753504020625,04:27:00.625,AAVE/USDT:USDT,297.5,85.0,297.49,104.0,297.61,86.0,297.62,100.0
1753504020630,04:27:00.630,AAVE/USDT:USDT,297.5,85.0,297.49,104.0,297.61,86.0,297.62,100.0
1753504020751,04:27:00.751,AAVE/USDT:USDT,297.5,85.0,297.49,104.0,297.61,86.0,297.62,100.0
1753504020754,04:27:00.754,AAVE/USDT:USDT,297.5,85.0,297.49,104.0,297.61,86.0,297.62,100.0
1753504020810,04:27:00.810,AAVE/USDT:USDT,297.5,85.0,297.49,104.0,297.61,86.0,297.62,100.0
1753504020847,04:27:00.847,AAVE/USDT:USDT,297.5,85.0,297.49,104.0,297.61,86.0,297.62,100.0
1753504020862,04:27:00.862,AAVE/USDT:USDT,297.5,85.0,297.49,104.0,297.61,86.0,297.62,100.0
1753504020865,04:27:00.865,AAVE/USDT:USDT,297.5,85.0,297.49,104.0,297.61,86.0,297.62,100.0
1753504020867,04:27:00.867,AAVE/USDT:USDT,297.5,85.0,297.49,104.0,297.61,86.0,297.62,100.0
1753504021011,04:27:01.011,AAVE/USDT:USDT,297.5,85.0,297.49,104.0,297.61,86.0,297.62,100.0
1753504021023,04:27:01.023,AAVE/USDT:USDT,297.5,85.0,297.49,104.0,297.61,86.0,297.62,100.0
1753504021027,04:27:01.027,AAVE/USDT:USDT,297.5,85.0,297.49,104.0,297.61,86.0,297.62,100.0
1753504021150,04:27:01.150,AAVE/USDT:USDT,297.5,85.0,297.49,104.0,297.61,86.0,297.62,100.0
1753504021153,04:27:01.153,AAVE/USDT:USDT,297.5,85.0,297.49,104.0,297.61,86.0,297.62,100.0
1753504021154,04:27:01.154,AAVE/USDT:USDT,297.5,85.0,297.49,104.0,297.61,86.0,297.62,100.0
1753504021236,04:27:01.236,AAVE/USDT:USDT,297.5,85.0,297.49,104.0,297.61,86.0,297.62,100.0
1753504021240,04:27:01.240,AAVE/USDT:USDT,297.5,85.0,297.49,104.0,297.61,86.0,297.62,100.0
1753504021243,04:27:01.243,AAVE/USDT:USDT,297.5,85.0,297.49,104.0,297.61,86.0,297.62,100.0
1753504021246,04:27:01.246,AAVE/USDT:USDT,297.5,85.0,297.49,104.0,297.61,86.0,297.62,100.0
1753504021306,04:27:01.306,AAVE/USDT:USDT,297.5,85.0,297.49,104.0,297.61,86.0,297.62,100.0
1753504021311,04:27:01.311,AAVE/USDT:USDT,297.5,85.0,297.49,104.0,297.61,86.0,297.62,100.0
1753504021412,04:27:01.412,AAVE/USDT:USDT,297.5,85.0,297.49,104.0,297.61,86.0,297.62,100.0
1753504021416,04:27:01.416,AAVE/USDT:USDT,297.5,85.0,297.49,104.0,297.61,86.0,297.62,100.0
1753504021419,04:27:01.419,AAVE/USDT:USDT,297.5,85.0,297.49,104.0,297.61,86.0,297.62,100.0
1753504021424,04:27:01.424,AAVE/USDT:USDT,297.5,85.0,297.49,104.0,297.61,86.0,297.62,100.0
1753504021516,04:27:01.516,AAVE/USDT:USDT,297.5,85.0,297.49,104.0,297.61,86.0,297.62,100.0
1753504021520,04:27:01.520,AAVE/USDT:USDT,297.5,85.0,297.49,104.0,297.61,86.0,297.62,100.0
1753504021523,04:27:01.523,AAVE/USDT:USDT,297.5,85.0,297.49,104.0,297.61,86.0,297.62,100.0
1753504021528,04:27:01.528,AAVE/USDT:USDT,297.5,85.0,297.49,104.0,297.61,86.0,297.62,100.0
1753504021726,04:27:01.726,AAVE/USDT:USDT,297.5,85.0,297.49,104.0,297.61,86.0,297.62,100.0
1753504021731,04:27:01.731,AAVE/USDT:USDT,297.5,85.0,297.49,104.0,297.61,86.0,297.62,100.0
1753504021741,04:27:01.741,AAVE/USDT:USDT,297.5,85.0,297.49,104.0,297.61,86.0,297.62,100.0
1753504021742,04:27:01.742,AAVE/USDT:USDT,297.5,85.0,297.49,104.0,297.61,86.0,297.62,100.0
1753504021746,04:27:01.746,AAVE/USDT:USDT,297.5,85.0,297.49,104.0,297.61,86.0,297.62,100.0
1753504021746,04:27:01.746,AAVE/USDT:USDT,297.5,85.0,297.49,104.0,297.61,86.0,297.62,100.0
1753504021748,04:27:01.748,AAVE/USDT:USDT,297.5,85.0,297.49,104.0,297.61,86.0,297.62,100.0
1753504021748,04:27:01.748,AAVE/USDT:USDT,297.5,85.0,297.49,104.0,297.61,86.0,297.62,100.0
1753504021749,04:27:01.749,AAVE/USDT:USDT,297.5,85.0,297.49,104.0,297.61,86.0,297.62,100.0
1753504021752,04:27:01.752,AAVE/USDT:USDT,297.5,85.0,297.49,104.0,297.61,86.0,297.62,100.0
1753504021753,04:27:01.753,AAVE/USDT:USDT,297.5,85.0,297.49,104.0,297.61,86.0,297.62,100.0
1753504021754,04:27:01.754,AAVE/USDT:USDT,297.5,85.0,297.49,104.0,297.61,86.0,297.62,100.0
1753504021757,04:27:01.757,AAVE/USDT:USDT,297.5,85.0,297.49,104.0,297.61,86.0,297.62,100.0
1753504021758,04:27:01.758,AAVE/USDT:USDT,297.5,85.0,297.49,104.0,297.61,86.0,297.62,100.0
1753504021763,04:27:01.763,AAVE/USDT:USDT,297.5,85.0,297.49,104.0,297.61,86.0,297.62,100.0
1753504021768,04:27:01.768,AAVE/USDT:USDT,297.5,85.0,297.49,104.0,297.61,86.0,297.62,100.0
1753504021772,04:27:01.772,AAVE/USDT:USDT,297.5,85.0,297.49,104.0,297.61,86.0,297.62,100.0
1753504021774,04:27:01.774,AAVE/USDT:USDT,297.5,85.0,297.49,104.0,297.61,86.0,297.62,100.0
1753504021776,04:27:01.776,AAVE/USDT:USDT,297.5,85.0,297.49,104.0,297.61,86.0,297.62,100.0
1753504021790,04:27:01.790,AAVE/USDT:USDT,297.5,85.0,297.49,104.0,297.61,86.0,297.62,100.0
1753504021791,04:27:01.791,AAVE/USDT:USDT,297.5,85.0,297.49,104.0,297.61,86.0,297.62,100.0
1753504021793,04:27:01.793,AAVE/USDT:USDT,297.51,358.0,297.5,85.0,297.61,86.0,297.62,100.0
1753504021800,04:27:01.800,AAVE/USDT:USDT,297.52,192.0,297.51,358.0,297.61,86.0,297.62,100.0
1753504021802,04:27:01.802,AAVE/USDT:USDT,297.52,192.0,297.51,358.0,297.61,86.0,297.62,100.0
1753504021804,04:27:01.804,AAVE/USDT:USDT,297.53,85.0,297.52,107.0,297.61,86.0,297.62,100.0
1753504021805,04:27:01.805,AAVE/USDT:USDT,297.53,85.0,297.52,2440.0,297.61,86.0,297.62,100.0
1753504021807,04:27:01.807,AAVE/USDT:USDT,297.53,85.0,297.52,2440.0,297.61,86.0,297.62,100.0
1753504021809,04:27:01.809,AAVE/USDT:USDT,297.53,85.0,297.52,2440.0,297.61,86.0,297.62,100.0
1753504021810,04:27:01.810,AAVE/USDT:USDT,297.53,85.0,297.52,2440.0,297.61,86.0,297.62,100.0
1753504021811,04:27:01.811,AAVE/USDT:USDT,297.53,85.0,297.52,2440.0,297.61,86.0,297.62,100.0
1753504021814,04:27:01.814,AAVE/USDT:USDT,297.53,85.0,297.52,2440.0,297.61,86.0,297.62,100.0
1753504021818,04:27:01.818,AAVE/USDT:USDT,297.53,85.0,297.52,2440.0,297.61,86.0,297.62,100.0
1753504021818,04:27:01.818,AAVE/USDT:USDT,297.53,85.0,297.52,2440.0,297.61,86.0,297.62,100.0
1753504021822,04:27:01.822,AAVE/USDT:USDT,297.53,85.0,297.52,2440.0,297.61,86.0,297.62,100.0
1753504021822,04:27:01.822,AAVE/USDT:USDT,297.53,85.0,297.52,2440.0,297.61,86.0,297.62,100.0
1753504021825,04:27:01.825,AAVE/USDT:USDT,297.53,85.0,297.52,2440.0,297.61,86.0,297.62,100.0
1753504021845,04:27:01.845,AAVE/USDT:USDT,297.53,85.0,297.52,2440.0,297.61,86.0,297.62,100.0
1753504021845,04:27:01.845,AAVE/USDT:USDT,297.53,85.0,297.52,2440.0,297.61,86.0,297.62,100.0
1753504021847,04:27:01.847,AAVE/USDT:USDT,297.53,85.0,297.52,2440.0,297.61,86.0,297.62,100.0
1753504021849,04:27:01.849,AAVE/USDT:USDT,297.53,785.0,297.52,2440.0,297.61,86.0,297.62,100.0
1753504021850,04:27:01.850,AAVE/USDT:USDT,297.53,785.0,297.52,2440.0,297.61,86.0,297.62,100.0
1753504021853,04:27:01.853,AAVE/USDT:USDT,297.54,85.0,297.53,785.0,297.61,86.0,297.62,100.0
1753504021853,04:27:01.853,AAVE/USDT:USDT,297.54,85.0,297.53,785.0,297.61,86.0,297.62,100.0
1753504021855,04:27:01.855,AAVE/USDT:USDT,297.54,85.0,297.53,785.0,297.61,86.0,297.62,100.0
1753504021855,04:27:01.855,AAVE/USDT:USDT,297.54,85.0,297.53,700.0,297.61,86.0,297.62,100.0
1753504021858,04:27:01.858,AAVE/USDT:USDT,297.54,85.0,297.52,2440.0,297.61,86.0,297.62,100.0
1753504021869,04:27:01.869,AAVE/USDT:USDT,297.54,85.0,297.52,2440.0,297.61,86.0,297.62,100.0
1753504021871,04:27:01.871,AAVE/USDT:USDT,297.54,85.0,297.52,2440.0,297.61,86.0,297.62,100.0
1753504021872,04:27:01.872,AAVE/USDT:USDT,297.54,85.0,297.53,700.0,297.61,86.0,297.62,100.0
1753504021876,04:27:01.876,AAVE/USDT:USDT,297.54,85.0,297.53,700.0,297.61,86.0,297.62,100.0
1753504021896,04:27:01.896,AAVE/USDT:USDT,297.54,85.0,297.53,700.0,297.61,86.0,297.62,100.0
1753504021899,04:27:01.899,AAVE/USDT:USDT,297.54,85.0,297.53,700.0,297.61,86.0,297.62,100.0
1753504021910,04:27:01.910,AAVE/USDT:USDT,297.54,85.0,297.53,700.0,297.61,86.0,297.62,100.0
1753504021923,04:27:01.923,AAVE/USDT:USDT,297.54,85.0,297.53,700.0,297.61,86.0,297.62,100.0
1753504021923,04:27:01.923,AAVE/USDT:USDT,297.54,85.0,297.53,700.0,297.61,86.0,297.62,100.0
1753504021927,04:27:01.927,AAVE/USDT:USDT,297.54,85.0,297.53,700.0,297.61,86.0,297.62,100.0
1753504021931,04:27:01.931,AAVE/USDT:USDT,297.54,85.0,297.53,700.0,297.61,86.0,297.62,100.0
1753504021932,04:27:01.932,AAVE/USDT:USDT,297.54,85.0,297.53,700.0,297.61,86.0,297.62,100.0
1753504021934,04:27:01.934,AAVE/USDT:USDT,297.54,85.0,297.53,700.0,297.61,86.0,297.62,100.0
1753504021938,04:27:01.938,AAVE/USDT:USDT,297.54,85.0,297.53,700.0,297.61,86.0,297.62,100.0
1753504021941,04:27:01.941,AAVE/USDT:USDT,297.54,85.0,297.53,700.0,297.61,86.0,297.62,100.0
1753504021941,04:27:01.941,AAVE/USDT:USDT,297.54,85.0,297.53,700.0,297.61,86.0,297.62,100.0
1753504021948,04:27:01.948,AAVE/USDT:USDT,297.54,85.0,297.53,700.0,297.61,86.0,297.62,100.0
1753504021960,04:27:01.960,AAVE/USDT:USDT,297.54,85.0,297.53,700.0,297.61,86.0,297.62,100.0
1753504021975,04:27:01.975,AAVE/USDT:USDT,297.54,85.0,297.53,700.0,297.61,86.0,297.62,100.0
1753504021979,04:27:01.979,AAVE/USDT:USDT,297.54,85.0,297.53,700.0,297.61,86.0,297.62,100.0
1753504021980,04:27:01.980,AAVE/USDT:USDT,297.54,85.0,297.53,700.0,297.61,86.0,297.62,100.0
1753504021999,04:27:01.999,AAVE/USDT:USDT,297.54,85.0,297.53,700.0,297.61,86.0,297.62,100.0
1753504022006,04:27:02.006,AAVE/USDT:USDT,297.54,85.0,297.53,700.0,297.61,86.0,297.62,100.0
1753504022010,04:27:02.010,AAVE/USDT:USDT,297.54,85.0,297.53,700.0,297.61,86.0,297.62,100.0
1753504022012,04:27:02.012,AAVE/USDT:USDT,297.54,85.0,297.53,700.0,297.61,86.0,297.62,100.0
1753504022015,04:27:02.015,AAVE/USDT:USDT,297.54,85.0,297.53,700.0,297.61,86.0,297.62,100.0
1753504022022,04:27:02.022,AAVE/USDT:USDT,297.54,85.0,297.53,700.0,297.61,86.0,297.62,100.0
1753504022026,04:27:02.026,AAVE/USDT:USDT,297.54,85.0,297.53,700.0,297.61,86.0,297.62,100.0
1753504022027,04:27:02.027,AAVE/USDT:USDT,297.54,85.0,297.53,700.0,297.61,86.0,297.62,100.0
1753504022030,04:27:02.030,AAVE/USDT:USDT,297.54,85.0,297.53,700.0,297.61,86.0,297.62,100.0
1753504022047,04:27:02.047,AAVE/USDT:USDT,297.54,85.0,297.53,700.0,297.61,86.0,297.62,100.0
1753504022049,04:27:02.049,AAVE/USDT:USDT,297.54,85.0,297.53,700.0,297.61,86.0,297.62,100.0
1753504022051,04:27:02.051,AAVE/USDT:USDT,297.54,85.0,297.53,700.0,297.61,86.0,297.62,100.0
1753504022052,04:27:02.052,AAVE/USDT:USDT,297.54,85.0,297.53,700.0,297.61,86.0,297.62,100.0
1753504022080,04:27:02.080,AAVE/USDT:USDT,297.54,85.0,297.53,700.0,297.61,86.0,297.62,100.0
1753504022098,04:27:02.098,AAVE/USDT:USDT,297.54,85.0,297.53,700.0,297.61,86.0,297.62,100.0
1753504022198,04:27:02.198,AAVE/USDT:USDT,297.54,85.0,297.53,700.0,297.61,86.0,297.62,100.0
1753504022200,04:27:02.200,AAVE/USDT:USDT,297.54,85.0,297.53,700.0,297.61,86.0,297.62,100.0
1753504022208,04:27:02.208,AAVE/USDT:USDT,297.54,85.0,297.53,700.0,297.61,86.0,297.62,100.0
1753504022361,04:27:02.361,AAVE/USDT:USDT,297.54,85.0,297.53,700.0,297.61,86.0,297.62,100.0
1753504022364,04:27:02.364,AAVE/USDT:USDT,297.54,85.0,297.53,700.0,297.61,86.0,297.62,100.0
1753504022370,04:27:02.370,AAVE/USDT:USDT,297.54,85.0,297.53,700.0,297.61,86.0,297.62,100.0
1753504022376,04:27:02.376,AAVE/USDT:USDT,297.54,85.0,297.53,700.0,297.61,86.0,297.62,100.0
1753504022380,04:27:02.380,AAVE/USDT:USDT,297.54,85.0,297.53,700.0,297.61,86.0,297.62,100.0
1753504022386,04:27:02.386,AAVE/USDT:USDT,297.54,85.0,297.53,700.0,297.61,86.0,297.62,100.0
1753504022390,04:27:02.390,AAVE/USDT:USDT,297.54,85.0,297.53,700.0,297.61,86.0,297.62,100.0
1753504022392,04:27:02.392,AAVE/USDT:USDT,297.54,85.0,297.53,700.0,297.61,86.0,297.62,100.0
1753504022397,04:27:02.397,AAVE/USDT:USDT,297.54,85.0,297.53,700.0,297.61,86.0,297.62,100.0
1753504022447,04:27:02.447,AAVE/USDT:USDT,297.54,85.0,297.53,700.0,297.61,86.0,297.62,100.0
1753504022450,04:27:02.450,AAVE/USDT:USDT,297.54,85.0,297.53,700.0,297.61,86.0,297.62,100.0
1753504022450,04:27:02.450,AAVE/USDT:USDT,297.54,85.0,297.53,700.0,297.61,86.0,297.62,100.0
1753504022466,04:27:02.466,AAVE/USDT:USDT,297.54,85.0,297.53,700.0,297.61,86.0,297.62,100.0
1753504022470,04:27:02.470,AAVE/USDT:USDT,297.54,85.0,297.53,700.0,297.62,100.0,297.64,357.0
1753504022473,04:27:02.473,AAVE/USDT:USDT,297.54,192.0,297.53,700.0,297.62,100.0,297.64,357.0
1753504022474,04:27:02.474,AAVE/USDT:USDT,297.54,192.0,297.53,700.0,297.62,100.0,297.64,86.0
1753504022474,04:27:02.474,AAVE/USDT:USDT,297.54,192.0,297.53,700.0,297.62,100.0,297.64,86.0
1753504022475,04:27:02.475,AAVE/USDT:USDT,297.55,85.0,297.54,192.0,297.62,185.0,297.64,86.0
1753504022477,04:27:02.477,AAVE/USDT:USDT,297.55,85.0,297.54,107.0,297.61,85.0,297.62,100.0
1753504022487,04:27:02.487,AAVE/USDT:USDT,297.55,85.0,297.54,107.0,297.61,85.0,297.62,100.0
1753504022511,04:27:02.511,AAVE/USDT:USDT,297.55,85.0,297.54,107.0,297.61,85.0,297.62,100.0
1753504022513,04:27:02.513,AAVE/USDT:USDT,297.55,85.0,297.54,107.0,297.61,85.0,297.62,72.0
1753504022515,04:27:02.515,AAVE/USDT:USDT,297.55,85.0,297.54,107.0,297.61,85.0,297.62,72.0
1753504022519,04:27:02.519,AAVE/USDT:USDT,297.55,85.0,297.54,335.0,297.61,85.0,297.62,72.0
1753504022522,04:27:02.522,AAVE/USDT:USDT,297.55,85.0,297.54,335.0,297.61,85.0,297.62,72.0
1753504022524,04:27:02.524,AAVE/USDT:USDT,297.55,85.0,297.54,335.0,297.61,85.0,297.62,72.0
1753504022524,04:27:02.524,AAVE/USDT:USDT,297.55,85.0,297.54,335.0,297.61,85.0,297.62,72.0
1753504022527,04:27:02.527,AAVE/USDT:USDT,297.55,85.0,297.54,335.0,297.61,85.0,297.62,72.0
1753504022529,04:27:02.529,AAVE/USDT:USDT,297.55,85.0,297.54,335.0,297.61,85.0,297.62,72.0
1753504022545,04:27:02.545,AAVE/USDT:USDT,297.55,85.0,297.54,335.0,297.62,72.0,297.64,86.0
1753504022546,04:27:02.546,AAVE/USDT:USDT,297.55,85.0,297.54,335.0,297.62,72.0,297.64,86.0
1753504022547,04:27:02.547,AAVE/USDT:USDT,297.55,85.0,297.54,335.0,297.62,72.0,297.64,86.0
1753504022550,04:27:02.550,AAVE/USDT:USDT,297.55,85.0,297.54,335.0,297.62,72.0,297.64,86.0
1753504022552,04:27:02.552,AAVE/USDT:USDT,297.55,85.0,297.54,335.0,297.62,72.0,297.64,86.0
1753504022556,04:27:02.556,AAVE/USDT:USDT,297.55,85.0,297.54,335.0,297.62,72.0,297.64,86.0
1753504022562,04:27:02.562,AAVE/USDT:USDT,297.55,85.0,297.54,335.0,297.62,72.0,297.64,86.0
1753504022565,04:27:02.565,AAVE/USDT:USDT,297.55,85.0,297.54,335.0,297.62,72.0,297.64,86.0
1753504022567,04:27:02.567,AAVE/USDT:USDT,297.55,85.0,297.54,335.0,297.62,72.0,297.64,86.0
1753504022591,04:27:02.591,AAVE/USDT:USDT,297.55,85.0,297.54,335.0,297.62,72.0,297.64,86.0
1753504022627,04:27:02.627,AAVE/USDT:USDT,297.55,85.0,297.54,335.0,297.61,85.0,297.62,72.0
1753504022634,04:27:02.634,AAVE/USDT:USDT,297.55,85.0,297.54,335.0,297.61,85.0,297.62,72.0
1753504022636,04:27:02.636,AAVE/USDT:USDT,297.55,85.0,297.54,335.0,297.61,85.0,297.62,72.0
1753504022644,04:27:02.644,AAVE/USDT:USDT,297.55,85.0,297.54,335.0,297.61,85.0,297.62,72.0
1753504022646,04:27:02.646,AAVE/USDT:USDT,297.55,85.0,297.54,335.0,297.61,85.0,297.62,72.0
1753504022646,04:27:02.646,AAVE/USDT:USDT,297.55,85.0,297.54,335.0,297.61,85.0,297.62,72.0
