timestamp,time,symbol,bid1_price,bid1_volume,bid2_price,bid2_volume,ask1_price,ask1_volume,ask2_price,ask2_volume
1753503304502,04:15:04.502,ACH/USDT:USDT,0.02239,1086.0,0.02238,4123.0,0.0224,5.0,0.02241,1474.0
1753503305102,04:15:05.102,ACH/USDT:USDT,0.02239,1088.0,0.02238,4035.0,0.0224,5.0,0.02241,1474.0
1753503305602,04:15:05.602,ACH/USDT:USDT,0.02239,1088.0,0.02238,4044.0,0.0224,5.0,0.02241,1474.0
1753503306002,04:15:06.002,ACH/USDT:USDT,0.02239,1088.0,0.02238,4088.0,0.0224,5.0,0.02241,1474.0
1753503306102,04:15:06.102,ACH/USDT:USDT,0.02239,1088.0,0.02238,4132.0,0.0224,5.0,0.02241,1474.0
1753503306402,04:15:06.402,ACH/USDT:USDT,0.02239,1088.0,0.02238,4165.0,0.0224,5.0,0.02241,1474.0
1753503307102,04:15:07.102,ACH/USDT:USDT,0.02239,1088.0,0.02238,4078.0,0.0224,5.0,0.02241,1474.0
1753503307902,04:15:07.902,ACH/USDT:USDT,0.02239,1088.0,0.02238,4078.0,0.0224,5.0,0.02241,1474.0
1753503308102,04:15:08.102,ACH/USDT:USDT,0.02239,1088.0,0.02238,3949.0,0.0224,5.0,0.02241,1474.0
1753503308302,04:15:08.302,ACH/USDT:USDT,0.02239,1088.0,0.02238,3905.0,0.0224,5.0,0.02241,1474.0
1753503308502,04:15:08.502,ACH/USDT:USDT,0.02239,1088.0,0.02238,3905.0,0.0224,5.0,0.02241,1474.0
1753503309902,04:15:09.902,ACH/USDT:USDT,0.02239,1088.0,0.02238,3861.0,0.0224,5.0,0.02241,1474.0
1753503310602,04:15:10.602,ACH/USDT:USDT,0.02239,1088.0,0.02238,3729.0,0.0224,5.0,0.02241,1474.0
1753503310802,04:15:10.802,ACH/USDT:USDT,0.02239,1088.0,0.02238,3729.0,0.0224,10.0,0.02241,1474.0
1753503311202,04:15:11.202,ACH/USDT:USDT,0.02239,1088.0,0.02238,3685.0,0.0224,10.0,0.02241,1474.0
1753503311402,04:15:11.402,ACH/USDT:USDT,0.02239,1088.0,0.02238,3641.0,0.0224,10.0,0.02241,1474.0
1753503311502,04:15:11.502,ACH/USDT:USDT,0.02239,1088.0,0.02238,3429.0,0.0224,124.0,0.02241,1474.0
1753503312302,04:15:12.302,ACH/USDT:USDT,0.02239,1088.0,0.02238,3133.0,0.0224,124.0,0.02241,1474.0
1753503312402,04:15:12.402,ACH/USDT:USDT,0.02239,1088.0,0.02238,3124.0,0.0224,124.0,0.02241,1474.0
1753503312702,04:15:12.702,ACH/USDT:USDT,0.02239,1088.0,0.02238,3124.0,0.0224,124.0,0.02241,1474.0
1753503313104,04:15:13.104,ACH/USDT:USDT,0.02239,1088.0,0.02238,3124.0,0.0224,124.0,0.02241,1474.0
1753503313504,04:15:13.504,ACH/USDT:USDT,0.02239,1088.0,0.02238,3124.0,0.0224,124.0,0.02241,1474.0
1753503313704,04:15:13.704,ACH/USDT:USDT,0.02239,1088.0,0.02238,3124.0,0.0224,124.0,0.02241,1474.0
1753503313904,04:15:13.904,ACH/USDT:USDT,0.02239,1088.0,0.02238,3212.0,0.0224,10.0,0.02241,1474.0
1753503314004,04:15:14.004,ACH/USDT:USDT,0.02239,1088.0,0.02238,3212.0,0.0224,10.0,0.02241,1474.0
1753503314604,04:15:14.604,ACH/USDT:USDT,0.02239,1088.0,0.02238,3341.0,0.0224,10.0,0.02241,1474.0
1753503315104,04:15:15.104,ACH/USDT:USDT,0.02239,1088.0,0.02238,3385.0,0.0224,10.0,0.02241,1474.0
1753503315204,04:15:15.204,ACH/USDT:USDT,0.02239,1078.0,0.02238,3385.0,0.0224,10.0,0.02241,1474.0
1753503315304,04:15:15.304,ACH/USDT:USDT,0.02239,1078.0,0.02238,3475.0,0.0224,10.0,0.02241,1474.0
1753503316804,04:15:16.804,ACH/USDT:USDT,0.02239,1078.0,0.02238,3475.0,0.0224,10.0,0.02241,1470.0
1753503317004,04:15:17.004,ACH/USDT:USDT,0.02239,1078.0,0.02238,3780.0,0.0224,10.0,0.02241,1470.0
1753503317104,04:15:17.104,ACH/USDT:USDT,0.02239,1078.0,0.02238,3910.0,0.0224,10.0,0.02241,1470.0
1753503317304,04:15:17.304,ACH/USDT:USDT,0.02239,1078.0,0.02238,4217.0,0.0224,10.0,0.02241,1470.0
1753503317404,04:15:17.404,ACH/USDT:USDT,0.02239,1078.0,0.02238,4310.0,0.0224,10.0,0.02241,1470.0
1753503318204,04:15:18.204,ACH/USDT:USDT,0.02239,1078.0,0.02238,4310.0,0.0224,10.0,0.02241,1470.0
1753503318304,04:15:18.304,ACH/USDT:USDT,0.02239,1078.0,0.02238,4310.0,0.0224,10.0,0.02241,1470.0
1753503318504,04:15:18.504,ACH/USDT:USDT,0.02239,1078.0,0.02238,4310.0,0.0224,10.0,0.02241,1470.0
1753503318604,04:15:18.604,ACH/USDT:USDT,0.02239,1078.0,0.02238,4310.0,0.0224,10.0,0.02241,1470.0
1753503319404,04:15:19.404,ACH/USDT:USDT,0.02239,1078.0,0.02238,4354.0,0.0224,10.0,0.02241,1470.0
1753503320804,04:15:20.804,ACH/USDT:USDT,0.02239,1078.0,0.02238,4354.0,0.0224,10.0,0.02241,1470.0
1753503320904,04:15:20.904,ACH/USDT:USDT,0.02239,1078.0,0.02238,4354.0,0.0224,10.0,0.02241,1470.0
1753503321404,04:15:21.404,ACH/USDT:USDT,0.0224,1223.0,0.02239,1090.0,0.02241,591.0,0.02242,1555.0
1753503321604,04:15:21.604,ACH/USDT:USDT,0.0224,750.0,0.02239,1078.0,0.02241,621.0,0.02242,1555.0
1753503321904,04:15:21.904,ACH/USDT:USDT,0.0224,750.0,0.02239,1222.0,0.02241,621.0,0.02242,1555.0
1753503322004,04:15:22.004,ACH/USDT:USDT,0.0224,160.0,0.02239,1222.0,0.02241,621.0,0.02242,1555.0
1753503322104,04:15:22.104,ACH/USDT:USDT,0.0224,160.0,0.02239,1222.0,0.02241,621.0,0.02242,1555.0
1753503322204,04:15:22.204,ACH/USDT:USDT,0.0224,160.0,0.02239,1222.0,0.02241,621.0,0.02242,1555.0
1753503322304,04:15:22.304,ACH/USDT:USDT,0.0224,160.0,0.02239,1222.0,0.02241,621.0,0.02242,1555.0
1753503322904,04:15:22.904,ACH/USDT:USDT,0.0224,160.0,0.02239,1222.0,0.02241,632.0,0.02242,1555.0
1753503323004,04:15:23.004,ACH/USDT:USDT,0.0224,160.0,0.02239,1222.0,0.02241,632.0,0.02242,1713.0
1753503323104,04:15:23.104,ACH/USDT:USDT,0.0224,160.0,0.02239,1222.0,0.02241,632.0,0.02242,1757.0
1753503323204,04:15:23.204,ACH/USDT:USDT,0.0224,160.0,0.02239,1222.0,0.02241,621.0,0.02242,1845.0
1753503323904,04:15:23.904,ACH/USDT:USDT,0.0224,160.0,0.02239,1222.0,0.02241,632.0,0.02242,1889.0
1753503324404,04:15:24.404,ACH/USDT:USDT,0.0224,160.0,0.02239,1222.0,0.02241,632.0,0.02242,1889.0
1753503324804,04:15:24.804,ACH/USDT:USDT,0.0224,160.0,0.02239,1222.0,0.02241,632.0,0.02242,1889.0
1753503325004,04:15:25.004,ACH/USDT:USDT,0.0224,160.0,0.02239,1222.0,0.02241,632.0,0.02242,1889.0
1753503325704,04:15:25.704,ACH/USDT:USDT,0.0224,160.0,0.02239,1222.0,0.02241,632.0,0.02242,1889.0
1753503327104,04:15:27.104,ACH/USDT:USDT,0.0224,160.0,0.02239,1222.0,0.02241,632.0,0.02242,2512.0
1753503328104,04:15:28.104,ACH/USDT:USDT,0.0224,160.0,0.02239,1222.0,0.02241,632.0,0.02242,2644.0
1753503328304,04:15:28.304,ACH/USDT:USDT,0.0224,160.0,0.02239,1222.0,0.02241,633.0,0.02242,2644.0
1753503330104,04:15:30.104,ACH/USDT:USDT,0.0224,160.0,0.02239,1222.0,0.02241,622.0,0.02242,2644.0
1753503330304,04:15:30.304,ACH/USDT:USDT,0.0224,274.0,0.02239,1222.0,0.02241,592.0,0.02242,2512.0
1753503330404,04:15:30.404,ACH/USDT:USDT,0.0224,274.0,0.02239,1222.0,0.02241,592.0,0.02242,2512.0
1753503330504,04:15:30.504,ACH/USDT:USDT,0.0224,274.0,0.02239,1222.0,0.02241,622.0,0.02242,2512.0
1753503331004,04:15:31.004,ACH/USDT:USDT,0.0224,274.0,0.02239,1222.0,0.02241,592.0,0.02242,2512.0
1753503331204,04:15:31.204,ACH/USDT:USDT,0.0224,274.0,0.02239,1222.0,0.02241,633.0,0.02242,2424.0
1753503331904,04:15:31.904,ACH/USDT:USDT,0.0224,274.0,0.02239,1222.0,0.02241,633.0,0.02242,2424.0
1753503333004,04:15:33.004,ACH/USDT:USDT,0.0224,274.0,0.02239,1222.0,0.02241,592.0,0.02242,2424.0
1753503333104,04:15:33.104,ACH/USDT:USDT,0.0224,304.0,0.02239,1222.0,0.02241,592.0,0.02242,2424.0
1753503333304,04:15:33.304,ACH/USDT:USDT,0.0224,304.0,0.02239,1222.0,0.02241,592.0,0.02242,2424.0
1753503335204,04:15:35.204,ACH/USDT:USDT,0.0224,184.0,0.02239,1222.0,0.02241,592.0,0.02242,2424.0
1753503335304,04:15:35.304,ACH/USDT:USDT,0.0224,154.0,0.02239,1222.0,0.02241,592.0,0.02242,2424.0
1753503336504,04:15:36.504,ACH/USDT:USDT,0.0224,199.0,0.02239,1222.0,0.02241,591.0,0.02242,2468.0
1753503337204,04:15:37.204,ACH/USDT:USDT,0.0224,229.0,0.02239,1222.0,0.02241,593.0,0.02242,2468.0
1753503337904,04:15:37.904,ACH/USDT:USDT,0.0224,82.0,0.02239,1222.0,0.02241,634.0,0.02242,2626.0
1753503338204,04:15:38.204,ACH/USDT:USDT,0.0224,112.0,0.02239,1222.0,0.02241,593.0,0.02242,2801.0
1753503338504,04:15:38.504,ACH/USDT:USDT,0.0224,82.0,0.02239,1222.0,0.02241,634.0,0.02242,2932.0
1753503339404,04:15:39.404,ACH/USDT:USDT,0.0224,82.0,0.02239,1222.0,0.02241,634.0,0.02242,2976.0
1753503342004,04:15:42.004,ACH/USDT:USDT,0.0224,620.0,0.02239,1369.0,0.02241,587.0,0.02242,2818.0
1753503342204,04:15:42.204,ACH/USDT:USDT,0.0224,592.0,0.02239,1504.0,0.02241,630.0,0.02242,2424.0
1753503342304,04:15:42.304,ACH/USDT:USDT,0.0224,592.0,0.02239,1504.0,0.02241,630.0,0.02242,2380.0
1753503342404,04:15:42.404,ACH/USDT:USDT,0.0224,592.0,0.02239,1504.0,0.02241,630.0,0.02242,2380.0
1753503343004,04:15:43.004,ACH/USDT:USDT,0.0224,622.0,0.02239,1504.0,0.02241,600.0,0.02242,2380.0
1753503343504,04:15:43.504,ACH/USDT:USDT,0.0224,622.0,0.02239,1504.0,0.02241,600.0,0.02242,2380.0
1753503344204,04:15:44.204,ACH/USDT:USDT,0.0224,581.0,0.02239,1504.0,0.02241,630.0,0.02242,2380.0
1753503344504,04:15:44.504,ACH/USDT:USDT,0.0224,622.0,0.02239,1504.0,0.02241,396.0,0.02242,2336.0
1753503344604,04:15:44.604,ACH/USDT:USDT,0.0224,622.0,0.02239,1504.0,0.02241,396.0,0.02242,2336.0
1753503345004,04:15:45.004,ACH/USDT:USDT,0.0224,622.0,0.02239,1504.0,0.02241,385.0,0.02242,2336.0
1753503345104,04:15:45.104,ACH/USDT:USDT,0.0224,764.0,0.02239,1369.0,0.02241,385.0,0.02242,2336.0
1753503345204,04:15:45.204,ACH/USDT:USDT,0.0224,764.0,0.02239,1369.0,0.02241,385.0,0.02242,2292.0
1753503345504,04:15:45.504,ACH/USDT:USDT,0.0224,764.0,0.02239,1369.0,0.02241,589.0,0.02242,2292.0
1753503345704,04:15:45.704,ACH/USDT:USDT,0.0224,764.0,0.02239,1369.0,0.02241,630.0,0.02242,2292.0
1753503346104,04:15:46.104,ACH/USDT:USDT,0.0224,734.0,0.02239,1369.0,0.02241,630.0,0.02242,2292.0
1753503346204,04:15:46.204,ACH/USDT:USDT,0.0224,764.0,0.02239,1369.0,0.02241,630.0,0.02242,2292.0
1753503346504,04:15:46.504,ACH/USDT:USDT,0.0224,764.0,0.02239,1369.0,0.02241,589.0,0.02242,2292.0
1753503346804,04:15:46.804,ACH/USDT:USDT,0.0224,723.0,0.02239,1369.0,0.02241,630.0,0.02242,2292.0
1753503346904,04:15:46.904,ACH/USDT:USDT,0.0224,764.0,0.02239,1369.0,0.02241,630.0,0.02242,2292.0
1753503347104,04:15:47.104,ACH/USDT:USDT,0.0224,764.0,0.02239,1369.0,0.02241,589.0,0.02242,2292.0
1753503347504,04:15:47.504,ACH/USDT:USDT,0.0224,753.0,0.02239,1369.0,0.02241,630.0,0.02242,2406.0
1753503347604,04:15:47.604,ACH/USDT:USDT,0.0224,753.0,0.02239,1369.0,0.02241,630.0,0.02242,2494.0
1753503347704,04:15:47.704,ACH/USDT:USDT,0.0224,622.0,0.02239,1369.0,0.02241,630.0,0.02242,2626.0
1753503347904,04:15:47.904,ACH/USDT:USDT,0.0224,54.0,0.02239,951.0,0.02241,630.0,0.02242,2977.0
1753503348004,04:15:48.004,ACH/USDT:USDT,0.0224,54.0,0.02239,951.0,0.02241,630.0,0.02242,3045.0
1753503348204,04:15:48.204,ACH/USDT:USDT,0.0224,54.0,0.02239,951.0,0.02241,830.0,0.02242,3308.0
1753503348304,04:15:48.304,ACH/USDT:USDT,0.0224,54.0,0.02239,1213.0,0.02241,830.0,0.02242,3816.0
1753503348404,04:15:48.404,ACH/USDT:USDT,0.0224,54.0,0.02239,1213.0,0.02241,830.0,0.02242,3816.0
1753503348504,04:15:48.504,ACH/USDT:USDT,0.0224,54.0,0.02239,1213.0,0.02241,830.0,0.02242,3772.0
1753503348704,04:15:48.704,ACH/USDT:USDT,0.0224,79.0,0.02239,1213.0,0.02241,800.0,0.02242,3704.0
1753503349004,04:15:49.004,ACH/USDT:USDT,0.0224,225.0,0.02239,1213.0,0.02241,800.0,0.02242,3704.0
1753503349104,04:15:49.104,ACH/USDT:USDT,0.0224,225.0,0.02239,1213.0,0.02241,800.0,0.02242,3704.0
1753503349204,04:15:49.204,ACH/USDT:USDT,0.0224,195.0,0.02239,1213.0,0.02241,800.0,0.02242,3590.0
1753503349304,04:15:49.304,ACH/USDT:USDT,0.0224,195.0,0.02239,1213.0,0.02241,800.0,0.02242,3475.0
1753503350504,04:15:50.504,ACH/USDT:USDT,0.0224,195.0,0.02239,1213.0,0.02241,800.0,0.02242,3475.0
1753503350604,04:15:50.604,ACH/USDT:USDT,0.0224,195.0,0.02239,1213.0,0.02241,800.0,0.02242,3475.0
1753503351604,04:15:51.604,ACH/USDT:USDT,0.0224,185.0,0.02239,1213.0,0.02241,830.0,0.02242,3475.0
1753503351804,04:15:51.804,ACH/USDT:USDT,0.0224,122.0,0.02239,1213.0,0.02241,830.0,0.02242,3589.0
1753503352304,04:15:52.304,ACH/USDT:USDT,0.0224,124.0,0.02239,1213.0,0.02241,830.0,0.02242,3791.0
1753503352604,04:15:52.604,ACH/USDT:USDT,0.0224,44.0,0.02239,951.0,0.02241,830.0,0.02242,4406.0
1753503352704,04:15:52.704,ACH/USDT:USDT,0.0224,44.0,0.02239,951.0,0.02241,830.0,0.02242,4406.0
1753503352804,04:15:52.804,ACH/USDT:USDT,0.0224,44.0,0.02239,951.0,0.02241,1224.0,0.02242,4300.0
1753503353304,04:15:53.304,ACH/USDT:USDT,0.0224,44.0,0.02239,951.0,0.02241,1224.0,0.02242,4593.0
1753503353404,04:15:53.404,ACH/USDT:USDT,0.0224,44.0,0.02239,951.0,0.02241,1224.0,0.02242,4601.0
1753503353604,04:15:53.604,ACH/USDT:USDT,0.0224,44.0,0.02239,951.0,0.02241,1224.0,0.02242,4805.0
1753503353704,04:15:53.704,ACH/USDT:USDT,0.0224,44.0,0.02239,951.0,0.02241,1224.0,0.02242,4849.0
1753503354104,04:15:54.104,ACH/USDT:USDT,0.0224,44.0,0.02239,951.0,0.02241,1228.0,0.02242,4845.0
1753503354204,04:15:54.204,ACH/USDT:USDT,0.0224,44.0,0.02239,951.0,0.02241,1228.0,0.02242,4889.0
1753503354304,04:15:54.304,ACH/USDT:USDT,0.0224,44.0,0.02239,951.0,0.02241,1228.0,0.02242,4977.0
1753503354504,04:15:54.504,ACH/USDT:USDT,0.0224,43.0,0.02239,951.0,0.02241,1228.0,0.02242,4977.0
1753503354704,04:15:54.704,ACH/USDT:USDT,0.0224,45.0,0.02239,951.0,0.02241,1228.0,0.02242,4977.0
1753503355504,04:15:55.504,ACH/USDT:USDT,0.0224,45.0,0.02239,951.0,0.02241,1228.0,0.02242,4889.0
1753503355804,04:15:55.804,ACH/USDT:USDT,0.02239,1504.0,0.02238,2021.0,0.0224,153.0,0.02241,2385.0
1753503355904,04:15:55.904,ACH/USDT:USDT,0.02239,1506.0,0.02238,2325.0,0.0224,27.0,0.02241,2190.0
1753503356004,04:15:56.004,ACH/USDT:USDT,0.02239,1506.0,0.02238,2325.0,0.0224,27.0,0.02241,2311.0
1753503356104,04:15:56.104,ACH/USDT:USDT,0.02239,1203.0,0.02238,1952.0,0.0224,305.0,0.02241,2160.0
1753503356204,04:15:56.204,ACH/USDT:USDT,0.02239,1203.0,0.02238,1952.0,0.0224,275.0,0.02241,2160.0
1753503356304,04:15:56.304,ACH/USDT:USDT,0.02239,1203.0,0.02238,2125.0,0.0224,277.0,0.02241,1809.0
1753503356904,04:15:56.904,ACH/USDT:USDT,0.02239,613.0,0.02238,1848.0,0.0224,277.0,0.02241,1809.0
1753503357104,04:15:57.104,ACH/USDT:USDT,0.02239,613.0,0.02238,1848.0,0.0224,277.0,0.02241,1809.0
1753503357304,04:15:57.304,ACH/USDT:USDT,0.02239,613.0,0.02238,1848.0,0.0224,277.0,0.02241,1809.0
1753503357704,04:15:57.704,ACH/USDT:USDT,0.02239,613.0,0.02238,1848.0,0.0224,277.0,0.02241,1809.0
1753503357804,04:15:57.804,ACH/USDT:USDT,0.02239,613.0,0.02238,1805.0,0.0224,277.0,0.02241,1809.0
1753503357904,04:15:57.904,ACH/USDT:USDT,0.02239,613.0,0.02238,1632.0,0.0224,277.0,0.02241,1809.0
1753503358104,04:15:58.104,ACH/USDT:USDT,0.02239,482.0,0.02238,1776.0,0.0224,524.0,0.02241,1813.0
1753503358204,04:15:58.204,ACH/USDT:USDT,0.02239,482.0,0.02238,1733.0,0.0224,524.0,0.02241,1857.0
1753503359304,04:15:59.304,ACH/USDT:USDT,0.02239,482.0,0.02238,1733.0,0.0224,524.0,0.02241,1857.0
1753503359404,04:15:59.404,ACH/USDT:USDT,0.02239,482.0,0.02238,1733.0,0.0224,494.0,0.02241,1857.0
1753503359704,04:15:59.704,ACH/USDT:USDT,0.02239,482.0,0.02238,1733.0,0.0224,524.0,0.02241,1857.0
1753503360004,04:16:00.004,ACH/USDT:USDT,0.02239,482.0,0.02238,1731.0,0.0224,524.0,0.02241,1857.0
1753503360904,04:16:00.904,ACH/USDT:USDT,0.02239,598.0,0.02238,1588.0,0.0224,344.0,0.02241,1857.0
1753503361204,04:16:01.204,ACH/USDT:USDT,0.02239,473.0,0.02238,1588.0,0.0224,344.0,0.02241,1813.0
1753503361304,04:16:01.304,ACH/USDT:USDT,0.02239,150.0,0.02238,1731.0,0.0224,559.0,0.02241,1813.0
1753503361404,04:16:01.404,ACH/USDT:USDT,0.02239,150.0,0.02238,1731.0,0.0224,559.0,0.02241,1813.0
1753503362104,04:16:02.104,ACH/USDT:USDT,0.02239,291.0,0.02238,1588.0,0.0224,531.0,0.02241,1817.0
1753503362304,04:16:02.304,ACH/USDT:USDT,0.02239,291.0,0.02238,1588.0,0.0224,531.0,0.02241,2079.0
1753503362404,04:16:02.404,ACH/USDT:USDT,0.02239,291.0,0.02238,1588.0,0.0224,561.0,0.02241,2123.0
1753503363004,04:16:03.004,ACH/USDT:USDT,0.02239,457.0,0.02238,1588.0,0.0224,514.0,0.02241,2123.0
1753503363104,04:16:03.104,ACH/USDT:USDT,0.02239,291.0,0.02238,1588.0,0.0224,750.0,0.02241,2123.0
1753503363204,04:16:03.204,ACH/USDT:USDT,0.02239,291.0,0.02238,1588.0,0.0224,720.0,0.02241,1904.0
1753503363304,04:16:03.304,ACH/USDT:USDT,0.02239,291.0,0.02238,1588.0,0.0224,750.0,0.02241,1905.0
1753503363404,04:16:03.404,ACH/USDT:USDT,0.02239,291.0,0.02238,1588.0,0.0224,720.0,0.02241,1861.0
1753503363904,04:16:03.904,ACH/USDT:USDT,0.02239,152.0,0.02238,1588.0,0.0224,750.0,0.02241,1861.0
1753503364204,04:16:04.204,ACH/USDT:USDT,0.02239,152.0,0.02238,1588.0,0.0224,750.0,0.02241,1949.0
1753503364304,04:16:04.304,ACH/USDT:USDT,0.02239,152.0,0.02238,1588.0,0.0224,750.0,0.02241,1993.0
1753503364504,04:16:04.504,ACH/USDT:USDT,0.02239,152.0,0.02238,1588.0,0.0224,750.0,0.02241,2037.0
1753503364604,04:16:04.604,ACH/USDT:USDT,0.02239,152.0,0.02238,1588.0,0.0224,750.0,0.02241,2037.0
1753503364904,04:16:04.904,ACH/USDT:USDT,0.02239,152.0,0.02238,1710.0,0.0224,720.0,0.02241,2168.0
1753503365104,04:16:05.104,ACH/USDT:USDT,0.02239,152.0,0.02238,1710.0,0.0224,750.0,0.02241,2168.0
1753503365204,04:16:05.204,ACH/USDT:USDT,0.02239,152.0,0.02238,1710.0,0.0224,720.0,0.02241,2168.0
1753503365504,04:16:05.504,ACH/USDT:USDT,0.02239,152.0,0.02238,1710.0,0.0224,750.0,0.02241,2168.0
1753503366004,04:16:06.004,ACH/USDT:USDT,0.02239,152.0,0.02238,1710.0,0.0224,720.0,0.02241,2167.0
1753503366604,04:16:06.604,ACH/USDT:USDT,0.02239,152.0,0.02238,1710.0,0.0224,520.0,0.02241,1967.0
1753503366904,04:16:06.904,ACH/USDT:USDT,0.02239,349.0,0.02238,1710.0,0.0224,314.0,0.02241,1967.0
1753503367004,04:16:07.004,ACH/USDT:USDT,0.02239,349.0,0.02238,1710.0,0.0224,314.0,0.02241,1923.0
1753503367204,04:16:07.204,ACH/USDT:USDT,0.02239,349.0,0.02238,1710.0,0.0224,314.0,0.02241,1704.0
1753503367304,04:16:07.304,ACH/USDT:USDT,0.02239,349.0,0.02238,1710.0,0.0224,314.0,0.02241,1617.0
1753503369004,04:16:09.004,ACH/USDT:USDT,0.02239,319.0,0.02238,1588.0,0.0224,344.0,0.02241,1767.0
1753503369804,04:16:09.804,ACH/USDT:USDT,0.02239,330.0,0.02238,1730.0,0.0224,314.0,0.02241,1767.0
1753503370104,04:16:10.104,ACH/USDT:USDT,0.02239,487.0,0.02238,1588.0,0.0224,314.0,0.02241,1767.0
1753503370604,04:16:10.604,ACH/USDT:USDT,0.02239,487.0,0.02238,1588.0,0.0224,314.0,0.02241,1767.0
1753503371704,04:16:11.704,ACH/USDT:USDT,0.02239,487.0,0.02238,1588.0,0.0224,314.0,0.02241,1767.0
1753503372304,04:16:12.304,ACH/USDT:USDT,0.02239,487.0,0.02238,1588.0,0.0224,314.0,0.02241,1373.0
1753503372604,04:16:12.604,ACH/USDT:USDT,0.02239,4.0,0.02238,1282.0,0.0224,561.0,0.02241,1460.0
1753503372904,04:16:12.904,ACH/USDT:USDT,0.02239,4.0,0.02238,1402.0,0.0224,561.0,0.02241,1504.0
1753503373204,04:16:13.204,ACH/USDT:USDT,0.02239,4.0,0.02238,1402.0,0.0224,561.0,0.02241,1767.0
1753503373304,04:16:13.304,ACH/USDT:USDT,0.02239,4.0,0.02238,1402.0,0.0224,561.0,0.02241,2073.0
1753503373904,04:16:13.904,ACH/USDT:USDT,0.02239,30.0,0.02238,1664.0,0.0224,531.0,0.02241,2073.0
1753503374104,04:16:14.104,ACH/USDT:USDT,0.02239,30.0,0.02238,1664.0,0.0224,561.0,0.02241,2660.0
1753503374604,04:16:14.604,ACH/USDT:USDT,0.02239,6.0,0.02238,1664.0,0.0224,530.0,0.02241,2660.0
1753503374704,04:16:14.704,ACH/USDT:USDT,0.02239,4.0,0.02238,1664.0,0.0224,560.0,0.02241,2748.0
1753503374804,04:16:14.804,ACH/USDT:USDT,0.02239,4.0,0.02238,1402.0,0.0224,560.0,0.02241,2880.0
1753503374904,04:16:14.904,ACH/USDT:USDT,0.02239,4.0,0.02238,1402.0,0.0224,530.0,0.02241,2924.0
1753503375004,04:16:15.004,ACH/USDT:USDT,0.02239,4.0,0.02238,1402.0,0.0224,560.0,0.02241,2924.0
1753503375104,04:16:15.104,ACH/USDT:USDT,0.02239,4.0,0.02238,1402.0,0.0224,560.0,0.02241,2924.0
1753503375704,04:16:15.704,ACH/USDT:USDT,0.02239,34.0,0.02238,1402.0,0.0224,530.0,0.02241,2924.0
1753503375804,04:16:15.804,ACH/USDT:USDT,0.02239,64.0,0.02238,1664.0,0.0224,519.0,0.02241,2880.0
1753503375904,04:16:15.904,ACH/USDT:USDT,0.02239,64.0,0.02238,1664.0,0.0224,530.0,0.02241,2880.0
1753503376504,04:16:16.504,ACH/USDT:USDT,0.02239,34.0,0.02238,1664.0,0.0224,530.0,0.02241,2880.0
1753503377004,04:16:17.004,ACH/USDT:USDT,0.02239,4.0,0.02238,1402.0,0.0224,530.0,0.02241,2880.0
1753503377304,04:16:17.304,ACH/USDT:USDT,0.02239,4.0,0.02238,1402.0,0.0224,560.0,0.02241,2967.0
1753503377804,04:16:17.804,ACH/USDT:USDT,0.02239,4.0,0.02238,1402.0,0.0224,560.0,0.02241,3213.0
1753503377904,04:16:17.904,ACH/USDT:USDT,0.02239,4.0,0.02238,1424.0,0.0224,560.0,0.02241,3257.0
1753503378104,04:16:18.104,ACH/USDT:USDT,0.02239,4.0,0.02238,1424.0,0.0224,560.0,0.02241,3257.0
1753503378204,04:16:18.204,ACH/USDT:USDT,0.02239,4.0,0.02238,1424.0,0.0224,560.0,0.02241,3257.0
1753503378304,04:16:18.304,ACH/USDT:USDT,0.02239,4.0,0.02238,1424.0,0.0224,560.0,0.02241,3389.0
1753503378604,04:16:18.604,ACH/USDT:USDT,0.02239,4.0,0.02238,1446.0,0.0224,560.0,0.02241,3477.0
1753503378804,04:16:18.804,ACH/USDT:USDT,0.02239,4.0,0.02238,1468.0,0.0224,560.0,0.02241,3609.0
1753503378904,04:16:18.904,ACH/USDT:USDT,0.02239,4.0,0.02238,1468.0,0.0224,560.0,0.02241,3998.0
1753503379004,04:16:19.004,ACH/USDT:USDT,0.02238,1087.0,0.02237,2850.0,0.02239,143.0,0.0224,2011.0
1753503379104,04:16:19.104,ACH/USDT:USDT,0.02238,1057.0,0.02237,2893.0,0.02239,143.0,0.0224,2012.0
1753503379204,04:16:19.204,ACH/USDT:USDT,0.02238,1087.0,0.02237,2937.0,0.02239,143.0,0.0224,2012.0
1753503379304,04:16:19.304,ACH/USDT:USDT,0.02238,1087.0,0.02237,3327.0,0.02239,143.0,0.0224,1750.0
1753503379504,04:16:19.504,ACH/USDT:USDT,0.02238,1087.0,0.02237,3327.0,0.02239,143.0,0.0224,1750.0
1753503380204,04:16:20.204,ACH/USDT:USDT,0.02238,1098.0,0.02237,3284.0,0.02239,143.0,0.0224,1739.0
1753503380804,04:16:20.804,ACH/USDT:USDT,0.02238,1120.0,0.02237,3284.0,0.02239,143.0,0.0224,1739.0
1753503381004,04:16:21.004,ACH/USDT:USDT,0.02238,1120.0,0.02237,3154.0,0.02239,143.0,0.0224,1739.0
1753503381304,04:16:21.304,ACH/USDT:USDT,0.02238,1131.0,0.02237,3154.0,0.02239,143.0,0.0224,1739.0
1753503382004,04:16:22.004,ACH/USDT:USDT,0.02238,1142.0,0.02237,3111.0,0.02239,143.0,0.0224,1739.0
1753503382404,04:16:22.404,ACH/USDT:USDT,0.02238,1143.0,0.02237,3155.0,0.02239,143.0,0.0224,1739.0
1753503383204,04:16:23.204,ACH/USDT:USDT,0.02238,1165.0,0.02237,3155.0,0.02239,143.0,0.0224,1739.0
1753503383904,04:16:23.904,ACH/USDT:USDT,0.02238,1166.0,0.02237,3155.0,0.02239,143.0,0.0224,1739.0
1753503384104,04:16:24.104,ACH/USDT:USDT,0.02238,1166.0,0.02237,3155.0,0.02239,143.0,0.0224,1739.0
1753503384804,04:16:24.804,ACH/USDT:USDT,0.02238,1061.0,0.02237,3277.0,0.02239,143.0,0.0224,1739.0
1753503388004,04:16:28.004,ACH/USDT:USDT,0.02238,1239.0,0.02237,3147.0,0.02239,144.0,0.0224,1739.0
1753503389004,04:16:29.004,ACH/USDT:USDT,0.02238,1240.0,0.02237,3147.0,0.02239,144.0,0.0224,1739.0
1753503390104,04:16:30.104,ACH/USDT:USDT,0.02238,1241.0,0.02237,3103.0,0.02239,144.0,0.0224,1739.0
1753503390904,04:16:30.904,ACH/USDT:USDT,0.02238,1241.0,0.02237,3103.0,0.02239,144.0,0.0224,1739.0
1753503391204,04:16:31.204,ACH/USDT:USDT,0.02238,1241.0,0.02237,3276.0,0.02239,144.0,0.0224,1739.0
1753503391404,04:16:31.404,ACH/USDT:USDT,0.02238,1241.0,0.02237,3276.0,0.02239,144.0,0.0224,1739.0
1753503391904,04:16:31.904,ACH/USDT:USDT,0.02238,1241.0,0.02237,3147.0,0.02239,143.0,0.0224,1739.0
1753503392004,04:16:32.004,ACH/USDT:USDT,0.02238,1241.0,0.02237,3103.0,0.02239,143.0,0.0224,1739.0
1753503392804,04:16:32.804,ACH/USDT:USDT,0.02238,1242.0,0.02237,3103.0,0.02239,143.0,0.0224,1739.0
1753503392904,04:16:32.904,ACH/USDT:USDT,0.02238,1242.0,0.02237,3103.0,0.02239,143.0,0.0224,1739.0
1753503393504,04:16:33.504,ACH/USDT:USDT,0.02238,1242.0,0.02237,3319.0,0.02239,143.0,0.0224,1739.0
1753503393904,04:16:33.904,ACH/USDT:USDT,0.02239,456.0,0.02238,1618.0,0.0224,480.0,0.02241,1873.0
1753503394104,04:16:34.104,ACH/USDT:USDT,0.02239,417.0,0.02238,1619.0,0.0224,482.0,0.02241,1873.0
1753503394804,04:16:34.804,ACH/USDT:USDT,0.02239,417.0,0.02238,1619.0,0.0224,482.0,0.02241,1916.0
1753503395004,04:16:35.004,ACH/USDT:USDT,0.02239,417.0,0.02238,1619.0,0.0224,482.0,0.02241,1960.0
1753503396604,04:16:36.604,ACH/USDT:USDT,0.02239,417.0,0.02238,1619.0,0.0224,482.0,0.02241,1960.0
1753503397004,04:16:37.004,ACH/USDT:USDT,0.02239,417.0,0.02238,1619.0,0.0224,512.0,0.02241,1960.0
1753503397104,04:16:37.104,ACH/USDT:USDT,0.02239,417.0,0.02238,1619.0,0.0224,512.0,0.02241,2004.0
1753503397404,04:16:37.404,ACH/USDT:USDT,0.02239,158.0,0.02238,1619.0,0.0224,523.0,0.02241,2048.0
1753503397604,04:16:37.604,ACH/USDT:USDT,0.02239,38.0,0.02238,1857.0,0.0224,523.0,0.02241,2048.0
1753503397904,04:16:37.904,ACH/USDT:USDT,0.02239,38.0,0.02238,1857.0,0.0224,523.0,0.02241,2092.0
1753503398304,04:16:38.304,ACH/USDT:USDT,0.02239,38.0,0.02238,1857.0,0.0224,523.0,0.02241,2531.0
1753503398404,04:16:38.404,ACH/USDT:USDT,0.02239,38.0,0.02238,1857.0,0.0224,523.0,0.02241,2531.0
1753503398804,04:16:38.804,ACH/USDT:USDT,0.02239,38.0,0.02238,1857.0,0.0224,523.0,0.02241,2531.0
1753503398904,04:16:38.904,ACH/USDT:USDT,0.02239,29.0,0.02238,1857.0,0.0224,523.0,0.02241,2531.0
1753503399104,04:16:39.104,ACH/USDT:USDT,0.02239,29.0,0.02238,1595.0,0.0224,523.0,0.02241,2531.0
1753503399204,04:16:39.204,ACH/USDT:USDT,0.02239,29.0,0.02238,1595.0,0.0224,523.0,0.02241,2575.0
1753503399504,04:16:39.504,ACH/USDT:USDT,0.02239,29.0,0.02238,1595.0,0.0224,523.0,0.02241,2575.0
1753503399604,04:16:39.604,ACH/USDT:USDT,0.02239,29.0,0.02238,1595.0,0.0224,523.0,0.02241,2575.0
1753503400504,04:16:40.504,ACH/USDT:USDT,0.02239,29.0,0.02238,1595.0,0.0224,523.0,0.02241,2662.0
1753503400604,04:16:40.604,ACH/USDT:USDT,0.02239,29.0,0.02238,1595.0,0.0224,523.0,0.02241,2662.0
1753503400904,04:16:40.904,ACH/USDT:USDT,0.02239,29.0,0.02238,1857.0,0.0224,523.0,0.02241,2662.0
1753503401104,04:16:41.104,ACH/USDT:USDT,0.02239,29.0,0.02238,1857.0,0.0224,523.0,0.02241,2750.0
1753503401904,04:16:41.904,ACH/USDT:USDT,0.02239,29.0,0.02238,1595.0,0.0224,523.0,0.02241,2750.0
1753503402204,04:16:42.204,ACH/USDT:USDT,0.02239,29.0,0.02238,1857.0,0.0224,523.0,0.02241,2750.0
1753503402904,04:16:42.904,ACH/USDT:USDT,0.02239,29.0,0.02238,1617.0,0.0224,523.0,0.02241,2750.0
1753503403004,04:16:43.004,ACH/USDT:USDT,0.02239,29.0,0.02238,1617.0,0.0224,523.0,0.02241,2794.0
1753503403204,04:16:43.204,ACH/USDT:USDT,0.02238,1059.0,0.02237,2794.0,0.0224,1114.0,0.02241,2354.0
1753503403304,04:16:43.304,ACH/USDT:USDT,0.02238,1114.0,0.02237,3114.0,0.02239,28.0,0.0224,1380.0
1753503403404,04:16:43.404,ACH/USDT:USDT,0.02238,1116.0,0.02237,3176.0,0.02239,30.0,0.0224,1370.0
1753503403504,04:16:43.504,ACH/USDT:USDT,0.02238,1042.0,0.02237,3176.0,0.02239,142.0,0.0224,1370.0
1753503403604,04:16:43.604,ACH/USDT:USDT,0.02238,1042.0,0.02237,3176.0,0.02239,144.0,0.0224,1370.0
1753503403704,04:16:43.704,ACH/USDT:USDT,0.02238,1072.0,0.02237,3176.0,0.02239,144.0,0.0224,1370.0
1753503403904,04:16:43.904,ACH/USDT:USDT,0.02238,1042.0,0.02237,3133.0,0.02239,144.0,0.0224,1370.0
1753503404004,04:16:44.004,ACH/USDT:USDT,0.02238,1042.0,0.02237,3070.0,0.02239,144.0,0.0224,1370.0
1753503404304,04:16:44.304,ACH/USDT:USDT,0.02238,1066.0,0.02237,2880.0,0.02239,144.0,0.0224,1370.0
1753503404604,04:16:44.604,ACH/USDT:USDT,0.02238,1096.0,0.02237,2966.0,0.02239,144.0,0.0224,1370.0
1753503404804,04:16:44.804,ACH/USDT:USDT,0.02238,1107.0,0.02237,2966.0,0.02239,144.0,0.0224,1370.0
1753503405304,04:16:45.304,ACH/USDT:USDT,0.02238,1107.0,0.02237,3008.0,0.02239,144.0,0.0224,1370.0
1753503405604,04:16:45.604,ACH/USDT:USDT,0.02238,1107.0,0.02237,3008.0,0.02239,144.0,0.0224,1370.0
1753503406204,04:16:46.204,ACH/USDT:USDT,0.02238,1107.0,0.02237,3008.0,0.02239,144.0,0.0224,1370.0
1753503407304,04:16:47.304,ACH/USDT:USDT,0.02238,1107.0,0.02237,3069.0,0.02239,144.0,0.0224,1370.0
1753503407804,04:16:47.804,ACH/USDT:USDT,0.02238,1107.0,0.02237,3201.0,0.02239,144.0,0.0224,1370.0
1753503408104,04:16:48.104,ACH/USDT:USDT,0.02238,1107.0,0.02237,3201.0,0.02239,144.0,0.0224,1370.0
1753503409604,04:16:49.604,ACH/USDT:USDT,0.02238,1098.0,0.02237,3201.0,0.02239,144.0,0.0224,1370.0
1753503410104,04:16:50.104,ACH/USDT:USDT,0.02238,1098.0,0.02237,3201.0,0.02239,144.0,0.0224,1370.0
1753503410204,04:16:50.204,ACH/USDT:USDT,0.02238,1098.0,0.02237,3244.0,0.02239,144.0,0.0224,1370.0
1753503411304,04:16:51.304,ACH/USDT:USDT,0.02238,1098.0,0.02237,3201.0,0.02239,144.0,0.0224,1370.0
1753503411404,04:16:51.404,ACH/USDT:USDT,0.02238,1099.0,0.02237,3201.0,0.02239,144.0,0.0224,1370.0
1753503412304,04:16:52.304,ACH/USDT:USDT,0.02238,1099.0,0.02237,3012.0,0.02239,144.0,0.0224,1370.0
1753503414104,04:16:54.104,ACH/USDT:USDT,0.02238,1100.0,0.02237,3012.0,0.02239,144.0,0.0224,1370.0
1753503414504,04:16:54.504,ACH/USDT:USDT,0.02238,1100.0,0.02237,2968.0,0.02239,144.0,0.0224,1370.0
1753503415004,04:16:55.004,ACH/USDT:USDT,0.02237,154.0,0.02236,1419.0,0.02238,519.0,0.02239,1495.0
1753503415104,04:16:55.104,ACH/USDT:USDT,0.02237,150.0,0.02236,1419.0,0.02238,519.0,0.02239,1495.0
1753503415504,04:16:55.504,ACH/USDT:USDT,0.02237,150.0,0.02236,1419.0,0.02238,508.0,0.02239,1499.0
1753503415604,04:16:55.604,ACH/USDT:USDT,0.02237,150.0,0.02236,1419.0,0.02238,519.0,0.02239,1499.0
1753503415704,04:16:55.704,ACH/USDT:USDT,0.02237,150.0,0.02236,1419.0,0.02238,519.0,0.02239,1499.0
1753503416304,04:16:56.304,ACH/USDT:USDT,0.02237,150.0,0.02236,1419.0,0.02238,508.0,0.02239,1499.0
1753503416604,04:16:56.604,ACH/USDT:USDT,0.02237,150.0,0.02236,1419.0,0.02238,519.0,0.02239,1499.0
1753503416704,04:16:56.704,ACH/USDT:USDT,0.02237,191.0,0.02236,1419.0,0.02238,508.0,0.02239,1499.0
1753503417304,04:16:57.304,ACH/USDT:USDT,0.02237,191.0,0.02236,1419.0,0.02238,508.0,0.02239,1499.0
1753503417404,04:16:57.404,ACH/USDT:USDT,0.02237,191.0,0.02236,1419.0,0.02238,508.0,0.02239,1499.0
1753503418204,04:16:58.204,ACH/USDT:USDT,0.02237,580.0,0.02236,1632.0,0.02238,266.0,0.02239,1366.0
1753503418304,04:16:58.304,ACH/USDT:USDT,0.02237,580.0,0.02236,1632.0,0.02238,266.0,0.02239,1366.0
1753503418604,04:16:58.604,ACH/USDT:USDT,0.02237,580.0,0.02236,1674.0,0.02238,266.0,0.02239,1366.0
1753503419504,04:16:59.504,ACH/USDT:USDT,0.02237,591.0,0.02236,1674.0,0.02238,266.0,0.02239,1366.0
1753503419604,04:16:59.604,ACH/USDT:USDT,0.02237,580.0,0.02236,1674.0,0.02238,266.0,0.02239,1366.0
1753503419704,04:16:59.704,ACH/USDT:USDT,0.02237,580.0,0.02236,1674.0,0.02238,307.0,0.02239,1366.0
1753503419804,04:16:59.804,ACH/USDT:USDT,0.02237,141.0,0.02236,1632.0,0.02238,511.0,0.02239,1366.0
1753503420404,04:17:00.404,ACH/USDT:USDT,0.02237,141.0,0.02236,1750.0,0.02238,481.0,0.02239,1366.0
1753503420504,04:17:00.504,ACH/USDT:USDT,0.02237,141.0,0.02236,1750.0,0.02238,481.0,0.02239,1366.0
1753503420704,04:17:00.704,ACH/USDT:USDT,0.02237,141.0,0.02236,1750.0,0.02238,481.0,0.02239,1366.0
1753503420904,04:17:00.904,ACH/USDT:USDT,0.02237,459.0,0.02236,1632.0,0.02238,266.0,0.02239,1366.0
1753503421104,04:17:01.104,ACH/USDT:USDT,0.02237,429.0,0.02236,1778.0,0.02238,266.0,0.02239,1366.0
1753503422204,04:17:02.204,ACH/USDT:USDT,0.02237,459.0,0.02236,1778.0,0.02238,266.0,0.02239,1366.0
1753503422704,04:17:02.704,ACH/USDT:USDT,0.02237,459.0,0.02236,1863.0,0.02238,126.0,0.02239,1366.0
1753503422804,04:17:02.804,ACH/USDT:USDT,0.02237,628.0,0.02236,2238.0,0.02238,126.0,0.02239,1366.0
1753503422904,04:17:02.904,ACH/USDT:USDT,0.02237,628.0,0.02236,2673.0,0.02238,126.0,0.02239,1366.0
1753503423004,04:17:03.004,ACH/USDT:USDT,0.02237,628.0,0.02236,2716.0,0.02238,126.0,0.02239,1366.0
1753503423204,04:17:03.204,ACH/USDT:USDT,0.02237,628.0,0.02236,2760.0,0.02238,126.0,0.02239,1366.0
1753503423304,04:17:03.304,ACH/USDT:USDT,0.02237,628.0,0.02236,2890.0,0.02238,126.0,0.02239,1366.0
1753503423704,04:17:03.704,ACH/USDT:USDT,0.02237,628.0,0.02236,2934.0,0.02238,126.0,0.02239,1366.0
1753503424104,04:17:04.104,ACH/USDT:USDT,0.02237,598.0,0.02236,2673.0,0.02238,153.0,0.02239,1366.0
1753503424404,04:17:04.404,ACH/USDT:USDT,0.02237,628.0,0.02236,2673.0,0.02238,153.0,0.02239,1366.0
1753503425604,04:17:05.604,ACH/USDT:USDT,0.02237,458.0,0.02236,2354.0,0.02238,277.0,0.02239,1366.0
1753503425704,04:17:05.704,ACH/USDT:USDT,0.02237,298.0,0.02236,2354.0,0.02238,277.0,0.02239,1366.0
1753503426104,04:17:06.104,ACH/USDT:USDT,0.02237,339.0,0.02236,2311.0,0.02238,266.0,0.02239,1366.0
1753503426204,04:17:06.204,ACH/USDT:USDT,0.02237,339.0,0.02236,2408.0,0.02238,266.0,0.02239,1366.0
1753503426804,04:17:06.804,ACH/USDT:USDT,0.02237,339.0,0.02236,2148.0,0.02238,266.0,0.02239,1166.0
1753503427004,04:17:07.004,ACH/USDT:USDT,0.02237,339.0,0.02236,2148.0,0.02238,266.0,0.02239,1316.0
1753503428604,04:17:08.604,ACH/USDT:USDT,0.02237,633.0,0.02236,2092.0,0.02238,153.0,0.02239,1316.0
1753503429304,04:17:09.304,ACH/USDT:USDT,0.02238,147.0,0.02237,1662.0,0.02239,480.0,0.0224,1725.0
1753503429404,04:17:09.404,ACH/USDT:USDT,0.02238,147.0,0.02237,1737.0,0.02239,480.0,0.0224,1725.0
1753503429504,04:17:09.504,ACH/USDT:USDT,0.02238,147.0,0.02237,2024.0,0.02239,480.0,0.0224,1725.0
1753503429704,04:17:09.704,ACH/USDT:USDT,0.02238,147.0,0.02237,2028.0,0.02239,480.0,0.0224,1611.0
1753503430204,04:17:10.204,ACH/USDT:USDT,0.02238,147.0,0.02237,2028.0,0.02239,480.0,0.0224,1611.0
1753503430304,04:17:10.304,ACH/USDT:USDT,0.02238,147.0,0.02237,2028.0,0.02239,480.0,0.0224,1654.0
1753503430404,04:17:10.404,ACH/USDT:USDT,0.02238,147.0,0.02237,2028.0,0.02239,480.0,0.0224,1654.0
1753503430504,04:17:10.504,ACH/USDT:USDT,0.02238,147.0,0.02237,1868.0,0.02239,480.0,0.0224,1654.0
1753503431504,04:17:11.504,ACH/USDT:USDT,0.02238,147.0,0.02237,1868.0,0.02239,480.0,0.0224,1654.0
1753503432104,04:17:12.104,ACH/USDT:USDT,0.02238,147.0,0.02237,1868.0,0.02239,521.0,0.0224,1698.0
1753503432204,04:17:12.204,ACH/USDT:USDT,0.02238,147.0,0.02237,1868.0,0.02239,521.0,0.0224,1698.0
1753503432904,04:17:12.904,ACH/USDT:USDT,0.02238,147.0,0.02237,1581.0,0.02239,521.0,0.0224,1698.0
1753503433204,04:17:13.204,ACH/USDT:USDT,0.02238,147.0,0.02237,1581.0,0.02239,480.0,0.0224,1698.0
1753503433304,04:17:13.304,ACH/USDT:USDT,0.02238,147.0,0.02237,1581.0,0.02239,521.0,0.0224,1742.0
1753503434104,04:17:14.104,ACH/USDT:USDT,0.02238,11.0,0.02237,1526.0,0.02239,521.0,0.0224,1900.0
1753503434204,04:17:14.204,ACH/USDT:USDT,0.02237,813.0,0.02236,2188.0,0.02238,29.0,0.02239,1235.0
1753503434304,04:17:14.304,ACH/USDT:USDT,0.02237,813.0,0.02236,2655.0,0.02238,29.0,0.02239,1335.0
1753503434404,04:17:14.404,ACH/USDT:USDT,0.02237,520.0,0.02236,2750.0,0.02238,29.0,0.02239,1335.0
1753503434504,04:17:14.504,ACH/USDT:USDT,0.02237,520.0,0.02236,2750.0,0.02238,29.0,0.02239,1335.0
1753503434604,04:17:14.604,ACH/USDT:USDT,0.02237,520.0,0.02236,2750.0,0.02238,29.0,0.02239,1335.0
1753503434704,04:17:14.704,ACH/USDT:USDT,0.02237,531.0,0.02236,2750.0,0.02238,29.0,0.02239,1335.0
1753503434804,04:17:14.804,ACH/USDT:USDT,0.02237,754.0,0.02236,2928.0,0.02238,29.0,0.02239,1335.0
1753503435204,04:17:15.204,ACH/USDT:USDT,0.02237,754.0,0.02236,3146.0,0.02238,29.0,0.02239,1324.0
1753503435304,04:17:15.304,ACH/USDT:USDT,0.02237,754.0,0.02236,3320.0,0.02238,29.0,0.02239,1324.0
1753503435804,04:17:15.804,ACH/USDT:USDT,0.02237,754.0,0.02236,3232.0,0.02238,29.0,0.02239,1324.0
1753503436604,04:17:16.604,ACH/USDT:USDT,0.02237,754.0,0.02236,3232.0,0.02238,29.0,0.02239,1324.0
1753503438304,04:17:18.304,ACH/USDT:USDT,0.02237,754.0,0.02236,3276.0,0.02238,29.0,0.02239,1324.0
1753503438404,04:17:18.404,ACH/USDT:USDT,0.02237,754.0,0.02236,3320.0,0.02238,29.0,0.02239,1324.0
1753503438504,04:17:18.504,ACH/USDT:USDT,0.02237,754.0,0.02236,3320.0,0.02238,29.0,0.02239,1324.0
1753503438604,04:17:18.604,ACH/USDT:USDT,0.02237,754.0,0.02236,3452.0,0.02238,29.0,0.02239,1324.0
1753503438904,04:17:18.904,ACH/USDT:USDT,0.02237,754.0,0.02236,3452.0,0.02238,29.0,0.02239,1324.0
1753503439304,04:17:19.304,ACH/USDT:USDT,0.02237,745.0,0.02236,3452.0,0.02238,29.0,0.02239,1324.0
1753503439404,04:17:19.404,ACH/USDT:USDT,0.02237,745.0,0.02236,3491.0,0.02238,29.0,0.02239,1324.0
1753503439504,04:17:19.504,ACH/USDT:USDT,0.02237,745.0,0.02236,3448.0,0.02238,29.0,0.02239,1324.0
1753503440004,04:17:20.004,ACH/USDT:USDT,0.02237,745.0,0.02236,3448.0,0.02238,29.0,0.02239,1324.0
1753503440104,04:17:20.104,ACH/USDT:USDT,0.02237,745.0,0.02236,3448.0,0.02238,29.0,0.02239,1324.0
1753503440204,04:17:20.204,ACH/USDT:USDT,0.02237,745.0,0.02236,3448.0,0.02238,29.0,0.02239,1324.0
1753503441504,04:17:21.504,ACH/USDT:USDT,0.02237,745.0,0.02236,3448.0,0.02238,29.0,0.02239,1324.0
1753503441604,04:17:21.604,ACH/USDT:USDT,0.02237,745.0,0.02236,3448.0,0.02238,29.0,0.02239,1324.0
1753503441804,04:17:21.804,ACH/USDT:USDT,0.02237,745.0,0.02236,3448.0,0.02238,66.0,0.02239,1124.0
1753503442004,04:17:22.004,ACH/USDT:USDT,0.02237,745.0,0.02236,3767.0,0.02238,39.0,0.02239,1094.0
1753503442104,04:17:22.104,ACH/USDT:USDT,0.02237,745.0,0.02236,3810.0,0.02238,39.0,0.02239,1094.0
1753503442304,04:17:22.304,ACH/USDT:USDT,0.02237,945.0,0.02236,4110.0,0.02238,39.0,0.02239,1094.0
1753503442404,04:17:22.404,ACH/USDT:USDT,0.02237,945.0,0.02236,4066.0,0.02238,39.0,0.02239,1094.0
1753503442504,04:17:22.504,ACH/USDT:USDT,0.02237,945.0,0.02236,3894.0,0.02238,39.0,0.02239,1094.0
1753503443104,04:17:23.104,ACH/USDT:USDT,0.02237,692.0,0.02236,3774.0,0.02238,39.0,0.02239,1094.0
1753503443204,04:17:23.204,ACH/USDT:USDT,0.02237,722.0,0.02236,3774.0,0.02238,39.0,0.02239,1094.0
1753503443704,04:17:23.704,ACH/USDT:USDT,0.02237,722.0,0.02236,3774.0,0.02238,39.0,0.02239,1094.0
1753503446104,04:17:26.104,ACH/USDT:USDT,0.02237,722.0,0.02236,3607.0,0.02238,39.0,0.02239,1094.0
1753503446304,04:17:26.304,ACH/USDT:USDT,0.02237,722.0,0.02236,3607.0,0.02238,39.0,0.02239,1094.0
1753503446504,04:17:26.504,ACH/USDT:USDT,0.02237,722.0,0.02236,3607.0,0.02238,39.0,0.02239,1094.0
1753503446704,04:17:26.704,ACH/USDT:USDT,0.02237,722.0,0.02236,3607.0,0.02238,39.0,0.02239,1094.0
1753503446904,04:17:26.904,ACH/USDT:USDT,0.02237,722.0,0.02236,3563.0,0.02238,39.0,0.02239,1094.0
1753503447104,04:17:27.104,ACH/USDT:USDT,0.02237,722.0,0.02236,3519.0,0.02238,67.0,0.02239,1094.0
1753503447204,04:17:27.204,ACH/USDT:USDT,0.02237,722.0,0.02236,3197.0,0.02238,67.0,0.02239,1094.0
1753503447304,04:17:27.304,ACH/USDT:USDT,0.02237,722.0,0.02236,3109.0,0.02238,67.0,0.02239,1094.0
1753503447904,04:17:27.904,ACH/USDT:USDT,0.02237,722.0,0.02236,3109.0,0.02238,67.0,0.02239,1094.0
1753503448004,04:17:28.004,ACH/USDT:USDT,0.02237,722.0,0.02236,3109.0,0.02238,67.0,0.02239,1094.0
1753503448304,04:17:28.304,ACH/USDT:USDT,0.02237,722.0,0.02236,2984.0,0.02238,67.0,0.02239,1094.0
1753503448504,04:17:28.504,ACH/USDT:USDT,0.02237,722.0,0.02236,2984.0,0.02238,67.0,0.02239,1094.0
1753503449404,04:17:29.404,ACH/USDT:USDT,0.02237,722.0,0.02236,2984.0,0.02238,34.0,0.02239,1094.0
1753503450004,04:17:30.004,ACH/USDT:USDT,0.02237,722.0,0.02236,3027.0,0.02238,34.0,0.02239,1094.0
1753503450304,04:17:30.304,ACH/USDT:USDT,0.02237,722.0,0.02236,3388.0,0.02238,34.0,0.02239,1094.0
1753503450404,04:17:30.404,ACH/USDT:USDT,0.02237,722.0,0.02236,3520.0,0.02238,34.0,0.02239,1094.0
1753503450504,04:17:30.504,ACH/USDT:USDT,0.02237,722.0,0.02236,3579.0,0.02238,34.0,0.02239,1094.0
1753503450604,04:17:30.604,ACH/USDT:USDT,0.02237,722.0,0.02236,3623.0,0.02238,34.0,0.02239,1094.0
1753503451004,04:17:31.004,ACH/USDT:USDT,0.02237,722.0,0.02236,3709.0,0.02238,34.0,0.02239,1094.0
1753503451104,04:17:31.104,ACH/USDT:USDT,0.02237,722.0,0.02236,3622.0,0.02238,34.0,0.02239,1094.0
1753503451304,04:17:31.304,ACH/USDT:USDT,0.02237,722.0,0.02236,3754.0,0.02238,34.0,0.02239,1094.0
1753503451504,04:17:31.504,ACH/USDT:USDT,0.02237,722.0,0.02236,3842.0,0.02238,34.0,0.02239,1094.0
1753503451704,04:17:31.704,ACH/USDT:USDT,0.02237,722.0,0.02236,3974.0,0.02238,34.0,0.02239,1094.0
1753503451804,04:17:31.804,ACH/USDT:USDT,0.02237,722.0,0.02236,4018.0,0.02238,34.0,0.02239,1094.0
1753503452304,04:17:32.304,ACH/USDT:USDT,0.02238,661.0,0.02237,2081.0,0.02239,31.0,0.0224,1478.0
1753503452604,04:17:32.604,ACH/USDT:USDT,0.02238,661.0,0.02237,2476.0,0.02239,31.0,0.0224,1602.0
1753503452704,04:17:32.704,ACH/USDT:USDT,0.02238,650.0,0.02237,2476.0,0.02239,31.0,0.0224,1602.0
1753503452904,04:17:32.904,ACH/USDT:USDT,0.02238,661.0,0.02237,2476.0,0.02239,31.0,0.0224,1602.0
1753503453004,04:17:33.004,ACH/USDT:USDT,0.02238,661.0,0.02237,2476.0,0.02239,31.0,0.0224,1602.0
1753503453104,04:17:33.104,ACH/USDT:USDT,0.02238,459.0,0.02237,2287.0,0.02239,493.0,0.0224,1478.0
1753503453204,04:17:33.204,ACH/USDT:USDT,0.02238,415.0,0.02237,2287.0,0.02239,493.0,0.0224,1478.0
1753503453504,04:17:33.504,ACH/USDT:USDT,0.02238,456.0,0.02237,2234.0,0.02239,377.0,0.0224,1478.0
1753503453604,04:17:33.604,ACH/USDT:USDT,0.02238,456.0,0.02237,2366.0,0.02239,235.0,0.0224,1478.0
1753503453704,04:17:33.704,ACH/USDT:USDT,0.02238,456.0,0.02237,2366.0,0.02239,362.0,0.0224,1478.0
1753503454004,04:17:34.004,ACH/USDT:USDT,0.02238,415.0,0.02237,2463.0,0.02239,362.0,0.0224,1478.0
1753503454204,04:17:34.204,ACH/USDT:USDT,0.02238,415.0,0.02237,2331.0,0.02239,362.0,0.0224,1478.0
1753503456404,04:17:36.404,ACH/USDT:USDT,0.02238,415.0,0.02237,2331.0,0.02239,362.0,0.0224,1478.0
1753503456904,04:17:36.904,ACH/USDT:USDT,0.02238,415.0,0.02237,2331.0,0.02239,403.0,0.0224,1478.0
1753503457304,04:17:37.304,ACH/USDT:USDT,0.02238,406.0,0.02237,2331.0,0.02239,362.0,0.0224,1478.0
1753503457504,04:17:37.504,ACH/USDT:USDT,0.02238,406.0,0.02237,2331.0,0.02239,403.0,0.0224,1478.0
1753503458104,04:17:38.104,ACH/USDT:USDT,0.02238,406.0,0.02237,2331.0,0.02239,403.0,0.0224,1478.0
1753503459504,04:17:39.504,ACH/USDT:USDT,0.02238,406.0,0.02237,2331.0,0.02239,404.0,0.0224,1478.0
1753503459904,04:17:39.904,ACH/USDT:USDT,0.02238,406.0,0.02237,2331.0,0.02239,393.0,0.0224,1478.0
1753503460404,04:17:40.404,ACH/USDT:USDT,0.02238,406.0,0.02237,2331.0,0.02239,404.0,0.0224,1478.0
1753503460604,04:17:40.604,ACH/USDT:USDT,0.02238,406.0,0.02237,2331.0,0.02239,404.0,0.0224,1478.0
1753503461904,04:17:41.904,ACH/USDT:USDT,0.02238,406.0,0.02237,1936.0,0.02239,404.0,0.0224,1478.0
1753503462004,04:17:42.004,ACH/USDT:USDT,0.02238,436.0,0.02237,1936.0,0.02239,374.0,0.0224,1478.0
1753503462904,04:17:42.904,ACH/USDT:USDT,0.02238,436.0,0.02237,1936.0,0.02239,363.0,0.0224,1478.0
1753503463404,04:17:43.404,ACH/USDT:USDT,0.02238,436.0,0.02237,1936.0,0.02239,363.0,0.0224,1478.0
1753503463804,04:17:43.804,ACH/USDT:USDT,0.02238,436.0,0.02237,1936.0,0.02239,363.0,0.0224,1478.0
1753503464104,04:17:44.104,ACH/USDT:USDT,0.02238,447.0,0.02237,1936.0,0.02239,363.0,0.0224,1478.0
1753503464204,04:17:44.204,ACH/USDT:USDT,0.02238,610.0,0.02237,1936.0,0.02239,159.0,0.0224,1478.0
1753503465204,04:17:45.204,ACH/USDT:USDT,0.02238,610.0,0.02237,1936.0,0.02239,159.0,0.0224,1478.0
1753503466304,04:17:46.304,ACH/USDT:USDT,0.02238,610.0,0.02237,1936.0,0.02239,159.0,0.0224,1478.0
1753503466404,04:17:46.404,ACH/USDT:USDT,0.02238,610.0,0.02237,2024.0,0.02239,159.0,0.0224,1478.0
1753503466804,04:17:46.804,ACH/USDT:USDT,0.02238,610.0,0.02237,2154.0,0.02239,159.0,0.0224,1478.0
1753503467304,04:17:47.304,ACH/USDT:USDT,0.02238,417.0,0.02237,2154.0,0.02239,506.0,0.0224,1478.0
1753503467404,04:17:47.404,ACH/USDT:USDT,0.02238,406.0,0.02237,2154.0,0.02239,517.0,0.0224,1478.0
1753503467904,04:17:47.904,ACH/USDT:USDT,0.02238,447.0,0.02237,2154.0,0.02239,476.0,0.0224,1478.0
1753503468204,04:17:48.204,ACH/USDT:USDT,0.02238,406.0,0.02237,2066.0,0.02239,517.0,0.0224,1478.0
1753503468304,04:17:48.304,ACH/USDT:USDT,0.02238,406.0,0.02237,2066.0,0.02239,517.0,0.0224,1478.0
1753503468504,04:17:48.504,ACH/USDT:USDT,0.02238,144.0,0.02237,1936.0,0.02239,517.0,0.0224,1616.0
1753503469204,04:17:49.204,ACH/USDT:USDT,0.02238,144.0,0.02237,2074.0,0.02239,517.0,0.0224,1660.0
1753503469804,04:17:49.804,ACH/USDT:USDT,0.02237,1304.0,0.02236,2539.0,0.02239,939.0,0.0224,1826.0
1753503470004,04:17:50.004,ACH/USDT:USDT,0.02237,847.0,0.02236,3528.0,0.02238,29.0,0.02239,1318.0
1753503470104,04:17:50.104,ACH/USDT:USDT,0.02237,847.0,0.02236,3528.0,0.02238,29.0,0.02239,1318.0
1753503470404,04:17:50.404,ACH/USDT:USDT,0.02237,877.0,0.02236,3616.0,0.02238,29.0,0.02239,1318.0
1753503470504,04:17:50.504,ACH/USDT:USDT,0.02237,877.0,0.02236,3616.0,0.02238,29.0,0.02239,1318.0
1753503470604,04:17:50.604,ACH/USDT:USDT,0.02237,877.0,0.02236,3616.0,0.02238,29.0,0.02239,1318.0
1753503470704,04:17:50.704,ACH/USDT:USDT,0.02237,877.0,0.02236,3616.0,0.02238,29.0,0.02239,1318.0
1753503470804,04:17:50.804,ACH/USDT:USDT,0.02237,877.0,0.02236,3745.0,0.02238,29.0,0.02239,1318.0
1753503471404,04:17:51.404,ACH/USDT:USDT,0.02237,750.0,0.02236,3802.0,0.02238,29.0,0.02239,1318.0
1753503471504,04:17:51.504,ACH/USDT:USDT,0.02237,488.0,0.02236,3758.0,0.02238,29.0,0.02239,1318.0
1753503471604,04:17:51.604,ACH/USDT:USDT,0.02237,488.0,0.02236,3716.0,0.02238,29.0,0.02239,1318.0
1753503472504,04:17:52.504,ACH/USDT:USDT,0.02237,488.0,0.02236,3673.0,0.02238,29.0,0.02239,1318.0
1753503472704,04:17:52.704,ACH/USDT:USDT,0.02237,488.0,0.02236,3673.0,0.02238,29.0,0.02239,1318.0
1753503473304,04:17:53.304,ACH/USDT:USDT,0.02237,529.0,0.02236,3673.0,0.02238,29.0,0.02239,1318.0
1753503473504,04:17:53.504,ACH/USDT:USDT,0.02237,529.0,0.02236,3673.0,0.02238,29.0,0.02239,1318.0
1753503474304,04:17:54.304,ACH/USDT:USDT,0.02237,529.0,0.02236,3673.0,0.02238,29.0,0.02239,1318.0
1753503474504,04:17:54.504,ACH/USDT:USDT,0.02237,529.0,0.02236,3673.0,0.02238,33.0,0.02239,1307.0
1753503474904,04:17:54.904,ACH/USDT:USDT,0.02237,520.0,0.02236,3673.0,0.02238,33.0,0.02239,1307.0
1753503475004,04:17:55.004,ACH/USDT:USDT,0.02237,520.0,0.02236,3673.0,0.02238,33.0,0.02239,1307.0
1753503475304,04:17:55.304,ACH/USDT:USDT,0.02237,520.0,0.02236,3629.0,0.02238,33.0,0.02239,1307.0
1753503475504,04:17:55.504,ACH/USDT:USDT,0.02237,490.0,0.02236,3629.0,0.02238,33.0,0.02239,1307.0
1753503475604,04:17:55.604,ACH/USDT:USDT,0.02237,520.0,0.02236,3629.0,0.02238,33.0,0.02239,1307.0
1753503475904,04:17:55.904,ACH/USDT:USDT,0.02237,520.0,0.02236,3673.0,0.02238,33.0,0.02239,1307.0
1753503476304,04:17:56.304,ACH/USDT:USDT,0.02237,520.0,0.02236,3673.0,0.02238,6.0,0.02239,1307.0
1753503476404,04:17:56.404,ACH/USDT:USDT,0.02237,520.0,0.02236,3849.0,0.02238,4.0,0.02239,1307.0
1753503476704,04:17:56.704,ACH/USDT:USDT,0.02237,520.0,0.02236,4260.0,0.02238,4.0,0.02239,1307.0
1753503476804,04:17:56.804,ACH/USDT:USDT,0.02237,720.0,0.02236,4260.0,0.02238,4.0,0.02239,1307.0
1753503476904,04:17:56.904,ACH/USDT:USDT,0.02237,720.0,0.02236,4303.0,0.02238,4.0,0.02239,1307.0
1753503477104,04:17:57.104,ACH/USDT:USDT,0.02237,729.0,0.02236,4303.0,0.02238,4.0,0.02239,1307.0
1753503477204,04:17:57.204,ACH/USDT:USDT,0.02237,729.0,0.02236,4303.0,0.02238,4.0,0.02239,1307.0
1753503477304,04:17:57.304,ACH/USDT:USDT,0.02237,729.0,0.02236,4511.0,0.02238,4.0,0.02239,1307.0
1753503477504,04:17:57.504,ACH/USDT:USDT,0.02237,729.0,0.02236,4511.0,0.02238,4.0,0.02239,1307.0
1753503477804,04:17:57.804,ACH/USDT:USDT,0.02237,729.0,0.02236,4598.0,0.02238,4.0,0.02239,1307.0
1753503478304,04:17:58.304,ACH/USDT:USDT,0.02237,729.0,0.02236,4817.0,0.02238,4.0,0.02239,1307.0
1753503478404,04:17:58.404,ACH/USDT:USDT,0.02237,729.0,0.02236,4817.0,0.02238,4.0,0.02239,1307.0
1753503478504,04:17:58.504,ACH/USDT:USDT,0.02237,729.0,0.02236,4905.0,0.02238,4.0,0.02239,1307.0
1753503478704,04:17:58.704,ACH/USDT:USDT,0.02237,729.0,0.02236,4948.0,0.02238,4.0,0.02239,1307.0
1753503479004,04:17:59.004,ACH/USDT:USDT,0.02237,729.0,0.02236,4948.0,0.02238,4.0,0.02239,1307.0
1753503479104,04:17:59.104,ACH/USDT:USDT,0.02237,729.0,0.02236,4948.0,0.02238,4.0,0.02239,1307.0
1753503479404,04:17:59.404,ACH/USDT:USDT,0.02237,729.0,0.02236,5036.0,0.02238,4.0,0.02239,1307.0
1753503479504,04:17:59.504,ACH/USDT:USDT,0.02237,729.0,0.02236,5259.0,0.02238,4.0,0.02239,1307.0
1753503480004,04:18:00.004,ACH/USDT:USDT,0.02237,728.0,0.02236,5259.0,0.02238,4.0,0.02239,1307.0
1753503480304,04:18:00.304,ACH/USDT:USDT,0.02237,728.0,0.02236,5275.0,0.02238,4.0,0.02239,1307.0
1753503480704,04:18:00.704,ACH/USDT:USDT,0.02237,728.0,0.02236,5275.0,0.02238,4.0,0.02239,1307.0
1753503480904,04:18:00.904,ACH/USDT:USDT,0.02237,729.0,0.02236,5275.0,0.02238,4.0,0.02239,1307.0
1753503481304,04:18:01.304,ACH/USDT:USDT,0.02237,729.0,0.02236,5231.0,0.02238,4.0,0.02239,1307.0
1753503481404,04:18:01.404,ACH/USDT:USDT,0.02237,529.0,0.02236,4795.0,0.02238,32.0,0.02239,1307.0
1753503481604,04:18:01.604,ACH/USDT:USDT,0.02237,529.0,0.02236,4540.0,0.02238,32.0,0.02239,1307.0
1753503482104,04:18:02.104,ACH/USDT:USDT,0.02237,520.0,0.02236,4540.0,0.02238,32.0,0.02239,1307.0
1753503482204,04:18:02.204,ACH/USDT:USDT,0.02237,542.0,0.02236,4540.0,0.02238,32.0,0.02239,1307.0
1753503482304,04:18:02.304,ACH/USDT:USDT,0.02237,542.0,0.02236,4092.0,0.02238,34.0,0.02239,1307.0
1753503482604,04:18:02.604,ACH/USDT:USDT,0.02237,531.0,0.02236,4092.0,0.02238,34.0,0.02239,1307.0
1753503482704,04:18:02.704,ACH/USDT:USDT,0.02237,509.0,0.02236,4050.0,0.02238,169.0,0.02239,1150.0
1753503482904,04:18:02.904,ACH/USDT:USDT,0.02237,520.0,0.02236,3595.0,0.02238,238.0,0.02239,1150.0
1753503483204,04:18:03.204,ACH/USDT:USDT,0.02237,520.0,0.02236,3464.0,0.02238,238.0,0.02239,1150.0
1753503483504,04:18:03.504,ACH/USDT:USDT,0.02237,520.0,0.02236,3464.0,0.02238,34.0,0.02239,1272.0
1753503484304,04:18:04.304,ACH/USDT:USDT,0.02237,520.0,0.02236,3464.0,0.02238,148.0,0.02239,1272.0
1753503485004,04:18:05.004,ACH/USDT:USDT,0.02237,520.0,0.02236,3464.0,0.02238,148.0,0.02239,1272.0
1753503485304,04:18:05.304,ACH/USDT:USDT,0.02237,520.0,0.02236,3464.0,0.02238,34.0,0.02239,1272.0
1753503486804,04:18:06.804,ACH/USDT:USDT,0.02237,490.0,0.02236,3464.0,0.02238,146.0,0.02239,1272.0
1753503486904,04:18:06.904,ACH/USDT:USDT,0.02237,479.0,0.02236,3464.0,0.02238,148.0,0.02239,1272.0
1753503487304,04:18:07.304,ACH/USDT:USDT,0.02237,479.0,0.02236,3377.0,0.02238,148.0,0.02239,1272.0
1753503487504,04:18:07.504,ACH/USDT:USDT,0.02237,490.0,0.02236,3377.0,0.02238,148.0,0.02239,1272.0
1753503488104,04:18:08.104,ACH/USDT:USDT,0.02237,520.0,0.02236,3377.0,0.02238,34.0,0.02239,1272.0
1753503489104,04:18:09.104,ACH/USDT:USDT,0.02237,520.0,0.02236,3421.0,0.02238,8.0,0.02239,1272.0
1753503489204,04:18:09.204,ACH/USDT:USDT,0.02237,520.0,0.02236,3611.0,0.02238,8.0,0.02239,1272.0
1753503489404,04:18:09.404,ACH/USDT:USDT,0.02237,520.0,0.02236,3697.0,0.02238,8.0,0.02239,1272.0
1753503490604,04:18:10.604,ACH/USDT:USDT,0.02237,520.0,0.02236,3550.0,0.02238,8.0,0.02239,1272.0
1753503491204,04:18:11.204,ACH/USDT:USDT,0.02237,520.0,0.02236,3550.0,0.02238,35.0,0.02239,1272.0
1753503491304,04:18:11.304,ACH/USDT:USDT,0.02237,520.0,0.02236,3508.0,0.02238,35.0,0.02239,1272.0
1753503493304,04:18:13.304,ACH/USDT:USDT,0.02237,520.0,0.02236,3379.0,0.02238,35.0,0.02239,1272.0
1753503493504,04:18:13.504,ACH/USDT:USDT,0.02237,520.0,0.02236,3379.0,0.02238,8.0,0.02239,1272.0
1753503496204,04:18:16.204,ACH/USDT:USDT,0.02237,520.0,0.02236,3464.0,0.02238,8.0,0.02239,1272.0
1753503496304,04:18:16.304,ACH/USDT:USDT,0.02237,520.0,0.02236,3507.0,0.02238,8.0,0.02239,1272.0
1753503497804,04:18:17.804,ACH/USDT:USDT,0.02237,529.0,0.02236,4018.0,0.02238,8.0,0.02239,1272.0
1753503498304,04:18:18.304,ACH/USDT:USDT,0.02237,529.0,0.02236,4061.0,0.02238,8.0,0.02239,1272.0
1753503499204,04:18:19.204,ACH/USDT:USDT,0.02237,529.0,0.02236,4105.0,0.02238,8.0,0.02239,1272.0
1753503499504,04:18:19.504,ACH/USDT:USDT,0.02237,529.0,0.02236,4148.0,0.02238,8.0,0.02239,1272.0
1753503500404,04:18:20.404,ACH/USDT:USDT,0.02237,529.0,0.02236,4148.0,0.02238,9.0,0.02239,1272.0
1753503500504,04:18:20.504,ACH/USDT:USDT,0.02237,499.0,0.02236,4002.0,0.02238,34.0,0.02239,1272.0
1753503501304,04:18:21.304,ACH/USDT:USDT,0.02237,529.0,0.02236,3826.0,0.02238,34.0,0.02239,1272.0
1753503501404,04:18:21.404,ACH/USDT:USDT,0.02237,623.0,0.02236,4146.0,0.02238,9.0,0.02239,1272.0
1753503501504,04:18:21.504,ACH/USDT:USDT,0.02237,623.0,0.02236,4455.0,0.02238,9.0,0.02239,1272.0
1753503501704,04:18:21.704,ACH/USDT:USDT,0.02237,623.0,0.02236,4455.0,0.02238,10.0,0.02239,1272.0
1753503501804,04:18:21.804,ACH/USDT:USDT,0.02237,614.0,0.02236,4455.0,0.02238,10.0,0.02239,1272.0
1753503502004,04:18:22.004,ACH/USDT:USDT,0.02237,614.0,0.02236,4367.0,0.02238,10.0,0.02239,1272.0
1753503502304,04:18:22.304,ACH/USDT:USDT,0.02237,614.0,0.02236,4499.0,0.02238,10.0,0.02239,1272.0
1753503502904,04:18:22.904,ACH/USDT:USDT,0.02237,614.0,0.02236,4543.0,0.02238,10.0,0.02239,1272.0
1753503503004,04:18:23.004,ACH/USDT:USDT,0.02237,614.0,0.02236,4709.0,0.02238,10.0,0.02239,1272.0
1753503503304,04:18:23.304,ACH/USDT:USDT,0.02237,614.0,0.02236,4873.0,0.02238,10.0,0.02239,1272.0
1753503503404,04:18:23.404,ACH/USDT:USDT,0.02237,614.0,0.02236,4917.0,0.02238,10.0,0.02239,1272.0
1753503505204,04:18:25.204,ACH/USDT:USDT,0.02237,614.0,0.02236,4661.0,0.02238,36.0,0.02239,1272.0
1753503505604,04:18:25.604,ACH/USDT:USDT,0.02237,614.0,0.02236,4661.0,0.02238,8.0,0.02239,1272.0
1753503506404,04:18:26.404,ACH/USDT:USDT,0.02237,901.0,0.02236,4374.0,0.02238,8.0,0.02239,1272.0
1753503506904,04:18:26.904,ACH/USDT:USDT,0.02237,901.0,0.02236,4418.0,0.02238,8.0,0.02239,1272.0
1753503507504,04:18:27.504,ACH/USDT:USDT,0.02237,901.0,0.02236,4503.0,0.02238,8.0,0.02239,1272.0
1753503507804,04:18:27.804,ACH/USDT:USDT,0.02237,901.0,0.02236,4590.0,0.02238,8.0,0.02239,1272.0
1753503508004,04:18:28.004,ACH/USDT:USDT,0.02238,393.0,0.02237,735.0,0.02239,1297.0,0.0224,1624.0
1753503508104,04:18:28.104,ACH/USDT:USDT,0.02238,404.0,0.02237,1825.0,0.02239,421.0,0.0224,1616.0
1753503508204,04:18:28.204,ACH/USDT:USDT,0.02238,404.0,0.02237,1738.0,0.02239,554.0,0.0224,1616.0
1753503508804,04:18:28.804,ACH/USDT:USDT,0.02238,404.0,0.02237,1738.0,0.02239,554.0,0.0224,1616.0
1753503509104,04:18:29.104,ACH/USDT:USDT,0.02238,404.0,0.02237,1738.0,0.02239,554.0,0.0224,1616.0
1753503509204,04:18:29.204,ACH/USDT:USDT,0.02238,404.0,0.02237,1738.0,0.02239,554.0,0.0224,1616.0
1753503509304,04:18:29.304,ACH/USDT:USDT,0.02238,404.0,0.02237,1738.0,0.02239,554.0,0.0224,1616.0
1753503510204,04:18:30.204,ACH/USDT:USDT,0.02238,404.0,0.02237,1738.0,0.02239,584.0,0.0224,1616.0
1753503510404,04:18:30.404,ACH/USDT:USDT,0.02238,404.0,0.02237,1738.0,0.02239,584.0,0.0224,1616.0
1753503510504,04:18:30.504,ACH/USDT:USDT,0.02238,404.0,0.02237,1738.0,0.02239,584.0,0.0224,1616.0
1753503510604,04:18:30.604,ACH/USDT:USDT,0.02238,404.0,0.02237,1738.0,0.02239,584.0,0.0224,1616.0
1753503510704,04:18:30.704,ACH/USDT:USDT,0.02238,404.0,0.02237,1738.0,0.02239,584.0,0.0224,1616.0
1753503511204,04:18:31.204,ACH/USDT:USDT,0.02238,404.0,0.02237,1738.0,0.02239,554.0,0.0224,1616.0
1753503513104,04:18:33.104,ACH/USDT:USDT,0.02238,395.0,0.02237,1738.0,0.02239,554.0,0.0224,1616.0
1753503514404,04:18:34.404,ACH/USDT:USDT,0.02238,395.0,0.02237,1738.0,0.02239,595.0,0.0224,1616.0
1753503514704,04:18:34.704,ACH/USDT:USDT,0.02238,395.0,0.02237,1738.0,0.02239,595.0,0.0224,1616.0
1753503516204,04:18:36.204,ACH/USDT:USDT,0.02238,262.0,0.02237,1738.0,0.02239,595.0,0.0224,1730.0
1753503516304,04:18:36.304,ACH/USDT:USDT,0.02238,262.0,0.02237,1883.0,0.02239,595.0,0.0224,1730.0
1753503516404,04:18:36.404,ACH/USDT:USDT,0.02238,262.0,0.02237,1883.0,0.02239,595.0,0.0224,1730.0
1753503516804,04:18:36.804,ACH/USDT:USDT,0.02238,262.0,0.02237,1883.0,0.02239,595.0,0.0224,1730.0
1753503516904,04:18:36.904,ACH/USDT:USDT,0.02238,262.0,0.02237,1883.0,0.02239,595.0,0.0224,1730.0
1753503517104,04:18:37.104,ACH/USDT:USDT,0.02238,262.0,0.02237,1883.0,0.02239,595.0,0.0224,1616.0
1753503517704,04:18:37.704,ACH/USDT:USDT,0.02238,404.0,0.02237,1738.0,0.02239,482.0,0.0224,1616.0
1753503517804,04:18:37.804,ACH/USDT:USDT,0.02238,404.0,0.02237,1738.0,0.02239,480.0,0.0224,1616.0
1753503517904,04:18:37.904,ACH/USDT:USDT,0.02238,404.0,0.02237,1738.0,0.02239,482.0,0.0224,1616.0
1753503518504,04:18:38.504,ACH/USDT:USDT,0.02238,404.0,0.02237,1738.0,0.02239,452.0,0.0224,1616.0
1753503518604,04:18:38.604,ACH/USDT:USDT,0.02238,404.0,0.02237,1738.0,0.02239,452.0,0.0224,1616.0
1753503521304,04:18:41.304,ACH/USDT:USDT,0.02238,404.0,0.02237,1738.0,0.02239,482.0,0.0224,1616.0
1753503521404,04:18:41.404,ACH/USDT:USDT,0.02238,404.0,0.02237,1738.0,0.02239,482.0,0.0224,1616.0
1753503521504,04:18:41.504,ACH/USDT:USDT,0.02238,404.0,0.02237,1738.0,0.02239,482.0,0.0224,1616.0
1753503521604,04:18:41.604,ACH/USDT:USDT,0.02238,404.0,0.02237,1738.0,0.02239,482.0,0.0224,1616.0
1753503521804,04:18:41.804,ACH/USDT:USDT,0.02238,404.0,0.02237,1738.0,0.02239,482.0,0.0224,1616.0
1753503523104,04:18:43.104,ACH/USDT:USDT,0.02238,142.0,0.02237,1870.0,0.02239,482.0,0.0224,1660.0
1753503523204,04:18:43.204,ACH/USDT:USDT,0.02238,30.0,0.02237,1870.0,0.02239,482.0,0.0224,1660.0
1753503523404,04:18:43.404,ACH/USDT:USDT,0.02238,144.0,0.02237,1870.0,0.02239,482.0,0.0224,1660.0
1753503523504,04:18:43.504,ACH/USDT:USDT,0.02238,144.0,0.02237,1870.0,0.02239,482.0,0.0224,1660.0
1753503524004,04:18:44.004,ACH/USDT:USDT,0.02238,144.0,0.02237,1583.0,0.02239,482.0,0.0224,1660.0
1753503524204,04:18:44.204,ACH/USDT:USDT,0.02238,144.0,0.02237,1583.0,0.02239,482.0,0.0224,1704.0
1753503524304,04:18:44.304,ACH/USDT:USDT,0.02238,144.0,0.02237,1583.0,0.02239,482.0,0.0224,1748.0
1753503526104,04:18:46.104,ACH/USDT:USDT,0.02238,144.0,0.02237,1583.0,0.02239,482.0,0.0224,2018.0
1753503526304,04:18:46.304,ACH/USDT:USDT,0.02238,144.0,0.02237,1583.0,0.02239,482.0,0.0224,2018.0
1753503526404,04:18:46.404,ACH/USDT:USDT,0.02238,144.0,0.02237,1583.0,0.02239,482.0,0.0224,1974.0
1753503526604,04:18:46.604,ACH/USDT:USDT,0.02238,144.0,0.02237,1583.0,0.02239,482.0,0.0224,1974.0
1753503527104,04:18:47.104,ACH/USDT:USDT,0.02238,144.0,0.02237,1583.0,0.02239,482.0,0.0224,1974.0
1753503527204,04:18:47.204,ACH/USDT:USDT,0.02238,144.0,0.02237,1583.0,0.02239,482.0,0.0224,1974.0
1753503527604,04:18:47.604,ACH/USDT:USDT,0.02238,30.0,0.02237,1321.0,0.02239,482.0,0.0224,2088.0
1753503527704,04:18:47.704,ACH/USDT:USDT,0.02238,30.0,0.02237,1321.0,0.02239,482.0,0.0224,2219.0
1753503528204,04:18:48.204,ACH/USDT:USDT,0.02238,30.0,0.02237,1321.0,0.02239,482.0,0.0224,2350.0
1753503528304,04:18:48.304,ACH/USDT:USDT,0.02238,129.0,0.02237,1583.0,0.02239,482.0,0.0224,2526.0
1753503528704,04:18:48.704,ACH/USDT:USDT,0.02238,30.0,0.02237,1583.0,0.02239,482.0,0.0224,2526.0
1753503529204,04:18:49.204,ACH/USDT:USDT,0.02238,30.0,0.02237,1583.0,0.02239,482.0,0.0224,2526.0
1753503529304,04:18:49.304,ACH/USDT:USDT,0.02238,30.0,0.02237,1583.0,0.02239,482.0,0.0224,2613.0
1753503529604,04:18:49.604,ACH/USDT:USDT,0.02238,2.0,0.02237,1583.0,0.02239,482.0,0.0224,2657.0
1753503529804,04:18:49.804,ACH/USDT:USDT,0.02237,828.0,0.02236,3197.0,0.02239,1075.0,0.0224,2402.0
1753503530204,04:18:50.204,ACH/USDT:USDT,0.02237,828.0,0.02236,3197.0,0.02239,1075.0,0.0224,2183.0
1753503530304,04:18:50.304,ACH/USDT:USDT,0.02237,828.0,0.02236,3197.0,0.02239,879.0,0.0224,1894.0
1753503530504,04:18:50.504,ACH/USDT:USDT,0.02237,828.0,0.02236,3197.0,0.02239,879.0,0.0224,1850.0
1753503530704,04:18:50.704,ACH/USDT:USDT,0.02237,828.0,0.02236,3197.0,0.02239,879.0,0.0224,1850.0
1753503530904,04:18:50.904,ACH/USDT:USDT,0.02237,828.0,0.02236,3197.0,0.02239,879.0,0.0224,1850.0
1753503532004,04:18:52.004,ACH/USDT:USDT,0.02238,134.0,0.02237,1273.0,0.02239,556.0,0.0224,2044.0
1753503532204,04:18:52.204,ACH/USDT:USDT,0.02238,106.0,0.02237,1274.0,0.02239,556.0,0.0224,2219.0
1753503532304,04:18:52.304,ACH/USDT:USDT,0.02238,106.0,0.02237,1274.0,0.02239,586.0,0.0224,2613.0
1753503532404,04:18:52.404,ACH/USDT:USDT,0.02238,106.0,0.02237,1274.0,0.02239,586.0,0.0224,2701.0
1753503532504,04:18:52.504,ACH/USDT:USDT,0.02238,106.0,0.02237,1274.0,0.02239,586.0,0.0224,2745.0
1753503532704,04:18:52.704,ACH/USDT:USDT,0.02238,454.0,0.02237,1274.0,0.02239,351.0,0.0224,2657.0
1753503532904,04:18:52.904,ACH/USDT:USDT,0.02238,221.0,0.02237,1274.0,0.02239,596.0,0.0224,2657.0
1753503533404,04:18:53.404,ACH/USDT:USDT,0.02238,221.0,0.02237,1274.0,0.02239,596.0,0.0224,2657.0
1753503533504,04:18:53.504,ACH/USDT:USDT,0.02237,705.0,0.02236,3197.0,0.02239,1202.0,0.0224,1982.0
1753503533604,04:18:53.604,ACH/USDT:USDT,0.02237,763.0,0.02236,3874.0,0.02238,27.0,0.02239,1279.0
1753503533704,04:18:53.704,ACH/USDT:USDT,0.02237,466.0,0.02236,3959.0,0.02238,153.0,0.02239,1135.0
1753503533804,04:18:53.804,ACH/USDT:USDT,0.02237,436.0,0.02236,3206.0,0.02238,357.0,0.02239,1139.0
1753503533904,04:18:53.904,ACH/USDT:USDT,0.02237,436.0,0.02236,3206.0,0.02238,300.0,0.02239,1109.0
1753503534104,04:18:54.104,ACH/USDT:USDT,0.02237,436.0,0.02236,3249.0,0.02238,268.0,0.02239,1109.0
1753503534204,04:18:54.204,ACH/USDT:USDT,0.02237,436.0,0.02236,3381.0,0.02238,270.0,0.02239,1109.0
1753503534304,04:18:54.304,ACH/USDT:USDT,0.02237,436.0,0.02236,3381.0,0.02238,270.0,0.02239,1109.0
1753503534504,04:18:54.504,ACH/USDT:USDT,0.02237,436.0,0.02236,3381.0,0.02238,270.0,0.02239,1109.0
1753503534604,04:18:54.604,ACH/USDT:USDT,0.02237,436.0,0.02236,3192.0,0.02238,270.0,0.02239,1109.0
1753503535704,04:18:55.704,ACH/USDT:USDT,0.02237,436.0,0.02236,3192.0,0.02238,270.0,0.02239,1109.0
1753503536004,04:18:56.004,ACH/USDT:USDT,0.02237,436.0,0.02236,2639.0,0.02238,270.0,0.02239,1109.0
1753503537004,04:18:57.004,ACH/USDT:USDT,0.02237,436.0,0.02236,2639.0,0.02238,300.0,0.02239,1109.0
1753503537304,04:18:57.304,ACH/USDT:USDT,0.02237,436.0,0.02236,2639.0,0.02238,311.0,0.02239,1109.0
1753503537704,04:18:57.704,ACH/USDT:USDT,0.02237,436.0,0.02236,2639.0,0.02238,300.0,0.02239,1109.0
1753503538904,04:18:58.904,ACH/USDT:USDT,0.02237,427.0,0.02236,2639.0,0.02238,304.0,0.02239,1109.0
1753503540004,04:19:00.004,ACH/USDT:USDT,0.02237,426.0,0.02236,2441.0,0.02238,304.0,0.02239,1109.0
1753503540104,04:19:00.104,ACH/USDT:USDT,0.02237,426.0,0.02236,2441.0,0.02238,274.0,0.02239,1109.0
1753503540504,04:19:00.504,ACH/USDT:USDT,0.02237,426.0,0.02236,2398.0,0.02238,304.0,0.02239,1223.0
1753503540604,04:19:00.604,ACH/USDT:USDT,0.02237,294.0,0.02236,2111.0,0.02238,519.0,0.02239,1223.0
1753503540704,04:19:00.704,ACH/USDT:USDT,0.02237,33.0,0.02236,1340.0,0.02238,519.0,0.02239,1315.0
1753503540804,04:19:00.804,ACH/USDT:USDT,0.02237,29.0,0.02236,1066.0,0.02238,519.0,0.02239,1315.0
1753503540904,04:19:00.904,ACH/USDT:USDT,0.02237,29.0,0.02236,1066.0,0.02238,519.0,0.02239,1359.0
1753503541004,04:19:01.004,ACH/USDT:USDT,0.02237,29.0,0.02236,1066.0,0.02238,719.0,0.02239,1647.0
1753503541104,04:19:01.104,ACH/USDT:USDT,0.02237,29.0,0.02236,1066.0,0.02238,719.0,0.02239,1779.0
1753503541204,04:19:01.204,ACH/USDT:USDT,0.02237,29.0,0.02236,1066.0,0.02238,719.0,0.02239,1910.0
1753503541304,04:19:01.304,ACH/USDT:USDT,0.02237,1.0,0.02236,1066.0,0.02238,719.0,0.02239,2435.0
1753503541504,04:19:01.504,ACH/USDT:USDT,0.02237,10.0,0.02236,1022.0,0.02238,791.0,0.02239,2563.0
1753503541604,04:19:01.604,ACH/USDT:USDT,0.02237,10.0,0.02236,1022.0,0.02238,791.0,0.02239,2695.0
1753503541704,04:19:01.704,ACH/USDT:USDT,0.02237,12.0,0.02236,1022.0,0.02238,791.0,0.02239,2755.0
1753503541904,04:19:01.904,ACH/USDT:USDT,0.02237,12.0,0.02236,1022.0,0.02238,761.0,0.02239,2843.0
1753503542204,04:19:02.204,ACH/USDT:USDT,0.02237,12.0,0.02236,1022.0,0.02238,791.0,0.02239,2887.0
1753503542404,04:19:02.404,ACH/USDT:USDT,0.02237,12.0,0.02236,1022.0,0.02238,791.0,0.02239,3312.0
1753503542504,04:19:02.504,ACH/USDT:USDT,0.02237,12.0,0.02236,901.0,0.02238,791.0,0.02239,3444.0
1753503542604,04:19:02.604,ACH/USDT:USDT,0.02237,12.0,0.02236,901.0,0.02238,791.0,0.02239,4062.0
1753503542704,04:19:02.704,ACH/USDT:USDT,0.02236,148.0,0.02235,1987.0,0.02237,619.0,0.02238,1852.0
1753503542804,04:19:02.804,ACH/USDT:USDT,0.02236,144.0,0.02235,1987.0,0.02237,619.0,0.02238,1853.0
1753503542904,04:19:02.904,ACH/USDT:USDT,0.02236,144.0,0.02235,1592.0,0.02237,619.0,0.02238,1853.0
1753503543104,04:19:03.104,ACH/USDT:USDT,0.02236,29.0,0.02235,1592.0,0.02237,619.0,0.02238,1897.0
1753503543204,04:19:03.204,ACH/USDT:USDT,0.02236,29.0,0.02235,1592.0,0.02237,619.0,0.02238,1853.0
1753503543404,04:19:03.404,ACH/USDT:USDT,0.02236,208.0,0.02235,1592.0,0.02237,619.0,0.02238,1621.0
1753503543604,04:19:03.604,ACH/USDT:USDT,0.02236,208.0,0.02235,1592.0,0.02237,619.0,0.02238,1621.0
1753503543704,04:19:03.704,ACH/USDT:USDT,0.02236,29.0,0.02235,1592.0,0.02237,619.0,0.02238,1621.0
1753503544304,04:19:04.304,ACH/USDT:USDT,0.02236,29.0,0.02235,1592.0,0.02237,619.0,0.02238,1665.0
1753503544604,04:19:04.604,ACH/USDT:USDT,0.02236,29.0,0.02235,1592.0,0.02237,619.0,0.02238,1796.0
1753503544904,04:19:04.904,ACH/USDT:USDT,0.02236,29.0,0.02235,1592.0,0.02237,619.0,0.02238,1796.0
1753503545004,04:19:05.004,ACH/USDT:USDT,0.02236,29.0,0.02235,1592.0,0.02237,619.0,0.02238,1796.0
1753503545104,04:19:05.104,ACH/USDT:USDT,0.02236,1.0,0.02235,1330.0,0.02237,619.0,0.02238,1840.0
1753503545204,04:19:05.204,ACH/USDT:USDT,0.02236,1.0,0.02235,1330.0,0.02237,619.0,0.02238,1884.0
1753503545504,04:19:05.504,ACH/USDT:USDT,0.02236,1.0,0.02235,1233.0,0.02237,619.0,0.02238,2279.0
1753503545604,04:19:05.604,ACH/USDT:USDT,0.02236,1.0,0.02235,1233.0,0.02237,619.0,0.02238,2367.0
1753503545704,04:19:05.704,ACH/USDT:USDT,0.02236,1.0,0.02235,1233.0,0.02237,619.0,0.02238,2411.0
1753503545904,04:19:05.904,ACH/USDT:USDT,0.02236,1.0,0.02235,1233.0,0.02237,619.0,0.02238,2411.0
1753503546204,04:19:06.204,ACH/USDT:USDT,0.02236,1.0,0.02235,1233.0,0.02237,819.0,0.02238,2455.0
1753503546304,04:19:06.304,ACH/USDT:USDT,0.02236,1.0,0.02235,1233.0,0.02237,819.0,0.02238,2673.0
1753503546504,04:19:06.504,ACH/USDT:USDT,0.02236,1.0,0.02235,1233.0,0.02237,819.0,0.02238,2673.0
1753503546604,04:19:06.604,ACH/USDT:USDT,0.02236,1.0,0.02235,1233.0,0.02237,619.0,0.02238,2561.0
1753503546704,04:19:06.704,ACH/USDT:USDT,0.02236,1.0,0.02235,1255.0,0.02237,619.0,0.02238,2693.0
1753503547504,04:19:07.504,ACH/USDT:USDT,0.02236,1.0,0.02235,1255.0,0.02237,619.0,0.02238,2825.0
1753503547604,04:19:07.604,ACH/USDT:USDT,0.02236,1.0,0.02235,1255.0,0.02237,619.0,0.02238,2975.0
1753503547704,04:19:07.704,ACH/USDT:USDT,0.02236,1.0,0.02235,1255.0,0.02237,619.0,0.02238,3091.0
1753503548204,04:19:08.204,ACH/USDT:USDT,0.02236,1.0,0.02235,1255.0,0.02237,619.0,0.02238,3105.0
1753503548404,04:19:08.404,ACH/USDT:USDT,0.02236,1.0,0.02235,1255.0,0.02237,619.0,0.02238,3105.0
1753503548604,04:19:08.604,ACH/USDT:USDT,0.02236,1.0,0.02235,1277.0,0.02237,619.0,0.02238,3017.0
1753503549404,04:19:09.404,ACH/USDT:USDT,0.02236,1.0,0.02235,1277.0,0.02237,619.0,0.02238,3017.0
1753503549504,04:19:09.504,ACH/USDT:USDT,0.02236,1.0,0.02235,1277.0,0.02237,619.0,0.02238,2973.0
1753503549604,04:19:09.604,ACH/USDT:USDT,0.02236,1.0,0.02235,1277.0,0.02237,619.0,0.02238,2973.0
1753503550304,04:19:10.304,ACH/USDT:USDT,0.02236,1.0,0.02235,1085.0,0.02237,619.0,0.02238,4110.0
1753503550504,04:19:10.504,ACH/USDT:USDT,0.02236,1.0,0.02235,1085.0,0.02237,619.0,0.02238,4110.0
1753503550704,04:19:10.704,ACH/USDT:USDT,0.02236,1.0,0.02235,1129.0,0.02237,619.0,0.02238,4110.0
1753503551404,04:19:11.404,ACH/USDT:USDT,0.02236,1.0,0.02235,1129.0,0.02237,619.0,0.02238,4496.0
1753503552104,04:19:12.104,ACH/USDT:USDT,0.02236,1.0,0.02235,1129.0,0.02237,619.0,0.02238,4540.0
1753503552604,04:19:12.604,ACH/USDT:USDT,0.02236,1.0,0.02235,1196.0,0.02237,619.0,0.02238,4540.0
1753503552704,04:19:12.704,ACH/USDT:USDT,0.02236,1.0,0.02235,1195.0,0.02237,619.0,0.02238,4540.0
1753503553104,04:19:13.104,ACH/USDT:USDT,0.02236,1.0,0.02235,1196.0,0.02237,619.0,0.02238,4628.0
1753503553404,04:19:13.404,ACH/USDT:USDT,0.02236,1.0,0.02235,1197.0,0.02237,619.0,0.02238,4628.0
1753503554304,04:19:14.304,ACH/USDT:USDT,0.02236,1.0,0.02235,1198.0,0.02237,619.0,0.02238,4672.0
1753503554504,04:19:14.504,ACH/USDT:USDT,0.02236,1.0,0.02235,1198.0,0.02237,619.0,0.02238,4672.0
1753503554604,04:19:14.604,ACH/USDT:USDT,0.02236,1.0,0.02235,1199.0,0.02237,619.0,0.02238,4672.0
1753503554704,04:19:14.704,ACH/USDT:USDT,0.02236,1.0,0.02235,1199.0,0.02237,619.0,0.02238,4672.0
1753503554804,04:19:14.804,ACH/USDT:USDT,0.02236,1.0,0.02235,1199.0,0.02237,619.0,0.02238,4672.0
1753503554904,04:19:14.904,ACH/USDT:USDT,0.02236,1.0,0.02235,959.0,0.02237,619.0,0.02238,4672.0
1753503555004,04:19:15.004,ACH/USDT:USDT,0.02236,2.0,0.02235,727.0,0.02237,619.0,0.02238,4716.0
1753503555104,04:19:15.104,ACH/USDT:USDT,0.02236,2.0,0.02235,727.0,0.02237,619.0,0.02238,5334.0
1753503555204,04:19:15.204,ACH/USDT:USDT,0.02236,2.0,0.02235,486.0,0.02237,619.0,0.02238,5334.0
1753503555304,04:19:15.304,ACH/USDT:USDT,0.02236,2.0,0.02235,955.0,0.02237,619.0,0.02238,6034.0
1753503555504,04:19:15.504,ACH/USDT:USDT,0.02236,2.0,0.02235,955.0,0.02237,619.0,0.02238,6034.0
1753503555704,04:19:15.704,ACH/USDT:USDT,0.02236,2.0,0.02235,955.0,0.02237,619.0,0.02238,6034.0
1753503555804,04:19:15.804,ACH/USDT:USDT,0.02236,2.0,0.02235,955.0,0.02237,619.0,0.02238,6034.0
1753503556204,04:19:16.204,ACH/USDT:USDT,0.02236,2.0,0.02235,977.0,0.02237,619.0,0.02238,6034.0
1753503556404,04:19:16.404,ACH/USDT:USDT,0.02236,2.0,0.02235,999.0,0.02237,619.0,0.02238,6078.0
1753503556604,04:19:16.604,ACH/USDT:USDT,0.02236,2.0,0.02235,999.0,0.02237,619.0,0.02238,6078.0
1753503556704,04:19:16.704,ACH/USDT:USDT,0.02236,2.0,0.02235,999.0,0.02237,624.0,0.02238,6074.0
1753503556904,04:19:16.904,ACH/USDT:USDT,0.02236,3.0,0.02235,1021.0,0.02237,624.0,0.02238,6074.0
1753503557104,04:19:17.104,ACH/USDT:USDT,0.02236,3.0,0.02235,1021.0,0.02237,624.0,0.02238,6074.0
1753503557204,04:19:17.204,ACH/USDT:USDT,0.02236,3.0,0.02235,1021.0,0.02237,624.0,0.02238,6074.0
1753503557504,04:19:17.504,ACH/USDT:USDT,0.02236,3.0,0.02235,1044.0,0.02237,624.0,0.02238,6074.0
1753503557604,04:19:17.604,ACH/USDT:USDT,0.02236,3.0,0.02235,1022.0,0.02237,624.0,0.02238,6074.0
1753503557704,04:19:17.704,ACH/USDT:USDT,0.02236,2.0,0.02235,1022.0,0.02237,624.0,0.02238,6074.0
1753503558004,04:19:18.004,ACH/USDT:USDT,0.02236,3.0,0.02235,1022.0,0.02237,624.0,0.02238,6074.0
1753503558204,04:19:18.204,ACH/USDT:USDT,0.02236,3.0,0.02235,1066.0,0.02237,624.0,0.02238,6074.0
1753503558304,04:19:18.304,ACH/USDT:USDT,0.02236,3.0,0.02235,1066.0,0.02237,624.0,0.02238,6074.0
1753503558704,04:19:18.704,ACH/USDT:USDT,0.02236,2.0,0.02235,1067.0,0.02237,624.0,0.02238,6074.0
1753503559504,04:19:19.504,ACH/USDT:USDT,0.02236,1.0,0.02235,1069.0,0.02237,774.0,0.02238,5924.0
1753503559704,04:19:19.704,ACH/USDT:USDT,0.02236,1.0,0.02235,1069.0,0.02237,774.0,0.02238,5924.0
1753503560104,04:19:20.104,ACH/USDT:USDT,0.02236,3.0,0.02235,1069.0,0.02237,763.0,0.02238,5924.0
1753503560304,04:19:20.304,ACH/USDT:USDT,0.02236,2.0,0.02235,1069.0,0.02237,774.0,0.02238,5924.0
1753503560504,04:19:20.504,ACH/USDT:USDT,0.02236,2.0,0.02235,1069.0,0.02237,774.0,0.02238,5924.0
1753503560604,04:19:20.604,ACH/USDT:USDT,0.02236,2.0,0.02235,1069.0,0.02237,774.0,0.02238,5928.0
1753503561704,04:19:21.704,ACH/USDT:USDT,0.02236,2.0,0.02235,1069.0,0.02237,774.0,0.02238,5928.0
1753503561804,04:19:21.804,ACH/USDT:USDT,0.02236,3.0,0.02235,1069.0,0.02237,774.0,0.02238,5928.0
1753503561904,04:19:21.904,ACH/USDT:USDT,0.02236,3.0,0.02235,1069.0,0.02237,774.0,0.02238,5928.0
1753503562304,04:19:22.304,ACH/USDT:USDT,0.02236,3.0,0.02235,1069.0,0.02237,733.0,0.02238,5928.0
1753503562404,04:19:22.404,ACH/USDT:USDT,0.02236,3.0,0.02235,1069.0,0.02237,763.0,0.02238,5928.0
1753503563104,04:19:23.104,ACH/USDT:USDT,0.02236,3.0,0.02235,1069.0,0.02237,774.0,0.02238,5928.0
1753503564304,04:19:24.304,ACH/USDT:USDT,0.02236,3.0,0.02235,1070.0,0.02237,774.0,0.02238,5808.0
1753503565304,04:19:25.304,ACH/USDT:USDT,0.02236,2.0,0.02235,1070.0,0.02237,745.0,0.02238,5764.0
1753503565504,04:19:25.504,ACH/USDT:USDT,0.02236,2.0,0.02235,1070.0,0.02237,734.0,0.02238,5764.0
1753503566104,04:19:26.104,ACH/USDT:USDT,0.02236,2.0,0.02235,1070.0,0.02237,734.0,0.02238,5942.0
1753503566604,04:19:26.604,ACH/USDT:USDT,0.02236,3.0,0.02235,1070.0,0.02237,734.0,0.02238,5942.0
1753503568604,04:19:28.604,ACH/USDT:USDT,0.02236,2.0,0.02235,1070.0,0.02237,734.0,0.02238,5942.0
1753503568904,04:19:28.904,ACH/USDT:USDT,0.02236,2.0,0.02235,1070.0,0.02237,775.0,0.02238,5942.0
1753503569204,04:19:29.204,ACH/USDT:USDT,0.02236,2.0,0.02235,1070.0,0.02237,747.0,0.02238,5942.0
1753503569404,04:19:29.404,ACH/USDT:USDT,0.02236,2.0,0.02235,1070.0,0.02237,747.0,0.02238,5942.0
1753503570104,04:19:30.104,ACH/USDT:USDT,0.02236,2.0,0.02235,1070.0,0.02237,777.0,0.02238,5942.0
1753503570704,04:19:30.704,ACH/USDT:USDT,0.02236,2.0,0.02235,1070.0,0.02237,777.0,0.02238,5764.0
1753503571204,04:19:31.204,ACH/USDT:USDT,0.02236,3.0,0.02235,1070.0,0.02237,747.0,0.02238,5764.0
1753503571304,04:19:31.304,ACH/USDT:USDT,0.02236,2.0,0.02235,1070.0,0.02237,747.0,0.02238,5764.0
1753503571604,04:19:31.604,ACH/USDT:USDT,0.02236,3.0,0.02235,1070.0,0.02237,747.0,0.02238,5764.0
1753503571704,04:19:31.704,ACH/USDT:USDT,0.02236,2.0,0.02235,1070.0,0.02237,777.0,0.02238,5764.0
1753503571804,04:19:31.804,ACH/USDT:USDT,0.02235,528.0,0.02234,1682.0,0.02236,709.0,0.02237,2253.0
1753503572104,04:19:32.104,ACH/USDT:USDT,0.02235,569.0,0.02234,1682.0,0.02236,1104.0,0.02237,2253.0
1753503572204,04:19:32.204,ACH/USDT:USDT,0.02235,569.0,0.02234,1682.0,0.02236,1104.0,0.02237,2253.0
1753503572304,04:19:32.304,ACH/USDT:USDT,0.02235,713.0,0.02234,1557.0,0.02236,1104.0,0.02237,1702.0
1753503572404,04:19:32.404,ACH/USDT:USDT,0.02235,713.0,0.02234,1557.0,0.02236,898.0,0.02237,1588.0
1753503572504,04:19:32.504,ACH/USDT:USDT,0.02235,713.0,0.02234,1557.0,0.02236,898.0,0.02237,1588.0
1753503572604,04:19:32.604,ACH/USDT:USDT,0.02235,713.0,0.02234,1557.0,0.02236,898.0,0.02237,1544.0
1753503572804,04:19:32.804,ACH/USDT:USDT,0.02235,672.0,0.02234,1557.0,0.02236,898.0,0.02237,1500.0
1753503573104,04:19:33.104,ACH/USDT:USDT,0.02235,672.0,0.02234,1557.0,0.02236,503.0,0.02237,1851.0
1753503573204,04:19:33.204,ACH/USDT:USDT,0.02235,672.0,0.02234,1557.0,0.02236,503.0,0.02237,1851.0
1753503573304,04:19:33.304,ACH/USDT:USDT,0.02235,672.0,0.02234,1557.0,0.02236,503.0,0.02237,1807.0
1753503573804,04:19:33.804,ACH/USDT:USDT,0.02235,672.0,0.02234,1557.0,0.02236,503.0,0.02237,1807.0
1753503574004,04:19:34.004,ACH/USDT:USDT,0.02235,671.0,0.02234,1601.0,0.02236,709.0,0.02237,1807.0
1753503574404,04:19:34.404,ACH/USDT:USDT,0.02235,712.0,0.02234,1601.0,0.02236,709.0,0.02237,1807.0
1753503575104,04:19:35.104,ACH/USDT:USDT,0.02235,671.0,0.02234,1601.0,0.02236,709.0,0.02237,1807.0
1753503575304,04:19:35.304,ACH/USDT:USDT,0.02235,712.0,0.02234,1601.0,0.02236,709.0,0.02237,1807.0
1753503575504,04:19:35.504,ACH/USDT:USDT,0.02235,671.0,0.02234,1601.0,0.02236,709.0,0.02237,1807.0
1753503575804,04:19:35.804,ACH/USDT:USDT,0.02235,712.0,0.02234,1601.0,0.02236,503.0,0.02237,1764.0
1753503576404,04:19:36.404,ACH/USDT:USDT,0.02235,712.0,0.02234,1601.0,0.02236,503.0,0.02237,1764.0
1753503576904,04:19:36.904,ACH/USDT:USDT,0.02235,712.0,0.02234,1314.0,0.02236,503.0,0.02237,1764.0
1753503578704,04:19:38.704,ACH/USDT:USDT,0.02235,671.0,0.02234,1314.0,0.02236,503.0,0.02237,1764.0
1753503578804,04:19:38.804,ACH/USDT:USDT,0.02235,671.0,0.02234,1314.0,0.02236,503.0,0.02237,1764.0
1753503580104,04:19:40.104,ACH/USDT:USDT,0.02235,712.0,0.02234,1314.0,0.02236,503.0,0.02237,1764.0
1753503580704,04:19:40.704,ACH/USDT:USDT,0.02235,712.0,0.02234,1314.0,0.02236,334.0,0.02237,1764.0
1753503580804,04:19:40.804,ACH/USDT:USDT,0.02235,712.0,0.02234,1314.0,0.02236,334.0,0.02237,1764.0
1753503580904,04:19:40.904,ACH/USDT:USDT,0.02235,712.0,0.02234,1314.0,0.02236,334.0,0.02237,1882.0
1753503581204,04:19:41.204,ACH/USDT:USDT,0.02235,712.0,0.02234,1314.0,0.02236,452.0,0.02237,1764.0
1753503584404,04:19:44.404,ACH/USDT:USDT,0.02235,671.0,0.02234,1270.0,0.02236,699.0,0.02237,1723.0
1753503584904,04:19:44.904,ACH/USDT:USDT,0.02235,671.0,0.02234,1270.0,0.02236,669.0,0.02237,1723.0
1753503586504,04:19:46.504,ACH/USDT:USDT,0.02235,297.0,0.02234,1270.0,0.02236,699.0,0.02237,1811.0
1753503586604,04:19:46.604,ACH/USDT:USDT,0.02235,297.0,0.02234,1404.0,0.02236,699.0,0.02237,1811.0
1753503586804,04:19:46.804,ACH/USDT:USDT,0.02235,297.0,0.02234,1404.0,0.02236,699.0,0.02237,1854.0
1753503587104,04:19:47.104,ACH/USDT:USDT,0.02235,297.0,0.02234,1404.0,0.02236,699.0,0.02237,1854.0
1753503587404,04:19:47.404,ACH/USDT:USDT,0.02234,1056.0,0.02233,3557.0,0.02235,29.0,0.02236,1240.0
1753503587504,04:19:47.504,ACH/USDT:USDT,0.02234,1049.0,0.02233,3626.0,0.02235,29.0,0.02236,1229.0
1753503587604,04:19:47.604,ACH/USDT:USDT,0.02234,1079.0,0.02233,3669.0,0.02235,29.0,0.02236,1229.0
1753503588204,04:19:48.204,ACH/USDT:USDT,0.02234,1049.0,0.02233,3801.0,0.02235,29.0,0.02236,1229.0
1753503588304,04:19:48.304,ACH/USDT:USDT,0.02234,1049.0,0.02233,4018.0,0.02235,29.0,0.02236,1229.0
1753503588904,04:19:48.904,ACH/USDT:USDT,0.02234,1049.0,0.02233,3931.0,0.02235,29.0,0.02236,1229.0
1753503589704,04:19:49.704,ACH/USDT:USDT,0.02234,767.0,0.02233,2434.0,0.02235,143.0,0.02236,1465.0
1753503590004,04:19:50.004,ACH/USDT:USDT,0.02234,767.0,0.02233,2434.0,0.02235,143.0,0.02236,1465.0
1753503590104,04:19:50.104,ACH/USDT:USDT,0.02234,767.0,0.02233,2434.0,0.02235,143.0,0.02236,1465.0
1753503590204,04:19:50.204,ACH/USDT:USDT,0.02234,767.0,0.02233,2434.0,0.02235,184.0,0.02236,1465.0
1753503590304,04:19:50.304,ACH/USDT:USDT,0.02234,767.0,0.02233,2390.0,0.02235,184.0,0.02236,1465.0
1753503590404,04:19:50.404,ACH/USDT:USDT,0.02234,767.0,0.02233,2347.0,0.02235,184.0,0.02236,1465.0
1753503590604,04:19:50.604,ACH/USDT:USDT,0.02234,767.0,0.02233,2347.0,0.02235,143.0,0.02236,1465.0
1753503590804,04:19:50.804,ACH/USDT:USDT,0.02234,767.0,0.02233,2347.0,0.02235,143.0,0.02236,1465.0
1753503590904,04:19:50.904,ACH/USDT:USDT,0.02234,767.0,0.02233,2347.0,0.02235,143.0,0.02236,1465.0
1753503591004,04:19:51.004,ACH/USDT:USDT,0.02234,767.0,0.02233,2347.0,0.02235,143.0,0.02236,1465.0
1753503591504,04:19:51.504,ACH/USDT:USDT,0.02234,830.0,0.02233,2304.0,0.02235,27.0,0.02236,1203.0
1753503591604,04:19:51.604,ACH/USDT:USDT,0.02234,800.0,0.02233,2304.0,0.02235,29.0,0.02236,1203.0
1753503592304,04:19:52.304,ACH/USDT:USDT,0.02234,800.0,0.02233,2519.0,0.02235,29.0,0.02236,1203.0
1753503592504,04:19:52.504,ACH/USDT:USDT,0.02234,800.0,0.02233,2519.0,0.02235,29.0,0.02236,1203.0
1753503592804,04:19:52.804,ACH/USDT:USDT,0.02234,800.0,0.02233,2519.0,0.02235,2.0,0.02236,1203.0
1753503593004,04:19:53.004,ACH/USDT:USDT,0.02234,1048.0,0.02233,2434.0,0.02235,141.0,0.02236,1591.0
1753503593304,04:19:53.304,ACH/USDT:USDT,0.02234,1048.0,0.02233,2434.0,0.02235,141.0,0.02236,1595.0
1753503593404,04:19:53.404,ACH/USDT:USDT,0.02234,1059.0,0.02233,2580.0,0.02235,28.0,0.02236,1595.0
1753503593504,04:19:53.504,ACH/USDT:USDT,0.02234,1089.0,0.02233,2970.0,0.02235,28.0,0.02236,1333.0
1753503593604,04:19:53.604,ACH/USDT:USDT,0.02234,1089.0,0.02233,3013.0,0.02235,28.0,0.02236,1333.0
1753503593804,04:19:53.804,ACH/USDT:USDT,0.02234,1089.0,0.02233,3101.0,0.02235,28.0,0.02236,1333.0
1753503593904,04:19:53.904,ACH/USDT:USDT,0.02234,1089.0,0.02233,2972.0,0.02235,28.0,0.02236,1333.0
1753503594204,04:19:54.204,ACH/USDT:USDT,0.02234,1089.0,0.02233,2972.0,0.02235,28.0,0.02236,1333.0
1753503594304,04:19:54.304,ACH/USDT:USDT,0.02234,1089.0,0.02233,3016.0,0.02235,28.0,0.02236,1333.0
1753503594504,04:19:54.504,ACH/USDT:USDT,0.02234,1089.0,0.02233,3060.0,0.02235,28.0,0.02236,1333.0
1753503594704,04:19:54.704,ACH/USDT:USDT,0.02234,1089.0,0.02233,3060.0,0.02235,28.0,0.02236,1333.0
1753503594804,04:19:54.804,ACH/USDT:USDT,0.02234,1059.0,0.02233,3016.0,0.02235,28.0,0.02236,1333.0
1753503594904,04:19:54.904,ACH/USDT:USDT,0.02234,1059.0,0.02233,2972.0,0.02235,28.0,0.02236,1333.0
1753503595304,04:19:55.304,ACH/USDT:USDT,0.02234,1048.0,0.02233,2652.0,0.02235,28.0,0.02236,1595.0
1753503595704,04:19:55.704,ACH/USDT:USDT,0.02234,1059.0,0.02233,2652.0,0.02235,28.0,0.02236,1595.0
1753503595804,04:19:55.804,ACH/USDT:USDT,0.02234,1089.0,0.02233,2652.0,0.02235,28.0,0.02236,1595.0
1753503596204,04:19:56.204,ACH/USDT:USDT,0.02234,1059.0,0.02233,2652.0,0.02235,28.0,0.02236,1333.0
1753503596604,04:19:56.604,ACH/USDT:USDT,0.02234,1059.0,0.02233,2695.0,0.02235,28.0,0.02236,1333.0
1753503598004,04:19:58.004,ACH/USDT:USDT,0.02234,1089.0,0.02233,2737.0,0.02235,28.0,0.02236,1595.0
1753503598104,04:19:58.104,ACH/USDT:USDT,0.02234,1089.0,0.02233,2883.0,0.02235,28.0,0.02236,1333.0
1753503598304,04:19:58.304,ACH/USDT:USDT,0.02234,1111.0,0.02233,2971.0,0.02235,28.0,0.02236,1333.0
1753503598504,04:19:58.504,ACH/USDT:USDT,0.02234,1111.0,0.02233,2971.0,0.02235,28.0,0.02236,1333.0
1753503599404,04:19:59.404,ACH/USDT:USDT,0.02234,1111.0,0.02233,3014.0,0.02235,28.0,0.02236,1333.0
1753503600004,04:20:00.004,ACH/USDT:USDT,0.02234,1111.0,0.02233,3014.0,0.02235,28.0,0.02236,1333.0
1753503600104,04:20:00.104,ACH/USDT:USDT,0.02235,113.0,0.02234,1432.0,0.02236,632.0,0.02237,2162.0
1753503600204,04:20:00.204,ACH/USDT:USDT,0.02235,140.0,0.02234,1334.0,0.02236,690.0,0.02237,2630.0
1753503600404,04:20:00.404,ACH/USDT:USDT,0.02235,140.0,0.02234,1334.0,0.02236,690.0,0.02237,2630.0
1753503600904,04:20:00.904,ACH/USDT:USDT,0.02235,115.0,0.02234,1334.0,0.02236,690.0,0.02237,2630.0
1753503601004,04:20:01.004,ACH/USDT:USDT,0.02234,1380.0,0.02233,1893.0,0.02236,690.0,0.02237,2630.0
1753503601104,04:20:01.104,ACH/USDT:USDT,0.02234,1038.0,0.02233,3582.0,0.02235,31.0,0.02236,1231.0
1753503601204,04:20:01.204,ACH/USDT:USDT,0.02234,1051.0,0.02233,2404.0,0.02236,900.0,0.02237,1731.0
1753503601304,04:20:01.304,ACH/USDT:USDT,0.02234,1051.0,0.02233,2130.0,0.02236,929.0,0.02237,1817.0
1753503601404,04:20:01.404,ACH/USDT:USDT,0.02234,1054.0,0.02233,2130.0,0.02236,929.0,0.02237,1861.0
1753503601504,04:20:01.504,ACH/USDT:USDT,0.02234,1054.0,0.02233,2130.0,0.02236,929.0,0.02237,1861.0
1753503601604,04:20:01.604,ACH/USDT:USDT,0.02235,27.0,0.02234,1497.0,0.02236,692.0,0.02237,2363.0
1753503601704,04:20:01.704,ACH/USDT:USDT,0.02235,27.0,0.02234,1596.0,0.02236,692.0,0.02237,2757.0
1753503601904,04:20:01.904,ACH/USDT:USDT,0.02235,22.0,0.02234,1596.0,0.02236,692.0,0.02237,2757.0
1753503602104,04:20:02.104,ACH/USDT:USDT,0.02235,136.0,0.02234,1346.0,0.02236,692.0,0.02237,2933.0
1753503602204,04:20:02.204,ACH/USDT:USDT,0.02235,136.0,0.02234,1335.0,0.02236,692.0,0.02237,2933.0
1753503602404,04:20:02.404,ACH/USDT:USDT,0.02235,136.0,0.02234,1335.0,0.02236,692.0,0.02237,2974.0
1753503602604,04:20:02.604,ACH/USDT:USDT,0.02235,136.0,0.02234,1335.0,0.02236,692.0,0.02237,2974.0
1753503602704,04:20:02.704,ACH/USDT:USDT,0.02235,136.0,0.02234,1335.0,0.02236,692.0,0.02237,2974.0
1753503602804,04:20:02.804,ACH/USDT:USDT,0.02235,136.0,0.02234,1335.0,0.02236,692.0,0.02237,2974.0
1753503603004,04:20:03.004,ACH/USDT:USDT,0.02235,136.0,0.02234,1307.0,0.02236,692.0,0.02237,2974.0
1753503603104,04:20:03.104,ACH/USDT:USDT,0.02235,136.0,0.02234,1307.0,0.02236,692.0,0.02237,2930.0
1753503603304,04:20:03.304,ACH/USDT:USDT,0.02235,136.0,0.02234,1307.0,0.02236,692.0,0.02237,2886.0
1753503603404,04:20:03.404,ACH/USDT:USDT,0.02235,136.0,0.02234,1307.0,0.02236,703.0,0.02237,2886.0
1753503603604,04:20:03.604,ACH/USDT:USDT,0.02235,136.0,0.02234,1307.0,0.02236,692.0,0.02237,2886.0
1753503603904,04:20:03.904,ACH/USDT:USDT,0.02235,136.0,0.02234,1307.0,0.02236,692.0,0.02237,2798.0
1753503604104,04:20:04.104,ACH/USDT:USDT,0.02235,136.0,0.02234,1307.0,0.02236,692.0,0.02237,2713.0
1753503604304,04:20:04.304,ACH/USDT:USDT,0.02235,136.0,0.02234,1307.0,0.02236,692.0,0.02237,2626.0
1753503604404,04:20:04.404,ACH/USDT:USDT,0.02235,136.0,0.02234,1307.0,0.02236,692.0,0.02237,2582.0
1753503604704,04:20:04.704,ACH/USDT:USDT,0.02235,136.0,0.02234,1304.0,0.02236,692.0,0.02237,2582.0
1753503604804,04:20:04.804,ACH/USDT:USDT,0.02235,139.0,0.02234,1304.0,0.02236,692.0,0.02237,2582.0
1753503605004,04:20:05.004,ACH/USDT:USDT,0.02235,139.0,0.02234,1304.0,0.02236,703.0,0.02237,2582.0
1753503605104,04:20:05.104,ACH/USDT:USDT,0.02235,139.0,0.02234,1304.0,0.02236,703.0,0.02237,2582.0
1753503605204,04:20:05.204,ACH/USDT:USDT,0.02235,139.0,0.02234,1304.0,0.02236,703.0,0.02237,2626.0
1753503605404,04:20:05.404,ACH/USDT:USDT,0.02235,139.0,0.02234,1304.0,0.02236,703.0,0.02237,2626.0
1753503605504,04:20:05.504,ACH/USDT:USDT,0.02235,139.0,0.02234,1304.0,0.02236,703.0,0.02237,2626.0
1753503605604,04:20:05.604,ACH/USDT:USDT,0.02235,139.0,0.02234,1304.0,0.02236,703.0,0.02237,2639.0
1753503606604,04:20:06.604,ACH/USDT:USDT,0.02235,139.0,0.02234,1304.0,0.02236,703.0,0.02237,2551.0
1753503606704,04:20:06.704,ACH/USDT:USDT,0.02235,139.0,0.02234,1304.0,0.02236,703.0,0.02237,2551.0
1753503606904,04:20:06.904,ACH/USDT:USDT,0.02235,139.0,0.02234,1304.0,0.02236,703.0,0.02237,2595.0
1753503607004,04:20:07.004,ACH/USDT:USDT,0.02235,119.0,0.02234,1304.0,0.02236,703.0,0.02237,2651.0
1753503607104,04:20:07.104,ACH/USDT:USDT,0.02235,119.0,0.02234,1304.0,0.02236,703.0,0.02237,2695.0
1753503607204,04:20:07.204,ACH/USDT:USDT,0.02235,119.0,0.02234,1304.0,0.02236,703.0,0.02237,2695.0
1753503607304,04:20:07.304,ACH/USDT:USDT,0.02235,119.0,0.02234,1304.0,0.02236,703.0,0.02237,2782.0
1753503607404,04:20:07.404,ACH/USDT:USDT,0.02235,119.0,0.02234,1304.0,0.02236,703.0,0.02237,2782.0
1753503608004,04:20:08.004,ACH/USDT:USDT,0.02235,119.0,0.02234,1304.0,0.02236,703.0,0.02237,2870.0
1753503608204,04:20:08.204,ACH/USDT:USDT,0.02235,119.0,0.02234,1304.0,0.02236,703.0,0.02237,3502.0
1753503608504,04:20:08.504,ACH/USDT:USDT,0.02235,119.0,0.02234,1304.0,0.02236,703.0,0.02237,3546.0
1753503608604,04:20:08.604,ACH/USDT:USDT,0.02235,119.0,0.02234,1304.0,0.02236,703.0,0.02237,2958.0
1753503608804,04:20:08.804,ACH/USDT:USDT,0.02235,119.0,0.02234,1304.0,0.02236,703.0,0.02237,2914.0
1753503608904,04:20:08.904,ACH/USDT:USDT,0.02235,119.0,0.02234,1304.0,0.02236,703.0,0.02237,2914.0
1753503609404,04:20:09.404,ACH/USDT:USDT,0.02235,3.0,0.02234,1415.0,0.02236,703.0,0.02237,2914.0
1753503609904,04:20:09.904,ACH/USDT:USDT,0.02235,3.0,0.02234,1415.0,0.02236,703.0,0.02237,2914.0
1753503610004,04:20:10.004,ACH/USDT:USDT,0.02235,117.0,0.02234,1416.0,0.02236,703.0,0.02237,2914.0
1753503610104,04:20:10.104,ACH/USDT:USDT,0.02235,119.0,0.02234,1304.0,0.02236,703.0,0.02237,2914.0
1753503610204,04:20:10.204,ACH/USDT:USDT,0.02235,119.0,0.02234,1304.0,0.02236,703.0,0.02237,3002.0
1753503611304,04:20:11.304,ACH/USDT:USDT,0.02235,119.0,0.02234,1304.0,0.02236,703.0,0.02237,2946.0
1753503611804,04:20:11.804,ACH/USDT:USDT,0.02235,143.0,0.02234,1304.0,0.02236,660.0,0.02237,2818.0
1753503612304,04:20:12.304,ACH/USDT:USDT,0.02235,143.0,0.02234,1304.0,0.02236,703.0,0.02237,2638.0
1753503612504,04:20:12.504,ACH/USDT:USDT,0.02235,143.0,0.02234,1304.0,0.02236,703.0,0.02237,2550.0
1753503612704,04:20:12.704,ACH/USDT:USDT,0.02235,143.0,0.02234,1304.0,0.02236,703.0,0.02237,2524.0
1753503613204,04:20:13.204,ACH/USDT:USDT,0.02235,143.0,0.02234,1304.0,0.02236,703.0,0.02237,2524.0
1753503613404,04:20:13.404,ACH/USDT:USDT,0.02235,442.0,0.02234,1214.0,0.02236,458.0,0.02237,2073.0
1753503613504,04:20:13.504,ACH/USDT:USDT,0.02235,442.0,0.02234,1214.0,0.02236,458.0,0.02237,2073.0
1753503613704,04:20:13.704,ACH/USDT:USDT,0.02235,470.0,0.02234,1214.0,0.02236,458.0,0.02237,2029.0
1753503614004,04:20:14.004,ACH/USDT:USDT,0.02235,470.0,0.02234,1214.0,0.02236,458.0,0.02237,2029.0
1753503614104,04:20:14.104,ACH/USDT:USDT,0.02235,442.0,0.02234,1214.0,0.02236,458.0,0.02237,2029.0
1753503614204,04:20:14.204,ACH/USDT:USDT,0.02235,442.0,0.02234,1214.0,0.02236,458.0,0.02237,1810.0
1753503614304,04:20:14.304,ACH/USDT:USDT,0.02235,442.0,0.02234,1214.0,0.02236,458.0,0.02237,1723.0
1753503614904,04:20:14.904,ACH/USDT:USDT,0.02235,442.0,0.02234,1214.0,0.02236,458.0,0.02237,1723.0
1753503615604,04:20:15.604,ACH/USDT:USDT,0.02235,470.0,0.02234,1214.0,0.02236,458.0,0.02237,1723.0
1753503616004,04:20:16.004,ACH/USDT:USDT,0.02235,470.0,0.02234,1214.0,0.02236,458.0,0.02237,1723.0
1753503616504,04:20:16.504,ACH/USDT:USDT,0.02235,264.0,0.02234,1170.0,0.02236,703.0,0.02237,1723.0
1753503616604,04:20:16.604,ACH/USDT:USDT,0.02235,264.0,0.02234,1170.0,0.02236,664.0,0.02237,1723.0
1753503617204,04:20:17.204,ACH/USDT:USDT,0.02235,264.0,0.02234,1170.0,0.02236,703.0,0.02237,1767.0
1753503617304,04:20:17.304,ACH/USDT:USDT,0.02235,264.0,0.02234,1170.0,0.02236,703.0,0.02237,1810.0
1753503617404,04:20:17.404,ACH/USDT:USDT,0.02235,264.0,0.02234,1159.0,0.02236,703.0,0.02237,1810.0
1753503617504,04:20:17.504,ACH/USDT:USDT,0.02235,264.0,0.02234,1159.0,0.02236,703.0,0.02237,1897.0
1753503617604,04:20:17.604,ACH/USDT:USDT,0.02235,169.0,0.02234,1159.0,0.02236,664.0,0.02237,1897.0
1753503617704,04:20:17.704,ACH/USDT:USDT,0.02235,182.0,0.02234,1291.0,0.02236,664.0,0.02237,1897.0
1753503618004,04:20:18.004,ACH/USDT:USDT,0.02235,182.0,0.02234,1683.0,0.02236,664.0,0.02237,1897.0
1753503618204,04:20:18.204,ACH/USDT:USDT,0.02235,182.0,0.02234,1683.0,0.02236,664.0,0.02237,1853.0
1753503618504,04:20:18.504,ACH/USDT:USDT,0.02235,182.0,0.02234,1683.0,0.02236,664.0,0.02237,1853.0
1753503619504,04:20:19.504,ACH/USDT:USDT,0.02235,154.0,0.02234,1683.0,0.02236,664.0,0.02237,1853.0
1753503620504,04:20:20.504,ACH/USDT:USDT,0.02235,321.0,0.02234,1551.0,0.02236,666.0,0.02237,1852.0
1753503621104,04:20:21.104,ACH/USDT:USDT,0.02235,321.0,0.02234,1595.0,0.02236,666.0,0.02237,1852.0
1753503621204,04:20:21.204,ACH/USDT:USDT,0.02235,293.0,0.02234,1595.0,0.02236,666.0,0.02237,1852.0
1753503621404,04:20:21.404,ACH/USDT:USDT,0.02235,293.0,0.02234,1595.0,0.02236,694.0,0.02237,1809.0
1753503621504,04:20:21.504,ACH/USDT:USDT,0.02235,293.0,0.02234,1551.0,0.02236,694.0,0.02237,1809.0
1753503622304,04:20:22.304,ACH/USDT:USDT,0.02235,282.0,0.02234,1551.0,0.02236,713.0,0.02237,1802.0
1753503622504,04:20:22.504,ACH/USDT:USDT,0.02235,143.0,0.02234,1551.0,0.02236,713.0,0.02237,1802.0
1753503622804,04:20:22.804,ACH/USDT:USDT,0.02235,143.0,0.02234,1551.0,0.02236,713.0,0.02237,1802.0
1753503623904,04:20:23.904,ACH/USDT:USDT,0.02235,143.0,0.02234,1405.0,0.02236,713.0,0.02237,1845.0
1753503626904,04:20:26.904,ACH/USDT:USDT,0.02235,182.0,0.02234,1405.0,0.02236,674.0,0.02237,1715.0
1753503627304,04:20:27.304,ACH/USDT:USDT,0.02235,532.0,0.02234,1308.0,0.02236,237.0,0.02237,1569.0
1753503628304,04:20:28.304,ACH/USDT:USDT,0.02235,532.0,0.02234,1308.0,0.02236,237.0,0.02237,1569.0
1753503628404,04:20:28.404,ACH/USDT:USDT,0.02235,532.0,0.02234,1308.0,0.02236,237.0,0.02237,1569.0
1753503631904,04:20:31.904,ACH/USDT:USDT,0.02235,532.0,0.02234,1308.0,0.02236,237.0,0.02237,1569.0
1753503632004,04:20:32.004,ACH/USDT:USDT,0.02235,532.0,0.02234,1308.0,0.02236,237.0,0.02237,1569.0
1753503633004,04:20:33.004,ACH/USDT:USDT,0.02235,532.0,0.02234,1639.0,0.02236,237.0,0.02237,1569.0
1753503633104,04:20:33.104,ACH/USDT:USDT,0.02235,532.0,0.02234,1639.0,0.02236,237.0,0.02237,1569.0
1753503633604,04:20:33.604,ACH/USDT:USDT,0.02235,554.0,0.02234,1639.0,0.02236,237.0,0.02237,1569.0
1753503636204,04:20:36.204,ACH/USDT:USDT,0.02235,348.0,0.02234,1595.0,0.02236,443.0,0.02237,2090.0
1753503636504,04:20:36.504,ACH/USDT:USDT,0.02235,193.0,0.02234,1551.0,0.02236,443.0,0.02237,1569.0
1753503636604,04:20:36.604,ACH/USDT:USDT,0.02235,165.0,0.02234,1676.0,0.02236,482.0,0.02237,1569.0
1753503636904,04:20:36.904,ACH/USDT:USDT,0.02235,193.0,0.02234,1676.0,0.02236,471.0,0.02237,1569.0
1753503637404,04:20:37.404,ACH/USDT:USDT,0.02235,165.0,0.02234,1676.0,0.02236,483.0,0.02237,1569.0
1753503637904,04:20:37.904,ACH/USDT:USDT,0.02235,187.0,0.02234,1676.0,0.02236,483.0,0.02237,1569.0
1753503638604,04:20:38.604,ACH/USDT:USDT,0.02235,187.0,0.02234,1676.0,0.02236,483.0,0.02237,1566.0
1753503638704,04:20:38.704,ACH/USDT:USDT,0.02235,187.0,0.02234,1676.0,0.02236,483.0,0.02237,1566.0
1753503639104,04:20:39.104,ACH/USDT:USDT,0.02235,187.0,0.02234,1676.0,0.02236,483.0,0.02237,1610.0
1753503639304,04:20:39.304,ACH/USDT:USDT,0.02235,187.0,0.02234,1676.0,0.02236,483.0,0.02237,1654.0
1753503639504,04:20:39.504,ACH/USDT:USDT,0.02235,73.0,0.02234,1676.0,0.02236,483.0,0.02237,1785.0
1753503639604,04:20:39.604,ACH/USDT:USDT,0.02235,73.0,0.02234,1676.0,0.02236,483.0,0.02237,1785.0
1753503639704,04:20:39.704,ACH/USDT:USDT,0.02235,117.0,0.02234,1676.0,0.02236,483.0,0.02237,1829.0
1753503639904,04:20:39.904,ACH/USDT:USDT,0.02235,117.0,0.02234,1676.0,0.02236,483.0,0.02237,1872.0
1753503640304,04:20:40.304,ACH/USDT:USDT,0.02235,117.0,0.02234,1676.0,0.02236,472.0,0.02237,2047.0
1753503640604,04:20:40.604,ACH/USDT:USDT,0.02235,117.0,0.02234,1676.0,0.02236,472.0,0.02237,2047.0
1753503641504,04:20:41.504,ACH/USDT:USDT,0.02235,139.0,0.02234,1676.0,0.02236,483.0,0.02237,2135.0
1753503641604,04:20:41.604,ACH/USDT:USDT,0.02235,139.0,0.02234,1676.0,0.02236,483.0,0.02237,2205.0
1753503642104,04:20:42.104,ACH/USDT:USDT,0.02235,184.0,0.02234,1676.0,0.02236,444.0,0.02237,2205.0
1753503642304,04:20:42.304,ACH/USDT:USDT,0.02235,160.0,0.02234,1676.0,0.02236,599.0,0.02237,2336.0
1753503642704,04:20:42.704,ACH/USDT:USDT,0.02235,160.0,0.02234,1676.0,0.02236,599.0,0.02237,2860.0
1753503642904,04:20:42.904,ACH/USDT:USDT,0.02235,161.0,0.02234,1676.0,0.02236,599.0,0.02237,2904.0
1753503643004,04:20:43.004,ACH/USDT:USDT,0.02235,161.0,0.02234,1676.0,0.02236,599.0,0.02237,3036.0
1753503643204,04:20:43.204,ACH/USDT:USDT,0.02235,162.0,0.02234,1676.0,0.02236,599.0,0.02237,3036.0
1753503643504,04:20:43.504,ACH/USDT:USDT,0.02235,257.0,0.02234,1676.0,0.02236,588.0,0.02237,3109.0
1753503643604,04:20:43.604,ACH/USDT:USDT,0.02235,257.0,0.02234,1676.0,0.02236,560.0,0.02237,3109.0
1753503644104,04:20:44.104,ACH/USDT:USDT,0.02235,279.0,0.02234,1676.0,0.02236,560.0,0.02237,2995.0
1753503644404,04:20:44.404,ACH/USDT:USDT,0.02235,281.0,0.02234,1389.0,0.02236,560.0,0.02237,2995.0
1753503645204,04:20:45.204,ACH/USDT:USDT,0.02235,309.0,0.02234,1389.0,0.02236,560.0,0.02237,2951.0
1753503645404,04:20:45.404,ACH/USDT:USDT,0.02235,282.0,0.02234,1389.0,0.02236,560.0,0.02237,2907.0
1753503645504,04:20:45.504,ACH/USDT:USDT,0.02235,282.0,0.02234,1389.0,0.02236,560.0,0.02237,2907.0
1753503645604,04:20:45.604,ACH/USDT:USDT,0.02235,531.0,0.02234,1264.0,0.02236,560.0,0.02237,2907.0
1753503645904,04:20:45.904,ACH/USDT:USDT,0.02235,583.0,0.02234,1264.0,0.02236,560.0,0.02237,2907.0
1753503646404,04:20:46.404,ACH/USDT:USDT,0.02235,580.0,0.02234,1308.0,0.02236,557.0,0.02237,2352.0
1753503646804,04:20:46.804,ACH/USDT:USDT,0.02235,591.0,0.02234,1308.0,0.02236,557.0,0.02237,2308.0
1753503647004,04:20:47.004,ACH/USDT:USDT,0.02235,776.0,0.02234,1308.0,0.02236,233.0,0.02237,2308.0
1753503647104,04:20:47.104,ACH/USDT:USDT,0.02235,798.0,0.02234,1308.0,0.02236,233.0,0.02237,2406.0
1753503647204,04:20:47.204,ACH/USDT:USDT,0.02235,798.0,0.02234,1308.0,0.02236,233.0,0.02237,2406.0
1753503647304,04:20:47.304,ACH/USDT:USDT,0.02235,799.0,0.02234,1308.0,0.02236,233.0,0.02237,2232.0
1753503647404,04:20:47.404,ACH/USDT:USDT,0.02235,799.0,0.02234,1308.0,0.02236,234.0,0.02237,2232.0
1753503648404,04:20:48.404,ACH/USDT:USDT,0.02235,309.0,0.02234,1264.0,0.02236,569.0,0.02237,1566.0
1753503648504,04:20:48.504,ACH/USDT:USDT,0.02235,320.0,0.02234,1264.0,0.02236,569.0,0.02237,1566.0
1753503648604,04:20:48.604,ACH/USDT:USDT,0.02235,320.0,0.02234,1264.0,0.02236,569.0,0.02237,1566.0
1753503649604,04:20:49.604,ACH/USDT:USDT,0.02235,309.0,0.02234,1264.0,0.02236,597.0,0.02237,1566.0
1753503649704,04:20:49.704,ACH/USDT:USDT,0.02235,309.0,0.02234,1264.0,0.02236,597.0,0.02237,1566.0
1753503649804,04:20:49.804,ACH/USDT:USDT,0.02235,309.0,0.02234,1264.0,0.02236,597.0,0.02237,1566.0
1753503650104,04:20:50.104,ACH/USDT:USDT,0.02235,281.0,0.02234,1264.0,0.02236,608.0,0.02237,1566.0
1753503650304,04:20:50.304,ACH/USDT:USDT,0.02235,281.0,0.02234,1264.0,0.02236,608.0,0.02237,1416.0
1753503651004,04:20:51.004,ACH/USDT:USDT,0.02235,281.0,0.02234,1264.0,0.02236,608.0,0.02237,1416.0
1753503651604,04:20:51.604,ACH/USDT:USDT,0.02235,309.0,0.02234,1264.0,0.02236,569.0,0.02237,1416.0
1753503651704,04:20:51.704,ACH/USDT:USDT,0.02235,309.0,0.02234,1264.0,0.02236,569.0,0.02237,1416.0
1753503651904,04:20:51.904,ACH/USDT:USDT,0.02235,281.0,0.02234,1264.0,0.02236,608.0,0.02237,1416.0
1753503653004,04:20:53.004,ACH/USDT:USDT,0.02236,233.0,0.02235,511.0,0.02237,1415.0,0.02238,2001.0
1753503653104,04:20:53.104,ACH/USDT:USDT,0.02235,743.0,0.02234,2117.0,0.02237,1244.0,0.02238,2174.0
1753503653204,04:20:53.204,ACH/USDT:USDT,0.02236,56.0,0.02235,1494.0,0.02237,978.0,0.02238,2282.0
1753503653504,04:20:53.504,ACH/USDT:USDT,0.02236,28.0,0.02235,1495.0,0.02237,978.0,0.02238,2322.0
1753503654004,04:20:54.004,ACH/USDT:USDT,0.02235,771.0,0.02234,2267.0,0.02236,272.0,0.02237,1624.0
1753503654104,04:20:54.104,ACH/USDT:USDT,0.02235,771.0,0.02234,2354.0,0.02236,274.0,0.02237,1581.0
1753503654304,04:20:54.304,ACH/USDT:USDT,0.02235,771.0,0.02234,2269.0,0.02236,274.0,0.02237,1581.0
1753503654604,04:20:54.604,ACH/USDT:USDT,0.02235,771.0,0.02234,2225.0,0.02236,274.0,0.02237,1581.0
1753503654904,04:20:54.904,ACH/USDT:USDT,0.02235,771.0,0.02234,2225.0,0.02236,274.0,0.02237,1581.0
1753503655004,04:20:55.004,ACH/USDT:USDT,0.02235,771.0,0.02234,2225.0,0.02236,274.0,0.02237,1581.0
1753503655304,04:20:55.304,ACH/USDT:USDT,0.02235,771.0,0.02234,2225.0,0.02236,29.0,0.02237,1581.0
1753503656104,04:20:56.104,ACH/USDT:USDT,0.02235,743.0,0.02234,2313.0,0.02236,29.0,0.02237,1718.0
1753503656204,04:20:56.204,ACH/USDT:USDT,0.02235,732.0,0.02234,2225.0,0.02236,29.0,0.02237,1718.0
1753503656304,04:20:56.304,ACH/USDT:USDT,0.02235,771.0,0.02234,2267.0,0.02236,27.0,0.02237,1718.0
1753503657004,04:20:57.004,ACH/USDT:USDT,0.02235,771.0,0.02234,2284.0,0.02236,27.0,0.02237,1718.0
1753503657404,04:20:57.404,ACH/USDT:USDT,0.02235,760.0,0.02234,2284.0,0.02236,27.0,0.02237,1718.0
1753503659004,04:20:59.004,ACH/USDT:USDT,0.02235,771.0,0.02234,2242.0,0.02236,277.0,0.02237,1585.0
1753503659204,04:20:59.204,ACH/USDT:USDT,0.02235,771.0,0.02234,2225.0,0.02236,277.0,0.02237,1585.0
1753503659804,04:20:59.804,ACH/USDT:USDT,0.02235,771.0,0.02234,2181.0,0.02236,115.0,0.02237,1585.0
1753503659904,04:20:59.904,ACH/USDT:USDT,0.02235,771.0,0.02234,2181.0,0.02236,27.0,0.02237,1585.0
1753503660304,04:21:00.304,ACH/USDT:USDT,0.02235,771.0,0.02234,2225.0,0.02236,27.0,0.02237,1585.0
1753503660804,04:21:00.804,ACH/USDT:USDT,0.02235,771.0,0.02234,2079.0,0.02236,140.0,0.02237,1729.0
1753503661304,04:21:01.304,ACH/USDT:USDT,0.02235,772.0,0.02234,2035.0,0.02236,140.0,0.02237,1729.0
1753503661404,04:21:01.404,ACH/USDT:USDT,0.02235,739.0,0.02234,2035.0,0.02236,272.0,0.02237,1585.0
1753503661604,04:21:01.604,ACH/USDT:USDT,0.02235,505.0,0.02234,1904.0,0.02236,272.0,0.02237,1585.0
1753503662104,04:21:02.104,ACH/USDT:USDT,0.02235,505.0,0.02234,1904.0,0.02236,272.0,0.02237,1585.0
1753503662704,04:21:02.704,ACH/USDT:USDT,0.02235,275.0,0.02234,1818.0,0.02236,476.0,0.02237,1585.0
1753503662904,04:21:02.904,ACH/USDT:USDT,0.02235,179.0,0.02234,1731.0,0.02236,476.0,0.02237,1585.0
1753503663004,04:21:03.004,ACH/USDT:USDT,0.02235,179.0,0.02234,1731.0,0.02236,476.0,0.02237,1585.0
1753503663104,04:21:03.104,ACH/USDT:USDT,0.02235,179.0,0.02234,1688.0,0.02236,476.0,0.02237,1585.0
1753503663204,04:21:03.204,ACH/USDT:USDT,0.02235,179.0,0.02234,1600.0,0.02236,476.0,0.02237,1585.0
1753503663304,04:21:03.304,ACH/USDT:USDT,0.02235,140.0,0.02234,1686.0,0.02236,515.0,0.02237,1601.0
1753503663404,04:21:03.404,ACH/USDT:USDT,0.02235,140.0,0.02234,1686.0,0.02236,515.0,0.02237,1601.0
1753503663604,04:21:03.604,ACH/USDT:USDT,0.02235,273.0,0.02234,1557.0,0.02236,487.0,0.02237,1601.0
1753503664304,04:21:04.304,ACH/USDT:USDT,0.02235,273.0,0.02234,1557.0,0.02236,487.0,0.02237,1601.0
1753503665004,04:21:05.004,ACH/USDT:USDT,0.02235,273.0,0.02234,1557.0,0.02236,487.0,0.02237,1601.0
1753503665104,04:21:05.104,ACH/USDT:USDT,0.02235,273.0,0.02234,1557.0,0.02236,515.0,0.02237,1601.0
1753503665304,04:21:05.304,ACH/USDT:USDT,0.02235,273.0,0.02234,1557.0,0.02236,487.0,0.02237,1557.0
1753503665404,04:21:05.404,ACH/USDT:USDT,0.02235,273.0,0.02234,1557.0,0.02236,515.0,0.02237,1557.0
1753503667504,04:21:07.504,ACH/USDT:USDT,0.02235,301.0,0.02234,1557.0,0.02236,487.0,0.02237,1557.0
1753503668004,04:21:08.004,ACH/USDT:USDT,0.02235,312.0,0.02234,1557.0,0.02236,157.0,0.02237,1557.0
1753503668204,04:21:08.204,ACH/USDT:USDT,0.02235,388.0,0.02234,1557.0,0.02236,504.0,0.02237,1557.0
1753503668304,04:21:08.304,ACH/USDT:USDT,0.02235,388.0,0.02234,1557.0,0.02236,517.0,0.02237,1557.0
1753503669004,04:21:09.004,ACH/USDT:USDT,0.02235,388.0,0.02234,1557.0,0.02236,517.0,0.02237,1557.0
1753503669104,04:21:09.104,ACH/USDT:USDT,0.02235,388.0,0.02234,1557.0,0.02236,517.0,0.02237,1557.0
1753503670004,04:21:10.004,ACH/USDT:USDT,0.02235,388.0,0.02234,1557.0,0.02236,519.0,0.02237,1557.0
1753503670704,04:21:10.704,ACH/USDT:USDT,0.02235,388.0,0.02234,1557.0,0.02236,519.0,0.02237,1557.0
1753503673104,04:21:13.104,ACH/USDT:USDT,0.02235,427.0,0.02234,1601.0,0.02236,276.0,0.02237,1557.0
