timestamp,time,symbol,bid1_price,bid1_volume,bid2_price,bid2_volume,ask1_price,ask1_volume,ask2_price,ask2_volume
1753503734197,04:22:14.197,ALGO/USDT:USDT,0.27,21614.8,0.2699,126823.8,0.2701,34192.0,0.2702,134896.9
1753503734497,04:22:14.497,ALGO/USDT:USDT,0.27,21614.8,0.2699,126823.8,0.2701,34192.0,0.2702,134896.9
1753503734596,04:22:14.596,ALGO/USDT:USDT,0.27,21614.8,0.2699,126823.8,0.2701,34866.8,0.2702,134896.9
1753503734798,04:22:14.798,ALGO/USDT:USDT,0.27,5408.5,0.2699,123870.5,0.2701,35540.6,0.2702,139034.2
1753503734897,04:22:14.897,ALGO/USDT:USDT,0.27,5408.5,0.2699,123870.5,0.2701,35542.6,0.2702,139774.8
1753503735197,04:22:15.197,ALGO/USDT:USDT,0.27,5408.5,0.2699,123870.5,0.2701,35542.6,0.2702,139774.8
1753503735297,04:22:15.297,ALGO/USDT:USDT,0.27,5382.8,0.2699,123870.5,0.2701,35542.6,0.2702,140141.5
1753503735597,04:22:15.597,ALGO/USDT:USDT,0.27,5382.8,0.2699,123870.5,0.2701,35542.6,0.2702,140865.9
1753503735897,04:22:15.897,ALGO/USDT:USDT,0.27,5382.8,0.2699,123870.5,0.2701,35542.6,0.2702,140865.9
1753503735998,04:22:15.998,ALGO/USDT:USDT,0.27,5382.8,0.2699,123870.5,0.2701,35542.6,0.2702,140865.9
1753503736797,04:22:16.797,ALGO/USDT:USDT,0.27,5382.8,0.2699,123870.5,0.2701,35542.6,0.2702,140865.9
1753503737097,04:22:17.097,ALGO/USDT:USDT,0.27,5382.8,0.2699,123870.5,0.2701,35542.6,0.2702,140865.9
1753503737397,04:22:17.397,ALGO/USDT:USDT,0.27,5382.8,0.2699,123870.5,0.2701,35542.6,0.2702,140865.9
1753503737497,04:22:17.497,ALGO/USDT:USDT,0.27,5382.8,0.2699,123870.5,0.2701,35542.6,0.2702,142334.1
1753503737597,04:22:17.597,ALGO/USDT:USDT,0.27,5382.8,0.2699,123870.5,0.2701,35542.6,0.2702,142334.1
1753503737696,04:22:17.696,ALGO/USDT:USDT,0.27,5382.8,0.2699,123870.5,0.2701,35487.9,0.2702,142334.1
1753503737797,04:22:17.797,ALGO/USDT:USDT,0.27,5382.8,0.2699,123870.5,0.2701,35572.0,0.2702,142334.1
1753503737898,04:22:17.898,ALGO/USDT:USDT,0.27,5382.8,0.2699,123870.5,0.2701,35572.0,0.2702,142334.1
1753503737997,04:22:17.997,ALGO/USDT:USDT,0.27,5382.8,0.2699,126823.8,0.2701,35574.1,0.2702,142334.1
1753503738096,04:22:18.096,ALGO/USDT:USDT,0.27,5382.8,0.2699,126823.8,0.2701,35574.1,0.2702,142334.1
1753503738297,04:22:18.297,ALGO/USDT:USDT,0.27,5382.8,0.2699,126823.8,0.2701,35574.1,0.2702,142334.1
1753503738397,04:22:18.397,ALGO/USDT:USDT,0.27,5382.8,0.2699,126823.8,0.2701,35574.1,0.2702,142704.4
1753503739598,04:22:19.598,ALGO/USDT:USDT,0.27,5382.8,0.2699,126823.8,0.2701,35574.1,0.2702,142346.8
1753503739696,04:22:19.696,ALGO/USDT:USDT,0.27,21455.7,0.2699,126897.9,0.2701,34225.5,0.2702,141976.5
1753503739896,04:22:19.896,ALGO/USDT:USDT,0.27,14280.8,0.2699,126897.9,0.2701,34225.5,0.2702,141976.5
1753503739997,04:22:19.997,ALGO/USDT:USDT,0.27,14280.8,0.2699,126897.9,0.2701,34900.3,0.2702,141976.5
1753503740097,04:22:20.097,ALGO/USDT:USDT,0.27,14280.8,0.2699,126897.9,0.2701,34900.3,0.2702,141976.5
1753503740296,04:22:20.296,ALGO/USDT:USDT,0.27,5382.8,0.2699,126823.8,0.2701,34900.3,0.2702,141606.2
1753503740397,04:22:20.397,ALGO/USDT:USDT,0.27,5382.8,0.2699,126823.8,0.2701,34900.3,0.2702,141606.2
1753503740497,04:22:20.497,ALGO/USDT:USDT,0.27,5382.8,0.2699,126823.8,0.2701,34900.3,0.2702,140875.1
1753503740596,04:22:20.596,ALGO/USDT:USDT,0.27,5382.8,0.2699,126823.8,0.2701,34900.3,0.2702,140508.3
1753503740697,04:22:20.697,ALGO/USDT:USDT,0.27,5382.8,0.2699,126823.8,0.2701,34900.3,0.2702,140508.3
1753503740796,04:22:20.796,ALGO/USDT:USDT,0.27,5382.8,0.2699,126823.8,0.2701,34900.3,0.2702,140141.5
1753503740997,04:22:20.997,ALGO/USDT:USDT,0.27,5382.8,0.2699,126823.8,0.2701,35574.1,0.2702,140141.5
1753503741397,04:22:21.397,ALGO/USDT:USDT,0.27,5382.8,0.2699,126823.8,0.2701,35574.1,0.2702,140878.6
1753503741496,04:22:21.496,ALGO/USDT:USDT,0.27,5382.9,0.2699,126823.8,0.2701,35574.1,0.2702,140878.6
1753503741597,04:22:21.597,ALGO/USDT:USDT,0.27,5382.9,0.2699,126823.8,0.2701,35574.1,0.2702,141245.4
1753503741997,04:22:21.997,ALGO/USDT:USDT,0.27,5382.9,0.2699,126823.8,0.2701,35574.1,0.2702,141245.4
1753503742100,04:22:22.100,ALGO/USDT:USDT,0.27,5382.9,0.2699,126823.8,0.2701,35574.1,0.2702,141245.4
1753503742497,04:22:22.497,ALGO/USDT:USDT,0.27,5382.9,0.2699,126823.8,0.2701,35574.1,0.2702,141245.4
1753503742598,04:22:22.598,ALGO/USDT:USDT,0.27,5382.9,0.2699,126823.8,0.2701,35574.1,0.2702,141245.4
1753503743097,04:22:23.097,ALGO/USDT:USDT,0.27,12557.8,0.2699,126897.9,0.2701,34900.3,0.2702,141245.4
1753503743197,04:22:23.197,ALGO/USDT:USDT,0.27,12557.8,0.2699,126897.9,0.2701,34225.5,0.2702,141245.4
1753503743497,04:22:23.497,ALGO/USDT:USDT,0.27,21455.8,0.2699,126897.9,0.2701,34225.5,0.2702,141245.4
1753503743697,04:22:23.697,ALGO/USDT:USDT,0.27,21455.8,0.2699,126897.9,0.2701,34225.5,0.2702,141245.4
1753503743797,04:22:23.797,ALGO/USDT:USDT,0.27,21455.8,0.2699,126897.9,0.2701,34225.5,0.2702,140878.6
1753503743897,04:22:23.897,ALGO/USDT:USDT,0.27,21455.8,0.2699,126897.9,0.2701,34248.6,0.2702,140878.6
1753503744100,04:22:24.100,ALGO/USDT:USDT,0.27,21455.8,0.2699,126897.9,0.2701,34248.6,0.2702,140878.6
1753503744297,04:22:24.297,ALGO/USDT:USDT,0.27,21455.8,0.2699,126897.9,0.2701,34248.6,0.2702,140878.6
1753503744397,04:22:24.397,ALGO/USDT:USDT,0.27,21455.8,0.2699,126897.9,0.2701,34923.7,0.2702,140508.3
1753503744697,04:22:24.697,ALGO/USDT:USDT,0.27,21455.8,0.2699,126897.9,0.2701,35597.5,0.2702,140508.3
1753503744796,04:22:24.796,ALGO/USDT:USDT,0.27,21455.8,0.2699,126897.9,0.2701,34923.7,0.2702,140141.5
1753503744896,04:22:24.896,ALGO/USDT:USDT,0.27,21455.8,0.2699,126897.9,0.2701,34923.7,0.2702,140141.5
1753503745197,04:22:25.197,ALGO/USDT:USDT,0.27,21455.8,0.2699,126897.9,0.2701,35597.5,0.2702,140141.5
1753503745397,04:22:25.397,ALGO/USDT:USDT,0.27,21455.8,0.2699,126823.8,0.2701,35597.5,0.2702,140141.5
1753503745497,04:22:25.497,ALGO/USDT:USDT,0.27,21455.8,0.2699,126897.9,0.2701,35597.5,0.2702,140141.5
1753503745597,04:22:25.597,ALGO/USDT:USDT,0.27,12557.8,0.2699,126823.8,0.2701,35597.5,0.2702,140141.5
1753503745696,04:22:25.696,ALGO/USDT:USDT,0.27,5382.9,0.2699,126823.8,0.2701,35597.5,0.2702,140141.5
1753503745796,04:22:25.796,ALGO/USDT:USDT,0.27,5382.9,0.2699,126823.8,0.2701,35597.5,0.2702,140141.5
1753503746297,04:22:26.297,ALGO/USDT:USDT,0.27,5382.9,0.2699,126823.8,0.2701,35625.7,0.2702,140141.5
1753503746397,04:22:26.397,ALGO/USDT:USDT,0.27,5382.9,0.2699,126823.8,0.2701,35625.7,0.2702,140508.3
1753503746497,04:22:26.497,ALGO/USDT:USDT,0.27,5382.9,0.2699,126823.8,0.2701,35625.7,0.2702,141245.4
1753503746597,04:22:26.597,ALGO/USDT:USDT,0.27,5382.9,0.2699,126823.8,0.2701,35628.5,0.2702,141245.4
1753503746696,04:22:26.696,ALGO/USDT:USDT,0.27,5382.9,0.2699,126823.8,0.2701,35628.5,0.2702,141245.4
1753503746897,04:22:26.897,ALGO/USDT:USDT,0.27,4582.9,0.2699,126823.8,0.2701,35628.5,0.2702,141245.4
1753503746997,04:22:26.997,ALGO/USDT:USDT,0.27,4575.9,0.2699,126823.8,0.2701,35628.5,0.2702,139630.4
1753503747098,04:22:27.098,ALGO/USDT:USDT,0.27,4575.9,0.2699,126823.8,0.2701,35628.5,0.2702,140000.7
1753503747197,04:22:27.197,ALGO/USDT:USDT,0.27,4575.9,0.2699,123870.5,0.2701,41865.9,0.2702,141926.3
1753503747297,04:22:27.297,ALGO/USDT:USDT,0.27,4575.9,0.2699,123870.5,0.2701,40088.5,0.2702,143381.8
1753503747397,04:22:27.397,ALGO/USDT:USDT,0.27,4575.9,0.2699,123870.5,0.2701,37768.9,0.2702,143381.8
1753503747497,04:22:27.497,ALGO/USDT:USDT,0.27,4575.9,0.2699,123870.5,0.2701,36028.5,0.2702,143677.0
1753503747598,04:22:27.598,ALGO/USDT:USDT,0.27,4575.9,0.2699,123870.5,0.2701,36028.5,0.2702,141768.2
1753503747797,04:22:27.797,ALGO/USDT:USDT,0.27,4575.9,0.2699,126823.8,0.2701,36032.9,0.2702,141768.2
1753503747896,04:22:27.896,ALGO/USDT:USDT,0.27,4575.9,0.2699,126823.8,0.2701,36036.0,0.2702,141768.2
1753503748297,04:22:28.297,ALGO/USDT:USDT,0.27,4575.9,0.2699,126823.8,0.2701,36036.0,0.2702,141768.2
1753503748397,04:22:28.397,ALGO/USDT:USDT,0.27,4575.9,0.2699,126823.8,0.2701,36036.0,0.2702,141768.2
1753503748497,04:22:28.497,ALGO/USDT:USDT,0.27,4575.9,0.2699,126823.8,0.2701,36036.0,0.2702,141398.9
1753503748597,04:22:28.597,ALGO/USDT:USDT,0.27,4575.9,0.2699,126823.8,0.2701,36036.0,0.2702,141398.9
1753503748696,04:22:28.696,ALGO/USDT:USDT,0.27,4575.9,0.2699,126823.8,0.2701,36036.0,0.2702,141398.9
1753503748796,04:22:28.796,ALGO/USDT:USDT,0.27,4575.9,0.2699,126823.8,0.2701,36036.0,0.2702,141398.9
1753503748897,04:22:28.897,ALGO/USDT:USDT,0.27,4575.9,0.2699,126823.8,0.2701,36036.0,0.2702,143307.7
1753503748997,04:22:28.997,ALGO/USDT:USDT,0.27,11952.1,0.2699,126823.8,0.2701,36036.0,0.2702,143307.7
1753503749097,04:22:29.097,ALGO/USDT:USDT,0.27,4577.6,0.2699,126823.8,0.2701,36036.0,0.2702,143307.7
1753503749197,04:22:29.197,ALGO/USDT:USDT,0.27,4453.5,0.2699,126823.8,0.2701,36272.0,0.2702,143307.7
1753503749597,04:22:29.597,ALGO/USDT:USDT,0.27,4453.5,0.2699,126823.8,0.2701,36278.8,0.2702,143307.7
1753503749997,04:22:29.997,ALGO/USDT:USDT,0.27,4453.5,0.2699,126823.8,0.2701,35605.0,0.2702,142200.3
1753503750197,04:22:30.197,ALGO/USDT:USDT,0.27,4453.5,0.2699,126823.8,0.2701,35605.0,0.2702,149931.0
1753503750296,04:22:30.296,ALGO/USDT:USDT,0.27,4453.5,0.2699,126823.8,0.2701,38019.2,0.2702,148153.6
1753503750397,04:22:30.397,ALGO/USDT:USDT,0.27,4453.5,0.2699,126823.8,0.2701,38040.4,0.2702,148890.7
1753503750497,04:22:30.497,ALGO/USDT:USDT,0.27,4453.5,0.2699,126823.8,0.2701,38040.4,0.2702,149261.0
1753503750597,04:22:30.597,ALGO/USDT:USDT,0.27,4453.5,0.2699,126823.8,0.2701,37114.7,0.2702,149261.0
1753503750697,04:22:30.697,ALGO/USDT:USDT,0.27,4453.5,0.2699,126823.8,0.2701,37114.7,0.2702,159428.6
1753503750796,04:22:30.796,ALGO/USDT:USDT,0.27,4453.5,0.2699,126823.8,0.2701,36374.1,0.2702,159428.6
1753503750897,04:22:30.897,ALGO/USDT:USDT,0.27,4453.5,0.2699,126823.8,0.2701,36374.1,0.2702,159428.6
1753503750997,04:22:30.997,ALGO/USDT:USDT,0.27,4453.5,0.2699,126823.8,0.2701,36374.1,0.2702,159428.6
1753503751097,04:22:31.097,ALGO/USDT:USDT,0.27,4453.5,0.2699,126823.8,0.2701,36374.1,0.2702,159428.6
1753503751296,04:22:31.296,ALGO/USDT:USDT,0.27,4453.5,0.2699,126823.8,0.2701,36300.0,0.2702,159354.5
1753503751397,04:22:31.397,ALGO/USDT:USDT,0.27,11716.2,0.2699,126823.8,0.2701,34951.4,0.2702,157445.7
1753503751497,04:22:31.497,ALGO/USDT:USDT,0.27,11716.2,0.2699,126897.9,0.2701,36300.0,0.2702,157445.7
1753503751597,04:22:31.597,ALGO/USDT:USDT,0.27,11716.2,0.2699,126897.9,0.2701,36295.8,0.2702,157445.7
1753503751897,04:22:31.897,ALGO/USDT:USDT,0.27,4453.5,0.2699,126823.8,0.2701,35622.0,0.2702,157445.7
1753503751997,04:22:31.997,ALGO/USDT:USDT,0.2699,126823.8,0.2698,127603.0,0.2701,35622.0,0.2702,157445.7
1753503752099,04:22:32.099,ALGO/USDT:USDT,0.27,15629.6,0.2699,136447.9,0.2701,34947.2,0.2702,158984.2
1753503752197,04:22:32.197,ALGO/USDT:USDT,0.27,15629.6,0.2699,136447.9,0.2701,35696.1,0.2702,159058.3
1753503752297,04:22:32.297,ALGO/USDT:USDT,0.27,15629.6,0.2699,136447.9,0.2701,34947.1,0.2702,158688.0
1753503752397,04:22:32.397,ALGO/USDT:USDT,0.27,15629.6,0.2699,136447.9,0.2701,34947.1,0.2702,158321.2
1753503752497,04:22:32.497,ALGO/USDT:USDT,0.27,15629.6,0.2699,136447.9,0.2701,34947.1,0.2702,157232.5
1753503752597,04:22:32.597,ALGO/USDT:USDT,0.27,15629.6,0.2699,135774.1,0.2701,36369.8,0.2702,156498.9
1753503752797,04:22:32.797,ALGO/USDT:USDT,0.27,6731.6,0.2699,135774.1,0.2701,36369.8,0.2702,156498.9
1753503752996,04:22:32.996,ALGO/USDT:USDT,0.27,6731.6,0.2699,135774.1,0.2701,36369.8,0.2702,156498.9
1753503753097,04:22:33.097,ALGO/USDT:USDT,0.27,6731.6,0.2699,135774.1,0.2701,36369.8,0.2702,156498.9
1753503753497,04:22:33.497,ALGO/USDT:USDT,0.27,6731.6,0.2699,135774.1,0.2701,36369.8,0.2702,156856.5
1753503753597,04:22:33.597,ALGO/USDT:USDT,0.27,6731.6,0.2699,135774.1,0.2701,36369.8,0.2702,157223.3
1753503753997,04:22:33.997,ALGO/USDT:USDT,0.27,22731.6,0.2699,135774.1,0.2701,36369.8,0.2702,157223.3
1753503754100,04:22:34.100,ALGO/USDT:USDT,0.27,22731.6,0.2699,135774.1,0.2701,36369.8,0.2702,157223.3
1753503754198,04:22:34.198,ALGO/USDT:USDT,0.27,22731.6,0.2699,135774.1,0.2701,35021.2,0.2702,157223.3
1753503754496,04:22:34.496,ALGO/USDT:USDT,0.27,22731.6,0.2699,135774.1,0.2701,35621.9,0.2702,156856.5
1753503754597,04:22:34.597,ALGO/USDT:USDT,0.27,22731.6,0.2699,135774.1,0.2701,34947.1,0.2702,156856.5
1753503754697,04:22:34.697,ALGO/USDT:USDT,0.27,22731.6,0.2699,135774.1,0.2701,36369.8,0.2702,156856.5
1753503755096,04:22:35.096,ALGO/USDT:USDT,0.27,22731.6,0.2699,135774.1,0.2701,36369.8,0.2702,156856.5
1753503755697,04:22:35.697,ALGO/USDT:USDT,0.27,31629.6,0.2699,135774.1,0.2701,21365.7,0.2702,156498.9
1753503755796,04:22:35.796,ALGO/USDT:USDT,0.27,31629.6,0.2699,135774.1,0.2701,21365.7,0.2702,151637.9
1753503755897,04:22:35.897,ALGO/USDT:USDT,0.27,31629.6,0.2699,135774.1,0.2701,31365.7,0.2702,151637.9
1753503756197,04:22:36.197,ALGO/USDT:USDT,0.27,31629.6,0.2699,135774.1,0.2701,21366.5,0.2702,151637.9
1753503756297,04:22:36.297,ALGO/USDT:USDT,0.27,31629.6,0.2699,135774.1,0.2701,21366.5,0.2702,151637.9
1753503756397,04:22:36.397,ALGO/USDT:USDT,0.27,31629.6,0.2699,135774.1,0.2701,21366.8,0.2702,151637.9
1753503756498,04:22:36.498,ALGO/USDT:USDT,0.27,31629.6,0.2699,135774.1,0.2701,21366.8,0.2702,150530.6
1753503756597,04:22:36.597,ALGO/USDT:USDT,0.27,31629.6,0.2699,135774.1,0.2701,21366.8,0.2702,150530.6
1753503756697,04:22:36.697,ALGO/USDT:USDT,0.27,39566.1,0.2699,135774.1,0.2701,21366.8,0.2702,150530.6
1753503756797,04:22:36.797,ALGO/USDT:USDT,0.27,39566.1,0.2699,135774.1,0.2701,21366.8,0.2702,150530.6
1753503756897,04:22:36.897,ALGO/USDT:USDT,0.27,39566.1,0.2699,135774.1,0.2701,21366.8,0.2702,150530.6
1753503756997,04:22:36.997,ALGO/USDT:USDT,0.27,39566.1,0.2699,135774.1,0.2701,21366.8,0.2702,150530.6
1753503757097,04:22:37.097,ALGO/USDT:USDT,0.27,38892.3,0.2699,135774.1,0.2701,21366.8,0.2702,150530.6
1753503757196,04:22:37.196,ALGO/USDT:USDT,0.27,38892.3,0.2699,135774.1,0.2701,21366.8,0.2702,150530.6
1753503757297,04:22:37.297,ALGO/USDT:USDT,0.27,38892.3,0.2699,135774.1,0.2701,21366.8,0.2702,150530.6
1753503757997,04:22:37.997,ALGO/USDT:USDT,0.27,38892.3,0.2699,135774.1,0.2701,21366.8,0.2702,150530.6
1753503758100,04:22:38.100,ALGO/USDT:USDT,0.27,39566.1,0.2699,135774.1,0.2701,21366.8,0.2702,150530.6
1753503758197,04:22:38.197,ALGO/USDT:USDT,0.27,38892.3,0.2699,135774.1,0.2701,21366.8,0.2702,150530.6
1753503758297,04:22:38.297,ALGO/USDT:USDT,0.27,39566.1,0.2699,135774.1,0.2701,21366.8,0.2702,153482.8
1753503758496,04:22:38.496,ALGO/USDT:USDT,0.27,39566.1,0.2699,135774.1,0.2701,21366.8,0.2702,153482.8
1753503758597,04:22:38.597,ALGO/USDT:USDT,0.27,39566.1,0.2699,135774.1,0.2701,21366.8,0.2702,153482.8
1753503758696,04:22:38.696,ALGO/USDT:USDT,0.27,38892.3,0.2699,135774.1,0.2701,21366.8,0.2702,153482.8
1753503758897,04:22:38.897,ALGO/USDT:USDT,0.27,38892.3,0.2699,135774.1,0.2701,34440.9,0.2702,153482.8
1753503758997,04:22:38.997,ALGO/USDT:USDT,0.27,38892.3,0.2699,135774.1,0.2701,34440.9,0.2702,153482.8
1753503759397,04:22:39.397,ALGO/USDT:USDT,0.27,39566.1,0.2699,135774.1,0.2701,21366.8,0.2702,153482.8
1753503759596,04:22:39.596,ALGO/USDT:USDT,0.27,39566.1,0.2699,135774.1,0.2701,21366.8,0.2702,153482.8
1753503759997,04:22:39.997,ALGO/USDT:USDT,0.27,39566.1,0.2699,135774.1,0.2701,21366.8,0.2702,153482.8
1753503760396,04:22:40.396,ALGO/USDT:USDT,0.27,39566.1,0.2699,135774.1,0.2701,21366.8,0.2702,153482.8
1753503760497,04:22:40.497,ALGO/USDT:USDT,0.27,38892.3,0.2699,135774.1,0.2701,21366.8,0.2702,153482.8
1753503760697,04:22:40.697,ALGO/USDT:USDT,0.27,38892.3,0.2699,135774.1,0.2701,22789.5,0.2702,153482.8
1753503760797,04:22:40.797,ALGO/USDT:USDT,0.27,38892.3,0.2699,135774.1,0.2701,22789.5,0.2702,153482.8
1753503760896,04:22:40.896,ALGO/USDT:USDT,0.27,38892.3,0.2699,135774.1,0.2701,38789.5,0.2702,153482.8
1753503760997,04:22:40.997,ALGO/USDT:USDT,0.27,31629.6,0.2699,135774.1,0.2701,38789.5,0.2702,153482.8
1753503761097,04:22:41.097,ALGO/USDT:USDT,0.27,31629.6,0.2699,135774.1,0.2701,38789.5,0.2702,153482.8
1753503761197,04:22:41.197,ALGO/USDT:USDT,0.27,31629.6,0.2699,135774.1,0.2701,38789.5,0.2702,153482.8
1753503761297,04:22:41.297,ALGO/USDT:USDT,0.27,31629.6,0.2699,135774.1,0.2701,21366.8,0.2702,153482.8
1753503761497,04:22:41.497,ALGO/USDT:USDT,0.27,31629.6,0.2699,135774.1,0.2701,21366.8,0.2702,155279.8
1753503761598,04:22:41.598,ALGO/USDT:USDT,0.27,31629.6,0.2699,135774.1,0.2701,22393.3,0.2702,155279.8
1753503761697,04:22:41.697,ALGO/USDT:USDT,0.27,31629.6,0.2699,135774.1,0.2701,23702.8,0.2702,155279.8
1753503761796,04:22:41.796,ALGO/USDT:USDT,0.27,31629.6,0.2699,135774.1,0.2701,24148.1,0.2702,155279.8
1753503761897,04:22:41.897,ALGO/USDT:USDT,0.27,15629.6,0.2699,135774.1,0.2701,40148.1,0.2702,156387.1
1753503762197,04:22:42.197,ALGO/USDT:USDT,0.27,15629.6,0.2699,135774.1,0.2701,40148.1,0.2702,156387.1
1753503762697,04:22:42.697,ALGO/USDT:USDT,0.27,15629.6,0.2699,135774.1,0.2701,40148.1,0.2702,156387.1
1753503762896,04:22:42.896,ALGO/USDT:USDT,0.27,23629.6,0.2699,135774.1,0.2701,40148.1,0.2702,156387.1
1753503762997,04:22:42.997,ALGO/USDT:USDT,0.27,15629.6,0.2699,135774.1,0.2701,40148.1,0.2702,156387.1
1753503763098,04:22:43.098,ALGO/USDT:USDT,0.27,15629.6,0.2699,135774.1,0.2701,40148.1,0.2702,156387.1
1753503763197,04:22:43.197,ALGO/USDT:USDT,0.27,15629.6,0.2699,135774.1,0.2701,40148.0,0.2702,156387.1
1753503763297,04:22:43.297,ALGO/USDT:USDT,0.27,15629.6,0.2699,135774.1,0.2701,40148.0,0.2702,156387.1
1753503763397,04:22:43.397,ALGO/USDT:USDT,0.27,15629.6,0.2699,135774.1,0.2701,40148.0,0.2702,156387.1
1753503763597,04:22:43.597,ALGO/USDT:USDT,0.27,15629.6,0.2699,135774.1,0.2701,40148.0,0.2702,156387.1
1753503763697,04:22:43.697,ALGO/USDT:USDT,0.27,6731.6,0.2699,135774.1,0.2701,40148.0,0.2702,158295.9
1753503763797,04:22:43.797,ALGO/USDT:USDT,0.27,6731.6,0.2699,135774.1,0.2701,40148.0,0.2702,158295.9
1753503763896,04:22:43.896,ALGO/USDT:USDT,0.27,15731.6,0.2699,135774.1,0.2701,40148.0,0.2702,158295.9
1753503764197,04:22:44.197,ALGO/USDT:USDT,0.27,15731.6,0.2699,135774.1,0.2701,40148.0,0.2702,158653.5
1753503764597,04:22:44.597,ALGO/USDT:USDT,0.27,15731.6,0.2699,135774.1,0.2701,40073.9,0.2702,158653.5
1753503764696,04:22:44.696,ALGO/USDT:USDT,0.27,15731.6,0.2699,135774.1,0.2701,40148.0,0.2702,158653.5
1753503764896,04:22:44.896,ALGO/USDT:USDT,0.27,15731.6,0.2699,135774.1,0.2701,40073.9,0.2702,158653.5
1753503765097,04:22:45.097,ALGO/USDT:USDT,0.27,15731.6,0.2699,135774.1,0.2701,40073.9,0.2702,158653.5
1753503765297,04:22:45.297,ALGO/USDT:USDT,0.27,15731.6,0.2699,135774.1,0.2701,40148.0,0.2702,158653.5
1753503765397,04:22:45.397,ALGO/USDT:USDT,0.27,15731.6,0.2699,135774.1,0.2701,40073.9,0.2702,158653.5
1753503765497,04:22:45.497,ALGO/USDT:USDT,0.27,4412.0,0.2699,81407.0,0.2701,43665.8,0.2702,161238.6
1753503765597,04:22:45.597,ALGO/USDT:USDT,0.27,4412.0,0.2699,81379.2,0.2701,41814.3,0.2702,162710.3
1753503765696,04:22:45.696,ALGO/USDT:USDT,0.27,6731.6,0.2699,114293.0,0.2701,40148.0,0.2702,163448.0
1753503765797,04:22:45.797,ALGO/USDT:USDT,0.27,6731.6,0.2699,114293.0,0.2701,40148.0,0.2702,162710.3
1753503766197,04:22:46.197,ALGO/USDT:USDT,0.27,7447.9,0.2699,114293.0,0.2701,40134.8,0.2702,163080.6
1753503766296,04:22:46.296,ALGO/USDT:USDT,0.27,7447.9,0.2699,114293.0,0.2701,40142.1,0.2702,161595.5
1753503766397,04:22:46.397,ALGO/USDT:USDT,0.27,7447.9,0.2699,114293.0,0.2701,40142.1,0.2702,161962.3
1753503766497,04:22:46.497,ALGO/USDT:USDT,0.27,7447.9,0.2699,114293.0,0.2701,40142.1,0.2702,162702.9
1753503766597,04:22:46.597,ALGO/USDT:USDT,0.27,7447.9,0.2699,114293.0,0.2701,40142.1,0.2702,163442.0
1753503766697,04:22:46.697,ALGO/USDT:USDT,0.27,7447.9,0.2699,114293.0,0.2701,40142.1,0.2702,162015.3
1753503766896,04:22:46.896,ALGO/USDT:USDT,0.27,7447.9,0.2699,114293.0,0.2701,40142.1,0.2702,162385.6
1753503766997,04:22:46.997,ALGO/USDT:USDT,0.27,7447.9,0.2699,114293.0,0.2701,40142.1,0.2702,163123.3
1753503767097,04:22:47.097,ALGO/USDT:USDT,0.27,7447.9,0.2699,114293.0,0.2701,40142.1,0.2702,162385.6
1753503767298,04:22:47.298,ALGO/USDT:USDT,0.27,7447.9,0.2699,114293.0,0.2701,40142.1,0.2702,163125.2
1753503767697,04:22:47.697,ALGO/USDT:USDT,0.27,7447.9,0.2699,114293.0,0.2701,40882.7,0.2702,163125.2
1753503767798,04:22:47.798,ALGO/USDT:USDT,0.27,7447.9,0.2699,114293.0,0.2701,40887.3,0.2702,163125.2
1753503767996,04:22:47.996,ALGO/USDT:USDT,0.27,7447.9,0.2699,114293.0,0.2701,40887.3,0.2702,163492.6
1753503768099,04:22:48.099,ALGO/USDT:USDT,0.27,7447.9,0.2699,114293.0,0.2701,40887.3,0.2702,163862.9
1753503768197,04:22:48.197,ALGO/USDT:USDT,0.27,7447.9,0.2699,114293.0,0.2701,43664.5,0.2702,166084.7
1753503768397,04:22:48.397,ALGO/USDT:USDT,0.27,7447.9,0.2699,114293.0,0.2701,43664.5,0.2702,166822.2
1753503768598,04:22:48.598,ALGO/USDT:USDT,0.27,7447.9,0.2699,114293.0,0.2701,43664.7,0.2702,166451.9
1753503768797,04:22:48.797,ALGO/USDT:USDT,0.27,7447.9,0.2699,114293.0,0.2701,43664.7,0.2702,166451.9
1753503768997,04:22:48.997,ALGO/USDT:USDT,0.27,7447.9,0.2699,114293.0,0.2701,43663.9,0.2702,166451.9
1753503769097,04:22:49.097,ALGO/USDT:USDT,0.27,7447.9,0.2699,114293.0,0.2701,43663.9,0.2702,166084.5
1753503769297,04:22:49.297,ALGO/USDT:USDT,0.27,7447.9,0.2699,114293.0,0.2701,43663.9,0.2702,166084.5
1753503769397,04:22:49.397,ALGO/USDT:USDT,0.27,7447.9,0.2699,114293.0,0.2701,43663.9,0.2702,166084.5
1753503769497,04:22:49.497,ALGO/USDT:USDT,0.27,7447.9,0.2699,114293.0,0.2701,43663.9,0.2702,166084.5
1753503769598,04:22:49.598,ALGO/USDT:USDT,0.27,7447.9,0.2699,114293.0,0.2701,43663.9,0.2702,166454.8
1753503769797,04:22:49.797,ALGO/USDT:USDT,0.27,7657.1,0.2699,114293.0,0.2701,43653.9,0.2702,166454.8
1753503769897,04:22:49.897,ALGO/USDT:USDT,0.27,7657.1,0.2699,114293.0,0.2701,43653.9,0.2702,166822.2
1753503769996,04:22:49.996,ALGO/USDT:USDT,0.27,7657.1,0.2699,114293.0,0.2701,43653.9,0.2702,166822.2
1753503770102,04:22:50.102,ALGO/USDT:USDT,0.27,7657.1,0.2699,113552.3,0.2701,43217.2,0.2702,167960.6
1753503770196,04:22:50.196,ALGO/USDT:USDT,0.27,7657.1,0.2699,112752.3,0.2701,43654.2,0.2702,167960.6
1753503770297,04:22:50.297,ALGO/USDT:USDT,0.27,7657.1,0.2699,112752.3,0.2701,43654.2,0.2702,168694.8
1753503770397,04:22:50.397,ALGO/USDT:USDT,0.27,7657.1,0.2699,112752.3,0.2701,43654.2,0.2702,169065.1
1753503770497,04:22:50.497,ALGO/USDT:USDT,0.27,7657.1,0.2699,112752.3,0.2701,43654.2,0.2702,169804.6
1753503770597,04:22:50.597,ALGO/USDT:USDT,0.27,7657.1,0.2699,112752.3,0.2701,43654.2,0.2702,169804.6
1753503770696,04:22:50.696,ALGO/USDT:USDT,0.2699,14027.6,0.2698,120727.2,0.27,39209.4,0.2701,119588.6
1753503770797,04:22:50.797,ALGO/USDT:USDT,0.2699,24494.4,0.2698,120801.3,0.27,38468.6,0.2701,115977.5
1753503770897,04:22:50.897,ALGO/USDT:USDT,0.2699,24494.4,0.2698,120727.2,0.27,39890.8,0.2701,114393.7
1753503770996,04:22:50.996,ALGO/USDT:USDT,0.2699,24494.4,0.2698,120727.2,0.27,40955.4,0.2701,114223.6
1753503771097,04:22:51.097,ALGO/USDT:USDT,0.2699,24494.4,0.2698,120727.2,0.27,40955.4,0.2701,136016.3
1753503771196,04:22:51.196,ALGO/USDT:USDT,0.2699,24494.4,0.2698,120727.2,0.27,40955.4,0.2701,135942.2
1753503771296,04:22:51.296,ALGO/USDT:USDT,0.2699,24494.4,0.2698,120727.2,0.27,40955.4,0.2701,135942.2
1753503771397,04:22:51.397,ALGO/USDT:USDT,0.2699,24494.4,0.2698,120727.2,0.27,40955.4,0.2701,135942.2
1753503771498,04:22:51.498,ALGO/USDT:USDT,0.2699,24494.4,0.2698,120727.2,0.27,40955.4,0.2701,140687.5
1753503771597,04:22:51.597,ALGO/USDT:USDT,0.2699,24494.4,0.2698,120727.2,0.27,40955.4,0.2701,140320.6
1753503771697,04:22:51.697,ALGO/USDT:USDT,0.2699,24494.4,0.2698,120727.2,0.27,40955.4,0.2701,139963.0
1753503771797,04:22:51.797,ALGO/USDT:USDT,0.2699,24494.4,0.2698,120727.2,0.27,40955.4,0.2701,139963.0
1753503771897,04:22:51.897,ALGO/USDT:USDT,0.2699,24494.4,0.2698,120727.2,0.27,40955.4,0.2701,139963.0
1753503771997,04:22:51.997,ALGO/USDT:USDT,0.2699,32976.4,0.2698,120727.2,0.27,40955.4,0.2701,142480.3
1753503772099,04:22:52.099,ALGO/USDT:USDT,0.2699,32976.4,0.2698,120801.3,0.27,40280.6,0.2701,142480.3
1753503772197,04:22:52.197,ALGO/USDT:USDT,0.2699,40287.9,0.2698,120801.3,0.27,39606.8,0.2701,148742.1
1753503772697,04:22:52.697,ALGO/USDT:USDT,0.2699,40287.9,0.2698,120801.3,0.27,40955.4,0.2701,148742.1
1753503772796,04:22:52.796,ALGO/USDT:USDT,0.2699,40105.7,0.2698,120801.3,0.27,40955.4,0.2701,148742.1
1753503772897,04:22:52.897,ALGO/USDT:USDT,0.2699,32794.2,0.2698,120801.3,0.27,40955.4,0.2701,148742.1
1753503772997,04:22:52.997,ALGO/USDT:USDT,0.2699,32794.2,0.2698,120801.3,0.27,40955.4,0.2701,148742.1
1753503773097,04:22:53.097,ALGO/USDT:USDT,0.2699,32794.2,0.2698,120801.3,0.27,40955.4,0.2701,148742.1
1753503773297,04:22:53.297,ALGO/USDT:USDT,0.2699,9651.7,0.2698,120727.2,0.27,40955.4,0.2701,148816.2
1753503773397,04:22:53.397,ALGO/USDT:USDT,0.2699,9651.7,0.2698,120727.2,0.27,40955.4,0.2701,148816.2
1753503773497,04:22:53.497,ALGO/USDT:USDT,0.2699,1177.7,0.2698,120727.2,0.27,40955.4,0.2701,148816.2
1753503773698,04:22:53.698,ALGO/USDT:USDT,0.2699,1177.7,0.2698,120727.2,0.27,50955.4,0.2701,161816.2
1753503773796,04:22:53.796,ALGO/USDT:USDT,0.2699,1177.7,0.2698,119598.1,0.27,50955.4,0.2701,161816.2
1753503773896,04:22:53.896,ALGO/USDT:USDT,0.2699,1177.7,0.2698,119598.1,0.27,50955.4,0.2701,161816.2
1753503773997,04:22:53.997,ALGO/USDT:USDT,0.2699,1177.7,0.2698,119598.1,0.27,50955.4,0.2701,161816.2
1753503774099,04:22:54.099,ALGO/USDT:USDT,0.2699,1177.7,0.2698,119598.1,0.27,50955.4,0.2701,161816.2
1753503774197,04:22:54.197,ALGO/USDT:USDT,0.2699,41543.7,0.2698,132506.7,0.2701,134491.8,0.2702,115790.3
1753503774297,04:22:54.297,ALGO/USDT:USDT,0.27,22333.6,0.2699,140735.9,0.2701,78025.3,0.2702,113198.2
1753503774396,04:22:54.396,ALGO/USDT:USDT,0.27,22048.5,0.2699,140735.9,0.2701,79373.9,0.2702,115181.1
1753503774497,04:22:54.497,ALGO/USDT:USDT,0.27,22048.5,0.2699,140735.9,0.2701,79373.9,0.2702,115921.7
1753503774597,04:22:54.597,ALGO/USDT:USDT,0.27,22048.5,0.2699,140735.9,0.2701,79373.9,0.2702,116288.5
1753503774698,04:22:54.698,ALGO/USDT:USDT,0.27,22048.5,0.2699,140735.9,0.2701,78699.1,0.2702,117022.1
1753503774797,04:22:54.797,ALGO/USDT:USDT,0.27,22048.5,0.2699,140735.9,0.2701,78699.1,0.2702,119977.6
1753503774897,04:22:54.897,ALGO/USDT:USDT,0.27,22048.5,0.2699,140735.9,0.2701,79373.9,0.2702,120341.9
1753503774996,04:22:54.996,ALGO/USDT:USDT,0.27,22048.5,0.2699,140735.9,0.2701,79448.0,0.2702,120341.9
1753503775097,04:22:55.097,ALGO/USDT:USDT,0.27,22048.5,0.2699,140735.9,0.2701,79918.0,0.2702,120341.9
1753503775197,04:22:55.197,ALGO/USDT:USDT,0.27,22048.5,0.2699,140735.9,0.2701,79843.9,0.2702,120341.9
1753503775297,04:22:55.297,ALGO/USDT:USDT,0.27,22070.9,0.2699,140735.9,0.2701,79843.9,0.2702,120341.9
1753503775397,04:22:55.397,ALGO/USDT:USDT,0.27,22070.9,0.2699,140735.9,0.2701,79843.9,0.2702,120341.9
1753503775597,04:22:55.597,ALGO/USDT:USDT,0.27,22070.9,0.2699,140735.9,0.2701,79851.3,0.2702,119975.1
1753503775697,04:22:55.697,ALGO/USDT:USDT,0.27,22070.9,0.2699,140735.9,0.2701,77178.2,0.2702,126389.9
1753503775797,04:22:55.797,ALGO/USDT:USDT,0.27,22070.9,0.2699,140735.9,0.2701,77178.2,0.2702,125292.0
1753503776097,04:22:56.097,ALGO/USDT:USDT,0.27,22070.9,0.2699,140735.9,0.2701,77178.2,0.2702,125292.0
1753503776197,04:22:56.197,ALGO/USDT:USDT,0.27,22070.9,0.2699,140735.9,0.2701,77178.2,0.2702,125292.0
1753503776497,04:22:56.497,ALGO/USDT:USDT,0.27,23227.3,0.2699,139578.6,0.2701,55395.7,0.2702,147064.6
1753503776597,04:22:56.597,ALGO/USDT:USDT,0.27,23227.3,0.2699,139578.6,0.2701,47226.6,0.2702,153324.6
1753503776697,04:22:56.697,ALGO/USDT:USDT,0.27,23227.3,0.2699,139578.6,0.2701,61226.6,0.2702,153324.6
1753503776797,04:22:56.797,ALGO/USDT:USDT,0.27,23227.3,0.2699,139578.6,0.2701,47226.6,0.2702,153324.6
1753503776897,04:22:56.897,ALGO/USDT:USDT,0.27,23227.3,0.2699,139578.6,0.2701,31145.0,0.2702,167750.6
1753503776996,04:22:56.996,ALGO/USDT:USDT,0.27,23227.3,0.2699,139578.6,0.2701,31145.0,0.2702,167750.6
1753503777097,04:22:57.097,ALGO/USDT:USDT,0.27,23227.3,0.2699,139578.6,0.2701,31145.0,0.2702,167732.0
1753503777297,04:22:57.297,ALGO/USDT:USDT,0.27,23227.3,0.2699,139578.6,0.2701,31145.0,0.2702,179991.4
1753503777397,04:22:57.397,ALGO/USDT:USDT,0.27,23227.3,0.2699,139578.6,0.2701,31145.0,0.2702,179991.4
1753503777497,04:22:57.497,ALGO/USDT:USDT,0.27,23227.3,0.2699,139578.6,0.2701,31145.0,0.2702,179991.4
1753503777597,04:22:57.597,ALGO/USDT:USDT,0.27,23227.3,0.2699,139578.6,0.2701,31145.0,0.2702,179624.7
1753503777697,04:22:57.697,ALGO/USDT:USDT,0.27,23227.3,0.2699,139578.6,0.2701,47145.0,0.2702,179624.7
1753503778097,04:22:58.097,ALGO/USDT:USDT,0.27,23227.3,0.2699,139578.6,0.2701,47145.0,0.2702,179624.7
1753503778197,04:22:58.197,ALGO/USDT:USDT,0.27,23227.3,0.2699,139578.6,0.2701,47145.0,0.2702,179624.7
1753503778297,04:22:58.297,ALGO/USDT:USDT,0.27,23227.3,0.2699,139578.6,0.2701,47145.0,0.2702,179624.7
1753503778397,04:22:58.397,ALGO/USDT:USDT,0.27,23227.3,0.2699,132267.1,0.2701,29796.4,0.2702,179624.7
1753503778496,04:22:58.496,ALGO/USDT:USDT,0.27,23227.3,0.2699,132267.1,0.2701,29796.4,0.2702,179624.7
1753503778596,04:22:58.596,ALGO/USDT:USDT,0.27,23227.3,0.2699,132267.1,0.2701,27377.8,0.2702,179550.6
1753503778696,04:22:58.696,ALGO/USDT:USDT,0.27,39227.3,0.2699,132267.1,0.2701,30682.1,0.2702,179550.6
1753503778897,04:22:58.897,ALGO/USDT:USDT,0.27,39227.3,0.2699,132267.1,0.2701,30682.1,0.2702,179624.7
1753503778997,04:22:58.997,ALGO/USDT:USDT,0.27,39227.3,0.2699,132267.1,0.2701,30682.1,0.2702,179624.7
1753503779097,04:22:59.097,ALGO/USDT:USDT,0.27,39227.3,0.2699,132267.1,0.2701,30682.1,0.2702,179624.7
1753503779497,04:22:59.497,ALGO/USDT:USDT,0.27,39227.3,0.2699,132267.1,0.2701,30682.1,0.2702,179624.7
1753503779597,04:22:59.597,ALGO/USDT:USDT,0.27,39227.3,0.2699,132267.1,0.2701,30687.8,0.2702,179624.7
1753503779697,04:22:59.697,ALGO/USDT:USDT,0.27,39227.3,0.2699,132267.1,0.2701,28985.7,0.2702,179624.7
1753503779896,04:22:59.896,ALGO/USDT:USDT,0.27,39227.3,0.2699,132267.1,0.2701,28985.7,0.2702,179624.7
1753503779996,04:22:59.996,ALGO/USDT:USDT,0.27,39227.3,0.2699,132267.1,0.2701,28985.7,0.2702,179624.7
1753503780396,04:23:00.396,ALGO/USDT:USDT,0.27,39227.3,0.2699,132267.1,0.2701,28985.8,0.2702,179624.7
1753503780696,04:23:00.696,ALGO/USDT:USDT,0.27,39227.3,0.2699,132267.1,0.2701,28985.8,0.2702,179624.7
1753503780897,04:23:00.897,ALGO/USDT:USDT,0.27,39227.3,0.2699,132267.1,0.2701,28985.8,0.2702,173425.4
1753503780997,04:23:00.997,ALGO/USDT:USDT,0.27,39227.3,0.2699,132267.1,0.2701,28985.8,0.2702,173425.4
1753503781098,04:23:01.098,ALGO/USDT:USDT,0.27,50175.5,0.2699,136555.5,0.2701,15628.9,0.2702,138662.3
1753503781196,04:23:01.196,ALGO/USDT:USDT,0.27,50400.4,0.2699,136555.5,0.2701,15628.9,0.2702,142820.9
1753503781297,04:23:01.297,ALGO/USDT:USDT,0.27,50400.4,0.2699,136555.5,0.2701,11328.5,0.2702,142820.9
1753503781397,04:23:01.397,ALGO/USDT:USDT,0.27,50400.4,0.2699,136555.5,0.2701,11328.5,0.2702,142895.0
1753503781497,04:23:01.497,ALGO/USDT:USDT,0.27,50400.4,0.2699,136555.5,0.2701,9269.4,0.2702,142895.0
1753503781597,04:23:01.597,ALGO/USDT:USDT,0.27,50400.4,0.2699,136555.5,0.2701,9269.4,0.2702,142895.0
1753503781697,04:23:01.697,ALGO/USDT:USDT,0.27,50400.4,0.2699,136555.5,0.2701,9269.4,0.2702,142820.9
1753503781797,04:23:01.797,ALGO/USDT:USDT,0.27,50390.0,0.2699,136555.5,0.2701,9269.4,0.2702,142820.9
1753503781996,04:23:01.996,ALGO/USDT:USDT,0.27,50390.0,0.2699,136555.5,0.2701,11328.5,0.2702,142895.0
1753503782099,04:23:02.099,ALGO/USDT:USDT,0.27,49716.2,0.2699,136555.5,0.2701,20226.5,0.2702,142895.0
1753503782397,04:23:02.397,ALGO/USDT:USDT,0.27,50165.1,0.2699,136925.8,0.2701,20226.5,0.2702,142895.0
1753503782497,04:23:02.497,ALGO/USDT:USDT,0.27,50390.0,0.2699,136925.8,0.2701,20226.5,0.2702,142895.0
1753503782597,04:23:02.597,ALGO/USDT:USDT,0.27,50165.1,0.2699,136925.8,0.2701,20226.5,0.2702,142895.0
1753503782797,04:23:02.797,ALGO/USDT:USDT,0.27,49491.3,0.2699,136925.8,0.2701,21026.5,0.2702,142895.0
1753503782896,04:23:02.896,ALGO/USDT:USDT,0.27,46534.7,0.2699,136851.7,0.2701,21026.5,0.2702,142895.0
1753503783097,04:23:03.097,ALGO/USDT:USDT,0.27,30534.7,0.2699,136851.7,0.2701,21100.6,0.2702,142895.0
1753503783197,04:23:03.197,ALGO/USDT:USDT,0.27,30534.7,0.2699,136851.7,0.2701,21100.6,0.2702,142895.0
1753503783297,04:23:03.297,ALGO/USDT:USDT,0.27,29388.7,0.2699,136851.7,0.2701,21100.6,0.2702,142895.0
1753503783397,04:23:03.397,ALGO/USDT:USDT,0.27,22293.5,0.2699,136851.7,0.2701,21100.6,0.2702,145850.5
1753503783497,04:23:03.497,ALGO/USDT:USDT,0.27,22293.5,0.2699,136851.7,0.2701,21100.6,0.2702,145850.5
1753503783596,04:23:03.596,ALGO/USDT:USDT,0.27,22293.5,0.2699,136851.7,0.2701,37775.4,0.2702,145850.5
1753503783697,04:23:03.697,ALGO/USDT:USDT,0.27,22293.5,0.2699,136851.7,0.2701,37775.4,0.2702,145850.5
1753503783804,04:23:03.804,ALGO/USDT:USDT,0.27,22293.5,0.2699,132693.0,0.2701,37775.4,0.2702,145850.5
1753503783897,04:23:03.897,ALGO/USDT:USDT,0.27,22293.5,0.2699,132693.0,0.2701,37100.6,0.2702,145850.5
1753503784296,04:23:04.296,ALGO/USDT:USDT,0.27,22271.1,0.2699,132693.0,0.2701,37100.6,0.2702,145850.5
1753503784396,04:23:04.396,ALGO/USDT:USDT,0.27,22292.9,0.2699,132322.7,0.2701,37100.6,0.2702,145850.5
1753503784597,04:23:04.597,ALGO/USDT:USDT,0.27,22292.9,0.2699,132322.7,0.2701,37100.6,0.2702,145850.5
1753503784996,04:23:04.996,ALGO/USDT:USDT,0.27,22292.9,0.2699,132322.7,0.2701,37100.6,0.2702,145850.5
1753503785097,04:23:05.097,ALGO/USDT:USDT,0.27,22292.9,0.2699,132322.7,0.2701,37119.2,0.2702,145817.7
1753503785197,04:23:05.197,ALGO/USDT:USDT,0.27,22292.9,0.2699,132322.7,0.2701,37045.1,0.2702,145817.7
1753503785296,04:23:05.296,ALGO/USDT:USDT,0.27,22292.9,0.2699,132322.7,0.2701,37794.0,0.2702,145817.7
1753503785497,04:23:05.497,ALGO/USDT:USDT,0.27,22292.9,0.2699,132322.7,0.2701,37794.0,0.2702,145817.7
1753503785697,04:23:05.697,ALGO/USDT:USDT,0.27,9142.4,0.2699,129365.0,0.2701,39208.4,0.2702,146196.1
1753503785797,04:23:05.797,ALGO/USDT:USDT,0.27,9142.4,0.2699,129365.0,0.2701,39208.4,0.2702,142010.8
1753503785896,04:23:05.896,ALGO/USDT:USDT,0.27,9142.4,0.2699,129365.0,0.2701,39208.4,0.2702,142377.5
1753503786196,04:23:06.196,ALGO/USDT:USDT,0.27,244.4,0.2699,129365.0,0.2701,40874.7,0.2702,142377.5
1753503786297,04:23:06.297,ALGO/USDT:USDT,0.27,244.4,0.2699,129365.0,0.2701,40874.7,0.2702,142377.5
1753503786397,04:23:06.397,ALGO/USDT:USDT,0.27,244.5,0.2699,129365.0,0.2701,40874.7,0.2702,142377.5
1753503786510,04:23:06.510,ALGO/USDT:USDT,0.27,244.5,0.2699,129365.0,0.2701,39208.4,0.2702,142735.1
1753503786597,04:23:06.597,ALGO/USDT:USDT,0.27,244.5,0.2699,129365.0,0.2701,39208.4,0.2702,142735.1
1753503786697,04:23:06.697,ALGO/USDT:USDT,0.27,9142.5,0.2699,129365.0,0.2701,39208.4,0.2702,142735.1
1753503786796,04:23:06.796,ALGO/USDT:USDT,0.27,244.5,0.2699,113365.0,0.2701,40874.7,0.2702,142735.1
1753503786897,04:23:06.897,ALGO/USDT:USDT,0.27,244.5,0.2699,113365.0,0.2701,40874.7,0.2702,142735.1
1753503786996,04:23:06.996,ALGO/USDT:USDT,0.27,244.5,0.2699,113365.0,0.2701,40874.7,0.2702,142735.1
1753503787296,04:23:07.296,ALGO/USDT:USDT,0.27,244.5,0.2699,113365.0,0.2701,40874.7,0.2702,143105.4
1753503787496,04:23:07.496,ALGO/USDT:USDT,0.27,244.5,0.2699,113365.0,0.2701,40874.7,0.2702,145309.7
1753503787597,04:23:07.597,ALGO/USDT:USDT,0.27,244.5,0.2699,113365.0,0.2701,40874.7,0.2702,146050.3
1753503787697,04:23:07.697,ALGO/USDT:USDT,0.27,244.5,0.2699,113365.0,0.2701,40874.7,0.2702,146789.4
1753503787897,04:23:07.897,ALGO/USDT:USDT,0.27,244.5,0.2699,113365.0,0.2701,40874.7,0.2702,146789.4
1753503787997,04:23:07.997,ALGO/USDT:USDT,0.27,244.5,0.2699,113365.0,0.2701,40874.7,0.2702,146789.4
1753503788101,04:23:08.101,ALGO/USDT:USDT,0.27,244.5,0.2699,113365.0,0.2701,40874.7,0.2702,146789.4
1753503788197,04:23:08.197,ALGO/USDT:USDT,0.27,244.5,0.2699,113365.0,0.2701,40874.7,0.2702,146789.4
1753503788297,04:23:08.297,ALGO/USDT:USDT,0.27,244.5,0.2699,113365.0,0.2701,39949.0,0.2702,146789.4
1753503788396,04:23:08.396,ALGO/USDT:USDT,0.27,244.5,0.2699,113365.0,0.2701,40874.7,0.2702,146789.4
1753503788497,04:23:08.497,ALGO/USDT:USDT,0.27,244.5,0.2699,113365.0,0.2701,40874.7,0.2702,147892.9
1753503788597,04:23:08.597,ALGO/USDT:USDT,0.27,244.5,0.2699,113365.0,0.2701,40886.1,0.2702,148263.2
1753503788797,04:23:08.797,ALGO/USDT:USDT,0.27,244.5,0.2699,113365.0,0.2701,40886.1,0.2702,148633.5
1753503788897,04:23:08.897,ALGO/USDT:USDT,0.27,244.5,0.2699,113365.0,0.2701,40890.3,0.2702,148633.5
1753503788997,04:23:08.997,ALGO/USDT:USDT,0.27,244.5,0.2699,113365.0,0.2701,40890.3,0.2702,149371.2
1753503789097,04:23:09.097,ALGO/USDT:USDT,0.27,244.5,0.2699,113365.0,0.2701,40890.3,0.2702,148633.5
1753503789296,04:23:09.296,ALGO/USDT:USDT,0.27,244.5,0.2699,113365.0,0.2701,40141.4,0.2702,148633.5
1753503789397,04:23:09.397,ALGO/USDT:USDT,0.27,244.5,0.2699,113365.0,0.2701,38475.1,0.2702,148633.5
1753503789497,04:23:09.497,ALGO/USDT:USDT,0.27,244.5,0.2699,113365.0,0.2701,39964.6,0.2702,148633.5
1753503789897,04:23:09.897,ALGO/USDT:USDT,0.27,244.5,0.2699,113365.0,0.2701,39964.6,0.2702,148633.5
1753503789996,04:23:09.996,ALGO/USDT:USDT,0.27,244.5,0.2699,113365.0,0.2701,39964.6,0.2702,148633.5
1753503790097,04:23:10.097,ALGO/USDT:USDT,0.27,244.5,0.2699,113365.0,0.2701,40890.3,0.2702,149000.7
1753503790197,04:23:10.197,ALGO/USDT:USDT,0.27,244.5,0.2699,113365.0,0.2701,40890.3,0.2702,149000.7
1753503790297,04:23:10.297,ALGO/USDT:USDT,0.27,244.5,0.2699,113365.0,0.2701,40890.3,0.2702,149000.7
1753503790598,04:23:10.598,ALGO/USDT:USDT,0.27,244.5,0.2699,113365.0,0.2701,40890.3,0.2702,149371.0
1753503790797,04:23:10.797,ALGO/USDT:USDT,0.27,244.5,0.2699,116321.6,0.2701,39964.6,0.2702,149371.0
1753503790897,04:23:10.897,ALGO/USDT:USDT,0.27,244.5,0.2699,116321.6,0.2701,39890.5,0.2702,149000.7
1753503790997,04:23:10.997,ALGO/USDT:USDT,0.27,244.5,0.2699,116321.6,0.2701,39964.6,0.2702,149000.7
1753503791197,04:23:11.197,ALGO/USDT:USDT,0.27,244.5,0.2699,116321.6,0.2701,40890.3,0.2702,149000.7
1753503791597,04:23:11.597,ALGO/USDT:USDT,0.27,244.5,0.2699,116321.6,0.2701,40890.3,0.2702,149371.0
1753503791897,04:23:11.897,ALGO/USDT:USDT,0.27,244.5,0.2699,116321.6,0.2701,40903.6,0.2702,149000.7
1753503792297,04:23:12.297,ALGO/USDT:USDT,0.27,244.5,0.2699,116321.6,0.2701,40903.6,0.2702,136000.7
1753503792597,04:23:12.597,ALGO/USDT:USDT,0.27,244.5,0.2699,116321.6,0.2701,40903.6,0.2702,136000.7
1753503792797,04:23:12.797,ALGO/USDT:USDT,0.27,244.5,0.2699,116321.6,0.2701,40903.6,0.2702,136000.7
1753503792897,04:23:12.897,ALGO/USDT:USDT,0.27,244.5,0.2699,116321.6,0.2701,40903.6,0.2702,136741.3
1753503792997,04:23:12.997,ALGO/USDT:USDT,0.27,244.5,0.2699,116321.6,0.2701,40903.6,0.2702,137108.7
1753503793098,04:23:13.098,ALGO/USDT:USDT,0.27,244.5,0.2699,116321.6,0.2701,40903.6,0.2702,137479.0
1753503793196,04:23:13.196,ALGO/USDT:USDT,0.27,244.5,0.2699,116321.6,0.2701,40903.6,0.2702,137479.0
1753503793297,04:23:13.297,ALGO/USDT:USDT,0.27,244.5,0.2699,116321.6,0.2701,40903.6,0.2702,137479.0
1753503793597,04:23:13.597,ALGO/USDT:USDT,0.27,244.5,0.2699,116321.6,0.2701,40903.6,0.2702,137849.3
1753503793797,04:23:13.797,ALGO/USDT:USDT,0.2699,36098.3,0.2698,133024.1,0.27,44729.3,0.2701,118153.4
1753503793897,04:23:13.897,ALGO/USDT:USDT,0.2699,30243.4,0.2698,133024.1,0.27,44729.3,0.2701,117042.2
1753503793996,04:23:13.996,ALGO/USDT:USDT,0.2699,30243.4,0.2698,130774.8,0.27,48887.2,0.2701,117042.2
1753503794099,04:23:14.099,ALGO/USDT:USDT,0.2699,30243.4,0.2698,130774.8,0.27,48887.2,0.2701,117042.2
1753503794196,04:23:14.196,ALGO/USDT:USDT,0.2699,30243.4,0.2698,130774.8,0.27,48887.2,0.2701,117042.2
1753503794297,04:23:14.297,ALGO/USDT:USDT,0.2699,30243.4,0.2698,126830.1,0.27,49636.1,0.2701,116367.4
1753503794397,04:23:14.397,ALGO/USDT:USDT,0.2699,19180.5,0.2698,126830.1,0.27,49007.2,0.2701,116326.7
1753503794497,04:23:14.497,ALGO/USDT:USDT,0.2699,19180.5,0.2698,126830.1,0.27,49007.2,0.2701,115587.4
1753503794598,04:23:14.598,ALGO/USDT:USDT,0.2699,19180.5,0.2698,126830.1,0.27,49007.2,0.2701,115220.5
1753503794697,04:23:14.697,ALGO/USDT:USDT,0.2699,34180.5,0.2698,126830.1,0.27,48933.1,0.2701,115220.5
1753503794797,04:23:14.797,ALGO/USDT:USDT,0.2699,34180.5,0.2698,126830.1,0.27,49007.2,0.2701,114862.9
1753503794896,04:23:14.896,ALGO/USDT:USDT,0.2699,34180.5,0.2698,126830.1,0.27,48933.1,0.2701,114862.9
1753503795197,04:23:15.197,ALGO/USDT:USDT,0.2699,34180.5,0.2698,126830.1,0.27,49682.0,0.2701,114862.9
1753503795296,04:23:15.296,ALGO/USDT:USDT,0.2699,34180.5,0.2698,126830.1,0.27,49007.2,0.2701,127862.9
1753503795397,04:23:15.397,ALGO/USDT:USDT,0.2699,34180.5,0.2698,126830.1,0.27,49007.2,0.2701,127862.9
1753503795497,04:23:15.497,ALGO/USDT:USDT,0.2699,34180.5,0.2698,126830.1,0.27,49007.2,0.2701,127862.9
1753503796097,04:23:16.097,ALGO/USDT:USDT,0.2699,34180.5,0.2698,126830.1,0.27,49007.2,0.2701,127862.9
1753503796197,04:23:16.197,ALGO/USDT:USDT,0.2699,34180.5,0.2698,126904.2,0.27,49007.2,0.2701,127862.9
1753503796297,04:23:16.297,ALGO/USDT:USDT,0.2699,34180.5,0.2698,126904.2,0.27,48933.1,0.2701,127862.9
1753503796497,04:23:16.497,ALGO/USDT:USDT,0.2699,34180.5,0.2698,126904.2,0.27,48933.1,0.2701,144572.0
1753503796597,04:23:16.597,ALGO/USDT:USDT,0.2699,34180.5,0.2698,126904.2,0.27,48933.1,0.2701,144572.0
1753503796797,04:23:16.797,ALGO/USDT:USDT,0.2699,34180.5,0.2698,126830.1,0.27,49493.3,0.2701,144134.9
1753503796896,04:23:16.896,ALGO/USDT:USDT,0.2699,34180.5,0.2698,126830.1,0.27,49567.4,0.2701,144134.9
1753503796998,04:23:16.998,ALGO/USDT:USDT,0.2699,34180.5,0.2698,126904.2,0.27,49567.4,0.2701,144134.9
1753503797197,04:23:17.197,ALGO/USDT:USDT,0.2699,34180.5,0.2698,126904.2,0.27,49567.4,0.2701,144134.9
1753503797396,04:23:17.396,ALGO/USDT:USDT,0.2699,34180.5,0.2698,126904.2,0.27,49493.3,0.2701,144134.9
1753503797496,04:23:17.496,ALGO/USDT:USDT,0.2699,34180.5,0.2698,126904.2,0.27,49499.9,0.2701,150310.5
1753503797597,04:23:17.597,ALGO/USDT:USDT,0.2699,34180.5,0.2698,126904.2,0.27,49499.9,0.2701,150310.5
1753503797697,04:23:17.697,ALGO/USDT:USDT,0.2699,34180.5,0.2698,126904.2,0.27,49499.9,0.2701,150310.5
1753503797896,04:23:17.896,ALGO/USDT:USDT,0.2699,34180.5,0.2698,126830.1,0.27,49525.0,0.2701,150310.5
1753503798196,04:23:18.196,ALGO/USDT:USDT,0.2699,34180.5,0.2698,126904.2,0.27,49525.0,0.2701,150310.5
1753503798997,04:23:18.997,ALGO/USDT:USDT,0.2699,34180.5,0.2698,126830.1,0.27,50273.9,0.2701,150310.5
1753503799096,04:23:19.096,ALGO/USDT:USDT,0.2699,34180.5,0.2698,126830.1,0.27,49525.0,0.2701,150310.5
1753503799197,04:23:19.197,ALGO/USDT:USDT,0.2699,34180.5,0.2698,126904.2,0.27,49525.0,0.2701,150310.5
1753503799597,04:23:19.597,ALGO/USDT:USDT,0.2699,34180.5,0.2698,126904.2,0.27,49528.4,0.2701,150310.5
1753503799697,04:23:19.697,ALGO/USDT:USDT,0.2699,34180.5,0.2698,126904.2,0.27,49557.5,0.2701,150281.3
1753503799797,04:23:19.797,ALGO/USDT:USDT,0.2699,34180.5,0.2698,126904.2,0.27,49557.5,0.2701,150281.3
1753503799897,04:23:19.897,ALGO/USDT:USDT,0.2699,34180.5,0.2698,126904.2,0.27,49557.5,0.2701,150281.3
1753503799997,04:23:19.997,ALGO/USDT:USDT,0.2699,34180.5,0.2698,126904.2,0.27,49631.6,0.2701,150281.3
1753503800100,04:23:20.100,ALGO/USDT:USDT,0.2699,34180.5,0.2698,126904.2,0.27,49631.6,0.2701,150281.3
1753503800197,04:23:20.197,ALGO/USDT:USDT,0.2699,34180.5,0.2698,126830.1,0.27,49631.6,0.2701,150281.3
1753503800297,04:23:20.297,ALGO/USDT:USDT,0.2699,34180.5,0.2698,126830.1,0.27,50306.4,0.2701,150281.3
1753503800397,04:23:20.397,ALGO/USDT:USDT,0.2699,34180.5,0.2698,126904.2,0.27,49631.6,0.2701,150281.3
1753503800597,04:23:20.597,ALGO/USDT:USDT,0.2699,34180.5,0.2698,126904.2,0.27,49631.6,0.2701,150281.3
1753503800697,04:23:20.697,ALGO/USDT:USDT,0.2699,34180.5,0.2698,126904.2,0.27,50306.4,0.2701,150281.3
1753503800797,04:23:20.797,ALGO/USDT:USDT,0.2699,34180.5,0.2698,126904.2,0.27,49557.5,0.2701,150281.3
1753503800997,04:23:20.997,ALGO/USDT:USDT,0.2699,34180.5,0.2698,126904.2,0.27,49557.5,0.2701,150281.3
1753503801197,04:23:21.197,ALGO/USDT:USDT,0.2699,34180.5,0.2698,126830.1,0.27,50980.2,0.2701,150281.3
1753503801597,04:23:21.597,ALGO/USDT:USDT,0.2699,34180.5,0.2698,126904.2,0.27,49631.6,0.2701,150281.3
1753503801697,04:23:21.697,ALGO/USDT:USDT,0.2699,34180.5,0.2698,126904.2,0.27,49557.5,0.2701,150281.3
1753503801897,04:23:21.897,ALGO/USDT:USDT,0.2699,34180.5,0.2698,126904.2,0.27,49557.5,0.2701,150281.3
1753503801997,04:23:21.997,ALGO/USDT:USDT,0.2699,34180.5,0.2698,126904.2,0.27,50906.1,0.2701,150281.3
1753503802100,04:23:22.100,ALGO/USDT:USDT,0.2699,34180.5,0.2698,126904.2,0.27,50231.3,0.2701,150281.3
1753503802297,04:23:22.297,ALGO/USDT:USDT,0.2699,34180.5,0.2698,126830.1,0.27,50980.2,0.2701,150281.3
1753503802897,04:23:22.897,ALGO/USDT:USDT,0.2699,34180.5,0.2698,126830.1,0.27,50420.0,0.2701,150281.3
1753503802997,04:23:22.997,ALGO/USDT:USDT,0.2699,34180.5,0.2698,126904.2,0.27,49543.8,0.2701,150281.3
1753503803097,04:23:23.097,ALGO/USDT:USDT,0.2699,34180.5,0.2698,126904.2,0.27,49543.8,0.2701,150281.3
1753503803197,04:23:23.197,ALGO/USDT:USDT,0.2699,34180.5,0.2698,126904.2,0.27,50218.6,0.2701,150281.3
1753503803297,04:23:23.297,ALGO/USDT:USDT,0.2699,34180.5,0.2698,126904.2,0.27,49543.8,0.2701,150281.3
1753503803397,04:23:23.397,ALGO/USDT:USDT,0.2699,34180.5,0.2698,126830.1,0.27,50966.5,0.2701,150281.3
1753503804196,04:23:24.196,ALGO/USDT:USDT,0.2699,24482.5,0.2698,126830.1,0.27,50966.5,0.2701,150281.3
1753503804297,04:23:24.297,ALGO/USDT:USDT,0.2699,24482.5,0.2698,126830.1,0.27,50966.5,0.2701,151022.1
1753503804598,04:23:24.598,ALGO/USDT:USDT,0.2699,17340.0,0.2698,126830.1,0.27,50966.5,0.2701,151022.1
1753503804996,04:23:24.996,ALGO/USDT:USDT,0.2699,17340.0,0.2698,126830.1,0.27,50966.5,0.2701,151022.1
1753503805197,04:23:25.197,ALGO/USDT:USDT,0.2699,17340.0,0.2698,126830.1,0.27,50966.5,0.2701,151022.1
1753503805297,04:23:25.297,ALGO/USDT:USDT,0.2699,17340.0,0.2698,126830.1,0.27,50966.5,0.2701,151022.1
1753503805496,04:23:25.496,ALGO/USDT:USDT,0.2699,17340.0,0.2698,126830.1,0.27,50966.5,0.2701,151022.1
1753503805598,04:23:25.598,ALGO/USDT:USDT,0.2699,17340.0,0.2698,126830.1,0.27,50966.5,0.2701,152487.2
1753503805896,04:23:25.896,ALGO/USDT:USDT,0.2699,17340.0,0.2698,126830.1,0.27,49626.6,0.2701,152487.2
1753503806100,04:23:26.100,ALGO/USDT:USDT,0.2699,17340.0,0.2698,126830.1,0.27,50304.7,0.2701,152487.2
1753503806197,04:23:26.197,ALGO/USDT:USDT,0.2699,17340.0,0.2698,126830.1,0.27,50978.5,0.2701,152487.2
1753503806397,04:23:26.397,ALGO/USDT:USDT,0.2699,17340.0,0.2698,126830.1,0.27,50996.3,0.2701,152487.2
1753503806497,04:23:26.497,ALGO/USDT:USDT,0.2699,17340.0,0.2698,126830.1,0.27,50996.3,0.2701,152487.2
1753503806797,04:23:26.797,ALGO/USDT:USDT,0.2699,17340.0,0.2698,126830.1,0.27,50322.5,0.2701,152487.2
1753503806897,04:23:26.897,ALGO/USDT:USDT,0.2699,17340.0,0.2698,126830.1,0.27,51323.4,0.2701,151486.5
1753503807497,04:23:27.497,ALGO/USDT:USDT,0.2699,17340.0,0.2698,126830.1,0.27,51997.2,0.2701,151486.5
1753503807597,04:23:27.597,ALGO/USDT:USDT,0.2699,17340.0,0.2698,126830.1,0.27,51997.2,0.2701,151486.5
1753503807697,04:23:27.697,ALGO/USDT:USDT,0.2699,17340.0,0.2698,126830.1,0.27,51997.2,0.2701,151486.5
1753503807797,04:23:27.797,ALGO/USDT:USDT,0.2699,17340.0,0.2698,126830.1,0.27,51997.2,0.2701,151486.5
1753503807897,04:23:27.897,ALGO/USDT:USDT,0.2699,17340.0,0.2698,126830.1,0.27,51997.2,0.2701,151486.5
1753503807996,04:23:27.996,ALGO/USDT:USDT,0.2699,17340.0,0.2698,126830.1,0.27,51997.2,0.2701,151486.5
1753503808097,04:23:28.097,ALGO/USDT:USDT,0.2699,17340.0,0.2698,126830.1,0.27,51997.2,0.2701,151486.5
1753503808597,04:23:28.597,ALGO/USDT:USDT,0.2699,17340.0,0.2698,126830.1,0.27,51997.2,0.2701,151486.5
1753503809297,04:23:29.297,ALGO/USDT:USDT,0.2699,17340.0,0.2698,126830.1,0.27,51997.2,0.2701,151486.5
1753503809497,04:23:29.497,ALGO/USDT:USDT,0.2699,17340.0,0.2698,126830.1,0.27,51997.2,0.2701,151486.5
1753503809597,04:23:29.597,ALGO/USDT:USDT,0.2699,17340.0,0.2698,126830.1,0.27,50648.6,0.2701,151486.5
1753503809796,04:23:29.796,ALGO/USDT:USDT,0.2699,17340.0,0.2698,126830.1,0.27,50648.6,0.2701,151486.5
1753503809896,04:23:29.896,ALGO/USDT:USDT,0.2699,17340.0,0.2698,126830.1,0.27,50648.6,0.2701,151486.5
1753503809998,04:23:29.998,ALGO/USDT:USDT,0.2699,17340.0,0.2698,126830.1,0.27,50648.6,0.2701,151486.5
1753503810097,04:23:30.097,ALGO/USDT:USDT,0.2699,17340.0,0.2698,126830.1,0.27,51997.2,0.2701,151486.5
1753503810297,04:23:30.297,ALGO/USDT:USDT,0.2699,17340.0,0.2698,126830.1,0.27,51997.2,0.2701,151844.1
1753503810797,04:23:30.797,ALGO/USDT:USDT,0.2699,17340.0,0.2698,126830.1,0.27,51997.2,0.2701,151844.1
1753503810896,04:23:30.896,ALGO/USDT:USDT,0.2699,17340.0,0.2698,126830.1,0.27,51997.1,0.2701,151844.1
1753503810997,04:23:30.997,ALGO/USDT:USDT,0.2699,17340.0,0.2698,126830.1,0.27,51997.1,0.2701,151844.1
1753503811197,04:23:31.197,ALGO/USDT:USDT,0.2699,17340.0,0.2698,126830.1,0.27,51997.1,0.2701,151844.1
1753503811297,04:23:31.297,ALGO/USDT:USDT,0.2699,17340.0,0.2698,126830.1,0.27,51984.0,0.2701,152214.5
1753503811497,04:23:31.497,ALGO/USDT:USDT,0.2699,17340.0,0.2698,126830.1,0.27,51984.0,0.2701,152214.5
1753503811597,04:23:31.597,ALGO/USDT:USDT,0.2699,17340.0,0.2698,126830.1,0.27,50561.3,0.2701,152214.5
1753503811697,04:23:31.697,ALGO/USDT:USDT,0.2699,17340.0,0.2698,126830.1,0.27,51984.0,0.2701,152214.5
1753503811997,04:23:31.997,ALGO/USDT:USDT,0.2699,17340.0,0.2698,126830.1,0.27,51984.0,0.2701,152214.5
1753503812099,04:23:32.099,ALGO/USDT:USDT,0.2699,17340.0,0.2698,126830.1,0.27,51984.0,0.2701,152214.5
1753503812196,04:23:32.196,ALGO/USDT:USDT,0.2699,24522.2,0.2698,126904.2,0.27,50561.3,0.2701,152214.5
1753503812297,04:23:32.297,ALGO/USDT:USDT,0.2699,24522.2,0.2698,126830.1,0.27,51984.0,0.2701,152214.5
1753503812397,04:23:32.397,ALGO/USDT:USDT,0.2699,24522.2,0.2698,126830.1,0.27,51908.1,0.2701,152214.5
1753503812497,04:23:32.497,ALGO/USDT:USDT,0.2699,24522.2,0.2698,126830.1,0.27,51982.2,0.2701,152214.5
1753503812797,04:23:32.797,ALGO/USDT:USDT,0.2699,24522.2,0.2698,126830.1,0.27,51957.5,0.2701,152214.5
1753503812897,04:23:32.897,ALGO/USDT:USDT,0.2699,24522.2,0.2698,126830.1,0.27,51981.9,0.2701,152214.5
1753503813396,04:23:33.396,ALGO/USDT:USDT,0.2699,24522.2,0.2698,126830.1,0.27,51981.9,0.2701,151844.1
1753503813497,04:23:33.497,ALGO/USDT:USDT,0.2699,24522.2,0.2698,126830.1,0.27,51981.9,0.2701,151844.1
1753503813597,04:23:33.597,ALGO/USDT:USDT,0.2699,24522.2,0.2698,126830.1,0.27,51981.9,0.2701,151844.1
1753503813697,04:23:33.697,ALGO/USDT:USDT,0.2699,24522.2,0.2698,126830.1,0.27,51981.9,0.2701,151844.1
1753503814197,04:23:34.197,ALGO/USDT:USDT,0.2699,24522.2,0.2698,126830.1,0.27,51981.9,0.2701,151844.1
1753503814397,04:23:34.397,ALGO/USDT:USDT,0.2699,24522.2,0.2698,126830.1,0.27,51981.9,0.2701,151844.1
1753503814496,04:23:34.496,ALGO/USDT:USDT,0.2699,24522.2,0.2698,126904.2,0.27,50559.2,0.2701,151844.1
1753503814597,04:23:34.597,ALGO/USDT:USDT,0.2699,24522.2,0.2698,126904.2,0.27,50633.3,0.2701,151844.1
1753503814996,04:23:34.996,ALGO/USDT:USDT,0.2699,24522.2,0.2698,126830.1,0.27,51308.1,0.2701,151844.1
1753503815196,04:23:35.196,ALGO/USDT:USDT,0.2699,24522.2,0.2698,126904.2,0.27,50556.9,0.2701,151844.1
1753503815297,04:23:35.297,ALGO/USDT:USDT,0.2699,24522.2,0.2698,126904.2,0.27,50631.0,0.2701,151844.1
1753503815397,04:23:35.397,ALGO/USDT:USDT,0.2699,24522.2,0.2698,126904.2,0.27,50631.0,0.2701,151844.1
1753503815497,04:23:35.497,ALGO/USDT:USDT,0.2699,24522.2,0.2698,126904.2,0.27,51305.8,0.2701,151844.1
1753503815597,04:23:35.597,ALGO/USDT:USDT,0.2699,33865.8,0.2698,126904.2,0.27,50556.9,0.2701,151844.1
1753503815697,04:23:35.697,ALGO/USDT:USDT,0.2699,33865.8,0.2698,126904.2,0.27,51305.8,0.2701,151844.1
1753503815797,04:23:35.797,ALGO/USDT:USDT,0.2699,33865.8,0.2698,126904.2,0.27,50631.0,0.2701,151844.1
1753503815997,04:23:35.997,ALGO/USDT:USDT,0.2699,33865.8,0.2698,126904.2,0.27,51979.6,0.2701,153750.8
1753503816100,04:23:36.100,ALGO/USDT:USDT,0.2699,33865.8,0.2698,126904.2,0.27,51305.8,0.2701,153750.8
1753503816397,04:23:36.397,ALGO/USDT:USDT,0.2699,33865.8,0.2698,126904.2,0.27,51979.6,0.2701,153750.8
1753503816997,04:23:36.997,ALGO/USDT:USDT,0.2699,33865.8,0.2698,126904.2,0.27,51305.8,0.2701,153750.8
1753503817097,04:23:37.097,ALGO/USDT:USDT,0.2699,33865.8,0.2698,126904.2,0.27,51979.6,0.2701,153750.8
1753503817297,04:23:37.297,ALGO/USDT:USDT,0.2699,33865.8,0.2698,126830.1,0.27,51979.6,0.2701,153750.8
1753503817397,04:23:37.397,ALGO/USDT:USDT,0.2699,33865.8,0.2698,126904.2,0.27,51905.5,0.2701,153750.8
1753503817497,04:23:37.497,ALGO/USDT:USDT,0.2699,34665.8,0.2698,126904.2,0.27,51230.7,0.2701,153750.8
1753503817597,04:23:37.597,ALGO/USDT:USDT,0.2699,34665.8,0.2698,126904.2,0.27,51230.7,0.2701,153026.3
1753503817697,04:23:37.697,ALGO/USDT:USDT,0.2699,34665.8,0.2698,126904.2,0.27,50556.9,0.2701,153026.3
1753503817797,04:23:37.797,ALGO/USDT:USDT,0.2699,34665.8,0.2698,126904.2,0.27,50556.9,0.2701,153026.3
1753503817997,04:23:37.997,ALGO/USDT:USDT,0.2699,34665.8,0.2698,126904.2,0.27,50556.9,0.2701,153026.3
1753503818099,04:23:38.099,ALGO/USDT:USDT,0.2699,34665.8,0.2698,126904.2,0.27,51979.6,0.2701,153026.3
1753503818197,04:23:38.197,ALGO/USDT:USDT,0.2699,34665.8,0.2698,126904.2,0.27,51979.6,0.2701,153026.3
1753503818296,04:23:38.296,ALGO/USDT:USDT,0.2699,34665.8,0.2698,126830.1,0.27,51979.6,0.2701,153026.3
1753503818397,04:23:38.397,ALGO/USDT:USDT,0.2699,25322.2,0.2698,126830.1,0.27,51979.6,0.2701,153026.3
1753503818497,04:23:38.497,ALGO/USDT:USDT,0.2699,18140.0,0.2698,126830.1,0.27,51979.6,0.2701,153026.3
1753503818697,04:23:38.697,ALGO/USDT:USDT,0.2699,18140.0,0.2698,126830.1,0.27,51991.8,0.2701,153026.3
1753503818997,04:23:38.997,ALGO/USDT:USDT,0.2699,18140.0,0.2698,126830.1,0.27,51991.8,0.2701,153026.3
1753503819097,04:23:39.097,ALGO/USDT:USDT,0.2699,18140.0,0.2698,126830.1,0.27,51991.8,0.2701,153026.3
1753503819397,04:23:39.397,ALGO/USDT:USDT,0.2699,18140.0,0.2698,126830.1,0.27,51991.8,0.2701,153396.7
1753503819497,04:23:39.497,ALGO/USDT:USDT,0.2699,18140.0,0.2698,126830.1,0.27,51991.8,0.2701,154121.2
1753503819597,04:23:39.597,ALGO/USDT:USDT,0.2699,18140.0,0.2698,126830.1,0.27,51917.7,0.2701,154121.2
1753503819897,04:23:39.897,ALGO/USDT:USDT,0.2699,18140.0,0.2698,126830.1,0.27,51991.8,0.2701,154121.2
1753503819997,04:23:39.997,ALGO/USDT:USDT,0.2699,18140.0,0.2698,126830.1,0.27,51991.8,0.2701,154121.2
1753503820196,04:23:40.196,ALGO/USDT:USDT,0.2699,18140.0,0.2698,126830.1,0.27,51917.7,0.2701,154121.2
1753503820296,04:23:40.296,ALGO/USDT:USDT,0.2699,18140.0,0.2698,126830.1,0.27,51242.9,0.2701,154121.2
1753503820397,04:23:40.397,ALGO/USDT:USDT,0.2699,18140.0,0.2698,126830.1,0.27,50569.8,0.2701,154121.2
1753503820596,04:23:40.596,ALGO/USDT:USDT,0.2699,18140.0,0.2698,126830.1,0.27,51918.4,0.2701,153239.8
1753503820696,04:23:40.696,ALGO/USDT:USDT,0.2699,45612.4,0.2698,135241.4,0.27,37772.8,0.2701,141120.0
1753503820797,04:23:40.797,ALGO/USDT:USDT,0.2699,44938.6,0.2698,135241.4,0.27,41931.3,0.2701,138914.1
1753503820897,04:23:40.897,ALGO/USDT:USDT,0.2699,44938.6,0.2698,135241.4,0.27,41950.2,0.2701,138914.1
1753503820997,04:23:40.997,ALGO/USDT:USDT,0.2699,44938.6,0.2698,135241.4,0.27,41950.2,0.2701,138914.1
1753503821097,04:23:41.097,ALGO/USDT:USDT,0.2699,41980.9,0.2698,135241.4,0.27,41950.2,0.2701,138914.1
1753503821297,04:23:41.297,ALGO/USDT:USDT,0.2699,41980.9,0.2698,135241.4,0.27,41928.1,0.2701,138914.1
1753503821397,04:23:41.397,ALGO/USDT:USDT,0.2699,41980.9,0.2698,135241.4,0.27,41957.8,0.2701,138914.1
1753503821497,04:23:41.497,ALGO/USDT:USDT,0.2699,41980.9,0.2698,135241.4,0.27,41957.8,0.2701,138914.1
1753503821997,04:23:41.997,ALGO/USDT:USDT,0.2699,41980.9,0.2698,135167.3,0.27,41957.8,0.2701,138988.2
1753503822099,04:23:42.099,ALGO/USDT:USDT,0.2699,41980.9,0.2698,135241.4,0.27,41957.8,0.2701,138988.2
1753503822196,04:23:42.196,ALGO/USDT:USDT,0.2699,41980.9,0.2698,135241.4,0.27,41957.8,0.2701,138914.1
1753503822497,04:23:42.497,ALGO/USDT:USDT,0.2699,42654.7,0.2698,135241.4,0.27,22103.0,0.2701,138914.1
1753503822598,04:23:42.598,ALGO/USDT:USDT,0.2699,45612.4,0.2698,135241.4,0.27,12405.0,0.2701,138914.1
1753503822697,04:23:42.697,ALGO/USDT:USDT,0.2699,45612.4,0.2698,135241.4,0.27,12405.0,0.2701,138914.1
1753503822797,04:23:42.797,ALGO/USDT:USDT,0.2699,45612.4,0.2698,135241.4,0.27,8246.5,0.2701,143072.5
1753503822897,04:23:42.897,ALGO/USDT:USDT,0.2699,45612.4,0.2698,135241.4,0.27,8246.5,0.2701,143072.5
1753503823097,04:23:43.097,ALGO/USDT:USDT,0.2699,44938.6,0.2698,135241.4,0.27,15427.9,0.2701,143072.5
1753503823197,04:23:43.197,ALGO/USDT:USDT,0.2699,41980.9,0.2698,135241.4,0.27,15427.9,0.2701,143072.5
1753503823397,04:23:43.397,ALGO/USDT:USDT,0.2699,41980.9,0.2698,135611.8,0.27,15427.9,0.2701,143072.5
1753503823497,04:23:43.497,ALGO/USDT:USDT,0.2699,41980.9,0.2698,135611.8,0.27,15427.9,0.2701,143072.5
1753503823697,04:23:43.697,ALGO/USDT:USDT,0.2699,41980.9,0.2698,135611.8,0.27,24771.5,0.2701,143072.5
1753503823996,04:23:43.996,ALGO/USDT:USDT,0.2699,42654.7,0.2698,135611.8,0.27,15527.6,0.2701,143072.5
1753503824197,04:23:44.197,ALGO/USDT:USDT,0.2699,58654.7,0.2698,135611.8,0.27,15527.6,0.2701,143072.5
1753503824297,04:23:44.297,ALGO/USDT:USDT,0.2699,58654.7,0.2698,135611.8,0.27,15527.6,0.2701,143072.5
1753503824396,04:23:44.396,ALGO/USDT:USDT,0.2699,58879.6,0.2698,135611.8,0.27,15527.6,0.2701,143072.5
1753503824497,04:23:44.497,ALGO/USDT:USDT,0.2698,22579.4,0.2697,86765.5,0.2699,70151.3,0.27,110002.8
1753503824599,04:23:44.599,ALGO/USDT:USDT,0.2698,7325.5,0.2697,85636.4,0.2699,77015.9,0.27,131025.8
1753503824697,04:23:44.697,ALGO/USDT:USDT,0.2698,7325.5,0.2697,85265.9,0.2699,76412.7,0.27,131748.3
1753503824797,04:23:44.797,ALGO/USDT:USDT,0.2698,7325.5,0.2697,85265.9,0.2699,70928.4,0.27,132118.8
1753503824897,04:23:44.897,ALGO/USDT:USDT,0.2698,16669.1,0.2697,85265.9,0.2699,70041.5,0.27,127486.8
1753503824997,04:23:44.997,ALGO/USDT:USDT,0.2698,16669.1,0.2697,85265.9,0.2699,70790.5,0.27,127854.3
1753503825096,04:23:45.096,ALGO/USDT:USDT,0.2698,16669.1,0.2697,85265.9,0.2699,70041.5,0.27,127116.3
1753503825197,04:23:45.197,ALGO/USDT:USDT,0.2698,16669.1,0.2697,85265.9,0.2699,70716.3,0.27,127116.3
1753503825297,04:23:45.297,ALGO/USDT:USDT,0.2698,16669.1,0.2697,85265.9,0.2699,70716.3,0.27,127116.3
1753503825397,04:23:45.397,ALGO/USDT:USDT,0.2698,16669.1,0.2697,85265.9,0.2699,70041.5,0.27,127116.3
1753503825597,04:23:45.597,ALGO/USDT:USDT,0.2698,16669.1,0.2697,85265.9,0.2699,70716.3,0.27,143358.2
1753503825696,04:23:45.696,ALGO/USDT:USDT,0.2698,16669.1,0.2697,85265.9,0.2699,70716.3,0.27,143358.2
1753503825797,04:23:45.797,ALGO/USDT:USDT,0.2698,16669.1,0.2697,85265.9,0.2699,70716.3,0.27,143358.2
1753503825897,04:23:45.897,ALGO/USDT:USDT,0.2698,16669.1,0.2697,85265.9,0.2699,70041.5,0.27,143358.2
1753503825997,04:23:45.997,ALGO/USDT:USDT,0.2698,16669.1,0.2697,85265.9,0.2699,70041.5,0.27,143358.2
1753503826097,04:23:46.097,ALGO/USDT:USDT,0.2698,16669.1,0.2697,85265.9,0.2699,71464.3,0.27,143358.2
1753503826197,04:23:46.197,ALGO/USDT:USDT,0.2698,16669.1,0.2697,85265.9,0.2699,70716.3,0.27,153646.7
1753503826297,04:23:46.297,ALGO/USDT:USDT,0.2698,16669.1,0.2697,85265.9,0.2699,41764.1,0.27,153599.2
1753503826397,04:23:46.397,ALGO/USDT:USDT,0.2698,18007.5,0.2697,88223.4,0.2699,29775.6,0.27,153599.2
1753503826497,04:23:46.497,ALGO/USDT:USDT,0.2698,18007.5,0.2697,88223.4,0.2699,29775.6,0.27,149732.2
1753503826598,04:23:46.598,ALGO/USDT:USDT,0.2698,18007.5,0.2697,88223.4,0.2699,29775.6,0.27,149732.2
1753503826697,04:23:46.697,ALGO/USDT:USDT,0.2698,18007.5,0.2697,88223.4,0.2699,29775.6,0.27,148991.1
1753503826797,04:23:46.797,ALGO/USDT:USDT,0.2698,18007.5,0.2697,88223.4,0.2699,29806.1,0.27,148961.4
1753503826997,04:23:46.997,ALGO/USDT:USDT,0.2698,24347.6,0.2697,104214.5,0.2699,5063.4,0.27,115642.3
1753503827097,04:23:47.097,ALGO/USDT:USDT,0.2698,40347.6,0.2697,104214.5,0.2699,5063.4,0.27,103445.7
1753503827197,04:23:47.197,ALGO/USDT:USDT,0.2698,40347.6,0.2697,104214.5,0.2699,905.2,0.27,107260.1
1753503827297,04:23:47.297,ALGO/USDT:USDT,0.2698,39673.8,0.2697,104214.5,0.2699,905.2,0.27,107260.1
1753503827396,04:23:47.396,ALGO/USDT:USDT,0.2698,40347.6,0.2697,104585.0,0.2699,905.2,0.27,107260.1
1753503827497,04:23:47.497,ALGO/USDT:USDT,0.2698,40347.6,0.2697,104585.0,0.2699,905.2,0.27,117206.3
1753503827597,04:23:47.597,ALGO/USDT:USDT,0.2698,40347.6,0.2697,104585.0,0.2699,905.2,0.27,117206.3
1753503827896,04:23:47.896,ALGO/USDT:USDT,0.2698,39673.8,0.2697,104585.0,0.2699,905.2,0.27,117206.3
1753503828099,04:23:48.099,ALGO/USDT:USDT,0.2698,39749.5,0.2697,104585.0,0.2699,10248.8,0.27,117206.3
1753503828297,04:23:48.297,ALGO/USDT:USDT,0.2698,39749.5,0.2697,104585.0,0.2699,10248.3,0.27,117206.3
1753503828397,04:23:48.397,ALGO/USDT:USDT,0.2698,39749.5,0.2697,104585.0,0.2699,10248.3,0.27,117206.3
1753503828497,04:23:48.497,ALGO/USDT:USDT,0.2698,36792.0,0.2697,104585.0,0.2699,10248.3,0.27,117206.3
1753503828597,04:23:48.597,ALGO/USDT:USDT,0.2698,36792.0,0.2697,104585.0,0.2699,10248.3,0.27,117206.3
1753503828697,04:23:48.697,ALGO/USDT:USDT,0.2698,36792.0,0.2697,104585.0,0.2699,10248.3,0.27,117177.9
1753503828796,04:23:48.796,ALGO/USDT:USDT,0.2698,36792.0,0.2697,104585.0,0.2699,10289.5,0.27,117177.9
1753503828996,04:23:48.996,ALGO/USDT:USDT,0.2698,36792.0,0.2697,104585.0,0.2699,10289.5,0.27,117177.9
1753503829096,04:23:49.096,ALGO/USDT:USDT,0.2698,36792.0,0.2697,104585.0,0.2699,10289.5,0.27,117177.9
1753503829197,04:23:49.197,ALGO/USDT:USDT,0.2698,37465.8,0.2697,104585.0,0.2699,10289.5,0.27,117177.9
1753503829297,04:23:49.297,ALGO/USDT:USDT,0.2698,19453.6,0.2697,96256.7,0.2699,22826.5,0.27,117177.9
1753503829397,04:23:49.397,ALGO/USDT:USDT,0.2698,19453.6,0.2697,96256.7,0.2699,22826.5,0.27,117177.9
1753503829497,04:23:49.497,ALGO/USDT:USDT,0.2698,19453.6,0.2697,96256.7,0.2699,22826.5,0.27,117177.9
1753503829697,04:23:49.697,ALGO/USDT:USDT,0.2698,19453.6,0.2697,96256.7,0.2699,22826.5,0.27,117177.9
1753503829797,04:23:49.797,ALGO/USDT:USDT,0.2698,19453.6,0.2697,104510.8,0.2699,22826.5,0.27,117177.9
1753503829897,04:23:49.897,ALGO/USDT:USDT,0.2698,19453.6,0.2697,104510.8,0.2699,22847.8,0.27,117177.9
1753503830097,04:23:50.097,ALGO/USDT:USDT,0.2698,35453.6,0.2697,104585.0,0.2699,22847.8,0.27,117177.9
1753503830196,04:23:50.196,ALGO/USDT:USDT,0.2698,35377.9,0.2697,104585.0,0.2699,22847.8,0.27,117177.9
