timestamp,time,symbol,bid1_price,bid1_volume,bid2_price,bid2_volume,ask1_price,ask1_volume,ask2_price,ask2_volume
1753504243767,04:30:43.767,ALGO/USDT:USDT,0.269,44445.5,0.2689,71036.1,0.2691,40905.1,0.2692,107964.7
1753504243897,04:30:43.897,ALGO/USDT:USDT,0.269,38695.2,0.2689,71036.1,0.2691,46674.0,0.2692,107964.7
1753504244059,04:30:44.059,ALGO/USDT:USDT,0.269,40846.5,0.2689,71036.1,0.2691,46674.0,0.2692,107964.7
1753504244165,04:30:44.165,ALGO/USDT:USDT,0.269,44464.1,0.2689,71036.1,0.2691,40905.1,0.2692,107964.7
1753504244302,04:30:44.302,ALGO/USDT:USDT,0.269,44464.1,0.2689,71036.1,0.2691,40905.1,0.2692,107964.7
1753504244459,04:30:44.459,ALGO/USDT:USDT,0.269,44464.1,0.2689,71036.1,0.2691,40905.1,0.2692,107964.7
1753504244655,04:30:44.655,ALGO/USDT:USDT,0.269,44464.1,0.2689,71036.1,0.2691,40905.1,0.2692,107964.7
1753504244770,04:30:44.770,ALGO/USDT:USDT,0.269,44464.1,0.2689,71036.1,0.2691,40432.5,0.2692,104037.7
1753504244877,04:30:44.877,ALGO/USDT:USDT,0.269,44464.1,0.2689,71036.1,0.2691,40432.5,0.2692,104037.7
1753504246560,04:30:46.560,ALGO/USDT:USDT,0.269,45619.0,0.2689,71036.1,0.2691,42602.4,0.2692,107692.8
1753504246664,04:30:46.664,ALGO/USDT:USDT,0.269,39831.5,0.2689,71036.1,0.2691,42718.9,0.2692,107692.8
1753504246767,04:30:46.767,ALGO/USDT:USDT,0.269,39831.5,0.2689,61346.6,0.2691,33371.1,0.2692,114453.8
1753504246892,04:30:46.892,ALGO/USDT:USDT,0.269,39850.1,0.2689,61346.6,0.2691,33451.1,0.2692,114453.8
1753504247002,04:30:47.002,ALGO/USDT:USDT,0.269,39850.1,0.2689,60176.6,0.2691,37031.5,0.2692,115353.8
1753504247127,04:30:47.127,ALGO/USDT:USDT,0.269,39850.1,0.2689,60176.6,0.2691,37031.5,0.2692,115353.8
1753504247259,04:30:47.259,ALGO/USDT:USDT,0.269,39850.1,0.2689,60176.6,0.2691,37031.5,0.2692,115353.8
1753504247496,04:30:47.496,ALGO/USDT:USDT,0.269,39850.1,0.2689,60176.6,0.2691,37031.5,0.2692,115353.8
1753504247637,04:30:47.637,ALGO/USDT:USDT,0.269,39850.1,0.2689,60176.6,0.2691,53050.1,0.2692,115353.8
1753504247742,04:30:47.742,ALGO/USDT:USDT,0.269,39850.1,0.2689,60176.6,0.2691,53050.1,0.2692,115353.8
1753504247865,04:30:47.865,ALGO/USDT:USDT,0.269,39850.1,0.2689,61346.6,0.2691,53950.1,0.2692,114453.8
1753504248058,04:30:48.058,ALGO/USDT:USDT,0.269,45600.4,0.2689,60176.6,0.2691,21893.3,0.2692,108542.2
1753504248273,04:30:48.273,ALGO/USDT:USDT,0.269,39850.1,0.2689,60176.6,0.2691,24063.2,0.2692,108542.2
1753504248379,04:30:48.379,ALGO/USDT:USDT,0.269,42001.4,0.2689,60176.6,0.2691,24063.2,0.2692,108542.2
1753504248512,04:30:48.512,ALGO/USDT:USDT,0.269,39850.1,0.2689,60176.6,0.2691,24063.2,0.2692,108542.2
1753504248621,04:30:48.621,ALGO/USDT:USDT,0.269,39850.1,0.2689,60176.6,0.2691,31044.6,0.2692,112313.8
1753504248726,04:30:48.726,ALGO/USDT:USDT,0.269,45619.0,0.2689,60176.6,0.2691,21893.3,0.2692,112313.8
1753504248860,04:30:48.860,ALGO/USDT:USDT,0.269,45619.0,0.2689,60176.6,0.2691,21893.3,0.2692,112313.8
1753504249071,04:30:49.071,ALGO/USDT:USDT,0.269,45619.0,0.2689,60176.6,0.2691,23144.6,0.2692,113213.8
1753504249174,04:30:49.174,ALGO/USDT:USDT,0.269,45619.0,0.2689,60176.6,0.2691,23144.6,0.2692,113213.8
1753504249396,04:30:49.396,ALGO/USDT:USDT,0.269,39850.1,0.2689,60176.6,0.2691,49943.9,0.2692,113213.8
1753504249526,04:30:49.526,ALGO/USDT:USDT,0.269,39850.1,0.2689,60176.6,0.2691,49943.9,0.2692,113213.8
1753504249630,04:30:49.630,ALGO/USDT:USDT,0.269,45619.1,0.2689,60176.6,0.2691,49943.9,0.2692,113213.8
1753504249755,04:30:49.755,ALGO/USDT:USDT,0.269,45619.1,0.2689,60176.6,0.2691,49943.9,0.2692,113213.8
1753504249926,04:30:49.926,ALGO/USDT:USDT,0.269,39850.2,0.2689,61312.0,0.2691,53913.7,0.2692,122389.7
1753504250045,04:30:50.045,ALGO/USDT:USDT,0.269,28853.6,0.2689,61346.6,0.2691,53913.7,0.2692,122761.3
1753504250151,04:30:50.151,ALGO/USDT:USDT,0.269,28730.8,0.2689,61346.6,0.2691,54285.2,0.2692,116836.9
1753504250297,04:30:50.297,ALGO/USDT:USDT,0.269,28730.8,0.2689,61346.6,0.2691,53913.7,0.2692,116465.4
1753504250459,04:30:50.459,ALGO/USDT:USDT,0.269,28730.8,0.2689,61346.6,0.2691,53913.7,0.2692,116465.4
1753504250651,04:30:50.651,ALGO/USDT:USDT,0.269,28730.8,0.2689,61346.6,0.2691,69895.1,0.2692,116465.4
1753504250759,04:30:50.759,ALGO/USDT:USDT,0.269,28730.8,0.2689,61346.6,0.2691,69895.1,0.2692,116465.4
1753504250910,04:30:50.910,ALGO/USDT:USDT,0.269,28730.8,0.2689,61346.6,0.2691,69895.1,0.2692,116465.4
1753504251037,04:30:51.037,ALGO/USDT:USDT,0.269,28730.8,0.2689,61346.6,0.2691,70284.3,0.2692,117580.2
1753504251140,04:30:51.140,ALGO/USDT:USDT,0.269,28730.8,0.2689,61346.6,0.2691,70655.8,0.2692,118323.3
1753504251259,04:30:51.259,ALGO/USDT:USDT,0.2689,20118.3,0.2688,72371.9,0.269,27140.8,0.2691,168678.5
1753504251360,04:30:51.360,ALGO/USDT:USDT,0.2689,20118.3,0.2688,77485.2,0.269,26459.7,0.2691,167934.9
1753504251461,04:30:51.461,ALGO/USDT:USDT,0.2689,20118.3,0.2688,77485.2,0.269,26459.7,0.2691,167934.9
1753504251566,04:30:51.566,ALGO/USDT:USDT,0.2689,29966.9,0.2688,78655.2,0.269,26478.3,0.2691,167934.9
1753504251726,04:30:51.726,ALGO/USDT:USDT,0.2689,30152.6,0.2688,78655.2,0.269,26478.3,0.2691,167934.9
1753504251828,04:30:51.828,ALGO/USDT:USDT,0.2689,32303.9,0.2688,78720.3,0.269,26478.3,0.2691,167934.9
1753504251930,04:30:51.930,ALGO/USDT:USDT,0.2689,32322.5,0.2688,82219.9,0.269,16420.5,0.2691,167934.9
1753504252059,04:30:52.059,ALGO/USDT:USDT,0.2689,32322.5,0.2688,82219.9,0.269,16420.5,0.2691,167934.9
1753504252235,04:30:52.235,ALGO/USDT:USDT,0.2689,30087.6,0.2688,82254.5,0.269,25351.4,0.2691,132598.3
1753504252375,04:30:52.375,ALGO/USDT:USDT,0.2689,30087.6,0.2688,82254.5,0.269,28950.4,0.2691,132598.3
1753504252478,04:30:52.478,ALGO/USDT:USDT,0.2689,35856.5,0.2688,82254.5,0.269,23181.5,0.2691,132598.3
1753504252589,04:30:52.589,ALGO/USDT:USDT,0.2689,42026.5,0.2688,81455.8,0.269,23181.5,0.2691,132663.3
1753504252710,04:30:52.710,ALGO/USDT:USDT,0.2689,42026.5,0.2688,81455.8,0.269,23181.5,0.2691,132663.3
1753504252812,04:30:52.812,ALGO/USDT:USDT,0.2689,38427.5,0.2688,81455.8,0.269,22189.4,0.2691,135011.6
1753504252916,04:30:52.916,ALGO/USDT:USDT,0.2689,36257.6,0.2688,81455.8,0.269,22189.4,0.2691,135011.6
1753504253019,04:30:53.019,ALGO/USDT:USDT,0.2689,38430.3,0.2688,81455.8,0.269,18590.4,0.2691,135011.6
1753504253126,04:30:53.126,ALGO/USDT:USDT,0.2689,38411.7,0.2688,81455.8,0.269,22170.8,0.2691,135011.6
1753504253260,04:30:53.260,ALGO/USDT:USDT,0.2689,36260.4,0.2688,81084.5,0.269,22189.4,0.2691,135011.6
1753504253373,04:30:53.373,ALGO/USDT:USDT,0.2689,38430.3,0.2688,81084.5,0.269,16420.5,0.2691,135011.6
1753504253479,04:30:53.479,ALGO/USDT:USDT,0.2689,38430.3,0.2688,81455.8,0.269,16420.5,0.2691,135011.6
1753504253586,04:30:53.586,ALGO/USDT:USDT,0.2689,36260.4,0.2688,81455.8,0.269,22189.4,0.2691,135011.6
1753504253802,04:30:53.802,ALGO/USDT:USDT,0.2689,36218.3,0.2688,81455.8,0.269,22189.4,0.2691,134969.5
1753504253926,04:30:53.926,ALGO/USDT:USDT,0.2689,36218.3,0.2688,81455.8,0.269,22189.4,0.2691,134969.5
1753504254041,04:30:54.041,ALGO/USDT:USDT,0.2689,36218.3,0.2688,81455.8,0.269,22189.4,0.2691,134969.5
1753504254224,04:30:54.224,ALGO/USDT:USDT,0.2689,36218.3,0.2688,81455.8,0.269,22189.4,0.2691,135011.6
1753504254327,04:30:54.327,ALGO/USDT:USDT,0.2689,36218.3,0.2688,81455.8,0.269,22189.4,0.2691,135011.6
1753504254459,04:30:54.459,ALGO/USDT:USDT,0.2689,36218.3,0.2688,81084.5,0.269,22189.4,0.2691,135011.6
1753504254679,04:30:54.679,ALGO/USDT:USDT,0.2689,31218.3,0.2688,81084.5,0.269,22189.4,0.2691,135011.6
1753504254860,04:30:54.860,ALGO/USDT:USDT,0.2689,31218.3,0.2688,81084.5,0.269,22189.4,0.2691,135011.6
1753504255002,04:30:55.002,ALGO/USDT:USDT,0.2689,31218.3,0.2688,81084.5,0.269,22189.4,0.2691,135011.6
1753504255126,04:30:55.126,ALGO/USDT:USDT,0.2689,36987.2,0.2688,81084.5,0.269,16420.5,0.2691,135011.6
1753504255259,04:30:55.259,ALGO/USDT:USDT,0.2689,36987.2,0.2688,81084.5,0.269,16420.5,0.2691,135011.6
1753504255387,04:30:55.387,ALGO/USDT:USDT,0.2689,36987.2,0.2688,81084.5,0.269,16420.5,0.2691,135011.6
1753504255507,04:30:55.507,ALGO/USDT:USDT,0.2689,31218.3,0.2688,81084.5,0.269,22189.4,0.2691,135011.6
1753504255659,04:30:55.659,ALGO/USDT:USDT,0.2689,31218.3,0.2688,81084.5,0.269,22189.4,0.2691,135011.6
1753504255927,04:30:55.927,ALGO/USDT:USDT,0.2689,33388.2,0.2688,81084.5,0.269,16420.5,0.2691,135011.6
1753504256037,04:30:56.037,ALGO/USDT:USDT,0.2689,33388.2,0.2688,81084.5,0.269,16420.5,0.2691,135011.6
1753504256155,04:30:56.155,ALGO/USDT:USDT,0.2689,31218.3,0.2688,81084.5,0.269,22189.4,0.2691,136476.4
1753504256326,04:30:56.326,ALGO/USDT:USDT,0.2689,31218.3,0.2688,81084.5,0.269,22189.4,0.2691,136476.4
1753504256441,04:30:56.441,ALGO/USDT:USDT,0.2689,31218.3,0.2688,79954.8,0.269,22189.4,0.2691,136476.4
1753504256548,04:30:56.548,ALGO/USDT:USDT,0.2689,36987.2,0.2688,79954.8,0.269,14811.1,0.2691,132788.6
1753504256709,04:30:56.709,ALGO/USDT:USDT,0.2689,31218.3,0.2688,79954.8,0.269,20580.0,0.2691,132788.6
1753504256823,04:30:56.823,ALGO/USDT:USDT,0.2689,31218.3,0.2688,79954.8,0.269,20580.0,0.2691,128050.7
1753504256986,04:30:56.986,ALGO/USDT:USDT,0.2689,20218.3,0.2688,79954.8,0.269,20580.0,0.2691,128050.7
1753504257102,04:30:57.102,ALGO/USDT:USDT,0.2689,20218.3,0.2688,79954.8,0.269,20580.0,0.2691,128050.7
1753504257204,04:30:57.204,ALGO/USDT:USDT,0.2689,19048.3,0.2688,79954.8,0.269,20580.0,0.2691,128050.7
1753504257336,04:30:57.336,ALGO/USDT:USDT,0.2689,19048.3,0.2688,79954.8,0.269,20580.0,0.2691,128050.7
1753504257526,04:30:57.526,ALGO/USDT:USDT,0.2689,19048.3,0.2688,79954.8,0.269,32561.4,0.2691,132083.1
1753504257628,04:30:57.628,ALGO/USDT:USDT,0.2689,19048.3,0.2688,79954.8,0.269,32561.4,0.2691,132083.1
1753504257758,04:30:57.758,ALGO/USDT:USDT,0.2689,19048.3,0.2688,79954.8,0.269,32561.4,0.2691,132083.1
1753504257926,04:30:57.926,ALGO/USDT:USDT,0.2689,19048.3,0.2688,79954.8,0.269,32598.6,0.2691,132083.1
1753504258042,04:30:58.042,ALGO/USDT:USDT,0.2689,19048.3,0.2688,79954.8,0.269,20598.6,0.2691,132083.1
1753504258169,04:30:58.169,ALGO/USDT:USDT,0.2689,19048.3,0.2688,79954.8,0.269,20598.6,0.2691,132083.1
1753504258302,04:30:58.302,ALGO/USDT:USDT,0.2689,19849.0,0.2688,79954.8,0.269,20598.6,0.2691,132083.1
1753504258459,04:30:58.459,ALGO/USDT:USDT,0.2689,19849.0,0.2688,79954.8,0.269,20598.6,0.2691,132083.1
1753504258561,04:30:58.561,ALGO/USDT:USDT,0.2689,38037.5,0.2688,79954.8,0.269,14829.7,0.2691,132083.1
1753504258667,04:30:58.667,ALGO/USDT:USDT,0.2689,41672.5,0.2688,79954.8,0.269,14829.7,0.2691,132083.1
1753504258773,04:30:58.773,ALGO/USDT:USDT,0.269,4646.0,0.2689,83274.1,0.2691,87512.2,0.2692,110095.4
1753504258883,04:30:58.883,ALGO/USDT:USDT,0.269,4269.6,0.2689,83300.2,0.2691,81738.1,0.2692,127449.9
1753504258985,04:30:58.985,ALGO/USDT:USDT,0.269,4269.6,0.2689,83300.2,0.2691,81738.1,0.2692,127449.9
1753504259101,04:30:59.101,ALGO/USDT:USDT,0.269,4269.6,0.2689,83300.2,0.2691,81738.1,0.2692,127449.9
1753504259259,04:30:59.259,ALGO/USDT:USDT,0.269,4269.6,0.2689,83300.2,0.2691,81738.1,0.2692,127449.9
1753504259402,04:30:59.402,ALGO/USDT:USDT,0.269,4269.6,0.2689,83300.2,0.2691,81738.1,0.2692,131522.3
1753504259526,04:30:59.526,ALGO/USDT:USDT,0.269,4288.2,0.2689,83300.2,0.2691,69355.7,0.2692,131893.9
1753504259629,04:30:59.629,ALGO/USDT:USDT,0.269,4288.2,0.2689,83300.2,0.2691,69354.9,0.2692,131522.4
1753504259846,04:30:59.846,ALGO/USDT:USDT,0.269,4288.2,0.2689,69691.3,0.2691,70637.0,0.2692,109082.4
1753504259950,04:30:59.950,ALGO/USDT:USDT,0.269,4288.2,0.2689,69691.3,0.2691,70637.0,0.2692,109082.4
1753504260060,04:31:00.060,ALGO/USDT:USDT,0.269,4288.2,0.2689,69691.3,0.2691,70637.0,0.2692,109082.4
1753504260204,04:31:00.204,ALGO/USDT:USDT,0.269,4288.2,0.2689,69691.3,0.2691,70637.0,0.2692,109082.4
1753504260323,04:31:00.323,ALGO/USDT:USDT,0.269,5107.6,0.2689,68872.0,0.2691,69755.6,0.2692,109082.4
1753504260457,04:31:00.457,ALGO/USDT:USDT,0.269,5107.6,0.2689,68872.0,0.2691,84210.7,0.2692,109082.4
1753504260602,04:31:00.602,ALGO/USDT:USDT,0.269,5107.6,0.2689,68872.0,0.2691,84210.7,0.2692,109082.4
1753504260727,04:31:00.727,ALGO/USDT:USDT,0.269,5107.6,0.2689,68872.0,0.2691,84210.7,0.2692,109082.4
1753504260860,04:31:00.860,ALGO/USDT:USDT,0.269,5107.6,0.2689,68872.0,0.2691,84210.7,0.2692,109082.4
1753504260972,04:31:00.972,ALGO/USDT:USDT,0.269,12608.7,0.2689,70042.0,0.2691,66678.1,0.2692,109082.4
1753504261074,04:31:01.074,ALGO/USDT:USDT,0.269,12608.7,0.2689,70042.0,0.2691,77650.2,0.2692,108710.8
1753504261236,04:31:01.236,ALGO/USDT:USDT,0.269,5108.0,0.2689,70042.0,0.2691,79019.6,0.2692,108710.8
1753504261338,04:31:01.338,ALGO/USDT:USDT,0.269,5108.0,0.2689,70042.0,0.2691,66391.2,0.2692,108808.8
1753504261456,04:31:01.456,ALGO/USDT:USDT,0.269,36113.6,0.2689,70042.0,0.2691,55705.8,0.2692,108439.0
1753504261562,04:31:01.562,ALGO/USDT:USDT,0.269,36113.6,0.2689,70042.0,0.2691,55705.8,0.2692,108439.0
1753504261681,04:31:01.681,ALGO/USDT:USDT,0.269,36113.6,0.2689,70042.0,0.2691,55705.8,0.2692,108439.0
1753504261913,04:31:01.913,ALGO/USDT:USDT,0.269,38264.9,0.2689,67872.1,0.2691,55705.8,0.2692,108439.0
1753504262018,04:31:02.018,ALGO/USDT:USDT,0.269,36113.6,0.2689,67872.1,0.2691,57006.5,0.2692,108439.0
1753504262125,04:31:02.125,ALGO/USDT:USDT,0.269,38283.5,0.2689,67872.1,0.2691,57006.5,0.2692,108439.0
1753504262259,04:31:02.259,ALGO/USDT:USDT,0.269,38283.5,0.2689,67872.1,0.2691,57006.5,0.2692,108439.0
1753504262460,04:31:02.460,ALGO/USDT:USDT,0.269,38283.5,0.2689,67872.1,0.2691,57006.5,0.2692,108439.0
1753504262577,04:31:02.577,ALGO/USDT:USDT,0.269,21113.6,0.2689,67872.1,0.2691,63450.4,0.2692,108439.0
1753504262680,04:31:02.680,ALGO/USDT:USDT,0.269,21113.6,0.2689,67872.1,0.2691,61280.5,0.2692,108439.0
1753504262790,04:31:02.790,ALGO/USDT:USDT,0.269,21113.6,0.2689,67872.1,0.2691,59176.4,0.2692,108439.0
1753504262918,04:31:02.918,ALGO/USDT:USDT,0.269,21113.6,0.2689,67872.1,0.2691,67049.4,0.2692,108439.0
1753504263067,04:31:03.067,ALGO/USDT:USDT,0.269,5108.0,0.2689,67872.1,0.2691,67049.4,0.2692,108439.0
1753504263238,04:31:03.238,ALGO/USDT:USDT,0.269,5108.0,0.2689,67872.1,0.2691,67049.4,0.2692,108439.0
1753504263344,04:31:03.344,ALGO/USDT:USDT,0.269,5089.2,0.2689,67872.1,0.2691,67049.4,0.2692,108439.0
1753504263506,04:31:03.506,ALGO/USDT:USDT,0.269,5107.8,0.2689,67872.1,0.2691,76049.4,0.2692,108439.0
1753504263659,04:31:03.659,ALGO/USDT:USDT,0.269,5107.8,0.2689,67872.1,0.2691,83463.0,0.2692,108439.0
1753504263802,04:31:03.802,ALGO/USDT:USDT,0.269,12608.9,0.2689,67872.1,0.2691,68505.0,0.2692,108439.0
1753504263926,04:31:03.926,ALGO/USDT:USDT,0.269,12608.9,0.2689,67872.1,0.2691,71849.9,0.2692,108439.0
1753504264030,04:31:04.030,ALGO/USDT:USDT,0.269,28595.9,0.2689,67872.1,0.2691,68486.4,0.2692,108439.0
1753504264133,04:31:04.133,ALGO/USDT:USDT,0.269,28595.9,0.2689,67872.1,0.2691,68486.4,0.2692,108439.0
1753504264326,04:31:04.326,ALGO/USDT:USDT,0.269,28614.4,0.2689,67872.1,0.2691,72779.0,0.2692,108439.0
1753504264439,04:31:04.439,ALGO/USDT:USDT,0.269,28614.4,0.2689,67872.1,0.2691,72760.4,0.2692,108439.0
1753504264602,04:31:04.602,ALGO/USDT:USDT,0.269,28614.4,0.2689,67872.1,0.2691,72760.4,0.2692,108439.0
1753504264726,04:31:04.726,ALGO/USDT:USDT,0.269,28614.4,0.2689,67872.1,0.2691,77191.7,0.2692,108439.0
1753504264829,04:31:04.829,ALGO/USDT:USDT,0.269,28614.4,0.2689,67872.1,0.2691,77191.7,0.2692,108439.0
1753504264939,04:31:04.939,ALGO/USDT:USDT,0.269,28614.4,0.2689,67872.1,0.2691,77191.7,0.2692,108439.0
1753504265053,04:31:05.053,ALGO/USDT:USDT,0.269,28614.4,0.2689,67872.1,0.2691,77191.7,0.2692,108439.0
1753504265157,04:31:05.157,ALGO/USDT:USDT,0.269,28614.4,0.2689,67872.1,0.2691,77191.7,0.2692,108439.0
1753504265261,04:31:05.261,ALGO/USDT:USDT,0.269,28614.4,0.2689,67872.1,0.2691,77160.5,0.2692,108439.0
1753504265400,04:31:05.400,ALGO/USDT:USDT,0.269,28614.4,0.2689,67872.1,0.2691,77145.8,0.2692,108439.0
1753504265526,04:31:05.526,ALGO/USDT:USDT,0.269,28614.4,0.2689,67872.1,0.2691,77145.8,0.2692,108439.0
1753504265656,04:31:05.656,ALGO/USDT:USDT,0.269,28614.4,0.2689,67872.1,0.2691,77145.8,0.2692,108439.0
1753504265787,04:31:05.787,ALGO/USDT:USDT,0.269,28614.4,0.2689,67872.1,0.2691,77145.8,0.2692,108439.0
1753504265927,04:31:05.927,ALGO/USDT:USDT,0.269,28614.4,0.2689,67872.1,0.2691,77145.8,0.2692,108439.0
1753504266048,04:31:06.048,ALGO/USDT:USDT,0.269,28614.4,0.2689,67872.1,0.2691,77145.8,0.2692,108439.0
1753504266257,04:31:06.257,ALGO/USDT:USDT,0.269,28614.4,0.2689,67872.1,0.2691,77145.8,0.2692,108439.0
1753504266365,04:31:06.365,ALGO/USDT:USDT,0.269,28609.3,0.2689,67872.1,0.2691,77145.8,0.2692,108439.0
1753504266555,04:31:06.555,ALGO/USDT:USDT,0.269,28609.3,0.2689,67872.1,0.2691,77145.8,0.2692,108439.0
1753504266703,04:31:06.703,ALGO/USDT:USDT,0.269,28609.3,0.2689,67872.1,0.2691,77145.8,0.2692,108490.6
1753504266806,04:31:06.806,ALGO/USDT:USDT,0.269,28609.3,0.2689,67872.1,0.2691,80862.4,0.2692,108490.6
1753504266913,04:31:06.913,ALGO/USDT:USDT,0.269,33560.6,0.2689,71715.1,0.2691,49794.5,0.2692,111782.8
1753504267102,04:31:07.102,ALGO/USDT:USDT,0.269,33560.6,0.2689,71715.1,0.2691,49794.5,0.2692,111782.8
1753504267240,04:31:07.240,ALGO/USDT:USDT,0.269,33579.2,0.2689,70545.1,0.2691,50694.5,0.2692,111782.8
1753504267343,04:31:07.343,ALGO/USDT:USDT,0.269,33579.0,0.2689,78781.0,0.2691,50694.5,0.2692,111782.8
1753504267461,04:31:07.461,ALGO/USDT:USDT,0.269,43560.4,0.2689,78781.0,0.2691,50694.5,0.2692,111782.8
1753504267636,04:31:07.636,ALGO/USDT:USDT,0.269,43560.4,0.2689,78781.0,0.2691,50694.5,0.2692,111782.8
1753504267860,04:31:07.860,ALGO/USDT:USDT,0.269,43560.4,0.2689,78781.0,0.2691,50694.5,0.2692,111782.8
1753504267988,04:31:07.988,ALGO/USDT:USDT,0.269,28609.1,0.2689,78781.0,0.2691,62967.3,0.2692,115814.0
1753504268200,04:31:08.200,ALGO/USDT:USDT,0.269,21293.7,0.2689,74752.3,0.2691,62967.3,0.2692,115814.0
1753504268324,04:31:08.324,ALGO/USDT:USDT,0.269,21293.0,0.2689,74752.3,0.2691,62967.3,0.2692,115814.0
1753504268460,04:31:08.460,ALGO/USDT:USDT,0.269,21198.2,0.2689,74752.3,0.2691,62967.3,0.2692,115814.0
1753504268635,04:31:08.635,ALGO/USDT:USDT,0.269,21198.2,0.2689,74752.3,0.2691,62967.3,0.2692,115814.0
1753504268802,04:31:08.802,ALGO/USDT:USDT,0.269,21198.2,0.2689,74752.3,0.2691,62967.3,0.2692,115814.0
1753504269002,04:31:09.002,ALGO/USDT:USDT,0.269,21198.2,0.2689,74752.3,0.2691,62967.3,0.2692,115814.0
1753504269127,04:31:09.127,ALGO/USDT:USDT,0.269,21198.2,0.2689,74752.3,0.2691,72236.6,0.2692,115814.0
1753504269260,04:31:09.260,ALGO/USDT:USDT,0.269,21198.2,0.2689,74752.3,0.2691,72236.6,0.2692,115814.0
1753504269438,04:31:09.438,ALGO/USDT:USDT,0.269,21198.2,0.2689,74752.3,0.2691,78501.4,0.2692,115814.0
1753504269624,04:31:09.624,ALGO/USDT:USDT,0.269,23368.1,0.2689,74752.3,0.2691,62751.1,0.2692,115814.0
1753504269759,04:31:09.759,ALGO/USDT:USDT,0.269,21198.2,0.2689,74752.3,0.2691,65965.6,0.2692,120226.7
1753504269860,04:31:09.860,ALGO/USDT:USDT,0.269,21198.2,0.2689,74752.3,0.2691,67805.3,0.2692,120226.7
1753504269987,04:31:09.987,ALGO/USDT:USDT,0.269,21198.2,0.2689,74752.3,0.2691,67805.3,0.2692,120226.7
1753504270140,04:31:10.140,ALGO/USDT:USDT,0.269,21198.2,0.2689,74752.3,0.2691,67805.3,0.2692,120226.7
1753504270318,04:31:10.318,ALGO/USDT:USDT,0.269,21198.2,0.2689,74752.3,0.2691,67805.3,0.2692,120226.7
1753504270428,04:31:10.428,ALGO/USDT:USDT,0.269,21195.7,0.2689,75922.3,0.2691,74923.9,0.2692,120226.7
1753504270534,04:31:10.534,ALGO/USDT:USDT,0.269,21195.7,0.2689,75922.3,0.2691,59608.3,0.2692,120226.7
1753504270635,04:31:10.635,ALGO/USDT:USDT,0.2692,32162.4,0.2691,83649.7,0.2693,44495.1,0.2694,115577.9
1753504270738,04:31:10.738,ALGO/USDT:USDT,0.2692,35761.4,0.2691,89558.4,0.2693,26129.1,0.2694,103687.2
1753504270842,04:31:10.842,ALGO/USDT:USDT,0.2692,35822.7,0.2691,89558.4,0.2693,26190.4,0.2694,93877.0
1753504270952,04:31:10.952,ALGO/USDT:USDT,0.2692,34383.7,0.2691,89681.0,0.2693,22506.4,0.2694,97818.6
1753504271068,04:31:11.068,ALGO/USDT:USDT,0.2692,34383.7,0.2691,89681.0,0.2693,22506.4,0.2694,97818.6
1753504271179,04:31:11.179,ALGO/USDT:USDT,0.2692,35535.1,0.2691,88511.0,0.2693,22487.8,0.2694,97818.6
1753504271287,04:31:11.287,ALGO/USDT:USDT,0.2692,35535.1,0.2691,88511.0,0.2693,22487.8,0.2694,97818.6
1753504271395,04:31:11.395,ALGO/USDT:USDT,0.2692,44553.7,0.2691,88511.0,0.2693,22506.4,0.2694,97818.6
1753504271526,04:31:11.526,ALGO/USDT:USDT,0.2692,44553.7,0.2691,88511.0,0.2693,22506.4,0.2694,97818.6
1753504271630,04:31:11.630,ALGO/USDT:USDT,0.2692,48492.8,0.2691,88511.0,0.2693,8539.6,0.2694,93243.8
1753504271737,04:31:11.737,ALGO/USDT:USDT,0.2692,48492.8,0.2691,88511.0,0.2693,6978.4,0.2694,92535.8
1753504271926,04:31:11.926,ALGO/USDT:USDT,0.2692,48492.8,0.2691,88511.0,0.2693,6978.4,0.2694,92535.8
1753504272059,04:31:12.059,ALGO/USDT:USDT,0.2692,48492.8,0.2691,93511.0,0.2693,1318.4,0.2694,92535.8
1753504272160,04:31:12.160,ALGO/USDT:USDT,0.2692,48492.8,0.2691,93511.0,0.2693,5490.6,0.2694,93834.8
1753504272288,04:31:12.288,ALGO/USDT:USDT,0.2692,48492.8,0.2691,93511.0,0.2693,5551.9,0.2694,93834.8
1753504272449,04:31:12.449,ALGO/USDT:USDT,0.2692,49303.7,0.2691,93511.0,0.2693,6573.3,0.2694,93834.8
1753504272562,04:31:12.562,ALGO/USDT:USDT,0.2692,49672.9,0.2691,97933.1,0.2693,6573.3,0.2694,93834.8
1753504272712,04:31:12.712,ALGO/USDT:USDT,0.2692,49672.9,0.2691,97933.1,0.2693,3411.2,0.2694,93834.8
1753504272860,04:31:12.860,ALGO/USDT:USDT,0.2692,49672.9,0.2691,97933.1,0.2693,7827.1,0.2694,93834.8
1753504272998,04:31:12.998,ALGO/USDT:USDT,0.2692,49672.9,0.2691,98265.2,0.2693,7827.1,0.2694,95308.4
1753504273126,04:31:13.126,ALGO/USDT:USDT,0.2692,49672.9,0.2691,98265.2,0.2693,7827.1,0.2694,95308.4
1753504273232,04:31:13.232,ALGO/USDT:USDT,0.2692,49672.9,0.2691,98265.2,0.2693,6817.0,0.2694,95308.4
1753504273459,04:31:13.459,ALGO/USDT:USDT,0.2692,49653.8,0.2691,98265.2,0.2693,6817.0,0.2694,95308.4
1753504273561,04:31:13.561,ALGO/USDT:USDT,0.2692,49494.3,0.2691,98265.2,0.2693,6817.0,0.2694,95308.4
1753504273702,04:31:13.702,ALGO/USDT:USDT,0.2692,45895.3,0.2691,98265.2,0.2693,6817.0,0.2694,95308.4
1753504273817,04:31:13.817,ALGO/USDT:USDT,0.2692,40475.7,0.2691,98265.2,0.2693,6817.0,0.2694,95308.4
1753504273926,04:31:13.926,ALGO/USDT:USDT,0.2692,40494.3,0.2691,98265.2,0.2693,2644.8,0.2694,95308.4
1753504274059,04:31:14.059,ALGO/USDT:USDT,0.2692,40494.3,0.2691,98265.2,0.2693,2644.8,0.2694,95308.4
1753504274169,04:31:14.169,ALGO/USDT:USDT,0.2692,40494.3,0.2691,98265.2,0.2693,3388.9,0.2694,95308.4
1753504274286,04:31:14.286,ALGO/USDT:USDT,0.2692,47815.4,0.2691,98265.2,0.2693,7518.4,0.2694,95308.4
1753504274406,04:31:14.406,ALGO/USDT:USDT,0.2692,47895.3,0.2691,98265.2,0.2693,7579.7,0.2694,95308.4
1753504274557,04:31:14.557,ALGO/USDT:USDT,0.2692,51475.7,0.2691,98265.2,0.2693,7579.7,0.2694,95308.4
1753504274716,04:31:14.716,ALGO/USDT:USDT,0.2692,51475.7,0.2691,98265.2,0.2693,7579.7,0.2694,95308.4
1753504274819,04:31:14.819,ALGO/USDT:USDT,0.2692,51475.7,0.2691,98265.2,0.2693,7579.7,0.2694,95308.4
1753504274953,04:31:14.953,ALGO/USDT:USDT,0.2692,51494.3,0.2691,98265.2,0.2693,4374.3,0.2694,95308.4
1753504275125,04:31:15.125,ALGO/USDT:USDT,0.2692,51494.3,0.2691,98265.2,0.2693,4374.3,0.2694,95308.4
1753504275260,04:31:15.260,ALGO/USDT:USDT,0.2692,51494.3,0.2691,98265.2,0.2693,4374.3,0.2694,95308.4
1753504275401,04:31:15.401,ALGO/USDT:USDT,0.2692,51494.3,0.2691,98265.2,0.2693,4374.3,0.2694,95308.4
1753504275526,04:31:15.526,ALGO/USDT:USDT,0.2692,51494.3,0.2691,98265.2,0.2693,4374.3,0.2694,95308.4
1753504275660,04:31:15.660,ALGO/USDT:USDT,0.2692,52232.9,0.2691,98265.2,0.2693,4392.9,0.2694,95308.4
1753504275790,04:31:15.790,ALGO/USDT:USDT,0.2692,52232.9,0.2691,98265.2,0.2693,4392.9,0.2694,95308.4
1753504275902,04:31:15.902,ALGO/USDT:USDT,0.2692,52232.9,0.2691,98265.2,0.2693,4392.9,0.2694,95308.4
1753504276009,04:31:16.009,ALGO/USDT:USDT,0.2692,52232.9,0.2691,98636.3,0.2693,4361.9,0.2694,95308.4
1753504276114,04:31:16.114,ALGO/USDT:USDT,0.2692,52232.9,0.2691,98636.3,0.2693,4361.9,0.2694,95308.4
1753504276218,04:31:16.218,ALGO/USDT:USDT,0.2692,52232.9,0.2691,98636.3,0.2693,4635.8,0.2694,95308.4
1753504276326,04:31:16.326,ALGO/USDT:USDT,0.2692,52232.9,0.2691,98636.3,0.2693,4635.8,0.2694,95308.4
1753504276460,04:31:16.460,ALGO/USDT:USDT,0.2692,52232.8,0.2691,98636.3,0.2693,4654.4,0.2694,95308.4
1753504276602,04:31:16.602,ALGO/USDT:USDT,0.2692,52232.8,0.2691,98636.3,0.2693,4654.4,0.2694,95308.4
1753504276726,04:31:16.726,ALGO/USDT:USDT,0.2692,30540.5,0.2691,92403.9,0.2693,29658.1,0.2694,98802.9
1753504276831,04:31:16.831,ALGO/USDT:USDT,0.2692,29801.9,0.2691,87610.7,0.2693,29658.1,0.2694,98802.9
1753504276988,04:31:16.988,ALGO/USDT:USDT,0.2692,31953.2,0.2691,87610.7,0.2693,29658.1,0.2694,98802.9
1753504277120,04:31:17.120,ALGO/USDT:USDT,0.2692,31953.2,0.2691,87610.7,0.2693,29658.1,0.2694,98802.9
1753504277260,04:31:17.260,ALGO/USDT:USDT,0.2692,31971.8,0.2691,86440.7,0.2693,43558.1,0.2694,98802.9
1753504277374,04:31:17.374,ALGO/USDT:USDT,0.2692,31971.8,0.2691,86440.7,0.2693,43558.1,0.2694,102212.7
1753504277495,04:31:17.495,ALGO/USDT:USDT,0.2692,31971.8,0.2691,86440.7,0.2693,43558.1,0.2694,102212.7
1753504277645,04:31:17.645,ALGO/USDT:USDT,0.2692,31971.8,0.2691,86440.7,0.2693,26324.6,0.2694,102212.7
1753504277761,04:31:17.761,ALGO/USDT:USDT,0.2692,31971.8,0.2691,86440.7,0.2693,26757.2,0.2694,102212.7
1753504277922,04:31:17.922,ALGO/USDT:USDT,0.2692,35570.8,0.2691,87610.7,0.2693,4119.1,0.2694,99618.2
1753504278049,04:31:18.049,ALGO/USDT:USDT,0.2692,35570.8,0.2691,87610.7,0.2693,4119.1,0.2694,99618.2
1753504278153,04:31:18.153,ALGO/USDT:USDT,0.2692,37650.3,0.2691,87610.7,0.2693,4119.1,0.2694,99618.2
1753504278323,04:31:18.323,ALGO/USDT:USDT,0.2692,50306.7,0.2691,86440.7,0.2693,4490.4,0.2694,99618.2
1753504278426,04:31:18.426,ALGO/USDT:USDT,0.2692,53889.5,0.2691,86440.7,0.2693,4490.4,0.2694,99618.2
1753504278619,04:31:18.619,ALGO/USDT:USDT,0.2692,53889.5,0.2691,86440.7,0.2693,4490.4,0.2694,99618.2
1753504278726,04:31:18.726,ALGO/USDT:USDT,0.2692,53889.5,0.2691,86440.7,0.2693,4490.4,0.2694,99618.2
1753504278860,04:31:18.860,ALGO/USDT:USDT,0.2692,53889.5,0.2691,86440.7,0.2693,4490.4,0.2694,99618.2
1753504279000,04:31:19.000,ALGO/USDT:USDT,0.2692,53889.5,0.2691,86440.7,0.2693,4490.4,0.2694,99618.2
1753504279127,04:31:19.127,ALGO/USDT:USDT,0.2692,53889.5,0.2691,86440.7,0.2693,4490.4,0.2694,99618.2
1753504279260,04:31:19.260,ALGO/USDT:USDT,0.2692,53889.5,0.2691,86440.7,0.2693,4490.4,0.2694,99618.2
1753504279402,04:31:19.402,ALGO/USDT:USDT,0.2692,53927.7,0.2691,86440.7,0.2693,4490.4,0.2694,99618.2
1753504279526,04:31:19.526,ALGO/USDT:USDT,0.2692,53927.7,0.2691,86800.3,0.2693,4490.4,0.2694,99618.2
1753504279660,04:31:19.660,ALGO/USDT:USDT,0.2692,53927.7,0.2691,90862.8,0.2693,4490.4,0.2694,99618.2
1753504279763,04:31:19.763,ALGO/USDT:USDT,0.2692,53927.7,0.2691,90862.8,0.2693,2706.3,0.2694,99618.2
1753504279902,04:31:19.902,ALGO/USDT:USDT,0.2692,53927.7,0.2691,90862.8,0.2693,2706.3,0.2694,99618.2
1753504280035,04:31:20.035,ALGO/USDT:USDT,0.2692,42656.0,0.2691,85719.2,0.2693,13135.4,0.2694,130735.9
1753504280136,04:31:20.136,ALGO/USDT:USDT,0.2692,45121.7,0.2691,91831.2,0.2693,10535.7,0.2694,113245.3
1753504280241,04:31:20.241,ALGO/USDT:USDT,0.2693,18413.3,0.2692,51366.5,0.2694,63670.6,0.2695,135703.8
1753504280344,04:31:20.344,ALGO/USDT:USDT,0.2693,22355.8,0.2692,55595.3,0.2694,35407.6,0.2695,127285.5
1753504280447,04:31:20.447,ALGO/USDT:USDT,0.2693,23545.3,0.2692,65862.8,0.2694,18679.9,0.2695,122840.5
1753504280552,04:31:20.552,ALGO/USDT:USDT,0.2693,19362.9,0.2692,64614.8,0.2694,15756.1,0.2695,115598.8
1753504280653,04:31:20.653,ALGO/USDT:USDT,0.2693,20765.1,0.2692,56774.8,0.2694,16956.1,0.2695,122024.0
1753504280761,04:31:20.761,ALGO/USDT:USDT,0.2693,21558.9,0.2692,55962.1,0.2694,16956.1,0.2695,117506.8
1753504280886,04:31:20.886,ALGO/USDT:USDT,0.2693,16257.5,0.2692,49469.5,0.2694,29551.9,0.2695,127889.2
1753504280997,04:31:20.997,ALGO/USDT:USDT,0.2693,16257.5,0.2692,53798.5,0.2694,30832.2,0.2695,129188.0
1753504281100,04:31:21.100,ALGO/USDT:USDT,0.2693,21045.2,0.2692,53817.3,0.2694,30832.2,0.2695,134108.3
1753504281207,04:31:21.207,ALGO/USDT:USDT,0.2693,34795.5,0.2692,53817.3,0.2694,30850.8,0.2695,124207.9
1753504281308,04:31:21.308,ALGO/USDT:USDT,0.2693,34795.5,0.2692,53817.3,0.2694,30850.8,0.2695,125704.3
1753504281502,04:31:21.502,ALGO/USDT:USDT,0.2693,36003.6,0.2692,53817.3,0.2694,14954.0,0.2695,125704.3
1753504281659,04:31:21.659,ALGO/USDT:USDT,0.2693,36003.6,0.2692,53817.3,0.2694,13939.0,0.2695,125704.3
1753504281801,04:31:21.801,ALGO/USDT:USDT,0.2693,24386.0,0.2692,53817.3,0.2694,15139.0,0.2695,125704.3
1753504281903,04:31:21.903,ALGO/USDT:USDT,0.2693,28003.6,0.2692,55277.5,0.2694,13939.0,0.2695,125704.3
1753504282020,04:31:22.020,ALGO/USDT:USDT,0.2693,28003.6,0.2692,60645.7,0.2694,1631.8,0.2695,111223.4
1753504282121,04:31:22.121,ALGO/USDT:USDT,0.2694,4933.3,0.2693,55953.7,0.2695,52662.8,0.2696,140414.1
1753504282222,04:31:22.222,ALGO/USDT:USDT,0.2694,7164.5,0.2693,64052.0,0.2695,61352.1,0.2696,135679.1
1753504282326,04:31:22.326,ALGO/USDT:USDT,0.2694,822.4,0.2693,62342.0,0.2695,61352.1,0.2696,135417.0
1753504282427,04:31:22.427,ALGO/USDT:USDT,0.2694,822.4,0.2693,62342.0,0.2695,61352.1,0.2696,135417.0
1753504282557,04:31:22.557,ALGO/USDT:USDT,0.2694,3010.9,0.2693,62342.0,0.2695,61370.7,0.2696,135967.5
1753504282679,04:31:22.679,ALGO/USDT:USDT,0.2693,31290.4,0.2692,73772.0,0.2694,8997.4,0.2695,123908.6
1753504282798,04:31:22.798,ALGO/USDT:USDT,0.2693,18822.9,0.2692,73772.0,0.2694,24632.4,0.2695,123537.4
1753504282902,04:31:22.902,ALGO/USDT:USDT,0.2693,7946.2,0.2692,48584.4,0.2694,32200.8,0.2695,125074.3
1753504283005,04:31:23.005,ALGO/USDT:USDT,0.2693,1102.1,0.2692,54426.7,0.2694,34962.0,0.2695,129148.1
1753504283107,04:31:23.107,ALGO/USDT:USDT,0.2693,10794.6,0.2692,54024.9,0.2694,27131.7,0.2695,140993.2
1753504283208,04:31:23.208,ALGO/USDT:USDT,0.2693,21667.2,0.2692,54059.5,0.2694,28306.6,0.2695,135427.3
1753504283322,04:31:23.322,ALGO/USDT:USDT,0.2693,22892.6,0.2692,54059.5,0.2694,28306.6,0.2695,135427.3
1753504283501,04:31:23.501,ALGO/USDT:USDT,0.2693,22892.6,0.2692,58388.5,0.2694,28306.6,0.2695,135427.3
1753504283641,04:31:23.641,ALGO/USDT:USDT,0.2693,7532.3,0.2692,58388.5,0.2694,28325.2,0.2695,135427.3
1753504283759,04:31:23.759,ALGO/USDT:USDT,0.2693,7532.3,0.2692,58388.5,0.2694,34465.3,0.2695,135796.9
1753504283926,04:31:23.926,ALGO/USDT:USDT,0.2693,7532.3,0.2692,58388.5,0.2694,32295.4,0.2695,135796.9
1753504284059,04:31:24.059,ALGO/USDT:USDT,0.2693,11131.3,0.2692,58388.5,0.2694,28696.4,0.2695,135796.9
1753504284169,04:31:24.169,ALGO/USDT:USDT,0.2693,7513.7,0.2692,58388.5,0.2694,28696.4,0.2695,135796.9
1753504284272,04:31:24.272,ALGO/USDT:USDT,0.2693,23301.2,0.2692,58388.5,0.2694,35325.2,0.2695,128340.6
1753504284374,04:31:24.374,ALGO/USDT:USDT,0.2693,23301.2,0.2692,58388.5,0.2694,28325.2,0.2695,127971.0
1753504284488,04:31:24.488,ALGO/USDT:USDT,0.2693,23301.2,0.2692,59861.7,0.2694,28325.2,0.2695,129429.3
1753504284620,04:31:24.620,ALGO/USDT:USDT,0.2693,23633.3,0.2692,58388.5,0.2694,28696.4,0.2695,129429.3
1753504284727,04:31:24.727,ALGO/USDT:USDT,0.2693,23633.3,0.2692,58388.5,0.2694,28696.4,0.2695,129429.3
1753504284859,04:31:24.859,ALGO/USDT:USDT,0.2693,23633.3,0.2692,58388.5,0.2694,28696.4,0.2695,129429.3
1753504285126,04:31:25.126,ALGO/USDT:USDT,0.2693,23855.3,0.2692,59588.5,0.2694,28325.2,0.2695,129429.3
1753504285236,04:31:25.236,ALGO/USDT:USDT,0.2693,27370.8,0.2692,59588.5,0.2694,28325.2,0.2695,129429.3
1753504285337,04:31:25.337,ALGO/USDT:USDT,0.2693,27370.8,0.2692,59588.5,0.2694,28325.2,0.2695,129429.3
1753504285527,04:31:25.527,ALGO/USDT:USDT,0.2693,27370.8,0.2692,59588.5,0.2694,28325.2,0.2695,129429.3
1753504285628,04:31:25.628,ALGO/USDT:USDT,0.2693,27390.3,0.2692,59588.5,0.2694,28677.8,0.2695,129429.3
1753504285734,04:31:25.734,ALGO/USDT:USDT,0.2693,27390.3,0.2692,59588.5,0.2694,28677.8,0.2695,129429.3
1753504285860,04:31:25.860,ALGO/USDT:USDT,0.2693,27390.3,0.2692,59588.5,0.2694,28677.8,0.2695,129429.3
1753504286004,04:31:26.004,ALGO/USDT:USDT,0.2693,27390.3,0.2692,59588.5,0.2694,28677.8,0.2695,129429.3
1753504286326,04:31:26.326,ALGO/USDT:USDT,0.2693,27390.3,0.2692,59588.5,0.2694,28677.8,0.2695,129429.3
1753504286434,04:31:26.434,ALGO/USDT:USDT,0.2693,27390.3,0.2692,59588.5,0.2694,28677.8,0.2695,129429.3
1753504286559,04:31:26.559,ALGO/USDT:USDT,0.2693,27390.3,0.2692,59588.5,0.2694,28677.8,0.2695,129429.3
1753504286678,04:31:26.678,ALGO/USDT:USDT,0.2693,27390.3,0.2692,59588.5,0.2694,28677.8,0.2695,129429.3
1753504286838,04:31:26.838,ALGO/USDT:USDT,0.2693,27390.3,0.2692,59588.5,0.2694,28677.8,0.2695,129429.3
1753504286987,04:31:26.987,ALGO/USDT:USDT,0.2693,11621.4,0.2692,55259.5,0.2694,34465.3,0.2695,129429.3
1753504287126,04:31:27.126,ALGO/USDT:USDT,0.2693,11585.1,0.2692,54089.5,0.2694,31747.7,0.2695,129429.3
1753504287229,04:31:27.229,ALGO/USDT:USDT,0.2693,11585.1,0.2692,54089.5,0.2694,43766.3,0.2695,129429.3
1753504287502,04:31:27.502,ALGO/USDT:USDT,0.2693,17354.0,0.2692,54089.5,0.2694,29596.4,0.2695,126245.9
1753504287608,04:31:27.608,ALGO/USDT:USDT,0.2693,17354.0,0.2692,54089.5,0.2694,29596.4,0.2695,126245.9
1753504287779,04:31:27.779,ALGO/USDT:USDT,0.2693,4522.7,0.2692,54089.5,0.2694,29206.6,0.2695,126245.9
1753504287884,04:31:27.884,ALGO/USDT:USDT,0.2693,4522.7,0.2692,54089.5,0.2694,31414.6,0.2695,126245.9
1753504288026,04:31:28.026,ALGO/USDT:USDT,0.2693,4522.7,0.2692,53347.0,0.2694,31396.0,0.2695,126245.9
1753504288137,04:31:28.137,ALGO/USDT:USDT,0.2693,4522.7,0.2692,53347.0,0.2694,47414.6,0.2695,126245.9
1753504288272,04:31:28.272,ALGO/USDT:USDT,0.2693,4522.7,0.2692,53347.0,0.2694,47414.6,0.2695,126245.9
1753504288393,04:31:28.393,ALGO/USDT:USDT,0.2693,4522.7,0.2692,53347.0,0.2694,47414.6,0.2695,126615.5
1753504288579,04:31:28.579,ALGO/USDT:USDT,0.2693,4522.7,0.2692,52147.0,0.2694,47766.4,0.2695,126986.7
1753504288708,04:31:28.708,ALGO/USDT:USDT,0.2693,21964.9,0.2692,54946.2,0.2694,24790.1,0.2695,126986.7
1753504288815,04:31:28.815,ALGO/USDT:USDT,0.2693,21964.9,0.2692,54946.2,0.2694,24790.1,0.2695,126245.9
1753504288963,04:31:28.963,ALGO/USDT:USDT,0.2693,16134.7,0.2692,54946.2,0.2694,26960.0,0.2695,126245.9
1753504289066,04:31:29.066,ALGO/USDT:USDT,0.2693,12023.8,0.2692,54946.2,0.2694,26960.0,0.2695,126245.9
1753504289169,04:31:29.169,ALGO/USDT:USDT,0.2693,12080.8,0.2692,52571.5,0.2694,42960.0,0.2695,126245.9
1753504289274,04:31:29.274,ALGO/USDT:USDT,0.2693,11759.9,0.2692,52571.5,0.2694,46720.1,0.2695,126245.9
1753504289382,04:31:29.382,ALGO/USDT:USDT,0.2693,12080.7,0.2692,52571.5,0.2694,45520.1,0.2695,124337.9
1753504289526,04:31:29.526,ALGO/USDT:USDT,0.2693,12080.7,0.2692,52571.5,0.2694,45520.1,0.2695,124337.9
1753504289628,04:31:29.628,ALGO/USDT:USDT,0.2693,12080.7,0.2692,52571.5,0.2694,45520.1,0.2695,124337.9
1753504289751,04:31:29.751,ALGO/USDT:USDT,0.2693,12080.7,0.2692,52571.5,0.2694,45520.1,0.2695,124337.9
1753504289878,04:31:29.878,ALGO/USDT:USDT,0.2693,12080.7,0.2692,52571.5,0.2694,39732.6,0.2695,126245.9
1753504289983,04:31:29.983,ALGO/USDT:USDT,0.2693,12080.7,0.2692,52571.5,0.2694,45890.5,0.2695,126245.9
1753504290094,04:31:30.094,ALGO/USDT:USDT,0.2693,12080.7,0.2692,53741.5,0.2694,41372.9,0.2695,126245.9
1753504290220,04:31:30.220,ALGO/USDT:USDT,0.2693,12080.7,0.2692,53741.5,0.2694,41372.9,0.2695,126245.9
1753504290326,04:31:30.326,ALGO/USDT:USDT,0.2693,12080.7,0.2692,53741.5,0.2694,44990.5,0.2695,126245.9
1753504290438,04:31:30.438,ALGO/USDT:USDT,0.2693,12092.8,0.2692,53741.5,0.2694,39202.1,0.2695,126245.9
1753504290555,04:31:30.555,ALGO/USDT:USDT,0.2693,17861.7,0.2692,53741.5,0.2694,38831.7,0.2695,126245.9
1753504290727,04:31:30.727,ALGO/USDT:USDT,0.2693,17861.7,0.2692,53741.5,0.2694,38831.7,0.2695,126245.9
1753504290860,04:31:30.860,ALGO/USDT:USDT,0.2693,17861.7,0.2692,53741.5,0.2694,38831.7,0.2695,126245.9
1753504291127,04:31:31.127,ALGO/USDT:USDT,0.2693,17804.7,0.2692,53741.5,0.2694,38831.7,0.2695,126245.9
1753504291259,04:31:31.259,ALGO/USDT:USDT,0.2693,17804.7,0.2692,53741.5,0.2694,38831.7,0.2695,126245.9
1753504291402,04:31:31.402,ALGO/USDT:USDT,0.2693,11702.9,0.2692,53741.5,0.2694,38831.7,0.2695,126245.9
1753504291507,04:31:31.507,ALGO/USDT:USDT,0.2693,12043.2,0.2692,52541.5,0.2694,44971.0,0.2695,126245.9
1753504291618,04:31:31.618,ALGO/USDT:USDT,0.2693,12043.2,0.2692,52541.5,0.2694,44971.0,0.2695,126245.9
1753504291755,04:31:31.755,ALGO/USDT:USDT,0.2693,12043.2,0.2692,47767.3,0.2694,56515.3,0.2695,148724.1
1753504291858,04:31:31.858,ALGO/USDT:USDT,0.2693,12043.2,0.2692,47767.3,0.2694,56515.3,0.2695,154069.1
1753504291983,04:31:31.983,ALGO/USDT:USDT,0.2693,12043.2,0.2692,47767.3,0.2694,56496.7,0.2695,154069.1
1753504292144,04:31:32.144,ALGO/USDT:USDT,0.2693,12043.2,0.2692,47767.3,0.2694,52897.7,0.2695,154069.1
1753504292326,04:31:32.326,ALGO/USDT:USDT,0.2693,12043.2,0.2692,47767.3,0.2694,52897.7,0.2695,154069.1
1753504292437,04:31:32.437,ALGO/USDT:USDT,0.2693,12043.2,0.2692,47767.3,0.2694,52897.7,0.2695,154069.1
1753504292551,04:31:32.551,ALGO/USDT:USDT,0.2692,32831.4,0.2691,98251.6,0.2693,30778.8,0.2694,106676.3
1753504292656,04:31:32.656,ALGO/USDT:USDT,0.2692,32020.4,0.2691,98251.6,0.2693,28299.5,0.2694,106056.2
1753504292771,04:31:32.771,ALGO/USDT:USDT,0.2692,34314.0,0.2691,100571.2,0.2693,28299.5,0.2694,106056.2
1753504292884,04:31:32.884,ALGO/USDT:USDT,0.2692,32162.7,0.2691,100571.2,0.2693,28318.1,0.2694,106056.2
1753504293010,04:31:33.010,ALGO/USDT:USDT,0.2692,34314.0,0.2691,100571.2,0.2693,28318.1,0.2694,106056.2
1753504293127,04:31:33.127,ALGO/USDT:USDT,0.2692,34332.6,0.2691,100571.2,0.2693,28318.1,0.2694,106056.2
1753504293230,04:31:33.230,ALGO/USDT:USDT,0.2692,34332.6,0.2691,100571.2,0.2693,28318.1,0.2694,106056.2
1753504293408,04:31:33.408,ALGO/USDT:USDT,0.2692,34332.6,0.2691,100571.2,0.2693,28318.1,0.2694,106056.2
1753504293526,04:31:33.526,ALGO/USDT:USDT,0.2692,37913.0,0.2691,100571.2,0.2693,28318.1,0.2694,106056.2
1753504293629,04:31:33.629,ALGO/USDT:USDT,0.2692,32162.7,0.2691,98777.9,0.2693,29499.5,0.2694,106056.2
1753504293770,04:31:33.770,ALGO/USDT:USDT,0.2692,16957.5,0.2691,97257.2,0.2693,35268.4,0.2694,101643.5
1753504293875,04:31:33.875,ALGO/USDT:USDT,0.2692,22726.4,0.2691,108086.7,0.2693,8079.0,0.2694,100129.8
1753504293981,04:31:33.981,ALGO/USDT:USDT,0.2692,19127.4,0.2691,110949.8,0.2693,8140.3,0.2694,100129.8
1753504294088,04:31:34.088,ALGO/USDT:USDT,0.2692,38623.7,0.2691,110949.8,0.2693,8140.3,0.2694,100129.8
1753504294203,04:31:34.203,ALGO/USDT:USDT,0.2692,38623.7,0.2691,111320.7,0.2693,8140.3,0.2694,100129.8
1753504294326,04:31:34.326,ALGO/USDT:USDT,0.2692,38623.7,0.2691,111320.7,0.2693,8140.3,0.2694,100129.8
1753504294447,04:31:34.447,ALGO/USDT:USDT,0.2692,38623.7,0.2691,111320.7,0.2693,8140.3,0.2694,100129.8
1753504294552,04:31:34.552,ALGO/USDT:USDT,0.2692,38623.7,0.2691,111320.7,0.2693,8140.3,0.2694,100129.8
1753504294669,04:31:34.669,ALGO/USDT:USDT,0.2692,38623.7,0.2691,111467.7,0.2693,8140.3,0.2694,100129.8
1753504294860,04:31:34.860,ALGO/USDT:USDT,0.2692,38628.1,0.2691,111467.7,0.2693,8140.3,0.2694,100129.8
1753504294964,04:31:34.964,ALGO/USDT:USDT,0.2693,17468.2,0.2692,55445.2,0.2694,46560.5,0.2695,125284.9
1753504295080,04:31:35.080,ALGO/USDT:USDT,0.2693,15298.3,0.2692,51447.6,0.2694,46560.5,0.2695,125284.9
1753504295187,04:31:35.187,ALGO/USDT:USDT,0.2693,17406.9,0.2692,59310.4,0.2694,45299.2,0.2695,125284.9
1753504295289,04:31:35.289,ALGO/USDT:USDT,0.2693,21067.2,0.2692,59310.4,0.2694,45360.5,0.2695,123376.9
1753504295448,04:31:35.448,ALGO/USDT:USDT,0.2693,15316.9,0.2692,59310.4,0.2694,49720.5,0.2695,125284.9
1753504295553,04:31:35.553,ALGO/USDT:USDT,0.2693,15316.9,0.2692,59310.4,0.2694,49720.5,0.2695,125284.9
1753504295658,04:31:35.658,ALGO/USDT:USDT,0.2693,15316.9,0.2692,59310.4,0.2694,51871.8,0.2695,130161.7
1753504295769,04:31:35.769,ALGO/USDT:USDT,0.2693,15316.9,0.2692,59310.4,0.2694,51871.8,0.2695,130161.7
1753504295926,04:31:35.926,ALGO/USDT:USDT,0.2693,10533.3,0.2692,59329.2,0.2694,51890.4,0.2695,131460.2
1753504296059,04:31:36.059,ALGO/USDT:USDT,0.2693,10533.3,0.2692,59329.2,0.2694,51890.4,0.2695,131460.2
1753504296192,04:31:36.192,ALGO/USDT:USDT,0.2693,10533.3,0.2692,59329.2,0.2694,52261.6,0.2695,135162.8
1753504296297,04:31:36.297,ALGO/USDT:USDT,0.2693,10533.3,0.2692,59329.2,0.2694,52261.6,0.2695,135162.8
1753504296418,04:31:36.418,ALGO/USDT:USDT,0.2693,20455.8,0.2692,59329.2,0.2694,30492.7,0.2695,135162.8
1753504296584,04:31:36.584,ALGO/USDT:USDT,0.2693,21308.8,0.2692,60163.6,0.2694,30492.7,0.2695,135162.8
1753504296727,04:31:36.727,ALGO/USDT:USDT,0.2693,21308.8,0.2692,60163.6,0.2694,30492.7,0.2695,135162.8
1753504296859,04:31:36.859,ALGO/USDT:USDT,0.2693,21308.8,0.2692,60163.6,0.2694,30492.7,0.2695,135162.8
1753504297002,04:31:37.002,ALGO/USDT:USDT,0.2693,21308.8,0.2692,60163.6,0.2694,30492.7,0.2695,135162.8
1753504297127,04:31:37.127,ALGO/USDT:USDT,0.2693,29908.8,0.2692,60163.6,0.2694,30492.7,0.2695,135162.8
1753504297260,04:31:37.260,ALGO/USDT:USDT,0.2693,29908.8,0.2692,60163.6,0.2694,30492.7,0.2695,135162.8
1753504297363,04:31:37.363,ALGO/USDT:USDT,0.2693,29908.8,0.2692,60163.6,0.2694,30492.7,0.2695,135162.8
1753504297502,04:31:37.502,ALGO/USDT:USDT,0.2693,30179.1,0.2692,59908.2,0.2694,30492.7,0.2695,135162.8
1753504297659,04:31:37.659,ALGO/USDT:USDT,0.2693,30111.0,0.2692,59135.8,0.2694,30492.7,0.2695,135162.8
1753504297779,04:31:37.779,ALGO/USDT:USDT,0.2693,30111.0,0.2692,59135.8,0.2694,30492.7,0.2695,135162.8
1753504297897,04:31:37.897,ALGO/USDT:USDT,0.2693,30111.0,0.2692,59135.8,0.2694,30492.7,0.2695,135162.8
1753504298059,04:31:38.059,ALGO/USDT:USDT,0.2693,39111.0,0.2692,59135.8,0.2694,26320.5,0.2695,135162.8
1753504298213,04:31:38.213,ALGO/USDT:USDT,0.2693,39296.7,0.2692,59135.8,0.2694,26320.5,0.2695,135162.8
1753504298326,04:31:38.326,ALGO/USDT:USDT,0.2693,39296.7,0.2692,59135.8,0.2694,26320.5,0.2695,135162.8
1753504298437,04:31:38.437,ALGO/USDT:USDT,0.2693,39296.7,0.2692,59135.8,0.2694,26320.5,0.2695,135162.8
1753504298702,04:31:38.702,ALGO/USDT:USDT,0.2693,39296.7,0.2692,59135.8,0.2694,26320.5,0.2695,135162.8
1753504298803,04:31:38.803,ALGO/USDT:USDT,0.2693,39296.7,0.2692,59135.8,0.2694,26320.5,0.2695,135162.8
1753504299002,04:31:39.002,ALGO/USDT:USDT,0.2693,39296.7,0.2692,59135.8,0.2694,26320.5,0.2695,135162.8
1753504299127,04:31:39.127,ALGO/USDT:USDT,0.2693,39296.7,0.2692,59135.8,0.2694,26320.5,0.2695,135162.8
1753504299260,04:31:39.260,ALGO/USDT:USDT,0.2693,39296.7,0.2692,59135.8,0.2694,26320.5,0.2695,135162.8
1753504299402,04:31:39.402,ALGO/USDT:USDT,0.2693,39296.7,0.2692,59135.8,0.2694,26320.5,0.2695,135162.8
1753504299526,04:31:39.526,ALGO/USDT:USDT,0.2693,39296.7,0.2692,59135.8,0.2694,26320.5,0.2695,135162.8
1753504299659,04:31:39.659,ALGO/USDT:USDT,0.2693,39296.7,0.2692,59135.8,0.2694,26320.5,0.2695,135162.8
1753504299802,04:31:39.802,ALGO/USDT:USDT,0.2693,39296.7,0.2692,59135.8,0.2694,26691.7,0.2695,135162.8
1753504299926,04:31:39.926,ALGO/USDT:USDT,0.2693,39296.7,0.2692,59135.8,0.2694,26691.7,0.2695,135162.8
1753504300059,04:31:40.059,ALGO/USDT:USDT,0.2693,39296.7,0.2692,59135.8,0.2694,26691.7,0.2695,135162.8
1753504300161,04:31:40.161,ALGO/USDT:USDT,0.2693,39296.7,0.2692,59135.8,0.2694,26691.7,0.2695,135162.8
1753504300326,04:31:40.326,ALGO/USDT:USDT,0.2693,39296.7,0.2692,59135.8,0.2694,26691.7,0.2695,135162.8
1753504300459,04:31:40.459,ALGO/USDT:USDT,0.2693,39316.2,0.2692,60305.8,0.2694,25791.7,0.2695,135162.8
1753504300647,04:31:40.647,ALGO/USDT:USDT,0.2693,39316.2,0.2692,60305.8,0.2694,25791.7,0.2695,135162.8
1753504300785,04:31:40.785,ALGO/USDT:USDT,0.2693,39316.2,0.2692,60305.8,0.2694,25791.7,0.2695,135162.8
1753504300901,04:31:40.901,ALGO/USDT:USDT,0.2693,39316.2,0.2692,60305.8,0.2694,25791.7,0.2695,135204.1
1753504301002,04:31:41.002,ALGO/USDT:USDT,0.2693,39316.2,0.2692,60305.8,0.2694,25791.7,0.2695,135204.1
1753504301126,04:31:41.126,ALGO/USDT:USDT,0.2693,39316.2,0.2692,60305.8,0.2694,25791.7,0.2695,135204.1
1753504301260,04:31:41.260,ALGO/USDT:USDT,0.2693,39316.2,0.2692,60305.8,0.2694,25791.7,0.2695,135204.1
1753504301499,04:31:41.499,ALGO/USDT:USDT,0.2693,39316.2,0.2692,60305.8,0.2694,25791.7,0.2695,135204.1
1753504301602,04:31:41.602,ALGO/USDT:USDT,0.2693,39316.2,0.2692,60305.8,0.2694,25791.7,0.2695,135204.1
1753504301727,04:31:41.727,ALGO/USDT:USDT,0.2693,32833.0,0.2692,60305.8,0.2694,27177.3,0.2695,135204.1
1753504301848,04:31:41.848,ALGO/USDT:USDT,0.2693,29063.1,0.2692,55539.4,0.2694,30757.7,0.2695,135204.1
1753504301957,04:31:41.957,ALGO/USDT:USDT,0.2693,31233.0,0.2692,55539.4,0.2694,27177.3,0.2695,135204.1
1753504302059,04:31:42.059,ALGO/USDT:USDT,0.2693,15233.0,0.2692,55539.4,0.2694,30776.3,0.2695,135204.1
1753504302259,04:31:42.259,ALGO/USDT:USDT,0.2693,15233.0,0.2692,55539.4,0.2694,30776.3,0.2695,135204.1
1753504302389,04:31:42.389,ALGO/USDT:USDT,0.2693,15233.0,0.2692,55539.4,0.2694,29390.7,0.2695,135204.1
1753504302615,04:31:42.615,ALGO/USDT:USDT,0.2693,18813.4,0.2692,55539.4,0.2694,29390.7,0.2695,135204.1
1753504302726,04:31:42.726,ALGO/USDT:USDT,0.2693,18813.4,0.2692,55539.4,0.2694,29390.7,0.2695,135204.1
1753504302830,04:31:42.830,ALGO/USDT:USDT,0.2693,18813.4,0.2692,55539.4,0.2694,29390.7,0.2695,135204.1
1753504302949,04:31:42.949,ALGO/USDT:USDT,0.2693,18813.4,0.2692,55539.4,0.2694,29390.7,0.2695,135204.1
1753504303060,04:31:43.060,ALGO/USDT:USDT,0.2693,18832.0,0.2692,55539.4,0.2694,38390.7,0.2695,135204.1
1753504303197,04:31:43.197,ALGO/USDT:USDT,0.2693,18832.0,0.2692,55539.4,0.2694,38390.7,0.2695,135204.1
1753504303302,04:31:43.302,ALGO/USDT:USDT,0.2694,16684.3,0.2693,71985.5,0.2695,26883.0,0.2696,101829.0
1753504303405,04:31:43.405,ALGO/USDT:USDT,0.2695,9312.0,0.2694,59902.2,0.2696,32517.0,0.2697,92713.9
1753504303506,04:31:43.506,ALGO/USDT:USDT,0.2695,9307.5,0.2694,36255.4,0.2696,34148.5,0.2697,90805.9
1753504303607,04:31:43.607,ALGO/USDT:USDT,0.2695,663.8,0.2694,32719.9,0.2696,30445.9,0.2697,97495.5
1753504303711,04:31:43.711,ALGO/USDT:USDT,0.2695,3358.5,0.2694,32719.9,0.2696,30445.9,0.2697,97495.5
1753504303821,04:31:43.821,ALGO/USDT:USDT,0.2695,1849.6,0.2694,32719.9,0.2696,30464.5,0.2697,108283.3
1753504303925,04:31:43.925,ALGO/USDT:USDT,0.2695,2428.9,0.2694,32719.9,0.2696,33327.6,0.2697,109769.1
1753504304049,04:31:44.049,ALGO/USDT:USDT,0.2695,8577.6,0.2694,39719.9,0.2696,49327.6,0.2697,109769.1
1753504304150,04:31:44.150,ALGO/USDT:USDT,0.2695,6638.5,0.2694,38216.4,0.2696,48957.4,0.2697,109769.1
1753504304253,04:31:44.253,ALGO/USDT:USDT,0.2695,11682.2,0.2694,38235.1,0.2696,48957.4,0.2697,109062.2
1753504304355,04:31:44.355,ALGO/USDT:USDT,0.2695,12646.9,0.2694,46235.1,0.2696,46088.7,0.2697,110359.7
1753504304460,04:31:44.460,ALGO/USDT:USDT,0.2695,12646.9,0.2694,46235.1,0.2696,46088.7,0.2697,110359.7
1753504304564,04:31:44.564,ALGO/USDT:USDT,0.2695,12646.9,0.2694,47405.1,0.2696,46088.7,0.2697,110359.7
1753504304696,04:31:44.696,ALGO/USDT:USDT,0.2695,6816.7,0.2694,47405.1,0.2696,43225.6,0.2697,110424.7
1753504304798,04:31:44.798,ALGO/USDT:USDT,0.2695,6220.9,0.2694,45270.0,0.2696,48805.3,0.2697,120007.0
1753504304903,04:31:44.903,ALGO/USDT:USDT,0.2694,7862.7,0.2693,53773.0,0.2695,52212.0,0.2696,109376.3
1753504305011,04:31:45.011,ALGO/USDT:USDT,0.2694,4627.5,0.2693,53773.0,0.2695,52273.3,0.2696,114710.5
1753504305127,04:31:45.127,ALGO/USDT:USDT,0.2694,4504.9,0.2693,53773.0,0.2695,48674.3,0.2696,114710.5
1753504305371,04:31:45.371,ALGO/USDT:USDT,0.2694,4504.9,0.2693,53884.8,0.2695,48674.3,0.2696,114710.5
1753504305497,04:31:45.497,ALGO/USDT:USDT,0.2694,4504.9,0.2693,53884.8,0.2695,48674.3,0.2696,114710.5
1753504305599,04:31:45.599,ALGO/USDT:USDT,0.2694,4504.9,0.2693,53884.8,0.2695,48674.3,0.2696,114710.5
1753504305743,04:31:45.743,ALGO/USDT:USDT,0.2694,4504.9,0.2693,53884.8,0.2695,48674.3,0.2696,114710.5
1753504305859,04:31:45.859,ALGO/USDT:USDT,0.2694,4504.9,0.2693,53921.9,0.2695,48674.3,0.2696,115489.2
1753504305965,04:31:45.965,ALGO/USDT:USDT,0.2694,351.3,0.2693,52603.7,0.2695,54813.5,0.2696,115489.2
1753504306072,04:31:46.072,ALGO/USDT:USDT,0.2694,351.3,0.2693,52603.7,0.2695,55203.2,0.2696,115860.3
1753504306177,04:31:46.177,ALGO/USDT:USDT,0.2694,351.3,0.2693,51298.5,0.2695,55203.2,0.2696,115860.3
1753504306288,04:31:46.288,ALGO/USDT:USDT,0.2694,401.5,0.2693,51298.5,0.2695,55203.2,0.2696,115902.4
1753504306402,04:31:46.402,ALGO/USDT:USDT,0.2694,420.1,0.2693,51298.5,0.2695,55573.7,0.2696,115902.4
1753504306537,04:31:46.537,ALGO/USDT:USDT,0.2694,420.1,0.2693,51298.5,0.2695,55573.7,0.2696,118740.1
1753504306659,04:31:46.659,ALGO/USDT:USDT,0.2694,420.1,0.2693,51298.5,0.2695,55573.7,0.2696,118740.1
1753504306818,04:31:46.818,ALGO/USDT:USDT,0.2694,420.1,0.2693,51298.5,0.2695,55573.7,0.2696,118740.1
1753504306940,04:31:46.940,ALGO/USDT:USDT,0.2694,420.1,0.2693,51298.5,0.2695,55573.7,0.2696,118740.1
1753504307078,04:31:47.078,ALGO/USDT:USDT,0.2694,14668.7,0.2693,58283.8,0.2695,23411.1,0.2696,118369.0
1753504307195,04:31:47.195,ALGO/USDT:USDT,0.2694,20480.3,0.2693,58283.8,0.2695,23411.1,0.2696,118369.0
1753504307302,04:31:47.302,ALGO/USDT:USDT,0.2694,20480.3,0.2693,58283.8,0.2695,23411.1,0.2696,118369.0
1753504307457,04:31:47.457,ALGO/USDT:USDT,0.2694,1456.7,0.2693,51231.9,0.2695,29118.7,0.2696,122149.0
1753504307560,04:31:47.560,ALGO/USDT:USDT,0.2694,1456.7,0.2693,51231.9,0.2695,29180.0,0.2696,122149.0
1753504307661,04:31:47.661,ALGO/USDT:USDT,0.2694,1456.7,0.2693,51231.9,0.2695,29180.0,0.2696,122149.0
1753504307823,04:31:47.823,ALGO/USDT:USDT,0.2694,1456.7,0.2693,51231.9,0.2695,29180.0,0.2696,122149.0
1753504307927,04:31:47.927,ALGO/USDT:USDT,0.2694,1456.7,0.2693,51231.9,0.2695,45161.4,0.2696,122149.0
1753504308033,04:31:48.033,ALGO/USDT:USDT,0.2694,1456.7,0.2693,51231.9,0.2695,45550.3,0.2696,122149.0
1753504308223,04:31:48.223,ALGO/USDT:USDT,0.2694,1434.4,0.2693,51231.9,0.2695,45935.8,0.2696,122149.0
1753504308326,04:31:48.326,ALGO/USDT:USDT,0.2694,1434.4,0.2693,51231.9,0.2695,46306.3,0.2696,122149.0
1753504308434,04:31:48.434,ALGO/USDT:USDT,0.2694,1434.4,0.2693,51231.9,0.2695,46306.3,0.2696,122518.5
1753504308602,04:31:48.602,ALGO/USDT:USDT,0.2694,1434.4,0.2693,51231.9,0.2695,46306.3,0.2696,122518.5
1753504308726,04:31:48.726,ALGO/USDT:USDT,0.2694,1434.4,0.2693,51231.9,0.2695,46306.3,0.2696,122518.5
1753504308860,04:31:48.860,ALGO/USDT:USDT,0.2694,1434.4,0.2693,51231.9,0.2695,46658.8,0.2696,122889.6
1753504309002,04:31:49.002,ALGO/USDT:USDT,0.2694,397.8,0.2693,50031.9,0.2695,46677.4,0.2696,128847.9
1753504309103,04:31:49.103,ALGO/USDT:USDT,0.2694,397.8,0.2693,50031.9,0.2695,46677.4,0.2696,130332.3
1753504309243,04:31:49.243,ALGO/USDT:USDT,0.2694,397.8,0.2693,48734.2,0.2695,46677.5,0.2696,130332.3
1753504309402,04:31:49.402,ALGO/USDT:USDT,0.2694,397.8,0.2693,48734.2,0.2695,47048.6,0.2696,130702.4
1753504309526,04:31:49.526,ALGO/USDT:USDT,0.2694,397.8,0.2693,48734.2,0.2695,47048.6,0.2696,131073.5
1753504309628,04:31:49.628,ALGO/USDT:USDT,0.2694,397.8,0.2693,48734.2,0.2695,47048.6,0.2696,131073.5
1753504309760,04:31:49.760,ALGO/USDT:USDT,0.2694,291.8,0.2693,48734.2,0.2695,47048.6,0.2696,131073.5
1753504309861,04:31:49.861,ALGO/USDT:USDT,0.2694,291.8,0.2693,48734.2,0.2695,47048.6,0.2696,131073.5
1753504310002,04:31:50.002,ALGO/USDT:USDT,0.2694,291.8,0.2693,48734.2,0.2695,47048.6,0.2696,131073.5
1753504310117,04:31:50.117,ALGO/USDT:USDT,0.2694,291.8,0.2693,48734.2,0.2695,47200.9,0.2696,131073.5
1753504310299,04:31:50.299,ALGO/USDT:USDT,0.2694,291.8,0.2693,48734.2,0.2695,47201.0,0.2696,131073.5
1753504310443,04:31:50.443,ALGO/USDT:USDT,0.2694,433.2,0.2693,48734.2,0.2695,47201.0,0.2696,131815.7
1753504310592,04:31:50.592,ALGO/USDT:USDT,0.2694,433.2,0.2693,48734.2,0.2695,47201.0,0.2696,131815.7
1753504310702,04:31:50.702,ALGO/USDT:USDT,0.2694,433.2,0.2693,48734.2,0.2695,47201.0,0.2696,131815.7
1753504310811,04:31:50.811,ALGO/USDT:USDT,0.2693,20759.8,0.2692,105572.9,0.2694,10769.0,0.2695,108778.2
1753504310913,04:31:50.913,ALGO/USDT:USDT,0.2693,20759.8,0.2692,99884.9,0.2694,10459.7,0.2695,117206.1
1753504311015,04:31:51.015,ALGO/USDT:USDT,0.2693,20759.8,0.2692,101792.9,0.2694,10459.7,0.2695,116834.9
1753504311127,04:31:51.127,ALGO/USDT:USDT,0.2693,20759.8,0.2692,101792.9,0.2694,10459.7,0.2695,113132.3
1753504311260,04:31:51.260,ALGO/USDT:USDT,0.2693,20759.8,0.2692,101792.9,0.2694,10459.7,0.2695,113132.3
1753504311466,04:31:51.466,ALGO/USDT:USDT,0.2693,24377.4,0.2692,102163.9,0.2694,10478.3,0.2695,113132.3
1753504311580,04:31:51.580,ALGO/USDT:USDT,0.2694,11880.5,0.2693,51300.4,0.2695,45680.2,0.2696,126479.7
1753504311685,04:31:51.685,ALGO/USDT:USDT,0.2694,8779.0,0.2693,54057.2,0.2695,40078.2,0.2696,130182.3
1753504311847,04:31:51.847,ALGO/USDT:USDT,0.2694,1277.9,0.2693,48693.6,0.2695,45847.1,0.2696,127344.6
1753504311951,04:31:51.951,ALGO/USDT:USDT,0.2694,1277.9,0.2693,48693.6,0.2695,43677.2,0.2696,127344.6
1753504312060,04:31:52.060,ALGO/USDT:USDT,0.2694,1277.9,0.2693,48693.6,0.2695,43677.2,0.2696,127344.6
1753504312197,04:31:52.197,ALGO/USDT:USDT,0.2694,1277.9,0.2693,48693.6,0.2695,43677.2,0.2696,127344.6
1753504312302,04:31:52.302,ALGO/USDT:USDT,0.2694,3466.4,0.2693,48693.6,0.2695,40096.8,0.2696,127344.6
1753504312441,04:31:52.441,ALGO/USDT:USDT,0.2694,7620.0,0.2693,48693.6,0.2695,40096.8,0.2696,127714.1
1753504312560,04:31:52.560,ALGO/USDT:USDT,0.2694,5468.7,0.2693,48693.6,0.2695,40096.8,0.2696,127714.1
1753504312666,04:31:52.666,ALGO/USDT:USDT,0.2694,5468.7,0.2693,48693.6,0.2695,44994.6,0.2696,127714.1
1753504312801,04:31:52.801,ALGO/USDT:USDT,0.2694,259.9,0.2693,47531.0,0.2695,47534.8,0.2696,128084.2
1753504312907,04:31:52.907,ALGO/USDT:USDT,0.2694,259.9,0.2693,47531.0,0.2695,47905.3,0.2696,129939.7
1753504313126,04:31:53.126,ALGO/USDT:USDT,0.2694,259.9,0.2693,47531.0,0.2695,47905.3,0.2696,129939.7
1753504313260,04:31:53.260,ALGO/USDT:USDT,0.2694,259.9,0.2693,47531.0,0.2695,49572.9,0.2696,129939.7
1753504313399,04:31:53.399,ALGO/USDT:USDT,0.2694,259.9,0.2693,47531.0,0.2695,49572.9,0.2696,129939.7
1753504313507,04:31:53.507,ALGO/USDT:USDT,0.2694,259.9,0.2693,46820.9,0.2695,49524.7,0.2696,130310.8
1753504313620,04:31:53.620,ALGO/USDT:USDT,0.2694,259.9,0.2693,46820.9,0.2695,50266.9,0.2696,130310.8
1753504313748,04:31:53.748,ALGO/USDT:USDT,0.2694,259.9,0.2693,45650.9,0.2695,50619.4,0.2696,130310.8
1753504313875,04:31:53.875,ALGO/USDT:USDT,0.2694,259.9,0.2693,45650.9,0.2695,51009.1,0.2696,130681.9
1753504313984,04:31:53.984,ALGO/USDT:USDT,0.2693,17419.9,0.2692,105519.5,0.2694,12532.5,0.2695,117415.8
1753504314087,04:31:54.087,ALGO/USDT:USDT,0.2693,18589.9,0.2692,99831.5,0.2694,12079.5,0.2695,112740.9
1753504314188,04:31:54.188,ALGO/USDT:USDT,0.2693,17419.9,0.2692,99831.5,0.2694,12079.5,0.2695,118338.5
1753504314327,04:31:54.327,ALGO/USDT:USDT,0.2693,17419.9,0.2692,99831.5,0.2694,11708.3,0.2695,118338.5
1753504314460,04:31:54.460,ALGO/USDT:USDT,0.2693,17419.9,0.2692,100202.5,0.2694,9538.4,0.2695,118338.5
1753504314561,04:31:54.561,ALGO/USDT:USDT,0.2693,17438.5,0.2692,98691.7,0.2694,11708.3,0.2695,118338.5
1753504314665,04:31:54.665,ALGO/USDT:USDT,0.2693,17438.5,0.2692,98691.7,0.2694,16525.9,0.2695,118338.5
1753504314777,04:31:54.777,ALGO/USDT:USDT,0.2693,17438.5,0.2692,98691.7,0.2694,16525.9,0.2695,118338.5
1753504314926,04:31:54.926,ALGO/USDT:USDT,0.2693,17438.5,0.2692,99861.7,0.2694,24507.3,0.2695,118338.5
1753504315033,04:31:55.033,ALGO/USDT:USDT,0.2693,17438.5,0.2692,99861.7,0.2694,16590.9,0.2695,118338.5
1753504315138,04:31:55.138,ALGO/USDT:USDT,0.2693,17438.5,0.2692,99861.7,0.2694,16590.9,0.2695,118338.5
1753504315260,04:31:55.260,ALGO/USDT:USDT,0.2693,17414.1,0.2692,99861.7,0.2694,16677.6,0.2695,118338.5
1753504315367,04:31:55.367,ALGO/USDT:USDT,0.2693,17414.1,0.2692,99861.7,0.2694,16677.6,0.2695,118338.5
1753504315515,04:31:55.515,ALGO/USDT:USDT,0.2693,6628.4,0.2692,94695.7,0.2694,31881.4,0.2695,118338.5
1753504315617,04:31:55.617,ALGO/USDT:USDT,0.2693,6689.7,0.2692,94695.7,0.2694,31881.4,0.2695,118338.5
1753504315737,04:31:55.737,ALGO/USDT:USDT,0.2693,6689.7,0.2692,94695.7,0.2694,31881.4,0.2695,118338.5
1753504315983,04:31:55.983,ALGO/USDT:USDT,0.2693,15671.1,0.2692,94695.7,0.2694,39862.8,0.2695,118338.5
1753504316096,04:31:56.096,ALGO/USDT:USDT,0.2694,5275.6,0.2693,70160.3,0.2695,40998.4,0.2696,122063.5
1753504316199,04:31:56.199,ALGO/USDT:USDT,0.2697,6163.8,0.2696,37561.2,0.2698,47396.0,0.2699,117790.5
1753504316300,04:31:56.300,ALGO/USDT:USDT,0.2698,22764.7,0.2697,32647.7,0.2699,37173.8,0.27,96890.5
1753504316401,04:31:56.401,ALGO/USDT:USDT,0.2697,20212.4,0.2696,47847.2,0.2698,40036.9,0.2699,88525.8
1753504316502,04:31:56.502,ALGO/USDT:USDT,0.2697,36.5,0.2696,42901.8,0.2698,47301.0,0.2699,100098.4
1753504316605,04:31:56.605,ALGO/USDT:USDT,0.2697,21070.4,0.2696,48094.8,0.2698,33692.4,0.2699,76764.0
1753504316726,04:31:56.726,ALGO/USDT:USDT,0.2697,15301.5,0.2696,48094.8,0.2698,33692.4,0.2699,78764.6
1753504316829,04:31:56.829,ALGO/USDT:USDT,0.2697,15320.1,0.2696,48094.8,0.2698,41461.3,0.2699,78764.6
1753504316934,04:31:56.934,ALGO/USDT:USDT,0.2697,15320.1,0.2696,48094.8,0.2698,41461.3,0.2699,78788.2
1753504317037,04:31:57.037,ALGO/USDT:USDT,0.2697,15350.1,0.2696,48094.8,0.2698,42221.9,0.2699,78788.2
1753504317155,04:31:57.155,ALGO/USDT:USDT,0.2697,15350.1,0.2696,48094.8,0.2698,42221.9,0.2699,79590.4
1753504317260,04:31:57.260,ALGO/USDT:USDT,0.2697,15350.1,0.2696,48094.8,0.2698,43500.2,0.2699,67558.0
1753504317469,04:31:57.469,ALGO/USDT:USDT,0.2697,15350.1,0.2696,49294.8,0.2698,43518.8,0.2699,66901.0
1753504317572,04:31:57.572,ALGO/USDT:USDT,0.2697,15350.1,0.2696,49294.8,0.2698,41348.9,0.2699,66901.0
1753504317673,04:31:57.673,ALGO/USDT:USDT,0.2698,24317.0,0.2697,50579.1,0.2699,16714.8,0.27,91376.3
1753504317780,04:31:57.780,ALGO/USDT:USDT,0.2698,22208.3,0.2697,50579.1,0.2699,16776.0,0.27,95517.3
1753504317892,04:31:57.892,ALGO/USDT:USDT,0.2698,22208.3,0.2697,66736.1,0.2699,32776.0,0.27,95517.3
1753504318003,04:31:58.003,ALGO/USDT:USDT,0.2698,22208.3,0.2697,66736.1,0.2699,32776.0,0.27,95517.3
1753504318104,04:31:58.104,ALGO/USDT:USDT,0.2698,22208.3,0.2697,66736.1,0.2699,32776.0,0.27,95517.3
1753504318217,04:31:58.217,ALGO/USDT:USDT,0.2698,27995.8,0.2697,66754.8,0.2699,32794.6,0.27,95517.3
1753504318319,04:31:58.319,ALGO/USDT:USDT,0.2698,24378.2,0.2697,66754.8,0.2699,32794.6,0.27,95517.3
1753504318421,04:31:58.421,ALGO/USDT:USDT,0.2698,22226.9,0.2697,66754.8,0.2699,32794.6,0.27,95517.3
1753504318524,04:31:58.524,ALGO/USDT:USDT,0.2698,22226.9,0.2697,66754.8,0.2699,32794.6,0.27,94884.1
1753504318641,04:31:58.641,ALGO/USDT:USDT,0.2698,22226.9,0.2697,66754.8,0.2699,38571.5,0.27,84152.2
1753504318743,04:31:58.743,ALGO/USDT:USDT,0.2698,22226.9,0.2697,66754.8,0.2699,34991.1,0.27,84152.2
1753504318845,04:31:58.845,ALGO/USDT:USDT,0.2698,22208.3,0.2697,66754.8,0.2699,37142.4,0.27,84203.5
1753504319022,04:31:59.022,ALGO/USDT:USDT,0.2698,22208.3,0.2697,66754.8,0.2699,37142.4,0.27,84203.5
1753504319126,04:31:59.126,ALGO/USDT:USDT,0.2698,22208.3,0.2697,66754.8,0.2699,37142.4,0.27,84203.5
1753504319249,04:31:59.249,ALGO/USDT:USDT,0.2698,21055.8,0.2697,66754.8,0.2699,37161.0,0.27,84203.5
1753504319357,04:31:59.357,ALGO/USDT:USDT,0.2697,16240.6,0.2696,75328.6,0.2698,16676.4,0.2699,93983.8
1753504319458,04:31:59.458,ALGO/USDT:USDT,0.2697,15560.6,0.2696,79028.5,0.2698,22506.5,0.2699,93991.2
1753504319560,04:31:59.560,ALGO/USDT:USDT,0.2697,15560.6,0.2696,79028.5,0.2698,16737.6,0.2699,93991.2
1753504319663,04:31:59.663,ALGO/USDT:USDT,0.2697,15560.6,0.2696,80936.5,0.2698,17557.4,0.2699,93991.2
1753504319773,04:31:59.773,ALGO/USDT:USDT,0.2697,34348.1,0.2696,80936.5,0.2698,17576.0,0.2699,88609.8
1753504319874,04:31:59.874,ALGO/USDT:USDT,0.2697,34348.1,0.2696,80936.5,0.2698,17576.0,0.2699,88609.8
1753504319976,04:31:59.976,ALGO/USDT:USDT,0.2697,34348.1,0.2696,80936.5,0.2698,17576.0,0.2699,88609.8
1753504320081,04:32:00.081,ALGO/USDT:USDT,0.2697,34368.9,0.2696,80936.5,0.2698,17576.0,0.2699,88609.8
1753504320218,04:32:00.218,ALGO/USDT:USDT,0.2697,15600.0,0.2696,82106.5,0.2698,23326.3,0.2699,91548.5
1753504320328,04:32:00.328,ALGO/USDT:USDT,0.2697,15600.0,0.2696,80198.5,0.2698,23283.7,0.2699,81424.1
1753504320431,04:32:00.431,ALGO/USDT:USDT,0.2697,15493.3,0.2696,75435.7,0.2698,23344.9,0.2699,81424.1
1753504320556,04:32:00.556,ALGO/USDT:USDT,0.2697,15493.3,0.2696,75435.7,0.2698,23344.9,0.2699,81424.1
1753504320660,04:32:00.660,ALGO/USDT:USDT,0.2697,15493.3,0.2696,75435.7,0.2698,23344.9,0.2699,81424.1
1753504320769,04:32:00.769,ALGO/USDT:USDT,0.2697,15493.3,0.2696,75435.7,0.2698,23344.9,0.2699,81424.1
1753504320923,04:32:00.923,ALGO/USDT:USDT,0.2697,15493.3,0.2696,75435.7,0.2698,21156.4,0.2699,81424.1
1753504321025,04:32:01.025,ALGO/USDT:USDT,0.2697,15493.3,0.2696,75435.7,0.2698,21156.4,0.2699,81424.1
1753504321127,04:32:01.127,ALGO/USDT:USDT,0.2697,15493.3,0.2696,75435.7,0.2698,21156.4,0.2699,81424.1
1753504321228,04:32:01.228,ALGO/USDT:USDT,0.2697,15493.3,0.2696,75435.7,0.2698,30105.9,0.2699,81424.1
1753504321333,04:32:01.333,ALGO/USDT:USDT,0.2697,15493.3,0.2696,75435.7,0.2698,30105.9,0.2699,81424.1
1753504321471,04:32:01.471,ALGO/USDT:USDT,0.2697,15493.3,0.2696,75435.7,0.2698,30457.4,0.2699,81424.1
1753504321572,04:32:01.572,ALGO/USDT:USDT,0.2697,15493.3,0.2696,70242.7,0.2698,30846.7,0.2699,81794.8
1753504321673,04:32:01.673,ALGO/USDT:USDT,0.2697,15493.3,0.2696,70207.0,0.2698,30846.5,0.2699,81794.8
1753504321794,04:32:01.794,ALGO/USDT:USDT,0.2697,39.4,0.2696,65365.6,0.2698,46129.5,0.2699,94875.5
1753504321921,04:32:01.921,ALGO/USDT:USDT,0.2697,39.4,0.2696,65365.6,0.2698,46190.7,0.2699,101115.5
1753504322035,04:32:02.035,ALGO/USDT:USDT,0.2697,39.4,0.2696,65365.6,0.2698,46190.7,0.2699,101486.2
1753504322136,04:32:02.136,ALGO/USDT:USDT,0.2697,18.6,0.2696,65365.6,0.2698,46190.7,0.2699,102990.7
1753504322255,04:32:02.255,ALGO/USDT:USDT,0.2697,2330.0,0.2696,66920.7,0.2698,29369.9,0.2699,122946.9
1753504322359,04:32:02.359,ALGO/USDT:USDT,0.2697,2391.2,0.2696,65750.7,0.2698,29061.0,0.2699,121094.8
1753504322464,04:32:02.464,ALGO/USDT:USDT,0.2697,2391.2,0.2696,65750.7,0.2698,29061.0,0.2699,125725.2
1753504322568,04:32:02.568,ALGO/USDT:USDT,0.2697,2409.8,0.2696,65750.7,0.2698,23310.7,0.2699,122376.8
1753504322706,04:32:02.706,ALGO/USDT:USDT,0.2697,8374.4,0.2696,55950.5,0.2698,28813.4,0.2699,122376.8
1753504322811,04:32:02.811,ALGO/USDT:USDT,0.2697,17352.4,0.2696,73577.9,0.2698,28029.9,0.2699,122376.8
1753504322916,04:32:02.916,ALGO/USDT:USDT,0.2697,4413.6,0.2696,73577.9,0.2698,30261.0,0.2699,122376.8
1753504323125,04:32:03.125,ALGO/USDT:USDT,0.2697,4432.2,0.2696,73577.9,0.2698,30650.3,0.2699,122376.8
1753504323252,04:32:03.252,ALGO/USDT:USDT,0.2697,4413.6,0.2696,73596.6,0.2698,28109.9,0.2699,110344.4
1753504323356,04:32:03.356,ALGO/USDT:USDT,0.2697,4432.2,0.2696,74766.6,0.2698,30279.8,0.2699,110344.4
1753504323457,04:32:03.457,ALGO/USDT:USDT,0.2697,4451.7,0.2696,74766.6,0.2698,30299.3,0.2699,110344.4
1753504323568,04:32:03.568,ALGO/USDT:USDT,0.2697,4451.7,0.2696,74766.6,0.2698,30670.0,0.2699,110344.4
1753504323669,04:32:03.669,ALGO/USDT:USDT,0.2697,6781.7,0.2696,74766.6,0.2698,28129.4,0.2699,110344.4
1753504323791,04:32:03.791,ALGO/USDT:USDT,0.2697,18615.0,0.2696,74766.6,0.2698,24530.4,0.2699,109975.1
1753504323899,04:32:03.899,ALGO/USDT:USDT,0.2697,25983.9,0.2696,72596.7,0.2698,23330.4,0.2699,109975.1
1753504324014,04:32:04.014,ALGO/USDT:USDT,0.2697,23795.4,0.2696,72596.7,0.2698,23330.4,0.2699,109975.1
1753504324203,04:32:04.203,ALGO/USDT:USDT,0.2697,18635.8,0.2696,72596.7,0.2698,26910.9,0.2699,109975.1
1753504324308,04:32:04.308,ALGO/USDT:USDT,0.2697,18881.6,0.2696,72596.7,0.2698,26929.5,0.2699,109975.1
1753504324460,04:32:04.460,ALGO/USDT:USDT,0.2697,18881.6,0.2696,72596.7,0.2698,26929.5,0.2699,109975.1
1753504324561,04:32:04.561,ALGO/USDT:USDT,0.2697,20481.6,0.2696,72713.3,0.2698,23330.5,0.2699,109975.1
1753504324674,04:32:04.674,ALGO/USDT:USDT,0.2697,26250.5,0.2696,72713.3,0.2698,23330.5,0.2699,109975.1
1753504324817,04:32:04.817,ALGO/USDT:USDT,0.2697,26250.5,0.2696,72713.3,0.2698,23330.5,0.2699,109975.1
1753504324922,04:32:04.922,ALGO/USDT:USDT,0.2697,26250.5,0.2696,72713.3,0.2698,23330.5,0.2699,109975.1
1753504325050,04:32:05.050,ALGO/USDT:USDT,0.2697,26250.5,0.2696,72713.3,0.2698,23330.5,0.2699,109975.1
1753504325240,04:32:05.240,ALGO/USDT:USDT,0.2697,749.2,0.2696,69868.7,0.2698,29469.5,0.2699,109975.1
1753504325346,04:32:05.346,ALGO/USDT:USDT,0.2697,551.6,0.2696,68668.7,0.2698,31132.1,0.2699,110345.8
1753504325448,04:32:05.448,ALGO/USDT:USDT,0.2697,551.6,0.2696,68668.7,0.2698,39121.7,0.2699,122966.4
1753504325660,04:32:05.660,ALGO/USDT:USDT,0.2697,551.6,0.2696,68668.7,0.2698,39121.7,0.2699,122966.4
1753504325781,04:32:05.781,ALGO/USDT:USDT,0.2697,519.7,0.2696,68668.7,0.2698,49808.4,0.2699,123439.9
1753504325883,04:32:05.883,ALGO/USDT:USDT,0.2697,519.7,0.2696,68668.7,0.2698,49808.4,0.2699,123810.6
1753504326059,04:32:06.059,ALGO/USDT:USDT,0.2697,519.7,0.2696,68668.7,0.2698,49808.4,0.2699,123810.6
1753504326186,04:32:06.186,ALGO/USDT:USDT,0.2697,519.7,0.2696,67498.7,0.2698,49783.1,0.2699,123810.6
1753504326304,04:32:06.304,ALGO/USDT:USDT,0.2697,519.7,0.2696,67498.7,0.2698,49783.1,0.2699,124552.0
1753504326427,04:32:06.427,ALGO/USDT:USDT,0.2697,519.7,0.2696,67498.7,0.2698,50172.4,0.2699,124978.7
1753504326547,04:32:06.547,ALGO/USDT:USDT,0.2696,44189.8,0.2695,86510.8,0.2697,3838.1,0.2698,72740.0
1753504326649,04:32:06.649,ALGO/USDT:USDT,0.2696,44189.8,0.2695,86545.4,0.2697,2040.5,0.2698,75856.3
1753504326763,04:32:06.763,ALGO/USDT:USDT,0.2696,44189.8,0.2695,86627.6,0.2697,2101.7,0.2698,75856.3
1753504326884,04:32:06.884,ALGO/USDT:USDT,0.2696,44208.4,0.2695,86627.6,0.2697,1377.2,0.2698,75856.3
1753504327037,04:32:07.037,ALGO/USDT:USDT,0.2696,44208.4,0.2695,86627.6,0.2697,1377.2,0.2698,75856.3
1753504327139,04:32:07.139,ALGO/USDT:USDT,0.2696,44107.7,0.2695,86706.7,0.2697,1377.2,0.2698,75856.3
1753504327259,04:32:07.259,ALGO/USDT:USDT,0.2696,52834.3,0.2695,94201.0,0.2697,1377.2,0.2698,54125.4
1753504327373,04:32:07.373,ALGO/USDT:USDT,0.2698,258.8,0.2697,69521.2,0.2699,66936.8,0.27,143923.0
1753504327478,04:32:07.478,ALGO/USDT:USDT,0.2698,320.0,0.2697,72648.1,0.2699,57403.7,0.27,142790.9
1753504327586,04:32:07.586,ALGO/USDT:USDT,0.2698,505.7,0.2697,72666.8,0.2699,57403.7,0.27,147663.0
1753504327698,04:32:07.698,ALGO/USDT:USDT,0.2698,524.3,0.2697,72666.8,0.2699,63191.2,0.27,148033.5
1753504327808,04:32:07.808,ALGO/USDT:USDT,0.2698,524.3,0.2697,68604.3,0.2699,63543.1,0.27,148033.5
1753504327910,04:32:07.910,ALGO/USDT:USDT,0.2698,524.3,0.2697,68604.3,0.2699,61373.2,0.27,148033.5
1753504328011,04:32:08.011,ALGO/USDT:USDT,0.2698,524.3,0.2697,68604.3,0.2699,63561.7,0.27,148033.5
1753504328117,04:32:08.117,ALGO/USDT:USDT,0.2698,265.5,0.2697,68604.3,0.2699,63561.7,0.27,148033.5
1753504328237,04:32:08.237,ALGO/USDT:USDT,0.2698,265.5,0.2697,68604.3,0.2699,63561.7,0.27,148033.5
1753504328346,04:32:08.346,ALGO/USDT:USDT,0.2698,265.5,0.2697,64437.6,0.2699,52807.2,0.27,149329.9
1753504328458,04:32:08.458,ALGO/USDT:USDT,0.2698,265.5,0.2697,64437.6,0.2699,55049.1,0.27,152850.2
1753504328559,04:32:08.559,ALGO/USDT:USDT,0.2698,265.5,0.2697,60708.1,0.2699,56901.7,0.27,155813.2
1753504328713,04:32:08.713,ALGO/USDT:USDT,0.2698,265.5,0.2697,60708.1,0.2699,61329.8,0.27,161021.2
1753504328857,04:32:08.857,ALGO/USDT:USDT,0.2697,43135.0,0.2696,80221.7,0.2698,20107.5,0.2699,86133.0
1753504328958,04:32:08.958,ALGO/USDT:USDT,0.2697,18671.8,0.2696,70730.1,0.2698,43562.1,0.2699,139057.1
1753504329062,04:32:09.062,ALGO/USDT:USDT,0.2697,18651.6,0.2696,70730.1,0.2698,42117.8,0.2699,134608.6
1753504329177,04:32:09.177,ALGO/USDT:USDT,0.2697,18642.5,0.2696,70730.1,0.2698,42187.7,0.2699,134608.6
1753504329301,04:32:09.301,ALGO/USDT:USDT,0.2697,18543.7,0.2696,70730.1,0.2698,42187.7,0.2699,130890.9
1753504329422,04:32:09.422,ALGO/USDT:USDT,0.2697,18513.3,0.2696,70730.1,0.2698,42187.7,0.2699,130890.9
1753504329525,04:32:09.525,ALGO/USDT:USDT,0.2697,18487.4,0.2696,70730.1,0.2698,41446.3,0.2699,130520.2
1753504329641,04:32:09.641,ALGO/USDT:USDT,0.2697,18567.9,0.2696,70730.1,0.2698,36997.8,0.2699,130520.2
1753504329770,04:32:09.770,ALGO/USDT:USDT,0.2697,4433.1,0.2696,70658.5,0.2698,49367.9,0.2699,103629.3
1753504329876,04:32:09.876,ALGO/USDT:USDT,0.2697,265.5,0.2696,70658.5,0.2698,49367.9,0.2699,109578.3
1753504330012,04:32:10.012,ALGO/USDT:USDT,0.2697,265.5,0.2696,70658.5,0.2698,49367.9,0.2699,97545.9
1753504330116,04:32:10.116,ALGO/USDT:USDT,0.2697,185.8,0.2696,70658.5,0.2698,48838.6,0.2699,97545.9
1753504330312,04:32:10.312,ALGO/USDT:USDT,0.2697,185.8,0.2696,70658.5,0.2698,48838.6,0.2699,97545.9
1753504330413,04:32:10.413,ALGO/USDT:USDT,0.2696,45390.0,0.2695,88040.8,0.2697,26510.9,0.2698,55604.0
1753504330514,04:32:10.514,ALGO/USDT:USDT,0.2696,27660.7,0.2695,90346.6,0.2697,15935.1,0.2698,62794.1
1753504330615,04:32:10.615,ALGO/USDT:USDT,0.2696,26919.1,0.2695,89975.8,0.2697,17196.3,0.2698,62423.3
1753504330723,04:32:10.723,ALGO/USDT:USDT,0.2696,38919.1,0.2695,89245.4,0.2697,15996.3,0.2698,62423.3
1753504330834,04:32:10.834,ALGO/USDT:USDT,0.2696,39123.4,0.2695,89245.4,0.2697,16033.5,0.2698,62423.3
1753504330940,04:32:10.940,ALGO/USDT:USDT,0.2696,39123.4,0.2695,89245.4,0.2697,16033.5,0.2698,62423.3
1753504331128,04:32:11.128,ALGO/USDT:USDT,0.2696,39123.4,0.2695,89245.4,0.2697,16033.5,0.2698,62423.3
1753504331260,04:32:11.260,ALGO/USDT:USDT,0.2696,41012.8,0.2695,89245.4,0.2697,16033.5,0.2698,55662.3
1753504331402,04:32:11.402,ALGO/USDT:USDT,0.2696,41012.8,0.2695,89245.4,0.2697,16033.5,0.2698,55662.3
1753504331526,04:32:11.526,ALGO/USDT:USDT,0.2696,43570.2,0.2695,94322.7,0.2697,16033.5,0.2698,52063.3
1753504331635,04:32:11.635,ALGO/USDT:USDT,0.2696,46963.1,0.2695,101015.4,0.2697,1529.3,0.2698,51692.5
1753504331741,04:32:11.741,ALGO/USDT:USDT,0.2696,32793.2,0.2695,95432.7,0.2697,6901.5,0.2698,51692.5
1753504331846,04:32:11.846,ALGO/USDT:USDT,0.2696,32422.4,0.2695,95061.9,0.2697,6901.5,0.2698,55288.5
1753504331949,04:32:11.949,ALGO/USDT:USDT,0.2696,32422.4,0.2695,95061.9,0.2697,6901.5,0.2698,55288.5
1753504332060,04:32:12.060,ALGO/USDT:USDT,0.2696,32422.4,0.2695,95061.9,0.2697,6901.5,0.2698,55288.5
1753504332174,04:32:12.174,ALGO/USDT:USDT,0.2696,32446.3,0.2695,95061.9,0.2697,5701.5,0.2698,55288.5
1753504332276,04:32:12.276,ALGO/USDT:USDT,0.2696,32446.3,0.2695,95061.9,0.2697,5701.5,0.2698,55288.5
1753504332432,04:32:12.432,ALGO/USDT:USDT,0.2696,32446.3,0.2695,95061.9,0.2697,5762.7,0.2698,55288.5
1753504332726,04:32:12.726,ALGO/USDT:USDT,0.2696,32446.3,0.2695,94693.5,0.2697,5762.7,0.2698,55288.5
1753504332828,04:32:12.828,ALGO/USDT:USDT,0.2696,32446.3,0.2695,94322.7,0.2697,20168.5,0.2698,55288.5
1753504332935,04:32:12.935,ALGO/USDT:USDT,0.2696,32446.3,0.2695,94322.7,0.2697,20168.5,0.2698,55288.5
1753504333102,04:32:13.102,ALGO/USDT:USDT,0.2696,32465.8,0.2695,94322.7,0.2697,21646.4,0.2698,55288.5
1753504333260,04:32:13.260,ALGO/USDT:USDT,0.2696,32465.8,0.2695,94322.7,0.2697,21646.4,0.2698,55288.5
1753504333413,04:32:13.413,ALGO/USDT:USDT,0.2696,32465.8,0.2695,94322.7,0.2697,21646.4,0.2698,55288.5
1753504333526,04:32:13.526,ALGO/USDT:USDT,0.2696,32096.9,0.2695,89616.1,0.2697,21646.4,0.2698,55288.5
1753504333637,04:32:13.637,ALGO/USDT:USDT,0.2696,38036.7,0.2695,89245.4,0.2697,20446.4,0.2698,55288.5
1753504333803,04:32:13.803,ALGO/USDT:USDT,0.2696,38036.7,0.2695,89245.4,0.2697,20446.4,0.2698,55288.5
1753504333906,04:32:13.906,ALGO/USDT:USDT,0.2696,38036.7,0.2695,89245.4,0.2697,20446.4,0.2698,55288.5
1753504334054,04:32:14.054,ALGO/USDT:USDT,0.2696,38055.3,0.2695,89245.4,0.2697,16274.2,0.2698,55288.5
1753504334159,04:32:14.159,ALGO/USDT:USDT,0.2696,38055.3,0.2695,89245.4,0.2697,16274.2,0.2698,55288.5
1753504334269,04:32:14.269,ALGO/USDT:USDT,0.2696,38055.3,0.2695,89245.4,0.2697,16274.2,0.2698,55288.5
1753504334460,04:32:14.460,ALGO/USDT:USDT,0.2696,38055.3,0.2695,89245.4,0.2697,16274.2,0.2698,55288.5
1753504334567,04:32:14.567,ALGO/USDT:USDT,0.2696,41289.2,0.2695,89245.4,0.2697,16274.2,0.2698,55288.5
1753504334702,04:32:14.702,ALGO/USDT:USDT,0.2696,48270.6,0.2695,89245.4,0.2697,16274.2,0.2698,55288.5
1753504334815,04:32:14.815,ALGO/USDT:USDT,0.2696,48270.6,0.2695,89616.2,0.2697,16274.2,0.2698,55288.5
1753504335057,04:32:15.057,ALGO/USDT:USDT,0.2696,48270.6,0.2695,89616.2,0.2697,16274.2,0.2698,55288.5
1753504335175,04:32:15.175,ALGO/USDT:USDT,0.2696,46100.7,0.2695,89616.2,0.2697,16274.2,0.2698,55288.5
1753504335287,04:32:15.287,ALGO/USDT:USDT,0.2696,46100.7,0.2695,89616.2,0.2697,16274.2,0.2698,55288.5
1753504335512,04:32:15.512,ALGO/USDT:USDT,0.2696,58210.6,0.2695,99632.2,0.2697,1831.2,0.2698,42088.5
1753504335615,04:32:15.615,ALGO/USDT:USDT,0.2697,41360.5,0.2696,85561.6,0.2698,9116.4,0.2699,113868.3
1753504335719,04:32:15.719,ALGO/USDT:USDT,0.2697,39881.0,0.2696,84451.2,0.2698,5005.4,0.2699,113127.2
1753504335824,04:32:15.824,ALGO/USDT:USDT,0.2697,39881.0,0.2696,84821.9,0.2698,5005.4,0.2699,98570.9
1753504335926,04:32:15.926,ALGO/USDT:USDT,0.2697,39881.0,0.2696,84821.9,0.2698,5005.4,0.2699,95181.9
1753504336053,04:32:16.053,ALGO/USDT:USDT,0.2697,39881.0,0.2696,84821.9,0.2698,5005.4,0.2699,95181.9
1753504336165,04:32:16.165,ALGO/USDT:USDT,0.2697,39899.6,0.2696,84821.9,0.2698,1428.0,0.2699,100651.5
1753504336294,04:32:16.294,ALGO/USDT:USDT,0.2697,37729.7,0.2696,84821.9,0.2698,1524.0,0.2699,100651.5
1753504336562,04:32:16.562,ALGO/USDT:USDT,0.2697,41518.0,0.2696,84742.2,0.2698,1542.6,0.2699,101948.0
1753504336681,04:32:16.681,ALGO/USDT:USDT,0.2697,45257.3,0.2696,85112.7,0.2698,1542.6,0.2699,89915.6
1753504336792,04:32:16.792,ALGO/USDT:USDT,0.2697,18091.4,0.2696,73632.0,0.2698,27838.5,0.2699,96010.6
1753504336897,04:32:16.897,ALGO/USDT:USDT,0.2697,18091.4,0.2696,73632.0,0.2698,27918.3,0.2699,91695.3
1753504336999,04:32:16.999,ALGO/USDT:USDT,0.2697,18091.4,0.2696,72142.8,0.2698,27918.3,0.2699,91695.3
1753504337110,04:32:17.110,ALGO/USDT:USDT,0.2696,54455.7,0.2695,75377.7,0.2697,16844.7,0.2698,55980.3
1753504337211,04:32:17.211,ALGO/USDT:USDT,0.2696,37984.3,0.2695,72885.4,0.2697,19194.2,0.2698,59034.3
1753504337312,04:32:17.312,ALGO/USDT:USDT,0.2696,37984.3,0.2695,74382.6,0.2697,19194.2,0.2698,58243.8
1753504337457,04:32:17.457,ALGO/USDT:USDT,0.2696,37984.3,0.2695,74382.6,0.2697,19194.2,0.2698,58243.8
1753504337569,04:32:17.569,ALGO/USDT:USDT,0.2696,35418.1,0.2695,76507.3,0.2697,6540.3,0.2698,52148.8
1753504337670,04:32:17.670,ALGO/USDT:USDT,0.2696,35603.8,0.2695,76507.3,0.2697,6540.3,0.2698,60148.8
1753504337811,04:32:17.811,ALGO/USDT:USDT,0.2696,35603.8,0.2695,76878.1,0.2697,2368.1,0.2698,60148.8
1753504337916,04:32:17.916,ALGO/USDT:USDT,0.2696,39149.4,0.2695,76878.1,0.2697,2349.5,0.2698,60148.8
1753504338060,04:32:18.060,ALGO/USDT:USDT,0.2696,39538.8,0.2695,78317.9,0.2697,2368.1,0.2698,60148.8
1753504338197,04:32:18.197,ALGO/USDT:USDT,0.2696,39538.8,0.2695,78376.6,0.2697,2368.1,0.2698,60148.8
1753504338302,04:32:18.302,ALGO/USDT:USDT,0.2696,39538.8,0.2695,78411.4,0.2697,6540.3,0.2698,60148.8
1753504338410,04:32:18.410,ALGO/USDT:USDT,0.2696,35569.0,0.2695,78411.4,0.2697,6540.3,0.2698,60148.8
1753504338522,04:32:18.522,ALGO/USDT:USDT,0.2696,35550.4,0.2695,82462.7,0.2697,6569.5,0.2698,60148.8
1753504338726,04:32:18.726,ALGO/USDT:USDT,0.2696,39168.0,0.2695,82462.7,0.2697,6569.5,0.2698,60148.8
1753504338859,04:32:18.859,ALGO/USDT:USDT,0.2696,39168.0,0.2695,82462.7,0.2697,6569.5,0.2698,60148.8
1753504338978,04:32:18.978,ALGO/USDT:USDT,0.2696,39168.0,0.2695,82462.7,0.2697,6569.5,0.2698,60148.8
1753504339102,04:32:19.102,ALGO/USDT:USDT,0.2696,39168.0,0.2695,82462.7,0.2697,6569.5,0.2698,60148.8
1753504339219,04:32:19.219,ALGO/USDT:USDT,0.2696,39536.8,0.2695,82462.7,0.2697,6569.5,0.2698,60148.8
1753504339359,04:32:19.359,ALGO/USDT:USDT,0.2696,39536.8,0.2695,82462.7,0.2697,6569.5,0.2698,60148.8
1753504339522,04:32:19.522,ALGO/USDT:USDT,0.2696,39536.8,0.2695,82833.5,0.2697,6620.8,0.2698,60097.5
1753504339646,04:32:19.646,ALGO/USDT:USDT,0.2696,39168.0,0.2695,84347.0,0.2697,6620.8,0.2698,60097.5
1753504339774,04:32:19.774,ALGO/USDT:USDT,0.2696,39168.0,0.2695,83976.2,0.2697,6620.8,0.2698,60097.5
1753504339902,04:32:19.902,ALGO/USDT:USDT,0.2696,33477.1,0.2695,83976.2,0.2697,21063.8,0.2698,66192.5
1753504340040,04:32:20.040,ALGO/USDT:USDT,0.2695,37060.4,0.2694,88932.6,0.2696,5645.9,0.2697,65810.5
1753504340145,04:32:20.145,ALGO/USDT:USDT,0.2695,29451.8,0.2694,88932.6,0.2696,20150.2,0.2697,70473.8
1753504340261,04:32:20.261,ALGO/USDT:USDT,0.2695,29451.8,0.2694,91728.8,0.2696,23749.2,0.2697,76729.8
1753504340470,04:32:20.470,ALGO/USDT:USDT,0.2695,29451.8,0.2694,91728.8,0.2696,23749.2,0.2697,77582.7
1753504340587,04:32:20.587,ALGO/USDT:USDT,0.2695,36470.4,0.2694,91728.8,0.2696,20187.4,0.2697,77582.7
1753504340688,04:32:20.688,ALGO/USDT:USDT,0.2695,42239.3,0.2694,91728.8,0.2696,3378.5,0.2697,77582.7
1753504340794,04:32:20.794,ALGO/USDT:USDT,0.2695,42239.3,0.2694,91728.8,0.2696,3439.8,0.2697,77582.7
1753504340896,04:32:20.896,ALGO/USDT:USDT,0.2695,40069.4,0.2694,92898.8,0.2696,5568.6,0.2697,77582.7
1753504340999,04:32:20.999,ALGO/USDT:USDT,0.2695,40069.4,0.2694,92898.8,0.2696,5568.6,0.2697,77582.7
1753504341107,04:32:21.107,ALGO/USDT:USDT,0.2695,43595.0,0.2694,91728.8,0.2696,5568.6,0.2697,77582.7
1753504341211,04:32:21.211,ALGO/USDT:USDT,0.2695,43595.0,0.2694,91728.8,0.2696,5568.6,0.2697,77582.7
1753504341379,04:32:21.379,ALGO/USDT:USDT,0.2695,43595.0,0.2694,92099.6,0.2696,1396.4,0.2697,71326.7
1753504341526,04:32:21.526,ALGO/USDT:USDT,0.2695,43595.0,0.2694,92099.6,0.2696,1396.4,0.2697,71326.7
1753504341659,04:32:21.659,ALGO/USDT:USDT,0.2695,43595.0,0.2694,92099.6,0.2696,1396.4,0.2697,71326.7
1753504341821,04:32:21.821,ALGO/USDT:USDT,0.2695,38069.3,0.2694,93142.0,0.2696,5568.6,0.2697,71326.7
1753504341926,04:32:21.926,ALGO/USDT:USDT,0.2695,38050.7,0.2694,94312.0,0.2696,1396.4,0.2697,71326.7
1753504342027,04:32:22.027,ALGO/USDT:USDT,0.2696,33652.4,0.2695,85710.9,0.2697,19187.5,0.2698,122121.7
1753504342133,04:32:22.133,ALGO/USDT:USDT,0.2696,29424.7,0.2695,86899.4,0.2697,19509.5,0.2698,120267.1
1753504342238,04:32:22.238,ALGO/USDT:USDT,0.2696,29424.7,0.2695,86899.4,0.2697,21679.4,0.2698,124814.1
1753504342459,04:32:22.459,ALGO/USDT:USDT,0.2696,29424.7,0.2695,80831.8,0.2697,21679.4,0.2698,131070.1
1753504342565,04:32:22.565,ALGO/USDT:USDT,0.2696,35424.7,0.2695,77999.9,0.2697,20498.0,0.2698,131070.1
1753504342667,04:32:22.667,ALGO/USDT:USDT,0.2696,35443.3,0.2695,77999.9,0.2697,24097.0,0.2698,131070.1
1753504342802,04:32:22.802,ALGO/USDT:USDT,0.2696,35443.3,0.2695,77999.9,0.2697,24097.0,0.2698,131070.1
1753504343017,04:32:23.017,ALGO/USDT:USDT,0.2696,41212.2,0.2695,86965.4,0.2697,5703.3,0.2698,114089.7
1753504343124,04:32:23.124,ALGO/USDT:USDT,0.2696,41212.2,0.2695,93315.4,0.2697,2382.9,0.2698,114089.7
1753504343260,04:32:23.260,ALGO/USDT:USDT,0.2696,41580.9,0.2695,93686.0,0.2697,2401.5,0.2698,114089.7
1753504343442,04:32:23.442,ALGO/USDT:USDT,0.2696,41580.9,0.2695,93686.0,0.2697,2401.5,0.2698,114089.7
1753504343552,04:32:23.552,ALGO/USDT:USDT,0.2696,41212.2,0.2695,92955.8,0.2697,2401.5,0.2698,114089.7
1753504343660,04:32:23.660,ALGO/USDT:USDT,0.2696,41212.2,0.2695,92955.8,0.2697,2401.5,0.2698,114089.7
1753504343764,04:32:23.764,ALGO/USDT:USDT,0.2696,41212.2,0.2695,92955.8,0.2697,2401.5,0.2698,114089.7
1753504343927,04:32:23.927,ALGO/USDT:USDT,0.2696,41212.2,0.2695,94254.2,0.2697,2401.5,0.2698,114089.7
1753504344059,04:32:24.059,ALGO/USDT:USDT,0.2696,41212.2,0.2695,94254.2,0.2697,2401.5,0.2698,116952.8
1753504344228,04:32:24.228,ALGO/USDT:USDT,0.2696,37613.2,0.2695,94254.2,0.2697,2401.5,0.2698,116952.8
1753504344334,04:32:24.334,ALGO/USDT:USDT,0.2696,41397.9,0.2695,94068.5,0.2697,2401.5,0.2698,115166.7
1753504344449,04:32:24.449,ALGO/USDT:USDT,0.2696,41397.9,0.2695,94068.5,0.2697,2401.5,0.2698,115166.7
1753504344602,04:32:24.602,ALGO/USDT:USDT,0.2696,41397.9,0.2695,94068.5,0.2697,2401.5,0.2698,115166.7
1753504344726,04:32:24.726,ALGO/USDT:USDT,0.2696,41397.9,0.2695,94068.5,0.2697,2401.5,0.2698,115166.7
1753504344859,04:32:24.859,ALGO/USDT:USDT,0.2696,41397.9,0.2695,94428.1,0.2697,2401.5,0.2698,115166.7
1753504345126,04:32:25.126,ALGO/USDT:USDT,0.2696,41397.9,0.2695,94428.1,0.2697,2401.5,0.2698,115166.7
1753504345260,04:32:25.260,ALGO/USDT:USDT,0.2696,41397.9,0.2695,94428.1,0.2697,2401.5,0.2698,115166.7
1753504345381,04:32:25.381,ALGO/USDT:USDT,0.2696,41397.9,0.2695,94428.1,0.2697,2401.5,0.2698,115166.7
1753504345502,04:32:25.502,ALGO/USDT:USDT,0.2696,41397.9,0.2695,94428.1,0.2697,2426.9,0.2698,111991.4
1753504345660,04:32:25.660,ALGO/USDT:USDT,0.2696,41397.9,0.2695,94428.1,0.2697,2426.9,0.2698,111991.4
1753504345763,04:32:25.763,ALGO/USDT:USDT,0.2696,41397.9,0.2695,88437.7,0.2697,9169.3,0.2698,138882.3
1753504345891,04:32:25.891,ALGO/USDT:USDT,0.2696,35629.0,0.2695,88437.7,0.2697,9187.9,0.2698,138882.3
1753504346003,04:32:26.003,ALGO/USDT:USDT,0.2696,35629.0,0.2695,88437.7,0.2697,14956.8,0.2698,144995.7
1753504346108,04:32:26.108,ALGO/USDT:USDT,0.2696,35629.0,0.2695,88437.7,0.2697,14938.2,0.2698,144995.7
1753504346242,04:32:26.242,ALGO/USDT:USDT,0.2696,35629.0,0.2695,88437.7,0.2697,14938.2,0.2698,132972.2
1753504346357,04:32:26.357,ALGO/USDT:USDT,0.2696,33650.9,0.2695,84241.4,0.2697,13288.2,0.2698,134930.1
1753504346460,04:32:26.460,ALGO/USDT:USDT,0.2696,17650.9,0.2695,80030.5,0.2697,31391.4,0.2698,134930.1
1753504346567,04:32:26.567,ALGO/USDT:USDT,0.2696,14708.5,0.2695,80030.5,0.2697,42391.4,0.2698,134930.1
1753504346671,04:32:26.671,ALGO/USDT:USDT,0.2696,14708.5,0.2695,80030.5,0.2697,42391.4,0.2698,138710.1
1753504346776,04:32:26.776,ALGO/USDT:USDT,0.2696,14708.5,0.2695,80030.5,0.2697,42391.4,0.2698,138710.1
1753504346920,04:32:26.920,ALGO/USDT:USDT,0.2695,49167.8,0.2694,88578.6,0.2696,22563.2,0.2697,98352.1
1753504347028,04:32:27.028,ALGO/USDT:USDT,0.2695,51523.4,0.2694,88613.4,0.2696,8120.2,0.2697,98104.5
1753504347162,04:32:27.162,ALGO/USDT:USDT,0.2695,50353.4,0.2694,88613.4,0.2696,8120.2,0.2697,97281.8
1753504347268,04:32:27.268,ALGO/USDT:USDT,0.2695,50353.4,0.2694,88613.4,0.2696,8120.2,0.2697,97281.8
1753504347502,04:32:27.502,ALGO/USDT:USDT,0.2695,50372.0,0.2694,88613.4,0.2696,8164.0,0.2697,97256.4
1753504347607,04:32:27.607,ALGO/USDT:USDT,0.2695,50372.0,0.2694,88718.9,0.2696,8164.0,0.2697,97256.4
1753504347797,04:32:27.797,ALGO/USDT:USDT,0.2695,38069.3,0.2694,83492.7,0.2696,3511.6,0.2697,77940.2
1753504347902,04:32:27.902,ALGO/USDT:USDT,0.2695,38069.3,0.2694,83869.7,0.2696,7665.2,0.2697,77940.2
1753504348007,04:32:28.007,ALGO/USDT:USDT,0.2695,38069.3,0.2694,83869.7,0.2696,7665.2,0.2697,77940.2
1753504348110,04:32:28.110,ALGO/USDT:USDT,0.2695,40220.7,0.2694,83869.7,0.2696,1403.0,0.2697,77940.2
1753504348259,04:32:28.259,ALGO/USDT:USDT,0.2695,43838.3,0.2694,83869.7,0.2696,1403.0,0.2697,77940.2
1753504348378,04:32:28.378,ALGO/USDT:USDT,0.2696,31995.7,0.2695,59114.6,0.2697,21593.7,0.2698,105081.7
1753504348481,04:32:28.481,ALGO/USDT:USDT,0.2696,30964.4,0.2695,80505.4,0.2697,34889.9,0.2698,107485.9
1753504348663,04:32:28.663,ALGO/USDT:USDT,0.2696,30964.4,0.2695,72858.1,0.2697,34889.9,0.2698,107485.9
1753504348771,04:32:28.771,ALGO/USDT:USDT,0.2696,30964.4,0.2695,72858.1,0.2697,34889.9,0.2698,107509.5
1753504348901,04:32:28.901,ALGO/USDT:USDT,0.2696,31168.7,0.2695,72672.4,0.2697,26908.5,0.2698,107509.5
1753504349059,04:32:29.059,ALGO/USDT:USDT,0.2696,31168.7,0.2695,72672.4,0.2697,26908.5,0.2698,107509.5
1753504349202,04:32:29.202,ALGO/USDT:USDT,0.2696,31168.7,0.2695,72672.4,0.2697,26908.5,0.2698,107509.5
1753504349472,04:32:29.472,ALGO/USDT:USDT,0.2696,31168.7,0.2695,72672.4,0.2697,29387.6,0.2698,108806.4
1753504349573,04:32:29.573,ALGO/USDT:USDT,0.2696,31168.7,0.2695,72672.4,0.2697,29406.2,0.2698,108806.4
1753504349730,04:32:29.730,ALGO/USDT:USDT,0.2696,31168.7,0.2695,72672.4,0.2697,29406.2,0.2698,108806.4
1753504349926,04:32:29.926,ALGO/USDT:USDT,0.2696,31168.7,0.2695,72672.4,0.2697,29406.2,0.2698,108806.4
1753504350059,04:32:30.059,ALGO/USDT:USDT,0.2696,31168.7,0.2695,72672.4,0.2697,29406.2,0.2698,108806.4
1753504350202,04:32:30.202,ALGO/USDT:USDT,0.2696,31168.7,0.2695,72672.4,0.2697,29406.2,0.2698,108806.4
1753504350327,04:32:30.327,ALGO/USDT:USDT,0.2696,31168.7,0.2695,72672.4,0.2697,28206.2,0.2698,108806.4
1753504350430,04:32:30.430,ALGO/USDT:USDT,0.2696,39168.7,0.2695,73842.4,0.2697,21537.3,0.2698,108328.0
1753504350588,04:32:30.588,ALGO/USDT:USDT,0.2696,39150.1,0.2695,73842.4,0.2697,20053.7,0.2698,106658.9
1753504350694,04:32:30.694,ALGO/USDT:USDT,0.2696,39150.1,0.2695,73842.4,0.2697,20053.7,0.2698,106658.9
1753504350812,04:32:30.812,ALGO/USDT:USDT,0.2696,39168.7,0.2695,73842.4,0.2697,20053.7,0.2698,106658.9
1753504351001,04:32:31.001,ALGO/USDT:USDT,0.2696,39168.7,0.2695,73842.4,0.2697,20053.7,0.2698,106658.9
1753504351127,04:32:31.127,ALGO/USDT:USDT,0.2696,39168.7,0.2695,73842.4,0.2697,20053.7,0.2698,106658.9
1753504351260,04:32:31.260,ALGO/USDT:USDT,0.2696,39168.7,0.2695,73842.4,0.2697,20053.7,0.2698,106658.9
1753504351377,04:32:31.377,ALGO/USDT:USDT,0.2696,31168.7,0.2695,73842.4,0.2697,20053.7,0.2698,103227.2
1753504351526,04:32:31.526,ALGO/USDT:USDT,0.2696,31168.7,0.2695,73842.4,0.2697,25822.6,0.2698,103227.2
1753504351660,04:32:31.660,ALGO/USDT:USDT,0.2696,31168.7,0.2695,73842.4,0.2697,25822.6,0.2698,103227.2
1753504351777,04:32:31.777,ALGO/USDT:USDT,0.2696,31168.7,0.2695,73842.4,0.2697,20053.7,0.2698,103227.2
1753504351899,04:32:31.899,ALGO/USDT:USDT,0.2696,31168.7,0.2695,73842.4,0.2697,25822.6,0.2698,103227.2
1753504352060,04:32:32.060,ALGO/USDT:USDT,0.2696,31168.7,0.2695,73842.4,0.2697,25822.6,0.2698,103227.2
1753504352326,04:32:32.326,ALGO/USDT:USDT,0.2696,36937.6,0.2695,75140.7,0.2697,20053.7,0.2698,103227.2
1753504352430,04:32:32.430,ALGO/USDT:USDT,0.2696,52937.6,0.2695,85187.3,0.2697,20053.7,0.2698,97113.8
1753504352567,04:32:32.567,ALGO/USDT:USDT,0.2696,52937.6,0.2695,85187.3,0.2697,20053.7,0.2698,97113.8
1753504352702,04:32:32.702,ALGO/USDT:USDT,0.2696,54242.3,0.2695,85187.3,0.2697,18848.1,0.2698,95290.7
1753504352831,04:32:32.831,ALGO/USDT:USDT,0.2696,54220.0,0.2695,85187.3,0.2697,18958.4,0.2698,95290.7
1753504352959,04:32:32.959,ALGO/USDT:USDT,0.2696,54220.0,0.2695,85187.3,0.2697,18958.4,0.2698,95290.7
1753504353126,04:32:33.126,ALGO/USDT:USDT,0.2696,54220.0,0.2695,85187.3,0.2697,18958.4,0.2698,95290.7
1753504353239,04:32:33.239,ALGO/USDT:USDT,0.2696,48451.1,0.2695,85187.3,0.2697,18985.1,0.2698,95290.7
1753504353350,04:32:33.350,ALGO/USDT:USDT,0.2696,54220.0,0.2695,85187.3,0.2697,18985.1,0.2698,95290.7
1753504353497,04:32:33.497,ALGO/USDT:USDT,0.2696,54220.0,0.2695,85187.3,0.2697,18973.3,0.2698,95290.7
1753504353602,04:32:33.602,ALGO/USDT:USDT,0.2696,54220.0,0.2695,85187.3,0.2697,18973.3,0.2698,95290.7
1753504353715,04:32:33.715,ALGO/USDT:USDT,0.2696,54220.0,0.2695,85187.3,0.2697,18973.3,0.2698,95290.7
1753504353851,04:32:33.851,ALGO/USDT:USDT,0.2696,32389.9,0.2695,85187.3,0.2697,18973.3,0.2698,95290.7
1753504353952,04:32:33.952,ALGO/USDT:USDT,0.2696,31146.4,0.2695,85187.3,0.2697,24742.2,0.2698,95290.7
1753504354057,04:32:34.057,ALGO/USDT:USDT,0.2696,31146.4,0.2695,85187.3,0.2697,24742.2,0.2698,95290.7
1753504354268,04:32:34.268,ALGO/USDT:USDT,0.2696,31146.4,0.2695,85187.3,0.2697,24742.2,0.2698,95290.7
1753504354387,04:32:34.387,ALGO/USDT:USDT,0.2696,31146.4,0.2695,85187.3,0.2697,24742.2,0.2698,95290.7
1753504354528,04:32:34.528,ALGO/USDT:USDT,0.2696,31146.4,0.2695,85187.3,0.2697,24742.2,0.2698,95290.7
1753504354715,04:32:34.715,ALGO/USDT:USDT,0.2696,31146.4,0.2695,85187.3,0.2697,24742.2,0.2698,95290.7
1753504354859,04:32:34.859,ALGO/USDT:USDT,0.2696,31146.4,0.2695,85187.3,0.2697,24742.2,0.2698,95290.7
1753504355001,04:32:35.001,ALGO/USDT:USDT,0.2696,31146.4,0.2695,85187.3,0.2697,24742.2,0.2698,95290.7
1753504355126,04:32:35.126,ALGO/USDT:USDT,0.2696,31146.4,0.2695,85187.3,0.2697,24742.2,0.2698,95290.7
1753504355260,04:32:35.260,ALGO/USDT:USDT,0.2696,31146.4,0.2695,85187.3,0.2697,24742.2,0.2698,95290.7
1753504355469,04:32:35.469,ALGO/USDT:USDT,0.2696,46297.7,0.2695,85187.3,0.2697,18973.3,0.2698,95290.7
1753504355596,04:32:35.596,ALGO/USDT:USDT,0.2696,49915.3,0.2695,85187.3,0.2697,18973.3,0.2698,95290.7
1753504355702,04:32:35.702,ALGO/USDT:USDT,0.2696,44146.4,0.2695,85187.3,0.2697,21143.2,0.2698,95290.7
1753504355854,04:32:35.854,ALGO/USDT:USDT,0.2696,44146.4,0.2695,85187.3,0.2697,21143.2,0.2698,95290.7
1753504356002,04:32:36.002,ALGO/USDT:USDT,0.2696,44146.4,0.2695,85187.3,0.2697,24742.2,0.2698,97224.5
1753504356197,04:32:36.197,ALGO/USDT:USDT,0.2696,44146.4,0.2695,85187.3,0.2697,24742.2,0.2698,97224.5
1753504356303,04:32:36.303,ALGO/USDT:USDT,0.2696,49915.3,0.2695,85187.3,0.2697,10811.9,0.2698,97224.5
1753504356421,04:32:36.421,ALGO/USDT:USDT,0.2696,52915.3,0.2695,85187.3,0.2697,8422.2,0.2698,89224.5
1753504356529,04:32:36.529,ALGO/USDT:USDT,0.2696,52915.3,0.2695,85187.3,0.2697,10336.6,0.2698,89224.5
1753504356640,04:32:36.640,ALGO/USDT:USDT,0.2697,4058.1,0.2696,42261.7,0.2698,77621.3,0.2699,104257.8
1753504356741,04:32:36.741,ALGO/USDT:USDT,0.2696,34631.5,0.2695,72605.0,0.2697,30485.8,0.2698,93360.6
1753504356852,04:32:36.852,ALGO/USDT:USDT,0.2696,14689.9,0.2695,71341.5,0.2697,29434.6,0.2698,91136.6
1753504356956,04:32:36.956,ALGO/USDT:USDT,0.2696,14689.9,0.2695,71341.5,0.2697,28307.7,0.2698,121807.5
1753504357059,04:32:37.059,ALGO/USDT:USDT,0.2696,14689.9,0.2695,65462.7,0.2697,28307.7,0.2698,121807.5
1753504357169,04:32:37.169,ALGO/USDT:USDT,0.2696,185.7,0.2695,64158.0,0.2697,38208.7,0.2698,122178.3
1753504357271,04:32:37.271,ALGO/USDT:USDT,0.2696,454.7,0.2695,64158.0,0.2697,34878.3,0.2698,125300.9
1753504357382,04:32:37.382,ALGO/USDT:USDT,0.2696,20224.6,0.2695,64158.0,0.2697,32708.4,0.2698,125671.7
1753504357493,04:32:37.493,ALGO/USDT:USDT,0.2696,20224.6,0.2695,74051.7,0.2697,26667.6,0.2698,123659.3
1753504357602,04:32:37.602,ALGO/USDT:USDT,0.2696,25023.6,0.2695,76281.1,0.2697,27983.6,0.2698,119879.3
1753504357713,04:32:37.713,ALGO/USDT:USDT,0.2696,39466.6,0.2695,77579.4,0.2697,27083.6,0.2698,119987.3
1753504357828,04:32:37.828,ALGO/USDT:USDT,0.2696,39466.6,0.2695,77579.4,0.2697,27083.6,0.2698,119616.5
1753504357990,04:32:37.990,ALGO/USDT:USDT,0.2696,39466.6,0.2695,77579.4,0.2697,22911.4,0.2698,103616.5
1753504358160,04:32:38.160,ALGO/USDT:USDT,0.2696,39466.6,0.2695,77579.4,0.2697,22911.4,0.2698,103616.5
1753504358318,04:32:38.318,ALGO/USDT:USDT,0.2696,39486.1,0.2695,77579.4,0.2697,22911.4,0.2698,102876.3
1753504358460,04:32:38.460,ALGO/USDT:USDT,0.2696,39486.1,0.2695,77579.4,0.2697,22911.4,0.2698,102548.4
1753504358702,04:32:38.702,ALGO/USDT:USDT,0.2696,39486.1,0.2695,77579.4,0.2697,22911.4,0.2698,102548.4
1753504358859,04:32:38.859,ALGO/USDT:USDT,0.2696,39486.1,0.2695,77579.4,0.2697,22911.4,0.2698,102548.4
1753504359091,04:32:39.091,ALGO/USDT:USDT,0.2696,39486.1,0.2695,77579.4,0.2697,22911.4,0.2698,102177.6
1753504359260,04:32:39.260,ALGO/USDT:USDT,0.2696,39486.1,0.2695,77579.4,0.2697,22911.4,0.2698,102177.6
1753504359402,04:32:39.402,ALGO/USDT:USDT,0.2696,39486.1,0.2695,77579.4,0.2697,22911.4,0.2698,102177.6
1753504359526,04:32:39.526,ALGO/USDT:USDT,0.2696,39486.1,0.2695,77579.4,0.2697,22911.4,0.2698,102177.6
1753504359659,04:32:39.659,ALGO/USDT:USDT,0.2696,39486.1,0.2695,77579.4,0.2697,22911.4,0.2698,102177.6
1753504359802,04:32:39.802,ALGO/USDT:USDT,0.2696,39486.1,0.2695,77579.4,0.2697,22911.4,0.2698,102177.6
1753504359926,04:32:39.926,ALGO/USDT:USDT,0.2696,39471.7,0.2695,77579.4,0.2697,22911.4,0.2698,102177.6
1753504360059,04:32:40.059,ALGO/USDT:USDT,0.2696,39471.7,0.2695,77579.4,0.2697,22911.4,0.2698,102177.6
1753504360161,04:32:40.161,ALGO/USDT:USDT,0.2696,39471.7,0.2695,77579.4,0.2697,22911.4,0.2698,102177.6
1753504360327,04:32:40.327,ALGO/USDT:USDT,0.2696,39471.7,0.2695,77579.4,0.2697,22911.4,0.2698,102177.6
1753504360460,04:32:40.460,ALGO/USDT:USDT,0.2696,39471.7,0.2695,78749.4,0.2697,22911.4,0.2698,101277.6
1753504360561,04:32:40.561,ALGO/USDT:USDT,0.2696,39471.7,0.2695,78749.4,0.2697,22930.9,0.2698,101277.6
1753504360700,04:32:40.700,ALGO/USDT:USDT,0.2696,39471.7,0.2695,78749.4,0.2697,22930.9,0.2698,101277.6
1753504360860,04:32:40.860,ALGO/USDT:USDT,0.2696,380.0,0.2695,66580.8,0.2697,28095.2,0.2698,101488.3
1753504360961,04:32:40.961,ALGO/USDT:USDT,0.2696,459.8,0.2695,66580.8,0.2697,28076.6,0.2698,102275.9
1753504361062,04:32:41.062,ALGO/USDT:USDT,0.2696,459.8,0.2695,66580.8,0.2697,28435.6,0.2698,102231.8
1753504361203,04:32:41.203,ALGO/USDT:USDT,0.2696,459.8,0.2695,66580.8,0.2697,28435.6,0.2698,102231.8
1753504361355,04:32:41.355,ALGO/USDT:USDT,0.2696,440.3,0.2695,66580.8,0.2697,44435.6,0.2698,102231.8
1753504361464,04:32:41.464,ALGO/USDT:USDT,0.2696,4208.8,0.2695,66580.8,0.2697,38666.7,0.2698,100298.0
1753504361567,04:32:41.567,ALGO/USDT:USDT,0.2696,2118.7,0.2695,66612.1,0.2697,39408.2,0.2698,100668.8
1753504361674,04:32:41.674,ALGO/USDT:USDT,0.2696,2118.7,0.2695,66612.1,0.2697,45177.1,0.2698,101779.8
1753504361787,04:32:41.787,ALGO/USDT:USDT,0.2695,39035.1,0.2694,94290.1,0.2696,5216.0,0.2697,68502.7
1753504361891,04:32:41.891,ALGO/USDT:USDT,0.2696,33706.4,0.2695,76178.9,0.2697,16830.4,0.2698,95917.2
1753504361994,04:32:41.994,ALGO/USDT:USDT,0.2696,27998.7,0.2695,76178.9,0.2697,18916.6,0.2698,95917.2
1753504362106,04:32:42.106,ALGO/USDT:USDT,0.2696,783.4,0.2695,76178.9,0.2697,22515.6,0.2698,102015.0
1753504362243,04:32:42.243,ALGO/USDT:USDT,0.2696,802.0,0.2695,76178.9,0.2697,22534.2,0.2698,98297.3
1753504362352,04:32:42.352,ALGO/USDT:USDT,0.2695,59879.5,0.2694,94269.8,0.2696,4172.2,0.2697,63639.7
1753504362458,04:32:42.458,ALGO/USDT:USDT,0.2695,60311.6,0.2694,88298.0,0.2696,4253.0,0.2697,63639.7
1753504362567,04:32:42.567,ALGO/USDT:USDT,0.2695,63910.6,0.2694,88668.2,0.2696,4253.0,0.2697,63639.7
1753504362726,04:32:42.726,ALGO/USDT:USDT,0.2695,63910.6,0.2694,88668.2,0.2696,4253.0,0.2697,63639.7
1753504362840,04:32:42.840,ALGO/USDT:USDT,0.2695,58100.8,0.2694,88668.2,0.2696,5569.5,0.2697,63658.4
1753504362943,04:32:42.943,ALGO/USDT:USDT,0.2695,58100.8,0.2694,88699.5,0.2696,5569.5,0.2697,63658.4
1753504363127,04:32:43.127,ALGO/USDT:USDT,0.2695,61866.9,0.2694,88699.5,0.2696,5569.5,0.2697,63658.4
1753504363260,04:32:43.260,ALGO/USDT:USDT,0.2695,61866.9,0.2694,88699.5,0.2696,5569.5,0.2697,63658.4
1753504363407,04:32:43.407,ALGO/USDT:USDT,0.2695,61866.9,0.2694,88699.5,0.2696,5569.5,0.2697,63658.4
1753504363514,04:32:43.514,ALGO/USDT:USDT,0.2695,61866.9,0.2694,88699.5,0.2696,5569.5,0.2697,63658.4
1753504363659,04:32:43.659,ALGO/USDT:USDT,0.2695,61866.9,0.2694,88699.5,0.2696,5569.5,0.2697,63658.4
1753504363787,04:32:43.787,ALGO/USDT:USDT,0.2695,57897.1,0.2694,88699.5,0.2696,5569.5,0.2697,63658.4
1753504363896,04:32:43.896,ALGO/USDT:USDT,0.2695,57897.1,0.2694,88699.5,0.2696,5569.5,0.2697,63658.4
1753504364016,04:32:44.016,ALGO/USDT:USDT,0.2695,57897.1,0.2694,88699.5,0.2696,5569.5,0.2697,63658.4
1753504364178,04:32:44.178,ALGO/USDT:USDT,0.2695,55727.2,0.2694,88328.6,0.2696,5569.5,0.2697,63658.4
1753504364326,04:32:44.326,ALGO/USDT:USDT,0.2695,55727.2,0.2694,88328.6,0.2696,5569.5,0.2697,63658.4
1753504364459,04:32:44.459,ALGO/USDT:USDT,0.2695,55727.2,0.2694,88328.6,0.2696,5569.5,0.2697,63658.4
1753504364563,04:32:44.563,ALGO/USDT:USDT,0.2695,55727.2,0.2694,88328.6,0.2696,5569.5,0.2697,63658.4
1753504364797,04:32:44.797,ALGO/USDT:USDT,0.2695,49064.5,0.2694,88328.6,0.2696,20012.5,0.2697,63658.4
1753504364900,04:32:44.900,ALGO/USDT:USDT,0.2695,47864.5,0.2694,87957.8,0.2696,19932.6,0.2697,63781.0
1753504365011,04:32:45.011,ALGO/USDT:USDT,0.2695,47864.5,0.2694,86449.8,0.2696,20012.5,0.2697,63781.0
1753504365127,04:32:45.127,ALGO/USDT:USDT,0.2695,31864.5,0.2694,86449.8,0.2696,23382.4,0.2697,61611.1
1753504365239,04:32:45.239,ALGO/USDT:USDT,0.2695,30694.5,0.2694,86449.8,0.2696,23382.4,0.2697,61611.1
1753504365340,04:32:45.340,ALGO/USDT:USDT,0.2695,9043.6,0.2694,79081.9,0.2696,39363.8,0.2697,67637.1
1753504365442,04:32:45.442,ALGO/USDT:USDT,0.2695,9043.6,0.2694,78711.7,0.2696,39363.8,0.2697,67637.1
1753504365559,04:32:45.559,ALGO/USDT:USDT,0.2695,9043.6,0.2694,78711.7,0.2696,37193.9,0.2697,67637.1
1753504365660,04:32:45.660,ALGO/USDT:USDT,0.2695,9043.6,0.2694,74351.0,0.2696,37193.9,0.2697,68935.4
1753504365762,04:32:45.762,ALGO/USDT:USDT,0.2695,9043.6,0.2694,74351.0,0.2696,39382.4,0.2697,68935.4
1753504365867,04:32:45.867,ALGO/USDT:USDT,0.2695,9043.6,0.2694,74351.0,0.2696,37212.5,0.2697,68935.4
1753504366060,04:32:46.060,ALGO/USDT:USDT,0.2695,9043.6,0.2694,74351.0,0.2696,37212.5,0.2697,68935.4
1753504366177,04:32:46.177,ALGO/USDT:USDT,0.2695,9043.5,0.2694,74351.0,0.2696,37212.5,0.2697,68935.4
1753504366279,04:32:46.279,ALGO/USDT:USDT,0.2695,9043.5,0.2694,74351.0,0.2696,37212.5,0.2697,68935.4
1753504366398,04:32:46.398,ALGO/USDT:USDT,0.2695,9043.5,0.2694,74351.0,0.2696,37212.5,0.2697,68935.4
1753504366651,04:32:46.651,ALGO/USDT:USDT,0.2695,9043.5,0.2694,74351.0,0.2696,39382.4,0.2697,69306.3
1753504366797,04:32:46.797,ALGO/USDT:USDT,0.2695,9043.5,0.2694,74351.0,0.2696,40123.5,0.2697,69677.2
1753504366900,04:32:46.900,ALGO/USDT:USDT,0.2695,9043.5,0.2694,66943.0,0.2696,40123.5,0.2697,70048.1
1753504367060,04:32:47.060,ALGO/USDT:USDT,0.2695,9043.5,0.2694,64447.5,0.2696,39752.6,0.2697,70048.1
1753504367180,04:32:47.180,ALGO/USDT:USDT,0.2695,9043.5,0.2694,66355.5,0.2696,39817.6,0.2697,70048.1
1753504367388,04:32:47.388,ALGO/USDT:USDT,0.2695,9043.5,0.2694,65155.5,0.2696,39817.6,0.2697,70048.1
1753504367504,04:32:47.504,ALGO/USDT:USDT,0.2695,9043.5,0.2694,65155.5,0.2696,37647.7,0.2697,70419.0
1753504367610,04:32:47.610,ALGO/USDT:USDT,0.2695,9043.5,0.2694,65155.5,0.2696,39817.6,0.2697,70419.0
1753504367775,04:32:47.775,ALGO/USDT:USDT,0.2695,9043.5,0.2694,65155.5,0.2696,40929.8,0.2697,70419.0
1753504367900,04:32:47.900,ALGO/USDT:USDT,0.2695,9043.5,0.2694,65155.5,0.2696,40929.8,0.2697,70419.0
1753504368002,04:32:48.002,ALGO/USDT:USDT,0.2695,9043.5,0.2694,65155.5,0.2696,40949.7,0.2697,70419.0
1753504368127,04:32:48.127,ALGO/USDT:USDT,0.2695,9043.5,0.2694,65155.5,0.2696,40949.7,0.2697,70789.9
1753504368326,04:32:48.326,ALGO/USDT:USDT,0.2695,9043.5,0.2694,65155.5,0.2696,40949.7,0.2697,70789.9
1753504368457,04:32:48.457,ALGO/USDT:USDT,0.2695,9043.5,0.2694,65155.5,0.2696,40949.7,0.2697,75644.9
1753504368601,04:32:48.601,ALGO/USDT:USDT,0.2694,23874.8,0.2693,71930.7,0.2695,20864.5,0.2696,65704.8
1753504368705,04:32:48.705,ALGO/USDT:USDT,0.2694,23936.1,0.2693,76785.7,0.2695,16011.4,0.2696,64964.2
1753504368806,04:32:48.806,ALGO/USDT:USDT,0.2694,25844.1,0.2693,76785.7,0.2695,16053.5,0.2696,64593.1
1753504368907,04:32:48.907,ALGO/USDT:USDT,0.2694,26048.4,0.2693,79648.8,0.2695,16072.1,0.2696,62423.2
1753504369009,04:32:49.009,ALGO/USDT:USDT,0.2694,26048.4,0.2693,79648.8,0.2695,16072.1,0.2696,62423.2
1753504369111,04:32:49.111,ALGO/USDT:USDT,0.2694,26153.2,0.2693,79713.9,0.2695,16072.1,0.2696,62423.2
1753504369231,04:32:49.231,ALGO/USDT:USDT,0.2694,51590.0,0.2693,87209.5,0.2695,1420.4,0.2696,58360.1
1753504369358,04:32:49.358,ALGO/USDT:USDT,0.2694,51590.0,0.2693,90320.6,0.2695,1420.4,0.2696,58360.1
1753504369477,04:32:49.477,ALGO/USDT:USDT,0.2694,51571.4,0.2693,90691.2,0.2695,1666.0,0.2696,58340.6
1753504369659,04:32:49.659,ALGO/USDT:USDT,0.2694,51571.4,0.2693,90691.2,0.2695,1666.0,0.2696,58340.6
1753504369765,04:32:49.765,ALGO/USDT:USDT,0.2694,51571.4,0.2693,90691.2,0.2695,1666.0,0.2696,58340.6
1753504369926,04:32:49.926,ALGO/USDT:USDT,0.2694,47972.4,0.2693,90691.2,0.2695,1666.0,0.2696,58340.6
1753504370037,04:32:50.037,ALGO/USDT:USDT,0.2694,47972.4,0.2693,90691.2,0.2695,1666.0,0.2696,58340.6
1753504370202,04:32:50.202,ALGO/USDT:USDT,0.2694,51850.0,0.2693,90691.2,0.2695,1666.0,0.2696,42340.6
1753504370327,04:32:50.327,ALGO/USDT:USDT,0.2694,51850.0,0.2693,91062.3,0.2695,1666.0,0.2696,42340.6
1753504370460,04:32:50.460,ALGO/USDT:USDT,0.2694,51850.0,0.2693,91388.4,0.2695,1666.0,0.2696,42340.6
1753504370618,04:32:50.618,ALGO/USDT:USDT,0.2694,51850.0,0.2693,91748.0,0.2695,1666.0,0.2696,42340.6
1753504370726,04:32:50.726,ALGO/USDT:USDT,0.2694,51745.2,0.2693,91748.0,0.2695,1666.0,0.2696,42340.6
