timestamp,time,symbol,bid1_price,bid1_volume,bid2_price,bid2_volume,ask1_price,ask1_volume,ask2_price,ask2_volume
1753503735575,04:22:15.575,ACH/USDT:USDT,0.022344,10.0,0.02234,250.0,0.022345,6530.0,0.022346,92670.0
1753503735676,04:22:15.676,ACH/USDT:USDT,0.022344,10.0,0.02234,250.0,0.022345,6530.0,0.022346,92670.0
1753503736375,04:22:16.375,ACH/USDT:USDT,0.022344,10.0,0.02234,250.0,0.022345,6530.0,0.022346,92670.0
1753503736775,04:22:16.775,ACH/USDT:USDT,0.022344,10.0,0.02234,250.0,0.022345,6530.0,0.022346,92670.0
1753503736875,04:22:16.875,ACH/USDT:USDT,0.022344,10.0,0.02234,250.0,0.022345,6530.0,0.022346,92670.0
1753503737376,04:22:17.376,ACH/USDT:USDT,0.022344,10.0,0.02234,250.0,0.022345,6530.0,0.022346,92670.0
1753503739175,04:22:19.175,ACH/USDT:USDT,0.022344,10.0,0.02234,250.0,0.022345,6530.0,0.022346,92670.0
1753503739681,04:22:19.681,ACH/USDT:USDT,0.022344,10.0,0.02234,250.0,0.022345,6530.0,0.022346,92670.0
1753503740275,04:22:20.275,ACH/USDT:USDT,0.022344,10.0,0.02234,250.0,0.022345,6530.0,0.022346,92670.0
1753503740475,04:22:20.475,ACH/USDT:USDT,0.022344,10.0,0.02234,250.0,0.022345,6530.0,0.022346,92670.0
1753503740675,04:22:20.675,ACH/USDT:USDT,0.022344,10.0,0.02234,1700.0,0.022345,5050.0,0.022346,92670.0
1753503740775,04:22:20.775,ACH/USDT:USDT,0.022344,10.0,0.02234,1700.0,0.022345,5050.0,0.022346,92670.0
1753503740974,04:22:20.974,ACH/USDT:USDT,0.022344,10.0,0.02234,1700.0,0.022345,5050.0,0.022346,92670.0
1753503741475,04:22:21.475,ACH/USDT:USDT,0.022344,10.0,0.02234,1700.0,0.022345,6530.0,0.022346,92670.0
1753503741573,04:22:21.573,ACH/USDT:USDT,0.022344,10.0,0.02234,1700.0,0.022345,6530.0,0.022346,92670.0
1753503741676,04:22:21.676,ACH/USDT:USDT,0.022344,10.0,0.02234,1700.0,0.022345,5050.0,0.022346,92670.0
1753503743475,04:22:23.475,ACH/USDT:USDT,0.022344,10.0,0.02234,1700.0,0.022345,5050.0,0.022346,92670.0
1753503743575,04:22:23.575,ACH/USDT:USDT,0.022344,10.0,0.02234,1700.0,0.022345,5050.0,0.022346,92670.0
1753503744776,04:22:24.776,ACH/USDT:USDT,0.022344,10.0,0.02234,1700.0,0.022345,5050.0,0.022346,92670.0
1753503744876,04:22:24.876,ACH/USDT:USDT,0.022344,10.0,0.02234,1700.0,0.022345,5050.0,0.022346,92670.0
1753503745275,04:22:25.275,ACH/USDT:USDT,0.022344,10.0,0.02234,1700.0,0.022345,5050.0,0.022346,92670.0
1753503745774,04:22:25.774,ACH/USDT:USDT,0.022344,10.0,0.02234,1700.0,0.022345,6530.0,0.022346,92670.0
1753503746575,04:22:26.575,ACH/USDT:USDT,0.022344,10.0,0.02234,1700.0,0.022345,6530.0,0.022346,92670.0
1753503746774,04:22:26.774,ACH/USDT:USDT,0.022344,10.0,0.02234,1700.0,0.022345,6530.0,0.022346,92670.0
1753503746974,04:22:26.974,ACH/USDT:USDT,0.022344,10.0,0.02234,1700.0,0.022345,6530.0,0.022346,92670.0
1753503748273,04:22:28.273,ACH/USDT:USDT,0.022344,10.0,0.02234,1700.0,0.022345,6530.0,0.022346,92670.0
1753503749974,04:22:29.974,ACH/USDT:USDT,0.022344,10.0,0.02234,1700.0,0.022345,6530.0,0.022346,92670.0
1753503750075,04:22:30.075,ACH/USDT:USDT,0.022344,10.0,0.02234,1700.0,0.022345,6530.0,0.022346,92670.0
1753503751875,04:22:31.875,ACH/USDT:USDT,0.022344,10.0,0.02234,1700.0,0.022345,6550.0,0.022346,92670.0
1753503754074,04:22:34.074,ACH/USDT:USDT,0.022344,10.0,0.02234,1700.0,0.022345,6550.0,0.022346,92670.0
1753503754775,04:22:34.775,ACH/USDT:USDT,0.022344,10.0,0.02234,250.0,0.022345,6550.0,0.022346,92670.0
1753503754874,04:22:34.874,ACH/USDT:USDT,0.022344,10.0,0.02234,250.0,0.022345,6550.0,0.022346,92670.0
1753503755073,04:22:35.073,ACH/USDT:USDT,0.022344,10.0,0.02234,250.0,0.022345,6550.0,0.022346,92670.0
1753503755175,04:22:35.175,ACH/USDT:USDT,0.022344,10.0,0.02234,250.0,0.022345,6550.0,0.022346,92670.0
1753503756176,04:22:36.176,ACH/USDT:USDT,0.022344,10.0,0.02234,250.0,0.022345,6550.0,0.022346,92670.0
1753503756574,04:22:36.574,ACH/USDT:USDT,0.022344,10.0,0.02234,250.0,0.022345,6550.0,0.022346,92670.0
1753503758374,04:22:38.374,ACH/USDT:USDT,0.022344,10.0,0.02234,250.0,0.022345,6550.0,0.022346,92670.0
1753503758474,04:22:38.474,ACH/USDT:USDT,0.022344,10.0,0.02234,250.0,0.022345,6550.0,0.022346,92670.0
1753503758574,04:22:38.574,ACH/USDT:USDT,0.022344,10.0,0.02234,250.0,0.022345,6550.0,0.022346,92670.0
1753503758875,04:22:38.875,ACH/USDT:USDT,0.022344,10.0,0.02234,250.0,0.022345,6550.0,0.022346,92670.0
1753503759175,04:22:39.175,ACH/USDT:USDT,0.022344,10.0,0.02234,250.0,0.022345,6550.0,0.022346,92670.0
1753503759679,04:22:39.679,ACH/USDT:USDT,0.022344,10.0,0.02234,250.0,0.022345,6550.0,0.022346,92670.0
1753503760175,04:22:40.175,ACH/USDT:USDT,0.022344,10.0,0.02234,250.0,0.022345,6550.0,0.022346,92670.0
1753503761275,04:22:41.275,ACH/USDT:USDT,0.022344,10.0,0.02234,250.0,0.022345,6550.0,0.022346,92670.0
1753503761575,04:22:41.575,ACH/USDT:USDT,0.022344,10.0,0.02234,250.0,0.022345,66720.0,0.022346,92670.0
1753503761678,04:22:41.678,ACH/USDT:USDT,0.022344,10.0,0.02234,250.0,0.022345,71550.0,0.022346,92670.0
1753503761873,04:22:41.873,ACH/USDT:USDT,0.022344,10.0,0.02234,250.0,0.022345,71550.0,0.022346,92670.0
1753503764178,04:22:44.178,ACH/USDT:USDT,0.02233,250.0,0.022329,1430.0,0.022335,8520.0,0.022336,2000.0
1753503764275,04:22:44.275,ACH/USDT:USDT,0.02233,250.0,0.022329,1430.0,0.022334,5960.0,0.022335,4320.0
1753503764375,04:22:44.375,ACH/USDT:USDT,0.02233,3150.0,0.022329,1430.0,0.022334,1480.0,0.022335,64490.0
1753503764476,04:22:44.476,ACH/USDT:USDT,0.02233,4860.0,0.022329,1430.0,0.022335,2840.0,0.022336,550.0
1753503764575,04:22:44.575,ACH/USDT:USDT,0.02233,4860.0,0.022327,1450.0,0.022332,1760.0,0.022335,2840.0
1753503764674,04:22:44.674,ACH/USDT:USDT,0.02233,3410.0,0.022327,1450.0,0.022332,61930.0,0.022335,2840.0
1753503765175,04:22:45.175,ACH/USDT:USDT,0.02233,3410.0,0.022327,1450.0,0.022332,61930.0,0.022335,2840.0
1753503765273,04:22:45.273,ACH/USDT:USDT,0.02233,3410.0,0.022327,1450.0,0.022332,61930.0,0.022335,2840.0
1753503765375,04:22:45.375,ACH/USDT:USDT,0.02233,3410.0,0.022327,1450.0,0.022332,61930.0,0.022335,2840.0
1753503765476,04:22:45.476,ACH/USDT:USDT,0.02233,3410.0,0.022327,1450.0,0.022331,1480.0,0.022332,61930.0
1753503765574,04:22:45.574,ACH/USDT:USDT,0.02233,3410.0,0.022327,1450.0,0.022331,1480.0,0.022332,1760.0
1753503765673,04:22:45.673,ACH/USDT:USDT,0.02233,2850.0,0.022327,1450.0,0.022331,60170.0,0.022332,1760.0
1753503765775,04:22:45.775,ACH/USDT:USDT,0.02233,2850.0,0.022327,1450.0,0.022331,60170.0,0.022332,1760.0
1753503765973,04:22:45.973,ACH/USDT:USDT,0.02233,2850.0,0.022327,1450.0,0.022331,60170.0,0.022332,1760.0
1753503766073,04:22:46.073,ACH/USDT:USDT,0.02233,2850.0,0.022327,1450.0,0.022331,60170.0,0.022332,1760.0
1753503766175,04:22:46.175,ACH/USDT:USDT,0.02233,2850.0,0.022327,1450.0,0.022331,60170.0,0.022332,1760.0
1753503766273,04:22:46.273,ACH/USDT:USDT,0.02233,2850.0,0.022327,1450.0,0.022331,60170.0,0.022332,1760.0
1753503766573,04:22:46.573,ACH/USDT:USDT,0.02233,2850.0,0.022327,1450.0,0.022331,60170.0,0.022332,1760.0
1753503766674,04:22:46.674,ACH/USDT:USDT,0.02233,2850.0,0.022327,1450.0,0.022331,60170.0,0.022332,1760.0
1753503766775,04:22:46.775,ACH/USDT:USDT,0.02233,2850.0,0.022327,1450.0,0.022331,60170.0,0.022332,1760.0
1753503767174,04:22:47.174,ACH/USDT:USDT,0.02233,2850.0,0.022327,1450.0,0.022331,60170.0,0.022332,1760.0
1753503767674,04:22:47.674,ACH/USDT:USDT,0.02233,2850.0,0.022327,1450.0,0.022331,60170.0,0.022332,1760.0
