timestamp,time,symbol,bid1_price,bid1_volume,bid2_price,bid2_volume,ask1_price,ask1_volume,ask2_price,ask2_volume
1753504006658,04:26:46.658,ADA/USDT:USDT,0.8242,61448.0,0.8241,100333.0,0.8243,30666.0,0.8244,93111.0
1753504006808,04:26:46.808,ADA/USDT:USDT,0.8242,61448.0,0.8241,100333.0,0.8243,30666.0,0.8244,93111.0
1753504006958,04:26:46.958,ADA/USDT:USDT,0.8242,61448.0,0.8241,100333.0,0.8243,30666.0,0.8244,93111.0
1753504007258,04:26:47.258,ADA/USDT:USDT,0.8242,44948.0,0.8241,100333.0,0.8243,47229.0,0.8244,93111.0
1753504007408,04:26:47.408,ADA/USDT:USDT,0.8242,44948.0,0.8241,100333.0,0.8243,47229.0,0.8244,93111.0
1753504007558,04:26:47.558,ADA/USDT:USDT,0.8242,44948.0,0.8241,100333.0,0.8243,47229.0,0.8244,93111.0
1753504007858,04:26:47.858,ADA/USDT:USDT,0.8242,44948.0,0.8241,100333.0,0.8243,47229.0,0.8244,93111.0
1753504008008,04:26:48.008,ADA/USDT:USDT,0.8242,44948.0,0.8241,100333.0,0.8243,47229.0,0.8244,93111.0
1753504008159,04:26:48.159,ADA/USDT:USDT,0.8242,44948.0,0.8241,100333.0,0.8243,47229.0,0.8244,93111.0
1753504008459,04:26:48.459,ADA/USDT:USDT,0.8242,44948.0,0.8241,100333.0,0.8243,47229.0,0.8244,93111.0
1753504008609,04:26:48.609,ADA/USDT:USDT,0.8242,44948.0,0.8241,100333.0,0.8243,47229.0,0.8244,93111.0
1753504008759,04:26:48.759,ADA/USDT:USDT,0.8242,44948.0,0.8241,100333.0,0.8243,20446.0,0.8244,81819.0
1753504008909,04:26:48.909,ADA/USDT:USDT,0.8242,44948.0,0.8241,100333.0,0.8243,20446.0,0.8244,92442.0
1753504009059,04:26:49.059,ADA/USDT:USDT,0.8242,44948.0,0.8241,100333.0,0.8243,20446.0,0.8244,92442.0
1753504009209,04:26:49.209,ADA/USDT:USDT,0.8242,44948.0,0.8241,100333.0,0.8243,20446.0,0.8244,93112.0
1753504009359,04:26:49.359,ADA/USDT:USDT,0.8242,44948.0,0.8241,100333.0,0.8243,20446.0,0.8244,93112.0
1753504009509,04:26:49.509,ADA/USDT:USDT,0.8242,44948.0,0.8241,100333.0,0.8243,45946.0,0.8244,93112.0
1753504009659,04:26:49.659,ADA/USDT:USDT,0.8242,44948.0,0.8241,99663.0,0.8243,45946.0,0.8244,93112.0
1753504009960,04:26:49.960,ADA/USDT:USDT,0.8242,44948.0,0.8241,99663.0,0.8243,45946.0,0.8244,93112.0
1753504010110,04:26:50.110,ADA/USDT:USDT,0.8242,44948.0,0.8241,99663.0,0.8243,45946.0,0.8244,93112.0
1753504010260,04:26:50.260,ADA/USDT:USDT,0.8242,44948.0,0.8241,99663.0,0.8243,45946.0,0.8244,93112.0
1753504010410,04:26:50.410,ADA/USDT:USDT,0.8242,44948.0,0.8241,99663.0,0.8243,20446.0,0.8244,93112.0
1753504010560,04:26:50.560,ADA/USDT:USDT,0.8242,61448.0,0.8241,99663.0,0.8243,45946.0,0.8244,93112.0
1753504010710,04:26:50.710,ADA/USDT:USDT,0.8242,61448.0,0.8241,99663.0,0.8243,45946.0,0.8244,93112.0
1753504010860,04:26:50.860,ADA/USDT:USDT,0.8242,61448.0,0.8241,99663.0,0.8243,45946.0,0.8244,93112.0
1753504011010,04:26:51.010,ADA/USDT:USDT,0.8242,61448.0,0.8241,99663.0,0.8243,45946.0,0.8244,93112.0
1753504011160,04:26:51.160,ADA/USDT:USDT,0.8242,61448.0,0.8241,99663.0,0.8243,45946.0,0.8244,93112.0
1753504011310,04:26:51.310,ADA/USDT:USDT,0.8242,61448.0,0.8241,100333.0,0.8243,45946.0,0.8244,93112.0
1753504011460,04:26:51.460,ADA/USDT:USDT,0.8243,27181.0,0.8242,79496.0,0.8244,62357.0,0.8245,30509.0
1753504011611,04:26:51.611,ADA/USDT:USDT,0.8243,65705.0,0.8242,86553.0,0.8244,6271.0,0.8245,79474.0
1753504011761,04:26:51.761,ADA/USDT:USDT,0.8243,65705.0,0.8242,86553.0,0.8244,6271.0,0.8245,78868.0
1753504011911,04:26:51.911,ADA/USDT:USDT,0.8243,65705.0,0.8242,119621.0,0.8244,3830.0,0.8245,78868.0
1753504012211,04:26:52.211,ADA/USDT:USDT,0.8243,65705.0,0.8242,130244.0,0.8244,2682.0,0.8245,89491.0
1753504012361,04:26:52.361,ADA/USDT:USDT,0.8243,65705.0,0.8242,130244.0,0.8244,4281.0,0.8245,89491.0
1753504012511,04:26:52.511,ADA/USDT:USDT,0.8243,65035.0,0.8242,120574.0,0.8244,4281.0,0.8245,90161.0
1753504012661,04:26:52.661,ADA/USDT:USDT,0.8243,65035.0,0.8242,136465.0,0.8244,40110.0,0.8245,90161.0
1753504012811,04:26:52.811,ADA/USDT:USDT,0.8243,64193.0,0.8242,122962.0,0.8244,56673.0,0.8245,90161.0
1753504012961,04:26:52.961,ADA/USDT:USDT,0.8243,17788.0,0.8242,96448.0,0.8244,56673.0,0.8245,90161.0
1753504013111,04:26:53.111,ADA/USDT:USDT,0.8243,17788.0,0.8242,122961.0,0.8244,56673.0,0.8245,90767.0
1753504013262,04:26:53.262,ADA/USDT:USDT,0.8243,17788.0,0.8242,122961.0,0.8244,56673.0,0.8245,90767.0
1753504013412,04:26:53.412,ADA/USDT:USDT,0.8242,41016.0,0.8241,55948.0,0.8244,61718.0,0.8245,90767.0
1753504013562,04:26:53.562,ADA/USDT:USDT,0.8242,101033.0,0.8241,69423.0,0.8243,17640.0,0.8244,72943.0
1753504013712,04:26:53.712,ADA/USDT:USDT,0.8242,118096.0,0.8241,69423.0,0.8243,40089.0,0.8244,106074.0
1753504014012,04:26:54.012,ADA/USDT:USDT,0.8242,85028.0,0.8241,102491.0,0.8243,56652.0,0.8244,89511.0
1753504014162,04:26:54.162,ADA/USDT:USDT,0.8242,85028.0,0.8241,102491.0,0.8243,56652.0,0.8244,89511.0
1753504014312,04:26:54.312,ADA/USDT:USDT,0.8242,85028.0,0.8241,102491.0,0.8243,56652.0,0.8244,89511.0
1753504014462,04:26:54.462,ADA/USDT:USDT,0.8242,85028.0,0.8241,102491.0,0.8243,55474.0,0.8244,89511.0
1753504014612,04:26:54.612,ADA/USDT:USDT,0.8242,85028.0,0.8241,103161.0,0.8243,21788.0,0.8244,84466.0
1753504014763,04:26:54.763,ADA/USDT:USDT,0.8242,85028.0,0.8241,103161.0,0.8243,5225.0,0.8244,95089.0
1753504014913,04:26:54.913,ADA/USDT:USDT,0.8242,85028.0,0.8241,103161.0,0.8243,4081.0,0.8244,95089.0
1753504015063,04:26:55.063,ADA/USDT:USDT,0.8242,85028.0,0.8241,103161.0,0.8243,4081.0,0.8244,95089.0
1753504015213,04:26:55.213,ADA/USDT:USDT,0.8242,85028.0,0.8241,103161.0,0.8243,4081.0,0.8244,95089.0
1753504015363,04:26:55.363,ADA/USDT:USDT,0.8242,85028.0,0.8241,103161.0,0.8243,1640.0,0.8244,95089.0
1753504015513,04:26:55.513,ADA/USDT:USDT,0.8243,41339.0,0.8242,89573.0,0.8244,47754.0,0.8245,89484.0
1753504015663,04:26:55.663,ADA/USDT:USDT,0.8243,60521.0,0.8242,98243.0,0.8244,24771.0,0.8245,89484.0
1753504015813,04:26:55.813,ADA/USDT:USDT,0.8243,60521.0,0.8242,106923.0,0.8244,24771.0,0.8245,89484.0
1753504015963,04:26:55.963,ADA/USDT:USDT,0.8243,60521.0,0.8242,106923.0,0.8244,27386.0,0.8245,89484.0
1753504016263,04:26:56.263,ADA/USDT:USDT,0.8243,60521.0,0.8242,106923.0,0.8244,26882.0,0.8245,89484.0
1753504016413,04:26:56.413,ADA/USDT:USDT,0.8243,60521.0,0.8242,106923.0,0.8244,26882.0,0.8245,89484.0
1753504016563,04:26:56.563,ADA/USDT:USDT,0.8243,60521.0,0.8242,106923.0,0.8244,31771.0,0.8245,89484.0
1753504016714,04:26:56.714,ADA/USDT:USDT,0.8243,60521.0,0.8242,106923.0,0.8244,31771.0,0.8245,89484.0
1753504016864,04:26:56.864,ADA/USDT:USDT,0.8243,60521.0,0.8242,106923.0,0.8244,31771.0,0.8245,89484.0
1753504017014,04:26:57.014,ADA/USDT:USDT,0.8243,60521.0,0.8242,106923.0,0.8244,24771.0,0.8245,89484.0
1753504017164,04:26:57.164,ADA/USDT:USDT,0.8243,60521.0,0.8242,106923.0,0.8244,25383.0,0.8245,89484.0
1753504017314,04:26:57.314,ADA/USDT:USDT,0.8243,60521.0,0.8242,106923.0,0.8244,25383.0,0.8245,89484.0
1753504017464,04:26:57.464,ADA/USDT:USDT,0.8243,59851.0,0.8242,106923.0,0.8244,25751.0,0.8245,93351.0
1753504017614,04:26:57.614,ADA/USDT:USDT,0.8243,59851.0,0.8242,106923.0,0.8244,25751.0,0.8245,92681.0
1753504017764,04:26:57.764,ADA/USDT:USDT,0.8243,59851.0,0.8242,107763.0,0.8244,5079.0,0.8245,89484.0
1753504018064,04:26:58.064,ADA/USDT:USDT,0.8243,59851.0,0.8242,107763.0,0.8244,1599.0,0.8245,62971.0
1753504018365,04:26:58.365,ADA/USDT:USDT,0.8244,71821.0,0.8243,84071.0,0.8245,66439.0,0.8246,78660.0
1753504018514,04:26:58.514,ADA/USDT:USDT,0.8244,71821.0,0.8243,110860.0,0.8245,33371.0,0.8246,111726.0
1753504018665,04:26:58.665,ADA/USDT:USDT,0.8244,77536.0,0.8243,126844.0,0.8245,5429.0,0.8246,106676.0
1753504018815,04:26:58.815,ADA/USDT:USDT,0.8244,77536.0,0.8243,126844.0,0.8245,5429.0,0.8246,106676.0
1753504018965,04:26:58.965,ADA/USDT:USDT,0.8244,77536.0,0.8243,126844.0,0.8245,5079.0,0.8246,96056.0
1753504019415,04:26:59.415,ADA/USDT:USDT,0.8244,77536.0,0.8243,126844.0,0.8245,1840.0,0.8246,17465.0
1753504019565,04:26:59.565,ADA/USDT:USDT,0.8244,77536.0,0.8243,126844.0,0.8245,3439.0,0.8246,58075.0
1753504019715,04:26:59.715,ADA/USDT:USDT,0.8244,77536.0,0.8243,126844.0,0.8245,3789.0,0.8246,68695.0
1753504019865,04:26:59.865,ADA/USDT:USDT,0.8244,77536.0,0.8243,126844.0,0.8245,3789.0,0.8246,68695.0
1753504020015,04:27:00.015,ADA/USDT:USDT,0.8244,76866.0,0.8243,126174.0,0.8245,5429.0,0.8246,68530.0
1753504020165,04:27:00.165,ADA/USDT:USDT,0.8244,76866.0,0.8243,126965.0,0.8246,25728.0,0.8247,78139.0
1753504020316,04:27:00.316,ADA/USDT:USDT,0.8245,53992.0,0.8244,81478.0,0.8246,30157.0,0.8247,94626.0
1753504020466,04:27:00.466,ADA/USDT:USDT,0.8245,55941.0,0.8244,111296.0,0.8246,4429.0,0.8247,67519.0
1753504020616,04:27:00.616,ADA/USDT:USDT,0.8245,55941.0,0.8244,111296.0,0.8246,4429.0,0.8247,83400.0
1753504020766,04:27:00.766,ADA/USDT:USDT,0.8245,55941.0,0.8244,111296.0,0.8246,4429.0,0.8247,83400.0
1753504020916,04:27:00.916,ADA/USDT:USDT,0.8245,55941.0,0.8244,111296.0,0.8246,5695.0,0.8247,76942.0
1753504021066,04:27:01.066,ADA/USDT:USDT,0.8245,55941.0,0.8244,111296.0,0.8246,20866.0,0.8247,77612.0
1753504021216,04:27:01.216,ADA/USDT:USDT,0.8245,55941.0,0.8244,121915.0,0.8246,28773.0,0.8247,88231.0
1753504021366,04:27:01.366,ADA/USDT:USDT,0.8245,55941.0,0.8244,121915.0,0.8246,28773.0,0.8247,88231.0
1753504021516,04:27:01.516,ADA/USDT:USDT,0.8245,55941.0,0.8244,121915.0,0.8246,53433.0,0.8247,88231.0
1753504021666,04:27:01.666,ADA/USDT:USDT,0.8245,55941.0,0.8244,108282.0,0.8246,53433.0,0.8247,88231.0
1753504021817,04:27:01.817,ADA/USDT:USDT,0.8245,55941.0,0.8244,108282.0,0.8246,20026.0,0.8247,61731.0
1753504021967,04:27:01.967,ADA/USDT:USDT,0.8245,58357.0,0.8244,110698.0,0.8246,20026.0,0.8247,61731.0
1753504022117,04:27:02.117,ADA/USDT:USDT,0.8245,58357.0,0.8244,110698.0,0.8246,18077.0,0.8247,72350.0
1753504022267,04:27:02.267,ADA/USDT:USDT,0.8245,58357.0,0.8244,110698.0,0.8246,18077.0,0.8247,88228.0
1753504022417,04:27:02.417,ADA/USDT:USDT,0.8245,77857.0,0.8244,110698.0,0.8246,33176.0,0.8247,88228.0
1753504022567,04:27:02.567,ADA/USDT:USDT,0.8245,58357.0,0.8244,111304.0,0.8247,60899.0,0.8248,67647.0
1753504022867,04:27:02.867,ADA/USDT:USDT,0.8246,52038.0,0.8245,80718.0,0.8247,10720.0,0.8248,100666.0
1753504023017,04:27:03.017,ADA/USDT:USDT,0.8246,52038.0,0.8245,113781.0,0.8247,27283.0,0.8248,84790.0
1753504023167,04:27:03.167,ADA/USDT:USDT,0.8246,52038.0,0.8245,113781.0,0.8247,29877.0,0.8248,81897.0
1753504023317,04:27:03.317,ADA/USDT:USDT,0.8246,52038.0,0.8245,113781.0,0.8247,29877.0,0.8248,81897.0
1753504023467,04:27:03.467,ADA/USDT:USDT,0.8246,59538.0,0.8245,113781.0,0.8247,53377.0,0.8248,81897.0
1753504023618,04:27:03.618,ADA/USDT:USDT,0.8246,59538.0,0.8245,107679.0,0.8247,20699.0,0.8248,66021.0
1753504023768,04:27:03.768,ADA/USDT:USDT,0.8246,59538.0,0.8245,105263.0,0.8247,24800.0,0.8248,81895.0
1753504023917,04:27:03.917,ADA/USDT:USDT,0.8246,59538.0,0.8245,105263.0,0.8247,20699.0,0.8248,81774.0
1753504024218,04:27:04.218,ADA/USDT:USDT,0.8246,59538.0,0.8245,105263.0,0.8247,14732.0,0.8248,81774.0
1753504024368,04:27:04.368,ADA/USDT:USDT,0.8246,52038.0,0.8245,105263.0,0.8247,16331.0,0.8248,82488.0
1753504024518,04:27:04.518,ADA/USDT:USDT,0.8246,64538.0,0.8245,105263.0,0.8247,46182.0,0.8248,82488.0
1753504024668,04:27:04.668,ADA/USDT:USDT,0.8246,64538.0,0.8245,105263.0,0.8247,46182.0,0.8248,82488.0
1753504024818,04:27:04.818,ADA/USDT:USDT,0.8246,52038.0,0.8245,105263.0,0.8247,46182.0,0.8248,82488.0
1753504025118,04:27:05.118,ADA/USDT:USDT,0.8246,52038.0,0.8245,105263.0,0.8247,46182.0,0.8248,82488.0
1753504025269,04:27:05.269,ADA/USDT:USDT,0.8246,52038.0,0.8245,104593.0,0.8247,46182.0,0.8248,82488.0
1753504025419,04:27:05.419,ADA/USDT:USDT,0.8246,52038.0,0.8245,104593.0,0.8247,46182.0,0.8248,82488.0
1753504025569,04:27:05.569,ADA/USDT:USDT,0.8246,52038.0,0.8245,104593.0,0.8247,46182.0,0.8248,82488.0
1753504025719,04:27:05.719,ADA/USDT:USDT,0.8246,52038.0,0.8245,105307.0,0.8247,46182.0,0.8248,82488.0
1753504025869,04:27:05.869,ADA/USDT:USDT,0.8246,52038.0,0.8245,105307.0,0.8247,46182.0,0.8248,82488.0
1753504026019,04:27:06.019,ADA/USDT:USDT,0.8246,52038.0,0.8245,105307.0,0.8247,46182.0,0.8248,82488.0
1753504026169,04:27:06.169,ADA/USDT:USDT,0.8246,52038.0,0.8245,105307.0,0.8247,46182.0,0.8248,82488.0
1753504026319,04:27:06.319,ADA/USDT:USDT,0.8246,52038.0,0.8245,105307.0,0.8247,45342.0,0.8248,82488.0
1753504026469,04:27:06.469,ADA/USDT:USDT,0.8246,52038.0,0.8245,105307.0,0.8247,45342.0,0.8248,82488.0
1753504026619,04:27:06.619,ADA/USDT:USDT,0.8246,52038.0,0.8245,105307.0,0.8247,45342.0,0.8248,82488.0
1753504026769,04:27:06.769,ADA/USDT:USDT,0.8246,52038.0,0.8245,105307.0,0.8247,45342.0,0.8248,82488.0
1753504026920,04:27:06.920,ADA/USDT:USDT,0.8246,52038.0,0.8245,105307.0,0.8247,45342.0,0.8248,82488.0
1753504027070,04:27:07.070,ADA/USDT:USDT,0.8246,52038.0,0.8245,105307.0,0.8247,45342.0,0.8248,82488.0
1753504027220,04:27:07.220,ADA/USDT:USDT,0.8246,52038.0,0.8245,105307.0,0.8247,45342.0,0.8248,82488.0
1753504027370,04:27:07.370,ADA/USDT:USDT,0.8246,52038.0,0.8245,105307.0,0.8247,45342.0,0.8248,82488.0
1753504027520,04:27:07.520,ADA/USDT:USDT,0.8246,52038.0,0.8245,105307.0,0.8247,45342.0,0.8248,82488.0
1753504027670,04:27:07.670,ADA/USDT:USDT,0.8246,52038.0,0.8245,105307.0,0.8247,45342.0,0.8248,82488.0
1753504027820,04:27:07.820,ADA/USDT:USDT,0.8246,52038.0,0.8245,105307.0,0.8247,45342.0,0.8248,82488.0
1753504027970,04:27:07.970,ADA/USDT:USDT,0.8246,52038.0,0.8245,105307.0,0.8247,45342.0,0.8248,82488.0
1753504028120,04:27:08.120,ADA/USDT:USDT,0.8246,52038.0,0.8245,105307.0,0.8247,45342.0,0.8248,82488.0
1753504028270,04:27:08.270,ADA/USDT:USDT,0.8246,52038.0,0.8245,105307.0,0.8247,45342.0,0.8248,82488.0
1753504028420,04:27:08.420,ADA/USDT:USDT,0.8246,67538.0,0.8245,105307.0,0.8247,30342.0,0.8248,82488.0
1753504028570,04:27:08.570,ADA/USDT:USDT,0.8246,67538.0,0.8245,105307.0,0.8247,26078.0,0.8248,82488.0
1753504028721,04:27:08.721,ADA/USDT:USDT,0.8246,67538.0,0.8245,105307.0,0.8247,28456.0,0.8248,82488.0
1753504028871,04:27:08.871,ADA/USDT:USDT,0.8246,25265.0,0.8245,104587.0,0.8247,42240.0,0.8248,82488.0
1753504029021,04:27:09.021,ADA/USDT:USDT,0.8246,15689.0,0.8245,104587.0,0.8247,42240.0,0.8248,86290.0
1753504029171,04:27:09.171,ADA/USDT:USDT,0.8246,15689.0,0.8245,71530.0,0.8247,42240.0,0.8248,86290.0
1753504029321,04:27:09.321,ADA/USDT:USDT,0.8246,15689.0,0.8245,71530.0,0.8247,42240.0,0.8248,86290.0
1753504029471,04:27:09.471,ADA/USDT:USDT,0.8246,15689.0,0.8245,76911.0,0.8247,58240.0,0.8248,86290.0
1753504029621,04:27:09.621,ADA/USDT:USDT,0.8246,15689.0,0.8245,76911.0,0.8247,58240.0,0.8248,86290.0
1753504029771,04:27:09.771,ADA/USDT:USDT,0.8246,15689.0,0.8245,76911.0,0.8247,58240.0,0.8248,86290.0
1753504029921,04:27:09.921,ADA/USDT:USDT,0.8246,15689.0,0.8245,76911.0,0.8247,58240.0,0.8248,86290.0
1753504030221,04:27:10.221,ADA/USDT:USDT,0.8246,15689.0,0.8245,76911.0,0.8247,58240.0,0.8248,86284.0
1753504030372,04:27:10.372,ADA/USDT:USDT,0.8246,15689.0,0.8245,76911.0,0.8247,58240.0,0.8248,86284.0
1753504030522,04:27:10.522,ADA/USDT:USDT,0.8245,34539.0,0.8244,81286.0,0.8247,58240.0,0.8248,86284.0
1753504030672,04:27:10.672,ADA/USDT:USDT,0.8245,35648.0,0.8244,107782.0,0.8246,45842.0,0.8247,65879.0
1753504030822,04:27:10.822,ADA/USDT:USDT,0.8245,47413.0,0.8244,107782.0,0.8246,48557.0,0.8247,93743.0
1753504030972,04:27:10.972,ADA/USDT:USDT,0.8245,47413.0,0.8244,107782.0,0.8246,48557.0,0.8247,93137.0
1753504031122,04:27:11.122,ADA/USDT:USDT,0.8245,47413.0,0.8244,107782.0,0.8246,48557.0,0.8247,93137.0
1753504031272,04:27:11.272,ADA/USDT:USDT,0.8245,40418.0,0.8244,107782.0,0.8246,48557.0,0.8247,93137.0
1753504031422,04:27:11.422,ADA/USDT:USDT,0.8245,55418.0,0.8244,107782.0,0.8246,59557.0,0.8247,93743.0
1753504031572,04:27:11.572,ADA/USDT:USDT,0.8245,55418.0,0.8244,107782.0,0.8246,48557.0,0.8247,93743.0
1753504031722,04:27:11.722,ADA/USDT:USDT,0.8245,57058.0,0.8244,108548.0,0.8246,46613.0,0.8247,92371.0
1753504031872,04:27:11.872,ADA/USDT:USDT,0.8245,57058.0,0.8244,108548.0,0.8246,46613.0,0.8247,65879.0
1753504032022,04:27:12.022,ADA/USDT:USDT,0.8245,57058.0,0.8244,108548.0,0.8246,46613.0,0.8247,92374.0
1753504032173,04:27:12.173,ADA/USDT:USDT,0.8245,57058.0,0.8244,108548.0,0.8246,46613.0,0.8247,92374.0
1753504032323,04:27:12.323,ADA/USDT:USDT,0.8245,57058.0,0.8244,108548.0,0.8246,53482.0,0.8247,92374.0
1753504032473,04:27:12.473,ADA/USDT:USDT,0.8245,64558.0,0.8244,108548.0,0.8246,44963.0,0.8247,92374.0
1753504032623,04:27:12.623,ADA/USDT:USDT,0.8245,51058.0,0.8244,108548.0,0.8246,44133.0,0.8247,93101.0
1753504032773,04:27:12.773,ADA/USDT:USDT,0.8245,51058.0,0.8244,108548.0,0.8246,44133.0,0.8247,93101.0
1753504032923,04:27:12.923,ADA/USDT:USDT,0.8245,51058.0,0.8244,108548.0,0.8246,44133.0,0.8247,93101.0
1753504033073,04:27:13.073,ADA/USDT:USDT,0.8245,51058.0,0.8244,108548.0,0.8246,44133.0,0.8247,93101.0
1753504033223,04:27:13.223,ADA/USDT:USDT,0.8245,51058.0,0.8244,108548.0,0.8246,44133.0,0.8247,93101.0
1753504033373,04:27:13.373,ADA/USDT:USDT,0.8245,67558.0,0.8244,108548.0,0.8246,55626.0,0.8247,93101.0
1753504033523,04:27:13.523,ADA/USDT:USDT,0.8245,67558.0,0.8244,108548.0,0.8246,55619.0,0.8247,93101.0
1753504033673,04:27:13.673,ADA/USDT:USDT,0.8245,67558.0,0.8244,108548.0,0.8246,55619.0,0.8247,93101.0
1753504033824,04:27:13.824,ADA/USDT:USDT,0.8245,67558.0,0.8244,108548.0,0.8246,55612.0,0.8247,93101.0
1753504033974,04:27:13.974,ADA/USDT:USDT,0.8245,67558.0,0.8244,108548.0,0.8246,44112.0,0.8247,66606.0
1753504034124,04:27:14.124,ADA/USDT:USDT,0.8245,67558.0,0.8244,108548.0,0.8246,44105.0,0.8247,93100.0
1753504034274,04:27:14.274,ADA/USDT:USDT,0.8245,67558.0,0.8244,108548.0,0.8246,12203.0,0.8247,66606.0
1753504034424,04:27:14.424,ADA/USDT:USDT,0.8245,42058.0,0.8244,107782.0,0.8246,14995.0,0.8247,82481.0
1753504034574,04:27:14.574,ADA/USDT:USDT,0.8245,42058.0,0.8244,107782.0,0.8246,11308.0,0.8247,82481.0
1753504034724,04:27:14.724,ADA/USDT:USDT,0.8245,42058.0,0.8244,107782.0,0.8246,11308.0,0.8247,82481.0
1753504034874,04:27:14.874,ADA/USDT:USDT,0.8245,49058.0,0.8244,108402.0,0.8246,13445.0,0.8247,82481.0
1753504035024,04:27:15.024,ADA/USDT:USDT,0.8245,67558.0,0.8244,108402.0,0.8246,13438.0,0.8247,82481.0
1753504035174,04:27:15.174,ADA/USDT:USDT,0.8245,67558.0,0.8244,108402.0,0.8246,13438.0,0.8247,81754.0
1753504035324,04:27:15.324,ADA/USDT:USDT,0.8245,42058.0,0.8244,108402.0,0.8246,38247.0,0.8247,81754.0
1753504035474,04:27:15.474,ADA/USDT:USDT,0.8245,42058.0,0.8244,108402.0,0.8246,38247.0,0.8247,82339.0
1753504035625,04:27:15.625,ADA/USDT:USDT,0.8245,65058.0,0.8244,108402.0,0.8246,38240.0,0.8247,82339.0
1753504035775,04:27:15.775,ADA/USDT:USDT,0.8245,65058.0,0.8244,108402.0,0.8246,38226.0,0.8247,81754.0
1753504035925,04:27:15.925,ADA/USDT:USDT,0.8245,65058.0,0.8244,108402.0,0.8246,38226.0,0.8247,81754.0
1753504036225,04:27:16.225,ADA/USDT:USDT,0.8245,65058.0,0.8244,108402.0,0.8246,38219.0,0.8247,81754.0
1753504036525,04:27:16.525,ADA/USDT:USDT,0.8245,65058.0,0.8244,108402.0,0.8246,38212.0,0.8247,81754.0
1753504036675,04:27:16.675,ADA/USDT:USDT,0.8245,49058.0,0.8244,108402.0,0.8246,38198.0,0.8247,82336.0
1753504036825,04:27:16.825,ADA/USDT:USDT,0.8245,49058.0,0.8244,108402.0,0.8246,38198.0,0.8247,82336.0
1753504036975,04:27:16.975,ADA/USDT:USDT,0.8245,49058.0,0.8244,108402.0,0.8246,38198.0,0.8247,82336.0
1753504037125,04:27:17.125,ADA/USDT:USDT,0.8245,49058.0,0.8244,108402.0,0.8246,38198.0,0.8247,82336.0
1753504037275,04:27:17.275,ADA/USDT:USDT,0.8245,65058.0,0.8244,108402.0,0.8246,38198.0,0.8247,82336.0
1753504037426,04:27:17.426,ADA/USDT:USDT,0.8245,65058.0,0.8244,108402.0,0.8246,38198.0,0.8247,82336.0
1753504037576,04:27:17.576,ADA/USDT:USDT,0.8245,65058.0,0.8244,108402.0,0.8246,14198.0,0.8247,82336.0
1753504037726,04:27:17.726,ADA/USDT:USDT,0.8245,65058.0,0.8244,108402.0,0.8246,14198.0,0.8247,82336.0
1753504038026,04:27:18.026,ADA/USDT:USDT,0.8245,65058.0,0.8244,108402.0,0.8246,14198.0,0.8247,82336.0
1753504038176,04:27:18.176,ADA/USDT:USDT,0.8245,65058.0,0.8244,108402.0,0.8246,2792.0,0.8247,65879.0
1753504038326,04:27:18.326,ADA/USDT:USDT,0.8245,65058.0,0.8244,108402.0,0.8247,65879.0,0.8248,95704.0
1753504038476,04:27:18.476,ADA/USDT:USDT,0.8246,71440.0,0.8245,69323.0,0.8247,24836.0,0.8248,82375.0
1753504038626,04:27:18.626,ADA/USDT:USDT,0.8247,11656.0,0.8246,71969.0,0.8248,65894.0,0.8249,78503.0
1753504038776,04:27:18.776,ADA/USDT:USDT,0.8247,12821.0,0.8246,110121.0,0.8248,84203.0,0.8249,78503.0
1753504038926,04:27:18.926,ADA/USDT:USDT,0.8246,36519.0,0.8245,53853.0,0.8248,100766.0,0.8249,79085.0
1753504039077,04:27:19.077,ADA/USDT:USDT,0.8246,36519.0,0.8245,80471.0,0.8247,51805.0,0.8248,87247.0
1753504039227,04:27:19.227,ADA/USDT:USDT,0.8246,18928.0,0.8245,80471.0,0.8247,79836.0,0.8248,87829.0
1753504039377,04:27:19.377,ADA/USDT:USDT,0.8246,18928.0,0.8245,80471.0,0.8247,79836.0,0.8248,84785.0
1753504039527,04:27:19.527,ADA/USDT:USDT,0.8246,29589.0,0.8245,80471.0,0.8247,79254.0,0.8248,84203.0
1753504039677,04:27:19.677,ADA/USDT:USDT,0.8246,29589.0,0.8245,80471.0,0.8247,79254.0,0.8248,84785.0
1753504039827,04:27:19.827,ADA/USDT:USDT,0.8246,29589.0,0.8245,80471.0,0.8247,79254.0,0.8248,84785.0
1753504039977,04:27:19.977,ADA/USDT:USDT,0.8246,27990.0,0.8245,80471.0,0.8247,79254.0,0.8248,84785.0
1753504040127,04:27:20.127,ADA/USDT:USDT,0.8246,29589.0,0.8245,80471.0,0.8247,79254.0,0.8248,84785.0
1753504040277,04:27:20.277,ADA/USDT:USDT,0.8246,29589.0,0.8245,80557.0,0.8247,79254.0,0.8248,84785.0
1753504040427,04:27:20.427,ADA/USDT:USDT,0.8246,27990.0,0.8245,80557.0,0.8247,79254.0,0.8248,84785.0
1753504040577,04:27:20.577,ADA/USDT:USDT,0.8245,21129.0,0.8244,58971.0,0.8246,2356.0,0.8247,82450.0
1753504040727,04:27:20.727,ADA/USDT:USDT,0.8245,19837.0,0.8244,92023.0,0.8246,75229.0,0.8247,80653.0
1753504040878,04:27:20.878,ADA/USDT:USDT,0.8245,19837.0,0.8244,92023.0,0.8246,75229.0,0.8247,81259.0
1753504041028,04:27:21.028,ADA/USDT:USDT,0.8245,34837.0,0.8244,74848.0,0.8246,75113.0,0.8247,81259.0
1753504041178,04:27:21.178,ADA/USDT:USDT,0.8245,34837.0,0.8244,74848.0,0.8246,75113.0,0.8247,91877.0
1753504041328,04:27:21.328,ADA/USDT:USDT,0.8245,34837.0,0.8244,80703.0,0.8246,75113.0,0.8247,91877.0
1753504041478,04:27:21.478,ADA/USDT:USDT,0.8245,34837.0,0.8244,80703.0,0.8246,74531.0,0.8247,91295.0
1753504041628,04:27:21.628,ADA/USDT:USDT,0.8245,51400.0,0.8244,80703.0,0.8246,73716.0,0.8247,91295.0
1753504041778,04:27:21.778,ADA/USDT:USDT,0.8245,51400.0,0.8244,80703.0,0.8246,73716.0,0.8247,91295.0
1753504041928,04:27:21.928,ADA/USDT:USDT,0.8245,51400.0,0.8244,80703.0,0.8246,73716.0,0.8247,91295.0
1753504042078,04:27:22.078,ADA/USDT:USDT,0.8245,51400.0,0.8244,80703.0,0.8246,73716.0,0.8247,91877.0
1753504042228,04:27:22.228,ADA/USDT:USDT,0.8245,61900.0,0.8244,80703.0,0.8246,73716.0,0.8247,91877.0
1753504042378,04:27:22.378,ADA/USDT:USDT,0.8245,61900.0,0.8244,81225.0,0.8246,48216.0,0.8247,65795.0
1753504042679,04:27:22.679,ADA/USDT:USDT,0.8245,61900.0,0.8244,81225.0,0.8246,45976.0,0.8247,65771.0
1753504042829,04:27:22.829,ADA/USDT:USDT,0.8245,61900.0,0.8244,80703.0,0.8246,45976.0,0.8247,65771.0
1753504042979,04:27:22.979,ADA/USDT:USDT,0.8245,61900.0,0.8244,80703.0,0.8246,45976.0,0.8247,65771.0
1753504043129,04:27:23.129,ADA/USDT:USDT,0.8245,51400.0,0.8244,80703.0,0.8246,45976.0,0.8247,65771.0
1753504043279,04:27:23.279,ADA/USDT:USDT,0.8245,51400.0,0.8244,80703.0,0.8246,45976.0,0.8247,65771.0
1753504043429,04:27:23.429,ADA/USDT:USDT,0.8245,51400.0,0.8244,81225.0,0.8246,45976.0,0.8247,65771.0
1753504043579,04:27:23.579,ADA/USDT:USDT,0.8245,51400.0,0.8244,81225.0,0.8246,45976.0,0.8247,65771.0
1753504043729,04:27:23.729,ADA/USDT:USDT,0.8245,51400.0,0.8244,81225.0,0.8246,45976.0,0.8247,65771.0
1753504043879,04:27:23.879,ADA/USDT:USDT,0.8245,51276.0,0.8244,81225.0,0.8246,45976.0,0.8247,65771.0
1753504044029,04:27:24.029,ADA/USDT:USDT,0.8245,51276.0,0.8244,81225.0,0.8246,45976.0,0.8247,65771.0
1753504044180,04:27:24.180,ADA/USDT:USDT,0.8245,58276.0,0.8244,81225.0,0.8246,55976.0,0.8247,65771.0
1753504044330,04:27:24.330,ADA/USDT:USDT,0.8245,58276.0,0.8244,80703.0,0.8246,45976.0,0.8247,65771.0
1753504044480,04:27:24.480,ADA/USDT:USDT,0.8245,58276.0,0.8244,81207.0,0.8246,45976.0,0.8247,65771.0
1753504044630,04:27:24.630,ADA/USDT:USDT,0.8245,58276.0,0.8244,81207.0,0.8246,45976.0,0.8247,65771.0
1753504044780,04:27:24.780,ADA/USDT:USDT,0.8245,58276.0,0.8244,80703.0,0.8246,45976.0,0.8247,65771.0
1753504044930,04:27:24.930,ADA/USDT:USDT,0.8245,58276.0,0.8244,80703.0,0.8246,45976.0,0.8247,65771.0
1753504045080,04:27:25.080,ADA/USDT:USDT,0.8245,51276.0,0.8244,80703.0,0.8246,45976.0,0.8247,65771.0
1753504045230,04:27:25.230,ADA/USDT:USDT,0.8245,51276.0,0.8244,80703.0,0.8246,64976.0,0.8247,65771.0
1753504045380,04:27:25.380,ADA/USDT:USDT,0.8245,51276.0,0.8244,80703.0,0.8246,64976.0,0.8247,65771.0
1753504045530,04:27:25.530,ADA/USDT:USDT,0.8245,51276.0,0.8244,80703.0,0.8246,64976.0,0.8247,65771.0
1753504045680,04:27:25.680,ADA/USDT:USDT,0.8245,51276.0,0.8244,81207.0,0.8246,64976.0,0.8247,65771.0
1753504045830,04:27:25.830,ADA/USDT:USDT,0.8245,51276.0,0.8244,81207.0,0.8246,64976.0,0.8247,65771.0
1753504045981,04:27:25.981,ADA/USDT:USDT,0.8245,51276.0,0.8244,81207.0,0.8246,64976.0,0.8247,65771.0
1753504046131,04:27:26.131,ADA/USDT:USDT,0.8245,33587.0,0.8244,80703.0,0.8246,71476.0,0.8247,66377.0
1753504046281,04:27:26.281,ADA/USDT:USDT,0.8245,15425.0,0.8244,54208.0,0.8246,71476.0,0.8247,66377.0
1753504046431,04:27:26.431,ADA/USDT:USDT,0.8244,32809.0,0.8243,107947.0,0.8245,64341.0,0.8246,65157.0
1753504046581,04:27:26.581,ADA/USDT:USDT,0.8244,16924.0,0.8243,123832.0,0.8245,40790.0,0.8246,114087.0
1753504046731,04:27:26.731,ADA/USDT:USDT,0.8244,17739.0,0.8243,106296.0,0.8245,40790.0,0.8246,114087.0
1753504046881,04:27:26.881,ADA/USDT:USDT,0.8244,17739.0,0.8243,106296.0,0.8245,40790.0,0.8246,114087.0
1753504047031,04:27:27.031,ADA/USDT:USDT,0.8244,17739.0,0.8243,106296.0,0.8245,40790.0,0.8246,114087.0
1753504047181,04:27:27.181,ADA/USDT:USDT,0.8244,43239.0,0.8243,106296.0,0.8245,63790.0,0.8246,114087.0
1753504047331,04:27:27.331,ADA/USDT:USDT,0.8244,43239.0,0.8243,106296.0,0.8245,63790.0,0.8246,114087.0
1753504047481,04:27:27.481,ADA/USDT:USDT,0.8244,43239.0,0.8243,106296.0,0.8245,63790.0,0.8246,114087.0
1753504047631,04:27:27.631,ADA/USDT:USDT,0.8244,43239.0,0.8243,106296.0,0.8245,63790.0,0.8246,114087.0
1753504047782,04:27:27.782,ADA/USDT:USDT,0.8244,61442.0,0.8243,106770.0,0.8245,35487.0,0.8246,112899.0
1753504048232,04:27:28.232,ADA/USDT:USDT,0.8244,61442.0,0.8243,106770.0,0.8245,35487.0,0.8246,120323.0
1753504048382,04:27:28.382,ADA/USDT:USDT,0.8244,61442.0,0.8243,106770.0,0.8245,33851.0,0.8246,120323.0
1753504048532,04:27:28.532,ADA/USDT:USDT,0.8244,61442.0,0.8243,106770.0,0.8245,33851.0,0.8246,120323.0
1753504048682,04:27:28.682,ADA/USDT:USDT,0.8244,61442.0,0.8243,106770.0,0.8245,33851.0,0.8246,120905.0
1753504048832,04:27:28.832,ADA/USDT:USDT,0.8244,61442.0,0.8243,106770.0,0.8246,63278.0,0.8247,41667.0
1753504048982,04:27:28.982,ADA/USDT:USDT,0.8245,52262.0,0.8244,76499.0,0.8246,63278.0,0.8247,57551.0
1753504049132,04:27:29.132,ADA/USDT:USDT,0.8245,43262.0,0.8244,108275.0,0.8246,47228.0,0.8247,57551.0
1753504049282,04:27:29.282,ADA/USDT:USDT,0.8245,43262.0,0.8244,99327.0,0.8246,47228.0,0.8247,89996.0
1753504049583,04:27:29.583,ADA/USDT:USDT,0.8245,43262.0,0.8244,109947.0,0.8246,47228.0,0.8247,89996.0
1753504049733,04:27:29.733,ADA/USDT:USDT,0.8245,43262.0,0.8244,109947.0,0.8246,47228.0,0.8247,89996.0
1753504049883,04:27:29.883,ADA/USDT:USDT,0.8245,43262.0,0.8244,109947.0,0.8246,47228.0,0.8247,89996.0
1753504050033,04:27:30.033,ADA/USDT:USDT,0.8245,43262.0,0.8244,109947.0,0.8246,47228.0,0.8247,89996.0
1753504050183,04:27:30.183,ADA/USDT:USDT,0.8245,31902.0,0.8244,57941.0,0.8246,55228.0,0.8247,90578.0
1753504050333,04:27:30.333,ADA/USDT:USDT,0.8245,31902.0,0.8244,84444.0,0.8246,71791.0,0.8247,91184.0
1753504050483,04:27:30.483,ADA/USDT:USDT,0.8245,31902.0,0.8244,84444.0,0.8246,71791.0,0.8247,91184.0
1753504050633,04:27:30.633,ADA/USDT:USDT,0.8245,31902.0,0.8244,84444.0,0.8246,71791.0,0.8247,91184.0
1753504050783,04:27:30.783,ADA/USDT:USDT,0.8245,31902.0,0.8244,84444.0,0.8246,71791.0,0.8247,91184.0
1753504050933,04:27:30.933,ADA/USDT:USDT,0.8245,31902.0,0.8244,79399.0,0.8246,76836.0,0.8247,91184.0
1753504051084,04:27:31.084,ADA/USDT:USDT,0.8245,31902.0,0.8244,79399.0,0.8246,76836.0,0.8247,91184.0
1753504051234,04:27:31.234,ADA/USDT:USDT,0.8245,33501.0,0.8244,79399.0,0.8246,76836.0,0.8247,91184.0
1753504051384,04:27:31.384,ADA/USDT:USDT,0.8245,33501.0,0.8244,79399.0,0.8246,76836.0,0.8247,91184.0
1753504051534,04:27:31.534,ADA/USDT:USDT,0.8245,33501.0,0.8244,79399.0,0.8246,76836.0,0.8247,91184.0
1753504051684,04:27:31.684,ADA/USDT:USDT,0.8245,33501.0,0.8244,79399.0,0.8246,76836.0,0.8247,91184.0
1753504051834,04:27:31.834,ADA/USDT:USDT,0.8245,33501.0,0.8244,79399.0,0.8246,76836.0,0.8247,91184.0
1753504051984,04:27:31.984,ADA/USDT:USDT,0.8245,33501.0,0.8244,79399.0,0.8246,76836.0,0.8247,91184.0
1753504052134,04:27:32.134,ADA/USDT:USDT,0.8245,33501.0,0.8244,79399.0,0.8246,76836.0,0.8247,91184.0
1753504052284,04:27:32.284,ADA/USDT:USDT,0.8245,33501.0,0.8244,79399.0,0.8246,76836.0,0.8247,91184.0
1753504052434,04:27:32.434,ADA/USDT:USDT,0.8245,33501.0,0.8244,79399.0,0.8246,76836.0,0.8247,91184.0
1753504052584,04:27:32.584,ADA/USDT:USDT,0.8245,33501.0,0.8244,79399.0,0.8246,76836.0,0.8247,91184.0
1753504052735,04:27:32.735,ADA/USDT:USDT,0.8245,33501.0,0.8244,79399.0,0.8246,76836.0,0.8247,91184.0
1753504052885,04:27:32.885,ADA/USDT:USDT,0.8245,33501.0,0.8244,79399.0,0.8246,76836.0,0.8247,91184.0
1753504053035,04:27:33.035,ADA/USDT:USDT,0.8245,33501.0,0.8244,79399.0,0.8246,76836.0,0.8247,91184.0
1753504053185,04:27:33.185,ADA/USDT:USDT,0.8245,33851.0,0.8244,79399.0,0.8246,76836.0,0.8247,91184.0
1753504053335,04:27:33.335,ADA/USDT:USDT,0.8245,35491.0,0.8244,79399.0,0.8246,76836.0,0.8247,91184.0
1753504053485,04:27:33.485,ADA/USDT:USDT,0.8245,35491.0,0.8244,79399.0,0.8246,76836.0,0.8247,91184.0
1753504053635,04:27:33.635,ADA/USDT:USDT,0.8245,35491.0,0.8244,79399.0,0.8246,76836.0,0.8247,91184.0
1753504053785,04:27:33.785,ADA/USDT:USDT,0.8245,35491.0,0.8244,79399.0,0.8246,76836.0,0.8247,91184.0
1753504053935,04:27:33.935,ADA/USDT:USDT,0.8245,35491.0,0.8244,79399.0,0.8246,76836.0,0.8247,91184.0
1753504054085,04:27:34.085,ADA/USDT:USDT,0.8245,35491.0,0.8244,79399.0,0.8246,76836.0,0.8247,91184.0
1753504054235,04:27:34.235,ADA/USDT:USDT,0.8245,35491.0,0.8244,81815.0,0.8246,76836.0,0.8247,91184.0
1753504054386,04:27:34.386,ADA/USDT:USDT,0.8245,35491.0,0.8244,79399.0,0.8246,76836.0,0.8247,91184.0
1753504054536,04:27:34.536,ADA/USDT:USDT,0.8245,35491.0,0.8244,79399.0,0.8246,76836.0,0.8247,91184.0
1753504054836,04:27:34.836,ADA/USDT:USDT,0.8245,35491.0,0.8244,79399.0,0.8246,76836.0,0.8247,91184.0
1753504054986,04:27:34.986,ADA/USDT:USDT,0.8245,35491.0,0.8244,85039.0,0.8246,28688.0,0.8247,63373.0
1753504055136,04:27:35.136,ADA/USDT:USDT,0.8245,64230.0,0.8244,87455.0,0.8247,63373.0,0.8248,76672.0
1753504055286,04:27:35.286,ADA/USDT:USDT,0.8246,1599.0,0.8245,54406.0,0.8247,83617.0,0.8248,77254.0
1753504055436,04:27:35.436,ADA/USDT:USDT,0.8246,1599.0,0.8245,53728.0,0.8247,100786.0,0.8248,76648.0
1753504055586,04:27:35.586,ADA/USDT:USDT,0.8245,81867.0,0.8244,67072.0,0.8246,35006.0,0.8247,100786.0
1753504055736,04:27:35.736,ADA/USDT:USDT,0.8245,57260.0,0.8244,82957.0,0.8246,79018.0,0.8247,94236.0
1753504055886,04:27:35.886,ADA/USDT:USDT,0.8245,51516.0,0.8244,82957.0,0.8246,79018.0,0.8247,94842.0
1753504056037,04:27:36.037,ADA/USDT:USDT,0.8245,35636.0,0.8244,82957.0,0.8246,79018.0,0.8247,94842.0
1753504056187,04:27:36.187,ADA/USDT:USDT,0.8245,35636.0,0.8244,82957.0,0.8246,79018.0,0.8247,94842.0
1753504056337,04:27:36.337,ADA/USDT:USDT,0.8245,45085.0,0.8244,85373.0,0.8246,79018.0,0.8247,94842.0
1753504056487,04:27:36.487,ADA/USDT:USDT,0.8245,61648.0,0.8244,82957.0,0.8246,79018.0,0.8247,94842.0
1753504056637,04:27:36.637,ADA/USDT:USDT,0.8245,61648.0,0.8244,82957.0,0.8246,79018.0,0.8247,94842.0
1753504056787,04:27:36.787,ADA/USDT:USDT,0.8245,61648.0,0.8244,82957.0,0.8246,79018.0,0.8247,94842.0
1753504056937,04:27:36.937,ADA/USDT:USDT,0.8245,61648.0,0.8244,82957.0,0.8246,79018.0,0.8247,94842.0
1753504057087,04:27:37.087,ADA/USDT:USDT,0.8245,61648.0,0.8244,83440.0,0.8246,70399.0,0.8247,94842.0
1753504057237,04:27:37.237,ADA/USDT:USDT,0.8245,61648.0,0.8244,83440.0,0.8246,70399.0,0.8247,94236.0
1753504057387,04:27:37.387,ADA/USDT:USDT,0.8245,61648.0,0.8244,83440.0,0.8246,70399.0,0.8247,94236.0
1753504057537,04:27:37.537,ADA/USDT:USDT,0.8245,61648.0,0.8244,83440.0,0.8246,70399.0,0.8247,94236.0
1753504057687,04:27:37.687,ADA/USDT:USDT,0.8245,61648.0,0.8244,83440.0,0.8246,70399.0,0.8247,94236.0
1753504057838,04:27:37.838,ADA/USDT:USDT,0.8245,61648.0,0.8244,83440.0,0.8246,70399.0,0.8247,94236.0
1753504058138,04:27:38.138,ADA/USDT:USDT,0.8245,61648.0,0.8244,83440.0,0.8246,70399.0,0.8247,94236.0
1753504058288,04:27:38.288,ADA/USDT:USDT,0.8245,61648.0,0.8244,85856.0,0.8246,70399.0,0.8247,94236.0
1753504058438,04:27:38.438,ADA/USDT:USDT,0.8245,61648.0,0.8244,85856.0,0.8246,70399.0,0.8247,94236.0
1753504058588,04:27:38.588,ADA/USDT:USDT,0.8245,61648.0,0.8244,85856.0,0.8246,70399.0,0.8247,94236.0
1753504058738,04:27:38.738,ADA/USDT:USDT,0.8245,61648.0,0.8244,85856.0,0.8246,70399.0,0.8247,94236.0
1753504058888,04:27:38.888,ADA/USDT:USDT,0.8245,61648.0,0.8244,83440.0,0.8246,44076.0,0.8247,83617.0
1753504059038,04:27:39.038,ADA/USDT:USDT,0.8245,79648.0,0.8244,83440.0,0.8246,32627.0,0.8247,83617.0
1753504059188,04:27:39.188,ADA/USDT:USDT,0.8245,79648.0,0.8244,83440.0,0.8246,38136.0,0.8247,83617.0
1753504059338,04:27:39.338,ADA/USDT:USDT,0.8245,61648.0,0.8244,82957.0,0.8246,38136.0,0.8247,83617.0
1753504059489,04:27:39.489,ADA/USDT:USDT,0.8245,61648.0,0.8244,82957.0,0.8246,38486.0,0.8247,83617.0
1753504059639,04:27:39.639,ADA/USDT:USDT,0.8245,61648.0,0.8244,83510.0,0.8246,38486.0,0.8247,83617.0
1753504059789,04:27:39.789,ADA/USDT:USDT,0.8245,61648.0,0.8244,83510.0,0.8246,38486.0,0.8247,83617.0
1753504060089,04:27:40.089,ADA/USDT:USDT,0.8245,80148.0,0.8244,83510.0,0.8246,32627.0,0.8247,94231.0
1753504060239,04:27:40.239,ADA/USDT:USDT,0.8245,80148.0,0.8244,83510.0,0.8246,9955.0,0.8247,83612.0
1753504060389,04:27:40.389,ADA/USDT:USDT,0.8246,13769.0,0.8245,80148.0,0.8247,67739.0,0.8248,49448.0
1753504060539,04:27:40.539,ADA/USDT:USDT,0.8247,28006.0,0.8246,97342.0,0.8248,23546.0,0.8249,60548.0
1753504060689,04:27:40.689,ADA/USDT:USDT,0.8247,71230.0,0.8246,99125.0,0.8248,350.0,0.8249,60548.0
1753504060839,04:27:40.839,ADA/USDT:USDT,0.8247,71230.0,0.8246,99125.0,0.8248,350.0,0.8249,66089.0
1753504060989,04:27:40.989,ADA/USDT:USDT,0.8247,71230.0,0.8246,99246.0,0.8248,350.0,0.8249,66089.0
1753504061140,04:27:41.140,ADA/USDT:USDT,0.8247,72829.0,0.8246,99246.0,0.8248,350.0,0.8249,81961.0
1753504061290,04:27:41.290,ADA/USDT:USDT,0.8247,72829.0,0.8246,99246.0,0.8248,350.0,0.8249,81961.0
1753504061440,04:27:41.440,ADA/USDT:USDT,0.8247,72829.0,0.8246,99246.0,0.8248,350.0,0.8249,81961.0
1753504061590,04:27:41.590,ADA/USDT:USDT,0.8247,72829.0,0.8246,99246.0,0.8248,350.0,0.8249,81961.0
1753504061740,04:27:41.740,ADA/USDT:USDT,0.8247,72829.0,0.8246,91519.0,0.8248,350.0,0.8249,83818.0
1753504061890,04:27:41.890,ADA/USDT:USDT,0.8247,72829.0,0.8246,91519.0,0.8248,350.0,0.8249,83818.0
1753504062040,04:27:42.040,ADA/USDT:USDT,0.8247,72829.0,0.8246,91519.0,0.8248,350.0,0.8249,83818.0
1753504062190,04:27:42.190,ADA/USDT:USDT,0.8247,72829.0,0.8246,124568.0,0.8248,350.0,0.8249,83818.0
1753504062340,04:27:42.340,ADA/USDT:USDT,0.8247,72829.0,0.8246,114913.0,0.8248,350.0,0.8249,83818.0
1753504062490,04:27:42.490,ADA/USDT:USDT,0.8247,72829.0,0.8246,114913.0,0.8248,350.0,0.8249,57330.0
1753504062640,04:27:42.640,ADA/USDT:USDT,0.8247,72829.0,0.8246,114913.0,0.8248,350.0,0.8249,73201.0
1753504062791,04:27:42.791,ADA/USDT:USDT,0.8247,72829.0,0.8246,130786.0,0.8249,73201.0,0.825,46366.0
1753504062941,04:27:42.941,ADA/USDT:USDT,0.8248,40223.0,0.8247,92021.0,0.8249,84650.0,0.825,60226.0
1753504063090,04:27:43.090,ADA/USDT:USDT,0.8248,19223.0,0.8247,107903.0,0.8249,84650.0,0.825,60347.0
1753504063241,04:27:43.241,ADA/USDT:USDT,0.8248,19223.0,0.8247,123776.0,0.8249,101213.0,0.825,60347.0
1753504063391,04:27:43.391,ADA/USDT:USDT,0.8248,19223.0,0.8247,123776.0,0.8249,101213.0,0.825,60347.0
1753504063541,04:27:43.541,ADA/USDT:USDT,0.8248,19223.0,0.8247,123776.0,0.8249,101213.0,0.825,60347.0
1753504063691,04:27:43.691,ADA/USDT:USDT,0.8248,20863.0,0.8247,105573.0,0.8249,101213.0,0.825,60347.0
1753504063841,04:27:43.841,ADA/USDT:USDT,0.8248,37426.0,0.8247,105573.0,0.8249,101213.0,0.825,60347.0
1753504063991,04:27:43.991,ADA/USDT:USDT,0.8248,45426.0,0.8247,105573.0,0.8249,101213.0,0.825,60347.0
1753504064141,04:27:44.141,ADA/USDT:USDT,0.8248,45426.0,0.8247,95045.0,0.8249,91713.0,0.825,60226.0
1753504064291,04:27:44.291,ADA/USDT:USDT,0.8248,45426.0,0.8247,95045.0,0.8249,91713.0,0.825,60226.0
1753504064441,04:27:44.441,ADA/USDT:USDT,0.8248,37426.0,0.8247,95045.0,0.8249,91713.0,0.825,63424.0
1753504064592,04:27:44.592,ADA/USDT:USDT,0.8248,37426.0,0.8247,95045.0,0.8249,91713.0,0.825,63424.0
1753504064742,04:27:44.742,ADA/USDT:USDT,0.8248,37426.0,0.8247,95045.0,0.8249,91713.0,0.825,63424.0
1753504064892,04:27:44.892,ADA/USDT:USDT,0.8248,37426.0,0.8247,95045.0,0.8249,91713.0,0.825,63424.0
1753504065042,04:27:45.042,ADA/USDT:USDT,0.8248,37426.0,0.8247,95045.0,0.8249,91713.0,0.825,63424.0
1753504065192,04:27:45.192,ADA/USDT:USDT,0.8248,37426.0,0.8247,95045.0,0.8249,91713.0,0.825,63424.0
1753504065342,04:27:45.342,ADA/USDT:USDT,0.8248,37426.0,0.8247,95045.0,0.8249,91713.0,0.825,63424.0
1753504065492,04:27:45.492,ADA/USDT:USDT,0.8248,37426.0,0.8247,95045.0,0.8249,91713.0,0.825,63424.0
1753504065642,04:27:45.642,ADA/USDT:USDT,0.8248,37426.0,0.8247,95045.0,0.8249,91713.0,0.825,63424.0
1753504065792,04:27:45.792,ADA/USDT:USDT,0.8248,37426.0,0.8247,97460.0,0.8249,75021.0,0.825,63424.0
1753504065942,04:27:45.942,ADA/USDT:USDT,0.8248,62926.0,0.8247,97460.0,0.8249,75021.0,0.825,63424.0
1753504066092,04:27:46.092,ADA/USDT:USDT,0.8248,62926.0,0.8247,97460.0,0.8249,75021.0,0.825,60226.0
1753504066243,04:27:46.243,ADA/USDT:USDT,0.8248,62926.0,0.8247,97460.0,0.8249,75021.0,0.825,59644.0
1753504066393,04:27:46.393,ADA/USDT:USDT,0.8248,62926.0,0.8247,97460.0,0.8249,75021.0,0.825,60226.0
1753504066543,04:27:46.543,ADA/USDT:USDT,0.8248,62926.0,0.8247,97460.0,0.8249,75021.0,0.825,60226.0
1753504066693,04:27:46.693,ADA/USDT:USDT,0.8248,37426.0,0.8247,95045.0,0.8249,75021.0,0.825,60226.0
1753504066843,04:27:46.843,ADA/USDT:USDT,0.8248,37426.0,0.8247,95045.0,0.8249,75021.0,0.825,59621.0
1753504066993,04:27:46.993,ADA/USDT:USDT,0.8248,57841.0,0.8247,97460.0,0.8249,75021.0,0.825,59621.0
1753504067143,04:27:47.143,ADA/USDT:USDT,0.8248,55426.0,0.8247,97460.0,0.8249,75021.0,0.825,59621.0
1753504067293,04:27:47.293,ADA/USDT:USDT,0.8248,55426.0,0.8247,95045.0,0.8249,75021.0,0.825,59621.0
1753504067443,04:27:47.443,ADA/USDT:USDT,0.8248,55426.0,0.8247,95045.0,0.8249,75021.0,0.825,59621.0
1753504067594,04:27:47.594,ADA/USDT:USDT,0.8248,55426.0,0.8247,95045.0,0.8249,75021.0,0.825,60226.0
1753504067743,04:27:47.743,ADA/USDT:USDT,0.8248,55426.0,0.8247,95045.0,0.8249,41972.0,0.825,93269.0
1753504067894,04:27:47.894,ADA/USDT:USDT,0.8248,55426.0,0.8247,95045.0,0.8249,57990.0,0.825,92664.0
1753504068044,04:27:48.044,ADA/USDT:USDT,0.8248,37426.0,0.8247,95045.0,0.8249,57990.0,0.825,92664.0
1753504068194,04:27:48.194,ADA/USDT:USDT,0.8248,37426.0,0.8247,95045.0,0.8249,57990.0,0.825,93269.0
1753504068344,04:27:48.344,ADA/USDT:USDT,0.8248,34625.0,0.8247,95045.0,0.8249,57990.0,0.825,93269.0
1753504068494,04:27:48.494,ADA/USDT:USDT,0.8248,34625.0,0.8247,95045.0,0.8249,57990.0,0.825,93269.0
1753504068644,04:27:48.644,ADA/USDT:USDT,0.8248,34625.0,0.8247,95045.0,0.8249,57990.0,0.825,93269.0
1753504068794,04:27:48.794,ADA/USDT:USDT,0.8248,31902.0,0.8247,95045.0,0.8249,57990.0,0.825,93269.0
1753504068944,04:27:48.944,ADA/USDT:USDT,0.8248,16563.0,0.8247,79172.0,0.8249,69990.0,0.825,93269.0
1753504069094,04:27:49.094,ADA/USDT:USDT,0.8247,63290.0,0.8246,80053.0,0.8249,69990.0,0.825,93269.0
1753504069244,04:27:49.244,ADA/USDT:USDT,0.8245,6518.0,0.8244,101299.0,0.8246,50158.0,0.8247,30211.0
1753504069394,04:27:49.394,ADA/USDT:USDT,0.8245,52205.0,0.8244,68257.0,0.8246,66721.0,0.8247,105990.0
1753504069545,04:27:49.545,ADA/USDT:USDT,0.8245,52205.0,0.8244,68257.0,0.8246,47380.0,0.8247,106225.0
1753504069695,04:27:49.695,ADA/USDT:USDT,0.8245,57946.0,0.8244,77648.0,0.8246,47380.0,0.8247,107817.0
1753504069844,04:27:49.844,ADA/USDT:USDT,0.8245,78446.0,0.8244,78188.0,0.8246,47380.0,0.8247,107817.0
1753504069995,04:27:49.995,ADA/USDT:USDT,0.8245,72705.0,0.8244,78188.0,0.8246,47380.0,0.8247,93622.0
1753504070145,04:27:50.145,ADA/USDT:USDT,0.8245,72705.0,0.8244,78188.0,0.8246,42335.0,0.8247,93622.0
1753504070295,04:27:50.295,ADA/USDT:USDT,0.8245,72705.0,0.8244,78188.0,0.8246,42335.0,0.8247,81462.0
1753504070445,04:27:50.445,ADA/USDT:USDT,0.8245,72705.0,0.8244,78188.0,0.8246,36591.0,0.8247,81462.0
1753504070595,04:27:50.595,ADA/USDT:USDT,0.8245,79953.0,0.8244,78188.0,0.8246,36591.0,0.8247,81462.0
1753504070745,04:27:50.745,ADA/USDT:USDT,0.8245,77537.0,0.8244,83233.0,0.8246,35295.0,0.8247,81462.0
1753504070895,04:27:50.895,ADA/USDT:USDT,0.8245,75121.0,0.8244,85484.0,0.8246,35295.0,0.8247,81462.0
1753504071045,04:27:51.045,ADA/USDT:USDT,0.8245,72705.0,0.8244,83068.0,0.8246,34714.0,0.8247,86500.0
1753504071196,04:27:51.196,ADA/USDT:USDT,0.8245,72705.0,0.8244,83068.0,0.8246,34714.0,0.8247,87082.0
1753504071346,04:27:51.346,ADA/USDT:USDT,0.8245,72705.0,0.8244,83068.0,0.8246,34714.0,0.8247,87082.0
1753504071496,04:27:51.496,ADA/USDT:USDT,0.8245,72705.0,0.8244,83068.0,0.8246,34714.0,0.8247,87082.0
1753504071646,04:27:51.646,ADA/USDT:USDT,0.8245,72705.0,0.8244,83068.0,0.8246,34714.0,0.8247,87082.0
1753504071796,04:27:51.796,ADA/USDT:USDT,0.8245,72705.0,0.8244,83068.0,0.8246,34714.0,0.8247,87082.0
1753504071946,04:27:51.946,ADA/USDT:USDT,0.8245,72705.0,0.8244,83068.0,0.8246,43214.0,0.8247,87082.0
1753504072096,04:27:52.096,ADA/USDT:USDT,0.8245,72705.0,0.8244,83068.0,0.8246,43214.0,0.8247,87082.0
1753504072246,04:27:52.246,ADA/USDT:USDT,0.8245,72705.0,0.8244,83068.0,0.8246,43214.0,0.8247,87082.0
1753504072546,04:27:52.546,ADA/USDT:USDT,0.8245,52205.0,0.8244,83068.0,0.8246,43214.0,0.8247,87082.0
1753504072696,04:27:52.696,ADA/USDT:USDT,0.8245,52205.0,0.8244,83068.0,0.8246,43214.0,0.8247,87082.0
1753504072846,04:27:52.846,ADA/USDT:USDT,0.8245,52205.0,0.8244,83068.0,0.8246,43214.0,0.8247,87082.0
1753504072997,04:27:52.997,ADA/USDT:USDT,0.8245,52205.0,0.8244,83068.0,0.8246,60214.0,0.8247,87082.0
1753504073147,04:27:53.147,ADA/USDT:USDT,0.8245,52205.0,0.8244,83068.0,0.8246,60214.0,0.8247,87082.0
1753504073297,04:27:53.297,ADA/USDT:USDT,0.8245,54621.0,0.8244,85484.0,0.8246,60214.0,0.8247,87082.0
1753504073447,04:27:53.447,ADA/USDT:USDT,0.8245,54621.0,0.8244,85484.0,0.8246,60214.0,0.8247,87082.0
1753504073597,04:27:53.597,ADA/USDT:USDT,0.8245,54621.0,0.8244,84944.0,0.8246,60214.0,0.8247,87082.0
1753504073747,04:27:53.747,ADA/USDT:USDT,0.8245,35141.0,0.8244,82532.0,0.8246,60214.0,0.8247,87082.0
1753504073897,04:27:53.897,ADA/USDT:USDT,0.8245,35141.0,0.8244,82532.0,0.8246,60214.0,0.8247,87688.0
1753504074047,04:27:54.047,ADA/USDT:USDT,0.8245,35141.0,0.8244,82532.0,0.8246,60214.0,0.8247,87688.0
1753504074197,04:27:54.197,ADA/USDT:USDT,0.8244,34973.0,0.8243,94796.0,0.8246,65259.0,0.8247,87809.0
1753504074347,04:27:54.347,ADA/USDT:USDT,0.8244,16560.0,0.8243,106467.0,0.8245,74733.0,0.8246,70187.0
1753504074497,04:27:54.497,ADA/USDT:USDT,0.8244,16210.0,0.8243,106467.0,0.8245,77264.0,0.8246,101914.0
1753504074648,04:27:54.648,ADA/USDT:USDT,0.8244,40244.0,0.8243,106467.0,0.8245,77264.0,0.8246,101308.0
1753504074798,04:27:54.798,ADA/USDT:USDT,0.8244,43075.0,0.8243,106467.0,0.8245,77264.0,0.8246,101308.0
1753504074948,04:27:54.948,ADA/USDT:USDT,0.8244,43075.0,0.8243,106995.0,0.8245,76682.0,0.8246,101914.0
1753504075098,04:27:55.098,ADA/USDT:USDT,0.8244,47312.0,0.8243,106995.0,0.8245,76682.0,0.8246,101914.0
1753504075248,04:27:55.248,ADA/USDT:USDT,0.8244,47312.0,0.8243,106995.0,0.8245,76682.0,0.8246,101308.0
1753504075398,04:27:55.398,ADA/USDT:USDT,0.8244,47312.0,0.8243,106995.0,0.8245,76682.0,0.8246,101308.0
1753504075548,04:27:55.548,ADA/USDT:USDT,0.8244,47312.0,0.8243,106995.0,0.8245,76682.0,0.8246,101308.0
1753504075698,04:27:55.698,ADA/USDT:USDT,0.8244,47312.0,0.8243,106995.0,0.8245,76682.0,0.8246,101308.0
1753504075848,04:27:55.848,ADA/USDT:USDT,0.8244,46121.0,0.8243,106995.0,0.8245,76682.0,0.8246,101914.0
1753504075998,04:27:55.998,ADA/USDT:USDT,0.8244,46121.0,0.8243,106995.0,0.8245,76682.0,0.8246,101914.0
1753504076148,04:27:56.148,ADA/USDT:USDT,0.8244,46471.0,0.8243,106830.0,0.8245,76682.0,0.8246,101914.0
1753504076299,04:27:56.299,ADA/USDT:USDT,0.8244,46471.0,0.8243,106830.0,0.8245,76682.0,0.8246,101914.0
1753504076449,04:27:56.449,ADA/USDT:USDT,0.8244,46471.0,0.8243,106830.0,0.8245,76682.0,0.8246,101914.0
1753504076599,04:27:56.599,ADA/USDT:USDT,0.8244,46471.0,0.8243,106830.0,0.8245,76682.0,0.8246,101914.0
1753504076749,04:27:56.749,ADA/USDT:USDT,0.8244,46471.0,0.8243,106830.0,0.8245,76682.0,0.8246,101914.0
1753504076899,04:27:56.899,ADA/USDT:USDT,0.8243,28058.0,0.8242,44170.0,0.8245,76682.0,0.8246,102035.0
1753504077049,04:27:57.049,ADA/USDT:USDT,0.8243,18928.0,0.8242,106583.0,0.8244,76356.0,0.8245,101483.0
1753504077199,04:27:57.199,ADA/USDT:USDT,0.8243,18928.0,0.8242,106583.0,0.8244,76356.0,0.8245,120024.0
1753504077499,04:27:57.499,ADA/USDT:USDT,0.8243,35491.0,0.8242,106583.0,0.8244,72672.0,0.8245,120024.0
1753504077649,04:27:57.649,ADA/USDT:USDT,0.8243,35491.0,0.8242,73541.0,0.8244,73254.0,0.8245,120606.0
1753504077799,04:27:57.799,ADA/USDT:USDT,0.8243,35491.0,0.8242,73541.0,0.8244,73254.0,0.8245,120606.0
1753504077949,04:27:57.949,ADA/USDT:USDT,0.8243,35491.0,0.8242,81673.0,0.8244,73254.0,0.8245,120606.0
1753504078100,04:27:58.100,ADA/USDT:USDT,0.8243,35491.0,0.8242,81673.0,0.8244,73254.0,0.8245,120606.0
1753504078250,04:27:58.250,ADA/USDT:USDT,0.8243,35491.0,0.8242,81673.0,0.8244,73254.0,0.8245,120606.0
1753504078400,04:27:58.400,ADA/USDT:USDT,0.8243,35491.0,0.8242,81673.0,0.8244,73254.0,0.8245,120606.0
1753504078550,04:27:58.550,ADA/USDT:USDT,0.8242,33187.0,0.8241,124668.0,0.8243,27804.0,0.8244,77436.0
1753504078700,04:27:58.700,ADA/USDT:USDT,0.8242,18928.0,0.8241,107041.0,0.8243,71816.0,0.8244,106905.0
1753504078850,04:27:58.850,ADA/USDT:USDT,0.8242,54891.0,0.8241,73999.0,0.8243,61049.0,0.8244,106323.0
1753504079000,04:27:59.000,ADA/USDT:USDT,0.8242,50454.0,0.8241,74541.0,0.8243,61049.0,0.8244,84229.0
1753504079150,04:27:59.150,ADA/USDT:USDT,0.8242,50454.0,0.8241,79912.0,0.8243,35549.0,0.8244,94320.0
1753504079300,04:27:59.300,ADA/USDT:USDT,0.8242,50454.0,0.8241,107585.0,0.8243,35549.0,0.8244,117273.0
1753504079450,04:27:59.450,ADA/USDT:USDT,0.8242,50454.0,0.8241,107585.0,0.8243,35549.0,0.8244,117273.0
1753504079600,04:27:59.600,ADA/USDT:USDT,0.8242,45954.0,0.8241,107585.0,0.8243,35549.0,0.8244,117855.0
1753504079750,04:27:59.750,ADA/USDT:USDT,0.8242,45954.0,0.8241,107585.0,0.8243,35549.0,0.8244,117855.0
1753504080051,04:28:00.051,ADA/USDT:USDT,0.8242,45954.0,0.8241,107585.0,0.8243,61049.0,0.8244,117855.0
1753504080209,04:28:00.209,ADA/USDT:USDT,0.8242,35127.0,0.8241,80531.0,0.8243,61049.0,0.8244,118461.0
1753504080378,04:28:00.378,ADA/USDT:USDT,0.8242,35127.0,0.8241,96422.0,0.8243,61049.0,0.8244,118461.0
1753504080742,04:28:00.742,ADA/USDT:USDT,0.8242,35127.0,0.8241,101454.0,0.8243,61049.0,0.8244,118461.0
1753504080906,04:28:00.906,ADA/USDT:USDT,0.8242,35127.0,0.8241,101996.0,0.8243,61049.0,0.8244,118461.0
1753504081056,04:28:01.056,ADA/USDT:USDT,0.8242,35127.0,0.8241,101996.0,0.8243,61049.0,0.8244,117879.0
1753504081215,04:28:01.215,ADA/USDT:USDT,0.8242,51441.0,0.8241,107600.0,0.8244,60215.0,0.8245,60140.0
1753504081365,04:28:01.365,ADA/USDT:USDT,0.8243,53237.0,0.8242,48011.0,0.8244,60215.0,0.8245,60140.0
1753504081515,04:28:01.515,ADA/USDT:USDT,0.8243,55186.0,0.8242,79799.0,0.8244,27171.0,0.8245,92582.0
1753504081678,04:28:01.678,ADA/USDT:USDT,0.8243,55186.0,0.8242,90422.0,0.8244,27171.0,0.8245,92582.0
1753504081852,04:28:01.852,ADA/USDT:USDT,0.8243,55186.0,0.8242,90422.0,0.8244,52671.0,0.8245,92582.0
1753504082002,04:28:02.002,ADA/USDT:USDT,0.8243,55186.0,0.8242,90422.0,0.8244,67301.0,0.8245,92582.0
1753504082152,04:28:02.152,ADA/USDT:USDT,0.8243,55186.0,0.8242,90422.0,0.8244,67301.0,0.8245,93188.0
1753504082302,04:28:02.302,ADA/USDT:USDT,0.8243,55186.0,0.8242,90422.0,0.8244,67301.0,0.8245,93188.0
1753504082452,04:28:02.452,ADA/USDT:USDT,0.8243,55186.0,0.8242,90422.0,0.8244,67301.0,0.8245,93188.0
1753504082602,04:28:02.602,ADA/USDT:USDT,0.8244,16975.0,0.8243,59593.0,0.8245,81957.0,0.8246,82762.0
1753504082753,04:28:02.753,ADA/USDT:USDT,0.8244,20564.0,0.8243,68554.0,0.8245,124020.0,0.8246,83344.0
1753504082902,04:28:02.902,ADA/USDT:USDT,0.8244,20564.0,0.8243,68554.0,0.8245,124020.0,0.8246,83344.0
1753504083052,04:28:03.052,ADA/USDT:USDT,0.8244,20564.0,0.8243,68554.0,0.8245,124020.0,0.8246,83344.0
1753504083202,04:28:03.202,ADA/USDT:USDT,0.8244,20564.0,0.8243,79174.0,0.8245,124020.0,0.8246,83344.0
1753504083353,04:28:03.353,ADA/USDT:USDT,0.8244,19702.0,0.8243,79174.0,0.8245,124020.0,0.8246,83344.0
1753504083503,04:28:03.503,ADA/USDT:USDT,0.8244,19702.0,0.8243,79174.0,0.8245,124020.0,0.8246,83344.0
1753504083653,04:28:03.653,ADA/USDT:USDT,0.8244,19702.0,0.8243,79174.0,0.8245,124020.0,0.8246,83344.0
1753504083803,04:28:03.803,ADA/USDT:USDT,0.8244,19702.0,0.8243,79174.0,0.8245,124020.0,0.8246,83344.0
1753504083953,04:28:03.953,ADA/USDT:USDT,0.8244,19702.0,0.8243,79174.0,0.8245,124020.0,0.8246,83344.0
1753504084103,04:28:04.103,ADA/USDT:USDT,0.8244,20537.0,0.8243,79174.0,0.8245,124020.0,0.8246,83179.0
1753504084253,04:28:04.253,ADA/USDT:USDT,0.8244,20537.0,0.8243,79174.0,0.8245,124020.0,0.8246,83179.0
1753504084403,04:28:04.403,ADA/USDT:USDT,0.8244,20887.0,0.8243,79174.0,0.8245,124020.0,0.8246,83179.0
1753504084553,04:28:04.553,ADA/USDT:USDT,0.8244,20887.0,0.8243,62611.0,0.8245,124020.0,0.8246,83179.0
1753504084703,04:28:04.703,ADA/USDT:USDT,0.8244,20887.0,0.8243,62611.0,0.8245,124020.0,0.8246,83179.0
1753504084854,04:28:04.854,ADA/USDT:USDT,0.8244,20887.0,0.8243,62611.0,0.8245,124020.0,0.8246,83179.0
1753504085004,04:28:05.004,ADA/USDT:USDT,0.8244,20052.0,0.8243,62611.0,0.8245,124020.0,0.8246,83179.0
1753504085154,04:28:05.154,ADA/USDT:USDT,0.8244,20052.0,0.8243,62611.0,0.8245,124020.0,0.8246,83179.0
1753504085303,04:28:05.303,ADA/USDT:USDT,0.8244,20887.0,0.8243,62611.0,0.8245,124020.0,0.8246,83179.0
1753504085604,04:28:05.604,ADA/USDT:USDT,0.8244,20887.0,0.8243,62611.0,0.8245,124020.0,0.8246,83179.0
1753504085754,04:28:05.754,ADA/USDT:USDT,0.8244,20887.0,0.8243,62611.0,0.8245,124020.0,0.8246,83179.0
1753504085904,04:28:05.904,ADA/USDT:USDT,0.8244,20887.0,0.8243,62611.0,0.8245,124020.0,0.8246,83179.0
1753504086054,04:28:06.054,ADA/USDT:USDT,0.8244,20887.0,0.8243,62611.0,0.8245,98520.0,0.8246,83179.0
1753504086204,04:28:06.204,ADA/USDT:USDT,0.8244,20887.0,0.8243,62611.0,0.8245,98520.0,0.8246,83179.0
1753504086354,04:28:06.354,ADA/USDT:USDT,0.8244,20887.0,0.8243,62611.0,0.8245,98520.0,0.8246,83179.0
1753504086504,04:28:06.504,ADA/USDT:USDT,0.8244,20887.0,0.8243,62611.0,0.8245,98520.0,0.8246,83179.0
1753504086655,04:28:06.655,ADA/USDT:USDT,0.8244,20887.0,0.8243,62611.0,0.8245,122020.0,0.8246,83179.0
1753504086805,04:28:06.805,ADA/USDT:USDT,0.8244,20887.0,0.8243,62611.0,0.8245,122020.0,0.8246,83179.0
1753504086955,04:28:06.955,ADA/USDT:USDT,0.8244,20887.0,0.8243,62611.0,0.8245,122020.0,0.8246,83179.0
1753504087105,04:28:07.105,ADA/USDT:USDT,0.8244,20887.0,0.8243,62611.0,0.8245,122020.0,0.8246,83179.0
1753504087255,04:28:07.255,ADA/USDT:USDT,0.8244,20887.0,0.8243,62611.0,0.8245,122020.0,0.8246,83179.0
1753504087405,04:28:07.405,ADA/USDT:USDT,0.8244,37450.0,0.8243,78498.0,0.8245,122020.0,0.8246,83179.0
1753504087555,04:28:07.555,ADA/USDT:USDT,0.8244,37450.0,0.8243,78498.0,0.8245,122020.0,0.8246,83179.0
1753504087855,04:28:07.855,ADA/USDT:USDT,0.8244,37450.0,0.8243,73564.0,0.8245,122020.0,0.8246,83179.0
1753504088005,04:28:08.005,ADA/USDT:USDT,0.8244,37450.0,0.8243,73564.0,0.8245,122020.0,0.8246,83179.0
1753504088155,04:28:08.155,ADA/USDT:USDT,0.8244,37450.0,0.8243,73564.0,0.8245,122020.0,0.8246,83179.0
1753504088456,04:28:08.456,ADA/USDT:USDT,0.8244,37450.0,0.8243,73564.0,0.8245,98520.0,0.8246,83179.0
1753504088606,04:28:08.606,ADA/USDT:USDT,0.8244,37450.0,0.8243,73564.0,0.8245,98520.0,0.8246,83179.0
1753504088756,04:28:08.756,ADA/USDT:USDT,0.8244,37450.0,0.8243,73564.0,0.8245,118520.0,0.8246,83179.0
1753504088906,04:28:08.906,ADA/USDT:USDT,0.8244,37450.0,0.8243,73564.0,0.8245,98520.0,0.8246,83179.0
1753504089056,04:28:09.056,ADA/USDT:USDT,0.8244,37450.0,0.8243,73564.0,0.8245,98520.0,0.8246,83179.0
1753504089206,04:28:09.206,ADA/USDT:USDT,0.8244,37450.0,0.8243,73564.0,0.8245,98520.0,0.8246,83179.0
1753504089356,04:28:09.356,ADA/USDT:USDT,0.8244,37450.0,0.8243,73564.0,0.8245,98520.0,0.8246,83179.0
1753504089506,04:28:09.506,ADA/USDT:USDT,0.8244,37450.0,0.8243,73564.0,0.8245,98520.0,0.8246,83179.0
1753504089656,04:28:09.656,ADA/USDT:USDT,0.8244,37450.0,0.8243,73564.0,0.8245,98520.0,0.8246,83179.0
1753504089806,04:28:09.806,ADA/USDT:USDT,0.8244,37450.0,0.8243,73564.0,0.8245,123520.0,0.8246,83179.0
1753504089956,04:28:09.956,ADA/USDT:USDT,0.8244,22111.0,0.8243,73564.0,0.8245,123520.0,0.8246,83179.0
1753504090106,04:28:10.106,ADA/USDT:USDT,0.8244,22111.0,0.8243,73564.0,0.8245,123520.0,0.8246,83179.0
1753504090256,04:28:10.256,ADA/USDT:USDT,0.8244,20766.0,0.8243,73564.0,0.8245,123520.0,0.8246,83179.0
1753504090407,04:28:10.407,ADA/USDT:USDT,0.8244,19802.0,0.8243,73564.0,0.8245,123520.0,0.8246,83179.0
1753504090557,04:28:10.557,ADA/USDT:USDT,0.8244,19802.0,0.8243,73564.0,0.8245,123520.0,0.8246,83179.0
1753504090707,04:28:10.707,ADA/USDT:USDT,0.8244,20152.0,0.8243,73564.0,0.8245,98520.0,0.8246,83179.0
1753504090857,04:28:10.857,ADA/USDT:USDT,0.8244,20969.0,0.8243,74097.0,0.8245,81791.0,0.8246,83179.0
1753504091007,04:28:11.007,ADA/USDT:USDT,0.8244,20969.0,0.8243,74097.0,0.8245,81791.0,0.8246,82597.0
1753504091157,04:28:11.157,ADA/USDT:USDT,0.8244,20969.0,0.8243,74097.0,0.8245,81791.0,0.8246,82597.0
1753504091307,04:28:11.307,ADA/USDT:USDT,0.8244,26713.0,0.8243,74097.0,0.8245,81791.0,0.8246,82597.0
1753504091457,04:28:11.457,ADA/USDT:USDT,0.8244,26713.0,0.8243,74097.0,0.8245,81791.0,0.8246,82597.0
1753504091607,04:28:11.607,ADA/USDT:USDT,0.8244,26713.0,0.8243,74097.0,0.8245,81791.0,0.8246,82597.0
1753504091758,04:28:11.758,ADA/USDT:USDT,0.8244,52213.0,0.8243,74097.0,0.8245,81791.0,0.8246,82597.0
1753504091908,04:28:11.908,ADA/USDT:USDT,0.8244,52213.0,0.8243,74097.0,0.8245,81791.0,0.8246,82597.0
1753504092058,04:28:12.058,ADA/USDT:USDT,0.8244,52213.0,0.8243,74097.0,0.8245,81791.0,0.8246,83179.0
1753504092208,04:28:12.208,ADA/USDT:USDT,0.8244,52213.0,0.8243,74097.0,0.8245,81791.0,0.8246,83179.0
1753504092358,04:28:12.358,ADA/USDT:USDT,0.8244,52213.0,0.8243,74097.0,0.8245,81791.0,0.8246,83179.0
1753504092508,04:28:12.508,ADA/USDT:USDT,0.8244,52213.0,0.8243,74097.0,0.8245,81791.0,0.8246,83179.0
1753504092658,04:28:12.658,ADA/USDT:USDT,0.8244,52213.0,0.8243,74097.0,0.8245,81791.0,0.8246,83179.0
1753504092808,04:28:12.808,ADA/USDT:USDT,0.8244,67552.0,0.8243,74218.0,0.8245,46450.0,0.8246,45891.0
1753504092958,04:28:12.958,ADA/USDT:USDT,0.8244,72597.0,0.8243,77405.0,0.8246,71795.0,0.8247,108906.0
1753504093108,04:28:13.108,ADA/USDT:USDT,0.8245,25387.0,0.8244,82849.0,0.8246,95824.0,0.8247,56034.0
1753504093258,04:28:13.258,ADA/USDT:USDT,0.8245,37922.0,0.8244,91571.0,0.8246,92148.0,0.8247,56034.0
1753504093408,04:28:13.408,ADA/USDT:USDT,0.8245,30151.0,0.8244,91571.0,0.8246,92148.0,0.8247,56737.0
1753504093559,04:28:13.559,ADA/USDT:USDT,0.8245,27565.0,0.8244,91571.0,0.8246,92148.0,0.8247,56737.0
1753504093709,04:28:13.709,ADA/USDT:USDT,0.8245,27565.0,0.8244,107461.0,0.8246,105648.0,0.8247,56737.0
1753504093859,04:28:13.859,ADA/USDT:USDT,0.8245,27565.0,0.8244,107461.0,0.8246,105648.0,0.8247,56737.0
1753504094009,04:28:14.009,ADA/USDT:USDT,0.8245,29164.0,0.8244,98076.0,0.8246,92148.0,0.8247,56737.0
1753504094159,04:28:14.159,ADA/USDT:USDT,0.8245,29514.0,0.8244,98076.0,0.8246,92148.0,0.8247,56155.0
1753504094309,04:28:14.309,ADA/USDT:USDT,0.8245,29514.0,0.8244,98076.0,0.8246,92148.0,0.8247,59802.0
1753504094459,04:28:14.459,ADA/USDT:USDT,0.8245,29514.0,0.8244,98076.0,0.8246,92148.0,0.8247,59802.0
1753504094609,04:28:14.609,ADA/USDT:USDT,0.8245,29514.0,0.8244,82186.0,0.8246,92148.0,0.8247,59802.0
1753504094759,04:28:14.759,ADA/USDT:USDT,0.8245,29164.0,0.8244,98077.0,0.8246,111148.0,0.8247,59802.0
1753504094909,04:28:14.909,ADA/USDT:USDT,0.8245,29164.0,0.8244,108696.0,0.8246,92148.0,0.8247,59802.0
1753504095059,04:28:15.059,ADA/USDT:USDT,0.8245,29164.0,0.8244,108696.0,0.8246,92498.0,0.8247,59802.0
1753504095210,04:28:15.210,ADA/USDT:USDT,0.8245,29164.0,0.8244,108696.0,0.8246,92498.0,0.8247,59802.0
1753504095360,04:28:15.360,ADA/USDT:USDT,0.8245,29164.0,0.8244,108696.0,0.8246,92498.0,0.8247,59802.0
1753504095510,04:28:15.510,ADA/USDT:USDT,0.8245,29981.0,0.8244,108696.0,0.8246,92498.0,0.8247,59802.0
1753504095660,04:28:15.660,ADA/USDT:USDT,0.8245,29981.0,0.8244,108696.0,0.8246,92498.0,0.8247,59802.0
1753504095810,04:28:15.810,ADA/USDT:USDT,0.8245,29981.0,0.8244,108696.0,0.8246,92498.0,0.8247,59802.0
1753504095960,04:28:15.960,ADA/USDT:USDT,0.8245,29981.0,0.8244,108696.0,0.8246,92498.0,0.8247,59802.0
1753504096110,04:28:16.110,ADA/USDT:USDT,0.8245,28382.0,0.8244,108696.0,0.8246,92498.0,0.8247,59802.0
1753504096260,04:28:16.260,ADA/USDT:USDT,0.8245,28382.0,0.8244,108696.0,0.8246,92498.0,0.8247,59802.0
1753504096410,04:28:16.410,ADA/USDT:USDT,0.8245,15339.0,0.8244,23150.0,0.8246,105958.0,0.8247,59802.0
1753504096560,04:28:16.560,ADA/USDT:USDT,0.8243,50823.0,0.8242,76246.0,0.8244,2575.0,0.8245,7146.0
1753504096860,04:28:16.860,ADA/USDT:USDT,0.8243,51147.0,0.8242,109294.0,0.8244,26667.0,0.8245,96478.0
1753504097011,04:28:17.011,ADA/USDT:USDT,0.8243,35253.0,0.8242,109822.0,0.8244,26667.0,0.8245,96478.0
1753504097161,04:28:17.161,ADA/USDT:USDT,0.8243,36564.0,0.8242,109822.0,0.8244,26667.0,0.8245,96478.0
1753504097311,04:28:17.311,ADA/USDT:USDT,0.8243,52742.0,0.8242,109822.0,0.8244,25850.0,0.8245,96478.0
1753504097461,04:28:17.461,ADA/USDT:USDT,0.8243,52742.0,0.8242,109822.0,0.8244,350.0,0.8245,69967.0
1753504097611,04:28:17.611,ADA/USDT:USDT,0.8244,28716.0,0.8243,61112.0,0.8245,88774.0,0.8246,76538.0
1753504097761,04:28:17.761,ADA/USDT:USDT,0.8244,30665.0,0.8243,105184.0,0.8245,65390.0,0.8246,93042.0
1753504097911,04:28:17.911,ADA/USDT:USDT,0.8244,47228.0,0.8243,104529.0,0.8245,65390.0,0.8246,93042.0
1753504098211,04:28:18.211,ADA/USDT:USDT,0.8244,47228.0,0.8243,94991.0,0.8245,65390.0,0.8246,93042.0
1753504098361,04:28:18.361,ADA/USDT:USDT,0.8244,47228.0,0.8243,94991.0,0.8245,65390.0,0.8246,93042.0
1753504098511,04:28:18.511,ADA/USDT:USDT,0.8244,47228.0,0.8243,94991.0,0.8245,65390.0,0.8246,93042.0
1753504098662,04:28:18.662,ADA/USDT:USDT,0.8244,47228.0,0.8243,94991.0,0.8245,65390.0,0.8246,93042.0
1753504098812,04:28:18.812,ADA/USDT:USDT,0.8244,47228.0,0.8243,94991.0,0.8245,78620.0,0.8246,93042.0
1753504098962,04:28:18.962,ADA/USDT:USDT,0.8244,47228.0,0.8243,94991.0,0.8245,78620.0,0.8246,93042.0
1753504099112,04:28:19.112,ADA/USDT:USDT,0.8244,47228.0,0.8243,94991.0,0.8245,111668.0,0.8246,59992.0
1753504099262,04:28:19.262,ADA/USDT:USDT,0.8244,47228.0,0.8243,94991.0,0.8245,95770.0,0.8246,59266.0
1753504099412,04:28:19.412,ADA/USDT:USDT,0.8244,47228.0,0.8243,94991.0,0.8245,95770.0,0.8246,59266.0
1753504099562,04:28:19.562,ADA/USDT:USDT,0.8244,47228.0,0.8243,94991.0,0.8245,95770.0,0.8246,59266.0
1753504099712,04:28:19.712,ADA/USDT:USDT,0.8244,36228.0,0.8243,69491.0,0.8245,95770.0,0.8246,59266.0
1753504099862,04:28:19.862,ADA/USDT:USDT,0.8244,36228.0,0.8243,69491.0,0.8245,96352.0,0.8246,59848.0
1753504100012,04:28:20.012,ADA/USDT:USDT,0.8244,36228.0,0.8243,80111.0,0.8245,96352.0,0.8246,59848.0
1753504100163,04:28:20.163,ADA/USDT:USDT,0.8244,36228.0,0.8243,80111.0,0.8245,96352.0,0.8246,59848.0
1753504100313,04:28:20.313,ADA/USDT:USDT,0.8244,36228.0,0.8243,80111.0,0.8245,99538.0,0.8246,59848.0
1753504100463,04:28:20.463,ADA/USDT:USDT,0.8244,36228.0,0.8243,80111.0,0.8245,99538.0,0.8246,59848.0
1753504100613,04:28:20.613,ADA/USDT:USDT,0.8244,36228.0,0.8243,80111.0,0.8245,96352.0,0.8246,59848.0
1753504100763,04:28:20.763,ADA/USDT:USDT,0.8244,36228.0,0.8243,80111.0,0.8245,96352.0,0.8246,59848.0
1753504100913,04:28:20.913,ADA/USDT:USDT,0.8244,38169.0,0.8243,80111.0,0.8245,96352.0,0.8246,59848.0
1753504101063,04:28:21.063,ADA/USDT:USDT,0.8244,38169.0,0.8243,80111.0,0.8245,96352.0,0.8246,59848.0
1753504101213,04:28:21.213,ADA/USDT:USDT,0.8244,38169.0,0.8243,80111.0,0.8245,96352.0,0.8246,59848.0
1753504101363,04:28:21.363,ADA/USDT:USDT,0.8244,38169.0,0.8243,80111.0,0.8245,96352.0,0.8246,59848.0
1753504101513,04:28:21.513,ADA/USDT:USDT,0.8244,45169.0,0.8243,80111.0,0.8245,96352.0,0.8246,59848.0
1753504101663,04:28:21.663,ADA/USDT:USDT,0.8244,45169.0,0.8243,80111.0,0.8245,96352.0,0.8246,59848.0
1753504101963,04:28:21.963,ADA/USDT:USDT,0.8244,45169.0,0.8243,80111.0,0.8245,96352.0,0.8246,59848.0
1753504102114,04:28:22.114,ADA/USDT:USDT,0.8244,45169.0,0.8243,80111.0,0.8245,96352.0,0.8246,59848.0
1753504102264,04:28:22.264,ADA/USDT:USDT,0.8244,45169.0,0.8243,80111.0,0.8245,70852.0,0.8246,59848.0
1753504102414,04:28:22.414,ADA/USDT:USDT,0.8244,51561.0,0.8243,80760.0,0.8245,46278.0,0.8246,28835.0
1753504102564,04:28:22.564,ADA/USDT:USDT,0.8244,70061.0,0.8243,86364.0,0.8245,33048.0,0.8246,28835.0
1753504102864,04:28:22.864,ADA/USDT:USDT,0.8245,72075.0,0.8244,54924.0,0.8246,65489.0,0.8247,70538.0
1753504103014,04:28:23.014,ADA/USDT:USDT,0.8245,72075.0,0.8244,110945.0,0.8246,65489.0,0.8247,69932.0
1753504103164,04:28:23.164,ADA/USDT:USDT,0.8245,44818.0,0.8244,110945.0,0.8246,82052.0,0.8247,70053.0
1753504103314,04:28:23.314,ADA/USDT:USDT,0.8245,44818.0,0.8244,101298.0,0.8246,82052.0,0.8247,71241.0
1753504103464,04:28:23.464,ADA/USDT:USDT,0.8245,44818.0,0.8244,101298.0,0.8246,82052.0,0.8247,71241.0
1753504103614,04:28:23.614,ADA/USDT:USDT,0.8245,59818.0,0.8244,101298.0,0.8246,83012.0,0.8247,71241.0
1753504103765,04:28:23.765,ADA/USDT:USDT,0.8245,59818.0,0.8244,101298.0,0.8246,83012.0,0.8247,71241.0
1753504103915,04:28:23.915,ADA/USDT:USDT,0.8245,44818.0,0.8244,101298.0,0.8246,83012.0,0.8247,71241.0
1753504104065,04:28:24.065,ADA/USDT:USDT,0.8245,44818.0,0.8244,101298.0,0.8246,83012.0,0.8247,71120.0
1753504104215,04:28:24.215,ADA/USDT:USDT,0.8245,44818.0,0.8244,101298.0,0.8246,83012.0,0.8247,71120.0
1753504104515,04:28:24.515,ADA/USDT:USDT,0.8245,70318.0,0.8244,104605.0,0.8246,12473.0,0.8247,40607.0
1753504104665,04:28:24.665,ADA/USDT:USDT,0.8245,70318.0,0.8244,104605.0,0.8246,33047.0,0.8247,67131.0
1753504104815,04:28:24.815,ADA/USDT:USDT,0.8245,70318.0,0.8244,134466.0,0.8247,100178.0,0.8248,44874.0
1753504104965,04:28:24.965,ADA/USDT:USDT,0.8246,27018.0,0.8245,80369.0,0.8247,77982.0,0.8248,60779.0
1753504105115,04:28:25.115,ADA/USDT:USDT,0.8246,28967.0,0.8245,88002.0,0.8247,77982.0,0.8248,61220.0
1753504105265,04:28:25.265,ADA/USDT:USDT,0.8246,28967.0,0.8245,88002.0,0.8247,94545.0,0.8248,61220.0
1753504105416,04:28:25.416,ADA/USDT:USDT,0.8246,28967.0,0.8245,88002.0,0.8247,94545.0,0.8248,61220.0
1753504105566,04:28:25.566,ADA/USDT:USDT,0.8246,28967.0,0.8245,103908.0,0.8247,103545.0,0.8248,61220.0
1753504105716,04:28:25.716,ADA/USDT:USDT,0.8246,28967.0,0.8245,94846.0,0.8247,94545.0,0.8248,61220.0
1753504106016,04:28:26.016,ADA/USDT:USDT,0.8246,28967.0,0.8245,94846.0,0.8247,94545.0,0.8248,61220.0
1753504106166,04:28:26.166,ADA/USDT:USDT,0.8246,28967.0,0.8245,105464.0,0.8247,94545.0,0.8248,61220.0
1753504106316,04:28:26.316,ADA/USDT:USDT,0.8246,28967.0,0.8245,105464.0,0.8247,94545.0,0.8248,61220.0
1753504106616,04:28:26.616,ADA/USDT:USDT,0.8246,28967.0,0.8245,105464.0,0.8247,106045.0,0.8248,61802.0
1753504106766,04:28:26.766,ADA/USDT:USDT,0.8246,28967.0,0.8245,105464.0,0.8247,106045.0,0.8248,61802.0
1753504106916,04:28:26.916,ADA/USDT:USDT,0.8246,28967.0,0.8245,105464.0,0.8247,106045.0,0.8248,61802.0
1753504107067,04:28:27.067,ADA/USDT:USDT,0.8246,28967.0,0.8245,105464.0,0.8247,106045.0,0.8248,61802.0
1753504107217,04:28:27.217,ADA/USDT:USDT,0.8246,28967.0,0.8245,105464.0,0.8247,106045.0,0.8248,61802.0
1753504107367,04:28:27.367,ADA/USDT:USDT,0.8246,28967.0,0.8245,105464.0,0.8247,106045.0,0.8248,61802.0
1753504107516,04:28:27.516,ADA/USDT:USDT,0.8246,28967.0,0.8245,105464.0,0.8247,106045.0,0.8248,61802.0
1753504107667,04:28:27.667,ADA/USDT:USDT,0.8246,18428.0,0.8245,53440.0,0.8247,106045.0,0.8248,61802.0
1753504107817,04:28:27.817,ADA/USDT:USDT,0.8246,18428.0,0.8245,79968.0,0.8247,106045.0,0.8248,61802.0
1753504108117,04:28:28.117,ADA/USDT:USDT,0.8246,21220.0,0.8245,79968.0,0.8247,94545.0,0.8248,64981.0
1753504108417,04:28:28.417,ADA/USDT:USDT,0.8246,21220.0,0.8245,79968.0,0.8247,108545.0,0.8248,64981.0
1753504108567,04:28:28.567,ADA/USDT:USDT,0.8246,21220.0,0.8245,79968.0,0.8247,108545.0,0.8248,64981.0
1753504108717,04:28:28.717,ADA/USDT:USDT,0.8246,21220.0,0.8245,79968.0,0.8247,108545.0,0.8248,64981.0
1753504108868,04:28:28.868,ADA/USDT:USDT,0.8246,21220.0,0.8245,79968.0,0.8247,94545.0,0.8248,64981.0
1753504109018,04:28:29.018,ADA/USDT:USDT,0.8246,20377.0,0.8245,79970.0,0.8247,94545.0,0.8248,64981.0
1753504109318,04:28:29.318,ADA/USDT:USDT,0.8246,17791.0,0.8245,37524.0,0.8247,94545.0,0.8248,64981.0
1753504109468,04:28:29.468,ADA/USDT:USDT,0.8245,38752.0,0.8244,108100.0,0.8246,60768.0,0.8247,123177.0
1753504109618,04:28:29.618,ADA/USDT:USDT,0.8245,25079.0,0.8244,108100.0,0.8246,62707.0,0.8247,108295.0
1753504109768,04:28:29.768,ADA/USDT:USDT,0.8245,67142.0,0.8244,108604.0,0.8246,62697.0,0.8247,108295.0
1753504109918,04:28:29.918,ADA/USDT:USDT,0.8245,67142.0,0.8244,108604.0,0.8246,62697.0,0.8247,108295.0
1753504110068,04:28:30.068,ADA/USDT:USDT,0.8245,67142.0,0.8244,108604.0,0.8246,61854.0,0.8247,108295.0
1753504110218,04:28:30.218,ADA/USDT:USDT,0.8245,67142.0,0.8244,108601.0,0.8246,61854.0,0.8247,108292.0
1753504110368,04:28:30.368,ADA/USDT:USDT,0.8245,41642.0,0.8244,108601.0,0.8246,61854.0,0.8247,108292.0
1753504110519,04:28:30.519,ADA/USDT:USDT,0.8245,40823.0,0.8244,108097.0,0.8246,78417.0,0.8247,91729.0
1753504110669,04:28:30.669,ADA/USDT:USDT,0.8245,40823.0,0.8244,108601.0,0.8246,78417.0,0.8247,91729.0
1753504110969,04:28:30.969,ADA/USDT:USDT,0.8245,40823.0,0.8244,108601.0,0.8246,78417.0,0.8247,91729.0
1753504111119,04:28:31.119,ADA/USDT:USDT,0.8245,40823.0,0.8244,108601.0,0.8246,78417.0,0.8247,91729.0
1753504111269,04:28:31.269,ADA/USDT:USDT,0.8245,40823.0,0.8244,108601.0,0.8246,78417.0,0.8247,91729.0
1753504111419,04:28:31.419,ADA/USDT:USDT,0.8245,40823.0,0.8244,108601.0,0.8246,78417.0,0.8247,91729.0
1753504111569,04:28:31.569,ADA/USDT:USDT,0.8245,52823.0,0.8244,108601.0,0.8246,78417.0,0.8247,91729.0
1753504111719,04:28:31.719,ADA/USDT:USDT,0.8245,52823.0,0.8244,108601.0,0.8246,78417.0,0.8247,91729.0
1753504111869,04:28:31.869,ADA/USDT:USDT,0.8245,52823.0,0.8244,108601.0,0.8246,78417.0,0.8247,91729.0
1753504112019,04:28:32.019,ADA/USDT:USDT,0.8245,52823.0,0.8244,108601.0,0.8246,78417.0,0.8247,91729.0
1753504112169,04:28:32.169,ADA/USDT:USDT,0.8245,52823.0,0.8244,108601.0,0.8246,78417.0,0.8247,91729.0
1753504112320,04:28:32.320,ADA/USDT:USDT,0.8245,52823.0,0.8244,108601.0,0.8246,78417.0,0.8247,91729.0
1753504112470,04:28:32.470,ADA/USDT:USDT,0.8245,52823.0,0.8244,108601.0,0.8246,78417.0,0.8247,91729.0
1753504112620,04:28:32.620,ADA/USDT:USDT,0.8245,52823.0,0.8244,108601.0,0.8246,78417.0,0.8247,91729.0
1753504112770,04:28:32.770,ADA/USDT:USDT,0.8245,52823.0,0.8244,108601.0,0.8246,78417.0,0.8247,91729.0
1753504112920,04:28:32.920,ADA/USDT:USDT,0.8245,52823.0,0.8244,108601.0,0.8246,78417.0,0.8247,91729.0
1753504113070,04:28:33.070,ADA/USDT:USDT,0.8245,52823.0,0.8244,108601.0,0.8246,78417.0,0.8247,91729.0
1753504113220,04:28:33.220,ADA/USDT:USDT,0.8245,52823.0,0.8244,108601.0,0.8246,78417.0,0.8247,91729.0
1753504113370,04:28:33.370,ADA/USDT:USDT,0.8245,52823.0,0.8244,108601.0,0.8246,78417.0,0.8247,91729.0
1753504113520,04:28:33.520,ADA/USDT:USDT,0.8245,52823.0,0.8244,108601.0,0.8246,78417.0,0.8247,91729.0
1753504113670,04:28:33.670,ADA/USDT:USDT,0.8245,52823.0,0.8244,108601.0,0.8246,78417.0,0.8247,91729.0
1753504113820,04:28:33.820,ADA/USDT:USDT,0.8245,52823.0,0.8244,108601.0,0.8246,78417.0,0.8247,91729.0
1753504113971,04:28:33.971,ADA/USDT:USDT,0.8245,52823.0,0.8244,108601.0,0.8246,78417.0,0.8247,91729.0
1753504114121,04:28:34.121,ADA/USDT:USDT,0.8245,52823.0,0.8244,108601.0,0.8246,52917.0,0.8247,91729.0
1753504114271,04:28:34.271,ADA/USDT:USDT,0.8245,52823.0,0.8244,108601.0,0.8246,41908.0,0.8247,91729.0
1753504114421,04:28:34.421,ADA/USDT:USDT,0.8245,62323.0,0.8244,108601.0,0.8246,41908.0,0.8247,91729.0
1753504114571,04:28:34.571,ADA/USDT:USDT,0.8245,62323.0,0.8244,108601.0,0.8246,25345.0,0.8247,91729.0
1753504114721,04:28:34.721,ADA/USDT:USDT,0.8245,62323.0,0.8244,108601.0,0.8246,25345.0,0.8247,91729.0
1753504114871,04:28:34.871,ADA/USDT:USDT,0.8245,62323.0,0.8244,108601.0,0.8246,25345.0,0.8247,91729.0
1753504115021,04:28:35.021,ADA/USDT:USDT,0.8245,62323.0,0.8244,108601.0,0.8246,25345.0,0.8247,91729.0
1753504115171,04:28:35.171,ADA/USDT:USDT,0.8245,62323.0,0.8244,108601.0,0.8246,2460.0,0.8247,65206.0
1753504115321,04:28:35.321,ADA/USDT:USDT,0.8245,66323.0,0.8244,111017.0,0.8246,861.0,0.8247,61114.0
1753504115471,04:28:35.471,ADA/USDT:USDT,0.8245,66323.0,0.8244,111017.0,0.8246,2460.0,0.8247,77030.0
1753504115621,04:28:35.621,ADA/USDT:USDT,0.8245,66323.0,0.8244,114196.0,0.8246,2460.0,0.8247,77030.0
1753504115922,04:28:35.922,ADA/USDT:USDT,0.8245,66323.0,0.8244,114196.0,0.8246,861.0,0.8247,77030.0
1753504116072,04:28:36.072,ADA/USDT:USDT,0.8245,66323.0,0.8244,114196.0,0.8246,861.0,0.8247,77030.0
1753504116222,04:28:36.222,ADA/USDT:USDT,0.8245,66323.0,0.8244,114196.0,0.8246,861.0,0.8247,87649.0
1753504116372,04:28:36.372,ADA/USDT:USDT,0.8245,66323.0,0.8244,114196.0,0.8246,861.0,0.8247,87649.0
1753504116522,04:28:36.522,ADA/USDT:USDT,0.8245,66323.0,0.8244,114196.0,0.8246,861.0,0.8247,87649.0
1753504116672,04:28:36.672,ADA/USDT:USDT,0.8245,66323.0,0.8244,114196.0,0.8246,861.0,0.8247,87649.0
1753504116822,04:28:36.822,ADA/USDT:USDT,0.8245,66323.0,0.8244,114196.0,0.8246,861.0,0.8247,87649.0
1753504116972,04:28:36.972,ADA/USDT:USDT,0.8245,66323.0,0.8244,114196.0,0.8247,87649.0,0.8248,44709.0
1753504117122,04:28:37.122,ADA/USDT:USDT,0.8246,81489.0,0.8245,73426.0,0.8247,28070.0,0.8248,60625.0
1753504117273,04:28:37.273,ADA/USDT:USDT,0.8246,81489.0,0.8245,115890.0,0.8247,28070.0,0.8248,93667.0
1753504117423,04:28:37.423,ADA/USDT:USDT,0.8246,79698.0,0.8245,111890.0,0.8247,38070.0,0.8248,93667.0
1753504117572,04:28:37.572,ADA/USDT:USDT,0.8246,79698.0,0.8245,102522.0,0.8247,56273.0,0.8248,94249.0
1753504117723,04:28:37.723,ADA/USDT:USDT,0.8246,79698.0,0.8245,102522.0,0.8247,56273.0,0.8248,94249.0
1753504118023,04:28:38.023,ADA/USDT:USDT,0.8246,41696.0,0.8245,81022.0,0.8247,56273.0,0.8248,94855.0
1753504118173,04:28:38.173,ADA/USDT:USDT,0.8246,41696.0,0.8245,81022.0,0.8247,56273.0,0.8248,94855.0
1753504118323,04:28:38.323,ADA/USDT:USDT,0.8246,41696.0,0.8245,81022.0,0.8247,71773.0,0.8248,94855.0
1753504118473,04:28:38.473,ADA/USDT:USDT,0.8246,41696.0,0.8245,81022.0,0.8247,56273.0,0.8248,94855.0
1753504118623,04:28:38.623,ADA/USDT:USDT,0.8246,42519.0,0.8245,81845.0,0.8247,56273.0,0.8248,94855.0
1753504118773,04:28:38.773,ADA/USDT:USDT,0.8246,42519.0,0.8245,81845.0,0.8247,56273.0,0.8248,94855.0
1753504118923,04:28:38.923,ADA/USDT:USDT,0.8246,42519.0,0.8245,81845.0,0.8247,56273.0,0.8248,94855.0
1753504119074,04:28:39.074,ADA/USDT:USDT,0.8246,42519.0,0.8245,81845.0,0.8247,56273.0,0.8248,94855.0
1753504119224,04:28:39.224,ADA/USDT:USDT,0.8246,42519.0,0.8245,81845.0,0.8247,56273.0,0.8248,94855.0
1753504119374,04:28:39.374,ADA/USDT:USDT,0.8246,52019.0,0.8245,81845.0,0.8247,66273.0,0.8248,94855.0
1753504119524,04:28:39.524,ADA/USDT:USDT,0.8246,52019.0,0.8245,81845.0,0.8247,22367.0,0.8248,94855.0
1753504119674,04:28:39.674,ADA/USDT:USDT,0.8247,28883.0,0.8246,78342.0,0.8248,350.0,0.8249,46579.0
1753504119824,04:28:39.824,ADA/USDT:USDT,0.8247,71800.0,0.8246,86365.0,0.8249,106152.0,0.825,127664.0
1753504119974,04:28:39.974,ADA/USDT:USDT,0.8247,81587.0,0.8246,86365.0,0.8248,1474.0,0.8249,97295.0
1753504120124,04:28:40.124,ADA/USDT:USDT,0.8247,71640.0,0.8246,110864.0,0.8248,1474.0,0.8249,72620.0
1753504120274,04:28:40.274,ADA/USDT:USDT,0.8247,71640.0,0.8246,121480.0,0.8248,1474.0,0.8249,72620.0
1753504120424,04:28:40.424,ADA/USDT:USDT,0.8247,71640.0,0.8246,121480.0,0.8248,1474.0,0.8249,83236.0
1753504120574,04:28:40.574,ADA/USDT:USDT,0.8247,71640.0,0.8246,121480.0,0.8248,1474.0,0.8249,83236.0
1753504120724,04:28:40.724,ADA/USDT:USDT,0.8247,71640.0,0.8246,121480.0,0.8248,1474.0,0.8249,83236.0
1753504120875,04:28:40.875,ADA/USDT:USDT,0.8247,71640.0,0.8246,121480.0,0.8248,1474.0,0.8249,86813.0
1753504121025,04:28:41.025,ADA/USDT:USDT,0.8247,71640.0,0.8246,121480.0,0.8248,1474.0,0.8249,86813.0
1753504121175,04:28:41.175,ADA/USDT:USDT,0.8247,73239.0,0.8246,118301.0,0.8248,1474.0,0.8249,86813.0
1753504121325,04:28:41.325,ADA/USDT:USDT,0.8247,73239.0,0.8246,118301.0,0.8248,20396.0,0.8249,86813.0
1753504121475,04:28:41.475,ADA/USDT:USDT,0.8247,73239.0,0.8246,118301.0,0.8248,1124.0,0.8249,60282.0
1753504121625,04:28:41.625,ADA/USDT:USDT,0.8247,73239.0,0.8246,118301.0,0.8248,1124.0,0.8249,81464.0
1753504121775,04:28:41.775,ADA/USDT:USDT,0.8247,73239.0,0.8246,118301.0,0.8248,1124.0,0.8249,81464.0
1753504121925,04:28:41.925,ADA/USDT:USDT,0.8247,73239.0,0.8246,118301.0,0.8248,1124.0,0.8249,81464.0
1753504122075,04:28:42.075,ADA/USDT:USDT,0.8247,73239.0,0.8246,118301.0,0.8248,1124.0,0.8249,92080.0
1753504122225,04:28:42.225,ADA/USDT:USDT,0.8247,73239.0,0.8246,118301.0,0.8248,1124.0,0.8249,92080.0
1753504122376,04:28:42.376,ADA/USDT:USDT,0.8247,73239.0,0.8246,118301.0,0.8248,1124.0,0.8249,92080.0
1753504122526,04:28:42.526,ADA/USDT:USDT,0.8247,73239.0,0.8246,118301.0,0.8248,1124.0,0.8249,92080.0
1753504122676,04:28:42.676,ADA/USDT:USDT,0.8247,72735.0,0.8246,117797.0,0.8248,1124.0,0.8249,92080.0
1753504122826,04:28:42.826,ADA/USDT:USDT,0.8247,72735.0,0.8246,118301.0,0.8248,1124.0,0.8249,92080.0
1753504122976,04:28:42.976,ADA/USDT:USDT,0.8247,72735.0,0.8246,118301.0,0.8248,1124.0,0.8249,92080.0
1753504123126,04:28:43.126,ADA/USDT:USDT,0.8247,72735.0,0.8246,118301.0,0.8248,1124.0,0.8249,92080.0
1753504123276,04:28:43.276,ADA/USDT:USDT,0.8247,72735.0,0.8246,118301.0,0.8248,1124.0,0.8249,92080.0
1753504123426,04:28:43.426,ADA/USDT:USDT,0.8247,72735.0,0.8246,118301.0,0.8248,1124.0,0.8249,92080.0
1753504123576,04:28:43.576,ADA/USDT:USDT,0.8247,72735.0,0.8246,118301.0,0.8248,1947.0,0.8249,92080.0
1753504123726,04:28:43.726,ADA/USDT:USDT,0.8247,47235.0,0.8246,108297.0,0.8248,22099.0,0.8249,91022.0
1753504123876,04:28:43.876,ADA/USDT:USDT,0.8247,47235.0,0.8246,108297.0,0.8248,22099.0,0.8249,57982.0
1753504124026,04:28:44.026,ADA/USDT:USDT,0.8247,47235.0,0.8246,108297.0,0.8248,22099.0,0.8249,57982.0
1753504124177,04:28:44.177,ADA/USDT:USDT,0.8247,47235.0,0.8246,108297.0,0.8248,21276.0,0.8249,57982.0
1753504124327,04:28:44.327,ADA/USDT:USDT,0.8247,47235.0,0.8246,108297.0,0.8248,46776.0,0.8249,57982.0
1753504124477,04:28:44.477,ADA/USDT:USDT,0.8247,47235.0,0.8246,108297.0,0.8248,46776.0,0.8249,57982.0
1753504124627,04:28:44.627,ADA/USDT:USDT,0.8247,16563.0,0.8246,35393.0,0.8248,67983.0,0.8249,58103.0
1753504124777,04:28:44.777,ADA/USDT:USDT,0.8247,16563.0,0.8246,72822.0,0.8248,67983.0,0.8249,63726.0
1753504124927,04:28:44.927,ADA/USDT:USDT,0.8247,16563.0,0.8246,44192.0,0.8248,67983.0,0.8249,63726.0
1753504125227,04:28:45.227,ADA/USDT:USDT,0.8247,16563.0,0.8246,53551.0,0.8248,67983.0,0.8249,63726.0
1753504125377,04:28:45.377,ADA/USDT:USDT,0.8247,16563.0,0.8246,69474.0,0.8248,67983.0,0.8249,63726.0
1753504125527,04:28:45.527,ADA/USDT:USDT,0.8247,16563.0,0.8246,69474.0,0.8248,67983.0,0.8249,63726.0
1753504125677,04:28:45.677,ADA/USDT:USDT,0.8247,18162.0,0.8246,69474.0,0.8248,67983.0,0.8249,63144.0
1753504125828,04:28:45.828,ADA/USDT:USDT,0.8247,18512.0,0.8246,69474.0,0.8248,101018.0,0.8249,63144.0
1753504125978,04:28:45.978,ADA/USDT:USDT,0.8247,18512.0,0.8246,69474.0,0.8248,101018.0,0.8249,63144.0
1753504126128,04:28:46.128,ADA/USDT:USDT,0.8247,18512.0,0.8246,53551.0,0.8248,101018.0,0.8249,63726.0
1753504126278,04:28:46.278,ADA/USDT:USDT,0.8247,18512.0,0.8246,53551.0,0.8248,101018.0,0.8249,63726.0
1753504126428,04:28:46.428,ADA/USDT:USDT,0.8247,18512.0,0.8246,53551.0,0.8248,101018.0,0.8249,63726.0
1753504126578,04:28:46.578,ADA/USDT:USDT,0.8247,17736.0,0.8246,53551.0,0.8248,101018.0,0.8249,63726.0
1753504126728,04:28:46.728,ADA/USDT:USDT,0.8247,17736.0,0.8246,53551.0,0.8248,101018.0,0.8249,63726.0
1753504126878,04:28:46.878,ADA/USDT:USDT,0.8247,17736.0,0.8246,69472.0,0.8248,100971.0,0.8249,63144.0
1753504127028,04:28:47.028,ADA/USDT:USDT,0.8247,34674.0,0.8246,75120.0,0.8248,47552.0,0.8249,66346.0
1753504127178,04:28:47.178,ADA/USDT:USDT,0.8247,45174.0,0.8246,75120.0,0.8248,47552.0,0.8249,82262.0
1753504127329,04:28:47.329,ADA/USDT:USDT,0.8247,45174.0,0.8246,75120.0,0.8248,47552.0,0.8249,81657.0
1753504127479,04:28:47.479,ADA/USDT:USDT,0.8247,34674.0,0.8246,85615.0,0.8248,47552.0,0.8249,92273.0
1753504127629,04:28:47.629,ADA/USDT:USDT,0.8247,33851.0,0.8246,85254.0,0.8248,47552.0,0.8249,93460.0
1753504127779,04:28:47.779,ADA/USDT:USDT,0.8247,33851.0,0.8246,85254.0,0.8248,47552.0,0.8249,93460.0
1753504127929,04:28:47.929,ADA/USDT:USDT,0.8247,32252.0,0.8246,85254.0,0.8248,47552.0,0.8249,93460.0
1753504128079,04:28:48.079,ADA/USDT:USDT,0.8247,32252.0,0.8246,85736.0,0.8248,62891.0,0.8249,93460.0
1753504128229,04:28:48.229,ADA/USDT:USDT,0.8247,33851.0,0.8246,85736.0,0.8248,62891.0,0.8249,93460.0
1753504128379,04:28:48.379,ADA/USDT:USDT,0.8247,33851.0,0.8246,85736.0,0.8248,62891.0,0.8249,93460.0
1753504128529,04:28:48.529,ADA/USDT:USDT,0.8247,33851.0,0.8246,85736.0,0.8248,62891.0,0.8249,93460.0
1753504128679,04:28:48.679,ADA/USDT:USDT,0.8247,32252.0,0.8246,85736.0,0.8248,62891.0,0.8249,93460.0
1753504128829,04:28:48.829,ADA/USDT:USDT,0.8247,31902.0,0.8246,85254.0,0.8248,62891.0,0.8249,93460.0
1753504128979,04:28:48.979,ADA/USDT:USDT,0.8247,31902.0,0.8246,85254.0,0.8248,62891.0,0.8249,93460.0
1753504129129,04:28:49.129,ADA/USDT:USDT,0.8247,31902.0,0.8246,85254.0,0.8248,62891.0,0.8249,93459.0
1753504129280,04:28:49.280,ADA/USDT:USDT,0.8247,31902.0,0.8246,85254.0,0.8248,62891.0,0.8249,93459.0
1753504129430,04:28:49.430,ADA/USDT:USDT,0.8247,31902.0,0.8246,85254.0,0.8248,62891.0,0.8249,93459.0
1753504129580,04:28:49.580,ADA/USDT:USDT,0.8247,33501.0,0.8246,85736.0,0.8248,62891.0,0.8249,93459.0
1753504129730,04:28:49.730,ADA/USDT:USDT,0.8247,33501.0,0.8246,85736.0,0.8248,62891.0,0.8249,93459.0
1753504129880,04:28:49.880,ADA/USDT:USDT,0.8247,34344.0,0.8246,85736.0,0.8248,62891.0,0.8249,93459.0
1753504130030,04:28:50.030,ADA/USDT:USDT,0.8247,34694.0,0.8246,85736.0,0.8248,62891.0,0.8249,92877.0
1753504130180,04:28:50.180,ADA/USDT:USDT,0.8247,34694.0,0.8246,85736.0,0.8248,37391.0,0.8249,92877.0
1753504130330,04:28:50.330,ADA/USDT:USDT,0.8247,60194.0,0.8246,85736.0,0.8248,37892.0,0.8249,92272.0
1753504130480,04:28:50.480,ADA/USDT:USDT,0.8247,60194.0,0.8246,85736.0,0.8248,37892.0,0.8249,92272.0
1753504130630,04:28:50.630,ADA/USDT:USDT,0.8247,60194.0,0.8246,85736.0,0.8248,37391.0,0.8249,92272.0
1753504130780,04:28:50.780,ADA/USDT:USDT,0.8247,60194.0,0.8246,85736.0,0.8248,37391.0,0.8249,92272.0
1753504130931,04:28:50.931,ADA/USDT:USDT,0.8247,60194.0,0.8246,85736.0,0.8248,37391.0,0.8249,65740.0
1753504131081,04:28:51.081,ADA/USDT:USDT,0.8247,60194.0,0.8246,85736.0,0.8248,37391.0,0.8249,65740.0
1753504131231,04:28:51.231,ADA/USDT:USDT,0.8247,60194.0,0.8246,85736.0,0.8248,45391.0,0.8249,81659.0
1753504131381,04:28:51.381,ADA/USDT:USDT,0.8247,60194.0,0.8246,85736.0,0.8248,35792.0,0.8249,65740.0
1753504131531,04:28:51.531,ADA/USDT:USDT,0.8247,60194.0,0.8246,85736.0,0.8248,18056.0,0.8249,65740.0
1753504131681,04:28:51.681,ADA/USDT:USDT,0.8247,60194.0,0.8246,85736.0,0.8248,18056.0,0.8249,81661.0
1753504131831,04:28:51.831,ADA/USDT:USDT,0.8247,60194.0,0.8246,85736.0,0.8248,18015.0,0.8249,81661.0
1753504131981,04:28:51.981,ADA/USDT:USDT,0.8247,60194.0,0.8246,85736.0,0.8248,2676.0,0.8249,81661.0
1753504132131,04:28:52.131,ADA/USDT:USDT,0.8247,60194.0,0.8246,85736.0,0.8248,2676.0,0.8249,81661.0
1753504132281,04:28:52.281,ADA/USDT:USDT,0.8247,60194.0,0.8246,85736.0,0.8248,3026.0,0.8249,81661.0
1753504132431,04:28:52.431,ADA/USDT:USDT,0.8247,60194.0,0.8246,85736.0,0.8248,1077.0,0.8249,81661.0
1753504132582,04:28:52.582,ADA/USDT:USDT,0.8247,60194.0,0.8246,85736.0,0.8248,1077.0,0.8249,81661.0
1753504132732,04:28:52.732,ADA/USDT:USDT,0.8247,60194.0,0.8246,85736.0,0.8248,2676.0,0.8249,81661.0
1753504132882,04:28:52.882,ADA/USDT:USDT,0.8247,60194.0,0.8246,85736.0,0.8248,3519.0,0.8249,81661.0
1753504133032,04:28:53.032,ADA/USDT:USDT,0.8247,60194.0,0.8246,85736.0,0.8248,3519.0,0.8249,81661.0
1753504133182,04:28:53.182,ADA/USDT:USDT,0.8247,60194.0,0.8246,85736.0,0.8248,22077.0,0.8249,92277.0
1753504133332,04:28:53.332,ADA/USDT:USDT,0.8247,60194.0,0.8246,85736.0,0.8248,2676.0,0.8249,92277.0
1753504133482,04:28:53.482,ADA/USDT:USDT,0.8247,60194.0,0.8246,85736.0,0.8248,3026.0,0.8249,92277.0
1753504133632,04:28:53.632,ADA/USDT:USDT,0.8247,60194.0,0.8246,85736.0,0.8248,3026.0,0.8249,92277.0
1753504133782,04:28:53.782,ADA/USDT:USDT,0.8247,60194.0,0.8246,85736.0,0.8248,3026.0,0.8249,92277.0
1753504133932,04:28:53.932,ADA/USDT:USDT,0.8247,60194.0,0.8246,85736.0,0.8248,3026.0,0.8249,92277.0
1753504134082,04:28:54.082,ADA/USDT:USDT,0.8247,60194.0,0.8246,85736.0,0.8248,3026.0,0.8249,92277.0
1753504134232,04:28:54.232,ADA/USDT:USDT,0.8247,60194.0,0.8246,85736.0,0.8248,15526.0,0.8249,92277.0
1753504134383,04:28:54.383,ADA/USDT:USDT,0.8247,60194.0,0.8246,85736.0,0.8248,16369.0,0.8249,59245.0
1753504134533,04:28:54.533,ADA/USDT:USDT,0.8247,60194.0,0.8246,85736.0,0.8248,1427.0,0.8249,59245.0
1753504134683,04:28:54.683,ADA/USDT:USDT,0.8247,60194.0,0.8246,85736.0,0.8248,3026.0,0.8249,59245.0
1753504134833,04:28:54.833,ADA/USDT:USDT,0.8247,60194.0,0.8246,85736.0,0.8248,3026.0,0.8249,59245.0
1753504134983,04:28:54.983,ADA/USDT:USDT,0.8247,60194.0,0.8246,85736.0,0.8248,3026.0,0.8249,59245.0
1753504135133,04:28:55.133,ADA/USDT:USDT,0.8247,60194.0,0.8246,85736.0,0.8248,19526.0,0.8249,59245.0
1753504135433,04:28:55.433,ADA/USDT:USDT,0.8247,60194.0,0.8246,85254.0,0.8248,23532.0,0.8249,59827.0
1753504135583,04:28:55.583,ADA/USDT:USDT,0.8247,34694.0,0.8246,85254.0,0.8248,38178.0,0.8249,59827.0
1753504135733,04:28:55.733,ADA/USDT:USDT,0.8247,34694.0,0.8246,85254.0,0.8248,38178.0,0.8249,59827.0
1753504135883,04:28:55.883,ADA/USDT:USDT,0.8247,34694.0,0.8246,85736.0,0.8248,38178.0,0.8249,59827.0
1753504136034,04:28:56.034,ADA/USDT:USDT,0.8247,34694.0,0.8246,85736.0,0.8248,38178.0,0.8249,59827.0
1753504136184,04:28:56.184,ADA/USDT:USDT,0.8247,60194.0,0.8246,85736.0,0.8248,38178.0,0.8249,59827.0
1753504136334,04:28:56.334,ADA/USDT:USDT,0.8247,60194.0,0.8246,85736.0,0.8248,38178.0,0.8249,59827.0
1753504136484,04:28:56.484,ADA/USDT:USDT,0.8247,60194.0,0.8246,85736.0,0.8248,38178.0,0.8249,59827.0
1753504136634,04:28:56.634,ADA/USDT:USDT,0.8247,60194.0,0.8246,85736.0,0.8248,38178.0,0.8249,59827.0
1753504136784,04:28:56.784,ADA/USDT:USDT,0.8247,60194.0,0.8246,85736.0,0.8248,38178.0,0.8249,59827.0
1753504136934,04:28:56.934,ADA/USDT:USDT,0.8247,60194.0,0.8246,85736.0,0.8248,38178.0,0.8249,59827.0
1753504137084,04:28:57.084,ADA/USDT:USDT,0.8247,60194.0,0.8246,85736.0,0.8248,38178.0,0.8249,59827.0
1753504137234,04:28:57.234,ADA/USDT:USDT,0.8247,60194.0,0.8246,85736.0,0.8248,46678.0,0.8249,59827.0
1753504137384,04:28:57.384,ADA/USDT:USDT,0.8247,60194.0,0.8246,85736.0,0.8248,46678.0,0.8249,59827.0
1753504137534,04:28:57.534,ADA/USDT:USDT,0.8247,60194.0,0.8246,85736.0,0.8248,46678.0,0.8249,59827.0
1753504137685,04:28:57.685,ADA/USDT:USDT,0.8247,60194.0,0.8246,85736.0,0.8248,46678.0,0.8249,59827.0
1753504137835,04:28:57.835,ADA/USDT:USDT,0.8247,60194.0,0.8246,85736.0,0.8248,46678.0,0.8249,59827.0
1753504137985,04:28:57.985,ADA/USDT:USDT,0.8247,60194.0,0.8246,85736.0,0.8248,46678.0,0.8249,59827.0
1753504138135,04:28:58.135,ADA/USDT:USDT,0.8247,60194.0,0.8246,85736.0,0.8248,38178.0,0.8249,59827.0
1753504138285,04:28:58.285,ADA/USDT:USDT,0.8247,60194.0,0.8246,85736.0,0.8248,38178.0,0.8249,59827.0
1753504138435,04:28:58.435,ADA/USDT:USDT,0.8247,60194.0,0.8246,85736.0,0.8248,38178.0,0.8249,59827.0
1753504138585,04:28:58.585,ADA/USDT:USDT,0.8247,60194.0,0.8246,85736.0,0.8248,38178.0,0.8249,59827.0
1753504138735,04:28:58.735,ADA/USDT:USDT,0.8247,60194.0,0.8246,85736.0,0.8248,38178.0,0.8249,59827.0
1753504138885,04:28:58.885,ADA/USDT:USDT,0.8247,60194.0,0.8246,85736.0,0.8248,38178.0,0.8249,59827.0
1753504139185,04:28:59.185,ADA/USDT:USDT,0.8247,60194.0,0.8246,85736.0,0.8248,44880.0,0.8249,59827.0
1753504139336,04:28:59.336,ADA/USDT:USDT,0.8247,60194.0,0.8246,85736.0,0.8248,35880.0,0.8249,59827.0
1753504139486,04:28:59.486,ADA/USDT:USDT,0.8247,60194.0,0.8246,85736.0,0.8248,18537.0,0.8249,59245.0
1753504139636,04:28:59.636,ADA/USDT:USDT,0.8247,60194.0,0.8246,85736.0,0.8248,4666.0,0.8249,59245.0
1753504139786,04:28:59.786,ADA/USDT:USDT,0.8247,60194.0,0.8246,85736.0,0.8248,4666.0,0.8249,59245.0
1753504139936,04:28:59.936,ADA/USDT:USDT,0.8247,60194.0,0.8246,85736.0,0.8248,4316.0,0.8249,59245.0
1753504140086,04:29:00.086,ADA/USDT:USDT,0.8247,60194.0,0.8246,85736.0,0.8248,3239.0,0.8249,59245.0
1753504140236,04:29:00.236,ADA/USDT:USDT,0.8247,60194.0,0.8246,85736.0,0.8248,3239.0,0.8249,59245.0
1753504140386,04:29:00.386,ADA/USDT:USDT,0.8247,60194.0,0.8246,85736.0,0.8248,3239.0,0.8249,59245.0
1753504140536,04:29:00.536,ADA/USDT:USDT,0.8247,60194.0,0.8246,85736.0,0.8248,3239.0,0.8249,59245.0
1753504140686,04:29:00.686,ADA/USDT:USDT,0.8247,60194.0,0.8246,85736.0,0.8248,4055.0,0.8249,59245.0
1753504140986,04:29:00.986,ADA/USDT:USDT,0.8247,60194.0,0.8246,85736.0,0.8249,59245.0,0.825,102744.0
1753504141137,04:29:01.137,ADA/USDT:USDT,0.8248,8449.0,0.8247,80062.0,0.8249,77218.0,0.825,122453.0
1753504141287,04:29:01.287,ADA/USDT:USDT,0.8248,18169.0,0.8247,111939.0,0.8249,88515.0,0.825,123035.0
1753504141437,04:29:01.437,ADA/USDT:USDT,0.8248,18169.0,0.8247,111939.0,0.8249,88515.0,0.825,123035.0
1753504141587,04:29:01.587,ADA/USDT:USDT,0.8248,18169.0,0.8247,101561.0,0.8249,88515.0,0.825,123035.0
1753504141887,04:29:01.887,ADA/USDT:USDT,0.8248,18169.0,0.8247,101561.0,0.8249,88515.0,0.825,123035.0
1753504142037,04:29:02.037,ADA/USDT:USDT,0.8248,18169.0,0.8247,101561.0,0.8249,88515.0,0.825,123035.0
1753504142187,04:29:02.187,ADA/USDT:USDT,0.8248,27710.0,0.8247,84998.0,0.8249,121541.0,0.825,86832.0
1753504142487,04:29:02.487,ADA/USDT:USDT,0.8248,19145.0,0.8247,94437.0,0.8249,121541.0,0.825,59930.0
1753504142637,04:29:02.637,ADA/USDT:USDT,0.8248,19145.0,0.8247,94437.0,0.8249,121541.0,0.825,59930.0
1753504142788,04:29:02.788,ADA/USDT:USDT,0.8248,19961.0,0.8247,94437.0,0.8249,121541.0,0.825,59930.0
1753504142938,04:29:02.938,ADA/USDT:USDT,0.8248,16684.0,0.8247,53001.0,0.8249,121541.0,0.825,59930.0
1753504143088,04:29:03.088,ADA/USDT:USDT,0.8248,121.0,0.8247,37060.0,0.8249,122146.0,0.825,59325.0
1753504143238,04:29:03.238,ADA/USDT:USDT,0.8247,85238.0,0.8246,108593.0,0.8249,122146.0,0.825,62498.0
1753504143388,04:29:03.388,ADA/USDT:USDT,0.8247,43561.0,0.8246,75567.0,0.8248,64061.0,0.8249,125807.0
1753504143538,04:29:03.538,ADA/USDT:USDT,0.8247,60124.0,0.8246,83808.0,0.8248,64061.0,0.8249,137028.0
1753504143688,04:29:03.688,ADA/USDT:USDT,0.8247,56378.0,0.8246,84290.0,0.8248,64061.0,0.8249,131644.0
1753504143838,04:29:03.838,ADA/USDT:USDT,0.8247,56378.0,0.8246,84290.0,0.8248,64061.0,0.8249,131644.0
1753504143988,04:29:03.988,ADA/USDT:USDT,0.8247,56378.0,0.8246,83808.0,0.8248,64061.0,0.8249,131644.0
1753504144138,04:29:04.138,ADA/USDT:USDT,0.8247,56378.0,0.8246,84290.0,0.8248,63245.0,0.8249,131644.0
1753504144288,04:29:04.288,ADA/USDT:USDT,0.8247,40438.0,0.8246,84290.0,0.8248,79808.0,0.8249,118254.0
1753504144438,04:29:04.438,ADA/USDT:USDT,0.8247,43268.0,0.8246,84290.0,0.8248,77233.0,0.8249,118254.0
