timestamp,time,symbol,bid1_price,bid1_volume,bid2_price,bid2_volume,ask1_price,ask1_volume,ask2_price,ask2_volume
1753503734295,04:22:14.295,ALGO/USDT:USDT,0.2701,7725.1,0.27,40126.9,0.2702,26638.2,0.2703,192644.0
1753503734445,04:22:14.445,ALGO/USDT:USDT,0.2701,7725.1,0.27,40126.9,0.2702,26638.2,0.2703,192644.0
1753503734746,04:22:14.746,ALGO/USDT:USDT,0.27,40126.9,0.2699,25991.0,0.2701,2963.2,0.2702,27389.6
1753503734896,04:22:14.896,ALGO/USDT:USDT,0.27,22961.6,0.2699,43155.1,0.2701,22065.2,0.2702,47507.2
1753503735046,04:22:15.046,ALGO/USDT:USDT,0.27,22961.6,0.2699,43155.1,0.2701,22065.2,0.2702,47507.2
1753503735196,04:22:15.196,ALGO/USDT:USDT,0.27,22961.6,0.2699,43155.1,0.2701,22065.2,0.2702,47507.2
1753503735346,04:22:15.346,ALGO/USDT:USDT,0.27,22961.6,0.2699,43155.1,0.2701,22065.2,0.2702,47507.2
1753503735796,04:22:15.796,ALGO/USDT:USDT,0.27,22961.6,0.2699,43155.1,0.2701,22065.2,0.2702,47507.2
1753503736096,04:22:16.096,ALGO/USDT:USDT,0.27,22961.6,0.2699,43155.1,0.2701,22065.2,0.2702,47507.2
1753503736246,04:22:16.246,ALGO/USDT:USDT,0.27,22961.6,0.2699,43155.1,0.2701,22065.2,0.2702,47507.2
1753503736397,04:22:16.397,ALGO/USDT:USDT,0.27,22961.6,0.2699,43155.1,0.2701,22065.2,0.2702,47507.2
1753503736397,04:22:16.397,ALGO/USDT:USDT,0.27,22961.6,0.2699,43155.1,0.2701,22065.2,0.2702,47507.2
1753503736547,04:22:16.547,ALGO/USDT:USDT,0.27,22961.6,0.2699,43155.1,0.2701,22065.2,0.2702,47507.2
1753503736697,04:22:16.697,ALGO/USDT:USDT,0.27,22961.6,0.2699,43155.1,0.2701,22065.2,0.2702,47507.2
1753503736697,04:22:16.697,ALGO/USDT:USDT,0.27,22961.6,0.2699,43155.1,0.2701,22065.2,0.2702,47507.2
1753503736847,04:22:16.847,ALGO/USDT:USDT,0.27,22961.6,0.2699,43155.1,0.2701,22065.2,0.2702,47507.2
1753503736847,04:22:16.847,ALGO/USDT:USDT,0.27,22961.6,0.2699,43155.1,0.2701,22065.2,0.2702,47507.2
1753503737147,04:22:17.147,ALGO/USDT:USDT,0.27,23713.0,0.2699,43155.1,0.2701,22065.2,0.2702,47507.2
1753503737147,04:22:17.147,ALGO/USDT:USDT,0.27,23713.0,0.2699,43155.1,0.2701,22065.2,0.2702,47507.2
1753503737297,04:22:17.297,ALGO/USDT:USDT,0.27,23713.0,0.2699,43155.1,0.2701,22065.2,0.2702,47507.2
1753503737297,04:22:17.297,ALGO/USDT:USDT,0.27,23713.0,0.2699,43155.1,0.2701,22065.2,0.2702,47507.2
1753503737447,04:22:17.447,ALGO/USDT:USDT,0.27,22961.6,0.2699,43155.1,0.2701,22065.2,0.2702,47507.2
1753503737597,04:22:17.597,ALGO/USDT:USDT,0.27,22961.6,0.2699,43155.1,0.2701,22065.2,0.2702,47507.2
1753503737747,04:22:17.747,ALGO/USDT:USDT,0.27,22961.6,0.2699,43155.1,0.2701,22065.2,0.2702,47507.2
1753503737747,04:22:17.747,ALGO/USDT:USDT,0.27,22961.6,0.2699,43155.1,0.2701,22065.2,0.2702,47507.2
1753503737898,04:22:17.898,ALGO/USDT:USDT,0.27,23713.0,0.2699,43155.1,0.2701,22065.2,0.2702,47507.2
1753503737898,04:22:17.898,ALGO/USDT:USDT,0.27,23713.0,0.2699,43155.1,0.2701,22065.2,0.2702,47507.2
1753503738048,04:22:18.048,ALGO/USDT:USDT,0.27,22961.6,0.2699,43155.1,0.2701,22065.2,0.2702,47507.2
1753503738198,04:22:18.198,ALGO/USDT:USDT,0.27,22961.6,0.2699,43155.1,0.2701,22065.2,0.2702,47507.2
1753503738198,04:22:18.198,ALGO/USDT:USDT,0.27,22961.6,0.2699,43155.1,0.2701,22065.2,0.2702,47507.2
1753503738348,04:22:18.348,ALGO/USDT:USDT,0.27,22961.6,0.2699,43155.1,0.2701,22065.2,0.2702,47507.2
1753503738648,04:22:18.648,ALGO/USDT:USDT,0.27,22961.6,0.2699,43155.1,0.2701,22065.2,0.2702,47507.2
1753503738648,04:22:18.648,ALGO/USDT:USDT,0.27,22961.6,0.2699,43155.1,0.2701,22065.2,0.2702,47507.2
1753503738948,04:22:18.948,ALGO/USDT:USDT,0.27,22961.6,0.2699,43155.1,0.2701,22065.2,0.2702,47507.2
1753503739248,04:22:19.248,ALGO/USDT:USDT,0.27,22961.6,0.2699,43155.1,0.2701,22065.2,0.2702,47507.2
1753503739248,04:22:19.248,ALGO/USDT:USDT,0.27,22961.6,0.2699,43155.1,0.2701,22065.2,0.2702,47507.2
1753503739398,04:22:19.398,ALGO/USDT:USDT,0.27,22961.6,0.2699,43155.1,0.2701,22065.2,0.2702,47507.2
1753503739699,04:22:19.699,ALGO/USDT:USDT,0.27,22961.6,0.2699,43155.1,0.2701,8065.2,0.2702,47507.2
1753503739699,04:22:19.699,ALGO/USDT:USDT,0.27,22961.6,0.2699,43155.1,0.2701,8065.2,0.2702,47507.2
1753503739999,04:22:19.999,ALGO/USDT:USDT,0.27,23713.0,0.2699,43155.1,0.2701,19065.2,0.2702,47507.2
1753503740149,04:22:20.149,ALGO/USDT:USDT,0.27,22961.6,0.2699,43155.1,0.2701,19065.2,0.2702,47507.2
1753503740149,04:22:20.149,ALGO/USDT:USDT,0.27,22961.6,0.2699,43155.1,0.2701,19065.2,0.2702,47507.2
1753503740299,04:22:20.299,ALGO/USDT:USDT,0.27,22961.6,0.2699,43155.1,0.2701,19065.2,0.2702,47507.2
1753503740449,04:22:20.449,ALGO/USDT:USDT,0.27,22961.6,0.2699,43155.1,0.2701,19065.2,0.2702,47507.2
1753503740449,04:22:20.449,ALGO/USDT:USDT,0.27,22961.6,0.2699,43155.1,0.2701,19065.2,0.2702,47507.2
1753503740599,04:22:20.599,ALGO/USDT:USDT,0.27,23713.0,0.2699,43155.1,0.2701,19065.2,0.2702,47507.2
1753503740599,04:22:20.599,ALGO/USDT:USDT,0.27,23713.0,0.2699,43155.1,0.2701,19065.2,0.2702,47507.2
1753503740749,04:22:20.749,ALGO/USDT:USDT,0.27,23713.0,0.2699,43155.1,0.2701,19065.2,0.2702,47507.2
1753503741050,04:22:21.050,ALGO/USDT:USDT,0.27,22961.6,0.2699,43155.1,0.2701,19065.2,0.2702,47507.2
1753503741200,04:22:21.200,ALGO/USDT:USDT,0.27,22961.6,0.2699,43155.1,0.2701,19065.2,0.2702,47507.2
1753503741200,04:22:21.200,ALGO/USDT:USDT,0.27,22961.6,0.2699,43155.1,0.2701,19065.2,0.2702,47507.2
1753503741350,04:22:21.350,ALGO/USDT:USDT,0.27,22961.6,0.2699,43155.1,0.2701,19065.2,0.2702,47507.2
1753503741350,04:22:21.350,ALGO/USDT:USDT,0.27,22961.6,0.2699,43155.1,0.2701,19065.2,0.2702,47507.2
1753503741500,04:22:21.500,ALGO/USDT:USDT,0.27,22961.6,0.2699,43155.1,0.2701,19065.2,0.2702,47507.2
1753503741650,04:22:21.650,ALGO/USDT:USDT,0.27,22961.6,0.2699,43155.1,0.2701,19065.2,0.2702,47507.2
1753503741650,04:22:21.650,ALGO/USDT:USDT,0.27,22961.6,0.2699,43155.1,0.2701,19065.2,0.2702,47507.2
1753503741800,04:22:21.800,ALGO/USDT:USDT,0.27,22961.6,0.2699,43155.1,0.2701,19065.2,0.2702,47507.2
1753503741950,04:22:21.950,ALGO/USDT:USDT,0.27,22961.6,0.2699,43155.1,0.2701,19065.2,0.2702,47507.2
1753503741950,04:22:21.950,ALGO/USDT:USDT,0.27,22961.6,0.2699,43155.1,0.2701,19065.2,0.2702,47507.2
1753503742100,04:22:22.100,ALGO/USDT:USDT,0.27,22961.6,0.2699,43155.1,0.2701,19065.2,0.2702,47507.2
1753503742100,04:22:22.100,ALGO/USDT:USDT,0.27,22961.6,0.2699,43155.1,0.2701,19065.2,0.2702,47507.2
1753503742250,04:22:22.250,ALGO/USDT:USDT,0.27,22961.6,0.2699,43155.1,0.2701,19065.2,0.2702,47507.2
1753503742250,04:22:22.250,ALGO/USDT:USDT,0.27,22961.6,0.2699,43155.1,0.2701,19065.2,0.2702,47507.2
1753503742400,04:22:22.400,ALGO/USDT:USDT,0.27,22961.6,0.2699,43155.1,0.2701,19065.2,0.2702,47507.2
1753503742400,04:22:22.400,ALGO/USDT:USDT,0.27,22961.6,0.2699,43155.1,0.2701,19065.2,0.2702,47507.2
1753503742550,04:22:22.550,ALGO/USDT:USDT,0.27,22961.6,0.2699,43155.1,0.2701,19065.2,0.2702,47507.2
1753503742701,04:22:22.701,ALGO/USDT:USDT,0.27,22961.6,0.2699,43155.1,0.2701,19065.2,0.2702,47507.2
1753503742701,04:22:22.701,ALGO/USDT:USDT,0.27,22961.6,0.2699,43155.1,0.2701,19065.2,0.2702,47507.2
1753503742851,04:22:22.851,ALGO/USDT:USDT,0.27,22961.6,0.2699,43155.1,0.2701,19065.2,0.2702,47507.2
1753503742851,04:22:22.851,ALGO/USDT:USDT,0.27,22961.6,0.2699,43155.1,0.2701,19065.2,0.2702,47507.2
1753503743001,04:22:23.001,ALGO/USDT:USDT,0.27,22961.6,0.2699,43155.1,0.2701,19065.2,0.2702,47507.2
1753503743001,04:22:23.001,ALGO/USDT:USDT,0.27,22961.6,0.2699,43155.1,0.2701,19065.2,0.2702,47507.2
1753503743151,04:22:23.151,ALGO/USDT:USDT,0.27,22961.6,0.2699,42400.1,0.2701,8065.2,0.2702,47507.2
1753503743151,04:22:23.151,ALGO/USDT:USDT,0.27,22961.6,0.2699,42400.1,0.2701,8065.2,0.2702,47507.2
1753503743301,04:22:23.301,ALGO/USDT:USDT,0.27,23713.0,0.2699,42400.1,0.2701,8065.2,0.2702,47507.2
1753503743301,04:22:23.301,ALGO/USDT:USDT,0.27,23713.0,0.2699,42400.1,0.2701,8065.2,0.2702,47507.2
1753503743451,04:22:23.451,ALGO/USDT:USDT,0.27,23713.0,0.2699,42400.1,0.2701,8065.2,0.2702,47507.2
1753503743601,04:22:23.601,ALGO/USDT:USDT,0.27,23713.0,0.2699,42400.1,0.2701,8065.2,0.2702,47507.2
1753503743601,04:22:23.601,ALGO/USDT:USDT,0.27,23713.0,0.2699,42400.1,0.2701,8065.2,0.2702,47507.2
1753503743751,04:22:23.751,ALGO/USDT:USDT,0.27,23713.0,0.2699,42400.1,0.2701,8065.2,0.2702,47507.2
1753503743751,04:22:23.751,ALGO/USDT:USDT,0.27,23713.0,0.2699,42400.1,0.2701,8065.2,0.2702,47507.2
1753503743901,04:22:23.901,ALGO/USDT:USDT,0.27,23713.0,0.2699,42400.1,0.2701,8065.2,0.2702,47507.2
1753503743901,04:22:23.901,ALGO/USDT:USDT,0.27,23713.0,0.2699,42400.1,0.2701,8065.2,0.2702,47507.2
1753503744051,04:22:24.051,ALGO/USDT:USDT,0.27,23713.0,0.2699,42400.1,0.2701,8065.2,0.2702,47507.2
1753503744051,04:22:24.051,ALGO/USDT:USDT,0.27,23713.0,0.2699,42400.1,0.2701,8065.2,0.2702,47507.2
1753503744202,04:22:24.202,ALGO/USDT:USDT,0.27,23713.0,0.2699,42400.1,0.2701,8065.2,0.2702,47507.2
1753503744351,04:22:24.351,ALGO/USDT:USDT,0.27,23713.0,0.2699,42400.1,0.2701,8065.2,0.2702,47507.2
1753503744502,04:22:24.502,ALGO/USDT:USDT,0.27,22961.6,0.2699,42400.1,0.2701,8065.2,0.2702,47507.2
1753503744502,04:22:24.502,ALGO/USDT:USDT,0.27,22961.6,0.2699,42400.1,0.2701,8065.2,0.2702,47507.2
1753503744652,04:22:24.652,ALGO/USDT:USDT,0.27,22961.6,0.2699,42400.1,0.2701,8065.2,0.2702,47507.2
1753503744652,04:22:24.652,ALGO/USDT:USDT,0.27,22961.6,0.2699,42400.1,0.2701,8065.2,0.2702,47507.2
1753503744802,04:22:24.802,ALGO/USDT:USDT,0.27,22961.6,0.2699,42400.1,0.2701,8065.2,0.2702,47507.2
1753503744802,04:22:24.802,ALGO/USDT:USDT,0.27,22961.6,0.2699,42400.1,0.2701,8065.2,0.2702,47507.2
1753503744952,04:22:24.952,ALGO/USDT:USDT,0.27,22961.6,0.2699,42400.1,0.2701,8065.2,0.2702,47507.2
1753503745402,04:22:25.402,ALGO/USDT:USDT,0.27,22961.6,0.2699,42400.1,0.2701,8065.2,0.2702,47507.2
1753503745402,04:22:25.402,ALGO/USDT:USDT,0.27,22961.6,0.2699,42400.1,0.2701,8065.2,0.2702,47507.2
1753503745552,04:22:25.552,ALGO/USDT:USDT,0.27,22961.6,0.2699,42400.1,0.2701,8065.2,0.2702,47507.2
1753503745702,04:22:25.702,ALGO/USDT:USDT,0.27,22961.6,0.2699,42400.1,0.2701,8065.2,0.2702,47507.2
1753503745853,04:22:25.853,ALGO/USDT:USDT,0.27,22961.6,0.2699,42400.1,0.2701,8065.2,0.2702,47507.2
1753503746003,04:22:26.003,ALGO/USDT:USDT,0.27,22961.6,0.2699,42400.1,0.2701,22065.2,0.2702,47507.2
1753503746003,04:22:26.003,ALGO/USDT:USDT,0.27,22961.6,0.2699,42400.1,0.2701,22065.2,0.2702,47507.2
1753503746153,04:22:26.153,ALGO/USDT:USDT,0.27,22961.6,0.2699,42400.1,0.2701,22065.2,0.2702,47507.2
1753503746153,04:22:26.153,ALGO/USDT:USDT,0.27,22961.6,0.2699,42400.1,0.2701,22065.2,0.2702,47507.2
1753503746453,04:22:26.453,ALGO/USDT:USDT,0.27,22961.6,0.2699,42400.1,0.2701,22065.2,0.2702,47507.2
1753503746603,04:22:26.603,ALGO/USDT:USDT,0.27,22961.6,0.2699,42400.1,0.2701,22065.2,0.2702,47507.2
1753503746753,04:22:26.753,ALGO/USDT:USDT,0.27,22961.6,0.2699,42400.1,0.2701,22065.2,0.2702,47507.2
1753503746903,04:22:26.903,ALGO/USDT:USDT,0.27,22961.6,0.2699,42400.1,0.2701,22065.2,0.2702,47507.2
1753503747203,04:22:27.203,ALGO/USDT:USDT,0.27,22961.6,0.2699,42400.1,0.2701,22816.6,0.2702,47507.2
1753503747203,04:22:27.203,ALGO/USDT:USDT,0.27,22961.6,0.2699,42400.1,0.2701,22816.6,0.2702,47507.2
1753503747504,04:22:27.504,ALGO/USDT:USDT,0.27,21055.0,0.2699,42400.1,0.2701,22816.6,0.2702,47507.2
1753503747654,04:22:27.654,ALGO/USDT:USDT,0.27,22961.6,0.2699,42400.1,0.2701,22065.2,0.2702,47507.2
1753503747654,04:22:27.654,ALGO/USDT:USDT,0.27,22961.6,0.2699,42400.1,0.2701,22065.2,0.2702,47507.2
1753503747804,04:22:27.804,ALGO/USDT:USDT,0.27,22961.6,0.2699,42400.1,0.2701,22065.2,0.2702,47507.2
1753503747804,04:22:27.804,ALGO/USDT:USDT,0.27,22961.6,0.2699,42400.1,0.2701,22065.2,0.2702,47507.2
1753503747954,04:22:27.954,ALGO/USDT:USDT,0.27,22961.6,0.2699,42400.1,0.2701,22065.2,0.2702,47507.2
1753503747954,04:22:27.954,ALGO/USDT:USDT,0.27,22961.6,0.2699,42400.1,0.2701,22065.2,0.2702,47507.2
1753503748104,04:22:28.104,ALGO/USDT:USDT,0.27,22961.6,0.2699,42400.1,0.2701,22065.2,0.2702,47507.2
1753503748104,04:22:28.104,ALGO/USDT:USDT,0.27,22961.6,0.2699,42400.1,0.2701,22065.2,0.2702,47507.2
1753503748254,04:22:28.254,ALGO/USDT:USDT,0.27,22961.6,0.2699,42400.1,0.2701,22065.2,0.2702,47507.2
1753503748404,04:22:28.404,ALGO/USDT:USDT,0.27,22961.6,0.2699,43155.1,0.2701,22065.2,0.2702,47507.2
1753503748404,04:22:28.404,ALGO/USDT:USDT,0.27,22961.6,0.2699,43155.1,0.2701,22065.2,0.2702,47507.2
1753503748554,04:22:28.554,ALGO/USDT:USDT,0.27,22961.6,0.2699,43155.1,0.2701,22065.2,0.2702,47507.2
1753503748704,04:22:28.704,ALGO/USDT:USDT,0.27,22961.6,0.2699,43155.1,0.2701,22065.2,0.2702,47507.2
1753503748704,04:22:28.704,ALGO/USDT:USDT,0.27,22961.6,0.2699,43155.1,0.2701,22065.2,0.2702,47507.2
1753503748854,04:22:28.854,ALGO/USDT:USDT,0.27,22961.6,0.2699,43155.1,0.2701,22065.2,0.2702,47507.2
1753503749004,04:22:29.004,ALGO/USDT:USDT,0.27,22961.6,0.2699,43155.1,0.2701,22065.2,0.2702,47507.2
1753503749155,04:22:29.155,ALGO/USDT:USDT,0.27,22961.6,0.2699,43155.1,0.2701,22065.2,0.2702,47507.2
1753503749305,04:22:29.305,ALGO/USDT:USDT,0.27,22961.6,0.2699,43155.1,0.2701,22065.2,0.2702,47507.2
1753503749305,04:22:29.305,ALGO/USDT:USDT,0.27,22961.6,0.2699,43155.1,0.2701,22065.2,0.2702,47507.2
1753503749455,04:22:29.455,ALGO/USDT:USDT,0.27,22961.6,0.2699,43155.1,0.2701,22065.2,0.2702,47507.2
1753503749455,04:22:29.455,ALGO/USDT:USDT,0.27,22961.6,0.2699,43155.1,0.2701,22065.2,0.2702,47507.2
1753503749605,04:22:29.605,ALGO/USDT:USDT,0.27,22961.6,0.2699,43155.1,0.2701,22065.2,0.2702,47507.2
1753503749755,04:22:29.755,ALGO/USDT:USDT,0.27,22961.6,0.2699,43155.1,0.2701,22065.2,0.2702,47507.2
1753503749755,04:22:29.755,ALGO/USDT:USDT,0.27,22961.6,0.2699,43155.1,0.2701,22065.2,0.2702,47507.2
1753503750055,04:22:30.055,ALGO/USDT:USDT,0.27,23713.0,0.2699,43155.1,0.2701,22065.2,0.2702,47507.2
1753503750055,04:22:30.055,ALGO/USDT:USDT,0.27,23713.0,0.2699,43155.1,0.2701,22065.2,0.2702,47507.2
1753503750205,04:22:30.205,ALGO/USDT:USDT,0.27,22961.6,0.2699,43155.1,0.2701,22065.2,0.2702,47507.2
1753503750205,04:22:30.205,ALGO/USDT:USDT,0.27,22961.6,0.2699,43155.1,0.2701,22065.2,0.2702,47507.2
1753503750355,04:22:30.355,ALGO/USDT:USDT,0.27,21055.0,0.2699,41248.5,0.2701,22065.2,0.2702,47507.2
1753503750355,04:22:30.355,ALGO/USDT:USDT,0.27,21055.0,0.2699,41248.5,0.2701,22065.2,0.2702,47507.2
1753503750505,04:22:30.505,ALGO/USDT:USDT,0.27,21055.0,0.2699,43155.1,0.2701,22065.2,0.2702,47507.2
1753503750656,04:22:30.656,ALGO/USDT:USDT,0.27,21055.0,0.2699,43155.1,0.2701,22065.2,0.2702,47507.2
1753503750806,04:22:30.806,ALGO/USDT:USDT,0.27,21055.0,0.2699,43155.1,0.2701,22065.2,0.2702,47507.2
1753503750806,04:22:30.806,ALGO/USDT:USDT,0.27,21055.0,0.2699,43155.1,0.2701,22065.2,0.2702,47507.2
1753503750956,04:22:30.956,ALGO/USDT:USDT,0.27,21055.0,0.2699,43155.1,0.2701,22065.2,0.2702,47507.2
1753503751106,04:22:31.106,ALGO/USDT:USDT,0.27,21055.0,0.2699,43155.1,0.2701,22065.2,0.2702,47507.2
1753503751256,04:22:31.256,ALGO/USDT:USDT,0.27,21055.0,0.2699,43155.1,0.2701,22065.2,0.2702,47507.2
1753503751256,04:22:31.256,ALGO/USDT:USDT,0.27,21055.0,0.2699,43155.1,0.2701,22065.2,0.2702,47507.2
1753503751406,04:22:31.406,ALGO/USDT:USDT,0.27,22961.6,0.2699,43155.1,0.2701,22065.2,0.2702,47507.2
1753503751556,04:22:31.556,ALGO/USDT:USDT,0.27,22961.6,0.2699,43155.1,0.2701,22065.2,0.2702,47507.2
1753503751706,04:22:31.706,ALGO/USDT:USDT,0.27,22961.6,0.2699,43155.1,0.2701,22065.2,0.2702,47507.2
1753503751856,04:22:31.856,ALGO/USDT:USDT,0.27,22961.6,0.2699,43155.1,0.2701,22065.2,0.2702,47507.2
1753503751856,04:22:31.856,ALGO/USDT:USDT,0.27,22961.6,0.2699,43155.1,0.2701,22065.2,0.2702,47507.2
1753503752006,04:22:32.006,ALGO/USDT:USDT,0.27,22961.6,0.2699,43155.1,0.2701,22065.2,0.2702,47507.2
1753503752006,04:22:32.006,ALGO/USDT:USDT,0.27,22961.6,0.2699,43155.1,0.2701,22065.2,0.2702,47507.2
1753503752156,04:22:32.156,ALGO/USDT:USDT,0.27,22961.6,0.2699,43155.1,0.2701,22065.2,0.2702,47507.2
1753503752307,04:22:32.307,ALGO/USDT:USDT,0.27,22961.6,0.2699,43155.1,0.2701,22065.2,0.2702,47507.2
1753503752457,04:22:32.457,ALGO/USDT:USDT,0.27,22961.6,0.2699,43155.1,0.2701,22065.2,0.2702,47507.2
1753503752457,04:22:32.457,ALGO/USDT:USDT,0.27,22961.6,0.2699,43155.1,0.2701,22065.2,0.2702,47507.2
1753503752607,04:22:32.607,ALGO/USDT:USDT,0.27,22961.6,0.2699,43155.1,0.2701,22065.2,0.2702,47507.2
1753503752607,04:22:32.607,ALGO/USDT:USDT,0.27,22961.6,0.2699,43155.1,0.2701,22065.2,0.2702,47507.2
1753503752757,04:22:32.757,ALGO/USDT:USDT,0.27,22961.6,0.2699,43155.1,0.2701,22065.2,0.2702,47507.2
1753503752907,04:22:32.907,ALGO/USDT:USDT,0.27,22961.6,0.2699,43155.1,0.2701,22065.2,0.2702,47507.2
1753503752907,04:22:32.907,ALGO/USDT:USDT,0.27,22961.6,0.2699,43155.1,0.2701,22065.2,0.2702,47507.2
1753503753057,04:22:33.057,ALGO/USDT:USDT,0.27,22961.6,0.2699,43155.1,0.2701,22065.2,0.2702,47507.2
1753503753057,04:22:33.057,ALGO/USDT:USDT,0.27,22961.6,0.2699,43155.1,0.2701,22065.2,0.2702,47507.2
1753503753207,04:22:33.207,ALGO/USDT:USDT,0.27,22961.6,0.2699,43155.1,0.2701,22065.2,0.2702,47507.2
1753503753357,04:22:33.357,ALGO/USDT:USDT,0.27,22961.6,0.2699,43155.1,0.2701,22065.2,0.2702,47507.2
1753503753507,04:22:33.507,ALGO/USDT:USDT,0.27,22961.6,0.2699,43155.1,0.2701,22065.2,0.2702,47507.2
1753503753657,04:22:33.657,ALGO/USDT:USDT,0.27,22961.6,0.2699,43155.1,0.2701,22065.2,0.2702,47507.2
1753503753657,04:22:33.657,ALGO/USDT:USDT,0.27,22961.6,0.2699,43155.1,0.2701,22065.2,0.2702,47507.2
1753503753808,04:22:33.808,ALGO/USDT:USDT,0.27,22961.6,0.2699,43155.1,0.2701,22065.2,0.2702,47507.2
1753503753958,04:22:33.958,ALGO/USDT:USDT,0.27,22961.6,0.2699,43155.1,0.2701,22065.2,0.2702,47507.2
1753503754108,04:22:34.108,ALGO/USDT:USDT,0.27,22961.6,0.2699,42400.1,0.2701,22065.2,0.2702,47507.2
1753503754258,04:22:34.258,ALGO/USDT:USDT,0.27,22961.6,0.2699,42400.1,0.2701,22065.2,0.2702,47507.2
1753503754258,04:22:34.258,ALGO/USDT:USDT,0.27,22961.6,0.2699,42400.1,0.2701,22065.2,0.2702,47507.2
1753503754408,04:22:34.408,ALGO/USDT:USDT,0.27,22961.6,0.2699,42400.1,0.2701,22065.2,0.2702,47507.2
1753503754408,04:22:34.408,ALGO/USDT:USDT,0.27,22961.6,0.2699,42400.1,0.2701,22065.2,0.2702,47507.2
1753503754558,04:22:34.558,ALGO/USDT:USDT,0.27,22961.6,0.2699,42400.1,0.2701,22065.2,0.2702,47507.2
1753503754558,04:22:34.558,ALGO/USDT:USDT,0.27,22961.6,0.2699,42400.1,0.2701,22065.2,0.2702,47507.2
1753503754708,04:22:34.708,ALGO/USDT:USDT,0.27,22961.6,0.2699,42400.1,0.2701,22065.2,0.2702,47507.2
1753503754708,04:22:34.708,ALGO/USDT:USDT,0.27,22961.6,0.2699,42400.1,0.2701,22065.2,0.2702,47507.2
1753503754858,04:22:34.858,ALGO/USDT:USDT,0.27,22961.6,0.2699,42400.1,0.2701,22065.2,0.2702,47507.2
1753503754858,04:22:34.858,ALGO/USDT:USDT,0.27,22961.6,0.2699,42400.1,0.2701,22065.2,0.2702,47507.2
1753503755008,04:22:35.008,ALGO/USDT:USDT,0.27,22961.6,0.2699,42400.1,0.2701,22065.2,0.2702,47507.2
1753503755008,04:22:35.008,ALGO/USDT:USDT,0.27,22961.6,0.2699,42400.1,0.2701,22065.2,0.2702,47507.2
1753503755158,04:22:35.158,ALGO/USDT:USDT,0.27,22961.6,0.2699,42400.1,0.2701,22065.2,0.2702,47507.2
1753503755158,04:22:35.158,ALGO/USDT:USDT,0.27,22961.6,0.2699,42400.1,0.2701,22065.2,0.2702,47507.2
1753503755308,04:22:35.308,ALGO/USDT:USDT,0.27,22961.6,0.2699,42400.1,0.2701,22065.2,0.2702,47507.2
1753503755308,04:22:35.308,ALGO/USDT:USDT,0.27,22961.6,0.2699,42400.1,0.2701,22065.2,0.2702,47507.2
1753503755459,04:22:35.459,ALGO/USDT:USDT,0.27,22961.6,0.2699,42400.1,0.2701,22065.2,0.2702,47507.2
1753503755459,04:22:35.459,ALGO/USDT:USDT,0.27,22961.6,0.2699,42400.1,0.2701,22065.2,0.2702,47507.2
1753503755609,04:22:35.609,ALGO/USDT:USDT,0.27,22961.6,0.2699,42400.1,0.2701,22065.2,0.2702,47507.2
1753503755759,04:22:35.759,ALGO/USDT:USDT,0.27,22961.6,0.2699,42400.1,0.2701,5102.0,0.2702,47507.2
1753503755759,04:22:35.759,ALGO/USDT:USDT,0.27,22961.6,0.2699,42400.1,0.2701,5102.0,0.2702,47507.2
1753503755909,04:22:35.909,ALGO/USDT:USDT,0.27,23713.0,0.2699,42400.1,0.2701,839.9,0.2702,47507.2
1753503756059,04:22:36.059,ALGO/USDT:USDT,0.27,22961.6,0.2699,42400.1,0.2701,839.9,0.2702,47507.2
1753503756209,04:22:36.209,ALGO/USDT:USDT,0.27,23713.0,0.2699,42400.1,0.2701,839.9,0.2702,47507.2
1753503756359,04:22:36.359,ALGO/USDT:USDT,0.27,23713.0,0.2699,42400.1,0.2701,839.9,0.2702,47507.2
1753503756509,04:22:36.509,ALGO/USDT:USDT,0.27,23713.0,0.2699,42400.1,0.2701,839.9,0.2702,47507.2
1753503756659,04:22:36.659,ALGO/USDT:USDT,0.27,23713.0,0.2699,42400.1,0.2702,47507.2,0.2703,182009.5
1753503756959,04:22:36.959,ALGO/USDT:USDT,0.27,22961.6,0.2699,42400.1,0.2702,30339.7,0.2703,199203.5
1753503757110,04:22:37.110,ALGO/USDT:USDT,0.27,22961.6,0.2699,42400.1,0.2702,30339.7,0.2703,199203.5
1753503757260,04:22:37.260,ALGO/USDT:USDT,0.27,22961.6,0.2699,42400.1,0.2701,850.9,0.2702,30339.7
1753503757260,04:22:37.260,ALGO/USDT:USDT,0.27,22961.6,0.2699,42400.1,0.2701,850.9,0.2702,30339.7
1753503757410,04:22:37.410,ALGO/USDT:USDT,0.27,22961.6,0.2699,42400.1,0.2701,850.9,0.2702,47533.7
1753503757560,04:22:37.560,ALGO/USDT:USDT,0.27,22961.6,0.2699,42400.1,0.2701,850.9,0.2702,47533.7
1753503757560,04:22:37.560,ALGO/USDT:USDT,0.27,22961.6,0.2699,42400.1,0.2701,850.9,0.2702,47533.7
1753503757710,04:22:37.710,ALGO/USDT:USDT,0.27,22961.6,0.2699,42400.1,0.2701,850.9,0.2702,47533.7
1753503757710,04:22:37.710,ALGO/USDT:USDT,0.27,22961.6,0.2699,42400.1,0.2701,850.9,0.2702,47533.7
1753503757860,04:22:37.860,ALGO/USDT:USDT,0.27,23713.0,0.2699,42400.1,0.2701,850.9,0.2702,47533.7
1753503758010,04:22:38.010,ALGO/USDT:USDT,0.27,23713.0,0.2699,42400.1,0.2701,850.9,0.2702,47533.7
1753503758010,04:22:38.010,ALGO/USDT:USDT,0.27,23713.0,0.2699,42400.1,0.2701,850.9,0.2702,47533.7
1753503758160,04:22:38.160,ALGO/USDT:USDT,0.27,22961.6,0.2699,42400.1,0.2701,7088.5,0.2702,47533.7
1753503758160,04:22:38.160,ALGO/USDT:USDT,0.27,22961.6,0.2699,42400.1,0.2701,7088.5,0.2702,47533.7
1753503758310,04:22:38.310,ALGO/USDT:USDT,0.27,22961.6,0.2699,42400.1,0.2701,7088.5,0.2702,47533.7
1753503758310,04:22:38.310,ALGO/USDT:USDT,0.27,22961.6,0.2699,42400.1,0.2701,7088.5,0.2702,47533.7
1753503758460,04:22:38.460,ALGO/USDT:USDT,0.27,22961.6,0.2699,42400.1,0.2701,7088.5,0.2702,47533.7
1753503758460,04:22:38.460,ALGO/USDT:USDT,0.27,22961.6,0.2699,42400.1,0.2701,7088.5,0.2702,47533.7
1753503758761,04:22:38.761,ALGO/USDT:USDT,0.27,22961.6,0.2699,42400.1,0.2701,7088.5,0.2702,47533.7
1753503758761,04:22:38.761,ALGO/USDT:USDT,0.27,22961.6,0.2699,42400.1,0.2701,7088.5,0.2702,47533.7
1753503758911,04:22:38.911,ALGO/USDT:USDT,0.27,22961.6,0.2699,42400.1,0.2701,7088.5,0.2702,47533.7
1753503758911,04:22:38.911,ALGO/USDT:USDT,0.27,22961.6,0.2699,42400.1,0.2701,7088.5,0.2702,47533.7
1753503759061,04:22:39.061,ALGO/USDT:USDT,0.27,22961.6,0.2699,42400.1,0.2701,7088.5,0.2702,47533.7
1753503759211,04:22:39.211,ALGO/USDT:USDT,0.27,22961.6,0.2699,42400.1,0.2701,850.9,0.2702,47533.7
1753503759211,04:22:39.211,ALGO/USDT:USDT,0.27,22961.6,0.2699,42400.1,0.2701,850.9,0.2702,47533.7
1753503759361,04:22:39.361,ALGO/USDT:USDT,0.27,22961.6,0.2699,42400.1,0.2701,850.9,0.2702,47533.7
1753503759511,04:22:39.511,ALGO/USDT:USDT,0.27,22961.6,0.2699,42400.1,0.2701,850.9,0.2702,47533.7
1753503759511,04:22:39.511,ALGO/USDT:USDT,0.27,22961.6,0.2699,42400.1,0.2701,850.9,0.2702,47533.7
1753503759661,04:22:39.661,ALGO/USDT:USDT,0.27,23713.0,0.2699,42400.1,0.2701,850.9,0.2702,47533.7
1753503759661,04:22:39.661,ALGO/USDT:USDT,0.27,23713.0,0.2699,42400.1,0.2701,850.9,0.2702,47533.7
1753503759811,04:22:39.811,ALGO/USDT:USDT,0.27,23713.0,0.2699,42400.1,0.2701,850.9,0.2702,47533.7
1753503759961,04:22:39.961,ALGO/USDT:USDT,0.27,23713.0,0.2699,42400.1,0.2701,850.9,0.2702,47533.7
1753503760111,04:22:40.111,ALGO/USDT:USDT,0.27,23713.0,0.2699,42400.1,0.2701,850.9,0.2702,47533.7
1753503760111,04:22:40.111,ALGO/USDT:USDT,0.27,23713.0,0.2699,42400.1,0.2701,850.9,0.2702,47533.7
1753503760262,04:22:40.262,ALGO/USDT:USDT,0.27,23713.0,0.2699,42400.1,0.2701,850.9,0.2702,47533.7
1753503760262,04:22:40.262,ALGO/USDT:USDT,0.27,23713.0,0.2699,42400.1,0.2701,850.9,0.2702,47533.7
1753503760412,04:22:40.412,ALGO/USDT:USDT,0.27,22961.6,0.2699,42400.1,0.2701,850.9,0.2702,47533.7
1753503760412,04:22:40.412,ALGO/USDT:USDT,0.27,22961.6,0.2699,42400.1,0.2701,850.9,0.2702,47533.7
1753503760562,04:22:40.562,ALGO/USDT:USDT,0.27,22961.6,0.2699,42400.1,0.2701,2826.4,0.2702,47533.7
1753503760562,04:22:40.562,ALGO/USDT:USDT,0.27,22961.6,0.2699,42400.1,0.2701,2826.4,0.2702,47533.7
1753503760712,04:22:40.712,ALGO/USDT:USDT,0.27,22961.6,0.2699,42400.1,0.2701,2826.4,0.2702,47533.7
1753503760862,04:22:40.862,ALGO/USDT:USDT,0.27,22961.6,0.2699,42400.1,0.2701,16826.4,0.2702,47533.7
1753503761012,04:22:41.012,ALGO/USDT:USDT,0.27,22961.6,0.2699,42400.1,0.2701,21088.5,0.2702,47533.7
1753503761012,04:22:41.012,ALGO/USDT:USDT,0.27,22961.6,0.2699,42400.1,0.2701,21088.5,0.2702,47533.7
1753503761162,04:22:41.162,ALGO/USDT:USDT,0.27,22961.6,0.2699,42400.1,0.2701,21088.5,0.2702,47533.7
1753503761162,04:22:41.162,ALGO/USDT:USDT,0.27,22961.6,0.2699,42400.1,0.2701,21088.5,0.2702,47533.7
1753503761312,04:22:41.312,ALGO/USDT:USDT,0.27,22961.6,0.2699,42400.1,0.2701,21088.5,0.2702,47533.7
1753503761462,04:22:41.462,ALGO/USDT:USDT,0.27,22961.6,0.2699,42400.1,0.2701,21088.5,0.2702,47533.7
1753503761612,04:22:41.612,ALGO/USDT:USDT,0.27,22961.6,0.2699,42400.1,0.2701,16826.4,0.2702,47533.7
1753503761612,04:22:41.612,ALGO/USDT:USDT,0.27,22961.6,0.2699,42400.1,0.2701,16826.4,0.2702,47533.7
1753503761762,04:22:41.762,ALGO/USDT:USDT,0.27,22961.6,0.2699,42400.1,0.2701,16826.4,0.2702,47533.7
1753503761913,04:22:41.913,ALGO/USDT:USDT,0.27,22961.6,0.2699,42400.1,0.2701,21088.5,0.2702,47533.7
1753503762063,04:22:42.063,ALGO/USDT:USDT,0.27,22961.6,0.2699,42400.1,0.2701,21088.5,0.2702,47533.7
1753503762063,04:22:42.063,ALGO/USDT:USDT,0.27,22961.6,0.2699,42400.1,0.2701,21088.5,0.2702,47533.7
1753503762213,04:22:42.213,ALGO/USDT:USDT,0.27,22961.6,0.2699,42400.1,0.2701,21088.5,0.2702,47533.7
1753503762213,04:22:42.213,ALGO/USDT:USDT,0.27,22961.6,0.2699,42400.1,0.2701,21088.5,0.2702,47533.7
1753503762363,04:22:42.363,ALGO/USDT:USDT,0.27,22961.6,0.2699,42400.1,0.2701,21088.5,0.2702,47533.7
1753503762513,04:22:42.513,ALGO/USDT:USDT,0.27,22961.6,0.2699,42400.1,0.2701,21088.5,0.2702,47533.7
1753503762663,04:22:42.663,ALGO/USDT:USDT,0.27,22961.6,0.2699,42400.1,0.2701,21088.5,0.2702,47533.7
1753503762663,04:22:42.663,ALGO/USDT:USDT,0.27,22961.6,0.2699,42400.1,0.2701,21088.5,0.2702,47533.7
1753503762813,04:22:42.813,ALGO/USDT:USDT,0.27,22961.6,0.2699,42400.1,0.2701,21088.5,0.2702,47533.7
1753503762963,04:22:42.963,ALGO/USDT:USDT,0.27,22961.6,0.2699,42400.1,0.2701,21088.5,0.2702,47533.7
1753503762963,04:22:42.963,ALGO/USDT:USDT,0.27,22961.6,0.2699,42400.1,0.2701,21088.5,0.2702,47533.7
1753503763113,04:22:43.113,ALGO/USDT:USDT,0.27,22961.6,0.2699,42400.1,0.2701,21088.5,0.2702,47533.7
1753503763263,04:22:43.263,ALGO/USDT:USDT,0.27,22961.6,0.2699,42400.1,0.2701,21088.5,0.2702,47533.7
1753503763263,04:22:43.263,ALGO/USDT:USDT,0.27,22961.6,0.2699,42400.1,0.2701,21088.5,0.2702,47533.7
1753503763414,04:22:43.414,ALGO/USDT:USDT,0.27,22961.6,0.2699,42400.1,0.2701,21088.5,0.2702,47533.7
1753503763414,04:22:43.414,ALGO/USDT:USDT,0.27,22961.6,0.2699,42400.1,0.2701,21088.5,0.2702,47533.7
1753503763714,04:22:43.714,ALGO/USDT:USDT,0.27,22961.6,0.2699,42400.1,0.2701,21088.5,0.2702,47533.7
1753503763714,04:22:43.714,ALGO/USDT:USDT,0.27,22961.6,0.2699,42400.1,0.2701,21088.5,0.2702,47533.7
1753503763864,04:22:43.864,ALGO/USDT:USDT,0.27,22961.6,0.2699,42400.1,0.2701,21088.5,0.2702,47533.7
1753503763864,04:22:43.864,ALGO/USDT:USDT,0.27,22961.6,0.2699,42400.1,0.2701,21088.5,0.2702,47533.7
1753503764014,04:22:44.014,ALGO/USDT:USDT,0.27,22961.6,0.2699,42400.1,0.2701,21088.5,0.2702,47533.7
1753503764014,04:22:44.014,ALGO/USDT:USDT,0.27,22961.6,0.2699,42400.1,0.2701,21088.5,0.2702,47533.7
1753503764164,04:22:44.164,ALGO/USDT:USDT,0.27,22961.6,0.2699,42400.1,0.2701,21088.5,0.2702,47533.7
1753503764314,04:22:44.314,ALGO/USDT:USDT,0.27,22961.6,0.2699,42400.1,0.2701,21088.5,0.2702,47533.7
1753503764464,04:22:44.464,ALGO/USDT:USDT,0.27,22961.6,0.2699,42400.1,0.2701,21088.5,0.2702,47533.7
1753503764464,04:22:44.464,ALGO/USDT:USDT,0.27,22961.6,0.2699,42400.1,0.2701,21088.5,0.2702,47533.7
1753503764614,04:22:44.614,ALGO/USDT:USDT,0.27,22961.6,0.2699,42400.1,0.2701,21088.5,0.2702,47533.7
1753503764614,04:22:44.614,ALGO/USDT:USDT,0.27,22961.6,0.2699,42400.1,0.2701,21088.5,0.2702,47533.7
1753503764764,04:22:44.764,ALGO/USDT:USDT,0.27,22961.6,0.2699,42400.1,0.2701,21088.5,0.2702,47533.7
1753503764764,04:22:44.764,ALGO/USDT:USDT,0.27,22961.6,0.2699,42400.1,0.2701,21088.5,0.2702,47533.7
1753503765215,04:22:45.215,ALGO/USDT:USDT,0.27,22961.6,0.2699,42400.1,0.2701,21088.5,0.2702,47533.7
1753503765215,04:22:45.215,ALGO/USDT:USDT,0.27,22961.6,0.2699,42400.1,0.2701,21088.5,0.2702,47533.7
1753503765365,04:22:45.365,ALGO/USDT:USDT,0.27,22961.6,0.2699,42400.1,0.2701,21088.5,0.2702,47533.7
1753503765515,04:22:45.515,ALGO/USDT:USDT,0.27,22961.6,0.2699,42400.1,0.2701,21088.5,0.2702,47533.7
1753503765665,04:22:45.665,ALGO/USDT:USDT,0.27,8123.5,0.2699,42400.1,0.2701,21839.9,0.2702,47533.7
1753503765965,04:22:45.965,ALGO/USDT:USDT,0.27,8123.5,0.2699,42400.1,0.2701,21839.9,0.2702,47533.7
1753503765965,04:22:45.965,ALGO/USDT:USDT,0.27,8123.5,0.2699,42400.1,0.2701,21839.9,0.2702,47533.7
1753503766115,04:22:46.115,ALGO/USDT:USDT,0.27,8123.5,0.2699,42400.1,0.2701,21839.9,0.2702,47533.7
1753503766265,04:22:46.265,ALGO/USDT:USDT,0.27,8123.5,0.2699,42400.1,0.2701,21839.9,0.2702,47533.7
1753503766265,04:22:46.265,ALGO/USDT:USDT,0.27,8123.5,0.2699,42400.1,0.2701,21839.9,0.2702,47533.7
1753503766415,04:22:46.415,ALGO/USDT:USDT,0.27,8123.5,0.2699,42400.1,0.2701,21839.9,0.2702,47533.7
1753503766415,04:22:46.415,ALGO/USDT:USDT,0.27,8123.5,0.2699,42400.1,0.2701,21839.9,0.2702,47533.7
1753503766565,04:22:46.565,ALGO/USDT:USDT,0.27,8123.5,0.2699,42400.1,0.2701,21839.9,0.2702,47533.7
1753503766716,04:22:46.716,ALGO/USDT:USDT,0.27,8123.5,0.2699,42400.1,0.2701,21839.9,0.2702,47533.7
1753503766866,04:22:46.866,ALGO/USDT:USDT,0.27,8123.5,0.2699,42400.1,0.2701,21839.9,0.2702,47533.7
1753503766866,04:22:46.866,ALGO/USDT:USDT,0.27,8123.5,0.2699,42400.1,0.2701,21839.9,0.2702,47533.7
1753503767016,04:22:47.016,ALGO/USDT:USDT,0.27,8123.5,0.2699,42400.1,0.2701,21839.9,0.2702,47533.7
1753503767166,04:22:47.166,ALGO/USDT:USDT,0.27,8123.5,0.2699,42400.1,0.2701,21839.9,0.2702,47533.7
1753503767316,04:22:47.316,ALGO/USDT:USDT,0.27,8123.5,0.2699,42400.1,0.2701,21839.9,0.2702,47533.7
1753503767316,04:22:47.316,ALGO/USDT:USDT,0.27,8123.5,0.2699,42400.1,0.2701,21839.9,0.2702,47533.7
1753503767466,04:22:47.466,ALGO/USDT:USDT,0.27,8123.5,0.2699,42400.1,0.2701,21839.9,0.2702,47533.7
1753503767466,04:22:47.466,ALGO/USDT:USDT,0.27,8123.5,0.2699,42400.1,0.2701,21839.9,0.2702,47533.7
1753503767616,04:22:47.616,ALGO/USDT:USDT,0.27,8123.5,0.2699,42400.1,0.2701,21839.9,0.2702,47533.7
1753503767616,04:22:47.616,ALGO/USDT:USDT,0.27,8123.5,0.2699,42400.1,0.2701,21839.9,0.2702,47533.7
