timestamp,time,symbol,bid1_price,bid1_volume,bid2_price,bid2_volume,ask1_price,ask1_volume,ask2_price,ask2_volume
1753455913719,15:05:13.719,BTC/USDT:USDT,115172.9,15.4058,115172.8,0.3131,115173.1,0.1868,115173.2,0.0005
1753455913919,15:05:13.919,BTC/USDT:USDT,115172.9,15.4058,115172.8,0.3131,115173.1,0.1868,115173.2,0.0005
1753455914119,15:05:14.119,BTC/USDT:USDT,115172.1,2.7533,115172.0,0.0033,115172.3,2.6079,115172.4,0.2146
1753455914319,15:05:14.319,BTC/USDT:USDT,115172.1,2.7533,115172.0,0.0033,115172.3,2.6079,115172.4,0.2146
1753455914519,15:05:14.519,BTC/USDT:USDT,115154.1,2.1708,115154.0,0.0024,115154.3,3.3078,115154.4,0.3016
1753455914719,15:05:14.719,BTC/USDT:USDT,115154.1,2.1708,115154.0,0.0024,115154.3,3.3078,115154.4,0.3016
1753455914919,15:05:14.919,BTC/USDT:USDT,115152.8,1.714,115152.7,0.0024,115153.0,2.9319,115153.1,0.2799
1753455915119,15:05:15.119,BTC/USDT:USDT,115152.8,1.714,115152.7,0.0024,115153.0,2.9319,115153.1,0.2799
1753455915319,15:05:15.319,BTC/USDT:USDT,115152.6,2.186,115152.5,0.0027,115152.8,2.4452,115152.9,0.3034
1753455915519,15:05:15.519,BTC/USDT:USDT,115152.6,2.186,115152.5,0.0027,115152.8,2.4452,115152.9,0.3034
1753455915722,15:05:15.722,BTC/USDT:USDT,115152.6,2.1056,115152.5,0.0025,115152.8,2.5552,115152.9,0.2765
1753455915919,15:05:15.919,BTC/USDT:USDT,115152.6,2.1056,115152.5,0.0025,115152.8,2.5552,115152.9,0.2765
1753455916119,15:05:16.119,BTC/USDT:USDT,115152.6,1.6763,115152.5,0.0027,115152.8,2.528,115152.9,0.2481
1753455916319,15:05:16.319,BTC/USDT:USDT,115152.6,1.6763,115152.5,0.0027,115152.8,2.528,115152.9,0.2481
1753455916519,15:05:16.519,BTC/USDT:USDT,115142.6,2.084,115142.5,0.0028,115180.5,9.218,115182.6,14.2029
1753455916720,15:05:16.720,BTC/USDT:USDT,115142.6,2.084,115142.5,0.0028,115180.5,9.218,115182.6,14.2029
1753455916919,15:05:16.919,BTC/USDT:USDT,115142.6,2.1738,115142.5,0.0023,115142.8,3.1703,115142.9,0.3279
1753455917119,15:05:17.119,BTC/USDT:USDT,115142.6,2.1738,115142.5,0.0023,115142.8,3.1703,115142.9,0.3279
1753455917319,15:05:17.319,BTC/USDT:USDT,115137.0,1.7923,115136.9,0.0023,115137.2,2.8055,115137.3,0.2639
1753455917519,15:05:17.519,BTC/USDT:USDT,115137.0,1.7923,115136.9,0.0023,115137.2,2.8055,115137.3,0.2639
1753455917719,15:05:17.719,BTC/USDT:USDT,115136.6,1.7624,115136.5,0.0029,115136.8,2.8242,115136.9,0.323
1753455917919,15:05:17.919,BTC/USDT:USDT,115136.6,1.7624,115136.5,0.0029,115136.8,2.8242,115136.9,0.323
1753455918119,15:05:18.119,BTC/USDT:USDT,115136.6,2.0305,115136.5,0.0023,115136.8,3.3908,115136.9,0.3298
1753455918319,15:05:18.319,BTC/USDT:USDT,115136.6,2.0305,115136.5,0.0023,115136.8,3.3908,115136.9,0.3298
1753455918519,15:05:18.519,BTC/USDT:USDT,115136.6,1.9854,115136.5,0.0026,115136.8,3.2962,115136.9,0.2787
1753455918719,15:05:18.719,BTC/USDT:USDT,115136.6,1.9854,115136.5,0.0026,115136.8,3.2962,115136.9,0.2787
1753455918928,15:05:18.928,BTC/USDT:USDT,115136.6,2.0635,115136.5,0.0029,115136.8,2.8228,115136.9,0.264
1753455919120,15:05:19.120,BTC/USDT:USDT,115136.6,2.0635,115136.5,0.0029,115136.8,2.8228,115136.9,0.264
1753455919320,15:05:19.320,BTC/USDT:USDT,115136.6,2.1974,115136.5,0.0021,115136.8,2.554,115136.9,0.2596
1753455919519,15:05:19.519,BTC/USDT:USDT,115136.6,2.1974,115136.5,0.0021,115136.8,2.554,115136.9,0.2596
1753455919719,15:05:19.719,BTC/USDT:USDT,115136.6,2.1974,115136.5,0.0021,115136.8,2.554,115136.9,0.2596
1753455919919,15:05:19.919,BTC/USDT:USDT,115136.6,2.1974,115136.5,0.0021,115136.8,2.554,115136.9,0.2596
1753455920119,15:05:20.119,BTC/USDT:USDT,115136.6,2.0135,115136.5,0.0025,115136.8,2.9944,115136.9,0.3192
1753455920319,15:05:20.319,BTC/USDT:USDT,115136.6,2.0135,115136.5,0.0025,115136.8,2.9944,115136.9,0.3192
1753455920519,15:05:20.519,BTC/USDT:USDT,115136.6,1.9295,115136.5,0.0022,115136.8,2.6619,115136.9,0.2928
1753455920719,15:05:20.719,BTC/USDT:USDT,115136.6,1.9295,115136.5,0.0022,115136.8,2.6619,115136.9,0.2928
1753455920919,15:05:20.919,BTC/USDT:USDT,115136.6,2.1518,115136.5,0.0026,115136.8,2.8826,115136.9,0.3417
1753455921119,15:05:21.119,BTC/USDT:USDT,115136.6,2.1518,115136.5,0.0026,115136.8,2.8826,115136.9,0.3417
1753455921319,15:05:21.319,BTC/USDT:USDT,115136.6,1.761,115136.5,0.0026,115136.8,2.4587,115136.9,0.2793
1753455921519,15:05:21.519,BTC/USDT:USDT,115136.6,1.761,115136.5,0.0026,115136.8,2.4587,115136.9,0.2793
1753455921719,15:05:21.719,BTC/USDT:USDT,115136.6,1.8683,115136.5,0.0021,115136.8,2.8217,115136.9,0.2744
1753455921919,15:05:21.919,BTC/USDT:USDT,115136.6,1.8683,115136.5,0.0021,115136.8,2.8217,115136.9,0.2744
1753455922154,15:05:22.154,BTC/USDT:USDT,115136.6,2.1891,115136.5,0.0025,115136.8,3.0207,115136.9,0.3013
1753455922323,15:05:22.323,BTC/USDT:USDT,115136.6,2.1891,115136.5,0.0025,115136.8,3.0207,115136.9,0.3013
1753455922520,15:05:22.520,BTC/USDT:USDT,115136.6,2.1891,115136.5,0.0025,115136.8,3.0207,115136.9,0.3013
1753455922719,15:05:22.719,BTC/USDT:USDT,115136.6,2.1891,115136.5,0.0025,115136.8,3.0207,115136.9,0.3013
1753455922919,15:05:22.919,BTC/USDT:USDT,115136.6,2.1891,115136.5,0.0025,115136.8,3.0207,115136.9,0.3013
1753455923119,15:05:23.119,BTC/USDT:USDT,115136.6,1.8268,115136.5,0.0024,115136.8,3.028,115136.9,0.245
1753455923319,15:05:23.319,BTC/USDT:USDT,115125.5,2.1711,115125.4,0.0022,115125.7,3.0902,115125.8,0.2833
1753455923519,15:05:23.519,BTC/USDT:USDT,115125.5,2.1711,115125.4,0.0022,115125.7,3.0902,115125.8,0.2833
1753455923719,15:05:23.719,BTC/USDT:USDT,115125.5,2.0414,115125.4,0.0025,115125.7,2.983,115125.8,0.2781
1753455923919,15:05:23.919,BTC/USDT:USDT,115125.5,2.0414,115125.4,0.0025,115125.7,2.983,115125.8,0.2781
1753455924119,15:05:24.119,BTC/USDT:USDT,115125.5,3.3438,115125.4,0.0085,115125.7,3.6312,115125.8,0.3224
1753455924319,15:05:24.319,BTC/USDT:USDT,115125.5,3.3438,115125.4,0.0085,115125.7,3.6312,115125.8,0.3224
1753455924519,15:05:24.519,BTC/USDT:USDT,115125.5,6.3977,115125.4,0.0039,115125.7,8.0973,115125.8,0.003
1753455924719,15:05:24.719,BTC/USDT:USDT,115125.5,6.3977,115125.4,0.0039,115125.7,8.0973,115125.8,0.003
1753455924919,15:05:24.919,BTC/USDT:USDT,115125.5,6.1961,115125.4,0.0042,115125.7,7.9166,115125.8,0.003
1753455925129,15:05:25.129,BTC/USDT:USDT,115125.5,6.1961,115125.4,0.0042,115125.7,7.9166,115125.8,0.003
1753455925322,15:05:25.322,BTC/USDT:USDT,115125.5,6.1961,115125.4,0.0042,115125.7,7.9166,115125.8,0.003
1753455925522,15:05:25.522,BTC/USDT:USDT,115125.5,7.0541,115125.4,0.0039,115125.7,6.6294,115125.8,0.0028
1753455925719,15:05:25.719,BTC/USDT:USDT,115125.5,7.0541,115125.4,0.0039,115125.7,6.6294,115125.8,0.0028
1753455925919,15:05:25.919,BTC/USDT:USDT,115125.5,8.0765,115125.4,0.0038,115125.7,6.9429,115125.8,0.0031
1753455926119,15:05:26.119,BTC/USDT:USDT,115125.5,8.0765,115125.4,0.0038,115125.7,6.9429,115125.8,0.0031
1753455926398,15:05:26.398,BTC/USDT:USDT,115125.5,8.0765,115125.4,0.0038,115125.7,6.9429,115125.8,0.0031
1753455926522,15:05:26.522,BTC/USDT:USDT,115125.5,8.0765,115125.4,0.0038,115125.7,6.9429,115125.8,0.0031
1753455926719,15:05:26.719,BTC/USDT:USDT,115131.4,6.5568,115131.3,0.0047,115131.6,8.5628,115131.7,0.0033
1753455926919,15:05:26.919,BTC/USDT:USDT,115131.4,6.8236,115131.3,0.0042,115131.6,6.8204,115131.7,0.0028
1753455927119,15:05:27.119,BTC/USDT:USDT,115131.4,6.8236,115131.3,0.0042,115131.6,6.8204,115131.7,0.0028
1753455927319,15:05:27.319,BTC/USDT:USDT,115125.0,0.0001,115124.3,0.0033,115131.4,0.0005,115136.8,0.0009
1753455927519,15:05:27.519,BTC/USDT:USDT,115125.0,0.0001,115124.3,0.0033,115131.4,0.0005,115136.8,0.0009
1753455927719,15:05:27.719,BTC/USDT:USDT,115125.0,0.0001,115124.3,0.0033,115131.4,0.0005,115136.8,0.0009
1753455927919,15:05:27.919,BTC/USDT:USDT,115125.0,0.0001,115124.3,0.0033,115131.4,0.0005,115136.8,0.0009
1753455928119,15:05:28.119,BTC/USDT:USDT,115125.0,0.0001,115124.3,0.0033,115131.4,0.0005,115136.8,0.0009
1753455928319,15:05:28.319,BTC/USDT:USDT,115125.0,0.0001,115124.3,0.0033,115131.4,0.0005,115136.8,0.0009
1753455928524,15:05:28.524,BTC/USDT:USDT,115122.9,7.3165,115122.8,0.0038,115123.1,6.3458,115123.2,0.0029
1753455928719,15:05:28.719,BTC/USDT:USDT,115122.9,7.3165,115122.8,0.0038,115123.1,6.3458,115123.2,0.0029
1753455928920,15:05:28.920,BTC/USDT:USDT,115122.9,9.1454,115122.8,0.005,115123.1,7.8893,115123.2,0.003
1753455929119,15:05:29.119,BTC/USDT:USDT,115122.9,9.1454,115122.8,0.005,115123.1,7.8893,115123.2,0.003
1753455929319,15:05:29.319,BTC/USDT:USDT,115122.9,9.1454,115122.8,0.005,115123.1,7.8893,115123.2,0.003
1753455929519,15:05:29.519,BTC/USDT:USDT,115122.9,9.1454,115122.8,0.005,115123.1,7.8893,115123.2,0.003
1753455929719,15:05:29.719,BTC/USDT:USDT,115122.9,7.3071,115122.8,0.0043,115123.1,7.5594,115123.2,0.0034
1753455929919,15:05:29.919,BTC/USDT:USDT,115122.9,7.3071,115122.8,0.0043,115123.1,7.5594,115123.2,0.0034
1753455930119,15:05:30.119,BTC/USDT:USDT,115122.9,6.9418,115122.8,0.0049,115123.1,8.7516,115123.2,0.0031
1753455930319,15:05:30.319,BTC/USDT:USDT,115122.9,6.9418,115122.8,0.0049,115123.1,8.7516,115123.2,0.0031
1753455930519,15:05:30.519,BTC/USDT:USDT,115122.9,8.8861,115122.8,0.0045,115123.1,8.3534,115123.2,0.0037
1753455930719,15:05:30.719,BTC/USDT:USDT,115122.9,8.8861,115122.8,0.0045,115123.1,8.3534,115123.2,0.0037
1753455930919,15:05:30.919,BTC/USDT:USDT,115135.4,7.5869,115135.3,0.0036,115135.6,6.663,115135.7,0.003
1753455931119,15:05:31.119,BTC/USDT:USDT,115135.4,7.5869,115135.3,0.0036,115135.6,6.663,115135.7,0.003
1753455931319,15:05:31.319,BTC/USDT:USDT,115164.0,8.5964,115163.9,0.0046,115164.2,6.2216,115164.3,0.0028
1753455931519,15:05:31.519,BTC/USDT:USDT,115164.0,8.5964,115163.9,0.0046,115164.2,6.2216,115164.3,0.0028
1753455931723,15:05:31.723,BTC/USDT:USDT,115169.3,9.7662,115169.2,0.0059,115169.5,5.7543,115169.6,0.0024
1753455931920,15:05:31.920,BTC/USDT:USDT,115169.3,9.7662,115169.2,0.0059,115169.5,5.7543,115169.6,0.0024
1753455932120,15:05:32.120,BTC/USDT:USDT,115169.3,8.673,115169.2,0.0057,115169.5,6.1004,115169.6,0.0029
1753455932319,15:05:32.319,BTC/USDT:USDT,115169.3,8.673,115169.2,0.0057,115169.5,6.1004,115169.6,0.0029
1753455932519,15:05:32.519,BTC/USDT:USDT,115172.9,9.3957,115172.8,0.0057,115173.1,6.2161,115173.2,0.0022
1753455932719,15:05:32.719,BTC/USDT:USDT,115172.9,9.3957,115172.8,0.0057,115173.1,6.2161,115173.2,0.0022
1753455932919,15:05:32.919,BTC/USDT:USDT,115172.9,9.3548,115172.8,0.0056,115173.1,6.1121,115173.2,0.0027
1753455933119,15:05:33.119,BTC/USDT:USDT,115172.9,9.3548,115172.8,0.0056,115173.1,6.1121,115173.2,0.0027
1753455933319,15:05:33.319,BTC/USDT:USDT,115172.9,8.1157,115172.8,0.0051,115173.1,6.8298,115173.2,0.0026
1753455933519,15:05:33.519,BTC/USDT:USDT,115172.9,8.1157,115172.8,0.0051,115173.1,6.8298,115173.2,0.0026
1753455933719,15:05:33.719,BTC/USDT:USDT,115172.3,9.2341,115172.2,0.0055,115172.5,6.264,115172.6,0.0028
1753455933919,15:05:33.919,BTC/USDT:USDT,115172.3,9.2341,115172.2,0.0055,115172.5,6.264,115172.6,0.0028
1753455934119,15:05:34.119,BTC/USDT:USDT,115169.2,3.7968,115169.1,0.0078,115169.4,10.3077,115169.5,0.002
1753455934319,15:05:34.319,BTC/USDT:USDT,115169.2,3.7968,115169.1,0.0078,115169.4,10.3077,115169.5,0.002
1753455934519,15:05:34.519,BTC/USDT:USDT,115167.4,0.1263,115167.3,0.0027,115167.6,12.5253,115167.7,0.0343
1753455934719,15:05:34.719,BTC/USDT:USDT,115167.4,0.1263,115167.3,0.0027,115167.6,12.5253,115167.7,0.0343
1753455934919,15:05:34.919,BTC/USDT:USDT,115167.4,0.1512,115167.3,0.0028,115167.6,12.1331,115167.7,0.0263
1753455935121,15:05:35.121,BTC/USDT:USDT,115167.4,0.1512,115167.3,0.0028,115167.6,12.1331,115167.7,0.0263
1753455935322,15:05:35.322,BTC/USDT:USDT,115167.4,0.1581,115167.3,0.0025,115167.6,12.8328,115167.7,0.0286
1753455935519,15:05:35.519,BTC/USDT:USDT,115167.4,0.1581,115167.3,0.0025,115167.6,12.8328,115167.7,0.0286
1753455935719,15:05:35.719,BTC/USDT:USDT,115167.4,0.1581,115167.3,0.0025,115167.6,12.8328,115167.7,0.0286
1753455935919,15:05:35.919,BTC/USDT:USDT,115167.4,0.1581,115167.3,0.0025,115167.6,12.8328,115167.7,0.0286
1753455936119,15:05:36.119,BTC/USDT:USDT,115167.4,0.1664,115167.3,0.0025,115167.6,15.3084,115167.7,0.0258
1753455936319,15:05:36.319,BTC/USDT:USDT,115167.4,0.1664,115167.3,0.0025,115167.6,15.3084,115167.7,0.0258
1753455936519,15:05:36.519,BTC/USDT:USDT,115167.4,0.146,115167.3,0.0029,115167.6,11.7793,115167.7,0.0352
1753455936719,15:05:36.719,BTC/USDT:USDT,115167.4,0.146,115167.3,0.0029,115167.6,11.7793,115167.7,0.0352
1753455936919,15:05:36.919,BTC/USDT:USDT,115160.9,0.1513,115160.8,0.0028,115161.1,15.3529,115161.2,0.0258
1753455937119,15:05:37.119,BTC/USDT:USDT,115160.9,0.1513,115160.8,0.0028,115161.1,15.3529,115161.2,0.0258
1753455937319,15:05:37.319,BTC/USDT:USDT,115156.4,0.131,115156.3,0.0026,115156.6,14.7092,115156.7,0.0244
1753455937519,15:05:37.519,BTC/USDT:USDT,115156.4,0.131,115156.3,0.0026,115156.6,14.7092,115156.7,0.0244
1753455937719,15:05:37.719,BTC/USDT:USDT,115156.4,0.1398,115156.3,0.0026,115156.6,11.4382,115156.7,0.0257
1753455937919,15:05:37.919,BTC/USDT:USDT,115156.4,0.1398,115156.3,0.0026,115156.6,11.4382,115156.7,0.0257
1753455938119,15:05:38.119,BTC/USDT:USDT,115160.9,0.1342,115160.8,0.0028,115161.1,12.6802,115161.2,0.0291
1753455938337,15:05:38.337,BTC/USDT:USDT,115160.9,0.1342,115160.8,0.0028,115161.1,12.6802,115161.2,0.0291
1753455938521,15:05:38.521,BTC/USDT:USDT,115167.9,0.1703,115167.8,0.0028,115168.1,12.7126,115168.2,0.027
1753455938719,15:05:38.719,BTC/USDT:USDT,115167.9,0.1703,115167.8,0.0028,115168.1,12.7126,115168.2,0.027
1753455938919,15:05:38.919,BTC/USDT:USDT,115167.9,0.1727,115167.8,0.0028,115168.1,11.7726,115168.2,0.0248
1753455939119,15:05:39.119,BTC/USDT:USDT,115167.9,0.1727,115167.8,0.0028,115168.1,11.7726,115168.2,0.0248
1753455939319,15:05:39.319,BTC/USDT:USDT,115164.5,0.1338,115164.4,0.0026,115164.7,15.2447,115164.8,0.0265
1753455939519,15:05:39.519,BTC/USDT:USDT,115164.5,0.1338,115164.4,0.0026,115164.7,15.2447,115164.8,0.0265
1753455939719,15:05:39.719,BTC/USDT:USDT,115160.4,0.1397,115160.3,0.0026,115160.6,14.2553,115160.7,0.03
1753455939919,15:05:39.919,BTC/USDT:USDT,115160.4,0.1397,115160.3,0.0026,115160.6,14.2553,115160.7,0.03
1753455940119,15:05:40.119,BTC/USDT:USDT,115160.2,0.1736,115160.1,0.0024,115160.4,13.1902,115160.5,0.0257
1753455940319,15:05:40.319,BTC/USDT:USDT,115160.2,0.1736,115160.1,0.0024,115160.4,13.1902,115160.5,0.0257
1753455940519,15:05:40.519,BTC/USDT:USDT,115160.2,0.1728,115160.1,0.0028,115160.4,14.7344,115160.5,0.0314
1753455940719,15:05:40.719,BTC/USDT:USDT,115160.2,0.1728,115160.1,0.0028,115160.4,14.7344,115160.5,0.0314
1753455940919,15:05:40.919,BTC/USDT:USDT,115156.9,0.1681,115156.8,0.0026,115157.1,13.7867,115157.2,0.0252
1753455941119,15:05:41.119,BTC/USDT:USDT,115156.9,0.1681,115156.8,0.0026,115157.1,13.7867,115157.2,0.0252
1753455941319,15:05:41.319,BTC/USDT:USDT,115137.3,0.1405,115137.2,0.0023,115137.5,15.1952,115137.6,0.0358
1753455941527,15:05:41.527,BTC/USDT:USDT,115137.3,0.1405,115137.2,0.0023,115137.5,15.1952,115137.6,0.0358
1753455941719,15:05:41.719,BTC/USDT:USDT,115135.0,0.0001,115133.4,0.1402,115145.7,1.7736,115147.7,2.6096
1753455941920,15:05:41.920,BTC/USDT:USDT,115135.0,0.0001,115133.4,0.1402,115145.7,1.7736,115147.7,2.6096
1753455942120,15:05:42.120,BTC/USDT:USDT,115135.0,0.0001,115132.9,0.142,115145.7,1.7589,115158.1,18.1808
1753455942319,15:05:42.319,BTC/USDT:USDT,115135.0,0.0001,115132.9,0.142,115145.7,1.7589,115158.1,18.1808
1753455942521,15:05:42.521,BTC/USDT:USDT,115135.0,0.0001,115132.9,0.142,115145.7,1.7589,115158.1,18.1808
1753455942719,15:05:42.719,BTC/USDT:USDT,115135.0,0.0001,115132.9,0.1163,115208.0,0.0003,115208.1,8.5559
1753455942919,15:05:42.919,BTC/USDT:USDT,115132.2,0.1206,115132.1,0.0022,115132.4,16.4679,115132.5,0.0342
1753455943119,15:05:43.119,BTC/USDT:USDT,115132.2,0.1206,115132.1,0.0022,115132.4,16.4679,115132.5,0.0342
1753455943319,15:05:43.319,BTC/USDT:USDT,115132.2,0.1316,115132.1,0.0024,115132.4,17.3945,115132.5,0.0382
1753455943519,15:05:43.519,BTC/USDT:USDT,115132.2,0.1316,115132.1,0.0024,115132.4,17.3945,115132.5,0.0382
1753455943719,15:05:43.719,BTC/USDT:USDT,115132.2,0.1316,115132.1,0.0024,115132.4,17.3945,115132.5,0.0382
1753455943919,15:05:43.919,BTC/USDT:USDT,115132.2,0.1316,115132.1,0.0024,115132.4,17.3945,115132.5,0.0382
1753455944119,15:05:44.119,BTC/USDT:USDT,115126.8,0.0001,115126.7,0.1188,115126.9,17.503,115127.0,0.0348
1753455944319,15:05:44.319,BTC/USDT:USDT,115126.8,0.0001,115126.7,0.1188,115126.9,17.503,115127.0,0.0348
1753455944519,15:05:44.519,BTC/USDT:USDT,115118.2,0.0002,115117.8,0.0001,115141.3,9.8904,115141.4,0.1098
1753455944726,15:05:44.726,BTC/USDT:USDT,115118.2,0.0002,115117.8,0.0001,115141.3,9.8904,115141.4,0.1098
1753455944919,15:05:44.919,BTC/USDT:USDT,115118.2,0.0002,115117.8,0.0001,115141.3,9.9522,115141.4,0.1453
1753455945119,15:05:45.119,BTC/USDT:USDT,115118.2,0.0002,115117.8,0.0001,115141.3,9.9522,115141.4,0.1453
1753455945319,15:05:45.319,BTC/USDT:USDT,115118.2,0.0002,115117.8,0.0001,115141.3,12.5349,115141.4,0.119
1753455945519,15:05:45.519,BTC/USDT:USDT,115118.2,0.0002,115117.8,0.0001,115141.3,12.5349,115141.4,0.119
1753455945719,15:05:45.719,BTC/USDT:USDT,115118.2,0.0002,115117.8,0.0001,115141.3,12.5349,115141.4,0.119
1753455945919,15:05:45.919,BTC/USDT:USDT,115118.2,0.0002,115117.8,0.0001,115141.3,12.5349,115141.4,0.119
1753455946119,15:05:46.119,BTC/USDT:USDT,115118.2,0.0002,115117.8,0.0001,115141.3,10.7289,115141.4,0.141
1753455946319,15:05:46.319,BTC/USDT:USDT,115118.2,0.0002,115117.8,0.0001,115141.3,10.7289,115141.4,0.141
1753455946519,15:05:46.519,BTC/USDT:USDT,115118.2,0.0002,115117.8,0.0001,115141.3,9.7586,115141.4,0.1186
1753455946719,15:05:46.719,BTC/USDT:USDT,115118.2,0.0002,115117.8,0.0001,115141.3,9.7586,115141.4,0.1186
1753455946919,15:05:46.919,BTC/USDT:USDT,115116.2,0.4718,115116.1,0.0364,115116.4,11.4077,115116.5,0.1434
1753455947119,15:05:47.119,BTC/USDT:USDT,115116.2,0.4718,115116.1,0.0364,115116.4,11.4077,115116.5,0.1434
1753455947319,15:05:47.319,BTC/USDT:USDT,115118.3,0.3949,115118.2,0.0283,115118.5,11.5314,115118.6,0.1324
1753455947519,15:05:47.519,BTC/USDT:USDT,115118.3,0.3949,115118.2,0.0283,115118.5,11.5314,115118.6,0.1324
1753455947719,15:05:47.719,BTC/USDT:USDT,115118.3,0.3958,115118.2,0.0318,115118.5,9.2967,115118.6,0.1542
1753455947919,15:05:47.919,BTC/USDT:USDT,115118.3,0.3958,115118.2,0.0318,115118.5,9.2967,115118.6,0.1542
1753455948142,15:05:48.142,BTC/USDT:USDT,115118.3,0.3958,115118.2,0.0318,115118.5,9.2967,115118.6,0.1542
1753455948325,15:05:48.325,BTC/USDT:USDT,115118.3,0.4325,115118.2,0.0372,115118.5,10.4239,115118.6,0.1189
1753455948524,15:05:48.524,BTC/USDT:USDT,115115.0,0.0348,115114.2,0.0001,115115.6,0.2497,115118.5,10.8032
1753455948719,15:05:48.719,BTC/USDT:USDT,115115.0,0.0348,115114.2,0.0001,115115.6,0.2497,115118.5,10.8032
1753455948920,15:05:48.920,BTC/USDT:USDT,115115.0,0.0348,115114.2,0.0001,115115.6,0.2497,115118.5,10.8032
1753455949125,15:05:49.125,BTC/USDT:USDT,115115.0,0.0348,115114.2,0.0001,115115.6,0.2497,115118.5,10.8032
1753455949319,15:05:49.319,BTC/USDT:USDT,115101.7,1.2382,115100.0,0.1376,115115.6,0.2439,115117.1,10.0566
1753455949519,15:05:49.519,BTC/USDT:USDT,115101.7,1.2382,115100.0,0.1376,115115.6,0.2439,115117.1,10.0566
1753455949719,15:05:49.719,BTC/USDT:USDT,115113.5,0.4398,115113.4,0.0301,115113.7,10.2702,115113.8,0.1145
1753455949919,15:05:49.919,BTC/USDT:USDT,115113.5,0.4398,115113.4,0.0301,115113.7,10.2702,115113.8,0.1145
1753455950119,15:05:50.119,BTC/USDT:USDT,115113.4,0.4162,115113.3,0.0423,115113.6,11.0674,115113.7,0.1263
1753455950319,15:05:50.319,BTC/USDT:USDT,115113.4,0.4162,115113.3,0.0423,115113.6,11.0674,115113.7,0.1263
1753455950519,15:05:50.519,BTC/USDT:USDT,115112.8,0.4375,115112.7,0.0316,115113.0,12.7104,115113.1,0.1227
1753455950719,15:05:50.719,BTC/USDT:USDT,115112.8,0.4375,115112.7,0.0316,115113.0,12.7104,115113.1,0.1227
1753455950919,15:05:50.919,BTC/USDT:USDT,115112.8,0.4325,115112.7,0.0324,115113.0,10.1644,115113.1,0.1377
1753455951119,15:05:51.119,BTC/USDT:USDT,115112.8,0.4325,115112.7,0.0324,115113.0,10.1644,115113.1,0.1377
1753455951323,15:05:51.323,BTC/USDT:USDT,115112.8,0.4325,115112.7,0.0324,115113.0,10.1644,115113.1,0.1377
1753455951520,15:05:51.520,BTC/USDT:USDT,115112.8,0.4146,115112.7,0.031,115113.0,9.2531,115113.1,0.1118
1753455951719,15:05:51.719,BTC/USDT:USDT,115111.5,0.444,115111.4,0.0402,115111.7,12.4629,115111.8,0.1102
1753455951919,15:05:51.919,BTC/USDT:USDT,115111.5,0.444,115111.4,0.0402,115111.7,12.4629,115111.8,0.1102
1753455952119,15:05:52.119,BTC/USDT:USDT,115111.5,0.444,115111.4,0.0402,115111.7,12.4629,115111.8,0.1102
1753455952387,15:05:52.387,BTC/USDT:USDT,115111.5,0.444,115111.4,0.0402,115111.7,12.4629,115111.8,0.1102
1753455952519,15:05:52.519,BTC/USDT:USDT,115109.0,0.3796,115108.9,0.0346,115109.2,9.7759,115109.3,0.1393
1753455952719,15:05:52.719,BTC/USDT:USDT,115109.0,0.3796,115108.9,0.0346,115109.2,9.7759,115109.3,0.1393
1753455952919,15:05:52.919,BTC/USDT:USDT,115104.3,0.4764,115104.2,0.029,115104.5,11.4356,115104.6,0.1119
1753455953119,15:05:53.119,BTC/USDT:USDT,115104.3,0.4764,115104.2,0.029,115104.5,11.4356,115104.6,0.1119
1753455953319,15:05:53.319,BTC/USDT:USDT,115102.2,0.4992,115102.1,0.0397,115102.4,10.037,115102.5,0.151
1753455953519,15:05:53.519,BTC/USDT:USDT,115102.2,0.4992,115102.1,0.0397,115102.4,10.037,115102.5,0.151
1753455953719,15:05:53.719,BTC/USDT:USDT,115102.2,0.514,115102.1,0.0419,115102.4,10.8848,115102.5,0.1298
1753455953919,15:05:53.919,BTC/USDT:USDT,115102.2,0.514,115102.1,0.0419,115102.4,10.8848,115102.5,0.1298
1753455954119,15:05:54.119,BTC/USDT:USDT,115102.2,3.444,115102.1,0.2233,115102.4,5.8384,115102.5,0.1291
1753455954319,15:05:54.319,BTC/USDT:USDT,115102.2,3.444,115102.1,0.2233,115102.4,5.8384,115102.5,0.1291
1753455954519,15:05:54.519,BTC/USDT:USDT,115102.2,5.3504,115102.1,0.1187,115102.4,3.062,115102.5,0.0013
1753455954723,15:05:54.723,BTC/USDT:USDT,115102.2,5.3504,115102.1,0.1187,115102.4,3.062,115102.5,0.0013
1753455954937,15:05:54.937,BTC/USDT:USDT,115102.2,6.2403,115102.1,0.1149,115102.4,2.5637,115102.5,0.0013
1753455955121,15:05:55.121,BTC/USDT:USDT,115102.2,6.2403,115102.1,0.1149,115102.4,2.5637,115102.5,0.0013
1753455955319,15:05:55.319,BTC/USDT:USDT,115102.2,6.2403,115102.1,0.1149,115102.4,2.5637,115102.5,0.0013
1753455955744,15:05:55.744,BTC/USDT:USDT,115102.2,6.2403,115102.1,0.1149,115102.4,2.5637,115102.5,0.0013
1753455955919,15:05:55.919,BTC/USDT:USDT,115101.5,6.3816,115101.4,0.1512,115101.7,3.3752,115101.8,0.0011
1753455956119,15:05:56.119,BTC/USDT:USDT,115100.0,0.1255,115099.7,0.0244,115115.6,0.2439,115116.7,3.2816
1753455956319,15:05:56.319,BTC/USDT:USDT,115100.0,0.1255,115099.7,0.0244,115115.6,0.2439,115116.7,3.2816
1753455956519,15:05:56.519,BTC/USDT:USDT,115102.1,0.0244,115100.0,0.1255,115115.6,0.2439,115116.7,3.2816
1753455956719,15:05:56.719,BTC/USDT:USDT,115102.1,0.0244,115100.0,0.1255,115115.6,0.2439,115116.7,3.2816
1753455956919,15:05:56.919,BTC/USDT:USDT,115102.1,0.0244,115100.0,0.1255,115115.6,0.2439,115116.7,3.2816
1753455957119,15:05:57.119,BTC/USDT:USDT,115102.1,0.0244,115100.0,0.1255,115115.6,0.2439,115116.7,3.2816
1753455957319,15:05:57.319,BTC/USDT:USDT,115102.1,0.0244,115100.0,0.1255,115115.6,0.2439,115116.7,3.2816
1753455957526,15:05:57.526,BTC/USDT:USDT,115102.1,0.0244,115100.0,0.1255,115115.6,0.2439,115116.7,3.2816
1753455957721,15:05:57.721,BTC/USDT:USDT,115102.4,0.0001,115102.1,0.0244,115115.6,0.2399,115125.2,3.1573
1753455957921,15:05:57.921,BTC/USDT:USDT,115102.4,0.0001,115102.1,0.0244,115115.6,0.2399,115125.2,3.1573
1753455958119,15:05:58.119,BTC/USDT:USDT,115102.1,0.0244,115100.0,0.1255,115115.6,0.2399,115125.2,2.815
1753455958319,15:05:58.319,BTC/USDT:USDT,115102.1,0.0244,115100.0,0.1255,115115.6,0.2399,115125.2,2.815
1753455958519,15:05:58.519,BTC/USDT:USDT,115102.1,0.0244,115100.0,0.1255,115115.6,0.2399,115125.2,2.815
1753455958719,15:05:58.719,BTC/USDT:USDT,115102.1,0.0244,115100.0,0.1255,115115.6,0.2322,115125.2,2.6213
1753455958919,15:05:58.919,BTC/USDT:USDT,115102.1,0.0237,115100.0,0.1255,115115.6,0.2322,115125.2,2.8756
1753455959119,15:05:59.119,BTC/USDT:USDT,115102.1,0.0237,115100.0,0.1255,115115.6,0.2322,115125.2,2.8756
1753455959319,15:05:59.319,BTC/USDT:USDT,115102.1,0.0237,115100.0,0.1255,115115.6,0.2322,115125.2,2.5486
1753455959519,15:05:59.519,BTC/USDT:USDT,115102.1,0.0237,115100.0,0.1255,115115.6,0.2322,115125.2,2.5486
1753455959719,15:05:59.719,BTC/USDT:USDT,115102.1,0.0182,115100.0,0.1255,115115.6,0.2322,115125.2,2.5486
1753455959919,15:05:59.919,BTC/USDT:USDT,115102.1,0.0182,115100.0,0.1255,115115.6,0.2322,115125.2,2.5486
1753455960119,15:06:00.119,BTC/USDT:USDT,115102.1,0.0181,115100.0,0.1255,115115.6,0.2322,115125.2,3.2076
1753455960319,15:06:00.319,BTC/USDT:USDT,115102.1,0.0181,115100.0,0.1255,115115.6,0.2322,115125.2,3.2076
1753455960519,15:06:00.519,BTC/USDT:USDT,115102.1,0.0137,115100.0,0.1255,115115.6,0.2321,115125.2,2.5159
1753455960723,15:06:00.723,BTC/USDT:USDT,115102.1,0.0137,115100.0,0.1255,115115.6,0.2321,115125.2,2.5159
1753455960920,15:06:00.920,BTC/USDT:USDT,115102.1,0.0136,115100.0,0.1255,115115.6,0.205,115125.2,2.7693
1753455961120,15:06:01.120,BTC/USDT:USDT,115102.1,0.0136,115100.0,0.1255,115115.6,0.205,115125.2,2.7693
1753455961321,15:06:01.321,BTC/USDT:USDT,115102.1,0.0056,115100.0,0.1255,115115.6,0.204,115125.2,2.9245
1753455961519,15:06:01.519,BTC/USDT:USDT,115102.1,0.0056,115100.0,0.1255,115115.6,0.204,115125.2,2.9245
1753455961721,15:06:01.721,BTC/USDT:USDT,115102.1,0.0056,115100.0,0.1255,115115.6,0.204,115125.2,2.9245
1753455961919,15:06:01.919,BTC/USDT:USDT,115102.1,0.0056,115100.0,0.1255,115115.6,0.204,115125.2,2.7843
1753455962119,15:06:02.119,BTC/USDT:USDT,115102.1,0.0056,115100.0,0.1255,115115.6,0.204,115125.2,2.7843
1753455962319,15:06:02.319,BTC/USDT:USDT,115102.1,0.0056,115100.0,0.1255,115115.6,0.204,115125.2,2.7843
1753455962519,15:06:02.519,BTC/USDT:USDT,115102.1,0.0056,115100.0,0.1255,115115.6,0.202,115125.2,2.4748
1753455962719,15:06:02.719,BTC/USDT:USDT,115102.1,0.0056,115100.0,0.1255,115115.6,0.202,115125.2,2.4748
1753455962919,15:06:02.919,BTC/USDT:USDT,115089.8,1.7027,115089.7,0.1507,115115.6,0.1379,115123.1,3.3405
1753455963119,15:06:03.119,BTC/USDT:USDT,115089.8,1.7027,115089.7,0.1507,115115.6,0.1379,115123.1,3.3405
1753455963319,15:06:03.319,BTC/USDT:USDT,115089.8,5.1077,115089.7,0.1166,115090.0,2.6685,115090.1,0.0014
1753455963519,15:06:03.519,BTC/USDT:USDT,115089.8,5.1077,115089.7,0.1166,115090.0,2.6685,115090.1,0.0014
1753455963719,15:06:03.719,BTC/USDT:USDT,115089.8,5.827,115089.7,0.1379,115090.0,2.8731,115090.1,0.0012
1753455963919,15:06:03.919,BTC/USDT:USDT,115089.8,5.827,115089.7,0.1379,115090.0,2.8731,115090.1,0.0012
1753455964119,15:06:04.119,BTC/USDT:USDT,115104.1,21.8548,115104.0,0.4619,115104.3,1.6759,115104.4,0.0015
1753455964331,15:06:04.331,BTC/USDT:USDT,115104.1,21.8548,115104.0,0.4619,115104.3,1.6759,115104.4,0.0015
1753455964524,15:06:04.524,BTC/USDT:USDT,115104.8,20.1022,115104.7,0.5283,115105.0,1.4051,115105.1,0.0018
1753455964719,15:06:04.719,BTC/USDT:USDT,115104.8,20.1022,115104.7,0.5283,115105.0,1.4051,115105.1,0.0018
1753455964919,15:06:04.919,BTC/USDT:USDT,115104.8,20.1022,115104.7,0.5283,115105.0,1.4051,115105.1,0.0018
1753455965119,15:06:05.119,BTC/USDT:USDT,115104.8,20.1022,115104.7,0.5283,115105.0,1.4051,115105.1,0.0018
1753455965319,15:06:05.319,BTC/USDT:USDT,115104.8,20.6922,115104.7,0.3423,115105.0,2.0102,115105.1,0.0023
1753455965519,15:06:05.519,BTC/USDT:USDT,115104.8,20.6922,115104.7,0.3423,115105.0,2.0102,115105.1,0.0023
1753455965719,15:06:05.719,BTC/USDT:USDT,115104.8,21.2999,115104.7,0.3566,115105.0,2.4151,115105.1,0.0018
1753455965919,15:06:05.919,BTC/USDT:USDT,115104.8,21.2999,115104.7,0.3566,115105.0,2.4151,115105.1,0.0018
1753455966119,15:06:06.119,BTC/USDT:USDT,115104.8,21.1082,115104.7,0.3337,115105.0,2.2768,115105.1,0.0017
1753455966319,15:06:06.319,BTC/USDT:USDT,115104.8,21.1082,115104.7,0.3337,115105.0,2.2768,115105.1,0.0017
1753455966519,15:06:06.519,BTC/USDT:USDT,115104.8,20.7082,115104.7,0.3865,115105.0,2.5864,115105.1,0.0018
1753455966719,15:06:06.719,BTC/USDT:USDT,115104.8,20.7082,115104.7,0.3865,115105.0,2.5864,115105.1,0.0018
1753455966919,15:06:06.919,BTC/USDT:USDT,115104.8,21.217,115104.7,0.3225,115105.0,2.116,115105.1,0.0017
1753455967119,15:06:07.119,BTC/USDT:USDT,115104.8,21.217,115104.7,0.3225,115105.0,2.116,115105.1,0.0017
1753455967319,15:06:07.319,BTC/USDT:USDT,115090.4,20.8929,115090.3,0.2523,115090.6,2.4949,115090.7,0.0023
1753455967519,15:06:07.519,BTC/USDT:USDT,115090.4,20.8929,115090.3,0.2523,115090.6,2.4949,115090.7,0.0023
1753455967719,15:06:07.719,BTC/USDT:USDT,115093.6,22.0946,115093.5,0.3065,115093.8,2.7205,115093.9,0.0017
1753455967919,15:06:07.919,BTC/USDT:USDT,115093.6,22.0946,115093.5,0.3065,115093.8,2.7205,115093.9,0.0017
1753455968119,15:06:08.119,BTC/USDT:USDT,115103.2,22.118,115103.1,0.3447,115103.4,1.9616,115103.5,0.0018
1753455968319,15:06:08.319,BTC/USDT:USDT,115103.2,22.118,115103.1,0.3447,115103.4,1.9616,115103.5,0.0018
1753455968519,15:06:08.519,BTC/USDT:USDT,115103.2,22.4453,115103.1,0.2808,115103.4,2.4905,115103.5,0.0018
1753455968719,15:06:08.719,BTC/USDT:USDT,115103.2,22.4453,115103.1,0.2808,115103.4,2.4905,115103.5,0.0018
1753455968919,15:06:08.919,BTC/USDT:USDT,115093.8,22.68,115093.7,0.2831,115094.0,2.1095,115094.1,0.0023
1753455969119,15:06:09.119,BTC/USDT:USDT,115093.8,22.68,115093.7,0.2831,115094.0,2.1095,115094.1,0.0023
1753455969319,15:06:09.319,BTC/USDT:USDT,115091.0,19.5653,115090.9,0.2563,115115.6,0.1378,115116.9,4.7421
1753455969519,15:06:09.519,BTC/USDT:USDT,115091.0,19.5653,115090.9,0.2563,115115.6,0.1378,115116.9,4.7421
1753455969719,15:06:09.719,BTC/USDT:USDT,115091.0,16.1457,115090.9,0.2958,115091.2,2.6939,115091.3,0.0021
1753455969919,15:06:09.919,BTC/USDT:USDT,115091.0,16.1457,115090.9,0.2958,115091.2,2.6939,115091.3,0.0021
1753455970119,15:06:10.119,BTC/USDT:USDT,115089.4,0.0045,115088.8,0.0011,115112.5,3.0805,115112.6,0.0019
1753455970319,15:06:10.319,BTC/USDT:USDT,115089.4,0.0045,115088.8,0.0011,115112.5,3.0805,115112.6,0.0019
1753455970519,15:06:10.519,BTC/USDT:USDT,115071.6,0.0051,115068.0,0.0001,115094.7,2.5978,115094.8,0.002
1753455970726,15:06:10.726,BTC/USDT:USDT,115071.6,0.0051,115068.0,0.0001,115094.7,2.5978,115094.8,0.002
1753455970921,15:06:10.921,BTC/USDT:USDT,115071.6,0.0051,115068.0,0.0001,115094.7,2.5003,115094.8,0.002
1753455971120,15:06:11.120,BTC/USDT:USDT,115071.6,0.0051,115068.0,0.0001,115094.7,2.5003,115094.8,0.002
1753455971321,15:06:11.321,BTC/USDT:USDT,115071.6,0.0051,115068.0,0.0001,115094.7,2.7341,115094.8,0.0025
1753455971519,15:06:11.519,BTC/USDT:USDT,115071.6,0.0051,115068.0,0.0001,115094.7,2.7341,115094.8,0.0025
1753455971719,15:06:11.719,BTC/USDT:USDT,115071.6,0.0051,115068.0,0.0001,115094.7,2.7263,115094.8,0.0024
1753455971919,15:06:11.919,BTC/USDT:USDT,115071.6,0.0051,115068.0,0.0001,115094.7,2.7263,115094.8,0.0024
1753455972119,15:06:12.119,BTC/USDT:USDT,115071.6,0.0051,115068.3,21.289,115094.7,3.2126,115094.8,0.0022
1753455972319,15:06:12.319,BTC/USDT:USDT,115071.6,0.0051,115068.3,21.289,115094.7,3.2126,115094.8,0.0022
1753455972519,15:06:12.519,BTC/USDT:USDT,115071.6,0.0051,115068.0,0.0001,115094.7,3.1751,115094.8,0.0024
1753455972719,15:06:12.719,BTC/USDT:USDT,115071.6,0.0051,115068.0,0.0001,115094.7,3.1751,115094.8,0.0024
1753455972919,15:06:12.919,BTC/USDT:USDT,115071.6,0.0051,115068.0,0.0001,115094.7,2.5436,115094.8,0.0026
1753455973119,15:06:13.119,BTC/USDT:USDT,115071.6,0.0051,115068.0,0.0001,115094.7,2.5436,115094.8,0.0026
1753455973319,15:06:13.319,BTC/USDT:USDT,115071.6,0.0051,115068.0,0.0001,115094.7,2.7021,115094.8,0.0021
1753455973519,15:06:13.519,BTC/USDT:USDT,115071.6,0.0051,115068.0,0.0001,115094.7,2.7021,115094.8,0.0021
1753455973719,15:06:13.719,BTC/USDT:USDT,115071.6,0.0051,115068.0,0.0001,115094.7,2.8825,115094.8,0.0023
1753455973930,15:06:13.930,BTC/USDT:USDT,115071.6,0.0051,115068.0,0.0001,115094.7,2.8825,115094.8,0.0023
1753455974120,15:06:14.120,BTC/USDT:USDT,115071.6,0.0051,115068.0,0.0001,115094.7,4.4747,115094.8,0.0019
1753455974320,15:06:14.320,BTC/USDT:USDT,115071.6,0.0051,115068.0,0.0001,115094.7,4.4747,115094.8,0.0019
1753455974520,15:06:14.520,BTC/USDT:USDT,115071.6,0.0051,115068.0,0.0001,115094.7,7.7742,115094.8,0.0073
1753455974719,15:06:14.719,BTC/USDT:USDT,115071.6,0.0051,115068.0,0.0001,115094.7,7.7742,115094.8,0.0073
1753455974919,15:06:14.919,BTC/USDT:USDT,115071.6,0.0051,115068.0,0.0001,115094.7,7.7742,115094.8,0.0073
1753455975119,15:06:15.119,BTC/USDT:USDT,115071.6,0.0051,115068.0,0.0001,115094.7,10.6435,115094.8,0.0073
1753455975319,15:06:15.319,BTC/USDT:USDT,115071.6,0.0051,115068.0,0.0001,115094.7,8.8225,115094.8,0.0085
1753455975519,15:06:15.519,BTC/USDT:USDT,115071.6,0.0051,115068.0,0.0001,115094.7,8.8225,115094.8,0.0085
1753455975719,15:06:15.719,BTC/USDT:USDT,115071.6,0.0051,115068.0,0.0001,115094.7,9.2846,115094.8,0.008
1753455975919,15:06:15.919,BTC/USDT:USDT,115071.6,0.0051,115068.0,0.0001,115094.7,9.2846,115094.8,0.008
1753455976119,15:06:16.119,BTC/USDT:USDT,115071.6,0.0051,115068.0,0.0001,115094.7,8.5544,115094.8,0.0087
1753455976319,15:06:16.319,BTC/USDT:USDT,115071.6,0.0051,115068.0,0.0001,115094.7,8.5544,115094.8,0.0087
1753455976519,15:06:16.519,BTC/USDT:USDT,115071.6,0.0051,115068.0,0.0001,115094.7,8.252,115094.8,0.0086
1753455976719,15:06:16.719,BTC/USDT:USDT,115071.6,0.0051,115068.0,0.0001,115094.7,8.252,115094.8,0.0086
1753455976919,15:06:16.919,BTC/USDT:USDT,115067.1,0.0001,115064.8,1.8458,115090.2,9.8038,115090.3,0.0067
1753455977119,15:06:17.119,BTC/USDT:USDT,115067.1,0.0001,115064.8,1.8458,115090.2,9.8038,115090.3,0.0067
1753455977323,15:06:17.323,BTC/USDT:USDT,115067.1,0.0001,115064.8,1.8458,115090.2,9.8038,115090.3,0.0067
1753455977521,15:06:17.521,BTC/USDT:USDT,115073.1,1.8025,115073.0,0.0012,115073.3,9.699,115073.4,0.0085
1753455977720,15:06:17.720,BTC/USDT:USDT,115073.1,1.8025,115073.0,0.0012,115073.3,9.6737,115073.4,0.0085
1753455977919,15:06:17.919,BTC/USDT:USDT,115073.1,1.8025,115073.0,0.0012,115073.3,9.6737,115073.4,0.0085
1753455978119,15:06:18.119,BTC/USDT:USDT,115073.1,1.8025,115073.0,0.0012,115073.3,9.6737,115073.4,0.0085
1753455978381,15:06:18.381,BTC/USDT:USDT,115073.1,1.8025,115073.0,0.0012,115073.3,9.6737,115073.4,0.0085
1753455978519,15:06:18.519,BTC/USDT:USDT,115078.8,1.7216,115078.7,0.0008,115079.0,8.6028,115079.1,0.0083
1753455978719,15:06:18.719,BTC/USDT:USDT,115078.8,1.7216,115078.7,0.0008,115079.0,8.6028,115079.1,0.0083
1753455978919,15:06:18.919,BTC/USDT:USDT,115078.8,1.8127,115078.7,0.0011,115079.0,8.7116,115079.1,0.0079
1753455979119,15:06:19.119,BTC/USDT:USDT,115078.8,1.8127,115078.7,0.0011,115079.0,8.7116,115079.1,0.0079
1753455979319,15:06:19.319,BTC/USDT:USDT,115079.4,1.4195,115079.3,0.0009,115079.6,8.4684,115079.7,0.0076
1753455979519,15:06:19.519,BTC/USDT:USDT,115079.4,1.4195,115079.3,0.0009,115079.6,8.4684,115079.7,0.0076
1753455979719,15:06:19.719,BTC/USDT:USDT,115079.4,1.4195,115079.3,0.0009,115079.6,8.4684,115079.7,0.0076
1753455979919,15:06:19.919,BTC/USDT:USDT,115084.9,2.0315,115084.8,0.0011,115085.1,7.2331,115085.2,0.0058
1753455980119,15:06:20.119,BTC/USDT:USDT,115084.9,2.2266,115084.8,0.0012,115085.1,7.2125,115085.2,0.0056
1753455980319,15:06:20.319,BTC/USDT:USDT,115084.9,2.2266,115084.8,0.0012,115085.1,7.2125,115085.2,0.0056
1753455980521,15:06:20.521,BTC/USDT:USDT,115084.9,2.2266,115084.8,0.0012,115085.1,7.2125,115085.2,0.0056
1753455980719,15:06:20.719,BTC/USDT:USDT,115099.0,1.9003,115098.9,0.0014,115099.2,8.3249,115099.3,0.0072
1753455980920,15:06:20.920,BTC/USDT:USDT,115100.2,1.8916,115100.1,0.0012,115100.4,8.1532,115100.5,0.0056
1753455981119,15:06:21.119,BTC/USDT:USDT,115100.2,1.8916,115100.1,0.0012,115100.4,8.1532,115100.5,0.0056
1753455981319,15:06:21.319,BTC/USDT:USDT,115100.6,1.9867,115100.5,0.0014,115100.8,6.6981,115100.9,0.0062
1753455981519,15:06:21.519,BTC/USDT:USDT,115100.6,1.9867,115100.5,0.0014,115100.8,6.6981,115100.9,0.0062
1753455981719,15:06:21.719,BTC/USDT:USDT,115100.6,2.2759,115100.5,0.0014,115100.8,8.8914,115100.9,0.0061
1753455981919,15:06:21.919,BTC/USDT:USDT,115100.6,2.2759,115100.5,0.0014,115100.8,8.8914,115100.9,0.0061
1753455982119,15:06:22.119,BTC/USDT:USDT,115100.6,1.8828,115100.5,0.0013,115100.8,6.6215,115100.9,0.0065
1753455982319,15:06:22.319,BTC/USDT:USDT,115100.6,1.8828,115100.5,0.0013,115100.8,6.6215,115100.9,0.0065
1753455982519,15:06:22.519,BTC/USDT:USDT,115101.1,1.6749,115101.0,0.0011,115101.3,7.9959,115101.4,0.0076
1753455982719,15:06:22.719,BTC/USDT:USDT,115101.1,1.6749,115101.0,0.0011,115101.3,7.9959,115101.4,0.0076
1753455982919,15:06:22.919,BTC/USDT:USDT,115102.0,1.9219,115101.9,0.0011,115102.2,8.2254,115102.3,0.005
1753455983119,15:06:23.119,BTC/USDT:USDT,115102.0,1.9219,115101.9,0.0011,115102.2,8.2254,115102.3,0.005
1753455983319,15:06:23.319,BTC/USDT:USDT,115102.0,1.7036,115101.9,0.0011,115102.2,7.061,115102.3,0.0061
1753455983519,15:06:23.519,BTC/USDT:USDT,115102.0,1.7036,115101.9,0.0011,115102.2,7.061,115102.3,0.0061
1753455983728,15:06:23.728,BTC/USDT:USDT,115104.9,1.7175,115104.8,0.0013,115105.1,7.6751,115105.2,0.0065
1753455983921,15:06:23.921,BTC/USDT:USDT,115104.9,1.7175,115104.8,0.0013,115105.1,7.6751,115105.2,0.0065
1753455984119,15:06:24.119,BTC/USDT:USDT,115093.1,6.938,115092.5,11.8682,115115.6,0.1205,115128.4,0.3035
1753455984319,15:06:24.319,BTC/USDT:USDT,115093.1,6.938,115092.5,11.8682,115115.6,0.1205,115128.4,0.3035
1753455984519,15:06:24.519,BTC/USDT:USDT,115093.1,6.938,115092.5,11.8682,115115.6,0.1205,115128.4,0.3035
1753455984719,15:06:24.719,BTC/USDT:USDT,115093.1,6.938,115092.5,12.6433,115115.6,0.1205,115123.4,0.3115
1753455984919,15:06:24.919,BTC/USDT:USDT,115093.1,6.938,115092.5,10.2818,115115.6,0.0521,115123.3,0.3113
1753455985119,15:06:25.119,BTC/USDT:USDT,115093.1,6.938,115092.5,10.2818,115115.6,0.0521,115123.3,0.3113
1753455985319,15:06:25.319,BTC/USDT:USDT,115093.1,6.9299,115092.5,12.8619,115123.3,0.4024,115123.4,0.0015
1753455985519,15:06:25.519,BTC/USDT:USDT,115093.1,6.9299,115092.5,12.8619,115123.3,0.4024,115123.4,0.0015
1753455985719,15:06:25.719,BTC/USDT:USDT,115123.1,9.2272,115123.0,1.7269,115123.3,0.3348,115123.4,0.0012
1753455985919,15:06:25.919,BTC/USDT:USDT,115123.1,9.2272,115123.0,1.7269,115123.3,0.3348,115123.4,0.0012
1753455986119,15:06:26.119,BTC/USDT:USDT,115124.8,11.8685,115124.7,2.165,115125.0,0.3125,115125.1,0.0015
1753455986319,15:06:26.319,BTC/USDT:USDT,115124.8,11.8685,115124.7,2.165,115125.0,0.3125,115125.1,0.0015
1753455986519,15:06:26.519,BTC/USDT:USDT,115124.8,12.6959,115124.7,1.8195,115125.0,0.3203,115125.1,0.0014
1753455986725,15:06:26.725,BTC/USDT:USDT,115124.8,12.6959,115124.7,1.8195,115125.0,0.3203,115125.1,0.0014
1753455986919,15:06:26.919,BTC/USDT:USDT,115124.8,11.6721,115124.7,2.0403,115125.0,0.3361,115125.1,0.0012
1753455987121,15:06:27.121,BTC/USDT:USDT,115124.8,11.6721,115124.7,2.0403,115125.0,0.3361,115125.1,0.0012
1753455987319,15:06:27.319,BTC/USDT:USDT,115124.8,11.8085,115124.7,2.0915,115125.0,0.37,115125.1,0.0012
1753455987519,15:06:27.519,BTC/USDT:USDT,115124.8,11.8085,115124.7,2.0915,115125.0,0.37,115125.1,0.0012
1753455987719,15:06:27.719,BTC/USDT:USDT,115124.8,11.0768,115124.7,2.1515,115125.0,0.3696,115125.1,0.0015
1753455987919,15:06:27.919,BTC/USDT:USDT,115124.8,11.0768,115124.7,2.1515,115125.0,0.3696,115125.1,0.0015
1753455988119,15:06:28.119,BTC/USDT:USDT,115122.1,12.7835,115122.0,2.1431,115122.3,0.3119,115122.4,0.0012
1753455988319,15:06:28.319,BTC/USDT:USDT,115122.1,12.7835,115122.0,2.1431,115122.3,0.3119,115122.4,0.0012
1753455988519,15:06:28.519,BTC/USDT:USDT,115116.3,10.5904,115116.2,1.7794,115116.5,0.391,115116.6,0.0335
1753455988719,15:06:28.719,BTC/USDT:USDT,115116.3,10.5904,115116.2,1.7794,115116.5,0.391,115116.6,0.0335
1753455988919,15:06:28.919,BTC/USDT:USDT,115122.4,10.3861,115122.3,1.7951,115122.6,0.4061,115122.7,0.0013
1753455989119,15:06:29.119,BTC/USDT:USDT,115122.4,10.3861,115122.3,1.7951,115122.6,0.4061,115122.7,0.0013
1753455989319,15:06:29.319,BTC/USDT:USDT,115122.9,11.1683,115122.8,2.089,115123.1,0.4216,115123.2,0.0013
1753455989519,15:06:29.519,BTC/USDT:USDT,115122.9,11.1683,115122.8,2.089,115123.1,0.4216,115123.2,0.0013
1753455989719,15:06:29.719,BTC/USDT:USDT,115123.2,12.8126,115123.1,2.4066,115123.4,0.3278,115123.5,0.0012
1753455989919,15:06:29.919,BTC/USDT:USDT,115123.2,12.8126,115123.1,2.4066,115123.4,0.3278,115123.5,0.0012
1753455990128,15:06:30.128,BTC/USDT:USDT,115123.2,10.8406,115123.1,1.731,115123.4,0.3336,115123.5,0.0013
1753455990324,15:06:30.324,BTC/USDT:USDT,115123.2,10.8406,115123.1,1.731,115123.4,0.3336,115123.5,0.0013
1753455990519,15:06:30.519,BTC/USDT:USDT,115123.2,10.3943,115123.1,2.1645,115123.4,0.3426,115123.5,0.0013
1753455990719,15:06:30.719,BTC/USDT:USDT,115123.2,10.3943,115123.1,2.1645,115123.4,0.3426,115123.5,0.0013
1753455990919,15:06:30.919,BTC/USDT:USDT,115123.2,10.3943,115123.1,2.1645,115123.4,0.3426,115123.5,0.0013
1753455991119,15:06:31.119,BTC/USDT:USDT,115123.2,11.3031,115123.1,2.3262,115123.4,0.3976,115123.5,0.0013
1753455991319,15:06:31.319,BTC/USDT:USDT,115121.6,9.1673,115121.5,2.3294,115121.8,0.377,115121.9,0.0016
1753455991519,15:06:31.519,BTC/USDT:USDT,115121.6,9.1673,115121.5,2.3294,115121.8,0.377,115121.9,0.0016
1753455991719,15:06:31.719,BTC/USDT:USDT,115121.6,9.1673,115121.5,2.3294,115121.8,0.377,115121.9,0.0016
1753455991919,15:06:31.919,BTC/USDT:USDT,115121.6,9.1673,115121.5,2.3294,115121.8,0.377,115121.9,0.0016
1753455992119,15:06:32.119,BTC/USDT:USDT,115121.6,10.8386,115121.5,2.2282,115121.8,0.3165,115121.9,0.0011
1753455992319,15:06:32.319,BTC/USDT:USDT,115121.6,10.8386,115121.5,2.2282,115121.8,0.3165,115121.9,0.0011
1753455992519,15:06:32.519,BTC/USDT:USDT,115121.6,10.4163,115121.5,1.869,115121.8,0.2965,115121.9,0.0015
1753455992719,15:06:32.719,BTC/USDT:USDT,115121.6,10.4163,115121.5,1.869,115121.8,0.2965,115121.9,0.0015
1753455992919,15:06:32.919,BTC/USDT:USDT,115121.6,10.4163,115121.5,1.869,115121.8,0.2965,115121.9,0.0015
1753455993119,15:06:33.119,BTC/USDT:USDT,115121.6,10.4163,115121.5,1.869,115121.8,0.2965,115121.9,0.0015
1753455993344,15:06:33.344,BTC/USDT:USDT,115121.6,10.4163,115121.5,1.869,115121.8,0.2965,115121.9,0.0015
1753455993520,15:06:33.520,BTC/USDT:USDT,115113.4,11.2638,115113.3,2.0614,115113.6,0.3785,115113.7,0.0012
1753455993719,15:06:33.719,BTC/USDT:USDT,115109.7,11.5329,115109.6,2.1877,115109.9,0.3712,115110.0,0.0014
1753455993919,15:06:33.919,BTC/USDT:USDT,115109.7,11.5329,115109.6,2.1877,115109.9,0.3712,115110.0,0.0014
1753455994119,15:06:34.119,BTC/USDT:USDT,115109.7,11.5329,115109.6,2.1877,115109.9,0.3712,115110.0,0.0014
1753455994319,15:06:34.319,BTC/USDT:USDT,115109.7,11.5329,115109.6,2.1877,115109.9,0.3712,115110.0,0.0014
1753455995009,15:06:35.009,BTC/USDT:USDT,115109.7,9.5595,115109.6,1.862,115109.9,0.2951,115110.0,0.0013
1753455995119,15:06:35.119,BTC/USDT:USDT,115109.7,3.1737,115109.6,0.0014,115109.9,5.1665,115110.0,0.1098
1753455995319,15:06:35.319,BTC/USDT:USDT,115111.7,3.0087,115111.6,0.0012,115111.9,4.7887,115112.0,0.1045
1753455995519,15:06:35.519,BTC/USDT:USDT,115111.7,3.0087,115111.6,0.0012,115111.9,4.7887,115112.0,0.1045
1753455995719,15:06:35.719,BTC/USDT:USDT,115114.6,3.7193,115114.5,0.0013,115114.8,4.9756,115114.9,0.087
1753455995919,15:06:35.919,BTC/USDT:USDT,115114.6,3.7193,115114.5,0.0013,115114.8,4.9756,115114.9,0.087
1753455996119,15:06:36.119,BTC/USDT:USDT,115114.6,4.0761,115114.5,0.0014,115114.8,4.0329,115114.9,0.1106
1753455996319,15:06:36.319,BTC/USDT:USDT,115114.6,4.0761,115114.5,0.0014,115114.8,4.0329,115114.9,0.1106
1753455996519,15:06:36.519,BTC/USDT:USDT,115114.6,3.076,115114.5,0.0015,115114.8,4.4563,115114.9,0.0848
1753455996719,15:06:36.719,BTC/USDT:USDT,115114.6,3.076,115114.5,0.0015,115114.8,4.4563,115114.9,0.0848
1753455996930,15:06:36.930,BTC/USDT:USDT,115114.6,4.0008,115114.5,0.0013,115114.8,5.2241,115114.9,0.0906
1753455997119,15:06:37.119,BTC/USDT:USDT,115114.6,4.0008,115114.5,0.0013,115114.8,5.2241,115114.9,0.0906
1753455997321,15:06:37.321,BTC/USDT:USDT,115114.6,4.0008,115114.5,0.0013,115114.8,5.224,115114.9,0.0906
1753455997519,15:06:37.519,BTC/USDT:USDT,115114.6,4.0008,115114.5,0.0013,115114.8,5.224,115114.9,0.0906
1753455997719,15:06:37.719,BTC/USDT:USDT,115116.6,3.729,115116.5,0.0013,115116.8,4.1344,115116.9,0.0859
1753455997919,15:06:37.919,BTC/USDT:USDT,115116.6,3.729,115116.5,0.0013,115116.8,4.1344,115116.9,0.0859
1753455998119,15:06:38.119,BTC/USDT:USDT,115116.6,3.729,115116.5,0.0013,115116.8,4.1344,115116.9,0.0859
1753455998426,15:06:38.426,BTC/USDT:USDT,115116.6,3.729,115116.5,0.0013,115116.8,4.1344,115116.9,0.0859
1753455998522,15:06:38.522,BTC/USDT:USDT,115116.6,3.729,115116.5,0.0013,115116.8,4.1344,115116.9,0.0859
1753455998719,15:06:38.719,BTC/USDT:USDT,115119.0,2.9219,115118.9,0.0013,115119.2,5.0734,115119.3,0.0962
1753455998919,15:06:38.919,BTC/USDT:USDT,115119.0,2.9219,115118.9,0.0013,115119.2,5.0734,115119.3,0.0962
1753455999119,15:06:39.119,BTC/USDT:USDT,115119.0,2.9219,115118.9,0.0013,115119.2,5.0734,115119.3,0.0962
1753455999319,15:06:39.319,BTC/USDT:USDT,115119.0,3.7744,115118.9,0.0012,115119.2,5.4656,115119.3,0.109
1753455999519,15:06:39.519,BTC/USDT:USDT,115119.0,3.7744,115118.9,0.0012,115119.2,5.4656,115119.3,0.109
1753455999719,15:06:39.719,BTC/USDT:USDT,115125.0,3.6811,115124.9,0.0014,115125.2,3.4287,115125.3,0.0775
1753455999919,15:06:39.919,BTC/USDT:USDT,115125.0,3.6811,115124.9,0.0014,115125.2,3.4287,115125.3,0.0775
1753456000119,15:06:40.119,BTC/USDT:USDT,115126.6,4.2105,115126.5,0.0019,115126.8,4.0235,115126.9,0.0942
1753456000319,15:06:40.319,BTC/USDT:USDT,115126.6,4.2105,115126.5,0.0019,115126.8,4.0235,115126.9,0.0942
1753456000519,15:06:40.519,BTC/USDT:USDT,115109.1,8.7259,115109.0,0.0015,115132.2,0.1279,115139.5,3.9135
1753456000722,15:06:40.722,BTC/USDT:USDT,115109.1,8.7259,115109.0,0.0015,115132.2,0.1279,115139.5,3.9135
1753456000919,15:06:40.919,BTC/USDT:USDT,115109.1,7.7698,115109.0,0.0014,115132.2,0.1236,115139.5,3.8288
1753456001119,15:06:41.119,BTC/USDT:USDT,115109.1,7.7698,115109.0,0.0014,115132.2,0.1236,115139.5,3.8288
1753456001320,15:06:41.320,BTC/USDT:USDT,115151.5,3.9645,115151.4,0.0015,115151.7,3.4913,115151.8,0.0906
1753456001519,15:06:41.519,BTC/USDT:USDT,115151.5,3.9645,115151.4,0.0015,115151.7,3.4913,115151.8,0.0906
1753456001719,15:06:41.719,BTC/USDT:USDT,115151.7,3.8706,115151.6,0.0015,115151.9,4.4077,115152.0,0.0926
1753456001919,15:06:41.919,BTC/USDT:USDT,115151.7,3.8706,115151.6,0.0015,115151.9,4.4077,115152.0,0.0926
1753456002119,15:06:42.119,BTC/USDT:USDT,115154.5,4.3125,115154.4,0.0017,115154.7,4.0809,115154.8,0.0878
1753456002319,15:06:42.319,BTC/USDT:USDT,115154.5,4.3125,115154.4,0.0017,115154.7,4.0809,115154.8,0.0878
1753456002519,15:06:42.519,BTC/USDT:USDT,115163.4,3.8445,115163.3,0.0017,115163.6,4.4023,115163.7,0.0713
1753456002719,15:06:42.719,BTC/USDT:USDT,115163.4,3.8445,115163.3,0.0017,115163.6,4.4023,115163.7,0.0713
1753456002919,15:06:42.919,BTC/USDT:USDT,115146.6,9.0898,115146.5,0.0016,115169.7,0.0001,115170.0,3.5894
1753456003119,15:06:43.119,BTC/USDT:USDT,115146.6,9.0898,115146.5,0.0016,115169.7,0.0001,115170.0,3.5894
1753456003319,15:06:43.319,BTC/USDT:USDT,115152.8,4.0295,115152.7,0.0016,115153.0,3.8091,115153.1,0.0963
1753456003519,15:06:43.519,BTC/USDT:USDT,115152.8,4.0295,115152.7,0.0016,115153.0,3.8091,115153.1,0.0963
1753456003719,15:06:43.719,BTC/USDT:USDT,115152.4,4.1511,115152.3,0.0015,115152.6,4.4208,115152.7,0.0709
1753456003919,15:06:43.919,BTC/USDT:USDT,115152.4,4.1511,115152.3,0.0015,115152.6,4.4208,115152.7,0.0709
1753456004124,15:06:44.124,BTC/USDT:USDT,115150.1,4.2685,115150.0,0.0015,115150.3,3.5006,115150.4,0.0917
1753456004321,15:06:44.321,BTC/USDT:USDT,115150.1,4.2685,115150.0,0.0015,115150.3,3.5006,115150.4,0.0917
1753456004521,15:06:44.521,BTC/USDT:USDT,115136.2,0.2387,115136.1,0.0111,115136.4,9.0699,115136.5,0.0262
1753456004719,15:06:44.719,BTC/USDT:USDT,115136.2,0.2387,115136.1,0.0111,115136.4,9.0699,115136.5,0.0262
1753456004919,15:06:44.919,BTC/USDT:USDT,115136.2,0.2387,115136.1,0.0111,115136.4,9.0699,115136.5,0.0262
1753456005119,15:06:45.119,BTC/USDT:USDT,115135.6,0.2835,115135.5,0.014,115135.8,7.4772,115135.9,0.0323
1753456005319,15:06:45.319,BTC/USDT:USDT,115135.6,0.2431,115135.5,0.0134,115135.8,9.9989,115135.9,0.026
1753456005519,15:06:45.519,BTC/USDT:USDT,115135.6,0.2431,115135.5,0.0134,115135.8,9.9989,115135.9,0.026
1753456005719,15:06:45.719,BTC/USDT:USDT,115133.8,0.2378,115133.7,0.0123,115134.0,8.3344,115134.1,0.027
1753456005919,15:06:45.919,BTC/USDT:USDT,115133.8,0.2378,115133.7,0.0123,115134.0,8.3344,115134.1,0.027
1753456006119,15:06:46.119,BTC/USDT:USDT,115132.0,0.2392,115131.9,0.0133,115132.2,10.1351,115132.3,0.0295
1753456006319,15:06:46.319,BTC/USDT:USDT,115132.0,0.2392,115131.9,0.0133,115132.2,10.1351,115132.3,0.0295
1753456006519,15:06:46.519,BTC/USDT:USDT,115132.0,0.2468,115131.9,0.0104,115132.2,9.3574,115132.3,0.033
1753456006719,15:06:46.719,BTC/USDT:USDT,115132.0,0.2468,115131.9,0.0104,115132.2,9.3574,115132.3,0.033
1753456006919,15:06:46.919,BTC/USDT:USDT,115132.0,0.2567,115131.9,0.0109,115132.2,8.5318,115132.3,0.0302
1753456007119,15:06:47.119,BTC/USDT:USDT,115132.0,0.2567,115131.9,0.0109,115132.2,8.5318,115132.3,0.0302
1753456007330,15:06:47.330,BTC/USDT:USDT,115132.0,0.2567,115131.9,0.0109,115132.2,8.5318,115132.3,0.0302
1753456007519,15:06:47.519,BTC/USDT:USDT,115132.0,0.2718,115131.9,0.0145,115132.2,9.6,115132.3,0.0356
1753456007720,15:06:47.720,BTC/USDT:USDT,115132.0,0.3087,115131.9,0.0121,115132.2,9.4324,115132.3,0.0305
1753456007919,15:06:47.919,BTC/USDT:USDT,115132.0,0.3087,115131.9,0.0121,115132.2,9.4324,115132.3,0.0305
1753456008119,15:06:48.119,BTC/USDT:USDT,115132.0,0.2749,115131.9,0.0134,115132.2,7.7049,115132.3,0.029
1753456008319,15:06:48.319,BTC/USDT:USDT,115132.0,0.2749,115131.9,0.0134,115132.2,7.7049,115132.3,0.029
1753456008519,15:06:48.519,BTC/USDT:USDT,115132.0,0.2423,115131.9,0.0125,115132.2,9.8051,115132.3,0.0277
1753456008719,15:06:48.719,BTC/USDT:USDT,115132.0,0.2423,115131.9,0.0125,115132.2,9.8051,115132.3,0.0277
1753456008919,15:06:48.919,BTC/USDT:USDT,115132.0,0.2667,115131.9,0.0107,115132.2,9.0719,115132.3,0.035
1753456009119,15:06:49.119,BTC/USDT:USDT,115132.0,0.2667,115131.9,0.0107,115132.2,9.0719,115132.3,0.035
1753456009319,15:06:49.319,BTC/USDT:USDT,115132.0,0.2666,115131.9,0.0107,115132.2,9.0719,115132.3,0.035
1753456009519,15:06:49.519,BTC/USDT:USDT,115132.0,0.2666,115131.9,0.0107,115132.2,9.0719,115132.3,0.035
1753456009719,15:06:49.719,BTC/USDT:USDT,115132.0,0.2627,115131.9,0.0108,115132.2,8.0984,115132.3,0.0273
1753456009919,15:06:49.919,BTC/USDT:USDT,115132.0,0.2627,115131.9,0.0108,115132.2,8.0984,115132.3,0.0273
1753456010119,15:06:50.119,BTC/USDT:USDT,115132.0,0.2052,115131.9,0.0105,115132.2,9.0696,115132.3,0.0298
1753456010319,15:06:50.319,BTC/USDT:USDT,115132.0,0.2052,115131.9,0.0105,115132.2,9.0696,115132.3,0.0298
1753456010519,15:06:50.519,BTC/USDT:USDT,115132.0,0.1904,115131.9,0.0109,115132.2,10.1168,115132.3,0.0417
1753456010754,15:06:50.754,BTC/USDT:USDT,115132.0,0.1904,115131.9,0.0109,115132.2,10.1168,115132.3,0.0417
1753456010919,15:06:50.919,BTC/USDT:USDT,115132.0,0.1904,115131.9,0.0109,115132.2,10.1168,115132.3,0.0417
1753456011119,15:06:51.119,BTC/USDT:USDT,115132.0,0.1904,115131.9,0.0109,115132.2,10.1168,115132.3,0.0417
1753456011323,15:06:51.323,BTC/USDT:USDT,115132.0,0.2065,115131.9,0.0094,115132.2,12.0509,115132.3,0.037
1753456011519,15:06:51.519,BTC/USDT:USDT,115132.0,0.2065,115131.9,0.0094,115132.2,12.0509,115132.3,0.037
1753456011719,15:06:51.719,BTC/USDT:USDT,115132.0,0.2322,115131.9,0.0101,115132.2,9.7845,115132.3,0.0412
1753456011919,15:06:51.919,BTC/USDT:USDT,115132.0,0.2322,115131.9,0.0101,115132.2,9.7845,115132.3,0.0412
1753456012119,15:06:52.119,BTC/USDT:USDT,115134.6,0.1984,115134.5,0.0093,115134.8,11.8795,115134.9,0.0403
1753456012319,15:06:52.319,BTC/USDT:USDT,115134.6,0.1984,115134.5,0.0093,115134.8,11.8795,115134.9,0.0403
1753456012519,15:06:52.519,BTC/USDT:USDT,115141.4,0.244,115141.3,0.0118,115141.6,12.22,115141.7,0.0345
1753456012719,15:06:52.719,BTC/USDT:USDT,115141.4,0.244,115141.3,0.0118,115141.6,12.22,115141.7,0.0345
1753456012919,15:06:52.919,BTC/USDT:USDT,115141.5,0.2246,115141.4,0.0116,115141.7,9.1397,115141.8,0.0356
1753456013119,15:06:53.119,BTC/USDT:USDT,115141.5,0.2246,115141.4,0.0116,115141.7,9.1397,115141.8,0.0356
1753456013319,15:06:53.319,BTC/USDT:USDT,115141.5,0.2038,115141.4,0.0094,115141.7,10.5225,115141.8,0.0321
1753456013519,15:06:53.519,BTC/USDT:USDT,115141.5,0.2038,115141.4,0.0094,115141.7,10.5225,115141.8,0.0321
1753456013719,15:06:53.719,BTC/USDT:USDT,115156.5,0.2216,115156.4,0.0138,115156.7,9.104,115156.8,0.0241
1753456013919,15:06:53.919,BTC/USDT:USDT,115156.5,0.2216,115156.4,0.0138,115156.7,9.104,115156.8,0.0241
1753456014125,15:06:54.125,BTC/USDT:USDT,115156.5,0.2216,115156.4,0.0138,115156.7,9.104,115156.8,0.0241
1753456014325,15:06:54.325,BTC/USDT:USDT,115160.1,0.2476,115160.0,0.0122,115160.3,8.4778,115160.4,0.0343
1753456014542,15:06:54.542,BTC/USDT:USDT,115160.1,0.2476,115160.0,0.0122,115160.3,8.4778,115160.4,0.0343
1753456014722,15:06:54.722,BTC/USDT:USDT,115160.4,1.5946,115160.3,0.0579,115160.6,2.7812,115160.7,0.005
1753456014919,15:06:54.919,BTC/USDT:USDT,115160.4,1.5946,115160.3,0.0579,115160.6,2.7812,115160.7,0.005
1753456015123,15:06:55.123,BTC/USDT:USDT,115160.4,1.5946,115160.3,0.0579,115160.6,2.7812,115160.7,0.005
1753456015319,15:06:55.319,BTC/USDT:USDT,115168.5,6.1384,115168.4,0.1285,115168.7,1.462,115168.8,0.0006
1753456015519,15:06:55.519,BTC/USDT:USDT,115168.5,6.1384,115168.4,0.1285,115168.7,1.462,115168.8,0.0006
1753456015719,15:06:55.719,BTC/USDT:USDT,115168.5,6.1384,115168.4,0.1285,115168.7,1.462,115168.8,0.0006
1753456015919,15:06:55.919,BTC/USDT:USDT,115168.5,6.1384,115168.4,0.1285,115168.7,1.462,115168.8,0.0006
1753456016119,15:06:56.119,BTC/USDT:USDT,115146.6,5.5309,115146.5,0.1088,115169.7,0.0001,115173.1,1.4868
1753456016319,15:06:56.319,BTC/USDT:USDT,115146.6,5.5309,115146.5,0.1088,115169.7,0.0001,115173.1,1.4868
1753456016519,15:06:56.519,BTC/USDT:USDT,115176.2,5.6,115176.1,0.099,115176.4,1.6598,115176.5,0.0008
1753456016719,15:06:56.719,BTC/USDT:USDT,115176.2,5.6,115176.1,0.099,115176.4,1.6598,115176.5,0.0008
1753456016919,15:06:56.919,BTC/USDT:USDT,115154.5,4.9138,115154.4,0.1148,115177.6,0.0011,115178.0,0.0013
1753456017155,15:06:57.155,BTC/USDT:USDT,115154.5,4.9138,115154.4,0.1148,115177.6,0.0011,115178.0,0.0013
1753456017321,15:06:57.321,BTC/USDT:USDT,115154.5,4.9138,115154.4,0.1148,115177.6,0.0011,115178.0,0.0013
1753456017521,15:06:57.521,BTC/USDT:USDT,115154.5,5.6799,115154.4,0.1076,115177.6,0.0011,115178.0,0.0013
1753456017719,15:06:57.719,BTC/USDT:USDT,115182.8,6.6844,115182.7,0.1022,115183.0,1.2515,115183.1,0.0006
1753456017919,15:06:57.919,BTC/USDT:USDT,115182.8,6.6844,115182.7,0.1022,115183.0,1.2515,115183.1,0.0006
1753456018119,15:06:58.119,BTC/USDT:USDT,115182.8,6.6844,115182.7,0.1022,115183.0,1.2515,115183.1,0.0006
1753456018319,15:06:58.319,BTC/USDT:USDT,115182.8,6.6844,115182.7,0.1022,115183.0,1.2515,115183.1,0.0006
1753456018519,15:06:58.519,BTC/USDT:USDT,115182.8,4.8139,115182.7,0.1065,115183.0,1.5698,115183.1,0.0007
1753456018719,15:06:58.719,BTC/USDT:USDT,115182.8,4.8139,115182.7,0.1065,115183.0,1.5698,115183.1,0.0007
1753456018919,15:06:58.919,BTC/USDT:USDT,115182.8,4.7682,115182.7,0.1051,115183.0,1.393,115183.1,0.0007
1753456019119,15:06:59.119,BTC/USDT:USDT,115182.8,4.7682,115182.7,0.1051,115183.0,1.393,115183.1,0.0007
1753456019319,15:06:59.319,BTC/USDT:USDT,115182.8,4.8321,115182.7,0.1035,115183.0,1.659,115183.1,0.0008
1753456019519,15:06:59.519,BTC/USDT:USDT,115182.8,4.8321,115182.7,0.1035,115183.0,1.659,115183.1,0.0008
1753456019719,15:06:59.719,BTC/USDT:USDT,115182.8,6.2644,115182.7,0.1172,115183.0,1.2349,115183.1,0.0006
1753456019919,15:06:59.919,BTC/USDT:USDT,115182.8,6.2644,115182.7,0.1172,115183.0,1.2349,115183.1,0.0006
1753456020119,15:07:00.119,BTC/USDT:USDT,115182.8,6.1353,115182.7,0.1233,115183.0,1.2091,115183.1,0.0008
1753456020324,15:07:00.324,BTC/USDT:USDT,115182.8,6.1353,115182.7,0.1233,115183.0,1.2091,115183.1,0.0008
1753456020519,15:07:00.519,BTC/USDT:USDT,115185.9,5.1578,115185.8,0.1069,115186.1,1.5188,115186.2,0.0007
1753456020720,15:07:00.720,BTC/USDT:USDT,115185.9,5.1578,115185.8,0.1069,115186.1,1.5188,115186.2,0.0007
1753456020919,15:07:00.919,BTC/USDT:USDT,115191.5,4.81,115191.4,0.1214,115191.7,1.401,115191.8,0.0007
1753456021119,15:07:01.119,BTC/USDT:USDT,115191.5,4.81,115191.4,0.1214,115191.7,1.401,115191.8,0.0007
1753456021319,15:07:01.319,BTC/USDT:USDT,115194.0,6.2081,115193.9,0.1194,115194.2,1.1738,115194.3,0.0005
1753456021519,15:07:01.519,BTC/USDT:USDT,115194.0,6.2081,115193.9,0.1194,115194.2,1.1738,115194.3,0.0005
1753456021719,15:07:01.719,BTC/USDT:USDT,115195.3,5.7911,115195.2,0.1115,115195.5,1.6002,115195.6,0.0007
1753456021919,15:07:01.919,BTC/USDT:USDT,115195.3,5.7911,115195.2,0.1115,115195.5,1.6002,115195.6,0.0007
1753456022119,15:07:02.119,BTC/USDT:USDT,115195.3,6.6084,115195.2,0.102,115195.5,1.2495,115195.6,0.0008
1753456022319,15:07:02.319,BTC/USDT:USDT,115195.3,6.6084,115195.2,0.102,115195.5,1.2495,115195.6,0.0008
1753456022519,15:07:02.519,BTC/USDT:USDT,115175.7,6.3678,115175.6,0.1128,115175.9,1.5368,115176.0,0.0006
1753456022719,15:07:02.719,BTC/USDT:USDT,115175.7,6.3678,115175.6,0.1128,115175.9,1.5368,115176.0,0.0006
1753456022919,15:07:02.919,BTC/USDT:USDT,115175.8,5.1294,115175.7,0.1033,115176.0,1.3653,115176.1,0.0007
1753456023119,15:07:03.119,BTC/USDT:USDT,115175.8,5.1294,115175.7,0.1033,115176.0,1.3653,115176.1,0.0007
1753456023319,15:07:03.319,BTC/USDT:USDT,115167.7,4.9372,115167.6,0.1017,115167.9,1.2903,115168.0,0.0006
1753456023519,15:07:03.519,BTC/USDT:USDT,115167.7,4.9372,115167.6,0.1017,115167.9,1.2903,115168.0,0.0006
1753456023726,15:07:03.726,BTC/USDT:USDT,115165.2,4.9602,115165.1,0.1209,115165.4,1.3811,115165.5,0.0007
1753456023919,15:07:03.919,BTC/USDT:USDT,115165.2,4.9602,115165.1,0.1209,115165.4,1.3811,115165.5,0.0007
1753456024119,15:07:04.119,BTC/USDT:USDT,115159.9,4.5591,115159.8,0.0791,115160.1,1.6286,115160.2,0.0009
1753456024319,15:07:04.319,BTC/USDT:USDT,115159.9,4.5591,115159.8,0.0791,115160.1,1.6286,115160.2,0.0009
1753456024519,15:07:04.519,BTC/USDT:USDT,115159.9,4.5591,115159.8,0.0791,115160.1,1.6286,115160.2,0.0009
1753456024719,15:07:04.719,BTC/USDT:USDT,115159.9,4.5591,115159.8,0.0791,115160.1,1.6286,115160.2,0.0009
1753456024919,15:07:04.919,BTC/USDT:USDT,115152.4,1.9164,115152.3,0.0012,115152.6,11.621,115152.7,0.0563
1753456025119,15:07:05.119,BTC/USDT:USDT,115152.4,1.9164,115152.3,0.0012,115152.6,11.621,115152.7,0.0563
1753456025319,15:07:05.319,BTC/USDT:USDT,115152.4,1.7072,115152.3,0.0015,115152.6,13.5998,115152.7,0.0631
1753456025519,15:07:05.519,BTC/USDT:USDT,115152.4,1.7072,115152.3,0.0015,115152.6,13.5998,115152.7,0.0631
1753456025719,15:07:05.719,BTC/USDT:USDT,115152.4,2.1278,115152.3,0.0015,115152.6,13.5755,115152.7,0.0485
1753456025919,15:07:05.919,BTC/USDT:USDT,115152.4,2.1278,115152.3,0.0015,115152.6,13.5755,115152.7,0.0485
1753456026119,15:07:06.119,BTC/USDT:USDT,115150.0,0.0203,115142.2,2.4636,115173.1,15.7341,115173.2,0.0597
1753456026319,15:07:06.319,BTC/USDT:USDT,115150.0,0.0203,115142.2,2.4636,115173.1,15.7341,115173.2,0.0597
1753456026519,15:07:06.519,BTC/USDT:USDT,115150.0,0.0203,115140.8,2.3588,115173.1,27.9635,115173.2,0.0589
1753456026719,15:07:06.719,BTC/USDT:USDT,115150.0,0.0203,115140.8,2.3588,115173.1,27.9635,115173.2,0.0589
1753456026919,15:07:06.919,BTC/USDT:USDT,115133.3,1.9833,115133.2,0.0013,115133.5,13.0717,115133.6,0.0605
1753456027123,15:07:07.123,BTC/USDT:USDT,115133.3,1.9833,115133.2,0.0013,115133.5,13.0717,115133.6,0.0605
1753456027323,15:07:07.323,BTC/USDT:USDT,115133.3,1.9833,115133.2,0.0013,115133.5,13.0717,115133.6,0.0605
1753456027526,15:07:07.526,BTC/USDT:USDT,115133.3,1.78,115133.2,0.0012,115133.5,14.7486,115133.6,0.0615
1753456027719,15:07:07.719,BTC/USDT:USDT,115133.3,1.78,115133.2,0.0012,115133.5,14.7486,115133.6,0.0615
1753456027919,15:07:07.919,BTC/USDT:USDT,115133.3,1.78,115133.2,0.0012,115133.5,14.7486,115133.6,0.0615
1753456028120,15:07:08.120,BTC/USDT:USDT,115133.3,2.0647,115133.2,0.0015,115133.5,11.8702,115133.6,0.0529
1753456028319,15:07:08.319,BTC/USDT:USDT,115133.3,2.0647,115133.2,0.0015,115133.5,11.8702,115133.6,0.0529
1753456028519,15:07:08.519,BTC/USDT:USDT,115133.1,1.9293,115133.0,0.0013,115133.3,13.4654,115133.4,0.0496
1753456028719,15:07:08.719,BTC/USDT:USDT,115133.1,1.9293,115133.0,0.0013,115133.3,13.4654,115133.4,0.0496
1753456028919,15:07:08.919,BTC/USDT:USDT,115133.1,1.9293,115133.0,0.0013,115133.3,13.4654,115133.4,0.0496
1753456029119,15:07:09.119,BTC/USDT:USDT,115133.1,1.9293,115133.0,0.0013,115133.3,13.4654,115133.4,0.0496
1753456029319,15:07:09.319,BTC/USDT:USDT,115145.0,2.3142,115144.9,0.0014,115145.2,14.5912,115145.3,0.0588
1753456029519,15:07:09.519,BTC/USDT:USDT,115145.0,2.3142,115144.9,0.0014,115145.2,14.5912,115145.3,0.0588
1753456029719,15:07:09.719,BTC/USDT:USDT,115145.0,2.1372,115144.9,0.0016,115145.2,13.0537,115145.3,0.064
1753456029919,15:07:09.919,BTC/USDT:USDT,115145.0,2.1372,115144.9,0.0016,115145.2,13.0537,115145.3,0.064
1753456030119,15:07:10.119,BTC/USDT:USDT,115145.0,2.0659,115144.9,0.0016,115145.2,13.4182,115145.3,0.0595
1753456030322,15:07:10.322,BTC/USDT:USDT,115145.0,2.0659,115144.9,0.0016,115145.2,13.4182,115145.3,0.0595
1753456030519,15:07:10.519,BTC/USDT:USDT,115145.0,2.0659,115144.9,0.0016,115145.2,13.4095,115145.3,0.0595
1753456030719,15:07:10.719,BTC/USDT:USDT,115145.0,2.0659,115144.9,0.0016,115145.2,13.4095,115145.3,0.0595
1753456030919,15:07:10.919,BTC/USDT:USDT,115146.0,2.2423,115145.9,0.0011,115146.2,12.7276,115146.3,0.0632
1753456031119,15:07:11.119,BTC/USDT:USDT,115146.0,2.2423,115145.9,0.0011,115146.2,12.7276,115146.3,0.0632
1753456031319,15:07:11.319,BTC/USDT:USDT,115142.5,2.3905,115142.4,0.0014,115142.7,13.2408,115142.8,0.0617
1753456031519,15:07:11.519,BTC/USDT:USDT,115142.5,2.3905,115142.4,0.0014,115142.7,13.2408,115142.8,0.0617
1753456031719,15:07:11.719,BTC/USDT:USDT,115138.5,1.8029,115138.4,0.0012,115138.7,14.6128,115138.8,0.0585
1753456031919,15:07:11.919,BTC/USDT:USDT,115138.5,1.8029,115138.4,0.0012,115138.7,14.6128,115138.8,0.0585
1753456032119,15:07:12.119,BTC/USDT:USDT,115138.5,2.1767,115138.4,0.0013,115138.7,12.6558,115138.8,0.05
1753456032319,15:07:12.319,BTC/USDT:USDT,115138.5,2.1767,115138.4,0.0013,115138.7,12.6558,115138.8,0.05
1753456032519,15:07:12.519,BTC/USDT:USDT,115138.5,2.1461,115138.4,0.0013,115138.7,14.1147,115138.8,0.0598
1753456032719,15:07:12.719,BTC/USDT:USDT,115138.5,2.1461,115138.4,0.0013,115138.7,14.1147,115138.8,0.0598
1753456032919,15:07:12.919,BTC/USDT:USDT,115138.5,1.8265,115138.4,0.0016,115138.7,13.9486,115138.8,0.0584
1753456033119,15:07:13.119,BTC/USDT:USDT,115138.5,1.8265,115138.4,0.0016,115138.7,13.9486,115138.8,0.0584
1753456033319,15:07:13.319,BTC/USDT:USDT,115138.5,1.9056,115138.4,0.0015,115138.7,14.065,115138.8,0.0679
1753456033519,15:07:13.519,BTC/USDT:USDT,115138.5,1.9056,115138.4,0.0015,115138.7,14.065,115138.8,0.0679
1753456033719,15:07:13.719,BTC/USDT:USDT,115138.5,2.233,115138.4,0.0014,115138.7,13.0512,115138.8,0.0668
1753456033919,15:07:13.919,BTC/USDT:USDT,115138.5,2.233,115138.4,0.0014,115138.7,13.0512,115138.8,0.0668
1753456034119,15:07:14.119,BTC/USDT:USDT,115138.5,4.7203,115138.4,0.0072,115138.7,10.7584,115138.8,0.0032
1753456034319,15:07:14.319,BTC/USDT:USDT,115138.5,4.7203,115138.4,0.0072,115138.7,10.7584,115138.8,0.0032
1753456034993,15:07:14.993,BTC/USDT:USDT,115138.5,4.7203,115138.4,0.0072,115138.7,10.7584,115138.8,0.0032
1753456035119,15:07:15.119,BTC/USDT:USDT,115138.5,4.4234,115138.4,0.0634,115138.7,2.4947,115138.8,0.0012
1753456035319,15:07:15.319,BTC/USDT:USDT,115138.5,4.7711,115138.4,0.0598,115138.7,3.3606,115138.8,0.0012
1753456035519,15:07:15.519,BTC/USDT:USDT,115138.5,4.7711,115138.4,0.0598,115138.7,3.3606,115138.8,0.0012
1753456035719,15:07:15.719,BTC/USDT:USDT,115138.5,3.912,115138.4,0.0732,115138.7,3.0448,115138.8,0.0011
1753456035919,15:07:15.919,BTC/USDT:USDT,115138.5,3.912,115138.4,0.0732,115138.7,3.0448,115138.8,0.0011
1753456036119,15:07:16.119,BTC/USDT:USDT,115138.5,4.2053,115138.4,0.0671,115138.7,3.3118,115138.8,0.0011
1753456036319,15:07:16.319,BTC/USDT:USDT,115138.5,4.2053,115138.4,0.0671,115138.7,3.3118,115138.8,0.0011
1753456036519,15:07:16.519,BTC/USDT:USDT,115138.5,5.048,115138.4,0.0582,115138.7,2.6692,115138.8,0.0011
1753456036719,15:07:16.719,BTC/USDT:USDT,115138.5,5.048,115138.4,0.0582,115138.7,2.6692,115138.8,0.0011
1753456036919,15:07:16.919,BTC/USDT:USDT,115138.5,5.0128,115138.4,0.0755,115138.7,2.7509,115138.8,0.0011
1753456037155,15:07:17.155,BTC/USDT:USDT,115138.5,5.0128,115138.4,0.0755,115138.7,2.7509,115138.8,0.0011
1753456037321,15:07:17.321,BTC/USDT:USDT,115138.5,5.0128,115138.4,0.0755,115138.7,2.7509,115138.8,0.0011
1753456037519,15:07:17.519,BTC/USDT:USDT,115138.5,6.1833,115138.4,0.0762,115138.7,2.8141,115138.8,0.0008
1753456037719,15:07:17.719,BTC/USDT:USDT,115138.5,6.1833,115138.4,0.0762,115138.7,2.8141,115138.8,0.0008
1753456037919,15:07:17.919,BTC/USDT:USDT,115138.5,5.8675,115138.4,0.0825,115138.7,2.682,115138.8,0.0009
1753456038119,15:07:18.119,BTC/USDT:USDT,115138.5,5.7847,115138.4,0.0699,115138.7,2.5107,115138.8,0.0009
1753456038319,15:07:18.319,BTC/USDT:USDT,115138.5,5.7847,115138.4,0.0699,115138.7,2.5107,115138.8,0.0009
1753456038519,15:07:18.519,BTC/USDT:USDT,115138.5,4.6434,115138.4,0.0857,115138.7,2.3767,115138.8,0.0008
1753456038719,15:07:18.719,BTC/USDT:USDT,115138.5,4.6434,115138.4,0.0857,115138.7,2.3767,115138.8,0.0008
1753456038919,15:07:18.919,BTC/USDT:USDT,115138.5,4.6434,115138.4,0.0857,115138.7,2.3767,115138.8,0.0008
1753456039119,15:07:19.119,BTC/USDT:USDT,115138.5,4.6434,115138.4,0.0857,115138.7,2.3767,115138.8,0.0008
1753456039319,15:07:19.319,BTC/USDT:USDT,115139.2,5.969,115139.1,0.0771,115139.4,2.8493,115139.5,0.001
1753456039519,15:07:19.519,BTC/USDT:USDT,115139.2,5.969,115139.1,0.0771,115139.4,2.8493,115139.5,0.001
1753456039719,15:07:19.719,BTC/USDT:USDT,115167.3,5.4425,115167.2,0.069,115167.5,2.6692,115167.6,0.0009
1753456039919,15:07:19.919,BTC/USDT:USDT,115167.3,5.4425,115167.2,0.069,115167.5,2.6692,115167.6,0.0009
1753456040119,15:07:20.119,BTC/USDT:USDT,115167.3,5.7363,115167.2,0.0677,115167.5,2.0309,115167.6,0.0008
1753456040319,15:07:20.319,BTC/USDT:USDT,115167.3,5.7363,115167.2,0.0677,115167.5,2.0309,115167.6,0.0008
1753456040519,15:07:20.519,BTC/USDT:USDT,115167.3,4.9114,115167.2,0.069,115167.5,2.516,115167.6,0.001
1753456040719,15:07:20.719,BTC/USDT:USDT,115167.3,4.9114,115167.2,0.069,115167.5,2.516,115167.6,0.001
1753456040919,15:07:20.919,BTC/USDT:USDT,115167.3,5.7115,115167.2,0.0777,115167.5,2.3621,115167.6,0.0008
1753456041119,15:07:21.119,BTC/USDT:USDT,115167.3,5.7115,115167.2,0.0777,115167.5,2.3621,115167.6,0.0008
1753456041324,15:07:21.324,BTC/USDT:USDT,115167.3,5.9256,115167.2,0.07,115167.5,2.7428,115167.6,0.0008
1753456041519,15:07:21.519,BTC/USDT:USDT,115167.3,5.9256,115167.2,0.07,115167.5,2.7428,115167.6,0.0008
1753456041719,15:07:21.719,BTC/USDT:USDT,115168.5,4.7241,115168.4,0.0843,115168.7,2.5533,115168.8,0.0009
1753456041919,15:07:21.919,BTC/USDT:USDT,115168.5,4.7241,115168.4,0.0843,115168.7,2.5533,115168.8,0.0009
1753456042119,15:07:22.119,BTC/USDT:USDT,115180.1,5.2885,115180.0,0.0644,115180.3,2.8983,115180.4,0.0009
1753456042319,15:07:22.319,BTC/USDT:USDT,115180.1,5.2885,115180.0,0.0644,115180.3,2.8983,115180.4,0.0009
1753456042519,15:07:22.519,BTC/USDT:USDT,115180.1,4.7241,115180.0,0.0814,115180.3,2.7558,115180.4,0.001
1753456042719,15:07:22.719,BTC/USDT:USDT,115180.1,4.7241,115180.0,0.0814,115180.3,2.7558,115180.4,0.001
1753456042919,15:07:22.919,BTC/USDT:USDT,115180.1,5.4051,115180.0,0.0637,115180.3,2.1098,115180.4,0.001
1753456043119,15:07:23.119,BTC/USDT:USDT,115180.1,5.4051,115180.0,0.0637,115180.3,2.1098,115180.4,0.001
1753456043319,15:07:23.319,BTC/USDT:USDT,115180.1,4.5279,115180.0,0.0634,115180.3,2.7598,115180.4,0.0009
1753456043519,15:07:23.519,BTC/USDT:USDT,115180.1,4.5279,115180.0,0.0634,115180.3,2.7598,115180.4,0.0009
1753456043719,15:07:23.719,BTC/USDT:USDT,115180.1,5.573,115180.0,0.0849,115180.3,2.2173,115180.4,0.001
1753456043920,15:07:23.920,BTC/USDT:USDT,115180.1,5.573,115180.0,0.0849,115180.3,2.2173,115180.4,0.001
1753456044119,15:07:24.119,BTC/USDT:USDT,115180.1,7.0458,115180.0,0.2108,115180.3,1.5584,115180.4,0.0031
1753456044323,15:07:24.323,BTC/USDT:USDT,115180.1,7.0458,115180.0,0.2108,115180.3,1.5584,115180.4,0.0031
1753456044519,15:07:24.519,BTC/USDT:USDT,115180.1,7.0458,115180.0,0.2108,115180.3,1.5584,115180.4,0.0031
1753456044719,15:07:24.719,BTC/USDT:USDT,115180.1,7.0458,115180.0,0.2108,115180.3,1.5584,115180.4,0.0031
1753456044919,15:07:24.919,BTC/USDT:USDT,115180.1,10.3003,115180.0,0.1055,115180.3,1.6758,115180.4,0.0098
1753456045119,15:07:25.119,BTC/USDT:USDT,115180.1,10.3003,115180.0,0.1055,115180.3,1.6758,115180.4,0.0098
1753456045319,15:07:25.319,BTC/USDT:USDT,115180.1,9.2326,115180.0,0.1342,115180.3,1.7045,115180.4,0.0094
1753456045519,15:07:25.519,BTC/USDT:USDT,115180.1,9.2326,115180.0,0.1342,115180.3,1.7045,115180.4,0.0094
1753456045719,15:07:25.719,BTC/USDT:USDT,115180.1,11.1356,115180.0,0.1223,115180.3,1.881,115180.4,0.0075
1753456045919,15:07:25.919,BTC/USDT:USDT,115180.1,11.1356,115180.0,0.1223,115180.3,1.881,115180.4,0.0075
1753456046119,15:07:26.119,BTC/USDT:USDT,115180.1,11.4103,115180.0,0.1156,115180.3,1.6036,115180.4,0.0084
1753456046319,15:07:26.319,BTC/USDT:USDT,115180.1,11.4103,115180.0,0.1156,115180.3,1.6036,115180.4,0.0084
1753456046519,15:07:26.519,BTC/USDT:USDT,115180.1,11.9214,115180.0,0.1168,115180.3,2.0058,115180.4,0.0092
1753456046719,15:07:26.719,BTC/USDT:USDT,115180.1,11.9214,115180.0,0.1168,115180.3,2.0058,115180.4,0.0092
1753456046921,15:07:26.921,BTC/USDT:USDT,115180.1,10.244,115180.0,0.1073,115180.3,1.8784,115180.4,0.0079
1753456047120,15:07:27.120,BTC/USDT:USDT,115180.1,10.244,115180.0,0.1073,115180.3,1.8784,115180.4,0.0079
1753456047319,15:07:27.319,BTC/USDT:USDT,115180.1,10.244,115180.0,0.1073,115180.3,1.8784,115180.4,0.0079
1753456047519,15:07:27.519,BTC/USDT:USDT,115180.1,10.244,115180.0,0.1073,115180.3,1.8784,115180.4,0.0079
1753456047719,15:07:27.719,BTC/USDT:USDT,115180.1,10.244,115180.0,0.1073,115180.3,1.8784,115180.4,0.0079
1753456047919,15:07:27.919,BTC/USDT:USDT,115176.3,9.2352,115176.2,0.1244,115176.5,1.615,115176.6,0.0099
1753456048119,15:07:28.119,BTC/USDT:USDT,115166.8,9.9987,115166.7,0.1128,115167.0,1.8456,115167.1,0.0081
1753456048319,15:07:28.319,BTC/USDT:USDT,115166.8,9.9987,115166.7,0.1128,115167.0,1.8456,115167.1,0.0081
1753456048519,15:07:28.519,BTC/USDT:USDT,115158.7,11.4023,115158.6,0.0969,115158.9,1.6548,115159.0,0.0075
1753456048719,15:07:28.719,BTC/USDT:USDT,115158.7,11.4023,115158.6,0.0969,115158.9,1.6548,115159.0,0.0075
1753456048919,15:07:28.919,BTC/USDT:USDT,115160.3,9.5257,115160.2,0.0979,115160.5,1.7568,115160.6,0.0094
1753456049119,15:07:29.119,BTC/USDT:USDT,115160.3,9.5257,115160.2,0.0979,115160.5,1.7568,115160.6,0.0094
1753456049319,15:07:29.319,BTC/USDT:USDT,115160.5,11.2975,115160.4,0.1085,115160.7,1.7316,115160.8,0.009
1753456049519,15:07:29.519,BTC/USDT:USDT,115160.5,11.2975,115160.4,0.1085,115160.7,1.7316,115160.8,0.009
1753456049719,15:07:29.719,BTC/USDT:USDT,115160.5,7.6691,115160.4,0.0938,115160.7,2.3144,115160.8,0.0089
1753456049919,15:07:29.919,BTC/USDT:USDT,115160.5,7.6691,115160.4,0.0938,115160.7,2.3144,115160.8,0.0089
1753456050127,15:07:30.127,BTC/USDT:USDT,115160.5,7.6691,115160.4,0.0938,115160.7,2.3144,115160.8,0.0089
1753456050321,15:07:30.321,BTC/USDT:USDT,115160.5,9.9144,115160.4,0.0965,115160.7,1.7664,115160.8,0.011
1753456050519,15:07:30.519,BTC/USDT:USDT,115160.5,7.6569,115160.4,0.1146,115160.7,2.1501,115160.8,0.0099
1753456050719,15:07:30.719,BTC/USDT:USDT,115160.5,7.6569,115160.4,0.1146,115160.7,2.1501,115160.8,0.0099
1753456050919,15:07:30.919,BTC/USDT:USDT,115160.5,7.6569,115160.4,0.1146,115160.7,2.1501,115160.8,0.0099
1753456051121,15:07:31.121,BTC/USDT:USDT,115160.5,9.1207,115160.4,0.0978,115160.7,2.0365,115160.8,0.0092
1753456051319,15:07:31.319,BTC/USDT:USDT,115152.2,8.0701,115152.1,0.1083,115152.4,2.1272,115152.5,0.0117
1753456051519,15:07:31.519,BTC/USDT:USDT,115152.2,8.0701,115152.1,0.1083,115152.4,2.1272,115152.5,0.0117
1753456051719,15:07:31.719,BTC/USDT:USDT,115152.2,8.0701,115152.1,0.1083,115152.4,2.1272,115152.5,0.0117
1753456051919,15:07:31.919,BTC/USDT:USDT,115152.2,8.0701,115152.1,0.1083,115152.4,2.1272,115152.5,0.0117
1753456052119,15:07:32.119,BTC/USDT:USDT,115152.2,8.877,115152.1,0.1074,115152.4,1.8129,115152.5,0.0116
1753456052319,15:07:32.319,BTC/USDT:USDT,115152.2,8.877,115152.1,0.1074,115152.4,1.8129,115152.5,0.0116
1753456052519,15:07:32.519,BTC/USDT:USDT,115152.2,8.7995,115152.1,0.1075,115152.4,2.0011,115152.5,0.0111
1753456052719,15:07:32.719,BTC/USDT:USDT,115152.2,8.7995,115152.1,0.1075,115152.4,2.0011,115152.5,0.0111
1753456052919,15:07:32.919,BTC/USDT:USDT,115152.2,7.1491,115152.1,0.1133,115152.4,1.9062,115152.5,0.0098
1753456053119,15:07:33.119,BTC/USDT:USDT,115152.2,7.1491,115152.1,0.1133,115152.4,1.9062,115152.5,0.0098
1753456053319,15:07:33.319,BTC/USDT:USDT,115152.2,8.9454,115152.1,0.1028,115152.4,2.1875,115152.5,0.0098
1753456053520,15:07:33.520,BTC/USDT:USDT,115152.2,8.9454,115152.1,0.1028,115152.4,2.1875,115152.5,0.0098
1753456053719,15:07:33.719,BTC/USDT:USDT,115152.2,8.3805,115152.1,0.112,115152.4,2.2292,115152.5,0.0102
1753456053919,15:07:33.919,BTC/USDT:USDT,115152.2,8.3805,115152.1,0.112,115152.4,2.2292,115152.5,0.0102
1753456054120,15:07:34.120,BTC/USDT:USDT,115152.2,6.4537,115152.1,0.017,115152.4,1.5281,115152.5,0.0065
1753456054319,15:07:34.319,BTC/USDT:USDT,115152.2,6.4537,115152.1,0.017,115152.4,1.5281,115152.5,0.0065
1753456054519,15:07:34.519,BTC/USDT:USDT,115152.2,6.4537,115152.1,0.017,115152.4,1.5281,115152.5,0.0065
1753456054719,15:07:34.719,BTC/USDT:USDT,115152.2,6.4537,115152.1,0.017,115152.4,1.5281,115152.5,0.0065
1753456054919,15:07:34.919,BTC/USDT:USDT,115152.2,4.7383,115152.1,0.0133,115152.4,3.2595,115152.5,0.0016
1753456055119,15:07:35.119,BTC/USDT:USDT,115152.2,4.7383,115152.1,0.0133,115152.4,3.2595,115152.5,0.0016
1753456055319,15:07:35.319,BTC/USDT:USDT,115152.2,4.3196,115152.1,0.0139,115152.4,4.0441,115152.5,0.002
1753456055519,15:07:35.519,BTC/USDT:USDT,115152.2,4.3196,115152.1,0.0139,115152.4,4.0441,115152.5,0.002
1753456055719,15:07:35.719,BTC/USDT:USDT,115152.2,3.6784,115152.1,0.0132,115152.4,3.8393,115152.5,0.0019
1753456055919,15:07:35.919,BTC/USDT:USDT,115152.2,3.6784,115152.1,0.0132,115152.4,3.8393,115152.5,0.0019
1753456056119,15:07:36.119,BTC/USDT:USDT,115152.2,4.8261,115152.1,0.017,115152.4,3.6816,115152.5,0.0017
1753456056319,15:07:36.319,BTC/USDT:USDT,115152.2,4.8261,115152.1,0.017,115152.4,3.6816,115152.5,0.0017
1753456056532,15:07:36.532,BTC/USDT:USDT,115152.2,4.2086,115152.1,0.0162,115152.4,3.9212,115152.5,0.0019
1753456056719,15:07:36.719,BTC/USDT:USDT,115152.2,4.2086,115152.1,0.0162,115152.4,3.9212,115152.5,0.0019
1753456056920,15:07:36.920,BTC/USDT:USDT,115152.2,4.8736,115152.1,0.0146,115152.4,3.7309,115152.5,0.0019
1753456057119,15:07:37.119,BTC/USDT:USDT,115152.2,4.8736,115152.1,0.0146,115152.4,3.7309,115152.5,0.0019
1753456057319,15:07:37.319,BTC/USDT:USDT,115152.2,4.8736,115152.1,0.0146,115152.4,3.7309,115152.5,0.0019
1753456057519,15:07:37.519,BTC/USDT:USDT,115152.2,4.8736,115152.1,0.0146,115152.4,3.7309,115152.5,0.0019
1753456057719,15:07:37.719,BTC/USDT:USDT,115152.2,4.8249,115152.1,0.0176,115152.4,3.4745,115152.5,0.0018
1753456057919,15:07:37.919,BTC/USDT:USDT,115152.2,4.8249,115152.1,0.0176,115152.4,3.4745,115152.5,0.0018
1753456058119,15:07:38.119,BTC/USDT:USDT,115152.2,4.3158,115152.1,0.017,115152.4,4.0343,115152.5,0.0018
1753456058319,15:07:38.319,BTC/USDT:USDT,115152.2,4.3158,115152.1,0.017,115152.4,4.0343,115152.5,0.0018
1753456058519,15:07:38.519,BTC/USDT:USDT,115147.5,3.7959,115147.4,0.0146,115147.7,3.3142,115147.8,0.002
1753456058719,15:07:38.719,BTC/USDT:USDT,115147.5,3.7959,115147.4,0.0146,115147.7,3.3142,115147.8,0.002
1753456058919,15:07:38.919,BTC/USDT:USDT,115143.8,0.003,115142.6,4.3664,115166.0,6.5255,115166.9,3.9329
1753456059119,15:07:39.119,BTC/USDT:USDT,115143.8,0.003,115142.6,4.3664,115166.0,6.5255,115166.9,3.9329
1753456059319,15:07:39.319,BTC/USDT:USDT,115143.8,0.003,115142.3,4.6741,115166.0,6.5255,115166.9,3.8566
1753456059519,15:07:39.519,BTC/USDT:USDT,115143.8,0.003,115142.3,4.6741,115166.0,6.5255,115166.9,3.8566
1753456059719,15:07:39.719,BTC/USDT:USDT,115143.8,0.003,115142.3,3.5698,115166.0,6.5255,115166.9,4.0786
1753456059919,15:07:39.919,BTC/USDT:USDT,115143.8,0.003,115142.3,3.5698,115166.0,6.5255,115166.9,4.0786
1753456060120,15:07:40.120,BTC/USDT:USDT,115143.8,0.003,115142.3,4.1437,115166.0,6.5255,115166.9,3.6778
1753456060319,15:07:40.319,BTC/USDT:USDT,115143.8,0.003,115142.3,4.1437,115166.0,6.5255,115166.9,3.6778
1753456060519,15:07:40.519,BTC/USDT:USDT,115143.8,0.003,115142.3,4.4325,115166.0,6.5255,115166.9,3.7548
1753456060719,15:07:40.719,BTC/USDT:USDT,115143.8,0.003,115142.3,4.4325,115166.0,6.5255,115166.9,3.7548
1753456060919,15:07:40.919,BTC/USDT:USDT,115143.8,0.003,115142.3,3.8494,115166.0,6.5255,115166.9,4.1353
1753456061119,15:07:41.119,BTC/USDT:USDT,115143.8,0.003,115142.3,3.8494,115166.0,6.5255,115166.9,4.1353
1753456061319,15:07:41.319,BTC/USDT:USDT,115144.2,4.0626,115144.1,0.0153,115144.4,3.4459,115144.5,0.0016
1753456061519,15:07:41.519,BTC/USDT:USDT,115144.2,4.0626,115144.1,0.0153,115144.4,3.4459,115144.5,0.0016
1753456061719,15:07:41.719,BTC/USDT:USDT,115153.6,5.9154,115153.5,0.018,115153.8,3.1331,115153.9,0.0015
1753456061919,15:07:41.919,BTC/USDT:USDT,115153.6,5.9154,115153.5,0.018,115153.8,3.1331,115153.9,0.0015
1753456062119,15:07:42.119,BTC/USDT:USDT,115146.1,4.5827,115146.0,0.0161,115146.3,3.2027,115146.4,0.0018
1753456062319,15:07:42.319,BTC/USDT:USDT,115146.1,4.5827,115146.0,0.0161,115146.3,3.2027,115146.4,0.0018
1753456062519,15:07:42.519,BTC/USDT:USDT,115144.3,3.8515,115144.2,0.0159,115144.5,3.5699,115144.6,0.0022
1753456062719,15:07:42.719,BTC/USDT:USDT,115144.3,3.8515,115144.2,0.0159,115144.5,3.5699,115144.6,0.0022
1753456062919,15:07:42.919,BTC/USDT:USDT,115137.2,4.2992,115137.1,0.014,115137.4,3.1526,115137.5,0.0019
1753456063127,15:07:43.127,BTC/USDT:USDT,115137.2,4.2992,115137.1,0.014,115137.4,3.1526,115137.5,0.0019
1753456063322,15:07:43.322,BTC/USDT:USDT,115137.2,4.4315,115137.1,0.0181,115137.4,3.1133,115137.5,0.0016
1753456063523,15:07:43.523,BTC/USDT:USDT,115137.2,4.4315,115137.1,0.0181,115137.4,3.1133,115137.5,0.0016
1753456063719,15:07:43.719,BTC/USDT:USDT,115137.2,4.4315,115137.1,0.0181,115137.4,3.1133,115137.5,0.0016
1753456063919,15:07:43.919,BTC/USDT:USDT,115137.2,4.4315,115137.1,0.0181,115137.4,3.1133,115137.5,0.0016
1753456064163,15:07:44.163,BTC/USDT:USDT,115137.2,4.4315,115137.1,0.0181,115137.4,3.1133,115137.5,0.0016
1753456064319,15:07:44.319,BTC/USDT:USDT,115137.2,4.6834,115137.1,0.018,115137.4,3.9821,115137.5,0.002
1753456064519,15:07:44.519,BTC/USDT:USDT,115138.1,5.6277,115138.0,0.0533,115138.3,3.3445,115138.4,0.0054
1753456064719,15:07:44.719,BTC/USDT:USDT,115138.1,5.6277,115138.0,0.0533,115138.3,3.3445,115138.4,0.0054
1753456064919,15:07:44.919,BTC/USDT:USDT,115150.9,6.5327,115150.8,0.0625,115151.1,2.8368,115151.2,0.0058
1753456065119,15:07:45.119,BTC/USDT:USDT,115150.9,6.5327,115150.8,0.0625,115151.1,2.8368,115151.2,0.0058
1753456065319,15:07:45.319,BTC/USDT:USDT,115151.9,5.9127,115151.8,0.0554,115152.1,3.3822,115152.2,0.0061
1753456065519,15:07:45.519,BTC/USDT:USDT,115151.9,5.9127,115151.8,0.0554,115152.1,3.3822,115152.2,0.0061
1753456065719,15:07:45.719,BTC/USDT:USDT,115153.9,6.9498,115153.8,0.0468,115154.1,3.3195,115154.2,0.0045
1753456065919,15:07:45.919,BTC/USDT:USDT,115153.9,6.9498,115153.8,0.0468,115154.1,3.3195,115154.2,0.0045
1753456066119,15:07:46.119,BTC/USDT:USDT,115154.1,7.0967,115154.0,0.0501,115154.3,3.5852,115154.4,0.0062
1753456066325,15:07:46.325,BTC/USDT:USDT,115154.1,7.0967,115154.0,0.0501,115154.3,3.5852,115154.4,0.0062
1753456066520,15:07:46.520,BTC/USDT:USDT,115154.1,6.926,115154.0,0.0474,115154.3,3.223,115154.4,0.0051
1753456066726,15:07:46.726,BTC/USDT:USDT,115154.1,6.926,115154.0,0.0474,115154.3,3.223,115154.4,0.0051
1753456066919,15:07:46.919,BTC/USDT:USDT,115154.1,6.926,115154.0,0.0474,115154.3,3.223,115154.4,0.0051
1753456067119,15:07:47.119,BTC/USDT:USDT,115154.2,6.6628,115154.1,0.0475,115154.4,3.5996,115154.5,0.0044
1753456067319,15:07:47.319,BTC/USDT:USDT,115154.2,6.6628,115154.1,0.0475,115154.4,3.5996,115154.5,0.0044
1753456067520,15:07:47.520,BTC/USDT:USDT,115161.9,6.3507,115161.8,0.0468,115162.1,3.7165,115162.2,0.005
1753456067719,15:07:47.719,BTC/USDT:USDT,115161.9,6.3507,115161.8,0.0468,115162.1,3.7165,115162.2,0.005
1753456067919,15:07:47.919,BTC/USDT:USDT,115161.9,6.3507,115161.8,0.0468,115162.1,3.7165,115162.2,0.005
1753456068119,15:07:48.119,BTC/USDT:USDT,115161.9,7.5589,115161.8,0.0598,115162.1,3.2492,115162.2,0.0054
1753456068319,15:07:48.319,BTC/USDT:USDT,115161.9,7.5589,115161.8,0.0598,115162.1,3.2492,115162.2,0.0054
1753456068519,15:07:48.519,BTC/USDT:USDT,115161.9,6.7283,115161.8,0.0594,115162.1,3.1447,115162.2,0.0046
1753456068719,15:07:48.719,BTC/USDT:USDT,115161.9,6.7283,115161.8,0.0594,115162.1,3.1447,115162.2,0.0046
1753456068919,15:07:48.919,BTC/USDT:USDT,115161.9,7.2767,115161.8,0.0447,115162.1,3.329,115162.2,0.0051
1753456069119,15:07:49.119,BTC/USDT:USDT,115161.9,7.2767,115161.8,0.0447,115162.1,3.329,115162.2,0.0051
1753456069319,15:07:49.319,BTC/USDT:USDT,115161.9,6.7915,115161.8,0.0529,115162.1,3.8531,115162.2,0.0052
1753456069519,15:07:49.519,BTC/USDT:USDT,115161.9,6.7915,115161.8,0.0529,115162.1,3.8531,115162.2,0.0052
1753456069720,15:07:49.720,BTC/USDT:USDT,115162.7,6.4705,115162.6,0.0516,115162.9,3.0329,115163.0,0.0044
1753456069919,15:07:49.919,BTC/USDT:USDT,115162.7,6.4705,115162.6,0.0516,115162.9,3.0329,115163.0,0.0044
1753456070119,15:07:50.119,BTC/USDT:USDT,115162.8,7.0222,115162.7,0.0614,115163.0,3.2288,115163.1,0.006
1753456070319,15:07:50.319,BTC/USDT:USDT,115162.8,7.0222,115162.7,0.0614,115163.0,3.2288,115163.1,0.006
1753456070519,15:07:50.519,BTC/USDT:USDT,115162.8,7.0222,115162.7,0.0614,115163.0,3.2288,115163.1,0.006
1753456070719,15:07:50.719,BTC/USDT:USDT,115162.8,6.0778,115162.7,0.0529,115163.0,3.8617,115163.1,0.0061
1753456070919,15:07:50.919,BTC/USDT:USDT,115162.8,6.9305,115162.7,0.0627,115163.0,3.9475,115163.1,0.0056
1753456071119,15:07:51.119,BTC/USDT:USDT,115162.8,6.9305,115162.7,0.0627,115163.0,3.9475,115163.1,0.0056
1753456071319,15:07:51.319,BTC/USDT:USDT,115158.6,7.1603,115158.5,0.0582,115158.8,3.7221,115158.9,0.0056
1753456071519,15:07:51.519,BTC/USDT:USDT,115158.6,7.1603,115158.5,0.0582,115158.8,3.7221,115158.9,0.0056
1753456071719,15:07:51.719,BTC/USDT:USDT,115138.0,0.0172,115136.4,7.2922,115158.3,3.8761,115158.4,0.0059
1753456071919,15:07:51.919,BTC/USDT:USDT,115138.0,0.0172,115136.4,7.2922,115158.3,3.8761,115158.4,0.0059
1753456072119,15:07:52.119,BTC/USDT:USDT,115158.1,5.5303,115158.0,0.0446,115158.3,3.61,115158.4,0.0045
1753456072319,15:07:52.319,BTC/USDT:USDT,115158.1,5.5303,115158.0,0.0446,115158.3,3.61,115158.4,0.0045
1753456072522,15:07:52.522,BTC/USDT:USDT,115158.1,7.4906,115158.0,0.0516,115158.3,3.1994,115158.4,0.0051
1753456072719,15:07:52.719,BTC/USDT:USDT,115158.1,7.4906,115158.0,0.0516,115158.3,3.1994,115158.4,0.0051
1753456072931,15:07:52.931,BTC/USDT:USDT,115158.1,7.4906,115158.0,0.0516,115158.3,3.1994,115158.4,0.0051
1753456073120,15:07:53.120,BTC/USDT:USDT,115158.1,5.9688,115158.0,0.0463,115158.3,3.0912,115158.4,0.0051
1753456073320,15:07:53.320,BTC/USDT:USDT,115158.1,7.5232,115158.0,0.0616,115158.3,3.7373,115158.4,0.0056
1753456073519,15:07:53.519,BTC/USDT:USDT,115158.1,7.5232,115158.0,0.0616,115158.3,3.7373,115158.4,0.0056
1753456073719,15:07:53.719,BTC/USDT:USDT,115158.1,6.7293,115158.0,0.0497,115158.3,3.204,115158.4,0.0058
1753456073919,15:07:53.919,BTC/USDT:USDT,115158.1,6.7293,115158.0,0.0497,115158.3,3.204,115158.4,0.0058
1753456074119,15:07:54.119,BTC/USDT:USDT,115156.1,3.5831,115156.0,0.1526,115156.3,5.6601,115156.4,0.2073
1753456074319,15:07:54.319,BTC/USDT:USDT,115156.1,3.5831,115156.0,0.1526,115156.3,5.6601,115156.4,0.2073
1753456074519,15:07:54.519,BTC/USDT:USDT,115156.1,2.7173,115156.0,0.0385,115156.3,5.4512,115156.4,0.1981
1753456074719,15:07:54.719,BTC/USDT:USDT,115156.1,2.7173,115156.0,0.0385,115156.3,5.4512,115156.4,0.1981
1753456074919,15:07:54.919,BTC/USDT:USDT,115156.1,3.6219,115156.0,0.0512,115156.3,5.5325,115156.4,0.2252
1753456075119,15:07:55.119,BTC/USDT:USDT,115156.1,3.6219,115156.0,0.0512,115156.3,5.5325,115156.4,0.2252
1753456075319,15:07:55.319,BTC/USDT:USDT,115156.1,3.594,115156.0,0.0479,115156.3,5.5239,115156.4,0.1859
1753456075519,15:07:55.519,BTC/USDT:USDT,115156.1,3.594,115156.0,0.0479,115156.3,5.5239,115156.4,0.1859
1753456075719,15:07:55.719,BTC/USDT:USDT,115156.1,3.594,115156.0,0.0479,115156.3,5.5239,115156.4,0.1859
1753456075921,15:07:55.921,BTC/USDT:USDT,115156.1,2.6876,115156.0,0.0437,115156.3,6.2731,115156.4,0.2128
1753456076119,15:07:56.119,BTC/USDT:USDT,115156.1,3.7317,115156.0,0.0401,115156.3,6.2109,115156.4,0.1803
1753456076320,15:07:56.320,BTC/USDT:USDT,115156.1,3.7317,115156.0,0.0401,115156.3,6.2109,115156.4,0.1803
1753456076521,15:07:56.521,BTC/USDT:USDT,115156.1,3.1213,115156.0,0.0535,115156.3,5.6896,115156.4,0.211
1753456076719,15:07:56.719,BTC/USDT:USDT,115156.1,3.1213,115156.0,0.0535,115156.3,5.6896,115156.4,0.211
1753456076962,15:07:56.962,BTC/USDT:USDT,115156.1,3.1213,115156.0,0.0535,115156.3,5.6896,115156.4,0.211
1753456077119,15:07:57.119,BTC/USDT:USDT,115156.1,2.862,115156.0,0.049,115156.3,5.075,115156.4,0.1651
1753456077319,15:07:57.319,BTC/USDT:USDT,115154.0,2.6665,115153.9,0.0489,115154.2,5.9812,115154.3,0.2582
1753456077523,15:07:57.523,BTC/USDT:USDT,115154.0,2.6665,115153.9,0.0489,115154.2,5.9812,115154.3,0.2582
1753456077719,15:07:57.719,BTC/USDT:USDT,115153.9,0.0085,115149.4,3.0258,115159.0,1.7619,115168.4,4.9486
1753456077919,15:07:57.919,BTC/USDT:USDT,115153.9,0.0085,115149.4,3.0258,115159.0,1.7619,115168.4,4.9486
1753456078119,15:07:58.119,BTC/USDT:USDT,115153.9,0.0085,115140.6,2.8867,115177.0,6.2736,115177.1,0.2581
1753456078319,15:07:58.319,BTC/USDT:USDT,115153.9,0.0085,115140.6,2.8867,115177.0,6.2736,115177.1,0.2581
1753456078519,15:07:58.519,BTC/USDT:USDT,115153.9,0.0085,115140.6,2.3869,115177.0,5.3764,115177.1,0.2178
1753456078719,15:07:58.719,BTC/USDT:USDT,115153.9,0.0085,115140.6,2.3869,115177.0,5.3764,115177.1,0.2178
1753456078919,15:07:58.919,BTC/USDT:USDT,115140.6,2.2339,115140.5,0.0439,115140.8,5.9296,115140.9,0.2423
1753456079129,15:07:59.129,BTC/USDT:USDT,115140.6,2.2339,115140.5,0.0439,115140.8,5.9296,115140.9,0.2423
1753456079323,15:07:59.323,BTC/USDT:USDT,115140.6,2.2339,115140.5,0.0439,115140.8,5.9296,115140.9,0.2423
1753456079530,15:07:59.530,BTC/USDT:USDT,115140.6,2.4103,115140.5,0.0361,115140.8,6.9286,115140.9,0.2513
1753456079720,15:07:59.720,BTC/USDT:USDT,115140.6,2.4103,115140.5,0.0361,115140.8,6.9286,115140.9,0.2513
1753456079919,15:07:59.919,BTC/USDT:USDT,115140.6,2.7631,115140.5,0.0381,115140.8,7.268,115140.9,0.2795
1753456080119,15:08:00.119,BTC/USDT:USDT,115140.6,2.7631,115140.5,0.0381,115140.8,7.268,115140.9,0.2795
1753456080319,15:08:00.319,BTC/USDT:USDT,115140.6,2.1499,115140.5,0.0405,115140.8,7.2697,115140.9,0.2081
1753456080519,15:08:00.519,BTC/USDT:USDT,115140.6,2.3367,115140.5,0.0376,115140.8,5.3974,115140.9,0.2221
1753456080719,15:08:00.719,BTC/USDT:USDT,115140.6,2.3367,115140.5,0.0376,115140.8,5.3974,115140.9,0.2221
1753456080919,15:08:00.919,BTC/USDT:USDT,115140.6,2.2289,115140.5,0.0351,115140.8,6.3755,115140.9,0.2573
1753456081119,15:08:01.119,BTC/USDT:USDT,115140.6,2.2289,115140.5,0.0351,115140.8,6.3755,115140.9,0.2573
1753456081319,15:08:01.319,BTC/USDT:USDT,115140.6,2.8972,115140.5,0.0377,115140.8,7.4108,115140.9,0.2158
1753456081519,15:08:01.519,BTC/USDT:USDT,115140.6,2.8972,115140.5,0.0377,115140.8,7.4108,115140.9,0.2158
1753456081719,15:08:01.719,BTC/USDT:USDT,115141.2,2.9705,115141.1,0.0391,115141.4,6.2084,115141.5,0.2213
1753456081919,15:08:01.919,BTC/USDT:USDT,115141.2,2.9705,115141.1,0.0391,115141.4,6.2084,115141.5,0.2213
1753456082119,15:08:02.119,BTC/USDT:USDT,115141.2,2.6595,115141.1,0.033,115141.4,6.3641,115141.5,0.2294
1753456082319,15:08:02.319,BTC/USDT:USDT,115141.2,2.6595,115141.1,0.033,115141.4,6.3641,115141.5,0.2294
1753456082520,15:08:02.520,BTC/USDT:USDT,115141.2,3.0269,115141.1,0.0434,115141.4,5.8539,115141.5,0.2536
1753456082719,15:08:02.719,BTC/USDT:USDT,115141.2,3.0269,115141.1,0.0434,115141.4,5.8539,115141.5,0.2536
1753456082919,15:08:02.919,BTC/USDT:USDT,115141.2,2.9683,115141.1,0.0368,115141.4,5.64,115141.5,0.2788
1753456083119,15:08:03.119,BTC/USDT:USDT,115141.2,2.9683,115141.1,0.0368,115141.4,5.64,115141.5,0.2788
1753456083319,15:08:03.319,BTC/USDT:USDT,115141.2,2.4976,115141.1,0.0416,115141.4,6.5327,115141.5,0.2746
1753456083519,15:08:03.519,BTC/USDT:USDT,115141.2,2.4976,115141.1,0.0416,115141.4,6.5327,115141.5,0.2746
1753456083719,15:08:03.719,BTC/USDT:USDT,115141.2,2.2439,115141.1,0.0324,115141.4,6.0298,115141.5,0.21
1753456083919,15:08:03.919,BTC/USDT:USDT,115141.2,2.2439,115141.1,0.0324,115141.4,6.0298,115141.5,0.21
1753456084119,15:08:04.119,BTC/USDT:USDT,115141.2,3.5601,115141.1,0.0043,115141.4,8.7374,115141.5,0.0113
1753456084319,15:08:04.319,BTC/USDT:USDT,115141.2,3.5601,115141.1,0.0043,115141.4,8.7374,115141.5,0.0113
1753456084520,15:08:04.520,BTC/USDT:USDT,115141.2,3.8265,115141.1,0.0395,115141.4,9.0632,115141.5,0.0057
1753456084719,15:08:04.719,BTC/USDT:USDT,115141.2,3.8265,115141.1,0.0395,115141.4,9.0632,115141.5,0.0057
1753456084919,15:08:04.919,BTC/USDT:USDT,115140.8,4.5117,115140.7,0.0384,115141.0,6.9587,115141.1,0.0068
1753456085119,15:08:05.119,BTC/USDT:USDT,115140.8,4.5117,115140.7,0.0384,115141.0,6.9587,115141.1,0.0068
1753456085319,15:08:05.319,BTC/USDT:USDT,115140.0,0.0001,115139.1,3.6081,115163.1,8.3504,115163.2,0.0056
1753456085519,15:08:05.519,BTC/USDT:USDT,115140.0,0.0001,115139.1,3.6081,115163.1,8.3504,115163.2,0.0056
1753456085724,15:08:05.724,BTC/USDT:USDT,115138.0,0.0172,115133.3,0.0061,115161.1,15.8092,115161.2,0.0061
1753456085919,15:08:05.919,BTC/USDT:USDT,115138.0,0.0172,115133.3,0.0061,115161.1,15.8092,115161.2,0.0061
1753456086119,15:08:06.119,BTC/USDT:USDT,115138.0,0.0172,115133.3,0.0061,115161.1,9.0103,115161.2,0.0054
1753456086319,15:08:06.319,BTC/USDT:USDT,115138.0,0.0172,115133.3,0.0061,115161.1,9.0103,115161.2,0.0054
1753456086519,15:08:06.519,BTC/USDT:USDT,115138.0,0.0172,115133.3,0.0061,115161.1,18.1294,115161.2,0.0068
1753456086719,15:08:06.719,BTC/USDT:USDT,115138.0,0.0172,115133.3,0.0061,115161.1,18.1294,115161.2,0.0068
1753456086919,15:08:06.919,BTC/USDT:USDT,115133.3,0.0061,115132.3,0.4219,115156.4,8.8129,115156.5,0.0064
1753456087119,15:08:07.119,BTC/USDT:USDT,115133.3,0.0061,115132.3,0.4219,115156.4,8.8129,115156.5,0.0064
1753456087319,15:08:07.319,BTC/USDT:USDT,115132.3,0.381,115130.0,0.0001,115156.4,8.0721,115156.5,0.0069
1753456087519,15:08:07.519,BTC/USDT:USDT,115132.3,0.381,115130.0,0.0001,115156.4,8.0721,115156.5,0.0069
1753456087719,15:08:07.719,BTC/USDT:USDT,115132.3,0.381,115130.0,0.0001,115155.4,7.9971,115155.5,0.006
1753456087919,15:08:07.919,BTC/USDT:USDT,115132.3,0.381,115130.0,0.0001,115155.4,7.9971,115155.5,0.006
1753456088119,15:08:08.119,BTC/USDT:USDT,115132.3,0.381,115130.0,0.0001,115155.4,16.021,115155.5,0.007
1753456088319,15:08:08.319,BTC/USDT:USDT,115132.3,0.381,115130.0,0.0001,115155.4,16.021,115155.5,0.007
1753456088519,15:08:08.519,BTC/USDT:USDT,115111.2,0.008,115109.3,4.2949,115126.9,4.7249,115129.0,4.939
1753456088719,15:08:08.719,BTC/USDT:USDT,115111.2,0.008,115109.3,4.2949,115126.9,4.7249,115129.0,4.939
1753456088919,15:08:08.919,BTC/USDT:USDT,115108.0,3.8335,115107.9,0.0479,115108.2,6.7662,115108.3,0.0074
1753456089125,15:08:09.125,BTC/USDT:USDT,115108.0,3.8335,115107.9,0.0479,115108.2,6.7662,115108.3,0.0074
1753456089335,15:08:09.335,BTC/USDT:USDT,115100.0,0.0172,115096.0,3.5759,115115.1,4.1689,115121.5,8.2069
1753456089519,15:08:09.519,BTC/USDT:USDT,115100.0,0.0172,115096.0,3.5759,115115.1,4.1689,115121.5,8.2069
1753456089719,15:08:09.719,BTC/USDT:USDT,115100.0,0.0172,115096.0,3.5759,115115.1,4.1689,115121.5,8.2069
1753456089919,15:08:09.919,BTC/USDT:USDT,115100.0,0.0172,115096.0,3.6495,115115.1,4.1687,115121.5,8.2069
1753456090119,15:08:10.119,BTC/USDT:USDT,115100.0,0.0172,115096.0,3.6495,115115.1,4.1687,115121.5,8.2069
1753456090319,15:08:10.319,BTC/USDT:USDT,115100.0,0.0172,115096.0,3.6495,115115.1,4.1687,115121.5,8.2069
1753456090519,15:08:10.519,BTC/USDT:USDT,115100.0,0.0169,115096.0,4.298,115115.1,4.1517,115121.5,8.2069
1753456090719,15:08:10.719,BTC/USDT:USDT,115100.0,0.0169,115096.0,4.298,115115.1,4.1517,115121.5,8.2069
1753456090919,15:08:10.919,BTC/USDT:USDT,115100.0,0.0169,115096.0,4.298,115115.1,4.1508,115121.5,8.2069
1753456091119,15:08:11.119,BTC/USDT:USDT,115100.0,0.0169,115096.0,4.298,115115.1,4.1508,115121.5,8.2069
1753456091319,15:08:11.319,BTC/USDT:USDT,115100.0,0.0169,115096.0,3.895,115115.1,4.1502,115121.5,8.2069
1753456091519,15:08:11.519,BTC/USDT:USDT,115100.0,0.0169,115096.0,3.895,115115.1,4.1502,115121.5,8.2069
1753456091719,15:08:11.719,BTC/USDT:USDT,115100.0,0.0143,115096.0,3.5132,115115.1,4.0502,115121.5,8.2069
1753456091919,15:08:11.919,BTC/USDT:USDT,115100.0,0.0143,115096.0,3.5132,115115.1,4.0502,115121.5,8.2069
1753456092119,15:08:12.119,BTC/USDT:USDT,115100.0,0.0143,115096.0,4.6556,115115.1,4.0502,115121.5,8.2069
1753456092320,15:08:12.320,BTC/USDT:USDT,115100.0,0.0143,115096.0,4.6556,115115.1,4.0502,115121.5,8.2069
1753456092519,15:08:12.519,BTC/USDT:USDT,115100.0,0.0143,115096.0,4.3604,115115.1,4.0502,115123.1,13.8899
1753456092720,15:08:12.720,BTC/USDT:USDT,115100.0,0.0143,115096.0,4.3604,115115.1,4.0502,115123.1,13.8899
1753456092919,15:08:12.919,BTC/USDT:USDT,115100.0,0.0143,115096.0,3.6924,115115.1,4.0502,115123.1,15.451
1753456093119,15:08:13.119,BTC/USDT:USDT,115100.0,0.0143,115096.0,3.6924,115115.1,4.0502,115123.1,15.451
1753456093319,15:08:13.319,BTC/USDT:USDT,115096.0,4.3115,115095.9,0.0497,115096.2,8.2393,115096.3,0.0073
1753456093519,15:08:13.519,BTC/USDT:USDT,115096.0,4.3115,115095.9,0.0497,115096.2,8.2393,115096.3,0.0073
1753456093719,15:08:13.719,BTC/USDT:USDT,115096.0,3.9593,115095.9,0.0387,115096.2,8.8147,115096.3,0.0071
1753456093919,15:08:13.919,BTC/USDT:USDT,115096.0,3.9593,115095.9,0.0387,115096.2,8.8147,115096.3,0.0071
1753456094119,15:08:14.119,BTC/USDT:USDT,115096.0,3.9593,115095.9,0.0387,115096.2,8.7717,115096.3,0.0071
1753456094319,15:08:14.319,BTC/USDT:USDT,115096.0,3.9593,115095.9,0.0387,115096.2,8.7717,115096.3,0.0071
1753456094519,15:08:14.519,BTC/USDT:USDT,115092.7,2.1361,115092.6,0.0013,115092.9,16.886,115093.0,0.2964
1753456094719,15:08:14.719,BTC/USDT:USDT,115092.7,2.1361,115092.6,0.0013,115092.9,16.886,115093.0,0.2964
1753456094919,15:08:14.919,BTC/USDT:USDT,115088.8,0.0011,115088.6,1.9764,115111.9,16.0248,115112.0,0.2594
1753456095119,15:08:15.119,BTC/USDT:USDT,115088.8,0.0011,115088.6,1.9764,115111.9,16.0248,115112.0,0.2594
1753456095319,15:08:15.319,BTC/USDT:USDT,115085.5,1.7311,115085.4,0.001,115085.7,13.7211,115085.8,0.3456
1753456095519,15:08:15.519,BTC/USDT:USDT,115085.5,1.7311,115085.4,0.001,115085.7,13.7211,115085.8,0.3456
1753456095876,15:08:15.876,BTC/USDT:USDT,115080.0,0.0015,115077.5,1.881,115103.1,13.0323,115103.2,0.3335
1753456095919,15:08:15.919,BTC/USDT:USDT,115080.0,0.0015,115077.5,1.881,115103.1,13.0323,115103.2,0.3335
1753456096119,15:08:16.119,BTC/USDT:USDT,115076.4,2.2423,115076.3,0.001,115076.6,16.5419,115076.7,0.3203
1753456096320,15:08:16.320,BTC/USDT:USDT,115076.4,2.2423,115076.3,0.001,115076.6,16.5419,115076.7,0.3203
1753456096519,15:08:16.519,BTC/USDT:USDT,115076.4,2.2423,115076.3,0.001,115076.6,16.5419,115076.7,0.3203
1753456096719,15:08:16.719,BTC/USDT:USDT,115076.4,2.2423,115076.3,0.001,115076.6,16.5419,115076.7,0.3203
1753456096919,15:08:16.919,BTC/USDT:USDT,115075.1,0.0169,115074.9,1.8862,115086.5,0.0865,115087.3,0.8882
1753456097119,15:08:17.119,BTC/USDT:USDT,115075.1,0.0169,115074.9,1.8862,115086.5,0.0865,115087.3,0.8882
1753456097319,15:08:17.319,BTC/USDT:USDT,115075.1,0.0169,115072.8,2.1645,115098.2,15.4838,115098.3,0.2516
1753456097519,15:08:17.519,BTC/USDT:USDT,115075.1,0.0169,115072.8,2.1645,115098.2,15.4838,115098.3,0.2516
1753456097719,15:08:17.719,BTC/USDT:USDT,115075.1,0.0169,115072.0,1.8965,115098.2,15.3834,115098.3,0.252
1753456097919,15:08:17.919,BTC/USDT:USDT,115075.1,0.0169,115072.0,1.8965,115098.2,15.3834,115098.3,0.252
1753456098119,15:08:18.119,BTC/USDT:USDT,115069.8,2.0484,115069.7,0.0012,115098.2,13.2256,115098.3,0.2681
1753456098319,15:08:18.319,BTC/USDT:USDT,115069.8,2.0484,115069.7,0.0012,115098.2,13.2256,115098.3,0.2681
1753456098519,15:08:18.519,BTC/USDT:USDT,115069.8,1.8885,115069.7,0.001,115070.0,14.8994,115070.1,0.2962
1753456098719,15:08:18.719,BTC/USDT:USDT,115069.8,1.8885,115069.7,0.001,115070.0,14.8994,115070.1,0.2962
1753456098919,15:08:18.919,BTC/USDT:USDT,115069.8,1.936,115069.7,0.001,115070.0,15.2679,115070.1,0.3446
1753456099122,15:08:19.122,BTC/USDT:USDT,115069.8,1.936,115069.7,0.001,115070.0,15.2679,115070.1,0.3446
1753456099321,15:08:19.321,BTC/USDT:USDT,115069.8,2.1547,115069.7,0.0012,115070.0,15.2066,115070.1,0.3263
1753456099519,15:08:19.519,BTC/USDT:USDT,115069.8,2.1547,115069.7,0.0012,115070.0,15.2066,115070.1,0.3263
1753456099719,15:08:19.719,BTC/USDT:USDT,115069.8,2.1547,115069.7,0.0012,115070.0,15.2066,115070.1,0.3263
1753456099919,15:08:19.919,BTC/USDT:USDT,115068.7,2.0342,115068.6,0.001,115068.9,15.1287,115069.0,0.3004
1753456100119,15:08:20.119,BTC/USDT:USDT,115068.7,2.1221,115068.6,0.0012,115068.9,13.6824,115069.0,0.3473
1753456100319,15:08:20.319,BTC/USDT:USDT,115068.7,2.1221,115068.6,0.0012,115068.9,13.6824,115069.0,0.3473
1753456100519,15:08:20.519,BTC/USDT:USDT,115062.6,0.008,115061.6,0.0046,115085.7,12.6517,115085.8,0.28
1753456100719,15:08:20.719,BTC/USDT:USDT,115062.6,0.008,115061.6,0.0046,115085.7,12.6517,115085.8,0.28
1753456100919,15:08:20.919,BTC/USDT:USDT,115062.6,0.008,115061.6,0.0046,115085.7,13.8254,115085.8,0.3094
1753456101119,15:08:21.119,BTC/USDT:USDT,115062.6,0.008,115061.6,0.0046,115085.7,13.8254,115085.8,0.3094
1753456101319,15:08:21.319,BTC/USDT:USDT,115062.6,0.008,115061.6,0.0046,115085.7,15.2037,115085.8,0.3068
1753456101519,15:08:21.519,BTC/USDT:USDT,115062.6,0.008,115061.6,0.0046,115085.7,15.2037,115085.8,0.3068
1753456101719,15:08:21.719,BTC/USDT:USDT,115062.6,0.008,115061.6,0.0046,115085.7,15.2037,115085.8,0.3068
1753456101919,15:08:21.919,BTC/USDT:USDT,115062.6,0.008,115061.6,0.0046,115085.7,14.6153,115085.8,0.3041
1753456102119,15:08:22.119,BTC/USDT:USDT,115068.0,1.7528,115067.9,0.0012,115068.2,15.6816,115068.3,0.3073
1753456102319,15:08:22.319,BTC/USDT:USDT,115068.0,1.7528,115067.9,0.0012,115068.2,15.6816,115068.3,0.3073
1753456102520,15:08:22.520,BTC/USDT:USDT,115068.0,1.7528,115067.9,0.0012,115068.2,15.6816,115068.3,0.3073
1753456102720,15:08:22.720,BTC/USDT:USDT,115067.2,1.6373,115067.1,0.0012,115067.4,16.7896,115067.5,0.3377
1753456102919,15:08:22.919,BTC/USDT:USDT,115067.2,1.6373,115067.1,0.0012,115067.4,16.7896,115067.5,0.3377
1753456103119,15:08:23.119,BTC/USDT:USDT,115077.2,2.1149,115077.1,0.0012,115077.4,14.2822,115077.5,0.3268
