timestamp,time,symbol,bid1_price,bid1_volume,bid2_price,bid2_volume,ask1_price,ask1_volume,ask2_price,ask2_volume
1753455915140,15:05:15.140,BTC/USDT:USDT,115130.0,13.2154,115129.4,0.02,115130.1,29.9665,115130.2,0.8935
1753455915241,15:05:15.241,BTC/USDT:USDT,115130.0,13.2154,115129.4,0.02,115130.1,29.9665,115130.2,0.8935
1753455915342,15:05:15.342,BTC/USDT:USDT,115130.0,10.1585,115127.5,3.0391,115130.1,29.9665,115130.2,0.8935
1753455915442,15:05:15.442,BTC/USDT:USDT,115130.0,6.2528,115129.4,0.02,115130.1,29.9665,115130.2,0.8935
1753455915543,15:05:15.543,BTC/USDT:USDT,115130.0,5.4518,115129.1,0.0178,115130.1,30.5965,115130.2,0.8935
1753455915643,15:05:15.643,BTC/USDT:USDT,115130.0,5.4518,115128.7,0.0378,115130.1,30.5965,115130.2,0.8935
1753455915743,15:05:15.743,BTC/USDT:USDT,115128.7,0.02,115127.1,0.0178,115128.8,0.0097,115130.0,3.2183
1753455915844,15:05:15.844,BTC/USDT:USDT,115123.2,0.0248,115121.4,0.002,115127.1,0.8685,115127.2,3.9056
1753455915944,15:05:15.944,BTC/USDT:USDT,115123.2,0.0248,115119.1,0.0008,115123.3,37.968,115123.8,13.772
1753455916044,15:05:16.044,BTC/USDT:USDT,115123.2,0.019,115119.1,0.0008,115123.3,53.1411,115123.7,7.4357
1753455916144,15:05:16.144,BTC/USDT:USDT,115123.2,0.0194,115119.1,0.0008,115123.3,51.1384,115123.6,0.0222
1753455916244,15:05:16.244,BTC/USDT:USDT,115123.2,0.0194,115119.1,0.0008,115123.3,51.1604,115123.6,0.02
1753455916344,15:05:16.344,BTC/USDT:USDT,115119.1,0.0008,115118.0,0.0056,115119.2,23.0021,115120.2,0.1716
1753455916446,15:05:16.446,BTC/USDT:USDT,115119.1,0.0008,115118.0,0.0056,115119.2,50.486,115119.3,0.0222
1753455916545,15:05:16.545,BTC/USDT:USDT,115119.1,0.0012,115118.0,0.0056,115119.2,51.1166,115119.3,0.0422
1753455916645,15:05:16.645,BTC/USDT:USDT,115119.1,0.0012,115118.0,0.0056,115119.2,51.1166,115119.3,0.0422
1753455916745,15:05:16.745,BTC/USDT:USDT,115119.1,0.0012,115118.0,0.0056,115119.2,51.5116,115119.3,0.0422
1753455916845,15:05:16.845,BTC/USDT:USDT,115119.1,0.0012,115118.0,0.0056,115119.2,52.8116,115119.3,0.0422
1753455916946,15:05:16.946,BTC/USDT:USDT,115119.1,0.0012,115118.0,0.0056,115119.2,52.4166,115119.3,0.0422
1753455917045,15:05:17.045,BTC/USDT:USDT,115119.1,0.0012,115118.0,0.0056,115119.2,53.8474,115119.3,0.0422
1753455917145,15:05:17.145,BTC/USDT:USDT,115119.1,0.0012,115118.0,0.0056,115119.2,46.6591,115119.3,0.0422
1753455917245,15:05:17.245,BTC/USDT:USDT,115119.1,6.5208,115118.0,0.0056,115119.2,42.8006,115119.3,0.0422
1753455917345,15:05:17.345,BTC/USDT:USDT,115119.1,9.1557,115118.1,3.4736,115119.2,33.7518,115119.3,0.0422
1753455917445,15:05:17.445,BTC/USDT:USDT,115119.1,9.1267,115118.2,4.1774,115119.2,31.6668,115119.3,0.0622
1753455917545,15:05:17.545,BTC/USDT:USDT,115119.1,15.2003,115118.3,0.002,115119.2,32.3612,115119.3,0.0422
1753455917649,15:05:17.649,BTC/USDT:USDT,115119.1,15.2293,115118.3,3.0314,115119.2,32.3612,115119.3,0.0422
1753455917750,15:05:17.750,BTC/USDT:USDT,115119.1,11.7557,115118.4,3.4736,115119.2,32.3612,115119.6,2.6813
1753455917850,15:05:17.850,BTC/USDT:USDT,115119.1,16.5293,115118.5,2.9829,115119.2,33.6612,115119.3,0.0422
1753455917951,15:05:17.951,BTC/USDT:USDT,115119.1,13.9857,115118.6,0.002,115119.2,33.6536,115119.3,0.0422
1753455918051,15:05:18.051,BTC/USDT:USDT,115119.1,13.9567,115118.6,0.002,115119.2,37.1272,115119.3,0.0422
1753455918151,15:05:18.151,BTC/USDT:USDT,115119.1,13.9567,115118.6,0.002,115119.2,33.6536,115119.3,0.0422
1753455918253,15:05:18.253,BTC/USDT:USDT,115119.1,13.9567,115118.6,0.002,115119.2,36.1767,115119.3,0.0644
1753455918356,15:05:18.356,BTC/USDT:USDT,115119.1,13.9567,115118.6,0.002,115119.2,37.3093,115119.3,0.0422
1753455918456,15:05:18.456,BTC/USDT:USDT,115119.1,9.1268,115118.5,1.9528,115119.2,37.3093,115119.3,0.02
1753455918556,15:05:18.556,BTC/USDT:USDT,115119.1,9.1268,115118.5,1.9528,115119.2,37.3428,115119.3,0.02
1753455918657,15:05:18.657,BTC/USDT:USDT,115119.1,9.1268,115118.5,1.9528,115119.2,36.8712,115119.3,0.0422
1753455918758,15:05:18.758,BTC/USDT:USDT,115119.1,9.1268,115118.5,1.9528,115119.2,38.0038,115119.3,0.0422
1753455918860,15:05:18.860,BTC/USDT:USDT,115119.1,10.4268,115118.5,1.9528,115119.2,38.6338,115119.3,0.02
1753455918961,15:05:18.961,BTC/USDT:USDT,115119.1,10.4268,115118.5,1.9528,115119.2,37.5012,115119.3,0.0422
1753455919062,15:05:19.062,BTC/USDT:USDT,115119.1,7.8209,115118.5,1.9528,115119.2,41.1012,115119.3,0.0644
1753455919162,15:05:19.162,BTC/USDT:USDT,115119.1,9.1209,115118.5,1.9528,115119.2,40.9012,115119.3,0.0644
1753455919262,15:05:19.262,BTC/USDT:USDT,115119.1,9.1209,115118.5,1.9528,115119.2,40.9012,115119.3,0.0422
1753455919366,15:05:19.366,BTC/USDT:USDT,115119.1,9.1209,115118.5,1.9528,115119.2,40.9012,115119.3,0.02
1753455919468,15:05:19.468,BTC/USDT:USDT,115119.1,9.1209,115118.5,1.9528,115119.2,40.9012,115119.3,0.0422
1753455919568,15:05:19.568,BTC/USDT:USDT,115119.1,9.1209,115118.5,1.9528,115119.2,40.9012,115119.3,0.0622
1753455919669,15:05:19.669,BTC/USDT:USDT,115119.1,9.2849,115118.5,2.84,115119.2,39.5652,115119.3,0.0644
1753455919769,15:05:19.769,BTC/USDT:USDT,115119.1,14.4543,115118.5,2.84,115119.2,37.7392,115119.3,0.02
1753455919869,15:05:19.869,BTC/USDT:USDT,115119.1,15.5323,115118.5,2.84,115119.2,36.5562,115119.3,0.02
1753455919972,15:05:19.972,BTC/USDT:USDT,115119.1,15.4036,115118.5,2.84,115119.2,36.1237,115119.3,0.0422
1753455920072,15:05:20.072,BTC/USDT:USDT,115119.1,15.4029,115118.5,1.9528,115119.2,34.9912,115119.3,0.02
1753455920172,15:05:20.172,BTC/USDT:USDT,115119.1,15.4029,115118.5,1.9528,115119.2,31.3851,115119.3,0.0422
1753455920273,15:05:20.273,BTC/USDT:USDT,115119.1,15.4029,115118.5,1.9528,115119.2,33.7391,115119.3,0.0644
1753455920374,15:05:20.374,BTC/USDT:USDT,115119.1,12.797,115118.6,2.6059,115119.2,35.0887,115119.3,0.0422
1753455920475,15:05:20.475,BTC/USDT:USDT,115119.1,6.3915,115118.5,1.9528,115119.2,37.1697,115119.3,0.02
1753455920576,15:05:20.576,BTC/USDT:USDT,115119.1,6.3915,115118.0,0.0056,115119.2,47.4792,115119.3,0.0644
1753455920676,15:05:20.676,BTC/USDT:USDT,115119.1,6.3915,115118.0,0.0056,115119.2,47.4792,115119.3,0.0422
1753455920776,15:05:20.776,BTC/USDT:USDT,115119.1,4.7807,115118.0,0.0056,115119.2,45.0637,115119.3,0.0422
1753455920877,15:05:20.877,BTC/USDT:USDT,115119.1,7.82,115118.0,0.0056,115119.2,46.1962,115119.3,0.0422
1753455920977,15:05:20.977,BTC/USDT:USDT,115119.1,7.82,115118.0,0.0056,115119.2,45.8697,115119.3,0.0422
1753455921078,15:05:21.078,BTC/USDT:USDT,115119.1,7.82,115118.0,0.0056,115119.2,45.2747,115119.3,0.0422
1753455921183,15:05:21.183,BTC/USDT:USDT,115119.1,7.82,115118.0,0.0056,115119.2,45.2747,115119.3,0.0222
1753455921284,15:05:21.284,BTC/USDT:USDT,115119.1,7.82,115118.0,0.0056,115119.2,45.2747,115119.3,0.0222
1753455921385,15:05:21.385,BTC/USDT:USDT,115119.1,7.82,115118.0,0.0056,115119.2,37.9365,115119.3,0.0422
1753455921486,15:05:21.486,BTC/USDT:USDT,115119.1,11.7616,115118.0,0.0056,115119.2,37.3725,115119.3,0.0422
1753455921587,15:05:21.587,BTC/USDT:USDT,115119.1,9.7492,115118.0,0.0056,115119.2,37.2285,115119.3,0.0644
1753455921688,15:05:21.688,BTC/USDT:USDT,115119.1,8.4492,115118.0,0.0056,115119.2,37.2272,115119.3,0.0222
1753455921791,15:05:21.791,BTC/USDT:USDT,115119.1,6.9617,115118.0,0.0056,115119.2,37.2272,115119.3,0.0422
1753455921891,15:05:21.891,BTC/USDT:USDT,115119.1,3.3834,115118.1,3.0394,115119.2,44.0967,115119.3,0.02
1753455921992,15:05:21.992,BTC/USDT:USDT,115119.1,3.3834,115118.0,0.0056,115119.2,45.7082,115119.3,0.02
1753455922092,15:05:22.092,BTC/USDT:USDT,115119.1,3.3834,115118.0,0.0056,115119.2,45.7082,115119.3,0.0622
1753455922193,15:05:22.193,BTC/USDT:USDT,115119.1,3.3834,115118.0,0.0056,115119.2,45.7082,115119.3,0.0422
1753455922292,15:05:22.292,BTC/USDT:USDT,115119.1,3.3834,115118.0,0.0056,115119.2,45.7082,115119.3,0.0422
1753455922394,15:05:22.394,BTC/USDT:USDT,115119.1,3.3834,115118.0,0.0056,115119.2,45.7082,115119.3,0.0422
1753455922493,15:05:22.493,BTC/USDT:USDT,115119.1,3.3834,115118.0,0.0056,115119.2,46.2308,115119.3,0.0423
1753455922593,15:05:22.593,BTC/USDT:USDT,115118.0,0.0056,115117.7,0.05,115118.1,0.6917,115119.1,1.0353
1753455922694,15:05:22.694,BTC/USDT:USDT,115113.8,0.005,115112.2,0.001,115113.9,15.0565,115114.2,4.3054
1753455922794,15:05:22.794,BTC/USDT:USDT,115113.8,0.005,115112.2,0.001,115113.9,51.6467,115114.0,22.4935
1753455922894,15:05:22.894,BTC/USDT:USDT,115113.8,0.005,115112.2,0.001,115113.9,52.1882,115114.0,0.6007
1753455922994,15:05:22.994,BTC/USDT:USDT,115105.0,3.4752,115104.9,2.6063,115112.3,0.151,115113.9,52.1886
1753455923095,15:05:23.095,BTC/USDT:USDT,115105.0,14.0164,115104.9,2.6063,115105.1,19.2255,115105.5,0.5868
1753455923202,15:05:23.202,BTC/USDT:USDT,115105.0,16.2934,115104.9,0.3575,115105.1,30.5749,115105.5,0.5868
1753455923305,15:05:23.305,BTC/USDT:USDT,115105.0,16.2934,115104.9,0.3575,115105.1,30.5749,115106.4,4.2035
1753455923406,15:05:23.406,BTC/USDT:USDT,115105.0,13.8515,115104.8,0.5868,115105.1,30.5749,115106.4,4.2035
1753455923507,15:05:23.507,BTC/USDT:USDT,115105.0,13.8515,115104.9,1.3597,115105.1,30.5749,115106.4,4.2035
1753455923606,15:05:23.606,BTC/USDT:USDT,115105.0,13.8515,115104.9,1.3597,115105.1,30.5749,115106.4,4.2035
1753455923709,15:05:23.709,BTC/USDT:USDT,115105.0,13.8213,115104.9,1.3597,115105.1,31.8749,115106.4,4.2035
1753455923810,15:05:23.810,BTC/USDT:USDT,115105.0,15.1213,115104.9,0.3628,115105.1,33.1749,115106.4,4.2035
1753455923911,15:05:23.911,BTC/USDT:USDT,115105.0,18.6015,115104.9,0.3628,115105.1,33.1749,115106.3,0.0222
1753455924012,15:05:24.012,BTC/USDT:USDT,115105.0,18.6015,115104.9,2.6621,115105.1,33.0012,115106.2,0.0222
1753455924111,15:05:24.111,BTC/USDT:USDT,115105.0,18.6015,115104.9,2.6621,115105.1,29.5271,115106.0,0.0222
1753455924211,15:05:24.211,BTC/USDT:USDT,115105.0,18.6015,115104.9,2.6621,115105.1,29.5271,115105.9,0.0222
1753455924312,15:05:24.312,BTC/USDT:USDT,115105.0,18.6015,115104.9,2.6621,115105.1,29.5271,115105.8,0.0222
1753455924412,15:05:24.412,BTC/USDT:USDT,115105.0,19.8915,115104.9,2.6621,115105.1,29.1097,115105.7,0.0222
1753455924512,15:05:24.512,BTC/USDT:USDT,115105.0,19.8935,115104.9,2.6621,115105.1,32.5837,115105.6,0.0222
1753455924612,15:05:24.612,BTC/USDT:USDT,115105.0,19.8935,115104.9,0.5848,115105.1,32.5837,115105.6,0.0222
1753455924713,15:05:24.713,BTC/USDT:USDT,115105.0,19.8935,115104.9,1.5921,115105.1,30.9737,115106.0,0.02
1753455924813,15:05:24.813,BTC/USDT:USDT,115105.0,19.8822,115104.9,1.5921,115105.1,32.2737,115105.3,0.0222
1753455924915,15:05:24.915,BTC/USDT:USDT,115105.0,19.8802,115104.9,1.5921,115105.1,32.2666,115105.3,0.0222
1753455925018,15:05:25.018,BTC/USDT:USDT,115105.0,19.8802,115104.9,1.5921,115105.1,32.2666,115105.7,0.02
1753455925119,15:05:25.119,BTC/USDT:USDT,115105.0,19.8802,115104.9,1.5921,115105.1,32.2666,115105.2,0.0222
1753455925219,15:05:25.219,BTC/USDT:USDT,115105.0,19.8802,115104.9,1.5921,115105.1,32.2888,115105.5,0.02
1753455925319,15:05:25.319,BTC/USDT:USDT,115105.0,19.8802,115104.9,1.5921,115105.1,32.0715,115105.4,0.02
1753455925421,15:05:25.421,BTC/USDT:USDT,115105.0,23.3542,115104.9,2.509,115105.1,23.2207,115105.3,0.02
1753455925520,15:05:25.520,BTC/USDT:USDT,115105.0,19.8802,115104.9,1.6711,115105.1,23.1985,115105.3,0.02
1753455925621,15:05:25.621,BTC/USDT:USDT,115105.0,19.8822,115104.9,2.4991,115105.1,26.6725,115105.2,0.02
1753455925721,15:05:25.721,BTC/USDT:USDT,115105.2,0.9764,115105.1,3.6631,115105.3,0.0001,115105.4,0.0001
1753455925822,15:05:25.822,BTC/USDT:USDT,115105.2,48.3233,115105.1,9.0493,115105.3,1.132,115105.4,0.0001
1753455925921,15:05:25.921,BTC/USDT:USDT,115105.2,49.2796,115105.1,2.3085,115105.3,1.1328,115105.4,0.0001
1753455926022,15:05:26.022,BTC/USDT:USDT,115105.2,46.8278,115105.1,1.25,115105.3,1.1328,115105.4,0.0001
1753455926121,15:05:26.121,BTC/USDT:USDT,115105.2,46.8278,115105.1,1.25,115105.3,1.1347,115105.5,0.0001
1753455926221,15:05:26.221,BTC/USDT:USDT,115105.2,46.8278,115105.1,1.25,115105.3,1.1347,115105.5,0.0001
1753455926322,15:05:26.322,BTC/USDT:USDT,115105.2,46.8288,115105.1,1.25,115105.3,1.1347,115105.6,0.0001
1753455926423,15:05:26.423,BTC/USDT:USDT,115105.2,48.1288,115105.1,1.25,115105.3,1.0847,115105.6,0.0001
1753455926523,15:05:26.523,BTC/USDT:USDT,115105.2,32.6307,115105.1,0.909,115105.3,1.5691,115105.7,0.0001
1753455926623,15:05:26.623,BTC/USDT:USDT,115105.2,26.3877,115105.1,0.909,115105.3,1.8516,115105.7,0.0001
1753455926723,15:05:26.723,BTC/USDT:USDT,115105.2,26.3877,115105.1,1.8162,115105.3,3.6874,115105.7,0.0001
1753455926823,15:05:26.823,BTC/USDT:USDT,115105.2,3.9706,115105.0,0.0086,115105.3,14.2388,115105.7,0.0001
1753455926924,15:05:26.924,BTC/USDT:USDT,115105.2,3.4822,115105.0,0.0086,115105.3,25.8266,115105.5,0.0222
1753455927024,15:05:27.024,BTC/USDT:USDT,115105.2,3.4806,115105.0,0.0086,115105.3,25.8762,115105.7,0.0001
1753455927124,15:05:27.124,BTC/USDT:USDT,115105.2,6.0869,115105.0,0.0086,115105.3,25.8762,115105.7,0.0001
1753455927224,15:05:27.224,BTC/USDT:USDT,115105.2,3.4806,115105.0,0.0086,115105.3,25.8472,115105.7,0.0001
1753455927325,15:05:27.325,BTC/USDT:USDT,115105.2,3.4806,115105.0,0.0086,115105.3,25.8472,115105.7,0.0001
1753455927426,15:05:27.426,BTC/USDT:USDT,115105.2,3.4806,115105.0,0.0086,115105.3,25.829,115105.7,0.0001
1753455927527,15:05:27.527,BTC/USDT:USDT,115105.2,3.4806,115105.0,0.0086,115105.3,25.829,115105.4,0.0222
1753455927626,15:05:27.626,BTC/USDT:USDT,115105.2,6.0869,115105.0,0.0086,115105.3,25.829,115105.4,0.0222
1753455927726,15:05:27.726,BTC/USDT:USDT,115105.2,4.7806,115105.0,0.0086,115105.3,27.1512,115105.7,0.0001
1753455927827,15:05:27.827,BTC/USDT:USDT,115105.2,10.4266,115105.0,0.0086,115105.3,26.2372,115105.4,0.0001
1753455927927,15:05:27.927,BTC/USDT:USDT,115105.2,9.1199,115105.0,0.0086,115105.3,26.1936,115105.4,0.0223
1753455928028,15:05:28.028,BTC/USDT:USDT,115105.2,9.1199,115105.0,0.0086,115105.3,26.1732,115105.4,0.0001
1753455928130,15:05:28.130,BTC/USDT:USDT,115105.2,6.5203,115105.0,0.0086,115105.3,27.2183,115105.4,0.0001
1753455928230,15:05:28.230,BTC/USDT:USDT,115105.2,6.5203,115105.0,0.0086,115105.3,27.2205,115105.4,0.0201
1753455928332,15:05:28.332,BTC/USDT:USDT,115105.2,6.5289,115103.2,0.002,115105.3,27.2405,115105.4,0.0001
1753455928432,15:05:28.432,BTC/USDT:USDT,115105.2,3.4892,115103.3,3.0397,115105.3,26.4193,115105.4,0.0001
1753455928532,15:05:28.532,BTC/USDT:USDT,115105.2,6.5289,115103.2,1.379,115105.3,27.5509,115105.4,0.0001
1753455928634,15:05:28.634,BTC/USDT:USDT,115105.2,6.5289,115103.4,0.002,115105.3,27.5309,115105.4,0.0001
1753455928734,15:05:28.734,BTC/USDT:USDT,115105.2,7.8242,115103.3,0.0178,115105.3,28.5509,115105.4,0.0001
1753455928835,15:05:28.835,BTC/USDT:USDT,115105.2,7.8242,115103.5,0.0178,115105.3,28.5509,115105.4,0.0001
1753455928935,15:05:28.935,BTC/USDT:USDT,115105.2,7.8242,115103.5,0.0178,115105.3,28.5509,115105.4,0.0001
1753455929036,15:05:29.036,BTC/USDT:USDT,115105.2,7.8242,115103.4,0.0556,115105.3,28.5731,115105.4,0.0001
1753455929136,15:05:29.136,BTC/USDT:USDT,115105.2,7.8242,115103.5,0.0178,115105.3,28.5509,115105.4,0.0001
1753455929236,15:05:29.236,BTC/USDT:USDT,115105.2,7.8242,115103.5,0.0178,115105.3,28.5709,115105.4,0.0001
1753455929336,15:05:29.336,BTC/USDT:USDT,115105.2,7.8242,115103.3,0.0178,115105.3,28.5409,115105.4,0.0001
1753455929436,15:05:29.436,BTC/USDT:USDT,115105.2,7.8242,115103.2,0.1767,115105.3,28.5187,115105.4,0.0001
1753455929537,15:05:29.537,BTC/USDT:USDT,115105.2,7.8242,115103.2,0.9425,115105.3,28.5365,115105.4,0.0001
1753455929637,15:05:29.637,BTC/USDT:USDT,115105.2,10.4242,115103.5,0.0178,115105.3,28.5363,115105.4,0.0001
1753455929737,15:05:29.737,BTC/USDT:USDT,115105.2,11.3542,115103.2,0.9425,115105.3,28.5563,115105.4,0.0001
1753455929837,15:05:29.837,BTC/USDT:USDT,115105.2,11.3542,115103.3,2.6263,115105.3,23.6771,115105.4,0.0001
1753455929937,15:05:29.937,BTC/USDT:USDT,115105.2,13.9605,115103.4,2.0274,115105.3,16.1341,115105.4,0.0001
1753455930037,15:05:30.037,BTC/USDT:USDT,115105.2,13.9605,115103.5,3.474,115105.3,9.5359,115105.4,0.0001
1753455930137,15:05:30.137,BTC/USDT:USDT,115105.2,17.4345,115103.6,6.6088,115105.3,9.2534,115105.4,0.0001
1753455930238,15:05:30.238,BTC/USDT:USDT,115105.2,21.1017,115103.7,2.4302,115105.3,0.0545,115105.4,0.0001
1753455930337,15:05:30.337,BTC/USDT:USDT,115106.0,3.2803,115105.9,3.4802,115106.1,0.0002,115106.2,0.0002
1753455930437,15:05:30.437,BTC/USDT:USDT,115113.8,7.8452,115110.8,7.4623,115115.2,0.0222,115116.6,0.02
1753455930537,15:05:30.537,BTC/USDT:USDT,115120.7,6.866,115120.6,10.0269,115120.8,0.0002,115120.9,0.0002
1753455930638,15:05:30.638,BTC/USDT:USDT,115125.0,2.6247,115123.8,19.8097,115125.1,0.0001,115125.2,0.0001
1753455930737,15:05:30.737,BTC/USDT:USDT,115125.1,24.6436,115125.0,34.6852,115125.2,0.0001,115125.3,0.0001
1753455930837,15:05:30.837,BTC/USDT:USDT,115131.8,0.8651,115131.3,0.7605,115132.4,0.0008,115136.6,0.6028
1753455930937,15:05:30.937,BTC/USDT:USDT,115132.3,30.1137,115131.9,2.635,115132.4,0.0008,115138.4,1.1313
1753455931037,15:05:31.037,BTC/USDT:USDT,115140.0,7.8452,115138.3,15.1998,115140.1,0.0884,115141.8,0.0001
1753455931137,15:05:31.137,BTC/USDT:USDT,115140.0,35.7065,115138.4,6.0396,115140.1,0.0884,115141.8,0.6007
1753455931238,15:05:31.238,BTC/USDT:USDT,115140.0,35.7138,115139.5,0.0025,115140.1,0.0884,115142.0,0.0001
1753455931338,15:05:31.338,BTC/USDT:USDT,115140.0,35.7606,115139.5,0.0025,115140.1,0.0864,115142.1,0.0001
1753455931438,15:05:31.438,BTC/USDT:USDT,115140.0,36.0838,115139.5,0.0025,115140.1,0.0848,115142.8,0.0001
1753455931538,15:05:31.538,BTC/USDT:USDT,115140.0,34.6192,115139.5,0.0025,115140.1,0.0848,115143.3,0.3398
1753455931638,15:05:31.638,BTC/USDT:USDT,115140.0,35.9192,115139.5,0.0025,115140.1,0.0848,115143.2,1.3
1753455931738,15:05:31.738,BTC/USDT:USDT,115140.0,35.8788,115139.5,0.0025,115140.1,0.0848,115143.1,0.7294
1753455931838,15:05:31.838,BTC/USDT:USDT,115140.0,35.8798,115139.5,0.0025,115140.1,0.0848,115143.1,0.7294
1753455931938,15:05:31.938,BTC/USDT:USDT,115140.0,35.8798,115139.5,0.0025,115140.1,0.0848,115143.1,0.7294
1753455932038,15:05:32.038,BTC/USDT:USDT,115140.0,35.8798,115139.5,0.0025,115140.1,0.0848,115143.1,0.7294
1753455932138,15:05:32.138,BTC/USDT:USDT,115143.1,4.3902,115143.0,30.6705,115147.0,0.0074,115148.6,5.3767
1753455932238,15:05:32.238,BTC/USDT:USDT,115151.6,1.5006,115149.2,11.9673,115154.9,0.185,115155.2,2.0842
1753455932338,15:05:32.338,BTC/USDT:USDT,115154.8,37.515,115154.4,0.3976,115154.9,0.185,115155.1,0.6253
1753455932438,15:05:32.438,BTC/USDT:USDT,115154.8,34.2157,115152.0,6.9629,115154.9,8.2693,115155.1,3.0188
1753455932538,15:05:32.538,BTC/USDT:USDT,115154.8,33.3817,115152.3,0.0178,115154.9,6.0403,115155.1,2.0688
1753455932639,15:05:32.639,BTC/USDT:USDT,115154.8,34.6817,115152.6,0.0178,115154.9,10.8128,115155.0,1.3
1753455932739,15:05:32.739,BTC/USDT:USDT,115154.8,7.0188,115152.2,0.002,115154.9,23.3827,115155.0,1.3
1753455932839,15:05:32.839,BTC/USDT:USDT,115154.8,0.0012,115152.3,3.0384,115154.9,30.7907,115155.0,1.317
1753455932940,15:05:32.940,BTC/USDT:USDT,115154.8,0.0012,115152.6,0.0178,115154.9,30.7907,115155.0,1.317
1753455933040,15:05:33.040,BTC/USDT:USDT,115154.8,0.0012,115153.1,0.0178,115154.9,30.7734,115155.0,1.317
1753455933140,15:05:33.140,BTC/USDT:USDT,115153.3,0.0156,115153.1,0.0046,115154.8,3.5512,115154.9,27.7487
1753455933241,15:05:33.241,BTC/USDT:USDT,115141.4,2.3251,115141.3,0.002,115148.9,1.9939,115150.1,5.8584
1753455933341,15:05:33.341,BTC/USDT:USDT,115141.4,1.3,115138.4,5.3708,115141.5,34.8236,115142.5,0.7605
1753455933441,15:05:33.441,BTC/USDT:USDT,115141.4,3.7693,115141.0,0.0156,115141.5,50.8122,115142.5,0.5968
1753455933541,15:05:33.541,BTC/USDT:USDT,115141.4,3.7693,115138.5,0.8027,115141.5,51.6221,115142.5,0.5968
1753455933641,15:05:33.641,BTC/USDT:USDT,115141.4,6.3693,115141.3,0.0156,115141.5,50.5082,115142.5,0.5968
1753455933741,15:05:33.741,BTC/USDT:USDT,115141.4,6.3849,115138.5,0.8047,115141.5,51.0791,115142.5,0.5968
1753455933841,15:05:33.841,BTC/USDT:USDT,115141.4,4.1392,115138.5,0.8027,115141.5,52.2456,115142.5,0.5968
1753455933941,15:05:33.941,BTC/USDT:USDT,115141.4,5.1569,115138.5,0.8027,115141.5,51.6747,115142.5,0.5968
1753455934042,15:05:34.042,BTC/USDT:USDT,115141.4,5.1569,115139.9,0.03,115141.5,51.6747,115142.4,0.8239
1753455934141,15:05:34.141,BTC/USDT:USDT,115141.4,5.1569,115139.9,0.03,115141.5,49.5297,115142.4,0.8239
1753455934241,15:05:34.241,BTC/USDT:USDT,115141.4,11.2425,115140.9,0.03,115141.5,48.0422,115142.4,0.8239
1753455934342,15:05:34.342,BTC/USDT:USDT,115141.4,11.2425,115140.9,0.03,115141.5,47.2004,115142.3,0.217
1753455934442,15:05:34.442,BTC/USDT:USDT,115141.4,11.2569,115138.6,0.8651,115141.5,47.0267,115142.3,0.217
1753455934542,15:05:34.542,BTC/USDT:USDT,115141.4,9.6327,115138.7,2.6054,115141.5,47.2137,115142.4,0.4575
1753455934643,15:05:34.643,BTC/USDT:USDT,115141.4,9.6015,115138.7,2.6054,115141.5,48.5138,115141.6,0.0001
1753455934743,15:05:34.743,BTC/USDT:USDT,115141.4,9.6327,115138.8,0.002,115141.5,48.5138,115141.6,0.0001
1753455934844,15:05:34.844,BTC/USDT:USDT,115141.4,9.6171,115138.8,0.002,115141.5,49.6728,115141.6,0.0001
1753455934944,15:05:34.944,BTC/USDT:USDT,115141.4,9.6171,115138.8,0.002,115141.5,49.6728,115141.6,0.0001
1753455935045,15:05:35.045,BTC/USDT:USDT,115141.4,9.6129,115138.9,3.0388,115141.5,50.3246,115141.6,0.0001
1753455935144,15:05:35.144,BTC/USDT:USDT,115141.4,9.6129,115139.0,2.6055,115141.5,50.3246,115141.6,0.0001
1753455935244,15:05:35.244,BTC/USDT:USDT,115141.4,15.2571,115138.8,0.002,115141.5,38.4367,115141.6,0.0001
1753455935345,15:05:35.345,BTC/USDT:USDT,115141.4,15.2571,115139.1,0.002,115141.5,33.1856,115141.6,0.0001
1753455935446,15:05:35.446,BTC/USDT:USDT,115141.4,15.2571,115138.7,0.002,115141.5,33.0119,115141.6,0.0001
1753455935550,15:05:35.550,BTC/USDT:USDT,115141.4,15.2571,115138.8,3.473,115141.5,33.0119,115141.6,0.0001
1753455935651,15:05:35.651,BTC/USDT:USDT,115141.4,10.4286,115138.7,0.002,115141.5,34.3499,115141.6,0.0001
1753455935752,15:05:35.752,BTC/USDT:USDT,115141.4,10.4286,115138.9,0.002,115141.5,36.3984,115141.6,0.0001
1753455935852,15:05:35.852,BTC/USDT:USDT,115141.4,10.4286,115138.7,0.002,115141.5,36.3984,115141.6,0.0001
1753455935955,15:05:35.955,BTC/USDT:USDT,115141.4,4.7844,115138.8,3.0388,115141.5,37.4529,115141.6,0.0001
1753455936056,15:05:36.056,BTC/USDT:USDT,115141.4,5.3163,115138.9,2.6055,115141.5,41.4232,115141.6,0.0001
1753455936156,15:05:36.156,BTC/USDT:USDT,115141.4,7.9217,115138.8,5.9158,115141.5,43.6561,115142.2,0.2515
1753455936261,15:05:36.261,BTC/USDT:USDT,115141.4,7.9061,115139.0,0.002,115141.5,43.6561,115142.2,0.2515
1753455936362,15:05:36.362,BTC/USDT:USDT,115137.0,5.8926,115135.6,3.0389,115139.1,0.0097,115141.4,3.2183
1753455936462,15:05:36.462,BTC/USDT:USDT,115137.0,8.4738,115135.7,2.6056,115137.1,35.1513,115137.4,0.8658
1753455936562,15:05:36.562,BTC/USDT:USDT,115137.0,0.5868,115134.4,2.6056,115137.1,46.8486,115137.4,0.005
1753455936662,15:05:36.662,BTC/USDT:USDT,115137.0,0.5868,115134.5,2.6056,115137.1,48.1497,115137.4,0.005
1753455936762,15:05:36.762,BTC/USDT:USDT,115137.0,0.5868,115131.3,0.5868,115137.1,48.721,115137.2,0.0245
1753455936863,15:05:36.863,BTC/USDT:USDT,115137.0,0.5868,115131.3,0.5868,115137.1,48.721,115137.3,0.0245
1753455936962,15:05:36.962,BTC/USDT:USDT,115137.0,0.5872,115131.3,0.5868,115137.1,48.7451,115137.4,0.005
1753455937062,15:05:37.062,BTC/USDT:USDT,115137.0,0.5872,115131.3,0.5868,115137.1,48.1738,115137.4,0.005
1753455937162,15:05:37.162,BTC/USDT:USDT,115137.0,7.2753,115131.3,0.5868,115137.1,37.0173,115137.4,0.005
1753455937263,15:05:37.263,BTC/USDT:USDT,115137.0,9.1813,115131.3,0.5868,115137.1,37.0173,115137.4,0.005
1753455937363,15:05:37.363,BTC/USDT:USDT,115137.0,9.1813,115133.4,0.8651,115137.1,37.0183,115137.2,0.01
1753455937464,15:05:37.464,BTC/USDT:USDT,115137.0,9.1813,115133.4,0.8651,115137.1,37.0383,115137.4,0.005
1753455937563,15:05:37.563,BTC/USDT:USDT,115137.0,9.1813,115133.4,0.8651,115137.1,35.4483,115137.4,0.005
1753455937664,15:05:37.664,BTC/USDT:USDT,115137.0,10.4813,115133.4,0.8651,115137.1,35.4484,115137.2,0.0001
1753455937764,15:05:37.764,BTC/USDT:USDT,115137.0,16.5891,115133.5,3.473,115137.1,0.0011,115137.2,0.0001
1753455937865,15:05:37.865,BTC/USDT:USDT,115137.1,20.9404,115137.0,21.5391,115137.2,0.0001,115137.3,0.0001
1753455937965,15:05:37.965,BTC/USDT:USDT,115137.2,14.4307,115137.1,22.5759,115137.3,0.0001,115137.4,0.0001
1753455938065,15:05:38.065,BTC/USDT:USDT,115137.2,56.2873,115137.1,16.6355,115137.3,0.0013,115137.4,0.0001
1753455938165,15:05:38.165,BTC/USDT:USDT,115137.2,56.2873,115137.1,16.6355,115137.3,0.0012,115137.4,0.0001
1753455938265,15:05:38.265,BTC/USDT:USDT,115138.0,25.6902,115137.5,0.1737,115138.1,1.1083,115138.2,0.0001
1753455938365,15:05:38.365,BTC/USDT:USDT,115138.0,41.406,115137.8,0.03,115138.1,1.1087,115138.3,0.0001
1753455938465,15:05:38.465,BTC/USDT:USDT,115138.0,41.0049,115137.4,14.53,115138.1,1.1087,115138.3,0.0001
1753455938566,15:05:38.566,BTC/USDT:USDT,115138.0,35.8323,115137.5,12.7691,115138.1,5.8649,115138.4,0.0001
1753455938667,15:05:38.667,BTC/USDT:USDT,115138.0,34.617,115137.9,0.03,115138.1,9.3379,115138.4,0.0001
1753455938767,15:05:38.767,BTC/USDT:USDT,115138.0,33.4342,115137.6,0.002,115138.1,10.0905,115138.4,0.0001
1753455938868,15:05:38.868,BTC/USDT:USDT,115138.0,33.4342,115137.6,0.002,115138.1,10.0905,115138.4,0.0001
1753455938972,15:05:38.972,BTC/USDT:USDT,115138.0,33.4342,115137.6,0.002,115138.1,10.0905,115138.4,0.0001
1753455939072,15:05:39.072,BTC/USDT:USDT,115138.0,26.4918,115137.6,0.002,115138.1,10.0909,115138.5,0.0001
1753455939172,15:05:39.172,BTC/USDT:USDT,115138.0,23.8562,115137.6,0.002,115138.1,9.1966,115138.5,0.0001
1753455939272,15:05:39.272,BTC/USDT:USDT,115138.0,23.8566,115137.6,0.002,115138.1,10.3264,115138.5,0.0001
1753455939372,15:05:39.372,BTC/USDT:USDT,115138.0,7.1925,115137.6,0.002,115138.1,10.2716,115138.5,0.0001
1753455939473,15:05:39.473,BTC/USDT:USDT,115138.0,7.1929,115137.6,0.002,115138.1,10.4878,115138.5,0.0001
1753455939572,15:05:39.572,BTC/USDT:USDT,115138.0,8.0018,115137.6,0.002,115138.1,11.7882,115138.5,0.0001
1753455939672,15:05:39.672,BTC/USDT:USDT,115138.0,8.0018,115137.5,2.0738,115138.1,11.7882,115138.5,0.0001
1753455939773,15:05:39.773,BTC/USDT:USDT,115138.0,8.0018,115137.5,2.0738,115138.1,11.7882,115138.5,0.0001
1753455939873,15:05:39.873,BTC/USDT:USDT,115138.0,8.0018,115137.6,0.8651,115138.1,11.5981,115138.5,0.0001
1753455939973,15:05:39.973,BTC/USDT:USDT,115138.0,8.0018,115137.6,0.8671,115138.1,11.5981,115138.5,0.0001
1753455940074,15:05:40.074,BTC/USDT:USDT,115138.0,8.0018,115137.6,0.8671,115138.1,11.7882,115138.5,0.0001
1753455940175,15:05:40.175,BTC/USDT:USDT,115138.0,8.0018,115137.6,0.8651,115138.1,11.7882,115138.6,0.0001
1753455940275,15:05:40.275,BTC/USDT:USDT,115138.0,3.2212,115137.4,0.002,115138.1,11.7886,115138.6,0.0001
1753455940375,15:05:40.375,BTC/USDT:USDT,115138.0,0.0086,115133.9,0.002,115138.1,14.8342,115138.6,4.7921
1753455940475,15:05:40.475,BTC/USDT:USDT,115128.7,0.002,115128.4,0.001,115130.6,0.0476,115130.8,1.9232
1753455940576,15:05:40.576,BTC/USDT:USDT,115128.4,0.001,115120.1,0.0156,115128.5,0.0097,115128.7,3.9774
1753455940676,15:05:40.676,BTC/USDT:USDT,115116.2,5.9342,115116.1,0.0142,115116.3,9.7551,115118.6,0.8651
1753455940780,15:05:40.780,BTC/USDT:USDT,115116.2,5.9342,115115.4,0.0142,115116.3,43.6229,115116.7,0.01
1753455940883,15:05:40.883,BTC/USDT:USDT,115113.5,0.0142,115113.4,0.03,115115.5,0.0097,115116.2,4.1372
1753455940983,15:05:40.983,BTC/USDT:USDT,115113.5,5.9343,115112.5,0.0142,115113.6,35.3093,115115.4,1.0542
1753455941084,15:05:41.084,BTC/USDT:USDT,115111.1,0.0142,115111.0,0.03,115111.4,0.4339,115112.6,0.0097
1753455941184,15:05:41.184,BTC/USDT:USDT,115109.1,0.1203,115107.8,0.5868,115109.2,2.1695,115110.7,0.5211
1753455941284,15:05:41.284,BTC/USDT:USDT,115109.1,0.1203,115109.0,0.0442,115109.2,36.0904,115109.6,0.01
1753455941385,15:05:41.385,BTC/USDT:USDT,115109.1,0.1203,115109.0,0.0442,115109.2,37.2066,115109.6,0.01
1753455941485,15:05:41.485,BTC/USDT:USDT,115109.1,3.6005,115107.9,2.7964,115109.2,36.4238,115109.6,0.01
1753455941584,15:05:41.584,BTC/USDT:USDT,115109.1,15.385,115108.1,0.0442,115109.2,22.8833,115110.8,3.4739
1753455941684,15:05:41.684,BTC/USDT:USDT,115109.1,15.385,115108.2,0.0442,115109.2,22.8833,115110.8,3.4739
1753455941784,15:05:41.784,BTC/USDT:USDT,115109.1,15.385,115108.5,0.0584,115109.2,22.8833,115110.8,3.4739
1753455941884,15:05:41.884,BTC/USDT:USDT,115109.1,16.685,115108.6,0.0442,115109.2,22.8216,115110.8,3.4739
1753455941986,15:05:41.986,BTC/USDT:USDT,115109.1,16.685,115108.8,0.0142,115109.2,26.2955,115111.0,0.1737
1753455942086,15:05:42.086,BTC/USDT:USDT,115109.1,17.97,115108.8,0.0442,115109.2,27.102,115111.0,0.1737
1753455942188,15:05:42.188,BTC/USDT:USDT,115109.1,14.4961,115108.8,0.0442,115109.2,32.7715,115111.0,0.1737
1753455942289,15:05:42.289,BTC/USDT:USDT,115109.1,11.8899,115108.4,0.0442,115109.2,35.7775,115111.0,0.1737
1753455942390,15:05:42.390,BTC/USDT:USDT,115109.1,14.4961,115108.8,0.0442,115109.2,36.747,115111.0,0.1737
1753455942490,15:05:42.490,BTC/USDT:USDT,115109.1,14.4961,115108.8,0.0442,115109.2,36.747,115111.0,0.1737
1753455942591,15:05:42.591,BTC/USDT:USDT,115109.1,15.4261,115109.0,0.0442,115109.2,37.767,115111.0,0.1737
1753455942693,15:05:42.693,BTC/USDT:USDT,115109.1,15.4261,115109.0,0.0442,115109.2,37.767,115111.0,0.1737
1753455942798,15:05:42.798,BTC/USDT:USDT,115109.1,15.4261,115109.0,0.0442,115109.2,37.5499,115110.9,0.2171
1753455942900,15:05:42.900,BTC/USDT:USDT,115109.1,15.4261,115109.0,0.0584,115109.2,37.5499,115110.9,0.2171
1753455943000,15:05:43.000,BTC/USDT:USDT,115109.1,15.4261,115109.0,0.0442,115109.2,37.767,115111.0,0.1737
1753455943100,15:05:43.100,BTC/USDT:USDT,115109.1,7.9899,115108.3,2.6062,115109.2,38.0875,115111.0,0.1737
1753455943200,15:05:43.200,BTC/USDT:USDT,115109.1,3.5859,115108.4,0.9724,115109.2,44.8487,115111.0,0.1737
1753455943300,15:05:43.300,BTC/USDT:USDT,115109.1,3.5859,115107.8,0.5868,115109.2,46.2952,115109.5,0.017
1753455943401,15:05:43.401,BTC/USDT:USDT,115109.1,3.5855,115106.1,0.03,115109.2,46.2895,115109.5,0.017
1753455943500,15:05:43.500,BTC/USDT:USDT,115109.1,0.1053,115105.9,0.002,115109.2,43.6427,115109.3,0.0358
1753455943600,15:05:43.600,BTC/USDT:USDT,115109.1,0.1057,115105.0,0.0041,115109.2,43.6423,115109.3,0.0358
1753455943700,15:05:43.700,BTC/USDT:USDT,115109.1,0.0921,115105.0,0.0041,115109.2,48.0474,115109.3,0.0358
1753455943800,15:05:43.800,BTC/USDT:USDT,115101.0,0.0001,115100.0,0.0612,115101.1,1.2254,115101.8,12.762
1753455943900,15:05:43.900,BTC/USDT:USDT,115101.0,0.0001,115100.0,0.0612,115101.1,34.8715,115101.7,26.0712
1753455944000,15:05:44.000,BTC/USDT:USDT,115101.0,0.0001,115100.0,0.0612,115101.1,45.2271,115101.6,25.7061
1753455944100,15:05:44.100,BTC/USDT:USDT,115101.0,0.0005,115100.0,0.0612,115101.1,44.1063,115101.6,5.0214
1753455944200,15:05:44.200,BTC/USDT:USDT,115101.0,4.8453,115100.0,0.0612,115101.1,33.3253,115101.4,0.6023
1753455944300,15:05:44.300,BTC/USDT:USDT,115101.0,4.8453,115100.0,0.0612,115101.1,33.3263,115101.4,0.6023
1753455944401,15:05:44.401,BTC/USDT:USDT,115101.0,8.3255,115100.0,0.0612,115101.1,32.5318,115101.4,0.6023
1753455944503,15:05:44.503,BTC/USDT:USDT,115101.0,10.9255,115100.0,0.0612,115101.1,33.8218,115101.4,0.6023
1753455944604,15:05:44.604,BTC/USDT:USDT,115101.0,10.9255,115100.0,0.0612,115101.1,32.6921,115101.5,0.604
1753455944705,15:05:44.705,BTC/USDT:USDT,115101.0,8.3255,115100.0,0.0612,115101.1,33.7959,115101.6,5.0214
1753455944808,15:05:44.808,BTC/USDT:USDT,115101.0,8.3255,115100.0,0.0612,115101.1,33.8217,115101.6,5.0214
1753455944910,15:05:44.910,BTC/USDT:USDT,115101.0,8.3255,115100.0,0.0612,115101.1,33.8217,115101.6,3.512
1753455945012,15:05:45.012,BTC/USDT:USDT,115101.0,8.3255,115100.0,0.0612,115101.1,33.7959,115101.6,3.512
1753455945112,15:05:45.112,BTC/USDT:USDT,115101.0,8.3255,115100.0,0.0612,115101.1,33.6316,115101.6,3.512
1753455945212,15:05:45.212,BTC/USDT:USDT,115101.0,9.6255,115100.0,0.0612,115101.1,33.6297,115101.6,3.512
1753455945312,15:05:45.312,BTC/USDT:USDT,115101.0,9.6255,115100.0,0.0612,115101.1,32.5001,115101.6,3.512
1753455945413,15:05:45.413,BTC/USDT:USDT,115101.0,9.6255,115100.0,0.0612,115101.1,33.6297,115101.6,3.512
1753455945512,15:05:45.512,BTC/USDT:USDT,115101.0,10.9255,115100.0,0.0612,115101.1,34.6497,115101.6,3.512
1753455945614,15:05:45.614,BTC/USDT:USDT,115101.0,14.8319,115100.0,0.0612,115101.1,34.6039,115101.6,3.512
1753455945716,15:05:45.716,BTC/USDT:USDT,115101.0,12.2255,115100.0,0.0612,115101.1,34.6555,115101.6,3.512
1753455945816,15:05:45.816,BTC/USDT:USDT,115101.0,12.2018,115100.0,0.0612,115101.1,34.6297,115101.6,3.512
1753455945916,15:05:45.916,BTC/USDT:USDT,115101.0,12.2018,115100.0,0.0612,115101.1,34.6297,115101.6,3.512
1753455946019,15:05:46.019,BTC/USDT:USDT,115101.0,12.2018,115100.0,0.0612,115101.1,34.6555,115101.6,3.512
1753455946120,15:05:46.120,BTC/USDT:USDT,115101.0,13.1318,115100.0,0.0612,115101.1,34.6344,115101.6,3.512
1753455946221,15:05:46.221,BTC/USDT:USDT,115101.0,15.7382,115100.0,0.0612,115101.1,33.6694,115101.6,3.512
1753455946323,15:05:46.323,BTC/USDT:USDT,115101.0,15.7382,115100.0,0.0612,115101.1,33.6178,115101.6,3.512
1753455946423,15:05:46.423,BTC/USDT:USDT,115101.0,15.7382,115100.0,0.0612,115101.1,33.6436,115101.6,3.512
1753455946524,15:05:46.524,BTC/USDT:USDT,115101.0,10.9082,115100.0,0.0612,115101.1,33.6436,115101.6,3.512
1753455946628,15:05:46.628,BTC/USDT:USDT,115101.0,11.2462,115100.0,0.0612,115101.1,33.6336,115101.6,3.512
1753455946728,15:05:46.728,BTC/USDT:USDT,115101.0,17.2436,115100.1,3.4741,115101.1,18.3027,115101.6,3.512
1753455946829,15:05:46.829,BTC/USDT:USDT,115101.0,22.2827,115100.2,3.3633,115101.1,12.4677,115101.5,2.9678
1753455946933,15:05:46.933,BTC/USDT:USDT,115101.0,18.8082,115100.2,1.5809,115101.1,15.9422,115101.4,2.2787
1753455947034,15:05:47.034,BTC/USDT:USDT,115101.0,20.1082,115100.3,0.002,115101.1,12.464,115101.4,1.0669
1753455947133,15:05:47.133,BTC/USDT:USDT,115101.0,23.5823,115100.3,0.002,115101.1,12.4641,115101.2,0.0001
1753455947234,15:05:47.234,BTC/USDT:USDT,115101.0,23.5823,115100.3,0.002,115101.1,14.2315,115101.2,0.0001
1753455947335,15:05:47.335,BTC/USDT:USDT,115101.0,24.8823,115100.3,0.002,115101.1,14.2311,115101.2,0.0001
1753455947435,15:05:47.435,BTC/USDT:USDT,115101.0,26.1803,115100.3,0.002,115101.1,15.531,115101.2,0.0001
1753455947536,15:05:47.536,BTC/USDT:USDT,115101.0,23.6164,115100.3,0.002,115101.1,17.851,115101.2,0.0001
1753455947638,15:05:47.638,BTC/USDT:USDT,115101.0,17.2424,115100.3,0.002,115101.1,23.6077,115101.2,0.0001
1753455947738,15:05:47.738,BTC/USDT:USDT,115101.0,17.2424,115100.2,2.7475,115101.1,23.6335,115101.2,0.0001
1753455947838,15:05:47.838,BTC/USDT:USDT,115101.0,17.1889,115100.0,0.0612,115101.1,23.6077,115101.2,0.0001
1753455947940,15:05:47.940,BTC/USDT:USDT,115101.0,14.015,115100.0,0.0612,115101.1,23.6435,115101.2,0.0101
1753455948042,15:05:48.042,BTC/USDT:USDT,115101.0,2.9948,115100.0,0.0612,115101.1,23.6335,115101.2,0.0001
1753455948142,15:05:48.142,BTC/USDT:USDT,115101.0,0.0004,115100.0,0.0612,115101.1,23.6177,115101.2,0.0001
1753455948242,15:05:48.242,BTC/USDT:USDT,115101.0,0.0004,115100.0,0.0612,115101.1,23.6077,115101.2,0.0001
1753455948342,15:05:48.342,BTC/USDT:USDT,115101.0,0.0004,115100.0,0.0612,115101.1,23.6435,115101.2,0.0259
1753455948442,15:05:48.442,BTC/USDT:USDT,115101.0,0.0004,115100.0,0.0612,115101.1,23.6077,115101.2,0.0359
1753455948542,15:05:48.542,BTC/USDT:USDT,115101.0,0.0004,115100.0,0.0612,115101.1,23.6177,115101.2,0.0001
1753455948643,15:05:48.643,BTC/USDT:USDT,115101.0,0.0004,115100.0,0.0612,115101.1,23.6435,115101.2,0.0001
1753455948743,15:05:48.743,BTC/USDT:USDT,115101.0,3.4806,115100.0,0.0612,115101.1,23.6077,115101.2,0.0001
1753455948843,15:05:48.843,BTC/USDT:USDT,115101.0,0.0004,115100.0,0.0612,115101.1,23.6178,115101.2,0.0002
1753455948943,15:05:48.943,BTC/USDT:USDT,115101.0,0.0004,115100.0,0.0612,115101.1,23.6436,115101.2,0.0002
1753455949043,15:05:49.043,BTC/USDT:USDT,115100.0,0.0612,115097.8,0.002,115100.1,1.5277,115101.0,2.7872
1753455949143,15:05:49.143,BTC/USDT:USDT,115100.0,0.0612,115097.4,0.1538,115100.1,38.819,115100.9,0.5868
1753455949243,15:05:49.243,BTC/USDT:USDT,115100.0,0.0612,115097.4,0.1538,115100.1,40.8834,115100.9,24.2398
1753455949344,15:05:49.344,BTC/USDT:USDT,115100.0,0.0612,115097.4,0.1538,115100.1,38.6097,115100.2,0.6036
1753455949444,15:05:49.444,BTC/USDT:USDT,115100.0,0.0616,115097.4,0.1538,115100.1,39.9101,115100.2,0.6036
1753455949544,15:05:49.544,BTC/USDT:USDT,115100.0,0.0616,115097.4,0.1538,115100.1,39.9189,115100.2,0.6036
1753455949644,15:05:49.644,BTC/USDT:USDT,115100.0,0.0616,115097.4,0.1538,115100.1,39.3258,115100.2,0.6036
1753455949744,15:05:49.744,BTC/USDT:USDT,115100.0,0.0616,115097.4,0.1538,115100.1,39.1026,115100.2,0.6036
1753455949845,15:05:49.845,BTC/USDT:USDT,115100.0,0.0616,115097.4,0.1538,115100.1,39.1026,115100.2,0.6036
1753455949945,15:05:49.945,BTC/USDT:USDT,115100.0,0.0616,115097.4,0.1538,115100.1,39.1284,115100.2,0.6036
1753455950045,15:05:50.045,BTC/USDT:USDT,115100.0,0.0616,115097.5,3.0399,115100.1,39.1284,115100.2,0.6036
1753455950145,15:05:50.145,BTC/USDT:USDT,115100.0,0.0616,115097.5,3.0399,115100.1,38.9387,115100.2,0.6036
1753455950245,15:05:50.245,BTC/USDT:USDT,115097.4,0.1538,115096.4,3.04,115097.5,4.0448,115097.6,25.4557
1753455950346,15:05:50.346,BTC/USDT:USDT,115097.4,0.1588,115096.4,3.04,115097.5,32.9607,115097.6,19.5437
1753455950446,15:05:50.446,BTC/USDT:USDT,115097.4,3.2001,115096.3,0.6076,115097.5,35.2751,115097.6,18.3271
1753455950546,15:05:50.546,BTC/USDT:USDT,115097.4,0.3318,115096.4,3.04,115097.5,35.4113,115097.6,18.3271
1753455950647,15:05:50.647,BTC/USDT:USDT,115097.4,0.1602,115096.4,3.04,115097.5,36.1786,115097.6,18.3271
1753455950748,15:05:50.748,BTC/USDT:USDT,115097.4,3.3717,115096.3,0.6076,115097.5,40.4706,115097.6,18.3271
1753455950849,15:05:50.849,BTC/USDT:USDT,115097.4,0.3318,115096.4,3.04,115097.5,41.1011,115097.6,13.8914
1753455950950,15:05:50.950,BTC/USDT:USDT,115097.4,0.1426,115096.3,0.6076,115097.5,42.1311,115097.6,13.8914
1753455951050,15:05:51.050,BTC/USDT:USDT,115097.4,0.1366,115096.3,0.6076,115097.5,46.1251,115097.6,13.8914
1753455951150,15:05:51.150,BTC/USDT:USDT,115097.4,0.1361,115096.3,0.6076,115097.5,46.8576,115097.6,13.8914
1753455951250,15:05:51.250,BTC/USDT:USDT,115097.4,0.1361,115096.3,0.0208,115097.5,46.8476,115097.6,13.8914
1753455951350,15:05:51.350,BTC/USDT:USDT,115097.4,0.1361,115096.3,0.0208,115097.5,48.2145,115097.6,13.8914
1753455951450,15:05:51.450,BTC/USDT:USDT,115097.4,0.1361,115096.3,0.0208,115097.5,48.263,115097.6,13.8914
1753455951550,15:05:51.550,BTC/USDT:USDT,115097.4,0.1331,115096.3,0.0208,115097.5,48.263,115097.6,13.8914
1753455951652,15:05:51.652,BTC/USDT:USDT,115097.4,0.1331,115096.3,0.0208,115097.5,47.1701,115097.6,13.8914
1753455951751,15:05:51.751,BTC/USDT:USDT,115097.4,0.1331,115096.3,0.0208,115097.5,47.1153,115097.6,13.8914
1753455951851,15:05:51.851,BTC/USDT:USDT,115096.3,0.0208,115090.4,0.5868,115096.4,16.3357,115096.5,0.1716
1753455951951,15:05:51.951,BTC/USDT:USDT,115096.3,0.0208,115090.4,0.5868,115096.4,35.2786,115096.5,0.0358
1753455952052,15:05:52.052,BTC/USDT:USDT,115096.3,0.0212,115090.5,2.6066,115096.4,35.2925,115096.5,0.0358
1753455952152,15:05:52.152,BTC/USDT:USDT,115096.3,0.0208,115090.4,0.5868,115096.4,35.2929,115096.5,0.0358
1753455952252,15:05:52.252,BTC/USDT:USDT,115096.3,0.0212,115090.4,0.5868,115096.4,35.2921,115096.5,0.0358
1753455952352,15:05:52.352,BTC/USDT:USDT,115090.0,0.0235,115088.7,0.0008,115090.1,0.0204,115090.4,0.1738
1753455952453,15:05:52.453,BTC/USDT:USDT,115090.0,0.0036,115088.7,0.0008,115090.1,44.6968,115090.3,1.2471
1753455952552,15:05:52.552,BTC/USDT:USDT,115090.0,0.0026,115088.7,0.0008,115090.1,50.134,115090.4,25.7895
1753455952652,15:05:52.652,BTC/USDT:USDT,115090.0,0.003,115088.7,0.0008,115090.1,47.8886,115090.3,14.9485
1753455952752,15:05:52.752,BTC/USDT:USDT,115090.0,0.003,115088.7,0.0008,115090.1,47.8908,115090.3,6.9385
1753455952852,15:05:52.852,BTC/USDT:USDT,115090.0,0.003,115088.7,0.0008,115090.1,47.8918,115090.3,6.9385
1753455952952,15:05:52.952,BTC/USDT:USDT,115090.0,0.003,115088.7,0.0008,115090.1,47.8918,115090.3,6.9385
1753455953052,15:05:53.052,BTC/USDT:USDT,115088.7,0.0008,115084.6,0.5868,115088.8,17.5409,115089.1,0.603
1753455953152,15:05:53.152,BTC/USDT:USDT,115088.7,0.0012,115084.7,2.6067,115088.8,36.7467,115089.1,0.603
1753455953252,15:05:53.252,BTC/USDT:USDT,115088.7,0.001,115084.8,0.002,115088.8,36.7625,115089.1,0.603
1753455953352,15:05:53.352,BTC/USDT:USDT,115088.7,4.3411,115084.8,1.302,115088.8,35.9197,115089.1,0.603
1753455953452,15:05:53.452,BTC/USDT:USDT,115088.7,11.7279,115084.9,0.8651,115088.8,35.9633,115089.1,0.603
1753455953553,15:05:53.553,BTC/USDT:USDT,115088.7,9.1213,115085.0,2.6066,115088.8,35.1373,115089.1,0.603
1753455953653,15:05:53.653,BTC/USDT:USDT,115088.7,9.1213,115085.1,1.9532,115088.8,35.8043,115089.1,0.603
1753455953752,15:05:53.752,BTC/USDT:USDT,115088.7,6.5213,115085.2,2.6067,115088.8,35.8043,115089.1,0.603
1753455953852,15:05:53.852,BTC/USDT:USDT,115088.7,3.4812,115085.3,3.0402,115088.8,47.4528,115089.1,0.603
1753455953952,15:05:53.952,BTC/USDT:USDT,115088.7,3.4812,115085.4,2.6067,115088.8,47.4528,115089.1,0.603
1753455954052,15:05:54.052,BTC/USDT:USDT,115088.7,3.4812,115085.4,2.6067,115088.8,47.4528,115089.1,0.603
1753455954152,15:05:54.152,BTC/USDT:USDT,115088.7,3.4799,115085.4,2.6067,115088.8,48.7532,115089.1,0.603
1753455954252,15:05:54.252,BTC/USDT:USDT,115088.7,0.0004,115085.4,2.6067,115088.8,48.7532,115089.1,0.603
1753455954353,15:05:54.353,BTC/USDT:USDT,115088.7,0.0004,115085.3,3.0402,115088.8,48.7532,115089.1,0.603
1753455954454,15:05:54.454,BTC/USDT:USDT,115088.7,0.0004,115082.3,3.0403,115088.8,49.7832,115089.1,0.603
1753455954553,15:05:54.553,BTC/USDT:USDT,115088.7,0.0004,115082.2,2.6087,115088.8,49.9887,115089.1,0.62
1753455954653,15:05:54.653,BTC/USDT:USDT,115082.3,2.6067,115081.7,0.5868,115082.4,0.3094,115082.7,0.1738
1753455954754,15:05:54.754,BTC/USDT:USDT,115082.3,8.5362,115081.8,2.6067,115082.4,31.686,115082.5,0.0358
1753455954854,15:05:54.854,BTC/USDT:USDT,115082.3,8.5429,115081.7,0.5868,115082.4,33.5937,115082.5,0.01
1753455954955,15:05:54.955,BTC/USDT:USDT,115082.3,8.5429,115081.7,0.5868,115082.4,35.3299,115082.5,0.0358
1753455955055,15:05:55.055,BTC/USDT:USDT,115082.3,5.9362,115081.7,0.5868,115082.4,37.395,115082.5,0.01
1753455955155,15:05:55.155,BTC/USDT:USDT,115082.3,5.9358,115081.8,2.6068,115082.4,39.5892,115082.5,0.0358
1753455955256,15:05:55.256,BTC/USDT:USDT,115080.0,0.0706,115078.9,2.6068,115081.9,0.0097,115082.3,2.2471
1753455955357,15:05:55.357,BTC/USDT:USDT,115080.0,6.3574,115078.8,0.5868,115080.1,27.9694,115081.8,1.0272
1753455955458,15:05:55.458,BTC/USDT:USDT,115080.0,6.1847,115076.1,2.6069,115080.1,39.2757,115082.4,15.2515
1753455955558,15:05:55.558,BTC/USDT:USDT,115080.0,0.0706,115076.1,0.002,115080.1,39.331,115082.4,15.146
1753455955658,15:05:55.658,BTC/USDT:USDT,115080.0,0.0706,115073.1,2.6069,115080.1,39.2762,115080.2,0.6011
1753455955759,15:05:55.759,BTC/USDT:USDT,115080.0,0.0706,115073.2,2.609,115080.1,39.2762,115080.4,0.6042
1753455955859,15:05:55.859,BTC/USDT:USDT,115080.0,0.071,115073.3,3.907,115080.1,39.2473,115080.4,0.6042
1753455955959,15:05:55.959,BTC/USDT:USDT,115080.0,0.071,115073.3,3.909,115080.1,39.2731,115080.4,0.6042
1753455956060,15:05:56.060,BTC/USDT:USDT,115080.0,0.071,115073.4,0.002,115080.1,39.2731,115080.4,0.6042
1753455956160,15:05:56.160,BTC/USDT:USDT,115080.0,0.071,115073.4,0.002,115080.1,39.2731,115080.4,0.6042
1753455956260,15:05:56.260,BTC/USDT:USDT,115080.0,0.071,115073.4,0.002,115080.1,39.2731,115080.4,0.6042
1753455956360,15:05:56.360,BTC/USDT:USDT,115080.0,0.071,115073.4,3.909,115080.1,40.5473,115080.4,0.6042
1753455956460,15:05:56.460,BTC/USDT:USDT,115080.0,0.071,115073.4,2.609,115080.1,40.5731,115080.4,0.6042
1753455956560,15:05:56.560,BTC/USDT:USDT,115080.0,0.071,115073.5,2.607,115080.1,40.5731,115080.4,0.6042
1753455956660,15:05:56.660,BTC/USDT:USDT,115073.6,3.1938,115073.5,0.1791,115074.3,3.4802,115074.4,0.1738
1753455956760,15:05:56.760,BTC/USDT:USDT,115073.6,11.7301,115070.3,0.5868,115073.7,24.4554,115073.8,0.0358
1753455956860,15:05:56.860,BTC/USDT:USDT,115073.6,9.1305,115070.3,0.5868,115073.7,39.8875,115073.8,0.0358
1753455956960,15:05:56.960,BTC/USDT:USDT,115073.6,9.1305,115070.6,0.0442,115073.7,38.6885,115073.8,0.0358
1753455957061,15:05:57.061,BTC/USDT:USDT,115073.6,9.1305,115070.7,0.0442,115073.7,38.6885,115073.8,0.0358
1753455957162,15:05:57.162,BTC/USDT:USDT,115073.6,10.4305,115070.8,3.0406,115073.7,38.6884,115073.8,0.0358
1753455957262,15:05:57.262,BTC/USDT:USDT,115073.6,9.1305,115070.8,3.0706,115073.7,38.6884,115073.8,0.01
1753455957363,15:05:57.363,BTC/USDT:USDT,115073.6,8.5437,115070.9,0.002,115073.7,39.9884,115073.8,0.0358
1753455957463,15:05:57.463,BTC/USDT:USDT,115073.6,8.5437,115070.9,0.002,115073.7,39.9884,115073.8,0.0358
1753455957565,15:05:57.565,BTC/USDT:USDT,115073.6,11.5843,115071.0,3.475,115073.7,28.4123,115073.8,0.0358
1753455957664,15:05:57.664,BTC/USDT:USDT,115073.6,11.5843,115071.1,7.4047,115073.7,23.4511,115073.8,0.0358
1753455957765,15:05:57.765,BTC/USDT:USDT,115073.6,15.0645,115071.3,0.8651,115073.7,22.5074,115073.8,0.0358
1753455957866,15:05:57.866,BTC/USDT:USDT,115073.6,16.3645,115071.3,5.0893,115073.7,21.5258,115073.8,0.0358
1753455957968,15:05:57.968,BTC/USDT:USDT,115073.6,19.8394,115071.3,3.8423,115073.7,21.5258,115073.8,0.0516
1753455958069,15:05:58.069,BTC/USDT:USDT,115073.6,16.3645,115071.4,3.4769,115073.7,21.5258,115073.8,0.0258
1753455958170,15:05:58.170,BTC/USDT:USDT,115073.6,16.3645,115071.5,2.9688,115073.7,21.5258,115073.8,0.0358
1753455958273,15:05:58.273,BTC/USDT:USDT,115073.6,16.3645,115071.5,2.9688,115073.7,25.2179,115073.8,0.0358
1753455958376,15:05:58.376,BTC/USDT:USDT,115073.6,17.6645,115071.6,0.002,115073.7,27.8079,115073.8,0.0358
1753455958477,15:05:58.477,BTC/USDT:USDT,115073.6,12.0239,115071.7,3.0406,115073.7,31.2834,115073.8,0.0358
1753455958578,15:05:58.578,BTC/USDT:USDT,115073.6,14.6239,115071.8,0.002,115073.7,34.4629,115073.8,0.0358
1753455958679,15:05:58.679,BTC/USDT:USDT,115073.6,14.6239,115071.8,3.1952,115073.7,34.4629,115073.8,0.0358
1753455958779,15:05:58.779,BTC/USDT:USDT,115073.6,17.6645,115071.8,3.1952,115073.7,33.7918,115073.8,0.0358
1753455958880,15:05:58.880,BTC/USDT:USDT,115073.6,21.1394,115071.9,0.002,115073.7,21.5428,115073.8,0.0358
1753455958980,15:05:58.980,BTC/USDT:USDT,115073.6,21.1268,115071.9,0.002,115073.7,10.6063,115073.8,0.0616
1753455959087,15:05:59.087,BTC/USDT:USDT,115073.6,21.1268,115072.0,3.4749,115073.7,9.1325,115073.8,0.0358
1753455959186,15:05:59.186,BTC/USDT:USDT,115073.6,22.4403,115072.1,3.477,115073.7,7.8659,115073.8,0.0358
1753455959286,15:05:59.286,BTC/USDT:USDT,115073.6,25.9152,115072.2,2.2087,115073.7,8.5023,115073.8,0.0358
1753455959387,15:05:59.387,BTC/USDT:USDT,115073.6,26.8329,115072.2,1.1662,115073.7,8.5023,115073.8,0.0358
1753455959488,15:05:59.488,BTC/USDT:USDT,115073.6,26.8329,115072.3,0.002,115073.7,8.5023,115073.8,0.0616
1753455959588,15:05:59.588,BTC/USDT:USDT,115073.6,23.358,115072.3,0.002,115073.7,7.8681,115073.8,0.0358
1753455959688,15:05:59.688,BTC/USDT:USDT,115073.6,19.8831,115072.4,3.475,115073.7,7.9383,115073.8,0.01
1753455959788,15:05:59.788,BTC/USDT:USDT,115073.6,19.8831,115072.3,0.002,115073.7,11.9455,115073.8,0.0358
1753455959888,15:05:59.888,BTC/USDT:USDT,115073.6,7.8695,115070.0,0.0002,115073.7,36.8061,115073.8,0.0458
1753455959989,15:05:59.989,BTC/USDT:USDT,115070.0,0.0002,115067.5,0.03,115070.1,0.0097,115072.1,0.6037
1753455960089,15:06:00.089,BTC/USDT:USDT,115070.0,0.0006,115068.0,0.0442,115070.1,39.8048,115070.3,0.01
1753455960189,15:06:00.189,BTC/USDT:USDT,115070.0,0.0006,115067.8,0.0442,115070.1,42.9503,115070.3,0.01
1753455960289,15:06:00.289,BTC/USDT:USDT,115070.0,3.0413,115067.8,0.03,115070.1,42.9513,115070.3,0.01
1753455960390,15:06:00.390,BTC/USDT:USDT,115070.0,5.6467,115067.8,0.0442,115070.1,45.2813,115070.5,0.027
1753455960490,15:06:00.490,BTC/USDT:USDT,115070.0,5.646,115068.0,0.03,115070.1,45.2817,115070.5,0.027
1753455960593,15:06:00.593,BTC/USDT:USDT,115070.0,5.646,115068.1,0.0442,115070.1,45.2817,115070.5,0.0528
1753455960693,15:06:00.693,BTC/USDT:USDT,115070.0,9.1262,115068.2,0.0442,115070.1,33.7962,115070.4,0.0358
1753455960795,15:06:00.795,BTC/USDT:USDT,115070.0,16.0763,115068.2,0.03,115070.1,25.4448,115070.3,0.01
1753455960898,15:06:00.898,BTC/USDT:USDT,115070.0,17.3763,115068.5,0.03,115070.1,23.7851,115070.4,0.0358
1753455960998,15:06:00.998,BTC/USDT:USDT,115070.0,17.3763,115068.5,0.0442,115070.1,23.7851,115070.3,0.0358
1753455961111,15:06:01.111,BTC/USDT:USDT,115070.0,17.3762,115068.6,0.0442,115070.1,16.4399,115070.3,0.0358
1753455961212,15:06:01.212,BTC/USDT:USDT,115070.0,13.9012,115068.7,0.0442,115070.1,16.4399,115070.2,0.01
1753455961313,15:06:01.313,BTC/USDT:USDT,115070.0,15.2012,115068.9,0.0442,115070.1,16.4399,115070.4,0.0358
1753455961414,15:06:01.414,BTC/USDT:USDT,115070.0,11.7262,115068.8,0.03,115070.1,19.915,115070.2,0.01
1753455961514,15:06:01.514,BTC/USDT:USDT,115070.0,13.7032,115068.8,0.0442,115070.1,23.4259,115071.8,1.1526
1753455961615,15:06:01.615,BTC/USDT:USDT,115070.0,9.2852,115068.7,0.0442,115070.1,23.643,115071.8,1.4794
1753455961716,15:06:01.716,BTC/USDT:USDT,115070.0,7.8212,115068.8,0.06,115070.1,23.6272,115071.8,4.5928
1753455961816,15:06:01.816,BTC/USDT:USDT,115070.0,6.5212,115068.6,0.0442,115070.1,23.66,115070.9,0.017
1753455961916,15:06:01.916,BTC/USDT:USDT,115070.0,6.5213,115068.5,0.0442,115070.1,23.6604,115070.9,0.017
1753455962016,15:06:02.016,BTC/USDT:USDT,115070.0,6.5213,115068.5,0.0142,115070.1,23.6504,115070.9,0.017
1753455962119,15:06:02.119,BTC/USDT:USDT,115070.0,3.4806,115068.6,3.0407,115070.1,23.6604,115070.9,0.017
1753455962219,15:06:02.219,BTC/USDT:USDT,115070.0,3.4723,115068.7,6.2346,115070.1,23.6503,115070.2,0.01
1753455962319,15:06:02.319,BTC/USDT:USDT,115070.0,7.813,115068.8,2.6,115070.1,23.6345,115070.3,0.0258
1753455962419,15:06:02.419,BTC/USDT:USDT,115070.0,9.7754,115068.9,1.7868,115070.1,23.4004,115070.5,0.0258
1753455962519,15:06:02.519,BTC/USDT:USDT,115070.0,16.7256,115069.0,0.8651,115070.1,16.476,115071.2,0.0001
1753455962622,15:06:02.622,BTC/USDT:USDT,115070.0,16.7234,115069.0,2.3668,115070.1,12.8493,115070.2,0.0001
1753455962722,15:06:02.722,BTC/USDT:USDT,115070.0,16.9166,115069.1,0.0442,115070.1,1.4844,115070.2,0.0617
1753455962821,15:06:02.821,BTC/USDT:USDT,115070.0,16.9166,115069.9,0.0005,115070.1,1.3375,115070.2,0.0001
1753455962922,15:06:02.922,BTC/USDT:USDT,115070.0,18.0234,115069.9,0.0005,115070.1,1.5106,115070.2,0.0001
1753455963021,15:06:03.021,BTC/USDT:USDT,115070.0,18.0234,115069.0,0.5898,115070.1,1.718,115070.2,0.0001
1753455963121,15:06:03.121,BTC/USDT:USDT,115070.0,18.0234,115069.0,0.604,115070.1,4.0091,115070.2,0.0001
1753455963221,15:06:03.221,BTC/USDT:USDT,115070.0,18.0224,115069.0,0.5898,115070.1,1.718,115070.2,0.0001
1753455963321,15:06:03.321,BTC/USDT:USDT,115070.0,19.4153,115069.6,0.03,115070.1,0.0001,115070.2,0.0001
1753455963422,15:06:03.422,BTC/USDT:USDT,115071.9,11.5941,115071.8,24.4043,115072.0,0.0001,115072.1,0.0001
1753455963522,15:06:03.522,BTC/USDT:USDT,115072.6,12.457,115072.5,24.2941,115072.7,0.0001,115072.8,0.0001
1753455963622,15:06:03.622,BTC/USDT:USDT,115082.5,14.7799,115081.1,0.0973,115082.6,0.6042,115083.6,0.0258
1753455963722,15:06:03.722,BTC/USDT:USDT,115082.5,40.6413,115082.0,0.0142,115082.6,1.0847,115084.9,1.8969
1753455963822,15:06:03.822,BTC/USDT:USDT,115082.5,40.6405,115081.4,0.0142,115082.6,1.0883,115084.9,0.9057
1753455963923,15:06:03.923,BTC/USDT:USDT,115082.5,39.8707,115080.7,0.7244,115082.6,1.0883,115084.9,0.9057
1753455964022,15:06:04.022,BTC/USDT:USDT,115082.5,39.8684,115081.5,0.0142,115082.6,3.6549,115084.9,1.6881
1753455964122,15:06:04.122,BTC/USDT:USDT,115082.5,39.4708,115081.8,0.0142,115082.6,3.6549,115084.9,3.7824
1753455964222,15:06:04.222,BTC/USDT:USDT,115082.5,39.4708,115081.8,0.0142,115082.6,3.6549,115084.9,3.7824
1753455964322,15:06:04.322,BTC/USDT:USDT,115082.5,40.7708,115081.9,0.0142,115082.6,3.6883,115084.8,1.02
1753455964423,15:06:04.423,BTC/USDT:USDT,115082.5,40.7708,115082.0,0.0142,115082.6,3.6883,115084.8,1.02
1753455964523,15:06:04.523,BTC/USDT:USDT,115082.5,40.7708,115082.2,0.0142,115082.6,3.6883,115084.8,1.02
1753455964622,15:06:04.622,BTC/USDT:USDT,115082.5,40.7708,115081.1,0.03,115082.6,1.0883,115084.8,1.02
1753455964722,15:06:04.722,BTC/USDT:USDT,115082.5,40.7992,115081.3,0.03,115082.6,1.0883,115084.8,1.02
1753455964823,15:06:04.823,BTC/USDT:USDT,115082.5,42.085,115081.4,0.03,115082.6,1.086,115084.8,1.02
1753455964922,15:06:04.922,BTC/USDT:USDT,115082.5,42.085,115081.3,0.03,115082.6,1.086,115084.8,1.0458
1753455965022,15:06:05.022,BTC/USDT:USDT,115082.5,42.085,115081.5,0.03,115082.6,1.086,115084.7,0.0258
1753455965122,15:06:05.122,BTC/USDT:USDT,115082.5,43.385,115081.7,0.03,115082.6,0.7565,115084.6,0.0258
1753455965222,15:06:05.222,BTC/USDT:USDT,115082.5,44.315,115081.7,0.03,115082.6,0.7288,115084.5,0.0258
1753455965323,15:06:05.323,BTC/USDT:USDT,115082.5,44.315,115081.9,0.03,115082.6,0.7288,115084.5,0.0258
1753455965422,15:06:05.422,BTC/USDT:USDT,115082.5,44.315,115082.1,0.03,115082.6,0.7288,115084.5,0.0258
1753455965522,15:06:05.522,BTC/USDT:USDT,115082.5,44.315,115082.2,0.03,115082.6,0.6888,115084.5,0.0258
1753455965622,15:06:05.622,BTC/USDT:USDT,115082.5,43.3847,115080.7,0.4474,115082.6,0.6812,115084.4,0.0258
1753455965723,15:06:05.723,BTC/USDT:USDT,115082.5,43.3847,115082.2,0.03,115082.6,0.6812,115084.3,0.0258
1753455965824,15:06:05.824,BTC/USDT:USDT,115082.5,43.3847,115080.7,0.4474,115082.6,1.1901,115084.2,0.0258
1753455965925,15:06:05.925,BTC/USDT:USDT,115082.5,43.3847,115082.4,0.03,115082.6,1.3617,115084.2,0.0258
1753455966025,15:06:06.025,BTC/USDT:USDT,115082.5,44.3447,115080.7,0.4474,115082.6,1.3331,115084.1,0.0258
1753455966125,15:06:06.125,BTC/USDT:USDT,115082.5,44.3447,115080.7,0.4474,115082.6,1.3331,115084.3,0.0258
1753455966225,15:06:06.225,BTC/USDT:USDT,115082.5,44.3847,115080.7,0.4474,115082.6,1.3331,115084.1,0.0258
1753455966325,15:06:06.325,BTC/USDT:USDT,115082.5,39.5547,115080.7,0.4474,115082.6,2.6331,115084.3,0.0258
1753455966425,15:06:06.425,BTC/USDT:USDT,115082.5,39.5847,115080.7,0.4474,115082.6,2.6331,115084.3,0.0358
1753455966525,15:06:06.525,BTC/USDT:USDT,115082.5,0.04,115079.1,0.006,115082.6,14.7595,115084.7,0.5868
1753455966626,15:06:06.626,BTC/USDT:USDT,115082.5,0.04,115076.7,0.002,115082.6,16.5277,115083.0,0.017
1753455966726,15:06:06.726,BTC/USDT:USDT,115072.9,1.3,115072.7,2.607,115074.7,0.0384,115076.7,0.5214
1753455966826,15:06:06.826,BTC/USDT:USDT,115072.9,12.5607,115071.1,3.0406,115073.0,34.6669,115074.6,5.6319
1753455966927,15:06:06.927,BTC/USDT:USDT,115072.9,22.5568,115072.8,1.8649,115073.0,24.5969,115074.6,1.1276
1753455967028,15:06:07.028,BTC/USDT:USDT,115072.9,26.0317,115072.8,0.6225,115073.0,19.6742,115074.6,1.1276
1753455967129,15:06:07.129,BTC/USDT:USDT,115072.9,26.9617,115072.8,0.6225,115073.0,9.0894,115074.6,1.1276
1753455967230,15:06:07.230,BTC/USDT:USDT,115074.5,0.01,115073.0,2.8523,115074.7,0.0192,115075.5,0.01
1753455967331,15:06:07.331,BTC/USDT:USDT,115076.3,10.0029,115076.0,0.1738,115076.8,0.0224,115080.1,0.6028
1753455967433,15:06:07.433,BTC/USDT:USDT,115076.7,27.1273,115076.4,3.9066,115076.8,0.0224,115080.1,0.6028
1753455967532,15:06:07.532,BTC/USDT:USDT,115076.7,39.3064,115076.4,0.002,115076.8,1.1467,115082.1,0.0258
1753455967632,15:06:07.632,BTC/USDT:USDT,115076.7,39.1352,115076.4,0.002,115076.8,1.1311,115080.0,0.6215
1753455967733,15:06:07.733,BTC/USDT:USDT,115076.7,38.9518,115076.4,0.03,115076.8,0.0036,115077.8,1.1275
1753455967834,15:06:07.834,BTC/USDT:USDT,115076.7,38.9818,115075.6,0.002,115076.8,0.0036,115077.8,1.1275
1753455967934,15:06:07.934,BTC/USDT:USDT,115077.7,29.5083,115076.8,3.5702,115077.8,1.1275,115079.1,0.0005
1753455968035,15:06:08.035,BTC/USDT:USDT,115077.7,54.7862,115077.1,0.03,115077.8,2.6004,115079.1,0.0005
1753455968135,15:06:08.135,BTC/USDT:USDT,115077.7,54.6138,115077.2,0.03,115077.8,3.7279,115079.1,0.0005
1753455968236,15:06:08.236,BTC/USDT:USDT,115077.7,46.6782,115077.3,0.03,115077.8,11.6661,115079.1,0.0005
1753455968336,15:06:08.336,BTC/USDT:USDT,115077.7,31.2216,115077.5,0.03,115077.8,11.2113,115079.0,3.4748
1753455968437,15:06:08.437,BTC/USDT:USDT,115077.7,13.9207,115077.0,0.002,115077.8,18.011,115078.9,3.0234
1753455968537,15:06:08.537,BTC/USDT:USDT,115077.7,1.3017,115077.0,0.002,115077.8,27.5384,115078.6,0.0258
1753455968637,15:06:08.637,BTC/USDT:USDT,115075.0,0.002,115072.4,2.607,115077.0,0.869,115077.1,0.1716
1753455968737,15:06:08.737,BTC/USDT:USDT,115072.5,2.6069,115069.6,0.5868,115073.9,0.0001,115074.7,13.6482
1753455968838,15:06:08.838,BTC/USDT:USDT,115072.5,7.2122,115069.6,0.5868,115072.6,37.4177,115072.7,0.0001
1753455968938,15:06:08.938,BTC/USDT:USDT,115072.5,9.8203,115069.6,0.5868,115072.6,46.0683,115072.7,0.0001
1753455969038,15:06:09.038,BTC/USDT:USDT,115072.5,9.8203,115069.6,0.5868,115072.6,46.0683,115072.7,0.0001
1753455969139,15:06:09.139,BTC/USDT:USDT,115072.5,9.8203,115069.6,0.5868,115072.6,42.5933,115072.7,0.0001
1753455969241,15:06:09.241,BTC/USDT:USDT,115068.6,0.002,115067.1,0.018,115072.5,3.5865,115072.6,48.7813
1753455969342,15:06:09.342,BTC/USDT:USDT,115067.1,0.018,115062.7,2.6072,115068.1,0.7833,115068.6,0.1325
1753455969442,15:06:09.442,BTC/USDT:USDT,115067.1,0.0122,115062.8,2.6072,115067.2,25.7041,115067.3,0.0258
1753455969542,15:06:09.542,BTC/USDT:USDT,115054.6,0.002,115052.7,0.0336,115059.5,0.2299,115059.8,0.2299
1753455969642,15:06:09.642,BTC/USDT:USDT,115052.7,0.0336,115046.5,0.5868,115054.6,0.2245,115054.7,38.9179
1753455969742,15:06:09.742,BTC/USDT:USDT,115043.4,2.6077,115041.6,1.9456,115045.3,8.6448,115046.6,13.2137
1753455969842,15:06:09.842,BTC/USDT:USDT,115041.6,1.3196,115041.0,0.0025,115042.5,0.3235,115043.4,2.1668
1753455969943,15:06:09.943,BTC/USDT:USDT,115041.6,8.5377,115041.0,0.0025,115041.7,20.1197,115042.4,1.0256
1753455970047,15:06:10.047,BTC/USDT:USDT,115041.6,23.5904,115041.0,0.0025,115041.7,28.4182,115042.4,0.193
1753455970148,15:06:10.148,BTC/USDT:USDT,115041.6,23.5904,115041.0,0.0025,115041.7,29.5456,115042.4,0.193
1753455970249,15:06:10.249,BTC/USDT:USDT,115041.6,21.4145,115041.0,0.0025,115041.7,29.5456,115042.4,0.193
1753455970349,15:06:10.349,BTC/USDT:USDT,115041.6,21.41,115041.0,0.0025,115041.7,33.977,115042.4,0.193
1753455970449,15:06:10.449,BTC/USDT:USDT,115041.6,22.71,115041.0,0.0025,115041.7,30.4491,115042.4,0.0004
1753455970551,15:06:10.551,BTC/USDT:USDT,115041.6,26.1859,115041.0,0.0025,115041.7,29.8777,115042.4,0.0004
1753455970650,15:06:10.650,BTC/USDT:USDT,115041.6,26.1859,115041.0,0.0025,115041.7,29.2728,115042.4,0.0004
1753455970750,15:06:10.750,BTC/USDT:USDT,115041.6,29.6618,115041.0,0.0025,115041.7,19.2621,115042.4,0.0004
1753455970853,15:06:10.853,BTC/USDT:USDT,115041.6,30.6018,115041.0,0.0025,115041.7,3.0552,115042.4,0.0004
1753455970953,15:06:10.953,BTC/USDT:USDT,115041.6,30.6018,115041.0,0.0025,115041.7,1.1274,115042.4,0.0004
1753455971053,15:06:11.053,BTC/USDT:USDT,115043.2,3.4712,115042.4,1.3099,115043.3,1.1273,115046.6,0.6013
1753455971154,15:06:11.154,BTC/USDT:USDT,115043.2,47.102,115042.5,2.1651,115043.3,1.1219,115046.5,0.1834
1753455971253,15:06:11.253,BTC/USDT:USDT,115043.2,48.7379,115042.5,6.9492,115043.3,2.4223,115046.4,1.3
1753455971353,15:06:11.353,BTC/USDT:USDT,115043.2,45.799,115042.6,0.002,115043.3,2.9445,115046.3,3.8658
1753455971453,15:06:11.453,BTC/USDT:USDT,115043.2,44.8397,115042.6,4.73,115043.3,3.2803,115046.2,1.5497
1753455971554,15:06:11.554,BTC/USDT:USDT,115043.2,40.9013,115042.6,1.0534,115043.3,4.2732,115046.2,1.5497
1753455971654,15:06:11.654,BTC/USDT:USDT,115043.2,38.586,115042.7,0.002,115043.3,6.8398,115046.1,0.99
1753455971754,15:06:11.754,BTC/USDT:USDT,115043.2,38.556,115042.7,0.002,115043.3,6.8398,115046.1,0.99
1753455971857,15:06:11.857,BTC/USDT:USDT,115043.2,38.5118,115042.6,1.0514,115043.3,7.5008,115046.1,0.99
1753455971957,15:06:11.957,BTC/USDT:USDT,115043.2,38.5033,115042.8,0.0142,115043.3,7.5004,115046.0,6.9516
1753455972057,15:06:12.057,BTC/USDT:USDT,115043.2,26.5751,115042.6,1.0514,115043.3,7.5012,115045.9,6.294
1753455972158,15:06:12.158,BTC/USDT:USDT,115043.2,16.9518,115042.6,1.0514,115043.3,15.2336,115045.3,0.01
1753455972258,15:06:12.258,BTC/USDT:USDT,115043.2,12.3963,115041.9,0.002,115043.3,22.0577,115045.2,1.3188
1753455972358,15:06:12.358,BTC/USDT:USDT,115043.2,12.0765,115041.7,0.002,115043.3,33.4339,115044.5,0.01
1753455972458,15:06:12.458,BTC/USDT:USDT,115043.2,12.0777,115040.0,0.0301,115043.3,33.4335,115043.7,0.017
1753455972559,15:06:12.559,BTC/USDT:USDT,115043.2,12.0777,115040.8,0.0442,115043.3,31.8616,115043.4,0.0358
1753455972660,15:06:12.660,BTC/USDT:USDT,115043.2,12.0777,115040.9,0.0442,115043.3,30.7051,115043.4,0.0258
1753455972760,15:06:12.760,BTC/USDT:USDT,115043.2,12.0777,115040.9,0.0442,115043.3,30.7409,115044.6,4.9882
1753455972862,15:06:12.862,BTC/USDT:USDT,115043.2,12.0777,115040.8,0.0442,115043.3,30.7409,115044.6,4.9882
1753455972963,15:06:12.963,BTC/USDT:USDT,115043.2,12.0777,115040.8,0.0442,115043.3,30.7409,115044.6,4.9882
1753455973065,15:06:13.065,BTC/USDT:USDT,115043.2,12.0777,115040.9,0.0442,115043.3,30.7409,115044.6,4.9882
1753455973166,15:06:13.166,BTC/USDT:USDT,115043.2,12.0777,115040.7,0.0142,115043.3,30.7309,115044.6,4.9882
1753455973267,15:06:13.267,BTC/USDT:USDT,115043.2,12.0777,115040.9,0.0442,115043.3,30.7409,115044.6,4.9882
1753455973367,15:06:13.367,BTC/USDT:USDT,115043.2,12.0379,115041.0,0.0442,115043.3,31.1239,115044.5,0.2172
1753455973469,15:06:13.469,BTC/USDT:USDT,115043.2,12.0379,115041.1,0.03,115043.3,30.1179,115044.5,0.2172
1753455973571,15:06:13.571,BTC/USDT:USDT,115043.2,12.0379,115040.8,0.0442,115043.3,30.1179,115044.5,0.2172
1753455973671,15:06:13.671,BTC/USDT:USDT,115043.2,12.0379,115040.7,0.0442,115043.3,30.1179,115044.5,0.2172
1753455973771,15:06:13.771,BTC/USDT:USDT,115043.2,12.0379,115041.5,0.0142,115043.3,30.1479,115044.6,4.9882
1753455973873,15:06:13.873,BTC/USDT:USDT,115043.2,13.3379,115041.6,0.0442,115043.3,30.1488,115044.6,4.9882
1753455973973,15:06:13.973,BTC/USDT:USDT,115043.2,12.0379,115040.8,3.4139,115043.3,30.1488,115044.5,0.2172
1753455974077,15:06:14.077,BTC/USDT:USDT,115043.2,12.0279,115040.4,0.631,115043.3,30.5582,115044.5,0.2172
1753455974178,15:06:14.178,BTC/USDT:USDT,115043.2,12.0269,115040.4,0.5868,115043.3,26.9324,115043.5,0.01
1753455974278,15:06:14.278,BTC/USDT:USDT,115043.2,12.0269,115040.4,0.631,115043.3,27.3147,115044.5,0.2172
1753455974380,15:06:14.380,BTC/USDT:USDT,115043.2,12.0269,115040.4,0.631,115043.3,27.3147,115044.5,0.2172
1753455974479,15:06:14.479,BTC/USDT:USDT,115043.2,12.0269,115040.4,0.5868,115043.3,27.2789,115044.5,0.2172
1753455974583,15:06:14.583,BTC/USDT:USDT,115043.2,11.4919,115040.7,0.0142,115043.3,28.6047,115043.4,0.01
1753455974684,15:06:14.684,BTC/USDT:USDT,115043.2,11.4919,115041.4,0.0142,115043.3,25.0437,115044.6,4.9882
1753455974785,15:06:14.785,BTC/USDT:USDT,115043.2,19.113,115041.4,0.0442,115043.3,14.5242,115044.6,4.9882
1753455974887,15:06:14.887,BTC/USDT:USDT,115043.2,19.113,115041.5,0.0584,115043.3,10.5405,115044.5,3.4759
1753455974988,15:06:14.988,BTC/USDT:USDT,115043.2,19.113,115041.4,0.0442,115043.3,10.5147,115044.5,3.4759
1753455975090,15:06:15.090,BTC/USDT:USDT,115043.2,19.113,115041.4,0.0442,115043.3,10.5147,115044.5,3.4759
1753455975190,15:06:15.190,BTC/USDT:USDT,115043.2,20.413,115041.3,0.0442,115043.3,8.3388,115044.4,6.9518
1753455975290,15:06:15.290,BTC/USDT:USDT,115043.2,20.413,115041.4,0.0442,115043.3,8.3388,115044.3,6.5974
1753455975390,15:06:15.390,BTC/USDT:USDT,115043.2,26.4173,115041.3,0.0442,115043.3,6.1692,115044.3,6.5974
1753455975491,15:06:15.491,BTC/USDT:USDT,115043.2,26.4173,115041.3,0.03,115043.3,6.1692,115044.3,6.5974
1753455975595,15:06:15.595,BTC/USDT:USDT,115043.2,26.4173,115041.2,0.03,115043.3,6.1434,115044.3,3.9976
1753455975695,15:06:15.695,BTC/USDT:USDT,115043.2,26.4173,115041.2,0.0442,115043.3,6.1692,115044.3,3.9976
1753455975795,15:06:15.795,BTC/USDT:USDT,115043.2,26.4173,115041.2,0.0742,115043.3,2.067,115044.3,3.9976
1753455975897,15:06:15.897,BTC/USDT:USDT,115043.2,26.4173,115041.1,0.8651,115043.3,0.0762,115044.3,3.9976
1753455975998,15:06:15.998,BTC/USDT:USDT,115043.2,26.4097,115042.7,0.008,115043.3,1.7122,115044.3,0.8064
1753455976098,15:06:16.098,BTC/USDT:USDT,115043.2,26.4097,115042.7,0.008,115043.3,1.8838,115044.7,0.6032
1753455976198,15:06:16.198,BTC/USDT:USDT,115043.2,27.7097,115042.7,0.008,115043.3,1.8838,115044.7,0.6032
1753455976298,15:06:16.298,BTC/USDT:USDT,115043.2,27.7097,115042.7,0.008,115043.3,1.8838,115044.7,0.6032
1753455976398,15:06:16.398,BTC/USDT:USDT,115043.2,27.7097,115042.7,0.008,115043.3,1.8838,115044.7,0.6032
1753455976498,15:06:16.498,BTC/USDT:USDT,115043.2,27.7097,115042.7,0.008,115043.3,1.8738,115044.7,0.6032
1753455976599,15:06:16.599,BTC/USDT:USDT,115043.2,27.7097,115042.7,0.008,115043.3,1.8838,115044.7,0.6032
1753455976699,15:06:16.699,BTC/USDT:USDT,115043.2,27.7097,115042.7,0.008,115043.3,1.858,115044.7,0.6032
1753455976799,15:06:16.799,BTC/USDT:USDT,115043.2,27.7906,115042.7,0.008,115043.3,0.04,115044.8,0.6016
1753455976899,15:06:16.899,BTC/USDT:USDT,115043.2,27.7966,115042.7,0.008,115043.3,0.04,115049.3,1.1271
1753455977000,15:06:17.000,BTC/USDT:USDT,115043.2,29.0617,115042.7,0.008,115043.3,0.0325,115051.2,0.0104
1753455977100,15:06:17.100,BTC/USDT:USDT,115043.2,29.688,115042.7,0.008,115043.3,0.0329,115051.2,0.0104
1753455977200,15:06:17.200,BTC/USDT:USDT,115043.2,26.7279,115042.7,0.008,115043.3,0.0329,115051.2,0.0104
1753455977301,15:06:17.301,BTC/USDT:USDT,115043.2,26.7569,115042.7,0.008,115043.3,0.0329,115051.2,0.0104
1753455977401,15:06:17.401,BTC/USDT:USDT,115043.2,26.7569,115042.7,0.008,115043.3,0.0329,115051.2,0.0104
1753455977502,15:06:17.502,BTC/USDT:USDT,115043.2,26.7869,115042.7,0.008,115043.3,0.0329,115051.2,0.0104
1753455977601,15:06:17.601,BTC/USDT:USDT,115043.2,26.7711,115042.7,0.008,115043.3,0.0329,115051.2,0.0104
1753455977701,15:06:17.701,BTC/USDT:USDT,115043.2,26.7711,115042.7,0.008,115043.3,0.0329,115051.2,0.0104
1753455977801,15:06:17.801,BTC/USDT:USDT,115043.2,26.7427,115042.7,0.008,115043.3,0.0329,115051.2,0.0104
1753455977901,15:06:17.901,BTC/USDT:USDT,115043.2,26.7569,115042.7,0.008,115043.3,0.0329,115051.2,0.0104
1753455978001,15:06:18.001,BTC/USDT:USDT,115043.2,28.0269,115042.7,0.008,115043.3,0.0225,115049.1,0.1
1753455978101,15:06:18.101,BTC/USDT:USDT,115043.2,28.0279,115042.7,0.008,115043.3,0.0225,115049.1,0.1
1753455978202,15:06:18.202,BTC/USDT:USDT,115043.2,29.3569,115042.7,0.008,115043.3,0.0225,115051.2,0.0104
1753455978302,15:06:18.302,BTC/USDT:USDT,115043.2,29.3279,115042.8,0.0005,115043.3,0.0225,115051.2,0.0104
1753455978402,15:06:18.402,BTC/USDT:USDT,115043.2,29.3569,115042.8,0.0005,115043.3,0.0225,115051.2,0.0104
1753455978502,15:06:18.502,BTC/USDT:USDT,115051.1,2.7814,115049.9,0.1724,115051.2,0.0104,115054.8,0.1
1753455978603,15:06:18.603,BTC/USDT:USDT,115057.3,6.9656,115057.0,1.8592,115066.1,4.8089,115066.5,0.6042
1753455978703,15:06:18.703,BTC/USDT:USDT,115066.8,14.7093,115066.6,5.718,115066.9,0.7078,115068.0,0.01
1753455978803,15:06:18.803,BTC/USDT:USDT,115066.8,20.9699,115066.0,6.2799,115066.9,9.4,115067.0,0.0258
1753455978905,15:06:18.905,BTC/USDT:USDT,115066.8,24.445,115066.7,0.002,115066.9,7.0998,115067.0,0.0358
1753455979006,15:06:19.006,BTC/USDT:USDT,115066.8,20.9699,115066.2,0.002,115066.9,12.5391,115067.0,0.0458
1753455979107,15:06:19.107,BTC/USDT:USDT,115066.8,24.3706,115066.2,0.002,115066.9,13.8906,115067.0,0.0716
1753455979208,15:06:19.208,BTC/USDT:USDT,115066.8,24.3706,115066.2,0.002,115066.9,10.4154,115067.0,0.0358
1753455979308,15:06:19.308,BTC/USDT:USDT,115066.8,27.8747,115066.2,0.002,115066.9,8.8984,115067.0,0.01
1753455979409,15:06:19.409,BTC/USDT:USDT,115066.8,24.3701,115066.2,0.002,115066.9,12.7616,115067.0,0.0358
1753455979510,15:06:19.510,BTC/USDT:USDT,115066.8,22.5043,115066.2,0.002,115066.9,9.2865,115070.1,3.4751
1753455979611,15:06:19.611,BTC/USDT:USDT,115066.8,25.9794,115066.2,0.002,115066.9,9.6539,115067.0,0.0616
1753455979711,15:06:19.711,BTC/USDT:USDT,115066.8,25.9794,115066.2,0.002,115066.9,9.6539,115067.0,0.0358
1753455979811,15:06:19.811,BTC/USDT:USDT,115066.8,26.0088,115066.2,0.002,115066.9,3.4261,115070.0,4.6875
1753455979912,15:06:19.912,BTC/USDT:USDT,115066.9,19.7797,115066.8,26.0088,115068.2,1.1269,115072.6,0.0001
1753455980012,15:06:20.012,BTC/USDT:USDT,115072.5,0.01,115071.4,0.8461,115072.6,0.0001,115072.7,0.0001
1753455980112,15:06:20.112,BTC/USDT:USDT,115072.5,37.8312,115071.5,7.5336,115072.6,0.0001,115072.7,0.0001
1753455980212,15:06:20.212,BTC/USDT:USDT,115072.5,43.9689,115071.7,0.03,115072.6,1.127,115072.7,0.0001
1753455980313,15:06:20.313,BTC/USDT:USDT,115072.5,44.0279,115071.6,5.4845,115072.6,1.127,115072.7,0.0001
1753455980412,15:06:20.412,BTC/USDT:USDT,115072.5,44.0112,115071.7,0.002,115072.6,0.0001,115072.7,0.0001
1753455980512,15:06:20.512,BTC/USDT:USDT,115072.5,43.983,115071.7,1.1289,115072.6,0.0001,115072.7,0.0001
1753455980612,15:06:20.612,BTC/USDT:USDT,115077.7,16.9304,115072.6,2.9266,115077.8,1.0849,115077.9,0.0001
1753455980712,15:06:20.712,BTC/USDT:USDT,115077.7,38.8901,115077.1,0.0142,115077.8,1.0849,115077.9,0.0001
1753455980812,15:06:20.812,BTC/USDT:USDT,115077.7,38.8901,115077.0,0.0142,115077.8,1.0849,115077.9,0.0001
1753455980912,15:06:20.912,BTC/USDT:USDT,115077.7,38.8897,115077.2,0.0142,115077.8,3.3201,115077.9,0.0001
1753455981012,15:06:21.012,BTC/USDT:USDT,115077.7,38.4586,115077.4,0.0142,115077.8,3.3201,115077.9,0.0001
1753455981112,15:06:21.112,BTC/USDT:USDT,115077.7,39.7586,115077.6,0.0142,115077.8,4.6201,115077.9,0.0001
1753455981213,15:06:21.213,BTC/USDT:USDT,115077.7,39.7728,115076.3,0.03,115077.8,4.9026,115077.9,0.0001
1753455981312,15:06:21.312,BTC/USDT:USDT,115077.7,39.772,115076.6,0.03,115077.8,1.0853,115077.9,0.0001
1753455981412,15:06:21.412,BTC/USDT:USDT,115077.7,39.7302,115076.8,0.03,115077.8,1.0853,115077.9,0.0001
1753455981512,15:06:21.512,BTC/USDT:USDT,115077.7,39.7302,115077.0,0.03,115077.8,1.0853,115077.9,0.0001
1753455981612,15:06:21.612,BTC/USDT:USDT,115077.7,39.7302,115077.3,0.03,115077.8,1.0853,115077.9,0.0001
1753455981712,15:06:21.712,BTC/USDT:USDT,115077.7,41.0892,115075.5,0.7784,115077.8,0.0004,115077.9,0.0001
1753455981812,15:06:21.812,BTC/USDT:USDT,115077.7,41.1192,115077.5,0.004,115077.8,0.0004,115077.9,0.0001
1753455981912,15:06:21.912,BTC/USDT:USDT,115077.7,41.1072,115077.6,0.001,115077.8,0.0004,115077.9,0.0001
1753455982012,15:06:22.012,BTC/USDT:USDT,115077.7,41.1084,115077.6,0.001,115077.8,0.0004,115077.9,0.0001
1753455982112,15:06:22.112,BTC/USDT:USDT,115077.7,42.4084,115077.6,0.001,115077.8,0.0004,115077.9,0.0001
1753455982212,15:06:22.212,BTC/USDT:USDT,115077.7,42.3794,115077.6,0.001,115077.8,0.0004,115077.9,0.0001
1753455982312,15:06:22.312,BTC/USDT:USDT,115077.7,42.3794,115077.6,0.001,115077.8,0.0004,115077.9,0.0001
1753455982413,15:06:22.413,BTC/USDT:USDT,115077.7,43.3178,115077.6,0.001,115077.8,0.0002,115077.9,0.0001
1753455982513,15:06:22.513,BTC/USDT:USDT,115081.4,18.9343,115079.0,0.8651,115081.5,0.8536,115082.0,0.01
1753455982613,15:06:22.613,BTC/USDT:USDT,115081.4,41.9509,115081.3,0.0125,115081.5,4.273,115081.9,0.01
1753455982713,15:06:22.713,BTC/USDT:USDT,115081.4,38.2827,115081.3,0.0125,115081.5,4.273,115081.6,0.01
1753455982813,15:06:22.813,BTC/USDT:USDT,115081.4,38.2457,115081.3,0.0125,115081.5,5.0056,115081.6,0.01
1753455982913,15:06:22.913,BTC/USDT:USDT,115081.4,41.7204,115081.3,0.0125,115081.5,4.283,115082.3,3.4747
1753455983013,15:06:23.013,BTC/USDT:USDT,115081.4,41.7204,115081.3,0.0125,115081.5,4.283,115082.6,0.6002
1753455983113,15:06:23.113,BTC/USDT:USDT,115081.4,42.8488,115081.3,0.0125,115081.5,0.0004,115081.9,0.0218
1753455983213,15:06:23.213,BTC/USDT:USDT,115081.4,42.8488,115081.3,0.0125,115081.5,0.0004,115082.6,0.6002
1753455983314,15:06:23.314,BTC/USDT:USDT,115082.5,1.7946,115081.9,12.0476,115082.6,0.6002,115083.0,0.0002
1753455983415,15:06:23.415,BTC/USDT:USDT,115083.0,1.2833,115082.9,18.1679,115083.1,0.0002,115083.2,0.0002
1753455983515,15:06:23.515,BTC/USDT:USDT,115083.1,14.3054,115083.0,36.931,115083.2,0.0002,115083.3,0.0002
1753455983615,15:06:23.615,BTC/USDT:USDT,115083.1,53.6342,115083.0,20.4422,115083.2,0.0006,115083.3,0.0002
1753455983715,15:06:23.715,BTC/USDT:USDT,115090.4,6.9656,115090.3,14.8829,115091.6,0.0001,115091.7,0.0001
1753455983815,15:06:23.815,BTC/USDT:USDT,115103.9,12.0466,115102.0,0.3976,115104.0,7.5261,115105.5,3.5082
1753455983915,15:06:23.915,BTC/USDT:USDT,115103.9,21.1834,115102.1,3.8169,115104.0,8.8508,115104.7,3.2442
1753455984015,15:06:24.015,BTC/USDT:USDT,115103.9,21.1834,115102.2,5.0547,115104.0,8.4665,115104.7,3.2442
1753455984115,15:06:24.115,BTC/USDT:USDT,115103.9,21.1834,115102.3,1.952,115104.0,19.6885,115104.7,1.8175
1753455984215,15:06:24.215,BTC/USDT:USDT,115103.9,8.5872,115101.2,2.6063,115104.0,26.9874,115104.7,1.8175
1753455984315,15:06:24.315,BTC/USDT:USDT,115103.9,0.007,115101.2,2.6064,115104.0,27.3879,115104.7,5.2452
1753455984415,15:06:24.415,BTC/USDT:USDT,115103.9,0.0102,115101.3,0.9599,115104.0,26.816,115104.7,5.2452
1753455984515,15:06:24.515,BTC/USDT:USDT,115103.9,0.0102,115101.3,0.002,115104.0,26.816,115104.7,5.2452
1753455984615,15:06:24.615,BTC/USDT:USDT,115103.9,0.0102,115101.3,0.9606,115104.0,27.315,115104.7,5.2452
1753455984715,15:06:24.715,BTC/USDT:USDT,115103.9,0.0102,115101.3,0.9586,115104.0,27.315,115104.7,5.2452
1753455984815,15:06:24.815,BTC/USDT:USDT,115103.9,0.0102,115101.3,0.9586,115104.0,27.315,115104.7,5.2452
1753455984915,15:06:24.915,BTC/USDT:USDT,115103.9,0.0102,115101.3,0.9586,115104.0,27.315,115104.7,5.2452
1753455985015,15:06:25.015,BTC/USDT:USDT,115103.9,1.3102,115101.3,0.9606,115104.0,24.5425,115104.7,5.2452
1753455985115,15:06:25.115,BTC/USDT:USDT,115103.9,9.8383,115101.3,0.9606,115104.0,14.208,115104.7,5.2452
1753455985216,15:06:25.216,BTC/USDT:USDT,115103.9,13.2385,115101.4,3.4741,115104.0,14.365,115104.7,5.2452
1753455985320,15:06:25.320,BTC/USDT:USDT,115103.9,13.2385,115101.5,1.479,115104.0,14.365,115104.7,3.6936
1753455985419,15:06:25.419,BTC/USDT:USDT,115103.9,13.2385,115101.5,2.3358,115104.0,14.365,115104.6,0.2171
1753455985520,15:06:25.520,BTC/USDT:USDT,115103.9,15.4785,115101.6,0.002,115104.0,14.5521,115104.7,3.6936
1753455985621,15:06:25.621,BTC/USDT:USDT,115103.9,15.4785,115101.6,0.002,115104.0,14.5521,115104.7,3.6936
1753455985720,15:06:25.720,BTC/USDT:USDT,115103.9,18.9525,115101.7,3.474,115104.0,5.4317,115104.7,3.6936
1753455985824,15:06:25.824,BTC/USDT:USDT,115103.9,15.456,115101.8,4.9599,115104.0,9.5991,115104.7,5.4893
1753455985924,15:06:25.924,BTC/USDT:USDT,115103.9,15.456,115101.9,2.9719,115104.0,13.0732,115104.7,3.6936
1753455986025,15:06:26.025,BTC/USDT:USDT,115103.9,15.456,115101.9,2.9739,115104.0,13.5062,115104.7,3.6936
1753455986125,15:06:26.125,BTC/USDT:USDT,115103.9,15.456,115101.9,0.4443,115104.0,13.5061,115104.7,3.6936
1753455986225,15:06:26.225,BTC/USDT:USDT,115103.9,15.456,115102.0,0.0185,115104.0,13.5061,115104.7,2.5232
1753455986325,15:06:26.325,BTC/USDT:USDT,115103.9,15.456,115102.0,0.0185,115104.0,13.5061,115104.7,2.5232
1753455986427,15:06:26.427,BTC/USDT:USDT,115103.9,15.4446,115102.2,0.0185,115104.0,13.5046,115104.7,2.5232
1753455986528,15:06:26.528,BTC/USDT:USDT,115103.9,15.4446,115102.1,0.0185,115104.0,13.6958,115104.7,2.5232
1753455986629,15:06:26.629,BTC/USDT:USDT,115103.9,15.4446,115102.3,0.0185,115104.0,13.5046,115104.7,2.5232
1753455986730,15:06:26.730,BTC/USDT:USDT,115103.9,15.4446,115102.4,0.0185,115104.0,13.5046,115104.7,2.5232
1753455986831,15:06:26.831,BTC/USDT:USDT,115103.9,15.4446,115102.5,0.0185,115104.0,13.6958,115104.7,2.5232
1753455986933,15:06:26.933,BTC/USDT:USDT,115103.9,15.4446,115102.9,0.0185,115104.0,13.5046,115104.7,2.5232
1753455987033,15:06:27.033,BTC/USDT:USDT,115103.9,10.6312,115102.9,0.0185,115104.0,9.5243,115104.7,2.5232
1753455987132,15:06:27.132,BTC/USDT:USDT,115103.9,10.6312,115103.1,0.0185,115104.0,9.5243,115104.7,2.5232
1753455987233,15:06:27.233,BTC/USDT:USDT,115103.9,10.6312,115103.0,0.0185,115104.0,9.5243,115104.6,0.2171
1753455987333,15:06:27.333,BTC/USDT:USDT,115103.9,10.6255,115102.0,0.002,115104.0,10.9618,115104.5,0.0215
1753455987432,15:06:27.432,BTC/USDT:USDT,115103.9,3.162,115102.0,0.002,115104.0,16.5513,115104.5,0.0215
1753455987532,15:06:27.532,BTC/USDT:USDT,115102.0,0.002,115100.5,0.002,115102.1,0.0807,115102.9,0.1738
1753455987633,15:06:27.633,BTC/USDT:USDT,115100.5,0.002,115100.2,0.002,115101.2,2.6034,115101.9,0.3476
1753455987733,15:06:27.733,BTC/USDT:USDT,115097.5,2.6064,115097.4,1.1263,115098.2,9.1193,115100.3,0.0007
1753455987835,15:06:27.835,BTC/USDT:USDT,115097.5,9.8177,115097.4,1.1263,115097.6,21.4266,115098.1,4.7166
1753455987935,15:06:27.935,BTC/USDT:USDT,115097.5,22.8157,115095.2,0.912,115097.6,8.0132,115098.2,2.5935
1753455988036,15:06:28.036,BTC/USDT:USDT,115097.5,24.1262,115097.3,0.0185,115097.6,1.1335,115098.2,0.6026
1753455988136,15:06:28.136,BTC/USDT:USDT,115097.5,24.1262,115097.4,0.0122,115097.6,1.1335,115098.2,0.6026
1753455988236,15:06:28.236,BTC/USDT:USDT,115097.5,24.1262,115097.4,0.0122,115097.6,1.1335,115098.2,0.6026
1753455988337,15:06:28.337,BTC/USDT:USDT,115097.5,24.1262,115097.4,0.0122,115097.6,1.1335,115098.2,0.6026
1753455988436,15:06:28.436,BTC/USDT:USDT,115097.5,24.0968,115097.4,0.0122,115097.6,1.1332,115098.2,0.6026
1753455988536,15:06:28.536,BTC/USDT:USDT,115101.0,0.6473,115100.4,0.232,115101.8,0.6001,115102.5,0.0315
1753455988636,15:06:28.636,BTC/USDT:USDT,115101.7,37.135,115101.1,9.5836,115101.8,0.6001,115102.4,0.0315
1753455988736,15:06:28.736,BTC/USDT:USDT,115101.7,49.24,115101.2,10.0839,115101.8,0.5985,115102.7,0.9606
1753455988836,15:06:28.836,BTC/USDT:USDT,115101.7,45.183,115101.3,3.8229,115101.8,3.4741,115102.7,0.9606
1753455988937,15:06:28.937,BTC/USDT:USDT,115101.7,27.8596,115101.3,1.8548,115101.8,6.979,115102.7,1.7207
1753455989038,15:06:29.038,BTC/USDT:USDT,115101.7,26.653,115101.4,0.002,115101.8,8.5615,115102.7,1.7207
1753455989139,15:06:29.139,BTC/USDT:USDT,115101.7,24.489,115101.4,0.002,115101.8,8.5615,115102.7,1.7207
1753455989240,15:06:29.240,BTC/USDT:USDT,115101.7,25.1203,115100.2,0.03,115101.8,8.5614,115102.7,1.7207
1753455989342,15:06:29.342,BTC/USDT:USDT,115101.7,26.4203,115100.2,0.0485,115101.8,8.5615,115102.7,1.7207
1753455989443,15:06:29.443,BTC/USDT:USDT,115101.7,26.4203,115100.0,0.032,115101.8,8.5615,115102.7,1.7522
1753455989544,15:06:29.544,BTC/USDT:USDT,115101.7,26.4174,115100.1,0.0485,115101.8,9.8615,115102.7,1.7522
1753455989644,15:06:29.644,BTC/USDT:USDT,115101.7,26.4174,115100.3,0.0485,115101.8,9.579,115102.7,1.7522
1753455989744,15:06:29.744,BTC/USDT:USDT,115101.7,26.4174,115100.4,0.0485,115101.8,9.5789,115102.6,0.0315
1753455989843,15:06:29.843,BTC/USDT:USDT,115101.7,26.4174,115100.6,0.03,115101.8,9.5789,115102.6,0.0215
1753455989944,15:06:29.944,BTC/USDT:USDT,115101.7,26.4174,115100.6,0.0485,115101.8,9.5789,115102.6,0.0315
1753455990043,15:06:30.043,BTC/USDT:USDT,115101.7,26.0574,115100.6,0.0485,115101.8,7.0738,115102.4,0.0215
1753455990143,15:06:30.143,BTC/USDT:USDT,115101.7,26.0472,115100.8,0.03,115101.8,5.7738,115102.4,2.6088
1753455990244,15:06:30.244,BTC/USDT:USDT,115101.7,31.6954,115100.8,0.0485,115101.8,0.0253,115102.3,2.2795
1753455990343,15:06:30.343,BTC/USDT:USDT,115101.7,29.5213,115100.8,0.0485,115101.8,0.37,115102.3,2.301
1753455990443,15:06:30.443,BTC/USDT:USDT,115101.7,29.5213,115100.8,0.0485,115101.8,0.37,115102.2,0.0215
1753455990543,15:06:30.543,BTC/USDT:USDT,115101.7,26.0472,115100.9,0.0485,115101.8,7.3182,115102.2,0.0315
1753455990643,15:06:30.643,BTC/USDT:USDT,115101.7,26.0472,115100.9,0.0485,115101.8,7.3182,115102.2,0.0315
1753455990744,15:06:30.744,BTC/USDT:USDT,115101.7,26.0473,115101.0,0.0485,115101.8,7.3182,115102.2,0.0315
1753455990844,15:06:30.844,BTC/USDT:USDT,115101.7,15.6976,115101.1,0.0485,115101.8,8.9122,115102.3,1.5089
1753455990948,15:06:30.948,BTC/USDT:USDT,115101.7,15.6976,115099.3,0.0485,115101.8,15.1078,115102.2,0.0315
1753455991049,15:06:31.049,BTC/USDT:USDT,115101.7,13.4576,115099.3,0.0485,115101.8,17.2948,115102.2,0.01
1753455991149,15:06:31.149,BTC/USDT:USDT,115101.7,13.4576,115099.6,0.0485,115101.8,19.2853,115102.2,0.0315
1753455991252,15:06:31.252,BTC/USDT:USDT,115101.7,13.4576,115099.3,0.03,115101.8,19.7858,115102.3,2.3384
1753455991353,15:06:31.353,BTC/USDT:USDT,115101.7,13.4576,115099.3,0.03,115101.8,19.7858,115102.2,0.01
1753455991453,15:06:31.453,BTC/USDT:USDT,115101.7,13.4576,115101.0,0.0485,115101.8,19.7858,115102.3,2.3699
1753455991555,15:06:31.555,BTC/USDT:USDT,115101.7,13.4576,115101.0,0.0485,115101.8,19.7858,115102.3,2.3699
1753455991655,15:06:31.655,BTC/USDT:USDT,115101.7,16.0639,115100.9,0.0485,115101.8,11.8973,115102.3,2.3384
1753455991757,15:06:31.757,BTC/USDT:USDT,115101.7,19.1037,115101.0,3.5041,115101.8,6.1316,115102.0,0.01
1753455991859,15:06:31.859,BTC/USDT:USDT,115101.7,20.4037,115101.1,3.7008,115101.8,9.5997,115102.1,0.01
1753455991960,15:06:31.960,BTC/USDT:USDT,115101.7,21.7037,115101.1,3.7008,115101.8,10.8997,115102.0,0.0215
1753455992060,15:06:32.060,BTC/USDT:USDT,115101.7,21.7037,115101.2,0.002,115101.8,12.0256,115102.1,0.01
1753455992160,15:06:32.160,BTC/USDT:USDT,115101.7,21.7037,115101.2,0.002,115101.8,12.2427,115102.1,0.01
1753455992262,15:06:32.262,BTC/USDT:USDT,115101.7,19.0974,115101.3,0.0185,115101.8,12.2427,115102.1,0.053
1753455992363,15:06:32.363,BTC/USDT:USDT,115101.7,16.0576,115101.2,0.002,115101.8,12.6757,115102.1,0.0315
1753455992464,15:06:32.464,BTC/USDT:USDT,115101.7,18.6639,115101.2,0.002,115101.8,12.2427,115102.0,0.0315
1753455992565,15:06:32.565,BTC/USDT:USDT,115101.7,21.7037,115101.2,0.002,115101.8,12.2427,115102.1,0.0315
1753455992664,15:06:32.664,BTC/USDT:USDT,115101.7,19.0928,115101.2,0.002,115101.8,12.2427,115102.1,0.0315
1753455992765,15:06:32.765,BTC/USDT:USDT,115090.0,0.0056,115088.8,0.002,115099.0,0.8658,115100.0,11.3083
1753455992865,15:06:32.865,BTC/USDT:USDT,115090.0,1.3056,115086.3,0.0185,115090.1,22.0111,115090.7,0.1738
1753455992965,15:06:32.965,BTC/USDT:USDT,115090.0,2.824,115086.5,0.0185,115090.1,29.3936,115090.9,1.1257
1753455993066,15:06:33.066,BTC/USDT:USDT,115090.0,2.824,115086.8,0.0185,115090.1,29.3936,115090.9,1.1257
1753455993167,15:06:33.167,BTC/USDT:USDT,115090.0,2.824,115087.2,0.0185,115090.1,32.7362,115090.8,0.883
1753455993267,15:06:33.267,BTC/USDT:USDT,115090.0,2.824,115087.1,0.0185,115090.1,32.7362,115090.8,0.883
1753455993371,15:06:33.371,BTC/USDT:USDT,115090.0,2.824,115087.4,0.0185,115090.1,32.7362,115090.8,0.883
1753455993471,15:06:33.471,BTC/USDT:USDT,115090.0,5.8641,115088.2,0.0185,115090.1,32.7329,115090.8,0.883
1753455993573,15:06:33.573,BTC/USDT:USDT,115090.0,9.9397,115088.5,0.0185,115090.1,32.2288,115090.8,0.883
1753455993673,15:06:33.673,BTC/USDT:USDT,115090.0,12.7857,115088.8,0.0185,115090.1,30.3903,115090.8,0.883
1753455993774,15:06:33.774,BTC/USDT:USDT,115090.0,12.7857,115089.1,0.0185,115090.1,29.9694,115090.8,0.883
1753455993875,15:06:33.875,BTC/USDT:USDT,115090.0,12.7857,115089.3,0.0185,115090.1,29.9694,115090.8,0.883
1753455993974,15:06:33.974,BTC/USDT:USDT,115090.0,7.9457,115089.5,0.0185,115090.1,28.3394,115090.8,0.883
1753455994074,15:06:34.074,BTC/USDT:USDT,115090.0,7.9457,115089.7,0.0185,115090.1,27.0916,115090.8,0.883
1753455994174,15:06:34.174,BTC/USDT:USDT,115090.0,8.0667,115089.6,0.0185,115090.1,27.0864,115090.8,0.6494
1753455994275,15:06:34.275,BTC/USDT:USDT,115090.0,9.7197,115089.7,0.0185,115090.1,27.0864,115090.8,0.6494
1753455994375,15:06:34.375,BTC/USDT:USDT,115090.0,9.7197,115089.9,0.0185,115090.1,23.0266,115090.7,3.6915
1753455994475,15:06:34.475,BTC/USDT:USDT,115090.0,9.7382,115089.6,0.03,115090.1,23.0266,115090.6,1.9393
1753455994577,15:06:34.577,BTC/USDT:USDT,115090.0,9.7867,115086.1,0.002,115090.1,23.2437,115090.6,1.9393
1753455994679,15:06:34.679,BTC/USDT:USDT,115090.0,9.7682,115086.1,0.002,115090.1,26.7182,115090.6,1.9393
1753455994781,15:06:34.781,BTC/USDT:USDT,115090.0,22.679,115086.1,0.8671,115090.1,19.7308,115090.6,0.8319
1753455994882,15:06:34.882,BTC/USDT:USDT,115090.0,22.679,115086.2,0.7751,115090.1,3.4806,115091.4,0.1738
1753455994983,15:06:34.983,BTC/USDT:USDT,115090.0,23.619,115088.5,0.0025,115090.1,3.4806,115092.2,1.1256
1753455995082,15:06:35.082,BTC/USDT:USDT,115090.0,23.594,115089.3,0.002,115090.1,0.0004,115092.2,1.1256
1753455995183,15:06:35.183,BTC/USDT:USDT,115090.0,23.633,115089.3,0.002,115090.1,0.0004,115092.2,1.1256
1753455995282,15:06:35.282,BTC/USDT:USDT,115090.0,23.633,115089.3,0.002,115090.1,0.0004,115092.2,1.1256
1753455995382,15:06:35.382,BTC/USDT:USDT,115090.0,23.633,115089.3,0.002,115090.1,0.0004,115092.2,1.1256
1753455995483,15:06:35.483,BTC/USDT:USDT,115090.0,23.6077,115089.3,0.002,115090.1,0.0004,115092.4,0.8651
1753455995584,15:06:35.584,BTC/USDT:USDT,115090.0,23.5687,115089.1,1.1256,115090.1,1.6028,115092.1,1.3
1753455995684,15:06:35.684,BTC/USDT:USDT,115090.0,23.5687,115089.2,0.8024,115090.1,1.6028,115092.0,0.9969
1753455995785,15:06:35.785,BTC/USDT:USDT,115090.0,23.5687,115089.2,0.8024,115090.1,1.7759,115092.0,0.9969
1753455995885,15:06:35.885,BTC/USDT:USDT,115090.0,23.5687,115089.2,0.8024,115090.1,1.9475,115091.9,0.0001
1753455995987,15:06:35.987,BTC/USDT:USDT,115090.0,18.7287,115089.2,0.8024,115090.1,3.2476,115090.2,0.0001
1753455996087,15:06:36.087,BTC/USDT:USDT,115090.0,18.9199,115089.2,0.8024,115090.1,1.9476,115090.2,0.0001
1753455996188,15:06:36.188,BTC/USDT:USDT,115090.0,18.9199,115089.2,0.8024,115090.1,1.9476,115090.2,0.0001
1753455996287,15:06:36.287,BTC/USDT:USDT,115090.0,18.9199,115089.2,0.8024,115090.1,1.9476,115090.2,0.0001
1753455996387,15:06:36.387,BTC/USDT:USDT,115090.0,21.5489,115089.2,0.8024,115090.1,0.0005,115090.2,0.0001
1753455996487,15:06:36.487,BTC/USDT:USDT,115090.0,21.5304,115089.2,0.8024,115090.1,0.0004,115090.2,0.0001
1753455996587,15:06:36.587,BTC/USDT:USDT,115090.2,0.8706,115090.1,35.629,115090.3,0.0001,115090.4,0.0001
1753455996687,15:06:36.687,BTC/USDT:USDT,115090.2,53.8991,115090.1,11.6658,115090.3,0.0004,115090.4,0.0001
1753455996788,15:06:36.788,BTC/USDT:USDT,115090.3,23.6959,115090.2,38.4449,115090.4,0.0001,115090.5,0.0001
1753455996887,15:06:36.887,BTC/USDT:USDT,115090.3,52.0534,115090.2,9.7259,115090.4,0.0005,115090.5,0.0001
1753455996987,15:06:36.987,BTC/USDT:USDT,115090.3,53.3832,115090.2,9.4049,115090.4,0.0001,115090.5,0.0001
1753455997087,15:06:37.087,BTC/USDT:USDT,115090.3,48.6234,115090.2,9.4049,115090.4,0.0005,115090.5,0.0001
1753455997188,15:06:37.188,BTC/USDT:USDT,115090.3,47.3217,115090.2,12.8287,115090.4,0.0005,115090.5,0.0001
1753455997288,15:06:37.288,BTC/USDT:USDT,115090.3,47.3217,115090.2,12.8287,115090.4,0.0005,115090.5,0.0001
1753455997388,15:06:37.388,BTC/USDT:USDT,115090.3,47.3217,115090.2,12.8287,115090.4,0.0005,115090.5,0.0001
1753455997488,15:06:37.488,BTC/USDT:USDT,115090.3,47.3217,115090.2,12.8472,115090.4,0.0005,115090.5,0.0001
1753455997589,15:06:37.589,BTC/USDT:USDT,115090.3,47.3217,115090.2,12.8287,115090.4,0.0005,115090.5,0.0001
1753455997688,15:06:37.688,BTC/USDT:USDT,115095.0,26.6784,115094.4,0.0973,115095.1,0.3772,115096.2,0.6006
1753455997788,15:06:37.788,BTC/USDT:USDT,115095.0,41.0304,115094.4,0.0983,115095.1,0.038,115096.2,0.6006
1753455997890,15:06:37.890,BTC/USDT:USDT,115097.0,3.8779,115096.2,0.9663,115097.3,1.1254,115098.2,0.031
1753455997989,15:06:37.989,BTC/USDT:USDT,115097.2,36.224,115097.1,10.856,115097.3,1.1254,115098.4,0.604
1753455998089,15:06:38.089,BTC/USDT:USDT,115097.2,50.1952,115097.1,0.0036,115097.3,1.1328,115098.4,0.604
1753455998189,15:06:38.189,BTC/USDT:USDT,115097.2,50.1972,115097.1,0.0036,115097.3,0.0074,115097.6,1.1254
1753455998290,15:06:38.290,BTC/USDT:USDT,115097.2,50.2262,115097.1,0.0016,115097.3,0.3521,115097.4,0.031
1753455998390,15:06:38.390,BTC/USDT:USDT,115097.2,52.8262,115097.1,0.0004,115097.3,1.4283,115097.6,1.1254
1753455998490,15:06:38.490,BTC/USDT:USDT,115097.2,52.8278,115097.1,0.0004,115097.3,2.4164,115097.6,1.1254
1753455998590,15:06:38.590,BTC/USDT:USDT,115097.2,53.7365,115097.1,0.0004,115097.3,2.4474,115097.6,1.1254
1753455998690,15:06:38.690,BTC/USDT:USDT,115097.2,53.7365,115097.1,0.0004,115097.3,2.4164,115097.6,1.1254
1753455998790,15:06:38.790,BTC/USDT:USDT,115097.2,53.7336,115097.1,0.0004,115097.3,2.3989,115097.6,1.1254
1753455998890,15:06:38.890,BTC/USDT:USDT,115097.2,53.7616,115097.1,0.0004,115097.3,4.9989,115097.6,1.1254
1753455998990,15:06:38.990,BTC/USDT:USDT,115097.2,53.7616,115097.1,0.0004,115097.3,0.684,115097.6,1.1254
1753455999092,15:06:39.092,BTC/USDT:USDT,115097.5,12.354,115097.3,2.2576,115097.6,1.1254,115098.4,0.6042
1753455999193,15:06:39.193,BTC/USDT:USDT,115097.5,51.9264,115097.4,0.8651,115097.6,1.1254,115099.7,0.8651
1753455999292,15:06:39.292,BTC/USDT:USDT,115097.5,51.9858,115097.4,7.1256,115097.6,0.0004,115101.0,0.0064
1753455999392,15:06:39.392,BTC/USDT:USDT,115100.9,23.5772,115098.0,0.5868,115101.0,0.005,115102.5,1.1253
1753455999492,15:06:39.492,BTC/USDT:USDT,115100.9,38.424,115100.8,0.0255,115101.0,0.005,115102.5,1.1253
1753455999593,15:06:39.593,BTC/USDT:USDT,115100.9,39.6277,115100.8,0.0255,115101.0,0.005,115103.9,0.0439
1753455999693,15:06:39.693,BTC/USDT:USDT,115107.0,0.5681,115106.7,0.6039,115113.4,0.6032,115115.9,3.4737
1753455999793,15:06:39.793,BTC/USDT:USDT,115117.4,6.9656,115115.8,2.86,115120.0,0.0001,115120.6,0.6008
1753455999893,15:06:39.893,BTC/USDT:USDT,115119.9,35.2026,115119.6,0.1698,115120.0,6.504,115120.6,0.6008
1753455999993,15:06:39.993,BTC/USDT:USDT,115119.9,44.8901,115119.3,0.1902,115120.0,8.6758,115120.6,0.6008
1753456000093,15:06:40.093,BTC/USDT:USDT,115119.9,44.8901,115119.3,0.1902,115120.0,8.6313,115120.6,0.6008
1753456000194,15:06:40.194,BTC/USDT:USDT,115119.9,47.4611,115119.3,0.1902,115120.0,8.6143,115120.6,0.6008
1753456000296,15:06:40.296,BTC/USDT:USDT,115119.9,47.4901,115119.3,0.1902,115120.0,8.6143,115120.6,0.6218
1753456000397,15:06:40.397,BTC/USDT:USDT,115119.9,47.4901,115119.3,0.1902,115120.0,8.6143,115120.5,0.021
1753456000497,15:06:40.497,BTC/USDT:USDT,115119.9,50.935,115119.3,0.1902,115120.0,5.1403,115120.6,0.626
1753456000598,15:06:40.598,BTC/USDT:USDT,115119.9,50.935,115119.3,0.1902,115120.0,5.1403,115120.5,0.021
1753456000698,15:06:40.698,BTC/USDT:USDT,115120.4,2.0896,115120.0,2.4292,115120.6,0.603,115124.0,0.021
1753456000799,15:06:40.799,BTC/USDT:USDT,115124.0,0.3474,115123.5,0.0973,115124.4,0.6018,115124.6,0.021
1753456000900,15:06:40.900,BTC/USDT:USDT,115125.5,1.6239,115125.0,0.1737,115129.2,0.6036,115134.2,0.6013
1753456001000,15:06:41.000,BTC/USDT:USDT,115129.4,1.8387,115129.3,11.3046,115129.6,1.1252,115134.4,6.649
1753456001100,15:06:41.100,BTC/USDT:USDT,115129.5,35.764,115129.4,0.0045,115129.6,1.1252,115134.4,4.3729
1753456001200,15:06:41.200,BTC/USDT:USDT,115129.5,38.4008,115129.4,0.002,115129.6,1.1256,115134.4,4.3729
1753456001300,15:06:41.300,BTC/USDT:USDT,115129.5,39.7008,115129.4,0.0191,115129.6,0.0004,115130.9,1.1252
1753456001401,15:06:41.401,BTC/USDT:USDT,115129.5,36.812,115129.3,0.002,115129.6,0.0004,115130.9,1.1252
1753456001500,15:06:41.500,BTC/USDT:USDT,115130.8,17.4274,115129.6,0.6353,115130.9,2.9341,115133.8,0.8651
1753456001600,15:06:41.600,BTC/USDT:USDT,115130.8,42.7452,115130.1,0.0191,115130.9,5.7078,115133.7,3.4732
1753456001700,15:06:41.700,BTC/USDT:USDT,115130.8,42.5736,115130.5,0.0191,115130.9,4.5826,115132.8,1.1251
1753456001800,15:06:41.800,BTC/USDT:USDT,115130.8,42.5736,115130.6,0.0191,115130.9,4.5826,115133.8,0.8651
1753456001900,15:06:41.900,BTC/USDT:USDT,115135.5,0.0266,115133.7,3.6785,115139.9,0.0008,115140.0,0.0001
1753456002001,15:06:42.001,BTC/USDT:USDT,115139.9,5.2936,115139.8,34.3821,115140.0,0.0001,115141.4,0.0024
1753456002102,15:06:42.102,BTC/USDT:USDT,115139.9,54.113,115139.8,14.7373,115140.0,0.0001,115141.4,0.0024
1753456002203,15:06:42.203,BTC/USDT:USDT,115141.3,27.7202,115140.0,1.6292,115141.4,0.0024,115141.8,0.1036
1753456002303,15:06:42.303,BTC/USDT:USDT,115141.3,52.597,115141.2,0.0191,115141.4,4.416,115141.7,0.034
1753456002403,15:06:42.403,BTC/USDT:USDT,115141.3,52.4043,115141.2,0.0191,115141.4,4.416,115141.7,0.034
1753456002503,15:06:42.503,BTC/USDT:USDT,115141.3,52.4043,115141.2,0.0191,115141.4,4.416,115141.7,0.034
1753456002603,15:06:42.603,BTC/USDT:USDT,115141.3,24.2374,115141.2,0.0191,115141.4,11.3624,115141.7,0.034
1753456002703,15:06:42.703,BTC/USDT:USDT,115141.3,1.2918,115140.6,0.002,115141.4,16.2555,115141.7,0.4653
1753456002803,15:06:42.803,BTC/USDT:USDT,115137.0,0.0191,115135.7,0.002,115140.6,3.7321,115140.7,4.892
1753456002903,15:06:42.903,BTC/USDT:USDT,115137.0,2.6,115135.7,0.002,115137.1,36.0357,115139.5,0.8861
1753456003003,15:06:43.003,BTC/USDT:USDT,115131.9,0.0191,115130.6,2.6057,115134.4,3.4712,115135.6,2.6034
1753456003103,15:06:43.103,BTC/USDT:USDT,115131.9,5.9117,115130.7,2.6057,115132.0,42.2643,115132.7,0.1902
1753456003203,15:06:43.203,BTC/USDT:USDT,115128.2,0.0191,115127.5,2.6077,115130.3,4.339,115130.7,0.1716
1753456003303,15:06:43.303,BTC/USDT:USDT,115128.2,7.212,115127.6,2.6057,115128.3,39.5952,115130.0,0.2112
1753456003404,15:06:43.404,BTC/USDT:USDT,115128.2,9.8206,115127.5,1.3,115128.3,50.6168,115130.4,12.6616
1753456003504,15:06:43.504,BTC/USDT:USDT,115128.2,9.8206,115127.5,1.3,115128.3,49.2599,115129.8,0.021
1753456003605,15:06:43.605,BTC/USDT:USDT,115122.9,0.002,115122.8,0.002,115127.6,0.1723,115127.9,0.233
1753456003706,15:06:43.706,BTC/USDT:USDT,115120.6,0.9578,115120.0,2.6059,115122.8,3.4712,115122.9,0.3477
1753456003805,15:06:43.805,BTC/USDT:USDT,115120.6,8.5124,115120.1,2.6059,115120.7,23.9188,115122.7,4.9064
1753456003906,15:06:43.906,BTC/USDT:USDT,115119.8,1.1249,115116.5,0.5868,115120.2,0.0007,115120.6,2.6123
1753456004007,15:06:44.007,BTC/USDT:USDT,115116.5,0.5868,115114.9,0.03,115117.2,3.4712,115117.7,0.1737
1753456004107,15:06:44.107,BTC/USDT:USDT,115116.5,5.9125,115114.8,0.03,115116.6,35.5299,115117.0,0.1902
1753456004207,15:06:44.207,BTC/USDT:USDT,115116.5,5.9157,115115.0,0.0491,115116.6,42.8526,115117.0,0.1902
1753456004309,15:06:44.309,BTC/USDT:USDT,115116.5,5.9157,115115.2,0.0491,115116.6,42.8526,115117.1,1.1253
1753456004409,15:06:44.409,BTC/USDT:USDT,115116.5,5.9157,115115.4,0.0491,115116.6,42.8526,115117.1,1.1253
1753456004509,15:06:44.509,BTC/USDT:USDT,115116.5,9.8207,115115.7,0.0491,115116.6,42.8522,115117.1,1.1253
1753456004609,15:06:44.609,BTC/USDT:USDT,115116.5,5.9147,115115.8,0.0491,115116.6,42.8522,115117.1,1.1253
1753456004709,15:06:44.709,BTC/USDT:USDT,115116.5,8.5207,115116.2,0.03,115116.6,42.8522,115117.1,1.1253
1753456004809,15:06:44.809,BTC/USDT:USDT,115116.5,9.8207,115116.3,0.03,115116.6,44.1522,115117.1,1.1253
1753456004910,15:06:44.910,BTC/USDT:USDT,115116.5,5.9147,115116.4,0.03,115116.6,44.1522,115117.1,1.1253
1753456005009,15:06:45.009,BTC/USDT:USDT,115116.5,5.9147,115116.4,0.03,115116.6,44.1522,115117.1,1.1253
1753456005109,15:06:45.109,BTC/USDT:USDT,115113.8,2.6061,115112.9,0.0341,115116.0,0.203,115116.5,3.7699
1753456005212,15:06:45.212,BTC/USDT:USDT,115112.7,0.0341,115111.6,0.002,115113.0,0.0007,115113.7,3.4712
1753456005312,15:06:45.312,BTC/USDT:USDT,115112.7,7.2317,115112.4,0.015,115112.8,24.0045,115112.9,6.0913
1753456005412,15:06:45.412,BTC/USDT:USDT,115112.7,9.8218,115112.6,0.0341,115112.8,30.8865,115112.9,0.0004
1753456005512,15:06:45.512,BTC/USDT:USDT,115112.7,9.8218,115112.6,0.0191,115112.8,32.042,115112.9,0.0004
1753456005612,15:06:45.612,BTC/USDT:USDT,115112.7,9.8559,115110.9,3.3293,115112.8,33.312,115112.9,0.0004
1753456005713,15:06:45.713,BTC/USDT:USDT,115112.7,8.5559,115110.7,0.5868,115112.8,33.312,115112.9,0.0004
1753456005814,15:06:45.814,BTC/USDT:USDT,115112.7,8.5218,115112.0,0.0191,115112.8,34.547,115112.9,0.0004
1753456005914,15:06:45.914,BTC/USDT:USDT,115112.7,9.8218,115112.2,0.0382,115112.8,34.5728,115112.9,0.0004
1753456006013,15:06:46.013,BTC/USDT:USDT,115112.7,9.8559,115110.8,3.0396,115112.8,33.2804,115112.9,0.0004
1753456006114,15:06:46.114,BTC/USDT:USDT,115112.7,9.8559,115110.9,3.0396,115112.8,33.1384,115112.9,0.0004
1753456006214,15:06:46.214,BTC/USDT:USDT,115112.7,9.8559,115110.9,0.002,115112.8,33.1384,115112.9,0.0004
1753456006317,15:06:46.317,BTC/USDT:USDT,115112.7,9.8559,115110.9,0.002,115112.8,33.1384,115112.9,0.0004
1753456006420,15:06:46.420,BTC/USDT:USDT,115112.7,12.8954,115110.9,0.002,115112.8,33.1384,115112.9,0.0004
1753456006519,15:06:46.519,BTC/USDT:USDT,115112.7,12.8954,115110.7,0.5868,115112.8,32.1776,115112.9,0.0004
1753456006624,15:06:46.624,BTC/USDT:USDT,115112.7,12.9145,115110.7,0.5868,115112.8,32.1776,115112.9,0.0004
1753456006728,15:06:46.728,BTC/USDT:USDT,115112.7,12.8954,115110.7,0.5868,115112.8,32.1776,115112.9,0.0004
1753456006827,15:06:46.827,BTC/USDT:USDT,115112.7,14.1954,115110.7,0.5868,115112.8,33.4776,115112.9,0.0004
1753456006928,15:06:46.928,BTC/USDT:USDT,115112.7,14.1954,115110.7,0.5868,115112.8,33.4776,115112.9,0.0004
1753456007028,15:06:47.028,BTC/USDT:USDT,115112.7,14.1954,115110.7,0.5868,115112.8,33.4776,115112.9,0.0004
1753456007130,15:06:47.130,BTC/USDT:USDT,115112.7,17.6476,115110.7,0.5868,115112.8,32.3471,115112.9,0.0004
1753456007231,15:06:47.231,BTC/USDT:USDT,115112.7,17.6517,115110.7,0.5868,115112.8,32.3471,115112.9,0.0004
1753456007332,15:06:47.332,BTC/USDT:USDT,115112.7,17.6558,115110.7,0.5868,115112.8,31.5053,115112.9,0.0004
1753456007434,15:06:47.434,BTC/USDT:USDT,115112.7,17.6517,115110.8,3.4738,115112.8,31.5053,115112.9,0.0004
1753456007535,15:06:47.535,BTC/USDT:USDT,115112.7,17.6367,115110.9,2.6965,115112.8,31.5052,115112.9,0.0004
1753456007635,15:06:47.635,BTC/USDT:USDT,115112.7,18.9476,115110.9,2.6985,115112.8,31.478,115112.9,0.0004
1753456007736,15:06:47.736,BTC/USDT:USDT,115112.7,18.9367,115111.0,3.4738,115112.8,31.478,115112.9,0.0004
1753456007836,15:06:47.836,BTC/USDT:USDT,115112.7,19.8917,115111.1,2.6971,115112.8,32.778,115112.9,0.0004
1753456007936,15:06:47.936,BTC/USDT:USDT,115112.7,19.8917,115111.1,2.6991,115112.8,29.3042,115112.9,0.0004
1753456008040,15:06:48.040,BTC/USDT:USDT,115112.7,15.0517,115111.2,0.002,115112.8,32.778,115112.9,0.0004
1753456008140,15:06:48.140,BTC/USDT:USDT,115112.7,15.0558,115111.2,0.002,115112.8,33.191,115112.9,0.0004
1753456008240,15:06:48.240,BTC/USDT:USDT,115112.7,15.0367,115111.2,0.002,115112.8,33.191,115112.9,0.0004
1753456008340,15:06:48.340,BTC/USDT:USDT,115112.7,15.0517,115111.2,0.002,115112.8,33.191,115112.9,0.0004
1753456008441,15:06:48.441,BTC/USDT:USDT,115112.7,15.0517,115111.2,0.002,115112.8,33.191,115112.9,0.0004
1753456008545,15:06:48.545,BTC/USDT:USDT,115112.7,15.0326,115111.2,0.002,115112.8,32.778,115112.9,0.0004
1753456008646,15:06:48.646,BTC/USDT:USDT,115112.7,15.1251,115111.2,0.002,115112.8,32.778,115112.9,0.0004
1753456008747,15:06:48.747,BTC/USDT:USDT,115112.7,15.121,115111.2,0.002,115112.8,32.778,115112.9,0.0004
1753456008856,15:06:48.856,BTC/USDT:USDT,115112.7,16.4401,115111.2,0.002,115112.8,32.619,115112.9,0.0004
1753456008958,15:06:48.958,BTC/USDT:USDT,115112.7,16.4251,115111.3,3.4738,115112.8,32.619,115112.9,0.0004
1753456009060,15:06:49.060,BTC/USDT:USDT,115112.7,16.4401,115111.4,2.437,115112.8,32.619,115112.9,0.0004
1753456009160,15:06:49.160,BTC/USDT:USDT,115112.7,17.721,115111.4,2.439,115112.8,32.2287,115112.9,0.0004
1753456009263,15:06:49.263,BTC/USDT:USDT,115112.7,17.7401,115111.4,2.439,115112.8,32.2287,115112.9,0.0004
1753456009363,15:06:49.363,BTC/USDT:USDT,115112.7,15.1401,115107.6,6.9478,115112.8,31.8934,115112.9,0.0004
