timestamp,time,symbol,bid1_price,bid1_volume,bid2_price,bid2_volume,ask1_price,ask1_volume,ask2_price,ask2_volume
1753455837524,15:03:57.524,BTC/USDT:USDT,115250.0,1.73538171,115240.0,0.26101624,115260.0,0.27,115270.0,0.04844
1753455837712,15:03:57.712,BTC/USDT:USDT,115250.0,1.73538171,115240.0,0.26101624,115260.0,0.27,115270.0,0.04844
1753455837713,15:03:57.713,BTC/USDT:USDT,115250.0,1.74828386,115240.0,0.26101624,115260.0,0.27,115280.0,0.7613701
1753455837713,15:03:57.713,BTC/USDT:USDT,115250.0,1.74828386,115240.0,0.26101624,115260.0,0.27,115280.0,0.7613701
1753455837909,15:03:57.909,BTC/USDT:USDT,115250.0,1.74828386,115240.0,0.26101624,115260.0,0.27,115280.0,0.7613701
1753455837910,15:03:57.910,BTC/USDT:USDT,115250.0,1.74828386,115240.0,0.26101624,115260.0,0.27,115280.0,0.8481027
1753455837910,15:03:57.910,BTC/USDT:USDT,115250.0,1.74828386,115240.0,0.26101624,115260.0,0.27,115280.0,0.8481027
1753455838108,15:03:58.108,BTC/USDT:USDT,115250.0,1.74828386,115240.0,0.26101624,115260.0,0.27,115280.0,0.8481027
1753455838108,15:03:58.108,BTC/USDT:USDT,115250.0,1.74828393,115240.0,0.26101624,115260.0,0.27,115280.0,0.84811
1753455838109,15:03:58.109,BTC/USDT:USDT,115250.0,1.74828393,115240.0,0.26101624,115260.0,0.27,115280.0,0.84811
1753455838414,15:03:58.414,BTC/USDT:USDT,115250.0,1.74828393,115240.0,0.26101624,115260.0,0.27,115280.0,0.84811
1753455838414,15:03:58.414,BTC/USDT:USDT,115250.0,1.74828651,115240.0,0.26101624,115260.0,0.27,115280.0,0.8481103
1753455838414,15:03:58.414,BTC/USDT:USDT,115250.0,1.74828651,115240.0,0.26101624,115260.0,0.27,115280.0,0.8481103
1753455838606,15:03:58.606,BTC/USDT:USDT,115250.0,1.74728651,115240.0,0.26101624,115260.0,0.27,115280.0,0.8481103
1753455838606,15:03:58.606,BTC/USDT:USDT,115250.0,1.74728651,115240.0,0.26101624,115260.0,0.265,115280.0,0.8481103
1753455838607,15:03:58.607,BTC/USDT:USDT,115250.0,1.74728651,115240.0,0.26101624,115260.0,0.265,115280.0,0.8481103
1753455838819,15:03:58.819,BTC/USDT:USDT,115250.0,1.74728651,115240.0,0.26101624,115260.0,0.265,115280.0,0.8481103
1753455838820,15:03:58.820,BTC/USDT:USDT,115250.0,1.74628651,115240.0,0.26101624,115260.0,0.263,115270.0,0.1734749
1753455838820,15:03:58.820,BTC/USDT:USDT,115250.0,1.74628651,115240.0,0.26101624,115260.0,0.263,115270.0,0.1734749
1753455839118,15:03:59.118,BTC/USDT:USDT,115250.0,1.74628651,115240.0,0.26101624,115260.0,0.265,115270.0,0.1734749
1753455839322,15:03:59.322,BTC/USDT:USDT,115250.0,1.74628651,115240.0,0.26101624,115260.0,0.265,115270.0,0.1734749
1753455839324,15:03:59.324,BTC/USDT:USDT,115250.0,0.5568785,115240.0,0.26101624,115260.0,0.4869294,115270.0,0.3271409
1753455839324,15:03:59.324,BTC/USDT:USDT,115250.0,0.5568785,115240.0,0.26101624,115260.0,0.4869294,115270.0,0.3271409
1753455839614,15:03:59.614,BTC/USDT:USDT,115250.0,0.5568785,115240.0,0.26101624,115260.0,0.4869294,115270.0,0.3271409
1753455839615,15:03:59.615,BTC/USDT:USDT,115250.0,1.73298171,115240.0,0.26101624,115260.0,0.31344,115270.0,0.4572483
1753455839615,15:03:59.615,BTC/USDT:USDT,115250.0,1.73298171,115240.0,0.26101624,115260.0,0.31344,115270.0,0.4572483
1753455839615,15:03:59.615,BTC/USDT:USDT,115250.0,1.73298171,115240.0,0.26101624,115260.0,0.31344,115270.0,0.4572483
1753455839838,15:03:59.838,BTC/USDT:USDT,115250.0,1.73298171,115240.0,0.26101624,115260.0,0.31344,115270.0,0.4572483
1753455839839,15:03:59.839,BTC/USDT:USDT,115250.0,1.73298171,115240.0,0.26101624,115260.0,0.31344,115270.0,0.5006176
1753455839839,15:03:59.839,BTC/USDT:USDT,115250.0,1.73298171,115240.0,0.26101624,115260.0,0.31344,115270.0,0.5006176
1753455840026,15:04:00.026,BTC/USDT:USDT,115250.0,1.73298171,115240.0,0.26101624,115260.0,0.31344,115270.0,0.5006176
1753455840026,15:04:00.026,BTC/USDT:USDT,115250.0,1.73298171,115240.0,0.26101624,115260.0,0.31344,115270.0,0.5439877
1753455840211,15:04:00.211,BTC/USDT:USDT,115250.0,1.73298171,115240.0,0.26101624,115260.0,0.31344,115270.0,0.5439877
1753455840211,15:04:00.211,BTC/USDT:USDT,115250.0,1.1986785,115240.0,0.79515945,115260.0,0.52788,115270.0,0.3035955
1753455840212,15:04:00.212,BTC/USDT:USDT,115250.0,1.1986785,115240.0,0.79515945,115260.0,0.52788,115270.0,0.3035955
1753455840428,15:04:00.428,BTC/USDT:USDT,115250.0,1.1986785,115240.0,0.79515945,115260.0,0.52788,115270.0,0.3035955
1753455840428,15:04:00.428,BTC/USDT:USDT,115250.0,1.1986785,115240.0,0.79515945,115260.0,0.31344,115270.0,0.5006254
1753455840428,15:04:00.428,BTC/USDT:USDT,115250.0,1.1986785,115240.0,0.79515945,115260.0,0.31344,115270.0,0.5006254
1753455840619,15:04:00.619,BTC/USDT:USDT,115250.0,1.1986785,115240.0,0.79515945,115260.0,0.31344,115270.0,0.5006254
1753455840619,15:04:00.619,BTC/USDT:USDT,115250.0,1.1986785,115240.0,0.79515945,115260.0,0.31344,115270.0,0.5006254
1753455840620,15:04:00.620,BTC/USDT:USDT,115250.0,1.1986785,115240.0,0.79515945,115260.0,0.31344,115270.0,0.5006254
1753455840825,15:04:00.825,BTC/USDT:USDT,115250.0,1.1986785,115240.0,0.79515945,115260.0,0.31344,115270.0,0.5006279
1753455841016,15:04:01.016,BTC/USDT:USDT,115250.0,1.1986785,115240.0,0.79515945,115260.0,0.31344,115270.0,0.5006279
1753455841016,15:04:01.016,BTC/USDT:USDT,115250.0,1.1986785,115240.0,0.79515945,115260.0,0.31344,115270.0,0.5006279
1753455841017,15:04:01.017,BTC/USDT:USDT,115250.0,1.1986785,115240.0,0.79515945,115260.0,0.31344,115270.0,0.5006279
1753455841322,15:04:01.322,BTC/USDT:USDT,115250.0,1.1986785,115240.0,0.79515945,115260.0,0.31344,115270.0,0.5006279
1753455841323,15:04:01.323,BTC/USDT:USDT,115250.0,1.1986785,115240.0,0.79515945,115260.0,0.31344,115270.0,0.5006279
1753455841324,15:04:01.324,BTC/USDT:USDT,115250.0,1.1986785,115240.0,0.79515945,115260.0,0.31344,115270.0,0.5006279
1753455841512,15:04:01.512,BTC/USDT:USDT,115250.0,1.1986785,115240.0,0.79515945,115260.0,0.31344,115270.0,0.5006279
1753455841756,15:04:01.756,BTC/USDT:USDT,115250.0,1.1986785,115240.0,0.79515945,115260.0,0.31344,115270.0,0.5006279
1753455841757,15:04:01.757,BTC/USDT:USDT,115250.0,0.5568785,115240.0,0.26101624,115260.0,0.6530294,115270.0,0.66425541
1753455841757,15:04:01.757,BTC/USDT:USDT,115250.0,0.5568785,115240.0,0.26101624,115260.0,0.6530294,115270.0,0.66425541
1753455841917,15:04:01.917,BTC/USDT:USDT,115250.0,0.5568785,115240.0,0.26101624,115260.0,0.6530294,115270.0,0.66425541
1753455841918,15:04:01.918,BTC/USDT:USDT,115250.0,0.9686785,115240.0,0.2299183,115260.0,0.7273294,115270.0,0.70762721
1753455841918,15:04:01.918,BTC/USDT:USDT,115250.0,0.9686785,115240.0,0.2299183,115260.0,0.7273294,115270.0,0.70762721
1753455842124,15:04:02.124,BTC/USDT:USDT,115250.0,0.9686785,115240.0,0.2299183,115260.0,0.7273294,115270.0,0.70762721
1753455842125,15:04:02.125,BTC/USDT:USDT,115250.0,0.9686785,115240.0,0.2299183,115260.0,0.7273294,115270.0,0.70762721
1753455842125,15:04:02.125,BTC/USDT:USDT,115250.0,0.9686785,115240.0,0.2299183,115260.0,0.7273294,115270.0,0.70762721
1753455842323,15:04:02.323,BTC/USDT:USDT,115250.0,0.9686785,115240.0,0.2299183,115260.0,0.7273294,115270.0,0.70762721
1753455842323,15:04:02.323,BTC/USDT:USDT,115250.0,0.9686785,115240.0,0.2299183,115260.0,0.7273294,115270.0,0.70762721
1753455842527,15:04:02.527,BTC/USDT:USDT,115250.0,0.9686785,115240.0,0.2299183,115260.0,0.7273294,115270.0,0.70762721
1753455842528,15:04:02.528,BTC/USDT:USDT,115250.0,0.9686785,115240.0,0.2299183,115260.0,0.7273294,115270.0,0.173484
1753455842711,15:04:02.711,BTC/USDT:USDT,115250.0,0.9686785,115240.0,0.2299183,115260.0,0.7273294,115270.0,0.173484
1753455842712,15:04:02.712,BTC/USDT:USDT,115250.0,1.2086785,115240.0,0.76406151,115260.0,0.55384,115270.0,0.2602284
1753455842712,15:04:02.712,BTC/USDT:USDT,115250.0,1.2086785,115240.0,0.76406151,115260.0,0.55384,115270.0,0.2602284
1753455842713,15:04:02.713,BTC/USDT:USDT,115250.0,1.2086785,115240.0,0.76406151,115260.0,0.55384,115270.0,0.2602284
1753455842713,15:04:02.713,BTC/USDT:USDT,115250.0,1.2086785,115240.0,0.76406151,115260.0,0.55384,115270.0,0.2602284
1753455842912,15:04:02.912,BTC/USDT:USDT,115250.0,1.2086785,115240.0,0.76406151,115260.0,0.55384,115270.0,0.2168566
1753455842913,15:04:02.913,BTC/USDT:USDT,115250.0,1.2086785,115240.0,0.76406151,115260.0,0.55384,115270.0,0.2168566
1753455842913,15:04:02.913,BTC/USDT:USDT,115250.0,1.2086785,115240.0,0.76406151,115260.0,0.55384,115270.0,0.2168566
1753455843117,15:04:03.117,BTC/USDT:USDT,115250.0,1.2086785,115240.0,0.76406151,115260.0,0.55384,115270.0,0.2168566
1753455843118,15:04:03.118,BTC/USDT:USDT,115250.0,1.2086785,115240.0,0.79515945,115260.0,0.55384,115270.0,0.2168566
1753455843118,15:04:03.118,BTC/USDT:USDT,115250.0,1.2086785,115240.0,0.79515945,115260.0,0.55384,115270.0,0.2168566
1753455843321,15:04:03.321,BTC/USDT:USDT,115250.0,1.2086785,115240.0,0.79515945,115260.0,0.55384,115270.0,0.2168566
1753455843322,15:04:03.322,BTC/USDT:USDT,115250.0,1.2086785,115240.0,0.79515945,115260.0,0.55384,115270.0,0.2602284
1753455843323,15:04:03.323,BTC/USDT:USDT,115250.0,1.2086785,115240.0,0.79515945,115260.0,0.55384,115270.0,0.2602284
1753455843522,15:04:03.522,BTC/USDT:USDT,115250.0,1.2086785,115240.0,0.79515945,115260.0,0.55384,115270.0,0.2602284
1753455843522,15:04:03.522,BTC/USDT:USDT,115250.0,1.2086785,115240.0,0.79515945,115260.0,0.55384,115270.0,0.2168566
1753455843523,15:04:03.523,BTC/USDT:USDT,115250.0,1.2086785,115240.0,0.79515945,115260.0,0.55384,115270.0,0.2168566
1753455843726,15:04:03.726,BTC/USDT:USDT,115250.0,1.2086785,115240.0,0.79515945,115260.0,0.55384,115270.0,0.2168566
1753455843727,15:04:03.727,BTC/USDT:USDT,115250.0,1.2086785,115240.0,0.79515945,115260.0,0.55384,115280.0,0.5902034
1753455843727,15:04:03.727,BTC/USDT:USDT,115250.0,1.2086785,115240.0,0.79515945,115260.0,0.55384,115280.0,0.5902034
1753455844024,15:04:04.024,BTC/USDT:USDT,115250.0,1.2086785,115240.0,0.79515945,115260.0,0.55384,115280.0,0.5902034
1753455844026,15:04:04.026,BTC/USDT:USDT,115250.0,1.91634971,115240.0,0.26101624,115260.0,0.31344,115270.0,0.1661
1753455844026,15:04:04.026,BTC/USDT:USDT,115250.0,1.91634971,115240.0,0.26101624,115260.0,0.31344,115270.0,0.1661
1753455844228,15:04:04.228,BTC/USDT:USDT,115250.0,1.91634971,115240.0,0.26101624,115260.0,0.31344,115270.0,0.1661
1753455844228,15:04:04.228,BTC/USDT:USDT,115250.0,1.74282171,115240.0,0.26101624,115260.0,0.31344,115270.0,0.3395759
1753455844228,15:04:04.228,BTC/USDT:USDT,115250.0,1.74282171,115240.0,0.26101624,115260.0,0.31344,115270.0,0.3395759
1753455844422,15:04:04.422,BTC/USDT:USDT,115250.0,1.74282171,115240.0,0.26101624,115260.0,0.31344,115270.0,0.3395759
1753455844423,15:04:04.423,BTC/USDT:USDT,115250.0,1.74282171,115240.0,0.26101624,115260.0,0.47954,115270.0,0.2602145
1753455844423,15:04:04.423,BTC/USDT:USDT,115250.0,1.74282171,115240.0,0.26101624,115260.0,0.47954,115270.0,0.2602145
1753455844641,15:04:04.641,BTC/USDT:USDT,115250.0,1.74282171,115240.0,0.26101624,115260.0,0.47954,115270.0,0.2602145
1753455844642,15:04:04.642,BTC/USDT:USDT,115250.0,1.74282171,115240.0,0.26101624,115260.0,0.47954,115270.0,0.2602145
1753455844642,15:04:04.642,BTC/USDT:USDT,115250.0,1.74282171,115240.0,0.26101624,115260.0,0.47954,115270.0,0.2602145
1753455844824,15:04:04.824,BTC/USDT:USDT,115250.0,1.74282171,115240.0,0.26101624,115260.0,0.47954,115270.0,0.2602145
1753455844825,15:04:04.825,BTC/USDT:USDT,115250.0,1.2086785,115240.0,0.26101624,115260.0,0.47954,115270.0,0.2602145
1753455844825,15:04:04.825,BTC/USDT:USDT,115250.0,1.2086785,115240.0,0.26101624,115260.0,0.47954,115270.0,0.2602145
1753455845132,15:04:05.132,BTC/USDT:USDT,115250.0,1.2086785,115240.0,0.26101624,115260.0,0.47954,115270.0,0.2602145
1753455845133,15:04:05.133,BTC/USDT:USDT,115250.0,1.2086785,115240.0,0.79515945,115260.0,0.47954,115270.0,0.2602157
1753455845431,15:04:05.431,BTC/USDT:USDT,115250.0,1.2086785,115240.0,0.79515945,115260.0,0.47954,115270.0,0.2602157
1753455845432,15:04:05.432,BTC/USDT:USDT,115250.0,1.2086785,115240.0,0.79515945,115260.0,0.47954,115270.0,0.2168452
1753455845433,15:04:05.433,BTC/USDT:USDT,115250.0,1.2086785,115240.0,0.79515945,115260.0,0.47954,115270.0,0.2168452
1753455845629,15:04:05.629,BTC/USDT:USDT,115250.0,1.2086785,115240.0,0.79515945,115260.0,0.47954,115270.0,0.2168452
1753455845630,15:04:05.630,BTC/USDT:USDT,115250.0,0.9583585,115240.0,0.26101624,115260.0,0.66925,115270.0,0.3035869
1753455845631,15:04:05.631,BTC/USDT:USDT,115250.0,0.9583585,115240.0,0.26101624,115260.0,0.66925,115270.0,0.3035869
1753455845631,15:04:05.631,BTC/USDT:USDT,115250.0,0.9583585,115240.0,0.26101624,115260.0,0.66925,115270.0,0.3035869
1753455845631,15:04:05.631,BTC/USDT:USDT,115250.0,0.9583585,115240.0,0.26101624,115260.0,0.66925,115270.0,0.3035869
1753455845927,15:04:05.927,BTC/USDT:USDT,115250.0,0.9583585,115240.0,0.26101624,115260.0,0.66925,115270.0,0.3035869
1753455845928,15:04:05.928,BTC/USDT:USDT,115250.0,0.3168785,115240.0,0.26101624,115260.0,0.8427394,115270.0,0.130111
1753455845928,15:04:05.928,BTC/USDT:USDT,115250.0,0.3168785,115240.0,0.26101624,115260.0,0.8427394,115270.0,0.130111
1753455846129,15:04:06.129,BTC/USDT:USDT,115250.0,0.3168785,115240.0,0.26101624,115260.0,0.8427394,115270.0,0.130111
1753455846130,15:04:06.130,BTC/USDT:USDT,115250.0,0.9583585,115240.0,0.26101624,115260.0,0.8427394,115270.0,0.70762601
1753455846130,15:04:06.130,BTC/USDT:USDT,115250.0,0.9583585,115240.0,0.26101624,115260.0,0.8427394,115270.0,0.70762601
1753455846425,15:04:06.425,BTC/USDT:USDT,115250.0,0.9683585,115240.0,0.26101624,115260.0,0.8427394,115270.0,0.70762601
1753455846426,15:04:06.426,BTC/USDT:USDT,115250.0,0.9683585,115240.0,0.2299183,115260.0,0.8427394,115270.0,0.70762601
1753455846426,15:04:06.426,BTC/USDT:USDT,115250.0,0.9683585,115240.0,0.2299183,115260.0,0.8427394,115270.0,0.70762601
1753455846814,15:04:06.814,BTC/USDT:USDT,115250.0,0.9683585,115240.0,0.2299183,115260.0,0.8427394,115270.0,0.70762601
1753455846815,15:04:06.815,BTC/USDT:USDT,115250.0,0.9683585,115240.0,0.2299183,115260.0,0.8427394,115270.0,0.66425421
1753455846815,15:04:06.815,BTC/USDT:USDT,115250.0,0.9683585,115240.0,0.2299183,115260.0,0.8427394,115270.0,0.66425421
1753455847126,15:04:07.126,BTC/USDT:USDT,115250.0,0.9683585,115240.0,0.2299183,115260.0,0.8427394,115270.0,0.66425421
1753455847127,15:04:07.127,BTC/USDT:USDT,115250.0,0.9683585,115240.0,0.2299183,115260.0,0.8427394,115270.0,0.66425421
1753455847127,15:04:07.127,BTC/USDT:USDT,115250.0,0.9683585,115240.0,0.2299183,115260.0,0.8427394,115270.0,0.66425421
1753455847429,15:04:07.429,BTC/USDT:USDT,115250.0,0.9683585,115240.0,0.2299183,115260.0,0.8427394,115270.0,0.66425421
1753455847430,15:04:07.430,BTC/USDT:USDT,115250.0,0.9683585,115240.0,0.2299183,115260.0,0.8427394,115270.0,0.70762601
1753455847430,15:04:07.430,BTC/USDT:USDT,115250.0,0.9683585,115240.0,0.2299183,115260.0,0.8427394,115270.0,0.70762601
1753455847638,15:04:07.638,BTC/USDT:USDT,115250.0,0.9683585,115240.0,0.2299183,115260.0,0.8427394,115270.0,0.70762601
1753455847639,15:04:07.639,BTC/USDT:USDT,115250.0,0.9683585,115240.0,0.2299183,115260.0,0.8427394,115270.0,0.70762601
1753455847930,15:04:07.930,BTC/USDT:USDT,115250.0,0.9683585,115240.0,0.2299183,115260.0,0.8427394,115270.0,0.70762601
1753455847931,15:04:07.931,BTC/USDT:USDT,115250.0,0.9683585,115240.0,0.2299183,115260.0,0.8427394,115270.0,0.70762601
1753455848114,15:04:08.114,BTC/USDT:USDT,115250.0,0.9683585,115240.0,0.2299183,115260.0,0.8427394,115270.0,0.70762601
1753455848115,15:04:08.115,BTC/USDT:USDT,115250.0,0.9683585,115240.0,0.26101624,115260.0,0.8427394,115270.0,0.70762601
1753455848115,15:04:08.115,BTC/USDT:USDT,115250.0,0.9683585,115240.0,0.26101624,115260.0,0.8427394,115270.0,0.70762601
1753455848320,15:04:08.320,BTC/USDT:USDT,115250.0,0.9683585,115240.0,0.26101624,115260.0,0.8427394,115270.0,0.70762601
1753455848320,15:04:08.320,BTC/USDT:USDT,115250.0,0.9683585,115240.0,0.26101624,115260.0,0.8427394,115270.0,0.70762601
1753455848321,15:04:08.321,BTC/USDT:USDT,115250.0,0.9683585,115240.0,0.26101624,115260.0,0.9170394,115270.0,0.70762601
1753455848521,15:04:08.521,BTC/USDT:USDT,115250.0,0.9683585,115240.0,0.26101624,115260.0,0.9170394,115270.0,0.70762601
1753455848522,15:04:08.522,BTC/USDT:USDT,115250.0,0.9683585,115240.0,0.26101624,115260.0,0.9170394,115270.0,0.1734828
1753455848522,15:04:08.522,BTC/USDT:USDT,115250.0,0.9683585,115240.0,0.26101624,115260.0,0.9170394,115270.0,0.1734828
1753455848830,15:04:08.830,BTC/USDT:USDT,115250.0,0.9683585,115240.0,0.26101624,115260.0,0.9170394,115270.0,0.1734828
1753455848831,15:04:08.831,BTC/USDT:USDT,115250.0,0.9683585,115240.0,0.26101624,115260.0,0.9170394,115270.0,0.130111
1753455848832,15:04:08.832,BTC/USDT:USDT,115250.0,0.9683585,115240.0,0.26101624,115260.0,0.9170394,115270.0,0.130111
1753455849126,15:04:09.126,BTC/USDT:USDT,115250.0,0.9683585,115240.0,0.26101624,115260.0,0.9170394,115270.0,0.130111
1753455849127,15:04:09.127,BTC/USDT:USDT,115250.0,0.9683585,115240.0,0.26101624,115260.0,0.9170394,115270.0,0.130111
1753455849127,15:04:09.127,BTC/USDT:USDT,115250.0,0.9683585,115240.0,0.26101624,115260.0,0.9170394,115270.0,0.130111
1753455849326,15:04:09.326,BTC/USDT:USDT,115250.0,0.9683585,115240.0,0.26101624,115260.0,0.9170394,115270.0,0.130111
1753455849327,15:04:09.327,BTC/USDT:USDT,115250.0,0.9683585,115240.0,0.26101624,115260.0,0.9170394,115270.0,0.130111
1753455849327,15:04:09.327,BTC/USDT:USDT,115250.0,0.9683585,115240.0,0.26101624,115260.0,0.9170394,115270.0,0.130111
1753455849627,15:04:09.627,BTC/USDT:USDT,115250.0,0.9683585,115240.0,0.26101624,115260.0,0.9170394,115270.0,0.130111
1753455849627,15:04:09.627,BTC/USDT:USDT,115250.0,0.9683585,115240.0,0.26101624,115260.0,0.9170394,115270.0,0.130111
1753455849627,15:04:09.627,BTC/USDT:USDT,115250.0,0.9683585,115240.0,0.26101624,115260.0,0.9170394,115270.0,0.130111
1753455849830,15:04:09.830,BTC/USDT:USDT,115250.0,1.2383585,115240.0,0.26101624,115260.0,0.9170394,115270.0,0.130111
1753455849830,15:04:09.830,BTC/USDT:USDT,115250.0,1.2383585,115240.0,0.26101624,115260.0,0.74355,115270.0,0.3035979
1753455849831,15:04:09.831,BTC/USDT:USDT,115250.0,1.2383585,115240.0,0.26101624,115260.0,0.74355,115270.0,0.3035979
1753455850023,15:04:10.023,BTC/USDT:USDT,115250.0,1.2383585,115240.0,0.79515945,115260.0,0.74355,115270.0,0.3035979
1753455850024,15:04:10.024,BTC/USDT:USDT,115250.0,1.2383585,115240.0,0.79515945,115260.0,0.74355,115270.0,0.2602267
1753455850024,15:04:10.024,BTC/USDT:USDT,115250.0,1.2383585,115240.0,0.79515945,115260.0,0.74355,115270.0,0.2602267
1753455850232,15:04:10.232,BTC/USDT:USDT,115250.0,1.2383585,115240.0,0.79515945,115260.0,0.74355,115270.0,0.2602267
1753455850233,15:04:10.233,BTC/USDT:USDT,115250.0,1.2383585,115240.0,0.79515945,115260.0,0.74355,115270.0,0.2168562
1753455850531,15:04:10.531,BTC/USDT:USDT,115250.0,1.2383585,115240.0,0.79515945,115260.0,0.74355,115270.0,0.2168562
1753455850532,15:04:10.532,BTC/USDT:USDT,115270.0,0.1734743,115260.0,0.1301102,115280.0,0.37844,115290.0,0.2404
1753455850532,15:04:10.532,BTC/USDT:USDT,115270.0,0.1734743,115260.0,0.1301102,115280.0,0.37844,115290.0,0.2404
1753455850823,15:04:10.823,BTC/USDT:USDT,115270.0,0.1734743,115260.0,0.1301102,115280.0,0.37844,115290.0,0.2404
1753455850824,15:04:10.824,BTC/USDT:USDT,115270.0,1.84139053,115260.0,0.03109794,115280.0,0.04661234,115290.0,0.04844
1753455850825,15:04:10.825,BTC/USDT:USDT,115270.0,1.84139053,115260.0,0.03109794,115280.0,0.04661234,115290.0,0.04844
1753455851052,15:04:11.052,BTC/USDT:USDT,115270.0,1.84139053,115260.0,0.03109794,115280.0,0.04661234,115290.0,0.04844
1753455851052,15:04:11.052,BTC/USDT:USDT,115270.0,1.88475773,115260.0,0.03109794,115280.0,0.04661234,115290.0,0.04844
1753455851053,15:04:11.053,BTC/USDT:USDT,115270.0,1.88475773,115260.0,0.03109794,115280.0,0.04661234,115290.0,0.04844
1753455851226,15:04:11.226,BTC/USDT:USDT,115270.0,1.88475773,115260.0,0.03109794,115280.0,0.04661234,115290.0,0.04844
1753455851227,15:04:11.227,BTC/USDT:USDT,115270.0,1.23068479,115260.0,0.03109794,115280.0,0.09505234,115300.0,0.4077299
1753455851228,15:04:11.228,BTC/USDT:USDT,115270.0,1.23068479,115260.0,0.03109794,115280.0,0.09505234,115300.0,0.4077299
1753455851422,15:04:11.422,BTC/USDT:USDT,115270.0,1.23068479,115260.0,0.03109794,115280.0,0.09505234,115300.0,0.4077299
1753455851423,15:04:11.423,BTC/USDT:USDT,115270.0,1.87180479,115260.0,0.03109794,115280.0,0.09505234,115290.0,0.0743
1753455851424,15:04:11.424,BTC/USDT:USDT,115270.0,1.87180479,115260.0,0.03109794,115280.0,0.09505234,115290.0,0.0743
1753455851622,15:04:11.622,BTC/USDT:USDT,115270.0,1.87180479,115260.0,0.03109794,115280.0,0.26115234,115290.0,0.0743
1753455851623,15:04:11.623,BTC/USDT:USDT,115270.0,1.87180479,115260.0,0.03109794,115280.0,0.26115234,115290.0,0.0743
1753455851923,15:04:11.923,BTC/USDT:USDT,115270.0,1.87180479,115250.0,0.48037372,115280.0,0.26115234,115290.0,0.0743
1753455851925,15:04:11.925,BTC/USDT:USDT,115270.0,1.87180479,115250.0,0.4337268,115280.0,0.26115234,115290.0,0.0743
1753455851925,15:04:11.925,BTC/USDT:USDT,115270.0,1.87180479,115250.0,0.4337268,115280.0,0.26115234,115290.0,0.0743
1753455852127,15:04:12.127,BTC/USDT:USDT,115270.0,1.87180479,115250.0,0.4337268,115280.0,0.26115234,115290.0,0.0743
1753455852128,15:04:12.128,BTC/USDT:USDT,115270.0,1.87280479,115250.0,0.4337268,115280.0,0.10005234,115290.0,0.24371
1753455852128,15:04:12.128,BTC/USDT:USDT,115270.0,1.87280479,115250.0,0.4337268,115280.0,0.10005234,115290.0,0.24371
1753455852322,15:04:12.322,BTC/USDT:USDT,115270.0,1.87280479,115250.0,0.4337268,115280.0,0.10005234,115290.0,0.24371
1753455852322,15:04:12.322,BTC/USDT:USDT,115270.0,1.87280479,115250.0,0.4337268,115280.0,0.10005234,115290.0,0.24371
1753455852323,15:04:12.323,BTC/USDT:USDT,115270.0,1.87280479,115250.0,0.4337268,115280.0,0.10005234,115290.0,0.24371
1753455852532,15:04:12.532,BTC/USDT:USDT,115270.0,1.87280479,115250.0,0.4337268,115280.0,0.10005234,115290.0,0.24371
1753455852533,15:04:12.533,BTC/USDT:USDT,115270.0,1.87280479,115250.0,0.4337268,115280.0,0.10005234,115290.0,0.24371
1753455852533,15:04:12.533,BTC/USDT:USDT,115270.0,1.87280479,115250.0,0.4337268,115280.0,0.10005234,115290.0,0.24371
1753455852727,15:04:12.727,BTC/USDT:USDT,115270.0,1.87280479,115250.0,0.4337268,115280.0,0.10005234,115290.0,0.24371
1753455852727,15:04:12.727,BTC/USDT:USDT,115270.0,1.87180479,115250.0,0.4337268,115280.0,0.10005234,115290.0,0.24371
1753455852727,15:04:12.727,BTC/USDT:USDT,115270.0,1.87180479,115250.0,0.4337268,115280.0,0.10005234,115290.0,0.24371
1753455853031,15:04:13.031,BTC/USDT:USDT,115270.0,1.87380479,115250.0,0.4337268,115280.0,0.10005234,115290.0,0.24371
1753455853032,15:04:13.032,BTC/USDT:USDT,115270.0,1.87380479,115250.0,0.4337268,115280.0,0.25844,115290.0,0.16941
1753455853227,15:04:13.227,BTC/USDT:USDT,115270.0,1.87680479,115250.0,0.4337268,115280.0,0.25844,115290.0,0.16941
1753455853227,15:04:13.227,BTC/USDT:USDT,115270.0,1.87680479,115250.0,0.4337268,115280.0,0.25844,115290.0,0.16941
1753455853227,15:04:13.227,BTC/USDT:USDT,115270.0,1.87680479,115250.0,0.4337268,115280.0,0.25844,115290.0,0.16941
1753455853530,15:04:13.530,BTC/USDT:USDT,115270.0,1.87680479,115250.0,0.4337268,115280.0,0.25844,115290.0,0.16941
1753455853531,15:04:13.531,BTC/USDT:USDT,115270.0,1.87680479,115250.0,0.4337268,115280.0,0.25844,115290.0,0.16941
1753455853531,15:04:13.531,BTC/USDT:USDT,115270.0,1.87680479,115250.0,0.4337268,115280.0,0.25844,115290.0,0.16941
1753455853725,15:04:13.725,BTC/USDT:USDT,115270.0,1.87680479,115250.0,0.4337268,115280.0,0.25844,115290.0,0.16941
1753455853725,15:04:13.725,BTC/USDT:USDT,115270.0,1.87680479,115250.0,0.4337268,115280.0,0.25844,115290.0,0.16941
1753455853725,15:04:13.725,BTC/USDT:USDT,115270.0,1.87680479,115250.0,0.4337268,115280.0,0.25844,115290.0,0.16941
1753455853933,15:04:13.933,BTC/USDT:USDT,115270.0,1.87680479,115250.0,0.4337268,115280.0,0.25844,115290.0,0.16941
1753455854126,15:04:14.126,BTC/USDT:USDT,115270.0,1.87680479,115250.0,0.4337268,115280.0,0.25844,115290.0,0.16941
1753455854126,15:04:14.126,BTC/USDT:USDT,115270.0,1.23568479,115250.0,0.4337268,115280.0,0.25844,115290.0,0.3862179
1753455854126,15:04:14.126,BTC/USDT:USDT,115270.0,1.23568479,115250.0,0.4337268,115280.0,0.25844,115290.0,0.3862179
1753455854320,15:04:14.320,BTC/USDT:USDT,115270.0,1.23568479,115250.0,0.4337268,115280.0,0.25844,115290.0,0.3862179
1753455854321,15:04:14.321,BTC/USDT:USDT,115270.0,0.9061257,115260.0,0.0433712,115280.0,0.6744693,115290.0,0.66423201
1753455854322,15:04:14.322,BTC/USDT:USDT,115270.0,0.9061257,115260.0,0.0433712,115280.0,0.6744693,115290.0,0.66423201
1753455854632,15:04:14.632,BTC/USDT:USDT,115270.0,0.9061257,115260.0,0.0433712,115280.0,0.6744693,115290.0,0.66423201
1753455854632,15:04:14.632,BTC/USDT:USDT,115270.0,0.005,115260.0,0.2602189,115280.0,1.20861251,115290.0,0.1734531
1753455854632,15:04:14.632,BTC/USDT:USDT,115270.0,0.005,115260.0,0.2602189,115280.0,1.20861251,115290.0,0.1734531
1753455854939,15:04:14.939,BTC/USDT:USDT,115270.0,0.005,115250.0,0.0433744,115280.0,1.20861251,115290.0,0.1734531
1753455854940,15:04:14.940,BTC/USDT:USDT,115270.0,0.64592,115250.0,0.2602418,115280.0,1.20861251,115290.0,0.1734531
1753455854940,15:04:14.940,BTC/USDT:USDT,115270.0,0.64592,115250.0,0.2602418,115280.0,1.51861251,115290.0,0.1734531
1753455855157,15:04:15.157,BTC/USDT:USDT,115270.0,0.64592,115250.0,0.2602418,115280.0,1.51861251,115290.0,0.1734531
1753455855157,15:04:15.157,BTC/USDT:USDT,115270.0,0.64588,115250.0,0.3036172,115280.0,1.51861251,115290.0,0.8143331
1753455855158,15:04:15.158,BTC/USDT:USDT,115270.0,0.64588,115250.0,0.3036172,115280.0,1.51861251,115290.0,0.8143331
1753455855376,15:04:15.376,BTC/USDT:USDT,115270.0,0.64588,115250.0,0.3036172,115280.0,1.51861251,115290.0,0.8143331
1753455855376,15:04:15.376,BTC/USDT:USDT,115270.0,0.005,115260.0,0.64088,115280.0,1.51861251,115290.0,0.8143331
1753455855377,15:04:15.377,BTC/USDT:USDT,115270.0,0.005,115260.0,0.64088,115280.0,1.51861251,115290.0,0.8143331
1753455855539,15:04:15.539,BTC/USDT:USDT,115270.0,0.005,115260.0,0.8577414,115280.0,1.51861251,115290.0,0.8143331
1753455855540,15:04:15.540,BTC/USDT:USDT,115270.0,0.005,115260.0,0.8577414,115280.0,1.22861251,115290.0,0.1734531
1753455855742,15:04:15.742,BTC/USDT:USDT,115270.0,0.005,115260.0,0.8577414,115280.0,1.22861251,115290.0,0.1734531
1753455855743,15:04:15.743,BTC/USDT:USDT,115270.0,0.005,115260.0,0.8577414,115280.0,1.57861251,115290.0,0.8142931
1753455855743,15:04:15.743,BTC/USDT:USDT,115270.0,0.005,115260.0,0.8577414,115280.0,1.57861251,115290.0,0.8142931
1753455855922,15:04:15.922,BTC/USDT:USDT,115270.0,0.005,115260.0,0.8577414,115280.0,1.57861251,115290.0,0.8142931
1753455855923,15:04:15.923,BTC/USDT:USDT,115270.0,0.005,115260.0,0.9011136,115280.0,1.57861251,115290.0,0.8142931
1753455855923,15:04:15.923,BTC/USDT:USDT,115270.0,0.005,115260.0,0.9011136,115280.0,1.20861251,115290.0,0.8142931
1753455856128,15:04:16.128,BTC/USDT:USDT,115270.0,0.005,115260.0,0.9011136,115280.0,1.20861251,115290.0,0.8142931
1753455856129,15:04:16.129,BTC/USDT:USDT,115270.0,0.005,115260.0,0.8577414,115280.0,1.20861251,115290.0,0.8142931
1753455856129,15:04:16.129,BTC/USDT:USDT,115270.0,0.005,115260.0,0.8577414,115280.0,1.57861251,115290.0,0.8142931
1753455856434,15:04:16.434,BTC/USDT:USDT,115270.0,0.005,115260.0,0.8577414,115280.0,1.57861251,115290.0,0.8142931
1753455856434,15:04:16.434,BTC/USDT:USDT,115270.0,0.005,115260.0,0.901113,115280.0,1.57861251,115290.0,0.8142931
1753455856435,15:04:16.435,BTC/USDT:USDT,115270.0,0.005,115260.0,0.901113,115280.0,1.57861251,115290.0,0.8142931
1753455857447,15:04:17.447,BTC/USDT:USDT,115270.0,0.005,115260.0,0.8577409,115280.0,1.57861251,115290.0,0.8142931
1753455857447,15:04:17.447,BTC/USDT:USDT,115270.0,0.005,115260.0,0.8577409,115280.0,1.57861251,115290.0,0.8142931
1753455857736,15:04:17.736,BTC/USDT:USDT,115270.0,0.005,115260.0,0.901113,115280.0,1.57861251,115290.0,0.8142931
1753455857736,15:04:17.736,BTC/USDT:USDT,115270.0,0.005,115260.0,0.901113,115280.0,1.57861251,115290.0,0.8142931
1753455858737,15:04:18.737,BTC/USDT:USDT,115270.0,0.005,115260.0,0.8577409,115280.0,1.57861251,115290.0,0.8142931
1753455858737,15:04:18.737,BTC/USDT:USDT,115270.0,0.005,115260.0,0.8577409,115280.0,1.57861251,115290.0,0.8142931
1753455858923,15:04:18.923,BTC/USDT:USDT,115270.0,0.005,115260.0,0.8577409,115280.0,1.57861251,115290.0,0.8142931
1753455858924,15:04:18.924,BTC/USDT:USDT,115270.0,1.06261751,115260.0,0.1734857,115280.0,0.50101,115290.0,0.0867245
1753455858924,15:04:18.924,BTC/USDT:USDT,115270.0,1.06261751,115260.0,0.1734857,115280.0,0.50101,115290.0,0.0867245
1753455858924,15:04:18.924,BTC/USDT:USDT,115270.0,1.06261751,115260.0,0.1734857,115280.0,0.50101,115290.0,0.0867245
1753455859124,15:04:19.124,BTC/USDT:USDT,115270.0,1.06261751,115260.0,0.1734857,115280.0,0.50101,115290.0,0.0867245
1753455859125,15:04:19.125,BTC/USDT:USDT,115270.0,0.5284743,115260.0,0.70762891,115280.0,0.6744692,115290.0,0.8140931
1753455859125,15:04:19.125,BTC/USDT:USDT,115270.0,0.5284743,115260.0,0.70762891,115280.0,0.6744692,115290.0,0.8140931
1753455859332,15:04:19.332,BTC/USDT:USDT,115270.0,0.5284743,115260.0,0.70762891,115280.0,0.6744692,115290.0,0.8140931
1753455859334,15:04:19.334,BTC/USDT:USDT,115270.0,0.005,115260.0,0.2168532,115280.0,1.20861241,115290.0,0.8140931
1753455859335,15:04:19.335,BTC/USDT:USDT,115270.0,0.005,115260.0,0.2168532,115280.0,1.20861241,115290.0,0.8140931
1753455859528,15:04:19.528,BTC/USDT:USDT,115270.0,0.005,115260.0,0.2168532,115280.0,1.20861241,115290.0,0.8140931
1753455859529,15:04:19.529,BTC/USDT:USDT,115270.0,0.1784743,115260.0,0.1301156,115280.0,1.20861241,115290.0,0.8140931
1753455859529,15:04:19.529,BTC/USDT:USDT,115270.0,0.1784743,115260.0,0.1301156,115280.0,1.20861241,115290.0,0.8140931
1753455859728,15:04:19.728,BTC/USDT:USDT,115270.0,0.005,115260.0,0.1301156,115280.0,1.20861241,115290.0,0.8140931
1753455859729,15:04:19.729,BTC/USDT:USDT,115270.0,0.005,115260.0,0.3035935,115280.0,1.20861241,115290.0,0.8140931
1753455859931,15:04:19.931,BTC/USDT:USDT,115270.0,0.1784743,115260.0,0.3035935,115280.0,1.20861241,115290.0,0.8140931
1753455859932,15:04:19.932,BTC/USDT:USDT,115270.0,0.1784743,115260.0,0.1734877,115280.0,1.20861241,115290.0,0.8140931
1753455859932,15:04:19.932,BTC/USDT:USDT,115270.0,0.1784743,115260.0,0.1734877,115280.0,1.20861241,115290.0,0.1734531
1753455860133,15:04:20.133,BTC/USDT:USDT,115270.0,0.1784743,115260.0,0.1734877,115280.0,1.20861241,115290.0,0.1734531
1753455860133,15:04:20.133,BTC/USDT:USDT,115270.0,0.1784743,115260.0,0.1734877,115280.0,1.20861241,115290.0,0.1734531
1753455860133,15:04:20.133,BTC/USDT:USDT,115270.0,0.1784743,115260.0,0.1734877,115280.0,1.84921241,115290.0,0.1734531
1753455860332,15:04:20.332,BTC/USDT:USDT,115270.0,0.1784743,115260.0,0.1301156,115280.0,1.84921241,115290.0,0.1734531
1753455860333,15:04:20.333,BTC/USDT:USDT,115270.0,0.1784743,115260.0,0.1301156,115280.0,1.3150692,115290.0,0.1734531
1753455860333,15:04:20.333,BTC/USDT:USDT,115270.0,0.1784743,115260.0,0.1301156,115280.0,1.3150692,115290.0,0.70759631
1753455860634,15:04:20.634,BTC/USDT:USDT,115270.0,0.1784743,115260.0,0.1734877,115280.0,1.3150692,115290.0,0.70759631
1753455860634,15:04:20.634,BTC/USDT:USDT,115270.0,0.1784743,115260.0,0.1734877,115280.0,1.3150692,115290.0,0.70759631
1753455861041,15:04:21.041,BTC/USDT:USDT,115270.0,0.1784743,115260.0,0.1734877,115280.0,0.6744692,115290.0,0.70759631
1753455861337,15:04:21.337,BTC/USDT:USDT,115270.0,0.1784743,115260.0,0.1734877,115280.0,0.6744692,115290.0,0.70759631
1753455861338,15:04:21.338,BTC/USDT:USDT,115270.0,0.1784743,115260.0,0.70763091,115280.0,1.3149893,115290.0,0.1300888
1753455861525,15:04:21.525,BTC/USDT:USDT,115270.0,0.1784743,115260.0,0.70763091,115280.0,0.6744693,115290.0,0.1300888
1753455861526,15:04:21.526,BTC/USDT:USDT,115270.0,0.1784743,115260.0,0.70763091,115280.0,0.6744693,115290.0,0.1734531
1753455861526,15:04:21.526,BTC/USDT:USDT,115270.0,0.1784743,115260.0,0.70763091,115280.0,0.6744693,115290.0,0.1734531
1753455861932,15:04:21.932,BTC/USDT:USDT,115270.0,0.1784743,115260.0,0.70763091,115280.0,1.3149493,115290.0,0.1734531
1753455862237,15:04:22.237,BTC/USDT:USDT,115270.0,0.1784743,115260.0,0.70763091,115280.0,0.6744693,115290.0,0.1734531
1753455862536,15:04:22.536,BTC/USDT:USDT,115270.0,0.1784743,115260.0,0.70763091,115280.0,1.3149093,115290.0,0.1734531
1753455862835,15:04:22.835,BTC/USDT:USDT,115270.0,0.1784743,115260.0,0.70763091,115280.0,0.6744693,115290.0,0.1734531
1753455863044,15:04:23.044,BTC/USDT:USDT,115270.0,0.1784743,115260.0,0.70763091,115280.0,1.3149093,115290.0,0.1734531
1753455863632,15:04:23.632,BTC/USDT:USDT,115270.0,0.1784743,115260.0,0.70763091,115280.0,1.3149093,115290.0,0.1734531
1753455863633,15:04:23.633,BTC/USDT:USDT,115270.0,0.1784743,115260.0,0.70763091,115280.0,1.3149093,115290.0,0.1734531
1753455863834,15:04:23.834,BTC/USDT:USDT,115270.0,0.1784743,115260.0,0.70763091,115280.0,1.3149093,115290.0,0.1734531
1753455863834,15:04:23.834,BTC/USDT:USDT,115270.0,0.1784743,115260.0,0.70763091,115280.0,1.3149093,115290.0,0.1734531
1753455864040,15:04:24.040,BTC/USDT:USDT,115270.0,0.1784743,115260.0,0.70763091,115280.0,0.6744693,115290.0,0.1734531
1753455864239,15:04:24.239,BTC/USDT:USDT,115270.0,0.1784743,115260.0,0.70763091,115280.0,1.3148293,115290.0,0.1734531
1753455864531,15:04:24.531,BTC/USDT:USDT,115270.0,0.1784743,115260.0,0.70763091,115280.0,1.3148293,115290.0,0.1734531
1753455864532,15:04:24.532,BTC/USDT:USDT,115270.0,0.005,115260.0,0.3035922,115280.0,1.6648293,115290.0,0.70759631
1753455864533,15:04:24.533,BTC/USDT:USDT,115270.0,0.005,115260.0,0.3035922,115280.0,1.6648293,115290.0,0.70759631
1753455864837,15:04:24.837,BTC/USDT:USDT,115270.0,0.005,115260.0,0.3035922,115280.0,1.6648293,115290.0,0.70759631
1753455864837,15:04:24.837,BTC/USDT:USDT,115270.0,0.005,115260.0,0.3035915,115280.0,2.15897251,115290.0,0.70759631
1753455864837,15:04:24.837,BTC/USDT:USDT,115270.0,0.005,115260.0,0.3035915,115280.0,2.15897251,115290.0,0.1734531
1753455865136,15:04:25.136,BTC/USDT:USDT,115270.0,0.005,115260.0,0.3035915,115280.0,2.15897251,115290.0,0.1734531
1753455865136,15:04:25.136,BTC/USDT:USDT,115270.0,0.005,115260.0,0.2602194,115280.0,2.15897251,115290.0,0.1734531
1753455865136,15:04:25.136,BTC/USDT:USDT,115270.0,0.005,115260.0,0.2602194,115280.0,2.15897251,115290.0,0.1734531
1753455865441,15:04:25.441,BTC/USDT:USDT,115270.0,0.005,115260.0,0.2602194,115280.0,2.15897251,115290.0,0.1734531
1753455865442,15:04:25.442,BTC/USDT:USDT,115270.0,0.005,115260.0,0.2602318,115280.0,2.15897251,115290.0,0.1734531
1753455865443,15:04:25.443,BTC/USDT:USDT,115270.0,0.005,115260.0,0.2602318,115280.0,2.15897251,115290.0,0.1734531
1753455865735,15:04:25.735,BTC/USDT:USDT,115270.0,0.005,115260.0,0.2602318,115280.0,2.15897251,115290.0,0.1734531
1753455865736,15:04:25.736,BTC/USDT:USDT,115270.0,0.005,115260.0,0.2602318,115280.0,2.15897251,115290.0,0.1734531
1753455866152,15:04:26.152,BTC/USDT:USDT,115270.0,0.005,115260.0,0.2602318,115280.0,2.15897251,115290.0,0.1734531
1753455866152,15:04:26.152,BTC/USDT:USDT,115270.0,0.005,115260.0,0.2602318,115280.0,2.15897251,115290.0,0.1734531
1753455866153,15:04:26.153,BTC/USDT:USDT,115270.0,0.005,115260.0,0.2602318,115280.0,2.15897251,115290.0,0.1734531
1753455866343,15:04:26.343,BTC/USDT:USDT,115270.0,0.005,115260.0,0.2602318,115280.0,2.15897251,115290.0,0.1734531
1753455866344,15:04:26.344,BTC/USDT:USDT,115270.0,0.005,115260.0,0.2602318,115280.0,2.15897251,115290.0,0.1734531
1753455866551,15:04:26.551,BTC/USDT:USDT,115270.0,0.005,115260.0,0.1734876,115280.0,2.15897251,115290.0,0.1734531
1753455866551,15:04:26.551,BTC/USDT:USDT,115270.0,0.005,115260.0,0.1734876,115280.0,2.15897251,115290.0,0.1734531
1753455866552,15:04:26.552,BTC/USDT:USDT,115270.0,0.005,115260.0,0.1734876,115280.0,2.15897251,115290.0,0.1734531
1753455866741,15:04:26.741,BTC/USDT:USDT,115260.0,0.1734876,115250.0,0.0867499,115280.0,2.15897251,115290.0,0.1734531
1753455866742,15:04:26.742,BTC/USDT:USDT,115250.0,0.2602416,115240.0,0.1743488,115260.0,0.4627093,115270.0,0.1301125
1753455866743,15:04:26.743,BTC/USDT:USDT,115250.0,0.2602416,115240.0,0.1743488,115260.0,0.4627093,115270.0,0.1301125
1753455866939,15:04:26.939,BTC/USDT:USDT,115240.0,0.1743488,115230.0,1.26463157,115260.0,0.4627093,115270.0,0.1301125
1753455866940,15:04:26.940,BTC/USDT:USDT,115240.0,0.29739994,115230.0,0.7148933,115260.0,0.4627093,115280.0,1.69450321
1753455866940,15:04:26.940,BTC/USDT:USDT,115240.0,0.29739994,115230.0,0.7148933,115250.0,0.4627243,115260.0,0.4627093
1753455866941,15:04:26.941,BTC/USDT:USDT,115240.0,0.29739994,115230.0,0.7148933,115250.0,0.4627243,115260.0,1.18089351
1753455866941,15:04:26.941,BTC/USDT:USDT,115240.0,0.29739994,115230.0,0.7148933,115250.0,0.4627243,115260.0,1.18089351
1753455867243,15:04:27.243,BTC/USDT:USDT,115240.0,0.29739994,115230.0,0.7148933,115250.0,0.4627243,115260.0,1.18089351
1753455867244,15:04:27.244,BTC/USDT:USDT,115240.0,0.24441522,115230.0,0.0867643,115250.0,2.18702751,115260.0,0.1735013
1753455867244,15:04:27.244,BTC/USDT:USDT,115240.0,0.24441522,115230.0,0.0867643,115250.0,2.18702751,115260.0,0.1735013
1753455867441,15:04:27.441,BTC/USDT:USDT,115240.0,0.24441522,115230.0,0.0867643,115250.0,2.18702751,115260.0,0.1735013
1753455867442,15:04:27.442,BTC/USDT:USDT,115240.0,0.07089582,115230.0,0.260286,115250.0,2.18702751,115260.0,0.1735013
1753455867442,15:04:27.442,BTC/USDT:USDT,115240.0,0.07089582,115230.0,0.260286,115250.0,2.18702751,115260.0,0.1735013
1753455867642,15:04:27.642,BTC/USDT:USDT,115230.0,0.260286,115220.0,0.09363301,115250.0,2.18702751,115260.0,0.1735013
1753455867643,15:04:27.643,BTC/USDT:USDT,115230.0,0.260286,115220.0,0.09363301,115240.0,0.4627394,115250.0,1.85443811
1753455867643,15:04:27.643,BTC/USDT:USDT,115230.0,0.260286,115220.0,0.09363301,115240.0,0.4627394,115250.0,1.85443811
1753455867844,15:04:27.844,BTC/USDT:USDT,115220.0,0.09363301,115210.0,1.22108837,115240.0,0.4627394,115250.0,1.85443811
1753455867845,15:04:27.845,BTC/USDT:USDT,115220.0,0.2047271,115210.0,0.13356596,115230.0,0.4627545,115240.0,1.17090851
1753455867845,15:04:27.845,BTC/USDT:USDT,115220.0,0.2047271,115210.0,0.13356596,115230.0,0.4627545,115240.0,1.17090851
1753455868134,15:04:28.134,BTC/USDT:USDT,115220.0,0.2047271,115210.0,0.13356596,115230.0,0.4627545,115240.0,1.17090851
1753455868135,15:04:28.135,BTC/USDT:USDT,115220.0,0.27499691,115210.0,0.1301719,115230.0,2.20701771,115240.0,0.1735313
1753455868135,15:04:28.135,BTC/USDT:USDT,115220.0,0.27499691,115210.0,0.1301719,115230.0,2.20701771,115240.0,0.1735313
1753455868333,15:04:28.333,BTC/USDT:USDT,115220.0,0.27499691,115210.0,0.1301719,115230.0,2.20701771,115240.0,0.1735313
1753455868333,15:04:28.333,BTC/USDT:USDT,115220.0,0.24381941,115210.0,0.161362,115230.0,2.20701771,115240.0,0.1735313
1753455868334,15:04:28.334,BTC/USDT:USDT,115220.0,0.24381941,115210.0,0.161362,115230.0,2.20701771,115240.0,0.1735313
1753455868536,15:04:28.536,BTC/USDT:USDT,115210.0,0.161362,115200.0,0.04685439,115230.0,2.20701771,115240.0,0.1735313
1753455868537,15:04:28.537,BTC/USDT:USDT,115210.0,0.34445196,115200.0,0.04685439,115220.0,0.1735496,115230.0,1.87442021
1753455868537,15:04:28.537,BTC/USDT:USDT,115210.0,0.34445196,115200.0,0.04685439,115220.0,0.1735496,115230.0,1.87442021
1753455868740,15:04:28.740,BTC/USDT:USDT,115210.0,0.34445196,115200.0,0.04685439,115220.0,0.1735496,115230.0,1.87442021
1753455868741,15:04:28.741,BTC/USDT:USDT,115210.0,0.31326186,115200.0,0.03125933,115220.0,0.6827696,115230.0,1.30442021
1753455868741,15:04:28.741,BTC/USDT:USDT,115210.0,0.31326186,115200.0,0.03125933,115220.0,0.6827696,115230.0,1.30442021
1753455868941,15:04:28.941,BTC/USDT:USDT,115210.0,0.31326186,115200.0,0.03125933,115220.0,0.6827696,115230.0,1.30442021
1753455868942,15:04:28.942,BTC/USDT:USDT,115210.0,0.31326186,115200.0,0.03125933,115220.0,1.0227696,115230.0,1.30442021
1753455869135,15:04:29.135,BTC/USDT:USDT,115210.0,0.31326186,115200.0,0.03125933,115220.0,1.0227696,115230.0,1.30442021
1753455869136,15:04:29.136,BTC/USDT:USDT,115210.0,0.31326186,115200.0,0.03125933,115220.0,1.0227696,115230.0,1.30442021
1753455869136,15:04:29.136,BTC/USDT:USDT,115210.0,0.31326186,115200.0,0.03125933,115220.0,1.0227696,115230.0,1.30442021
1753455869336,15:04:29.336,BTC/USDT:USDT,115210.0,0.31326186,115200.0,0.03125933,115220.0,1.0227696,115230.0,1.30442021
1753455869337,15:04:29.337,BTC/USDT:USDT,115210.0,0.31326186,115200.0,6.923e-05,115220.0,0.50922,115230.0,0.2169312
1753455869338,15:04:29.338,BTC/USDT:USDT,115210.0,0.31326186,115200.0,6.923e-05,115220.0,0.50922,115230.0,0.2169312
1753455869641,15:04:29.641,BTC/USDT:USDT,115210.0,0.31326186,115200.0,6.923e-05,115220.0,0.50922,115230.0,0.2169312
1753455869642,15:04:29.642,BTC/USDT:USDT,115210.0,0.31326186,115200.0,0.53421244,115220.0,1.3228096,115230.0,0.1301578
1753455869642,15:04:29.642,BTC/USDT:USDT,115210.0,0.31326186,115200.0,0.53421244,115220.0,1.3228096,115230.0,0.1301578
1753455869830,15:04:29.830,BTC/USDT:USDT,115210.0,0.31326186,115200.0,0.53421244,115220.0,1.3228096,115230.0,0.1301578
1753455869831,15:04:29.831,BTC/USDT:USDT,115210.0,0.31326186,115200.0,0.53421244,115220.0,1.6628096,115230.0,0.1301578
1753455869831,15:04:29.831,BTC/USDT:USDT,115210.0,0.31326186,115200.0,0.53421244,115220.0,1.6628096,115230.0,0.1301578
1753455870031,15:04:30.031,BTC/USDT:USDT,115210.0,0.31626186,115200.0,0.53421244,115220.0,1.6628096,115230.0,0.1301578
1753455870032,15:04:30.032,BTC/USDT:USDT,115210.0,0.31626186,115200.0,6.923e-05,115220.0,1.6638096,115230.0,0.1301578
1753455870032,15:04:30.032,BTC/USDT:USDT,115210.0,0.31626186,115200.0,6.923e-05,115220.0,1.6638096,115230.0,0.1301578
1753455870237,15:04:30.237,BTC/USDT:USDT,115210.0,0.31626186,115200.0,6.923e-05,115220.0,1.6638096,115230.0,0.1301578
1753455870238,15:04:30.238,BTC/USDT:USDT,115210.0,0.31626186,115200.0,6.923e-05,115220.0,1.49022,115230.0,0.2603198
1753455870238,15:04:30.238,BTC/USDT:USDT,115210.0,0.31626186,115200.0,6.923e-05,115220.0,1.49022,115230.0,0.2603198
1753455870437,15:04:30.437,BTC/USDT:USDT,115210.0,0.31626186,115200.0,6.923e-05,115220.0,1.49022,115230.0,0.2603198
1753455870437,15:04:30.437,BTC/USDT:USDT,115210.0,0.31626186,115200.0,6.923e-05,115220.0,1.49022,115230.0,0.3037066
1753455870438,15:04:30.438,BTC/USDT:USDT,115210.0,0.31626186,115200.0,6.923e-05,115220.0,1.49022,115230.0,0.3037066
1753455870635,15:04:30.635,BTC/USDT:USDT,115210.0,0.31626186,115200.0,6.923e-05,115220.0,1.6637696,115230.0,0.3037066
1753455870635,15:04:30.635,BTC/USDT:USDT,115210.0,0.31626186,115200.0,6.923e-05,115220.0,1.6637696,115230.0,0.1301578
1753455870953,15:04:30.953,BTC/USDT:USDT,115210.0,0.31626186,115200.0,6.923e-05,115220.0,1.6637696,115230.0,0.1301578
1753455871148,15:04:31.148,BTC/USDT:USDT,115210.0,0.31626186,115200.0,6.923e-05,115220.0,1.6637696,115230.0,0.1301578
1753455871148,15:04:31.148,BTC/USDT:USDT,115210.0,0.31626186,115200.0,6.923e-05,115220.0,1.6637696,115230.0,0.1301578
1753455871149,15:04:31.149,BTC/USDT:USDT,115210.0,0.31626186,115200.0,6.923e-05,115220.0,1.6637696,115230.0,0.1301578
1753455871342,15:04:31.342,BTC/USDT:USDT,115210.0,0.31626186,115200.0,6.923e-05,115220.0,1.6637696,115230.0,0.1301578
1753455871343,15:04:31.343,BTC/USDT:USDT,115210.0,0.31626186,115200.0,6.923e-05,115220.0,1.0237696,115230.0,0.1301578
1753455871343,15:04:31.343,BTC/USDT:USDT,115210.0,0.31626186,115200.0,6.923e-05,115220.0,1.0237696,115230.0,0.1301578
1753455871548,15:04:31.548,BTC/USDT:USDT,115210.0,0.31626186,115200.0,6.923e-05,115220.0,1.0237696,115230.0,0.1301578
1753455871548,15:04:31.548,BTC/USDT:USDT,115210.0,0.31626186,115200.0,6.923e-05,115220.0,1.6638496,115230.0,0.1301578
1753455871842,15:04:31.842,BTC/USDT:USDT,115210.0,0.31626186,115200.0,6.923e-05,115220.0,1.6638496,115230.0,0.1301578
1753455871843,15:04:31.843,BTC/USDT:USDT,115210.0,0.31626186,115200.0,6.923e-05,115220.0,1.0237696,115230.0,0.1301578
1753455871843,15:04:31.843,BTC/USDT:USDT,115210.0,0.31626186,115200.0,6.923e-05,115220.0,1.0237696,115230.0,0.1301578
1753455872041,15:04:32.041,BTC/USDT:USDT,115210.0,0.31626186,115200.0,6.923e-05,115220.0,1.6637696,115230.0,0.1301578
1753455872242,15:04:32.242,BTC/USDT:USDT,115210.0,0.31626186,115200.0,6.923e-05,115220.0,1.6637696,115230.0,0.1301578
1753455872242,15:04:32.242,BTC/USDT:USDT,115210.0,0.31626186,115200.0,6.923e-05,115220.0,1.49018,115230.0,0.2603174
1753455872243,15:04:32.243,BTC/USDT:USDT,115210.0,0.31626186,115200.0,6.923e-05,115220.0,1.49018,115230.0,0.2603174
1753455872446,15:04:32.446,BTC/USDT:USDT,115210.0,0.31626186,115200.0,6.923e-05,115220.0,1.49018,115230.0,0.2603174
1753455872446,15:04:32.446,BTC/USDT:USDT,115210.0,0.31626186,115200.0,6.923e-05,115220.0,1.49018,115230.0,0.2603174
1753455872446,15:04:32.446,BTC/USDT:USDT,115210.0,0.31626186,115200.0,6.923e-05,115220.0,1.49018,115230.0,0.2603174
1753455872741,15:04:32.741,BTC/USDT:USDT,115210.0,0.31626186,115200.0,6.923e-05,115220.0,1.49018,115230.0,0.2603174
1753455872742,15:04:32.742,BTC/USDT:USDT,115210.0,0.31626186,115200.0,0.53421244,115220.0,0.51022,115230.0,0.1735464
1753455872742,15:04:32.742,BTC/USDT:USDT,115210.0,0.31626186,115200.0,0.53421244,115220.0,0.51022,115230.0,0.1735464
1753455872945,15:04:32.945,BTC/USDT:USDT,115210.0,0.31626186,115200.0,0.53421244,115220.0,0.51022,115230.0,0.1735464
1753455872946,15:04:32.946,BTC/USDT:USDT,115210.0,0.91889638,115200.0,6.923e-05,115220.0,0.51022,115230.0,0.1735464
1753455872946,15:04:32.946,BTC/USDT:USDT,115210.0,0.91889638,115200.0,6.923e-05,115220.0,0.51022,115230.0,0.1735464
1753455872947,15:04:32.947,BTC/USDT:USDT,115210.0,0.91889638,115200.0,6.923e-05,115220.0,0.26765,115230.0,0.16941
1753455872948,15:04:32.948,BTC/USDT:USDT,115210.0,0.91889638,115200.0,6.923e-05,115220.0,0.26765,115230.0,0.16941
1753455873147,15:04:33.147,BTC/USDT:USDT,115210.0,0.91889638,115200.0,6.923e-05,115220.0,0.26765,115230.0,0.16941
1753455873148,15:04:33.148,BTC/USDT:USDT,115210.0,0.91889638,115200.0,6.923e-05,115220.0,0.43706,115230.0,0.8568404
1753455873148,15:04:33.148,BTC/USDT:USDT,115210.0,0.91889638,115200.0,6.923e-05,115220.0,0.43706,115230.0,0.8568404
1753455873344,15:04:33.344,BTC/USDT:USDT,115210.0,0.91889638,115200.0,6.923e-05,115220.0,0.43706,115230.0,0.8568404
1753455873346,15:04:33.346,BTC/USDT:USDT,115210.0,0.38475317,115200.0,0.53421244,115220.0,0.6837696,115230.0,0.7266915
1753455873346,15:04:33.346,BTC/USDT:USDT,115210.0,0.38475317,115200.0,0.53421244,115220.0,0.6837696,115230.0,0.7266915
1753455873554,15:04:33.554,BTC/USDT:USDT,115210.0,0.38475317,115200.0,0.53421244,115220.0,0.6837696,115230.0,0.7266915
1753455873555,15:04:33.555,BTC/USDT:USDT,115210.0,0.38475317,115200.0,6.923e-05,115220.0,0.6837696,115230.0,1.30422151
1753455873555,15:04:33.555,BTC/USDT:USDT,115210.0,0.38475317,115200.0,6.923e-05,115220.0,0.6837696,115230.0,1.30422151
1753455873840,15:04:33.840,BTC/USDT:USDT,115210.0,0.38475317,115200.0,6.923e-05,115220.0,0.6837696,115230.0,1.30422151
1753455873841,15:04:33.841,BTC/USDT:USDT,115210.0,0.38675317,115200.0,6.923e-05,115220.0,0.6837696,115230.0,0.7700783
1753455873841,15:04:33.841,BTC/USDT:USDT,115210.0,0.38675317,115200.0,6.923e-05,115220.0,0.6837696,115230.0,0.7700783
1753455874053,15:04:34.053,BTC/USDT:USDT,115210.0,0.38675317,115200.0,6.923e-05,115220.0,0.6837696,115230.0,0.7700783
1753455874054,15:04:34.054,BTC/USDT:USDT,115210.0,0.38675317,115200.0,6.923e-05,115220.0,0.6837696,115230.0,0.7700783
1753455874242,15:04:34.242,BTC/USDT:USDT,115210.0,0.38675317,115200.0,6.923e-05,115220.0,0.6837696,115230.0,0.7700783
1753455874243,15:04:34.243,BTC/USDT:USDT,115210.0,0.38675317,115200.0,6.923e-05,115220.0,0.6837696,115230.0,0.7700783
1753455874243,15:04:34.243,BTC/USDT:USDT,115210.0,0.38675317,115200.0,6.923e-05,115220.0,0.6837696,115230.0,0.7700783
1753455874438,15:04:34.438,BTC/USDT:USDT,115210.0,0.38675317,115200.0,6.923e-05,115220.0,0.6837696,115230.0,0.7700783
1753455874439,15:04:34.439,BTC/USDT:USDT,115210.0,0.38675317,115200.0,6.923e-05,115220.0,0.6837696,115230.0,0.7700783
1753455874944,15:04:34.944,BTC/USDT:USDT,115210.0,0.38675317,115200.0,6.923e-05,115220.0,0.6837696,115230.0,0.7700783
1753455874945,15:04:34.945,BTC/USDT:USDT,115210.0,0.38675317,115200.0,6.923e-05,115220.0,0.6837696,115230.0,1.30422151
1753455874945,15:04:34.945,BTC/USDT:USDT,115210.0,0.38675317,115200.0,6.923e-05,115220.0,0.6837696,115230.0,1.30422151
1753455875163,15:04:35.163,BTC/USDT:USDT,115210.0,0.38675317,115200.0,6.923e-05,115220.0,0.6837696,115230.0,1.30422151
1753455875164,15:04:35.164,BTC/USDT:USDT,115210.0,0.38675317,115200.0,6.923e-05,115220.0,0.6837696,115230.0,1.30422151
1753455875447,15:04:35.447,BTC/USDT:USDT,115210.0,0.38675317,115200.0,6.923e-05,115220.0,0.6837696,115230.0,1.30422151
1753455875448,15:04:35.448,BTC/USDT:USDT,115210.0,0.38675317,115200.0,6.923e-05,115220.0,0.6837696,115230.0,1.30422151
1753455875448,15:04:35.448,BTC/USDT:USDT,115210.0,0.38675317,115200.0,6.923e-05,115220.0,0.6837696,115230.0,1.30422151
1753455875645,15:04:35.645,BTC/USDT:USDT,115210.0,0.38675317,115200.0,6.923e-05,115220.0,0.6837696,115230.0,1.30422151
1753455875845,15:04:35.845,BTC/USDT:USDT,115210.0,0.38675317,115200.0,6.923e-05,115220.0,0.6837696,115230.0,1.30422151
1753455875845,15:04:35.845,BTC/USDT:USDT,115210.0,0.38675317,115200.0,6.923e-05,115220.0,0.6837696,115230.0,1.30422151
1753455875846,15:04:35.846,BTC/USDT:USDT,115210.0,0.38675317,115200.0,6.923e-05,115220.0,0.6837696,115230.0,1.30422151
1753455876150,15:04:36.150,BTC/USDT:USDT,115210.0,0.38675317,115200.0,6.923e-05,115220.0,0.6837696,115230.0,0.7700783
1753455876151,15:04:36.151,BTC/USDT:USDT,115210.0,0.38675317,115200.0,6.923e-05,115220.0,0.6837696,115230.0,0.7700783
1753455876151,15:04:36.151,BTC/USDT:USDT,115210.0,0.38675317,115200.0,6.923e-05,115220.0,0.6837696,115230.0,0.7700783
1753455877146,15:04:37.146,BTC/USDT:USDT,115210.0,0.38675317,115200.0,6.923e-05,115220.0,0.6837696,115230.0,0.7700783
1753455877346,15:04:37.346,BTC/USDT:USDT,115210.0,0.38675317,115200.0,6.923e-05,115220.0,0.6837696,115230.0,0.7700783
1753455877347,15:04:37.347,BTC/USDT:USDT,115210.0,0.38675317,115200.0,6.923e-05,115220.0,0.6837696,115230.0,0.7700783
1753455877347,15:04:37.347,BTC/USDT:USDT,115210.0,0.38675317,115200.0,6.923e-05,115220.0,0.6837696,115230.0,0.7700783
1753455877647,15:04:37.647,BTC/USDT:USDT,115210.0,0.38675317,115200.0,6.923e-05,115220.0,0.6837696,115230.0,0.7700783
1753455877648,15:04:37.648,BTC/USDT:USDT,115210.0,0.38675317,115200.0,6.923e-05,115220.0,0.6837696,115230.0,0.7700783
1753455877648,15:04:37.648,BTC/USDT:USDT,115210.0,0.38675317,115200.0,6.923e-05,115220.0,0.6837696,115230.0,0.7700783
1753455878550,15:04:38.550,BTC/USDT:USDT,115210.0,0.38675317,115200.0,6.923e-05,115220.0,0.6837696,115230.0,0.7700783
1753455878551,15:04:38.551,BTC/USDT:USDT,115210.0,0.38675317,115200.0,6.923e-05,115220.0,0.6837696,115230.0,0.7700783
1753455878551,15:04:38.551,BTC/USDT:USDT,115210.0,0.38675317,115200.0,6.923e-05,115220.0,0.6837696,115230.0,0.7700783
1753455878841,15:04:38.841,BTC/USDT:USDT,115210.0,0.38675317,115200.0,6.923e-05,115220.0,0.6837696,115230.0,0.7700783
1753455878842,15:04:38.842,BTC/USDT:USDT,115210.0,0.38675317,115200.0,6.923e-05,115220.0,0.6837696,115230.0,0.7700783
1753455878842,15:04:38.842,BTC/USDT:USDT,115210.0,0.38675317,115200.0,6.923e-05,115220.0,0.6837696,115230.0,0.7700783
1753455879051,15:04:39.051,BTC/USDT:USDT,115210.0,0.38675317,115200.0,6.923e-05,115220.0,0.6837696,115230.0,0.7700783
1753455879052,15:04:39.052,BTC/USDT:USDT,115210.0,0.34336207,115200.0,0.04346303,115220.0,0.6837696,115230.0,1.30422151
1753455879052,15:04:39.052,BTC/USDT:USDT,115210.0,0.34336207,115200.0,0.04346303,115220.0,0.6837696,115230.0,1.30422151
1753455879350,15:04:39.350,BTC/USDT:USDT,115210.0,0.34336207,115200.0,0.04346303,115220.0,0.6837696,115230.0,1.30422151
1753455879351,15:04:39.351,BTC/USDT:USDT,115210.0,0.34336207,115200.0,0.04346303,115220.0,0.6837696,115230.0,1.30422151
1753455879644,15:04:39.644,BTC/USDT:USDT,115210.0,0.33382431,115200.0,0.04346303,115220.0,0.6837696,115230.0,1.30422151
1753455879852,15:04:39.852,BTC/USDT:USDT,115210.0,0.33382431,115200.0,0.04346303,115220.0,0.6837696,115230.0,1.30422151
1753455879852,15:04:39.852,BTC/USDT:USDT,115210.0,0.33382431,115200.0,0.04346303,115220.0,0.6837696,115230.0,1.34760841
1753455879853,15:04:39.853,BTC/USDT:USDT,115210.0,0.33382431,115200.0,0.04346303,115220.0,0.6837696,115230.0,1.34760841
1753455880150,15:04:40.150,BTC/USDT:USDT,115210.0,0.33382431,115200.0,0.04346303,115220.0,0.6837696,115230.0,1.34760841
1753455880150,15:04:40.150,BTC/USDT:USDT,115210.0,0.33382431,115200.0,0.04346303,115220.0,0.6837696,115230.0,1.34760841
1753455880353,15:04:40.353,BTC/USDT:USDT,115210.0,0.33382431,115200.0,0.04346303,115220.0,0.6837696,115230.0,1.34760841
1753455880354,15:04:40.354,BTC/USDT:USDT,115210.0,0.33382431,115200.0,0.04346303,115220.0,0.6837696,115230.0,0.8134652
1753455880354,15:04:40.354,BTC/USDT:USDT,115210.0,0.33382431,115200.0,0.04346303,115220.0,0.6837696,115230.0,0.8134652
1753455880551,15:04:40.551,BTC/USDT:USDT,115210.0,0.33382431,115200.0,0.04346303,115220.0,0.6837696,115230.0,0.8134652
1753455880552,15:04:40.552,BTC/USDT:USDT,115210.0,0.33382431,115200.0,0.04346303,115220.0,0.7897396,115230.0,0.66430151
1753455880552,15:04:40.552,BTC/USDT:USDT,115210.0,0.33382431,115200.0,0.04346303,115220.0,0.7897396,115230.0,0.66430151
1753455880746,15:04:40.746,BTC/USDT:USDT,115210.0,0.33382431,115200.0,0.04346303,115220.0,0.7897396,115230.0,0.66430151
1753455880747,15:04:40.747,BTC/USDT:USDT,115210.0,0.33382431,115200.0,0.04346303,115220.0,0.7897396,115230.0,0.66430151
1753455880747,15:04:40.747,BTC/USDT:USDT,115210.0,0.33382431,115200.0,0.04346303,115220.0,1.5102296,115230.0,0.66430151
1753455880947,15:04:40.947,BTC/USDT:USDT,115210.0,0.33382431,115200.0,0.04346303,115220.0,1.5102296,115230.0,0.66430151
1753455880947,15:04:40.947,BTC/USDT:USDT,115210.0,0.33382431,115200.0,0.04346303,115220.0,1.5102296,115230.0,0.66430151
1753455880947,15:04:40.947,BTC/USDT:USDT,115210.0,0.33382431,115200.0,0.04346303,115220.0,1.5102296,115230.0,0.66430151
1753455881351,15:04:41.351,BTC/USDT:USDT,115210.0,0.33382431,115200.0,0.04346303,115220.0,1.5102296,115230.0,0.66430151
1753455881352,15:04:41.352,BTC/USDT:USDT,115210.0,0.33382431,115200.0,0.04346303,115220.0,1.33668,115230.0,0.83784931
1753455881352,15:04:41.352,BTC/USDT:USDT,115210.0,0.33382431,115200.0,0.04346303,115220.0,1.33668,115230.0,0.83784931
1753455881548,15:04:41.548,BTC/USDT:USDT,115210.0,0.34330772,115200.0,0.04346303,115220.0,1.33668,115230.0,0.83784931
1753455881548,15:04:41.548,BTC/USDT:USDT,115210.0,0.34330772,115200.0,0.04346303,115220.0,1.5102298,115230.0,0.83784931
1753455881549,15:04:41.549,BTC/USDT:USDT,115210.0,0.34330772,115200.0,0.04346303,115220.0,1.5102298,115230.0,0.66430151
1753455881852,15:04:41.852,BTC/USDT:USDT,115210.0,0.34330772,115200.0,0.04346303,115220.0,1.5101898,115230.0,0.66430151
1753455882041,15:04:42.041,BTC/USDT:USDT,115210.0,0.34330772,115200.0,0.04346303,115220.0,1.5101898,115230.0,0.66430151
1753455882042,15:04:42.042,BTC/USDT:USDT,115210.0,0.34330772,115200.0,0.04346303,115220.0,1.33664,115230.0,0.3037055
1753455882042,15:04:42.042,BTC/USDT:USDT,115210.0,0.34330772,115200.0,0.04346303,115220.0,1.33664,115230.0,0.3037055
1753455882241,15:04:42.241,BTC/USDT:USDT,115210.0,0.34330772,115200.0,0.04346303,115220.0,1.33664,115230.0,0.3037055
1753455882242,15:04:42.242,BTC/USDT:USDT,115210.0,0.34330772,115200.0,0.04346303,115220.0,0.69712,115230.0,0.1301583
1753455882242,15:04:42.242,BTC/USDT:USDT,115210.0,0.34330772,115200.0,0.04346303,115220.0,0.69712,115230.0,0.1301583
1753455882449,15:04:42.449,BTC/USDT:USDT,115210.0,0.34330772,115200.0,0.04346303,115220.0,0.69712,115230.0,0.1301583
1753455882450,15:04:42.450,BTC/USDT:USDT,115210.0,0.34330772,115200.0,0.04346303,115220.0,1.33656,115230.0,0.3037075
1753455882450,15:04:42.450,BTC/USDT:USDT,115210.0,0.34330772,115200.0,0.04346303,115220.0,1.33656,115230.0,0.3037075
1753455882851,15:04:42.851,BTC/USDT:USDT,115210.0,0.34330772,115200.0,0.04346303,115220.0,1.33656,115230.0,0.3037075
1753455882852,15:04:42.852,BTC/USDT:USDT,115210.0,0.34330772,115200.0,0.04346303,115220.0,1.33656,115230.0,0.3037075
1753455882852,15:04:42.852,BTC/USDT:USDT,115210.0,0.34330772,115200.0,0.04346303,115220.0,1.33656,115230.0,0.3037075
1753455883052,15:04:43.052,BTC/USDT:USDT,115210.0,0.34330772,115200.0,0.04346303,115220.0,1.5101098,115230.0,0.3037075
1753455883052,15:04:43.052,BTC/USDT:USDT,115210.0,0.34330772,115200.0,0.04346303,115220.0,1.5101098,115230.0,0.1301583
1753455883253,15:04:43.253,BTC/USDT:USDT,115210.0,0.34330772,115200.0,0.04346303,115220.0,0.69712,115230.0,0.1301583
1753455883253,15:04:43.253,BTC/USDT:USDT,115210.0,0.34330772,115200.0,0.04346303,115220.0,0.69712,115230.0,0.173547
1753455883254,15:04:43.254,BTC/USDT:USDT,115210.0,0.34330772,115200.0,0.04346303,115220.0,0.69712,115230.0,0.173547
1753455883452,15:04:43.452,BTC/USDT:USDT,115210.0,0.34330772,115200.0,0.04346303,115220.0,0.69712,115230.0,0.173547
1753455883453,15:04:43.453,BTC/USDT:USDT,115210.0,0.34330772,115200.0,0.57760624,115220.0,0.69712,115230.0,0.2603173
1753455883453,15:04:43.453,BTC/USDT:USDT,115210.0,0.34330772,115200.0,0.57760624,115220.0,0.69712,115230.0,0.2603173
1753455883650,15:04:43.650,BTC/USDT:USDT,115210.0,0.34330772,115200.0,0.57760624,115220.0,0.69712,115230.0,0.2603173
1753455883650,15:04:43.650,BTC/USDT:USDT,115210.0,0.34330772,115200.0,0.57760624,115220.0,1.33652,115230.0,0.3037033
1753455883651,15:04:43.651,BTC/USDT:USDT,115210.0,0.34330772,115200.0,0.57760624,115220.0,1.33652,115230.0,0.3037033
1753455883850,15:04:43.850,BTC/USDT:USDT,115210.0,0.34330772,115200.0,0.57760624,115220.0,1.33652,115230.0,0.3037033
1753455883850,15:04:43.850,BTC/USDT:USDT,115210.0,0.34330772,115200.0,0.57760624,115220.0,1.33652,115230.0,0.3037033
1753455884049,15:04:44.049,BTC/USDT:USDT,115210.0,0.34330772,115200.0,0.57760624,115220.0,1.33652,115230.0,0.1301563
1753455884250,15:04:44.250,BTC/USDT:USDT,115210.0,0.34330772,115200.0,0.57760624,115220.0,1.33652,115230.0,0.1301563
1753455884250,15:04:44.250,BTC/USDT:USDT,115210.0,0.34330772,115200.0,0.57760624,115220.0,1.5100698,115230.0,0.1735432
1753455884251,15:04:44.251,BTC/USDT:USDT,115210.0,0.34330772,115200.0,0.57760624,115220.0,1.5100698,115230.0,0.1735432
1753455884554,15:04:44.554,BTC/USDT:USDT,115210.0,0.34330772,115200.0,0.57760624,115220.0,1.5100698,115230.0,0.1735432
1753455884555,15:04:44.555,BTC/USDT:USDT,115210.0,0.34330772,115200.0,0.57760624,115220.0,1.5100698,115230.0,0.1735432
1753455884755,15:04:44.755,BTC/USDT:USDT,115210.0,0.34330772,115200.0,0.57760624,115220.0,1.5100698,115230.0,0.1301563
1753455884755,15:04:44.755,BTC/USDT:USDT,115210.0,0.34330772,115200.0,0.57760624,115220.0,1.5100698,115230.0,0.1301563
1753455885054,15:04:45.054,BTC/USDT:USDT,115210.0,0.34330772,115200.0,0.57760624,115220.0,1.5100698,115230.0,0.1301563
1753455885055,15:04:45.055,BTC/USDT:USDT,115210.0,0.34330772,115200.0,0.57760624,115220.0,1.33652,115230.0,0.3037034
1753455885055,15:04:45.055,BTC/USDT:USDT,115210.0,0.34330772,115200.0,0.57760624,115220.0,1.33652,115230.0,0.3037034
1753455885358,15:04:45.358,BTC/USDT:USDT,115210.0,0.34330772,115200.0,0.57760624,115220.0,1.33652,115230.0,0.3037034
1753455885359,15:04:45.359,BTC/USDT:USDT,115210.0,0.34330772,115200.0,0.57760624,115220.0,1.33652,115230.0,0.3037034
1753455885359,15:04:45.359,BTC/USDT:USDT,115210.0,0.34330772,115200.0,0.57760624,115220.0,1.33652,115230.0,0.3037034
1753455885359,15:04:45.359,BTC/USDT:USDT,115210.0,0.34330772,115200.0,0.57760624,115220.0,1.33652,115230.0,0.3037034
1753455885359,15:04:45.359,BTC/USDT:USDT,115210.0,0.34330772,115200.0,0.57760624,115220.0,1.33652,115230.0,0.3037034
1753455885653,15:04:45.653,BTC/USDT:USDT,115210.0,0.34330772,115200.0,0.04346303,115220.0,1.33652,115230.0,0.3037034
1753455885653,15:04:45.653,BTC/USDT:USDT,115210.0,0.34330772,115200.0,0.04346303,115220.0,1.33652,115230.0,0.3037034
1753455885653,15:04:45.653,BTC/USDT:USDT,115210.0,0.34330772,115200.0,0.04346303,115220.0,0.69712,115230.0,0.3037034
1753455885856,15:04:45.856,BTC/USDT:USDT,115210.0,0.34330772,115200.0,0.04346303,115220.0,0.69712,115230.0,0.3037034
1753455885856,15:04:45.856,BTC/USDT:USDT,115210.0,0.34330772,115200.0,0.57760624,115220.0,1.33636,115230.0,0.3037034
1753455885857,15:04:45.857,BTC/USDT:USDT,115210.0,0.34330772,115200.0,0.57760624,115220.0,1.33636,115230.0,0.3037034
1753455886048,15:04:46.048,BTC/USDT:USDT,115210.0,0.34330772,115200.0,0.57760624,115220.0,1.33636,115230.0,0.3037034
1753455886049,15:04:46.049,BTC/USDT:USDT,115210.0,0.34330772,115200.0,0.57760624,115220.0,0.69712,115230.0,0.3037034
1753455886049,15:04:46.049,BTC/USDT:USDT,115210.0,0.34330772,115200.0,0.57760624,115220.0,0.69712,115230.0,0.3037034
1753455886245,15:04:46.245,BTC/USDT:USDT,115210.0,0.34330772,115200.0,0.57760624,115220.0,0.69712,115230.0,0.3037034
1753455886246,15:04:46.246,BTC/USDT:USDT,115210.0,0.34330772,115200.0,0.57760624,115220.0,0.69712,115230.0,0.3037034
1753455886247,15:04:46.247,BTC/USDT:USDT,115210.0,0.34330772,115200.0,0.57760624,115220.0,0.69712,115230.0,0.3037034
1753455886446,15:04:46.446,BTC/USDT:USDT,115210.0,0.34330772,115200.0,0.57760624,115220.0,0.69712,115230.0,0.3037034
1753455886446,15:04:46.446,BTC/USDT:USDT,115210.0,0.87745093,115200.0,0.04346303,115220.0,0.69712,115240.0,0.6302947
1753455886447,15:04:46.447,BTC/USDT:USDT,115210.0,0.87745093,115200.0,0.04346303,115220.0,0.69712,115240.0,0.6302947
1753455886656,15:04:46.656,BTC/USDT:USDT,115210.0,0.87745093,115200.0,0.04346303,115220.0,0.69712,115240.0,0.6302947
1753455886657,15:04:46.657,BTC/USDT:USDT,115210.0,1.51665093,115200.0,0.04346303,115220.0,0.26765,115230.0,0.23422
1753455886657,15:04:46.657,BTC/USDT:USDT,115210.0,1.51665093,115200.0,0.04346303,115220.0,0.26765,115230.0,0.23422
1753455886848,15:04:46.848,BTC/USDT:USDT,115210.0,1.51665093,115200.0,0.04346303,115220.0,0.26765,115230.0,0.23422
1753455886849,15:04:46.849,BTC/USDT:USDT,115210.0,1.51665093,115200.0,0.04346303,115220.0,0.26765,115230.0,0.23422
1753455886849,15:04:46.849,BTC/USDT:USDT,115210.0,1.51665093,115200.0,0.04346303,115220.0,0.26765,115230.0,0.23422
1753455887056,15:04:47.056,BTC/USDT:USDT,115210.0,1.51665093,115200.0,0.04346303,115220.0,0.26765,115230.0,0.23422
1753455887058,15:04:47.058,BTC/USDT:USDT,115210.0,1.51665093,115200.0,0.04346303,115220.0,0.26765,115230.0,0.23422
1753455887257,15:04:47.257,BTC/USDT:USDT,115210.0,1.51665093,115200.0,0.04346303,115220.0,0.26765,115230.0,0.23422
1753455887257,15:04:47.257,BTC/USDT:USDT,115210.0,1.51665093,115200.0,0.04346303,115220.0,0.26765,115230.0,0.23422
1753455887454,15:04:47.454,BTC/USDT:USDT,115210.0,1.51665093,115200.0,0.04346303,115220.0,0.26765,115230.0,0.23422
1753455887455,15:04:47.455,BTC/USDT:USDT,115210.0,1.51665093,115200.0,0.04346303,115220.0,0.26765,115230.0,0.23422
1753455887455,15:04:47.455,BTC/USDT:USDT,115210.0,1.51665093,115200.0,0.04346303,115220.0,0.26765,115230.0,0.23422
1753455887660,15:04:47.660,BTC/USDT:USDT,115210.0,1.51665093,115200.0,0.04346303,115220.0,0.26765,115230.0,0.4511384
1753455887661,15:04:47.661,BTC/USDT:USDT,115210.0,1.51665093,115200.0,0.04346303,115220.0,0.26765,115230.0,0.4511384
1753455887661,15:04:47.661,BTC/USDT:USDT,115210.0,1.51665093,115200.0,0.04346303,115220.0,0.26765,115230.0,0.4511384
1753455887952,15:04:47.952,BTC/USDT:USDT,115210.0,1.51665093,115200.0,0.04346303,115220.0,0.26765,115230.0,0.4511384
1753455887952,15:04:47.952,BTC/USDT:USDT,115210.0,1.51665093,115200.0,0.04346303,115220.0,0.26765,115230.0,0.4077548
1753455887953,15:04:47.953,BTC/USDT:USDT,115210.0,1.51665093,115200.0,0.04346303,115220.0,0.26765,115230.0,0.4077548
1753455888157,15:04:48.157,BTC/USDT:USDT,115210.0,1.51665093,115200.0,0.04346303,115220.0,0.26765,115230.0,0.4077548
1753455888158,15:04:48.158,BTC/USDT:USDT,115210.0,1.51665093,115200.0,0.08685683,115220.0,0.26765,115230.0,0.4077548
1753455888158,15:04:48.158,BTC/USDT:USDT,115210.0,1.51665093,115200.0,0.08685683,115220.0,0.26765,115230.0,0.4077548
1753455888461,15:04:48.461,BTC/USDT:USDT,115210.0,1.51665093,115200.0,0.08685683,115220.0,0.26765,115230.0,0.4077548
1753455888462,15:04:48.462,BTC/USDT:USDT,115210.0,1.51665093,115200.0,0.08685683,115220.0,0.687,115230.0,0.3036899
1753455888462,15:04:48.462,BTC/USDT:USDT,115210.0,1.51665093,115200.0,0.08685683,115220.0,0.687,115230.0,0.3036899
1753455888655,15:04:48.655,BTC/USDT:USDT,115210.0,1.51665093,115200.0,0.08685683,115220.0,0.687,115230.0,0.3036899
1753455888655,15:04:48.655,BTC/USDT:USDT,115210.0,1.51665093,115200.0,0.08685683,115220.0,0.687,115230.0,0.3036899
1753455888655,15:04:48.655,BTC/USDT:USDT,115210.0,1.51665093,115200.0,0.08685683,115220.0,0.687,115230.0,0.3036899
1753455889059,15:04:49.059,BTC/USDT:USDT,115210.0,1.51665093,115200.0,0.08685683,115220.0,0.687,115230.0,0.3036899
1753455889060,15:04:49.060,BTC/USDT:USDT,115210.0,1.51665093,115200.0,0.08685683,115220.0,0.687,115230.0,0.3036899
1753455889358,15:04:49.358,BTC/USDT:USDT,115210.0,1.51665093,115200.0,0.08685683,115220.0,0.687,115230.0,0.3036899
1753455889359,15:04:49.359,BTC/USDT:USDT,115210.0,1.51665093,115200.0,0.08685683,115220.0,0.687,115230.0,0.3036899
1753455889359,15:04:49.359,BTC/USDT:USDT,115210.0,1.51665093,115200.0,0.08685683,115220.0,0.687,115230.0,0.3036899
1753455889559,15:04:49.559,BTC/USDT:USDT,115210.0,1.51665093,115200.0,0.08685683,115220.0,0.687,115230.0,0.3036899
1753455889561,15:04:49.561,BTC/USDT:USDT,115210.0,1.51665093,115200.0,0.08685683,115220.0,0.8605498,115230.0,0.1301551
1753455889759,15:04:49.759,BTC/USDT:USDT,115210.0,1.51665093,115200.0,0.08685683,115220.0,0.687,115230.0,0.1301551
1753455889760,15:04:49.760,BTC/USDT:USDT,115210.0,1.51665093,115200.0,0.08685683,115220.0,0.687,115230.0,0.3037018
1753455889959,15:04:49.959,BTC/USDT:USDT,115210.0,1.51665093,115200.0,0.08685683,115220.0,0.61867,115230.0,0.3037018
1753455890258,15:04:50.258,BTC/USDT:USDT,115210.0,1.51665093,115200.0,0.08685683,115220.0,0.61867,115230.0,0.3720318
1753455890558,15:04:50.558,BTC/USDT:USDT,115210.0,1.51665093,115200.0,0.08685683,115220.0,0.61867,115230.0,0.3720318
1753455890558,15:04:50.558,BTC/USDT:USDT,115210.0,1.51665093,115200.0,0.08685683,115220.0,0.7922198,115230.0,0.1301551
1753455890558,15:04:50.558,BTC/USDT:USDT,115210.0,1.51665093,115200.0,0.08685683,115220.0,0.7922198,115230.0,0.1301551
1753455890757,15:04:50.757,BTC/USDT:USDT,115210.0,1.51665093,115200.0,0.08685683,115220.0,0.8605498,115230.0,0.1301551
1753455890954,15:04:50.954,BTC/USDT:USDT,115210.0,1.51665093,115200.0,0.08685683,115220.0,0.8605498,115230.0,0.173542
1753455890955,15:04:50.955,BTC/USDT:USDT,115210.0,1.51665093,115200.0,0.08685683,115220.0,0.8605498,115230.0,0.173542
1753455890955,15:04:50.955,BTC/USDT:USDT,115210.0,1.51665093,115200.0,0.08685683,115220.0,0.8605498,115230.0,0.173542
1753455891264,15:04:51.264,BTC/USDT:USDT,115210.0,1.51665093,115200.0,0.08685683,115220.0,0.8605498,115230.0,0.173542
1753455891264,15:04:51.264,BTC/USDT:USDT,115210.0,0.98250772,115200.0,0.62100004,115220.0,0.8605498,115230.0,0.173542
1753455891265,15:04:51.265,BTC/USDT:USDT,115210.0,0.98250772,115200.0,0.62100004,115220.0,0.8605498,115230.0,0.173542
1753455891565,15:04:51.565,BTC/USDT:USDT,115210.0,0.98250772,115200.0,0.62100004,115220.0,0.8605498,115230.0,0.173542
1753455891566,15:04:51.566,BTC/USDT:USDT,115210.0,0.98250772,115200.0,0.62100004,115220.0,0.8605498,115230.0,0.173542
1753455891566,15:04:51.566,BTC/USDT:USDT,115210.0,0.98250772,115200.0,0.62100004,115220.0,0.8605498,115230.0,0.173542
1753455891857,15:04:51.857,BTC/USDT:USDT,115210.0,0.98250772,115200.0,0.62100004,115220.0,0.8605498,115230.0,0.173542
1753455891857,15:04:51.857,BTC/USDT:USDT,115210.0,0.98250772,115200.0,0.62100004,115220.0,0.8605498,115230.0,0.7690351
1753455891858,15:04:51.858,BTC/USDT:USDT,115210.0,0.98250772,115200.0,0.62100004,115220.0,0.8605498,115230.0,0.7690351
1753455892063,15:04:52.063,BTC/USDT:USDT,115210.0,0.98250772,115200.0,0.08685683,115220.0,0.8605498,115230.0,0.7690351
1753455892063,15:04:52.063,BTC/USDT:USDT,115210.0,0.98250772,115200.0,0.08685683,115220.0,0.8605498,115230.0,0.1301551
1753455892251,15:04:52.251,BTC/USDT:USDT,115210.0,0.98250772,115200.0,0.62100004,115220.0,0.8605498,115230.0,0.1301551
1753455892252,15:04:52.252,BTC/USDT:USDT,115210.0,0.98250772,115200.0,0.62100004,115220.0,0.8605498,115230.0,0.7689951
1753455892449,15:04:52.449,BTC/USDT:USDT,115210.0,0.98250772,115200.0,0.62100004,115220.0,0.687,115230.0,0.7689951
1753455892450,15:04:52.450,BTC/USDT:USDT,115210.0,0.98250772,115200.0,0.62100004,115220.0,0.687,115230.0,0.9425429
1753455892450,15:04:52.450,BTC/USDT:USDT,115210.0,0.98250772,115200.0,0.62100004,115220.0,0.687,115230.0,0.9425429
1753455892649,15:04:52.649,BTC/USDT:USDT,115210.0,0.98250772,115200.0,0.62100004,115220.0,0.687,115230.0,0.3037029
1753455892649,15:04:52.649,BTC/USDT:USDT,115210.0,0.98250772,115200.0,0.62100004,115220.0,0.687,115230.0,0.3037029
1753455892859,15:04:52.859,BTC/USDT:USDT,115210.0,0.98250772,115200.0,0.62100004,115220.0,0.687,115230.0,0.3037029
1753455892860,15:04:52.860,BTC/USDT:USDT,115210.0,0.98250772,115200.0,0.62100004,115220.0,0.687,115230.0,0.3037029
1753455892860,15:04:52.860,BTC/USDT:USDT,115210.0,0.98250772,115200.0,0.62100004,115220.0,0.687,115230.0,0.9425029
1753455893155,15:04:53.155,BTC/USDT:USDT,115210.0,0.98250772,115200.0,0.62100004,115220.0,0.687,115230.0,0.9425029
1753455893155,15:04:53.155,BTC/USDT:USDT,115210.0,0.98250772,115200.0,0.62100004,115220.0,0.687,115230.0,0.9425029
1753455893155,15:04:53.155,BTC/USDT:USDT,115210.0,0.98250772,115200.0,0.62100004,115220.0,0.687,115230.0,0.9425029
1753455893351,15:04:53.351,BTC/USDT:USDT,115210.0,0.98250772,115200.0,0.62100004,115220.0,0.687,115230.0,0.9425029
1753455893352,15:04:53.352,BTC/USDT:USDT,115210.0,0.98250772,115200.0,0.62100004,115220.0,0.8605498,115230.0,0.7689551
1753455893352,15:04:53.352,BTC/USDT:USDT,115210.0,0.98250772,115200.0,0.62100004,115220.0,0.8605498,115230.0,0.7689551
1753455893562,15:04:53.562,BTC/USDT:USDT,115210.0,0.98250772,115200.0,0.62100004,115220.0,0.8605498,115230.0,0.1301551
1753455893859,15:04:53.859,BTC/USDT:USDT,115210.0,0.98250772,115200.0,0.62100004,115220.0,0.8605498,115230.0,0.173542
1753455893859,15:04:53.859,BTC/USDT:USDT,115210.0,0.98250772,115200.0,0.62100004,115220.0,0.8605498,115230.0,0.173542
1753455894059,15:04:54.059,BTC/USDT:USDT,115210.0,0.98250772,115200.0,0.62100004,115220.0,0.8605498,115230.0,0.173542
1753455894060,15:04:54.060,BTC/USDT:USDT,115210.0,0.98250772,115200.0,0.08685683,115220.0,0.8605498,115230.0,1.34640521
1753455894061,15:04:54.061,BTC/USDT:USDT,115210.0,0.98250772,115200.0,0.08685683,115220.0,0.8605498,115230.0,1.34640521
1753455894357,15:04:54.357,BTC/USDT:USDT,115210.0,0.98250772,115200.0,0.08685683,115220.0,0.8605498,115230.0,1.34640521
1753455894359,15:04:54.359,BTC/USDT:USDT,115210.0,0.24705611,115200.0,0.81236503,115220.0,1.39469301,115230.0,0.812262
1753455894359,15:04:54.359,BTC/USDT:USDT,115210.0,0.24705611,115200.0,0.81236503,115220.0,1.39469301,115230.0,0.812262
1753455894561,15:04:54.561,BTC/USDT:USDT,115210.0,0.24705611,115200.0,0.81236503,115220.0,1.39469301,115230.0,0.812262
1753455894562,15:04:54.562,BTC/USDT:USDT,115210.0,0.07349131,115200.0,0.81236623,115220.0,1.39469301,115230.0,0.173542
1753455894563,15:04:54.563,BTC/USDT:USDT,115210.0,0.07349131,115200.0,0.81236623,115220.0,1.39469301,115230.0,0.173542
1753455894563,15:04:54.563,BTC/USDT:USDT,115210.0,0.07349131,115200.0,0.81236623,115220.0,1.39469301,115230.0,0.173542
1753455894564,15:04:54.564,BTC/USDT:USDT,115210.0,0.07349131,115200.0,0.81236623,115220.0,1.39469301,115230.0,0.173542
1753455894857,15:04:54.857,BTC/USDT:USDT,115210.0,0.07349131,115200.0,0.81236623,115220.0,1.39469301,115230.0,0.173542
1753455894858,15:04:54.858,BTC/USDT:USDT,115210.0,0.005,115200.0,0.94254853,115220.0,2.03337301,115230.0,0.173542
1753455895051,15:04:55.051,BTC/USDT:USDT,115210.0,0.005,115200.0,0.94254853,115220.0,2.03337301,115230.0,0.173542
1753455895052,15:04:55.052,BTC/USDT:USDT,115210.0,0.005,115200.0,0.30382853,115220.0,1.39469301,115230.0,0.173542
1753455895052,15:04:55.052,BTC/USDT:USDT,115210.0,0.005,115200.0,0.30382853,115220.0,1.39469301,115230.0,0.173542
1753455895272,15:04:55.272,BTC/USDT:USDT,115210.0,0.1785648,115200.0,0.30382853,115220.0,1.39469301,115230.0,0.173542
1753455895272,15:04:55.272,BTC/USDT:USDT,115210.0,0.1785648,115200.0,0.13025153,115220.0,1.39469301,115230.0,0.173542
1753455895272,15:04:55.272,BTC/USDT:USDT,115210.0,0.1785648,115200.0,0.13025153,115220.0,2.03333301,115230.0,0.173542
1753455895494,15:04:55.494,BTC/USDT:USDT,115210.0,0.1785648,115200.0,0.13025153,115220.0,2.03333301,115230.0,0.173542
1753455895495,15:04:55.495,BTC/USDT:USDT,115210.0,0.1785648,115200.0,0.17364603,115220.0,1.74469301,115230.0,0.173542
1753455895496,15:04:55.496,BTC/USDT:USDT,115210.0,0.1785648,115200.0,0.17364603,115220.0,1.74469301,115230.0,0.173542
1753455918365,15:05:18.365,BTC/USDT:USDT,115190.0,0.181595,115180.0,0.88917442,115200.0,0.8645798,115210.0,0.7674224
1753455918568,15:05:18.568,BTC/USDT:USDT,115190.0,0.181595,115180.0,0.88917442,115200.0,0.8645798,115210.0,0.7674224
1753455918568,15:05:18.568,BTC/USDT:USDT,115190.0,0.181595,115180.0,0.88917442,115200.0,0.8645798,115210.0,0.7674224
1753455918569,15:05:18.569,BTC/USDT:USDT,115190.0,0.181595,115180.0,0.88917442,115200.0,0.8645798,115210.0,0.7673024
1753455918768,15:05:18.768,BTC/USDT:USDT,115190.0,0.181595,115180.0,0.88917442,115200.0,0.8645798,115210.0,0.7673024
1753455918768,15:05:18.768,BTC/USDT:USDT,115190.0,0.181595,115180.0,0.88917442,115200.0,0.8645798,115210.0,0.7673024
1753455919073,15:05:19.073,BTC/USDT:USDT,115190.0,0.181595,115180.0,0.88917442,115200.0,0.8645798,115210.0,0.1301824
1753455919073,15:05:19.073,BTC/USDT:USDT,115190.0,0.181595,115180.0,0.88917442,115200.0,0.8645798,115210.0,0.1301824
1753455919073,15:05:19.073,BTC/USDT:USDT,115190.0,0.181595,115180.0,0.88917442,115200.0,0.8645798,115210.0,0.1301824
1753455919371,15:05:19.371,BTC/USDT:USDT,115190.0,0.181595,115180.0,0.88917442,115200.0,0.8645798,115210.0,0.1301824
1753455919372,15:05:19.372,BTC/USDT:USDT,115190.0,0.181595,115180.0,0.88917442,115200.0,0.8645798,115210.0,0.8106968
1753455919372,15:05:19.372,BTC/USDT:USDT,115190.0,0.181595,115180.0,0.88917442,115200.0,0.8645798,115210.0,0.8106968
1753455919564,15:05:19.564,BTC/USDT:USDT,115190.0,0.181595,115180.0,0.88917442,115200.0,0.8645798,115210.0,0.8106968
1753455919565,15:05:19.565,BTC/USDT:USDT,115190.0,0.181595,115180.0,0.88917442,115200.0,0.8645798,115210.0,0.8106968
1753455919565,15:05:19.565,BTC/USDT:USDT,115190.0,0.181595,115180.0,0.88917442,115200.0,0.8645798,115210.0,0.8106968
1753455919622,15:05:19.622,BTC/USDT:USDT,115190.0,0.181595,115180.0,0.88917442,115200.0,0.8645798,115210.0,0.8106968
1753455919623,15:05:19.623,BTC/USDT:USDT,115190.0,0.181595,115180.0,0.88917442,115200.0,0.8645798,115210.0,0.8106968
1753455919764,15:05:19.764,BTC/USDT:USDT,115190.0,0.181595,115180.0,0.88917442,115200.0,0.8645798,115210.0,0.8106968
1753455919765,15:05:19.765,BTC/USDT:USDT,115190.0,0.181595,115180.0,0.88917442,115200.0,0.8645798,115210.0,0.8106968
1753455919765,15:05:19.765,BTC/USDT:USDT,115190.0,0.181595,115180.0,0.88917442,115200.0,0.8645798,115210.0,0.8106968
1753455919970,15:05:19.970,BTC/USDT:USDT,115190.0,0.181595,115180.0,0.88917442,115200.0,0.8645798,115210.0,0.8106968
1753455919970,15:05:19.970,BTC/USDT:USDT,115190.0,0.181595,115180.0,0.88917442,115200.0,0.8645798,115210.0,0.7673024
1753455919971,15:05:19.971,BTC/USDT:USDT,115190.0,0.181595,115180.0,0.88917442,115200.0,0.8645798,115210.0,0.7673024
1753455920271,15:05:20.271,BTC/USDT:USDT,115190.0,0.181595,115180.0,0.88917442,115200.0,0.8645798,115210.0,0.1301824
1753455920466,15:05:20.466,BTC/USDT:USDT,115190.0,0.181595,115180.0,0.88917442,115200.0,0.8645798,115210.0,0.1301824
1753455920466,15:05:20.466,BTC/USDT:USDT,115190.0,0.181595,115180.0,0.88917442,115200.0,0.8645798,115210.0,0.7671824
1753455920774,15:05:20.774,BTC/USDT:USDT,115190.0,0.181595,115180.0,0.88917442,115200.0,0.8645798,115210.0,0.7671824
1753455920774,15:05:20.774,BTC/USDT:USDT,115190.0,0.181595,115180.0,0.84577252,115200.0,0.8645798,115210.0,0.8105768
1753455920774,15:05:20.774,BTC/USDT:USDT,115190.0,0.181595,115180.0,0.84577252,115200.0,0.8645798,115210.0,0.8105768
1753455921470,15:05:21.470,BTC/USDT:USDT,115190.0,0.181595,115180.0,0.84577252,115200.0,0.8645798,115210.0,0.8105768
1753455921680,15:05:21.680,BTC/USDT:USDT,115190.0,0.181595,115180.0,0.84577252,115200.0,0.8645798,115210.0,0.8105768
1753455921680,15:05:21.680,BTC/USDT:USDT,115190.0,0.181595,115180.0,0.84577252,115200.0,0.8645798,115210.0,0.8105768
1753455921681,15:05:21.681,BTC/USDT:USDT,115190.0,0.181595,115180.0,0.84577252,115200.0,0.8645798,115210.0,0.8105768
1753455922179,15:05:22.179,BTC/USDT:USDT,115190.0,0.181595,115180.0,0.84577252,115200.0,0.8645798,115210.0,0.8105768
1753455922180,15:05:22.180,BTC/USDT:USDT,115190.0,0.181595,115180.0,0.84577252,115200.0,0.8645798,115210.0,0.8105768
1753455922180,15:05:22.180,BTC/USDT:USDT,115190.0,0.181595,115180.0,0.84577252,115200.0,0.8645798,115210.0,0.8105768
1753455922766,15:05:22.766,BTC/USDT:USDT,115190.0,0.181595,115180.0,0.84577252,115200.0,0.8645798,115210.0,0.8105768
1753455922767,15:05:22.767,BTC/USDT:USDT,115190.0,0.008,115180.0,0.00933101,115200.0,0.8645798,115210.0,0.8105768
1753455922767,15:05:22.767,BTC/USDT:USDT,115190.0,0.008,115180.0,0.00933101,115200.0,0.8645798,115210.0,0.8105768
1753455922970,15:05:22.970,BTC/USDT:USDT,115180.0,0.00933101,115170.0,0.1736138,115200.0,0.8645798,115210.0,0.8105768
1753455922971,15:05:22.971,BTC/USDT:USDT,115170.0,0.8973042,115160.0,0.07460734,115180.0,0.5942999,115190.0,0.0868031
1753455922971,15:05:22.971,BTC/USDT:USDT,115170.0,0.8973042,115160.0,0.07460734,115180.0,0.5942999,115190.0,0.0868031
1753455923175,15:05:23.175,BTC/USDT:USDT,115170.0,0.8973042,115160.0,0.07460734,115180.0,0.5942999,115190.0,0.0868031
1753455923176,15:05:23.176,BTC/USDT:USDT,115170.0,0.8973042,115160.0,0.07460734,115180.0,0.5942999,115190.0,0.0868031
1753455923176,15:05:23.176,BTC/USDT:USDT,115170.0,0.8973042,115160.0,0.07460734,115180.0,0.8626099,115190.0,0.0868031
1753455923223,15:05:23.223,BTC/USDT:USDT,115170.0,0.8973042,115160.0,0.07460734,115180.0,0.8626099,115190.0,0.130205
1753455923223,15:05:23.223,BTC/USDT:USDT,115170.0,0.8973042,115160.0,0.07460734,115180.0,0.8626099,115190.0,0.130205
1753455923223,15:05:23.223,BTC/USDT:USDT,115170.0,0.8973042,115160.0,0.07460734,115180.0,0.8626099,115190.0,0.130205
1753455923371,15:05:23.371,BTC/USDT:USDT,115170.0,0.8973042,115160.0,0.07460734,115180.0,0.8626099,115190.0,0.130205
1753455923372,15:05:23.372,BTC/USDT:USDT,115170.0,0.96851119,115160.0,0.07460734,115180.0,0.8626099,115190.0,0.767085
1753455923372,15:05:23.372,BTC/USDT:USDT,115170.0,0.96851119,115160.0,0.07460734,115180.0,0.8626099,115190.0,0.767085
1753455923569,15:05:23.569,BTC/USDT:USDT,115170.0,0.96851119,115160.0,0.07460734,115180.0,0.8626099,115190.0,0.767085
1753455923569,15:05:23.569,BTC/USDT:USDT,115170.0,0.96851119,115160.0,0.07460734,115180.0,0.8626099,115190.0,0.767085
1753455923871,15:05:23.871,BTC/USDT:USDT,115170.0,0.96851119,115160.0,0.07460734,115180.0,0.8626099,115190.0,0.767085
1753455923872,15:05:23.872,BTC/USDT:USDT,115170.0,0.97780412,115160.0,0.0434083,115180.0,0.8626099,115190.0,0.767085
1753455923872,15:05:23.872,BTC/USDT:USDT,115170.0,0.97780412,115160.0,0.0434083,115180.0,0.8626099,115190.0,0.767085
1753455924072,15:05:24.072,BTC/USDT:USDT,115170.0,0.97780412,115160.0,0.0434083,115180.0,0.8626099,115190.0,0.767085
1753455924072,15:05:24.072,BTC/USDT:USDT,115170.0,0.97780412,115160.0,0.07460734,115180.0,0.8626099,115190.0,0.767085
1753455924072,15:05:24.072,BTC/USDT:USDT,115170.0,0.97780412,115160.0,0.07460734,115180.0,0.8626099,115190.0,0.767085
1753455924372,15:05:24.372,BTC/USDT:USDT,115170.0,0.97780412,115160.0,0.07460734,115180.0,0.8626099,115190.0,0.767085
1753455924373,15:05:24.373,BTC/USDT:USDT,115170.0,0.98580412,115160.0,0.0434083,115180.0,0.8636099,115190.0,0.767085
1753455924373,15:05:24.373,BTC/USDT:USDT,115170.0,0.98580412,115160.0,0.0434083,115180.0,0.8636099,115190.0,0.767085
1753455925174,15:05:25.174,BTC/USDT:USDT,115170.0,0.98580412,115160.0,0.0434083,115180.0,0.8636099,115190.0,0.767085
1753455925174,15:05:25.174,BTC/USDT:USDT,115170.0,0.98580412,115160.0,0.0434083,115180.0,0.8636099,115190.0,0.767085
1753455925174,15:05:25.174,BTC/USDT:USDT,115170.0,0.98580412,115160.0,0.0434083,115180.0,0.8636099,115190.0,0.767085
1753455925475,15:05:25.475,BTC/USDT:USDT,115170.0,0.98580412,115160.0,0.0434083,115180.0,0.8636099,115190.0,0.767085
1753455925676,15:05:25.676,BTC/USDT:USDT,115170.0,0.98580412,115160.0,0.0434083,115180.0,0.8636099,115190.0,0.767085
1753455925678,15:05:25.678,BTC/USDT:USDT,115170.0,0.99080412,115160.0,0.0434083,115180.0,0.8646099,115190.0,0.767085
1753455925680,15:05:25.680,BTC/USDT:USDT,115170.0,0.99080412,115160.0,0.0434083,115180.0,0.8646099,115190.0,0.767085
1753455925727,15:05:25.727,BTC/USDT:USDT,115170.0,0.99080412,115160.0,0.0434083,115180.0,0.8646099,115190.0,0.767085
1753455925728,15:05:25.728,BTC/USDT:USDT,115170.0,0.99080412,115160.0,0.0434083,115180.0,0.8646099,115190.0,0.767085
1753455925728,15:05:25.728,BTC/USDT:USDT,115170.0,0.99080412,115160.0,0.0434083,115180.0,0.8646099,115190.0,0.767085
1753455925973,15:05:25.973,BTC/USDT:USDT,115170.0,0.99080412,115160.0,0.0434083,115180.0,0.8646099,115190.0,0.767085
1753455925973,15:05:25.973,BTC/USDT:USDT,115170.0,1.02200412,115160.0,0.07460734,115180.0,0.691,115190.0,0.8537206
1753455925974,15:05:25.974,BTC/USDT:USDT,115170.0,1.02200412,115160.0,0.07460734,115180.0,0.691,115190.0,0.8537206
1753455926174,15:05:26.174,BTC/USDT:USDT,115170.0,1.02200412,115160.0,0.0434083,115180.0,0.691,115190.0,0.8537206
1753455926175,15:05:26.175,BTC/USDT:USDT,115170.0,1.02200412,115160.0,0.0434083,115180.0,0.691,115190.0,0.8971204
1753455926372,15:05:26.372,BTC/USDT:USDT,115170.0,1.02200412,115160.0,0.0434083,115180.0,0.691,115190.0,0.8971204
1753455926372,15:05:26.372,BTC/USDT:USDT,115170.0,1.02200412,115160.0,0.07460734,115180.0,0.691,115190.0,0.8971204
1753455926373,15:05:26.373,BTC/USDT:USDT,115170.0,1.02200412,115160.0,0.07460734,115180.0,0.691,115190.0,0.8971204
1753455926768,15:05:26.768,BTC/USDT:USDT,115170.0,1.02200412,115160.0,0.07460734,115180.0,0.691,115190.0,0.8971204
1753455926769,15:05:26.769,BTC/USDT:USDT,115170.0,1.01000412,115160.0,0.08660734,115180.0,0.8646099,115190.0,0.7669211
1753455926769,15:05:26.769,BTC/USDT:USDT,115170.0,1.01000412,115160.0,0.08660734,115180.0,0.8646099,115190.0,0.7669211
1753455927080,15:05:27.080,BTC/USDT:USDT,115170.0,1.01000412,115160.0,0.08660734,115180.0,0.8646099,115190.0,0.7669211
1753455927081,15:05:27.081,BTC/USDT:USDT,115170.0,0.99080412,115160.0,0.0434083,115180.0,0.8646099,115190.0,0.7669211
1753455927081,15:05:27.081,BTC/USDT:USDT,115170.0,0.99080412,115160.0,0.0434083,115180.0,0.8646099,115190.0,0.7669211
1753455927569,15:05:27.569,BTC/USDT:USDT,115170.0,0.99080412,115160.0,0.0434083,115180.0,0.8646099,115190.0,0.7669211
1753455927569,15:05:27.569,BTC/USDT:USDT,115170.0,0.99080412,115160.0,0.0434083,115180.0,0.8646099,115190.0,0.7669211
1753455927570,15:05:27.570,BTC/USDT:USDT,115170.0,0.99080412,115160.0,0.0434083,115180.0,0.8646099,115190.0,0.7669211
1753455927872,15:05:27.872,BTC/USDT:USDT,115170.0,0.99080412,115160.0,0.0434083,115180.0,0.8646099,115190.0,0.7669211
1753455927873,15:05:27.873,BTC/USDT:USDT,115170.0,0.99080412,115160.0,0.0434083,115180.0,0.8646099,115190.0,0.7669211
1753455927873,15:05:27.873,BTC/USDT:USDT,115170.0,0.99080412,115160.0,0.0434083,115180.0,0.8646099,115190.0,0.7669211
1753455928072,15:05:28.072,BTC/USDT:USDT,115170.0,0.99080412,115160.0,0.0434083,115180.0,0.8646099,115190.0,0.7669211
1753455928273,15:05:28.273,BTC/USDT:USDT,115170.0,0.99080412,115160.0,0.0434083,115180.0,0.8646099,115190.0,0.7669211
1753455928273,15:05:28.273,BTC/USDT:USDT,115170.0,0.99048412,115160.0,0.0434083,115180.0,0.8646099,115190.0,0.7669211
1753455928273,15:05:28.273,BTC/USDT:USDT,115170.0,0.99048412,115160.0,0.0434083,115180.0,0.8646099,115190.0,0.7669211
1753455928466,15:05:28.466,BTC/USDT:USDT,115170.0,0.99048412,115160.0,0.0434083,115180.0,0.8646099,115190.0,0.7669211
1753455928466,15:05:28.466,BTC/USDT:USDT,115170.0,0.99048412,115160.0,0.0434083,115180.0,0.8646099,115190.0,0.1302011
1753455928467,15:05:28.467,BTC/USDT:USDT,115170.0,0.99048412,115160.0,0.0434083,115180.0,0.8646099,115190.0,0.1302011
1753455928665,15:05:28.665,BTC/USDT:USDT,115170.0,0.99048412,115160.0,0.0434083,115180.0,0.8646099,115190.0,0.1302011
1753455928666,15:05:28.666,BTC/USDT:USDT,115170.0,0.99048412,115160.0,0.0434083,115180.0,0.8646099,115190.0,0.7667611
1753455928666,15:05:28.666,BTC/USDT:USDT,115170.0,0.99048412,115160.0,0.0434083,115180.0,0.8646099,115190.0,0.7667611
1753455928870,15:05:28.870,BTC/USDT:USDT,115170.0,0.99048412,115160.0,0.0434083,115180.0,0.8646099,115190.0,0.7667611
1753455928870,15:05:28.870,BTC/USDT:USDT,115170.0,0.99048412,115160.0,0.0434083,115180.0,0.8646099,115190.0,0.7667611
1753455929174,15:05:29.174,BTC/USDT:USDT,115170.0,0.99048412,115160.0,0.0434083,115180.0,0.8646099,115190.0,0.7667611
1753455929174,15:05:29.174,BTC/USDT:USDT,115170.0,0.99048412,115160.0,0.0434083,115180.0,0.8646099,115190.0,0.7667611
1753455929175,15:05:29.175,BTC/USDT:USDT,115170.0,0.99048412,115160.0,0.0434083,115180.0,0.8646099,115190.0,0.7667611
1753455929377,15:05:29.377,BTC/USDT:USDT,115170.0,0.99048412,115160.0,0.0434083,115180.0,0.8646099,115190.0,0.7667611
1753455929378,15:05:29.378,BTC/USDT:USDT,115170.0,0.99048412,115160.0,0.0434083,115180.0,0.8646099,115190.0,0.7667611
1753455929378,15:05:29.378,BTC/USDT:USDT,115170.0,0.99048412,115160.0,0.0434083,115180.0,0.8646099,115190.0,0.7667611
1753455929677,15:05:29.677,BTC/USDT:USDT,115170.0,0.99048412,115160.0,0.0434083,115180.0,0.8646099,115190.0,0.7667611
1753455929678,15:05:29.678,BTC/USDT:USDT,115170.0,0.99048412,115160.0,0.0434083,115180.0,0.8646099,115190.0,0.7667611
1753455929678,15:05:29.678,BTC/USDT:USDT,115170.0,0.99048412,115160.0,0.0434083,115180.0,0.8646099,115190.0,0.7667611
1753455930075,15:05:30.075,BTC/USDT:USDT,115170.0,0.99048412,115160.0,0.0434083,115180.0,0.8646099,115190.0,0.7667611
1753455930075,15:05:30.075,BTC/USDT:USDT,115170.0,0.99048412,115160.0,0.0434083,115180.0,0.8646099,115190.0,0.7667611
1753455930374,15:05:30.374,BTC/USDT:USDT,115170.0,0.99048412,115160.0,0.0434083,115180.0,0.8646099,115190.0,0.7667611
1753455930374,15:05:30.374,BTC/USDT:USDT,115170.0,1.00968412,115160.0,0.0554083,115180.0,0.691,115190.0,0.2170091
1753455930375,15:05:30.375,BTC/USDT:USDT,115170.0,1.00968412,115160.0,0.0554083,115180.0,0.691,115190.0,0.2170091
1753455930572,15:05:30.572,BTC/USDT:USDT,115170.0,1.00968412,115160.0,0.0554083,115180.0,0.691,115190.0,0.2170091
1753455930572,15:05:30.572,BTC/USDT:USDT,115170.0,0.38512412,115160.0,0.0434083,115180.0,0.27031,115190.0,0.23678
1753455930573,15:05:30.573,BTC/USDT:USDT,115170.0,0.38512412,115160.0,0.0434083,115180.0,0.27031,115190.0,0.23678
1753455930776,15:05:30.776,BTC/USDT:USDT,115170.0,0.38512412,115160.0,0.0434083,115180.0,0.27031,115190.0,0.23678
1753455930777,15:05:30.777,BTC/USDT:USDT,115190.0,0.1895948,115180.0,0.1302003,115200.0,0.38,115210.0,0.6797922
1753455930777,15:05:30.777,BTC/USDT:USDT,115190.0,0.1895948,115180.0,0.1302003,115200.0,0.38,115210.0,0.6797922
1753455930778,15:05:30.778,BTC/USDT:USDT,115190.0,0.1895948,115180.0,0.1302003,115200.0,0.37831,115210.0,0.23678
1753455930778,15:05:30.778,BTC/USDT:USDT,115190.0,0.1895948,115180.0,0.1302003,115200.0,0.37831,115210.0,0.23678
1753455930976,15:05:30.976,BTC/USDT:USDT,115190.0,0.1895948,115180.0,0.1302003,115200.0,0.37831,115210.0,0.23678
1753455930977,15:05:30.977,BTC/USDT:USDT,115190.0,0.8359948,115180.0,0.19277489,115200.0,0.26831,115210.0,0.23678
1753455930977,15:05:30.977,BTC/USDT:USDT,115190.0,0.8359948,115180.0,0.19277489,115200.0,0.26831,115210.0,0.23678
1753455931177,15:05:31.177,BTC/USDT:USDT,115190.0,0.8359948,115180.0,0.19277489,115200.0,0.26831,115210.0,0.23678
1753455931177,15:05:31.177,BTC/USDT:USDT,115190.0,0.8659948,115180.0,0.19277489,115200.0,0.26831,115210.0,0.23678
1753455931178,15:05:31.178,BTC/USDT:USDT,115190.0,0.8659948,115180.0,0.19277489,115200.0,0.26831,115210.0,0.23678
1753455931380,15:05:31.380,BTC/USDT:USDT,115190.0,0.8659948,115180.0,0.19277489,115200.0,0.26831,115210.0,0.23678
1753455931381,15:05:31.381,BTC/USDT:USDT,115190.0,0.8659948,115180.0,0.19277489,115200.0,0.22,115210.0,0.04831
1753455931579,15:05:31.579,BTC/USDT:USDT,115190.0,0.8659948,115180.0,0.19277489,115200.0,0.22,115210.0,0.04831
1753455931580,15:05:31.580,BTC/USDT:USDT,115190.0,0.8659948,115180.0,0.19277489,115200.0,0.22,115210.0,0.04831
1753455931580,15:05:31.580,BTC/USDT:USDT,115190.0,0.8659948,115180.0,0.19277489,115200.0,0.22,115210.0,0.04831
1753455931780,15:05:31.780,BTC/USDT:USDT,115190.0,0.8659948,115180.0,0.19277489,115200.0,0.22,115210.0,0.04831
1753455931780,15:05:31.780,BTC/USDT:USDT,115190.0,0.8659948,115180.0,0.19277489,115200.0,0.22,115210.0,0.04831
1753455931781,15:05:31.781,BTC/USDT:USDT,115190.0,0.8659948,115180.0,0.19277489,115200.0,0.22,115210.0,0.04831
1753455931982,15:05:31.982,BTC/USDT:USDT,115190.0,0.8659948,115180.0,0.19277489,115200.0,0.22,115210.0,0.04831
1753455931982,15:05:31.982,BTC/USDT:USDT,115190.0,0.8659948,115180.0,0.19277489,115200.0,0.22,115210.0,0.04831
1753455931983,15:05:31.983,BTC/USDT:USDT,115190.0,0.8659948,115180.0,0.19277489,115200.0,0.22,115210.0,0.04831
1753455932275,15:05:32.275,BTC/USDT:USDT,115190.0,0.8659948,115180.0,0.19277489,115200.0,0.22,115210.0,0.04831
1753455932276,15:05:32.276,BTC/USDT:USDT,115190.0,0.8659948,115180.0,0.19277489,115200.0,0.22,115210.0,0.04831
1753455932276,15:05:32.276,BTC/USDT:USDT,115190.0,0.8659948,115180.0,0.19277489,115200.0,0.22,115210.0,0.04831
1753455932479,15:05:32.479,BTC/USDT:USDT,115190.0,0.8659948,115180.0,0.19277489,115200.0,0.22,115210.0,0.04831
1753455932480,15:05:32.480,BTC/USDT:USDT,115190.0,1.0396108,115180.0,0.19277489,115200.0,0.1003077,115220.0,0.56019
1753455932480,15:05:32.480,BTC/USDT:USDT,115190.0,1.0396108,115180.0,0.19277489,115200.0,0.1003077,115220.0,0.56019
1753455932674,15:05:32.674,BTC/USDT:USDT,115190.0,1.0396108,115180.0,0.19277489,115200.0,0.1003077,115220.0,0.56019
1753455932675,15:05:32.675,BTC/USDT:USDT,115190.0,1.0436108,115180.0,0.22397393,115200.0,0.1013077,115220.0,0.56019
1753455932675,15:05:32.675,BTC/USDT:USDT,115190.0,1.0436108,115180.0,0.22397393,115200.0,0.1013077,115220.0,0.56019
1753455932877,15:05:32.877,BTC/USDT:USDT,115190.0,1.0436108,115180.0,0.22397393,115200.0,0.1013077,115220.0,0.56019
1753455932878,15:05:32.878,BTC/USDT:USDT,115190.0,1.0436108,115180.0,0.22397393,115200.0,0.1013077,115220.0,0.7337468
1753455932878,15:05:32.878,BTC/USDT:USDT,115190.0,1.0436108,115180.0,0.22397393,115200.0,0.1013077,115220.0,0.7337468
1753455933075,15:05:33.075,BTC/USDT:USDT,115190.0,1.0436108,115180.0,0.22397393,115200.0,0.1013077,115220.0,0.7337468
1753455933076,15:05:33.076,BTC/USDT:USDT,115190.0,1.0486108,115180.0,0.22397393,115200.0,0.1023077,115210.0,0.04831
1753455933076,15:05:33.076,BTC/USDT:USDT,115190.0,1.0486108,115180.0,0.22397393,115200.0,0.1023077,115210.0,0.04831
1753455933272,15:05:33.272,BTC/USDT:USDT,115190.0,1.0486108,115180.0,0.22397393,115200.0,0.1023077,115220.0,0.8037249
1753455933273,15:05:33.273,BTC/USDT:USDT,115190.0,1.0486108,115180.0,0.22397393,115200.0,0.1023077,115220.0,0.8471132
1753455933273,15:05:33.273,BTC/USDT:USDT,115190.0,1.0486108,115180.0,0.22397393,115200.0,0.1023077,115220.0,0.8471132
1753455933476,15:05:33.476,BTC/USDT:USDT,115190.0,1.0486108,115180.0,0.22397393,115200.0,0.1023077,115220.0,0.8471132
1753455933477,15:05:33.477,BTC/USDT:USDT,115190.0,0.8748348,115180.0,0.22397393,115200.0,0.1506177,115210.0,0.2603587
1753455933477,15:05:33.477,BTC/USDT:USDT,115190.0,0.8748348,115180.0,0.22397393,115200.0,0.1506177,115210.0,0.2603587
1753455933478,15:05:33.478,BTC/USDT:USDT,115190.0,0.8748348,115180.0,0.22397393,115200.0,0.1506177,115210.0,0.2603587
1753455933478,15:05:33.478,BTC/USDT:USDT,115190.0,0.8748348,115180.0,0.22397393,115200.0,0.1506177,115210.0,0.2603587
1753455933786,15:05:33.786,BTC/USDT:USDT,115190.0,0.8748348,115180.0,0.22397393,115200.0,0.1506177,115210.0,0.2603587
1753455933787,15:05:33.787,BTC/USDT:USDT,115190.0,0.8748348,115180.0,0.19277489,115200.0,0.3124977,115210.0,0.3352587
1753455933787,15:05:33.787,BTC/USDT:USDT,115190.0,0.8748348,115180.0,0.19277489,115200.0,0.3124977,115210.0,0.3352587
1753455933983,15:05:33.983,BTC/USDT:USDT,115190.0,0.8748348,115180.0,0.19277489,115200.0,0.3124977,115210.0,0.3352587
1753455933984,15:05:33.984,BTC/USDT:USDT,115190.0,0.8748348,115180.0,0.19277489,115200.0,0.3124977,115210.0,0.3352587
1753455934278,15:05:34.278,BTC/USDT:USDT,115190.0,0.8748348,115180.0,0.19277489,115200.0,0.3124977,115210.0,0.3786528
1753455934468,15:05:34.468,BTC/USDT:USDT,115190.0,0.8748348,115180.0,0.19277489,115200.0,0.3124977,115210.0,0.3786528
1753455934468,15:05:34.468,BTC/USDT:USDT,115190.0,0.8748348,115180.0,0.19277489,115200.0,0.3124977,115210.0,0.3352587
1753455934468,15:05:34.468,BTC/USDT:USDT,115190.0,0.8748348,115180.0,0.19277489,115200.0,0.3124977,115210.0,0.3352587
1753455934673,15:05:34.673,BTC/USDT:USDT,115190.0,0.8748348,115180.0,0.19277489,115200.0,0.3124977,115210.0,0.3352587
1753455934673,15:05:34.673,BTC/USDT:USDT,115190.0,0.8748348,115180.0,0.19277489,115200.0,0.3124977,115210.0,0.3352587
1753455934674,15:05:34.674,BTC/USDT:USDT,115190.0,0.8748348,115180.0,0.19277489,115200.0,0.3124977,115210.0,0.3352587
1753455934676,15:05:34.676,BTC/USDT:USDT,115190.0,0.8748348,115180.0,0.19277489,115200.0,0.3124977,115210.0,0.3352587
1753455934876,15:05:34.876,BTC/USDT:USDT,115190.0,0.8748348,115180.0,0.19277489,115200.0,0.3124977,115210.0,0.3352587
1753455934876,15:05:34.876,BTC/USDT:USDT,115190.0,0.8748348,115180.0,0.19277489,115200.0,0.3124977,115210.0,0.3786528
1753455934876,15:05:34.876,BTC/USDT:USDT,115190.0,0.8748348,115180.0,0.19277489,115200.0,0.3124977,115210.0,0.3786528
1753455935080,15:05:35.080,BTC/USDT:USDT,115190.0,0.8748348,115180.0,0.19277489,115200.0,0.3124977,115210.0,0.3352587
1753455935080,15:05:35.080,BTC/USDT:USDT,115190.0,0.8748348,115180.0,0.19277489,115200.0,0.3124977,115210.0,0.3352587
1753455935273,15:05:35.273,BTC/USDT:USDT,115190.0,0.8748348,115180.0,0.19277489,115200.0,0.3124977,115210.0,0.3352587
1753455935274,15:05:35.274,BTC/USDT:USDT,115190.0,0.8748348,115180.0,0.19277489,115200.0,0.3124977,115210.0,0.3352587
1753455935274,15:05:35.274,BTC/USDT:USDT,115190.0,0.8748348,115180.0,0.19277489,115200.0,0.3124977,115210.0,0.3352587
1753455935487,15:05:35.487,BTC/USDT:USDT,115190.0,0.8748348,115180.0,0.19277489,115200.0,0.1506177,115210.0,0.3352587
1753455935487,15:05:35.487,BTC/USDT:USDT,115190.0,0.8748348,115180.0,0.19277489,115200.0,0.1506177,115210.0,0.4103534
1753455935487,15:05:35.487,BTC/USDT:USDT,115190.0,0.8748348,115180.0,0.19277489,115200.0,0.1506177,115210.0,0.4103534
1753455935684,15:05:35.684,BTC/USDT:USDT,115190.0,0.8748348,115180.0,0.19277489,115200.0,0.1506177,115210.0,0.4103534
1753455935685,15:05:35.685,BTC/USDT:USDT,115190.0,0.8748348,115180.0,0.19277489,115200.0,0.1506177,115210.0,0.4537447
1753455935685,15:05:35.685,BTC/USDT:USDT,115190.0,0.8748348,115180.0,0.19277489,115200.0,0.1506177,115210.0,0.4537447
1753455935981,15:05:35.981,BTC/USDT:USDT,115190.0,0.8748348,115180.0,0.19277489,115200.0,0.1506177,115210.0,0.4971368
1753455936181,15:05:36.181,BTC/USDT:USDT,115190.0,0.8748348,115180.0,0.19277489,115200.0,0.1506177,115210.0,0.4971368
1753455936182,15:05:36.182,BTC/USDT:USDT,115190.0,0.8748348,115180.0,0.19277489,115200.0,0.1506177,115210.0,0.4971368
1753455936182,15:05:36.182,BTC/USDT:USDT,115190.0,0.8748348,115180.0,0.19277489,115200.0,0.1506177,115210.0,0.4971368
1753455936382,15:05:36.382,BTC/USDT:USDT,115190.0,0.8748348,115180.0,0.19277489,115200.0,0.1506177,115210.0,0.4971368
1753455936384,15:05:36.384,BTC/USDT:USDT,115190.0,0.8748348,115180.0,0.19277489,115200.0,0.1506177,115210.0,0.5405298
1753455936384,15:05:36.384,BTC/USDT:USDT,115190.0,0.8748348,115180.0,0.19277489,115200.0,0.1506177,115210.0,0.5405298
1753455936578,15:05:36.578,BTC/USDT:USDT,115190.0,0.8748348,115180.0,0.19277489,115200.0,0.1506177,115210.0,0.5405298
1753455936579,15:05:36.579,BTC/USDT:USDT,115190.0,0.8345548,115180.0,0.19277489,115200.0,0.7448875,115210.0,0.1301764
1753455936787,15:05:36.787,BTC/USDT:USDT,115190.0,0.8345548,115180.0,0.19277489,115200.0,0.7448875,115210.0,0.1301764
1753455936788,15:05:36.788,BTC/USDT:USDT,115190.0,0.8345548,115180.0,0.19277489,115200.0,0.7448875,115210.0,0.1301764
1753455936788,15:05:36.788,BTC/USDT:USDT,115190.0,0.8345548,115180.0,0.19277489,115200.0,0.7448875,115210.0,0.1301764
1753455936985,15:05:36.985,BTC/USDT:USDT,115190.0,0.8345548,115180.0,0.19277489,115200.0,0.7448875,115210.0,0.1301764
1753455936985,15:05:36.985,BTC/USDT:USDT,115190.0,0.8345548,115180.0,0.19277489,115200.0,0.7448875,115210.0,0.1301764
1753455936986,15:05:36.986,BTC/USDT:USDT,115190.0,0.8345548,115180.0,0.19277489,115200.0,0.7448875,115210.0,0.1301764
1753455937183,15:05:37.183,BTC/USDT:USDT,115190.0,0.8345548,115180.0,0.19277489,115200.0,0.7448875,115210.0,0.1301764
1753455937184,15:05:37.184,BTC/USDT:USDT,115190.0,0.8345548,115180.0,0.22397393,115200.0,0.7448875,115210.0,0.1301764
1753455937184,15:05:37.184,BTC/USDT:USDT,115190.0,0.8345548,115180.0,0.22397393,115200.0,0.7448875,115210.0,0.1301764
1753455937381,15:05:37.381,BTC/USDT:USDT,115190.0,0.8345548,115180.0,0.22397393,115200.0,0.7448875,115210.0,0.1301764
1753455937381,15:05:37.381,BTC/USDT:USDT,115190.0,0.8345548,115180.0,0.22397393,115200.0,0.7448875,115210.0,0.1301764
1753455937582,15:05:37.582,BTC/USDT:USDT,115190.0,0.8345548,115180.0,0.22397393,115200.0,0.7448875,115210.0,0.1301764
1753455937583,15:05:37.583,BTC/USDT:USDT,115190.0,0.8345548,115180.0,0.22397393,115200.0,0.7448875,115210.0,0.1301764
1753455937583,15:05:37.583,BTC/USDT:USDT,115190.0,0.8345548,115180.0,0.22397393,115200.0,0.7448875,115210.0,0.1301764
1753455937776,15:05:37.776,BTC/USDT:USDT,115190.0,0.8345548,115180.0,0.22397393,115200.0,0.7448875,115210.0,0.1301764
1753455937778,15:05:37.778,BTC/USDT:USDT,115190.0,0.8345548,115180.0,0.19277489,115200.0,0.7448875,115210.0,0.1301764
1753455937778,15:05:37.778,BTC/USDT:USDT,115190.0,0.8345548,115180.0,0.19277489,115200.0,0.7448875,115210.0,0.1301764
1753455937987,15:05:37.987,BTC/USDT:USDT,115190.0,0.8345548,115180.0,0.19277489,115200.0,0.7448875,115210.0,0.1301764
1753455937989,15:05:37.989,BTC/USDT:USDT,115190.0,0.8345548,115180.0,0.19277489,115200.0,0.1023077,115210.0,0.1735654
1753455937990,15:05:37.990,BTC/USDT:USDT,115190.0,0.8345548,115180.0,0.19277489,115200.0,0.1023077,115210.0,0.1735654
1753455938279,15:05:38.279,BTC/USDT:USDT,115190.0,0.8345548,115180.0,0.19277489,115200.0,0.1023077,115210.0,0.1735654
1753455938280,15:05:38.280,BTC/USDT:USDT,115190.0,0.8345548,115180.0,0.19277489,115200.0,0.1023077,115210.0,0.2218754
1753455938280,15:05:38.280,BTC/USDT:USDT,115190.0,0.8345548,115180.0,0.19277489,115200.0,0.1023077,115210.0,0.2218754
1753455938481,15:05:38.481,BTC/USDT:USDT,115190.0,0.8345548,115180.0,0.19277489,115200.0,0.1023077,115210.0,0.2218754
1753455938482,15:05:38.482,BTC/USDT:USDT,115190.0,0.8345548,115180.0,0.19277489,115200.0,0.1023077,115210.0,0.2218754
