timestamp,time,exchange,symbol,bid,bidVolume,ask,askVolume,lastPrice,baseVolume,quoteVolume
1753504625056,04:37:05.056,blofin,AAVE/USDT:USDT,297.17,99.0,297.2,205.0,297.19,322496.2,
1753504636874,04:37:16.874,bybit,AAVE/USDT:USDT,297.47,3.97,297.48,2.42,297.48,366142.78,106646506.4562
1753504636552,04:37:16.552,mexc,AAVE/USDT:USDT,,,,,297.38,29917061.0,87005399.1822
1753504638038,04:37:18.038,bitget,AAVE/USDT:USDT,297.68,2.3,297.69,0.8,297.72,254323.8,74014074.224
1753504625056,04:37:05.056,blofin,AAVE/USDT:USDT,297.17,160.0,297.19,109.0,297.19,322496.2,
1753504625056,04:37:05.056,blofin,AAVE/USDT:USDT,297.17,159.0,297.2,86.0,297.19,322496.2,
1753504638709,04:37:18.709,bitget,AAVE/USDT:USDT,297.68,2.0,297.69,0.8,297.72,254323.8,74014074.224
1753504638874,04:37:18.874,bybit,AAVE/USDT:USDT,297.47,3.93,297.48,2.42,297.48,366142.78,106646506.4562
1753504637419,04:37:17.419,xt,AAVE/USDT:USDT,,,,,297.37,,1650565.0
1753504638549,04:37:18.549,mexc,AAVE/USDT:USDT,,,,,297.38,29918187.0,87008747.681
1753504639711,04:37:19.711,bitget,AAVE/USDT:USDT,297.69,3.8,297.7,0.5,297.72,254323.8,74014074.224
1753504640593,04:37:20.593,bitmart,AAVE/USDT:USDT,297.37,66.0,297.38,36.0,297.38,,1785740.0
1753504640715,04:37:20.715,bitget,AAVE/USDT:USDT,297.69,0.8,297.7,0.8,297.72,254323.8,74014074.224
1753504640774,04:37:20.774,bybit,AAVE/USDT:USDT,297.47,3.93,297.48,2.45,297.48,366142.78,106646506.4562
1753504640874,04:37:20.874,bybit,AAVE/USDT:USDT,297.47,3.93,297.48,2.45,297.48,365422.44,106440479.2424
1753504641028,04:37:21.028,bitget,AAVE/USDT:USDT,297.69,0.5,297.7,0.8,297.72,254323.8,74014074.224
1753504625056,04:37:05.056,blofin,AAVE/USDT:USDT,297.17,4.0,297.19,67.0,297.19,322496.2,
1753504641174,04:37:21.174,bybit,AAVE/USDT:USDT,297.47,4.03,297.48,2.45,297.48,365422.44,106440479.2424
1753504641441,04:37:21.441,bitget,AAVE/USDT:USDT,297.69,0.5,297.7,0.8,297.72,254323.8,74014074.224
1753504641471,04:37:21.471,kucoinfutures,AAVE/USDT:USDT,297.47,167.0,297.59,420.0,297.54,,
1753504641467,04:37:21.467,binance,AAVE/USDT:USDT,,,,,297.38,1033022.8,300496237.863
1753504641467,04:37:21.467,binanceusdm,AAVE/USDT:USDT,,,,,297.38,1033022.8,300496237.863
1753504641574,04:37:21.574,bybit,AAVE/USDT:USDT,297.48,11.99,297.49,0.02,297.48,365423.55,106440809.4452
1753504625056,04:37:05.056,blofin,AAVE/USDT:USDT,297.17,4.0,297.19,67.0,297.19,322496.2,
1753504641645,04:37:21.645,bitmart,AAVE/USDT:USDT,297.37,51.0,297.44,171.0,297.38,,1785744.0
1753504641674,04:37:21.674,bybit,AAVE/USDT:USDT,297.5,10.5,297.51,0.02,297.5,365423.71,106440857.044
1753504641774,04:37:21.774,bybit,AAVE/USDT:USDT,297.5,8.08,297.51,0.02,297.5,365423.71,106440857.044
1753504641812,04:37:21.812,bitget,AAVE/USDT:USDT,297.69,0.3,297.73,0.1,297.69,254323.8,74014074.224
1753504641874,04:37:21.874,bybit,AAVE/USDT:USDT,297.5,12.0,297.51,0.02,297.5,365423.71,106440857.044
1753504640755,04:37:20.755,xt,AAVE/USDT:USDT,,,,,297.37,,1650574.0
1753504625056,04:37:05.056,blofin,AAVE/USDT:USDT,297.17,106.0,297.19,5.0,297.19,322496.2,
1753504642165,04:37:22.165,phemex,AAVE/USDT:USDT,,,,,297.36,10814.0,3153889.671
1753504642274,04:37:22.274,bybit,AAVE/USDT:USDT,297.5,12.25,297.51,0.02,297.5,365423.71,106440857.044
1753504642375,04:37:22.375,bybit,AAVE/USDT:USDT,297.5,12.35,297.51,0.02,297.5,365423.71,106440857.044
1753504642460,04:37:22.460,bitget,AAVE/USDT:USDT,297.72,36.3,297.73,0.3,297.69,254323.8,74014074.224
1753504625056,04:37:05.056,blofin,AAVE/USDT:USDT,297.22,206.0,297.23,9.0,297.19,322496.2,
1753504642643,04:37:22.643,bitmart,AAVE/USDT:USDT,297.43,52.0,297.44,10.0,297.4,,1785750.0
1753504642674,04:37:22.674,bybit,AAVE/USDT:USDT,297.5,10.2,297.51,0.02,297.5,365423.71,106440857.044
1753504640544,04:37:20.544,mexc,AAVE/USDT:USDT,,,,,297.38,29918187.0,87008747.681
1753504625056,04:37:05.056,blofin,AAVE/USDT:USDT,297.22,206.0,297.23,9.0,297.19,322496.2,
1753504643175,04:37:23.175,bybit,AAVE/USDT:USDT,297.5,10.2,297.51,0.02,297.5,365423.71,106440857.044
1753504643145,04:37:23.145,bitget,AAVE/USDT:USDT,297.74,0.5,297.76,4.9,297.69,254329.6,74015800.852
1753504643274,04:37:23.274,bybit,AAVE/USDT:USDT,297.5,10.2,297.51,0.44,297.5,365423.71,106440857.044
1753504643374,04:37:23.374,bybit,AAVE/USDT:USDT,297.5,9.88,297.51,0.44,297.5,365423.71,106440857.044
1753504643450,04:37:23.450,bitget,AAVE/USDT:USDT,297.74,0.5,297.76,4.9,297.69,254329.6,74015800.852
1753504642894,04:37:22.894,binance,AAVE/USDT:USDT,,,,,297.43,1033039.5,300501204.569
1753504642894,04:37:22.894,binanceusdm,AAVE/USDT:USDT,,,,,297.43,1033039.5,300501204.569
1753504625056,04:37:05.056,blofin,AAVE/USDT:USDT,297.22,166.0,297.24,11.0,297.19,322496.2,
1753504643644,04:37:23.644,bitmart,AAVE/USDT:USDT,297.43,30.0,297.44,65.0,297.44,,1785754.0
1753504643774,04:37:23.774,bybit,AAVE/USDT:USDT,297.5,9.88,297.51,0.44,297.5,365423.71,106440857.044
1753504643816,04:37:23.816,bitget,AAVE/USDT:USDT,297.73,0.3,297.74,0.8,297.73,254329.6,74015800.852
1753504643874,04:37:23.874,bybit,AAVE/USDT:USDT,297.5,9.86,297.51,0.44,297.5,365423.71,106440857.044
1753504644374,04:37:24.374,bybit,AAVE/USDT:USDT,297.5,4.7,297.51,3.99,297.5,365423.71,106440857.044
1753504644474,04:37:24.474,bybit,AAVE/USDT:USDT,297.5,4.61,297.51,3.99,297.5,365423.71,106440857.044
1753504625056,04:37:05.056,blofin,AAVE/USDT:USDT,297.22,36.0,297.24,50.0,297.19,322496.2,
1753504644520,04:37:24.520,bitget,AAVE/USDT:USDT,297.73,0.6,297.74,0.5,297.73,254329.6,74015800.852
1753504644652,04:37:24.652,bitmart,AAVE/USDT:USDT,297.41,1.0,297.44,129.0,297.44,,1785770.0
1753504644874,04:37:24.874,bybit,AAVE/USDT:USDT,297.5,4.61,297.51,2.53,297.5,365423.71,106440857.044
1753504643267,04:37:23.267,xt,AAVE/USDT:USDT,,,,,297.43,,1650601.0
1753504644543,04:37:24.543,mexc,AAVE/USDT:USDT,,,,,297.38,29918187.0,87008747.681
1753504625056,04:37:05.056,blofin,AAVE/USDT:USDT,297.22,36.0,297.24,50.0,297.19,322496.2,
1753504645137,04:37:25.137,bitget,AAVE/USDT:USDT,297.71,0.1,297.72,1.3,297.73,254330.0,74015919.944
1753504645268,04:37:25.268,gateio,AAVE/USDT:USDT,,,,,297.46,355786.0,105832174.0
1753504645374,04:37:25.374,bybit,AAVE/USDT:USDT,297.5,4.61,297.51,1.77,297.5,365423.71,106440857.044
1753504645415,04:37:25.415,gate,AAVE/USDT:USDT,,,,,297.46,355772.0,105828528.0
1753504645330,04:37:25.330,binanceusdm,AAVE/USDT:USDT,,,,,297.42,1033045.2,300502899.918
1753504645330,04:37:25.330,binance,AAVE/USDT:USDT,,,,,297.42,1033045.2,300502899.918
1753504625056,04:37:05.056,blofin,AAVE/USDT:USDT,297.22,13.0,297.24,90.0,297.19,322496.2,
1753504645634,04:37:25.634,bitmart,AAVE/USDT:USDT,297.41,24.0,297.42,127.0,297.44,,1785770.0
1753504645628,04:37:25.628,kucoinfutures,AAVE/USDT:USDT,297.51,2337.0,297.54,86.0,297.52,,
1753504645774,04:37:25.774,bybit,AAVE/USDT:USDT,297.5,5.8,297.51,0.02,297.5,365423.71,106440857.044
1753504645778,04:37:25.778,bitget,AAVE/USDT:USDT,297.71,0.9,297.72,0.5,297.73,254330.0,74015919.944
1753504645874,04:37:25.874,bybit,AAVE/USDT:USDT,297.5,4.61,297.51,0.02,297.5,365423.71,106440857.044
1753504645974,04:37:25.974,bybit,AAVE/USDT:USDT,297.5,4.61,297.51,0.44,297.5,365423.71,106440857.044
1753504625056,04:37:05.056,blofin,AAVE/USDT:USDT,297.22,16.0,297.24,87.0,297.19,322496.2,
1753504646075,04:37:26.075,bybit,AAVE/USDT:USDT,297.5,4.61,297.51,1.78,297.5,365423.71,106440857.044
1753504646090,04:37:26.090,bitget,AAVE/USDT:USDT,297.72,1.9,297.73,0.7,297.73,254330.0,74015919.944
1753504646475,04:37:26.475,bybit,AAVE/USDT:USDT,297.5,4.61,297.51,1.78,297.5,365423.71,106440857.044
1753504646465,04:37:26.465,bitget,AAVE/USDT:USDT,297.72,0.5,297.73,1.5,297.73,254330.0,74015919.944
1753504625056,04:37:05.056,blofin,AAVE/USDT:USDT,297.22,4.0,297.24,232.0,297.19,322496.2,
1753504646598,04:37:26.598,bitmart,AAVE/USDT:USDT,297.41,23.0,297.42,80.0,297.41,,1785776.0
1753504646833,04:37:26.833,bitget,AAVE/USDT:USDT,297.72,0.8,297.73,1.2,297.73,254330.0,74015919.944
1753504625056,04:37:05.056,blofin,AAVE/USDT:USDT,297.22,4.0,297.24,232.0,297.19,322496.2,
1753504646552,04:37:26.552,mexc,AAVE/USDT:USDT,,,,,297.38,29918187.0,87008747.681
1753504625056,04:37:05.056,blofin,AAVE/USDT:USDT,297.22,44.0,297.24,220.0,297.19,322496.2,
1753504647606,04:37:27.606,bitmart,AAVE/USDT:USDT,297.41,23.0,297.42,80.0,297.41,,1785780.0
1753504647644,04:37:27.644,bitget,AAVE/USDT:USDT,297.72,0.8,297.73,1.2,297.73,254330.0,74015919.944
1753504647774,04:37:27.774,bybit,AAVE/USDT:USDT,297.5,4.61,297.51,0.44,297.5,365423.71,106440857.044
1753504647759,04:37:27.759,binance,AAVE/USDT:USDT,,,,,297.42,1033045.6,300503018.886
1753504647759,04:37:27.759,binanceusdm,AAVE/USDT:USDT,,,,,297.42,1033045.6,300503018.886
1753504646572,04:37:26.572,xt,AAVE/USDT:USDT,,,,,297.42,,1650616.0
1753504647989,04:37:27.989,bitget,AAVE/USDT:USDT,297.72,0.8,297.73,1.2,297.73,254330.0,74015919.944
1753504625056,04:37:05.056,blofin,AAVE/USDT:USDT,297.22,44.0,297.24,220.0,297.19,322496.2,
1753504648319,04:37:28.319,bitget,AAVE/USDT:USDT,297.72,0.8,297.73,1.2,297.73,254330.0,74015919.944
1753504648538,04:37:28.538,bitmart,AAVE/USDT:USDT,297.41,24.0,297.42,63.0,297.41,,1785780.0
1753504625056,04:37:05.056,blofin,AAVE/USDT:USDT,297.22,48.0,297.24,1.0,297.19,322496.2,
1753504648674,04:37:28.674,bybit,AAVE/USDT:USDT,297.5,4.61,297.51,0.02,297.5,365423.71,106440857.044
1753504648664,04:37:28.664,bitget,AAVE/USDT:USDT,297.72,0.8,297.73,1.2,297.73,254330.0,74015919.944
1753504648975,04:37:28.975,bybit,AAVE/USDT:USDT,297.5,4.6,297.51,0.02,297.5,365423.71,106440857.044
1753504625056,04:37:05.056,blofin,AAVE/USDT:USDT,297.22,46.0,297.24,183.0,297.19,322496.2,
1753504625056,04:37:05.056,blofin,AAVE/USDT:USDT,297.22,45.0,297.24,183.0,297.19,322496.2,
1753504649646,04:37:29.646,bitmart,AAVE/USDT:USDT,297.41,42.0,297.42,45.0,297.42,,1785784.0
1753504649674,04:37:29.674,bybit,AAVE/USDT:USDT,297.5,4.6,297.51,0.44,297.5,365423.71,106440857.044
1753504648582,04:37:28.582,mexc,AAVE/USDT:USDT,,,,,297.44,29918387.0,87009342.561
1753504649774,04:37:29.774,bybit,AAVE/USDT:USDT,297.54,3.77,297.55,0.9,297.55,365424.06,106440961.1845
1753504649752,04:37:29.752,bitget,AAVE/USDT:USDT,297.72,2.3,297.74,0.5,297.73,254330.0,74015919.944
1753504649726,04:37:29.726,binance,AAVE/USDT:USDT,,,,,297.42,1033054.9,300505784.892
1753504649726,04:37:29.726,binanceusdm,AAVE/USDT:USDT,,,,,297.42,1033054.9,300505784.892
1753504649874,04:37:29.874,bybit,AAVE/USDT:USDT,297.54,1.19,297.55,1.23,297.55,365424.06,106440961.1845
1753504649975,04:37:29.975,bybit,AAVE/USDT:USDT,297.54,3.08,297.55,1.23,297.55,365424.06,106440961.1845
1753504650074,04:37:30.074,bybit,AAVE/USDT:USDT,297.54,3.08,297.55,1.23,297.55,365424.06,106440961.1845
1753504649857,04:37:29.857,blofin,AAVE/USDT:USDT,297.22,45.0,297.24,183.0,297.23,322508.2,
1753504650174,04:37:30.174,bybit,AAVE/USDT:USDT,297.54,3.18,297.55,1.23,297.55,365424.06,106440961.1845
1753504650268,04:37:30.268,gateio,AAVE/USDT:USDT,,,,,297.49,355786.0,105842878.0
1753504650374,04:37:30.374,bybit,AAVE/USDT:USDT,297.54,5.79,297.55,1.23,297.55,365424.06,106440961.1845
1753504650403,04:37:30.403,gate,AAVE/USDT:USDT,,,,,297.49,355774.0,105839230.0
1753504649857,04:37:29.857,blofin,AAVE/USDT:USDT,297.23,83.0,297.24,1.0,297.23,322508.2,
1753504650559,04:37:30.559,bitmart,AAVE/USDT:USDT,297.44,105.0,297.45,20.0,297.44,,1785794.0
1753504650674,04:37:30.674,bybit,AAVE/USDT:USDT,297.54,5.79,297.55,1.23,297.55,365424.06,106440961.1845
1753504650747,04:37:30.747,bitget,AAVE/USDT:USDT,297.74,3.3,297.75,1.0,297.73,254330.0,74015919.944
1753504649933,04:37:29.933,xt,AAVE/USDT:USDT,,,,,297.42,,1646788.0
1753504650975,04:37:30.975,bybit,AAVE/USDT:USDT,297.54,5.78,297.55,1.23,297.55,365424.06,106440961.1845
1753504649857,04:37:29.857,blofin,AAVE/USDT:USDT,297.23,85.0,297.25,186.0,297.23,322508.2,
1753504651536,04:37:31.536,bitmart,AAVE/USDT:USDT,297.44,105.0,297.45,20.0,297.44,,1785794.0
1753504649857,04:37:29.857,blofin,AAVE/USDT:USDT,297.23,286.0,297.25,3.0,297.23,322508.2,
1753504651574,04:37:31.574,bybit,AAVE/USDT:USDT,297.54,5.78,297.55,1.23,297.55,365424.06,106440961.1845
1753504651674,04:37:31.674,bybit,AAVE/USDT:USDT,297.54,6.47,297.55,2.35,297.55,365424.06,106440961.1845
1753504650080,04:37:30.080,binanceusdm,AAVE/USDT:USDT,,,,,297.44,1033055.2,300505874.124
1753504650080,04:37:30.080,binance,AAVE/USDT:USDT,,,,,297.44,1033055.2,300505874.124
1753504651868,04:37:31.868,bitget,AAVE/USDT:USDT,297.74,3.3,297.75,0.5,297.73,254330.0,74015919.944
1753504651974,04:37:31.974,bybit,AAVE/USDT:USDT,297.54,6.48,297.55,2.35,297.55,365424.06,106440961.1845
1753504650546,04:37:30.546,mexc,AAVE/USDT:USDT,,,,,297.44,29918387.0,87009342.561
1753504649857,04:37:29.857,blofin,AAVE/USDT:USDT,297.23,286.0,297.25,3.0,297.23,322508.2,
1753504652257,04:37:32.257,gateio,AAVE/USDT:USDT,,,,,297.55,355792.0,105866076.0
1753504652374,04:37:32.374,bybit,AAVE/USDT:USDT,297.54,5.29,297.55,2.35,297.55,365424.06,106440961.1845
1753504652412,04:37:32.412,gate,AAVE/USDT:USDT,,,,,297.55,355780.0,105862428.0
1753504652475,04:37:32.475,bybit,AAVE/USDT:USDT,297.54,5.29,297.55,2.35,297.55,365424.06,106440961.1845
1753504649857,04:37:29.857,blofin,AAVE/USDT:USDT,297.23,178.0,297.26,6.0,297.23,322508.2,
1753504652646,04:37:32.646,bitmart,AAVE/USDT:USDT,297.44,39.0,297.45,51.0,297.44,,1785800.0
1753504652774,04:37:32.774,bybit,AAVE/USDT:USDT,297.54,5.29,297.55,2.35,297.55,365424.06,106440961.1845
1753504649857,04:37:29.857,blofin,AAVE/USDT:USDT,297.23,178.0,297.25,1.0,297.23,322508.2,
1753504653110,04:37:33.110,bitget,AAVE/USDT:USDT,297.73,29.2,297.74,0.3,297.73,254330.0,74015919.944
1753504653174,04:37:33.174,bybit,AAVE/USDT:USDT,297.54,6.69,297.55,2.35,297.55,365424.06,106440961.1845
1753504653269,04:37:33.269,gateio,AAVE/USDT:USDT,,,,,297.55,355792.0,105866076.0
1753504653406,04:37:33.406,gate,AAVE/USDT:USDT,,,,,297.55,355780.0,105862428.0
1753504653460,04:37:33.460,bitget,AAVE/USDT:USDT,297.73,28.2,297.74,0.8,297.73,254330.0,74015919.944
1753504649857,04:37:29.857,blofin,AAVE/USDT:USDT,297.23,178.0,297.25,3.0,297.23,322508.2,
1753504653606,04:37:33.606,bitmart,AAVE/USDT:USDT,297.44,39.0,297.45,51.0,297.45,,1785804.0
1753504653778,04:37:33.778,bitget,AAVE/USDT:USDT,297.73,28.2,297.74,0.8,297.73,254330.0,74015919.944
1753504652487,04:37:32.487,xt,AAVE/USDT:USDT,,,,,297.44,,1646797.0
1753504649857,04:37:29.857,blofin,AAVE/USDT:USDT,297.23,178.0,297.25,3.0,297.23,322508.2,
1753504654105,04:37:34.105,bitget,AAVE/USDT:USDT,297.74,0.8,297.75,0.8,297.73,254330.0,74015919.944
1753504650546,04:37:30.546,mexc,AAVE/USDT:USDT,,,,,297.44,29918387.0,87009342.561
1753504654557,04:37:34.557,bitget,AAVE/USDT:USDT,297.74,0.8,297.75,0.5,297.73,254330.0,74015919.944
1753504649857,04:37:29.857,blofin,AAVE/USDT:USDT,297.23,52.0,297.25,51.0,297.23,322508.2,
1753504654645,04:37:34.645,bitmart,AAVE/USDT:USDT,297.44,29.0,297.45,44.0,297.45,,1785808.0
1753504655114,04:37:35.114,bitget,AAVE/USDT:USDT,297.74,0.8,297.75,0.5,297.73,254330.0,74015919.944
1753504649857,04:37:29.857,blofin,AAVE/USDT:USDT,297.23,229.0,297.25,2.0,297.23,322508.2,
1753504655257,04:37:35.257,gateio,AAVE/USDT:USDT,,,,,297.54,355798.0,105864166.0
1753504655274,04:37:35.274,bybit,AAVE/USDT:USDT,297.54,6.74,297.55,2.0,297.55,365424.06,106440961.1845
1753504655412,04:37:35.412,gate,AAVE/USDT:USDT,,,,,297.54,355785.0,105860518.0
1753504655433,04:37:35.433,bitget,AAVE/USDT:USDT,297.74,0.8,297.75,0.5,297.73,254330.0,74015919.944
1753504649857,04:37:29.857,blofin,AAVE/USDT:USDT,297.23,229.0,297.25,2.0,297.23,322508.2,
1753504655645,04:37:35.645,bitmart,AAVE/USDT:USDT,297.44,74.0,297.45,25.0,297.45,,1785812.0
1753504655674,04:37:35.674,bybit,AAVE/USDT:USDT,297.54,6.74,297.55,0.88,297.55,365424.06,106440961.1845
1753504655774,04:37:35.774,bybit,AAVE/USDT:USDT,297.54,6.74,297.55,0.88,297.55,365424.06,106440961.1845
1753504655774,04:37:35.774,bitget,AAVE/USDT:USDT,297.74,0.8,297.75,0.5,297.73,254330.0,74015919.944
1753504656020,04:37:36.020,kucoinfutures,AAVE/USDT:USDT,297.53,65.0,297.58,85.0,297.57,,
1753504656074,04:37:36.074,bybit,AAVE/USDT:USDT,297.54,6.74,297.55,2.22,297.55,365424.06,106440961.1845
1753504649857,04:37:29.857,blofin,AAVE/USDT:USDT,297.23,229.0,297.25,3.0,297.23,322508.2,
1753504656110,04:37:36.110,bitget,AAVE/USDT:USDT,297.74,0.8,297.75,0.5,297.73,254330.0,74015919.944
1753504656317,04:37:36.317,binance,AAVE/USDT:USDT,,,,,297.44,1033060.8,300507539.788
1753504656317,04:37:36.317,binanceusdm,AAVE/USDT:USDT,,,,,297.44,1033060.8,300507539.788
1753504656374,04:37:36.374,bybit,AAVE/USDT:USDT,297.5,0.04,297.51,3.84,297.54,365430.8,106442966.6041
1753504656403,04:37:36.403,gate,AAVE/USDT:USDT,,,,,297.54,355787.0,105860868.0
1753504656424,04:37:36.424,bitget,AAVE/USDT:USDT,297.74,0.5,297.75,1.3,297.73,254330.0,74015919.944
1753504656474,04:37:36.474,bybit,AAVE/USDT:USDT,297.5,0.58,297.51,3.42,297.54,365430.8,106442966.6041
1753504656574,04:37:36.574,bybit,AAVE/USDT:USDT,297.5,0.02,297.51,2.83,297.54,365430.8,106442966.6041
1753504649857,04:37:29.857,blofin,AAVE/USDT:USDT,297.23,245.0,297.25,4.0,297.23,322508.2,
1753504656590,04:37:36.590,bitmart,AAVE/USDT:USDT,297.44,54.0,297.45,25.0,297.44,,1785816.0
1753504656674,04:37:36.674,bybit,AAVE/USDT:USDT,297.5,0.02,297.51,4.31,297.54,365430.8,106442966.6041
1753504650546,04:37:30.546,mexc,AAVE/USDT:USDT,,,,,297.44,29918387.0,87009342.561
1753504656847,04:37:36.847,bitget,AAVE/USDT:USDT,297.69,5.5,297.7,0.5,297.73,254330.0,74015919.944
1753504655760,04:37:35.760,xt,AAVE/USDT:USDT,,,,,297.44,,1646809.0
1753504656752,04:37:36.752,blofin,AAVE/USDT:USDT,297.23,245.0,297.25,4.0,297.23,322515.2,
1753504657268,04:37:37.268,gateio,AAVE/USDT:USDT,,,,,297.54,355799.0,105864516.0
1753504657274,04:37:37.274,bybit,AAVE/USDT:USDT,297.5,0.02,297.51,3.7,297.54,365430.8,106442966.6041
1753504656752,04:37:36.752,blofin,AAVE/USDT:USDT,297.23,2.0,297.24,249.0,297.23,322515.2,
1753504657556,04:37:37.556,bitget,AAVE/USDT:USDT,297.69,5.5,297.7,1.3,297.73,254330.0,74015919.944
1753504657605,04:37:37.605,bitmart,AAVE/USDT:USDT,297.39,2.0,297.4,80.0,297.4,,1785832.0
1753504658075,04:37:38.075,bybit,AAVE/USDT:USDT,297.5,0.76,297.51,4.05,297.54,365430.8,106442966.6041
1753504656752,04:37:36.752,blofin,AAVE/USDT:USDT,297.22,3.0,297.24,398.0,297.23,322515.2,
1753504658175,04:37:38.175,bybit,AAVE/USDT:USDT,297.48,27.13,297.49,4.11,297.5,365431.56,106443192.7041
1753504658254,04:37:38.254,gateio,AAVE/USDT:USDT,,,,,297.47,355804.0,105841270.0
1753504658232,04:37:38.232,bitget,AAVE/USDT:USDT,297.69,5.0,297.7,0.8,297.73,254330.0,74015919.944
1753504658274,04:37:38.274,bybit,AAVE/USDT:USDT,297.48,27.13,297.49,2.21,297.5,365431.56,106443192.7041
1753504656608,04:37:36.608,binance,AAVE/USDT:USDT,,,,,297.41,1033066.4,300509205.385
1753504656608,04:37:36.608,binanceusdm,AAVE/USDT:USDT,,,,,297.41,1033066.4,300509205.385
1753504658374,04:37:38.374,bybit,AAVE/USDT:USDT,297.48,27.13,297.49,4.36,297.5,365431.56,106443192.7041
1753504658405,04:37:38.405,gate,AAVE/USDT:USDT,,,,,297.47,355792.0,105837624.0
1753504658474,04:37:38.474,bybit,AAVE/USDT:USDT,297.48,27.13,297.49,2.21,297.5,365431.56,106443192.7041
1753504658047,04:37:38.047,blofin,AAVE/USDT:USDT,297.22,1.0,297.23,405.0,297.21,322516.2,
1753504658560,04:37:38.560,bitget,AAVE/USDT:USDT,297.69,5.0,297.7,2.8,297.73,254330.0,74015919.944
1753504658595,04:37:38.595,bitmart,AAVE/USDT:USDT,297.39,2.0,297.4,80.0,297.39,,1785838.0
1753504658884,04:37:38.884,bitget,AAVE/USDT:USDT,297.69,5.0,297.7,2.8,297.73,254330.0,74015919.944
1753504658555,04:37:38.555,mexc,AAVE/USDT:USDT,,,,,297.44,29918387.0,87009342.561
1753504659074,04:37:39.074,bybit,AAVE/USDT:USDT,297.48,27.13,297.49,2.56,297.5,365431.56,106443192.7041
1753504658047,04:37:38.047,blofin,AAVE/USDT:USDT,297.22,1.0,297.23,405.0,297.21,322516.2,
1753504659272,04:37:39.272,gateio,AAVE/USDT:USDT,,,,,297.47,355804.0,105841270.0
1753504659374,04:37:39.374,bybit,AAVE/USDT:USDT,297.48,27.13,297.49,2.56,297.5,365431.56,106443192.7041
1753504659409,04:37:39.409,gate,AAVE/USDT:USDT,,,,,297.47,355792.0,105837624.0
1753504659425,04:37:39.425,bitget,AAVE/USDT:USDT,297.69,5.5,297.7,0.8,297.73,254330.0,74015919.944
1753504658047,04:37:38.047,blofin,AAVE/USDT:USDT,297.19,3.0,297.22,235.0,297.21,322516.2,
1753504659604,04:37:39.604,bitmart,AAVE/USDT:USDT,297.39,7.0,297.4,80.0,297.39,,1785838.0
1753504659674,04:37:39.674,bybit,AAVE/USDT:USDT,297.48,27.13,297.49,3.81,297.5,365431.56,106443192.7041
1753504659975,04:37:39.975,bybit,AAVE/USDT:USDT,297.48,27.13,297.49,5.73,297.5,365431.56,106443192.7041
1753504658960,04:37:38.960,xt,AAVE/USDT:USDT,,,,,297.41,,1646837.0
1753504658047,04:37:38.047,blofin,AAVE/USDT:USDT,297.19,3.0,297.21,142.0,297.21,322516.2,
1753504660274,04:37:40.274,bybit,AAVE/USDT:USDT,297.48,27.13,297.49,5.73,297.5,365431.56,106443192.7041
1753504660389,04:37:40.389,bitget,AAVE/USDT:USDT,297.69,5.0,297.7,3.3,297.73,254330.0,74015919.944
1753504658047,04:37:38.047,blofin,AAVE/USDT:USDT,297.19,2.0,297.21,142.0,297.21,322516.2,
1753504660593,04:37:40.593,bitmart,AAVE/USDT:USDT,297.39,5.0,297.4,83.0,297.39,,1785842.0
1753504660694,04:37:40.694,binance,AAVE/USDT:USDT,,,,,297.39,1033066.5,300509235.124
1753504660694,04:37:40.694,binanceusdm,AAVE/USDT:USDT,,,,,297.39,1033066.5,300509235.124
1753504660774,04:37:40.774,bybit,AAVE/USDT:USDT,297.46,0.02,297.47,13.39,297.48,365458.69,106451263.3365
1753504660772,04:37:40.772,kucoinfutures,AAVE/USDT:USDT,297.51,2326.0,297.52,127.0,297.51,,
1753504660809,04:37:40.809,bitget,AAVE/USDT:USDT,297.69,5.0,297.7,3.3,297.73,254330.0,74015919.944
1753504660874,04:37:40.874,bybit,AAVE/USDT:USDT,297.44,0.36,297.45,3.94,297.46,365458.71,106451269.2857
1753504660975,04:37:40.975,bybit,AAVE/USDT:USDT,297.44,0.36,297.45,3.94,297.46,365458.71,106451269.2857
1753504660849,04:37:40.849,blofin,AAVE/USDT:USDT,297.19,2.0,297.21,145.0,297.17,322520.2,
1753504661174,04:37:41.174,bybit,AAVE/USDT:USDT,297.44,0.36,297.45,4.29,297.46,365458.71,106451269.2857
1753504661155,04:37:41.155,bitget,AAVE/USDT:USDT,297.63,32.0,297.64,2.4,297.73,254330.0,74015919.944
1753504661274,04:37:41.274,bybit,AAVE/USDT:USDT,297.44,0.36,297.45,5.54,297.46,365458.71,106451269.2857
1753504661277,04:37:41.277,gateio,AAVE/USDT:USDT,,,,,297.46,355811.0,105839788.0
1753504660539,04:37:40.539,mexc,AAVE/USDT:USDT,,,,,297.45,29919378.0,87012290.2905
1753504661402,04:37:41.402,gate,AAVE/USDT:USDT,,,,,297.46,355799.0,105836142.0
1753504660849,04:37:40.849,blofin,AAVE/USDT:USDT,297.19,5.0,297.21,273.0,297.17,322520.2,
1753504661602,04:37:41.602,bitmart,AAVE/USDT:USDT,297.34,2.0,297.35,167.0,297.39,,1785846.0
1753504661774,04:37:41.774,bybit,AAVE/USDT:USDT,297.44,0.36,297.45,5.7,297.46,365458.71,106451269.2857
1753504661874,04:37:41.874,bybit,AAVE/USDT:USDT,297.44,0.36,297.45,6.54,297.46,365458.71,106451269.2857
1753504660849,04:37:40.849,blofin,AAVE/USDT:USDT,297.19,5.0,297.21,273.0,297.17,322520.2,
1753504662074,04:37:42.074,bybit,AAVE/USDT:USDT,297.44,0.36,297.45,6.54,297.46,365458.71,106451269.2857
1753504662234,04:37:42.234,bitget,AAVE/USDT:USDT,297.63,31.3,297.64,4.7,297.73,254330.0,74015919.944
1753504662596,04:37:42.596,bitmart,AAVE/USDT:USDT,297.33,1.0,297.34,158.0,297.34,,1785850.0
1753504660849,04:37:40.849,blofin,AAVE/USDT:USDT,297.1,80.0,297.14,279.0,297.17,322520.2,
1753504662674,04:37:42.674,bybit,AAVE/USDT:USDT,297.44,0.36,297.45,6.54,297.46,365458.71,106451269.2857
1753504661705,04:37:41.705,binance,AAVE/USDT:USDT,,,,,297.34,1033072.6,300511049.022
1753504661705,04:37:41.705,binanceusdm,AAVE/USDT:USDT,,,,,297.34,1033072.6,300511049.022
1753504661337,04:37:41.337,xt,AAVE/USDT:USDT,,,,,297.35,,1646851.0
1753504662975,04:37:42.975,bybit,AAVE/USDT:USDT,297.44,0.36,297.45,6.54,297.46,365458.71,106451269.2857
1753504662951,04:37:42.951,bitget,AAVE/USDT:USDT,297.63,30.8,297.64,4.7,297.73,254330.0,74015919.944
1753504660849,04:37:40.849,blofin,AAVE/USDT:USDT,297.11,132.0,297.14,5.0,297.17,322520.2,
1753504663402,04:37:43.402,bitget,AAVE/USDT:USDT,297.63,30.8,297.64,4.7,297.73,254330.0,74015919.944
1753504663474,04:37:43.474,bybit,AAVE/USDT:USDT,297.44,0.36,297.45,5.04,297.46,365458.71,106451269.2857
1753504660849,04:37:40.849,blofin,AAVE/USDT:USDT,297.11,132.0,297.15,342.0,297.17,322520.2,
1753504663574,04:37:43.574,bybit,AAVE/USDT:USDT,297.44,0.36,297.45,2.25,297.46,365458.71,106451269.2857
1753504663603,04:37:43.603,bitmart,AAVE/USDT:USDT,297.33,7.0,297.34,158.0,297.33,,1785856.0
1753504663674,04:37:43.674,bybit,AAVE/USDT:USDT,297.44,0.36,297.45,2.02,297.46,365458.71,106451269.2857
1753504662552,04:37:42.552,mexc,AAVE/USDT:USDT,,,,,297.45,29919378.0,87012290.2905
1753504664075,04:37:44.075,bybit,AAVE/USDT:USDT,297.44,2.94,297.45,1.6,297.46,365458.71,106451269.2857
1753504660849,04:37:40.849,blofin,AAVE/USDT:USDT,297.12,6.0,297.15,292.0,297.17,322520.2,
1753504664122,04:37:44.122,bitget,AAVE/USDT:USDT,297.65,2.3,297.67,1.6,297.73,254330.0,74015919.944
1753504664275,04:37:44.275,bybit,AAVE/USDT:USDT,297.44,2.94,297.45,2.48,297.46,365458.71,106451269.2857
1753504664271,04:37:44.271,gateio,AAVE/USDT:USDT,,,,,297.46,355811.0,105839788.0
1753504664400,04:37:44.400,gate,AAVE/USDT:USDT,,,,,297.46,355799.0,105836142.0
1753504664476,04:37:44.476,bitget,AAVE/USDT:USDT,297.65,2.7,297.66,0.3,297.73,254330.0,74015919.944
1753504660849,04:37:40.849,blofin,AAVE/USDT:USDT,297.12,6.0,297.15,292.0,297.17,322520.2,
1753504664594,04:37:44.594,bitmart,AAVE/USDT:USDT,297.33,56.0,297.34,23.0,297.33,,1785860.0
1753504664774,04:37:44.774,bybit,AAVE/USDT:USDT,297.44,0.36,297.45,2.69,297.46,365458.71,106451269.2857
1753504664818,04:37:44.818,bitget,AAVE/USDT:USDT,297.65,2.4,297.66,0.3,297.73,254330.0,74015919.944
1753504664874,04:37:44.874,bybit,AAVE/USDT:USDT,297.44,0.36,297.45,4.25,297.46,365458.71,106451269.2857
1753504664975,04:37:44.975,bybit,AAVE/USDT:USDT,297.44,0.36,297.45,4.18,297.46,365458.71,106451269.2857
1753504660849,04:37:40.849,blofin,AAVE/USDT:USDT,297.12,2.0,297.14,8.0,297.17,322520.2,
1753504665136,04:37:45.136,bitget,AAVE/USDT:USDT,297.65,2.4,297.66,0.3,297.73,254330.0,74015919.944
1753504665448,04:37:45.448,bitget,AAVE/USDT:USDT,297.65,0.5,297.66,1.3,297.73,254330.0,74015919.944
1753504660849,04:37:40.849,blofin,AAVE/USDT:USDT,297.12,2.0,297.14,13.0,297.17,322520.2,
1753504665603,04:37:45.603,bitmart,AAVE/USDT:USDT,297.33,27.0,297.34,23.0,297.33,,1785864.0
1753504665722,04:37:45.722,binance,AAVE/USDT:USDT,,,,,297.34,1033072.7,300511078.756
1753504665722,04:37:45.722,binanceusdm,AAVE/USDT:USDT,,,,,297.34,1033072.7,300511078.756
1753504665779,04:37:45.779,bitget,AAVE/USDT:USDT,297.65,0.8,297.66,1.3,297.73,254330.0,74015919.944
1753504664701,04:37:44.701,xt,AAVE/USDT:USDT,,,,,297.34,,1646862.0
1753504664552,04:37:44.552,mexc,AAVE/USDT:USDT,,,,,297.45,29919378.0,87012290.2905
1753504660849,04:37:40.849,blofin,AAVE/USDT:USDT,297.11,231.0,297.14,12.0,297.17,322520.2,
1753504666128,04:37:46.128,bitget,AAVE/USDT:USDT,297.65,0.5,297.66,1.3,297.73,254330.0,74015919.944
1753504666205,04:37:46.205,phemex,AAVE/USDT:USDT,,,,,297.36,10814.0,3153889.671
1753504666437,04:37:46.437,bitget,AAVE/USDT:USDT,297.65,0.5,297.66,1.3,297.73,254330.0,74015919.944
1753504660849,04:37:40.849,blofin,AAVE/USDT:USDT,297.12,151.0,297.15,11.0,297.17,322520.2,
1753504666591,04:37:46.591,bitmart,AAVE/USDT:USDT,297.33,27.0,297.34,23.0,297.34,,1785868.0
1753504666758,04:37:46.758,bitget,AAVE/USDT:USDT,297.65,0.5,297.66,1.0,297.73,254330.0,74015919.944
1753504667114,04:37:47.114,bitget,AAVE/USDT:USDT,297.65,0.5,297.66,1.3,297.73,254330.0,74015919.944
1753504667278,04:37:47.278,gateio,AAVE/USDT:USDT,,,,,297.43,355817.0,105830786.0
1753504667423,04:37:47.423,gate,AAVE/USDT:USDT,,,,,297.43,355805.0,105827140.0
1753504667475,04:37:47.475,bybit,AAVE/USDT:USDT,297.44,0.36,297.45,4.23,297.46,365458.71,106451269.2857
1753504667509,04:37:47.509,bitget,AAVE/USDT:USDT,297.65,0.8,297.66,1.0,297.73,254330.0,74015919.944
1753504660849,04:37:40.849,blofin,AAVE/USDT:USDT,297.12,181.0,297.15,12.0,297.17,322520.2,
1753504667574,04:37:47.574,bybit,AAVE/USDT:USDT,297.44,0.36,297.45,2.53,297.46,365458.71,106451269.2857
1753504667602,04:37:47.602,bitmart,AAVE/USDT:USDT,297.33,27.0,297.34,43.0,297.34,,1785868.0
1753504667674,04:37:47.674,bybit,AAVE/USDT:USDT,297.44,0.36,297.45,2.67,297.46,365458.71,106451269.2857
1753504668022,04:37:48.022,kucoinfutures,AAVE/USDT:USDT,297.43,701.0,297.47,42.0,297.44,,
1753504660849,04:37:40.849,blofin,AAVE/USDT:USDT,297.12,153.0,297.14,9.0,297.17,322520.2,
1753504668093,04:37:48.093,bitget,AAVE/USDT:USDT,297.65,0.5,297.66,0.8,297.73,254330.0,74015919.944
1753504664552,04:37:44.552,mexc,AAVE/USDT:USDT,,,,,297.45,29919378.0,87012290.2905
1753504668474,04:37:48.474,bybit,AAVE/USDT:USDT,297.44,2.94,297.45,2.53,297.46,365458.71,106451269.2857
1753504660849,04:37:40.849,blofin,AAVE/USDT:USDT,297.12,153.0,297.14,14.0,297.17,322520.2,
1753504668597,04:37:48.597,bitmart,AAVE/USDT:USDT,297.33,27.0,297.34,20.0,297.33,,1785872.0
1753504668674,04:37:48.674,bybit,AAVE/USDT:USDT,297.44,0.36,297.45,2.53,297.46,365458.71,106451269.2857
1753504668084,04:37:48.084,xt,AAVE/USDT:USDT,,,,,297.34,,1646873.0
1753504669175,04:37:49.175,bybit,AAVE/USDT:USDT,297.44,0.36,297.45,2.54,297.46,365458.71,106451269.2857
1753504660849,04:37:40.849,blofin,AAVE/USDT:USDT,297.12,64.0,297.14,14.0,297.17,322520.2,
1753504669210,04:37:49.210,phemex,AAVE/USDT:USDT,,,,,297.36,10814.0,3153889.671
1753504669374,04:37:49.374,bybit,AAVE/USDT:USDT,297.44,0.36,297.45,4.16,297.46,365458.71,106451269.2857
1753504669397,04:37:49.397,bitget,AAVE/USDT:USDT,297.63,30.8,297.66,2.8,297.73,254330.0,74015919.944
1753504669474,04:37:49.474,bybit,AAVE/USDT:USDT,297.44,0.36,297.45,2.67,297.46,365458.71,106451269.2857
1753504660849,04:37:40.849,blofin,AAVE/USDT:USDT,297.12,64.0,297.14,14.0,297.17,322520.2,
1753504669591,04:37:49.591,bitmart,AAVE/USDT:USDT,297.33,27.0,297.34,20.0,297.33,,1785876.0
1753504669856,04:37:49.856,bitget,AAVE/USDT:USDT,297.64,0.5,297.65,0.3,297.73,254330.0,74015919.944
1753504660849,04:37:40.849,blofin,AAVE/USDT:USDT,297.12,61.0,297.14,14.0,297.17,322520.2,
1753504670256,04:37:50.256,gateio,AAVE/USDT:USDT,,,,,297.43,355824.0,105832772.0
1753504670416,04:37:50.416,gate,AAVE/USDT:USDT,,,,,297.43,355811.0,105829126.0
1753504660849,04:37:40.849,blofin,AAVE/USDT:USDT,297.12,219.0,297.14,16.0,297.17,322520.2,
1753504670590,04:37:50.590,bitmart,AAVE/USDT:USDT,297.33,27.0,297.34,30.0,297.33,,1785882.0
1753504670695,04:37:50.695,bitget,AAVE/USDT:USDT,297.64,1.5,297.65,0.8,297.73,254330.0,74015919.944
1753504664552,04:37:44.552,mexc,AAVE/USDT:USDT,,,,,297.45,29919378.0,87012290.2905
1753504660849,04:37:40.849,blofin,AAVE/USDT:USDT,297.12,220.0,297.14,19.0,297.17,322520.2,
1753504671374,04:37:51.374,bybit,AAVE/USDT:USDT,297.44,0.36,297.45,3.16,297.46,365458.71,106451269.2857
1753504660849,04:37:40.849,blofin,AAVE/USDT:USDT,297.12,220.0,297.14,19.0,297.17,322520.2,
1753504671563,04:37:51.563,bitget,AAVE/USDT:USDT,297.64,1.8,297.66,0.5,297.73,254330.0,74015919.944
1753504671604,04:37:51.604,bitmart,AAVE/USDT:USDT,297.33,37.0,297.34,26.0,297.34,,1785888.0
1753504671723,04:37:51.723,binance,AAVE/USDT:USDT,,,,,297.34,1033076.0,300512059.978
1753504671774,04:37:51.774,bybit,AAVE/USDT:USDT,297.44,11.04,297.45,3.03,297.46,365458.71,106451269.2857
1753504671874,04:37:51.874,bybit,AAVE/USDT:USDT,297.44,9.82,297.45,3.03,297.46,365458.71,106451269.2857
1753504671890,04:37:51.890,bitget,AAVE/USDT:USDT,297.64,4.0,297.68,0.7,297.65,254330.0,74015919.944
1753504670349,04:37:50.349,xt,AAVE/USDT:USDT,,,,,297.34,,1646879.0
1753504660849,04:37:40.849,blofin,AAVE/USDT:USDT,297.12,3.0,297.14,20.0,297.17,322520.2,
1753504672274,04:37:52.274,bitget,AAVE/USDT:USDT,297.67,5.2,297.68,1.1,297.65,254330.0,74015919.944
1753504672374,04:37:52.374,bybit,AAVE/USDT:USDT,297.44,9.75,297.45,3.03,297.46,365458.71,106451269.2857
1753504672475,04:37:52.475,bybit,AAVE/USDT:USDT,297.44,9.84,297.45,3.03,297.46,365458.71,106451269.2857
1753504672575,04:37:52.575,bybit,AAVE/USDT:USDT,297.44,8.68,297.45,3.03,297.46,365458.71,106451269.2857
1753504660849,04:37:40.849,blofin,AAVE/USDT:USDT,297.12,185.0,297.14,9.0,297.17,322520.2,
1753504672874,04:37:52.874,bybit,AAVE/USDT:USDT,297.44,7.19,297.45,3.03,297.46,365458.71,106451269.2857
1753504672938,04:37:52.938,bitget,AAVE/USDT:USDT,297.67,5.2,297.68,1.1,297.65,254330.0,74015919.944
1753504672974,04:37:52.974,bybit,AAVE/USDT:USDT,297.44,7.19,297.45,3.05,297.46,365458.71,106451269.2857
1753504664552,04:37:44.552,mexc,AAVE/USDT:USDT,,,,,297.45,29919378.0,87012290.2905
1753504660849,04:37:40.849,blofin,AAVE/USDT:USDT,297.16,236.0,297.18,10.0,297.17,322520.2,
1753504673265,04:37:53.265,gateio,AAVE/USDT:USDT,,,,,297.48,355829.0,105852122.0
1753504673406,04:37:53.406,gate,AAVE/USDT:USDT,,,,,297.48,355817.0,105848476.0
1753504660849,04:37:40.849,blofin,AAVE/USDT:USDT,297.16,236.0,297.18,13.0,297.17,322520.2,
1753504673574,04:37:53.574,bybit,AAVE/USDT:USDT,297.44,7.19,297.45,2.84,297.46,365458.71,106451269.2857
1753504673605,04:37:53.605,bitmart,AAVE/USDT:USDT,297.34,163.0,297.35,5.0,297.34,,1785896.0
1753504673654,04:37:53.654,bitget,AAVE/USDT:USDT,297.67,5.2,297.68,1.1,297.65,254330.2,74015979.474
1753504671723,04:37:51.723,binance,AAVE/USDT:USDT,,,,,297.34,1033078.1,300512684.392
1753504671723,04:37:51.723,binanceusdm,AAVE/USDT:USDT,,,,,297.34,1033078.1,300512684.392
1753504673972,04:37:53.972,bitget,AAVE/USDT:USDT,297.67,5.2,297.68,1.1,297.65,254330.2,74015979.474
1753504660849,04:37:40.849,blofin,AAVE/USDT:USDT,297.16,236.0,297.18,13.0,297.17,322520.2,
1753504674174,04:37:54.174,bybit,AAVE/USDT:USDT,297.44,7.19,297.45,2.89,297.46,365458.71,106451269.2857
1753504674255,04:37:54.255,gateio,AAVE/USDT:USDT,,,,,297.48,355829.0,105852122.0
1753504674279,04:37:54.279,bitget,AAVE/USDT:USDT,297.67,5.2,297.68,1.1,297.65,254330.2,74015979.474
1753504674405,04:37:54.405,gate,AAVE/USDT:USDT,,,,,297.48,355817.0,105848476.0
1753504674474,04:37:54.474,bybit,AAVE/USDT:USDT,297.44,7.19,297.45,2.9,297.46,365458.71,106451269.2857
1753504660849,04:37:40.849,blofin,AAVE/USDT:USDT,297.16,181.0,297.18,14.0,297.17,322520.2,
1753504674593,04:37:54.593,bitmart,AAVE/USDT:USDT,297.34,138.0,297.35,5.0,297.34,,1785900.0
1753504674712,04:37:54.712,bitget,AAVE/USDT:USDT,297.67,4.2,297.68,1.1,297.65,254330.0,74015919.944
1753504673687,04:37:53.687,xt,AAVE/USDT:USDT,,,,,297.34,,1646893.0
1753504660849,04:37:40.849,blofin,AAVE/USDT:USDT,297.16,193.0,297.18,14.0,297.17,322520.2,
1753504675220,04:37:55.220,phemex,AAVE/USDT:USDT,,,,,297.36,10814.0,3153889.671
1753504675297,04:37:55.297,bitget,AAVE/USDT:USDT,297.67,3.7,297.68,1.1,297.65,254330.2,74015979.474
1753504674549,04:37:54.549,mexc,AAVE/USDT:USDT,,,,,297.34,29919396.0,87012343.8293
1753504660849,04:37:40.849,blofin,AAVE/USDT:USDT,297.16,195.0,297.18,14.0,297.17,322520.2,
1753504675610,04:37:55.610,bitmart,AAVE/USDT:USDT,297.34,138.0,297.35,5.0,297.34,,1785904.0
1753504675613,04:37:55.613,bitget,AAVE/USDT:USDT,297.67,2.7,297.68,1.1,297.65,254330.2,74015979.474
1753504675396,04:37:55.396,binance,AAVE/USDT:USDT,,,,,297.34,1033078.3,300512743.86
1753504675396,04:37:55.396,binanceusdm,AAVE/USDT:USDT,,,,,297.34,1033078.3,300512743.86
1753504675974,04:37:55.974,bybit,AAVE/USDT:USDT,297.44,3.03,297.45,2.9,297.46,365458.71,106451269.2857
1753504675957,04:37:55.957,bitget,AAVE/USDT:USDT,297.67,2.4,297.68,1.1,297.65,254330.2,74015979.474
1753504660849,04:37:40.849,blofin,AAVE/USDT:USDT,297.16,197.0,297.18,15.0,297.17,322520.2,
1753504676074,04:37:56.074,bybit,AAVE/USDT:USDT,297.44,2.94,297.45,2.9,297.46,365458.71,106451269.2857
1753504676261,04:37:56.261,gateio,AAVE/USDT:USDT,,,,,297.46,355835.0,105846868.0
1753504676417,04:37:56.417,gate,AAVE/USDT:USDT,,,,,297.46,355823.0,105843222.0
1753504660849,04:37:40.849,blofin,AAVE/USDT:USDT,297.16,87.0,297.18,22.0,297.17,322520.2,
1753504676592,04:37:56.592,bitmart,AAVE/USDT:USDT,297.34,37.0,297.35,23.0,297.35,,1785908.0
1753504676603,04:37:56.603,bitget,AAVE/USDT:USDT,297.66,0.8,297.67,1.0,297.65,254330.2,74015979.474
1753504676774,04:37:56.774,bybit,AAVE/USDT:USDT,297.44,0.36,297.45,2.9,297.46,365458.71,106451269.2857
1753504676982,04:37:56.982,bitget,AAVE/USDT:USDT,297.65,1.0,297.66,2.2,297.65,254330.0,74015919.944
1753504660849,04:37:40.849,blofin,AAVE/USDT:USDT,297.16,87.0,297.18,22.0,297.17,322520.2,
1753504660849,04:37:40.849,blofin,AAVE/USDT:USDT,297.16,8.0,297.18,79.0,297.17,322520.2,
1753504677478,04:37:57.478,bitget,AAVE/USDT:USDT,297.65,1.0,297.66,2.7,297.65,254330.0,74015919.944
1753504677606,04:37:57.606,bitmart,AAVE/USDT:USDT,297.34,24.0,297.35,23.0,297.34,,1785914.0
1753504674549,04:37:54.549,mexc,AAVE/USDT:USDT,,,,,297.34,29919396.0,87012343.8293
1753504676900,04:37:56.900,xt,AAVE/USDT:USDT,,,,,297.34,,1646903.0
1753504678225,04:37:58.225,phemex,AAVE/USDT:USDT,,,,,297.36,10814.0,3153889.671
1753504678231,04:37:58.231,bitget,AAVE/USDT:USDT,297.65,1.5,297.66,0.8,297.65,254330.2,74015979.474
1753504660849,04:37:40.849,blofin,AAVE/USDT:USDT,297.16,9.0,297.18,208.0,297.17,322520.2,
1753504678593,04:37:58.593,bitmart,AAVE/USDT:USDT,297.34,25.0,297.35,29.0,297.35,,1785924.0
1753504678639,04:37:58.639,bitget,AAVE/USDT:USDT,297.66,0.5,297.67,0.5,297.65,254330.2,74015979.474
1753504678874,04:37:58.874,bybit,AAVE/USDT:USDT,297.44,7.04,297.45,2.9,297.46,365458.71,106451269.2857
1753504678974,04:37:58.974,bybit,AAVE/USDT:USDT,297.44,5.33,297.45,2.9,297.46,365458.71,106451269.2857
1753504678947,04:37:58.947,bitget,AAVE/USDT:USDT,297.66,0.5,297.67,0.8,297.65,254330.2,74015979.474
1753504679074,04:37:59.074,bybit,AAVE/USDT:USDT,297.44,3.01,297.45,2.9,297.46,365458.71,106451269.2857
1753504660849,04:37:40.849,blofin,AAVE/USDT:USDT,297.16,15.0,297.18,54.0,297.17,322520.2,
1753504679175,04:37:59.175,bybit,AAVE/USDT:USDT,297.44,2.94,297.45,2.9,297.46,365458.71,106451269.2857
1753504679475,04:37:59.475,bybit,AAVE/USDT:USDT,297.44,3.92,297.45,2.9,297.46,365458.71,106451269.2857
1753504679574,04:37:59.574,bybit,AAVE/USDT:USDT,297.44,3.99,297.45,2.9,297.46,365458.71,106451269.2857
1753504660849,04:37:40.849,blofin,AAVE/USDT:USDT,297.16,15.0,297.18,54.0,297.17,322520.2,
1753504679542,04:37:59.542,binance,AAVE/USDT:USDT,,,,,297.35,1033078.4,300512773.595
1753504679542,04:37:59.542,binanceusdm,AAVE/USDT:USDT,,,,,297.35,1033078.4,300512773.595
1753504679607,04:37:59.607,bitmart,AAVE/USDT:USDT,297.34,41.0,297.35,29.0,297.34,,1785934.0
1753504679674,04:37:59.674,bybit,AAVE/USDT:USDT,297.47,4.17,297.48,0.55,297.45,365461.61,106452131.8907
1753504679674,04:37:59.674,bitget,AAVE/USDT:USDT,297.67,0.3,297.68,1.1,297.65,254330.2,74015979.474
1753504679774,04:37:59.774,bybit,AAVE/USDT:USDT,297.47,4.17,297.48,0.55,297.45,365461.61,106452131.8907
1753504678563,04:37:58.563,mexc,AAVE/USDT:USDT,,,,,297.34,29919396.0,87012343.8293
1753504679985,04:37:59.985,bitget,AAVE/USDT:USDT,297.67,0.3,297.68,1.1,297.65,254330.2,74015979.474
1753504660849,04:37:40.849,blofin,AAVE/USDT:USDT,297.16,29.0,297.18,46.0,297.17,322520.2,
1753504680175,04:38:00.175,bybit,AAVE/USDT:USDT,297.49,2.44,297.5,0.48,297.48,365462.16,106452295.5047
1753504680274,04:38:00.274,bybit,AAVE/USDT:USDT,297.49,2.44,297.5,0.48,297.48,365462.16,106452295.5047
1753504680338,04:38:00.338,bitget,AAVE/USDT:USDT,297.72,0.8,297.73,3.1,297.65,254330.2,74015979.474
1753504680474,04:38:00.474,bybit,AAVE/USDT:USDT,297.49,1.56,297.5,0.46,297.48,365462.16,106452295.5047
1753504660849,04:37:40.849,blofin,AAVE/USDT:USDT,297.18,207.0,297.21,3.0,297.17,322520.2,
1753504680574,04:38:00.574,bybit,AAVE/USDT:USDT,297.48,2.84,297.5,2.65,297.48,365462.16,106452295.5047
1753504680604,04:38:00.604,bitmart,AAVE/USDT:USDT,297.38,105.0,297.39,4.0,297.38,,1781170.0
1753504680716,04:38:00.716,bitget,AAVE/USDT:USDT,297.7,1.9,297.73,1.4,297.72,254283.0,74002456.684
1753504680874,04:38:00.874,bybit,AAVE/USDT:USDT,297.47,3.11,297.5,2.65,297.48,365462.16,106452295.5047
1753504679260,04:37:59.260,xt,AAVE/USDT:USDT,,,,,297.34,,1646912.0
1753504681074,04:38:01.074,bybit,AAVE/USDT:USDT,297.48,1.5,297.5,2.65,297.48,365462.16,106452295.5047
1753504681374,04:38:01.374,bybit,AAVE/USDT:USDT,297.48,1.5,297.5,0.46,297.48,365462.16,106452295.5047
1753504681474,04:38:01.474,bybit,AAVE/USDT:USDT,297.46,1.78,297.48,2.44,297.48,365462.16,106452295.5047
1753504681472,04:38:01.472,bitget,AAVE/USDT:USDT,297.7,3.4,297.73,1.9,297.72,254284.6,74002933.036
1753504681574,04:38:01.574,bybit,AAVE/USDT:USDT,297.46,1.34,297.47,1.03,297.48,365462.16,106452295.5047
1753504681520,04:38:01.520,binance,AAVE/USDT:USDT,,,,,297.38,1030364.7,299736428.723
1753504681520,04:38:01.520,binanceusdm,AAVE/USDT:USDT,,,,,297.38,1030364.7,299736428.723
1753504660849,04:37:40.849,blofin,AAVE/USDT:USDT,297.18,225.0,297.2,1.0,297.17,322520.2,
1753504681650,04:38:01.650,bitmart,AAVE/USDT:USDT,297.38,105.0,297.39,1.0,297.39,,1781174.0
1753504681674,04:38:01.674,bybit,AAVE/USDT:USDT,297.46,2.62,297.47,0.44,297.48,365462.16,106452295.5047
1753504660849,04:37:40.849,blofin,AAVE/USDT:USDT,297.18,225.0,297.2,1.0,297.17,322520.2,
1753504682273,04:38:02.273,gateio,AAVE/USDT:USDT,,,,,297.47,355840.0,105851926.0
1753504682409,04:38:02.409,gate,AAVE/USDT:USDT,,,,,297.47,355828.0,105848280.0
1753504678563,04:37:58.563,mexc,AAVE/USDT:USDT,,,,,297.34,29919396.0,87012343.8293
1753504682465,04:38:02.465,bitget,AAVE/USDT:USDT,297.68,2.6,297.69,0.5,297.66,254330.2,74015979.474
1753504682574,04:38:02.574,bybit,AAVE/USDT:USDT,297.46,2.62,297.47,0.46,297.48,365462.16,106452295.5047
1753504660849,04:37:40.849,blofin,AAVE/USDT:USDT,297.18,227.0,297.2,4.0,297.17,322520.2,
1753504682602,04:38:02.602,bitmart,AAVE/USDT:USDT,297.38,47.0,297.39,29.0,297.39,,1781174.0
1753504682775,04:38:02.775,bybit,AAVE/USDT:USDT,297.46,2.72,297.47,0.46,297.48,365462.16,106452295.5047
1753504660849,04:37:40.849,blofin,AAVE/USDT:USDT,297.18,28.0,297.21,11.0,297.17,322520.2,
1753504683068,04:38:03.068,bitget,AAVE/USDT:USDT,297.68,2.6,297.69,0.5,297.66,254325.8,74015196.86
1753504683415,04:38:03.415,bitget,AAVE/USDT:USDT,297.68,2.6,297.69,0.5,297.66,254325.8,74015196.86
1753504683536,04:38:03.536,bitmart,AAVE/USDT:USDT,297.38,47.0,297.39,82.0,297.39,,1781174.0
1753504660849,04:37:40.849,blofin,AAVE/USDT:USDT,297.18,28.0,297.21,12.0,297.17,322520.2,
1753504682348,04:38:02.348,binance,AAVE/USDT:USDT,,,,,297.38,1030366.3,299736904.531
1753504682348,04:38:02.348,binanceusdm,AAVE/USDT:USDT,,,,,297.38,1030366.3,299736904.531
1753504683674,04:38:03.674,bybit,AAVE/USDT:USDT,297.46,0.1,297.47,0.46,297.48,365462.16,106452295.5047
1753504683774,04:38:03.774,bybit,AAVE/USDT:USDT,297.46,0.1,297.47,3.83,297.48,365462.16,106452295.5047
1753504683776,04:38:03.776,bitget,AAVE/USDT:USDT,297.68,2.6,297.69,0.5,297.66,254330.2,74015979.474
1753504683874,04:38:03.874,bybit,AAVE/USDT:USDT,297.46,0.1,297.47,4.89,297.48,365462.16,106452295.5047
1753504682510,04:38:02.510,xt,AAVE/USDT:USDT,,,,,297.38,,1646927.0
1753504684074,04:38:04.074,bybit,AAVE/USDT:USDT,297.43,0.99,297.44,3.55,297.44,365462.62,106452432.3291
1753504660849,04:37:40.849,blofin,AAVE/USDT:USDT,297.18,28.0,297.21,12.0,297.17,322520.2,
1753504684235,04:38:04.235,phemex,AAVE/USDT:USDT,,,,,297.36,10808.6,3152343.489
1753504684261,04:38:04.261,gateio,AAVE/USDT:USDT,,,,,297.47,355840.0,105851926.0
1753504684274,04:38:04.274,bybit,AAVE/USDT:USDT,297.43,0.99,297.44,3.55,297.44,365462.62,106452432.3291
1753504684374,04:38:04.374,bybit,AAVE/USDT:USDT,297.43,0.78,297.44,3.55,297.43,365462.83,106452494.7894
1753504684367,04:38:04.367,bitget,AAVE/USDT:USDT,297.63,30.8,297.64,2.2,297.66,254325.8,74015196.86
1753504684412,04:38:04.412,gate,AAVE/USDT:USDT,,,,,297.47,355828.0,105848280.0
1753504684474,04:38:04.474,bybit,AAVE/USDT:USDT,297.43,0.78,297.44,3.55,297.43,365462.83,106452494.7894
1753504660849,04:37:40.849,blofin,AAVE/USDT:USDT,297.18,8.0,297.19,235.0,297.17,322520.2,
1753504684574,04:38:04.574,bybit,AAVE/USDT:USDT,297.43,0.78,297.44,5.04,297.43,365462.83,106452494.7894
1753504684648,04:38:04.648,bitmart,AAVE/USDT:USDT,297.34,23.0,297.35,103.0,297.38,,1781178.0
1753504682553,04:38:02.553,mexc,AAVE/USDT:USDT,,,,,297.34,29919430.0,87012444.9249
1753504684828,04:38:04.828,bitget,AAVE/USDT:USDT,297.63,30.8,297.64,4.0,297.66,254325.8,74015196.86
1753504684874,04:38:04.874,bybit,AAVE/USDT:USDT,297.45,0.65,297.47,0.44,297.44,365465.47,106453280.031
1753504684974,04:38:04.974,bybit,AAVE/USDT:USDT,297.45,0.59,297.47,0.44,297.44,365465.47,106453280.031
1753504685074,04:38:05.074,bybit,AAVE/USDT:USDT,297.45,0.59,297.46,0.42,297.44,365465.47,106453280.031
1753504684654,04:38:04.654,blofin,AAVE/USDT:USDT,297.17,2.0,297.18,407.0,297.17,322308.2,
1753504685174,04:38:05.174,bybit,AAVE/USDT:USDT,297.44,1.19,297.45,0.42,297.44,365465.47,106453280.031
1753504685474,04:38:05.474,bybit,AAVE/USDT:USDT,297.44,1.19,297.45,0.42,297.44,365465.47,106453280.031
1753504684654,04:38:04.654,blofin,AAVE/USDT:USDT,297.17,2.0,297.18,407.0,297.17,322308.2,
1753504683802,04:38:03.802,binance,AAVE/USDT:USDT,,,,,297.35,1030374.6,299739372.756
1753504683802,04:38:03.802,binanceusdm,AAVE/USDT:USDT,,,,,297.35,1030374.6,299739372.756
1753504685646,04:38:05.646,bitmart,AAVE/USDT:USDT,297.37,3.0,297.38,52.0,297.34,,1781182.0
1753504685774,04:38:05.774,bybit,AAVE/USDT:USDT,297.46,1.19,297.47,0.02,297.44,365465.47,106453280.031
1753504685769,04:38:05.769,bitget,AAVE/USDT:USDT,297.66,31.1,297.71,3.5,297.66,254283.0,74002456.684
1753504685874,04:38:05.874,bybit,AAVE/USDT:USDT,297.46,1.19,297.47,0.02,297.44,364910.07,106294278.6649
1753504685974,04:38:05.974,bybit,AAVE/USDT:USDT,297.46,1.19,297.47,0.44,297.44,364910.07,106294278.6649
1753504685848,04:38:05.848,blofin,AAVE/USDT:USDT,297.17,28.0,297.19,99.0,297.19,322323.2,
1753504686275,04:38:06.275,bybit,AAVE/USDT:USDT,297.45,2.88,297.47,0.44,297.44,364910.07,106294278.6649
1753504686374,04:38:06.374,bybit,AAVE/USDT:USDT,297.45,0.3,297.47,0.44,297.44,364910.07,106294278.6649
1753504686422,04:38:06.422,bitget,AAVE/USDT:USDT,297.67,1.9,297.71,6.0,297.66,254325.8,74015196.86
1753504686475,04:38:06.475,bybit,AAVE/USDT:USDT,297.45,0.26,297.46,0.4,297.44,364910.07,106294278.6649
1753504686575,04:38:06.575,bybit,AAVE/USDT:USDT,297.44,3.93,297.46,0.4,297.44,364910.07,106294278.6649
1753504685848,04:38:05.848,blofin,AAVE/USDT:USDT,297.17,129.0,297.19,207.0,297.19,322323.2,
1753504686648,04:38:06.648,bitmart,AAVE/USDT:USDT,297.37,46.0,297.38,35.0,297.37,,1781186.0
1753504686674,04:38:06.674,bybit,AAVE/USDT:USDT,297.43,1.04,297.46,0.81,297.44,364910.07,106294278.6649
1753504686749,04:38:06.749,bitget,AAVE/USDT:USDT,297.67,0.4,297.68,0.3,297.66,254325.8,74015196.86
1753504685673,04:38:05.673,xt,AAVE/USDT:USDT,,,,,297.35,,1646946.0
1753504682553,04:38:02.553,mexc,AAVE/USDT:USDT,,,,,297.34,29919430.0,87012444.9249
1753504685848,04:38:05.848,blofin,AAVE/USDT:USDT,297.18,4.0,297.19,2.0,297.19,322323.2,
1753504687174,04:38:07.174,bybit,AAVE/USDT:USDT,297.45,0.12,297.46,0.42,297.44,364910.07,106294278.6649
1753504687148,04:38:07.148,bitget,AAVE/USDT:USDT,297.67,0.7,297.68,0.5,297.66,254325.8,74015196.86
1753504687240,04:38:07.240,phemex,AAVE/USDT:USDT,,,,,297.36,10808.6,3152343.489
1753504687475,04:38:07.475,bybit,AAVE/USDT:USDT,297.43,1.04,297.46,0.42,297.44,364910.07,106294278.6649
1753504687552,04:38:07.552,bitget,AAVE/USDT:USDT,297.67,0.7,297.68,0.5,297.66,254325.8,74015196.86
1753504685848,04:38:05.848,blofin,AAVE/USDT:USDT,297.18,4.0,297.19,2.0,297.19,322323.2,
1753504687635,04:38:07.635,bitmart,AAVE/USDT:USDT,297.37,13.0,297.38,35.0,297.37,,1781190.0
1753504687875,04:38:07.875,bybit,AAVE/USDT:USDT,297.43,1.04,297.46,0.48,297.44,364910.07,106294278.6649
1753504687875,04:38:07.875,bitget,AAVE/USDT:USDT,297.67,0.4,297.68,2.8,297.66,254325.8,74015196.86
1753504687974,04:38:07.974,bybit,AAVE/USDT:USDT,297.43,1.04,297.45,0.1,297.44,364910.07,106294278.6649
1753504688290,04:38:08.290,bitget,AAVE/USDT:USDT,297.67,0.7,297.68,0.5,297.66,254325.8,74015196.86
1753504685848,04:38:05.848,blofin,AAVE/USDT:USDT,297.18,9.0,297.2,216.0,297.19,322323.2,
1753504688558,04:38:08.558,bitmart,AAVE/USDT:USDT,297.37,29.0,297.38,35.0,297.38,,1781196.0
1753504688574,04:38:08.574,bybit,AAVE/USDT:USDT,297.44,4.08,297.45,0.1,297.44,364910.07,106294278.6649
1753504688641,04:38:08.641,bitget,AAVE/USDT:USDT,297.67,0.7,297.68,0.5,297.66,254325.8,74015196.86
1753504688711,04:38:08.711,binance,AAVE/USDT:USDT,,,,,297.38,1030374.8,299739432.232
1753504688711,04:38:08.711,binanceusdm,AAVE/USDT:USDT,,,,,297.38,1030374.8,299739432.232
1753504688956,04:38:08.956,bitget,AAVE/USDT:USDT,297.67,0.7,297.68,0.5,297.66,254325.8,74015196.86
1753504685848,04:38:05.848,blofin,AAVE/USDT:USDT,297.18,9.0,297.2,216.0,297.19,322323.2,
1753504689290,04:38:09.290,bitget,AAVE/USDT:USDT,297.68,2.2,297.69,0.5,297.66,254325.8,74015196.86
1753504682553,04:38:02.553,mexc,AAVE/USDT:USDT,,,,,297.34,29919430.0,87012444.9249
1753504689474,04:38:09.474,bybit,AAVE/USDT:USDT,297.44,5.51,297.45,0.1,297.44,364910.07,106294278.6649
1753504689602,04:38:09.602,bitmart,AAVE/USDT:USDT,297.37,29.0,297.38,2.0,297.37,,1781202.0
1753504689766,04:38:09.766,bitget,AAVE/USDT:USDT,297.67,0.7,297.68,1.0,297.66,254325.8,74015196.86
1753504688963,04:38:08.963,xt,AAVE/USDT:USDT,,,,,297.38,,1646955.0
1753504689974,04:38:09.974,bybit,AAVE/USDT:USDT,297.44,4.01,297.45,0.1,297.44,364910.07,106294278.6649
1753504690274,04:38:10.274,bybit,AAVE/USDT:USDT,297.44,10.75,297.45,0.1,297.44,364910.07,106294278.6649
1753504690278,04:38:10.278,gateio,AAVE/USDT:USDT,,,,,297.47,355834.0,105850426.0
1753504690462,04:38:10.462,bitget,AAVE/USDT:USDT,297.67,1.0,297.68,0.5,297.66,254325.8,74015196.86
1753504685848,04:38:05.848,blofin,AAVE/USDT:USDT,297.18,52.0,297.2,201.0,297.19,322323.2,
1753504690593,04:38:10.593,bitmart,AAVE/USDT:USDT,297.37,32.0,297.38,53.0,297.37,,1781202.0
1753504688998,04:38:08.998,binance,AAVE/USDT:USDT,,,,,297.37,1030375.6,299739670.13
1753504688998,04:38:08.998,binanceusdm,AAVE/USDT:USDT,,,,,297.37,1030375.6,299739670.13
1753504690795,04:38:10.795,bitget,AAVE/USDT:USDT,297.67,0.7,297.68,0.5,297.66,254325.8,74015196.86
1753504685848,04:38:05.848,blofin,AAVE/USDT:USDT,297.18,52.0,297.2,169.0,297.19,322323.2,
1753504691138,04:38:11.138,bitget,AAVE/USDT:USDT,297.67,0.7,297.68,0.5,297.66,254325.8,74015196.86
1753504691464,04:38:11.464,bitget,AAVE/USDT:USDT,297.67,0.7,297.68,0.5,297.66,254325.8,74015196.86
1753504685848,04:38:05.848,blofin,AAVE/USDT:USDT,297.18,39.0,297.2,72.0,297.19,322323.2,
1753504691603,04:38:11.603,bitmart,AAVE/USDT:USDT,297.37,66.0,297.38,120.0,297.38,,1781206.0
1753504682553,04:38:02.553,mexc,AAVE/USDT:USDT,,,,,297.34,29919430.0,87012444.9249
1753504691774,04:38:11.774,bybit,AAVE/USDT:USDT,297.44,10.75,297.45,0.1,297.44,364910.07,106294278.6649
1753504691862,04:38:11.862,bitget,AAVE/USDT:USDT,297.67,0.7,297.68,0.5,297.66,254325.8,74015196.86
1753504685848,04:38:05.848,blofin,AAVE/USDT:USDT,297.18,39.0,297.2,72.0,297.19,322323.2,
1753504692264,04:38:12.264,bitget,AAVE/USDT:USDT,297.67,0.7,297.68,0.5,297.66,254325.8,74015196.86
1753504685848,04:38:05.848,blofin,AAVE/USDT:USDT,297.18,37.0,297.2,108.0,297.19,322323.2,
1753504692575,04:38:12.575,bitget,AAVE/USDT:USDT,297.67,0.7,297.68,0.5,297.66,254325.8,74015196.86
1753504692652,04:38:12.652,bitmart,AAVE/USDT:USDT,297.37,34.0,297.38,67.0,297.38,,1781212.0
1753504692674,04:38:12.674,bybit,AAVE/USDT:USDT,297.44,12.01,297.45,0.1,297.44,364910.07,106294278.6649
1753504692761,04:38:12.761,binance,AAVE/USDT:USDT,,,,,297.38,1030375.7,299739699.868
1753504692761,04:38:12.761,binanceusdm,AAVE/USDT:USDT,,,,,297.38,1030375.7,299739699.868
1753504691270,04:38:11.270,xt,AAVE/USDT:USDT,,,,,297.37,,1646958.0
1753504692974,04:38:12.974,bybit,AAVE/USDT:USDT,297.44,10.84,297.45,0.1,297.44,364910.07,106294278.6649
1753504685848,04:38:05.848,blofin,AAVE/USDT:USDT,297.18,37.0,297.2,108.0,297.19,322323.2,
1753504693174,04:38:13.174,bybit,AAVE/USDT:USDT,297.44,10.84,297.45,0.17,297.44,364910.07,106294278.6649
1753504685848,04:38:05.848,blofin,AAVE/USDT:USDT,297.18,37.0,297.2,108.0,297.19,322323.2,
1753504693574,04:38:13.574,bitget,AAVE/USDT:USDT,297.67,2.6,297.68,0.3,297.66,254325.8,74015196.86
1753504693611,04:38:13.611,bitmart,AAVE/USDT:USDT,297.37,37.0,297.38,61.0,297.38,,1781212.0
1753504693708,04:38:13.708,kucoinfutures,AAVE/USDT:USDT,297.48,2335.0,297.52,47.0,297.49,,
1753504693886,04:38:13.886,bitget,AAVE/USDT:USDT,297.67,2.6,297.68,0.3,297.66,254325.8,74015196.86
1753504682553,04:38:02.553,mexc,AAVE/USDT:USDT,,,,,297.34,29919430.0,87012444.9249
1753504693974,04:38:13.974,bybit,AAVE/USDT:USDT,297.44,10.84,297.45,0.18,297.44,364910.07,106294278.6649
1753504685848,04:38:05.848,blofin,AAVE/USDT:USDT,297.18,1.0,297.2,53.0,297.19,322323.2,
1753504694197,04:38:14.197,bitget,AAVE/USDT:USDT,297.66,28.8,297.68,0.5,297.66,254325.8,74015196.86
1753504685848,04:38:05.848,blofin,AAVE/USDT:USDT,297.18,35.0,297.21,63.0,297.19,322323.2,
1753504694591,04:38:14.591,bitmart,AAVE/USDT:USDT,297.37,37.0,297.38,61.0,297.38,,1781216.0
1753504694674,04:38:14.674,bybit,AAVE/USDT:USDT,297.44,6.93,297.45,0.58,297.44,364913.98,106295441.6553
1753504694718,04:38:14.718,bitget,AAVE/USDT:USDT,297.66,28.8,297.68,0.8,297.66,254325.8,74015196.86
1753504694774,04:38:14.774,bybit,AAVE/USDT:USDT,297.44,6.93,297.45,0.18,297.44,364913.98,106295441.6553
1753504692761,04:38:12.761,binance,AAVE/USDT:USDT,,,,,297.38,1030376.4,299739908.034
1753504692761,04:38:12.761,binanceusdm,AAVE/USDT:USDT,,,,,297.38,1030376.4,299739908.034
1753504695026,04:38:15.026,bitget,AAVE/USDT:USDT,297.66,28.5,297.67,1.9,297.66,254325.8,74015196.86
1753504685848,04:38:05.848,blofin,AAVE/USDT:USDT,297.18,35.0,297.21,60.0,297.19,322323.2,
1753504695374,04:38:15.374,bybit,AAVE/USDT:USDT,297.44,6.93,297.45,0.6,297.44,364913.98,106295441.6553
1753504695342,04:38:15.342,bitget,AAVE/USDT:USDT,297.66,28.5,297.67,2.4,297.66,254325.8,74015196.86
1753504695474,04:38:15.474,bybit,AAVE/USDT:USDT,297.44,6.84,297.45,0.18,297.44,364913.98,106295441.6553
1753504685848,04:38:05.848,blofin,AAVE/USDT:USDT,297.18,35.0,297.21,60.0,297.19,322323.2,
1753504695603,04:38:15.603,bitmart,AAVE/USDT:USDT,297.37,34.0,297.38,51.0,297.37,,1781222.0
1753504695726,04:38:15.726,bitget,AAVE/USDT:USDT,297.66,28.5,297.67,2.7,297.66,254335.6,74018113.98
1753504694600,04:38:14.600,xt,AAVE/USDT:USDT,,,,,297.38,,1646967.0
1753504696074,04:38:16.074,bybit,AAVE/USDT:USDT,297.44,6.84,297.45,0.58,297.44,364913.98,106295441.6553
1753504685848,04:38:05.848,blofin,AAVE/USDT:USDT,297.18,35.0,297.2,191.0,297.19,322323.2,
1753504696114,04:38:16.114,bitget,AAVE/USDT:USDT,297.66,28.5,297.67,2.4,297.66,254335.6,74018113.98
1753504682553,04:38:02.553,mexc,AAVE/USDT:USDT,,,,,297.34,29919430.0,87012444.9249
1753504696429,04:38:16.429,bitget,AAVE/USDT:USDT,297.66,28.5,297.67,2.7,297.66,254335.6,74018113.98
1753504685848,04:38:05.848,blofin,AAVE/USDT:USDT,297.18,39.0,297.21,192.0,297.19,322323.2,
1753504696575,04:38:16.575,bybit,AAVE/USDT:USDT,297.44,6.84,297.45,0.18,297.44,364913.98,106295441.6553
1753504696591,04:38:16.591,bitmart,AAVE/USDT:USDT,297.37,12.0,297.38,51.0,297.37,,1781226.0
1753504696837,04:38:16.837,bitget,AAVE/USDT:USDT,297.66,28.5,297.68,0.5,297.66,254335.6,74018113.98
1753504685848,04:38:05.848,blofin,AAVE/USDT:USDT,297.18,39.0,297.21,192.0,297.19,322323.2,
1753504697178,04:38:17.178,bitget,AAVE/USDT:USDT,297.66,28.5,297.68,0.5,297.66,254335.6,74018113.98
1753504697445,04:38:17.445,gate,AAVE/USDT:USDT,,,,,297.47,355840.0,105851926.0
1753504685848,04:38:05.848,blofin,AAVE/USDT:USDT,297.18,39.0,297.21,192.0,297.19,322323.2,
1753504697493,04:38:17.493,bitget,AAVE/USDT:USDT,297.66,28.5,297.68,0.5,297.66,254335.6,74018113.98
1753504697574,04:38:17.574,bybit,AAVE/USDT:USDT,297.44,6.84,297.45,0.32,297.44,364913.98,106295441.6553
1753504697597,04:38:17.597,bitmart,AAVE/USDT:USDT,297.37,31.0,297.38,51.0,297.38,,1781230.0
1753504697803,04:38:17.803,bitget,AAVE/USDT:USDT,297.66,28.5,297.68,0.8,297.66,254335.6,74018113.98
1753504697874,04:38:17.874,bybit,AAVE/USDT:USDT,297.44,6.84,297.45,0.31,297.44,364913.98,106295441.6553
1753504685848,04:38:05.848,blofin,AAVE/USDT:USDT,297.18,37.0,297.2,195.0,297.19,322323.2,
1753504698158,04:38:18.158,bitget,AAVE/USDT:USDT,297.66,30.4,297.68,0.5,297.66,254335.6,74018113.98
1753504698374,04:38:18.374,bybit,AAVE/USDT:USDT,297.44,6.84,297.45,0.38,297.44,364913.98,106295441.6553
1753504696584,04:38:16.584,mexc,AAVE/USDT:USDT,,,,,297.38,29919436.0,87012462.7677
1753504698539,04:38:18.539,bitget,AAVE/USDT:USDT,297.66,30.4,297.68,0.5,297.66,254335.6,74018113.98
1753504698592,04:38:18.592,bitmart,AAVE/USDT:USDT,297.37,30.0,297.38,69.0,297.37,,1781234.0
1753504685848,04:38:05.848,blofin,AAVE/USDT:USDT,297.18,36.0,297.2,171.0,297.19,322323.2,
1753504698774,04:38:18.774,bybit,AAVE/USDT:USDT,297.44,8.1,297.45,0.38,297.44,364913.98,106295441.6553
1753504698848,04:38:18.848,bitget,AAVE/USDT:USDT,297.66,30.4,297.68,0.5,297.66,254335.6,74018113.98
1753504697758,04:38:17.758,xt,AAVE/USDT:USDT,,,,,297.38,,1646980.0
1753504685848,04:38:05.848,blofin,AAVE/USDT:USDT,297.18,36.0,297.2,171.0,297.19,322323.2,
1753504699180,04:38:19.180,bitget,AAVE/USDT:USDT,297.66,30.4,297.69,0.8,297.66,254335.6,74018113.98
1753504699257,04:38:19.257,phemex,AAVE/USDT:USDT,,,,,297.39,10814.8,3154187.307
1753504699537,04:38:19.537,bitget,AAVE/USDT:USDT,297.66,30.4,297.68,3.5,297.66,254335.6,74018113.98
1753504685848,04:38:05.848,blofin,AAVE/USDT:USDT,297.18,36.0,297.2,171.0,297.19,322323.2,
1753504699575,04:38:19.575,bybit,AAVE/USDT:USDT,297.44,8.42,297.45,0.38,297.44,364913.98,106295441.6553
1753504699592,04:38:19.592,bitmart,AAVE/USDT:USDT,297.37,30.0,297.38,69.0,297.37,,1781238.0
1753504685848,04:38:05.848,blofin,AAVE/USDT:USDT,297.18,16.0,297.21,187.0,297.19,322323.2,
1753504700274,04:38:20.274,bybit,AAVE/USDT:USDT,297.44,7.25,297.45,0.38,297.44,364913.98,106295441.6553
1753504700474,04:38:20.474,bybit,AAVE/USDT:USDT,297.44,8.42,297.45,0.38,297.44,364913.98,106295441.6553
1753504700484,04:38:20.484,bitget,AAVE/USDT:USDT,297.66,30.4,297.69,2.0,297.66,254335.6,74018113.98
1753504685848,04:38:05.848,blofin,AAVE/USDT:USDT,297.18,16.0,297.2,35.0,297.19,322323.2,
1753504700594,04:38:20.594,bitmart,AAVE/USDT:USDT,297.37,62.0,297.38,47.0,297.37,,1781238.0
1753504700774,04:38:20.774,bybit,AAVE/USDT:USDT,297.44,8.42,297.45,0.38,297.44,364913.98,106295441.6553
1753504700839,04:38:20.839,bitget,AAVE/USDT:USDT,297.68,1.9,297.69,1.7,297.66,254335.6,74018113.98
1753504700554,04:38:20.554,mexc,AAVE/USDT:USDT,,,,,297.38,29919436.0,87012462.7677
1753504700895,04:38:20.895,binance,AAVE/USDT:USDT,,,,,297.38,1030376.5,299739937.772
1753504700895,04:38:20.895,binanceusdm,AAVE/USDT:USDT,,,,,297.38,1030376.5,299739937.772
1753504700975,04:38:20.975,bybit,AAVE/USDT:USDT,297.46,13.48,297.47,0.02,297.46,364914.42,106295572.5339
1753504685848,04:38:05.848,blofin,AAVE/USDT:USDT,297.18,16.0,297.2,35.0,297.19,322323.2,
1753504701074,04:38:21.074,bybit,AAVE/USDT:USDT,297.46,13.48,297.47,0.02,297.46,364914.42,106295572.5339
1753504701162,04:38:21.162,bitget,AAVE/USDT:USDT,297.68,2.5,297.71,2.9,297.66,254335.6,74018113.98
1753504701274,04:38:21.274,bybit,AAVE/USDT:USDT,297.46,12.57,297.47,0.02,297.46,364914.42,106295572.5339
1753504701474,04:38:21.474,bybit,AAVE/USDT:USDT,297.46,12.67,297.47,0.02,297.46,364914.42,106295572.5339
1753504701485,04:38:21.485,bitget,AAVE/USDT:USDT,297.68,2.5,297.71,5.9,297.66,254335.6,74018113.98
1753504685848,04:38:05.848,blofin,AAVE/USDT:USDT,297.18,42.0,297.2,15.0,297.19,322323.2,
1753504701603,04:38:21.603,bitmart,AAVE/USDT:USDT,297.37,69.0,297.38,54.0,297.37,,1781242.0
1753504701870,04:38:21.870,bitget,AAVE/USDT:USDT,297.68,2.5,297.71,5.9,297.66,254335.6,74018113.98
1753504700395,04:38:20.395,xt,AAVE/USDT:USDT,,,,,297.38,,1646990.0
1753504685848,04:38:05.848,blofin,AAVE/USDT:USDT,297.18,42.0,297.2,11.0,297.19,322323.2,
1753504702201,04:38:22.201,bitget,AAVE/USDT:USDT,297.68,2.5,297.71,5.9,297.66,254335.6,74018113.98
1753504702374,04:38:22.374,bybit,AAVE/USDT:USDT,297.46,11.5,297.47,0.12,297.46,364914.42,106295572.5339
1753504702510,04:38:22.510,bitget,AAVE/USDT:USDT,297.68,2.2,297.71,5.9,297.66,254335.6,74018113.98
1753504685848,04:38:05.848,blofin,AAVE/USDT:USDT,297.18,77.0,297.2,13.0,297.19,322323.2,
1753504702593,04:38:22.593,bitmart,AAVE/USDT:USDT,297.37,151.0,297.38,102.0,297.37,,1781242.0
1753504702820,04:38:22.820,bitget,AAVE/USDT:USDT,297.68,2.2,297.71,5.9,297.66,254335.6,74018113.98
1753504700895,04:38:20.895,binance,AAVE/USDT:USDT,,,,,297.38,1030376.7,299739997.248
1753504700895,04:38:20.895,binanceusdm,AAVE/USDT:USDT,,,,,297.38,1030376.7,299739997.248
1753504702975,04:38:22.975,bybit,AAVE/USDT:USDT,297.46,8.22,297.47,0.12,297.46,364914.42,106295572.5339
1753504703074,04:38:23.074,bybit,AAVE/USDT:USDT,297.46,7.25,297.47,0.54,297.46,364914.42,106295572.5339
1753504685848,04:38:05.848,blofin,AAVE/USDT:USDT,297.18,77.0,297.2,13.0,297.19,322323.2,
1753504703174,04:38:23.174,bybit,AAVE/USDT:USDT,297.46,6.93,297.47,0.54,297.46,364914.42,106295572.5339
1753504703149,04:38:23.149,bitget,AAVE/USDT:USDT,297.66,28.8,297.67,0.5,297.66,254335.6,74018113.98
1753504702551,04:38:22.551,mexc,AAVE/USDT:USDT,,,,,297.38,29919441.0,87012477.6367
1753504703374,04:38:23.374,bybit,AAVE/USDT:USDT,297.46,6.84,297.47,5.23,297.46,364914.42,106295572.5339
1753504685848,04:38:05.848,blofin,AAVE/USDT:USDT,297.18,98.0,297.2,13.0,297.19,322323.2,
1753504703517,04:38:23.517,bitget,AAVE/USDT:USDT,297.66,28.5,297.67,0.5,297.66,254335.6,74018113.98
1753504703593,04:38:23.593,bitmart,AAVE/USDT:USDT,297.37,22.0,297.38,48.0,297.38,,1781246.0
1753504703828,04:38:23.828,bitget,AAVE/USDT:USDT,297.66,28.5,297.67,0.5,297.66,254335.6,74018113.98
1753504704024,04:38:24.024,kucoinfutures,AAVE/USDT:USDT,297.48,2335.0,297.5,47.0,297.49,,
1753504685848,04:38:05.848,blofin,AAVE/USDT:USDT,297.18,99.0,297.2,13.0,297.19,322323.2,
1753504704227,04:38:24.227,bitget,AAVE/USDT:USDT,297.66,28.5,297.67,0.5,297.66,254335.6,74018113.98
1753504685848,04:38:05.848,blofin,AAVE/USDT:USDT,297.18,21.0,297.2,161.0,297.19,322323.2,
1753504704565,04:38:24.565,bitget,AAVE/USDT:USDT,297.66,28.5,297.67,0.8,297.66,254335.6,74018113.98
1753504704603,04:38:24.603,bitmart,AAVE/USDT:USDT,297.37,22.0,297.38,48.0,297.37,,1781250.0
1753504704210,04:38:24.210,binance,AAVE/USDT:USDT,,,,,297.38,1030376.8,299740026.986
1753504704210,04:38:24.210,binanceusdm,AAVE/USDT:USDT,,,,,297.38,1030376.8,299740026.986
1753504703632,04:38:23.632,xt,AAVE/USDT:USDT,,,,,297.38,,1647001.0
1753504685848,04:38:05.848,blofin,AAVE/USDT:USDT,297.18,21.0,297.2,161.0,297.19,322323.2,
1753504705185,04:38:25.185,bitget,AAVE/USDT:USDT,297.66,28.5,297.67,0.5,297.66,254335.6,74018113.98
1753504705266,04:38:25.266,phemex,AAVE/USDT:USDT,,,,,297.39,10814.8,3154187.307
1753504685848,04:38:05.848,blofin,AAVE/USDT:USDT,297.18,22.0,297.2,161.0,297.19,322323.2,
1753504704557,04:38:24.557,mexc,AAVE/USDT:USDT,,,,,297.38,29919441.0,87012477.6367
1753504705545,04:38:25.545,bitget,AAVE/USDT:USDT,297.66,28.5,297.67,0.5,297.66,254335.6,74018113.98
1753504705608,04:38:25.608,bitmart,AAVE/USDT:USDT,297.37,23.0,297.38,61.0,297.37,,1781250.0
1753504705869,04:38:25.869,bitget,AAVE/USDT:USDT,297.66,28.5,297.67,0.5,297.66,254335.6,74018113.98
1753504685848,04:38:05.848,blofin,AAVE/USDT:USDT,297.18,22.0,297.2,160.0,297.19,322323.2,
1753504706174,04:38:26.174,bybit,AAVE/USDT:USDT,297.46,6.84,297.47,3.73,297.46,364914.42,106295572.5339
1753504706375,04:38:26.375,bybit,AAVE/USDT:USDT,297.46,6.84,297.47,5.23,297.46,364914.42,106295572.5339
1753504706502,04:38:26.502,bitget,AAVE/USDT:USDT,297.66,28.5,297.67,0.5,297.66,254335.6,74018113.98
1753504685848,04:38:05.848,blofin,AAVE/USDT:USDT,297.18,22.0,297.2,160.0,297.19,322323.2,
1753504706592,04:38:26.592,bitmart,AAVE/USDT:USDT,297.37,23.0,297.38,61.0,297.37,,1781254.0
1753504706774,04:38:26.774,bybit,AAVE/USDT:USDT,297.46,6.84,297.47,3.73,297.46,364914.42,106295572.5339
1753504685848,04:38:05.848,blofin,AAVE/USDT:USDT,297.18,19.0,297.2,205.0,297.19,322323.2,
1753504707156,04:38:27.156,bitget,AAVE/USDT:USDT,297.66,28.5,297.67,0.5,297.66,254335.6,74018113.98
1753504707466,04:38:27.466,bitget,AAVE/USDT:USDT,297.66,28.5,297.67,0.5,297.66,254335.6,74018113.98
1753504707605,04:38:27.605,bitmart,AAVE/USDT:USDT,297.37,26.0,297.38,54.0,297.37,,1781260.0
