timestamp,time,exchange,symbol,bid,bidVolume,ask,askVolume,lastPrice,baseVolume,quoteVolume
1753504628053,04:37:08.053,blofin,ACH/USDT:USDT,0.02234,4208.0,0.02236,3.0,0.02235,573584.0,
1753504634864,04:37:14.864,mexc,ACH/USDT:USDT,,,,,0.022355,81930974.0,1777014.878917
1753504637761,04:37:17.761,xt,ACH/USDT:USDT,,,,,0.022354,,6677669.0
1753504639097,04:37:19.097,bitget,ACH/USDT:USDT,0.022369,14670.0,0.02237,312.0,0.022367,183373544.0,3995043.472594
1753504628053,04:37:08.053,blofin,ACH/USDT:USDT,0.02234,4209.0,0.02236,3284.0,0.02235,573584.0,
1753504640555,04:37:20.555,bitmart,ACH/USDT:USDT,0.022318,19467.0,0.02239,7592.0,0.022355,,386015032.0
1753504639246,04:37:19.246,binance,ACH/USDT:USDT,,,,,0.022354,648821884.0,14128603.087139
1753504639246,04:37:19.246,binanceusdm,ACH/USDT:USDT,,,,,0.022354,648821884.0,14128603.087139
1753504634864,04:37:14.864,mexc,ACH/USDT:USDT,,,,,0.022355,81930974.0,1777014.878917
1753504628053,04:37:08.053,blofin,ACH/USDT:USDT,0.02234,1649.0,0.02236,5156.0,0.02235,573584.0,
1753504641042,04:37:21.042,bitget,ACH/USDT:USDT,0.022369,14670.0,0.02237,312.0,0.022367,183373544.0,3995043.472594
1753504641155,04:37:21.155,bybit,ACH/USDT:USDT,0.022344,21020.0,0.022345,250.0,0.022344,75058080.0,1636813.4151
1753504641255,04:37:21.255,bybit,ACH/USDT:USDT,0.022344,30620.0,0.022345,250.0,0.022344,75058080.0,1636813.4151
1753504641355,04:37:21.355,bybit,ACH/USDT:USDT,0.022344,40200.0,0.022345,250.0,0.022344,75058080.0,1636813.4151
1753504641461,04:37:21.461,bitget,ACH/USDT:USDT,0.022369,14670.0,0.02237,312.0,0.022367,183373544.0,3995043.472594
1753504641600,04:37:21.600,bitmart,ACH/USDT:USDT,0.022318,19467.0,0.02239,1989.0,0.022356,,386020870.0
1753504641849,04:37:21.849,bitget,ACH/USDT:USDT,0.022369,14670.0,0.02237,312.0,0.022367,183373544.0,3995043.472594
1753504640308,04:37:20.308,xt,ACH/USDT:USDT,,,,,0.022354,,6677676.0
1753504642159,04:37:22.159,bitget,ACH/USDT:USDT,0.022369,14670.0,0.02237,312.0,0.022367,183373544.0,3995043.472594
1753504642476,04:37:22.476,bitget,ACH/USDT:USDT,0.022369,14670.0,0.02237,312.0,0.022367,183373544.0,3995043.472594
1753504640857,04:37:20.857,mexc,ACH/USDT:USDT,,,,,0.022355,81930974.0,1777014.878917
1753504642849,04:37:22.849,bitget,ACH/USDT:USDT,0.022369,14670.0,0.02237,312.0,0.022367,183373544.0,3995043.472594
1753504643157,04:37:23.157,bitget,ACH/USDT:USDT,0.022369,14670.0,0.02237,312.0,0.022367,183373544.0,3995043.472594
1753504643462,04:37:23.462,bitget,ACH/USDT:USDT,0.022369,14670.0,0.02237,312.0,0.022367,183373544.0,3995043.472594
1753504643520,04:37:23.520,bitmart,ACH/USDT:USDT,0.022318,19467.0,0.02239,1989.0,0.022355,,386029804.0
1753504628053,04:37:08.053,blofin,ACH/USDT:USDT,0.02234,3853.0,0.02236,3460.0,0.02235,573584.0,
1753504643832,04:37:23.832,bitget,ACH/USDT:USDT,0.022369,14670.0,0.02237,312.0,0.022367,183373544.0,3995043.472594
1753504644214,04:37:24.214,bitget,ACH/USDT:USDT,0.022369,14670.0,0.02237,312.0,0.022367,183373544.0,3995043.472594
1753504644336,04:37:24.336,binance,ACH/USDT:USDT,,,,,0.022355,648822120.0,14128608.362919
1753504644336,04:37:24.336,binanceusdm,ACH/USDT:USDT,,,,,0.022355,648822120.0,14128608.362919
1753504644532,04:37:24.532,bitget,ACH/USDT:USDT,0.022369,14670.0,0.02237,312.0,0.022367,183373544.0,3995043.472594
1753504644837,04:37:24.837,bitget,ACH/USDT:USDT,0.022369,14670.0,0.02237,312.0,0.022367,183373544.0,3995043.472594
1753504643881,04:37:23.881,xt,ACH/USDT:USDT,,,,,0.022354,,6677687.0
1753504642854,04:37:22.854,mexc,ACH/USDT:USDT,,,,,0.022355,81931390.0,1777024.178597
1753504645509,04:37:25.509,bitmart,ACH/USDT:USDT,0.022318,19467.0,0.02239,1989.0,0.022354,,386038548.0
1753504645481,04:37:25.481,bitget,ACH/USDT:USDT,0.022369,14670.0,0.02237,312.0,0.022367,183373544.0,3995043.472594
1753504645790,04:37:25.790,bitget,ACH/USDT:USDT,0.022369,14670.0,0.02237,312.0,0.022367,183373544.0,3995043.472594
1753504628053,04:37:08.053,blofin,ACH/USDT:USDT,0.02234,3787.0,0.02236,3526.0,0.02235,573584.0,
1753504646109,04:37:26.109,bitget,ACH/USDT:USDT,0.022369,14670.0,0.02237,312.0,0.022367,183373544.0,3995043.472594
1753504644336,04:37:24.336,binance,ACH/USDT:USDT,,,,,0.022355,648822465.0,14128616.075394
1753504644336,04:37:24.336,binanceusdm,ACH/USDT:USDT,,,,,0.022355,648822465.0,14128616.075394
1753504646480,04:37:26.480,bitget,ACH/USDT:USDT,0.022369,14670.0,0.02237,312.0,0.022367,183373544.0,3995043.472594
1753504646556,04:37:26.556,bybit,ACH/USDT:USDT,0.022344,21020.0,0.022345,250.0,0.022344,75058080.0,1636813.4151
1753504646656,04:37:26.656,bybit,ACH/USDT:USDT,0.022344,31540.0,0.022345,250.0,0.022344,75058080.0,1636813.4151
1753504646911,04:37:26.911,bitget,ACH/USDT:USDT,0.022369,14670.0,0.02237,312.0,0.022367,183373544.0,3995043.472594
1753504646955,04:37:26.955,bybit,ACH/USDT:USDT,0.022348,1120.0,0.02235,8430.0,0.022345,75058330.0,1636819.0013
1753504647055,04:37:27.055,bybit,ACH/USDT:USDT,0.022348,1120.0,0.02235,8430.0,0.022345,75058330.0,1636819.0013
1753504642854,04:37:22.854,mexc,ACH/USDT:USDT,,,,,0.022355,81931390.0,1777024.178597
1753504647538,04:37:27.538,bitmart,ACH/USDT:USDT,0.022323,14301.0,0.022393,103.0,0.022355,,386046230.0
1753504647658,04:37:27.658,bitget,ACH/USDT:USDT,0.022369,14670.0,0.02237,312.0,0.022367,183373544.0,3995043.472594
1753504646245,04:37:26.245,xt,ACH/USDT:USDT,,,,,0.022355,,6677698.0
1753504648005,04:37:28.005,bitget,ACH/USDT:USDT,0.022369,14670.0,0.02237,312.0,0.022367,183373544.0,3995043.472594
1753504648335,04:37:28.335,bitget,ACH/USDT:USDT,0.022369,14670.0,0.02237,312.0,0.022367,183373544.0,3995043.472594
1753504646838,04:37:26.838,binance,ACH/USDT:USDT,,,,,0.022356,648827350.0,14128725.279816
1753504646838,04:37:26.838,binanceusdm,ACH/USDT:USDT,,,,,0.022356,648827350.0,14128725.279816
1753504648532,04:37:28.532,bitmart,ACH/USDT:USDT,0.022323,6557.0,0.022393,99.0,0.022358,,386052128.0
1753504648655,04:37:28.655,bybit,ACH/USDT:USDT,0.022348,6880.0,0.02235,8430.0,0.022345,75058330.0,1636819.0013
1753504648755,04:37:28.755,bybit,ACH/USDT:USDT,0.022348,12640.0,0.02235,8430.0,0.022345,75058330.0,1636819.0013
1753504648849,04:37:28.849,bitget,ACH/USDT:USDT,0.022369,14670.0,0.02237,312.0,0.022367,183373544.0,3995043.472594
1753504648955,04:37:28.955,bybit,ACH/USDT:USDT,0.022349,12700.0,0.02235,8430.0,0.022345,75058330.0,1636819.0013
1753504649055,04:37:29.055,bybit,ACH/USDT:USDT,0.022349,16940.0,0.02235,8430.0,0.022345,75058330.0,1636819.0013
1753504649619,04:37:29.619,bitmart,ACH/USDT:USDT,0.022323,14645.0,0.022395,18925.0,0.022358,,386052128.0
1753504642854,04:37:22.854,mexc,ACH/USDT:USDT,,,,,0.022355,81931390.0,1777024.178597
1753504649855,04:37:29.855,bybit,ACH/USDT:USDT,0.022349,16940.0,0.02235,8430.0,0.022345,75058330.0,1636819.0013
1753504649867,04:37:29.867,bitget,ACH/USDT:USDT,0.022369,14670.0,0.02237,312.0,0.022367,183373544.0,3995043.472594
1753504628053,04:37:08.053,blofin,ACH/USDT:USDT,0.02235,1888.0,0.02236,4.0,0.02235,573584.0,
1753504650768,04:37:30.768,bitget,ACH/USDT:USDT,0.022369,14670.0,0.02237,312.0,0.022367,183373544.0,3995043.472594
1753504649452,04:37:29.452,xt,ACH/USDT:USDT,,,,,0.022356,,6674279.0
1753504651112,04:37:31.112,bitget,ACH/USDT:USDT,0.022369,14670.0,0.02237,312.0,0.022367,183373544.0,3995043.472594
1753504651259,04:37:31.259,gateio,ACH/USDT:USDT,,,,,0.02235,17989488.0,402064.0
1753504651429,04:37:31.429,gate,ACH/USDT:USDT,,,,,0.02235,17989488.0,402064.0
1753504651441,04:37:31.441,bitget,ACH/USDT:USDT,0.022369,14670.0,0.02237,312.0,0.022367,183373544.0,3995043.472594
1753504651510,04:37:31.510,bitmart,ACH/USDT:USDT,0.022323,18760.0,0.022395,18925.0,0.022359,,386059402.0
1753504651966,04:37:31.966,bitget,ACH/USDT:USDT,0.022369,14670.0,0.02237,312.0,0.022367,183373544.0,3995043.472594
1753504642854,04:37:22.854,mexc,ACH/USDT:USDT,,,,,0.022355,81931390.0,1777024.178597
1753504652055,04:37:32.055,bybit,ACH/USDT:USDT,0.022349,17980.0,0.02235,8430.0,0.022345,75058330.0,1636819.0013
1753504652255,04:37:32.255,bybit,ACH/USDT:USDT,0.022349,17980.0,0.02235,8430.0,0.022345,75058330.0,1636819.0013
1753504652716,04:37:32.716,binance,ACH/USDT:USDT,,,,,0.022359,648827596.0,14128730.78013
1753504652716,04:37:32.716,binanceusdm,ACH/USDT:USDT,,,,,0.022359,648827596.0,14128730.78013
1753504652755,04:37:32.755,bybit,ACH/USDT:USDT,0.022349,20210.0,0.02235,8430.0,0.022345,75058330.0,1636819.0013
1753504652809,04:37:32.809,bitget,ACH/USDT:USDT,0.022369,14670.0,0.02237,312.0,0.022367,183373544.0,3995043.472594
1753504653155,04:37:33.155,bybit,ACH/USDT:USDT,0.022349,20210.0,0.02235,8430.0,0.022345,75058330.0,1636819.0013
1753504653127,04:37:33.127,bitget,ACH/USDT:USDT,0.022369,14670.0,0.02237,312.0,0.022367,183373544.0,3995043.472594
1753504653474,04:37:33.474,bitget,ACH/USDT:USDT,0.022369,14670.0,0.02237,312.0,0.022367,183373544.0,3995043.472594
1753504653519,04:37:33.519,bitmart,ACH/USDT:USDT,0.022323,88635.0,0.022394,222.0,0.02236,,386067306.0
1753504653755,04:37:33.755,bybit,ACH/USDT:USDT,0.022349,20210.0,0.02235,8430.0,0.022345,75058330.0,1636819.0013
1753504653791,04:37:33.791,bitget,ACH/USDT:USDT,0.022369,14670.0,0.02237,312.0,0.022367,183373544.0,3995043.472594
1753504652481,04:37:32.481,xt,ACH/USDT:USDT,,,,,0.022356,,6674291.0
1753504654055,04:37:34.055,bybit,ACH/USDT:USDT,0.022349,20210.0,0.02235,8430.0,0.022345,75058330.0,1636819.0013
1753504628053,04:37:08.053,blofin,ACH/USDT:USDT,0.02235,2313.0,0.02236,2.0,0.02235,573584.0,
1753504654133,04:37:34.133,bitget,ACH/USDT:USDT,0.022369,14670.0,0.02237,312.0,0.022367,183373544.0,3995043.472594
1753504642854,04:37:22.854,mexc,ACH/USDT:USDT,,,,,0.022355,81931390.0,1777024.178597
1753504654355,04:37:34.355,bybit,ACH/USDT:USDT,0.022349,20210.0,0.02235,8430.0,0.022345,75058330.0,1636819.0013
1753504654606,04:37:34.606,bitget,ACH/USDT:USDT,0.022369,14670.0,0.02237,312.0,0.022367,183373544.0,3995043.472594
1753504652716,04:37:32.716,binance,ACH/USDT:USDT,,,,,0.02236,648828610.0,14128753.452604
1753504652716,04:37:32.716,binanceusdm,ACH/USDT:USDT,,,,,0.02236,648828610.0,14128753.452604
1753504655129,04:37:35.129,bitget,ACH/USDT:USDT,0.022369,14670.0,0.02237,312.0,0.022367,183373544.0,3995043.472594
1753504655255,04:37:35.255,bybit,ACH/USDT:USDT,0.022354,12700.0,0.022355,250.0,0.02235,75066760.0,1637007.4118
1753504655355,04:37:35.355,bybit,ACH/USDT:USDT,0.022354,17460.0,0.022355,250.0,0.02235,75066760.0,1637007.4118
1753504655455,04:37:35.455,bybit,ACH/USDT:USDT,0.022354,22220.0,0.022355,250.0,0.02235,75066760.0,1637007.4118
1753504655447,04:37:35.447,bitget,ACH/USDT:USDT,0.022373,2894.0,0.022383,7575.0,0.02237,183373544.0,3995043.472594
1753504655611,04:37:35.611,bitmart,ACH/USDT:USDT,0.022323,9706.0,0.022395,18540.0,0.022361,,386074112.0
1753504655790,04:37:35.790,bitget,ACH/USDT:USDT,0.022381,11811.0,0.022382,2894.0,0.02237,183373544.0,3995043.472594
1753504655855,04:37:35.855,bybit,ACH/USDT:USDT,0.022354,22220.0,0.022355,250.0,0.02235,75066760.0,1637007.4118
1753504628053,04:37:08.053,blofin,ACH/USDT:USDT,0.02235,2317.0,0.02236,2.0,0.02235,573584.0,
1753504656123,04:37:36.123,bitget,ACH/USDT:USDT,0.022381,11811.0,0.022382,2894.0,0.02237,183373544.0,3995043.472594
1753504656437,04:37:36.437,bitget,ACH/USDT:USDT,0.022381,11811.0,0.022385,2836.0,0.02237,183373544.0,3995043.472594
1753504656515,04:37:36.515,bitmart,ACH/USDT:USDT,0.022323,9706.0,0.022395,18540.0,0.022362,,386083042.0
1753504642854,04:37:22.854,mexc,ACH/USDT:USDT,,,,,0.022355,81931390.0,1777024.178597
1753504655193,04:37:35.193,binance,ACH/USDT:USDT,,,,,0.022361,648829668.0,14128777.109976
1753504655193,04:37:35.193,binanceusdm,ACH/USDT:USDT,,,,,0.022361,648829668.0,14128777.109976
1753504656756,04:37:36.756,bybit,ACH/USDT:USDT,0.022354,22220.0,0.022355,250.0,0.02235,75066760.0,1637007.4118
1753504655849,04:37:35.849,xt,ACH/USDT:USDT,,,,,0.022361,,6674322.0
1753504656927,04:37:36.927,bitget,ACH/USDT:USDT,0.022381,11811.0,0.022385,2836.0,0.02237,183373544.0,3995043.472594
1753504628053,04:37:08.053,blofin,ACH/USDT:USDT,0.02235,2317.0,0.02236,2.0,0.02235,573584.0,
1753504628053,04:37:08.053,blofin,ACH/USDT:USDT,0.02235,3777.0,0.02236,2.0,0.02235,573584.0,
1753504657569,04:37:37.569,bitget,ACH/USDT:USDT,0.022381,11811.0,0.022385,2836.0,0.02237,183374168.0,3995057.431474
1753504657621,04:37:37.621,bitmart,ACH/USDT:USDT,0.022323,15114.0,0.022395,18540.0,0.022362,,386083042.0
1753504657755,04:37:37.755,bybit,ACH/USDT:USDT,0.022354,16780.0,0.022355,250.0,0.02235,75066760.0,1637007.4118
1753504657855,04:37:37.855,bybit,ACH/USDT:USDT,0.022354,18630.0,0.022355,250.0,0.02235,75066760.0,1637007.4118
1753504657891,04:37:37.891,bitget,ACH/USDT:USDT,0.022379,8678.0,0.022385,2836.0,0.02237,183374168.0,3995057.431474
1753504658247,04:37:38.247,bitget,ACH/USDT:USDT,0.022379,5781.0,0.022385,2836.0,0.02237,183374168.0,3995057.431474
1753504658520,04:37:38.520,bitmart,ACH/USDT:USDT,0.022323,63115.0,0.022395,18540.0,0.022361,,386088086.0
1753504658572,04:37:38.572,bitget,ACH/USDT:USDT,0.022379,8678.0,0.022385,2836.0,0.02237,183374168.0,3995057.431474
1753504658905,04:37:38.905,bitget,ACH/USDT:USDT,0.022379,8678.0,0.022385,2836.0,0.02237,183373544.0,3995043.472594
1753504656924,04:37:36.924,mexc,ACH/USDT:USDT,,,,,0.022359,81932165.0,1777041.506822
1753504659525,04:37:39.525,bitmart,ACH/USDT:USDT,0.022323,63115.0,0.022395,18540.0,0.022361,,386088086.0
1753504659563,04:37:39.563,bitget,ACH/USDT:USDT,0.022381,11811.0,0.022385,2836.0,0.02237,183374168.0,3995057.431474
1753504659089,04:37:39.089,xt,ACH/USDT:USDT,,,,,0.022361,,6674334.0
1753504660411,04:37:40.411,bitget,ACH/USDT:USDT,0.022381,11811.0,0.022385,2836.0,0.022382,183374168.0,3995057.431474
1753504660823,04:37:40.823,bitget,ACH/USDT:USDT,0.022381,11811.0,0.022385,2836.0,0.022382,183374168.0,3995057.431474
1753504661219,04:37:41.219,bitget,ACH/USDT:USDT,0.022381,11811.0,0.022385,2836.0,0.022382,183381534.0,3995222.297286
1753504661255,04:37:41.255,bybit,ACH/USDT:USDT,0.022354,19670.0,0.022355,250.0,0.02235,75066760.0,1637007.4118
1753504661280,04:37:41.280,gateio,ACH/USDT:USDT,,,,,0.02235,17989488.0,402064.0
1753504656924,04:37:36.924,mexc,ACH/USDT:USDT,,,,,0.022359,81932165.0,1777041.506822
1753504661403,04:37:41.403,gate,ACH/USDT:USDT,,,,,0.02235,17989488.0,402064.0
1753504661613,04:37:41.613,bitmart,ACH/USDT:USDT,0.022323,63115.0,0.022395,18540.0,0.022362,,386093460.0
1753504662310,04:37:42.310,bitget,ACH/USDT:USDT,0.022381,11811.0,0.022385,2836.0,0.022382,183373544.0,3995043.472594
1753504628053,04:37:08.053,blofin,ACH/USDT:USDT,0.02235,1626.0,0.02236,2.0,0.02235,573584.0,
1753504661440,04:37:41.440,xt,ACH/USDT:USDT,,,,,0.022361,,6674342.0
1753504663474,04:37:43.474,binance,ACH/USDT:USDT,,,,,0.022361,648831698.0,14128822.502806
1753504663474,04:37:43.474,binanceusdm,ACH/USDT:USDT,,,,,0.022361,648831698.0,14128822.502806
1753504663473,04:37:43.473,bitget,ACH/USDT:USDT,0.022381,11811.0,0.022385,2836.0,0.022382,183381534.0,3995222.297286
1753504663514,04:37:43.514,bitmart,ACH/USDT:USDT,0.022323,63115.0,0.022395,18540.0,0.022362,,386101962.0
1753504662865,04:37:42.865,mexc,ACH/USDT:USDT,,,,,0.02236,81932232.0,1777043.004942
1753504664136,04:37:44.136,bitget,ACH/USDT:USDT,0.022381,11811.0,0.022385,2836.0,0.022382,183381534.0,3995222.297286
1753504664490,04:37:44.490,bitget,ACH/USDT:USDT,0.022381,11811.0,0.022385,2836.0,0.022382,183381534.0,3995222.297286
1753504664616,04:37:44.616,bitmart,ACH/USDT:USDT,0.022323,63115.0,0.022395,18540.0,0.022362,,386107042.0
1753504664834,04:37:44.834,bitget,ACH/USDT:USDT,0.022381,11811.0,0.022385,2836.0,0.022382,183381534.0,3995222.297286
1753504665150,04:37:45.150,bitget,ACH/USDT:USDT,0.022381,11811.0,0.022385,2836.0,0.022382,183381534.0,3995222.297286
1753504665255,04:37:45.255,bybit,ACH/USDT:USDT,0.022354,20220.0,0.022355,250.0,0.02235,75066760.0,1637007.4118
1753504665455,04:37:45.455,bybit,ACH/USDT:USDT,0.022354,20220.0,0.022355,250.0,0.02235,75066760.0,1637007.4118
1753504665459,04:37:45.459,bitget,ACH/USDT:USDT,0.022381,11811.0,0.022385,2836.0,0.022382,183381534.0,3995222.297286
1753504665794,04:37:45.794,bitget,ACH/USDT:USDT,0.022381,11811.0,0.022385,2836.0,0.022382,183381534.0,3995222.297286
1753504664782,04:37:44.782,xt,ACH/USDT:USDT,,,,,0.022361,,6674368.0
1753504662865,04:37:42.865,mexc,ACH/USDT:USDT,,,,,0.02236,81932232.0,1777043.004942
1753504666140,04:37:46.140,bitget,ACH/USDT:USDT,0.022381,11811.0,0.022385,2836.0,0.022382,183381534.0,3995222.297286
1753504666449,04:37:46.449,bitget,ACH/USDT:USDT,0.022381,11811.0,0.022385,2836.0,0.022382,183381534.0,3995222.297286
1753504666770,04:37:46.770,bitget,ACH/USDT:USDT,0.022381,11811.0,0.022385,2836.0,0.022382,183381534.0,3995222.297286
1753504667132,04:37:47.132,bitget,ACH/USDT:USDT,0.022381,11811.0,0.022385,2836.0,0.022382,183381534.0,3995222.297286
1753504667554,04:37:47.554,bitmart,ACH/USDT:USDT,0.022323,63115.0,0.022395,18540.0,0.022363,,386112048.0
1753504667562,04:37:47.562,bitget,ACH/USDT:USDT,0.022381,11811.0,0.022385,2836.0,0.022382,183374168.0,3995057.431474
1753504667856,04:37:47.856,bybit,ACH/USDT:USDT,0.022354,20220.0,0.022355,250.0,0.02235,75066760.0,1637007.4118
1753504668123,04:37:48.123,bitget,ACH/USDT:USDT,0.022381,11811.0,0.022385,2836.0,0.022382,183381534.0,3995222.297286
1753504662865,04:37:42.865,mexc,ACH/USDT:USDT,,,,,0.02236,81932232.0,1777043.004942
1753504668468,04:37:48.468,bitget,ACH/USDT:USDT,0.022381,11811.0,0.022385,2836.0,0.022382,183381534.0,3995222.297286
1753504668620,04:37:48.620,bitmart,ACH/USDT:USDT,0.022323,63115.0,0.022395,18540.0,0.022362,,386116968.0
1753504668790,04:37:48.790,bitget,ACH/USDT:USDT,0.022381,11811.0,0.022385,2836.0,0.022382,183381534.0,3995222.297286
1753504668052,04:37:48.052,xt,ACH/USDT:USDT,,,,,0.022361,,6674372.0
1753504669098,04:37:49.098,bitget,ACH/USDT:USDT,0.022381,11811.0,0.022385,2836.0,0.022382,183381534.0,3995222.297286
1753504669416,04:37:49.416,bitget,ACH/USDT:USDT,0.022381,11811.0,0.022385,2836.0,0.022382,183381534.0,3995222.297286
1753504669534,04:37:49.534,bitmart,ACH/USDT:USDT,0.022323,63115.0,0.022395,18540.0,0.022362,,386116968.0
1753504628053,04:37:08.053,blofin,ACH/USDT:USDT,0.02235,3971.0,0.02236,2.0,0.02235,573584.0,
1753504669939,04:37:49.939,bitget,ACH/USDT:USDT,0.022381,11811.0,0.022385,2836.0,0.022382,183381534.0,3995222.297286
1753504670517,04:37:50.517,bitmart,ACH/USDT:USDT,0.022323,63115.0,0.022395,18540.0,0.022362,,386116968.0
1753504670655,04:37:50.655,bybit,ACH/USDT:USDT,0.022354,16520.0,0.022355,250.0,0.02235,75066760.0,1637007.4118
1753504668860,04:37:48.860,mexc,ACH/USDT:USDT,,,,,0.022362,81932980.0,1777059.731718
1753504670755,04:37:50.755,bybit,ACH/USDT:USDT,0.022354,49910.0,0.022355,250.0,0.02235,75066760.0,1637007.4118
1753504670801,04:37:50.801,bitget,ACH/USDT:USDT,0.022381,11811.0,0.022385,2836.0,0.022382,183381534.0,3995222.297286
1753504671722,04:37:51.722,binance,ACH/USDT:USDT,,,,,0.022362,648831944.0,14128828.003858
1753504671722,04:37:51.722,binanceusdm,ACH/USDT:USDT,,,,,0.022362,648831944.0,14128828.003858
1753504671912,04:37:51.912,bitget,ACH/USDT:USDT,0.022381,2809.0,0.022385,2836.0,0.022384,183381534.0,3995222.297286
1753504670608,04:37:50.608,xt,ACH/USDT:USDT,,,,,0.022361,,6674379.0
1753504672288,04:37:52.288,bitget,ACH/USDT:USDT,0.022381,2809.0,0.022385,2836.0,0.022384,183381534.0,3995222.297286
1753504672629,04:37:52.629,bitmart,ACH/USDT:USDT,0.022323,84757.0,0.022395,18540.0,0.022361,,386122950.0
1753504672624,04:37:52.624,bitget,ACH/USDT:USDT,0.022381,2809.0,0.022385,2836.0,0.022384,183381534.0,3995222.297286
1753504670857,04:37:50.857,mexc,ACH/USDT:USDT,,,,,0.022362,81932980.0,1777059.731718
1753504673051,04:37:53.051,bitget,ACH/USDT:USDT,0.022381,2809.0,0.022385,2836.0,0.022384,183381534.0,3995222.297286
1753504628053,04:37:08.053,blofin,ACH/USDT:USDT,0.02235,4039.0,0.02237,3168.0,0.02235,573584.0,
1753504673667,04:37:53.667,bitget,ACH/USDT:USDT,0.022381,2809.0,0.022384,2809.0,0.022384,183392394.0,3995465.387526
1753504671722,04:37:51.722,binance,ACH/USDT:USDT,,,,,0.022362,648835251.0,14128901.954992
1753504671722,04:37:51.722,binanceusdm,ACH/USDT:USDT,,,,,0.022362,648835251.0,14128901.954992
1753504673984,04:37:53.984,bitget,ACH/USDT:USDT,0.022381,2809.0,0.022384,2809.0,0.022384,183392394.0,3995465.387526
1753504628053,04:37:08.053,blofin,ACH/USDT:USDT,0.02235,4039.0,0.02237,3168.0,0.02235,573584.0,
1753504674298,04:37:54.298,bitget,ACH/USDT:USDT,0.022381,2809.0,0.022384,2809.0,0.022384,183392394.0,3995465.387526
1753504674520,04:37:54.520,bitmart,ACH/USDT:USDT,0.022323,84757.0,0.022395,18540.0,0.022362,,386128976.0
1753504674765,04:37:54.765,bitget,ACH/USDT:USDT,0.022381,2809.0,0.022384,2809.0,0.022384,183381534.0,3995222.297286
1753504673680,04:37:53.680,xt,ACH/USDT:USDT,,,,,0.022362,,6674421.0
1753504675311,04:37:55.311,bitget,ACH/USDT:USDT,0.022381,2809.0,0.022384,2809.0,0.022384,183392394.0,3995465.387526
1753504670857,04:37:50.857,mexc,ACH/USDT:USDT,,,,,0.022362,81932980.0,1777059.731718
1753504675632,04:37:55.632,bitget,ACH/USDT:USDT,0.022381,2809.0,0.022384,2809.0,0.022384,183392394.0,3995465.387526
1753504675971,04:37:55.971,bitget,ACH/USDT:USDT,0.022381,2809.0,0.022384,2809.0,0.022384,183392394.0,3995465.387526
1753504628053,04:37:08.053,blofin,ACH/USDT:USDT,0.02235,4037.0,0.02237,3169.0,0.02235,573584.0,
1753504676256,04:37:56.256,bybit,ACH/USDT:USDT,0.022354,52140.0,0.022355,250.0,0.02235,75066760.0,1637007.4118
1753504676290,04:37:56.290,bitget,ACH/USDT:USDT,0.022381,2809.0,0.022384,2809.0,0.022384,183392394.0,3995465.387526
1753504676600,04:37:56.600,bitmart,ACH/USDT:USDT,0.022323,84757.0,0.022395,18540.0,0.022362,,386133650.0
1753504676631,04:37:56.631,bitget,ACH/USDT:USDT,0.022381,2809.0,0.022384,2809.0,0.022384,183392394.0,3995465.387526
1753504677044,04:37:57.044,bitget,ACH/USDT:USDT,0.022381,2809.0,0.022384,2809.0,0.022384,183381534.0,3995222.297286
1753504677526,04:37:57.526,bitmart,ACH/USDT:USDT,0.022323,84757.0,0.022395,18540.0,0.022361,,386142536.0
1753504677550,04:37:57.550,bitget,ACH/USDT:USDT,0.022381,2809.0,0.022384,2809.0,0.022384,183381534.0,3995222.297286
1753504670857,04:37:50.857,mexc,ACH/USDT:USDT,,,,,0.022362,81932980.0,1777059.731718
1753504677000,04:37:57.000,xt,ACH/USDT:USDT,,,,,0.022362,,6674432.0
1753504678253,04:37:58.253,bitget,ACH/USDT:USDT,0.022381,2809.0,0.022384,2809.0,0.022384,183392394.0,3995465.387526
1753504678650,04:37:58.650,bitget,ACH/USDT:USDT,0.022381,2809.0,0.022384,2809.0,0.022384,183392394.0,3995465.387526
1753504678960,04:37:58.960,bitget,ACH/USDT:USDT,0.022381,2809.0,0.022384,2809.0,0.022384,183392394.0,3995465.387526
1753504679313,04:37:59.313,bitget,ACH/USDT:USDT,0.022381,2809.0,0.022386,2849.0,0.022384,183392394.0,3995465.387526
1753504679524,04:37:59.524,bitmart,ACH/USDT:USDT,0.022323,84757.0,0.022395,18540.0,0.022361,,386168896.0
1753504679685,04:37:59.685,bitget,ACH/USDT:USDT,0.022381,2809.0,0.022387,2849.0,0.022384,183392394.0,3995465.387526
1753504670857,04:37:50.857,mexc,ACH/USDT:USDT,,,,,0.022362,81932980.0,1777059.731718
1753504679998,04:37:59.998,bitget,ACH/USDT:USDT,0.022381,2809.0,0.022387,2849.0,0.022384,183392394.0,3995465.387526
1753504680357,04:38:00.357,bitget,ACH/USDT:USDT,0.022381,2809.0,0.022387,2849.0,0.022384,183392394.0,3995465.387526
1753504680545,04:38:00.545,bitmart,ACH/USDT:USDT,0.022323,84757.0,0.022395,18540.0,0.022361,,385917774.0
1753504680797,04:38:00.797,bitget,ACH/USDT:USDT,0.022381,2809.0,0.022387,2849.0,0.022384,183357640.0,3994718.052086
1753504679695,04:37:59.695,xt,ACH/USDT:USDT,,,,,0.022362,,6674441.0
1753504681355,04:38:01.355,bybit,ACH/USDT:USDT,0.022354,35450.0,0.022355,250.0,0.02235,75066760.0,1637007.4118
1753504681455,04:38:01.455,bybit,ACH/USDT:USDT,0.022354,57660.0,0.022355,250.0,0.02235,75066760.0,1637007.4118
1753504681538,04:38:01.538,bitget,ACH/USDT:USDT,0.022381,2809.0,0.022387,2849.0,0.022384,183357640.0,3994718.052086
1753504670857,04:37:50.857,mexc,ACH/USDT:USDT,,,,,0.022362,81932980.0,1777059.731718
1753504682555,04:38:02.555,bybit,ACH/USDT:USDT,0.022354,22280.0,0.022355,250.0,0.02235,75066760.0,1637007.4118
1753504682521,04:38:02.521,bitget,ACH/USDT:USDT,0.022381,2809.0,0.022387,2849.0,0.022384,183392394.0,3995465.387526
1753504682655,04:38:02.655,bybit,ACH/USDT:USDT,0.022354,19270.0,0.022355,250.0,0.02235,75066760.0,1637007.4118
1753504683063,04:38:03.063,binance,ACH/USDT:USDT,,,,,0.022362,648496359.0,14121626.189927
1753504683063,04:38:03.063,binanceusdm,ACH/USDT:USDT,,,,,0.022362,648496359.0,14121626.189927
1753504683081,04:38:03.081,bitget,ACH/USDT:USDT,0.022381,2809.0,0.022387,2849.0,0.022384,183357640.0,3994718.052086
1753504683455,04:38:03.455,bybit,ACH/USDT:USDT,0.022354,19400.0,0.022355,250.0,0.02235,75066760.0,1637007.4118
1753504683438,04:38:03.438,bitget,ACH/USDT:USDT,0.022381,2809.0,0.022385,2003.0,0.022384,183357640.0,3994718.052086
1753504683506,04:38:03.506,bitmart,ACH/USDT:USDT,0.022323,79349.0,0.022395,18540.0,0.022363,,385940162.0
1753504683755,04:38:03.755,bybit,ACH/USDT:USDT,0.022354,16760.0,0.022355,5950.0,0.02235,75066760.0,1637007.4118
1753504683855,04:38:03.855,bybit,ACH/USDT:USDT,0.022354,16240.0,0.022355,2890.0,0.02235,75066760.0,1637007.4118
1753504683832,04:38:03.832,bitget,ACH/USDT:USDT,0.022381,2809.0,0.022383,2849.0,0.022384,183392394.0,3995465.387526
1753504682872,04:38:02.872,xt,ACH/USDT:USDT,,,,,0.022362,,6674450.0
1753504684386,04:38:04.386,bitget,ACH/USDT:USDT,0.022374,3161.0,0.022378,2849.0,0.022384,183357640.0,3994718.052086
1753504684528,04:38:04.528,bitmart,ACH/USDT:USDT,0.022318,4603.0,0.022392,7535.0,0.022362,,385947406.0
1753504684555,04:38:04.555,bybit,ACH/USDT:USDT,0.022354,16240.0,0.022355,1370.0,0.02235,75066760.0,1637007.4118
1753504682870,04:38:02.870,mexc,ACH/USDT:USDT,,,,,0.022361,81933524.0,1777071.896102
1753504684955,04:38:04.955,bybit,ACH/USDT:USDT,0.022354,16240.0,0.022355,250.0,0.02235,75066760.0,1637007.4118
1753504684939,04:38:04.939,bitget,ACH/USDT:USDT,0.022376,2849.0,0.022378,2849.0,0.022384,183357640.0,3994718.052086
1753504683852,04:38:03.852,binance,ACH/USDT:USDT,,,,,0.022356,648663631.0,14125366.413693
1753504683852,04:38:03.852,binanceusdm,ACH/USDT:USDT,,,,,0.022356,648663631.0,14125366.413693
1753504685155,04:38:05.155,bybit,ACH/USDT:USDT,0.022354,16240.0,0.022355,1370.0,0.02235,75066760.0,1637007.4118
1753504685506,04:38:05.506,bitmart,ACH/USDT:USDT,0.022318,20170.0,0.022393,4371.0,0.022362,,385947406.0
1753504683857,04:38:03.857,blofin,ACH/USDT:USDT,0.02235,9.0,0.02236,1977.0,0.02236,573586.0,
1753504685856,04:38:05.856,bybit,ACH/USDT:USDT,0.022354,16240.0,0.022355,250.0,0.02235,75066760.0,1637007.4118
1753504685833,04:38:05.833,bitget,ACH/USDT:USDT,0.022375,2849.0,0.022378,2849.0,0.022384,183357640.0,3994718.052086
1753504686444,04:38:06.444,bitget,ACH/USDT:USDT,0.022375,2849.0,0.022378,2849.0,0.022384,183357640.0,3994718.052086
1753504686613,04:38:06.613,bitmart,ACH/USDT:USDT,0.022318,11703.0,0.022392,4747.0,0.022357,,385955816.0
1753504686655,04:38:06.655,bybit,ACH/USDT:USDT,0.022354,16240.0,0.022355,6750.0,0.02235,75066760.0,1637007.4118
1753504686769,04:38:06.769,bitget,ACH/USDT:USDT,0.022374,312.0,0.022378,2849.0,0.022384,183357640.0,3994718.052086
1753504686117,04:38:06.117,xt,ACH/USDT:USDT,,,,,0.022354,,6676132.0
1753504682870,04:38:02.870,mexc,ACH/USDT:USDT,,,,,0.022361,81933524.0,1777071.896102
1753504685532,04:38:05.532,binance,ACH/USDT:USDT,,,,,0.022354,648663920.0,14125372.873999
1753504685532,04:38:05.532,binanceusdm,ACH/USDT:USDT,,,,,0.022354,648663920.0,14125372.873999
1753504687172,04:38:07.172,bitget,ACH/USDT:USDT,0.022375,2814.0,0.022378,2849.0,0.022384,183357640.0,3994718.052086
1753504687555,04:38:07.555,bybit,ACH/USDT:USDT,0.022354,16240.0,0.022355,250.0,0.02235,75066760.0,1637007.4118
1753504687566,04:38:07.566,bitget,ACH/USDT:USDT,0.022375,2814.0,0.022378,2849.0,0.022384,183357640.0,3994718.052086
1753504687896,04:38:07.896,bitget,ACH/USDT:USDT,0.022374,3126.0,0.022378,2849.0,0.022384,183357640.0,3994718.052086
1753504688305,04:38:08.305,bitget,ACH/USDT:USDT,0.022375,2814.0,0.022378,2849.0,0.022384,183357640.0,3994718.052086
1753504688652,04:38:08.652,bitget,ACH/USDT:USDT,0.022375,2814.0,0.022378,2849.0,0.022384,183357640.0,3994718.052086
1753504688968,04:38:08.968,bitget,ACH/USDT:USDT,0.022375,2814.0,0.02238,2003.0,0.022384,183357640.0,3994718.052086
1753504689315,04:38:09.315,bitget,ACH/USDT:USDT,0.022375,2814.0,0.022379,2814.0,0.022384,183357640.0,3994718.052086
1753504682870,04:38:02.870,mexc,ACH/USDT:USDT,,,,,0.022361,81933524.0,1777071.896102
1753504689787,04:38:09.787,bitget,ACH/USDT:USDT,0.022375,2814.0,0.022379,2814.0,0.022384,183357640.0,3994718.052086
1753504688604,04:38:08.604,xt,ACH/USDT:USDT,,,,,0.022354,,6676137.0
1753504690151,04:38:10.151,bitget,ACH/USDT:USDT,0.022375,2814.0,0.022379,2814.0,0.022384,183357640.0,3994718.052086
1753504690481,04:38:10.481,bitget,ACH/USDT:USDT,0.022375,2814.0,0.022377,2814.0,0.022384,183357640.0,3994718.052086
1753504683857,04:38:03.857,blofin,ACH/USDT:USDT,0.02235,4.0,0.02236,2220.0,0.02236,573586.0,
1753504690620,04:38:10.620,bitmart,ACH/USDT:USDT,0.022318,11572.0,0.022392,6526.0,0.022357,,385968640.0
1753504690813,04:38:10.813,bitget,ACH/USDT:USDT,0.022375,2814.0,0.022377,2814.0,0.022384,183357640.0,3994718.052086
1753504683857,04:38:03.857,blofin,ACH/USDT:USDT,0.02235,4.0,0.02236,2220.0,0.02236,573586.0,
1753504691153,04:38:11.153,bitget,ACH/USDT:USDT,0.022374,312.0,0.022377,2814.0,0.022384,183357640.0,3994718.052086
1753504691508,04:38:11.508,bitmart,ACH/USDT:USDT,0.022318,11572.0,0.022392,6526.0,0.022357,,385968640.0
1753504691484,04:38:11.484,bitget,ACH/USDT:USDT,0.022374,312.0,0.022377,2814.0,0.022384,183357640.0,3994718.052086
1753504682870,04:38:02.870,mexc,ACH/USDT:USDT,,,,,0.022361,81933524.0,1777071.896102
1753504691869,04:38:11.869,bitget,ACH/USDT:USDT,0.022374,3126.0,0.022377,2814.0,0.022384,183357640.0,3994718.052086
1753504692276,04:38:12.276,bitget,ACH/USDT:USDT,0.022375,2814.0,0.022377,2814.0,0.022384,183357640.0,3994718.052086
1753504692517,04:38:12.517,bitmart,ACH/USDT:USDT,0.022318,11572.0,0.022392,6526.0,0.022357,,385968640.0
1753504692588,04:38:12.588,bitget,ACH/USDT:USDT,0.022375,2814.0,0.022377,2814.0,0.022384,183357640.0,3994718.052086
1753504692905,04:38:12.905,bitget,ACH/USDT:USDT,0.022374,312.0,0.022377,2814.0,0.022384,183357640.0,3994718.052086
1753504691692,04:38:11.692,xt,ACH/USDT:USDT,,,,,0.022354,,6676147.0
1753504693253,04:38:13.253,bitget,ACH/USDT:USDT,0.022374,3126.0,0.022377,2814.0,0.022384,183357640.0,3994718.052086
1753504693526,04:38:13.526,bitmart,ACH/USDT:USDT,0.022318,11572.0,0.022392,6526.0,0.022356,,385975706.0
1753504693587,04:38:13.587,bitget,ACH/USDT:USDT,0.022374,3126.0,0.022377,2814.0,0.022384,183357640.0,3994718.052086
1753504682870,04:38:02.870,mexc,ACH/USDT:USDT,,,,,0.022361,81933524.0,1777071.896102
1753504693899,04:38:13.899,bitget,ACH/USDT:USDT,0.022375,2814.0,0.022377,2814.0,0.022384,183357640.0,3994718.052086
1753504694223,04:38:14.223,bitget,ACH/USDT:USDT,0.022375,2814.0,0.022377,2814.0,0.022384,183357640.0,3994718.052086
1753504694629,04:38:14.629,bitmart,ACH/USDT:USDT,0.022318,11572.0,0.022392,6526.0,0.022357,,385982830.0
1753504694730,04:38:14.730,bitget,ACH/USDT:USDT,0.022374,3126.0,0.022377,2814.0,0.022384,183357640.0,3994718.052086
1753504695039,04:38:15.039,bitget,ACH/USDT:USDT,0.022375,2814.0,0.022377,2814.0,0.022384,183357640.0,3994718.052086
1753504695355,04:38:15.355,bitget,ACH/USDT:USDT,0.022374,3126.0,0.022377,2814.0,0.022384,183357640.0,3994718.052086
1753504695520,04:38:15.520,bitmart,ACH/USDT:USDT,0.022318,11572.0,0.022392,6526.0,0.022357,,385982830.0
1753504695792,04:38:15.792,bitget,ACH/USDT:USDT,0.022374,3126.0,0.022377,2814.0,0.022376,183357640.0,3994718.052086
1753504695855,04:38:15.855,bybit,ACH/USDT:USDT,0.022354,16240.0,0.022355,1370.0,0.02235,75066760.0,1637007.4118
1753504694693,04:38:14.693,xt,ACH/USDT:USDT,,,,,0.022354,,6676156.0
1753504683857,04:38:03.857,blofin,ACH/USDT:USDT,0.02235,4.0,0.02236,2219.0,0.02236,573586.0,
1753504696127,04:38:16.127,bitget,ACH/USDT:USDT,0.022374,3126.0,0.022377,2814.0,0.022376,183357640.0,3994718.052086
1753504682870,04:38:02.870,mexc,ACH/USDT:USDT,,,,,0.022361,81933524.0,1777071.896102
1753504696440,04:38:16.440,bitget,ACH/USDT:USDT,0.022374,312.0,0.022377,2814.0,0.022376,183357640.0,3994718.052086
1753504696511,04:38:16.511,bitmart,ACH/USDT:USDT,0.022318,11572.0,0.022392,6526.0,0.022357,,385982830.0
1753504696855,04:38:16.855,bybit,ACH/USDT:USDT,0.022354,16240.0,0.022355,250.0,0.02235,75066760.0,1637007.4118
1753504696858,04:38:16.858,bitget,ACH/USDT:USDT,0.022374,3209.0,0.022377,2814.0,0.022376,183368164.0,3994953.53711
1753504697189,04:38:17.189,bitget,ACH/USDT:USDT,0.022374,3209.0,0.022377,2814.0,0.022376,183368164.0,3994953.53711
1753504697505,04:38:17.505,bitget,ACH/USDT:USDT,0.022374,3209.0,0.022377,2814.0,0.022376,183368164.0,3994953.53711
1753504697619,04:38:17.619,bitmart,ACH/USDT:USDT,0.022318,11572.0,0.022392,6526.0,0.022356,,385990174.0
1753504697817,04:38:17.817,bitget,ACH/USDT:USDT,0.022374,3209.0,0.022377,2814.0,0.022376,183368164.0,3994953.53711
1753504683857,04:38:03.857,blofin,ACH/USDT:USDT,0.02235,4.0,0.02236,2459.0,0.02236,573586.0,
1753504698170,04:38:18.170,bitget,ACH/USDT:USDT,0.022374,3209.0,0.022377,2814.0,0.022376,183368164.0,3994953.53711
1753504696900,04:38:16.900,mexc,ACH/USDT:USDT,,,,,0.022359,81933823.0,1777078.581443
1753504698624,04:38:18.624,bitmart,ACH/USDT:USDT,0.022318,11572.0,0.022392,6526.0,0.022355,,385997644.0
1753504698860,04:38:18.860,bitget,ACH/USDT:USDT,0.022374,3209.0,0.022377,2814.0,0.022376,183368164.0,3994953.53711
1753504697761,04:38:17.761,xt,ACH/USDT:USDT,,,,,0.022354,,6676166.0
1753504699196,04:38:19.196,bitget,ACH/USDT:USDT,0.022374,3209.0,0.022377,2814.0,0.022376,183368164.0,3994953.53711
1753504699550,04:38:19.550,bitget,ACH/USDT:USDT,0.022375,2897.0,0.022377,2814.0,0.022376,183368164.0,3994953.53711
1753504699867,04:38:19.867,bitget,ACH/USDT:USDT,0.022375,2897.0,0.022377,2814.0,0.022376,183368164.0,3994953.53711
1753504700174,04:38:20.174,bitget,ACH/USDT:USDT,0.022375,2897.0,0.022377,2814.0,0.022376,183368164.0,3994953.53711
1753504700496,04:38:20.496,bitget,ACH/USDT:USDT,0.022375,2897.0,0.022377,2814.0,0.022376,183368164.0,3994953.53711
1753504700854,04:38:20.854,bitget,ACH/USDT:USDT,0.022375,2897.0,0.022377,2814.0,0.022376,183368164.0,3994953.53711
1753504696900,04:38:16.900,mexc,ACH/USDT:USDT,,,,,0.022359,81933823.0,1777078.581443
1753504701175,04:38:21.175,bitget,ACH/USDT:USDT,0.022377,11811.0,0.022379,2897.0,0.022376,183368164.0,3994953.53711
1753504701525,04:38:21.525,bitmart,ACH/USDT:USDT,0.022318,5355.0,0.022392,725.0,0.022356,,386003214.0
1753504701504,04:38:21.504,bitget,ACH/USDT:USDT,0.022378,2897.0,0.02238,2003.0,0.022376,183368164.0,3994953.53711
1753504701781,04:38:21.781,binance,ACH/USDT:USDT,,,,,0.022357,648664167.0,14125378.396178
1753504701781,04:38:21.781,binanceusdm,ACH/USDT:USDT,,,,,0.022357,648664167.0,14125378.396178
1753504701885,04:38:21.885,bitget,ACH/USDT:USDT,0.022378,11811.0,0.022379,337.0,0.022376,183368164.0,3994953.53711
1753504701031,04:38:21.031,xt,ACH/USDT:USDT,,,,,0.022354,,6676175.0
1753504702213,04:38:22.213,bitget,ACH/USDT:USDT,0.022378,11811.0,0.022379,3234.0,0.022376,183368164.0,3994953.53711
1753504702523,04:38:22.523,bitget,ACH/USDT:USDT,0.022378,14708.0,0.022379,337.0,0.022376,183368164.0,3994953.53711
1753504702836,04:38:22.836,bitget,ACH/USDT:USDT,0.022376,5790.0,0.022379,3234.0,0.022376,183368164.0,3994953.53711
1753504703164,04:38:23.164,bitget,ACH/USDT:USDT,0.022375,2897.0,0.022378,2897.0,0.022376,183368164.0,3994953.53711
1753504696900,04:38:16.900,mexc,ACH/USDT:USDT,,,,,0.022359,81933823.0,1777078.581443
1753504703511,04:38:23.511,bitmart,ACH/USDT:USDT,0.022318,802.0,0.022392,5585.0,0.022355,,386010916.0
1753504703528,04:38:23.528,bitget,ACH/USDT:USDT,0.022375,2897.0,0.022378,2897.0,0.022376,183368164.0,3994953.53711
1753504703848,04:38:23.848,bitget,ACH/USDT:USDT,0.022375,2897.0,0.022378,2897.0,0.022376,183368164.0,3994953.53711
1753504704242,04:38:24.242,bitget,ACH/USDT:USDT,0.022374,3209.0,0.022378,2897.0,0.022376,183368164.0,3994953.53711
1753504704511,04:38:24.511,bitmart,ACH/USDT:USDT,0.022318,802.0,0.022392,5585.0,0.022355,,386010916.0
1753504704579,04:38:24.579,bitget,ACH/USDT:USDT,0.022374,312.0,0.022378,2897.0,0.022376,183368164.0,3994953.53711
1753504704885,04:38:24.885,bitget,ACH/USDT:USDT,0.022375,2897.0,0.022378,2897.0,0.022376,183368164.0,3994953.53711
1753504703218,04:38:23.218,xt,ACH/USDT:USDT,,,,,0.022357,,6676181.0
1753504705201,04:38:25.201,bitget,ACH/USDT:USDT,0.022374,3209.0,0.022378,2897.0,0.022376,183368164.0,3994953.53711
1753504705508,04:38:25.508,binance,ACH/USDT:USDT,,,,,0.022356,648664414.0,14125383.91811
1753504705508,04:38:25.508,binanceusdm,ACH/USDT:USDT,,,,,0.022356,648664414.0,14125383.91811
1753504696900,04:38:16.900,mexc,ACH/USDT:USDT,,,,,0.022359,81933823.0,1777078.581443
1753504705635,04:38:25.635,bitmart,ACH/USDT:USDT,0.022318,802.0,0.022392,5585.0,0.022356,,386018862.0
1753504705881,04:38:25.881,bitget,ACH/USDT:USDT,0.022374,3209.0,0.022377,2897.0,0.022376,183368164.0,3994953.53711
1753504706196,04:38:26.196,bitget,ACH/USDT:USDT,0.022374,3209.0,0.022377,2897.0,0.022376,183368164.0,3994953.53711
1753504706507,04:38:26.507,bitmart,ACH/USDT:USDT,0.022318,1939.0,0.022392,65393.0,0.022356,,386018862.0
1753504706854,04:38:26.854,bitget,ACH/USDT:USDT,0.022374,3209.0,0.022377,2897.0,0.022376,183368164.0,3994953.53711
1753504707170,04:38:27.170,bitget,ACH/USDT:USDT,0.022374,3209.0,0.022377,2897.0,0.022376,183368164.0,3994953.53711
1753504707480,04:38:27.480,bitget,ACH/USDT:USDT,0.022374,3209.0,0.022377,2897.0,0.022376,183368164.0,3994953.53711
1753504707525,04:38:27.525,bitmart,ACH/USDT:USDT,0.022318,1939.0,0.022392,65393.0,0.022357,,386027006.0
1753504707796,04:38:27.796,bitget,ACH/USDT:USDT,0.022374,3209.0,0.022377,2897.0,0.022376,183368164.0,3994953.53711
1753504706891,04:38:26.891,mexc,ACH/USDT:USDT,,,,,0.022355,81934379.0,1777091.010823
1753504706520,04:38:26.520,xt,ACH/USDT:USDT,,,,,0.022356,,6676189.0
1753504708128,04:38:28.128,bitget,ACH/USDT:USDT,0.022374,3209.0,0.022377,2897.0,0.022376,183368164.0,3994953.53711
1753504708455,04:38:28.455,bybit,ACH/USDT:USDT,0.022354,16210.0,0.022355,250.0,0.02235,75066760.0,1637007.4118
1753504708445,04:38:28.445,bitget,ACH/USDT:USDT,0.022374,3209.0,0.022377,2897.0,0.022376,183368164.0,3994953.53711
1753504708515,04:38:28.515,bitmart,ACH/USDT:USDT,0.022318,1939.0,0.022392,65393.0,0.022357,,386027006.0
1753504683857,04:38:03.857,blofin,ACH/USDT:USDT,0.02234,3854.0,0.02236,2.0,0.02236,573586.0,
1753504708825,04:38:28.825,bitget,ACH/USDT:USDT,0.022375,2890.0,0.022377,2897.0,0.022376,183368164.0,3994953.53711
1753504683857,04:38:03.857,blofin,ACH/USDT:USDT,0.02234,3613.0,0.02236,2354.0,0.02236,573586.0,
1753504709281,04:38:29.281,bitget,ACH/USDT:USDT,0.022374,312.0,0.022377,2897.0,0.022376,183368164.0,3994953.53711
1753504709528,04:38:29.528,bitmart,ACH/USDT:USDT,0.022318,1939.0,0.022392,65393.0,0.022356,,386032136.0
1753504710027,04:38:30.027,bitget,ACH/USDT:USDT,0.022374,312.0,0.022377,2897.0,0.022376,183368164.0,3994953.53711
1753504683857,04:38:03.857,blofin,ACH/USDT:USDT,0.02234,3855.0,0.02236,2354.0,0.02236,573586.0,
1753504706891,04:38:26.891,mexc,ACH/USDT:USDT,,,,,0.022355,81934379.0,1777091.010823
1753504710620,04:38:30.620,bitmart,ACH/USDT:USDT,0.022318,1939.0,0.022392,65393.0,0.022356,,386036768.0
1753504710816,04:38:30.816,bitget,ACH/USDT:USDT,0.022374,312.0,0.022377,2897.0,0.022376,183368164.0,3994953.53711
1753504709726,04:38:29.726,xt,ACH/USDT:USDT,,,,,0.022356,,6673089.0
1753504711137,04:38:31.137,bitget,ACH/USDT:USDT,0.022374,312.0,0.022377,2897.0,0.022376,183368164.0,3994953.53711
1753504711522,04:38:31.522,bitmart,ACH/USDT:USDT,0.022318,1939.0,0.022392,65393.0,0.022356,,386036768.0
1753504711497,04:38:31.497,bitget,ACH/USDT:USDT,0.022374,312.0,0.022377,2897.0,0.022376,183368164.0,3994953.53711
1753504711496,04:38:31.496,binance,ACH/USDT:USDT,,,,,0.022355,648665822.0,14125415.39395
1753504711496,04:38:31.496,binanceusdm,ACH/USDT:USDT,,,,,0.022355,648665822.0,14125415.39395
1753504711555,04:38:31.555,bybit,ACH/USDT:USDT,0.022354,16210.0,0.022355,8270.0,0.02235,75066760.0,1637007.4118
1753504711655,04:38:31.655,bybit,ACH/USDT:USDT,0.022354,16210.0,0.022355,250.0,0.02235,75066760.0,1637007.4118
1753504711755,04:38:31.755,bybit,ACH/USDT:USDT,0.022354,16210.0,0.022355,1370.0,0.02235,75066760.0,1637007.4118
1753504711876,04:38:31.876,bitget,ACH/USDT:USDT,0.022374,312.0,0.022377,2897.0,0.022376,183368164.0,3994953.53711
1753504712470,04:38:32.470,bitget,ACH/USDT:USDT,0.022374,312.0,0.022377,2897.0,0.022376,183368164.0,3994953.53711
1753504712533,04:38:32.533,bitmart,ACH/USDT:USDT,0.022318,570.0,0.022388,519.0,0.022356,,386036768.0
1753504706891,04:38:26.891,mexc,ACH/USDT:USDT,,,,,0.022355,81934379.0,1777091.010823
1753504713268,04:38:33.268,bitget,ACH/USDT:USDT,0.022374,3202.0,0.022377,2897.0,0.022376,183368164.0,3994953.53711
1753504711515,04:38:31.515,binance,ACH/USDT:USDT,,,,,0.022354,648675402.0,14125629.548535
1753504711515,04:38:31.515,binanceusdm,ACH/USDT:USDT,,,,,0.022354,648675402.0,14125629.548535
1753504713543,04:38:33.543,bitmart,ACH/USDT:USDT,0.022318,570.0,0.022388,750.0,0.022354,,386042328.0
1753504713609,04:38:33.609,bitget,ACH/USDT:USDT,0.022374,3202.0,0.022377,2897.0,0.022376,183368164.0,3994953.53711
1753504712219,04:38:32.219,xt,ACH/USDT:USDT,,,,,0.022354,,6673203.0
1753504713925,04:38:33.925,bitget,ACH/USDT:USDT,0.022375,2890.0,0.022378,3569.0,0.022376,183368164.0,3994953.53711
1753504714259,04:38:34.259,bitget,ACH/USDT:USDT,0.022375,2890.0,0.022378,6459.0,0.022376,183368164.0,3994953.53711
1753504714355,04:38:34.355,bybit,ACH/USDT:USDT,0.022354,16210.0,0.022355,1370.0,0.02235,75066760.0,1637007.4118
1753504714620,04:38:34.620,bitmart,ACH/USDT:USDT,0.022318,5691.0,0.022388,565.0,0.022353,,386050710.0
1753504714655,04:38:34.655,bybit,ACH/USDT:USDT,0.022354,16210.0,0.022355,1370.0,0.02235,75066760.0,1637007.4118
1753504714724,04:38:34.724,bitget,ACH/USDT:USDT,0.022375,2890.0,0.022378,6459.0,0.022376,183368164.0,3994953.53711
1753504712868,04:38:32.868,mexc,ACH/USDT:USDT,,,,,0.022355,81934379.0,1777091.010823
1753504715521,04:38:35.521,bitmart,ACH/USDT:USDT,0.022318,5691.0,0.022392,673.0,0.022353,,386050710.0
1753504715543,04:38:35.543,bitget,ACH/USDT:USDT,0.022375,2890.0,0.022378,6459.0,0.022377,183371588.0,3995030.155958
1753504716579,04:38:36.579,bitget,ACH/USDT:USDT,0.022375,2890.0,0.022378,3569.0,0.022377,183371588.0,3995030.155958
1753504716632,04:38:36.632,binanceusdm,ACH/USDT:USDT,,,,,0.022354,648676718.0,14125658.966399
1753504716632,04:38:36.632,binance,ACH/USDT:USDT,,,,,0.022354,648676718.0,14125658.966399
1753504716755,04:38:36.755,bybit,ACH/USDT:USDT,0.022354,17730.0,0.022355,250.0,0.02235,75066760.0,1637007.4118
1753504715394,04:38:35.394,xt,ACH/USDT:USDT,,,,,0.022354,,6673210.0
1753504716864,04:38:36.864,mexc,ACH/USDT:USDT,,,,,0.022354,81934894.0,1777102.523133
1753504717512,04:38:37.512,bitmart,ACH/USDT:USDT,0.022318,80649.0,0.022395,18540.0,0.022354,,386058754.0
1753504717618,04:38:37.618,bitget,ACH/USDT:USDT,0.02238,17716.0,0.022381,297576.0,0.022377,183368164.0,3994953.53711
1753504717955,04:38:37.955,bybit,ACH/USDT:USDT,0.022354,17730.0,0.022355,250.0,0.02235,75066760.0,1637007.4118
1753504717998,04:38:37.998,bitget,ACH/USDT:USDT,0.02238,20580.0,0.022381,297576.0,0.022377,183371588.0,3995030.155958
1753504718356,04:38:38.356,bitget,ACH/USDT:USDT,0.02238,17716.0,0.022381,297576.0,0.022377,183371588.0,3995030.155958
1753504683857,04:38:03.857,blofin,ACH/USDT:USDT,0.02234,3800.0,0.02236,50.0,0.02236,573586.0,
1753504716635,04:38:36.635,binance,ACH/USDT:USDT,,,,,0.022356,648824319.0,14128958.734355
1753504716635,04:38:36.635,binanceusdm,ACH/USDT:USDT,,,,,0.022356,648824319.0,14128958.734355
1753504718683,04:38:38.683,bitget,ACH/USDT:USDT,0.02238,17716.0,0.022381,297576.0,0.022377,183371588.0,3995030.155958
1753504718996,04:38:38.996,bitget,ACH/USDT:USDT,0.02238,17716.0,0.022381,297576.0,0.022377,183371588.0,3995030.155958
1753504683857,04:38:03.857,blofin,ACH/USDT:USDT,0.02234,3800.0,0.02236,52.0,0.02236,573586.0,
1753504719340,04:38:39.340,bitget,ACH/USDT:USDT,0.02238,17716.0,0.022381,297576.0,0.022377,183371588.0,3995030.155958
1753504719507,04:38:39.507,bitmart,ACH/USDT:USDT,0.022318,80649.0,0.022395,18540.0,0.022359,,386066920.0
1753504718929,04:38:38.929,mexc,ACH/USDT:USDT,,,,,0.022354,81934894.0,1777102.523133
1753504719782,04:38:39.782,bitget,ACH/USDT:USDT,0.02238,20580.0,0.022381,297576.0,0.022377,183368164.0,3994953.53711
1753504718688,04:38:38.688,xt,ACH/USDT:USDT,,,,,0.022356,,6674707.0
1753504720290,04:38:40.290,phemex,ACH/USDT:USDT,,,,,0.02236,41191001.0,897276.93329
1753504720367,04:38:40.367,bitget,ACH/USDT:USDT,0.02238,20580.0,0.022381,297576.0,0.022377,183371588.0,3995030.155958
1753504720623,04:38:40.623,bitmart,ACH/USDT:USDT,0.022318,80649.0,0.022395,18540.0,0.02236,,386071990.0
1753504720721,04:38:40.721,bitget,ACH/USDT:USDT,0.02238,20580.0,0.022381,297576.0,0.022377,183371588.0,3995030.155958
1753504721052,04:38:41.052,bitget,ACH/USDT:USDT,0.02238,20580.0,0.022381,297576.0,0.022377,183371588.0,3995030.155958
1753504683857,04:38:03.857,blofin,ACH/USDT:USDT,0.02234,3801.0,0.02236,68.0,0.02236,573586.0,
1753504721260,04:38:41.260,gateio,ACH/USDT:USDT,,,,,0.02235,17989488.0,402064.0
1753504721397,04:38:41.397,gate,ACH/USDT:USDT,,,,,0.02235,17989488.0,402064.0
1753504721455,04:38:41.455,bybit,ACH/USDT:USDT,0.022354,17730.0,0.022355,250.0,0.02235,75027650.0,1636167.4219
1753504721679,04:38:41.679,bitget,ACH/USDT:USDT,0.022378,7401.0,0.02238,85259.0,0.022377,183371588.0,3995030.155958
1753504718929,04:38:38.929,mexc,ACH/USDT:USDT,,,,,0.022354,81934894.0,1777102.523133
1753504722088,04:38:42.088,bitget,ACH/USDT:USDT,0.022379,2864.0,0.022381,297576.0,0.022377,183371588.0,3995030.155958
1753504722463,04:38:42.463,bitget,ACH/USDT:USDT,0.022379,2864.0,0.022381,297576.0,0.022377,183371588.0,3995030.155958
1753504722522,04:38:42.522,bitmart,ACH/USDT:USDT,0.022324,713.0,0.022394,7712.0,0.022359,,386077334.0
1753504683857,04:38:03.857,blofin,ACH/USDT:USDT,0.02234,3799.0,0.02236,70.0,0.02236,573586.0,
1753504722764,04:38:42.764,bitget,ACH/USDT:USDT,0.022379,2864.0,0.022381,297576.0,0.022377,183371588.0,3995030.155958
1753504722034,04:38:42.034,xt,ACH/USDT:USDT,,,,,0.022356,,6674716.0
1753504723086,04:38:43.086,bitget,ACH/USDT:USDT,0.022379,2864.0,0.022381,297576.0,0.022377,183371588.0,3995030.155958
1753504723434,04:38:43.434,bitget,ACH/USDT:USDT,0.022379,2864.0,0.022381,297576.0,0.022377,183371588.0,3995030.155958
1753504723514,04:38:43.514,bitmart,ACH/USDT:USDT,0.022324,713.0,0.022394,7899.0,0.022359,,386077334.0
1753504723772,04:38:43.772,bitget,ACH/USDT:USDT,0.022379,2864.0,0.022381,297576.0,0.022377,183371588.0,3995030.155958
1753504724079,04:38:44.079,bitget,ACH/USDT:USDT,0.022379,2864.0,0.022381,297576.0,0.022377,183371588.0,3995030.155958
1753504718929,04:38:38.929,mexc,ACH/USDT:USDT,,,,,0.022354,81934894.0,1777102.523133
1753504724422,04:38:44.422,bitget,ACH/USDT:USDT,0.022379,2864.0,0.022381,284035.0,0.022377,183371588.0,3995030.155958
1753504724611,04:38:44.611,bitmart,ACH/USDT:USDT,0.022324,713.0,0.022394,6568.0,0.02236,,386082100.0
1753504724782,04:38:44.782,bitget,ACH/USDT:USDT,0.022379,2864.0,0.022381,284035.0,0.022377,183371588.0,3995030.155958
1753504725099,04:38:45.099,bitget,ACH/USDT:USDT,0.022379,2864.0,0.022381,284035.0,0.022377,183371588.0,3995030.155958
1753504725410,04:38:45.410,bitget,ACH/USDT:USDT,0.022379,2864.0,0.022381,284035.0,0.022377,183371588.0,3995030.155958
1753504725764,04:38:45.764,bitget,ACH/USDT:USDT,0.022379,2527.0,0.022381,284035.0,0.022379,183371588.0,3995030.155958
1753504724582,04:38:44.582,xt,ACH/USDT:USDT,,,,,0.022356,,6674722.0
1753504683857,04:38:03.857,blofin,ACH/USDT:USDT,0.02234,3799.0,0.02236,70.0,0.02236,573586.0,
1753504726101,04:38:46.101,bitget,ACH/USDT:USDT,0.022379,2527.0,0.022381,284035.0,0.022379,183371588.0,3995030.155958
1753504726415,04:38:46.415,bitget,ACH/USDT:USDT,0.022379,2527.0,0.022381,284035.0,0.022379,183372262.0,3995045.239404
1753504718929,04:38:38.929,mexc,ACH/USDT:USDT,,,,,0.022354,81934894.0,1777102.523133
1753504726735,04:38:46.735,bitget,ACH/USDT:USDT,0.022379,2527.0,0.022381,284035.0,0.022379,183372262.0,3995045.239404
1753504727119,04:38:47.119,bitget,ACH/USDT:USDT,0.022379,2527.0,0.022381,284035.0,0.022379,183372262.0,3995045.239404
1753504727518,04:38:47.518,bitmart,ACH/USDT:USDT,0.022324,713.0,0.022394,5582.0,0.022359,,386089490.0
1753504727519,04:38:47.519,bitget,ACH/USDT:USDT,0.022379,2527.0,0.022381,284035.0,0.022379,183372262.0,3995045.239404
1753504727831,04:38:47.831,bitget,ACH/USDT:USDT,0.022379,2527.0,0.022381,284035.0,0.022379,183372262.0,3995045.239404
1753504728195,04:38:48.195,bitget,ACH/USDT:USDT,0.022379,2527.0,0.022381,284035.0,0.022379,183372262.0,3995045.239404
1753504728569,04:38:48.569,bitget,ACH/USDT:USDT,0.022379,2527.0,0.022381,284035.0,0.022379,183372262.0,3995045.239404
1753504728614,04:38:48.614,bitmart,ACH/USDT:USDT,0.022324,713.0,0.022394,5089.0,0.02236,,386094256.0
1753504718929,04:38:38.929,mexc,ACH/USDT:USDT,,,,,0.022354,81934894.0,1777102.523133
1753504728876,04:38:48.876,bitget,ACH/USDT:USDT,0.022379,2527.0,0.022381,284035.0,0.022379,183372262.0,3995045.239404
1753504727875,04:38:47.875,xt,ACH/USDT:USDT,,,,,0.022356,,6674731.0
1753504729304,04:38:49.304,bitget,ACH/USDT:USDT,0.022379,2527.0,0.022381,284035.0,0.022379,183372262.0,3995045.239404
1753504729355,04:38:49.355,bybit,ACH/USDT:USDT,0.022354,17730.0,0.022355,250.0,0.02235,75027650.0,1636167.4219
1753504729655,04:38:49.655,bybit,ACH/USDT:USDT,0.022354,17730.0,0.022355,250.0,0.02235,75027650.0,1636167.4219
1753504730101,04:38:50.101,bitget,ACH/USDT:USDT,0.022379,2527.0,0.022381,284035.0,0.022379,183372262.0,3995045.239404
1753504730419,04:38:50.419,bitget,ACH/USDT:USDT,0.022379,2527.0,0.022381,284035.0,0.022379,183372262.0,3995045.239404
1753504730555,04:38:50.555,bybit,ACH/USDT:USDT,0.022354,17730.0,0.022355,250.0,0.02235,75027650.0,1636167.4219
1753504730617,04:38:50.617,bitmart,ACH/USDT:USDT,0.022324,5098.0,0.022394,432.0,0.022359,,386102260.0
1753504730800,04:38:50.800,bitget,ACH/USDT:USDT,0.022379,2527.0,0.022381,284035.0,0.022379,183372262.0,3995045.239404
1753504683857,04:38:03.857,blofin,ACH/USDT:USDT,0.02234,3799.0,0.02236,2.0,0.02236,573586.0,
1753504731114,04:38:51.114,bitget,ACH/USDT:USDT,0.022379,2527.0,0.022381,284035.0,0.022379,183372262.0,3995045.239404
1753504728872,04:38:48.872,mexc,ACH/USDT:USDT,,,,,0.022358,81935181.0,1777108.939879
1753504731423,04:38:51.423,bitget,ACH/USDT:USDT,0.022379,2527.0,0.022381,284035.0,0.022379,183372262.0,3995045.239404
1753504731760,04:38:51.760,bitget,ACH/USDT:USDT,0.022379,2527.0,0.022381,284035.0,0.022379,183372262.0,3995045.239404
1753504730284,04:38:50.284,xt,ACH/USDT:USDT,,,,,0.022356,,6674739.0
1753504683857,04:38:03.857,blofin,ACH/USDT:USDT,0.02234,3798.0,0.02236,25.0,0.02236,573586.0,
1753504732246,04:38:52.246,bitget,ACH/USDT:USDT,0.022379,2527.0,0.022381,284035.0,0.022379,183372262.0,3995045.239404
1753504732557,04:38:52.557,bitget,ACH/USDT:USDT,0.022379,2527.0,0.022381,284035.0,0.022379,183372262.0,3995045.239404
1753504732619,04:38:52.619,bitmart,ACH/USDT:USDT,0.022324,5098.0,0.022394,458.0,0.02236,,386109260.0
1753504732865,04:38:52.865,bitget,ACH/USDT:USDT,0.022379,2527.0,0.022381,284035.0,0.022379,183372262.0,3995045.239404
1753504732859,04:38:52.859,mexc,ACH/USDT:USDT,,,,,0.022358,81935181.0,1777108.939879
1753504733546,04:38:53.546,bitget,ACH/USDT:USDT,0.022379,2527.0,0.022381,284035.0,0.022379,183372262.0,3995045.239404
1753504733623,04:38:53.623,bitmart,ACH/USDT:USDT,0.022324,5098.0,0.022394,1508.0,0.02236,,386109260.0
1753504733857,04:38:53.857,bitget,ACH/USDT:USDT,0.022379,2527.0,0.022381,284035.0,0.022379,183372262.0,3995045.239404
1753504683857,04:38:03.857,blofin,ACH/USDT:USDT,0.02234,3554.0,0.02236,256.0,0.02236,573586.0,
1753504734206,04:38:54.206,bitget,ACH/USDT:USDT,0.022379,2527.0,0.022381,284035.0,0.022379,183372262.0,3995045.239404
1753504734631,04:38:54.631,bitget,ACH/USDT:USDT,0.022379,2527.0,0.022381,284035.0,0.022379,183372262.0,3995045.239404
1753504733429,04:38:53.429,xt,ACH/USDT:USDT,,,,,0.022356,,6674752.0
1753504683857,04:38:03.857,blofin,ACH/USDT:USDT,0.02234,3554.0,0.02236,259.0,0.02236,573586.0,
1753504735261,04:38:55.261,bitget,ACH/USDT:USDT,0.022379,2527.0,0.022381,284035.0,0.022379,183372262.0,3995045.239404
1753504735523,04:38:55.523,bitmart,ACH/USDT:USDT,0.022324,5098.0,0.022394,939.0,0.022359,,386116390.0
1753504683857,04:38:03.857,blofin,ACH/USDT:USDT,0.02234,3554.0,0.02236,259.0,0.02236,573586.0,
1753504735671,04:38:55.671,bitget,ACH/USDT:USDT,0.022379,2527.0,0.022381,284035.0,0.022379,183372262.0,3995045.239404
1753504732859,04:38:52.859,mexc,ACH/USDT:USDT,,,,,0.022358,81935181.0,1777108.939879
1753504736008,04:38:56.008,bitget,ACH/USDT:USDT,0.022379,2527.0,0.022381,284035.0,0.022379,183372262.0,3995045.239404
1753504736320,04:38:56.320,bitget,ACH/USDT:USDT,0.022379,2527.0,0.022381,284035.0,0.022379,183372262.0,3995045.239404
1753504736649,04:38:56.649,bitget,ACH/USDT:USDT,0.022379,2527.0,0.022381,284035.0,0.022379,183372262.0,3995045.239404
1753504737022,04:38:57.022,bitget,ACH/USDT:USDT,0.022379,2527.0,0.022381,284035.0,0.022379,183372262.0,3995045.239404
1753504737375,04:38:57.375,bitget,ACH/USDT:USDT,0.022379,2527.0,0.022381,284035.0,0.022379,183372262.0,3995045.239404
1753504737549,04:38:57.549,bitmart,ACH/USDT:USDT,0.022324,5098.0,0.022394,839.0,0.02236,,386124690.0
1753504737702,04:38:57.702,bitget,ACH/USDT:USDT,0.022379,2527.0,0.022381,284035.0,0.022379,183372262.0,3995045.239404
1753504736642,04:38:56.642,xt,ACH/USDT:USDT,,,,,0.022356,,6674762.0
1753504732859,04:38:52.859,mexc,ACH/USDT:USDT,,,,,0.022358,81935181.0,1777108.939879
1753504738090,04:38:58.090,bitget,ACH/USDT:USDT,0.022379,2527.0,0.022381,284035.0,0.022379,183372262.0,3995045.239404
1753504683857,04:38:03.857,blofin,ACH/USDT:USDT,0.02234,3798.0,0.02236,34.0,0.02236,573586.0,
1753504738722,04:38:58.722,bitget,ACH/USDT:USDT,0.022379,2527.0,0.022381,284035.0,0.02238,183372262.0,3995045.239404
1753504739041,04:38:59.041,bitget,ACH/USDT:USDT,0.022379,2527.0,0.022381,284035.0,0.02238,183372262.0,3995045.239404
1753504739401,04:38:59.401,bitget,ACH/USDT:USDT,0.022379,2527.0,0.022381,284035.0,0.02238,183372262.0,3995045.239404
1753504739733,04:38:59.733,bitget,ACH/USDT:USDT,0.022379,2527.0,0.022381,284035.0,0.02238,183376448.0,3995138.922084
1753504740063,04:39:00.063,bitget,ACH/USDT:USDT,0.022379,2527.0,0.022381,284035.0,0.02238,183376448.0,3995138.922084
1753504740397,04:39:00.397,bitget,ACH/USDT:USDT,0.022379,2527.0,0.022381,284035.0,0.02238,183376448.0,3995138.922084
1753504732859,04:38:52.859,mexc,ACH/USDT:USDT,,,,,0.022358,81935181.0,1777108.939879
1753504740630,04:39:00.630,bitmart,ACH/USDT:USDT,0.022324,5098.0,0.022395,18540.0,0.02236,,385917984.0
1753504740867,04:39:00.867,bitget,ACH/USDT:USDT,0.022379,2527.0,0.022381,284035.0,0.02238,183372262.0,3995045.239404
1753504739969,04:38:59.969,xt,ACH/USDT:USDT,,,,,0.022356,,6674774.0
1753504741260,04:39:01.260,gateio,ACH/USDT:USDT,,,,,0.02235,17989488.0,402064.0
1753504741410,04:39:01.410,gate,ACH/USDT:USDT,,,,,0.02235,17989488.0,402064.0
1753504741437,04:39:01.437,bitget,ACH/USDT:USDT,0.022377,8719.0,0.02238,88157.0,0.02238,183376448.0,3995138.922084
1753504741655,04:39:01.655,bybit,ACH/USDT:USDT,0.022354,17730.0,0.022355,250.0,0.02235,75027650.0,1636167.4219
1753504741862,04:39:01.862,bitget,ACH/USDT:USDT,0.022377,8719.0,0.02238,85211.0,0.02238,183342686.0,3994412.433582
1753504683857,04:38:03.857,blofin,ACH/USDT:USDT,0.02234,3610.0,0.02236,68.0,0.02236,573586.0,
1753504742282,04:39:02.282,bitget,ACH/USDT:USDT,0.022377,8719.0,0.02238,85211.0,0.02238,183342686.0,3994412.433582
1753504683857,04:38:03.857,blofin,ACH/USDT:USDT,0.02234,3610.0,0.02236,68.0,0.02236,573586.0,
1753504742639,04:39:02.639,bitget,ACH/USDT:USDT,0.022377,8719.0,0.02238,85211.0,0.02238,183342686.0,3994412.433582
1753504732859,04:38:52.859,mexc,ACH/USDT:USDT,,,,,0.022358,81935181.0,1777108.939879
1753504742960,04:39:02.960,bitget,ACH/USDT:USDT,0.022377,8719.0,0.02238,85211.0,0.02238,183342686.0,3994412.433582
1753504743306,04:39:03.306,bitget,ACH/USDT:USDT,0.022377,8719.0,0.02238,85211.0,0.02238,183342686.0,3994412.433582
1753504743654,04:39:03.654,bitget,ACH/USDT:USDT,0.022377,8719.0,0.02238,85211.0,0.02238,183342686.0,3994412.433582
1753504742426,04:39:02.426,xt,ACH/USDT:USDT,,,,,0.022356,,6674783.0
1753504744296,04:39:04.296,bitget,ACH/USDT:USDT,0.022377,8719.0,0.02238,85211.0,0.02238,183342686.0,3994412.433582
1753504744625,04:39:04.625,bitmart,ACH/USDT:USDT,0.022324,15025.0,0.022395,18540.0,0.02236,,385953916.0
1753504744687,04:39:04.687,bitget,ACH/USDT:USDT,0.022377,8719.0,0.02238,85211.0,0.02238,183342686.0,3994412.433582
1753504744738,04:39:04.738,binance,ACH/USDT:USDT,,,,,0.022359,648514062.0,14122292.597122
1753504744738,04:39:04.738,binanceusdm,ACH/USDT:USDT,,,,,0.022359,648514062.0,14122292.597122
1753504683857,04:38:03.857,blofin,ACH/USDT:USDT,0.02234,3843.0,0.02236,75.0,0.02236,573586.0,
1753504742873,04:39:02.873,mexc,ACH/USDT:USDT,,,,,0.022359,81935659.0,1777119.627481
1753504745055,04:39:05.055,bitget,ACH/USDT:USDT,0.022377,8719.0,0.02238,85211.0,0.02238,183342686.0,3994412.433582
1753504745363,04:39:05.363,bitget,ACH/USDT:USDT,0.022377,8719.0,0.02238,85211.0,0.02238,183342686.0,3994412.433582
1753504745676,04:39:05.676,bitget,ACH/USDT:USDT,0.022377,8719.0,0.02238,85211.0,0.02238,183342686.0,3994412.433582
1753504746006,04:39:06.006,bitget,ACH/USDT:USDT,0.022377,8719.0,0.02238,85211.0,0.02238,183342686.0,3994412.433582
1753504746331,04:39:06.331,bitget,ACH/USDT:USDT,0.022377,8719.0,0.02238,85211.0,0.02238,183342686.0,3994412.433582
1753504746599,04:39:06.599,bitmart,ACH/USDT:USDT,0.022324,7112.0,0.022395,18540.0,0.022361,,385962680.0
1753504746648,04:39:06.648,bitget,ACH/USDT:USDT,0.022377,8719.0,0.02238,85211.0,0.02238,183342686.0,3994412.433582
1753504745610,04:39:05.610,xt,ACH/USDT:USDT,,,,,0.022359,,6674794.0
1753504747089,04:39:07.089,bitget,ACH/USDT:USDT,0.02238,11811.0,0.022381,284035.0,0.02238,183372262.0,3995045.239404
1753504742873,04:39:02.873,mexc,ACH/USDT:USDT,,,,,0.022359,81935659.0,1777119.627481
1753504683857,04:38:03.857,blofin,ACH/USDT:USDT,0.02234,3844.0,0.02236,73.0,0.02236,573586.0,
1753504747619,04:39:07.619,bitmart,ACH/USDT:USDT,0.022324,7112.0,0.022395,18540.0,0.022361,,385962680.0
1753504747679,04:39:07.679,bitget,ACH/USDT:USDT,0.02238,14741.0,0.022381,284035.0,0.02238,183342686.0,3994412.433582
1753504747955,04:39:07.955,bybit,ACH/USDT:USDT,0.022354,17730.0,0.022355,250.0,0.02235,75027650.0,1636167.4219
1753504747990,04:39:07.990,bitget,ACH/USDT:USDT,0.02238,14741.0,0.022381,284035.0,0.02238,183342686.0,3994412.433582
1753504748365,04:39:08.365,bitget,ACH/USDT:USDT,0.02238,14741.0,0.022381,284035.0,0.02238,183342686.0,3994412.433582
1753504748555,04:39:08.555,bybit,ACH/USDT:USDT,0.022354,17730.0,0.022355,250.0,0.02235,75027650.0,1636167.4219
1753504748615,04:39:08.615,bitmart,ACH/USDT:USDT,0.022324,7112.0,0.022395,18540.0,0.022361,,385968068.0
1753504748732,04:39:08.732,bitget,ACH/USDT:USDT,0.02238,14741.0,0.022381,284035.0,0.02238,183342686.0,3994412.433582
1753504749041,04:39:09.041,bitget,ACH/USDT:USDT,0.02238,14741.0,0.022381,284035.0,0.02238,183342686.0,3994412.433582
1753504748053,04:39:08.053,blofin,ACH/USDT:USDT,0.02234,3844.0,0.02237,78.0,0.02236,573537.0,
1753504749385,04:39:09.385,bitget,ACH/USDT:USDT,0.02238,14741.0,0.022381,284035.0,0.02238,183342686.0,3994412.433582
1753504749510,04:39:09.510,bitmart,ACH/USDT:USDT,0.022324,7112.0,0.022395,18540.0,0.022361,,385968068.0
1753504749633,04:39:09.633,binanceusdm,ACH/USDT:USDT,,,,,0.02236,648515669.0,14122328.529642
1753504749633,04:39:09.633,binance,ACH/USDT:USDT,,,,,0.02236,648515669.0,14122328.529642
1753504749774,04:39:09.774,bitget,ACH/USDT:USDT,0.02238,14741.0,0.022381,284035.0,0.02238,183342686.0,3994412.433582
1753504742873,04:39:02.873,mexc,ACH/USDT:USDT,,,,,0.022359,81935659.0,1777119.627481
1753504748810,04:39:08.810,xt,ACH/USDT:USDT,,,,,0.022359,,6674803.0
1753504750095,04:39:10.095,bitget,ACH/USDT:USDT,0.02238,14741.0,0.022381,284035.0,0.02238,183342686.0,3994412.433582
1753504750408,04:39:10.408,bitget,ACH/USDT:USDT,0.02238,2930.0,0.022381,284035.0,0.02238,183342686.0,3994412.433582
1753504748053,04:39:08.053,blofin,ACH/USDT:USDT,0.02234,3846.0,0.02237,79.0,0.02236,573537.0,
1753504750626,04:39:10.626,bitmart,ACH/USDT:USDT,0.022324,3977.0,0.022395,18540.0,0.022362,,385976668.0
1753504750748,04:39:10.748,bitget,ACH/USDT:USDT,0.02238,2930.0,0.022381,284035.0,0.02238,183342686.0,3994412.433582
1753504751084,04:39:11.084,bitget,ACH/USDT:USDT,0.02238,2930.0,0.022381,284035.0,0.02238,183342686.0,3994412.433582
1753504751255,04:39:11.255,bybit,ACH/USDT:USDT,0.022354,16210.0,0.022355,250.0,0.02235,75027650.0,1636167.4219
1753504751402,04:39:11.402,bitget,ACH/USDT:USDT,0.02238,2930.0,0.022381,284035.0,0.02238,183342686.0,3994412.433582
1753504751512,04:39:11.512,bitmart,ACH/USDT:USDT,0.022324,3977.0,0.022394,8959.0,0.022362,,385976668.0
1753504748053,04:39:08.053,blofin,ACH/USDT:USDT,0.02234,3843.0,0.02236,76.0,0.02236,573537.0,
1753504751183,04:39:11.183,binance,ACH/USDT:USDT,,,,,0.02236,648532173.0,14122697.559082
1753504751183,04:39:11.183,binanceusdm,ACH/USDT:USDT,,,,,0.02236,648532173.0,14122697.559082
1753504751721,04:39:11.721,bitget,ACH/USDT:USDT,0.022374,312.0,0.02238,91071.0,0.02238,183342686.0,3994412.433582
1753504751856,04:39:11.856,bybit,ACH/USDT:USDT,0.022354,16210.0,0.022355,250.0,0.02235,75027650.0,1636167.4219
1753504742873,04:39:02.873,mexc,ACH/USDT:USDT,,,,,0.022359,81935659.0,1777119.627481
1753504752435,04:39:12.435,bitget,ACH/USDT:USDT,0.022374,3242.0,0.02238,91071.0,0.02238,183342686.0,3994412.433582
1753504752609,04:39:12.609,bitmart,ACH/USDT:USDT,0.022324,23315.0,0.022394,5785.0,0.02236,,385981510.0
1753504752755,04:39:12.755,bybit,ACH/USDT:USDT,0.022354,16210.0,0.022355,250.0,0.02235,75027650.0,1636167.4219
1753504752750,04:39:12.750,bitget,ACH/USDT:USDT,0.022375,11811.0,0.022379,2930.0,0.02238,183342686.0,3994412.433582
1753504751371,04:39:11.371,xt,ACH/USDT:USDT,,,,,0.02236,,6674920.0
1753504753071,04:39:13.071,bitget,ACH/USDT:USDT,0.022375,14741.0,0.022379,2930.0,0.02238,183342686.0,3994412.433582
1753504753335,04:39:13.335,phemex,ACH/USDT:USDT,,,,,0.02236,41180209.0,897044.79737
1753504753401,04:39:13.401,bitget,ACH/USDT:USDT,0.022375,14741.0,0.022379,2930.0,0.02238,183342686.0,3994412.433582
1753504753538,04:39:13.538,bitmart,ACH/USDT:USDT,0.022324,22900.0,0.022394,7309.0,0.02236,,385981510.0
1753504753655,04:39:13.655,bybit,ACH/USDT:USDT,0.022354,16210.0,0.022355,250.0,0.02235,75027650.0,1636167.4219
1753504753720,04:39:13.720,bitget,ACH/USDT:USDT,0.022375,14741.0,0.022379,2930.0,0.02238,183342686.0,3994412.433582
1753504754041,04:39:14.041,bitget,ACH/USDT:USDT,0.022375,14741.0,0.022379,2930.0,0.02238,183342686.0,3994412.433582
1753504754430,04:39:14.430,bitget,ACH/USDT:USDT,0.022375,14741.0,0.022379,2930.0,0.02238,183342686.0,3994412.433582
1753504742873,04:39:02.873,mexc,ACH/USDT:USDT,,,,,0.022359,81935659.0,1777119.627481
1753504754910,04:39:14.910,bitget,ACH/USDT:USDT,0.022375,14741.0,0.022379,2930.0,0.02238,183342686.0,3994412.433582
1753504748053,04:39:08.053,blofin,ACH/USDT:USDT,0.02234,3570.0,0.02236,1995.0,0.02236,573537.0,
1753504755486,04:39:15.486,bitget,ACH/USDT:USDT,0.022375,14741.0,0.022379,2930.0,0.022376,183342686.0,3994412.433582
1753504755755,04:39:15.755,bybit,ACH/USDT:USDT,0.022354,16210.0,0.022355,250.0,0.02235,75027650.0,1636167.4219
1753504755893,04:39:15.893,bitget,ACH/USDT:USDT,0.022375,14741.0,0.022379,2930.0,0.022376,183342686.0,3994412.433582
1753504754491,04:39:14.491,xt,ACH/USDT:USDT,,,,,0.02236,,6674997.0
1753504756232,04:39:16.232,bitget,ACH/USDT:USDT,0.022375,14741.0,0.022379,2930.0,0.022376,183342686.0,3994412.433582
1753504748053,04:39:08.053,blofin,ACH/USDT:USDT,0.02234,3570.0,0.02236,2171.0,0.02236,573537.0,
1753504756550,04:39:16.550,bitget,ACH/USDT:USDT,0.022375,14741.0,0.022379,2930.0,0.022376,183346386.0,3994495.224782
1753504756612,04:39:16.612,bitmart,ACH/USDT:USDT,0.022324,12209.0,0.022394,777.0,0.022359,,385992250.0
1753504756655,04:39:16.655,bybit,ACH/USDT:USDT,0.022354,16210.0,0.022355,250.0,0.02235,75027650.0,1636167.4219
1753504742873,04:39:02.873,mexc,ACH/USDT:USDT,,,,,0.022359,81935659.0,1777119.627481
1753504756889,04:39:16.889,bitget,ACH/USDT:USDT,0.022375,14741.0,0.022379,2930.0,0.022376,183346386.0,3994495.224782
1753504756955,04:39:16.955,bybit,ACH/USDT:USDT,0.022354,16210.0,0.022355,250.0,0.02235,75027650.0,1636167.4219
1753504757260,04:39:17.260,bitget,ACH/USDT:USDT,0.022375,14741.0,0.022379,2930.0,0.022376,183346386.0,3994495.224782
1753504748053,04:39:08.053,blofin,ACH/USDT:USDT,0.02234,3573.0,0.02236,529.0,0.02236,573537.0,
1753504757574,04:39:17.574,bitget,ACH/USDT:USDT,0.022375,14741.0,0.022379,2930.0,0.022376,183346386.0,3994495.224782
1753504757855,04:39:17.855,bybit,ACH/USDT:USDT,0.022354,16210.0,0.022355,250.0,0.02235,75027650.0,1636167.4219
1753504757889,04:39:17.889,bitget,ACH/USDT:USDT,0.022375,14741.0,0.022379,2930.0,0.022376,183346386.0,3994495.224782
1753504758282,04:39:18.282,bitget,ACH/USDT:USDT,0.022375,14741.0,0.022379,2930.0,0.022376,183346386.0,3994495.224782
1753504758614,04:39:18.614,bitmart,ACH/USDT:USDT,0.022318,80649.0,0.022394,777.0,0.022358,,385998446.0
1753504758629,04:39:18.629,bitget,ACH/USDT:USDT,0.022375,14741.0,0.022379,2930.0,0.022376,183346386.0,3994495.224782
1753504757671,04:39:17.671,xt,ACH/USDT:USDT,,,,,0.02236,,6675005.0
1753504742873,04:39:02.873,mexc,ACH/USDT:USDT,,,,,0.022359,81935659.0,1777119.627481
1753504759277,04:39:19.277,bitget,ACH/USDT:USDT,0.02238,11811.0,0.022381,284035.0,0.022376,183346386.0,3994495.224782
1753504759511,04:39:19.511,bitmart,ACH/USDT:USDT,0.022324,11455.0,0.022394,777.0,0.022358,,385998446.0
1753504759767,04:39:19.767,bitget,ACH/USDT:USDT,0.022379,2878.0,0.022381,284035.0,0.022376,183346386.0,3994495.224782
1753504760526,04:39:20.526,bitget,ACH/USDT:USDT,0.022377,8582.0,0.022379,26427.0,0.022376,183346386.0,3994495.224782
1753504761336,04:39:21.336,bitget,ACH/USDT:USDT,0.02238,17716.0,0.022381,284035.0,0.022376,183346386.0,3994495.224782
1753504760864,04:39:20.864,mexc,ACH/USDT:USDT,,,,,0.022361,81936231.0,1777132.417973
1753504761533,04:39:21.533,bitmart,ACH/USDT:USDT,0.022324,14909.0,0.022394,777.0,0.022359,,386003200.0
1753504761513,04:39:21.513,binanceusdm,ACH/USDT:USDT,,,,,0.022359,648533529.0,14122727.877886
1753504761513,04:39:21.513,binance,ACH/USDT:USDT,,,,,0.022359,648533529.0,14122727.877886
1753504761555,04:39:21.555,bybit,ACH/USDT:USDT,0.022354,17730.0,0.022355,250.0,0.02235,75027650.0,1636167.4219
1753504761688,04:39:21.688,bitget,ACH/USDT:USDT,0.02238,20594.0,0.022381,284035.0,0.022376,183346386.0,3994495.224782
1753504760854,04:39:20.854,xt,ACH/USDT:USDT,,,,,0.02236,,6675014.0
1753504762049,04:39:22.049,bitget,ACH/USDT:USDT,0.02238,20594.0,0.022381,284035.0,0.022376,183346386.0,3994495.224782
1753504762255,04:39:22.255,bybit,ACH/USDT:USDT,0.022354,24020.0,0.022355,250.0,0.02235,75027650.0,1636167.4219
1753504762347,04:39:22.347,phemex,ACH/USDT:USDT,,,,,0.02236,41180209.0,897044.79737
1753504762387,04:39:22.387,bitget,ACH/USDT:USDT,0.02238,20594.0,0.022381,284035.0,0.022376,183346386.0,3994495.224782
1753504762623,04:39:22.623,bitmart,ACH/USDT:USDT,0.022324,15091.0,0.022395,18540.0,0.02236,,386007706.0
1753504762763,04:39:22.763,bitget,ACH/USDT:USDT,0.02238,17716.0,0.022381,284035.0,0.022376,183346386.0,3994495.224782
1753504748053,04:39:08.053,blofin,ACH/USDT:USDT,0.02234,3816.0,0.02236,5.0,0.02236,573537.0,
1753504763159,04:39:23.159,bitget,ACH/USDT:USDT,0.02238,17716.0,0.022381,284035.0,0.022376,183342686.0,3994412.433582
1753504763522,04:39:23.522,bitmart,ACH/USDT:USDT,0.022324,6802.0,0.022394,629.0,0.02236,,386007706.0
1753504761513,04:39:21.513,binance,ACH/USDT:USDT,,,,,0.022359,648534272.0,14122744.490623
1753504761513,04:39:21.513,binanceusdm,ACH/USDT:USDT,,,,,0.022359,648534272.0,14122744.490623
1753504763668,04:39:23.668,bitget,ACH/USDT:USDT,0.02238,17716.0,0.022381,284035.0,0.022376,183346386.0,3994495.224782
1753504760864,04:39:20.864,mexc,ACH/USDT:USDT,,,,,0.022361,81936231.0,1777132.417973
1753504763993,04:39:23.993,bitget,ACH/USDT:USDT,0.02238,17716.0,0.022381,284035.0,0.022376,183346386.0,3994495.224782
1753504764426,04:39:24.426,bitget,ACH/USDT:USDT,0.022378,8580.0,0.02238,85211.0,0.022376,183346386.0,3994495.224782
1753504763335,04:39:23.335,xt,ACH/USDT:USDT,,,,,0.022359,,6675039.0
1753504764962,04:39:24.962,bitget,ACH/USDT:USDT,0.02238,17716.0,0.022381,284035.0,0.022376,183346386.0,3994495.224782
1753504748053,04:39:08.053,blofin,ACH/USDT:USDT,0.02234,3814.0,0.02236,6.0,0.02236,573537.0,
1753504765519,04:39:25.519,bitmart,ACH/USDT:USDT,0.022324,6802.0,0.022394,557.0,0.022361,,386016438.0
1753504765780,04:39:25.780,bitget,ACH/USDT:USDT,0.02238,17716.0,0.022381,284035.0,0.022376,183346386.0,3994495.224782
1753504760864,04:39:20.864,mexc,ACH/USDT:USDT,,,,,0.022361,81936231.0,1777132.417973
1753504766115,04:39:26.115,bitget,ACH/USDT:USDT,0.02238,17716.0,0.022381,284035.0,0.022376,183346386.0,3994495.224782
1753504766155,04:39:26.155,bybit,ACH/USDT:USDT,0.022354,24020.0,0.022355,250.0,0.02235,74994620.0,1635457.2426
1753504766356,04:39:26.356,bybit,ACH/USDT:USDT,0.022354,24030.0,0.022355,250.0,0.02235,74994620.0,1635457.2426
1753504766474,04:39:26.474,bitget,ACH/USDT:USDT,0.02238,17716.0,0.022381,284035.0,0.022376,183346386.0,3994495.224782
1753504766627,04:39:26.627,bitmart,ACH/USDT:USDT,0.022324,6802.0,0.022394,664.0,0.02236,,386021912.0
1753504766822,04:39:26.822,bitget,ACH/USDT:USDT,0.02238,17716.0,0.022381,284035.0,0.022376,183346386.0,3994495.224782
1753504767158,04:39:27.158,bitget,ACH/USDT:USDT,0.02238,17716.0,0.022381,284035.0,0.022376,183346386.0,3994495.224782
1753504767469,04:39:27.469,bitget,ACH/USDT:USDT,0.022378,5696.0,0.022381,284035.0,0.022376,183346386.0,3994495.224782
1753504767783,04:39:27.783,bitget,ACH/USDT:USDT,0.02238,17716.0,0.022381,284035.0,0.022376,183346386.0,3994495.224782
1753504766698,04:39:26.698,xt,ACH/USDT:USDT,,,,,0.022359,,6675053.0
1753504768252,04:39:28.252,bitget,ACH/USDT:USDT,0.022378,5692.0,0.02238,85211.0,0.022376,183346386.0,3994495.224782
1753504768356,04:39:28.356,bybit,ACH/USDT:USDT,0.022354,24030.0,0.022355,250.0,0.02235,74994620.0,1635457.2426
1753504766858,04:39:26.858,mexc,ACH/USDT:USDT,,,,,0.022361,81936231.0,1777132.417973
1753504768773,04:39:28.773,bitget,ACH/USDT:USDT,0.022378,5692.0,0.02238,85211.0,0.022376,183346386.0,3994495.224782
1753504768955,04:39:28.955,bybit,ACH/USDT:USDT,0.022354,24030.0,0.022355,250.0,0.02235,74994620.0,1635457.2426
1753504769088,04:39:29.088,bitget,ACH/USDT:USDT,0.022378,8548.0,0.02238,85211.0,0.022376,183346386.0,3994495.224782
1753504769452,04:39:29.452,bitget,ACH/USDT:USDT,0.022378,8548.0,0.02238,85211.0,0.022376,183346386.0,3994495.224782
1753504769788,04:39:29.788,bitget,ACH/USDT:USDT,0.022378,8548.0,0.02238,85211.0,0.022376,183346386.0,3994495.224782
