timestamp,time,exchange,symbol,bid,bidVolume,ask,askVolume,lastPrice,baseVolume,quoteVolume
1753504628053,04:37:08.053,blofin,ACH/USDT:USDT,0.02234,4208.0,0.02236,3.0,0.02235,573584.0,
1753504634864,04:37:14.864,mexc,ACH/USDT:USDT,,,,,0.022355,81930974.0,1777014.878917
1753504637761,04:37:17.761,xt,ACH/USDT:USDT,,,,,0.022354,,6677669.0
1753504639097,04:37:19.097,bitget,ACH/USDT:USDT,0.022369,14670.0,0.02237,312.0,0.022367,183373544.0,3995043.472594
1753504628053,04:37:08.053,blofin,ACH/USDT:USDT,0.02234,4209.0,0.02236,3284.0,0.02235,573584.0,
1753504640555,04:37:20.555,bitmart,ACH/USDT:USDT,0.022318,19467.0,0.02239,7592.0,0.022355,,386015032.0
1753504639246,04:37:19.246,binance,ACH/USDT:USDT,,,,,0.022354,648821884.0,14128603.087139
1753504639246,04:37:19.246,binanceusdm,ACH/USDT:USDT,,,,,0.022354,648821884.0,14128603.087139
1753504634864,04:37:14.864,mexc,ACH/USDT:USDT,,,,,0.022355,81930974.0,1777014.878917
1753504628053,04:37:08.053,blofin,ACH/USDT:USDT,0.02234,1649.0,0.02236,5156.0,0.02235,573584.0,
1753504641042,04:37:21.042,bitget,ACH/USDT:USDT,0.022369,14670.0,0.02237,312.0,0.022367,183373544.0,3995043.472594
1753504641155,04:37:21.155,bybit,ACH/USDT:USDT,0.022344,21020.0,0.022345,250.0,0.022344,75058080.0,1636813.4151
1753504641255,04:37:21.255,bybit,ACH/USDT:USDT,0.022344,30620.0,0.022345,250.0,0.022344,75058080.0,1636813.4151
1753504641355,04:37:21.355,bybit,ACH/USDT:USDT,0.022344,40200.0,0.022345,250.0,0.022344,75058080.0,1636813.4151
1753504641461,04:37:21.461,bitget,ACH/USDT:USDT,0.022369,14670.0,0.02237,312.0,0.022367,183373544.0,3995043.472594
1753504641600,04:37:21.600,bitmart,ACH/USDT:USDT,0.022318,19467.0,0.02239,1989.0,0.022356,,386020870.0
1753504641849,04:37:21.849,bitget,ACH/USDT:USDT,0.022369,14670.0,0.02237,312.0,0.022367,183373544.0,3995043.472594
1753504640308,04:37:20.308,xt,ACH/USDT:USDT,,,,,0.022354,,6677676.0
1753504642159,04:37:22.159,bitget,ACH/USDT:USDT,0.022369,14670.0,0.02237,312.0,0.022367,183373544.0,3995043.472594
1753504642476,04:37:22.476,bitget,ACH/USDT:USDT,0.022369,14670.0,0.02237,312.0,0.022367,183373544.0,3995043.472594
1753504640857,04:37:20.857,mexc,ACH/USDT:USDT,,,,,0.022355,81930974.0,1777014.878917
1753504642849,04:37:22.849,bitget,ACH/USDT:USDT,0.022369,14670.0,0.02237,312.0,0.022367,183373544.0,3995043.472594
1753504643157,04:37:23.157,bitget,ACH/USDT:USDT,0.022369,14670.0,0.02237,312.0,0.022367,183373544.0,3995043.472594
1753504643462,04:37:23.462,bitget,ACH/USDT:USDT,0.022369,14670.0,0.02237,312.0,0.022367,183373544.0,3995043.472594
1753504643520,04:37:23.520,bitmart,ACH/USDT:USDT,0.022318,19467.0,0.02239,1989.0,0.022355,,386029804.0
1753504628053,04:37:08.053,blofin,ACH/USDT:USDT,0.02234,3853.0,0.02236,3460.0,0.02235,573584.0,
1753504643832,04:37:23.832,bitget,ACH/USDT:USDT,0.022369,14670.0,0.02237,312.0,0.022367,183373544.0,3995043.472594
1753504644214,04:37:24.214,bitget,ACH/USDT:USDT,0.022369,14670.0,0.02237,312.0,0.022367,183373544.0,3995043.472594
1753504644336,04:37:24.336,binance,ACH/USDT:USDT,,,,,0.022355,648822120.0,14128608.362919
1753504644336,04:37:24.336,binanceusdm,ACH/USDT:USDT,,,,,0.022355,648822120.0,14128608.362919
1753504644532,04:37:24.532,bitget,ACH/USDT:USDT,0.022369,14670.0,0.02237,312.0,0.022367,183373544.0,3995043.472594
1753504644837,04:37:24.837,bitget,ACH/USDT:USDT,0.022369,14670.0,0.02237,312.0,0.022367,183373544.0,3995043.472594
1753504643881,04:37:23.881,xt,ACH/USDT:USDT,,,,,0.022354,,6677687.0
1753504642854,04:37:22.854,mexc,ACH/USDT:USDT,,,,,0.022355,81931390.0,1777024.178597
1753504645509,04:37:25.509,bitmart,ACH/USDT:USDT,0.022318,19467.0,0.02239,1989.0,0.022354,,386038548.0
1753504645481,04:37:25.481,bitget,ACH/USDT:USDT,0.022369,14670.0,0.02237,312.0,0.022367,183373544.0,3995043.472594
1753504645790,04:37:25.790,bitget,ACH/USDT:USDT,0.022369,14670.0,0.02237,312.0,0.022367,183373544.0,3995043.472594
1753504628053,04:37:08.053,blofin,ACH/USDT:USDT,0.02234,3787.0,0.02236,3526.0,0.02235,573584.0,
1753504646109,04:37:26.109,bitget,ACH/USDT:USDT,0.022369,14670.0,0.02237,312.0,0.022367,183373544.0,3995043.472594
1753504644336,04:37:24.336,binance,ACH/USDT:USDT,,,,,0.022355,648822465.0,14128616.075394
1753504644336,04:37:24.336,binanceusdm,ACH/USDT:USDT,,,,,0.022355,648822465.0,14128616.075394
1753504646480,04:37:26.480,bitget,ACH/USDT:USDT,0.022369,14670.0,0.02237,312.0,0.022367,183373544.0,3995043.472594
1753504646556,04:37:26.556,bybit,ACH/USDT:USDT,0.022344,21020.0,0.022345,250.0,0.022344,75058080.0,1636813.4151
1753504646656,04:37:26.656,bybit,ACH/USDT:USDT,0.022344,31540.0,0.022345,250.0,0.022344,75058080.0,1636813.4151
1753504646911,04:37:26.911,bitget,ACH/USDT:USDT,0.022369,14670.0,0.02237,312.0,0.022367,183373544.0,3995043.472594
1753504646955,04:37:26.955,bybit,ACH/USDT:USDT,0.022348,1120.0,0.02235,8430.0,0.022345,75058330.0,1636819.0013
1753504647055,04:37:27.055,bybit,ACH/USDT:USDT,0.022348,1120.0,0.02235,8430.0,0.022345,75058330.0,1636819.0013
1753504642854,04:37:22.854,mexc,ACH/USDT:USDT,,,,,0.022355,81931390.0,1777024.178597
1753504647538,04:37:27.538,bitmart,ACH/USDT:USDT,0.022323,14301.0,0.022393,103.0,0.022355,,386046230.0
1753504647658,04:37:27.658,bitget,ACH/USDT:USDT,0.022369,14670.0,0.02237,312.0,0.022367,183373544.0,3995043.472594
1753504646245,04:37:26.245,xt,ACH/USDT:USDT,,,,,0.022355,,6677698.0
1753504648005,04:37:28.005,bitget,ACH/USDT:USDT,0.022369,14670.0,0.02237,312.0,0.022367,183373544.0,3995043.472594
1753504648335,04:37:28.335,bitget,ACH/USDT:USDT,0.022369,14670.0,0.02237,312.0,0.022367,183373544.0,3995043.472594
1753504646838,04:37:26.838,binance,ACH/USDT:USDT,,,,,0.022356,648827350.0,14128725.279816
1753504646838,04:37:26.838,binanceusdm,ACH/USDT:USDT,,,,,0.022356,648827350.0,14128725.279816
1753504648532,04:37:28.532,bitmart,ACH/USDT:USDT,0.022323,6557.0,0.022393,99.0,0.022358,,386052128.0
1753504648655,04:37:28.655,bybit,ACH/USDT:USDT,0.022348,6880.0,0.02235,8430.0,0.022345,75058330.0,1636819.0013
1753504648755,04:37:28.755,bybit,ACH/USDT:USDT,0.022348,12640.0,0.02235,8430.0,0.022345,75058330.0,1636819.0013
1753504648849,04:37:28.849,bitget,ACH/USDT:USDT,0.022369,14670.0,0.02237,312.0,0.022367,183373544.0,3995043.472594
1753504648955,04:37:28.955,bybit,ACH/USDT:USDT,0.022349,12700.0,0.02235,8430.0,0.022345,75058330.0,1636819.0013
1753504649055,04:37:29.055,bybit,ACH/USDT:USDT,0.022349,16940.0,0.02235,8430.0,0.022345,75058330.0,1636819.0013
1753504649619,04:37:29.619,bitmart,ACH/USDT:USDT,0.022323,14645.0,0.022395,18925.0,0.022358,,386052128.0
1753504642854,04:37:22.854,mexc,ACH/USDT:USDT,,,,,0.022355,81931390.0,1777024.178597
1753504649855,04:37:29.855,bybit,ACH/USDT:USDT,0.022349,16940.0,0.02235,8430.0,0.022345,75058330.0,1636819.0013
1753504649867,04:37:29.867,bitget,ACH/USDT:USDT,0.022369,14670.0,0.02237,312.0,0.022367,183373544.0,3995043.472594
1753504628053,04:37:08.053,blofin,ACH/USDT:USDT,0.02235,1888.0,0.02236,4.0,0.02235,573584.0,
1753504650768,04:37:30.768,bitget,ACH/USDT:USDT,0.022369,14670.0,0.02237,312.0,0.022367,183373544.0,3995043.472594
1753504649452,04:37:29.452,xt,ACH/USDT:USDT,,,,,0.022356,,6674279.0
1753504651112,04:37:31.112,bitget,ACH/USDT:USDT,0.022369,14670.0,0.02237,312.0,0.022367,183373544.0,3995043.472594
1753504651259,04:37:31.259,gateio,ACH/USDT:USDT,,,,,0.02235,17989488.0,402064.0
1753504651429,04:37:31.429,gate,ACH/USDT:USDT,,,,,0.02235,17989488.0,402064.0
1753504651441,04:37:31.441,bitget,ACH/USDT:USDT,0.022369,14670.0,0.02237,312.0,0.022367,183373544.0,3995043.472594
1753504651510,04:37:31.510,bitmart,ACH/USDT:USDT,0.022323,18760.0,0.022395,18925.0,0.022359,,386059402.0
1753504651966,04:37:31.966,bitget,ACH/USDT:USDT,0.022369,14670.0,0.02237,312.0,0.022367,183373544.0,3995043.472594
1753504642854,04:37:22.854,mexc,ACH/USDT:USDT,,,,,0.022355,81931390.0,1777024.178597
1753504652055,04:37:32.055,bybit,ACH/USDT:USDT,0.022349,17980.0,0.02235,8430.0,0.022345,75058330.0,1636819.0013
1753504652255,04:37:32.255,bybit,ACH/USDT:USDT,0.022349,17980.0,0.02235,8430.0,0.022345,75058330.0,1636819.0013
1753504652716,04:37:32.716,binance,ACH/USDT:USDT,,,,,0.022359,648827596.0,14128730.78013
1753504652716,04:37:32.716,binanceusdm,ACH/USDT:USDT,,,,,0.022359,648827596.0,14128730.78013
1753504652755,04:37:32.755,bybit,ACH/USDT:USDT,0.022349,20210.0,0.02235,8430.0,0.022345,75058330.0,1636819.0013
1753504652809,04:37:32.809,bitget,ACH/USDT:USDT,0.022369,14670.0,0.02237,312.0,0.022367,183373544.0,3995043.472594
1753504653155,04:37:33.155,bybit,ACH/USDT:USDT,0.022349,20210.0,0.02235,8430.0,0.022345,75058330.0,1636819.0013
1753504653127,04:37:33.127,bitget,ACH/USDT:USDT,0.022369,14670.0,0.02237,312.0,0.022367,183373544.0,3995043.472594
1753504653474,04:37:33.474,bitget,ACH/USDT:USDT,0.022369,14670.0,0.02237,312.0,0.022367,183373544.0,3995043.472594
1753504653519,04:37:33.519,bitmart,ACH/USDT:USDT,0.022323,88635.0,0.022394,222.0,0.02236,,386067306.0
1753504653755,04:37:33.755,bybit,ACH/USDT:USDT,0.022349,20210.0,0.02235,8430.0,0.022345,75058330.0,1636819.0013
1753504653791,04:37:33.791,bitget,ACH/USDT:USDT,0.022369,14670.0,0.02237,312.0,0.022367,183373544.0,3995043.472594
1753504652481,04:37:32.481,xt,ACH/USDT:USDT,,,,,0.022356,,6674291.0
1753504654055,04:37:34.055,bybit,ACH/USDT:USDT,0.022349,20210.0,0.02235,8430.0,0.022345,75058330.0,1636819.0013
1753504628053,04:37:08.053,blofin,ACH/USDT:USDT,0.02235,2313.0,0.02236,2.0,0.02235,573584.0,
1753504654133,04:37:34.133,bitget,ACH/USDT:USDT,0.022369,14670.0,0.02237,312.0,0.022367,183373544.0,3995043.472594
1753504642854,04:37:22.854,mexc,ACH/USDT:USDT,,,,,0.022355,81931390.0,1777024.178597
1753504654355,04:37:34.355,bybit,ACH/USDT:USDT,0.022349,20210.0,0.02235,8430.0,0.022345,75058330.0,1636819.0013
1753504654606,04:37:34.606,bitget,ACH/USDT:USDT,0.022369,14670.0,0.02237,312.0,0.022367,183373544.0,3995043.472594
1753504652716,04:37:32.716,binance,ACH/USDT:USDT,,,,,0.02236,648828610.0,14128753.452604
1753504652716,04:37:32.716,binanceusdm,ACH/USDT:USDT,,,,,0.02236,648828610.0,14128753.452604
1753504655129,04:37:35.129,bitget,ACH/USDT:USDT,0.022369,14670.0,0.02237,312.0,0.022367,183373544.0,3995043.472594
1753504655255,04:37:35.255,bybit,ACH/USDT:USDT,0.022354,12700.0,0.022355,250.0,0.02235,75066760.0,1637007.4118
1753504655355,04:37:35.355,bybit,ACH/USDT:USDT,0.022354,17460.0,0.022355,250.0,0.02235,75066760.0,1637007.4118
1753504655455,04:37:35.455,bybit,ACH/USDT:USDT,0.022354,22220.0,0.022355,250.0,0.02235,75066760.0,1637007.4118
1753504655447,04:37:35.447,bitget,ACH/USDT:USDT,0.022373,2894.0,0.022383,7575.0,0.02237,183373544.0,3995043.472594
1753504655611,04:37:35.611,bitmart,ACH/USDT:USDT,0.022323,9706.0,0.022395,18540.0,0.022361,,386074112.0
1753504655790,04:37:35.790,bitget,ACH/USDT:USDT,0.022381,11811.0,0.022382,2894.0,0.02237,183373544.0,3995043.472594
1753504655855,04:37:35.855,bybit,ACH/USDT:USDT,0.022354,22220.0,0.022355,250.0,0.02235,75066760.0,1637007.4118
1753504628053,04:37:08.053,blofin,ACH/USDT:USDT,0.02235,2317.0,0.02236,2.0,0.02235,573584.0,
1753504656123,04:37:36.123,bitget,ACH/USDT:USDT,0.022381,11811.0,0.022382,2894.0,0.02237,183373544.0,3995043.472594
1753504656437,04:37:36.437,bitget,ACH/USDT:USDT,0.022381,11811.0,0.022385,2836.0,0.02237,183373544.0,3995043.472594
1753504656515,04:37:36.515,bitmart,ACH/USDT:USDT,0.022323,9706.0,0.022395,18540.0,0.022362,,386083042.0
1753504642854,04:37:22.854,mexc,ACH/USDT:USDT,,,,,0.022355,81931390.0,1777024.178597
1753504655193,04:37:35.193,binance,ACH/USDT:USDT,,,,,0.022361,648829668.0,14128777.109976
1753504655193,04:37:35.193,binanceusdm,ACH/USDT:USDT,,,,,0.022361,648829668.0,14128777.109976
1753504656756,04:37:36.756,bybit,ACH/USDT:USDT,0.022354,22220.0,0.022355,250.0,0.02235,75066760.0,1637007.4118
1753504655849,04:37:35.849,xt,ACH/USDT:USDT,,,,,0.022361,,6674322.0
1753504656927,04:37:36.927,bitget,ACH/USDT:USDT,0.022381,11811.0,0.022385,2836.0,0.02237,183373544.0,3995043.472594
1753504628053,04:37:08.053,blofin,ACH/USDT:USDT,0.02235,2317.0,0.02236,2.0,0.02235,573584.0,
1753504628053,04:37:08.053,blofin,ACH/USDT:USDT,0.02235,3777.0,0.02236,2.0,0.02235,573584.0,
1753504657569,04:37:37.569,bitget,ACH/USDT:USDT,0.022381,11811.0,0.022385,2836.0,0.02237,183374168.0,3995057.431474
1753504657621,04:37:37.621,bitmart,ACH/USDT:USDT,0.022323,15114.0,0.022395,18540.0,0.022362,,386083042.0
1753504657755,04:37:37.755,bybit,ACH/USDT:USDT,0.022354,16780.0,0.022355,250.0,0.02235,75066760.0,1637007.4118
1753504657855,04:37:37.855,bybit,ACH/USDT:USDT,0.022354,18630.0,0.022355,250.0,0.02235,75066760.0,1637007.4118
1753504657891,04:37:37.891,bitget,ACH/USDT:USDT,0.022379,8678.0,0.022385,2836.0,0.02237,183374168.0,3995057.431474
1753504658247,04:37:38.247,bitget,ACH/USDT:USDT,0.022379,5781.0,0.022385,2836.0,0.02237,183374168.0,3995057.431474
1753504658520,04:37:38.520,bitmart,ACH/USDT:USDT,0.022323,63115.0,0.022395,18540.0,0.022361,,386088086.0
1753504658572,04:37:38.572,bitget,ACH/USDT:USDT,0.022379,8678.0,0.022385,2836.0,0.02237,183374168.0,3995057.431474
1753504658905,04:37:38.905,bitget,ACH/USDT:USDT,0.022379,8678.0,0.022385,2836.0,0.02237,183373544.0,3995043.472594
1753504656924,04:37:36.924,mexc,ACH/USDT:USDT,,,,,0.022359,81932165.0,1777041.506822
1753504659525,04:37:39.525,bitmart,ACH/USDT:USDT,0.022323,63115.0,0.022395,18540.0,0.022361,,386088086.0
1753504659563,04:37:39.563,bitget,ACH/USDT:USDT,0.022381,11811.0,0.022385,2836.0,0.02237,183374168.0,3995057.431474
1753504659089,04:37:39.089,xt,ACH/USDT:USDT,,,,,0.022361,,6674334.0
1753504660411,04:37:40.411,bitget,ACH/USDT:USDT,0.022381,11811.0,0.022385,2836.0,0.022382,183374168.0,3995057.431474
1753504660823,04:37:40.823,bitget,ACH/USDT:USDT,0.022381,11811.0,0.022385,2836.0,0.022382,183374168.0,3995057.431474
1753504661219,04:37:41.219,bitget,ACH/USDT:USDT,0.022381,11811.0,0.022385,2836.0,0.022382,183381534.0,3995222.297286
1753504661255,04:37:41.255,bybit,ACH/USDT:USDT,0.022354,19670.0,0.022355,250.0,0.02235,75066760.0,1637007.4118
1753504661280,04:37:41.280,gateio,ACH/USDT:USDT,,,,,0.02235,17989488.0,402064.0
1753504656924,04:37:36.924,mexc,ACH/USDT:USDT,,,,,0.022359,81932165.0,1777041.506822
1753504661403,04:37:41.403,gate,ACH/USDT:USDT,,,,,0.02235,17989488.0,402064.0
1753504661613,04:37:41.613,bitmart,ACH/USDT:USDT,0.022323,63115.0,0.022395,18540.0,0.022362,,386093460.0
1753504662310,04:37:42.310,bitget,ACH/USDT:USDT,0.022381,11811.0,0.022385,2836.0,0.022382,183373544.0,3995043.472594
1753504628053,04:37:08.053,blofin,ACH/USDT:USDT,0.02235,1626.0,0.02236,2.0,0.02235,573584.0,
1753504661440,04:37:41.440,xt,ACH/USDT:USDT,,,,,0.022361,,6674342.0
1753504663474,04:37:43.474,binance,ACH/USDT:USDT,,,,,0.022361,648831698.0,14128822.502806
1753504663474,04:37:43.474,binanceusdm,ACH/USDT:USDT,,,,,0.022361,648831698.0,14128822.502806
1753504663473,04:37:43.473,bitget,ACH/USDT:USDT,0.022381,11811.0,0.022385,2836.0,0.022382,183381534.0,3995222.297286
1753504663514,04:37:43.514,bitmart,ACH/USDT:USDT,0.022323,63115.0,0.022395,18540.0,0.022362,,386101962.0
1753504662865,04:37:42.865,mexc,ACH/USDT:USDT,,,,,0.02236,81932232.0,1777043.004942
1753504664136,04:37:44.136,bitget,ACH/USDT:USDT,0.022381,11811.0,0.022385,2836.0,0.022382,183381534.0,3995222.297286
1753504664490,04:37:44.490,bitget,ACH/USDT:USDT,0.022381,11811.0,0.022385,2836.0,0.022382,183381534.0,3995222.297286
1753504664616,04:37:44.616,bitmart,ACH/USDT:USDT,0.022323,63115.0,0.022395,18540.0,0.022362,,386107042.0
1753504664834,04:37:44.834,bitget,ACH/USDT:USDT,0.022381,11811.0,0.022385,2836.0,0.022382,183381534.0,3995222.297286
1753504665150,04:37:45.150,bitget,ACH/USDT:USDT,0.022381,11811.0,0.022385,2836.0,0.022382,183381534.0,3995222.297286
1753504665255,04:37:45.255,bybit,ACH/USDT:USDT,0.022354,20220.0,0.022355,250.0,0.02235,75066760.0,1637007.4118
1753504665455,04:37:45.455,bybit,ACH/USDT:USDT,0.022354,20220.0,0.022355,250.0,0.02235,75066760.0,1637007.4118
1753504665459,04:37:45.459,bitget,ACH/USDT:USDT,0.022381,11811.0,0.022385,2836.0,0.022382,183381534.0,3995222.297286
1753504665794,04:37:45.794,bitget,ACH/USDT:USDT,0.022381,11811.0,0.022385,2836.0,0.022382,183381534.0,3995222.297286
1753504664782,04:37:44.782,xt,ACH/USDT:USDT,,,,,0.022361,,6674368.0
1753504662865,04:37:42.865,mexc,ACH/USDT:USDT,,,,,0.02236,81932232.0,1777043.004942
1753504666140,04:37:46.140,bitget,ACH/USDT:USDT,0.022381,11811.0,0.022385,2836.0,0.022382,183381534.0,3995222.297286
1753504666449,04:37:46.449,bitget,ACH/USDT:USDT,0.022381,11811.0,0.022385,2836.0,0.022382,183381534.0,3995222.297286
1753504666770,04:37:46.770,bitget,ACH/USDT:USDT,0.022381,11811.0,0.022385,2836.0,0.022382,183381534.0,3995222.297286
1753504667132,04:37:47.132,bitget,ACH/USDT:USDT,0.022381,11811.0,0.022385,2836.0,0.022382,183381534.0,3995222.297286
1753504667554,04:37:47.554,bitmart,ACH/USDT:USDT,0.022323,63115.0,0.022395,18540.0,0.022363,,386112048.0
1753504667562,04:37:47.562,bitget,ACH/USDT:USDT,0.022381,11811.0,0.022385,2836.0,0.022382,183374168.0,3995057.431474
1753504667856,04:37:47.856,bybit,ACH/USDT:USDT,0.022354,20220.0,0.022355,250.0,0.02235,75066760.0,1637007.4118
1753504668123,04:37:48.123,bitget,ACH/USDT:USDT,0.022381,11811.0,0.022385,2836.0,0.022382,183381534.0,3995222.297286
1753504662865,04:37:42.865,mexc,ACH/USDT:USDT,,,,,0.02236,81932232.0,1777043.004942
1753504668468,04:37:48.468,bitget,ACH/USDT:USDT,0.022381,11811.0,0.022385,2836.0,0.022382,183381534.0,3995222.297286
1753504668620,04:37:48.620,bitmart,ACH/USDT:USDT,0.022323,63115.0,0.022395,18540.0,0.022362,,386116968.0
1753504668790,04:37:48.790,bitget,ACH/USDT:USDT,0.022381,11811.0,0.022385,2836.0,0.022382,183381534.0,3995222.297286
1753504668052,04:37:48.052,xt,ACH/USDT:USDT,,,,,0.022361,,6674372.0
1753504669098,04:37:49.098,bitget,ACH/USDT:USDT,0.022381,11811.0,0.022385,2836.0,0.022382,183381534.0,3995222.297286
1753504669416,04:37:49.416,bitget,ACH/USDT:USDT,0.022381,11811.0,0.022385,2836.0,0.022382,183381534.0,3995222.297286
1753504669534,04:37:49.534,bitmart,ACH/USDT:USDT,0.022323,63115.0,0.022395,18540.0,0.022362,,386116968.0
1753504628053,04:37:08.053,blofin,ACH/USDT:USDT,0.02235,3971.0,0.02236,2.0,0.02235,573584.0,
1753504669939,04:37:49.939,bitget,ACH/USDT:USDT,0.022381,11811.0,0.022385,2836.0,0.022382,183381534.0,3995222.297286
1753504670517,04:37:50.517,bitmart,ACH/USDT:USDT,0.022323,63115.0,0.022395,18540.0,0.022362,,386116968.0
1753504670655,04:37:50.655,bybit,ACH/USDT:USDT,0.022354,16520.0,0.022355,250.0,0.02235,75066760.0,1637007.4118
1753504668860,04:37:48.860,mexc,ACH/USDT:USDT,,,,,0.022362,81932980.0,1777059.731718
1753504670755,04:37:50.755,bybit,ACH/USDT:USDT,0.022354,49910.0,0.022355,250.0,0.02235,75066760.0,1637007.4118
1753504670801,04:37:50.801,bitget,ACH/USDT:USDT,0.022381,11811.0,0.022385,2836.0,0.022382,183381534.0,3995222.297286
1753504671722,04:37:51.722,binance,ACH/USDT:USDT,,,,,0.022362,648831944.0,14128828.003858
1753504671722,04:37:51.722,binanceusdm,ACH/USDT:USDT,,,,,0.022362,648831944.0,14128828.003858
1753504671912,04:37:51.912,bitget,ACH/USDT:USDT,0.022381,2809.0,0.022385,2836.0,0.022384,183381534.0,3995222.297286
1753504670608,04:37:50.608,xt,ACH/USDT:USDT,,,,,0.022361,,6674379.0
1753504672288,04:37:52.288,bitget,ACH/USDT:USDT,0.022381,2809.0,0.022385,2836.0,0.022384,183381534.0,3995222.297286
1753504672629,04:37:52.629,bitmart,ACH/USDT:USDT,0.022323,84757.0,0.022395,18540.0,0.022361,,386122950.0
1753504672624,04:37:52.624,bitget,ACH/USDT:USDT,0.022381,2809.0,0.022385,2836.0,0.022384,183381534.0,3995222.297286
1753504670857,04:37:50.857,mexc,ACH/USDT:USDT,,,,,0.022362,81932980.0,1777059.731718
1753504673051,04:37:53.051,bitget,ACH/USDT:USDT,0.022381,2809.0,0.022385,2836.0,0.022384,183381534.0,3995222.297286
1753504628053,04:37:08.053,blofin,ACH/USDT:USDT,0.02235,4039.0,0.02237,3168.0,0.02235,573584.0,
1753504673667,04:37:53.667,bitget,ACH/USDT:USDT,0.022381,2809.0,0.022384,2809.0,0.022384,183392394.0,3995465.387526
1753504671722,04:37:51.722,binance,ACH/USDT:USDT,,,,,0.022362,648835251.0,14128901.954992
1753504671722,04:37:51.722,binanceusdm,ACH/USDT:USDT,,,,,0.022362,648835251.0,14128901.954992
1753504673984,04:37:53.984,bitget,ACH/USDT:USDT,0.022381,2809.0,0.022384,2809.0,0.022384,183392394.0,3995465.387526
1753504628053,04:37:08.053,blofin,ACH/USDT:USDT,0.02235,4039.0,0.02237,3168.0,0.02235,573584.0,
1753504674298,04:37:54.298,bitget,ACH/USDT:USDT,0.022381,2809.0,0.022384,2809.0,0.022384,183392394.0,3995465.387526
1753504674520,04:37:54.520,bitmart,ACH/USDT:USDT,0.022323,84757.0,0.022395,18540.0,0.022362,,386128976.0
1753504674765,04:37:54.765,bitget,ACH/USDT:USDT,0.022381,2809.0,0.022384,2809.0,0.022384,183381534.0,3995222.297286
1753504673680,04:37:53.680,xt,ACH/USDT:USDT,,,,,0.022362,,6674421.0
1753504675311,04:37:55.311,bitget,ACH/USDT:USDT,0.022381,2809.0,0.022384,2809.0,0.022384,183392394.0,3995465.387526
1753504670857,04:37:50.857,mexc,ACH/USDT:USDT,,,,,0.022362,81932980.0,1777059.731718
1753504675632,04:37:55.632,bitget,ACH/USDT:USDT,0.022381,2809.0,0.022384,2809.0,0.022384,183392394.0,3995465.387526
1753504675971,04:37:55.971,bitget,ACH/USDT:USDT,0.022381,2809.0,0.022384,2809.0,0.022384,183392394.0,3995465.387526
1753504628053,04:37:08.053,blofin,ACH/USDT:USDT,0.02235,4037.0,0.02237,3169.0,0.02235,573584.0,
1753504676256,04:37:56.256,bybit,ACH/USDT:USDT,0.022354,52140.0,0.022355,250.0,0.02235,75066760.0,1637007.4118
1753504676290,04:37:56.290,bitget,ACH/USDT:USDT,0.022381,2809.0,0.022384,2809.0,0.022384,183392394.0,3995465.387526
1753504676600,04:37:56.600,bitmart,ACH/USDT:USDT,0.022323,84757.0,0.022395,18540.0,0.022362,,386133650.0
1753504676631,04:37:56.631,bitget,ACH/USDT:USDT,0.022381,2809.0,0.022384,2809.0,0.022384,183392394.0,3995465.387526
1753504677044,04:37:57.044,bitget,ACH/USDT:USDT,0.022381,2809.0,0.022384,2809.0,0.022384,183381534.0,3995222.297286
1753504677526,04:37:57.526,bitmart,ACH/USDT:USDT,0.022323,84757.0,0.022395,18540.0,0.022361,,386142536.0
1753504677550,04:37:57.550,bitget,ACH/USDT:USDT,0.022381,2809.0,0.022384,2809.0,0.022384,183381534.0,3995222.297286
1753504670857,04:37:50.857,mexc,ACH/USDT:USDT,,,,,0.022362,81932980.0,1777059.731718
1753504677000,04:37:57.000,xt,ACH/USDT:USDT,,,,,0.022362,,6674432.0
1753504678253,04:37:58.253,bitget,ACH/USDT:USDT,0.022381,2809.0,0.022384,2809.0,0.022384,183392394.0,3995465.387526
1753504678650,04:37:58.650,bitget,ACH/USDT:USDT,0.022381,2809.0,0.022384,2809.0,0.022384,183392394.0,3995465.387526
1753504678960,04:37:58.960,bitget,ACH/USDT:USDT,0.022381,2809.0,0.022384,2809.0,0.022384,183392394.0,3995465.387526
1753504679313,04:37:59.313,bitget,ACH/USDT:USDT,0.022381,2809.0,0.022386,2849.0,0.022384,183392394.0,3995465.387526
1753504679524,04:37:59.524,bitmart,ACH/USDT:USDT,0.022323,84757.0,0.022395,18540.0,0.022361,,386168896.0
1753504679685,04:37:59.685,bitget,ACH/USDT:USDT,0.022381,2809.0,0.022387,2849.0,0.022384,183392394.0,3995465.387526
1753504670857,04:37:50.857,mexc,ACH/USDT:USDT,,,,,0.022362,81932980.0,1777059.731718
1753504679998,04:37:59.998,bitget,ACH/USDT:USDT,0.022381,2809.0,0.022387,2849.0,0.022384,183392394.0,3995465.387526
1753504680357,04:38:00.357,bitget,ACH/USDT:USDT,0.022381,2809.0,0.022387,2849.0,0.022384,183392394.0,3995465.387526
1753504680545,04:38:00.545,bitmart,ACH/USDT:USDT,0.022323,84757.0,0.022395,18540.0,0.022361,,385917774.0
1753504680797,04:38:00.797,bitget,ACH/USDT:USDT,0.022381,2809.0,0.022387,2849.0,0.022384,183357640.0,3994718.052086
1753504679695,04:37:59.695,xt,ACH/USDT:USDT,,,,,0.022362,,6674441.0
1753504681355,04:38:01.355,bybit,ACH/USDT:USDT,0.022354,35450.0,0.022355,250.0,0.02235,75066760.0,1637007.4118
1753504681455,04:38:01.455,bybit,ACH/USDT:USDT,0.022354,57660.0,0.022355,250.0,0.02235,75066760.0,1637007.4118
1753504681538,04:38:01.538,bitget,ACH/USDT:USDT,0.022381,2809.0,0.022387,2849.0,0.022384,183357640.0,3994718.052086
1753504670857,04:37:50.857,mexc,ACH/USDT:USDT,,,,,0.022362,81932980.0,1777059.731718
1753504682555,04:38:02.555,bybit,ACH/USDT:USDT,0.022354,22280.0,0.022355,250.0,0.02235,75066760.0,1637007.4118
1753504682521,04:38:02.521,bitget,ACH/USDT:USDT,0.022381,2809.0,0.022387,2849.0,0.022384,183392394.0,3995465.387526
1753504682655,04:38:02.655,bybit,ACH/USDT:USDT,0.022354,19270.0,0.022355,250.0,0.02235,75066760.0,1637007.4118
1753504683063,04:38:03.063,binance,ACH/USDT:USDT,,,,,0.022362,648496359.0,14121626.189927
1753504683063,04:38:03.063,binanceusdm,ACH/USDT:USDT,,,,,0.022362,648496359.0,14121626.189927
1753504683081,04:38:03.081,bitget,ACH/USDT:USDT,0.022381,2809.0,0.022387,2849.0,0.022384,183357640.0,3994718.052086
1753504683455,04:38:03.455,bybit,ACH/USDT:USDT,0.022354,19400.0,0.022355,250.0,0.02235,75066760.0,1637007.4118
1753504683438,04:38:03.438,bitget,ACH/USDT:USDT,0.022381,2809.0,0.022385,2003.0,0.022384,183357640.0,3994718.052086
1753504683506,04:38:03.506,bitmart,ACH/USDT:USDT,0.022323,79349.0,0.022395,18540.0,0.022363,,385940162.0
1753504683755,04:38:03.755,bybit,ACH/USDT:USDT,0.022354,16760.0,0.022355,5950.0,0.02235,75066760.0,1637007.4118
1753504683855,04:38:03.855,bybit,ACH/USDT:USDT,0.022354,16240.0,0.022355,2890.0,0.02235,75066760.0,1637007.4118
1753504683832,04:38:03.832,bitget,ACH/USDT:USDT,0.022381,2809.0,0.022383,2849.0,0.022384,183392394.0,3995465.387526
1753504682872,04:38:02.872,xt,ACH/USDT:USDT,,,,,0.022362,,6674450.0
1753504684386,04:38:04.386,bitget,ACH/USDT:USDT,0.022374,3161.0,0.022378,2849.0,0.022384,183357640.0,3994718.052086
1753504684528,04:38:04.528,bitmart,ACH/USDT:USDT,0.022318,4603.0,0.022392,7535.0,0.022362,,385947406.0
1753504684555,04:38:04.555,bybit,ACH/USDT:USDT,0.022354,16240.0,0.022355,1370.0,0.02235,75066760.0,1637007.4118
1753504682870,04:38:02.870,mexc,ACH/USDT:USDT,,,,,0.022361,81933524.0,1777071.896102
1753504684955,04:38:04.955,bybit,ACH/USDT:USDT,0.022354,16240.0,0.022355,250.0,0.02235,75066760.0,1637007.4118
1753504684939,04:38:04.939,bitget,ACH/USDT:USDT,0.022376,2849.0,0.022378,2849.0,0.022384,183357640.0,3994718.052086
1753504683852,04:38:03.852,binance,ACH/USDT:USDT,,,,,0.022356,648663631.0,14125366.413693
1753504683852,04:38:03.852,binanceusdm,ACH/USDT:USDT,,,,,0.022356,648663631.0,14125366.413693
1753504685155,04:38:05.155,bybit,ACH/USDT:USDT,0.022354,16240.0,0.022355,1370.0,0.02235,75066760.0,1637007.4118
1753504685506,04:38:05.506,bitmart,ACH/USDT:USDT,0.022318,20170.0,0.022393,4371.0,0.022362,,385947406.0
1753504683857,04:38:03.857,blofin,ACH/USDT:USDT,0.02235,9.0,0.02236,1977.0,0.02236,573586.0,
1753504685856,04:38:05.856,bybit,ACH/USDT:USDT,0.022354,16240.0,0.022355,250.0,0.02235,75066760.0,1637007.4118
1753504685833,04:38:05.833,bitget,ACH/USDT:USDT,0.022375,2849.0,0.022378,2849.0,0.022384,183357640.0,3994718.052086
1753504686444,04:38:06.444,bitget,ACH/USDT:USDT,0.022375,2849.0,0.022378,2849.0,0.022384,183357640.0,3994718.052086
1753504686613,04:38:06.613,bitmart,ACH/USDT:USDT,0.022318,11703.0,0.022392,4747.0,0.022357,,385955816.0
1753504686655,04:38:06.655,bybit,ACH/USDT:USDT,0.022354,16240.0,0.022355,6750.0,0.02235,75066760.0,1637007.4118
1753504686769,04:38:06.769,bitget,ACH/USDT:USDT,0.022374,312.0,0.022378,2849.0,0.022384,183357640.0,3994718.052086
1753504686117,04:38:06.117,xt,ACH/USDT:USDT,,,,,0.022354,,6676132.0
1753504682870,04:38:02.870,mexc,ACH/USDT:USDT,,,,,0.022361,81933524.0,1777071.896102
1753504685532,04:38:05.532,binance,ACH/USDT:USDT,,,,,0.022354,648663920.0,14125372.873999
1753504685532,04:38:05.532,binanceusdm,ACH/USDT:USDT,,,,,0.022354,648663920.0,14125372.873999
1753504687172,04:38:07.172,bitget,ACH/USDT:USDT,0.022375,2814.0,0.022378,2849.0,0.022384,183357640.0,3994718.052086
1753504687555,04:38:07.555,bybit,ACH/USDT:USDT,0.022354,16240.0,0.022355,250.0,0.02235,75066760.0,1637007.4118
1753504687566,04:38:07.566,bitget,ACH/USDT:USDT,0.022375,2814.0,0.022378,2849.0,0.022384,183357640.0,3994718.052086
1753504687896,04:38:07.896,bitget,ACH/USDT:USDT,0.022374,3126.0,0.022378,2849.0,0.022384,183357640.0,3994718.052086
1753504688305,04:38:08.305,bitget,ACH/USDT:USDT,0.022375,2814.0,0.022378,2849.0,0.022384,183357640.0,3994718.052086
1753504688652,04:38:08.652,bitget,ACH/USDT:USDT,0.022375,2814.0,0.022378,2849.0,0.022384,183357640.0,3994718.052086
1753504688968,04:38:08.968,bitget,ACH/USDT:USDT,0.022375,2814.0,0.02238,2003.0,0.022384,183357640.0,3994718.052086
1753504689315,04:38:09.315,bitget,ACH/USDT:USDT,0.022375,2814.0,0.022379,2814.0,0.022384,183357640.0,3994718.052086
1753504682870,04:38:02.870,mexc,ACH/USDT:USDT,,,,,0.022361,81933524.0,1777071.896102
1753504689787,04:38:09.787,bitget,ACH/USDT:USDT,0.022375,2814.0,0.022379,2814.0,0.022384,183357640.0,3994718.052086
1753504688604,04:38:08.604,xt,ACH/USDT:USDT,,,,,0.022354,,6676137.0
1753504690151,04:38:10.151,bitget,ACH/USDT:USDT,0.022375,2814.0,0.022379,2814.0,0.022384,183357640.0,3994718.052086
1753504690481,04:38:10.481,bitget,ACH/USDT:USDT,0.022375,2814.0,0.022377,2814.0,0.022384,183357640.0,3994718.052086
1753504683857,04:38:03.857,blofin,ACH/USDT:USDT,0.02235,4.0,0.02236,2220.0,0.02236,573586.0,
1753504690620,04:38:10.620,bitmart,ACH/USDT:USDT,0.022318,11572.0,0.022392,6526.0,0.022357,,385968640.0
1753504690813,04:38:10.813,bitget,ACH/USDT:USDT,0.022375,2814.0,0.022377,2814.0,0.022384,183357640.0,3994718.052086
1753504683857,04:38:03.857,blofin,ACH/USDT:USDT,0.02235,4.0,0.02236,2220.0,0.02236,573586.0,
1753504691153,04:38:11.153,bitget,ACH/USDT:USDT,0.022374,312.0,0.022377,2814.0,0.022384,183357640.0,3994718.052086
1753504691508,04:38:11.508,bitmart,ACH/USDT:USDT,0.022318,11572.0,0.022392,6526.0,0.022357,,385968640.0
1753504691484,04:38:11.484,bitget,ACH/USDT:USDT,0.022374,312.0,0.022377,2814.0,0.022384,183357640.0,3994718.052086
1753504682870,04:38:02.870,mexc,ACH/USDT:USDT,,,,,0.022361,81933524.0,1777071.896102
1753504691869,04:38:11.869,bitget,ACH/USDT:USDT,0.022374,3126.0,0.022377,2814.0,0.022384,183357640.0,3994718.052086
1753504692276,04:38:12.276,bitget,ACH/USDT:USDT,0.022375,2814.0,0.022377,2814.0,0.022384,183357640.0,3994718.052086
1753504692517,04:38:12.517,bitmart,ACH/USDT:USDT,0.022318,11572.0,0.022392,6526.0,0.022357,,385968640.0
1753504692588,04:38:12.588,bitget,ACH/USDT:USDT,0.022375,2814.0,0.022377,2814.0,0.022384,183357640.0,3994718.052086
1753504692905,04:38:12.905,bitget,ACH/USDT:USDT,0.022374,312.0,0.022377,2814.0,0.022384,183357640.0,3994718.052086
1753504691692,04:38:11.692,xt,ACH/USDT:USDT,,,,,0.022354,,6676147.0
1753504693253,04:38:13.253,bitget,ACH/USDT:USDT,0.022374,3126.0,0.022377,2814.0,0.022384,183357640.0,3994718.052086
1753504693526,04:38:13.526,bitmart,ACH/USDT:USDT,0.022318,11572.0,0.022392,6526.0,0.022356,,385975706.0
1753504693587,04:38:13.587,bitget,ACH/USDT:USDT,0.022374,3126.0,0.022377,2814.0,0.022384,183357640.0,3994718.052086
1753504682870,04:38:02.870,mexc,ACH/USDT:USDT,,,,,0.022361,81933524.0,1777071.896102
1753504693899,04:38:13.899,bitget,ACH/USDT:USDT,0.022375,2814.0,0.022377,2814.0,0.022384,183357640.0,3994718.052086
1753504694223,04:38:14.223,bitget,ACH/USDT:USDT,0.022375,2814.0,0.022377,2814.0,0.022384,183357640.0,3994718.052086
1753504694629,04:38:14.629,bitmart,ACH/USDT:USDT,0.022318,11572.0,0.022392,6526.0,0.022357,,385982830.0
1753504694730,04:38:14.730,bitget,ACH/USDT:USDT,0.022374,3126.0,0.022377,2814.0,0.022384,183357640.0,3994718.052086
1753504695039,04:38:15.039,bitget,ACH/USDT:USDT,0.022375,2814.0,0.022377,2814.0,0.022384,183357640.0,3994718.052086
1753504695355,04:38:15.355,bitget,ACH/USDT:USDT,0.022374,3126.0,0.022377,2814.0,0.022384,183357640.0,3994718.052086
1753504695520,04:38:15.520,bitmart,ACH/USDT:USDT,0.022318,11572.0,0.022392,6526.0,0.022357,,385982830.0
1753504695792,04:38:15.792,bitget,ACH/USDT:USDT,0.022374,3126.0,0.022377,2814.0,0.022376,183357640.0,3994718.052086
1753504695855,04:38:15.855,bybit,ACH/USDT:USDT,0.022354,16240.0,0.022355,1370.0,0.02235,75066760.0,1637007.4118
1753504694693,04:38:14.693,xt,ACH/USDT:USDT,,,,,0.022354,,6676156.0
1753504683857,04:38:03.857,blofin,ACH/USDT:USDT,0.02235,4.0,0.02236,2219.0,0.02236,573586.0,
1753504696127,04:38:16.127,bitget,ACH/USDT:USDT,0.022374,3126.0,0.022377,2814.0,0.022376,183357640.0,3994718.052086
1753504682870,04:38:02.870,mexc,ACH/USDT:USDT,,,,,0.022361,81933524.0,1777071.896102
1753504696440,04:38:16.440,bitget,ACH/USDT:USDT,0.022374,312.0,0.022377,2814.0,0.022376,183357640.0,3994718.052086
1753504696511,04:38:16.511,bitmart,ACH/USDT:USDT,0.022318,11572.0,0.022392,6526.0,0.022357,,385982830.0
1753504696855,04:38:16.855,bybit,ACH/USDT:USDT,0.022354,16240.0,0.022355,250.0,0.02235,75066760.0,1637007.4118
1753504696858,04:38:16.858,bitget,ACH/USDT:USDT,0.022374,3209.0,0.022377,2814.0,0.022376,183368164.0,3994953.53711
1753504697189,04:38:17.189,bitget,ACH/USDT:USDT,0.022374,3209.0,0.022377,2814.0,0.022376,183368164.0,3994953.53711
1753504697505,04:38:17.505,bitget,ACH/USDT:USDT,0.022374,3209.0,0.022377,2814.0,0.022376,183368164.0,3994953.53711
1753504697619,04:38:17.619,bitmart,ACH/USDT:USDT,0.022318,11572.0,0.022392,6526.0,0.022356,,385990174.0
1753504697817,04:38:17.817,bitget,ACH/USDT:USDT,0.022374,3209.0,0.022377,2814.0,0.022376,183368164.0,3994953.53711
1753504683857,04:38:03.857,blofin,ACH/USDT:USDT,0.02235,4.0,0.02236,2459.0,0.02236,573586.0,
1753504698170,04:38:18.170,bitget,ACH/USDT:USDT,0.022374,3209.0,0.022377,2814.0,0.022376,183368164.0,3994953.53711
1753504696900,04:38:16.900,mexc,ACH/USDT:USDT,,,,,0.022359,81933823.0,1777078.581443
1753504698624,04:38:18.624,bitmart,ACH/USDT:USDT,0.022318,11572.0,0.022392,6526.0,0.022355,,385997644.0
1753504698860,04:38:18.860,bitget,ACH/USDT:USDT,0.022374,3209.0,0.022377,2814.0,0.022376,183368164.0,3994953.53711
1753504697761,04:38:17.761,xt,ACH/USDT:USDT,,,,,0.022354,,6676166.0
1753504699196,04:38:19.196,bitget,ACH/USDT:USDT,0.022374,3209.0,0.022377,2814.0,0.022376,183368164.0,3994953.53711
1753504699550,04:38:19.550,bitget,ACH/USDT:USDT,0.022375,2897.0,0.022377,2814.0,0.022376,183368164.0,3994953.53711
1753504699867,04:38:19.867,bitget,ACH/USDT:USDT,0.022375,2897.0,0.022377,2814.0,0.022376,183368164.0,3994953.53711
1753504700174,04:38:20.174,bitget,ACH/USDT:USDT,0.022375,2897.0,0.022377,2814.0,0.022376,183368164.0,3994953.53711
1753504700496,04:38:20.496,bitget,ACH/USDT:USDT,0.022375,2897.0,0.022377,2814.0,0.022376,183368164.0,3994953.53711
1753504700854,04:38:20.854,bitget,ACH/USDT:USDT,0.022375,2897.0,0.022377,2814.0,0.022376,183368164.0,3994953.53711
1753504696900,04:38:16.900,mexc,ACH/USDT:USDT,,,,,0.022359,81933823.0,1777078.581443
1753504701175,04:38:21.175,bitget,ACH/USDT:USDT,0.022377,11811.0,0.022379,2897.0,0.022376,183368164.0,3994953.53711
1753504701525,04:38:21.525,bitmart,ACH/USDT:USDT,0.022318,5355.0,0.022392,725.0,0.022356,,386003214.0
1753504701504,04:38:21.504,bitget,ACH/USDT:USDT,0.022378,2897.0,0.02238,2003.0,0.022376,183368164.0,3994953.53711
1753504701781,04:38:21.781,binance,ACH/USDT:USDT,,,,,0.022357,648664167.0,14125378.396178
1753504701781,04:38:21.781,binanceusdm,ACH/USDT:USDT,,,,,0.022357,648664167.0,14125378.396178
1753504701885,04:38:21.885,bitget,ACH/USDT:USDT,0.022378,11811.0,0.022379,337.0,0.022376,183368164.0,3994953.53711
1753504701031,04:38:21.031,xt,ACH/USDT:USDT,,,,,0.022354,,6676175.0
1753504702213,04:38:22.213,bitget,ACH/USDT:USDT,0.022378,11811.0,0.022379,3234.0,0.022376,183368164.0,3994953.53711
1753504702523,04:38:22.523,bitget,ACH/USDT:USDT,0.022378,14708.0,0.022379,337.0,0.022376,183368164.0,3994953.53711
1753504702836,04:38:22.836,bitget,ACH/USDT:USDT,0.022376,5790.0,0.022379,3234.0,0.022376,183368164.0,3994953.53711
1753504703164,04:38:23.164,bitget,ACH/USDT:USDT,0.022375,2897.0,0.022378,2897.0,0.022376,183368164.0,3994953.53711
1753504696900,04:38:16.900,mexc,ACH/USDT:USDT,,,,,0.022359,81933823.0,1777078.581443
1753504703511,04:38:23.511,bitmart,ACH/USDT:USDT,0.022318,802.0,0.022392,5585.0,0.022355,,386010916.0
1753504703528,04:38:23.528,bitget,ACH/USDT:USDT,0.022375,2897.0,0.022378,2897.0,0.022376,183368164.0,3994953.53711
1753504703848,04:38:23.848,bitget,ACH/USDT:USDT,0.022375,2897.0,0.022378,2897.0,0.022376,183368164.0,3994953.53711
1753504704242,04:38:24.242,bitget,ACH/USDT:USDT,0.022374,3209.0,0.022378,2897.0,0.022376,183368164.0,3994953.53711
1753504704511,04:38:24.511,bitmart,ACH/USDT:USDT,0.022318,802.0,0.022392,5585.0,0.022355,,386010916.0
1753504704579,04:38:24.579,bitget,ACH/USDT:USDT,0.022374,312.0,0.022378,2897.0,0.022376,183368164.0,3994953.53711
1753504704885,04:38:24.885,bitget,ACH/USDT:USDT,0.022375,2897.0,0.022378,2897.0,0.022376,183368164.0,3994953.53711
1753504703218,04:38:23.218,xt,ACH/USDT:USDT,,,,,0.022357,,6676181.0
1753504705201,04:38:25.201,bitget,ACH/USDT:USDT,0.022374,3209.0,0.022378,2897.0,0.022376,183368164.0,3994953.53711
1753504705508,04:38:25.508,binance,ACH/USDT:USDT,,,,,0.022356,648664414.0,14125383.91811
1753504705508,04:38:25.508,binanceusdm,ACH/USDT:USDT,,,,,0.022356,648664414.0,14125383.91811
1753504696900,04:38:16.900,mexc,ACH/USDT:USDT,,,,,0.022359,81933823.0,1777078.581443
1753504705635,04:38:25.635,bitmart,ACH/USDT:USDT,0.022318,802.0,0.022392,5585.0,0.022356,,386018862.0
1753504705881,04:38:25.881,bitget,ACH/USDT:USDT,0.022374,3209.0,0.022377,2897.0,0.022376,183368164.0,3994953.53711
1753504706196,04:38:26.196,bitget,ACH/USDT:USDT,0.022374,3209.0,0.022377,2897.0,0.022376,183368164.0,3994953.53711
1753504706507,04:38:26.507,bitmart,ACH/USDT:USDT,0.022318,1939.0,0.022392,65393.0,0.022356,,386018862.0
1753504706854,04:38:26.854,bitget,ACH/USDT:USDT,0.022374,3209.0,0.022377,2897.0,0.022376,183368164.0,3994953.53711
1753504707170,04:38:27.170,bitget,ACH/USDT:USDT,0.022374,3209.0,0.022377,2897.0,0.022376,183368164.0,3994953.53711
1753504707480,04:38:27.480,bitget,ACH/USDT:USDT,0.022374,3209.0,0.022377,2897.0,0.022376,183368164.0,3994953.53711
1753504707525,04:38:27.525,bitmart,ACH/USDT:USDT,0.022318,1939.0,0.022392,65393.0,0.022357,,386027006.0
