timestamp,time,exchange,symbol,bid,bidVolume,ask,askVolume,lastPrice,baseVolume,quoteVolume
1753504637798,04:37:17.798,bybit,ADA/USDT:USDT,0.8264,16128.0,0.8265,5719.0,0.8265,456089654.0,364721925.894
1753504634500,04:37:14.500,mexc,ADA/USDT:USDT,,,,,0.8263,813705695.0,650572920.1584
1753504638298,04:37:18.298,bybit,ADA/USDT:USDT,0.8264,16128.0,0.8265,3917.0,0.8265,456089654.0,364721925.894
1753504638497,04:37:18.497,bybit,ADA/USDT:USDT,0.8264,16128.0,0.8265,3919.0,0.8265,456089654.0,364721925.894
1753504637712,04:37:17.712,blofin,ADA/USDT:USDT,0.8259,414.0,0.8261,3.0,0.8258,288922.01,
1753504638597,04:37:18.597,bybit,ADA/USDT:USDT,0.8264,16128.0,0.8265,3921.0,0.8265,456089654.0,364721925.894
1753504638708,04:37:18.708,bitget,ADA/USDT:USDT,0.8265,28777.0,0.8266,67455.0,0.8265,277382040.0,222138369.3154
1753504637939,04:37:17.939,xt,ADA/USDT:USDT,,,,,0.8264,,36131200.0
1753504638997,04:37:18.997,bybit,ADA/USDT:USDT,0.8264,16134.0,0.8265,1576.0,0.8265,456092001.0,364723865.6895
1753504639159,04:37:19.159,phemex,ADA/USDT:USDT,,,,,0.8262,15924553.06,12774711.080632
1753504634500,04:37:14.500,mexc,ADA/USDT:USDT,,,,,0.8263,813705695.0,650572920.1584
1753504640005,04:37:20.005,binance,ADA/USDT:USDT,,,,,0.8263,851066932.0,681206589.0122
1753504640005,04:37:20.005,binanceusdm,ADA/USDT:USDT,,,,,0.8263,851066932.0,681206589.0122
1753504640497,04:37:20.497,bybit,ADA/USDT:USDT,0.8264,15863.0,0.8265,1593.0,0.8265,456092001.0,364723865.6895
1753504640598,04:37:20.598,bybit,ADA/USDT:USDT,0.8264,15095.0,0.8265,1593.0,0.8265,456092001.0,364723865.6895
1753504640998,04:37:20.998,bybit,ADA/USDT:USDT,0.8264,15095.0,0.8265,1790.0,0.8265,456092051.0,364723907.0145
1753504641025,04:37:21.025,bitget,ADA/USDT:USDT,0.8264,70566.0,0.8265,1640.0,0.8265,277382522.0,222138767.6884
1753504641097,04:37:21.097,bybit,ADA/USDT:USDT,0.8264,15095.0,0.8265,1960.0,0.8265,456092051.0,364723907.0145
1753504637712,04:37:17.712,blofin,ADA/USDT:USDT,0.8259,2.0,0.8261,941.0,0.8258,288922.01,
1753504641198,04:37:21.198,bybit,ADA/USDT:USDT,0.8264,15849.0,0.8265,1790.0,0.8265,456092051.0,364723907.0145
1753504641236,04:37:21.236,bitmart,ADA/USDT:USDT,0.8262,23066.0,0.8263,5700.0,0.8263,,156157574.0
1753504641260,04:37:21.260,gateio,ADA/USDT:USDT,,,,,0.8261,106531600.0,88005754.0
1753504641297,04:37:21.297,bybit,ADA/USDT:USDT,0.8264,15073.0,0.8265,1790.0,0.8265,456092051.0,364723907.0145
1753504641398,04:37:21.398,bybit,ADA/USDT:USDT,0.8265,25339.0,0.8266,5242.0,0.8265,456093841.0,364725386.4495
1753504641389,04:37:21.389,bitget,ADA/USDT:USDT,0.8264,45066.0,0.8265,2454.0,0.8265,277382522.0,222138767.6884
1753504641423,04:37:21.423,gate,ADA/USDT:USDT,,,,,0.8261,106611600.0,88071842.0
1753504641498,04:37:21.498,bybit,ADA/USDT:USDT,0.8265,7728.0,0.8266,11296.0,0.8265,456094101.0,364725601.3395
1753504641597,04:37:21.597,bybit,ADA/USDT:USDT,0.8265,5513.0,0.8266,11296.0,0.8265,456094101.0,364725601.3395
1753504637712,04:37:17.712,blofin,ADA/USDT:USDT,0.8259,2.0,0.8261,941.0,0.8258,288922.01,
1753504641697,04:37:21.697,bybit,ADA/USDT:USDT,0.8265,5513.0,0.8266,11696.0,0.8265,456094101.0,364725601.3395
1753504641797,04:37:21.797,bybit,ADA/USDT:USDT,0.8265,5513.0,0.8266,11707.0,0.8265,456094101.0,364725601.3395
1753504641806,04:37:21.806,bitget,ADA/USDT:USDT,0.8265,35925.0,0.8266,38491.0,0.8265,277383464.0,222139546.2514
1753504640267,04:37:20.267,xt,ADA/USDT:USDT,,,,,0.8263,,36131222.0
1753504641321,04:37:21.321,binance,ADA/USDT:USDT,,,,,0.8264,851107359.0,681239996.3882
1753504641321,04:37:21.321,binanceusdm,ADA/USDT:USDT,,,,,0.8264,851107359.0,681239996.3882
1753504642098,04:37:22.098,bybit,ADA/USDT:USDT,0.8265,5513.0,0.8266,10944.0,0.8265,456094101.0,364725601.3395
1753504637712,04:37:17.712,blofin,ADA/USDT:USDT,0.8258,390.0,0.8261,941.0,0.8258,288922.01,
1753504642144,04:37:22.144,bitget,ADA/USDT:USDT,0.8265,43439.0,0.8266,48953.0,0.8265,277383464.0,222139546.2514
1753504642254,04:37:22.254,bitmart,ADA/USDT:USDT,0.8263,27120.0,0.8264,19560.0,0.8263,,156157574.0
1753504642397,04:37:22.397,bybit,ADA/USDT:USDT,0.8265,5513.0,0.8266,10937.0,0.8265,456094101.0,364725601.3395
1753504642456,04:37:22.456,bitget,ADA/USDT:USDT,0.8265,60002.0,0.8266,66807.0,0.8265,277383464.0,222139546.2514
1753504637712,04:37:17.712,blofin,ADA/USDT:USDT,0.8259,393.0,0.8261,940.0,0.8258,288922.01,
1753504642598,04:37:22.598,bybit,ADA/USDT:USDT,0.8265,1008.0,0.8266,12419.0,0.8265,456094323.0,364725784.8225
1753504634500,04:37:14.500,mexc,ADA/USDT:USDT,,,,,0.8263,813705695.0,650572920.1584
1753504642797,04:37:22.797,bybit,ADA/USDT:USDT,0.8265,1496.0,0.8266,12419.0,0.8265,456094323.0,364725784.8225
1753504642835,04:37:22.835,bitget,ADA/USDT:USDT,0.8265,33851.0,0.8266,66807.0,0.8265,277383464.0,222139546.2514
1753504642897,04:37:22.897,bybit,ADA/USDT:USDT,0.8265,1496.0,0.8266,16413.0,0.8266,456094347.0,364725804.6609
1753504642997,04:37:22.997,bybit,ADA/USDT:USDT,0.8265,3966.0,0.8266,16413.0,0.8266,456094347.0,364725804.6609
1753504637712,04:37:17.712,blofin,ADA/USDT:USDT,0.8259,5.0,0.8261,952.0,0.8258,288922.01,
1753504643143,04:37:23.143,bitget,ADA/USDT:USDT,0.8265,33851.0,0.8266,66807.0,0.8265,277383464.0,222139546.2514
1753504643198,04:37:23.198,bybit,ADA/USDT:USDT,0.8265,5272.0,0.8266,16413.0,0.8266,456094347.0,364725804.6609
1753504643261,04:37:23.261,bitmart,ADA/USDT:USDT,0.8263,12238.0,0.8264,19560.0,0.8263,,156157798.0
1753504643297,04:37:23.297,bybit,ADA/USDT:USDT,0.8265,2802.0,0.8266,17141.0,0.8266,456094347.0,364725804.6609
1753504643413,04:37:23.413,gate,ADA/USDT:USDT,,,,,0.8262,106612060.0,88082882.0
1753504643449,04:37:23.449,bitget,ADA/USDT:USDT,0.8265,33851.0,0.8266,66807.0,0.8265,277383464.0,222139546.2514
1753504643497,04:37:23.497,bybit,ADA/USDT:USDT,0.8265,2802.0,0.8266,16413.0,0.8266,456094347.0,364725804.6609
1753504637712,04:37:17.712,blofin,ADA/USDT:USDT,0.8258,392.0,0.8261,1044.0,0.8258,288922.01,
1753504643598,04:37:23.598,bybit,ADA/USDT:USDT,0.8265,4958.0,0.8266,10913.0,0.8265,456094528.0,364725954.2574
1753504643697,04:37:23.697,bybit,ADA/USDT:USDT,0.8265,4958.0,0.8266,10913.0,0.8265,456094528.0,364725954.2574
1753504643810,04:37:23.810,bitget,ADA/USDT:USDT,0.8265,33851.0,0.8266,66807.0,0.8265,277383464.0,222139546.2514
1753504643897,04:37:23.897,bybit,ADA/USDT:USDT,0.8265,10458.0,0.8266,10913.0,0.8265,456094528.0,364725954.2574
1753504643998,04:37:23.998,bybit,ADA/USDT:USDT,0.8265,11858.0,0.8266,8313.0,0.8265,456094528.0,364725954.2574
1753504643476,04:37:23.476,binance,ADA/USDT:USDT,,,,,0.8264,851108500.0,681240939.3106
1753504643476,04:37:23.476,binanceusdm,ADA/USDT:USDT,,,,,0.8264,851108500.0,681240939.3106
1753504644190,04:37:24.190,bitget,ADA/USDT:USDT,0.8265,33851.0,0.8266,66807.0,0.8265,277383464.0,222139546.2514
1753504644254,04:37:24.254,bitmart,ADA/USDT:USDT,0.8263,5792.0,0.8264,7766.0,0.8263,,156161792.0
1753504644275,04:37:24.275,gateio,ADA/USDT:USDT,,,,,0.8262,106532060.0,88016786.0
1753504644297,04:37:24.297,bybit,ADA/USDT:USDT,0.8265,11858.0,0.8266,4665.0,0.8265,456094528.0,364725954.2574
1753504644398,04:37:24.398,bybit,ADA/USDT:USDT,0.8265,6358.0,0.8266,7739.0,0.8265,456094528.0,364725954.2574
1753504644406,04:37:24.406,gate,ADA/USDT:USDT,,,,,0.8262,106612060.0,88082882.0
1753504644498,04:37:24.498,bybit,ADA/USDT:USDT,0.8265,6358.0,0.8266,7032.0,0.8265,456094528.0,364725954.2574
1753504637712,04:37:17.712,blofin,ADA/USDT:USDT,0.8258,392.0,0.8261,1045.0,0.8258,288922.01,
1753504644518,04:37:24.518,bitget,ADA/USDT:USDT,0.8265,33851.0,0.8266,66807.0,0.8265,277383464.0,222139546.2514
1753504644697,04:37:24.697,bybit,ADA/USDT:USDT,0.8265,6358.0,0.8266,7042.0,0.8265,456094528.0,364725954.2574
1753504644797,04:37:24.797,bybit,ADA/USDT:USDT,0.8265,8992.0,0.8266,4664.0,0.8265,456094528.0,364725954.2574
1753504644822,04:37:24.822,bitget,ADA/USDT:USDT,0.8265,34357.0,0.8266,66807.0,0.8265,277383464.0,222139546.2514
1753504643501,04:37:23.501,xt,ADA/USDT:USDT,,,,,0.8264,,36133231.0
1753504644495,04:37:24.495,mexc,ADA/USDT:USDT,,,,,0.8264,813705753.0,650572968.0896
1753504645135,04:37:25.135,bitget,ADA/USDT:USDT,0.8265,35313.0,0.8266,66807.0,0.8265,277383464.0,222139546.2514
1753504645207,04:37:25.207,bitmart,ADA/USDT:USDT,0.8263,18543.0,0.8264,15700.0,0.8264,,156161924.0
1753504645297,04:37:25.297,bybit,ADA/USDT:USDT,0.8265,10405.0,0.8266,1485.0,0.8265,456094528.0,364725954.2574
1753504637712,04:37:17.712,blofin,ADA/USDT:USDT,0.8258,395.0,0.8261,950.0,0.8258,288922.01,
1753504645470,04:37:25.470,bitget,ADA/USDT:USDT,0.8265,63924.0,0.8266,40472.0,0.8265,277383464.0,222139546.2514
1753504645597,04:37:25.597,bybit,ADA/USDT:USDT,0.8265,10405.0,0.8266,501.0,0.8265,456094528.0,364725954.2574
1753504645697,04:37:25.697,bybit,ADA/USDT:USDT,0.8265,9699.0,0.8266,501.0,0.8265,456094528.0,364725954.2574
1753504645797,04:37:25.797,bybit,ADA/USDT:USDT,0.8265,11614.0,0.8266,501.0,0.8265,456094528.0,364725954.2574
1753504645776,04:37:25.776,bitget,ADA/USDT:USDT,0.8265,63924.0,0.8266,40472.0,0.8265,277383464.0,222139546.2514
1753504645897,04:37:25.897,bybit,ADA/USDT:USDT,0.8265,16408.0,0.8266,501.0,0.8265,456094528.0,364725954.2574
1753504645665,04:37:25.665,binanceusdm,ADA/USDT:USDT,,,,,0.8264,851115013.0,681246321.5583
1753504645665,04:37:25.665,binance,ADA/USDT:USDT,,,,,0.8264,851115013.0,681246321.5583
1753504637712,04:37:17.712,blofin,ADA/USDT:USDT,0.8258,536.0,0.8261,925.0,0.8258,288922.01,
1753504646098,04:37:26.098,bybit,ADA/USDT:USDT,0.8265,15701.0,0.8266,501.0,0.8265,456094528.0,364725954.2574
1753504646087,04:37:26.087,bitget,ADA/USDT:USDT,0.8266,7771.0,0.8267,63052.0,0.8265,277383464.0,222139546.2514
1753504646195,04:37:26.195,bitmart,ADA/USDT:USDT,0.8263,18543.0,0.8265,20962.0,0.8263,,156162128.0
1753504646464,04:37:26.464,bitget,ADA/USDT:USDT,0.8266,18841.0,0.8267,46546.0,0.8265,277383464.0,222139546.2514
1753504646797,04:37:26.797,bybit,ADA/USDT:USDT,0.8266,3554.0,0.8267,4014.0,0.8267,456097607.0,364728499.6166
1753504646824,04:37:26.824,bitget,ADA/USDT:USDT,0.8266,34341.0,0.8267,62535.0,0.8267,277383464.0,222139546.2514
1753504646898,04:37:26.898,bybit,ADA/USDT:USDT,0.8266,3554.0,0.8267,9573.0,0.8267,456097607.0,364728499.6166
1753504646997,04:37:26.997,bybit,ADA/USDT:USDT,0.8266,1496.0,0.8267,10339.0,0.8267,456097607.0,364728499.6166
1753504647097,04:37:27.097,bybit,ADA/USDT:USDT,0.8266,1496.0,0.8267,9632.0,0.8267,456097607.0,364728499.6166
1753504637712,04:37:17.712,blofin,ADA/USDT:USDT,0.8258,541.0,0.8261,927.0,0.8258,288922.01,
1753504647222,04:37:27.222,bitmart,ADA/USDT:USDT,0.8264,17505.0,0.8265,20962.0,0.8264,,156162594.0
1753504647297,04:37:27.297,bybit,ADA/USDT:USDT,0.8266,1496.0,0.8267,10339.0,0.8267,456097607.0,364728499.6166
1753504644495,04:37:24.495,mexc,ADA/USDT:USDT,,,,,0.8264,813705753.0,650572968.0896
1753504647398,04:37:27.398,bybit,ADA/USDT:USDT,0.8266,1496.0,0.8267,9632.0,0.8267,456097607.0,364728499.6166
1753504637712,04:37:17.712,blofin,ADA/USDT:USDT,0.8259,581.0,0.8261,857.0,0.8258,288922.01,
1753504647642,04:37:27.642,bitget,ADA/USDT:USDT,0.8266,35404.0,0.8267,46535.0,0.8267,277383464.0,222139546.2514
1753504647698,04:37:27.698,bybit,ADA/USDT:USDT,0.8266,1496.0,0.8267,10339.0,0.8267,456097607.0,364728499.6166
1753504647797,04:37:27.797,bybit,ADA/USDT:USDT,0.8266,2811.0,0.8267,9632.0,0.8267,456097607.0,364728499.6166
1753504646751,04:37:26.751,xt,ADA/USDT:USDT,,,,,0.8264,,36133618.0
1753504647987,04:37:27.987,bitget,ADA/USDT:USDT,0.8266,35404.0,0.8267,46535.0,0.8267,277383464.0,222139546.2514
1753504646916,04:37:26.916,binance,ADA/USDT:USDT,,,,,0.8264,851115514.0,681246735.605
1753504646916,04:37:26.916,binanceusdm,ADA/USDT:USDT,,,,,0.8264,851115514.0,681246735.605
1753504637712,04:37:17.712,blofin,ADA/USDT:USDT,0.8258,599.0,0.8261,857.0,0.8258,288922.01,
1753504648238,04:37:28.238,bitmart,ADA/USDT:USDT,0.8264,20733.0,0.8265,22270.0,0.8264,,156162594.0
1753504648316,04:37:28.316,bitget,ADA/USDT:USDT,0.8266,35404.0,0.8267,46535.0,0.8267,277383486.0,222139564.4388
1753504637712,04:37:17.712,blofin,ADA/USDT:USDT,0.8258,600.0,0.8261,857.0,0.8258,288922.01,
1753504648597,04:37:28.597,bybit,ADA/USDT:USDT,0.8266,2801.0,0.8267,5462.0,0.8267,456097607.0,364728499.6166
1753504648649,04:37:28.649,bitget,ADA/USDT:USDT,0.8266,35404.0,0.8267,46535.0,0.8267,277383486.0,222139564.4388
1753504648697,04:37:28.697,bybit,ADA/USDT:USDT,0.8266,2908.0,0.8267,6673.0,0.8267,456097607.0,364728499.6166
1753504648797,04:37:28.797,bybit,ADA/USDT:USDT,0.8266,2908.0,0.8267,12904.0,0.8267,456097607.0,364728499.6166
1753504648898,04:37:28.898,bybit,ADA/USDT:USDT,0.8266,2908.0,0.8267,7404.0,0.8267,456097607.0,364728499.6166
1753504637712,04:37:17.712,blofin,ADA/USDT:USDT,0.8259,618.0,0.8261,858.0,0.8258,288922.01,
1753504649265,04:37:29.265,bitmart,ADA/USDT:USDT,0.8264,20733.0,0.8265,22270.0,0.8264,,156162768.0
1753504649297,04:37:29.297,bybit,ADA/USDT:USDT,0.8266,2908.0,0.8267,7478.0,0.8267,456097607.0,364728499.6166
1753504649397,04:37:29.397,bybit,ADA/USDT:USDT,0.8266,2927.0,0.8267,7478.0,0.8267,456097607.0,364728499.6166
1753504637712,04:37:17.712,blofin,ADA/USDT:USDT,0.8259,617.0,0.8261,7.0,0.8258,288922.01,
1753504649597,04:37:29.597,bybit,ADA/USDT:USDT,0.8266,2927.0,0.8267,8185.0,0.8267,456097607.0,364728499.6166
1753504649697,04:37:29.697,bybit,ADA/USDT:USDT,0.8266,1431.0,0.8267,8891.0,0.8267,456097607.0,364728499.6166
1753504644495,04:37:24.495,mexc,ADA/USDT:USDT,,,,,0.8264,813705753.0,650572968.0896
1753504649739,04:37:29.739,bitget,ADA/USDT:USDT,0.8266,1327.0,0.8267,46535.0,0.8267,277383486.0,222139564.4388
1753504649798,04:37:29.798,bybit,ADA/USDT:USDT,0.8266,1431.0,0.8267,14391.0,0.8267,456097607.0,364728499.6166
1753504649898,04:37:29.898,bybit,ADA/USDT:USDT,0.8266,2927.0,0.8267,14391.0,0.8267,456097607.0,364728499.6166
1753504649997,04:37:29.997,bybit,ADA/USDT:USDT,0.8266,2927.0,0.8267,12978.0,0.8267,456097607.0,364728499.6166
1753504648870,04:37:28.870,binance,ADA/USDT:USDT,,,,,0.8265,851116010.0,681247145.549
1753504648870,04:37:28.870,binanceusdm,ADA/USDT:USDT,,,,,0.8265,851116010.0,681247145.549
1753504637712,04:37:17.712,blofin,ADA/USDT:USDT,0.8259,617.0,0.8261,7.0,0.8258,288922.01,
1753504650142,04:37:30.142,kucoinfutures,ADA/USDT:USDT,0.82648,23.0,0.82655,69.0,0.82648,,
1753504650198,04:37:30.198,bybit,ADA/USDT:USDT,0.8266,2927.0,0.8267,13685.0,0.8267,456097607.0,364728499.6166
1753504650194,04:37:30.194,bitmart,ADA/USDT:USDT,0.8264,7465.0,0.8265,24831.0,0.8265,,156163002.0
1753504650298,04:37:30.298,bybit,ADA/USDT:USDT,0.8266,2927.0,0.8267,13770.0,0.8267,456097642.0,364728528.5511
1753504650497,04:37:30.497,bybit,ADA/USDT:USDT,0.8266,2927.0,0.8267,14463.0,0.8267,456097642.0,364728528.5511
1753504637712,04:37:17.712,blofin,ADA/USDT:USDT,0.8259,617.0,0.8261,2.0,0.8258,288922.01,
1753504650597,04:37:30.597,bybit,ADA/USDT:USDT,0.8266,2927.0,0.8267,14453.0,0.8267,456097652.0,364728536.8181
1753504650697,04:37:30.697,bybit,ADA/USDT:USDT,0.8266,1431.0,0.8267,14453.0,0.8267,456097652.0,364728536.8181
1753504650743,04:37:30.743,bitget,ADA/USDT:USDT,0.8266,977.0,0.8267,71535.0,0.8267,277383464.0,222139546.2514
1753504650797,04:37:30.797,bybit,ADA/USDT:USDT,0.8266,2927.0,0.8267,13053.0,0.8267,456097652.0,364728536.8181
1753504650898,04:37:30.898,bybit,ADA/USDT:USDT,0.8266,2927.0,0.8267,13135.0,0.8267,456097652.0,364728536.8181
1753504649353,04:37:29.353,xt,ADA/USDT:USDT,,,,,0.8265,,36133671.0
1753504637712,04:37:17.712,blofin,ADA/USDT:USDT,0.8259,4.0,0.8261,885.0,0.8258,288922.01,
1753504651097,04:37:31.097,bybit,ADA/USDT:USDT,0.8266,2927.0,0.8267,13829.0,0.8267,456097652.0,364728536.8181
1753504651097,04:37:31.097,bitget,ADA/USDT:USDT,0.8265,57840.0,0.8266,14902.0,0.8267,277383486.0,222139564.4388
1753504651178,04:37:31.178,phemex,ADA/USDT:USDT,,,,,0.8261,15924553.07,12774711.088893
1753504651203,04:37:31.203,bitmart,ADA/USDT:USDT,0.8264,13893.0,0.8265,32676.0,0.8265,,156163184.0
1753504651298,04:37:31.298,bybit,ADA/USDT:USDT,0.8266,1431.0,0.8267,14522.0,0.8267,456097652.0,364728536.8181
1753504651397,04:37:31.397,bybit,ADA/USDT:USDT,0.8266,1431.0,0.8267,13829.0,0.8267,456097652.0,364728536.8181
1753504651413,04:37:31.413,bitget,ADA/USDT:USDT,0.8265,61466.0,0.8266,29398.0,0.8267,277383486.0,222139564.4388
1753504651498,04:37:31.498,bybit,ADA/USDT:USDT,0.8266,1431.0,0.8267,14522.0,0.8267,456097652.0,364728536.8181
1753504637712,04:37:17.712,blofin,ADA/USDT:USDT,0.8258,618.0,0.8261,885.0,0.8258,288922.01,
1753504651697,04:37:31.697,bybit,ADA/USDT:USDT,0.8266,2024.0,0.8267,14522.0,0.8267,456097652.0,364728536.8181
1753504651858,04:37:31.858,bitget,ADA/USDT:USDT,0.8265,52652.0,0.8266,21863.0,0.8267,277383486.0,222139564.4388
1753504651897,04:37:31.897,bybit,ADA/USDT:USDT,0.8266,2024.0,0.8267,14094.0,0.8267,456097652.0,364728536.8181
1753504644495,04:37:24.495,mexc,ADA/USDT:USDT,,,,,0.8264,813705753.0,650572968.0896
1753504650319,04:37:30.319,binanceusdm,ADA/USDT:USDT,,,,,0.8264,851116018.0,681247152.1602
1753504650319,04:37:30.319,binance,ADA/USDT:USDT,,,,,0.8264,851116018.0,681247152.1602
1753504652097,04:37:32.097,bybit,ADA/USDT:USDT,0.8266,2073.0,0.8267,13400.0,0.8267,456097652.0,364728536.8181
1753504637712,04:37:17.712,blofin,ADA/USDT:USDT,0.8258,618.0,0.8261,885.0,0.8258,288922.01,
1753504652249,04:37:32.249,bitmart,ADA/USDT:USDT,0.8264,3421.0,0.8265,22408.0,0.8264,,156163334.0
1753504652397,04:37:32.397,bybit,ADA/USDT:USDT,0.8266,3032.0,0.8267,14127.0,0.8267,456097652.0,364728536.8181
1753504652498,04:37:32.498,bybit,ADA/USDT:USDT,0.8266,3032.0,0.8267,13433.0,0.8267,456097652.0,364728536.8181
1753504637712,04:37:17.712,blofin,ADA/USDT:USDT,0.8258,618.0,0.8261,886.0,0.8258,288922.01,
1753504652597,04:37:32.597,bybit,ADA/USDT:USDT,0.8266,3032.0,0.8267,13433.0,0.8267,456097652.0,364728536.8181
1753504652796,04:37:32.796,bitget,ADA/USDT:USDT,0.8265,52652.0,0.8266,21863.0,0.8267,277383486.0,222139564.4388
1753504652998,04:37:32.998,bybit,ADA/USDT:USDT,0.8266,3520.0,0.8267,13433.0,0.8267,456097652.0,364728536.8181
1753504637712,04:37:17.712,blofin,ADA/USDT:USDT,0.8258,589.0,0.8261,891.0,0.8258,288922.01,
1753504653108,04:37:33.108,bitget,ADA/USDT:USDT,0.8265,65152.0,0.8266,8061.0,0.8267,277383486.0,222139564.4388
1753504653251,04:37:33.251,bitmart,ADA/USDT:USDT,0.8264,9785.0,0.8265,22408.0,0.8265,,156163550.0
1753504653458,04:37:33.458,bitget,ADA/USDT:USDT,0.8265,72152.0,0.8266,18892.0,0.8267,277383486.0,222139564.4388
1753504653497,04:37:33.497,bybit,ADA/USDT:USDT,0.8266,3520.0,0.8267,14820.0,0.8267,456097652.0,364728536.8181
1753504637712,04:37:17.712,blofin,ADA/USDT:USDT,0.8258,589.0,0.8261,891.0,0.8258,288922.01,
1753504653797,04:37:33.797,bybit,ADA/USDT:USDT,0.8266,3520.0,0.8267,14880.0,0.8267,456097652.0,364728536.8181
1753504653777,04:37:33.777,bitget,ADA/USDT:USDT,0.8265,72152.0,0.8266,18892.0,0.8267,277383486.0,222139564.4388
1753504652835,04:37:32.835,xt,ADA/USDT:USDT,,,,,0.8265,,36133742.0
1753504653859,04:37:33.859,binance,ADA/USDT:USDT,,,,,0.8264,851117742.0,681248576.9948
1753504653859,04:37:33.859,binanceusdm,ADA/USDT:USDT,,,,,0.8264,851117742.0,681248576.9948
1753504637712,04:37:17.712,blofin,ADA/USDT:USDT,0.8259,588.0,0.8261,895.0,0.8258,288922.01,
1753504654101,04:37:34.101,bitget,ADA/USDT:USDT,0.8265,52652.0,0.8266,20250.0,0.8267,277383486.0,222139564.4388
1753504654198,04:37:34.198,bybit,ADA/USDT:USDT,0.8266,3520.0,0.8267,14250.0,0.8267,456097652.0,364728536.8181
1753504654259,04:37:34.259,bitmart,ADA/USDT:USDT,0.8264,8037.0,0.8265,24738.0,0.8265,,156163738.0
1753504654297,04:37:34.297,bybit,ADA/USDT:USDT,0.8266,4920.0,0.8267,11026.0,0.8267,456097652.0,364728536.8181
1753504652490,04:37:32.490,mexc,ADA/USDT:USDT,,,,,0.8265,813705768.0,650572980.4871
1753504654497,04:37:34.497,bybit,ADA/USDT:USDT,0.8266,3512.0,0.8267,7202.0,0.8266,456097660.0,364728543.4309
1753504654551,04:37:34.551,bitget,ADA/USDT:USDT,0.8265,78152.0,0.8266,2042.0,0.8267,277383486.0,222139564.4388
1753504637712,04:37:17.712,blofin,ADA/USDT:USDT,0.8259,587.0,0.8261,896.0,0.8258,288922.01,
1753504654597,04:37:34.597,bybit,ADA/USDT:USDT,0.8266,3512.0,0.8267,6509.0,0.8266,456097660.0,364728543.4309
1753504654697,04:37:34.697,bybit,ADA/USDT:USDT,0.8266,3512.0,0.8267,7181.0,0.8266,456097660.0,364728543.4309
1753504654798,04:37:34.798,bybit,ADA/USDT:USDT,0.8266,3512.0,0.8267,12681.0,0.8266,456097660.0,364728543.4309
1753504654897,04:37:34.897,bybit,ADA/USDT:USDT,0.8266,3512.0,0.8267,6208.0,0.8266,456097660.0,364728543.4309
1753504654997,04:37:34.997,bybit,ADA/USDT:USDT,0.8266,3512.0,0.8267,6410.0,0.8266,456097660.0,364728543.4309
1753504655110,04:37:35.110,bitget,ADA/USDT:USDT,0.8265,52652.0,0.8266,2392.0,0.8267,277383486.0,222139564.4388
1753504637712,04:37:17.712,blofin,ADA/USDT:USDT,0.8259,587.0,0.8261,897.0,0.8258,288922.01,
1753504655168,04:37:35.168,bitmart,ADA/USDT:USDT,0.8264,8037.0,0.8265,24738.0,0.8264,,156163960.0
1753504655297,04:37:35.297,bybit,ADA/USDT:USDT,0.8266,7879.0,0.8267,6574.0,0.8266,456097660.0,364728543.4309
1753504655397,04:37:35.397,bybit,ADA/USDT:USDT,0.8266,7879.0,0.8267,6446.0,0.8266,456097660.0,364728543.4309
1753504655431,04:37:35.431,bitget,ADA/USDT:USDT,0.8265,78152.0,0.8266,1211.0,0.8267,277383486.0,222139564.4388
1753504637712,04:37:17.712,blofin,ADA/USDT:USDT,0.8259,587.0,0.8261,897.0,0.8258,288922.01,
1753504655498,04:37:35.498,bybit,ADA/USDT:USDT,0.8266,7879.0,0.8267,6495.0,0.8266,456097660.0,364728543.4309
1753504655697,04:37:35.697,bybit,ADA/USDT:USDT,0.8266,7879.0,0.8267,6491.0,0.8266,456097660.0,364728543.4309
1753504655773,04:37:35.773,bitget,ADA/USDT:USDT,0.8265,78152.0,0.8266,1211.0,0.8267,277383486.0,222139564.4388
1753504655897,04:37:35.897,bybit,ADA/USDT:USDT,0.8266,3512.0,0.8267,10654.0,0.8266,456097660.0,364728543.4309
1753504655279,04:37:35.279,binanceusdm,ADA/USDT:USDT,,,,,0.8265,851128604.0,681257554.42
1753504655279,04:37:35.279,binance,ADA/USDT:USDT,,,,,0.8265,851128604.0,681257554.42
1753504637712,04:37:17.712,blofin,ADA/USDT:USDT,0.8259,3.0,0.8261,895.0,0.8258,288922.01,
1753504656097,04:37:36.097,bybit,ADA/USDT:USDT,0.8266,3024.0,0.8267,10654.0,0.8266,456097660.0,364728543.4309
1753504656108,04:37:36.108,bitget,ADA/USDT:USDT,0.8265,78152.0,0.8266,1211.0,0.8267,277383486.0,222139564.4388
1753504656187,04:37:36.187,bitmart,ADA/USDT:USDT,0.8264,7289.0,0.8265,26601.0,0.8265,,156165016.0
1753504656197,04:37:36.197,bybit,ADA/USDT:USDT,0.8266,3512.0,0.8267,9311.0,0.8266,456097660.0,364728543.4309
1753504656297,04:37:36.297,bybit,ADA/USDT:USDT,0.8266,3639.0,0.8267,9311.0,0.8266,456097660.0,364728543.4309
1753504656397,04:37:36.397,bybit,ADA/USDT:USDT,0.8266,3151.0,0.8267,10654.0,0.8266,456097660.0,364728543.4309
1753504656422,04:37:36.422,bitget,ADA/USDT:USDT,0.8265,52652.0,0.8266,26061.0,0.8267,277383486.0,222139564.4388
1753504656497,04:37:36.497,bybit,ADA/USDT:USDT,0.8266,3639.0,0.8267,9311.0,0.8266,456097660.0,364728543.4309
1753504637712,04:37:17.712,blofin,ADA/USDT:USDT,0.8259,3.0,0.8261,894.0,0.8258,288922.01,
1753504656598,04:37:36.598,bybit,ADA/USDT:USDT,0.8266,3639.0,0.8267,10654.0,0.8266,456097660.0,364728543.4309
1753504652490,04:37:32.490,mexc,ADA/USDT:USDT,,,,,0.8265,813705768.0,650572980.4871
1753504656697,04:37:36.697,bybit,ADA/USDT:USDT,0.8266,2626.0,0.8267,16154.0,0.8266,456097907.0,364728747.6011
1753504656838,04:37:36.838,bitget,ADA/USDT:USDT,0.8265,52652.0,0.8266,26061.0,0.8267,277383486.0,222139564.4388
1753504656898,04:37:36.898,bybit,ADA/USDT:USDT,0.8266,2577.0,0.8267,16154.0,0.8266,456097907.0,364728747.6011
1753504655392,04:37:35.392,xt,ADA/USDT:USDT,,,,,0.8264,,36134287.0
1753504657097,04:37:37.097,bybit,ADA/USDT:USDT,0.8266,2582.0,0.8267,16154.0,0.8266,456097907.0,364728747.6011
1753504637712,04:37:17.712,blofin,ADA/USDT:USDT,0.8258,530.0,0.8261,914.0,0.8258,288922.01,
1753504657197,04:37:37.197,bybit,ADA/USDT:USDT,0.8266,3070.0,0.8267,16172.0,0.8266,456097907.0,364728747.6011
1753504657224,04:37:37.224,bitmart,ADA/USDT:USDT,0.8264,6307.0,0.8265,26601.0,0.8265,,156165216.0
1753504657297,04:37:37.297,bybit,ADA/USDT:USDT,0.8266,3070.0,0.8267,14829.0,0.8266,456097907.0,364728747.6011
1753504657397,04:37:37.397,bybit,ADA/USDT:USDT,0.8266,4470.0,0.8267,6729.0,0.8266,456097907.0,364728747.6011
1753504657497,04:37:37.497,bybit,ADA/USDT:USDT,0.8266,3070.0,0.8267,8385.0,0.8266,456097907.0,364728747.6011
1753504637712,04:37:17.712,blofin,ADA/USDT:USDT,0.8258,530.0,0.8261,914.0,0.8258,288922.01,
1753504657555,04:37:37.555,bitget,ADA/USDT:USDT,0.8265,52652.0,0.8266,26061.0,0.8267,277383486.0,222139564.4388
1753504657697,04:37:37.697,bybit,ADA/USDT:USDT,0.8266,3070.0,0.8267,8577.0,0.8266,456097907.0,364728747.6011
1753504657797,04:37:37.797,bybit,ADA/USDT:USDT,0.8266,2582.0,0.8267,8577.0,0.8266,456097907.0,364728747.6011
1753504657873,04:37:37.873,bitget,ADA/USDT:USDT,0.8265,52652.0,0.8266,27166.0,0.8266,277383486.0,222139564.4388
1753504657997,04:37:37.997,bybit,ADA/USDT:USDT,0.8266,2631.0,0.8267,7906.0,0.8266,456097907.0,364728747.6011
1753504657889,04:37:37.889,binance,ADA/USDT:USDT,,,,,0.8265,851131295.0,681259778.5315
1753504657889,04:37:37.889,binanceusdm,ADA/USDT:USDT,,,,,0.8265,851131295.0,681259778.5315
1753504637712,04:37:17.712,blofin,ADA/USDT:USDT,0.8258,530.0,0.8261,914.0,0.8258,288922.01,
1753504658097,04:37:38.097,bybit,ADA/USDT:USDT,0.8266,2582.0,0.8267,8577.0,0.8266,456097907.0,364728747.6011
1753504658198,04:37:38.198,bybit,ADA/USDT:USDT,0.8266,1901.0,0.8267,10822.0,0.8266,456097907.0,364728747.6011
1753504658236,04:37:38.236,bitmart,ADA/USDT:USDT,0.8264,11026.0,0.8265,34974.0,0.8265,,156165474.0
1753504658229,04:37:38.229,bitget,ADA/USDT:USDT,0.8265,52652.0,0.8266,27166.0,0.8266,277384086.0,222140060.3988
1753504658297,04:37:38.297,bybit,ADA/USDT:USDT,0.8266,3397.0,0.8267,11013.0,0.8266,456097907.0,364728747.6011
1753504658497,04:37:38.497,bybit,ADA/USDT:USDT,0.8266,3397.0,0.8267,9670.0,0.8266,456097907.0,364728747.6011
1753504637712,04:37:17.712,blofin,ADA/USDT:USDT,0.8258,530.0,0.8261,914.0,0.8258,288922.01,
1753504658558,04:37:38.558,bitget,ADA/USDT:USDT,0.8265,41828.0,0.8266,58525.0,0.8266,277384086.0,222140060.3988
1753504658697,04:37:38.697,bybit,ADA/USDT:USDT,0.8266,3397.0,0.8267,10342.0,0.8266,456097907.0,364728747.6011
1753504658797,04:37:38.797,bybit,ADA/USDT:USDT,0.8266,3397.0,0.8267,11013.0,0.8266,456097907.0,364728747.6011
1753504658879,04:37:38.879,bitget,ADA/USDT:USDT,0.8265,52652.0,0.8266,31686.0,0.8266,277383486.0,222139564.4388
1753504658505,04:37:38.505,mexc,ADA/USDT:USDT,,,,,0.8265,813745768.0,650606040.4871
1753504637712,04:37:17.712,blofin,ADA/USDT:USDT,0.8258,490.0,0.8261,873.0,0.8258,288922.01,
1753504659098,04:37:39.098,bybit,ADA/USDT:USDT,0.8266,3397.0,0.8267,10342.0,0.8266,456097907.0,364728747.6011
1753504659160,04:37:39.160,bitmart,ADA/USDT:USDT,0.8263,23084.0,0.8264,18564.0,0.8263,,156165662.0
1753504659297,04:37:39.297,bybit,ADA/USDT:USDT,0.8266,3397.0,0.8267,11006.0,0.8267,456097914.0,364728753.388
1753504659398,04:37:39.398,bybit,ADA/USDT:USDT,0.8266,3397.0,0.8267,11185.0,0.8267,456097914.0,364728753.388
1753504659396,04:37:39.396,bitget,ADA/USDT:USDT,0.8265,43828.0,0.8266,47025.0,0.8266,277384086.0,222140060.3988
1753504637712,04:37:17.712,blofin,ADA/USDT:USDT,0.8258,441.0,0.8261,868.0,0.8258,288922.01,
1753504659597,04:37:39.597,bybit,ADA/USDT:USDT,0.8266,2909.0,0.8267,11376.0,0.8267,456097914.0,364728753.388
1753504659697,04:37:39.697,bybit,ADA/USDT:USDT,0.8266,1901.0,0.8267,16876.0,0.8267,456097914.0,364728753.388
1753504659897,04:37:39.897,bybit,ADA/USDT:USDT,0.8266,1901.0,0.8267,16222.0,0.8267,456097914.0,364728753.388
1753504658565,04:37:38.565,xt,ADA/USDT:USDT,,,,,0.8264,,36134473.0
1753504659960,04:37:39.960,kucoinfutures,ADA/USDT:USDT,0.82641,56.0,0.82642,93.0,0.82641,,
1753504659998,04:37:39.998,bybit,ADA/USDT:USDT,0.8266,1901.0,0.8267,17053.0,0.8267,456097914.0,364728753.388
1753504659846,04:37:39.846,binance,ADA/USDT:USDT,,,,,0.8264,851132839.0,681261054.493
1753504659846,04:37:39.846,binanceusdm,ADA/USDT:USDT,,,,,0.8264,851132839.0,681261054.493
1753504637712,04:37:17.712,blofin,ADA/USDT:USDT,0.8258,441.0,0.8261,868.0,0.8258,288922.01,
1753504660097,04:37:40.097,bybit,ADA/USDT:USDT,0.8266,1901.0,0.8267,17480.0,0.8267,456097914.0,364728753.388
1753504660197,04:37:40.197,bybit,ADA/USDT:USDT,0.8266,1901.0,0.8267,17481.0,0.8267,456097914.0,364728753.388
1753504660193,04:37:40.193,phemex,ADA/USDT:USDT,,,,,0.8261,15924553.07,12774711.088893
1753504660251,04:37:40.251,bitmart,ADA/USDT:USDT,0.8263,12382.0,0.8264,18564.0,0.8263,,156165844.0
1753504660397,04:37:40.397,bybit,ADA/USDT:USDT,0.8266,1481.0,0.8267,17658.0,0.8266,456098334.0,364729100.56
1753504660385,04:37:40.385,bitget,ADA/USDT:USDT,0.8265,33229.0,0.8266,62025.0,0.8266,277383486.0,222139564.4388
1753504660497,04:37:40.497,bybit,ADA/USDT:USDT,0.8266,1481.0,0.8267,17658.0,0.8266,456098334.0,364729100.56
1753504637712,04:37:17.712,blofin,ADA/USDT:USDT,0.8258,442.0,0.8261,868.0,0.8258,288922.01,
1753504660797,04:37:40.797,bybit,ADA/USDT:USDT,0.8265,1586.0,0.8266,25079.0,0.8266,456099815.0,364730324.7546
1753504660808,04:37:40.808,bitget,ADA/USDT:USDT,0.8265,33229.0,0.8266,62025.0,0.8266,277384086.0,222140060.3988
1753504660897,04:37:40.897,bybit,ADA/USDT:USDT,0.8265,1824.0,0.8266,22765.0,0.8266,456100210.0,364730651.2616
1753504660997,04:37:40.997,bybit,ADA/USDT:USDT,0.8265,2802.0,0.8266,22765.0,0.8266,456100210.0,364730651.2616
1753504661097,04:37:41.097,bybit,ADA/USDT:USDT,0.8265,2802.0,0.8266,23165.0,0.8266,456100210.0,364730651.2616
1753504637712,04:37:17.712,blofin,ADA/USDT:USDT,0.8259,393.0,0.8261,1010.0,0.8258,288922.01,
1753504661143,04:37:41.143,bitget,ADA/USDT:USDT,0.8264,96091.0,0.8265,24482.0,0.8266,277384086.0,222140060.3988
1753504661234,04:37:41.234,bitmart,ADA/USDT:USDT,0.8263,7622.0,0.8264,22522.0,0.8264,,156166004.0
1753504658505,04:37:38.505,mexc,ADA/USDT:USDT,,,,,0.8265,813745768.0,650606040.4871
1753504661397,04:37:41.397,bybit,ADA/USDT:USDT,0.8265,5449.0,0.8266,15446.0,0.8266,456102047.0,364732169.7258
1753504661498,04:37:41.498,bybit,ADA/USDT:USDT,0.8265,5449.0,0.8266,15476.0,0.8266,456102047.0,364732169.7258
1753504637712,04:37:17.712,blofin,ADA/USDT:USDT,0.8259,394.0,0.8261,1011.0,0.8258,288922.01,
1753504661598,04:37:41.598,bybit,ADA/USDT:USDT,0.8265,5449.0,0.8266,15476.0,0.8266,456102047.0,364732169.7258
1753504661697,04:37:41.697,bybit,ADA/USDT:USDT,0.8265,5449.0,0.8266,19934.0,0.8266,456102047.0,364732169.7258
1753504661797,04:37:41.797,bybit,ADA/USDT:USDT,0.8265,1586.0,0.8266,19934.0,0.8266,456102047.0,364732169.7258
1753504637712,04:37:17.712,blofin,ADA/USDT:USDT,0.8259,380.0,0.8261,926.0,0.8258,288922.01,
1753504662252,04:37:42.252,bitmart,ADA/USDT:USDT,0.8263,7622.0,0.8264,22522.0,0.8263,,156166164.0
1753504662224,04:37:42.224,bitget,ADA/USDT:USDT,0.8264,63658.0,0.8265,15082.0,0.8266,277383486.0,222139564.4388
1753504662498,04:37:42.498,bybit,ADA/USDT:USDT,0.8265,1586.0,0.8266,15934.0,0.8266,456102047.0,364732169.7258
1753504637712,04:37:17.712,blofin,ADA/USDT:USDT,0.8259,380.0,0.8261,926.0,0.8258,288922.01,
1753504662698,04:37:42.698,bybit,ADA/USDT:USDT,0.8265,1586.0,0.8266,21434.0,0.8266,456102047.0,364732169.7258
1753504662898,04:37:42.898,bybit,ADA/USDT:USDT,0.8265,1098.0,0.8266,21434.0,0.8266,456102047.0,364732169.7258
1753504661831,04:37:41.831,xt,ADA/USDT:USDT,,,,,0.8264,,36134533.0
1753504637712,04:37:17.712,blofin,ADA/USDT:USDT,0.8259,2.0,0.8261,1014.0,0.8258,288922.01,
1753504663198,04:37:43.198,bybit,ADA/USDT:USDT,0.8265,1147.0,0.8266,15854.0,0.8266,456102127.0,364732235.8538
1753504663199,04:37:43.199,phemex,ADA/USDT:USDT,,,,,0.8261,15924553.07,12774711.088893
1753504663236,04:37:43.236,bitmart,ADA/USDT:USDT,0.8263,6722.0,0.8264,21189.0,0.8264,,156166376.0
1753504663394,04:37:43.394,bitget,ADA/USDT:USDT,0.8264,88158.0,0.8265,7911.0,0.8266,277384086.0,222140060.3988
1753504663497,04:37:43.497,bybit,ADA/USDT:USDT,0.8265,9568.0,0.8266,15229.0,0.8266,456102127.0,364732235.8538
1753504637712,04:37:17.712,blofin,ADA/USDT:USDT,0.8259,2.0,0.8261,1016.0,0.8258,288922.01,
1753504663490,04:37:43.490,binanceusdm,ADA/USDT:USDT,,,,,0.8264,851132851.0,681261064.4098
1753504663490,04:37:43.490,binance,ADA/USDT:USDT,,,,,0.8264,851132851.0,681261064.4098
1753504663597,04:37:43.597,bybit,ADA/USDT:USDT,0.8265,10191.0,0.8266,14412.0,0.8266,456102127.0,364732235.8538
1753504663698,04:37:43.698,bybit,ADA/USDT:USDT,0.8265,8945.0,0.8266,14451.0,0.8266,456102127.0,364732235.8538
1753504658505,04:37:38.505,mexc,ADA/USDT:USDT,,,,,0.8265,813745768.0,650606040.4871
1753504663998,04:37:43.998,bybit,ADA/USDT:USDT,0.8265,9568.0,0.8266,14451.0,0.8266,456102127.0,364732235.8538
1753504664097,04:37:44.097,bybit,ADA/USDT:USDT,0.8265,9568.0,0.8266,11851.0,0.8266,456102127.0,364732235.8538
1753504637712,04:37:17.712,blofin,ADA/USDT:USDT,0.8259,2.0,0.8261,1016.0,0.8258,288922.01,
1753504664120,04:37:44.120,bitget,ADA/USDT:USDT,0.8264,88158.0,0.8265,911.0,0.8266,277384086.0,222140060.3988
1753504664156,04:37:44.156,bitmart,ADA/USDT:USDT,0.8263,13833.0,0.8264,21189.0,0.8264,,156166376.0
1753504664397,04:37:44.397,bybit,ADA/USDT:USDT,0.8265,10191.0,0.8266,11851.0,0.8266,456102127.0,364732235.8538
1753504664497,04:37:44.497,bybit,ADA/USDT:USDT,0.8265,9568.0,0.8266,11855.0,0.8266,456102127.0,364732235.8538
1753504664474,04:37:44.474,bitget,ADA/USDT:USDT,0.8264,88158.0,0.8265,911.0,0.8266,277384086.0,222140060.3988
1753504637712,04:37:17.712,blofin,ADA/USDT:USDT,0.8259,2.0,0.8261,934.0,0.8258,288922.01,
1753504664697,04:37:44.697,bybit,ADA/USDT:USDT,0.8265,5073.0,0.8266,12863.0,0.8266,456102127.0,364732235.8538
1753504664797,04:37:44.797,bybit,ADA/USDT:USDT,0.8265,1098.0,0.8266,12863.0,0.8266,456102127.0,364732235.8538
1753504664815,04:37:44.815,bitget,ADA/USDT:USDT,0.8264,72658.0,0.8265,911.0,0.8266,277384086.0,222140060.3988
1753504664897,04:37:44.897,bybit,ADA/USDT:USDT,0.8265,3168.0,0.8266,12873.0,0.8266,456102127.0,364732235.8538
1753504664997,04:37:44.997,bybit,ADA/USDT:USDT,0.8265,4046.0,0.8266,12873.0,0.8266,456102127.0,364732235.8538
1753504637712,04:37:17.712,blofin,ADA/USDT:USDT,0.8258,384.0,0.8261,934.0,0.8258,288922.01,
1753504665134,04:37:45.134,bitget,ADA/USDT:USDT,0.8264,72658.0,0.8265,911.0,0.8266,277384086.0,222140060.3988
1753504665215,04:37:45.215,bitmart,ADA/USDT:USDT,0.8263,3578.0,0.8264,21189.0,0.8264,,156166376.0
1753504665447,04:37:45.447,bitget,ADA/USDT:USDT,0.8264,89158.0,0.8265,4566.0,0.8266,277384086.0,222140060.3988
1753504637712,04:37:17.712,blofin,ADA/USDT:USDT,0.8258,439.0,0.8261,922.0,0.8258,288922.01,
1753504665777,04:37:45.777,bitget,ADA/USDT:USDT,0.8264,89158.0,0.8265,911.0,0.8266,277384086.0,222140060.3988
1753504665898,04:37:45.898,bybit,ADA/USDT:USDT,0.8265,4046.0,0.8266,12901.0,0.8266,456102127.0,364732235.8538
1753504665014,04:37:45.014,xt,ADA/USDT:USDT,,,,,0.8264,,36134541.0
1753504664503,04:37:44.503,mexc,ADA/USDT:USDT,,,,,0.8264,813745780.0,650606050.4039
1753504666099,04:37:46.099,binance,ADA/USDT:USDT,,,,,0.8263,851134816.0,681262688.0893
1753504666099,04:37:46.099,binanceusdm,ADA/USDT:USDT,,,,,0.8263,851134816.0,681262688.0893
1753504666126,04:37:46.126,bitget,ADA/USDT:USDT,0.8264,89158.0,0.8265,911.0,0.8266,277384086.0,222140060.3988
1753504666200,04:37:46.200,bitmart,ADA/USDT:USDT,0.8263,10003.0,0.8264,21189.0,0.8263,,156166516.0
1753504666435,04:37:46.435,bitget,ADA/USDT:USDT,0.8264,63658.0,0.8265,14911.0,0.8266,277384086.0,222140060.3988
1753504637712,04:37:17.712,blofin,ADA/USDT:USDT,0.8258,438.0,0.8261,920.0,0.8258,288922.01,
1753504666597,04:37:46.597,bybit,ADA/USDT:USDT,0.8265,90.0,0.8266,18643.0,0.8266,456102127.0,364732235.8538
1753504666757,04:37:46.757,bitget,ADA/USDT:USDT,0.8264,80658.0,0.8265,14911.0,0.8266,277384086.0,222140060.3988
1753504667112,04:37:47.112,bitget,ADA/USDT:USDT,0.8264,63658.0,0.8265,14911.0,0.8266,277384086.0,222140060.3988
1753504667268,04:37:47.268,bitmart,ADA/USDT:USDT,0.8263,2622.0,0.8264,21189.0,0.8263,,156166712.0
1753504667297,04:37:47.297,bybit,ADA/USDT:USDT,0.8265,1147.0,0.8266,13153.0,0.8266,456102127.0,364732235.8538
1753504667397,04:37:47.397,bybit,ADA/USDT:USDT,0.8265,1147.0,0.8266,13151.0,0.8266,456102127.0,364732235.8538
1753504667498,04:37:47.498,bitget,ADA/USDT:USDT,0.8264,74158.0,0.8265,14911.0,0.8266,277384086.0,222140060.3988
1753504637712,04:37:17.712,blofin,ADA/USDT:USDT,0.8258,438.0,0.8261,933.0,0.8258,288922.01,
1753504667897,04:37:47.897,bybit,ADA/USDT:USDT,0.8265,1098.0,0.8266,13151.0,0.8266,456102127.0,364732235.8538
1753504637712,04:37:17.712,blofin,ADA/USDT:USDT,0.8258,381.0,0.8261,1023.0,0.8258,288922.01,
1753504668091,04:37:48.091,bitget,ADA/USDT:USDT,0.8264,63658.0,0.8265,2104.0,0.8266,277384086.0,222140060.3988
1753504667869,04:37:47.869,binance,ADA/USDT:USDT,,,,,0.8263,851134852.0,681262717.8361
1753504667869,04:37:47.869,binanceusdm,ADA/USDT:USDT,,,,,0.8263,851134852.0,681262717.8361
1753504668200,04:37:48.200,bitmart,ADA/USDT:USDT,0.8263,6152.0,0.8264,21189.0,0.8263,,156166914.0
1753504664503,04:37:44.503,mexc,ADA/USDT:USDT,,,,,0.8264,813745780.0,650606050.4039
1753504668449,04:37:48.449,bitget,ADA/USDT:USDT,0.8264,80658.0,0.8265,1261.0,0.8266,277384086.0,222140060.3988
1753504668497,04:37:48.497,bybit,ADA/USDT:USDT,0.8265,5704.0,0.8266,13151.0,0.8266,456102127.0,364732235.8538
1753504637712,04:37:17.712,blofin,ADA/USDT:USDT,0.8258,383.0,0.8261,1023.0,0.8258,288922.01,
1753504668598,04:37:48.598,bybit,ADA/USDT:USDT,0.8265,5081.0,0.8266,17151.0,0.8266,456102127.0,364732235.8538
1753504668698,04:37:48.698,bybit,ADA/USDT:USDT,0.8265,5081.0,0.8266,13151.0,0.8266,456102127.0,364732235.8538
1753504668798,04:37:48.798,bybit,ADA/USDT:USDT,0.8265,1862.0,0.8266,13153.0,0.8266,456102127.0,364732235.8538
1753504668776,04:37:48.776,bitget,ADA/USDT:USDT,0.8264,80658.0,0.8265,1261.0,0.8266,277384086.0,222140060.3988
1753504668898,04:37:48.898,bybit,ADA/USDT:USDT,0.8265,1862.0,0.8266,13152.0,0.8266,456102127.0,364732235.8538
1753504667435,04:37:47.435,xt,ADA/USDT:USDT,,,,,0.8263,,36134643.0
1753504669083,04:37:49.083,bitget,ADA/USDT:USDT,0.8264,80658.0,0.8265,911.0,0.8266,277384086.0,222140060.3988
1753504637712,04:37:17.712,blofin,ADA/USDT:USDT,0.8258,383.0,0.8261,1023.0,0.8258,288922.01,
1753504669197,04:37:49.197,bybit,ADA/USDT:USDT,0.8265,1862.0,0.8266,13188.0,0.8266,456102127.0,364732235.8538
1753504669237,04:37:49.237,bitmart,ADA/USDT:USDT,0.8263,6152.0,0.8264,21189.0,0.8263,,156166914.0
1753504669297,04:37:49.297,bybit,ADA/USDT:USDT,0.8265,1098.0,0.8266,13188.0,0.8266,456102127.0,364732235.8538
1753504669397,04:37:49.397,bybit,ADA/USDT:USDT,0.8265,1147.0,0.8266,13188.0,0.8266,456102127.0,364732235.8538
1753504669396,04:37:49.396,bitget,ADA/USDT:USDT,0.8264,63658.0,0.8265,17824.0,0.8266,277384086.0,222140060.3988
1753504669497,04:37:49.497,bybit,ADA/USDT:USDT,0.8265,1570.0,0.8266,13188.0,0.8266,456102127.0,364732235.8538
1753504637712,04:37:17.712,blofin,ADA/USDT:USDT,0.8258,384.0,0.8261,1020.0,0.8258,288922.01,
1753504669598,04:37:49.598,bybit,ADA/USDT:USDT,0.8265,1570.0,0.8266,18650.0,0.8266,456102127.0,364732235.8538
1753504669698,04:37:49.698,bybit,ADA/USDT:USDT,0.8265,513.0,0.8266,18852.0,0.8266,456102127.0,364732235.8538
1753504669846,04:37:49.846,bitget,ADA/USDT:USDT,0.8264,63658.0,0.8265,17824.0,0.8266,277384086.0,222140060.3988
1753504669898,04:37:49.898,bybit,ADA/USDT:USDT,0.8265,2765.0,0.8266,13352.0,0.8266,456102127.0,364732235.8538
1753504669997,04:37:49.997,bybit,ADA/USDT:USDT,0.8265,6090.0,0.8266,13352.0,0.8266,456102127.0,364732235.8538
1753504637712,04:37:17.712,blofin,ADA/USDT:USDT,0.8258,383.0,0.8261,1020.0,0.8258,288922.01,
1753504669219,04:37:49.219,binance,ADA/USDT:USDT,,,,,0.8264,851135922.0,681263602.0771
1753504669219,04:37:49.219,binanceusdm,ADA/USDT:USDT,,,,,0.8264,851135922.0,681263602.0771
1753504670153,04:37:50.153,bitmart,ADA/USDT:USDT,0.8263,8213.0,0.8264,26108.0,0.8264,,156167144.0
1753504670198,04:37:50.198,bybit,ADA/USDT:USDT,0.8265,5467.0,0.8266,13352.0,0.8266,456102127.0,364732235.8538
1753504670298,04:37:50.298,bybit,ADA/USDT:USDT,0.8265,6867.0,0.8266,8240.0,0.8266,456102127.0,364732235.8538
1753504637712,04:37:17.712,blofin,ADA/USDT:USDT,0.8259,373.0,0.8261,2.0,0.8258,288922.01,
1753504670597,04:37:50.597,bybit,ADA/USDT:USDT,0.8265,6867.0,0.8266,8240.0,0.8266,456102127.0,364732235.8538
1753504670697,04:37:50.697,bybit,ADA/USDT:USDT,0.8265,6867.0,0.8266,8245.0,0.8266,456102127.0,364732235.8538
1753504670684,04:37:50.684,bitget,ADA/USDT:USDT,0.8264,122178.0,0.8265,911.0,0.8266,277384086.0,222140060.3988
1753504664503,04:37:44.503,mexc,ADA/USDT:USDT,,,,,0.8264,813745780.0,650606050.4039
1753504670998,04:37:50.998,bybit,ADA/USDT:USDT,0.8265,6867.0,0.8266,4560.0,0.8266,456102127.0,364732235.8538
1753504671097,04:37:51.097,bybit,ADA/USDT:USDT,0.8265,6867.0,0.8266,3835.0,0.8266,456102127.0,364732235.8538
1753504637712,04:37:17.712,blofin,ADA/USDT:USDT,0.8259,373.0,0.8261,2.0,0.8258,288922.01,
1753504671193,04:37:51.193,bitmart,ADA/USDT:USDT,0.8263,14397.0,0.8264,32173.0,0.8263,,156167284.0
1753504671198,04:37:51.198,bybit,ADA/USDT:USDT,0.8265,7490.0,0.8266,3835.0,0.8266,456102127.0,364732235.8538
1753504671298,04:37:51.298,bybit,ADA/USDT:USDT,0.8265,6867.0,0.8266,3835.0,0.8266,456102127.0,364732235.8538
1753504671063,04:37:51.063,blofin,ADA/USDT:USDT,0.8258,393.0,0.8261,915.0,0.8261,288924.45,
1753504671561,04:37:51.561,bitget,ADA/USDT:USDT,0.8264,122178.0,0.8265,911.0,0.8266,277384086.0,222140060.3988
1753504671598,04:37:51.598,bybit,ADA/USDT:USDT,0.8265,12367.0,0.8266,3835.0,0.8266,456102127.0,364732235.8538
1753504671697,04:37:51.697,bybit,ADA/USDT:USDT,0.8265,12367.0,0.8266,3848.0,0.8266,456102127.0,364732235.8538
1753504671797,04:37:51.797,bybit,ADA/USDT:USDT,0.8266,30596.0,0.8267,407.0,0.8266,456104016.0,364733797.3012
1753504671898,04:37:51.898,bybit,ADA/USDT:USDT,0.8266,28392.0,0.8267,817.0,0.8266,456104016.0,364733797.3012
1753504671902,04:37:51.902,bitget,ADA/USDT:USDT,0.8266,11656.0,0.8267,20007.0,0.8266,277384086.0,222140060.3988
1753504670630,04:37:50.630,xt,ADA/USDT:USDT,,,,,0.8264,,36134704.0
1753504671998,04:37:51.998,bybit,ADA/USDT:USDT,0.8266,24877.0,0.8267,2611.0,0.8267,456104058.0,364733832.0226
1753504671063,04:37:51.063,blofin,ADA/USDT:USDT,0.8258,395.0,0.8261,915.56,0.8261,288924.45,
1753504672097,04:37:52.097,bybit,ADA/USDT:USDT,0.8266,24877.0,0.8267,2611.0,0.8267,456104058.0,364733832.0226
1753504671742,04:37:51.742,binance,ADA/USDT:USDT,,,,,0.8264,851151697.0,681276638.5371
1753504671742,04:37:51.742,binanceusdm,ADA/USDT:USDT,,,,,0.8264,851151697.0,681276638.5371
1753504672205,04:37:52.205,bitmart,ADA/USDT:USDT,0.8263,27125.0,0.8265,4465.0,0.8263,,156167444.0
1753504672216,04:37:52.216,phemex,ADA/USDT:USDT,,,,,0.8262,15924553.08,12774711.097155
1753504672297,04:37:52.297,bybit,ADA/USDT:USDT,0.8266,24877.0,0.8267,2793.0,0.8267,456104058.0,364733832.0226
1753504672272,04:37:52.272,bitget,ADA/USDT:USDT,0.8266,41225.0,0.8267,35226.0,0.8266,277384086.0,222140060.3988
1753504672398,04:37:52.398,bybit,ADA/USDT:USDT,0.8266,24877.0,0.8267,1742.0,0.8267,456104158.0,364733914.6926
1753504672498,04:37:52.498,bybit,ADA/USDT:USDT,0.8266,24877.0,0.8267,1812.0,0.8267,456104158.0,364733914.6926
1753504671063,04:37:51.063,blofin,ADA/USDT:USDT,0.8258,496.0,0.8261,915.0,0.8261,288924.45,
1753504672598,04:37:52.598,bybit,ADA/USDT:USDT,0.8266,24881.0,0.8267,1812.0,0.8267,456104158.0,364733914.6926
1753504672606,04:37:52.606,bitget,ADA/USDT:USDT,0.8266,41225.0,0.8267,35226.0,0.8266,277384086.0,222140060.3988
1753504672698,04:37:52.698,bybit,ADA/USDT:USDT,0.8266,24881.0,0.8267,1972.0,0.8267,456104158.0,364733914.6926
1753504672927,04:37:52.927,bitget,ADA/USDT:USDT,0.8266,57788.0,0.8267,33548.0,0.8266,277384086.0,222140060.3988
1753504672997,04:37:52.997,bybit,ADA/USDT:USDT,0.8266,24881.0,0.8267,1963.0,0.8267,456104158.0,364733914.6926
1753504672501,04:37:52.501,mexc,ADA/USDT:USDT,,,,,0.8265,813745871.0,650606125.6154
1753504671063,04:37:51.063,blofin,ADA/USDT:USDT,0.8258,739.0,0.8261,834.0,0.8261,288924.45,
1753504673256,04:37:53.256,bitmart,ADA/USDT:USDT,0.8264,26591.0,0.8265,1497.0,0.8265,,156169222.0
1753504673397,04:37:53.397,bybit,ADA/USDT:USDT,0.8266,21175.0,0.8267,2983.0,0.8267,456104158.0,364733914.6926
1753504671063,04:37:51.063,blofin,ADA/USDT:USDT,0.8258,739.0,0.8261,834.0,0.8261,288924.45,
1753504673652,04:37:53.652,bitget,ADA/USDT:USDT,0.8266,57788.0,0.8267,35998.0,0.8266,277384086.0,222140060.3988
1753504673798,04:37:53.798,bybit,ADA/USDT:USDT,0.8266,21175.0,0.8267,2947.0,0.8267,456104158.0,364733914.6926
1753504673998,04:37:53.998,bybit,ADA/USDT:USDT,0.8266,21175.0,0.8267,4792.0,0.8267,456105004.0,364734614.0808
1753504673970,04:37:53.970,bitget,ADA/USDT:USDT,0.8266,57788.0,0.8267,35998.0,0.8266,277384086.0,222140060.3988
1753504671063,04:37:51.063,blofin,ADA/USDT:USDT,0.8258,739.0,0.8261,834.0,0.8261,288924.45,
1753504674098,04:37:54.098,bybit,ADA/USDT:USDT,0.8266,21175.0,0.8267,2319.0,0.8267,456105004.0,364734614.0808
1753504673173,04:37:53.173,binance,ADA/USDT:USDT,,,,,0.8265,851152564.0,681277355.1126
1753504673173,04:37:53.173,binanceusdm,ADA/USDT:USDT,,,,,0.8265,851152564.0,681277355.1126
1753504674189,04:37:54.189,bitmart,ADA/USDT:USDT,0.8264,26591.0,0.8265,9034.0,0.8265,,156169458.0
1753504674276,04:37:54.276,bitget,ADA/USDT:USDT,0.8266,57788.0,0.8267,35155.0,0.8266,277384086.0,222140060.3988
1753504671063,04:37:51.063,blofin,ADA/USDT:USDT,0.8258,773.0,0.8261,833.0,0.8261,288924.45,
1753504674498,04:37:54.498,bybit,ADA/USDT:USDT,0.8266,21175.0,0.8267,2113.0,0.8267,456105004.0,364734614.0808
1753504674598,04:37:54.598,bybit,ADA/USDT:USDT,0.8267,24528.0,0.8268,1253.0,0.8267,456106326.0,364735706.9782
1753504674697,04:37:54.697,bybit,ADA/USDT:USDT,0.8267,22901.0,0.8268,5962.0,0.8267,456106326.0,364735706.9782
1753504674706,04:37:54.706,bitget,ADA/USDT:USDT,0.8266,78172.0,0.8268,847.0,0.8266,277384086.0,222140060.3988
1753504674798,04:37:54.798,bybit,ADA/USDT:USDT,0.8267,16391.0,0.8268,6450.0,0.8267,456106326.0,364735706.9782
1753504674898,04:37:54.898,bybit,ADA/USDT:USDT,0.8267,5356.0,0.8268,13281.0,0.8267,456106326.0,364735706.9782
1753504674048,04:37:54.048,xt,ADA/USDT:USDT,,,,,0.8265,,36135538.0
1753504674998,04:37:54.998,bybit,ADA/USDT:USDT,0.8267,1496.0,0.8268,13900.0,0.8267,456106326.0,364735706.9782
1753504675197,04:37:55.197,bybit,ADA/USDT:USDT,0.8267,1496.0,0.8268,13281.0,0.8267,456106326.0,364735706.9782
1753504675211,04:37:55.211,bitmart,ADA/USDT:USDT,0.8265,6791.0,0.8266,21429.0,0.8265,,156169656.0
1753504675298,04:37:55.298,bybit,ADA/USDT:USDT,0.8267,1496.0,0.8268,12662.0,0.8267,456106326.0,364735706.9782
1753504675296,04:37:55.296,bitget,ADA/USDT:USDT,0.8267,69376.0,0.8268,34813.0,0.8266,277384086.0,222140060.3988
1753504675397,04:37:55.397,bybit,ADA/USDT:USDT,0.8267,1928.0,0.8268,10062.0,0.8267,456106326.0,364735706.9782
1753504674501,04:37:54.501,mexc,ADA/USDT:USDT,,,,,0.8265,813745872.0,650606126.4419
1753504671063,04:37:51.063,blofin,ADA/USDT:USDT,0.8259,1132.0,0.8261,1.0,0.8261,288924.45,
1753504675497,04:37:55.497,bybit,ADA/USDT:USDT,0.8267,3183.0,0.8268,15950.0,0.8267,456106326.0,364735706.9782
1753504675611,04:37:55.611,bitget,ADA/USDT:USDT,0.8267,15689.0,0.8268,75848.0,0.8266,277384086.0,222140060.3988
1753504675955,04:37:55.955,bitget,ADA/USDT:USDT,0.8267,15689.0,0.8268,75848.0,0.8266,277384086.0,222140060.3988
1753504675997,04:37:55.997,bybit,ADA/USDT:USDT,0.8266,37560.0,0.8267,541.0,0.8267,456106423.0,364735787.1681
1753504671063,04:37:51.063,blofin,ADA/USDT:USDT,0.8259,846.0,0.8262,427.0,0.8261,288924.45,
1753504676097,04:37:56.097,bybit,ADA/USDT:USDT,0.8266,15325.0,0.8267,2649.0,0.8267,456106423.0,364735787.1681
1753504675395,04:37:55.395,binance,ADA/USDT:USDT,,,,,0.8265,851181349.0,681301146.3661
1753504675395,04:37:55.395,binanceusdm,ADA/USDT:USDT,,,,,0.8265,851181349.0,681301146.3661
1753504676204,04:37:56.204,bitmart,ADA/USDT:USDT,0.8265,6791.0,0.8266,21429.0,0.8266,,156175356.0
1753504676277,04:37:56.277,bitget,ADA/USDT:USDT,0.8267,15689.0,0.8268,75848.0,0.8266,277384086.0,222140060.3988
1753504671063,04:37:51.063,blofin,ADA/USDT:USDT,0.8259,846.0,0.8262,427.0,0.8261,288924.45,
1753504676497,04:37:56.497,bybit,ADA/USDT:USDT,0.8266,20818.0,0.8267,2143.0,0.8267,456106423.0,364735787.1681
1753504676601,04:37:56.601,bitget,ADA/USDT:USDT,0.8266,48871.0,0.8267,24204.0,0.8266,277384086.0,222140060.3988
1753504676974,04:37:56.974,bitget,ADA/USDT:USDT,0.8266,48871.0,0.8267,24204.0,0.8266,277384086.0,222140060.3988
1753504671063,04:37:51.063,blofin,ADA/USDT:USDT,0.8259,847.0,0.8262,428.0,0.8261,288924.45,
1753504677097,04:37:57.097,bybit,ADA/USDT:USDT,0.8266,20818.0,0.8267,329.0,0.8267,456106423.0,364735787.1681
1753504677278,04:37:57.278,bitmart,ADA/USDT:USDT,0.8265,5585.0,0.8266,23920.0,0.8265,,156175594.0
1753504671063,04:37:51.063,blofin,ADA/USDT:USDT,0.8259,855.0,0.8262,456.0,0.8261,288924.45,
1753504677498,04:37:57.498,bybit,ADA/USDT:USDT,0.8266,20818.0,0.8267,324.0,0.8267,456106423.0,364735787.1681
1753504677468,04:37:57.468,bitget,ADA/USDT:USDT,0.8266,83434.0,0.8267,21228.0,0.8266,277384086.0,222140060.3988
1753504677597,04:37:57.597,bybit,ADA/USDT:USDT,0.8266,20818.0,0.8267,344.0,0.8267,456106423.0,364735787.1681
1753504676503,04:37:56.503,mexc,ADA/USDT:USDT,,,,,0.8265,813745873.0,650606127.2684
1753504677697,04:37:57.697,bybit,ADA/USDT:USDT,0.8266,15318.0,0.8267,344.0,0.8267,456106423.0,364735787.1681
1753504677898,04:37:57.898,bybit,ADA/USDT:USDT,0.8266,16518.0,0.8267,344.0,0.8267,456106423.0,364735787.1681
1753504676716,04:37:56.716,xt,ADA/USDT:USDT,,,,,0.8265,,36136981.0
1753504677998,04:37:57.998,bybit,ADA/USDT:USDT,0.8266,15918.0,0.8267,344.0,0.8267,456106423.0,364735787.1681
1753504678155,04:37:58.155,bitmart,ADA/USDT:USDT,0.8265,5585.0,0.8266,23920.0,0.8265,,156175594.0
1753504677805,04:37:57.805,binance,ADA/USDT:USDT,,,,,0.8266,851182349.0,681301972.9661
1753504677805,04:37:57.805,binanceusdm,ADA/USDT:USDT,,,,,0.8266,851182349.0,681301972.9661
1753504678197,04:37:58.197,bybit,ADA/USDT:USDT,0.8266,17727.0,0.8267,324.0,0.8267,456106443.0,364735803.7021
1753504678228,04:37:58.228,bitget,ADA/USDT:USDT,0.8266,65434.0,0.8267,27604.0,0.8266,277384086.0,222140060.3988
1753504678397,04:37:58.397,bybit,ADA/USDT:USDT,0.8266,16498.0,0.8267,324.0,0.8266,456106463.0,364735820.2341
1753504678497,04:37:58.497,bybit,ADA/USDT:USDT,0.8266,21998.0,0.8267,331.0,0.8266,456106463.0,364735820.2341
1753504671063,04:37:51.063,blofin,ADA/USDT:USDT,0.8259,820.0,0.8262,458.0,0.8261,288924.45,
1753504678638,04:37:58.638,bitget,ADA/USDT:USDT,0.8266,65434.0,0.8267,18911.0,0.8266,277384086.0,222140060.3988
1753504678698,04:37:58.698,bybit,ADA/USDT:USDT,0.8266,20798.0,0.8267,331.0,0.8266,456106463.0,364735820.2341
1753504678798,04:37:58.798,bybit,ADA/USDT:USDT,0.8266,21964.0,0.8267,331.0,0.8266,456106463.0,364735820.2341
1753504678945,04:37:58.945,bitget,ADA/USDT:USDT,0.8266,65434.0,0.8267,911.0,0.8266,277384086.0,222140060.3988
1753504678997,04:37:58.997,bybit,ADA/USDT:USDT,0.8266,21393.0,0.8267,331.0,0.8266,456106463.0,364735820.2341
1753504679098,04:37:59.098,bybit,ADA/USDT:USDT,0.8266,20798.0,0.8267,331.0,0.8266,456106463.0,364735820.2341
1753504671063,04:37:51.063,blofin,ADA/USDT:USDT,0.8259,823.0,0.8262,459.0,0.8261,288924.45,
1753504679155,04:37:59.155,bitmart,ADA/USDT:USDT,0.8265,19865.0,0.8266,14050.0,0.8266,,156176276.0
1753504679198,04:37:59.198,bybit,ADA/USDT:USDT,0.8266,20823.0,0.8267,331.0,0.8266,456106463.0,364735820.2341
1753504679297,04:37:59.297,bybit,ADA/USDT:USDT,0.8266,21964.0,0.8267,331.0,0.8266,456106463.0,364735820.2341
1753504679296,04:37:59.296,bitget,ADA/USDT:USDT,0.8267,42899.0,0.8268,50083.0,0.8266,277384086.0,222140060.3988
1753504679497,04:37:59.497,bybit,ADA/USDT:USDT,0.8267,36091.0,0.8268,259.0,0.8267,456106794.0,364736093.8718
1753504671063,04:37:51.063,blofin,ADA/USDT:USDT,0.8259,823.0,0.8262,463.0,0.8261,288924.45,
1753504679597,04:37:59.597,bybit,ADA/USDT:USDT,0.8267,35527.0,0.8268,319.0,0.8267,456106794.0,364736093.8718
1753504679697,04:37:59.697,bybit,ADA/USDT:USDT,0.8267,36091.0,0.8268,931.0,0.8267,456106463.0,364735820.2341
1753504679672,04:37:59.672,bitget,ADA/USDT:USDT,0.8267,51355.0,0.8268,22138.0,0.8268,277384086.0,222140060.3988
1753504679797,04:37:59.797,bybit,ADA/USDT:USDT,0.8267,34957.0,0.8268,1331.0,0.8267,456106463.0,364735820.2341
1753504678513,04:37:58.513,mexc,ADA/USDT:USDT,,,,,0.8265,813745873.0,650606127.2684
1753504679983,04:37:59.983,bitget,ADA/USDT:USDT,0.8267,51355.0,0.8268,22138.0,0.8268,277384086.0,222140060.3988
1753504671063,04:37:51.063,blofin,ADA/USDT:USDT,0.8259,823.0,0.8262,463.0,0.8261,288924.45,
1753504680097,04:38:00.097,bybit,ADA/USDT:USDT,0.8267,35521.0,0.8268,1331.0,0.8267,456106463.0,364735820.2341
1753504680051,04:38:00.051,binance,ADA/USDT:USDT,,,,,0.8266,850584355.0,680820247.3201
1753504680051,04:38:00.051,binanceusdm,ADA/USDT:USDT,,,,,0.8266,850584355.0,680820247.3201
1753504680173,04:38:00.173,bitmart,ADA/USDT:USDT,0.8265,19865.0,0.8266,3618.0,0.8265,,156176634.0
1753504680197,04:38:00.197,bybit,ADA/USDT:USDT,0.8267,35521.0,0.8268,1331.0,0.8267,456106463.0,364735820.2341
1753504680298,04:38:00.298,bybit,ADA/USDT:USDT,0.8267,34957.0,0.8268,1441.0,0.8267,456106463.0,364735820.2341
1753504680336,04:38:00.336,bitget,ADA/USDT:USDT,0.8267,69355.0,0.8268,23652.0,0.8268,277384086.0,222140060.3988
1753504680498,04:38:00.498,bybit,ADA/USDT:USDT,0.8267,34957.0,0.8268,1434.0,0.8267,456106463.0,364735820.2341
1753504671063,04:37:51.063,blofin,ADA/USDT:USDT,0.826,821.0,0.8262,1.0,0.8261,288924.45,
1753504680705,04:38:00.705,bitget,ADA/USDT:USDT,0.8267,42899.0,0.8268,25116.0,0.8268,277228692.0,222014871.568
1753504680072,04:38:00.072,xt,ADA/USDT:USDT,,,,,0.8266,,36107065.0
1753504681097,04:38:01.097,bybit,ADA/USDT:USDT,0.8267,16409.0,0.8268,4125.0,0.8267,456106463.0,364735820.2341
1753504681197,04:38:01.197,bybit,ADA/USDT:USDT,0.8267,5282.0,0.8268,4173.0,0.8267,456106463.0,364735820.2341
1753504681229,04:38:01.229,phemex,ADA/USDT:USDT,,,,,0.8263,15926469.79,12776294.874059
1753504681272,04:38:01.272,gateio,ADA/USDT:USDT,,,,,0.8262,106532060.0,88016786.0
1753504681280,04:38:01.280,bitmart,ADA/USDT:USDT,0.8265,22541.0,0.8266,22148.0,0.8265,,156087484.0
1753504681415,04:38:01.415,gate,ADA/USDT:USDT,,,,,0.8262,106612060.0,88082882.0
1753504681497,04:38:01.497,bybit,ADA/USDT:USDT,0.8267,1496.0,0.8268,11809.0,0.8267,456106463.0,364735820.2341
1753504681464,04:38:01.464,bitget,ADA/USDT:USDT,0.8267,42899.0,0.8268,44715.0,0.8268,277228714.0,222014889.7576
1753504681597,04:38:01.597,bybit,ADA/USDT:USDT,0.8267,1496.0,0.8268,11245.0,0.8267,456106463.0,364735820.2341
1753504671063,04:37:51.063,blofin,ADA/USDT:USDT,0.826,3.0,0.8262,83.0,0.8261,288924.45,
1753504681697,04:38:01.697,bybit,ADA/USDT:USDT,0.8267,1496.0,0.8268,10681.0,0.8267,456106463.0,364735820.2341
1753504681797,04:38:01.797,bybit,ADA/USDT:USDT,0.8267,2754.0,0.8268,10681.0,0.8267,456106463.0,364735820.2341
1753504681998,04:38:01.998,bybit,ADA/USDT:USDT,0.8267,3716.0,0.8268,10681.0,0.8267,456106463.0,364735820.2341
1753504682097,04:38:02.097,bybit,ADA/USDT:USDT,0.8267,3716.0,0.8268,5011.0,0.8267,456106463.0,364735820.2341
1753504671063,04:37:51.063,blofin,ADA/USDT:USDT,0.826,3.0,0.8262,83.0,0.8261,288924.45,
1753504680583,04:38:00.583,binance,ADA/USDT:USDT,,,,,0.8265,850584725.0,680820553.1251
1753504680583,04:38:00.583,binanceusdm,ADA/USDT:USDT,,,,,0.8265,850584725.0,680820553.1251
1753504682178,04:38:02.178,bitmart,ADA/USDT:USDT,0.8265,22541.0,0.8266,22148.0,0.8265,,156087870.0
1753504682197,04:38:02.197,bybit,ADA/USDT:USDT,0.8267,3716.0,0.8268,5187.0,0.8267,456106463.0,364735820.2341
1753504682297,04:38:02.297,bybit,ADA/USDT:USDT,0.8267,5116.0,0.8268,5187.0,0.8267,456106463.0,364735820.2341
1753504682397,04:38:02.397,bybit,ADA/USDT:USDT,0.8267,2754.0,0.8268,7287.0,0.8267,456106463.0,364735820.2341
1753504678513,04:37:58.513,mexc,ADA/USDT:USDT,,,,,0.8265,813745873.0,650606127.2684
1753504682458,04:38:02.458,bitget,ADA/USDT:USDT,0.8267,42899.0,0.8268,44715.0,0.8268,277384086.0,222140060.3988
1753504682497,04:38:02.497,bybit,ADA/USDT:USDT,0.8266,8012.0,0.8267,110.0,0.8267,456106463.0,364735820.2341
1753504671063,04:37:51.063,blofin,ADA/USDT:USDT,0.826,3.0,0.8262,82.0,0.8261,288924.45,
1753504682597,04:38:02.597,bybit,ADA/USDT:USDT,0.8266,12039.0,0.8267,110.0,0.8267,456106463.0,364735820.2341
1753504682797,04:38:02.797,bybit,ADA/USDT:USDT,0.8266,8013.0,0.8267,110.0,0.8267,456106463.0,364735820.2341
1753504682898,04:38:02.898,bybit,ADA/USDT:USDT,0.8266,8577.0,0.8267,295.0,0.8267,456106463.0,364735820.2341
1753504682998,04:38:02.998,bybit,ADA/USDT:USDT,0.8266,8013.0,0.8267,295.0,0.8267,456106463.0,364735820.2341
1753504671063,04:37:51.063,blofin,ADA/USDT:USDT,0.826,3.0,0.8262,85.0,0.8261,288924.45,
1753504683066,04:38:03.066,bitget,ADA/USDT:USDT,0.8267,42899.0,0.8268,44715.0,0.8268,277228714.0,222014889.7576
1753504683214,04:38:03.214,bitmart,ADA/USDT:USDT,0.8264,23327.0,0.8266,954.0,0.8265,,156089272.0
1753504683397,04:38:03.397,bybit,ADA/USDT:USDT,0.8266,13013.0,0.8267,295.0,0.8267,456106463.0,364735820.2341
1753504683413,04:38:03.413,bitget,ADA/USDT:USDT,0.8267,16913.0,0.8268,44715.0,0.8268,277228714.0,222014889.7576
1753504671063,04:37:51.063,blofin,ADA/USDT:USDT,0.8259,1156.0,0.8262,169.0,0.8261,288924.45,
1753504683597,04:38:03.597,bybit,ADA/USDT:USDT,0.8266,8013.0,0.8267,295.0,0.8267,456106463.0,364735820.2341
1753504683698,04:38:03.698,bybit,ADA/USDT:USDT,0.8266,8013.0,0.8267,367.0,0.8267,456106463.0,364735820.2341
1753504683797,04:38:03.797,bybit,ADA/USDT:USDT,0.8266,1566.0,0.8267,15783.0,0.8267,456106463.0,364735820.2341
1753504683768,04:38:03.768,bitget,ADA/USDT:USDT,0.8267,16913.0,0.8268,44715.0,0.8268,277384086.0,222140060.3988
1753504683897,04:38:03.897,bybit,ADA/USDT:USDT,0.8265,1735.0,0.8266,30499.0,0.8266,456106532.0,364735877.2695
1753504682478,04:38:02.478,xt,ADA/USDT:USDT,,,,,0.8266,,36107089.0
1753504671063,04:37:51.063,blofin,ADA/USDT:USDT,0.8259,893.0,0.8262,91.0,0.8261,288924.45,
1753504684097,04:38:04.097,bybit,ADA/USDT:USDT,0.8265,1654.0,0.8266,30734.0,0.8265,456106613.0,364735944.216
1753504683960,04:38:03.960,binance,ADA/USDT:USDT,,,,,0.8264,850651757.0,680875954.4697
1753504683960,04:38:03.960,binanceusdm,ADA/USDT:USDT,,,,,0.8264,850651757.0,680875954.4697
1753504684197,04:38:04.197,bybit,ADA/USDT:USDT,0.8265,1856.0,0.8266,30588.0,0.8265,456106613.0,364735944.216
1753504684199,04:38:04.199,bitmart,ADA/USDT:USDT,0.8263,6539.0,0.8265,22799.0,0.8265,,156093188.0
1753504684263,04:38:04.263,gateio,ADA/USDT:USDT,,,,,0.8262,106532060.0,88016786.0
1753504684298,04:38:04.298,bybit,ADA/USDT:USDT,0.8265,1856.0,0.8266,30058.0,0.8265,456106613.0,364735944.216
1753504684364,04:38:04.364,bitget,ADA/USDT:USDT,0.8265,33689.0,0.8266,70482.0,0.8265,277228714.0,222014889.7576
1753504684399,04:38:04.399,bybit,ADA/USDT:USDT,0.8265,1856.0,0.8266,25033.0,0.8265,456106613.0,364735944.216
1753504684407,04:38:04.407,gate,ADA/USDT:USDT,,,,,0.8262,106612060.0,88082882.0
1753504684497,04:38:04.497,bybit,ADA/USDT:USDT,0.8265,2081.0,0.8266,24983.0,0.8266,456106663.0,364735985.546
1753504671063,04:37:51.063,blofin,ADA/USDT:USDT,0.8259,893.0,0.8262,91.0,0.8261,288924.45,
1753504684597,04:38:04.597,bybit,ADA/USDT:USDT,0.8264,2318.0,0.8265,41847.0,0.8265,456107023.0,364736283.086
1753504684698,04:38:04.698,bybit,ADA/USDT:USDT,0.8264,1769.0,0.8265,38851.0,0.8265,456107023.0,364736283.086
1753504682505,04:38:02.505,mexc,ADA/USDT:USDT,,,,,0.8266,813746249.0,650606438.07
1753504684797,04:38:04.797,bybit,ADA/USDT:USDT,0.8264,5474.0,0.8265,33809.0,0.8265,456107023.0,364736283.086
1753504684814,04:38:04.814,bitget,ADA/USDT:USDT,0.8264,25970.0,0.8265,27431.0,0.8264,277230170.0,222016093.1092
1753504684897,04:38:04.897,bybit,ADA/USDT:USDT,0.8264,10050.0,0.8265,6924.0,0.8265,456107023.0,364736283.086
1753504684997,04:38:04.997,bybit,ADA/USDT:USDT,0.8264,10050.0,0.8265,5916.0,0.8265,456107023.0,364736283.086
1753504685097,04:38:05.097,bybit,ADA/USDT:USDT,0.8264,8142.0,0.8265,6924.0,0.8265,456107023.0,364736283.086
1753504671063,04:37:51.063,blofin,ADA/USDT:USDT,0.8259,3.0,0.8261,620.0,0.8261,288924.45,
1753504685272,04:38:05.272,gateio,ADA/USDT:USDT,,,,,0.8262,106532060.0,88016786.0
1753504685279,04:38:05.279,bitmart,ADA/USDT:USDT,0.8262,21847.0,0.8264,4081.0,0.8263,,156097066.0
1753504685297,04:38:05.297,bybit,ADA/USDT:USDT,0.8264,8074.0,0.8265,6924.0,0.8265,456107023.0,364736283.086
1753504685414,04:38:05.414,gate,ADA/USDT:USDT,,,,,0.8262,106612060.0,88082882.0
1753504685497,04:38:05.497,bybit,ADA/USDT:USDT,0.8264,8067.0,0.8265,6924.0,0.8265,456107023.0,364736283.086
1753504671063,04:37:51.063,blofin,ADA/USDT:USDT,0.8259,3.0,0.8261,1193.0,0.8261,288924.45,
1753504685697,04:38:05.697,bybit,ADA/USDT:USDT,0.8264,6121.0,0.8265,7783.0,0.8265,456107023.0,364736283.086
1753504685758,04:38:05.758,bitget,ADA/USDT:USDT,0.8264,46116.0,0.8265,27329.0,0.8264,277228692.0,222014871.568
1753504685798,04:38:05.798,bybit,ADA/USDT:USDT,0.8264,11239.0,0.8265,875.0,0.8265,456107023.0,364736283.086
1753504685898,04:38:05.898,bybit,ADA/USDT:USDT,0.8264,15722.0,0.8265,3566.0,0.8265,456107023.0,364736283.086
1753504685998,04:38:05.998,bybit,ADA/USDT:USDT,0.8264,10222.0,0.8265,3614.0,0.8265,456107023.0,364736283.086
1753504671063,04:37:51.063,blofin,ADA/USDT:USDT,0.8259,3.0,0.826,330.0,0.8261,288924.45,
1753504686154,04:38:06.154,bitmart,ADA/USDT:USDT,0.8262,21847.0,0.8263,1490.0,0.8262,,156097306.0
1753504684742,04:38:04.742,binance,ADA/USDT:USDT,,,,,0.8262,850659951.0,680882725.3913
1753504684742,04:38:04.742,binanceusdm,ADA/USDT:USDT,,,,,0.8262,850659951.0,680882725.3913
1753504686260,04:38:06.260,gateio,ADA/USDT:USDT,,,,,0.8262,106532060.0,88016786.0
1753504686297,04:38:06.297,bybit,ADA/USDT:USDT,0.8264,10222.0,0.8265,4622.0,0.8265,456107023.0,364736283.086
1753504686397,04:38:06.397,bybit,ADA/USDT:USDT,0.8264,7622.0,0.8265,4622.0,0.8265,456107023.0,364736283.086
1753504686413,04:38:06.413,gate,ADA/USDT:USDT,,,,,0.8262,106612060.0,88082882.0
1753504686420,04:38:06.420,bitget,ADA/USDT:USDT,0.8264,46116.0,0.8265,21295.0,0.8264,277230170.0,222016093.1092
1753504686497,04:38:06.497,bybit,ADA/USDT:USDT,0.8264,7622.0,0.8265,4866.0,0.8265,456107023.0,364736283.086
1753504671063,04:37:51.063,blofin,ADA/USDT:USDT,0.8259,3.0,0.826,330.0,0.8261,288924.45,
1753504686697,04:38:06.697,bybit,ADA/USDT:USDT,0.8264,6121.0,0.8265,13282.0,0.8265,456107023.0,364736283.086
1753504686746,04:38:06.746,bitget,ADA/USDT:USDT,0.8264,20105.0,0.8265,27829.0,0.8264,277230170.0,222016093.1092
1753504686798,04:38:06.798,bybit,ADA/USDT:USDT,0.8264,6121.0,0.8265,13811.0,0.8265,456107023.0,364736283.086
1753504686897,04:38:06.897,bybit,ADA/USDT:USDT,0.8264,6121.0,0.8265,7427.0,0.8265,456107023.0,364736283.086
1753504685739,04:38:05.739,xt,ADA/USDT:USDT,,,,,0.8262,,36110456.0
1753504686566,04:38:06.566,mexc,ADA/USDT:USDT,,,,,0.8263,813749623.0,650609226.4379
1753504671063,04:37:51.063,blofin,ADA/USDT:USDT,0.8259,3.0,0.826,350.0,0.8261,288924.45,
1753504687145,04:38:07.145,bitget,ADA/USDT:USDT,0.8264,61771.0,0.8265,45829.0,0.8264,277228714.0,222014889.7576
1753504687198,04:38:07.198,bybit,ADA/USDT:USDT,0.8264,8721.0,0.8265,7936.0,0.8265,456107023.0,364736283.086
1753504687268,04:38:07.268,bitmart,ADA/USDT:USDT,0.8262,12269.0,0.8263,17075.0,0.8262,,156097448.0
1753504687398,04:38:07.398,bybit,ADA/USDT:USDT,0.8264,6121.0,0.8265,7936.0,0.8265,456107023.0,364736283.086
1753504687550,04:38:07.550,bitget,ADA/USDT:USDT,0.8264,61771.0,0.8265,45829.0,0.8264,277230170.0,222016093.1092
1753504671063,04:37:51.063,blofin,ADA/USDT:USDT,0.8259,3.0,0.826,350.0,0.8261,288924.45,
1753504687871,04:38:07.871,bitget,ADA/USDT:USDT,0.8264,39771.0,0.8265,45829.0,0.8264,277228714.0,222014889.7576
1753504688097,04:38:08.097,bybit,ADA/USDT:USDT,0.8264,8733.0,0.8265,7936.0,0.8265,456107023.0,364736283.086
1753504686214,04:38:06.214,binance,ADA/USDT:USDT,,,,,0.8262,850660086.0,680882836.9283
1753504686214,04:38:06.214,binanceusdm,ADA/USDT:USDT,,,,,0.8262,850660086.0,680882836.9283
1753504688198,04:38:08.198,bybit,ADA/USDT:USDT,0.8264,8733.0,0.8265,7427.0,0.8265,456107023.0,364736283.086
1753504688246,04:38:08.246,bitmart,ADA/USDT:USDT,0.8262,18867.0,0.8263,24529.0,0.8262,,156097634.0
1753504688297,04:38:08.297,bybit,ADA/USDT:USDT,0.8264,8733.0,0.8265,7444.0,0.8265,456107023.0,364736283.086
1753504688288,04:38:08.288,bitget,ADA/USDT:USDT,0.8264,36271.0,0.8265,52329.0,0.8264,277230170.0,222016093.1092
1753504671063,04:37:51.063,blofin,ADA/USDT:USDT,0.8259,3.0,0.826,4.0,0.8261,288924.45,
1753504688597,04:38:08.597,bybit,ADA/USDT:USDT,0.8264,8733.0,0.8265,3899.0,0.8265,456107023.0,364736283.086
1753504688638,04:38:08.638,bitget,ADA/USDT:USDT,0.8264,36271.0,0.8265,52329.0,0.8264,277230170.0,222016093.1092
1753504688698,04:38:08.698,bybit,ADA/USDT:USDT,0.8265,5021.0,0.8266,17673.0,0.8266,456110401.0,364739075.22
1753504688797,04:38:08.797,bybit,ADA/USDT:USDT,0.8265,5021.0,0.8266,18285.0,0.8266,456110401.0,364739075.22
1753504688898,04:38:08.898,bybit,ADA/USDT:USDT,0.8265,5021.0,0.8266,18092.0,0.8266,456110401.0,364739075.22
1753504688954,04:38:08.954,bitget,ADA/USDT:USDT,0.8264,36271.0,0.8265,52329.0,0.8264,277230170.0,222016093.1092
1753504688998,04:38:08.998,bybit,ADA/USDT:USDT,0.8265,5021.0,0.8266,18492.0,0.8266,456110401.0,364739075.22
1753504688579,04:38:08.579,blofin,ADA/USDT:USDT,0.8259,3.0,0.8261,567.0,0.8261,288744.45,
1753504689097,04:38:09.097,bybit,ADA/USDT:USDT,0.8265,2334.0,0.8266,18492.0,0.8266,456110401.0,364739075.22
1753504689148,04:38:09.148,bitmart,ADA/USDT:USDT,0.8262,19543.0,0.8263,2512.0,0.8262,,156097634.0
1753504689197,04:38:09.197,bybit,ADA/USDT:USDT,0.8265,2334.0,0.8266,18492.0,0.8266,456110401.0,364739075.22
1753504689297,04:38:09.297,bybit,ADA/USDT:USDT,0.8265,1278.0,0.8266,19001.0,0.8266,456110401.0,364739075.22
1753504689287,04:38:09.287,bitget,ADA/USDT:USDT,0.8264,61771.0,0.8265,911.0,0.8264,277230170.0,222016093.1092
1753504689397,04:38:09.397,bybit,ADA/USDT:USDT,0.8265,1008.0,0.8266,24501.0,0.8266,456110401.0,364739075.22
1753504686566,04:38:06.566,mexc,ADA/USDT:USDT,,,,,0.8263,813749623.0,650609226.4379
1753504689598,04:38:09.598,bybit,ADA/USDT:USDT,0.8265,1008.0,0.8266,25703.0,0.8266,456110401.0,364739075.22
1753504689698,04:38:09.698,bybit,ADA/USDT:USDT,0.8265,1008.0,0.8266,25704.0,0.8266,456110401.0,364739075.22
1753504689763,04:38:09.763,bitget,ADA/USDT:USDT,0.8264,61771.0,0.8265,1748.0,0.8264,277230170.0,222016093.1092
1753504689797,04:38:09.797,bybit,ADA/USDT:USDT,0.8265,1496.0,0.8266,25704.0,0.8266,456110401.0,364739075.22
1753504689897,04:38:09.897,bybit,ADA/USDT:USDT,0.8265,1496.0,0.8266,26212.0,0.8266,456110401.0,364739075.22
1753504688208,04:38:08.208,xt,ADA/USDT:USDT,,,,,0.8262,,36110468.0
1753504690098,04:38:10.098,bybit,ADA/USDT:USDT,0.8264,10142.0,0.8265,3187.0,0.8266,456110401.0,364739075.22
1753504690135,04:38:10.135,bitget,ADA/USDT:USDT,0.8264,61771.0,0.8265,1748.0,0.8264,277230170.0,222016093.1092
1753504690055,04:38:10.055,binance,ADA/USDT:USDT,,,,,0.8262,850661423.0,680883941.56
1753504690055,04:38:10.055,binanceusdm,ADA/USDT:USDT,,,,,0.8262,850661423.0,680883941.56
1753504690245,04:38:10.245,phemex,ADA/USDT:USDT,,,,,0.8263,15920145.14,12771194.098953
1753504690265,04:38:10.265,bitmart,ADA/USDT:USDT,0.8262,25724.0,0.8263,6629.0,0.8263,,156097802.0
1753504690266,04:38:10.266,gateio,ADA/USDT:USDT,,,,,0.8262,106612060.0,88082882.0
1753504690297,04:38:10.297,bybit,ADA/USDT:USDT,0.8264,6116.0,0.8265,3187.0,0.8266,456110401.0,364739075.22
1753504690398,04:38:10.398,bybit,ADA/USDT:USDT,0.8264,6116.0,0.8265,5878.0,0.8266,456110401.0,364739075.22
1753504690459,04:38:10.459,bitget,ADA/USDT:USDT,0.8264,36271.0,0.8265,50775.0,0.8264,277230170.0,222016093.1092
1753504690498,04:38:10.498,bybit,ADA/USDT:USDT,0.8264,6116.0,0.8265,3187.0,0.8266,456110401.0,364739075.22
1753504688579,04:38:08.579,blofin,ADA/USDT:USDT,0.8259,3.0,0.826,87.0,0.8261,288744.45,
1753504690597,04:38:10.597,bybit,ADA/USDT:USDT,0.8265,31712.0,0.8266,75.0,0.8265,456111774.0,364740210.0045
1753504690697,04:38:10.697,bybit,ADA/USDT:USDT,0.8265,24138.0,0.8266,75.0,0.8265,456111774.0,364740210.0045
1753504690797,04:38:10.797,bybit,ADA/USDT:USDT,0.8265,24138.0,0.8266,185.0,0.8265,456111774.0,364740210.0045
1753504690793,04:38:10.793,bitget,ADA/USDT:USDT,0.8265,87097.0,0.8266,2473.0,0.8265,277230170.0,222016093.1092
1753504690998,04:38:10.998,bybit,ADA/USDT:USDT,0.8265,24138.0,0.8266,185.0,0.8265,456111774.0,364740210.0045
1753504690652,04:38:10.652,blofin,ADA/USDT:USDT,0.8259,210.0,0.826,1.0,0.8259,288754.45,
1753504691097,04:38:11.097,bybit,ADA/USDT:USDT,0.8265,18638.0,0.8266,2487.0,0.8265,456111774.0,364740210.0045
1753504691136,04:38:11.136,bitget,ADA/USDT:USDT,0.8265,80679.0,0.8266,28323.0,0.8265,277230170.0,222016093.1092
1753504691197,04:38:11.197,bybit,ADA/USDT:USDT,0.8265,16699.0,0.8266,5178.0,0.8265,456111774.0,364740210.0045
1753504691263,04:38:11.263,bitmart,ADA/USDT:USDT,0.8262,10977.0,0.8265,23502.0,0.8262,,156097924.0
1753504691266,04:38:11.266,gateio,ADA/USDT:USDT,,,,,0.8261,106612300.0,88072420.0
1753504691397,04:38:11.397,bybit,ADA/USDT:USDT,0.8265,16699.0,0.8266,3364.0,0.8265,456111774.0,364740210.0045
1753504691397,04:38:11.397,gate,ADA/USDT:USDT,,,,,0.8261,106612300.0,88072420.0
1753504691461,04:38:11.461,bitget,ADA/USDT:USDT,0.8265,80679.0,0.8266,28323.0,0.8265,277230170.0,222016093.1092
1753504691497,04:38:11.497,bybit,ADA/USDT:USDT,0.8265,16699.0,0.8266,3365.0,0.8265,456111774.0,364740210.0045
1753504690652,04:38:10.652,blofin,ADA/USDT:USDT,0.8259,210.0,0.826,1.0,0.8259,288754.45,
1753504691597,04:38:11.597,bybit,ADA/USDT:USDT,0.8265,16699.0,0.8266,3358.0,0.8265,456111774.0,364740210.0045
1753504686566,04:38:06.566,mexc,ADA/USDT:USDT,,,,,0.8263,813749623.0,650609226.4379
1753504691697,04:38:11.697,bybit,ADA/USDT:USDT,0.8265,16699.0,0.8266,4440.0,0.8265,456111774.0,364740210.0045
1753504691808,04:38:11.808,kucoinfutures,ADA/USDT:USDT,0.82646,23.0,0.8265,70.0,0.82647,,
1753504691842,04:38:11.842,bitget,ADA/USDT:USDT,0.8265,50772.0,0.8266,34321.0,0.8265,277234366.0,222019561.1032
1753504691898,04:38:11.898,bybit,ADA/USDT:USDT,0.8265,16699.0,0.8266,1749.0,0.8265,456111774.0,364740210.0045
1753504690652,04:38:10.652,blofin,ADA/USDT:USDT,0.8259,8.0,0.8261,501.0,0.8259,288754.45,
1753504690759,04:38:10.759,binance,ADA/USDT:USDT,,,,,0.8265,850683013.0,680901782.7477
1753504690759,04:38:10.759,binanceusdm,ADA/USDT:USDT,,,,,0.8265,850683013.0,680901782.7477
1753504692186,04:38:12.186,bitmart,ADA/USDT:USDT,0.8264,10910.0,0.8265,23502.0,0.8265,,156098058.0
1753504692262,04:38:12.262,bitget,ADA/USDT:USDT,0.8265,50772.0,0.8266,34321.0,0.8265,277234366.0,222019561.1032
1753504692297,04:38:12.297,bybit,ADA/USDT:USDT,0.8265,22199.0,0.8266,253.0,0.8265,456111774.0,364740210.0045
1753504692397,04:38:12.397,bybit,ADA/USDT:USDT,0.8265,22714.0,0.8266,253.0,0.8265,456111774.0,364740210.0045
1753504690652,04:38:10.652,blofin,ADA/USDT:USDT,0.8259,3.0,0.8261,501.0,0.8259,288754.45,
1753504692597,04:38:12.597,bybit,ADA/USDT:USDT,0.8265,22199.0,0.8266,253.0,0.8265,456111774.0,364740210.0045
1753504692572,04:38:12.572,bitget,ADA/USDT:USDT,0.8265,50772.0,0.8266,34321.0,0.8265,277234366.0,222019561.1032
1753504692888,04:38:12.888,bitget,ADA/USDT:USDT,0.8265,70591.0,0.8267,43828.0,0.8265,277234366.0,222019561.1032
1753504691329,04:38:11.329,xt,ADA/USDT:USDT,,,,,0.8265,,36111616.0
1753504693097,04:38:13.097,bybit,ADA/USDT:USDT,0.8265,22199.0,0.8266,142.0,0.8265,456111774.0,364740210.0045
1753504690652,04:38:10.652,blofin,ADA/USDT:USDT,0.8259,3.0,0.8261,375.0,0.8259,288754.45,
1753504693198,04:38:13.198,bybit,ADA/USDT:USDT,0.8265,22199.0,0.8266,232.0,0.8265,456111774.0,364740210.0045
1753504693221,04:38:13.221,bitmart,ADA/USDT:USDT,0.8264,15104.0,0.8265,19550.0,0.8264,,156098196.0
1753504693249,04:38:13.249,phemex,ADA/USDT:USDT,,,,,0.8263,15920145.14,12771194.098953
1753504693233,04:38:13.233,bitget,ADA/USDT:USDT,0.8266,32559.0,0.8267,29526.0,0.8265,277234366.0,222019561.1032
1753504693398,04:38:13.398,bybit,ADA/USDT:USDT,0.8265,22199.0,0.8266,253.0,0.8265,456111774.0,364740210.0045
1753504690652,04:38:10.652,blofin,ADA/USDT:USDT,0.8259,3.0,0.8261,375.0,0.8259,288754.45,
1753504693597,04:38:13.597,bybit,ADA/USDT:USDT,0.8265,22715.0,0.8266,253.0,0.8265,456111774.0,364740210.0045
1753504693571,04:38:13.571,bitget,ADA/USDT:USDT,0.8266,32559.0,0.8267,46089.0,0.8265,277234366.0,222019561.1032
1753504693798,04:38:13.798,bybit,ADA/USDT:USDT,0.8265,22200.0,0.8266,253.0,0.8265,456111774.0,364740210.0045
1753504693883,04:38:13.883,bitget,ADA/USDT:USDT,0.8266,32559.0,0.8267,45316.0,0.8267,277234366.0,222019561.1032
1753504692516,04:38:12.516,mexc,ADA/USDT:USDT,,,,,0.8264,813750023.0,650609556.9979
1753504690652,04:38:10.652,blofin,ADA/USDT:USDT,0.8259,3.0,0.8261,375.0,0.8259,288754.45,
1753504694170,04:38:14.170,bitmart,ADA/USDT:USDT,0.8264,15104.0,0.8265,19550.0,0.8264,,156098322.0
1753504694195,04:38:14.195,bitget,ADA/USDT:USDT,0.8266,32559.0,0.8267,67816.0,0.8267,277230170.0,222016093.1092
1753504694398,04:38:14.398,bybit,ADA/USDT:USDT,0.8265,22200.0,0.8266,263.0,0.8265,456111774.0,364740210.0045
1753504690652,04:38:10.652,blofin,ADA/USDT:USDT,0.8259,3.0,0.8261,106.0,0.8259,288754.45,
1753504694717,04:38:14.717,bitget,ADA/USDT:USDT,0.8266,32559.0,0.8267,67816.0,0.8267,277235912.0,222020839.1814
1753504694998,04:38:14.998,bybit,ADA/USDT:USDT,0.8265,16700.0,0.8266,263.0,0.8265,456111774.0,364740210.0045
1753504695024,04:38:15.024,bitget,ADA/USDT:USDT,0.8266,32559.0,0.8267,67816.0,0.8267,277235912.0,222020839.1814
1753504690652,04:38:10.652,blofin,ADA/USDT:USDT,0.8259,3.0,0.8261,104.0,0.8259,288754.45,
1753504695197,04:38:15.197,bybit,ADA/USDT:USDT,0.8265,17350.0,0.8266,263.0,0.8265,456111774.0,364740210.0045
1753504695213,04:38:15.213,bitmart,ADA/USDT:USDT,0.8264,14175.0,0.8265,23499.0,0.8265,,156098498.0
1753504690652,04:38:10.652,blofin,ADA/USDT:USDT,0.8259,794.0,0.8261,85.0,0.8259,288754.45,
1753504695724,04:38:15.724,bitget,ADA/USDT:USDT,0.8266,30460.0,0.8267,67816.0,0.8266,277235912.0,222020839.1814
1753504695897,04:38:15.897,bybit,ADA/USDT:USDT,0.8265,12202.0,0.8266,4450.0,0.8265,456111774.0,364740210.0045
1753504694389,04:38:14.389,xt,ADA/USDT:USDT,,,,,0.8265,,36111626.0
1753504695998,04:38:15.998,bybit,ADA/USDT:USDT,0.8265,7400.0,0.8266,7309.0,0.8265,456111774.0,364740210.0045
1753504696097,04:38:16.097,bybit,ADA/USDT:USDT,0.8265,7045.0,0.8266,7309.0,0.8265,456111774.0,364740210.0045
1753504690652,04:38:10.652,blofin,ADA/USDT:USDT,0.8259,672.0,0.8261,131.0,0.8259,288754.45,
1753504696101,04:38:16.101,binance,ADA/USDT:USDT,,,,,0.8264,850683020.0,680901788.5325
1753504696101,04:38:16.101,binanceusdm,ADA/USDT:USDT,,,,,0.8264,850683020.0,680901788.5325
1753504696112,04:38:16.112,bitget,ADA/USDT:USDT,0.8266,23189.0,0.8267,67816.0,0.8266,277235912.0,222020839.1814
1753504696197,04:38:16.197,bybit,ADA/USDT:USDT,0.8265,1659.0,0.8266,8340.0,0.8265,456111774.0,364740210.0045
1753504696232,04:38:16.232,bitmart,ADA/USDT:USDT,0.8264,7629.0,0.8265,21491.0,0.8264,,156098624.0
1753504692516,04:38:12.516,mexc,ADA/USDT:USDT,,,,,0.8264,813750023.0,650609556.9979
1753504696297,04:38:16.297,bybit,ADA/USDT:USDT,0.8265,1659.0,0.8266,13865.0,0.8265,456111774.0,364740210.0045
1753504696253,04:38:16.253,phemex,ADA/USDT:USDT,,,,,0.8263,15920145.14,12771194.098953
1753504696398,04:38:16.398,bybit,ADA/USDT:USDT,0.8265,2147.0,0.8266,8340.0,0.8265,456111774.0,364740210.0045
1753504696423,04:38:16.423,bitget,ADA/USDT:USDT,0.8265,30642.0,0.8266,16975.0,0.8266,277235912.0,222020839.1814
1753504696498,04:38:16.498,bybit,ADA/USDT:USDT,0.8265,2147.0,0.8266,8740.0,0.8265,456111774.0,364740210.0045
1753504696697,04:38:16.697,bybit,ADA/USDT:USDT,0.8265,1659.0,0.8266,8225.0,0.8265,456111774.0,364740210.0045
1753504696797,04:38:16.797,bybit,ADA/USDT:USDT,0.8265,5315.0,0.8266,4457.0,0.8265,456111774.0,364740210.0045
1753504696835,04:38:16.835,bitget,ADA/USDT:USDT,0.8265,46489.0,0.8266,34725.0,0.8266,277236912.0,222021665.7814
1753504696898,04:38:16.898,bybit,ADA/USDT:USDT,0.8265,7483.0,0.8266,270.0,0.8265,456111774.0,364740210.0045
1753504690652,04:38:10.652,blofin,ADA/USDT:USDT,0.8259,672.0,0.8261,131.0,0.8259,288754.45,
1753504697097,04:38:17.097,bybit,ADA/USDT:USDT,0.8265,7483.0,0.8266,1189.0,0.8265,456111774.0,364740210.0045
1753504697198,04:38:17.198,bybit,ADA/USDT:USDT,0.8266,8985.0,0.8267,7684.0,0.8266,456112378.0,364740709.2709
1753504697203,04:38:17.203,bitmart,ADA/USDT:USDT,0.8263,21197.0,0.8264,2265.0,0.8264,,156100782.0
1753504697176,04:38:17.176,bitget,ADA/USDT:USDT,0.8265,46489.0,0.8266,33863.0,0.8266,277236912.0,222021665.7814
1753504697298,04:38:17.298,bybit,ADA/USDT:USDT,0.8266,8985.0,0.8267,11475.0,0.8266,456112378.0,364740709.2709
1753504697398,04:38:17.398,bybit,ADA/USDT:USDT,0.8266,9790.0,0.8267,7087.0,0.8266,456112378.0,364740709.2709
1753504697421,04:38:17.421,gate,ADA/USDT:USDT,,,,,0.8261,106612060.0,88072222.0
1753504690652,04:38:10.652,blofin,ADA/USDT:USDT,0.8259,479.0,0.8261,445.0,0.8259,288754.45,
1753504697490,04:38:17.490,bitget,ADA/USDT:USDT,0.8265,46489.0,0.8266,33863.0,0.8266,277236912.0,222021665.7814
1753504697597,04:38:17.597,bybit,ADA/USDT:USDT,0.8266,10303.0,0.8267,713.0,0.8266,456112378.0,364740709.2709
1753504697698,04:38:17.698,bybit,ADA/USDT:USDT,0.8266,10303.0,0.8267,101.0,0.8266,456112378.0,364740709.2709
1753504697800,04:38:17.800,bitget,ADA/USDT:USDT,0.8266,25101.0,0.8267,44252.0,0.8266,277236912.0,222021665.7814
1753504697997,04:38:17.997,bybit,ADA/USDT:USDT,0.8266,10816.0,0.8267,101.0,0.8266,456112378.0,364740709.2709
1753504690652,04:38:10.652,blofin,ADA/USDT:USDT,0.8259,478.0,0.8261,445.0,0.8259,288754.45,
1753504697481,04:38:17.481,binance,ADA/USDT:USDT,,,,,0.8264,850688242.0,680906103.9933
1753504697481,04:38:17.481,binanceusdm,ADA/USDT:USDT,,,,,0.8264,850688242.0,680906103.9933
1753504698156,04:38:18.156,bitget,ADA/USDT:USDT,0.8267,1640.0,0.8268,37094.0,0.8266,277236912.0,222021665.7814
1753504698198,04:38:18.198,bybit,ADA/USDT:USDT,0.8266,10816.0,0.8267,101.0,0.8266,456112378.0,364740709.2709
1753504698224,04:38:18.224,bitmart,ADA/USDT:USDT,0.8264,25127.0,0.8265,3923.0,0.8264,,156101186.0
1753504698268,04:38:18.268,gateio,ADA/USDT:USDT,,,,,0.8262,106612780.0,88083478.0
1753504698297,04:38:18.297,bybit,ADA/USDT:USDT,0.8266,15803.0,0.8267,101.0,0.8266,456112378.0,364740709.2709
1753504698398,04:38:18.398,bybit,ADA/USDT:USDT,0.8266,23726.0,0.8267,101.0,0.8266,456112378.0,364740709.2709
1753504698403,04:38:18.403,gate,ADA/USDT:USDT,,,,,0.8262,106612540.0,88083280.0
1753504692516,04:38:12.516,mexc,ADA/USDT:USDT,,,,,0.8264,813750023.0,650609556.9979
1753504690652,04:38:10.652,blofin,ADA/USDT:USDT,0.8259,478.0,0.8261,445.0,0.8259,288754.45,
1753504698697,04:38:18.697,bybit,ADA/USDT:USDT,0.8267,29482.0,0.8268,2787.0,0.8267,456112480.0,364740793.5943
1753504698797,04:38:18.797,bybit,ADA/USDT:USDT,0.8267,23982.0,0.8268,96.0,0.8267,456112480.0,364740793.5943
1753504698846,04:38:18.846,bitget,ADA/USDT:USDT,0.8267,37218.0,0.8268,43702.0,0.8266,277236912.0,222021665.7814
1753504698898,04:38:18.898,bybit,ADA/USDT:USDT,0.8267,23982.0,0.8268,98.0,0.8267,456112480.0,364740793.5943
1753504697396,04:38:17.396,xt,ADA/USDT:USDT,,,,,0.8264,,36111832.0
1753504698997,04:38:18.997,bybit,ADA/USDT:USDT,0.8267,24550.0,0.8268,1110.0,0.8267,456112480.0,364740793.5943
1753504699098,04:38:19.098,bybit,ADA/USDT:USDT,0.8267,24223.0,0.8268,1110.0,0.8267,456112571.0,364740868.824
1753504690652,04:38:10.652,blofin,ADA/USDT:USDT,0.826,619.0,0.8262,61.0,0.8259,288754.45,
1753504699198,04:38:19.198,bybit,ADA/USDT:USDT,0.8267,24248.0,0.8268,1060.0,0.8268,456112621.0,364740910.164
1753504699178,04:38:19.178,bitget,ADA/USDT:USDT,0.8267,62718.0,0.8268,23548.0,0.8266,277236912.0,222021665.7814
1753504699243,04:38:19.243,bitmart,ADA/USDT:USDT,0.8265,26830.0,0.8266,4582.0,0.8265,,156102364.0
1753504699297,04:38:19.297,bybit,ADA/USDT:USDT,0.8267,24248.0,0.8268,6553.0,0.8268,456112621.0,364740910.164
1753504699320,04:38:19.320,kucoinfutures,ADA/USDT:USDT,0.82665,23.0,0.82668,1.0,0.82666,,
1753504699323,04:38:19.323,kucoinfutures,ADA/USDT:USDT,0.82666,115.0,0.82692,67.0,0.82692,,
1753504699326,04:38:19.326,kucoinfutures,ADA/USDT:USDT,0.82674,121.0,0.82692,66.0,0.82692,,
1753504699326,04:38:19.326,kucoinfutures,ADA/USDT:USDT,0.8269,23.0,0.82697,68.0,0.82692,,
1753504699397,04:38:19.397,bybit,ADA/USDT:USDT,0.8269,44576.0,0.827,9070.0,0.827,456319065.0,364911644.405
1753504699400,04:38:19.400,gate,ADA/USDT:USDT,,,,,0.8266,106640200.0,88148788.0
1753504699497,04:38:19.497,bybit,ADA/USDT:USDT,0.8269,46610.0,0.827,2691.0,0.827,456319065.0,364911644.405
1753504690652,04:38:10.652,blofin,ADA/USDT:USDT,0.826,764.0,0.8262,91.0,0.8259,288754.45,
1753504699535,04:38:19.535,bitget,ADA/USDT:USDT,0.8271,1990.0,0.8272,12744.0,0.8271,277236912.0,222021665.7814
1753504699597,04:38:19.597,bybit,ADA/USDT:USDT,0.827,5280.0,0.8271,24517.0,0.827,456319065.0,364911644.405
1753504699697,04:38:19.697,bybit,ADA/USDT:USDT,0.827,4805.0,0.8271,49011.0,0.827,456319065.0,364911644.405
1753504699739,04:38:19.739,kucoinfutures,ADA/USDT:USDT,0.82695,23.0,0.82706,50.0,0.82706,,
1753504699797,04:38:19.797,bybit,ADA/USDT:USDT,0.827,4805.0,0.8271,24517.0,0.827,456319065.0,364911644.405
1753504699851,04:38:19.851,bitget,ADA/USDT:USDT,0.8271,1990.0,0.8272,12744.0,0.8271,277236912.0,222021665.7814
1753504699898,04:38:19.898,bybit,ADA/USDT:USDT,0.827,1575.0,0.8271,24517.0,0.827,456319065.0,364911644.405
1753504699942,04:38:19.942,kucoinfutures,ADA/USDT:USDT,0.82695,23.0,0.82706,119.0,0.82705,,
1753504699998,04:38:19.998,bybit,ADA/USDT:USDT,0.827,1575.0,0.8271,24517.0,0.827,456319065.0,364911644.405
1753504690652,04:38:10.652,blofin,ADA/USDT:USDT,0.8262,1032.0,0.8265,35.0,0.8259,288754.45,
1753504700098,04:38:20.098,bybit,ADA/USDT:USDT,0.827,2063.0,0.8271,24517.0,0.827,456319065.0,364911644.405
1753504699756,04:38:19.756,binance,ADA/USDT:USDT,,,,,0.8268,851068519.0,681220521.8539
1753504699756,04:38:19.756,binanceusdm,ADA/USDT:USDT,,,,,0.8268,851068519.0,681220521.8539
1753504700160,04:38:20.160,bitget,ADA/USDT:USDT,0.8271,16913.0,0.8272,69835.0,0.8272,277236912.0,222021665.7814
1753504700197,04:38:20.197,bybit,ADA/USDT:USDT,0.827,2063.0,0.8271,23117.0,0.827,456319065.0,364911644.405
1753504700240,04:38:20.240,bitmart,ADA/USDT:USDT,0.8268,22746.0,0.8269,15563.0,0.8265,,156102364.0
1753504700261,04:38:20.261,gateio,ADA/USDT:USDT,,,,,0.8266,106640440.0,88148986.0
1753504700297,04:38:20.297,bybit,ADA/USDT:USDT,0.827,7563.0,0.8271,23117.0,0.827,456319065.0,364911644.405
1753504700398,04:38:20.398,bybit,ADA/USDT:USDT,0.827,7550.0,0.8271,23117.0,0.827,456319065.0,364911644.405
1753504700397,04:38:20.397,gate,ADA/USDT:USDT,,,,,0.8266,106640200.0,88148788.0
1753504700376,04:38:20.376,kucoinfutures,ADA/USDT:USDT,0.82695,23.0,0.82706,471.0,0.82705,,
1753504700497,04:38:20.497,bybit,ADA/USDT:USDT,0.827,7791.0,0.8271,23117.0,0.827,456319065.0,364911644.405
1753504700482,04:38:20.482,bitget,ADA/USDT:USDT,0.8271,16913.0,0.8272,69835.0,0.8272,277236912.0,222021665.7814
1753504690652,04:38:10.652,blofin,ADA/USDT:USDT,0.8263,1032.0,0.8266,35.0,0.8259,288754.45,
1753504700597,04:38:20.597,bybit,ADA/USDT:USDT,0.827,7791.0,0.8271,23117.0,0.827,456319065.0,364911644.405
1753504700585,04:38:20.585,kucoinfutures,ADA/USDT:USDT,0.82695,23.0,0.82706,473.0,0.82696,,
1753504700697,04:38:20.697,bybit,ADA/USDT:USDT,0.827,7424.0,0.8271,23117.0,0.827,456319065.0,364911644.405
1753504700837,04:38:20.837,bitget,ADA/USDT:USDT,0.8271,350.0,0.8272,69835.0,0.8272,277236912.0,222021665.7814
1753504700898,04:38:20.898,bybit,ADA/USDT:USDT,0.827,1924.0,0.8271,23117.0,0.827,456319065.0,364911644.405
1753504700505,04:38:20.505,mexc,ADA/USDT:USDT,,,,,0.8269,813769485.0,650625649.7427
1753504690652,04:38:10.652,blofin,ADA/USDT:USDT,0.8263,1032.0,0.8266,35.0,0.8259,288754.45,
1753504701160,04:38:21.160,bitget,ADA/USDT:USDT,0.8271,350.0,0.8272,70439.0,0.8272,277236912.0,222021665.7814
1753504701197,04:38:21.197,bybit,ADA/USDT:USDT,0.827,7432.0,0.8271,23117.0,0.827,456319065.0,364911644.405
1753504701257,04:38:21.257,bitmart,ADA/USDT:USDT,0.8268,22746.0,0.8269,15563.0,0.8268,,156176532.0
1753504701263,04:38:21.263,gateio,ADA/USDT:USDT,,,,,0.8266,106640440.0,88148986.0
1753504701410,04:38:21.410,gate,ADA/USDT:USDT,,,,,0.8266,106640200.0,88148788.0
1753504701497,04:38:21.497,bybit,ADA/USDT:USDT,0.827,1444.0,0.8271,23117.0,0.827,456319065.0,364911644.405
1753504701481,04:38:21.481,bitget,ADA/USDT:USDT,0.8271,350.0,0.8272,69835.0,0.8272,277251236.0,222033511.0238
1753504690652,04:38:10.652,blofin,ADA/USDT:USDT,0.8263,270.0,0.8266,729.0,0.8259,288754.45,
1753504701598,04:38:21.598,bybit,ADA/USDT:USDT,0.827,436.0,0.8271,23121.0,0.827,456319065.0,364911644.405
1753504701698,04:38:21.698,bybit,ADA/USDT:USDT,0.827,436.0,0.8271,24853.0,0.827,456319065.0,364911644.405
1753504701897,04:38:21.897,bybit,ADA/USDT:USDT,0.827,436.0,0.8271,23090.0,0.8271,456319096.0,364911670.0451
1753504701869,04:38:21.869,bitget,ADA/USDT:USDT,0.827,44615.0,0.8271,58445.0,0.8272,277251236.0,222033511.0238
1753504698911,04:38:18.911,xt,ADA/USDT:USDT,,,,,0.8265,,36112332.0
1753504701997,04:38:21.997,bybit,ADA/USDT:USDT,0.827,436.0,0.8271,23090.0,0.8271,456319096.0,364911670.0451
1753504690652,04:38:10.652,blofin,ADA/USDT:USDT,0.8263,270.0,0.8266,730.0,0.8259,288754.45,
1753504701972,04:38:21.972,binance,ADA/USDT:USDT,,,,,0.8268,851071807.0,681223240.3758
1753504701972,04:38:21.972,binanceusdm,ADA/USDT:USDT,,,,,0.8268,851071807.0,681223240.3758
1753504702152,04:38:22.152,kucoinfutures,ADA/USDT:USDT,0.82685,92.0,0.82686,88.0,0.82686,,
1753504702198,04:38:22.198,bybit,ADA/USDT:USDT,0.827,1444.0,0.8271,22984.0,0.8271,456319202.0,364911757.7177
1753504702262,04:38:22.262,phemex,ADA/USDT:USDT,,,,,0.8265,15920858.74,12771783.889353
1753504702284,04:38:22.284,bitmart,ADA/USDT:USDT,0.8268,14622.0,0.8269,23047.0,0.8268,,156176532.0
1753504702297,04:38:22.297,bybit,ADA/USDT:USDT,0.827,3145.0,0.8271,22953.0,0.8271,456319233.0,364911783.3578
1753504702509,04:38:22.509,bitget,ADA/USDT:USDT,0.827,60991.0,0.8271,45847.0,0.8272,277251236.0,222033511.0238
1753504690652,04:38:10.652,blofin,ADA/USDT:USDT,0.8263,202.0,0.8266,462.0,0.8259,288754.45,
1753504702598,04:38:22.598,bybit,ADA/USDT:USDT,0.827,436.0,0.8271,24685.0,0.8271,456319233.0,364911783.3578
1753504702797,04:38:22.797,bybit,ADA/USDT:USDT,0.8269,36786.0,0.827,16811.0,0.827,456319705.0,364912173.7018
1753504702817,04:38:22.817,bitget,ADA/USDT:USDT,0.827,60991.0,0.8271,45847.0,0.8272,277251236.0,222033511.0238
1753504702897,04:38:22.897,bybit,ADA/USDT:USDT,0.8269,15183.0,0.827,27992.0,0.827,456319705.0,364912173.7018
1753504703097,04:38:23.097,bybit,ADA/USDT:USDT,0.8268,810.0,0.8269,25980.0,0.8269,456321147.0,364913366.0916
1753504690652,04:38:10.652,blofin,ADA/USDT:USDT,0.8263,26.0,0.8266,688.0,0.8259,288754.45,
1753504703147,04:38:23.147,bitget,ADA/USDT:USDT,0.8269,1376.0,0.827,72405.0,0.8269,277251236.0,222033511.0238
1753504703189,04:38:23.189,bitmart,ADA/USDT:USDT,0.8267,4329.0,0.8269,25265.0,0.8268,,156177660.0
1753504703197,04:38:23.197,bybit,ADA/USDT:USDT,0.8267,2022.0,0.8268,21402.0,0.8268,456321957.0,364914035.7996
1753504703172,04:38:23.172,kucoinfutures,ADA/USDT:USDT,0.82659,213.0,0.82663,69.0,0.8266,,
1753504702503,04:38:22.503,mexc,ADA/USDT:USDT,,,,,0.8269,813769485.0,650625649.7427
1753504703297,04:38:23.297,bybit,ADA/USDT:USDT,0.8267,3315.0,0.8268,17407.0,0.8268,456321957.0,364914035.7996
1753504703397,04:38:23.397,bybit,ADA/USDT:USDT,0.8267,5157.0,0.8268,17007.0,0.8268,456321957.0,364914035.7996
1753504703042,04:38:23.042,blofin,ADA/USDT:USDT,0.8263,143.0,0.8265,124.0,0.8266,288765.45,
1753504703498,04:38:23.498,bybit,ADA/USDT:USDT,0.8267,4888.0,0.8268,17007.0,0.8268,456321957.0,364914035.7996
1753504703515,04:38:23.515,bitget,ADA/USDT:USDT,0.8267,35500.0,0.8268,30041.0,0.8269,277251236.0,222033511.0238
1753504703597,04:38:23.597,bybit,ADA/USDT:USDT,0.8267,4888.0,0.8268,17007.0,0.8268,456321957.0,364914035.7996
1753504703697,04:38:23.697,bybit,ADA/USDT:USDT,0.8267,1534.0,0.8268,19747.0,0.8268,456321957.0,364914035.7996
1753504703797,04:38:23.797,bybit,ADA/USDT:USDT,0.8267,2022.0,0.8268,19747.0,0.8268,456321957.0,364914035.7996
1753504703826,04:38:23.826,bitget,ADA/USDT:USDT,0.8267,35500.0,0.8268,30041.0,0.8269,277258912.0,222039858.3082
1753504703898,04:38:23.898,bybit,ADA/USDT:USDT,0.8267,617.0,0.8268,21480.0,0.8268,456321957.0,364914035.7996
1753504703042,04:38:23.042,blofin,ADA/USDT:USDT,0.8263,143.0,0.8265,124.0,0.8266,288765.45,
1753504704097,04:38:24.097,bybit,ADA/USDT:USDT,0.8266,16722.0,0.8267,22215.0,0.8267,456322574.0,364914545.8735
1753504703997,04:38:23.997,binance,ADA/USDT:USDT,,,,,0.8265,851078316.0,681228621.841
1753504703997,04:38:23.997,binanceusdm,ADA/USDT:USDT,,,,,0.8265,851078316.0,681228621.841
1753504704197,04:38:24.197,bybit,ADA/USDT:USDT,0.8266,21265.0,0.8267,1008.0,0.8267,456322574.0,364914545.8735
1753504704221,04:38:24.221,bitmart,ADA/USDT:USDT,0.8265,23387.0,0.8267,25445.0,0.8268,,156178232.0
1753504704225,04:38:24.225,bitget,ADA/USDT:USDT,0.8267,120.0,0.8268,70954.0,0.8269,277258912.0,222039858.3082
1753504704297,04:38:24.297,bybit,ADA/USDT:USDT,0.8267,6606.0,0.8268,14365.0,0.8267,456322574.0,364914545.8735
1753504704397,04:38:24.397,bybit,ADA/USDT:USDT,0.8267,6606.0,0.8268,11758.0,0.8267,456322574.0,364914545.8735
1753504704498,04:38:24.498,bybit,ADA/USDT:USDT,0.8267,4044.0,0.8268,11748.0,0.8267,456322574.0,364914545.8735
1753504703042,04:38:23.042,blofin,ADA/USDT:USDT,0.8261,141.0,0.8263,1066.0,0.8266,288765.45,
1753504704563,04:38:24.563,bitget,ADA/USDT:USDT,0.8267,1719.0,0.8268,70954.0,0.8269,277258912.0,222039858.3082
1753504704598,04:38:24.598,bybit,ADA/USDT:USDT,0.8267,1496.0,0.8268,11741.0,0.8267,456322574.0,364914545.8735
1753504704697,04:38:24.697,bybit,ADA/USDT:USDT,0.8267,4315.0,0.8268,12141.0,0.8267,456322574.0,364914545.8735
1753504704798,04:38:24.798,bybit,ADA/USDT:USDT,0.8267,4315.0,0.8268,12141.0,0.8267,456322574.0,364914545.8735
1753504704871,04:38:24.871,bitget,ADA/USDT:USDT,0.8267,55369.0,0.8268,36543.0,0.8269,277258912.0,222039858.3082
1753504701292,04:38:21.292,xt,ADA/USDT:USDT,,,,,0.8266,,36112333.0
1753504704997,04:38:24.997,bybit,ADA/USDT:USDT,0.8267,3885.0,0.8268,12141.0,0.8267,456322574.0,364914545.8735
1753504705097,04:38:25.097,bybit,ADA/USDT:USDT,0.8267,3885.0,0.8268,12141.0,0.8267,456322574.0,364914545.8735
1753504703042,04:38:23.042,blofin,ADA/USDT:USDT,0.8261,141.0,0.8263,1066.0,0.8266,288765.45,
1753504705182,04:38:25.182,bitget,ADA/USDT:USDT,0.8267,33711.0,0.8268,53106.0,0.8269,277258912.0,222039858.3082
1753504705262,04:38:25.262,bitmart,ADA/USDT:USDT,0.8265,21652.0,0.8266,4261.0,0.8265,,156178634.0
1753504705298,04:38:25.298,bybit,ADA/USDT:USDT,0.8267,1496.0,0.8268,13873.0,0.8267,456322574.0,364914545.8735
1753504703042,04:38:23.042,blofin,ADA/USDT:USDT,0.826,31.0,0.8263,870.0,0.8266,288765.45,
1753504704508,04:38:24.508,mexc,ADA/USDT:USDT,,,,,0.8269,813770039.0,650626107.8453
1753504705598,04:38:25.598,bybit,ADA/USDT:USDT,0.8267,1496.0,0.8268,12141.0,0.8267,456322574.0,364914545.8735
1753504705697,04:38:25.697,bybit,ADA/USDT:USDT,0.8267,1496.0,0.8268,13873.0,0.8267,456322574.0,364914545.8735
1753504705898,04:38:25.898,bybit,ADA/USDT:USDT,0.8267,6996.0,0.8268,13873.0,0.8267,456322574.0,364914545.8735
1753504705867,04:38:25.867,bitget,ADA/USDT:USDT,0.8267,55795.0,0.8268,53036.0,0.8268,277258912.0,222039858.3082
1753504705997,04:38:25.997,bybit,ADA/USDT:USDT,0.8267,1176.0,0.8268,13873.0,0.8267,456322574.0,364914545.8735
1753504706097,04:38:26.097,bybit,ADA/USDT:USDT,0.8267,1176.0,0.8268,12141.0,0.8267,456322574.0,364914545.8735
1753504703042,04:38:23.042,blofin,ADA/USDT:USDT,0.826,240.0,0.8263,419.0,0.8266,288765.45,
1753504706005,04:38:26.005,binance,ADA/USDT:USDT,,,,,0.8266,851088500.0,681237039.5763
1753504706005,04:38:26.005,binanceusdm,ADA/USDT:USDT,,,,,0.8266,851088500.0,681237039.5763
1753504706198,04:38:26.198,bybit,ADA/USDT:USDT,0.8267,1176.0,0.8268,12134.0,0.8268,456322581.0,364914551.6611
1753504706181,04:38:26.181,bitget,ADA/USDT:USDT,0.8267,55795.0,0.8268,53036.0,0.8268,277259052.0,222039974.0602
1753504706256,04:38:26.256,bitmart,ADA/USDT:USDT,0.8265,21652.0,0.8266,10261.0,0.8266,,156179016.0
1753504706297,04:38:26.297,bybit,ADA/USDT:USDT,0.8267,207.0,0.8268,41560.0,0.8268,456322581.0,364914551.6611
1753504706398,04:38:26.398,bybit,ADA/USDT:USDT,0.8266,23535.0,0.8267,3699.0,0.8268,456322581.0,364914551.6611
1753504706497,04:38:26.497,bybit,ADA/USDT:USDT,0.8266,20935.0,0.8267,4019.0,0.8268,456322581.0,364914551.6611
1753504706500,04:38:26.500,bitget,ADA/USDT:USDT,0.8267,20152.0,0.8268,53036.0,0.8268,277259052.0,222039974.0602
1753504703042,04:38:23.042,blofin,ADA/USDT:USDT,0.826,240.0,0.8263,419.0,0.8266,288765.45,
1753504706597,04:38:26.597,bybit,ADA/USDT:USDT,0.8267,1496.0,0.8268,25275.0,0.8268,456322581.0,364914551.6611
1753504706698,04:38:26.698,bybit,ADA/USDT:USDT,0.8266,20935.0,0.8267,1008.0,0.8268,456322581.0,364914551.6611
1753504706840,04:38:26.840,bitget,ADA/USDT:USDT,0.8267,45652.0,0.8268,53036.0,0.8268,277259052.0,222039974.0602
1753504706898,04:38:26.898,bybit,ADA/USDT:USDT,0.8267,212.0,0.8268,44393.0,0.8268,456322581.0,364914551.6611
1753504706997,04:38:26.997,bybit,ADA/USDT:USDT,0.8266,23835.0,0.8267,1328.0,0.8268,456322581.0,364914551.6611
1753504703042,04:38:23.042,blofin,ADA/USDT:USDT,0.826,239.0,0.8263,419.0,0.8266,288765.45,
1753504707097,04:38:27.097,bybit,ADA/USDT:USDT,0.8266,16722.0,0.8267,1328.0,0.8268,456322581.0,364914551.6611
1753504707174,04:38:27.174,bitmart,ADA/USDT:USDT,0.8265,8380.0,0.8266,10261.0,0.8265,,156180212.0
1753504707154,04:38:27.154,bitget,ADA/USDT:USDT,0.8267,45652.0,0.8268,53036.0,0.8268,277259052.0,222039974.0602
1753504707197,04:38:27.197,bybit,ADA/USDT:USDT,0.8266,19322.0,0.8267,1328.0,0.8267,456322666.0,364914621.9306
1753504707298,04:38:27.298,bybit,ADA/USDT:USDT,0.8267,1496.0,0.8268,15749.0,0.8267,456322666.0,364914621.9306
1753504707397,04:38:27.397,bybit,ADA/USDT:USDT,0.8267,3192.0,0.8268,15749.0,0.8267,456322666.0,364914621.9306
1753504707465,04:38:27.465,bitget,ADA/USDT:USDT,0.8267,45652.0,0.8268,53036.0,0.8268,277259052.0,222039974.0602
1753504707597,04:38:27.597,bybit,ADA/USDT:USDT,0.8267,3192.0,0.8268,15742.0,0.8267,456322666.0,364914621.9306
