timestamp,time,exchange,symbol,bid,bidVolume,ask,askVolume,lastPrice,baseVolume,quoteVolume
1753504621460,04:37:01.460,blofin,ALGO/USDT:USDT,0.2692,5.0,0.2694,2145.0,0.2692,588074.0,
1753504635764,04:37:15.764,bybit,ALGO/USDT:USDT,0.2694,18066.5,0.2695,47458.8,0.2695,96446420.2,25255552.7218
1753504621460,04:37:01.460,blofin,ALGO/USDT:USDT,0.2692,41.0,0.2694,2145.0,0.2692,588074.0,
1753504637364,04:37:17.364,bybit,ALGO/USDT:USDT,0.2694,8768.9,0.2695,48357.4,0.2695,96446420.2,25255552.7218
1753504637738,04:37:17.738,phemex,ALGO/USDT:USDT,,,,,0.2694,10413346.5,2723970.46107
1753504634616,04:37:14.616,mexc,ALGO/USDT:USDT,,,,,0.2694,85329128.0,22181732.2281
1753504638362,04:37:18.362,bitget,ALGO/USDT:USDT,0.2695,21725.1,0.2696,27429.6,0.2697,59037548.4,15456766.59028
1753504638715,04:37:18.715,bitget,ALGO/USDT:USDT,0.2695,21725.1,0.2696,27429.6,0.2697,59037548.4,15456766.59028
1753504638763,04:37:18.763,bybit,ALGO/USDT:USDT,0.2694,8768.9,0.2695,48358.6,0.2695,96446420.2,25255552.7218
1753504638008,04:37:18.008,xt,ALGO/USDT:USDT,,,,,0.2694,,246984557.0
1753504639064,04:37:19.064,bybit,ALGO/USDT:USDT,0.2694,20436.5,0.2695,48358.6,0.2695,96446420.2,25255552.7218
1753504638617,04:37:18.617,mexc,ALGO/USDT:USDT,,,,,0.2695,85329194.0,22181750.0151
1753504621460,04:37:01.460,blofin,ALGO/USDT:USDT,0.2692,10.0,0.2694,1896.0,0.2692,588074.0,
1753504640616,04:37:20.616,bitmart,ALGO/USDT:USDT,0.2691,2920.0,0.2701,410698.0,0.2694,,917897960.0
1753504640963,04:37:20.963,bybit,ALGO/USDT:USDT,0.2694,36665.8,0.2695,46559.3,0.2695,96446420.2,25255552.7218
1753504641032,04:37:21.032,bitget,ALGO/USDT:USDT,0.2695,21725.1,0.2696,10512.7,0.2697,59037548.4,15456766.59028
1753504641464,04:37:21.464,bybit,ALGO/USDT:USDT,0.2694,35765.8,0.2695,46559.3,0.2695,96446420.2,25255552.7218
1753504641447,04:37:21.447,bitget,ALGO/USDT:USDT,0.2695,21725.1,0.2696,10512.7,0.2697,59037548.4,15456766.59028
1753504641564,04:37:21.564,bybit,ALGO/USDT:USDT,0.2694,36665.8,0.2695,46559.3,0.2695,96446420.2,25255552.7218
1753504641601,04:37:21.601,bitmart,ALGO/USDT:USDT,0.2691,2920.0,0.2701,410698.0,0.2695,,917897970.0
1753504641823,04:37:21.823,bitget,ALGO/USDT:USDT,0.2695,28166.6,0.2696,10512.7,0.2697,59037548.4,15456766.59028
1753504641863,04:37:21.863,bybit,ALGO/USDT:USDT,0.2694,35765.8,0.2695,46559.3,0.2695,96446420.2,25255552.7218
1753504641123,04:37:21.123,xt,ALGO/USDT:USDT,,,,,0.2694,,246984589.0
1753504641964,04:37:21.964,bybit,ALGO/USDT:USDT,0.2694,36665.8,0.2695,46559.3,0.2695,96446420.2,25255552.7218
1753504641987,04:37:21.987,kucoinfutures,ALGO/USDT:USDT,0.26935,1562.0,0.26953,1543.0,0.26936,,
1753504641480,04:37:21.480,binanceusdm,ALGO/USDT:USDT,,,,,0.2695,244497583.3,63956859.2199
1753504641480,04:37:21.480,binance,ALGO/USDT:USDT,,,,,0.2695,244497583.3,63956859.2199
1753504642364,04:37:22.364,bybit,ALGO/USDT:USDT,0.2694,36665.8,0.2695,46551.3,0.2695,96446420.2,25255552.7218
1753504642464,04:37:22.464,bybit,ALGO/USDT:USDT,0.2694,36665.8,0.2695,46560.1,0.2695,96446420.2,25255552.7218
1753504642465,04:37:22.465,bitget,ALGO/USDT:USDT,0.2695,28166.6,0.2696,10512.7,0.2697,59037548.4,15456766.59028
1753504642620,04:37:22.620,bitmart,ALGO/USDT:USDT,0.2691,2920.0,0.2701,410698.0,0.2695,,917897978.0
1753504642664,04:37:22.664,bybit,ALGO/USDT:USDT,0.2694,23866.5,0.2695,46560.1,0.2695,96446420.2,25255552.7218
1753504638617,04:37:18.617,mexc,ALGO/USDT:USDT,,,,,0.2695,85329194.0,22181750.0151
1753504642864,04:37:22.864,bybit,ALGO/USDT:USDT,0.2694,34665.8,0.2695,46560.1,0.2695,96446420.2,25255552.7218
1753504642840,04:37:22.840,bitget,ALGO/USDT:USDT,0.2695,27156.3,0.2696,10512.7,0.2697,59037548.4,15456766.59028
1753504643149,04:37:23.149,bitget,ALGO/USDT:USDT,0.2695,27156.3,0.2696,10512.7,0.2697,59037548.4,15456766.59028
1753504643264,04:37:23.264,bybit,ALGO/USDT:USDT,0.2694,32866.5,0.2695,46560.1,0.2695,96446420.2,25255552.7218
1753504643364,04:37:23.364,bybit,ALGO/USDT:USDT,0.2694,23866.5,0.2695,47460.1,0.2695,96446420.2,25255552.7218
1753504643464,04:37:23.464,bybit,ALGO/USDT:USDT,0.2694,23866.5,0.2695,46560.1,0.2695,96446420.2,25255552.7218
1753504643454,04:37:23.454,bitget,ALGO/USDT:USDT,0.2695,27156.3,0.2696,10512.7,0.2697,59037548.4,15456766.59028
1753504643520,04:37:23.520,bitmart,ALGO/USDT:USDT,0.2691,2920.0,0.2701,410698.0,0.2694,,917898432.0
1753504643563,04:37:23.563,bybit,ALGO/USDT:USDT,0.2694,24765.8,0.2695,46560.1,0.2695,96446420.2,25255552.7218
1753504643821,04:37:23.821,bitget,ALGO/USDT:USDT,0.2695,27156.3,0.2696,10512.7,0.2697,59037548.4,15456766.59028
1753504643964,04:37:23.964,bybit,ALGO/USDT:USDT,0.2694,34665.8,0.2695,46560.1,0.2695,96446420.2,25255552.7218
1753504621460,04:37:01.460,blofin,ALGO/USDT:USDT,0.2692,852.0,0.2694,1793.0,0.2692,588074.0,
1753504644199,04:37:24.199,bitget,ALGO/USDT:USDT,0.2695,27156.3,0.2696,10512.7,0.2697,59037548.4,15456766.59028
1753504644463,04:37:24.463,bybit,ALGO/USDT:USDT,0.2694,32866.5,0.2695,46560.1,0.2695,96446420.2,25255552.7218
1753504644524,04:37:24.524,bitget,ALGO/USDT:USDT,0.2695,27156.3,0.2696,10512.7,0.2697,59037548.4,15456766.59028
1753504644563,04:37:24.563,bybit,ALGO/USDT:USDT,0.2694,33765.8,0.2695,46560.1,0.2695,96446420.2,25255552.7218
1753504644563,04:37:24.563,bitmart,ALGO/USDT:USDT,0.2691,2920.0,0.2701,410698.0,0.2694,,917898432.0
1753504644663,04:37:24.663,bybit,ALGO/USDT:USDT,0.2694,34665.8,0.2695,46560.1,0.2695,96446420.2,25255552.7218
1753504644829,04:37:24.829,bitget,ALGO/USDT:USDT,0.2695,27156.3,0.2696,10512.7,0.2697,59037548.4,15456766.59028
1753504644306,04:37:24.306,xt,ALGO/USDT:USDT,,,,,0.2695,,246984699.0
1753504644613,04:37:24.613,mexc,ALGO/USDT:USDT,,,,,0.2695,85329194.0,22181750.0151
1753504645169,04:37:25.169,phemex,ALGO/USDT:USDT,,,,,0.2694,10413346.5,2723970.46107
1753504645141,04:37:25.141,bitget,ALGO/USDT:USDT,0.2695,27156.3,0.2696,23512.7,0.2697,59037548.4,15456766.59028
1753504645364,04:37:25.364,bybit,ALGO/USDT:USDT,0.2694,34665.8,0.2695,46564.1,0.2695,96446420.2,25255552.7218
1753504645782,04:37:25.782,bitget,ALGO/USDT:USDT,0.2695,27156.3,0.2696,10512.7,0.2697,59037548.4,15456766.59028
1753504645863,04:37:25.863,bybit,ALGO/USDT:USDT,0.2694,36665.8,0.2695,46564.1,0.2695,96446420.2,25255552.7218
1753504646095,04:37:26.095,bitget,ALGO/USDT:USDT,0.2695,28166.6,0.2696,10512.7,0.2697,59037548.4,15456766.59028
1753504646470,04:37:26.470,bitget,ALGO/USDT:USDT,0.2695,27156.3,0.2696,10512.7,0.2697,59037548.4,15456766.59028
1753504646521,04:37:26.521,bitmart,ALGO/USDT:USDT,0.2691,2920.0,0.2701,410698.0,0.2694,,917898440.0
1753504646864,04:37:26.864,bybit,ALGO/USDT:USDT,0.2694,36688.1,0.2695,46564.1,0.2695,96446420.2,25255552.7218
1753504646858,04:37:26.858,bitget,ALGO/USDT:USDT,0.2695,27156.3,0.2696,10512.7,0.2697,59037548.4,15456766.59028
1753504647264,04:37:27.264,bybit,ALGO/USDT:USDT,0.2694,36688.1,0.2695,46565.4,0.2695,96446420.2,25255552.7218
1753504644613,04:37:24.613,mexc,ALGO/USDT:USDT,,,,,0.2695,85329194.0,22181750.0151
1753504647534,04:37:27.534,bitmart,ALGO/USDT:USDT,0.2691,2920.0,0.2701,410698.0,0.2695,,917898448.0
1753504647649,04:37:27.649,bitget,ALGO/USDT:USDT,0.2695,27156.3,0.2696,10512.7,0.2697,59037548.4,15456766.59028
1753504647864,04:37:27.864,bybit,ALGO/USDT:USDT,0.2694,34888.8,0.2695,46565.4,0.2695,96446420.2,25255552.7218
1753504646950,04:37:26.950,xt,ALGO/USDT:USDT,,,,,0.2695,,246984706.0
1753504647993,04:37:27.993,bitget,ALGO/USDT:USDT,0.2695,27156.3,0.2696,23512.7,0.2697,59037548.4,15456766.59028
1753504648064,04:37:28.064,bybit,ALGO/USDT:USDT,0.2694,34888.8,0.2695,46567.3,0.2695,96446420.2,25255552.7218
1753504648164,04:37:28.164,bybit,ALGO/USDT:USDT,0.2694,36688.1,0.2695,46567.3,0.2695,96446420.2,25255552.7218
1753504648173,04:37:28.173,phemex,ALGO/USDT:USDT,,,,,0.2694,10413409.5,2723987.43327
1753504648264,04:37:28.264,bybit,ALGO/USDT:USDT,0.2694,35788.1,0.2695,46567.3,0.2695,96446420.2,25255552.7218
1753504648323,04:37:28.323,bitget,ALGO/USDT:USDT,0.2695,27156.3,0.2696,23512.7,0.2697,59037548.4,15456766.59028
1753504648464,04:37:28.464,bybit,ALGO/USDT:USDT,0.2694,36688.1,0.2695,46567.3,0.2695,96446420.2,25255552.7218
1753504648764,04:37:28.764,bybit,ALGO/USDT:USDT,0.2694,25688.1,0.2695,46567.3,0.2695,96446420.2,25255552.7218
1753504648784,04:37:28.784,bitget,ALGO/USDT:USDT,0.2695,27156.3,0.2696,10512.7,0.2697,59037548.4,15456766.59028
1753504648863,04:37:28.863,bybit,ALGO/USDT:USDT,0.2694,23888.8,0.2695,47467.3,0.2695,96446420.2,25255552.7218
1753504648964,04:37:28.964,bybit,ALGO/USDT:USDT,0.2694,24789.1,0.2695,46567.3,0.2695,96446420.2,25255552.7218
1753504649463,04:37:29.463,bybit,ALGO/USDT:USDT,0.2694,18889.8,0.2695,47467.3,0.2695,96446420.2,25255552.7218
1753504649564,04:37:29.564,bybit,ALGO/USDT:USDT,0.2694,19871.6,0.2695,47467.3,0.2695,96446420.2,25255552.7218
1753504649664,04:37:29.664,bybit,ALGO/USDT:USDT,0.2694,20695.0,0.2695,47467.3,0.2695,96446420.2,25255552.7218
1753504644613,04:37:24.613,mexc,ALGO/USDT:USDT,,,,,0.2695,85329194.0,22181750.0151
1753504649788,04:37:29.788,bitget,ALGO/USDT:USDT,0.2695,27156.3,0.2696,24512.7,0.2697,59037548.4,15456766.59028
1753504649864,04:37:29.864,bybit,ALGO/USDT:USDT,0.2694,19789.1,0.2695,46567.3,0.2695,96446420.2,25255552.7218
1753504650163,04:37:30.163,bybit,ALGO/USDT:USDT,0.2694,20689.1,0.2695,46567.3,0.2695,96446420.2,25255552.7218
1753504650563,04:37:30.563,bybit,ALGO/USDT:USDT,0.2694,19789.1,0.2695,46567.3,0.2695,96446420.2,25255552.7218
1753504650615,04:37:30.615,bitmart,ALGO/USDT:USDT,0.2691,2920.0,0.2701,410698.0,0.2695,,917898464.0
1753504650663,04:37:30.663,bybit,ALGO/USDT:USDT,0.2694,19879.6,0.2695,47467.3,0.2695,96446420.2,25255552.7218
1753504650753,04:37:30.753,bitget,ALGO/USDT:USDT,0.2695,27156.3,0.2696,24512.7,0.2697,59037548.4,15456766.59028
1753504650864,04:37:30.864,bybit,ALGO/USDT:USDT,0.2694,37678.9,0.2695,46567.3,0.2695,96446420.2,25255552.7218
1753504650098,04:37:30.098,xt,ALGO/USDT:USDT,,,,,0.2695,,246984715.0
1753504651103,04:37:31.103,bitget,ALGO/USDT:USDT,0.2695,27156.3,0.2696,24512.7,0.2697,59037548.4,15456766.59028
1753504651164,04:37:31.164,bybit,ALGO/USDT:USDT,0.2694,23778.9,0.2695,46567.3,0.2695,96446420.2,25255552.7218
1753504651264,04:37:31.264,bybit,ALGO/USDT:USDT,0.2694,22879.6,0.2695,47467.3,0.2695,96446420.2,25255552.7218
1753504651423,04:37:31.423,bitget,ALGO/USDT:USDT,0.2695,27156.3,0.2696,24512.7,0.2697,59037548.4,15456766.59028
1753504651624,04:37:31.624,bitmart,ALGO/USDT:USDT,0.2691,2920.0,0.2701,410698.0,0.2695,,917898472.0
1753504651663,04:37:31.663,bybit,ALGO/USDT:USDT,0.2694,18889.8,0.2695,48367.2,0.2695,96446420.2,25255552.7218
1753504651895,04:37:31.895,bitget,ALGO/USDT:USDT,0.2695,21725.1,0.2696,25523.0,0.2697,59037548.4,15456766.59028
1753504651964,04:37:31.964,bybit,ALGO/USDT:USDT,0.2694,18923.0,0.2695,48367.2,0.2695,96446420.2,25255552.7218
1753504650613,04:37:30.613,mexc,ALGO/USDT:USDT,,,,,0.2695,85329233.0,22181760.5256
1753504652234,04:37:32.234,binance,ALGO/USDT:USDT,,,,,0.2694,244497612.6,63956867.1134
1753504652234,04:37:32.234,binanceusdm,ALGO/USDT:USDT,,,,,0.2694,244497612.6,63956867.1134
1753504652364,04:37:32.364,bybit,ALGO/USDT:USDT,0.2694,16435.2,0.2695,51548.2,0.2695,96446420.2,25255552.7218
1753504652464,04:37:32.464,bybit,ALGO/USDT:USDT,0.2694,7137.6,0.2695,51523.8,0.2695,96446420.2,25255552.7218
1753504652602,04:37:32.602,bitmart,ALGO/USDT:USDT,0.2691,2920.0,0.27,737455.0,0.2694,,917898478.0
1753504652664,04:37:32.664,bybit,ALGO/USDT:USDT,0.2694,7137.6,0.2695,51548.3,0.2695,96446420.2,25255552.7218
1753504652801,04:37:32.801,bitget,ALGO/USDT:USDT,0.2694,26665.3,0.2696,27429.6,0.2697,59037548.4,15456766.59028
1753504652864,04:37:32.864,bybit,ALGO/USDT:USDT,0.2694,7137.6,0.2695,51523.8,0.2695,96446420.2,25255552.7218
1753504652964,04:37:32.964,bybit,ALGO/USDT:USDT,0.2694,7137.6,0.2695,51548.3,0.2695,96446420.2,25255552.7218
1753504653064,04:37:33.064,bybit,ALGO/USDT:USDT,0.2694,7137.6,0.2695,51523.8,0.2695,96446420.2,25255552.7218
1753504653115,04:37:33.115,bitget,ALGO/USDT:USDT,0.2694,26665.3,0.2695,8201.4,0.2697,59037548.4,15456766.59028
1753504653364,04:37:33.364,bybit,ALGO/USDT:USDT,0.2694,7137.6,0.2695,51548.3,0.2695,96446420.2,25255552.7218
1753504653464,04:37:33.464,bybit,ALGO/USDT:USDT,0.2694,7137.6,0.2695,51523.8,0.2695,96446420.2,25255552.7218
1753504653464,04:37:33.464,bitget,ALGO/USDT:USDT,0.2694,26665.3,0.2695,8201.4,0.2697,59037548.4,15456766.59028
1753504653627,04:37:33.627,bitmart,ALGO/USDT:USDT,0.2691,2920.0,0.27,740398.0,0.2693,,917898488.0
1753504653663,04:37:33.663,bybit,ALGO/USDT:USDT,0.2694,7137.6,0.2695,48441.6,0.2695,96446420.2,25255552.7218
1753504653763,04:37:33.763,bybit,ALGO/USDT:USDT,0.2694,77.0,0.2695,48441.6,0.2695,96446420.2,25255552.7218
1753504653782,04:37:33.782,bitget,ALGO/USDT:USDT,0.2694,26665.3,0.2695,8201.4,0.2697,59037548.4,15456766.59028
1753504653864,04:37:33.864,bybit,ALGO/USDT:USDT,0.2694,77.0,0.2695,57466.1,0.2695,96446420.2,25255552.7218
1753504653241,04:37:33.241,xt,ALGO/USDT:USDT,,,,,0.2693,,246998574.0
1753504653963,04:37:33.963,bybit,ALGO/USDT:USDT,0.2694,77.0,0.2695,48466.1,0.2695,96446420.2,25255552.7218
1753504654113,04:37:34.113,bitget,ALGO/USDT:USDT,0.2694,26665.3,0.2695,8201.4,0.2697,59037548.4,15456766.59028
1753504654183,04:37:34.183,phemex,ALGO/USDT:USDT,,,,,0.2694,10413409.5,2723987.43327
1753504654263,04:37:34.263,bybit,ALGO/USDT:USDT,0.2694,77.0,0.2695,48466.1,0.2695,96412548.1,25246872.2316
1753504652234,04:37:32.234,binance,ALGO/USDT:USDT,,,,,0.2693,244511436.2,63960590.7185
1753504652234,04:37:32.234,binanceusdm,ALGO/USDT:USDT,,,,,0.2693,244511436.2,63960590.7185
1753504650613,04:37:30.613,mexc,ALGO/USDT:USDT,,,,,0.2695,85329233.0,22181760.5256
1753504654573,04:37:34.573,bitget,ALGO/USDT:USDT,0.2694,26665.3,0.2695,8201.4,0.2697,59037548.4,15456766.59028
1753504654614,04:37:34.614,bitmart,ALGO/USDT:USDT,0.2691,2920.0,0.27,740398.0,0.2693,,917898576.0
1753504654763,04:37:34.763,bybit,ALGO/USDT:USDT,0.2694,77.0,0.2695,54466.1,0.2695,96412548.1,25246872.2316
1753504655119,04:37:35.119,bitget,ALGO/USDT:USDT,0.2694,26665.3,0.2695,8201.4,0.2697,59037548.4,15456766.59028
1753504655164,04:37:35.164,bybit,ALGO/USDT:USDT,0.2694,77.0,0.2695,48466.1,0.2695,96412548.1,25246872.2316
1753504655264,04:37:35.264,bybit,ALGO/USDT:USDT,0.2694,8807.6,0.2695,48391.8,0.2695,96412548.1,25246872.2316
1753504655364,04:37:35.364,bybit,ALGO/USDT:USDT,0.2694,8807.6,0.2695,48466.1,0.2695,96412548.1,25246872.2316
1753504655437,04:37:35.437,bitget,ALGO/USDT:USDT,0.2694,26665.3,0.2695,8201.4,0.2697,59037548.4,15456766.59028
1753504655564,04:37:35.564,bybit,ALGO/USDT:USDT,0.2694,8807.6,0.2695,48466.6,0.2695,96412548.1,25246872.2316
1753504655612,04:37:35.612,bitmart,ALGO/USDT:USDT,0.2691,2920.0,0.27,740398.0,0.2693,,917898582.0
1753504655779,04:37:35.779,bitget,ALGO/USDT:USDT,0.2694,26665.3,0.2695,8201.4,0.2697,59037548.4,15456766.59028
1753504656064,04:37:36.064,bybit,ALGO/USDT:USDT,0.2694,1764.8,0.2695,49208.8,0.2695,96412548.1,25246872.2316
1753504656114,04:37:36.114,bitget,ALGO/USDT:USDT,0.2694,26665.3,0.2695,8201.4,0.2697,59037548.4,15456766.59028
1753504656428,04:37:36.428,bitget,ALGO/USDT:USDT,0.2694,26665.3,0.2695,8201.4,0.2697,59037548.4,15456766.59028
1753504656464,04:37:36.464,bybit,ALGO/USDT:USDT,0.2694,1764.8,0.2695,52291.0,0.2695,96412548.1,25246872.2316
1753504654618,04:37:34.618,mexc,ALGO/USDT:USDT,,,,,0.2695,85329233.0,22181760.5256
1753504656763,04:37:36.763,bybit,ALGO/USDT:USDT,0.2694,1764.8,0.2695,68291.0,0.2695,96412548.1,25246872.2316
1753504656866,04:37:36.866,bitget,ALGO/USDT:USDT,0.2694,26665.3,0.2695,23211.7,0.2697,59037548.4,15456766.59028
1753504655854,04:37:35.854,xt,ALGO/USDT:USDT,,,,,0.2693,,246998582.0
1753504656964,04:37:36.964,bybit,ALGO/USDT:USDT,0.2694,1764.8,0.2695,56291.0,0.2695,96412548.1,25246872.2316
1753504657188,04:37:37.188,phemex,ALGO/USDT:USDT,,,,,0.2694,10413409.5,2723987.43327
1753504657364,04:37:37.364,bybit,ALGO/USDT:USDT,0.2694,1764.8,0.2695,53208.8,0.2695,96412548.1,25246872.2316
1753504657563,04:37:37.563,bybit,ALGO/USDT:USDT,0.2694,1764.8,0.2695,53134.5,0.2695,96412548.1,25246872.2316
1753504657561,04:37:37.561,bitget,ALGO/USDT:USDT,0.2694,26665.3,0.2695,22201.4,0.2697,59037548.4,15456766.59028
1753504657664,04:37:37.664,bybit,ALGO/USDT:USDT,0.2694,1764.8,0.2695,53208.8,0.2695,96412548.1,25246872.2316
1753504657764,04:37:37.764,bybit,ALGO/USDT:USDT,0.2694,1764.8,0.2695,58208.8,0.2695,96412548.1,25246872.2316
1753504657735,04:37:37.735,binanceusdm,ALGO/USDT:USDT,,,,,0.2693,244511458.5,63960596.7239
1753504657735,04:37:37.735,binance,ALGO/USDT:USDT,,,,,0.2693,244511458.5,63960596.7239
1753504657880,04:37:37.880,bitget,ALGO/USDT:USDT,0.2694,26665.3,0.2695,22201.4,0.2697,59037548.4,15456766.59028
1753504658236,04:37:38.236,bitget,ALGO/USDT:USDT,0.2694,24758.7,0.2695,23211.7,0.2697,59037548.4,15456766.59028
1753504658563,04:37:38.563,bitget,ALGO/USDT:USDT,0.2694,24758.7,0.2695,22201.4,0.2697,59037548.4,15456766.59028
1753504658864,04:37:38.864,bybit,ALGO/USDT:USDT,0.2693,19693.0,0.2694,43060.7,0.2693,96421454.7,25249270.9554
1753504658891,04:37:38.891,bitget,ALGO/USDT:USDT,0.2694,24758.7,0.2695,22201.4,0.2697,59037548.4,15456766.59028
1753504658963,04:37:38.963,bybit,ALGO/USDT:USDT,0.2693,19693.0,0.2694,43060.7,0.2693,96421454.7,25249270.9554
1753504658622,04:37:38.622,mexc,ALGO/USDT:USDT,,,,,0.2695,85329233.0,22181760.5256
1753504659064,04:37:39.064,bybit,ALGO/USDT:USDT,0.2693,20593.0,0.2694,43060.7,0.2693,96421454.7,25249270.9554
1753504659490,04:37:39.490,bitget,ALGO/USDT:USDT,0.2694,24758.7,0.2695,26967.9,0.2697,59037548.4,15456766.59028
1753504659564,04:37:39.564,bybit,ALGO/USDT:USDT,0.2693,19693.0,0.2694,43060.7,0.2693,96421454.7,25249270.9554
1753504659763,04:37:39.763,bybit,ALGO/USDT:USDT,0.2693,34593.0,0.2694,43060.7,0.2693,96421454.7,25249270.9554
1753504659659,04:37:39.659,binanceusdm,ALGO/USDT:USDT,,,,,0.2694,244511938.1,63960725.8841
1753504659659,04:37:39.659,binance,ALGO/USDT:USDT,,,,,0.2694,244511938.1,63960725.8841
1753504659964,04:37:39.964,bybit,ALGO/USDT:USDT,0.2693,19693.0,0.2694,43060.7,0.2693,96421454.7,25249270.9554
1753504659251,04:37:39.251,xt,ALGO/USDT:USDT,,,,,0.2693,,246998612.0
1753504660063,04:37:40.063,bybit,ALGO/USDT:USDT,0.2693,16649.0,0.2694,43135.0,0.2693,96421454.7,25249270.9554
1753504660163,04:37:40.163,bybit,ALGO/USDT:USDT,0.2693,16649.0,0.2694,43135.0,0.2693,96421454.7,25249270.9554
1753504660262,04:37:40.262,gateio,ALGO/USDT:USDT,,,,,0.26934,11792580.0,3176212.0
1753504660363,04:37:40.363,bybit,ALGO/USDT:USDT,0.2693,9911.2,0.2694,44934.3,0.2693,96421454.7,25249270.9554
1753504660410,04:37:40.410,gate,ALGO/USDT:USDT,,,,,0.26934,11792580.0,3176212.0
1753504660398,04:37:40.398,bitget,ALGO/USDT:USDT,0.2694,20496.6,0.2695,27978.2,0.2697,59037548.4,15456766.59028
1753504660522,04:37:40.522,bitmart,ALGO/USDT:USDT,0.2691,2920.0,0.27,742839.0,0.2693,,917995512.0
1753504660564,04:37:40.564,bybit,ALGO/USDT:USDT,0.2693,9911.2,0.2694,49160.5,0.2693,96421454.7,25249270.9554
1753504660664,04:37:40.664,bybit,ALGO/USDT:USDT,0.2693,9911.2,0.2694,48260.5,0.2693,96421454.7,25249270.9554
1753504660763,04:37:40.763,bybit,ALGO/USDT:USDT,0.2693,9911.2,0.2694,49160.5,0.2693,96421454.7,25249270.9554
1753504660864,04:37:40.864,bybit,ALGO/USDT:USDT,0.2693,5009.2,0.2694,48285.0,0.2693,96430361.3,25251669.5028
1753504660964,04:37:40.964,bybit,ALGO/USDT:USDT,0.2693,5009.2,0.2694,49160.5,0.2693,96430361.3,25251669.5028
1753504661064,04:37:41.064,bybit,ALGO/USDT:USDT,0.2693,5009.2,0.2694,49185.0,0.2693,96430361.3,25251669.5028
1753504661174,04:37:41.174,bitget,ALGO/USDT:USDT,0.2694,5626.4,0.2695,26012.3,0.2697,59037548.4,15456766.59028
1753504660640,04:37:40.640,mexc,ALGO/USDT:USDT,,,,,0.2693,85329283.0,22181773.9906
1753504661613,04:37:41.613,bitmart,ALGO/USDT:USDT,0.2691,2920.0,0.27,871073.0,0.2693,,917997274.0
1753504661764,04:37:41.764,bybit,ALGO/USDT:USDT,0.2693,13009.2,0.2694,49291.6,0.2693,96430361.3,25251669.5028
1753504660794,04:37:40.794,binance,ALGO/USDT:USDT,,,,,0.2694,244513930.6,63961262.6636
1753504660794,04:37:40.794,binanceusdm,ALGO/USDT:USDT,,,,,0.2694,244513930.6,63961262.6636
1753504661864,04:37:41.864,bybit,ALGO/USDT:USDT,0.2693,5009.2,0.2694,49291.6,0.2693,96430361.3,25251669.5028
1753504661964,04:37:41.964,bybit,ALGO/USDT:USDT,0.2693,5009.2,0.2694,49545.9,0.2693,96430361.3,25251669.5028
1753504662257,04:37:42.257,bitget,ALGO/USDT:USDT,0.2694,19626.4,0.2695,74565.6,0.2697,59037548.4,15456766.59028
1753504662538,04:37:42.538,bitmart,ALGO/USDT:USDT,0.2691,2920.0,0.27,871073.0,0.2692,,917999032.0
1753504661704,04:37:41.704,xt,ALGO/USDT:USDT,,,,,0.2694,,246810201.0
1753504663264,04:37:43.264,bybit,ALGO/USDT:USDT,0.2693,5009.2,0.2694,47746.6,0.2693,96430361.3,25251669.5028
1753504663425,04:37:43.425,bitget,ALGO/USDT:USDT,0.2694,5626.4,0.2695,74565.6,0.2697,59037548.4,15456766.59028
1753504663464,04:37:43.464,bybit,ALGO/USDT:USDT,0.2693,14306.8,0.2694,47672.3,0.2693,96430361.3,25251669.5028
1753504663563,04:37:43.563,bybit,ALGO/USDT:USDT,0.2693,18776.6,0.2694,47672.3,0.2693,96430361.3,25251669.5028
1753504663614,04:37:43.614,bitmart,ALGO/USDT:USDT,0.2691,2920.0,0.2699,1628.0,0.2692,,918001374.0
1753504663663,04:37:43.663,bybit,ALGO/USDT:USDT,0.2693,34776.6,0.2694,47672.3,0.2693,96430361.3,25251669.5028
1753504660640,04:37:40.640,mexc,ALGO/USDT:USDT,,,,,0.2693,85329283.0,22181773.9906
1753504663763,04:37:43.763,bybit,ALGO/USDT:USDT,0.2693,34776.6,0.2694,47647.8,0.2693,96430361.3,25251669.5028
1753504663964,04:37:43.964,bybit,ALGO/USDT:USDT,0.2693,34776.6,0.2694,43421.6,0.2693,96430361.3,25251669.5028
1753504664481,04:37:44.481,bitget,ALGO/USDT:USDT,0.2694,29231.4,0.2695,10105.7,0.2697,59037548.4,15456766.59028
1753504664513,04:37:44.513,bitmart,ALGO/USDT:USDT,0.2691,2920.0,0.2699,2943.0,0.2692,,918001374.0
1753504664664,04:37:44.664,bybit,ALGO/USDT:USDT,0.2693,32977.3,0.2694,44321.6,0.2693,96430361.3,25251669.5028
1753504664764,04:37:44.764,bybit,ALGO/USDT:USDT,0.2693,32977.3,0.2694,44395.9,0.2693,96430361.3,25251669.5028
1753504664823,04:37:44.823,bitget,ALGO/USDT:USDT,0.2694,28221.1,0.2695,24022.6,0.2697,59037548.4,15456766.59028
1753504664864,04:37:44.864,bybit,ALGO/USDT:USDT,0.2693,15106.8,0.2694,44395.9,0.2693,96430361.3,25251669.5028
1753504664964,04:37:44.964,bybit,ALGO/USDT:USDT,0.2693,15106.8,0.2694,43495.9,0.2693,96430361.3,25251669.5028
1753504665064,04:37:45.064,bybit,ALGO/USDT:USDT,0.2693,15106.8,0.2694,43421.6,0.2693,96430361.3,25251669.5028
1753504665164,04:37:45.164,bybit,ALGO/USDT:USDT,0.2693,17237.0,0.2694,43421.6,0.2693,96430361.3,25251669.5028
1753504665140,04:37:45.140,bitget,ALGO/USDT:USDT,0.2694,28221.1,0.2695,24022.6,0.2697,59037548.4,15456766.59028
1753504665364,04:37:45.364,bybit,ALGO/USDT:USDT,0.2693,18137.0,0.2694,43421.6,0.2693,96430361.3,25251669.5028
1753504665452,04:37:45.452,bitget,ALGO/USDT:USDT,0.2694,28221.1,0.2695,23012.3,0.2697,59037548.4,15456766.59028
1753504665513,04:37:45.513,bitmart,ALGO/USDT:USDT,0.2691,2920.0,0.2699,53337.0,0.2692,,918001374.0
1753504665663,04:37:45.663,bybit,ALGO/USDT:USDT,0.2693,34137.0,0.2694,43421.6,0.2693,96430361.3,25251669.5028
1753504665783,04:37:45.783,bitget,ALGO/USDT:USDT,0.2694,28221.1,0.2695,23012.3,0.2697,59037548.4,15456766.59028
1753504664918,04:37:44.918,xt,ALGO/USDT:USDT,,,,,0.2694,,246810217.0
1753504665990,04:37:45.990,kucoinfutures,ALGO/USDT:USDT,0.26929,1562.0,0.26943,1551.0,0.26942,,
1753504660640,04:37:40.640,mexc,ALGO/USDT:USDT,,,,,0.2693,85329283.0,22181773.9906
1753504666132,04:37:46.132,bitget,ALGO/USDT:USDT,0.2694,28221.1,0.2695,23012.3,0.2697,59037548.4,15456766.59028
1753504666364,04:37:46.364,bybit,ALGO/USDT:USDT,0.2693,32337.7,0.2694,43488.1,0.2693,96430361.3,25251669.5028
1753504666464,04:37:46.464,bybit,ALGO/USDT:USDT,0.2693,32337.7,0.2694,43413.8,0.2693,96430361.3,25251669.5028
1753504666441,04:37:46.441,bitget,ALGO/USDT:USDT,0.2694,28221.1,0.2695,23012.3,0.2697,59037548.4,15456766.59028
1753504666621,04:37:46.621,bitmart,ALGO/USDT:USDT,0.2691,2920.0,0.2699,53337.0,0.2693,,918001382.0
1753504666663,04:37:46.663,bybit,ALGO/USDT:USDT,0.2693,24106.8,0.2694,44389.1,0.2693,96430361.3,25251669.5028
1753504666764,04:37:46.764,bybit,ALGO/USDT:USDT,0.2693,12734.2,0.2694,45288.4,0.2693,96430361.3,25251669.5028
1753504666761,04:37:46.761,bitget,ALGO/USDT:USDT,0.2694,28221.1,0.2695,23012.3,0.2697,59037548.4,15456766.59028
1753504621460,04:37:01.460,blofin,ALGO/USDT:USDT,0.2691,3.0,0.2693,1779.0,0.2692,588074.0,
1753504667122,04:37:47.122,bitget,ALGO/USDT:USDT,0.2694,14869.6,0.2695,24022.6,0.2697,59037548.4,15456766.59028
1753504667264,04:37:47.264,bybit,ALGO/USDT:USDT,0.2693,12734.2,0.2694,43414.8,0.2693,96430361.3,25251669.5028
1753504667464,04:37:47.464,bybit,ALGO/USDT:USDT,0.2693,12734.2,0.2694,45288.4,0.2693,96430361.3,25251669.5028
1753504667552,04:37:47.552,bitmart,ALGO/USDT:USDT,0.2691,2920.0,0.2699,53337.0,0.2693,,918001382.0
1753504667528,04:37:47.528,bitget,ALGO/USDT:USDT,0.2694,19131.7,0.2695,28638.7,0.2697,59037548.4,15456766.59028
1753504667563,04:37:47.563,bybit,ALGO/USDT:USDT,0.2693,11934.2,0.2694,45288.4,0.2693,96430361.3,25251669.5028
1753504667664,04:37:47.664,bybit,ALGO/USDT:USDT,0.2693,27934.2,0.2694,45312.9,0.2693,96430361.3,25251669.5028
1753504667763,04:37:47.763,bybit,ALGO/USDT:USDT,0.2693,27934.2,0.2694,45288.4,0.2693,96430361.3,25251669.5028
1753504667963,04:37:47.963,bybit,ALGO/USDT:USDT,0.2693,11934.2,0.2694,45316.6,0.2693,96430361.3,25251669.5028
1753504668098,04:37:48.098,bitget,ALGO/USDT:USDT,0.2694,14869.6,0.2695,32649.0,0.2697,59037548.4,15456766.59028
1753504668264,04:37:48.264,bybit,ALGO/USDT:USDT,0.2693,11934.2,0.2694,45365.8,0.2693,96430361.3,25251669.5028
1753504660640,04:37:40.640,mexc,ALGO/USDT:USDT,,,,,0.2693,85329283.0,22181773.9906
1753504668364,04:37:48.364,bybit,ALGO/USDT:USDT,0.2693,11934.2,0.2694,45390.3,0.2693,96430361.3,25251669.5028
1753504668464,04:37:48.464,bybit,ALGO/USDT:USDT,0.2693,11934.2,0.2694,44491.0,0.2693,96430361.3,25251669.5028
1753504668455,04:37:48.455,bitget,ALGO/USDT:USDT,0.2694,19131.7,0.2695,31638.7,0.2697,59037548.4,15456766.59028
1753504668564,04:37:48.564,bybit,ALGO/USDT:USDT,0.2693,11934.2,0.2694,43516.7,0.2693,96430361.3,25251669.5028
1753504668664,04:37:48.664,bybit,ALGO/USDT:USDT,0.2693,21934.2,0.2694,43517.2,0.2693,96430361.3,25251669.5028
1753504668764,04:37:48.764,bybit,ALGO/USDT:USDT,0.2693,11934.2,0.2694,45366.3,0.2693,96430361.3,25251669.5028
1753504668781,04:37:48.781,bitget,ALGO/USDT:USDT,0.2694,19131.7,0.2695,31638.7,0.2697,59037548.4,15456766.59028
1753504668311,04:37:48.311,xt,ALGO/USDT:USDT,,,,,0.2694,,246810231.0
1753504669089,04:37:49.089,bitget,ALGO/USDT:USDT,0.2694,19131.7,0.2695,31638.7,0.2697,59037548.4,15456766.59028
1753504669364,04:37:49.364,bybit,ALGO/USDT:USDT,0.2693,2636.6,0.2694,45390.8,0.2693,96430361.3,25251669.5028
1753504669402,04:37:49.402,bitget,ALGO/USDT:USDT,0.2694,19131.7,0.2695,30742.4,0.2697,59037548.4,15456766.59028
1753504669663,04:37:49.663,bybit,ALGO/USDT:USDT,0.2693,12536.1,0.2694,45389.8,0.2693,96430361.3,25251669.5028
1753504669764,04:37:49.764,bybit,ALGO/USDT:USDT,0.2693,3536.1,0.2694,45389.8,0.2693,96430361.3,25251669.5028
1753504669882,04:37:49.882,bitget,ALGO/USDT:USDT,0.2694,19131.7,0.2695,32649.0,0.2697,59037548.4,15456766.59028
1753504670064,04:37:50.064,bybit,ALGO/USDT:USDT,0.2693,3536.1,0.2694,45389.8,0.2693,96430361.3,25251669.5028
1753504670263,04:37:50.263,bybit,ALGO/USDT:USDT,0.2693,4583.9,0.2694,45260.1,0.2693,96430361.3,25251669.5028
1753504670364,04:37:50.364,bybit,ALGO/USDT:USDT,0.2693,4583.9,0.2694,45260.1,0.2693,96430361.3,25251669.5028
1753504670518,04:37:50.518,bitmart,ALGO/USDT:USDT,0.2691,2920.0,0.2699,53337.0,0.2693,,918001394.0
1753504670518,04:37:50.518,binance,ALGO/USDT:USDT,,,,,0.2693,244513951.1,63961268.1842
1753504670518,04:37:50.518,binanceusdm,ALGO/USDT:USDT,,,,,0.2693,244513951.1,63961268.1842
1753504670663,04:37:50.663,bybit,ALGO/USDT:USDT,0.2693,14583.9,0.2694,43386.5,0.2693,96430361.3,25251669.5028
1753504660640,04:37:40.640,mexc,ALGO/USDT:USDT,,,,,0.2693,85329283.0,22181773.9906
1753504670727,04:37:50.727,bitget,ALGO/USDT:USDT,0.2694,18262.1,0.2695,31638.7,0.2697,59037548.4,15456766.59028
1753504670864,04:37:50.864,bybit,ALGO/USDT:USDT,0.2693,14583.9,0.2694,45260.1,0.2693,96430361.3,25251669.5028
1753504670964,04:37:50.964,bybit,ALGO/USDT:USDT,0.2693,24791.7,0.2694,43386.5,0.2693,96430361.3,25251669.5028
1753504671064,04:37:51.064,bybit,ALGO/USDT:USDT,0.2693,24791.7,0.2694,43362.0,0.2693,96430361.3,25251669.5028
1753504671163,04:37:51.163,bybit,ALGO/USDT:USDT,0.2693,23892.4,0.2694,43362.0,0.2693,96430361.3,25251669.5028
1753504671264,04:37:51.264,bybit,ALGO/USDT:USDT,0.2693,23892.4,0.2694,44336.3,0.2693,96430361.3,25251669.5028
1753504671364,04:37:51.364,bybit,ALGO/USDT:USDT,0.2693,23892.4,0.2694,48204.3,0.2693,96430361.3,25251669.5028
1753504671464,04:37:51.464,bybit,ALGO/USDT:USDT,0.2693,23892.4,0.2694,48228.8,0.2693,96430361.3,25251669.5028
1753504671564,04:37:51.564,bybit,ALGO/USDT:USDT,0.2693,23892.4,0.2694,48154.5,0.2693,96430361.3,25251669.5028
1753504671567,04:37:51.567,bitget,ALGO/USDT:USDT,0.2694,18262.1,0.2695,26872.2,0.2697,59037548.4,15456766.59028
1753504671626,04:37:51.626,bitmart,ALGO/USDT:USDT,0.2691,2920.0,0.2699,53337.0,0.2692,,918001400.0
1753504671763,04:37:51.763,bybit,ALGO/USDT:USDT,0.2693,25592.4,0.2694,47254.5,0.2693,96430361.3,25251669.5028
1753504671864,04:37:51.864,bybit,ALGO/USDT:USDT,0.2693,26491.7,0.2694,47254.5,0.2693,96430361.3,25251669.5028
1753504671899,04:37:51.899,bitget,ALGO/USDT:USDT,0.2694,19272.4,0.2695,12872.2,0.2697,59037548.4,15456766.59028
1753504670739,04:37:50.739,xt,ALGO/USDT:USDT,,,,,0.2693,,246810278.0
1753504672063,04:37:52.063,bybit,ALGO/USDT:USDT,0.2693,26491.7,0.2694,47230.0,0.2693,96430361.3,25251669.5028
1753504672164,04:37:52.164,bybit,ALGO/USDT:USDT,0.2693,26491.7,0.2694,47230.0,0.2693,96430361.3,25251669.5028
1753504672279,04:37:52.279,bitget,ALGO/USDT:USDT,0.2694,19272.4,0.2695,12872.2,0.2697,59037548.4,15456766.59028
1753504670518,04:37:50.518,binance,ALGO/USDT:USDT,,,,,0.2693,244513972.7,63961274.0011
1753504670518,04:37:50.518,binanceusdm,ALGO/USDT:USDT,,,,,0.2693,244513972.7,63961274.0011
1753504672564,04:37:52.564,bybit,ALGO/USDT:USDT,0.2693,32491.7,0.2694,47254.5,0.2693,96430361.3,25251669.5028
1753504672613,04:37:52.613,bitget,ALGO/USDT:USDT,0.2694,19272.4,0.2695,12872.2,0.2697,59037548.4,15456766.59028
1753504672663,04:37:52.663,bybit,ALGO/USDT:USDT,0.2693,32491.7,0.2694,47230.0,0.2693,96430361.3,25251669.5028
1753504672863,04:37:52.863,bybit,ALGO/USDT:USDT,0.2693,32491.7,0.2694,47304.0,0.2693,96430361.3,25251669.5028
1753504672955,04:37:52.955,bitget,ALGO/USDT:USDT,0.2694,19272.4,0.2695,12872.2,0.2697,59037548.4,15456766.59028
1753504672619,04:37:52.619,mexc,ALGO/USDT:USDT,,,,,0.2693,85329307.0,22181780.4538
1753504673534,04:37:53.534,bitmart,ALGO/USDT:USDT,0.2691,2920.0,0.2699,53337.0,0.2692,,918005800.0
1753504673764,04:37:53.764,bybit,ALGO/USDT:USDT,0.2693,30692.4,0.2694,47304.0,0.2693,96430361.3,25251669.5028
1753504673976,04:37:53.976,bitget,ALGO/USDT:USDT,0.2694,18262.1,0.2695,22872.2,0.2697,59037548.4,15456766.59028
1753504674164,04:37:54.164,bybit,ALGO/USDT:USDT,0.2693,32491.7,0.2694,47304.0,0.2693,96430361.3,25251669.5028
1753504674285,04:37:54.285,bitget,ALGO/USDT:USDT,0.2694,18262.1,0.2695,22872.2,0.2697,59037548.4,15456766.59028
1753504674626,04:37:54.626,bitmart,ALGO/USDT:USDT,0.2691,2920.0,0.2699,53337.0,0.2693,,918005808.0
1753504674730,04:37:54.730,bitget,ALGO/USDT:USDT,0.2694,18262.1,0.2695,22872.2,0.2697,59037548.4,15456766.59028
1753504673762,04:37:53.762,xt,ALGO/USDT:USDT,,,,,0.2693,,246810287.0
1753504675302,04:37:55.302,bitget,ALGO/USDT:USDT,0.2694,18262.1,0.2695,22872.2,0.2697,59037548.4,15456766.59028
1753504672619,04:37:52.619,mexc,ALGO/USDT:USDT,,,,,0.2693,85329307.0,22181780.4538
1753504675464,04:37:55.464,bybit,ALGO/USDT:USDT,0.2693,32498.7,0.2694,47304.0,0.2693,96430361.3,25251669.5028
1753504675616,04:37:55.616,bitmart,ALGO/USDT:USDT,0.2691,2920.0,0.2699,53337.0,0.2693,,918005818.0
1753504675618,04:37:55.618,bitget,ALGO/USDT:USDT,0.2694,18262.1,0.2695,22872.2,0.2697,59037548.4,15456766.59028
1753504675663,04:37:55.663,bybit,ALGO/USDT:USDT,0.2693,32499.4,0.2694,47304.0,0.2693,96430361.3,25251669.5028
1753504675964,04:37:55.964,bybit,ALGO/USDT:USDT,0.2693,30705.4,0.2694,48278.3,0.2693,96430361.3,25251669.5028
1753504675961,04:37:55.961,bitget,ALGO/USDT:USDT,0.2694,18262.1,0.2695,22872.2,0.2697,59037548.4,15456766.59028
1753504676282,04:37:56.282,bitget,ALGO/USDT:USDT,0.2694,18262.1,0.2695,22872.2,0.2697,59037548.4,15456766.59028
1753504676364,04:37:56.364,bybit,ALGO/USDT:USDT,0.2693,32504.7,0.2694,47304.0,0.2693,96430361.3,25251669.5028
1753504676464,04:37:56.464,bybit,ALGO/USDT:USDT,0.2693,32503.8,0.2694,47304.0,0.2693,96430361.3,25251669.5028
1753504676601,04:37:56.601,bitmart,ALGO/USDT:USDT,0.2691,2920.0,0.2699,53337.0,0.2692,,918005824.0
1753504676619,04:37:56.619,bitget,ALGO/USDT:USDT,0.2694,18262.1,0.2695,22872.2,0.2697,59037548.4,15456766.59028
1753504676664,04:37:56.664,bybit,ALGO/USDT:USDT,0.2693,32503.8,0.2694,47302.3,0.2693,96430361.3,25251669.5028
1753504677007,04:37:57.007,bitget,ALGO/USDT:USDT,0.2694,18262.1,0.2695,22872.2,0.2697,59037548.4,15456766.59028
1753504677502,04:37:57.502,bitget,ALGO/USDT:USDT,0.2694,18262.1,0.2695,12872.2,0.2697,59037548.4,15456766.59028
1753504672619,04:37:52.619,mexc,ALGO/USDT:USDT,,,,,0.2693,85329307.0,22181780.4538
1753504676920,04:37:56.920,xt,ALGO/USDT:USDT,,,,,0.2693,,246810296.0
1753504621460,04:37:01.460,blofin,ALGO/USDT:USDT,0.2691,7.0,0.2693,1784.0,0.2692,588074.0,
1753504678237,04:37:58.237,bitget,ALGO/USDT:USDT,0.2694,18262.1,0.2695,12872.2,0.2697,59037548.4,15456766.59028
1753504678616,04:37:58.616,bitmart,ALGO/USDT:USDT,0.2691,2920.0,0.2699,53337.0,0.2693,,918005844.0
1753504678643,04:37:58.643,bitget,ALGO/USDT:USDT,0.2694,18262.1,0.2695,12872.2,0.2697,59037548.4,15456766.59028
1753504678964,04:37:58.964,bybit,ALGO/USDT:USDT,0.2693,32503.8,0.2694,36776.2,0.2693,96430361.3,25251669.5028
1753504679064,04:37:59.064,bybit,ALGO/USDT:USDT,0.2693,30704.5,0.2694,36776.2,0.2693,96430361.3,25251669.5028
1753504679263,04:37:59.263,bybit,ALGO/USDT:USDT,0.2693,31604.5,0.2694,36776.2,0.2693,96430361.3,25251669.5028
1753504679303,04:37:59.303,bitget,ALGO/USDT:USDT,0.2694,18262.1,0.2695,12872.2,0.2697,59037548.4,15456766.59028
1753504679364,04:37:59.364,bybit,ALGO/USDT:USDT,0.2693,32503.8,0.2694,36776.2,0.2693,96430361.3,25251669.5028
1753504679563,04:37:59.563,bybit,ALGO/USDT:USDT,0.2693,32506.6,0.2694,36776.2,0.2693,96430361.3,25251669.5028
1753504679677,04:37:59.677,bitget,ALGO/USDT:USDT,0.2694,18262.1,0.2695,12872.2,0.2697,59037548.4,15456766.59028
1753504672619,04:37:52.619,mexc,ALGO/USDT:USDT,,,,,0.2693,85329307.0,22181780.4538
1753504679989,04:37:59.989,bitget,ALGO/USDT:USDT,0.2694,18262.1,0.2695,12872.2,0.2697,59037548.4,15456766.59028
1753504680164,04:38:00.164,bybit,ALGO/USDT:USDT,0.2693,32506.6,0.2694,20072.5,0.2694,96447065.0,25256169.4796
1753504680145,04:38:00.145,binance,ALGO/USDT:USDT,,,,,0.2694,244324607.4,63912757.5546
1753504680145,04:38:00.145,binanceusdm,ALGO/USDT:USDT,,,,,0.2694,244324607.4,63912757.5546
1753504680257,04:38:00.257,gateio,ALGO/USDT:USDT,,,,,0.26934,11792580.0,3176212.0
1753504680263,04:38:00.263,bybit,ALGO/USDT:USDT,0.2693,40403.9,0.2694,4241.6,0.2694,96447065.0,25256169.4796
1753504680363,04:38:00.363,bybit,ALGO/USDT:USDT,0.2693,34343.1,0.2694,9373.7,0.2694,96447065.0,25256169.4796
1753504680343,04:38:00.343,bitget,ALGO/USDT:USDT,0.2694,18262.1,0.2695,12872.2,0.2697,59037548.4,15456766.59028
1753504680398,04:38:00.398,gate,ALGO/USDT:USDT,,,,,0.26934,11792580.0,3176212.0
1753504680464,04:38:00.464,bybit,ALGO/USDT:USDT,0.2693,33526.3,0.2694,9379.1,0.2694,96447065.0,25256169.4796
1753504680742,04:38:00.742,bitget,ALGO/USDT:USDT,0.2695,3463.0,0.2696,76177.3,0.2695,59027356.6,15454150.35522
1753504680096,04:38:00.096,xt,ALGO/USDT:USDT,,,,,0.2693,,246810312.0
1753504680964,04:38:00.964,bybit,ALGO/USDT:USDT,0.2693,33386.3,0.2694,9379.1,0.2694,96447065.0,25256169.4796
1753504681164,04:38:01.164,bybit,ALGO/USDT:USDT,0.2693,33386.3,0.2694,18211.3,0.2694,96447065.0,25256169.4796
1753504680253,04:38:00.253,blofin,ALGO/USDT:USDT,0.2691,3.0,0.2693,237.0,0.2693,588019.0,
1753504681264,04:38:01.264,bybit,ALGO/USDT:USDT,0.2693,32487.0,0.2694,18211.3,0.2694,96447065.0,25256169.4796
1753504681364,04:38:01.364,bybit,ALGO/USDT:USDT,0.2693,33386.3,0.2694,18211.3,0.2694,96447065.0,25256169.4796
1753504681463,04:38:01.463,bybit,ALGO/USDT:USDT,0.2693,27386.3,0.2694,18211.3,0.2694,96447065.0,25256169.4796
1753504681493,04:38:01.493,bitget,ALGO/USDT:USDT,0.2695,3463.0,0.2696,75167.0,0.2695,59027809.8,15454272.49262
1753504681536,04:38:01.536,bitmart,ALGO/USDT:USDT,0.2691,2920.0,0.27,740398.0,0.2694,,917188536.0
1753504681564,04:38:01.564,bybit,ALGO/USDT:USDT,0.2693,25587.0,0.2694,18211.3,0.2694,96447065.0,25256169.4796
1753504681663,04:38:01.663,bybit,ALGO/USDT:USDT,0.2693,27386.3,0.2694,18211.3,0.2694,96447065.0,25256169.4796
1753504681763,04:38:01.763,bybit,ALGO/USDT:USDT,0.2693,25744.5,0.2694,18211.3,0.2694,96447065.0,25256169.4796
1753504682063,04:38:02.063,bybit,ALGO/USDT:USDT,0.2693,25744.5,0.2694,18211.3,0.2694,96447065.0,25256169.4796
1753504682163,04:38:02.163,bybit,ALGO/USDT:USDT,0.2693,26643.8,0.2694,18211.3,0.2694,96447065.0,25256169.4796
1753504680145,04:38:00.145,binance,ALGO/USDT:USDT,,,,,0.2694,244336471.2,63915953.6623
1753504680145,04:38:00.145,binanceusdm,ALGO/USDT:USDT,,,,,0.2694,244336471.2,63915953.6623
1753504682264,04:38:02.264,bybit,ALGO/USDT:USDT,0.2693,25744.5,0.2694,18211.3,0.2694,96447065.0,25256169.4796
1753504682364,04:38:02.364,bybit,ALGO/USDT:USDT,0.2693,24844.5,0.2694,18211.3,0.2694,96447065.0,25256169.4796
1753504672619,04:37:52.619,mexc,ALGO/USDT:USDT,,,,,0.2693,85329307.0,22181780.4538
1753504682484,04:38:02.484,bitget,ALGO/USDT:USDT,0.2694,25572.5,0.2695,19578.2,0.2695,59037548.4,15456766.59028
1753504682622,04:38:02.622,bitmart,ALGO/USDT:USDT,0.2691,2920.0,0.27,2943.0,0.2693,,917188622.0
1753504682664,04:38:02.664,bybit,ALGO/USDT:USDT,0.2693,25744.5,0.2694,18211.3,0.2694,96447065.0,25256169.4796
1753504683064,04:38:03.064,bybit,ALGO/USDT:USDT,0.2693,25744.5,0.2694,18234.2,0.2694,96447065.0,25256169.4796
1753504683072,04:38:03.072,bitget,ALGO/USDT:USDT,0.2694,25572.5,0.2695,19578.2,0.2695,59027809.8,15454272.49262
1753504683263,04:38:03.263,bybit,ALGO/USDT:USDT,0.2693,26643.8,0.2694,18234.2,0.2694,96447065.0,25256169.4796
1753504683424,04:38:03.424,bitget,ALGO/USDT:USDT,0.2694,25572.5,0.2695,19100.4,0.2695,59027809.8,15454272.49262
1753504683612,04:38:03.612,bitmart,ALGO/USDT:USDT,0.2691,2920.0,0.27,2943.0,0.2693,,917188630.0
1753504683763,04:38:03.763,bybit,ALGO/USDT:USDT,0.2693,18382.8,0.2694,46404.6,0.2694,96447065.0,25256169.4796
1753504683795,04:38:03.795,bitget,ALGO/USDT:USDT,0.2694,26582.8,0.2695,14838.3,0.2695,59037548.4,15456766.59028
1753504683864,04:38:03.864,bybit,ALGO/USDT:USDT,0.2693,4746.9,0.2694,46478.9,0.2694,96447065.0,25256169.4796
1753504682640,04:38:02.640,xt,ALGO/USDT:USDT,,,,,0.2694,,246823331.0
1753504683964,04:38:03.964,bybit,ALGO/USDT:USDT,0.2693,3818.6,0.2694,49560.7,0.2694,96447065.0,25256169.4796
1753504684164,04:38:04.164,bybit,ALGO/USDT:USDT,0.2693,5200.3,0.2694,49560.7,0.2694,96447065.0,25256169.4796
1753504683688,04:38:03.688,binance,ALGO/USDT:USDT,,,,,0.2694,244337657.9,63916273.3592
1753504683688,04:38:03.688,binanceusdm,ALGO/USDT:USDT,,,,,0.2694,244337657.9,63916273.3592
1753504684264,04:38:04.264,bybit,ALGO/USDT:USDT,0.2693,5200.3,0.2694,49486.4,0.2694,96447065.0,25256169.4796
1753504684373,04:38:04.373,bitget,ALGO/USDT:USDT,0.2694,4565.5,0.2695,27860.9,0.2695,59027809.8,15454272.49262
1753504684463,04:38:04.463,bybit,ALGO/USDT:USDT,0.2693,5200.3,0.2694,65560.7,0.2694,96447065.0,25256169.4796
1753504684564,04:38:04.564,bybit,ALGO/USDT:USDT,0.2693,5200.3,0.2694,65585.2,0.2694,96447065.0,25256169.4796
1753504682623,04:38:02.623,mexc,ALGO/USDT:USDT,,,,,0.2695,85329377.0,22181799.3188
1753504684764,04:38:04.764,bybit,ALGO/USDT:USDT,0.2693,5200.3,0.2694,65560.7,0.2694,96447065.0,25256169.4796
1753504684863,04:38:04.863,bybit,ALGO/USDT:USDT,0.2693,21194.5,0.2694,44629.8,0.2694,96447065.0,25256169.4796
1753504684867,04:38:04.867,bitget,ALGO/USDT:USDT,0.2694,4565.5,0.2695,27860.9,0.2695,59027809.8,15454272.49262
1753504684964,04:38:04.964,bybit,ALGO/USDT:USDT,0.2693,21195.3,0.2694,44605.3,0.2694,96447065.0,25256169.4796
1753504685064,04:38:05.064,bybit,ALGO/USDT:USDT,0.2693,12363.1,0.2694,44605.3,0.2694,96447065.0,25256169.4796
1753504685164,04:38:05.164,bybit,ALGO/USDT:USDT,0.2693,12363.1,0.2694,46404.6,0.2694,96447065.0,25256169.4796
1753504685463,04:38:05.463,bybit,ALGO/USDT:USDT,0.2693,12363.1,0.2694,51404.6,0.2694,96447065.0,25256169.4796
1753504685613,04:38:05.613,bitmart,ALGO/USDT:USDT,0.2691,2920.0,0.27,832669.0,0.2692,,917241092.0
1753504685763,04:38:05.763,bybit,ALGO/USDT:USDT,0.2693,21195.3,0.2694,45505.3,0.2694,96447065.0,25256169.4796
1753504685788,04:38:05.788,bitget,ALGO/USDT:USDT,0.2694,12290.6,0.2695,26850.6,0.2695,59027356.6,15454150.35522
1753504685864,04:38:05.864,bybit,ALGO/USDT:USDT,0.2693,21195.3,0.2694,44605.3,0.2694,96447065.0,25256169.4796
1753504685963,04:38:05.963,bybit,ALGO/USDT:USDT,0.2693,21195.3,0.2694,46404.6,0.2694,96447065.0,25256169.4796
1753504686131,04:38:06.131,binance,ALGO/USDT:USDT,,,,,0.2693,244337703.7,63916285.6932
1753504686131,04:38:06.131,binanceusdm,ALGO/USDT:USDT,,,,,0.2693,244337703.7,63916285.6932
1753504686364,04:38:06.364,bybit,ALGO/USDT:USDT,0.2693,12363.1,0.2694,46404.6,0.2694,96447065.0,25256169.4796
1753504686426,04:38:06.426,bitget,ALGO/USDT:USDT,0.2694,12290.6,0.2695,26850.6,0.2695,59027809.8,15454272.49262
1753504686464,04:38:06.464,bybit,ALGO/USDT:USDT,0.2693,12363.1,0.2694,53404.6,0.2694,96447065.0,25256169.4796
1753504686564,04:38:06.564,bybit,ALGO/USDT:USDT,0.2693,12363.1,0.2694,52505.3,0.2694,96447065.0,25256169.4796
1753504686663,04:38:06.663,bybit,ALGO/USDT:USDT,0.2693,12363.1,0.2694,45505.3,0.2694,96447065.0,25256169.4796
1753504686756,04:38:06.756,bitget,ALGO/USDT:USDT,0.2694,8827.6,0.2695,26850.6,0.2695,59027809.8,15454272.49262
1753504685886,04:38:05.886,xt,ALGO/USDT:USDT,,,,,0.2694,,246824525.0
1753504686964,04:38:06.964,bybit,ALGO/USDT:USDT,0.2693,25255.5,0.2694,44605.3,0.2694,96447065.0,25256169.4796
1753504682623,04:38:02.623,mexc,ALGO/USDT:USDT,,,,,0.2695,85329377.0,22181799.3188
1753504687064,04:38:07.064,bybit,ALGO/USDT:USDT,0.2693,24355.5,0.2694,44605.3,0.2694,96447065.0,25256169.4796
1753504687156,04:38:07.156,bitget,ALGO/USDT:USDT,0.2694,18195.3,0.2695,23990.7,0.2695,59027809.8,15454272.49262
1753504687364,04:38:07.364,bybit,ALGO/USDT:USDT,0.2693,24355.5,0.2694,43344.6,0.2694,96447065.0,25256169.4796
1753504687511,04:38:07.511,bitmart,ALGO/USDT:USDT,0.2691,2920.0,0.27,832669.0,0.2693,,917285068.0
1753504687664,04:38:07.664,bybit,ALGO/USDT:USDT,0.2693,25254.8,0.2694,43344.6,0.2694,96447065.0,25256169.4796
1753504687763,04:38:07.763,bybit,ALGO/USDT:USDT,0.2693,21995.1,0.2694,44244.6,0.2694,96447065.0,25256169.4796
1753504687864,04:38:07.864,bybit,ALGO/USDT:USDT,0.2693,21995.1,0.2694,43344.6,0.2694,96447065.0,25256169.4796
1753504687882,04:38:07.882,bitget,ALGO/USDT:USDT,0.2694,18195.3,0.2695,23990.7,0.2695,59027809.8,15454272.49262
1753504688064,04:38:08.064,bybit,ALGO/USDT:USDT,0.2693,21995.1,0.2694,43344.6,0.2694,96447065.0,25256169.4796
1753504680253,04:38:00.253,blofin,ALGO/USDT:USDT,0.2691,1.0,0.2693,706.0,0.2693,588019.0,
1753504687699,04:38:07.699,binance,ALGO/USDT:USDT,,,,,0.2693,244338180.8,63916414.1762
1753504687699,04:38:07.699,binanceusdm,ALGO/USDT:USDT,,,,,0.2693,244338180.8,63916414.1762
1753504688264,04:38:08.264,bybit,ALGO/USDT:USDT,0.2693,21995.1,0.2694,43349.6,0.2694,96447065.0,25256169.4796
1753504688294,04:38:08.294,bitget,ALGO/USDT:USDT,0.2694,25495.1,0.2695,29617.1,0.2695,59027809.8,15454272.49262
1753504688463,04:38:08.463,bybit,ALGO/USDT:USDT,0.2693,21995.1,0.2694,43359.4,0.2694,96447065.0,25256169.4796
1753504688532,04:38:08.532,bitmart,ALGO/USDT:USDT,0.2691,2920.0,0.27,832669.0,0.2692,,917285768.0
1753504688663,04:38:08.663,bybit,ALGO/USDT:USDT,0.2693,23794.4,0.2694,35359.4,0.2694,96447065.0,25256169.4796
1753504688644,04:38:08.644,bitget,ALGO/USDT:USDT,0.2694,25495.1,0.2695,29617.1,0.2695,59027809.8,15454272.49262
1753504688864,04:38:08.864,bybit,ALGO/USDT:USDT,0.2693,24538.4,0.2694,35359.4,0.2694,96447065.0,25256169.4796
1753504688960,04:38:08.960,bitget,ALGO/USDT:USDT,0.2694,26505.4,0.2695,27710.5,0.2695,59027809.8,15454272.49262
1753504689298,04:38:09.298,bitget,ALGO/USDT:USDT,0.2694,26505.4,0.2695,27710.5,0.2695,59027809.8,15454272.49262
1753504688610,04:38:08.610,mexc,ALGO/USDT:USDT,,,,,0.2694,85329441.0,22181816.5604
1753504689522,04:38:09.522,bitmart,ALGO/USDT:USDT,0.2691,2920.0,0.27,832669.0,0.2692,,917287562.0
1753504680253,04:38:00.253,blofin,ALGO/USDT:USDT,0.269,830.0,0.2693,705.0,0.2693,588019.0,
1753504689664,04:38:09.664,bybit,ALGO/USDT:USDT,0.2693,23794.4,0.2694,34870.3,0.2694,96447554.1,25256301.2431
1753504689773,04:38:09.773,bitget,ALGO/USDT:USDT,0.2694,34121.5,0.2695,27710.5,0.2695,59027809.8,15454272.49262
1753504689093,04:38:09.093,xt,ALGO/USDT:USDT,,,,,0.2693,,246825050.0
1753504690063,04:38:10.063,bybit,ALGO/USDT:USDT,0.2693,23794.4,0.2694,34870.3,0.2694,96447554.1,25256301.2431
1753504680253,04:38:00.253,blofin,ALGO/USDT:USDT,0.269,950.0,0.2693,719.0,0.2693,588019.0,
1753504690163,04:38:10.163,bybit,ALGO/USDT:USDT,0.2693,22895.1,0.2694,34870.3,0.2694,96447554.1,25256301.2431
1753504690141,04:38:10.141,bitget,ALGO/USDT:USDT,0.2694,34121.5,0.2695,27710.5,0.2695,59027809.8,15454272.49262
1753504690264,04:38:10.264,bybit,ALGO/USDT:USDT,0.2693,21995.1,0.2694,34870.3,0.2694,96447554.1,25256301.2431
1753504690364,04:38:10.364,bybit,ALGO/USDT:USDT,0.2693,23743.3,0.2694,50870.3,0.2694,96447554.1,25256301.2431
1753504690463,04:38:10.463,bybit,ALGO/USDT:USDT,0.2693,22894.4,0.2694,34870.3,0.2694,96447554.1,25256301.2431
1753504690468,04:38:10.468,bitget,ALGO/USDT:USDT,0.2694,20121.5,0.2695,27710.5,0.2695,59027809.8,15454272.49262
1753504690563,04:38:10.563,bybit,ALGO/USDT:USDT,0.2693,23794.4,0.2694,34870.3,0.2694,96447554.1,25256301.2431
1753504690801,04:38:10.801,bitget,ALGO/USDT:USDT,0.2694,20121.5,0.2695,27710.5,0.2695,59027809.8,15454272.49262
1753504690863,04:38:10.863,bybit,ALGO/USDT:USDT,0.2693,23869.7,0.2694,34870.3,0.2694,96447554.1,25256301.2431
1753504691142,04:38:11.142,bitget,ALGO/USDT:USDT,0.2694,20121.5,0.2695,27710.5,0.2695,59027809.8,15454272.49262
1753504691471,04:38:11.471,bitget,ALGO/USDT:USDT,0.2694,20121.5,0.2695,27710.5,0.2695,59027809.8,15454272.49262
1753504690619,04:38:10.619,mexc,ALGO/USDT:USDT,,,,,0.2694,85329441.0,22181816.5604
1753504691634,04:38:11.634,bitmart,ALGO/USDT:USDT,0.2691,2920.0,0.27,832669.0,0.2693,,917288378.0
1753504691664,04:38:11.664,bybit,ALGO/USDT:USDT,0.2693,24612.2,0.2694,27708.3,0.2694,96447554.1,25256301.2431
1753504691633,04:38:11.633,binance,ALGO/USDT:USDT,,,,,0.2694,244339351.7,63916729.6167
1753504691633,04:38:11.633,binanceusdm,ALGO/USDT:USDT,,,,,0.2694,244339351.7,63916729.6167
1753504691763,04:38:11.763,bybit,ALGO/USDT:USDT,0.2693,27715.1,0.2694,13744.0,0.2694,96447554.1,25256301.2431
1753504691864,04:38:11.864,bybit,ALGO/USDT:USDT,0.2693,25365.8,0.2694,13744.0,0.2694,96447554.1,25256301.2431
1753504691854,04:38:11.854,bitget,ALGO/USDT:USDT,0.2694,35131.8,0.2695,8610.1,0.2695,59027809.8,15454272.49262
1753504692268,04:38:12.268,bitget,ALGO/USDT:USDT,0.2695,28495.1,0.2696,75152.9,0.2695,59027809.8,15454272.49262
1753504692363,04:38:12.363,bybit,ALGO/USDT:USDT,0.2693,41365.8,0.2694,13744.0,0.2694,96447554.1,25256301.2431
1753504692578,04:38:12.578,bitget,ALGO/USDT:USDT,0.2695,28495.1,0.2696,75152.9,0.2695,59027809.8,15454272.49262
1753504692621,04:38:12.621,bitmart,ALGO/USDT:USDT,0.2691,2920.0,0.27,2943.0,0.2694,,917288384.0
1753504692278,04:38:12.278,xt,ALGO/USDT:USDT,,,,,0.2694,,246826702.0
1753504693064,04:38:13.064,bybit,ALGO/USDT:USDT,0.2693,41441.7,0.2694,13744.0,0.2694,96447554.1,25256301.2431
1753504693164,04:38:13.164,bybit,ALGO/USDT:USDT,0.2693,41441.7,0.2694,13744.0,0.2694,96447554.1,25256301.2431
1753504693242,04:38:13.242,bitget,ALGO/USDT:USDT,0.2695,19127.4,0.2696,75152.9,0.2695,59027809.8,15454272.49262
1753504693578,04:38:13.578,bitget,ALGO/USDT:USDT,0.2695,14865.3,0.2696,75152.9,0.2695,59027809.8,15454272.49262
1753504693628,04:38:13.628,bitmart,ALGO/USDT:USDT,0.2691,2920.0,0.27,2943.0,0.2694,,917293068.0
1753504691719,04:38:11.719,binance,ALGO/USDT:USDT,,,,,0.2694,244339823.2,63916856.6388
1753504691719,04:38:11.719,binanceusdm,ALGO/USDT:USDT,,,,,0.2694,244339823.2,63916856.6388
1753504693890,04:38:13.890,bitget,ALGO/USDT:USDT,0.2695,19127.4,0.2696,75152.9,0.2695,59027809.8,15454272.49262
1753504692634,04:38:12.634,mexc,ALGO/USDT:USDT,,,,,0.2694,85329441.0,22181816.5604
1753504694207,04:38:14.207,bitget,ALGO/USDT:USDT,0.2695,19127.4,0.2696,75152.9,0.2695,59027809.8,15454272.49262
1753504694664,04:38:14.664,bybit,ALGO/USDT:USDT,0.2693,40699.2,0.2694,3795.6,0.2694,96447554.1,25256301.2431
1753504694722,04:38:14.722,bitget,ALGO/USDT:USDT,0.2695,14865.3,0.2696,76163.2,0.2695,59027809.8,15454272.49262
1753504695063,04:38:15.063,bybit,ALGO/USDT:USDT,0.2693,38899.9,0.2694,3795.6,0.2694,96447554.1,25256301.2431
1753504695031,04:38:15.031,bitget,ALGO/USDT:USDT,0.2695,14865.3,0.2696,76163.2,0.2695,59027809.8,15454272.49262
1753504695163,04:38:15.163,bybit,ALGO/USDT:USDT,0.2693,39799.9,0.2694,3795.6,0.2694,96447554.1,25256301.2431
1753504695363,04:38:15.363,bybit,ALGO/USDT:USDT,0.2693,22899.9,0.2694,12627.8,0.2694,96447554.1,25256301.2431
1753504695346,04:38:15.346,bitget,ALGO/USDT:USDT,0.2695,865.3,0.2696,76163.2,0.2695,59027809.8,15454272.49262
1753504695764,04:38:15.764,bybit,ALGO/USDT:USDT,0.2693,23799.9,0.2694,12627.8,0.2694,96447554.1,25256301.2431
1753504695780,04:38:15.780,binance,ALGO/USDT:USDT,,,,,0.2694,244339914.2,63916881.1542
1753504695780,04:38:15.780,binanceusdm,ALGO/USDT:USDT,,,,,0.2694,244339914.2,63916881.1542
1753504695781,04:38:15.781,bitget,ALGO/USDT:USDT,0.2695,865.3,0.2696,76163.2,0.2695,59027809.8,15454272.49262
1753504695864,04:38:15.864,bybit,ALGO/USDT:USDT,0.2693,22899.9,0.2694,25836.6,0.2694,96447554.1,25256301.2431
1753504694610,04:38:14.610,xt,ALGO/USDT:USDT,,,,,0.2694,,246826710.0
1753504696064,04:38:16.064,bybit,ALGO/USDT:USDT,0.2693,22824.0,0.2694,25836.6,0.2694,96447554.1,25256301.2431
1753504696117,04:38:16.117,bitget,ALGO/USDT:USDT,0.2695,865.3,0.2696,76163.2,0.2695,59027809.8,15454272.49262
1753504692634,04:38:12.634,mexc,ALGO/USDT:USDT,,,,,0.2694,85329441.0,22181816.5604
1753504696431,04:38:16.431,bitget,ALGO/USDT:USDT,0.2694,24753.8,0.2695,22588.9,0.2695,59027809.8,15454272.49262
1753504696611,04:38:16.611,bitmart,ALGO/USDT:USDT,0.2691,2920.0,0.27,758494.0,0.2694,,917293082.0
1753504696863,04:38:16.863,bybit,ALGO/USDT:USDT,0.2693,24623.3,0.2694,22576.2,0.2694,96447554.1,25256301.2431
1753504696841,04:38:16.841,bitget,ALGO/USDT:USDT,0.2694,24753.8,0.2695,22588.9,0.2695,59027809.8,15454272.49262
1753504697064,04:38:17.064,bybit,ALGO/USDT:USDT,0.2693,24548.0,0.2694,22576.2,0.2694,96447554.1,25256301.2431
1753504697163,04:38:17.163,bybit,ALGO/USDT:USDT,0.2693,23648.0,0.2694,22981.2,0.2694,96447554.1,25256301.2431
1753504697182,04:38:17.182,bitget,ALGO/USDT:USDT,0.2694,25764.1,0.2695,18326.8,0.2695,59027809.8,15454272.49262
1753504697264,04:38:17.264,bybit,ALGO/USDT:USDT,0.2693,24548.0,0.2694,22981.2,0.2694,96447554.1,25256301.2431
1753504697364,04:38:17.364,bybit,ALGO/USDT:USDT,0.2693,23648.3,0.2694,22983.0,0.2694,96447554.1,25256301.2431
1753504697464,04:38:17.464,bybit,ALGO/USDT:USDT,0.2693,22749.0,0.2694,22983.0,0.2694,96447554.1,25256301.2431
1753504697564,04:38:17.564,bybit,ALGO/USDT:USDT,0.2693,24548.3,0.2694,22983.0,0.2694,96447554.1,25256301.2431
1753504697764,04:38:17.764,bybit,ALGO/USDT:USDT,0.2693,24548.3,0.2694,14152.5,0.2694,96447554.1,25256301.2431
1753504695780,04:38:15.780,binance,ALGO/USDT:USDT,,,,,0.2694,244340393.1,63917010.1698
1753504695780,04:38:15.780,binanceusdm,ALGO/USDT:USDT,,,,,0.2694,244340393.1,63917010.1698
1753504697808,04:38:17.808,bitget,ALGO/USDT:USDT,0.2694,25764.1,0.2695,18326.8,0.2695,59027809.8,15454272.49262
1753504697964,04:38:17.964,bybit,ALGO/USDT:USDT,0.2693,28468.0,0.2694,4204.1,0.2694,96447554.1,25256301.2431
1753504698063,04:38:18.063,bybit,ALGO/USDT:USDT,0.2693,28543.9,0.2694,4204.1,0.2694,96447554.1,25256301.2431
1753504698164,04:38:18.164,bybit,ALGO/USDT:USDT,0.2693,28469.6,0.2694,4204.1,0.2694,96447554.1,25256301.2431
1753504698162,04:38:18.162,bitget,ALGO/USDT:USDT,0.2695,10219.6,0.2696,92658.6,0.2695,59027809.8,15454272.49262
1753504698363,04:38:18.363,bybit,ALGO/USDT:USDT,0.2693,44857.2,0.2694,4204.1,0.2694,96447554.1,25256301.2431
1753504698518,04:38:18.518,bitmart,ALGO/USDT:USDT,0.2691,2920.0,0.27,2943.0,0.2693,,917293092.0
1753504696651,04:38:16.651,mexc,ALGO/USDT:USDT,,,,,0.2695,85330183.0,22182016.5294
1753504698852,04:38:18.852,bitget,ALGO/USDT:USDT,0.2695,31944.7,0.2696,75152.9,0.2695,59027809.8,15454272.49262
1753504697974,04:38:17.974,xt,ALGO/USDT:USDT,,,,,0.2694,,246827288.0
1753504699064,04:38:19.064,bybit,ALGO/USDT:USDT,0.2693,44683.9,0.2694,4204.1,0.2694,96447554.1,25256301.2431
1753504699163,04:38:19.163,bybit,ALGO/USDT:USDT,0.2693,44857.2,0.2694,4204.1,0.2694,96447554.1,25256301.2431
1753504699185,04:38:19.185,bitget,ALGO/USDT:USDT,0.2695,32955.0,0.2696,63152.9,0.2695,59027809.8,15454272.49262
1753504699267,04:38:19.267,bybit,ALGO/USDT:USDT,0.2693,44683.9,0.2694,4204.1,0.2694,96412914.4,25247414.5959
1753504699363,04:38:19.363,bybit,ALGO/USDT:USDT,0.2693,69497.5,0.2694,446.0,0.2694,96416713.5,25248438.0734
1753504699392,04:38:19.392,kucoinfutures,ALGO/USDT:USDT,0.26935,1574.0,0.26949,3005.0,0.26949,,
1753504699464,04:38:19.464,bybit,ALGO/USDT:USDT,0.2693,73984.4,0.2694,446.0,0.2694,96416713.5,25248438.0734
1753504699527,04:38:19.527,bitmart,ALGO/USDT:USDT,0.2691,2920.0,0.27,2943.0,0.2694,,917297052.0
1753504699541,04:38:19.541,bitget,ALGO/USDT:USDT,0.2695,32955.0,0.2696,62286.1,0.2695,59027809.8,15454272.49262
1753504699763,04:38:19.763,bybit,ALGO/USDT:USDT,0.2693,49096.5,0.2694,446.0,0.2694,96416713.5,25248438.0734
1753504697857,04:38:17.857,binance,ALGO/USDT:USDT,,,,,0.2694,244341003.8,63917174.6924
1753504697857,04:38:17.857,binanceusdm,ALGO/USDT:USDT,,,,,0.2694,244341003.8,63917174.6924
1753504699858,04:38:19.858,bitget,ALGO/USDT:USDT,0.2695,32955.0,0.2696,62286.1,0.2695,59027809.8,15454272.49262
1753504700163,04:38:20.163,bybit,ALGO/USDT:USDT,0.2693,49022.2,0.2694,446.0,0.2694,96416713.5,25248438.0734
1753504700166,04:38:20.166,bitget,ALGO/USDT:USDT,0.2695,32955.0,0.2696,62286.1,0.2695,59027809.8,15454272.49262
1753504700464,04:38:20.464,bybit,ALGO/USDT:USDT,0.2694,51941.5,0.2695,47637.6,0.2694,96417159.5,25248558.2258
1753504700488,04:38:20.488,bitget,ALGO/USDT:USDT,0.2695,32955.0,0.2696,62286.1,0.2695,59027809.8,15454272.49262
1753504700558,04:38:20.558,bitmart,ALGO/USDT:USDT,0.2691,2920.0,0.27,2943.0,0.2694,,917300022.0
1753504700763,04:38:20.763,bybit,ALGO/USDT:USDT,0.2694,51941.5,0.2695,36227.0,0.2694,96417159.5,25248558.2258
1753504700844,04:38:20.844,bitget,ALGO/USDT:USDT,0.2695,32955.0,0.2696,12872.2,0.2695,59027809.8,15454272.49262
1753504696651,04:38:16.651,mexc,ALGO/USDT:USDT,,,,,0.2695,85330183.0,22182016.5294
1753504701167,04:38:21.167,bitget,ALGO/USDT:USDT,0.2695,32955.0,0.2696,12872.2,0.2695,59027809.8,15454272.49262
1753504701364,04:38:21.364,bybit,ALGO/USDT:USDT,0.2694,52841.5,0.2695,36227.0,0.2694,96417159.5,25248558.2258
1753504701464,04:38:21.464,bybit,ALGO/USDT:USDT,0.2694,51941.5,0.2695,35023.9,0.2694,96417159.5,25248558.2258
1753504701491,04:38:21.491,bitget,ALGO/USDT:USDT,0.2695,32955.0,0.2696,12872.2,0.2695,59027809.8,15454272.49262
1753504701564,04:38:21.564,bybit,ALGO/USDT:USDT,0.2694,51042.2,0.2695,35023.9,0.2694,96417159.5,25248558.2258
1753504701764,04:38:21.764,bybit,ALGO/USDT:USDT,0.2694,40967.3,0.2695,35023.9,0.2694,96417159.5,25248558.2258
1753504701875,04:38:21.875,bitget,ALGO/USDT:USDT,0.2695,32955.0,0.2696,12872.2,0.2695,59027809.8,15454272.49262
1753504701103,04:38:21.103,xt,ALGO/USDT:USDT,,,,,0.2694,,246827906.0
1753504702364,04:38:22.364,bybit,ALGO/USDT:USDT,0.2694,40972.2,0.2695,35023.9,0.2694,96417159.5,25248558.2258
1753504702514,04:38:22.514,bitget,ALGO/USDT:USDT,0.2695,32955.0,0.2696,12872.2,0.2695,59027809.8,15454272.49262
1753504702627,04:38:22.627,bitmart,ALGO/USDT:USDT,0.2691,2920.0,0.27,2943.0,0.2695,,917300040.0
1753504702824,04:38:22.824,bitget,ALGO/USDT:USDT,0.2695,32955.0,0.2696,12872.2,0.2695,59027809.8,15454272.49262
1753504702864,04:38:22.864,bybit,ALGO/USDT:USDT,0.2694,39172.9,0.2695,35023.9,0.2694,96417159.5,25248558.2258
1753504702964,04:38:22.964,bybit,ALGO/USDT:USDT,0.2694,39172.9,0.2695,36723.9,0.2694,96417159.5,25248558.2258
1753504703063,04:38:23.063,bybit,ALGO/USDT:USDT,0.2694,39172.9,0.2695,37623.2,0.2694,96417159.5,25248558.2258
1753504703163,04:38:23.163,bybit,ALGO/USDT:USDT,0.2694,39172.9,0.2695,48601.7,0.2694,96417159.5,25248558.2258
1753504703154,04:38:23.154,bitget,ALGO/USDT:USDT,0.2695,31944.7,0.2696,26872.2,0.2695,59027809.8,15454272.49262
1753504696651,04:38:16.651,mexc,ALGO/USDT:USDT,,,,,0.2695,85330183.0,22182016.5294
1753504703263,04:38:23.263,bybit,ALGO/USDT:USDT,0.2694,39172.9,0.2695,47702.4,0.2694,96417159.5,25248558.2258
1753504703363,04:38:23.363,bybit,ALGO/USDT:USDT,0.2694,39172.9,0.2695,48601.7,0.2694,96417159.5,25248558.2258
1753504703520,04:38:23.520,bitget,ALGO/USDT:USDT,0.2695,31944.7,0.2696,26872.2,0.2695,59027809.8,15454272.49262
1753504703613,04:38:23.613,bitmart,ALGO/USDT:USDT,0.2691,2920.0,0.27,2943.0,0.2695,,917300046.0
1753504703763,04:38:23.763,bybit,ALGO/USDT:USDT,0.2694,23172.9,0.2695,48676.0,0.2694,96417159.5,25248558.2258
1753504703834,04:38:23.834,bitget,ALGO/USDT:USDT,0.2695,31944.7,0.2696,26872.2,0.2695,59027809.8,15454272.49262
1753504704063,04:38:24.063,bybit,ALGO/USDT:USDT,0.2694,13540.7,0.2695,48729.7,0.2694,96417159.5,25248558.2258
1753504704231,04:38:24.231,bitget,ALGO/USDT:USDT,0.2695,4314.9,0.2696,29789.1,0.2695,59027809.8,15454272.49262
1753504704569,04:38:24.569,bitget,ALGO/USDT:USDT,0.2695,4314.9,0.2696,29789.1,0.2695,59027809.8,15454272.49262
1753504704615,04:38:24.615,bitmart,ALGO/USDT:USDT,0.2691,2920.0,0.27,2943.0,0.2694,,917300054.0
1753504704877,04:38:24.877,bitget,ALGO/USDT:USDT,0.2695,4314.9,0.2696,29789.1,0.2695,59027809.8,15454272.49262
1753504704187,04:38:24.187,xt,ALGO/USDT:USDT,,,,,0.2694,,246827918.0
1753504705189,04:38:25.189,bitget,ALGO/USDT:USDT,0.2695,4314.9,0.2696,29789.1,0.2695,59027809.8,15454272.49262
1753504705435,04:38:25.435,binance,ALGO/USDT:USDT,,,,,0.2694,244341103.8,63917201.6324
1753504705435,04:38:25.435,binanceusdm,ALGO/USDT:USDT,,,,,0.2694,244341103.8,63917201.6324
1753504705564,04:38:25.564,bybit,ALGO/USDT:USDT,0.2694,20856.6,0.2695,48655.4,0.2694,96417159.5,25248558.2258
1753504704625,04:38:24.625,mexc,ALGO/USDT:USDT,,,,,0.2695,85330219.0,22182026.2314
1753504705763,04:38:25.763,bybit,ALGO/USDT:USDT,0.2694,21656.6,0.2695,47756.1,0.2694,96417159.5,25248558.2258
1753504705873,04:38:25.873,bitget,ALGO/USDT:USDT,0.2695,8577.0,0.2696,28778.8,0.2695,59027809.8,15454272.49262
1753504705963,04:38:25.963,bybit,ALGO/USDT:USDT,0.2694,30488.8,0.2695,47756.1,0.2694,96417159.5,25248558.2258
1753504706064,04:38:26.064,bybit,ALGO/USDT:USDT,0.2694,30488.8,0.2695,35877.6,0.2694,96417159.5,25248558.2258
1753504706164,04:38:26.164,bybit,ALGO/USDT:USDT,0.2694,31388.8,0.2695,35877.6,0.2694,96417159.5,25248558.2258
1753504706187,04:38:26.187,bitget,ALGO/USDT:USDT,0.2695,8577.0,0.2696,28778.8,0.2695,59027809.8,15454272.49262
1753504706264,04:38:26.264,bybit,ALGO/USDT:USDT,0.2694,42388.8,0.2695,35877.6,0.2694,96417159.5,25248558.2258
1753504706506,04:38:26.506,bitget,ALGO/USDT:USDT,0.2695,33851.3,0.2696,26872.2,0.2695,59027809.8,15454272.49262
1753504706564,04:38:26.564,bybit,ALGO/USDT:USDT,0.2694,43288.1,0.2695,35877.6,0.2694,96417159.5,25248558.2258
1753504706610,04:38:26.610,bitmart,ALGO/USDT:USDT,0.2691,2920.0,0.27,2943.0,0.2695,,917300658.0
1753504706846,04:38:26.846,bitget,ALGO/USDT:USDT,0.2695,34861.6,0.2696,26872.2,0.2695,59027809.8,15454272.49262
1753504707064,04:38:27.064,bybit,ALGO/USDT:USDT,0.2694,43288.1,0.2695,35842.4,0.2694,96417159.5,25248558.2258
1753504707161,04:38:27.161,bitget,ALGO/USDT:USDT,0.2695,34861.6,0.2696,26872.2,0.2695,59027809.8,15454272.49262
1753504707264,04:38:27.264,bybit,ALGO/USDT:USDT,0.2694,48288.1,0.2695,35842.4,0.2694,96417159.5,25248558.2258
1753504707471,04:38:27.471,bitget,ALGO/USDT:USDT,0.2695,34861.6,0.2696,26872.2,0.2695,59027809.8,15454272.49262
1753504707526,04:38:27.526,bitmart,ALGO/USDT:USDT,0.2691,2920.0,0.27,2943.0,0.2694,,917301456.0
1753504680253,04:38:00.253,blofin,ALGO/USDT:USDT,0.2692,1534.0,0.2694,1419.0,0.2693,588019.0,
1753504707763,04:38:27.763,bybit,ALGO/USDT:USDT,0.2694,47388.8,0.2695,35842.4,0.2694,96417159.5,25248558.2258
1753504704625,04:38:24.625,mexc,ALGO/USDT:USDT,,,,,0.2695,85330219.0,22182026.2314
1753504706680,04:38:26.680,xt,ALGO/USDT:USDT,,,,,0.2694,,246828023.0
1753504707964,04:38:27.964,bybit,ALGO/USDT:USDT,0.2694,46488.8,0.2695,35842.4,0.2694,96417159.5,25248558.2258
1753504708119,04:38:28.119,bitget,ALGO/USDT:USDT,0.2695,33851.3,0.2696,26872.2,0.2695,59027809.8,15454272.49262
1753504708263,04:38:28.263,bybit,ALGO/USDT:USDT,0.2694,47528.8,0.2695,35842.4,0.2694,96417159.5,25248558.2258
1753504708363,04:38:28.363,bybit,ALGO/USDT:USDT,0.2694,48428.1,0.2695,35842.4,0.2694,96417159.5,25248558.2258
1753504708437,04:38:28.437,bitget,ALGO/USDT:USDT,0.2695,33851.3,0.2696,26872.2,0.2695,59027809.8,15454272.49262
1753504708627,04:38:28.627,bitmart,ALGO/USDT:USDT,0.2691,2920.0,0.27,2943.0,0.2694,,917301460.0
1753504708812,04:38:28.812,bitget,ALGO/USDT:USDT,0.2695,34861.6,0.2696,12872.2,0.2695,59027809.8,15454272.49262
1753504709164,04:38:29.164,bybit,ALGO/USDT:USDT,0.2694,46628.8,0.2695,35842.4,0.2694,96417159.5,25248558.2258
1753504709215,04:38:29.215,bitget,ALGO/USDT:USDT,0.2695,33851.3,0.2696,26872.2,0.2695,59027809.8,15454272.49262
1753504709364,04:38:29.364,bybit,ALGO/USDT:USDT,0.2694,46628.8,0.2695,36742.4,0.2694,96417159.5,25248558.2258
1753504709463,04:38:29.463,bybit,ALGO/USDT:USDT,0.2694,46628.8,0.2695,35842.4,0.2694,96417159.5,25248558.2258
1753504709563,04:38:29.563,bybit,ALGO/USDT:USDT,0.2694,48428.1,0.2695,35842.4,0.2694,96417159.5,25248558.2258
1753504709764,04:38:29.764,bybit,ALGO/USDT:USDT,0.2694,46628.8,0.2695,35842.4,0.2694,96417159.5,25248558.2258
1753504709963,04:38:29.963,bybit,ALGO/USDT:USDT,0.2694,47528.1,0.2695,35842.4,0.2694,96417159.5,25248558.2258
1753504709956,04:38:29.956,bitget,ALGO/USDT:USDT,0.2695,33851.3,0.2696,26872.2,0.2695,59027809.8,15454272.49262
1753504710064,04:38:30.064,bybit,ALGO/USDT:USDT,0.2694,48428.1,0.2695,35805.2,0.2694,96417159.5,25248558.2258
1753504710164,04:38:30.164,bybit,ALGO/USDT:USDT,0.2694,47528.1,0.2695,35805.2,0.2694,96417159.5,25248558.2258
1753504704625,04:38:24.625,mexc,ALGO/USDT:USDT,,,,,0.2695,85330219.0,22182026.2314
1753504710261,04:38:30.261,gateio,ALGO/USDT:USDT,,,,,0.26934,11792580.0,3176212.0
1753504710364,04:38:30.364,bybit,ALGO/USDT:USDT,0.2694,49121.0,0.2695,35805.2,0.2694,96417159.5,25248558.2258
1753504710404,04:38:30.404,gate,ALGO/USDT:USDT,,,,,0.26934,11792580.0,3176212.0
1753504710463,04:38:30.463,bybit,ALGO/USDT:USDT,0.2694,50020.3,0.2695,35805.2,0.2694,96417159.5,25248558.2258
1753504710521,04:38:30.521,bitmart,ALGO/USDT:USDT,0.2691,2920.0,0.27,2943.0,0.2695,,917301466.0
1753504710564,04:38:30.564,bybit,ALGO/USDT:USDT,0.2694,50015.4,0.2695,35805.2,0.2694,96417159.5,25248558.2258
1753504710664,04:38:30.664,bybit,ALGO/USDT:USDT,0.2694,49120.0,0.2695,35805.2,0.2694,96417159.5,25248558.2258
1753504709799,04:38:29.799,xt,ALGO/USDT:USDT,,,,,0.2694,,246828034.0
1753504711164,04:38:31.164,bybit,ALGO/USDT:USDT,0.2694,49118.2,0.2695,35805.2,0.2694,96417159.5,25248558.2258
1753504711130,04:38:31.130,bitget,ALGO/USDT:USDT,0.2695,33851.3,0.2696,26872.2,0.2695,59027809.8,15454272.49262
1753504711464,04:38:31.464,bybit,ALGO/USDT:USDT,0.2694,33118.2,0.2695,37678.8,0.2694,96417159.5,25248558.2258
1753504711625,04:38:31.625,bitmart,ALGO/USDT:USDT,0.2691,2920.0,0.27,2943.0,0.2694,,917301472.0
1753504711859,04:38:31.859,bitget,ALGO/USDT:USDT,0.2695,18999.4,0.2696,27882.5,0.2695,59027809.8,15454272.49262
1753504711964,04:38:31.964,bybit,ALGO/USDT:USDT,0.2694,33118.2,0.2695,36705.2,0.2694,96417159.5,25248558.2258
1753504712163,04:38:32.163,bybit,ALGO/USDT:USDT,0.2694,39118.2,0.2695,36705.2,0.2694,96417159.5,25248558.2258
1753504712364,04:38:32.364,bybit,ALGO/USDT:USDT,0.2694,39118.2,0.2695,35805.2,0.2694,96417159.5,25248558.2258
1753504712407,04:38:32.407,bitget,ALGO/USDT:USDT,0.2695,18999.4,0.2696,27882.5,0.2695,59027809.8,15454272.49262
1753504712464,04:38:32.464,bybit,ALGO/USDT:USDT,0.2694,39118.2,0.2695,36705.2,0.2694,96417159.5,25248558.2258
1753504704625,04:38:24.625,mexc,ALGO/USDT:USDT,,,,,0.2695,85330219.0,22182026.2314
1753504712564,04:38:32.564,bybit,ALGO/USDT:USDT,0.2694,39118.2,0.2695,37678.8,0.2694,96417159.5,25248558.2258
1753504712764,04:38:32.764,bybit,ALGO/USDT:USDT,0.2694,39118.1,0.2695,36705.2,0.2694,96417159.5,25248558.2258
1753504712863,04:38:32.863,bybit,ALGO/USDT:USDT,0.2694,39118.1,0.2695,35805.2,0.2694,96417159.5,25248558.2258
1753504713163,04:38:33.163,bybit,ALGO/USDT:USDT,0.2694,47118.1,0.2695,36708.2,0.2694,96417159.5,25248558.2258
1753504713256,04:38:33.256,bitget,ALGO/USDT:USDT,0.2695,32999.4,0.2696,26872.2,0.2695,59027809.8,15454272.49262
1753504713364,04:38:33.364,bybit,ALGO/USDT:USDT,0.2694,47118.1,0.2695,35808.2,0.2694,96417159.5,25248558.2258
1753504713464,04:38:33.464,bybit,ALGO/USDT:USDT,0.2694,48018.1,0.2695,35808.2,0.2694,96417159.5,25248558.2258
1753504713563,04:38:33.563,bybit,ALGO/USDT:USDT,0.2694,48917.4,0.2695,35808.2,0.2694,96417159.5,25248558.2258
1753504713599,04:38:33.599,bitget,ALGO/USDT:USDT,0.2695,32999.4,0.2696,26872.2,0.2695,59027809.8,15454272.49262
1753504713698,04:38:33.698,binance,ALGO/USDT:USDT,,,,,0.2694,244341190.8,63917225.0702
1753504713698,04:38:33.698,binanceusdm,ALGO/USDT:USDT,,,,,0.2694,244341190.8,63917225.0702
1753504713864,04:38:33.864,bybit,ALGO/USDT:USDT,0.2694,48917.4,0.2695,33356.1,0.2694,96417159.5,25248558.2258
1753504713917,04:38:33.917,bitget,ALGO/USDT:USDT,0.2695,34009.7,0.2696,12872.2,0.2695,59027809.8,15454272.49262
1753504712978,04:38:32.978,xt,ALGO/USDT:USDT,,,,,0.2694,,246828044.0
1753504714164,04:38:34.164,bybit,ALGO/USDT:USDT,0.2694,50017.4,0.2695,33356.1,0.2694,96417159.5,25248558.2258
1753504714245,04:38:34.245,bitget,ALGO/USDT:USDT,0.2695,34009.7,0.2696,12872.2,0.2695,59027809.8,15454272.49262
1753504714619,04:38:34.619,bitmart,ALGO/USDT:USDT,0.2691,2920.0,0.27,2943.0,0.2693,,917301484.0
1753504714664,04:38:34.664,bybit,ALGO/USDT:USDT,0.2694,50917.4,0.2695,33356.1,0.2694,96417159.5,25248558.2258
1753504714673,04:38:34.673,bitget,ALGO/USDT:USDT,0.2695,32999.4,0.2696,12872.2,0.2695,59027809.8,15454272.49262
1753504712624,04:38:32.624,mexc,ALGO/USDT:USDT,,,,,0.2695,85330219.0,22182026.2314
1753504714964,04:38:34.964,bybit,ALGO/USDT:USDT,0.2694,50017.4,0.2695,33356.1,0.2694,96417159.5,25248558.2258
1753504715425,04:38:35.425,bitget,ALGO/USDT:USDT,0.2695,34009.7,0.2696,12872.2,0.2695,59027809.8,15454272.49262
1753504715464,04:38:35.464,bybit,ALGO/USDT:USDT,0.2694,50917.4,0.2695,33356.1,0.2694,96417159.5,25248558.2258
1753504715963,04:38:35.963,bybit,ALGO/USDT:USDT,0.2694,50017.4,0.2695,33356.1,0.2694,96417159.5,25248558.2258
1753504716364,04:38:36.364,bybit,ALGO/USDT:USDT,0.2694,50917.4,0.2695,33356.1,0.2694,96417159.5,25248558.2258
1753504716504,04:38:36.504,bitget,ALGO/USDT:USDT,0.2695,34009.7,0.2696,12872.2,0.2695,59027809.8,15454272.49262
1753504716615,04:38:36.615,bitmart,ALGO/USDT:USDT,0.2691,2920.0,0.27,2943.0,0.2694,,917301838.0
1753504716180,04:38:36.180,xt,ALGO/USDT:USDT,,,,,0.2694,,246828142.0
1753504716607,04:38:36.607,mexc,ALGO/USDT:USDT,,,,,0.2695,85330219.0,22182026.2314
1753504717402,04:38:37.402,binance,ALGO/USDT:USDT,,,,,0.2694,244341218.8,63917232.6134
1753504717402,04:38:37.402,binanceusdm,ALGO/USDT:USDT,,,,,0.2694,244341218.8,63917232.6134
1753504717464,04:38:37.464,bybit,ALGO/USDT:USDT,0.2694,49118.1,0.2695,33356.1,0.2694,96417159.5,25248558.2258
1753504717564,04:38:37.564,bybit,ALGO/USDT:USDT,0.2694,50018.1,0.2695,33356.1,0.2694,96417159.5,25248558.2258
1753504717613,04:38:37.613,bitmart,ALGO/USDT:USDT,0.2691,2920.0,0.27,2943.0,0.2694,,917301842.0
1753504717605,04:38:37.605,bitget,ALGO/USDT:USDT,0.2695,32999.4,0.2696,12872.2,0.2695,59027809.8,15454272.49262
1753504717963,04:38:37.963,bybit,ALGO/USDT:USDT,0.2694,50917.4,0.2695,32556.1,0.2694,96417159.5,25248558.2258
1753504717978,04:38:37.978,bitget,ALGO/USDT:USDT,0.2695,32999.4,0.2696,8610.1,0.2695,59027809.8,15454272.49262
1753504718347,04:38:38.347,bitget,ALGO/USDT:USDT,0.2695,34009.7,0.2696,8610.1,0.2695,59027809.8,15454272.49262
1753504718603,04:38:38.603,bitmart,ALGO/USDT:USDT,0.2691,2920.0,0.27,2943.0,0.2694,,917301842.0
1753504718674,04:38:38.674,bitget,ALGO/USDT:USDT,0.2695,34009.7,0.2696,8610.1,0.2695,59027809.8,15454272.49262
1753504718987,04:38:38.987,bitget,ALGO/USDT:USDT,0.2695,34009.7,0.2696,8610.1,0.2695,59027809.8,15454272.49262
1753504719330,04:38:39.330,bitget,ALGO/USDT:USDT,0.2695,34009.7,0.2696,12872.2,0.2695,59027809.8,15454272.49262
1753504717850,04:38:37.850,binanceusdm,ALGO/USDT:USDT,,,,,0.2695,244343092.0,63917737.4408
1753504717850,04:38:37.850,binance,ALGO/USDT:USDT,,,,,0.2695,244343092.0,63917737.4408
1753504718685,04:38:38.685,mexc,ALGO/USDT:USDT,,,,,0.2695,85330250.0,22182034.5859
1753504719629,04:38:39.629,bitmart,ALGO/USDT:USDT,0.2691,2920.0,0.27,2943.0,0.2694,,917301954.0
1753504719742,04:38:39.742,bitget,ALGO/USDT:USDT,0.2695,32999.4,0.2696,12872.2,0.2695,59027809.8,15454272.49262
1753504719864,04:38:39.864,bybit,ALGO/USDT:USDT,0.2694,50917.4,0.2695,23258.5,0.2694,96417159.5,25248558.2258
1753504718621,04:38:38.621,xt,ALGO/USDT:USDT,,,,,0.2695,,246830047.0
1753504720264,04:38:40.264,gateio,ALGO/USDT:USDT,,,,,0.26934,11792580.0,3176212.0
1753504720320,04:38:40.320,kucoinfutures,ALGO/USDT:USDT,0.2694,1525.0,0.26956,1392.0,0.26956,,
1753504720363,04:38:40.363,bybit,ALGO/USDT:USDT,0.2695,66800.4,0.2696,19649.0,0.2695,96417181.0,25248564.0201
1753504720360,04:38:40.360,bitget,ALGO/USDT:USDT,0.2696,26587.9,0.2697,64087.1,0.2695,59027809.8,15454272.49262
1753504720412,04:38:40.412,gate,ALGO/USDT:USDT,,,,,0.26948,11793580.0,3178132.0
1753504720464,04:38:40.464,bybit,ALGO/USDT:USDT,0.2695,68599.7,0.2696,17200.2,0.2695,96417181.0,25248564.0201
1753504720519,04:38:40.519,bitmart,ALGO/USDT:USDT,0.2691,2920.0,0.2701,920504.0,0.2694,,917301954.0
1753504720564,04:38:40.564,bybit,ALGO/USDT:USDT,0.2695,60220.4,0.2696,23420.9,0.2695,96417181.0,25248564.0201
1753504720664,04:38:40.664,bybit,ALGO/USDT:USDT,0.2695,45119.7,0.2696,23420.9,0.2695,96417181.0,25248564.0201
1753504720709,04:38:40.709,bitget,ALGO/USDT:USDT,0.2696,33850.4,0.2697,15732.1,0.2695,59027809.8,15454272.49262
1753504720764,04:38:40.764,bybit,ALGO/USDT:USDT,0.2695,46019.7,0.2696,23420.9,0.2695,96417181.0,25248564.0201
1753504721064,04:38:41.064,bybit,ALGO/USDT:USDT,0.2695,46019.7,0.2696,23421.9,0.2695,96417181.0,25248564.0201
1753504721043,04:38:41.043,bitget,ALGO/USDT:USDT,0.2696,33850.4,0.2697,16583.1,0.2695,59027809.8,15454272.49262
1753504721264,04:38:41.264,bybit,ALGO/USDT:USDT,0.2695,48512.4,0.2696,23421.9,0.2695,96417181.0,25248564.0201
1753504721266,04:38:41.266,gateio,ALGO/USDT:USDT,,,,,0.26948,11793580.0,3178132.0
1753504721364,04:38:41.364,bybit,ALGO/USDT:USDT,0.2695,46713.1,0.2696,23421.9,0.2695,96417181.0,25248564.0201
1753504721356,04:38:41.356,bitget,ALGO/USDT:USDT,0.2696,33850.4,0.2697,28583.1,0.2695,59027809.8,15454272.49262
1753504720284,04:38:40.284,binance,ALGO/USDT:USDT,,,,,0.2695,244348076.9,63919080.8714
1753504720284,04:38:40.284,binanceusdm,ALGO/USDT:USDT,,,,,0.2695,244348076.9,63919080.8714
1753504721463,04:38:41.463,bybit,ALGO/USDT:USDT,0.2695,46713.1,0.2696,33154.1,0.2695,96417181.0,25248564.0201
1753504721540,04:38:41.540,bitmart,ALGO/USDT:USDT,0.2691,2920.0,0.2701,923445.0,0.2696,,917307646.0
1753504721564,04:38:41.564,bybit,ALGO/USDT:USDT,0.2695,48512.4,0.2696,29891.5,0.2695,96417181.0,25248564.0201
1753504721667,04:38:41.667,bitget,ALGO/USDT:USDT,0.2696,33850.4,0.2697,16583.1,0.2695,59027809.8,15454272.49262
1753504718685,04:38:38.685,mexc,ALGO/USDT:USDT,,,,,0.2695,85330250.0,22182034.5859
1753504721864,04:38:41.864,bybit,ALGO/USDT:USDT,0.2695,48512.4,0.2696,26653.0,0.2695,96417181.0,25248564.0201
1753504722064,04:38:42.064,bybit,ALGO/USDT:USDT,0.2695,59512.4,0.2696,26653.0,0.2695,96417181.0,25248564.0201
1753504722072,04:38:42.072,bitget,ALGO/USDT:USDT,0.2696,33850.4,0.2697,16583.1,0.2695,59027809.8,15454272.49262
1753504722363,04:38:42.363,bybit,ALGO/USDT:USDT,0.2695,59512.4,0.2696,17020.8,0.2695,96417181.0,25248564.0201
1753504722455,04:38:42.455,bitget,ALGO/USDT:USDT,0.2696,33850.4,0.2697,16583.1,0.2695,59027809.8,15454272.49262
1753504722520,04:38:42.520,kucoinfutures,ALGO/USDT:USDT,0.2695,1579.0,0.26967,1543.0,0.26966,,
1753504722564,04:38:42.564,bybit,ALGO/USDT:USDT,0.2695,59512.4,0.2696,17031.0,0.2695,96417181.0,25248564.0201
1753504722756,04:38:42.756,bitget,ALGO/USDT:USDT,0.2696,34860.7,0.2697,16583.1,0.2695,59027809.8,15454272.49262
1753504721919,04:38:41.919,xt,ALGO/USDT:USDT,,,,,0.2695,,246765757.0
1753504723072,04:38:43.072,bitget,ALGO/USDT:USDT,0.2696,34860.7,0.2697,16583.1,0.2695,59027809.8,15454272.49262
1753504723423,04:38:43.423,bitget,ALGO/USDT:USDT,0.2696,34860.7,0.2697,16583.1,0.2695,59027809.8,15454272.49262
1753504723463,04:38:43.463,bybit,ALGO/USDT:USDT,0.2695,48512.4,0.2696,17031.0,0.2695,96417181.0,25248564.0201
1753504723619,04:38:43.619,bitmart,ALGO/USDT:USDT,0.2691,2920.0,0.2701,2941.0,0.2696,,917311922.0
1753504724063,04:38:44.063,bybit,ALGO/USDT:USDT,0.2695,56512.4,0.2696,17031.0,0.2695,96417181.0,25248564.0201
1753504724070,04:38:44.070,bitget,ALGO/USDT:USDT,0.2696,33850.4,0.2697,16583.1,0.2695,59027809.8,15454272.49262
1753504722621,04:38:42.621,mexc,ALGO/USDT:USDT,,,,,0.2695,85330250.0,22182034.5859
1753504724410,04:38:44.410,bitget,ALGO/USDT:USDT,0.2696,33850.4,0.2697,16583.1,0.2695,59027809.8,15454272.49262
1753504724772,04:38:44.772,bitget,ALGO/USDT:USDT,0.2696,33850.4,0.2697,16583.1,0.2695,59027809.8,15454272.49262
1753504725090,04:38:45.090,bitget,ALGO/USDT:USDT,0.2696,33850.4,0.2697,16583.1,0.2695,59027809.8,15454272.49262
1753504725164,04:38:45.164,bybit,ALGO/USDT:USDT,0.2695,56527.6,0.2696,17031.0,0.2695,96417181.0,25248564.0201
1753504725400,04:38:45.400,bitget,ALGO/USDT:USDT,0.2696,33850.4,0.2697,16583.1,0.2695,59027809.8,15454272.49262
1753504725534,04:38:45.534,bitmart,ALGO/USDT:USDT,0.2691,2920.0,0.2701,2941.0,0.2695,,917311934.0
1753504725069,04:38:45.069,xt,ALGO/USDT:USDT,,,,,0.2695,,246765768.0
1753504725964,04:38:45.964,bybit,ALGO/USDT:USDT,0.2695,56527.5,0.2696,17031.0,0.2695,96417181.0,25248564.0201
1753504726092,04:38:46.092,bitget,ALGO/USDT:USDT,0.2696,33850.4,0.2697,16583.1,0.2695,59027809.8,15454272.49262
1753504726406,04:38:46.406,bitget,ALGO/USDT:USDT,0.2696,33850.4,0.2697,16583.1,0.2695,59027809.8,15454272.49262
1753504724610,04:38:44.610,mexc,ALGO/USDT:USDT,,,,,0.2695,85330250.0,22182034.5859
1753504726553,04:38:46.553,bitmart,ALGO/USDT:USDT,0.2691,2920.0,0.2701,2941.0,0.2696,,917311944.0
1753504726724,04:38:46.724,bitget,ALGO/USDT:USDT,0.2696,33850.4,0.2697,16583.1,0.2695,59027809.8,15454272.49262
1753504726763,04:38:46.763,bybit,ALGO/USDT:USDT,0.2695,46729.9,0.2696,40679.0,0.2695,96417181.0,25248564.0201
1753504726864,04:38:46.864,bybit,ALGO/USDT:USDT,0.2695,46729.9,0.2696,39779.0,0.2695,96417181.0,25248564.0201
1753504726964,04:38:46.964,bybit,ALGO/USDT:USDT,0.2695,47629.9,0.2696,37416.2,0.2695,96417181.0,25248564.0201
1753504727063,04:38:47.063,bybit,ALGO/USDT:USDT,0.2695,42591.6,0.2696,37416.2,0.2695,96417181.0,25248564.0201
1753504727107,04:38:47.107,bitget,ALGO/USDT:USDT,0.2696,33850.4,0.2697,30583.1,0.2695,59027809.8,15454272.49262
1753504727163,04:38:47.163,bybit,ALGO/USDT:USDT,0.2695,43491.6,0.2696,37416.2,0.2695,96417181.0,25248564.0201
1753504727264,04:38:47.264,bybit,ALGO/USDT:USDT,0.2695,42591.6,0.2696,38316.2,0.2695,96417181.0,25248564.0201
1753504727363,04:38:47.363,bybit,ALGO/USDT:USDT,0.2695,42591.6,0.2696,38316.2,0.2695,96417181.0,25248564.0201
1753504727502,04:38:47.502,bitget,ALGO/USDT:USDT,0.2696,33850.4,0.2697,30583.1,0.2695,59027809.8,15454272.49262
1753504727664,04:38:47.664,bybit,ALGO/USDT:USDT,0.2695,42591.6,0.2696,38316.2,0.2695,96417181.0,25248564.0201
1753504727764,04:38:47.764,bybit,ALGO/USDT:USDT,0.2695,42591.6,0.2696,37416.2,0.2695,96417181.0,25248564.0201
1753504727822,04:38:47.822,bitget,ALGO/USDT:USDT,0.2696,33850.4,0.2697,30583.1,0.2695,59027809.8,15454272.49262
1753504727964,04:38:47.964,bybit,ALGO/USDT:USDT,0.2695,49390.9,0.2696,37416.2,0.2695,96417181.0,25248564.0201
1753504728064,04:38:48.064,bybit,ALGO/USDT:USDT,0.2695,49390.9,0.2696,26664.0,0.2695,96417181.0,25248564.0201
1753504728175,04:38:48.175,bitget,ALGO/USDT:USDT,0.2696,34860.7,0.2697,30583.1,0.2695,59027809.8,15454272.49262
1753504728264,04:38:48.264,bybit,ALGO/USDT:USDT,0.2695,49390.2,0.2696,17031.8,0.2695,96417181.0,25248564.0201
1753504728509,04:38:48.509,bitmart,ALGO/USDT:USDT,0.2691,2920.0,0.2701,2941.0,0.2696,,917311952.0
1753504728559,04:38:48.559,bitget,ALGO/USDT:USDT,0.2696,34860.7,0.2697,13723.2,0.2695,59027809.8,15454272.49262
1753504728664,04:38:48.664,bybit,ALGO/USDT:USDT,0.2695,48490.9,0.2696,17043.2,0.2695,96417181.0,25248564.0201
1753504728764,04:38:48.764,bybit,ALGO/USDT:USDT,0.2695,49390.2,0.2696,17043.2,0.2695,96417181.0,25248564.0201
1753504726613,04:38:46.613,mexc,ALGO/USDT:USDT,,,,,0.2695,85330290.0,22182045.3659
1753504728867,04:38:48.867,bitget,ALGO/USDT:USDT,0.2696,34860.7,0.2697,13723.2,0.2695,59027809.8,15454272.49262
1753504728287,04:38:48.287,xt,ALGO/USDT:USDT,,,,,0.2695,,246765782.0
1753504728964,04:38:48.964,bybit,ALGO/USDT:USDT,0.2695,60390.2,0.2696,17043.2,0.2695,96417181.0,25248564.0201
1753504729064,04:38:49.064,bybit,ALGO/USDT:USDT,0.2695,58590.9,0.2696,17943.2,0.2695,96417181.0,25248564.0201
1753504729164,04:38:49.164,bybit,ALGO/USDT:USDT,0.2695,58590.9,0.2696,17044.3,0.2695,96417181.0,25248564.0201
1753504729264,04:38:49.264,bybit,ALGO/USDT:USDT,0.2695,60390.2,0.2696,17044.3,0.2695,96417181.0,25248564.0201
1753504729231,04:38:49.231,bitget,ALGO/USDT:USDT,0.2696,33850.4,0.2697,13723.2,0.2695,59027809.8,15454272.49262
1753504729642,04:38:49.642,bitmart,ALGO/USDT:USDT,0.2691,2920.0,0.2701,2941.0,0.2696,,917311962.0
1753504730093,04:38:50.093,bitget,ALGO/USDT:USDT,0.2696,33850.4,0.2697,13723.2,0.2695,59027809.8,15454272.49262
1753504730267,04:38:50.267,gateio,ALGO/USDT:USDT,,,,,0.26948,11793580.0,3178132.0
1753504730406,04:38:50.406,gate,ALGO/USDT:USDT,,,,,0.26948,11793580.0,3178132.0
1753504730409,04:38:50.409,bitget,ALGO/USDT:USDT,0.2696,34860.7,0.2697,13723.2,0.2695,59027809.8,15454272.49262
1753504730513,04:38:50.513,bitmart,ALGO/USDT:USDT,0.2691,2920.0,0.2701,2941.0,0.2696,,917311962.0
1753504730778,04:38:50.778,bitget,ALGO/USDT:USDT,0.2696,33850.4,0.2697,13723.2,0.2695,59027809.8,15454272.49262
1753504731106,04:38:51.106,bitget,ALGO/USDT:USDT,0.2696,34860.7,0.2697,13723.2,0.2695,59027809.8,15454272.49262
1753504730619,04:38:50.619,mexc,ALGO/USDT:USDT,,,,,0.2695,85330290.0,22182045.3659
1753504731416,04:38:51.416,bitget,ALGO/USDT:USDT,0.2696,34860.7,0.2697,13723.2,0.2695,59027809.8,15454272.49262
1753504731512,04:38:51.512,bitmart,ALGO/USDT:USDT,0.2691,2920.0,0.2701,2941.0,0.2696,,917311962.0
1753504731628,04:38:51.628,binance,ALGO/USDT:USDT,,,,,0.2695,244348675.5,63919242.1941
1753504731628,04:38:51.628,binanceusdm,ALGO/USDT:USDT,,,,,0.2695,244348675.5,63919242.1941
1753504731763,04:38:51.763,bybit,ALGO/USDT:USDT,0.2695,47590.9,0.2696,17044.3,0.2695,96417181.0,25248564.0201
1753504731749,04:38:51.749,bitget,ALGO/USDT:USDT,0.2696,33850.4,0.2697,13723.2,0.2695,59027809.8,15454272.49262
1753504731864,04:38:51.864,bybit,ALGO/USDT:USDT,0.2695,49390.2,0.2696,17044.3,0.2695,96417181.0,25248564.0201
1753504730695,04:38:50.695,xt,ALGO/USDT:USDT,,,,,0.2695,,246765793.0
1753504732238,04:38:52.238,bitget,ALGO/USDT:USDT,0.2696,39476.8,0.2697,13723.2,0.2695,59027809.8,15454272.49262
1753504732548,04:38:52.548,bitget,ALGO/USDT:USDT,0.2696,39476.8,0.2697,13723.2,0.2695,59027809.8,15454272.49262
1753504732619,04:38:52.619,bitmart,ALGO/USDT:USDT,0.2691,2920.0,0.2701,2941.0,0.2695,,917311966.0
1753504733211,04:38:53.211,bitget,ALGO/USDT:USDT,0.2696,39476.8,0.2697,13723.2,0.2695,59027809.8,15454272.49262
1753504733463,04:38:53.463,bybit,ALGO/USDT:USDT,0.2695,42590.9,0.2696,29040.1,0.2695,96417181.0,25248564.0201
1753504730619,04:38:50.619,mexc,ALGO/USDT:USDT,,,,,0.2695,85330290.0,22182045.3659
1753504733564,04:38:53.564,bybit,ALGO/USDT:USDT,0.2695,42590.9,0.2696,29940.1,0.2695,96417181.0,25248564.0201
1753504733538,04:38:53.538,bitget,ALGO/USDT:USDT,0.2696,39476.8,0.2697,13723.2,0.2695,59027809.8,15454272.49262
1753504733664,04:38:53.664,bybit,ALGO/USDT:USDT,0.2695,42590.9,0.2696,26676.5,0.2695,96417181.0,25248564.0201
1753504733764,04:38:53.764,bybit,ALGO/USDT:USDT,0.2695,42590.9,0.2696,28475.8,0.2695,96417181.0,25248564.0201
1753504733847,04:38:53.847,bitget,ALGO/USDT:USDT,0.2696,33850.4,0.2697,13723.2,0.2695,59027809.8,15454272.49262
1753504734113,04:38:54.113,kucoinfutures,ALGO/USDT:USDT,0.2695,1579.0,0.26966,1515.0,0.26951,,
1753504734187,04:38:54.187,bitget,ALGO/USDT:USDT,0.2696,33850.4,0.2697,27723.2,0.2695,59027809.8,15454272.49262
1753504734264,04:38:54.264,bybit,ALGO/USDT:USDT,0.2695,42590.9,0.2696,28475.8,0.2695,96417181.0,25248564.0201
1753504734581,04:38:54.581,bitget,ALGO/USDT:USDT,0.2696,33850.4,0.2697,28733.5,0.2695,59027809.8,15454272.49262
1753504734613,04:38:54.613,bitmart,ALGO/USDT:USDT,0.2691,2920.0,0.2701,2941.0,0.2696,,917345114.0
1753504734763,04:38:54.763,bybit,ALGO/USDT:USDT,0.2695,42590.9,0.2696,28482.8,0.2695,96417181.0,25248564.0201
1753504733859,04:38:53.859,xt,ALGO/USDT:USDT,,,,,0.2695,,246766400.0
1753504735163,04:38:55.163,bybit,ALGO/USDT:USDT,0.2695,42590.9,0.2696,26683.5,0.2695,96417181.0,25248564.0201
1753504735264,04:38:55.264,bybit,ALGO/USDT:USDT,0.2695,43490.9,0.2696,26683.5,0.2695,96417181.0,25248564.0201
1753504735253,04:38:55.253,bitget,ALGO/USDT:USDT,0.2696,31943.8,0.2697,27723.2,0.2695,59027809.8,15454272.49262
1753504735564,04:38:55.564,bybit,ALGO/USDT:USDT,0.2695,43493.5,0.2696,26683.5,0.2695,96417181.0,25248564.0201
1753504735663,04:38:55.663,bybit,ALGO/USDT:USDT,0.2695,43493.5,0.2696,28482.8,0.2695,96417181.0,25248564.0201
1753504735657,04:38:55.657,bitget,ALGO/USDT:USDT,0.2696,31943.8,0.2697,27723.2,0.2695,59027809.8,15454272.49262
1753504734618,04:38:54.618,mexc,ALGO/USDT:USDT,,,,,0.2694,85330314.0,22182051.8315
1753504735864,04:38:55.864,bybit,ALGO/USDT:USDT,0.2695,43493.5,0.2696,27582.8,0.2695,96417181.0,25248564.0201
1753504735964,04:38:55.964,bybit,ALGO/USDT:USDT,0.2695,43493.5,0.2696,28482.8,0.2695,96417181.0,25248564.0201
1753504735998,04:38:55.998,bitget,ALGO/USDT:USDT,0.2696,31943.8,0.2697,27723.2,0.2695,59027809.8,15454272.49262
1753504736164,04:38:56.164,bybit,ALGO/USDT:USDT,0.2695,43493.5,0.2696,26683.5,0.2695,96417181.0,25248564.0201
1753504736312,04:38:56.312,bitget,ALGO/USDT:USDT,0.2696,31943.8,0.2697,27723.2,0.2695,59027809.8,15454272.49262
1753504736464,04:38:56.464,bybit,ALGO/USDT:USDT,0.2695,45292.8,0.2696,26683.5,0.2695,96417181.0,25248564.0201
1753504736522,04:38:56.522,bitmart,ALGO/USDT:USDT,0.2691,2920.0,0.2701,2941.0,0.2696,,917345122.0
1753504736664,04:38:56.664,bybit,ALGO/USDT:USDT,0.2695,44393.5,0.2696,26683.5,0.2695,96417181.0,25248564.0201
1753504736638,04:38:56.638,bitget,ALGO/USDT:USDT,0.2696,32954.1,0.2697,27723.2,0.2695,59027809.8,15454272.49262
1753504736693,04:38:56.693,binance,ALGO/USDT:USDT,,,,,0.2695,244348762.5,63919265.6406
1753504736693,04:38:56.693,binanceusdm,ALGO/USDT:USDT,,,,,0.2695,244348762.5,63919265.6406
1753504736763,04:38:56.763,bybit,ALGO/USDT:USDT,0.2695,43493.5,0.2696,28482.8,0.2695,96417181.0,25248564.0201
1753504736864,04:38:56.864,bybit,ALGO/USDT:USDT,0.2695,48493.5,0.2696,26683.5,0.2695,96417181.0,25248564.0201
1753504736963,04:38:56.963,bybit,ALGO/USDT:USDT,0.2695,50292.8,0.2696,26683.5,0.2695,96417181.0,25248564.0201
1753504737007,04:38:57.007,bitget,ALGO/USDT:USDT,0.2696,31943.8,0.2697,27723.2,0.2695,59027809.8,15454272.49262
1753504737264,04:38:57.264,bybit,ALGO/USDT:USDT,0.2695,44393.5,0.2696,26683.5,0.2695,96417181.0,25248564.0201
1753504737346,04:38:57.346,bitget,ALGO/USDT:USDT,0.2696,31943.8,0.2697,27723.2,0.2695,59027809.8,15454272.49262
1753504737564,04:38:57.564,bybit,ALGO/USDT:USDT,0.2695,44393.6,0.2696,26683.5,0.2695,96417181.0,25248564.0201
1753504737694,04:38:57.694,bitget,ALGO/USDT:USDT,0.2696,32954.1,0.2697,27723.2,0.2695,59027809.8,15454272.49262
1753504737763,04:38:57.763,bybit,ALGO/USDT:USDT,0.2695,43493.6,0.2696,26683.5,0.2695,96417181.0,25248564.0201
1753504737311,04:38:57.311,xt,ALGO/USDT:USDT,,,,,0.2695,,246766495.0
1753504738055,04:38:58.055,bitget,ALGO/USDT:USDT,0.2696,31943.8,0.2697,27723.2,0.2695,59027809.8,15454272.49262
1753504734618,04:38:54.618,mexc,ALGO/USDT:USDT,,,,,0.2694,85330314.0,22182051.8315
1753504738264,04:38:58.264,bybit,ALGO/USDT:USDT,0.2695,44393.6,0.2696,26683.5,0.2695,96417181.0,25248564.0201
1753504738364,04:38:58.364,bybit,ALGO/USDT:USDT,0.2695,45292.9,0.2696,26683.5,0.2695,96417181.0,25248564.0201
1753504738572,04:38:58.572,bitmart,ALGO/USDT:USDT,0.2691,2920.0,0.2701,2941.0,0.2696,,917345734.0
1753504738664,04:38:58.664,bybit,ALGO/USDT:USDT,0.2695,45307.2,0.2696,25883.5,0.2695,96417181.0,25248564.0201
1753504738712,04:38:58.712,bitget,ALGO/USDT:USDT,0.2696,31943.8,0.2697,27723.2,0.2695,59027809.8,15454272.49262
1753504738864,04:38:58.864,bybit,ALGO/USDT:USDT,0.2695,49307.2,0.2696,25883.5,0.2695,96417181.0,25248564.0201
1753504738963,04:38:58.963,bybit,ALGO/USDT:USDT,0.2695,48407.9,0.2696,25883.5,0.2695,96417181.0,25248564.0201
1753504739063,04:38:59.063,bybit,ALGO/USDT:USDT,0.2695,43507.9,0.2696,26683.5,0.2695,96417181.0,25248564.0201
1753504739030,04:38:59.030,bitget,ALGO/USDT:USDT,0.2696,31943.8,0.2697,13723.2,0.2695,59027809.8,15454272.49262
1753504739164,04:38:59.164,bybit,ALGO/USDT:USDT,0.2695,43507.9,0.2696,27583.5,0.2695,96417181.0,25248564.0201
1753504739264,04:38:59.264,bybit,ALGO/USDT:USDT,0.2695,43507.9,0.2696,28482.8,0.2695,96417181.0,25248564.0201
1753504739364,04:38:59.364,bybit,ALGO/USDT:USDT,0.2695,43507.9,0.2696,27583.5,0.2695,96417181.0,25248564.0201
1753504739386,04:38:59.386,bitget,ALGO/USDT:USDT,0.2696,31943.8,0.2697,13723.2,0.2695,59027809.8,15454272.49262
1753504739464,04:38:59.464,bybit,ALGO/USDT:USDT,0.2695,43507.9,0.2696,26683.5,0.2695,96417181.0,25248564.0201
1753504739522,04:38:59.522,bitmart,ALGO/USDT:USDT,0.2691,2920.0,0.2701,2941.0,0.2695,,917345750.0
1753504739564,04:38:59.564,bybit,ALGO/USDT:USDT,0.2695,43507.9,0.2696,27583.5,0.2695,96417181.0,25248564.0201
1753504739724,04:38:59.724,bitget,ALGO/USDT:USDT,0.2696,31943.8,0.2697,13723.2,0.2695,59027809.8,15454272.49262
1753504739864,04:38:59.864,bybit,ALGO/USDT:USDT,0.2695,43507.9,0.2696,26683.5,0.2695,96417181.0,25248564.0201
1753504740048,04:39:00.048,bitget,ALGO/USDT:USDT,0.2696,31943.8,0.2697,28733.5,0.2695,59027809.8,15454272.49262
1753504740264,04:39:00.264,bybit,ALGO/USDT:USDT,0.2695,44407.9,0.2696,26683.5,0.2695,96417181.0,25248564.0201
1753504740363,04:39:00.363,bybit,ALGO/USDT:USDT,0.2695,43507.9,0.2696,26683.5,0.2695,96417181.0,25248564.0201
1753504740387,04:39:00.387,bitget,ALGO/USDT:USDT,0.2696,31943.8,0.2697,27723.2,0.2695,59027809.8,15454272.49262
1753504738637,04:38:58.637,mexc,ALGO/USDT:USDT,,,,,0.2694,85330314.0,22182051.8315
1753504740527,04:39:00.527,bitmart,ALGO/USDT:USDT,0.2691,2920.0,0.2701,2941.0,0.2697,,916940400.0
1753504740864,04:39:00.864,bybit,ALGO/USDT:USDT,0.2695,43507.9,0.2696,27583.5,0.2695,96417181.0,25248564.0201
1753504740832,04:39:00.832,bitget,ALGO/USDT:USDT,0.2696,31943.8,0.2697,27723.2,0.2695,59027809.8,15454272.49262
1753504739730,04:38:59.730,xt,ALGO/USDT:USDT,,,,,0.2695,,246766501.0
1753504741063,04:39:01.063,bybit,ALGO/USDT:USDT,0.2695,43507.9,0.2696,26683.5,0.2695,96417181.0,25248564.0201
1753504741425,04:39:01.425,bitget,ALGO/USDT:USDT,0.2696,31943.8,0.2697,27723.2,0.2695,59027809.8,15454272.49262
1753504741544,04:39:01.544,bitmart,ALGO/USDT:USDT,0.2691,2920.0,0.2701,2941.0,0.2695,,916940406.0
1753504741564,04:39:01.564,bybit,ALGO/USDT:USDT,0.2695,43507.9,0.2696,28482.8,0.2695,96417181.0,25248564.0201
1753504741763,04:39:01.763,bybit,ALGO/USDT:USDT,0.2695,43507.9,0.2696,27582.8,0.2695,96417181.0,25248564.0201
1753504741864,04:39:01.864,bybit,ALGO/USDT:USDT,0.2695,44407.9,0.2696,26683.5,0.2695,96417181.0,25248564.0201
1753504741848,04:39:01.848,bitget,ALGO/USDT:USDT,0.2696,31943.8,0.2697,27723.2,0.2695,58730134.2,15377815.01926
1753504742064,04:39:02.064,bybit,ALGO/USDT:USDT,0.2695,45307.2,0.2696,26683.5,0.2695,96417181.0,25248564.0201
1753504742264,04:39:02.264,bybit,ALGO/USDT:USDT,0.2695,44407.9,0.2696,26683.5,0.2695,96417181.0,25248564.0201
1753504742364,04:39:02.364,bybit,ALGO/USDT:USDT,0.2695,44393.6,0.2696,26683.5,0.2695,96417181.0,25248564.0201
1753504742464,04:39:02.464,bybit,ALGO/USDT:USDT,0.2695,45305.2,0.2696,17051.3,0.2695,96417181.0,25248564.0201
1753504742568,04:39:02.568,bitmart,ALGO/USDT:USDT,0.2691,2920.0,0.2701,2941.0,0.2697,,916940420.0
1753504742630,04:39:02.630,bitget,ALGO/USDT:USDT,0.2696,31943.8,0.2697,13723.2,0.2695,58730134.2,15377815.01926
1753504738637,04:38:58.637,mexc,ALGO/USDT:USDT,,,,,0.2694,85330314.0,22182051.8315
1753504742963,04:39:02.963,bybit,ALGO/USDT:USDT,0.2695,59305.2,0.2696,9979.9,0.2695,96417181.0,25248564.0201
1753504742948,04:39:02.948,bitget,ALGO/USDT:USDT,0.2696,32954.1,0.2697,12872.2,0.2695,58730134.2,15377815.01926
1753504743163,04:39:03.163,bybit,ALGO/USDT:USDT,0.2695,60047.1,0.2696,9979.9,0.2695,96417181.0,25248564.0201
1753504743296,04:39:03.296,bitget,ALGO/USDT:USDT,0.2696,32954.1,0.2697,8610.1,0.2695,58730134.2,15377815.01926
1753504743519,04:39:03.519,bitmart,ALGO/USDT:USDT,0.2691,2920.0,0.2701,2941.0,0.2696,,916940426.0
1753504743763,04:39:03.763,bybit,ALGO/USDT:USDT,0.2695,62047.1,0.2696,9979.9,0.2695,96417181.0,25248564.0201
1753504742974,04:39:02.974,xt,ALGO/USDT:USDT,,,,,0.2695,,246766510.0
1753504744263,04:39:04.263,bybit,ALGO/USDT:USDT,0.2695,62047.1,0.2696,9979.9,0.2695,96407743.2,25246140.7688
1753504744677,04:39:04.677,bitget,ALGO/USDT:USDT,0.2696,34860.7,0.2697,8610.1,0.2695,58730134.2,15377815.01926
1753504744763,04:39:04.763,bybit,ALGO/USDT:USDT,0.2695,62046.5,0.2696,9979.9,0.2695,96407743.2,25246140.7688
1753504745045,04:39:05.045,bitget,ALGO/USDT:USDT,0.2696,34860.7,0.2697,8610.1,0.2695,58730134.2,15377815.01926
1753504744629,04:39:04.629,mexc,ALGO/USDT:USDT,,,,,0.2696,85330368.0,22182066.3899
1753504745264,04:39:05.264,bybit,ALGO/USDT:USDT,0.2695,62046.5,0.2696,9985.2,0.2695,96407743.2,25246140.7688
1753504745356,04:39:05.356,bitget,ALGO/USDT:USDT,0.2696,34860.7,0.2697,8610.1,0.2695,58730134.2,15377815.01926
1753504745531,04:39:05.531,bitmart,ALGO/USDT:USDT,0.2691,2920.0,0.2701,2941.0,0.2696,,916940436.0
1753504745667,04:39:05.667,bitget,ALGO/USDT:USDT,0.2696,34860.7,0.2697,12872.2,0.2695,58730134.2,15377815.01926
1753504745997,04:39:05.997,bitget,ALGO/USDT:USDT,0.2696,33850.4,0.2697,12872.2,0.2695,58730134.2,15377815.01926
1753504746064,04:39:06.064,bybit,ALGO/USDT:USDT,0.2695,61146.5,0.2696,9985.2,0.2695,96407743.2,25246140.7688
1753504746105,04:39:06.105,binanceusdm,ALGO/USDT:USDT,,,,,0.2695,244281013.3,63901882.6191
1753504746105,04:39:06.105,binance,ALGO/USDT:USDT,,,,,0.2695,244281013.3,63901882.6191
1753504746164,04:39:06.164,bybit,ALGO/USDT:USDT,0.2695,62046.5,0.2696,9985.2,0.2695,96407743.2,25246140.7688
1753504746321,04:39:06.321,bitget,ALGO/USDT:USDT,0.2696,39476.8,0.2697,12872.2,0.2695,58730134.2,15377815.01926
1753504746363,04:39:06.363,bybit,ALGO/USDT:USDT,0.2695,61146.5,0.2696,9985.2,0.2695,96407743.2,25246140.7688
1753504746464,04:39:06.464,bybit,ALGO/USDT:USDT,0.2695,62046.5,0.2696,9985.2,0.2695,96407743.2,25246140.7688
1753504746563,04:39:06.563,bybit,ALGO/USDT:USDT,0.2695,43505.3,0.2696,27372.1,0.2695,96407743.2,25246140.7688
1753504746638,04:39:06.638,bitget,ALGO/USDT:USDT,0.2696,39476.8,0.2697,12872.2,0.2695,58730134.2,15377815.01926
1753504746764,04:39:06.764,bybit,ALGO/USDT:USDT,0.2695,54505.3,0.2696,27372.1,0.2695,96407743.2,25246140.7688
1753504746073,04:39:06.073,xt,ALGO/USDT:USDT,,,,,0.2695,,246766523.0
1753504747063,04:39:07.063,bybit,ALGO/USDT:USDT,0.2695,56304.6,0.2696,17052.0,0.2695,96407743.2,25246140.7688
1753504747033,04:39:07.033,bitget,ALGO/USDT:USDT,0.2696,39476.8,0.2697,12872.2,0.2695,59027809.8,15454272.49262
1753504747263,04:39:07.263,bybit,ALGO/USDT:USDT,0.2695,43505.3,0.2696,25884.3,0.2695,96407743.2,25246140.7688
1753504747364,04:39:07.364,bybit,ALGO/USDT:USDT,0.2695,43505.3,0.2696,26784.3,0.2695,96407743.2,25246140.7688
1753504744629,04:39:04.629,mexc,ALGO/USDT:USDT,,,,,0.2696,85330368.0,22182066.3899
1753504747464,04:39:07.464,bybit,ALGO/USDT:USDT,0.2695,43505.3,0.2696,25884.3,0.2695,96407743.2,25246140.7688
1753504747564,04:39:07.564,bybit,ALGO/USDT:USDT,0.2695,45275.8,0.2696,25884.3,0.2695,96407743.2,25246140.7688
1753504747671,04:39:07.671,bitget,ALGO/USDT:USDT,0.2696,39476.8,0.2697,12872.2,0.2695,58730134.2,15377815.01926
1753504747763,04:39:07.763,bybit,ALGO/USDT:USDT,0.2695,50275.8,0.2696,25884.3,0.2695,96407743.2,25246140.7688
1753504747981,04:39:07.981,bitget,ALGO/USDT:USDT,0.2696,40487.1,0.2697,12872.2,0.2695,58730134.2,15377815.01926
1753504748063,04:39:08.063,bybit,ALGO/USDT:USDT,0.2695,50275.8,0.2696,25902.9,0.2695,96407743.2,25246140.7688
1753504747020,04:39:07.020,binance,ALGO/USDT:USDT,,,,,0.2696,244281045.2,63901891.2194
1753504747020,04:39:07.020,binanceusdm,ALGO/USDT:USDT,,,,,0.2696,244281045.2,63901891.2194
1753504748164,04:39:08.164,bybit,ALGO/USDT:USDT,0.2695,45275.8,0.2696,25902.9,0.2695,96407743.2,25246140.7688
1753504748144,04:39:08.144,kucoinfutures,ALGO/USDT:USDT,0.26954,1519.0,0.26969,33610.0,0.26964,,
1753504748264,04:39:08.264,bybit,ALGO/USDT:USDT,0.2696,101909.8,0.2697,2.3,0.2696,96433646.1,25253124.1907
1753504748273,04:39:08.273,gateio,ALGO/USDT:USDT,,,,,0.26961,11807380.0,3183386.0
1753504748363,04:39:08.363,bybit,ALGO/USDT:USDT,0.2696,103988.9,0.2697,2.3,0.2696,96433646.1,25253124.1907
1753504748355,04:39:08.355,bitget,ALGO/USDT:USDT,0.2697,24146.5,0.2699,6484.1,0.2698,58730134.2,15377815.01926
1753504748396,04:39:08.396,gate,ALGO/USDT:USDT,,,,,0.26961,11807380.0,3183386.0
1753504748464,04:39:08.464,bybit,ALGO/USDT:USDT,0.2697,54771.0,0.2698,21094.4,0.2697,96433648.4,25253124.811
1753504748563,04:39:08.563,bybit,ALGO/USDT:USDT,0.2697,54845.2,0.2698,19323.3,0.2697,96433648.4,25253124.811
1753504748664,04:39:08.664,bybit,ALGO/USDT:USDT,0.2697,54771.0,0.2698,19323.3,0.2697,96433648.4,25253124.811
1753504748723,04:39:08.723,bitget,ALGO/USDT:USDT,0.2698,32971.1,0.2699,10746.2,0.2698,58730134.2,15377815.01926
1753504748763,04:39:08.763,bybit,ALGO/USDT:USDT,0.2697,43605.9,0.2698,34323.3,0.2697,96433648.4,25253124.811
1753504748864,04:39:08.864,bybit,ALGO/USDT:USDT,0.2697,42706.6,0.2698,34323.3,0.2697,96433648.4,25253124.811
1753504749032,04:39:09.032,bitget,ALGO/USDT:USDT,0.2698,32971.1,0.2699,24746.2,0.2698,58730134.2,15377815.01926
1753504749279,04:39:09.279,gateio,ALGO/USDT:USDT,,,,,0.26961,11793580.0,3179666.0
1753504749368,04:39:09.368,bitget,ALGO/USDT:USDT,0.2698,17092.8,0.2699,24746.2,0.2698,58730134.2,15377815.01926
1753504749564,04:39:09.564,bybit,ALGO/USDT:USDT,0.2697,42706.6,0.2698,34323.3,0.2697,96433648.4,25253124.811
1753504749615,04:39:09.615,bitmart,ALGO/USDT:USDT,0.2691,712970.0,0.2703,927331.0,0.2697,,916940798.0
1753504749764,04:39:09.764,bybit,ALGO/USDT:USDT,0.2697,30039.2,0.2698,34323.3,0.2697,96433648.4,25253124.811
1753504749765,04:39:09.765,bitget,ALGO/USDT:USDT,0.2698,32103.1,0.2699,24746.2,0.2698,58735688.6,15379313.59638
1753504748681,04:39:08.681,mexc,ALGO/USDT:USDT,,,,,0.2697,85332856.0,22182737.4035
1753504749864,04:39:09.864,bybit,ALGO/USDT:USDT,0.2697,30039.2,0.2698,34323.3,0.2697,96433648.4,25253124.811
1753504749061,04:39:09.061,xt,ALGO/USDT:USDT,,,,,0.2697,,246866157.0
1753504749964,04:39:09.964,bybit,ALGO/USDT:USDT,0.2697,32519.1,0.2698,34323.3,0.2697,96433648.4,25253124.811
1753504750088,04:39:10.088,bitget,ALGO/USDT:USDT,0.2698,32103.1,0.2699,24746.2,0.2698,58735688.6,15379313.59638
1753504748141,04:39:08.141,binance,ALGO/USDT:USDT,,,,,0.2697,244380629.0,63928748.1222
1753504748141,04:39:08.141,binanceusdm,ALGO/USDT:USDT,,,,,0.2697,244380629.0,63928748.1222
1753504750164,04:39:10.164,bybit,ALGO/USDT:USDT,0.2697,32519.1,0.2698,34323.3,0.2697,96433648.4,25253124.811
1753504750268,04:39:10.268,gateio,ALGO/USDT:USDT,,,,,0.26961,11793580.0,3179666.0
1753504750409,04:39:10.409,gate,ALGO/USDT:USDT,,,,,0.26961,11807380.0,3183386.0
1753504750399,04:39:10.399,bitget,ALGO/USDT:USDT,0.2698,17092.8,0.2699,24746.2,0.2698,58735688.6,15379313.59638
1753504750464,04:39:10.464,bybit,ALGO/USDT:USDT,0.2697,32519.1,0.2698,35223.3,0.2697,96433648.4,25253124.811
1753504750564,04:39:10.564,bybit,ALGO/USDT:USDT,0.2697,32519.1,0.2698,34323.3,0.2697,96433648.4,25253124.811
1753504750764,04:39:10.764,bybit,ALGO/USDT:USDT,0.2697,41509.7,0.2698,34323.3,0.2697,96433648.4,25253124.811
1753504750738,04:39:10.738,bitget,ALGO/USDT:USDT,0.2698,17092.8,0.2699,24746.2,0.2698,58735688.6,15379313.59638
1753504750864,04:39:10.864,bybit,ALGO/USDT:USDT,0.2697,41509.7,0.2698,24323.3,0.2697,96433648.4,25253124.811
1753504751064,04:39:11.064,bybit,ALGO/USDT:USDT,0.2697,41509.7,0.2698,19323.3,0.2697,96433648.4,25253124.811
1753504751076,04:39:11.076,bitget,ALGO/USDT:USDT,0.2698,17092.8,0.2699,24746.2,0.2698,58735688.6,15379313.59638
1753504751163,04:39:11.163,bybit,ALGO/USDT:USDT,0.2697,16015.7,0.2698,23392.9,0.2697,96433648.4,25253124.811
1753504751264,04:39:11.264,bybit,ALGO/USDT:USDT,0.2697,24847.9,0.2698,35945.2,0.2697,96433648.4,25253124.811
1753504751364,04:39:11.364,bybit,ALGO/USDT:USDT,0.2697,24847.9,0.2698,35945.2,0.2697,96433648.4,25253124.811
1753504751392,04:39:11.392,bitget,ALGO/USDT:USDT,0.2698,18103.1,0.2699,24746.2,0.2698,58735688.6,15379313.59638
1753504751463,04:39:11.463,bybit,ALGO/USDT:USDT,0.2697,16015.7,0.2698,36844.5,0.2697,96433648.4,25253124.811
1753504751563,04:39:11.563,bybit,ALGO/USDT:USDT,0.2697,18008.4,0.2698,40625.7,0.2697,96433648.4,25253124.811
1753504751564,04:39:11.564,kucoinfutures,ALGO/USDT:USDT,0.26959,52.0,0.26975,1544.0,0.26962,,
1753504751567,04:39:11.567,kucoinfutures,ALGO/USDT:USDT,0.26955,100.0,0.2696,484.0,0.26959,,
1753504751616,04:39:11.616,bitmart,ALGO/USDT:USDT,0.2691,712970.0,0.2703,927331.0,0.2697,,916940816.0
1753504751664,04:39:11.664,bybit,ALGO/USDT:USDT,0.2696,14573.5,0.2697,37643.2,0.2697,96449661.3,25257443.4901
1753504751763,04:39:11.763,bybit,ALGO/USDT:USDT,0.2696,8832.2,0.2697,37643.2,0.2697,96449661.3,25257443.4901
1753504751964,04:39:11.964,bybit,ALGO/USDT:USDT,0.2696,8832.2,0.2697,37643.2,0.2697,96449661.3,25257443.4901
1753504752063,04:39:12.063,bybit,ALGO/USDT:USDT,0.2696,8832.2,0.2697,37719.0,0.2697,96449661.3,25257443.4901
1753504748681,04:39:08.681,mexc,ALGO/USDT:USDT,,,,,0.2697,85332856.0,22182737.4035
