timestamp,time,exchange,symbol,bid,bidVolume,ask,askVolume,lastPrice,baseVolume,quoteVolume
1753504792455,04:39:52.455,binance,AAVE/USDT:USDT,,,,,297.43,1029707.5,299552564.938
1753504792873,04:39:52.873,binance,AAVE/USDT:USDT,,,,,297.41,1029708.2,299552773.125
1753504795529,04:39:55.529,binance,AAVE/USDT:USDT,,,,,297.41,1029709.1,299553040.794
1753504797711,04:39:57.711,binance,AAVE/USDT:USDT,,,,,297.44,1029713.7,299554408.932
1753504801665,04:40:01.665,binance,AAVE/USDT:USDT,,,,,297.45,1027998.9,299063493.397
1753504803398,04:40:03.398,binance,AAVE/USDT:USDT,,,,,297.45,1028000.1,299063850.337
1753504806840,04:40:06.840,binance,AAVE/USDT:USDT,,,,,297.44,1028000.2,299063880.081
1753504808840,04:40:08.840,binance,AAVE/USDT:USDT,,,,,297.44,1028001.1,299064147.779
1753504815129,04:40:15.129,binance,AAVE/USDT:USDT,,,,,297.45,1028001.2,299064177.524
1753504815732,04:40:15.732,binance,AAVE/USDT:USDT,,,,,297.53,1028078.0,299087025.769
1753504820154,04:40:20.154,binance,AAVE/USDT:USDT,,,,,297.54,1028078.4,299087144.785
1753504820154,04:40:20.154,binance,AAVE/USDT:USDT,,,,,297.57,1028091.4,299091013.031
1753504823774,04:40:23.774,binance,AAVE/USDT:USDT,,,,,297.53,1028097.2,299092738.803
1753504824228,04:40:24.228,binance,AAVE/USDT:USDT,,,,,297.54,1028107.2,299095714.203
1753504827397,04:40:27.397,binance,AAVE/USDT:USDT,,,,,297.51,1028124.3,299100801.826
1753504831199,04:40:31.199,binance,AAVE/USDT:USDT,,,,,297.51,1028125.5,299101158.838
1753504832759,04:40:32.759,binance,AAVE/USDT:USDT,,,,,297.51,1028149.8,299108388.091
1753504834705,04:40:34.705,binance,AAVE/USDT:USDT,,,,,297.51,1028154.0,299109637.633
1753504837136,04:40:37.136,binance,AAVE/USDT:USDT,,,,,297.53,1028154.1,299109667.386
1753504838773,04:40:38.773,binance,AAVE/USDT:USDT,,,,,297.45,1028165.4,299113028.926
1753504839389,04:40:39.389,binance,AAVE/USDT:USDT,,,,,297.36,1028196.1,299122158.932
1753504842738,04:40:42.738,binance,AAVE/USDT:USDT,,,,,297.41,1028203.8,299124448.853
1753504843986,04:40:43.986,binance,AAVE/USDT:USDT,,,,,297.42,1028208.9,299125965.693
1753504845315,04:40:45.315,binance,AAVE/USDT:USDT,,,,,297.44,1028209.8,299126233.383
1753504848743,04:40:48.743,binance,AAVE/USDT:USDT,,,,,297.49,1028248.1,299137626.837
1753504852882,04:40:52.882,binance,AAVE/USDT:USDT,,,,,297.5,1028248.2,299137656.587
1753504854287,04:40:54.287,binance,AAVE/USDT:USDT,,,,,297.54,1028253.0,299139084.751
1753504859254,04:40:59.254,binance,AAVE/USDT:USDT,,,,,297.55,1028253.1,299139114.506
1753504861052,04:41:01.052,binance,AAVE/USDT:USDT,,,,,297.55,1026946.3,298764411.469
1753504863901,04:41:03.901,binance,AAVE/USDT:USDT,,,,,297.55,1026946.6,298764500.734
1753504865409,04:41:05.409,binance,AAVE/USDT:USDT,,,,,297.63,1026968.2,298770928.605
1753504867758,04:41:07.758,binance,AAVE/USDT:USDT,,,,,297.65,1026971.9,298772029.847
1753504871347,04:41:11.347,binance,AAVE/USDT:USDT,,,,,297.65,1026972.3,298772148.907
1753504871347,04:41:11.347,binance,AAVE/USDT:USDT,,,,,297.65,1026972.9,298772327.497
1753504874907,04:41:14.907,binance,AAVE/USDT:USDT,,,,,297.65,1026973.7,298772565.617
1753504877232,04:41:17.232,binance,AAVE/USDT:USDT,,,,,297.65,1026975.1,298772982.331
1753504882223,04:41:22.223,binance,AAVE/USDT:USDT,,,,,297.65,1026975.4,298773071.626
1753504884445,04:41:24.445,binance,AAVE/USDT:USDT,,,,,297.66,1026975.7,298773160.924
1753504886019,04:41:26.019,binance,AAVE/USDT:USDT,,,,,297.68,1026983.5,298775482.804
1753504887596,04:41:27.596,binance,AAVE/USDT:USDT,,,,,297.68,1027478.0,298922723.833
1753504889913,04:41:29.913,binance,AAVE/USDT:USDT,,,,,297.67,1027478.1,298922753.6
1753504890766,04:41:30.766,binance,AAVE/USDT:USDT,,,,,297.68,1027478.9,298922991.744
1753504893700,04:41:33.700,binance,AAVE/USDT:USDT,,,,,297.76,1027492.1,298926922.014
1753504898481,04:41:38.481,binance,AAVE/USDT:USDT,,,,,297.76,1027494.9,298927755.742
1753504899539,04:41:39.539,binance,AAVE/USDT:USDT,,,,,297.78,1027496.2,298928142.832
1753504900684,04:41:40.684,binance,AAVE/USDT:USDT,,,,,297.79,1027497.5,298928529.957
1753504906299,04:41:46.299,binance,AAVE/USDT:USDT,,,,,297.8,1027497.6,298928559.737
1753504906299,04:41:46.299,binance,AAVE/USDT:USDT,,,,,297.8,1027498.2,298928738.417
1753504916556,04:41:56.556,binance,AAVE/USDT:USDT,,,,,297.81,1027498.3,298928768.198
1753504920041,04:42:00.041,binance,AAVE/USDT:USDT,,,,,297.8,1026262.6,298574599.523
1753504921759,04:42:01.759,binance,AAVE/USDT:USDT,,,,,297.82,1026271.1,298577130.911
1753504923501,04:42:03.501,binance,AAVE/USDT:USDT,,,,,297.87,1026280.4,298579900.866
1753504926037,04:42:06.037,binance,AAVE/USDT:USDT,,,,,297.87,1026582.8,298669982.398
1753504926554,04:42:06.554,binance,AAVE/USDT:USDT,,,,,297.88,1026585.4,298670756.861
1753504931423,04:42:11.423,binance,AAVE/USDT:USDT,,,,,297.88,1026586.0,298670935.589
1753504933233,04:42:13.233,binance,AAVE/USDT:USDT,,,,,297.92,1026599.9,298675076.386
1753504935072,04:42:15.072,binance,AAVE/USDT:USDT,,,,,297.92,1026603.0,298675999.938
1753504936126,04:42:16.126,binance,AAVE/USDT:USDT,,,,,297.94,1026614.6,298679455.849
1753504939146,04:42:19.146,binance,AAVE/USDT:USDT,,,,,297.93,1026614.7,298679485.642
1753504940431,04:42:20.431,binance,AAVE/USDT:USDT,,,,,297.94,1026690.2,298701982.162
1753504942709,04:42:22.709,binance,AAVE/USDT:USDT,,,,,297.92,1026695.2,298703471.762
1753504946961,04:42:26.961,binance,AAVE/USDT:USDT,,,,,297.93,1026695.3,298703501.555
1753504948908,04:42:28.908,binance,AAVE/USDT:USDT,,,,,297.91,1026718.8,298710502.663
1753504951398,04:42:31.398,binance,AAVE/USDT:USDT,,,,,297.91,1026723.8,298711992.213
1753504952759,04:42:32.759,binance,AAVE/USDT:USDT,,,,,297.91,1026724.3,298712141.168
1753504953684,04:42:33.684,binance,AAVE/USDT:USDT,,,,,297.91,1026724.8,298712290.123
1753504957556,04:42:37.556,binance,AAVE/USDT:USDT,,,,,297.9,1026724.9,298712319.913
1753504958158,04:42:38.158,binance,AAVE/USDT:USDT,,,,,297.87,1026740.5,298716966.985
1753504960636,04:42:40.636,binance,AAVE/USDT:USDT,,,,,297.87,1026741.4,298717235.064
1753504962216,04:42:42.216,binance,AAVE/USDT:USDT,,,,,297.87,1026741.9,298717383.999
1753504963956,04:42:43.956,binance,AAVE/USDT:USDT,,,,,297.85,1026754.9,298721256.132
1753504970077,04:42:50.077,binance,AAVE/USDT:USDT,,,,,297.85,1026755.1,298721315.702
1753504972004,04:42:52.004,binance,AAVE/USDT:USDT,,,,,297.85,1026762.4,298723490.007
1753504973747,04:42:53.747,binance,AAVE/USDT:USDT,,,,,297.91,1026784.1,298729953.397
1753504975166,04:42:55.166,binance,AAVE/USDT:USDT,,,,,297.91,1026785.7,298730430.041
1753504979667,04:42:59.667,binance,AAVE/USDT:USDT,,,,,297.9,1026786.2,298730578.991
1753504980758,04:43:00.758,binance,AAVE/USDT:USDT,,,,,297.9,1025538.6,298373366.207
1753504982029,04:43:02.029,binance,AAVE/USDT:USDT,,,,,297.91,1025538.7,298373395.998
1753504984985,04:43:04.985,binance,AAVE/USDT:USDT,,,,,297.88,1025550.5,298376911.204
1753504987449,04:43:07.449,binance,AAVE/USDT:USDT,,,,,297.88,1025550.8,298377000.568
1753504988693,04:43:08.693,binance,AAVE/USDT:USDT,,,,,297.9,1025596.3,298390554.872
1753504989909,04:43:09.909,binance,AAVE/USDT:USDT,,,,,297.88,1025598.0,298391061.268
1753504993830,04:43:13.830,binance,AAVE/USDT:USDT,,,,,297.89,1025598.1,298391091.057
1753505000302,04:43:20.302,binance,AAVE/USDT:USDT,,,,,297.89,1025598.2,298391120.846
1753505000302,04:43:20.302,binance,AAVE/USDT:USDT,,,,,297.89,1025599.1,298391388.947
1753505006717,04:43:26.717,binance,AAVE/USDT:USDT,,,,,297.89,1025600.1,298391686.837
1753505006758,04:43:26.758,binance,AAVE/USDT:USDT,,,,,297.89,1025600.2,298391716.626
1753505010041,04:43:30.041,binance,AAVE/USDT:USDT,,,,,297.91,1025609.1,298394367.853
1753505011248,04:43:31.248,binance,AAVE/USDT:USDT,,,,,297.93,1025610.7,298394844.516
1753505016556,04:43:36.556,binance,AAVE/USDT:USDT,,,,,297.93,1025610.8,298394874.309
1753505016556,04:43:36.556,binance,AAVE/USDT:USDT,,,,,297.93,1025614.3,298395917.064
1753505021398,04:43:41.398,binance,AAVE/USDT:USDT,,,,,297.93,1025614.5,298395976.65
1753505021398,04:43:41.398,binance,AAVE/USDT:USDT,,,,,297.93,1025614.8,298396066.029
1753505028202,04:43:48.202,binance,AAVE/USDT:USDT,,,,,297.93,1025615.1,298396155.408
1753505032016,04:43:52.016,binance,AAVE/USDT:USDT,,,,,297.93,1025615.3,298396214.994
1753505032359,04:43:52.359,binance,AAVE/USDT:USDT,,,,,297.92,1025627.1,298399730.452
1753505036231,04:43:56.231,binance,AAVE/USDT:USDT,,,,,297.91,1025628.0,298399998.571
1753505036231,04:43:56.231,binance,AAVE/USDT:USDT,,,,,297.91,1025628.8,298400236.899
1753505038345,04:43:58.345,binance,AAVE/USDT:USDT,,,,,297.91,1025629.0,298400296.481
1753505041629,04:44:01.629,binance,AAVE/USDT:USDT,,,,,297.91,1024388.1,298045499.951
1753505042936,04:44:02.936,binance,AAVE/USDT:USDT,,,,,297.93,1024388.3,298045559.537
1753505046093,04:44:06.093,binance,AAVE/USDT:USDT,,,,,297.93,1024388.7,298045678.709
1753505047949,04:44:07.949,binance,AAVE/USDT:USDT,,,,,297.9,1024390.5,298046214.967
1753505049920,04:44:09.920,binance,AAVE/USDT:USDT,,,,,297.91,1024391.4,298046483.086
1753505052111,04:44:12.111,binance,AAVE/USDT:USDT,,,,,297.91,1024391.8,298046602.25
1753505054409,04:44:14.409,binance,AAVE/USDT:USDT,,,,,297.91,1024392.3,298046751.205
1753505056704,04:44:16.704,binance,AAVE/USDT:USDT,,,,,297.91,1024392.8,298046900.16
1753505058592,04:44:18.592,binance,AAVE/USDT:USDT,,,,,297.9,1024392.9,298046929.95
1753505059001,04:44:19.001,binance,AAVE/USDT:USDT,,,,,297.91,1024393.2,298047019.323
1753505061296,04:44:21.296,binance,AAVE/USDT:USDT,,,,,297.91,1024393.4,298047078.905
1753505063590,04:44:23.590,binance,AAVE/USDT:USDT,,,,,297.91,1024393.7,298047168.278
1753505069690,04:44:29.690,binance,AAVE/USDT:USDT,,,,,297.9,1024393.8,298047198.068
1753505069690,04:44:29.690,binance,AAVE/USDT:USDT,,,,,297.9,1024394.7,298047466.178
1753505073343,04:44:33.343,binance,AAVE/USDT:USDT,,,,,297.9,1024395.2,298047615.128
1753505076747,04:44:36.747,binance,AAVE/USDT:USDT,,,,,297.91,1024396.2,298047913.038
1753505077758,04:44:37.758,binance,AAVE/USDT:USDT,,,,,297.91,1024397.3,298048240.739
1753505088098,04:44:48.098,binance,AAVE/USDT:USDT,,,,,297.91,1024397.6,298048330.112
1753505089218,04:44:49.218,binance,AAVE/USDT:USDT,,,,,297.91,1024399.3,298048836.559
1753505091662,04:44:51.662,binance,AAVE/USDT:USDT,,,,,297.95,1024430.9,298058250.637
1753505097704,04:44:57.704,binance,AAVE/USDT:USDT,,,,,297.95,1024431.0,298058280.432
1753505099642,04:44:59.642,binance,AAVE/USDT:USDT,,,,,297.97,1024437.7,298060276.809
1753505100707,04:45:00.707,binance,AAVE/USDT:USDT,,,,,297.94,1024001.5,297935676.292
1753505102690,04:45:02.690,binance,AAVE/USDT:USDT,,,,,297.94,1024003.3,297936212.584
1753505105694,04:45:05.694,binance,AAVE/USDT:USDT,,,,,297.91,1024004.9,297936689.253
1753505107535,04:45:07.535,binance,AAVE/USDT:USDT,,,,,297.9,1024008.8,297937851.089
1753505108163,04:45:08.163,binance,AAVE/USDT:USDT,,,,,297.91,1024015.5,297939847.086
1753505114986,04:45:14.986,binance,AAVE/USDT:USDT,,,,,297.9,1024015.6,297939876.876
1753505118286,04:45:18.286,binance,AAVE/USDT:USDT,,,,,297.91,1024016.0,297939996.04
1753505119733,04:45:19.733,binance,AAVE/USDT:USDT,,,,,297.9,1024019.9,297941157.858
1753505121464,04:45:21.464,binance,AAVE/USDT:USDT,,,,,297.91,1024020.3,297941277.022
1753505124095,04:45:24.095,binance,AAVE/USDT:USDT,,,,,297.91,1024021.0,297941485.559
1753505135145,04:45:35.145,binance,AAVE/USDT:USDT,,,,,297.91,1024021.1,297941515.35
1753505136758,04:45:36.758,binance,AAVE/USDT:USDT,,,,,297.91,1024021.3,297941574.931
1753505137759,04:45:37.759,binance,AAVE/USDT:USDT,,,,,297.9,1024030.4,297944285.822
1753505143378,04:45:43.378,binance,AAVE/USDT:USDT,,,,,297.9,1024030.6,297944345.402
1753505144504,04:45:44.504,binance,AAVE/USDT:USDT,,,,,297.9,1024032.4,297944881.622
1753505145905,04:45:45.905,binance,AAVE/USDT:USDT,,,,,297.89,1024039.9,297947115.797
1753505148464,04:45:48.464,binance,AAVE/USDT:USDT,,,,,297.87,1024064.5,297954443.717
1753505150563,04:45:50.563,binance,AAVE/USDT:USDT,,,,,297.86,1024064.7,297954503.289
1753505152851,04:45:52.851,binance,AAVE/USDT:USDT,,,,,297.86,1024065.3,297954682.007
1753505160041,04:46:00.041,binance,AAVE/USDT:USDT,,,,,297.86,1023613.8,297825380.825
1753505161982,04:46:01.982,binance,AAVE/USDT:USDT,,,,,297.87,1023622.8,297828061.655
1753505162357,04:46:02.357,binance,AAVE/USDT:USDT,,,,,297.87,1023622.9,297828091.442
1753505165779,04:46:05.779,binance,AAVE/USDT:USDT,,,,,297.88,1023625.8,297828955.291
1753505168197,04:46:08.197,binance,AAVE/USDT:USDT,,,,,297.87,1023629.9,297830176.558
1753505170061,04:46:10.061,binance,AAVE/USDT:USDT,,,,,297.91,1023642.4,297833900.043
1753505172075,04:46:12.075,binance,AAVE/USDT:USDT,,,,,297.91,1023645.2,297834734.201
1753505173737,04:46:13.737,binance,AAVE/USDT:USDT,,,,,297.91,1023646.5,297835121.484
1753505180598,04:46:20.598,binance,AAVE/USDT:USDT,,,,,297.91,1023646.6,297835151.275
1753505182446,04:46:22.446,binance,AAVE/USDT:USDT,,,,,297.91,1023648.3,297835657.722
1753505182669,04:46:22.669,binance,AAVE/USDT:USDT,,,,,297.86,1023691.2,297848436.674
1753505186024,04:46:26.024,binance,AAVE/USDT:USDT,,,,,297.91,1023696.4,297849985.796
1753505188467,04:46:28.467,binance,AAVE/USDT:USDT,,,,,297.91,1023696.7,297850075.169
1753505189439,04:46:29.439,binance,AAVE/USDT:USDT,,,,,297.91,1023698.9,297850730.585
1753505191544,04:46:31.544,binance,AAVE/USDT:USDT,,,,,297.91,1023708.9,297853709.697
1753505193040,04:46:33.040,binance,AAVE/USDT:USDT,,,,,297.91,1023709.5,297853888.443
1753505196163,04:46:36.163,binance,AAVE/USDT:USDT,,,,,297.88,1023714.7,297855437.564
1753505197615,04:46:37.615,binance,AAVE/USDT:USDT,,,,,297.88,1023748.8,297865595.272
1753505200680,04:46:40.680,binance,AAVE/USDT:USDT,,,,,297.87,1023748.9,297865625.059
1753505202615,04:46:42.615,binance,AAVE/USDT:USDT,,,,,297.9,1023761.1,297869259.0
1753505203433,04:46:43.433,binance,AAVE/USDT:USDT,,,,,297.88,1023772.3,297872595.341
1753505206677,04:46:46.677,binance,AAVE/USDT:USDT,,,,,297.86,1023777.9,297874263.359
1753505208659,04:46:48.659,binance,AAVE/USDT:USDT,,,,,297.85,1023785.2,297876437.677
1753505213787,04:46:53.787,binance,AAVE/USDT:USDT,,,,,297.84,1023798.6,297880428.733
1753505214681,04:46:54.681,binance,AAVE/USDT:USDT,,,,,297.78,1023818.9,297886474.145
1753505217546,04:46:57.546,binance,AAVE/USDT:USDT,,,,,297.72,1023829.1,297889511.192
1753505219020,04:46:59.020,binance,AAVE/USDT:USDT,,,,,297.71,1023830.6,297889957.757
1753505221767,04:47:01.767,binance,AAVE/USDT:USDT,,,,,297.7,1023068.3,297671620.734
1753505223259,04:47:03.259,binance,AAVE/USDT:USDT,,,,,297.69,1023069.0,297671829.121
1753505227524,04:47:07.524,binance,AAVE/USDT:USDT,,,,,297.7,1023070.6,297672305.441
1753505229025,04:47:09.025,binance,AAVE/USDT:USDT,,,,,297.69,1023071.1,297672454.286
1753505230353,04:47:10.353,binance,AAVE/USDT:USDT,,,,,297.68,1023071.8,297672662.663
1753505233123,04:47:13.123,binance,AAVE/USDT:USDT,,,,,297.62,1023096.8,297680104.08
1753505234887,04:47:14.887,binance,AAVE/USDT:USDT,,,,,297.62,1023102.7,297681860.038
1753505237243,04:47:17.243,binance,AAVE/USDT:USDT,,,,,297.6,1023106.9,297683109.997
1753505238020,04:47:18.020,binance,AAVE/USDT:USDT,,,,,297.6,1023107.0,297683139.757
1753505241439,04:47:21.439,binance,AAVE/USDT:USDT,,,,,297.58,1023116.1,297685847.85
1753505242541,04:47:22.541,binance,AAVE/USDT:USDT,,,,,297.57,1023116.3,297685907.364
1753505244830,04:47:24.830,binance,AAVE/USDT:USDT,,,,,297.57,1023116.5,297685966.878
1753505248398,04:47:28.398,binance,AAVE/USDT:USDT,,,,,297.58,1023116.9,297686085.91
1753505249414,04:47:29.414,binance,AAVE/USDT:USDT,,,,,297.61,1023146.5,297694894.295
1753505252024,04:47:32.024,binance,AAVE/USDT:USDT,,,,,297.66,1023206.9,297712869.62
1753505253905,04:47:33.905,binance,AAVE/USDT:USDT,,,,,297.7,1023218.1,297716203.689
1753505256195,04:47:36.195,binance,AAVE/USDT:USDT,,,,,297.69,1023218.8,297716412.072
1753505258124,04:47:38.124,binance,AAVE/USDT:USDT,,,,,297.78,1023227.4,297718972.519
1753505259831,04:47:39.831,binance,AAVE/USDT:USDT,,,,,297.78,1023227.9,297719121.409
1753505261933,04:47:41.933,binance,AAVE/USDT:USDT,,,,,297.8,1023238.6,297722307.855
1753505266758,04:47:46.758,binance,AAVE/USDT:USDT,,,,,297.8,1023238.8,297722367.415
1753505267759,04:47:47.759,binance,AAVE/USDT:USDT,,,,,297.8,1023239.2,297722486.535
1753505271577,04:47:51.577,binance,AAVE/USDT:USDT,,,,,297.79,1023239.5,297722575.872
1753505272442,04:47:52.442,binance,AAVE/USDT:USDT,,,,,297.72,1023257.6,297727965.128
1753505273859,04:47:53.859,binance,AAVE/USDT:USDT,,,,,297.68,1023275.9,297733412.932
1753505278113,04:47:58.113,binance,AAVE/USDT:USDT,,,,,297.67,1023276.0,297733442.699
1753505278113,04:47:58.113,binance,AAVE/USDT:USDT,,,,,297.67,1023278.1,297734067.806
1753505284553,04:48:04.553,binance,AAVE/USDT:USDT,,,,,297.67,1022510.1,297513988.251
1753505285972,04:48:05.972,binance,AAVE/USDT:USDT,,,,,297.67,1022513.1,297514881.261
1753505288465,04:48:08.465,binance,AAVE/USDT:USDT,,,,,297.65,1022517.6,297516220.691
1753505290040,04:48:10.040,binance,AAVE/USDT:USDT,,,,,297.64,1022521.9,297517500.575
1753505292225,04:48:12.225,binance,AAVE/USDT:USDT,,,,,297.65,1022534.5,297521250.842
1753505294321,04:48:14.321,binance,AAVE/USDT:USDT,,,,,297.64,1022544.5,297524227.242
1753505304477,04:48:24.477,binance,AAVE/USDT:USDT,,,,,297.63,1022544.6,297524257.005
1753505304477,04:48:24.477,binance,AAVE/USDT:USDT,,,,,297.63,1022544.7,297524286.768
1753505308460,04:48:28.460,binance,AAVE/USDT:USDT,,,,,297.59,1022558.5,297528393.764
1753505310230,04:48:30.230,binance,AAVE/USDT:USDT,,,,,297.58,1022558.6,297528423.522
1753505310591,04:48:30.591,binance,AAVE/USDT:USDT,,,,,297.56,1022595.6,297539433.819
1753505312759,04:48:32.759,binance,AAVE/USDT:USDT,,,,,297.56,1022596.1,297539582.599
1753505316039,04:48:36.039,binance,AAVE/USDT:USDT,,,,,297.56,1022604.5,297542082.054
1753505318383,04:48:38.383,binance,AAVE/USDT:USDT,,,,,297.54,1022636.3,297551543.581
1753505318805,04:48:38.805,binance,AAVE/USDT:USDT,,,,,297.55,1022636.8,297551692.356
1753505321817,04:48:41.817,binance,AAVE/USDT:USDT,,,,,297.54,1022645.3,297554221.523
1753505324559,04:48:44.559,binance,AAVE/USDT:USDT,,,,,297.55,1022645.4,297554251.278
1753505326039,04:48:46.039,binance,AAVE/USDT:USDT,,,,,297.61,1022703.7,297571600.165
1753505329629,04:48:49.629,binance,AAVE/USDT:USDT,,,,,297.63,1022703.9,297571659.691
1753505332042,04:48:52.042,binance,AAVE/USDT:USDT,,,,,297.61,1022704.1,297571719.213
1753505334893,04:48:54.893,binance,AAVE/USDT:USDT,,,,,297.61,1022704.2,297571748.974
1753505334893,04:48:54.893,binance,AAVE/USDT:USDT,,,,,297.61,1022707.2,297572641.804
1753505340868,04:49:00.868,binance,AAVE/USDT:USDT,,,,,297.6,1022280.4,297450239.9
1753505341429,04:49:01.429,binance,AAVE/USDT:USDT,,,,,297.58,1022323.1,297462947.241
1753505346557,04:49:06.557,binance,AAVE/USDT:USDT,,,,,297.58,1022323.2,297462976.999
1753505347765,04:49:07.765,binance,AAVE/USDT:USDT,,,,,297.58,1022328.1,297464435.141
1753505348945,04:49:08.945,binance,AAVE/USDT:USDT,,,,,297.59,1022334.7,297466399.235
1753505351758,04:49:11.758,binance,AAVE/USDT:USDT,,,,,297.61,1022338.2,297467440.837
1753505353990,04:49:13.990,binance,AAVE/USDT:USDT,,,,,297.55,1022380.8,297480116.683
1753505356263,04:49:16.263,binance,AAVE/USDT:USDT,,,,,297.54,1022380.9,297480146.437
1753505357938,04:49:17.938,binance,AAVE/USDT:USDT,,,,,297.52,1022381.7,297480384.457
1753505366857,04:49:26.857,binance,AAVE/USDT:USDT,,,,,297.52,1022381.9,297480443.961
1753505367516,04:49:27.516,binance,AAVE/USDT:USDT,,,,,297.52,1022395.3,297484430.729
1753505370949,04:49:30.949,binance,AAVE/USDT:USDT,,,,,297.52,1022395.4,297484460.481
1753505372759,04:49:32.759,binance,AAVE/USDT:USDT,,,,,297.52,1022395.9,297484609.241
1753505375583,04:49:35.583,binance,AAVE/USDT:USDT,,,,,297.51,1022396.0,297484638.992
1753505376534,04:49:36.534,binance,AAVE/USDT:USDT,,,,,297.53,1022400.6,297486007.554
1753505381816,04:49:41.816,binance,AAVE/USDT:USDT,,,,,297.53,1022409.1,297488536.559
1753505382117,04:49:42.117,binance,AAVE/USDT:USDT,,,,,297.51,1022451.1,297501032.769
1753505385347,04:49:45.347,binance,AAVE/USDT:USDT,,,,,297.5,1022452.6,297501479.019
1753505391470,04:49:51.470,binance,AAVE/USDT:USDT,,,,,297.49,1022455.8,297502430.987
1753505391470,04:49:51.470,binance,AAVE/USDT:USDT,,,,,297.49,1022461.4,297504096.931
1753505394236,04:49:54.236,binance,AAVE/USDT:USDT,,,,,297.5,1022461.9,297504245.681
1753505400171,04:50:00.171,binance,AAVE/USDT:USDT,,,,,297.5,1021820.5,297320188.728
1753505405041,04:50:05.041,binance,AAVE/USDT:USDT,,,,,297.49,1021820.6,297320218.477
1753505405628,04:50:05.628,binance,AAVE/USDT:USDT,,,,,297.5,1021821.1,297320367.223
1753505407710,04:50:07.710,binance,AAVE/USDT:USDT,,,,,297.5,1021821.9,297320605.223
1753505410040,04:50:10.040,binance,AAVE/USDT:USDT,,,,,297.49,1021822.2,297320694.472
1753505413276,04:50:13.276,binance,AAVE/USDT:USDT,,,,,297.5,1021822.4,297320753.972
1753505413276,04:50:13.276,binance,AAVE/USDT:USDT,,,,,297.5,1021822.5,297320783.722
1753505417253,04:50:17.253,binance,AAVE/USDT:USDT,,,,,297.48,1021854.4,297330273.527
1753505422702,04:50:22.702,binance,AAVE/USDT:USDT,,,,,297.48,1021855.9,297330719.747
1753505422702,04:50:22.702,binance,AAVE/USDT:USDT,,,,,297.48,1021857.8,297331284.959
1753505425445,04:50:25.445,binance,AAVE/USDT:USDT,,,,,297.45,1021881.7,297338394.258
1753505427759,04:50:27.759,binance,AAVE/USDT:USDT,,,,,297.44,1021882.5,297338632.21
1753505433320,04:50:33.320,binance,AAVE/USDT:USDT,,,,,297.43,1021882.6,297338661.953
1753505435085,04:50:35.085,binance,AAVE/USDT:USDT,,,,,297.41,1021888.9,297340535.69
1753505436758,04:50:36.758,binance,AAVE/USDT:USDT,,,,,297.42,1021889.1,297340595.174
1753505441386,04:50:41.386,binance,AAVE/USDT:USDT,,,,,297.41,1021891.2,297341219.735
1753505442347,04:50:42.347,binance,AAVE/USDT:USDT,,,,,297.42,1021909.0,297346513.659
1753505445326,04:50:45.326,binance,AAVE/USDT:USDT,,,,,297.41,1021913.9,297347970.968
1753505455301,04:50:55.301,binance,AAVE/USDT:USDT,,,,,297.41,1021914.1,297348030.45
1753505456863,04:50:56.863,binance,AAVE/USDT:USDT,,,,,297.39,1021945.0,297357220.337
1753505460071,04:51:00.071,binance,AAVE/USDT:USDT,,,,,297.38,1021240.3,297155200.312
1753505461973,04:51:01.973,binance,AAVE/USDT:USDT,,,,,297.38,1021240.9,297155378.74
1753505462833,04:51:02.833,binance,AAVE/USDT:USDT,,,,,297.33,1021253.7,297159184.935
1753505465799,04:51:05.799,binance,AAVE/USDT:USDT,,,,,297.3,1021267.8,297163377.254
1753505467472,04:51:07.472,binance,AAVE/USDT:USDT,,,,,297.27,1021269.1,297163763.719
1753505469913,04:51:09.913,binance,AAVE/USDT:USDT,,,,,297.27,1021269.3,297163823.174
1753505472781,04:51:12.781,binance,AAVE/USDT:USDT,,,,,297.27,1021269.4,297163852.901
1753505474726,04:51:14.726,binance,AAVE/USDT:USDT,,,,,297.24,1021309.3,297175713.962
1753505474822,04:51:14.822,binance,AAVE/USDT:USDT,,,,,297.2,1021340.3,297184927.848
1753505478121,04:51:18.121,binance,AAVE/USDT:USDT,,,,,297.24,1021374.3,297195033.671
1753505480689,04:51:20.689,binance,AAVE/USDT:USDT,,,,,297.24,1021375.8,297195479.542
1753505482344,04:51:22.344,binance,AAVE/USDT:USDT,,,,,297.36,1021387.5,297198958.231
1753505485180,04:51:25.180,binance,AAVE/USDT:USDT,,,,,297.37,1021390.8,297199939.552
1753505487086,04:51:27.086,binance,AAVE/USDT:USDT,,,,,297.53,1021417.4,297207851.604
1753505488717,04:51:28.717,binance,AAVE/USDT:USDT,,,,,297.61,1021424.6,297209994.11
1753505490194,04:51:30.194,binance,AAVE/USDT:USDT,,,,,297.6,1021432.8,297212434.501
1753505493054,04:51:33.054,binance,AAVE/USDT:USDT,,,,,297.52,1021444.5,297215915.79
1753505494523,04:51:34.523,binance,AAVE/USDT:USDT,,,,,297.52,1021444.8,297216005.046
1753505495642,04:51:35.642,binance,AAVE/USDT:USDT,,,,,297.58,1021447.5,297216808.437
1753505499236,04:51:39.236,binance,AAVE/USDT:USDT,,,,,297.6,1021447.9,297216927.477
1753505499236,04:51:39.236,binance,AAVE/USDT:USDT,,,,,297.6,1021448.5,297217106.037
1753505502554,04:51:42.554,binance,AAVE/USDT:USDT,,,,,297.6,1021458.2,297219992.931
1753505507759,04:51:47.759,binance,AAVE/USDT:USDT,,,,,297.61,1021459.0,297220231.019
1753505510379,04:51:50.379,binance,AAVE/USDT:USDT,,,,,297.61,1021459.2,297220290.541
1753505511659,04:51:51.659,binance,AAVE/USDT:USDT,,,,,297.68,1021465.5,297222165.762
1753505512565,04:51:52.565,binance,AAVE/USDT:USDT,,,,,297.72,1021475.5,297225142.778
1753505515906,04:51:55.906,binance,AAVE/USDT:USDT,,,,,297.72,1021479.0,297226184.798
1753505517827,04:51:57.827,binance,AAVE/USDT:USDT,,,,,297.74,1021482.1,297227107.777
1753505519488,04:51:59.488,binance,AAVE/USDT:USDT,,,,,297.75,1021482.7,297227286.425
1753505522069,04:52:02.069,binance,AAVE/USDT:USDT,,,,,297.76,1020797.9,297031130.91
1753505525536,04:52:05.536,binance,AAVE/USDT:USDT,,,,,297.75,1020798.0,297031160.685
1753505526716,04:52:06.716,binance,AAVE/USDT:USDT,,,,,297.68,1020818.6,297037293.914
1753505529347,04:52:09.347,binance,AAVE/USDT:USDT,,,,,297.67,1020822.3,297038395.293
1753505530183,04:52:10.183,binance,AAVE/USDT:USDT,,,,,297.67,1020823.2,297038663.196
1753505532456,04:52:12.456,binance,AAVE/USDT:USDT,,,,,297.68,1020825.4,297039318.092
1753505536343,04:52:16.343,binance,AAVE/USDT:USDT,,,,,297.67,1020825.5,297039347.859
1753505538555,04:52:18.555,binance,AAVE/USDT:USDT,,,,,297.68,1020825.6,297039377.627
1753505538956,04:52:18.956,binance,AAVE/USDT:USDT,,,,,297.67,1020833.9,297041848.288
1753505541405,04:52:21.405,binance,AAVE/USDT:USDT,,,,,297.67,1020842.7,297044467.784
1753505544459,04:52:24.459,binance,AAVE/USDT:USDT,,,,,297.7,1020846.1,297045479.897
1753505544961,04:52:24.961,binance,AAVE/USDT:USDT,,,,,297.7,1020846.2,297045509.667
1753505546674,04:52:26.674,binance,AAVE/USDT:USDT,,,,,297.7,1020846.6,297045628.747
1753505550854,04:52:30.854,binance,AAVE/USDT:USDT,,,,,297.7,1020846.8,297045688.287
1753505552767,04:52:32.767,binance,AAVE/USDT:USDT,,,,,297.64,1020972.7,297083163.523
1753505553417,04:52:33.417,binance,AAVE/USDT:USDT,,,,,297.65,1020972.8,297083193.288
1753505554990,04:52:34.990,binance,AAVE/USDT:USDT,,,,,297.65,1020977.7,297084651.773
1753505560289,04:52:40.289,binance,AAVE/USDT:USDT,,,,,297.66,1020977.8,297084681.539
1753505561855,04:52:41.855,binance,AAVE/USDT:USDT,,,,,297.66,1021022.0,297097837.31
1753505565250,04:52:45.250,binance,AAVE/USDT:USDT,,,,,297.63,1021022.1,297097867.073
1753505567047,04:52:47.047,binance,AAVE/USDT:USDT,,,,,297.61,1021031.1,297100545.568
1753505569414,04:52:49.414,binance,AAVE/USDT:USDT,,,,,297.61,1021127.7,297129294.694
1753505570742,04:52:50.742,binance,AAVE/USDT:USDT,,,,,297.56,1021136.6,297131943.115
1753505573160,04:52:53.160,binance,AAVE/USDT:USDT,,,,,297.55,1021139.2,297132716.745
1753505578330,04:52:58.330,binance,AAVE/USDT:USDT,,,,,297.54,1021139.3,297132746.499
1753505580051,04:53:00.051,binance,AAVE/USDT:USDT,,,,,297.53,1020672.0,296998826.861
1753505582288,04:53:02.288,binance,AAVE/USDT:USDT,,,,,297.52,1020672.2,296998886.365
1753505584115,04:53:04.115,binance,AAVE/USDT:USDT,,,,,297.52,1020681.5,297001653.297
1753505585175,04:53:05.175,binance,AAVE/USDT:USDT,,,,,297.57,1020688.8,297003825.397
1753505591344,04:53:11.344,binance,AAVE/USDT:USDT,,,,,297.56,1020689.1,297003914.665
1753505591965,04:53:11.965,binance,AAVE/USDT:USDT,,,,,297.52,1020731.2,297016440.825
1753505595163,04:53:15.163,binance,AAVE/USDT:USDT,,,,,297.53,1020731.3,297016470.578
1753505597759,04:53:17.759,binance,AAVE/USDT:USDT,,,,,297.53,1020731.7,297016589.59
1753505600583,04:53:20.583,binance,AAVE/USDT:USDT,,,,,297.52,1020735.1,297017601.158
1753505602691,04:53:22.691,binance,AAVE/USDT:USDT,,,,,297.53,1020737.7,297018374.736
1753505602692,04:53:22.692,binance,AAVE/USDT:USDT,,,,,297.53,1020745.2,297020606.211
1753505606777,04:53:26.777,binance,AAVE/USDT:USDT,,,,,297.54,1020745.3,297020635.965
1753505616758,04:53:36.758,binance,AAVE/USDT:USDT,,,,,297.53,1020752.4,297022748.428
1753505616758,04:53:36.758,binance,AAVE/USDT:USDT,,,,,297.53,1020752.5,297022778.181
1753505621800,04:53:41.800,binance,AAVE/USDT:USDT,,,,,297.52,1020752.6,297022807.933
1753505622175,04:53:42.175,binance,AAVE/USDT:USDT,,,,,297.53,1020762.0,297025604.631
1753505624428,04:53:44.428,binance,AAVE/USDT:USDT,,,,,297.6,1020777.5,297030216.548
1753505626598,04:53:46.598,binance,AAVE/USDT:USDT,,,,,297.61,1020777.7,297030276.07
1753505628444,04:53:48.444,binance,AAVE/USDT:USDT,,,,,297.62,1020781.1,297031287.953
1753505632941,04:53:52.941,binance,AAVE/USDT:USDT,,,,,297.63,1020781.2,297031317.716
1753505634704,04:53:54.704,binance,AAVE/USDT:USDT,,,,,297.63,1020787.0,297033043.97
1753505636676,04:53:56.676,binance,AAVE/USDT:USDT,,,,,297.63,1020787.9,297033311.837
1753505638772,04:53:58.772,binance,AAVE/USDT:USDT,,,,,297.64,1020809.8,297039830.156
1753505640835,04:54:00.835,binance,AAVE/USDT:USDT,,,,,297.7,1020349.2,296908342.989
1753505641582,04:54:01.582,binance,AAVE/USDT:USDT,,,,,297.7,1020358.1,296910992.519
1753505646980,04:54:06.980,binance,AAVE/USDT:USDT,,,,,297.68,1020358.2,296911022.287
1753505648891,04:54:08.891,binance,AAVE/USDT:USDT,,,,,297.67,1020362.2,296912212.998
1753505650053,04:54:10.053,binance,AAVE/USDT:USDT,,,,,297.67,1020362.8,296912391.6
1753505651596,04:54:11.596,binance,AAVE/USDT:USDT,,,,,297.66,1020363.2,296912510.664
1753505653619,04:54:13.619,binance,AAVE/USDT:USDT,,,,,297.65,1020363.3,296912540.429
1753505656438,04:54:16.438,binance,AAVE/USDT:USDT,,,,,297.64,1020369.8,296914475.089
1753505663387,04:54:23.387,binance,AAVE/USDT:USDT,,,,,297.62,1020369.9,296914504.851
1753505664159,04:54:24.159,binance,AAVE/USDT:USDT,,,,,297.61,1020370.2,296914594.135
1753505666538,04:54:26.538,binance,AAVE/USDT:USDT,,,,,297.57,1020373.0,296915427.364
1753505669395,04:54:29.395,binance,AAVE/USDT:USDT,,,,,297.57,1020378.3,296917004.485
1753505669438,04:54:29.438,binance,AAVE/USDT:USDT,,,,,297.61,1020404.4,296924771.127
1753505674982,04:54:34.982,binance,AAVE/USDT:USDT,,,,,297.62,1020404.5,296924800.889
1753505676902,04:54:36.902,binance,AAVE/USDT:USDT,,,,,297.59,1020409.5,296926288.888
1753505681728,04:54:41.728,binance,AAVE/USDT:USDT,,,,,297.57,1020409.6,296926318.645
1753505683401,04:54:43.401,binance,AAVE/USDT:USDT,,,,,297.6,1020420.6,296929591.974
1753505685252,04:54:45.252,binance,AAVE/USDT:USDT,,,,,297.59,1020425.6,296931079.924
1753505687849,04:54:47.849,binance,AAVE/USDT:USDT,,,,,297.59,1020426.5,296931347.755
1753505687849,04:54:47.849,binance,AAVE/USDT:USDT,,,,,297.59,1020427.0,296931496.55
1753505691229,04:54:51.229,binance,AAVE/USDT:USDT,,,,,297.72,1021837.2,297351403.307
1753505692766,04:54:52.766,binance,AAVE/USDT:USDT,,,,,297.76,1021841.8,297352773.001
1753505696643,04:54:56.643,binance,AAVE/USDT:USDT,,,,,297.75,1021845.8,297353964.001
1753505697480,04:54:57.480,binance,AAVE/USDT:USDT,,,,,297.77,1021863.0,297359085.696
1753505702431,04:55:02.431,binance,AAVE/USDT:USDT,,,,,297.76,1020769.6,297045680.345
1753505703800,04:55:03.800,binance,AAVE/USDT:USDT,,,,,297.71,1020782.6,297049550.86
1753505704980,04:55:04.980,binance,AAVE/USDT:USDT,,,,,297.68,1020788.3,297051247.668
1753505707243,04:55:07.243,binance,AAVE/USDT:USDT,,,,,297.67,1020790.3,297051843.018
1753505710466,04:55:10.466,binance,AAVE/USDT:USDT,,,,,297.67,1020790.4,297051872.785
1753505712089,04:55:12.089,binance,AAVE/USDT:USDT,,,,,297.7,1020812.1,297058332.442
1753505714003,04:55:14.003,binance,AAVE/USDT:USDT,,,,,297.71,1020812.8,297058540.833
1753505716385,04:55:16.385,binance,AAVE/USDT:USDT,,,,,297.7,1020816.6,297059672.093
1753505716818,04:55:16.818,binance,AAVE/USDT:USDT,,,,,297.7,1020817.6,297059969.793
1753505728261,04:55:28.261,binance,AAVE/USDT:USDT,,,,,297.69,1020820.6,297060862.863
1753505729481,04:55:29.481,binance,AAVE/USDT:USDT,,,,,297.73,1020830.8,297063899.408
1753505730463,04:55:30.463,binance,AAVE/USDT:USDT,,,,,297.74,1020830.9,297063929.182
1753505733686,04:55:33.686,binance,AAVE/USDT:USDT,,,,,297.74,1020833.6,297064733.07
1753505735954,04:55:35.954,binance,AAVE/USDT:USDT,,,,,297.78,1020837.0,297065745.418
1753505741185,04:55:41.185,binance,AAVE/USDT:USDT,,,,,297.78,1020838.9,297066311.2
1753505742758,04:55:42.758,binance,AAVE/USDT:USDT,,,,,297.77,1020854.2,297070867.23
1753505748896,04:55:48.896,binance,AAVE/USDT:USDT,,,,,297.77,1020855.0,297071105.446
1753505748990,04:55:48.990,binance,AAVE/USDT:USDT,,,,,297.79,1020858.8,297072237.007
1753505752852,04:55:52.852,binance,AAVE/USDT:USDT,,,,,297.79,1020860.8,297072832.581
1753505753132,04:55:53.132,binance,AAVE/USDT:USDT,,,,,297.8,1020863.5,297073636.615
1753505755447,04:55:55.447,binance,AAVE/USDT:USDT,,,,,297.81,1020863.6,297073666.396
1753505758366,04:55:58.366,binance,AAVE/USDT:USDT,,,,,297.81,1020864.4,297073904.644
1753505760765,04:56:00.765,binance,AAVE/USDT:USDT,,,,,297.82,1020534.7,296979540.736
1753505761793,04:56:01.793,binance,AAVE/USDT:USDT,,,,,297.82,1020534.8,296979570.518
1753505766336,04:56:06.336,binance,AAVE/USDT:USDT,,,,,297.83,1020538.4,296980642.706
1753505768101,04:56:08.101,binance,AAVE/USDT:USDT,,,,,297.83,1020544.8,296982548.818
1753505770011,04:56:10.011,binance,AAVE/USDT:USDT,,,,,297.84,1020545.0,296982608.386
1753505771729,04:56:11.729,binance,AAVE/USDT:USDT,,,,,297.88,1020548.7,296983710.456
1753505775071,04:56:15.071,binance,AAVE/USDT:USDT,,,,,297.88,1020548.8,296983740.244
1753505776148,04:56:16.148,binance,AAVE/USDT:USDT,,,,,297.88,1020549.1,296983829.608
1753505781758,04:56:21.758,binance,AAVE/USDT:USDT,,,,,297.88,1020549.2,296983859.396
1753505781987,04:56:21.987,binance,AAVE/USDT:USDT,,,,,297.87,1020549.3,296983889.183
1753505784949,04:56:24.949,binance,AAVE/USDT:USDT,,,,,297.86,1020594.6,296997382.632
1753505787758,04:56:27.758,binance,AAVE/USDT:USDT,,,,,297.81,1020598.7,296998603.727
1753505789650,04:56:29.650,binance,AAVE/USDT:USDT,,,,,297.78,1020606.5,297000926.526
1753505791984,04:56:31.984,binance,AAVE/USDT:USDT,,,,,297.79,1020607.0,297001075.421
1753505792865,04:56:32.865,binance,AAVE/USDT:USDT,,,,,297.78,1020607.8,297001313.65
1753505797726,04:56:37.726,binance,AAVE/USDT:USDT,,,,,297.78,1020608.2,297001432.762
1753505797726,04:56:37.726,binance,AAVE/USDT:USDT,,,,,297.78,1020609.8,297001909.21
1753505801022,04:56:41.022,binance,AAVE/USDT:USDT,,,,,297.79,1020610.1,297001998.547
1753505807219,04:56:47.219,binance,AAVE/USDT:USDT,,,,,297.79,1020610.2,297002028.326
1753505808695,04:56:48.695,binance,AAVE/USDT:USDT,,,,,297.78,1020611.2,297002326.106
1753505810017,04:56:50.017,binance,AAVE/USDT:USDT,,,,,297.82,1020646.7,297012898.323
1753505814343,04:56:54.343,binance,AAVE/USDT:USDT,,,,,297.81,1020646.8,297012928.104
1753505815637,04:56:55.637,binance,AAVE/USDT:USDT,,,,,297.79,1020648.4,297013404.56
1753505817035,04:56:57.035,binance,AAVE/USDT:USDT,,,,,297.77,1020649.4,297013702.333
1753505819356,04:56:59.356,binance,AAVE/USDT:USDT,,,,,297.75,1020652.6,297014655.162
1753505821616,04:57:01.616,binance,AAVE/USDT:USDT,,,,,297.76,1020329.1,296922076.716
1753505824025,04:57:04.025,binance,AAVE/USDT:USDT,,,,,297.76,1020333.5,296923386.86
1753505826758,04:57:06.758,binance,AAVE/USDT:USDT,,,,,297.75,1020333.6,296923416.635
1753505829755,04:57:09.755,binance,AAVE/USDT:USDT,,,,,297.74,1020333.7,296923446.409
1753505830855,04:57:10.855,binance,AAVE/USDT:USDT,,,,,297.68,1020353.3,296929281.932
1753505832758,04:57:12.758,binance,AAVE/USDT:USDT,,,,,297.69,1020353.6,296929371.239
1753505833840,04:57:13.840,binance,AAVE/USDT:USDT,,,,,297.68,1020354.0,296929490.311
1753505837101,04:57:17.101,binance,AAVE/USDT:USDT,,,,,297.69,1020358.4,296930800.106
1753505843469,04:57:23.469,binance,AAVE/USDT:USDT,,,,,297.69,1020359.1,296931008.489
1753505844472,04:57:24.472,binance,AAVE/USDT:USDT,,,,,297.69,1020374.8,296935682.221
1753505846323,04:57:26.323,binance,AAVE/USDT:USDT,,,,,297.66,1020546.8,296986881.045
1753505857343,04:57:37.343,binance,AAVE/USDT:USDT,,,,,297.67,1020547.4,296987059.647
1753505857383,04:57:37.383,binance,AAVE/USDT:USDT,,,,,297.66,1020547.9,296987208.477
1753505862339,04:57:42.339,binance,AAVE/USDT:USDT,,,,,297.66,1020548.0,296987238.243
1753505863649,04:57:43.649,binance,AAVE/USDT:USDT,,,,,297.67,1020550.9,296988101.464
1753505864378,04:57:44.378,binance,AAVE/USDT:USDT,,,,,297.67,1020555.9,296989589.814
1753505867759,04:57:47.759,binance,AAVE/USDT:USDT,,,,,297.67,1020556.5,296989768.416
1753505877605,04:57:57.605,binance,AAVE/USDT:USDT,,,,,297.66,1020556.6,296989798.182
1753505877645,04:57:57.645,binance,AAVE/USDT:USDT,,,,,297.66,1020556.7,296989827.948
1753505881575,04:58:01.575,binance,AAVE/USDT:USDT,,,,,297.66,1019859.3,296790023.862
1753505883404,04:58:03.404,binance,AAVE/USDT:USDT,,,,,297.75,1019899.7,296802050.73
1753505885758,04:58:05.758,binance,AAVE/USDT:USDT,,,,,297.75,1019903.9,296803301.28
1753505885758,04:58:05.758,binance,AAVE/USDT:USDT,,,,,297.74,1019915.7,296806814.669
1753505899216,04:58:19.216,binance,AAVE/USDT:USDT,,,,,297.74,1019916.8,296807142.183
1753505899217,04:58:19.217,binance,AAVE/USDT:USDT,,,,,297.75,1019922.0,296808690.432
1753505909571,04:58:29.571,binance,AAVE/USDT:USDT,,,,,297.75,1019922.6,296808869.082
1753505909905,04:58:29.905,binance,AAVE/USDT:USDT,,,,,297.75,1020003.1,296832837.148
1753505913201,04:58:33.201,binance,AAVE/USDT:USDT,,,,,297.78,1020007.5,296834147.296
1753505920476,04:58:40.476,binance,AAVE/USDT:USDT,,,,,297.78,1020007.6,296834177.074
1753505920758,04:58:40.758,binance,AAVE/USDT:USDT,,,,,297.85,1020036.3,296842724.795
1753505922759,04:58:42.759,binance,AAVE/USDT:USDT,,,,,297.85,1020036.9,296842903.505
1753505926320,04:58:46.320,binance,AAVE/USDT:USDT,,,,,297.85,1020048.2,296846269.21
1753505927898,04:58:47.898,binance,AAVE/USDT:USDT,,,,,297.85,1020052.3,296847490.395
1753505934770,04:58:54.770,binance,AAVE/USDT:USDT,,,,,297.87,1020052.4,296847520.182
1753505934971,04:58:54.971,binance,AAVE/USDT:USDT,,,,,297.88,1020063.8,296850915.902
1753505937544,04:58:57.544,binance,AAVE/USDT:USDT,,,,,297.9,1020067.7,296852077.683
1753505939707,04:58:59.707,binance,AAVE/USDT:USDT,,,,,297.9,1020093.8,296859852.873
1753505948500,04:59:08.500,binance,AAVE/USDT:USDT,,,,,297.9,1019683.6,296742242.184
1753505950420,04:59:10.420,binance,AAVE/USDT:USDT,,,,,297.91,1020140.8,296878473.592
1753505951125,04:59:11.125,binance,AAVE/USDT:USDT,,,,,297.91,1020142.7,296879039.63
1753505954483,04:59:14.483,binance,AAVE/USDT:USDT,,,,,297.91,1020143.9,296879397.123
1753505955761,04:59:15.761,binance,AAVE/USDT:USDT,,,,,297.88,1020158.5,296883746.222
1753505956758,04:59:16.758,binance,AAVE/USDT:USDT,,,,,297.88,1020158.7,296883805.798
1753505966175,04:59:26.175,binance,AAVE/USDT:USDT,,,,,297.9,1020158.8,296883835.588
1753505966175,04:59:26.175,binance,AAVE/USDT:USDT,,,,,297.9,1020159.4,296884014.328
1753505968496,04:59:28.496,binance,AAVE/USDT:USDT,,,,,297.9,1020160.1,296884222.858
1753505970424,04:59:30.424,binance,AAVE/USDT:USDT,,,,,297.88,1020164.8,296885622.907
1753505973963,04:59:33.963,binance,AAVE/USDT:USDT,,,,,297.91,1020166.8,296886218.675
1753505978582,04:59:38.582,binance,AAVE/USDT:USDT,,,,,297.92,1020166.9,296886248.467
1753505979623,04:59:39.623,binance,AAVE/USDT:USDT,,,,,297.93,1020168.2,296886635.772
1753505982151,04:59:42.151,binance,AAVE/USDT:USDT,,,,,297.94,1020169.8,296887112.469
1753505984489,04:59:44.489,binance,AAVE/USDT:USDT,,,,,297.88,1020329.6,296934713.021
1753505990164,04:59:50.164,binance,AAVE/USDT:USDT,,,,,297.87,1020329.8,296934772.595
1753505990681,04:59:50.681,binance,AAVE/USDT:USDT,,,,,297.86,1020331.4,296935249.18
1753505992760,04:59:52.760,binance,AAVE/USDT:USDT,,,,,297.86,1020331.8,296935368.324
1753505995361,04:59:55.361,binance,AAVE/USDT:USDT,,,,,297.81,1020334.8,296936261.803
1753505999043,04:59:59.043,binance,AAVE/USDT:USDT,,,,,297.83,1020335.5,296936470.284
1753506000758,05:00:00.758,binance,AAVE/USDT:USDT,,,,,297.87,1019669.6,296745413.588
1753506002690,05:00:02.690,binance,AAVE/USDT:USDT,,,,,297.88,1019672.6,296746307.228
1753506005046,05:00:05.046,binance,AAVE/USDT:USDT,,,,,297.9,1019674.7,296746932.8
1753506007044,05:00:07.044,binance,AAVE/USDT:USDT,,,,,297.89,1019675.9,296747290.27
1753506008581,05:00:08.581,binance,AAVE/USDT:USDT,,,,,297.91,1019697.2,296753635.609
1753506010772,05:00:10.772,binance,AAVE/USDT:USDT,,,,,297.95,1019713.6,296758521.37
1753506011551,05:00:11.551,binance,AAVE/USDT:USDT,,,,,297.95,1019713.7,296758551.165
1753506013985,05:00:13.985,binance,AAVE/USDT:USDT,,,,,297.94,1019716.6,296759415.191
1753506015758,05:00:15.758,binance,AAVE/USDT:USDT,,,,,297.92,1019721.2,296760785.623
1753506023713,05:00:23.713,binance,AAVE/USDT:USDT,,,,,297.87,1019770.6,296775502.656
1753506024385,05:00:24.385,binance,AAVE/USDT:USDT,,,,,297.87,1019771.9,296775889.887
1753506026600,05:00:26.600,binance,AAVE/USDT:USDT,,,,,297.9,1019800.1,296784290.027
1753506029333,05:00:29.333,binance,AAVE/USDT:USDT,,,,,297.9,1019801.7,296784766.667
1753506030158,05:00:30.158,binance,AAVE/USDT:USDT,,,,,297.91,1019801.8,296784796.458
1753506035496,05:00:35.496,binance,AAVE/USDT:USDT,,,,,297.9,1019846.8,296798201.958
1753506037443,05:00:37.443,binance,AAVE/USDT:USDT,,,,,297.84,1019866.7,296804129.761
1753506039025,05:00:39.025,binance,AAVE/USDT:USDT,,,,,297.86,1019870.6,296805291.39
1753506041141,05:00:41.141,binance,AAVE/USDT:USDT,,,,,297.85,1019871.6,296805589.24
1753506043502,05:00:43.502,binance,AAVE/USDT:USDT,,,,,297.85,1019872.6,296805887.097
1753506049075,05:00:49.075,binance,AAVE/USDT:USDT,,,,,297.85,1019872.8,296805946.667
1753506049075,05:00:49.075,binance,AAVE/USDT:USDT,,,,,297.85,1019872.9,296805976.452
1753506053093,05:00:53.093,binance,AAVE/USDT:USDT,,,,,297.85,1019873.0,296806006.237
1753506054972,05:00:54.972,binance,AAVE/USDT:USDT,,,,,297.82,1019888.4,296810592.854
1753506056511,05:00:56.511,binance,AAVE/USDT:USDT,,,,,297.82,1019889.1,296810801.328
1753506058735,05:00:58.735,binance,AAVE/USDT:USDT,,,,,297.82,1019889.2,296810831.11
1753506060976,05:01:00.976,binance,AAVE/USDT:USDT,,,,,297.76,1019194.0,296611675.886
1753506062280,05:01:02.280,binance,AAVE/USDT:USDT,,,,,297.72,1019210.7,296616647.87
1753506065029,05:01:05.029,binance,AAVE/USDT:USDT,,,,,297.7,1019211.4,296616856.265
1753506065928,05:01:05.928,binance,AAVE/USDT:USDT,,,,,297.7,1019212.1,296617064.655
1753506068604,05:01:08.604,binance,AAVE/USDT:USDT,,,,,297.71,1019212.5,296617183.739
1753506070867,05:01:10.867,binance,AAVE/USDT:USDT,,,,,297.7,1019212.9,296617302.82
1753506071467,05:01:11.467,binance,AAVE/USDT:USDT,,,,,297.7,1019213.2,296617392.13
1753506073142,05:01:13.142,binance,AAVE/USDT:USDT,,,,,297.7,1019213.4,296617451.67
1753506077041,05:01:17.041,binance,AAVE/USDT:USDT,,,,,297.7,1019213.6,296617511.21
1753506078514,05:01:18.514,binance,AAVE/USDT:USDT,,,,,297.68,1019216.6,296618404.254
1753506080856,05:01:20.856,binance,AAVE/USDT:USDT,,,,,297.68,1019216.8,296618463.79
1753506082514,05:01:22.514,binance,AAVE/USDT:USDT,,,,,297.65,1019222.6,296620190.166
1753506084594,05:01:24.594,binance,AAVE/USDT:USDT,,,,,297.65,1019223.1,296620338.99
1753506087141,05:01:27.141,binance,AAVE/USDT:USDT,,,,,297.67,1019257.1,296630459.096
1753506088603,05:01:28.603,binance,AAVE/USDT:USDT,,,,,297.68,1019259.4,296631143.76
1753506090644,05:01:30.644,binance,AAVE/USDT:USDT,,,,,297.69,1019283.4,296638288.317
1753506092990,05:01:32.990,binance,AAVE/USDT:USDT,,,,,297.68,1019288.3,296639746.984
1753506100402,05:01:40.402,binance,AAVE/USDT:USDT,,,,,297.66,1019288.4,296639776.75
1753506101555,05:01:41.555,binance,AAVE/USDT:USDT,,,,,297.67,1019290.5,296640401.846
1753506102774,05:01:42.774,binance,AAVE/USDT:USDT,,,,,297.67,1019297.9,296642604.611
1753506107694,05:01:47.694,binance,AAVE/USDT:USDT,,,,,297.68,1019298.0,296642634.379
1753506107694,05:01:47.694,binance,AAVE/USDT:USDT,,,,,297.69,1019308.9,296645879.16
1753506115106,05:01:55.106,binance,AAVE/USDT:USDT,,,,,297.68,1019309.1,296645938.696
1753506116179,05:01:56.179,binance,AAVE/USDT:USDT,,,,,297.69,1019309.3,296645998.234
1753506120957,05:02:00.957,binance,AAVE/USDT:USDT,,,,,297.69,1018809.2,296502712.065
1753506122902,05:02:02.902,binance,AAVE/USDT:USDT,,,,,297.72,1018823.1,296506850.044
1753506126758,05:02:06.758,binance,AAVE/USDT:USDT,,,,,297.7,1018823.2,296506879.814
1753506128679,05:02:08.679,binance,AAVE/USDT:USDT,,,,,297.69,1018824.0,296507117.966
1753506129492,05:02:09.492,binance,AAVE/USDT:USDT,,,,,297.7,1018834.0,296510094.963
1753506130914,05:02:10.914,binance,AAVE/USDT:USDT,,,,,297.69,1018834.3,296510184.27
1753506132968,05:02:12.968,binance,AAVE/USDT:USDT,,,,,297.7,1018834.4,296510214.04
1753506135904,05:02:15.904,binance,AAVE/USDT:USDT,,,,,297.69,1018835.0,296510392.657
1753506137211,05:02:17.211,binance,AAVE/USDT:USDT,,,,,297.7,1018835.3,296510481.967
1753506142042,05:02:22.042,binance,AAVE/USDT:USDT,,,,,297.69,1018842.7,296512684.873
1753506142962,05:02:22.962,binance,AAVE/USDT:USDT,,,,,297.68,1018871.3,296521198.768
1753506144542,05:02:24.542,binance,AAVE/USDT:USDT,,,,,297.67,1018871.4,296521228.535
1753506156825,05:02:36.825,binance,AAVE/USDT:USDT,,,,,297.67,1018871.8,296521347.603
1753506157300,05:02:37.300,binance,AAVE/USDT:USDT,,,,,297.66,1018895.7,296528461.852
1753506162831,05:02:42.831,binance,AAVE/USDT:USDT,,,,,297.65,1018895.8,296528491.617
1753506162831,05:02:42.831,binance,AAVE/USDT:USDT,,,,,297.65,1018899.2,296529503.627
1753506167839,05:02:47.839,binance,AAVE/USDT:USDT,,,,,297.66,1018903.6,296530813.331
1753506169447,05:02:49.447,binance,AAVE/USDT:USDT,,,,,297.65,1018913.2,296533670.771
1753506171759,05:02:51.759,binance,AAVE/USDT:USDT,,,,,297.66,1018914.5,296534057.718
1753506172760,05:02:52.760,binance,AAVE/USDT:USDT,,,,,297.66,1018914.9,296534176.782
1753506175995,05:02:55.995,binance,AAVE/USDT:USDT,,,,,297.65,1018915.4,296534325.607
1753506176915,05:02:56.915,binance,AAVE/USDT:USDT,,,,,297.64,1018927.8,296538016.394
1753506179556,05:02:59.556,binance,AAVE/USDT:USDT,,,,,297.66,1018979.9,296553523.832
1753506180060,05:03:00.060,binance,AAVE/USDT:USDT,,,,,297.67,1017253.4,296058741.836
1753506183695,05:03:03.695,binance,AAVE/USDT:USDT,,,,,297.67,1017253.9,296058890.671
1753506184679,05:03:04.679,binance,AAVE/USDT:USDT,,,,,297.67,1017254.7,296059128.807
1753506187308,05:03:07.308,binance,AAVE/USDT:USDT,,,,,297.67,1017259.4,296060527.856
1753506190607,05:03:10.607,binance,AAVE/USDT:USDT,,,,,297.67,1017259.5,296060557.623
1753506192030,05:03:12.030,binance,AAVE/USDT:USDT,,,,,297.7,1017309.9,296075560.535
1753506201021,05:03:21.021,binance,AAVE/USDT:USDT,,,,,297.7,1017310.2,296075649.845
1753506201028,05:03:21.028,binance,AAVE/USDT:USDT,,,,,297.7,1017311.7,296076096.395
1753506204496,05:03:24.496,binance,AAVE/USDT:USDT,,,,,297.71,1017311.8,296076126.166
1753506207985,05:03:27.985,binance,AAVE/USDT:USDT,,,,,297.7,1017312.1,296076215.476
1753506209923,05:03:29.923,binance,AAVE/USDT:USDT,,,,,297.7,1017322.3,296079252.04
1753506210280,05:03:30.280,binance,AAVE/USDT:USDT,,,,,297.71,1017322.4,296079281.811
1753506212780,05:03:32.780,binance,AAVE/USDT:USDT,,,,,297.71,1017328.1,296080978.758
1753506216404,05:03:36.404,binance,AAVE/USDT:USDT,,,,,297.71,1017328.3,296081038.3
1753506217759,05:03:37.759,binance,AAVE/USDT:USDT,,,,,297.71,1017328.8,296081187.155
1753506228784,05:03:48.784,binance,AAVE/USDT:USDT,,,,,297.7,1017329.1,296081276.465
1753506230664,05:03:50.664,binance,AAVE/USDT:USDT,,,,,297.71,1017344.7,296085920.619
1753506232015,05:03:52.015,binance,AAVE/USDT:USDT,,,,,297.65,1017356.2,296089343.788
1753506237216,05:03:57.216,binance,AAVE/USDT:USDT,,,,,297.65,1017356.5,296089433.083
1753506237216,05:03:57.216,binance,AAVE/USDT:USDT,,,,,297.65,1017356.7,296089492.613
1753506240249,05:04:00.249,binance,AAVE/USDT:USDT,,,,,297.64,1016951.3,295973162.978
1753506242996,05:04:02.996,binance,AAVE/USDT:USDT,,,,,297.64,1016952.3,295973460.618
1753506248370,05:04:08.370,binance,AAVE/USDT:USDT,,,,,297.64,1016952.4,295973490.382
1753506250273,05:04:10.273,binance,AAVE/USDT:USDT,,,,,297.64,1016955.4,295974383.302
1753506251684,05:04:11.684,binance,AAVE/USDT:USDT,,,,,297.65,1016955.5,295974413.067
1753506254340,05:04:14.340,binance,AAVE/USDT:USDT,,,,,297.69,1016981.2,295982062.684
1753506254758,05:04:14.758,binance,AAVE/USDT:USDT,,,,,297.69,1016988.7,295984295.359
1753506256758,05:04:16.758,binance,AAVE/USDT:USDT,,,,,297.7,1016988.9,295984354.899
1753506259641,05:04:19.641,binance,AAVE/USDT:USDT,,,,,297.74,1017021.9,295994179.255
1753506266070,05:04:26.070,binance,AAVE/USDT:USDT,,,,,297.74,1017027.1,295995727.503
1753506267811,05:04:27.811,binance,AAVE/USDT:USDT,,,,,297.74,1017027.4,295995816.825
1753506269887,05:04:29.887,binance,AAVE/USDT:USDT,,,,,297.74,1017033.8,295997722.361
1753506270682,05:04:30.682,binance,AAVE/USDT:USDT,,,,,297.71,1017041.7,296000074.278
1753506276740,05:04:36.740,binance,AAVE/USDT:USDT,,,,,297.74,1017042.1,296000193.374
1753506277758,05:04:37.758,binance,AAVE/USDT:USDT,,,,,297.75,1017042.9,296000431.574
1753506286960,05:04:46.960,binance,AAVE/USDT:USDT,,,,,297.74,1017043.3,296000550.67
1753506288659,05:04:48.659,binance,AAVE/USDT:USDT,,,,,297.74,1017047.0,296001652.309
1753506291162,05:04:51.162,binance,AAVE/USDT:USDT,,,,,297.74,1017047.1,296001682.083
1753506296940,05:04:56.940,binance,AAVE/USDT:USDT,,,,,297.73,1017047.5,296001801.175
1753506297484,05:04:57.484,binance,AAVE/USDT:USDT,,,,,297.73,1017047.7,296001860.721
1753506300926,05:05:00.926,binance,AAVE/USDT:USDT,,,,,297.75,1016792.1,295928568.626
1753506302071,05:05:02.071,binance,AAVE/USDT:USDT,,,,,297.76,1016793.2,295928896.162
1753506304550,05:05:04.550,binance,AAVE/USDT:USDT,,,,,297.76,1016793.7,295929045.042
1753506306191,05:05:06.191,binance,AAVE/USDT:USDT,,,,,297.77,1016793.9,295929104.596
1753506309721,05:05:09.721,binance,AAVE/USDT:USDT,,,,,297.76,1016794.0,295929134.372
1753506311017,05:05:11.017,binance,AAVE/USDT:USDT,,,,,297.77,1016810.8,295934136.892
1753506313296,05:05:13.296,binance,AAVE/USDT:USDT,,,,,297.8,1016818.7,295936489.304
1753506315354,05:05:15.354,binance,AAVE/USDT:USDT,,,,,297.83,1016826.5,295938812.246
1753506317164,05:05:17.164,binance,AAVE/USDT:USDT,,,,,297.9,1016829.3,295939646.245
1753506318884,05:05:18.884,binance,AAVE/USDT:USDT,,,,,297.94,1016829.7,295939765.419
1753506324260,05:05:24.260,binance,AAVE/USDT:USDT,,,,,297.95,1016829.8,295939795.214
1753506325070,05:05:25.070,binance,AAVE/USDT:USDT,,,,,297.96,1016834.4,295941165.856
1753506327275,05:05:27.275,binance,AAVE/USDT:USDT,,,,,297.96,1016835.7,295941553.204
1753506331551,05:05:31.551,binance,AAVE/USDT:USDT,,,,,297.96,1016837.3,295942029.94
1753506332896,05:05:32.896,binance,AAVE/USDT:USDT,,,,,297.95,1016837.4,295942059.735
1753506336253,05:05:36.253,binance,AAVE/USDT:USDT,,,,,297.96,1016837.5,295942089.531
1753506337407,05:05:37.407,binance,AAVE/USDT:USDT,,,,,297.96,1016837.7,295942149.123
1753506346758,05:05:46.758,binance,AAVE/USDT:USDT,,,,,297.96,1016837.8,295942178.919
1753506347636,05:05:47.636,binance,AAVE/USDT:USDT,,,,,297.96,1016842.9,295943698.515
1753506350447,05:05:50.447,binance,AAVE/USDT:USDT,,,,,297.98,1016843.9,295943996.477
1753506352648,05:05:52.648,binance,AAVE/USDT:USDT,,,,,297.81,1016893.8,295958862.582
1753506357265,05:05:57.265,binance,AAVE/USDT:USDT,,,,,297.8,1016893.9,295958892.362
1753506357265,05:05:57.265,binance,AAVE/USDT:USDT,,,,,297.8,1016897.3,295959904.882
1753506360051,05:06:00.051,binance,AAVE/USDT:USDT,,,,,297.79,1016610.3,295877570.768
1753506362926,05:06:02.926,binance,AAVE/USDT:USDT,,,,,297.76,1016615.8,295879208.548
1753506363329,05:06:03.329,binance,AAVE/USDT:USDT,,,,,297.72,1016671.5,295895792.693
1753506366565,05:06:06.565,binance,AAVE/USDT:USDT,,,,,297.71,1016673.3,295896328.571
1753506368208,05:06:08.208,binance,AAVE/USDT:USDT,,,,,297.69,1016675.0,295896834.666
1753506370885,05:06:10.885,binance,AAVE/USDT:USDT,,,,,297.63,1016686.4,295900227.897
1753506371440,05:06:11.440,binance,AAVE/USDT:USDT,,,,,297.63,1016686.5,295900257.66
1753506374992,05:06:14.992,binance,AAVE/USDT:USDT,,,,,297.62,1016806.6,295936004.139
1753506381228,05:06:21.228,binance,AAVE/USDT:USDT,,,,,297.64,1016806.7,295936033.903
1753506381228,05:06:21.228,binance,AAVE/USDT:USDT,,,,,297.64,1016807.3,295936212.487
1753506386758,05:06:26.758,binance,AAVE/USDT:USDT,,,,,297.65,1016807.4,295936242.252
1753506387910,05:06:27.910,binance,AAVE/USDT:USDT,,,,,297.6,1016858.8,295951539.908
1753506389246,05:06:29.246,binance,AAVE/USDT:USDT,,,,,297.61,1016859.0,295951599.43
1753506392430,05:06:32.430,binance,AAVE/USDT:USDT,,,,,297.62,1016859.3,295951688.717
1753506393753,05:06:33.753,binance,AAVE/USDT:USDT,,,,,297.62,1016859.4,295951718.479
1753506400504,05:06:40.504,binance,AAVE/USDT:USDT,,,,,297.63,1016859.5,295951748.242
1753506402341,05:06:42.341,binance,AAVE/USDT:USDT,,,,,297.7,1016878.0,295957254.531
1753506402638,05:06:42.638,binance,AAVE/USDT:USDT,,,,,297.71,1016878.9,295957522.47
1753506405674,05:06:45.674,binance,AAVE/USDT:USDT,,,,,297.75,1016880.2,295957909.511
1753506408066,05:06:48.066,binance,AAVE/USDT:USDT,,,,,297.74,1016880.3,295957939.285
1753506410336,05:06:50.336,binance,AAVE/USDT:USDT,,,,,297.7,1016898.3,295963298.574
1753506412022,05:06:52.022,binance,AAVE/USDT:USDT,,,,,297.7,1016898.6,295963387.884
1753506414359,05:06:54.359,binance,AAVE/USDT:USDT,,,,,297.7,1016899.3,295963596.274
1753506416391,05:06:56.391,binance,AAVE/USDT:USDT,,,,,297.62,1016921.5,295970204.055
1753506418435,05:06:58.435,binance,AAVE/USDT:USDT,,,,,297.59,1016933.8,295973864.515
1753506420226,05:07:00.226,binance,AAVE/USDT:USDT,,,,,297.57,1016634.6,295888199.906
1753506425652,05:07:05.652,binance,AAVE/USDT:USDT,,,,,297.57,1016634.7,295888229.663
1753506426738,05:07:06.738,binance,AAVE/USDT:USDT,,,,,297.57,1016635.6,295888497.476
1753506429368,05:07:09.368,binance,AAVE/USDT:USDT,,,,,297.57,1016692.5,295905429.209
1753506431447,05:07:11.447,binance,AAVE/USDT:USDT,,,,,297.57,1016715.5,295912272.86
1753506432360,05:07:12.360,binance,AAVE/USDT:USDT,,,,,297.56,1016719.0,295913314.32
1753506435455,05:07:15.455,binance,AAVE/USDT:USDT,,,,,297.56,1016755.7,295924234.803
1753506437246,05:07:17.246,binance,AAVE/USDT:USDT,,,,,297.6,1016763.2,295926466.655
1753506439490,05:07:19.490,binance,AAVE/USDT:USDT,,,,,297.61,1016763.8,295926645.221
1753506442821,05:07:22.821,binance,AAVE/USDT:USDT,,,,,297.61,1016766.4,295927419.007
1753506444717,05:07:24.717,binance,AAVE/USDT:USDT,,,,,297.62,1016790.2,295934502.139
1753506446670,05:07:26.670,binance,AAVE/USDT:USDT,,,,,297.61,1016790.3,295934531.9
1753506448636,05:07:28.636,binance,AAVE/USDT:USDT,,,,,297.61,1016799.9,295937388.956
1753506452124,05:07:32.124,binance,AAVE/USDT:USDT,,,,,297.61,1016800.7,295937627.044
1753506453149,05:07:33.149,binance,AAVE/USDT:USDT,,,,,297.6,1016803.4,295938430.576
1753506465767,05:07:45.767,binance,AAVE/USDT:USDT,,,,,297.61,1016803.5,295938460.337
1753506467796,05:07:47.796,binance,AAVE/USDT:USDT,,,,,297.6,1016804.3,295938698.417
1753506468617,05:07:48.617,binance,AAVE/USDT:USDT,,,,,297.61,1016810.4,295940513.781
1753506471758,05:07:51.758,binance,AAVE/USDT:USDT,,,,,297.61,1016810.6,295940573.303
1753506473614,05:07:53.614,binance,AAVE/USDT:USDT,,,,,297.6,1016811.0,295940692.343
1753506477758,05:07:57.758,binance,AAVE/USDT:USDT,,,,,297.61,1016811.5,295940841.148
1753506478006,05:07:58.006,binance,AAVE/USDT:USDT,,,,,297.6,1016811.6,295940870.908
1753506480061,05:08:00.061,binance,AAVE/USDT:USDT,,,,,297.6,1016029.7,295716811.518
1753506482303,05:08:02.303,binance,AAVE/USDT:USDT,,,,,297.59,1016061.3,295726215.677
1753506485124,05:08:05.124,binance,AAVE/USDT:USDT,,,,,297.64,1016118.6,295743268.777
1753506489715,05:08:09.715,binance,AAVE/USDT:USDT,,,,,297.65,1016118.7,295743298.542
1753506491450,05:08:11.450,binance,AAVE/USDT:USDT,,,,,297.64,1016134.2,295747911.966
1753506495301,05:08:15.301,binance,AAVE/USDT:USDT,,,,,297.63,1016134.5,295748001.255
1753506495315,05:08:15.315,binance,AAVE/USDT:USDT,,,,,297.62,1016141.2,295749995.374
1753506505068,05:08:25.068,binance,AAVE/USDT:USDT,,,,,297.61,1016141.3,295750025.135
1753506506596,05:08:26.596,binance,AAVE/USDT:USDT,,,,,297.62,1016143.7,295750739.423
1753506513611,05:08:33.611,binance,AAVE/USDT:USDT,,,,,297.62,1016143.8,295750769.185
1753506522582,05:08:42.582,binance,AAVE/USDT:USDT,,,,,297.62,1016144.7,295751037.043
1753506523400,05:08:43.400,binance,AAVE/USDT:USDT,,,,,297.61,1016144.9,295751096.565
1753506527839,05:08:47.839,binance,AAVE/USDT:USDT,,,,,297.62,1016145.0,295751126.327
1753506530524,05:08:50.524,binance,AAVE/USDT:USDT,,,,,297.61,1016145.5,295751275.132
1753506531191,05:08:51.191,binance,AAVE/USDT:USDT,,,,,297.61,1016150.4,295752733.421
1753506532636,05:08:52.636,binance,AAVE/USDT:USDT,,,,,297.61,1016151.4,295753031.031
1753506535033,05:08:55.033,binance,AAVE/USDT:USDT,,,,,297.61,1016152.4,295753328.641
1753506537851,05:08:57.851,binance,AAVE/USDT:USDT,,,,,297.56,1016183.8,295762673.18
1753506540071,05:09:00.071,binance,AAVE/USDT:USDT,,,,,297.52,1015714.0,295628482.433
