timestamp,time,exchange,symbol,bid,bidVolume,ask,askVolume,lastPrice,baseVolume,quoteVolume
1753504792563,04:39:52.563,binance,ADA/USDT:USDT,,,,,0.827,850455212.0,680729830.8631
1753504793192,04:39:53.192,binance,ADA/USDT:USDT,,,,,0.827,850460990.0,680734609.2691
1753504796436,04:39:56.436,binance,ADA/USDT:USDT,,,,,0.8269,850461253.0,680734826.7613
1753504798973,04:39:58.973,binance,ADA/USDT:USDT,,,,,0.8269,850461475.0,680735010.3331
1753504800031,04:40:00.031,binance,ADA/USDT:USDT,,,,,0.827,849896183.0,680278814.4509
1753504804010,04:40:04.010,binance,ADA/USDT:USDT,,,,,0.8269,849896190.0,680278820.2392
1753504806008,04:40:06.008,binance,ADA/USDT:USDT,,,,,0.8268,849900259.0,680282184.5425
1753504807244,04:40:07.244,binance,ADA/USDT:USDT,,,,,0.8268,849900495.0,680282379.6673
1753504809975,04:40:09.975,binance,ADA/USDT:USDT,,,,,0.8268,849902120.0,680283723.2173
1753504811847,04:40:11.847,binance,ADA/USDT:USDT,,,,,0.8268,849904147.0,680285399.1483
1753504813580,04:40:13.580,binance,ADA/USDT:USDT,,,,,0.8269,849907022.0,680287776.4858
1753504814136,04:40:14.136,binance,ADA/USDT:USDT,,,,,0.8268,849907330.0,680288031.1402
1753504817362,04:40:17.362,binance,ADA/USDT:USDT,,,,,0.8271,849921175.0,680299480.6125
1753504819816,04:40:19.816,binance,ADA/USDT:USDT,,,,,0.8271,849921753.0,680299958.6763
1753504821707,04:40:21.707,binance,ADA/USDT:USDT,,,,,0.8272,849922153.0,680300289.5563
1753504823873,04:40:23.873,binance,ADA/USDT:USDT,,,,,0.8271,849937981.0,680313380.8845
1753504825418,04:40:25.418,binance,ADA/USDT:USDT,,,,,0.827,849938594.0,680313887.8355
1753504826931,04:40:26.931,binance,ADA/USDT:USDT,,,,,0.8269,849939369.0,680314528.6586
1753504829891,04:40:29.891,binance,ADA/USDT:USDT,,,,,0.8269,849939502.0,680314638.6302
1753504831813,04:40:31.813,binance,ADA/USDT:USDT,,,,,0.8269,849941702.0,680316457.7629
1753504833693,04:40:33.693,binance,ADA/USDT:USDT,,,,,0.8268,849959472.0,680331151.2998
1753504835732,04:40:35.732,binance,ADA/USDT:USDT,,,,,0.8269,849959995.0,680331583.7311
1753504837962,04:40:37.962,binance,ADA/USDT:USDT,,,,,0.8266,850037522.0,680395678.676
1753504839994,04:40:39.994,binance,ADA/USDT:USDT,,,,,0.8264,850063550.0,680417190.3983
1753504841957,04:40:41.957,binance,ADA/USDT:USDT,,,,,0.8264,850063879.0,680417462.2839
1753504843994,04:40:43.994,binance,ADA/USDT:USDT,,,,,0.8263,850075052.0,680426694.4675
1753504846005,04:40:46.005,binance,ADA/USDT:USDT,,,,,0.8263,850079088.0,680430029.4215
1753504847815,04:40:47.815,binance,ADA/USDT:USDT,,,,,0.8262,850094295.0,680442593.7355
1753504849670,04:40:49.670,binance,ADA/USDT:USDT,,,,,0.8262,850094368.0,680442654.0481
1753504850782,04:40:50.782,binance,ADA/USDT:USDT,,,,,0.8262,850094369.0,680442654.8743
1753504852778,04:40:52.778,binance,ADA/USDT:USDT,,,,,0.8263,850094370.0,680442655.7006
1753504857316,04:40:57.316,binance,ADA/USDT:USDT,,,,,0.8262,850094402.0,680442682.139
1753504859143,04:40:59.143,binance,ADA/USDT:USDT,,,,,0.8262,850094896.0,680443090.2818
1753504860838,04:41:00.838,binance,ADA/USDT:USDT,,,,,0.8262,849242322.0,679754513.6416
1753504864054,04:41:04.054,binance,ADA/USDT:USDT,,,,,0.8263,849245413.0,679757067.7349
1753504865603,04:41:05.603,binance,ADA/USDT:USDT,,,,,0.8263,849270732.0,679777988.8246
1753504867969,04:41:07.969,binance,ADA/USDT:USDT,,,,,0.8264,849271433.0,679778568.076
1753504870462,04:41:10.462,binance,ADA/USDT:USDT,,,,,0.8263,849271440.0,679778573.8601
1753504870462,04:41:10.462,binance,ADA/USDT:USDT,,,,,0.8263,849287865.0,679792145.8376
1753504873148,04:41:13.148,binance,ADA/USDT:USDT,,,,,0.8262,849287875.0,679792154.0996
1753504876205,04:41:16.205,binance,ADA/USDT:USDT,,,,,0.8262,849292896.0,679796302.4498
1753504880276,04:41:20.276,binance,ADA/USDT:USDT,,,,,0.8263,849292928.0,679796328.8914
1753504881418,04:41:21.418,binance,ADA/USDT:USDT,,,,,0.8263,849293383.0,679796704.8579
1753504883803,04:41:23.803,binance,ADA/USDT:USDT,,,,,0.8262,849293634.0,679796912.2581
1753504885523,04:41:25.523,binance,ADA/USDT:USDT,,,,,0.8263,849294335.0,679797491.493
1753504887207,04:41:27.207,binance,ADA/USDT:USDT,,,,,0.8262,849298998.0,679801344.0092
1753504889492,04:41:29.492,binance,ADA/USDT:USDT,,,,,0.8263,849301886.0,679803730.1253
1753504895190,04:41:35.190,binance,ADA/USDT:USDT,,,,,0.8262,849301893.0,679803735.9087
1753504895190,04:41:35.190,binance,ADA/USDT:USDT,,,,,0.8262,849303614.0,679805157.7989
1753504898925,04:41:38.925,binance,ADA/USDT:USDT,,,,,0.8262,849320103.0,679818781.0107
1753504900810,04:41:40.810,binance,ADA/USDT:USDT,,,,,0.8263,849320136.0,679818808.2786
1753504901355,04:41:41.355,binance,ADA/USDT:USDT,,,,,0.8263,849321201.0,679819688.2881
1753504904849,04:41:44.849,binance,ADA/USDT:USDT,,,,,0.8263,849322894.0,679821087.214
1753504906050,04:41:46.050,binance,ADA/USDT:USDT,,,,,0.8263,849322970.0,679821150.0119
1753504908230,04:41:48.230,binance,ADA/USDT:USDT,,,,,0.8263,849323564.0,679821640.8341
1753504910786,04:41:50.786,binance,ADA/USDT:USDT,,,,,0.8263,849325699.0,679823404.8393
1753504914637,04:41:54.637,binance,ADA/USDT:USDT,,,,,0.8262,849325942.0,679823605.6059
1753504917110,04:41:57.110,binance,ADA/USDT:USDT,,,,,0.8262,849326002.0,679823655.1779
1753504919803,04:41:59.803,binance,ADA/USDT:USDT,,,,,0.8262,849326013.0,679823664.2661
1753504921699,04:42:01.699,binance,ADA/USDT:USDT,,,,,0.8262,848537047.0,679187776.4885
1753504923758,04:42:03.758,binance,ADA/USDT:USDT,,,,,0.8264,848544007.0,679193527.7311
1753504925718,04:42:05.718,binance,ADA/USDT:USDT,,,,,0.8265,848577197.0,679220952.6356
1753504926874,04:42:06.874,binance,ADA/USDT:USDT,,,,,0.8267,848603029.0,679242307.4078
1753504929776,04:42:09.776,binance,ADA/USDT:USDT,,,,,0.8266,848613085.0,679250620.6922
1753504929821,04:42:09.821,binance,ADA/USDT:USDT,,,,,0.8266,848613095.0,679250628.9582
1753504932345,04:42:12.345,binance,ADA/USDT:USDT,,,,,0.8268,848625216.0,679260650.3497
1753504935387,04:42:15.387,binance,ADA/USDT:USDT,,,,,0.8267,848628911.0,679263705.1556
1753504937127,04:42:17.127,binance,ADA/USDT:USDT,,,,,0.8268,848629054.0,679263823.3797
1753504938884,04:42:18.884,binance,ADA/USDT:USDT,,,,,0.8268,848629074.0,679263839.9157
1753504942186,04:42:22.186,binance,ADA/USDT:USDT,,,,,0.8268,848629324.0,679264046.6157
1753504942186,04:42:22.186,binance,ADA/USDT:USDT,,,,,0.8269,848630139.0,679264720.5131
1753504945792,04:42:25.792,binance,ADA/USDT:USDT,,,,,0.8269,848630178.0,679264752.7622
1753504950360,04:42:30.360,binance,ADA/USDT:USDT,,,,,0.8268,848630185.0,679264758.5498
1753504950360,04:42:30.360,binance,ADA/USDT:USDT,,,,,0.8268,848630209.0,679264778.393
1753504954024,04:42:34.024,binance,ADA/USDT:USDT,,,,,0.8269,848630403.0,679264938.8116
1753504956210,04:42:36.210,binance,ADA/USDT:USDT,,,,,0.8269,848631096.0,679265511.7841
1753504957764,04:42:37.764,binance,ADA/USDT:USDT,,,,,0.8268,848656112.0,679286195.1338
1753504960120,04:42:40.120,binance,ADA/USDT:USDT,,,,,0.8266,848667911.0,679295950.3684
1753504962509,04:42:42.509,binance,ADA/USDT:USDT,,,,,0.8267,848668019.0,679296039.652
1753504963592,04:42:43.592,binance,ADA/USDT:USDT,,,,,0.8267,848669159.0,679296982.09
1753504965765,04:42:45.765,binance,ADA/USDT:USDT,,,,,0.8267,848669185.0,679297003.585
1753504967869,04:42:47.869,binance,ADA/USDT:USDT,,,,,0.8268,848670322.0,679297943.6566
1753504970464,04:42:50.464,binance,ADA/USDT:USDT,,,,,0.8269,848670323.0,679297944.4835
1753504971509,04:42:51.509,binance,ADA/USDT:USDT,,,,,0.827,848679619.0,679305631.3693
1753504973747,04:42:53.747,binance,ADA/USDT:USDT,,,,,0.8271,848679887.0,679305853.0321
1753504975166,04:42:55.166,binance,ADA/USDT:USDT,,,,,0.8269,848682860.0,679308311.4445
1753504977425,04:42:57.425,binance,ADA/USDT:USDT,,,,,0.8268,848683613.0,679308934.0995
1753504980555,04:43:00.555,binance,ADA/USDT:USDT,,,,,0.8268,848029244.0,678782222.3258
1753504982278,04:43:02.278,binance,ADA/USDT:USDT,,,,,0.8268,848029363.0,678782320.7216
1753504984170,04:43:04.170,binance,ADA/USDT:USDT,,,,,0.8268,848035863.0,678787694.691
1753504986508,04:43:06.508,binance,ADA/USDT:USDT,,,,,0.8267,848040194.0,678791275.0835
1753504988311,04:43:08.311,binance,ADA/USDT:USDT,,,,,0.8268,848040643.0,678791646.3066
1753504990484,04:43:10.484,binance,ADA/USDT:USDT,,,,,0.8268,848041460.0,678792321.7321
1753504991915,04:43:11.915,binance,ADA/USDT:USDT,,,,,0.8267,848041471.0,678792330.8258
1753504994156,04:43:14.156,binance,ADA/USDT:USDT,,,,,0.8267,848041633.0,678792464.7512
1753504997046,04:43:17.046,binance,ADA/USDT:USDT,,,,,0.8267,848041698.0,678792518.4867
1753504998748,04:43:18.748,binance,ADA/USDT:USDT,,,,,0.827,848046251.0,678796283.1434
1753505000860,04:43:20.860,binance,ADA/USDT:USDT,,,,,0.8269,848047736.0,678797511.0899
1753505002009,04:43:22.009,binance,ADA/USDT:USDT,,,,,0.8269,848047750.0,678797522.6665
1753505004808,04:43:24.808,binance,ADA/USDT:USDT,,,,,0.8268,848064838.0,678811652.727
1753505005595,04:43:25.595,binance,ADA/USDT:USDT,,,,,0.8269,848068458.0,678814646.105
1753505008733,04:43:28.733,binance,ADA/USDT:USDT,,,,,0.8269,848068580.0,678814746.9868
1753505009933,04:43:29.933,binance,ADA/USDT:USDT,,,,,0.8269,848074905.0,678819977.0889
1753505013199,04:43:33.199,binance,ADA/USDT:USDT,,,,,0.8269,848074912.0,678819982.8772
1753505013744,04:43:33.744,binance,ADA/USDT:USDT,,,,,0.8269,848098914.0,678839830.1663
1753505015486,04:43:35.486,binance,ADA/USDT:USDT,,,,,0.8269,848100041.0,678840762.0826
1753505019793,04:43:39.793,binance,ADA/USDT:USDT,,,,,0.8268,848100089.0,678840801.769
1753505021734,04:43:41.734,binance,ADA/USDT:USDT,,,,,0.8267,848101109.0,678841645.0916
1753505023329,04:43:43.329,binance,ADA/USDT:USDT,,,,,0.8268,848101155.0,678841683.1244
1753505025070,04:43:45.070,binance,ADA/USDT:USDT,,,,,0.8267,848102748.0,678843000.1671
1753505026016,04:43:46.016,binance,ADA/USDT:USDT,,,,,0.8268,848106372.0,678845996.4903
1753505029779,04:43:49.779,binance,ADA/USDT:USDT,,,,,0.8267,848107327.0,678846785.9888
1753505031597,04:43:51.597,binance,ADA/USDT:USDT,,,,,0.8267,848107553.0,678846972.8231
1753505033458,04:43:53.458,binance,ADA/USDT:USDT,,,,,0.8268,848108400.0,678847673.1227
1753505035313,04:43:55.313,binance,ADA/USDT:USDT,,,,,0.8267,848111425.0,678850173.8903
1753505037722,04:43:57.722,binance,ADA/USDT:USDT,,,,,0.8268,848111545.0,678850273.1063
1753505039243,04:43:59.243,binance,ADA/USDT:USDT,,,,,0.8268,848112436.0,678851009.7261
1753505041906,04:44:01.906,binance,ADA/USDT:USDT,,,,,0.8268,846958150.0,677923033.3534
1753505042846,04:44:02.846,binance,ADA/USDT:USDT,,,,,0.8267,846958159.0,677923040.7945
1753505045891,04:44:05.891,binance,ADA/USDT:USDT,,,,,0.8266,846965748.0,677929314.6046
1753505047553,04:44:07.553,binance,ADA/USDT:USDT,,,,,0.8266,846966478.0,677929918.0349
1753505049895,04:44:09.895,binance,ADA/USDT:USDT,,,,,0.8265,846967069.0,677930406.4964
1753505050237,04:44:10.237,binance,ADA/USDT:USDT,,,,,0.8265,846967233.0,677930542.0424
1753505053758,04:44:13.758,binance,ADA/USDT:USDT,,,,,0.8266,846998230.0,677956164.1618
1753505054340,04:44:14.340,binance,ADA/USDT:USDT,,,,,0.8267,847000827.0,677958311.1262
1753505057799,04:44:17.799,binance,ADA/USDT:USDT,,,,,0.8265,847004760.0,677961561.9429
1753505058510,04:44:18.510,binance,ADA/USDT:USDT,,,,,0.8265,847006292.0,677962828.1409
1753505061298,04:44:21.298,binance,ADA/USDT:USDT,,,,,0.8266,847007254.0,677963623.2346
1753505063846,04:44:23.846,binance,ADA/USDT:USDT,,,,,0.8265,847007265.0,677963632.3261
1753505067441,04:44:27.441,binance,ADA/USDT:USDT,,,,,0.8265,847008432.0,677964596.8516
1753505067441,04:44:27.441,binance,ADA/USDT:USDT,,,,,0.8265,847010748.0,677966511.0256
1753505070704,04:44:30.704,binance,ADA/USDT:USDT,,,,,0.8265,847010929.0,677966660.6221
1753505075151,04:44:35.151,binance,ADA/USDT:USDT,,,,,0.8266,847010936.0,677966666.4083
1753505076178,04:44:36.178,binance,ADA/USDT:USDT,,,,,0.8265,847011362.0,677967018.5088
1753505078342,04:44:38.342,binance,ADA/USDT:USDT,,,,,0.8266,847011427.0,677967072.2378
1753505081144,04:44:41.144,binance,ADA/USDT:USDT,,,,,0.8266,847011924.0,677967483.058
1753505082531,04:44:42.531,binance,ADA/USDT:USDT,,,,,0.8266,847012310.0,677967802.1256
