timestamp,time,exchange,symbol,bid,bidVolume,ask,askVolume,lastPrice,baseVolume,quoteVolume
1753504790792,04:39:50.792,binanceusdm,ADA/USDT:USDT,,,,,0.8271,850452173.0,680727317.7301
1753504792563,04:39:52.563,binanceusdm,ADA/USDT:USDT,,,,,0.827,850455212.0,680729830.8631
1753504793192,04:39:53.192,binanceusdm,ADA/USDT:USDT,,,,,0.827,850460990.0,680734609.2691
1753504796436,04:39:56.436,binanceusdm,ADA/USDT:USDT,,,,,0.8269,850461253.0,680734826.7613
1753504798973,04:39:58.973,binanceusdm,ADA/USDT:USDT,,,,,0.8269,850461475.0,680735010.3331
1753504800031,04:40:00.031,binanceusdm,ADA/USDT:USDT,,,,,0.827,849896183.0,680278814.4509
1753504804010,04:40:04.010,binanceusdm,ADA/USDT:USDT,,,,,0.8269,849896190.0,680278820.2392
1753504806008,04:40:06.008,binanceusdm,ADA/USDT:USDT,,,,,0.8268,849900259.0,680282184.5425
1753504807244,04:40:07.244,binanceusdm,ADA/USDT:USDT,,,,,0.8268,849900495.0,680282379.6673
1753504809975,04:40:09.975,binanceusdm,ADA/USDT:USDT,,,,,0.8268,849902120.0,680283723.2173
1753504811847,04:40:11.847,binanceusdm,ADA/USDT:USDT,,,,,0.8268,849904147.0,680285399.1483
1753504813580,04:40:13.580,binanceusdm,ADA/USDT:USDT,,,,,0.8269,849907022.0,680287776.4858
1753504814136,04:40:14.136,binanceusdm,ADA/USDT:USDT,,,,,0.8268,849907330.0,680288031.1402
1753504817362,04:40:17.362,binanceusdm,ADA/USDT:USDT,,,,,0.8271,849921175.0,680299480.6125
1753504819816,04:40:19.816,binanceusdm,ADA/USDT:USDT,,,,,0.8271,849921753.0,680299958.6763
1753504821707,04:40:21.707,binanceusdm,ADA/USDT:USDT,,,,,0.8272,849922153.0,680300289.5563
1753504823873,04:40:23.873,binanceusdm,ADA/USDT:USDT,,,,,0.8271,849937981.0,680313380.8845
1753504825418,04:40:25.418,binanceusdm,ADA/USDT:USDT,,,,,0.827,849938594.0,680313887.8355
1753504826931,04:40:26.931,binanceusdm,ADA/USDT:USDT,,,,,0.8269,849939369.0,680314528.6586
1753504829891,04:40:29.891,binanceusdm,ADA/USDT:USDT,,,,,0.8269,849939502.0,680314638.6302
1753504831813,04:40:31.813,binanceusdm,ADA/USDT:USDT,,,,,0.8269,849941702.0,680316457.7629
1753504833693,04:40:33.693,binanceusdm,ADA/USDT:USDT,,,,,0.8268,849959472.0,680331151.2998
1753504835732,04:40:35.732,binanceusdm,ADA/USDT:USDT,,,,,0.8269,849959995.0,680331583.7311
1753504837962,04:40:37.962,binanceusdm,ADA/USDT:USDT,,,,,0.8266,850037522.0,680395678.676
1753504839994,04:40:39.994,binanceusdm,ADA/USDT:USDT,,,,,0.8264,850063550.0,680417190.3983
1753504841957,04:40:41.957,binanceusdm,ADA/USDT:USDT,,,,,0.8264,850063879.0,680417462.2839
1753504843994,04:40:43.994,binanceusdm,ADA/USDT:USDT,,,,,0.8263,850075052.0,680426694.4675
1753504846005,04:40:46.005,binanceusdm,ADA/USDT:USDT,,,,,0.8263,850079088.0,680430029.4215
1753504847815,04:40:47.815,binanceusdm,ADA/USDT:USDT,,,,,0.8262,850094295.0,680442593.7355
1753504849670,04:40:49.670,binanceusdm,ADA/USDT:USDT,,,,,0.8262,850094368.0,680442654.0481
1753504850782,04:40:50.782,binanceusdm,ADA/USDT:USDT,,,,,0.8262,850094369.0,680442654.8743
1753504852778,04:40:52.778,binanceusdm,ADA/USDT:USDT,,,,,0.8263,850094370.0,680442655.7006
1753504857316,04:40:57.316,binanceusdm,ADA/USDT:USDT,,,,,0.8262,850094402.0,680442682.139
1753504859143,04:40:59.143,binanceusdm,ADA/USDT:USDT,,,,,0.8262,850094896.0,680443090.2818
1753504860838,04:41:00.838,binanceusdm,ADA/USDT:USDT,,,,,0.8262,849242322.0,679754513.6416
1753504864054,04:41:04.054,binanceusdm,ADA/USDT:USDT,,,,,0.8263,849245413.0,679757067.7349
1753504865603,04:41:05.603,binanceusdm,ADA/USDT:USDT,,,,,0.8263,849270732.0,679777988.8246
1753504867969,04:41:07.969,binanceusdm,ADA/USDT:USDT,,,,,0.8264,849271433.0,679778568.076
1753504870462,04:41:10.462,binanceusdm,ADA/USDT:USDT,,,,,0.8263,849271440.0,679778573.8601
1753504870462,04:41:10.462,binanceusdm,ADA/USDT:USDT,,,,,0.8263,849287865.0,679792145.8376
1753504873148,04:41:13.148,binanceusdm,ADA/USDT:USDT,,,,,0.8262,849287875.0,679792154.0996
1753504876205,04:41:16.205,binanceusdm,ADA/USDT:USDT,,,,,0.8262,849292896.0,679796302.4498
1753504880276,04:41:20.276,binanceusdm,ADA/USDT:USDT,,,,,0.8263,849292928.0,679796328.8914
1753504881418,04:41:21.418,binanceusdm,ADA/USDT:USDT,,,,,0.8263,849293383.0,679796704.8579
1753504883803,04:41:23.803,binanceusdm,ADA/USDT:USDT,,,,,0.8262,849293634.0,679796912.2581
1753504885523,04:41:25.523,binanceusdm,ADA/USDT:USDT,,,,,0.8263,849294335.0,679797491.493
1753504887207,04:41:27.207,binanceusdm,ADA/USDT:USDT,,,,,0.8262,849298998.0,679801344.0092
1753504889492,04:41:29.492,binanceusdm,ADA/USDT:USDT,,,,,0.8263,849301886.0,679803730.1253
1753504895190,04:41:35.190,binanceusdm,ADA/USDT:USDT,,,,,0.8262,849301893.0,679803735.9087
1753504895190,04:41:35.190,binanceusdm,ADA/USDT:USDT,,,,,0.8262,849303614.0,679805157.7989
1753504898925,04:41:38.925,binanceusdm,ADA/USDT:USDT,,,,,0.8262,849320103.0,679818781.0107
1753504900810,04:41:40.810,binanceusdm,ADA/USDT:USDT,,,,,0.8263,849320136.0,679818808.2786
1753504901355,04:41:41.355,binanceusdm,ADA/USDT:USDT,,,,,0.8263,849321201.0,679819688.2881
1753504904849,04:41:44.849,binanceusdm,ADA/USDT:USDT,,,,,0.8263,849322894.0,679821087.214
1753504906050,04:41:46.050,binanceusdm,ADA/USDT:USDT,,,,,0.8263,849322970.0,679821150.0119
1753504908230,04:41:48.230,binanceusdm,ADA/USDT:USDT,,,,,0.8263,849323564.0,679821640.8341
1753504910786,04:41:50.786,binanceusdm,ADA/USDT:USDT,,,,,0.8263,849325699.0,679823404.8393
1753504914637,04:41:54.637,binanceusdm,ADA/USDT:USDT,,,,,0.8262,849325942.0,679823605.6059
1753504917110,04:41:57.110,binanceusdm,ADA/USDT:USDT,,,,,0.8262,849326002.0,679823655.1779
1753504919803,04:41:59.803,binanceusdm,ADA/USDT:USDT,,,,,0.8262,849326013.0,679823664.2661
1753504921699,04:42:01.699,binanceusdm,ADA/USDT:USDT,,,,,0.8262,848537047.0,679187776.4885
1753504923758,04:42:03.758,binanceusdm,ADA/USDT:USDT,,,,,0.8264,848544007.0,679193527.7311
1753504925718,04:42:05.718,binanceusdm,ADA/USDT:USDT,,,,,0.8265,848577197.0,679220952.6356
1753504926874,04:42:06.874,binanceusdm,ADA/USDT:USDT,,,,,0.8267,848603029.0,679242307.4078
1753504929776,04:42:09.776,binanceusdm,ADA/USDT:USDT,,,,,0.8266,848613085.0,679250620.6922
1753504929821,04:42:09.821,binanceusdm,ADA/USDT:USDT,,,,,0.8266,848613095.0,679250628.9582
1753504932345,04:42:12.345,binanceusdm,ADA/USDT:USDT,,,,,0.8268,848625216.0,679260650.3497
1753504935387,04:42:15.387,binanceusdm,ADA/USDT:USDT,,,,,0.8267,848628911.0,679263705.1556
1753504937127,04:42:17.127,binanceusdm,ADA/USDT:USDT,,,,,0.8268,848629054.0,679263823.3797
1753504938884,04:42:18.884,binanceusdm,ADA/USDT:USDT,,,,,0.8268,848629074.0,679263839.9157
1753504942186,04:42:22.186,binanceusdm,ADA/USDT:USDT,,,,,0.8268,848629324.0,679264046.6157
1753504942186,04:42:22.186,binanceusdm,ADA/USDT:USDT,,,,,0.8269,848630139.0,679264720.5131
1753504945792,04:42:25.792,binanceusdm,ADA/USDT:USDT,,,,,0.8269,848630178.0,679264752.7622
1753504950360,04:42:30.360,binanceusdm,ADA/USDT:USDT,,,,,0.8268,848630185.0,679264758.5498
1753504950360,04:42:30.360,binanceusdm,ADA/USDT:USDT,,,,,0.8268,848630209.0,679264778.393
1753504954024,04:42:34.024,binanceusdm,ADA/USDT:USDT,,,,,0.8269,848630403.0,679264938.8116
1753504956210,04:42:36.210,binanceusdm,ADA/USDT:USDT,,,,,0.8269,848631096.0,679265511.7841
1753504957764,04:42:37.764,binanceusdm,ADA/USDT:USDT,,,,,0.8268,848656112.0,679286195.1338
1753504960120,04:42:40.120,binanceusdm,ADA/USDT:USDT,,,,,0.8266,848667911.0,679295950.3684
1753504962509,04:42:42.509,binanceusdm,ADA/USDT:USDT,,,,,0.8267,848668019.0,679296039.652
1753504963592,04:42:43.592,binanceusdm,ADA/USDT:USDT,,,,,0.8267,848669159.0,679296982.09
1753504965765,04:42:45.765,binanceusdm,ADA/USDT:USDT,,,,,0.8267,848669185.0,679297003.585
1753504967869,04:42:47.869,binanceusdm,ADA/USDT:USDT,,,,,0.8268,848670322.0,679297943.6566
1753504970464,04:42:50.464,binanceusdm,ADA/USDT:USDT,,,,,0.8269,848670323.0,679297944.4835
1753504971509,04:42:51.509,binanceusdm,ADA/USDT:USDT,,,,,0.827,848679619.0,679305631.3693
1753504973747,04:42:53.747,binanceusdm,ADA/USDT:USDT,,,,,0.8271,848679887.0,679305853.0321
1753504975166,04:42:55.166,binanceusdm,ADA/USDT:USDT,,,,,0.8269,848682860.0,679308311.4445
1753504977425,04:42:57.425,binanceusdm,ADA/USDT:USDT,,,,,0.8268,848683613.0,679308934.0995
1753504980555,04:43:00.555,binanceusdm,ADA/USDT:USDT,,,,,0.8268,848029244.0,678782222.3258
1753504982278,04:43:02.278,binanceusdm,ADA/USDT:USDT,,,,,0.8268,848029363.0,678782320.7216
1753504984170,04:43:04.170,binanceusdm,ADA/USDT:USDT,,,,,0.8268,848035863.0,678787694.691
1753504986508,04:43:06.508,binanceusdm,ADA/USDT:USDT,,,,,0.8267,848040194.0,678791275.0835
1753504988311,04:43:08.311,binanceusdm,ADA/USDT:USDT,,,,,0.8268,848040643.0,678791646.3066
1753504990484,04:43:10.484,binanceusdm,ADA/USDT:USDT,,,,,0.8268,848041460.0,678792321.7321
1753504991915,04:43:11.915,binanceusdm,ADA/USDT:USDT,,,,,0.8267,848041471.0,678792330.8258
1753504994156,04:43:14.156,binanceusdm,ADA/USDT:USDT,,,,,0.8267,848041633.0,678792464.7512
1753504997046,04:43:17.046,binanceusdm,ADA/USDT:USDT,,,,,0.8267,848041698.0,678792518.4867
1753504998748,04:43:18.748,binanceusdm,ADA/USDT:USDT,,,,,0.827,848046251.0,678796283.1434
1753505000860,04:43:20.860,binanceusdm,ADA/USDT:USDT,,,,,0.8269,848047736.0,678797511.0899
1753505002009,04:43:22.009,binanceusdm,ADA/USDT:USDT,,,,,0.8269,848047750.0,678797522.6665
1753505004808,04:43:24.808,binanceusdm,ADA/USDT:USDT,,,,,0.8268,848064838.0,678811652.727
1753505005595,04:43:25.595,binanceusdm,ADA/USDT:USDT,,,,,0.8269,848068458.0,678814646.105
1753505008733,04:43:28.733,binanceusdm,ADA/USDT:USDT,,,,,0.8269,848068580.0,678814746.9868
1753505009933,04:43:29.933,binanceusdm,ADA/USDT:USDT,,,,,0.8269,848074905.0,678819977.0889
1753505013199,04:43:33.199,binanceusdm,ADA/USDT:USDT,,,,,0.8269,848074912.0,678819982.8772
1753505013744,04:43:33.744,binanceusdm,ADA/USDT:USDT,,,,,0.8269,848098914.0,678839830.1663
1753505015486,04:43:35.486,binanceusdm,ADA/USDT:USDT,,,,,0.8269,848100041.0,678840762.0826
1753505019793,04:43:39.793,binanceusdm,ADA/USDT:USDT,,,,,0.8268,848100089.0,678840801.769
1753505021734,04:43:41.734,binanceusdm,ADA/USDT:USDT,,,,,0.8267,848101109.0,678841645.0916
1753505023329,04:43:43.329,binanceusdm,ADA/USDT:USDT,,,,,0.8268,848101155.0,678841683.1244
1753505025070,04:43:45.070,binanceusdm,ADA/USDT:USDT,,,,,0.8267,848102748.0,678843000.1671
1753505026016,04:43:46.016,binanceusdm,ADA/USDT:USDT,,,,,0.8268,848106372.0,678845996.4903
1753505029779,04:43:49.779,binanceusdm,ADA/USDT:USDT,,,,,0.8267,848107327.0,678846785.9888
1753505031597,04:43:51.597,binanceusdm,ADA/USDT:USDT,,,,,0.8267,848107553.0,678846972.8231
1753505033458,04:43:53.458,binanceusdm,ADA/USDT:USDT,,,,,0.8268,848108400.0,678847673.1227
1753505035313,04:43:55.313,binanceusdm,ADA/USDT:USDT,,,,,0.8267,848111425.0,678850173.8903
1753505037722,04:43:57.722,binanceusdm,ADA/USDT:USDT,,,,,0.8268,848111545.0,678850273.1063
1753505039243,04:43:59.243,binanceusdm,ADA/USDT:USDT,,,,,0.8268,848112436.0,678851009.7261
1753505041906,04:44:01.906,binanceusdm,ADA/USDT:USDT,,,,,0.8268,846958150.0,677923033.3534
1753505042846,04:44:02.846,binanceusdm,ADA/USDT:USDT,,,,,0.8267,846958159.0,677923040.7945
1753505045891,04:44:05.891,binanceusdm,ADA/USDT:USDT,,,,,0.8266,846965748.0,677929314.6046
1753505047553,04:44:07.553,binanceusdm,ADA/USDT:USDT,,,,,0.8266,846966478.0,677929918.0349
1753505049895,04:44:09.895,binanceusdm,ADA/USDT:USDT,,,,,0.8265,846967069.0,677930406.4964
1753505050237,04:44:10.237,binanceusdm,ADA/USDT:USDT,,,,,0.8265,846967233.0,677930542.0424
1753505053758,04:44:13.758,binanceusdm,ADA/USDT:USDT,,,,,0.8266,846998230.0,677956164.1618
1753505054340,04:44:14.340,binanceusdm,ADA/USDT:USDT,,,,,0.8267,847000827.0,677958311.1262
1753505057799,04:44:17.799,binanceusdm,ADA/USDT:USDT,,,,,0.8265,847004760.0,677961561.9429
1753505058510,04:44:18.510,binanceusdm,ADA/USDT:USDT,,,,,0.8265,847006292.0,677962828.1409
1753505061298,04:44:21.298,binanceusdm,ADA/USDT:USDT,,,,,0.8266,847007254.0,677963623.2346
1753505063846,04:44:23.846,binanceusdm,ADA/USDT:USDT,,,,,0.8265,847007265.0,677963632.3261
1753505067441,04:44:27.441,binanceusdm,ADA/USDT:USDT,,,,,0.8265,847008432.0,677964596.8516
1753505067441,04:44:27.441,binanceusdm,ADA/USDT:USDT,,,,,0.8265,847010748.0,677966511.0256
1753505070704,04:44:30.704,binanceusdm,ADA/USDT:USDT,,,,,0.8265,847010929.0,677966660.6221
1753505075151,04:44:35.151,binanceusdm,ADA/USDT:USDT,,,,,0.8266,847010936.0,677966666.4083
1753505076178,04:44:36.178,binanceusdm,ADA/USDT:USDT,,,,,0.8265,847011362.0,677967018.5088
1753505078342,04:44:38.342,binanceusdm,ADA/USDT:USDT,,,,,0.8266,847011427.0,677967072.2378
1753505081144,04:44:41.144,binanceusdm,ADA/USDT:USDT,,,,,0.8266,847011924.0,677967483.058
1753505082531,04:44:42.531,binanceusdm,ADA/USDT:USDT,,,,,0.8266,847012310.0,677967802.1256
1753505084553,04:44:44.553,binanceusdm,ADA/USDT:USDT,,,,,0.8266,847013940.0,677969149.3593
1753505086573,04:44:46.573,binanceusdm,ADA/USDT:USDT,,,,,0.8266,847014326.0,677969468.4269
1753505088593,04:44:48.593,binanceusdm,ADA/USDT:USDT,,,,,0.8266,847014784.0,677969847.0026
1753505090613,04:44:50.613,binanceusdm,ADA/USDT:USDT,,,,,0.8265,847017083.0,677971747.1454
1753505092633,04:44:52.633,binanceusdm,ADA/USDT:USDT,,,,,0.8265,847017590.0,677972166.1809
1753505094345,04:44:54.345,binanceusdm,ADA/USDT:USDT,,,,,0.8264,847017948.0,677972462.0673
1753505096699,04:44:56.699,binanceusdm,ADA/USDT:USDT,,,,,0.8265,847031971.0,677984052.0781
1753505098527,04:44:58.527,binanceusdm,ADA/USDT:USDT,,,,,0.8266,847033180.0,677985051.4375
1753505101160,04:45:01.160,binanceusdm,ADA/USDT:USDT,,,,,0.8266,846663846.0,677688625.5362
1753505102907,04:45:02.907,binanceusdm,ADA/USDT:USDT,,,,,0.8264,846667333.0,677691507.3035
1753505104818,04:45:04.818,binanceusdm,ADA/USDT:USDT,,,,,0.8264,846670038.0,677693742.7322
1753505106989,04:45:06.989,binanceusdm,ADA/USDT:USDT,,,,,0.8264,846672965.0,677696161.605
1753505108799,04:45:08.799,binanceusdm,ADA/USDT:USDT,,,,,0.8263,846673136.0,677696302.9023
1753505111108,04:45:11.108,binanceusdm,ADA/USDT:USDT,,,,,0.8263,846673644.0,677696722.6628
1753505112481,04:45:12.481,binanceusdm,ADA/USDT:USDT,,,,,0.8263,846690822.0,677710916.4216
1753505115067,04:45:15.067,binanceusdm,ADA/USDT:USDT,,,,,0.8263,846699861.0,677718385.3215
1753505118748,04:45:18.748,binanceusdm,ADA/USDT:USDT,,,,,0.8264,846699869.0,677718391.9327
1753505119092,04:45:19.092,binanceusdm,ADA/USDT:USDT,,,,,0.8264,846700391.0,677718823.3135
1753505123886,04:45:23.886,binanceusdm,ADA/USDT:USDT,,,,,0.8264,846700689.0,677719069.5807
1753505125496,04:45:25.496,binanceusdm,ADA/USDT:USDT,,,,,0.8262,846721138.0,677735966.1096
1753505126734,04:45:26.734,binanceusdm,ADA/USDT:USDT,,,,,0.8261,846728350.0,677741923.9429
1753505131207,04:45:31.207,binanceusdm,ADA/USDT:USDT,,,,,0.8261,846731408.0,677744450.1567
1753505132968,04:45:32.968,binanceusdm,ADA/USDT:USDT,,,,,0.8262,846768478.0,677775078.3631
1753505135145,04:45:35.145,binanceusdm,ADA/USDT:USDT,,,,,0.8263,846768545.0,677775133.7252
1753505136484,04:45:36.484,binanceusdm,ADA/USDT:USDT,,,,,0.8262,846775054.0,677780511.6569
1753505137862,04:45:37.862,binanceusdm,ADA/USDT:USDT,,,,,0.8261,846782566.0,677786717.3201
1753505139668,04:45:39.668,binanceusdm,ADA/USDT:USDT,,,,,0.826,846783371.0,677787382.2501
1753505143211,04:45:43.211,binanceusdm,ADA/USDT:USDT,,,,,0.826,846798160.0,677799597.9852
1753505144614,04:45:44.614,binanceusdm,ADA/USDT:USDT,,,,,0.8262,846832962.0,677828348.6843
1753505147166,04:45:47.166,binanceusdm,ADA/USDT:USDT,,,,,0.8262,846834813.0,677829878.0662
1753505148852,04:45:48.852,binanceusdm,ADA/USDT:USDT,,,,,0.8262,846835596.0,677830524.9808
1753505150563,04:45:50.563,binanceusdm,ADA/USDT:USDT,,,,,0.8261,846837135.0,677831796.3487
1753505153050,04:45:53.050,binanceusdm,ADA/USDT:USDT,,,,,0.8262,846837146.0,677831805.4369
1753505155096,04:45:55.096,binanceusdm,ADA/USDT:USDT,,,,,0.8262,846837246.0,677831888.0569
1753505156854,04:45:56.854,binanceusdm,ADA/USDT:USDT,,,,,0.8262,846837253.0,677831893.8403
1753505159829,04:45:59.829,binanceusdm,ADA/USDT:USDT,,,,,0.8261,846837292.0,677831926.0582
1753505161336,04:46:01.336,binanceusdm,ADA/USDT:USDT,,,,,0.8262,846152072.0,677280311.197
1753505163739,04:46:03.739,binanceusdm,ADA/USDT:USDT,,,,,0.8261,846152594.0,677280742.4607
1753505164646,04:46:04.646,binanceusdm,ADA/USDT:USDT,,,,,0.8261,846153935.0,677281850.2608
1753505168093,04:46:08.093,binanceusdm,ADA/USDT:USDT,,,,,0.8261,846154468.0,677282290.5721
1753505170061,04:46:10.061,binanceusdm,ADA/USDT:USDT,,,,,0.8261,846154744.0,677282518.5757
1753505171895,04:46:11.895,binanceusdm,ADA/USDT:USDT,,,,,0.8261,846155300.0,677282977.8887
1753505174106,04:46:14.106,binanceusdm,ADA/USDT:USDT,,,,,0.8261,846155311.0,677282986.9758
1753505174674,04:46:14.674,binanceusdm,ADA/USDT:USDT,,,,,0.8261,846155955.0,677283518.9842
1753505177634,04:46:17.634,binanceusdm,ADA/USDT:USDT,,,,,0.8261,846156518.0,677283984.1147
1753505180091,04:46:20.091,binanceusdm,ADA/USDT:USDT,,,,,0.8262,846159015.0,677286047.1361
1753505182014,04:46:22.014,binanceusdm,ADA/USDT:USDT,,,,,0.8261,846161260.0,677287901.9484
1753505184034,04:46:24.034,binanceusdm,ADA/USDT:USDT,,,,,0.8262,846161359.0,677287983.7422
1753505184958,04:46:24.958,binanceusdm,ADA/USDT:USDT,,,,,0.8262,846173200.0,677297766.7764
1753505188868,04:46:28.868,binanceusdm,ADA/USDT:USDT,,,,,0.8263,846173333.0,677297876.6743
1753505189900,04:46:29.900,binanceusdm,ADA/USDT:USDT,,,,,0.8263,846173466.0,677297986.5722
1753505190972,04:46:30.972,binanceusdm,ADA/USDT:USDT,,,,,0.8262,846173532.0,677298041.1014
1753505193269,04:46:33.269,binanceusdm,ADA/USDT:USDT,,,,,0.8263,846175200.0,677299419.3698
1753505196447,04:46:36.447,binanceusdm,ADA/USDT:USDT,,,,,0.826,846184577.0,677307165.9579
1753505197697,04:46:37.697,binanceusdm,ADA/USDT:USDT,,,,,0.8261,846187722.0,677309764.0424
1753505200769,04:46:40.769,binanceusdm,ADA/USDT:USDT,,,,,0.8261,846193442.0,677314489.3344
1753505202709,04:46:42.709,binanceusdm,ADA/USDT:USDT,,,,,0.8261,846197697.0,677318004.3899
1753505204895,04:46:44.895,binanceusdm,ADA/USDT:USDT,,,,,0.8262,846197704.0,677318010.1733
1753505206876,04:46:46.876,binanceusdm,ADA/USDT:USDT,,,,,0.8262,846203506.0,677322803.8744
1753505207941,04:46:47.941,binanceusdm,ADA/USDT:USDT,,,,,0.8261,846203517.0,677322812.9615
1753505211434,04:46:51.434,binanceusdm,ADA/USDT:USDT,,,,,0.8262,846204583.0,677323693.6907
1753505213650,04:46:53.650,binanceusdm,ADA/USDT:USDT,,,,,0.8261,846204608.0,677323714.3432
1753505214297,04:46:54.297,binanceusdm,ADA/USDT:USDT,,,,,0.8261,846208699.0,677327093.9183
1753505218318,04:46:58.318,binanceusdm,ADA/USDT:USDT,,,,,0.826,846208706.0,677327099.7003
1753505220061,04:47:00.061,binanceusdm,ADA/USDT:USDT,,,,,0.8261,845369194.0,676650638.6254
1753505221342,04:47:01.342,binanceusdm,ADA/USDT:USDT,,,,,0.8261,845369243.0,676650679.1043
1753505224188,04:47:04.188,binanceusdm,ADA/USDT:USDT,,,,,0.826,845369530.0,676650916.1663
1753505226194,04:47:06.194,binanceusdm,ADA/USDT:USDT,,,,,0.8261,845369708.0,676651063.1972
1753505229864,04:47:09.864,binanceusdm,ADA/USDT:USDT,,,,,0.8261,845369718.0,676651071.4582
1753505231808,04:47:11.808,binanceusdm,ADA/USDT:USDT,,,,,0.8258,845455808.0,676722162.7652
1753505233424,04:47:13.424,binanceusdm,ADA/USDT:USDT,,,,,0.8257,845461655.0,676726990.0675
1753505234920,04:47:14.920,binanceusdm,ADA/USDT:USDT,,,,,0.8256,845467430.0,676731758.4574
1753505237018,04:47:17.018,binanceusdm,ADA/USDT:USDT,,,,,0.8255,845473919.0,676737115.1269
1753505240199,04:47:20.199,binanceusdm,ADA/USDT:USDT,,,,,0.8255,845473928.0,676737122.5564
1753505240875,04:47:20.875,binanceusdm,ADA/USDT:USDT,,,,,0.8255,845473963.0,676737151.4489
1753505244026,04:47:24.026,binanceusdm,ADA/USDT:USDT,,,,,0.8257,845482478.0,676744181.3744
1753505246038,04:47:26.038,binanceusdm,ADA/USDT:USDT,,,,,0.8256,845483696.0,676745186.956
1753505249013,04:47:29.013,binanceusdm,ADA/USDT:USDT,,,,,0.8256,845483702.0,676745191.9096
1753505250473,04:47:30.473,binanceusdm,ADA/USDT:USDT,,,,,0.8256,845487410.0,676748253.2344
1753505251899,04:47:31.899,binanceusdm,ADA/USDT:USDT,,,,,0.8256,845487608.0,676748416.7032
1753505254466,04:47:34.466,binanceusdm,ADA/USDT:USDT,,,,,0.8256,845487722.0,676748510.82
1753505255516,04:47:35.516,binanceusdm,ADA/USDT:USDT,,,,,0.8255,845498534.0,676757436.126
1753505260599,04:47:40.599,binanceusdm,ADA/USDT:USDT,,,,,0.8256,845498541.0,676757441.9052
1753505262607,04:47:42.607,binanceusdm,ADA/USDT:USDT,,,,,0.8257,845508883.0,676765980.8595
1753505264450,04:47:44.450,binanceusdm,ADA/USDT:USDT,,,,,0.8256,845521693.0,676776559.2646
1753505266332,04:47:46.332,binanceusdm,ADA/USDT:USDT,,,,,0.8255,845522799.0,676777472.2676
1753505269827,04:47:49.827,binanceusdm,ADA/USDT:USDT,,,,,0.8255,845522975.0,676777617.5556
1753505271293,04:47:51.293,binanceusdm,ADA/USDT:USDT,,,,,0.8253,845536515.0,676788793.7714
1753505273721,04:47:53.721,binanceusdm,ADA/USDT:USDT,,,,,0.8252,845541145.0,676792614.832
1753505276349,04:47:56.349,binanceusdm,ADA/USDT:USDT,,,,,0.8252,845541155.0,676792623.084
1753505276349,04:47:56.349,binanceusdm,ADA/USDT:USDT,,,,,0.8252,845542085.0,676793390.52
1753505280051,04:48:00.051,binanceusdm,ADA/USDT:USDT,,,,,0.8252,845038117.0,676387138.8848
1753505281176,04:48:01.176,binanceusdm,ADA/USDT:USDT,,,,,0.8252,845038133.0,676387152.0873
1753505283172,04:48:03.172,binanceusdm,ADA/USDT:USDT,,,,,0.8251,845038208.0,676387213.9698
1753505285973,04:48:05.973,binanceusdm,ADA/USDT:USDT,,,,,0.8252,845038880.0,676387768.5042
1753505287381,04:48:07.381,binanceusdm,ADA/USDT:USDT,,,,,0.8252,845051096.0,676397847.9335
1753505289846,04:48:09.846,binanceusdm,ADA/USDT:USDT,,,,,0.8253,845061702.0,676406600.0288
1753505291706,04:48:11.706,binanceusdm,ADA/USDT:USDT,,,,,0.8254,845061769.0,676406655.3306
1753505297574,04:48:17.574,binanceusdm,ADA/USDT:USDT,,,,,0.8253,845064861.0,676409207.1582
1753505297574,04:48:17.574,binanceusdm,ADA/USDT:USDT,,,,,0.8253,845072187.0,676415253.306
1753505301275,04:48:21.275,binanceusdm,ADA/USDT:USDT,,,,,0.8253,845075873.0,676418295.3618
1753505302580,04:48:22.580,binanceusdm,ADA/USDT:USDT,,,,,0.8252,845082706.0,676423933.9434
1753505305030,04:48:25.030,binanceusdm,ADA/USDT:USDT,,,,,0.8251,845086111.0,676426743.4126
1753505305933,04:48:25.933,binanceusdm,ADA/USDT:USDT,,,,,0.8252,845086823.0,676427330.955
1753505309544,04:48:29.544,binanceusdm,ADA/USDT:USDT,,,,,0.8251,845099894.0,676438115.8371
1753505311584,04:48:31.584,binanceusdm,ADA/USDT:USDT,,,,,0.8251,845103067.0,676440733.866
1753505311946,04:48:31.946,binanceusdm,ADA/USDT:USDT,,,,,0.825,845103128.0,676440784.191
1753505314975,04:48:34.975,binanceusdm,ADA/USDT:USDT,,,,,0.825,845104699.0,676442080.2973
1753505316404,04:48:36.404,binanceusdm,ADA/USDT:USDT,,,,,0.825,845106575.0,676443627.9973
1753505319201,04:48:39.201,binanceusdm,ADA/USDT:USDT,,,,,0.825,845110012.0,676446463.5223
1753505320750,04:48:40.750,binanceusdm,ADA/USDT:USDT,,,,,0.8251,845116798.0,676452062.6509
1753505321750,04:48:41.750,binanceusdm,ADA/USDT:USDT,,,,,0.8251,845116811.0,676452073.3772
1753505325449,04:48:45.449,binanceusdm,ADA/USDT:USDT,,,,,0.8251,845130724.0,676463552.9948
1753505326752,04:48:46.752,binanceusdm,ADA/USDT:USDT,,,,,0.8253,845185525.0,676508778.3364
1753505329331,04:48:49.331,binanceusdm,ADA/USDT:USDT,,,,,0.8252,845185646.0,676508878.1856
1753505330962,04:48:50.962,binanceusdm,ADA/USDT:USDT,,,,,0.8254,845202417.0,676522719.6142
1753505332702,04:48:52.702,binanceusdm,ADA/USDT:USDT,,,,,0.8255,845202524.0,676522807.9427
1753505334890,04:48:54.890,binanceusdm,ADA/USDT:USDT,,,,,0.8254,845227142.0,676543127.6399
1753505337604,04:48:57.604,binanceusdm,ADA/USDT:USDT,,,,,0.8252,845241864.0,676555277.217
1753505339127,04:48:59.127,binanceusdm,ADA/USDT:USDT,,,,,0.8251,845262983.0,676572702.6258
1753505341477,04:49:01.477,binanceusdm,ADA/USDT:USDT,,,,,0.8251,844767122.0,676172868.1049
1753505343598,04:49:03.598,binanceusdm,ADA/USDT:USDT,,,,,0.8251,844779293.0,676182910.383
1753505345297,04:49:05.297,binanceusdm,ADA/USDT:USDT,,,,,0.825,844788298.0,676190340.4077
1753505345992,04:49:05.992,binanceusdm,ADA/USDT:USDT,,,,,0.8251,844795619.0,676196380.9648
1753505349187,04:49:09.187,binanceusdm,ADA/USDT:USDT,,,,,0.8252,844796876.0,676197418.2412
1753505351170,04:49:11.170,binanceusdm,ADA/USDT:USDT,,,,,0.8253,844806559.0,676205408.653
1753505352916,04:49:12.916,binanceusdm,ADA/USDT:USDT,,,,,0.8256,844817785.0,676214675.4722
1753505355023,04:49:15.023,binanceusdm,ADA/USDT:USDT,,,,,0.8255,844835750.0,676229505.5797
1753505357312,04:49:17.312,binanceusdm,ADA/USDT:USDT,,,,,0.8255,844957174.0,676329749.9065
1753505360146,04:49:20.146,binanceusdm,ADA/USDT:USDT,,,,,0.8255,844957182.0,676329756.5105
1753505361445,04:49:21.445,binanceusdm,ADA/USDT:USDT,,,,,0.8255,844957693.0,676330178.341
1753505363935,04:49:23.935,binanceusdm,ADA/USDT:USDT,,,,,0.8254,844958123.0,676330533.3013
1753505365497,04:49:25.497,binanceusdm,ADA/USDT:USDT,,,,,0.8254,844961527.0,676333342.9669
1753505368130,04:49:28.130,binanceusdm,ADA/USDT:USDT,,,,,0.8253,845010532.0,676373791.6943
1753505372489,04:49:32.489,binanceusdm,ADA/USDT:USDT,,,,,0.8254,845010550.0,676373806.5515
1753505372570,04:49:32.570,binanceusdm,ADA/USDT:USDT,,,,,0.8254,845010604.0,676373851.1231
1753505375757,04:49:35.757,binanceusdm,ADA/USDT:USDT,,,,,0.8254,845012906.0,676375751.1902
1753505378350,04:49:38.350,binanceusdm,ADA/USDT:USDT,,,,,0.8253,845013832.0,676376515.418
1753505379536,04:49:39.536,binanceusdm,ADA/USDT:USDT,,,,,0.8254,845013845.0,676376526.1482
1753505382112,04:49:42.112,binanceusdm,ADA/USDT:USDT,,,,,0.8252,845026295.0,676386801.1206
1753505384427,04:49:44.427,binanceusdm,ADA/USDT:USDT,,,,,0.8253,845040161.0,676398243.5888
1753505386383,04:49:46.383,binanceusdm,ADA/USDT:USDT,,,,,0.8253,845066754.0,676420190.7917
1753505387840,04:49:47.840,binanceusdm,ADA/USDT:USDT,,,,,0.8253,845066765.0,676420199.87
1753505390508,04:49:50.508,binanceusdm,ADA/USDT:USDT,,,,,0.8253,845077026.0,676428668.3096
1753505390752,04:49:50.752,binanceusdm,ADA/USDT:USDT,,,,,0.8253,845079176.0,676430442.7046
1753505394252,04:49:54.252,binanceusdm,ADA/USDT:USDT,,,,,0.8253,845079615.0,676430805.0113
1753505394602,04:49:54.602,binanceusdm,ADA/USDT:USDT,,,,,0.8252,845079622.0,676430810.7877
1753505396940,04:49:56.940,binanceusdm,ADA/USDT:USDT,,,,,0.8252,845079661.0,676430842.9705
1753505400051,04:50:00.051,binanceusdm,ADA/USDT:USDT,,,,,0.8253,844391886.0,675875161.7995
1753505402328,04:50:02.328,binanceusdm,ADA/USDT:USDT,,,,,0.8252,844391910.0,675875181.6043
1753505403894,04:50:03.894,binanceusdm,ADA/USDT:USDT,,,,,0.8253,844396883.0,675879285.8071
1753505404949,04:50:04.949,binanceusdm,ADA/USDT:USDT,,,,,0.8252,844396891.0,675879292.4087
1753505408357,04:50:08.357,binanceusdm,ADA/USDT:USDT,,,,,0.8253,844397014.0,675879393.9206
1753505409402,04:50:09.402,binanceusdm,ADA/USDT:USDT,,,,,0.8254,844400611.0,675882362.5278
1753505411786,04:50:11.786,binanceusdm,ADA/USDT:USDT,,,,,0.8254,844400740.0,675882469.0044
1753505413840,04:50:13.840,binanceusdm,ADA/USDT:USDT,,,,,0.8254,844400752.0,675882478.9092
1753505415292,04:50:15.292,binanceusdm,ADA/USDT:USDT,,,,,0.8253,844400759.0,675882484.6863
1753505418511,04:50:18.511,binanceusdm,ADA/USDT:USDT,,,,,0.8253,844407600.0,675888130.4436
1753505420037,04:50:20.037,binanceusdm,ADA/USDT:USDT,,,,,0.8252,844407998.0,675888458.8732
1753505422453,04:50:22.453,binanceusdm,ADA/USDT:USDT,,,,,0.8251,844410866.0,675890825.5548
1753505423916,04:50:23.916,binanceusdm,ADA/USDT:USDT,,,,,0.8252,844410891.0,675890846.1837
1753505425105,04:50:25.105,binanceusdm,ADA/USDT:USDT,,,,,0.8252,844435170.0,675910881.152
1753505428318,04:50:28.318,binanceusdm,ADA/USDT:USDT,,,,,0.8251,844441964.0,675916486.8801
1753505430562,04:50:30.562,binanceusdm,ADA/USDT:USDT,,,,,0.8252,844454647.0,675926951.9059
1753505432164,04:50:32.164,binanceusdm,ADA/USDT:USDT,,,,,0.8252,844455330.0,675927515.5175
1753505434248,04:50:34.248,binanceusdm,ADA/USDT:USDT,,,,,0.8251,844456292.0,675928309.2705
1753505436259,04:50:36.259,binanceusdm,ADA/USDT:USDT,,,,,0.8251,844457348.0,675929180.5761
1753505438275,04:50:38.275,binanceusdm,ADA/USDT:USDT,,,,,0.8251,844457391.0,675929216.0554
1753505440095,04:50:40.095,binanceusdm,ADA/USDT:USDT,,,,,0.825,844458883.0,675930447.0586
1753505442301,04:50:42.301,binanceusdm,ADA/USDT:USDT,,,,,0.8251,844462510.0,675933439.4567
1753505444377,04:50:44.377,binanceusdm,ADA/USDT:USDT,,,,,0.8252,844463857.0,675934551.0001
1753505445111,04:50:45.111,binanceusdm,ADA/USDT:USDT,,,,,0.8251,844463968.0,675934642.5862
1753505448832,04:50:48.832,binanceusdm,ADA/USDT:USDT,,,,,0.8251,844463975.0,675934648.3619
1753505450388,04:50:50.388,binanceusdm,ADA/USDT:USDT,,,,,0.8251,844473127.0,675942199.6771
1753505452769,04:50:52.769,binanceusdm,ADA/USDT:USDT,,,,,0.825,844474690.0,675943489.1581
1753505454837,04:50:54.837,binanceusdm,ADA/USDT:USDT,,,,,0.825,844474841.0,675943613.7458
1753505456777,04:50:56.777,binanceusdm,ADA/USDT:USDT,,,,,0.8249,844529456.0,675988670.2666
1753505458432,04:50:58.432,binanceusdm,ADA/USDT:USDT,,,,,0.8249,844541566.0,675998659.8056
1753505460403,04:51:00.403,binanceusdm,ADA/USDT:USDT,,,,,0.8248,843874509.0,675460077.9477
1753505463099,04:51:03.099,binanceusdm,ADA/USDT:USDT,,,,,0.8249,843874545.0,675460107.6441
1753505465060,04:51:05.060,binanceusdm,ADA/USDT:USDT,,,,,0.8248,843874790.0,675460309.7254
1753505466934,04:51:06.934,binanceusdm,ADA/USDT:USDT,,,,,0.8246,843923740.0,675500680.2966
1753505469070,04:51:09.070,binanceusdm,ADA/USDT:USDT,,,,,0.8246,843926743.0,675503156.5693
1753505471031,04:51:11.031,binanceusdm,ADA/USDT:USDT,,,,,0.8245,843934426.0,675509491.2458
1753505472990,04:51:12.990,binanceusdm,ADA/USDT:USDT,,,,,0.8246,843942347.0,675516022.1129
1753505474181,04:51:14.181,binanceusdm,ADA/USDT:USDT,,,,,0.8245,843943399.0,675516889.4028
1753505476839,04:51:16.839,binanceusdm,ADA/USDT:USDT,,,,,0.8244,843954984.0,675526439.7838
1753505478924,04:51:18.924,binanceusdm,ADA/USDT:USDT,,,,,0.8244,843955105.0,675526539.5362
1753505479944,04:51:19.944,binanceusdm,ADA/USDT:USDT,,,,,0.8244,843955109.0,675526542.8338
1753505483110,04:51:23.110,binanceusdm,ADA/USDT:USDT,,,,,0.8245,843975988.0,675543755.5852
1753505484823,04:51:24.823,binanceusdm,ADA/USDT:USDT,,,,,0.8245,843977873.0,675545309.7191
1753505485864,04:51:25.864,binanceusdm,ADA/USDT:USDT,,,,,0.8248,843989700.0,675555063.0613
1753505488874,04:51:28.874,binanceusdm,ADA/USDT:USDT,,,,,0.8248,843991080.0,675556201.1542
1753505489294,04:51:29.294,binanceusdm,ADA/USDT:USDT,,,,,0.8247,843991098.0,675556215.9988
1753505493103,04:51:33.103,binanceusdm,ADA/USDT:USDT,,,,,0.8247,844004179.0,675567003.9173
1753505494290,04:51:34.290,binanceusdm,ADA/USDT:USDT,,,,,0.8246,844004255.0,675567066.5902
1753505496174,04:51:36.174,binanceusdm,ADA/USDT:USDT,,,,,0.8248,844008540.0,675570600.786
1753505498204,04:51:38.204,binanceusdm,ADA/USDT:USDT,,,,,0.8249,844008568.0,675570623.8823
1753505500643,04:51:40.643,binanceusdm,ADA/USDT:USDT,,,,,0.8249,844009012.0,675570990.1016
1753505502567,04:51:42.567,binanceusdm,ADA/USDT:USDT,,,,,0.8249,844014074.0,675575166.0654
1753505504601,04:51:44.601,binanceusdm,ADA/USDT:USDT,,,,,0.825,844016709.0,675577339.7154
1753505505254,04:51:45.254,binanceusdm,ADA/USDT:USDT,,,,,0.825,844016747.0,675577371.0654
1753505509043,04:51:49.043,binanceusdm,ADA/USDT:USDT,,,,,0.8249,844023309.0,675582784.0682
1753505511147,04:51:51.147,binanceusdm,ADA/USDT:USDT,,,,,0.8248,844026620.0,675585514.9863
1753505512691,04:51:52.691,binanceusdm,ADA/USDT:USDT,,,,,0.8249,844026723.0,675585599.951
1753505515075,04:51:55.075,binanceusdm,ADA/USDT:USDT,,,,,0.8248,844027174.0,675585971.9358
1753505515698,04:51:55.698,binanceusdm,ADA/USDT:USDT,,,,,0.8249,844029131.0,675587586.2651
1753505517868,04:51:57.868,binanceusdm,ADA/USDT:USDT,,,,,0.8249,844029139.0,675587592.8643
1753505520669,04:52:00.669,binanceusdm,ADA/USDT:USDT,,,,,0.825,843541211.0,675193804.9701
1753505523702,04:52:03.702,binanceusdm,ADA/USDT:USDT,,,,,0.8249,843541453.0,675194004.5959
1753505524841,04:52:04.841,binanceusdm,ADA/USDT:USDT,,,,,0.8249,843541718.0,675194223.1962
1753505527607,04:52:07.607,binanceusdm,ADA/USDT:USDT,,,,,0.8249,843545105.0,675197017.1325
1753505529032,04:52:09.032,binanceusdm,ADA/USDT:USDT,,,,,0.8249,843545112.0,675197022.9068
1753505531509,04:52:11.509,binanceusdm,ADA/USDT:USDT,,,,,0.8249,843547219.0,675198760.7651
1753505532735,04:52:12.735,binanceusdm,ADA/USDT:USDT,,,,,0.8248,843548139.0,675199519.58
1753505535618,04:52:15.618,binanceusdm,ADA/USDT:USDT,,,,,0.8247,843555446.0,675205545.7391
1753505537506,04:52:17.506,binanceusdm,ADA/USDT:USDT,,,,,0.8248,843555732.0,675205781.6077
1753505538608,04:52:18.608,binanceusdm,ADA/USDT:USDT,,,,,0.8248,843563558.0,675212235.7176
1753505541180,04:52:21.180,binanceusdm,ADA/USDT:USDT,,,,,0.8248,843568697.0,675216474.3648
1753505543508,04:52:23.508,binanceusdm,ADA/USDT:USDT,,,,,0.8248,843568729.0,675216500.7608
1753505545731,04:52:25.731,binanceusdm,ADA/USDT:USDT,,,,,0.8249,843570253.0,675217757.9084
1753505546160,04:52:26.160,binanceusdm,ADA/USDT:USDT,,,,,0.8249,843573732.0,675220627.7355
1753505548470,04:52:28.470,binanceusdm,ADA/USDT:USDT,,,,,0.8249,843573747.0,675220640.1083
1753505550804,04:52:30.804,binanceusdm,ADA/USDT:USDT,,,,,0.8249,843574325.0,675221116.9005
1753505553124,04:52:33.124,binanceusdm,ADA/USDT:USDT,,,,,0.8249,843574536.0,675221290.9544
1753505555151,04:52:35.151,binanceusdm,ADA/USDT:USDT,,,,,0.8248,843574970.0,675221648.9348
1753505557190,04:52:37.190,binanceusdm,ADA/USDT:USDT,,,,,0.8249,843575259.0,675221887.3309
1753505559596,04:52:39.596,binanceusdm,ADA/USDT:USDT,,,,,0.8249,843575312.0,675221931.0506
1753505559984,04:52:39.984,binanceusdm,ADA/USDT:USDT,,,,,0.8249,843577871.0,675224041.9697
1753505562722,04:52:42.722,binanceusdm,ADA/USDT:USDT,,,,,0.8248,843577879.0,675224048.5681
1753505565305,04:52:45.305,binanceusdm,ADA/USDT:USDT,,,,,0.8249,843580631.0,675226318.6929
1753505567586,04:52:47.586,binanceusdm,ADA/USDT:USDT,,,,,0.8249,843581039.0,675226655.2279
1753505568125,04:52:48.125,binanceusdm,ADA/USDT:USDT,,,,,0.8248,843581120.0,675226722.0367
1753505571224,04:52:51.224,binanceusdm,ADA/USDT:USDT,,,,,0.8249,843581141.0,675226739.3596
1753505573798,04:52:53.798,binanceusdm,ADA/USDT:USDT,,,,,0.8247,843587280.0,675231802.8672
1753505575232,04:52:55.232,binanceusdm,ADA/USDT:USDT,,,,,0.8248,843587334.0,675231847.4064
1753505577839,04:52:57.839,binanceusdm,ADA/USDT:USDT,,,,,0.8248,843587379.0,675231884.5224
1753505579363,04:52:59.363,binanceusdm,ADA/USDT:USDT,,,,,0.8247,843589387.0,675233540.52
1753505580755,04:53:00.755,binanceusdm,ADA/USDT:USDT,,,,,0.8248,843035076.0,674785863.9472
1753505583550,04:53:03.550,binanceusdm,ADA/USDT:USDT,,,,,0.8246,843060660.0,674806961.535
1753505585818,04:53:05.818,binanceusdm,ADA/USDT:USDT,,,,,0.8246,843065238.0,674810736.5574
1753505587049,04:53:07.049,binanceusdm,ADA/USDT:USDT,,,,,0.8246,843065483.0,674810938.5844
1753505588059,04:53:08.059,binanceusdm,ADA/USDT:USDT,,,,,0.8245,843065599.0,674811034.2264
1753505591636,04:53:11.636,binanceusdm,ADA/USDT:USDT,,,,,0.8246,843066252.0,674811572.6312
1753505592970,04:53:12.970,binanceusdm,ADA/USDT:USDT,,,,,0.8246,843066266.0,674811584.1756
1753505595777,04:53:15.777,binanceusdm,ADA/USDT:USDT,,,,,0.8246,843069976.0,674814643.441
1753505597146,04:53:17.146,binanceusdm,ADA/USDT:USDT,,,,,0.8246,843075517.0,674819212.7797
1753505600622,04:53:20.622,binanceusdm,ADA/USDT:USDT,,,,,0.8247,843075617.0,674819295.2497
1753505602475,04:53:22.475,binanceusdm,ADA/USDT:USDT,,,,,0.8247,843075734.0,674819391.7396
1753505604264,04:53:24.264,binanceusdm,ADA/USDT:USDT,,,,,0.8245,843126533.0,674861275.8394
1753505606596,04:53:26.596,binanceusdm,ADA/USDT:USDT,,,,,0.8245,843126586.0,674861319.5379
1753505608157,04:53:28.157,binanceusdm,ADA/USDT:USDT,,,,,0.8243,843128495.0,674862893.2409
1753505609795,04:53:29.795,binanceusdm,ADA/USDT:USDT,,,,,0.8244,843128540.0,674862930.3389
1753505611960,04:53:31.960,binanceusdm,ADA/USDT:USDT,,,,,0.8242,843134014.0,674867442.4918
1753505613864,04:53:33.864,binanceusdm,ADA/USDT:USDT,,,,,0.8242,843135026.0,674868276.5822
1753505615750,04:53:35.750,binanceusdm,ADA/USDT:USDT,,,,,0.8242,843135599.0,674868748.8306
1753505616971,04:53:36.971,binanceusdm,ADA/USDT:USDT,,,,,0.8241,843135624.0,674868769.4331
1753505620374,04:53:40.374,binanceusdm,ADA/USDT:USDT,,,,,0.8242,843137061.0,674869953.6658
1753505622332,04:53:42.332,binanceusdm,ADA/USDT:USDT,,,,,0.8241,843137327.0,674870172.8788
1753505624251,04:53:44.251,binanceusdm,ADA/USDT:USDT,,,,,0.8243,843160263.0,674889076.7688
1753505626320,04:53:46.320,binanceusdm,ADA/USDT:USDT,,,,,0.8243,843160476.0,674889252.3447
1753505628421,04:53:48.421,binanceusdm,ADA/USDT:USDT,,,,,0.8244,843161384.0,674890000.8928
1753505630219,04:53:50.219,binanceusdm,ADA/USDT:USDT,,,,,0.8244,843168277.0,674895683.4857
1753505630936,04:53:50.936,binanceusdm,ADA/USDT:USDT,,,,,0.8244,843168329.0,674895726.3545
1753505634428,04:53:54.428,binanceusdm,ADA/USDT:USDT,,,,,0.8244,843168949.0,674896237.4833
1753505635545,04:53:55.545,binanceusdm,ADA/USDT:USDT,,,,,0.8245,843169350.0,674896568.1078
1753505638142,04:53:58.142,binanceusdm,ADA/USDT:USDT,,,,,0.8244,843169426.0,674896630.7622
1753505640216,04:54:00.216,binanceusdm,ADA/USDT:USDT,,,,,0.8245,842677911.0,674499823.0476
1753505640816,04:54:00.816,binanceusdm,ADA/USDT:USDT,,,,,0.8246,842691704.0,674511196.7554
1753505644610,04:54:04.610,binanceusdm,ADA/USDT:USDT,,,,,0.8246,842691747.0,674511232.2132
1753505644956,04:54:04.956,binanceusdm,ADA/USDT:USDT,,,,,0.8247,842691755.0,674511238.8108
1753505648659,04:54:08.659,binanceusdm,ADA/USDT:USDT,,,,,0.8246,842691900.0,674511358.3878
1753505649829,04:54:09.829,binanceusdm,ADA/USDT:USDT,,,,,0.8246,842691918.0,674511373.2306
1753505651506,04:54:11.506,binanceusdm,ADA/USDT:USDT,,,,,0.8247,842691928.0,674511381.4776
1753505653690,04:54:13.690,binanceusdm,ADA/USDT:USDT,,,,,0.8247,842692042.0,674511475.4837
1753505656590,04:54:16.590,binanceusdm,ADA/USDT:USDT,,,,,0.8245,842722644.0,674536709.7619
1753505656855,04:54:16.855,binanceusdm,ADA/USDT:USDT,,,,,0.8246,842722660.0,674536722.9555
1753505659511,04:54:19.511,binanceusdm,ADA/USDT:USDT,,,,,0.8246,842722666.0,674536727.9031
1753505663495,04:54:23.495,binanceusdm,ADA/USDT:USDT,,,,,0.8246,842726320.0,674539740.9915
1753505666296,04:54:26.296,binanceusdm,ADA/USDT:USDT,,,,,0.8245,842727624.0,674540816.1395
1753505668227,04:54:28.227,binanceusdm,ADA/USDT:USDT,,,,,0.8245,842759605.0,674567184.474
1753505670136,04:54:30.136,binanceusdm,ADA/USDT:USDT,,,,,0.8247,842766074.0,674572518.8143
1753505672240,04:54:32.240,binanceusdm,ADA/USDT:USDT,,,,,0.8247,842766113.0,674572550.9776
1753505674452,04:54:34.452,binanceusdm,ADA/USDT:USDT,,,,,0.8247,842766132.0,674572566.6469
1753505676033,04:54:36.033,binanceusdm,ADA/USDT:USDT,,,,,0.8246,842766173.0,674572600.4585
1753505678028,04:54:38.028,binanceusdm,ADA/USDT:USDT,,,,,0.8247,842766180.0,674572606.2314
1753505680020,04:54:40.020,binanceusdm,ADA/USDT:USDT,,,,,0.8248,842773785.0,674578878.0752
1753505681907,04:54:41.907,binanceusdm,ADA/USDT:USDT,,,,,0.8248,842776809.0,674581372.2704
1753505683968,04:54:43.968,binanceusdm,ADA/USDT:USDT,,,,,0.8249,842780505.0,674584421.1008
1753505685020,04:54:45.020,binanceusdm,ADA/USDT:USDT,,,,,0.8249,842780651.0,674584541.5362
1753505688390,04:54:48.390,binanceusdm,ADA/USDT:USDT,,,,,0.825,842781121.0,674584929.2862
1753505690254,04:54:50.254,binanceusdm,ADA/USDT:USDT,,,,,0.825,842784577.0,674587780.4819
1753505692335,04:54:52.335,binanceusdm,ADA/USDT:USDT,,,,,0.8251,842786878.0,674589678.817
1753505694324,04:54:54.324,binanceusdm,ADA/USDT:USDT,,,,,0.825,842800842.0,674601199.117
1753505694529,04:54:54.529,binanceusdm,ADA/USDT:USDT,,,,,0.8251,842800869.0,674601221.3947
1753505697373,04:54:57.373,binanceusdm,ADA/USDT:USDT,,,,,0.8251,842832306.0,674627160.1123
1753505700355,04:55:00.355,binanceusdm,ADA/USDT:USDT,,,,,0.8251,842073565.0,674013501.5622
1753505701791,04:55:01.791,binanceusdm,ADA/USDT:USDT,,,,,0.8252,842073624.0,674013550.2482
1753505704184,04:55:04.184,binanceusdm,ADA/USDT:USDT,,,,,0.8251,842094914.0,674031116.6473
1753505706316,04:55:06.316,binanceusdm,ADA/USDT:USDT,,,,,0.8248,842127880.0,674058311.517
1753505708265,04:55:08.265,binanceusdm,ADA/USDT:USDT,,,,,0.825,842137067.0,674065889.8841
1753505709835,04:55:09.835,binanceusdm,ADA/USDT:USDT,,,,,0.825,842139021.0,674067502.0279
1753505711938,04:55:11.938,binanceusdm,ADA/USDT:USDT,,,,,0.825,842139032.0,674067511.1029
1753505713951,04:55:13.951,binanceusdm,ADA/USDT:USDT,,,,,0.8251,842139043.0,674067520.179
1753505715850,04:55:15.850,binanceusdm,ADA/USDT:USDT,,,,,0.8251,842152213.0,674078386.746
1753505718452,04:55:18.452,binanceusdm,ADA/USDT:USDT,,,,,0.825,842152749.0,674078828.9932
1753505724016,04:55:24.016,binanceusdm,ADA/USDT:USDT,,,,,0.8251,842152763.0,674078840.5446
1753505724402,04:55:24.402,binanceusdm,ADA/USDT:USDT,,,,,0.8251,842152840.0,674078904.0773
1753505726463,04:55:26.463,binanceusdm,ADA/USDT:USDT,,,,,0.8251,842158574.0,674083635.2007
1753505731732,04:55:31.732,binanceusdm,ADA/USDT:USDT,,,,,0.8252,842166685.0,674090328.3979
1753505733418,04:55:33.418,binanceusdm,ADA/USDT:USDT,,,,,0.8252,842182304.0,674103217.2091
1753505735505,04:55:35.505,binanceusdm,ADA/USDT:USDT,,,,,0.8253,842209967.0,674126047.465
1753505736973,04:55:36.973,binanceusdm,ADA/USDT:USDT,,,,,0.8253,842210401.0,674126405.6479
1753505739484,04:55:39.484,binanceusdm,ADA/USDT:USDT,,,,,0.8251,842220944.0,674135105.0037
1753505741042,04:55:41.042,binanceusdm,ADA/USDT:USDT,,,,,0.8252,842220970.0,674135126.4589
1753505742573,04:55:42.573,binanceusdm,ADA/USDT:USDT,,,,,0.8252,842220996.0,674135147.9141
1753505747765,04:55:47.765,binanceusdm,ADA/USDT:USDT,,,,,0.8252,842221101.0,674135234.5601
1753505748222,04:55:48.222,binanceusdm,ADA/USDT:USDT,,,,,0.8252,842223343.0,674137084.6585
1753505750503,04:55:50.503,binanceusdm,ADA/USDT:USDT,,,,,0.8253,842223355.0,674137094.5621
1753505756373,04:55:56.373,binanceusdm,ADA/USDT:USDT,,,,,0.8253,842223362.0,674137100.3392
1753505756373,04:55:56.373,binanceusdm,ADA/USDT:USDT,,,,,0.8253,842225820.0,674139128.9266
1753505760283,04:56:00.283,binanceusdm,ADA/USDT:USDT,,,,,0.8252,841885287.0,673863794.4242
1753505762293,04:56:02.293,binanceusdm,ADA/USDT:USDT,,,,,0.8251,841886541.0,673864829.0996
1753505763806,04:56:03.806,binanceusdm,ADA/USDT:USDT,,,,,0.8252,841947139.0,673914834.5692
1753505765998,04:56:05.998,binanceusdm,ADA/USDT:USDT,,,,,0.8251,841951165.0,673918156.4218
1753505767999,04:56:07.999,binanceusdm,ADA/USDT:USDT,,,,,0.8251,841952376.0,673919155.6179
1753505768650,04:56:08.650,binanceusdm,ADA/USDT:USDT,,,,,0.8252,841952386.0,673919163.8699
1753505774953,04:56:14.953,binanceusdm,ADA/USDT:USDT,,,,,0.8252,841953138.0,673919784.4203
1753505775142,04:56:15.142,binanceusdm,ADA/USDT:USDT,,,,,0.8251,841953148.0,673919792.6713
1753505780093,04:56:20.093,binanceusdm,ADA/USDT:USDT,,,,,0.8252,841953254.0,673919880.1425
1753505781745,04:56:21.745,binanceusdm,ADA/USDT:USDT,,,,,0.8253,841980513.0,673942375.3052
1753505783869,04:56:23.869,binanceusdm,ADA/USDT:USDT,,,,,0.8253,841980524.0,673942384.3835
1753505784826,04:56:24.826,binanceusdm,ADA/USDT:USDT,,,,,0.8253,841981813.0,673943448.1952
1753505787251,04:56:27.251,binanceusdm,ADA/USDT:USDT,,,,,0.8252,841982031.0,673943628.0888
1753505789656,04:56:29.656,binanceusdm,ADA/USDT:USDT,,,,,0.8251,842018751.0,673973925.7714
1753505792626,04:56:32.626,binanceusdm,ADA/USDT:USDT,,,,,0.825,842018754.0,673973928.2464
1753505794321,04:56:34.321,binanceusdm,ADA/USDT:USDT,,,,,0.825,842019684.0,673974695.4964
1753505796530,04:56:36.530,binanceusdm,ADA/USDT:USDT,,,,,0.825,842025778.0,673979723.0463
1753505798127,04:56:38.127,binanceusdm,ADA/USDT:USDT,,,,,0.8249,842025895.0,673979819.5692
1753505807661,04:56:47.661,binanceusdm,ADA/USDT:USDT,,,,,0.8249,842025902.0,673979825.3435
1753505813942,04:56:53.942,binanceusdm,ADA/USDT:USDT,,,,,0.8249,842025903.0,673979826.1684
1753505814951,04:56:54.951,binanceusdm,ADA/USDT:USDT,,,,,0.8249,842029753.0,673983002.0174
1753505816240,04:56:56.240,binanceusdm,ADA/USDT:USDT,,,,,0.8248,842030772.0,673983842.4886
1753505820403,04:57:00.403,binanceusdm,ADA/USDT:USDT,,,,,0.8247,841776601.0,673778318.2796
1753505822194,04:57:02.194,binanceusdm,ADA/USDT:USDT,,,,,0.8248,841776638.0,673778348.7969
1753505825254,04:57:05.254,binanceusdm,ADA/USDT:USDT,,,,,0.8247,841776643.0,673778352.9204
1753505826088,04:57:06.088,binanceusdm,ADA/USDT:USDT,,,,,0.8248,841778099.0,673779553.6869
1753505828925,04:57:08.925,binanceusdm,ADA/USDT:USDT,,,,,0.8245,841781729.0,673782546.9466
1753505829943,04:57:09.943,binanceusdm,ADA/USDT:USDT,,,,,0.8245,841781764.0,673782575.8041
1753505833227,04:57:13.227,binanceusdm,ADA/USDT:USDT,,,,,0.8245,841812458.0,673807883.0433
1753505834667,04:57:14.667,binanceusdm,ADA/USDT:USDT,,,,,0.8246,841812942.0,673808282.1034
1753505836444,04:57:16.444,binanceusdm,ADA/USDT:USDT,,,,,0.8244,841817227.0,673811815.0699
1753505837464,04:57:17.464,binanceusdm,ADA/USDT:USDT,,,,,0.8244,841817335.0,673811904.1051
1753505841169,04:57:21.169,binanceusdm,ADA/USDT:USDT,,,,,0.8245,841817359.0,673811923.8931
1753505842979,04:57:22.979,binanceusdm,ADA/USDT:USDT,,,,,0.8244,841820984.0,673814912.3431
1753505844358,04:57:24.358,binanceusdm,ADA/USDT:USDT,,,,,0.8244,841821100.0,673815007.9735
1753505845451,04:57:25.451,binanceusdm,ADA/USDT:USDT,,,,,0.8245,841821463.0,673815307.267
1753505848110,04:57:28.110,binanceusdm,ADA/USDT:USDT,,,,,0.8245,841824193.0,673817558.152
1753505850629,04:57:30.629,binanceusdm,ADA/USDT:USDT,,,,,0.8245,841824227.0,673817586.185
1753505851827,04:57:31.827,binanceusdm,ADA/USDT:USDT,,,,,0.8245,841827434.0,673820230.3565
1753505854345,04:57:34.345,binanceusdm,ADA/USDT:USDT,,,,,0.8246,841827456.0,673820248.4977
1753505861115,04:57:41.115,binanceusdm,ADA/USDT:USDT,,,,,0.8243,841883666.0,673866583.5398
1753505861360,04:57:41.360,binanceusdm,ADA/USDT:USDT,,,,,0.8243,841899532.0,673879661.8836
1753505864463,04:57:44.463,binanceusdm,ADA/USDT:USDT,,,,,0.8243,841900572.0,673880519.1841
1753505868143,04:57:48.143,binanceusdm,ADA/USDT:USDT,,,,,0.8243,841900643.0,673880577.7094
1753505872879,04:57:52.879,binanceusdm,ADA/USDT:USDT,,,,,0.8243,841900650.0,673880583.4795
1753505876482,04:57:56.482,binanceusdm,ADA/USDT:USDT,,,,,0.8244,841900766.0,673880679.1099
1753505877686,04:57:57.686,binanceusdm,ADA/USDT:USDT,,,,,0.8243,841901564.0,673881336.9013
1753505878961,04:57:58.961,binanceusdm,ADA/USDT:USDT,,,,,0.8243,841904417.0,673883688.6292
1753505881843,04:58:01.843,binanceusdm,ADA/USDT:USDT,,,,,0.8243,841578204.0,673619834.3986
1753505882862,04:58:02.862,binanceusdm,ADA/USDT:USDT,,,,,0.8242,841583210.0,673623960.3438
1753505886892,04:58:06.892,binanceusdm,ADA/USDT:USDT,,,,,0.8243,841583219.0,673623967.7625
1753505889590,04:58:09.590,binanceusdm,ADA/USDT:USDT,,,,,0.8242,841583413.0,673624127.6573
1753505891488,04:58:11.488,binanceusdm,ADA/USDT:USDT,,,,,0.8242,841589939.0,673629506.3865
1753505891816,04:58:11.816,binanceusdm,ADA/USDT:USDT,,,,,0.8242,841589950.0,673629515.4527
1753505895622,04:58:15.622,binanceusdm,ADA/USDT:USDT,,,,,0.8242,841590042.0,673629591.2791
1753505899470,04:58:19.470,binanceusdm,ADA/USDT:USDT,,,,,0.8243,841590049.0,673629597.0492
1753505900391,04:58:20.391,binanceusdm,ADA/USDT:USDT,,,,,0.8242,841590876.0,673630278.7329
1753505901643,04:58:21.643,binanceusdm,ADA/USDT:USDT,,,,,0.8242,841590884.0,673630285.3265
1753505905010,04:58:25.010,binanceusdm,ADA/USDT:USDT,,,,,0.8244,841601920.0,673639382.3087
1753505909330,04:58:29.330,binanceusdm,ADA/USDT:USDT,,,,,0.8244,841602101.0,673639531.5251
1753505911710,04:58:31.710,binanceusdm,ADA/USDT:USDT,,,,,0.8243,841602208.0,673639619.7252
1753505913050,04:58:33.050,binanceusdm,ADA/USDT:USDT,,,,,0.8244,841605154.0,673642048.1625
1753505914178,04:58:34.178,binanceusdm,ADA/USDT:USDT,,,,,0.8245,841620689.0,673654855.277
1753505916996,04:58:36.996,binanceusdm,ADA/USDT:USDT,,,,,0.8245,841620702.0,673654865.9955
1753505919271,04:58:39.271,binanceusdm,ADA/USDT:USDT,,,,,0.8245,841623686.0,673657326.2476
1753505921499,04:58:41.499,binanceusdm,ADA/USDT:USDT,,,,,0.8244,841623965.0,673657556.2774
1753505922545,04:58:42.545,binanceusdm,ADA/USDT:USDT,,,,,0.8246,841637612.0,673668808.2455
1753505925550,04:58:45.550,binanceusdm,ADA/USDT:USDT,,,,,0.8247,841945873.0,673923023.788
1753505927352,04:58:47.352,binanceusdm,ADA/USDT:USDT,,,,,0.8248,841956371.0,673931682.5384
1753505928385,04:58:48.385,binanceusdm,ADA/USDT:USDT,,,,,0.8249,841956475.0,673931768.3269
1753505930132,04:58:50.132,binanceusdm,ADA/USDT:USDT,,,,,0.8248,841969735.0,673942705.1749
1753505934301,04:58:54.301,binanceusdm,ADA/USDT:USDT,,,,,0.8248,841970947.0,673943704.8325
1753505936068,04:58:56.068,binanceusdm,ADA/USDT:USDT,,,,,0.8248,841971620.0,673944259.8866
1753505936907,04:58:56.907,binanceusdm,ADA/USDT:USDT,,,,,0.8249,841974546.0,673946673.2532
1753505940236,04:59:00.236,binanceusdm,ADA/USDT:USDT,,,,,0.8249,841486050.0,673551331.1803
1753505941338,04:59:01.338,binanceusdm,ADA/USDT:USDT,,,,,0.8249,841486082.0,673551357.5763
1753505943781,04:59:03.781,binanceusdm,ADA/USDT:USDT,,,,,0.8248,841486403.0,673551622.3371
1753505945387,04:59:05.387,binanceusdm,ADA/USDT:USDT,,,,,0.8248,841486547.0,673551741.1093
1753505948931,04:59:08.931,binanceusdm,ADA/USDT:USDT,,,,,0.8248,841486554.0,673551746.8829
1753505950910,04:59:10.910,binanceusdm,ADA/USDT:USDT,,,,,0.8247,841497671.0,673560915.2106
1753505952202,04:59:12.202,binanceusdm,ADA/USDT:USDT,,,,,0.8246,841497815.0,673561033.953
1753505954414,04:59:14.414,binanceusdm,ADA/USDT:USDT,,,,,0.8244,841545070.0,673599995.6142
1753505956811,04:59:16.811,binanceusdm,ADA/USDT:USDT,,,,,0.8243,841576132.0,673625598.0374
1753505959679,04:59:19.679,binanceusdm,ADA/USDT:USDT,,,,,0.8242,841576372.0,673625795.8454
1753505960744,04:59:20.744,binanceusdm,ADA/USDT:USDT,,,,,0.8242,841578052.0,673627180.5014
1753505963443,04:59:23.443,binanceusdm,ADA/USDT:USDT,,,,,0.8242,841579498.0,673628372.4231
1753505965379,04:59:25.379,binanceusdm,ADA/USDT:USDT,,,,,0.8243,841580200.0,673628951.0385
1753505971487,04:59:31.487,binanceusdm,ADA/USDT:USDT,,,,,0.8242,841580203.0,673628953.5111
1753505972436,04:59:32.436,binanceusdm,ADA/USDT:USDT,,,,,0.8242,841581112.0,673629702.7089
1753505975450,04:59:35.450,binanceusdm,ADA/USDT:USDT,,,,,0.8243,841582886.0,673631164.9931
1753505984871,04:59:44.871,binanceusdm,ADA/USDT:USDT,,,,,0.8243,841585154.0,673633034.5196
1753505984871,04:59:44.871,binanceusdm,ADA/USDT:USDT,,,,,0.8243,841591133.0,673637963.0093
1753505988077,04:59:48.077,binanceusdm,ADA/USDT:USDT,,,,,0.8243,841591310.0,673638108.921
1753505990484,04:59:50.484,binanceusdm,ADA/USDT:USDT,,,,,0.8243,841606878.0,673650941.6785
1753505992128,04:59:52.128,binanceusdm,ADA/USDT:USDT,,,,,0.8242,841606900.0,673650959.8109
1753505992989,04:59:52.989,binanceusdm,ADA/USDT:USDT,,,,,0.8243,841614180.0,673656959.9885
1753505999386,04:59:59.386,binanceusdm,ADA/USDT:USDT,,,,,0.8242,841614191.0,673656969.0547
1753506001270,05:00:01.270,binanceusdm,ADA/USDT:USDT,,,,,0.8243,841196377.0,673318808.3473
1753506002733,05:00:02.733,binanceusdm,ADA/USDT:USDT,,,,,0.8243,841197355.0,673319614.5583
1753506004849,05:00:04.849,binanceusdm,ADA/USDT:USDT,,,,,0.8242,841211681.0,673331422.59
1753506007203,05:00:07.203,binanceusdm,ADA/USDT:USDT,,,,,0.8241,841303484.0,673407082.0554
1753506009299,05:00:09.299,binanceusdm,ADA/USDT:USDT,,,,,0.8242,841306946.0,673409935.1081
1753506010030,05:00:10.030,binanceusdm,ADA/USDT:USDT,,,,,0.8243,841307007.0,673409985.3892
1753506012436,05:00:12.436,binanceusdm,ADA/USDT:USDT,,,,,0.8242,841307429.0,673410333.2023
1753506014973,05:00:14.973,binanceusdm,ADA/USDT:USDT,,,,,0.8241,841374022.0,673465206.6087
1753506016922,05:00:16.922,binanceusdm,ADA/USDT:USDT,,,,,0.8241,841374327.0,673465457.9483
1753506018867,05:00:18.867,binanceusdm,ADA/USDT:USDT,,,,,0.824,841378935.0,673469254.9403
1753506020233,05:00:20.233,binanceusdm,ADA/USDT:USDT,,,,,0.8241,841378969.0,673469282.9594
1753506023277,05:00:23.277,binanceusdm,ADA/USDT:USDT,,,,,0.824,841379065.0,673469362.0634
1753506025234,05:00:25.234,binanceusdm,ADA/USDT:USDT,,,,,0.824,841383255.0,673472815.0017
1753506026745,05:00:26.745,binanceusdm,ADA/USDT:USDT,,,,,0.8241,841383488.0,673473006.9985
1753506028133,05:00:28.133,binanceusdm,ADA/USDT:USDT,,,,,0.8241,841383531.0,673473042.4348
1753506030753,05:00:30.753,binanceusdm,ADA/USDT:USDT,,,,,0.8241,841384079.0,673473494.0416
1753506033268,05:00:33.268,binanceusdm,ADA/USDT:USDT,,,,,0.8241,841384206.0,673473598.7023
1753506035086,05:00:35.086,binanceusdm,ADA/USDT:USDT,,,,,0.824,841396200.0,673483481.7583
1753506037324,05:00:37.324,binanceusdm,ADA/USDT:USDT,,,,,0.8238,841408911.0,673493954.3494
1753506039147,05:00:39.147,binanceusdm,ADA/USDT:USDT,,,,,0.8239,841412456.0,673496875.07
1753506041538,05:00:41.538,binanceusdm,ADA/USDT:USDT,,,,,0.8239,841412491.0,673496903.9065
1753506041785,05:00:41.785,binanceusdm,ADA/USDT:USDT,,,,,0.824,841412499.0,673496910.4985
1753506045624,05:00:45.624,binanceusdm,ADA/USDT:USDT,,,,,0.8239,841412671.0,673497052.2093
1753506047613,05:00:47.613,binanceusdm,ADA/USDT:USDT,,,,,0.824,841412772.0,673497135.4318
1753506047821,05:00:47.821,binanceusdm,ADA/USDT:USDT,,,,,0.824,841418496.0,673501852.0078
1753506051142,05:00:51.142,binanceusdm,ADA/USDT:USDT,,,,,0.824,841421605.0,673504413.8338
1753506053121,05:00:53.121,binanceusdm,ADA/USDT:USDT,,,,,0.824,841423817.0,673506236.5241
1753506054695,05:00:54.695,binanceusdm,ADA/USDT:USDT,,,,,0.824,841424400.0,673506716.9161
1753506058425,05:00:58.425,binanceusdm,ADA/USDT:USDT,,,,,0.824,841424911.0,673507137.9801
1753506060270,05:01:00.270,binanceusdm,ADA/USDT:USDT,,,,,0.8241,840679138.0,672904471.2778
1753506062403,05:01:02.403,binanceusdm,ADA/USDT:USDT,,,,,0.8235,840760097.0,672971162.5365
1753506064184,05:01:04.184,binanceusdm,ADA/USDT:USDT,,,,,0.8236,840760307.0,672971335.4852
1753506065532,05:01:05.532,binanceusdm,ADA/USDT:USDT,,,,,0.8236,840763026.0,672973574.5827
1753506068018,05:01:08.018,binanceusdm,ADA/USDT:USDT,,,,,0.8235,840766910.0,672976773.0673
1753506069953,05:01:09.953,binanceusdm,ADA/USDT:USDT,,,,,0.8235,840777202.0,672985248.5305
1753506072062,05:01:12.062,binanceusdm,ADA/USDT:USDT,,,,,0.8237,840830837.0,673029430.5777
1753506075440,05:01:15.440,binanceusdm,ADA/USDT:USDT,,,,,0.8238,840831019.0,673029580.5093
1753506076867,05:01:16.867,binanceusdm,ADA/USDT:USDT,,,,,0.8235,840855391.0,673049653.6805
1753506079759,05:01:19.759,binanceusdm,ADA/USDT:USDT,,,,,0.8235,840855482.0,673049728.619
1753506080329,05:01:20.329,binanceusdm,ADA/USDT:USDT,,,,,0.8235,840862025.0,673055116.7795
1753506082962,05:01:22.962,binanceusdm,ADA/USDT:USDT,,,,,0.8235,840972805.0,673146344.1108
1753506085747,05:01:25.747,binanceusdm,ADA/USDT:USDT,,,,,0.8236,840972935.0,673146451.1748
1753506086550,05:01:26.550,binanceusdm,ADA/USDT:USDT,,,,,0.8236,840974853.0,673148030.8396
1753506089705,05:01:29.705,binanceusdm,ADA/USDT:USDT,,,,,0.8237,840994575.0,673164275.8439
1753506090911,05:01:30.911,binanceusdm,ADA/USDT:USDT,,,,,0.8235,841000921.0,673169502.4076
1753506092951,05:01:32.951,binanceusdm,ADA/USDT:USDT,,,,,0.8235,841003073.0,673171274.6699
1753506095978,05:01:35.978,binanceusdm,ADA/USDT:USDT,,,,,0.8234,841003080.0,673171280.4337
1753506096893,05:01:36.893,binanceusdm,ADA/USDT:USDT,,,,,0.8234,841003888.0,673171945.7415
1753506099759,05:01:39.759,binanceusdm,ADA/USDT:USDT,,,,,0.8234,841010953.0,673177763.0625
1753506101829,05:01:41.829,binanceusdm,ADA/USDT:USDT,,,,,0.8234,841011109.0,673177891.5129
1753506102201,05:01:42.201,binanceusdm,ADA/USDT:USDT,,,,,0.8234,841016027.0,673181940.9941
1753506105496,05:01:45.496,binanceusdm,ADA/USDT:USDT,,,,,0.8234,841020069.0,673185269.536
1753506107838,05:01:47.838,binanceusdm,ADA/USDT:USDT,,,,,0.8235,841074725.0,673230278.7061
1753506109759,05:01:49.759,binanceusdm,ADA/USDT:USDT,,,,,0.8234,841078304.0,673233225.6547
1753506114760,05:01:54.760,binanceusdm,ADA/USDT:USDT,,,,,0.8234,841078685.0,673233539.3701
1753506116037,05:01:56.037,binanceusdm,ADA/USDT:USDT,,,,,0.8235,841083361.0,673237389.6085
1753506117318,05:01:57.318,binanceusdm,ADA/USDT:USDT,,,,,0.8234,841085361.0,673239036.4085
1753506120031,05:02:00.031,binanceusdm,ADA/USDT:USDT,,,,,0.8235,840022114.0,672380679.9183
1753506122600,05:02:02.600,binanceusdm,ADA/USDT:USDT,,,,,0.8234,840024099.0,672382314.5642
1753506124620,05:02:04.620,binanceusdm,ADA/USDT:USDT,,,,,0.8234,840024337.0,672382510.5334
1753506126468,05:02:06.468,binanceusdm,ADA/USDT:USDT,,,,,0.8234,840026766.0,672384510.572
1753506129795,05:02:09.795,binanceusdm,ADA/USDT:USDT,,,,,0.8235,840026776.0,672384518.807
1753506131201,05:02:11.201,binanceusdm,ADA/USDT:USDT,,,,,0.8234,840029998.0,672387171.8075
1753506133561,05:02:13.561,binanceusdm,ADA/USDT:USDT,,,,,0.8234,840033558.0,672390103.1115
1753506135199,05:02:15.199,binanceusdm,ADA/USDT:USDT,,,,,0.8235,840040062.0,672395458.5427
1753506136115,05:02:16.115,binanceusdm,ADA/USDT:USDT,,,,,0.8234,840040073.0,672395467.6001
1753506139069,05:02:19.069,binanceusdm,ADA/USDT:USDT,,,,,0.8235,840041796.0,672396886.3286
1753506140962,05:02:20.962,binanceusdm,ADA/USDT:USDT,,,,,0.8234,840042309.0,672397308.7328
1753506142977,05:02:22.977,binanceusdm,ADA/USDT:USDT,,,,,0.8233,840072287.0,672421992.4966
1753506144057,05:02:24.057,binanceusdm,ADA/USDT:USDT,,,,,0.8233,840073598.0,672423071.844
1753506149146,05:02:29.146,binanceusdm,ADA/USDT:USDT,,,,,0.8233,840073671.0,672423131.9449
1753506150296,05:02:30.296,binanceusdm,ADA/USDT:USDT,,,,,0.8233,840075534.0,672424665.7528
1753506153386,05:02:33.386,binanceusdm,ADA/USDT:USDT,,,,,0.8233,840075772.0,672424861.6982
1753506154794,05:02:34.794,binanceusdm,ADA/USDT:USDT,,,,,0.8233,840096083.0,672441583.3867
1753506156989,05:02:36.989,binanceusdm,ADA/USDT:USDT,,,,,0.8231,840117375.0,672459108.9544
1753506158874,05:02:38.874,binanceusdm,ADA/USDT:USDT,,,,,0.823,840119891.0,672461179.6967
