timestamp,time,exchange,symbol,bid,bidVolume,ask,askVolume,lastPrice,baseVolume,quoteVolume
1753504801704,04:40:01.704,binance,ALGO/USDT:USDT,,,,,0.2698,244665516.0,64007496.8611
1753504805623,04:40:05.623,binance,ALGO/USDT:USDT,,,,,0.2697,244665542.2,64007503.9272
1753504806563,04:40:06.563,binance,ALGO/USDT:USDT,,,,,0.2698,244720303.5,64022278.5259
1753504809415,04:40:09.415,binance,ALGO/USDT:USDT,,,,,0.2698,244720361.6,64022294.2013
1753504810101,04:40:10.101,binance,ALGO/USDT:USDT,,,,,0.2698,244720561.4,64022348.1074
1753504812078,04:40:12.078,binance,ALGO/USDT:USDT,,,,,0.2698,244720609.3,64022361.0308
1753504815681,04:40:15.681,binance,ALGO/USDT:USDT,,,,,0.2699,244721204.3,64022521.6213
1753504816745,04:40:16.745,binance,ALGO/USDT:USDT,,,,,0.27,244745387.7,64029049.3287
1753504819477,04:40:19.477,binance,ALGO/USDT:USDT,,,,,0.2699,244745390.6,64029050.1114
1753504822282,04:40:22.282,binance,ALGO/USDT:USDT,,,,,0.27,244745409.6,64029055.2414
1753504824201,04:40:24.201,binance,ALGO/USDT:USDT,,,,,0.2699,244748562.0,64029906.0742
1753504829761,04:40:29.761,binance,ALGO/USDT:USDT,,,,,0.2698,244748932.5,64030006.0351
1753504831973,04:40:31.973,binance,ALGO/USDT:USDT,,,,,0.2699,244751864.3,64030797.3279
1753504832755,04:40:32.755,binance,ALGO/USDT:USDT,,,,,0.2699,244769857.7,64035653.7466
1753504838425,04:40:38.425,binance,ALGO/USDT:USDT,,,,,0.2698,244770131.0,64035727.4829
1753504839191,04:40:39.191,binance,ALGO/USDT:USDT,,,,,0.2698,244799303.6,64043598.2504
1753504843041,04:40:43.041,binance,ALGO/USDT:USDT,,,,,0.2698,244803475.8,64044723.9099
1753504843256,04:40:43.256,binance,ALGO/USDT:USDT,,,,,0.2698,244828080.8,64051362.3389
1753504851571,04:40:51.571,binance,ALGO/USDT:USDT,,,,,0.2698,244828266.5,64051412.4408
1753504853277,04:40:53.277,binance,ALGO/USDT:USDT,,,,,0.2698,244828894.5,64051581.8752
1753504854296,04:40:54.296,binance,ALGO/USDT:USDT,,,,,0.2698,244829547.4,64051758.0276
1753504859120,04:40:59.120,binance,ALGO/USDT:USDT,,,,,0.2699,244829632.3,64051780.9421
1753504861010,04:41:01.010,binance,ALGO/USDT:USDT,,,,,0.2698,244718311.3,64023220.9933
1753504864018,04:41:04.018,binance,ALGO/USDT:USDT,,,,,0.2698,244718608.2,64023301.0969
1753504865487,04:41:05.487,binance,ALGO/USDT:USDT,,,,,0.2698,244722826.0,64024439.0594
1753504867947,04:41:07.947,binance,ALGO/USDT:USDT,,,,,0.2698,244723371.1,64024586.1274
1753504868069,04:41:08.069,binance,ALGO/USDT:USDT,,,,,0.2698,244723401.8,64024594.4102
1753504874946,04:41:14.946,binance,ALGO/USDT:USDT,,,,,0.2698,244723432.6,64024602.72
1753504876235,04:41:16.235,binance,ALGO/USDT:USDT,,,,,0.27,244729388.6,64026210.2526
1753504878637,04:41:18.637,binance,ALGO/USDT:USDT,,,,,0.27,244739073.9,64028825.2836
1753504881109,04:41:21.109,binance,ALGO/USDT:USDT,,,,,0.27,244739094.3,64028830.7916
1753504881247,04:41:21.247,binance,ALGO/USDT:USDT,,,,,0.27,244741431.6,64029461.8646
1753504885186,04:41:25.186,binance,ALGO/USDT:USDT,,,,,0.27,244741514.1,64029484.1396
1753504886367,04:41:26.367,binance,ALGO/USDT:USDT,,,,,0.27,244754707.8,64033046.4386
1753504895234,04:41:35.234,binance,ALGO/USDT:USDT,,,,,0.2699,244755867.9,64033359.5496
1753504895234,04:41:35.234,binance,ALGO/USDT:USDT,,,,,0.2698,244762115.2,64035045.627
1753504901632,04:41:41.632,binance,ALGO/USDT:USDT,,,,,0.2699,244762138.2,64035051.8347
1753504902666,04:41:42.666,binance,ALGO/USDT:USDT,,,,,0.2699,244762379.4,64035116.9345
1753504906219,04:41:46.219,binance,ALGO/USDT:USDT,,,,,0.2699,244766287.4,64036171.7037
1753504907783,04:41:47.783,binance,ALGO/USDT:USDT,,,,,0.27,244932755.4,64081117.1411
1753504910040,04:41:50.040,binance,ALGO/USDT:USDT,,,,,0.2701,244933217.9,64081242.0623
1753504912960,04:41:52.960,binance,ALGO/USDT:USDT,,,,,0.2701,244933403.6,64081292.2199
1753504913134,04:41:53.134,binance,ALGO/USDT:USDT,,,,,0.27,244933524.6,64081324.8899
1753504920941,04:42:00.941,binance,ALGO/USDT:USDT,,,,,0.27,244797542.9,64046440.1989
1753504922679,04:42:02.679,binance,ALGO/USDT:USDT,,,,,0.27,244798893.8,64046804.9419
1753504925342,04:42:05.342,binance,ALGO/USDT:USDT,,,,,0.27,244798913.2,64046810.1799
1753504927171,04:42:07.171,binance,ALGO/USDT:USDT,,,,,0.27,244799304.0,64046915.6959
1753504928336,04:42:08.336,binance,ALGO/USDT:USDT,,,,,0.27,244817505.6,64051830.1279
1753504929781,04:42:09.781,binance,ALGO/USDT:USDT,,,,,0.2701,244817545.6,64051840.9319
1753504937351,04:42:17.351,binance,ALGO/USDT:USDT,,,,,0.2701,244817565.3,64051846.2529
1753504938365,04:42:18.365,binance,ALGO/USDT:USDT,,,,,0.2701,244823923.3,64053563.5487
1753504942010,04:42:22.010,binance,ALGO/USDT:USDT,,,,,0.2701,244825033.2,64053863.3327
1753504942986,04:42:22.986,binance,ALGO/USDT:USDT,,,,,0.2701,244828014.3,64054668.5278
1753504945754,04:42:25.754,binance,ALGO/USDT:USDT,,,,,0.2699,244862693.8,64064031.5441
1753504951580,04:42:31.580,binance,ALGO/USDT:USDT,,,,,0.27,244862774.8,64064053.4141
1753504955242,04:42:35.242,binance,ALGO/USDT:USDT,,,,,0.27,244863774.8,64064323.4141
1753504955441,04:42:35.441,binance,ALGO/USDT:USDT,,,,,0.27,244867378.9,64065296.5211
1753504962390,04:42:42.390,binance,ALGO/USDT:USDT,,,,,0.2701,244867427.5,64065309.6479
1753504976065,04:42:56.065,binance,ALGO/USDT:USDT,,,,,0.2701,244867501.5,64065329.6353
1753504976386,04:42:56.386,binance,ALGO/USDT:USDT,,,,,0.2701,244868859.3,64065696.3771
1753504981473,04:43:01.473,binance,ALGO/USDT:USDT,,,,,0.27,244682210.3,64017822.9398
1753504982602,04:43:02.602,binance,ALGO/USDT:USDT,,,,,0.27,244684511.3,64018444.2098
1753504984654,04:43:04.654,binance,ALGO/USDT:USDT,,,,,0.27,244684530.8,64018449.4748
1753504987751,04:43:07.751,binance,ALGO/USDT:USDT,,,,,0.2699,244684572.6,64018460.7567
1753504988939,04:43:08.939,binance,ALGO/USDT:USDT,,,,,0.2699,244685383.7,64018679.6726
1753504990103,04:43:10.103,binance,ALGO/USDT:USDT,,,,,0.2699,244700275.3,64022698.9154
1753504992439,04:43:12.439,binance,ALGO/USDT:USDT,,,,,0.27,244700316.1,64022709.9314
1753504994935,04:43:14.935,binance,ALGO/USDT:USDT,,,,,0.27,244711084.9,64025617.5074
1753504996019,04:43:16.019,binance,ALGO/USDT:USDT,,,,,0.27,244713084.9,64026157.5074
1753504998664,04:43:18.664,binance,ALGO/USDT:USDT,,,,,0.27,244713112.5,64026164.9594
1753505002009,04:43:22.009,binance,ALGO/USDT:USDT,,,,,0.2701,244713150.0,64026175.0882
1753505009696,04:43:29.696,binance,ALGO/USDT:USDT,,,,,0.27,244713890.0,64026374.8882
1753505009706,04:43:29.706,binance,ALGO/USDT:USDT,,,,,0.27,244714255.6,64026473.6002
1753505013700,04:43:33.700,binance,ALGO/USDT:USDT,,,,,0.27,244714312.2,64026488.8822
1753505021904,04:43:41.904,binance,ALGO/USDT:USDT,,,,,0.27,244714497.9,64026539.0212
1753505023352,04:43:43.352,binance,ALGO/USDT:USDT,,,,,0.2699,244716739.3,64027144.1918
1753505026174,04:43:46.174,binance,ALGO/USDT:USDT,,,,,0.27,244717335.0,64027305.0308
1753505027467,04:43:47.467,binance,ALGO/USDT:USDT,,,,,0.2701,244757185.3,64038067.5205
1753505045063,04:44:05.063,binance,ALGO/USDT:USDT,,,,,0.2701,244621508.9,64003323.0227
1753505045404,04:44:05.404,binance,ALGO/USDT:USDT,,,,,0.2701,244621529.0,64003328.4517
1753505047714,04:44:07.714,binance,ALGO/USDT:USDT,,,,,0.2702,244624148.1,64004036.1325
1753505050818,04:44:10.818,binance,ALGO/USDT:USDT,,,,,0.2702,244624274.3,64004070.2281
1753505054278,04:44:14.278,binance,ALGO/USDT:USDT,,,,,0.2701,244624297.3,64004076.4404
1753505055120,04:44:15.120,binance,ALGO/USDT:USDT,,,,,0.2701,244625352.0,64004361.3148
1753505058585,04:44:18.585,binance,ALGO/USDT:USDT,,,,,0.2702,244630856.6,64005848.6578
1753505060652,04:44:20.652,binance,ALGO/USDT:USDT,,,,,0.2702,244631605.4,64006050.9835
1753505061218,04:44:21.218,binance,ALGO/USDT:USDT,,,,,0.2702,244631975.3,64006150.9305
1753505066506,04:44:26.506,binance,ALGO/USDT:USDT,,,,,0.2702,244637390.7,64007614.1716
1753505069836,04:44:29.836,binance,ALGO/USDT:USDT,,,,,0.2702,244637408.9,64007619.0892
1753505071335,04:44:31.335,binance,ALGO/USDT:USDT,,,,,0.2701,244638148.9,64007818.9632
1753505072766,04:44:32.766,binance,ALGO/USDT:USDT,,,,,0.2702,244638402.3,64007887.4319
1753505076872,04:44:36.872,binance,ALGO/USDT:USDT,,,,,0.2701,244639171.4,64008095.1658
1753505081535,04:44:41.535,binance,ALGO/USDT:USDT,,,,,0.2701,244639215.4,64008107.0502
1753505081704,04:44:41.704,binance,ALGO/USDT:USDT,,,,,0.2701,244639453.3,64008171.307
1753505083655,04:44:43.655,binance,ALGO/USDT:USDT,,,,,0.2701,244639564.4,64008201.3151
1753505085984,04:44:45.984,binance,ALGO/USDT:USDT,,,,,0.2702,244666279.3,64015419.6786
1753505090967,04:44:50.967,binance,ALGO/USDT:USDT,,,,,0.2702,244667036.0,64015624.1389
1753505091417,04:44:51.417,binance,ALGO/USDT:USDT,,,,,0.2698,244779019.5,64045852.56
1753505100657,04:45:00.657,binance,ALGO/USDT:USDT,,,,,0.2699,244625096.0,64006572.1555
1753505101613,04:45:01.613,binance,ALGO/USDT:USDT,,,,,0.2699,244673420.4,64019615.1538
1753505104089,04:45:04.089,binance,ALGO/USDT:USDT,,,,,0.2698,244729646.3,64034784.9017
1753505105073,04:45:05.073,binance,ALGO/USDT:USDT,,,,,0.2698,244743596.9,64038548.8825
1753505108371,04:45:08.371,binance,ALGO/USDT:USDT,,,,,0.2698,244748757.0,64039941.0172
1753505117672,04:45:17.672,binance,ALGO/USDT:USDT,,,,,0.2698,244748942.7,64039991.119
1753505118818,04:45:18.818,binance,ALGO/USDT:USDT,,,,,0.2697,244752378.5,64040918.0954
1753505123872,04:45:23.872,binance,ALGO/USDT:USDT,,,,,0.2698,244753202.2,64041140.3297
1753505125815,04:45:25.815,binance,ALGO/USDT:USDT,,,,,0.2697,244775955.7,64047277.0388
1753505127732,04:45:27.732,binance,ALGO/USDT:USDT,,,,,0.2697,244829844.6,64061810.8752
1753505130479,04:45:30.479,binance,ALGO/USDT:USDT,,,,,0.2697,244829863.2,64061815.8916
1753505134622,04:45:34.622,binance,ALGO/USDT:USDT,,,,,0.2697,244830048.9,64061865.9749
1753505136011,04:45:36.011,binance,ALGO/USDT:USDT,,,,,0.2696,244936286.7,64090507.6876
1753505140610,04:45:40.610,binance,ALGO/USDT:USDT,,,,,0.2696,244938141.2,64091007.6608
1753505151922,04:45:51.922,binance,ALGO/USDT:USDT,,,,,0.2696,244938232.1,64091032.1674
1753505153693,04:45:53.693,binance,ALGO/USDT:USDT,,,,,0.2696,244939914.1,64091485.6346
1753505158197,04:45:58.197,binance,ALGO/USDT:USDT,,,,,0.2697,244939932.7,64091490.6511
1753505159176,04:45:59.176,binance,ALGO/USDT:USDT,,,,,0.2697,244940890.0,64091748.8349
1753505165830,04:46:05.830,binance,ALGO/USDT:USDT,,,,,0.2697,244810615.9,64058354.0888
1753505168706,04:46:08.706,binance,ALGO/USDT:USDT,,,,,0.2698,244810741.4,64058387.9486
1753505168706,04:46:08.706,binance,ALGO/USDT:USDT,,,,,0.2698,244813069.4,64059016.043
1753505172134,04:46:12.134,binance,ALGO/USDT:USDT,,,,,0.2698,244815775.3,64059746.0949
1753505175367,04:46:15.367,binance,ALGO/USDT:USDT,,,,,0.2697,244815804.1,64059753.8622
1753505176611,04:46:16.611,binance,ALGO/USDT:USDT,,,,,0.2697,244816352.5,64059901.7657
1753505178022,04:46:18.022,binance,ALGO/USDT:USDT,,,,,0.2697,244816484.0,64059937.2313
1753505181368,04:46:21.368,binance,ALGO/USDT:USDT,,,,,0.2698,244818715.1,64060539.182
1753505184763,04:46:24.763,binance,ALGO/USDT:USDT,,,,,0.2698,244818770.6,64060554.1559
1753505185554,04:46:25.554,binance,ALGO/USDT:USDT,,,,,0.2697,244827090.0,64062798.0762
1753505188489,04:46:28.489,binance,ALGO/USDT:USDT,,,,,0.2697,244827209.7,64062830.3593
1753505190917,04:46:30.917,binance,ALGO/USDT:USDT,,,,,0.2697,244829006.1,64063314.8484
1753505194169,04:46:34.169,binance,ALGO/USDT:USDT,,,,,0.2697,244829383.8,64063416.714
1753505194973,04:46:34.973,binance,ALGO/USDT:USDT,,,,,0.2698,244829569.1,64063466.708
1753505201323,04:46:41.323,binance,ALGO/USDT:USDT,,,,,0.2697,244829597.3,64063474.3135
1753505203747,04:46:43.747,binance,ALGO/USDT:USDT,,,,,0.2698,244829641.3,64063486.1847
1753505203747,04:46:43.747,binance,ALGO/USDT:USDT,,,,,0.2698,244829831.7,64063537.5546
1753505209646,04:46:49.646,binance,ALGO/USDT:USDT,,,,,0.2698,244829952.7,64063570.2004
1753505212714,04:46:52.714,binance,ALGO/USDT:USDT,,,,,0.2698,244830017.4,64063587.6565
1753505212718,04:46:52.718,binance,ALGO/USDT:USDT,,,,,0.2698,244830291.7,64063661.6626
1753505214733,04:46:54.733,binance,ALGO/USDT:USDT,,,,,0.2698,244831296.5,64063932.7577
1753505217864,04:46:57.864,binance,ALGO/USDT:USDT,,,,,0.2698,244836520.0,64065342.058
1753505218730,04:46:58.730,binance,ALGO/USDT:USDT,,,,,0.2699,244836705.7,64065392.1784
1753505229001,04:47:09.001,binance,ALGO/USDT:USDT,,,,,0.2699,244768867.8,64047995.7967
1753505229340,04:47:09.340,binance,ALGO/USDT:USDT,,,,,0.2698,244769209.0,64048087.8525
1753505231708,04:47:11.708,binance,ALGO/USDT:USDT,,,,,0.2698,244772416.3,64048953.182
1753505234969,04:47:14.969,binance,ALGO/USDT:USDT,,,,,0.2696,244776095.3,64049945.3517
1753505235759,04:47:15.759,binance,ALGO/USDT:USDT,,,,,0.2696,244776673.0,64050101.0996
1753505247154,04:47:27.154,binance,ALGO/USDT:USDT,,,,,0.2697,244777136.2,64050226.0246
1753505247154,04:47:27.154,binance,ALGO/USDT:USDT,,,,,0.2697,244777371.2,64050289.4041
1753505260915,04:47:40.915,binance,ALGO/USDT:USDT,,,,,0.2697,244777415.2,64050301.2709
1753505261579,04:47:41.579,binance,ALGO/USDT:USDT,,,,,0.2698,244777771.6,64050397.3976
1753505264498,04:47:44.498,binance,ALGO/USDT:USDT,,,,,0.2696,244791174.7,64054011.3866
1753505267816,04:47:47.816,binance,ALGO/USDT:USDT,,,,,0.2696,244791369.5,64054063.9047
1753505267853,04:47:47.853,binance,ALGO/USDT:USDT,,,,,0.2696,244797984.0,64055847.1739
1753505270009,04:47:50.009,binance,ALGO/USDT:USDT,,,,,0.2695,244939633.7,64094021.768
1753505273823,04:47:53.823,binance,ALGO/USDT:USDT,,,,,0.2695,244940167.8,64094165.708
1753505273905,04:47:53.905,binance,ALGO/USDT:USDT,,,,,0.2695,244983453.5,64105831.2041
1753505285088,04:48:05.088,binance,ALGO/USDT:USDT,,,,,0.2695,244905450.1,64085876.3294
1753505285088,04:48:05.088,binance,ALGO/USDT:USDT,,,,,0.2695,244912370.3,64087741.3233
1753505287602,04:48:07.602,binance,ALGO/USDT:USDT,,,,,0.2694,244912395.5,64087748.1122
1753505290276,04:48:10.276,binance,ALGO/USDT:USDT,,,,,0.2697,244966613.3,64102362.208
1753505293093,04:48:13.093,binance,ALGO/USDT:USDT,,,,,0.2696,244966816.4,64102416.9638
1753505294848,04:48:14.848,binance,ALGO/USDT:USDT,,,,,0.2696,244967002.7,64102467.1902
1753505301002,04:48:21.002,binance,ALGO/USDT:USDT,,,,,0.2696,244967182.1,64102515.5565
1753505303981,04:48:23.981,binance,ALGO/USDT:USDT,,,,,0.2696,244967429.1,64102582.1477
1753505305367,04:48:25.367,binance,ALGO/USDT:USDT,,,,,0.2694,245049097.6,64124592.5915
1753505307053,04:48:27.053,binance,ALGO/USDT:USDT,,,,,0.2694,245054159.6,64125956.2943
1753505310580,04:48:30.580,binance,ALGO/USDT:USDT,,,,,0.2694,245054236.1,64125976.9034
1753505310580,04:48:30.580,binance,ALGO/USDT:USDT,,,,,0.2694,245054584.2,64126070.6815
1753505314009,04:48:34.009,binance,ALGO/USDT:USDT,,,,,0.2693,245054873.2,64126148.5092
1753505315634,04:48:35.634,binance,ALGO/USDT:USDT,,,,,0.2694,245074146.8,64131338.9009
1753505317906,04:48:37.906,binance,ALGO/USDT:USDT,,,,,0.2694,245130325.3,64146476.0863
1753505321049,04:48:41.049,binance,ALGO/USDT:USDT,,,,,0.2694,245130511.0,64146526.1138
1753505322455,04:48:42.455,binance,ALGO/USDT:USDT,,,,,0.2693,245149642.5,64151678.2367
1753505324204,04:48:44.204,binance,ALGO/USDT:USDT,,,,,0.2693,245168770.3,64156829.3533
1753505326937,04:48:46.937,binance,ALGO/USDT:USDT,,,,,0.2693,245180883.8,64160091.5188
1753505327362,04:48:47.362,binance,ALGO/USDT:USDT,,,,,0.2693,245185217.6,64161258.6112
1753505329504,04:48:49.504,binance,ALGO/USDT:USDT,,,,,0.2693,245185245.1,64161266.0169
1753505332317,04:48:52.317,binance,ALGO/USDT:USDT,,,,,0.2694,245185441.1,64161318.8193
1753505341453,04:49:01.453,binance,ALGO/USDT:USDT,,,,,0.2694,245112367.4,64142551.4197
1753505345446,04:49:05.446,binance,ALGO/USDT:USDT,,,,,0.2693,245112394.4,64142558.6908
1753505347337,04:49:07.337,binance,ALGO/USDT:USDT,,,,,0.2693,245112514.5,64142591.0338
1753505348934,04:49:08.934,binance,ALGO/USDT:USDT,,,,,0.2693,245113051.9,64142735.7556
1753505351814,04:49:11.814,binance,ALGO/USDT:USDT,,,,,0.2694,245113490.5,64142853.9144
1753505351814,04:49:11.814,binance,ALGO/USDT:USDT,,,,,0.2694,245116182.2,64143579.0584
1753505358064,04:49:18.064,binance,ALGO/USDT:USDT,,,,,0.2694,245118173.8,64144115.5954
1753505358067,04:49:18.067,binance,ALGO/USDT:USDT,,,,,0.2694,245120182.3,64144656.6854
1753505362250,04:49:22.250,binance,ALGO/USDT:USDT,,,,,0.2694,245120201.8,64144661.9386
1753505362703,04:49:22.703,binance,ALGO/USDT:USDT,,,,,0.2694,245121367.8,64144976.059
1753505364393,04:49:24.393,binance,ALGO/USDT:USDT,,,,,0.2694,245121633.4,64145047.6117
1753505367532,04:49:27.532,binance,ALGO/USDT:USDT,,,,,0.2694,245124276.7,64145759.7167
1753505370341,04:49:30.341,binance,ALGO/USDT:USDT,,,,,0.2694,245124462.4,64145809.7443
1753505370341,04:49:30.341,binance,ALGO/USDT:USDT,,,,,0.2694,245124542.3,64145831.2694
1753505376790,04:49:36.790,binance,ALGO/USDT:USDT,,,,,0.2694,245127981.1,64146757.6821
1753505382694,04:49:42.694,binance,ALGO/USDT:USDT,,,,,0.2693,245128032.9,64146771.6318
1753505382694,04:49:42.694,binance,ALGO/USDT:USDT,,,,,0.2693,245133651.0,64148284.5861
1753505384968,04:49:44.968,binance,ALGO/USDT:USDT,,,,,0.2694,245154225.6,64153826.8211
1753505392499,04:49:52.499,binance,ALGO/USDT:USDT,,,,,0.2695,245154302.1,64153847.4378
1753505394189,04:49:54.189,binance,ALGO/USDT:USDT,,,,,0.2695,245171094.8,64158373.0705
1753505402137,04:50:02.137,binance,ALGO/USDT:USDT,,,,,0.2695,245085714.2,64136403.3618
1753505402638,04:50:02.638,binance,ALGO/USDT:USDT,,,,,0.2695,245109189.0,64142729.8204
1753505405608,04:50:05.608,binance,ALGO/USDT:USDT,,,,,0.2694,245109208.7,64142735.1276
1753505407320,04:50:07.320,binance,ALGO/USDT:USDT,,,,,0.2694,245109295.7,64142758.5654
1753505408787,04:50:08.787,binance,ALGO/USDT:USDT,,,,,0.2695,245109420.4,64142792.172
1753505412133,04:50:12.133,binance,ALGO/USDT:USDT,,,,,0.2694,245111303.6,64143299.5061
1753505412729,04:50:12.729,binance,ALGO/USDT:USDT,,,,,0.2694,245111477.6,64143346.3817
1753505417727,04:50:17.727,binance,ALGO/USDT:USDT,,,,,0.2695,245111497.9,64143351.8526
1753505420262,04:50:20.262,binance,ALGO/USDT:USDT,,,,,0.2694,245111564.6,64143369.8216
1753505420441,04:50:20.441,binance,ALGO/USDT:USDT,,,,,0.2693,245132153.3,64148916.4153
1753505424707,04:50:24.707,binance,ALGO/USDT:USDT,,,,,0.2694,245132173.6,64148921.8841
1753505427696,04:50:27.696,binance,ALGO/USDT:USDT,,,,,0.2693,245132195.5,64148927.7818
1753505427696,04:50:27.696,binance,ALGO/USDT:USDT,,,,,0.2693,245132461.1,64148999.3078
1753505434065,04:50:34.065,binance,ALGO/USDT:USDT,,,,,0.2693,245132481.4,64149004.7746
1753505442165,04:50:42.165,binance,ALGO/USDT:USDT,,,,,0.2693,245132501.7,64149010.2414
1753505443067,04:50:43.067,binance,ALGO/USDT:USDT,,,,,0.2693,245135568.5,64149836.1307
1753505445317,04:50:45.317,binance,ALGO/USDT:USDT,,,,,0.2693,245135593.7,64149842.917
1753505450316,04:50:50.316,binance,ALGO/USDT:USDT,,,,,0.2693,245139565.4,64150912.4958
1753505450317,04:50:50.317,binance,ALGO/USDT:USDT,,,,,0.2693,245140445.9,64151149.6145
1753505455884,04:50:55.884,binance,ALGO/USDT:USDT,,,,,0.2692,245140466.4,64151155.1331
1753505455884,04:50:55.884,binance,ALGO/USDT:USDT,,,,,0.2692,245142370.9,64151667.8245
1753505462015,04:51:02.015,binance,ALGO/USDT:USDT,,,,,0.2691,244880721.7,64084397.3966
1753505462087,04:51:02.087,binance,ALGO/USDT:USDT,,,,,0.269,244903222.6,64090450.653
1753505469477,04:51:09.477,binance,ALGO/USDT:USDT,,,,,0.269,244903263.4,64090461.6282
1753505470495,04:51:10.495,binance,ALGO/USDT:USDT,,,,,0.2691,244904040.6,64090670.7241
1753505474895,04:51:14.895,binance,ALGO/USDT:USDT,,,,,0.269,244904183.5,64090709.1642
1753505478456,04:51:18.456,binance,ALGO/USDT:USDT,,,,,0.2691,244904594.0,64090819.6298
1753505479792,04:51:19.792,binance,ALGO/USDT:USDT,,,,,0.2691,244904826.9,64090882.3032
1753505483307,04:51:23.307,binance,ALGO/USDT:USDT,,,,,0.2691,244905092.8,64090953.8568
1753505485453,04:51:25.453,binance,ALGO/USDT:USDT,,,,,0.2691,244905370.8,64091028.6666
1753505485453,04:51:25.453,binance,ALGO/USDT:USDT,,,,,0.2691,244911176.7,64092591.0343
1753505489089,04:51:29.089,binance,ALGO/USDT:USDT,,,,,0.2691,244911305.9,64092625.8021
1753505497216,04:51:37.216,binance,ALGO/USDT:USDT,,,,,0.2691,244911947.4,64092798.4297
1753505497216,04:51:37.216,binance,ALGO/USDT:USDT,,,,,0.2691,244912762.2,64093017.6924
1753505504871,04:51:44.871,binance,ALGO/USDT:USDT,,,,,0.2692,244912863.1,64093044.8547
1753505504871,04:51:44.871,binance,ALGO/USDT:USDT,,,,,0.2692,244913666.4,64093261.103
1753505512667,04:51:52.667,binance,ALGO/USDT:USDT,,,,,0.2691,244914570.6,64093504.4232
1753505512667,04:51:52.667,binance,ALGO/USDT:USDT,,,,,0.2691,244914666.4,64093530.203
1753505515227,04:51:55.227,binance,ALGO/USDT:USDT,,,,,0.2691,244915052.5,64093634.1025
1753505521044,04:52:01.044,binance,ALGO/USDT:USDT,,,,,0.2692,244842701.0,64075031.9956
1753505521048,04:52:01.048,binance,ALGO/USDT:USDT,,,,,0.2693,244873511.7,64083326.3287
1753505524635,04:52:04.635,binance,ALGO/USDT:USDT,,,,,0.2693,244873790.1,64083401.3019
1753505525049,04:52:05.049,binance,ALGO/USDT:USDT,,,,,0.2692,244873812.7,64083407.3858
1753505530502,04:52:10.502,binance,ALGO/USDT:USDT,,,,,0.2692,244873850.1,64083417.4539
1753505531635,04:52:11.635,binance,ALGO/USDT:USDT,,,,,0.2692,244874321.7,64083544.4086
1753505539508,04:52:19.508,binance,ALGO/USDT:USDT,,,,,0.2692,244878085.1,64084557.5159
1753505539508,04:52:19.508,binance,ALGO/USDT:USDT,,,,,0.2692,244878215.4,64084592.5926
1753505543502,04:52:23.502,binance,ALGO/USDT:USDT,,,,,0.2692,244878524.2,64084675.7216
1753505562219,04:52:42.219,binance,ALGO/USDT:USDT,,,,,0.2693,244878617.9,64084700.955
1753505562219,04:52:42.219,binance,ALGO/USDT:USDT,,,,,0.2693,244878948.5,64084789.9856
1753505569611,04:52:49.611,binance,ALGO/USDT:USDT,,,,,0.2693,244878969.5,64084795.6409
1753505573694,04:52:53.694,binance,ALGO/USDT:USDT,,,,,0.2692,244879155.2,64084845.6313
1753505573695,04:52:53.695,binance,ALGO/USDT:USDT,,,,,0.2692,244888838.7,64087452.4295
1753505582324,04:53:02.324,binance,ALGO/USDT:USDT,,,,,0.2691,244753498.7,64052645.8189
1753505582399,04:53:02.399,binance,ALGO/USDT:USDT,,,,,0.2692,244768374.9,64056649.0971
1753505585695,04:53:05.695,binance,ALGO/USDT:USDT,,,,,0.2691,244768400.1,64056655.8784
1753505588275,04:53:08.275,binance,ALGO/USDT:USDT,,,,,0.2691,244775826.7,64058654.3765
1753505589318,04:53:09.318,binance,ALGO/USDT:USDT,,,,,0.2691,244776082.5,64058723.2122
1753505599724,04:53:19.724,binance,ALGO/USDT:USDT,,,,,0.2691,244781711.0,64060237.8416
1753505603633,04:53:23.633,binance,ALGO/USDT:USDT,,,,,0.2691,244781748.7,64060247.9867
1753505606778,04:53:26.778,binance,ALGO/USDT:USDT,,,,,0.2691,244782990.8,64060582.2358
1753505606778,04:53:26.778,binance,ALGO/USDT:USDT,,,,,0.2691,244785273.4,64061196.4834
1753505615448,04:53:35.448,binance,ALGO/USDT:USDT,,,,,0.269,244785458.9,64061246.3829
1753505617059,04:53:37.059,binance,ALGO/USDT:USDT,,,,,0.269,244827234.8,64072484.1
1753505619003,04:53:39.003,binance,ALGO/USDT:USDT,,,,,0.269,244827316.4,64072506.0504
1753505621052,04:53:41.052,binance,ALGO/USDT:USDT,,,,,0.2691,244829743.9,64073159.2907
1753505625419,04:53:45.419,binance,ALGO/USDT:USDT,,,,,0.2691,244829923.1,64073207.5134
1753505625421,04:53:45.421,binance,ALGO/USDT:USDT,,,,,0.2691,244846519.1,64077673.497
1753505628431,04:53:48.431,binance,ALGO/USDT:USDT,,,,,0.2691,244847085.2,64077825.8345
1753505635392,04:53:55.392,binance,ALGO/USDT:USDT,,,,,0.2691,244850351.1,64078704.6882
1753505635575,04:53:55.575,binance,ALGO/USDT:USDT,,,,,0.2691,244975942.2,64112495.571
1753505640591,04:54:00.591,binance,ALGO/USDT:USDT,,,,,0.2692,244847396.8,64079405.2544
1753505640591,04:54:00.591,binance,ALGO/USDT:USDT,,,,,0.2692,244861960.0,64083325.6678
1753505643964,04:54:03.964,binance,ALGO/USDT:USDT,,,,,0.2692,244876799.4,64087320.4343
1753505651210,04:54:11.210,binance,ALGO/USDT:USDT,,,,,0.2692,244876985.1,64087370.4247
1753505652463,04:54:12.463,binance,ALGO/USDT:USDT,,,,,0.2691,244902222.3,64094164.2716
1753505655829,04:54:15.829,binance,ALGO/USDT:USDT,,,,,0.2691,244902414.2,64094215.9119
1753505655857,04:54:15.857,binance,ALGO/USDT:USDT,,,,,0.2691,244909125.1,64096021.815
1753505661293,04:54:21.293,binance,ALGO/USDT:USDT,,,,,0.269,244910663.4,64096435.6178
1753505663836,04:54:23.836,binance,ALGO/USDT:USDT,,,,,0.269,244910931.0,64096507.6022
1753505665043,04:54:25.043,binance,ALGO/USDT:USDT,,,,,0.2691,244948237.3,64106543.0104
1753505667363,04:54:27.363,binance,ALGO/USDT:USDT,,,,,0.269,244956110.9,64108661.0088
1753505671444,04:54:31.444,binance,ALGO/USDT:USDT,,,,,0.2691,244956547.4,64108778.4709
1753505671444,04:54:31.444,binance,ALGO/USDT:USDT,,,,,0.2691,244958057.4,64109184.8119
1753505676095,04:54:36.095,binance,ALGO/USDT:USDT,,,,,0.2691,244959236.8,64109502.1885
1753505676095,04:54:36.095,binance,ALGO/USDT:USDT,,,,,0.2691,244976582.7,64114169.9702
1753505682874,04:54:42.874,binance,ALGO/USDT:USDT,,,,,0.2691,244976694.1,64114199.9479
1753505684320,04:54:44.320,binance,ALGO/USDT:USDT,,,,,0.2691,244976917.2,64114259.9841
1753505693687,04:54:53.687,binance,ALGO/USDT:USDT,,,,,0.2691,244977104.0,64114310.252
1753505701218,04:55:01.218,binance,ALGO/USDT:USDT,,,,,0.2691,244760875.7,64058576.3074
1753505705274,04:55:05.274,binance,ALGO/USDT:USDT,,,,,0.2691,244761712.3,64058801.4365
1753505707078,04:55:07.078,binance,ALGO/USDT:USDT,,,,,0.2691,244778239.9,64063249.0137
1753505709176,04:55:09.176,binance,ALGO/USDT:USDT,,,,,0.2691,244778821.2,64063405.4415
1753505723605,04:55:23.605,binance,ALGO/USDT:USDT,,,,,0.2691,244778846.4,64063412.2228
1753505726463,04:55:26.463,binance,ALGO/USDT:USDT,,,,,0.2692,244779052.6,64063467.7319
1753505726463,04:55:26.463,binance,ALGO/USDT:USDT,,,,,0.2692,244804183.4,64070232.9432
1753505731728,04:55:31.728,binance,ALGO/USDT:USDT,,,,,0.2692,244804737.9,64070382.2146
1753505735275,04:55:35.275,binance,ALGO/USDT:USDT,,,,,0.2693,244804805.4,64070400.3924
1753505735275,04:55:35.275,binance,ALGO/USDT:USDT,,,,,0.2693,244805906.8,64070696.9994
1753505739887,04:55:39.887,binance,ALGO/USDT:USDT,,,,,0.2692,244805913.4,64070698.7761
1753505743706,04:55:43.706,binance,ALGO/USDT:USDT,,,,,0.2692,244806152.8,64070763.2226
1753505749138,04:55:49.138,binance,ALGO/USDT:USDT,,,,,0.2692,244806264.5,64070793.2922
1753505756790,04:55:56.790,binance,ALGO/USDT:USDT,,,,,0.2692,244806393.9,64070828.1267
1753505763747,04:56:03.747,binance,ALGO/USDT:USDT,,,,,0.2692,244672138.0,64036185.4873
1753505764769,04:56:04.769,binance,ALGO/USDT:USDT,,,,,0.2692,244672175.5,64036195.5823
1753505765770,04:56:05.770,binance,ALGO/USDT:USDT,,,,,0.2692,244672194.1,64036200.5895
1753505770642,04:56:10.642,binance,ALGO/USDT:USDT,,,,,0.2692,244673322.1,64036504.2471
1753505771525,04:56:11.525,binance,ALGO/USDT:USDT,,,,,0.2692,244681668.7,64038751.1518
1753505774644,04:56:14.644,binance,ALGO/USDT:USDT,,,,,0.2692,244681814.0,64038790.2665
1753505775420,04:56:15.420,binance,ALGO/USDT:USDT,,,,,0.2693,244696268.4,64042682.8073
1753505779244,04:56:19.244,binance,ALGO/USDT:USDT,,,,,0.2693,244696455.3,64042733.1394
1753505781746,04:56:21.746,binance,ALGO/USDT:USDT,,,,,0.2694,244696475.8,64042738.6622
1753505781746,04:56:21.746,binance,ALGO/USDT:USDT,,,,,0.2694,244697789.7,64043092.6268
1753505784993,04:56:24.993,binance,ALGO/USDT:USDT,,,,,0.2694,244700862.3,64043920.3852
1753505786801,04:56:26.801,binance,ALGO/USDT:USDT,,,,,0.2694,244701467.1,64044083.3184
1753505788185,04:56:28.185,binance,ALGO/USDT:USDT,,,,,0.2694,244701801.1,64044173.298
1753505793453,04:56:33.453,binance,ALGO/USDT:USDT,,,,,0.2693,244701991.9,64044224.6804
1753505794132,04:56:34.132,binance,ALGO/USDT:USDT,,,,,0.2694,244706022.5,64045310.524
1753505801697,04:56:41.697,binance,ALGO/USDT:USDT,,,,,0.2693,244707797.5,64045788.5316
1753505818391,04:56:58.391,binance,ALGO/USDT:USDT,,,,,0.2693,244709796.3,64046326.8084
1753505818394,04:56:58.394,binance,ALGO/USDT:USDT,,,,,0.2693,244716547.3,64048144.8527
1753505821236,04:57:01.236,binance,ALGO/USDT:USDT,,,,,0.2693,244621837.5,64023762.5679
1753505827066,04:57:07.066,binance,ALGO/USDT:USDT,,,,,0.2693,244621977.9,64023800.3776
1753505829055,04:57:09.055,binance,ALGO/USDT:USDT,,,,,0.2693,244736882.1,64054753.916
1753505830421,04:57:10.421,binance,ALGO/USDT:USDT,,,,,0.2693,244737310.7,64054869.3379
1753505831784,04:57:11.784,binance,ALGO/USDT:USDT,,,,,0.2693,244737334.2,64054875.6665
1753505838540,04:57:18.540,binance,ALGO/USDT:USDT,,,,,0.2694,244737527.3,64054927.6876
1753505847141,04:57:27.141,binance,ALGO/USDT:USDT,,,,,0.2694,244737771.2,64054993.3943
1753505847604,04:57:27.604,binance,ALGO/USDT:USDT,,,,,0.2694,244742574.2,64056287.3225
1753505850020,04:57:30.020,binance,ALGO/USDT:USDT,,,,,0.2694,244775051.4,64065036.2415
1753505851773,04:57:31.773,binance,ALGO/USDT:USDT,,,,,0.2694,244775398.7,64065129.8042
1753505857317,04:57:37.317,binance,ALGO/USDT:USDT,,,,,0.2694,244775584.4,64065179.8317
1753505858353,04:57:38.353,binance,ALGO/USDT:USDT,,,,,0.2694,244779752.8,64066302.7987
1753505861426,04:57:41.426,binance,ALGO/USDT:USDT,,,,,0.2694,244783791.0,64067390.6898
1753505861426,04:57:41.426,binance,ALGO/USDT:USDT,,,,,0.2694,244787176.7,64068302.7974
1753505888111,04:58:08.111,binance,ALGO/USDT:USDT,,,,,0.2693,244671789.9,64038537.3205
1753505891523,04:58:11.523,binance,ALGO/USDT:USDT,,,,,0.2693,244671816.7,64038544.5377
1753505892555,04:58:12.555,binance,ALGO/USDT:USDT,,,,,0.2693,244672154.2,64038635.4265
1753505911258,04:58:31.258,binance,ALGO/USDT:USDT,,,,,0.2694,244672382.2,64038696.8497
1753505911258,04:58:31.258,binance,ALGO/USDT:USDT,,,,,0.2694,244673638.4,64039035.27
1753505916208,04:58:36.208,binance,ALGO/USDT:USDT,,,,,0.2694,244673977.0,64039126.4888
1753505916208,04:58:36.208,binance,ALGO/USDT:USDT,,,,,0.2694,244679524.5,64040620.9853
1753505926390,04:58:46.390,binance,ALGO/USDT:USDT,,,,,0.2695,244686456.4,64042489.1323
1753505926396,04:58:46.396,binance,ALGO/USDT:USDT,,,,,0.2695,244690372.8,64043544.6021
1753505931564,04:58:51.564,binance,ALGO/USDT:USDT,,,,,0.2695,244690401.3,64043552.2829
1753505932461,04:58:52.461,binance,ALGO/USDT:USDT,,,,,0.2695,244690426.5,64043559.0743
1753505935152,04:58:55.152,binance,ALGO/USDT:USDT,,,,,0.2696,244708972.4,64048559.0489
1753505936885,04:58:56.885,binance,ALGO/USDT:USDT,,,,,0.2696,244710757.3,64049040.258
1753505941648,04:59:01.648,binance,ALGO/USDT:USDT,,,,,0.2696,244607886.0,64022467.274
1753505944841,04:59:04.841,binance,ALGO/USDT:USDT,,,,,0.2697,244612591.6,64023736.3743
1753505945407,04:59:05.407,binance,ALGO/USDT:USDT,,,,,0.2696,244612636.9,64023748.5872
1753505948296,04:59:08.296,binance,ALGO/USDT:USDT,,,,,0.2696,244613580.0,64024002.8469
1753505949742,04:59:09.742,binance,ALGO/USDT:USDT,,,,,0.2695,244620843.9,64025960.6224
1753505953401,04:59:13.401,binance,ALGO/USDT:USDT,,,,,0.2694,244621033.8,64026011.7815
1753505955170,04:59:15.170,binance,ALGO/USDT:USDT,,,,,0.2693,244670438.3,64039316.9692
1753505959091,04:59:19.091,binance,ALGO/USDT:USDT,,,,,0.2694,244670441.2,64039317.7505
1753505960867,04:59:20.867,binance,ALGO/USDT:USDT,,,,,0.2694,244670507.7,64039335.6656
1753505963830,04:59:23.830,binance,ALGO/USDT:USDT,,,,,0.2693,244670532.9,64039342.4519
1753505970436,04:59:30.436,binance,ALGO/USDT:USDT,,,,,0.2693,244670718.6,64039392.461
1753505970627,04:59:30.627,binance,ALGO/USDT:USDT,,,,,0.2693,244674789.5,64040488.7543
1753505975518,04:59:35.518,binance,ALGO/USDT:USDT,,,,,0.2693,244674822.6,64040497.6682
1753505976517,04:59:36.517,binance,ALGO/USDT:USDT,,,,,0.2693,244675054.3,64040560.065
1753505983501,04:59:43.501,binance,ALGO/USDT:USDT,,,,,0.2694,244675073.8,64040565.3183
1753505983501,04:59:43.501,binance,ALGO/USDT:USDT,,,,,0.2694,244676811.5,64041033.4546
1753505989390,04:59:49.390,binance,ALGO/USDT:USDT,,,,,0.2694,244676997.2,64041083.4822
1753505989390,04:59:49.390,binance,ALGO/USDT:USDT,,,,,0.2694,244678144.1,64041392.4571
1753506007477,05:00:07.477,binance,ALGO/USDT:USDT,,,,,0.2694,244424997.0,63975864.4142
1753506008447,05:00:08.447,binance,ALGO/USDT:USDT,,,,,0.2694,244425369.0,63975964.631
1753506010520,05:00:10.520,binance,ALGO/USDT:USDT,,,,,0.2694,244426111.9,63976164.7683
1753506015064,05:00:15.064,binance,ALGO/USDT:USDT,,,,,0.2693,244426152.7,63976175.7557
1753506016062,05:00:16.062,binance,ALGO/USDT:USDT,,,,,0.2693,244426789.7,63976347.2998
1753506018411,05:00:18.411,binance,ALGO/USDT:USDT,,,,,0.2693,244446260.1,63981590.6785
1753506020471,05:00:20.471,binance,ALGO/USDT:USDT,,,,,0.2692,244446501.9,63981655.7929
1753506023327,05:00:23.327,binance,ALGO/USDT:USDT,,,,,0.2693,244446695.6,63981707.9563
1753506024393,05:00:24.393,binance,ALGO/USDT:USDT,,,,,0.2694,244452005.1,63983137.962
1753506030806,05:00:30.806,binance,ALGO/USDT:USDT,,,,,0.2694,244452210.4,63983193.2699
1753506035218,05:00:35.218,binance,ALGO/USDT:USDT,,,,,0.2693,244452328.0,63983224.9395
1753506035218,05:00:35.218,binance,ALGO/USDT:USDT,,,,,0.2693,244469248.4,63987781.6033
1753506047009,05:00:47.009,binance,ALGO/USDT:USDT,,,,,0.2692,244469272.6,63987788.1179
1753506047151,05:00:47.151,binance,ALGO/USDT:USDT,,,,,0.2692,244469313.6,63987799.1572
1753506051388,05:00:51.388,binance,ALGO/USDT:USDT,,,,,0.2693,244469470.1,63987841.3026
1753506053169,05:00:53.169,binance,ALGO/USDT:USDT,,,,,0.2692,244469712.2,63987906.4889
1753506055243,05:00:55.243,binance,ALGO/USDT:USDT,,,,,0.2693,244471260.0,63988323.3115
1753506056085,05:00:56.085,binance,ALGO/USDT:USDT,,,,,0.2693,244471380.3,63988355.7083
1753506061417,05:01:01.417,binance,ALGO/USDT:USDT,,,,,0.2692,244177313.6,63912262.683
1753506062306,05:01:02.306,binance,ALGO/USDT:USDT,,,,,0.2691,244298866.1,63944983.5451
1753506070132,05:01:10.132,binance,ALGO/USDT:USDT,,,,,0.269,244298927.5,63945000.0617
1753506071287,05:01:11.287,binance,ALGO/USDT:USDT,,,,,0.2689,244334396.0,63954541.0394
1753506076288,05:01:16.288,binance,ALGO/USDT:USDT,,,,,0.2689,244334563.7,63954586.134
1753506076288,05:01:16.288,binance,ALGO/USDT:USDT,,,,,0.2689,244338845.7,63955737.5638
1753506080606,05:01:20.606,binance,ALGO/USDT:USDT,,,,,0.2688,244338922.2,63955758.127
1753506082116,05:01:22.116,binance,ALGO/USDT:USDT,,,,,0.2688,244338958.1,63955767.7769
1753506083366,05:01:23.366,binance,ALGO/USDT:USDT,,,,,0.2688,244350702.9,63958924.7791
1753506086074,05:01:26.074,binance,ALGO/USDT:USDT,,,,,0.269,244442282.8,63983550.6208
1753506089543,05:01:29.543,binance,ALGO/USDT:USDT,,,,,0.2689,244442406.3,63983583.8299
1753506107453,05:01:47.453,binance,ALGO/USDT:USDT,,,,,0.2689,244442448.8,63983595.2582
1753506111087,05:01:51.087,binance,ALGO/USDT:USDT,,,,,0.2689,244442592.0,63983633.7646
1753506112577,05:01:52.577,binance,ALGO/USDT:USDT,,,,,0.2688,244501549.3,63999482.276
1753506114679,05:01:54.679,binance,ALGO/USDT:USDT,,,,,0.2688,244502589.8,63999761.9624
1753506117978,05:01:57.978,binance,ALGO/USDT:USDT,,,,,0.2689,244502923.8,63999851.775
1753506117978,05:01:57.978,binance,ALGO/USDT:USDT,,,,,0.2689,244503024.4,63999878.8263
1753506120984,05:02:00.984,binance,ALGO/USDT:USDT,,,,,0.2688,244256711.7,63936305.4455
1753506124100,05:02:04.100,binance,ALGO/USDT:USDT,,,,,0.2687,244256732.2,63936310.9538
1753506125763,05:02:05.763,binance,ALGO/USDT:USDT,,,,,0.2687,244256759.6,63936318.3162
1753506128201,05:02:08.201,binance,ALGO/USDT:USDT,,,,,0.2687,244256795.7,63936328.0163
1753506155313,05:02:35.313,binance,ALGO/USDT:USDT,,,,,0.2687,244256815.7,63936333.3903
1753506155993,05:02:35.993,binance,ALGO/USDT:USDT,,,,,0.2688,244259900.3,63937162.5307
1753506159277,05:02:39.277,binance,ALGO/USDT:USDT,,,,,0.2687,244260694.4,63937375.9054
1753506167674,05:02:47.674,binance,ALGO/USDT:USDT,,,,,0.2687,244260812.7,63937407.6926
1753506170430,05:02:50.430,binance,ALGO/USDT:USDT,,,,,0.2687,244261411.9,63937568.6977
1753506176019,05:02:56.019,binance,ALGO/USDT:USDT,,,,,0.2687,244263535.7,63938139.3627
1753506177352,05:02:57.352,binance,ALGO/USDT:USDT,,,,,0.2687,244273287.3,63940759.6176
1753506179858,05:02:59.858,binance,ALGO/USDT:USDT,,,,,0.2687,244273313.2,63940766.577
1753506187851,05:03:07.851,binance,ALGO/USDT:USDT,,,,,0.2687,243813514.5,63822092.0477
1753506187851,05:03:07.851,binance,ALGO/USDT:USDT,,,,,0.2687,243818024.3,63823303.831
1753506195035,05:03:15.035,binance,ALGO/USDT:USDT,,,,,0.2687,243818043.9,63823309.0975
1753506196399,05:03:16.399,binance,ALGO/USDT:USDT,,,,,0.2687,243835280.4,63827940.5451
1753506200648,05:03:20.648,binance,ALGO/USDT:USDT,,,,,0.2687,243835423.9,63827979.1035
1753506202521,05:03:22.521,binance,ALGO/USDT:USDT,,,,,0.2687,243840181.9,63829257.5781
1753506206890,05:03:26.890,binance,ALGO/USDT:USDT,,,,,0.2687,243840212.7,63829265.8541
1753506211026,05:03:31.026,binance,ALGO/USDT:USDT,,,,,0.2687,243840231.7,63829270.9594
1753506212595,05:03:32.595,binance,ALGO/USDT:USDT,,,,,0.2687,243840422.4,63829322.2005
1753506215288,05:03:35.288,binance,ALGO/USDT:USDT,,,,,0.2687,243840449.0,63829329.3479
1753506215827,05:03:35.827,binance,ALGO/USDT:USDT,,,,,0.2688,243840484.0,63829338.7559
