timestamp,time,exchange,symbol,bid,bidVolume,ask,askVolume,lastPrice,baseVolume,quoteVolume
1753504791674,04:39:51.674,binance,ACH/USDT:USDT,,,,,0.02237,648562075.0,14123366.398799
1753504797620,04:39:57.620,binance,ACH/USDT:USDT,,,,,0.022372,648563229.0,14123392.216087
1753504797620,04:39:57.620,binance,ACH/USDT:USDT,,,,,0.022372,648563464.0,14123397.473507
1753504802343,04:40:02.343,binance,ACH/USDT:USDT,,,,,0.022372,648408176.0,14120064.48747
1753504802346,04:40:02.346,binance,ACH/USDT:USDT,,,,,0.022372,648410963.0,14120126.838234
1753504805254,04:40:05.254,binance,ACH/USDT:USDT,,,,,0.02237,648411334.0,14120135.137504
1753504807693,04:40:07.693,binance,ACH/USDT:USDT,,,,,0.022371,648411735.0,14120144.108275
1753504831903,04:40:31.903,binance,ACH/USDT:USDT,,,,,0.022372,648413362.0,14120180.507519
1753504831913,04:40:31.913,binance,ACH/USDT:USDT,,,,,0.022376,648452603.0,14121058.51525
1753504842731,04:40:42.731,binance,ACH/USDT:USDT,,,,,0.022372,648461359.0,14121254.404482
1753504842741,04:40:42.741,binance,ACH/USDT:USDT,,,,,0.022371,648488566.0,14121863.075126
1753504864044,04:41:04.044,binance,ACH/USDT:USDT,,,,,0.022373,647985026.0,14111039.877437
1753504865361,04:41:05.361,binance,ACH/USDT:USDT,,,,,0.022376,647998109.0,14111332.618057
1753504868659,04:41:08.659,binance,ACH/USDT:USDT,,,,,0.022377,647998355.0,14111338.122799
1753504869378,04:41:09.378,binance,ACH/USDT:USDT,,,,,0.022378,648000981.0,14111396.887427
1753504871514,04:41:11.514,binance,ACH/USDT:USDT,,,,,0.022379,648001313.0,14111404.317255
1753504890928,04:41:30.928,binance,ACH/USDT:USDT,,,,,0.02238,648001559.0,14111409.822735
1753504891102,04:41:31.102,binance,ACH/USDT:USDT,,,,,0.02238,648007475.0,14111542.225054
1753504917185,04:41:57.185,binance,ACH/USDT:USDT,,,,,0.022379,648008129.0,14111556.86092
1753504917186,04:41:57.186,binance,ACH/USDT:USDT,,,,,0.022378,648050347.0,14112501.657315
1753504921007,04:42:01.007,binance,ACH/USDT:USDT,,,,,0.022374,647391484.0,14098356.582286
1753504924977,04:42:04.977,binance,ACH/USDT:USDT,,,,,0.022375,647391744.0,14098362.399786
1753504927237,04:42:07.237,binance,ACH/USDT:USDT,,,,,0.022377,647392190.0,14098372.379928
1753504932379,04:42:12.379,binance,ACH/USDT:USDT,,,,,0.022377,647395217.0,14098440.115107
1753504932379,04:42:12.379,binance,ACH/USDT:USDT,,,,,0.022378,647399493.0,14098535.803435
1753504940206,04:42:20.206,binance,ACH/USDT:USDT,,,,,0.022378,647399753.0,14098541.621715
1753504941894,04:42:21.894,binance,ACH/USDT:USDT,,,,,0.022382,647444906.0,14099552.215713
1753504960665,04:42:40.665,binance,ACH/USDT:USDT,,,,,0.02238,647445303.0,14099561.100573
1753504960844,04:42:40.844,binance,ACH/USDT:USDT,,,,,0.022378,647485930.0,14100470.331685
1753504971107,04:42:51.107,binance,ACH/USDT:USDT,,,,,0.022381,647486165.0,14100475.59122
1753504971107,04:42:51.107,binance,ACH/USDT:USDT,,,,,0.022382,647487231.0,14100499.449679
1753504982731,04:43:02.731,binance,ACH/USDT:USDT,,,,,0.022382,647214889.0,14094648.616295
1753504982731,04:43:02.731,binance,ACH/USDT:USDT,,,,,0.022382,647216152.0,14094676.884761
1753505021066,04:43:41.066,binance,ACH/USDT:USDT,,,,,0.022382,647216398.0,14094682.390733
1753505021359,04:43:41.359,binance,ACH/USDT:USDT,,,,,0.022382,647216922.0,14094694.118901
1753505023157,04:43:43.157,binance,ACH/USDT:USDT,,,,,0.022382,647258808.0,14095631.611353
1753505044693,04:44:04.693,binance,ACH/USDT:USDT,,,,,0.022382,646935314.0,14088689.231413
1753505045094,04:44:05.094,binance,ACH/USDT:USDT,,,,,0.022382,646935570.0,14088694.961205
1753505058094,04:44:18.094,binance,ACH/USDT:USDT,,,,,0.022383,646935794.0,14088699.974997
1753505059942,04:44:19.942,binance,ACH/USDT:USDT,,,,,0.022382,646946653.0,14088943.021135
1753505080838,04:44:40.838,binance,ACH/USDT:USDT,,,,,0.022382,646947135.0,14088953.809259
1753505080838,04:44:40.838,binance,ACH/USDT:USDT,,,,,0.022382,646947568.0,14088963.500665
1753505089799,04:44:49.799,binance,ACH/USDT:USDT,,,,,0.022382,646948925.0,14088993.873039
1753505089799,04:44:49.799,binance,ACH/USDT:USDT,,,,,0.022382,646976998.0,14089622.202925
1753505106382,04:45:06.382,binance,ACH/USDT:USDT,,,,,0.022379,646797455.0,14085774.493042
1753505107036,04:45:07.036,binance,ACH/USDT:USDT,,,,,0.022378,646819341.0,14086264.277532
1753505123862,04:45:23.862,binance,ACH/USDT:USDT,,,,,0.022376,646820825.0,14086297.483516
1753505125190,04:45:25.190,binance,ACH/USDT:USDT,,,,,0.022378,646834734.0,14086608.730688
1753505130631,04:45:30.631,binance,ACH/USDT:USDT,,,,,0.022377,646835021.0,14086615.152887
1753505130633,04:45:30.633,binance,ACH/USDT:USDT,,,,,0.022377,646845231.0,14086843.622057
1753505136725,04:45:36.725,binance,ACH/USDT:USDT,,,,,0.022377,646846326.0,14086868.124872
1753505136726,04:45:36.726,binance,ACH/USDT:USDT,,,,,0.022376,646860341.0,14087181.7383
1753505154843,04:45:54.843,binance,ACH/USDT:USDT,,,,,0.022376,646860576.0,14087186.99666
1753505154843,04:45:54.843,binance,ACH/USDT:USDT,,,,,0.022376,646861538.0,14087208.522372
1753505165462,04:46:05.462,binance,ACH/USDT:USDT,,,,,0.022378,646088937.0,14070608.204754
1753505168728,04:46:08.728,binance,ACH/USDT:USDT,,,,,0.022379,646099134.0,14070836.403417
1753505168738,04:46:08.738,binance,ACH/USDT:USDT,,,,,0.02238,646103313.0,14070929.928908
1753505184951,04:46:24.951,binance,ACH/USDT:USDT,,,,,0.022381,646105552.0,14070980.039967
1753505186868,04:46:26.868,binance,ACH/USDT:USDT,,,,,0.022383,646115724.0,14071207.704042
1753505199447,04:46:39.447,binance,ACH/USDT:USDT,,,,,0.022386,646115970.0,14071213.210998
1753505199498,04:46:39.498,binance,ACH/USDT:USDT,,,,,0.022388,646122198.0,14071352.637623
1753505203450,04:46:43.450,binance,ACH/USDT:USDT,,,,,0.022389,646122444.0,14071358.145317
1753505203450,04:46:43.450,binance,ACH/USDT:USDT,,,,,0.02239,646125130.0,14071418.284857
1753505214697,04:46:54.697,binance,ACH/USDT:USDT,,,,,0.022391,646126204.0,14071442.332791
1753505214708,04:46:54.708,binance,ACH/USDT:USDT,,,,,0.022389,646149483.0,14071963.567826
1753505221554,04:47:01.554,binance,ACH/USDT:USDT,,,,,0.022388,645884120.0,14066262.768477
1753505221554,04:47:01.554,binance,ACH/USDT:USDT,,,,,0.022388,645897652.0,14066565.722893
1753505230374,04:47:10.374,binance,ACH/USDT:USDT,,,,,0.022386,645898218.0,14066578.393369
1753505231588,04:47:11.588,binance,ACH/USDT:USDT,,,,,0.022385,645910205.0,14066846.729703
1753505232829,04:47:12.829,binance,ACH/USDT:USDT,,,,,0.022383,645929631.0,14067281.563271
1753505236709,04:47:16.709,binance,ACH/USDT:USDT,,,,,0.022383,645936784.0,14067441.66887
1753505236709,04:47:16.709,binance,ACH/USDT:USDT,,,,,0.022383,645939648.0,14067505.773782
1753505243631,04:47:23.631,binance,ACH/USDT:USDT,,,,,0.022381,645940386.0,14067522.29096
1753505243643,04:47:23.643,binance,ACH/USDT:USDT,,,,,0.022379,645952637.0,14067796.477447
1753505247056,04:47:27.056,binance,ACH/USDT:USDT,,,,,0.022377,645955359.0,14067857.389379
1753505252331,04:47:32.331,binance,ACH/USDT:USDT,,,,,0.022375,645956097.0,14067873.902129
1753505252333,04:47:32.333,binance,ACH/USDT:USDT,,,,,0.022374,645966291.0,14068101.988413
1753505257919,04:47:37.919,binance,ACH/USDT:USDT,,,,,0.022373,645967029.0,14068118.499687
1753505257920,04:47:37.920,binance,ACH/USDT:USDT,,,,,0.022373,645968439.0,14068150.045617
1753505260764,04:47:40.764,binance,ACH/USDT:USDT,,,,,0.022373,646049036.0,14069953.332166
1753505271463,04:47:51.463,binance,ACH/USDT:USDT,,,,,0.022374,646050285.0,14069981.277292
1753505271994,04:47:51.994,binance,ACH/USDT:USDT,,,,,0.022377,646169585.0,14072650.597335
1753505275277,04:47:55.277,binance,ACH/USDT:USDT,,,,,0.022368,646187847.0,14073059.126569
1753505285189,04:48:05.189,binance,ACH/USDT:USDT,,,,,0.022365,644941920.0,14046273.658622
1753505285584,04:48:05.584,binance,ACH/USDT:USDT,,,,,0.022365,644942645.0,14046289.873247
1753505293471,04:48:13.471,binance,ACH/USDT:USDT,,,,,0.022368,644943063.0,14046299.223071
1753505309602,04:48:29.602,binance,ACH/USDT:USDT,,,,,0.022367,644944495.0,14046331.252615
1753505325190,04:48:45.190,binance,ACH/USDT:USDT,,,,,0.022365,644960158.0,14046681.581767
1753505326216,04:48:46.216,binance,ACH/USDT:USDT,,,,,0.022363,644967242.0,14046840.010963
1753505331986,04:48:51.986,binance,ACH/USDT:USDT,,,,,0.022365,644990260.0,14047354.808533
1753505331987,04:48:51.987,binance,ACH/USDT:USDT,,,,,0.022366,645013489.0,14047874.334071
1753505343682,04:49:03.682,binance,ACH/USDT:USDT,,,,,0.022366,644809730.0,14043498.908604
1753505343772,04:49:03.772,binance,ACH/USDT:USDT,,,,,0.022368,644812405.0,14043558.738104
1753505346465,04:49:06.465,binance,ACH/USDT:USDT,,,,,0.022368,644813198.0,14043576.475928
1753505353917,04:49:13.917,binance,ACH/USDT:USDT,,,,,0.022368,644814216.0,14043599.246552
1753505353917,04:49:13.917,binance,ACH/USDT:USDT,,,,,0.022366,644839970.0,14044175.263256
1753505361759,04:49:21.759,binance,ACH/USDT:USDT,,,,,0.022366,644842205.0,14044225.251266
1753505362366,04:49:22.366,binance,ACH/USDT:USDT,,,,,0.022366,644968751.0,14047055.579891
1753505377567,04:49:37.567,binance,ACH/USDT:USDT,,,,,0.022364,644969376.0,14047069.557391
1753505377567,04:49:37.567,binance,ACH/USDT:USDT,,,,,0.022364,644972539.0,14047140.294723
1753505379913,04:49:39.913,binance,ACH/USDT:USDT,,,,,0.022363,645017479.0,14048145.287943
1753505387916,04:49:47.916,binance,ACH/USDT:USDT,,,,,0.022363,645028971.0,14048402.283539
1753505387920,04:49:47.920,binance,ACH/USDT:USDT,,,,,0.022361,645031104.0,14048449.981782
1753505390911,04:49:50.911,binance,ACH/USDT:USDT,,,,,0.022348,645991658.0,14069916.916988
1753505404911,04:50:04.911,binance,ACH/USDT:USDT,,,,,0.022345,645864297.0,14067174.309611
1753505406155,04:50:06.155,binance,ACH/USDT:USDT,,,,,0.022346,645865535.0,14067201.973159
1753505409894,04:50:09.894,binance,ACH/USDT:USDT,,,,,0.022346,645867207.0,14067239.335671
1753505410951,04:50:10.951,binance,ACH/USDT:USDT,,,,,0.022343,645895631.0,14067874.37389
1753505414498,04:50:14.498,binance,ACH/USDT:USDT,,,,,0.022346,645896016.0,14067882.9771
1753505417080,04:50:17.080,binance,ACH/USDT:USDT,,,,,0.022344,645900688.0,14067987.368268
1753505417080,04:50:17.080,binance,ACH/USDT:USDT,,,,,0.022344,645901667.0,14068009.243044
1753505421037,04:50:21.037,binance,ACH/USDT:USDT,,,,,0.022341,645902709.0,14068032.522366
1753505427367,04:50:27.367,binance,ACH/USDT:USDT,,,,,0.022339,645902967.0,14068038.285828
1753505428884,04:50:28.884,binance,ACH/USDT:USDT,,,,,0.02234,645903352.0,14068046.886728
1753505432276,04:50:32.276,binance,ACH/USDT:USDT,,,,,0.022339,645904066.0,14068062.836774
1753505432276,04:50:32.276,binance,ACH/USDT:USDT,,,,,0.022335,645909950.0,14068194.262577
1753505442181,04:50:42.181,binance,ACH/USDT:USDT,,,,,0.022333,645910689.0,14068210.766664
1753505442181,04:50:42.181,binance,ACH/USDT:USDT,,,,,0.022333,645921311.0,14068447.98779
1753505445104,04:50:45.104,binance,ACH/USDT:USDT,,,,,0.022334,645921696.0,14068456.58638
1753505456013,04:50:56.013,binance,ACH/USDT:USDT,,,,,0.022332,645921943.0,14068462.102384
1753505456819,04:50:56.819,binance,ACH/USDT:USDT,,,,,0.022329,645951051.0,14069112.09684
1753505460008,04:51:00.008,binance,ACH/USDT:USDT,,,,,0.022328,645645337.0,14062535.314092
1753505464740,04:51:04.740,binance,ACH/USDT:USDT,,,,,0.022319,645657932.0,14062816.453401
1753505473419,04:51:13.419,binance,ACH/USDT:USDT,,,,,0.022319,645658549.0,14062830.224224
1753505474574,04:51:14.574,binance,ACH/USDT:USDT,,,,,0.022318,645661854.0,14062903.986181
1753505475926,04:51:15.926,binance,ACH/USDT:USDT,,,,,0.022318,645665824.0,14062992.588641
1753505482547,04:51:22.547,binance,ACH/USDT:USDT,,,,,0.022318,645689873.0,14063529.314223
1753505482613,04:51:22.613,binance,ACH/USDT:USDT,,,,,0.022322,645721242.0,14064229.443277
1753505485784,04:51:25.784,binance,ACH/USDT:USDT,,,,,0.022326,645752368.0,14064924.306532
1753505487049,04:51:27.049,binance,ACH/USDT:USDT,,,,,0.022326,645754464.0,14064971.100179
1753505491709,04:51:31.709,binance,ACH/USDT:USDT,,,,,0.022325,645755409.0,14064992.197304
1753505491800,04:51:31.800,binance,ACH/USDT:USDT,,,,,0.022325,645783044.0,14065609.148679
1753505495838,04:51:35.838,binance,ACH/USDT:USDT,,,,,0.022322,645783347.0,14065615.912245
1753505502012,04:51:42.012,binance,ACH/USDT:USDT,,,,,0.022322,645783419.0,14065617.519429
1753505502012,04:51:42.012,binance,ACH/USDT:USDT,,,,,0.022322,645784036.0,14065631.292103
1753505505576,04:51:45.576,binance,ACH/USDT:USDT,,,,,0.022322,645784529.0,14065642.296849
1753505509984,04:51:49.984,binance,ACH/USDT:USDT,,,,,0.022323,645785022.0,14065653.302088
1753505511531,04:51:51.531,binance,ACH/USDT:USDT,,,,,0.022326,645835478.0,14066779.685008
1753505516853,04:51:56.853,binance,ACH/USDT:USDT,,,,,0.022327,645837717.0,14066829.675161
1753505516854,04:51:56.854,binance,ACH/USDT:USDT,,,,,0.022328,645838392.0,14066844.746561
1753505524637,04:52:04.637,binance,ACH/USDT:USDT,,,,,0.022328,645555057.0,14060748.745703
1753505531503,04:52:11.503,binance,ACH/USDT:USDT,,,,,0.022329,645555304.0,14060754.260966
1753505532443,04:52:12.443,binance,ACH/USDT:USDT,,,,,0.022329,645556611.0,14060783.444969
1753505538869,04:52:18.869,binance,ACH/USDT:USDT,,,,,0.022329,645556848.0,14060788.736942
1753505555659,04:52:35.659,binance,ACH/USDT:USDT,,,,,0.022328,645558849.0,14060833.41527
1753505556912,04:52:36.912,binance,ACH/USDT:USDT,,,,,0.022329,645559264.0,14060842.681805
1753505562857,04:52:42.857,binance,ACH/USDT:USDT,,,,,0.022328,645559541.0,14060848.866661
1753505563917,04:52:43.917,binance,ACH/USDT:USDT,,,,,0.022326,645562372.0,14060912.075681
1753505573805,04:52:53.805,binance,ACH/USDT:USDT,,,,,0.022325,645563111.0,14060928.573856
1753505573953,04:52:53.953,binance,ACH/USDT:USDT,,,,,0.022322,645565405.0,14060979.785799
1753505578842,04:52:58.842,binance,ACH/USDT:USDT,,,,,0.02232,645565652.0,14060985.298839
1753505578842,04:52:58.842,binance,ACH/USDT:USDT,,,,,0.022316,645576230.0,14061221.366113
1753505584885,04:53:04.885,binance,ACH/USDT:USDT,,,,,0.022317,645317251.0,14055640.540586
1753505590453,04:53:10.453,binance,ACH/USDT:USDT,,,,,0.022319,645317581.0,14055647.905856
1753505605892,04:53:25.892,binance,ACH/USDT:USDT,,,,,0.02232,645318320.0,14055664.400336
1753505605909,04:53:25.909,binance,ACH/USDT:USDT,,,,,0.022318,645319620.0,14055693.41462
1753505611817,04:53:31.817,binance,ACH/USDT:USDT,,,,,0.022317,645320112.0,14055704.394584
1753505611817,04:53:31.817,binance,ACH/USDT:USDT,,,,,0.022316,645321205.0,14055728.786616
1753505628424,04:53:48.424,binance,ACH/USDT:USDT,,,,,0.022318,645332963.0,14055991.20166
1753505628461,04:53:48.461,binance,ACH/USDT:USDT,,,,,0.02232,645342598.0,14056206.253704
1753505631013,04:53:51.013,binance,ACH/USDT:USDT,,,,,0.022323,645367994.0,14056773.168612
1753505633191,04:53:53.191,binance,ACH/USDT:USDT,,,,,0.022323,645392428.0,14057318.608794
1753505637531,04:53:57.531,binance,ACH/USDT:USDT,,,,,0.022326,645392675.0,14057324.123316
1753505637531,04:53:57.531,binance,ACH/USDT:USDT,,,,,0.022328,645396774.0,14057415.64534
1753505640366,04:54:00.366,binance,ACH/USDT:USDT,,,,,0.02233,644461954.0,14037274.819815
1753505645396,04:54:05.396,binance,ACH/USDT:USDT,,,,,0.022328,644462273.0,14037281.942447
1753505648675,04:54:08.675,binance,ACH/USDT:USDT,,,,,0.022328,644462906.0,14037296.076071
1753505648678,04:54:08.678,binance,ACH/USDT:USDT,,,,,0.022328,644484275.0,14037773.203103
1753505661490,04:54:21.490,binance,ACH/USDT:USDT,,,,,0.022332,644484512.0,14037778.495787
1753505666398,04:54:26.398,binance,ACH/USDT:USDT,,,,,0.022331,644531774.0,14038833.903509
1753505667682,04:54:27.682,binance,ACH/USDT:USDT,,,,,0.022329,644534225.0,14038888.632612
1753505679949,04:54:39.949,binance,ACH/USDT:USDT,,,,,0.02233,644535089.0,14038907.925732
1753505681794,04:54:41.794,binance,ACH/USDT:USDT,,,,,0.022327,644588317.0,14040096.506368
1753505687969,04:54:47.969,binance,ACH/USDT:USDT,,,,,0.022328,644588582.0,14040102.423288
1753505687972,04:54:47.972,binance,ACH/USDT:USDT,,,,,0.022328,644588882.0,14040109.121688
1753505690594,04:54:50.594,binance,ACH/USDT:USDT,,,,,0.022332,644589858.0,14040130.917484
1753505696592,04:54:56.592,binance,ACH/USDT:USDT,,,,,0.022329,644591857.0,14040175.553155
1753505696592,04:54:56.592,binance,ACH/USDT:USDT,,,,,0.022329,644600079.0,14040359.142193
1753505704644,04:55:04.644,binance,ACH/USDT:USDT,,,,,0.022328,643414839.0,14014791.675618
1753505705369,04:55:05.369,binance,ACH/USDT:USDT,,,,,0.022326,643416714.0,14014833.538068
1753505706874,04:55:06.874,binance,ACH/USDT:USDT,,,,,0.022323,643416977.0,14014839.409017
1753505726827,04:55:26.827,binance,ACH/USDT:USDT,,,,,0.022325,643418617.0,14014876.022017
1753505726827,04:55:26.827,binance,ACH/USDT:USDT,,,,,0.022325,643419176.0,14014888.501692
1753505731254,04:55:31.254,binance,ACH/USDT:USDT,,,,,0.022327,643419443.0,14014894.463001
1753505731744,04:55:31.744,binance,ACH/USDT:USDT,,,,,0.022328,643421364.0,14014937.353395
1753505740597,04:55:40.597,binance,ACH/USDT:USDT,,,,,0.022329,643421983.0,14014951.175046
1753505740597,04:55:40.597,binance,ACH/USDT:USDT,,,,,0.022323,643452703.0,14015636.999238
1753505743603,04:55:43.603,binance,ACH/USDT:USDT,,,,,0.022331,643465851.0,14015930.5874
1753505755625,04:55:55.625,binance,ACH/USDT:USDT,,,,,0.022324,643467618.0,14015970.033908
1753505755625,04:55:55.625,binance,ACH/USDT:USDT,,,,,0.022319,643515851.0,14017046.68794
1753505765129,04:56:05.129,binance,ACH/USDT:USDT,,,,,0.022322,643024432.0,14006435.955031
1753505765132,04:56:05.132,binance,ACH/USDT:USDT,,,,,0.022322,643024732.0,14006442.651631
1753505771503,04:56:11.503,binance,ACH/USDT:USDT,,,,,0.022325,643024966.0,14006447.875681
1753505774380,04:56:14.380,binance,ACH/USDT:USDT,,,,,0.022325,643031648.0,14006597.051331
1753505774380,04:56:14.380,binance,ACH/USDT:USDT,,,,,0.022325,643109585.0,14008336.994856
1753505776683,04:56:16.683,binance,ACH/USDT:USDT,,,,,0.022325,643110092.0,14008348.313631
1753505789475,04:56:29.475,binance,ACH/USDT:USDT,,,,,0.022327,643112973.0,14008412.637718
1753505789475,04:56:29.475,binance,ACH/USDT:USDT,,,,,0.022326,643113200.0,14008417.70572
1753505795525,04:56:35.525,binance,ACH/USDT:USDT,,,,,0.022325,643113939.0,14008434.203895
1753505795525,04:56:35.525,binance,ACH/USDT:USDT,,,,,0.022325,643114345.0,14008443.267845
1753505798365,04:56:38.365,binance,ACH/USDT:USDT,,,,,0.022323,643114783.0,14008453.045319
1753505813478,04:56:53.478,binance,ACH/USDT:USDT,,,,,0.022323,643115084.0,14008459.764542
1753505813478,04:56:53.478,binance,ACH/USDT:USDT,,,,,0.022323,643115215.0,14008462.688855
1753505818430,04:56:58.430,binance,ACH/USDT:USDT,,,,,0.022323,643117725.0,14008518.719585
1753505818840,04:56:58.840,binance,ACH/USDT:USDT,,,,,0.02232,643125096.0,14008683.257945
1753505838948,04:57:18.948,binance,ACH/USDT:USDT,,,,,0.022319,642871874.0,14003217.567225
1753505838950,04:57:18.950,binance,ACH/USDT:USDT,,,,,0.022316,642878530.0,14003366.116945
1753505849150,04:57:29.150,binance,ACH/USDT:USDT,,,,,0.022316,642878824.0,14003372.677849
1753505855047,04:57:35.047,binance,ACH/USDT:USDT,,,,,0.022318,642879075.0,14003378.279667
1753505856155,04:57:36.155,binance,ACH/USDT:USDT,,,,,0.022317,642885342.0,14003518.144536
1753505861360,04:57:41.360,binance,ACH/USDT:USDT,,,,,0.022317,642926874.0,14004445.01418
1753505862142,04:57:42.142,binance,ACH/USDT:USDT,,,,,0.022309,643040760.0,14006986.589273
1753505884847,04:58:04.847,binance,ACH/USDT:USDT,,,,,0.022309,642888624.0,14003700.690939
1753505885253,04:58:05.253,binance,ACH/USDT:USDT,,,,,0.022309,642888876.0,14003706.312807
1753505900316,04:58:20.316,binance,ACH/USDT:USDT,,,,,0.022312,642890104.0,14003733.711943
1753505900378,04:58:20.378,binance,ACH/USDT:USDT,,,,,0.022318,642920874.0,14004420.373593
1753505903306,04:58:23.306,binance,ACH/USDT:USDT,,,,,0.022313,642921364.0,14004431.306963
1753505911395,04:58:31.395,binance,ACH/USDT:USDT,,,,,0.022315,642921600.0,14004436.573303
1753505911397,04:58:31.397,binance,ACH/USDT:USDT,,,,,0.022316,642922749.0,14004462.213465
1753505915788,04:58:35.788,binance,ACH/USDT:USDT,,,,,0.022319,642923242.0,14004473.216732
1753505916003,04:58:36.003,binance,ACH/USDT:USDT,,,,,0.02232,642925441.0,14004522.298412
1753505922398,04:58:42.398,binance,ACH/USDT:USDT,,,,,0.02232,642926892.0,14004554.684732
1753505922398,04:58:42.398,binance,ACH/USDT:USDT,,,,,0.02232,642927767.0,14004574.214732
1753505927067,04:58:47.067,binance,ACH/USDT:USDT,,,,,0.022323,642928014.0,14004579.728513
1753505927067,04:58:47.067,binance,ACH/USDT:USDT,,,,,0.022324,642930701.0,14004639.713101
1753505931258,04:58:51.258,binance,ACH/USDT:USDT,,,,,0.022323,642931442.0,14004656.254444
1753505931258,04:58:51.258,binance,ACH/USDT:USDT,,,,,0.022322,642934261.0,14004719.180162
1753505936223,04:58:56.223,binance,ACH/USDT:USDT,,,,,0.022326,642934508.0,14004724.694684
1753505936223,04:58:56.223,binance,ACH/USDT:USDT,,,,,0.022326,642935418.0,14004745.011344
1753505949922,04:59:09.922,binance,ACH/USDT:USDT,,,,,0.022329,642710318.0,13999876.935871
1753505949922,04:59:09.922,binance,ACH/USDT:USDT,,,,,0.022329,642710727.0,13999886.068432
1753505978207,04:59:38.207,binance,ACH/USDT:USDT,,,,,0.022329,642711017.0,13999892.543842
1753505978207,04:59:38.207,binance,ACH/USDT:USDT,,,,,0.02233,642711468.0,13999902.614672
1753505981345,04:59:41.345,binance,ACH/USDT:USDT,,,,,0.022331,642724131.0,14000185.392125
1753505990498,04:59:50.498,binance,ACH/USDT:USDT,,,,,0.022331,642726330.0,14000234.497994
1753506000506,05:00:00.506,binance,ACH/USDT:USDT,,,,,0.022332,642542463.0,13996256.807767
1753506002465,05:00:02.465,binance,ACH/USDT:USDT,,,,,0.022334,642546346.0,13996343.526961
1753506004575,05:00:04.575,binance,ACH/USDT:USDT,,,,,0.022333,642546711.0,13996351.678506
1753506005184,05:00:05.184,binance,ACH/USDT:USDT,,,,,0.022335,642547121.0,13996360.835856
1753506010171,05:00:10.171,binance,ACH/USDT:USDT,,,,,0.022335,642547122.0,13996360.858191
1753506013869,05:00:13.869,binance,ACH/USDT:USDT,,,,,0.022334,642559266.0,13996632.082287
1753506014084,05:00:14.084,binance,ACH/USDT:USDT,,,,,0.022333,642568840.0,13996845.907622
1753506021221,05:00:21.221,binance,ACH/USDT:USDT,,,,,0.022333,642574214.0,13996965.925164
1753506021227,05:00:21.227,binance,ACH/USDT:USDT,,,,,0.022333,642578953.0,13997071.761251
1753506024148,05:00:24.148,binance,ACH/USDT:USDT,,,,,0.022332,642589241.0,13997301.51247
1753506031866,05:00:31.866,binance,ACH/USDT:USDT,,,,,0.022332,642589510.0,13997307.519778
1753506040328,05:00:40.328,binance,ACH/USDT:USDT,,,,,0.022332,642590146.0,13997321.72293
1753506048279,05:00:48.279,binance,ACH/USDT:USDT,,,,,0.022332,642591915.0,13997361.228238
1753506049395,05:00:49.395,binance,ACH/USDT:USDT,,,,,0.022334,642760756.0,14001131.44055
1753506052610,05:00:52.610,binance,ACH/USDT:USDT,,,,,0.022328,642761208.0,14001141.532806
1753506054610,05:00:54.610,binance,ACH/USDT:USDT,,,,,0.022328,642772394.0,14001391.293814
1753506054614,05:00:54.614,binance,ACH/USDT:USDT,,,,,0.02232,642850092.0,14003125.749874
1753506062341,05:01:02.341,binance,ACH/USDT:USDT,,,,,0.022325,642286845.0,13990965.493486
1753506062341,05:01:02.341,binance,ACH/USDT:USDT,,,,,0.022329,642326674.0,13991854.785383
1753506076196,05:01:16.196,binance,ACH/USDT:USDT,,,,,0.02233,642328673.0,13991899.423053
1753506076196,05:01:16.196,binance,ACH/USDT:USDT,,,,,0.02233,642332694.0,13991989.211983
1753506089836,05:01:29.836,binance,ACH/USDT:USDT,,,,,0.022331,642334176.0,13992022.306525
1753506092698,05:01:32.698,binance,ACH/USDT:USDT,,,,,0.022331,642341450.0,13992184.742219
1753506092698,05:01:32.698,binance,ACH/USDT:USDT,,,,,0.022331,642355355.0,13992495.254774
1753506103061,05:01:43.061,binance,ACH/USDT:USDT,,,,,0.022331,642355600.0,13992500.725869
1753506109489,05:01:49.489,binance,ACH/USDT:USDT,,,,,0.02233,642356258.0,13992515.419009
1753506123914,05:02:03.914,binance,ACH/USDT:USDT,,,,,0.022331,641691100.0,13978177.901332
1753506125512,05:02:05.512,binance,ACH/USDT:USDT,,,,,0.022329,641767509.0,13979884.17034
1753506130209,05:02:10.209,binance,ACH/USDT:USDT,,,,,0.022325,641768248.0,13979900.668515
1753506140863,05:02:20.863,binance,ACH/USDT:USDT,,,,,0.022324,641768264.0,13979901.025699
1753506141634,05:02:21.634,binance,ACH/USDT:USDT,,,,,0.022324,641768975.0,13979916.898063
1753506143115,05:02:23.115,binance,ACH/USDT:USDT,,,,,0.022322,641770975.0,13979961.543656
1753506153869,05:02:33.869,binance,ACH/USDT:USDT,,,,,0.02232,641771222.0,13979967.056696
1753506153869,05:02:33.869,binance,ACH/USDT:USDT,,,,,0.02232,641772577.0,13979997.300296
1753506165568,05:02:45.568,binance,ACH/USDT:USDT,,,,,0.02232,641773992.0,13980028.883096
1753506176473,05:02:56.473,binance,ACH/USDT:USDT,,,,,0.022321,641784890.0,13980272.137354
1753506176473,05:02:56.473,binance,ACH/USDT:USDT,,,,,0.022322,641813702.0,13980915.277706
1753506183016,05:03:03.016,binance,ACH/USDT:USDT,,,,,0.022324,627312607.0,13669814.556309
1753506184530,05:03:04.530,binance,ACH/USDT:USDT,,,,,0.02233,627315014.0,13669868.29529
1753506185609,05:03:05.609,binance,ACH/USDT:USDT,,,,,0.022328,627315260.0,13669873.787978
1753506203760,05:03:23.760,binance,ACH/USDT:USDT,,,,,0.022332,627315574.0,13669880.800226
1753506203760,05:03:23.760,binance,ACH/USDT:USDT,,,,,0.022332,627317051.0,13669913.78459
1753506222672,05:03:42.672,binance,ACH/USDT:USDT,,,,,0.022334,627319458.0,13669967.542528
1753506225017,05:03:45.017,binance,ACH/USDT:USDT,,,,,0.022334,627319858.0,13669976.476128
1753506240094,05:04:00.094,binance,ACH/USDT:USDT,,,,,0.022334,624702495.0,13613750.80986
1753506240106,05:04:00.106,binance,ACH/USDT:USDT,,,,,0.022334,624735295.0,13614483.36506
1753506243253,05:04:03.253,binance,ACH/USDT:USDT,,,,,0.022334,624735584.0,13614489.819586
1753506245074,05:04:05.074,binance,ACH/USDT:USDT,,,,,0.022334,624735871.0,13614496.229444
1753506247909,05:04:07.909,binance,ACH/USDT:USDT,,,,,0.022335,624739210.0,13614570.806009
1753506268078,05:04:28.078,binance,ACH/USDT:USDT,,,,,0.022334,624739469.0,13614576.590515
1753506277833,05:04:37.833,binance,ACH/USDT:USDT,,,,,0.022334,624740091.0,13614590.482263
1753506285537,05:04:45.537,binance,ACH/USDT:USDT,,,,,0.022335,624743338.0,13614663.004008
1753506285598,05:04:45.598,binance,ACH/USDT:USDT,,,,,0.022347,624966323.0,13619645.043557
1753506288664,05:04:48.664,binance,ACH/USDT:USDT,,,,,0.022344,624967554.0,13619672.549021
1753506303022,05:05:03.022,binance,ACH/USDT:USDT,,,,,0.022343,624281836.0,13604930.507739
1753506303022,05:05:03.022,binance,ACH/USDT:USDT,,,,,0.022343,624281837.0,13604930.530082
1753506306316,05:05:06.316,binance,ACH/USDT:USDT,,,,,0.022344,624283096.0,13604958.661178
1753506307672,05:05:07.672,binance,ACH/USDT:USDT,,,,,0.022345,624283884.0,13604976.269038
1753506309071,05:05:09.071,binance,ACH/USDT:USDT,,,,,0.022347,624284356.0,13604986.816822
1753506312643,05:05:12.643,binance,ACH/USDT:USDT,,,,,0.022348,624288881.0,13605087.937489
1753506316053,05:05:16.053,binance,ACH/USDT:USDT,,,,,0.02235,624289128.0,13605093.457939
1753506317008,05:05:17.008,binance,ACH/USDT:USDT,,,,,0.02235,624290993.0,13605135.141303
1753506320041,05:05:20.041,binance,ACH/USDT:USDT,,,,,0.022351,624291932.0,13605156.129718
1753506325990,05:05:25.990,binance,ACH/USDT:USDT,,,,,0.022354,624292878.0,13605177.276602
1753506325999,05:05:25.999,binance,ACH/USDT:USDT,,,,,0.022355,624293291.0,13605186.509217
1753506332401,05:05:32.401,binance,ACH/USDT:USDT,,,,,0.022354,624299183.0,13605318.218985
1753506334653,05:05:34.653,binance,ACH/USDT:USDT,,,,,0.022355,624299596.0,13605327.4516
1753506334657,05:05:34.657,binance,ACH/USDT:USDT,,,,,0.022354,624319249.0,13605766.774762
1753506337892,05:05:37.892,binance,ACH/USDT:USDT,,,,,0.022347,624364249.0,13606772.453588
1753506341629,05:05:41.629,binance,ACH/USDT:USDT,,,,,0.022351,624364662.0,13606781.684551
1753506343031,05:05:43.031,binance,ACH/USDT:USDT,,,,,0.022351,624375452.0,13607022.851841
1753506361582,05:06:01.582,binance,ACH/USDT:USDT,,,,,0.022351,623057597.0,13578698.858469
1753506362632,05:06:02.632,binance,ACH/USDT:USDT,,,,,0.022348,623072349.0,13579028.536165
1753506364796,05:06:04.796,binance,ACH/USDT:USDT,,,,,0.022345,623072642.0,13579035.08325
1753506369326,05:06:09.326,binance,ACH/USDT:USDT,,,,,0.022345,623076755.0,13579126.988235
1753506369329,05:06:09.329,binance,ACH/USDT:USDT,,,,,0.022344,623082391.0,13579252.924181
1753506376564,05:06:16.564,binance,ACH/USDT:USDT,,,,,0.022345,623086879.0,13579353.208541
1753506386580,05:06:26.580,binance,ACH/USDT:USDT,,,,,0.022345,623097593.0,13579592.612871
1753506386580,05:06:26.580,binance,ACH/USDT:USDT,,,,,0.022345,623099958.0,13579645.458796
1753506389815,05:06:29.815,binance,ACH/USDT:USDT,,,,,0.022345,623101323.0,13579675.959721
1753506398274,05:06:38.274,binance,ACH/USDT:USDT,,,,,0.022347,623105948.0,13579779.314596
1753506398275,05:06:38.275,binance,ACH/USDT:USDT,,,,,0.022347,623107044.0,13579803.806908
1753506402692,05:06:42.692,binance,ACH/USDT:USDT,,,,,0.022349,623107313.0,13579809.818789
1753506416594,05:06:56.594,binance,ACH/USDT:USDT,,,,,0.02235,623107604.0,13579816.322639
1753506419025,05:06:59.025,binance,ACH/USDT:USDT,,,,,0.022349,623107968.0,13579824.457675
1753506419025,05:06:59.025,binance,ACH/USDT:USDT,,,,,0.022349,623108379.0,13579833.643114
1753506421502,05:07:01.502,binance,ACH/USDT:USDT,,,,,0.022345,622146694.0,13559199.735425
1753506439846,05:07:19.846,binance,ACH/USDT:USDT,,,,,0.022341,622146941.0,13559205.253652
1753506439853,05:07:19.853,binance,ACH/USDT:USDT,,,,,0.022335,622156214.0,13559412.391763
1753506448039,05:07:28.039,binance,ACH/USDT:USDT,,,,,0.022333,622156685.0,13559422.910606
1753506448053,05:07:28.053,binance,ACH/USDT:USDT,,,,,0.022332,622156932.0,13559428.42661
1753506451656,05:07:31.656,binance,ACH/USDT:USDT,,,,,0.022331,622159036.0,13559475.411034
1753506466692,05:07:46.692,binance,ACH/USDT:USDT,,,,,0.022331,622159398.0,13559483.494856
1753506480424,05:08:00.424,binance,ACH/USDT:USDT,,,,,0.022331,621339949.0,13541915.629914
1753506480429,05:08:00.429,binance,ACH/USDT:USDT,,,,,0.022329,621343006.0,13541983.89311
1753506483299,05:08:03.299,binance,ACH/USDT:USDT,,,,,0.022323,621371393.0,13542617.653612
1753506485749,05:08:05.749,binance,ACH/USDT:USDT,,,,,0.022325,621430295.0,13543932.582068
1753506504028,05:08:24.028,binance,ACH/USDT:USDT,,,,,0.022324,621431031.0,13543949.012532
1753506509934,05:08:29.934,binance,ACH/USDT:USDT,,,,,0.022323,621433385.0,13544001.560874
1753506510560,05:08:30.560,binance,ACH/USDT:USDT,,,,,0.022317,621506245.0,13545627.800111
1753506546414,05:09:06.414,binance,ACH/USDT:USDT,,,,,0.022318,621197458.0,13539017.3913
1753506546414,05:09:06.414,binance,ACH/USDT:USDT,,,,,0.022315,621200779.0,13539091.500625
1753506558041,05:09:18.041,binance,ACH/USDT:USDT,,,,,0.022317,621202162.0,13539122.365036
1753506558055,05:09:18.055,binance,ACH/USDT:USDT,,,,,0.02232,621251431.0,13540221.906839
1753506562776,05:09:22.776,binance,ACH/USDT:USDT,,,,,0.022321,621276337.0,13540777.833665
1753506565871,05:09:25.871,binance,ACH/USDT:USDT,,,,,0.022323,621276584.0,13540783.347446
1753506565871,05:09:25.871,binance,ACH/USDT:USDT,,,,,0.022324,621277383.0,13540801.184322
1753506601847,05:10:01.847,binance,ACH/USDT:USDT,,,,,0.022324,620951171.0,13533833.450912
1753506601847,05:10:01.847,binance,ACH/USDT:USDT,,,,,0.022322,620955423.0,13533928.37106
1753506605296,05:10:05.296,binance,ACH/USDT:USDT,,,,,0.022321,620955737.0,13533935.379854
1753506613466,05:10:13.466,binance,ACH/USDT:USDT,,,,,0.022323,620955973.0,13533940.648082
1753506613466,05:10:13.466,binance,ACH/USDT:USDT,,,,,0.022324,620956853.0,13533960.293202
1753506620779,05:10:20.779,binance,ACH/USDT:USDT,,,,,0.022325,620963964.0,13534119.046277
1753506620779,05:10:20.779,binance,ACH/USDT:USDT,,,,,0.022327,620981853.0,13534518.443474
1753506630662,05:10:30.662,binance,ACH/USDT:USDT,,,,,0.022327,620985945.0,13534609.805558
1753506630672,05:10:30.672,binance,ACH/USDT:USDT,,,,,0.022327,620990104.0,13534702.663551
1753506636358,05:10:36.358,binance,ACH/USDT:USDT,,,,,0.022323,620990340.0,13534707.931779
1753506636358,05:10:36.358,binance,ACH/USDT:USDT,,,,,0.022323,620990576.0,13534713.200007
1753506642843,05:10:42.843,binance,ACH/USDT:USDT,,,,,0.02232,620992224.0,13534749.983367
1753506643711,05:10:43.711,binance,ACH/USDT:USDT,,,,,0.022319,620995199.0,13534816.384909
1753506650948,05:10:50.948,binance,ACH/USDT:USDT,,,,,0.02232,620995513.0,13534823.393389
1753506650948,05:10:50.948,binance,ACH/USDT:USDT,,,,,0.02232,620995827.0,13534830.401869
1753506658035,05:10:58.035,binance,ACH/USDT:USDT,,,,,0.022323,620996832.0,13534852.836484
1753506663666,05:11:03.666,binance,ACH/USDT:USDT,,,,,0.022321,620556128.0,13525439.901871
1753506663666,05:11:03.666,binance,ACH/USDT:USDT,,,,,0.022321,620556604.0,13525450.526667
1753506669990,05:11:09.990,binance,ACH/USDT:USDT,,,,,0.022321,620557510.0,13525470.749493
1753506671509,05:11:11.509,binance,ACH/USDT:USDT,,,,,0.02232,620583715.0,13526055.670311
1753506683365,05:11:23.365,binance,ACH/USDT:USDT,,,,,0.02232,620583922.0,13526060.290551
1753506683881,05:11:23.881,binance,ACH/USDT:USDT,,,,,0.022321,620589837.0,13526192.313589
1753506686345,05:11:26.345,binance,ACH/USDT:USDT,,,,,0.022323,620595376.0,13526315.955374
1753506692566,05:11:32.566,binance,ACH/USDT:USDT,,,,,0.022326,620595623.0,13526321.469896
1753506692566,05:11:32.566,binance,ACH/USDT:USDT,,,,,0.022326,620595859.0,13526326.738832
1753506697075,05:11:37.075,binance,ACH/USDT:USDT,,,,,0.022326,620596239.0,13526335.222712
1753506702182,05:11:42.182,binance,ACH/USDT:USDT,,,,,0.022326,620596582.0,13526342.88053
1753506714303,05:11:54.303,binance,ACH/USDT:USDT,,,,,0.022327,620598821.0,13526392.870683
1753506714303,05:11:54.303,binance,ACH/USDT:USDT,,,,,0.022327,620599040.0,13526397.760296
1753506716569,05:11:56.569,binance,ACH/USDT:USDT,,,,,0.022328,620601251.0,13526447.127275
1753506722754,05:12:02.754,binance,ACH/USDT:USDT,,,,,0.022329,620152039.0,13516849.285677
1753506722980,05:12:02.980,binance,ACH/USDT:USDT,,,,,0.022334,620296742.0,13520080.504746
1753506736288,05:12:16.288,binance,ACH/USDT:USDT,,,,,0.022334,620298532.0,13520120.482606
1753506737262,05:12:17.262,binance,ACH/USDT:USDT,,,,,0.022332,620332046.0,13520868.973056
1753506740479,05:12:20.479,binance,ACH/USDT:USDT,,,,,0.022328,620333120.0,13520892.953328
1753506740479,05:12:20.479,binance,ACH/USDT:USDT,,,,,0.022328,620335035.0,13520935.711448
1753506743653,05:12:23.653,binance,ACH/USDT:USDT,,,,,0.022328,620335426.0,13520944.441696
1753506748222,05:12:28.222,binance,ACH/USDT:USDT,,,,,0.022329,620336116.0,13520959.848706
1753506751279,05:12:31.279,binance,ACH/USDT:USDT,,,,,0.022328,620337032.0,13520980.301154
1753506751279,05:12:31.279,binance,ACH/USDT:USDT,,,,,0.022328,620337545.0,13520991.755418
1753506756311,05:12:36.311,binance,ACH/USDT:USDT,,,,,0.022328,620338134.0,13521004.90661
1753506759231,05:12:39.231,binance,ACH/USDT:USDT,,,,,0.022328,620338480.0,13521012.632098
1753506759231,05:12:39.231,binance,ACH/USDT:USDT,,,,,0.022328,620338680.0,13521017.097698
1753506761463,05:12:41.463,binance,ACH/USDT:USDT,,,,,0.022329,620348079.0,13521226.967969
1753506771897,05:12:51.897,binance,ACH/USDT:USDT,,,,,0.022328,620348406.0,13521234.269225
1753506773187,05:12:53.187,binance,ACH/USDT:USDT,,,,,0.02233,620348674.0,13521240.253665
1753506780416,05:13:00.416,binance,ACH/USDT:USDT,,,,,0.022328,619625342.0,13505780.178569
1753506780431,05:13:00.431,binance,ACH/USDT:USDT,,,,,0.022328,619678660.0,13506970.662873
1753506782856,05:13:02.856,binance,ACH/USDT:USDT,,,,,0.022325,619682734.0,13507061.614923
1753506784882,05:13:04.882,binance,ACH/USDT:USDT,,,,,0.022323,619683076.0,13507069.249389
1753506794793,05:13:14.793,binance,ACH/USDT:USDT,,,,,0.022325,619683099.0,13507069.762864
