timestamp,time,exchange,symbol,bid,bidVolume,ask,askVolume,lastPrice,baseVolume,quoteVolume
1753507239416,05:20:39.416,binance,ADA/USDT:USDT,,,,,0.8226,833981271.0,667588619.7047
1753507243407,05:20:43.407,binance,ADA/USDT:USDT,,,,,0.8225,833981539.0,667588840.1347
1753507246217,05:20:46.217,binance,ADA/USDT:USDT,,,,,0.8225,833981547.0,667588846.7147
1753507246776,05:20:46.776,binance,ADA/USDT:USDT,,,,,0.8226,833981548.0,667588847.5373
1753507249069,05:20:49.069,binance,ADA/USDT:USDT,,,,,0.8225,833984798.0,667591520.6623
1753507253079,05:20:53.079,binance,ADA/USDT:USDT,,,,,0.8225,833984805.0,667591526.4198
1753507253771,05:20:53.771,binance,ADA/USDT:USDT,,,,,0.8226,833986347.0,667592794.8629
1753507258963,05:20:58.963,binance,ADA/USDT:USDT,,,,,0.8226,833986654.0,667593047.4011
1753507260888,05:21:00.888,binance,ADA/USDT:USDT,,,,,0.8225,833247410.0,666995669.9139
1753507262586,05:21:02.586,binance,ADA/USDT:USDT,,,,,0.8226,833247520.0,666995760.3999
1753507264712,05:21:04.712,binance,ADA/USDT:USDT,,,,,0.8227,833263671.0,667009047.6612
1753507265413,05:21:05.413,binance,ADA/USDT:USDT,,,,,0.8227,833263883.0,667009222.0736
1753507268811,05:21:08.811,binance,ADA/USDT:USDT,,,,,0.8228,833310289.0,667047406.1683
1753507270981,05:21:10.981,binance,ADA/USDT:USDT,,,,,0.8229,833320941.0,667056171.6336
1753507273511,05:21:13.511,binance,ADA/USDT:USDT,,,,,0.823,833321490.0,667056623.4606
1753507274710,05:21:14.710,binance,ADA/USDT:USDT,,,,,0.8231,833326133.0,667060444.6541
1753507280707,05:21:20.707,binance,ADA/USDT:USDT,,,,,0.8231,833326140.0,667060450.4158
1753507282673,05:21:22.673,binance,ADA/USDT:USDT,,,,,0.8232,833336564.0,667069030.4841
1753507284106,05:21:24.106,binance,ADA/USDT:USDT,,,,,0.8232,833340257.0,667072070.5617
1753507288108,05:21:28.108,binance,ADA/USDT:USDT,,,,,0.8232,833340264.0,667072076.3241
1753507288590,05:21:28.590,binance,ADA/USDT:USDT,,,,,0.8232,833347164.0,667077756.4041
1753507291611,05:21:31.611,binance,ADA/USDT:USDT,,,,,0.823,833348234.0,667078637.1112
1753507292466,05:21:32.466,binance,ADA/USDT:USDT,,,,,0.8231,833348235.0,667078637.9343
1753507296111,05:21:36.111,binance,ADA/USDT:USDT,,,,,0.8228,833366919.0,667094014.7625
1753507297108,05:21:37.108,binance,ADA/USDT:USDT,,,,,0.8229,833370953.0,667097334.3411
1753507298478,05:21:38.478,binance,ADA/USDT:USDT,,,,,0.8228,833371646.0,667097904.5415
1753507303141,05:21:43.141,binance,ADA/USDT:USDT,,,,,0.8228,833371671.0,667097925.1115
1753507305036,05:21:45.036,binance,ADA/USDT:USDT,,,,,0.8227,833425897.0,667142539.415
1753507305702,05:21:45.702,binance,ADA/USDT:USDT,,,,,0.8227,833427198.0,667143609.6279
1753507311385,05:21:51.385,binance,ADA/USDT:USDT,,,,,0.8226,833427387.0,667143765.0993
1753507312132,05:21:52.132,binance,ADA/USDT:USDT,,,,,0.8226,833427431.0,667143801.2937
1753507317033,05:21:57.033,binance,ADA/USDT:USDT,,,,,0.8226,833427487.0,667143847.3593
1753507319552,05:21:59.552,binance,ADA/USDT:USDT,,,,,0.8227,833431281.0,667146968.6831
1753507321399,05:22:01.399,binance,ADA/USDT:USDT,,,,,0.8227,832807213.0,666644036.9272
1753507321922,05:22:01.922,binance,ADA/USDT:USDT,,,,,0.8228,832822972.0,666657003.4257
1753507325209,05:22:05.209,binance,ADA/USDT:USDT,,,,,0.8229,832823530.0,666657462.5767
1753507328211,05:22:08.211,binance,ADA/USDT:USDT,,,,,0.8229,832827801.0,666660977.1826
1753507330108,05:22:10.108,binance,ADA/USDT:USDT,,,,,0.8229,832849243.0,666678621.5863
1753507331818,05:22:11.818,binance,ADA/USDT:USDT,,,,,0.8228,832849254.0,666678630.6371
1753507334016,05:22:14.016,binance,ADA/USDT:USDT,,,,,0.8228,832852095.0,666680968.2119
1753507335538,05:22:15.538,binance,ADA/USDT:USDT,,,,,0.8229,832859664.0,666687196.7345
1753507336386,05:22:16.386,binance,ADA/USDT:USDT,,,,,0.8229,832859665.0,666687197.5574
1753507338427,05:22:18.427,binance,ADA/USDT:USDT,,,,,0.8229,832859769.0,666687283.139
1753507340489,05:22:20.489,binance,ADA/USDT:USDT,,,,,0.8229,832859796.0,666687305.3573
1753507343847,05:22:23.847,binance,ADA/USDT:USDT,,,,,0.8231,832906305.0,666725585.771
1753507346128,05:22:26.128,binance,ADA/USDT:USDT,,,,,0.8231,832906477.0,666725727.3442
1753507347858,05:22:27.858,binance,ADA/USDT:USDT,,,,,0.8231,832906603.0,666725831.0549
1753507351125,05:22:31.125,binance,ADA/USDT:USDT,,,,,0.8232,832906859.0,666726041.7941
1753507352340,05:22:32.340,binance,ADA/USDT:USDT,,,,,0.8232,832906969.0,666726132.3455
1753507353604,05:22:33.604,binance,ADA/USDT:USDT,,,,,0.8232,832907254.0,666726366.9575
1753507357981,05:22:37.981,binance,ADA/USDT:USDT,,,,,0.8231,832907261.0,666726372.7192
1753507358897,05:22:38.897,binance,ADA/USDT:USDT,,,,,0.8231,832907636.0,666726681.3817
1753507360582,05:22:40.582,binance,ADA/USDT:USDT,,,,,0.8232,832907856.0,666726862.4857
1753507362034,05:22:42.034,binance,ADA/USDT:USDT,,,,,0.8231,832910108.0,666728716.1069
1753507364265,05:22:44.265,binance,ADA/USDT:USDT,,,,,0.8232,832910109.0,666728716.9301
1753507367816,05:22:47.816,binance,ADA/USDT:USDT,,,,,0.8231,832912613.0,666730778.1091
1753507369516,05:22:49.516,binance,ADA/USDT:USDT,,,,,0.8232,832914551.0,666732373.2872
1753507371037,05:22:51.037,binance,ADA/USDT:USDT,,,,,0.8232,832941490.0,666754549.472
1753507373746,05:22:53.746,binance,ADA/USDT:USDT,,,,,0.8229,832996825.0,666800094.3379
1753507375083,05:22:55.083,binance,ADA/USDT:USDT,,,,,0.8229,832996826.0,666800095.1608
1753507377401,05:22:57.401,binance,ADA/USDT:USDT,,,,,0.823,833002330.0,666804624.8868
1753507380031,05:23:00.031,binance,ADA/USDT:USDT,,,,,0.823,832405659.0,666323815.7381
1753507381053,05:23:01.053,binance,ADA/USDT:USDT,,,,,0.8232,832416063.0,666332378.2676
1753507383922,05:23:03.922,binance,ADA/USDT:USDT,,,,,0.823,832418250.0,666334178.38
1753507385483,05:23:05.483,binance,ADA/USDT:USDT,,,,,0.823,832418869.0,666334687.817
1753507387413,05:23:07.413,binance,ADA/USDT:USDT,,,,,0.823,832418932.0,666334739.6715
1753507389718,05:23:09.718,binance,ADA/USDT:USDT,,,,,0.823,832424515.0,666339334.4805
1753507398464,05:23:18.464,binance,ADA/USDT:USDT,,,,,0.8231,832424522.0,666339340.2422
1753507398567,05:23:18.567,binance,ADA/USDT:USDT,,,,,0.8232,832430877.0,666344571.4492
1753507401236,05:23:21.236,binance,ADA/USDT:USDT,,,,,0.8232,832431024.0,666344692.4596
1753507403924,05:23:23.924,binance,ADA/USDT:USDT,,,,,0.8232,832433427.0,666346670.6095
1753507406085,05:23:26.085,binance,ADA/USDT:USDT,,,,,0.8231,832437982.0,666350420.0271
1753507412859,05:23:32.859,binance,ADA/USDT:USDT,,,,,0.823,832438001.0,666350435.6641
1753507413313,05:23:33.313,binance,ADA/USDT:USDT,,,,,0.8229,832451649.0,666361667.7274
1753507416707,05:23:36.707,binance,ADA/USDT:USDT,,,,,0.8229,832452459.0,666362334.2764
1753507420007,05:23:40.007,binance,ADA/USDT:USDT,,,,,0.823,832452460.0,666362335.0994
1753507421302,05:23:41.302,binance,ADA/USDT:USDT,,,,,0.823,832456716.0,666365837.7874
1753507423228,05:23:43.228,binance,ADA/USDT:USDT,,,,,0.8231,832456832.0,666365933.267
1753507425453,05:23:45.453,binance,ADA/USDT:USDT,,,,,0.823,832456953.0,666366032.85
1753507430583,05:23:50.583,binance,ADA/USDT:USDT,,,,,0.8231,832457057.0,666366118.4524
1753507430890,05:23:50.890,binance,ADA/USDT:USDT,,,,,0.8232,832459386.0,666368035.4524
1753507435822,05:23:55.822,binance,ADA/USDT:USDT,,,,,0.8232,832459387.0,666368036.2756
1753507437814,05:23:57.814,binance,ADA/USDT:USDT,,,,,0.8232,832464019.0,666371849.502
1753507439816,05:23:59.816,binance,ADA/USDT:USDT,,,,,0.8232,832464030.0,666371858.5572
1753507441014,05:24:01.014,binance,ADA/USDT:USDT,,,,,0.8232,831806241.0,665841595.1725
1753507443222,05:24:03.222,binance,ADA/USDT:USDT,,,,,0.8233,831807469.0,665842606.1849
1753507445732,05:24:05.732,binance,ADA/USDT:USDT,,,,,0.8232,831822044.0,665854605.5794
1753507446175,05:24:06.175,binance,ADA/USDT:USDT,,,,,0.8232,831822123.0,665854670.6122
1753507449799,05:24:09.799,binance,ADA/USDT:USDT,,,,,0.8233,831822156.0,665854697.7811
1753507450805,05:24:10.805,binance,ADA/USDT:USDT,,,,,0.8232,831823371.0,665855697.9691
1753507457712,05:24:17.712,binance,ADA/USDT:USDT,,,,,0.8233,831823475.0,665855783.5923
1753507458701,05:24:18.701,binance,ADA/USDT:USDT,,,,,0.8233,831823476.0,665855784.4156
1753507461027,05:24:21.027,binance,ADA/USDT:USDT,,,,,0.8233,831823642.0,665855921.0834
1753507465439,05:24:25.439,binance,ADA/USDT:USDT,,,,,0.8232,831823672.0,665855945.7794
1753507468191,05:24:28.191,binance,ADA/USDT:USDT,,,,,0.8233,831823679.0,665855951.5425
1753507469830,05:24:29.830,binance,ADA/USDT:USDT,,,,,0.8234,831864348.0,665889436.4134
1753507471400,05:24:31.400,binance,ADA/USDT:USDT,,,,,0.8233,831864992.0,665889966.6223
1753507476021,05:24:36.021,binance,ADA/USDT:USDT,,,,,0.8233,831865003.0,665889975.6786
1753507477976,05:24:37.976,binance,ADA/USDT:USDT,,,,,0.8234,831865063.0,665890025.0826
1753507479444,05:24:39.444,binance,ADA/USDT:USDT,,,,,0.8233,831933096.0,665946036.5858
1753507483680,05:24:43.680,binance,ADA/USDT:USDT,,,,,0.8232,831933689.0,665946524.7434
1753507484717,05:24:44.717,binance,ADA/USDT:USDT,,,,,0.8229,831965066.0,665972352.654
1753507486562,05:24:46.562,binance,ADA/USDT:USDT,,,,,0.823,831965067.0,665972353.477
1753507488542,05:24:48.542,binance,ADA/USDT:USDT,,,,,0.8229,831966316.0,665973381.2791
1753507491651,05:24:51.651,binance,ADA/USDT:USDT,,,,,0.823,831966366.0,665973422.4291
1753507491906,05:24:51.906,binance,ADA/USDT:USDT,,,,,0.823,831969452.0,665975962.2071
1753507495206,05:24:55.206,binance,ADA/USDT:USDT,,,,,0.823,832008493.0,666008092.9501
1753507496231,05:24:56.231,binance,ADA/USDT:USDT,,,,,0.8231,832008631.0,666008206.5379
1753507498277,05:24:58.277,binance,ADA/USDT:USDT,,,,,0.8231,832008769.0,666008320.1257
1753507500032,05:25:00.032,binance,ADA/USDT:USDT,,,,,0.8231,831357671.0,665483950.3235
1753507503709,05:25:03.709,binance,ADA/USDT:USDT,,,,,0.823,831358130.0,665484328.091
1753507505559,05:25:05.559,binance,ADA/USDT:USDT,,,,,0.8232,831379286.0,665501742.8765
1753507507322,05:25:07.322,binance,ADA/USDT:USDT,,,,,0.8232,831379460.0,665501886.1133
1753507509832,05:25:09.832,binance,ADA/USDT:USDT,,,,,0.8233,831379469.0,665501893.523
1753507510448,05:25:10.448,binance,ADA/USDT:USDT,,,,,0.8233,831386063.0,665507322.3632
1753507513555,05:25:13.555,binance,ADA/USDT:USDT,,,,,0.8234,831398683.0,665517712.5227
1753507514170,05:25:14.170,binance,ADA/USDT:USDT,,,,,0.8235,831398690.0,665517718.2872
1753507517315,05:25:17.315,binance,ADA/USDT:USDT,,,,,0.8234,831398740.0,665517759.4579
1753507519607,05:25:19.607,binance,ADA/USDT:USDT,,,,,0.8234,831401827.0,665520301.2937
1753507520345,05:25:20.345,binance,ADA/USDT:USDT,,,,,0.8234,831401938.0,665520392.6911
1753507522385,05:25:22.385,binance,ADA/USDT:USDT,,,,,0.8234,831403241.0,665521465.5813
1753507525365,05:25:25.365,binance,ADA/USDT:USDT,,,,,0.8235,831414730.0,665530926.6372
1753507527480,05:25:27.480,binance,ADA/USDT:USDT,,,,,0.8236,831414824.0,665531004.0556
1753507529381,05:25:29.381,binance,ADA/USDT:USDT,,,,,0.8236,831423677.0,665538295.3864
1753507531181,05:25:31.181,binance,ADA/USDT:USDT,,,,,0.8236,831423752.0,665538357.1564
1753507533658,05:25:33.658,binance,ADA/USDT:USDT,,,,,0.8235,831424371.0,665538866.9029
1753507536239,05:25:36.239,binance,ADA/USDT:USDT,,,,,0.8235,831424472.0,665538950.0764
1753507536324,05:25:36.324,binance,ADA/USDT:USDT,,,,,0.8236,831425572.0,665539855.9265
1753507540053,05:25:40.053,binance,ADA/USDT:USDT,,,,,0.8235,831426606.0,665540707.4255
1753507541269,05:25:41.269,binance,ADA/USDT:USDT,,,,,0.8236,831426607.0,665540708.2491
1753507545027,05:25:45.027,binance,ADA/USDT:USDT,,,,,0.8236,831426849.0,665540907.5603
1753507545029,05:25:45.029,binance,ADA/USDT:USDT,,,,,0.8236,831437895.0,665550005.0459
1753507548867,05:25:48.867,binance,ADA/USDT:USDT,,,,,0.8237,831438576.0,665550565.9539
