timestamp,time,exchange,symbol,bid,bidVolume,ask,askVolume,lastPrice,baseVolume,quoteVolume
1753507237031,05:20:37.031,binanceusdm,ADA/USDT:USDT,,,,,0.8225,833979863.0,667587461.5154
1753507239416,05:20:39.416,binanceusdm,ADA/USDT:USDT,,,,,0.8226,833981271.0,667588619.7047
1753507243407,05:20:43.407,binanceusdm,ADA/USDT:USDT,,,,,0.8225,833981539.0,667588840.1347
1753507246217,05:20:46.217,binanceusdm,ADA/USDT:USDT,,,,,0.8225,833981547.0,667588846.7147
1753507246776,05:20:46.776,binanceusdm,ADA/USDT:USDT,,,,,0.8226,833981548.0,667588847.5373
1753507249069,05:20:49.069,binanceusdm,ADA/USDT:USDT,,,,,0.8225,833984798.0,667591520.6623
1753507253079,05:20:53.079,binanceusdm,ADA/USDT:USDT,,,,,0.8225,833984805.0,667591526.4198
1753507253771,05:20:53.771,binanceusdm,ADA/USDT:USDT,,,,,0.8226,833986347.0,667592794.8629
1753507258963,05:20:58.963,binanceusdm,ADA/USDT:USDT,,,,,0.8226,833986654.0,667593047.4011
1753507260888,05:21:00.888,binanceusdm,ADA/USDT:USDT,,,,,0.8225,833247410.0,666995669.9139
1753507262586,05:21:02.586,binanceusdm,ADA/USDT:USDT,,,,,0.8226,833247520.0,666995760.3999
1753507264712,05:21:04.712,binanceusdm,ADA/USDT:USDT,,,,,0.8227,833263671.0,667009047.6612
1753507265413,05:21:05.413,binanceusdm,ADA/USDT:USDT,,,,,0.8227,833263883.0,667009222.0736
1753507268811,05:21:08.811,binanceusdm,ADA/USDT:USDT,,,,,0.8228,833310289.0,667047406.1683
1753507270981,05:21:10.981,binanceusdm,ADA/USDT:USDT,,,,,0.8229,833320941.0,667056171.6336
1753507273511,05:21:13.511,binanceusdm,ADA/USDT:USDT,,,,,0.823,833321490.0,667056623.4606
1753507274710,05:21:14.710,binanceusdm,ADA/USDT:USDT,,,,,0.8231,833326133.0,667060444.6541
1753507280707,05:21:20.707,binanceusdm,ADA/USDT:USDT,,,,,0.8231,833326140.0,667060450.4158
1753507282673,05:21:22.673,binanceusdm,ADA/USDT:USDT,,,,,0.8232,833336564.0,667069030.4841
1753507284106,05:21:24.106,binanceusdm,ADA/USDT:USDT,,,,,0.8232,833340257.0,667072070.5617
1753507288108,05:21:28.108,binanceusdm,ADA/USDT:USDT,,,,,0.8232,833340264.0,667072076.3241
1753507288590,05:21:28.590,binanceusdm,ADA/USDT:USDT,,,,,0.8232,833347164.0,667077756.4041
1753507291611,05:21:31.611,binanceusdm,ADA/USDT:USDT,,,,,0.823,833348234.0,667078637.1112
1753507292466,05:21:32.466,binanceusdm,ADA/USDT:USDT,,,,,0.8231,833348235.0,667078637.9343
1753507296111,05:21:36.111,binanceusdm,ADA/USDT:USDT,,,,,0.8228,833366919.0,667094014.7625
1753507297108,05:21:37.108,binanceusdm,ADA/USDT:USDT,,,,,0.8229,833370953.0,667097334.3411
1753507298478,05:21:38.478,binanceusdm,ADA/USDT:USDT,,,,,0.8228,833371646.0,667097904.5415
1753507303141,05:21:43.141,binanceusdm,ADA/USDT:USDT,,,,,0.8228,833371671.0,667097925.1115
1753507305036,05:21:45.036,binanceusdm,ADA/USDT:USDT,,,,,0.8227,833425897.0,667142539.415
1753507305702,05:21:45.702,binanceusdm,ADA/USDT:USDT,,,,,0.8227,833427198.0,667143609.6279
1753507311385,05:21:51.385,binanceusdm,ADA/USDT:USDT,,,,,0.8226,833427387.0,667143765.0993
1753507312132,05:21:52.132,binanceusdm,ADA/USDT:USDT,,,,,0.8226,833427431.0,667143801.2937
1753507317033,05:21:57.033,binanceusdm,ADA/USDT:USDT,,,,,0.8226,833427487.0,667143847.3593
1753507319552,05:21:59.552,binanceusdm,ADA/USDT:USDT,,,,,0.8227,833431281.0,667146968.6831
1753507321399,05:22:01.399,binanceusdm,ADA/USDT:USDT,,,,,0.8227,832807213.0,666644036.9272
1753507321922,05:22:01.922,binanceusdm,ADA/USDT:USDT,,,,,0.8228,832822972.0,666657003.4257
1753507325209,05:22:05.209,binanceusdm,ADA/USDT:USDT,,,,,0.8229,832823530.0,666657462.5767
1753507328211,05:22:08.211,binanceusdm,ADA/USDT:USDT,,,,,0.8229,832827801.0,666660977.1826
1753507330108,05:22:10.108,binanceusdm,ADA/USDT:USDT,,,,,0.8229,832849243.0,666678621.5863
1753507331818,05:22:11.818,binanceusdm,ADA/USDT:USDT,,,,,0.8228,832849254.0,666678630.6371
1753507334016,05:22:14.016,binanceusdm,ADA/USDT:USDT,,,,,0.8228,832852095.0,666680968.2119
1753507335538,05:22:15.538,binanceusdm,ADA/USDT:USDT,,,,,0.8229,832859664.0,666687196.7345
1753507336386,05:22:16.386,binanceusdm,ADA/USDT:USDT,,,,,0.8229,832859665.0,666687197.5574
1753507338427,05:22:18.427,binanceusdm,ADA/USDT:USDT,,,,,0.8229,832859769.0,666687283.139
1753507340489,05:22:20.489,binanceusdm,ADA/USDT:USDT,,,,,0.8229,832859796.0,666687305.3573
1753507343847,05:22:23.847,binanceusdm,ADA/USDT:USDT,,,,,0.8231,832906305.0,666725585.771
1753507346128,05:22:26.128,binanceusdm,ADA/USDT:USDT,,,,,0.8231,832906477.0,666725727.3442
1753507347858,05:22:27.858,binanceusdm,ADA/USDT:USDT,,,,,0.8231,832906603.0,666725831.0549
1753507351125,05:22:31.125,binanceusdm,ADA/USDT:USDT,,,,,0.8232,832906859.0,666726041.7941
1753507352340,05:22:32.340,binanceusdm,ADA/USDT:USDT,,,,,0.8232,832906969.0,666726132.3455
1753507353604,05:22:33.604,binanceusdm,ADA/USDT:USDT,,,,,0.8232,832907254.0,666726366.9575
1753507357981,05:22:37.981,binanceusdm,ADA/USDT:USDT,,,,,0.8231,832907261.0,666726372.7192
1753507358897,05:22:38.897,binanceusdm,ADA/USDT:USDT,,,,,0.8231,832907636.0,666726681.3817
1753507360582,05:22:40.582,binanceusdm,ADA/USDT:USDT,,,,,0.8232,832907856.0,666726862.4857
1753507362034,05:22:42.034,binanceusdm,ADA/USDT:USDT,,,,,0.8231,832910108.0,666728716.1069
1753507364265,05:22:44.265,binanceusdm,ADA/USDT:USDT,,,,,0.8232,832910109.0,666728716.9301
1753507367816,05:22:47.816,binanceusdm,ADA/USDT:USDT,,,,,0.8231,832912613.0,666730778.1091
1753507369516,05:22:49.516,binanceusdm,ADA/USDT:USDT,,,,,0.8232,832914551.0,666732373.2872
1753507371037,05:22:51.037,binanceusdm,ADA/USDT:USDT,,,,,0.8232,832941490.0,666754549.472
1753507373746,05:22:53.746,binanceusdm,ADA/USDT:USDT,,,,,0.8229,832996825.0,666800094.3379
1753507375083,05:22:55.083,binanceusdm,ADA/USDT:USDT,,,,,0.8229,832996826.0,666800095.1608
1753507377401,05:22:57.401,binanceusdm,ADA/USDT:USDT,,,,,0.823,833002330.0,666804624.8868
1753507380031,05:23:00.031,binanceusdm,ADA/USDT:USDT,,,,,0.823,832405659.0,666323815.7381
1753507381053,05:23:01.053,binanceusdm,ADA/USDT:USDT,,,,,0.8232,832416063.0,666332378.2676
1753507383922,05:23:03.922,binanceusdm,ADA/USDT:USDT,,,,,0.823,832418250.0,666334178.38
1753507385483,05:23:05.483,binanceusdm,ADA/USDT:USDT,,,,,0.823,832418869.0,666334687.817
1753507387413,05:23:07.413,binanceusdm,ADA/USDT:USDT,,,,,0.823,832418932.0,666334739.6715
1753507389718,05:23:09.718,binanceusdm,ADA/USDT:USDT,,,,,0.823,832424515.0,666339334.4805
1753507398464,05:23:18.464,binanceusdm,ADA/USDT:USDT,,,,,0.8231,832424522.0,666339340.2422
1753507398567,05:23:18.567,binanceusdm,ADA/USDT:USDT,,,,,0.8232,832430877.0,666344571.4492
1753507401236,05:23:21.236,binanceusdm,ADA/USDT:USDT,,,,,0.8232,832431024.0,666344692.4596
1753507403924,05:23:23.924,binanceusdm,ADA/USDT:USDT,,,,,0.8232,832433427.0,666346670.6095
1753507406085,05:23:26.085,binanceusdm,ADA/USDT:USDT,,,,,0.8231,832437982.0,666350420.0271
1753507412859,05:23:32.859,binanceusdm,ADA/USDT:USDT,,,,,0.823,832438001.0,666350435.6641
1753507413313,05:23:33.313,binanceusdm,ADA/USDT:USDT,,,,,0.8229,832451649.0,666361667.7274
1753507416707,05:23:36.707,binanceusdm,ADA/USDT:USDT,,,,,0.8229,832452459.0,666362334.2764
1753507420007,05:23:40.007,binanceusdm,ADA/USDT:USDT,,,,,0.823,832452460.0,666362335.0994
1753507421302,05:23:41.302,binanceusdm,ADA/USDT:USDT,,,,,0.823,832456716.0,666365837.7874
1753507423228,05:23:43.228,binanceusdm,ADA/USDT:USDT,,,,,0.8231,832456832.0,666365933.267
1753507425453,05:23:45.453,binanceusdm,ADA/USDT:USDT,,,,,0.823,832456953.0,666366032.85
1753507430583,05:23:50.583,binanceusdm,ADA/USDT:USDT,,,,,0.8231,832457057.0,666366118.4524
1753507430890,05:23:50.890,binanceusdm,ADA/USDT:USDT,,,,,0.8232,832459386.0,666368035.4524
1753507435822,05:23:55.822,binanceusdm,ADA/USDT:USDT,,,,,0.8232,832459387.0,666368036.2756
1753507437814,05:23:57.814,binanceusdm,ADA/USDT:USDT,,,,,0.8232,832464019.0,666371849.502
1753507439816,05:23:59.816,binanceusdm,ADA/USDT:USDT,,,,,0.8232,832464030.0,666371858.5572
1753507441014,05:24:01.014,binanceusdm,ADA/USDT:USDT,,,,,0.8232,831806241.0,665841595.1725
1753507443222,05:24:03.222,binanceusdm,ADA/USDT:USDT,,,,,0.8233,831807469.0,665842606.1849
1753507445732,05:24:05.732,binanceusdm,ADA/USDT:USDT,,,,,0.8232,831822044.0,665854605.5794
1753507446175,05:24:06.175,binanceusdm,ADA/USDT:USDT,,,,,0.8232,831822123.0,665854670.6122
1753507449799,05:24:09.799,binanceusdm,ADA/USDT:USDT,,,,,0.8233,831822156.0,665854697.7811
1753507450805,05:24:10.805,binanceusdm,ADA/USDT:USDT,,,,,0.8232,831823371.0,665855697.9691
1753507457712,05:24:17.712,binanceusdm,ADA/USDT:USDT,,,,,0.8233,831823475.0,665855783.5923
1753507458701,05:24:18.701,binanceusdm,ADA/USDT:USDT,,,,,0.8233,831823476.0,665855784.4156
1753507461027,05:24:21.027,binanceusdm,ADA/USDT:USDT,,,,,0.8233,831823642.0,665855921.0834
1753507465439,05:24:25.439,binanceusdm,ADA/USDT:USDT,,,,,0.8232,831823672.0,665855945.7794
1753507468191,05:24:28.191,binanceusdm,ADA/USDT:USDT,,,,,0.8233,831823679.0,665855951.5425
1753507469830,05:24:29.830,binanceusdm,ADA/USDT:USDT,,,,,0.8234,831864348.0,665889436.4134
1753507471400,05:24:31.400,binanceusdm,ADA/USDT:USDT,,,,,0.8233,831864992.0,665889966.6223
1753507476021,05:24:36.021,binanceusdm,ADA/USDT:USDT,,,,,0.8233,831865003.0,665889975.6786
1753507477976,05:24:37.976,binanceusdm,ADA/USDT:USDT,,,,,0.8234,831865063.0,665890025.0826
1753507479444,05:24:39.444,binanceusdm,ADA/USDT:USDT,,,,,0.8233,831933096.0,665946036.5858
1753507483680,05:24:43.680,binanceusdm,ADA/USDT:USDT,,,,,0.8232,831933689.0,665946524.7434
1753507484717,05:24:44.717,binanceusdm,ADA/USDT:USDT,,,,,0.8229,831965066.0,665972352.654
1753507486562,05:24:46.562,binanceusdm,ADA/USDT:USDT,,,,,0.823,831965067.0,665972353.477
1753507488542,05:24:48.542,binanceusdm,ADA/USDT:USDT,,,,,0.8229,831966316.0,665973381.2791
1753507491651,05:24:51.651,binanceusdm,ADA/USDT:USDT,,,,,0.823,831966366.0,665973422.4291
1753507491906,05:24:51.906,binanceusdm,ADA/USDT:USDT,,,,,0.823,831969452.0,665975962.2071
1753507495206,05:24:55.206,binanceusdm,ADA/USDT:USDT,,,,,0.823,832008493.0,666008092.9501
1753507496231,05:24:56.231,binanceusdm,ADA/USDT:USDT,,,,,0.8231,832008631.0,666008206.5379
1753507498277,05:24:58.277,binanceusdm,ADA/USDT:USDT,,,,,0.8231,832008769.0,666008320.1257
1753507500032,05:25:00.032,binanceusdm,ADA/USDT:USDT,,,,,0.8231,831357671.0,665483950.3235
1753507503709,05:25:03.709,binanceusdm,ADA/USDT:USDT,,,,,0.823,831358130.0,665484328.091
1753507505559,05:25:05.559,binanceusdm,ADA/USDT:USDT,,,,,0.8232,831379286.0,665501742.8765
1753507507322,05:25:07.322,binanceusdm,ADA/USDT:USDT,,,,,0.8232,831379460.0,665501886.1133
1753507509832,05:25:09.832,binanceusdm,ADA/USDT:USDT,,,,,0.8233,831379469.0,665501893.523
1753507510448,05:25:10.448,binanceusdm,ADA/USDT:USDT,,,,,0.8233,831386063.0,665507322.3632
1753507513555,05:25:13.555,binanceusdm,ADA/USDT:USDT,,,,,0.8234,831398683.0,665517712.5227
1753507514170,05:25:14.170,binanceusdm,ADA/USDT:USDT,,,,,0.8235,831398690.0,665517718.2872
1753507517315,05:25:17.315,binanceusdm,ADA/USDT:USDT,,,,,0.8234,831398740.0,665517759.4579
1753507519607,05:25:19.607,binanceusdm,ADA/USDT:USDT,,,,,0.8234,831401827.0,665520301.2937
1753507520345,05:25:20.345,binanceusdm,ADA/USDT:USDT,,,,,0.8234,831401938.0,665520392.6911
1753507522385,05:25:22.385,binanceusdm,ADA/USDT:USDT,,,,,0.8234,831403241.0,665521465.5813
1753507525365,05:25:25.365,binanceusdm,ADA/USDT:USDT,,,,,0.8235,831414730.0,665530926.6372
1753507527480,05:25:27.480,binanceusdm,ADA/USDT:USDT,,,,,0.8236,831414824.0,665531004.0556
1753507529381,05:25:29.381,binanceusdm,ADA/USDT:USDT,,,,,0.8236,831423677.0,665538295.3864
1753507531181,05:25:31.181,binanceusdm,ADA/USDT:USDT,,,,,0.8236,831423752.0,665538357.1564
1753507533658,05:25:33.658,binanceusdm,ADA/USDT:USDT,,,,,0.8235,831424371.0,665538866.9029
1753507536239,05:25:36.239,binanceusdm,ADA/USDT:USDT,,,,,0.8235,831424472.0,665538950.0764
1753507536324,05:25:36.324,binanceusdm,ADA/USDT:USDT,,,,,0.8236,831425572.0,665539855.9265
1753507540053,05:25:40.053,binanceusdm,ADA/USDT:USDT,,,,,0.8235,831426606.0,665540707.4255
1753507541269,05:25:41.269,binanceusdm,ADA/USDT:USDT,,,,,0.8236,831426607.0,665540708.2491
1753507545027,05:25:45.027,binanceusdm,ADA/USDT:USDT,,,,,0.8236,831426849.0,665540907.5603
1753507545029,05:25:45.029,binanceusdm,ADA/USDT:USDT,,,,,0.8236,831437895.0,665550005.0459
1753507548867,05:25:48.867,binanceusdm,ADA/USDT:USDT,,,,,0.8237,831438576.0,665550565.9539
1753507550693,05:25:50.693,binanceusdm,ADA/USDT:USDT,,,,,0.8237,831439856.0,665551620.1655
1753507552833,05:25:52.833,binanceusdm,ADA/USDT:USDT,,,,,0.8237,831440234.0,665551931.4877
1753507556419,05:25:56.419,binanceusdm,ADA/USDT:USDT,,,,,0.8236,831441086.0,665552633.1949
1753507558374,05:25:58.374,binanceusdm,ADA/USDT:USDT,,,,,0.8237,831443312.0,665554466.5612
1753507560051,05:26:00.051,binanceusdm,ADA/USDT:USDT,,,,,0.8237,831033292.0,665225767.9713
1753507562383,05:26:02.383,binanceusdm,ADA/USDT:USDT,,,,,0.8233,831056669.0,665245019.5818
1753507563311,05:26:03.311,binanceusdm,ADA/USDT:USDT,,,,,0.8234,831059903.0,665247682.3653
1753507565218,05:26:05.218,binanceusdm,ADA/USDT:USDT,,,,,0.8233,831059910.0,665247688.1284
1753507566951,05:26:06.951,binanceusdm,ADA/USDT:USDT,,,,,0.8233,831060132.0,665247870.901
1753507569297,05:26:09.297,binanceusdm,ADA/USDT:USDT,,,,,0.8233,831060158.0,665247892.3073
1753507572267,05:26:12.267,binanceusdm,ADA/USDT:USDT,,,,,0.8234,831063004.0,665250235.7037
1753507573009,05:26:13.009,binanceusdm,ADA/USDT:USDT,,,,,0.8234,831063110.0,665250322.9841
1753507577422,05:26:17.422,binanceusdm,ADA/USDT:USDT,,,,,0.8235,831063294.0,665250474.5081
1753507577912,05:26:17.912,binanceusdm,ADA/USDT:USDT,,,,,0.8235,831075075.0,665260176.1616
1753507580188,05:26:20.188,binanceusdm,ADA/USDT:USDT,,,,,0.8235,831075078.0,665260178.6321
1753507582907,05:26:22.907,binanceusdm,ADA/USDT:USDT,,,,,0.8236,831075178.0,665260260.9921
1753507584144,05:26:24.144,binanceusdm,ADA/USDT:USDT,,,,,0.8236,831076586.0,665261420.621
1753507585712,05:26:25.712,binanceusdm,ADA/USDT:USDT,,,,,0.8237,831076625.0,665261452.7453
1753507590934,05:26:30.934,binanceusdm,ADA/USDT:USDT,,,,,0.8237,831079122.0,665263509.5242
1753507592860,05:26:32.860,binanceusdm,ADA/USDT:USDT,,,,,0.8237,831086165.0,665269310.778
1753507593727,05:26:33.727,binanceusdm,ADA/USDT:USDT,,,,,0.8236,831086233.0,665269366.7828
1753507596508,05:26:36.508,binanceusdm,ADA/USDT:USDT,,,,,0.8237,831087646.0,665270530.67
1753507598498,05:26:38.498,binanceusdm,ADA/USDT:USDT,,,,,0.8236,831093283.0,665275173.3049
1753507600588,05:26:40.588,binanceusdm,ADA/USDT:USDT,,,,,0.8235,831097487.0,665278635.481
1753507602067,05:26:42.067,binanceusdm,ADA/USDT:USDT,,,,,0.8236,831097495.0,665278642.0698
1753507607470,05:26:47.470,binanceusdm,ADA/USDT:USDT,,,,,0.8236,831097534.0,665278674.1902
1753507607505,05:26:47.505,binanceusdm,ADA/USDT:USDT,,,,,0.8236,831100879.0,665281429.1322
1753507610952,05:26:50.952,binanceusdm,ADA/USDT:USDT,,,,,0.8236,831129464.0,665304974.5956
1753507612730,05:26:52.730,binanceusdm,ADA/USDT:USDT,,,,,0.8236,831131361.0,665306536.9687
1753507615459,05:26:55.459,binanceusdm,ADA/USDT:USDT,,,,,0.8236,831131432.0,665306595.4443
1753507617023,05:26:57.023,binanceusdm,ADA/USDT:USDT,,,,,0.8236,831134942.0,665309486.2803
1753507618919,05:26:58.919,binanceusdm,ADA/USDT:USDT,,,,,0.8236,831134943.0,665309487.1039
1753507620080,05:27:00.080,binanceusdm,ADA/USDT:USDT,,,,,0.8236,830796901.0,665037648.5325
1753507623498,05:27:03.498,binanceusdm,ADA/USDT:USDT,,,,,0.8235,830797455.0,665038104.7515
1753507625295,05:27:05.295,binanceusdm,ADA/USDT:USDT,,,,,0.8236,830800370.0,665040505.5465
1753507625950,05:27:05.950,binanceusdm,ADA/USDT:USDT,,,,,0.8237,830805370.0,665044624.0465
1753507628794,05:27:08.794,binanceusdm,ADA/USDT:USDT,,,,,0.8237,830805558.0,665044778.9014
1753507630042,05:27:10.042,binanceusdm,ADA/USDT:USDT,,,,,0.8237,830805612.0,665044823.3812
1753507632391,05:27:12.391,binanceusdm,ADA/USDT:USDT,,,,,0.8237,830807819.0,665046641.2871
1753507634872,05:27:14.872,binanceusdm,ADA/USDT:USDT,,,,,0.8237,830819959.0,665056641.0051
1753507635845,05:27:15.845,binanceusdm,ADA/USDT:USDT,,,,,0.8237,830819960.0,665056641.8288
1753507639422,05:27:19.422,binanceusdm,ADA/USDT:USDT,,,,,0.8238,830846677.0,665078649.2264
1753507641778,05:27:21.778,binanceusdm,ADA/USDT:USDT,,,,,0.8237,830848521.0,665080168.1292
1753507643583,05:27:23.583,binanceusdm,ADA/USDT:USDT,,,,,0.8237,830850740.0,665081995.9195
1753507643869,05:27:23.869,binanceusdm,ADA/USDT:USDT,,,,,0.8237,830851211.0,665082383.8822
1753507647606,05:27:27.606,binanceusdm,ADA/USDT:USDT,,,,,0.8236,830851611.0,665082713.3222
1753507649996,05:27:29.996,binanceusdm,ADA/USDT:USDT,,,,,0.8237,830851618.0,665082719.0881
1753507649996,05:27:29.996,binanceusdm,ADA/USDT:USDT,,,,,0.8237,830851623.0,665082723.2066
1753507653124,05:27:33.124,binanceusdm,ADA/USDT:USDT,,,,,0.8237,830853848.0,665084555.9383
1753507655822,05:27:35.822,binanceusdm,ADA/USDT:USDT,,,,,0.8237,830853859.0,665084564.999
1753507657596,05:27:37.596,binanceusdm,ADA/USDT:USDT,,,,,0.8237,830860111.0,665089714.7814
1753507659845,05:27:39.845,binanceusdm,ADA/USDT:USDT,,,,,0.8238,830865583.0,665094222.7822
1753507662019,05:27:42.019,binanceusdm,ADA/USDT:USDT,,,,,0.824,830869785.0,665097685.0065
1753507663861,05:27:43.861,binanceusdm,ADA/USDT:USDT,,,,,0.824,830872796.0,665100166.0705
1753507665402,05:27:45.402,binanceusdm,ADA/USDT:USDT,,,,,0.824,830872850.0,665100210.5665
1753507668722,05:27:48.722,binanceusdm,ADA/USDT:USDT,,,,,0.8241,830872851.0,665100211.3906
1753507670418,05:27:50.418,binanceusdm,ADA/USDT:USDT,,,,,0.8241,830873333.0,665100608.6068
1753507671993,05:27:51.993,binanceusdm,ADA/USDT:USDT,,,,,0.8242,830895209.0,665118636.62
1753507674019,05:27:54.019,binanceusdm,ADA/USDT:USDT,,,,,0.8242,830898994.0,665121756.2162
1753507676247,05:27:56.247,binanceusdm,ADA/USDT:USDT,,,,,0.8242,830969583.0,665179940.4349
1753507676815,05:27:56.815,binanceusdm,ADA/USDT:USDT,,,,,0.8242,830969983.0,665180270.1149
1753507680383,05:28:00.383,binanceusdm,ADA/USDT:USDT,,,,,0.8243,830622719.0,664900999.3548
1753507682220,05:28:02.220,binanceusdm,ADA/USDT:USDT,,,,,0.824,830642951.0,664917674.1125
1753507684224,05:28:04.224,binanceusdm,ADA/USDT:USDT,,,,,0.8239,830653669.0,664926505.5146
1753507685548,05:28:05.548,binanceusdm,ADA/USDT:USDT,,,,,0.8239,830654746.0,664927392.8549
1753507688639,05:28:08.639,binanceusdm,ADA/USDT:USDT,,,,,0.8239,830661687.0,664933112.2217
1753507689510,05:28:09.510,binanceusdm,ADA/USDT:USDT,,,,,0.8239,830661882.0,664933272.8822
1753507691816,05:28:11.816,binanceusdm,ADA/USDT:USDT,,,,,0.8239,830661893.0,664933281.9451
1753507693571,05:28:13.571,binanceusdm,ADA/USDT:USDT,,,,,0.824,830661930.0,664933312.4295
1753507695879,05:28:15.879,binanceusdm,ADA/USDT:USDT,,,,,0.824,830661991.0,664933362.6935
1753507698602,05:28:18.602,binanceusdm,ADA/USDT:USDT,,,,,0.824,830663351.0,664934483.3335
1753507699979,05:28:19.979,binanceusdm,ADA/USDT:USDT,,,,,0.8237,830759560.0,665013741.9935
1753507702548,05:28:22.548,binanceusdm,ADA/USDT:USDT,,,,,0.8237,830763904.0,665017320.1562
1753507704687,05:28:24.687,binanceusdm,ADA/USDT:USDT,,,,,0.8236,830764045.0,665017436.2838
1753507707624,05:28:27.624,binanceusdm,ADA/USDT:USDT,,,,,0.8236,830768414.0,665021035.0008
1753507712568,05:28:32.568,binanceusdm,ADA/USDT:USDT,,,,,0.8237,830768535.0,665021134.6685
1753507715573,05:28:35.573,binanceusdm,ADA/USDT:USDT,,,,,0.8236,830773149.0,665024934.7589
1753507716062,05:28:36.062,binanceusdm,ADA/USDT:USDT,,,,,0.8236,830823157.0,665066121.3493
1753507718999,05:28:38.999,binanceusdm,ADA/USDT:USDT,,,,,0.8238,830832740.0,665074015.1945
1753507721119,05:28:41.119,binanceusdm,ADA/USDT:USDT,,,,,0.8238,830925060.0,665150075.8233
1753507723079,05:28:43.079,binanceusdm,ADA/USDT:USDT,,,,,0.8238,830925364.0,665150326.2585
1753507723860,05:28:43.860,binanceusdm,ADA/USDT:USDT,,,,,0.8238,830925373.0,665150333.6727
1753507727815,05:28:47.815,binanceusdm,ADA/USDT:USDT,,,,,0.8238,830925380.0,665150339.4393
1753507727815,05:28:47.815,binanceusdm,ADA/USDT:USDT,,,,,0.8238,830925384.0,665150342.7345
1753507731372,05:28:51.372,binanceusdm,ADA/USDT:USDT,,,,,0.8237,830937181.0,665160060.9549
1753507733819,05:28:53.819,binanceusdm,ADA/USDT:USDT,,,,,0.8238,830938454.0,665161109.6249
1753507735329,05:28:55.329,binanceusdm,ADA/USDT:USDT,,,,,0.8237,830941015.0,665163219.1206
1753507739097,05:28:59.097,binanceusdm,ADA/USDT:USDT,,,,,0.8236,830941022.0,665163224.8858
