timestamp,time,exchange,symbol,bid,bidVolume,ask,askVolume,lastPrice,baseVolume,quoteVolume
1753504792455,04:39:52.455,binanceusdm,AAVE/USDT:USDT,,,,,297.43,1029707.5,299552564.938
1753504792873,04:39:52.873,binanceusdm,AAVE/USDT:USDT,,,,,297.41,1029708.2,299552773.125
1753504795529,04:39:55.529,binanceusdm,AAVE/USDT:USDT,,,,,297.41,1029709.1,299553040.794
1753504797711,04:39:57.711,binanceusdm,AAVE/USDT:USDT,,,,,297.44,1029713.7,299554408.932
1753504801665,04:40:01.665,binanceusdm,AAVE/USDT:USDT,,,,,297.45,1027998.9,299063493.397
1753504803398,04:40:03.398,binanceusdm,AAVE/USDT:USDT,,,,,297.45,1028000.1,299063850.337
1753504806840,04:40:06.840,binanceusdm,AAVE/USDT:USDT,,,,,297.44,1028000.2,299063880.081
1753504808840,04:40:08.840,binanceusdm,AAVE/USDT:USDT,,,,,297.44,1028001.1,299064147.779
1753504815129,04:40:15.129,binanceusdm,AAVE/USDT:USDT,,,,,297.45,1028001.2,299064177.524
1753504815732,04:40:15.732,binanceusdm,AAVE/USDT:USDT,,,,,297.53,1028078.0,299087025.769
1753504820154,04:40:20.154,binanceusdm,AAVE/USDT:USDT,,,,,297.54,1028078.4,299087144.785
1753504820154,04:40:20.154,binanceusdm,AAVE/USDT:USDT,,,,,297.57,1028091.4,299091013.031
1753504823774,04:40:23.774,binanceusdm,AAVE/USDT:USDT,,,,,297.53,1028097.2,299092738.803
1753504824228,04:40:24.228,binanceusdm,AAVE/USDT:USDT,,,,,297.54,1028107.2,299095714.203
1753504827397,04:40:27.397,binanceusdm,AAVE/USDT:USDT,,,,,297.51,1028124.3,299100801.826
1753504831199,04:40:31.199,binanceusdm,AAVE/USDT:USDT,,,,,297.51,1028125.5,299101158.838
1753504832759,04:40:32.759,binanceusdm,AAVE/USDT:USDT,,,,,297.51,1028149.8,299108388.091
1753504834705,04:40:34.705,binanceusdm,AAVE/USDT:USDT,,,,,297.51,1028154.0,299109637.633
1753504837136,04:40:37.136,binanceusdm,AAVE/USDT:USDT,,,,,297.53,1028154.1,299109667.386
1753504838773,04:40:38.773,binanceusdm,AAVE/USDT:USDT,,,,,297.45,1028165.4,299113028.926
1753504839389,04:40:39.389,binanceusdm,AAVE/USDT:USDT,,,,,297.36,1028196.1,299122158.932
1753504842738,04:40:42.738,binanceusdm,AAVE/USDT:USDT,,,,,297.41,1028203.8,299124448.853
1753504843986,04:40:43.986,binanceusdm,AAVE/USDT:USDT,,,,,297.42,1028208.9,299125965.693
1753504845315,04:40:45.315,binanceusdm,AAVE/USDT:USDT,,,,,297.44,1028209.8,299126233.383
1753504848743,04:40:48.743,binanceusdm,AAVE/USDT:USDT,,,,,297.49,1028248.1,299137626.837
1753504852882,04:40:52.882,binanceusdm,AAVE/USDT:USDT,,,,,297.5,1028248.2,299137656.587
1753504854287,04:40:54.287,binanceusdm,AAVE/USDT:USDT,,,,,297.54,1028253.0,299139084.751
1753504859254,04:40:59.254,binanceusdm,AAVE/USDT:USDT,,,,,297.55,1028253.1,299139114.506
1753504861052,04:41:01.052,binanceusdm,AAVE/USDT:USDT,,,,,297.55,1026946.3,298764411.469
1753504863901,04:41:03.901,binanceusdm,AAVE/USDT:USDT,,,,,297.55,1026946.6,298764500.734
1753504865409,04:41:05.409,binanceusdm,AAVE/USDT:USDT,,,,,297.63,1026968.2,298770928.605
1753504867758,04:41:07.758,binanceusdm,AAVE/USDT:USDT,,,,,297.65,1026971.9,298772029.847
1753504871347,04:41:11.347,binanceusdm,AAVE/USDT:USDT,,,,,297.65,1026972.3,298772148.907
1753504871347,04:41:11.347,binanceusdm,AAVE/USDT:USDT,,,,,297.65,1026972.9,298772327.497
1753504874907,04:41:14.907,binanceusdm,AAVE/USDT:USDT,,,,,297.65,1026973.7,298772565.617
1753504877232,04:41:17.232,binanceusdm,AAVE/USDT:USDT,,,,,297.65,1026975.1,298772982.331
1753504882223,04:41:22.223,binanceusdm,AAVE/USDT:USDT,,,,,297.65,1026975.4,298773071.626
1753504884445,04:41:24.445,binanceusdm,AAVE/USDT:USDT,,,,,297.66,1026975.7,298773160.924
1753504886019,04:41:26.019,binanceusdm,AAVE/USDT:USDT,,,,,297.68,1026983.5,298775482.804
1753504887596,04:41:27.596,binanceusdm,AAVE/USDT:USDT,,,,,297.68,1027478.0,298922723.833
1753504889913,04:41:29.913,binanceusdm,AAVE/USDT:USDT,,,,,297.67,1027478.1,298922753.6
1753504890766,04:41:30.766,binanceusdm,AAVE/USDT:USDT,,,,,297.68,1027478.9,298922991.744
1753504893700,04:41:33.700,binanceusdm,AAVE/USDT:USDT,,,,,297.76,1027492.1,298926922.014
1753504898481,04:41:38.481,binanceusdm,AAVE/USDT:USDT,,,,,297.76,1027494.9,298927755.742
1753504899539,04:41:39.539,binanceusdm,AAVE/USDT:USDT,,,,,297.78,1027496.2,298928142.832
1753504900684,04:41:40.684,binanceusdm,AAVE/USDT:USDT,,,,,297.79,1027497.5,298928529.957
1753504906299,04:41:46.299,binanceusdm,AAVE/USDT:USDT,,,,,297.8,1027497.6,298928559.737
1753504906299,04:41:46.299,binanceusdm,AAVE/USDT:USDT,,,,,297.8,1027498.2,298928738.417
1753504916556,04:41:56.556,binanceusdm,AAVE/USDT:USDT,,,,,297.81,1027498.3,298928768.198
1753504920041,04:42:00.041,binanceusdm,AAVE/USDT:USDT,,,,,297.8,1026262.6,298574599.523
1753504921759,04:42:01.759,binanceusdm,AAVE/USDT:USDT,,,,,297.82,1026271.1,298577130.911
1753504923501,04:42:03.501,binanceusdm,AAVE/USDT:USDT,,,,,297.87,1026280.4,298579900.866
1753504926037,04:42:06.037,binanceusdm,AAVE/USDT:USDT,,,,,297.87,1026582.8,298669982.398
1753504926554,04:42:06.554,binanceusdm,AAVE/USDT:USDT,,,,,297.88,1026585.4,298670756.861
1753504931423,04:42:11.423,binanceusdm,AAVE/USDT:USDT,,,,,297.88,1026586.0,298670935.589
1753504933233,04:42:13.233,binanceusdm,AAVE/USDT:USDT,,,,,297.92,1026599.9,298675076.386
1753504935072,04:42:15.072,binanceusdm,AAVE/USDT:USDT,,,,,297.92,1026603.0,298675999.938
1753504936126,04:42:16.126,binanceusdm,AAVE/USDT:USDT,,,,,297.94,1026614.6,298679455.849
1753504939146,04:42:19.146,binanceusdm,AAVE/USDT:USDT,,,,,297.93,1026614.7,298679485.642
1753504940431,04:42:20.431,binanceusdm,AAVE/USDT:USDT,,,,,297.94,1026690.2,298701982.162
1753504942709,04:42:22.709,binanceusdm,AAVE/USDT:USDT,,,,,297.92,1026695.2,298703471.762
1753504946961,04:42:26.961,binanceusdm,AAVE/USDT:USDT,,,,,297.93,1026695.3,298703501.555
1753504948908,04:42:28.908,binanceusdm,AAVE/USDT:USDT,,,,,297.91,1026718.8,298710502.663
1753504951398,04:42:31.398,binanceusdm,AAVE/USDT:USDT,,,,,297.91,1026723.8,298711992.213
1753504952759,04:42:32.759,binanceusdm,AAVE/USDT:USDT,,,,,297.91,1026724.3,298712141.168
1753504953684,04:42:33.684,binanceusdm,AAVE/USDT:USDT,,,,,297.91,1026724.8,298712290.123
1753504957556,04:42:37.556,binanceusdm,AAVE/USDT:USDT,,,,,297.9,1026724.9,298712319.913
1753504958158,04:42:38.158,binanceusdm,AAVE/USDT:USDT,,,,,297.87,1026740.5,298716966.985
1753504960636,04:42:40.636,binanceusdm,AAVE/USDT:USDT,,,,,297.87,1026741.4,298717235.064
1753504962216,04:42:42.216,binanceusdm,AAVE/USDT:USDT,,,,,297.87,1026741.9,298717383.999
1753504963956,04:42:43.956,binanceusdm,AAVE/USDT:USDT,,,,,297.85,1026754.9,298721256.132
1753504970077,04:42:50.077,binanceusdm,AAVE/USDT:USDT,,,,,297.85,1026755.1,298721315.702
1753504972004,04:42:52.004,binanceusdm,AAVE/USDT:USDT,,,,,297.85,1026762.4,298723490.007
1753504973747,04:42:53.747,binanceusdm,AAVE/USDT:USDT,,,,,297.91,1026784.1,298729953.397
1753504975166,04:42:55.166,binanceusdm,AAVE/USDT:USDT,,,,,297.91,1026785.7,298730430.041
1753504979667,04:42:59.667,binanceusdm,AAVE/USDT:USDT,,,,,297.9,1026786.2,298730578.991
1753504980758,04:43:00.758,binanceusdm,AAVE/USDT:USDT,,,,,297.9,1025538.6,298373366.207
1753504982029,04:43:02.029,binanceusdm,AAVE/USDT:USDT,,,,,297.91,1025538.7,298373395.998
1753504984985,04:43:04.985,binanceusdm,AAVE/USDT:USDT,,,,,297.88,1025550.5,298376911.204
1753504987449,04:43:07.449,binanceusdm,AAVE/USDT:USDT,,,,,297.88,1025550.8,298377000.568
1753504988693,04:43:08.693,binanceusdm,AAVE/USDT:USDT,,,,,297.9,1025596.3,298390554.872
1753504989909,04:43:09.909,binanceusdm,AAVE/USDT:USDT,,,,,297.88,1025598.0,298391061.268
1753504993830,04:43:13.830,binanceusdm,AAVE/USDT:USDT,,,,,297.89,1025598.1,298391091.057
1753505000302,04:43:20.302,binanceusdm,AAVE/USDT:USDT,,,,,297.89,1025598.2,298391120.846
1753505000302,04:43:20.302,binanceusdm,AAVE/USDT:USDT,,,,,297.89,1025599.1,298391388.947
1753505006717,04:43:26.717,binanceusdm,AAVE/USDT:USDT,,,,,297.89,1025600.1,298391686.837
1753505006758,04:43:26.758,binanceusdm,AAVE/USDT:USDT,,,,,297.89,1025600.2,298391716.626
1753505010041,04:43:30.041,binanceusdm,AAVE/USDT:USDT,,,,,297.91,1025609.1,298394367.853
1753505011248,04:43:31.248,binanceusdm,AAVE/USDT:USDT,,,,,297.93,1025610.7,298394844.516
1753505016556,04:43:36.556,binanceusdm,AAVE/USDT:USDT,,,,,297.93,1025610.8,298394874.309
1753505016556,04:43:36.556,binanceusdm,AAVE/USDT:USDT,,,,,297.93,1025614.3,298395917.064
