timestamp,time,exchange,symbol,bid,bidVolume,ask,askVolume,lastPrice,baseVolume,quoteVolume
1753504791893,04:39:51.893,bitget,ACH/USDT:USDT,0.02239,14618.0,0.022391,5668.0,0.022379,183355516.0,3994699.545052
1753504792435,04:39:52.435,bitget,ACH/USDT:USDT,0.02239,11811.0,0.022391,5668.0,0.022379,183355516.0,3994699.545052
1753504792762,04:39:52.762,bitget,ACH/USDT:USDT,0.022389,11811.0,0.022391,5668.0,0.022379,183355516.0,3994699.545052
1753504794822,04:39:54.822,bitget,ACH/USDT:USDT,0.02239,11811.0,0.022391,8475.0,0.022379,183355516.0,3994699.545052
1753504795145,04:39:55.145,bitget,ACH/USDT:USDT,0.02239,11811.0,0.022391,5668.0,0.022379,183355516.0,3994699.545052
1753504795521,04:39:55.521,bitget,ACH/USDT:USDT,0.02239,14618.0,0.022391,5668.0,0.022379,183355516.0,3994699.545052
1753504795849,04:39:55.849,bitget,ACH/USDT:USDT,0.02239,14618.0,0.022391,5668.0,0.022379,183355516.0,3994699.545052
1753504796171,04:39:56.171,bitget,ACH/USDT:USDT,0.02239,13376.0,0.022391,8475.0,0.022379,183355516.0,3994699.545052
1753504796542,04:39:56.542,bitget,ACH/USDT:USDT,0.02239,13376.0,0.022391,5668.0,0.022379,183355516.0,3994699.545052
1753504796907,04:39:56.907,bitget,ACH/USDT:USDT,0.02239,13376.0,0.022391,5668.0,0.022379,183355516.0,3994699.545052
1753504797226,04:39:57.226,bitget,ACH/USDT:USDT,0.02239,16262.0,0.022391,5668.0,0.022379,183355516.0,3994699.545052
1753504797542,04:39:57.542,bitget,ACH/USDT:USDT,0.02239,16262.0,0.022391,5668.0,0.022379,183355516.0,3994699.545052
1753504797922,04:39:57.922,bitget,ACH/USDT:USDT,0.02239,16262.0,0.022391,5668.0,0.022379,183355516.0,3994699.545052
1753504798272,04:39:58.272,bitget,ACH/USDT:USDT,0.02239,16262.0,0.022391,5668.0,0.022379,183355516.0,3994699.545052
1753504798585,04:39:58.585,bitget,ACH/USDT:USDT,0.02239,16262.0,0.022391,5668.0,0.022379,183355516.0,3994699.545052
1753504798911,04:39:58.911,bitget,ACH/USDT:USDT,0.02239,13376.0,0.022391,8554.0,0.022379,183355516.0,3994699.545052
1753504799287,04:39:59.287,bitget,ACH/USDT:USDT,0.02239,13376.0,0.022391,8554.0,0.022379,183355516.0,3994699.545052
1753504799660,04:39:59.660,bitget,ACH/USDT:USDT,0.02239,13376.0,0.022391,8554.0,0.022379,183355516.0,3994699.545052
1753504799987,04:39:59.987,bitget,ACH/USDT:USDT,0.02239,13376.0,0.022391,8554.0,0.022379,183355516.0,3994699.545052
1753504800995,04:40:00.995,bitget,ACH/USDT:USDT,0.02239,13376.0,0.022391,8554.0,0.022379,183332366.0,3994201.059028
1753504801694,04:40:01.694,bitget,ACH/USDT:USDT,0.02239,13376.0,0.022391,8554.0,0.022379,183355516.0,3994699.545052
1753504802247,04:40:02.247,bitget,ACH/USDT:USDT,0.02239,13376.0,0.022391,8554.0,0.022379,183332366.0,3994201.059028
1753504803071,04:40:03.071,bitget,ACH/USDT:USDT,0.022389,11811.0,0.02239,2886.0,0.022379,183332366.0,3994201.059028
1753504803438,04:40:03.438,bitget,ACH/USDT:USDT,0.022389,11811.0,0.02239,2886.0,0.022379,183332366.0,3994201.059028
1753504803765,04:40:03.765,bitget,ACH/USDT:USDT,0.022389,11811.0,0.02239,2886.0,0.022379,183332366.0,3994201.059028
1753504804077,04:40:04.077,bitget,ACH/USDT:USDT,0.022389,11811.0,0.02239,2886.0,0.022379,183332366.0,3994201.059028
1753504804418,04:40:04.418,bitget,ACH/USDT:USDT,0.022389,11811.0,0.02239,2886.0,0.022379,183332366.0,3994201.059028
1753504804899,04:40:04.899,bitget,ACH/USDT:USDT,0.022389,11811.0,0.02239,2886.0,0.022379,183332366.0,3994201.059028
1753504805524,04:40:05.524,bitget,ACH/USDT:USDT,0.02239,11811.0,0.022391,5668.0,0.022379,183332366.0,3994201.059028
1753504805874,04:40:05.874,bitget,ACH/USDT:USDT,0.02239,11811.0,0.022391,8554.0,0.022379,183332366.0,3994201.059028
1753504806191,04:40:06.191,bitget,ACH/USDT:USDT,0.02239,11811.0,0.022391,8554.0,0.022379,183332366.0,3994201.059028
1753504806523,04:40:06.523,bitget,ACH/USDT:USDT,0.02239,11811.0,0.022391,8554.0,0.022379,183332366.0,3994201.059028
1753504806906,04:40:06.906,bitget,ACH/USDT:USDT,0.02239,11811.0,0.022391,8554.0,0.022379,183332366.0,3994201.059028
1753504807260,04:40:07.260,bitget,ACH/USDT:USDT,0.02239,11811.0,0.022391,8554.0,0.022379,183332366.0,3994201.059028
1753504807575,04:40:07.575,bitget,ACH/USDT:USDT,0.02239,11811.0,0.022391,8554.0,0.022379,183332366.0,3994201.059028
1753504807888,04:40:07.888,bitget,ACH/USDT:USDT,0.02239,11811.0,0.022391,8554.0,0.022379,183332366.0,3994201.059028
1753504808233,04:40:08.233,bitget,ACH/USDT:USDT,0.02239,11811.0,0.022391,8554.0,0.022379,183332366.0,3994201.059028
1753504808565,04:40:08.565,bitget,ACH/USDT:USDT,0.02239,11811.0,0.022391,8554.0,0.022379,183332366.0,3994201.059028
1753504808875,04:40:08.875,bitget,ACH/USDT:USDT,0.02239,11811.0,0.022391,8554.0,0.022379,183332366.0,3994201.059028
1753504809189,04:40:09.189,bitget,ACH/USDT:USDT,0.02239,14614.0,0.022391,5668.0,0.022379,183332366.0,3994201.059028
1753504809582,04:40:09.582,bitget,ACH/USDT:USDT,0.02239,14614.0,0.022391,5668.0,0.022379,183332366.0,3994201.059028
1753504809894,04:40:09.894,bitget,ACH/USDT:USDT,0.02239,14614.0,0.022391,5668.0,0.022379,183332366.0,3994201.059028
1753504810205,04:40:10.205,bitget,ACH/USDT:USDT,0.022391,14614.0,0.022393,11811.0,0.022379,183332366.0,3994201.059028
1753504810516,04:40:10.516,bitget,ACH/USDT:USDT,0.022391,11811.0,0.022393,14614.0,0.022379,183332366.0,3994201.059028
1753504810847,04:40:10.847,bitget,ACH/USDT:USDT,0.022391,14614.0,0.022393,14614.0,0.022379,183332366.0,3994201.059028
1753504811167,04:40:11.167,bitget,ACH/USDT:USDT,0.022391,14614.0,0.022393,14614.0,0.022379,183332366.0,3994201.059028
1753504811493,04:40:11.493,bitget,ACH/USDT:USDT,0.022391,14614.0,0.022393,14614.0,0.022379,183332366.0,3994201.059028
1753504811957,04:40:11.957,bitget,ACH/USDT:USDT,0.022391,14614.0,0.022393,14614.0,0.022379,183332366.0,3994201.059028
1753504812894,04:40:12.894,bitget,ACH/USDT:USDT,0.022391,11811.0,0.022392,2803.0,0.022379,183332366.0,3994201.059028
1753504813255,04:40:13.255,bitget,ACH/USDT:USDT,0.022391,11811.0,0.022392,2803.0,0.022379,183332366.0,3994201.059028
1753504813609,04:40:13.609,bitget,ACH/USDT:USDT,0.022391,11811.0,0.022392,2803.0,0.022379,183332366.0,3994201.059028
1753504813918,04:40:13.918,bitget,ACH/USDT:USDT,0.022391,11811.0,0.022392,2803.0,0.022379,183332366.0,3994201.059028
1753504814285,04:40:14.285,bitget,ACH/USDT:USDT,0.022391,12123.0,0.022392,2803.0,0.022379,183332366.0,3994201.059028
1753504814695,04:40:14.695,bitget,ACH/USDT:USDT,0.022391,12123.0,0.022393,11811.0,0.022379,183332366.0,3994201.059028
1753504815009,04:40:15.009,bitget,ACH/USDT:USDT,0.022391,12123.0,0.022393,11811.0,0.022379,183332366.0,3994201.059028
1753504815337,04:40:15.337,bitget,ACH/USDT:USDT,0.022392,11811.0,0.022393,14614.0,0.022379,183332366.0,3994201.059028
1753504815719,04:40:15.719,bitget,ACH/USDT:USDT,0.022392,11811.0,0.022393,14614.0,0.022379,183332366.0,3994201.059028
1753504816040,04:40:16.040,bitget,ACH/USDT:USDT,0.022392,11811.0,0.022393,14614.0,0.022379,183332366.0,3994201.059028
1753504816354,04:40:16.354,bitget,ACH/USDT:USDT,0.022392,11811.0,0.022393,14614.0,0.022379,183332366.0,3994201.059028
1753504816813,04:40:16.813,bitget,ACH/USDT:USDT,0.022392,11811.0,0.022393,14614.0,0.022379,183332366.0,3994201.059028
1753504817595,04:40:17.595,bitget,ACH/USDT:USDT,0.022392,11811.0,0.022393,14614.0,0.022379,183332366.0,3994201.059028
1753504817920,04:40:17.920,bitget,ACH/USDT:USDT,0.022392,11811.0,0.022393,14614.0,0.022379,183332366.0,3994201.059028
1753504818271,04:40:18.271,bitget,ACH/USDT:USDT,0.022392,11811.0,0.022393,14614.0,0.022379,183332366.0,3994201.059028
1753504818613,04:40:18.613,bitget,ACH/USDT:USDT,0.022392,11811.0,0.022393,14614.0,0.022379,183332366.0,3994201.059028
1753504818924,04:40:18.924,bitget,ACH/USDT:USDT,0.022392,11811.0,0.022393,14614.0,0.022379,183332366.0,3994201.059028
1753504819267,04:40:19.267,bitget,ACH/USDT:USDT,0.022392,11811.0,0.022393,14614.0,0.022379,183332366.0,3994201.059028
1753504819643,04:40:19.643,bitget,ACH/USDT:USDT,0.022392,11811.0,0.022393,14614.0,0.022379,183332366.0,3994201.059028
1753504819954,04:40:19.954,bitget,ACH/USDT:USDT,0.022392,11811.0,0.022393,14614.0,0.022379,183332366.0,3994201.059028
1753504820271,04:40:20.271,bitget,ACH/USDT:USDT,0.022392,11811.0,0.022393,14643.0,0.022379,183332366.0,3994201.059028
1753504820611,04:40:20.611,bitget,ACH/USDT:USDT,0.022392,11811.0,0.022393,14643.0,0.022379,183332366.0,3994201.059028
1753504820938,04:40:20.938,bitget,ACH/USDT:USDT,0.022392,11811.0,0.022393,11811.0,0.022379,183332366.0,3994201.059028
1753504821255,04:40:21.255,bitget,ACH/USDT:USDT,0.022392,11811.0,0.022393,11811.0,0.022379,183332366.0,3994201.059028
1753504821952,04:40:21.952,bitget,ACH/USDT:USDT,0.022392,11811.0,0.022393,14643.0,0.022379,183332366.0,3994201.059028
1753504822290,04:40:22.290,bitget,ACH/USDT:USDT,0.022392,11811.0,0.022393,14643.0,0.022379,183332366.0,3994201.059028
1753504822592,04:40:22.592,bitget,ACH/USDT:USDT,0.022392,11811.0,0.022393,14643.0,0.022379,183332366.0,3994201.059028
1753504823010,04:40:23.010,bitget,ACH/USDT:USDT,0.022392,14643.0,0.022393,11811.0,0.022379,183332366.0,3994201.059028
1753504823702,04:40:23.702,bitget,ACH/USDT:USDT,0.022392,14643.0,0.022393,11811.0,0.022379,183332366.0,3994201.059028
1753504824029,04:40:24.029,bitget,ACH/USDT:USDT,0.022392,11811.0,0.022393,14643.0,0.022379,183332366.0,3994201.059028
1753504824418,04:40:24.418,bitget,ACH/USDT:USDT,0.022392,11811.0,0.022393,14643.0,0.022379,183332366.0,3994201.059028
1753504824758,04:40:24.758,bitget,ACH/USDT:USDT,0.022392,11811.0,0.022393,14643.0,0.022379,183332366.0,3994201.059028
1753504825062,04:40:25.062,bitget,ACH/USDT:USDT,0.022392,11811.0,0.022393,14643.0,0.022379,183332366.0,3994201.059028
1753504825383,04:40:25.383,bitget,ACH/USDT:USDT,0.022392,11811.0,0.022393,14643.0,0.022379,183332366.0,3994201.059028
1753504825738,04:40:25.738,bitget,ACH/USDT:USDT,0.022392,11811.0,0.022393,14643.0,0.022379,183332366.0,3994201.059028
1753504826061,04:40:26.061,bitget,ACH/USDT:USDT,0.022392,11811.0,0.022393,14643.0,0.022379,183332366.0,3994201.059028
1753504826392,04:40:26.392,bitget,ACH/USDT:USDT,0.022392,11811.0,0.022393,14643.0,0.022379,183332366.0,3994201.059028
1753504826747,04:40:26.747,bitget,ACH/USDT:USDT,0.022392,11811.0,0.022393,14643.0,0.022379,183332366.0,3994201.059028
1753504827236,04:40:27.236,bitget,ACH/USDT:USDT,0.022391,12123.0,0.022392,300061.0,0.022379,183332366.0,3994201.059028
1753504828026,04:40:28.026,bitget,ACH/USDT:USDT,0.022391,12123.0,0.022392,300061.0,0.022379,183332366.0,3994201.059028
1753504828830,04:40:28.830,bitget,ACH/USDT:USDT,0.022391,12123.0,0.022392,288250.0,0.022379,183332366.0,3994201.059028
1753504829776,04:40:29.776,bitget,ACH/USDT:USDT,0.022391,12123.0,0.022392,288250.0,0.022379,183332366.0,3994201.059028
1753504830114,04:40:30.114,bitget,ACH/USDT:USDT,0.022391,12123.0,0.022392,288250.0,0.022379,183332366.0,3994201.059028
1753504830510,04:40:30.510,bitget,ACH/USDT:USDT,0.022391,12123.0,0.022392,288250.0,0.022379,183332366.0,3994201.059028
1753504830864,04:40:30.864,bitget,ACH/USDT:USDT,0.022391,12123.0,0.022392,288250.0,0.022379,183332366.0,3994201.059028
1753504831176,04:40:31.176,bitget,ACH/USDT:USDT,0.022391,12123.0,0.022392,288250.0,0.022379,183332366.0,3994201.059028
1753504831557,04:40:31.557,bitget,ACH/USDT:USDT,0.022391,12123.0,0.022392,288250.0,0.022379,183332366.0,3994201.059028
1753504832039,04:40:32.039,bitget,ACH/USDT:USDT,0.022391,12123.0,0.022396,2003.0,0.022379,183332366.0,3994201.059028
1753504832570,04:40:32.570,bitget,ACH/USDT:USDT,0.022397,11811.0,0.022398,2938.0,0.022379,183332366.0,3994201.059028
1753504832904,04:40:32.904,bitget,ACH/USDT:USDT,0.022395,11811.0,0.022396,2884.0,0.022379,183332366.0,3994201.059028
1753504833283,04:40:33.283,bitget,ACH/USDT:USDT,0.022396,11811.0,0.022397,11811.0,0.022379,183332366.0,3994201.059028
1753504833620,04:40:33.620,bitget,ACH/USDT:USDT,0.022396,11811.0,0.022397,11811.0,0.022379,183332366.0,3994201.059028
1753504833945,04:40:33.945,bitget,ACH/USDT:USDT,0.022396,11811.0,0.022397,14695.0,0.022379,183332366.0,3994201.059028
1753504834271,04:40:34.271,bitget,ACH/USDT:USDT,0.022396,11811.0,0.022397,14695.0,0.022379,183332366.0,3994201.059028
1753504834712,04:40:34.712,bitget,ACH/USDT:USDT,0.022396,11811.0,0.022397,14695.0,0.022379,183332366.0,3994201.059028
1753504835086,04:40:35.086,bitget,ACH/USDT:USDT,0.022396,11811.0,0.022397,14695.0,0.022379,183332366.0,3994201.059028
1753504835405,04:40:35.405,bitget,ACH/USDT:USDT,0.022396,11811.0,0.022397,14695.0,0.022379,183332366.0,3994201.059028
1753504835754,04:40:35.754,bitget,ACH/USDT:USDT,0.022396,11811.0,0.022397,14695.0,0.022379,183332366.0,3994201.059028
1753504836099,04:40:36.099,bitget,ACH/USDT:USDT,0.022394,5631.0,0.022397,14695.0,0.022379,183332366.0,3994201.059028
1753504836432,04:40:36.432,bitget,ACH/USDT:USDT,0.022395,11811.0,0.022397,100257.0,0.022379,183332366.0,3994201.059028
1753504836762,04:40:36.762,bitget,ACH/USDT:USDT,0.022392,11811.0,0.022393,2884.0,0.022379,183332366.0,3994201.059028
1753504837324,04:40:37.324,bitget,ACH/USDT:USDT,0.022392,11811.0,0.022393,2884.0,0.022379,183332366.0,3994201.059028
1753504837988,04:40:37.988,bitget,ACH/USDT:USDT,0.022392,11811.0,0.022393,2884.0,0.022379,183332366.0,3994201.059028
1753504838372,04:40:38.372,bitget,ACH/USDT:USDT,0.022392,11811.0,0.022393,2884.0,0.022379,183332366.0,3994201.059028
1753504838727,04:40:38.727,bitget,ACH/USDT:USDT,0.022392,11811.0,0.022393,2884.0,0.022379,183332366.0,3994201.059028
1753504839043,04:40:39.043,bitget,ACH/USDT:USDT,0.022389,11811.0,0.02239,2940.0,0.022391,183332366.0,3994201.059028
1753504839363,04:40:39.363,bitget,ACH/USDT:USDT,0.022389,11811.0,0.02239,2940.0,0.022391,183332366.0,3994201.059028
1753504839852,04:40:39.852,bitget,ACH/USDT:USDT,0.022388,11811.0,0.022389,11811.0,0.022391,183332366.0,3994201.059028
1753504840395,04:40:40.395,bitget,ACH/USDT:USDT,0.022388,11811.0,0.022389,14751.0,0.022391,183332990.0,3994215.031012
1753504841204,04:40:41.204,bitget,ACH/USDT:USDT,0.022388,11811.0,0.022389,14751.0,0.022391,183332990.0,3994215.031012
1753504841516,04:40:41.516,bitget,ACH/USDT:USDT,0.022388,11811.0,0.022389,2940.0,0.022391,183332990.0,3994215.031012
1753504841884,04:40:41.884,bitget,ACH/USDT:USDT,0.022388,11811.0,0.022389,2940.0,0.022391,183332990.0,3994215.031012
1753504842240,04:40:42.240,bitget,ACH/USDT:USDT,0.022388,11811.0,0.022389,2940.0,0.022391,183332990.0,3994215.031012
1753504842552,04:40:42.552,bitget,ACH/USDT:USDT,0.022388,11811.0,0.022389,2940.0,0.022391,183332990.0,3994215.031012
1753504842865,04:40:42.865,bitget,ACH/USDT:USDT,0.022386,7160.0,0.022388,11811.0,0.022391,183332990.0,3994215.031012
1753504843361,04:40:43.361,bitget,ACH/USDT:USDT,0.022387,11811.0,0.022388,14751.0,0.022386,183332990.0,3994215.031012
1753504844027,04:40:44.027,bitget,ACH/USDT:USDT,0.022387,11811.0,0.022388,14751.0,0.022386,183332990.0,3994215.031012
1753504844560,04:40:44.560,bitget,ACH/USDT:USDT,0.022388,11811.0,0.022389,2940.0,0.022386,183336058.0,3994283.71126
1753504845278,04:40:45.278,bitget,ACH/USDT:USDT,0.022388,11811.0,0.022389,2940.0,0.022386,183336058.0,3994283.71126
1753504845636,04:40:45.636,bitget,ACH/USDT:USDT,0.02239,11811.0,0.022391,2940.0,0.022386,183336058.0,3994283.71126
1753504845975,04:40:45.975,bitget,ACH/USDT:USDT,0.02239,11811.0,0.022391,2940.0,0.022386,183336058.0,3994283.71126
1753504846343,04:40:46.343,bitget,ACH/USDT:USDT,0.02239,11811.0,0.022391,2940.0,0.022386,183332366.0,3994201.059028
1753504847366,04:40:47.366,bitget,ACH/USDT:USDT,0.02239,11811.0,0.022391,2940.0,0.022386,183332990.0,3994215.031012
1753504847980,04:40:47.980,bitget,ACH/USDT:USDT,0.02239,11811.0,0.022391,2940.0,0.022386,183336058.0,3994283.71126
1753504848887,04:40:48.887,bitget,ACH/USDT:USDT,0.02239,11811.0,0.022391,2940.0,0.022386,183332990.0,3994215.031012
1753504849662,04:40:49.662,bitget,ACH/USDT:USDT,0.02239,11811.0,0.022391,2940.0,0.022386,183336058.0,3994283.71126
1753504849976,04:40:49.976,bitget,ACH/USDT:USDT,0.02239,11811.0,0.022391,2940.0,0.022386,183336058.0,3994283.71126
1753504850292,04:40:50.292,bitget,ACH/USDT:USDT,0.02239,11811.0,0.022391,2940.0,0.022386,183336058.0,3994283.71126
1753504850678,04:40:50.678,bitget,ACH/USDT:USDT,0.02239,11811.0,0.022391,2940.0,0.022386,183336058.0,3994283.71126
1753504850997,04:40:50.997,bitget,ACH/USDT:USDT,0.02239,11811.0,0.022391,2940.0,0.022386,183336058.0,3994283.71126
1753504851309,04:40:51.309,bitget,ACH/USDT:USDT,0.02239,11811.0,0.022391,2940.0,0.022386,183336058.0,3994283.71126
1753504851688,04:40:51.688,bitget,ACH/USDT:USDT,0.02239,11811.0,0.022391,2940.0,0.022386,183336058.0,3994283.71126
1753504852068,04:40:52.068,bitget,ACH/USDT:USDT,0.02239,11811.0,0.022391,2940.0,0.022386,183336058.0,3994283.71126
1753504852377,04:40:52.377,bitget,ACH/USDT:USDT,0.02239,11811.0,0.022391,2940.0,0.022386,183336058.0,3994283.71126
1753504852694,04:40:52.694,bitget,ACH/USDT:USDT,0.02239,11811.0,0.022391,2940.0,0.022386,183336058.0,3994283.71126
1753504853088,04:40:53.088,bitget,ACH/USDT:USDT,0.02239,11811.0,0.022391,2833.0,0.022386,183336058.0,3994283.71126
1753504853421,04:40:53.421,bitget,ACH/USDT:USDT,0.02239,11811.0,0.022391,2833.0,0.022386,183336058.0,3994283.71126
1753504853731,04:40:53.731,bitget,ACH/USDT:USDT,0.022391,14644.0,0.022392,11811.0,0.022386,183336058.0,3994283.71126
1753504854054,04:40:54.054,bitget,ACH/USDT:USDT,0.022391,14644.0,0.022392,11811.0,0.022386,183336058.0,3994283.71126
1753504854444,04:40:54.444,bitget,ACH/USDT:USDT,0.022391,14644.0,0.022392,11811.0,0.022386,183336058.0,3994283.71126
1753504854770,04:40:54.770,bitget,ACH/USDT:USDT,0.022391,14644.0,0.022392,11811.0,0.022386,183336058.0,3994283.71126
1753504855092,04:40:55.092,bitget,ACH/USDT:USDT,0.022391,14644.0,0.022392,11811.0,0.022386,183336058.0,3994283.71126
1753504855468,04:40:55.468,bitget,ACH/USDT:USDT,0.022391,11811.0,0.022392,11811.0,0.022386,183336058.0,3994283.71126
1753504855814,04:40:55.814,bitget,ACH/USDT:USDT,0.022391,14644.0,0.022392,11811.0,0.022386,183336058.0,3994283.71126
1753504856122,04:40:56.122,bitget,ACH/USDT:USDT,0.022391,14644.0,0.022392,11811.0,0.022386,183336058.0,3994283.71126
1753504856789,04:40:56.789,bitget,ACH/USDT:USDT,0.022391,11811.0,0.022392,11811.0,0.022386,183336058.0,3994283.71126
1753504857144,04:40:57.144,bitget,ACH/USDT:USDT,0.022391,11811.0,0.022392,11811.0,0.022386,183336058.0,3994283.71126
1753504857456,04:40:57.456,bitget,ACH/USDT:USDT,0.022391,11811.0,0.022392,11811.0,0.022386,183336058.0,3994283.71126
1753504857817,04:40:57.817,bitget,ACH/USDT:USDT,0.022391,14619.0,0.022392,11811.0,0.022386,183336058.0,3994283.71126
1753504858398,04:40:58.398,bitget,ACH/USDT:USDT,0.022391,14619.0,0.022392,11811.0,0.022386,183336058.0,3994283.71126
1753504858710,04:40:58.710,bitget,ACH/USDT:USDT,0.022391,11811.0,0.022392,14619.0,0.022386,183336058.0,3994283.71126
1753504859249,04:40:59.249,bitget,ACH/USDT:USDT,0.022391,11811.0,0.022392,14619.0,0.022386,183336058.0,3994283.71126
1753504859947,04:40:59.947,bitget,ACH/USDT:USDT,0.022391,11811.0,0.022392,14619.0,0.022386,183336058.0,3994283.71126
1753504860272,04:41:00.272,bitget,ACH/USDT:USDT,0.022389,5622.0,0.022392,14619.0,0.022386,183336058.0,3994283.71126
1753504860632,04:41:00.632,bitget,ACH/USDT:USDT,0.02239,11811.0,0.022391,289450.0,0.022386,183336058.0,3994283.71126
1753504860942,04:41:00.942,bitget,ACH/USDT:USDT,0.02239,11811.0,0.022391,289450.0,0.022386,183336058.0,3994283.71126
1753504861258,04:41:01.258,bitget,ACH/USDT:USDT,0.02239,11811.0,0.022391,289450.0,0.022386,183336058.0,3994283.71126
1753504861669,04:41:01.669,bitget,ACH/USDT:USDT,0.02239,11811.0,0.022391,289450.0,0.022386,183336058.0,3994283.71126
1753504862354,04:41:02.354,bitget,ACH/USDT:USDT,0.02239,11811.0,0.022391,289450.0,0.022386,183336058.0,3994283.71126
1753504862745,04:41:02.745,bitget,ACH/USDT:USDT,0.02239,11811.0,0.022391,289450.0,0.022386,183306242.0,3993642.616206
1753504863069,04:41:03.069,bitget,ACH/USDT:USDT,0.02239,11811.0,0.022391,289450.0,0.022386,183306242.0,3993642.616206
1753504863419,04:41:03.419,bitget,ACH/USDT:USDT,0.02239,11811.0,0.022391,289450.0,0.022386,183306242.0,3993642.616206
1753504863753,04:41:03.753,bitget,ACH/USDT:USDT,0.02239,14619.0,0.022391,289450.0,0.022386,183306242.0,3993642.616206
1753504864148,04:41:04.148,bitget,ACH/USDT:USDT,0.02239,14619.0,0.022391,285064.0,0.022386,183306242.0,3993642.616206
1753504865079,04:41:05.079,bitget,ACH/USDT:USDT,0.022392,14619.0,0.022393,312.0,0.022386,183306242.0,3993642.616206
1753504865392,04:41:05.392,bitget,ACH/USDT:USDT,0.022392,14619.0,0.022393,312.0,0.022386,183306242.0,3993642.616206
1753504865712,04:41:05.712,bitget,ACH/USDT:USDT,0.022392,14619.0,0.022393,312.0,0.022386,183306242.0,3993642.616206
1753504866048,04:41:06.048,bitget,ACH/USDT:USDT,0.022392,14619.0,0.022393,312.0,0.022386,183306242.0,3993642.616206
1753504866364,04:41:06.364,bitget,ACH/USDT:USDT,0.022392,14619.0,0.022393,312.0,0.022386,183306242.0,3993642.616206
1753504866699,04:41:06.699,bitget,ACH/USDT:USDT,0.022392,14619.0,0.022393,312.0,0.022386,183306242.0,3993642.616206
1753504867174,04:41:07.174,bitget,ACH/USDT:USDT,0.022392,14619.0,0.022393,312.0,0.022386,183306242.0,3993642.616206
1753504867767,04:41:07.767,bitget,ACH/USDT:USDT,0.022392,14619.0,0.022393,312.0,0.022386,183306242.0,3993642.616206
1753504868094,04:41:08.094,bitget,ACH/USDT:USDT,0.022392,14619.0,0.022393,312.0,0.022386,183306242.0,3993642.616206
1753504868758,04:41:08.758,bitget,ACH/USDT:USDT,0.022392,14619.0,0.022393,312.0,0.022386,183306242.0,3993642.616206
1753504869075,04:41:09.075,bitget,ACH/USDT:USDT,0.022392,14619.0,0.022393,312.0,0.022386,183306242.0,3993642.616206
1753504869411,04:41:09.411,bitget,ACH/USDT:USDT,0.022392,14619.0,0.022393,312.0,0.022386,183306242.0,3993642.616206
1753504869764,04:41:09.764,bitget,ACH/USDT:USDT,0.022392,14619.0,0.022393,312.0,0.022386,183306242.0,3993642.616206
1753504870080,04:41:10.080,bitget,ACH/USDT:USDT,0.022392,14619.0,0.022393,312.0,0.022386,183306242.0,3993642.616206
1753504870414,04:41:10.414,bitget,ACH/USDT:USDT,0.022392,14619.0,0.022393,312.0,0.022386,183306242.0,3993642.616206
1753504870900,04:41:10.900,bitget,ACH/USDT:USDT,0.022392,14614.0,0.022393,312.0,0.022392,183306242.0,3993642.616206
1753504871762,04:41:11.762,bitget,ACH/USDT:USDT,0.022392,14614.0,0.022393,312.0,0.022392,183306252.0,3993642.840126
1753504872193,04:41:12.193,bitget,ACH/USDT:USDT,0.022392,14614.0,0.022393,312.0,0.022392,183306242.0,3993642.616206
1753504872509,04:41:12.509,bitget,ACH/USDT:USDT,0.022392,14614.0,0.022393,312.0,0.022392,183306252.0,3993642.840126
1753504872823,04:41:12.823,bitget,ACH/USDT:USDT,0.022392,14614.0,0.022393,312.0,0.022392,183306252.0,3993642.840126
1753504873154,04:41:13.154,bitget,ACH/USDT:USDT,0.022392,14614.0,0.022393,312.0,0.022392,183306252.0,3993642.840126
1753504873480,04:41:13.480,bitget,ACH/USDT:USDT,0.022392,14614.0,0.022393,312.0,0.022392,183306252.0,3993642.840126
1753504873794,04:41:13.794,bitget,ACH/USDT:USDT,0.022392,14614.0,0.022393,312.0,0.022392,183306252.0,3993642.840126
1753504874111,04:41:14.111,bitget,ACH/USDT:USDT,0.022392,14614.0,0.022393,312.0,0.022392,183306252.0,3993642.840126
1753504874690,04:41:14.690,bitget,ACH/USDT:USDT,0.022392,14614.0,0.022393,312.0,0.022392,183306252.0,3993642.840126
1753504875371,04:41:15.371,bitget,ACH/USDT:USDT,0.022392,14614.0,0.022393,312.0,0.022392,183306252.0,3993642.840126
1753504875912,04:41:15.912,bitget,ACH/USDT:USDT,0.022392,14614.0,0.022393,312.0,0.022392,183306252.0,3993642.840126
1753504876828,04:41:16.828,bitget,ACH/USDT:USDT,0.022392,14614.0,0.022393,312.0,0.022392,183306252.0,3993642.840126
1753504877746,04:41:17.746,bitget,ACH/USDT:USDT,0.022392,14614.0,0.022393,312.0,0.022392,183306242.0,3993642.616206
1753504878384,04:41:18.384,bitget,ACH/USDT:USDT,0.022392,14614.0,0.022393,312.0,0.022392,183306252.0,3993642.840126
1753504878692,04:41:18.692,bitget,ACH/USDT:USDT,0.022392,14614.0,0.022393,312.0,0.022392,183306252.0,3993642.840126
1753504879011,04:41:19.011,bitget,ACH/USDT:USDT,0.022392,14614.0,0.022393,312.0,0.022392,183306252.0,3993642.840126
1753504879441,04:41:19.441,bitget,ACH/USDT:USDT,0.022392,14614.0,0.022393,312.0,0.022392,183306252.0,3993642.840126
1753504879939,04:41:19.939,bitget,ACH/USDT:USDT,0.022392,14614.0,0.022393,312.0,0.022392,183306252.0,3993642.840126
1753504880522,04:41:20.522,bitget,ACH/USDT:USDT,0.022392,14614.0,0.022393,312.0,0.022392,183306252.0,3993642.840126
1753504880877,04:41:20.877,bitget,ACH/USDT:USDT,0.022392,14614.0,0.022393,312.0,0.022392,183306252.0,3993642.840126
1753504881190,04:41:21.190,bitget,ACH/USDT:USDT,0.022392,14614.0,0.022393,312.0,0.022392,183306252.0,3993642.840126
1753504881514,04:41:21.514,bitget,ACH/USDT:USDT,0.022392,14614.0,0.022393,312.0,0.022392,183306252.0,3993642.840126
1753504881920,04:41:21.920,bitget,ACH/USDT:USDT,0.022392,14614.0,0.022393,312.0,0.022392,183306252.0,3993642.840126
1753504882267,04:41:22.267,bitget,ACH/USDT:USDT,0.022392,14614.0,0.022393,312.0,0.022392,183306252.0,3993642.840126
1753504882896,04:41:22.896,bitget,ACH/USDT:USDT,0.022392,14614.0,0.022393,312.0,0.022392,183306252.0,3993642.840126
1753504883296,04:41:23.296,bitget,ACH/USDT:USDT,0.022392,14614.0,0.022393,312.0,0.022392,183306252.0,3993642.840126
1753504884074,04:41:24.074,bitget,ACH/USDT:USDT,0.022392,14614.0,0.022393,312.0,0.022392,183306252.0,3993642.840126
1753504884899,04:41:24.899,bitget,ACH/USDT:USDT,0.022392,14614.0,0.022393,312.0,0.022392,183306252.0,3993642.840126
1753504885577,04:41:25.577,bitget,ACH/USDT:USDT,0.022392,14614.0,0.022393,312.0,0.022392,183306252.0,3993642.840126
1753504885916,04:41:25.916,bitget,ACH/USDT:USDT,0.022392,14614.0,0.022393,312.0,0.022392,183306252.0,3993642.840126
1753504886225,04:41:26.225,bitget,ACH/USDT:USDT,0.022392,14614.0,0.022393,312.0,0.022392,183306252.0,3993642.840126
1753504886539,04:41:26.539,bitget,ACH/USDT:USDT,0.022392,14614.0,0.022393,312.0,0.022392,183306252.0,3993642.840126
1753504886978,04:41:26.978,bitget,ACH/USDT:USDT,0.022392,14638.0,0.022393,312.0,0.022392,183306252.0,3993642.840126
1753504887445,04:41:27.445,bitget,ACH/USDT:USDT,0.022392,14638.0,0.022393,312.0,0.022392,183306252.0,3993642.840126
1753504888071,04:41:28.071,bitget,ACH/USDT:USDT,0.022392,14638.0,0.022393,312.0,0.022392,183306252.0,3993642.840126
1753504888677,04:41:28.677,bitget,ACH/USDT:USDT,0.022392,14638.0,0.022393,312.0,0.022392,183306252.0,3993642.840126
1753504888992,04:41:28.992,bitget,ACH/USDT:USDT,0.022392,14638.0,0.022393,312.0,0.022392,183306252.0,3993642.840126
1753504889379,04:41:29.379,bitget,ACH/USDT:USDT,0.022392,14638.0,0.022393,312.0,0.022392,183306252.0,3993642.840126
1753504889856,04:41:29.856,bitget,ACH/USDT:USDT,0.022392,14638.0,0.022393,312.0,0.022392,183306252.0,3993642.840126
1753504890224,04:41:30.224,bitget,ACH/USDT:USDT,0.022392,14638.0,0.022393,312.0,0.022392,183306252.0,3993642.840126
1753504890541,04:41:30.541,bitget,ACH/USDT:USDT,0.022392,14638.0,0.022393,312.0,0.022392,183306252.0,3993642.840126
1753504890936,04:41:30.936,bitget,ACH/USDT:USDT,0.022392,14638.0,0.022393,312.0,0.022392,183306252.0,3993642.840126
1753504891259,04:41:31.259,bitget,ACH/USDT:USDT,0.022392,14638.0,0.022393,312.0,0.022392,183306252.0,3993642.840126
1753504891630,04:41:31.630,bitget,ACH/USDT:USDT,0.022392,14638.0,0.022393,312.0,0.022392,183306252.0,3993642.840126
1753504892032,04:41:32.032,bitget,ACH/USDT:USDT,0.022392,14638.0,0.022393,312.0,0.022392,183306252.0,3993642.840126
1753504892561,04:41:32.561,bitget,ACH/USDT:USDT,0.022392,14638.0,0.022393,312.0,0.022392,183306252.0,3993642.840126
1753504893343,04:41:33.343,bitget,ACH/USDT:USDT,0.022392,14638.0,0.022393,312.0,0.022392,183306252.0,3993642.840126
1753504893939,04:41:33.939,bitget,ACH/USDT:USDT,0.022392,14638.0,0.022393,312.0,0.022392,183306252.0,3993642.840126
1753504894257,04:41:34.257,bitget,ACH/USDT:USDT,0.022392,14638.0,0.022393,312.0,0.022392,183306252.0,3993642.840126
1753504894687,04:41:34.687,bitget,ACH/USDT:USDT,0.022392,14638.0,0.022393,312.0,0.022392,183306252.0,3993642.840126
1753504895435,04:41:35.435,bitget,ACH/USDT:USDT,0.022392,14638.0,0.022393,312.0,0.022392,183306252.0,3993642.840126
1753504896340,04:41:36.340,bitget,ACH/USDT:USDT,0.022392,14638.0,0.022393,312.0,0.022392,183306252.0,3993642.840126
1753504896644,04:41:36.644,bitget,ACH/USDT:USDT,0.022392,14638.0,0.022393,312.0,0.022392,183306252.0,3993642.840126
1753504896967,04:41:36.967,bitget,ACH/USDT:USDT,0.022392,14638.0,0.022393,312.0,0.022392,183306252.0,3993642.840126
1753504897357,04:41:37.357,bitget,ACH/USDT:USDT,0.022392,14638.0,0.022393,312.0,0.022392,183306252.0,3993642.840126
1753504897721,04:41:37.721,bitget,ACH/USDT:USDT,0.022392,14638.0,0.022393,312.0,0.022392,183306252.0,3993642.840126
1753504898386,04:41:38.386,bitget,ACH/USDT:USDT,0.022392,14638.0,0.022393,312.0,0.022392,183306252.0,3993642.840126
1753504898723,04:41:38.723,bitget,ACH/USDT:USDT,0.022392,14638.0,0.022393,312.0,0.022392,183306252.0,3993642.840126
1753504899053,04:41:39.053,bitget,ACH/USDT:USDT,0.022392,14638.0,0.022393,312.0,0.022392,183306252.0,3993642.840126
1753504899727,04:41:39.727,bitget,ACH/USDT:USDT,0.022392,14638.0,0.022393,312.0,0.022392,183306252.0,3993642.840126
1753504900151,04:41:40.151,bitget,ACH/USDT:USDT,0.022392,14638.0,0.022393,312.0,0.022392,183306252.0,3993642.840126
1753504900499,04:41:40.499,bitget,ACH/USDT:USDT,0.022392,14638.0,0.022393,312.0,0.022392,183306252.0,3993642.840126
1753504900811,04:41:40.811,bitget,ACH/USDT:USDT,0.022392,14638.0,0.022393,312.0,0.022392,183306252.0,3993642.840126
1753504901133,04:41:41.133,bitget,ACH/USDT:USDT,0.022392,14638.0,0.022393,312.0,0.022392,183306252.0,3993642.840126
1753504901789,04:41:41.789,bitget,ACH/USDT:USDT,0.022392,14638.0,0.022393,312.0,0.022392,183306252.0,3993642.840126
1753504902187,04:41:42.187,bitget,ACH/USDT:USDT,0.022392,14638.0,0.022393,312.0,0.022392,183306252.0,3993642.840126
1753504903121,04:41:43.121,bitget,ACH/USDT:USDT,0.022392,14638.0,0.022393,312.0,0.022392,183306252.0,3993642.840126
1753504903450,04:41:43.450,bitget,ACH/USDT:USDT,0.022392,14638.0,0.022393,312.0,0.022392,183306252.0,3993642.840126
1753504903859,04:41:43.859,bitget,ACH/USDT:USDT,0.022392,14638.0,0.022393,312.0,0.022392,183306252.0,3993642.840126
1753504904233,04:41:44.233,bitget,ACH/USDT:USDT,0.022392,14638.0,0.022393,312.0,0.022392,183306252.0,3993642.840126
1753504904564,04:41:44.564,bitget,ACH/USDT:USDT,0.022392,14638.0,0.022393,312.0,0.022392,183306252.0,3993642.840126
1753504905021,04:41:45.021,bitget,ACH/USDT:USDT,0.022392,14638.0,0.022393,312.0,0.022392,183306252.0,3993642.840126
1753504905691,04:41:45.691,bitget,ACH/USDT:USDT,0.022392,14638.0,0.022393,312.0,0.022392,183306252.0,3993642.840126
1753504906014,04:41:46.014,bitget,ACH/USDT:USDT,0.022392,14638.0,0.022393,312.0,0.022392,183306252.0,3993642.840126
1753504906367,04:41:46.367,bitget,ACH/USDT:USDT,0.022392,14638.0,0.022393,312.0,0.022392,183306252.0,3993642.840126
1753504906740,04:41:46.740,bitget,ACH/USDT:USDT,0.022392,14638.0,0.022393,312.0,0.022392,183306252.0,3993642.840126
1753504907063,04:41:47.063,bitget,ACH/USDT:USDT,0.022392,14638.0,0.022393,312.0,0.022392,183306252.0,3993642.840126
1753504907793,04:41:47.793,bitget,ACH/USDT:USDT,0.022392,14638.0,0.022393,312.0,0.022392,183306252.0,3993642.840126
1753504908108,04:41:48.108,bitget,ACH/USDT:USDT,0.022392,14638.0,0.022393,312.0,0.022392,183306252.0,3993642.840126
1753504908426,04:41:48.426,bitget,ACH/USDT:USDT,0.022392,14638.0,0.022393,312.0,0.022392,183306252.0,3993642.840126
1753504908773,04:41:48.773,bitget,ACH/USDT:USDT,0.022392,14638.0,0.022393,312.0,0.022392,183306252.0,3993642.840126
1753504909105,04:41:49.105,bitget,ACH/USDT:USDT,0.022392,14638.0,0.022393,312.0,0.022392,183306252.0,3993642.840126
1753504909415,04:41:49.415,bitget,ACH/USDT:USDT,0.022392,14638.0,0.022393,312.0,0.022392,183306252.0,3993642.840126
1753504909728,04:41:49.728,bitget,ACH/USDT:USDT,0.022392,14638.0,0.022393,312.0,0.022392,183306252.0,3993642.840126
1753504910079,04:41:50.079,bitget,ACH/USDT:USDT,0.022392,14638.0,0.022393,312.0,0.022392,183306252.0,3993642.840126
1753504910738,04:41:50.738,bitget,ACH/USDT:USDT,0.022392,14638.0,0.022393,312.0,0.022392,183306252.0,3993642.840126
1753504911052,04:41:51.052,bitget,ACH/USDT:USDT,0.022392,14638.0,0.022393,312.0,0.022392,183306252.0,3993642.840126
1753504911464,04:41:51.464,bitget,ACH/USDT:USDT,0.022392,14638.0,0.022393,312.0,0.022392,183306252.0,3993642.840126
1753504911804,04:41:51.804,bitget,ACH/USDT:USDT,0.022392,14638.0,0.022393,312.0,0.022392,183306252.0,3993642.840126
1753504912552,04:41:52.552,bitget,ACH/USDT:USDT,0.022392,14638.0,0.022393,312.0,0.022392,183306252.0,3993642.840126
1753504913315,04:41:53.315,bitget,ACH/USDT:USDT,0.022392,14638.0,0.022393,312.0,0.022392,183306252.0,3993642.840126
1753504913713,04:41:53.713,bitget,ACH/USDT:USDT,0.022392,14638.0,0.022393,312.0,0.022392,183306252.0,3993642.840126
1753504914325,04:41:54.325,bitget,ACH/USDT:USDT,0.022392,14638.0,0.022393,312.0,0.022392,183306252.0,3993642.840126
1753504914640,04:41:54.640,bitget,ACH/USDT:USDT,0.022392,14638.0,0.022393,312.0,0.022392,183306252.0,3993642.840126
1753504915179,04:41:55.179,bitget,ACH/USDT:USDT,0.022392,14638.0,0.022393,312.0,0.022392,183306252.0,3993642.840126
1753504915916,04:41:55.916,bitget,ACH/USDT:USDT,0.022392,14638.0,0.022393,312.0,0.022392,183306252.0,3993642.840126
1753504916283,04:41:56.283,bitget,ACH/USDT:USDT,0.022392,14638.0,0.022393,312.0,0.022392,183306252.0,3993642.840126
1753504916655,04:41:56.655,bitget,ACH/USDT:USDT,0.022392,2827.0,0.022393,312.0,0.022392,183306252.0,3993642.840126
1753504916978,04:41:56.978,bitget,ACH/USDT:USDT,0.022392,2827.0,0.022393,312.0,0.022392,183306252.0,3993642.840126
1753504917392,04:41:57.392,bitget,ACH/USDT:USDT,0.02239,5606.0,0.022393,2545.0,0.022392,183306252.0,3993642.840126
1753504918201,04:41:58.201,bitget,ACH/USDT:USDT,0.022392,13663.0,0.022393,312.0,0.02239,183317464.0,3993893.876806
1753504918510,04:41:58.510,bitget,ACH/USDT:USDT,0.022392,13663.0,0.022393,312.0,0.02239,183317464.0,3993893.876806
1753504918822,04:41:58.822,bitget,ACH/USDT:USDT,0.022392,2927.0,0.022393,312.0,0.02239,183317464.0,3993893.876806
1753504919484,04:41:59.484,bitget,ACH/USDT:USDT,0.022392,2927.0,0.022393,312.0,0.02239,183317464.0,3993893.876806
1753504919801,04:41:59.801,bitget,ACH/USDT:USDT,0.02239,5633.0,0.022393,312.0,0.02239,183317464.0,3993893.876806
1753504920387,04:42:00.387,bitget,ACH/USDT:USDT,0.02239,8560.0,0.022393,312.0,0.02239,183163232.0,3990576.48517
1753504921222,04:42:01.222,bitget,ACH/USDT:USDT,0.02239,8560.0,0.022393,312.0,0.02239,183317464.0,3993893.876806
1753504921594,04:42:01.594,bitget,ACH/USDT:USDT,0.02239,2927.0,0.022393,312.0,0.02239,183163232.0,3990576.48517
1753504921987,04:42:01.987,bitget,ACH/USDT:USDT,0.02239,2927.0,0.022393,312.0,0.02239,183163232.0,3990576.48517
1753504922356,04:42:02.356,bitget,ACH/USDT:USDT,0.02239,2927.0,0.022393,312.0,0.02239,183163232.0,3990576.48517
1753504923078,04:42:03.078,bitget,ACH/USDT:USDT,0.02239,2927.0,0.022393,312.0,0.02239,183163232.0,3990576.48517
1753504923443,04:42:03.443,bitget,ACH/USDT:USDT,0.02239,2927.0,0.022393,312.0,0.02239,183163232.0,3990576.48517
1753504923763,04:42:03.763,bitget,ACH/USDT:USDT,0.02239,2927.0,0.022393,312.0,0.02239,183163232.0,3990576.48517
1753504924177,04:42:04.177,bitget,ACH/USDT:USDT,0.02239,2927.0,0.022393,312.0,0.02239,183163232.0,3990576.48517
1753504924857,04:42:04.857,bitget,ACH/USDT:USDT,0.02239,2927.0,0.022393,312.0,0.02239,183163232.0,3990576.48517
1753504925193,04:42:05.193,bitget,ACH/USDT:USDT,0.02239,2927.0,0.022393,312.0,0.02239,183163232.0,3990576.48517
1753504925587,04:42:05.587,bitget,ACH/USDT:USDT,0.02239,2927.0,0.022393,312.0,0.02239,183163232.0,3990576.48517
1753504925935,04:42:05.935,bitget,ACH/USDT:USDT,0.02239,2927.0,0.022393,312.0,0.02239,183163232.0,3990576.48517
1753504926245,04:42:06.245,bitget,ACH/USDT:USDT,0.02239,2927.0,0.022393,312.0,0.02239,183163232.0,3990576.48517
1753504926565,04:42:06.565,bitget,ACH/USDT:USDT,0.02239,2927.0,0.022393,312.0,0.02239,183163232.0,3990576.48517
1753504926928,04:42:06.928,bitget,ACH/USDT:USDT,0.02239,2927.0,0.022393,312.0,0.02239,183163232.0,3990576.48517
1753504927270,04:42:07.270,bitget,ACH/USDT:USDT,0.02239,2927.0,0.022393,312.0,0.02239,183163232.0,3990576.48517
1753504927599,04:42:07.599,bitget,ACH/USDT:USDT,0.02239,2927.0,0.022393,312.0,0.02239,183163232.0,3990576.48517
1753504927996,04:42:07.996,bitget,ACH/USDT:USDT,0.02239,2927.0,0.022393,312.0,0.02239,183163232.0,3990576.48517
1753504928497,04:42:08.497,bitget,ACH/USDT:USDT,0.02239,2927.0,0.022393,312.0,0.02239,183163232.0,3990576.48517
1753504929609,04:42:09.609,bitget,ACH/USDT:USDT,0.02239,2927.0,0.022393,312.0,0.02239,183163232.0,3990576.48517
1753504929943,04:42:09.943,bitget,ACH/USDT:USDT,0.02239,2927.0,0.022393,312.0,0.02239,183163232.0,3990576.48517
1753504930858,04:42:10.858,bitget,ACH/USDT:USDT,0.02239,2927.0,0.022393,312.0,0.02239,183163232.0,3990576.48517
1753504931659,04:42:11.659,bitget,ACH/USDT:USDT,0.02239,2927.0,0.022393,312.0,0.02239,183163232.0,3990576.48517
1753504932013,04:42:12.013,bitget,ACH/USDT:USDT,0.02239,2927.0,0.022393,312.0,0.02239,183163232.0,3990576.48517
1753504932383,04:42:12.383,bitget,ACH/USDT:USDT,0.02239,2927.0,0.022393,312.0,0.02239,183163232.0,3990576.48517
1753504932943,04:42:12.943,bitget,ACH/USDT:USDT,0.022392,13660.0,0.022393,312.0,0.02239,183163232.0,3990576.48517
1753504933288,04:42:13.288,bitget,ACH/USDT:USDT,0.022392,13660.0,0.022393,312.0,0.02239,183163232.0,3990576.48517
1753504933600,04:42:13.600,bitget,ACH/USDT:USDT,0.022392,13660.0,0.022393,312.0,0.02239,183163232.0,3990576.48517
1753504933993,04:42:13.993,bitget,ACH/USDT:USDT,0.022392,13660.0,0.022393,312.0,0.02239,183163232.0,3990576.48517
1753504934720,04:42:14.720,bitget,ACH/USDT:USDT,0.022392,13660.0,0.022393,312.0,0.02239,183163232.0,3990576.48517
1753504935128,04:42:15.128,bitget,ACH/USDT:USDT,0.022392,13660.0,0.022393,312.0,0.02239,183163232.0,3990576.48517
1753504935892,04:42:15.892,bitget,ACH/USDT:USDT,0.022392,13660.0,0.022393,312.0,0.02239,183163232.0,3990576.48517
1753504936205,04:42:16.205,bitget,ACH/USDT:USDT,0.022392,13660.0,0.022393,312.0,0.02239,183163232.0,3990576.48517
1753504936521,04:42:16.521,bitget,ACH/USDT:USDT,0.022392,13660.0,0.022393,312.0,0.02239,183163232.0,3990576.48517
1753504936895,04:42:16.895,bitget,ACH/USDT:USDT,0.022392,13660.0,0.022393,312.0,0.02239,183163232.0,3990576.48517
1753504937580,04:42:17.580,bitget,ACH/USDT:USDT,0.022392,13660.0,0.022393,312.0,0.02239,183163232.0,3990576.48517
1753504938344,04:42:18.344,bitget,ACH/USDT:USDT,0.022392,13660.0,0.022393,312.0,0.02239,183163232.0,3990576.48517
1753504938655,04:42:18.655,bitget,ACH/USDT:USDT,0.022392,13660.0,0.022393,312.0,0.02239,183163232.0,3990576.48517
1753504938969,04:42:18.969,bitget,ACH/USDT:USDT,0.022392,13660.0,0.022393,312.0,0.02239,183163232.0,3990576.48517
1753504939329,04:42:19.329,bitget,ACH/USDT:USDT,0.022392,13660.0,0.022393,312.0,0.02239,183163232.0,3990576.48517
1753504939657,04:42:19.657,bitget,ACH/USDT:USDT,0.022392,13660.0,0.022393,312.0,0.02239,183163232.0,3990576.48517
1753504939967,04:42:19.967,bitget,ACH/USDT:USDT,0.022392,13660.0,0.022393,312.0,0.02239,183163232.0,3990576.48517
1753504940402,04:42:20.402,bitget,ACH/USDT:USDT,0.022392,13660.0,0.022393,312.0,0.02239,183163232.0,3990576.48517
1753504940874,04:42:20.874,bitget,ACH/USDT:USDT,0.022392,13660.0,0.022393,312.0,0.02239,183163232.0,3990576.48517
1753504941436,04:42:21.436,bitget,ACH/USDT:USDT,0.022392,13660.0,0.022393,312.0,0.02239,183163232.0,3990576.48517
1753504941791,04:42:21.791,bitget,ACH/USDT:USDT,0.022392,13660.0,0.022393,312.0,0.02239,183163232.0,3990576.48517
1753504942107,04:42:22.107,bitget,ACH/USDT:USDT,0.022392,13660.0,0.022393,312.0,0.02239,183163232.0,3990576.48517
1753504942957,04:42:22.957,bitget,ACH/USDT:USDT,0.022398,2880.0,0.022402,2880.0,0.022393,183163232.0,3990576.48517
1753504943283,04:42:23.283,bitget,ACH/USDT:USDT,0.022398,2880.0,0.022402,2880.0,0.022393,183163856.0,3990590.458402
1753504943600,04:42:23.600,bitget,ACH/USDT:USDT,0.022398,2880.0,0.022402,2880.0,0.022393,183163856.0,3990590.458402
1753504943928,04:42:23.928,bitget,ACH/USDT:USDT,0.022398,2880.0,0.022402,2880.0,0.022393,183163856.0,3990590.458402
1753504944252,04:42:24.252,bitget,ACH/USDT:USDT,0.022398,2880.0,0.022402,2880.0,0.022393,183163856.0,3990590.458402
1753504944582,04:42:24.582,bitget,ACH/USDT:USDT,0.022398,2880.0,0.022402,2880.0,0.022393,183163232.0,3990576.48517
1753504944949,04:42:24.949,bitget,ACH/USDT:USDT,0.022402,2880.0,0.022404,16260.0,0.022393,183163856.0,3990590.458402
1753504945347,04:42:25.347,bitget,ACH/USDT:USDT,0.022401,2880.0,0.022404,2880.0,0.022393,183163856.0,3990590.458402
1753504945706,04:42:25.706,bitget,ACH/USDT:USDT,0.0224,2880.0,0.022404,2880.0,0.022393,183163856.0,3990590.458402
1753504946020,04:42:26.020,bitget,ACH/USDT:USDT,0.0224,2880.0,0.022404,2880.0,0.022393,183163856.0,3990590.458402
1753504946361,04:42:26.361,bitget,ACH/USDT:USDT,0.022399,2880.0,0.022404,2880.0,0.022393,183163856.0,3990590.458402
1753504946908,04:42:26.908,bitget,ACH/USDT:USDT,0.022399,2880.0,0.022404,2880.0,0.022393,183163856.0,3990590.458402
1753504947905,04:42:27.905,bitget,ACH/USDT:USDT,0.022399,2880.0,0.022404,2880.0,0.022393,183163856.0,3990590.458402
1753504948564,04:42:28.564,bitget,ACH/USDT:USDT,0.022399,2880.0,0.022404,2880.0,0.022393,183163856.0,3990590.458402
1753504948934,04:42:28.934,bitget,ACH/USDT:USDT,0.022396,5654.0,0.022402,2860.0,0.022393,183163856.0,3990590.458402
1753504949334,04:42:29.334,bitget,ACH/USDT:USDT,0.022397,2860.0,0.022402,2860.0,0.022393,183163856.0,3990590.458402
1753504949650,04:42:29.650,bitget,ACH/USDT:USDT,0.022397,2860.0,0.022402,2860.0,0.022393,183163856.0,3990590.458402
1753504949967,04:42:29.967,bitget,ACH/USDT:USDT,0.022397,2860.0,0.022402,2860.0,0.022399,183163856.0,3990590.458402
1753504950338,04:42:30.338,bitget,ACH/USDT:USDT,0.022397,2860.0,0.022402,2860.0,0.022399,183163856.0,3990590.458402
1753504950683,04:42:30.683,bitget,ACH/USDT:USDT,0.022397,2860.0,0.022402,2860.0,0.022399,183163856.0,3990590.458402
1753504950994,04:42:30.994,bitget,ACH/USDT:USDT,0.022397,2860.0,0.022402,2860.0,0.022399,183179116.0,3990932.267142
1753504951317,04:42:31.317,bitget,ACH/USDT:USDT,0.022397,2860.0,0.022402,2860.0,0.022399,183179116.0,3990932.267142
1753504951742,04:42:31.742,bitget,ACH/USDT:USDT,0.022397,2860.0,0.022402,2860.0,0.022399,183179116.0,3990932.267142
1753504952141,04:42:32.141,bitget,ACH/USDT:USDT,0.022397,2860.0,0.022402,2860.0,0.022399,183179116.0,3990932.267142
1753504952496,04:42:32.496,bitget,ACH/USDT:USDT,0.022397,2860.0,0.022402,2860.0,0.022399,183179116.0,3990932.267142
1753504952949,04:42:32.949,bitget,ACH/USDT:USDT,0.022397,2860.0,0.022402,2860.0,0.022399,183179116.0,3990932.267142
1753504953577,04:42:33.577,bitget,ACH/USDT:USDT,0.022397,2860.0,0.022402,2860.0,0.022399,183179116.0,3990932.267142
1753504953955,04:42:33.955,bitget,ACH/USDT:USDT,0.022397,2860.0,0.022402,2860.0,0.022399,183163856.0,3990590.458402
1753504954566,04:42:34.566,bitget,ACH/USDT:USDT,0.022397,2860.0,0.022402,2860.0,0.022399,183179116.0,3990932.267142
1753504954885,04:42:34.885,bitget,ACH/USDT:USDT,0.022397,2860.0,0.022402,2860.0,0.022399,183179116.0,3990932.267142
1753504955316,04:42:35.316,bitget,ACH/USDT:USDT,0.022397,2860.0,0.022402,2860.0,0.022399,183179116.0,3990932.267142
1753504955680,04:42:35.680,bitget,ACH/USDT:USDT,0.022397,2860.0,0.022402,2860.0,0.022399,183179116.0,3990932.267142
1753504955995,04:42:35.995,bitget,ACH/USDT:USDT,0.022397,2860.0,0.022402,2860.0,0.022399,183179116.0,3990932.267142
1753504956319,04:42:36.319,bitget,ACH/USDT:USDT,0.022397,2860.0,0.022402,2860.0,0.022399,183179116.0,3990932.267142
1753504956671,04:42:36.671,bitget,ACH/USDT:USDT,0.022397,2860.0,0.022402,2860.0,0.022399,183179116.0,3990932.267142
1753504956996,04:42:36.996,bitget,ACH/USDT:USDT,0.022397,2860.0,0.022402,2860.0,0.022399,183179116.0,3990932.267142
1753504957312,04:42:37.312,bitget,ACH/USDT:USDT,0.022397,2860.0,0.022402,2860.0,0.022399,183179116.0,3990932.267142
1753504957754,04:42:37.754,bitget,ACH/USDT:USDT,0.022396,2870.0,0.022402,2860.0,0.022399,183179116.0,3990932.267142
1753504958167,04:42:38.167,bitget,ACH/USDT:USDT,0.022396,2870.0,0.022402,2860.0,0.022399,183179116.0,3990932.267142
1753504958808,04:42:38.808,bitget,ACH/USDT:USDT,0.022396,2870.0,0.022402,2860.0,0.022399,183179116.0,3990932.267142
1753504959140,04:42:39.140,bitget,ACH/USDT:USDT,0.022396,2870.0,0.022402,2860.0,0.022399,183179116.0,3990932.267142
1753504959460,04:42:39.460,bitget,ACH/USDT:USDT,0.022396,2870.0,0.022402,2860.0,0.022399,183179116.0,3990932.267142
1753504959801,04:42:39.801,bitget,ACH/USDT:USDT,0.022394,5659.0,0.022402,2860.0,0.022399,183179116.0,3990932.267142
1753504960333,04:42:40.333,bitget,ACH/USDT:USDT,0.022394,5659.0,0.022402,2860.0,0.022399,183179116.0,3990932.267142
1753504961089,04:42:41.089,bitget,ACH/USDT:USDT,0.022393,2870.0,0.022402,2860.0,0.022399,183179116.0,3990932.267142
1753504961787,04:42:41.787,bitget,ACH/USDT:USDT,0.022394,13606.0,0.022402,2860.0,0.022399,183179116.0,3990932.267142
1753504962129,04:42:42.129,bitget,ACH/USDT:USDT,0.022394,13606.0,0.022402,2860.0,0.022399,183179116.0,3990932.267142
1753504962456,04:42:42.456,bitget,ACH/USDT:USDT,0.022394,13606.0,0.022402,2860.0,0.022399,183179116.0,3990932.267142
1753504962818,04:42:42.818,bitget,ACH/USDT:USDT,0.022394,13606.0,0.0224,2870.0,0.022399,183179116.0,3990932.267142
1753504963184,04:42:43.184,bitget,ACH/USDT:USDT,0.022394,13606.0,0.0224,2870.0,0.022399,183179116.0,3990932.267142
1753504963496,04:42:43.496,bitget,ACH/USDT:USDT,0.022395,2870.0,0.0224,2870.0,0.022399,183179116.0,3990932.267142
1753504963807,04:42:43.807,bitget,ACH/USDT:USDT,0.022395,2870.0,0.0224,2870.0,0.022399,183179116.0,3990932.267142
1753504964160,04:42:44.160,bitget,ACH/USDT:USDT,0.022395,2870.0,0.0224,2870.0,0.022399,183179116.0,3990932.267142
1753504964525,04:42:44.525,bitget,ACH/USDT:USDT,0.022395,2870.0,0.0224,2870.0,0.022399,183179116.0,3990932.267142
1753504964847,04:42:44.847,bitget,ACH/USDT:USDT,0.022395,13606.0,0.0224,2870.0,0.022396,183179116.0,3990932.267142
1753504965253,04:42:45.253,bitget,ACH/USDT:USDT,0.022396,2870.0,0.0224,2870.0,0.022396,183179116.0,3990932.267142
1753504965806,04:42:45.806,bitget,ACH/USDT:USDT,0.022397,10736.0,0.022401,2870.0,0.022396,183195402.0,3991297.008398
1753504966857,04:42:46.857,bitget,ACH/USDT:USDT,0.022397,13606.0,0.022401,2870.0,0.022396,183195402.0,3991297.008398
1753504967531,04:42:47.531,bitget,ACH/USDT:USDT,0.022397,13606.0,0.022401,2870.0,0.022396,183195402.0,3991297.008398
1753504967920,04:42:47.920,bitget,ACH/USDT:USDT,0.022397,13606.0,0.022401,2870.0,0.022396,183195402.0,3991297.008398
1753504968271,04:42:48.271,bitget,ACH/USDT:USDT,0.022397,13606.0,0.022401,2870.0,0.022396,183195402.0,3991297.008398
1753504968644,04:42:48.644,bitget,ACH/USDT:USDT,0.022397,13606.0,0.022401,2870.0,0.022396,183179116.0,3990932.267142
1753504969263,04:42:49.263,bitget,ACH/USDT:USDT,0.022398,2889.0,0.022401,2870.0,0.022396,183195402.0,3991297.008398
1753504969599,04:42:49.599,bitget,ACH/USDT:USDT,0.022398,2889.0,0.022401,2870.0,0.022396,183195402.0,3991297.008398
1753504969906,04:42:49.906,bitget,ACH/USDT:USDT,0.022398,2889.0,0.022401,2870.0,0.022396,183195402.0,3991297.008398
1753504970231,04:42:50.231,bitget,ACH/USDT:USDT,0.022398,2889.0,0.022401,2870.0,0.022396,183195402.0,3991297.008398
1753504970777,04:42:50.777,bitget,ACH/USDT:USDT,0.022398,2889.0,0.022402,2889.0,0.022396,183195402.0,3991297.008398
1753504971615,04:42:51.615,bitget,ACH/USDT:USDT,0.022401,2889.0,0.022405,2889.0,0.022396,183195402.0,3991297.008398
1753504972395,04:42:52.395,bitget,ACH/USDT:USDT,0.022401,2889.0,0.022405,2889.0,0.022396,183195402.0,3991297.008398
1753504973151,04:42:53.151,bitget,ACH/USDT:USDT,0.022401,2889.0,0.022405,2889.0,0.022396,183195402.0,3991297.008398
1753504973499,04:42:53.499,bitget,ACH/USDT:USDT,0.022401,2889.0,0.022405,2889.0,0.022396,183195402.0,3991297.008398
1753504973835,04:42:53.835,bitget,ACH/USDT:USDT,0.022401,2889.0,0.022405,2889.0,0.022396,183195402.0,3991297.008398
1753504974180,04:42:54.180,bitget,ACH/USDT:USDT,0.022401,2889.0,0.022405,2889.0,0.022396,183195402.0,3991297.008398
1753504974549,04:42:54.549,bitget,ACH/USDT:USDT,0.022401,2889.0,0.022405,2889.0,0.022396,183195402.0,3991297.008398
1753504974859,04:42:54.859,bitget,ACH/USDT:USDT,0.022401,2889.0,0.022405,2889.0,0.022396,183195402.0,3991297.008398
1753504975187,04:42:55.187,bitget,ACH/USDT:USDT,0.022398,8555.0,0.022405,2889.0,0.022396,183195402.0,3991297.008398
1753504975707,04:42:55.707,bitget,ACH/USDT:USDT,0.0224,2889.0,0.022405,2889.0,0.022396,183195402.0,3991297.008398
1753504976212,04:42:56.212,bitget,ACH/USDT:USDT,0.0224,2889.0,0.022405,2889.0,0.022396,183195402.0,3991297.008398
1753504976833,04:42:56.833,bitget,ACH/USDT:USDT,0.0224,2889.0,0.022405,2889.0,0.022396,183195402.0,3991297.008398
1753504977148,04:42:57.148,bitget,ACH/USDT:USDT,0.0224,2889.0,0.022405,2889.0,0.022396,183195402.0,3991297.008398
1753504977561,04:42:57.561,bitget,ACH/USDT:USDT,0.0224,2889.0,0.022405,2889.0,0.022396,183195402.0,3991297.008398
1753504978359,04:42:58.359,bitget,ACH/USDT:USDT,0.0224,2889.0,0.022405,2889.0,0.022396,183195402.0,3991297.008398
1753504978664,04:42:58.664,bitget,ACH/USDT:USDT,0.0224,2889.0,0.022405,2889.0,0.022396,183195402.0,3991297.008398
1753504979042,04:42:59.042,bitget,ACH/USDT:USDT,0.0224,2889.0,0.022405,2889.0,0.022396,183195402.0,3991297.008398
1753504979988,04:42:59.988,bitget,ACH/USDT:USDT,0.0224,2889.0,0.022405,2889.0,0.022402,183195402.0,3991297.008398
1753504980443,04:43:00.443,bitget,ACH/USDT:USDT,0.0224,2889.0,0.022405,2889.0,0.022402,183195402.0,3991297.008398
1753504980870,04:43:00.870,bitget,ACH/USDT:USDT,0.0224,2889.0,0.022405,2889.0,0.022402,183195402.0,3991297.008398
1753504981185,04:43:01.185,bitget,ACH/USDT:USDT,0.0224,2889.0,0.022405,2889.0,0.022402,183128294.0,3989865.576336
1753504981528,04:43:01.528,bitget,ACH/USDT:USDT,0.0224,2889.0,0.022405,2889.0,0.022402,183128294.0,3989865.576336
1753504981934,04:43:01.934,bitget,ACH/USDT:USDT,0.0224,2889.0,0.022405,2889.0,0.022402,183128294.0,3989865.576336
1753504982325,04:43:02.325,bitget,ACH/USDT:USDT,0.0224,2889.0,0.022405,2889.0,0.022402,183128294.0,3989865.576336
1753504982659,04:43:02.659,bitget,ACH/USDT:USDT,0.022398,8488.0,0.022405,2889.0,0.022402,183128294.0,3989865.576336
1753504983032,04:43:03.032,bitget,ACH/USDT:USDT,0.022399,2822.0,0.022405,2889.0,0.022402,183128294.0,3989865.576336
1753504983505,04:43:03.505,bitget,ACH/USDT:USDT,0.022399,2822.0,0.022405,2889.0,0.022402,183195402.0,3991297.008398
1753504984047,04:43:04.047,bitget,ACH/USDT:USDT,0.022399,2822.0,0.022405,2889.0,0.022402,183128294.0,3989865.576336
1753504984426,04:43:04.426,bitget,ACH/USDT:USDT,0.022399,2822.0,0.022405,2889.0,0.022402,183128294.0,3989865.576336
1753504984796,04:43:04.796,bitget,ACH/USDT:USDT,0.022399,2822.0,0.022405,2889.0,0.022402,183128294.0,3989865.576336
1753504985521,04:43:05.521,bitget,ACH/USDT:USDT,0.022397,5668.0,0.022405,2889.0,0.022402,183195402.0,3991297.008398
1753504986190,04:43:06.190,bitget,ACH/USDT:USDT,0.022398,2822.0,0.022405,2889.0,0.022402,183128294.0,3989865.576336
1753504986513,04:43:06.513,bitget,ACH/USDT:USDT,0.0224,2822.0,0.022405,2889.0,0.022402,183128294.0,3989865.576336
1753504986858,04:43:06.858,bitget,ACH/USDT:USDT,0.0224,2822.0,0.022405,2889.0,0.022402,183128294.0,3989865.576336
1753504987202,04:43:07.202,bitget,ACH/USDT:USDT,0.0224,2822.0,0.022405,2889.0,0.022402,183128294.0,3989865.576336
1753504987517,04:43:07.517,bitget,ACH/USDT:USDT,0.0224,2822.0,0.022405,2889.0,0.022402,183128294.0,3989865.576336
1753504988197,04:43:08.197,bitget,ACH/USDT:USDT,0.0224,2822.0,0.022405,2889.0,0.022402,183128294.0,3989865.576336
1753504988521,04:43:08.521,bitget,ACH/USDT:USDT,0.0224,2822.0,0.022405,2889.0,0.022402,183128294.0,3989865.576336
1753504988881,04:43:08.881,bitget,ACH/USDT:USDT,0.0224,2822.0,0.022403,2850.0,0.022402,183128294.0,3989865.576336
1753504989189,04:43:09.189,bitget,ACH/USDT:USDT,0.0224,2822.0,0.022404,2850.0,0.022402,183128294.0,3989865.576336
1753504989534,04:43:09.534,bitget,ACH/USDT:USDT,0.0224,2822.0,0.022404,2850.0,0.022402,183128294.0,3989865.576336
1753504989846,04:43:09.846,bitget,ACH/USDT:USDT,0.0224,2822.0,0.022404,2850.0,0.022402,183128294.0,3989865.576336
1753504990231,04:43:10.231,bitget,ACH/USDT:USDT,0.0224,2822.0,0.022404,2850.0,0.022402,183128294.0,3989865.576336
1753504991047,04:43:11.047,bitget,ACH/USDT:USDT,0.0224,2822.0,0.022404,2850.0,0.022402,183128294.0,3989865.576336
1753504991674,04:43:11.674,bitget,ACH/USDT:USDT,0.0224,2822.0,0.022404,2850.0,0.022402,183128294.0,3989865.576336
1753504992049,04:43:12.049,bitget,ACH/USDT:USDT,0.0224,2822.0,0.022404,2850.0,0.022402,183128294.0,3989865.576336
1753504992364,04:43:12.364,bitget,ACH/USDT:USDT,0.0224,2822.0,0.022404,2850.0,0.022402,183128294.0,3989865.576336
1753504992673,04:43:12.673,bitget,ACH/USDT:USDT,0.0224,2822.0,0.022403,2850.0,0.022402,183128294.0,3989865.576336
1753504993170,04:43:13.170,bitget,ACH/USDT:USDT,0.0224,2822.0,0.022403,2850.0,0.022402,183128294.0,3989865.576336
1753504993705,04:43:13.705,bitget,ACH/USDT:USDT,0.0224,2822.0,0.022403,2850.0,0.022402,183128294.0,3989865.576336
1753504994022,04:43:14.022,bitget,ACH/USDT:USDT,0.0224,2822.0,0.022403,2850.0,0.022402,183128294.0,3989865.576336
1753504994380,04:43:14.380,bitget,ACH/USDT:USDT,0.0224,2822.0,0.022403,2850.0,0.022402,183128294.0,3989865.576336
1753504994741,04:43:14.741,bitget,ACH/USDT:USDT,0.0224,2822.0,0.022403,2850.0,0.022402,183128294.0,3989865.576336
1753504995050,04:43:15.050,bitget,ACH/USDT:USDT,0.0224,2822.0,0.022406,86285.0,0.022402,183128294.0,3989865.576336
1753504995377,04:43:15.377,bitget,ACH/USDT:USDT,0.0224,2822.0,0.022404,2850.0,0.022401,183128294.0,3989865.576336
1753504995855,04:43:15.855,bitget,ACH/USDT:USDT,0.0224,2822.0,0.022404,2850.0,0.022401,183128294.0,3989865.576336
1753504996401,04:43:16.401,bitget,ACH/USDT:USDT,0.0224,2822.0,0.022404,2850.0,0.022401,183145202.0,3990244.332444
1753504996743,04:43:16.743,bitget,ACH/USDT:USDT,0.0224,2822.0,0.022404,2850.0,0.022401,183145202.0,3990244.332444
1753504997077,04:43:17.077,bitget,ACH/USDT:USDT,0.0224,2822.0,0.022404,2850.0,0.022401,183145202.0,3990244.332444
1753504997395,04:43:17.395,bitget,ACH/USDT:USDT,0.0224,2822.0,0.022404,2850.0,0.022401,183145202.0,3990244.332444
1753504997714,04:43:17.714,bitget,ACH/USDT:USDT,0.0224,2822.0,0.022404,2850.0,0.022401,183145202.0,3990244.332444
1753504998098,04:43:18.098,bitget,ACH/USDT:USDT,0.0224,2822.0,0.022404,2850.0,0.022401,183145202.0,3990244.332444
1753504998730,04:43:18.730,bitget,ACH/USDT:USDT,0.0224,2822.0,0.022404,2850.0,0.022401,183145202.0,3990244.332444
1753504999057,04:43:19.057,bitget,ACH/USDT:USDT,0.0224,2822.0,0.022404,2850.0,0.022401,183145202.0,3990244.332444
1753504999450,04:43:19.450,bitget,ACH/USDT:USDT,0.0224,2822.0,0.022404,2850.0,0.022401,183145202.0,3990244.332444
1753504999762,04:43:19.762,bitget,ACH/USDT:USDT,0.0224,2822.0,0.022404,2850.0,0.022401,183145202.0,3990244.332444
1753505000100,04:43:20.100,bitget,ACH/USDT:USDT,0.0224,2822.0,0.022404,2850.0,0.022401,183145202.0,3990244.332444
1753505000542,04:43:20.542,bitget,ACH/USDT:USDT,0.0224,2822.0,0.022404,2850.0,0.022401,183128294.0,3989865.576336
1753505001132,04:43:21.132,bitget,ACH/USDT:USDT,0.0224,2822.0,0.022404,2850.0,0.022401,183145202.0,3990244.332444
1753505001467,04:43:21.467,bitget,ACH/USDT:USDT,0.0224,2822.0,0.022404,2850.0,0.022401,183145202.0,3990244.332444
1753505001823,04:43:21.823,bitget,ACH/USDT:USDT,0.0224,2822.0,0.022404,2850.0,0.022401,183145202.0,3990244.332444
1753505002185,04:43:22.185,bitget,ACH/USDT:USDT,0.0224,2822.0,0.022404,2850.0,0.022401,183145202.0,3990244.332444
1753505002487,04:43:22.487,bitget,ACH/USDT:USDT,0.0224,2822.0,0.022404,2850.0,0.022401,183145202.0,3990244.332444
1753505002841,04:43:22.841,bitget,ACH/USDT:USDT,0.0224,2822.0,0.022404,2850.0,0.022401,183145202.0,3990244.332444
1753505003335,04:43:23.335,bitget,ACH/USDT:USDT,0.0224,2822.0,0.022404,2850.0,0.022401,183145202.0,3990244.332444
1753505003648,04:43:23.648,bitget,ACH/USDT:USDT,0.0224,2822.0,0.022404,2850.0,0.022401,183145202.0,3990244.332444
1753505003964,04:43:23.964,bitget,ACH/USDT:USDT,0.0224,2822.0,0.022404,2850.0,0.022401,183145202.0,3990244.332444
1753505004660,04:43:24.660,bitget,ACH/USDT:USDT,0.0224,2822.0,0.022404,2850.0,0.022401,183145202.0,3990244.332444
1753505004967,04:43:24.967,bitget,ACH/USDT:USDT,0.0224,2822.0,0.022404,2850.0,0.022401,183145202.0,3990244.332444
1753505005366,04:43:25.366,bitget,ACH/USDT:USDT,0.0224,2822.0,0.022404,2850.0,0.022401,183145202.0,3990244.332444
1753505005794,04:43:25.794,bitget,ACH/USDT:USDT,0.0224,2822.0,0.022404,2850.0,0.022401,183145202.0,3990244.332444
1753505006336,04:43:26.336,bitget,ACH/USDT:USDT,0.0224,2822.0,0.022404,2850.0,0.022401,183145202.0,3990244.332444
1753505006685,04:43:26.685,bitget,ACH/USDT:USDT,0.0224,2822.0,0.022404,2850.0,0.022401,183145202.0,3990244.332444
1753505007013,04:43:27.013,bitget,ACH/USDT:USDT,0.0224,2822.0,0.022404,2850.0,0.022401,183145202.0,3990244.332444
1753505007324,04:43:27.324,bitget,ACH/USDT:USDT,0.0224,2822.0,0.022404,2850.0,0.022401,183145202.0,3990244.332444
1753505007694,04:43:27.694,bitget,ACH/USDT:USDT,0.0224,2822.0,0.022404,2850.0,0.022401,183145202.0,3990244.332444
1753505008070,04:43:28.070,bitget,ACH/USDT:USDT,0.0224,2822.0,0.022404,2850.0,0.022401,183145202.0,3990244.332444
1753505008425,04:43:28.425,bitget,ACH/USDT:USDT,0.0224,2822.0,0.022404,2850.0,0.022401,183145202.0,3990244.332444
1753505008738,04:43:28.738,bitget,ACH/USDT:USDT,0.0224,2822.0,0.022404,2850.0,0.022401,183145202.0,3990244.332444
1753505009390,04:43:29.390,bitget,ACH/USDT:USDT,0.022402,13547.0,0.022405,2811.0,0.022401,183145202.0,3990244.332444
1753505009700,04:43:29.700,bitget,ACH/USDT:USDT,0.022402,13547.0,0.022405,2811.0,0.022401,183145202.0,3990244.332444
1753505010091,04:43:30.091,bitget,ACH/USDT:USDT,0.022402,13547.0,0.022405,2811.0,0.022401,183145202.0,3990244.332444
1753505010904,04:43:30.904,bitget,ACH/USDT:USDT,0.022402,13547.0,0.022405,2811.0,0.022401,183145202.0,3990244.332444
1753505011906,04:43:31.906,bitget,ACH/USDT:USDT,0.022401,2811.0,0.022405,2811.0,0.022401,183145202.0,3990244.332444
1753505012683,04:43:32.683,bitget,ACH/USDT:USDT,0.022401,2811.0,0.022405,2811.0,0.022401,183145202.0,3990244.332444
1753505013134,04:43:33.134,bitget,ACH/USDT:USDT,0.022401,2811.0,0.022405,2811.0,0.022401,183145202.0,3990244.332444
1753505013562,04:43:33.562,bitget,ACH/USDT:USDT,0.022401,2811.0,0.022405,2811.0,0.022401,183145202.0,3990244.332444
1753505014228,04:43:34.228,bitget,ACH/USDT:USDT,0.022401,2811.0,0.022405,2811.0,0.022401,183145202.0,3990244.332444
1753505014721,04:43:34.721,bitget,ACH/USDT:USDT,0.022401,2811.0,0.022405,2811.0,0.022401,183145202.0,3990244.332444
1753505015845,04:43:35.845,bitget,ACH/USDT:USDT,0.022402,13547.0,0.022404,3050.0,0.022401,183145202.0,3990244.332444
1753505016177,04:43:36.177,bitget,ACH/USDT:USDT,0.022402,13547.0,0.022404,3050.0,0.022401,183145202.0,3990244.332444
1753505016497,04:43:36.497,bitget,ACH/USDT:USDT,0.022402,10736.0,0.022404,3050.0,0.022401,183145202.0,3990244.332444
1753505016853,04:43:36.853,bitget,ACH/USDT:USDT,0.022402,10736.0,0.022404,239.0,0.022401,183145202.0,3990244.332444
1753505017190,04:43:37.190,bitget,ACH/USDT:USDT,0.022402,10736.0,0.022403,2895.0,0.022401,183145202.0,3990244.332444
1753505017510,04:43:37.510,bitget,ACH/USDT:USDT,0.022402,10736.0,0.022403,2895.0,0.022401,183145202.0,3990244.332444
1753505017843,04:43:37.843,bitget,ACH/USDT:USDT,0.022402,10736.0,0.022404,3134.0,0.022401,183145202.0,3990244.332444
1753505018787,04:43:38.787,bitget,ACH/USDT:USDT,0.022402,10736.0,0.022403,2895.0,0.022401,183145202.0,3990244.332444
1753505019122,04:43:39.122,bitget,ACH/USDT:USDT,0.022402,10736.0,0.022403,2895.0,0.022401,183145202.0,3990244.332444
1753505019592,04:43:39.592,bitget,ACH/USDT:USDT,0.022402,10736.0,0.022403,2895.0,0.022401,183145202.0,3990244.332444
1753505020162,04:43:40.162,bitget,ACH/USDT:USDT,0.022402,10736.0,0.022403,2895.0,0.022401,183145202.0,3990244.332444
