timestamp,time,exchange,symbol,bid,bidVolume,ask,askVolume,lastPrice,baseVolume,quoteVolume
1753504792743,04:39:52.743,bitget,ADA/USDT:USDT,0.827,64091.0,0.8271,26138.0,0.8274,276661594.0,221559802.0448
1753504793724,04:39:53.724,bitget,ADA/USDT:USDT,0.827,65333.0,0.8271,27737.0,0.8274,276661594.0,221559802.0448
1753504794808,04:39:54.808,bitget,ADA/USDT:USDT,0.8271,11484.0,0.8272,39219.0,0.8274,276661594.0,221559802.0448
1753504795121,04:39:55.121,bitget,ADA/USDT:USDT,0.8271,44547.0,0.8272,64719.0,0.8274,276661594.0,221559802.0448
1753504795504,04:39:55.504,bitget,ADA/USDT:USDT,0.8271,44547.0,0.8272,39219.0,0.8274,276661594.0,221559802.0448
1753504795836,04:39:55.836,bitget,ADA/USDT:USDT,0.8271,44547.0,0.8272,39219.0,0.8274,276661594.0,221559802.0448
1753504796149,04:39:56.149,bitget,ADA/USDT:USDT,0.8271,44547.0,0.8272,62719.0,0.8274,276661594.0,221559802.0448
1753504796525,04:39:56.525,bitget,ADA/USDT:USDT,0.8271,44547.0,0.8272,39219.0,0.8274,276661594.0,221559802.0448
1753504796894,04:39:56.894,bitget,ADA/USDT:USDT,0.8271,44547.0,0.8272,39219.0,0.8274,276661594.0,221559802.0448
1753504797212,04:39:57.212,bitget,ADA/USDT:USDT,0.8271,44547.0,0.8272,39219.0,0.8274,276661594.0,221559802.0448
1753504797524,04:39:57.524,bitget,ADA/USDT:USDT,0.8271,44547.0,0.8272,39219.0,0.8274,276661594.0,221559802.0448
1753504797859,04:39:57.859,bitget,ADA/USDT:USDT,0.8271,53547.0,0.8272,39219.0,0.8274,276661594.0,221559802.0448
1753504798257,04:39:58.257,bitget,ADA/USDT:USDT,0.8271,53547.0,0.8272,22656.0,0.8274,276661594.0,221559802.0448
1753504798892,04:39:58.892,bitget,ADA/USDT:USDT,0.8271,29294.0,0.8272,67878.0,0.8274,276661594.0,221559802.0448
1753504799265,04:39:59.265,bitget,ADA/USDT:USDT,0.8271,28047.0,0.8272,67878.0,0.8274,276661594.0,221559802.0448
1753504799612,04:39:59.612,bitget,ADA/USDT:USDT,0.8271,28047.0,0.8272,67878.0,0.8274,276661594.0,221559802.0448
1753504799973,04:39:59.973,bitget,ADA/USDT:USDT,0.8271,28047.0,0.8272,67878.0,0.8274,276661594.0,221559802.0448
1753504800733,04:40:00.733,bitget,ADA/USDT:USDT,0.8271,44979.0,0.8272,43378.0,0.8271,276468578.0,221403881.9126
1753504801674,04:40:01.674,bitget,ADA/USDT:USDT,0.8271,24433.0,0.8272,45368.0,0.8271,276661594.0,221559802.0448
1753504802135,04:40:02.135,bitget,ADA/USDT:USDT,0.8271,2454.0,0.8272,75523.0,0.8271,276480714.0,221413919.5982
1753504803047,04:40:03.047,bitget,ADA/USDT:USDT,0.8271,855.0,0.8272,66868.0,0.8271,276480714.0,221413919.5982
1753504803421,04:40:03.421,bitget,ADA/USDT:USDT,0.8271,2454.0,0.8272,66868.0,0.8271,276480714.0,221413919.5982
1753504803752,04:40:03.752,bitget,ADA/USDT:USDT,0.8271,14505.0,0.8272,66868.0,0.8271,276480714.0,221413919.5982
1753504804062,04:40:04.062,bitget,ADA/USDT:USDT,0.8271,14505.0,0.8272,66868.0,0.8271,276480714.0,221413919.5982
1753504804398,04:40:04.398,bitget,ADA/USDT:USDT,0.827,24449.0,0.8271,56424.0,0.8271,276480714.0,221413919.5982
1753504804826,04:40:04.826,bitget,ADA/USDT:USDT,0.827,24449.0,0.8271,60523.0,0.8271,276483650.0,221416347.891
1753504805506,04:40:05.506,bitget,ADA/USDT:USDT,0.827,41517.0,0.8271,37127.0,0.8271,276483650.0,221416347.891
1753504805854,04:40:05.854,bitget,ADA/USDT:USDT,0.827,41517.0,0.8271,62627.0,0.8271,276483650.0,221416347.891
1753504806500,04:40:06.500,bitget,ADA/USDT:USDT,0.827,41517.0,0.8271,62627.0,0.8271,276483650.0,221416347.891
1753504806881,04:40:06.881,bitget,ADA/USDT:USDT,0.827,41517.0,0.8271,56059.0,0.8271,276483650.0,221416347.891
1753504807244,04:40:07.244,bitget,ADA/USDT:USDT,0.827,41517.0,0.8271,55139.0,0.8271,276524550.0,221450176.281
1753504807559,04:40:07.559,bitget,ADA/USDT:USDT,0.827,41517.0,0.8271,55139.0,0.8271,276524550.0,221450176.281
1753504807872,04:40:07.872,bitget,ADA/USDT:USDT,0.827,44517.0,0.8271,41586.0,0.8271,276524550.0,221450176.281
1753504808216,04:40:08.216,bitget,ADA/USDT:USDT,0.827,44517.0,0.8271,41586.0,0.8271,276524550.0,221450176.281
1753504808547,04:40:08.547,bitget,ADA/USDT:USDT,0.827,41517.0,0.8271,54586.0,0.8271,276524550.0,221450176.281
1753504808859,04:40:08.859,bitget,ADA/USDT:USDT,0.827,41517.0,0.8271,54586.0,0.8271,276524550.0,221450176.281
1753504809169,04:40:09.169,bitget,ADA/USDT:USDT,0.827,41517.0,0.8271,34086.0,0.8271,276524550.0,221450176.281
1753504809564,04:40:09.564,bitget,ADA/USDT:USDT,0.827,41517.0,0.8271,28206.0,0.8271,276524550.0,221450176.281
1753504809882,04:40:09.882,bitget,ADA/USDT:USDT,0.827,41517.0,0.8271,28206.0,0.8271,276524550.0,221450176.281
1753504810500,04:40:10.500,bitget,ADA/USDT:USDT,0.827,45350.0,0.8271,16327.0,0.8271,276524550.0,221450176.281
1753504810831,04:40:10.831,bitget,ADA/USDT:USDT,0.827,45350.0,0.8271,16327.0,0.8271,276524550.0,221450176.281
1753504811153,04:40:11.153,bitget,ADA/USDT:USDT,0.827,45350.0,0.8271,16327.0,0.8271,276524550.0,221450176.281
1753504811468,04:40:11.468,bitget,ADA/USDT:USDT,0.827,45350.0,0.8271,14728.0,0.8271,276524550.0,221450176.281
1753504811873,04:40:11.873,bitget,ADA/USDT:USDT,0.827,45350.0,0.8271,16940.0,0.8271,276480714.0,221413919.5982
1753504812566,04:40:12.566,bitget,ADA/USDT:USDT,0.827,42350.0,0.8271,18444.0,0.8271,276524550.0,221450176.281
1753504812873,04:40:12.873,bitget,ADA/USDT:USDT,0.827,45350.0,0.8271,17891.0,0.8271,276524550.0,221450176.281
1753504813231,04:40:13.231,bitget,ADA/USDT:USDT,0.827,45350.0,0.8271,15942.0,0.8271,276524550.0,221450176.281
1753504813594,04:40:13.594,bitget,ADA/USDT:USDT,0.827,45350.0,0.8271,18473.0,0.8271,276524550.0,221450176.281
1753504813904,04:40:13.904,bitget,ADA/USDT:USDT,0.827,44517.0,0.8271,55070.0,0.8271,276524550.0,221450176.281
1753504814266,04:40:14.266,bitget,ADA/USDT:USDT,0.827,44517.0,0.8271,55070.0,0.8271,276524550.0,221450176.281
1753504814671,04:40:14.671,bitget,ADA/USDT:USDT,0.827,44517.0,0.8271,30070.0,0.8271,276524550.0,221450176.281
1753504814993,04:40:14.993,bitget,ADA/USDT:USDT,0.827,44517.0,0.8271,30070.0,0.8271,276524550.0,221450176.281
1753504815312,04:40:15.312,bitget,ADA/USDT:USDT,0.827,44517.0,0.8271,16677.0,0.8271,276524550.0,221450176.281
1753504815697,04:40:15.697,bitget,ADA/USDT:USDT,0.827,44517.0,0.8271,16677.0,0.8271,276524550.0,221450176.281
1753504816025,04:40:16.025,bitget,ADA/USDT:USDT,0.827,44517.0,0.8271,16327.0,0.8271,276524550.0,221450176.281
1753504816665,04:40:16.665,bitget,ADA/USDT:USDT,0.8273,30763.0,0.8274,24333.0,0.8272,276524550.0,221450176.281
1753504817580,04:40:17.580,bitget,ADA/USDT:USDT,0.8273,35992.0,0.8274,43395.0,0.8272,276524550.0,221450176.281
1753504817895,04:40:17.895,bitget,ADA/USDT:USDT,0.8273,20141.0,0.8274,68895.0,0.8272,276524550.0,221450176.281
1753504818253,04:40:18.253,bitget,ADA/USDT:USDT,0.8273,20141.0,0.8274,68895.0,0.8272,276527748.0,221452821.6666
1753504818599,04:40:18.599,bitget,ADA/USDT:USDT,0.8273,20141.0,0.8274,68895.0,0.8272,276527748.0,221452821.6666
1753504818910,04:40:18.910,bitget,ADA/USDT:USDT,0.8273,20141.0,0.8274,68895.0,0.8272,276527748.0,221452821.6666
1753504819249,04:40:19.249,bitget,ADA/USDT:USDT,0.8273,18542.0,0.8274,68895.0,0.8272,276527748.0,221452821.6666
1753504819628,04:40:19.628,bitget,ADA/USDT:USDT,0.8273,18542.0,0.8274,68895.0,0.8272,276527748.0,221452821.6666
1753504819940,04:40:19.940,bitget,ADA/USDT:USDT,0.8273,18542.0,0.8274,68895.0,0.8272,276527748.0,221452821.6666
1753504820251,04:40:20.251,bitget,ADA/USDT:USDT,0.8273,20141.0,0.8274,68895.0,0.8272,276527748.0,221452821.6666
1753504820596,04:40:20.596,bitget,ADA/USDT:USDT,0.8273,18542.0,0.8274,72070.0,0.8272,276527748.0,221452821.6666
1753504820925,04:40:20.925,bitget,ADA/USDT:USDT,0.8273,20141.0,0.8274,68895.0,0.8272,276527748.0,221452821.6666
1753504821241,04:40:21.241,bitget,ADA/USDT:USDT,0.8273,18542.0,0.8274,68895.0,0.8272,276527748.0,221452821.6666
1753504821550,04:40:21.550,bitget,ADA/USDT:USDT,0.8273,20141.0,0.8274,68895.0,0.8272,276527748.0,221452821.6666
1753504821925,04:40:21.925,bitget,ADA/USDT:USDT,0.8273,20141.0,0.8274,68895.0,0.8272,276527748.0,221452821.6666
1753504822275,04:40:22.275,bitget,ADA/USDT:USDT,0.8273,20141.0,0.8274,68895.0,0.8272,276527748.0,221452821.6666
1753504822579,04:40:22.579,bitget,ADA/USDT:USDT,0.8273,20141.0,0.8274,68895.0,0.8272,276527748.0,221452821.6666
1753504822901,04:40:22.901,bitget,ADA/USDT:USDT,0.8273,20141.0,0.8274,68895.0,0.8272,276527748.0,221452821.6666
1753504823686,04:40:23.686,bitget,ADA/USDT:USDT,0.8273,20141.0,0.8274,68895.0,0.8272,276527748.0,221452821.6666
1753504824011,04:40:24.011,bitget,ADA/USDT:USDT,0.8271,82422.0,0.8272,2323.0,0.8272,276527748.0,221452821.6666
1753504824426,04:40:24.426,bitget,ADA/USDT:USDT,0.8271,108485.0,0.8272,16089.0,0.8272,276527748.0,221452821.6666
1753504824745,04:40:24.745,bitget,ADA/USDT:USDT,0.8271,108485.0,0.8272,16089.0,0.8272,276527748.0,221452821.6666
1753504825049,04:40:25.049,bitget,ADA/USDT:USDT,0.8271,98985.0,0.8272,9198.0,0.8272,276527748.0,221452821.6666
1753504825369,04:40:25.369,bitget,ADA/USDT:USDT,0.8271,98985.0,0.8272,13286.0,0.8272,276527748.0,221452821.6666
1753504826046,04:40:26.046,bitget,ADA/USDT:USDT,0.8271,855.0,0.8272,44460.0,0.8272,276527748.0,221452821.6666
1753504826358,04:40:26.358,bitget,ADA/USDT:USDT,0.8271,855.0,0.8272,44460.0,0.8272,276527748.0,221452821.6666
1753504826730,04:40:26.730,bitget,ADA/USDT:USDT,0.8271,505.0,0.8272,59960.0,0.8272,276527748.0,221452821.6666
1753504827161,04:40:27.161,bitget,ADA/USDT:USDT,0.827,2770.0,0.8271,73449.0,0.827,276527748.0,221452821.6666
1753504827920,04:40:27.920,bitget,ADA/USDT:USDT,0.827,2747.0,0.8271,73449.0,0.827,276528476.0,221453423.7226
1753504828726,04:40:28.726,bitget,ADA/USDT:USDT,0.827,46197.0,0.8271,71415.0,0.827,276528476.0,221453423.7226
1753504829763,04:40:29.763,bitget,ADA/USDT:USDT,0.827,19355.0,0.8271,71415.0,0.827,276528476.0,221453423.7226
1753504830073,04:40:30.073,bitget,ADA/USDT:USDT,0.827,20954.0,0.8271,71415.0,0.827,276527748.0,221452821.6666
1753504830493,04:40:30.493,bitget,ADA/USDT:USDT,0.827,44517.0,0.8271,45915.0,0.827,276528476.0,221453423.7226
1753504830846,04:40:30.846,bitget,ADA/USDT:USDT,0.827,44517.0,0.8271,45915.0,0.827,276528476.0,221453423.7226
1753504831162,04:40:31.162,bitget,ADA/USDT:USDT,0.827,45329.0,0.8271,15339.0,0.827,276528476.0,221453423.7226
1753504831525,04:40:31.525,bitget,ADA/USDT:USDT,0.827,45329.0,0.8271,15339.0,0.827,276528476.0,221453423.7226
1753504831978,04:40:31.978,bitget,ADA/USDT:USDT,0.827,60668.0,0.8272,35356.0,0.827,276528476.0,221453423.7226
1753504832553,04:40:32.553,bitget,ADA/USDT:USDT,0.8271,2491.0,0.8272,57571.0,0.827,276528476.0,221453423.7226
1753504832881,04:40:32.881,bitget,ADA/USDT:USDT,0.827,37785.0,0.8271,22428.0,0.8271,276528476.0,221453423.7226
1753504833266,04:40:33.266,bitget,ADA/USDT:USDT,0.827,31879.0,0.8271,22428.0,0.8271,276528476.0,221453423.7226
1753504833606,04:40:33.606,bitget,ADA/USDT:USDT,0.827,31879.0,0.8271,22428.0,0.8271,276528476.0,221453423.7226
1753504833930,04:40:33.930,bitget,ADA/USDT:USDT,0.827,52879.0,0.8271,26589.0,0.8271,276529622.0,221454371.5792
1753504834249,04:40:34.249,bitget,ADA/USDT:USDT,0.827,4329.0,0.8271,43152.0,0.8271,276529622.0,221454371.5792
1753504834658,04:40:34.658,bitget,ADA/USDT:USDT,0.827,46389.0,0.8271,43152.0,0.8271,276529622.0,221454371.5792
1753504835070,04:40:35.070,bitget,ADA/USDT:USDT,0.827,46389.0,0.8271,43152.0,0.8271,276529622.0,221454371.5792
1753504835389,04:40:35.389,bitget,ADA/USDT:USDT,0.827,46389.0,0.8271,43152.0,0.8271,276529622.0,221454371.5792
1753504835732,04:40:35.732,bitget,ADA/USDT:USDT,0.827,25066.0,0.8271,43152.0,0.8271,276529622.0,221454371.5792
1753504836085,04:40:36.085,bitget,ADA/USDT:USDT,0.827,21569.0,0.8271,43152.0,0.8271,276529622.0,221454371.5792
1753504836415,04:40:36.415,bitget,ADA/USDT:USDT,0.827,21569.0,0.8271,43152.0,0.8271,276529622.0,221454371.5792
1753504836736,04:40:36.736,bitget,ADA/USDT:USDT,0.827,18131.0,0.8271,63152.0,0.8271,276529622.0,221454371.5792
1753504837236,04:40:37.236,bitget,ADA/USDT:USDT,0.827,18131.0,0.8271,63152.0,0.8271,276529622.0,221454371.5792
1753504837964,04:40:37.964,bitget,ADA/USDT:USDT,0.827,1568.0,0.8271,63152.0,0.8271,276529622.0,221454371.5792
1753504838352,04:40:38.352,bitget,ADA/USDT:USDT,0.8266,102178.0,0.8267,3239.0,0.8268,276529622.0,221454371.5792
1753504838712,04:40:38.712,bitget,ADA/USDT:USDT,0.8266,21520.0,0.8267,35491.0,0.8266,276529622.0,221454371.5792
1753504839025,04:40:39.025,bitget,ADA/USDT:USDT,0.8267,54760.0,0.8268,23380.0,0.8267,276529622.0,221454371.5792
1753504839346,04:40:39.346,bitget,ADA/USDT:USDT,0.8267,20152.0,0.8268,40796.0,0.8267,276540136.0,221463065.3146
1753504839806,04:40:39.806,bitget,ADA/USDT:USDT,0.8266,37630.0,0.8267,53565.0,0.8267,276529622.0,221454371.5792
1753504840308,04:40:40.308,bitget,ADA/USDT:USDT,0.8266,3589.0,0.8267,60065.0,0.8267,276546494.0,221468321.4732
1753504841500,04:40:41.500,bitget,ADA/USDT:USDT,0.8266,12490.0,0.8267,60065.0,0.8267,276546494.0,221468321.4732
1753504841867,04:40:41.867,bitget,ADA/USDT:USDT,0.8266,1990.0,0.8267,60065.0,0.8267,276546494.0,221468321.4732
1753504842225,04:40:42.225,bitget,ADA/USDT:USDT,0.8266,1990.0,0.8267,60065.0,0.8267,276546494.0,221468321.4732
1753504842536,04:40:42.536,bitget,ADA/USDT:USDT,0.8266,1640.0,0.8267,60065.0,0.8267,276546494.0,221468321.4732
1753504842847,04:40:42.847,bitget,ADA/USDT:USDT,0.8264,48225.0,0.8265,6436.0,0.8264,276546494.0,221468321.4732
1753504843210,04:40:43.210,bitget,ADA/USDT:USDT,0.8263,78506.0,0.8264,2461.0,0.8264,276546494.0,221468321.4732
1753504843999,04:40:43.999,bitget,ADA/USDT:USDT,0.8264,64526.0,0.8265,33501.0,0.8264,276546494.0,221468321.4732
1753504844462,04:40:44.462,bitget,ADA/USDT:USDT,0.8265,76779.0,0.8266,17288.0,0.8264,276549252.0,221470600.8874
1753504845261,04:40:45.261,bitget,ADA/USDT:USDT,0.8265,76779.0,0.8266,17288.0,0.8264,276549252.0,221470600.8874
1753504845618,04:40:45.618,bitget,ADA/USDT:USDT,0.8265,45652.0,0.8266,47295.0,0.8264,276549252.0,221470600.8874
1753504845959,04:40:45.959,bitget,ADA/USDT:USDT,0.8265,45652.0,0.8266,47295.0,0.8264,276549252.0,221470600.8874
1753504846282,04:40:46.282,bitget,ADA/USDT:USDT,0.8265,45652.0,0.8266,41295.0,0.8264,276540136.0,221463065.3146
1753504846970,04:40:46.970,bitget,ADA/USDT:USDT,0.8265,3589.0,0.8266,41295.0,0.8264,276549252.0,221470600.8874
1753504847341,04:40:47.341,bitget,ADA/USDT:USDT,0.8265,3589.0,0.8266,41295.0,0.8264,276546494.0,221468321.4732
1753504847853,04:40:47.853,bitget,ADA/USDT:USDT,0.8264,2809.0,0.8265,38998.0,0.8264,276549252.0,221470600.8874
1753504848820,04:40:48.820,bitget,ADA/USDT:USDT,0.8264,29908.0,0.8265,38041.0,0.8264,276546494.0,221468321.4732
1753504849646,04:40:49.646,bitget,ADA/USDT:USDT,0.8264,27490.0,0.8265,44767.0,0.8264,276549252.0,221470600.8874
1753504849960,04:40:49.960,bitget,ADA/USDT:USDT,0.8264,27490.0,0.8265,44767.0,0.8264,276549252.0,221470600.8874
1753504850276,04:40:50.276,bitget,ADA/USDT:USDT,0.8264,3589.0,0.8265,61267.0,0.8264,276549252.0,221470600.8874
1753504850663,04:40:50.663,bitget,ADA/USDT:USDT,0.8264,1990.0,0.8265,61267.0,0.8264,276549252.0,221470600.8874
1753504850981,04:40:50.981,bitget,ADA/USDT:USDT,0.8264,1990.0,0.8265,61267.0,0.8264,276549252.0,221470600.8874
1753504851289,04:40:51.289,bitget,ADA/USDT:USDT,0.8264,4408.0,0.8265,36767.0,0.8264,276549252.0,221470600.8874
1753504851669,04:40:51.669,bitget,ADA/USDT:USDT,0.8264,3589.0,0.8265,44767.0,0.8264,276549252.0,221470600.8874
1753504852055,04:40:52.055,bitget,ADA/USDT:USDT,0.8264,4408.0,0.8265,36767.0,0.8264,276549252.0,221470600.8874
1753504852364,04:40:52.364,bitget,ADA/USDT:USDT,0.8264,4408.0,0.8265,36767.0,0.8264,276549252.0,221470600.8874
1753504852679,04:40:52.679,bitget,ADA/USDT:USDT,0.8264,29908.0,0.8265,31722.0,0.8264,276549252.0,221470600.8874
1753504853068,04:40:53.068,bitget,ADA/USDT:USDT,0.8264,29908.0,0.8265,31722.0,0.8264,276549252.0,221470600.8874
1753504853407,04:40:53.407,bitget,ADA/USDT:USDT,0.8264,29908.0,0.8265,31722.0,0.8264,276549252.0,221470600.8874
1753504853717,04:40:53.717,bitget,ADA/USDT:USDT,0.8264,46471.0,0.8265,16938.0,0.8264,276549252.0,221470600.8874
1753504854032,04:40:54.032,bitget,ADA/USDT:USDT,0.8264,46471.0,0.8265,22305.0,0.8264,276549252.0,221470600.8874
1753504854428,04:40:54.428,bitget,ADA/USDT:USDT,0.8264,46471.0,0.8265,39218.0,0.8264,276549252.0,221470600.8874
1753504855072,04:40:55.072,bitget,ADA/USDT:USDT,0.8264,46471.0,0.8265,39218.0,0.8264,276549252.0,221470600.8874
1753504855450,04:40:55.450,bitget,ADA/USDT:USDT,0.8264,46471.0,0.8265,33851.0,0.8264,276549252.0,221470600.8874
1753504855799,04:40:55.799,bitget,ADA/USDT:USDT,0.8264,46050.0,0.8265,33851.0,0.8264,276550094.0,221471296.7162
1753504856108,04:40:56.108,bitget,ADA/USDT:USDT,0.8264,46050.0,0.8265,33851.0,0.8264,276550094.0,221471296.7162
1753504856770,04:40:56.770,bitget,ADA/USDT:USDT,0.8264,46050.0,0.8265,34315.0,0.8264,276550094.0,221471296.7162
1753504857443,04:40:57.443,bitget,ADA/USDT:USDT,0.8264,46050.0,0.8265,34315.0,0.8264,276550094.0,221471296.7162
1753504857764,04:40:57.764,bitget,ADA/USDT:USDT,0.8264,46050.0,0.8265,34315.0,0.8264,276550094.0,221471296.7162
1753504858383,04:40:58.383,bitget,ADA/USDT:USDT,0.8264,46050.0,0.8265,34315.0,0.8264,276550094.0,221471296.7162
1753504858694,04:40:58.694,bitget,ADA/USDT:USDT,0.8264,3987.0,0.8265,57315.0,0.8264,276550094.0,221471296.7162
1753504859058,04:40:59.058,bitget,ADA/USDT:USDT,0.8264,3987.0,0.8265,62360.0,0.8264,276550094.0,221471296.7162
1753504859931,04:40:59.931,bitget,ADA/USDT:USDT,0.8264,23987.0,0.8265,62360.0,0.8264,276550094.0,221471296.7162
1753504860253,04:41:00.253,bitget,ADA/USDT:USDT,0.8264,23987.0,0.8265,62360.0,0.8264,276550094.0,221471296.7162
1753504860617,04:41:00.617,bitget,ADA/USDT:USDT,0.8264,23987.0,0.8265,39360.0,0.8264,276550094.0,221471296.7162
1753504860929,04:41:00.929,bitget,ADA/USDT:USDT,0.8264,23987.0,0.8265,39360.0,0.8264,276550094.0,221471296.7162
1753504861242,04:41:01.242,bitget,ADA/USDT:USDT,0.8264,23987.0,0.8265,39360.0,0.8264,276550094.0,221471296.7162
1753504861631,04:41:01.631,bitget,ADA/USDT:USDT,0.8264,29487.0,0.8265,39360.0,0.8264,276550094.0,221471296.7162
1753504862327,04:41:02.327,bitget,ADA/USDT:USDT,0.8264,29487.0,0.8265,49860.0,0.8264,276550094.0,221471296.7162
1753504862729,04:41:02.729,bitget,ADA/USDT:USDT,0.8264,29487.0,0.8265,49860.0,0.8264,276405464.0,221354717.1274
1753504863051,04:41:03.051,bitget,ADA/USDT:USDT,0.8264,29487.0,0.8265,49860.0,0.8264,276405464.0,221354717.1274
1753504863399,04:41:03.399,bitget,ADA/USDT:USDT,0.8264,29487.0,0.8265,49860.0,0.8264,276405464.0,221354717.1274
1753504863739,04:41:03.739,bitget,ADA/USDT:USDT,0.8264,29487.0,0.8265,39360.0,0.8264,276405464.0,221354717.1274
1753504864064,04:41:04.064,bitget,ADA/USDT:USDT,0.8264,29487.0,0.8265,39360.0,0.8264,276405464.0,221354717.1274
1753504865065,04:41:05.065,bitget,ADA/USDT:USDT,0.8265,29089.0,0.8266,42231.0,0.8264,276405464.0,221354717.1274
1753504865379,04:41:05.379,bitget,ADA/USDT:USDT,0.8265,46471.0,0.8266,39683.0,0.8264,276405464.0,221354717.1274
1753504865697,04:41:05.697,bitget,ADA/USDT:USDT,0.8266,58101.0,0.8267,24239.0,0.8264,276405464.0,221354717.1274
1753504866031,04:41:06.031,bitget,ADA/USDT:USDT,0.8266,54547.0,0.8267,35505.0,0.8264,276405464.0,221354717.1274
1753504866350,04:41:06.350,bitget,ADA/USDT:USDT,0.8266,54547.0,0.8267,52068.0,0.8264,276405464.0,221354717.1274
1753504866668,04:41:06.668,bitget,ADA/USDT:USDT,0.8266,54547.0,0.8267,52068.0,0.8264,276405464.0,221354717.1274
1753504867094,04:41:07.094,bitget,ADA/USDT:USDT,0.8266,1124.0,0.8267,78172.0,0.8264,276405464.0,221354717.1274
1753504867752,04:41:07.752,bitget,ADA/USDT:USDT,0.8266,1124.0,0.8267,78172.0,0.8264,276405464.0,221354717.1274
1753504868075,04:41:08.075,bitget,ADA/USDT:USDT,0.8266,1124.0,0.8267,78899.0,0.8264,276405464.0,221354717.1274
1753504868407,04:41:08.407,bitget,ADA/USDT:USDT,0.8266,1124.0,0.8267,78899.0,0.8264,276405464.0,221354717.1274
1753504868744,04:41:08.744,bitget,ADA/USDT:USDT,0.8265,19747.0,0.8266,45827.0,0.8264,276405464.0,221354717.1274
1753504869057,04:41:09.057,bitget,ADA/USDT:USDT,0.8265,19747.0,0.8266,45827.0,0.8264,276405464.0,221354717.1274
1753504869391,04:41:09.391,bitget,ADA/USDT:USDT,0.8265,3589.0,0.8266,34827.0,0.8264,276405464.0,221354717.1274
1753504869747,04:41:09.747,bitget,ADA/USDT:USDT,0.8265,4407.0,0.8266,34827.0,0.8264,276405464.0,221354717.1274
1753504870065,04:41:10.065,bitget,ADA/USDT:USDT,0.8265,4407.0,0.8266,34827.0,0.8264,276405464.0,221354717.1274
1753504870388,04:41:10.388,bitget,ADA/USDT:USDT,0.8265,3589.0,0.8266,59327.0,0.8264,276405464.0,221354717.1274
1753504870818,04:41:10.818,bitget,ADA/USDT:USDT,0.8264,2767.0,0.8265,36412.0,0.8264,276405464.0,221354717.1274
1753504871744,04:41:11.744,bitget,ADA/USDT:USDT,0.8264,46470.0,0.8265,23982.0,0.8264,276405464.0,221354717.1274
1753504872179,04:41:12.179,bitget,ADA/USDT:USDT,0.8264,46470.0,0.8265,23982.0,0.8264,276405464.0,221354717.1274
1753504872811,04:41:12.811,bitget,ADA/USDT:USDT,0.8264,46470.0,0.8265,23982.0,0.8264,276405464.0,221354717.1274
1753504873135,04:41:13.135,bitget,ADA/USDT:USDT,0.8264,46470.0,0.8265,23982.0,0.8264,276405464.0,221354717.1274
1753504873466,04:41:13.466,bitget,ADA/USDT:USDT,0.8264,46470.0,0.8265,23982.0,0.8264,276405464.0,221354717.1274
1753504873780,04:41:13.780,bitget,ADA/USDT:USDT,0.8264,46470.0,0.8265,23982.0,0.8264,276405464.0,221354717.1274
1753504874090,04:41:14.090,bitget,ADA/USDT:USDT,0.8264,46470.0,0.8265,23982.0,0.8264,276405464.0,221354717.1274
1753504874467,04:41:14.467,bitget,ADA/USDT:USDT,0.8264,20970.0,0.8265,40545.0,0.8264,276405464.0,221354717.1274
1753504875345,04:41:15.345,bitget,ADA/USDT:USDT,0.8263,44694.0,0.8264,53289.0,0.8263,276405464.0,221354717.1274
1753504875809,04:41:15.809,bitget,ADA/USDT:USDT,0.8263,42346.0,0.8264,37888.0,0.8263,276406216.0,221355338.5098
1753504876646,04:41:16.646,bitget,ADA/USDT:USDT,0.8265,15073.0,0.8266,18570.0,0.8264,276406216.0,221355338.5098
1753504877680,04:41:17.680,bitget,ADA/USDT:USDT,0.8265,1124.0,0.8266,66955.0,0.8264,276405464.0,221354717.1274
1753504878371,04:41:18.371,bitget,ADA/USDT:USDT,0.8265,1474.0,0.8266,66939.0,0.8266,276406916.0,221355916.9898
1753504878679,04:41:18.679,bitget,ADA/USDT:USDT,0.8265,1474.0,0.8266,66939.0,0.8266,276406916.0,221355916.9898
1753504878989,04:41:18.989,bitget,ADA/USDT:USDT,0.8265,22120.0,0.8266,44335.0,0.8266,276406916.0,221355916.9898
1753504879413,04:41:19.413,bitget,ADA/USDT:USDT,0.8265,22120.0,0.8266,44335.0,0.8266,276406216.0,221355338.5098
1753504879875,04:41:19.875,bitget,ADA/USDT:USDT,0.8265,21276.0,0.8266,66335.0,0.8266,276405464.0,221354717.1274
1753504880499,04:41:20.499,bitget,ADA/USDT:USDT,0.8265,21276.0,0.8266,66335.0,0.8266,276406948.0,221355943.441
1753504880861,04:41:20.861,bitget,ADA/USDT:USDT,0.8265,21276.0,0.8266,66335.0,0.8266,276406948.0,221355943.441
1753504881176,04:41:21.176,bitget,ADA/USDT:USDT,0.8265,32276.0,0.8266,66335.0,0.8266,276406948.0,221355943.441
1753504881488,04:41:21.488,bitget,ADA/USDT:USDT,0.8265,32276.0,0.8266,44335.0,0.8266,276406948.0,221355943.441
1753504881893,04:41:21.893,bitget,ADA/USDT:USDT,0.8265,46276.0,0.8266,40835.0,0.8266,276406948.0,221355943.441
1753504882250,04:41:22.250,bitget,ADA/USDT:USDT,0.8265,46276.0,0.8266,40835.0,0.8266,276406948.0,221355943.441
1753504882570,04:41:22.570,bitget,ADA/USDT:USDT,0.8265,46276.0,0.8266,40835.0,0.8266,276406948.0,221355943.441
1753504882878,04:41:22.878,bitget,ADA/USDT:USDT,0.8265,32276.0,0.8266,49335.0,0.8266,276406948.0,221355943.441
1753504883208,04:41:23.208,bitget,ADA/USDT:USDT,0.8265,21276.0,0.8266,49335.0,0.8266,276406948.0,221355943.441
1753504883939,04:41:23.939,bitget,ADA/USDT:USDT,0.8265,21276.0,0.8266,66335.0,0.8266,276406948.0,221355943.441
1753504884876,04:41:24.876,bitget,ADA/USDT:USDT,0.8265,21276.0,0.8266,66335.0,0.8266,276406948.0,221355943.441
1753504885248,04:41:25.248,bitget,ADA/USDT:USDT,0.8265,22120.0,0.8266,66335.0,0.8266,276406948.0,221355943.441
1753504885559,04:41:25.559,bitget,ADA/USDT:USDT,0.8264,16101.0,0.8266,66335.0,0.8266,276406948.0,221355943.441
1753504885902,04:41:25.902,bitget,ADA/USDT:USDT,0.8264,4407.0,0.8265,57327.0,0.8266,276406948.0,221355943.441
1753504886211,04:41:26.211,bitget,ADA/USDT:USDT,0.8264,62089.0,0.8265,57327.0,0.8266,276406948.0,221355943.441
1753504886523,04:41:26.523,bitget,ADA/USDT:USDT,0.8264,62089.0,0.8265,57327.0,0.8266,276406948.0,221355943.441
1753504886948,04:41:26.948,bitget,ADA/USDT:USDT,0.8264,20152.0,0.8265,57327.0,0.8266,276406948.0,221355943.441
1753504887379,04:41:27.379,bitget,ADA/USDT:USDT,0.8264,20152.0,0.8265,57327.0,0.8266,276406948.0,221355943.441
1753504887996,04:41:27.996,bitget,ADA/USDT:USDT,0.8263,43090.0,0.8264,35526.0,0.8263,276406948.0,221355943.441
1753504888663,04:41:28.663,bitget,ADA/USDT:USDT,0.8263,43090.0,0.8264,35526.0,0.8263,276407676.0,221356544.9874
1753504888973,04:41:28.973,bitget,ADA/USDT:USDT,0.8263,17909.0,0.8264,16665.0,0.8263,276407676.0,221356544.9874
1753504889342,04:41:29.342,bitget,ADA/USDT:USDT,0.8264,49080.0,0.8265,24646.0,0.8264,276406948.0,221355943.441
1753504890208,04:41:30.208,bitget,ADA/USDT:USDT,0.8264,19883.0,0.8265,46532.0,0.8264,276456798.0,221397134.496
1753504890524,04:41:30.524,bitget,ADA/USDT:USDT,0.8264,19060.0,0.8265,46532.0,0.8264,276456798.0,221397134.496
1753504890915,04:41:30.915,bitget,ADA/USDT:USDT,0.8264,19883.0,0.8265,29146.0,0.8264,276456798.0,221397134.496
1753504891235,04:41:31.235,bitget,ADA/USDT:USDT,0.8264,19883.0,0.8265,29146.0,0.8264,276457726.0,221397901.3952
1753504891611,04:41:31.611,bitget,ADA/USDT:USDT,0.8264,19883.0,0.8265,40176.0,0.8264,276457726.0,221397901.3952
1753504891997,04:41:31.997,bitget,ADA/USDT:USDT,0.8264,28560.0,0.8265,61176.0,0.8264,276457726.0,221397901.3952
1753504892461,04:41:32.461,bitget,ADA/USDT:USDT,0.8264,28560.0,0.8265,61176.0,0.8264,276457726.0,221397901.3952
1753504893273,04:41:33.273,bitget,ADA/USDT:USDT,0.8264,45383.0,0.8266,59324.0,0.8264,276407676.0,221356544.9874
1753504893923,04:41:33.923,bitget,ADA/USDT:USDT,0.8265,57018.0,0.8266,31420.0,0.8264,276457726.0,221397901.3952
1753504894238,04:41:34.238,bitget,ADA/USDT:USDT,0.8265,56195.0,0.8266,52920.0,0.8264,276457726.0,221397901.3952
1753504894621,04:41:34.621,bitget,ADA/USDT:USDT,0.8265,56195.0,0.8266,52920.0,0.8264,276456798.0,221397134.496
1753504895363,04:41:35.363,bitget,ADA/USDT:USDT,0.8265,18037.0,0.8266,70210.0,0.8264,276407676.0,221356544.9874
1753504895983,04:41:35.983,bitget,ADA/USDT:USDT,0.8262,64806.0,0.8263,32789.0,0.8264,276457726.0,221397901.3952
1753504896327,04:41:36.327,bitget,ADA/USDT:USDT,0.8262,64806.0,0.8263,31966.0,0.8264,276457726.0,221397901.3952
1753504896632,04:41:36.632,bitget,ADA/USDT:USDT,0.8262,64806.0,0.8263,31966.0,0.8264,276457726.0,221397901.3952
1753504896940,04:41:36.940,bitget,ADA/USDT:USDT,0.8262,64806.0,0.8263,31966.0,0.8264,276457726.0,221397901.3952
1753504897332,04:41:37.332,bitget,ADA/USDT:USDT,0.8262,62559.0,0.8263,31966.0,0.8264,276457726.0,221397901.3952
1753504897694,04:41:37.694,bitget,ADA/USDT:USDT,0.8262,62559.0,0.8263,31966.0,0.8264,276457726.0,221397901.3952
1753504898056,04:41:38.056,bitget,ADA/USDT:USDT,0.8263,47319.0,0.8264,19751.0,0.8264,276457726.0,221397901.3952
1753504898369,04:41:38.369,bitget,ADA/USDT:USDT,0.8263,64725.0,0.8264,32998.0,0.8264,276457726.0,221397901.3952
1753504898710,04:41:38.710,bitget,ADA/USDT:USDT,0.8263,64725.0,0.8264,16979.0,0.8264,276457726.0,221397901.3952
1753504899040,04:41:39.040,bitget,ADA/USDT:USDT,0.8263,64725.0,0.8264,16979.0,0.8264,276457726.0,221397901.3952
1753504899707,04:41:39.707,bitget,ADA/USDT:USDT,0.8265,23105.0,0.8266,27424.0,0.8264,276457726.0,221397901.3952
1753504900133,04:41:40.133,bitget,ADA/USDT:USDT,0.8264,79591.0,0.8265,37792.0,0.8264,276457726.0,221397901.3952
1753504900484,04:41:40.484,bitget,ADA/USDT:USDT,0.8264,79591.0,0.8265,37792.0,0.8264,276458454.0,221398503.0144
1753504900797,04:41:40.797,bitget,ADA/USDT:USDT,0.8264,72831.0,0.8265,37280.0,0.8264,276458454.0,221398503.0144
1753504901118,04:41:41.118,bitget,ADA/USDT:USDT,0.8264,72831.0,0.8265,24646.0,0.8264,276458454.0,221398503.0144
1753504901776,04:41:41.776,bitget,ADA/USDT:USDT,0.8264,72831.0,0.8265,34193.0,0.8264,276458454.0,221398503.0144
1753504902094,04:41:42.094,bitget,ADA/USDT:USDT,0.8264,72831.0,0.8265,34193.0,0.8264,276458454.0,221398503.0144
1753504903105,04:41:43.105,bitget,ADA/USDT:USDT,0.8264,72831.0,0.8265,42693.0,0.8264,276458454.0,221398503.0144
1753504903837,04:41:43.837,bitget,ADA/USDT:USDT,0.8264,34399.0,0.8265,34193.0,0.8264,276458454.0,221398503.0144
1753504904219,04:41:44.219,bitget,ADA/USDT:USDT,0.8264,34399.0,0.8265,34193.0,0.8264,276458454.0,221398503.0144
1753504904531,04:41:44.531,bitget,ADA/USDT:USDT,0.8264,35242.0,0.8265,33350.0,0.8264,276458454.0,221398503.0144
1753504904940,04:41:44.940,bitget,ADA/USDT:USDT,0.8264,19903.0,0.8265,48895.0,0.8264,276458454.0,221398503.0144
1753504905676,04:41:45.676,bitget,ADA/USDT:USDT,0.8264,19903.0,0.8265,48895.0,0.8264,276458454.0,221398503.0144
1753504905994,04:41:45.994,bitget,ADA/USDT:USDT,0.8264,45403.0,0.8265,45895.0,0.8264,276458454.0,221398503.0144
1753504906350,04:41:46.350,bitget,ADA/USDT:USDT,0.8264,45403.0,0.8265,45895.0,0.8264,276458454.0,221398503.0144
1753504906727,04:41:46.727,bitget,ADA/USDT:USDT,0.8264,45403.0,0.8265,38395.0,0.8264,276458454.0,221398503.0144
1753504907040,04:41:47.040,bitget,ADA/USDT:USDT,0.8264,45403.0,0.8265,33350.0,0.8264,276458454.0,221398503.0144
1753504907776,04:41:47.776,bitget,ADA/USDT:USDT,0.8264,28840.0,0.8265,51650.0,0.8264,276458454.0,221398503.0144
1753504908094,04:41:48.094,bitget,ADA/USDT:USDT,0.8264,28840.0,0.8265,51650.0,0.8264,276458454.0,221398503.0144
1753504908412,04:41:48.412,bitget,ADA/USDT:USDT,0.8264,45403.0,0.8265,33350.0,0.8264,276458454.0,221398503.0144
1753504908757,04:41:48.757,bitget,ADA/USDT:USDT,0.8264,45403.0,0.8265,34144.0,0.8264,276458454.0,221398503.0144
1753504909091,04:41:49.091,bitget,ADA/USDT:USDT,0.8264,45403.0,0.8265,34144.0,0.8264,276458454.0,221398503.0144
1753504909401,04:41:49.401,bitget,ADA/USDT:USDT,0.8264,45403.0,0.8265,34697.0,0.8264,276458454.0,221398503.0144
1753504909711,04:41:49.711,bitget,ADA/USDT:USDT,0.8264,45403.0,0.8265,33350.0,0.8264,276458454.0,221398503.0144
1753504910061,04:41:50.061,bitget,ADA/USDT:USDT,0.8264,45403.0,0.8265,33350.0,0.8264,276458454.0,221398503.0144
1753504910408,04:41:50.408,bitget,ADA/USDT:USDT,0.8264,45403.0,0.8265,33350.0,0.8264,276458454.0,221398503.0144
1753504910724,04:41:50.724,bitget,ADA/USDT:USDT,0.8264,45403.0,0.8265,33735.0,0.8264,276458454.0,221398503.0144
1753504911037,04:41:51.037,bitget,ADA/USDT:USDT,0.8264,45403.0,0.8265,33735.0,0.8264,276458454.0,221398503.0144
1753504911391,04:41:51.391,bitget,ADA/USDT:USDT,0.8264,45403.0,0.8265,33735.0,0.8264,276458454.0,221398503.0144
1753504911790,04:41:51.790,bitget,ADA/USDT:USDT,0.8264,45403.0,0.8265,33735.0,0.8264,276458454.0,221398503.0144
1753504912431,04:41:52.431,bitget,ADA/USDT:USDT,0.8264,45403.0,0.8265,33735.0,0.8264,276458454.0,221398503.0144
1753504913299,04:41:53.299,bitget,ADA/USDT:USDT,0.8264,45403.0,0.8265,49735.0,0.8264,276458454.0,221398503.0144
1753504913620,04:41:53.620,bitget,ADA/USDT:USDT,0.8264,19895.0,0.8265,41235.0,0.8264,276458454.0,221398503.0144
1753504914312,04:41:54.312,bitget,ADA/USDT:USDT,0.8264,34395.0,0.8265,41235.0,0.8264,276458454.0,221398503.0144
1753504914622,04:41:54.622,bitget,ADA/USDT:USDT,0.8264,34395.0,0.8265,41235.0,0.8264,276458454.0,221398503.0144
1753504915078,04:41:55.078,bitget,ADA/USDT:USDT,0.8264,19895.0,0.8265,54235.0,0.8264,276458454.0,221398503.0144
1753504915892,04:41:55.892,bitget,ADA/USDT:USDT,0.8264,20139.0,0.8265,41235.0,0.8264,276458454.0,221398503.0144
1753504916259,04:41:56.259,bitget,ADA/USDT:USDT,0.8264,20139.0,0.8265,41235.0,0.8264,276458454.0,221398503.0144
1753504916641,04:41:56.641,bitget,ADA/USDT:USDT,0.8264,46515.0,0.8265,54235.0,0.8264,276458454.0,221398503.0144
1753504916964,04:41:56.964,bitget,ADA/USDT:USDT,0.8264,21015.0,0.8265,54235.0,0.8264,276458454.0,221398503.0144
1753504917280,04:41:57.280,bitget,ADA/USDT:USDT,0.8264,19895.0,0.8265,59280.0,0.8264,276458454.0,221398503.0144
1753504917840,04:41:57.840,bitget,ADA/USDT:USDT,0.8264,23941.0,0.8265,59280.0,0.8264,276458454.0,221398503.0144
1753504918188,04:41:58.188,bitget,ADA/USDT:USDT,0.8264,20649.0,0.8265,38780.0,0.8264,276458454.0,221398503.0144
1753504918496,04:41:58.496,bitget,ADA/USDT:USDT,0.8264,20649.0,0.8265,38780.0,0.8264,276458454.0,221398503.0144
1753504918808,04:41:58.808,bitget,ADA/USDT:USDT,0.8264,20338.0,0.8265,46780.0,0.8264,276458454.0,221398503.0144
1753504919469,04:41:59.469,bitget,ADA/USDT:USDT,0.8264,21146.0,0.8265,46780.0,0.8264,276458454.0,221398503.0144
1753504919784,04:41:59.784,bitget,ADA/USDT:USDT,0.8264,46646.0,0.8265,55780.0,0.8264,276458454.0,221398503.0144
1753504920247,04:42:00.247,bitget,ADA/USDT:USDT,0.8264,26395.0,0.8265,55780.0,0.8264,276039928.0,221061656.9314
1753504921207,04:42:01.207,bitget,ADA/USDT:USDT,0.8264,33395.0,0.8265,55780.0,0.8264,276458454.0,221398503.0144
1753504921575,04:42:01.575,bitget,ADA/USDT:USDT,0.8264,45395.0,0.8265,38780.0,0.8264,276039928.0,221061656.9314
1753504921967,04:42:01.967,bitget,ADA/USDT:USDT,0.8264,45395.0,0.8265,38780.0,0.8264,276039928.0,221061656.9314
1753504922336,04:42:02.336,bitget,ADA/USDT:USDT,0.8264,60734.0,0.8265,15339.0,0.8264,276039928.0,221061656.9314
1753504922674,04:42:02.674,bitget,ADA/USDT:USDT,0.8264,60734.0,0.8265,16938.0,0.8264,276039928.0,221061656.9314
1753504923048,04:42:03.048,bitget,ADA/USDT:USDT,0.8265,51520.0,0.8267,47548.0,0.8264,276039928.0,221061656.9314
1753504923427,04:42:03.427,bitget,ADA/USDT:USDT,0.8266,45670.0,0.8267,27092.0,0.8264,276039928.0,221061656.9314
1753504923746,04:42:03.746,bitget,ADA/USDT:USDT,0.8266,45670.0,0.8267,27092.0,0.8264,276039928.0,221061656.9314
1753504924074,04:42:04.074,bitget,ADA/USDT:USDT,0.8264,20266.0,0.8265,20245.0,0.8264,276039928.0,221061656.9314
1753504924840,04:42:04.840,bitget,ADA/USDT:USDT,0.8264,65621.0,0.8265,21157.0,0.8264,276039928.0,221061656.9314
1753504925168,04:42:05.168,bitget,ADA/USDT:USDT,0.8266,61828.0,0.8267,43281.0,0.8264,276040656.0,221062258.6206
1753504925561,04:42:05.561,bitget,ADA/USDT:USDT,0.8266,61828.0,0.8267,41332.0,0.8264,276040656.0,221062258.6206
1753504925919,04:42:05.919,bitget,ADA/USDT:USDT,0.8267,1672.0,0.8268,82375.0,0.8264,276040656.0,221062258.6206
1753504926232,04:42:06.232,bitget,ADA/USDT:USDT,0.8267,56636.0,0.8268,52656.0,0.8264,276040656.0,221062258.6206
1753504926544,04:42:06.544,bitget,ADA/USDT:USDT,0.8268,42002.0,0.8269,30314.0,0.8268,276040656.0,221062258.6206
1753504926908,04:42:06.908,bitget,ADA/USDT:USDT,0.8269,43294.0,0.827,28343.0,0.8268,276040656.0,221062258.6206
1753504927252,04:42:07.252,bitget,ADA/USDT:USDT,0.8268,42085.0,0.8269,4894.0,0.8269,276040656.0,221062258.6206
1753504927584,04:42:07.584,bitget,ADA/USDT:USDT,0.8268,44892.0,0.8269,76194.0,0.8269,276040656.0,221062258.6206
1753504928410,04:42:08.410,bitget,ADA/USDT:USDT,0.8268,44560.0,0.8269,76194.0,0.8269,276064134.0,221081670.4558
1753504929257,04:42:09.257,bitget,ADA/USDT:USDT,0.8268,44560.0,0.8269,18928.0,0.8269,276064134.0,221081670.4558
1753504929591,04:42:09.591,bitget,ADA/USDT:USDT,0.8268,44560.0,0.8269,27928.0,0.8269,276064134.0,221081670.4558
1753504929926,04:42:09.926,bitget,ADA/USDT:USDT,0.8268,44560.0,0.8269,27928.0,0.8269,276064134.0,221081670.4558
1753504930281,04:42:10.281,bitget,ADA/USDT:USDT,0.8268,50422.0,0.827,39302.0,0.8269,276064134.0,221081670.4558
1753504930743,04:42:10.743,bitget,ADA/USDT:USDT,0.8269,30934.0,0.827,54292.0,0.8269,276064134.0,221081670.4558
1753504931642,04:42:11.642,bitget,ADA/USDT:USDT,0.8269,19434.0,0.827,54292.0,0.8269,276064134.0,221081670.4558
1753504931997,04:42:11.997,bitget,ADA/USDT:USDT,0.8269,19434.0,0.827,70855.0,0.8269,276064134.0,221081670.4558
1753504932323,04:42:12.323,bitget,ADA/USDT:USDT,0.8269,27384.0,0.827,70855.0,0.8269,276040656.0,221062258.6206
1753504932922,04:42:12.922,bitget,ADA/USDT:USDT,0.8269,21161.0,0.827,46466.0,0.8269,276064134.0,221081670.4558
1753504933275,04:42:13.275,bitget,ADA/USDT:USDT,0.8269,23535.0,0.827,46466.0,0.8269,276064134.0,221081670.4558
1753504933586,04:42:13.586,bitget,ADA/USDT:USDT,0.8269,23535.0,0.827,46466.0,0.8269,276064134.0,221081670.4558
1753504933905,04:42:13.905,bitget,ADA/USDT:USDT,0.8269,6383.0,0.827,80329.0,0.8269,276064134.0,221081670.4558
1753504934707,04:42:14.707,bitget,ADA/USDT:USDT,0.8268,42465.0,0.8269,67469.0,0.8269,276064134.0,221081670.4558
1753504935033,04:42:15.033,bitget,ADA/USDT:USDT,0.8268,59028.0,0.8269,67469.0,0.8269,276094134.0,221106477.4558
1753504936191,04:42:16.191,bitget,ADA/USDT:USDT,0.8268,31256.0,0.8269,67469.0,0.8269,276094134.0,221106477.4558
1753504936504,04:42:16.504,bitget,ADA/USDT:USDT,0.8268,56756.0,0.8269,41457.0,0.8269,276094134.0,221106477.4558
1753504936872,04:42:16.872,bitget,ADA/USDT:USDT,0.8268,77140.0,0.8269,1640.0,0.8269,276064134.0,221081670.4558
1753504937236,04:42:17.236,bitget,ADA/USDT:USDT,0.8268,77140.0,0.8269,1640.0,0.8269,276094134.0,221106477.4558
1753504937561,04:42:17.561,bitget,ADA/USDT:USDT,0.8269,69410.0,0.827,23006.0,0.8269,276094134.0,221106477.4558
1753504937952,04:42:17.952,bitget,ADA/USDT:USDT,0.8269,55825.0,0.827,18119.0,0.8269,276094134.0,221106477.4558
1753504938331,04:42:18.331,bitget,ADA/USDT:USDT,0.8269,69325.0,0.827,38288.0,0.8269,276094134.0,221106477.4558
1753504938640,04:42:18.640,bitget,ADA/USDT:USDT,0.8269,69325.0,0.827,38288.0,0.8269,276094134.0,221106477.4558
1753504938951,04:42:18.951,bitget,ADA/USDT:USDT,0.8269,55825.0,0.827,37692.0,0.827,276094134.0,221106477.4558
1753504939312,04:42:19.312,bitget,ADA/USDT:USDT,0.8269,68825.0,0.827,37692.0,0.827,276094134.0,221106477.4558
1753504939643,04:42:19.643,bitget,ADA/USDT:USDT,0.8269,68825.0,0.827,37692.0,0.827,276094134.0,221106477.4558
1753504939952,04:42:19.952,bitget,ADA/USDT:USDT,0.827,24334.0,0.8271,85430.0,0.827,276094134.0,221106477.4558
1753504940377,04:42:20.377,bitget,ADA/USDT:USDT,0.827,26283.0,0.8271,65613.0,0.827,276094134.0,221106477.4558
1753504940809,04:42:20.809,bitget,ADA/USDT:USDT,0.827,26283.0,0.8271,49599.0,0.827,276064134.0,221081670.4558
1753504941417,04:42:21.417,bitget,ADA/USDT:USDT,0.827,18512.0,0.8271,51554.0,0.827,276094134.0,221106477.4558
1753504941777,04:42:21.777,bitget,ADA/USDT:USDT,0.827,16913.0,0.8271,68117.0,0.827,276095326.0,221107463.2398
1753504942092,04:42:22.092,bitget,ADA/USDT:USDT,0.827,16913.0,0.8271,68117.0,0.827,276095326.0,221107463.2398
1753504942402,04:42:22.402,bitget,ADA/USDT:USDT,0.827,19468.0,0.8271,66277.0,0.827,276095326.0,221107463.2398
1753504942932,04:42:22.932,bitget,ADA/USDT:USDT,0.827,18512.0,0.8271,66277.0,0.827,276095326.0,221107463.2398
1753504943268,04:42:23.268,bitget,ADA/USDT:USDT,0.827,44012.0,0.8271,40777.0,0.827,276095326.0,221107463.2398
1753504943583,04:42:23.583,bitget,ADA/USDT:USDT,0.827,44012.0,0.8271,40777.0,0.827,276095326.0,221107463.2398
1753504943913,04:42:23.913,bitget,ADA/USDT:USDT,0.827,26843.0,0.8271,40777.0,0.827,276095326.0,221107463.2398
1753504944237,04:42:24.237,bitget,ADA/USDT:USDT,0.827,26843.0,0.8271,40777.0,0.827,276095326.0,221107463.2398
1753504944557,04:42:24.557,bitget,ADA/USDT:USDT,0.827,44843.0,0.8271,51277.0,0.827,276095326.0,221107463.2398
1753504944918,04:42:24.918,bitget,ADA/USDT:USDT,0.827,65227.0,0.8271,55.0,0.827,276095326.0,221107463.2398
1753504945324,04:42:25.324,bitget,ADA/USDT:USDT,0.827,46396.0,0.8271,55480.0,0.827,276095326.0,221107463.2398
1753504945690,04:42:25.690,bitget,ADA/USDT:USDT,0.827,33851.0,0.8271,70819.0,0.827,276095326.0,221107463.2398
1753504946007,04:42:26.007,bitget,ADA/USDT:USDT,0.827,33851.0,0.8271,70819.0,0.827,276095326.0,221107463.2398
1753504946333,04:42:26.333,bitget,ADA/USDT:USDT,0.827,33501.0,0.8271,70819.0,0.827,276095326.0,221107463.2398
1753504946779,04:42:26.779,bitget,ADA/USDT:USDT,0.827,33501.0,0.8271,70819.0,0.827,276095326.0,221107463.2398
1753504947812,04:42:27.812,bitget,ADA/USDT:USDT,0.827,33451.0,0.8271,70819.0,0.827,276095326.0,221107463.2398
1753504948541,04:42:28.541,bitget,ADA/USDT:USDT,0.827,33451.0,0.8271,70819.0,0.827,276095326.0,221107463.2398
1753504948917,04:42:28.917,bitget,ADA/USDT:USDT,0.8269,65643.0,0.827,62649.0,0.827,276095426.0,221107545.9398
1753504949319,04:42:29.319,bitget,ADA/USDT:USDT,0.8269,65643.0,0.827,37149.0,0.827,276095426.0,221107545.9398
1753504949636,04:42:29.636,bitget,ADA/USDT:USDT,0.8269,65643.0,0.827,37149.0,0.827,276095426.0,221107545.9398
1753504949951,04:42:29.951,bitget,ADA/USDT:USDT,0.8269,65643.0,0.827,31682.0,0.827,276095426.0,221107545.9398
1753504950319,04:42:30.319,bitget,ADA/USDT:USDT,0.8269,65643.0,0.827,57182.0,0.827,276095426.0,221107545.9398
1753504950666,04:42:30.666,bitget,ADA/USDT:USDT,0.8269,65643.0,0.827,57182.0,0.827,276095426.0,221107545.9398
1753504950980,04:42:30.980,bitget,ADA/USDT:USDT,0.8269,49621.0,0.827,57182.0,0.827,276095426.0,221107545.9398
1753504951300,04:42:31.300,bitget,ADA/USDT:USDT,0.8269,49621.0,0.827,57182.0,0.827,276095426.0,221107545.9398
1753504951711,04:42:31.711,bitget,ADA/USDT:USDT,0.8269,49345.0,0.827,43164.0,0.8269,276095426.0,221107545.9398
1753504952118,04:42:32.118,bitget,ADA/USDT:USDT,0.8269,49345.0,0.827,50664.0,0.8269,276095426.0,221107545.9398
1753504952863,04:42:32.863,bitget,ADA/USDT:USDT,0.8269,49345.0,0.827,30164.0,0.8269,276095978.0,221108002.3886
1753504953563,04:42:33.563,bitget,ADA/USDT:USDT,0.8269,63792.0,0.827,29717.0,0.827,276095978.0,221108002.3886
1753504953880,04:42:33.880,bitget,ADA/USDT:USDT,0.8269,63792.0,0.827,29205.0,0.827,276095326.0,221107463.2398
1753504954552,04:42:34.552,bitget,ADA/USDT:USDT,0.8269,63792.0,0.827,36205.0,0.827,276096872.0,221108741.7266
1753504954872,04:42:34.872,bitget,ADA/USDT:USDT,0.8269,63792.0,0.827,30203.0,0.827,276096872.0,221108741.7266
1753504955287,04:42:35.287,bitget,ADA/USDT:USDT,0.8269,49792.0,0.827,53203.0,0.827,276096872.0,221108741.7266
1753504955666,04:42:35.666,bitget,ADA/USDT:USDT,0.8269,49792.0,0.827,29205.0,0.827,276096872.0,221108741.7266
1753504955981,04:42:35.981,bitget,ADA/USDT:USDT,0.8269,49792.0,0.827,29205.0,0.827,276096872.0,221108741.7266
1753504956297,04:42:36.297,bitget,ADA/USDT:USDT,0.8269,72792.0,0.827,23137.0,0.827,276096872.0,221108741.7266
1753504956653,04:42:36.653,bitget,ADA/USDT:USDT,0.8269,72792.0,0.827,26014.0,0.827,276096872.0,221108741.7266
1753504957299,04:42:37.299,bitget,ADA/USDT:USDT,0.8269,72792.0,0.827,27387.0,0.827,276096872.0,221108741.7266
1753504957725,04:42:37.725,bitget,ADA/USDT:USDT,0.8268,102468.0,0.8269,2764.0,0.827,276095978.0,221108002.3886
1753504958148,04:42:38.148,bitget,ADA/USDT:USDT,0.8268,102468.0,0.8269,10239.0,0.827,276096872.0,221108741.7266
1753504958790,04:42:38.790,bitget,ADA/USDT:USDT,0.8268,69959.0,0.8269,27986.0,0.827,276096872.0,221108741.7266
1753504959125,04:42:39.125,bitget,ADA/USDT:USDT,0.8268,69959.0,0.8269,41986.0,0.827,276096872.0,221108741.7266
1753504959442,04:42:39.442,bitget,ADA/USDT:USDT,0.8268,69959.0,0.8269,41986.0,0.827,276096872.0,221108741.7266
1753504959767,04:42:39.767,bitget,ADA/USDT:USDT,0.8268,68360.0,0.8269,41986.0,0.827,276096872.0,221108741.7266
1753504960230,04:42:40.230,bitget,ADA/USDT:USDT,0.8268,13094.0,0.8269,61825.0,0.827,276096872.0,221108741.7266
1753504961030,04:42:41.030,bitget,ADA/USDT:USDT,0.8267,110833.0,0.8268,45302.0,0.827,276095426.0,221107545.9398
1753504961759,04:42:41.759,bitget,ADA/USDT:USDT,0.8267,110833.0,0.8268,19802.0,0.827,276096872.0,221108741.7266
1753504962116,04:42:42.116,bitget,ADA/USDT:USDT,0.8267,110833.0,0.8268,19802.0,0.827,276096872.0,221108741.7266
1753504962432,04:42:42.432,bitget,ADA/USDT:USDT,0.8268,40954.0,0.8269,26762.0,0.827,276096872.0,221108741.7266
1753504962802,04:42:42.802,bitget,ADA/USDT:USDT,0.8268,67859.0,0.8269,25928.0,0.827,276096872.0,221108741.7266
1753504963171,04:42:43.171,bitget,ADA/USDT:USDT,0.8268,67859.0,0.8269,25928.0,0.827,276096872.0,221108741.7266
1753504963481,04:42:43.481,bitget,ADA/USDT:USDT,0.8268,67859.0,0.8269,25928.0,0.827,276096872.0,221108741.7266
1753504963792,04:42:43.792,bitget,ADA/USDT:USDT,0.8269,29358.0,0.827,41715.0,0.827,276096872.0,221108741.7266
1753504964135,04:42:44.135,bitget,ADA/USDT:USDT,0.8269,23453.0,0.827,61826.0,0.827,276096872.0,221108741.7266
1753504964510,04:42:44.510,bitget,ADA/USDT:USDT,0.8269,23453.0,0.827,61826.0,0.827,276096872.0,221108741.7266
1753504964826,04:42:44.826,bitget,ADA/USDT:USDT,0.8269,40016.0,0.827,61826.0,0.827,276096872.0,221108741.7266
1753504965233,04:42:45.233,bitget,ADA/USDT:USDT,0.8269,42926.0,0.827,61826.0,0.827,276096872.0,221108741.7266
1753504965689,04:42:45.689,bitget,ADA/USDT:USDT,0.827,10167.0,0.8271,43326.0,0.827,276096872.0,221108741.7266
1753504966713,04:42:46.713,bitget,ADA/USDT:USDT,0.827,10167.0,0.8271,59889.0,0.827,276096872.0,221108741.7266
1753504967517,04:42:47.517,bitget,ADA/USDT:USDT,0.827,10167.0,0.8271,59889.0,0.827,276096872.0,221108741.7266
1753504967899,04:42:47.899,bitget,ADA/USDT:USDT,0.827,31011.0,0.8271,59889.0,0.827,276096872.0,221108741.7266
1753504968255,04:42:48.255,bitget,ADA/USDT:USDT,0.827,42069.0,0.8271,43683.0,0.827,276096872.0,221108741.7266
1753504968579,04:42:48.579,bitget,ADA/USDT:USDT,0.827,41624.0,0.8271,69183.0,0.827,276096872.0,221108741.7266
1753504969244,04:42:49.244,bitget,ADA/USDT:USDT,0.827,32252.0,0.8271,67183.0,0.827,276096872.0,221108741.7266
1753504969586,04:42:49.586,bitget,ADA/USDT:USDT,0.8269,85660.0,0.827,15251.0,0.827,276096872.0,221108741.7266
1753504969892,04:42:49.892,bitget,ADA/USDT:USDT,0.8269,56886.0,0.827,37535.0,0.827,276098652.0,221110213.7866
1753504970212,04:42:50.212,bitget,ADA/USDT:USDT,0.827,33521.0,0.8271,42274.0,0.827,276098652.0,221110213.7866
1753504970678,04:42:50.678,bitget,ADA/USDT:USDT,0.827,68536.0,0.8271,55.0,0.827,276098652.0,221110213.7866
1753504971521,04:42:51.521,bitget,ADA/USDT:USDT,0.827,118059.0,0.8271,55.0,0.827,276096872.0,221108741.7266
1753504972334,04:42:52.334,bitget,ADA/USDT:USDT,0.827,118144.0,0.8271,55.0,0.827,276096872.0,221108741.7266
1753504973125,04:42:53.125,bitget,ADA/USDT:USDT,0.8271,85964.0,0.8272,13628.0,0.8272,276098652.0,221110213.7866
1753504973485,04:42:53.485,bitget,ADA/USDT:USDT,0.8271,85964.0,0.8272,13628.0,0.8272,276101280.0,221112387.1426
1753504973799,04:42:53.799,bitget,ADA/USDT:USDT,0.8271,85964.0,0.8272,1949.0,0.8272,276101280.0,221112387.1426
1753504974160,04:42:54.160,bitget,ADA/USDT:USDT,0.8271,85964.0,0.8272,14949.0,0.8272,276101280.0,221112387.1426
1753504974535,04:42:54.535,bitget,ADA/USDT:USDT,0.8271,85964.0,0.8272,14949.0,0.8272,276102270.0,221113206.0596
1753504974845,04:42:54.845,bitget,ADA/USDT:USDT,0.8271,85964.0,0.8272,37798.0,0.8272,276102270.0,221113206.0596
1753504975171,04:42:55.171,bitget,ADA/USDT:USDT,0.827,34970.0,0.8271,70412.0,0.827,276102270.0,221113206.0596
1753504975662,04:42:55.662,bitget,ADA/USDT:USDT,0.827,18838.0,0.8271,69797.0,0.827,276098652.0,221110213.7866
1753504976150,04:42:56.150,bitget,ADA/USDT:USDT,0.827,18838.0,0.8271,69797.0,0.827,276096872.0,221108741.7266
1753504976817,04:42:56.817,bitget,ADA/USDT:USDT,0.827,60901.0,0.8271,69797.0,0.827,276102998.0,221113808.1156
1753504977459,04:42:57.459,bitget,ADA/USDT:USDT,0.827,60901.0,0.8271,69797.0,0.827,276102998.0,221113808.1156
1753504978347,04:42:58.347,bitget,ADA/USDT:USDT,0.827,60901.0,0.8271,4050.0,0.827,276102998.0,221113808.1156
1753504978652,04:42:58.652,bitget,ADA/USDT:USDT,0.827,60901.0,0.8271,4050.0,0.827,276102998.0,221113808.1156
1753504978969,04:42:58.969,bitget,ADA/USDT:USDT,0.827,60901.0,0.8271,35972.0,0.827,276098652.0,221110213.7866
1753504979651,04:42:59.651,bitget,ADA/USDT:USDT,0.827,60901.0,0.8271,35972.0,0.827,276102998.0,221113808.1156
1753504979963,04:42:59.963,bitget,ADA/USDT:USDT,0.827,60901.0,0.8271,35972.0,0.827,276102998.0,221113808.1156
1753504980410,04:43:00.410,bitget,ADA/USDT:USDT,0.827,60901.0,0.8271,35972.0,0.827,276102998.0,221113808.1156
1753504980855,04:43:00.855,bitget,ADA/USDT:USDT,0.827,60901.0,0.8271,16372.0,0.827,276102998.0,221113808.1156
1753504981169,04:43:01.169,bitget,ADA/USDT:USDT,0.827,65901.0,0.8271,38372.0,0.827,275939138.0,220982114.1394
1753504981510,04:43:01.510,bitget,ADA/USDT:USDT,0.827,65901.0,0.8271,38372.0,0.827,275939138.0,220982114.1394
1753504981915,04:43:01.915,bitget,ADA/USDT:USDT,0.827,65901.0,0.8271,38372.0,0.827,275939138.0,220982114.1394
1753504982645,04:43:02.645,bitget,ADA/USDT:USDT,0.827,21913.0,0.8271,54522.0,0.827,275939138.0,220982114.1394
1753504983009,04:43:03.009,bitget,ADA/USDT:USDT,0.827,5350.0,0.8271,58022.0,0.827,275939138.0,220982114.1394
1753504983437,04:43:03.437,bitget,ADA/USDT:USDT,0.827,6161.0,0.8271,58022.0,0.827,276102270.0,221113206.0596
1753504984030,04:43:04.030,bitget,ADA/USDT:USDT,0.8268,98902.0,0.8269,63725.0,0.8268,275939138.0,220982114.1394
1753504984405,04:43:04.405,bitget,ADA/USDT:USDT,0.8268,65884.0,0.8269,63725.0,0.8268,275939138.0,220982114.1394
1753504984784,04:43:04.784,bitget,ADA/USDT:USDT,0.8268,82447.0,0.8269,63725.0,0.8268,275949866.0,220990986.0498
1753504985098,04:43:05.098,bitget,ADA/USDT:USDT,0.8268,22342.0,0.8269,63725.0,0.8268,275949866.0,220990986.0498
1753504985450,04:43:05.450,bitget,ADA/USDT:USDT,0.8268,38237.0,0.8269,61610.0,0.8268,276102998.0,221113808.1156
1753504986490,04:43:06.490,bitget,ADA/USDT:USDT,0.8269,66227.0,0.827,4400.0,0.8268,275949866.0,220990986.0498
1753504987190,04:43:07.190,bitget,ADA/USDT:USDT,0.8269,66227.0,0.827,34291.0,0.8268,275949866.0,220990986.0498
1753504987503,04:43:07.503,bitget,ADA/USDT:USDT,0.8269,66227.0,0.827,49630.0,0.8268,275949866.0,220990986.0498
1753504987826,04:43:07.826,bitget,ADA/USDT:USDT,0.8269,58456.0,0.827,8791.0,0.8268,275949866.0,220990986.0498
1753504988178,04:43:08.178,bitget,ADA/USDT:USDT,0.8269,46956.0,0.827,8791.0,0.8268,275949866.0,220990986.0498
1753504988507,04:43:08.507,bitget,ADA/USDT:USDT,0.8269,46956.0,0.827,8791.0,0.8268,275949866.0,220990986.0498
1753504988868,04:43:08.868,bitget,ADA/USDT:USDT,0.8269,34662.0,0.827,28250.0,0.8268,275949866.0,220990986.0498
1753504989172,04:43:09.172,bitget,ADA/USDT:USDT,0.8269,34662.0,0.827,23319.0,0.8268,275949866.0,220990986.0498
1753504989519,04:43:09.519,bitget,ADA/USDT:USDT,0.8269,34662.0,0.827,23319.0,0.8268,275949866.0,220990986.0498
1753504989830,04:43:09.830,bitget,ADA/USDT:USDT,0.8269,60162.0,0.827,23319.0,0.8268,275949866.0,220990986.0498
1753504990154,04:43:10.154,bitget,ADA/USDT:USDT,0.8269,60162.0,0.827,22969.0,0.8268,275939138.0,220982114.1394
1753504991033,04:43:11.033,bitget,ADA/USDT:USDT,0.8269,60162.0,0.827,18578.0,0.8268,275949866.0,220990986.0498
1753504991345,04:43:11.345,bitget,ADA/USDT:USDT,0.8269,60162.0,0.827,18578.0,0.8268,275949866.0,220990986.0498
1753504991658,04:43:11.658,bitget,ADA/USDT:USDT,0.8269,60162.0,0.827,18578.0,0.8268,275949866.0,220990986.0498
1753504992032,04:43:12.032,bitget,ADA/USDT:USDT,0.8269,60051.0,0.827,18578.0,0.8269,275949866.0,220990986.0498
1753504992348,04:43:12.348,bitget,ADA/USDT:USDT,0.8269,60051.0,0.827,18578.0,0.8269,275949866.0,220990986.0498
1753504992656,04:43:12.656,bitget,ADA/USDT:USDT,0.8269,59240.0,0.827,36298.0,0.8269,275950088.0,220991169.6216
1753504993088,04:43:13.088,bitget,ADA/USDT:USDT,0.8269,33740.0,0.827,36298.0,0.8269,275949866.0,220990986.0498
1753504993690,04:43:13.690,bitget,ADA/USDT:USDT,0.8269,59240.0,0.827,36298.0,0.8269,275950088.0,220991169.6216
1753504994000,04:43:14.000,bitget,ADA/USDT:USDT,0.8269,59240.0,0.827,36298.0,0.8269,275950088.0,220991169.6216
1753504994363,04:43:14.363,bitget,ADA/USDT:USDT,0.8269,59240.0,0.827,36298.0,0.8269,275950088.0,220991169.6216
1753504994726,04:43:14.726,bitget,ADA/USDT:USDT,0.8269,59240.0,0.827,19735.0,0.8269,275950088.0,220991169.6216
1753504995037,04:43:15.037,bitget,ADA/USDT:USDT,0.8269,59240.0,0.827,18928.0,0.8269,275950088.0,220991169.6216
1753504995358,04:43:15.358,bitget,ADA/USDT:USDT,0.8269,59240.0,0.827,18928.0,0.8269,275950088.0,220991169.6216
1753504995786,04:43:15.786,bitget,ADA/USDT:USDT,0.8269,59240.0,0.827,16938.0,0.8269,275949866.0,220990986.0498
1753504996383,04:43:16.383,bitget,ADA/USDT:USDT,0.8269,59240.0,0.827,16938.0,0.8269,275950088.0,220991169.6216
1753504996723,04:43:16.723,bitget,ADA/USDT:USDT,0.8269,59240.0,0.827,16938.0,0.8269,275950088.0,220991169.6216
1753504997062,04:43:17.062,bitget,ADA/USDT:USDT,0.8269,59240.0,0.827,16938.0,0.8269,275950088.0,220991169.6216
1753504997380,04:43:17.380,bitget,ADA/USDT:USDT,0.8269,59240.0,0.827,16938.0,0.8269,275950088.0,220991169.6216
1753504997695,04:43:17.695,bitget,ADA/USDT:USDT,0.8269,59240.0,0.827,24288.0,0.8269,275950088.0,220991169.6216
1753504998078,04:43:18.078,bitget,ADA/USDT:USDT,0.8269,59240.0,0.827,25928.0,0.8269,275950088.0,220991169.6216
1753504998406,04:43:18.406,bitget,ADA/USDT:USDT,0.8269,64285.0,0.8271,21475.0,0.8269,275950088.0,220991169.6216
1753504998717,04:43:18.717,bitget,ADA/USDT:USDT,0.8269,64285.0,0.8271,21475.0,0.8269,275950088.0,220991169.6216
1753504999042,04:43:19.042,bitget,ADA/USDT:USDT,0.8271,60664.0,0.8272,44682.0,0.8271,275950088.0,220991169.6216
1753504999433,04:43:19.433,bitget,ADA/USDT:USDT,0.8271,60664.0,0.8272,44682.0,0.8271,275950088.0,220991169.6216
1753504999747,04:43:19.747,bitget,ADA/USDT:USDT,0.8271,72664.0,0.8272,44682.0,0.8271,275950088.0,220991169.6216
1753505000061,04:43:20.061,bitget,ADA/USDT:USDT,0.827,75473.0,0.8271,10862.0,0.8271,275950088.0,220991169.6216
1753505000476,04:43:20.476,bitget,ADA/USDT:USDT,0.827,52587.0,0.8271,38311.0,0.8271,275950088.0,220991169.6216
1753505001437,04:43:21.437,bitget,ADA/USDT:USDT,0.827,27413.0,0.8271,71169.0,0.8271,275950744.0,220991712.1992
1753505001804,04:43:21.804,bitget,ADA/USDT:USDT,0.827,27413.0,0.8271,71169.0,0.8271,275950744.0,220991712.1992
1753505002170,04:43:22.170,bitget,ADA/USDT:USDT,0.827,27413.0,0.8271,71169.0,0.8271,275950744.0,220991712.1992
1753505002472,04:43:22.472,bitget,ADA/USDT:USDT,0.827,29012.0,0.8271,70213.0,0.8271,275950744.0,220991712.1992
1753505002818,04:43:22.818,bitget,ADA/USDT:USDT,0.827,29012.0,0.8271,70213.0,0.8271,275950744.0,220991712.1992
1753505003321,04:43:23.321,bitget,ADA/USDT:USDT,0.827,29012.0,0.8271,70213.0,0.8271,275950744.0,220991712.1992
1753505003634,04:43:23.634,bitget,ADA/USDT:USDT,0.827,29012.0,0.8271,70213.0,0.8271,275950744.0,220991712.1992
1753505003945,04:43:23.945,bitget,ADA/USDT:USDT,0.827,31082.0,0.8271,62948.0,0.8271,275950744.0,220991712.1992
1753505004644,04:43:24.644,bitget,ADA/USDT:USDT,0.827,18512.0,0.8271,62948.0,0.8271,275950744.0,220991712.1992
1753505004955,04:43:24.955,bitget,ADA/USDT:USDT,0.827,42512.0,0.8271,62948.0,0.8271,275950744.0,220991712.1992
1753505005327,04:43:25.327,bitget,ADA/USDT:USDT,0.827,27012.0,0.8271,62948.0,0.8271,275950744.0,220991712.1992
1753505005728,04:43:25.728,bitget,ADA/USDT:USDT,0.827,27012.0,0.8271,62948.0,0.8271,275950088.0,220991169.6216
1753505006322,04:43:26.322,bitget,ADA/USDT:USDT,0.827,27845.0,0.8271,37448.0,0.8271,275950744.0,220991712.1992
1753505006667,04:43:26.667,bitget,ADA/USDT:USDT,0.827,25413.0,0.8271,59448.0,0.8271,275950744.0,220991712.1992
1753505006997,04:43:26.997,bitget,ADA/USDT:USDT,0.827,27012.0,0.8271,59448.0,0.8271,275950744.0,220991712.1992
1753505007308,04:43:27.308,bitget,ADA/USDT:USDT,0.827,27012.0,0.8271,59448.0,0.8271,275950744.0,220991712.1992
1753505007670,04:43:27.670,bitget,ADA/USDT:USDT,0.827,28282.0,0.8271,37448.0,0.8271,275950744.0,220991712.1992
1753505008053,04:43:28.053,bitget,ADA/USDT:USDT,0.827,28282.0,0.8271,37448.0,0.8271,275950744.0,220991712.1992
1753505008409,04:43:28.409,bitget,ADA/USDT:USDT,0.827,28282.0,0.8271,37448.0,0.8271,275950744.0,220991712.1992
1753505008723,04:43:28.723,bitget,ADA/USDT:USDT,0.827,28282.0,0.8271,61448.0,0.8271,275950744.0,220991712.1992
1753505009375,04:43:29.375,bitget,ADA/USDT:USDT,0.827,53297.0,0.8271,17288.0,0.8271,275950744.0,220991712.1992
1753505009686,04:43:29.686,bitget,ADA/USDT:USDT,0.827,53297.0,0.8271,24288.0,0.8271,275950744.0,220991712.1992
1753505010017,04:43:30.017,bitget,ADA/USDT:USDT,0.827,50563.0,0.8271,25692.0,0.8271,275950744.0,220991712.1992
1753505010760,04:43:30.760,bitget,ADA/USDT:USDT,0.827,65902.0,0.8271,3239.0,0.8271,275951216.0,220992102.5904
1753505011799,04:43:31.799,bitget,ADA/USDT:USDT,0.827,67742.0,0.8271,23566.0,0.8271,275951216.0,220992102.5904
1753505013040,04:43:33.040,bitget,ADA/USDT:USDT,0.827,67742.0,0.8271,26102.0,0.8271,275951216.0,220992102.5904
1753505013482,04:43:33.482,bitget,ADA/USDT:USDT,0.827,67742.0,0.8271,41441.0,0.8271,275951216.0,220992102.5904
1753505014200,04:43:34.200,bitget,ADA/USDT:USDT,0.8269,82849.0,0.827,4042.0,0.827,275950744.0,220991712.1992
1753505014632,04:43:34.632,bitget,ADA/USDT:USDT,0.8269,119412.0,0.827,1599.0,0.827,275951944.0,220992704.6464
1753505015338,04:43:35.338,bitget,ADA/USDT:USDT,0.8269,119412.0,0.827,1599.0,0.827,275951944.0,220992704.6464
1753505015816,04:43:35.816,bitget,ADA/USDT:USDT,0.827,67978.0,0.8271,45255.0,0.827,275951944.0,220992704.6464
1753505016164,04:43:36.164,bitget,ADA/USDT:USDT,0.827,59478.0,0.8271,53490.0,0.827,275951944.0,220992704.6464
1753505016477,04:43:36.477,bitget,ADA/USDT:USDT,0.827,59478.0,0.8271,53490.0,0.827,275951944.0,220992704.6464
1753505016830,04:43:36.830,bitget,ADA/USDT:USDT,0.827,40023.0,0.8271,53490.0,0.827,275951944.0,220992704.6464
1753505017175,04:43:37.175,bitget,ADA/USDT:USDT,0.827,40023.0,0.8271,53490.0,0.827,275951944.0,220992704.6464
1753505017496,04:43:37.496,bitget,ADA/USDT:USDT,0.827,40023.0,0.8271,53490.0,0.827,275951944.0,220992704.6464
1753505017814,04:43:37.814,bitget,ADA/USDT:USDT,0.827,41622.0,0.8271,53490.0,0.827,275951216.0,220992102.5904
1753505018769,04:43:38.769,bitget,ADA/USDT:USDT,0.827,40023.0,0.8271,53490.0,0.827,275951944.0,220992704.6464
1753505019102,04:43:39.102,bitget,ADA/USDT:USDT,0.827,350.0,0.8271,53490.0,0.827,275951944.0,220992704.6464
1753505019525,04:43:39.525,bitget,ADA/USDT:USDT,0.8269,78279.0,0.827,54319.0,0.827,275951944.0,220992704.6464
1753505020133,04:43:40.133,bitget,ADA/USDT:USDT,0.8269,32141.0,0.827,70614.0,0.827,275951944.0,220992704.6464
1753505020480,04:43:40.480,bitget,ADA/USDT:USDT,0.8269,32141.0,0.827,70614.0,0.827,275951944.0,220992704.6464
1753505021427,04:43:41.427,bitget,ADA/USDT:USDT,0.8269,350.0,0.827,70614.0,0.827,275951944.0,220992704.6464
1753505021739,04:43:41.739,bitget,ADA/USDT:USDT,0.8269,19183.0,0.827,69658.0,0.827,275951944.0,220992704.6464
1753505022071,04:43:42.071,bitget,ADA/USDT:USDT,0.8269,19183.0,0.827,69658.0,0.827,275951944.0,220992704.6464
1753505022420,04:43:42.420,bitget,ADA/USDT:USDT,0.8269,350.0,0.827,69658.0,0.827,275951944.0,220992704.6464
1753505022727,04:43:42.727,bitget,ADA/USDT:USDT,0.8269,350.0,0.827,74158.0,0.827,275951944.0,220992704.6464
1753505023092,04:43:43.092,bitget,ADA/USDT:USDT,0.8268,80242.0,0.827,74158.0,0.827,275951944.0,220992704.6464
1753505023516,04:43:43.516,bitget,ADA/USDT:USDT,0.8269,35220.0,0.827,69658.0,0.827,275951944.0,220992704.6464
1753505023885,04:43:43.885,bitget,ADA/USDT:USDT,0.8269,35220.0,0.827,69658.0,0.827,275951944.0,220992704.6464
1753505024201,04:43:44.201,bitget,ADA/USDT:USDT,0.8269,35220.0,0.827,69658.0,0.827,275951944.0,220992704.6464
1753505024545,04:43:44.545,bitget,ADA/USDT:USDT,0.8269,35220.0,0.827,69658.0,0.827,275951944.0,220992704.6464
1753505024892,04:43:44.892,bitget,ADA/USDT:USDT,0.8269,51783.0,0.827,69658.0,0.827,275951944.0,220992704.6464
1753505025216,04:43:45.216,bitget,ADA/USDT:USDT,0.8269,51783.0,0.827,69658.0,0.827,275951944.0,220992704.6464
1753505025535,04:43:45.535,bitget,ADA/USDT:USDT,0.8269,51783.0,0.827,69658.0,0.827,275951944.0,220992704.6464
1753505025915,04:43:45.915,bitget,ADA/USDT:USDT,0.8269,51783.0,0.827,69658.0,0.827,275951944.0,220992704.6464
1753505026244,04:43:46.244,bitget,ADA/USDT:USDT,0.8269,51783.0,0.827,69658.0,0.827,275951944.0,220992704.6464
1753505026925,04:43:46.925,bitget,ADA/USDT:USDT,0.8269,51783.0,0.827,36324.0,0.827,275951944.0,220992704.6464
1753505027331,04:43:47.331,bitget,ADA/USDT:USDT,0.8269,51781.0,0.827,36324.0,0.8269,275951944.0,220992704.6464
1753505027654,04:43:47.654,bitget,ADA/USDT:USDT,0.8269,51781.0,0.827,35491.0,0.8269,275951944.0,220992704.6464
1753505028446,04:43:48.446,bitget,ADA/USDT:USDT,0.8269,51781.0,0.827,35491.0,0.8269,275951948.0,220992707.954
1753505029164,04:43:49.164,bitget,ADA/USDT:USDT,0.8269,51781.0,0.827,35491.0,0.8269,275951948.0,220992707.954
1753505029535,04:43:49.535,bitget,ADA/USDT:USDT,0.8269,51781.0,0.827,35491.0,0.8269,275951948.0,220992707.954
1753505029871,04:43:49.871,bitget,ADA/USDT:USDT,0.8269,51781.0,0.827,35491.0,0.8269,275951948.0,220992707.954
1753505030183,04:43:50.183,bitget,ADA/USDT:USDT,0.8269,51781.0,0.827,35491.0,0.8269,275951948.0,220992707.954
1753505030499,04:43:50.499,bitget,ADA/USDT:USDT,0.8269,51781.0,0.827,54491.0,0.8269,275951948.0,220992707.954
1753505030855,04:43:50.855,bitget,ADA/USDT:USDT,0.8269,51781.0,0.827,54491.0,0.8269,275951944.0,220992704.6464
1753505031729,04:43:51.729,bitget,ADA/USDT:USDT,0.8269,51781.0,0.827,54491.0,0.8269,275951948.0,220992707.954
1753505032050,04:43:52.050,bitget,ADA/USDT:USDT,0.8269,51781.0,0.827,35491.0,0.8269,275951948.0,220992707.954
1753505032393,04:43:52.393,bitget,ADA/USDT:USDT,0.8269,45781.0,0.827,60991.0,0.8269,275951948.0,220992707.954
1753505032722,04:43:52.722,bitget,ADA/USDT:USDT,0.8269,45781.0,0.827,35998.0,0.8269,275951948.0,220992707.954
1753505033034,04:43:53.034,bitget,ADA/USDT:USDT,0.8269,16911.0,0.827,36837.0,0.8269,275951948.0,220992707.954
1753505033346,04:43:53.346,bitget,ADA/USDT:USDT,0.8269,16911.0,0.827,62337.0,0.8269,275951948.0,220992707.954
1753505034120,04:43:54.120,bitget,ADA/USDT:USDT,0.8269,44849.0,0.827,53830.0,0.8269,275951948.0,220992707.954
1753505034727,04:43:54.727,bitget,ADA/USDT:USDT,0.8269,23665.0,0.827,53830.0,0.8269,275951948.0,220992707.954
1753505035075,04:43:55.075,bitget,ADA/USDT:USDT,0.8269,23665.0,0.827,35141.0,0.8269,275951948.0,220992707.954
1753505035384,04:43:55.384,bitget,ADA/USDT:USDT,0.8269,49165.0,0.827,35141.0,0.8269,275951948.0,220992707.954
1753505035693,04:43:55.693,bitget,ADA/USDT:USDT,0.8269,21092.0,0.827,35491.0,0.8269,275951948.0,220992707.954
1753505036093,04:43:56.093,bitget,ADA/USDT:USDT,0.8269,21092.0,0.827,35491.0,0.8269,275951944.0,220992704.6464
1753505036749,04:43:56.749,bitget,ADA/USDT:USDT,0.8269,46592.0,0.827,48491.0,0.8269,275951948.0,220992707.954
1753505037073,04:43:57.073,bitget,ADA/USDT:USDT,0.8269,19493.0,0.827,48491.0,0.8269,275951948.0,220992707.954
1753505037518,04:43:57.518,bitget,ADA/USDT:USDT,0.8269,43250.0,0.827,48491.0,0.8269,275951948.0,220992707.954
1753505038496,04:43:58.496,bitget,ADA/USDT:USDT,0.8268,36053.0,0.8269,51390.0,0.8269,275951948.0,220992707.954
1753505038932,04:43:58.932,bitget,ADA/USDT:USDT,0.8268,32621.0,0.8269,51390.0,0.8269,275951948.0,220992707.954
1753505039662,04:43:59.662,bitget,ADA/USDT:USDT,0.8268,74684.0,0.8269,35141.0,0.8269,275951948.0,220992707.954
1753505040008,04:44:00.008,bitget,ADA/USDT:USDT,0.8268,74684.0,0.8269,35141.0,0.8269,275951948.0,220992707.954
1753505040401,04:44:00.401,bitget,ADA/USDT:USDT,0.8268,74684.0,0.8269,35141.0,0.8269,275951948.0,220992707.954
1753505040721,04:44:00.721,bitget,ADA/USDT:USDT,0.8268,74684.0,0.8269,16563.0,0.8269,275951948.0,220992707.954
1753505041208,04:44:01.208,bitget,ADA/USDT:USDT,0.8269,33953.0,0.827,52766.0,0.8269,275951948.0,220992707.954
1753505041902,04:44:01.902,bitget,ADA/USDT:USDT,0.8269,28585.0,0.827,35491.0,0.8269,275951948.0,220992707.954
1753505042493,04:44:02.493,bitget,ADA/USDT:USDT,0.8269,54085.0,0.827,35491.0,0.8269,275911768.0,220960427.5916
1753505043114,04:44:03.114,bitget,ADA/USDT:USDT,0.8269,54085.0,0.827,35491.0,0.8269,275911776.0,220960434.2068
1753505043430,04:44:03.430,bitget,ADA/USDT:USDT,0.8269,46667.0,0.827,23373.0,0.8269,275911776.0,220960434.2068
1753505043801,04:44:03.801,bitget,ADA/USDT:USDT,0.8269,46667.0,0.827,38712.0,0.8269,275951948.0,220992707.954
1753505044433,04:44:04.433,bitget,ADA/USDT:USDT,0.8269,46667.0,0.827,38712.0,0.8269,275911776.0,220960434.2068
1753505045087,04:44:05.087,bitget,ADA/USDT:USDT,0.8268,5718.0,0.8269,72407.0,0.8268,275911776.0,220960434.2068
1753505045403,04:44:05.403,bitget,ADA/USDT:USDT,0.8268,5718.0,0.8269,72407.0,0.8268,275911776.0,220960434.2068
1753505045715,04:44:05.715,bitget,ADA/USDT:USDT,0.8267,96390.0,0.8268,6864.0,0.8268,275911776.0,220960434.2068
1753505046127,04:44:06.127,bitget,ADA/USDT:USDT,0.8267,96390.0,0.8268,26864.0,0.8268,275911776.0,220960434.2068
1753505046540,04:44:06.540,bitget,ADA/USDT:USDT,0.8267,96390.0,0.8268,26864.0,0.8268,275911776.0,220960434.2068
1753505046865,04:44:06.865,bitget,ADA/USDT:USDT,0.8267,96390.0,0.8268,26864.0,0.8268,275911776.0,220960434.2068
1753505047568,04:44:07.568,bitget,ADA/USDT:USDT,0.8267,63384.0,0.8268,43427.0,0.8268,275912504.0,220961036.1172
1753505047897,04:44:07.897,bitget,ADA/USDT:USDT,0.8267,7908.0,0.8268,58766.0,0.8268,275912504.0,220961036.1172
1753505048222,04:44:08.222,bitget,ADA/USDT:USDT,0.8267,350.0,0.8268,64484.0,0.8268,275912504.0,220961036.1172
1753505048575,04:44:08.575,bitget,ADA/USDT:USDT,0.8267,350.0,0.8268,64266.0,0.8268,275912504.0,220961036.1172
1753505049009,04:44:09.009,bitget,ADA/USDT:USDT,0.8267,2759.0,0.8268,64266.0,0.8268,275911776.0,220960434.2068
1753505049625,04:44:09.625,bitget,ADA/USDT:USDT,0.8267,2759.0,0.8268,64266.0,0.8268,275912504.0,220961036.1172
1753505049969,04:44:09.969,bitget,ADA/USDT:USDT,0.8267,35322.0,0.8268,58766.0,0.8268,275912504.0,220961036.1172
1753505050312,04:44:10.312,bitget,ADA/USDT:USDT,0.8267,35322.0,0.8268,64266.0,0.8268,275912504.0,220961036.1172
1753505050638,04:44:10.638,bitget,ADA/USDT:USDT,0.8267,35322.0,0.8268,64266.0,0.8268,275911768.0,220960427.5916
1753505051567,04:44:11.567,bitget,ADA/USDT:USDT,0.8267,34512.0,0.8268,64266.0,0.8268,275912504.0,220961036.1172
1753505051879,04:44:11.879,bitget,ADA/USDT:USDT,0.8267,34512.0,0.8268,64266.0,0.8268,275912504.0,220961036.1172
1753505052193,04:44:12.193,bitget,ADA/USDT:USDT,0.8267,34512.0,0.8268,64266.0,0.8268,275912504.0,220961036.1172
1753505052551,04:44:12.551,bitget,ADA/USDT:USDT,0.8267,34512.0,0.8268,64266.0,0.8268,275912504.0,220961036.1172
1753505052875,04:44:12.875,bitget,ADA/USDT:USDT,0.8267,34512.0,0.8268,64266.0,0.8268,275912504.0,220961036.1172
1753505053185,04:44:13.185,bitget,ADA/USDT:USDT,0.8267,64396.0,0.8268,24421.0,0.8268,275912504.0,220961036.1172
1753505053495,04:44:13.495,bitget,ADA/USDT:USDT,0.8267,64396.0,0.8268,23589.0,0.8268,275912504.0,220961036.1172
1753505053944,04:44:13.944,bitget,ADA/USDT:USDT,0.8268,67720.0,0.8269,40322.0,0.8268,275912504.0,220961036.1172
1753505054752,04:44:14.752,bitget,ADA/USDT:USDT,0.8268,67720.0,0.8269,40322.0,0.8268,275912504.0,220961036.1172
1753505055451,04:44:15.451,bitget,ADA/USDT:USDT,0.8268,1949.0,0.8269,62281.0,0.8268,275912504.0,220961036.1172
1753505055760,04:44:15.760,bitget,ADA/USDT:USDT,0.8268,1949.0,0.8269,62281.0,0.8268,275912504.0,220961036.1172
1753505056075,04:44:16.075,bitget,ADA/USDT:USDT,0.8268,14949.0,0.8269,79281.0,0.8268,275912504.0,220961036.1172
1753505056456,04:44:16.456,bitget,ADA/USDT:USDT,0.8268,14949.0,0.8269,79281.0,0.8268,275912504.0,220961036.1172
1753505056818,04:44:16.818,bitget,ADA/USDT:USDT,0.8268,350.0,0.8269,79281.0,0.8268,275912504.0,220961036.1172
1753505057129,04:44:17.129,bitget,ADA/USDT:USDT,0.8266,63104.0,0.8268,3143.0,0.8268,275912504.0,220961036.1172
1753505057461,04:44:17.461,bitget,ADA/USDT:USDT,0.8266,28213.0,0.8267,38744.0,0.8266,275912504.0,220961036.1172
1753505057807,04:44:17.807,bitget,ADA/USDT:USDT,0.8266,44776.0,0.8267,38744.0,0.8266,275912504.0,220961036.1172
1753505058127,04:44:18.127,bitget,ADA/USDT:USDT,0.8266,70276.0,0.8267,38744.0,0.8266,275912504.0,220961036.1172
1753505058440,04:44:18.440,bitget,ADA/USDT:USDT,0.8266,48116.0,0.8267,16563.0,0.8266,275912504.0,220961036.1172
1753505059245,04:44:19.245,bitget,ADA/USDT:USDT,0.8267,58101.0,0.8268,36418.0,0.8266,275913232.0,220961637.882
1753505059554,04:44:19.554,bitget,ADA/USDT:USDT,0.8267,58101.0,0.8268,36418.0,0.8266,275913232.0,220961637.882
1753505059868,04:44:19.868,bitget,ADA/USDT:USDT,0.8267,50944.0,0.8268,52642.0,0.8266,275913232.0,220961637.882
1753505060543,04:44:20.543,bitget,ADA/USDT:USDT,0.8267,50944.0,0.8268,36522.0,0.8266,275913232.0,220961637.882
1753505060852,04:44:20.852,bitget,ADA/USDT:USDT,0.8267,50944.0,0.8268,36522.0,0.8266,275913232.0,220961637.882
1753505061175,04:44:21.175,bitget,ADA/USDT:USDT,0.8267,32252.0,0.8268,48844.0,0.8266,275913232.0,220961637.882
1753505061609,04:44:21.609,bitget,ADA/USDT:USDT,0.8267,35373.0,0.8268,37344.0,0.8266,275913232.0,220961637.882
1753505062364,04:44:22.364,bitget,ADA/USDT:USDT,0.8267,59351.0,0.8268,27844.0,0.8266,275912504.0,220961036.1172
1753505063106,04:44:23.106,bitget,ADA/USDT:USDT,0.8267,45851.0,0.8268,29082.0,0.8266,275913232.0,220961637.882
1753505063712,04:44:23.712,bitget,ADA/USDT:USDT,0.8267,45851.0,0.8268,26245.0,0.8266,275913232.0,220961637.882
1753505064464,04:44:24.464,bitget,ADA/USDT:USDT,0.8267,46673.0,0.8268,27022.0,0.8266,275913232.0,220961637.882
1753505064819,04:44:24.819,bitget,ADA/USDT:USDT,0.8267,46673.0,0.8268,27022.0,0.8266,275913232.0,220961637.882
1753505065151,04:44:25.151,bitget,ADA/USDT:USDT,0.8267,46673.0,0.8268,37522.0,0.8266,275913232.0,220961637.882
1753505065780,04:44:25.780,bitget,ADA/USDT:USDT,0.8267,38673.0,0.8268,37522.0,0.8266,275913232.0,220961637.882
1753505066089,04:44:26.089,bitget,ADA/USDT:USDT,0.8267,47173.0,0.8268,50522.0,0.8266,275913232.0,220961637.882
1753505066959,04:44:26.959,bitget,ADA/USDT:USDT,0.8267,34673.0,0.8268,37522.0,0.8266,275913232.0,220961637.882
1753505067279,04:44:27.279,bitget,ADA/USDT:USDT,0.8267,54673.0,0.8268,50022.0,0.8266,275913232.0,220961637.882
1753505067599,04:44:27.599,bitget,ADA/USDT:USDT,0.8267,54673.0,0.8268,37522.0,0.8266,275913232.0,220961637.882
1753505067940,04:44:27.940,bitget,ADA/USDT:USDT,0.8267,54673.0,0.8268,37522.0,0.8266,275913232.0,220961637.882
1753505068253,04:44:28.253,bitget,ADA/USDT:USDT,0.8267,54673.0,0.8268,37522.0,0.8266,275913232.0,220961637.882
1753505068564,04:44:28.564,bitget,ADA/USDT:USDT,0.8267,54673.0,0.8268,37522.0,0.8266,275913232.0,220961637.882
1753505068925,04:44:28.925,bitget,ADA/USDT:USDT,0.8267,52173.0,0.8268,46022.0,0.8266,275913232.0,220961637.882
1753505069281,04:44:29.281,bitget,ADA/USDT:USDT,0.8267,52173.0,0.8268,46022.0,0.8266,275913232.0,220961637.882
1753505069599,04:44:29.599,bitget,ADA/USDT:USDT,0.8267,52173.0,0.8268,46022.0,0.8266,275913232.0,220961637.882
1753505069904,04:44:29.904,bitget,ADA/USDT:USDT,0.8267,60173.0,0.8268,37522.0,0.8266,275913232.0,220961637.882
1753505070218,04:44:30.218,bitget,ADA/USDT:USDT,0.8267,60173.0,0.8268,37522.0,0.8266,275913232.0,220961637.882
1753505070570,04:44:30.570,bitget,ADA/USDT:USDT,0.8267,60173.0,0.8268,37522.0,0.8266,275913232.0,220961637.882
1753505070879,04:44:30.879,bitget,ADA/USDT:USDT,0.8267,60173.0,0.8268,37522.0,0.8266,275913232.0,220961637.882
1753505071204,04:44:31.204,bitget,ADA/USDT:USDT,0.8267,41673.0,0.8268,37522.0,0.8266,275913232.0,220961637.882
1753505071614,04:44:31.614,bitget,ADA/USDT:USDT,0.8267,41673.0,0.8268,37522.0,0.8266,275913232.0,220961637.882
1753505072471,04:44:32.471,bitget,ADA/USDT:USDT,0.8267,50673.0,0.8268,47522.0,0.8266,275913232.0,220961637.882
1753505072803,04:44:32.803,bitget,ADA/USDT:USDT,0.8267,34673.0,0.8268,47522.0,0.8266,275913232.0,220961637.882
1753505073148,04:44:33.148,bitget,ADA/USDT:USDT,0.8266,79346.0,0.8267,14649.0,0.8267,275913232.0,220961637.882
1753505073835,04:44:33.835,bitget,ADA/USDT:USDT,0.8266,53743.0,0.8267,1949.0,0.8267,275913232.0,220961637.882
1753505074160,04:44:34.160,bitget,ADA/USDT:USDT,0.8267,25850.0,0.8268,78661.0,0.8267,275915576.0,220963575.6668
1753505074664,04:44:34.664,bitget,ADA/USDT:USDT,0.8267,27449.0,0.8268,74499.0,0.8267,275915576.0,220963575.6668
1753505074980,04:44:34.980,bitget,ADA/USDT:USDT,0.8267,27449.0,0.8268,74499.0,0.8267,275915576.0,220963575.6668
1753505075295,04:44:35.295,bitget,ADA/USDT:USDT,0.8267,27449.0,0.8268,58353.0,0.8267,275915576.0,220963575.6668
1753505075629,04:44:35.629,bitget,ADA/USDT:USDT,0.8267,45106.0,0.8268,58353.0,0.8267,275915576.0,220963575.6668
1753505075970,04:44:35.970,bitget,ADA/USDT:USDT,0.8267,45106.0,0.8268,58353.0,0.8267,275915576.0,220963575.6668
1753505076295,04:44:36.295,bitget,ADA/USDT:USDT,0.8267,44012.0,0.8268,58353.0,0.8267,275915576.0,220963575.6668
1753505076612,04:44:36.612,bitget,ADA/USDT:USDT,0.8267,44012.0,0.8268,46797.0,0.8267,275915576.0,220963575.6668
1753505077063,04:44:37.063,bitget,ADA/USDT:USDT,0.8267,44012.0,0.8268,46797.0,0.8267,275915576.0,220963575.6668
1753505077863,04:44:37.863,bitget,ADA/USDT:USDT,0.8267,44012.0,0.8268,61797.0,0.8267,275915576.0,220963575.6668
1753505078656,04:44:38.656,bitget,ADA/USDT:USDT,0.8267,44012.0,0.8268,46797.0,0.8267,275915576.0,220963575.6668
1753505079276,04:44:39.276,bitget,ADA/USDT:USDT,0.8267,44012.0,0.8268,46797.0,0.8267,275913232.0,220961637.882
1753505080076,04:44:40.076,bitget,ADA/USDT:USDT,0.8267,47328.0,0.8268,46797.0,0.8267,275915576.0,220963575.6668
1753505080389,04:44:40.389,bitget,ADA/USDT:USDT,0.8267,47328.0,0.8268,46797.0,0.8267,275915576.0,220963575.6668
1753505080728,04:44:40.728,bitget,ADA/USDT:USDT,0.8267,48159.0,0.8268,45491.0,0.8267,275915576.0,220963575.6668
1753505081067,04:44:41.067,bitget,ADA/USDT:USDT,0.8267,48159.0,0.8268,45491.0,0.8267,275915576.0,220963575.6668
1753505081380,04:44:41.380,bitget,ADA/USDT:USDT,0.8267,48159.0,0.8268,45491.0,0.8267,275915576.0,220963575.6668
1753505081690,04:44:41.690,bitget,ADA/USDT:USDT,0.8267,44843.0,0.8268,45491.0,0.8267,275915576.0,220963575.6668
1753505082068,04:44:42.068,bitget,ADA/USDT:USDT,0.8267,44843.0,0.8268,45491.0,0.8267,275915576.0,220963575.6668
1753505082410,04:44:42.410,bitget,ADA/USDT:USDT,0.8267,44843.0,0.8268,45491.0,0.8267,275915576.0,220963575.6668
1753505082718,04:44:42.718,bitget,ADA/USDT:USDT,0.8267,44843.0,0.8268,35491.0,0.8267,275915576.0,220963575.6668
1753505083027,04:44:43.027,bitget,ADA/USDT:USDT,0.8267,44843.0,0.8268,55491.0,0.8267,275915576.0,220963575.6668
1753505083355,04:44:43.355,bitget,ADA/USDT:USDT,0.8267,44843.0,0.8268,55491.0,0.8267,275915576.0,220963575.6668
1753505083666,04:44:43.666,bitget,ADA/USDT:USDT,0.8267,44843.0,0.8268,55491.0,0.8267,275915576.0,220963575.6668
1753505083976,04:44:43.976,bitget,ADA/USDT:USDT,0.8267,47710.0,0.8268,55491.0,0.8267,275915576.0,220963575.6668
1753505084388,04:44:44.388,bitget,ADA/USDT:USDT,0.8267,47710.0,0.8268,55491.0,0.8267,275915576.0,220963575.6668
1753505085207,04:44:45.207,bitget,ADA/USDT:USDT,0.8267,47710.0,0.8268,55491.0,0.8267,275915576.0,220963575.6668
1753505085527,04:44:45.527,bitget,ADA/USDT:USDT,0.8267,47710.0,0.8268,55491.0,0.8267,275915576.0,220963575.6668
1753505085886,04:44:45.886,bitget,ADA/USDT:USDT,0.8267,47710.0,0.8268,55491.0,0.8267,275915576.0,220963575.6668
1753505086214,04:44:46.214,bitget,ADA/USDT:USDT,0.8267,26780.0,0.8268,51589.0,0.8268,275915576.0,220963575.6668
1753505086523,04:44:46.523,bitget,ADA/USDT:USDT,0.8267,23913.0,0.8268,51589.0,0.8268,275915576.0,220963575.6668
1753505086880,04:44:46.880,bitget,ADA/USDT:USDT,0.8267,25512.0,0.8268,57089.0,0.8268,275915576.0,220963575.6668
1753505087243,04:44:47.243,bitget,ADA/USDT:USDT,0.8267,25512.0,0.8268,57089.0,0.8268,275923380.0,220970028.014
1753505087555,04:44:47.555,bitget,ADA/USDT:USDT,0.8267,25512.0,0.8268,57089.0,0.8268,275923380.0,220970028.014
1753505087863,04:44:47.863,bitget,ADA/USDT:USDT,0.8267,36512.0,0.8268,57089.0,0.8268,275923380.0,220970028.014
1753505088298,04:44:48.298,bitget,ADA/USDT:USDT,0.8267,36244.0,0.8268,51589.0,0.8267,275923916.0,220970471.1252
1753505089022,04:44:49.022,bitget,ADA/USDT:USDT,0.8267,39612.0,0.8268,51589.0,0.8267,275923916.0,220970471.1252
1753505089412,04:44:49.412,bitget,ADA/USDT:USDT,0.8267,39612.0,0.8268,51589.0,0.8267,275923916.0,220970471.1252
1753505089768,04:44:49.768,bitget,ADA/USDT:USDT,0.8267,39612.0,0.8268,51589.0,0.8267,275923916.0,220970471.1252
1753505090081,04:44:50.081,bitget,ADA/USDT:USDT,0.8267,39612.0,0.8268,51589.0,0.8267,275923916.0,220970471.1252
1753505090401,04:44:50.401,bitget,ADA/USDT:USDT,0.8267,19931.0,0.8268,54720.0,0.8267,275923916.0,220970471.1252
1753505090735,04:44:50.735,bitget,ADA/USDT:USDT,0.8267,19931.0,0.8268,60220.0,0.8267,275923916.0,220970471.1252
1753505091051,04:44:51.051,bitget,ADA/USDT:USDT,0.8267,16563.0,0.8268,57089.0,0.8267,275923916.0,220970471.1252
1753505091367,04:44:51.367,bitget,ADA/USDT:USDT,0.8267,18162.0,0.8268,57089.0,0.8267,275923916.0,220970471.1252
1753505091817,04:44:51.817,bitget,ADA/USDT:USDT,0.8267,22842.0,0.8268,51589.0,0.8267,275923916.0,220970471.1252
1753505092184,04:44:52.184,bitget,ADA/USDT:USDT,0.8267,16913.0,0.8268,51589.0,0.8267,275915576.0,220963575.6668
1753505092809,04:44:52.809,bitget,ADA/USDT:USDT,0.8267,16913.0,0.8268,57089.0,0.8267,275923916.0,220970471.1252
1753505093190,04:44:53.190,bitget,ADA/USDT:USDT,0.8267,18512.0,0.8268,57089.0,0.8267,275923916.0,220970471.1252
1753505093507,04:44:53.507,bitget,ADA/USDT:USDT,0.8267,18512.0,0.8268,57089.0,0.8267,275923916.0,220970471.1252
1753505093812,04:44:53.812,bitget,ADA/USDT:USDT,0.8267,41826.0,0.8268,51589.0,0.8267,275923916.0,220970471.1252
1753505094269,04:44:54.269,bitget,ADA/USDT:USDT,0.8267,41826.0,0.8268,51589.0,0.8267,275923916.0,220970471.1252
1753505095219,04:44:55.219,bitget,ADA/USDT:USDT,0.8267,22922.0,0.8268,51589.0,0.8267,275923916.0,220970471.1252
1753505095578,04:44:55.578,bitget,ADA/USDT:USDT,0.8267,68806.0,0.8269,78448.0,0.8267,275923916.0,220970471.1252
1753505095908,04:44:55.908,bitget,ADA/USDT:USDT,0.8267,68806.0,0.8269,78448.0,0.8267,275923916.0,220970471.1252
1753505096218,04:44:56.218,bitget,ADA/USDT:USDT,0.8267,68806.0,0.8268,24050.0,0.8267,275923916.0,220970471.1252
1753505096538,04:44:56.538,bitget,ADA/USDT:USDT,0.8267,68806.0,0.8268,24050.0,0.8267,275923916.0,220970471.1252
1753505096947,04:44:56.947,bitget,ADA/USDT:USDT,0.8267,74524.0,0.8269,62291.0,0.8267,275923916.0,220970471.1252
1753505097312,04:44:57.312,bitget,ADA/USDT:USDT,0.8268,19326.0,0.8269,90362.0,0.8267,275923916.0,220970471.1252
1753505097627,04:44:57.627,bitget,ADA/USDT:USDT,0.8268,34826.0,0.8269,90362.0,0.8267,275923916.0,220970471.1252
1753505097971,04:44:57.971,bitget,ADA/USDT:USDT,0.8268,2413.0,0.8269,90362.0,0.8267,275923916.0,220970471.1252
1753505098301,04:44:58.301,bitget,ADA/USDT:USDT,0.8268,2413.0,0.8269,90362.0,0.8267,275923916.0,220970471.1252
1753505098617,04:44:58.617,bitget,ADA/USDT:USDT,0.8268,2413.0,0.8269,90362.0,0.8267,275923916.0,220970471.1252
1753505098948,04:44:58.948,bitget,ADA/USDT:USDT,0.8268,31476.0,0.8269,90362.0,0.8267,275923916.0,220970471.1252
1753505099300,04:44:59.300,bitget,ADA/USDT:USDT,0.8268,31476.0,0.8269,90362.0,0.8267,275923916.0,220970471.1252
1753505099610,04:44:59.610,bitget,ADA/USDT:USDT,0.8268,814.0,0.8269,113993.0,0.8267,275923916.0,220970471.1252
1753505099913,04:44:59.913,bitget,ADA/USDT:USDT,0.8268,814.0,0.8269,113993.0,0.8267,275923916.0,220970471.1252
1753505100231,04:45:00.231,bitget,ADA/USDT:USDT,0.8267,5876.0,0.8268,80905.0,0.8267,275923916.0,220970471.1252
1753505100559,04:45:00.559,bitget,ADA/USDT:USDT,0.8267,43439.0,0.8268,80905.0,0.8267,275923916.0,220970471.1252
1753505101208,04:45:01.208,bitget,ADA/USDT:USDT,0.8267,3819.0,0.8268,73339.0,0.8267,275821886.0,220888342.5472
1753505101591,04:45:01.591,bitget,ADA/USDT:USDT,0.8267,12819.0,0.8268,73339.0,0.8267,275821886.0,220888342.5472
1753505101981,04:45:01.981,bitget,ADA/USDT:USDT,0.8267,19819.0,0.8268,71900.0,0.8268,275837018.0,220900853.6848
1753505102363,04:45:02.363,bitget,ADA/USDT:USDT,0.8267,3819.0,0.8268,104887.0,0.8268,275837018.0,220900853.6848
1753505102712,04:45:02.712,bitget,ADA/USDT:USDT,0.8267,3819.0,0.8268,104887.0,0.8268,275837018.0,220900853.6848
1753505103030,04:45:03.030,bitget,ADA/USDT:USDT,0.8267,1717.0,0.8268,104220.0,0.8267,275838484.0,220902065.7486
1753505103383,04:45:03.383,bitget,ADA/USDT:USDT,0.8267,1717.0,0.8268,107351.0,0.8267,275838484.0,220902065.7486
1753505103709,04:45:03.709,bitget,ADA/USDT:USDT,0.8267,1717.0,0.8268,107351.0,0.8267,275838484.0,220902065.7486
1753505104021,04:45:04.021,bitget,ADA/USDT:USDT,0.8267,1717.0,0.8268,107351.0,0.8267,275838484.0,220902065.7486
1753505104343,04:45:04.343,bitget,ADA/USDT:USDT,0.8267,1717.0,0.8268,107351.0,0.8267,275841026.0,220904167.22
1753505104712,04:45:04.712,bitget,ADA/USDT:USDT,0.8267,1717.0,0.8268,107351.0,0.8267,275841026.0,220904167.22
1753505105091,04:45:05.091,bitget,ADA/USDT:USDT,0.8267,1717.0,0.8268,107351.0,0.8267,275841026.0,220904167.22
1753505105413,04:45:05.413,bitget,ADA/USDT:USDT,0.8267,1717.0,0.8268,104220.0,0.8267,275841026.0,220904167.22
1753505105767,04:45:05.767,bitget,ADA/USDT:USDT,0.8267,1717.0,0.8268,104220.0,0.8267,275841026.0,220904167.22
1753505106095,04:45:06.095,bitget,ADA/USDT:USDT,0.8267,1717.0,0.8268,103616.0,0.8267,275841026.0,220904167.22
1753505106422,04:45:06.422,bitget,ADA/USDT:USDT,0.8267,1717.0,0.8268,104220.0,0.8267,275923916.0,220970471.1252
1753505107319,04:45:07.319,bitget,ADA/USDT:USDT,0.8265,41874.0,0.8266,42414.0,0.8265,275841026.0,220904167.22
1753505107635,04:45:07.635,bitget,ADA/USDT:USDT,0.8265,41874.0,0.8266,42414.0,0.8265,275841026.0,220904167.22
1753505108331,04:45:08.331,bitget,ADA/USDT:USDT,0.8264,42656.0,0.8266,45764.0,0.8265,275852398.0,220913566.8648
1753505108653,04:45:08.653,bitget,ADA/USDT:USDT,0.8264,42656.0,0.8266,45764.0,0.8265,275852398.0,220913566.8648
1753505108969,04:45:08.969,bitget,ADA/USDT:USDT,0.8265,54499.0,0.8266,43903.0,0.8265,275852398.0,220913566.8648
1753505109383,04:45:09.383,bitget,ADA/USDT:USDT,0.8265,28125.0,0.8266,41209.0,0.8265,275852398.0,220913566.8648
1753505110169,04:45:10.169,bitget,ADA/USDT:USDT,0.8265,35125.0,0.8266,59709.0,0.8265,275852398.0,220913566.8648
1753505111170,04:45:11.170,bitget,ADA/USDT:USDT,0.8265,1941.0,0.8266,66709.0,0.8265,275852398.0,220913566.8648
1753505111529,04:45:11.529,bitget,ADA/USDT:USDT,0.8264,7270.0,0.8266,67436.0,0.8265,275852398.0,220913566.8648
1753505111884,04:45:11.884,bitget,ADA/USDT:USDT,0.8264,19109.0,0.8265,67124.0,0.8264,275852398.0,220913566.8648
1753505112340,04:45:12.340,bitget,ADA/USDT:USDT,0.8264,19109.0,0.8265,67124.0,0.8264,275852398.0,220913566.8648
1753505112782,04:45:12.782,bitget,ADA/USDT:USDT,0.8264,22167.0,0.8265,67124.0,0.8264,275852398.0,220913566.8648
1753505113160,04:45:13.160,bitget,ADA/USDT:USDT,0.8264,22167.0,0.8265,67124.0,0.8264,275854760.0,220915518.985
1753505113495,04:45:13.495,bitget,ADA/USDT:USDT,0.8264,22167.0,0.8265,67124.0,0.8264,275854760.0,220915518.985
1753505113809,04:45:13.809,bitget,ADA/USDT:USDT,0.8264,22167.0,0.8265,67124.0,0.8264,275854760.0,220915518.985
1753505114137,04:45:14.137,bitget,ADA/USDT:USDT,0.8264,22167.0,0.8265,67124.0,0.8264,275854760.0,220915518.985
1753505114506,04:45:14.506,bitget,ADA/USDT:USDT,0.8264,31103.0,0.8265,66257.0,0.8264,275854760.0,220915518.985
1753505114854,04:45:14.854,bitget,ADA/USDT:USDT,0.8264,31103.0,0.8265,66257.0,0.8264,275854760.0,220915518.985
1753505115174,04:45:15.174,bitget,ADA/USDT:USDT,0.8264,47666.0,0.8265,60757.0,0.8264,275854760.0,220915518.985
1753505115502,04:45:15.502,bitget,ADA/USDT:USDT,0.8265,62944.0,0.8266,27449.0,0.8265,275854760.0,220915518.985
1753505115919,04:45:15.919,bitget,ADA/USDT:USDT,0.8265,55609.0,0.8266,69114.0,0.8266,275854760.0,220915518.985
1753505116237,04:45:16.237,bitget,ADA/USDT:USDT,0.8265,55609.0,0.8266,69114.0,0.8266,275856394.0,220916869.486
1753505116557,04:45:16.557,bitget,ADA/USDT:USDT,0.8265,55609.0,0.8266,69114.0,0.8266,275856394.0,220916869.486
1753505116956,04:45:16.956,bitget,ADA/USDT:USDT,0.8265,55609.0,0.8266,69114.0,0.8266,275856650.0,220917081.0956
1753505117675,04:45:17.675,bitget,ADA/USDT:USDT,0.8265,55609.0,0.8266,69114.0,0.8266,275856650.0,220917081.0956
1753505118037,04:45:18.037,bitget,ADA/USDT:USDT,0.8265,55609.0,0.8266,69114.0,0.8266,275856650.0,220917081.0956
1753505118372,04:45:18.372,bitget,ADA/USDT:USDT,0.8265,55609.0,0.8266,69114.0,0.8266,275856650.0,220917081.0956
1753505118687,04:45:18.687,bitget,ADA/USDT:USDT,0.8265,19229.0,0.8266,69114.0,0.8266,275856650.0,220917081.0956
1753505118995,04:45:18.995,bitget,ADA/USDT:USDT,0.8265,20068.0,0.8266,69114.0,0.8266,275856650.0,220917081.0956
1753505119773,04:45:19.773,bitget,ADA/USDT:USDT,0.8265,31068.0,0.8266,69114.0,0.8266,275856650.0,220917081.0956
1753505120081,04:45:20.081,bitget,ADA/USDT:USDT,0.8265,31068.0,0.8266,69114.0,0.8266,275856650.0,220917081.0956
1753505120400,04:45:20.400,bitget,ADA/USDT:USDT,0.8265,31068.0,0.8266,69114.0,0.8266,275856650.0,220917081.0956
1753505120785,04:45:20.785,bitget,ADA/USDT:USDT,0.8265,31068.0,0.8266,69114.0,0.8266,275856650.0,220917081.0956
1753505121112,04:45:21.112,bitget,ADA/USDT:USDT,0.8265,31068.0,0.8266,69114.0,0.8266,275856650.0,220917081.0956
1753505121431,04:45:21.431,bitget,ADA/USDT:USDT,0.8265,20068.0,0.8266,69114.0,0.8266,275856394.0,220916869.486
1753505122299,04:45:22.299,bitget,ADA/USDT:USDT,0.8265,20068.0,0.8266,69114.0,0.8266,275856650.0,220917081.0956
1753505122612,04:45:22.612,bitget,ADA/USDT:USDT,0.8265,39568.0,0.8266,69114.0,0.8266,275856650.0,220917081.0956
1753505122954,04:45:22.954,bitget,ADA/USDT:USDT,0.8265,4729.0,0.8266,69114.0,0.8266,275856650.0,220917081.0956
1753505123726,04:45:23.726,bitget,ADA/USDT:USDT,0.8265,4729.0,0.8266,69114.0,0.8266,275856650.0,220917081.0956
1753505124786,04:45:24.786,bitget,ADA/USDT:USDT,0.8265,3130.0,0.8266,69114.0,0.8266,275856650.0,220917081.0956
1753505125095,04:45:25.095,bitget,ADA/USDT:USDT,0.8265,3130.0,0.8266,69114.0,0.8266,275856650.0,220917081.0956
1753505125404,04:45:25.404,bitget,ADA/USDT:USDT,0.8265,1124.0,0.8266,69114.0,0.8266,275856650.0,220917081.0956
1753505125752,04:45:25.752,bitget,ADA/USDT:USDT,0.8262,41747.0,0.8263,36947.0,0.8263,275856650.0,220917081.0956
1753505126067,04:45:26.067,bitget,ADA/USDT:USDT,0.8262,41747.0,0.8263,36947.0,0.8263,275856650.0,220917081.0956
1753505126381,04:45:26.381,bitget,ADA/USDT:USDT,0.8262,35953.0,0.8263,43447.0,0.8263,275858814.0,220918869.3524
1753505126694,04:45:26.694,bitget,ADA/USDT:USDT,0.8262,38427.0,0.8263,36108.0,0.8263,275856650.0,220917081.0956
1753505127425,04:45:27.425,bitget,ADA/USDT:USDT,0.8262,20586.0,0.8263,62399.0,0.8263,275858814.0,220918869.3524
1753505127736,04:45:27.736,bitget,ADA/USDT:USDT,0.8262,3586.0,0.8263,62399.0,0.8263,275858814.0,220918869.3524
1753505128051,04:45:28.051,bitget,ADA/USDT:USDT,0.8262,20109.0,0.8263,62291.0,0.8263,275858814.0,220918869.3524
1753505128452,04:45:28.452,bitget,ADA/USDT:USDT,0.8262,20109.0,0.8263,36000.0,0.8263,275858814.0,220918869.3524
1753505128776,04:45:28.776,bitget,ADA/USDT:USDT,0.8262,20109.0,0.8263,36000.0,0.8263,275858814.0,220918869.3524
1753505129089,04:45:29.089,bitget,ADA/USDT:USDT,0.8262,36672.0,0.8263,36000.0,0.8263,275859030.0,220919047.8332
1753505129413,04:45:29.413,bitget,ADA/USDT:USDT,0.8262,36672.0,0.8263,46000.0,0.8263,275859030.0,220919047.8332
1753505129803,04:45:29.803,bitget,ADA/USDT:USDT,0.8262,36672.0,0.8263,46000.0,0.8263,275858814.0,220918869.3524
1753505130532,04:45:30.532,bitget,ADA/USDT:USDT,0.8262,20109.0,0.8263,61500.0,0.8263,275859030.0,220919047.8332
1753505130864,04:45:30.864,bitget,ADA/USDT:USDT,0.8262,36672.0,0.8263,36000.0,0.8263,275859030.0,220919047.8332
1753505131218,04:45:31.218,bitget,ADA/USDT:USDT,0.8262,36672.0,0.8263,36000.0,0.8263,275859030.0,220919047.8332
1753505131533,04:45:31.533,bitget,ADA/USDT:USDT,0.8262,36672.0,0.8263,1721.0,0.8263,275859030.0,220919047.8332
1753505131880,04:45:31.880,bitget,ADA/USDT:USDT,0.8265,1124.0,0.8266,41783.0,0.8264,275859030.0,220919047.8332
1753505132331,04:45:32.331,bitget,ADA/USDT:USDT,0.8265,1106.0,0.8266,67887.0,0.8265,275859050.0,220919064.3612
1753505133244,04:45:33.244,bitget,ADA/USDT:USDT,0.8264,3609.0,0.8265,68776.0,0.8265,275859030.0,220919047.8332
1753505133568,04:45:33.568,bitget,ADA/USDT:USDT,0.8264,2766.0,0.8265,68776.0,0.8265,275859030.0,220919047.8332
1753505134008,04:45:34.008,bitget,ADA/USDT:USDT,0.8264,3609.0,0.8265,68776.0,0.8265,275859050.0,220919064.3612
1753505134420,04:45:34.420,bitget,ADA/USDT:USDT,0.8264,3609.0,0.8265,68776.0,0.8265,275859778.0,220919666.0532
1753505134740,04:45:34.740,bitget,ADA/USDT:USDT,0.8264,20010.0,0.8265,68776.0,0.8265,275859778.0,220919666.0532
1753505135574,04:45:35.574,bitget,ADA/USDT:USDT,0.8264,19609.0,0.8265,68033.0,0.8265,275859778.0,220919666.0532
1753505135905,04:45:35.905,bitget,ADA/USDT:USDT,0.8264,19609.0,0.8265,68033.0,0.8265,275859778.0,220919666.0532
1753505136280,04:45:36.280,bitget,ADA/USDT:USDT,0.8264,760.0,0.8265,73158.0,0.8265,275859778.0,220919666.0532
1753505136633,04:45:36.633,bitget,ADA/USDT:USDT,0.8263,2766.0,0.8264,35366.0,0.8265,275859778.0,220919666.0532
1753505136958,04:45:36.958,bitget,ADA/USDT:USDT,0.8263,11380.0,0.8264,63558.0,0.8265,275859778.0,220919666.0532
1753505137280,04:45:37.280,bitget,ADA/USDT:USDT,0.8263,2010.0,0.8264,63558.0,0.8265,275859778.0,220919666.0532
1753505137722,04:45:37.722,bitget,ADA/USDT:USDT,0.8262,3544.0,0.8263,73977.0,0.8265,275859086.0,220919094.1152
1753505138091,04:45:38.091,bitget,ADA/USDT:USDT,0.8262,3544.0,0.8263,73977.0,0.8265,275859778.0,220919666.0532
1753505138402,04:45:38.402,bitget,ADA/USDT:USDT,0.8262,62339.0,0.8263,73142.0,0.8265,275859778.0,220919666.0532
1753505138740,04:45:38.740,bitget,ADA/USDT:USDT,0.8262,63493.0,0.8263,72630.0,0.8265,275859778.0,220919666.0532
1753505139072,04:45:39.072,bitget,ADA/USDT:USDT,0.8262,63493.0,0.8263,72630.0,0.8265,275859778.0,220919666.0532
1753505139386,04:45:39.386,bitget,ADA/USDT:USDT,0.8262,63493.0,0.8263,72630.0,0.8265,275859778.0,220919666.0532
1753505139703,04:45:39.703,bitget,ADA/USDT:USDT,0.8262,20089.0,0.8263,72630.0,0.8265,275859778.0,220919666.0532
1753505140716,04:45:40.716,bitget,ADA/USDT:USDT,0.8262,20924.0,0.8263,72630.0,0.8265,275859778.0,220919666.0532
1753505141737,04:45:41.737,bitget,ADA/USDT:USDT,0.8262,20924.0,0.8263,72630.0,0.8265,275859778.0,220919666.0532
1753505142041,04:45:42.041,bitget,ADA/USDT:USDT,0.8262,26924.0,0.8263,72630.0,0.8265,275859778.0,220919666.0532
1753505142898,04:45:42.898,bitget,ADA/USDT:USDT,0.8262,20924.0,0.8263,72630.0,0.8265,275859778.0,220919666.0532
1753505143490,04:45:43.490,bitget,ADA/USDT:USDT,0.8262,45424.0,0.8263,47130.0,0.8265,275859778.0,220919666.0532
1753505143853,04:45:43.853,bitget,ADA/USDT:USDT,0.8262,45424.0,0.8263,47130.0,0.8265,275859778.0,220919666.0532
1753505144159,04:45:44.159,bitget,ADA/USDT:USDT,0.8262,45424.0,0.8263,47130.0,0.8265,275859778.0,220919666.0532
1753505144461,04:45:44.461,bitget,ADA/USDT:USDT,0.8262,45424.0,0.8263,47130.0,0.8265,275859778.0,220919666.0532
1753505144817,04:45:44.817,bitget,ADA/USDT:USDT,0.8263,39335.0,0.8265,8657.0,0.8262,275859778.0,220919666.0532
1753505145231,04:45:45.231,bitget,ADA/USDT:USDT,0.8264,43983.0,0.8265,64087.0,0.8262,275859778.0,220919666.0532
1753505145557,04:45:45.557,bitget,ADA/USDT:USDT,0.8264,16766.0,0.8265,64087.0,0.8262,275859778.0,220919666.0532
1753505145870,04:45:45.870,bitget,ADA/USDT:USDT,0.8264,19200.0,0.8265,68587.0,0.8262,275859778.0,220919666.0532
1753505146238,04:45:46.238,bitget,ADA/USDT:USDT,0.8264,19200.0,0.8265,68587.0,0.8262,275860778.0,220920492.2532
1753505146568,04:45:46.568,bitget,ADA/USDT:USDT,0.8264,19200.0,0.8265,68587.0,0.8262,275860778.0,220920492.2532
1753505146879,04:45:46.879,bitget,ADA/USDT:USDT,0.8264,39700.0,0.8265,68587.0,0.8262,275860778.0,220920492.2532
1753505147713,04:45:47.713,bitget,ADA/USDT:USDT,0.8264,39700.0,0.8265,64087.0,0.8262,275860778.0,220920492.2532
1753505148707,04:45:48.707,bitget,ADA/USDT:USDT,0.8263,63913.0,0.8264,25546.0,0.8262,275860778.0,220920492.2532
1753505149073,04:45:49.073,bitget,ADA/USDT:USDT,0.8263,3251.0,0.8264,63192.0,0.8262,275860778.0,220920492.2532
1753505149380,04:45:49.380,bitget,ADA/USDT:USDT,0.8263,3251.0,0.8264,63192.0,0.8262,275860778.0,220920492.2532
1753505149696,04:45:49.696,bitget,ADA/USDT:USDT,0.8263,45314.0,0.8264,42278.0,0.8264,275860778.0,220920492.2532
1753505150267,04:45:50.267,bitget,ADA/USDT:USDT,0.8263,47038.0,0.8264,42278.0,0.8264,275860778.0,220920492.2532
1753505150587,04:45:50.587,bitget,ADA/USDT:USDT,0.8263,47038.0,0.8264,42278.0,0.8264,275860778.0,220920492.2532
1753505150906,04:45:50.906,bitget,ADA/USDT:USDT,0.8263,47038.0,0.8264,41452.0,0.8264,275860778.0,220920492.2532
1753505151244,04:45:51.244,bitget,ADA/USDT:USDT,0.8263,47038.0,0.8264,41452.0,0.8264,275861136.0,220920788.1044
1753505151897,04:45:51.897,bitget,ADA/USDT:USDT,0.8263,47038.0,0.8264,41452.0,0.8264,275861136.0,220920788.1044
1753505152206,04:45:52.206,bitget,ADA/USDT:USDT,0.8263,62377.0,0.8264,1599.0,0.8264,275861136.0,220920788.1044
1753505152631,04:45:52.631,bitget,ADA/USDT:USDT,0.8263,67422.0,0.8264,1599.0,0.8264,275860778.0,220920492.2532
1753505153109,04:45:53.109,bitget,ADA/USDT:USDT,0.8263,67422.0,0.8264,1599.0,0.8264,275860778.0,220920492.2532
1753505153908,04:45:53.908,bitget,ADA/USDT:USDT,0.8264,52860.0,0.8265,39773.0,0.8264,275861136.0,220920788.1044
1753505154647,04:45:54.647,bitget,ADA/USDT:USDT,0.8264,46860.0,0.8265,39773.0,0.8264,275861136.0,220920788.1044
1753505155023,04:45:55.023,bitget,ADA/USDT:USDT,0.8264,52860.0,0.8265,39773.0,0.8264,275861136.0,220920788.1044
1753505155715,04:45:55.715,bitget,ADA/USDT:USDT,0.8264,52860.0,0.8265,39773.0,0.8264,275861136.0,220920788.1044
1753505156023,04:45:56.023,bitget,ADA/USDT:USDT,0.8264,52860.0,0.8265,39773.0,0.8264,275861136.0,220920788.1044
1753505156369,04:45:56.369,bitget,ADA/USDT:USDT,0.8264,52860.0,0.8265,39773.0,0.8264,275861136.0,220920788.1044
1753505156691,04:45:56.691,bitget,ADA/USDT:USDT,0.8264,52860.0,0.8265,39773.0,0.8264,275861136.0,220920788.1044
1753505156999,04:45:56.999,bitget,ADA/USDT:USDT,0.8264,52860.0,0.8265,49273.0,0.8264,275861136.0,220920788.1044
1753505157342,04:45:57.342,bitget,ADA/USDT:USDT,0.8264,52860.0,0.8265,39773.0,0.8264,275861136.0,220920788.1044
1753505157717,04:45:57.717,bitget,ADA/USDT:USDT,0.8264,46860.0,0.8265,52273.0,0.8264,275861136.0,220920788.1044
1753505158340,04:45:58.340,bitget,ADA/USDT:USDT,0.8264,46860.0,0.8265,52273.0,0.8264,275861136.0,220920788.1044
1753505158682,04:45:58.682,bitget,ADA/USDT:USDT,0.8264,46860.0,0.8265,39773.0,0.8264,275861136.0,220920788.1044
1753505160263,04:46:00.263,bitget,ADA/USDT:USDT,0.8264,53208.0,0.8265,43782.0,0.8264,275861136.0,220920788.1044
1753505160598,04:46:00.598,bitget,ADA/USDT:USDT,0.8264,53208.0,0.8265,43782.0,0.8264,275800856.0,220872347.926
1753505160913,04:46:00.913,bitget,ADA/USDT:USDT,0.8264,53208.0,0.8265,43782.0,0.8264,275800856.0,220872347.926
1753505161238,04:46:01.238,bitget,ADA/USDT:USDT,0.8264,48052.0,0.8265,43782.0,0.8264,275861136.0,220920788.1044
1753505162512,04:46:02.512,bitget,ADA/USDT:USDT,0.8264,48052.0,0.8265,43782.0,0.8264,275861136.0,220920788.1044
1753505163285,04:46:03.285,bitget,ADA/USDT:USDT,0.8264,48052.0,0.8265,43782.0,0.8264,275800856.0,220872347.926
1753505164250,04:46:04.250,bitget,ADA/USDT:USDT,0.8264,54052.0,0.8265,43782.0,0.8264,275800856.0,220872347.926
1753505164616,04:46:04.616,bitget,ADA/USDT:USDT,0.8264,54052.0,0.8265,43782.0,0.8264,275800856.0,220872347.926
1753505164926,04:46:04.926,bitget,ADA/USDT:USDT,0.8264,54052.0,0.8265,56782.0,0.8264,275800856.0,220872347.926
1753505165350,04:46:05.350,bitget,ADA/USDT:USDT,0.8264,54052.0,0.8265,43782.0,0.8264,275800856.0,220872347.926
1753505165912,04:46:05.912,bitget,ADA/USDT:USDT,0.8264,54052.0,0.8265,43782.0,0.8264,275800856.0,220872347.926
1753505166235,04:46:06.235,bitget,ADA/USDT:USDT,0.8264,54052.0,0.8265,43782.0,0.8264,275800856.0,220872347.926
1753505166548,04:46:06.548,bitget,ADA/USDT:USDT,0.8264,48052.0,0.8265,43782.0,0.8264,275800856.0,220872347.926
1753505166887,04:46:06.887,bitget,ADA/USDT:USDT,0.8264,2619.0,0.8265,69282.0,0.8264,275800856.0,220872347.926
1753505167198,04:46:07.198,bitget,ADA/USDT:USDT,0.8263,35503.0,0.8264,50302.0,0.8264,275800856.0,220872347.926
1753505167511,04:46:07.511,bitget,ADA/USDT:USDT,0.8263,35503.0,0.8264,49458.0,0.8264,275800856.0,220872347.926
1753505167887,04:46:07.887,bitget,ADA/USDT:USDT,0.8263,35503.0,0.8264,49458.0,0.8264,275800856.0,220872347.926
1753505168315,04:46:08.315,bitget,ADA/USDT:USDT,0.8263,35503.0,0.8264,50128.0,0.8264,275800856.0,220872347.926
1753505168901,04:46:08.901,bitget,ADA/USDT:USDT,0.8263,35503.0,0.8264,50128.0,0.8264,275800856.0,220872347.926
1753505169322,04:46:09.322,bitget,ADA/USDT:USDT,0.8263,28164.0,0.8264,25047.0,0.8264,275800856.0,220872347.926
1753505169640,04:46:09.640,bitget,ADA/USDT:USDT,0.8263,28164.0,0.8264,25047.0,0.8264,275800856.0,220872347.926
1753505170311,04:46:10.311,bitget,ADA/USDT:USDT,0.8263,66048.0,0.8264,670.0,0.8264,275800856.0,220872347.926
1753505170674,04:46:10.674,bitget,ADA/USDT:USDT,0.8263,66048.0,0.8264,17608.0,0.8264,275800856.0,220872347.926
1753505171404,04:46:11.404,bitget,ADA/USDT:USDT,0.8263,66048.0,0.8264,16009.0,0.8264,275800856.0,220872347.926
1753505171828,04:46:11.828,bitget,ADA/USDT:USDT,0.8263,66048.0,0.8264,27458.0,0.8264,275800856.0,220872347.926
1753505172197,04:46:12.197,bitget,ADA/USDT:USDT,0.8263,66048.0,0.8264,27458.0,0.8264,275800856.0,220872347.926
1753505172507,04:46:12.507,bitget,ADA/USDT:USDT,0.8263,40548.0,0.8264,45917.0,0.8264,275800856.0,220872347.926
1753505172915,04:46:12.915,bitget,ADA/USDT:USDT,0.8263,40548.0,0.8264,61917.0,0.8264,275800856.0,220872347.926
1753505173313,04:46:13.313,bitget,ADA/USDT:USDT,0.8263,40548.0,0.8264,61917.0,0.8264,275800856.0,220872347.926
1753505173641,04:46:13.641,bitget,ADA/USDT:USDT,0.8263,40548.0,0.8264,61917.0,0.8264,275800856.0,220872347.926
1753505173953,04:46:13.953,bitget,ADA/USDT:USDT,0.8263,40548.0,0.8264,45917.0,0.8264,275800856.0,220872347.926
1753505174271,04:46:14.271,bitget,ADA/USDT:USDT,0.8263,35503.0,0.8264,45917.0,0.8264,275800856.0,220872347.926
1753505174620,04:46:14.620,bitget,ADA/USDT:USDT,0.8263,35503.0,0.8264,45917.0,0.8264,275800856.0,220872347.926
1753505174933,04:46:14.933,bitget,ADA/USDT:USDT,0.8263,61003.0,0.8264,45917.0,0.8264,275800856.0,220872347.926
1753505175252,04:46:15.252,bitget,ADA/USDT:USDT,0.8263,43503.0,0.8264,59417.0,0.8263,275800856.0,220872347.926
1753505175636,04:46:15.636,bitget,ADA/USDT:USDT,0.8263,43503.0,0.8264,59417.0,0.8263,275806054.0,220876643.0334
1753505176042,04:46:16.042,bitget,ADA/USDT:USDT,0.8263,43503.0,0.8264,59417.0,0.8263,275806054.0,220876643.0334
1753505176352,04:46:16.352,bitget,ADA/USDT:USDT,0.8263,34503.0,0.8264,59417.0,0.8263,275806054.0,220876643.0334
1753505176666,04:46:16.666,bitget,ADA/USDT:USDT,0.8263,35340.0,0.8264,57417.0,0.8263,275806054.0,220876643.0334
1753505177014,04:46:17.014,bitget,ADA/USDT:USDT,0.8263,35340.0,0.8264,57417.0,0.8263,275806054.0,220876643.0334
1753505177327,04:46:17.327,bitget,ADA/USDT:USDT,0.8263,35340.0,0.8264,57417.0,0.8263,275806054.0,220876643.0334
1753505177633,04:46:17.633,bitget,ADA/USDT:USDT,0.8263,35340.0,0.8264,57417.0,0.8263,275806054.0,220876643.0334
1753505178061,04:46:18.061,bitget,ADA/USDT:USDT,0.8263,652.0,0.8264,61917.0,0.8263,275806054.0,220876643.0334
1753505179271,04:46:19.271,bitget,ADA/USDT:USDT,0.8263,1481.0,0.8264,61917.0,0.8263,275800856.0,220872347.926
1753505180639,04:46:20.639,bitget,ADA/USDT:USDT,0.8263,45493.0,0.8264,57417.0,0.8263,275806054.0,220876643.0334
1753505181026,04:46:21.026,bitget,ADA/USDT:USDT,0.8263,45493.0,0.8264,36417.0,0.8263,275806054.0,220876643.0334
1753505181333,04:46:21.333,bitget,ADA/USDT:USDT,0.8263,45493.0,0.8264,19854.0,0.8263,275806054.0,220876643.0334
1753505181645,04:46:21.645,bitget,ADA/USDT:USDT,0.8263,45493.0,0.8264,19854.0,0.8263,275806054.0,220876643.0334
