timestamp,time,exchange,symbol,bid,bidVolume,ask,askVolume,lastPrice,baseVolume,quoteVolume
1753504791893,04:39:51.893,bitget,ACH/USDT:USDT,0.02239,14618.0,0.022391,5668.0,0.022379,183355516.0,3994699.545052
1753504792435,04:39:52.435,bitget,ACH/USDT:USDT,0.02239,11811.0,0.022391,5668.0,0.022379,183355516.0,3994699.545052
1753504792762,04:39:52.762,bitget,ACH/USDT:USDT,0.022389,11811.0,0.022391,5668.0,0.022379,183355516.0,3994699.545052
1753504794822,04:39:54.822,bitget,ACH/USDT:USDT,0.02239,11811.0,0.022391,8475.0,0.022379,183355516.0,3994699.545052
1753504795145,04:39:55.145,bitget,ACH/USDT:USDT,0.02239,11811.0,0.022391,5668.0,0.022379,183355516.0,3994699.545052
1753504795521,04:39:55.521,bitget,ACH/USDT:USDT,0.02239,14618.0,0.022391,5668.0,0.022379,183355516.0,3994699.545052
1753504795849,04:39:55.849,bitget,ACH/USDT:USDT,0.02239,14618.0,0.022391,5668.0,0.022379,183355516.0,3994699.545052
1753504796171,04:39:56.171,bitget,ACH/USDT:USDT,0.02239,13376.0,0.022391,8475.0,0.022379,183355516.0,3994699.545052
1753504796542,04:39:56.542,bitget,ACH/USDT:USDT,0.02239,13376.0,0.022391,5668.0,0.022379,183355516.0,3994699.545052
1753504796907,04:39:56.907,bitget,ACH/USDT:USDT,0.02239,13376.0,0.022391,5668.0,0.022379,183355516.0,3994699.545052
1753504797226,04:39:57.226,bitget,ACH/USDT:USDT,0.02239,16262.0,0.022391,5668.0,0.022379,183355516.0,3994699.545052
1753504797542,04:39:57.542,bitget,ACH/USDT:USDT,0.02239,16262.0,0.022391,5668.0,0.022379,183355516.0,3994699.545052
1753504797922,04:39:57.922,bitget,ACH/USDT:USDT,0.02239,16262.0,0.022391,5668.0,0.022379,183355516.0,3994699.545052
1753504798272,04:39:58.272,bitget,ACH/USDT:USDT,0.02239,16262.0,0.022391,5668.0,0.022379,183355516.0,3994699.545052
1753504798585,04:39:58.585,bitget,ACH/USDT:USDT,0.02239,16262.0,0.022391,5668.0,0.022379,183355516.0,3994699.545052
1753504798911,04:39:58.911,bitget,ACH/USDT:USDT,0.02239,13376.0,0.022391,8554.0,0.022379,183355516.0,3994699.545052
1753504799287,04:39:59.287,bitget,ACH/USDT:USDT,0.02239,13376.0,0.022391,8554.0,0.022379,183355516.0,3994699.545052
1753504799660,04:39:59.660,bitget,ACH/USDT:USDT,0.02239,13376.0,0.022391,8554.0,0.022379,183355516.0,3994699.545052
1753504799987,04:39:59.987,bitget,ACH/USDT:USDT,0.02239,13376.0,0.022391,8554.0,0.022379,183355516.0,3994699.545052
1753504800995,04:40:00.995,bitget,ACH/USDT:USDT,0.02239,13376.0,0.022391,8554.0,0.022379,183332366.0,3994201.059028
1753504801694,04:40:01.694,bitget,ACH/USDT:USDT,0.02239,13376.0,0.022391,8554.0,0.022379,183355516.0,3994699.545052
1753504802247,04:40:02.247,bitget,ACH/USDT:USDT,0.02239,13376.0,0.022391,8554.0,0.022379,183332366.0,3994201.059028
1753504803071,04:40:03.071,bitget,ACH/USDT:USDT,0.022389,11811.0,0.02239,2886.0,0.022379,183332366.0,3994201.059028
1753504803438,04:40:03.438,bitget,ACH/USDT:USDT,0.022389,11811.0,0.02239,2886.0,0.022379,183332366.0,3994201.059028
1753504803765,04:40:03.765,bitget,ACH/USDT:USDT,0.022389,11811.0,0.02239,2886.0,0.022379,183332366.0,3994201.059028
1753504804077,04:40:04.077,bitget,ACH/USDT:USDT,0.022389,11811.0,0.02239,2886.0,0.022379,183332366.0,3994201.059028
1753504804418,04:40:04.418,bitget,ACH/USDT:USDT,0.022389,11811.0,0.02239,2886.0,0.022379,183332366.0,3994201.059028
1753504804899,04:40:04.899,bitget,ACH/USDT:USDT,0.022389,11811.0,0.02239,2886.0,0.022379,183332366.0,3994201.059028
1753504805524,04:40:05.524,bitget,ACH/USDT:USDT,0.02239,11811.0,0.022391,5668.0,0.022379,183332366.0,3994201.059028
1753504805874,04:40:05.874,bitget,ACH/USDT:USDT,0.02239,11811.0,0.022391,8554.0,0.022379,183332366.0,3994201.059028
1753504806191,04:40:06.191,bitget,ACH/USDT:USDT,0.02239,11811.0,0.022391,8554.0,0.022379,183332366.0,3994201.059028
1753504806523,04:40:06.523,bitget,ACH/USDT:USDT,0.02239,11811.0,0.022391,8554.0,0.022379,183332366.0,3994201.059028
1753504806906,04:40:06.906,bitget,ACH/USDT:USDT,0.02239,11811.0,0.022391,8554.0,0.022379,183332366.0,3994201.059028
1753504807260,04:40:07.260,bitget,ACH/USDT:USDT,0.02239,11811.0,0.022391,8554.0,0.022379,183332366.0,3994201.059028
1753504807575,04:40:07.575,bitget,ACH/USDT:USDT,0.02239,11811.0,0.022391,8554.0,0.022379,183332366.0,3994201.059028
1753504807888,04:40:07.888,bitget,ACH/USDT:USDT,0.02239,11811.0,0.022391,8554.0,0.022379,183332366.0,3994201.059028
1753504808233,04:40:08.233,bitget,ACH/USDT:USDT,0.02239,11811.0,0.022391,8554.0,0.022379,183332366.0,3994201.059028
1753504808565,04:40:08.565,bitget,ACH/USDT:USDT,0.02239,11811.0,0.022391,8554.0,0.022379,183332366.0,3994201.059028
1753504808875,04:40:08.875,bitget,ACH/USDT:USDT,0.02239,11811.0,0.022391,8554.0,0.022379,183332366.0,3994201.059028
1753504809189,04:40:09.189,bitget,ACH/USDT:USDT,0.02239,14614.0,0.022391,5668.0,0.022379,183332366.0,3994201.059028
1753504809582,04:40:09.582,bitget,ACH/USDT:USDT,0.02239,14614.0,0.022391,5668.0,0.022379,183332366.0,3994201.059028
1753504809894,04:40:09.894,bitget,ACH/USDT:USDT,0.02239,14614.0,0.022391,5668.0,0.022379,183332366.0,3994201.059028
1753504810205,04:40:10.205,bitget,ACH/USDT:USDT,0.022391,14614.0,0.022393,11811.0,0.022379,183332366.0,3994201.059028
1753504810516,04:40:10.516,bitget,ACH/USDT:USDT,0.022391,11811.0,0.022393,14614.0,0.022379,183332366.0,3994201.059028
1753504810847,04:40:10.847,bitget,ACH/USDT:USDT,0.022391,14614.0,0.022393,14614.0,0.022379,183332366.0,3994201.059028
1753504811167,04:40:11.167,bitget,ACH/USDT:USDT,0.022391,14614.0,0.022393,14614.0,0.022379,183332366.0,3994201.059028
1753504811493,04:40:11.493,bitget,ACH/USDT:USDT,0.022391,14614.0,0.022393,14614.0,0.022379,183332366.0,3994201.059028
1753504811957,04:40:11.957,bitget,ACH/USDT:USDT,0.022391,14614.0,0.022393,14614.0,0.022379,183332366.0,3994201.059028
1753504812894,04:40:12.894,bitget,ACH/USDT:USDT,0.022391,11811.0,0.022392,2803.0,0.022379,183332366.0,3994201.059028
1753504813255,04:40:13.255,bitget,ACH/USDT:USDT,0.022391,11811.0,0.022392,2803.0,0.022379,183332366.0,3994201.059028
1753504813609,04:40:13.609,bitget,ACH/USDT:USDT,0.022391,11811.0,0.022392,2803.0,0.022379,183332366.0,3994201.059028
1753504813918,04:40:13.918,bitget,ACH/USDT:USDT,0.022391,11811.0,0.022392,2803.0,0.022379,183332366.0,3994201.059028
1753504814285,04:40:14.285,bitget,ACH/USDT:USDT,0.022391,12123.0,0.022392,2803.0,0.022379,183332366.0,3994201.059028
1753504814695,04:40:14.695,bitget,ACH/USDT:USDT,0.022391,12123.0,0.022393,11811.0,0.022379,183332366.0,3994201.059028
1753504815009,04:40:15.009,bitget,ACH/USDT:USDT,0.022391,12123.0,0.022393,11811.0,0.022379,183332366.0,3994201.059028
1753504815337,04:40:15.337,bitget,ACH/USDT:USDT,0.022392,11811.0,0.022393,14614.0,0.022379,183332366.0,3994201.059028
1753504815719,04:40:15.719,bitget,ACH/USDT:USDT,0.022392,11811.0,0.022393,14614.0,0.022379,183332366.0,3994201.059028
1753504816040,04:40:16.040,bitget,ACH/USDT:USDT,0.022392,11811.0,0.022393,14614.0,0.022379,183332366.0,3994201.059028
1753504816354,04:40:16.354,bitget,ACH/USDT:USDT,0.022392,11811.0,0.022393,14614.0,0.022379,183332366.0,3994201.059028
1753504816813,04:40:16.813,bitget,ACH/USDT:USDT,0.022392,11811.0,0.022393,14614.0,0.022379,183332366.0,3994201.059028
1753504817595,04:40:17.595,bitget,ACH/USDT:USDT,0.022392,11811.0,0.022393,14614.0,0.022379,183332366.0,3994201.059028
1753504817920,04:40:17.920,bitget,ACH/USDT:USDT,0.022392,11811.0,0.022393,14614.0,0.022379,183332366.0,3994201.059028
1753504818271,04:40:18.271,bitget,ACH/USDT:USDT,0.022392,11811.0,0.022393,14614.0,0.022379,183332366.0,3994201.059028
1753504818613,04:40:18.613,bitget,ACH/USDT:USDT,0.022392,11811.0,0.022393,14614.0,0.022379,183332366.0,3994201.059028
1753504818924,04:40:18.924,bitget,ACH/USDT:USDT,0.022392,11811.0,0.022393,14614.0,0.022379,183332366.0,3994201.059028
1753504819267,04:40:19.267,bitget,ACH/USDT:USDT,0.022392,11811.0,0.022393,14614.0,0.022379,183332366.0,3994201.059028
1753504819643,04:40:19.643,bitget,ACH/USDT:USDT,0.022392,11811.0,0.022393,14614.0,0.022379,183332366.0,3994201.059028
1753504819954,04:40:19.954,bitget,ACH/USDT:USDT,0.022392,11811.0,0.022393,14614.0,0.022379,183332366.0,3994201.059028
1753504820271,04:40:20.271,bitget,ACH/USDT:USDT,0.022392,11811.0,0.022393,14643.0,0.022379,183332366.0,3994201.059028
1753504820611,04:40:20.611,bitget,ACH/USDT:USDT,0.022392,11811.0,0.022393,14643.0,0.022379,183332366.0,3994201.059028
1753504820938,04:40:20.938,bitget,ACH/USDT:USDT,0.022392,11811.0,0.022393,11811.0,0.022379,183332366.0,3994201.059028
1753504821255,04:40:21.255,bitget,ACH/USDT:USDT,0.022392,11811.0,0.022393,11811.0,0.022379,183332366.0,3994201.059028
1753504821952,04:40:21.952,bitget,ACH/USDT:USDT,0.022392,11811.0,0.022393,14643.0,0.022379,183332366.0,3994201.059028
1753504822290,04:40:22.290,bitget,ACH/USDT:USDT,0.022392,11811.0,0.022393,14643.0,0.022379,183332366.0,3994201.059028
1753504822592,04:40:22.592,bitget,ACH/USDT:USDT,0.022392,11811.0,0.022393,14643.0,0.022379,183332366.0,3994201.059028
1753504823010,04:40:23.010,bitget,ACH/USDT:USDT,0.022392,14643.0,0.022393,11811.0,0.022379,183332366.0,3994201.059028
1753504823702,04:40:23.702,bitget,ACH/USDT:USDT,0.022392,14643.0,0.022393,11811.0,0.022379,183332366.0,3994201.059028
1753504824029,04:40:24.029,bitget,ACH/USDT:USDT,0.022392,11811.0,0.022393,14643.0,0.022379,183332366.0,3994201.059028
1753504824418,04:40:24.418,bitget,ACH/USDT:USDT,0.022392,11811.0,0.022393,14643.0,0.022379,183332366.0,3994201.059028
1753504824758,04:40:24.758,bitget,ACH/USDT:USDT,0.022392,11811.0,0.022393,14643.0,0.022379,183332366.0,3994201.059028
1753504825062,04:40:25.062,bitget,ACH/USDT:USDT,0.022392,11811.0,0.022393,14643.0,0.022379,183332366.0,3994201.059028
1753504825383,04:40:25.383,bitget,ACH/USDT:USDT,0.022392,11811.0,0.022393,14643.0,0.022379,183332366.0,3994201.059028
1753504825738,04:40:25.738,bitget,ACH/USDT:USDT,0.022392,11811.0,0.022393,14643.0,0.022379,183332366.0,3994201.059028
1753504826061,04:40:26.061,bitget,ACH/USDT:USDT,0.022392,11811.0,0.022393,14643.0,0.022379,183332366.0,3994201.059028
1753504826392,04:40:26.392,bitget,ACH/USDT:USDT,0.022392,11811.0,0.022393,14643.0,0.022379,183332366.0,3994201.059028
1753504826747,04:40:26.747,bitget,ACH/USDT:USDT,0.022392,11811.0,0.022393,14643.0,0.022379,183332366.0,3994201.059028
1753504827236,04:40:27.236,bitget,ACH/USDT:USDT,0.022391,12123.0,0.022392,300061.0,0.022379,183332366.0,3994201.059028
1753504828026,04:40:28.026,bitget,ACH/USDT:USDT,0.022391,12123.0,0.022392,300061.0,0.022379,183332366.0,3994201.059028
1753504828830,04:40:28.830,bitget,ACH/USDT:USDT,0.022391,12123.0,0.022392,288250.0,0.022379,183332366.0,3994201.059028
1753504829776,04:40:29.776,bitget,ACH/USDT:USDT,0.022391,12123.0,0.022392,288250.0,0.022379,183332366.0,3994201.059028
1753504830114,04:40:30.114,bitget,ACH/USDT:USDT,0.022391,12123.0,0.022392,288250.0,0.022379,183332366.0,3994201.059028
1753504830510,04:40:30.510,bitget,ACH/USDT:USDT,0.022391,12123.0,0.022392,288250.0,0.022379,183332366.0,3994201.059028
1753504830864,04:40:30.864,bitget,ACH/USDT:USDT,0.022391,12123.0,0.022392,288250.0,0.022379,183332366.0,3994201.059028
1753504831176,04:40:31.176,bitget,ACH/USDT:USDT,0.022391,12123.0,0.022392,288250.0,0.022379,183332366.0,3994201.059028
1753504831557,04:40:31.557,bitget,ACH/USDT:USDT,0.022391,12123.0,0.022392,288250.0,0.022379,183332366.0,3994201.059028
1753504832039,04:40:32.039,bitget,ACH/USDT:USDT,0.022391,12123.0,0.022396,2003.0,0.022379,183332366.0,3994201.059028
1753504832570,04:40:32.570,bitget,ACH/USDT:USDT,0.022397,11811.0,0.022398,2938.0,0.022379,183332366.0,3994201.059028
