timestamp,time,exchange,symbol,bid,bidVolume,ask,askVolume,lastPrice,baseVolume,quoteVolume
1753507240528,05:20:40.528,bitget,ACH/USDT:USDT,0.022377,2870.0,0.022379,2245.0,0.022377,180805298.0,3941205.577504
1753507242537,05:20:42.537,bitget,ACH/USDT:USDT,0.022377,2870.0,0.022381,2870.0,0.022379,180791738.0,3940902.145384
1753507243288,05:20:43.288,bitget,ACH/USDT:USDT,0.022377,2870.0,0.022381,2870.0,0.022379,180813230.0,3941383.087732
1753507243603,05:20:43.603,bitget,ACH/USDT:USDT,0.022377,2870.0,0.022381,2870.0,0.022379,180813230.0,3941383.087732
1753507243948,05:20:43.948,bitget,ACH/USDT:USDT,0.022377,2870.0,0.022381,2870.0,0.022379,180813230.0,3941383.087732
1753507244296,05:20:44.296,bitget,ACH/USDT:USDT,0.022377,2870.0,0.022381,2870.0,0.022379,180813230.0,3941383.087732
1753507244608,05:20:44.608,bitget,ACH/USDT:USDT,0.022377,2870.0,0.022381,2870.0,0.022379,180813230.0,3941383.087732
1753507244986,05:20:44.986,bitget,ACH/USDT:USDT,0.022377,2870.0,0.022381,2870.0,0.022379,180813230.0,3941383.087732
1753507245368,05:20:45.368,bitget,ACH/USDT:USDT,0.022377,2870.0,0.022382,2521.0,0.022379,180805298.0,3941205.577504
1753507245727,05:20:45.727,bitget,ACH/USDT:USDT,0.022377,2870.0,0.022382,2521.0,0.022379,180813230.0,3941383.087732
1753507246052,05:20:46.052,bitget,ACH/USDT:USDT,0.022377,2870.0,0.022381,2870.0,0.022379,180813230.0,3941383.087732
1753507246809,05:20:46.809,bitget,ACH/USDT:USDT,0.022377,2870.0,0.022381,2870.0,0.022379,180813230.0,3941383.087732
1753507247117,05:20:47.117,bitget,ACH/USDT:USDT,0.022377,2870.0,0.022382,2521.0,0.022379,180813230.0,3941383.087732
1753507247423,05:20:47.423,bitget,ACH/USDT:USDT,0.022377,2870.0,0.022385,2851.0,0.022379,180813230.0,3941383.087732
1753507247804,05:20:47.804,bitget,ACH/USDT:USDT,0.022377,2870.0,0.022385,2851.0,0.022379,180813230.0,3941383.087732
1753507248118,05:20:48.118,bitget,ACH/USDT:USDT,0.022377,2870.0,0.022385,2851.0,0.022379,180813230.0,3941383.087732
1753507248445,05:20:48.445,bitget,ACH/USDT:USDT,0.022377,2870.0,0.022385,2851.0,0.022379,180813230.0,3941383.087732
1753507248970,05:20:48.970,bitget,ACH/USDT:USDT,0.022377,2870.0,0.022385,2851.0,0.022379,180813230.0,3941383.087732
1753507249734,05:20:49.734,bitget,ACH/USDT:USDT,0.022377,2870.0,0.022385,2851.0,0.022379,180813230.0,3941383.087732
1753507250073,05:20:50.073,bitget,ACH/USDT:USDT,0.022377,2870.0,0.022385,2851.0,0.022379,180813230.0,3941383.087732
1753507250415,05:20:50.415,bitget,ACH/USDT:USDT,0.022377,2824.0,0.022385,2851.0,0.022379,180813230.0,3941383.087732
1753507250739,05:20:50.739,bitget,ACH/USDT:USDT,0.022377,2824.0,0.022385,2851.0,0.022379,180813230.0,3941383.087732
1753507251057,05:20:51.057,bitget,ACH/USDT:USDT,0.022377,2824.0,0.022385,2851.0,0.022379,180813230.0,3941383.087732
1753507251441,05:20:51.441,bitget,ACH/USDT:USDT,0.022376,79139.0,0.022385,2851.0,0.022379,180813230.0,3941383.087732
1753507251934,05:20:51.934,bitget,ACH/USDT:USDT,0.022377,2824.0,0.022385,2851.0,0.022379,180813230.0,3941383.087732
1753507252775,05:20:52.775,bitget,ACH/USDT:USDT,0.022377,2824.0,0.022385,2851.0,0.022379,180813230.0,3941383.087732
1753507253100,05:20:53.100,bitget,ACH/USDT:USDT,0.022377,2824.0,0.022385,2851.0,0.022379,180813230.0,3941383.087732
1753507253520,05:20:53.520,bitget,ACH/USDT:USDT,0.022377,2824.0,0.022385,2851.0,0.022379,180813230.0,3941383.087732
1753507254215,05:20:54.215,bitget,ACH/USDT:USDT,0.022377,2824.0,0.022385,2851.0,0.022379,180813230.0,3941383.087732
1753507254532,05:20:54.532,bitget,ACH/USDT:USDT,0.022377,2824.0,0.022385,2851.0,0.022379,180813230.0,3941383.087732
1753507254839,05:20:54.839,bitget,ACH/USDT:USDT,0.022377,2824.0,0.022385,2851.0,0.022379,180813230.0,3941383.087732
1753507255225,05:20:55.225,bitget,ACH/USDT:USDT,0.022377,2824.0,0.022385,2851.0,0.022379,180813230.0,3941383.087732
1753507255541,05:20:55.541,bitget,ACH/USDT:USDT,0.022377,2824.0,0.022385,2851.0,0.022379,180813230.0,3941383.087732
1753507255845,05:20:55.845,bitget,ACH/USDT:USDT,0.022377,2824.0,0.022385,2851.0,0.022379,180813230.0,3941383.087732
1753507256246,05:20:56.246,bitget,ACH/USDT:USDT,0.022377,2824.0,0.022385,2851.0,0.022379,180813230.0,3941383.087732
1753507256933,05:20:56.933,bitget,ACH/USDT:USDT,0.022377,2824.0,0.022385,2851.0,0.022379,180813230.0,3941383.087732
1753507257298,05:20:57.298,bitget,ACH/USDT:USDT,0.022377,2824.0,0.022385,2851.0,0.022379,180813230.0,3941383.087732
1753507257651,05:20:57.651,bitget,ACH/USDT:USDT,0.022377,2824.0,0.022385,2851.0,0.022379,180813230.0,3941383.087732
1753507258032,05:20:58.032,bitget,ACH/USDT:USDT,0.022377,2824.0,0.022385,2851.0,0.022379,180813230.0,3941383.087732
1753507258352,05:20:58.352,bitget,ACH/USDT:USDT,0.022377,2824.0,0.022385,2851.0,0.022379,180813230.0,3941383.087732
1753507258707,05:20:58.707,bitget,ACH/USDT:USDT,0.022377,2824.0,0.022385,2851.0,0.022379,180813230.0,3941383.087732
1753507259053,05:20:59.053,bitget,ACH/USDT:USDT,0.022377,2824.0,0.022385,2851.0,0.022379,180813230.0,3941383.087732
1753507259422,05:20:59.422,bitget,ACH/USDT:USDT,0.022377,2824.0,0.022389,2862.0,0.022379,180813230.0,3941383.087732
1753507259996,05:20:59.996,bitget,ACH/USDT:USDT,0.022377,2824.0,0.022389,2862.0,0.022379,180813230.0,3941383.087732
1753507260372,05:21:00.372,bitget,ACH/USDT:USDT,0.022377,2824.0,0.022389,2862.0,0.022379,180813230.0,3941383.087732
1753507260692,05:21:00.692,bitget,ACH/USDT:USDT,0.022377,2824.0,0.022389,2862.0,0.022379,180813230.0,3941383.087732
1753507261038,05:21:01.038,bitget,ACH/USDT:USDT,0.022377,2824.0,0.022389,2862.0,0.022379,180813230.0,3941383.087732
1753507261669,05:21:01.669,bitget,ACH/USDT:USDT,0.022377,2824.0,0.022389,2862.0,0.022379,180660272.0,3938090.106412
1753507262055,05:21:02.055,bitget,ACH/USDT:USDT,0.022377,2824.0,0.022389,2862.0,0.022379,180660272.0,3938090.106412
1753507262398,05:21:02.398,bitget,ACH/USDT:USDT,0.022379,2820.0,0.022389,2862.0,0.022379,180660272.0,3938090.106412
1753507262785,05:21:02.785,bitget,ACH/USDT:USDT,0.022379,2820.0,0.022389,2862.0,0.022379,180660272.0,3938090.106412
1753507263117,05:21:03.117,bitget,ACH/USDT:USDT,0.022379,2820.0,0.022389,2862.0,0.022379,180660272.0,3938090.106412
1753507263432,05:21:03.432,bitget,ACH/USDT:USDT,0.022379,2820.0,0.022389,2862.0,0.022379,180660272.0,3938090.106412
1753507263749,05:21:03.749,bitget,ACH/USDT:USDT,0.022379,2820.0,0.022389,2862.0,0.022384,180660272.0,3938090.106412
1753507264316,05:21:04.316,bitget,ACH/USDT:USDT,0.022379,2820.0,0.022389,2862.0,0.022384,180667750.0,3938257.493964
1753507265125,05:21:05.125,bitget,ACH/USDT:USDT,0.022379,2820.0,0.022389,2820.0,0.022384,180660272.0,3938090.106412
1753507265498,05:21:05.498,bitget,ACH/USDT:USDT,0.022379,2820.0,0.022389,2820.0,0.022384,180667750.0,3938257.493964
1753507265829,05:21:05.829,bitget,ACH/USDT:USDT,0.022379,2820.0,0.022389,2820.0,0.022384,180667750.0,3938257.493964
1753507266161,05:21:06.161,bitget,ACH/USDT:USDT,0.022379,2820.0,0.022389,2820.0,0.022384,180667750.0,3938257.493964
1753507266682,05:21:06.682,bitget,ACH/USDT:USDT,0.022379,2820.0,0.022389,2820.0,0.022384,180667750.0,3938257.493964
1753507267023,05:21:07.023,bitget,ACH/USDT:USDT,0.022379,2820.0,0.022389,2820.0,0.022384,180667750.0,3938257.493964
1753507267350,05:21:07.350,bitget,ACH/USDT:USDT,0.022379,2820.0,0.022389,2820.0,0.022384,180667750.0,3938257.493964
1753507267737,05:21:07.737,bitget,ACH/USDT:USDT,0.022379,2820.0,0.02239,2846.0,0.022384,180667750.0,3938257.493964
1753507268080,05:21:08.080,bitget,ACH/USDT:USDT,0.022379,2820.0,0.02239,2846.0,0.022384,180667750.0,3938257.493964
1753507268396,05:21:08.396,bitget,ACH/USDT:USDT,0.022379,2820.0,0.022389,2846.0,0.022384,180667750.0,3938257.493964
1753507268710,05:21:08.710,bitget,ACH/USDT:USDT,0.022379,2820.0,0.022389,2846.0,0.022384,180667750.0,3938257.493964
1753507269259,05:21:09.259,bitget,ACH/USDT:USDT,0.022379,2820.0,0.022389,2846.0,0.022384,180667750.0,3938257.493964
1753507269956,05:21:09.956,bitget,ACH/USDT:USDT,0.022379,2820.0,0.02239,13380.0,0.022384,180660272.0,3938090.106412
1753507270612,05:21:10.612,bitget,ACH/USDT:USDT,0.022379,2820.0,0.022392,2846.0,0.022384,180667750.0,3938257.493964
1753507270925,05:21:10.925,bitget,ACH/USDT:USDT,0.022379,2820.0,0.022392,2846.0,0.022384,180667750.0,3938257.493964
1753507271243,05:21:11.243,bitget,ACH/USDT:USDT,0.022379,2820.0,0.022391,2846.0,0.022384,180667750.0,3938257.493964
1753507271671,05:21:11.671,bitget,ACH/USDT:USDT,0.022379,2820.0,0.022391,2846.0,0.022384,180667750.0,3938257.493964
1753507272020,05:21:12.020,bitget,ACH/USDT:USDT,0.022379,2820.0,0.022391,2846.0,0.022384,180667750.0,3938257.493964
1753507272335,05:21:12.335,bitget,ACH/USDT:USDT,0.022379,2820.0,0.022391,2846.0,0.022384,180667750.0,3938257.493964
1753507272685,05:21:12.685,bitget,ACH/USDT:USDT,0.022379,2820.0,0.022391,2846.0,0.022384,180667750.0,3938257.493964
1753507273024,05:21:13.024,bitget,ACH/USDT:USDT,0.022379,2820.0,0.022391,2846.0,0.022384,180667750.0,3938257.493964
1753507273336,05:21:13.336,bitget,ACH/USDT:USDT,0.022379,2820.0,0.022391,2846.0,0.022384,180667750.0,3938257.493964
1753507273676,05:21:13.676,bitget,ACH/USDT:USDT,0.022379,2820.0,0.022391,2846.0,0.022384,180667750.0,3938257.493964
1753507274259,05:21:14.259,bitget,ACH/USDT:USDT,0.022379,2820.0,0.022391,2846.0,0.022384,180667750.0,3938257.493964
1753507274568,05:21:14.568,bitget,ACH/USDT:USDT,0.022379,2820.0,0.022391,2846.0,0.022384,180667750.0,3938257.493964
1753507274901,05:21:14.901,bitget,ACH/USDT:USDT,0.022384,2846.0,0.022394,2846.0,0.022384,180667750.0,3938257.493964
1753507275309,05:21:15.309,bitget,ACH/USDT:USDT,0.022384,2846.0,0.022394,2846.0,0.02239,180667750.0,3938257.493964
1753507275651,05:21:15.651,bitget,ACH/USDT:USDT,0.022384,2846.0,0.022394,2846.0,0.02239,180667750.0,3938257.493964
1753507276299,05:21:16.299,bitget,ACH/USDT:USDT,0.022379,2820.0,0.022394,2846.0,0.02239,180667750.0,3938257.493964
1753507276836,05:21:16.836,bitget,ACH/USDT:USDT,0.022379,2820.0,0.022394,2846.0,0.02239,180674842.0,3938416.283844
1753507277619,05:21:17.619,bitget,ACH/USDT:USDT,0.022385,2806.0,0.022394,2806.0,0.02239,180667750.0,3938257.493964
1753507278242,05:21:18.242,bitget,ACH/USDT:USDT,0.022385,2806.0,0.022394,2806.0,0.02239,180674842.0,3938416.283844
1753507278552,05:21:18.552,bitget,ACH/USDT:USDT,0.022385,2806.0,0.022394,2806.0,0.02239,180674842.0,3938416.283844
1753507278870,05:21:18.870,bitget,ACH/USDT:USDT,0.022385,2806.0,0.022394,2806.0,0.02239,180674842.0,3938416.283844
1753507279244,05:21:19.244,bitget,ACH/USDT:USDT,0.022385,2806.0,0.022394,2806.0,0.02239,180674842.0,3938416.283844
1753507279600,05:21:19.600,bitget,ACH/USDT:USDT,0.022385,2806.0,0.022394,2806.0,0.02239,180674842.0,3938416.283844
1753507279912,05:21:19.912,bitget,ACH/USDT:USDT,0.022385,2806.0,0.022394,2806.0,0.02239,180674842.0,3938416.283844
1753507280281,05:21:20.281,bitget,ACH/USDT:USDT,0.022385,2806.0,0.022394,2806.0,0.02239,180674842.0,3938416.283844
1753507280622,05:21:20.622,bitget,ACH/USDT:USDT,0.022385,2806.0,0.022394,2806.0,0.02239,180674842.0,3938416.283844
1753507280930,05:21:20.930,bitget,ACH/USDT:USDT,0.022385,2806.0,0.022394,2806.0,0.02239,180674842.0,3938416.283844
1753507281249,05:21:21.249,bitget,ACH/USDT:USDT,0.022385,2806.0,0.022395,13380.0,0.02239,180674842.0,3938416.283844
1753507281607,05:21:21.607,bitget,ACH/USDT:USDT,0.022385,2806.0,0.022395,13380.0,0.02239,180674842.0,3938416.283844
1753507282327,05:21:22.327,bitget,ACH/USDT:USDT,0.022385,2806.0,0.022395,16186.0,0.02239,180674842.0,3938416.283844
1753507282637,05:21:22.637,bitget,ACH/USDT:USDT,0.022385,2806.0,0.022395,16186.0,0.02239,180674842.0,3938416.283844
1753507283001,05:21:23.001,bitget,ACH/USDT:USDT,0.022385,2806.0,0.022395,13380.0,0.022391,180674842.0,3938416.283844
1753507283326,05:21:23.326,bitget,ACH/USDT:USDT,0.022385,2806.0,0.022395,13380.0,0.022391,180674842.0,3938416.283844
1753507283657,05:21:23.657,bitget,ACH/USDT:USDT,0.022385,2806.0,0.022394,2806.0,0.022391,180674842.0,3938416.283844
1753507284160,05:21:24.160,bitget,ACH/USDT:USDT,0.022385,2806.0,0.022396,44599.0,0.022391,180685190.0,3938647.985912
1753507285108,05:21:25.108,bitget,ACH/USDT:USDT,0.022385,2806.0,0.022395,2806.0,0.022391,180674842.0,3938416.283844
1753507285806,05:21:25.806,bitget,ACH/USDT:USDT,0.022385,2806.0,0.022395,2806.0,0.022391,180685190.0,3938647.985912
1753507286158,05:21:26.158,bitget,ACH/USDT:USDT,0.022385,2806.0,0.022394,2806.0,0.022391,180685190.0,3938647.985912
1753507286554,05:21:26.554,bitget,ACH/USDT:USDT,0.022385,2806.0,0.022394,2806.0,0.022391,180674842.0,3938416.283844
1753507286912,05:21:26.912,bitget,ACH/USDT:USDT,0.022385,2806.0,0.022395,2806.0,0.022391,180685190.0,3938647.985912
1753507287225,05:21:27.225,bitget,ACH/USDT:USDT,0.022385,2806.0,0.022395,2806.0,0.022391,180685190.0,3938647.985912
1753507287540,05:21:27.540,bitget,ACH/USDT:USDT,0.022385,2806.0,0.022393,2913.0,0.022391,180685190.0,3938647.985912
1753507287888,05:21:27.888,bitget,ACH/USDT:USDT,0.022385,2806.0,0.022393,2913.0,0.022391,180685190.0,3938647.985912
1753507288208,05:21:28.208,bitget,ACH/USDT:USDT,0.022385,2806.0,0.022393,2913.0,0.022391,180685190.0,3938647.985912
1753507288533,05:21:28.533,bitget,ACH/USDT:USDT,0.022385,2806.0,0.022393,2913.0,0.022391,180685190.0,3938647.985912
1753507288935,05:21:28.935,bitget,ACH/USDT:USDT,0.022385,2806.0,0.022391,2913.0,0.022391,180685190.0,3938647.985912
1753507289286,05:21:29.286,bitget,ACH/USDT:USDT,0.022385,2806.0,0.022391,2913.0,0.022391,180685190.0,3938647.985912
1753507289601,05:21:29.601,bitget,ACH/USDT:USDT,0.022385,2806.0,0.022391,2913.0,0.022391,180685190.0,3938647.985912
1753507289911,05:21:29.911,bitget,ACH/USDT:USDT,0.022385,2806.0,0.022393,2913.0,0.022391,180685190.0,3938647.985912
1753507290245,05:21:30.245,bitget,ACH/USDT:USDT,0.022385,2806.0,0.022393,2913.0,0.022391,180685190.0,3938647.985912
1753507290573,05:21:30.573,bitget,ACH/USDT:USDT,0.022385,2806.0,0.022393,2913.0,0.022391,180685190.0,3938647.985912
1753507290883,05:21:30.883,bitget,ACH/USDT:USDT,0.022385,2806.0,0.022393,2913.0,0.022391,180685190.0,3938647.985912
1753507291220,05:21:31.220,bitget,ACH/USDT:USDT,0.022385,2806.0,0.022393,2913.0,0.022391,180685190.0,3938647.985912
1753507291583,05:21:31.583,bitget,ACH/USDT:USDT,0.022385,2806.0,0.022393,2913.0,0.022391,180685190.0,3938647.985912
1753507291985,05:21:31.985,bitget,ACH/USDT:USDT,0.022385,2806.0,0.022393,2913.0,0.022391,180685190.0,3938647.985912
1753507292349,05:21:32.349,bitget,ACH/USDT:USDT,0.022385,2913.0,0.022393,2913.0,0.022391,180685190.0,3938647.985912
1753507292690,05:21:32.690,bitget,ACH/USDT:USDT,0.022385,2913.0,0.022393,2913.0,0.022391,180685190.0,3938647.985912
1753507293041,05:21:33.041,bitget,ACH/USDT:USDT,0.022385,2913.0,0.022393,2913.0,0.022391,180685190.0,3938647.985912
1753507293353,05:21:33.353,bitget,ACH/USDT:USDT,0.022385,2913.0,0.022393,2913.0,0.022391,180685190.0,3938647.985912
1753507293683,05:21:33.683,bitget,ACH/USDT:USDT,0.022385,2913.0,0.022393,2913.0,0.022391,180685190.0,3938647.985912
1753507294165,05:21:34.165,bitget,ACH/USDT:USDT,0.022385,2913.0,0.022393,2913.0,0.022391,180685190.0,3938647.985912
1753507294673,05:21:34.673,bitget,ACH/USDT:USDT,0.022385,2913.0,0.022393,2913.0,0.022391,180685190.0,3938647.985912
1753507294992,05:21:34.992,bitget,ACH/USDT:USDT,0.022385,2913.0,0.022393,2913.0,0.022391,180685190.0,3938647.985912
1753507295415,05:21:35.415,bitget,ACH/USDT:USDT,0.022385,2913.0,0.022393,2913.0,0.022386,180685190.0,3938647.985912
1753507295743,05:21:35.743,bitget,ACH/USDT:USDT,0.022385,2913.0,0.022393,2913.0,0.022386,180685190.0,3938647.985912
1753507296072,05:21:36.072,bitget,ACH/USDT:USDT,0.022379,2820.0,0.022393,2913.0,0.022386,180685190.0,3938647.985912
1753507296450,05:21:36.450,bitget,ACH/USDT:USDT,0.022379,2820.0,0.022393,2913.0,0.022386,180685190.0,3938647.985912
1753507296868,05:21:36.868,bitget,ACH/USDT:USDT,0.022379,2820.0,0.022393,2913.0,0.022386,180693410.0,3938831.998832
1753507297186,05:21:37.186,bitget,ACH/USDT:USDT,0.022379,2820.0,0.022393,2913.0,0.022386,180693410.0,3938831.998832
1753507297501,05:21:37.501,bitget,ACH/USDT:USDT,0.022379,2820.0,0.022393,2913.0,0.022386,180693410.0,3938831.998832
1753507297907,05:21:37.907,bitget,ACH/USDT:USDT,0.022379,2820.0,0.022393,2913.0,0.022386,180693410.0,3938831.998832
1753507298223,05:21:38.223,bitget,ACH/USDT:USDT,0.022379,2820.0,0.022393,2913.0,0.022386,180693410.0,3938831.998832
1753507298560,05:21:38.560,bitget,ACH/USDT:USDT,0.022379,2820.0,0.022393,2913.0,0.022386,180693410.0,3938831.998832
1753507299195,05:21:39.195,bitget,ACH/USDT:USDT,0.022379,2820.0,0.022393,2913.0,0.022386,180693410.0,3938831.998832
1753507299978,05:21:39.978,bitget,ACH/USDT:USDT,0.022379,2820.0,0.022393,2913.0,0.022386,180693410.0,3938831.998832
1753507300839,05:21:40.839,bitget,ACH/USDT:USDT,0.022379,2820.0,0.022393,2913.0,0.022386,180693410.0,3938831.998832
1753507301211,05:21:41.211,bitget,ACH/USDT:USDT,0.022379,2820.0,0.022393,2913.0,0.022386,180693410.0,3938831.998832
1753507301601,05:21:41.601,bitget,ACH/USDT:USDT,0.022379,2820.0,0.022393,2913.0,0.022386,180693410.0,3938831.998832
1753507301935,05:21:41.935,bitget,ACH/USDT:USDT,0.022381,2804.0,0.022393,2913.0,0.022386,180693410.0,3938831.998832
1753507302242,05:21:42.242,bitget,ACH/USDT:USDT,0.022381,2804.0,0.022393,2913.0,0.022386,180693410.0,3938831.998832
1753507302562,05:21:42.562,bitget,ACH/USDT:USDT,0.022381,2804.0,0.022393,2913.0,0.022386,180693410.0,3938831.998832
1753507302921,05:21:42.921,bitget,ACH/USDT:USDT,0.022381,2804.0,0.022393,2913.0,0.022386,180693410.0,3938831.998832
1753507303234,05:21:43.234,bitget,ACH/USDT:USDT,0.022381,2804.0,0.022393,2913.0,0.022386,180693410.0,3938831.998832
1753507303568,05:21:43.568,bitget,ACH/USDT:USDT,0.022381,2804.0,0.022393,2913.0,0.022386,180693410.0,3938831.998832
1753507304063,05:21:44.063,bitget,ACH/USDT:USDT,0.022381,2804.0,0.022393,2913.0,0.022386,180693410.0,3938831.998832
1753507304684,05:21:44.684,bitget,ACH/USDT:USDT,0.022381,2804.0,0.022393,2913.0,0.022386,180693410.0,3938831.998832
1753507305009,05:21:45.009,bitget,ACH/USDT:USDT,0.022381,2804.0,0.022393,2913.0,0.022386,180693410.0,3938831.998832
1753507305347,05:21:45.347,bitget,ACH/USDT:USDT,0.022381,2804.0,0.022393,2913.0,0.022386,180693410.0,3938831.998832
1753507305667,05:21:45.667,bitget,ACH/USDT:USDT,0.022381,2804.0,0.022393,2913.0,0.022386,180693410.0,3938831.998832
1753507305981,05:21:45.981,bitget,ACH/USDT:USDT,0.022381,2804.0,0.022393,2913.0,0.022386,180693410.0,3938831.998832
1753507306360,05:21:46.360,bitget,ACH/USDT:USDT,0.022381,2804.0,0.022393,2913.0,0.022386,180693410.0,3938831.998832
1753507306682,05:21:46.682,bitget,ACH/USDT:USDT,0.022381,2804.0,0.022393,2913.0,0.022386,180693410.0,3938831.998832
1753507307003,05:21:47.003,bitget,ACH/USDT:USDT,0.022383,2804.0,0.022393,2913.0,0.022386,180693410.0,3938831.998832
1753507307311,05:21:47.311,bitget,ACH/USDT:USDT,0.022383,2804.0,0.022393,2913.0,0.022392,180693410.0,3938831.998832
1753507307648,05:21:47.648,bitget,ACH/USDT:USDT,0.022383,2804.0,0.022393,2913.0,0.022392,180693410.0,3938831.998832
1753507307977,05:21:47.977,bitget,ACH/USDT:USDT,0.022383,2804.0,0.022393,2913.0,0.022392,180693410.0,3938831.998832
1753507308287,05:21:48.287,bitget,ACH/USDT:USDT,0.022383,2804.0,0.022393,2913.0,0.022392,180693410.0,3938831.998832
1753507308627,05:21:48.627,bitget,ACH/USDT:USDT,0.022383,2804.0,0.022393,2913.0,0.022392,180693410.0,3938831.998832
1753507309286,05:21:49.286,bitget,ACH/USDT:USDT,0.022383,2804.0,0.022393,2913.0,0.022392,180700944.0,3939000.70016
1753507309668,05:21:49.668,bitget,ACH/USDT:USDT,0.022383,2804.0,0.022393,2913.0,0.022392,180693410.0,3938831.998832
1753507310338,05:21:50.338,bitget,ACH/USDT:USDT,0.022383,2804.0,0.022393,2913.0,0.022392,180700944.0,3939000.70016
1753507310667,05:21:50.667,bitget,ACH/USDT:USDT,0.022383,2804.0,0.022393,2913.0,0.022392,180700944.0,3939000.70016
1753507310986,05:21:50.986,bitget,ACH/USDT:USDT,0.022383,2804.0,0.022393,2913.0,0.022392,180700944.0,3939000.70016
1753507311351,05:21:51.351,bitget,ACH/USDT:USDT,0.022383,2804.0,0.022393,2913.0,0.022392,180700944.0,3939000.70016
1753507311681,05:21:51.681,bitget,ACH/USDT:USDT,0.022383,2804.0,0.022393,2913.0,0.022392,180700944.0,3939000.70016
1753507311985,05:21:51.985,bitget,ACH/USDT:USDT,0.022383,2804.0,0.022393,2913.0,0.022392,180700944.0,3939000.70016
1753507312403,05:21:52.403,bitget,ACH/USDT:USDT,0.022383,2804.0,0.022393,2913.0,0.022392,180700944.0,3939000.70016
1753507313153,05:21:53.153,bitget,ACH/USDT:USDT,0.022383,2804.0,0.022393,2913.0,0.022392,180700944.0,3939000.70016
1753507313482,05:21:53.482,bitget,ACH/USDT:USDT,0.022383,2804.0,0.022393,2913.0,0.022392,180700944.0,3939000.70016
1753507313858,05:21:53.858,bitget,ACH/USDT:USDT,0.022383,2804.0,0.022393,2913.0,0.022392,180700944.0,3939000.70016
1753507314206,05:21:54.206,bitget,ACH/USDT:USDT,0.022383,2804.0,0.022393,2913.0,0.022392,180700944.0,3939000.70016
1753507314519,05:21:54.519,bitget,ACH/USDT:USDT,0.022383,2804.0,0.022393,2913.0,0.022392,180700944.0,3939000.70016
1753507314841,05:21:54.841,bitget,ACH/USDT:USDT,0.022383,2804.0,0.022393,2913.0,0.022392,180700944.0,3939000.70016
1753507315182,05:21:55.182,bitget,ACH/USDT:USDT,0.022383,2804.0,0.022393,2913.0,0.022392,180700944.0,3939000.70016
1753507315504,05:21:55.504,bitget,ACH/USDT:USDT,0.022383,2804.0,0.022393,2913.0,0.022392,180700944.0,3939000.70016
1753507315825,05:21:55.825,bitget,ACH/USDT:USDT,0.022383,2804.0,0.022393,2913.0,0.022392,180700944.0,3939000.70016
1753507316197,05:21:56.197,bitget,ACH/USDT:USDT,0.022383,2804.0,0.022393,2913.0,0.022392,180700944.0,3939000.70016
1753507316553,05:21:56.553,bitget,ACH/USDT:USDT,0.022383,2804.0,0.022393,2913.0,0.022392,180700944.0,3939000.70016
1753507316860,05:21:56.860,bitget,ACH/USDT:USDT,0.022383,2804.0,0.022393,2913.0,0.022392,180700944.0,3939000.70016
1753507317178,05:21:57.178,bitget,ACH/USDT:USDT,0.022383,2804.0,0.022393,2913.0,0.022392,180700944.0,3939000.70016
1753507317522,05:21:57.522,bitget,ACH/USDT:USDT,0.022383,2804.0,0.022393,2913.0,0.022392,180700944.0,3939000.70016
1753507317915,05:21:57.915,bitget,ACH/USDT:USDT,0.022383,2804.0,0.022393,2913.0,0.022392,180700944.0,3939000.70016
1753507318227,05:21:58.227,bitget,ACH/USDT:USDT,0.022383,2804.0,0.022393,2913.0,0.022392,180700944.0,3939000.70016
1753507318593,05:21:58.593,bitget,ACH/USDT:USDT,0.022383,2804.0,0.022393,2913.0,0.022392,180700944.0,3939000.70016
1753507319038,05:21:59.038,bitget,ACH/USDT:USDT,0.022383,2804.0,0.022393,2913.0,0.022392,180700944.0,3939000.70016
1753507319559,05:21:59.559,bitget,ACH/USDT:USDT,0.022383,2804.0,0.022393,2913.0,0.022392,180700944.0,3939000.70016
1753507319893,05:21:59.893,bitget,ACH/USDT:USDT,0.022383,2804.0,0.022393,2913.0,0.022392,180700944.0,3939000.70016
1753507320312,05:22:00.312,bitget,ACH/USDT:USDT,0.022383,2804.0,0.022393,2913.0,0.022392,180700944.0,3939000.70016
1753507320632,05:22:00.632,bitget,ACH/USDT:USDT,0.022383,2804.0,0.022393,2913.0,0.022392,180673456.0,3938409.702348
1753507320967,05:22:00.967,bitget,ACH/USDT:USDT,0.022383,2804.0,0.022393,2913.0,0.022392,180673456.0,3938409.702348
1753507321347,05:22:01.347,bitget,ACH/USDT:USDT,0.022383,2804.0,0.022393,2913.0,0.022392,180673456.0,3938409.702348
1753507321685,05:22:01.685,bitget,ACH/USDT:USDT,0.022383,2804.0,0.022393,2913.0,0.022392,180673456.0,3938409.702348
1753507322042,05:22:02.042,bitget,ACH/USDT:USDT,0.022383,2804.0,0.022393,2913.0,0.022384,180673456.0,3938409.702348
1753507322483,05:22:02.483,bitget,ACH/USDT:USDT,0.022383,2804.0,0.022393,2913.0,0.022384,180678914.0,3938531.87422
1753507323216,05:22:03.216,bitget,ACH/USDT:USDT,0.022383,2804.0,0.022393,2913.0,0.022384,180678914.0,3938531.87422
1753507324138,05:22:04.138,bitget,ACH/USDT:USDT,0.022383,2804.0,0.022393,2913.0,0.022384,180678914.0,3938531.87422
1753507324462,05:22:04.462,bitget,ACH/USDT:USDT,0.022383,2804.0,0.022393,2913.0,0.022384,180678914.0,3938531.87422
1753507324818,05:22:04.818,bitget,ACH/USDT:USDT,0.022383,2804.0,0.022393,2913.0,0.022384,180678914.0,3938531.87422
1753507325178,05:22:05.178,bitget,ACH/USDT:USDT,0.022383,2804.0,0.022393,2913.0,0.022384,180678914.0,3938531.87422
1753507325613,05:22:05.613,bitget,ACH/USDT:USDT,0.022383,2804.0,0.022393,2913.0,0.022384,180700944.0,3939000.70016
1753507326359,05:22:06.359,bitget,ACH/USDT:USDT,0.022383,2804.0,0.022393,2913.0,0.022384,180678914.0,3938531.87422
1753507326669,05:22:06.669,bitget,ACH/USDT:USDT,0.022383,2804.0,0.022393,2913.0,0.022384,180678914.0,3938531.87422
1753507326984,05:22:06.984,bitget,ACH/USDT:USDT,0.022383,2804.0,0.022393,2913.0,0.022384,180678914.0,3938531.87422
1753507327325,05:22:07.325,bitget,ACH/USDT:USDT,0.022383,2804.0,0.022393,2913.0,0.022384,180678914.0,3938531.87422
1753507327979,05:22:07.979,bitget,ACH/USDT:USDT,0.022383,2804.0,0.022393,2913.0,0.022384,180678914.0,3938531.87422
1753507328373,05:22:08.373,bitget,ACH/USDT:USDT,0.022383,2804.0,0.022393,2913.0,0.022384,180678914.0,3938531.87422
1753507328774,05:22:08.774,bitget,ACH/USDT:USDT,0.022383,2804.0,0.022393,2913.0,0.022384,180678914.0,3938531.87422
1753507329081,05:22:09.081,bitget,ACH/USDT:USDT,0.022383,2804.0,0.022393,2913.0,0.022384,180678914.0,3938531.87422
1753507329399,05:22:09.399,bitget,ACH/USDT:USDT,0.022383,2804.0,0.022393,2913.0,0.022384,180678914.0,3938531.87422
1753507329830,05:22:09.830,bitget,ACH/USDT:USDT,0.022383,2804.0,0.022393,2913.0,0.022384,180673456.0,3938409.702348
1753507330378,05:22:10.378,bitget,ACH/USDT:USDT,0.022383,2804.0,0.022393,2913.0,0.022384,180678914.0,3938531.87422
1753507330790,05:22:10.790,bitget,ACH/USDT:USDT,0.022383,2804.0,0.022393,2913.0,0.022384,180678914.0,3938531.87422
1753507331148,05:22:11.148,bitget,ACH/USDT:USDT,0.022383,2804.0,0.022393,2913.0,0.022384,180678914.0,3938531.87422
1753507331463,05:22:11.463,bitget,ACH/USDT:USDT,0.022383,2804.0,0.022393,2913.0,0.022384,180678914.0,3938531.87422
1753507331779,05:22:11.779,bitget,ACH/USDT:USDT,0.022383,2804.0,0.022393,2913.0,0.022384,180678914.0,3938531.87422
1753507332438,05:22:12.438,bitget,ACH/USDT:USDT,0.022383,2804.0,0.022393,2913.0,0.022384,180678914.0,3938531.87422
1753507332763,05:22:12.763,bitget,ACH/USDT:USDT,0.022383,2804.0,0.022393,2913.0,0.022384,180678914.0,3938531.87422
1753507333139,05:22:13.139,bitget,ACH/USDT:USDT,0.022383,2804.0,0.022393,2913.0,0.022384,180678914.0,3938531.87422
1753507333489,05:22:13.489,bitget,ACH/USDT:USDT,0.022383,2804.0,0.022393,2913.0,0.022384,180678914.0,3938531.87422
1753507333803,05:22:13.803,bitget,ACH/USDT:USDT,0.022383,2804.0,0.022393,2913.0,0.022384,180678914.0,3938531.87422
1753507334112,05:22:14.112,bitget,ACH/USDT:USDT,0.022383,2804.0,0.022393,2913.0,0.022384,180678914.0,3938531.87422
1753507334441,05:22:14.441,bitget,ACH/USDT:USDT,0.022383,2804.0,0.022393,2913.0,0.022384,180678914.0,3938531.87422
1753507334774,05:22:14.774,bitget,ACH/USDT:USDT,0.022383,2804.0,0.022393,2913.0,0.022384,180678914.0,3938531.87422
1753507335088,05:22:15.088,bitget,ACH/USDT:USDT,0.022383,2804.0,0.022393,2913.0,0.022384,180678914.0,3938531.87422
1753507335417,05:22:15.417,bitget,ACH/USDT:USDT,0.022383,2804.0,0.022393,2913.0,0.022384,180678914.0,3938531.87422
1753507335821,05:22:15.821,bitget,ACH/USDT:USDT,0.022383,7222.0,0.022393,2913.0,0.022392,180678914.0,3938531.87422
1753507336172,05:22:16.172,bitget,ACH/USDT:USDT,0.022385,2807.0,0.022393,2913.0,0.022392,180678914.0,3938531.87422
1753507336483,05:22:16.483,bitget,ACH/USDT:USDT,0.022385,2807.0,0.022393,2913.0,0.022392,180678914.0,3938531.87422
1753507336796,05:22:16.796,bitget,ACH/USDT:USDT,0.022385,2807.0,0.022393,2913.0,0.022392,180678914.0,3938531.87422
1753507337128,05:22:17.128,bitget,ACH/USDT:USDT,0.022385,2807.0,0.022393,2913.0,0.022392,180678914.0,3938531.87422
1753507337452,05:22:17.452,bitget,ACH/USDT:USDT,0.022385,2807.0,0.022393,2913.0,0.022392,180685720.0,3938684.274172
1753507337760,05:22:17.760,bitget,ACH/USDT:USDT,0.022385,2807.0,0.022393,2913.0,0.022392,180685720.0,3938684.274172
1753507338277,05:22:18.277,bitget,ACH/USDT:USDT,0.022385,2807.0,0.022393,2913.0,0.022392,180685720.0,3938684.274172
1753507338981,05:22:18.981,bitget,ACH/USDT:USDT,0.022385,2807.0,0.022393,2913.0,0.022392,180685720.0,3938684.274172
1753507339307,05:22:19.307,bitget,ACH/USDT:USDT,0.022385,2807.0,0.022393,2913.0,0.022392,180685720.0,3938684.274172
1753507339668,05:22:19.668,bitget,ACH/USDT:USDT,0.022385,2807.0,0.022393,2913.0,0.022392,180685720.0,3938684.274172
1753507340003,05:22:20.003,bitget,ACH/USDT:USDT,0.022385,2807.0,0.022393,2913.0,0.022392,180685720.0,3938684.274172
1753507340347,05:22:20.347,bitget,ACH/USDT:USDT,0.022385,2807.0,0.022393,2913.0,0.022392,180685720.0,3938684.274172
1753507340804,05:22:20.804,bitget,ACH/USDT:USDT,0.022385,2807.0,0.022393,2913.0,0.022392,180685720.0,3938684.274172
1753507341493,05:22:21.493,bitget,ACH/USDT:USDT,0.022385,2807.0,0.022393,2913.0,0.022392,180685720.0,3938684.274172
1753507341869,05:22:21.869,bitget,ACH/USDT:USDT,0.022385,2807.0,0.022393,2913.0,0.022386,180685720.0,3938684.274172
1753507342202,05:22:22.202,bitget,ACH/USDT:USDT,0.022385,2807.0,0.022393,2913.0,0.022386,180685720.0,3938684.274172
1753507342534,05:22:22.534,bitget,ACH/USDT:USDT,0.022385,2807.0,0.022393,2913.0,0.022386,180685720.0,3938684.274172
1753507342849,05:22:22.849,bitget,ACH/USDT:USDT,0.022385,2807.0,0.022393,2913.0,0.022386,180690342.0,3938787.742264
1753507343242,05:22:23.242,bitget,ACH/USDT:USDT,0.022385,2807.0,0.022393,2816.0,0.022389,180685720.0,3938684.274172
1753507343811,05:22:23.811,bitget,ACH/USDT:USDT,0.022385,2807.0,0.022394,2816.0,0.022389,180690342.0,3938787.742264
1753507344796,05:22:24.796,bitget,ACH/USDT:USDT,0.022385,2807.0,0.022394,2816.0,0.022389,180685720.0,3938684.274172
1753507345348,05:22:25.348,bitget,ACH/USDT:USDT,0.022385,2807.0,0.022394,2816.0,0.022389,180693478.0,3938857.954168
1753507345718,05:22:25.718,bitget,ACH/USDT:USDT,0.022385,2807.0,0.022394,2816.0,0.022389,180693478.0,3938857.954168
1753507346060,05:22:26.060,bitget,ACH/USDT:USDT,0.022385,2807.0,0.022394,2816.0,0.022389,180693478.0,3938857.954168
1753507346388,05:22:26.388,bitget,ACH/USDT:USDT,0.022385,2807.0,0.022394,2816.0,0.022389,180690342.0,3938787.742264
1753507346739,05:22:26.739,bitget,ACH/USDT:USDT,0.022385,2807.0,0.022394,2816.0,0.022389,180693478.0,3938857.954168
1753507347116,05:22:27.116,bitget,ACH/USDT:USDT,0.022385,2807.0,0.022394,2816.0,0.022389,180693478.0,3938857.954168
1753507347438,05:22:27.438,bitget,ACH/USDT:USDT,0.022385,2807.0,0.022394,2816.0,0.022389,180693478.0,3938857.954168
1753507347757,05:22:27.757,bitget,ACH/USDT:USDT,0.022385,2807.0,0.022394,2816.0,0.022389,180693478.0,3938857.954168
1753507348104,05:22:28.104,bitget,ACH/USDT:USDT,0.022385,2807.0,0.022394,2816.0,0.022389,180693478.0,3938857.954168
1753507348603,05:22:28.603,bitget,ACH/USDT:USDT,0.022385,2807.0,0.022394,2816.0,0.022389,180693478.0,3938857.954168
1753507349322,05:22:29.322,bitget,ACH/USDT:USDT,0.022385,2807.0,0.022394,2816.0,0.022389,180690342.0,3938787.742264
1753507349960,05:22:29.960,bitget,ACH/USDT:USDT,0.022385,2807.0,0.022394,2816.0,0.022389,180693478.0,3938857.954168
1753507350277,05:22:30.277,bitget,ACH/USDT:USDT,0.022385,2807.0,0.022394,2816.0,0.022389,180693478.0,3938857.954168
1753507350731,05:22:30.731,bitget,ACH/USDT:USDT,0.022385,2807.0,0.022394,2816.0,0.022389,180693478.0,3938857.954168
1753507351255,05:22:31.255,bitget,ACH/USDT:USDT,0.022385,2807.0,0.022394,2816.0,0.022389,180693478.0,3938857.954168
1753507352077,05:22:32.077,bitget,ACH/USDT:USDT,0.022385,2807.0,0.022394,2816.0,0.022389,180693478.0,3938857.954168
1753507352457,05:22:32.457,bitget,ACH/USDT:USDT,0.022385,2807.0,0.022394,2816.0,0.022389,180693478.0,3938857.954168
1753507352822,05:22:32.822,bitget,ACH/USDT:USDT,0.022385,2807.0,0.022394,2816.0,0.022389,180693478.0,3938857.954168
1753507353160,05:22:33.160,bitget,ACH/USDT:USDT,0.022385,2807.0,0.022394,2816.0,0.022389,180693478.0,3938857.954168
1753507353675,05:22:33.675,bitget,ACH/USDT:USDT,0.022385,2807.0,0.022394,2816.0,0.022389,180693478.0,3938857.954168
1753507354000,05:22:34.000,bitget,ACH/USDT:USDT,0.022385,2807.0,0.022394,2816.0,0.022389,180693478.0,3938857.954168
1753507354312,05:22:34.312,bitget,ACH/USDT:USDT,0.022385,2807.0,0.022392,2853.0,0.022389,180693478.0,3938857.954168
1753507354702,05:22:34.702,bitget,ACH/USDT:USDT,0.022385,2807.0,0.022392,2853.0,0.022389,180693478.0,3938857.954168
1753507355043,05:22:35.043,bitget,ACH/USDT:USDT,0.022385,2807.0,0.022392,2853.0,0.022389,180693478.0,3938857.954168
1753507355375,05:22:35.375,bitget,ACH/USDT:USDT,0.022385,2807.0,0.022392,2853.0,0.022389,180693478.0,3938857.954168
1753507355690,05:22:35.690,bitget,ACH/USDT:USDT,0.022385,2807.0,0.022392,2853.0,0.022389,180693478.0,3938857.954168
1753507356060,05:22:36.060,bitget,ACH/USDT:USDT,0.022385,2807.0,0.022392,2853.0,0.022389,180693478.0,3938857.954168
1753507356439,05:22:36.439,bitget,ACH/USDT:USDT,0.022385,2807.0,0.022392,2853.0,0.022389,180693478.0,3938857.954168
1753507357439,05:22:37.439,bitget,ACH/USDT:USDT,0.022385,2807.0,0.022392,2853.0,0.022389,180693478.0,3938857.954168
1753507358203,05:22:38.203,bitget,ACH/USDT:USDT,0.022385,2807.0,0.022392,2853.0,0.022389,180693478.0,3938857.954168
1753507358538,05:22:38.538,bitget,ACH/USDT:USDT,0.022385,2807.0,0.022392,2853.0,0.022389,180693478.0,3938857.954168
1753507358945,05:22:38.945,bitget,ACH/USDT:USDT,0.022385,2807.0,0.022392,2853.0,0.022389,180693478.0,3938857.954168
1753507359309,05:22:39.309,bitget,ACH/USDT:USDT,0.022385,2807.0,0.022392,2853.0,0.022389,180693478.0,3938857.954168
1753507359641,05:22:39.641,bitget,ACH/USDT:USDT,0.022386,2591.0,0.022392,2853.0,0.022386,180693478.0,3938857.954168
1753507360002,05:22:40.002,bitget,ACH/USDT:USDT,0.022387,2918.0,0.022392,2853.0,0.022386,180693478.0,3938857.954168
1753507360417,05:22:40.417,bitget,ACH/USDT:USDT,0.022387,2918.0,0.022392,2853.0,0.022386,180693478.0,3938857.954168
1753507360734,05:22:40.734,bitget,ACH/USDT:USDT,0.022387,2918.0,0.022392,2853.0,0.022386,180696586.0,3938927.529856
1753507361172,05:22:41.172,bitget,ACH/USDT:USDT,0.022387,2918.0,0.022392,2853.0,0.022386,180696586.0,3938927.529856
1753507361972,05:22:41.972,bitget,ACH/USDT:USDT,0.022387,2918.0,0.022392,2853.0,0.022386,180696586.0,3938927.529856
1753507362290,05:22:42.290,bitget,ACH/USDT:USDT,0.022387,2918.0,0.022392,2853.0,0.022386,180696586.0,3938927.529856
1753507362629,05:22:42.629,bitget,ACH/USDT:USDT,0.022387,2918.0,0.022392,2853.0,0.022386,180696586.0,3938927.529856
1753507363292,05:22:43.292,bitget,ACH/USDT:USDT,0.022387,2918.0,0.022392,2853.0,0.022386,180696586.0,3938927.529856
1753507363610,05:22:43.610,bitget,ACH/USDT:USDT,0.022387,2918.0,0.022392,2853.0,0.022386,180696586.0,3938927.529856
1753507364012,05:22:44.012,bitget,ACH/USDT:USDT,0.022387,2918.0,0.022392,2853.0,0.022386,180696586.0,3938927.529856
1753507364411,05:22:44.411,bitget,ACH/USDT:USDT,0.022387,2918.0,0.022392,2853.0,0.022386,180696586.0,3938927.529856
1753507364777,05:22:44.777,bitget,ACH/USDT:USDT,0.022387,2918.0,0.022392,2853.0,0.022386,180696586.0,3938927.529856
1753507365088,05:22:45.088,bitget,ACH/USDT:USDT,0.022387,2918.0,0.022392,2853.0,0.022386,180696586.0,3938927.529856
1753507365496,05:22:45.496,bitget,ACH/USDT:USDT,0.022387,2918.0,0.022392,2853.0,0.022386,180696586.0,3938927.529856
1753507365808,05:22:45.808,bitget,ACH/USDT:USDT,0.022387,2918.0,0.022392,2853.0,0.022386,180696586.0,3938927.529856
1753507366118,05:22:46.118,bitget,ACH/USDT:USDT,0.022387,2918.0,0.022392,2853.0,0.022386,180696586.0,3938927.529856
1753507366531,05:22:46.531,bitget,ACH/USDT:USDT,0.022387,2918.0,0.022392,2853.0,0.022389,180696586.0,3938927.529856
1753507366934,05:22:46.934,bitget,ACH/USDT:USDT,0.022387,2918.0,0.022392,2853.0,0.022389,180696586.0,3938927.529856
1753507367247,05:22:47.247,bitget,ACH/USDT:USDT,0.022387,2918.0,0.022392,2853.0,0.022389,180701744.0,3939043.012318
1753507367562,05:22:47.562,bitget,ACH/USDT:USDT,0.022387,2918.0,0.022392,2853.0,0.022389,180701744.0,3939043.012318
1753507367894,05:22:47.894,bitget,ACH/USDT:USDT,0.022387,2918.0,0.022392,2853.0,0.022389,180701744.0,3939043.012318
1753507368206,05:22:48.206,bitget,ACH/USDT:USDT,0.022387,2918.0,0.022392,2853.0,0.022389,180701744.0,3939043.012318
1753507368514,05:22:48.514,bitget,ACH/USDT:USDT,0.022387,2918.0,0.022392,2853.0,0.022389,180701744.0,3939043.012318
1753507368847,05:22:48.847,bitget,ACH/USDT:USDT,0.022387,2918.0,0.022392,2853.0,0.022389,180701744.0,3939043.012318
1753507369175,05:22:49.175,bitget,ACH/USDT:USDT,0.022387,2918.0,0.022392,2853.0,0.022389,180701744.0,3939043.012318
1753507369512,05:22:49.512,bitget,ACH/USDT:USDT,0.022387,2918.0,0.022392,2853.0,0.022389,180701744.0,3939043.012318
1753507369821,05:22:49.821,bitget,ACH/USDT:USDT,0.022387,2918.0,0.022392,2853.0,0.022389,180701744.0,3939043.012318
1753507370138,05:22:50.138,bitget,ACH/USDT:USDT,0.022384,2265.0,0.022392,2853.0,0.022389,180701744.0,3939043.012318
1753507370485,05:22:50.485,bitget,ACH/USDT:USDT,0.022386,2851.0,0.022392,2853.0,0.022389,180701744.0,3939043.012318
1753507370795,05:22:50.795,bitget,ACH/USDT:USDT,0.022386,2851.0,0.022392,2853.0,0.022389,180701744.0,3939043.012318
1753507371106,05:22:51.106,bitget,ACH/USDT:USDT,0.022386,2851.0,0.022392,2853.0,0.022389,180701744.0,3939043.012318
1753507371517,05:22:51.517,bitget,ACH/USDT:USDT,0.022386,2851.0,0.022392,2853.0,0.022389,180701744.0,3939043.012318
1753507371991,05:22:51.991,bitget,ACH/USDT:USDT,0.022386,2851.0,0.022392,2853.0,0.022389,180701744.0,3939043.012318
1753507372653,05:22:52.653,bitget,ACH/USDT:USDT,0.022386,2851.0,0.022392,2853.0,0.022389,180701744.0,3939043.012318
1753507372988,05:22:52.988,bitget,ACH/USDT:USDT,0.022386,2851.0,0.022392,2853.0,0.022389,180701744.0,3939043.012318
1753507373297,05:22:53.297,bitget,ACH/USDT:USDT,0.022386,2851.0,0.022392,2853.0,0.022389,180701744.0,3939043.012318
1753507373606,05:22:53.606,bitget,ACH/USDT:USDT,0.022387,5867.0,0.022392,2853.0,0.022389,180701744.0,3939043.012318
1753507373976,05:22:53.976,bitget,ACH/USDT:USDT,0.022387,2851.0,0.022392,2853.0,0.022389,180701744.0,3939043.012318
1753507374436,05:22:54.436,bitget,ACH/USDT:USDT,0.022386,2851.0,0.022392,2853.0,0.022389,180701744.0,3939043.012318
1753507374920,05:22:54.920,bitget,ACH/USDT:USDT,0.022387,5863.0,0.022392,2853.0,0.022389,180701744.0,3939043.012318
1753507375260,05:22:55.260,bitget,ACH/USDT:USDT,0.022387,2851.0,0.022392,2853.0,0.022389,180701744.0,3939043.012318
1753507375597,05:22:55.597,bitget,ACH/USDT:USDT,0.022387,2851.0,0.022392,2853.0,0.022389,180701744.0,3939043.012318
1753507375909,05:22:55.909,bitget,ACH/USDT:USDT,0.022387,2851.0,0.022392,2853.0,0.022389,180701744.0,3939043.012318
1753507376241,05:22:56.241,bitget,ACH/USDT:USDT,0.022387,2851.0,0.022392,2853.0,0.022389,180701744.0,3939043.012318
1753507376735,05:22:56.735,bitget,ACH/USDT:USDT,0.022387,2851.0,0.022392,2853.0,0.022389,180701744.0,3939043.012318
1753507377195,05:22:57.195,bitget,ACH/USDT:USDT,0.022387,2874.0,0.022392,2853.0,0.022389,180701744.0,3939043.012318
1753507378045,05:22:58.045,bitget,ACH/USDT:USDT,0.022387,2874.0,0.022392,2853.0,0.022389,180701744.0,3939043.012318
1753507378398,05:22:58.398,bitget,ACH/USDT:USDT,0.022387,2874.0,0.022392,2853.0,0.022389,180701744.0,3939043.012318
1753507378715,05:22:58.715,bitget,ACH/USDT:USDT,0.022387,2874.0,0.022392,2853.0,0.022389,180701744.0,3939043.012318
1753507379114,05:22:59.114,bitget,ACH/USDT:USDT,0.022387,2874.0,0.022392,2853.0,0.022389,180701744.0,3939043.012318
1753507379491,05:22:59.491,bitget,ACH/USDT:USDT,0.022387,2874.0,0.022392,2853.0,0.022389,180701744.0,3939043.012318
1753507379804,05:22:59.804,bitget,ACH/USDT:USDT,0.022387,2874.0,0.022392,2853.0,0.022389,180701744.0,3939043.012318
1753507380280,05:23:00.280,bitget,ACH/USDT:USDT,0.022387,2874.0,0.022392,2853.0,0.022391,180701744.0,3939043.012318
1753507380823,05:23:00.823,bitget,ACH/USDT:USDT,0.022387,2874.0,0.022393,2874.0,0.022391,180551374.0,3935810.491388
1753507381496,05:23:01.496,bitget,ACH/USDT:USDT,0.022387,2874.0,0.022394,2874.0,0.022391,180551374.0,3935810.491388
1753507381871,05:23:01.871,bitget,ACH/USDT:USDT,0.022387,2874.0,0.022394,2874.0,0.022391,180551374.0,3935810.491388
1753507382263,05:23:02.263,bitget,ACH/USDT:USDT,0.022387,2874.0,0.022394,2874.0,0.022391,180551374.0,3935810.491388
1753507382624,05:23:02.624,bitget,ACH/USDT:USDT,0.022387,2874.0,0.022394,2874.0,0.022391,180551374.0,3935810.491388
1753507383019,05:23:03.019,bitget,ACH/USDT:USDT,0.022387,2874.0,0.022394,2874.0,0.022391,180551374.0,3935810.491388
1753507383787,05:23:03.787,bitget,ACH/USDT:USDT,0.022387,2874.0,0.022394,2874.0,0.022391,180551374.0,3935810.491388
1753507384101,05:23:04.101,bitget,ACH/USDT:USDT,0.022387,2874.0,0.022394,2874.0,0.022391,180551374.0,3935810.491388
1753507384441,05:23:04.441,bitget,ACH/USDT:USDT,0.022387,2874.0,0.022394,2874.0,0.022391,180551374.0,3935810.491388
1753507384835,05:23:04.835,bitget,ACH/USDT:USDT,0.022387,2874.0,0.022394,2874.0,0.022391,180551374.0,3935810.491388
1753507385166,05:23:05.166,bitget,ACH/USDT:USDT,0.022387,2874.0,0.022394,2874.0,0.022391,180551374.0,3935810.491388
1753507385483,05:23:05.483,bitget,ACH/USDT:USDT,0.022387,2874.0,0.022394,2874.0,0.022391,180551374.0,3935810.491388
1753507385803,05:23:05.803,bitget,ACH/USDT:USDT,0.022387,2874.0,0.022394,2874.0,0.022391,180551374.0,3935810.491388
1753507386137,05:23:06.137,bitget,ACH/USDT:USDT,0.022387,2874.0,0.022394,2874.0,0.022391,180551374.0,3935810.491388
1753507386447,05:23:06.447,bitget,ACH/USDT:USDT,0.022387,2874.0,0.022394,2874.0,0.022391,180551374.0,3935810.491388
1753507386776,05:23:06.776,bitget,ACH/USDT:USDT,0.022387,2874.0,0.022394,2874.0,0.022391,180551374.0,3935810.491388
1753507387275,05:23:07.275,bitget,ACH/USDT:USDT,0.022387,2874.0,0.022394,2874.0,0.022391,180701744.0,3939043.012318
1753507387935,05:23:07.935,bitget,ACH/USDT:USDT,0.022387,2874.0,0.022398,44599.0,0.022391,180551374.0,3935810.491388
1753507388254,05:23:08.254,bitget,ACH/USDT:USDT,0.022387,2874.0,0.022396,2810.0,0.022391,180551374.0,3935810.491388
1753507388596,05:23:08.596,bitget,ACH/USDT:USDT,0.022387,2874.0,0.022396,2810.0,0.022391,180551374.0,3935810.491388
1753507388922,05:23:08.922,bitget,ACH/USDT:USDT,0.022387,2874.0,0.022396,2810.0,0.022391,180551374.0,3935810.491388
1753507389231,05:23:09.231,bitget,ACH/USDT:USDT,0.022387,2874.0,0.022397,2810.0,0.022391,180551374.0,3935810.491388
1753507389653,05:23:09.653,bitget,ACH/USDT:USDT,0.022387,2874.0,0.022397,2810.0,0.022391,180551374.0,3935810.491388
1753507390340,05:23:10.340,bitget,ACH/USDT:USDT,0.022387,2874.0,0.022397,2810.0,0.022391,180551374.0,3935810.491388
1753507390970,05:23:10.970,bitget,ACH/USDT:USDT,0.022387,2874.0,0.022397,2810.0,0.022391,180551374.0,3935810.491388
1753507391299,05:23:11.299,bitget,ACH/USDT:USDT,0.022387,2874.0,0.022397,2810.0,0.022391,180551374.0,3935810.491388
1753507391612,05:23:11.612,bitget,ACH/USDT:USDT,0.022387,2874.0,0.022397,2810.0,0.022391,180551374.0,3935810.491388
1753507391964,05:23:11.964,bitget,ACH/USDT:USDT,0.022387,2874.0,0.022397,2810.0,0.022391,180551374.0,3935810.491388
1753507392468,05:23:12.468,bitget,ACH/USDT:USDT,0.022387,2874.0,0.022397,2810.0,0.022391,180551374.0,3935810.491388
1753507392853,05:23:12.853,bitget,ACH/USDT:USDT,0.022387,2874.0,0.022397,2810.0,0.022391,180551374.0,3935810.491388
1753507393165,05:23:13.165,bitget,ACH/USDT:USDT,0.022387,2874.0,0.022397,2810.0,0.022391,180551374.0,3935810.491388
1753507393492,05:23:13.492,bitget,ACH/USDT:USDT,0.022387,2874.0,0.022397,2810.0,0.022391,180551374.0,3935810.491388
1753507393826,05:23:13.826,bitget,ACH/USDT:USDT,0.022387,2874.0,0.022397,2810.0,0.022391,180551374.0,3935810.491388
1753507394140,05:23:14.140,bitget,ACH/USDT:USDT,0.022387,2874.0,0.022397,2810.0,0.022391,180551374.0,3935810.491388
1753507394470,05:23:14.470,bitget,ACH/USDT:USDT,0.022387,2874.0,0.022397,2810.0,0.022391,180551374.0,3935810.491388
1753507395079,05:23:15.079,bitget,ACH/USDT:USDT,0.022387,2874.0,0.022397,2810.0,0.022391,180551374.0,3935810.491388
1753507395795,05:23:15.795,bitget,ACH/USDT:USDT,0.022387,2874.0,0.022402,2817.0,0.022395,180551374.0,3935810.491388
1753507396723,05:23:16.723,bitget,ACH/USDT:USDT,0.022387,2874.0,0.022402,2817.0,0.022395,180551374.0,3935810.491388
1753507397580,05:23:17.580,bitget,ACH/USDT:USDT,0.022392,2892.0,0.022402,2817.0,0.022395,180555574.0,3935904.550388
1753507398529,05:23:18.529,bitget,ACH/USDT:USDT,0.022392,2892.0,0.022402,2817.0,0.022395,180555574.0,3935904.550388
1753507399277,05:23:19.277,bitget,ACH/USDT:USDT,0.022392,2892.0,0.022402,2817.0,0.022395,180555574.0,3935904.550388
1753507399634,05:23:19.634,bitget,ACH/USDT:USDT,0.022392,2892.0,0.022402,2817.0,0.022395,180555574.0,3935904.550388
1753507399997,05:23:19.997,bitget,ACH/USDT:USDT,0.022392,2892.0,0.022402,2817.0,0.022395,180555574.0,3935904.550388
1753507400369,05:23:20.369,bitget,ACH/USDT:USDT,0.022392,2892.0,0.022402,2817.0,0.022395,180555574.0,3935904.550388
1753507400735,05:23:20.735,bitget,ACH/USDT:USDT,0.022392,2892.0,0.022402,2817.0,0.022395,180555574.0,3935904.550388
1753507401072,05:23:21.072,bitget,ACH/USDT:USDT,0.022392,2892.0,0.022402,2817.0,0.022395,180555574.0,3935904.550388
1753507401412,05:23:21.412,bitget,ACH/USDT:USDT,0.022392,2892.0,0.022402,2817.0,0.022395,180555574.0,3935904.550388
1753507401724,05:23:21.724,bitget,ACH/USDT:USDT,0.022392,2892.0,0.022402,2817.0,0.022395,180555574.0,3935904.550388
1753507402128,05:23:22.128,bitget,ACH/USDT:USDT,0.022392,2892.0,0.022402,2817.0,0.022395,180551374.0,3935810.491388
1753507402717,05:23:22.717,bitget,ACH/USDT:USDT,0.022392,2892.0,0.022402,2817.0,0.022395,180555574.0,3935904.550388
1753507403078,05:23:23.078,bitget,ACH/USDT:USDT,0.022392,2892.0,0.022402,2817.0,0.022395,180555574.0,3935904.550388
1753507403398,05:23:23.398,bitget,ACH/USDT:USDT,0.022392,7591.0,0.022402,2817.0,0.022395,180555574.0,3935904.550388
1753507403741,05:23:23.741,bitget,ACH/USDT:USDT,0.022394,2892.0,0.022402,2817.0,0.022395,180555574.0,3935904.550388
1753507404047,05:23:24.047,bitget,ACH/USDT:USDT,0.022394,2892.0,0.022402,2817.0,0.022395,180555574.0,3935904.550388
1753507404367,05:23:24.367,bitget,ACH/USDT:USDT,0.022394,2892.0,0.022402,2817.0,0.022395,180555574.0,3935904.550388
1753507404708,05:23:24.708,bitget,ACH/USDT:USDT,0.022396,2892.0,0.022402,2817.0,0.022395,180555574.0,3935904.550388
1753507405104,05:23:25.104,bitget,ACH/USDT:USDT,0.022396,2892.0,0.022402,2817.0,0.022395,180555574.0,3935904.550388
1753507405425,05:23:25.425,bitget,ACH/USDT:USDT,0.022396,2892.0,0.022402,2817.0,0.022395,180555574.0,3935904.550388
1753507405792,05:23:25.792,bitget,ACH/USDT:USDT,0.022396,2892.0,0.022402,2817.0,0.022395,180555574.0,3935904.550388
1753507406154,05:23:26.154,bitget,ACH/USDT:USDT,0.022396,2892.0,0.022402,2817.0,0.022395,180555574.0,3935904.550388
1753507406471,05:23:26.471,bitget,ACH/USDT:USDT,0.022396,2892.0,0.022402,2817.0,0.022395,180555574.0,3935904.550388
1753507406781,05:23:26.781,bitget,ACH/USDT:USDT,0.022396,2892.0,0.022402,2817.0,0.022395,180555574.0,3935904.550388
1753507407148,05:23:27.148,bitget,ACH/USDT:USDT,0.022396,2892.0,0.022402,2817.0,0.022395,180555574.0,3935904.550388
1753507407527,05:23:27.527,bitget,ACH/USDT:USDT,0.022396,2892.0,0.022402,2817.0,0.022395,180555574.0,3935904.550388
1753507407834,05:23:27.834,bitget,ACH/USDT:USDT,0.022396,2892.0,0.022402,2817.0,0.022399,180555574.0,3935904.550388
1753507408205,05:23:28.205,bitget,ACH/USDT:USDT,0.022396,2892.0,0.022402,2817.0,0.022399,180555574.0,3935904.550388
1753507408704,05:23:28.704,bitget,ACH/USDT:USDT,0.022396,2892.0,0.022402,2817.0,0.022399,180565254.0,3936121.372708
1753507409593,05:23:29.593,bitget,ACH/USDT:USDT,0.022396,2892.0,0.022402,2817.0,0.022399,180565254.0,3936121.372708
1753507409945,05:23:29.945,bitget,ACH/USDT:USDT,0.022396,2892.0,0.022402,2817.0,0.022399,180565254.0,3936121.372708
1753507410257,05:23:30.257,bitget,ACH/USDT:USDT,0.022396,2892.0,0.022402,2817.0,0.022399,180565254.0,3936121.372708
1753507410572,05:23:30.572,bitget,ACH/USDT:USDT,0.022396,2892.0,0.022402,2817.0,0.022399,180565254.0,3936121.372708
1753507410996,05:23:30.996,bitget,ACH/USDT:USDT,0.022396,2892.0,0.022402,2817.0,0.022399,180565254.0,3936121.372708
1753507411316,05:23:31.316,bitget,ACH/USDT:USDT,0.022396,2892.0,0.022402,2817.0,0.022399,180565254.0,3936121.372708
1753507411718,05:23:31.718,bitget,ACH/USDT:USDT,0.022396,2892.0,0.022402,2817.0,0.022399,180565254.0,3936121.372708
1753507412111,05:23:32.111,bitget,ACH/USDT:USDT,0.022393,2920.0,0.022402,2817.0,0.022399,180565254.0,3936121.372708
1753507412544,05:23:32.544,bitget,ACH/USDT:USDT,0.022395,2920.0,0.022402,2817.0,0.022399,180565254.0,3936121.372708
1753507413272,05:23:33.272,bitget,ACH/USDT:USDT,0.022393,2920.0,0.022402,2817.0,0.022399,180565254.0,3936121.372708
1753507414032,05:23:34.032,bitget,ACH/USDT:USDT,0.022393,2920.0,0.022402,2817.0,0.022399,180565254.0,3936121.372708
1753507414384,05:23:34.384,bitget,ACH/USDT:USDT,0.022393,2920.0,0.022402,2817.0,0.022399,180565254.0,3936121.372708
1753507414919,05:23:34.919,bitget,ACH/USDT:USDT,0.022393,2920.0,0.022402,2817.0,0.022399,180565254.0,3936121.372708
1753507415713,05:23:35.713,bitget,ACH/USDT:USDT,0.022393,2920.0,0.022402,2817.0,0.022399,180565254.0,3936121.372708
1753507416454,05:23:36.454,bitget,ACH/USDT:USDT,0.022393,2920.0,0.022402,2817.0,0.022399,180565254.0,3936121.372708
1753507416797,05:23:36.797,bitget,ACH/USDT:USDT,0.022393,2920.0,0.022402,2817.0,0.022399,180565254.0,3936121.372708
1753507417225,05:23:37.225,bitget,ACH/USDT:USDT,0.022393,2920.0,0.022402,2817.0,0.022399,180565254.0,3936121.372708
1753507417722,05:23:37.722,bitget,ACH/USDT:USDT,0.022393,2920.0,0.022402,2817.0,0.022399,180565254.0,3936121.372708
1753507418482,05:23:38.482,bitget,ACH/USDT:USDT,0.022393,2920.0,0.022402,2817.0,0.022399,180565254.0,3936121.372708
1753507418946,05:23:38.946,bitget,ACH/USDT:USDT,0.022393,2920.0,0.022402,2817.0,0.022399,180565254.0,3936121.372708
1753507419538,05:23:39.538,bitget,ACH/USDT:USDT,0.022393,2920.0,0.022402,2817.0,0.022399,180565254.0,3936121.372708
1753507419877,05:23:39.877,bitget,ACH/USDT:USDT,0.022393,2920.0,0.022402,2817.0,0.022399,180565254.0,3936121.372708
1753507420207,05:23:40.207,bitget,ACH/USDT:USDT,0.022393,2920.0,0.022402,2817.0,0.022399,180565254.0,3936121.372708
1753507420534,05:23:40.534,bitget,ACH/USDT:USDT,0.022393,2920.0,0.022402,2817.0,0.022399,180565254.0,3936121.372708
1753507420883,05:23:40.883,bitget,ACH/USDT:USDT,0.022393,2920.0,0.022402,2817.0,0.022399,180565254.0,3936121.372708
1753507421220,05:23:41.220,bitget,ACH/USDT:USDT,0.022393,2920.0,0.022402,2817.0,0.022399,180565254.0,3936121.372708
1753507421534,05:23:41.534,bitget,ACH/USDT:USDT,0.022393,2920.0,0.022402,2817.0,0.022399,180565254.0,3936121.372708
1753507421854,05:23:41.854,bitget,ACH/USDT:USDT,0.022393,2920.0,0.022402,2817.0,0.022399,180565254.0,3936121.372708
1753507422466,05:23:42.466,bitget,ACH/USDT:USDT,0.022393,2920.0,0.022402,2817.0,0.022399,180565254.0,3936121.372708
1753507422776,05:23:42.776,bitget,ACH/USDT:USDT,0.022393,2920.0,0.022402,2817.0,0.022399,180565254.0,3936121.372708
1753507423095,05:23:43.095,bitget,ACH/USDT:USDT,0.022393,2920.0,0.022402,2817.0,0.022399,180565254.0,3936121.372708
1753507423492,05:23:43.492,bitget,ACH/USDT:USDT,0.022393,2920.0,0.022402,2817.0,0.022399,180565254.0,3936121.372708
1753507423833,05:23:43.833,bitget,ACH/USDT:USDT,0.022393,2920.0,0.022402,2817.0,0.022399,180565254.0,3936121.372708
1753507424145,05:23:44.145,bitget,ACH/USDT:USDT,0.022393,2920.0,0.022402,2817.0,0.022399,180565254.0,3936121.372708
1753507424464,05:23:44.464,bitget,ACH/USDT:USDT,0.022393,2920.0,0.022402,2817.0,0.022399,180565254.0,3936121.372708
1753507425010,05:23:45.010,bitget,ACH/USDT:USDT,0.022393,2920.0,0.022402,2817.0,0.022399,180565254.0,3936121.372708
1753507425828,05:23:45.828,bitget,ACH/USDT:USDT,0.022393,2920.0,0.022402,2817.0,0.022401,180565254.0,3936121.372708
1753507426403,05:23:46.403,bitget,ACH/USDT:USDT,0.022393,2920.0,0.022402,2817.0,0.022401,180588924.0,3936651.604378
1753507426725,05:23:46.725,bitget,ACH/USDT:USDT,0.022393,2920.0,0.022402,2817.0,0.022401,180588924.0,3936651.604378
1753507427106,05:23:47.106,bitget,ACH/USDT:USDT,0.022393,2920.0,0.022402,2817.0,0.022401,180588924.0,3936651.604378
1753507427450,05:23:47.450,bitget,ACH/USDT:USDT,0.022393,2920.0,0.022402,2817.0,0.022401,180588924.0,3936651.604378
1753507427763,05:23:47.763,bitget,ACH/USDT:USDT,0.022393,2920.0,0.022402,2817.0,0.022401,180588924.0,3936651.604378
1753507428080,05:23:48.080,bitget,ACH/USDT:USDT,0.022393,2920.0,0.022402,2817.0,0.022401,180588924.0,3936651.604378
1753507428511,05:23:48.511,bitget,ACH/USDT:USDT,0.022393,2920.0,0.022402,2817.0,0.022401,180588924.0,3936651.604378
1753507429283,05:23:49.283,bitget,ACH/USDT:USDT,0.022393,2920.0,0.022402,2817.0,0.022401,180588924.0,3936651.604378
1753507430112,05:23:50.112,bitget,ACH/USDT:USDT,0.022393,2920.0,0.022402,2817.0,0.022401,180588924.0,3936651.604378
1753507430513,05:23:50.513,bitget,ACH/USDT:USDT,0.022393,2920.0,0.022402,2817.0,0.022401,180588924.0,3936651.604378
1753507430982,05:23:50.982,bitget,ACH/USDT:USDT,0.022393,2920.0,0.022402,2817.0,0.022401,180565254.0,3936121.372708
1753507431527,05:23:51.527,bitget,ACH/USDT:USDT,0.022393,2920.0,0.022402,2817.0,0.022401,180588924.0,3936651.604378
1753507431926,05:23:51.926,bitget,ACH/USDT:USDT,0.022393,2920.0,0.022402,2817.0,0.022401,180588924.0,3936651.604378
1753507432269,05:23:52.269,bitget,ACH/USDT:USDT,0.022393,2920.0,0.022402,2817.0,0.022401,180588924.0,3936651.604378
1753507432581,05:23:52.581,bitget,ACH/USDT:USDT,0.022393,2920.0,0.022402,2817.0,0.022401,180588924.0,3936651.604378
1753507432895,05:23:52.895,bitget,ACH/USDT:USDT,0.022393,2920.0,0.022402,2817.0,0.022401,180588924.0,3936651.604378
1753507433240,05:23:53.240,bitget,ACH/USDT:USDT,0.022393,2920.0,0.022402,2817.0,0.022401,180588924.0,3936651.604378
1753507433566,05:23:53.566,bitget,ACH/USDT:USDT,0.022393,2920.0,0.022402,2817.0,0.022401,180588924.0,3936651.604378
1753507433879,05:23:53.879,bitget,ACH/USDT:USDT,0.022393,2920.0,0.022402,2817.0,0.022401,180588924.0,3936651.604378
1753507434233,05:23:54.233,bitget,ACH/USDT:USDT,0.022393,2920.0,0.022402,2817.0,0.022401,180588924.0,3936651.604378
1753507434657,05:23:54.657,bitget,ACH/USDT:USDT,0.022393,2920.0,0.022402,2817.0,0.022401,180588924.0,3936651.604378
1753507435007,05:23:55.007,bitget,ACH/USDT:USDT,0.022393,2920.0,0.022402,2817.0,0.022401,180588924.0,3936651.604378
1753507435324,05:23:55.324,bitget,ACH/USDT:USDT,0.022393,2920.0,0.022402,2817.0,0.022401,180588924.0,3936651.604378
1753507435682,05:23:55.682,bitget,ACH/USDT:USDT,0.022393,2920.0,0.022402,2817.0,0.022401,180588924.0,3936651.604378
1753507436015,05:23:56.015,bitget,ACH/USDT:USDT,0.022393,2920.0,0.022402,2817.0,0.022401,180588924.0,3936651.604378
1753507436322,05:23:56.322,bitget,ACH/USDT:USDT,0.022393,2920.0,0.022402,2817.0,0.022401,180588924.0,3936651.604378
1753507436644,05:23:56.644,bitget,ACH/USDT:USDT,0.022393,2920.0,0.022402,2817.0,0.022401,180588924.0,3936651.604378
1753507436997,05:23:56.997,bitget,ACH/USDT:USDT,0.022393,2920.0,0.022402,2817.0,0.022401,180588924.0,3936651.604378
1753507437308,05:23:57.308,bitget,ACH/USDT:USDT,0.022393,2920.0,0.022402,2817.0,0.022401,180588924.0,3936651.604378
1753507437615,05:23:57.615,bitget,ACH/USDT:USDT,0.022393,2920.0,0.022402,2817.0,0.022401,180588924.0,3936651.604378
1753507438247,05:23:58.247,bitget,ACH/USDT:USDT,0.022393,2920.0,0.022402,2817.0,0.022401,180588924.0,3936651.604378
1753507438562,05:23:58.562,bitget,ACH/USDT:USDT,0.022393,2920.0,0.022402,2817.0,0.0224,180588924.0,3936651.604378
1753507438882,05:23:58.882,bitget,ACH/USDT:USDT,0.022393,2920.0,0.022402,2817.0,0.0224,180588924.0,3936651.604378
1753507439447,05:23:59.447,bitget,ACH/USDT:USDT,0.022393,2920.0,0.022402,2817.0,0.0224,180609836.0,3937120.033178
1753507440286,05:24:00.286,bitget,ACH/USDT:USDT,0.022393,2920.0,0.022402,2817.0,0.0224,180578968.0,3936455.911334
1753507441041,05:24:01.041,bitget,ACH/USDT:USDT,0.022393,2920.0,0.022402,2817.0,0.0224,180609836.0,3937120.033178
1753507441403,05:24:01.403,bitget,ACH/USDT:USDT,0.022393,2920.0,0.022402,2817.0,0.0224,180588924.0,3936651.604378
1753507441986,05:24:01.986,bitget,ACH/USDT:USDT,0.022393,2920.0,0.022402,2817.0,0.0224,180578968.0,3936455.911334
1753507442336,05:24:02.336,bitget,ACH/USDT:USDT,0.022393,2920.0,0.022402,2817.0,0.0224,180578968.0,3936455.911334
1753507442703,05:24:02.703,bitget,ACH/USDT:USDT,0.022393,2920.0,0.022402,2817.0,0.0224,180578968.0,3936455.911334
1753507443050,05:24:03.050,bitget,ACH/USDT:USDT,0.022393,2920.0,0.022402,2817.0,0.0224,180578968.0,3936455.911334
1753507443450,05:24:03.450,bitget,ACH/USDT:USDT,0.022393,2920.0,0.022402,2817.0,0.0224,180578968.0,3936455.911334
1753507443770,05:24:03.770,bitget,ACH/USDT:USDT,0.022393,2920.0,0.022402,2817.0,0.0224,180578968.0,3936455.911334
1753507444085,05:24:04.085,bitget,ACH/USDT:USDT,0.022393,2920.0,0.022402,2817.0,0.0224,180578968.0,3936455.911334
1753507444429,05:24:04.429,bitget,ACH/USDT:USDT,0.022393,2920.0,0.022402,2817.0,0.0224,180578968.0,3936455.911334
1753507444770,05:24:04.770,bitget,ACH/USDT:USDT,0.022393,2920.0,0.022402,2817.0,0.0224,180578968.0,3936455.911334
1753507445084,05:24:05.084,bitget,ACH/USDT:USDT,0.022393,2920.0,0.022402,2817.0,0.0224,180578968.0,3936455.911334
1753507445414,05:24:05.414,bitget,ACH/USDT:USDT,0.022393,2920.0,0.022402,2817.0,0.0224,180578968.0,3936455.911334
1753507445770,05:24:05.770,bitget,ACH/USDT:USDT,0.022393,2920.0,0.022402,2817.0,0.0224,180578968.0,3936455.911334
1753507446101,05:24:06.101,bitget,ACH/USDT:USDT,0.022393,2920.0,0.022402,2817.0,0.0224,180578968.0,3936455.911334
1753507446415,05:24:06.415,bitget,ACH/USDT:USDT,0.022393,2920.0,0.022402,2817.0,0.0224,180578968.0,3936455.911334
1753507446736,05:24:06.736,bitget,ACH/USDT:USDT,0.022393,2920.0,0.022402,2817.0,0.0224,180578968.0,3936455.911334
1753507447125,05:24:07.125,bitget,ACH/USDT:USDT,0.022393,2920.0,0.022402,2817.0,0.0224,180578968.0,3936455.911334
1753507447471,05:24:07.471,bitget,ACH/USDT:USDT,0.022393,2920.0,0.022402,2817.0,0.0224,180578968.0,3936455.911334
1753507447782,05:24:07.782,bitget,ACH/USDT:USDT,0.022393,2920.0,0.022402,2817.0,0.0224,180578968.0,3936455.911334
1753507448101,05:24:08.101,bitget,ACH/USDT:USDT,0.022393,2920.0,0.022402,2817.0,0.0224,180578968.0,3936455.911334
1753507448435,05:24:08.435,bitget,ACH/USDT:USDT,0.022393,2920.0,0.022402,2817.0,0.0224,180578968.0,3936455.911334
1753507448766,05:24:08.766,bitget,ACH/USDT:USDT,0.022393,2920.0,0.022402,2817.0,0.0224,180578968.0,3936455.911334
1753507449135,05:24:09.135,bitget,ACH/USDT:USDT,0.022393,2920.0,0.022402,2817.0,0.0224,180578968.0,3936455.911334
1753507449506,05:24:09.506,bitget,ACH/USDT:USDT,0.022393,2920.0,0.022402,2817.0,0.0224,180578968.0,3936455.911334
1753507449878,05:24:09.878,bitget,ACH/USDT:USDT,0.022393,2920.0,0.022402,2817.0,0.0224,180578968.0,3936455.911334
1753507450192,05:24:10.192,bitget,ACH/USDT:USDT,0.022393,2920.0,0.022402,2817.0,0.0224,180578968.0,3936455.911334
1753507450507,05:24:10.507,bitget,ACH/USDT:USDT,0.022393,2920.0,0.022402,2817.0,0.0224,180578968.0,3936455.911334
1753507450900,05:24:10.900,bitget,ACH/USDT:USDT,0.022393,2920.0,0.022402,2817.0,0.0224,180578968.0,3936455.911334
1753507451518,05:24:11.518,bitget,ACH/USDT:USDT,0.022393,2920.0,0.022402,2817.0,0.0224,180578968.0,3936455.911334
1753507451879,05:24:11.879,bitget,ACH/USDT:USDT,0.022393,2920.0,0.022402,2817.0,0.0224,180578968.0,3936455.911334
1753507452253,05:24:12.253,bitget,ACH/USDT:USDT,0.022393,2920.0,0.022402,2817.0,0.0224,180578968.0,3936455.911334
1753507452568,05:24:12.568,bitget,ACH/USDT:USDT,0.022393,2920.0,0.022402,2817.0,0.0224,180578968.0,3936455.911334
1753507452890,05:24:12.890,bitget,ACH/USDT:USDT,0.022393,2920.0,0.022402,2817.0,0.0224,180578968.0,3936455.911334
1753507453262,05:24:13.262,bitget,ACH/USDT:USDT,0.022393,2920.0,0.022402,2817.0,0.0224,180578968.0,3936455.911334
1753507453593,05:24:13.593,bitget,ACH/USDT:USDT,0.022393,2920.0,0.022402,2817.0,0.0224,180578968.0,3936455.911334
1753507453920,05:24:13.920,bitget,ACH/USDT:USDT,0.022393,2920.0,0.022402,2817.0,0.0224,180578968.0,3936455.911334
1753507454407,05:24:14.407,bitget,ACH/USDT:USDT,0.022393,2920.0,0.022402,2817.0,0.0224,180578968.0,3936455.911334
1753507455505,05:24:15.505,bitget,ACH/USDT:USDT,0.022393,2920.0,0.022402,2817.0,0.0224,180578968.0,3936455.911334
1753507456102,05:24:16.102,bitget,ACH/USDT:USDT,0.022393,2920.0,0.022402,2817.0,0.0224,180578968.0,3936455.911334
1753507456411,05:24:16.411,bitget,ACH/USDT:USDT,0.022393,2920.0,0.022402,2817.0,0.0224,180578968.0,3936455.911334
1753507456755,05:24:16.755,bitget,ACH/USDT:USDT,0.022393,2920.0,0.022402,2817.0,0.0224,180578968.0,3936455.911334
1753507457188,05:24:17.188,bitget,ACH/USDT:USDT,0.022393,2920.0,0.022402,2817.0,0.0224,180578968.0,3936455.911334
1753507457537,05:24:17.537,bitget,ACH/USDT:USDT,0.022393,2920.0,0.022402,2817.0,0.0224,180596330.0,3936844.820134
1753507457849,05:24:17.849,bitget,ACH/USDT:USDT,0.022393,2920.0,0.022402,2817.0,0.0224,180596330.0,3936844.820134
1753507458184,05:24:18.184,bitget,ACH/USDT:USDT,0.022393,2920.0,0.022402,2817.0,0.0224,180596330.0,3936844.820134
1753507458528,05:24:18.528,bitget,ACH/USDT:USDT,0.022393,2920.0,0.022402,2817.0,0.0224,180596330.0,3936844.820134
1753507458846,05:24:18.846,bitget,ACH/USDT:USDT,0.022393,2920.0,0.022402,2817.0,0.0224,180596330.0,3936844.820134
1753507459180,05:24:19.180,bitget,ACH/USDT:USDT,0.022393,2920.0,0.022402,2817.0,0.0224,180596330.0,3936844.820134
1753507459774,05:24:19.774,bitget,ACH/USDT:USDT,0.022393,2920.0,0.022402,2817.0,0.022397,180596330.0,3936844.820134
1753507460585,05:24:20.585,bitget,ACH/USDT:USDT,0.022393,2920.0,0.022402,2817.0,0.022397,180596330.0,3936844.820134
1753507460936,05:24:20.936,bitget,ACH/USDT:USDT,0.022393,2920.0,0.022402,2817.0,0.022397,180605950.0,3937060.279274
1753507461249,05:24:21.249,bitget,ACH/USDT:USDT,0.022393,2920.0,0.022402,2817.0,0.022397,180605950.0,3937060.279274
1753507461569,05:24:21.569,bitget,ACH/USDT:USDT,0.022393,2920.0,0.022402,2817.0,0.022397,180605950.0,3937060.279274
1753507462001,05:24:22.001,bitget,ACH/USDT:USDT,0.022393,2920.0,0.022402,2817.0,0.022397,180596330.0,3936844.820134
1753507462498,05:24:22.498,bitget,ACH/USDT:USDT,0.022393,2920.0,0.022402,2817.0,0.022397,180605950.0,3937060.279274
1753507462822,05:24:22.822,bitget,ACH/USDT:USDT,0.022393,2920.0,0.022402,2817.0,0.022397,180605950.0,3937060.279274
1753507463140,05:24:23.140,bitget,ACH/USDT:USDT,0.022393,2920.0,0.022402,2909.0,0.022397,180605950.0,3937060.279274
1753507463555,05:24:23.555,bitget,ACH/USDT:USDT,0.022393,2920.0,0.022402,2909.0,0.022397,180605950.0,3937060.279274
1753507463867,05:24:23.867,bitget,ACH/USDT:USDT,0.022393,2920.0,0.022402,2909.0,0.022397,180605950.0,3937060.279274
1753507464245,05:24:24.245,bitget,ACH/USDT:USDT,0.022393,2920.0,0.022402,2909.0,0.022397,180605950.0,3937060.279274
1753507464717,05:24:24.717,bitget,ACH/USDT:USDT,0.022393,2920.0,0.022402,2909.0,0.022397,180596330.0,3936844.820134
1753507465244,05:24:25.244,bitget,ACH/USDT:USDT,0.022393,2920.0,0.022402,2909.0,0.022397,180605950.0,3937060.279274
1753507466050,05:24:26.050,bitget,ACH/USDT:USDT,0.022393,2920.0,0.022402,2909.0,0.022394,180605950.0,3937060.279274
1753507466533,05:24:26.533,bitget,ACH/USDT:USDT,0.022393,2920.0,0.022402,2909.0,0.022394,180605950.0,3937060.279274
1753507467164,05:24:27.164,bitget,ACH/USDT:USDT,0.022393,2920.0,0.022402,2909.0,0.022394,180616492.0,3937296.356822
1753507467473,05:24:27.473,bitget,ACH/USDT:USDT,0.022393,2920.0,0.022402,2909.0,0.022394,180616492.0,3937296.356822
1753507467797,05:24:27.797,bitget,ACH/USDT:USDT,0.022393,2920.0,0.022402,2909.0,0.022394,180616492.0,3937296.356822
1753507468209,05:24:28.209,bitget,ACH/USDT:USDT,0.022393,2920.0,0.022402,2909.0,0.022394,180616492.0,3937296.356822
1753507468555,05:24:28.555,bitget,ACH/USDT:USDT,0.022393,2920.0,0.022402,2909.0,0.022394,180616492.0,3937296.356822
1753507468862,05:24:28.862,bitget,ACH/USDT:USDT,0.022393,2920.0,0.022402,2909.0,0.022394,180616492.0,3937296.356822
1753507469290,05:24:29.290,bitget,ACH/USDT:USDT,0.022393,2920.0,0.022402,2909.0,0.022394,180616492.0,3937296.356822
1753507470334,05:24:30.334,bitget,ACH/USDT:USDT,0.022393,2920.0,0.022402,2909.0,0.022394,180605950.0,3937060.279274
1753507471139,05:24:31.139,bitget,ACH/USDT:USDT,0.022395,2833.0,0.022406,2833.0,0.022394,180605950.0,3937060.279274
1753507471721,05:24:31.721,bitget,ACH/USDT:USDT,0.022397,2833.0,0.022406,2833.0,0.022394,180616492.0,3937296.356822
1753507472098,05:24:32.098,bitget,ACH/USDT:USDT,0.022397,2833.0,0.022406,2833.0,0.022394,180616492.0,3937296.356822
1753507472508,05:24:32.508,bitget,ACH/USDT:USDT,0.022397,2833.0,0.022406,2833.0,0.022394,180616492.0,3937296.356822
1753507472873,05:24:32.873,bitget,ACH/USDT:USDT,0.022397,2833.0,0.022406,2833.0,0.022394,180616492.0,3937296.356822
1753507473201,05:24:33.201,bitget,ACH/USDT:USDT,0.022397,2833.0,0.022406,2833.0,0.022394,180616492.0,3937296.356822
1753507473560,05:24:33.560,bitget,ACH/USDT:USDT,0.022397,2833.0,0.022406,2833.0,0.022394,180616492.0,3937296.356822
1753507474278,05:24:34.278,bitget,ACH/USDT:USDT,0.022397,2833.0,0.022406,2833.0,0.022394,180616492.0,3937296.356822
1753507474601,05:24:34.601,bitget,ACH/USDT:USDT,0.022397,2833.0,0.022406,2833.0,0.022394,180616492.0,3937296.356822
1753507475026,05:24:35.026,bitget,ACH/USDT:USDT,0.022397,2833.0,0.022406,2833.0,0.022394,180616492.0,3937296.356822
1753507475367,05:24:35.367,bitget,ACH/USDT:USDT,0.022397,13244.0,0.022406,2833.0,0.022394,180616492.0,3937296.356822
1753507475769,05:24:35.769,bitget,ACH/USDT:USDT,0.022399,2833.0,0.022406,2833.0,0.022394,180616492.0,3937296.356822
1753507476535,05:24:36.535,bitget,ACH/USDT:USDT,0.022399,2833.0,0.022406,2833.0,0.022394,180616492.0,3937296.356822
1753507476847,05:24:36.847,bitget,ACH/USDT:USDT,0.022399,2833.0,0.022406,2833.0,0.022394,180616492.0,3937296.356822
1753507477274,05:24:37.274,bitget,ACH/USDT:USDT,0.022399,2833.0,0.022406,2833.0,0.022394,180616492.0,3937296.356822
1753507478000,05:24:38.000,bitget,ACH/USDT:USDT,0.022399,2833.0,0.022406,2833.0,0.022394,180616492.0,3937296.356822
1753507478601,05:24:38.601,bitget,ACH/USDT:USDT,0.022399,2833.0,0.022406,2833.0,0.0224,180616492.0,3937296.356822
1753507478950,05:24:38.950,bitget,ACH/USDT:USDT,0.022399,2833.0,0.022406,2833.0,0.0224,180616492.0,3937296.356822
1753507479275,05:24:39.275,bitget,ACH/USDT:USDT,0.022399,2833.0,0.022406,2833.0,0.0224,180616492.0,3937296.356822
1753507479617,05:24:39.617,bitget,ACH/USDT:USDT,0.022392,2807.0,0.0224,2807.0,0.0224,180616492.0,3937296.356822
1753507480123,05:24:40.123,bitget,ACH/USDT:USDT,0.022392,2807.0,0.0224,2807.0,0.0224,180626636.0,3937523.582422
1753507480433,05:24:40.433,bitget,ACH/USDT:USDT,0.022392,2807.0,0.0224,2807.0,0.0224,180626636.0,3937523.582422
1753507480761,05:24:40.761,bitget,ACH/USDT:USDT,0.022392,2807.0,0.0224,2807.0,0.0224,180626636.0,3937523.582422
1753507481137,05:24:41.137,bitget,ACH/USDT:USDT,0.022394,2807.0,0.0224,2807.0,0.0224,180626636.0,3937523.582422
1753507481461,05:24:41.461,bitget,ACH/USDT:USDT,0.022394,2807.0,0.0224,2807.0,0.0224,180626636.0,3937523.582422
1753507481775,05:24:41.775,bitget,ACH/USDT:USDT,0.022394,2807.0,0.0224,2807.0,0.0224,180626636.0,3937523.582422
1753507482171,05:24:42.171,bitget,ACH/USDT:USDT,0.022394,2807.0,0.0224,2807.0,0.0224,180616492.0,3937296.356822
1753507482974,05:24:42.974,bitget,ACH/USDT:USDT,0.022391,2807.0,0.0224,2807.0,0.0224,180626636.0,3937523.582422
1753507483919,05:24:43.919,bitget,ACH/USDT:USDT,0.022391,2807.0,0.0224,2807.0,0.0224,180616492.0,3937296.356822
1753507484458,05:24:44.458,bitget,ACH/USDT:USDT,0.022391,2807.0,0.0224,2807.0,0.0224,180626636.0,3937523.582422
1753507484835,05:24:44.835,bitget,ACH/USDT:USDT,0.022393,2807.0,0.0224,2807.0,0.0224,180626636.0,3937523.582422
1753507485394,05:24:45.394,bitget,ACH/USDT:USDT,0.022393,2807.0,0.0224,2807.0,0.0224,180626636.0,3937523.582422
1753507486157,05:24:46.157,bitget,ACH/USDT:USDT,0.022393,2807.0,0.0224,2807.0,0.0224,180626636.0,3937523.582422
1753507486602,05:24:46.602,bitget,ACH/USDT:USDT,0.022393,2807.0,0.0224,2807.0,0.0224,180626636.0,3937523.582422
1753507487263,05:24:47.263,bitget,ACH/USDT:USDT,0.022393,2807.0,0.0224,2807.0,0.0224,180626636.0,3937523.582422
1753507487648,05:24:47.648,bitget,ACH/USDT:USDT,0.022393,9882.0,0.0224,2807.0,0.0224,180626636.0,3937523.582422
1753507488005,05:24:48.005,bitget,ACH/USDT:USDT,0.022393,9882.0,0.0224,2807.0,0.0224,180626636.0,3937523.582422
1753507488328,05:24:48.328,bitget,ACH/USDT:USDT,0.022394,2856.0,0.0224,2807.0,0.0224,180626636.0,3937523.582422
1753507488728,05:24:48.728,bitget,ACH/USDT:USDT,0.022394,2856.0,0.0224,2807.0,0.0224,180626636.0,3937523.582422
1753507489044,05:24:49.044,bitget,ACH/USDT:USDT,0.022394,2856.0,0.0224,2807.0,0.0224,180626636.0,3937523.582422
1753507489354,05:24:49.354,bitget,ACH/USDT:USDT,0.022394,2856.0,0.0224,2807.0,0.0224,180626636.0,3937523.582422
1753507489745,05:24:49.745,bitget,ACH/USDT:USDT,0.022391,2856.0,0.0224,2807.0,0.0224,180626636.0,3937523.582422
1753507490100,05:24:50.100,bitget,ACH/USDT:USDT,0.022393,2856.0,0.0224,2807.0,0.0224,180626636.0,3937523.582422
1753507490421,05:24:50.421,bitget,ACH/USDT:USDT,0.022393,2856.0,0.0224,2807.0,0.0224,180626636.0,3937523.582422
1753507490731,05:24:50.731,bitget,ACH/USDT:USDT,0.022393,2856.0,0.0224,2807.0,0.0224,180626636.0,3937523.582422
1753507491116,05:24:51.116,bitget,ACH/USDT:USDT,0.022393,2856.0,0.0224,2807.0,0.0224,180626636.0,3937523.582422
1753507491468,05:24:51.468,bitget,ACH/USDT:USDT,0.022393,2856.0,0.0224,2807.0,0.0224,180626636.0,3937523.582422
1753507491781,05:24:51.781,bitget,ACH/USDT:USDT,0.022393,2856.0,0.0224,2807.0,0.0224,180626636.0,3937523.582422
1753507492156,05:24:52.156,bitget,ACH/USDT:USDT,0.022393,2856.0,0.0224,2807.0,0.0224,180626636.0,3937523.582422
1753507492949,05:24:52.949,bitget,ACH/USDT:USDT,0.022393,9953.0,0.0224,2807.0,0.0224,180626636.0,3937523.582422
1753507493659,05:24:53.659,bitget,ACH/USDT:USDT,0.022395,2856.0,0.0224,2807.0,0.022397,180626636.0,3937523.582422
1753507493990,05:24:53.990,bitget,ACH/USDT:USDT,0.022395,2856.0,0.0224,2807.0,0.022397,180626636.0,3937523.582422
1753507494309,05:24:54.309,bitget,ACH/USDT:USDT,0.022395,2856.0,0.0224,2807.0,0.022397,180634800.0,3937706.43153
1753507494631,05:24:54.631,bitget,ACH/USDT:USDT,0.022395,2856.0,0.0224,2807.0,0.022397,180634800.0,3937706.43153
1753507495023,05:24:55.023,bitget,ACH/USDT:USDT,0.022395,2856.0,0.0224,2807.0,0.022397,180634800.0,3937706.43153
1753507495359,05:24:55.359,bitget,ACH/USDT:USDT,0.022395,2856.0,0.0224,2807.0,0.022397,180626636.0,3937523.582422
1753507495687,05:24:55.687,bitget,ACH/USDT:USDT,0.022395,2153.0,0.022403,2856.0,0.022397,180634800.0,3937706.43153
1753507496022,05:24:56.022,bitget,ACH/USDT:USDT,0.022397,2856.0,0.022406,2833.0,0.022397,180634800.0,3937706.43153
1753507496679,05:24:56.679,bitget,ACH/USDT:USDT,0.022397,2856.0,0.022406,2833.0,0.022397,180634800.0,3937706.43153
1753507497005,05:24:57.005,bitget,ACH/USDT:USDT,0.022397,2856.0,0.022406,2833.0,0.022397,180634800.0,3937706.43153
1753507497354,05:24:57.354,bitget,ACH/USDT:USDT,0.022397,2856.0,0.022406,2833.0,0.022404,180634800.0,3937706.43153
1753507497677,05:24:57.677,bitget,ACH/USDT:USDT,0.022397,2856.0,0.022406,2833.0,0.022404,180634800.0,3937706.43153
1753507497996,05:24:57.996,bitget,ACH/USDT:USDT,0.022397,2856.0,0.022406,2833.0,0.022404,180634800.0,3937706.43153
1753507498380,05:24:58.380,bitget,ACH/USDT:USDT,0.022397,2856.0,0.022406,2833.0,0.022404,180634800.0,3937706.43153
1753507498727,05:24:58.727,bitget,ACH/USDT:USDT,0.022397,2856.0,0.022406,2833.0,0.022404,180634800.0,3937706.43153
1753507499113,05:24:59.113,bitget,ACH/USDT:USDT,0.022397,5009.0,0.022406,2833.0,0.022404,180640966.0,3937844.574594
1753507499918,05:24:59.918,bitget,ACH/USDT:USDT,0.022399,2946.0,0.022406,2833.0,0.022404,180640966.0,3937844.574594
1753507500232,05:25:00.232,bitget,ACH/USDT:USDT,0.022399,2946.0,0.022406,2833.0,0.022404,180640966.0,3937844.574594
1753507500546,05:25:00.546,bitget,ACH/USDT:USDT,0.022399,2946.0,0.022406,2833.0,0.022404,180618156.0,3937354.553466
1753507500912,05:25:00.912,bitget,ACH/USDT:USDT,0.022399,2946.0,0.022406,2833.0,0.022404,180618156.0,3937354.553466
1753507501587,05:25:01.587,bitget,ACH/USDT:USDT,0.022401,2946.0,0.022406,2833.0,0.022404,180618156.0,3937354.553466
1753507501940,05:25:01.940,bitget,ACH/USDT:USDT,0.02239,13690.0,0.022404,44599.0,0.022404,180618156.0,3937354.553466
1753507502305,05:25:02.305,bitget,ACH/USDT:USDT,0.022392,2946.0,0.022404,252.0,0.022404,180618156.0,3937354.553466
1753507502651,05:25:02.651,bitget,ACH/USDT:USDT,0.022392,2946.0,0.022402,2946.0,0.022404,180618156.0,3937354.553466
1753507502979,05:25:02.979,bitget,ACH/USDT:USDT,0.022392,2946.0,0.022402,2946.0,0.022404,180618156.0,3937354.553466
1753507503291,05:25:03.291,bitget,ACH/USDT:USDT,0.022394,2946.0,0.022402,2946.0,0.022404,180618156.0,3937354.553466
1753507503644,05:25:03.644,bitget,ACH/USDT:USDT,0.022394,2946.0,0.022402,2946.0,0.022404,180618156.0,3937354.553466
1753507503968,05:25:03.968,bitget,ACH/USDT:USDT,0.022394,2946.0,0.022402,2946.0,0.022404,180618156.0,3937354.553466
1753507504635,05:25:04.635,bitget,ACH/USDT:USDT,0.022394,2946.0,0.022402,2946.0,0.022404,180618156.0,3937354.553466
1753507505495,05:25:05.495,bitget,ACH/USDT:USDT,0.022394,2946.0,0.022402,2946.0,0.022404,180618156.0,3937354.553466
1753507505822,05:25:05.822,bitget,ACH/USDT:USDT,0.022394,2946.0,0.022404,252.0,0.022404,180618156.0,3937354.553466
1753507506173,05:25:06.173,bitget,ACH/USDT:USDT,0.022394,2946.0,0.022402,2946.0,0.022404,180618156.0,3937354.553466
1753507506499,05:25:06.499,bitget,ACH/USDT:USDT,0.022395,2385.0,0.022402,2946.0,0.022404,180618156.0,3937354.553466
1753507506815,05:25:06.815,bitget,ACH/USDT:USDT,0.022396,2946.0,0.022402,2946.0,0.022404,180618156.0,3937354.553466
1753507507153,05:25:07.153,bitget,ACH/USDT:USDT,0.022396,2946.0,0.022402,2946.0,0.022404,180618156.0,3937354.553466
1753507507519,05:25:07.519,bitget,ACH/USDT:USDT,0.022396,2946.0,0.022402,2946.0,0.022404,180618156.0,3937354.553466
1753507508009,05:25:08.009,bitget,ACH/USDT:USDT,0.022396,2946.0,0.022402,2946.0,0.022404,180618156.0,3937354.553466
1753507508765,05:25:08.765,bitget,ACH/USDT:USDT,0.022396,2946.0,0.022402,2946.0,0.022404,180618156.0,3937354.553466
1753507509421,05:25:09.421,bitget,ACH/USDT:USDT,0.022396,2946.0,0.022402,2946.0,0.022404,180618156.0,3937354.553466
1753507509829,05:25:09.829,bitget,ACH/USDT:USDT,0.022398,16902.0,0.022404,252.0,0.022404,180618156.0,3937354.553466
1753507510183,05:25:10.183,bitget,ACH/USDT:USDT,0.0224,2807.0,0.022403,2807.0,0.022404,180618156.0,3937354.553466
1753507510513,05:25:10.513,bitget,ACH/USDT:USDT,0.0224,2807.0,0.022403,2807.0,0.022404,180618156.0,3937354.553466
1753507510838,05:25:10.838,bitget,ACH/USDT:USDT,0.0224,2807.0,0.022404,252.0,0.022404,180618156.0,3937354.553466
1753507511222,05:25:11.222,bitget,ACH/USDT:USDT,0.0224,2807.0,0.022404,252.0,0.022404,180618156.0,3937354.553466
1753507511583,05:25:11.583,bitget,ACH/USDT:USDT,0.0224,2807.0,0.022404,252.0,0.022404,180618156.0,3937354.553466
1753507511894,05:25:11.894,bitget,ACH/USDT:USDT,0.0224,2807.0,0.022404,252.0,0.022404,180618156.0,3937354.553466
1753507512218,05:25:12.218,bitget,ACH/USDT:USDT,0.0224,2807.0,0.022404,3059.0,0.022404,180618156.0,3937354.553466
1753507512725,05:25:12.725,bitget,ACH/USDT:USDT,0.0224,2807.0,0.022406,2807.0,0.022404,180618156.0,3937354.553466
1753507513478,05:25:13.478,bitget,ACH/USDT:USDT,0.0224,2807.0,0.022406,2807.0,0.022404,180618156.0,3937354.553466
1753507514156,05:25:14.156,bitget,ACH/USDT:USDT,0.0224,2807.0,0.022406,2807.0,0.022404,180618156.0,3937354.553466
1753507514542,05:25:14.542,bitget,ACH/USDT:USDT,0.0224,2807.0,0.022406,2807.0,0.022404,180618156.0,3937354.553466
1753507514936,05:25:14.936,bitget,ACH/USDT:USDT,0.0224,2807.0,0.022406,2807.0,0.022404,180618156.0,3937354.553466
1753507515275,05:25:15.275,bitget,ACH/USDT:USDT,0.0224,2807.0,0.022406,2807.0,0.022404,180618156.0,3937354.553466
1753507515597,05:25:15.597,bitget,ACH/USDT:USDT,0.0224,2807.0,0.022406,2807.0,0.022404,180618156.0,3937354.553466
1753507515977,05:25:15.977,bitget,ACH/USDT:USDT,0.0224,2807.0,0.022406,2807.0,0.022403,180618156.0,3937354.553466
1753507516601,05:25:16.601,bitget,ACH/USDT:USDT,0.0224,2807.0,0.022406,2807.0,0.022403,180628934.0,3937596.013
1753507516914,05:25:16.914,bitget,ACH/USDT:USDT,0.0224,2807.0,0.022406,2807.0,0.022403,180628934.0,3937596.013
1753507517318,05:25:17.318,bitget,ACH/USDT:USDT,0.0224,2807.0,0.022406,2807.0,0.022403,180628934.0,3937596.013
1753507517691,05:25:17.691,bitget,ACH/USDT:USDT,0.0224,2807.0,0.022406,2807.0,0.022403,180628934.0,3937596.013
1753507518008,05:25:18.008,bitget,ACH/USDT:USDT,0.0224,2807.0,0.022406,2807.0,0.022403,180628934.0,3937596.013
1753507518367,05:25:18.367,bitget,ACH/USDT:USDT,0.0224,2807.0,0.022406,2807.0,0.022403,180628934.0,3937596.013
1753507518733,05:25:18.733,bitget,ACH/USDT:USDT,0.0224,2807.0,0.022406,252.0,0.022403,180628934.0,3937596.013
1753507519056,05:25:19.056,bitget,ACH/USDT:USDT,0.0224,2807.0,0.022404,2821.0,0.022403,180628934.0,3937596.013
1753507519671,05:25:19.671,bitget,ACH/USDT:USDT,0.0224,2807.0,0.022404,2821.0,0.022403,180628934.0,3937596.013
1753507520068,05:25:20.068,bitget,ACH/USDT:USDT,0.0224,2807.0,0.022404,2821.0,0.022403,180628934.0,3937596.013
1753507520433,05:25:20.433,bitget,ACH/USDT:USDT,0.022397,2821.0,0.022404,2821.0,0.022403,180628934.0,3937596.013
1753507520740,05:25:20.740,bitget,ACH/USDT:USDT,0.022397,2821.0,0.022404,2821.0,0.022403,180628934.0,3937596.013
1753507521062,05:25:21.062,bitget,ACH/USDT:USDT,0.022397,2821.0,0.022404,2821.0,0.022403,180628934.0,3937596.013
1753507521461,05:25:21.461,bitget,ACH/USDT:USDT,0.022397,2821.0,0.022404,2821.0,0.022403,180618156.0,3937354.553466
1753507521995,05:25:21.995,bitget,ACH/USDT:USDT,0.022397,2821.0,0.022404,2821.0,0.022403,180628934.0,3937596.013
1753507522398,05:25:22.398,bitget,ACH/USDT:USDT,0.022396,2568.0,0.022404,2821.0,0.022403,180628934.0,3937596.013
1753507522759,05:25:22.759,bitget,ACH/USDT:USDT,0.022396,2821.0,0.022404,2821.0,0.022403,180628934.0,3937596.013
1753507523073,05:25:23.073,bitget,ACH/USDT:USDT,0.022396,2821.0,0.022404,2821.0,0.022403,180628934.0,3937596.013
1753507523396,05:25:23.396,bitget,ACH/USDT:USDT,0.022396,2821.0,0.022404,2821.0,0.022403,180628934.0,3937596.013
1753507523750,05:25:23.750,bitget,ACH/USDT:USDT,0.022396,2821.0,0.022404,2821.0,0.022403,180628934.0,3937596.013
1753507524065,05:25:24.065,bitget,ACH/USDT:USDT,0.022396,2821.0,0.022404,2821.0,0.022403,180628934.0,3937596.013
1753507524375,05:25:24.375,bitget,ACH/USDT:USDT,0.022396,2821.0,0.022404,2821.0,0.022403,180628934.0,3937596.013
1753507524692,05:25:24.692,bitget,ACH/USDT:USDT,0.022396,2821.0,0.022404,2821.0,0.022403,180628934.0,3937596.013
1753507525061,05:25:25.061,bitget,ACH/USDT:USDT,0.022396,2821.0,0.022404,2821.0,0.022403,180628934.0,3937596.013
1753507525400,05:25:25.400,bitget,ACH/USDT:USDT,0.022396,2821.0,0.022404,2821.0,0.022403,180628934.0,3937596.013
1753507525754,05:25:25.754,bitget,ACH/USDT:USDT,0.022396,2821.0,0.022404,2821.0,0.022403,180628934.0,3937596.013
1753507526084,05:25:26.084,bitget,ACH/USDT:USDT,0.022396,2821.0,0.022404,2821.0,0.022403,180628934.0,3937596.013
1753507526429,05:25:26.429,bitget,ACH/USDT:USDT,0.022396,2821.0,0.022404,2821.0,0.022403,180628934.0,3937596.013
1753507526741,05:25:26.741,bitget,ACH/USDT:USDT,0.022396,2821.0,0.022404,2821.0,0.022403,180628934.0,3937596.013
1753507527066,05:25:27.066,bitget,ACH/USDT:USDT,0.022396,2821.0,0.022404,2821.0,0.022403,180628934.0,3937596.013
1753507527451,05:25:27.451,bitget,ACH/USDT:USDT,0.022396,2821.0,0.022404,2821.0,0.022403,180628934.0,3937596.013
1753507527802,05:25:27.802,bitget,ACH/USDT:USDT,0.022396,2821.0,0.022404,2821.0,0.022403,180628934.0,3937596.013
1753507528114,05:25:28.114,bitget,ACH/USDT:USDT,0.022396,2821.0,0.022404,2821.0,0.022403,180628934.0,3937596.013
1753507528435,05:25:28.435,bitget,ACH/USDT:USDT,0.022396,2821.0,0.022404,2821.0,0.022403,180628934.0,3937596.013
1753507528798,05:25:28.798,bitget,ACH/USDT:USDT,0.022396,2821.0,0.022404,2821.0,0.022403,180628934.0,3937596.013
1753507529107,05:25:29.107,bitget,ACH/USDT:USDT,0.022396,2821.0,0.022404,2821.0,0.022403,180628934.0,3937596.013
1753507529419,05:25:29.419,bitget,ACH/USDT:USDT,0.022396,2821.0,0.022404,2821.0,0.022403,180628934.0,3937596.013
1753507530132,05:25:30.132,bitget,ACH/USDT:USDT,0.022396,2821.0,0.022404,2821.0,0.022403,180628934.0,3937596.013
1753507530475,05:25:30.475,bitget,ACH/USDT:USDT,0.022396,2821.0,0.022404,2821.0,0.022403,180628934.0,3937596.013
1753507530789,05:25:30.789,bitget,ACH/USDT:USDT,0.022396,2821.0,0.022404,2821.0,0.022402,180628934.0,3937596.013
1753507531133,05:25:31.133,bitget,ACH/USDT:USDT,0.022396,2821.0,0.022404,2821.0,0.022402,180628934.0,3937596.013
1753507531520,05:25:31.520,bitget,ACH/USDT:USDT,0.022396,2821.0,0.022404,2821.0,0.022402,180638774.0,3937816.44868
1753507531886,05:25:31.886,bitget,ACH/USDT:USDT,0.022396,2821.0,0.022404,2821.0,0.022402,180638774.0,3937816.44868
1753507532267,05:25:32.267,bitget,ACH/USDT:USDT,0.022396,2821.0,0.022404,2821.0,0.022402,180638774.0,3937816.44868
1753507532862,05:25:32.862,bitget,ACH/USDT:USDT,0.022396,2821.0,0.022404,2821.0,0.022402,180638774.0,3937816.44868
1753507533515,05:25:33.515,bitget,ACH/USDT:USDT,0.022396,2821.0,0.022404,2821.0,0.022402,180638774.0,3937816.44868
1753507533866,05:25:33.866,bitget,ACH/USDT:USDT,0.022396,2821.0,0.022404,2821.0,0.022402,180638774.0,3937816.44868
1753507534195,05:25:34.195,bitget,ACH/USDT:USDT,0.022396,2821.0,0.022404,2821.0,0.022402,180638774.0,3937816.44868
1753507534507,05:25:34.507,bitget,ACH/USDT:USDT,0.022396,2821.0,0.022404,2821.0,0.022402,180638774.0,3937816.44868
1753507534829,05:25:34.829,bitget,ACH/USDT:USDT,0.022396,2821.0,0.022404,2821.0,0.022402,180638774.0,3937816.44868
1753507535424,05:25:35.424,bitget,ACH/USDT:USDT,0.022396,2821.0,0.022404,2821.0,0.022402,180638774.0,3937816.44868
1753507536053,05:25:36.053,bitget,ACH/USDT:USDT,0.022396,2821.0,0.022404,2821.0,0.022402,180638774.0,3937816.44868
1753507536394,05:25:36.394,bitget,ACH/USDT:USDT,0.022396,2821.0,0.022404,2821.0,0.022402,180638774.0,3937816.44868
1753507536730,05:25:36.730,bitget,ACH/USDT:USDT,0.022396,2821.0,0.022404,2821.0,0.022402,180638774.0,3937816.44868
1753507537047,05:25:37.047,bitget,ACH/USDT:USDT,0.022396,2821.0,0.022404,2821.0,0.022402,180638774.0,3937816.44868
1753507537374,05:25:37.374,bitget,ACH/USDT:USDT,0.022396,2821.0,0.022404,2821.0,0.022402,180638774.0,3937816.44868
1753507537773,05:25:37.773,bitget,ACH/USDT:USDT,0.022396,2821.0,0.022404,2821.0,0.022402,180638774.0,3937816.44868
1753507538276,05:25:38.276,bitget,ACH/USDT:USDT,0.022396,2821.0,0.022404,2821.0,0.022402,180638774.0,3937816.44868
1753507539074,05:25:39.074,bitget,ACH/USDT:USDT,0.022396,2821.0,0.022404,2821.0,0.022402,180638774.0,3937816.44868
1753507540106,05:25:40.106,bitget,ACH/USDT:USDT,0.022396,2821.0,0.022404,2821.0,0.022402,180638774.0,3937816.44868
1753507541231,05:25:41.231,bitget,ACH/USDT:USDT,0.022396,2821.0,0.022404,2821.0,0.022402,180638774.0,3937816.44868
1753507541548,05:25:41.548,bitget,ACH/USDT:USDT,0.022396,2821.0,0.022404,2821.0,0.022402,180638774.0,3937816.44868
1753507541884,05:25:41.884,bitget,ACH/USDT:USDT,0.022396,2821.0,0.022404,2821.0,0.022402,180638774.0,3937816.44868
1753507542195,05:25:42.195,bitget,ACH/USDT:USDT,0.022396,2821.0,0.022404,2821.0,0.022402,180638774.0,3937816.44868
1753507542571,05:25:42.571,bitget,ACH/USDT:USDT,0.022396,2821.0,0.022404,2821.0,0.022402,180638774.0,3937816.44868
1753507543443,05:25:43.443,bitget,ACH/USDT:USDT,0.022396,2821.0,0.022404,2821.0,0.022402,180638774.0,3937816.44868
1753507543755,05:25:43.755,bitget,ACH/USDT:USDT,0.022396,2821.0,0.022404,2821.0,0.022402,180638774.0,3937816.44868
1753507544410,05:25:44.410,bitget,ACH/USDT:USDT,0.022396,2821.0,0.022404,2821.0,0.022402,180638774.0,3937816.44868
1753507544723,05:25:44.723,bitget,ACH/USDT:USDT,0.022396,2821.0,0.022404,2821.0,0.022402,180638774.0,3937816.44868
1753507545044,05:25:45.044,bitget,ACH/USDT:USDT,0.022396,2821.0,0.022404,2821.0,0.022402,180638774.0,3937816.44868
1753507545488,05:25:45.488,bitget,ACH/USDT:USDT,0.022396,2821.0,0.022404,2821.0,0.022402,180638774.0,3937816.44868
1753507545906,05:25:45.906,bitget,ACH/USDT:USDT,0.022396,2569.0,0.022404,2821.0,0.022396,180648472.0,3938033.703276
1753507546218,05:25:46.218,bitget,ACH/USDT:USDT,0.022396,2569.0,0.022404,2821.0,0.022396,180648472.0,3938033.703276
1753507546593,05:25:46.593,bitget,ACH/USDT:USDT,0.022396,2569.0,0.022404,2821.0,0.022396,180638774.0,3937816.44868
1753507547229,05:25:47.229,bitget,ACH/USDT:USDT,0.022396,2569.0,0.022404,2821.0,0.022396,180648976.0,3938044.99086
1753507547540,05:25:47.540,bitget,ACH/USDT:USDT,0.022396,2569.0,0.022404,2821.0,0.022396,180648976.0,3938044.99086
1753507548334,05:25:48.334,bitget,ACH/USDT:USDT,0.022396,2569.0,0.022404,2821.0,0.022396,180648976.0,3938044.99086
1753507548677,05:25:48.677,bitget,ACH/USDT:USDT,0.022396,2569.0,0.022404,2821.0,0.022396,180648976.0,3938044.99086
1753507549317,05:25:49.317,bitget,ACH/USDT:USDT,0.022396,2569.0,0.022404,2821.0,0.022396,180648976.0,3938044.99086
1753507549670,05:25:49.670,bitget,ACH/USDT:USDT,0.022396,2569.0,0.022404,2821.0,0.022396,180648976.0,3938044.99086
1753507549981,05:25:49.981,bitget,ACH/USDT:USDT,0.022396,2569.0,0.022404,2821.0,0.022396,180648976.0,3938044.99086
1753507550326,05:25:50.326,bitget,ACH/USDT:USDT,0.022396,2569.0,0.022404,2821.0,0.022396,180648976.0,3938044.99086
1753507550788,05:25:50.788,bitget,ACH/USDT:USDT,0.022396,2569.0,0.022404,2821.0,0.022396,180648472.0,3938033.703276
1753507551337,05:25:51.337,bitget,ACH/USDT:USDT,0.022396,2569.0,0.022404,2821.0,0.022396,180648976.0,3938044.99086
1753507551662,05:25:51.662,bitget,ACH/USDT:USDT,0.022396,2569.0,0.022404,2821.0,0.022396,180648976.0,3938044.99086
1753507552000,05:25:52.000,bitget,ACH/USDT:USDT,0.022396,2569.0,0.022406,2873.0,0.022396,180648976.0,3938044.99086
1753507552340,05:25:52.340,bitget,ACH/USDT:USDT,0.022396,2569.0,0.022406,2873.0,0.022396,180648976.0,3938044.99086
1753507552652,05:25:52.652,bitget,ACH/USDT:USDT,0.022398,13380.0,0.022406,2873.0,0.022396,180648976.0,3938044.99086
1753507553036,05:25:53.036,bitget,ACH/USDT:USDT,0.022398,13380.0,0.022409,16213.0,0.022396,180648976.0,3938044.99086
1753507553427,05:25:53.427,bitget,ACH/USDT:USDT,0.022398,13380.0,0.022407,2873.0,0.022396,180648976.0,3938044.99086
1753507553813,05:25:53.813,bitget,ACH/USDT:USDT,0.022398,13380.0,0.022407,2873.0,0.022396,180648976.0,3938044.99086
1753507554128,05:25:54.128,bitget,ACH/USDT:USDT,0.022398,13380.0,0.02241,44599.0,0.022396,180648976.0,3938044.99086
1753507554458,05:25:54.458,bitget,ACH/USDT:USDT,0.022398,13380.0,0.022407,2873.0,0.022396,180648976.0,3938044.99086
1753507554789,05:25:54.789,bitget,ACH/USDT:USDT,0.022398,13380.0,0.022407,2873.0,0.022396,180648976.0,3938044.99086
1753507555108,05:25:55.108,bitget,ACH/USDT:USDT,0.022398,13380.0,0.022407,2873.0,0.022402,180648976.0,3938044.99086
1753507555440,05:25:55.440,bitget,ACH/USDT:USDT,0.022398,13380.0,0.022407,2873.0,0.022402,180648976.0,3938044.99086
1753507555796,05:25:55.796,bitget,ACH/USDT:USDT,0.022398,13380.0,0.022407,2873.0,0.022402,180648976.0,3938044.99086
1753507556171,05:25:56.171,bitget,ACH/USDT:USDT,0.022398,13380.0,0.022408,2873.0,0.022402,180664376.0,3938389.98166
1753507556481,05:25:56.481,bitget,ACH/USDT:USDT,0.022398,19007.0,0.022408,2873.0,0.022402,180664376.0,3938389.98166
1753507556818,05:25:56.818,bitget,ACH/USDT:USDT,0.022398,19007.0,0.022408,2873.0,0.022402,180664376.0,3938389.98166
1753507557520,05:25:57.520,bitget,ACH/USDT:USDT,0.022398,19007.0,0.022408,2873.0,0.022402,180664376.0,3938389.98166
1753507557850,05:25:57.850,bitget,ACH/USDT:USDT,0.022398,19007.0,0.022408,2873.0,0.022402,180648976.0,3938044.99086
1753507558400,05:25:58.400,bitget,ACH/USDT:USDT,0.022398,19007.0,0.022408,2873.0,0.022402,180664376.0,3938389.98166
1753507559280,05:25:59.280,bitget,ACH/USDT:USDT,0.022399,2823.0,0.022408,2873.0,0.022402,180664376.0,3938389.98166
1753507559629,05:25:59.629,bitget,ACH/USDT:USDT,0.022399,2823.0,0.022408,2873.0,0.022402,180664376.0,3938389.98166
1753507559939,05:25:59.939,bitget,ACH/USDT:USDT,0.022399,2823.0,0.022408,2873.0,0.022402,180664376.0,3938389.98166
1753507560259,05:26:00.259,bitget,ACH/USDT:USDT,0.0224,3315.0,0.022408,2873.0,0.022402,180664376.0,3938389.98166
1753507560705,05:26:00.705,bitget,ACH/USDT:USDT,0.0224,5214.0,0.022408,2873.0,0.022402,180664376.0,3938389.98166
1753507561153,05:26:01.153,bitget,ACH/USDT:USDT,0.022401,6439.0,0.022408,2873.0,0.022402,180636710.0,3937795.627358
1753507562018,05:26:02.018,bitget,ACH/USDT:USDT,0.022401,2823.0,0.022408,2873.0,0.022402,180636710.0,3937795.627358
1753507562366,05:26:02.366,bitget,ACH/USDT:USDT,0.022401,2823.0,0.022408,2873.0,0.022402,180636710.0,3937795.627358
1753507562713,05:26:02.713,bitget,ACH/USDT:USDT,0.022401,2823.0,0.022408,2873.0,0.022402,180636710.0,3937795.627358
1753507563045,05:26:03.045,bitget,ACH/USDT:USDT,0.022401,2823.0,0.022408,2873.0,0.022402,180636710.0,3937795.627358
1753507563571,05:26:03.571,bitget,ACH/USDT:USDT,0.022401,2823.0,0.022408,2873.0,0.022402,180664376.0,3938389.98166
1753507564249,05:26:04.249,bitget,ACH/USDT:USDT,0.022401,2823.0,0.022408,2873.0,0.022402,180664376.0,3938389.98166
1753507564975,05:26:04.975,bitget,ACH/USDT:USDT,0.022401,2823.0,0.022408,2873.0,0.022407,180636710.0,3937795.627358
1753507565504,05:26:05.504,bitget,ACH/USDT:USDT,0.022396,2569.0,0.022408,2873.0,0.022407,180642280.0,3937920.434348
1753507566496,05:26:06.496,bitget,ACH/USDT:USDT,0.022396,2569.0,0.022408,2873.0,0.022407,180636710.0,3937795.627358
1753507566920,05:26:06.920,bitget,ACH/USDT:USDT,0.022397,8216.0,0.022408,2873.0,0.022407,180636710.0,3937795.627358
1753507567346,05:26:07.346,bitget,ACH/USDT:USDT,0.022397,8216.0,0.022408,2873.0,0.022407,180636710.0,3937795.627358
1753507567819,05:26:07.819,bitget,ACH/USDT:USDT,0.022397,8216.0,0.022408,2873.0,0.022407,180636710.0,3937795.627358
1753507568283,05:26:08.283,bitget,ACH/USDT:USDT,0.022397,8216.0,0.022408,2873.0,0.022407,180642280.0,3937920.434348
1753507568675,05:26:08.675,bitget,ACH/USDT:USDT,0.022397,8216.0,0.022408,2873.0,0.022407,180642280.0,3937920.434348
1753507568989,05:26:08.989,bitget,ACH/USDT:USDT,0.022397,8216.0,0.022408,2873.0,0.022407,180642280.0,3937920.434348
1753507569304,05:26:09.304,bitget,ACH/USDT:USDT,0.022397,8216.0,0.022408,2873.0,0.022407,180642280.0,3937920.434348
1753507569660,05:26:09.660,bitget,ACH/USDT:USDT,0.022397,8216.0,0.022408,2873.0,0.022407,180642280.0,3937920.434348
1753507569998,05:26:09.998,bitget,ACH/USDT:USDT,0.022397,8216.0,0.022408,2873.0,0.022407,180642280.0,3937920.434348
1753507570316,05:26:10.316,bitget,ACH/USDT:USDT,0.022397,8216.0,0.022406,2927.0,0.022407,180642280.0,3937920.434348
1753507570642,05:26:10.642,bitget,ACH/USDT:USDT,0.022397,8216.0,0.022406,2927.0,0.022407,180642280.0,3937920.434348
1753507571054,05:26:11.054,bitget,ACH/USDT:USDT,0.022397,8216.0,0.022406,2927.0,0.022407,180642280.0,3937920.434348
1753507571367,05:26:11.367,bitget,ACH/USDT:USDT,0.022397,8216.0,0.022406,2927.0,0.022407,180642280.0,3937920.434348
1753507571688,05:26:11.688,bitget,ACH/USDT:USDT,0.022397,8216.0,0.022406,2927.0,0.022407,180642280.0,3937920.434348
1753507572027,05:26:12.027,bitget,ACH/USDT:USDT,0.022397,8216.0,0.022406,2927.0,0.022407,180642280.0,3937920.434348
1753507572666,05:26:12.666,bitget,ACH/USDT:USDT,0.022397,8216.0,0.022406,2927.0,0.022407,180642280.0,3937920.434348
1753507572989,05:26:12.989,bitget,ACH/USDT:USDT,0.022397,8216.0,0.022406,2927.0,0.022407,180642280.0,3937920.434348
1753507573452,05:26:13.452,bitget,ACH/USDT:USDT,0.022397,8216.0,0.022406,2927.0,0.022407,180642280.0,3937920.434348
1753507574195,05:26:14.195,bitget,ACH/USDT:USDT,0.022397,8216.0,0.022406,2927.0,0.022407,180642280.0,3937920.434348
1753507574873,05:26:14.873,bitget,ACH/USDT:USDT,0.022397,8216.0,0.022406,2927.0,0.022407,180642280.0,3937920.434348
1753507575205,05:26:15.205,bitget,ACH/USDT:USDT,0.022397,5393.0,0.022406,2927.0,0.022407,180642280.0,3937920.434348
1753507575535,05:26:15.535,bitget,ACH/USDT:USDT,0.022394,2927.0,0.022406,2927.0,0.022402,180642280.0,3937920.434348
1753507576064,05:26:16.064,bitget,ACH/USDT:USDT,0.022394,2927.0,0.022406,2927.0,0.022402,180642280.0,3937920.434348
1753507576375,05:26:16.375,bitget,ACH/USDT:USDT,0.022394,2927.0,0.022406,2927.0,0.022402,180642280.0,3937920.434348
1753507576701,05:26:16.701,bitget,ACH/USDT:USDT,0.022394,2927.0,0.022406,2927.0,0.022402,180642280.0,3937920.434348
1753507577093,05:26:17.093,bitget,ACH/USDT:USDT,0.022394,2927.0,0.022406,2927.0,0.022402,180655298.0,3938212.063584
1753507577413,05:26:17.413,bitget,ACH/USDT:USDT,0.022394,2927.0,0.022406,2927.0,0.022402,180655298.0,3938212.063584
1753507577742,05:26:17.742,bitget,ACH/USDT:USDT,0.022396,13380.0,0.022406,2927.0,0.022402,180655298.0,3938212.063584
1753507578086,05:26:18.086,bitget,ACH/USDT:USDT,0.022396,13380.0,0.022406,2927.0,0.022402,180655298.0,3938212.063584
1753507578596,05:26:18.596,bitget,ACH/USDT:USDT,0.022396,13380.0,0.022406,2927.0,0.022402,180655298.0,3938212.063584
1753507579261,05:26:19.261,bitget,ACH/USDT:USDT,0.022396,13380.0,0.022406,2927.0,0.022402,180642280.0,3937920.434348
1753507579687,05:26:19.687,bitget,ACH/USDT:USDT,0.022396,13380.0,0.022406,2927.0,0.022402,180655298.0,3938212.063584
1753507579999,05:26:19.999,bitget,ACH/USDT:USDT,0.022396,13380.0,0.022406,2927.0,0.022402,180655298.0,3938212.063584
1753507580333,05:26:20.333,bitget,ACH/USDT:USDT,0.022396,13380.0,0.022406,2927.0,0.022402,180655298.0,3938212.063584
1753507580752,05:26:20.752,bitget,ACH/USDT:USDT,0.022396,13380.0,0.022412,3912.0,0.022402,180655298.0,3938212.063584
1753507581150,05:26:21.150,bitget,ACH/USDT:USDT,0.022396,13380.0,0.02241,2842.0,0.022402,180655298.0,3938212.063584
1753507581477,05:26:21.477,bitget,ACH/USDT:USDT,0.022396,13380.0,0.022412,3912.0,0.022402,180655298.0,3938212.063584
1753507581846,05:26:21.846,bitget,ACH/USDT:USDT,0.022396,13380.0,0.022407,2842.0,0.022402,180655298.0,3938212.063584
1753507582188,05:26:22.188,bitget,ACH/USDT:USDT,0.022396,13380.0,0.022407,2842.0,0.022402,180655298.0,3938212.063584
1753507582516,05:26:22.516,bitget,ACH/USDT:USDT,0.022396,13380.0,0.022407,2842.0,0.022402,180655298.0,3938212.063584
1753507582842,05:26:22.842,bitget,ACH/USDT:USDT,0.022396,13380.0,0.022407,2842.0,0.022402,180655298.0,3938212.063584
1753507583216,05:26:23.216,bitget,ACH/USDT:USDT,0.022396,13380.0,0.022407,2842.0,0.022402,180655298.0,3938212.063584
1753507583568,05:26:23.568,bitget,ACH/USDT:USDT,0.022396,13380.0,0.022407,2842.0,0.022402,180655298.0,3938212.063584
1753507583879,05:26:23.879,bitget,ACH/USDT:USDT,0.022396,13380.0,0.022407,2842.0,0.022402,180655298.0,3938212.063584
1753507584199,05:26:24.199,bitget,ACH/USDT:USDT,0.022396,13380.0,0.02241,2842.0,0.022402,180655298.0,3938212.063584
1753507584602,05:26:24.602,bitget,ACH/USDT:USDT,0.022396,13380.0,0.02241,2842.0,0.022402,180655298.0,3938212.063584
1753507585249,05:26:25.249,bitget,ACH/USDT:USDT,0.022396,13380.0,0.02241,2842.0,0.022406,180655298.0,3938212.063584
1753507585672,05:26:25.672,bitget,ACH/USDT:USDT,0.022396,13380.0,0.02241,2842.0,0.022406,180655298.0,3938212.063584
1753507586042,05:26:26.042,bitget,ACH/USDT:USDT,0.022396,13380.0,0.02241,2842.0,0.022406,180664148.0,3938410.356684
1753507586376,05:26:26.376,bitget,ACH/USDT:USDT,0.022396,16668.0,0.02241,2842.0,0.022406,180664148.0,3938410.356684
1753507586698,05:26:26.698,bitget,ACH/USDT:USDT,0.022394,2927.0,0.022407,2842.0,0.022406,180664148.0,3938410.356684
1753507587154,05:26:27.154,bitget,ACH/USDT:USDT,0.022394,5160.0,0.022407,2842.0,0.022406,180664148.0,3938410.356684
1753507587479,05:26:27.479,bitget,ACH/USDT:USDT,0.022394,5160.0,0.022407,2842.0,0.022406,180664148.0,3938410.356684
1753507587808,05:26:27.808,bitget,ACH/USDT:USDT,0.022396,13380.0,0.022407,2842.0,0.022406,180664148.0,3938410.356684
1753507588298,05:26:28.298,bitget,ACH/USDT:USDT,0.022396,13380.0,0.022407,2842.0,0.022406,180664148.0,3938410.356684
1753507588934,05:26:28.934,bitget,ACH/USDT:USDT,0.022396,13380.0,0.022407,2842.0,0.022406,180664148.0,3938410.356684
1753507589257,05:26:29.257,bitget,ACH/USDT:USDT,0.022396,13380.0,0.022407,2842.0,0.022406,180664148.0,3938410.356684
1753507589641,05:26:29.641,bitget,ACH/USDT:USDT,0.022394,2927.0,0.022407,2842.0,0.022403,180655298.0,3938212.063584
1753507590300,05:26:30.300,bitget,ACH/USDT:USDT,0.022394,2927.0,0.022407,2842.0,0.022403,180669178.0,3938523.043774
1753507591159,05:26:31.159,bitget,ACH/USDT:USDT,0.022394,2927.0,0.022407,2842.0,0.022403,180669178.0,3938523.043774
1753507591478,05:26:31.478,bitget,ACH/USDT:USDT,0.022394,2927.0,0.022407,2842.0,0.022403,180669178.0,3938523.043774
1753507591848,05:26:31.848,bitget,ACH/USDT:USDT,0.022394,2927.0,0.022407,2842.0,0.022403,180669178.0,3938523.043774
1753507592235,05:26:32.235,bitget,ACH/USDT:USDT,0.022394,2927.0,0.022407,2842.0,0.022403,180669178.0,3938523.043774
1753507592585,05:26:32.585,bitget,ACH/USDT:USDT,0.022394,2927.0,0.022407,2842.0,0.022403,180669178.0,3938523.043774
1753507592904,05:26:32.904,bitget,ACH/USDT:USDT,0.022394,2927.0,0.022407,2842.0,0.022403,180669178.0,3938523.043774
1753507593307,05:26:33.307,bitget,ACH/USDT:USDT,0.022394,2927.0,0.022407,2842.0,0.022403,180669178.0,3938523.043774
1753507594112,05:26:34.112,bitget,ACH/USDT:USDT,0.022394,2927.0,0.022407,2842.0,0.022403,180664148.0,3938410.356684
1753507594615,05:26:34.615,bitget,ACH/USDT:USDT,0.022394,2927.0,0.022407,2842.0,0.022403,180669178.0,3938523.043774
1753507595024,05:26:35.024,bitget,ACH/USDT:USDT,0.022394,2927.0,0.022407,2842.0,0.022403,180669178.0,3938523.043774
1753507595348,05:26:35.348,bitget,ACH/USDT:USDT,0.022394,2927.0,0.022407,2842.0,0.022403,180669178.0,3938523.043774
1753507595657,05:26:35.657,bitget,ACH/USDT:USDT,0.022394,2927.0,0.022407,2842.0,0.022403,180669178.0,3938523.043774
1753507596041,05:26:36.041,bitget,ACH/USDT:USDT,0.022394,2927.0,0.022407,2842.0,0.022403,180669178.0,3938523.043774
1753507596397,05:26:36.397,bitget,ACH/USDT:USDT,0.022394,2927.0,0.022407,2842.0,0.022403,180669178.0,3938523.043774
1753507596714,05:26:36.714,bitget,ACH/USDT:USDT,0.022394,2927.0,0.022407,2842.0,0.022403,180669178.0,3938523.043774
1753507597029,05:26:37.029,bitget,ACH/USDT:USDT,0.022394,2927.0,0.022407,2842.0,0.022403,180669178.0,3938523.043774
1753507597363,05:26:37.363,bitget,ACH/USDT:USDT,0.022394,2927.0,0.022407,2842.0,0.022403,180669178.0,3938523.043774
1753507597685,05:26:37.685,bitget,ACH/USDT:USDT,0.022394,2927.0,0.022407,2842.0,0.022403,180669178.0,3938523.043774
1753507598339,05:26:38.339,bitget,ACH/USDT:USDT,0.022394,2927.0,0.022407,2842.0,0.022403,180669178.0,3938523.043774
1753507598687,05:26:38.687,bitget,ACH/USDT:USDT,0.022394,2927.0,0.022407,2842.0,0.022403,180669178.0,3938523.043774
1753507599001,05:26:39.001,bitget,ACH/USDT:USDT,0.022394,2927.0,0.022407,2842.0,0.022403,180669178.0,3938523.043774
1753507599320,05:26:39.320,bitget,ACH/USDT:USDT,0.022394,2927.0,0.022407,2842.0,0.022403,180669178.0,3938523.043774
