timestamp,time,exchange,symbol,bid,bidVolume,ask,askVolume,lastPrice,baseVolume,quoteVolume
1753504791893,04:39:51.893,bitget,ACH/USDT:USDT,0.02239,14618.0,0.022391,5668.0,0.022379,183355516.0,3994699.545052
1753504792435,04:39:52.435,bitget,ACH/USDT:USDT,0.02239,11811.0,0.022391,5668.0,0.022379,183355516.0,3994699.545052
1753504792762,04:39:52.762,bitget,ACH/USDT:USDT,0.022389,11811.0,0.022391,5668.0,0.022379,183355516.0,3994699.545052
1753504794822,04:39:54.822,bitget,ACH/USDT:USDT,0.02239,11811.0,0.022391,8475.0,0.022379,183355516.0,3994699.545052
1753504795145,04:39:55.145,bitget,ACH/USDT:USDT,0.02239,11811.0,0.022391,5668.0,0.022379,183355516.0,3994699.545052
1753504795521,04:39:55.521,bitget,ACH/USDT:USDT,0.02239,14618.0,0.022391,5668.0,0.022379,183355516.0,3994699.545052
1753504795849,04:39:55.849,bitget,ACH/USDT:USDT,0.02239,14618.0,0.022391,5668.0,0.022379,183355516.0,3994699.545052
1753504796171,04:39:56.171,bitget,ACH/USDT:USDT,0.02239,13376.0,0.022391,8475.0,0.022379,183355516.0,3994699.545052
1753504796542,04:39:56.542,bitget,ACH/USDT:USDT,0.02239,13376.0,0.022391,5668.0,0.022379,183355516.0,3994699.545052
1753504796907,04:39:56.907,bitget,ACH/USDT:USDT,0.02239,13376.0,0.022391,5668.0,0.022379,183355516.0,3994699.545052
1753504797226,04:39:57.226,bitget,ACH/USDT:USDT,0.02239,16262.0,0.022391,5668.0,0.022379,183355516.0,3994699.545052
1753504797542,04:39:57.542,bitget,ACH/USDT:USDT,0.02239,16262.0,0.022391,5668.0,0.022379,183355516.0,3994699.545052
1753504797922,04:39:57.922,bitget,ACH/USDT:USDT,0.02239,16262.0,0.022391,5668.0,0.022379,183355516.0,3994699.545052
1753504798272,04:39:58.272,bitget,ACH/USDT:USDT,0.02239,16262.0,0.022391,5668.0,0.022379,183355516.0,3994699.545052
1753504798585,04:39:58.585,bitget,ACH/USDT:USDT,0.02239,16262.0,0.022391,5668.0,0.022379,183355516.0,3994699.545052
1753504798911,04:39:58.911,bitget,ACH/USDT:USDT,0.02239,13376.0,0.022391,8554.0,0.022379,183355516.0,3994699.545052
1753504799287,04:39:59.287,bitget,ACH/USDT:USDT,0.02239,13376.0,0.022391,8554.0,0.022379,183355516.0,3994699.545052
1753504799660,04:39:59.660,bitget,ACH/USDT:USDT,0.02239,13376.0,0.022391,8554.0,0.022379,183355516.0,3994699.545052
1753504799987,04:39:59.987,bitget,ACH/USDT:USDT,0.02239,13376.0,0.022391,8554.0,0.022379,183355516.0,3994699.545052
1753504800995,04:40:00.995,bitget,ACH/USDT:USDT,0.02239,13376.0,0.022391,8554.0,0.022379,183332366.0,3994201.059028
1753504801694,04:40:01.694,bitget,ACH/USDT:USDT,0.02239,13376.0,0.022391,8554.0,0.022379,183355516.0,3994699.545052
1753504802247,04:40:02.247,bitget,ACH/USDT:USDT,0.02239,13376.0,0.022391,8554.0,0.022379,183332366.0,3994201.059028
1753504803071,04:40:03.071,bitget,ACH/USDT:USDT,0.022389,11811.0,0.02239,2886.0,0.022379,183332366.0,3994201.059028
1753504803438,04:40:03.438,bitget,ACH/USDT:USDT,0.022389,11811.0,0.02239,2886.0,0.022379,183332366.0,3994201.059028
1753504803765,04:40:03.765,bitget,ACH/USDT:USDT,0.022389,11811.0,0.02239,2886.0,0.022379,183332366.0,3994201.059028
1753504804077,04:40:04.077,bitget,ACH/USDT:USDT,0.022389,11811.0,0.02239,2886.0,0.022379,183332366.0,3994201.059028
1753504804418,04:40:04.418,bitget,ACH/USDT:USDT,0.022389,11811.0,0.02239,2886.0,0.022379,183332366.0,3994201.059028
1753504804899,04:40:04.899,bitget,ACH/USDT:USDT,0.022389,11811.0,0.02239,2886.0,0.022379,183332366.0,3994201.059028
1753504805524,04:40:05.524,bitget,ACH/USDT:USDT,0.02239,11811.0,0.022391,5668.0,0.022379,183332366.0,3994201.059028
1753504805874,04:40:05.874,bitget,ACH/USDT:USDT,0.02239,11811.0,0.022391,8554.0,0.022379,183332366.0,3994201.059028
1753504806191,04:40:06.191,bitget,ACH/USDT:USDT,0.02239,11811.0,0.022391,8554.0,0.022379,183332366.0,3994201.059028
1753504806523,04:40:06.523,bitget,ACH/USDT:USDT,0.02239,11811.0,0.022391,8554.0,0.022379,183332366.0,3994201.059028
1753504806906,04:40:06.906,bitget,ACH/USDT:USDT,0.02239,11811.0,0.022391,8554.0,0.022379,183332366.0,3994201.059028
1753504807260,04:40:07.260,bitget,ACH/USDT:USDT,0.02239,11811.0,0.022391,8554.0,0.022379,183332366.0,3994201.059028
1753504807575,04:40:07.575,bitget,ACH/USDT:USDT,0.02239,11811.0,0.022391,8554.0,0.022379,183332366.0,3994201.059028
1753504807888,04:40:07.888,bitget,ACH/USDT:USDT,0.02239,11811.0,0.022391,8554.0,0.022379,183332366.0,3994201.059028
1753504808233,04:40:08.233,bitget,ACH/USDT:USDT,0.02239,11811.0,0.022391,8554.0,0.022379,183332366.0,3994201.059028
1753504808565,04:40:08.565,bitget,ACH/USDT:USDT,0.02239,11811.0,0.022391,8554.0,0.022379,183332366.0,3994201.059028
1753504808875,04:40:08.875,bitget,ACH/USDT:USDT,0.02239,11811.0,0.022391,8554.0,0.022379,183332366.0,3994201.059028
1753504809189,04:40:09.189,bitget,ACH/USDT:USDT,0.02239,14614.0,0.022391,5668.0,0.022379,183332366.0,3994201.059028
1753504809582,04:40:09.582,bitget,ACH/USDT:USDT,0.02239,14614.0,0.022391,5668.0,0.022379,183332366.0,3994201.059028
1753504809894,04:40:09.894,bitget,ACH/USDT:USDT,0.02239,14614.0,0.022391,5668.0,0.022379,183332366.0,3994201.059028
1753504810205,04:40:10.205,bitget,ACH/USDT:USDT,0.022391,14614.0,0.022393,11811.0,0.022379,183332366.0,3994201.059028
1753504810516,04:40:10.516,bitget,ACH/USDT:USDT,0.022391,11811.0,0.022393,14614.0,0.022379,183332366.0,3994201.059028
1753504810847,04:40:10.847,bitget,ACH/USDT:USDT,0.022391,14614.0,0.022393,14614.0,0.022379,183332366.0,3994201.059028
1753504811167,04:40:11.167,bitget,ACH/USDT:USDT,0.022391,14614.0,0.022393,14614.0,0.022379,183332366.0,3994201.059028
1753504811493,04:40:11.493,bitget,ACH/USDT:USDT,0.022391,14614.0,0.022393,14614.0,0.022379,183332366.0,3994201.059028
1753504811957,04:40:11.957,bitget,ACH/USDT:USDT,0.022391,14614.0,0.022393,14614.0,0.022379,183332366.0,3994201.059028
1753504812894,04:40:12.894,bitget,ACH/USDT:USDT,0.022391,11811.0,0.022392,2803.0,0.022379,183332366.0,3994201.059028
1753504813255,04:40:13.255,bitget,ACH/USDT:USDT,0.022391,11811.0,0.022392,2803.0,0.022379,183332366.0,3994201.059028
1753504813609,04:40:13.609,bitget,ACH/USDT:USDT,0.022391,11811.0,0.022392,2803.0,0.022379,183332366.0,3994201.059028
1753504813918,04:40:13.918,bitget,ACH/USDT:USDT,0.022391,11811.0,0.022392,2803.0,0.022379,183332366.0,3994201.059028
1753504814285,04:40:14.285,bitget,ACH/USDT:USDT,0.022391,12123.0,0.022392,2803.0,0.022379,183332366.0,3994201.059028
1753504814695,04:40:14.695,bitget,ACH/USDT:USDT,0.022391,12123.0,0.022393,11811.0,0.022379,183332366.0,3994201.059028
1753504815009,04:40:15.009,bitget,ACH/USDT:USDT,0.022391,12123.0,0.022393,11811.0,0.022379,183332366.0,3994201.059028
1753504815337,04:40:15.337,bitget,ACH/USDT:USDT,0.022392,11811.0,0.022393,14614.0,0.022379,183332366.0,3994201.059028
1753504815719,04:40:15.719,bitget,ACH/USDT:USDT,0.022392,11811.0,0.022393,14614.0,0.022379,183332366.0,3994201.059028
1753504816040,04:40:16.040,bitget,ACH/USDT:USDT,0.022392,11811.0,0.022393,14614.0,0.022379,183332366.0,3994201.059028
1753504816354,04:40:16.354,bitget,ACH/USDT:USDT,0.022392,11811.0,0.022393,14614.0,0.022379,183332366.0,3994201.059028
1753504816813,04:40:16.813,bitget,ACH/USDT:USDT,0.022392,11811.0,0.022393,14614.0,0.022379,183332366.0,3994201.059028
1753504817595,04:40:17.595,bitget,ACH/USDT:USDT,0.022392,11811.0,0.022393,14614.0,0.022379,183332366.0,3994201.059028
1753504817920,04:40:17.920,bitget,ACH/USDT:USDT,0.022392,11811.0,0.022393,14614.0,0.022379,183332366.0,3994201.059028
1753504818271,04:40:18.271,bitget,ACH/USDT:USDT,0.022392,11811.0,0.022393,14614.0,0.022379,183332366.0,3994201.059028
1753504818613,04:40:18.613,bitget,ACH/USDT:USDT,0.022392,11811.0,0.022393,14614.0,0.022379,183332366.0,3994201.059028
1753504818924,04:40:18.924,bitget,ACH/USDT:USDT,0.022392,11811.0,0.022393,14614.0,0.022379,183332366.0,3994201.059028
1753504819267,04:40:19.267,bitget,ACH/USDT:USDT,0.022392,11811.0,0.022393,14614.0,0.022379,183332366.0,3994201.059028
1753504819643,04:40:19.643,bitget,ACH/USDT:USDT,0.022392,11811.0,0.022393,14614.0,0.022379,183332366.0,3994201.059028
1753504819954,04:40:19.954,bitget,ACH/USDT:USDT,0.022392,11811.0,0.022393,14614.0,0.022379,183332366.0,3994201.059028
1753504820271,04:40:20.271,bitget,ACH/USDT:USDT,0.022392,11811.0,0.022393,14643.0,0.022379,183332366.0,3994201.059028
1753504820611,04:40:20.611,bitget,ACH/USDT:USDT,0.022392,11811.0,0.022393,14643.0,0.022379,183332366.0,3994201.059028
1753504820938,04:40:20.938,bitget,ACH/USDT:USDT,0.022392,11811.0,0.022393,11811.0,0.022379,183332366.0,3994201.059028
1753504821255,04:40:21.255,bitget,ACH/USDT:USDT,0.022392,11811.0,0.022393,11811.0,0.022379,183332366.0,3994201.059028
1753504821952,04:40:21.952,bitget,ACH/USDT:USDT,0.022392,11811.0,0.022393,14643.0,0.022379,183332366.0,3994201.059028
1753504822290,04:40:22.290,bitget,ACH/USDT:USDT,0.022392,11811.0,0.022393,14643.0,0.022379,183332366.0,3994201.059028
1753504822592,04:40:22.592,bitget,ACH/USDT:USDT,0.022392,11811.0,0.022393,14643.0,0.022379,183332366.0,3994201.059028
1753504823010,04:40:23.010,bitget,ACH/USDT:USDT,0.022392,14643.0,0.022393,11811.0,0.022379,183332366.0,3994201.059028
1753504823702,04:40:23.702,bitget,ACH/USDT:USDT,0.022392,14643.0,0.022393,11811.0,0.022379,183332366.0,3994201.059028
1753504824029,04:40:24.029,bitget,ACH/USDT:USDT,0.022392,11811.0,0.022393,14643.0,0.022379,183332366.0,3994201.059028
1753504824418,04:40:24.418,bitget,ACH/USDT:USDT,0.022392,11811.0,0.022393,14643.0,0.022379,183332366.0,3994201.059028
1753504824758,04:40:24.758,bitget,ACH/USDT:USDT,0.022392,11811.0,0.022393,14643.0,0.022379,183332366.0,3994201.059028
1753504825062,04:40:25.062,bitget,ACH/USDT:USDT,0.022392,11811.0,0.022393,14643.0,0.022379,183332366.0,3994201.059028
1753504825383,04:40:25.383,bitget,ACH/USDT:USDT,0.022392,11811.0,0.022393,14643.0,0.022379,183332366.0,3994201.059028
1753504825738,04:40:25.738,bitget,ACH/USDT:USDT,0.022392,11811.0,0.022393,14643.0,0.022379,183332366.0,3994201.059028
1753504826061,04:40:26.061,bitget,ACH/USDT:USDT,0.022392,11811.0,0.022393,14643.0,0.022379,183332366.0,3994201.059028
1753504826392,04:40:26.392,bitget,ACH/USDT:USDT,0.022392,11811.0,0.022393,14643.0,0.022379,183332366.0,3994201.059028
1753504826747,04:40:26.747,bitget,ACH/USDT:USDT,0.022392,11811.0,0.022393,14643.0,0.022379,183332366.0,3994201.059028
1753504827236,04:40:27.236,bitget,ACH/USDT:USDT,0.022391,12123.0,0.022392,300061.0,0.022379,183332366.0,3994201.059028
1753504828026,04:40:28.026,bitget,ACH/USDT:USDT,0.022391,12123.0,0.022392,300061.0,0.022379,183332366.0,3994201.059028
1753504828830,04:40:28.830,bitget,ACH/USDT:USDT,0.022391,12123.0,0.022392,288250.0,0.022379,183332366.0,3994201.059028
1753504829776,04:40:29.776,bitget,ACH/USDT:USDT,0.022391,12123.0,0.022392,288250.0,0.022379,183332366.0,3994201.059028
1753504830114,04:40:30.114,bitget,ACH/USDT:USDT,0.022391,12123.0,0.022392,288250.0,0.022379,183332366.0,3994201.059028
1753504830510,04:40:30.510,bitget,ACH/USDT:USDT,0.022391,12123.0,0.022392,288250.0,0.022379,183332366.0,3994201.059028
1753504830864,04:40:30.864,bitget,ACH/USDT:USDT,0.022391,12123.0,0.022392,288250.0,0.022379,183332366.0,3994201.059028
1753504831176,04:40:31.176,bitget,ACH/USDT:USDT,0.022391,12123.0,0.022392,288250.0,0.022379,183332366.0,3994201.059028
1753504831557,04:40:31.557,bitget,ACH/USDT:USDT,0.022391,12123.0,0.022392,288250.0,0.022379,183332366.0,3994201.059028
1753504832039,04:40:32.039,bitget,ACH/USDT:USDT,0.022391,12123.0,0.022396,2003.0,0.022379,183332366.0,3994201.059028
1753504832570,04:40:32.570,bitget,ACH/USDT:USDT,0.022397,11811.0,0.022398,2938.0,0.022379,183332366.0,3994201.059028
1753504832904,04:40:32.904,bitget,ACH/USDT:USDT,0.022395,11811.0,0.022396,2884.0,0.022379,183332366.0,3994201.059028
1753504833283,04:40:33.283,bitget,ACH/USDT:USDT,0.022396,11811.0,0.022397,11811.0,0.022379,183332366.0,3994201.059028
1753504833620,04:40:33.620,bitget,ACH/USDT:USDT,0.022396,11811.0,0.022397,11811.0,0.022379,183332366.0,3994201.059028
1753504833945,04:40:33.945,bitget,ACH/USDT:USDT,0.022396,11811.0,0.022397,14695.0,0.022379,183332366.0,3994201.059028
1753504834271,04:40:34.271,bitget,ACH/USDT:USDT,0.022396,11811.0,0.022397,14695.0,0.022379,183332366.0,3994201.059028
1753504834712,04:40:34.712,bitget,ACH/USDT:USDT,0.022396,11811.0,0.022397,14695.0,0.022379,183332366.0,3994201.059028
1753504835086,04:40:35.086,bitget,ACH/USDT:USDT,0.022396,11811.0,0.022397,14695.0,0.022379,183332366.0,3994201.059028
1753504835405,04:40:35.405,bitget,ACH/USDT:USDT,0.022396,11811.0,0.022397,14695.0,0.022379,183332366.0,3994201.059028
1753504835754,04:40:35.754,bitget,ACH/USDT:USDT,0.022396,11811.0,0.022397,14695.0,0.022379,183332366.0,3994201.059028
1753504836099,04:40:36.099,bitget,ACH/USDT:USDT,0.022394,5631.0,0.022397,14695.0,0.022379,183332366.0,3994201.059028
1753504836432,04:40:36.432,bitget,ACH/USDT:USDT,0.022395,11811.0,0.022397,100257.0,0.022379,183332366.0,3994201.059028
1753504836762,04:40:36.762,bitget,ACH/USDT:USDT,0.022392,11811.0,0.022393,2884.0,0.022379,183332366.0,3994201.059028
1753504837324,04:40:37.324,bitget,ACH/USDT:USDT,0.022392,11811.0,0.022393,2884.0,0.022379,183332366.0,3994201.059028
1753504837988,04:40:37.988,bitget,ACH/USDT:USDT,0.022392,11811.0,0.022393,2884.0,0.022379,183332366.0,3994201.059028
1753504838372,04:40:38.372,bitget,ACH/USDT:USDT,0.022392,11811.0,0.022393,2884.0,0.022379,183332366.0,3994201.059028
1753504838727,04:40:38.727,bitget,ACH/USDT:USDT,0.022392,11811.0,0.022393,2884.0,0.022379,183332366.0,3994201.059028
1753504839043,04:40:39.043,bitget,ACH/USDT:USDT,0.022389,11811.0,0.02239,2940.0,0.022391,183332366.0,3994201.059028
1753504839363,04:40:39.363,bitget,ACH/USDT:USDT,0.022389,11811.0,0.02239,2940.0,0.022391,183332366.0,3994201.059028
1753504839852,04:40:39.852,bitget,ACH/USDT:USDT,0.022388,11811.0,0.022389,11811.0,0.022391,183332366.0,3994201.059028
1753504840395,04:40:40.395,bitget,ACH/USDT:USDT,0.022388,11811.0,0.022389,14751.0,0.022391,183332990.0,3994215.031012
1753504841204,04:40:41.204,bitget,ACH/USDT:USDT,0.022388,11811.0,0.022389,14751.0,0.022391,183332990.0,3994215.031012
1753504841516,04:40:41.516,bitget,ACH/USDT:USDT,0.022388,11811.0,0.022389,2940.0,0.022391,183332990.0,3994215.031012
1753504841884,04:40:41.884,bitget,ACH/USDT:USDT,0.022388,11811.0,0.022389,2940.0,0.022391,183332990.0,3994215.031012
1753504842240,04:40:42.240,bitget,ACH/USDT:USDT,0.022388,11811.0,0.022389,2940.0,0.022391,183332990.0,3994215.031012
1753504842552,04:40:42.552,bitget,ACH/USDT:USDT,0.022388,11811.0,0.022389,2940.0,0.022391,183332990.0,3994215.031012
1753504842865,04:40:42.865,bitget,ACH/USDT:USDT,0.022386,7160.0,0.022388,11811.0,0.022391,183332990.0,3994215.031012
1753504843361,04:40:43.361,bitget,ACH/USDT:USDT,0.022387,11811.0,0.022388,14751.0,0.022386,183332990.0,3994215.031012
1753504844027,04:40:44.027,bitget,ACH/USDT:USDT,0.022387,11811.0,0.022388,14751.0,0.022386,183332990.0,3994215.031012
1753504844560,04:40:44.560,bitget,ACH/USDT:USDT,0.022388,11811.0,0.022389,2940.0,0.022386,183336058.0,3994283.71126
1753504845278,04:40:45.278,bitget,ACH/USDT:USDT,0.022388,11811.0,0.022389,2940.0,0.022386,183336058.0,3994283.71126
1753504845636,04:40:45.636,bitget,ACH/USDT:USDT,0.02239,11811.0,0.022391,2940.0,0.022386,183336058.0,3994283.71126
1753504845975,04:40:45.975,bitget,ACH/USDT:USDT,0.02239,11811.0,0.022391,2940.0,0.022386,183336058.0,3994283.71126
1753504846343,04:40:46.343,bitget,ACH/USDT:USDT,0.02239,11811.0,0.022391,2940.0,0.022386,183332366.0,3994201.059028
1753504847366,04:40:47.366,bitget,ACH/USDT:USDT,0.02239,11811.0,0.022391,2940.0,0.022386,183332990.0,3994215.031012
1753504847980,04:40:47.980,bitget,ACH/USDT:USDT,0.02239,11811.0,0.022391,2940.0,0.022386,183336058.0,3994283.71126
1753504848887,04:40:48.887,bitget,ACH/USDT:USDT,0.02239,11811.0,0.022391,2940.0,0.022386,183332990.0,3994215.031012
1753504849662,04:40:49.662,bitget,ACH/USDT:USDT,0.02239,11811.0,0.022391,2940.0,0.022386,183336058.0,3994283.71126
1753504849976,04:40:49.976,bitget,ACH/USDT:USDT,0.02239,11811.0,0.022391,2940.0,0.022386,183336058.0,3994283.71126
1753504850292,04:40:50.292,bitget,ACH/USDT:USDT,0.02239,11811.0,0.022391,2940.0,0.022386,183336058.0,3994283.71126
1753504850678,04:40:50.678,bitget,ACH/USDT:USDT,0.02239,11811.0,0.022391,2940.0,0.022386,183336058.0,3994283.71126
1753504850997,04:40:50.997,bitget,ACH/USDT:USDT,0.02239,11811.0,0.022391,2940.0,0.022386,183336058.0,3994283.71126
1753504851309,04:40:51.309,bitget,ACH/USDT:USDT,0.02239,11811.0,0.022391,2940.0,0.022386,183336058.0,3994283.71126
1753504851688,04:40:51.688,bitget,ACH/USDT:USDT,0.02239,11811.0,0.022391,2940.0,0.022386,183336058.0,3994283.71126
1753504852068,04:40:52.068,bitget,ACH/USDT:USDT,0.02239,11811.0,0.022391,2940.0,0.022386,183336058.0,3994283.71126
1753504852377,04:40:52.377,bitget,ACH/USDT:USDT,0.02239,11811.0,0.022391,2940.0,0.022386,183336058.0,3994283.71126
1753504852694,04:40:52.694,bitget,ACH/USDT:USDT,0.02239,11811.0,0.022391,2940.0,0.022386,183336058.0,3994283.71126
1753504853088,04:40:53.088,bitget,ACH/USDT:USDT,0.02239,11811.0,0.022391,2833.0,0.022386,183336058.0,3994283.71126
1753504853421,04:40:53.421,bitget,ACH/USDT:USDT,0.02239,11811.0,0.022391,2833.0,0.022386,183336058.0,3994283.71126
1753504853731,04:40:53.731,bitget,ACH/USDT:USDT,0.022391,14644.0,0.022392,11811.0,0.022386,183336058.0,3994283.71126
1753504854054,04:40:54.054,bitget,ACH/USDT:USDT,0.022391,14644.0,0.022392,11811.0,0.022386,183336058.0,3994283.71126
1753504854444,04:40:54.444,bitget,ACH/USDT:USDT,0.022391,14644.0,0.022392,11811.0,0.022386,183336058.0,3994283.71126
1753504854770,04:40:54.770,bitget,ACH/USDT:USDT,0.022391,14644.0,0.022392,11811.0,0.022386,183336058.0,3994283.71126
1753504855092,04:40:55.092,bitget,ACH/USDT:USDT,0.022391,14644.0,0.022392,11811.0,0.022386,183336058.0,3994283.71126
1753504855468,04:40:55.468,bitget,ACH/USDT:USDT,0.022391,11811.0,0.022392,11811.0,0.022386,183336058.0,3994283.71126
1753504855814,04:40:55.814,bitget,ACH/USDT:USDT,0.022391,14644.0,0.022392,11811.0,0.022386,183336058.0,3994283.71126
1753504856122,04:40:56.122,bitget,ACH/USDT:USDT,0.022391,14644.0,0.022392,11811.0,0.022386,183336058.0,3994283.71126
1753504856789,04:40:56.789,bitget,ACH/USDT:USDT,0.022391,11811.0,0.022392,11811.0,0.022386,183336058.0,3994283.71126
1753504857144,04:40:57.144,bitget,ACH/USDT:USDT,0.022391,11811.0,0.022392,11811.0,0.022386,183336058.0,3994283.71126
1753504857456,04:40:57.456,bitget,ACH/USDT:USDT,0.022391,11811.0,0.022392,11811.0,0.022386,183336058.0,3994283.71126
1753504857817,04:40:57.817,bitget,ACH/USDT:USDT,0.022391,14619.0,0.022392,11811.0,0.022386,183336058.0,3994283.71126
1753504858398,04:40:58.398,bitget,ACH/USDT:USDT,0.022391,14619.0,0.022392,11811.0,0.022386,183336058.0,3994283.71126
1753504858710,04:40:58.710,bitget,ACH/USDT:USDT,0.022391,11811.0,0.022392,14619.0,0.022386,183336058.0,3994283.71126
1753504859249,04:40:59.249,bitget,ACH/USDT:USDT,0.022391,11811.0,0.022392,14619.0,0.022386,183336058.0,3994283.71126
1753504859947,04:40:59.947,bitget,ACH/USDT:USDT,0.022391,11811.0,0.022392,14619.0,0.022386,183336058.0,3994283.71126
1753504860272,04:41:00.272,bitget,ACH/USDT:USDT,0.022389,5622.0,0.022392,14619.0,0.022386,183336058.0,3994283.71126
1753504860632,04:41:00.632,bitget,ACH/USDT:USDT,0.02239,11811.0,0.022391,289450.0,0.022386,183336058.0,3994283.71126
1753504860942,04:41:00.942,bitget,ACH/USDT:USDT,0.02239,11811.0,0.022391,289450.0,0.022386,183336058.0,3994283.71126
1753504861258,04:41:01.258,bitget,ACH/USDT:USDT,0.02239,11811.0,0.022391,289450.0,0.022386,183336058.0,3994283.71126
1753504861669,04:41:01.669,bitget,ACH/USDT:USDT,0.02239,11811.0,0.022391,289450.0,0.022386,183336058.0,3994283.71126
1753504862354,04:41:02.354,bitget,ACH/USDT:USDT,0.02239,11811.0,0.022391,289450.0,0.022386,183336058.0,3994283.71126
1753504862745,04:41:02.745,bitget,ACH/USDT:USDT,0.02239,11811.0,0.022391,289450.0,0.022386,183306242.0,3993642.616206
1753504863069,04:41:03.069,bitget,ACH/USDT:USDT,0.02239,11811.0,0.022391,289450.0,0.022386,183306242.0,3993642.616206
1753504863419,04:41:03.419,bitget,ACH/USDT:USDT,0.02239,11811.0,0.022391,289450.0,0.022386,183306242.0,3993642.616206
1753504863753,04:41:03.753,bitget,ACH/USDT:USDT,0.02239,14619.0,0.022391,289450.0,0.022386,183306242.0,3993642.616206
1753504864148,04:41:04.148,bitget,ACH/USDT:USDT,0.02239,14619.0,0.022391,285064.0,0.022386,183306242.0,3993642.616206
1753504865079,04:41:05.079,bitget,ACH/USDT:USDT,0.022392,14619.0,0.022393,312.0,0.022386,183306242.0,3993642.616206
1753504865392,04:41:05.392,bitget,ACH/USDT:USDT,0.022392,14619.0,0.022393,312.0,0.022386,183306242.0,3993642.616206
1753504865712,04:41:05.712,bitget,ACH/USDT:USDT,0.022392,14619.0,0.022393,312.0,0.022386,183306242.0,3993642.616206
1753504866048,04:41:06.048,bitget,ACH/USDT:USDT,0.022392,14619.0,0.022393,312.0,0.022386,183306242.0,3993642.616206
1753504866364,04:41:06.364,bitget,ACH/USDT:USDT,0.022392,14619.0,0.022393,312.0,0.022386,183306242.0,3993642.616206
1753504866699,04:41:06.699,bitget,ACH/USDT:USDT,0.022392,14619.0,0.022393,312.0,0.022386,183306242.0,3993642.616206
1753504867174,04:41:07.174,bitget,ACH/USDT:USDT,0.022392,14619.0,0.022393,312.0,0.022386,183306242.0,3993642.616206
1753504867767,04:41:07.767,bitget,ACH/USDT:USDT,0.022392,14619.0,0.022393,312.0,0.022386,183306242.0,3993642.616206
1753504868094,04:41:08.094,bitget,ACH/USDT:USDT,0.022392,14619.0,0.022393,312.0,0.022386,183306242.0,3993642.616206
1753504868758,04:41:08.758,bitget,ACH/USDT:USDT,0.022392,14619.0,0.022393,312.0,0.022386,183306242.0,3993642.616206
1753504869075,04:41:09.075,bitget,ACH/USDT:USDT,0.022392,14619.0,0.022393,312.0,0.022386,183306242.0,3993642.616206
1753504869411,04:41:09.411,bitget,ACH/USDT:USDT,0.022392,14619.0,0.022393,312.0,0.022386,183306242.0,3993642.616206
1753504869764,04:41:09.764,bitget,ACH/USDT:USDT,0.022392,14619.0,0.022393,312.0,0.022386,183306242.0,3993642.616206
1753504870080,04:41:10.080,bitget,ACH/USDT:USDT,0.022392,14619.0,0.022393,312.0,0.022386,183306242.0,3993642.616206
1753504870414,04:41:10.414,bitget,ACH/USDT:USDT,0.022392,14619.0,0.022393,312.0,0.022386,183306242.0,3993642.616206
1753504870900,04:41:10.900,bitget,ACH/USDT:USDT,0.022392,14614.0,0.022393,312.0,0.022392,183306242.0,3993642.616206
1753504871762,04:41:11.762,bitget,ACH/USDT:USDT,0.022392,14614.0,0.022393,312.0,0.022392,183306252.0,3993642.840126
1753504872193,04:41:12.193,bitget,ACH/USDT:USDT,0.022392,14614.0,0.022393,312.0,0.022392,183306242.0,3993642.616206
1753504872509,04:41:12.509,bitget,ACH/USDT:USDT,0.022392,14614.0,0.022393,312.0,0.022392,183306252.0,3993642.840126
1753504872823,04:41:12.823,bitget,ACH/USDT:USDT,0.022392,14614.0,0.022393,312.0,0.022392,183306252.0,3993642.840126
1753504873154,04:41:13.154,bitget,ACH/USDT:USDT,0.022392,14614.0,0.022393,312.0,0.022392,183306252.0,3993642.840126
1753504873480,04:41:13.480,bitget,ACH/USDT:USDT,0.022392,14614.0,0.022393,312.0,0.022392,183306252.0,3993642.840126
1753504873794,04:41:13.794,bitget,ACH/USDT:USDT,0.022392,14614.0,0.022393,312.0,0.022392,183306252.0,3993642.840126
1753504874111,04:41:14.111,bitget,ACH/USDT:USDT,0.022392,14614.0,0.022393,312.0,0.022392,183306252.0,3993642.840126
1753504874690,04:41:14.690,bitget,ACH/USDT:USDT,0.022392,14614.0,0.022393,312.0,0.022392,183306252.0,3993642.840126
1753504875371,04:41:15.371,bitget,ACH/USDT:USDT,0.022392,14614.0,0.022393,312.0,0.022392,183306252.0,3993642.840126
1753504875912,04:41:15.912,bitget,ACH/USDT:USDT,0.022392,14614.0,0.022393,312.0,0.022392,183306252.0,3993642.840126
1753504876828,04:41:16.828,bitget,ACH/USDT:USDT,0.022392,14614.0,0.022393,312.0,0.022392,183306252.0,3993642.840126
1753504877746,04:41:17.746,bitget,ACH/USDT:USDT,0.022392,14614.0,0.022393,312.0,0.022392,183306242.0,3993642.616206
1753504878384,04:41:18.384,bitget,ACH/USDT:USDT,0.022392,14614.0,0.022393,312.0,0.022392,183306252.0,3993642.840126
1753504878692,04:41:18.692,bitget,ACH/USDT:USDT,0.022392,14614.0,0.022393,312.0,0.022392,183306252.0,3993642.840126
1753504879011,04:41:19.011,bitget,ACH/USDT:USDT,0.022392,14614.0,0.022393,312.0,0.022392,183306252.0,3993642.840126
1753504879441,04:41:19.441,bitget,ACH/USDT:USDT,0.022392,14614.0,0.022393,312.0,0.022392,183306252.0,3993642.840126
1753504879939,04:41:19.939,bitget,ACH/USDT:USDT,0.022392,14614.0,0.022393,312.0,0.022392,183306252.0,3993642.840126
1753504880522,04:41:20.522,bitget,ACH/USDT:USDT,0.022392,14614.0,0.022393,312.0,0.022392,183306252.0,3993642.840126
1753504880877,04:41:20.877,bitget,ACH/USDT:USDT,0.022392,14614.0,0.022393,312.0,0.022392,183306252.0,3993642.840126
1753504881190,04:41:21.190,bitget,ACH/USDT:USDT,0.022392,14614.0,0.022393,312.0,0.022392,183306252.0,3993642.840126
1753504881514,04:41:21.514,bitget,ACH/USDT:USDT,0.022392,14614.0,0.022393,312.0,0.022392,183306252.0,3993642.840126
1753504881920,04:41:21.920,bitget,ACH/USDT:USDT,0.022392,14614.0,0.022393,312.0,0.022392,183306252.0,3993642.840126
1753504882267,04:41:22.267,bitget,ACH/USDT:USDT,0.022392,14614.0,0.022393,312.0,0.022392,183306252.0,3993642.840126
1753504882896,04:41:22.896,bitget,ACH/USDT:USDT,0.022392,14614.0,0.022393,312.0,0.022392,183306252.0,3993642.840126
1753504883296,04:41:23.296,bitget,ACH/USDT:USDT,0.022392,14614.0,0.022393,312.0,0.022392,183306252.0,3993642.840126
1753504884074,04:41:24.074,bitget,ACH/USDT:USDT,0.022392,14614.0,0.022393,312.0,0.022392,183306252.0,3993642.840126
1753504884899,04:41:24.899,bitget,ACH/USDT:USDT,0.022392,14614.0,0.022393,312.0,0.022392,183306252.0,3993642.840126
1753504885577,04:41:25.577,bitget,ACH/USDT:USDT,0.022392,14614.0,0.022393,312.0,0.022392,183306252.0,3993642.840126
1753504885916,04:41:25.916,bitget,ACH/USDT:USDT,0.022392,14614.0,0.022393,312.0,0.022392,183306252.0,3993642.840126
1753504886225,04:41:26.225,bitget,ACH/USDT:USDT,0.022392,14614.0,0.022393,312.0,0.022392,183306252.0,3993642.840126
1753504886539,04:41:26.539,bitget,ACH/USDT:USDT,0.022392,14614.0,0.022393,312.0,0.022392,183306252.0,3993642.840126
1753504886978,04:41:26.978,bitget,ACH/USDT:USDT,0.022392,14638.0,0.022393,312.0,0.022392,183306252.0,3993642.840126
1753504887445,04:41:27.445,bitget,ACH/USDT:USDT,0.022392,14638.0,0.022393,312.0,0.022392,183306252.0,3993642.840126
1753504888071,04:41:28.071,bitget,ACH/USDT:USDT,0.022392,14638.0,0.022393,312.0,0.022392,183306252.0,3993642.840126
1753504888677,04:41:28.677,bitget,ACH/USDT:USDT,0.022392,14638.0,0.022393,312.0,0.022392,183306252.0,3993642.840126
1753504888992,04:41:28.992,bitget,ACH/USDT:USDT,0.022392,14638.0,0.022393,312.0,0.022392,183306252.0,3993642.840126
1753504889379,04:41:29.379,bitget,ACH/USDT:USDT,0.022392,14638.0,0.022393,312.0,0.022392,183306252.0,3993642.840126
1753504889856,04:41:29.856,bitget,ACH/USDT:USDT,0.022392,14638.0,0.022393,312.0,0.022392,183306252.0,3993642.840126
1753504890224,04:41:30.224,bitget,ACH/USDT:USDT,0.022392,14638.0,0.022393,312.0,0.022392,183306252.0,3993642.840126
1753504890541,04:41:30.541,bitget,ACH/USDT:USDT,0.022392,14638.0,0.022393,312.0,0.022392,183306252.0,3993642.840126
1753504890936,04:41:30.936,bitget,ACH/USDT:USDT,0.022392,14638.0,0.022393,312.0,0.022392,183306252.0,3993642.840126
1753504891259,04:41:31.259,bitget,ACH/USDT:USDT,0.022392,14638.0,0.022393,312.0,0.022392,183306252.0,3993642.840126
1753504891630,04:41:31.630,bitget,ACH/USDT:USDT,0.022392,14638.0,0.022393,312.0,0.022392,183306252.0,3993642.840126
1753504892032,04:41:32.032,bitget,ACH/USDT:USDT,0.022392,14638.0,0.022393,312.0,0.022392,183306252.0,3993642.840126
1753504892561,04:41:32.561,bitget,ACH/USDT:USDT,0.022392,14638.0,0.022393,312.0,0.022392,183306252.0,3993642.840126
1753504893343,04:41:33.343,bitget,ACH/USDT:USDT,0.022392,14638.0,0.022393,312.0,0.022392,183306252.0,3993642.840126
1753504893939,04:41:33.939,bitget,ACH/USDT:USDT,0.022392,14638.0,0.022393,312.0,0.022392,183306252.0,3993642.840126
1753504894257,04:41:34.257,bitget,ACH/USDT:USDT,0.022392,14638.0,0.022393,312.0,0.022392,183306252.0,3993642.840126
1753504894687,04:41:34.687,bitget,ACH/USDT:USDT,0.022392,14638.0,0.022393,312.0,0.022392,183306252.0,3993642.840126
