timestamp,time,exchange,symbol,bid,bidVolume,ask,askVolume,lastPrice,baseVolume,quoteVolume
1753507240145,05:20:40.145,bitget,ADA/USDT:USDT,0.8226,60680.0,0.8227,7422.0,0.8226,275272964.0,220493058.6002
1753507240514,05:20:40.514,bitget,ADA/USDT:USDT,0.8226,60680.0,0.8227,32871.0,0.8226,275272964.0,220493058.6002
1753507240829,05:20:40.829,bitget,ADA/USDT:USDT,0.8226,60680.0,0.8227,32871.0,0.8226,275272964.0,220493058.6002
1753507242510,05:20:42.510,bitget,ADA/USDT:USDT,0.8226,60680.0,0.8227,1640.0,0.8226,275272964.0,220493058.6002
1753507242960,05:20:42.960,bitget,ADA/USDT:USDT,0.8226,62520.0,0.8227,1640.0,0.8226,275272964.0,220493058.6002
1753507243275,05:20:43.275,bitget,ADA/USDT:USDT,0.8226,62520.0,0.8227,1640.0,0.8226,275272964.0,220493058.6002
1753507243587,05:20:43.587,bitget,ADA/USDT:USDT,0.8226,62520.0,0.8227,20140.0,0.8226,275272964.0,220493058.6002
1753507243931,05:20:43.931,bitget,ADA/USDT:USDT,0.8226,62520.0,0.8227,20140.0,0.8226,275272964.0,220493058.6002
1753507244281,05:20:44.281,bitget,ADA/USDT:USDT,0.8226,62520.0,0.8227,20140.0,0.8226,275272964.0,220493058.6002
1753507244593,05:20:44.593,bitget,ADA/USDT:USDT,0.8226,62520.0,0.8227,20140.0,0.8226,275272964.0,220493058.6002
1753507244917,05:20:44.917,bitget,ADA/USDT:USDT,0.8226,62520.0,0.8227,20140.0,0.8226,275272964.0,220493058.6002
1753507245341,05:20:45.341,bitget,ADA/USDT:USDT,0.8226,62520.0,0.8227,20140.0,0.8226,275272964.0,220493058.6002
1753507245714,05:20:45.714,bitget,ADA/USDT:USDT,0.8226,62520.0,0.8227,20140.0,0.8226,275272964.0,220493058.6002
1753507246028,05:20:46.028,bitget,ADA/USDT:USDT,0.8226,62520.0,0.8227,20140.0,0.8226,275272964.0,220493058.6002
1753507246397,05:20:46.397,bitget,ADA/USDT:USDT,0.8226,62520.0,0.8227,20140.0,0.8226,275272964.0,220493058.6002
1753507246797,05:20:46.797,bitget,ADA/USDT:USDT,0.8226,62520.0,0.8227,20140.0,0.8226,275272964.0,220493058.6002
1753507247104,05:20:47.104,bitget,ADA/USDT:USDT,0.8226,62520.0,0.8228,69578.0,0.8226,275272964.0,220493058.6002
1753507247405,05:20:47.405,bitget,ADA/USDT:USDT,0.8227,33959.0,0.8228,68132.0,0.8226,275272964.0,220493058.6002
1753507247787,05:20:47.787,bitget,ADA/USDT:USDT,0.8227,17288.0,0.8228,68132.0,0.8226,275272964.0,220493058.6002
1753507248105,05:20:48.105,bitget,ADA/USDT:USDT,0.8227,17288.0,0.8228,68132.0,0.8226,275272964.0,220493058.6002
1753507248420,05:20:48.420,bitget,ADA/USDT:USDT,0.8227,17288.0,0.8228,68132.0,0.8226,275272964.0,220493058.6002
1753507248851,05:20:48.851,bitget,ADA/USDT:USDT,0.8227,47297.0,0.8228,68132.0,0.8226,275272964.0,220493058.6002
1753507249722,05:20:49.722,bitget,ADA/USDT:USDT,0.8227,47297.0,0.8228,68132.0,0.8226,275272964.0,220493058.6002
1753507250041,05:20:50.041,bitget,ADA/USDT:USDT,0.8227,20127.0,0.8228,68132.0,0.8226,275272964.0,220493058.6002
1753507250399,05:20:50.399,bitget,ADA/USDT:USDT,0.8226,55040.0,0.8227,3276.0,0.8226,275272964.0,220493058.6002
1753507250727,05:20:50.727,bitget,ADA/USDT:USDT,0.8226,49917.0,0.8227,67121.0,0.8226,275272964.0,220493058.6002
1753507251037,05:20:51.037,bitget,ADA/USDT:USDT,0.8226,49917.0,0.8227,67121.0,0.8226,275272964.0,220493058.6002
1753507251416,05:20:51.416,bitget,ADA/USDT:USDT,0.8226,49917.0,0.8227,67121.0,0.8226,275272964.0,220493058.6002
1753507251848,05:20:51.848,bitget,ADA/USDT:USDT,0.8226,49917.0,0.8227,46497.0,0.8226,275272964.0,220493058.6002
1753507252759,05:20:52.759,bitget,ADA/USDT:USDT,0.8226,50737.0,0.8227,30713.0,0.8226,275272964.0,220493058.6002
1753507253086,05:20:53.086,bitget,ADA/USDT:USDT,0.8226,50737.0,0.8227,47276.0,0.8226,275272964.0,220493058.6002
1753507253409,05:20:53.409,bitget,ADA/USDT:USDT,0.8226,50737.0,0.8227,30713.0,0.8226,275272964.0,220493058.6002
1753507254200,05:20:54.200,bitget,ADA/USDT:USDT,0.8226,50737.0,0.8227,47276.0,0.8226,275272964.0,220493058.6002
1753507254518,05:20:54.518,bitget,ADA/USDT:USDT,0.8226,50737.0,0.8227,47276.0,0.8226,275272964.0,220493058.6002
1753507254823,05:20:54.823,bitget,ADA/USDT:USDT,0.8226,50737.0,0.8227,47276.0,0.8226,275272964.0,220493058.6002
1753507255207,05:20:55.207,bitget,ADA/USDT:USDT,0.8226,50737.0,0.8227,47276.0,0.8226,275272964.0,220493058.6002
1753507255527,05:20:55.527,bitget,ADA/USDT:USDT,0.8226,50737.0,0.8227,47276.0,0.8226,275272964.0,220493058.6002
1753507255833,05:20:55.833,bitget,ADA/USDT:USDT,0.8226,50737.0,0.8227,47276.0,0.8226,275272964.0,220493058.6002
1753507256158,05:20:56.158,bitget,ADA/USDT:USDT,0.8226,50737.0,0.8227,47276.0,0.8226,275272964.0,220493058.6002
1753507256909,05:20:56.909,bitget,ADA/USDT:USDT,0.8226,50737.0,0.8227,18553.0,0.8226,275272964.0,220493058.6002
1753507257280,05:20:57.280,bitget,ADA/USDT:USDT,0.8226,50737.0,0.8227,30409.0,0.8226,275272964.0,220493058.6002
1753507257636,05:20:57.636,bitget,ADA/USDT:USDT,0.8226,50737.0,0.8227,30409.0,0.8226,275272964.0,220493058.6002
1753507258016,05:20:58.016,bitget,ADA/USDT:USDT,0.8226,50737.0,0.8227,30409.0,0.8226,275272964.0,220493058.6002
1753507258333,05:20:58.333,bitget,ADA/USDT:USDT,0.8226,50737.0,0.8227,30409.0,0.8226,275272964.0,220493058.6002
1753507258688,05:20:58.688,bitget,ADA/USDT:USDT,0.8226,50375.0,0.8227,30409.0,0.8226,275272964.0,220493058.6002
1753507259036,05:20:59.036,bitget,ADA/USDT:USDT,0.8226,50375.0,0.8227,1640.0,0.8226,275272964.0,220493058.6002
1753507259364,05:20:59.364,bitget,ADA/USDT:USDT,0.8226,50375.0,0.8227,1640.0,0.8226,275272964.0,220493058.6002
1753507259969,05:20:59.969,bitget,ADA/USDT:USDT,0.8227,52509.0,0.8228,61529.0,0.8226,275273688.0,220493654.1626
1753507260357,05:21:00.357,bitget,ADA/USDT:USDT,0.8227,32162.0,0.8228,76868.0,0.8226,275273688.0,220493654.1626
1753507260677,05:21:00.677,bitget,ADA/USDT:USDT,0.8227,26350.0,0.8228,76868.0,0.8226,275273688.0,220493654.1626
1753507260995,05:21:00.995,bitget,ADA/USDT:USDT,0.8226,49398.0,0.8227,60159.0,0.8226,275272964.0,220493058.6002
1753507261645,05:21:01.645,bitget,ADA/USDT:USDT,0.8226,67961.0,0.8227,9843.0,0.8226,275249642.0,220474254.96
1753507262036,05:21:02.036,bitget,ADA/USDT:USDT,0.8226,67961.0,0.8227,9843.0,0.8226,275249642.0,220474254.96
1753507262380,05:21:02.380,bitget,ADA/USDT:USDT,0.8226,67961.0,0.8227,1640.0,0.8226,275249642.0,220474254.96
1753507262762,05:21:02.762,bitget,ADA/USDT:USDT,0.8226,67961.0,0.8227,1640.0,0.8226,275249642.0,220474254.96
1753507263101,05:21:03.101,bitget,ADA/USDT:USDT,0.8226,67961.0,0.8227,1640.0,0.8226,275249642.0,220474254.96
1753507263418,05:21:03.418,bitget,ADA/USDT:USDT,0.8226,67961.0,0.8227,27640.0,0.8226,275249642.0,220474254.96
1753507263730,05:21:03.730,bitget,ADA/USDT:USDT,0.8226,67961.0,0.8227,29239.0,0.8226,275249642.0,220474254.96
1753507264200,05:21:04.200,bitget,ADA/USDT:USDT,0.8226,67961.0,0.8227,3239.0,0.8226,275249642.0,220474254.96
1753507265108,05:21:05.108,bitget,ADA/USDT:USDT,0.8228,78397.0,0.8229,37829.0,0.8226,275249642.0,220474254.96
1753507265484,05:21:05.484,bitget,ADA/USDT:USDT,0.8228,47501.0,0.8229,54542.0,0.8226,275249642.0,220474254.96
1753507265815,05:21:05.815,bitget,ADA/USDT:USDT,0.8227,95805.0,0.8228,37829.0,0.8226,275249642.0,220474254.96
1753507266127,05:21:06.127,bitget,ADA/USDT:USDT,0.8227,63440.0,0.8228,37829.0,0.8226,275249642.0,220474254.96
1753507266665,05:21:06.665,bitget,ADA/USDT:USDT,0.8227,63440.0,0.8228,37829.0,0.8226,275249642.0,220474254.96
1753507267008,05:21:07.008,bitget,ADA/USDT:USDT,0.8227,63440.0,0.8228,37829.0,0.8226,275249642.0,220474254.96
1753507267332,05:21:07.332,bitget,ADA/USDT:USDT,0.8227,63440.0,0.8228,30061.0,0.8226,275249642.0,220474254.96
1753507267720,05:21:07.720,bitget,ADA/USDT:USDT,0.8229,51045.0,0.8231,32775.0,0.8228,275249642.0,220474254.96
1753507268066,05:21:08.066,bitget,ADA/USDT:USDT,0.823,66324.0,0.8231,1990.0,0.8228,275249642.0,220474254.96
1753507268381,05:21:08.381,bitget,ADA/USDT:USDT,0.823,30523.0,0.8231,87952.0,0.8228,275249642.0,220474254.96
1753507268695,05:21:08.695,bitget,ADA/USDT:USDT,0.823,26350.0,0.8231,87952.0,0.8228,275251286.0,220475607.6432
1753507269127,05:21:09.127,bitget,ADA/USDT:USDT,0.8229,27277.0,0.823,87544.0,0.8228,275251286.0,220475607.6432
1753507269871,05:21:09.871,bitget,ADA/USDT:USDT,0.8229,72813.0,0.823,1640.0,0.8228,275249642.0,220474254.96
1753507270595,05:21:10.595,bitget,ADA/USDT:USDT,0.823,57419.0,0.8231,32362.0,0.8228,275251286.0,220475607.6432
1753507270910,05:21:10.910,bitget,ADA/USDT:USDT,0.823,57419.0,0.8231,48925.0,0.8228,275251286.0,220475607.6432
1753507271226,05:21:11.226,bitget,ADA/USDT:USDT,0.823,58380.0,0.8231,21045.0,0.8228,275251286.0,220475607.6432
1753507271645,05:21:11.645,bitget,ADA/USDT:USDT,0.823,58380.0,0.8231,1949.0,0.8228,275251286.0,220475607.6432
1753507272004,05:21:12.004,bitget,ADA/USDT:USDT,0.823,58380.0,0.8231,1949.0,0.8228,275251286.0,220475607.6432
1753507272319,05:21:12.319,bitget,ADA/USDT:USDT,0.823,58380.0,0.8231,1949.0,0.8228,275251286.0,220475607.6432
1753507272669,05:21:12.669,bitget,ADA/USDT:USDT,0.8231,37871.0,0.8232,29834.0,0.8228,275251286.0,220475607.6432
1753507273008,05:21:13.008,bitget,ADA/USDT:USDT,0.8231,37871.0,0.8232,46397.0,0.8228,275251286.0,220475607.6432
1753507273323,05:21:13.323,bitget,ADA/USDT:USDT,0.8231,69310.0,0.8232,69230.0,0.8228,275251286.0,220475607.6432
1753507273636,05:21:13.636,bitget,ADA/USDT:USDT,0.8231,69310.0,0.8232,26509.0,0.8228,275251286.0,220475607.6432
1753507274245,05:21:14.245,bitget,ADA/USDT:USDT,0.8231,69310.0,0.8232,19802.0,0.8228,275251286.0,220475607.6432
1753507274554,05:21:14.554,bitget,ADA/USDT:USDT,0.8231,69310.0,0.8232,19802.0,0.8228,275251286.0,220475607.6432
1753507274875,05:21:14.875,bitget,ADA/USDT:USDT,0.8231,69310.0,0.8232,19802.0,0.8228,275251286.0,220475607.6432
1753507275293,05:21:15.293,bitget,ADA/USDT:USDT,0.8231,69310.0,0.8232,51475.0,0.8232,275251286.0,220475607.6432
1753507275632,05:21:15.632,bitget,ADA/USDT:USDT,0.8231,69310.0,0.8232,51475.0,0.8232,275251286.0,220475607.6432
1753507275947,05:21:15.947,bitget,ADA/USDT:USDT,0.8231,69310.0,0.8232,51475.0,0.8232,275251286.0,220475607.6432
1753507276268,05:21:16.268,bitget,ADA/USDT:USDT,0.8231,69310.0,0.8232,51475.0,0.8232,275251286.0,220475607.6432
1753507276719,05:21:16.719,bitget,ADA/USDT:USDT,0.8231,69310.0,0.8232,51475.0,0.8232,275251312.0,220475629.0464
1753507277543,05:21:17.543,bitget,ADA/USDT:USDT,0.8232,69124.0,0.8233,33154.0,0.8232,275251286.0,220475607.6432
1753507278229,05:21:18.229,bitget,ADA/USDT:USDT,0.8232,60668.0,0.8233,81691.0,0.8232,275251312.0,220475629.0464
1753507278538,05:21:18.538,bitget,ADA/USDT:USDT,0.8232,60668.0,0.8233,81691.0,0.8232,275251312.0,220475629.0464
1753507278852,05:21:18.852,bitget,ADA/USDT:USDT,0.8232,60668.0,0.8233,80731.0,0.8232,275251312.0,220475629.0464
1753507279214,05:21:19.214,bitget,ADA/USDT:USDT,0.8232,42506.0,0.8233,80731.0,0.8232,275251312.0,220475629.0464
1753507279586,05:21:19.586,bitget,ADA/USDT:USDT,0.8232,44105.0,0.8233,80731.0,0.8232,275251312.0,220475629.0464
1753507279898,05:21:19.898,bitget,ADA/USDT:USDT,0.8232,44105.0,0.8233,80731.0,0.8232,275251312.0,220475629.0464
1753507280253,05:21:20.253,bitget,ADA/USDT:USDT,0.8232,60668.0,0.8233,80731.0,0.8232,275251312.0,220475629.0464
1753507280610,05:21:20.610,bitget,ADA/USDT:USDT,0.8232,60668.0,0.8233,80731.0,0.8232,275251312.0,220475629.0464
1753507280916,05:21:20.916,bitget,ADA/USDT:USDT,0.8232,60668.0,0.8233,80731.0,0.8232,275251312.0,220475629.0464
1753507281232,05:21:21.232,bitget,ADA/USDT:USDT,0.8233,168.0,0.8234,56613.0,0.8232,275251312.0,220475629.0464
1753507281998,05:21:21.998,bitget,ADA/USDT:USDT,0.8233,57429.0,0.8234,45382.0,0.8232,275251312.0,220475629.0464
1753507282313,05:21:22.313,bitget,ADA/USDT:USDT,0.8233,72768.0,0.8234,71382.0,0.8232,275251312.0,220475629.0464
1753507282619,05:21:22.619,bitget,ADA/USDT:USDT,0.8233,72768.0,0.8234,56043.0,0.8232,275251312.0,220475629.0464
1753507282986,05:21:22.986,bitget,ADA/USDT:USDT,0.8233,44012.0,0.8234,77387.0,0.8232,275251312.0,220475629.0464
1753507283313,05:21:23.313,bitget,ADA/USDT:USDT,0.8233,44012.0,0.8234,77387.0,0.8232,275251312.0,220475629.0464
1753507283624,05:21:23.624,bitget,ADA/USDT:USDT,0.8233,44012.0,0.8234,77387.0,0.8232,275251312.0,220475629.0464
1753507284012,05:21:24.012,bitget,ADA/USDT:USDT,0.8233,44012.0,0.8234,77387.0,0.8232,275251312.0,220475629.0464
1753507285015,05:21:25.015,bitget,ADA/USDT:USDT,0.8233,60168.0,0.8234,61491.0,0.8232,275251312.0,220475629.0464
1753507285790,05:21:25.790,bitget,ADA/USDT:USDT,0.8233,60168.0,0.8234,61491.0,0.8232,275251312.0,220475629.0464
1753507286104,05:21:26.104,bitget,ADA/USDT:USDT,0.8233,60168.0,0.8234,61491.0,0.8232,275251312.0,220475629.0464
1753507286528,05:21:26.528,bitget,ADA/USDT:USDT,0.8233,60168.0,0.8234,61491.0,0.8232,275251312.0,220475629.0464
1753507286898,05:21:26.898,bitget,ADA/USDT:USDT,0.8233,60168.0,0.8234,61491.0,0.8232,275251312.0,220475629.0464
1753507287210,05:21:27.210,bitget,ADA/USDT:USDT,0.8233,60168.0,0.8234,61491.0,0.8232,275251312.0,220475629.0464
1753507287522,05:21:27.522,bitget,ADA/USDT:USDT,0.8233,60168.0,0.8234,61491.0,0.8232,275251312.0,220475629.0464
1753507287872,05:21:27.872,bitget,ADA/USDT:USDT,0.8233,60168.0,0.8234,61491.0,0.8232,275251312.0,220475629.0464
1753507288192,05:21:28.192,bitget,ADA/USDT:USDT,0.8233,60168.0,0.8234,61491.0,0.8232,275251312.0,220475629.0464
1753507288917,05:21:28.917,bitget,ADA/USDT:USDT,0.8232,73412.0,0.8233,535.0,0.8234,275251312.0,220475629.0464
1753507289270,05:21:29.270,bitget,ADA/USDT:USDT,0.8232,81964.0,0.8233,1365.0,0.8234,275331312.0,220541501.0464
1753507289585,05:21:29.585,bitget,ADA/USDT:USDT,0.8232,81964.0,0.8233,1365.0,0.8234,275331312.0,220541501.0464
1753507290227,05:21:30.227,bitget,ADA/USDT:USDT,0.8233,72173.0,0.8234,54619.0,0.8234,275331312.0,220541501.0464
1753507290559,05:21:30.559,bitget,ADA/USDT:USDT,0.8233,72005.0,0.8234,54619.0,0.8234,275331312.0,220541501.0464
1753507290869,05:21:30.869,bitget,ADA/USDT:USDT,0.8232,350.0,0.8233,45667.0,0.8234,275331312.0,220541501.0464
1753507291202,05:21:31.202,bitget,ADA/USDT:USDT,0.8232,2779.0,0.8233,76013.0,0.8234,275331312.0,220541501.0464
1753507291566,05:21:31.566,bitget,ADA/USDT:USDT,0.8231,58816.0,0.8233,76013.0,0.8234,275331312.0,220541501.0464
1753507291968,05:21:31.968,bitget,ADA/USDT:USDT,0.8231,58816.0,0.8233,76013.0,0.8234,275331312.0,220541501.0464
1753507292335,05:21:32.335,bitget,ADA/USDT:USDT,0.8231,46768.0,0.8232,63762.0,0.8234,275331312.0,220541501.0464
1753507292668,05:21:32.668,bitget,ADA/USDT:USDT,0.8231,63331.0,0.8232,63762.0,0.8234,275331312.0,220541501.0464
1753507293026,05:21:33.026,bitget,ADA/USDT:USDT,0.8231,63331.0,0.8232,63762.0,0.8234,275331312.0,220541501.0464
1753507293338,05:21:33.338,bitget,ADA/USDT:USDT,0.8231,63331.0,0.8232,63762.0,0.8234,275331312.0,220541501.0464
1753507293659,05:21:33.659,bitget,ADA/USDT:USDT,0.8231,63331.0,0.8232,63762.0,0.8234,275331312.0,220541501.0464
1753507294092,05:21:34.092,bitget,ADA/USDT:USDT,0.8231,63331.0,0.8232,63762.0,0.8234,275251312.0,220475629.0464
1753507294660,05:21:34.660,bitget,ADA/USDT:USDT,0.8231,63331.0,0.8232,63762.0,0.8234,275331312.0,220541501.0464
1753507294974,05:21:34.974,bitget,ADA/USDT:USDT,0.8231,63331.0,0.8232,63762.0,0.8234,275331312.0,220541501.0464
1753507295395,05:21:35.395,bitget,ADA/USDT:USDT,0.8231,63331.0,0.8232,63762.0,0.8234,275331312.0,220541501.0464
1753507295728,05:21:35.728,bitget,ADA/USDT:USDT,0.8231,63331.0,0.8232,63762.0,0.8234,275331312.0,220541501.0464
1753507296052,05:21:36.052,bitget,ADA/USDT:USDT,0.823,350.0,0.8231,62213.0,0.8234,275331312.0,220541501.0464
1753507296433,05:21:36.433,bitget,ADA/USDT:USDT,0.8229,35472.0,0.823,17043.0,0.8234,275331312.0,220541501.0464
1753507296850,05:21:36.850,bitget,ADA/USDT:USDT,0.8229,52844.0,0.823,59956.0,0.8234,275331312.0,220541501.0464
1753507297173,05:21:37.173,bitget,ADA/USDT:USDT,0.8229,56334.0,0.823,59956.0,0.8234,275331312.0,220541501.0464
1753507297482,05:21:37.482,bitget,ADA/USDT:USDT,0.8229,61517.0,0.823,59956.0,0.8234,275331312.0,220541501.0464
1753507297891,05:21:37.891,bitget,ADA/USDT:USDT,0.8229,61517.0,0.823,59956.0,0.8234,275331312.0,220541501.0464
1753507298208,05:21:38.208,bitget,ADA/USDT:USDT,0.823,16979.0,0.8231,76545.0,0.8234,275331312.0,220541501.0464
1753507298526,05:21:38.526,bitget,ADA/USDT:USDT,0.823,45751.0,0.8231,41028.0,0.8234,275331312.0,220541501.0464
1753507299034,05:21:39.034,bitget,ADA/USDT:USDT,0.823,45751.0,0.8231,67028.0,0.8234,275331312.0,220541501.0464
1753507299849,05:21:39.849,bitget,ADA/USDT:USDT,0.823,44928.0,0.8231,67028.0,0.8234,275331312.0,220541501.0464
