timestamp,time,exchange,symbol,bid,bidVolume,ask,askVolume,lastPrice,baseVolume,quoteVolume
1753504792743,04:39:52.743,bitget,ADA/USDT:USDT,0.827,64091.0,0.8271,26138.0,0.8274,276661594.0,221559802.0448
1753504793724,04:39:53.724,bitget,ADA/USDT:USDT,0.827,65333.0,0.8271,27737.0,0.8274,276661594.0,221559802.0448
1753504794808,04:39:54.808,bitget,ADA/USDT:USDT,0.8271,11484.0,0.8272,39219.0,0.8274,276661594.0,221559802.0448
1753504795121,04:39:55.121,bitget,ADA/USDT:USDT,0.8271,44547.0,0.8272,64719.0,0.8274,276661594.0,221559802.0448
1753504795504,04:39:55.504,bitget,ADA/USDT:USDT,0.8271,44547.0,0.8272,39219.0,0.8274,276661594.0,221559802.0448
1753504795836,04:39:55.836,bitget,ADA/USDT:USDT,0.8271,44547.0,0.8272,39219.0,0.8274,276661594.0,221559802.0448
1753504796149,04:39:56.149,bitget,ADA/USDT:USDT,0.8271,44547.0,0.8272,62719.0,0.8274,276661594.0,221559802.0448
1753504796525,04:39:56.525,bitget,ADA/USDT:USDT,0.8271,44547.0,0.8272,39219.0,0.8274,276661594.0,221559802.0448
1753504796894,04:39:56.894,bitget,ADA/USDT:USDT,0.8271,44547.0,0.8272,39219.0,0.8274,276661594.0,221559802.0448
1753504797212,04:39:57.212,bitget,ADA/USDT:USDT,0.8271,44547.0,0.8272,39219.0,0.8274,276661594.0,221559802.0448
1753504797524,04:39:57.524,bitget,ADA/USDT:USDT,0.8271,44547.0,0.8272,39219.0,0.8274,276661594.0,221559802.0448
1753504797859,04:39:57.859,bitget,ADA/USDT:USDT,0.8271,53547.0,0.8272,39219.0,0.8274,276661594.0,221559802.0448
1753504798257,04:39:58.257,bitget,ADA/USDT:USDT,0.8271,53547.0,0.8272,22656.0,0.8274,276661594.0,221559802.0448
1753504798892,04:39:58.892,bitget,ADA/USDT:USDT,0.8271,29294.0,0.8272,67878.0,0.8274,276661594.0,221559802.0448
1753504799265,04:39:59.265,bitget,ADA/USDT:USDT,0.8271,28047.0,0.8272,67878.0,0.8274,276661594.0,221559802.0448
1753504799612,04:39:59.612,bitget,ADA/USDT:USDT,0.8271,28047.0,0.8272,67878.0,0.8274,276661594.0,221559802.0448
1753504799973,04:39:59.973,bitget,ADA/USDT:USDT,0.8271,28047.0,0.8272,67878.0,0.8274,276661594.0,221559802.0448
1753504800733,04:40:00.733,bitget,ADA/USDT:USDT,0.8271,44979.0,0.8272,43378.0,0.8271,276468578.0,221403881.9126
1753504801674,04:40:01.674,bitget,ADA/USDT:USDT,0.8271,24433.0,0.8272,45368.0,0.8271,276661594.0,221559802.0448
1753504802135,04:40:02.135,bitget,ADA/USDT:USDT,0.8271,2454.0,0.8272,75523.0,0.8271,276480714.0,221413919.5982
1753504803047,04:40:03.047,bitget,ADA/USDT:USDT,0.8271,855.0,0.8272,66868.0,0.8271,276480714.0,221413919.5982
1753504803421,04:40:03.421,bitget,ADA/USDT:USDT,0.8271,2454.0,0.8272,66868.0,0.8271,276480714.0,221413919.5982
1753504803752,04:40:03.752,bitget,ADA/USDT:USDT,0.8271,14505.0,0.8272,66868.0,0.8271,276480714.0,221413919.5982
1753504804062,04:40:04.062,bitget,ADA/USDT:USDT,0.8271,14505.0,0.8272,66868.0,0.8271,276480714.0,221413919.5982
1753504804398,04:40:04.398,bitget,ADA/USDT:USDT,0.827,24449.0,0.8271,56424.0,0.8271,276480714.0,221413919.5982
1753504804826,04:40:04.826,bitget,ADA/USDT:USDT,0.827,24449.0,0.8271,60523.0,0.8271,276483650.0,221416347.891
1753504805506,04:40:05.506,bitget,ADA/USDT:USDT,0.827,41517.0,0.8271,37127.0,0.8271,276483650.0,221416347.891
1753504805854,04:40:05.854,bitget,ADA/USDT:USDT,0.827,41517.0,0.8271,62627.0,0.8271,276483650.0,221416347.891
1753504806500,04:40:06.500,bitget,ADA/USDT:USDT,0.827,41517.0,0.8271,62627.0,0.8271,276483650.0,221416347.891
1753504806881,04:40:06.881,bitget,ADA/USDT:USDT,0.827,41517.0,0.8271,56059.0,0.8271,276483650.0,221416347.891
1753504807244,04:40:07.244,bitget,ADA/USDT:USDT,0.827,41517.0,0.8271,55139.0,0.8271,276524550.0,221450176.281
1753504807559,04:40:07.559,bitget,ADA/USDT:USDT,0.827,41517.0,0.8271,55139.0,0.8271,276524550.0,221450176.281
1753504807872,04:40:07.872,bitget,ADA/USDT:USDT,0.827,44517.0,0.8271,41586.0,0.8271,276524550.0,221450176.281
1753504808216,04:40:08.216,bitget,ADA/USDT:USDT,0.827,44517.0,0.8271,41586.0,0.8271,276524550.0,221450176.281
1753504808547,04:40:08.547,bitget,ADA/USDT:USDT,0.827,41517.0,0.8271,54586.0,0.8271,276524550.0,221450176.281
1753504808859,04:40:08.859,bitget,ADA/USDT:USDT,0.827,41517.0,0.8271,54586.0,0.8271,276524550.0,221450176.281
1753504809169,04:40:09.169,bitget,ADA/USDT:USDT,0.827,41517.0,0.8271,34086.0,0.8271,276524550.0,221450176.281
1753504809564,04:40:09.564,bitget,ADA/USDT:USDT,0.827,41517.0,0.8271,28206.0,0.8271,276524550.0,221450176.281
1753504809882,04:40:09.882,bitget,ADA/USDT:USDT,0.827,41517.0,0.8271,28206.0,0.8271,276524550.0,221450176.281
1753504810500,04:40:10.500,bitget,ADA/USDT:USDT,0.827,45350.0,0.8271,16327.0,0.8271,276524550.0,221450176.281
1753504810831,04:40:10.831,bitget,ADA/USDT:USDT,0.827,45350.0,0.8271,16327.0,0.8271,276524550.0,221450176.281
1753504811153,04:40:11.153,bitget,ADA/USDT:USDT,0.827,45350.0,0.8271,16327.0,0.8271,276524550.0,221450176.281
1753504811468,04:40:11.468,bitget,ADA/USDT:USDT,0.827,45350.0,0.8271,14728.0,0.8271,276524550.0,221450176.281
1753504811873,04:40:11.873,bitget,ADA/USDT:USDT,0.827,45350.0,0.8271,16940.0,0.8271,276480714.0,221413919.5982
1753504812566,04:40:12.566,bitget,ADA/USDT:USDT,0.827,42350.0,0.8271,18444.0,0.8271,276524550.0,221450176.281
1753504812873,04:40:12.873,bitget,ADA/USDT:USDT,0.827,45350.0,0.8271,17891.0,0.8271,276524550.0,221450176.281
1753504813231,04:40:13.231,bitget,ADA/USDT:USDT,0.827,45350.0,0.8271,15942.0,0.8271,276524550.0,221450176.281
1753504813594,04:40:13.594,bitget,ADA/USDT:USDT,0.827,45350.0,0.8271,18473.0,0.8271,276524550.0,221450176.281
1753504813904,04:40:13.904,bitget,ADA/USDT:USDT,0.827,44517.0,0.8271,55070.0,0.8271,276524550.0,221450176.281
1753504814266,04:40:14.266,bitget,ADA/USDT:USDT,0.827,44517.0,0.8271,55070.0,0.8271,276524550.0,221450176.281
1753504814671,04:40:14.671,bitget,ADA/USDT:USDT,0.827,44517.0,0.8271,30070.0,0.8271,276524550.0,221450176.281
1753504814993,04:40:14.993,bitget,ADA/USDT:USDT,0.827,44517.0,0.8271,30070.0,0.8271,276524550.0,221450176.281
1753504815312,04:40:15.312,bitget,ADA/USDT:USDT,0.827,44517.0,0.8271,16677.0,0.8271,276524550.0,221450176.281
1753504815697,04:40:15.697,bitget,ADA/USDT:USDT,0.827,44517.0,0.8271,16677.0,0.8271,276524550.0,221450176.281
1753504816025,04:40:16.025,bitget,ADA/USDT:USDT,0.827,44517.0,0.8271,16327.0,0.8271,276524550.0,221450176.281
1753504816665,04:40:16.665,bitget,ADA/USDT:USDT,0.8273,30763.0,0.8274,24333.0,0.8272,276524550.0,221450176.281
1753504817580,04:40:17.580,bitget,ADA/USDT:USDT,0.8273,35992.0,0.8274,43395.0,0.8272,276524550.0,221450176.281
1753504817895,04:40:17.895,bitget,ADA/USDT:USDT,0.8273,20141.0,0.8274,68895.0,0.8272,276524550.0,221450176.281
1753504818253,04:40:18.253,bitget,ADA/USDT:USDT,0.8273,20141.0,0.8274,68895.0,0.8272,276527748.0,221452821.6666
1753504818599,04:40:18.599,bitget,ADA/USDT:USDT,0.8273,20141.0,0.8274,68895.0,0.8272,276527748.0,221452821.6666
1753504818910,04:40:18.910,bitget,ADA/USDT:USDT,0.8273,20141.0,0.8274,68895.0,0.8272,276527748.0,221452821.6666
1753504819249,04:40:19.249,bitget,ADA/USDT:USDT,0.8273,18542.0,0.8274,68895.0,0.8272,276527748.0,221452821.6666
1753504819628,04:40:19.628,bitget,ADA/USDT:USDT,0.8273,18542.0,0.8274,68895.0,0.8272,276527748.0,221452821.6666
1753504819940,04:40:19.940,bitget,ADA/USDT:USDT,0.8273,18542.0,0.8274,68895.0,0.8272,276527748.0,221452821.6666
1753504820251,04:40:20.251,bitget,ADA/USDT:USDT,0.8273,20141.0,0.8274,68895.0,0.8272,276527748.0,221452821.6666
1753504820596,04:40:20.596,bitget,ADA/USDT:USDT,0.8273,18542.0,0.8274,72070.0,0.8272,276527748.0,221452821.6666
1753504820925,04:40:20.925,bitget,ADA/USDT:USDT,0.8273,20141.0,0.8274,68895.0,0.8272,276527748.0,221452821.6666
1753504821241,04:40:21.241,bitget,ADA/USDT:USDT,0.8273,18542.0,0.8274,68895.0,0.8272,276527748.0,221452821.6666
1753504821550,04:40:21.550,bitget,ADA/USDT:USDT,0.8273,20141.0,0.8274,68895.0,0.8272,276527748.0,221452821.6666
1753504821925,04:40:21.925,bitget,ADA/USDT:USDT,0.8273,20141.0,0.8274,68895.0,0.8272,276527748.0,221452821.6666
1753504822275,04:40:22.275,bitget,ADA/USDT:USDT,0.8273,20141.0,0.8274,68895.0,0.8272,276527748.0,221452821.6666
1753504822579,04:40:22.579,bitget,ADA/USDT:USDT,0.8273,20141.0,0.8274,68895.0,0.8272,276527748.0,221452821.6666
1753504822901,04:40:22.901,bitget,ADA/USDT:USDT,0.8273,20141.0,0.8274,68895.0,0.8272,276527748.0,221452821.6666
1753504823686,04:40:23.686,bitget,ADA/USDT:USDT,0.8273,20141.0,0.8274,68895.0,0.8272,276527748.0,221452821.6666
1753504824011,04:40:24.011,bitget,ADA/USDT:USDT,0.8271,82422.0,0.8272,2323.0,0.8272,276527748.0,221452821.6666
1753504824426,04:40:24.426,bitget,ADA/USDT:USDT,0.8271,108485.0,0.8272,16089.0,0.8272,276527748.0,221452821.6666
1753504824745,04:40:24.745,bitget,ADA/USDT:USDT,0.8271,108485.0,0.8272,16089.0,0.8272,276527748.0,221452821.6666
1753504825049,04:40:25.049,bitget,ADA/USDT:USDT,0.8271,98985.0,0.8272,9198.0,0.8272,276527748.0,221452821.6666
1753504825369,04:40:25.369,bitget,ADA/USDT:USDT,0.8271,98985.0,0.8272,13286.0,0.8272,276527748.0,221452821.6666
1753504826046,04:40:26.046,bitget,ADA/USDT:USDT,0.8271,855.0,0.8272,44460.0,0.8272,276527748.0,221452821.6666
1753504826358,04:40:26.358,bitget,ADA/USDT:USDT,0.8271,855.0,0.8272,44460.0,0.8272,276527748.0,221452821.6666
1753504826730,04:40:26.730,bitget,ADA/USDT:USDT,0.8271,505.0,0.8272,59960.0,0.8272,276527748.0,221452821.6666
1753504827161,04:40:27.161,bitget,ADA/USDT:USDT,0.827,2770.0,0.8271,73449.0,0.827,276527748.0,221452821.6666
1753504827920,04:40:27.920,bitget,ADA/USDT:USDT,0.827,2747.0,0.8271,73449.0,0.827,276528476.0,221453423.7226
1753504828726,04:40:28.726,bitget,ADA/USDT:USDT,0.827,46197.0,0.8271,71415.0,0.827,276528476.0,221453423.7226
1753504829763,04:40:29.763,bitget,ADA/USDT:USDT,0.827,19355.0,0.8271,71415.0,0.827,276528476.0,221453423.7226
1753504830073,04:40:30.073,bitget,ADA/USDT:USDT,0.827,20954.0,0.8271,71415.0,0.827,276527748.0,221452821.6666
1753504830493,04:40:30.493,bitget,ADA/USDT:USDT,0.827,44517.0,0.8271,45915.0,0.827,276528476.0,221453423.7226
1753504830846,04:40:30.846,bitget,ADA/USDT:USDT,0.827,44517.0,0.8271,45915.0,0.827,276528476.0,221453423.7226
1753504831162,04:40:31.162,bitget,ADA/USDT:USDT,0.827,45329.0,0.8271,15339.0,0.827,276528476.0,221453423.7226
1753504831525,04:40:31.525,bitget,ADA/USDT:USDT,0.827,45329.0,0.8271,15339.0,0.827,276528476.0,221453423.7226
1753504831978,04:40:31.978,bitget,ADA/USDT:USDT,0.827,60668.0,0.8272,35356.0,0.827,276528476.0,221453423.7226
1753504832553,04:40:32.553,bitget,ADA/USDT:USDT,0.8271,2491.0,0.8272,57571.0,0.827,276528476.0,221453423.7226
1753504832881,04:40:32.881,bitget,ADA/USDT:USDT,0.827,37785.0,0.8271,22428.0,0.8271,276528476.0,221453423.7226
1753504833266,04:40:33.266,bitget,ADA/USDT:USDT,0.827,31879.0,0.8271,22428.0,0.8271,276528476.0,221453423.7226
1753504833606,04:40:33.606,bitget,ADA/USDT:USDT,0.827,31879.0,0.8271,22428.0,0.8271,276528476.0,221453423.7226
1753504833930,04:40:33.930,bitget,ADA/USDT:USDT,0.827,52879.0,0.8271,26589.0,0.8271,276529622.0,221454371.5792
1753504834249,04:40:34.249,bitget,ADA/USDT:USDT,0.827,4329.0,0.8271,43152.0,0.8271,276529622.0,221454371.5792
1753504834658,04:40:34.658,bitget,ADA/USDT:USDT,0.827,46389.0,0.8271,43152.0,0.8271,276529622.0,221454371.5792
1753504835070,04:40:35.070,bitget,ADA/USDT:USDT,0.827,46389.0,0.8271,43152.0,0.8271,276529622.0,221454371.5792
1753504835389,04:40:35.389,bitget,ADA/USDT:USDT,0.827,46389.0,0.8271,43152.0,0.8271,276529622.0,221454371.5792
1753504835732,04:40:35.732,bitget,ADA/USDT:USDT,0.827,25066.0,0.8271,43152.0,0.8271,276529622.0,221454371.5792
1753504836085,04:40:36.085,bitget,ADA/USDT:USDT,0.827,21569.0,0.8271,43152.0,0.8271,276529622.0,221454371.5792
1753504836415,04:40:36.415,bitget,ADA/USDT:USDT,0.827,21569.0,0.8271,43152.0,0.8271,276529622.0,221454371.5792
1753504836736,04:40:36.736,bitget,ADA/USDT:USDT,0.827,18131.0,0.8271,63152.0,0.8271,276529622.0,221454371.5792
1753504837236,04:40:37.236,bitget,ADA/USDT:USDT,0.827,18131.0,0.8271,63152.0,0.8271,276529622.0,221454371.5792
1753504837964,04:40:37.964,bitget,ADA/USDT:USDT,0.827,1568.0,0.8271,63152.0,0.8271,276529622.0,221454371.5792
1753504838352,04:40:38.352,bitget,ADA/USDT:USDT,0.8266,102178.0,0.8267,3239.0,0.8268,276529622.0,221454371.5792
1753504838712,04:40:38.712,bitget,ADA/USDT:USDT,0.8266,21520.0,0.8267,35491.0,0.8266,276529622.0,221454371.5792
1753504839025,04:40:39.025,bitget,ADA/USDT:USDT,0.8267,54760.0,0.8268,23380.0,0.8267,276529622.0,221454371.5792
1753504839346,04:40:39.346,bitget,ADA/USDT:USDT,0.8267,20152.0,0.8268,40796.0,0.8267,276540136.0,221463065.3146
1753504839806,04:40:39.806,bitget,ADA/USDT:USDT,0.8266,37630.0,0.8267,53565.0,0.8267,276529622.0,221454371.5792
1753504840308,04:40:40.308,bitget,ADA/USDT:USDT,0.8266,3589.0,0.8267,60065.0,0.8267,276546494.0,221468321.4732
1753504841500,04:40:41.500,bitget,ADA/USDT:USDT,0.8266,12490.0,0.8267,60065.0,0.8267,276546494.0,221468321.4732
1753504841867,04:40:41.867,bitget,ADA/USDT:USDT,0.8266,1990.0,0.8267,60065.0,0.8267,276546494.0,221468321.4732
1753504842225,04:40:42.225,bitget,ADA/USDT:USDT,0.8266,1990.0,0.8267,60065.0,0.8267,276546494.0,221468321.4732
1753504842536,04:40:42.536,bitget,ADA/USDT:USDT,0.8266,1640.0,0.8267,60065.0,0.8267,276546494.0,221468321.4732
1753504842847,04:40:42.847,bitget,ADA/USDT:USDT,0.8264,48225.0,0.8265,6436.0,0.8264,276546494.0,221468321.4732
1753504843210,04:40:43.210,bitget,ADA/USDT:USDT,0.8263,78506.0,0.8264,2461.0,0.8264,276546494.0,221468321.4732
1753504843999,04:40:43.999,bitget,ADA/USDT:USDT,0.8264,64526.0,0.8265,33501.0,0.8264,276546494.0,221468321.4732
1753504844462,04:40:44.462,bitget,ADA/USDT:USDT,0.8265,76779.0,0.8266,17288.0,0.8264,276549252.0,221470600.8874
1753504845261,04:40:45.261,bitget,ADA/USDT:USDT,0.8265,76779.0,0.8266,17288.0,0.8264,276549252.0,221470600.8874
1753504845618,04:40:45.618,bitget,ADA/USDT:USDT,0.8265,45652.0,0.8266,47295.0,0.8264,276549252.0,221470600.8874
1753504845959,04:40:45.959,bitget,ADA/USDT:USDT,0.8265,45652.0,0.8266,47295.0,0.8264,276549252.0,221470600.8874
1753504846282,04:40:46.282,bitget,ADA/USDT:USDT,0.8265,45652.0,0.8266,41295.0,0.8264,276540136.0,221463065.3146
1753504846970,04:40:46.970,bitget,ADA/USDT:USDT,0.8265,3589.0,0.8266,41295.0,0.8264,276549252.0,221470600.8874
1753504847341,04:40:47.341,bitget,ADA/USDT:USDT,0.8265,3589.0,0.8266,41295.0,0.8264,276546494.0,221468321.4732
1753504847853,04:40:47.853,bitget,ADA/USDT:USDT,0.8264,2809.0,0.8265,38998.0,0.8264,276549252.0,221470600.8874
1753504848820,04:40:48.820,bitget,ADA/USDT:USDT,0.8264,29908.0,0.8265,38041.0,0.8264,276546494.0,221468321.4732
1753504849646,04:40:49.646,bitget,ADA/USDT:USDT,0.8264,27490.0,0.8265,44767.0,0.8264,276549252.0,221470600.8874
1753504849960,04:40:49.960,bitget,ADA/USDT:USDT,0.8264,27490.0,0.8265,44767.0,0.8264,276549252.0,221470600.8874
1753504850276,04:40:50.276,bitget,ADA/USDT:USDT,0.8264,3589.0,0.8265,61267.0,0.8264,276549252.0,221470600.8874
1753504850663,04:40:50.663,bitget,ADA/USDT:USDT,0.8264,1990.0,0.8265,61267.0,0.8264,276549252.0,221470600.8874
1753504850981,04:40:50.981,bitget,ADA/USDT:USDT,0.8264,1990.0,0.8265,61267.0,0.8264,276549252.0,221470600.8874
1753504851289,04:40:51.289,bitget,ADA/USDT:USDT,0.8264,4408.0,0.8265,36767.0,0.8264,276549252.0,221470600.8874
1753504851669,04:40:51.669,bitget,ADA/USDT:USDT,0.8264,3589.0,0.8265,44767.0,0.8264,276549252.0,221470600.8874
1753504852055,04:40:52.055,bitget,ADA/USDT:USDT,0.8264,4408.0,0.8265,36767.0,0.8264,276549252.0,221470600.8874
1753504852364,04:40:52.364,bitget,ADA/USDT:USDT,0.8264,4408.0,0.8265,36767.0,0.8264,276549252.0,221470600.8874
1753504852679,04:40:52.679,bitget,ADA/USDT:USDT,0.8264,29908.0,0.8265,31722.0,0.8264,276549252.0,221470600.8874
1753504853068,04:40:53.068,bitget,ADA/USDT:USDT,0.8264,29908.0,0.8265,31722.0,0.8264,276549252.0,221470600.8874
1753504853407,04:40:53.407,bitget,ADA/USDT:USDT,0.8264,29908.0,0.8265,31722.0,0.8264,276549252.0,221470600.8874
1753504853717,04:40:53.717,bitget,ADA/USDT:USDT,0.8264,46471.0,0.8265,16938.0,0.8264,276549252.0,221470600.8874
1753504854032,04:40:54.032,bitget,ADA/USDT:USDT,0.8264,46471.0,0.8265,22305.0,0.8264,276549252.0,221470600.8874
1753504854428,04:40:54.428,bitget,ADA/USDT:USDT,0.8264,46471.0,0.8265,39218.0,0.8264,276549252.0,221470600.8874
1753504855072,04:40:55.072,bitget,ADA/USDT:USDT,0.8264,46471.0,0.8265,39218.0,0.8264,276549252.0,221470600.8874
1753504855450,04:40:55.450,bitget,ADA/USDT:USDT,0.8264,46471.0,0.8265,33851.0,0.8264,276549252.0,221470600.8874
1753504855799,04:40:55.799,bitget,ADA/USDT:USDT,0.8264,46050.0,0.8265,33851.0,0.8264,276550094.0,221471296.7162
1753504856108,04:40:56.108,bitget,ADA/USDT:USDT,0.8264,46050.0,0.8265,33851.0,0.8264,276550094.0,221471296.7162
1753504856770,04:40:56.770,bitget,ADA/USDT:USDT,0.8264,46050.0,0.8265,34315.0,0.8264,276550094.0,221471296.7162
1753504857443,04:40:57.443,bitget,ADA/USDT:USDT,0.8264,46050.0,0.8265,34315.0,0.8264,276550094.0,221471296.7162
1753504857764,04:40:57.764,bitget,ADA/USDT:USDT,0.8264,46050.0,0.8265,34315.0,0.8264,276550094.0,221471296.7162
1753504858383,04:40:58.383,bitget,ADA/USDT:USDT,0.8264,46050.0,0.8265,34315.0,0.8264,276550094.0,221471296.7162
1753504858694,04:40:58.694,bitget,ADA/USDT:USDT,0.8264,3987.0,0.8265,57315.0,0.8264,276550094.0,221471296.7162
1753504859058,04:40:59.058,bitget,ADA/USDT:USDT,0.8264,3987.0,0.8265,62360.0,0.8264,276550094.0,221471296.7162
1753504859931,04:40:59.931,bitget,ADA/USDT:USDT,0.8264,23987.0,0.8265,62360.0,0.8264,276550094.0,221471296.7162
1753504860253,04:41:00.253,bitget,ADA/USDT:USDT,0.8264,23987.0,0.8265,62360.0,0.8264,276550094.0,221471296.7162
1753504860617,04:41:00.617,bitget,ADA/USDT:USDT,0.8264,23987.0,0.8265,39360.0,0.8264,276550094.0,221471296.7162
1753504860929,04:41:00.929,bitget,ADA/USDT:USDT,0.8264,23987.0,0.8265,39360.0,0.8264,276550094.0,221471296.7162
1753504861242,04:41:01.242,bitget,ADA/USDT:USDT,0.8264,23987.0,0.8265,39360.0,0.8264,276550094.0,221471296.7162
1753504861631,04:41:01.631,bitget,ADA/USDT:USDT,0.8264,29487.0,0.8265,39360.0,0.8264,276550094.0,221471296.7162
1753504862327,04:41:02.327,bitget,ADA/USDT:USDT,0.8264,29487.0,0.8265,49860.0,0.8264,276550094.0,221471296.7162
1753504862729,04:41:02.729,bitget,ADA/USDT:USDT,0.8264,29487.0,0.8265,49860.0,0.8264,276405464.0,221354717.1274
1753504863051,04:41:03.051,bitget,ADA/USDT:USDT,0.8264,29487.0,0.8265,49860.0,0.8264,276405464.0,221354717.1274
1753504863399,04:41:03.399,bitget,ADA/USDT:USDT,0.8264,29487.0,0.8265,49860.0,0.8264,276405464.0,221354717.1274
1753504863739,04:41:03.739,bitget,ADA/USDT:USDT,0.8264,29487.0,0.8265,39360.0,0.8264,276405464.0,221354717.1274
1753504864064,04:41:04.064,bitget,ADA/USDT:USDT,0.8264,29487.0,0.8265,39360.0,0.8264,276405464.0,221354717.1274
1753504865065,04:41:05.065,bitget,ADA/USDT:USDT,0.8265,29089.0,0.8266,42231.0,0.8264,276405464.0,221354717.1274
1753504865379,04:41:05.379,bitget,ADA/USDT:USDT,0.8265,46471.0,0.8266,39683.0,0.8264,276405464.0,221354717.1274
1753504865697,04:41:05.697,bitget,ADA/USDT:USDT,0.8266,58101.0,0.8267,24239.0,0.8264,276405464.0,221354717.1274
1753504866031,04:41:06.031,bitget,ADA/USDT:USDT,0.8266,54547.0,0.8267,35505.0,0.8264,276405464.0,221354717.1274
1753504866350,04:41:06.350,bitget,ADA/USDT:USDT,0.8266,54547.0,0.8267,52068.0,0.8264,276405464.0,221354717.1274
1753504866668,04:41:06.668,bitget,ADA/USDT:USDT,0.8266,54547.0,0.8267,52068.0,0.8264,276405464.0,221354717.1274
1753504867094,04:41:07.094,bitget,ADA/USDT:USDT,0.8266,1124.0,0.8267,78172.0,0.8264,276405464.0,221354717.1274
1753504867752,04:41:07.752,bitget,ADA/USDT:USDT,0.8266,1124.0,0.8267,78172.0,0.8264,276405464.0,221354717.1274
1753504868075,04:41:08.075,bitget,ADA/USDT:USDT,0.8266,1124.0,0.8267,78899.0,0.8264,276405464.0,221354717.1274
1753504868407,04:41:08.407,bitget,ADA/USDT:USDT,0.8266,1124.0,0.8267,78899.0,0.8264,276405464.0,221354717.1274
1753504868744,04:41:08.744,bitget,ADA/USDT:USDT,0.8265,19747.0,0.8266,45827.0,0.8264,276405464.0,221354717.1274
1753504869057,04:41:09.057,bitget,ADA/USDT:USDT,0.8265,19747.0,0.8266,45827.0,0.8264,276405464.0,221354717.1274
1753504869391,04:41:09.391,bitget,ADA/USDT:USDT,0.8265,3589.0,0.8266,34827.0,0.8264,276405464.0,221354717.1274
1753504869747,04:41:09.747,bitget,ADA/USDT:USDT,0.8265,4407.0,0.8266,34827.0,0.8264,276405464.0,221354717.1274
1753504870065,04:41:10.065,bitget,ADA/USDT:USDT,0.8265,4407.0,0.8266,34827.0,0.8264,276405464.0,221354717.1274
1753504870388,04:41:10.388,bitget,ADA/USDT:USDT,0.8265,3589.0,0.8266,59327.0,0.8264,276405464.0,221354717.1274
1753504870818,04:41:10.818,bitget,ADA/USDT:USDT,0.8264,2767.0,0.8265,36412.0,0.8264,276405464.0,221354717.1274
1753504871744,04:41:11.744,bitget,ADA/USDT:USDT,0.8264,46470.0,0.8265,23982.0,0.8264,276405464.0,221354717.1274
1753504872179,04:41:12.179,bitget,ADA/USDT:USDT,0.8264,46470.0,0.8265,23982.0,0.8264,276405464.0,221354717.1274
1753504872811,04:41:12.811,bitget,ADA/USDT:USDT,0.8264,46470.0,0.8265,23982.0,0.8264,276405464.0,221354717.1274
1753504873135,04:41:13.135,bitget,ADA/USDT:USDT,0.8264,46470.0,0.8265,23982.0,0.8264,276405464.0,221354717.1274
1753504873466,04:41:13.466,bitget,ADA/USDT:USDT,0.8264,46470.0,0.8265,23982.0,0.8264,276405464.0,221354717.1274
1753504873780,04:41:13.780,bitget,ADA/USDT:USDT,0.8264,46470.0,0.8265,23982.0,0.8264,276405464.0,221354717.1274
1753504874090,04:41:14.090,bitget,ADA/USDT:USDT,0.8264,46470.0,0.8265,23982.0,0.8264,276405464.0,221354717.1274
1753504874467,04:41:14.467,bitget,ADA/USDT:USDT,0.8264,20970.0,0.8265,40545.0,0.8264,276405464.0,221354717.1274
1753504875345,04:41:15.345,bitget,ADA/USDT:USDT,0.8263,44694.0,0.8264,53289.0,0.8263,276405464.0,221354717.1274
1753504875809,04:41:15.809,bitget,ADA/USDT:USDT,0.8263,42346.0,0.8264,37888.0,0.8263,276406216.0,221355338.5098
1753504876646,04:41:16.646,bitget,ADA/USDT:USDT,0.8265,15073.0,0.8266,18570.0,0.8264,276406216.0,221355338.5098
1753504877680,04:41:17.680,bitget,ADA/USDT:USDT,0.8265,1124.0,0.8266,66955.0,0.8264,276405464.0,221354717.1274
1753504878371,04:41:18.371,bitget,ADA/USDT:USDT,0.8265,1474.0,0.8266,66939.0,0.8266,276406916.0,221355916.9898
1753504878679,04:41:18.679,bitget,ADA/USDT:USDT,0.8265,1474.0,0.8266,66939.0,0.8266,276406916.0,221355916.9898
1753504878989,04:41:18.989,bitget,ADA/USDT:USDT,0.8265,22120.0,0.8266,44335.0,0.8266,276406916.0,221355916.9898
1753504879413,04:41:19.413,bitget,ADA/USDT:USDT,0.8265,22120.0,0.8266,44335.0,0.8266,276406216.0,221355338.5098
1753504879875,04:41:19.875,bitget,ADA/USDT:USDT,0.8265,21276.0,0.8266,66335.0,0.8266,276405464.0,221354717.1274
1753504880499,04:41:20.499,bitget,ADA/USDT:USDT,0.8265,21276.0,0.8266,66335.0,0.8266,276406948.0,221355943.441
1753504880861,04:41:20.861,bitget,ADA/USDT:USDT,0.8265,21276.0,0.8266,66335.0,0.8266,276406948.0,221355943.441
1753504881176,04:41:21.176,bitget,ADA/USDT:USDT,0.8265,32276.0,0.8266,66335.0,0.8266,276406948.0,221355943.441
1753504881488,04:41:21.488,bitget,ADA/USDT:USDT,0.8265,32276.0,0.8266,44335.0,0.8266,276406948.0,221355943.441
1753504881893,04:41:21.893,bitget,ADA/USDT:USDT,0.8265,46276.0,0.8266,40835.0,0.8266,276406948.0,221355943.441
1753504882250,04:41:22.250,bitget,ADA/USDT:USDT,0.8265,46276.0,0.8266,40835.0,0.8266,276406948.0,221355943.441
1753504882570,04:41:22.570,bitget,ADA/USDT:USDT,0.8265,46276.0,0.8266,40835.0,0.8266,276406948.0,221355943.441
1753504882878,04:41:22.878,bitget,ADA/USDT:USDT,0.8265,32276.0,0.8266,49335.0,0.8266,276406948.0,221355943.441
1753504883208,04:41:23.208,bitget,ADA/USDT:USDT,0.8265,21276.0,0.8266,49335.0,0.8266,276406948.0,221355943.441
1753504883939,04:41:23.939,bitget,ADA/USDT:USDT,0.8265,21276.0,0.8266,66335.0,0.8266,276406948.0,221355943.441
1753504884876,04:41:24.876,bitget,ADA/USDT:USDT,0.8265,21276.0,0.8266,66335.0,0.8266,276406948.0,221355943.441
1753504885248,04:41:25.248,bitget,ADA/USDT:USDT,0.8265,22120.0,0.8266,66335.0,0.8266,276406948.0,221355943.441
1753504885559,04:41:25.559,bitget,ADA/USDT:USDT,0.8264,16101.0,0.8266,66335.0,0.8266,276406948.0,221355943.441
1753504885902,04:41:25.902,bitget,ADA/USDT:USDT,0.8264,4407.0,0.8265,57327.0,0.8266,276406948.0,221355943.441
1753504886211,04:41:26.211,bitget,ADA/USDT:USDT,0.8264,62089.0,0.8265,57327.0,0.8266,276406948.0,221355943.441
1753504886523,04:41:26.523,bitget,ADA/USDT:USDT,0.8264,62089.0,0.8265,57327.0,0.8266,276406948.0,221355943.441
1753504886948,04:41:26.948,bitget,ADA/USDT:USDT,0.8264,20152.0,0.8265,57327.0,0.8266,276406948.0,221355943.441
1753504887379,04:41:27.379,bitget,ADA/USDT:USDT,0.8264,20152.0,0.8265,57327.0,0.8266,276406948.0,221355943.441
1753504887996,04:41:27.996,bitget,ADA/USDT:USDT,0.8263,43090.0,0.8264,35526.0,0.8263,276406948.0,221355943.441
1753504888663,04:41:28.663,bitget,ADA/USDT:USDT,0.8263,43090.0,0.8264,35526.0,0.8263,276407676.0,221356544.9874
1753504888973,04:41:28.973,bitget,ADA/USDT:USDT,0.8263,17909.0,0.8264,16665.0,0.8263,276407676.0,221356544.9874
1753504889342,04:41:29.342,bitget,ADA/USDT:USDT,0.8264,49080.0,0.8265,24646.0,0.8264,276406948.0,221355943.441
1753504890208,04:41:30.208,bitget,ADA/USDT:USDT,0.8264,19883.0,0.8265,46532.0,0.8264,276456798.0,221397134.496
1753504890524,04:41:30.524,bitget,ADA/USDT:USDT,0.8264,19060.0,0.8265,46532.0,0.8264,276456798.0,221397134.496
1753504890915,04:41:30.915,bitget,ADA/USDT:USDT,0.8264,19883.0,0.8265,29146.0,0.8264,276456798.0,221397134.496
1753504891235,04:41:31.235,bitget,ADA/USDT:USDT,0.8264,19883.0,0.8265,29146.0,0.8264,276457726.0,221397901.3952
1753504891611,04:41:31.611,bitget,ADA/USDT:USDT,0.8264,19883.0,0.8265,40176.0,0.8264,276457726.0,221397901.3952
1753504891997,04:41:31.997,bitget,ADA/USDT:USDT,0.8264,28560.0,0.8265,61176.0,0.8264,276457726.0,221397901.3952
1753504892461,04:41:32.461,bitget,ADA/USDT:USDT,0.8264,28560.0,0.8265,61176.0,0.8264,276457726.0,221397901.3952
1753504893273,04:41:33.273,bitget,ADA/USDT:USDT,0.8264,45383.0,0.8266,59324.0,0.8264,276407676.0,221356544.9874
1753504893923,04:41:33.923,bitget,ADA/USDT:USDT,0.8265,57018.0,0.8266,31420.0,0.8264,276457726.0,221397901.3952
1753504894238,04:41:34.238,bitget,ADA/USDT:USDT,0.8265,56195.0,0.8266,52920.0,0.8264,276457726.0,221397901.3952
1753504894621,04:41:34.621,bitget,ADA/USDT:USDT,0.8265,56195.0,0.8266,52920.0,0.8264,276456798.0,221397134.496
1753504895363,04:41:35.363,bitget,ADA/USDT:USDT,0.8265,18037.0,0.8266,70210.0,0.8264,276407676.0,221356544.9874
1753504895983,04:41:35.983,bitget,ADA/USDT:USDT,0.8262,64806.0,0.8263,32789.0,0.8264,276457726.0,221397901.3952
1753504896327,04:41:36.327,bitget,ADA/USDT:USDT,0.8262,64806.0,0.8263,31966.0,0.8264,276457726.0,221397901.3952
1753504896632,04:41:36.632,bitget,ADA/USDT:USDT,0.8262,64806.0,0.8263,31966.0,0.8264,276457726.0,221397901.3952
1753504896940,04:41:36.940,bitget,ADA/USDT:USDT,0.8262,64806.0,0.8263,31966.0,0.8264,276457726.0,221397901.3952
1753504897332,04:41:37.332,bitget,ADA/USDT:USDT,0.8262,62559.0,0.8263,31966.0,0.8264,276457726.0,221397901.3952
1753504897694,04:41:37.694,bitget,ADA/USDT:USDT,0.8262,62559.0,0.8263,31966.0,0.8264,276457726.0,221397901.3952
1753504898056,04:41:38.056,bitget,ADA/USDT:USDT,0.8263,47319.0,0.8264,19751.0,0.8264,276457726.0,221397901.3952
1753504898369,04:41:38.369,bitget,ADA/USDT:USDT,0.8263,64725.0,0.8264,32998.0,0.8264,276457726.0,221397901.3952
1753504898710,04:41:38.710,bitget,ADA/USDT:USDT,0.8263,64725.0,0.8264,16979.0,0.8264,276457726.0,221397901.3952
1753504899040,04:41:39.040,bitget,ADA/USDT:USDT,0.8263,64725.0,0.8264,16979.0,0.8264,276457726.0,221397901.3952
1753504899707,04:41:39.707,bitget,ADA/USDT:USDT,0.8265,23105.0,0.8266,27424.0,0.8264,276457726.0,221397901.3952
1753504900133,04:41:40.133,bitget,ADA/USDT:USDT,0.8264,79591.0,0.8265,37792.0,0.8264,276457726.0,221397901.3952
1753504900484,04:41:40.484,bitget,ADA/USDT:USDT,0.8264,79591.0,0.8265,37792.0,0.8264,276458454.0,221398503.0144
1753504900797,04:41:40.797,bitget,ADA/USDT:USDT,0.8264,72831.0,0.8265,37280.0,0.8264,276458454.0,221398503.0144
1753504901118,04:41:41.118,bitget,ADA/USDT:USDT,0.8264,72831.0,0.8265,24646.0,0.8264,276458454.0,221398503.0144
1753504901776,04:41:41.776,bitget,ADA/USDT:USDT,0.8264,72831.0,0.8265,34193.0,0.8264,276458454.0,221398503.0144
1753504902094,04:41:42.094,bitget,ADA/USDT:USDT,0.8264,72831.0,0.8265,34193.0,0.8264,276458454.0,221398503.0144
1753504903105,04:41:43.105,bitget,ADA/USDT:USDT,0.8264,72831.0,0.8265,42693.0,0.8264,276458454.0,221398503.0144
1753504903837,04:41:43.837,bitget,ADA/USDT:USDT,0.8264,34399.0,0.8265,34193.0,0.8264,276458454.0,221398503.0144
1753504904219,04:41:44.219,bitget,ADA/USDT:USDT,0.8264,34399.0,0.8265,34193.0,0.8264,276458454.0,221398503.0144
1753504904531,04:41:44.531,bitget,ADA/USDT:USDT,0.8264,35242.0,0.8265,33350.0,0.8264,276458454.0,221398503.0144
1753504904940,04:41:44.940,bitget,ADA/USDT:USDT,0.8264,19903.0,0.8265,48895.0,0.8264,276458454.0,221398503.0144
1753504905676,04:41:45.676,bitget,ADA/USDT:USDT,0.8264,19903.0,0.8265,48895.0,0.8264,276458454.0,221398503.0144
1753504905994,04:41:45.994,bitget,ADA/USDT:USDT,0.8264,45403.0,0.8265,45895.0,0.8264,276458454.0,221398503.0144
1753504906350,04:41:46.350,bitget,ADA/USDT:USDT,0.8264,45403.0,0.8265,45895.0,0.8264,276458454.0,221398503.0144
1753504906727,04:41:46.727,bitget,ADA/USDT:USDT,0.8264,45403.0,0.8265,38395.0,0.8264,276458454.0,221398503.0144
1753504907040,04:41:47.040,bitget,ADA/USDT:USDT,0.8264,45403.0,0.8265,33350.0,0.8264,276458454.0,221398503.0144
1753504907776,04:41:47.776,bitget,ADA/USDT:USDT,0.8264,28840.0,0.8265,51650.0,0.8264,276458454.0,221398503.0144
1753504908094,04:41:48.094,bitget,ADA/USDT:USDT,0.8264,28840.0,0.8265,51650.0,0.8264,276458454.0,221398503.0144
1753504908412,04:41:48.412,bitget,ADA/USDT:USDT,0.8264,45403.0,0.8265,33350.0,0.8264,276458454.0,221398503.0144
1753504908757,04:41:48.757,bitget,ADA/USDT:USDT,0.8264,45403.0,0.8265,34144.0,0.8264,276458454.0,221398503.0144
1753504909091,04:41:49.091,bitget,ADA/USDT:USDT,0.8264,45403.0,0.8265,34144.0,0.8264,276458454.0,221398503.0144
1753504909401,04:41:49.401,bitget,ADA/USDT:USDT,0.8264,45403.0,0.8265,34697.0,0.8264,276458454.0,221398503.0144
1753504909711,04:41:49.711,bitget,ADA/USDT:USDT,0.8264,45403.0,0.8265,33350.0,0.8264,276458454.0,221398503.0144
1753504910061,04:41:50.061,bitget,ADA/USDT:USDT,0.8264,45403.0,0.8265,33350.0,0.8264,276458454.0,221398503.0144
1753504910408,04:41:50.408,bitget,ADA/USDT:USDT,0.8264,45403.0,0.8265,33350.0,0.8264,276458454.0,221398503.0144
1753504910724,04:41:50.724,bitget,ADA/USDT:USDT,0.8264,45403.0,0.8265,33735.0,0.8264,276458454.0,221398503.0144
1753504911037,04:41:51.037,bitget,ADA/USDT:USDT,0.8264,45403.0,0.8265,33735.0,0.8264,276458454.0,221398503.0144
1753504911391,04:41:51.391,bitget,ADA/USDT:USDT,0.8264,45403.0,0.8265,33735.0,0.8264,276458454.0,221398503.0144
1753504911790,04:41:51.790,bitget,ADA/USDT:USDT,0.8264,45403.0,0.8265,33735.0,0.8264,276458454.0,221398503.0144
1753504912431,04:41:52.431,bitget,ADA/USDT:USDT,0.8264,45403.0,0.8265,33735.0,0.8264,276458454.0,221398503.0144
1753504913299,04:41:53.299,bitget,ADA/USDT:USDT,0.8264,45403.0,0.8265,49735.0,0.8264,276458454.0,221398503.0144
1753504913620,04:41:53.620,bitget,ADA/USDT:USDT,0.8264,19895.0,0.8265,41235.0,0.8264,276458454.0,221398503.0144
1753504914312,04:41:54.312,bitget,ADA/USDT:USDT,0.8264,34395.0,0.8265,41235.0,0.8264,276458454.0,221398503.0144
1753504914622,04:41:54.622,bitget,ADA/USDT:USDT,0.8264,34395.0,0.8265,41235.0,0.8264,276458454.0,221398503.0144
1753504915078,04:41:55.078,bitget,ADA/USDT:USDT,0.8264,19895.0,0.8265,54235.0,0.8264,276458454.0,221398503.0144
1753504915892,04:41:55.892,bitget,ADA/USDT:USDT,0.8264,20139.0,0.8265,41235.0,0.8264,276458454.0,221398503.0144
1753504916259,04:41:56.259,bitget,ADA/USDT:USDT,0.8264,20139.0,0.8265,41235.0,0.8264,276458454.0,221398503.0144
1753504916641,04:41:56.641,bitget,ADA/USDT:USDT,0.8264,46515.0,0.8265,54235.0,0.8264,276458454.0,221398503.0144
1753504916964,04:41:56.964,bitget,ADA/USDT:USDT,0.8264,21015.0,0.8265,54235.0,0.8264,276458454.0,221398503.0144
1753504917280,04:41:57.280,bitget,ADA/USDT:USDT,0.8264,19895.0,0.8265,59280.0,0.8264,276458454.0,221398503.0144
1753504917840,04:41:57.840,bitget,ADA/USDT:USDT,0.8264,23941.0,0.8265,59280.0,0.8264,276458454.0,221398503.0144
1753504918188,04:41:58.188,bitget,ADA/USDT:USDT,0.8264,20649.0,0.8265,38780.0,0.8264,276458454.0,221398503.0144
1753504918496,04:41:58.496,bitget,ADA/USDT:USDT,0.8264,20649.0,0.8265,38780.0,0.8264,276458454.0,221398503.0144
1753504918808,04:41:58.808,bitget,ADA/USDT:USDT,0.8264,20338.0,0.8265,46780.0,0.8264,276458454.0,221398503.0144
1753504919469,04:41:59.469,bitget,ADA/USDT:USDT,0.8264,21146.0,0.8265,46780.0,0.8264,276458454.0,221398503.0144
1753504919784,04:41:59.784,bitget,ADA/USDT:USDT,0.8264,46646.0,0.8265,55780.0,0.8264,276458454.0,221398503.0144
1753504920247,04:42:00.247,bitget,ADA/USDT:USDT,0.8264,26395.0,0.8265,55780.0,0.8264,276039928.0,221061656.9314
1753504921207,04:42:01.207,bitget,ADA/USDT:USDT,0.8264,33395.0,0.8265,55780.0,0.8264,276458454.0,221398503.0144
1753504921575,04:42:01.575,bitget,ADA/USDT:USDT,0.8264,45395.0,0.8265,38780.0,0.8264,276039928.0,221061656.9314
1753504921967,04:42:01.967,bitget,ADA/USDT:USDT,0.8264,45395.0,0.8265,38780.0,0.8264,276039928.0,221061656.9314
1753504922336,04:42:02.336,bitget,ADA/USDT:USDT,0.8264,60734.0,0.8265,15339.0,0.8264,276039928.0,221061656.9314
1753504922674,04:42:02.674,bitget,ADA/USDT:USDT,0.8264,60734.0,0.8265,16938.0,0.8264,276039928.0,221061656.9314
1753504923048,04:42:03.048,bitget,ADA/USDT:USDT,0.8265,51520.0,0.8267,47548.0,0.8264,276039928.0,221061656.9314
1753504923427,04:42:03.427,bitget,ADA/USDT:USDT,0.8266,45670.0,0.8267,27092.0,0.8264,276039928.0,221061656.9314
1753504923746,04:42:03.746,bitget,ADA/USDT:USDT,0.8266,45670.0,0.8267,27092.0,0.8264,276039928.0,221061656.9314
1753504924074,04:42:04.074,bitget,ADA/USDT:USDT,0.8264,20266.0,0.8265,20245.0,0.8264,276039928.0,221061656.9314
1753504924840,04:42:04.840,bitget,ADA/USDT:USDT,0.8264,65621.0,0.8265,21157.0,0.8264,276039928.0,221061656.9314
1753504925168,04:42:05.168,bitget,ADA/USDT:USDT,0.8266,61828.0,0.8267,43281.0,0.8264,276040656.0,221062258.6206
1753504925561,04:42:05.561,bitget,ADA/USDT:USDT,0.8266,61828.0,0.8267,41332.0,0.8264,276040656.0,221062258.6206
1753504925919,04:42:05.919,bitget,ADA/USDT:USDT,0.8267,1672.0,0.8268,82375.0,0.8264,276040656.0,221062258.6206
1753504926232,04:42:06.232,bitget,ADA/USDT:USDT,0.8267,56636.0,0.8268,52656.0,0.8264,276040656.0,221062258.6206
1753504926544,04:42:06.544,bitget,ADA/USDT:USDT,0.8268,42002.0,0.8269,30314.0,0.8268,276040656.0,221062258.6206
1753504926908,04:42:06.908,bitget,ADA/USDT:USDT,0.8269,43294.0,0.827,28343.0,0.8268,276040656.0,221062258.6206
1753504927252,04:42:07.252,bitget,ADA/USDT:USDT,0.8268,42085.0,0.8269,4894.0,0.8269,276040656.0,221062258.6206
1753504927584,04:42:07.584,bitget,ADA/USDT:USDT,0.8268,44892.0,0.8269,76194.0,0.8269,276040656.0,221062258.6206
1753504928410,04:42:08.410,bitget,ADA/USDT:USDT,0.8268,44560.0,0.8269,76194.0,0.8269,276064134.0,221081670.4558
1753504929257,04:42:09.257,bitget,ADA/USDT:USDT,0.8268,44560.0,0.8269,18928.0,0.8269,276064134.0,221081670.4558
1753504929591,04:42:09.591,bitget,ADA/USDT:USDT,0.8268,44560.0,0.8269,27928.0,0.8269,276064134.0,221081670.4558
1753504929926,04:42:09.926,bitget,ADA/USDT:USDT,0.8268,44560.0,0.8269,27928.0,0.8269,276064134.0,221081670.4558
1753504930281,04:42:10.281,bitget,ADA/USDT:USDT,0.8268,50422.0,0.827,39302.0,0.8269,276064134.0,221081670.4558
1753504930743,04:42:10.743,bitget,ADA/USDT:USDT,0.8269,30934.0,0.827,54292.0,0.8269,276064134.0,221081670.4558
1753504931642,04:42:11.642,bitget,ADA/USDT:USDT,0.8269,19434.0,0.827,54292.0,0.8269,276064134.0,221081670.4558
1753504931997,04:42:11.997,bitget,ADA/USDT:USDT,0.8269,19434.0,0.827,70855.0,0.8269,276064134.0,221081670.4558
1753504932323,04:42:12.323,bitget,ADA/USDT:USDT,0.8269,27384.0,0.827,70855.0,0.8269,276040656.0,221062258.6206
1753504932922,04:42:12.922,bitget,ADA/USDT:USDT,0.8269,21161.0,0.827,46466.0,0.8269,276064134.0,221081670.4558
1753504933275,04:42:13.275,bitget,ADA/USDT:USDT,0.8269,23535.0,0.827,46466.0,0.8269,276064134.0,221081670.4558
1753504933586,04:42:13.586,bitget,ADA/USDT:USDT,0.8269,23535.0,0.827,46466.0,0.8269,276064134.0,221081670.4558
1753504933905,04:42:13.905,bitget,ADA/USDT:USDT,0.8269,6383.0,0.827,80329.0,0.8269,276064134.0,221081670.4558
1753504934707,04:42:14.707,bitget,ADA/USDT:USDT,0.8268,42465.0,0.8269,67469.0,0.8269,276064134.0,221081670.4558
1753504935033,04:42:15.033,bitget,ADA/USDT:USDT,0.8268,59028.0,0.8269,67469.0,0.8269,276094134.0,221106477.4558
1753504936191,04:42:16.191,bitget,ADA/USDT:USDT,0.8268,31256.0,0.8269,67469.0,0.8269,276094134.0,221106477.4558
1753504936504,04:42:16.504,bitget,ADA/USDT:USDT,0.8268,56756.0,0.8269,41457.0,0.8269,276094134.0,221106477.4558
1753504936872,04:42:16.872,bitget,ADA/USDT:USDT,0.8268,77140.0,0.8269,1640.0,0.8269,276064134.0,221081670.4558
1753504937236,04:42:17.236,bitget,ADA/USDT:USDT,0.8268,77140.0,0.8269,1640.0,0.8269,276094134.0,221106477.4558
1753504937561,04:42:17.561,bitget,ADA/USDT:USDT,0.8269,69410.0,0.827,23006.0,0.8269,276094134.0,221106477.4558
1753504937952,04:42:17.952,bitget,ADA/USDT:USDT,0.8269,55825.0,0.827,18119.0,0.8269,276094134.0,221106477.4558
1753504938331,04:42:18.331,bitget,ADA/USDT:USDT,0.8269,69325.0,0.827,38288.0,0.8269,276094134.0,221106477.4558
1753504938640,04:42:18.640,bitget,ADA/USDT:USDT,0.8269,69325.0,0.827,38288.0,0.8269,276094134.0,221106477.4558
1753504938951,04:42:18.951,bitget,ADA/USDT:USDT,0.8269,55825.0,0.827,37692.0,0.827,276094134.0,221106477.4558
1753504939312,04:42:19.312,bitget,ADA/USDT:USDT,0.8269,68825.0,0.827,37692.0,0.827,276094134.0,221106477.4558
1753504939643,04:42:19.643,bitget,ADA/USDT:USDT,0.8269,68825.0,0.827,37692.0,0.827,276094134.0,221106477.4558
1753504939952,04:42:19.952,bitget,ADA/USDT:USDT,0.827,24334.0,0.8271,85430.0,0.827,276094134.0,221106477.4558
1753504940377,04:42:20.377,bitget,ADA/USDT:USDT,0.827,26283.0,0.8271,65613.0,0.827,276094134.0,221106477.4558
1753504940809,04:42:20.809,bitget,ADA/USDT:USDT,0.827,26283.0,0.8271,49599.0,0.827,276064134.0,221081670.4558
1753504941417,04:42:21.417,bitget,ADA/USDT:USDT,0.827,18512.0,0.8271,51554.0,0.827,276094134.0,221106477.4558
1753504941777,04:42:21.777,bitget,ADA/USDT:USDT,0.827,16913.0,0.8271,68117.0,0.827,276095326.0,221107463.2398
1753504942092,04:42:22.092,bitget,ADA/USDT:USDT,0.827,16913.0,0.8271,68117.0,0.827,276095326.0,221107463.2398
1753504942402,04:42:22.402,bitget,ADA/USDT:USDT,0.827,19468.0,0.8271,66277.0,0.827,276095326.0,221107463.2398
1753504942932,04:42:22.932,bitget,ADA/USDT:USDT,0.827,18512.0,0.8271,66277.0,0.827,276095326.0,221107463.2398
1753504943268,04:42:23.268,bitget,ADA/USDT:USDT,0.827,44012.0,0.8271,40777.0,0.827,276095326.0,221107463.2398
1753504943583,04:42:23.583,bitget,ADA/USDT:USDT,0.827,44012.0,0.8271,40777.0,0.827,276095326.0,221107463.2398
1753504943913,04:42:23.913,bitget,ADA/USDT:USDT,0.827,26843.0,0.8271,40777.0,0.827,276095326.0,221107463.2398
1753504944237,04:42:24.237,bitget,ADA/USDT:USDT,0.827,26843.0,0.8271,40777.0,0.827,276095326.0,221107463.2398
1753504944557,04:42:24.557,bitget,ADA/USDT:USDT,0.827,44843.0,0.8271,51277.0,0.827,276095326.0,221107463.2398
1753504944918,04:42:24.918,bitget,ADA/USDT:USDT,0.827,65227.0,0.8271,55.0,0.827,276095326.0,221107463.2398
1753504945324,04:42:25.324,bitget,ADA/USDT:USDT,0.827,46396.0,0.8271,55480.0,0.827,276095326.0,221107463.2398
1753504945690,04:42:25.690,bitget,ADA/USDT:USDT,0.827,33851.0,0.8271,70819.0,0.827,276095326.0,221107463.2398
1753504946007,04:42:26.007,bitget,ADA/USDT:USDT,0.827,33851.0,0.8271,70819.0,0.827,276095326.0,221107463.2398
1753504946333,04:42:26.333,bitget,ADA/USDT:USDT,0.827,33501.0,0.8271,70819.0,0.827,276095326.0,221107463.2398
1753504946779,04:42:26.779,bitget,ADA/USDT:USDT,0.827,33501.0,0.8271,70819.0,0.827,276095326.0,221107463.2398
1753504947812,04:42:27.812,bitget,ADA/USDT:USDT,0.827,33451.0,0.8271,70819.0,0.827,276095326.0,221107463.2398
1753504948541,04:42:28.541,bitget,ADA/USDT:USDT,0.827,33451.0,0.8271,70819.0,0.827,276095326.0,221107463.2398
1753504948917,04:42:28.917,bitget,ADA/USDT:USDT,0.8269,65643.0,0.827,62649.0,0.827,276095426.0,221107545.9398
1753504949319,04:42:29.319,bitget,ADA/USDT:USDT,0.8269,65643.0,0.827,37149.0,0.827,276095426.0,221107545.9398
1753504949636,04:42:29.636,bitget,ADA/USDT:USDT,0.8269,65643.0,0.827,37149.0,0.827,276095426.0,221107545.9398
1753504949951,04:42:29.951,bitget,ADA/USDT:USDT,0.8269,65643.0,0.827,31682.0,0.827,276095426.0,221107545.9398
1753504950319,04:42:30.319,bitget,ADA/USDT:USDT,0.8269,65643.0,0.827,57182.0,0.827,276095426.0,221107545.9398
1753504950666,04:42:30.666,bitget,ADA/USDT:USDT,0.8269,65643.0,0.827,57182.0,0.827,276095426.0,221107545.9398
1753504950980,04:42:30.980,bitget,ADA/USDT:USDT,0.8269,49621.0,0.827,57182.0,0.827,276095426.0,221107545.9398
1753504951300,04:42:31.300,bitget,ADA/USDT:USDT,0.8269,49621.0,0.827,57182.0,0.827,276095426.0,221107545.9398
1753504951711,04:42:31.711,bitget,ADA/USDT:USDT,0.8269,49345.0,0.827,43164.0,0.8269,276095426.0,221107545.9398
1753504952118,04:42:32.118,bitget,ADA/USDT:USDT,0.8269,49345.0,0.827,50664.0,0.8269,276095426.0,221107545.9398
1753504952863,04:42:32.863,bitget,ADA/USDT:USDT,0.8269,49345.0,0.827,30164.0,0.8269,276095978.0,221108002.3886
1753504953563,04:42:33.563,bitget,ADA/USDT:USDT,0.8269,63792.0,0.827,29717.0,0.827,276095978.0,221108002.3886
1753504953880,04:42:33.880,bitget,ADA/USDT:USDT,0.8269,63792.0,0.827,29205.0,0.827,276095326.0,221107463.2398
1753504954552,04:42:34.552,bitget,ADA/USDT:USDT,0.8269,63792.0,0.827,36205.0,0.827,276096872.0,221108741.7266
1753504954872,04:42:34.872,bitget,ADA/USDT:USDT,0.8269,63792.0,0.827,30203.0,0.827,276096872.0,221108741.7266
1753504955287,04:42:35.287,bitget,ADA/USDT:USDT,0.8269,49792.0,0.827,53203.0,0.827,276096872.0,221108741.7266
1753504955666,04:42:35.666,bitget,ADA/USDT:USDT,0.8269,49792.0,0.827,29205.0,0.827,276096872.0,221108741.7266
1753504955981,04:42:35.981,bitget,ADA/USDT:USDT,0.8269,49792.0,0.827,29205.0,0.827,276096872.0,221108741.7266
1753504956297,04:42:36.297,bitget,ADA/USDT:USDT,0.8269,72792.0,0.827,23137.0,0.827,276096872.0,221108741.7266
1753504956653,04:42:36.653,bitget,ADA/USDT:USDT,0.8269,72792.0,0.827,26014.0,0.827,276096872.0,221108741.7266
1753504957299,04:42:37.299,bitget,ADA/USDT:USDT,0.8269,72792.0,0.827,27387.0,0.827,276096872.0,221108741.7266
1753504957725,04:42:37.725,bitget,ADA/USDT:USDT,0.8268,102468.0,0.8269,2764.0,0.827,276095978.0,221108002.3886
1753504958148,04:42:38.148,bitget,ADA/USDT:USDT,0.8268,102468.0,0.8269,10239.0,0.827,276096872.0,221108741.7266
1753504958790,04:42:38.790,bitget,ADA/USDT:USDT,0.8268,69959.0,0.8269,27986.0,0.827,276096872.0,221108741.7266
1753504959125,04:42:39.125,bitget,ADA/USDT:USDT,0.8268,69959.0,0.8269,41986.0,0.827,276096872.0,221108741.7266
1753504959442,04:42:39.442,bitget,ADA/USDT:USDT,0.8268,69959.0,0.8269,41986.0,0.827,276096872.0,221108741.7266
1753504959767,04:42:39.767,bitget,ADA/USDT:USDT,0.8268,68360.0,0.8269,41986.0,0.827,276096872.0,221108741.7266
1753504960230,04:42:40.230,bitget,ADA/USDT:USDT,0.8268,13094.0,0.8269,61825.0,0.827,276096872.0,221108741.7266
1753504961030,04:42:41.030,bitget,ADA/USDT:USDT,0.8267,110833.0,0.8268,45302.0,0.827,276095426.0,221107545.9398
1753504961759,04:42:41.759,bitget,ADA/USDT:USDT,0.8267,110833.0,0.8268,19802.0,0.827,276096872.0,221108741.7266
1753504962116,04:42:42.116,bitget,ADA/USDT:USDT,0.8267,110833.0,0.8268,19802.0,0.827,276096872.0,221108741.7266
1753504962432,04:42:42.432,bitget,ADA/USDT:USDT,0.8268,40954.0,0.8269,26762.0,0.827,276096872.0,221108741.7266
1753504962802,04:42:42.802,bitget,ADA/USDT:USDT,0.8268,67859.0,0.8269,25928.0,0.827,276096872.0,221108741.7266
1753504963171,04:42:43.171,bitget,ADA/USDT:USDT,0.8268,67859.0,0.8269,25928.0,0.827,276096872.0,221108741.7266
1753504963481,04:42:43.481,bitget,ADA/USDT:USDT,0.8268,67859.0,0.8269,25928.0,0.827,276096872.0,221108741.7266
1753504963792,04:42:43.792,bitget,ADA/USDT:USDT,0.8269,29358.0,0.827,41715.0,0.827,276096872.0,221108741.7266
1753504964135,04:42:44.135,bitget,ADA/USDT:USDT,0.8269,23453.0,0.827,61826.0,0.827,276096872.0,221108741.7266
1753504964510,04:42:44.510,bitget,ADA/USDT:USDT,0.8269,23453.0,0.827,61826.0,0.827,276096872.0,221108741.7266
1753504964826,04:42:44.826,bitget,ADA/USDT:USDT,0.8269,40016.0,0.827,61826.0,0.827,276096872.0,221108741.7266
1753504965233,04:42:45.233,bitget,ADA/USDT:USDT,0.8269,42926.0,0.827,61826.0,0.827,276096872.0,221108741.7266
1753504965689,04:42:45.689,bitget,ADA/USDT:USDT,0.827,10167.0,0.8271,43326.0,0.827,276096872.0,221108741.7266
1753504966713,04:42:46.713,bitget,ADA/USDT:USDT,0.827,10167.0,0.8271,59889.0,0.827,276096872.0,221108741.7266
1753504967517,04:42:47.517,bitget,ADA/USDT:USDT,0.827,10167.0,0.8271,59889.0,0.827,276096872.0,221108741.7266
1753504967899,04:42:47.899,bitget,ADA/USDT:USDT,0.827,31011.0,0.8271,59889.0,0.827,276096872.0,221108741.7266
1753504968255,04:42:48.255,bitget,ADA/USDT:USDT,0.827,42069.0,0.8271,43683.0,0.827,276096872.0,221108741.7266
1753504968579,04:42:48.579,bitget,ADA/USDT:USDT,0.827,41624.0,0.8271,69183.0,0.827,276096872.0,221108741.7266
1753504969244,04:42:49.244,bitget,ADA/USDT:USDT,0.827,32252.0,0.8271,67183.0,0.827,276096872.0,221108741.7266
1753504969586,04:42:49.586,bitget,ADA/USDT:USDT,0.8269,85660.0,0.827,15251.0,0.827,276096872.0,221108741.7266
1753504969892,04:42:49.892,bitget,ADA/USDT:USDT,0.8269,56886.0,0.827,37535.0,0.827,276098652.0,221110213.7866
1753504970212,04:42:50.212,bitget,ADA/USDT:USDT,0.827,33521.0,0.8271,42274.0,0.827,276098652.0,221110213.7866
1753504970678,04:42:50.678,bitget,ADA/USDT:USDT,0.827,68536.0,0.8271,55.0,0.827,276098652.0,221110213.7866
1753504971521,04:42:51.521,bitget,ADA/USDT:USDT,0.827,118059.0,0.8271,55.0,0.827,276096872.0,221108741.7266
1753504972334,04:42:52.334,bitget,ADA/USDT:USDT,0.827,118144.0,0.8271,55.0,0.827,276096872.0,221108741.7266
1753504973125,04:42:53.125,bitget,ADA/USDT:USDT,0.8271,85964.0,0.8272,13628.0,0.8272,276098652.0,221110213.7866
1753504973485,04:42:53.485,bitget,ADA/USDT:USDT,0.8271,85964.0,0.8272,13628.0,0.8272,276101280.0,221112387.1426
1753504973799,04:42:53.799,bitget,ADA/USDT:USDT,0.8271,85964.0,0.8272,1949.0,0.8272,276101280.0,221112387.1426
1753504974160,04:42:54.160,bitget,ADA/USDT:USDT,0.8271,85964.0,0.8272,14949.0,0.8272,276101280.0,221112387.1426
1753504974535,04:42:54.535,bitget,ADA/USDT:USDT,0.8271,85964.0,0.8272,14949.0,0.8272,276102270.0,221113206.0596
1753504974845,04:42:54.845,bitget,ADA/USDT:USDT,0.8271,85964.0,0.8272,37798.0,0.8272,276102270.0,221113206.0596
1753504975171,04:42:55.171,bitget,ADA/USDT:USDT,0.827,34970.0,0.8271,70412.0,0.827,276102270.0,221113206.0596
1753504975662,04:42:55.662,bitget,ADA/USDT:USDT,0.827,18838.0,0.8271,69797.0,0.827,276098652.0,221110213.7866
1753504976150,04:42:56.150,bitget,ADA/USDT:USDT,0.827,18838.0,0.8271,69797.0,0.827,276096872.0,221108741.7266
1753504976817,04:42:56.817,bitget,ADA/USDT:USDT,0.827,60901.0,0.8271,69797.0,0.827,276102998.0,221113808.1156
1753504977459,04:42:57.459,bitget,ADA/USDT:USDT,0.827,60901.0,0.8271,69797.0,0.827,276102998.0,221113808.1156
1753504978347,04:42:58.347,bitget,ADA/USDT:USDT,0.827,60901.0,0.8271,4050.0,0.827,276102998.0,221113808.1156
1753504978652,04:42:58.652,bitget,ADA/USDT:USDT,0.827,60901.0,0.8271,4050.0,0.827,276102998.0,221113808.1156
1753504978969,04:42:58.969,bitget,ADA/USDT:USDT,0.827,60901.0,0.8271,35972.0,0.827,276098652.0,221110213.7866
1753504979651,04:42:59.651,bitget,ADA/USDT:USDT,0.827,60901.0,0.8271,35972.0,0.827,276102998.0,221113808.1156
1753504979963,04:42:59.963,bitget,ADA/USDT:USDT,0.827,60901.0,0.8271,35972.0,0.827,276102998.0,221113808.1156
1753504980410,04:43:00.410,bitget,ADA/USDT:USDT,0.827,60901.0,0.8271,35972.0,0.827,276102998.0,221113808.1156
1753504980855,04:43:00.855,bitget,ADA/USDT:USDT,0.827,60901.0,0.8271,16372.0,0.827,276102998.0,221113808.1156
1753504981169,04:43:01.169,bitget,ADA/USDT:USDT,0.827,65901.0,0.8271,38372.0,0.827,275939138.0,220982114.1394
1753504981510,04:43:01.510,bitget,ADA/USDT:USDT,0.827,65901.0,0.8271,38372.0,0.827,275939138.0,220982114.1394
1753504981915,04:43:01.915,bitget,ADA/USDT:USDT,0.827,65901.0,0.8271,38372.0,0.827,275939138.0,220982114.1394
1753504982645,04:43:02.645,bitget,ADA/USDT:USDT,0.827,21913.0,0.8271,54522.0,0.827,275939138.0,220982114.1394
1753504983009,04:43:03.009,bitget,ADA/USDT:USDT,0.827,5350.0,0.8271,58022.0,0.827,275939138.0,220982114.1394
1753504983437,04:43:03.437,bitget,ADA/USDT:USDT,0.827,6161.0,0.8271,58022.0,0.827,276102270.0,221113206.0596
1753504984030,04:43:04.030,bitget,ADA/USDT:USDT,0.8268,98902.0,0.8269,63725.0,0.8268,275939138.0,220982114.1394
1753504984405,04:43:04.405,bitget,ADA/USDT:USDT,0.8268,65884.0,0.8269,63725.0,0.8268,275939138.0,220982114.1394
1753504984784,04:43:04.784,bitget,ADA/USDT:USDT,0.8268,82447.0,0.8269,63725.0,0.8268,275949866.0,220990986.0498
1753504985098,04:43:05.098,bitget,ADA/USDT:USDT,0.8268,22342.0,0.8269,63725.0,0.8268,275949866.0,220990986.0498
1753504985450,04:43:05.450,bitget,ADA/USDT:USDT,0.8268,38237.0,0.8269,61610.0,0.8268,276102998.0,221113808.1156
1753504986490,04:43:06.490,bitget,ADA/USDT:USDT,0.8269,66227.0,0.827,4400.0,0.8268,275949866.0,220990986.0498
1753504987190,04:43:07.190,bitget,ADA/USDT:USDT,0.8269,66227.0,0.827,34291.0,0.8268,275949866.0,220990986.0498
1753504987503,04:43:07.503,bitget,ADA/USDT:USDT,0.8269,66227.0,0.827,49630.0,0.8268,275949866.0,220990986.0498
1753504987826,04:43:07.826,bitget,ADA/USDT:USDT,0.8269,58456.0,0.827,8791.0,0.8268,275949866.0,220990986.0498
1753504988178,04:43:08.178,bitget,ADA/USDT:USDT,0.8269,46956.0,0.827,8791.0,0.8268,275949866.0,220990986.0498
1753504988507,04:43:08.507,bitget,ADA/USDT:USDT,0.8269,46956.0,0.827,8791.0,0.8268,275949866.0,220990986.0498
1753504988868,04:43:08.868,bitget,ADA/USDT:USDT,0.8269,34662.0,0.827,28250.0,0.8268,275949866.0,220990986.0498
1753504989172,04:43:09.172,bitget,ADA/USDT:USDT,0.8269,34662.0,0.827,23319.0,0.8268,275949866.0,220990986.0498
1753504989519,04:43:09.519,bitget,ADA/USDT:USDT,0.8269,34662.0,0.827,23319.0,0.8268,275949866.0,220990986.0498
1753504989830,04:43:09.830,bitget,ADA/USDT:USDT,0.8269,60162.0,0.827,23319.0,0.8268,275949866.0,220990986.0498
1753504990154,04:43:10.154,bitget,ADA/USDT:USDT,0.8269,60162.0,0.827,22969.0,0.8268,275939138.0,220982114.1394
1753504991033,04:43:11.033,bitget,ADA/USDT:USDT,0.8269,60162.0,0.827,18578.0,0.8268,275949866.0,220990986.0498
1753504991345,04:43:11.345,bitget,ADA/USDT:USDT,0.8269,60162.0,0.827,18578.0,0.8268,275949866.0,220990986.0498
1753504991658,04:43:11.658,bitget,ADA/USDT:USDT,0.8269,60162.0,0.827,18578.0,0.8268,275949866.0,220990986.0498
1753504992032,04:43:12.032,bitget,ADA/USDT:USDT,0.8269,60051.0,0.827,18578.0,0.8269,275949866.0,220990986.0498
1753504992348,04:43:12.348,bitget,ADA/USDT:USDT,0.8269,60051.0,0.827,18578.0,0.8269,275949866.0,220990986.0498
1753504992656,04:43:12.656,bitget,ADA/USDT:USDT,0.8269,59240.0,0.827,36298.0,0.8269,275950088.0,220991169.6216
1753504993088,04:43:13.088,bitget,ADA/USDT:USDT,0.8269,33740.0,0.827,36298.0,0.8269,275949866.0,220990986.0498
1753504993690,04:43:13.690,bitget,ADA/USDT:USDT,0.8269,59240.0,0.827,36298.0,0.8269,275950088.0,220991169.6216
1753504994000,04:43:14.000,bitget,ADA/USDT:USDT,0.8269,59240.0,0.827,36298.0,0.8269,275950088.0,220991169.6216
1753504994363,04:43:14.363,bitget,ADA/USDT:USDT,0.8269,59240.0,0.827,36298.0,0.8269,275950088.0,220991169.6216
1753504994726,04:43:14.726,bitget,ADA/USDT:USDT,0.8269,59240.0,0.827,19735.0,0.8269,275950088.0,220991169.6216
1753504995037,04:43:15.037,bitget,ADA/USDT:USDT,0.8269,59240.0,0.827,18928.0,0.8269,275950088.0,220991169.6216
1753504995358,04:43:15.358,bitget,ADA/USDT:USDT,0.8269,59240.0,0.827,18928.0,0.8269,275950088.0,220991169.6216
1753504995786,04:43:15.786,bitget,ADA/USDT:USDT,0.8269,59240.0,0.827,16938.0,0.8269,275949866.0,220990986.0498
1753504996383,04:43:16.383,bitget,ADA/USDT:USDT,0.8269,59240.0,0.827,16938.0,0.8269,275950088.0,220991169.6216
1753504996723,04:43:16.723,bitget,ADA/USDT:USDT,0.8269,59240.0,0.827,16938.0,0.8269,275950088.0,220991169.6216
1753504997062,04:43:17.062,bitget,ADA/USDT:USDT,0.8269,59240.0,0.827,16938.0,0.8269,275950088.0,220991169.6216
1753504997380,04:43:17.380,bitget,ADA/USDT:USDT,0.8269,59240.0,0.827,16938.0,0.8269,275950088.0,220991169.6216
1753504997695,04:43:17.695,bitget,ADA/USDT:USDT,0.8269,59240.0,0.827,24288.0,0.8269,275950088.0,220991169.6216
1753504998078,04:43:18.078,bitget,ADA/USDT:USDT,0.8269,59240.0,0.827,25928.0,0.8269,275950088.0,220991169.6216
1753504998406,04:43:18.406,bitget,ADA/USDT:USDT,0.8269,64285.0,0.8271,21475.0,0.8269,275950088.0,220991169.6216
1753504998717,04:43:18.717,bitget,ADA/USDT:USDT,0.8269,64285.0,0.8271,21475.0,0.8269,275950088.0,220991169.6216
1753504999042,04:43:19.042,bitget,ADA/USDT:USDT,0.8271,60664.0,0.8272,44682.0,0.8271,275950088.0,220991169.6216
1753504999433,04:43:19.433,bitget,ADA/USDT:USDT,0.8271,60664.0,0.8272,44682.0,0.8271,275950088.0,220991169.6216
1753504999747,04:43:19.747,bitget,ADA/USDT:USDT,0.8271,72664.0,0.8272,44682.0,0.8271,275950088.0,220991169.6216
1753505000061,04:43:20.061,bitget,ADA/USDT:USDT,0.827,75473.0,0.8271,10862.0,0.8271,275950088.0,220991169.6216
1753505000476,04:43:20.476,bitget,ADA/USDT:USDT,0.827,52587.0,0.8271,38311.0,0.8271,275950088.0,220991169.6216
1753505001437,04:43:21.437,bitget,ADA/USDT:USDT,0.827,27413.0,0.8271,71169.0,0.8271,275950744.0,220991712.1992
1753505001804,04:43:21.804,bitget,ADA/USDT:USDT,0.827,27413.0,0.8271,71169.0,0.8271,275950744.0,220991712.1992
1753505002170,04:43:22.170,bitget,ADA/USDT:USDT,0.827,27413.0,0.8271,71169.0,0.8271,275950744.0,220991712.1992
1753505002472,04:43:22.472,bitget,ADA/USDT:USDT,0.827,29012.0,0.8271,70213.0,0.8271,275950744.0,220991712.1992
1753505002818,04:43:22.818,bitget,ADA/USDT:USDT,0.827,29012.0,0.8271,70213.0,0.8271,275950744.0,220991712.1992
1753505003321,04:43:23.321,bitget,ADA/USDT:USDT,0.827,29012.0,0.8271,70213.0,0.8271,275950744.0,220991712.1992
1753505003634,04:43:23.634,bitget,ADA/USDT:USDT,0.827,29012.0,0.8271,70213.0,0.8271,275950744.0,220991712.1992
1753505003945,04:43:23.945,bitget,ADA/USDT:USDT,0.827,31082.0,0.8271,62948.0,0.8271,275950744.0,220991712.1992
1753505004644,04:43:24.644,bitget,ADA/USDT:USDT,0.827,18512.0,0.8271,62948.0,0.8271,275950744.0,220991712.1992
1753505004955,04:43:24.955,bitget,ADA/USDT:USDT,0.827,42512.0,0.8271,62948.0,0.8271,275950744.0,220991712.1992
1753505005327,04:43:25.327,bitget,ADA/USDT:USDT,0.827,27012.0,0.8271,62948.0,0.8271,275950744.0,220991712.1992
1753505005728,04:43:25.728,bitget,ADA/USDT:USDT,0.827,27012.0,0.8271,62948.0,0.8271,275950088.0,220991169.6216
1753505006322,04:43:26.322,bitget,ADA/USDT:USDT,0.827,27845.0,0.8271,37448.0,0.8271,275950744.0,220991712.1992
1753505006667,04:43:26.667,bitget,ADA/USDT:USDT,0.827,25413.0,0.8271,59448.0,0.8271,275950744.0,220991712.1992
1753505006997,04:43:26.997,bitget,ADA/USDT:USDT,0.827,27012.0,0.8271,59448.0,0.8271,275950744.0,220991712.1992
1753505007308,04:43:27.308,bitget,ADA/USDT:USDT,0.827,27012.0,0.8271,59448.0,0.8271,275950744.0,220991712.1992
1753505007670,04:43:27.670,bitget,ADA/USDT:USDT,0.827,28282.0,0.8271,37448.0,0.8271,275950744.0,220991712.1992
1753505008053,04:43:28.053,bitget,ADA/USDT:USDT,0.827,28282.0,0.8271,37448.0,0.8271,275950744.0,220991712.1992
1753505008409,04:43:28.409,bitget,ADA/USDT:USDT,0.827,28282.0,0.8271,37448.0,0.8271,275950744.0,220991712.1992
1753505008723,04:43:28.723,bitget,ADA/USDT:USDT,0.827,28282.0,0.8271,61448.0,0.8271,275950744.0,220991712.1992
1753505009375,04:43:29.375,bitget,ADA/USDT:USDT,0.827,53297.0,0.8271,17288.0,0.8271,275950744.0,220991712.1992
1753505009686,04:43:29.686,bitget,ADA/USDT:USDT,0.827,53297.0,0.8271,24288.0,0.8271,275950744.0,220991712.1992
1753505010017,04:43:30.017,bitget,ADA/USDT:USDT,0.827,50563.0,0.8271,25692.0,0.8271,275950744.0,220991712.1992
1753505010760,04:43:30.760,bitget,ADA/USDT:USDT,0.827,65902.0,0.8271,3239.0,0.8271,275951216.0,220992102.5904
1753505011799,04:43:31.799,bitget,ADA/USDT:USDT,0.827,67742.0,0.8271,23566.0,0.8271,275951216.0,220992102.5904
1753505013040,04:43:33.040,bitget,ADA/USDT:USDT,0.827,67742.0,0.8271,26102.0,0.8271,275951216.0,220992102.5904
1753505013482,04:43:33.482,bitget,ADA/USDT:USDT,0.827,67742.0,0.8271,41441.0,0.8271,275951216.0,220992102.5904
1753505014200,04:43:34.200,bitget,ADA/USDT:USDT,0.8269,82849.0,0.827,4042.0,0.827,275950744.0,220991712.1992
1753505014632,04:43:34.632,bitget,ADA/USDT:USDT,0.8269,119412.0,0.827,1599.0,0.827,275951944.0,220992704.6464
1753505015338,04:43:35.338,bitget,ADA/USDT:USDT,0.8269,119412.0,0.827,1599.0,0.827,275951944.0,220992704.6464
1753505015816,04:43:35.816,bitget,ADA/USDT:USDT,0.827,67978.0,0.8271,45255.0,0.827,275951944.0,220992704.6464
1753505016164,04:43:36.164,bitget,ADA/USDT:USDT,0.827,59478.0,0.8271,53490.0,0.827,275951944.0,220992704.6464
1753505016477,04:43:36.477,bitget,ADA/USDT:USDT,0.827,59478.0,0.8271,53490.0,0.827,275951944.0,220992704.6464
1753505016830,04:43:36.830,bitget,ADA/USDT:USDT,0.827,40023.0,0.8271,53490.0,0.827,275951944.0,220992704.6464
1753505017175,04:43:37.175,bitget,ADA/USDT:USDT,0.827,40023.0,0.8271,53490.0,0.827,275951944.0,220992704.6464
1753505017496,04:43:37.496,bitget,ADA/USDT:USDT,0.827,40023.0,0.8271,53490.0,0.827,275951944.0,220992704.6464
1753505017814,04:43:37.814,bitget,ADA/USDT:USDT,0.827,41622.0,0.8271,53490.0,0.827,275951216.0,220992102.5904
1753505018769,04:43:38.769,bitget,ADA/USDT:USDT,0.827,40023.0,0.8271,53490.0,0.827,275951944.0,220992704.6464
1753505019102,04:43:39.102,bitget,ADA/USDT:USDT,0.827,350.0,0.8271,53490.0,0.827,275951944.0,220992704.6464
1753505019525,04:43:39.525,bitget,ADA/USDT:USDT,0.8269,78279.0,0.827,54319.0,0.827,275951944.0,220992704.6464
1753505020133,04:43:40.133,bitget,ADA/USDT:USDT,0.8269,32141.0,0.827,70614.0,0.827,275951944.0,220992704.6464
