timestamp,time,exchange,symbol,bid,bidVolume,ask,askVolume,lastPrice,baseVolume,quoteVolume
1753507240528,05:20:40.528,bitget,ACH/USDT:USDT,0.022377,2870.0,0.022379,2245.0,0.022377,180805298.0,3941205.577504
1753507242537,05:20:42.537,bitget,ACH/USDT:USDT,0.022377,2870.0,0.022381,2870.0,0.022379,180791738.0,3940902.145384
1753507243288,05:20:43.288,bitget,ACH/USDT:USDT,0.022377,2870.0,0.022381,2870.0,0.022379,180813230.0,3941383.087732
1753507243603,05:20:43.603,bitget,ACH/USDT:USDT,0.022377,2870.0,0.022381,2870.0,0.022379,180813230.0,3941383.087732
1753507243948,05:20:43.948,bitget,ACH/USDT:USDT,0.022377,2870.0,0.022381,2870.0,0.022379,180813230.0,3941383.087732
1753507244296,05:20:44.296,bitget,ACH/USDT:USDT,0.022377,2870.0,0.022381,2870.0,0.022379,180813230.0,3941383.087732
1753507244608,05:20:44.608,bitget,ACH/USDT:USDT,0.022377,2870.0,0.022381,2870.0,0.022379,180813230.0,3941383.087732
1753507244986,05:20:44.986,bitget,ACH/USDT:USDT,0.022377,2870.0,0.022381,2870.0,0.022379,180813230.0,3941383.087732
1753507245368,05:20:45.368,bitget,ACH/USDT:USDT,0.022377,2870.0,0.022382,2521.0,0.022379,180805298.0,3941205.577504
1753507245727,05:20:45.727,bitget,ACH/USDT:USDT,0.022377,2870.0,0.022382,2521.0,0.022379,180813230.0,3941383.087732
1753507246052,05:20:46.052,bitget,ACH/USDT:USDT,0.022377,2870.0,0.022381,2870.0,0.022379,180813230.0,3941383.087732
1753507246809,05:20:46.809,bitget,ACH/USDT:USDT,0.022377,2870.0,0.022381,2870.0,0.022379,180813230.0,3941383.087732
1753507247117,05:20:47.117,bitget,ACH/USDT:USDT,0.022377,2870.0,0.022382,2521.0,0.022379,180813230.0,3941383.087732
1753507247423,05:20:47.423,bitget,ACH/USDT:USDT,0.022377,2870.0,0.022385,2851.0,0.022379,180813230.0,3941383.087732
1753507247804,05:20:47.804,bitget,ACH/USDT:USDT,0.022377,2870.0,0.022385,2851.0,0.022379,180813230.0,3941383.087732
1753507248118,05:20:48.118,bitget,ACH/USDT:USDT,0.022377,2870.0,0.022385,2851.0,0.022379,180813230.0,3941383.087732
1753507248445,05:20:48.445,bitget,ACH/USDT:USDT,0.022377,2870.0,0.022385,2851.0,0.022379,180813230.0,3941383.087732
1753507248970,05:20:48.970,bitget,ACH/USDT:USDT,0.022377,2870.0,0.022385,2851.0,0.022379,180813230.0,3941383.087732
1753507249734,05:20:49.734,bitget,ACH/USDT:USDT,0.022377,2870.0,0.022385,2851.0,0.022379,180813230.0,3941383.087732
1753507250073,05:20:50.073,bitget,ACH/USDT:USDT,0.022377,2870.0,0.022385,2851.0,0.022379,180813230.0,3941383.087732
1753507250415,05:20:50.415,bitget,ACH/USDT:USDT,0.022377,2824.0,0.022385,2851.0,0.022379,180813230.0,3941383.087732
1753507250739,05:20:50.739,bitget,ACH/USDT:USDT,0.022377,2824.0,0.022385,2851.0,0.022379,180813230.0,3941383.087732
1753507251057,05:20:51.057,bitget,ACH/USDT:USDT,0.022377,2824.0,0.022385,2851.0,0.022379,180813230.0,3941383.087732
1753507251441,05:20:51.441,bitget,ACH/USDT:USDT,0.022376,79139.0,0.022385,2851.0,0.022379,180813230.0,3941383.087732
1753507251934,05:20:51.934,bitget,ACH/USDT:USDT,0.022377,2824.0,0.022385,2851.0,0.022379,180813230.0,3941383.087732
1753507252775,05:20:52.775,bitget,ACH/USDT:USDT,0.022377,2824.0,0.022385,2851.0,0.022379,180813230.0,3941383.087732
1753507253100,05:20:53.100,bitget,ACH/USDT:USDT,0.022377,2824.0,0.022385,2851.0,0.022379,180813230.0,3941383.087732
1753507253520,05:20:53.520,bitget,ACH/USDT:USDT,0.022377,2824.0,0.022385,2851.0,0.022379,180813230.0,3941383.087732
1753507254215,05:20:54.215,bitget,ACH/USDT:USDT,0.022377,2824.0,0.022385,2851.0,0.022379,180813230.0,3941383.087732
1753507254532,05:20:54.532,bitget,ACH/USDT:USDT,0.022377,2824.0,0.022385,2851.0,0.022379,180813230.0,3941383.087732
1753507254839,05:20:54.839,bitget,ACH/USDT:USDT,0.022377,2824.0,0.022385,2851.0,0.022379,180813230.0,3941383.087732
1753507255225,05:20:55.225,bitget,ACH/USDT:USDT,0.022377,2824.0,0.022385,2851.0,0.022379,180813230.0,3941383.087732
1753507255541,05:20:55.541,bitget,ACH/USDT:USDT,0.022377,2824.0,0.022385,2851.0,0.022379,180813230.0,3941383.087732
1753507255845,05:20:55.845,bitget,ACH/USDT:USDT,0.022377,2824.0,0.022385,2851.0,0.022379,180813230.0,3941383.087732
1753507256246,05:20:56.246,bitget,ACH/USDT:USDT,0.022377,2824.0,0.022385,2851.0,0.022379,180813230.0,3941383.087732
1753507256933,05:20:56.933,bitget,ACH/USDT:USDT,0.022377,2824.0,0.022385,2851.0,0.022379,180813230.0,3941383.087732
1753507257298,05:20:57.298,bitget,ACH/USDT:USDT,0.022377,2824.0,0.022385,2851.0,0.022379,180813230.0,3941383.087732
1753507257651,05:20:57.651,bitget,ACH/USDT:USDT,0.022377,2824.0,0.022385,2851.0,0.022379,180813230.0,3941383.087732
1753507258032,05:20:58.032,bitget,ACH/USDT:USDT,0.022377,2824.0,0.022385,2851.0,0.022379,180813230.0,3941383.087732
1753507258352,05:20:58.352,bitget,ACH/USDT:USDT,0.022377,2824.0,0.022385,2851.0,0.022379,180813230.0,3941383.087732
1753507258707,05:20:58.707,bitget,ACH/USDT:USDT,0.022377,2824.0,0.022385,2851.0,0.022379,180813230.0,3941383.087732
1753507259053,05:20:59.053,bitget,ACH/USDT:USDT,0.022377,2824.0,0.022385,2851.0,0.022379,180813230.0,3941383.087732
1753507259422,05:20:59.422,bitget,ACH/USDT:USDT,0.022377,2824.0,0.022389,2862.0,0.022379,180813230.0,3941383.087732
1753507259996,05:20:59.996,bitget,ACH/USDT:USDT,0.022377,2824.0,0.022389,2862.0,0.022379,180813230.0,3941383.087732
1753507260372,05:21:00.372,bitget,ACH/USDT:USDT,0.022377,2824.0,0.022389,2862.0,0.022379,180813230.0,3941383.087732
1753507260692,05:21:00.692,bitget,ACH/USDT:USDT,0.022377,2824.0,0.022389,2862.0,0.022379,180813230.0,3941383.087732
1753507261038,05:21:01.038,bitget,ACH/USDT:USDT,0.022377,2824.0,0.022389,2862.0,0.022379,180813230.0,3941383.087732
1753507261669,05:21:01.669,bitget,ACH/USDT:USDT,0.022377,2824.0,0.022389,2862.0,0.022379,180660272.0,3938090.106412
1753507262055,05:21:02.055,bitget,ACH/USDT:USDT,0.022377,2824.0,0.022389,2862.0,0.022379,180660272.0,3938090.106412
1753507262398,05:21:02.398,bitget,ACH/USDT:USDT,0.022379,2820.0,0.022389,2862.0,0.022379,180660272.0,3938090.106412
1753507262785,05:21:02.785,bitget,ACH/USDT:USDT,0.022379,2820.0,0.022389,2862.0,0.022379,180660272.0,3938090.106412
1753507263117,05:21:03.117,bitget,ACH/USDT:USDT,0.022379,2820.0,0.022389,2862.0,0.022379,180660272.0,3938090.106412
1753507263432,05:21:03.432,bitget,ACH/USDT:USDT,0.022379,2820.0,0.022389,2862.0,0.022379,180660272.0,3938090.106412
1753507263749,05:21:03.749,bitget,ACH/USDT:USDT,0.022379,2820.0,0.022389,2862.0,0.022384,180660272.0,3938090.106412
1753507264316,05:21:04.316,bitget,ACH/USDT:USDT,0.022379,2820.0,0.022389,2862.0,0.022384,180667750.0,3938257.493964
1753507265125,05:21:05.125,bitget,ACH/USDT:USDT,0.022379,2820.0,0.022389,2820.0,0.022384,180660272.0,3938090.106412
1753507265498,05:21:05.498,bitget,ACH/USDT:USDT,0.022379,2820.0,0.022389,2820.0,0.022384,180667750.0,3938257.493964
1753507265829,05:21:05.829,bitget,ACH/USDT:USDT,0.022379,2820.0,0.022389,2820.0,0.022384,180667750.0,3938257.493964
1753507266161,05:21:06.161,bitget,ACH/USDT:USDT,0.022379,2820.0,0.022389,2820.0,0.022384,180667750.0,3938257.493964
1753507266682,05:21:06.682,bitget,ACH/USDT:USDT,0.022379,2820.0,0.022389,2820.0,0.022384,180667750.0,3938257.493964
1753507267023,05:21:07.023,bitget,ACH/USDT:USDT,0.022379,2820.0,0.022389,2820.0,0.022384,180667750.0,3938257.493964
1753507267350,05:21:07.350,bitget,ACH/USDT:USDT,0.022379,2820.0,0.022389,2820.0,0.022384,180667750.0,3938257.493964
1753507267737,05:21:07.737,bitget,ACH/USDT:USDT,0.022379,2820.0,0.02239,2846.0,0.022384,180667750.0,3938257.493964
1753507268080,05:21:08.080,bitget,ACH/USDT:USDT,0.022379,2820.0,0.02239,2846.0,0.022384,180667750.0,3938257.493964
1753507268396,05:21:08.396,bitget,ACH/USDT:USDT,0.022379,2820.0,0.022389,2846.0,0.022384,180667750.0,3938257.493964
1753507268710,05:21:08.710,bitget,ACH/USDT:USDT,0.022379,2820.0,0.022389,2846.0,0.022384,180667750.0,3938257.493964
1753507269259,05:21:09.259,bitget,ACH/USDT:USDT,0.022379,2820.0,0.022389,2846.0,0.022384,180667750.0,3938257.493964
1753507269956,05:21:09.956,bitget,ACH/USDT:USDT,0.022379,2820.0,0.02239,13380.0,0.022384,180660272.0,3938090.106412
1753507270612,05:21:10.612,bitget,ACH/USDT:USDT,0.022379,2820.0,0.022392,2846.0,0.022384,180667750.0,3938257.493964
1753507270925,05:21:10.925,bitget,ACH/USDT:USDT,0.022379,2820.0,0.022392,2846.0,0.022384,180667750.0,3938257.493964
1753507271243,05:21:11.243,bitget,ACH/USDT:USDT,0.022379,2820.0,0.022391,2846.0,0.022384,180667750.0,3938257.493964
1753507271671,05:21:11.671,bitget,ACH/USDT:USDT,0.022379,2820.0,0.022391,2846.0,0.022384,180667750.0,3938257.493964
1753507272020,05:21:12.020,bitget,ACH/USDT:USDT,0.022379,2820.0,0.022391,2846.0,0.022384,180667750.0,3938257.493964
1753507272335,05:21:12.335,bitget,ACH/USDT:USDT,0.022379,2820.0,0.022391,2846.0,0.022384,180667750.0,3938257.493964
1753507272685,05:21:12.685,bitget,ACH/USDT:USDT,0.022379,2820.0,0.022391,2846.0,0.022384,180667750.0,3938257.493964
1753507273024,05:21:13.024,bitget,ACH/USDT:USDT,0.022379,2820.0,0.022391,2846.0,0.022384,180667750.0,3938257.493964
1753507273336,05:21:13.336,bitget,ACH/USDT:USDT,0.022379,2820.0,0.022391,2846.0,0.022384,180667750.0,3938257.493964
1753507273676,05:21:13.676,bitget,ACH/USDT:USDT,0.022379,2820.0,0.022391,2846.0,0.022384,180667750.0,3938257.493964
1753507274259,05:21:14.259,bitget,ACH/USDT:USDT,0.022379,2820.0,0.022391,2846.0,0.022384,180667750.0,3938257.493964
1753507274568,05:21:14.568,bitget,ACH/USDT:USDT,0.022379,2820.0,0.022391,2846.0,0.022384,180667750.0,3938257.493964
1753507274901,05:21:14.901,bitget,ACH/USDT:USDT,0.022384,2846.0,0.022394,2846.0,0.022384,180667750.0,3938257.493964
1753507275309,05:21:15.309,bitget,ACH/USDT:USDT,0.022384,2846.0,0.022394,2846.0,0.02239,180667750.0,3938257.493964
1753507275651,05:21:15.651,bitget,ACH/USDT:USDT,0.022384,2846.0,0.022394,2846.0,0.02239,180667750.0,3938257.493964
1753507276299,05:21:16.299,bitget,ACH/USDT:USDT,0.022379,2820.0,0.022394,2846.0,0.02239,180667750.0,3938257.493964
1753507276836,05:21:16.836,bitget,ACH/USDT:USDT,0.022379,2820.0,0.022394,2846.0,0.02239,180674842.0,3938416.283844
1753507277619,05:21:17.619,bitget,ACH/USDT:USDT,0.022385,2806.0,0.022394,2806.0,0.02239,180667750.0,3938257.493964
1753507278242,05:21:18.242,bitget,ACH/USDT:USDT,0.022385,2806.0,0.022394,2806.0,0.02239,180674842.0,3938416.283844
1753507278552,05:21:18.552,bitget,ACH/USDT:USDT,0.022385,2806.0,0.022394,2806.0,0.02239,180674842.0,3938416.283844
1753507278870,05:21:18.870,bitget,ACH/USDT:USDT,0.022385,2806.0,0.022394,2806.0,0.02239,180674842.0,3938416.283844
1753507279244,05:21:19.244,bitget,ACH/USDT:USDT,0.022385,2806.0,0.022394,2806.0,0.02239,180674842.0,3938416.283844
1753507279600,05:21:19.600,bitget,ACH/USDT:USDT,0.022385,2806.0,0.022394,2806.0,0.02239,180674842.0,3938416.283844
1753507279912,05:21:19.912,bitget,ACH/USDT:USDT,0.022385,2806.0,0.022394,2806.0,0.02239,180674842.0,3938416.283844
1753507280281,05:21:20.281,bitget,ACH/USDT:USDT,0.022385,2806.0,0.022394,2806.0,0.02239,180674842.0,3938416.283844
1753507280622,05:21:20.622,bitget,ACH/USDT:USDT,0.022385,2806.0,0.022394,2806.0,0.02239,180674842.0,3938416.283844
1753507280930,05:21:20.930,bitget,ACH/USDT:USDT,0.022385,2806.0,0.022394,2806.0,0.02239,180674842.0,3938416.283844
1753507281249,05:21:21.249,bitget,ACH/USDT:USDT,0.022385,2806.0,0.022395,13380.0,0.02239,180674842.0,3938416.283844
1753507281607,05:21:21.607,bitget,ACH/USDT:USDT,0.022385,2806.0,0.022395,13380.0,0.02239,180674842.0,3938416.283844
1753507282327,05:21:22.327,bitget,ACH/USDT:USDT,0.022385,2806.0,0.022395,16186.0,0.02239,180674842.0,3938416.283844
1753507282637,05:21:22.637,bitget,ACH/USDT:USDT,0.022385,2806.0,0.022395,16186.0,0.02239,180674842.0,3938416.283844
1753507283001,05:21:23.001,bitget,ACH/USDT:USDT,0.022385,2806.0,0.022395,13380.0,0.022391,180674842.0,3938416.283844
1753507283326,05:21:23.326,bitget,ACH/USDT:USDT,0.022385,2806.0,0.022395,13380.0,0.022391,180674842.0,3938416.283844
1753507283657,05:21:23.657,bitget,ACH/USDT:USDT,0.022385,2806.0,0.022394,2806.0,0.022391,180674842.0,3938416.283844
1753507284160,05:21:24.160,bitget,ACH/USDT:USDT,0.022385,2806.0,0.022396,44599.0,0.022391,180685190.0,3938647.985912
1753507285108,05:21:25.108,bitget,ACH/USDT:USDT,0.022385,2806.0,0.022395,2806.0,0.022391,180674842.0,3938416.283844
1753507285806,05:21:25.806,bitget,ACH/USDT:USDT,0.022385,2806.0,0.022395,2806.0,0.022391,180685190.0,3938647.985912
1753507286158,05:21:26.158,bitget,ACH/USDT:USDT,0.022385,2806.0,0.022394,2806.0,0.022391,180685190.0,3938647.985912
1753507286554,05:21:26.554,bitget,ACH/USDT:USDT,0.022385,2806.0,0.022394,2806.0,0.022391,180674842.0,3938416.283844
1753507286912,05:21:26.912,bitget,ACH/USDT:USDT,0.022385,2806.0,0.022395,2806.0,0.022391,180685190.0,3938647.985912
1753507287225,05:21:27.225,bitget,ACH/USDT:USDT,0.022385,2806.0,0.022395,2806.0,0.022391,180685190.0,3938647.985912
1753507287540,05:21:27.540,bitget,ACH/USDT:USDT,0.022385,2806.0,0.022393,2913.0,0.022391,180685190.0,3938647.985912
1753507287888,05:21:27.888,bitget,ACH/USDT:USDT,0.022385,2806.0,0.022393,2913.0,0.022391,180685190.0,3938647.985912
1753507288208,05:21:28.208,bitget,ACH/USDT:USDT,0.022385,2806.0,0.022393,2913.0,0.022391,180685190.0,3938647.985912
1753507288533,05:21:28.533,bitget,ACH/USDT:USDT,0.022385,2806.0,0.022393,2913.0,0.022391,180685190.0,3938647.985912
1753507288935,05:21:28.935,bitget,ACH/USDT:USDT,0.022385,2806.0,0.022391,2913.0,0.022391,180685190.0,3938647.985912
1753507289286,05:21:29.286,bitget,ACH/USDT:USDT,0.022385,2806.0,0.022391,2913.0,0.022391,180685190.0,3938647.985912
1753507289601,05:21:29.601,bitget,ACH/USDT:USDT,0.022385,2806.0,0.022391,2913.0,0.022391,180685190.0,3938647.985912
1753507289911,05:21:29.911,bitget,ACH/USDT:USDT,0.022385,2806.0,0.022393,2913.0,0.022391,180685190.0,3938647.985912
1753507290245,05:21:30.245,bitget,ACH/USDT:USDT,0.022385,2806.0,0.022393,2913.0,0.022391,180685190.0,3938647.985912
1753507290573,05:21:30.573,bitget,ACH/USDT:USDT,0.022385,2806.0,0.022393,2913.0,0.022391,180685190.0,3938647.985912
1753507290883,05:21:30.883,bitget,ACH/USDT:USDT,0.022385,2806.0,0.022393,2913.0,0.022391,180685190.0,3938647.985912
1753507291220,05:21:31.220,bitget,ACH/USDT:USDT,0.022385,2806.0,0.022393,2913.0,0.022391,180685190.0,3938647.985912
1753507291583,05:21:31.583,bitget,ACH/USDT:USDT,0.022385,2806.0,0.022393,2913.0,0.022391,180685190.0,3938647.985912
1753507291985,05:21:31.985,bitget,ACH/USDT:USDT,0.022385,2806.0,0.022393,2913.0,0.022391,180685190.0,3938647.985912
1753507292349,05:21:32.349,bitget,ACH/USDT:USDT,0.022385,2913.0,0.022393,2913.0,0.022391,180685190.0,3938647.985912
1753507292690,05:21:32.690,bitget,ACH/USDT:USDT,0.022385,2913.0,0.022393,2913.0,0.022391,180685190.0,3938647.985912
1753507293041,05:21:33.041,bitget,ACH/USDT:USDT,0.022385,2913.0,0.022393,2913.0,0.022391,180685190.0,3938647.985912
1753507293353,05:21:33.353,bitget,ACH/USDT:USDT,0.022385,2913.0,0.022393,2913.0,0.022391,180685190.0,3938647.985912
1753507293683,05:21:33.683,bitget,ACH/USDT:USDT,0.022385,2913.0,0.022393,2913.0,0.022391,180685190.0,3938647.985912
1753507294165,05:21:34.165,bitget,ACH/USDT:USDT,0.022385,2913.0,0.022393,2913.0,0.022391,180685190.0,3938647.985912
1753507294673,05:21:34.673,bitget,ACH/USDT:USDT,0.022385,2913.0,0.022393,2913.0,0.022391,180685190.0,3938647.985912
1753507294992,05:21:34.992,bitget,ACH/USDT:USDT,0.022385,2913.0,0.022393,2913.0,0.022391,180685190.0,3938647.985912
1753507295415,05:21:35.415,bitget,ACH/USDT:USDT,0.022385,2913.0,0.022393,2913.0,0.022386,180685190.0,3938647.985912
1753507295743,05:21:35.743,bitget,ACH/USDT:USDT,0.022385,2913.0,0.022393,2913.0,0.022386,180685190.0,3938647.985912
1753507296072,05:21:36.072,bitget,ACH/USDT:USDT,0.022379,2820.0,0.022393,2913.0,0.022386,180685190.0,3938647.985912
1753507296450,05:21:36.450,bitget,ACH/USDT:USDT,0.022379,2820.0,0.022393,2913.0,0.022386,180685190.0,3938647.985912
1753507296868,05:21:36.868,bitget,ACH/USDT:USDT,0.022379,2820.0,0.022393,2913.0,0.022386,180693410.0,3938831.998832
1753507297186,05:21:37.186,bitget,ACH/USDT:USDT,0.022379,2820.0,0.022393,2913.0,0.022386,180693410.0,3938831.998832
1753507297501,05:21:37.501,bitget,ACH/USDT:USDT,0.022379,2820.0,0.022393,2913.0,0.022386,180693410.0,3938831.998832
1753507297907,05:21:37.907,bitget,ACH/USDT:USDT,0.022379,2820.0,0.022393,2913.0,0.022386,180693410.0,3938831.998832
1753507298223,05:21:38.223,bitget,ACH/USDT:USDT,0.022379,2820.0,0.022393,2913.0,0.022386,180693410.0,3938831.998832
1753507298560,05:21:38.560,bitget,ACH/USDT:USDT,0.022379,2820.0,0.022393,2913.0,0.022386,180693410.0,3938831.998832
1753507299195,05:21:39.195,bitget,ACH/USDT:USDT,0.022379,2820.0,0.022393,2913.0,0.022386,180693410.0,3938831.998832
1753507299978,05:21:39.978,bitget,ACH/USDT:USDT,0.022379,2820.0,0.022393,2913.0,0.022386,180693410.0,3938831.998832
1753507300839,05:21:40.839,bitget,ACH/USDT:USDT,0.022379,2820.0,0.022393,2913.0,0.022386,180693410.0,3938831.998832
1753507301211,05:21:41.211,bitget,ACH/USDT:USDT,0.022379,2820.0,0.022393,2913.0,0.022386,180693410.0,3938831.998832
1753507301601,05:21:41.601,bitget,ACH/USDT:USDT,0.022379,2820.0,0.022393,2913.0,0.022386,180693410.0,3938831.998832
1753507301935,05:21:41.935,bitget,ACH/USDT:USDT,0.022381,2804.0,0.022393,2913.0,0.022386,180693410.0,3938831.998832
1753507302242,05:21:42.242,bitget,ACH/USDT:USDT,0.022381,2804.0,0.022393,2913.0,0.022386,180693410.0,3938831.998832
1753507302562,05:21:42.562,bitget,ACH/USDT:USDT,0.022381,2804.0,0.022393,2913.0,0.022386,180693410.0,3938831.998832
1753507302921,05:21:42.921,bitget,ACH/USDT:USDT,0.022381,2804.0,0.022393,2913.0,0.022386,180693410.0,3938831.998832
1753507303234,05:21:43.234,bitget,ACH/USDT:USDT,0.022381,2804.0,0.022393,2913.0,0.022386,180693410.0,3938831.998832
1753507303568,05:21:43.568,bitget,ACH/USDT:USDT,0.022381,2804.0,0.022393,2913.0,0.022386,180693410.0,3938831.998832
1753507304063,05:21:44.063,bitget,ACH/USDT:USDT,0.022381,2804.0,0.022393,2913.0,0.022386,180693410.0,3938831.998832
1753507304684,05:21:44.684,bitget,ACH/USDT:USDT,0.022381,2804.0,0.022393,2913.0,0.022386,180693410.0,3938831.998832
1753507305009,05:21:45.009,bitget,ACH/USDT:USDT,0.022381,2804.0,0.022393,2913.0,0.022386,180693410.0,3938831.998832
1753507305347,05:21:45.347,bitget,ACH/USDT:USDT,0.022381,2804.0,0.022393,2913.0,0.022386,180693410.0,3938831.998832
1753507305667,05:21:45.667,bitget,ACH/USDT:USDT,0.022381,2804.0,0.022393,2913.0,0.022386,180693410.0,3938831.998832
1753507305981,05:21:45.981,bitget,ACH/USDT:USDT,0.022381,2804.0,0.022393,2913.0,0.022386,180693410.0,3938831.998832
1753507306360,05:21:46.360,bitget,ACH/USDT:USDT,0.022381,2804.0,0.022393,2913.0,0.022386,180693410.0,3938831.998832
1753507306682,05:21:46.682,bitget,ACH/USDT:USDT,0.022381,2804.0,0.022393,2913.0,0.022386,180693410.0,3938831.998832
1753507307003,05:21:47.003,bitget,ACH/USDT:USDT,0.022383,2804.0,0.022393,2913.0,0.022386,180693410.0,3938831.998832
1753507307311,05:21:47.311,bitget,ACH/USDT:USDT,0.022383,2804.0,0.022393,2913.0,0.022392,180693410.0,3938831.998832
1753507307648,05:21:47.648,bitget,ACH/USDT:USDT,0.022383,2804.0,0.022393,2913.0,0.022392,180693410.0,3938831.998832
1753507307977,05:21:47.977,bitget,ACH/USDT:USDT,0.022383,2804.0,0.022393,2913.0,0.022392,180693410.0,3938831.998832
1753507308287,05:21:48.287,bitget,ACH/USDT:USDT,0.022383,2804.0,0.022393,2913.0,0.022392,180693410.0,3938831.998832
1753507308627,05:21:48.627,bitget,ACH/USDT:USDT,0.022383,2804.0,0.022393,2913.0,0.022392,180693410.0,3938831.998832
1753507309286,05:21:49.286,bitget,ACH/USDT:USDT,0.022383,2804.0,0.022393,2913.0,0.022392,180700944.0,3939000.70016
1753507309668,05:21:49.668,bitget,ACH/USDT:USDT,0.022383,2804.0,0.022393,2913.0,0.022392,180693410.0,3938831.998832
1753507310338,05:21:50.338,bitget,ACH/USDT:USDT,0.022383,2804.0,0.022393,2913.0,0.022392,180700944.0,3939000.70016
1753507310667,05:21:50.667,bitget,ACH/USDT:USDT,0.022383,2804.0,0.022393,2913.0,0.022392,180700944.0,3939000.70016
1753507310986,05:21:50.986,bitget,ACH/USDT:USDT,0.022383,2804.0,0.022393,2913.0,0.022392,180700944.0,3939000.70016
1753507311351,05:21:51.351,bitget,ACH/USDT:USDT,0.022383,2804.0,0.022393,2913.0,0.022392,180700944.0,3939000.70016
1753507311681,05:21:51.681,bitget,ACH/USDT:USDT,0.022383,2804.0,0.022393,2913.0,0.022392,180700944.0,3939000.70016
1753507311985,05:21:51.985,bitget,ACH/USDT:USDT,0.022383,2804.0,0.022393,2913.0,0.022392,180700944.0,3939000.70016
1753507312403,05:21:52.403,bitget,ACH/USDT:USDT,0.022383,2804.0,0.022393,2913.0,0.022392,180700944.0,3939000.70016
1753507313153,05:21:53.153,bitget,ACH/USDT:USDT,0.022383,2804.0,0.022393,2913.0,0.022392,180700944.0,3939000.70016
1753507313482,05:21:53.482,bitget,ACH/USDT:USDT,0.022383,2804.0,0.022393,2913.0,0.022392,180700944.0,3939000.70016
1753507313858,05:21:53.858,bitget,ACH/USDT:USDT,0.022383,2804.0,0.022393,2913.0,0.022392,180700944.0,3939000.70016
1753507314206,05:21:54.206,bitget,ACH/USDT:USDT,0.022383,2804.0,0.022393,2913.0,0.022392,180700944.0,3939000.70016
1753507314519,05:21:54.519,bitget,ACH/USDT:USDT,0.022383,2804.0,0.022393,2913.0,0.022392,180700944.0,3939000.70016
1753507314841,05:21:54.841,bitget,ACH/USDT:USDT,0.022383,2804.0,0.022393,2913.0,0.022392,180700944.0,3939000.70016
1753507315182,05:21:55.182,bitget,ACH/USDT:USDT,0.022383,2804.0,0.022393,2913.0,0.022392,180700944.0,3939000.70016
1753507315504,05:21:55.504,bitget,ACH/USDT:USDT,0.022383,2804.0,0.022393,2913.0,0.022392,180700944.0,3939000.70016
1753507315825,05:21:55.825,bitget,ACH/USDT:USDT,0.022383,2804.0,0.022393,2913.0,0.022392,180700944.0,3939000.70016
1753507316197,05:21:56.197,bitget,ACH/USDT:USDT,0.022383,2804.0,0.022393,2913.0,0.022392,180700944.0,3939000.70016
1753507316553,05:21:56.553,bitget,ACH/USDT:USDT,0.022383,2804.0,0.022393,2913.0,0.022392,180700944.0,3939000.70016
1753507316860,05:21:56.860,bitget,ACH/USDT:USDT,0.022383,2804.0,0.022393,2913.0,0.022392,180700944.0,3939000.70016
1753507317178,05:21:57.178,bitget,ACH/USDT:USDT,0.022383,2804.0,0.022393,2913.0,0.022392,180700944.0,3939000.70016
1753507317522,05:21:57.522,bitget,ACH/USDT:USDT,0.022383,2804.0,0.022393,2913.0,0.022392,180700944.0,3939000.70016
1753507317915,05:21:57.915,bitget,ACH/USDT:USDT,0.022383,2804.0,0.022393,2913.0,0.022392,180700944.0,3939000.70016
1753507318227,05:21:58.227,bitget,ACH/USDT:USDT,0.022383,2804.0,0.022393,2913.0,0.022392,180700944.0,3939000.70016
1753507318593,05:21:58.593,bitget,ACH/USDT:USDT,0.022383,2804.0,0.022393,2913.0,0.022392,180700944.0,3939000.70016
1753507319038,05:21:59.038,bitget,ACH/USDT:USDT,0.022383,2804.0,0.022393,2913.0,0.022392,180700944.0,3939000.70016
1753507319559,05:21:59.559,bitget,ACH/USDT:USDT,0.022383,2804.0,0.022393,2913.0,0.022392,180700944.0,3939000.70016
1753507319893,05:21:59.893,bitget,ACH/USDT:USDT,0.022383,2804.0,0.022393,2913.0,0.022392,180700944.0,3939000.70016
1753507320312,05:22:00.312,bitget,ACH/USDT:USDT,0.022383,2804.0,0.022393,2913.0,0.022392,180700944.0,3939000.70016
1753507320632,05:22:00.632,bitget,ACH/USDT:USDT,0.022383,2804.0,0.022393,2913.0,0.022392,180673456.0,3938409.702348
1753507320967,05:22:00.967,bitget,ACH/USDT:USDT,0.022383,2804.0,0.022393,2913.0,0.022392,180673456.0,3938409.702348
1753507321347,05:22:01.347,bitget,ACH/USDT:USDT,0.022383,2804.0,0.022393,2913.0,0.022392,180673456.0,3938409.702348
1753507321685,05:22:01.685,bitget,ACH/USDT:USDT,0.022383,2804.0,0.022393,2913.0,0.022392,180673456.0,3938409.702348
1753507322042,05:22:02.042,bitget,ACH/USDT:USDT,0.022383,2804.0,0.022393,2913.0,0.022384,180673456.0,3938409.702348
1753507322483,05:22:02.483,bitget,ACH/USDT:USDT,0.022383,2804.0,0.022393,2913.0,0.022384,180678914.0,3938531.87422
1753507323216,05:22:03.216,bitget,ACH/USDT:USDT,0.022383,2804.0,0.022393,2913.0,0.022384,180678914.0,3938531.87422
1753507324138,05:22:04.138,bitget,ACH/USDT:USDT,0.022383,2804.0,0.022393,2913.0,0.022384,180678914.0,3938531.87422
1753507324462,05:22:04.462,bitget,ACH/USDT:USDT,0.022383,2804.0,0.022393,2913.0,0.022384,180678914.0,3938531.87422
1753507324818,05:22:04.818,bitget,ACH/USDT:USDT,0.022383,2804.0,0.022393,2913.0,0.022384,180678914.0,3938531.87422
1753507325178,05:22:05.178,bitget,ACH/USDT:USDT,0.022383,2804.0,0.022393,2913.0,0.022384,180678914.0,3938531.87422
1753507325613,05:22:05.613,bitget,ACH/USDT:USDT,0.022383,2804.0,0.022393,2913.0,0.022384,180700944.0,3939000.70016
1753507326359,05:22:06.359,bitget,ACH/USDT:USDT,0.022383,2804.0,0.022393,2913.0,0.022384,180678914.0,3938531.87422
1753507326669,05:22:06.669,bitget,ACH/USDT:USDT,0.022383,2804.0,0.022393,2913.0,0.022384,180678914.0,3938531.87422
1753507326984,05:22:06.984,bitget,ACH/USDT:USDT,0.022383,2804.0,0.022393,2913.0,0.022384,180678914.0,3938531.87422
1753507327325,05:22:07.325,bitget,ACH/USDT:USDT,0.022383,2804.0,0.022393,2913.0,0.022384,180678914.0,3938531.87422
1753507327979,05:22:07.979,bitget,ACH/USDT:USDT,0.022383,2804.0,0.022393,2913.0,0.022384,180678914.0,3938531.87422
1753507328373,05:22:08.373,bitget,ACH/USDT:USDT,0.022383,2804.0,0.022393,2913.0,0.022384,180678914.0,3938531.87422
1753507328774,05:22:08.774,bitget,ACH/USDT:USDT,0.022383,2804.0,0.022393,2913.0,0.022384,180678914.0,3938531.87422
1753507329081,05:22:09.081,bitget,ACH/USDT:USDT,0.022383,2804.0,0.022393,2913.0,0.022384,180678914.0,3938531.87422
1753507329399,05:22:09.399,bitget,ACH/USDT:USDT,0.022383,2804.0,0.022393,2913.0,0.022384,180678914.0,3938531.87422
1753507329830,05:22:09.830,bitget,ACH/USDT:USDT,0.022383,2804.0,0.022393,2913.0,0.022384,180673456.0,3938409.702348
1753507330378,05:22:10.378,bitget,ACH/USDT:USDT,0.022383,2804.0,0.022393,2913.0,0.022384,180678914.0,3938531.87422
1753507330790,05:22:10.790,bitget,ACH/USDT:USDT,0.022383,2804.0,0.022393,2913.0,0.022384,180678914.0,3938531.87422
1753507331148,05:22:11.148,bitget,ACH/USDT:USDT,0.022383,2804.0,0.022393,2913.0,0.022384,180678914.0,3938531.87422
1753507331463,05:22:11.463,bitget,ACH/USDT:USDT,0.022383,2804.0,0.022393,2913.0,0.022384,180678914.0,3938531.87422
1753507331779,05:22:11.779,bitget,ACH/USDT:USDT,0.022383,2804.0,0.022393,2913.0,0.022384,180678914.0,3938531.87422
1753507332438,05:22:12.438,bitget,ACH/USDT:USDT,0.022383,2804.0,0.022393,2913.0,0.022384,180678914.0,3938531.87422
1753507332763,05:22:12.763,bitget,ACH/USDT:USDT,0.022383,2804.0,0.022393,2913.0,0.022384,180678914.0,3938531.87422
1753507333139,05:22:13.139,bitget,ACH/USDT:USDT,0.022383,2804.0,0.022393,2913.0,0.022384,180678914.0,3938531.87422
1753507333489,05:22:13.489,bitget,ACH/USDT:USDT,0.022383,2804.0,0.022393,2913.0,0.022384,180678914.0,3938531.87422
1753507333803,05:22:13.803,bitget,ACH/USDT:USDT,0.022383,2804.0,0.022393,2913.0,0.022384,180678914.0,3938531.87422
1753507334112,05:22:14.112,bitget,ACH/USDT:USDT,0.022383,2804.0,0.022393,2913.0,0.022384,180678914.0,3938531.87422
1753507334441,05:22:14.441,bitget,ACH/USDT:USDT,0.022383,2804.0,0.022393,2913.0,0.022384,180678914.0,3938531.87422
1753507334774,05:22:14.774,bitget,ACH/USDT:USDT,0.022383,2804.0,0.022393,2913.0,0.022384,180678914.0,3938531.87422
1753507335088,05:22:15.088,bitget,ACH/USDT:USDT,0.022383,2804.0,0.022393,2913.0,0.022384,180678914.0,3938531.87422
1753507335417,05:22:15.417,bitget,ACH/USDT:USDT,0.022383,2804.0,0.022393,2913.0,0.022384,180678914.0,3938531.87422
1753507335821,05:22:15.821,bitget,ACH/USDT:USDT,0.022383,7222.0,0.022393,2913.0,0.022392,180678914.0,3938531.87422
1753507336172,05:22:16.172,bitget,ACH/USDT:USDT,0.022385,2807.0,0.022393,2913.0,0.022392,180678914.0,3938531.87422
1753507336483,05:22:16.483,bitget,ACH/USDT:USDT,0.022385,2807.0,0.022393,2913.0,0.022392,180678914.0,3938531.87422
1753507336796,05:22:16.796,bitget,ACH/USDT:USDT,0.022385,2807.0,0.022393,2913.0,0.022392,180678914.0,3938531.87422
1753507337128,05:22:17.128,bitget,ACH/USDT:USDT,0.022385,2807.0,0.022393,2913.0,0.022392,180678914.0,3938531.87422
1753507337452,05:22:17.452,bitget,ACH/USDT:USDT,0.022385,2807.0,0.022393,2913.0,0.022392,180685720.0,3938684.274172
1753507337760,05:22:17.760,bitget,ACH/USDT:USDT,0.022385,2807.0,0.022393,2913.0,0.022392,180685720.0,3938684.274172
1753507338277,05:22:18.277,bitget,ACH/USDT:USDT,0.022385,2807.0,0.022393,2913.0,0.022392,180685720.0,3938684.274172
1753507338981,05:22:18.981,bitget,ACH/USDT:USDT,0.022385,2807.0,0.022393,2913.0,0.022392,180685720.0,3938684.274172
1753507339307,05:22:19.307,bitget,ACH/USDT:USDT,0.022385,2807.0,0.022393,2913.0,0.022392,180685720.0,3938684.274172
1753507339668,05:22:19.668,bitget,ACH/USDT:USDT,0.022385,2807.0,0.022393,2913.0,0.022392,180685720.0,3938684.274172
1753507340003,05:22:20.003,bitget,ACH/USDT:USDT,0.022385,2807.0,0.022393,2913.0,0.022392,180685720.0,3938684.274172
1753507340347,05:22:20.347,bitget,ACH/USDT:USDT,0.022385,2807.0,0.022393,2913.0,0.022392,180685720.0,3938684.274172
1753507340804,05:22:20.804,bitget,ACH/USDT:USDT,0.022385,2807.0,0.022393,2913.0,0.022392,180685720.0,3938684.274172
1753507341493,05:22:21.493,bitget,ACH/USDT:USDT,0.022385,2807.0,0.022393,2913.0,0.022392,180685720.0,3938684.274172
1753507341869,05:22:21.869,bitget,ACH/USDT:USDT,0.022385,2807.0,0.022393,2913.0,0.022386,180685720.0,3938684.274172
1753507342202,05:22:22.202,bitget,ACH/USDT:USDT,0.022385,2807.0,0.022393,2913.0,0.022386,180685720.0,3938684.274172
1753507342534,05:22:22.534,bitget,ACH/USDT:USDT,0.022385,2807.0,0.022393,2913.0,0.022386,180685720.0,3938684.274172
1753507342849,05:22:22.849,bitget,ACH/USDT:USDT,0.022385,2807.0,0.022393,2913.0,0.022386,180690342.0,3938787.742264
1753507343242,05:22:23.242,bitget,ACH/USDT:USDT,0.022385,2807.0,0.022393,2816.0,0.022389,180685720.0,3938684.274172
1753507343811,05:22:23.811,bitget,ACH/USDT:USDT,0.022385,2807.0,0.022394,2816.0,0.022389,180690342.0,3938787.742264
1753507344796,05:22:24.796,bitget,ACH/USDT:USDT,0.022385,2807.0,0.022394,2816.0,0.022389,180685720.0,3938684.274172
1753507345348,05:22:25.348,bitget,ACH/USDT:USDT,0.022385,2807.0,0.022394,2816.0,0.022389,180693478.0,3938857.954168
1753507345718,05:22:25.718,bitget,ACH/USDT:USDT,0.022385,2807.0,0.022394,2816.0,0.022389,180693478.0,3938857.954168
1753507346060,05:22:26.060,bitget,ACH/USDT:USDT,0.022385,2807.0,0.022394,2816.0,0.022389,180693478.0,3938857.954168
1753507346388,05:22:26.388,bitget,ACH/USDT:USDT,0.022385,2807.0,0.022394,2816.0,0.022389,180690342.0,3938787.742264
1753507346739,05:22:26.739,bitget,ACH/USDT:USDT,0.022385,2807.0,0.022394,2816.0,0.022389,180693478.0,3938857.954168
1753507347116,05:22:27.116,bitget,ACH/USDT:USDT,0.022385,2807.0,0.022394,2816.0,0.022389,180693478.0,3938857.954168
1753507347438,05:22:27.438,bitget,ACH/USDT:USDT,0.022385,2807.0,0.022394,2816.0,0.022389,180693478.0,3938857.954168
1753507347757,05:22:27.757,bitget,ACH/USDT:USDT,0.022385,2807.0,0.022394,2816.0,0.022389,180693478.0,3938857.954168
1753507348104,05:22:28.104,bitget,ACH/USDT:USDT,0.022385,2807.0,0.022394,2816.0,0.022389,180693478.0,3938857.954168
1753507348603,05:22:28.603,bitget,ACH/USDT:USDT,0.022385,2807.0,0.022394,2816.0,0.022389,180693478.0,3938857.954168
1753507349322,05:22:29.322,bitget,ACH/USDT:USDT,0.022385,2807.0,0.022394,2816.0,0.022389,180690342.0,3938787.742264
1753507349960,05:22:29.960,bitget,ACH/USDT:USDT,0.022385,2807.0,0.022394,2816.0,0.022389,180693478.0,3938857.954168
1753507350277,05:22:30.277,bitget,ACH/USDT:USDT,0.022385,2807.0,0.022394,2816.0,0.022389,180693478.0,3938857.954168
1753507350731,05:22:30.731,bitget,ACH/USDT:USDT,0.022385,2807.0,0.022394,2816.0,0.022389,180693478.0,3938857.954168
1753507351255,05:22:31.255,bitget,ACH/USDT:USDT,0.022385,2807.0,0.022394,2816.0,0.022389,180693478.0,3938857.954168
1753507352077,05:22:32.077,bitget,ACH/USDT:USDT,0.022385,2807.0,0.022394,2816.0,0.022389,180693478.0,3938857.954168
1753507352457,05:22:32.457,bitget,ACH/USDT:USDT,0.022385,2807.0,0.022394,2816.0,0.022389,180693478.0,3938857.954168
1753507352822,05:22:32.822,bitget,ACH/USDT:USDT,0.022385,2807.0,0.022394,2816.0,0.022389,180693478.0,3938857.954168
1753507353160,05:22:33.160,bitget,ACH/USDT:USDT,0.022385,2807.0,0.022394,2816.0,0.022389,180693478.0,3938857.954168
1753507353675,05:22:33.675,bitget,ACH/USDT:USDT,0.022385,2807.0,0.022394,2816.0,0.022389,180693478.0,3938857.954168
1753507354000,05:22:34.000,bitget,ACH/USDT:USDT,0.022385,2807.0,0.022394,2816.0,0.022389,180693478.0,3938857.954168
1753507354312,05:22:34.312,bitget,ACH/USDT:USDT,0.022385,2807.0,0.022392,2853.0,0.022389,180693478.0,3938857.954168
1753507354702,05:22:34.702,bitget,ACH/USDT:USDT,0.022385,2807.0,0.022392,2853.0,0.022389,180693478.0,3938857.954168
1753507355043,05:22:35.043,bitget,ACH/USDT:USDT,0.022385,2807.0,0.022392,2853.0,0.022389,180693478.0,3938857.954168
1753507355375,05:22:35.375,bitget,ACH/USDT:USDT,0.022385,2807.0,0.022392,2853.0,0.022389,180693478.0,3938857.954168
1753507355690,05:22:35.690,bitget,ACH/USDT:USDT,0.022385,2807.0,0.022392,2853.0,0.022389,180693478.0,3938857.954168
1753507356060,05:22:36.060,bitget,ACH/USDT:USDT,0.022385,2807.0,0.022392,2853.0,0.022389,180693478.0,3938857.954168
1753507356439,05:22:36.439,bitget,ACH/USDT:USDT,0.022385,2807.0,0.022392,2853.0,0.022389,180693478.0,3938857.954168
1753507357439,05:22:37.439,bitget,ACH/USDT:USDT,0.022385,2807.0,0.022392,2853.0,0.022389,180693478.0,3938857.954168
1753507358203,05:22:38.203,bitget,ACH/USDT:USDT,0.022385,2807.0,0.022392,2853.0,0.022389,180693478.0,3938857.954168
1753507358538,05:22:38.538,bitget,ACH/USDT:USDT,0.022385,2807.0,0.022392,2853.0,0.022389,180693478.0,3938857.954168
1753507358945,05:22:38.945,bitget,ACH/USDT:USDT,0.022385,2807.0,0.022392,2853.0,0.022389,180693478.0,3938857.954168
1753507359309,05:22:39.309,bitget,ACH/USDT:USDT,0.022385,2807.0,0.022392,2853.0,0.022389,180693478.0,3938857.954168
1753507359641,05:22:39.641,bitget,ACH/USDT:USDT,0.022386,2591.0,0.022392,2853.0,0.022386,180693478.0,3938857.954168
1753507360002,05:22:40.002,bitget,ACH/USDT:USDT,0.022387,2918.0,0.022392,2853.0,0.022386,180693478.0,3938857.954168
1753507360417,05:22:40.417,bitget,ACH/USDT:USDT,0.022387,2918.0,0.022392,2853.0,0.022386,180693478.0,3938857.954168
1753507360734,05:22:40.734,bitget,ACH/USDT:USDT,0.022387,2918.0,0.022392,2853.0,0.022386,180696586.0,3938927.529856
1753507361172,05:22:41.172,bitget,ACH/USDT:USDT,0.022387,2918.0,0.022392,2853.0,0.022386,180696586.0,3938927.529856
1753507361972,05:22:41.972,bitget,ACH/USDT:USDT,0.022387,2918.0,0.022392,2853.0,0.022386,180696586.0,3938927.529856
1753507362290,05:22:42.290,bitget,ACH/USDT:USDT,0.022387,2918.0,0.022392,2853.0,0.022386,180696586.0,3938927.529856
1753507362629,05:22:42.629,bitget,ACH/USDT:USDT,0.022387,2918.0,0.022392,2853.0,0.022386,180696586.0,3938927.529856
1753507363292,05:22:43.292,bitget,ACH/USDT:USDT,0.022387,2918.0,0.022392,2853.0,0.022386,180696586.0,3938927.529856
1753507363610,05:22:43.610,bitget,ACH/USDT:USDT,0.022387,2918.0,0.022392,2853.0,0.022386,180696586.0,3938927.529856
1753507364012,05:22:44.012,bitget,ACH/USDT:USDT,0.022387,2918.0,0.022392,2853.0,0.022386,180696586.0,3938927.529856
1753507364411,05:22:44.411,bitget,ACH/USDT:USDT,0.022387,2918.0,0.022392,2853.0,0.022386,180696586.0,3938927.529856
1753507364777,05:22:44.777,bitget,ACH/USDT:USDT,0.022387,2918.0,0.022392,2853.0,0.022386,180696586.0,3938927.529856
1753507365088,05:22:45.088,bitget,ACH/USDT:USDT,0.022387,2918.0,0.022392,2853.0,0.022386,180696586.0,3938927.529856
1753507365496,05:22:45.496,bitget,ACH/USDT:USDT,0.022387,2918.0,0.022392,2853.0,0.022386,180696586.0,3938927.529856
1753507365808,05:22:45.808,bitget,ACH/USDT:USDT,0.022387,2918.0,0.022392,2853.0,0.022386,180696586.0,3938927.529856
1753507366118,05:22:46.118,bitget,ACH/USDT:USDT,0.022387,2918.0,0.022392,2853.0,0.022386,180696586.0,3938927.529856
1753507366531,05:22:46.531,bitget,ACH/USDT:USDT,0.022387,2918.0,0.022392,2853.0,0.022389,180696586.0,3938927.529856
1753507366934,05:22:46.934,bitget,ACH/USDT:USDT,0.022387,2918.0,0.022392,2853.0,0.022389,180696586.0,3938927.529856
1753507367247,05:22:47.247,bitget,ACH/USDT:USDT,0.022387,2918.0,0.022392,2853.0,0.022389,180701744.0,3939043.012318
1753507367562,05:22:47.562,bitget,ACH/USDT:USDT,0.022387,2918.0,0.022392,2853.0,0.022389,180701744.0,3939043.012318
1753507367894,05:22:47.894,bitget,ACH/USDT:USDT,0.022387,2918.0,0.022392,2853.0,0.022389,180701744.0,3939043.012318
1753507368206,05:22:48.206,bitget,ACH/USDT:USDT,0.022387,2918.0,0.022392,2853.0,0.022389,180701744.0,3939043.012318
1753507368514,05:22:48.514,bitget,ACH/USDT:USDT,0.022387,2918.0,0.022392,2853.0,0.022389,180701744.0,3939043.012318
1753507368847,05:22:48.847,bitget,ACH/USDT:USDT,0.022387,2918.0,0.022392,2853.0,0.022389,180701744.0,3939043.012318
1753507369175,05:22:49.175,bitget,ACH/USDT:USDT,0.022387,2918.0,0.022392,2853.0,0.022389,180701744.0,3939043.012318
1753507369512,05:22:49.512,bitget,ACH/USDT:USDT,0.022387,2918.0,0.022392,2853.0,0.022389,180701744.0,3939043.012318
1753507369821,05:22:49.821,bitget,ACH/USDT:USDT,0.022387,2918.0,0.022392,2853.0,0.022389,180701744.0,3939043.012318
1753507370138,05:22:50.138,bitget,ACH/USDT:USDT,0.022384,2265.0,0.022392,2853.0,0.022389,180701744.0,3939043.012318
1753507370485,05:22:50.485,bitget,ACH/USDT:USDT,0.022386,2851.0,0.022392,2853.0,0.022389,180701744.0,3939043.012318
1753507370795,05:22:50.795,bitget,ACH/USDT:USDT,0.022386,2851.0,0.022392,2853.0,0.022389,180701744.0,3939043.012318
1753507371106,05:22:51.106,bitget,ACH/USDT:USDT,0.022386,2851.0,0.022392,2853.0,0.022389,180701744.0,3939043.012318
1753507371517,05:22:51.517,bitget,ACH/USDT:USDT,0.022386,2851.0,0.022392,2853.0,0.022389,180701744.0,3939043.012318
1753507371991,05:22:51.991,bitget,ACH/USDT:USDT,0.022386,2851.0,0.022392,2853.0,0.022389,180701744.0,3939043.012318
1753507372653,05:22:52.653,bitget,ACH/USDT:USDT,0.022386,2851.0,0.022392,2853.0,0.022389,180701744.0,3939043.012318
1753507372988,05:22:52.988,bitget,ACH/USDT:USDT,0.022386,2851.0,0.022392,2853.0,0.022389,180701744.0,3939043.012318
1753507373297,05:22:53.297,bitget,ACH/USDT:USDT,0.022386,2851.0,0.022392,2853.0,0.022389,180701744.0,3939043.012318
1753507373606,05:22:53.606,bitget,ACH/USDT:USDT,0.022387,5867.0,0.022392,2853.0,0.022389,180701744.0,3939043.012318
1753507373976,05:22:53.976,bitget,ACH/USDT:USDT,0.022387,2851.0,0.022392,2853.0,0.022389,180701744.0,3939043.012318
1753507374436,05:22:54.436,bitget,ACH/USDT:USDT,0.022386,2851.0,0.022392,2853.0,0.022389,180701744.0,3939043.012318
1753507374920,05:22:54.920,bitget,ACH/USDT:USDT,0.022387,5863.0,0.022392,2853.0,0.022389,180701744.0,3939043.012318
1753507375260,05:22:55.260,bitget,ACH/USDT:USDT,0.022387,2851.0,0.022392,2853.0,0.022389,180701744.0,3939043.012318
1753507375597,05:22:55.597,bitget,ACH/USDT:USDT,0.022387,2851.0,0.022392,2853.0,0.022389,180701744.0,3939043.012318
1753507375909,05:22:55.909,bitget,ACH/USDT:USDT,0.022387,2851.0,0.022392,2853.0,0.022389,180701744.0,3939043.012318
1753507376241,05:22:56.241,bitget,ACH/USDT:USDT,0.022387,2851.0,0.022392,2853.0,0.022389,180701744.0,3939043.012318
1753507376735,05:22:56.735,bitget,ACH/USDT:USDT,0.022387,2851.0,0.022392,2853.0,0.022389,180701744.0,3939043.012318
1753507377195,05:22:57.195,bitget,ACH/USDT:USDT,0.022387,2874.0,0.022392,2853.0,0.022389,180701744.0,3939043.012318
1753507378045,05:22:58.045,bitget,ACH/USDT:USDT,0.022387,2874.0,0.022392,2853.0,0.022389,180701744.0,3939043.012318
1753507378398,05:22:58.398,bitget,ACH/USDT:USDT,0.022387,2874.0,0.022392,2853.0,0.022389,180701744.0,3939043.012318
1753507378715,05:22:58.715,bitget,ACH/USDT:USDT,0.022387,2874.0,0.022392,2853.0,0.022389,180701744.0,3939043.012318
1753507379114,05:22:59.114,bitget,ACH/USDT:USDT,0.022387,2874.0,0.022392,2853.0,0.022389,180701744.0,3939043.012318
1753507379491,05:22:59.491,bitget,ACH/USDT:USDT,0.022387,2874.0,0.022392,2853.0,0.022389,180701744.0,3939043.012318
1753507379804,05:22:59.804,bitget,ACH/USDT:USDT,0.022387,2874.0,0.022392,2853.0,0.022389,180701744.0,3939043.012318
1753507380280,05:23:00.280,bitget,ACH/USDT:USDT,0.022387,2874.0,0.022392,2853.0,0.022391,180701744.0,3939043.012318
1753507380823,05:23:00.823,bitget,ACH/USDT:USDT,0.022387,2874.0,0.022393,2874.0,0.022391,180551374.0,3935810.491388
1753507381496,05:23:01.496,bitget,ACH/USDT:USDT,0.022387,2874.0,0.022394,2874.0,0.022391,180551374.0,3935810.491388
1753507381871,05:23:01.871,bitget,ACH/USDT:USDT,0.022387,2874.0,0.022394,2874.0,0.022391,180551374.0,3935810.491388
1753507382263,05:23:02.263,bitget,ACH/USDT:USDT,0.022387,2874.0,0.022394,2874.0,0.022391,180551374.0,3935810.491388
1753507382624,05:23:02.624,bitget,ACH/USDT:USDT,0.022387,2874.0,0.022394,2874.0,0.022391,180551374.0,3935810.491388
1753507383019,05:23:03.019,bitget,ACH/USDT:USDT,0.022387,2874.0,0.022394,2874.0,0.022391,180551374.0,3935810.491388
1753507383787,05:23:03.787,bitget,ACH/USDT:USDT,0.022387,2874.0,0.022394,2874.0,0.022391,180551374.0,3935810.491388
1753507384101,05:23:04.101,bitget,ACH/USDT:USDT,0.022387,2874.0,0.022394,2874.0,0.022391,180551374.0,3935810.491388
1753507384441,05:23:04.441,bitget,ACH/USDT:USDT,0.022387,2874.0,0.022394,2874.0,0.022391,180551374.0,3935810.491388
1753507384835,05:23:04.835,bitget,ACH/USDT:USDT,0.022387,2874.0,0.022394,2874.0,0.022391,180551374.0,3935810.491388
1753507385166,05:23:05.166,bitget,ACH/USDT:USDT,0.022387,2874.0,0.022394,2874.0,0.022391,180551374.0,3935810.491388
1753507385483,05:23:05.483,bitget,ACH/USDT:USDT,0.022387,2874.0,0.022394,2874.0,0.022391,180551374.0,3935810.491388
1753507385803,05:23:05.803,bitget,ACH/USDT:USDT,0.022387,2874.0,0.022394,2874.0,0.022391,180551374.0,3935810.491388
1753507386137,05:23:06.137,bitget,ACH/USDT:USDT,0.022387,2874.0,0.022394,2874.0,0.022391,180551374.0,3935810.491388
1753507386447,05:23:06.447,bitget,ACH/USDT:USDT,0.022387,2874.0,0.022394,2874.0,0.022391,180551374.0,3935810.491388
1753507386776,05:23:06.776,bitget,ACH/USDT:USDT,0.022387,2874.0,0.022394,2874.0,0.022391,180551374.0,3935810.491388
1753507387275,05:23:07.275,bitget,ACH/USDT:USDT,0.022387,2874.0,0.022394,2874.0,0.022391,180701744.0,3939043.012318
1753507387935,05:23:07.935,bitget,ACH/USDT:USDT,0.022387,2874.0,0.022398,44599.0,0.022391,180551374.0,3935810.491388
1753507388254,05:23:08.254,bitget,ACH/USDT:USDT,0.022387,2874.0,0.022396,2810.0,0.022391,180551374.0,3935810.491388
1753507388596,05:23:08.596,bitget,ACH/USDT:USDT,0.022387,2874.0,0.022396,2810.0,0.022391,180551374.0,3935810.491388
1753507388922,05:23:08.922,bitget,ACH/USDT:USDT,0.022387,2874.0,0.022396,2810.0,0.022391,180551374.0,3935810.491388
1753507389231,05:23:09.231,bitget,ACH/USDT:USDT,0.022387,2874.0,0.022397,2810.0,0.022391,180551374.0,3935810.491388
1753507389653,05:23:09.653,bitget,ACH/USDT:USDT,0.022387,2874.0,0.022397,2810.0,0.022391,180551374.0,3935810.491388
1753507390340,05:23:10.340,bitget,ACH/USDT:USDT,0.022387,2874.0,0.022397,2810.0,0.022391,180551374.0,3935810.491388
1753507390970,05:23:10.970,bitget,ACH/USDT:USDT,0.022387,2874.0,0.022397,2810.0,0.022391,180551374.0,3935810.491388
1753507391299,05:23:11.299,bitget,ACH/USDT:USDT,0.022387,2874.0,0.022397,2810.0,0.022391,180551374.0,3935810.491388
1753507391612,05:23:11.612,bitget,ACH/USDT:USDT,0.022387,2874.0,0.022397,2810.0,0.022391,180551374.0,3935810.491388
1753507391964,05:23:11.964,bitget,ACH/USDT:USDT,0.022387,2874.0,0.022397,2810.0,0.022391,180551374.0,3935810.491388
1753507392468,05:23:12.468,bitget,ACH/USDT:USDT,0.022387,2874.0,0.022397,2810.0,0.022391,180551374.0,3935810.491388
1753507392853,05:23:12.853,bitget,ACH/USDT:USDT,0.022387,2874.0,0.022397,2810.0,0.022391,180551374.0,3935810.491388
1753507393165,05:23:13.165,bitget,ACH/USDT:USDT,0.022387,2874.0,0.022397,2810.0,0.022391,180551374.0,3935810.491388
1753507393492,05:23:13.492,bitget,ACH/USDT:USDT,0.022387,2874.0,0.022397,2810.0,0.022391,180551374.0,3935810.491388
1753507393826,05:23:13.826,bitget,ACH/USDT:USDT,0.022387,2874.0,0.022397,2810.0,0.022391,180551374.0,3935810.491388
1753507394140,05:23:14.140,bitget,ACH/USDT:USDT,0.022387,2874.0,0.022397,2810.0,0.022391,180551374.0,3935810.491388
1753507394470,05:23:14.470,bitget,ACH/USDT:USDT,0.022387,2874.0,0.022397,2810.0,0.022391,180551374.0,3935810.491388
1753507395079,05:23:15.079,bitget,ACH/USDT:USDT,0.022387,2874.0,0.022397,2810.0,0.022391,180551374.0,3935810.491388
1753507395795,05:23:15.795,bitget,ACH/USDT:USDT,0.022387,2874.0,0.022402,2817.0,0.022395,180551374.0,3935810.491388
1753507396723,05:23:16.723,bitget,ACH/USDT:USDT,0.022387,2874.0,0.022402,2817.0,0.022395,180551374.0,3935810.491388
1753507397580,05:23:17.580,bitget,ACH/USDT:USDT,0.022392,2892.0,0.022402,2817.0,0.022395,180555574.0,3935904.550388
1753507398529,05:23:18.529,bitget,ACH/USDT:USDT,0.022392,2892.0,0.022402,2817.0,0.022395,180555574.0,3935904.550388
1753507399277,05:23:19.277,bitget,ACH/USDT:USDT,0.022392,2892.0,0.022402,2817.0,0.022395,180555574.0,3935904.550388
1753507399634,05:23:19.634,bitget,ACH/USDT:USDT,0.022392,2892.0,0.022402,2817.0,0.022395,180555574.0,3935904.550388
1753507399997,05:23:19.997,bitget,ACH/USDT:USDT,0.022392,2892.0,0.022402,2817.0,0.022395,180555574.0,3935904.550388
1753507400369,05:23:20.369,bitget,ACH/USDT:USDT,0.022392,2892.0,0.022402,2817.0,0.022395,180555574.0,3935904.550388
1753507400735,05:23:20.735,bitget,ACH/USDT:USDT,0.022392,2892.0,0.022402,2817.0,0.022395,180555574.0,3935904.550388
1753507401072,05:23:21.072,bitget,ACH/USDT:USDT,0.022392,2892.0,0.022402,2817.0,0.022395,180555574.0,3935904.550388
1753507401412,05:23:21.412,bitget,ACH/USDT:USDT,0.022392,2892.0,0.022402,2817.0,0.022395,180555574.0,3935904.550388
1753507401724,05:23:21.724,bitget,ACH/USDT:USDT,0.022392,2892.0,0.022402,2817.0,0.022395,180555574.0,3935904.550388
1753507402128,05:23:22.128,bitget,ACH/USDT:USDT,0.022392,2892.0,0.022402,2817.0,0.022395,180551374.0,3935810.491388
1753507402717,05:23:22.717,bitget,ACH/USDT:USDT,0.022392,2892.0,0.022402,2817.0,0.022395,180555574.0,3935904.550388
1753507403078,05:23:23.078,bitget,ACH/USDT:USDT,0.022392,2892.0,0.022402,2817.0,0.022395,180555574.0,3935904.550388
1753507403398,05:23:23.398,bitget,ACH/USDT:USDT,0.022392,7591.0,0.022402,2817.0,0.022395,180555574.0,3935904.550388
1753507403741,05:23:23.741,bitget,ACH/USDT:USDT,0.022394,2892.0,0.022402,2817.0,0.022395,180555574.0,3935904.550388
1753507404047,05:23:24.047,bitget,ACH/USDT:USDT,0.022394,2892.0,0.022402,2817.0,0.022395,180555574.0,3935904.550388
1753507404367,05:23:24.367,bitget,ACH/USDT:USDT,0.022394,2892.0,0.022402,2817.0,0.022395,180555574.0,3935904.550388
1753507404708,05:23:24.708,bitget,ACH/USDT:USDT,0.022396,2892.0,0.022402,2817.0,0.022395,180555574.0,3935904.550388
1753507405104,05:23:25.104,bitget,ACH/USDT:USDT,0.022396,2892.0,0.022402,2817.0,0.022395,180555574.0,3935904.550388
1753507405425,05:23:25.425,bitget,ACH/USDT:USDT,0.022396,2892.0,0.022402,2817.0,0.022395,180555574.0,3935904.550388
1753507405792,05:23:25.792,bitget,ACH/USDT:USDT,0.022396,2892.0,0.022402,2817.0,0.022395,180555574.0,3935904.550388
1753507406154,05:23:26.154,bitget,ACH/USDT:USDT,0.022396,2892.0,0.022402,2817.0,0.022395,180555574.0,3935904.550388
1753507406471,05:23:26.471,bitget,ACH/USDT:USDT,0.022396,2892.0,0.022402,2817.0,0.022395,180555574.0,3935904.550388
1753507406781,05:23:26.781,bitget,ACH/USDT:USDT,0.022396,2892.0,0.022402,2817.0,0.022395,180555574.0,3935904.550388
1753507407148,05:23:27.148,bitget,ACH/USDT:USDT,0.022396,2892.0,0.022402,2817.0,0.022395,180555574.0,3935904.550388
1753507407527,05:23:27.527,bitget,ACH/USDT:USDT,0.022396,2892.0,0.022402,2817.0,0.022395,180555574.0,3935904.550388
1753507407834,05:23:27.834,bitget,ACH/USDT:USDT,0.022396,2892.0,0.022402,2817.0,0.022399,180555574.0,3935904.550388
1753507408205,05:23:28.205,bitget,ACH/USDT:USDT,0.022396,2892.0,0.022402,2817.0,0.022399,180555574.0,3935904.550388
1753507408704,05:23:28.704,bitget,ACH/USDT:USDT,0.022396,2892.0,0.022402,2817.0,0.022399,180565254.0,3936121.372708
1753507409593,05:23:29.593,bitget,ACH/USDT:USDT,0.022396,2892.0,0.022402,2817.0,0.022399,180565254.0,3936121.372708
1753507409945,05:23:29.945,bitget,ACH/USDT:USDT,0.022396,2892.0,0.022402,2817.0,0.022399,180565254.0,3936121.372708
1753507410257,05:23:30.257,bitget,ACH/USDT:USDT,0.022396,2892.0,0.022402,2817.0,0.022399,180565254.0,3936121.372708
1753507410572,05:23:30.572,bitget,ACH/USDT:USDT,0.022396,2892.0,0.022402,2817.0,0.022399,180565254.0,3936121.372708
1753507410996,05:23:30.996,bitget,ACH/USDT:USDT,0.022396,2892.0,0.022402,2817.0,0.022399,180565254.0,3936121.372708
1753507411316,05:23:31.316,bitget,ACH/USDT:USDT,0.022396,2892.0,0.022402,2817.0,0.022399,180565254.0,3936121.372708
1753507411718,05:23:31.718,bitget,ACH/USDT:USDT,0.022396,2892.0,0.022402,2817.0,0.022399,180565254.0,3936121.372708
1753507412111,05:23:32.111,bitget,ACH/USDT:USDT,0.022393,2920.0,0.022402,2817.0,0.022399,180565254.0,3936121.372708
1753507412544,05:23:32.544,bitget,ACH/USDT:USDT,0.022395,2920.0,0.022402,2817.0,0.022399,180565254.0,3936121.372708
1753507413272,05:23:33.272,bitget,ACH/USDT:USDT,0.022393,2920.0,0.022402,2817.0,0.022399,180565254.0,3936121.372708
1753507414032,05:23:34.032,bitget,ACH/USDT:USDT,0.022393,2920.0,0.022402,2817.0,0.022399,180565254.0,3936121.372708
1753507414384,05:23:34.384,bitget,ACH/USDT:USDT,0.022393,2920.0,0.022402,2817.0,0.022399,180565254.0,3936121.372708
1753507414919,05:23:34.919,bitget,ACH/USDT:USDT,0.022393,2920.0,0.022402,2817.0,0.022399,180565254.0,3936121.372708
1753507415713,05:23:35.713,bitget,ACH/USDT:USDT,0.022393,2920.0,0.022402,2817.0,0.022399,180565254.0,3936121.372708
1753507416454,05:23:36.454,bitget,ACH/USDT:USDT,0.022393,2920.0,0.022402,2817.0,0.022399,180565254.0,3936121.372708
1753507416797,05:23:36.797,bitget,ACH/USDT:USDT,0.022393,2920.0,0.022402,2817.0,0.022399,180565254.0,3936121.372708
1753507417225,05:23:37.225,bitget,ACH/USDT:USDT,0.022393,2920.0,0.022402,2817.0,0.022399,180565254.0,3936121.372708
1753507417722,05:23:37.722,bitget,ACH/USDT:USDT,0.022393,2920.0,0.022402,2817.0,0.022399,180565254.0,3936121.372708
1753507418482,05:23:38.482,bitget,ACH/USDT:USDT,0.022393,2920.0,0.022402,2817.0,0.022399,180565254.0,3936121.372708
1753507418946,05:23:38.946,bitget,ACH/USDT:USDT,0.022393,2920.0,0.022402,2817.0,0.022399,180565254.0,3936121.372708
1753507419538,05:23:39.538,bitget,ACH/USDT:USDT,0.022393,2920.0,0.022402,2817.0,0.022399,180565254.0,3936121.372708
1753507419877,05:23:39.877,bitget,ACH/USDT:USDT,0.022393,2920.0,0.022402,2817.0,0.022399,180565254.0,3936121.372708
1753507420207,05:23:40.207,bitget,ACH/USDT:USDT,0.022393,2920.0,0.022402,2817.0,0.022399,180565254.0,3936121.372708
1753507420534,05:23:40.534,bitget,ACH/USDT:USDT,0.022393,2920.0,0.022402,2817.0,0.022399,180565254.0,3936121.372708
1753507420883,05:23:40.883,bitget,ACH/USDT:USDT,0.022393,2920.0,0.022402,2817.0,0.022399,180565254.0,3936121.372708
1753507421220,05:23:41.220,bitget,ACH/USDT:USDT,0.022393,2920.0,0.022402,2817.0,0.022399,180565254.0,3936121.372708
1753507421534,05:23:41.534,bitget,ACH/USDT:USDT,0.022393,2920.0,0.022402,2817.0,0.022399,180565254.0,3936121.372708
1753507421854,05:23:41.854,bitget,ACH/USDT:USDT,0.022393,2920.0,0.022402,2817.0,0.022399,180565254.0,3936121.372708
1753507422466,05:23:42.466,bitget,ACH/USDT:USDT,0.022393,2920.0,0.022402,2817.0,0.022399,180565254.0,3936121.372708
1753507422776,05:23:42.776,bitget,ACH/USDT:USDT,0.022393,2920.0,0.022402,2817.0,0.022399,180565254.0,3936121.372708
1753507423095,05:23:43.095,bitget,ACH/USDT:USDT,0.022393,2920.0,0.022402,2817.0,0.022399,180565254.0,3936121.372708
1753507423492,05:23:43.492,bitget,ACH/USDT:USDT,0.022393,2920.0,0.022402,2817.0,0.022399,180565254.0,3936121.372708
1753507423833,05:23:43.833,bitget,ACH/USDT:USDT,0.022393,2920.0,0.022402,2817.0,0.022399,180565254.0,3936121.372708
1753507424145,05:23:44.145,bitget,ACH/USDT:USDT,0.022393,2920.0,0.022402,2817.0,0.022399,180565254.0,3936121.372708
1753507424464,05:23:44.464,bitget,ACH/USDT:USDT,0.022393,2920.0,0.022402,2817.0,0.022399,180565254.0,3936121.372708
1753507425010,05:23:45.010,bitget,ACH/USDT:USDT,0.022393,2920.0,0.022402,2817.0,0.022399,180565254.0,3936121.372708
