timestamp,time,exchange,symbol,bid,bidVolume,ask,askVolume,lastPrice,baseVolume,quoteVolume
1753504792751,04:39:52.751,bitget,ALGO/USDT:USDT,0.2698,24732.7,0.2699,23098.9,0.2698,58744212.8,15381613.42554
1753504793104,04:39:53.104,bitget,ALGO/USDT:USDT,0.2698,24732.7,0.2699,23098.9,0.2698,58744212.8,15381613.42554
1753504794813,04:39:54.813,bitget,ALGO/USDT:USDT,0.2698,25743.0,0.2699,3826.5,0.2698,58744212.8,15381613.42554
1753504795131,04:39:55.131,bitget,ALGO/USDT:USDT,0.2698,25743.0,0.2699,3826.5,0.2698,58744212.8,15381613.42554
1753504795511,04:39:55.511,bitget,ALGO/USDT:USDT,0.2698,25743.0,0.2699,3826.5,0.2698,58744212.8,15381613.42554
1753504795842,04:39:55.842,bitget,ALGO/USDT:USDT,0.2698,25743.0,0.2699,3826.5,0.2698,58744212.8,15381613.42554
1753504796156,04:39:56.156,bitget,ALGO/USDT:USDT,0.2698,25743.0,0.2699,3826.5,0.2698,58744212.8,15381613.42554
1753504796532,04:39:56.532,bitget,ALGO/USDT:USDT,0.2698,24732.7,0.2699,3826.5,0.2698,58744212.8,15381613.42554
1753504796900,04:39:56.900,bitget,ALGO/USDT:USDT,0.2698,25743.0,0.2699,3826.5,0.2698,58744212.8,15381613.42554
1753504797217,04:39:57.217,bitget,ALGO/USDT:USDT,0.2698,25743.0,0.2699,3826.5,0.2698,58744212.8,15381613.42554
1753504798262,04:39:58.262,bitget,ALGO/USDT:USDT,0.2698,25743.0,0.2699,7245.8,0.2698,58744212.8,15381613.42554
1753504798899,04:39:58.899,bitget,ALGO/USDT:USDT,0.2698,24732.7,0.2699,7245.8,0.2698,58744212.8,15381613.42554
1753504799274,04:39:59.274,bitget,ALGO/USDT:USDT,0.2698,24732.7,0.2699,7245.8,0.2698,58744212.8,15381613.42554
1753504799629,04:39:59.629,bitget,ALGO/USDT:USDT,0.2698,24732.7,0.2699,7245.8,0.2698,58744212.8,15381613.42554
1753504799979,04:39:59.979,bitget,ALGO/USDT:USDT,0.2698,25743.0,0.2699,7245.8,0.2698,58744212.8,15381613.42554
1753504800855,04:40:00.855,bitget,ALGO/USDT:USDT,0.2698,25743.0,0.2699,7245.8,0.2698,58731005.4,15378221.49402
1753504801681,04:40:01.681,bitget,ALGO/USDT:USDT,0.2698,24732.7,0.2699,21245.8,0.2698,58744212.8,15381613.42554
1753504802180,04:40:02.180,bitget,ALGO/USDT:USDT,0.2698,24732.7,0.2699,21245.8,0.2698,58731005.4,15378221.49402
1753504803054,04:40:03.054,bitget,ALGO/USDT:USDT,0.2698,24732.7,0.2699,21245.8,0.2698,58731005.4,15378221.49402
1753504803428,04:40:03.428,bitget,ALGO/USDT:USDT,0.2698,24732.7,0.2699,22265.1,0.2698,58731005.4,15378221.49402
1753504803757,04:40:03.757,bitget,ALGO/USDT:USDT,0.2698,24732.7,0.2699,22265.1,0.2698,58731005.4,15378221.49402
1753504804068,04:40:04.068,bitget,ALGO/USDT:USDT,0.2698,24732.7,0.2699,22265.1,0.2698,58731005.4,15378221.49402
1753504804405,04:40:04.405,bitget,ALGO/USDT:USDT,0.2698,19626.4,0.2699,27031.6,0.2698,58731005.4,15378221.49402
1753504804852,04:40:04.852,bitget,ALGO/USDT:USDT,0.2698,19626.4,0.2699,27031.6,0.2698,58731005.4,15378221.49402
1753504805865,04:40:05.865,bitget,ALGO/USDT:USDT,0.2698,23888.5,0.2699,21245.8,0.2698,58731005.4,15378221.49402
1753504806179,04:40:06.179,bitget,ALGO/USDT:USDT,0.2698,23888.5,0.2699,21245.8,0.2698,58731005.4,15378221.49402
1753504806507,04:40:06.507,bitget,ALGO/USDT:USDT,0.2698,23888.5,0.2699,21245.8,0.2698,58731005.4,15378221.49402
1753504806889,04:40:06.889,bitget,ALGO/USDT:USDT,0.2698,12630.7,0.27,89686.9,0.2698,58731005.4,15378221.49402
1753504807251,04:40:07.251,bitget,ALGO/USDT:USDT,0.2699,5097.7,0.27,72244.4,0.2698,58731005.4,15378221.49402
1753504807567,04:40:07.567,bitget,ALGO/USDT:USDT,0.2699,5097.7,0.27,72244.4,0.2698,58731005.4,15378221.49402
1753504808222,04:40:08.222,bitget,ALGO/USDT:USDT,0.2699,14835.6,0.27,72244.4,0.2698,58731005.4,15378221.49402
1753504808554,04:40:08.554,bitget,ALGO/USDT:USDT,0.2699,19097.7,0.27,72244.4,0.2698,58731005.4,15378221.49402
1753504808865,04:40:08.865,bitget,ALGO/USDT:USDT,0.2699,19097.7,0.27,72244.4,0.2698,58731005.4,15378221.49402
1753504809570,04:40:09.570,bitget,ALGO/USDT:USDT,0.2699,19097.7,0.27,9171.6,0.2698,58731005.4,15378221.49402
1753504809886,04:40:09.886,bitget,ALGO/USDT:USDT,0.2699,19097.7,0.27,9171.6,0.2698,58731005.4,15378221.49402
1753504810839,04:40:10.839,bitget,ALGO/USDT:USDT,0.2699,19097.7,0.27,25078.2,0.2698,58731005.4,15378221.49402
1753504811159,04:40:11.159,bitget,ALGO/USDT:USDT,0.2699,19097.7,0.27,25078.2,0.2698,58731005.4,15378221.49402
1753504811478,04:40:11.478,bitget,ALGO/USDT:USDT,0.2699,19097.7,0.27,25078.2,0.2698,58731005.4,15378221.49402
1753504811908,04:40:11.908,bitget,ALGO/USDT:USDT,0.2699,19097.7,0.27,25078.2,0.2698,58731005.4,15378221.49402
1753504812571,04:40:12.571,bitget,ALGO/USDT:USDT,0.2699,19097.7,0.27,26097.5,0.2698,58731005.4,15378221.49402
1753504812882,04:40:12.882,bitget,ALGO/USDT:USDT,0.2699,19097.7,0.27,25078.2,0.2698,58731005.4,15378221.49402
1753504813240,04:40:13.240,bitget,ALGO/USDT:USDT,0.2699,19097.7,0.27,25078.2,0.2698,58731005.4,15378221.49402
1753504813600,04:40:13.600,bitget,ALGO/USDT:USDT,0.2699,19097.7,0.27,25078.2,0.2698,58731005.4,15378221.49402
1753504813911,04:40:13.911,bitget,ALGO/USDT:USDT,0.2699,19097.7,0.27,23171.6,0.2698,58731005.4,15378221.49402
1753504814683,04:40:14.683,bitget,ALGO/USDT:USDT,0.2699,19097.7,0.27,23171.6,0.2698,58731005.4,15378221.49402
1753504815000,04:40:15.000,bitget,ALGO/USDT:USDT,0.2699,19097.7,0.27,23171.6,0.2698,58731005.4,15378221.49402
1753504815323,04:40:15.323,bitget,ALGO/USDT:USDT,0.2699,19097.7,0.27,23171.6,0.2698,58731005.4,15378221.49402
1753504815706,04:40:15.706,bitget,ALGO/USDT:USDT,0.2699,19097.7,0.27,23171.6,0.2698,58731005.4,15378221.49402
1753504816032,04:40:16.032,bitget,ALGO/USDT:USDT,0.2699,25146.2,0.27,7.0,0.2698,58731005.4,15378221.49402
1753504816705,04:40:16.705,bitget,ALGO/USDT:USDT,0.2699,25146.2,0.27,7.0,0.2698,58731005.4,15378221.49402
1753504817586,04:40:17.586,bitget,ALGO/USDT:USDT,0.2699,18049.9,0.27,7.0,0.2699,58731005.4,15378221.49402
1753504817905,04:40:17.905,bitget,ALGO/USDT:USDT,0.2699,24956.5,0.27,7.0,0.2699,58731005.4,15378221.49402
1753504818258,04:40:18.258,bitget,ALGO/USDT:USDT,0.2699,24956.5,0.27,7.0,0.2699,58743159.4,15381501.85862
1753504818605,04:40:18.605,bitget,ALGO/USDT:USDT,0.2699,24956.5,0.27,7.0,0.2699,58743159.4,15381501.85862
1753504818916,04:40:18.916,bitget,ALGO/USDT:USDT,0.2699,24956.5,0.27,7.0,0.2699,58743159.4,15381501.85862
1753504819256,04:40:19.256,bitget,ALGO/USDT:USDT,0.2699,24956.5,0.27,11007.0,0.2699,58743159.4,15381501.85862
1753504819634,04:40:19.634,bitget,ALGO/USDT:USDT,0.2699,24956.5,0.27,11007.0,0.2699,58743159.4,15381501.85862
1753504819947,04:40:19.947,bitget,ALGO/USDT:USDT,0.2699,24956.5,0.27,11007.0,0.2699,58743159.4,15381501.85862
1753504820257,04:40:20.257,bitget,ALGO/USDT:USDT,0.2699,24956.5,0.27,11007.0,0.2699,58743159.4,15381501.85862
1753504820602,04:40:20.602,bitget,ALGO/USDT:USDT,0.2699,24956.5,0.27,11007.0,0.2699,58743159.4,15381501.85862
1753504820930,04:40:20.930,bitget,ALGO/USDT:USDT,0.2699,24956.5,0.27,11007.0,0.2699,58743159.4,15381501.85862
1753504821245,04:40:21.245,bitget,ALGO/USDT:USDT,0.2699,24956.5,0.27,11007.0,0.2699,58743159.4,15381501.85862
1753504821557,04:40:21.557,bitget,ALGO/USDT:USDT,0.2699,24956.5,0.27,11007.0,0.2699,58743159.4,15381501.85862
1753504821933,04:40:21.933,bitget,ALGO/USDT:USDT,0.2699,24956.5,0.27,15269.1,0.2699,58743159.4,15381501.85862
1753504822281,04:40:22.281,bitget,ALGO/USDT:USDT,0.2699,24956.5,0.27,15269.1,0.2699,58743159.4,15381501.85862
1753504822584,04:40:22.584,bitget,ALGO/USDT:USDT,0.2699,24956.5,0.27,15269.1,0.2699,58743159.4,15381501.85862
1753504822945,04:40:22.945,bitget,ALGO/USDT:USDT,0.2699,24956.5,0.27,15269.1,0.2699,58743159.4,15381501.85862
1753504823692,04:40:23.692,bitget,ALGO/USDT:USDT,0.2699,24956.5,0.27,15269.1,0.2699,58743159.4,15381501.85862
1753504824019,04:40:24.019,bitget,ALGO/USDT:USDT,0.2699,9291.3,0.27,24178.7,0.2699,58743159.4,15381501.85862
1753504824407,04:40:24.407,bitget,ALGO/USDT:USDT,0.2699,9291.3,0.27,23159.4,0.2699,58743159.4,15381501.85862
1753504824750,04:40:24.750,bitget,ALGO/USDT:USDT,0.2699,9291.3,0.27,23159.4,0.2699,58743159.4,15381501.85862
1753504825054,04:40:25.054,bitget,ALGO/USDT:USDT,0.2699,9291.3,0.27,23159.4,0.2699,58743159.4,15381501.85862
1753504825373,04:40:25.373,bitget,ALGO/USDT:USDT,0.2699,9291.3,0.27,24178.7,0.2699,58743159.4,15381501.85862
1753504826052,04:40:26.052,bitget,ALGO/USDT:USDT,0.2699,5029.2,0.27,24178.7,0.2699,58743159.4,15381501.85862
1753504826378,04:40:26.378,bitget,ALGO/USDT:USDT,0.2699,5029.2,0.27,24178.7,0.2699,58743159.4,15381501.85862
1753504826736,04:40:26.736,bitget,ALGO/USDT:USDT,0.2699,5029.2,0.27,24178.7,0.2699,58743159.4,15381501.85862
1753504827193,04:40:27.193,bitget,ALGO/USDT:USDT,0.2698,12630.7,0.2699,21137.5,0.2699,58743159.4,15381501.85862
1753504827957,04:40:27.957,bitget,ALGO/USDT:USDT,0.2698,26630.7,0.2699,21137.5,0.2699,58743159.4,15381501.85862
1753504828764,04:40:28.764,bitget,ALGO/USDT:USDT,0.2698,26630.7,0.2699,21137.5,0.2699,58743159.4,15381501.85862
1753504829768,04:40:29.768,bitget,ALGO/USDT:USDT,0.2698,26630.7,0.2699,21137.5,0.2699,58743159.4,15381501.85862
1753504830090,04:40:30.090,bitget,ALGO/USDT:USDT,0.2699,17323.1,0.27,14785.8,0.2699,58743159.4,15381501.85862
1753504830499,04:40:30.499,bitget,ALGO/USDT:USDT,0.2699,21585.2,0.27,14785.8,0.2699,58743159.4,15381501.85862
1753504830854,04:40:30.854,bitget,ALGO/USDT:USDT,0.2699,21585.2,0.27,14785.8,0.2699,58743159.4,15381501.85862
1753504831168,04:40:31.168,bitget,ALGO/USDT:USDT,0.2699,21585.2,0.27,28785.8,0.2699,58743159.4,15381501.85862
1753504832000,04:40:32.000,bitget,ALGO/USDT:USDT,0.2699,21585.2,0.27,28785.8,0.2699,58743159.4,15381501.85862
1753504832559,04:40:32.559,bitget,ALGO/USDT:USDT,0.2699,21585.2,0.27,28785.8,0.2699,58743159.4,15381501.85862
1753504832890,04:40:32.890,bitget,ALGO/USDT:USDT,0.2699,29230.9,0.27,4269.1,0.2699,58743159.4,15381501.85862
1753504833272,04:40:33.272,bitget,ALGO/USDT:USDT,0.2699,28211.6,0.27,4269.1,0.2699,58743159.4,15381501.85862
1753504834673,04:40:34.673,bitget,ALGO/USDT:USDT,0.2699,28211.6,0.27,18269.1,0.2699,58743159.4,15381501.85862
1753504835077,04:40:35.077,bitget,ALGO/USDT:USDT,0.2699,28211.6,0.27,18269.1,0.2699,58743159.4,15381501.85862
1753504835395,04:40:35.395,bitget,ALGO/USDT:USDT,0.2699,28211.6,0.27,18269.1,0.2699,58743159.4,15381501.85862
1753504835740,04:40:35.740,bitget,ALGO/USDT:USDT,0.2699,28211.6,0.27,18269.1,0.2699,58743159.4,15381501.85862
1753504836091,04:40:36.091,bitget,ALGO/USDT:USDT,0.2699,28211.6,0.27,18269.1,0.2699,58743159.4,15381501.85862
1753504836423,04:40:36.423,bitget,ALGO/USDT:USDT,0.2699,28211.6,0.27,18269.1,0.2699,58743159.4,15381501.85862
1753504836748,04:40:36.748,bitget,ALGO/USDT:USDT,0.2699,28211.6,0.27,18269.1,0.2699,58743159.4,15381501.85862
1753504837269,04:40:37.269,bitget,ALGO/USDT:USDT,0.2699,14211.6,0.27,18269.1,0.2699,58743159.4,15381501.85862
1753504837976,04:40:37.976,bitget,ALGO/USDT:USDT,0.2699,14211.6,0.27,18269.1,0.2699,58743159.4,15381501.85862
1753504838362,04:40:38.362,bitget,ALGO/USDT:USDT,0.2699,10996.0,0.27,21195.0,0.2699,58743159.4,15381501.85862
1753504838719,04:40:38.719,bitget,ALGO/USDT:USDT,0.2699,859.6,0.27,30337.0,0.2699,58743159.4,15381501.85862
1753504839032,04:40:39.032,bitget,ALGO/USDT:USDT,0.2699,859.6,0.27,46766.3,0.2699,58743159.4,15381501.85862
1753504839352,04:40:39.352,bitget,ALGO/USDT:USDT,0.2698,26630.7,0.27,30337.0,0.2699,58743159.4,15381501.85862
1753504839822,04:40:39.822,bitget,ALGO/USDT:USDT,0.2698,26630.7,0.2699,22105.4,0.2699,58743159.4,15381501.85862
1753504840345,04:40:40.345,bitget,ALGO/USDT:USDT,0.2698,26630.7,0.2699,22105.4,0.2699,58743159.4,15381501.85862
1753504841195,04:40:41.195,bitget,ALGO/USDT:USDT,0.2698,26630.7,0.2699,22105.4,0.2699,58743159.4,15381501.85862
1753504841507,04:40:41.507,bitget,ALGO/USDT:USDT,0.2698,26630.7,0.2699,22105.4,0.2699,58743159.4,15381501.85862
1753504841874,04:40:41.874,bitget,ALGO/USDT:USDT,0.2698,26630.7,0.2699,22105.4,0.2699,58743159.4,15381501.85862
1753504842542,04:40:42.542,bitget,ALGO/USDT:USDT,0.2698,26630.7,0.2699,22105.4,0.2699,58743159.4,15381501.85862
1753504842854,04:40:42.854,bitget,ALGO/USDT:USDT,0.2698,12630.7,0.2699,22105.4,0.2699,58743159.4,15381501.85862
1753504843255,04:40:43.255,bitget,ALGO/USDT:USDT,0.2698,22022.4,0.2699,22105.4,0.2699,58743159.4,15381501.85862
1753504844009,04:40:44.009,bitget,ALGO/USDT:USDT,0.2699,4322.6,0.27,29317.7,0.2699,58743159.4,15381501.85862
1753504844498,04:40:44.498,bitget,ALGO/USDT:USDT,0.2699,8584.7,0.27,29317.7,0.2699,58743159.4,15381501.85862
1753504845267,04:40:45.267,bitget,ALGO/USDT:USDT,0.2699,8584.7,0.27,29317.7,0.2699,58743159.4,15381501.85862
1753504845625,04:40:45.625,bitget,ALGO/USDT:USDT,0.2699,859.6,0.27,30337.0,0.2699,58743159.4,15381501.85862
1753504845966,04:40:45.966,bitget,ALGO/USDT:USDT,0.2699,859.6,0.27,30337.0,0.2699,58743159.4,15381501.85862
1753504846306,04:40:46.306,bitget,ALGO/USDT:USDT,0.2699,859.6,0.27,30337.0,0.2699,58743159.4,15381501.85862
1753504846977,04:40:46.977,bitget,ALGO/USDT:USDT,0.2698,36022.4,0.27,30337.0,0.2699,58743159.4,15381501.85862
1753504847899,04:40:47.899,bitget,ALGO/USDT:USDT,0.2698,36022.4,0.2699,17118.8,0.2699,58743159.4,15381501.85862
1753504848845,04:40:48.845,bitget,ALGO/USDT:USDT,0.2698,36022.4,0.2699,16277.4,0.2699,58743159.4,15381501.85862
1753504849653,04:40:49.653,bitget,ALGO/USDT:USDT,0.2698,36022.4,0.2699,16277.4,0.2699,58743159.4,15381501.85862
1753504849967,04:40:49.967,bitget,ALGO/USDT:USDT,0.2698,36022.4,0.2699,16277.4,0.2699,58743159.4,15381501.85862
1753504850282,04:40:50.282,bitget,ALGO/USDT:USDT,0.2698,36022.4,0.2699,16277.4,0.2699,58743159.4,15381501.85862
1753504850670,04:40:50.670,bitget,ALGO/USDT:USDT,0.2698,36022.4,0.2699,16277.4,0.2699,58743159.4,15381501.85862
1753504850988,04:40:50.988,bitget,ALGO/USDT:USDT,0.2698,36022.4,0.2699,16277.4,0.2699,58743159.4,15381501.85862
1753504851296,04:40:51.296,bitget,ALGO/USDT:USDT,0.2698,37041.7,0.2699,16277.4,0.2699,58743159.4,15381501.85862
1753504851676,04:40:51.676,bitget,ALGO/USDT:USDT,0.2698,36022.4,0.2699,20277.4,0.2699,58743159.4,15381501.85862
1753504852059,04:40:52.059,bitget,ALGO/USDT:USDT,0.2698,10748.1,0.2699,22184.0,0.2699,58743159.4,15381501.85862
1753504852369,04:40:52.369,bitget,ALGO/USDT:USDT,0.2698,10748.1,0.2699,22184.0,0.2699,58743159.4,15381501.85862
1753504852685,04:40:52.685,bitget,ALGO/USDT:USDT,0.2698,10748.1,0.2699,22184.0,0.2699,58743159.4,15381501.85862
1753504853075,04:40:53.075,bitget,ALGO/USDT:USDT,0.2698,13674.0,0.2699,18262.1,0.2699,58743159.4,15381501.85862
1753504853412,04:40:53.412,bitget,ALGO/USDT:USDT,0.2698,13674.0,0.2699,18262.1,0.2699,58743159.4,15381501.85862
1753504853723,04:40:53.723,bitget,ALGO/USDT:USDT,0.2698,27674.0,0.2699,4262.1,0.2699,58743159.4,15381501.85862
1753504854039,04:40:54.039,bitget,ALGO/USDT:USDT,0.2698,27674.0,0.2699,4262.1,0.2699,58743159.4,15381501.85862
1753504854434,04:40:54.434,bitget,ALGO/USDT:USDT,0.2698,27674.0,0.2699,4262.1,0.2699,58743159.4,15381501.85862
1753504854762,04:40:54.762,bitget,ALGO/USDT:USDT,0.2698,27674.0,0.2699,4262.1,0.2699,58743159.4,15381501.85862
1753504855082,04:40:55.082,bitget,ALGO/USDT:USDT,0.2698,26654.7,0.2699,4262.1,0.2699,58743159.4,15381501.85862
1753504855805,04:40:55.805,bitget,ALGO/USDT:USDT,0.2698,27674.0,0.2699,4262.1,0.2699,58743159.4,15381501.85862
1753504856114,04:40:56.114,bitget,ALGO/USDT:USDT,0.2698,26654.7,0.27,26334.0,0.2699,58743159.4,15381501.85862
1753504856777,04:40:56.777,bitget,ALGO/USDT:USDT,0.2698,26654.7,0.2699,870.9,0.2699,58743159.4,15381501.85862
1753504857784,04:40:57.784,bitget,ALGO/USDT:USDT,0.2698,26654.7,0.2699,19133.0,0.2699,58743159.4,15381501.85862
1753504858389,04:40:58.389,bitget,ALGO/USDT:USDT,0.2698,26654.7,0.2699,19133.0,0.2699,58743159.4,15381501.85862
1753504858699,04:40:58.699,bitget,ALGO/USDT:USDT,0.2698,26654.7,0.2699,19133.0,0.2699,58743159.4,15381501.85862
1753504859103,04:40:59.103,bitget,ALGO/USDT:USDT,0.2698,26654.7,0.2699,19133.0,0.2699,58743159.4,15381501.85862
1753504860260,04:41:00.260,bitget,ALGO/USDT:USDT,0.2698,26654.7,0.2699,19133.0,0.2699,58743159.4,15381501.85862
1753504860623,04:41:00.623,bitget,ALGO/USDT:USDT,0.2698,26654.7,0.2699,19133.0,0.2699,58743159.4,15381501.85862
1753504860935,04:41:00.935,bitget,ALGO/USDT:USDT,0.2698,26654.7,0.2699,19133.0,0.2699,58743159.4,15381501.85862
1753504861248,04:41:01.248,bitget,ALGO/USDT:USDT,0.2698,26654.7,0.2699,19133.0,0.2699,58743159.4,15381501.85862
1753504861642,04:41:01.642,bitget,ALGO/USDT:USDT,0.2698,12654.7,0.2699,19133.0,0.2699,58743159.4,15381501.85862
1753504862338,04:41:02.338,bitget,ALGO/USDT:USDT,0.2698,12654.7,0.2699,19133.0,0.2699,58743159.4,15381501.85862
1753504862736,04:41:02.736,bitget,ALGO/USDT:USDT,0.2698,12654.7,0.2699,19133.0,0.2699,58736889.8,15379892.94358
1753504863058,04:41:03.058,bitget,ALGO/USDT:USDT,0.2698,12654.7,0.2699,19133.0,0.2699,58736889.8,15379892.94358
1753504863407,04:41:03.407,bitget,ALGO/USDT:USDT,0.2698,12654.7,0.2699,19133.0,0.2699,58736889.8,15379892.94358
1753504863745,04:41:03.745,bitget,ALGO/USDT:USDT,0.2698,23654.7,0.2699,19133.0,0.2699,58736889.8,15379892.94358
1753504864099,04:41:04.099,bitget,ALGO/USDT:USDT,0.2698,24674.0,0.27,43783.3,0.2699,58736889.8,15379892.94358
1753504865070,04:41:05.070,bitget,ALGO/USDT:USDT,0.2699,18333.9,0.27,29317.7,0.2699,58736889.8,15379892.94358
1753504865703,04:41:05.703,bitget,ALGO/USDT:USDT,0.2699,22596.0,0.27,13411.1,0.2699,58736889.8,15379892.94358
1753504866038,04:41:06.038,bitget,ALGO/USDT:USDT,0.2699,22596.0,0.27,13411.1,0.2699,58736889.8,15379892.94358
1753504866355,04:41:06.355,bitget,ALGO/USDT:USDT,0.2699,22596.0,0.27,13411.1,0.2699,58736889.8,15379892.94358
1753504866675,04:41:06.675,bitget,ALGO/USDT:USDT,0.2699,22596.0,0.27,13411.1,0.2699,58736889.8,15379892.94358
1753504867122,04:41:07.122,bitget,ALGO/USDT:USDT,0.2699,22596.0,0.27,13411.1,0.2699,58736889.8,15379892.94358
1753504867758,04:41:07.758,bitget,ALGO/USDT:USDT,0.2699,22596.0,0.27,27411.1,0.2699,58736889.8,15379892.94358
1753504868082,04:41:08.082,bitget,ALGO/USDT:USDT,0.2699,22596.0,0.27,27411.1,0.2699,58736889.8,15379892.94358
1753504868421,04:41:08.421,bitget,ALGO/USDT:USDT,0.2699,22596.0,0.27,27411.1,0.2699,58736889.8,15379892.94358
1753504868749,04:41:08.749,bitget,ALGO/USDT:USDT,0.2699,22596.0,0.27,27302.1,0.27,58737107.8,15379951.80358
1753504869064,04:41:09.064,bitget,ALGO/USDT:USDT,0.2699,22596.0,0.27,27302.1,0.27,58737107.8,15379951.80358
1753504869398,04:41:09.398,bitget,ALGO/USDT:USDT,0.2699,22596.0,0.27,27302.1,0.27,58737107.8,15379951.80358
1753504869754,04:41:09.754,bitget,ALGO/USDT:USDT,0.2699,22596.0,0.27,27302.1,0.27,58737107.8,15379951.80358
1753504870071,04:41:10.071,bitget,ALGO/USDT:USDT,0.2699,22596.0,0.27,27302.1,0.27,58737107.8,15379951.80358
1753504870396,04:41:10.396,bitget,ALGO/USDT:USDT,0.2699,22596.0,0.27,27302.1,0.27,58736889.8,15379892.94358
1753504870856,04:41:10.856,bitget,ALGO/USDT:USDT,0.2699,22596.0,0.27,27302.1,0.27,58736889.8,15379892.94358
1753504871435,04:41:11.435,bitget,ALGO/USDT:USDT,0.2699,22596.0,0.27,27302.1,0.27,58737107.8,15379951.80358
1753504871752,04:41:11.752,bitget,ALGO/USDT:USDT,0.2699,22596.0,0.27,27302.1,0.27,58737107.8,15379951.80358
1753504872186,04:41:12.186,bitget,ALGO/USDT:USDT,0.2699,22596.0,0.27,27302.1,0.27,58737107.8,15379951.80358
1753504872816,04:41:12.816,bitget,ALGO/USDT:USDT,0.2699,22596.0,0.27,27302.1,0.27,58737107.8,15379951.80358
1753504873785,04:41:13.785,bitget,ALGO/USDT:USDT,0.2699,22596.0,0.27,27302.1,0.27,58737107.8,15379951.80358
1753504874099,04:41:14.099,bitget,ALGO/USDT:USDT,0.2699,22596.0,0.27,27302.1,0.27,58737107.8,15379951.80358
1753504874602,04:41:14.602,bitget,ALGO/USDT:USDT,0.2699,22596.0,0.27,27302.1,0.27,58737107.8,15379951.80358
1753504875355,04:41:15.355,bitget,ALGO/USDT:USDT,0.2699,22596.0,0.27,28321.4,0.27,58737107.8,15379951.80358
1753504875848,04:41:15.848,bitget,ALGO/USDT:USDT,0.2699,22596.0,0.27,28321.4,0.27,58737107.8,15379951.80358
1753504876698,04:41:16.698,bitget,ALGO/USDT:USDT,0.27,35371.1,0.2701,61237.5,0.27,58737107.8,15379951.80358
1753504877706,04:41:17.706,bitget,ALGO/USDT:USDT,0.27,22581.6,0.2701,66004.0,0.27,58737107.8,15379951.80358
1753504878377,04:41:18.377,bitget,ALGO/USDT:USDT,0.27,21725.1,0.2701,67023.3,0.27,58737107.8,15379951.80358
1753504878684,04:41:18.684,bitget,ALGO/USDT:USDT,0.27,21725.1,0.2701,67023.3,0.27,58737107.8,15379951.80358
1753504878997,04:41:18.997,bitget,ALGO/USDT:USDT,0.27,21725.1,0.2701,13742.8,0.27,58737107.8,15379951.80358
1753504879423,04:41:19.423,bitget,ALGO/USDT:USDT,0.27,21725.1,0.2701,13742.8,0.27,58737107.8,15379951.80358
1753504879901,04:41:19.901,bitget,ALGO/USDT:USDT,0.27,21725.1,0.2701,13742.8,0.27,58737107.8,15379951.80358
1753504880506,04:41:20.506,bitget,ALGO/USDT:USDT,0.27,21725.1,0.2701,27742.8,0.27,58737107.8,15379951.80358
1753504880868,04:41:20.868,bitget,ALGO/USDT:USDT,0.27,21725.1,0.2701,27742.8,0.27,58737107.8,15379951.80358
1753504881183,04:41:21.183,bitget,ALGO/USDT:USDT,0.27,21725.1,0.2701,27742.8,0.27,58737107.8,15379951.80358
1753504881501,04:41:21.501,bitget,ALGO/USDT:USDT,0.2701,8581.6,0.2702,62213.1,0.27,58737107.8,15379951.80358
1753504881905,04:41:21.905,bitget,ALGO/USDT:USDT,0.2701,4319.5,0.2702,62313.1,0.27,58737107.8,15379951.80358
1753504882256,04:41:22.256,bitget,ALGO/USDT:USDT,0.2701,8581.6,0.2702,62313.1,0.27,58737107.8,15379951.80358
1753504882575,04:41:22.575,bitget,ALGO/USDT:USDT,0.2701,8581.6,0.2702,62313.1,0.27,58737107.8,15379951.80358
1753504882885,04:41:22.885,bitget,ALGO/USDT:USDT,0.2701,8581.6,0.2702,72332.4,0.27,58737107.8,15379951.80358
1753504883242,04:41:23.242,bitget,ALGO/USDT:USDT,0.2701,4319.5,0.2702,72332.4,0.27,58737107.8,15379951.80358
1753504883972,04:41:23.972,bitget,ALGO/USDT:USDT,0.2701,4319.5,0.2702,77332.4,0.27,58737107.8,15379951.80358
1753504884885,04:41:24.885,bitget,ALGO/USDT:USDT,0.2701,4319.5,0.2702,77332.4,0.27,58737107.8,15379951.80358
1753504885567,04:41:25.567,bitget,ALGO/USDT:USDT,0.27,9693.3,0.2701,22153.2,0.27,58737107.8,15379951.80358
1753504885908,04:41:25.908,bitget,ALGO/USDT:USDT,0.27,9693.3,0.2701,22153.2,0.27,58737107.8,15379951.80358
1753504886529,04:41:26.529,bitget,ALGO/USDT:USDT,0.27,9693.3,0.2701,19118.6,0.27,58737107.8,15379951.80358
1753504886959,04:41:26.959,bitget,ALGO/USDT:USDT,0.27,9693.3,0.2701,19118.6,0.27,58737107.8,15379951.80358
1753504887402,04:41:27.402,bitget,ALGO/USDT:USDT,0.27,9693.3,0.2701,19118.6,0.27,58737107.8,15379951.80358
1753504888030,04:41:28.030,bitget,ALGO/USDT:USDT,0.2699,27421.0,0.27,14851.7,0.27,58737107.8,15379951.80358
1753504888668,04:41:28.668,bitget,ALGO/USDT:USDT,0.2699,27421.0,0.27,19113.8,0.27,58737107.8,15379951.80358
1753504888981,04:41:28.981,bitget,ALGO/USDT:USDT,0.2699,27421.0,0.27,19113.8,0.27,58737107.8,15379951.80358
1753504889356,04:41:29.356,bitget,ALGO/USDT:USDT,0.2699,26666.0,0.27,14000.0,0.27,58737107.8,15379951.80358
1753504890215,04:41:30.215,bitget,ALGO/USDT:USDT,0.2699,26666.0,0.2701,49931.7,0.27,58737107.8,15379951.80358
1753504890530,04:41:30.530,bitget,ALGO/USDT:USDT,0.2699,26666.0,0.27,14851.7,0.27,58737107.8,15379951.80358
1753504890926,04:41:30.926,bitget,ALGO/USDT:USDT,0.2699,26666.0,0.27,18262.1,0.27,58737107.8,15379951.80358
1753504891244,04:41:31.244,bitget,ALGO/USDT:USDT,0.2699,26666.0,0.27,18262.1,0.27,58737107.8,15379951.80358
1753504891618,04:41:31.618,bitget,ALGO/USDT:USDT,0.2699,26666.0,0.27,14000.0,0.27,58737107.8,15379951.80358
1753504892011,04:41:32.011,bitget,ALGO/USDT:USDT,0.2699,26666.0,0.27,14000.0,0.27,58737107.8,15379951.80358
1753504892504,04:41:32.504,bitget,ALGO/USDT:USDT,0.2699,26666.0,0.27,14000.0,0.27,58737107.8,15379951.80358
1753504893298,04:41:33.298,bitget,ALGO/USDT:USDT,0.27,31944.5,0.2701,29511.5,0.27,58737107.8,15379951.80358
1753504893930,04:41:33.930,bitget,ALGO/USDT:USDT,0.27,31944.5,0.2701,29511.5,0.27,58737107.8,15379951.80358
1753504894245,04:41:34.245,bitget,ALGO/USDT:USDT,0.27,18314.7,0.2701,29511.5,0.27,58737107.8,15379951.80358
1753504894647,04:41:34.647,bitget,ALGO/USDT:USDT,0.27,22576.8,0.2701,29511.5,0.27,58737107.8,15379951.80358
1753504895394,04:41:35.394,bitget,ALGO/USDT:USDT,0.27,8576.8,0.2701,29511.5,0.27,58737107.8,15379951.80358
1753504895990,04:41:35.990,bitget,ALGO/USDT:USDT,0.2699,24759.4,0.27,21285.0,0.27,58737107.8,15379951.80358
1753504896332,04:41:36.332,bitget,ALGO/USDT:USDT,0.2699,24759.4,0.27,21285.0,0.27,58737107.8,15379951.80358
1753504896637,04:41:36.637,bitget,ALGO/USDT:USDT,0.2699,24759.4,0.27,22304.3,0.27,58737107.8,15379951.80358
1753504896949,04:41:36.949,bitget,ALGO/USDT:USDT,0.2699,24759.4,0.27,21285.0,0.27,58737107.8,15379951.80358
1753504897345,04:41:37.345,bitget,ALGO/USDT:USDT,0.2698,27409.7,0.2699,2862.8,0.27,58737107.8,15379951.80358
1753504898374,04:41:38.374,bitget,ALGO/USDT:USDT,0.2699,28092.8,0.27,28818.0,0.27,58737107.8,15379951.80358
1753504899045,04:41:39.045,bitget,ALGO/USDT:USDT,0.2699,29112.1,0.27,12911.4,0.27,58737107.8,15379951.80358
1753504899719,04:41:39.719,bitget,ALGO/USDT:USDT,0.2699,32112.1,0.27,12911.4,0.27,58737107.8,15379951.80358
1753504900140,04:41:40.140,bitget,ALGO/USDT:USDT,0.2699,31092.8,0.27,14818.0,0.27,58737107.8,15379951.80358
1753504900490,04:41:40.490,bitget,ALGO/USDT:USDT,0.2699,31092.8,0.27,14818.0,0.27,58737107.8,15379951.80358
1753504900803,04:41:40.803,bitget,ALGO/USDT:USDT,0.2699,31092.8,0.27,14818.0,0.27,58737107.8,15379951.80358
1753504901124,04:41:41.124,bitget,ALGO/USDT:USDT,0.2699,31092.8,0.27,12911.4,0.27,58737107.8,15379951.80358
1753504901467,04:41:41.467,bitget,ALGO/USDT:USDT,0.2699,31092.8,0.27,12911.4,0.27,58737107.8,15379951.80358
1753504901781,04:41:41.781,bitget,ALGO/USDT:USDT,0.2699,31092.8,0.27,12911.4,0.27,58737107.8,15379951.80358
1753504902132,04:41:42.132,bitget,ALGO/USDT:USDT,0.2699,21725.1,0.27,29895.1,0.27,58737107.8,15379951.80358
1753504903112,04:41:43.112,bitget,ALGO/USDT:USDT,0.2699,21725.1,0.27,29895.1,0.27,58737107.8,15379951.80358
1753504903847,04:41:43.847,bitget,ALGO/USDT:USDT,0.2699,18725.1,0.27,31801.7,0.27,58737107.8,15379951.80358
1753504904224,04:41:44.224,bitget,ALGO/USDT:USDT,0.2699,18725.1,0.27,31801.7,0.27,58737107.8,15379951.80358
1753504904543,04:41:44.543,bitget,ALGO/USDT:USDT,0.2699,18725.1,0.27,31801.7,0.27,58737107.8,15379951.80358
1753504904966,04:41:44.966,bitget,ALGO/USDT:USDT,0.2699,15463.0,0.27,32821.0,0.27,58737107.8,15379951.80358
1753504905682,04:41:45.682,bitget,ALGO/USDT:USDT,0.2699,15463.0,0.27,32821.0,0.27,58737107.8,15379951.80358
1753504905999,04:41:45.999,bitget,ALGO/USDT:USDT,0.2699,19725.1,0.27,31801.7,0.27,58737107.8,15379951.80358
1753504906732,04:41:46.732,bitget,ALGO/USDT:USDT,0.27,25194.6,0.2701,5118.6,0.27,58737107.8,15379951.80358
1753504907052,04:41:47.052,bitget,ALGO/USDT:USDT,0.27,29801.7,0.2701,5118.6,0.27,58737107.8,15379951.80358
1753504907428,04:41:47.428,bitget,ALGO/USDT:USDT,0.27,29801.7,0.2701,5118.6,0.27,58737107.8,15379951.80358
1753504907783,04:41:47.783,bitget,ALGO/USDT:USDT,0.27,29801.7,0.2701,5118.6,0.27,58737107.8,15379951.80358
1753504908101,04:41:48.101,bitget,ALGO/USDT:USDT,0.27,29801.7,0.2701,5118.6,0.27,58756884.8,15385291.59358
1753504908418,04:41:48.418,bitget,ALGO/USDT:USDT,0.27,29801.7,0.2701,19118.6,0.27,58756884.8,15385291.59358
1753504908763,04:41:48.763,bitget,ALGO/USDT:USDT,0.27,30821.0,0.2701,19118.6,0.27,58756884.8,15385291.59358
1753504909097,04:41:49.097,bitget,ALGO/USDT:USDT,0.27,30821.0,0.2701,5118.6,0.27,58756884.8,15385291.59358
1753504909407,04:41:49.407,bitget,ALGO/USDT:USDT,0.27,30821.0,0.2701,5118.6,0.27,58756884.8,15385291.59358
1753504909717,04:41:49.717,bitget,ALGO/USDT:USDT,0.27,29801.7,0.2701,5118.6,0.27,58756884.8,15385291.59358
1753504910068,04:41:50.068,bitget,ALGO/USDT:USDT,0.27,29801.7,0.2701,5118.6,0.27,58756884.8,15385291.59358
1753504910415,04:41:50.415,bitget,ALGO/USDT:USDT,0.27,29801.7,0.2701,5118.6,0.27,58756884.8,15385291.59358
1753504910729,04:41:50.729,bitget,ALGO/USDT:USDT,0.27,30821.0,0.2701,5118.6,0.27,58756884.8,15385291.59358
1753504911043,04:41:51.043,bitget,ALGO/USDT:USDT,0.27,30821.0,0.2701,856.5,0.27,58756884.8,15385291.59358
1753504911448,04:41:51.448,bitget,ALGO/USDT:USDT,0.2701,17092.8,0.2702,57586.0,0.27,58756884.8,15385291.59358
1753504911796,04:41:51.796,bitget,ALGO/USDT:USDT,0.2701,17092.8,0.2702,57586.0,0.27,58756884.8,15385291.59358
1753504912484,04:41:52.484,bitget,ALGO/USDT:USDT,0.2701,3463.0,0.2702,71586.0,0.27,58756884.8,15385291.59358
1753504913650,04:41:53.650,bitget,ALGO/USDT:USDT,0.27,29801.7,0.2701,22555.4,0.27,58756884.8,15385291.59358
1753504914630,04:41:54.630,bitget,ALGO/USDT:USDT,0.27,29801.7,0.2701,22555.4,0.27,58756884.8,15385291.59358
1753504915112,04:41:55.112,bitget,ALGO/USDT:USDT,0.27,11795.1,0.2701,22555.4,0.27,58756884.8,15385291.59358
1753504915902,04:41:55.902,bitget,ALGO/USDT:USDT,0.27,11795.1,0.2701,22555.4,0.27,58756884.8,15385291.59358
1753504916271,04:41:56.271,bitget,ALGO/USDT:USDT,0.27,11795.1,0.2701,22555.4,0.27,58756884.8,15385291.59358
1753504916647,04:41:56.647,bitget,ALGO/USDT:USDT,0.27,11795.1,0.2701,22555.4,0.27,58756884.8,15385291.59358
1753504916970,04:41:56.970,bitget,ALGO/USDT:USDT,0.27,11795.1,0.2701,22555.4,0.27,58756884.8,15385291.59358
1753504917296,04:41:57.296,bitget,ALGO/USDT:USDT,0.27,11795.1,0.2701,25539.1,0.27,58756884.8,15385291.59358
1753504917848,04:41:57.848,bitget,ALGO/USDT:USDT,0.27,11795.1,0.2701,31318.3,0.27,58756884.8,15385291.59358
1753504918194,04:41:58.194,bitget,ALGO/USDT:USDT,0.27,11795.1,0.2701,31318.3,0.27,58756884.8,15385291.59358
1753504918502,04:41:58.502,bitget,ALGO/USDT:USDT,0.27,11795.1,0.2701,31318.3,0.27,58756884.8,15385291.59358
1753504918814,04:41:58.814,bitget,ALGO/USDT:USDT,0.27,22795.1,0.2701,31318.3,0.27,58756884.8,15385291.59358
1753504919164,04:41:59.164,bitget,ALGO/USDT:USDT,0.27,23814.4,0.2701,31318.3,0.27,58756884.8,15385291.59358
1753504919475,04:41:59.475,bitget,ALGO/USDT:USDT,0.27,23814.4,0.2701,31318.3,0.27,58756884.8,15385291.59358
1753504919793,04:41:59.793,bitget,ALGO/USDT:USDT,0.27,23814.4,0.2701,31318.3,0.27,58756884.8,15385291.59358
1753504920305,04:42:00.305,bitget,ALGO/USDT:USDT,0.27,22795.1,0.2701,28334.6,0.27,58755602.0,15384962.29882
1753504921213,04:42:01.213,bitget,ALGO/USDT:USDT,0.27,22795.1,0.2701,28334.6,0.27,58756884.8,15385291.59358
1753504921583,04:42:01.583,bitget,ALGO/USDT:USDT,0.27,23814.4,0.2701,28334.6,0.27,58755602.0,15384962.29882
1753504922681,04:42:02.681,bitget,ALGO/USDT:USDT,0.27,26814.4,0.2701,28334.6,0.27,58755602.0,15384962.29882
1753504923070,04:42:03.070,bitget,ALGO/USDT:USDT,0.27,26814.4,0.2701,2983.7,0.27,58755602.0,15384962.29882
1753504923432,04:42:03.432,bitget,ALGO/USDT:USDT,0.27,26814.4,0.2701,2983.7,0.27,58755602.0,15384962.29882
1753504923753,04:42:03.753,bitget,ALGO/USDT:USDT,0.27,26814.4,0.2701,2983.7,0.27,58755602.0,15384962.29882
1753504924111,04:42:04.111,bitget,ALGO/USDT:USDT,0.27,23888.5,0.2701,19102.7,0.27,58755602.0,15384962.29882
1753504925179,04:42:05.179,bitget,ALGO/USDT:USDT,0.27,26814.4,0.2702,57586.0,0.27,58755602.0,15384962.29882
1753504925926,04:42:05.926,bitget,ALGO/USDT:USDT,0.2701,31933.4,0.2702,57586.0,0.27,58755602.0,15384962.29882
1753504926238,04:42:06.238,bitget,ALGO/USDT:USDT,0.2701,31933.4,0.2702,57586.0,0.27,58755602.0,15384962.29882
1753504926553,04:42:06.553,bitget,ALGO/USDT:USDT,0.2701,31933.4,0.2702,57586.0,0.27,58755602.0,15384962.29882
1753504926916,04:42:06.916,bitget,ALGO/USDT:USDT,0.2701,31933.4,0.2702,57586.0,0.27,58755602.0,15384962.29882
1753504927261,04:42:07.261,bitget,ALGO/USDT:USDT,0.2701,31933.4,0.2702,57586.0,0.27,58755602.0,15384962.29882
1753504927589,04:42:07.589,bitget,ALGO/USDT:USDT,0.2701,31933.4,0.2702,57586.0,0.27,58755602.0,15384962.29882
1753504928438,04:42:08.438,bitget,ALGO/USDT:USDT,0.27,25795.1,0.2701,2963.2,0.27,58755602.0,15384962.29882
1753504929264,04:42:09.264,bitget,ALGO/USDT:USDT,0.2701,31958.0,0.2702,57586.0,0.27,58755602.0,15384962.29882
1753504929598,04:42:09.598,bitget,ALGO/USDT:USDT,0.2701,31958.0,0.2702,57586.0,0.27,58755602.0,15384962.29882
1753504929934,04:42:09.934,bitget,ALGO/USDT:USDT,0.2701,31958.0,0.2702,57586.0,0.27,58755602.0,15384962.29882
1753504930359,04:42:10.359,bitget,ALGO/USDT:USDT,0.27,26814.4,0.2702,57586.0,0.27,58755602.0,15384962.29882
1753504930789,04:42:10.789,bitget,ALGO/USDT:USDT,0.27,26814.4,0.2702,57586.0,0.27,58755602.0,15384962.29882
1753504931648,04:42:11.648,bitget,ALGO/USDT:USDT,0.2701,31092.8,0.2702,57586.0,0.27,58755602.0,15384962.29882
1753504932004,04:42:12.004,bitget,ALGO/USDT:USDT,0.2701,31092.8,0.2702,57586.0,0.27,58755602.0,15384962.29882
1753504932343,04:42:12.343,bitget,ALGO/USDT:USDT,0.2701,31092.8,0.2702,57586.0,0.27,58755602.0,15384962.29882
1753504932930,04:42:12.930,bitget,ALGO/USDT:USDT,0.2701,17463.0,0.2702,57586.0,0.27,58755602.0,15384962.29882
1753504933280,04:42:13.280,bitget,ALGO/USDT:USDT,0.2701,14000.0,0.2702,57586.0,0.27,58755602.0,15384962.29882
1753504933592,04:42:13.592,bitget,ALGO/USDT:USDT,0.2701,14000.0,0.2702,57586.0,0.27,58755602.0,15384962.29882
1753504933935,04:42:13.935,bitget,ALGO/USDT:USDT,0.2701,18262.1,0.2702,57586.0,0.27,58755602.0,15384962.29882
1753504934712,04:42:14.712,bitget,ALGO/USDT:USDT,0.2701,14000.0,0.2702,58605.3,0.27,58755602.0,15384962.29882
1753504935065,04:42:15.065,bitget,ALGO/USDT:USDT,0.2701,17463.0,0.2702,68602.3,0.27,58755602.0,15384962.29882
1753504935884,04:42:15.884,bitget,ALGO/USDT:USDT,0.2701,17463.0,0.2702,68602.3,0.27,58755602.0,15384962.29882
1753504936197,04:42:16.197,bitget,ALGO/USDT:USDT,0.2701,17463.0,0.2702,55621.6,0.27,58755602.0,15384962.29882
1753504936510,04:42:16.510,bitget,ALGO/USDT:USDT,0.2701,17463.0,0.2702,54602.3,0.27,58755602.0,15384962.29882
1753504936881,04:42:16.881,bitget,ALGO/USDT:USDT,0.2701,17463.0,0.2702,54602.3,0.27,58755602.0,15384962.29882
1753504937568,04:42:17.568,bitget,ALGO/USDT:USDT,0.2701,21725.1,0.2702,54602.3,0.27,58755602.0,15384962.29882
1753504938336,04:42:18.336,bitget,ALGO/USDT:USDT,0.2701,22744.4,0.2702,54602.3,0.27,58755602.0,15384962.29882
1753504938646,04:42:18.646,bitget,ALGO/USDT:USDT,0.2701,22744.4,0.2702,54602.3,0.27,58755602.0,15384962.29882
1753504938958,04:42:18.958,bitget,ALGO/USDT:USDT,0.2702,17953.9,0.2703,63219.5,0.27,58755602.0,15384962.29882
1753504939319,04:42:19.319,bitget,ALGO/USDT:USDT,0.2702,17953.9,0.2703,63219.5,0.27,58755602.0,15384962.29882
1753504939648,04:42:19.648,bitget,ALGO/USDT:USDT,0.2702,17953.9,0.2703,63219.5,0.27,58755602.0,15384962.29882
1753504939958,04:42:19.958,bitget,ALGO/USDT:USDT,0.2702,4324.1,0.2703,63099.5,0.27,58755602.0,15384962.29882
1753504940387,04:42:20.387,bitget,ALGO/USDT:USDT,0.2702,4324.1,0.2703,64118.8,0.27,58755602.0,15384962.29882
1753504940840,04:42:20.840,bitget,ALGO/USDT:USDT,0.2702,4324.1,0.2703,78118.8,0.27,58755602.0,15384962.29882
1753504941424,04:42:21.424,bitget,ALGO/USDT:USDT,0.2702,8586.2,0.2703,63099.5,0.27,58755602.0,15384962.29882
1753504941783,04:42:21.783,bitget,ALGO/USDT:USDT,0.2702,8586.2,0.2703,77099.5,0.27,58755602.0,15384962.29882
1753504942098,04:42:22.098,bitget,ALGO/USDT:USDT,0.2702,8586.2,0.2703,77099.5,0.27,58755602.0,15384962.29882
1753504942413,04:42:22.413,bitget,ALGO/USDT:USDT,0.2701,25795.1,0.2702,23114.0,0.27,58755602.0,15384962.29882
1753504942943,04:42:22.943,bitget,ALGO/USDT:USDT,0.2701,23888.5,0.2702,23114.0,0.27,58755602.0,15384962.29882
1753504943274,04:42:23.274,bitget,ALGO/USDT:USDT,0.2701,23888.5,0.2702,23114.0,0.27,58755602.0,15384962.29882
1753504943589,04:42:23.589,bitget,ALGO/USDT:USDT,0.2701,23888.5,0.2702,23114.0,0.27,58755602.0,15384962.29882
1753504943919,04:42:23.919,bitget,ALGO/USDT:USDT,0.2701,24907.8,0.2703,80083.2,0.27,58755602.0,15384962.29882
1753504944243,04:42:24.243,bitget,ALGO/USDT:USDT,0.2701,23888.5,0.2703,81102.5,0.27,58755602.0,15384962.29882
1753504944567,04:42:24.567,bitget,ALGO/USDT:USDT,0.2701,23888.5,0.2703,81202.5,0.27,58755602.0,15384962.29882
1753504944925,04:42:24.925,bitget,ALGO/USDT:USDT,0.2702,31953.9,0.2703,66083.2,0.27,58755602.0,15384962.29882
1753504945331,04:42:25.331,bitget,ALGO/USDT:USDT,0.2701,25795.1,0.2702,23114.0,0.27,58755602.0,15384962.29882
1753504946012,04:42:26.012,bitget,ALGO/USDT:USDT,0.2701,5626.4,0.2702,29063.6,0.27,58755602.0,15384962.29882
1753504946343,04:42:26.343,bitget,ALGO/USDT:USDT,0.27,23888.5,0.2701,24248.2,0.2701,58755602.0,15384962.29882
1753504946828,04:42:26.828,bitget,ALGO/USDT:USDT,0.27,23888.5,0.2701,24248.2,0.2701,58755602.0,15384962.29882
1753504947853,04:42:27.853,bitget,ALGO/USDT:USDT,0.27,23888.5,0.2701,24248.2,0.2701,58766854.8,15388001.6801
1753504948552,04:42:28.552,bitget,ALGO/USDT:USDT,0.27,15262.1,0.2701,29874.6,0.2701,58755602.0,15384962.29882
1753504948924,04:42:28.924,bitget,ALGO/USDT:USDT,0.27,7725.1,0.2701,77207.1,0.2701,58766854.8,15388001.6801
1753504949325,04:42:29.325,bitget,ALGO/USDT:USDT,0.27,7725.1,0.2701,77207.1,0.2701,58766854.8,15388001.6801
1753504949642,04:42:29.642,bitget,ALGO/USDT:USDT,0.27,7725.1,0.2701,77207.1,0.2701,58766854.8,15388001.6801
1753504949958,04:42:29.958,bitget,ALGO/USDT:USDT,0.27,7725.1,0.2701,77207.1,0.2701,58766854.8,15388001.6801
1753504950328,04:42:30.328,bitget,ALGO/USDT:USDT,0.27,7725.1,0.2701,77207.1,0.2701,58766854.8,15388001.6801
1753504950673,04:42:30.673,bitget,ALGO/USDT:USDT,0.27,7725.1,0.2701,77207.1,0.2701,58766854.8,15388001.6801
1753504950987,04:42:30.987,bitget,ALGO/USDT:USDT,0.27,7725.1,0.2701,77207.1,0.2701,58766854.8,15388001.6801
1753504951307,04:42:31.307,bitget,ALGO/USDT:USDT,0.27,7725.1,0.2701,77207.1,0.2701,58766854.8,15388001.6801
1753504951719,04:42:31.719,bitget,ALGO/USDT:USDT,0.27,7725.1,0.2701,77207.1,0.2701,58766854.8,15388001.6801
1753504952127,04:42:32.127,bitget,ALGO/USDT:USDT,0.27,7725.1,0.2701,80190.8,0.2701,58766854.8,15388001.6801
1753504952897,04:42:32.897,bitget,ALGO/USDT:USDT,0.27,21725.1,0.2701,80190.8,0.2701,58766854.8,15388001.6801
1753504953912,04:42:33.912,bitget,ALGO/USDT:USDT,0.27,27156.3,0.2701,80190.8,0.2701,58766854.8,15388001.6801
1753504954557,04:42:34.557,bitget,ALGO/USDT:USDT,0.27,27156.3,0.2701,80190.8,0.2701,58766854.8,15388001.6801
1753504954877,04:42:34.877,bitget,ALGO/USDT:USDT,0.27,27156.3,0.2701,80190.8,0.2701,58766854.8,15388001.6801
1753504955298,04:42:35.298,bitget,ALGO/USDT:USDT,0.27,28175.6,0.2701,80190.8,0.2701,58766854.8,15388001.6801
1753504955672,04:42:35.672,bitget,ALGO/USDT:USDT,0.27,28175.6,0.2702,49900.7,0.2701,58766854.8,15388001.6801
1753504955986,04:42:35.986,bitget,ALGO/USDT:USDT,0.2701,8555.8,0.2702,66340.6,0.2701,58766854.8,15388001.6801
1753504956306,04:42:36.306,bitget,ALGO/USDT:USDT,0.2701,22555.8,0.2702,66340.6,0.2701,58766854.8,15388001.6801
1753504956661,04:42:36.661,bitget,ALGO/USDT:USDT,0.2701,22555.8,0.2702,66340.6,0.2701,58766854.8,15388001.6801
1753504956987,04:42:36.987,bitget,ALGO/USDT:USDT,0.2701,22555.8,0.2702,66340.6,0.2701,58766854.8,15388001.6801
1753504957303,04:42:37.303,bitget,ALGO/USDT:USDT,0.2701,22555.8,0.2702,66340.6,0.2701,58766854.8,15388001.6801
1753504957736,04:42:37.736,bitget,ALGO/USDT:USDT,0.2701,3463.0,0.2702,67359.9,0.2701,58766854.8,15388001.6801
1753504958155,04:42:38.155,bitget,ALGO/USDT:USDT,0.2701,3463.0,0.2702,67359.9,0.2701,58766854.8,15388001.6801
1753504958797,04:42:38.797,bitget,ALGO/USDT:USDT,0.2701,8589.0,0.2702,66340.6,0.2701,58766854.8,15388001.6801
1753504959132,04:42:39.132,bitget,ALGO/USDT:USDT,0.2701,8589.0,0.2702,66340.6,0.2701,58766854.8,15388001.6801
1753504959450,04:42:39.450,bitget,ALGO/USDT:USDT,0.2701,22589.0,0.2702,66340.6,0.2701,58766854.8,15388001.6801
1753504959774,04:42:39.774,bitget,ALGO/USDT:USDT,0.2701,8589.0,0.2702,67359.9,0.2701,58766854.8,15388001.6801
1753504960271,04:42:40.271,bitget,ALGO/USDT:USDT,0.2701,8589.0,0.2702,67359.9,0.2701,58766854.8,15388001.6801
1753504961053,04:42:41.053,bitget,ALGO/USDT:USDT,0.2701,3463.0,0.2702,81359.9,0.2701,58766854.8,15388001.6801
1753504961769,04:42:41.769,bitget,ALGO/USDT:USDT,0.2701,3463.0,0.2702,80340.6,0.2701,58766854.8,15388001.6801
1753504962122,04:42:42.122,bitget,ALGO/USDT:USDT,0.2701,3463.0,0.2702,80340.6,0.2701,58766854.8,15388001.6801
1753504962441,04:42:42.441,bitget,ALGO/USDT:USDT,0.2701,4328.7,0.2702,80340.6,0.2701,58766854.8,15388001.6801
1753504962807,04:42:42.807,bitget,ALGO/USDT:USDT,0.27,25599.9,0.2702,80340.6,0.2701,58766854.8,15388001.6801
1753504963176,04:42:43.176,bitget,ALGO/USDT:USDT,0.27,25599.9,0.2701,16262.1,0.2701,58766854.8,15388001.6801
1753504963487,04:42:43.487,bitget,ALGO/USDT:USDT,0.27,25599.9,0.2701,18237.6,0.2701,58766854.8,15388001.6801
1753504963797,04:42:43.797,bitget,ALGO/USDT:USDT,0.27,25599.9,0.2701,18237.6,0.2701,58766854.8,15388001.6801
1753504964145,04:42:44.145,bitget,ALGO/USDT:USDT,0.27,26619.2,0.2701,1975.5,0.2701,58766854.8,15388001.6801
1753504964517,04:42:44.517,bitget,ALGO/USDT:USDT,0.27,26619.2,0.2701,1975.5,0.2701,58766854.8,15388001.6801
1753504964834,04:42:44.834,bitget,ALGO/USDT:USDT,0.27,25599.9,0.2701,16237.6,0.2701,58766854.8,15388001.6801
1753504965240,04:42:45.240,bitget,ALGO/USDT:USDT,0.27,25599.9,0.2701,16237.6,0.2701,58766854.8,15388001.6801
1753504965737,04:42:45.737,bitget,ALGO/USDT:USDT,0.27,26619.2,0.2702,81359.9,0.2701,58766854.8,15388001.6801
1753504966754,04:42:46.754,bitget,ALGO/USDT:USDT,0.2701,3463.0,0.2702,80340.6,0.2701,58766854.8,15388001.6801
1753504967522,04:42:47.522,bitget,ALGO/USDT:USDT,0.2701,3463.0,0.2702,80340.6,0.2701,58766854.8,15388001.6801
1753504967906,04:42:47.906,bitget,ALGO/USDT:USDT,0.2701,3463.0,0.2702,80340.6,0.2701,58766854.8,15388001.6801
1753504968262,04:42:48.262,bitget,ALGO/USDT:USDT,0.2701,3463.0,0.2702,81359.9,0.2701,58766854.8,15388001.6801
1753504968608,04:42:48.608,bitget,ALGO/USDT:USDT,0.2701,3463.0,0.2702,78376.2,0.2701,58766854.8,15388001.6801
1753504969592,04:42:49.592,bitget,ALGO/USDT:USDT,0.27,25599.9,0.2701,3990.8,0.2701,58766854.8,15388001.6801
1753504969898,04:42:49.898,bitget,ALGO/USDT:USDT,0.27,25599.9,0.2701,6974.5,0.2701,58766854.8,15388001.6801
1753504970219,04:42:50.219,bitget,ALGO/USDT:USDT,0.27,26619.2,0.2701,2983.7,0.2701,58766854.8,15388001.6801
1753504970717,04:42:50.717,bitget,ALGO/USDT:USDT,0.27,26619.2,0.2701,2983.7,0.2701,58766854.8,15388001.6801
1753504971559,04:42:51.559,bitget,ALGO/USDT:USDT,0.2701,29503.6,0.2702,63356.9,0.2701,58766854.8,15388001.6801
1753504972352,04:42:52.352,bitget,ALGO/USDT:USDT,0.2701,28484.3,0.2702,63356.9,0.2701,58766854.8,15388001.6801
1753504973136,04:42:53.136,bitget,ALGO/USDT:USDT,0.2701,28484.3,0.2702,63356.9,0.2701,58766854.8,15388001.6801
1753504973490,04:42:53.490,bitget,ALGO/USDT:USDT,0.2701,28484.3,0.2702,63356.9,0.2701,58766854.8,15388001.6801
1753504973810,04:42:53.810,bitget,ALGO/USDT:USDT,0.2701,28484.3,0.2702,63356.9,0.2701,58766854.8,15388001.6801
1753504974167,04:42:54.167,bitget,ALGO/USDT:USDT,0.2701,28484.3,0.2702,63356.9,0.2701,58766854.8,15388001.6801
1753504974540,04:42:54.540,bitget,ALGO/USDT:USDT,0.2701,28484.3,0.2702,63356.9,0.2701,58766854.8,15388001.6801
1753504974851,04:42:54.851,bitget,ALGO/USDT:USDT,0.2701,14854.5,0.2702,63356.9,0.2701,58766854.8,15388001.6801
1753504975176,04:42:55.176,bitget,ALGO/USDT:USDT,0.27,25599.9,0.2701,6974.5,0.2701,58766854.8,15388001.6801
1753504975679,04:42:55.679,bitget,ALGO/USDT:USDT,0.27,25599.9,0.2701,11236.6,0.2701,58766854.8,15388001.6801
1753504976175,04:42:56.175,bitget,ALGO/USDT:USDT,0.27,25599.9,0.2701,11236.6,0.2701,58766854.8,15388001.6801
1753504976824,04:42:56.824,bitget,ALGO/USDT:USDT,0.27,26619.2,0.2701,7245.8,0.2701,58766854.8,15388001.6801
1753504977139,04:42:57.139,bitget,ALGO/USDT:USDT,0.27,26619.2,0.2701,7245.8,0.2701,58766854.8,15388001.6801
1753504977493,04:42:57.493,bitget,ALGO/USDT:USDT,0.27,26619.2,0.2701,6998.3,0.2701,58767349.8,15388135.3796
1753504978657,04:42:58.657,bitget,ALGO/USDT:USDT,0.27,25599.9,0.2701,16998.3,0.2701,58767349.8,15388135.3796
1753504978995,04:42:58.995,bitget,ALGO/USDT:USDT,0.27,26619.2,0.2701,6998.3,0.2701,58766854.8,15388001.6801
1753504979658,04:42:59.658,bitget,ALGO/USDT:USDT,0.27,26619.2,0.2701,18998.3,0.2701,58767349.8,15388135.3796
1753504979973,04:42:59.973,bitget,ALGO/USDT:USDT,0.27,25599.9,0.2701,18998.3,0.2701,58767349.8,15388135.3796
1753504980421,04:43:00.421,bitget,ALGO/USDT:USDT,0.27,25599.9,0.2701,18998.3,0.2701,58766854.8,15388001.6801
1753504980861,04:43:00.861,bitget,ALGO/USDT:USDT,0.27,26619.2,0.2701,2736.2,0.2701,58767349.8,15388135.3796
1753504981176,04:43:01.176,bitget,ALGO/USDT:USDT,0.27,26619.2,0.2701,2736.2,0.2701,58747004.8,15382923.47462
1753504981517,04:43:01.517,bitget,ALGO/USDT:USDT,0.27,25599.9,0.2701,6998.3,0.2701,58747004.8,15382923.47462
1753504981922,04:43:01.922,bitget,ALGO/USDT:USDT,0.27,25599.9,0.2701,6998.3,0.2701,58747004.8,15382923.47462
1753504982650,04:43:02.650,bitget,ALGO/USDT:USDT,0.27,25599.9,0.2701,20998.3,0.2701,58747004.8,15382923.47462
1753504983018,04:43:03.018,bitget,ALGO/USDT:USDT,0.27,11599.9,0.2701,19281.4,0.2701,58747004.8,15382923.47462
1753504983465,04:43:03.465,bitget,ALGO/USDT:USDT,0.27,11599.9,0.2701,18262.1,0.2701,58766854.8,15388001.6801
1753504984036,04:43:04.036,bitget,ALGO/USDT:USDT,0.27,11599.9,0.2701,18262.1,0.2701,58747004.8,15382923.47462
1753504984412,04:43:04.412,bitget,ALGO/USDT:USDT,0.27,11599.9,0.2701,18262.1,0.2701,58747004.8,15382923.47462
1753504984788,04:43:04.788,bitget,ALGO/USDT:USDT,0.27,11599.9,0.2701,18262.1,0.2701,58747004.8,15382923.47462
1753504985104,04:43:05.104,bitget,ALGO/USDT:USDT,0.27,11599.9,0.2701,18262.1,0.2701,58747004.8,15382923.47462
1753504985481,04:43:05.481,bitget,ALGO/USDT:USDT,0.27,11599.9,0.2701,19281.4,0.2701,58767349.8,15388135.3796
1753504986182,04:43:06.182,bitget,ALGO/USDT:USDT,0.27,11599.9,0.2701,18262.1,0.2701,58747004.8,15382923.47462
1753504986500,04:43:06.500,bitget,ALGO/USDT:USDT,0.27,22599.9,0.2701,21245.8,0.2701,58747004.8,15382923.47462
1753504986848,04:43:06.848,bitget,ALGO/USDT:USDT,0.27,22599.9,0.2701,21245.8,0.2701,58747004.8,15382923.47462
1753504987195,04:43:07.195,bitget,ALGO/USDT:USDT,0.27,22599.9,0.2701,21245.8,0.2701,58747004.8,15382923.47462
1753504987510,04:43:07.510,bitget,ALGO/USDT:USDT,0.27,22599.9,0.2701,21245.8,0.2701,58747004.8,15382923.47462
1753504987831,04:43:07.831,bitget,ALGO/USDT:USDT,0.27,11599.9,0.2701,21245.8,0.2701,58747004.8,15382923.47462
1753504988186,04:43:08.186,bitget,ALGO/USDT:USDT,0.27,11599.9,0.2701,22265.1,0.2701,58747004.8,15382923.47462
1753504988513,04:43:08.513,bitget,ALGO/USDT:USDT,0.27,11599.9,0.2701,22265.1,0.2701,58747004.8,15382923.47462
1753504988874,04:43:08.874,bitget,ALGO/USDT:USDT,0.27,11599.9,0.2701,22265.1,0.2701,58747004.8,15382923.47462
1753504989180,04:43:09.180,bitget,ALGO/USDT:USDT,0.27,11599.9,0.2701,22265.1,0.2701,58747004.8,15382923.47462
1753504989526,04:43:09.526,bitget,ALGO/USDT:USDT,0.27,11599.9,0.2701,24041.3,0.2701,58747004.8,15382923.47462
1753504990179,04:43:10.179,bitget,ALGO/USDT:USDT,0.27,11599.9,0.2701,24041.3,0.2701,58747004.8,15382923.47462
1753504991039,04:43:11.039,bitget,ALGO/USDT:USDT,0.27,5431.2,0.2701,26967.2,0.2701,58747004.8,15382923.47462
1753504991351,04:43:11.351,bitget,ALGO/USDT:USDT,0.27,9693.3,0.2701,25947.9,0.2701,58747004.8,15382923.47462
1753504991663,04:43:11.663,bitget,ALGO/USDT:USDT,0.27,9693.3,0.2701,26967.2,0.2701,58747004.8,15382923.47462
1753504992039,04:43:12.039,bitget,ALGO/USDT:USDT,0.27,23693.3,0.2701,25947.9,0.2701,58747004.8,15382923.47462
1753504992354,04:43:12.354,bitget,ALGO/USDT:USDT,0.27,23693.3,0.2701,25947.9,0.2701,58747004.8,15382923.47462
1753504992663,04:43:12.663,bitget,ALGO/USDT:USDT,0.27,23693.3,0.2701,25947.9,0.2701,58747004.8,15382923.47462
1753504993109,04:43:13.109,bitget,ALGO/USDT:USDT,0.27,23693.3,0.2701,25947.9,0.2701,58747004.8,15382923.47462
1753504993695,04:43:13.695,bitget,ALGO/USDT:USDT,0.27,23693.3,0.2701,25947.9,0.2701,58747004.8,15382923.47462
1753504994008,04:43:14.008,bitget,ALGO/USDT:USDT,0.27,23693.3,0.2701,25947.9,0.2701,58747004.8,15382923.47462
1753504994368,04:43:14.368,bitget,ALGO/USDT:USDT,0.27,23693.3,0.2701,25947.9,0.2701,58747004.8,15382923.47462
1753504994732,04:43:14.732,bitget,ALGO/USDT:USDT,0.27,23693.3,0.2701,25947.9,0.2701,58747004.8,15382923.47462
1753504995042,04:43:15.042,bitget,ALGO/USDT:USDT,0.27,26619.2,0.2702,47971.7,0.2701,58747004.8,15382923.47462
1753504995364,04:43:15.364,bitget,ALGO/USDT:USDT,0.2701,27092.8,0.2702,64403.8,0.2701,58747004.8,15382923.47462
1753504995816,04:43:15.816,bitget,ALGO/USDT:USDT,0.2701,27092.8,0.2702,66310.4,0.2701,58747004.8,15382923.47462
1753504996391,04:43:16.391,bitget,ALGO/USDT:USDT,0.2701,27092.8,0.2702,66405.4,0.2701,58747004.8,15382923.47462
1753504996729,04:43:16.729,bitget,ALGO/USDT:USDT,0.2701,17725.1,0.2702,66310.4,0.2701,58747004.8,15382923.47462
1753504997067,04:43:17.067,bitget,ALGO/USDT:USDT,0.2701,13463.0,0.2702,77310.4,0.2701,58747004.8,15382923.47462
1753504997386,04:43:17.386,bitget,ALGO/USDT:USDT,0.2701,13463.0,0.2702,78329.7,0.2701,58747004.8,15382923.47462
1753504997701,04:43:17.701,bitget,ALGO/USDT:USDT,0.2701,3463.0,0.2702,78329.7,0.2701,58747004.8,15382923.47462
1753504998412,04:43:18.412,bitget,ALGO/USDT:USDT,0.2701,7725.1,0.2702,66310.4,0.2701,58747004.8,15382923.47462
1753504998722,04:43:18.722,bitget,ALGO/USDT:USDT,0.2701,7725.1,0.2702,66310.4,0.2701,58747004.8,15382923.47462
1753504999440,04:43:19.440,bitget,ALGO/USDT:USDT,0.2701,21725.1,0.2702,66310.4,0.2701,58747004.8,15382923.47462
1753504999753,04:43:19.753,bitget,ALGO/USDT:USDT,0.2701,21725.1,0.2702,66310.4,0.2701,58747004.8,15382923.47462
1753505000068,04:43:20.068,bitget,ALGO/USDT:USDT,0.2701,21725.1,0.2702,66310.4,0.2701,58747004.8,15382923.47462
1753505000503,04:43:20.503,bitget,ALGO/USDT:USDT,0.2701,21725.1,0.2702,66310.4,0.2701,58747004.8,15382923.47462
1753505001450,04:43:21.450,bitget,ALGO/USDT:USDT,0.2701,21725.1,0.2702,64346.0,0.2701,58747004.8,15382923.47462
1753505001812,04:43:21.812,bitget,ALGO/USDT:USDT,0.2701,21725.1,0.2702,63326.7,0.2701,58747004.8,15382923.47462
1753505002176,04:43:22.176,bitget,ALGO/USDT:USDT,0.2701,21725.1,0.2702,63326.7,0.2701,58747004.8,15382923.47462
1753505002478,04:43:22.478,bitget,ALGO/USDT:USDT,0.2701,21725.1,0.2702,63326.7,0.2701,58747004.8,15382923.47462
1753505002827,04:43:22.827,bitget,ALGO/USDT:USDT,0.2701,21725.1,0.2702,63326.7,0.2701,58747004.8,15382923.47462
1753505003328,04:43:23.328,bitget,ALGO/USDT:USDT,0.2701,21725.1,0.2702,63326.7,0.2701,58747004.8,15382923.47462
1753505003638,04:43:23.638,bitget,ALGO/USDT:USDT,0.2701,21725.1,0.2702,63326.7,0.2701,58747004.8,15382923.47462
1753505003954,04:43:23.954,bitget,ALGO/USDT:USDT,0.2701,21725.1,0.2702,63326.7,0.2701,58747004.8,15382923.47462
1753505004652,04:43:24.652,bitget,ALGO/USDT:USDT,0.2701,21725.1,0.2702,63326.7,0.2701,58747004.8,15382923.47462
1753505004960,04:43:24.960,bitget,ALGO/USDT:USDT,0.2701,21725.1,0.2702,63326.7,0.2701,58747004.8,15382923.47462
1753505005336,04:43:25.336,bitget,ALGO/USDT:USDT,0.2701,21725.1,0.2702,63326.7,0.2701,58747004.8,15382923.47462
1753505005754,04:43:25.754,bitget,ALGO/USDT:USDT,0.2701,21725.1,0.2702,63326.7,0.2701,58747004.8,15382923.47462
1753505006327,04:43:26.327,bitget,ALGO/USDT:USDT,0.2701,21725.1,0.2702,63326.7,0.2701,58747004.8,15382923.47462
1753505006674,04:43:26.674,bitget,ALGO/USDT:USDT,0.2701,21725.1,0.2702,64346.0,0.2701,58747004.8,15382923.47462
1753505007004,04:43:27.004,bitget,ALGO/USDT:USDT,0.2701,21725.1,0.2702,64346.0,0.2701,58747004.8,15382923.47462
1753505007314,04:43:27.314,bitget,ALGO/USDT:USDT,0.2701,21725.1,0.2702,64346.0,0.2701,58747004.8,15382923.47462
1753505007679,04:43:27.679,bitget,ALGO/USDT:USDT,0.2701,21725.1,0.2702,63326.7,0.2701,58747004.8,15382923.47462
1753505008414,04:43:28.414,bitget,ALGO/USDT:USDT,0.2701,17463.0,0.2702,63326.7,0.2701,58747004.8,15382923.47462
1753505009380,04:43:29.380,bitget,ALGO/USDT:USDT,0.2701,21725.1,0.2702,63326.7,0.2701,58747004.8,15382923.47462
1753505009693,04:43:29.693,bitget,ALGO/USDT:USDT,0.2701,21725.1,0.2702,63326.7,0.2701,58747004.8,15382923.47462
1753505010052,04:43:30.052,bitget,ALGO/USDT:USDT,0.2701,17463.0,0.2702,64346.0,0.2701,58747004.8,15382923.47462
1753505010834,04:43:30.834,bitget,ALGO/USDT:USDT,0.2701,21725.1,0.2702,63326.7,0.2701,58747004.8,15382923.47462
1753505011846,04:43:31.846,bitget,ALGO/USDT:USDT,0.2701,21725.1,0.2702,63326.7,0.2701,58747004.8,15382923.47462
1753505013094,04:43:33.094,bitget,ALGO/USDT:USDT,0.2701,21725.1,0.2702,63326.7,0.2701,58747004.8,15382923.47462
1753505013513,04:43:33.513,bitget,ALGO/USDT:USDT,0.2701,21725.1,0.2702,63326.7,0.2701,58747004.8,15382923.47462
1753505014211,04:43:34.211,bitget,ALGO/USDT:USDT,0.27,25599.9,0.2701,1975.5,0.2701,58747004.8,15382923.47462
1753505014663,04:43:34.663,bitget,ALGO/USDT:USDT,0.27,25599.9,0.2701,9221.3,0.2701,58747004.8,15382923.47462
1753505015424,04:43:35.424,bitget,ALGO/USDT:USDT,0.27,26619.2,0.2701,7245.8,0.2701,58747004.8,15382923.47462
1753505015827,04:43:35.827,bitget,ALGO/USDT:USDT,0.27,26619.2,0.2701,7245.8,0.2701,58747004.8,15382923.47462
1753505016169,04:43:36.169,bitget,ALGO/USDT:USDT,0.27,26619.2,0.2701,7245.8,0.2701,58747004.8,15382923.47462
1753505016485,04:43:36.485,bitget,ALGO/USDT:USDT,0.27,26619.2,0.2701,7245.8,0.2701,58747004.8,15382923.47462
1753505016838,04:43:36.838,bitget,ALGO/USDT:USDT,0.27,25599.9,0.2701,7245.8,0.2701,58747004.8,15382923.47462
1753505017182,04:43:37.182,bitget,ALGO/USDT:USDT,0.27,25599.9,0.2701,7245.8,0.2701,58747004.8,15382923.47462
1753505017826,04:43:37.826,bitget,ALGO/USDT:USDT,0.27,25599.9,0.2701,7245.8,0.2701,58747004.8,15382923.47462
1753505018448,04:43:38.448,bitget,ALGO/USDT:USDT,0.27,26619.2,0.2701,7245.8,0.2701,58747004.8,15382923.47462
1753505018776,04:43:38.776,bitget,ALGO/USDT:USDT,0.27,26619.2,0.2701,7245.8,0.2701,58747004.8,15382923.47462
1753505019109,04:43:39.109,bitget,ALGO/USDT:USDT,0.27,25599.9,0.2701,21245.8,0.2701,58747004.8,15382923.47462
1753505019555,04:43:39.555,bitget,ALGO/USDT:USDT,0.27,25599.9,0.2701,21245.8,0.2701,58747004.8,15382923.47462
1753505020140,04:43:40.140,bitget,ALGO/USDT:USDT,0.27,25599.9,0.2701,21245.8,0.2701,58747004.8,15382923.47462
1753505020527,04:43:40.527,bitget,ALGO/USDT:USDT,0.27,25599.9,0.2701,21245.8,0.2701,58747004.8,15382923.47462
1753505021746,04:43:41.746,bitget,ALGO/USDT:USDT,0.27,25599.9,0.2701,21245.8,0.2701,58747004.8,15382923.47462
1753505022081,04:43:42.081,bitget,ALGO/USDT:USDT,0.27,25599.9,0.2701,21245.8,0.2701,58747004.8,15382923.47462
1753505022424,04:43:42.424,bitget,ALGO/USDT:USDT,0.27,9693.3,0.2701,19281.4,0.2701,58747004.8,15382923.47462
1753505022733,04:43:42.733,bitget,ALGO/USDT:USDT,0.27,11599.9,0.2701,18262.1,0.2701,58747004.8,15382923.47462
1753505023100,04:43:43.100,bitget,ALGO/USDT:USDT,0.27,11599.9,0.2701,18262.1,0.2701,58747004.8,15382923.47462
1753505023526,04:43:43.526,bitget,ALGO/USDT:USDT,0.27,11599.9,0.2701,19281.4,0.2701,58747004.8,15382923.47462
1753505023891,04:43:43.891,bitget,ALGO/USDT:USDT,0.27,22599.9,0.2701,22265.1,0.2701,58747004.8,15382923.47462
1753505024208,04:43:44.208,bitget,ALGO/USDT:USDT,0.27,22599.9,0.2701,22265.1,0.2701,58747004.8,15382923.47462
1753505024553,04:43:44.553,bitget,ALGO/USDT:USDT,0.27,22599.9,0.2701,21245.8,0.2701,58747004.8,15382923.47462
1753505025222,04:43:45.222,bitget,ALGO/USDT:USDT,0.27,22599.9,0.2701,21245.8,0.2701,58747004.8,15382923.47462
1753505025922,04:43:45.922,bitget,ALGO/USDT:USDT,0.27,22599.9,0.2701,21245.8,0.2701,58747004.8,15382923.47462
1753505026252,04:43:46.252,bitget,ALGO/USDT:USDT,0.27,22599.9,0.2701,21245.8,0.2701,58747004.8,15382923.47462
1753505026932,04:43:46.932,bitget,ALGO/USDT:USDT,0.2701,32979.2,0.2702,15078.9,0.2701,58747004.8,15382923.47462
1753505027338,04:43:47.338,bitget,ALGO/USDT:USDT,0.2701,32979.2,0.2702,15078.9,0.2701,58747004.8,15382923.47462
1753505027683,04:43:47.683,bitget,ALGO/USDT:USDT,0.2701,38605.6,0.2703,96591.3,0.2701,58747004.8,15382923.47462
1753505028485,04:43:48.485,bitget,ALGO/USDT:USDT,0.2702,7725.1,0.2703,66018.5,0.2701,58747004.8,15382923.47462
1753505029544,04:43:49.544,bitget,ALGO/USDT:USDT,0.2701,24755.6,0.2702,21225.3,0.2701,58747004.8,15382923.47462
1753505030190,04:43:50.190,bitget,ALGO/USDT:USDT,0.2701,24755.6,0.2702,21225.3,0.2701,58747004.8,15382923.47462
1753505030505,04:43:50.505,bitget,ALGO/USDT:USDT,0.2701,24755.6,0.2702,21225.3,0.2701,58747004.8,15382923.47462
1753505030885,04:43:50.885,bitget,ALGO/USDT:USDT,0.2701,24755.6,0.2702,21225.3,0.2701,58747004.8,15382923.47462
1753505031738,04:43:51.738,bitget,ALGO/USDT:USDT,0.2701,24755.6,0.2702,18262.1,0.2701,58747004.8,15382923.47462
1753505032056,04:43:52.056,bitget,ALGO/USDT:USDT,0.2701,24755.6,0.2702,18262.1,0.2701,58747004.8,15382923.47462
1753505032728,04:43:52.728,bitget,ALGO/USDT:USDT,0.2701,24755.6,0.2702,14000.0,0.2701,58747004.8,15382923.47462
1753505033040,04:43:53.040,bitget,ALGO/USDT:USDT,0.2701,24755.6,0.2702,18262.1,0.2701,58747004.8,15382923.47462
1753505033374,04:43:53.374,bitget,ALGO/USDT:USDT,0.2701,24755.6,0.2702,18262.1,0.2701,58747004.8,15382923.47462
1753505034144,04:43:54.144,bitget,ALGO/USDT:USDT,0.2701,26662.2,0.2703,81142.8,0.2701,58747004.8,15382923.47462
1753505034732,04:43:54.732,bitget,ALGO/USDT:USDT,0.2701,26662.2,0.2703,80123.5,0.2701,58747004.8,15382923.47462
1753505035080,04:43:55.080,bitget,ALGO/USDT:USDT,0.2702,867.1,0.2703,80123.5,0.2701,58747004.8,15382923.47462
1753505035702,04:43:55.702,bitget,ALGO/USDT:USDT,0.2702,22592.2,0.2703,80018.5,0.2701,58747004.8,15382923.47462
1753505036142,04:43:56.142,bitget,ALGO/USDT:USDT,0.2702,22592.2,0.2703,80018.5,0.2701,58747004.8,15382923.47462
1753505036756,04:43:56.756,bitget,ALGO/USDT:USDT,0.2702,22592.2,0.2703,80018.5,0.2701,58747004.8,15382923.47462
1753505037086,04:43:57.086,bitget,ALGO/USDT:USDT,0.2702,22592.2,0.2703,80118.5,0.2701,58747004.8,15382923.47462
1753505037567,04:43:57.567,bitget,ALGO/USDT:USDT,0.2702,3463.0,0.2703,81137.8,0.2701,58747004.8,15382923.47462
1753505038512,04:43:58.512,bitget,ALGO/USDT:USDT,0.2701,26662.2,0.2702,19094.9,0.2701,58747004.8,15382923.47462
1753505038944,04:43:58.944,bitget,ALGO/USDT:USDT,0.2701,26662.2,0.2702,19094.9,0.2701,58747004.8,15382923.47462
1753505039343,04:43:59.343,bitget,ALGO/USDT:USDT,0.2701,26662.2,0.2702,19094.9,0.2701,58747004.8,15382923.47462
1753505039668,04:43:59.668,bitget,ALGO/USDT:USDT,0.2701,27681.5,0.2702,14000.0,0.2701,58747004.8,15382923.47462
1753505040015,04:44:00.015,bitget,ALGO/USDT:USDT,0.2701,27681.5,0.2702,14000.0,0.2701,58747004.8,15382923.47462
1753505040407,04:44:00.407,bitget,ALGO/USDT:USDT,0.2701,27681.5,0.2703,114827.2,0.2701,58747004.8,15382923.47462
1753505040726,04:44:00.726,bitget,ALGO/USDT:USDT,0.2702,17925.6,0.2703,80018.5,0.2701,58747004.8,15382923.47462
1753505041242,04:44:01.242,bitget,ALGO/USDT:USDT,0.2702,3463.0,0.2703,80018.5,0.2701,58747004.8,15382923.47462
1753505041924,04:44:01.924,bitget,ALGO/USDT:USDT,0.2702,17925.6,0.2703,80018.5,0.2701,58747004.8,15382923.47462
1753505042498,04:44:02.498,bitget,ALGO/USDT:USDT,0.2702,14832.8,0.2703,66018.5,0.2701,58736945.8,15380352.97836
1753505042808,04:44:02.808,bitget,ALGO/USDT:USDT,0.2702,14832.8,0.2703,66018.5,0.2701,58736945.8,15380352.97836
1753505043121,04:44:03.121,bitget,ALGO/USDT:USDT,0.2702,19094.9,0.2703,66118.5,0.2701,58736945.8,15380352.97836
1753505043436,04:44:03.436,bitget,ALGO/USDT:USDT,0.2701,26662.2,0.2702,7070.4,0.2701,58736945.8,15380352.97836
1753505043834,04:44:03.834,bitget,ALGO/USDT:USDT,0.2701,26662.2,0.2702,7070.4,0.2701,58747004.8,15382923.47462
1753505044439,04:44:04.439,bitget,ALGO/USDT:USDT,0.2701,26662.2,0.2702,7070.4,0.2701,58736945.8,15380352.97836
1753505044755,04:44:04.755,bitget,ALGO/USDT:USDT,0.2701,27681.5,0.2702,21070.4,0.2701,58736945.8,15380352.97836
1753505045092,04:44:05.092,bitget,ALGO/USDT:USDT,0.2701,26662.2,0.2702,21070.4,0.2701,58736945.8,15380352.97836
1753505045724,04:44:05.724,bitget,ALGO/USDT:USDT,0.2701,26662.2,0.2702,21070.4,0.2701,58736945.8,15380352.97836
1753505046137,04:44:06.137,bitget,ALGO/USDT:USDT,0.2701,26662.2,0.2702,21070.4,0.2701,58736945.8,15380352.97836
1753505046547,04:44:06.547,bitget,ALGO/USDT:USDT,0.2701,26662.2,0.2702,21070.4,0.2701,58736945.8,15380352.97836
1753505047575,04:44:07.575,bitget,ALGO/USDT:USDT,0.2701,26662.2,0.2702,21070.4,0.2701,58736945.8,15380352.97836
1753505047903,04:44:07.903,bitget,ALGO/USDT:USDT,0.2701,27681.5,0.2702,14832.8,0.2701,58736945.8,15380352.97836
1753505048229,04:44:08.229,bitget,ALGO/USDT:USDT,0.2701,26662.2,0.2702,19094.9,0.2701,58736945.8,15380352.97836
1753505048580,04:44:08.580,bitget,ALGO/USDT:USDT,0.2701,27681.5,0.2702,19094.9,0.2701,58736945.8,15380352.97836
1753505049034,04:44:09.034,bitget,ALGO/USDT:USDT,0.2701,27681.5,0.2702,19094.9,0.2701,58736945.8,15380352.97836
1753505049632,04:44:09.632,bitget,ALGO/USDT:USDT,0.2701,27681.5,0.2702,19094.9,0.2701,58736945.8,15380352.97836
1753505049976,04:44:09.976,bitget,ALGO/USDT:USDT,0.2701,26662.2,0.2702,19094.9,0.2701,58736945.8,15380352.97836
1753505050318,04:44:10.318,bitget,ALGO/USDT:USDT,0.2701,26662.2,0.2702,19094.9,0.2701,58736945.8,15380352.97836
1753505050659,04:44:10.659,bitget,ALGO/USDT:USDT,0.2701,26662.2,0.2702,19094.9,0.2701,58736945.8,15380352.97836
1753505051572,04:44:11.572,bitget,ALGO/USDT:USDT,0.2701,26662.2,0.2702,19094.9,0.2701,58736945.8,15380352.97836
1753505051885,04:44:11.885,bitget,ALGO/USDT:USDT,0.2701,26662.2,0.2702,19094.9,0.2701,58736945.8,15380352.97836
1753505052199,04:44:12.199,bitget,ALGO/USDT:USDT,0.2701,26662.2,0.2702,19094.9,0.2701,58736945.8,15380352.97836
1753505052557,04:44:12.557,bitget,ALGO/USDT:USDT,0.2701,26662.2,0.2702,19094.9,0.2701,58736945.8,15380352.97836
1753505052881,04:44:12.881,bitget,ALGO/USDT:USDT,0.2701,26662.2,0.2702,19094.9,0.2701,58736945.8,15380352.97836
1753505053192,04:44:13.192,bitget,ALGO/USDT:USDT,0.2701,27681.5,0.2702,14832.8,0.2701,58736945.8,15380352.97836
1753505053504,04:44:13.504,bitget,ALGO/USDT:USDT,0.2701,27681.5,0.2702,14832.8,0.2701,58736945.8,15380352.97836
1753505053988,04:44:13.988,bitget,ALGO/USDT:USDT,0.2701,26662.2,0.2703,100816.7,0.2701,58736945.8,15380352.97836
1753505054784,04:44:14.784,bitget,ALGO/USDT:USDT,0.2702,8805.8,0.2703,66018.5,0.2701,58736945.8,15380352.97836
1753505055765,04:44:15.765,bitget,ALGO/USDT:USDT,0.2702,8805.8,0.2703,81037.8,0.2701,58736945.8,15380352.97836
1753505056463,04:44:16.463,bitget,ALGO/USDT:USDT,0.2702,8805.8,0.2703,80018.5,0.2701,58736945.8,15380352.97836
1753505057138,04:44:17.138,bitget,ALGO/USDT:USDT,0.2701,26662.2,0.2702,25289.7,0.2701,58736945.8,15380352.97836
1753505057814,04:44:17.814,bitget,ALGO/USDT:USDT,0.2701,26662.2,0.2702,25289.7,0.2701,58736945.8,15380352.97836
1753505058473,04:44:18.473,bitget,ALGO/USDT:USDT,0.2701,27681.5,0.2702,4064.4,0.2701,58736945.8,15380352.97836
1753505059250,04:44:19.250,bitget,ALGO/USDT:USDT,0.2701,27681.5,0.2702,2983.7,0.2701,58736945.8,15380352.97836
1753505059875,04:44:19.875,bitget,ALGO/USDT:USDT,0.2701,27681.5,0.2702,2983.7,0.2701,58736945.8,15380352.97836
1753505060235,04:44:20.235,bitget,ALGO/USDT:USDT,0.2701,27681.5,0.2702,2983.7,0.2701,58736945.8,15380352.97836
1753505060549,04:44:20.549,bitget,ALGO/USDT:USDT,0.2701,27681.5,0.2702,2983.7,0.2701,58736945.8,15380352.97836
1753505060859,04:44:20.859,bitget,ALGO/USDT:USDT,0.2701,27681.5,0.2702,2983.7,0.2701,58736945.8,15380352.97836
1753505061183,04:44:21.183,bitget,ALGO/USDT:USDT,0.2701,27681.5,0.2702,7245.8,0.2701,58736945.8,15380352.97836
1753505061654,04:44:21.654,bitget,ALGO/USDT:USDT,0.2701,27681.5,0.2702,2983.7,0.2701,58736945.8,15380352.97836
1753505062394,04:44:22.394,bitget,ALGO/USDT:USDT,0.2701,27681.5,0.2702,7245.8,0.2701,58736945.8,15380352.97836
1753505063130,04:44:23.130,bitget,ALGO/USDT:USDT,0.2701,26662.2,0.2702,7245.8,0.2701,58736945.8,15380352.97836
1753505063736,04:44:23.736,bitget,ALGO/USDT:USDT,0.2701,26662.2,0.2702,7245.8,0.2701,58736945.8,15380352.97836
1753505064474,04:44:24.474,bitget,ALGO/USDT:USDT,0.2701,26662.2,0.2702,18262.1,0.2701,58736945.8,15380352.97836
1753505064825,04:44:24.825,bitget,ALGO/USDT:USDT,0.2701,26662.2,0.2702,18262.1,0.2701,58736945.8,15380352.97836
1753505065158,04:44:25.158,bitget,ALGO/USDT:USDT,0.2701,26662.2,0.2702,18262.1,0.2701,58736945.8,15380352.97836
1753505065481,04:44:25.481,bitget,ALGO/USDT:USDT,0.2701,26662.2,0.2702,18262.1,0.2701,58736945.8,15380352.97836
1753505065785,04:44:25.785,bitget,ALGO/USDT:USDT,0.2701,26662.2,0.2702,18262.1,0.2701,58736945.8,15380352.97836
1753505066095,04:44:26.095,bitget,ALGO/USDT:USDT,0.2701,26662.2,0.2702,18262.1,0.2701,58736945.8,15380352.97836
1753505066444,04:44:26.444,bitget,ALGO/USDT:USDT,0.2701,26662.2,0.2702,18262.1,0.2701,58736945.8,15380352.97836
1753505066965,04:44:26.965,bitget,ALGO/USDT:USDT,0.2701,26662.2,0.2702,18262.1,0.2701,58736945.8,15380352.97836
1753505067286,04:44:27.286,bitget,ALGO/USDT:USDT,0.2701,26662.2,0.2702,18262.1,0.2701,58736945.8,15380352.97836
1753505067607,04:44:27.607,bitget,ALGO/USDT:USDT,0.2701,27681.5,0.2702,18262.1,0.2701,58736945.8,15380352.97836
1753505067947,04:44:27.947,bitget,ALGO/USDT:USDT,0.2701,26662.2,0.2702,18262.1,0.2701,58736945.8,15380352.97836
1753505068259,04:44:28.259,bitget,ALGO/USDT:USDT,0.2701,26662.2,0.2702,18262.1,0.2701,58736945.8,15380352.97836
1753505068570,04:44:28.570,bitget,ALGO/USDT:USDT,0.2701,26662.2,0.2702,18262.1,0.2701,58736945.8,15380352.97836
1753505068932,04:44:28.932,bitget,ALGO/USDT:USDT,0.2701,27681.5,0.2702,18262.1,0.2701,58736945.8,15380352.97836
1753505069287,04:44:29.287,bitget,ALGO/USDT:USDT,0.2701,26662.2,0.2702,18262.1,0.2701,58736945.8,15380352.97836
1753505069909,04:44:29.909,bitget,ALGO/USDT:USDT,0.2701,27681.5,0.2702,18262.1,0.2701,58736945.8,15380352.97836
1753505070225,04:44:30.225,bitget,ALGO/USDT:USDT,0.2701,27681.5,0.2702,18262.1,0.2701,58736945.8,15380352.97836
1753505070576,04:44:30.576,bitget,ALGO/USDT:USDT,0.2701,26662.2,0.2702,18262.1,0.2701,58736945.8,15380352.97836
1753505070884,04:44:30.884,bitget,ALGO/USDT:USDT,0.2701,26662.2,0.2702,18262.1,0.2701,58736945.8,15380352.97836
1753505071215,04:44:31.215,bitget,ALGO/USDT:USDT,0.2701,26662.2,0.2702,18262.1,0.2701,58736945.8,15380352.97836
1753505071641,04:44:31.641,bitget,ALGO/USDT:USDT,0.2701,26662.2,0.2702,18262.1,0.2701,58736945.8,15380352.97836
1753505072479,04:44:32.479,bitget,ALGO/USDT:USDT,0.2701,26662.2,0.2702,18262.1,0.2701,58736945.8,15380352.97836
1753505072812,04:44:32.812,bitget,ALGO/USDT:USDT,0.2701,26662.2,0.2702,18262.1,0.2701,58736945.8,15380352.97836
1753505073156,04:44:33.156,bitget,ALGO/USDT:USDT,0.2701,26662.2,0.2702,18262.1,0.2701,58736945.8,15380352.97836
1753505073531,04:44:33.531,bitget,ALGO/USDT:USDT,0.2701,27681.5,0.2702,4262.1,0.2701,58736945.8,15380352.97836
1753505074168,04:44:34.168,bitget,ALGO/USDT:USDT,0.2701,26662.2,0.2702,17262.1,0.2701,58736945.8,15380352.97836
1753505074670,04:44:34.670,bitget,ALGO/USDT:USDT,0.2701,26662.2,0.2702,17262.1,0.2701,58736945.8,15380352.97836
1753505074985,04:44:34.985,bitget,ALGO/USDT:USDT,0.2701,26662.2,0.2702,17262.1,0.2701,58736945.8,15380352.97836
1753505075301,04:44:35.301,bitget,ALGO/USDT:USDT,0.2701,27681.5,0.2702,17262.1,0.2701,58736945.8,15380352.97836
1753505075634,04:44:35.634,bitget,ALGO/USDT:USDT,0.2701,26662.2,0.2702,17262.1,0.2701,58736945.8,15380352.97836
1753505075977,04:44:35.977,bitget,ALGO/USDT:USDT,0.2701,26662.2,0.2702,17262.1,0.2701,58736945.8,15380352.97836
1753505076300,04:44:36.300,bitget,ALGO/USDT:USDT,0.2701,27681.5,0.2702,17262.1,0.2701,58736945.8,15380352.97836
1753505076619,04:44:36.619,bitget,ALGO/USDT:USDT,0.2701,27681.5,0.2703,114823.3,0.2701,58736945.8,15380352.97836
1753505077111,04:44:37.111,bitget,ALGO/USDT:USDT,0.2701,26662.2,0.2702,6277.4,0.2701,58736945.8,15380352.97836
1753505077901,04:44:37.901,bitget,ALGO/USDT:USDT,0.2701,26662.2,0.2702,16262.1,0.2701,58736945.8,15380352.97836
1753505078681,04:44:38.681,bitget,ALGO/USDT:USDT,0.2701,26662.2,0.2702,16262.1,0.2701,58736945.8,15380352.97836
1753505079308,04:44:39.308,bitget,ALGO/USDT:USDT,0.2701,26662.2,0.2702,16262.1,0.2701,58736945.8,15380352.97836
1753505080082,04:44:40.082,bitget,ALGO/USDT:USDT,0.2701,26662.2,0.2702,16262.1,0.2701,58736945.8,15380352.97836
1753505080395,04:44:40.395,bitget,ALGO/USDT:USDT,0.2701,26662.2,0.2702,16262.1,0.2701,58736945.8,15380352.97836
1753505080735,04:44:40.735,bitget,ALGO/USDT:USDT,0.2701,26662.2,0.2702,12000.0,0.2701,58736945.8,15380352.97836
1753505081072,04:44:41.072,bitget,ALGO/USDT:USDT,0.2701,26662.2,0.2702,12000.0,0.2701,58736945.8,15380352.97836
1753505082078,04:44:42.078,bitget,ALGO/USDT:USDT,0.2701,26662.2,0.2702,16262.1,0.2701,58736945.8,15380352.97836
1753505082415,04:44:42.415,bitget,ALGO/USDT:USDT,0.2701,26662.2,0.2702,16262.1,0.2701,58736945.8,15380352.97836
1753505082723,04:44:42.723,bitget,ALGO/USDT:USDT,0.2701,26662.2,0.2702,16262.1,0.2701,58736945.8,15380352.97836
1753505083032,04:44:43.032,bitget,ALGO/USDT:USDT,0.2701,26662.2,0.2702,16262.1,0.2701,58736945.8,15380352.97836
1753505083360,04:44:43.360,bitget,ALGO/USDT:USDT,0.2701,26662.2,0.2702,16262.1,0.2701,58736945.8,15380352.97836
1753505083671,04:44:43.671,bitget,ALGO/USDT:USDT,0.2701,27681.5,0.2702,16262.1,0.2701,58736945.8,15380352.97836
1753505083986,04:44:43.986,bitget,ALGO/USDT:USDT,0.2701,26662.2,0.2702,16262.1,0.2701,58736945.8,15380352.97836
1753505084426,04:44:44.426,bitget,ALGO/USDT:USDT,0.2701,26662.2,0.2702,16262.1,0.2701,58736945.8,15380352.97836
1753505085212,04:44:45.212,bitget,ALGO/USDT:USDT,0.2701,26662.2,0.2702,16262.1,0.2701,58736945.8,15380352.97836
1753505085536,04:44:45.536,bitget,ALGO/USDT:USDT,0.2701,26662.2,0.2702,16262.1,0.2701,58736945.8,15380352.97836
1753505085894,04:44:45.894,bitget,ALGO/USDT:USDT,0.2701,26662.2,0.2702,16262.1,0.2701,58736945.8,15380352.97836
1753505086531,04:44:46.531,bitget,ALGO/USDT:USDT,0.2702,33833.8,0.2703,5371.1,0.2701,58736945.8,15380352.97836
1753505086886,04:44:46.886,bitget,ALGO/USDT:USDT,0.2702,33833.8,0.2703,18527.5,0.2701,58736945.8,15380352.97836
1753505087561,04:44:47.561,bitget,ALGO/USDT:USDT,0.2702,33833.8,0.2703,18527.5,0.2701,58736945.8,15380352.97836
1753505087871,04:44:47.871,bitget,ALGO/USDT:USDT,0.2702,33833.8,0.2703,18527.5,0.2701,58736945.8,15380352.97836
1753505088327,04:44:48.327,bitget,ALGO/USDT:USDT,0.2702,33833.8,0.2703,18527.5,0.2701,58736945.8,15380352.97836
1753505089039,04:44:49.039,bitget,ALGO/USDT:USDT,0.2702,39460.2,0.2703,18527.5,0.2701,58736945.8,15380352.97836
1753505089421,04:44:49.421,bitget,ALGO/USDT:USDT,0.2702,40479.5,0.2703,265.4,0.2701,58736945.8,15380352.97836
1753505089775,04:44:49.775,bitget,ALGO/USDT:USDT,0.2702,40479.5,0.2703,265.4,0.2701,58736945.8,15380352.97836
1753505090090,04:44:50.090,bitget,ALGO/USDT:USDT,0.2702,40479.5,0.2703,265.4,0.2701,58736945.8,15380352.97836
1753505090406,04:44:50.406,bitget,ALGO/USDT:USDT,0.2702,39460.2,0.2703,5361.9,0.2701,58736945.8,15380352.97836
1753505090741,04:44:50.741,bitget,ALGO/USDT:USDT,0.2702,39460.2,0.2703,5361.9,0.2701,58736945.8,15380352.97836
1753505091056,04:44:51.056,bitget,ALGO/USDT:USDT,0.2699,6456.7,0.2701,148693.0,0.27,58736945.8,15380352.97836
1753505091375,04:44:51.375,bitget,ALGO/USDT:USDT,0.2698,22274.5,0.27,58960.7,0.2698,58736945.8,15380352.97836
1753505091825,04:44:51.825,bitget,ALGO/USDT:USDT,0.2698,22274.5,0.27,23629.5,0.2698,58736945.8,15380352.97836
1753505092207,04:44:52.207,bitget,ALGO/USDT:USDT,0.2698,22274.5,0.27,23629.5,0.2698,58736945.8,15380352.97836
1753505092823,04:44:52.823,bitget,ALGO/USDT:USDT,0.2698,22274.5,0.27,27648.8,0.2698,58778969.4,15391698.17334
1753505093196,04:44:53.196,bitget,ALGO/USDT:USDT,0.2698,22274.5,0.27,27648.8,0.2698,58778969.4,15391698.17334
1753505093513,04:44:53.513,bitget,ALGO/USDT:USDT,0.2698,22274.5,0.27,27648.8,0.2698,58778969.4,15391698.17334
1753505093819,04:44:53.819,bitget,ALGO/USDT:USDT,0.2698,22274.5,0.27,26629.5,0.2698,58778969.4,15391698.17334
1753505094314,04:44:54.314,bitget,ALGO/USDT:USDT,0.2698,22274.5,0.27,26629.5,0.2698,58778969.4,15391698.17334
1753505095914,04:44:55.914,bitget,ALGO/USDT:USDT,0.2698,22274.5,0.2699,5096.5,0.2698,58778969.4,15391698.17334
1753505096224,04:44:56.224,bitget,ALGO/USDT:USDT,0.2698,22274.5,0.2699,5096.5,0.2698,58778969.4,15391698.17334
1753505096544,04:44:56.544,bitget,ALGO/USDT:USDT,0.2698,22274.5,0.2699,5096.5,0.2698,58778969.4,15391698.17334
1753505096955,04:44:56.955,bitget,ALGO/USDT:USDT,0.2698,22274.5,0.2699,5096.5,0.2698,58778969.4,15391698.17334
1753505097318,04:44:57.318,bitget,ALGO/USDT:USDT,0.2699,18262.1,0.27,29613.2,0.2699,58778969.4,15391698.17334
1753505097634,04:44:57.634,bitget,ALGO/USDT:USDT,0.2699,18262.1,0.27,29613.2,0.2699,58778969.4,15391698.17334
1753505097977,04:44:57.977,bitget,ALGO/USDT:USDT,0.2699,18262.1,0.27,27706.6,0.2699,58778969.4,15391698.17334
1753505098308,04:44:58.308,bitget,ALGO/USDT:USDT,0.2699,18262.1,0.27,27706.6,0.2699,58779160.6,15391749.77822
1753505099306,04:44:59.306,bitget,ALGO/USDT:USDT,0.2699,18262.1,0.27,27706.6,0.2699,58779160.6,15391749.77822
1753505099615,04:44:59.615,bitget,ALGO/USDT:USDT,0.2699,18262.1,0.27,27706.6,0.2699,58779160.6,15391749.77822
1753505099919,04:44:59.919,bitget,ALGO/USDT:USDT,0.2699,18262.1,0.27,27706.6,0.2699,58779160.6,15391749.77822
1753505100238,04:45:00.238,bitget,ALGO/USDT:USDT,0.2699,18262.1,0.27,27706.6,0.2699,58779160.6,15391749.77822
1753505101214,04:45:01.214,bitget,ALGO/USDT:USDT,0.2699,26039.6,0.27,21722.9,0.2699,58706217.0,15373048.42432
1753505101598,04:45:01.598,bitget,ALGO/USDT:USDT,0.2699,26039.6,0.27,21722.9,0.2699,58706217.0,15373048.42432
1753505102371,04:45:02.371,bitget,ALGO/USDT:USDT,0.2699,2407.9,0.27,19017.2,0.2699,58706217.0,15373048.42432
1753505102717,04:45:02.717,bitget,ALGO/USDT:USDT,0.2699,2407.9,0.27,19017.2,0.2699,58706217.0,15373048.42432
1753505103043,04:45:03.043,bitget,ALGO/USDT:USDT,0.2698,21605.0,0.2699,8060.2,0.2699,58706217.0,15373048.42432
1753505103391,04:45:03.391,bitget,ALGO/USDT:USDT,0.2698,21605.0,0.2699,8060.2,0.2699,58706217.0,15373048.42432
1753505103715,04:45:03.715,bitget,ALGO/USDT:USDT,0.2698,21605.0,0.2699,8060.2,0.2699,58706217.0,15373048.42432
1753505104027,04:45:04.027,bitget,ALGO/USDT:USDT,0.2698,21605.0,0.2699,8060.2,0.2699,58706217.0,15373048.42432
1753505104349,04:45:04.349,bitget,ALGO/USDT:USDT,0.2698,19698.4,0.2699,8060.2,0.2699,58706217.0,15373048.42432
1753505104720,04:45:04.720,bitget,ALGO/USDT:USDT,0.2698,19698.4,0.2699,23966.8,0.2699,58706217.0,15373048.42432
1753505105098,04:45:05.098,bitget,ALGO/USDT:USDT,0.2698,19698.4,0.2699,23966.8,0.2699,58706217.0,15373048.42432
1753505105422,04:45:05.422,bitget,ALGO/USDT:USDT,0.2698,18864.0,0.2699,24980.9,0.2699,58706217.0,15373048.42432
1753505105772,04:45:05.772,bitget,ALGO/USDT:USDT,0.2698,18864.0,0.2699,24980.9,0.2699,58706217.0,15373048.42432
1753505106103,04:45:06.103,bitget,ALGO/USDT:USDT,0.2698,18864.0,0.2699,24980.9,0.2699,58706217.0,15373048.42432
1753505106450,04:45:06.450,bitget,ALGO/USDT:USDT,0.2698,4864.0,0.2699,24980.9,0.2699,58778969.4,15391698.17334
1753505107325,04:45:07.325,bitget,ALGO/USDT:USDT,0.2698,601.9,0.2699,30607.3,0.2699,58706217.0,15373048.42432
1753505108337,04:45:08.337,bitget,ALGO/USDT:USDT,0.2698,8327.0,0.2699,32576.9,0.2699,58706217.0,15373048.42432
1753505108659,04:45:08.659,bitget,ALGO/USDT:USDT,0.2698,8327.0,0.2699,32576.9,0.2699,58706217.0,15373048.42432
1753505108975,04:45:08.975,bitget,ALGO/USDT:USDT,0.2698,35459.2,0.2699,8060.2,0.2699,58706217.0,15373048.42432
1753505109422,04:45:09.422,bitget,ALGO/USDT:USDT,0.2698,34445.1,0.2699,8060.2,0.2699,58706217.0,15373048.42432
1753505110209,04:45:10.209,bitget,ALGO/USDT:USDT,0.2698,34445.1,0.2699,8060.2,0.2699,58706217.0,15373048.42432
1753505111178,04:45:11.178,bitget,ALGO/USDT:USDT,0.2698,34445.1,0.2699,8060.2,0.2699,58706217.0,15373048.42432
1753505111536,04:45:11.536,bitget,ALGO/USDT:USDT,0.2698,34445.1,0.2699,8060.2,0.2699,58706217.0,15373048.42432
1753505111894,04:45:11.894,bitget,ALGO/USDT:USDT,0.2698,34445.1,0.2699,8060.2,0.2699,58706217.0,15373048.42432
1753505112360,04:45:12.360,bitget,ALGO/USDT:USDT,0.2698,34445.1,0.2699,8060.2,0.2699,58706217.0,15373048.42432
1753505112796,04:45:12.796,bitget,ALGO/USDT:USDT,0.2698,34445.1,0.2699,8060.2,0.2699,58706217.0,15373048.42432
1753505113166,04:45:13.166,bitget,ALGO/USDT:USDT,0.2698,34445.1,0.2699,8060.2,0.2699,58706217.0,15373048.42432
1753505113501,04:45:13.501,bitget,ALGO/USDT:USDT,0.2698,34445.1,0.2699,8060.2,0.2699,58706217.0,15373048.42432
1753505113816,04:45:13.816,bitget,ALGO/USDT:USDT,0.2698,34445.1,0.2699,22060.2,0.2699,58706217.0,15373048.42432
1753505114143,04:45:14.143,bitget,ALGO/USDT:USDT,0.2698,34445.1,0.2699,22060.2,0.2699,58706217.0,15373048.42432
1753505114516,04:45:14.516,bitget,ALGO/USDT:USDT,0.2698,34445.1,0.2699,22060.2,0.2699,58706217.0,15373048.42432
1753505114861,04:45:14.861,bitget,ALGO/USDT:USDT,0.2698,34445.1,0.2699,22060.2,0.2699,58706217.0,15373048.42432
1753505115181,04:45:15.181,bitget,ALGO/USDT:USDT,0.2698,34445.1,0.2699,22060.2,0.2699,58706217.0,15373048.42432
1753505115514,04:45:15.514,bitget,ALGO/USDT:USDT,0.2698,35459.2,0.2699,6781.8,0.2699,58706217.0,15373048.42432
1753505115925,04:45:15.925,bitget,ALGO/USDT:USDT,0.2698,34445.1,0.2699,11043.9,0.2699,58706217.0,15373048.42432
1753505116242,04:45:16.242,bitget,ALGO/USDT:USDT,0.2698,34445.1,0.2699,11043.9,0.2699,58706217.0,15373048.42432
1753505116564,04:45:16.564,bitget,ALGO/USDT:USDT,0.2698,34445.1,0.2699,11043.9,0.2699,58706217.0,15373048.42432
1753505117001,04:45:17.001,bitget,ALGO/USDT:USDT,0.2698,34445.1,0.2699,11043.9,0.2699,58706217.0,15373048.42432
1753505117680,04:45:17.680,bitget,ALGO/USDT:USDT,0.2698,34445.1,0.2699,11043.9,0.2699,58706217.0,15373048.42432
1753505118044,04:45:18.044,bitget,ALGO/USDT:USDT,0.2698,34445.1,0.2699,11043.9,0.2699,58706217.0,15373048.42432
1753505118378,04:45:18.378,bitget,ALGO/USDT:USDT,0.2698,34445.1,0.2699,11043.9,0.2699,58706217.0,15373048.42432
1753505118693,04:45:18.693,bitget,ALGO/USDT:USDT,0.2698,32538.5,0.2699,16760.1,0.2699,58706217.0,15373048.42432
1753505119002,04:45:19.002,bitget,ALGO/USDT:USDT,0.2698,32538.5,0.2699,36386.5,0.2699,58706217.0,15373048.42432
1753505119777,04:45:19.777,bitget,ALGO/USDT:USDT,0.2698,18538.5,0.2699,35372.4,0.2699,58706217.0,15373048.42432
1753505120086,04:45:20.086,bitget,ALGO/USDT:USDT,0.2698,18538.5,0.2699,35372.4,0.2699,58706217.0,15373048.42432
1753505120407,04:45:20.407,bitget,ALGO/USDT:USDT,0.2698,18538.5,0.2699,35372.4,0.2699,58706217.0,15373048.42432
1753505120793,04:45:20.793,bitget,ALGO/USDT:USDT,0.2698,18538.5,0.2699,35372.4,0.2699,58706217.0,15373048.42432
1753505121117,04:45:21.117,bitget,ALGO/USDT:USDT,0.2698,18538.5,0.2699,35372.4,0.2699,58706217.0,15373048.42432
1753505121475,04:45:21.475,bitget,ALGO/USDT:USDT,0.2698,601.9,0.2699,36386.5,0.2699,58706217.0,15373048.42432
1753505122619,04:45:22.619,bitget,ALGO/USDT:USDT,0.2698,14601.9,0.2699,35372.4,0.2699,58706217.0,15373048.42432
1753505123031,04:45:23.031,bitget,ALGO/USDT:USDT,0.2698,14601.9,0.2699,35372.4,0.2699,58706217.0,15373048.42432
1753505123773,04:45:23.773,bitget,ALGO/USDT:USDT,0.2698,18864.0,0.2699,35372.4,0.2699,58706217.0,15373048.42432
1753505124792,04:45:24.792,bitget,ALGO/USDT:USDT,0.2698,19878.1,0.2699,35372.4,0.2699,58706217.0,15373048.42432
1753505125411,04:45:25.411,bitget,ALGO/USDT:USDT,0.2698,18864.0,0.2699,33465.8,0.2699,58706217.0,15373048.42432
1753505125758,04:45:25.758,bitget,ALGO/USDT:USDT,0.2698,601.9,0.2699,36386.5,0.2699,58706217.0,15373048.42432
1753505126074,04:45:26.074,bitget,ALGO/USDT:USDT,0.2698,601.9,0.2699,36386.5,0.2699,58706217.0,15373048.42432
1753505126387,04:45:26.387,bitget,ALGO/USDT:USDT,0.2697,31092.8,0.2698,12620.8,0.2698,58706217.0,15373048.42432
1753505126705,04:45:26.705,bitget,ALGO/USDT:USDT,0.2697,31092.8,0.2698,25590.4,0.2698,58706217.0,15373048.42432
1753505127430,04:45:27.430,bitget,ALGO/USDT:USDT,0.2697,31092.8,0.2698,14590.4,0.2698,58706217.0,15373048.42432
1753505127745,04:45:27.745,bitget,ALGO/USDT:USDT,0.2697,31092.8,0.2698,14590.4,0.2698,58706217.0,15373048.42432
1753505128060,04:45:28.060,bitget,ALGO/USDT:USDT,0.2697,36719.2,0.2698,11047.8,0.2698,58707420.8,15373373.20956
1753505128456,04:45:28.456,bitget,ALGO/USDT:USDT,0.2697,36719.2,0.2698,21047.8,0.2698,58707420.8,15373373.20956
1753505129816,04:45:29.816,bitget,ALGO/USDT:USDT,0.2697,36719.2,0.2698,11047.8,0.2698,58706217.0,15373048.42432
1753505130226,04:45:30.226,bitget,ALGO/USDT:USDT,0.2697,36719.2,0.2698,11047.8,0.2698,58707420.8,15373373.20956
1753505130538,04:45:30.538,bitget,ALGO/USDT:USDT,0.2697,36719.2,0.2698,11047.8,0.2698,58707420.8,15373373.20956
1753505130872,04:45:30.872,bitget,ALGO/USDT:USDT,0.2697,37733.3,0.2698,5818.0,0.2698,58707420.8,15373373.20956
1753505131224,04:45:31.224,bitget,ALGO/USDT:USDT,0.2697,36719.2,0.2698,5818.0,0.2698,58707420.8,15373373.20956
1753505131538,04:45:31.538,bitget,ALGO/USDT:USDT,0.2697,36719.2,0.2698,5818.0,0.2698,58707420.8,15373373.20956
1753505131895,04:45:31.895,bitget,ALGO/USDT:USDT,0.2697,36719.2,0.2698,10080.1,0.2698,58707420.8,15373373.20956
1753505132367,04:45:32.367,bitget,ALGO/USDT:USDT,0.2697,36719.2,0.2698,10080.1,0.2698,58707420.8,15373373.20956
1753505133251,04:45:33.251,bitget,ALGO/USDT:USDT,0.2697,29361.2,0.2698,8064.1,0.2697,58707420.8,15373373.20956
1753505133578,04:45:33.578,bitget,ALGO/USDT:USDT,0.2697,29361.2,0.2698,22064.1,0.2697,58707420.8,15373373.20956
1753505134020,04:45:34.020,bitget,ALGO/USDT:USDT,0.2697,29361.2,0.2698,22064.1,0.2697,58707420.8,15373373.20956
1753505134425,04:45:34.425,bitget,ALGO/USDT:USDT,0.2697,29361.2,0.2698,22064.1,0.2697,58722136.8,15377342.11476
1753505134747,04:45:34.747,bitget,ALGO/USDT:USDT,0.2697,29361.2,0.2698,22064.1,0.2697,58722136.8,15377342.11476
1753505135251,04:45:35.251,bitget,ALGO/USDT:USDT,0.2696,24860.0,0.2697,22081.8,0.2697,58722136.8,15377342.11476
1753505135914,04:45:35.914,bitget,ALGO/USDT:USDT,0.2696,24860.0,0.2697,22081.8,0.2697,58722136.8,15377342.11476
1753505136286,04:45:36.286,bitget,ALGO/USDT:USDT,0.2696,24860.0,0.2697,22081.8,0.2697,58722136.8,15377342.11476
1753505136645,04:45:36.645,bitget,ALGO/USDT:USDT,0.2696,24860.0,0.2697,22081.8,0.2697,58722136.8,15377342.11476
1753505136963,04:45:36.963,bitget,ALGO/USDT:USDT,0.2696,24860.0,0.2697,22081.8,0.2697,58722136.8,15377342.11476
1753505137289,04:45:37.289,bitget,ALGO/USDT:USDT,0.2696,24860.0,0.2697,10639.0,0.2697,58722136.8,15377342.11476
1753505137732,04:45:37.732,bitget,ALGO/USDT:USDT,0.2696,10860.0,0.2697,24639.0,0.2697,58722136.8,15377342.11476
1753505138097,04:45:38.097,bitget,ALGO/USDT:USDT,0.2696,10860.0,0.2697,24639.0,0.2697,58722136.8,15377342.11476
1753505138408,04:45:38.408,bitget,ALGO/USDT:USDT,0.2696,10860.0,0.2697,10639.0,0.2697,58722136.8,15377342.11476
1753505138748,04:45:38.748,bitget,ALGO/USDT:USDT,0.2696,24860.0,0.2697,24639.0,0.2697,58722136.8,15377342.11476
1753505139391,04:45:39.391,bitget,ALGO/USDT:USDT,0.2696,24860.0,0.2697,24639.0,0.2697,58722136.8,15377342.11476
1753505139750,04:45:39.750,bitget,ALGO/USDT:USDT,0.2696,24860.0,0.2697,24639.0,0.2697,58722136.8,15377342.11476
1753505140721,04:45:40.721,bitget,ALGO/USDT:USDT,0.2696,24860.0,0.2697,5118.6,0.2697,58722136.8,15377342.11476
1753505141435,04:45:41.435,bitget,ALGO/USDT:USDT,0.2696,24860.0,0.2697,5118.6,0.2697,58722136.8,15377342.11476
1753505141742,04:45:41.742,bitget,ALGO/USDT:USDT,0.2696,24860.0,0.2697,5118.6,0.2697,58722136.8,15377342.11476
1753505142051,04:45:42.051,bitget,ALGO/USDT:USDT,0.2696,24860.0,0.2697,5118.6,0.2697,58722136.8,15377342.11476
1753505142923,04:45:42.923,bitget,ALGO/USDT:USDT,0.2696,24860.0,0.2697,5118.6,0.2697,58722136.8,15377342.11476
1753505143499,04:45:43.499,bitget,ALGO/USDT:USDT,0.2696,24860.0,0.2697,5118.6,0.2697,58722136.8,15377342.11476
1753505143859,04:45:43.859,bitget,ALGO/USDT:USDT,0.2696,24860.0,0.2697,5118.6,0.2697,58722136.8,15377342.11476
1753505144165,04:45:44.165,bitget,ALGO/USDT:USDT,0.2696,24860.0,0.2697,5118.6,0.2697,58722136.8,15377342.11476
1753505144466,04:45:44.466,bitget,ALGO/USDT:USDT,0.2696,24860.0,0.2697,5118.6,0.2697,58722136.8,15377342.11476
1753505144824,04:45:44.824,bitget,ALGO/USDT:USDT,0.2696,24860.0,0.2697,5118.6,0.2697,58722136.8,15377342.11476
1753505145563,04:45:45.563,bitget,ALGO/USDT:USDT,0.2696,24860.0,0.2697,6398.2,0.2697,58722136.8,15377342.11476
1753505145880,04:45:45.880,bitget,ALGO/USDT:USDT,0.2696,24860.0,0.2697,6398.2,0.2697,58722136.8,15377342.11476
1753505146244,04:45:46.244,bitget,ALGO/USDT:USDT,0.2696,24860.0,0.2697,6398.2,0.2697,58722136.8,15377342.11476
1753505146574,04:45:46.574,bitget,ALGO/USDT:USDT,0.2696,24860.0,0.2697,5119.8,0.2697,58722136.8,15377342.11476
1753505146884,04:45:46.884,bitget,ALGO/USDT:USDT,0.2696,24860.0,0.2697,9381.9,0.2697,58722136.8,15377342.11476
1753505147759,04:45:47.759,bitget,ALGO/USDT:USDT,0.2696,24860.0,0.2697,2983.7,0.2697,58722136.8,15377342.11476
1753505148713,04:45:48.713,bitget,ALGO/USDT:USDT,0.2696,24860.0,0.2697,8358.7,0.2697,58722136.8,15377342.11476
1753505149078,04:45:49.078,bitget,ALGO/USDT:USDT,0.2696,24860.0,0.2697,8358.7,0.2697,58722136.8,15377342.11476
1753505149387,04:45:49.387,bitget,ALGO/USDT:USDT,0.2696,24860.0,0.2697,8358.7,0.2697,58722136.8,15377342.11476
1753505149707,04:45:49.707,bitget,ALGO/USDT:USDT,0.2696,24860.0,0.2697,7245.8,0.2697,58722136.8,15377342.11476
1753505150592,04:45:50.592,bitget,ALGO/USDT:USDT,0.2696,24860.0,0.2697,7245.8,0.2697,58722136.8,15377342.11476
1753505150915,04:45:50.915,bitget,ALGO/USDT:USDT,0.2696,24860.0,0.2697,7245.8,0.2697,58722136.8,15377342.11476
1753505151251,04:45:51.251,bitget,ALGO/USDT:USDT,0.2696,24860.0,0.2697,7245.8,0.2697,58722136.8,15377342.11476
1753505151903,04:45:51.903,bitget,ALGO/USDT:USDT,0.2696,24860.0,0.2697,7245.8,0.2697,58722136.8,15377342.11476
1753505152218,04:45:52.218,bitget,ALGO/USDT:USDT,0.2696,25874.1,0.2697,2983.7,0.2697,58722136.8,15377342.11476
1753505152642,04:45:52.642,bitget,ALGO/USDT:USDT,0.2697,5521.4,0.2698,25647.7,0.2697,58722136.8,15377342.11476
1753505153143,04:45:53.143,bitget,ALGO/USDT:USDT,0.2697,5521.4,0.2698,25647.7,0.2697,58722136.8,15377342.11476
1753505153982,04:45:53.982,bitget,ALGO/USDT:USDT,0.2697,33892.9,0.2698,11808.5,0.2697,58728104.2,15378951.52254
1753505154657,04:45:54.657,bitget,ALGO/USDT:USDT,0.2697,33892.9,0.2698,25808.5,0.2697,58728104.2,15378951.52254
1753505155720,04:45:55.720,bitget,ALGO/USDT:USDT,0.2697,33892.9,0.2698,11808.5,0.2697,58728104.2,15378951.52254
1753505156377,04:45:56.377,bitget,ALGO/USDT:USDT,0.2697,33892.9,0.2698,11808.5,0.2697,58728104.2,15378951.52254
1753505156697,04:45:56.697,bitget,ALGO/USDT:USDT,0.2697,33892.9,0.2698,11808.5,0.2697,58728104.2,15378951.52254
1753505157007,04:45:57.007,bitget,ALGO/USDT:USDT,0.2697,33892.9,0.2698,11808.5,0.2697,58728104.2,15378951.52254
1753505157747,04:45:57.747,bitget,ALGO/USDT:USDT,0.2697,33892.9,0.2698,7546.4,0.2697,58722136.8,15377342.11476
1753505158346,04:45:58.346,bitget,ALGO/USDT:USDT,0.2697,37766.9,0.2699,89242.7,0.2697,58728104.2,15378951.52254
1753505158714,04:45:58.714,bitget,ALGO/USDT:USDT,0.2698,24255.9,0.2699,11267.2,0.2697,58728104.2,15378951.52254
1753505160271,04:46:00.271,bitget,ALGO/USDT:USDT,0.2698,24255.9,0.2699,25267.2,0.2697,58728104.2,15378951.52254
1753505160604,04:46:00.604,bitget,ALGO/USDT:USDT,0.2698,24255.9,0.2699,25267.2,0.2697,58726139.2,15378447.3428
1753505160918,04:46:00.918,bitget,ALGO/USDT:USDT,0.2698,24255.9,0.2699,25267.2,0.2697,58726139.2,15378447.3428
1753505161257,04:46:01.257,bitget,ALGO/USDT:USDT,0.2698,25270.0,0.2699,4263.6,0.2697,58722136.8,15377342.11476
1753505162090,04:46:02.090,bitget,ALGO/USDT:USDT,0.2698,25270.0,0.2699,4263.6,0.2697,58726139.2,15378447.3428
1753505162537,04:46:02.537,bitget,ALGO/USDT:USDT,0.2698,24255.9,0.2699,22525.7,0.2697,58728104.2,15378951.52254
1753505163332,04:46:03.332,bitget,ALGO/USDT:USDT,0.2698,24255.9,0.2699,22525.7,0.2697,58726139.2,15378447.3428
1753505164259,04:46:04.259,bitget,ALGO/USDT:USDT,0.2698,24255.9,0.2699,22525.7,0.2697,58726139.2,15378447.3428
1753505164621,04:46:04.621,bitget,ALGO/USDT:USDT,0.2698,24255.9,0.2699,22525.7,0.2697,58726139.2,15378447.3428
1753505164935,04:46:04.935,bitget,ALGO/USDT:USDT,0.2698,24255.9,0.2699,22525.7,0.2697,58726139.2,15378447.3428
1753505165361,04:46:05.361,bitget,ALGO/USDT:USDT,0.2698,24255.9,0.2699,22525.7,0.2697,58726139.2,15378447.3428
1753505165921,04:46:05.921,bitget,ALGO/USDT:USDT,0.2698,24255.9,0.2699,22525.7,0.2697,58726139.2,15378447.3428
1753505166555,04:46:06.555,bitget,ALGO/USDT:USDT,0.2698,24255.9,0.2699,25446.4,0.2697,58726139.2,15378447.3428
1753505166894,04:46:06.894,bitget,ALGO/USDT:USDT,0.2698,24255.9,0.2699,25446.4,0.2697,58726139.2,15378447.3428
1753505167203,04:46:07.203,bitget,ALGO/USDT:USDT,0.2697,29548.5,0.2698,9108.2,0.2697,58726139.2,15378447.3428
1753505167520,04:46:07.520,bitget,ALGO/USDT:USDT,0.2697,29548.5,0.2698,1975.5,0.2697,58726139.2,15378447.3428
1753505167896,04:46:07.896,bitget,ALGO/USDT:USDT,0.2697,29548.5,0.2698,1975.5,0.2697,58726139.2,15378447.3428
1753505168340,04:46:08.340,bitget,ALGO/USDT:USDT,0.2697,29548.5,0.2698,1975.5,0.2697,58726139.2,15378447.3428
1753505168910,04:46:08.910,bitget,ALGO/USDT:USDT,0.2697,29548.5,0.2698,1975.5,0.2697,58726139.2,15378447.3428
1753505169329,04:46:09.329,bitget,ALGO/USDT:USDT,0.2698,29619.2,0.2699,8525.7,0.2697,58726139.2,15378447.3428
1753505169646,04:46:09.646,bitget,ALGO/USDT:USDT,0.2698,29619.2,0.2699,8525.7,0.2697,58726139.2,15378447.3428
1753505169958,04:46:09.958,bitget,ALGO/USDT:USDT,0.2698,29619.2,0.2699,8525.7,0.2697,58726139.2,15378447.3428
1753505170320,04:46:10.320,bitget,ALGO/USDT:USDT,0.2698,29619.2,0.2699,16739.0,0.2697,58726139.2,15378447.3428
1753505170711,04:46:10.711,bitget,ALGO/USDT:USDT,0.2698,29619.2,0.2699,16739.0,0.2697,58726139.2,15378447.3428
1753505171417,04:46:11.417,bitget,ALGO/USDT:USDT,0.2698,29619.2,0.2699,29739.0,0.2697,58726139.2,15378447.3428
1753505171838,04:46:11.838,bitget,ALGO/USDT:USDT,0.2698,29619.2,0.2699,29739.0,0.2697,58726139.2,15378447.3428
1753505172515,04:46:12.515,bitget,ALGO/USDT:USDT,0.2698,29619.2,0.2699,16739.0,0.2697,58726139.2,15378447.3428
1753505172921,04:46:12.921,bitget,ALGO/USDT:USDT,0.2698,29619.2,0.2699,16739.0,0.2697,58726139.2,15378447.3428
1753505173321,04:46:13.321,bitget,ALGO/USDT:USDT,0.2698,29619.2,0.2699,16739.0,0.2697,58726139.2,15378447.3428
1753505173647,04:46:13.647,bitget,ALGO/USDT:USDT,0.2698,29619.2,0.2699,16739.0,0.2697,58726139.2,15378447.3428
1753505173959,04:46:13.959,bitget,ALGO/USDT:USDT,0.2698,29619.2,0.2699,16739.0,0.2697,58726139.2,15378447.3428
1753505174280,04:46:14.280,bitget,ALGO/USDT:USDT,0.2698,29619.2,0.2699,16739.0,0.2697,58726139.2,15378447.3428
1753505174626,04:46:14.626,bitget,ALGO/USDT:USDT,0.2698,29619.2,0.2699,16739.0,0.2697,58726139.2,15378447.3428
1753505174939,04:46:14.939,bitget,ALGO/USDT:USDT,0.2698,29619.2,0.2699,16739.0,0.2697,58726139.2,15378447.3428
1753505175259,04:46:15.259,bitget,ALGO/USDT:USDT,0.2698,29619.2,0.2699,16739.0,0.2697,58726139.2,15378447.3428
1753505175643,04:46:15.643,bitget,ALGO/USDT:USDT,0.2698,29619.2,0.2699,16739.0,0.2697,58726139.2,15378447.3428
1753505176048,04:46:16.048,bitget,ALGO/USDT:USDT,0.2698,29619.2,0.2699,30739.0,0.2697,58726139.2,15378447.3428
1753505176359,04:46:16.359,bitget,ALGO/USDT:USDT,0.2698,29619.2,0.2699,31753.1,0.2697,58726139.2,15378447.3428
1753505177021,04:46:17.021,bitget,ALGO/USDT:USDT,0.2698,29619.2,0.2699,30739.0,0.2697,58726139.2,15378447.3428
1753505177332,04:46:17.332,bitget,ALGO/USDT:USDT,0.2698,29619.2,0.2699,30739.0,0.2697,58726139.2,15378447.3428
1753505177641,04:46:17.641,bitget,ALGO/USDT:USDT,0.2698,29619.2,0.2699,30739.0,0.2697,58726139.2,15378447.3428
1753505178115,04:46:18.115,bitget,ALGO/USDT:USDT,0.2698,29619.2,0.2699,30739.0,0.2697,58726139.2,15378447.3428
1753505179312,04:46:19.312,bitget,ALGO/USDT:USDT,0.2698,29619.2,0.2699,16739.0,0.2697,58726139.2,15378447.3428
1753505180647,04:46:20.647,bitget,ALGO/USDT:USDT,0.2698,29619.2,0.2699,30739.0,0.2697,58726139.2,15378447.3428
1753505181031,04:46:21.031,bitget,ALGO/USDT:USDT,0.2698,29619.2,0.2699,16739.0,0.2697,58726139.2,15378447.3428
1753505181650,04:46:21.650,bitget,ALGO/USDT:USDT,0.2698,29619.2,0.2699,16739.0,0.2697,58726139.2,15378447.3428
1753505182087,04:46:22.087,bitget,ALGO/USDT:USDT,0.2698,36259.7,0.2699,6237.6,0.2697,58726139.2,15378447.3428
1753505182463,04:46:22.463,bitget,ALGO/USDT:USDT,0.2698,36259.7,0.2699,6237.6,0.2697,58726139.2,15378447.3428
1753505182773,04:46:22.773,bitget,ALGO/USDT:USDT,0.2698,36259.7,0.2699,1975.5,0.2697,58726139.2,15378447.3428
1753505183151,04:46:23.151,bitget,ALGO/USDT:USDT,0.2698,36259.7,0.2699,1975.5,0.2697,58726139.2,15378447.3428
1753505183520,04:46:23.520,bitget,ALGO/USDT:USDT,0.2698,35245.6,0.2699,1975.5,0.2697,58726139.2,15378447.3428
1753505183832,04:46:23.832,bitget,ALGO/USDT:USDT,0.2698,35245.6,0.2699,6237.6,0.2697,58726139.2,15378447.3428
1753505184140,04:46:24.140,bitget,ALGO/USDT:USDT,0.2698,35245.6,0.2699,6237.6,0.2697,58726139.2,15378447.3428
1753505184850,04:46:24.850,bitget,ALGO/USDT:USDT,0.2698,35245.6,0.2699,7085.7,0.2697,58726139.2,15378447.3428
1753505185159,04:46:25.159,bitget,ALGO/USDT:USDT,0.2698,29876.0,0.2699,9221.3,0.2697,58726139.2,15378447.3428
1753505185477,04:46:25.477,bitget,ALGO/USDT:USDT,0.2698,29876.0,0.2699,9221.3,0.2697,58726139.2,15378447.3428
1753505185846,04:46:25.846,bitget,ALGO/USDT:USDT,0.2698,29876.0,0.2699,33898.7,0.2697,58726139.2,15378447.3428
1753505186222,04:46:26.222,bitget,ALGO/USDT:USDT,0.2698,29876.0,0.2699,33898.7,0.2697,58726139.2,15378447.3428
1753505186842,04:46:26.842,bitget,ALGO/USDT:USDT,0.2698,29876.0,0.2699,32884.6,0.2697,58726139.2,15378447.3428
1753505187288,04:46:27.288,bitget,ALGO/USDT:USDT,0.2698,29876.0,0.2699,32884.6,0.2697,58726139.2,15378447.3428
1753505188342,04:46:28.342,bitget,ALGO/USDT:USDT,0.2698,29876.0,0.2699,32884.6,0.2697,58726139.2,15378447.3428
1753505188693,04:46:28.693,bitget,ALGO/USDT:USDT,0.2698,29876.0,0.2699,32884.6,0.2697,58726139.2,15378447.3428
1753505189006,04:46:29.006,bitget,ALGO/USDT:USDT,0.2698,29876.0,0.2699,32884.6,0.2697,58726139.2,15378447.3428
1753505189320,04:46:29.320,bitget,ALGO/USDT:USDT,0.2698,29876.0,0.2699,23663.3,0.2699,58726139.2,15378447.3428
1753505190009,04:46:30.009,bitget,ALGO/USDT:USDT,0.2698,29876.0,0.2699,24677.4,0.2699,58726139.2,15378447.3428
1753505190325,04:46:30.325,bitget,ALGO/USDT:USDT,0.2698,29876.0,0.2699,23663.3,0.2699,58726139.2,15378447.3428
1753505190653,04:46:30.653,bitget,ALGO/USDT:USDT,0.2698,29876.0,0.2699,23663.3,0.2699,58726139.2,15378447.3428
1753505191047,04:46:31.047,bitget,ALGO/USDT:USDT,0.2698,29876.0,0.2699,23663.3,0.2699,58726139.2,15378447.3428
1753505191601,04:46:31.601,bitget,ALGO/USDT:USDT,0.2698,29876.0,0.2699,23663.3,0.2699,58744426.4,15383383.05808
1753505191992,04:46:31.992,bitget,ALGO/USDT:USDT,0.2698,29876.0,0.2699,9663.3,0.2699,58726139.2,15378447.3428
1753505192689,04:46:32.689,bitget,ALGO/USDT:USDT,0.2698,29876.0,0.2699,9663.3,0.2699,58744426.4,15383383.05808
1753505193009,04:46:33.009,bitget,ALGO/USDT:USDT,0.2698,29876.0,0.2699,9663.3,0.2699,58744426.4,15383383.05808
1753505193436,04:46:33.436,bitget,ALGO/USDT:USDT,0.2698,30890.1,0.2699,12647.0,0.2699,58744426.4,15383383.05808
1753505193901,04:46:33.901,bitget,ALGO/USDT:USDT,0.2698,29876.0,0.2699,12647.0,0.2699,58744426.4,15383383.05808
1753505194671,04:46:34.671,bitget,ALGO/USDT:USDT,0.2698,29876.0,0.2699,13661.1,0.2699,58744426.4,15383383.05808
1753505195041,04:46:35.041,bitget,ALGO/USDT:USDT,0.2698,29876.0,0.2699,27661.1,0.2699,58726139.2,15378447.3428
1753505195610,04:46:35.610,bitget,ALGO/USDT:USDT,0.2698,29876.0,0.2699,26647.0,0.2699,58744426.4,15383383.05808
1753505196110,04:46:36.110,bitget,ALGO/USDT:USDT,0.2698,29876.0,0.2699,26647.0,0.2699,58744426.4,15383383.05808
1753505197025,04:46:37.025,bitget,ALGO/USDT:USDT,0.2698,29876.0,0.2699,26647.0,0.2699,58744426.4,15383383.05808
1753505197445,04:46:37.445,bitget,ALGO/USDT:USDT,0.2698,29876.0,0.2699,26647.0,0.2699,58744426.4,15383383.05808
1753505197770,04:46:37.770,bitget,ALGO/USDT:USDT,0.2698,29876.0,0.2699,26647.0,0.2699,58744426.4,15383383.05808
1753505198075,04:46:38.075,bitget,ALGO/USDT:USDT,0.2698,29876.0,0.2699,26647.0,0.2699,58744426.4,15383383.05808
1753505198507,04:46:38.507,bitget,ALGO/USDT:USDT,0.2698,29876.0,0.2699,26647.0,0.2699,58744426.4,15383383.05808
1753505198874,04:46:38.874,bitget,ALGO/USDT:USDT,0.2698,29876.0,0.2699,26647.0,0.2699,58744426.4,15383383.05808
1753505199503,04:46:39.503,bitget,ALGO/USDT:USDT,0.2698,29876.0,0.2699,12647.0,0.2699,58744426.4,15383383.05808
1753505199862,04:46:39.862,bitget,ALGO/USDT:USDT,0.2698,29876.0,0.2699,12647.0,0.2699,58744426.4,15383383.05808
1753505200191,04:46:40.191,bitget,ALGO/USDT:USDT,0.2698,29876.0,0.2699,12647.0,0.2699,58744426.4,15383383.05808
1753505200539,04:46:40.539,bitget,ALGO/USDT:USDT,0.2698,29876.0,0.2699,12647.0,0.2699,58744426.4,15383383.05808
1753505201263,04:46:41.263,bitget,ALGO/USDT:USDT,0.2698,29876.0,0.2699,12647.0,0.2699,58744426.4,15383383.05808
1753505201870,04:46:41.870,bitget,ALGO/USDT:USDT,0.2698,30890.1,0.2699,5289.0,0.2699,58744426.4,15383383.05808
1753505202236,04:46:42.236,bitget,ALGO/USDT:USDT,0.2698,29876.0,0.2699,5289.0,0.2699,58744426.4,15383383.05808
1753505202576,04:46:42.576,bitget,ALGO/USDT:USDT,0.2698,30890.1,0.2699,5289.0,0.2699,58744426.4,15383383.05808
1753505203197,04:46:43.197,bitget,ALGO/USDT:USDT,0.2698,30890.1,0.2699,5289.0,0.2699,58744426.4,15383383.05808
1753505203573,04:46:43.573,bitget,ALGO/USDT:USDT,0.2698,30890.1,0.2699,5289.0,0.2699,58744426.4,15383383.05808
1753505204233,04:46:44.233,bitget,ALGO/USDT:USDT,0.2698,31782.6,0.27,58680.9,0.2699,58744426.4,15383383.05808
1753505204543,04:46:44.543,bitget,ALGO/USDT:USDT,0.2698,26650.4,0.27,58780.9,0.2699,58744426.4,15383383.05808
1753505204898,04:46:44.898,bitget,ALGO/USDT:USDT,0.2699,21725.1,0.27,58780.9,0.2699,58744426.4,15383383.05808
1753505205229,04:46:45.229,bitget,ALGO/USDT:USDT,0.2699,21725.1,0.27,58780.9,0.2699,58744426.4,15383383.05808
1753505205579,04:46:45.579,bitget,ALGO/USDT:USDT,0.2699,21725.1,0.27,58780.9,0.2699,58744426.4,15383383.05808
1753505206435,04:46:46.435,bitget,ALGO/USDT:USDT,0.2699,21725.1,0.27,58780.9,0.2699,58744426.4,15383383.05808
1753505206750,04:46:46.750,bitget,ALGO/USDT:USDT,0.2699,21725.1,0.27,58780.9,0.2699,58744426.4,15383383.05808
1753505207063,04:46:47.063,bitget,ALGO/USDT:USDT,0.2699,14000.0,0.27,59795.0,0.2699,58744426.4,15383383.05808
1753505207755,04:46:47.755,bitget,ALGO/USDT:USDT,0.2699,14000.0,0.27,59795.0,0.2699,58744426.4,15383383.05808
1753505208067,04:46:48.067,bitget,ALGO/USDT:USDT,0.2699,18262.1,0.27,58780.9,0.2699,58744426.4,15383383.05808
1753505208923,04:46:48.923,bitget,ALGO/USDT:USDT,0.2699,14000.0,0.27,59795.0,0.2699,58744426.4,15383383.05808
1753505209231,04:46:49.231,bitget,ALGO/USDT:USDT,0.2699,14000.0,0.27,59795.0,0.2699,58744426.4,15383383.05808
1753505209911,04:46:49.911,bitget,ALGO/USDT:USDT,0.2698,26650.4,0.2699,2286.6,0.2699,58744426.4,15383383.05808
1753505210225,04:46:50.225,bitget,ALGO/USDT:USDT,0.2698,26650.4,0.2699,5153.0,0.2699,58744426.4,15383383.05808
1753505210555,04:46:50.555,bitget,ALGO/USDT:USDT,0.2698,26650.4,0.2699,3137.7,0.2699,58744426.4,15383383.05808
1753505211060,04:46:51.060,bitget,ALGO/USDT:USDT,0.2698,27664.5,0.27,91632.7,0.2699,58744426.4,15383383.05808
1753505211399,04:46:51.399,bitget,ALGO/USDT:USDT,0.2698,27664.5,0.27,91632.7,0.2699,58744426.4,15383383.05808
1753505211711,04:46:51.711,bitget,ALGO/USDT:USDT,0.2699,21019.8,0.27,32809.1,0.2699,58744426.4,15383383.05808
1753505212028,04:46:52.028,bitget,ALGO/USDT:USDT,0.2699,21019.8,0.27,32809.1,0.2699,58744426.4,15383383.05808
1753505212386,04:46:52.386,bitget,ALGO/USDT:USDT,0.2699,21019.8,0.27,32809.1,0.2699,58744426.4,15383383.05808
1753505212710,04:46:52.710,bitget,ALGO/USDT:USDT,0.2699,21019.8,0.27,32809.1,0.2699,58744426.4,15383383.05808
