timestamp,time,exchange,symbol,bid,bidVolume,ask,askVolume,lastPrice,baseVolume,quoteVolume
1753507240520,05:20:40.520,bitget,ALGO/USDT:USDT,0.2689,12521.8,0.269,18856.6,0.2691,58829837.4,15422298.79058
1753507240839,05:20:40.839,bitget,ALGO/USDT:USDT,0.2689,12521.8,0.269,18856.6,0.2691,58829837.4,15422298.79058
1753507241161,05:20:41.161,bitget,ALGO/USDT:USDT,0.2689,8259.7,0.269,18856.6,0.2691,58829837.4,15422298.79058
1753507241879,05:20:41.879,bitget,ALGO/USDT:USDT,0.2689,8259.7,0.269,29856.6,0.2691,58829837.4,15422298.79058
1753507242519,05:20:42.519,bitget,ALGO/USDT:USDT,0.2689,12521.8,0.269,18856.6,0.2691,58829837.4,15422298.79058
1753507243280,05:20:43.280,bitget,ALGO/USDT:USDT,0.2689,12521.8,0.269,18856.6,0.2691,58829837.4,15422298.79058
1753507243594,05:20:43.594,bitget,ALGO/USDT:USDT,0.2689,12521.8,0.269,18856.6,0.2691,58829837.4,15422298.79058
1753507243937,05:20:43.937,bitget,ALGO/USDT:USDT,0.2689,12521.8,0.269,18856.6,0.2691,58829837.4,15422298.79058
1753507244287,05:20:44.287,bitget,ALGO/USDT:USDT,0.2689,12521.8,0.269,18856.6,0.2691,58829837.4,15422298.79058
1753507244597,05:20:44.597,bitget,ALGO/USDT:USDT,0.2689,12521.8,0.269,18856.6,0.2691,58829837.4,15422298.79058
1753507244976,05:20:44.976,bitget,ALGO/USDT:USDT,0.2689,12521.8,0.269,18856.6,0.2691,58829837.4,15422298.79058
1753507245352,05:20:45.352,bitget,ALGO/USDT:USDT,0.2689,12521.8,0.269,18856.6,0.2691,58829837.4,15422298.79058
1753507245720,05:20:45.720,bitget,ALGO/USDT:USDT,0.2689,12521.8,0.269,18856.6,0.2691,58829837.4,15422298.79058
1753507246039,05:20:46.039,bitget,ALGO/USDT:USDT,0.2689,12521.8,0.269,21652.1,0.2691,58829837.4,15422298.79058
1753507246406,05:20:46.406,bitget,ALGO/USDT:USDT,0.2689,12521.8,0.269,21652.1,0.2691,58829837.4,15422298.79058
1753507246802,05:20:46.802,bitget,ALGO/USDT:USDT,0.2689,12521.8,0.269,21652.1,0.2691,58829837.4,15422298.79058
1753507247109,05:20:47.109,bitget,ALGO/USDT:USDT,0.2689,12521.8,0.269,18856.6,0.2691,58829837.4,15422298.79058
1753507247412,05:20:47.412,bitget,ALGO/USDT:USDT,0.2689,12521.8,0.269,20727.9,0.2691,58829837.4,15422298.79058
1753507248110,05:20:48.110,bitget,ALGO/USDT:USDT,0.2689,12521.8,0.269,20727.9,0.2691,58829837.4,15422298.79058
1753507248429,05:20:48.429,bitget,ALGO/USDT:USDT,0.2689,12521.8,0.269,18856.6,0.2691,58829837.4,15422298.79058
1753507248887,05:20:48.887,bitget,ALGO/USDT:USDT,0.2689,12521.8,0.269,18856.6,0.2691,58829837.4,15422298.79058
1753507249726,05:20:49.726,bitget,ALGO/USDT:USDT,0.2689,12521.8,0.269,18856.6,0.2691,58829837.4,15422298.79058
1753507250082,05:20:50.082,bitget,ALGO/USDT:USDT,0.2689,4337.8,0.269,22634.5,0.2691,58829837.4,15422298.79058
1753507250405,05:20:50.405,bitget,ALGO/USDT:USDT,0.2689,4337.8,0.269,22634.5,0.2691,58829837.4,15422298.79058
1753507250731,05:20:50.731,bitget,ALGO/USDT:USDT,0.2689,4337.8,0.269,36634.5,0.2691,58829837.4,15422298.79058
1753507251045,05:20:51.045,bitget,ALGO/USDT:USDT,0.2689,4337.8,0.269,36634.5,0.2691,58829837.4,15422298.79058
1753507251424,05:20:51.424,bitget,ALGO/USDT:USDT,0.2689,4337.8,0.269,36634.5,0.2691,58829837.4,15422298.79058
1753507251884,05:20:51.884,bitget,ALGO/USDT:USDT,0.2689,4337.8,0.269,36634.5,0.2691,58829837.4,15422298.79058
1753507252766,05:20:52.766,bitget,ALGO/USDT:USDT,0.2689,4337.8,0.269,36634.5,0.2691,58829837.4,15422298.79058
1753507253091,05:20:53.091,bitget,ALGO/USDT:USDT,0.2689,4337.8,0.269,36634.5,0.2691,58829837.4,15422298.79058
1753507253435,05:20:53.435,bitget,ALGO/USDT:USDT,0.2689,4337.8,0.269,36634.5,0.2691,58829837.4,15422298.79058
1753507254206,05:20:54.206,bitget,ALGO/USDT:USDT,0.2689,4337.8,0.269,36634.5,0.2691,58829837.4,15422298.79058
1753507254524,05:20:54.524,bitget,ALGO/USDT:USDT,0.2689,4337.8,0.269,36634.5,0.2691,58829837.4,15422298.79058
1753507254829,05:20:54.829,bitget,ALGO/USDT:USDT,0.2689,4337.8,0.269,31779.5,0.2691,58829837.4,15422298.79058
1753507255215,05:20:55.215,bitget,ALGO/USDT:USDT,0.2689,4337.8,0.269,33650.8,0.2691,58829837.4,15422298.79058
1753507255533,05:20:55.533,bitget,ALGO/USDT:USDT,0.2689,4337.8,0.269,33650.8,0.2691,58829837.4,15422298.79058
1753507255838,05:20:55.838,bitget,ALGO/USDT:USDT,0.2689,4337.8,0.269,33650.8,0.2691,58829837.4,15422298.79058
1753507256195,05:20:56.195,bitget,ALGO/USDT:USDT,0.2689,4337.8,0.269,33650.8,0.2691,58829837.4,15422298.79058
1753507256919,05:20:56.919,bitget,ALGO/USDT:USDT,0.2689,4337.8,0.269,33650.8,0.2691,58829837.4,15422298.79058
1753507257287,05:20:57.287,bitget,ALGO/USDT:USDT,0.2689,4337.8,0.269,33650.8,0.2691,58829837.4,15422298.79058
1753507257641,05:20:57.641,bitget,ALGO/USDT:USDT,0.2688,21019.8,0.2689,14605.9,0.2691,58829837.4,15422298.79058
1753507258022,05:20:58.022,bitget,ALGO/USDT:USDT,0.2688,21019.8,0.2689,18868.0,0.2691,58829837.4,15422298.79058
1753507258342,05:20:58.342,bitget,ALGO/USDT:USDT,0.2688,21019.8,0.2689,18868.0,0.2691,58829837.4,15422298.79058
1753507258694,05:20:58.694,bitget,ALGO/USDT:USDT,0.2688,21019.8,0.2689,18868.0,0.2691,58829837.4,15422298.79058
1753507259042,05:20:59.042,bitget,ALGO/USDT:USDT,0.2688,21019.8,0.2689,18868.0,0.2691,58829837.4,15422298.79058
1753507259389,05:20:59.389,bitget,ALGO/USDT:USDT,0.2688,21019.8,0.2689,18868.0,0.2691,58829837.4,15422298.79058
1753507259978,05:20:59.978,bitget,ALGO/USDT:USDT,0.2688,22891.1,0.2689,18007.9,0.2691,58829837.4,15422298.79058
1753507260363,05:21:00.363,bitget,ALGO/USDT:USDT,0.2688,22891.1,0.2689,18007.9,0.2691,58829837.4,15422298.79058
1753507260683,05:21:00.683,bitget,ALGO/USDT:USDT,0.2688,21019.8,0.2689,18007.9,0.2691,58829837.4,15422298.79058
1753507261011,05:21:01.011,bitget,ALGO/USDT:USDT,0.2688,21019.8,0.2689,18007.9,0.2691,58829837.4,15422298.79058
1753507261652,05:21:01.652,bitget,ALGO/USDT:USDT,0.2688,21019.8,0.2689,18007.9,0.2691,58824689.4,15420969.06218
1753507262044,05:21:02.044,bitget,ALGO/USDT:USDT,0.2688,21019.8,0.2689,18007.9,0.2691,58824689.4,15420969.06218
1753507262769,05:21:02.769,bitget,ALGO/USDT:USDT,0.2688,22891.1,0.2689,18007.9,0.2691,58824689.4,15420969.06218
1753507263107,05:21:03.107,bitget,ALGO/USDT:USDT,0.2688,22891.1,0.2689,18007.9,0.2691,58824689.4,15420969.06218
1753507263424,05:21:03.424,bitget,ALGO/USDT:USDT,0.2688,21019.8,0.2689,18007.9,0.2691,58824689.4,15420969.06218
1753507263737,05:21:03.737,bitget,ALGO/USDT:USDT,0.2688,22891.1,0.2689,4378.1,0.2691,58824689.4,15420969.06218
1753507264242,05:21:04.242,bitget,ALGO/USDT:USDT,0.2688,22891.1,0.2689,2983.7,0.2691,58824689.4,15420969.06218
1753507265115,05:21:05.115,bitget,ALGO/USDT:USDT,0.2689,27160.3,0.269,10248.9,0.2689,58824689.4,15420969.06218
1753507265489,05:21:05.489,bitget,ALGO/USDT:USDT,0.2689,25289.0,0.269,9488.9,0.2689,58826181.2,15421370.2072
1753507265821,05:21:05.821,bitget,ALGO/USDT:USDT,0.2689,25289.0,0.269,9488.9,0.2689,58826181.2,15421370.2072
1753507266136,05:21:06.136,bitget,ALGO/USDT:USDT,0.2689,25289.0,0.269,9488.9,0.2689,58826181.2,15421370.2072
1753507266671,05:21:06.671,bitget,ALGO/USDT:USDT,0.2689,25289.0,0.269,9488.9,0.2689,58826181.2,15421370.2072
1753507267014,05:21:07.014,bitget,ALGO/USDT:USDT,0.2689,25289.0,0.269,9488.9,0.2689,58826181.2,15421370.2072
1753507267340,05:21:07.340,bitget,ALGO/USDT:USDT,0.2689,25289.0,0.269,9488.9,0.2689,58826181.2,15421370.2072
1753507267726,05:21:07.726,bitget,ALGO/USDT:USDT,0.2689,27160.3,0.2691,80102.7,0.2689,58826181.2,15421370.2072
1753507268073,05:21:08.073,bitget,ALGO/USDT:USDT,0.269,30248.8,0.2691,10721.8,0.2689,58826181.2,15421370.2072
1753507268386,05:21:08.386,bitget,ALGO/USDT:USDT,0.269,28377.5,0.2691,10721.8,0.2689,58826181.2,15421370.2072
1753507268700,05:21:08.700,bitget,ALGO/USDT:USDT,0.269,28377.5,0.2691,10721.8,0.2689,58826181.2,15421370.2072
1753507269214,05:21:09.214,bitget,ALGO/USDT:USDT,0.269,28377.5,0.2691,10721.8,0.2689,58826181.2,15421370.2072
1753507269905,05:21:09.905,bitget,ALGO/USDT:USDT,0.269,28377.5,0.2691,10721.8,0.2689,58824689.4,15420969.06218
1753507270602,05:21:10.602,bitget,ALGO/USDT:USDT,0.269,30248.8,0.2691,5626.4,0.2689,58826181.2,15421370.2072
1753507270915,05:21:10.915,bitget,ALGO/USDT:USDT,0.269,30248.8,0.2691,5626.4,0.2689,58826181.2,15421370.2072
1753507271232,05:21:11.232,bitget,ALGO/USDT:USDT,0.2691,21285.0,0.2692,69993.0,0.2689,58826181.2,15421370.2072
1753507271657,05:21:11.657,bitget,ALGO/USDT:USDT,0.2691,25039.2,0.2692,56670.2,0.2689,58826181.2,15421370.2072
1753507272011,05:21:12.011,bitget,ALGO/USDT:USDT,0.2691,25039.2,0.2692,56670.2,0.2689,58826181.2,15421370.2072
1753507272325,05:21:12.325,bitget,ALGO/USDT:USDT,0.2691,25039.2,0.2692,56670.2,0.2689,58826181.2,15421370.2072
1753507272675,05:21:12.675,bitget,ALGO/USDT:USDT,0.2691,25039.2,0.2692,56670.2,0.2689,58826181.2,15421370.2072
1753507273015,05:21:13.015,bitget,ALGO/USDT:USDT,0.2691,25039.2,0.2692,56670.2,0.2689,58826181.2,15421370.2072
1753507273328,05:21:13.328,bitget,ALGO/USDT:USDT,0.2691,25039.2,0.2692,9888.5,0.2689,58826181.2,15421370.2072
1753507273651,05:21:13.651,bitget,ALGO/USDT:USDT,0.2691,25039.2,0.2692,9888.5,0.2689,58826181.2,15421370.2072
1753507274251,05:21:14.251,bitget,ALGO/USDT:USDT,0.2691,25039.2,0.2692,9888.5,0.2689,58826181.2,15421370.2072
1753507274559,05:21:14.559,bitget,ALGO/USDT:USDT,0.2691,25039.2,0.2692,9888.5,0.2689,58826181.2,15421370.2072
1753507274888,05:21:14.888,bitget,ALGO/USDT:USDT,0.2691,26910.5,0.2692,9888.5,0.2689,58826181.2,15421370.2072
1753507275300,05:21:15.300,bitget,ALGO/USDT:USDT,0.2691,26910.5,0.2692,9888.5,0.2689,58826181.2,15421370.2072
1753507275641,05:21:15.641,bitget,ALGO/USDT:USDT,0.2691,25039.2,0.2692,9888.5,0.2689,58826181.2,15421370.2072
1753507276277,05:21:16.277,bitget,ALGO/USDT:USDT,0.2691,25039.2,0.2692,9888.5,0.2689,58826181.2,15421370.2072
1753507276768,05:21:16.768,bitget,ALGO/USDT:USDT,0.2691,25039.2,0.2692,9888.5,0.2689,58826181.2,15421370.2072
1753507277572,05:21:17.572,bitget,ALGO/USDT:USDT,0.2692,7360.7,0.2693,70000.1,0.2693,58826181.2,15421370.2072
1753507278235,05:21:18.235,bitget,ALGO/USDT:USDT,0.2692,7360.7,0.2693,70000.1,0.2693,58826181.2,15421370.2072
1753507278543,05:21:18.543,bitget,ALGO/USDT:USDT,0.2692,7360.7,0.2693,70000.1,0.2693,58826181.2,15421370.2072
1753507278858,05:21:18.858,bitget,ALGO/USDT:USDT,0.2692,9267.3,0.2693,55068.5,0.2693,58826181.2,15421370.2072
1753507279225,05:21:19.225,bitget,ALGO/USDT:USDT,0.2692,9267.3,0.2693,10172.1,0.2693,58826181.2,15421370.2072
1753507279592,05:21:19.592,bitget,ALGO/USDT:USDT,0.2692,19267.3,0.2693,10172.1,0.2693,58845958.2,15426695.02802
1753507279904,05:21:19.904,bitget,ALGO/USDT:USDT,0.2692,19267.3,0.2693,10172.1,0.2693,58845958.2,15426695.02802
1753507280260,05:21:20.260,bitget,ALGO/USDT:USDT,0.2692,9267.3,0.2693,10172.1,0.2693,58845958.2,15426695.02802
1753507280921,05:21:20.921,bitget,ALGO/USDT:USDT,0.2692,9267.3,0.2693,12043.4,0.2693,58845958.2,15426695.02802
1753507281239,05:21:21.239,bitget,ALGO/USDT:USDT,0.2692,25978.0,0.2693,5070.6,0.2693,58845958.2,15426695.02802
1753507281599,05:21:21.599,bitget,ALGO/USDT:USDT,0.2692,25978.0,0.2693,5070.6,0.2693,58845958.2,15426695.02802
1753507282005,05:21:22.005,bitget,ALGO/USDT:USDT,0.2692,25978.0,0.2693,5070.6,0.2693,58845958.2,15426695.02802
1753507282319,05:21:22.319,bitget,ALGO/USDT:USDT,0.2692,25978.0,0.2693,5070.6,0.2693,58845958.2,15426695.02802
1753507282628,05:21:22.628,bitget,ALGO/USDT:USDT,0.2692,31604.4,0.2693,5070.6,0.2693,58845958.2,15426695.02802
1753507282993,05:21:22.993,bitget,ALGO/USDT:USDT,0.2692,29733.1,0.2693,5070.6,0.2693,58845958.2,15426695.02802
1753507283318,05:21:23.318,bitget,ALGO/USDT:USDT,0.2692,29733.1,0.2693,5070.6,0.2693,58845958.2,15426695.02802
1753507283636,05:21:23.636,bitget,ALGO/USDT:USDT,0.2692,29733.1,0.2693,5070.6,0.2693,58845958.2,15426695.02802
1753507284071,05:21:24.071,bitget,ALGO/USDT:USDT,0.2692,31604.4,0.2693,5070.6,0.2693,58845958.2,15426695.02802
1753507285054,05:21:25.054,bitget,ALGO/USDT:USDT,0.2692,29733.1,0.2693,8054.3,0.2693,58826181.2,15421370.2072
1753507285796,05:21:25.796,bitget,ALGO/USDT:USDT,0.2692,29733.1,0.2693,8054.3,0.2693,58845958.2,15426695.02802
1753507286121,05:21:26.121,bitget,ALGO/USDT:USDT,0.2692,29733.1,0.2693,8054.3,0.2693,58845958.2,15426695.02802
1753507286540,05:21:26.540,bitget,ALGO/USDT:USDT,0.2692,29733.1,0.2693,12316.4,0.2693,58845958.2,15426695.02802
1753507286902,05:21:26.902,bitget,ALGO/USDT:USDT,0.2692,31604.4,0.2693,8054.3,0.2693,58845958.2,15426695.02802
1753507287216,05:21:27.216,bitget,ALGO/USDT:USDT,0.2692,31604.4,0.2693,8054.3,0.2693,58845958.2,15426695.02802
1753507287530,05:21:27.530,bitget,ALGO/USDT:USDT,0.2692,29733.1,0.2693,12316.4,0.2693,58845958.2,15426695.02802
1753507288198,05:21:28.198,bitget,ALGO/USDT:USDT,0.2692,15733.1,0.2693,8054.3,0.2693,58845958.2,15426695.02802
1753507288927,05:21:28.927,bitget,ALGO/USDT:USDT,0.2692,15733.1,0.2693,13153.5,0.2693,58845958.2,15426695.02802
1753507289276,05:21:29.276,bitget,ALGO/USDT:USDT,0.2692,15733.1,0.2693,15024.8,0.2693,58845958.2,15426695.02802
1753507289593,05:21:29.593,bitget,ALGO/USDT:USDT,0.2692,15733.1,0.2693,15024.8,0.2693,58845958.2,15426695.02802
1753507290234,05:21:30.234,bitget,ALGO/USDT:USDT,0.2691,20370.3,0.2692,4417.3,0.2693,58845958.2,15426695.02802
1753507290565,05:21:30.565,bitget,ALGO/USDT:USDT,0.2692,6244.4,0.2693,16808.8,0.2693,58863741.0,15431483.93606
1753507290875,05:21:30.875,bitget,ALGO/USDT:USDT,0.2691,20370.3,0.2693,20586.7,0.2693,58863741.0,15431483.93606
1753507291210,05:21:31.210,bitget,ALGO/USDT:USDT,0.2691,20370.3,0.2692,3409.7,0.2693,58863741.0,15431483.93606
1753507291974,05:21:31.974,bitget,ALGO/USDT:USDT,0.2691,6370.3,0.2692,19747.9,0.2693,58863741.0,15431483.93606
1753507292341,05:21:32.341,bitget,ALGO/USDT:USDT,0.2691,5522.2,0.2692,19747.9,0.2693,58863741.0,15431483.93606
1753507292678,05:21:32.678,bitget,ALGO/USDT:USDT,0.2691,8602.0,0.2693,16808.8,0.2692,58863741.0,15431483.93606
1753507293033,05:21:33.033,bitget,ALGO/USDT:USDT,0.2692,6244.4,0.2693,16808.8,0.2692,58863741.0,15431483.93606
1753507293666,05:21:33.666,bitget,ALGO/USDT:USDT,0.2692,6244.4,0.2693,16808.8,0.2692,58863741.0,15431483.93606
1753507294117,05:21:34.117,bitget,ALGO/USDT:USDT,0.2692,17244.4,0.2693,18715.4,0.2692,58845958.2,15426695.02802
1753507294665,05:21:34.665,bitget,ALGO/USDT:USDT,0.2692,17244.4,0.2693,18715.4,0.2692,58874353.4,15434340.79414
1753507294980,05:21:34.980,bitget,ALGO/USDT:USDT,0.2692,17244.4,0.2693,18715.4,0.2692,58874353.4,15434340.79414
1753507295406,05:21:35.406,bitget,ALGO/USDT:USDT,0.2692,17244.4,0.2693,18715.4,0.2692,58874353.4,15434340.79414
1753507295734,05:21:35.734,bitget,ALGO/USDT:USDT,0.2692,17244.4,0.2693,18715.4,0.2692,58874353.4,15434340.79414
1753507296058,05:21:36.058,bitget,ALGO/USDT:USDT,0.2692,6244.4,0.2693,35699.1,0.2692,58874353.4,15434340.79414
1753507296440,05:21:36.440,bitget,ALGO/USDT:USDT,0.2692,4337.8,0.2693,37570.4,0.2692,58874353.4,15434340.79414
1753507296861,05:21:36.861,bitget,ALGO/USDT:USDT,0.2691,6359.3,0.2692,17039.5,0.2692,58874353.4,15434340.79414
1753507297178,05:21:37.178,bitget,ALGO/USDT:USDT,0.2691,20359.3,0.2692,17039.5,0.2692,58874353.4,15434340.79414
1753507297488,05:21:37.488,bitget,ALGO/USDT:USDT,0.2691,20359.3,0.2692,19284.0,0.2692,58874353.4,15434340.79414
1753507297898,05:21:37.898,bitget,ALGO/USDT:USDT,0.2691,20359.3,0.2692,19284.0,0.2692,58874353.4,15434340.79414
1753507298213,05:21:38.213,bitget,ALGO/USDT:USDT,0.2691,22230.6,0.2692,4259.8,0.2692,58874353.4,15434340.79414
1753507298539,05:21:38.539,bitget,ALGO/USDT:USDT,0.2691,15592.8,0.2692,9390.9,0.2692,58874353.4,15434340.79414
1753507299069,05:21:39.069,bitget,ALGO/USDT:USDT,0.2691,17499.4,0.2692,18758.6,0.2692,58874353.4,15434340.79414
1753507299898,05:21:39.898,bitget,ALGO/USDT:USDT,0.2691,7837.2,0.2692,18758.6,0.2692,58874353.4,15434340.79414
1753507300825,05:21:40.825,bitget,ALGO/USDT:USDT,0.2691,7837.2,0.2692,18758.6,0.2692,58874353.4,15434340.79414
1753507301200,05:21:41.200,bitget,ALGO/USDT:USDT,0.2691,17837.2,0.2692,18758.6,0.2692,58874353.4,15434340.79414
1753507301586,05:21:41.586,bitget,ALGO/USDT:USDT,0.2691,17837.2,0.2692,18758.6,0.2692,58874353.4,15434340.79414
1753507301926,05:21:41.926,bitget,ALGO/USDT:USDT,0.2691,17837.2,0.2692,18758.6,0.2692,58874353.4,15434340.79414
1753507302235,05:21:42.235,bitget,ALGO/USDT:USDT,0.2691,17837.2,0.2692,18758.6,0.2692,58874353.4,15434340.79414
1753507302550,05:21:42.550,bitget,ALGO/USDT:USDT,0.2691,17837.2,0.2692,18758.6,0.2692,58874353.4,15434340.79414
1753507302913,05:21:42.913,bitget,ALGO/USDT:USDT,0.2691,17837.2,0.2692,18758.6,0.2692,58874353.4,15434340.79414
1753507303227,05:21:43.227,bitget,ALGO/USDT:USDT,0.2691,17837.2,0.2692,18758.6,0.2692,58874353.4,15434340.79414
1753507303550,05:21:43.550,bitget,ALGO/USDT:USDT,0.2691,17837.2,0.2692,18758.6,0.2692,58874353.4,15434340.79414
1753507304011,05:21:44.011,bitget,ALGO/USDT:USDT,0.2691,17837.2,0.2692,18758.6,0.2692,58874353.4,15434340.79414
1753507304676,05:21:44.676,bitget,ALGO/USDT:USDT,0.2691,17837.2,0.2692,18758.6,0.2692,58874353.4,15434340.79414
1753507304998,05:21:44.998,bitget,ALGO/USDT:USDT,0.2691,17837.2,0.2692,18758.6,0.2692,58874353.4,15434340.79414
1753507305659,05:21:45.659,bitget,ALGO/USDT:USDT,0.2691,7837.2,0.2692,18758.6,0.2692,58874353.4,15434340.79414
1753507305968,05:21:45.968,bitget,ALGO/USDT:USDT,0.2691,21837.2,0.2692,5128.8,0.2692,58874353.4,15434340.79414
1753507306348,05:21:46.348,bitget,ALGO/USDT:USDT,0.2691,21837.2,0.2692,9390.9,0.2692,58874353.4,15434340.79414
1753507306673,05:21:46.673,bitget,ALGO/USDT:USDT,0.2691,21837.2,0.2692,9390.9,0.2692,58874353.4,15434340.79414
1753507306994,05:21:46.994,bitget,ALGO/USDT:USDT,0.2691,21837.2,0.2692,9390.9,0.2692,58874353.4,15434340.79414
1753507307302,05:21:47.302,bitget,ALGO/USDT:USDT,0.2691,21837.2,0.2692,9390.9,0.2692,58874353.4,15434340.79414
1753507307638,05:21:47.638,bitget,ALGO/USDT:USDT,0.2691,21837.2,0.2692,9390.9,0.2692,58874353.4,15434340.79414
1753507307968,05:21:47.968,bitget,ALGO/USDT:USDT,0.2691,21837.2,0.2692,9390.9,0.2692,58874353.4,15434340.79414
1753507308278,05:21:48.278,bitget,ALGO/USDT:USDT,0.2691,21837.2,0.2692,9390.9,0.2692,58874353.4,15434340.79414
1753507308614,05:21:48.614,bitget,ALGO/USDT:USDT,0.2691,23708.5,0.2692,5128.8,0.2692,58874353.4,15434340.79414
1753507308964,05:21:48.964,bitget,ALGO/USDT:USDT,0.2691,23708.5,0.2692,9390.9,0.2692,58874353.4,15434340.79414
1753507309277,05:21:49.277,bitget,ALGO/USDT:USDT,0.2691,23708.5,0.2692,9390.9,0.2692,58874353.4,15434340.79414
1753507309619,05:21:49.619,bitget,ALGO/USDT:USDT,0.2691,23708.5,0.2692,9390.9,0.2692,58874353.4,15434340.79414
1753507310329,05:21:50.329,bitget,ALGO/USDT:USDT,0.2691,23708.5,0.2692,9390.9,0.2692,58874353.4,15434340.79414
1753507310653,05:21:50.653,bitget,ALGO/USDT:USDT,0.2691,23708.5,0.2692,9390.9,0.2692,58874353.4,15434340.79414
1753507310976,05:21:50.976,bitget,ALGO/USDT:USDT,0.2691,21837.2,0.2692,9390.9,0.2692,58874353.4,15434340.79414
1753507311338,05:21:51.338,bitget,ALGO/USDT:USDT,0.2691,21837.2,0.2692,9390.9,0.2692,58874353.4,15434340.79414
1753507311978,05:21:51.978,bitget,ALGO/USDT:USDT,0.2691,21837.2,0.2692,9390.9,0.2692,58874353.4,15434340.79414
1753507312323,05:21:52.323,bitget,ALGO/USDT:USDT,0.2691,21837.2,0.2692,9390.9,0.2692,58874353.4,15434340.79414
1753507313144,05:21:53.144,bitget,ALGO/USDT:USDT,0.2691,21837.2,0.2692,9390.9,0.2692,58874353.4,15434340.79414
1753507313462,05:21:53.462,bitget,ALGO/USDT:USDT,0.2691,21837.2,0.2692,9390.9,0.2692,58874353.4,15434340.79414
1753507313847,05:21:53.847,bitget,ALGO/USDT:USDT,0.2691,21837.2,0.2692,9390.9,0.2692,58874353.4,15434340.79414
1753507314197,05:21:54.197,bitget,ALGO/USDT:USDT,0.2691,21837.2,0.2692,9390.9,0.2692,58874353.4,15434340.79414
1753507314510,05:21:54.510,bitget,ALGO/USDT:USDT,0.2691,21837.2,0.2692,9390.9,0.2692,58874353.4,15434340.79414
1753507314831,05:21:54.831,bitget,ALGO/USDT:USDT,0.2691,21837.2,0.2692,9390.9,0.2692,58874353.4,15434340.79414
1753507315173,05:21:55.173,bitget,ALGO/USDT:USDT,0.2691,21837.2,0.2692,9390.9,0.2692,58874353.4,15434340.79414
1753507315495,05:21:55.495,bitget,ALGO/USDT:USDT,0.2691,21837.2,0.2692,9390.9,0.2692,58874353.4,15434340.79414
1753507315810,05:21:55.810,bitget,ALGO/USDT:USDT,0.2691,21837.2,0.2692,9390.9,0.2692,58874353.4,15434340.79414
1753507316187,05:21:56.187,bitget,ALGO/USDT:USDT,0.2691,21837.2,0.2692,9390.9,0.2692,58874353.4,15434340.79414
1753507316545,05:21:56.545,bitget,ALGO/USDT:USDT,0.2691,21837.2,0.2692,9390.9,0.2692,58874353.4,15434340.79414
1753507316853,05:21:56.853,bitget,ALGO/USDT:USDT,0.2691,20244.4,0.2692,18758.6,0.2692,58874353.4,15434340.79414
1753507317166,05:21:57.166,bitget,ALGO/USDT:USDT,0.2691,6244.4,0.2692,18758.6,0.2692,58874353.4,15434340.79414
1753507317511,05:21:57.511,bitget,ALGO/USDT:USDT,0.2691,6244.4,0.2692,18758.6,0.2692,58874353.4,15434340.79414
1753507317906,05:21:57.906,bitget,ALGO/USDT:USDT,0.2691,20244.4,0.2692,18758.6,0.2692,58874353.4,15434340.79414
1753507318214,05:21:58.214,bitget,ALGO/USDT:USDT,0.2691,20244.4,0.2692,18758.6,0.2692,58874353.4,15434340.79414
1753507318584,05:21:58.584,bitget,ALGO/USDT:USDT,0.2691,20244.4,0.2692,18758.6,0.2692,58874353.4,15434340.79414
1753507318998,05:21:58.998,bitget,ALGO/USDT:USDT,0.2691,20244.4,0.2692,18758.6,0.2692,58874353.4,15434340.79414
1753507319546,05:21:59.546,bitget,ALGO/USDT:USDT,0.2691,20244.4,0.2692,18758.6,0.2692,58874353.4,15434340.79414
1753507319884,05:21:59.884,bitget,ALGO/USDT:USDT,0.2691,20244.4,0.2692,18758.6,0.2692,58874353.4,15434340.79414
1753507320279,05:22:00.279,bitget,ALGO/USDT:USDT,0.2691,20244.4,0.2692,18758.6,0.2692,58874353.4,15434340.79414
1753507320622,05:22:00.622,bitget,ALGO/USDT:USDT,0.2691,20244.4,0.2692,18758.6,0.2692,58843753.8,15426441.12808
1753507321668,05:22:01.668,bitget,ALGO/USDT:USDT,0.2691,24975.6,0.2692,5128.8,0.2692,58843753.8,15426441.12808
1753507322423,05:22:02.423,bitget,ALGO/USDT:USDT,0.2692,7115.6,0.2693,16808.8,0.2692,58843753.8,15426441.12808
1753507323156,05:22:03.156,bitget,ALGO/USDT:USDT,0.2692,7115.6,0.2693,16808.8,0.2692,58843753.8,15426441.12808
1753507324128,05:22:04.128,bitget,ALGO/USDT:USDT,0.2692,21115.6,0.2693,16808.8,0.2692,58843753.8,15426441.12808
1753507325163,05:22:05.163,bitget,ALGO/USDT:USDT,0.2692,21115.6,0.2693,16808.8,0.2692,58843753.8,15426441.12808
1753507325567,05:22:05.567,bitget,ALGO/USDT:USDT,0.2692,26742.0,0.2693,7441.1,0.2692,58874353.4,15434340.79414
1753507326350,05:22:06.350,bitget,ALGO/USDT:USDT,0.2692,26742.0,0.2693,7441.1,0.2692,58843753.8,15426441.12808
1753507326661,05:22:06.661,bitget,ALGO/USDT:USDT,0.2692,26742.0,0.2693,7441.1,0.2692,58843753.8,15426441.12808
1753507326973,05:22:06.973,bitget,ALGO/USDT:USDT,0.2692,26742.0,0.2693,7441.1,0.2692,58843753.8,15426441.12808
1753507327315,05:22:07.315,bitget,ALGO/USDT:USDT,0.2692,26742.0,0.2693,7441.1,0.2692,58843753.8,15426441.12808
1753507327964,05:22:07.964,bitget,ALGO/USDT:USDT,0.2692,28613.3,0.2693,2341.9,0.2692,58843753.8,15426441.12808
1753507328364,05:22:08.364,bitget,ALGO/USDT:USDT,0.2693,21104.1,0.2694,59898.3,0.2692,58843753.8,15426441.12808
1753507328767,05:22:08.767,bitget,ALGO/USDT:USDT,0.2693,21104.1,0.2694,59898.3,0.2692,58843753.8,15426441.12808
1753507329072,05:22:09.072,bitget,ALGO/USDT:USDT,0.2693,21104.1,0.2694,59898.3,0.2692,58843753.8,15426441.12808
1753507329388,05:22:09.388,bitget,ALGO/USDT:USDT,0.2693,21104.1,0.2694,61804.9,0.2692,58843753.8,15426441.12808
1753507330367,05:22:10.367,bitget,ALGO/USDT:USDT,0.2693,21104.1,0.2694,61804.9,0.2692,58843753.8,15426441.12808
1753507330775,05:22:10.775,bitget,ALGO/USDT:USDT,0.2693,31461.7,0.2694,5626.4,0.2692,58843753.8,15426441.12808
1753507331138,05:22:11.138,bitget,ALGO/USDT:USDT,0.2693,26730.5,0.2694,9888.5,0.2692,58843753.8,15426441.12808
1753507331454,05:22:11.454,bitget,ALGO/USDT:USDT,0.2693,26730.5,0.2694,9888.5,0.2692,58843753.8,15426441.12808
1753507331766,05:22:11.766,bitget,ALGO/USDT:USDT,0.2693,7104.1,0.2694,21127.5,0.2692,58843753.8,15426441.12808
1753507332751,05:22:12.751,bitget,ALGO/USDT:USDT,0.2693,7104.1,0.2694,19256.2,0.2692,58843753.8,15426441.12808
1753507333480,05:22:13.480,bitget,ALGO/USDT:USDT,0.2693,21104.1,0.2694,19256.2,0.2692,58843753.8,15426441.12808
1753507333794,05:22:13.794,bitget,ALGO/USDT:USDT,0.2693,21104.1,0.2694,19256.2,0.2692,58843753.8,15426441.12808
1753507334103,05:22:14.103,bitget,ALGO/USDT:USDT,0.2693,21104.1,0.2694,19256.2,0.2692,58843753.8,15426441.12808
1753507334430,05:22:14.430,bitget,ALGO/USDT:USDT,0.2693,12380.1,0.2694,19256.2,0.2692,58843753.8,15426441.12808
1753507334766,05:22:14.766,bitget,ALGO/USDT:USDT,0.2693,22380.1,0.2694,19256.2,0.2692,58843753.8,15426441.12808
1753507335079,05:22:15.079,bitget,ALGO/USDT:USDT,0.2693,7104.1,0.2694,19256.2,0.2692,58843753.8,15426441.12808
1753507335396,05:22:15.396,bitget,ALGO/USDT:USDT,0.2693,7104.1,0.2694,19256.2,0.2692,58843753.8,15426441.12808
1753507335811,05:22:15.811,bitget,ALGO/USDT:USDT,0.2693,21104.1,0.2694,19256.2,0.2692,58843753.8,15426441.12808
1753507336475,05:22:16.475,bitget,ALGO/USDT:USDT,0.2693,21104.1,0.2694,19256.2,0.2692,58843753.8,15426441.12808
1753507337444,05:22:17.444,bitget,ALGO/USDT:USDT,0.2693,21104.1,0.2694,19256.2,0.2692,58843753.8,15426441.12808
1753507337752,05:22:17.752,bitget,ALGO/USDT:USDT,0.2693,21104.1,0.2694,19256.2,0.2692,58843753.8,15426441.12808
1753507338146,05:22:18.146,bitget,ALGO/USDT:USDT,0.2693,21104.1,0.2694,19256.2,0.2692,58843753.8,15426441.12808
1753507339296,05:22:19.296,bitget,ALGO/USDT:USDT,0.2693,21104.1,0.2694,19256.2,0.2692,58843753.8,15426441.12808
1753507339660,05:22:19.660,bitget,ALGO/USDT:USDT,0.2693,21104.1,0.2694,19256.2,0.2692,58843753.8,15426441.12808
1753507339992,05:22:19.992,bitget,ALGO/USDT:USDT,0.2693,21104.1,0.2694,19256.2,0.2692,58843753.8,15426441.12808
1753507340330,05:22:20.330,bitget,ALGO/USDT:USDT,0.2693,21104.1,0.2694,19256.2,0.2692,58843753.8,15426441.12808
1753507340743,05:22:20.743,bitget,ALGO/USDT:USDT,0.2693,21104.1,0.2694,19256.2,0.2692,58843753.8,15426441.12808
1753507341438,05:22:21.438,bitget,ALGO/USDT:USDT,0.2693,21104.1,0.2694,19256.2,0.2692,58843753.8,15426441.12808
1753507342190,05:22:22.190,bitget,ALGO/USDT:USDT,0.2693,21104.1,0.2694,19256.2,0.2692,58843753.8,15426441.12808
1753507342840,05:22:22.840,bitget,ALGO/USDT:USDT,0.2693,21104.1,0.2694,19256.2,0.2692,58843753.8,15426441.12808
1753507343220,05:22:23.220,bitget,ALGO/USDT:USDT,0.2693,31111.3,0.2694,5626.4,0.2692,58843753.8,15426441.12808
1753507343733,05:22:23.733,bitget,ALGO/USDT:USDT,0.2694,21105.4,0.2695,6506.1,0.2692,58843753.8,15426441.12808
1753507344781,05:22:24.781,bitget,ALGO/USDT:USDT,0.2693,22042.3,0.2694,9540.4,0.2692,58843753.8,15426441.12808
1753507345335,05:22:25.335,bitget,ALGO/USDT:USDT,0.2693,22042.3,0.2694,9540.4,0.2692,58843753.8,15426441.12808
1753507345706,05:22:25.706,bitget,ALGO/USDT:USDT,0.2693,24902.2,0.2694,7508.2,0.2692,58843753.8,15426441.12808
1753507346050,05:22:26.050,bitget,ALGO/USDT:USDT,0.2693,24902.2,0.2694,7508.2,0.2692,58843753.8,15426441.12808
1753507346375,05:22:26.375,bitget,ALGO/USDT:USDT,0.2693,24902.2,0.2694,7508.2,0.2692,58843753.8,15426441.12808
1753507346728,05:22:26.728,bitget,ALGO/USDT:USDT,0.2693,24902.2,0.2694,7508.2,0.2692,58843753.8,15426441.12808
1753507347107,05:22:27.107,bitget,ALGO/USDT:USDT,0.2693,24902.2,0.2694,7508.2,0.2692,58843753.8,15426441.12808
1753507347429,05:22:27.429,bitget,ALGO/USDT:USDT,0.2693,24902.2,0.2694,7508.2,0.2692,58843753.8,15426441.12808
1753507347749,05:22:27.749,bitget,ALGO/USDT:USDT,0.2693,24902.2,0.2694,7508.2,0.2692,58843753.8,15426441.12808
1753507348094,05:22:28.094,bitget,ALGO/USDT:USDT,0.2693,24902.2,0.2694,7508.2,0.2692,58843753.8,15426441.12808
1753507348553,05:22:28.553,bitget,ALGO/USDT:USDT,0.2693,24902.2,0.2694,7508.2,0.2692,58843753.8,15426441.12808
1753507349283,05:22:29.283,bitget,ALGO/USDT:USDT,0.2693,24902.2,0.2694,7508.2,0.2692,58843753.8,15426441.12808
1753507349952,05:22:29.952,bitget,ALGO/USDT:USDT,0.2693,24902.2,0.2694,7508.2,0.2692,58843753.8,15426441.12808
1753507350267,05:22:30.267,bitget,ALGO/USDT:USDT,0.2693,24902.2,0.2694,7508.2,0.2692,58843753.8,15426441.12808
1753507350711,05:22:30.711,bitget,ALGO/USDT:USDT,0.2693,8042.3,0.2694,21379.5,0.2692,58843753.8,15426441.12808
1753507351207,05:22:31.207,bitget,ALGO/USDT:USDT,0.2693,8042.3,0.2694,21379.5,0.2692,58843753.8,15426441.12808
1753507352065,05:22:32.065,bitget,ALGO/USDT:USDT,0.2693,7182.6,0.2694,16875.9,0.2692,58843753.8,15426441.12808
1753507352448,05:22:32.448,bitget,ALGO/USDT:USDT,0.2693,7182.6,0.2694,16875.9,0.2692,58843753.8,15426441.12808
1753507352813,05:22:32.813,bitget,ALGO/USDT:USDT,0.2693,7182.6,0.2694,16875.9,0.2692,58843753.8,15426441.12808
1753507353142,05:22:33.142,bitget,ALGO/USDT:USDT,0.2693,7182.6,0.2694,16875.9,0.2692,58843753.8,15426441.12808
1753507353666,05:22:33.666,bitget,ALGO/USDT:USDT,0.2693,11913.8,0.2694,16875.9,0.2692,58843753.8,15426441.12808
1753507353990,05:22:33.990,bitget,ALGO/USDT:USDT,0.2693,11913.8,0.2694,16875.9,0.2692,58843753.8,15426441.12808
1753507354303,05:22:34.303,bitget,ALGO/USDT:USDT,0.2693,11913.8,0.2694,16875.9,0.2692,58843753.8,15426441.12808
1753507354688,05:22:34.688,bitget,ALGO/USDT:USDT,0.2693,24042.5,0.2694,16875.9,0.2692,58843753.8,15426441.12808
1753507355032,05:22:35.032,bitget,ALGO/USDT:USDT,0.2693,25913.8,0.2694,16875.9,0.2692,58843753.8,15426441.12808
1753507355366,05:22:35.366,bitget,ALGO/USDT:USDT,0.2693,24042.5,0.2694,16875.9,0.2692,58843753.8,15426441.12808
1753507355682,05:22:35.682,bitget,ALGO/USDT:USDT,0.2693,24042.5,0.2694,16875.9,0.2692,58843753.8,15426441.12808
1753507356050,05:22:36.050,bitget,ALGO/USDT:USDT,0.2692,22053.8,0.2693,14466.8,0.2692,58843753.8,15426441.12808
1753507356411,05:22:36.411,bitget,ALGO/USDT:USDT,0.2692,22053.8,0.2693,14466.8,0.2692,58843753.8,15426441.12808
1753507356933,05:22:36.933,bitget,ALGO/USDT:USDT,0.2692,22053.8,0.2693,14466.8,0.2692,58843753.8,15426441.12808
1753507357381,05:22:37.381,bitget,ALGO/USDT:USDT,0.2692,22053.8,0.2693,14466.8,0.2692,58843753.8,15426441.12808
1753507358190,05:22:38.190,bitget,ALGO/USDT:USDT,0.2692,22053.8,0.2693,14466.8,0.2692,58843753.8,15426441.12808
1753507358528,05:22:38.528,bitget,ALGO/USDT:USDT,0.2692,22053.8,0.2694,25879.9,0.2692,58843753.8,15426441.12808
1753507358930,05:22:38.930,bitget,ALGO/USDT:USDT,0.2692,22053.8,0.2694,24008.6,0.2692,58843753.8,15426441.12808
1753507359300,05:22:39.300,bitget,ALGO/USDT:USDT,0.2692,22053.8,0.2694,24008.6,0.2692,58843753.8,15426441.12808
1753507359625,05:22:39.625,bitget,ALGO/USDT:USDT,0.2693,4337.8,0.2694,24008.6,0.2692,58843753.8,15426441.12808
1753507359988,05:22:39.988,bitget,ALGO/USDT:USDT,0.2693,4337.8,0.2694,24008.6,0.2692,58843753.8,15426441.12808
1753507360408,05:22:40.408,bitget,ALGO/USDT:USDT,0.2693,4337.8,0.2694,25879.9,0.2692,58843753.8,15426441.12808
1753507360725,05:22:40.725,bitget,ALGO/USDT:USDT,0.2693,4337.8,0.2694,25879.9,0.2692,58843753.8,15426441.12808
1753507361099,05:22:41.099,bitget,ALGO/USDT:USDT,0.2693,9962.3,0.2694,9342.0,0.2692,58843753.8,15426441.12808
1753507361962,05:22:41.962,bitget,ALGO/USDT:USDT,0.2693,25833.6,0.2694,9342.0,0.2692,58843753.8,15426441.12808
1753507362280,05:22:42.280,bitget,ALGO/USDT:USDT,0.2693,31460.0,0.2694,9342.0,0.2692,58843753.8,15426441.12808
1753507362619,05:22:42.619,bitget,ALGO/USDT:USDT,0.2693,29588.7,0.2694,9342.0,0.2692,58843753.8,15426441.12808
1753507362962,05:22:42.962,bitget,ALGO/USDT:USDT,0.2693,31460.0,0.2694,9342.0,0.2692,58843753.8,15426441.12808
1753507363283,05:22:43.283,bitget,ALGO/USDT:USDT,0.2693,29588.7,0.2694,9342.0,0.2692,58843753.8,15426441.12808
1753507363599,05:22:43.599,bitget,ALGO/USDT:USDT,0.2693,29588.7,0.2694,9342.0,0.2692,58843753.8,15426441.12808
1753507364397,05:22:44.397,bitget,ALGO/USDT:USDT,0.2693,29588.7,0.2694,9342.0,0.2692,58843753.8,15426441.12808
1753507364767,05:22:44.767,bitget,ALGO/USDT:USDT,0.2693,31460.0,0.2695,78409.4,0.2692,58843753.8,15426441.12808
1753507365078,05:22:45.078,bitget,ALGO/USDT:USDT,0.2694,5195.8,0.2695,60065.4,0.2692,58843753.8,15426441.12808
1753507365488,05:22:45.488,bitget,ALGO/USDT:USDT,0.2694,4337.8,0.2695,61972.0,0.2692,58843753.8,15426441.12808
1753507365799,05:22:45.799,bitget,ALGO/USDT:USDT,0.2694,4337.8,0.2695,61972.0,0.2692,58843753.8,15426441.12808
1753507366110,05:22:46.110,bitget,ALGO/USDT:USDT,0.2694,4337.8,0.2695,61972.0,0.2692,58843753.8,15426441.12808
1753507366546,05:22:46.546,bitget,ALGO/USDT:USDT,0.2694,4337.8,0.2695,61972.0,0.2692,58843753.8,15426441.12808
1753507366924,05:22:46.924,bitget,ALGO/USDT:USDT,0.2694,4337.8,0.2695,63843.3,0.2692,58843753.8,15426441.12808
1753507367238,05:22:47.238,bitget,ALGO/USDT:USDT,0.2694,4337.8,0.2695,63843.3,0.2692,58843753.8,15426441.12808
1753507367552,05:22:47.552,bitget,ALGO/USDT:USDT,0.2694,4337.8,0.2695,61972.0,0.2692,58843753.8,15426441.12808
1753507367886,05:22:47.886,bitget,ALGO/USDT:USDT,0.2694,4337.8,0.2695,61972.0,0.2692,58843753.8,15426441.12808
1753507368197,05:22:48.197,bitget,ALGO/USDT:USDT,0.2694,4337.8,0.2695,61972.0,0.2692,58843753.8,15426441.12808
1753507368506,05:22:48.506,bitget,ALGO/USDT:USDT,0.2694,4337.8,0.2695,61972.0,0.2692,58843753.8,15426441.12808
1753507368829,05:22:48.829,bitget,ALGO/USDT:USDT,0.2693,8391.0,0.2694,8679.4,0.2692,58843753.8,15426441.12808
1753507369165,05:22:49.165,bitget,ALGO/USDT:USDT,0.2693,21391.0,0.2694,9510.6,0.2692,58843753.8,15426441.12808
1753507369503,05:22:49.503,bitget,ALGO/USDT:USDT,0.2693,21391.0,0.2694,9510.6,0.2692,58843753.8,15426441.12808
1753507369812,05:22:49.812,bitget,ALGO/USDT:USDT,0.2693,21391.0,0.2694,9510.6,0.2692,58843753.8,15426441.12808
1753507370127,05:22:50.127,bitget,ALGO/USDT:USDT,0.2693,8391.0,0.2694,18878.3,0.2692,58843753.8,15426441.12808
1753507370477,05:22:50.477,bitget,ALGO/USDT:USDT,0.2693,8391.0,0.2694,20749.6,0.2692,58843753.8,15426441.12808
1753507370785,05:22:50.785,bitget,ALGO/USDT:USDT,0.2693,8391.0,0.2694,20749.6,0.2692,58843753.8,15426441.12808
1753507371098,05:22:51.098,bitget,ALGO/USDT:USDT,0.2693,8391.0,0.2694,18878.3,0.2692,58843753.8,15426441.12808
1753507371487,05:22:51.487,bitget,ALGO/USDT:USDT,0.2693,8391.0,0.2694,18878.3,0.2692,58843753.8,15426441.12808
1753507371943,05:22:51.943,bitget,ALGO/USDT:USDT,0.2693,8391.0,0.2694,23597.8,0.2692,58843753.8,15426441.12808
1753507372981,05:22:52.981,bitget,ALGO/USDT:USDT,0.2693,8391.0,0.2694,23597.8,0.2692,58843753.8,15426441.12808
1753507373290,05:22:53.290,bitget,ALGO/USDT:USDT,0.2693,8391.0,0.2694,23597.8,0.2692,58843753.8,15426441.12808
1753507373596,05:22:53.596,bitget,ALGO/USDT:USDT,0.2693,8391.0,0.2694,23597.8,0.2692,58843753.8,15426441.12808
1753507373966,05:22:53.966,bitget,ALGO/USDT:USDT,0.2693,7533.0,0.2694,25469.1,0.2692,58843753.8,15426441.12808
1753507374404,05:22:54.404,bitget,ALGO/USDT:USDT,0.2693,7533.0,0.2694,37597.8,0.2692,58843753.8,15426441.12808
1753507374913,05:22:54.913,bitget,ALGO/USDT:USDT,0.2693,7533.0,0.2694,37597.8,0.2692,58843753.8,15426441.12808
1753507375250,05:22:55.250,bitget,ALGO/USDT:USDT,0.2693,7533.0,0.2694,37597.8,0.2692,58843753.8,15426441.12808
1753507375588,05:22:55.588,bitget,ALGO/USDT:USDT,0.2693,7533.0,0.2694,37597.8,0.2692,58843753.8,15426441.12808
1753507375899,05:22:55.899,bitget,ALGO/USDT:USDT,0.2693,7533.0,0.2694,37597.8,0.2692,58843753.8,15426441.12808
1753507376226,05:22:56.226,bitget,ALGO/USDT:USDT,0.2693,7533.0,0.2694,39469.1,0.2692,58843753.8,15426441.12808
1753507376652,05:22:56.652,bitget,ALGO/USDT:USDT,0.2693,7533.0,0.2694,37597.8,0.2692,58843753.8,15426441.12808
1753507377131,05:22:57.131,bitget,ALGO/USDT:USDT,0.2693,7533.0,0.2694,37597.8,0.2692,58843753.8,15426441.12808
1753507378037,05:22:58.037,bitget,ALGO/USDT:USDT,0.2693,7533.0,0.2694,37597.8,0.2692,58843753.8,15426441.12808
1753507378390,05:22:58.390,bitget,ALGO/USDT:USDT,0.2693,7533.0,0.2694,37597.8,0.2692,58843753.8,15426441.12808
1753507378702,05:22:58.702,bitget,ALGO/USDT:USDT,0.2693,7533.0,0.2694,23597.8,0.2692,58843753.8,15426441.12808
1753507379105,05:22:59.105,bitget,ALGO/USDT:USDT,0.2693,7533.0,0.2694,23597.8,0.2692,58843753.8,15426441.12808
1753507379481,05:22:59.481,bitget,ALGO/USDT:USDT,0.2693,7533.0,0.2694,23597.8,0.2692,58843753.8,15426441.12808
1753507379797,05:22:59.797,bitget,ALGO/USDT:USDT,0.2693,7533.0,0.2694,23597.8,0.2692,58843753.8,15426441.12808
1753507380217,05:23:00.217,bitget,ALGO/USDT:USDT,0.2693,7533.0,0.2694,23597.8,0.2692,58843753.8,15426441.12808
1753507380768,05:23:00.768,bitget,ALGO/USDT:USDT,0.2693,13109.0,0.2694,18349.3,0.2692,58809982.6,15417716.3874
1753507381481,05:23:01.481,bitget,ALGO/USDT:USDT,0.2694,5182.6,0.2695,59568.2,0.2692,58809982.6,15417716.3874
1753507381860,05:23:01.860,bitget,ALGO/USDT:USDT,0.2694,5182.6,0.2695,59568.2,0.2692,58809982.6,15417716.3874
1753507382246,05:23:02.246,bitget,ALGO/USDT:USDT,0.2694,4337.8,0.2695,59568.2,0.2692,58809982.6,15417716.3874
1753507382613,05:23:02.613,bitget,ALGO/USDT:USDT,0.2694,4337.8,0.2695,59568.2,0.2692,58809982.6,15417716.3874
1753507382967,05:23:02.967,bitget,ALGO/USDT:USDT,0.2694,4337.8,0.2695,59568.2,0.2692,58809982.6,15417716.3874
1753507383779,05:23:03.779,bitget,ALGO/USDT:USDT,0.2694,4337.8,0.2695,59568.2,0.2692,58809982.6,15417716.3874
1753507384093,05:23:04.093,bitget,ALGO/USDT:USDT,0.2694,4337.8,0.2695,59568.2,0.2692,58809982.6,15417716.3874
1753507384432,05:23:04.432,bitget,ALGO/USDT:USDT,0.2694,4337.8,0.2695,59568.2,0.2692,58809982.6,15417716.3874
1753507384822,05:23:04.822,bitget,ALGO/USDT:USDT,0.2694,4337.8,0.2695,59568.2,0.2692,58809982.6,15417716.3874
1753507385158,05:23:05.158,bitget,ALGO/USDT:USDT,0.2694,4337.8,0.2695,59568.2,0.2692,58809982.6,15417716.3874
1753507385474,05:23:05.474,bitget,ALGO/USDT:USDT,0.2694,4337.8,0.2695,61439.5,0.2692,58809982.6,15417716.3874
1753507386129,05:23:06.129,bitget,ALGO/USDT:USDT,0.2694,4337.8,0.2695,59568.2,0.2692,58809982.6,15417716.3874
1753507386439,05:23:06.439,bitget,ALGO/USDT:USDT,0.2694,4337.8,0.2695,61439.5,0.2692,58809982.6,15417716.3874
1753507386751,05:23:06.751,bitget,ALGO/USDT:USDT,0.2694,4337.8,0.2695,59568.2,0.2692,58809982.6,15417716.3874
1753507387224,05:23:07.224,bitget,ALGO/USDT:USDT,0.2694,4337.8,0.2695,61439.5,0.2692,58843753.8,15426441.12808
1753507387926,05:23:07.926,bitget,ALGO/USDT:USDT,0.2694,5206.2,0.2695,59568.2,0.2692,58809982.6,15417716.3874
1753507388241,05:23:08.241,bitget,ALGO/USDT:USDT,0.2694,4337.8,0.2695,59568.2,0.2692,58809982.6,15417716.3874
1753507388587,05:23:08.587,bitget,ALGO/USDT:USDT,0.2694,4337.8,0.2695,61439.5,0.2692,58809982.6,15417716.3874
1753507389641,05:23:09.641,bitget,ALGO/USDT:USDT,0.2694,4337.8,0.2695,59568.2,0.2692,58809982.6,15417716.3874
1753507390331,05:23:10.331,bitget,ALGO/USDT:USDT,0.2694,4337.8,0.2695,59568.2,0.2692,58809982.6,15417716.3874
1753507390640,05:23:10.640,bitget,ALGO/USDT:USDT,0.2694,4337.8,0.2695,61439.5,0.2692,58809982.6,15417716.3874
1753507390960,05:23:10.960,bitget,ALGO/USDT:USDT,0.2694,4337.8,0.2695,59568.2,0.2692,58809982.6,15417716.3874
1753507391291,05:23:11.291,bitget,ALGO/USDT:USDT,0.2694,4337.8,0.2695,59568.2,0.2692,58809982.6,15417716.3874
1753507391602,05:23:11.602,bitget,ALGO/USDT:USDT,0.2694,4337.8,0.2695,59568.2,0.2692,58809982.6,15417716.3874
1753507391936,05:23:11.936,bitget,ALGO/USDT:USDT,0.2694,4337.8,0.2695,59568.2,0.2692,58809982.6,15417716.3874
1753507392455,05:23:12.455,bitget,ALGO/USDT:USDT,0.2694,4337.8,0.2695,59568.2,0.2692,58809982.6,15417716.3874
1753507392844,05:23:12.844,bitget,ALGO/USDT:USDT,0.2693,8377.8,0.2694,4262.1,0.2692,58809982.6,15417716.3874
1753507393157,05:23:13.157,bitget,ALGO/USDT:USDT,0.2693,22377.8,0.2694,5130.5,0.2692,58809982.6,15417716.3874
1753507393481,05:23:13.481,bitget,ALGO/USDT:USDT,0.2693,8377.8,0.2694,5130.5,0.2692,58809982.6,15417716.3874
1753507393819,05:23:13.819,bitget,ALGO/USDT:USDT,0.2693,8377.8,0.2694,5130.5,0.2692,58809982.6,15417716.3874
1753507394130,05:23:14.130,bitget,ALGO/USDT:USDT,0.2693,18377.8,0.2694,5130.5,0.2692,58809982.6,15417716.3874
1753507394450,05:23:14.450,bitget,ALGO/USDT:USDT,0.2693,8377.8,0.2694,5130.5,0.2692,58809982.6,15417716.3874
1753507395023,05:23:15.023,bitget,ALGO/USDT:USDT,0.2693,8377.8,0.2694,17130.5,0.2692,58809982.6,15417716.3874
1753507395722,05:23:15.722,bitget,ALGO/USDT:USDT,0.2693,8377.8,0.2694,17130.5,0.2692,58809982.6,15417716.3874
1753507396688,05:23:16.688,bitget,ALGO/USDT:USDT,0.2693,21109.0,0.2694,5130.5,0.2692,58809982.6,15417716.3874
1753507397510,05:23:17.510,bitget,ALGO/USDT:USDT,0.2693,27109.0,0.2694,5130.5,0.2692,58809982.6,15417716.3874
1753507398468,05:23:18.468,bitget,ALGO/USDT:USDT,0.2693,27109.0,0.2694,5130.5,0.2692,58809982.6,15417716.3874
1753507399267,05:23:19.267,bitget,ALGO/USDT:USDT,0.2693,40676.7,0.2695,92860.1,0.2692,58809982.6,15417716.3874
1753507399624,05:23:19.624,bitget,ALGO/USDT:USDT,0.2694,19171.0,0.2695,57661.6,0.2692,58809982.6,15417716.3874
1753507400355,05:23:20.355,bitget,ALGO/USDT:USDT,0.2694,19171.0,0.2695,57661.6,0.2692,58809982.6,15417716.3874
1753507400723,05:23:20.723,bitget,ALGO/USDT:USDT,0.2694,27741.6,0.2695,9888.5,0.2692,58809982.6,15417716.3874
1753507401063,05:23:21.063,bitget,ALGO/USDT:USDT,0.2694,39450.0,0.2695,9888.5,0.2692,58809982.6,15417716.3874
1753507401402,05:23:21.402,bitget,ALGO/USDT:USDT,0.2694,25870.3,0.2695,9888.5,0.2692,58809982.6,15417716.3874
1753507401717,05:23:21.717,bitget,ALGO/USDT:USDT,0.2694,39450.0,0.2695,9888.5,0.2692,58809982.6,15417716.3874
1753507402093,05:23:22.093,bitget,ALGO/USDT:USDT,0.2694,21077.6,0.2695,20089.4,0.2692,58809982.6,15417716.3874
1753507402709,05:23:22.709,bitget,ALGO/USDT:USDT,0.2694,21077.6,0.2695,20089.4,0.2692,58809982.6,15417716.3874
1753507403070,05:23:23.070,bitget,ALGO/USDT:USDT,0.2694,32781.6,0.2695,20089.4,0.2692,58809982.6,15417716.3874
1753507403388,05:23:23.388,bitget,ALGO/USDT:USDT,0.2694,32781.6,0.2695,20089.4,0.2692,58809982.6,15417716.3874
1753507403733,05:23:23.733,bitget,ALGO/USDT:USDT,0.2694,32781.6,0.2695,20089.4,0.2692,58809982.6,15417716.3874
1753507404353,05:23:24.353,bitget,ALGO/USDT:USDT,0.2694,32781.6,0.2695,20089.4,0.2692,58809982.6,15417716.3874
1753507404697,05:23:24.697,bitget,ALGO/USDT:USDT,0.2694,32781.6,0.2695,20089.4,0.2692,58809982.6,15417716.3874
1753507405097,05:23:25.097,bitget,ALGO/USDT:USDT,0.2694,32781.6,0.2695,20089.4,0.2692,58809982.6,15417716.3874
1753507405416,05:23:25.416,bitget,ALGO/USDT:USDT,0.2694,18781.6,0.2695,21960.7,0.2692,58809982.6,15417716.3874
1753507405780,05:23:25.780,bitget,ALGO/USDT:USDT,0.2694,20528.9,0.2695,40851.0,0.2692,58809982.6,15417716.3874
1753507406145,05:23:26.145,bitget,ALGO/USDT:USDT,0.2694,20528.9,0.2695,40851.0,0.2692,58809982.6,15417716.3874
1753507406463,05:23:26.463,bitget,ALGO/USDT:USDT,0.2694,20528.9,0.2695,40851.0,0.2692,58809982.6,15417716.3874
1753507406771,05:23:26.771,bitget,ALGO/USDT:USDT,0.2694,20528.9,0.2695,40851.0,0.2692,58809982.6,15417716.3874
1753507407138,05:23:27.138,bitget,ALGO/USDT:USDT,0.2694,20528.9,0.2695,38979.7,0.2692,58809982.6,15417716.3874
1753507407519,05:23:27.519,bitget,ALGO/USDT:USDT,0.2694,20528.9,0.2695,38979.7,0.2692,58809982.6,15417716.3874
1753507407826,05:23:27.826,bitget,ALGO/USDT:USDT,0.2694,20528.9,0.2695,38979.7,0.2692,58809982.6,15417716.3874
1753507408192,05:23:28.192,bitget,ALGO/USDT:USDT,0.2694,20528.9,0.2695,38979.7,0.2692,58809982.6,15417716.3874
1753507408634,05:23:28.634,bitget,ALGO/USDT:USDT,0.2694,20528.9,0.2695,38979.7,0.2692,58809982.6,15417716.3874
1753507409557,05:23:29.557,bitget,ALGO/USDT:USDT,0.2694,20528.9,0.2695,40851.0,0.2692,58809982.6,15417716.3874
1753507409937,05:23:29.937,bitget,ALGO/USDT:USDT,0.2694,20528.9,0.2695,40851.0,0.2692,58809982.6,15417716.3874
1753507410563,05:23:30.563,bitget,ALGO/USDT:USDT,0.2694,20528.9,0.2695,38979.7,0.2692,58809982.6,15417716.3874
1753507410986,05:23:30.986,bitget,ALGO/USDT:USDT,0.2694,20528.9,0.2695,40851.0,0.2692,58809982.6,15417716.3874
1753507411304,05:23:31.304,bitget,ALGO/USDT:USDT,0.2694,20528.9,0.2695,40851.0,0.2692,58809982.6,15417716.3874
1753507411707,05:23:31.707,bitget,ALGO/USDT:USDT,0.2694,20528.9,0.2695,38979.7,0.2692,58809982.6,15417716.3874
1753507412098,05:23:32.098,bitget,ALGO/USDT:USDT,0.2694,20528.9,0.2695,38979.7,0.2692,58809982.6,15417716.3874
1753507412484,05:23:32.484,bitget,ALGO/USDT:USDT,0.2694,20528.9,0.2695,38979.7,0.2692,58809982.6,15417716.3874
1753507413215,05:23:33.215,bitget,ALGO/USDT:USDT,0.2694,20528.9,0.2695,40851.0,0.2692,58809982.6,15417716.3874
1753507414023,05:23:34.023,bitget,ALGO/USDT:USDT,0.2694,20528.9,0.2695,40851.0,0.2692,58809982.6,15417716.3874
1753507414355,05:23:34.355,bitget,ALGO/USDT:USDT,0.2694,20528.9,0.2695,38979.7,0.2692,58809982.6,15417716.3874
1753507414853,05:23:34.853,bitget,ALGO/USDT:USDT,0.2694,20528.9,0.2695,38979.7,0.2692,58809982.6,15417716.3874
1753507415650,05:23:35.650,bitget,ALGO/USDT:USDT,0.2694,20528.9,0.2695,38979.7,0.2692,58809982.6,15417716.3874
1753507416445,05:23:36.445,bitget,ALGO/USDT:USDT,0.2694,20528.9,0.2695,38979.7,0.2692,58809982.6,15417716.3874
1753507416778,05:23:36.778,bitget,ALGO/USDT:USDT,0.2694,20528.9,0.2695,38979.7,0.2692,58809982.6,15417716.3874
1753507417197,05:23:37.197,bitget,ALGO/USDT:USDT,0.2694,20528.9,0.2695,38979.7,0.2692,58809982.6,15417716.3874
1753507417671,05:23:37.671,bitget,ALGO/USDT:USDT,0.2694,20528.9,0.2695,38979.7,0.2692,58809982.6,15417716.3874
1753507418466,05:23:38.466,bitget,ALGO/USDT:USDT,0.2694,20528.9,0.2695,38979.7,0.2692,58809982.6,15417716.3874
1753507418908,05:23:38.908,bitget,ALGO/USDT:USDT,0.2694,20528.9,0.2695,38979.7,0.2692,58809982.6,15417716.3874
1753507419529,05:23:39.529,bitget,ALGO/USDT:USDT,0.2694,20528.9,0.2695,38979.7,0.2692,58809982.6,15417716.3874
1753507419869,05:23:39.869,bitget,ALGO/USDT:USDT,0.2694,20528.9,0.2695,38979.7,0.2692,58809982.6,15417716.3874
1753507420189,05:23:40.189,bitget,ALGO/USDT:USDT,0.2694,20528.9,0.2695,38979.7,0.2692,58809982.6,15417716.3874
1753507420522,05:23:40.522,bitget,ALGO/USDT:USDT,0.2694,20528.9,0.2695,24979.7,0.2692,58809982.6,15417716.3874
1753507420874,05:23:40.874,bitget,ALGO/USDT:USDT,0.2694,20528.9,0.2695,24979.7,0.2692,58809982.6,15417716.3874
1753507421525,05:23:41.525,bitget,ALGO/USDT:USDT,0.2694,20528.9,0.2695,24979.7,0.2692,58809982.6,15417716.3874
1753507421838,05:23:41.838,bitget,ALGO/USDT:USDT,0.2694,20528.9,0.2695,24979.7,0.2692,58809982.6,15417716.3874
1753507422456,05:23:42.456,bitget,ALGO/USDT:USDT,0.2694,16041.8,0.2695,24979.7,0.2692,58809982.6,15417716.3874
1753507422768,05:23:42.768,bitget,ALGO/USDT:USDT,0.2694,16041.8,0.2695,24979.7,0.2692,58809982.6,15417716.3874
1753507423082,05:23:43.082,bitget,ALGO/USDT:USDT,0.2694,16041.8,0.2695,36979.7,0.2692,58809982.6,15417716.3874
1753507423482,05:23:43.482,bitget,ALGO/USDT:USDT,0.2694,16041.8,0.2695,24979.7,0.2692,58809982.6,15417716.3874
1753507423824,05:23:43.824,bitget,ALGO/USDT:USDT,0.2694,16041.8,0.2695,24979.7,0.2692,58809982.6,15417716.3874
1753507424135,05:23:44.135,bitget,ALGO/USDT:USDT,0.2694,16041.8,0.2695,24979.7,0.2692,58809982.6,15417716.3874
1753507424455,05:23:44.455,bitget,ALGO/USDT:USDT,0.2694,16041.8,0.2695,24979.7,0.2692,58809982.6,15417716.3874
1753507424940,05:23:44.940,bitget,ALGO/USDT:USDT,0.2694,16041.8,0.2695,24979.7,0.2692,58809982.6,15417716.3874
1753507425785,05:23:45.785,bitget,ALGO/USDT:USDT,0.2694,16041.8,0.2695,37979.7,0.2692,58809982.6,15417716.3874
1753507426396,05:23:46.396,bitget,ALGO/USDT:USDT,0.2693,8756.5,0.2694,17876.0,0.2694,58809982.6,15417716.3874
1753507426708,05:23:46.708,bitget,ALGO/USDT:USDT,0.2693,24627.8,0.2694,6493.0,0.2694,58809982.6,15417716.3874
1753507427095,05:23:47.095,bitget,ALGO/USDT:USDT,0.2693,24627.8,0.2694,6493.0,0.2694,58809982.6,15417716.3874
1753507427442,05:23:47.442,bitget,ALGO/USDT:USDT,0.2693,24627.8,0.2694,6493.0,0.2694,58839425.2,15425648.22384
1753507427754,05:23:47.754,bitget,ALGO/USDT:USDT,0.2693,27487.7,0.2694,836.5,0.2694,58839425.2,15425648.22384
1753507428069,05:23:48.069,bitget,ALGO/USDT:USDT,0.2693,25616.4,0.2694,836.5,0.2694,58839425.2,15425648.22384
1753507428455,05:23:48.455,bitget,ALGO/USDT:USDT,0.2693,27487.7,0.2694,836.5,0.2694,58839425.2,15425648.22384
1753507429229,05:23:49.229,bitget,ALGO/USDT:USDT,0.2693,25616.4,0.2694,1045.6,0.2694,58839425.2,15425648.22384
1753507430095,05:23:50.095,bitget,ALGO/USDT:USDT,0.2693,25616.4,0.2694,1045.6,0.2694,58839425.2,15425648.22384
1753507430497,05:23:50.497,bitget,ALGO/USDT:USDT,0.2693,27487.7,0.2694,209.1,0.2694,58839425.2,15425648.22384
1753507430937,05:23:50.937,bitget,ALGO/USDT:USDT,0.2693,27487.7,0.2694,209.1,0.2694,58809982.6,15417716.3874
1753507431515,05:23:51.515,bitget,ALGO/USDT:USDT,0.2694,40468.5,0.2695,9888.5,0.2694,58839425.2,15425648.22384
1753507431915,05:23:51.915,bitget,ALGO/USDT:USDT,0.2694,38597.2,0.2695,9888.5,0.2694,58839425.2,15425648.22384
1753507432260,05:23:52.260,bitget,ALGO/USDT:USDT,0.2694,38597.2,0.2695,9888.5,0.2694,58839425.2,15425648.22384
1753507432574,05:23:52.574,bitget,ALGO/USDT:USDT,0.2694,38597.2,0.2695,9888.5,0.2694,58839425.2,15425648.22384
1753507432883,05:23:52.883,bitget,ALGO/USDT:USDT,0.2694,32970.8,0.2695,19256.2,0.2694,58839425.2,15425648.22384
1753507433228,05:23:53.228,bitget,ALGO/USDT:USDT,0.2694,32970.8,0.2695,19256.2,0.2694,58839425.2,15425648.22384
1753507433557,05:23:53.557,bitget,ALGO/USDT:USDT,0.2694,32970.8,0.2695,19256.2,0.2694,58839425.2,15425648.22384
1753507433869,05:23:53.869,bitget,ALGO/USDT:USDT,0.2694,32970.8,0.2695,19256.2,0.2694,58839425.2,15425648.22384
1753507434223,05:23:54.223,bitget,ALGO/USDT:USDT,0.2694,32970.8,0.2695,19256.2,0.2694,58839425.2,15425648.22384
1753507434642,05:23:54.642,bitget,ALGO/USDT:USDT,0.2694,32970.8,0.2695,19256.2,0.2694,58839425.2,15425648.22384
1753507434997,05:23:54.997,bitget,ALGO/USDT:USDT,0.2694,32970.8,0.2695,19256.2,0.2694,58839425.2,15425648.22384
1753507435312,05:23:55.312,bitget,ALGO/USDT:USDT,0.2694,32970.8,0.2695,19256.2,0.2694,58839425.2,15425648.22384
1753507435670,05:23:55.670,bitget,ALGO/USDT:USDT,0.2694,32970.8,0.2695,19256.2,0.2694,58839425.2,15425648.22384
1753507436315,05:23:56.315,bitget,ALGO/USDT:USDT,0.2694,32970.8,0.2695,19256.2,0.2694,58839425.2,15425648.22384
1753507436634,05:23:56.634,bitget,ALGO/USDT:USDT,0.2694,32970.8,0.2695,19256.2,0.2694,58839425.2,15425648.22384
1753507436989,05:23:56.989,bitget,ALGO/USDT:USDT,0.2694,32970.8,0.2695,19256.2,0.2694,58839425.2,15425648.22384
1753507437300,05:23:57.300,bitget,ALGO/USDT:USDT,0.2694,32970.8,0.2695,19256.2,0.2694,58839425.2,15425648.22384
1753507437606,05:23:57.606,bitget,ALGO/USDT:USDT,0.2694,32970.8,0.2695,19256.2,0.2694,58839425.2,15425648.22384
1753507437912,05:23:57.912,bitget,ALGO/USDT:USDT,0.2694,32970.8,0.2695,19256.2,0.2694,58839425.2,15425648.22384
1753507438238,05:23:58.238,bitget,ALGO/USDT:USDT,0.2694,32970.8,0.2695,19256.2,0.2694,58839425.2,15425648.22384
1753507438555,05:23:58.555,bitget,ALGO/USDT:USDT,0.2694,32970.8,0.2695,19256.2,0.2694,58839425.2,15425648.22384
1753507438868,05:23:58.868,bitget,ALGO/USDT:USDT,0.2694,32970.8,0.2695,19256.2,0.2694,58839425.2,15425648.22384
1753507439374,05:23:59.374,bitget,ALGO/USDT:USDT,0.2694,32970.8,0.2695,19256.2,0.2694,58839425.2,15425648.22384
1753507440221,05:24:00.221,bitget,ALGO/USDT:USDT,0.2694,32970.8,0.2695,19256.2,0.2694,58829172.8,15423001.06716
1753507441031,05:24:01.031,bitget,ALGO/USDT:USDT,0.2694,32970.8,0.2695,19256.2,0.2694,58839425.2,15425648.22384
1753507441383,05:24:01.383,bitget,ALGO/USDT:USDT,0.2694,32970.8,0.2695,19256.2,0.2694,58839425.2,15425648.22384
1753507441977,05:24:01.977,bitget,ALGO/USDT:USDT,0.2694,32970.8,0.2695,9888.5,0.2694,58829172.8,15423001.06716
1753507442323,05:24:02.323,bitget,ALGO/USDT:USDT,0.2694,34842.1,0.2695,9888.5,0.2694,58829172.8,15423001.06716
1753507442694,05:24:02.694,bitget,ALGO/USDT:USDT,0.2694,34842.1,0.2695,9888.5,0.2694,58829172.8,15423001.06716
1753507443036,05:24:03.036,bitget,ALGO/USDT:USDT,0.2694,32970.8,0.2695,9888.5,0.2694,58829172.8,15423001.06716
1753507443387,05:24:03.387,bitget,ALGO/USDT:USDT,0.2694,32970.8,0.2695,9888.5,0.2694,58829172.8,15423001.06716
1753507443760,05:24:03.760,bitget,ALGO/USDT:USDT,0.2694,32970.8,0.2695,9888.5,0.2694,58829172.8,15423001.06716
1753507444076,05:24:04.076,bitget,ALGO/USDT:USDT,0.2694,32970.8,0.2695,9888.5,0.2694,58829172.8,15423001.06716
1753507444418,05:24:04.418,bitget,ALGO/USDT:USDT,0.2694,32970.8,0.2695,9888.5,0.2694,58829172.8,15423001.06716
1753507444761,05:24:04.761,bitget,ALGO/USDT:USDT,0.2694,32970.8,0.2695,9888.5,0.2694,58829172.8,15423001.06716
1753507445398,05:24:05.398,bitget,ALGO/USDT:USDT,0.2694,32970.8,0.2695,9888.5,0.2694,58829172.8,15423001.06716
1753507445759,05:24:05.759,bitget,ALGO/USDT:USDT,0.2694,32970.8,0.2695,9888.5,0.2694,58829172.8,15423001.06716
1753507446092,05:24:06.092,bitget,ALGO/USDT:USDT,0.2694,32970.8,0.2695,10741.7,0.2694,58829172.8,15423001.06716
1753507446408,05:24:06.408,bitget,ALGO/USDT:USDT,0.2694,32970.8,0.2695,10741.7,0.2694,58829172.8,15423001.06716
1753507446732,05:24:06.732,bitget,ALGO/USDT:USDT,0.2694,32970.8,0.2695,10741.7,0.2694,58829172.8,15423001.06716
1753507447107,05:24:07.107,bitget,ALGO/USDT:USDT,0.2694,32970.8,0.2695,10741.7,0.2694,58829172.8,15423001.06716
1753507447460,05:24:07.460,bitget,ALGO/USDT:USDT,0.2694,32970.8,0.2695,10741.7,0.2694,58829172.8,15423001.06716
1753507447773,05:24:07.773,bitget,ALGO/USDT:USDT,0.2694,34842.1,0.2695,10741.7,0.2694,58829172.8,15423001.06716
1753507448426,05:24:08.426,bitget,ALGO/USDT:USDT,0.2694,32970.8,0.2695,10741.7,0.2694,58829172.8,15423001.06716
1753507448758,05:24:08.758,bitget,ALGO/USDT:USDT,0.2694,32970.8,0.2695,10741.7,0.2694,58829172.8,15423001.06716
1753507449122,05:24:09.122,bitget,ALGO/USDT:USDT,0.2694,32970.8,0.2695,10741.7,0.2694,58829172.8,15423001.06716
1753507449496,05:24:09.496,bitget,ALGO/USDT:USDT,0.2694,32970.8,0.2695,10741.7,0.2694,58829172.8,15423001.06716
1753507449869,05:24:09.869,bitget,ALGO/USDT:USDT,0.2694,32970.8,0.2695,10741.7,0.2694,58829172.8,15423001.06716
1753507450494,05:24:10.494,bitget,ALGO/USDT:USDT,0.2694,32970.8,0.2695,10741.7,0.2694,58829172.8,15423001.06716
1753507450864,05:24:10.864,bitget,ALGO/USDT:USDT,0.2694,32970.8,0.2695,10741.7,0.2694,58829172.8,15423001.06716
1753507451511,05:24:11.511,bitget,ALGO/USDT:USDT,0.2694,32970.8,0.2695,10741.7,0.2694,58829172.8,15423001.06716
1753507451866,05:24:11.866,bitget,ALGO/USDT:USDT,0.2694,32970.8,0.2695,10741.7,0.2694,58829172.8,15423001.06716
1753507452245,05:24:12.245,bitget,ALGO/USDT:USDT,0.2694,32970.8,0.2695,10741.7,0.2694,58829172.8,15423001.06716
1753507452875,05:24:12.875,bitget,ALGO/USDT:USDT,0.2694,32970.8,0.2695,10741.7,0.2694,58829172.8,15423001.06716
1753507453250,05:24:13.250,bitget,ALGO/USDT:USDT,0.2694,32970.8,0.2695,10741.7,0.2694,58829172.8,15423001.06716
1753507453584,05:24:13.584,bitget,ALGO/USDT:USDT,0.2694,32970.8,0.2695,10741.7,0.2694,58829172.8,15423001.06716
1753507453909,05:24:13.909,bitget,ALGO/USDT:USDT,0.2694,34842.1,0.2695,10741.7,0.2694,58829172.8,15423001.06716
1753507454338,05:24:14.338,bitget,ALGO/USDT:USDT,0.2694,34842.1,0.2695,10741.7,0.2694,58829172.8,15423001.06716
1753507455122,05:24:15.122,bitget,ALGO/USDT:USDT,0.2694,32970.8,0.2695,10741.7,0.2694,58829172.8,15423001.06716
1753507455459,05:24:15.459,bitget,ALGO/USDT:USDT,0.2694,38597.2,0.2695,10741.7,0.2694,58829172.8,15423001.06716
1753507456093,05:24:16.093,bitget,ALGO/USDT:USDT,0.2694,38597.2,0.2695,10741.7,0.2694,58829172.8,15423001.06716
1753507456402,05:24:16.402,bitget,ALGO/USDT:USDT,0.2694,38597.2,0.2695,10741.7,0.2694,58829172.8,15423001.06716
1753507456744,05:24:16.744,bitget,ALGO/USDT:USDT,0.2694,32970.8,0.2695,13725.4,0.2694,58829172.8,15423001.06716
1753507457174,05:24:17.174,bitget,ALGO/USDT:USDT,0.2694,32970.8,0.2695,13725.4,0.2694,58829172.8,15423001.06716
1753507457529,05:24:17.529,bitget,ALGO/USDT:USDT,0.2694,32970.8,0.2695,13725.4,0.2694,58829172.8,15423001.06716
1753507457839,05:24:17.839,bitget,ALGO/USDT:USDT,0.2694,32970.8,0.2695,13725.4,0.2694,58829172.8,15423001.06716
1753507458170,05:24:18.170,bitget,ALGO/USDT:USDT,0.2694,32970.8,0.2695,13725.4,0.2694,58829172.8,15423001.06716
1753507458518,05:24:18.518,bitget,ALGO/USDT:USDT,0.2694,32970.8,0.2695,13725.4,0.2694,58829172.8,15423001.06716
1753507458837,05:24:18.837,bitget,ALGO/USDT:USDT,0.2694,40468.5,0.2695,12872.2,0.2694,58829172.8,15423001.06716
1753507459702,05:24:19.702,bitget,ALGO/USDT:USDT,0.2694,32966.6,0.2695,12872.2,0.2694,58829172.8,15423001.06716
1753507460574,05:24:20.574,bitget,ALGO/USDT:USDT,0.2694,32966.6,0.2695,12872.2,0.2694,58829172.8,15423001.06716
1753507460929,05:24:20.929,bitget,ALGO/USDT:USDT,0.2694,32966.6,0.2695,12872.2,0.2694,58829172.8,15423001.06716
1753507461240,05:24:21.240,bitget,ALGO/USDT:USDT,0.2694,32966.6,0.2695,12872.2,0.2694,58829172.8,15423001.06716
1753507461556,05:24:21.556,bitget,ALGO/USDT:USDT,0.2694,32966.6,0.2695,12872.2,0.2694,58829172.8,15423001.06716
1753507461981,05:24:21.981,bitget,ALGO/USDT:USDT,0.2694,32966.6,0.2695,12872.2,0.2694,58829172.8,15423001.06716
1753507462490,05:24:22.490,bitget,ALGO/USDT:USDT,0.2694,32966.6,0.2695,12872.2,0.2694,58829172.8,15423001.06716
1753507462814,05:24:22.814,bitget,ALGO/USDT:USDT,0.2694,32966.6,0.2695,12872.2,0.2694,58829172.8,15423001.06716
1753507463127,05:24:23.127,bitget,ALGO/USDT:USDT,0.2694,34837.9,0.2695,12872.2,0.2694,58829172.8,15423001.06716
1753507463545,05:24:23.545,bitget,ALGO/USDT:USDT,0.2694,32966.6,0.2695,12872.2,0.2694,58829172.8,15423001.06716
1753507463859,05:24:23.859,bitget,ALGO/USDT:USDT,0.2694,32966.6,0.2695,12872.2,0.2694,58829172.8,15423001.06716
1753507464228,05:24:24.228,bitget,ALGO/USDT:USDT,0.2694,32966.6,0.2695,12872.2,0.2694,58829172.8,15423001.06716
1753507464687,05:24:24.687,bitget,ALGO/USDT:USDT,0.2694,32966.6,0.2695,12872.2,0.2694,58829172.8,15423001.06716
1753507465198,05:24:25.198,bitget,ALGO/USDT:USDT,0.2694,32966.6,0.2695,12872.2,0.2694,58829172.8,15423001.06716
1753507466008,05:24:26.008,bitget,ALGO/USDT:USDT,0.2694,32966.6,0.2695,12872.2,0.2694,58829172.8,15423001.06716
1753507466500,05:24:26.500,bitget,ALGO/USDT:USDT,0.2694,32966.6,0.2695,12872.2,0.2694,58829172.8,15423001.06716
1753507467156,05:24:27.156,bitget,ALGO/USDT:USDT,0.2694,32966.6,0.2695,12872.2,0.2694,58829172.8,15423001.06716
1753507467466,05:24:27.466,bitget,ALGO/USDT:USDT,0.2694,32966.6,0.2695,12872.2,0.2694,58829172.8,15423001.06716
1753507467784,05:24:27.784,bitget,ALGO/USDT:USDT,0.2694,28696.3,0.2695,4262.1,0.2694,58829172.8,15423001.06716
1753507468200,05:24:28.200,bitget,ALGO/USDT:USDT,0.2694,26840.7,0.2695,7217.7,0.2694,58829172.8,15423001.06716
1753507468542,05:24:28.542,bitget,ALGO/USDT:USDT,0.2694,26840.7,0.2695,7217.7,0.2694,58829172.8,15423001.06716
1753507468853,05:24:28.853,bitget,ALGO/USDT:USDT,0.2694,26840.7,0.2695,1561.2,0.2694,58829172.8,15423001.06716
1753507469228,05:24:29.228,bitget,ALGO/USDT:USDT,0.2694,26840.7,0.2695,5823.3,0.2694,58829172.8,15423001.06716
1753507470288,05:24:30.288,bitget,ALGO/USDT:USDT,0.2694,26840.7,0.2695,5823.3,0.2694,58829172.8,15423001.06716
1753507471096,05:24:31.096,bitget,ALGO/USDT:USDT,0.2694,20377.8,0.2695,17062.3,0.2694,58829172.8,15423001.06716
1753507471711,05:24:31.711,bitget,ALGO/USDT:USDT,0.2694,20377.8,0.2695,15191.0,0.2694,58829172.8,15423001.06716
1753507472088,05:24:32.088,bitget,ALGO/USDT:USDT,0.2694,20377.8,0.2695,15191.0,0.2694,58829172.8,15423001.06716
1753507472485,05:24:32.485,bitget,ALGO/USDT:USDT,0.2694,20377.8,0.2695,15191.0,0.2694,58829172.8,15423001.06716
1753507472864,05:24:32.864,bitget,ALGO/USDT:USDT,0.2694,20377.8,0.2695,15191.0,0.2694,58829172.8,15423001.06716
1753507473188,05:24:33.188,bitget,ALGO/USDT:USDT,0.2694,20377.8,0.2695,15191.0,0.2694,58829172.8,15423001.06716
1753507473548,05:24:33.548,bitget,ALGO/USDT:USDT,0.2694,32129.9,0.2695,18174.7,0.2694,58829172.8,15423001.06716
1753507474269,05:24:34.269,bitget,ALGO/USDT:USDT,0.2694,32129.9,0.2695,18174.7,0.2694,58829172.8,15423001.06716
1753507474590,05:24:34.590,bitget,ALGO/USDT:USDT,0.2694,32129.9,0.2695,18174.7,0.2694,58829172.8,15423001.06716
1753507475017,05:24:35.017,bitget,ALGO/USDT:USDT,0.2694,32129.9,0.2695,18174.7,0.2694,58829172.8,15423001.06716
1753507475357,05:24:35.357,bitget,ALGO/USDT:USDT,0.2694,32129.9,0.2695,18174.7,0.2694,58829172.8,15423001.06716
1753507475711,05:24:35.711,bitget,ALGO/USDT:USDT,0.2694,32129.9,0.2695,20046.0,0.2694,58829172.8,15423001.06716
1753507476526,05:24:36.526,bitget,ALGO/USDT:USDT,0.2694,32129.9,0.2695,18174.7,0.2694,58829172.8,15423001.06716
1753507476838,05:24:36.838,bitget,ALGO/USDT:USDT,0.2694,32129.9,0.2695,20046.0,0.2694,58829172.8,15423001.06716
1753507477225,05:24:37.225,bitget,ALGO/USDT:USDT,0.2694,32129.9,0.2695,20046.0,0.2694,58829172.8,15423001.06716
1753507477960,05:24:37.960,bitget,ALGO/USDT:USDT,0.2694,32129.9,0.2695,20046.0,0.2694,58829172.8,15423001.06716
1753507478592,05:24:38.592,bitget,ALGO/USDT:USDT,0.2694,11145.4,0.2695,31097.6,0.2694,58829172.8,15423001.06716
1753507478940,05:24:38.940,bitget,ALGO/USDT:USDT,0.2694,11145.4,0.2695,32968.9,0.2694,58829172.8,15423001.06716
1753507479265,05:24:39.265,bitget,ALGO/USDT:USDT,0.2694,6883.3,0.2695,32968.9,0.2694,58829172.8,15423001.06716
1753507479598,05:24:39.598,bitget,ALGO/USDT:USDT,0.2694,6883.3,0.2695,31097.6,0.2694,58829172.8,15423001.06716
1753507480112,05:24:40.112,bitget,ALGO/USDT:USDT,0.2694,4262.1,0.2695,31097.6,0.2694,58838910.4,15425624.3766
1753507480426,05:24:40.426,bitget,ALGO/USDT:USDT,0.2694,4262.1,0.2695,31097.6,0.2694,58838910.4,15425624.3766
1753507480743,05:24:40.743,bitget,ALGO/USDT:USDT,0.2694,4262.1,0.2695,31097.6,0.2694,58838910.4,15425624.3766
1753507481128,05:24:41.128,bitget,ALGO/USDT:USDT,0.2693,25616.4,0.2694,846.0,0.2694,58838910.4,15425624.3766
1753507481452,05:24:41.452,bitget,ALGO/USDT:USDT,0.2693,37360.5,0.2694,5108.1,0.2694,58838910.4,15425624.3766
1753507481763,05:24:41.763,bitget,ALGO/USDT:USDT,0.2693,37360.5,0.2694,5108.1,0.2694,58838910.4,15425624.3766
1753507482115,05:24:42.115,bitget,ALGO/USDT:USDT,0.2693,37360.5,0.2694,8091.8,0.2694,58829172.8,15423001.06716
1753507482896,05:24:42.896,bitget,ALGO/USDT:USDT,0.2693,37360.5,0.2694,8091.8,0.2694,58838910.4,15425624.3766
1753507483881,05:24:43.881,bitget,ALGO/USDT:USDT,0.2693,37360.5,0.2694,10114.7,0.2694,58829172.8,15423001.06716
1753507484444,05:24:44.444,bitget,ALGO/USDT:USDT,0.2693,23360.5,0.2694,10114.7,0.2694,58838910.4,15425624.3766
1753507484818,05:24:44.818,bitget,ALGO/USDT:USDT,0.2693,23360.5,0.2694,10114.7,0.2694,58838910.4,15425624.3766
1753507485341,05:24:45.341,bitget,ALGO/USDT:USDT,0.2693,23360.5,0.2694,10114.7,0.2694,58838910.4,15425624.3766
1753507486137,05:24:46.137,bitget,ALGO/USDT:USDT,0.2693,34360.5,0.2694,9986.7,0.2694,58838910.4,15425624.3766
1753507486564,05:24:46.564,bitget,ALGO/USDT:USDT,0.2693,34360.5,0.2694,9986.7,0.2694,58839166.4,15425693.343
1753507487253,05:24:47.253,bitget,ALGO/USDT:USDT,0.2693,34360.5,0.2694,9986.7,0.2694,58839166.4,15425693.343
1753507487638,05:24:47.638,bitget,ALGO/USDT:USDT,0.2693,34360.5,0.2694,9986.7,0.2694,58839166.4,15425693.343
1753507487996,05:24:47.996,bitget,ALGO/USDT:USDT,0.2693,34360.5,0.2694,9986.7,0.2694,58839166.4,15425693.343
1753507488313,05:24:48.313,bitget,ALGO/USDT:USDT,0.2693,34360.5,0.2694,9986.7,0.2694,58839166.4,15425693.343
1753507488719,05:24:48.719,bitget,ALGO/USDT:USDT,0.2693,34360.5,0.2694,9986.7,0.2694,58839166.4,15425693.343
1753507489037,05:24:49.037,bitget,ALGO/USDT:USDT,0.2693,34360.5,0.2694,9986.7,0.2694,58839166.4,15425693.343
1753507489341,05:24:49.341,bitget,ALGO/USDT:USDT,0.2693,34360.5,0.2694,9986.7,0.2694,58839166.4,15425693.343
1753507489735,05:24:49.735,bitget,ALGO/USDT:USDT,0.2693,23360.5,0.2694,9986.7,0.2694,58839166.4,15425693.343
1753507490090,05:24:50.090,bitget,ALGO/USDT:USDT,0.2693,31360.5,0.2694,9986.7,0.2694,58839166.4,15425693.343
1753507490412,05:24:50.412,bitget,ALGO/USDT:USDT,0.2693,31360.5,0.2694,9986.7,0.2694,58839166.4,15425693.343
1753507490723,05:24:50.723,bitget,ALGO/USDT:USDT,0.2693,23360.5,0.2694,9986.7,0.2694,58839166.4,15425693.343
1753507491058,05:24:51.058,bitget,ALGO/USDT:USDT,0.2693,37360.5,0.2694,9986.7,0.2694,58839166.4,15425693.343
1753507491459,05:24:51.459,bitget,ALGO/USDT:USDT,0.2693,37360.5,0.2694,9986.7,0.2694,58839166.4,15425693.343
1753507491773,05:24:51.773,bitget,ALGO/USDT:USDT,0.2693,37360.5,0.2694,9986.7,0.2694,58839166.4,15425693.343
1753507492112,05:24:52.112,bitget,ALGO/USDT:USDT,0.2693,37360.5,0.2694,9986.7,0.2694,58838910.4,15425624.3766
1753507492857,05:24:52.857,bitget,ALGO/USDT:USDT,0.2693,37360.5,0.2694,9986.7,0.2694,58839166.4,15425693.343
1753507493650,05:24:53.650,bitget,ALGO/USDT:USDT,0.2693,37360.5,0.2694,5724.6,0.2694,58839166.4,15425693.343
1753507493980,05:24:53.980,bitget,ALGO/USDT:USDT,0.2693,37360.5,0.2694,5724.6,0.2694,58839166.4,15425693.343
1753507494301,05:24:54.301,bitget,ALGO/USDT:USDT,0.2693,37360.5,0.2694,9986.7,0.2694,58839166.4,15425693.343
1753507494620,05:24:54.620,bitget,ALGO/USDT:USDT,0.2693,37360.5,0.2694,9986.7,0.2694,58839166.4,15425693.343
1753507495011,05:24:55.011,bitget,ALGO/USDT:USDT,0.2693,39231.8,0.2694,5006.6,0.2694,58839166.4,15425693.343
1753507495349,05:24:55.349,bitget,ALGO/USDT:USDT,0.2693,39231.8,0.2694,5006.6,0.2694,58839166.4,15425693.343
1753507495676,05:24:55.676,bitget,ALGO/USDT:USDT,0.2694,7087.1,0.2695,15191.0,0.2694,58839166.4,15425693.343
1753507496012,05:24:56.012,bitget,ALGO/USDT:USDT,0.2694,27220.5,0.2695,14345.1,0.2694,58839166.4,15425693.343
1753507496351,05:24:56.351,bitget,ALGO/USDT:USDT,0.2694,27220.5,0.2695,715.3,0.2694,58839166.4,15425693.343
1753507496669,05:24:56.669,bitget,ALGO/USDT:USDT,0.2694,27220.5,0.2695,715.3,0.2694,58839166.4,15425693.343
1753507496994,05:24:56.994,bitget,ALGO/USDT:USDT,0.2694,27220.5,0.2695,715.3,0.2694,58849179.6,15428390.89908
1753507497343,05:24:57.343,bitget,ALGO/USDT:USDT,0.2694,25349.2,0.2695,4977.4,0.2694,58849179.6,15428390.89908
1753507497668,05:24:57.668,bitget,ALGO/USDT:USDT,0.2694,25349.2,0.2695,4977.4,0.2694,58849179.6,15428390.89908
1753507497986,05:24:57.986,bitget,ALGO/USDT:USDT,0.2694,25349.2,0.2695,4977.4,0.2694,58849179.6,15428390.89908
1753507498367,05:24:58.367,bitget,ALGO/USDT:USDT,0.2694,25349.2,0.2695,4977.4,0.2694,58849179.6,15428390.89908
1753507498719,05:24:58.719,bitget,ALGO/USDT:USDT,0.2694,25349.2,0.2695,4977.4,0.2694,58849179.6,15428390.89908
1753507499069,05:24:59.069,bitget,ALGO/USDT:USDT,0.2694,25349.2,0.2695,4977.4,0.2694,58849179.6,15428390.89908
1753507499908,05:24:59.908,bitget,ALGO/USDT:USDT,0.2694,24225.8,0.2695,4977.4,0.2694,58849179.6,15428390.89908
1753507500223,05:25:00.223,bitget,ALGO/USDT:USDT,0.2694,24225.8,0.2695,4977.4,0.2694,58849179.6,15428390.89908
1753507500537,05:25:00.537,bitget,ALGO/USDT:USDT,0.2694,24225.8,0.2695,4977.4,0.2694,58835681.0,15424913.82644
1753507500901,05:25:00.901,bitget,ALGO/USDT:USDT,0.2694,24225.8,0.2695,4977.4,0.2694,58835681.0,15424913.82644
1753507501573,05:25:01.573,bitget,ALGO/USDT:USDT,0.2694,24225.8,0.2695,4977.4,0.2694,58841741.0,15426546.39044
1753507501930,05:25:01.930,bitget,ALGO/USDT:USDT,0.2694,24225.8,0.2695,4977.4,0.2694,58841741.0,15426546.39044
1753507502642,05:25:02.642,bitget,ALGO/USDT:USDT,0.2694,24225.8,0.2695,4977.4,0.2694,58841741.0,15426546.39044
1753507502969,05:25:02.969,bitget,ALGO/USDT:USDT,0.2694,24225.8,0.2695,4977.4,0.2694,58841741.0,15426546.39044
1753507503283,05:25:03.283,bitget,ALGO/USDT:USDT,0.2694,24225.8,0.2695,4977.4,0.2694,58841741.0,15426546.39044
1753507503635,05:25:03.635,bitget,ALGO/USDT:USDT,0.2694,24225.8,0.2695,4977.4,0.2694,58841741.0,15426546.39044
1753507504462,05:25:04.462,bitget,ALGO/USDT:USDT,0.2694,24225.8,0.2695,4977.4,0.2694,58841741.0,15426546.39044
1753507505485,05:25:05.485,bitget,ALGO/USDT:USDT,0.2694,35969.9,0.2695,4977.4,0.2694,58841741.0,15426546.39044
1753507505810,05:25:05.810,bitget,ALGO/USDT:USDT,0.2694,37755.2,0.2696,29205.4,0.2694,58841741.0,15426546.39044
1753507506165,05:25:06.165,bitget,ALGO/USDT:USDT,0.2695,25339.9,0.2696,10751.4,0.2694,58841741.0,15426546.39044
1753507506488,05:25:06.488,bitget,ALGO/USDT:USDT,0.2695,25339.9,0.2696,10751.4,0.2694,58841741.0,15426546.39044
1753507506806,05:25:06.806,bitget,ALGO/USDT:USDT,0.2695,25339.9,0.2696,12536.7,0.2694,58841741.0,15426546.39044
1753507507143,05:25:07.143,bitget,ALGO/USDT:USDT,0.2695,25339.9,0.2696,10751.4,0.2694,58841741.0,15426546.39044
1753507507505,05:25:07.505,bitget,ALGO/USDT:USDT,0.2695,25339.9,0.2696,10751.4,0.2694,58841741.0,15426546.39044
1753507507963,05:25:07.963,bitget,ALGO/USDT:USDT,0.2695,25339.9,0.2696,10751.4,0.2694,58841741.0,15426546.39044
1753507508704,05:25:08.704,bitget,ALGO/USDT:USDT,0.2695,25339.9,0.2696,10751.4,0.2694,58841741.0,15426546.39044
1753507509409,05:25:09.409,bitget,ALGO/USDT:USDT,0.2695,25339.9,0.2696,10751.4,0.2694,58841741.0,15426546.39044
1753507509812,05:25:09.812,bitget,ALGO/USDT:USDT,0.2695,32751.6,0.2696,9888.5,0.2694,58841741.0,15426546.39044
1753507510172,05:25:10.172,bitget,ALGO/USDT:USDT,0.2695,32751.6,0.2696,9888.5,0.2694,58841741.0,15426546.39044
1753507510829,05:25:10.829,bitget,ALGO/USDT:USDT,0.2695,30966.3,0.2696,9888.5,0.2694,58841741.0,15426546.39044
1753507511212,05:25:11.212,bitget,ALGO/USDT:USDT,0.2695,32751.6,0.2696,9888.5,0.2694,58841741.0,15426546.39044
1753507511575,05:25:11.575,bitget,ALGO/USDT:USDT,0.2695,30966.3,0.2696,9888.5,0.2694,58841741.0,15426546.39044
1753507511887,05:25:11.887,bitget,ALGO/USDT:USDT,0.2695,30966.3,0.2696,9888.5,0.2694,58841741.0,15426546.39044
1753507512202,05:25:12.202,bitget,ALGO/USDT:USDT,0.2695,30966.3,0.2696,9888.5,0.2694,58841741.0,15426546.39044
1753507512671,05:25:12.671,bitget,ALGO/USDT:USDT,0.2695,30966.3,0.2696,9888.5,0.2694,58841741.0,15426546.39044
1753507513425,05:25:13.425,bitget,ALGO/USDT:USDT,0.2695,30966.3,0.2696,9888.5,0.2694,58841741.0,15426546.39044
1753507514147,05:25:14.147,bitget,ALGO/USDT:USDT,0.2695,30966.3,0.2696,9888.5,0.2694,58841741.0,15426546.39044
1753507514528,05:25:14.528,bitget,ALGO/USDT:USDT,0.2695,30966.3,0.2696,9888.5,0.2694,58841741.0,15426546.39044
1753507514925,05:25:14.925,bitget,ALGO/USDT:USDT,0.2695,30966.3,0.2696,9888.5,0.2694,58841741.0,15426546.39044
1753507515587,05:25:15.587,bitget,ALGO/USDT:USDT,0.2695,30966.3,0.2696,9888.5,0.2694,58841741.0,15426546.39044
1753507515930,05:25:15.930,bitget,ALGO/USDT:USDT,0.2695,30966.3,0.2696,9888.5,0.2694,58841741.0,15426546.39044
1753507516594,05:25:16.594,bitget,ALGO/USDT:USDT,0.2695,30966.3,0.2696,9888.5,0.2694,58841741.0,15426546.39044
1753507516905,05:25:16.905,bitget,ALGO/USDT:USDT,0.2695,30966.3,0.2696,9888.5,0.2694,58841741.0,15426546.39044
1753507518000,05:25:18.000,bitget,ALGO/USDT:USDT,0.2695,30966.3,0.2696,9888.5,0.2694,58841741.0,15426546.39044
1753507518358,05:25:18.358,bitget,ALGO/USDT:USDT,0.2695,30966.3,0.2696,9888.5,0.2694,58841741.0,15426546.39044
1753507518724,05:25:18.724,bitget,ALGO/USDT:USDT,0.2695,16966.3,0.2696,21041.5,0.2694,58841741.0,15426546.39044
1753507519047,05:25:19.047,bitget,ALGO/USDT:USDT,0.2695,5171.2,0.2696,23814.1,0.2694,58841741.0,15426546.39044
1753507519661,05:25:19.661,bitget,ALGO/USDT:USDT,0.2695,7077.8,0.2696,23814.1,0.2694,58841741.0,15426546.39044
1753507520057,05:25:20.057,bitget,ALGO/USDT:USDT,0.2695,7077.8,0.2696,23814.1,0.2694,58841741.0,15426546.39044
1753507520423,05:25:20.423,bitget,ALGO/USDT:USDT,0.2695,4337.8,0.2696,23814.1,0.2694,58841741.0,15426546.39044
1753507520732,05:25:20.732,bitget,ALGO/USDT:USDT,0.2695,4337.8,0.2696,23814.1,0.2694,58841741.0,15426546.39044
1753507521051,05:25:21.051,bitget,ALGO/USDT:USDT,0.2695,8599.9,0.2696,23814.1,0.2694,58841741.0,15426546.39044
1753507521430,05:25:21.430,bitget,ALGO/USDT:USDT,0.2695,8599.9,0.2696,23814.1,0.2694,58841741.0,15426546.39044
1753507521987,05:25:21.987,bitget,ALGO/USDT:USDT,0.2695,10506.5,0.2696,21907.5,0.2694,58841741.0,15426546.39044
1753507522387,05:25:22.387,bitget,ALGO/USDT:USDT,0.2695,10506.5,0.2696,21907.5,0.2694,58841741.0,15426546.39044
1753507522750,05:25:22.750,bitget,ALGO/USDT:USDT,0.2695,8599.9,0.2696,23814.1,0.2694,58841741.0,15426546.39044
1753507523065,05:25:23.065,bitget,ALGO/USDT:USDT,0.2695,8599.9,0.2696,23814.1,0.2694,58841741.0,15426546.39044
1753507523383,05:25:23.383,bitget,ALGO/USDT:USDT,0.2695,21599.9,0.2696,23814.1,0.2694,58841741.0,15426546.39044
1753507524058,05:25:24.058,bitget,ALGO/USDT:USDT,0.2695,23506.5,0.2696,21907.5,0.2694,58841741.0,15426546.39044
1753507524366,05:25:24.366,bitget,ALGO/USDT:USDT,0.2695,23506.5,0.2696,20122.2,0.2694,58841741.0,15426546.39044
1753507524680,05:25:24.680,bitget,ALGO/USDT:USDT,0.2695,23506.5,0.2696,20122.2,0.2694,58841741.0,15426546.39044
1753507525051,05:25:25.051,bitget,ALGO/USDT:USDT,0.2695,25291.8,0.2696,20122.2,0.2694,58841741.0,15426546.39044
1753507525391,05:25:25.391,bitget,ALGO/USDT:USDT,0.2695,25291.8,0.2696,20122.2,0.2694,58841741.0,15426546.39044
1753507525748,05:25:25.748,bitget,ALGO/USDT:USDT,0.2695,25291.8,0.2696,20122.2,0.2694,58841741.0,15426546.39044
1753507526419,05:25:26.419,bitget,ALGO/USDT:USDT,0.2695,25291.8,0.2696,20122.2,0.2694,58841741.0,15426546.39044
1753507526733,05:25:26.733,bitget,ALGO/USDT:USDT,0.2695,25291.8,0.2696,20122.2,0.2694,58841741.0,15426546.39044
1753507527052,05:25:27.052,bitget,ALGO/USDT:USDT,0.2695,25291.8,0.2696,20122.2,0.2694,58841741.0,15426546.39044
1753507527438,05:25:27.438,bitget,ALGO/USDT:USDT,0.2695,23506.5,0.2696,21907.5,0.2694,58841741.0,15426546.39044
1753507527793,05:25:27.793,bitget,ALGO/USDT:USDT,0.2695,29132.9,0.2696,20122.2,0.2694,58841741.0,15426546.39044
1753507528103,05:25:28.103,bitget,ALGO/USDT:USDT,0.2695,23506.5,0.2696,21907.5,0.2694,58841741.0,15426546.39044
1753507528422,05:25:28.422,bitget,ALGO/USDT:USDT,0.2695,23506.5,0.2696,20122.2,0.2694,58841741.0,15426546.39044
1753507528787,05:25:28.787,bitget,ALGO/USDT:USDT,0.2695,4337.8,0.2696,23814.1,0.2694,58841741.0,15426546.39044
1753507529100,05:25:29.100,bitget,ALGO/USDT:USDT,0.2695,4337.8,0.2696,23814.1,0.2694,58841741.0,15426546.39044
1753507529410,05:25:29.410,bitget,ALGO/USDT:USDT,0.2695,4337.8,0.2696,23814.1,0.2694,58841741.0,15426546.39044
1753507530120,05:25:30.120,bitget,ALGO/USDT:USDT,0.2695,18337.8,0.2696,23814.1,0.2694,58841741.0,15426546.39044
1753507530468,05:25:30.468,bitget,ALGO/USDT:USDT,0.2695,18337.8,0.2696,23814.1,0.2694,58841741.0,15426546.39044
1753507530781,05:25:30.781,bitget,ALGO/USDT:USDT,0.2695,18337.8,0.2696,23814.1,0.2694,58841741.0,15426546.39044
1753507531102,05:25:31.102,bitget,ALGO/USDT:USDT,0.2695,18337.8,0.2696,23814.1,0.2694,58841741.0,15426546.39044
1753507531506,05:25:31.506,bitget,ALGO/USDT:USDT,0.2695,18337.8,0.2696,23814.1,0.2694,58841741.0,15426546.39044
1753507531875,05:25:31.875,bitget,ALGO/USDT:USDT,0.2695,18337.8,0.2696,23814.1,0.2694,58841741.0,15426546.39044
1753507532256,05:25:32.256,bitget,ALGO/USDT:USDT,0.2695,18337.8,0.2696,23814.1,0.2694,58841741.0,15426546.39044
1753507532814,05:25:32.814,bitget,ALGO/USDT:USDT,0.2695,18337.8,0.2696,23814.1,0.2694,58841741.0,15426546.39044
1753507533504,05:25:33.504,bitget,ALGO/USDT:USDT,0.2695,18337.8,0.2696,23814.1,0.2694,58841741.0,15426546.39044
1753507533857,05:25:33.857,bitget,ALGO/USDT:USDT,0.2695,22599.9,0.2696,22028.8,0.2694,58841741.0,15426546.39044
1753507534185,05:25:34.185,bitget,ALGO/USDT:USDT,0.2695,22599.9,0.2696,22028.8,0.2694,58841741.0,15426546.39044
1753507534498,05:25:34.498,bitget,ALGO/USDT:USDT,0.2695,22599.9,0.2696,22028.8,0.2694,58841741.0,15426546.39044
1753507534819,05:25:34.819,bitget,ALGO/USDT:USDT,0.2695,22599.9,0.2696,22028.8,0.2694,58841741.0,15426546.39044
1753507535282,05:25:35.282,bitget,ALGO/USDT:USDT,0.2695,22599.9,0.2696,22028.8,0.2694,58841741.0,15426546.39044
1753507536045,05:25:36.045,bitget,ALGO/USDT:USDT,0.2695,22599.9,0.2696,22028.8,0.2694,58841741.0,15426546.39044
1753507536381,05:25:36.381,bitget,ALGO/USDT:USDT,0.2695,4337.8,0.2696,23814.1,0.2694,58841741.0,15426546.39044
1753507536720,05:25:36.720,bitget,ALGO/USDT:USDT,0.2695,4337.8,0.2696,23814.1,0.2694,58841741.0,15426546.39044
1753507537039,05:25:37.039,bitget,ALGO/USDT:USDT,0.2695,4337.8,0.2696,23814.1,0.2694,58841741.0,15426546.39044
1753507537360,05:25:37.360,bitget,ALGO/USDT:USDT,0.2695,22599.9,0.2696,22028.8,0.2694,58841741.0,15426546.39044
1753507537758,05:25:37.758,bitget,ALGO/USDT:USDT,0.2695,22599.9,0.2696,22028.8,0.2694,58841741.0,15426546.39044
1753507538215,05:25:38.215,bitget,ALGO/USDT:USDT,0.2695,22599.9,0.2696,22028.8,0.2694,58841741.0,15426546.39044
1753507538992,05:25:38.992,bitget,ALGO/USDT:USDT,0.2695,22599.9,0.2696,22028.8,0.2694,58841741.0,15426546.39044
1753507540909,05:25:40.909,bitget,ALGO/USDT:USDT,0.2695,22599.9,0.2696,22028.8,0.2694,58841741.0,15426546.39044
1753507541222,05:25:41.222,bitget,ALGO/USDT:USDT,0.2695,22599.9,0.2696,22028.8,0.2694,58841741.0,15426546.39044
1753507541876,05:25:41.876,bitget,ALGO/USDT:USDT,0.2694,25795.1,0.2695,15865.1,0.2694,58841741.0,15426546.39044
1753507542187,05:25:42.187,bitget,ALGO/USDT:USDT,0.2694,37534.8,0.2695,15865.1,0.2694,58841741.0,15426546.39044
1753507542525,05:25:42.525,bitget,ALGO/USDT:USDT,0.2694,37534.8,0.2695,15865.1,0.2694,58841741.0,15426546.39044
1753507543435,05:25:43.435,bitget,ALGO/USDT:USDT,0.2694,39320.1,0.2696,71368.7,0.2694,58841741.0,15426546.39044
1753507543747,05:25:43.747,bitget,ALGO/USDT:USDT,0.2695,4337.8,0.2696,71368.7,0.2694,58841741.0,15426546.39044
1753507544401,05:25:44.401,bitget,ALGO/USDT:USDT,0.2694,25795.1,0.2695,6497.4,0.2694,58841741.0,15426546.39044
1753507544715,05:25:44.715,bitget,ALGO/USDT:USDT,0.2694,25795.1,0.2695,6497.4,0.2694,58841741.0,15426546.39044
1753507545027,05:25:45.027,bitget,ALGO/USDT:USDT,0.2694,25795.1,0.2695,6497.4,0.2694,58841741.0,15426546.39044
1753507545466,05:25:45.466,bitget,ALGO/USDT:USDT,0.2694,25795.1,0.2695,5656.5,0.2694,58841741.0,15426546.39044
1753507545897,05:25:45.897,bitget,ALGO/USDT:USDT,0.2694,25795.1,0.2695,5656.5,0.2694,58841741.0,15426546.39044
1753507546210,05:25:46.210,bitget,ALGO/USDT:USDT,0.2694,25795.1,0.2695,5656.5,0.2694,58841741.0,15426546.39044
1753507546548,05:25:46.548,bitget,ALGO/USDT:USDT,0.2694,25795.1,0.2695,5656.5,0.2694,58841741.0,15426546.39044
1753507547221,05:25:47.221,bitget,ALGO/USDT:USDT,0.2694,25795.1,0.2695,5656.5,0.2694,58841741.0,15426546.39044
1753507547532,05:25:47.532,bitget,ALGO/USDT:USDT,0.2694,25795.1,0.2695,5656.5,0.2694,58841741.0,15426546.39044
1753507548668,05:25:48.668,bitget,ALGO/USDT:USDT,0.2694,25795.1,0.2695,5656.5,0.2694,58841741.0,15426546.39044
1753507548976,05:25:48.976,bitget,ALGO/USDT:USDT,0.2694,25795.1,0.2695,5656.5,0.2694,58841741.0,15426546.39044
1753507549305,05:25:49.305,bitget,ALGO/USDT:USDT,0.2694,25795.1,0.2695,5656.5,0.2694,58841741.0,15426546.39044
1753507549662,05:25:49.662,bitget,ALGO/USDT:USDT,0.2694,25795.1,0.2695,5656.5,0.2694,58841741.0,15426546.39044
1753507549972,05:25:49.972,bitget,ALGO/USDT:USDT,0.2694,25795.1,0.2695,5656.5,0.2694,58841741.0,15426546.39044
1753507550296,05:25:50.296,bitget,ALGO/USDT:USDT,0.2694,25795.1,0.2695,5656.5,0.2694,58841741.0,15426546.39044
