timestamp,time,exchange,symbol,bid,bidVolume,ask,askVolume,lastPrice,baseVolume,quoteVolume
1753504792421,04:39:52.421,bitget,AAVE/USDT:USDT,297.73,5.0,297.74,1.8,297.77,253573.4,73802411.5
1753504794810,04:39:54.810,bitget,AAVE/USDT:USDT,297.72,25.8,297.73,2.5,297.77,253573.4,73802411.5
1753504795123,04:39:55.123,bitget,AAVE/USDT:USDT,297.72,25.8,297.73,2.5,297.77,253573.4,73802411.5
1753504795506,04:39:55.506,bitget,AAVE/USDT:USDT,297.72,29.2,297.75,8.7,297.77,253573.4,73802411.5
1753504795837,04:39:55.837,bitget,AAVE/USDT:USDT,297.72,29.2,297.75,8.7,297.77,253573.4,73802411.5
1753504796152,04:39:56.152,bitget,AAVE/USDT:USDT,297.72,27.7,297.74,4.3,297.77,253573.4,73802411.5
1753504796527,04:39:56.527,bitget,AAVE/USDT:USDT,297.72,27.7,297.75,6.7,297.77,253573.4,73802411.5
1753504796896,04:39:56.896,bitget,AAVE/USDT:USDT,297.72,27.7,297.74,5.4,297.77,253573.4,73802411.5
1753504797214,04:39:57.214,bitget,AAVE/USDT:USDT,297.72,27.7,297.74,5.4,297.77,253573.4,73802411.5
1753504797526,04:39:57.526,bitget,AAVE/USDT:USDT,297.72,27.7,297.74,5.4,297.77,253573.4,73802411.5
1753504798259,04:39:58.259,bitget,AAVE/USDT:USDT,297.75,0.3,297.78,6.4,297.77,253573.4,73802411.5
1753504798571,04:39:58.571,bitget,AAVE/USDT:USDT,297.75,2.2,297.77,0.5,297.77,253573.4,73802411.5
1753504798895,04:39:58.895,bitget,AAVE/USDT:USDT,297.74,0.5,297.76,2.8,297.75,253573.4,73802411.5
1753504799267,04:39:59.267,bitget,AAVE/USDT:USDT,297.75,0.3,297.76,2.7,297.75,253573.4,73802411.5
1753504799614,04:39:59.614,bitget,AAVE/USDT:USDT,297.75,0.3,297.76,2.7,297.75,253573.4,73802411.5
1753504799975,04:39:59.975,bitget,AAVE/USDT:USDT,297.75,0.3,297.76,2.7,297.75,253573.4,73802411.5
1753504800753,04:40:00.753,bitget,AAVE/USDT:USDT,297.75,0.3,297.76,0.5,297.75,252823.0,73587142.502
1753504801676,04:40:01.676,bitget,AAVE/USDT:USDT,297.75,0.3,297.76,0.5,297.75,253573.4,73802411.5
1753504802149,04:40:02.149,bitget,AAVE/USDT:USDT,297.75,0.3,297.76,0.5,297.75,252823.0,73587142.502
1753504803049,04:40:03.049,bitget,AAVE/USDT:USDT,297.75,0.3,297.76,0.5,297.75,252823.0,73587142.502
1753504803754,04:40:03.754,bitget,AAVE/USDT:USDT,297.75,0.3,297.76,0.8,297.75,252823.0,73587142.502
1753504804064,04:40:04.064,bitget,AAVE/USDT:USDT,297.75,0.3,297.76,0.8,297.75,252823.0,73587142.502
1753504804400,04:40:04.400,bitget,AAVE/USDT:USDT,297.74,0.8,297.76,0.5,297.75,252823.0,73587142.502
1753504804834,04:40:04.834,bitget,AAVE/USDT:USDT,297.74,0.8,297.76,0.5,297.75,252823.0,73587142.502
1753504805856,04:40:05.856,bitget,AAVE/USDT:USDT,297.74,0.5,297.76,0.8,297.75,252823.0,73587142.502
1753504806175,04:40:06.175,bitget,AAVE/USDT:USDT,297.74,0.5,297.76,0.8,297.75,252823.0,73587142.502
1753504806915,04:40:06.915,bitget,AAVE/USDT:USDT,297.74,0.5,297.76,0.8,297.75,252823.0,73587142.502
1753504807247,04:40:07.247,bitget,AAVE/USDT:USDT,297.75,0.3,297.76,0.5,297.75,252823.0,73587142.502
1753504807562,04:40:07.562,bitget,AAVE/USDT:USDT,297.75,0.3,297.76,0.5,297.75,252823.0,73587142.502
1753504807873,04:40:07.873,bitget,AAVE/USDT:USDT,297.75,0.3,297.76,0.5,297.75,252823.0,73587142.502
1753504808217,04:40:08.217,bitget,AAVE/USDT:USDT,297.75,0.3,297.76,0.5,297.75,252823.0,73587142.502
1753504808548,04:40:08.548,bitget,AAVE/USDT:USDT,297.75,0.3,297.76,0.5,297.75,252823.0,73587142.502
1753504808861,04:40:08.861,bitget,AAVE/USDT:USDT,297.75,0.3,297.76,0.5,297.75,252823.0,73587142.502
1753504809567,04:40:09.567,bitget,AAVE/USDT:USDT,297.77,0.3,297.78,2.8,297.75,252823.0,73587142.502
1753504809884,04:40:09.884,bitget,AAVE/USDT:USDT,297.77,0.3,297.78,2.8,297.75,252823.0,73587142.502
1753504810193,04:40:10.193,bitget,AAVE/USDT:USDT,297.77,0.3,297.78,2.3,297.75,252823.0,73587142.502
1753504810503,04:40:10.503,bitget,AAVE/USDT:USDT,297.77,0.3,297.78,2.3,297.75,252823.0,73587142.502
1753504810834,04:40:10.834,bitget,AAVE/USDT:USDT,297.77,0.3,297.78,2.6,297.75,252823.0,73587142.502
1753504811155,04:40:11.155,bitget,AAVE/USDT:USDT,297.77,0.3,297.78,2.6,297.75,252823.0,73587142.502
1753504811472,04:40:11.472,bitget,AAVE/USDT:USDT,297.76,0.3,297.77,2.6,297.75,252823.0,73587142.502
1753504811892,04:40:11.892,bitget,AAVE/USDT:USDT,297.76,0.3,297.77,2.3,297.75,252823.0,73587142.502
1753504812568,04:40:12.568,bitget,AAVE/USDT:USDT,297.76,0.3,297.77,2.3,297.75,252823.0,73587142.502
1753504812875,04:40:12.875,bitget,AAVE/USDT:USDT,297.76,0.3,297.77,2.2,297.75,252823.0,73587142.502
1753504813234,04:40:13.234,bitget,AAVE/USDT:USDT,297.76,0.3,297.77,4.2,297.75,252823.0,73587142.502
1753504813596,04:40:13.596,bitget,AAVE/USDT:USDT,297.75,1.9,297.77,4.4,297.75,252823.0,73587142.502
1753504813906,04:40:13.906,bitget,AAVE/USDT:USDT,297.75,2.2,297.76,0.8,297.75,252823.0,73587142.502
1753504814269,04:40:14.269,bitget,AAVE/USDT:USDT,297.75,3.7,297.76,0.5,297.75,252823.0,73587142.502
1753504814682,04:40:14.682,bitget,AAVE/USDT:USDT,297.76,0.3,297.77,4.1,297.75,252823.0,73587142.502
1753504814995,04:40:14.995,bitget,AAVE/USDT:USDT,297.76,0.3,297.77,4.1,297.75,252823.0,73587142.502
1753504815316,04:40:15.316,bitget,AAVE/USDT:USDT,297.76,2.2,297.77,2.1,297.75,252823.0,73587142.502
1753504815700,04:40:15.700,bitget,AAVE/USDT:USDT,297.85,0.5,297.86,2.8,297.8,252823.0,73587142.502
1753504816341,04:40:16.341,bitget,AAVE/USDT:USDT,297.85,2.3,297.86,0.5,297.8,252823.0,73587142.502
1753504816672,04:40:16.672,bitget,AAVE/USDT:USDT,297.86,0.3,297.87,1.7,297.8,252832.4,73589941.612
1753504817583,04:40:17.583,bitget,AAVE/USDT:USDT,297.86,2.3,297.88,1.7,297.8,252832.4,73589941.612
1753504817897,04:40:17.897,bitget,AAVE/USDT:USDT,297.87,0.5,297.88,1.5,297.8,252832.4,73589941.612
1753504818255,04:40:18.255,bitget,AAVE/USDT:USDT,297.87,0.8,297.88,1.5,297.8,252832.4,73589941.612
1753504818601,04:40:18.601,bitget,AAVE/USDT:USDT,297.87,0.8,297.88,1.5,297.8,252832.4,73589941.612
1753504818911,04:40:18.911,bitget,AAVE/USDT:USDT,297.87,0.5,297.88,1.5,297.8,252832.4,73589941.612
1753504819251,04:40:19.251,bitget,AAVE/USDT:USDT,297.87,0.5,297.88,4.0,297.8,252832.4,73589941.612
1753504819630,04:40:19.630,bitget,AAVE/USDT:USDT,297.87,0.5,297.88,2.0,297.8,252832.4,73589941.612
1753504819942,04:40:19.942,bitget,AAVE/USDT:USDT,297.87,0.5,297.88,2.0,297.8,252832.4,73589941.612
1753504820253,04:40:20.253,bitget,AAVE/USDT:USDT,297.87,2.0,297.88,0.3,297.8,252832.4,73589941.612
1753504820927,04:40:20.927,bitget,AAVE/USDT:USDT,297.87,2.3,297.88,1.3,297.8,252832.4,73589941.612
1753504821243,04:40:21.243,bitget,AAVE/USDT:USDT,297.87,0.5,297.88,1.3,297.8,252832.4,73589941.612
1753504821553,04:40:21.553,bitget,AAVE/USDT:USDT,297.87,0.5,297.88,1.3,297.8,252832.4,73589941.612
1753504821927,04:40:21.927,bitget,AAVE/USDT:USDT,297.87,0.5,297.88,1.3,297.8,252832.4,73589941.612
1753504822277,04:40:22.277,bitget,AAVE/USDT:USDT,297.87,0.5,297.88,1.3,297.8,252832.4,73589941.612
1753504822909,04:40:22.909,bitget,AAVE/USDT:USDT,297.89,0.5,297.9,5.7,297.8,252832.4,73589941.612
1753504823688,04:40:23.688,bitget,AAVE/USDT:USDT,297.89,0.5,297.9,5.7,297.8,252832.4,73589941.612
1753504824013,04:40:24.013,bitget,AAVE/USDT:USDT,297.83,4.0,297.85,2.9,297.8,252832.4,73589941.612
1753504824402,04:40:24.402,bitget,AAVE/USDT:USDT,297.83,2.8,297.84,0.5,297.8,252832.4,73589941.612
1753504824746,04:40:24.746,bitget,AAVE/USDT:USDT,297.83,2.8,297.84,0.5,297.8,252832.4,73589941.612
1753504825050,04:40:25.050,bitget,AAVE/USDT:USDT,297.83,2.5,297.84,0.8,297.8,252832.4,73589941.612
1753504825370,04:40:25.370,bitget,AAVE/USDT:USDT,297.83,2.5,297.84,0.8,297.8,252832.4,73589941.612
1753504825724,04:40:25.724,bitget,AAVE/USDT:USDT,297.83,2.5,297.84,0.8,297.8,252832.4,73589941.612
1753504826048,04:40:26.048,bitget,AAVE/USDT:USDT,297.83,2.8,297.84,0.8,297.8,252832.4,73589941.612
1753504826731,04:40:26.731,bitget,AAVE/USDT:USDT,297.83,2.5,297.84,0.8,297.8,252832.4,73589941.612
1753504827169,04:40:27.169,bitget,AAVE/USDT:USDT,297.81,0.2,297.82,5.2,297.8,252832.4,73589941.612
1753504827928,04:40:27.928,bitget,AAVE/USDT:USDT,297.8,31.3,297.81,0.8,297.8,252832.4,73589941.612
1753504828739,04:40:28.739,bitget,AAVE/USDT:USDT,297.8,31.3,297.81,0.8,297.8,252832.4,73589941.612
1753504829764,04:40:29.764,bitget,AAVE/USDT:USDT,297.8,31.3,297.81,0.8,297.8,252832.4,73589941.612
1753504830077,04:40:30.077,bitget,AAVE/USDT:USDT,297.8,31.3,297.81,0.8,297.8,252832.4,73589941.612
1753504830495,04:40:30.495,bitget,AAVE/USDT:USDT,297.8,31.3,297.81,0.8,297.8,252832.4,73589941.612
1753504830849,04:40:30.849,bitget,AAVE/USDT:USDT,297.8,31.3,297.81,0.8,297.8,252832.4,73589941.612
1753504831163,04:40:31.163,bitget,AAVE/USDT:USDT,297.81,0.5,297.82,0.8,297.8,252832.4,73589941.612
1753504831984,04:40:31.984,bitget,AAVE/USDT:USDT,297.81,0.5,297.84,0.5,297.8,252832.4,73589941.612
1753504832556,04:40:32.556,bitget,AAVE/USDT:USDT,297.83,0.5,297.84,3.7,297.8,252832.4,73589941.612
1753504832885,04:40:32.885,bitget,AAVE/USDT:USDT,297.81,2.2,297.82,0.7,297.8,252832.4,73589941.612
1753504833608,04:40:33.608,bitget,AAVE/USDT:USDT,297.83,2.7,297.84,0.5,297.8,252832.4,73589941.612
1753504833933,04:40:33.933,bitget,AAVE/USDT:USDT,297.83,3.9,297.86,0.1,297.8,252832.4,73589941.612
1753504834252,04:40:34.252,bitget,AAVE/USDT:USDT,297.83,2.7,297.84,0.5,297.8,252832.4,73589941.612
1753504834660,04:40:34.660,bitget,AAVE/USDT:USDT,297.83,2.7,297.85,0.5,297.8,252832.4,73589941.612
1753504835392,04:40:35.392,bitget,AAVE/USDT:USDT,297.85,31.6,297.86,0.1,297.8,252832.4,73589941.612
1753504835735,04:40:35.735,bitget,AAVE/USDT:USDT,297.85,28.2,297.86,0.6,297.8,252832.4,73589941.612
1753504836087,04:40:36.087,bitget,AAVE/USDT:USDT,297.85,29.7,297.87,1.3,297.8,252832.4,73589941.612
1753504836741,04:40:36.741,bitget,AAVE/USDT:USDT,297.84,0.5,297.85,2.7,297.8,252832.4,73589941.612
1753504837246,04:40:37.246,bitget,AAVE/USDT:USDT,297.84,0.5,297.85,2.7,297.8,252832.4,73589941.612
1753504838356,04:40:38.356,bitget,AAVE/USDT:USDT,297.84,0.5,297.85,2.7,297.8,252832.4,73589941.612
1753504838714,04:40:38.714,bitget,AAVE/USDT:USDT,297.79,0.5,297.82,0.3,297.8,252832.4,73589941.612
1753504839028,04:40:39.028,bitget,AAVE/USDT:USDT,297.74,2.5,297.75,1.8,297.8,252832.4,73589941.612
1753504839348,04:40:39.348,bitget,AAVE/USDT:USDT,297.74,2.5,297.75,0.8,297.8,252832.4,73589941.612
1753504839811,04:40:39.811,bitget,AAVE/USDT:USDT,297.66,0.7,297.67,5.9,297.73,252832.4,73589941.612
1753504840321,04:40:40.321,bitget,AAVE/USDT:USDT,297.66,1.2,297.67,1.3,297.73,252833.6,73590298.888
1753504841191,04:40:41.191,bitget,AAVE/USDT:USDT,297.66,1.2,297.67,3.3,297.73,252833.6,73590298.888
1753504841869,04:40:41.869,bitget,AAVE/USDT:USDT,297.66,1.5,297.67,3.0,297.73,252833.6,73590298.888
1753504842227,04:40:42.227,bitget,AAVE/USDT:USDT,297.71,28.2,297.72,0.1,297.73,252833.6,73590298.888
1753504843217,04:40:43.217,bitget,AAVE/USDT:USDT,297.71,25.8,297.72,3.4,297.73,252833.6,73590298.888
1753504844001,04:40:44.001,bitget,AAVE/USDT:USDT,297.71,27.8,297.72,0.6,297.73,252833.6,73590298.888
1753504845263,04:40:45.263,bitget,AAVE/USDT:USDT,297.71,28.0,297.72,0.1,297.73,252833.6,73590298.888
1753504845620,04:40:45.620,bitget,AAVE/USDT:USDT,297.71,34.0,297.72,0.1,297.73,252833.6,73590298.888
1753504845961,04:40:45.961,bitget,AAVE/USDT:USDT,297.71,34.0,297.72,0.1,297.73,252833.6,73590298.888
1753504846291,04:40:46.291,bitget,AAVE/USDT:USDT,297.71,34.0,297.72,0.1,297.73,252832.4,73589941.612
1753504846972,04:40:46.972,bitget,AAVE/USDT:USDT,297.76,26.3,297.77,2.3,297.73,252833.6,73590298.888
1753504847343,04:40:47.343,bitget,AAVE/USDT:USDT,297.76,26.3,297.77,2.3,297.73,252833.6,73590298.888
1753504847869,04:40:47.869,bitget,AAVE/USDT:USDT,297.76,27.5,297.77,0.5,297.76,252834.2,73590477.544
1753504848827,04:40:48.827,bitget,AAVE/USDT:USDT,297.76,27.5,297.77,0.5,297.76,252833.6,73590298.888
1753504849648,04:40:49.648,bitget,AAVE/USDT:USDT,297.8,26.3,297.81,1.3,297.76,252834.2,73590477.544
1753504849963,04:40:49.963,bitget,AAVE/USDT:USDT,297.8,26.3,297.81,1.3,297.76,252834.2,73590477.544
1753504850277,04:40:50.277,bitget,AAVE/USDT:USDT,297.8,26.3,297.81,1.3,297.76,252834.2,73590477.544
1753504850665,04:40:50.665,bitget,AAVE/USDT:USDT,297.8,26.3,297.81,0.3,297.76,252834.2,73590477.544
1753504850984,04:40:50.984,bitget,AAVE/USDT:USDT,297.8,26.3,297.81,0.3,297.76,252834.2,73590477.544
1753504851672,04:40:51.672,bitget,AAVE/USDT:USDT,297.8,26.3,297.81,0.3,297.76,252834.2,73590477.544
1753504852056,04:40:52.056,bitget,AAVE/USDT:USDT,297.8,26.3,297.81,0.3,297.76,252834.2,73590477.544
1753504852681,04:40:52.681,bitget,AAVE/USDT:USDT,297.81,2.0,297.82,0.3,297.76,252834.2,73590477.544
1753504854430,04:40:54.430,bitget,AAVE/USDT:USDT,297.87,0.5,297.91,8.3,297.76,252834.2,73590477.544
1753504854758,04:40:54.758,bitget,AAVE/USDT:USDT,297.87,0.5,297.91,8.3,297.76,252834.2,73590477.544
1753504855077,04:40:55.077,bitget,AAVE/USDT:USDT,297.89,0.5,297.9,1.8,297.76,252834.2,73590477.544
1753504855452,04:40:55.452,bitget,AAVE/USDT:USDT,297.89,0.5,297.9,1.8,297.76,252834.2,73590477.544
1753504856110,04:40:56.110,bitget,AAVE/USDT:USDT,297.89,0.5,297.9,1.8,297.76,252834.2,73590477.544
1753504856422,04:40:56.422,bitget,AAVE/USDT:USDT,297.89,0.5,297.9,1.8,297.76,252834.2,73590477.544
1753504856772,04:40:56.772,bitget,AAVE/USDT:USDT,297.86,0.8,297.89,1.8,297.76,252834.2,73590477.544
1753504857133,04:40:57.133,bitget,AAVE/USDT:USDT,297.87,0.8,297.88,0.8,297.76,252834.2,73590477.544
1753504857770,04:40:57.770,bitget,AAVE/USDT:USDT,297.87,2.3,297.88,0.5,297.76,252834.2,73590477.544
1753504858385,04:40:58.385,bitget,AAVE/USDT:USDT,297.87,0.5,297.88,0.8,297.76,252834.2,73590477.544
1753504858696,04:40:58.696,bitget,AAVE/USDT:USDT,297.87,0.5,297.88,0.8,297.76,252834.2,73590477.544
1753504859076,04:40:59.076,bitget,AAVE/USDT:USDT,297.87,0.5,297.88,0.8,297.76,252834.2,73590477.544
1753504860255,04:41:00.255,bitget,AAVE/USDT:USDT,297.87,3.4,297.88,0.3,297.91,252840.6,73592384.09
1753504860620,04:41:00.620,bitget,AAVE/USDT:USDT,297.87,2.4,297.88,1.3,297.91,252840.6,73592384.09
1753504861244,04:41:01.244,bitget,AAVE/USDT:USDT,297.87,2.4,297.88,0.8,297.91,252840.6,73592384.09
1753504862331,04:41:02.331,bitget,AAVE/USDT:USDT,297.87,2.4,297.88,0.8,297.91,252834.2,73590477.544
1753504862732,04:41:02.732,bitget,AAVE/USDT:USDT,297.87,2.4,297.88,0.8,297.91,252500.4,73494795.964
1753504863053,04:41:03.053,bitget,AAVE/USDT:USDT,297.87,2.4,297.88,0.8,297.91,252500.4,73494795.964
1753504864078,04:41:04.078,bitget,AAVE/USDT:USDT,297.9,29.7,297.93,0.2,297.91,252500.4,73494795.964
1753504865066,04:41:05.066,bitget,AAVE/USDT:USDT,297.92,2.7,297.93,0.2,297.91,252500.4,73494795.964
1753504865381,04:41:05.381,bitget,AAVE/USDT:USDT,297.92,2.7,297.93,0.2,297.91,252500.4,73494795.964
1753504866034,04:41:06.034,bitget,AAVE/USDT:USDT,297.92,2.7,297.93,0.2,297.91,252500.4,73494795.964
1753504866352,04:41:06.352,bitget,AAVE/USDT:USDT,297.92,2.7,297.93,0.2,297.91,252500.4,73494795.964
1753504866670,04:41:06.670,bitget,AAVE/USDT:USDT,297.92,4.8,297.93,0.2,297.91,252500.4,73494795.964
1753504867102,04:41:07.102,bitget,AAVE/USDT:USDT,297.95,0.8,297.96,0.5,297.91,252500.4,73494795.964
1753504867754,04:41:07.754,bitget,AAVE/USDT:USDT,297.95,2.3,297.96,0.5,297.91,252500.4,73494795.964
1753504868077,04:41:08.077,bitget,AAVE/USDT:USDT,297.95,0.5,297.96,0.8,297.91,252500.4,73494795.964
1753504868410,04:41:08.410,bitget,AAVE/USDT:USDT,297.95,0.8,297.96,0.5,297.91,252500.4,73494795.964
1753504868746,04:41:08.746,bitget,AAVE/USDT:USDT,297.95,0.8,297.96,0.5,297.91,252500.4,73494795.964
1753504869060,04:41:09.060,bitget,AAVE/USDT:USDT,297.95,0.8,297.96,0.5,297.91,252500.4,73494795.964
1753504869393,04:41:09.393,bitget,AAVE/USDT:USDT,297.95,0.5,297.96,0.8,297.91,252500.4,73494795.964
1753504870067,04:41:10.067,bitget,AAVE/USDT:USDT,297.95,0.8,297.96,0.5,297.91,252500.4,73494795.964
1753504870390,04:41:10.390,bitget,AAVE/USDT:USDT,297.95,0.5,297.96,0.8,297.91,252500.4,73494795.964
1753504870827,04:41:10.827,bitget,AAVE/USDT:USDT,297.95,0.8,297.96,0.8,297.91,252500.4,73494795.964
1753504871747,04:41:11.747,bitget,AAVE/USDT:USDT,297.95,0.8,297.96,0.5,297.91,252500.4,73494795.964
1753504872181,04:41:12.181,bitget,AAVE/USDT:USDT,297.95,0.8,297.96,0.8,297.91,252500.4,73494795.964
1753504872496,04:41:12.496,bitget,AAVE/USDT:USDT,297.95,0.5,297.96,0.8,297.91,252500.4,73494795.964
1753504872813,04:41:12.813,bitget,AAVE/USDT:USDT,297.95,0.5,297.96,0.8,297.91,252500.4,73494795.964
1753504873137,04:41:13.137,bitget,AAVE/USDT:USDT,297.97,26.3,297.98,0.5,297.96,252500.4,73494795.964
1753504874092,04:41:14.092,bitget,AAVE/USDT:USDT,297.97,26.3,297.98,1.0,297.96,252500.4,73494795.964
1753504874479,04:41:14.479,bitget,AAVE/USDT:USDT,297.97,26.3,297.98,1.0,297.96,252501.4,73495093.924
1753504875348,04:41:15.348,bitget,AAVE/USDT:USDT,297.97,26.3,297.98,1.0,297.96,252500.4,73494795.964
1753504876665,04:41:16.665,bitget,AAVE/USDT:USDT,298.0,0.5,298.01,2.6,297.96,252501.4,73495093.924
1753504877688,04:41:17.688,bitget,AAVE/USDT:USDT,298.0,0.3,298.01,3.0,298.0,252500.4,73494795.964
1753504878373,04:41:18.373,bitget,AAVE/USDT:USDT,297.98,2.4,297.99,0.8,298.0,252501.8,73495213.124
1753504878680,04:41:18.680,bitget,AAVE/USDT:USDT,297.98,2.4,297.99,0.8,298.0,252501.8,73495213.124
1753504878991,04:41:18.991,bitget,AAVE/USDT:USDT,297.98,2.4,297.99,0.5,298.0,252501.8,73495213.124
1753504879882,04:41:19.882,bitget,AAVE/USDT:USDT,297.98,2.4,297.99,1.0,298.0,252501.4,73495093.924
1753504880501,04:41:20.501,bitget,AAVE/USDT:USDT,297.98,2.4,297.99,1.0,298.0,252501.8,73495213.124
1753504880863,04:41:20.863,bitget,AAVE/USDT:USDT,297.98,2.4,297.99,1.2,298.0,252501.8,73495213.124
1753504881179,04:41:21.179,bitget,AAVE/USDT:USDT,297.98,2.4,297.99,1.2,298.0,252501.8,73495213.124
1753504881490,04:41:21.490,bitget,AAVE/USDT:USDT,297.98,2.4,297.99,1.0,298.0,252501.8,73495213.124
1753504881897,04:41:21.897,bitget,AAVE/USDT:USDT,297.98,2.4,297.99,1.0,298.0,252501.8,73495213.124
1753504882252,04:41:22.252,bitget,AAVE/USDT:USDT,297.98,2.4,297.99,1.0,298.0,252501.8,73495213.124
1753504882572,04:41:22.572,bitget,AAVE/USDT:USDT,297.98,2.4,297.99,1.0,298.0,252501.8,73495213.124
1753504882880,04:41:22.880,bitget,AAVE/USDT:USDT,297.98,2.4,297.99,1.0,298.0,252501.8,73495213.124
1753504883216,04:41:23.216,bitget,AAVE/USDT:USDT,297.98,2.4,297.99,1.0,298.0,252501.8,73495213.124
1753504883949,04:41:23.949,bitget,AAVE/USDT:USDT,297.98,2.4,297.99,0.8,298.0,252501.8,73495213.124
1753504884879,04:41:24.879,bitget,AAVE/USDT:USDT,297.98,4.5,297.99,0.8,298.0,252501.8,73495213.124
1753504885561,04:41:25.561,bitget,AAVE/USDT:USDT,297.98,2.4,297.99,0.8,298.0,252501.8,73495213.124
1753504885904,04:41:25.904,bitget,AAVE/USDT:USDT,297.98,2.4,297.99,0.8,298.0,252501.8,73495213.124
1753504886214,04:41:26.214,bitget,AAVE/USDT:USDT,297.98,2.4,297.99,0.8,298.0,252501.8,73495213.124
1753504886951,04:41:26.951,bitget,AAVE/USDT:USDT,298.0,1.0,298.01,3.0,298.02,252501.8,73495213.124
1753504887382,04:41:27.382,bitget,AAVE/USDT:USDT,297.98,1.1,298.01,3.0,298.02,252501.8,73495213.124
1753504887999,04:41:27.999,bitget,AAVE/USDT:USDT,297.97,29.8,297.98,0.3,297.99,252501.8,73495213.124
1753504888975,04:41:28.975,bitget,AAVE/USDT:USDT,297.97,29.8,297.98,0.3,297.99,252594.2,73522754.31
1753504889346,04:41:29.346,bitget,AAVE/USDT:USDT,298.0,0.5,298.03,1.9,297.99,252593.8,73522635.114
1753504889836,04:41:29.836,bitget,AAVE/USDT:USDT,298.02,0.5,298.03,2.9,297.99,252501.8,73495213.124
1753504890525,04:41:30.525,bitget,AAVE/USDT:USDT,298.02,0.5,298.03,2.7,297.99,252594.2,73522754.31
1753504890918,04:41:30.918,bitget,AAVE/USDT:USDT,298.02,3.0,298.03,0.8,298.03,252594.2,73522754.31
1753504891238,04:41:31.238,bitget,AAVE/USDT:USDT,298.02,3.0,298.03,0.8,298.03,252594.2,73522754.31
1753504891613,04:41:31.613,bitget,AAVE/USDT:USDT,298.02,0.5,298.03,0.8,298.03,252594.2,73522754.31
1753504891999,04:41:31.999,bitget,AAVE/USDT:USDT,298.02,0.5,298.03,0.8,298.03,252594.2,73522754.31
1753504892472,04:41:32.472,bitget,AAVE/USDT:USDT,298.02,0.5,298.03,0.8,298.03,252594.4,73522813.916
1753504893280,04:41:33.280,bitget,AAVE/USDT:USDT,298.03,1.9,298.05,0.5,298.03,252594.2,73522754.31
1753504894239,04:41:34.239,bitget,AAVE/USDT:USDT,298.07,0.5,298.08,1.1,298.03,252594.4,73522813.916
1753504894629,04:41:34.629,bitget,AAVE/USDT:USDT,298.07,1.5,298.08,0.6,298.03,252594.2,73522754.31
1753504895375,04:41:35.375,bitget,AAVE/USDT:USDT,298.07,0.5,298.08,0.6,298.03,252594.2,73522754.31
1753504895985,04:41:35.985,bitget,AAVE/USDT:USDT,298.05,28.2,298.07,2.7,298.03,252594.4,73522813.916
1753504896633,04:41:36.633,bitget,AAVE/USDT:USDT,298.05,30.7,298.07,0.8,298.03,252594.4,73522813.916
1753504897349,04:41:37.349,bitget,AAVE/USDT:USDT,298.06,0.5,298.07,0.3,298.03,252594.4,73522813.916
1753504897698,04:41:37.698,bitget,AAVE/USDT:USDT,298.06,0.5,298.07,0.3,298.03,252594.4,73522813.916
1753504898058,04:41:38.058,bitget,AAVE/USDT:USDT,298.08,0.5,298.09,4.4,298.03,252594.4,73522813.916
1753504898712,04:41:38.712,bitget,AAVE/USDT:USDT,298.08,2.0,298.09,0.3,298.03,252594.4,73522813.916
1753504899041,04:41:39.041,bitget,AAVE/USDT:USDT,298.08,2.0,298.09,0.3,298.03,252594.4,73522813.916
1753504899352,04:41:39.352,bitget,AAVE/USDT:USDT,298.08,2.0,298.09,0.3,298.03,252594.4,73522813.916
1753504899710,04:41:39.710,bitget,AAVE/USDT:USDT,298.11,0.5,298.12,0.3,298.03,252594.4,73522813.916
1753504900135,04:41:40.135,bitget,AAVE/USDT:USDT,298.11,0.5,298.12,0.3,298.03,252594.4,73522813.916
1753504900486,04:41:40.486,bitget,AAVE/USDT:USDT,298.11,0.5,298.12,0.3,298.03,252594.4,73522813.916
1753504900798,04:41:40.798,bitget,AAVE/USDT:USDT,298.11,0.5,298.12,0.3,298.03,252594.4,73522813.916
1753504901120,04:41:41.120,bitget,AAVE/USDT:USDT,298.13,2.7,298.14,0.7,298.03,252594.4,73522813.916
1753504901778,04:41:41.778,bitget,AAVE/USDT:USDT,298.13,2.4,298.14,1.0,298.03,252594.4,73522813.916
1753504902109,04:41:42.109,bitget,AAVE/USDT:USDT,298.14,0.8,298.15,0.5,298.14,252594.4,73522813.916
1753504903107,04:41:43.107,bitget,AAVE/USDT:USDT,298.14,0.5,298.15,0.5,298.14,252594.4,73522813.916
1753504903428,04:41:43.428,bitget,AAVE/USDT:USDT,298.14,0.5,298.15,0.5,298.14,252594.4,73522813.916
1753504903840,04:41:43.840,bitget,AAVE/USDT:USDT,298.14,0.4,298.15,1.5,298.14,252595.2,73523052.428
1753504904221,04:41:44.221,bitget,AAVE/USDT:USDT,298.14,0.4,298.15,1.5,298.14,252595.2,73523052.428
1753504904535,04:41:44.535,bitget,AAVE/USDT:USDT,298.14,0.4,298.15,1.5,298.14,252595.2,73523052.428
1753504904946,04:41:44.946,bitget,AAVE/USDT:USDT,298.14,0.4,298.15,1.5,298.14,252595.4,73523112.056
1753504905678,04:41:45.678,bitget,AAVE/USDT:USDT,298.14,0.4,298.15,1.5,298.14,252595.2,73523052.428
1753504905995,04:41:45.995,bitget,AAVE/USDT:USDT,298.14,0.4,298.15,1.5,298.14,252595.4,73523112.056
1753504906353,04:41:46.353,bitget,AAVE/USDT:USDT,298.14,0.4,298.15,1.5,298.14,252595.4,73523112.056
1753504906728,04:41:46.728,bitget,AAVE/USDT:USDT,298.14,2.9,298.15,0.2,298.14,252595.4,73523112.056
1753504907043,04:41:47.043,bitget,AAVE/USDT:USDT,298.14,0.4,298.15,1.0,298.14,252595.4,73523112.056
1753504907778,04:41:47.778,bitget,AAVE/USDT:USDT,298.13,0.5,298.14,3.1,298.14,252595.4,73523112.056
1753504908096,04:41:48.096,bitget,AAVE/USDT:USDT,298.13,0.5,298.14,3.1,298.14,252595.4,73523112.056
1753504909092,04:41:49.092,bitget,AAVE/USDT:USDT,298.13,0.5,298.14,3.1,298.14,252595.4,73523112.056
1753504909403,04:41:49.403,bitget,AAVE/USDT:USDT,298.13,2.0,298.14,3.1,298.14,252595.4,73523112.056
1753504909713,04:41:49.713,bitget,AAVE/USDT:USDT,298.13,2.0,298.14,2.6,298.14,252595.4,73523112.056
1753504910063,04:41:50.063,bitget,AAVE/USDT:USDT,298.13,2.0,298.14,2.6,298.14,252595.4,73523112.056
1753504911039,04:41:51.039,bitget,AAVE/USDT:USDT,298.13,0.5,298.14,2.6,298.14,252595.4,73523112.056
1753504911392,04:41:51.392,bitget,AAVE/USDT:USDT,298.13,0.5,298.14,2.6,298.14,252595.4,73523112.056
1753504911792,04:41:51.792,bitget,AAVE/USDT:USDT,298.13,0.5,298.14,2.6,298.14,252595.4,73523112.056
1753504912100,04:41:52.100,bitget,AAVE/USDT:USDT,298.13,0.5,298.14,2.6,298.14,252595.4,73523112.056
1753504912444,04:41:52.444,bitget,AAVE/USDT:USDT,298.13,0.5,298.14,2.6,298.14,252595.4,73523112.056
1753504913301,04:41:53.301,bitget,AAVE/USDT:USDT,298.13,0.5,298.14,2.6,298.14,252595.4,73523112.056
1753504913634,04:41:53.634,bitget,AAVE/USDT:USDT,298.13,0.5,298.14,2.6,298.14,252595.4,73523112.056
1753504914314,04:41:54.314,bitget,AAVE/USDT:USDT,298.13,0.5,298.14,2.6,298.14,252595.4,73523112.056
1753504914625,04:41:54.625,bitget,AAVE/USDT:USDT,298.13,0.5,298.14,2.6,298.14,252595.4,73523112.056
1753504915084,04:41:55.084,bitget,AAVE/USDT:USDT,298.13,0.5,298.14,2.6,298.14,252595.4,73523112.056
1753504915896,04:41:55.896,bitget,AAVE/USDT:USDT,298.13,0.5,298.14,2.6,298.14,252595.4,73523112.056
1753504916643,04:41:56.643,bitget,AAVE/USDT:USDT,298.13,0.5,298.14,2.6,298.14,252595.4,73523112.056
1753504916966,04:41:56.966,bitget,AAVE/USDT:USDT,298.13,0.5,298.14,2.6,298.14,252595.4,73523112.056
1753504917285,04:41:57.285,bitget,AAVE/USDT:USDT,298.13,0.5,298.14,8.1,298.14,252595.4,73523112.056
1753504918190,04:41:58.190,bitget,AAVE/USDT:USDT,298.13,0.8,298.14,7.8,298.14,252595.4,73523112.056
1753504918498,04:41:58.498,bitget,AAVE/USDT:USDT,298.13,0.8,298.14,7.8,298.14,252595.4,73523112.056
1753504919787,04:41:59.787,bitget,AAVE/USDT:USDT,298.13,0.5,298.14,7.8,298.14,252595.4,73523112.056
1753504920264,04:42:00.264,bitget,AAVE/USDT:USDT,298.13,0.5,298.14,7.8,298.14,252567.0,73514972.546
1753504921578,04:42:01.578,bitget,AAVE/USDT:USDT,298.17,0.5,298.18,0.3,298.14,252567.0,73514972.546
1753504922676,04:42:02.676,bitget,AAVE/USDT:USDT,298.17,0.5,298.18,5.0,298.14,252567.0,73514972.546
1753504923050,04:42:03.050,bitget,AAVE/USDT:USDT,298.18,28.0,298.19,0.1,298.14,252567.0,73514972.546
1753504923747,04:42:03.747,bitget,AAVE/USDT:USDT,298.18,28.0,298.19,0.5,298.14,252567.0,73514972.546
1753504924083,04:42:04.083,bitget,AAVE/USDT:USDT,298.18,28.5,298.19,0.3,298.14,252567.0,73514972.546
1753504925563,04:42:05.563,bitget,AAVE/USDT:USDT,298.23,5.4,298.25,0.3,298.19,252567.0,73514972.546
1753504925921,04:42:05.921,bitget,AAVE/USDT:USDT,298.24,0.3,298.25,0.3,298.19,252567.0,73514972.546
1753504926234,04:42:06.234,bitget,AAVE/USDT:USDT,298.24,0.3,298.25,3.0,298.19,252567.6,73515151.46
1753504926910,04:42:06.910,bitget,AAVE/USDT:USDT,298.21,28.2,298.26,2.4,298.18,252567.6,73515151.46
1753504927979,04:42:07.979,bitget,AAVE/USDT:USDT,298.24,0.5,298.25,1.4,298.18,252686.0,73550457.374
1753504928416,04:42:08.416,bitget,AAVE/USDT:USDT,298.24,0.5,298.25,2.1,298.18,252686.0,73550457.374
1753504929594,04:42:09.594,bitget,AAVE/USDT:USDT,298.21,0.5,298.22,3.2,298.18,252686.0,73550457.374
1753504929928,04:42:09.928,bitget,AAVE/USDT:USDT,298.21,0.5,298.22,3.2,298.18,252686.0,73550457.374
1753504930283,04:42:10.283,bitget,AAVE/USDT:USDT,298.21,0.8,298.22,3.8,298.18,252686.0,73550457.374
1753504930757,04:42:10.757,bitget,AAVE/USDT:USDT,298.21,0.5,298.22,5.6,298.18,252686.0,73550457.374
1753504931644,04:42:11.644,bitget,AAVE/USDT:USDT,298.2,0.5,298.21,0.8,298.18,252686.0,73550457.374
1753504931998,04:42:11.998,bitget,AAVE/USDT:USDT,298.2,0.5,298.21,2.8,298.18,252686.0,73550457.374
1753504932326,04:42:12.326,bitget,AAVE/USDT:USDT,298.2,0.5,298.21,2.8,298.18,252686.0,73550457.374
1753504932923,04:42:12.923,bitget,AAVE/USDT:USDT,298.26,0.5,298.27,8.9,298.18,252686.0,73550457.374
1753504933277,04:42:13.277,bitget,AAVE/USDT:USDT,298.26,0.5,298.27,10.9,298.18,252686.0,73550457.374
1753504933588,04:42:13.588,bitget,AAVE/USDT:USDT,298.26,0.5,298.27,10.9,298.18,252686.0,73550457.374
1753504933909,04:42:13.909,bitget,AAVE/USDT:USDT,298.26,0.5,298.27,8.1,298.27,252691.8,73552187.34
1753504934709,04:42:14.709,bitget,AAVE/USDT:USDT,298.22,0.5,298.23,0.8,298.27,252691.8,73552187.34
1753504935043,04:42:15.043,bitget,AAVE/USDT:USDT,298.21,26.3,298.22,0.8,298.27,252691.8,73552187.34
1753504935880,04:42:15.880,bitget,AAVE/USDT:USDT,298.21,26.3,298.22,0.8,298.27,252691.8,73552187.34
1753504936194,04:42:16.194,bitget,AAVE/USDT:USDT,298.21,26.3,298.22,0.5,298.27,252691.8,73552187.34
1753504936506,04:42:16.506,bitget,AAVE/USDT:USDT,298.26,1.3,298.27,0.4,298.27,252691.8,73552187.34
1753504936875,04:42:16.875,bitget,AAVE/USDT:USDT,298.26,0.5,298.27,1.1,298.27,252691.8,73552187.34
1753504937238,04:42:17.238,bitget,AAVE/USDT:USDT,298.26,0.5,298.27,1.1,298.27,252691.8,73552187.34
1753504937562,04:42:17.562,bitget,AAVE/USDT:USDT,298.26,0.5,298.27,1.3,298.27,252691.8,73552187.34
1753504938952,04:42:18.952,bitget,AAVE/USDT:USDT,298.26,0.5,298.27,1.8,298.27,252691.8,73552187.34
1753504939315,04:42:19.315,bitget,AAVE/USDT:USDT,298.26,0.5,298.27,1.8,298.27,252691.8,73552187.34
1753504939645,04:42:19.645,bitget,AAVE/USDT:USDT,298.26,0.5,298.27,1.8,298.27,252691.8,73552187.34
1753504939954,04:42:19.954,bitget,AAVE/USDT:USDT,298.26,0.5,298.27,1.5,298.27,252691.8,73552187.34
1753504940380,04:42:20.380,bitget,AAVE/USDT:USDT,298.27,25.8,298.28,2.4,298.28,252691.8,73552187.34
1753504940821,04:42:20.821,bitget,AAVE/USDT:USDT,298.23,0.5,298.24,2.0,298.28,252686.0,73550457.374
1753504941779,04:42:21.779,bitget,AAVE/USDT:USDT,298.23,0.5,298.24,0.3,298.28,252704.2,73555886.172
1753504942406,04:42:22.406,bitget,AAVE/USDT:USDT,298.26,0.5,298.27,3.4,298.28,252704.2,73555886.172
1753504943270,04:42:23.270,bitget,AAVE/USDT:USDT,298.25,2.3,298.27,0.7,298.28,252704.2,73555886.172
1753504943585,04:42:23.585,bitget,AAVE/USDT:USDT,298.25,2.3,298.27,0.7,298.28,252704.2,73555886.172
1753504943915,04:42:23.915,bitget,AAVE/USDT:USDT,298.25,3.4,298.26,1.3,298.28,252704.2,73555886.172
1753504944920,04:42:24.920,bitget,AAVE/USDT:USDT,298.25,3.7,298.26,1.0,298.28,252704.2,73555886.172
1753504945327,04:42:25.327,bitget,AAVE/USDT:USDT,298.25,2.7,298.26,1.0,298.28,252704.2,73555886.172
1753504946337,04:42:26.337,bitget,AAVE/USDT:USDT,298.25,2.4,298.26,1.3,298.28,252704.2,73555886.172
1753504946793,04:42:26.793,bitget,AAVE/USDT:USDT,298.25,2.4,298.26,1.2,298.26,252704.2,73555886.172
1753504947826,04:42:27.826,bitget,AAVE/USDT:USDT,298.25,2.4,298.26,0.8,298.26,252704.4,73555945.824
1753504948920,04:42:28.920,bitget,AAVE/USDT:USDT,298.25,0.5,298.26,5.5,298.26,252704.4,73555945.824
1753504949321,04:42:29.321,bitget,AAVE/USDT:USDT,298.21,0.5,298.22,2.8,298.26,252704.4,73555945.824
1753504950321,04:42:30.321,bitget,AAVE/USDT:USDT,298.2,0.6,298.21,0.3,298.26,252704.4,73555945.824
1753504950669,04:42:30.669,bitget,AAVE/USDT:USDT,298.2,1.6,298.21,0.3,298.26,252704.4,73555945.824
1753504950982,04:42:30.982,bitget,AAVE/USDT:USDT,298.2,0.6,298.21,0.3,298.26,252704.4,73555945.824
1753504951302,04:42:31.302,bitget,AAVE/USDT:USDT,298.2,0.6,298.21,0.3,298.26,252704.4,73555945.824
1753504952120,04:42:32.120,bitget,AAVE/USDT:USDT,298.22,0.5,298.23,0.8,298.26,252704.4,73555945.824
1753504952479,04:42:32.479,bitget,AAVE/USDT:USDT,298.22,0.5,298.23,0.8,298.26,252704.4,73555945.824
1753504952871,04:42:32.871,bitget,AAVE/USDT:USDT,298.22,0.5,298.23,0.8,298.26,252704.4,73555945.824
1753504953564,04:42:33.564,bitget,AAVE/USDT:USDT,298.22,0.5,298.23,0.3,298.26,252704.4,73555945.824
1753504953891,04:42:33.891,bitget,AAVE/USDT:USDT,298.22,0.5,298.23,0.3,298.26,252704.2,73555886.172
1753504954874,04:42:34.874,bitget,AAVE/USDT:USDT,298.22,0.5,298.23,0.3,298.26,252704.4,73555945.824
1753504955289,04:42:35.289,bitget,AAVE/USDT:USDT,298.22,0.5,298.23,0.3,298.26,252704.4,73555945.824
1753504955668,04:42:35.668,bitget,AAVE/USDT:USDT,298.22,0.5,298.23,0.3,298.26,252704.4,73555945.824
1753504956300,04:42:36.300,bitget,AAVE/USDT:USDT,298.22,0.5,298.23,2.3,298.26,252704.4,73555945.824
1753504956979,04:42:36.979,bitget,AAVE/USDT:USDT,298.22,0.5,298.23,2.3,298.26,252704.4,73555945.824
1753504957301,04:42:37.301,bitget,AAVE/USDT:USDT,298.22,0.5,298.23,2.3,298.26,252704.4,73555945.824
