timestamp,time,exchange,symbol,bid,bidVolume,ask,askVolume,lastPrice,baseVolume,quoteVolume
1753504792421,04:39:52.421,bitget,AAVE/USDT:USDT,297.73,5.0,297.74,1.8,297.77,253573.4,73802411.5
1753504794810,04:39:54.810,bitget,AAVE/USDT:USDT,297.72,25.8,297.73,2.5,297.77,253573.4,73802411.5
1753504795123,04:39:55.123,bitget,AAVE/USDT:USDT,297.72,25.8,297.73,2.5,297.77,253573.4,73802411.5
1753504795506,04:39:55.506,bitget,AAVE/USDT:USDT,297.72,29.2,297.75,8.7,297.77,253573.4,73802411.5
1753504795837,04:39:55.837,bitget,AAVE/USDT:USDT,297.72,29.2,297.75,8.7,297.77,253573.4,73802411.5
1753504796152,04:39:56.152,bitget,AAVE/USDT:USDT,297.72,27.7,297.74,4.3,297.77,253573.4,73802411.5
1753504796527,04:39:56.527,bitget,AAVE/USDT:USDT,297.72,27.7,297.75,6.7,297.77,253573.4,73802411.5
1753504796896,04:39:56.896,bitget,AAVE/USDT:USDT,297.72,27.7,297.74,5.4,297.77,253573.4,73802411.5
1753504797214,04:39:57.214,bitget,AAVE/USDT:USDT,297.72,27.7,297.74,5.4,297.77,253573.4,73802411.5
1753504797526,04:39:57.526,bitget,AAVE/USDT:USDT,297.72,27.7,297.74,5.4,297.77,253573.4,73802411.5
1753504798259,04:39:58.259,bitget,AAVE/USDT:USDT,297.75,0.3,297.78,6.4,297.77,253573.4,73802411.5
1753504798571,04:39:58.571,bitget,AAVE/USDT:USDT,297.75,2.2,297.77,0.5,297.77,253573.4,73802411.5
1753504798895,04:39:58.895,bitget,AAVE/USDT:USDT,297.74,0.5,297.76,2.8,297.75,253573.4,73802411.5
1753504799267,04:39:59.267,bitget,AAVE/USDT:USDT,297.75,0.3,297.76,2.7,297.75,253573.4,73802411.5
1753504799614,04:39:59.614,bitget,AAVE/USDT:USDT,297.75,0.3,297.76,2.7,297.75,253573.4,73802411.5
1753504799975,04:39:59.975,bitget,AAVE/USDT:USDT,297.75,0.3,297.76,2.7,297.75,253573.4,73802411.5
1753504800753,04:40:00.753,bitget,AAVE/USDT:USDT,297.75,0.3,297.76,0.5,297.75,252823.0,73587142.502
1753504801676,04:40:01.676,bitget,AAVE/USDT:USDT,297.75,0.3,297.76,0.5,297.75,253573.4,73802411.5
1753504802149,04:40:02.149,bitget,AAVE/USDT:USDT,297.75,0.3,297.76,0.5,297.75,252823.0,73587142.502
1753504803049,04:40:03.049,bitget,AAVE/USDT:USDT,297.75,0.3,297.76,0.5,297.75,252823.0,73587142.502
1753504803754,04:40:03.754,bitget,AAVE/USDT:USDT,297.75,0.3,297.76,0.8,297.75,252823.0,73587142.502
1753504804064,04:40:04.064,bitget,AAVE/USDT:USDT,297.75,0.3,297.76,0.8,297.75,252823.0,73587142.502
1753504804400,04:40:04.400,bitget,AAVE/USDT:USDT,297.74,0.8,297.76,0.5,297.75,252823.0,73587142.502
1753504804834,04:40:04.834,bitget,AAVE/USDT:USDT,297.74,0.8,297.76,0.5,297.75,252823.0,73587142.502
1753504805856,04:40:05.856,bitget,AAVE/USDT:USDT,297.74,0.5,297.76,0.8,297.75,252823.0,73587142.502
1753504806175,04:40:06.175,bitget,AAVE/USDT:USDT,297.74,0.5,297.76,0.8,297.75,252823.0,73587142.502
1753504806915,04:40:06.915,bitget,AAVE/USDT:USDT,297.74,0.5,297.76,0.8,297.75,252823.0,73587142.502
1753504807247,04:40:07.247,bitget,AAVE/USDT:USDT,297.75,0.3,297.76,0.5,297.75,252823.0,73587142.502
1753504807562,04:40:07.562,bitget,AAVE/USDT:USDT,297.75,0.3,297.76,0.5,297.75,252823.0,73587142.502
1753504807873,04:40:07.873,bitget,AAVE/USDT:USDT,297.75,0.3,297.76,0.5,297.75,252823.0,73587142.502
1753504808217,04:40:08.217,bitget,AAVE/USDT:USDT,297.75,0.3,297.76,0.5,297.75,252823.0,73587142.502
1753504808548,04:40:08.548,bitget,AAVE/USDT:USDT,297.75,0.3,297.76,0.5,297.75,252823.0,73587142.502
1753504808861,04:40:08.861,bitget,AAVE/USDT:USDT,297.75,0.3,297.76,0.5,297.75,252823.0,73587142.502
1753504809567,04:40:09.567,bitget,AAVE/USDT:USDT,297.77,0.3,297.78,2.8,297.75,252823.0,73587142.502
1753504809884,04:40:09.884,bitget,AAVE/USDT:USDT,297.77,0.3,297.78,2.8,297.75,252823.0,73587142.502
1753504810193,04:40:10.193,bitget,AAVE/USDT:USDT,297.77,0.3,297.78,2.3,297.75,252823.0,73587142.502
1753504810503,04:40:10.503,bitget,AAVE/USDT:USDT,297.77,0.3,297.78,2.3,297.75,252823.0,73587142.502
1753504810834,04:40:10.834,bitget,AAVE/USDT:USDT,297.77,0.3,297.78,2.6,297.75,252823.0,73587142.502
1753504811155,04:40:11.155,bitget,AAVE/USDT:USDT,297.77,0.3,297.78,2.6,297.75,252823.0,73587142.502
1753504811472,04:40:11.472,bitget,AAVE/USDT:USDT,297.76,0.3,297.77,2.6,297.75,252823.0,73587142.502
1753504811892,04:40:11.892,bitget,AAVE/USDT:USDT,297.76,0.3,297.77,2.3,297.75,252823.0,73587142.502
1753504812568,04:40:12.568,bitget,AAVE/USDT:USDT,297.76,0.3,297.77,2.3,297.75,252823.0,73587142.502
1753504812875,04:40:12.875,bitget,AAVE/USDT:USDT,297.76,0.3,297.77,2.2,297.75,252823.0,73587142.502
1753504813234,04:40:13.234,bitget,AAVE/USDT:USDT,297.76,0.3,297.77,4.2,297.75,252823.0,73587142.502
1753504813596,04:40:13.596,bitget,AAVE/USDT:USDT,297.75,1.9,297.77,4.4,297.75,252823.0,73587142.502
1753504813906,04:40:13.906,bitget,AAVE/USDT:USDT,297.75,2.2,297.76,0.8,297.75,252823.0,73587142.502
1753504814269,04:40:14.269,bitget,AAVE/USDT:USDT,297.75,3.7,297.76,0.5,297.75,252823.0,73587142.502
1753504814682,04:40:14.682,bitget,AAVE/USDT:USDT,297.76,0.3,297.77,4.1,297.75,252823.0,73587142.502
1753504814995,04:40:14.995,bitget,AAVE/USDT:USDT,297.76,0.3,297.77,4.1,297.75,252823.0,73587142.502
1753504815316,04:40:15.316,bitget,AAVE/USDT:USDT,297.76,2.2,297.77,2.1,297.75,252823.0,73587142.502
1753504815700,04:40:15.700,bitget,AAVE/USDT:USDT,297.85,0.5,297.86,2.8,297.8,252823.0,73587142.502
1753504816341,04:40:16.341,bitget,AAVE/USDT:USDT,297.85,2.3,297.86,0.5,297.8,252823.0,73587142.502
1753504816672,04:40:16.672,bitget,AAVE/USDT:USDT,297.86,0.3,297.87,1.7,297.8,252832.4,73589941.612
1753504817583,04:40:17.583,bitget,AAVE/USDT:USDT,297.86,2.3,297.88,1.7,297.8,252832.4,73589941.612
1753504817897,04:40:17.897,bitget,AAVE/USDT:USDT,297.87,0.5,297.88,1.5,297.8,252832.4,73589941.612
1753504818255,04:40:18.255,bitget,AAVE/USDT:USDT,297.87,0.8,297.88,1.5,297.8,252832.4,73589941.612
1753504818601,04:40:18.601,bitget,AAVE/USDT:USDT,297.87,0.8,297.88,1.5,297.8,252832.4,73589941.612
1753504818911,04:40:18.911,bitget,AAVE/USDT:USDT,297.87,0.5,297.88,1.5,297.8,252832.4,73589941.612
1753504819251,04:40:19.251,bitget,AAVE/USDT:USDT,297.87,0.5,297.88,4.0,297.8,252832.4,73589941.612
1753504819630,04:40:19.630,bitget,AAVE/USDT:USDT,297.87,0.5,297.88,2.0,297.8,252832.4,73589941.612
1753504819942,04:40:19.942,bitget,AAVE/USDT:USDT,297.87,0.5,297.88,2.0,297.8,252832.4,73589941.612
1753504820253,04:40:20.253,bitget,AAVE/USDT:USDT,297.87,2.0,297.88,0.3,297.8,252832.4,73589941.612
1753504820927,04:40:20.927,bitget,AAVE/USDT:USDT,297.87,2.3,297.88,1.3,297.8,252832.4,73589941.612
1753504821243,04:40:21.243,bitget,AAVE/USDT:USDT,297.87,0.5,297.88,1.3,297.8,252832.4,73589941.612
1753504821553,04:40:21.553,bitget,AAVE/USDT:USDT,297.87,0.5,297.88,1.3,297.8,252832.4,73589941.612
1753504821927,04:40:21.927,bitget,AAVE/USDT:USDT,297.87,0.5,297.88,1.3,297.8,252832.4,73589941.612
1753504822277,04:40:22.277,bitget,AAVE/USDT:USDT,297.87,0.5,297.88,1.3,297.8,252832.4,73589941.612
1753504822909,04:40:22.909,bitget,AAVE/USDT:USDT,297.89,0.5,297.9,5.7,297.8,252832.4,73589941.612
1753504823688,04:40:23.688,bitget,AAVE/USDT:USDT,297.89,0.5,297.9,5.7,297.8,252832.4,73589941.612
1753504824013,04:40:24.013,bitget,AAVE/USDT:USDT,297.83,4.0,297.85,2.9,297.8,252832.4,73589941.612
1753504824402,04:40:24.402,bitget,AAVE/USDT:USDT,297.83,2.8,297.84,0.5,297.8,252832.4,73589941.612
1753504824746,04:40:24.746,bitget,AAVE/USDT:USDT,297.83,2.8,297.84,0.5,297.8,252832.4,73589941.612
1753504825050,04:40:25.050,bitget,AAVE/USDT:USDT,297.83,2.5,297.84,0.8,297.8,252832.4,73589941.612
1753504825370,04:40:25.370,bitget,AAVE/USDT:USDT,297.83,2.5,297.84,0.8,297.8,252832.4,73589941.612
1753504825724,04:40:25.724,bitget,AAVE/USDT:USDT,297.83,2.5,297.84,0.8,297.8,252832.4,73589941.612
1753504826048,04:40:26.048,bitget,AAVE/USDT:USDT,297.83,2.8,297.84,0.8,297.8,252832.4,73589941.612
1753504826731,04:40:26.731,bitget,AAVE/USDT:USDT,297.83,2.5,297.84,0.8,297.8,252832.4,73589941.612
1753504827169,04:40:27.169,bitget,AAVE/USDT:USDT,297.81,0.2,297.82,5.2,297.8,252832.4,73589941.612
1753504827928,04:40:27.928,bitget,AAVE/USDT:USDT,297.8,31.3,297.81,0.8,297.8,252832.4,73589941.612
1753504828739,04:40:28.739,bitget,AAVE/USDT:USDT,297.8,31.3,297.81,0.8,297.8,252832.4,73589941.612
1753504829764,04:40:29.764,bitget,AAVE/USDT:USDT,297.8,31.3,297.81,0.8,297.8,252832.4,73589941.612
1753504830077,04:40:30.077,bitget,AAVE/USDT:USDT,297.8,31.3,297.81,0.8,297.8,252832.4,73589941.612
1753504830495,04:40:30.495,bitget,AAVE/USDT:USDT,297.8,31.3,297.81,0.8,297.8,252832.4,73589941.612
1753504830849,04:40:30.849,bitget,AAVE/USDT:USDT,297.8,31.3,297.81,0.8,297.8,252832.4,73589941.612
1753504831163,04:40:31.163,bitget,AAVE/USDT:USDT,297.81,0.5,297.82,0.8,297.8,252832.4,73589941.612
1753504831984,04:40:31.984,bitget,AAVE/USDT:USDT,297.81,0.5,297.84,0.5,297.8,252832.4,73589941.612
1753504832556,04:40:32.556,bitget,AAVE/USDT:USDT,297.83,0.5,297.84,3.7,297.8,252832.4,73589941.612
1753504832885,04:40:32.885,bitget,AAVE/USDT:USDT,297.81,2.2,297.82,0.7,297.8,252832.4,73589941.612
1753504833608,04:40:33.608,bitget,AAVE/USDT:USDT,297.83,2.7,297.84,0.5,297.8,252832.4,73589941.612
1753504833933,04:40:33.933,bitget,AAVE/USDT:USDT,297.83,3.9,297.86,0.1,297.8,252832.4,73589941.612
1753504834252,04:40:34.252,bitget,AAVE/USDT:USDT,297.83,2.7,297.84,0.5,297.8,252832.4,73589941.612
1753504834660,04:40:34.660,bitget,AAVE/USDT:USDT,297.83,2.7,297.85,0.5,297.8,252832.4,73589941.612
1753504835392,04:40:35.392,bitget,AAVE/USDT:USDT,297.85,31.6,297.86,0.1,297.8,252832.4,73589941.612
1753504835735,04:40:35.735,bitget,AAVE/USDT:USDT,297.85,28.2,297.86,0.6,297.8,252832.4,73589941.612
1753504836087,04:40:36.087,bitget,AAVE/USDT:USDT,297.85,29.7,297.87,1.3,297.8,252832.4,73589941.612
1753504836741,04:40:36.741,bitget,AAVE/USDT:USDT,297.84,0.5,297.85,2.7,297.8,252832.4,73589941.612
1753504837246,04:40:37.246,bitget,AAVE/USDT:USDT,297.84,0.5,297.85,2.7,297.8,252832.4,73589941.612
1753504838356,04:40:38.356,bitget,AAVE/USDT:USDT,297.84,0.5,297.85,2.7,297.8,252832.4,73589941.612
1753504838714,04:40:38.714,bitget,AAVE/USDT:USDT,297.79,0.5,297.82,0.3,297.8,252832.4,73589941.612
1753504839028,04:40:39.028,bitget,AAVE/USDT:USDT,297.74,2.5,297.75,1.8,297.8,252832.4,73589941.612
1753504839348,04:40:39.348,bitget,AAVE/USDT:USDT,297.74,2.5,297.75,0.8,297.8,252832.4,73589941.612
1753504839811,04:40:39.811,bitget,AAVE/USDT:USDT,297.66,0.7,297.67,5.9,297.73,252832.4,73589941.612
1753504840321,04:40:40.321,bitget,AAVE/USDT:USDT,297.66,1.2,297.67,1.3,297.73,252833.6,73590298.888
1753504841191,04:40:41.191,bitget,AAVE/USDT:USDT,297.66,1.2,297.67,3.3,297.73,252833.6,73590298.888
1753504841869,04:40:41.869,bitget,AAVE/USDT:USDT,297.66,1.5,297.67,3.0,297.73,252833.6,73590298.888
1753504842227,04:40:42.227,bitget,AAVE/USDT:USDT,297.71,28.2,297.72,0.1,297.73,252833.6,73590298.888
1753504843217,04:40:43.217,bitget,AAVE/USDT:USDT,297.71,25.8,297.72,3.4,297.73,252833.6,73590298.888
1753504844001,04:40:44.001,bitget,AAVE/USDT:USDT,297.71,27.8,297.72,0.6,297.73,252833.6,73590298.888
1753504845263,04:40:45.263,bitget,AAVE/USDT:USDT,297.71,28.0,297.72,0.1,297.73,252833.6,73590298.888
1753504845620,04:40:45.620,bitget,AAVE/USDT:USDT,297.71,34.0,297.72,0.1,297.73,252833.6,73590298.888
1753504845961,04:40:45.961,bitget,AAVE/USDT:USDT,297.71,34.0,297.72,0.1,297.73,252833.6,73590298.888
1753504846291,04:40:46.291,bitget,AAVE/USDT:USDT,297.71,34.0,297.72,0.1,297.73,252832.4,73589941.612
1753504846972,04:40:46.972,bitget,AAVE/USDT:USDT,297.76,26.3,297.77,2.3,297.73,252833.6,73590298.888
1753504847343,04:40:47.343,bitget,AAVE/USDT:USDT,297.76,26.3,297.77,2.3,297.73,252833.6,73590298.888
1753504847869,04:40:47.869,bitget,AAVE/USDT:USDT,297.76,27.5,297.77,0.5,297.76,252834.2,73590477.544
1753504848827,04:40:48.827,bitget,AAVE/USDT:USDT,297.76,27.5,297.77,0.5,297.76,252833.6,73590298.888
1753504849648,04:40:49.648,bitget,AAVE/USDT:USDT,297.8,26.3,297.81,1.3,297.76,252834.2,73590477.544
1753504849963,04:40:49.963,bitget,AAVE/USDT:USDT,297.8,26.3,297.81,1.3,297.76,252834.2,73590477.544
1753504850277,04:40:50.277,bitget,AAVE/USDT:USDT,297.8,26.3,297.81,1.3,297.76,252834.2,73590477.544
1753504850665,04:40:50.665,bitget,AAVE/USDT:USDT,297.8,26.3,297.81,0.3,297.76,252834.2,73590477.544
1753504850984,04:40:50.984,bitget,AAVE/USDT:USDT,297.8,26.3,297.81,0.3,297.76,252834.2,73590477.544
1753504851672,04:40:51.672,bitget,AAVE/USDT:USDT,297.8,26.3,297.81,0.3,297.76,252834.2,73590477.544
1753504852056,04:40:52.056,bitget,AAVE/USDT:USDT,297.8,26.3,297.81,0.3,297.76,252834.2,73590477.544
1753504852681,04:40:52.681,bitget,AAVE/USDT:USDT,297.81,2.0,297.82,0.3,297.76,252834.2,73590477.544
1753504854430,04:40:54.430,bitget,AAVE/USDT:USDT,297.87,0.5,297.91,8.3,297.76,252834.2,73590477.544
1753504854758,04:40:54.758,bitget,AAVE/USDT:USDT,297.87,0.5,297.91,8.3,297.76,252834.2,73590477.544
1753504855077,04:40:55.077,bitget,AAVE/USDT:USDT,297.89,0.5,297.9,1.8,297.76,252834.2,73590477.544
1753504855452,04:40:55.452,bitget,AAVE/USDT:USDT,297.89,0.5,297.9,1.8,297.76,252834.2,73590477.544
1753504856110,04:40:56.110,bitget,AAVE/USDT:USDT,297.89,0.5,297.9,1.8,297.76,252834.2,73590477.544
1753504856422,04:40:56.422,bitget,AAVE/USDT:USDT,297.89,0.5,297.9,1.8,297.76,252834.2,73590477.544
1753504856772,04:40:56.772,bitget,AAVE/USDT:USDT,297.86,0.8,297.89,1.8,297.76,252834.2,73590477.544
1753504857133,04:40:57.133,bitget,AAVE/USDT:USDT,297.87,0.8,297.88,0.8,297.76,252834.2,73590477.544
1753504857770,04:40:57.770,bitget,AAVE/USDT:USDT,297.87,2.3,297.88,0.5,297.76,252834.2,73590477.544
1753504858385,04:40:58.385,bitget,AAVE/USDT:USDT,297.87,0.5,297.88,0.8,297.76,252834.2,73590477.544
1753504858696,04:40:58.696,bitget,AAVE/USDT:USDT,297.87,0.5,297.88,0.8,297.76,252834.2,73590477.544
1753504859076,04:40:59.076,bitget,AAVE/USDT:USDT,297.87,0.5,297.88,0.8,297.76,252834.2,73590477.544
1753504860255,04:41:00.255,bitget,AAVE/USDT:USDT,297.87,3.4,297.88,0.3,297.91,252840.6,73592384.09
1753504860620,04:41:00.620,bitget,AAVE/USDT:USDT,297.87,2.4,297.88,1.3,297.91,252840.6,73592384.09
1753504861244,04:41:01.244,bitget,AAVE/USDT:USDT,297.87,2.4,297.88,0.8,297.91,252840.6,73592384.09
1753504862331,04:41:02.331,bitget,AAVE/USDT:USDT,297.87,2.4,297.88,0.8,297.91,252834.2,73590477.544
1753504862732,04:41:02.732,bitget,AAVE/USDT:USDT,297.87,2.4,297.88,0.8,297.91,252500.4,73494795.964
1753504863053,04:41:03.053,bitget,AAVE/USDT:USDT,297.87,2.4,297.88,0.8,297.91,252500.4,73494795.964
1753504864078,04:41:04.078,bitget,AAVE/USDT:USDT,297.9,29.7,297.93,0.2,297.91,252500.4,73494795.964
1753504865066,04:41:05.066,bitget,AAVE/USDT:USDT,297.92,2.7,297.93,0.2,297.91,252500.4,73494795.964
1753504865381,04:41:05.381,bitget,AAVE/USDT:USDT,297.92,2.7,297.93,0.2,297.91,252500.4,73494795.964
1753504866034,04:41:06.034,bitget,AAVE/USDT:USDT,297.92,2.7,297.93,0.2,297.91,252500.4,73494795.964
1753504866352,04:41:06.352,bitget,AAVE/USDT:USDT,297.92,2.7,297.93,0.2,297.91,252500.4,73494795.964
1753504866670,04:41:06.670,bitget,AAVE/USDT:USDT,297.92,4.8,297.93,0.2,297.91,252500.4,73494795.964
1753504867102,04:41:07.102,bitget,AAVE/USDT:USDT,297.95,0.8,297.96,0.5,297.91,252500.4,73494795.964
1753504867754,04:41:07.754,bitget,AAVE/USDT:USDT,297.95,2.3,297.96,0.5,297.91,252500.4,73494795.964
1753504868077,04:41:08.077,bitget,AAVE/USDT:USDT,297.95,0.5,297.96,0.8,297.91,252500.4,73494795.964
1753504868410,04:41:08.410,bitget,AAVE/USDT:USDT,297.95,0.8,297.96,0.5,297.91,252500.4,73494795.964
1753504868746,04:41:08.746,bitget,AAVE/USDT:USDT,297.95,0.8,297.96,0.5,297.91,252500.4,73494795.964
1753504869060,04:41:09.060,bitget,AAVE/USDT:USDT,297.95,0.8,297.96,0.5,297.91,252500.4,73494795.964
1753504869393,04:41:09.393,bitget,AAVE/USDT:USDT,297.95,0.5,297.96,0.8,297.91,252500.4,73494795.964
1753504870067,04:41:10.067,bitget,AAVE/USDT:USDT,297.95,0.8,297.96,0.5,297.91,252500.4,73494795.964
1753504870390,04:41:10.390,bitget,AAVE/USDT:USDT,297.95,0.5,297.96,0.8,297.91,252500.4,73494795.964
1753504870827,04:41:10.827,bitget,AAVE/USDT:USDT,297.95,0.8,297.96,0.8,297.91,252500.4,73494795.964
1753504871747,04:41:11.747,bitget,AAVE/USDT:USDT,297.95,0.8,297.96,0.5,297.91,252500.4,73494795.964
1753504872181,04:41:12.181,bitget,AAVE/USDT:USDT,297.95,0.8,297.96,0.8,297.91,252500.4,73494795.964
1753504872496,04:41:12.496,bitget,AAVE/USDT:USDT,297.95,0.5,297.96,0.8,297.91,252500.4,73494795.964
1753504872813,04:41:12.813,bitget,AAVE/USDT:USDT,297.95,0.5,297.96,0.8,297.91,252500.4,73494795.964
1753504873137,04:41:13.137,bitget,AAVE/USDT:USDT,297.97,26.3,297.98,0.5,297.96,252500.4,73494795.964
1753504874092,04:41:14.092,bitget,AAVE/USDT:USDT,297.97,26.3,297.98,1.0,297.96,252500.4,73494795.964
1753504874479,04:41:14.479,bitget,AAVE/USDT:USDT,297.97,26.3,297.98,1.0,297.96,252501.4,73495093.924
1753504875348,04:41:15.348,bitget,AAVE/USDT:USDT,297.97,26.3,297.98,1.0,297.96,252500.4,73494795.964
1753504876665,04:41:16.665,bitget,AAVE/USDT:USDT,298.0,0.5,298.01,2.6,297.96,252501.4,73495093.924
1753504877688,04:41:17.688,bitget,AAVE/USDT:USDT,298.0,0.3,298.01,3.0,298.0,252500.4,73494795.964
1753504878373,04:41:18.373,bitget,AAVE/USDT:USDT,297.98,2.4,297.99,0.8,298.0,252501.8,73495213.124
1753504878680,04:41:18.680,bitget,AAVE/USDT:USDT,297.98,2.4,297.99,0.8,298.0,252501.8,73495213.124
1753504878991,04:41:18.991,bitget,AAVE/USDT:USDT,297.98,2.4,297.99,0.5,298.0,252501.8,73495213.124
1753504879882,04:41:19.882,bitget,AAVE/USDT:USDT,297.98,2.4,297.99,1.0,298.0,252501.4,73495093.924
1753504880501,04:41:20.501,bitget,AAVE/USDT:USDT,297.98,2.4,297.99,1.0,298.0,252501.8,73495213.124
1753504880863,04:41:20.863,bitget,AAVE/USDT:USDT,297.98,2.4,297.99,1.2,298.0,252501.8,73495213.124
1753504881179,04:41:21.179,bitget,AAVE/USDT:USDT,297.98,2.4,297.99,1.2,298.0,252501.8,73495213.124
1753504881490,04:41:21.490,bitget,AAVE/USDT:USDT,297.98,2.4,297.99,1.0,298.0,252501.8,73495213.124
1753504881897,04:41:21.897,bitget,AAVE/USDT:USDT,297.98,2.4,297.99,1.0,298.0,252501.8,73495213.124
1753504882252,04:41:22.252,bitget,AAVE/USDT:USDT,297.98,2.4,297.99,1.0,298.0,252501.8,73495213.124
1753504882572,04:41:22.572,bitget,AAVE/USDT:USDT,297.98,2.4,297.99,1.0,298.0,252501.8,73495213.124
1753504882880,04:41:22.880,bitget,AAVE/USDT:USDT,297.98,2.4,297.99,1.0,298.0,252501.8,73495213.124
1753504883216,04:41:23.216,bitget,AAVE/USDT:USDT,297.98,2.4,297.99,1.0,298.0,252501.8,73495213.124
1753504883949,04:41:23.949,bitget,AAVE/USDT:USDT,297.98,2.4,297.99,0.8,298.0,252501.8,73495213.124
1753504884879,04:41:24.879,bitget,AAVE/USDT:USDT,297.98,4.5,297.99,0.8,298.0,252501.8,73495213.124
1753504885561,04:41:25.561,bitget,AAVE/USDT:USDT,297.98,2.4,297.99,0.8,298.0,252501.8,73495213.124
1753504885904,04:41:25.904,bitget,AAVE/USDT:USDT,297.98,2.4,297.99,0.8,298.0,252501.8,73495213.124
1753504886214,04:41:26.214,bitget,AAVE/USDT:USDT,297.98,2.4,297.99,0.8,298.0,252501.8,73495213.124
1753504886951,04:41:26.951,bitget,AAVE/USDT:USDT,298.0,1.0,298.01,3.0,298.02,252501.8,73495213.124
1753504887382,04:41:27.382,bitget,AAVE/USDT:USDT,297.98,1.1,298.01,3.0,298.02,252501.8,73495213.124
1753504887999,04:41:27.999,bitget,AAVE/USDT:USDT,297.97,29.8,297.98,0.3,297.99,252501.8,73495213.124
1753504888975,04:41:28.975,bitget,AAVE/USDT:USDT,297.97,29.8,297.98,0.3,297.99,252594.2,73522754.31
1753504889346,04:41:29.346,bitget,AAVE/USDT:USDT,298.0,0.5,298.03,1.9,297.99,252593.8,73522635.114
1753504889836,04:41:29.836,bitget,AAVE/USDT:USDT,298.02,0.5,298.03,2.9,297.99,252501.8,73495213.124
1753504890525,04:41:30.525,bitget,AAVE/USDT:USDT,298.02,0.5,298.03,2.7,297.99,252594.2,73522754.31
1753504890918,04:41:30.918,bitget,AAVE/USDT:USDT,298.02,3.0,298.03,0.8,298.03,252594.2,73522754.31
1753504891238,04:41:31.238,bitget,AAVE/USDT:USDT,298.02,3.0,298.03,0.8,298.03,252594.2,73522754.31
1753504891613,04:41:31.613,bitget,AAVE/USDT:USDT,298.02,0.5,298.03,0.8,298.03,252594.2,73522754.31
1753504891999,04:41:31.999,bitget,AAVE/USDT:USDT,298.02,0.5,298.03,0.8,298.03,252594.2,73522754.31
1753504892472,04:41:32.472,bitget,AAVE/USDT:USDT,298.02,0.5,298.03,0.8,298.03,252594.4,73522813.916
1753504893280,04:41:33.280,bitget,AAVE/USDT:USDT,298.03,1.9,298.05,0.5,298.03,252594.2,73522754.31
1753504894239,04:41:34.239,bitget,AAVE/USDT:USDT,298.07,0.5,298.08,1.1,298.03,252594.4,73522813.916
1753504894629,04:41:34.629,bitget,AAVE/USDT:USDT,298.07,1.5,298.08,0.6,298.03,252594.2,73522754.31
1753504895375,04:41:35.375,bitget,AAVE/USDT:USDT,298.07,0.5,298.08,0.6,298.03,252594.2,73522754.31
1753504895985,04:41:35.985,bitget,AAVE/USDT:USDT,298.05,28.2,298.07,2.7,298.03,252594.4,73522813.916
1753504896633,04:41:36.633,bitget,AAVE/USDT:USDT,298.05,30.7,298.07,0.8,298.03,252594.4,73522813.916
1753504897349,04:41:37.349,bitget,AAVE/USDT:USDT,298.06,0.5,298.07,0.3,298.03,252594.4,73522813.916
1753504897698,04:41:37.698,bitget,AAVE/USDT:USDT,298.06,0.5,298.07,0.3,298.03,252594.4,73522813.916
1753504898058,04:41:38.058,bitget,AAVE/USDT:USDT,298.08,0.5,298.09,4.4,298.03,252594.4,73522813.916
1753504898712,04:41:38.712,bitget,AAVE/USDT:USDT,298.08,2.0,298.09,0.3,298.03,252594.4,73522813.916
1753504899041,04:41:39.041,bitget,AAVE/USDT:USDT,298.08,2.0,298.09,0.3,298.03,252594.4,73522813.916
1753504899352,04:41:39.352,bitget,AAVE/USDT:USDT,298.08,2.0,298.09,0.3,298.03,252594.4,73522813.916
1753504899710,04:41:39.710,bitget,AAVE/USDT:USDT,298.11,0.5,298.12,0.3,298.03,252594.4,73522813.916
1753504900135,04:41:40.135,bitget,AAVE/USDT:USDT,298.11,0.5,298.12,0.3,298.03,252594.4,73522813.916
1753504900486,04:41:40.486,bitget,AAVE/USDT:USDT,298.11,0.5,298.12,0.3,298.03,252594.4,73522813.916
1753504900798,04:41:40.798,bitget,AAVE/USDT:USDT,298.11,0.5,298.12,0.3,298.03,252594.4,73522813.916
1753504901120,04:41:41.120,bitget,AAVE/USDT:USDT,298.13,2.7,298.14,0.7,298.03,252594.4,73522813.916
1753504901778,04:41:41.778,bitget,AAVE/USDT:USDT,298.13,2.4,298.14,1.0,298.03,252594.4,73522813.916
1753504902109,04:41:42.109,bitget,AAVE/USDT:USDT,298.14,0.8,298.15,0.5,298.14,252594.4,73522813.916
1753504903107,04:41:43.107,bitget,AAVE/USDT:USDT,298.14,0.5,298.15,0.5,298.14,252594.4,73522813.916
1753504903428,04:41:43.428,bitget,AAVE/USDT:USDT,298.14,0.5,298.15,0.5,298.14,252594.4,73522813.916
1753504903840,04:41:43.840,bitget,AAVE/USDT:USDT,298.14,0.4,298.15,1.5,298.14,252595.2,73523052.428
1753504904221,04:41:44.221,bitget,AAVE/USDT:USDT,298.14,0.4,298.15,1.5,298.14,252595.2,73523052.428
1753504904535,04:41:44.535,bitget,AAVE/USDT:USDT,298.14,0.4,298.15,1.5,298.14,252595.2,73523052.428
1753504904946,04:41:44.946,bitget,AAVE/USDT:USDT,298.14,0.4,298.15,1.5,298.14,252595.4,73523112.056
1753504905678,04:41:45.678,bitget,AAVE/USDT:USDT,298.14,0.4,298.15,1.5,298.14,252595.2,73523052.428
1753504905995,04:41:45.995,bitget,AAVE/USDT:USDT,298.14,0.4,298.15,1.5,298.14,252595.4,73523112.056
1753504906353,04:41:46.353,bitget,AAVE/USDT:USDT,298.14,0.4,298.15,1.5,298.14,252595.4,73523112.056
1753504906728,04:41:46.728,bitget,AAVE/USDT:USDT,298.14,2.9,298.15,0.2,298.14,252595.4,73523112.056
1753504907043,04:41:47.043,bitget,AAVE/USDT:USDT,298.14,0.4,298.15,1.0,298.14,252595.4,73523112.056
1753504907778,04:41:47.778,bitget,AAVE/USDT:USDT,298.13,0.5,298.14,3.1,298.14,252595.4,73523112.056
1753504908096,04:41:48.096,bitget,AAVE/USDT:USDT,298.13,0.5,298.14,3.1,298.14,252595.4,73523112.056
1753504909092,04:41:49.092,bitget,AAVE/USDT:USDT,298.13,0.5,298.14,3.1,298.14,252595.4,73523112.056
1753504909403,04:41:49.403,bitget,AAVE/USDT:USDT,298.13,2.0,298.14,3.1,298.14,252595.4,73523112.056
1753504909713,04:41:49.713,bitget,AAVE/USDT:USDT,298.13,2.0,298.14,2.6,298.14,252595.4,73523112.056
1753504910063,04:41:50.063,bitget,AAVE/USDT:USDT,298.13,2.0,298.14,2.6,298.14,252595.4,73523112.056
1753504911039,04:41:51.039,bitget,AAVE/USDT:USDT,298.13,0.5,298.14,2.6,298.14,252595.4,73523112.056
1753504911392,04:41:51.392,bitget,AAVE/USDT:USDT,298.13,0.5,298.14,2.6,298.14,252595.4,73523112.056
1753504911792,04:41:51.792,bitget,AAVE/USDT:USDT,298.13,0.5,298.14,2.6,298.14,252595.4,73523112.056
1753504912100,04:41:52.100,bitget,AAVE/USDT:USDT,298.13,0.5,298.14,2.6,298.14,252595.4,73523112.056
1753504912444,04:41:52.444,bitget,AAVE/USDT:USDT,298.13,0.5,298.14,2.6,298.14,252595.4,73523112.056
1753504913301,04:41:53.301,bitget,AAVE/USDT:USDT,298.13,0.5,298.14,2.6,298.14,252595.4,73523112.056
1753504913634,04:41:53.634,bitget,AAVE/USDT:USDT,298.13,0.5,298.14,2.6,298.14,252595.4,73523112.056
1753504914314,04:41:54.314,bitget,AAVE/USDT:USDT,298.13,0.5,298.14,2.6,298.14,252595.4,73523112.056
1753504914625,04:41:54.625,bitget,AAVE/USDT:USDT,298.13,0.5,298.14,2.6,298.14,252595.4,73523112.056
1753504915084,04:41:55.084,bitget,AAVE/USDT:USDT,298.13,0.5,298.14,2.6,298.14,252595.4,73523112.056
1753504915896,04:41:55.896,bitget,AAVE/USDT:USDT,298.13,0.5,298.14,2.6,298.14,252595.4,73523112.056
1753504916643,04:41:56.643,bitget,AAVE/USDT:USDT,298.13,0.5,298.14,2.6,298.14,252595.4,73523112.056
1753504916966,04:41:56.966,bitget,AAVE/USDT:USDT,298.13,0.5,298.14,2.6,298.14,252595.4,73523112.056
1753504917285,04:41:57.285,bitget,AAVE/USDT:USDT,298.13,0.5,298.14,8.1,298.14,252595.4,73523112.056
1753504918190,04:41:58.190,bitget,AAVE/USDT:USDT,298.13,0.8,298.14,7.8,298.14,252595.4,73523112.056
1753504918498,04:41:58.498,bitget,AAVE/USDT:USDT,298.13,0.8,298.14,7.8,298.14,252595.4,73523112.056
1753504919787,04:41:59.787,bitget,AAVE/USDT:USDT,298.13,0.5,298.14,7.8,298.14,252595.4,73523112.056
1753504920264,04:42:00.264,bitget,AAVE/USDT:USDT,298.13,0.5,298.14,7.8,298.14,252567.0,73514972.546
1753504921578,04:42:01.578,bitget,AAVE/USDT:USDT,298.17,0.5,298.18,0.3,298.14,252567.0,73514972.546
1753504922676,04:42:02.676,bitget,AAVE/USDT:USDT,298.17,0.5,298.18,5.0,298.14,252567.0,73514972.546
1753504923050,04:42:03.050,bitget,AAVE/USDT:USDT,298.18,28.0,298.19,0.1,298.14,252567.0,73514972.546
1753504923747,04:42:03.747,bitget,AAVE/USDT:USDT,298.18,28.0,298.19,0.5,298.14,252567.0,73514972.546
1753504924083,04:42:04.083,bitget,AAVE/USDT:USDT,298.18,28.5,298.19,0.3,298.14,252567.0,73514972.546
1753504925563,04:42:05.563,bitget,AAVE/USDT:USDT,298.23,5.4,298.25,0.3,298.19,252567.0,73514972.546
1753504925921,04:42:05.921,bitget,AAVE/USDT:USDT,298.24,0.3,298.25,0.3,298.19,252567.0,73514972.546
1753504926234,04:42:06.234,bitget,AAVE/USDT:USDT,298.24,0.3,298.25,3.0,298.19,252567.6,73515151.46
1753504926910,04:42:06.910,bitget,AAVE/USDT:USDT,298.21,28.2,298.26,2.4,298.18,252567.6,73515151.46
1753504927979,04:42:07.979,bitget,AAVE/USDT:USDT,298.24,0.5,298.25,1.4,298.18,252686.0,73550457.374
1753504928416,04:42:08.416,bitget,AAVE/USDT:USDT,298.24,0.5,298.25,2.1,298.18,252686.0,73550457.374
1753504929594,04:42:09.594,bitget,AAVE/USDT:USDT,298.21,0.5,298.22,3.2,298.18,252686.0,73550457.374
1753504929928,04:42:09.928,bitget,AAVE/USDT:USDT,298.21,0.5,298.22,3.2,298.18,252686.0,73550457.374
1753504930283,04:42:10.283,bitget,AAVE/USDT:USDT,298.21,0.8,298.22,3.8,298.18,252686.0,73550457.374
1753504930757,04:42:10.757,bitget,AAVE/USDT:USDT,298.21,0.5,298.22,5.6,298.18,252686.0,73550457.374
1753504931644,04:42:11.644,bitget,AAVE/USDT:USDT,298.2,0.5,298.21,0.8,298.18,252686.0,73550457.374
1753504931998,04:42:11.998,bitget,AAVE/USDT:USDT,298.2,0.5,298.21,2.8,298.18,252686.0,73550457.374
1753504932326,04:42:12.326,bitget,AAVE/USDT:USDT,298.2,0.5,298.21,2.8,298.18,252686.0,73550457.374
1753504932923,04:42:12.923,bitget,AAVE/USDT:USDT,298.26,0.5,298.27,8.9,298.18,252686.0,73550457.374
1753504933277,04:42:13.277,bitget,AAVE/USDT:USDT,298.26,0.5,298.27,10.9,298.18,252686.0,73550457.374
1753504933588,04:42:13.588,bitget,AAVE/USDT:USDT,298.26,0.5,298.27,10.9,298.18,252686.0,73550457.374
1753504933909,04:42:13.909,bitget,AAVE/USDT:USDT,298.26,0.5,298.27,8.1,298.27,252691.8,73552187.34
1753504934709,04:42:14.709,bitget,AAVE/USDT:USDT,298.22,0.5,298.23,0.8,298.27,252691.8,73552187.34
1753504935043,04:42:15.043,bitget,AAVE/USDT:USDT,298.21,26.3,298.22,0.8,298.27,252691.8,73552187.34
1753504935880,04:42:15.880,bitget,AAVE/USDT:USDT,298.21,26.3,298.22,0.8,298.27,252691.8,73552187.34
1753504936194,04:42:16.194,bitget,AAVE/USDT:USDT,298.21,26.3,298.22,0.5,298.27,252691.8,73552187.34
1753504936506,04:42:16.506,bitget,AAVE/USDT:USDT,298.26,1.3,298.27,0.4,298.27,252691.8,73552187.34
1753504936875,04:42:16.875,bitget,AAVE/USDT:USDT,298.26,0.5,298.27,1.1,298.27,252691.8,73552187.34
1753504937238,04:42:17.238,bitget,AAVE/USDT:USDT,298.26,0.5,298.27,1.1,298.27,252691.8,73552187.34
1753504937562,04:42:17.562,bitget,AAVE/USDT:USDT,298.26,0.5,298.27,1.3,298.27,252691.8,73552187.34
1753504938952,04:42:18.952,bitget,AAVE/USDT:USDT,298.26,0.5,298.27,1.8,298.27,252691.8,73552187.34
1753504939315,04:42:19.315,bitget,AAVE/USDT:USDT,298.26,0.5,298.27,1.8,298.27,252691.8,73552187.34
1753504939645,04:42:19.645,bitget,AAVE/USDT:USDT,298.26,0.5,298.27,1.8,298.27,252691.8,73552187.34
1753504939954,04:42:19.954,bitget,AAVE/USDT:USDT,298.26,0.5,298.27,1.5,298.27,252691.8,73552187.34
1753504940380,04:42:20.380,bitget,AAVE/USDT:USDT,298.27,25.8,298.28,2.4,298.28,252691.8,73552187.34
1753504940821,04:42:20.821,bitget,AAVE/USDT:USDT,298.23,0.5,298.24,2.0,298.28,252686.0,73550457.374
1753504941779,04:42:21.779,bitget,AAVE/USDT:USDT,298.23,0.5,298.24,0.3,298.28,252704.2,73555886.172
1753504942406,04:42:22.406,bitget,AAVE/USDT:USDT,298.26,0.5,298.27,3.4,298.28,252704.2,73555886.172
1753504943270,04:42:23.270,bitget,AAVE/USDT:USDT,298.25,2.3,298.27,0.7,298.28,252704.2,73555886.172
1753504943585,04:42:23.585,bitget,AAVE/USDT:USDT,298.25,2.3,298.27,0.7,298.28,252704.2,73555886.172
1753504943915,04:42:23.915,bitget,AAVE/USDT:USDT,298.25,3.4,298.26,1.3,298.28,252704.2,73555886.172
1753504944920,04:42:24.920,bitget,AAVE/USDT:USDT,298.25,3.7,298.26,1.0,298.28,252704.2,73555886.172
1753504945327,04:42:25.327,bitget,AAVE/USDT:USDT,298.25,2.7,298.26,1.0,298.28,252704.2,73555886.172
1753504946337,04:42:26.337,bitget,AAVE/USDT:USDT,298.25,2.4,298.26,1.3,298.28,252704.2,73555886.172
1753504946793,04:42:26.793,bitget,AAVE/USDT:USDT,298.25,2.4,298.26,1.2,298.26,252704.2,73555886.172
1753504947826,04:42:27.826,bitget,AAVE/USDT:USDT,298.25,2.4,298.26,0.8,298.26,252704.4,73555945.824
1753504948920,04:42:28.920,bitget,AAVE/USDT:USDT,298.25,0.5,298.26,5.5,298.26,252704.4,73555945.824
1753504949321,04:42:29.321,bitget,AAVE/USDT:USDT,298.21,0.5,298.22,2.8,298.26,252704.4,73555945.824
1753504950321,04:42:30.321,bitget,AAVE/USDT:USDT,298.2,0.6,298.21,0.3,298.26,252704.4,73555945.824
1753504950669,04:42:30.669,bitget,AAVE/USDT:USDT,298.2,1.6,298.21,0.3,298.26,252704.4,73555945.824
1753504950982,04:42:30.982,bitget,AAVE/USDT:USDT,298.2,0.6,298.21,0.3,298.26,252704.4,73555945.824
1753504951302,04:42:31.302,bitget,AAVE/USDT:USDT,298.2,0.6,298.21,0.3,298.26,252704.4,73555945.824
1753504952120,04:42:32.120,bitget,AAVE/USDT:USDT,298.22,0.5,298.23,0.8,298.26,252704.4,73555945.824
1753504952479,04:42:32.479,bitget,AAVE/USDT:USDT,298.22,0.5,298.23,0.8,298.26,252704.4,73555945.824
1753504952871,04:42:32.871,bitget,AAVE/USDT:USDT,298.22,0.5,298.23,0.8,298.26,252704.4,73555945.824
1753504953564,04:42:33.564,bitget,AAVE/USDT:USDT,298.22,0.5,298.23,0.3,298.26,252704.4,73555945.824
1753504953891,04:42:33.891,bitget,AAVE/USDT:USDT,298.22,0.5,298.23,0.3,298.26,252704.2,73555886.172
1753504954874,04:42:34.874,bitget,AAVE/USDT:USDT,298.22,0.5,298.23,0.3,298.26,252704.4,73555945.824
1753504955289,04:42:35.289,bitget,AAVE/USDT:USDT,298.22,0.5,298.23,0.3,298.26,252704.4,73555945.824
1753504955668,04:42:35.668,bitget,AAVE/USDT:USDT,298.22,0.5,298.23,0.3,298.26,252704.4,73555945.824
1753504956300,04:42:36.300,bitget,AAVE/USDT:USDT,298.22,0.5,298.23,2.3,298.26,252704.4,73555945.824
1753504956979,04:42:36.979,bitget,AAVE/USDT:USDT,298.22,0.5,298.23,2.3,298.26,252704.4,73555945.824
1753504957301,04:42:37.301,bitget,AAVE/USDT:USDT,298.22,0.5,298.23,2.3,298.26,252704.4,73555945.824
1753504957727,04:42:37.727,bitget,AAVE/USDT:USDT,298.17,0.7,298.21,0.9,298.26,252704.4,73555945.824
1753504958150,04:42:38.150,bitget,AAVE/USDT:USDT,298.17,0.5,298.18,0.9,298.26,252704.4,73555945.824
1753504958479,04:42:38.479,bitget,AAVE/USDT:USDT,298.17,0.5,298.18,2.8,298.26,252704.4,73555945.824
1753504958792,04:42:38.792,bitget,AAVE/USDT:USDT,298.17,0.5,298.18,2.8,298.26,252704.4,73555945.824
1753504959127,04:42:39.127,bitget,AAVE/USDT:USDT,298.17,0.5,298.18,2.8,298.26,252704.4,73555945.824
1753504959447,04:42:39.447,bitget,AAVE/USDT:USDT,298.17,0.5,298.18,0.8,298.26,252704.4,73555945.824
1753504959769,04:42:39.769,bitget,AAVE/USDT:USDT,298.17,0.5,298.18,0.3,298.26,252704.4,73555945.824
1753504960247,04:42:40.247,bitget,AAVE/USDT:USDT,298.17,0.5,298.18,2.3,298.26,252704.4,73555945.824
1753504961031,04:42:41.031,bitget,AAVE/USDT:USDT,298.16,0.6,298.17,0.3,298.26,252704.4,73555945.824
1753504961763,04:42:41.763,bitget,AAVE/USDT:USDT,298.16,0.6,298.17,0.3,298.26,252704.4,73555945.824
1753504962118,04:42:42.118,bitget,AAVE/USDT:USDT,298.16,0.6,298.17,0.3,298.26,252704.4,73555945.824
1753504962435,04:42:42.435,bitget,AAVE/USDT:USDT,298.16,0.6,298.17,0.3,298.26,252704.4,73555945.824
1753504963172,04:42:43.172,bitget,AAVE/USDT:USDT,298.16,0.6,298.17,0.3,298.26,252704.4,73555945.824
1753504963483,04:42:43.483,bitget,AAVE/USDT:USDT,298.16,2.0,298.17,0.3,298.26,252704.4,73555945.824
1753504963794,04:42:43.794,bitget,AAVE/USDT:USDT,298.17,1.5,298.2,9.7,298.26,252704.4,73555945.824
1753504964138,04:42:44.138,bitget,AAVE/USDT:USDT,298.19,0.5,298.2,12.8,298.26,252704.4,73555945.824
1753504964512,04:42:44.512,bitget,AAVE/USDT:USDT,298.19,0.5,298.2,12.8,298.26,252704.4,73555945.824
1753504964828,04:42:44.828,bitget,AAVE/USDT:USDT,298.19,0.5,298.2,7.4,298.26,252704.4,73555945.824
1753504965236,04:42:45.236,bitget,AAVE/USDT:USDT,298.19,0.5,298.2,5.7,298.26,252704.4,73555945.824
1753504966727,04:42:46.727,bitget,AAVE/USDT:USDT,298.19,0.5,298.2,0.8,298.26,252704.4,73555945.824
1753504967519,04:42:47.519,bitget,AAVE/USDT:USDT,298.19,0.5,298.2,0.8,298.26,252704.4,73555945.824
1753504967901,04:42:47.901,bitget,AAVE/USDT:USDT,298.19,0.5,298.2,0.8,298.26,252704.4,73555945.824
1753504968257,04:42:48.257,bitget,AAVE/USDT:USDT,298.19,0.5,298.2,1.6,298.26,252704.4,73555945.824
1753504968590,04:42:48.590,bitget,AAVE/USDT:USDT,298.19,0.5,298.2,1.6,298.26,252704.4,73555945.824
1753504969246,04:42:49.246,bitget,AAVE/USDT:USDT,298.19,0.5,298.2,1.6,298.26,252704.4,73555945.824
1753504969588,04:42:49.588,bitget,AAVE/USDT:USDT,298.19,0.5,298.2,1.6,298.26,252704.4,73555945.824
1753504969894,04:42:49.894,bitget,AAVE/USDT:USDT,298.19,0.5,298.2,3.6,298.26,252704.4,73555945.824
1753504970214,04:42:50.214,bitget,AAVE/USDT:USDT,298.19,0.5,298.2,1.3,298.26,252704.4,73555945.824
1753504970688,04:42:50.688,bitget,AAVE/USDT:USDT,298.19,0.5,298.2,1.6,298.26,252704.4,73555945.824
1753504971549,04:42:51.549,bitget,AAVE/USDT:USDT,298.19,0.5,298.2,5.3,298.26,252704.4,73555945.824
1753504972336,04:42:52.336,bitget,AAVE/USDT:USDT,298.19,0.5,298.2,3.7,298.2,252704.4,73555945.824
1753504973128,04:42:53.128,bitget,AAVE/USDT:USDT,298.25,2.7,298.26,1.9,298.2,252704.4,73555945.824
1753504973487,04:42:53.487,bitget,AAVE/USDT:USDT,298.25,2.7,298.26,1.9,298.2,252707.6,73556900.064
1753504973801,04:42:53.801,bitget,AAVE/USDT:USDT,298.25,0.5,298.26,3.5,298.2,252707.6,73556900.064
1753504974162,04:42:54.162,bitget,AAVE/USDT:USDT,298.25,0.5,298.26,2.5,298.2,252707.6,73556900.064
1753504974537,04:42:54.537,bitget,AAVE/USDT:USDT,298.25,0.5,298.26,4.5,298.2,252707.6,73556900.064
1753504975172,04:42:55.172,bitget,AAVE/USDT:USDT,298.21,3.1,298.25,2.3,298.2,252707.6,73556900.064
1753504975668,04:42:55.668,bitget,AAVE/USDT:USDT,298.24,1.0,298.26,8.8,298.2,252704.4,73555945.824
1753504976154,04:42:56.154,bitget,AAVE/USDT:USDT,298.24,1.0,298.26,8.8,298.2,252704.4,73555945.824
1753504976819,04:42:56.819,bitget,AAVE/USDT:USDT,298.24,0.5,298.25,2.6,298.2,252707.6,73556900.064
1753504977135,04:42:57.135,bitget,AAVE/USDT:USDT,298.24,0.5,298.25,4.6,298.2,252707.6,73556900.064
1753504977465,04:42:57.465,bitget,AAVE/USDT:USDT,298.24,0.5,298.25,4.6,298.2,252707.6,73556900.064
1753504978348,04:42:58.348,bitget,AAVE/USDT:USDT,298.24,0.5,298.25,2.6,298.2,252707.6,73556900.064
1753504978653,04:42:58.653,bitget,AAVE/USDT:USDT,298.24,0.5,298.25,2.6,298.2,252707.6,73556900.064
1753504978977,04:42:58.977,bitget,AAVE/USDT:USDT,298.24,0.5,298.25,2.6,298.2,252704.4,73555945.824
1753504979653,04:42:59.653,bitget,AAVE/USDT:USDT,298.24,1.4,298.25,2.6,298.2,252707.6,73556900.064
1753504979965,04:42:59.965,bitget,AAVE/USDT:USDT,298.24,1.4,298.25,4.6,298.2,252707.6,73556900.064
1753504980414,04:43:00.414,bitget,AAVE/USDT:USDT,298.24,1.4,298.25,4.6,298.2,252707.6,73556900.064
1753504980858,04:43:00.858,bitget,AAVE/USDT:USDT,298.24,1.4,298.25,2.6,298.2,252707.6,73556900.064
1753504981512,04:43:01.512,bitget,AAVE/USDT:USDT,298.24,1.4,298.25,2.6,298.2,252545.2,73510393.77
1753504981917,04:43:01.917,bitget,AAVE/USDT:USDT,298.24,1.4,298.25,2.6,298.2,252545.2,73510393.77
1753504982312,04:43:02.312,bitget,AAVE/USDT:USDT,298.24,1.4,298.25,2.6,298.2,252545.2,73510393.77
1753504983012,04:43:03.012,bitget,AAVE/USDT:USDT,298.24,0.9,298.25,4.6,298.2,252545.2,73510393.77
1753504983443,04:43:03.443,bitget,AAVE/USDT:USDT,298.24,0.9,298.25,4.6,298.2,252707.6,73556900.064
1753504984032,04:43:04.032,bitget,AAVE/USDT:USDT,298.24,0.9,298.25,4.6,298.2,252545.2,73510393.77
1753504984407,04:43:04.407,bitget,AAVE/USDT:USDT,298.18,0.9,298.22,4.6,298.24,252545.2,73510393.77
1753504984785,04:43:04.785,bitget,AAVE/USDT:USDT,298.19,0.5,298.2,1.0,298.24,252547.0,73510930.602
1753504986177,04:43:06.177,bitget,AAVE/USDT:USDT,298.19,0.5,298.2,0.3,298.24,252547.0,73510930.602
1753504986493,04:43:06.493,bitget,AAVE/USDT:USDT,298.21,0.5,298.22,0.3,298.24,252547.0,73510930.602
1753504986843,04:43:06.843,bitget,AAVE/USDT:USDT,298.21,0.5,298.22,1.5,298.24,252547.0,73510930.602
1753504987192,04:43:07.192,bitget,AAVE/USDT:USDT,298.21,0.5,298.22,2.7,298.24,252547.0,73510930.602
1753504987505,04:43:07.505,bitget,AAVE/USDT:USDT,298.21,0.5,298.22,5.9,298.24,252547.0,73510930.602
1753504987828,04:43:07.828,bitget,AAVE/USDT:USDT,298.21,0.5,298.22,5.9,298.24,252547.0,73510930.602
1753504988508,04:43:08.508,bitget,AAVE/USDT:USDT,298.21,0.5,298.22,6.7,298.24,252547.0,73510930.602
1753504989175,04:43:09.175,bitget,AAVE/USDT:USDT,298.21,0.5,298.22,0.3,298.24,252547.0,73510930.602
1753504989521,04:43:09.521,bitget,AAVE/USDT:USDT,298.23,0.5,298.24,6.1,298.24,252547.0,73510930.602
1753504989832,04:43:09.832,bitget,AAVE/USDT:USDT,298.23,0.5,298.24,6.1,298.24,252547.0,73510930.602
1753504990161,04:43:10.161,bitget,AAVE/USDT:USDT,298.23,0.5,298.24,5.1,298.24,252545.2,73510393.77
1753504991035,04:43:11.035,bitget,AAVE/USDT:USDT,298.23,0.5,298.24,5.1,298.24,252547.0,73510930.602
1753504991347,04:43:11.347,bitget,AAVE/USDT:USDT,298.23,0.5,298.24,5.1,298.24,252547.0,73510930.602
1753504992034,04:43:12.034,bitget,AAVE/USDT:USDT,298.23,0.5,298.24,4.0,298.24,252547.0,73510930.602
1753504992350,04:43:12.350,bitget,AAVE/USDT:USDT,298.23,0.5,298.24,4.0,298.24,252547.0,73510930.602
1753504992658,04:43:12.658,bitget,AAVE/USDT:USDT,298.21,0.5,298.22,5.4,298.24,252547.0,73510930.602
1753504993095,04:43:13.095,bitget,AAVE/USDT:USDT,298.21,0.5,298.22,9.4,298.24,252547.0,73510930.602
1753504994002,04:43:14.002,bitget,AAVE/USDT:USDT,298.19,0.5,298.2,4.7,298.24,252547.0,73510930.602
1753504994728,04:43:14.728,bitget,AAVE/USDT:USDT,298.19,0.5,298.2,4.7,298.24,252547.0,73510930.602
1753504995038,04:43:15.038,bitget,AAVE/USDT:USDT,298.19,0.5,298.2,0.3,298.24,252547.0,73510930.602
1753504995360,04:43:15.360,bitget,AAVE/USDT:USDT,298.19,0.5,298.2,0.3,298.24,252547.0,73510930.602
1753504995793,04:43:15.793,bitget,AAVE/USDT:USDT,298.19,0.5,298.2,0.8,298.24,252547.0,73510930.602
1753504996386,04:43:16.386,bitget,AAVE/USDT:USDT,298.19,0.5,298.2,2.8,298.24,252547.0,73510930.602
1753504996725,04:43:16.725,bitget,AAVE/USDT:USDT,298.19,0.5,298.2,0.3,298.24,252547.0,73510930.602
1753504997064,04:43:17.064,bitget,AAVE/USDT:USDT,298.19,0.5,298.2,0.3,298.24,252547.0,73510930.602
1753504997382,04:43:17.382,bitget,AAVE/USDT:USDT,298.19,0.5,298.2,0.3,298.24,252547.0,73510930.602
1753504997696,04:43:17.696,bitget,AAVE/USDT:USDT,298.19,0.5,298.2,0.3,298.24,252547.0,73510930.602
1753504998408,04:43:18.408,bitget,AAVE/USDT:USDT,298.2,1.0,298.21,0.3,298.24,252547.0,73510930.602
1753504999044,04:43:19.044,bitget,AAVE/USDT:USDT,298.2,0.5,298.21,0.3,298.24,252547.0,73510930.602
1753504999435,04:43:19.435,bitget,AAVE/USDT:USDT,298.2,0.5,298.21,0.3,298.24,252547.0,73510930.602
1753504999748,04:43:19.748,bitget,AAVE/USDT:USDT,298.2,0.5,298.21,0.3,298.24,252547.0,73510930.602
1753505000064,04:43:20.064,bitget,AAVE/USDT:USDT,298.2,0.5,298.21,0.3,298.24,252547.0,73510930.602
1753505000483,04:43:20.483,bitget,AAVE/USDT:USDT,298.2,0.5,298.21,0.3,298.24,252547.0,73510930.602
1753505001120,04:43:21.120,bitget,AAVE/USDT:USDT,298.2,0.5,298.21,0.3,298.24,252547.0,73510930.602
1753505001440,04:43:21.440,bitget,AAVE/USDT:USDT,298.2,0.5,298.21,0.3,298.24,252547.0,73510930.602
1753505001807,04:43:21.807,bitget,AAVE/USDT:USDT,298.2,0.5,298.21,0.3,298.24,252547.0,73510930.602
1753505002475,04:43:22.475,bitget,AAVE/USDT:USDT,298.2,0.5,298.21,0.3,298.24,252547.0,73510930.602
1753505003324,04:43:23.324,bitget,AAVE/USDT:USDT,298.2,0.5,298.21,0.3,298.24,252547.0,73510930.602
1753505003635,04:43:23.635,bitget,AAVE/USDT:USDT,298.2,0.5,298.21,0.3,298.24,252547.0,73510930.602
1753505003948,04:43:23.948,bitget,AAVE/USDT:USDT,298.2,0.5,298.21,0.3,298.24,252547.0,73510930.602
1753505004327,04:43:24.327,bitget,AAVE/USDT:USDT,298.2,0.5,298.21,0.3,298.24,252547.0,73510930.602
1753505004647,04:43:24.647,bitget,AAVE/USDT:USDT,298.2,0.5,298.21,0.3,298.24,252547.0,73510930.602
1753505004956,04:43:24.956,bitget,AAVE/USDT:USDT,298.2,0.5,298.21,0.3,298.24,252547.0,73510930.602
1753505005330,04:43:25.330,bitget,AAVE/USDT:USDT,298.2,0.5,298.21,0.3,298.24,252547.0,73510930.602
1753505005735,04:43:25.735,bitget,AAVE/USDT:USDT,298.2,0.5,298.21,0.3,298.24,252547.0,73510930.602
1753505006669,04:43:26.669,bitget,AAVE/USDT:USDT,298.2,0.5,298.21,0.3,298.24,252547.0,73510930.602
1753505006999,04:43:26.999,bitget,AAVE/USDT:USDT,298.2,0.5,298.21,0.3,298.24,252547.0,73510930.602
1753505007310,04:43:27.310,bitget,AAVE/USDT:USDT,298.2,0.5,298.21,0.3,298.24,252547.0,73510930.602
1753505007675,04:43:27.675,bitget,AAVE/USDT:USDT,298.2,2.7,298.21,0.3,298.24,252547.0,73510930.602
1753505008410,04:43:28.410,bitget,AAVE/USDT:USDT,298.21,1.0,298.22,1.1,298.24,252547.0,73510930.602
1753505008725,04:43:28.725,bitget,AAVE/USDT:USDT,298.21,1.5,298.22,3.7,298.24,252547.0,73510930.602
1753505009039,04:43:29.039,bitget,AAVE/USDT:USDT,298.21,1.8,298.22,3.4,298.24,252547.0,73510930.602
1753505009377,04:43:29.377,bitget,AAVE/USDT:USDT,298.21,1.8,298.22,3.4,298.24,252547.0,73510930.602
1753505010030,04:43:30.030,bitget,AAVE/USDT:USDT,298.24,1.5,298.25,0.4,298.24,252547.0,73510930.602
1753505010782,04:43:30.782,bitget,AAVE/USDT:USDT,298.24,0.8,298.25,1.2,298.24,252547.0,73510930.602
1753505011816,04:43:31.816,bitget,AAVE/USDT:USDT,298.25,1.5,298.26,1.8,298.24,252547.0,73510930.602
1753505012668,04:43:32.668,bitget,AAVE/USDT:USDT,298.25,0.5,298.26,4.3,298.24,252547.0,73510930.602
1753505013050,04:43:33.050,bitget,AAVE/USDT:USDT,298.25,0.5,298.26,4.3,298.24,252547.0,73510930.602
1753505013491,04:43:33.491,bitget,AAVE/USDT:USDT,298.25,0.5,298.26,4.3,298.24,252547.0,73510930.602
1753505014203,04:43:34.203,bitget,AAVE/USDT:USDT,298.25,0.8,298.26,4.0,298.24,252547.0,73510930.602
1753505015819,04:43:35.819,bitget,AAVE/USDT:USDT,298.25,0.5,298.26,4.5,298.24,252547.0,73510930.602
1753505016165,04:43:36.165,bitget,AAVE/USDT:USDT,298.25,0.5,298.26,4.5,298.24,252547.0,73510930.602
1753505016479,04:43:36.479,bitget,AAVE/USDT:USDT,298.25,0.5,298.26,4.5,298.24,252547.0,73510930.602
1753505016832,04:43:36.832,bitget,AAVE/USDT:USDT,298.25,0.5,298.27,4.7,298.24,252547.0,73510930.602
1753505017178,04:43:37.178,bitget,AAVE/USDT:USDT,298.25,0.5,298.26,1.5,298.24,252547.0,73510930.602
1753505017498,04:43:37.498,bitget,AAVE/USDT:USDT,298.25,0.5,298.26,1.5,298.24,252547.0,73510930.602
1753505017818,04:43:37.818,bitget,AAVE/USDT:USDT,298.25,0.5,298.26,1.5,298.24,252547.0,73510930.602
1753505018772,04:43:38.772,bitget,AAVE/USDT:USDT,298.25,0.5,298.26,1.5,298.24,252547.0,73510930.602
1753505019104,04:43:39.104,bitget,AAVE/USDT:USDT,298.25,0.5,298.26,5.2,298.24,252547.0,73510930.602
1753505019538,04:43:39.538,bitget,AAVE/USDT:USDT,298.25,0.5,298.26,5.2,298.24,252547.0,73510930.602
1753505020135,04:43:40.135,bitget,AAVE/USDT:USDT,298.25,0.5,298.26,5.2,298.24,252547.0,73510930.602
1753505020498,04:43:40.498,bitget,AAVE/USDT:USDT,298.25,0.5,298.26,5.2,298.24,252547.0,73510930.602
1753505021742,04:43:41.742,bitget,AAVE/USDT:USDT,298.25,0.8,298.26,4.9,298.24,252547.0,73510930.602
1753505022076,04:43:42.076,bitget,AAVE/USDT:USDT,298.25,0.8,298.26,3.1,298.24,252547.0,73510930.602
1753505022730,04:43:42.730,bitget,AAVE/USDT:USDT,298.25,0.8,298.26,3.5,298.24,252547.0,73510930.602
1753505023095,04:43:43.095,bitget,AAVE/USDT:USDT,298.25,0.5,298.26,3.4,298.24,252547.0,73510930.602
1753505023520,04:43:43.520,bitget,AAVE/USDT:USDT,298.25,0.5,298.26,3.4,298.24,252547.0,73510930.602
1753505023887,04:43:43.887,bitget,AAVE/USDT:USDT,298.25,0.5,298.26,3.4,298.24,252547.0,73510930.602
1753505024203,04:43:44.203,bitget,AAVE/USDT:USDT,298.25,0.5,298.26,3.4,298.24,252547.0,73510930.602
1753505024548,04:43:44.548,bitget,AAVE/USDT:USDT,298.25,0.5,298.26,3.4,298.24,252547.0,73510930.602
1753505025218,04:43:45.218,bitget,AAVE/USDT:USDT,298.25,0.5,298.26,3.4,298.24,252547.0,73510930.602
1753505025537,04:43:45.537,bitget,AAVE/USDT:USDT,298.25,0.5,298.26,3.4,298.24,252547.0,73510930.602
1753505025917,04:43:45.917,bitget,AAVE/USDT:USDT,298.25,0.5,298.26,3.4,298.24,252547.0,73510930.602
1753505026245,04:43:46.245,bitget,AAVE/USDT:USDT,298.25,0.5,298.26,3.4,298.24,252547.0,73510930.602
1753505026577,04:43:46.577,bitget,AAVE/USDT:USDT,298.25,0.5,298.26,3.4,298.24,252547.0,73510930.602
1753505027334,04:43:47.334,bitget,AAVE/USDT:USDT,298.25,0.5,298.26,3.4,298.24,252547.0,73510930.602
1753505027661,04:43:47.661,bitget,AAVE/USDT:USDT,298.25,0.8,298.26,3.1,298.24,252547.0,73510930.602
1753505028457,04:43:48.457,bitget,AAVE/USDT:USDT,298.25,0.5,298.26,3.1,298.24,252547.0,73510930.602
1753505029166,04:43:49.166,bitget,AAVE/USDT:USDT,298.25,0.5,298.26,3.4,298.24,252547.0,73510930.602
1753505029538,04:43:49.538,bitget,AAVE/USDT:USDT,298.25,0.5,298.26,3.4,298.24,252547.0,73510930.602
1753505030185,04:43:50.185,bitget,AAVE/USDT:USDT,298.25,0.5,298.26,3.4,298.24,252547.0,73510930.602
1753505030876,04:43:50.876,bitget,AAVE/USDT:USDT,298.25,0.5,298.26,3.4,298.24,252547.0,73510930.602
1753505031731,04:43:51.731,bitget,AAVE/USDT:USDT,298.25,0.5,298.26,3.4,298.24,252547.0,73510930.602
1753505032053,04:43:52.053,bitget,AAVE/USDT:USDT,298.25,0.5,298.26,3.4,298.24,252547.0,73510930.602
1753505032395,04:43:52.395,bitget,AAVE/USDT:USDT,298.25,0.5,298.26,5.3,298.24,252547.0,73510930.602
1753505032724,04:43:52.724,bitget,AAVE/USDT:USDT,298.21,1.2,298.24,3.9,298.24,252547.0,73510930.602
1753505033036,04:43:53.036,bitget,AAVE/USDT:USDT,298.2,0.4,298.21,0.3,298.24,252547.0,73510930.602
1753505034127,04:43:54.127,bitget,AAVE/USDT:USDT,298.2,3.1,298.22,1.0,298.24,252547.0,73510930.602
1753505034728,04:43:54.728,bitget,AAVE/USDT:USDT,298.21,2.4,298.23,3.5,298.24,252547.0,73510930.602
1753505035077,04:43:55.077,bitget,AAVE/USDT:USDT,298.22,3.8,298.23,2.9,298.24,252547.0,73510930.602
1753505036110,04:43:56.110,bitget,AAVE/USDT:USDT,298.22,2.8,298.23,2.9,298.24,252547.0,73510930.602
1753505036752,04:43:56.752,bitget,AAVE/USDT:USDT,298.22,0.8,298.23,1.2,298.23,252547.0,73510930.602
1753505037077,04:43:57.077,bitget,AAVE/USDT:USDT,298.22,0.5,298.23,0.3,298.23,252547.0,73510930.602
1753505037534,04:43:57.534,bitget,AAVE/USDT:USDT,298.22,0.5,298.24,8.8,298.23,252550.4,73511944.584
1753505038500,04:43:58.500,bitget,AAVE/USDT:USDT,298.22,0.5,298.23,0.8,298.23,252547.0,73510930.602
1753505038937,04:43:58.937,bitget,AAVE/USDT:USDT,298.21,0.5,298.22,1.0,298.23,252550.4,73511944.584
1753505039340,04:43:59.340,bitget,AAVE/USDT:USDT,298.2,0.9,298.21,0.5,298.23,252550.4,73511944.584
1753505039664,04:43:59.664,bitget,AAVE/USDT:USDT,298.2,0.9,298.21,0.8,298.23,252550.4,73511944.584
1753505040011,04:44:00.011,bitget,AAVE/USDT:USDT,298.2,1.2,298.22,1.3,298.23,252550.4,73511944.584
1753505040403,04:44:00.403,bitget,AAVE/USDT:USDT,298.2,1.2,298.21,0.5,298.23,252550.4,73511944.584
1753505040722,04:44:00.722,bitget,AAVE/USDT:USDT,298.23,0.5,298.24,3.3,298.23,252550.4,73511944.584
1753505041218,04:44:01.218,bitget,AAVE/USDT:USDT,298.23,0.5,298.24,6.9,298.23,252547.0,73510930.602
1753505041909,04:44:01.909,bitget,AAVE/USDT:USDT,298.23,0.5,298.24,6.9,298.23,252550.4,73511944.584
1753505042494,04:44:02.494,bitget,AAVE/USDT:USDT,298.27,0.8,298.28,0.4,298.23,252369.8,73460293.336
1753505042805,04:44:02.805,bitget,AAVE/USDT:USDT,298.27,0.8,298.28,0.4,298.23,252369.8,73460293.336
1753505043117,04:44:03.117,bitget,AAVE/USDT:USDT,298.27,0.5,298.28,2.3,298.23,252369.8,73460293.336
1753505043432,04:44:03.432,bitget,AAVE/USDT:USDT,298.25,0.5,298.27,6.2,298.23,252369.8,73460293.336
1753505043814,04:44:03.814,bitget,AAVE/USDT:USDT,298.25,4.7,298.28,2.0,298.23,252547.0,73510930.602
1753505044435,04:44:04.435,bitget,AAVE/USDT:USDT,298.25,4.7,298.26,0.4,298.23,252369.8,73460293.336
1753505044750,04:44:04.750,bitget,AAVE/USDT:USDT,298.25,4.7,298.26,0.4,298.23,252369.8,73460293.336
1753505045088,04:44:05.088,bitget,AAVE/USDT:USDT,298.25,2.4,298.26,0.7,298.23,252369.8,73460293.336
1753505045404,04:44:05.404,bitget,AAVE/USDT:USDT,298.25,2.4,298.26,0.7,298.23,252369.8,73460293.336
1753505045720,04:44:05.720,bitget,AAVE/USDT:USDT,298.25,0.8,298.26,3.4,298.23,252369.8,73460293.336
1753505046131,04:44:06.131,bitget,AAVE/USDT:USDT,298.25,0.8,298.26,3.9,298.23,252369.8,73460293.336
1753505047194,04:44:07.194,bitget,AAVE/USDT:USDT,298.25,0.5,298.26,3.9,298.23,252369.8,73460293.336
1753505047571,04:44:07.571,bitget,AAVE/USDT:USDT,298.25,0.8,298.26,3.9,298.23,252369.8,73460293.336
1753505047898,04:44:07.898,bitget,AAVE/USDT:USDT,298.25,0.5,298.26,3.9,298.23,252369.8,73460293.336
1753505048225,04:44:08.225,bitget,AAVE/USDT:USDT,298.22,0.5,298.24,5.3,298.23,252369.8,73460293.336
1753505048576,04:44:08.576,bitget,AAVE/USDT:USDT,298.2,0.1,298.23,2.8,298.23,252369.8,73460293.336
1753505049015,04:44:09.015,bitget,AAVE/USDT:USDT,298.22,0.5,298.23,2.8,298.23,252369.8,73460293.336
1753505050314,04:44:10.314,bitget,AAVE/USDT:USDT,298.22,0.5,298.23,0.8,298.23,252369.8,73460293.336
1753505050645,04:44:10.645,bitget,AAVE/USDT:USDT,298.22,0.5,298.23,0.8,298.23,252369.8,73460293.336
1753505051569,04:44:11.569,bitget,AAVE/USDT:USDT,298.22,0.5,298.23,3.6,298.23,252369.8,73460293.336
1753505051881,04:44:11.881,bitget,AAVE/USDT:USDT,298.22,0.5,298.23,3.6,298.23,252369.8,73460293.336
1753505052195,04:44:12.195,bitget,AAVE/USDT:USDT,298.22,0.5,298.23,3.6,298.23,252369.8,73460293.336
1753505052553,04:44:12.553,bitget,AAVE/USDT:USDT,298.22,0.5,298.23,0.8,298.23,252369.8,73460293.336
1753505052876,04:44:12.876,bitget,AAVE/USDT:USDT,298.22,0.5,298.23,0.8,298.23,252369.8,73460293.336
1753505053499,04:44:13.499,bitget,AAVE/USDT:USDT,298.23,1.9,298.24,0.6,298.23,252369.8,73460293.336
1753505053955,04:44:13.955,bitget,AAVE/USDT:USDT,298.23,3.7,298.24,4.9,298.23,252369.8,73460293.336
1753505054760,04:44:14.760,bitget,AAVE/USDT:USDT,298.23,3.7,298.24,4.9,298.23,252369.8,73460293.336
1753505055761,04:44:15.761,bitget,AAVE/USDT:USDT,298.23,3.7,298.24,4.9,298.23,252369.8,73460293.336
1753505056457,04:44:16.457,bitget,AAVE/USDT:USDT,298.23,2.7,298.24,4.9,298.23,252369.8,73460293.336
1753505056821,04:44:16.821,bitget,AAVE/USDT:USDT,298.23,3.7,298.24,4.9,298.23,252369.8,73460293.336
1753505057131,04:44:17.131,bitget,AAVE/USDT:USDT,298.23,2.4,298.24,4.9,298.23,252369.8,73460293.336
1753505057463,04:44:17.463,bitget,AAVE/USDT:USDT,298.23,2.4,298.24,4.9,298.23,252369.8,73460293.336
1753505057810,04:44:17.810,bitget,AAVE/USDT:USDT,298.23,3.4,298.24,5.1,298.23,252369.8,73460293.336
1753505058128,04:44:18.128,bitget,AAVE/USDT:USDT,298.23,3.7,298.24,5.1,298.23,252369.8,73460293.336
1753505058447,04:44:18.447,bitget,AAVE/USDT:USDT,298.23,0.8,298.24,5.1,298.23,252369.8,73460293.336
1753505059247,04:44:19.247,bitget,AAVE/USDT:USDT,298.23,0.8,298.24,6.5,298.23,252369.8,73460293.336
1753505059556,04:44:19.556,bitget,AAVE/USDT:USDT,298.23,0.8,298.24,6.5,298.23,252369.8,73460293.336
1753505059870,04:44:19.870,bitget,AAVE/USDT:USDT,298.23,0.8,298.24,6.6,298.23,252369.8,73460293.336
1753505060545,04:44:20.545,bitget,AAVE/USDT:USDT,298.23,0.8,298.24,6.6,298.23,252369.8,73460293.336
1753505060854,04:44:20.854,bitget,AAVE/USDT:USDT,298.23,0.8,298.24,6.6,298.23,252369.8,73460293.336
1753505061177,04:44:21.177,bitget,AAVE/USDT:USDT,298.23,0.5,298.24,1.4,298.23,252369.8,73460293.336
1753505061628,04:44:21.628,bitget,AAVE/USDT:USDT,298.23,0.8,298.24,6.7,298.23,252369.8,73460293.336
1753505062370,04:44:22.370,bitget,AAVE/USDT:USDT,298.23,0.8,298.24,6.7,298.23,252369.8,73460293.336
1753505063114,04:44:23.114,bitget,AAVE/USDT:USDT,298.23,0.8,298.24,6.7,298.23,252369.8,73460293.336
1753505063714,04:44:23.714,bitget,AAVE/USDT:USDT,298.23,0.8,298.24,6.7,298.23,252369.8,73460293.336
1753505065153,04:44:25.153,bitget,AAVE/USDT:USDT,298.23,0.5,298.24,6.7,298.23,252369.8,73460293.336
1753505065477,04:44:25.477,bitget,AAVE/USDT:USDT,298.23,0.5,298.24,6.7,298.23,252369.8,73460293.336
1753505066091,04:44:26.091,bitget,AAVE/USDT:USDT,298.23,0.5,298.24,6.7,298.23,252369.8,73460293.336
1753505067281,04:44:27.281,bitget,AAVE/USDT:USDT,298.23,0.5,298.24,6.7,298.23,252369.8,73460293.336
1753505067602,04:44:27.602,bitget,AAVE/USDT:USDT,298.23,0.8,298.24,6.7,298.23,252369.8,73460293.336
1753505067941,04:44:27.941,bitget,AAVE/USDT:USDT,298.23,0.8,298.24,6.7,298.23,252369.8,73460293.336
1753505068255,04:44:28.255,bitget,AAVE/USDT:USDT,298.23,0.5,298.24,6.7,298.23,252369.8,73460293.336
1753505068565,04:44:28.565,bitget,AAVE/USDT:USDT,298.23,0.5,298.24,6.7,298.23,252369.8,73460293.336
1753505069599,04:44:29.599,bitget,AAVE/USDT:USDT,298.23,0.5,298.24,6.7,298.23,252369.8,73460293.336
1753505070220,04:44:30.220,bitget,AAVE/USDT:USDT,298.23,0.5,298.24,12.8,298.23,252369.8,73460293.336
1753505070572,04:44:30.572,bitget,AAVE/USDT:USDT,298.23,0.5,298.24,12.8,298.23,252369.8,73460293.336
1753505071207,04:44:31.207,bitget,AAVE/USDT:USDT,298.23,0.5,298.24,12.8,298.23,252369.8,73460293.336
1753505071618,04:44:31.618,bitget,AAVE/USDT:USDT,298.23,0.5,298.24,12.8,298.23,252369.8,73460293.336
1753505072474,04:44:32.474,bitget,AAVE/USDT:USDT,298.23,1.5,298.24,12.8,298.23,252369.8,73460293.336
1753505072805,04:44:32.805,bitget,AAVE/USDT:USDT,298.23,0.5,298.24,12.8,298.23,252369.8,73460293.336
1753505073150,04:44:33.150,bitget,AAVE/USDT:USDT,298.23,0.5,298.24,12.8,298.23,252369.8,73460293.336
1753505073528,04:44:33.528,bitget,AAVE/USDT:USDT,298.23,0.5,298.24,12.8,298.23,252369.8,73460293.336
1753505073836,04:44:33.836,bitget,AAVE/USDT:USDT,298.23,0.5,298.24,12.8,298.23,252369.8,73460293.336
1753505074163,04:44:34.163,bitget,AAVE/USDT:USDT,298.23,0.8,298.24,12.8,298.23,252369.8,73460293.336
1753505074666,04:44:34.666,bitget,AAVE/USDT:USDT,298.23,0.5,298.24,12.8,298.23,252369.8,73460293.336
1753505075297,04:44:35.297,bitget,AAVE/USDT:USDT,298.23,0.5,298.24,12.8,298.23,252369.8,73460293.336
1753505075631,04:44:35.631,bitget,AAVE/USDT:USDT,298.23,1.5,298.24,12.8,298.23,252369.8,73460293.336
1753505075972,04:44:35.972,bitget,AAVE/USDT:USDT,298.23,1.5,298.24,12.8,298.23,252369.8,73460293.336
1753505076296,04:44:36.296,bitget,AAVE/USDT:USDT,298.23,1.5,298.24,12.8,298.23,252369.8,73460293.336
1753505076614,04:44:36.614,bitget,AAVE/USDT:USDT,298.23,0.5,298.24,12.8,298.23,252369.8,73460293.336
1753505077075,04:44:37.075,bitget,AAVE/USDT:USDT,298.23,0.5,298.24,12.8,298.23,252369.8,73460293.336
1753505077875,04:44:37.875,bitget,AAVE/USDT:USDT,298.23,0.5,298.24,12.8,298.23,252369.8,73460293.336
1753505078663,04:44:38.663,bitget,AAVE/USDT:USDT,298.23,0.5,298.24,12.8,298.23,252369.8,73460293.336
1753505079284,04:44:39.284,bitget,AAVE/USDT:USDT,298.23,0.8,298.24,12.8,298.23,252369.8,73460293.336
1753505081068,04:44:41.068,bitget,AAVE/USDT:USDT,298.23,0.5,298.24,12.8,298.23,252369.8,73460293.336
1753505081382,04:44:41.382,bitget,AAVE/USDT:USDT,298.23,1.5,298.24,12.8,298.23,252369.8,73460293.336
1753505082070,04:44:42.070,bitget,AAVE/USDT:USDT,298.23,0.5,298.24,13.1,298.23,252369.8,73460293.336
1753505082412,04:44:42.412,bitget,AAVE/USDT:USDT,298.23,0.5,298.24,13.1,298.23,252369.8,73460293.336
1753505082719,04:44:42.719,bitget,AAVE/USDT:USDT,298.23,0.5,298.24,13.1,298.23,252369.8,73460293.336
1753505083028,04:44:43.028,bitget,AAVE/USDT:USDT,298.23,0.5,298.24,13.1,298.23,252369.8,73460293.336
1753505083357,04:44:43.357,bitget,AAVE/USDT:USDT,298.23,0.5,298.24,13.1,298.23,252369.8,73460293.336
