timestamp,time,exchange,symbol,bid,bidVolume,ask,askVolume,lastPrice,baseVolume,quoteVolume
1753507240520,05:20:40.520,bitget,ALGO/USDT:USDT,0.2689,12521.8,0.269,18856.6,0.2691,58829837.4,15422298.79058
1753507240839,05:20:40.839,bitget,ALGO/USDT:USDT,0.2689,12521.8,0.269,18856.6,0.2691,58829837.4,15422298.79058
1753507241161,05:20:41.161,bitget,ALGO/USDT:USDT,0.2689,8259.7,0.269,18856.6,0.2691,58829837.4,15422298.79058
1753507241879,05:20:41.879,bitget,ALGO/USDT:USDT,0.2689,8259.7,0.269,29856.6,0.2691,58829837.4,15422298.79058
1753507242519,05:20:42.519,bitget,ALGO/USDT:USDT,0.2689,12521.8,0.269,18856.6,0.2691,58829837.4,15422298.79058
1753507243280,05:20:43.280,bitget,ALGO/USDT:USDT,0.2689,12521.8,0.269,18856.6,0.2691,58829837.4,15422298.79058
1753507243594,05:20:43.594,bitget,ALGO/USDT:USDT,0.2689,12521.8,0.269,18856.6,0.2691,58829837.4,15422298.79058
1753507243937,05:20:43.937,bitget,ALGO/USDT:USDT,0.2689,12521.8,0.269,18856.6,0.2691,58829837.4,15422298.79058
1753507244287,05:20:44.287,bitget,ALGO/USDT:USDT,0.2689,12521.8,0.269,18856.6,0.2691,58829837.4,15422298.79058
1753507244597,05:20:44.597,bitget,ALGO/USDT:USDT,0.2689,12521.8,0.269,18856.6,0.2691,58829837.4,15422298.79058
1753507244976,05:20:44.976,bitget,ALGO/USDT:USDT,0.2689,12521.8,0.269,18856.6,0.2691,58829837.4,15422298.79058
1753507245352,05:20:45.352,bitget,ALGO/USDT:USDT,0.2689,12521.8,0.269,18856.6,0.2691,58829837.4,15422298.79058
1753507245720,05:20:45.720,bitget,ALGO/USDT:USDT,0.2689,12521.8,0.269,18856.6,0.2691,58829837.4,15422298.79058
1753507246039,05:20:46.039,bitget,ALGO/USDT:USDT,0.2689,12521.8,0.269,21652.1,0.2691,58829837.4,15422298.79058
1753507246406,05:20:46.406,bitget,ALGO/USDT:USDT,0.2689,12521.8,0.269,21652.1,0.2691,58829837.4,15422298.79058
1753507246802,05:20:46.802,bitget,ALGO/USDT:USDT,0.2689,12521.8,0.269,21652.1,0.2691,58829837.4,15422298.79058
1753507247109,05:20:47.109,bitget,ALGO/USDT:USDT,0.2689,12521.8,0.269,18856.6,0.2691,58829837.4,15422298.79058
1753507247412,05:20:47.412,bitget,ALGO/USDT:USDT,0.2689,12521.8,0.269,20727.9,0.2691,58829837.4,15422298.79058
1753507248110,05:20:48.110,bitget,ALGO/USDT:USDT,0.2689,12521.8,0.269,20727.9,0.2691,58829837.4,15422298.79058
1753507248429,05:20:48.429,bitget,ALGO/USDT:USDT,0.2689,12521.8,0.269,18856.6,0.2691,58829837.4,15422298.79058
1753507248887,05:20:48.887,bitget,ALGO/USDT:USDT,0.2689,12521.8,0.269,18856.6,0.2691,58829837.4,15422298.79058
1753507249726,05:20:49.726,bitget,ALGO/USDT:USDT,0.2689,12521.8,0.269,18856.6,0.2691,58829837.4,15422298.79058
1753507250082,05:20:50.082,bitget,ALGO/USDT:USDT,0.2689,4337.8,0.269,22634.5,0.2691,58829837.4,15422298.79058
1753507250405,05:20:50.405,bitget,ALGO/USDT:USDT,0.2689,4337.8,0.269,22634.5,0.2691,58829837.4,15422298.79058
1753507250731,05:20:50.731,bitget,ALGO/USDT:USDT,0.2689,4337.8,0.269,36634.5,0.2691,58829837.4,15422298.79058
1753507251045,05:20:51.045,bitget,ALGO/USDT:USDT,0.2689,4337.8,0.269,36634.5,0.2691,58829837.4,15422298.79058
1753507251424,05:20:51.424,bitget,ALGO/USDT:USDT,0.2689,4337.8,0.269,36634.5,0.2691,58829837.4,15422298.79058
1753507251884,05:20:51.884,bitget,ALGO/USDT:USDT,0.2689,4337.8,0.269,36634.5,0.2691,58829837.4,15422298.79058
1753507252766,05:20:52.766,bitget,ALGO/USDT:USDT,0.2689,4337.8,0.269,36634.5,0.2691,58829837.4,15422298.79058
1753507253091,05:20:53.091,bitget,ALGO/USDT:USDT,0.2689,4337.8,0.269,36634.5,0.2691,58829837.4,15422298.79058
1753507253435,05:20:53.435,bitget,ALGO/USDT:USDT,0.2689,4337.8,0.269,36634.5,0.2691,58829837.4,15422298.79058
1753507254206,05:20:54.206,bitget,ALGO/USDT:USDT,0.2689,4337.8,0.269,36634.5,0.2691,58829837.4,15422298.79058
1753507254524,05:20:54.524,bitget,ALGO/USDT:USDT,0.2689,4337.8,0.269,36634.5,0.2691,58829837.4,15422298.79058
1753507254829,05:20:54.829,bitget,ALGO/USDT:USDT,0.2689,4337.8,0.269,31779.5,0.2691,58829837.4,15422298.79058
1753507255215,05:20:55.215,bitget,ALGO/USDT:USDT,0.2689,4337.8,0.269,33650.8,0.2691,58829837.4,15422298.79058
1753507255533,05:20:55.533,bitget,ALGO/USDT:USDT,0.2689,4337.8,0.269,33650.8,0.2691,58829837.4,15422298.79058
1753507255838,05:20:55.838,bitget,ALGO/USDT:USDT,0.2689,4337.8,0.269,33650.8,0.2691,58829837.4,15422298.79058
1753507256195,05:20:56.195,bitget,ALGO/USDT:USDT,0.2689,4337.8,0.269,33650.8,0.2691,58829837.4,15422298.79058
1753507256919,05:20:56.919,bitget,ALGO/USDT:USDT,0.2689,4337.8,0.269,33650.8,0.2691,58829837.4,15422298.79058
1753507257287,05:20:57.287,bitget,ALGO/USDT:USDT,0.2689,4337.8,0.269,33650.8,0.2691,58829837.4,15422298.79058
1753507257641,05:20:57.641,bitget,ALGO/USDT:USDT,0.2688,21019.8,0.2689,14605.9,0.2691,58829837.4,15422298.79058
1753507258022,05:20:58.022,bitget,ALGO/USDT:USDT,0.2688,21019.8,0.2689,18868.0,0.2691,58829837.4,15422298.79058
1753507258342,05:20:58.342,bitget,ALGO/USDT:USDT,0.2688,21019.8,0.2689,18868.0,0.2691,58829837.4,15422298.79058
1753507258694,05:20:58.694,bitget,ALGO/USDT:USDT,0.2688,21019.8,0.2689,18868.0,0.2691,58829837.4,15422298.79058
1753507259042,05:20:59.042,bitget,ALGO/USDT:USDT,0.2688,21019.8,0.2689,18868.0,0.2691,58829837.4,15422298.79058
1753507259389,05:20:59.389,bitget,ALGO/USDT:USDT,0.2688,21019.8,0.2689,18868.0,0.2691,58829837.4,15422298.79058
1753507259978,05:20:59.978,bitget,ALGO/USDT:USDT,0.2688,22891.1,0.2689,18007.9,0.2691,58829837.4,15422298.79058
1753507260363,05:21:00.363,bitget,ALGO/USDT:USDT,0.2688,22891.1,0.2689,18007.9,0.2691,58829837.4,15422298.79058
1753507260683,05:21:00.683,bitget,ALGO/USDT:USDT,0.2688,21019.8,0.2689,18007.9,0.2691,58829837.4,15422298.79058
1753507261011,05:21:01.011,bitget,ALGO/USDT:USDT,0.2688,21019.8,0.2689,18007.9,0.2691,58829837.4,15422298.79058
1753507261652,05:21:01.652,bitget,ALGO/USDT:USDT,0.2688,21019.8,0.2689,18007.9,0.2691,58824689.4,15420969.06218
1753507262044,05:21:02.044,bitget,ALGO/USDT:USDT,0.2688,21019.8,0.2689,18007.9,0.2691,58824689.4,15420969.06218
1753507262769,05:21:02.769,bitget,ALGO/USDT:USDT,0.2688,22891.1,0.2689,18007.9,0.2691,58824689.4,15420969.06218
1753507263107,05:21:03.107,bitget,ALGO/USDT:USDT,0.2688,22891.1,0.2689,18007.9,0.2691,58824689.4,15420969.06218
1753507263424,05:21:03.424,bitget,ALGO/USDT:USDT,0.2688,21019.8,0.2689,18007.9,0.2691,58824689.4,15420969.06218
1753507263737,05:21:03.737,bitget,ALGO/USDT:USDT,0.2688,22891.1,0.2689,4378.1,0.2691,58824689.4,15420969.06218
1753507264242,05:21:04.242,bitget,ALGO/USDT:USDT,0.2688,22891.1,0.2689,2983.7,0.2691,58824689.4,15420969.06218
1753507265115,05:21:05.115,bitget,ALGO/USDT:USDT,0.2689,27160.3,0.269,10248.9,0.2689,58824689.4,15420969.06218
1753507265489,05:21:05.489,bitget,ALGO/USDT:USDT,0.2689,25289.0,0.269,9488.9,0.2689,58826181.2,15421370.2072
1753507265821,05:21:05.821,bitget,ALGO/USDT:USDT,0.2689,25289.0,0.269,9488.9,0.2689,58826181.2,15421370.2072
1753507266136,05:21:06.136,bitget,ALGO/USDT:USDT,0.2689,25289.0,0.269,9488.9,0.2689,58826181.2,15421370.2072
1753507266671,05:21:06.671,bitget,ALGO/USDT:USDT,0.2689,25289.0,0.269,9488.9,0.2689,58826181.2,15421370.2072
1753507267014,05:21:07.014,bitget,ALGO/USDT:USDT,0.2689,25289.0,0.269,9488.9,0.2689,58826181.2,15421370.2072
1753507267340,05:21:07.340,bitget,ALGO/USDT:USDT,0.2689,25289.0,0.269,9488.9,0.2689,58826181.2,15421370.2072
1753507267726,05:21:07.726,bitget,ALGO/USDT:USDT,0.2689,27160.3,0.2691,80102.7,0.2689,58826181.2,15421370.2072
1753507268073,05:21:08.073,bitget,ALGO/USDT:USDT,0.269,30248.8,0.2691,10721.8,0.2689,58826181.2,15421370.2072
1753507268386,05:21:08.386,bitget,ALGO/USDT:USDT,0.269,28377.5,0.2691,10721.8,0.2689,58826181.2,15421370.2072
1753507268700,05:21:08.700,bitget,ALGO/USDT:USDT,0.269,28377.5,0.2691,10721.8,0.2689,58826181.2,15421370.2072
1753507269214,05:21:09.214,bitget,ALGO/USDT:USDT,0.269,28377.5,0.2691,10721.8,0.2689,58826181.2,15421370.2072
1753507269905,05:21:09.905,bitget,ALGO/USDT:USDT,0.269,28377.5,0.2691,10721.8,0.2689,58824689.4,15420969.06218
1753507270602,05:21:10.602,bitget,ALGO/USDT:USDT,0.269,30248.8,0.2691,5626.4,0.2689,58826181.2,15421370.2072
1753507270915,05:21:10.915,bitget,ALGO/USDT:USDT,0.269,30248.8,0.2691,5626.4,0.2689,58826181.2,15421370.2072
1753507271232,05:21:11.232,bitget,ALGO/USDT:USDT,0.2691,21285.0,0.2692,69993.0,0.2689,58826181.2,15421370.2072
1753507271657,05:21:11.657,bitget,ALGO/USDT:USDT,0.2691,25039.2,0.2692,56670.2,0.2689,58826181.2,15421370.2072
1753507272011,05:21:12.011,bitget,ALGO/USDT:USDT,0.2691,25039.2,0.2692,56670.2,0.2689,58826181.2,15421370.2072
1753507272325,05:21:12.325,bitget,ALGO/USDT:USDT,0.2691,25039.2,0.2692,56670.2,0.2689,58826181.2,15421370.2072
1753507272675,05:21:12.675,bitget,ALGO/USDT:USDT,0.2691,25039.2,0.2692,56670.2,0.2689,58826181.2,15421370.2072
1753507273015,05:21:13.015,bitget,ALGO/USDT:USDT,0.2691,25039.2,0.2692,56670.2,0.2689,58826181.2,15421370.2072
1753507273328,05:21:13.328,bitget,ALGO/USDT:USDT,0.2691,25039.2,0.2692,9888.5,0.2689,58826181.2,15421370.2072
1753507273651,05:21:13.651,bitget,ALGO/USDT:USDT,0.2691,25039.2,0.2692,9888.5,0.2689,58826181.2,15421370.2072
1753507274251,05:21:14.251,bitget,ALGO/USDT:USDT,0.2691,25039.2,0.2692,9888.5,0.2689,58826181.2,15421370.2072
1753507274559,05:21:14.559,bitget,ALGO/USDT:USDT,0.2691,25039.2,0.2692,9888.5,0.2689,58826181.2,15421370.2072
1753507274888,05:21:14.888,bitget,ALGO/USDT:USDT,0.2691,26910.5,0.2692,9888.5,0.2689,58826181.2,15421370.2072
1753507275300,05:21:15.300,bitget,ALGO/USDT:USDT,0.2691,26910.5,0.2692,9888.5,0.2689,58826181.2,15421370.2072
1753507275641,05:21:15.641,bitget,ALGO/USDT:USDT,0.2691,25039.2,0.2692,9888.5,0.2689,58826181.2,15421370.2072
1753507276277,05:21:16.277,bitget,ALGO/USDT:USDT,0.2691,25039.2,0.2692,9888.5,0.2689,58826181.2,15421370.2072
1753507276768,05:21:16.768,bitget,ALGO/USDT:USDT,0.2691,25039.2,0.2692,9888.5,0.2689,58826181.2,15421370.2072
1753507277572,05:21:17.572,bitget,ALGO/USDT:USDT,0.2692,7360.7,0.2693,70000.1,0.2693,58826181.2,15421370.2072
1753507278235,05:21:18.235,bitget,ALGO/USDT:USDT,0.2692,7360.7,0.2693,70000.1,0.2693,58826181.2,15421370.2072
1753507278543,05:21:18.543,bitget,ALGO/USDT:USDT,0.2692,7360.7,0.2693,70000.1,0.2693,58826181.2,15421370.2072
1753507278858,05:21:18.858,bitget,ALGO/USDT:USDT,0.2692,9267.3,0.2693,55068.5,0.2693,58826181.2,15421370.2072
1753507279225,05:21:19.225,bitget,ALGO/USDT:USDT,0.2692,9267.3,0.2693,10172.1,0.2693,58826181.2,15421370.2072
1753507279592,05:21:19.592,bitget,ALGO/USDT:USDT,0.2692,19267.3,0.2693,10172.1,0.2693,58845958.2,15426695.02802
1753507279904,05:21:19.904,bitget,ALGO/USDT:USDT,0.2692,19267.3,0.2693,10172.1,0.2693,58845958.2,15426695.02802
1753507280260,05:21:20.260,bitget,ALGO/USDT:USDT,0.2692,9267.3,0.2693,10172.1,0.2693,58845958.2,15426695.02802
1753507280921,05:21:20.921,bitget,ALGO/USDT:USDT,0.2692,9267.3,0.2693,12043.4,0.2693,58845958.2,15426695.02802
1753507281239,05:21:21.239,bitget,ALGO/USDT:USDT,0.2692,25978.0,0.2693,5070.6,0.2693,58845958.2,15426695.02802
1753507281599,05:21:21.599,bitget,ALGO/USDT:USDT,0.2692,25978.0,0.2693,5070.6,0.2693,58845958.2,15426695.02802
1753507282005,05:21:22.005,bitget,ALGO/USDT:USDT,0.2692,25978.0,0.2693,5070.6,0.2693,58845958.2,15426695.02802
1753507282319,05:21:22.319,bitget,ALGO/USDT:USDT,0.2692,25978.0,0.2693,5070.6,0.2693,58845958.2,15426695.02802
1753507282628,05:21:22.628,bitget,ALGO/USDT:USDT,0.2692,31604.4,0.2693,5070.6,0.2693,58845958.2,15426695.02802
1753507282993,05:21:22.993,bitget,ALGO/USDT:USDT,0.2692,29733.1,0.2693,5070.6,0.2693,58845958.2,15426695.02802
1753507283318,05:21:23.318,bitget,ALGO/USDT:USDT,0.2692,29733.1,0.2693,5070.6,0.2693,58845958.2,15426695.02802
1753507283636,05:21:23.636,bitget,ALGO/USDT:USDT,0.2692,29733.1,0.2693,5070.6,0.2693,58845958.2,15426695.02802
1753507284071,05:21:24.071,bitget,ALGO/USDT:USDT,0.2692,31604.4,0.2693,5070.6,0.2693,58845958.2,15426695.02802
1753507285054,05:21:25.054,bitget,ALGO/USDT:USDT,0.2692,29733.1,0.2693,8054.3,0.2693,58826181.2,15421370.2072
1753507285796,05:21:25.796,bitget,ALGO/USDT:USDT,0.2692,29733.1,0.2693,8054.3,0.2693,58845958.2,15426695.02802
1753507286121,05:21:26.121,bitget,ALGO/USDT:USDT,0.2692,29733.1,0.2693,8054.3,0.2693,58845958.2,15426695.02802
1753507286540,05:21:26.540,bitget,ALGO/USDT:USDT,0.2692,29733.1,0.2693,12316.4,0.2693,58845958.2,15426695.02802
1753507286902,05:21:26.902,bitget,ALGO/USDT:USDT,0.2692,31604.4,0.2693,8054.3,0.2693,58845958.2,15426695.02802
1753507287216,05:21:27.216,bitget,ALGO/USDT:USDT,0.2692,31604.4,0.2693,8054.3,0.2693,58845958.2,15426695.02802
1753507287530,05:21:27.530,bitget,ALGO/USDT:USDT,0.2692,29733.1,0.2693,12316.4,0.2693,58845958.2,15426695.02802
1753507288198,05:21:28.198,bitget,ALGO/USDT:USDT,0.2692,15733.1,0.2693,8054.3,0.2693,58845958.2,15426695.02802
1753507288927,05:21:28.927,bitget,ALGO/USDT:USDT,0.2692,15733.1,0.2693,13153.5,0.2693,58845958.2,15426695.02802
1753507289276,05:21:29.276,bitget,ALGO/USDT:USDT,0.2692,15733.1,0.2693,15024.8,0.2693,58845958.2,15426695.02802
1753507289593,05:21:29.593,bitget,ALGO/USDT:USDT,0.2692,15733.1,0.2693,15024.8,0.2693,58845958.2,15426695.02802
1753507290234,05:21:30.234,bitget,ALGO/USDT:USDT,0.2691,20370.3,0.2692,4417.3,0.2693,58845958.2,15426695.02802
1753507290565,05:21:30.565,bitget,ALGO/USDT:USDT,0.2692,6244.4,0.2693,16808.8,0.2693,58863741.0,15431483.93606
1753507290875,05:21:30.875,bitget,ALGO/USDT:USDT,0.2691,20370.3,0.2693,20586.7,0.2693,58863741.0,15431483.93606
1753507291210,05:21:31.210,bitget,ALGO/USDT:USDT,0.2691,20370.3,0.2692,3409.7,0.2693,58863741.0,15431483.93606
1753507291974,05:21:31.974,bitget,ALGO/USDT:USDT,0.2691,6370.3,0.2692,19747.9,0.2693,58863741.0,15431483.93606
1753507292341,05:21:32.341,bitget,ALGO/USDT:USDT,0.2691,5522.2,0.2692,19747.9,0.2693,58863741.0,15431483.93606
1753507292678,05:21:32.678,bitget,ALGO/USDT:USDT,0.2691,8602.0,0.2693,16808.8,0.2692,58863741.0,15431483.93606
1753507293033,05:21:33.033,bitget,ALGO/USDT:USDT,0.2692,6244.4,0.2693,16808.8,0.2692,58863741.0,15431483.93606
1753507293666,05:21:33.666,bitget,ALGO/USDT:USDT,0.2692,6244.4,0.2693,16808.8,0.2692,58863741.0,15431483.93606
1753507294117,05:21:34.117,bitget,ALGO/USDT:USDT,0.2692,17244.4,0.2693,18715.4,0.2692,58845958.2,15426695.02802
1753507294665,05:21:34.665,bitget,ALGO/USDT:USDT,0.2692,17244.4,0.2693,18715.4,0.2692,58874353.4,15434340.79414
1753507294980,05:21:34.980,bitget,ALGO/USDT:USDT,0.2692,17244.4,0.2693,18715.4,0.2692,58874353.4,15434340.79414
1753507295406,05:21:35.406,bitget,ALGO/USDT:USDT,0.2692,17244.4,0.2693,18715.4,0.2692,58874353.4,15434340.79414
1753507295734,05:21:35.734,bitget,ALGO/USDT:USDT,0.2692,17244.4,0.2693,18715.4,0.2692,58874353.4,15434340.79414
1753507296058,05:21:36.058,bitget,ALGO/USDT:USDT,0.2692,6244.4,0.2693,35699.1,0.2692,58874353.4,15434340.79414
1753507296440,05:21:36.440,bitget,ALGO/USDT:USDT,0.2692,4337.8,0.2693,37570.4,0.2692,58874353.4,15434340.79414
1753507296861,05:21:36.861,bitget,ALGO/USDT:USDT,0.2691,6359.3,0.2692,17039.5,0.2692,58874353.4,15434340.79414
1753507297178,05:21:37.178,bitget,ALGO/USDT:USDT,0.2691,20359.3,0.2692,17039.5,0.2692,58874353.4,15434340.79414
1753507297488,05:21:37.488,bitget,ALGO/USDT:USDT,0.2691,20359.3,0.2692,19284.0,0.2692,58874353.4,15434340.79414
1753507297898,05:21:37.898,bitget,ALGO/USDT:USDT,0.2691,20359.3,0.2692,19284.0,0.2692,58874353.4,15434340.79414
1753507298213,05:21:38.213,bitget,ALGO/USDT:USDT,0.2691,22230.6,0.2692,4259.8,0.2692,58874353.4,15434340.79414
1753507298539,05:21:38.539,bitget,ALGO/USDT:USDT,0.2691,15592.8,0.2692,9390.9,0.2692,58874353.4,15434340.79414
1753507299069,05:21:39.069,bitget,ALGO/USDT:USDT,0.2691,17499.4,0.2692,18758.6,0.2692,58874353.4,15434340.79414
1753507299898,05:21:39.898,bitget,ALGO/USDT:USDT,0.2691,7837.2,0.2692,18758.6,0.2692,58874353.4,15434340.79414
