timestamp,time,exchange,symbol,bid,bidVolume,ask,askVolume,lastPrice,baseVolume,quoteVolume
1753507240145,05:20:40.145,bitget,ADA/USDT:USDT,0.8226,60680.0,0.8227,7422.0,0.8226,275272964.0,220493058.6002
1753507240514,05:20:40.514,bitget,ADA/USDT:USDT,0.8226,60680.0,0.8227,32871.0,0.8226,275272964.0,220493058.6002
1753507240829,05:20:40.829,bitget,ADA/USDT:USDT,0.8226,60680.0,0.8227,32871.0,0.8226,275272964.0,220493058.6002
1753507242510,05:20:42.510,bitget,ADA/USDT:USDT,0.8226,60680.0,0.8227,1640.0,0.8226,275272964.0,220493058.6002
1753507242960,05:20:42.960,bitget,ADA/USDT:USDT,0.8226,62520.0,0.8227,1640.0,0.8226,275272964.0,220493058.6002
1753507243275,05:20:43.275,bitget,ADA/USDT:USDT,0.8226,62520.0,0.8227,1640.0,0.8226,275272964.0,220493058.6002
1753507243587,05:20:43.587,bitget,ADA/USDT:USDT,0.8226,62520.0,0.8227,20140.0,0.8226,275272964.0,220493058.6002
1753507243931,05:20:43.931,bitget,ADA/USDT:USDT,0.8226,62520.0,0.8227,20140.0,0.8226,275272964.0,220493058.6002
1753507244281,05:20:44.281,bitget,ADA/USDT:USDT,0.8226,62520.0,0.8227,20140.0,0.8226,275272964.0,220493058.6002
1753507244593,05:20:44.593,bitget,ADA/USDT:USDT,0.8226,62520.0,0.8227,20140.0,0.8226,275272964.0,220493058.6002
1753507244917,05:20:44.917,bitget,ADA/USDT:USDT,0.8226,62520.0,0.8227,20140.0,0.8226,275272964.0,220493058.6002
1753507245341,05:20:45.341,bitget,ADA/USDT:USDT,0.8226,62520.0,0.8227,20140.0,0.8226,275272964.0,220493058.6002
1753507245714,05:20:45.714,bitget,ADA/USDT:USDT,0.8226,62520.0,0.8227,20140.0,0.8226,275272964.0,220493058.6002
1753507246028,05:20:46.028,bitget,ADA/USDT:USDT,0.8226,62520.0,0.8227,20140.0,0.8226,275272964.0,220493058.6002
1753507246397,05:20:46.397,bitget,ADA/USDT:USDT,0.8226,62520.0,0.8227,20140.0,0.8226,275272964.0,220493058.6002
1753507246797,05:20:46.797,bitget,ADA/USDT:USDT,0.8226,62520.0,0.8227,20140.0,0.8226,275272964.0,220493058.6002
1753507247104,05:20:47.104,bitget,ADA/USDT:USDT,0.8226,62520.0,0.8228,69578.0,0.8226,275272964.0,220493058.6002
1753507247405,05:20:47.405,bitget,ADA/USDT:USDT,0.8227,33959.0,0.8228,68132.0,0.8226,275272964.0,220493058.6002
1753507247787,05:20:47.787,bitget,ADA/USDT:USDT,0.8227,17288.0,0.8228,68132.0,0.8226,275272964.0,220493058.6002
1753507248105,05:20:48.105,bitget,ADA/USDT:USDT,0.8227,17288.0,0.8228,68132.0,0.8226,275272964.0,220493058.6002
1753507248420,05:20:48.420,bitget,ADA/USDT:USDT,0.8227,17288.0,0.8228,68132.0,0.8226,275272964.0,220493058.6002
1753507248851,05:20:48.851,bitget,ADA/USDT:USDT,0.8227,47297.0,0.8228,68132.0,0.8226,275272964.0,220493058.6002
1753507249722,05:20:49.722,bitget,ADA/USDT:USDT,0.8227,47297.0,0.8228,68132.0,0.8226,275272964.0,220493058.6002
1753507250041,05:20:50.041,bitget,ADA/USDT:USDT,0.8227,20127.0,0.8228,68132.0,0.8226,275272964.0,220493058.6002
1753507250399,05:20:50.399,bitget,ADA/USDT:USDT,0.8226,55040.0,0.8227,3276.0,0.8226,275272964.0,220493058.6002
1753507250727,05:20:50.727,bitget,ADA/USDT:USDT,0.8226,49917.0,0.8227,67121.0,0.8226,275272964.0,220493058.6002
1753507251037,05:20:51.037,bitget,ADA/USDT:USDT,0.8226,49917.0,0.8227,67121.0,0.8226,275272964.0,220493058.6002
1753507251416,05:20:51.416,bitget,ADA/USDT:USDT,0.8226,49917.0,0.8227,67121.0,0.8226,275272964.0,220493058.6002
1753507251848,05:20:51.848,bitget,ADA/USDT:USDT,0.8226,49917.0,0.8227,46497.0,0.8226,275272964.0,220493058.6002
1753507252759,05:20:52.759,bitget,ADA/USDT:USDT,0.8226,50737.0,0.8227,30713.0,0.8226,275272964.0,220493058.6002
1753507253086,05:20:53.086,bitget,ADA/USDT:USDT,0.8226,50737.0,0.8227,47276.0,0.8226,275272964.0,220493058.6002
1753507253409,05:20:53.409,bitget,ADA/USDT:USDT,0.8226,50737.0,0.8227,30713.0,0.8226,275272964.0,220493058.6002
1753507254200,05:20:54.200,bitget,ADA/USDT:USDT,0.8226,50737.0,0.8227,47276.0,0.8226,275272964.0,220493058.6002
1753507254518,05:20:54.518,bitget,ADA/USDT:USDT,0.8226,50737.0,0.8227,47276.0,0.8226,275272964.0,220493058.6002
1753507254823,05:20:54.823,bitget,ADA/USDT:USDT,0.8226,50737.0,0.8227,47276.0,0.8226,275272964.0,220493058.6002
1753507255207,05:20:55.207,bitget,ADA/USDT:USDT,0.8226,50737.0,0.8227,47276.0,0.8226,275272964.0,220493058.6002
1753507255527,05:20:55.527,bitget,ADA/USDT:USDT,0.8226,50737.0,0.8227,47276.0,0.8226,275272964.0,220493058.6002
1753507255833,05:20:55.833,bitget,ADA/USDT:USDT,0.8226,50737.0,0.8227,47276.0,0.8226,275272964.0,220493058.6002
1753507256158,05:20:56.158,bitget,ADA/USDT:USDT,0.8226,50737.0,0.8227,47276.0,0.8226,275272964.0,220493058.6002
1753507256909,05:20:56.909,bitget,ADA/USDT:USDT,0.8226,50737.0,0.8227,18553.0,0.8226,275272964.0,220493058.6002
1753507257280,05:20:57.280,bitget,ADA/USDT:USDT,0.8226,50737.0,0.8227,30409.0,0.8226,275272964.0,220493058.6002
1753507257636,05:20:57.636,bitget,ADA/USDT:USDT,0.8226,50737.0,0.8227,30409.0,0.8226,275272964.0,220493058.6002
1753507258016,05:20:58.016,bitget,ADA/USDT:USDT,0.8226,50737.0,0.8227,30409.0,0.8226,275272964.0,220493058.6002
1753507258333,05:20:58.333,bitget,ADA/USDT:USDT,0.8226,50737.0,0.8227,30409.0,0.8226,275272964.0,220493058.6002
1753507258688,05:20:58.688,bitget,ADA/USDT:USDT,0.8226,50375.0,0.8227,30409.0,0.8226,275272964.0,220493058.6002
1753507259036,05:20:59.036,bitget,ADA/USDT:USDT,0.8226,50375.0,0.8227,1640.0,0.8226,275272964.0,220493058.6002
1753507259364,05:20:59.364,bitget,ADA/USDT:USDT,0.8226,50375.0,0.8227,1640.0,0.8226,275272964.0,220493058.6002
1753507259969,05:20:59.969,bitget,ADA/USDT:USDT,0.8227,52509.0,0.8228,61529.0,0.8226,275273688.0,220493654.1626
1753507260357,05:21:00.357,bitget,ADA/USDT:USDT,0.8227,32162.0,0.8228,76868.0,0.8226,275273688.0,220493654.1626
1753507260677,05:21:00.677,bitget,ADA/USDT:USDT,0.8227,26350.0,0.8228,76868.0,0.8226,275273688.0,220493654.1626
1753507260995,05:21:00.995,bitget,ADA/USDT:USDT,0.8226,49398.0,0.8227,60159.0,0.8226,275272964.0,220493058.6002
1753507261645,05:21:01.645,bitget,ADA/USDT:USDT,0.8226,67961.0,0.8227,9843.0,0.8226,275249642.0,220474254.96
1753507262036,05:21:02.036,bitget,ADA/USDT:USDT,0.8226,67961.0,0.8227,9843.0,0.8226,275249642.0,220474254.96
1753507262380,05:21:02.380,bitget,ADA/USDT:USDT,0.8226,67961.0,0.8227,1640.0,0.8226,275249642.0,220474254.96
1753507262762,05:21:02.762,bitget,ADA/USDT:USDT,0.8226,67961.0,0.8227,1640.0,0.8226,275249642.0,220474254.96
1753507263101,05:21:03.101,bitget,ADA/USDT:USDT,0.8226,67961.0,0.8227,1640.0,0.8226,275249642.0,220474254.96
1753507263418,05:21:03.418,bitget,ADA/USDT:USDT,0.8226,67961.0,0.8227,27640.0,0.8226,275249642.0,220474254.96
1753507263730,05:21:03.730,bitget,ADA/USDT:USDT,0.8226,67961.0,0.8227,29239.0,0.8226,275249642.0,220474254.96
1753507264200,05:21:04.200,bitget,ADA/USDT:USDT,0.8226,67961.0,0.8227,3239.0,0.8226,275249642.0,220474254.96
1753507265108,05:21:05.108,bitget,ADA/USDT:USDT,0.8228,78397.0,0.8229,37829.0,0.8226,275249642.0,220474254.96
1753507265484,05:21:05.484,bitget,ADA/USDT:USDT,0.8228,47501.0,0.8229,54542.0,0.8226,275249642.0,220474254.96
1753507265815,05:21:05.815,bitget,ADA/USDT:USDT,0.8227,95805.0,0.8228,37829.0,0.8226,275249642.0,220474254.96
1753507266127,05:21:06.127,bitget,ADA/USDT:USDT,0.8227,63440.0,0.8228,37829.0,0.8226,275249642.0,220474254.96
1753507266665,05:21:06.665,bitget,ADA/USDT:USDT,0.8227,63440.0,0.8228,37829.0,0.8226,275249642.0,220474254.96
1753507267008,05:21:07.008,bitget,ADA/USDT:USDT,0.8227,63440.0,0.8228,37829.0,0.8226,275249642.0,220474254.96
1753507267332,05:21:07.332,bitget,ADA/USDT:USDT,0.8227,63440.0,0.8228,30061.0,0.8226,275249642.0,220474254.96
1753507267720,05:21:07.720,bitget,ADA/USDT:USDT,0.8229,51045.0,0.8231,32775.0,0.8228,275249642.0,220474254.96
1753507268066,05:21:08.066,bitget,ADA/USDT:USDT,0.823,66324.0,0.8231,1990.0,0.8228,275249642.0,220474254.96
1753507268381,05:21:08.381,bitget,ADA/USDT:USDT,0.823,30523.0,0.8231,87952.0,0.8228,275249642.0,220474254.96
1753507268695,05:21:08.695,bitget,ADA/USDT:USDT,0.823,26350.0,0.8231,87952.0,0.8228,275251286.0,220475607.6432
1753507269127,05:21:09.127,bitget,ADA/USDT:USDT,0.8229,27277.0,0.823,87544.0,0.8228,275251286.0,220475607.6432
1753507269871,05:21:09.871,bitget,ADA/USDT:USDT,0.8229,72813.0,0.823,1640.0,0.8228,275249642.0,220474254.96
1753507270595,05:21:10.595,bitget,ADA/USDT:USDT,0.823,57419.0,0.8231,32362.0,0.8228,275251286.0,220475607.6432
1753507270910,05:21:10.910,bitget,ADA/USDT:USDT,0.823,57419.0,0.8231,48925.0,0.8228,275251286.0,220475607.6432
1753507271226,05:21:11.226,bitget,ADA/USDT:USDT,0.823,58380.0,0.8231,21045.0,0.8228,275251286.0,220475607.6432
1753507271645,05:21:11.645,bitget,ADA/USDT:USDT,0.823,58380.0,0.8231,1949.0,0.8228,275251286.0,220475607.6432
1753507272004,05:21:12.004,bitget,ADA/USDT:USDT,0.823,58380.0,0.8231,1949.0,0.8228,275251286.0,220475607.6432
1753507272319,05:21:12.319,bitget,ADA/USDT:USDT,0.823,58380.0,0.8231,1949.0,0.8228,275251286.0,220475607.6432
1753507272669,05:21:12.669,bitget,ADA/USDT:USDT,0.8231,37871.0,0.8232,29834.0,0.8228,275251286.0,220475607.6432
1753507273008,05:21:13.008,bitget,ADA/USDT:USDT,0.8231,37871.0,0.8232,46397.0,0.8228,275251286.0,220475607.6432
1753507273323,05:21:13.323,bitget,ADA/USDT:USDT,0.8231,69310.0,0.8232,69230.0,0.8228,275251286.0,220475607.6432
1753507273636,05:21:13.636,bitget,ADA/USDT:USDT,0.8231,69310.0,0.8232,26509.0,0.8228,275251286.0,220475607.6432
1753507274245,05:21:14.245,bitget,ADA/USDT:USDT,0.8231,69310.0,0.8232,19802.0,0.8228,275251286.0,220475607.6432
1753507274554,05:21:14.554,bitget,ADA/USDT:USDT,0.8231,69310.0,0.8232,19802.0,0.8228,275251286.0,220475607.6432
1753507274875,05:21:14.875,bitget,ADA/USDT:USDT,0.8231,69310.0,0.8232,19802.0,0.8228,275251286.0,220475607.6432
1753507275293,05:21:15.293,bitget,ADA/USDT:USDT,0.8231,69310.0,0.8232,51475.0,0.8232,275251286.0,220475607.6432
1753507275632,05:21:15.632,bitget,ADA/USDT:USDT,0.8231,69310.0,0.8232,51475.0,0.8232,275251286.0,220475607.6432
1753507275947,05:21:15.947,bitget,ADA/USDT:USDT,0.8231,69310.0,0.8232,51475.0,0.8232,275251286.0,220475607.6432
1753507276268,05:21:16.268,bitget,ADA/USDT:USDT,0.8231,69310.0,0.8232,51475.0,0.8232,275251286.0,220475607.6432
1753507276719,05:21:16.719,bitget,ADA/USDT:USDT,0.8231,69310.0,0.8232,51475.0,0.8232,275251312.0,220475629.0464
1753507277543,05:21:17.543,bitget,ADA/USDT:USDT,0.8232,69124.0,0.8233,33154.0,0.8232,275251286.0,220475607.6432
1753507278229,05:21:18.229,bitget,ADA/USDT:USDT,0.8232,60668.0,0.8233,81691.0,0.8232,275251312.0,220475629.0464
1753507278538,05:21:18.538,bitget,ADA/USDT:USDT,0.8232,60668.0,0.8233,81691.0,0.8232,275251312.0,220475629.0464
1753507278852,05:21:18.852,bitget,ADA/USDT:USDT,0.8232,60668.0,0.8233,80731.0,0.8232,275251312.0,220475629.0464
1753507279214,05:21:19.214,bitget,ADA/USDT:USDT,0.8232,42506.0,0.8233,80731.0,0.8232,275251312.0,220475629.0464
1753507279586,05:21:19.586,bitget,ADA/USDT:USDT,0.8232,44105.0,0.8233,80731.0,0.8232,275251312.0,220475629.0464
1753507279898,05:21:19.898,bitget,ADA/USDT:USDT,0.8232,44105.0,0.8233,80731.0,0.8232,275251312.0,220475629.0464
1753507280253,05:21:20.253,bitget,ADA/USDT:USDT,0.8232,60668.0,0.8233,80731.0,0.8232,275251312.0,220475629.0464
1753507280610,05:21:20.610,bitget,ADA/USDT:USDT,0.8232,60668.0,0.8233,80731.0,0.8232,275251312.0,220475629.0464
1753507280916,05:21:20.916,bitget,ADA/USDT:USDT,0.8232,60668.0,0.8233,80731.0,0.8232,275251312.0,220475629.0464
1753507281232,05:21:21.232,bitget,ADA/USDT:USDT,0.8233,168.0,0.8234,56613.0,0.8232,275251312.0,220475629.0464
1753507281998,05:21:21.998,bitget,ADA/USDT:USDT,0.8233,57429.0,0.8234,45382.0,0.8232,275251312.0,220475629.0464
1753507282313,05:21:22.313,bitget,ADA/USDT:USDT,0.8233,72768.0,0.8234,71382.0,0.8232,275251312.0,220475629.0464
1753507282619,05:21:22.619,bitget,ADA/USDT:USDT,0.8233,72768.0,0.8234,56043.0,0.8232,275251312.0,220475629.0464
1753507282986,05:21:22.986,bitget,ADA/USDT:USDT,0.8233,44012.0,0.8234,77387.0,0.8232,275251312.0,220475629.0464
1753507283313,05:21:23.313,bitget,ADA/USDT:USDT,0.8233,44012.0,0.8234,77387.0,0.8232,275251312.0,220475629.0464
1753507283624,05:21:23.624,bitget,ADA/USDT:USDT,0.8233,44012.0,0.8234,77387.0,0.8232,275251312.0,220475629.0464
1753507284012,05:21:24.012,bitget,ADA/USDT:USDT,0.8233,44012.0,0.8234,77387.0,0.8232,275251312.0,220475629.0464
1753507285015,05:21:25.015,bitget,ADA/USDT:USDT,0.8233,60168.0,0.8234,61491.0,0.8232,275251312.0,220475629.0464
1753507285790,05:21:25.790,bitget,ADA/USDT:USDT,0.8233,60168.0,0.8234,61491.0,0.8232,275251312.0,220475629.0464
1753507286104,05:21:26.104,bitget,ADA/USDT:USDT,0.8233,60168.0,0.8234,61491.0,0.8232,275251312.0,220475629.0464
1753507286528,05:21:26.528,bitget,ADA/USDT:USDT,0.8233,60168.0,0.8234,61491.0,0.8232,275251312.0,220475629.0464
1753507286898,05:21:26.898,bitget,ADA/USDT:USDT,0.8233,60168.0,0.8234,61491.0,0.8232,275251312.0,220475629.0464
1753507287210,05:21:27.210,bitget,ADA/USDT:USDT,0.8233,60168.0,0.8234,61491.0,0.8232,275251312.0,220475629.0464
1753507287522,05:21:27.522,bitget,ADA/USDT:USDT,0.8233,60168.0,0.8234,61491.0,0.8232,275251312.0,220475629.0464
1753507287872,05:21:27.872,bitget,ADA/USDT:USDT,0.8233,60168.0,0.8234,61491.0,0.8232,275251312.0,220475629.0464
1753507288192,05:21:28.192,bitget,ADA/USDT:USDT,0.8233,60168.0,0.8234,61491.0,0.8232,275251312.0,220475629.0464
1753507288917,05:21:28.917,bitget,ADA/USDT:USDT,0.8232,73412.0,0.8233,535.0,0.8234,275251312.0,220475629.0464
1753507289270,05:21:29.270,bitget,ADA/USDT:USDT,0.8232,81964.0,0.8233,1365.0,0.8234,275331312.0,220541501.0464
1753507289585,05:21:29.585,bitget,ADA/USDT:USDT,0.8232,81964.0,0.8233,1365.0,0.8234,275331312.0,220541501.0464
1753507290227,05:21:30.227,bitget,ADA/USDT:USDT,0.8233,72173.0,0.8234,54619.0,0.8234,275331312.0,220541501.0464
1753507290559,05:21:30.559,bitget,ADA/USDT:USDT,0.8233,72005.0,0.8234,54619.0,0.8234,275331312.0,220541501.0464
1753507290869,05:21:30.869,bitget,ADA/USDT:USDT,0.8232,350.0,0.8233,45667.0,0.8234,275331312.0,220541501.0464
1753507291202,05:21:31.202,bitget,ADA/USDT:USDT,0.8232,2779.0,0.8233,76013.0,0.8234,275331312.0,220541501.0464
1753507291566,05:21:31.566,bitget,ADA/USDT:USDT,0.8231,58816.0,0.8233,76013.0,0.8234,275331312.0,220541501.0464
1753507291968,05:21:31.968,bitget,ADA/USDT:USDT,0.8231,58816.0,0.8233,76013.0,0.8234,275331312.0,220541501.0464
1753507292335,05:21:32.335,bitget,ADA/USDT:USDT,0.8231,46768.0,0.8232,63762.0,0.8234,275331312.0,220541501.0464
1753507292668,05:21:32.668,bitget,ADA/USDT:USDT,0.8231,63331.0,0.8232,63762.0,0.8234,275331312.0,220541501.0464
1753507293026,05:21:33.026,bitget,ADA/USDT:USDT,0.8231,63331.0,0.8232,63762.0,0.8234,275331312.0,220541501.0464
1753507293338,05:21:33.338,bitget,ADA/USDT:USDT,0.8231,63331.0,0.8232,63762.0,0.8234,275331312.0,220541501.0464
1753507293659,05:21:33.659,bitget,ADA/USDT:USDT,0.8231,63331.0,0.8232,63762.0,0.8234,275331312.0,220541501.0464
1753507294092,05:21:34.092,bitget,ADA/USDT:USDT,0.8231,63331.0,0.8232,63762.0,0.8234,275251312.0,220475629.0464
1753507294660,05:21:34.660,bitget,ADA/USDT:USDT,0.8231,63331.0,0.8232,63762.0,0.8234,275331312.0,220541501.0464
1753507294974,05:21:34.974,bitget,ADA/USDT:USDT,0.8231,63331.0,0.8232,63762.0,0.8234,275331312.0,220541501.0464
1753507295395,05:21:35.395,bitget,ADA/USDT:USDT,0.8231,63331.0,0.8232,63762.0,0.8234,275331312.0,220541501.0464
1753507295728,05:21:35.728,bitget,ADA/USDT:USDT,0.8231,63331.0,0.8232,63762.0,0.8234,275331312.0,220541501.0464
1753507296052,05:21:36.052,bitget,ADA/USDT:USDT,0.823,350.0,0.8231,62213.0,0.8234,275331312.0,220541501.0464
1753507296433,05:21:36.433,bitget,ADA/USDT:USDT,0.8229,35472.0,0.823,17043.0,0.8234,275331312.0,220541501.0464
1753507296850,05:21:36.850,bitget,ADA/USDT:USDT,0.8229,52844.0,0.823,59956.0,0.8234,275331312.0,220541501.0464
1753507297173,05:21:37.173,bitget,ADA/USDT:USDT,0.8229,56334.0,0.823,59956.0,0.8234,275331312.0,220541501.0464
1753507297482,05:21:37.482,bitget,ADA/USDT:USDT,0.8229,61517.0,0.823,59956.0,0.8234,275331312.0,220541501.0464
1753507297891,05:21:37.891,bitget,ADA/USDT:USDT,0.8229,61517.0,0.823,59956.0,0.8234,275331312.0,220541501.0464
1753507298208,05:21:38.208,bitget,ADA/USDT:USDT,0.823,16979.0,0.8231,76545.0,0.8234,275331312.0,220541501.0464
1753507298526,05:21:38.526,bitget,ADA/USDT:USDT,0.823,45751.0,0.8231,41028.0,0.8234,275331312.0,220541501.0464
1753507299034,05:21:39.034,bitget,ADA/USDT:USDT,0.823,45751.0,0.8231,67028.0,0.8234,275331312.0,220541501.0464
1753507299849,05:21:39.849,bitget,ADA/USDT:USDT,0.823,44928.0,0.8231,67028.0,0.8234,275331312.0,220541501.0464
1753507300815,05:21:40.815,bitget,ADA/USDT:USDT,0.823,44928.0,0.8231,67028.0,0.8234,275331312.0,220541501.0464
1753507301193,05:21:41.193,bitget,ADA/USDT:USDT,0.823,44928.0,0.8231,67028.0,0.8234,275331312.0,220541501.0464
1753507301578,05:21:41.578,bitget,ADA/USDT:USDT,0.823,44928.0,0.8231,67028.0,0.8234,275331312.0,220541501.0464
1753507301920,05:21:41.920,bitget,ADA/USDT:USDT,0.823,44928.0,0.8231,67028.0,0.8234,275331312.0,220541501.0464
1753507302230,05:21:42.230,bitget,ADA/USDT:USDT,0.823,44928.0,0.8231,67028.0,0.8234,275331312.0,220541501.0464
1753507302544,05:21:42.544,bitget,ADA/USDT:USDT,0.823,44928.0,0.8231,67028.0,0.8234,275331312.0,220541501.0464
1753507302906,05:21:42.906,bitget,ADA/USDT:USDT,0.823,44928.0,0.8231,67028.0,0.8234,275331312.0,220541501.0464
1753507303221,05:21:43.221,bitget,ADA/USDT:USDT,0.823,44928.0,0.8231,67028.0,0.8234,275331312.0,220541501.0464
1753507303542,05:21:43.542,bitget,ADA/USDT:USDT,0.823,44928.0,0.8231,67028.0,0.8234,275331312.0,220541501.0464
1753507303971,05:21:43.971,bitget,ADA/USDT:USDT,0.823,44928.0,0.8231,67028.0,0.8234,275331312.0,220541501.0464
1753507304671,05:21:44.671,bitget,ADA/USDT:USDT,0.823,44928.0,0.8231,67028.0,0.8234,275331312.0,220541501.0464
1753507304991,05:21:44.991,bitget,ADA/USDT:USDT,0.823,44928.0,0.8231,67028.0,0.8234,275331312.0,220541501.0464
1753507305654,05:21:45.654,bitget,ADA/USDT:USDT,0.8228,1949.0,0.8229,85915.0,0.823,275331312.0,220541501.0464
1753507305961,05:21:45.961,bitget,ADA/USDT:USDT,0.8228,66203.0,0.8229,78244.0,0.823,275331312.0,220541501.0464
1753507306340,05:21:46.340,bitget,ADA/USDT:USDT,0.8228,66203.0,0.8229,78779.0,0.823,275331312.0,220541501.0464
1753507306668,05:21:46.668,bitget,ADA/USDT:USDT,0.8228,66203.0,0.8229,78779.0,0.823,275332012.0,220542077.1464
1753507306988,05:21:46.988,bitget,ADA/USDT:USDT,0.8228,66203.0,0.8229,84279.0,0.823,275332012.0,220542077.1464
1753507307295,05:21:47.295,bitget,ADA/USDT:USDT,0.8228,66203.0,0.8229,84279.0,0.823,275332012.0,220542077.1464
1753507307632,05:21:47.632,bitget,ADA/USDT:USDT,0.8228,66203.0,0.8229,84279.0,0.823,275332012.0,220542077.1464
1753507307963,05:21:47.963,bitget,ADA/USDT:USDT,0.8228,66203.0,0.8229,84279.0,0.823,275332012.0,220542077.1464
1753507308272,05:21:48.272,bitget,ADA/USDT:USDT,0.8228,66203.0,0.8229,84279.0,0.823,275332012.0,220542077.1464
1753507308609,05:21:48.609,bitget,ADA/USDT:USDT,0.8228,47898.0,0.8229,84279.0,0.823,275332012.0,220542077.1464
1753507309271,05:21:49.271,bitget,ADA/USDT:USDT,0.8228,48090.0,0.8229,84279.0,0.823,275332012.0,220542077.1464
1753507309587,05:21:49.587,bitget,ADA/USDT:USDT,0.8228,48090.0,0.8229,84279.0,0.823,275331312.0,220541501.0464
1753507310319,05:21:50.319,bitget,ADA/USDT:USDT,0.8228,48090.0,0.8229,84279.0,0.823,275332012.0,220542077.1464
1753507310646,05:21:50.646,bitget,ADA/USDT:USDT,0.8228,48090.0,0.8229,84279.0,0.823,275332012.0,220542077.1464
1753507310969,05:21:50.969,bitget,ADA/USDT:USDT,0.8228,48090.0,0.8229,84279.0,0.823,275332012.0,220542077.1464
1753507311332,05:21:51.332,bitget,ADA/USDT:USDT,0.8228,48090.0,0.8229,84279.0,0.823,275332012.0,220542077.1464
1753507311666,05:21:51.666,bitget,ADA/USDT:USDT,0.8228,48090.0,0.8229,84279.0,0.823,275332012.0,220542077.1464
1753507311972,05:21:51.972,bitget,ADA/USDT:USDT,0.8227,63710.0,0.8228,17391.0,0.823,275332012.0,220542077.1464
1753507312291,05:21:52.291,bitget,ADA/USDT:USDT,0.8227,25661.0,0.8228,62734.0,0.823,275332012.0,220542077.1464
1753507313139,05:21:53.139,bitget,ADA/USDT:USDT,0.8227,52580.0,0.8228,63695.0,0.823,275332012.0,220542077.1464
1753507313451,05:21:53.451,bitget,ADA/USDT:USDT,0.8227,52580.0,0.8228,63695.0,0.823,275332012.0,220542077.1464
1753507313841,05:21:53.841,bitget,ADA/USDT:USDT,0.8227,52580.0,0.8228,63695.0,0.823,275332012.0,220542077.1464
1753507314191,05:21:54.191,bitget,ADA/USDT:USDT,0.8227,52580.0,0.8228,63695.0,0.823,275332012.0,220542077.1464
1753507314505,05:21:54.505,bitget,ADA/USDT:USDT,0.8227,52580.0,0.8228,63695.0,0.823,275332012.0,220542077.1464
1753507314825,05:21:54.825,bitget,ADA/USDT:USDT,0.8227,52580.0,0.8228,63695.0,0.823,275332012.0,220542077.1464
1753507315166,05:21:55.166,bitget,ADA/USDT:USDT,0.8227,52580.0,0.8228,63695.0,0.823,275332012.0,220542077.1464
1753507315489,05:21:55.489,bitget,ADA/USDT:USDT,0.8227,52580.0,0.8228,63695.0,0.823,275332012.0,220542077.1464
1753507315801,05:21:55.801,bitget,ADA/USDT:USDT,0.8227,52580.0,0.8228,62734.0,0.823,275332012.0,220542077.1464
1753507316181,05:21:56.181,bitget,ADA/USDT:USDT,0.8227,46768.0,0.8228,62734.0,0.823,275332012.0,220542077.1464
1753507316539,05:21:56.539,bitget,ADA/USDT:USDT,0.8227,46768.0,0.8228,62734.0,0.823,275332012.0,220542077.1464
1753507316846,05:21:56.846,bitget,ADA/USDT:USDT,0.8227,46768.0,0.8228,62734.0,0.823,275332012.0,220542077.1464
1753507317159,05:21:57.159,bitget,ADA/USDT:USDT,0.8227,46768.0,0.8228,62734.0,0.823,275332012.0,220542077.1464
1753507317506,05:21:57.506,bitget,ADA/USDT:USDT,0.8227,46768.0,0.8228,62734.0,0.823,275332012.0,220542077.1464
1753507317899,05:21:57.899,bitget,ADA/USDT:USDT,0.8227,46768.0,0.8228,62734.0,0.823,275332012.0,220542077.1464
1753507318208,05:21:58.208,bitget,ADA/USDT:USDT,0.8227,46768.0,0.8228,62734.0,0.823,275332012.0,220542077.1464
1753507318970,05:21:58.970,bitget,ADA/USDT:USDT,0.8227,63331.0,0.8228,45878.0,0.823,275332012.0,220542077.1464
1753507319539,05:21:59.539,bitget,ADA/USDT:USDT,0.8227,63331.0,0.8228,45878.0,0.823,275332012.0,220542077.1464
1753507319877,05:21:59.877,bitget,ADA/USDT:USDT,0.8227,63331.0,0.8228,1343.0,0.823,275332012.0,220542077.1464
1753507320220,05:22:00.220,bitget,ADA/USDT:USDT,0.8227,63331.0,0.8228,1343.0,0.823,275332012.0,220542077.1464
1753507320617,05:22:00.617,bitget,ADA/USDT:USDT,0.8227,63331.0,0.8228,25942.0,0.823,275202468.0,220437662.2474
1753507321658,05:22:01.658,bitget,ADA/USDT:USDT,0.8228,78794.0,0.8229,39665.0,0.823,275202468.0,220437662.2474
1753507322017,05:22:02.017,bitget,ADA/USDT:USDT,0.8229,518.0,0.823,15339.0,0.823,275202468.0,220437662.2474
1753507322387,05:22:02.387,bitget,ADA/USDT:USDT,0.8229,28757.0,0.823,46147.0,0.823,275202468.0,220437662.2474
1753507323127,05:22:03.127,bitget,ADA/USDT:USDT,0.8229,27949.0,0.823,62710.0,0.823,275202468.0,220437662.2474
1753507324122,05:22:04.122,bitget,ADA/USDT:USDT,0.8229,46960.0,0.823,62710.0,0.823,275202468.0,220437662.2474
1753507324438,05:22:04.438,bitget,ADA/USDT:USDT,0.8229,46960.0,0.823,62710.0,0.823,275202468.0,220437662.2474
1753507325152,05:22:05.152,bitget,ADA/USDT:USDT,0.8229,46960.0,0.823,62710.0,0.823,275202468.0,220437662.2474
1753507325535,05:22:05.535,bitget,ADA/USDT:USDT,0.8229,46960.0,0.823,62710.0,0.823,275332012.0,220542077.1464
1753507326344,05:22:06.344,bitget,ADA/USDT:USDT,0.8229,46152.0,0.823,62710.0,0.823,275202468.0,220437662.2474
1753507326656,05:22:06.656,bitget,ADA/USDT:USDT,0.8229,46152.0,0.823,62710.0,0.823,275202468.0,220437662.2474
1753507326967,05:22:06.967,bitget,ADA/USDT:USDT,0.8229,46152.0,0.823,62710.0,0.823,275202468.0,220437662.2474
1753507327309,05:22:07.309,bitget,ADA/USDT:USDT,0.8229,46152.0,0.823,62710.0,0.823,275202468.0,220437662.2474
1753507327947,05:22:07.947,bitget,ADA/USDT:USDT,0.8229,61491.0,0.823,61902.0,0.823,275202468.0,220437662.2474
1753507328354,05:22:08.354,bitget,ADA/USDT:USDT,0.823,51157.0,0.8231,48843.0,0.823,275202468.0,220437662.2474
1753507328761,05:22:08.761,bitget,ADA/USDT:USDT,0.823,27640.0,0.8231,43223.0,0.823,275202468.0,220437662.2474
1753507329067,05:22:09.067,bitget,ADA/USDT:USDT,0.823,27599.0,0.8231,46181.0,0.823,275202468.0,220437662.2474
1753507329381,05:22:09.381,bitget,ADA/USDT:USDT,0.823,27599.0,0.8231,72181.0,0.823,275202468.0,220437662.2474
1753507329765,05:22:09.765,bitget,ADA/USDT:USDT,0.823,27949.0,0.8231,72181.0,0.823,275202468.0,220437662.2474
1753507330361,05:22:10.361,bitget,ADA/USDT:USDT,0.823,27949.0,0.8231,72181.0,0.823,275202468.0,220437662.2474
1753507330767,05:22:10.767,bitget,ADA/USDT:USDT,0.823,28776.0,0.8231,72181.0,0.823,275202468.0,220437662.2474
1753507331133,05:22:11.133,bitget,ADA/USDT:USDT,0.823,28776.0,0.8231,72181.0,0.823,275202468.0,220437662.2474
1753507331450,05:22:11.450,bitget,ADA/USDT:USDT,0.823,28776.0,0.8231,72181.0,0.823,275202468.0,220437662.2474
1753507331759,05:22:11.759,bitget,ADA/USDT:USDT,0.823,28776.0,0.8231,72181.0,0.823,275202468.0,220437662.2474
1753507332100,05:22:12.100,bitget,ADA/USDT:USDT,0.823,38480.0,0.8231,72181.0,0.823,275202468.0,220437662.2474
1753507332423,05:22:12.423,bitget,ADA/USDT:USDT,0.823,38480.0,0.8231,72181.0,0.823,275202468.0,220437662.2474
1753507332745,05:22:12.745,bitget,ADA/USDT:USDT,0.823,38480.0,0.8231,72181.0,0.823,275202468.0,220437662.2474
1753507333475,05:22:13.475,bitget,ADA/USDT:USDT,0.823,38480.0,0.8231,72181.0,0.823,275202468.0,220437662.2474
1753507333788,05:22:13.788,bitget,ADA/USDT:USDT,0.823,38480.0,0.8231,72181.0,0.823,275202468.0,220437662.2474
1753507334096,05:22:14.096,bitget,ADA/USDT:USDT,0.823,38480.0,0.8231,72181.0,0.823,275202468.0,220437662.2474
1753507334421,05:22:14.421,bitget,ADA/USDT:USDT,0.823,38480.0,0.8231,72181.0,0.823,275202468.0,220437662.2474
1753507334760,05:22:14.760,bitget,ADA/USDT:USDT,0.823,38480.0,0.8231,72181.0,0.823,275202468.0,220437662.2474
1753507335074,05:22:15.074,bitget,ADA/USDT:USDT,0.823,38480.0,0.8231,72181.0,0.823,275202468.0,220437662.2474
1753507335387,05:22:15.387,bitget,ADA/USDT:USDT,0.823,38480.0,0.8231,72181.0,0.823,275202468.0,220437662.2474
1753507335804,05:22:15.804,bitget,ADA/USDT:USDT,0.823,28776.0,0.8232,97958.0,0.8231,275202468.0,220437662.2474
1753507336468,05:22:16.468,bitget,ADA/USDT:USDT,0.823,30416.0,0.8231,84831.0,0.8231,275203504.0,220438514.979
1753507337438,05:22:17.438,bitget,ADA/USDT:USDT,0.823,30416.0,0.8231,84831.0,0.8231,275203504.0,220438514.979
1753507337747,05:22:17.747,bitget,ADA/USDT:USDT,0.823,30416.0,0.8231,84831.0,0.8231,275203504.0,220438514.979
1753507338109,05:22:18.109,bitget,ADA/USDT:USDT,0.823,30416.0,0.8231,84831.0,0.8231,275203504.0,220438514.979
1753507339287,05:22:19.287,bitget,ADA/USDT:USDT,0.823,30416.0,0.8231,84831.0,0.8231,275203504.0,220438514.979
1753507339654,05:22:19.654,bitget,ADA/USDT:USDT,0.823,29589.0,0.8231,84831.0,0.8231,275203504.0,220438514.979
1753507339982,05:22:19.982,bitget,ADA/USDT:USDT,0.823,29589.0,0.8231,84831.0,0.8231,275203504.0,220438514.979
1753507340315,05:22:20.315,bitget,ADA/USDT:USDT,0.823,29589.0,0.8231,84831.0,0.8231,275203504.0,220438514.979
1753507340706,05:22:20.706,bitget,ADA/USDT:USDT,0.823,32281.0,0.8231,84831.0,0.8231,275203504.0,220438514.979
1753507341429,05:22:21.429,bitget,ADA/USDT:USDT,0.823,32281.0,0.8231,84831.0,0.8231,275203504.0,220438514.979
1753507341849,05:22:21.849,bitget,ADA/USDT:USDT,0.823,32281.0,0.8231,84831.0,0.8231,275203504.0,220438514.979
1753507342184,05:22:22.184,bitget,ADA/USDT:USDT,0.823,32281.0,0.8231,84831.0,0.8231,275203504.0,220438514.979
1753507342520,05:22:22.520,bitget,ADA/USDT:USDT,0.823,32281.0,0.8231,84831.0,0.8231,275203504.0,220438514.979
1753507342834,05:22:22.834,bitget,ADA/USDT:USDT,0.823,32987.0,0.8231,117979.0,0.8231,275203504.0,220438514.979
1753507343208,05:22:23.208,bitget,ADA/USDT:USDT,0.823,48464.0,0.8231,36074.0,0.8231,275203504.0,220438514.979
1753507343682,05:22:23.682,bitget,ADA/USDT:USDT,0.8234,3589.0,0.8235,57045.0,0.8231,275203504.0,220438514.979
1753507344772,05:22:24.772,bitget,ADA/USDT:USDT,0.8232,70569.0,0.8233,87672.0,0.8232,275203504.0,220438514.979
1753507345329,05:22:25.329,bitget,ADA/USDT:USDT,0.8232,70569.0,0.8233,87672.0,0.8232,275204204.0,220439091.219
1753507345698,05:22:25.698,bitget,ADA/USDT:USDT,0.8232,70569.0,0.8233,84327.0,0.8233,275204204.0,220439091.219
1753507346044,05:22:26.044,bitget,ADA/USDT:USDT,0.8232,75614.0,0.8233,48973.0,0.8233,275204204.0,220439091.219
1753507346360,05:22:26.360,bitget,ADA/USDT:USDT,0.8232,75614.0,0.8233,48973.0,0.8233,275203504.0,220438514.979
1753507346719,05:22:26.719,bitget,ADA/USDT:USDT,0.8232,77454.0,0.8233,45047.0,0.8233,275210894.0,220444599.096
1753507347101,05:22:27.101,bitget,ADA/USDT:USDT,0.8232,77454.0,0.8233,28484.0,0.8233,275210894.0,220444599.096
1753507347423,05:22:27.423,bitget,ADA/USDT:USDT,0.8232,77454.0,0.8233,26535.0,0.8233,275210894.0,220444599.096
1753507347743,05:22:27.743,bitget,ADA/USDT:USDT,0.8232,77454.0,0.8233,535.0,0.8233,275210894.0,220444599.096
1753507348088,05:22:28.088,bitget,ADA/USDT:USDT,0.8233,76141.0,0.8234,52590.0,0.8233,275210894.0,220444599.096
1753507348515,05:22:28.515,bitget,ADA/USDT:USDT,0.8233,76141.0,0.8234,78590.0,0.8233,275210978.0,220444668.2532
1753507349256,05:22:29.256,bitget,ADA/USDT:USDT,0.8233,51491.0,0.8234,78590.0,0.8233,275203504.0,220438514.979
1753507349945,05:22:29.945,bitget,ADA/USDT:USDT,0.8233,51491.0,0.8234,78590.0,0.8233,275210978.0,220444668.2532
1753507350259,05:22:30.259,bitget,ADA/USDT:USDT,0.8233,61491.0,0.8234,78590.0,0.8233,275210978.0,220444668.2532
1753507350699,05:22:30.699,bitget,ADA/USDT:USDT,0.8233,16938.0,0.8234,78590.0,0.8233,275210978.0,220444668.2532
1753507351176,05:22:31.176,bitget,ADA/USDT:USDT,0.8232,72409.0,0.8233,81059.0,0.8233,275210978.0,220444668.2532
1753507352057,05:22:32.057,bitget,ADA/USDT:USDT,0.8232,46348.0,0.8233,81059.0,0.8233,275210978.0,220444668.2532
1753507352442,05:22:32.442,bitget,ADA/USDT:USDT,0.8232,72348.0,0.8233,81059.0,0.8233,275210978.0,220444668.2532
1753507352808,05:22:32.808,bitget,ADA/USDT:USDT,0.8232,72348.0,0.8233,81059.0,0.8233,275210978.0,220444668.2532
1753507353132,05:22:33.132,bitget,ADA/USDT:USDT,0.8232,72348.0,0.8233,81059.0,0.8233,275210978.0,220444668.2532
1753507353661,05:22:33.661,bitget,ADA/USDT:USDT,0.8232,72348.0,0.8233,61510.0,0.8233,275210978.0,220444668.2532
1753507353985,05:22:33.985,bitget,ADA/USDT:USDT,0.8232,72348.0,0.8233,61510.0,0.8233,275210978.0,220444668.2532
1753507354296,05:22:34.296,bitget,ADA/USDT:USDT,0.8232,72348.0,0.8233,61510.0,0.8233,275210978.0,220444668.2532
1753507354680,05:22:34.680,bitget,ADA/USDT:USDT,0.8232,72348.0,0.8233,61510.0,0.8233,275210978.0,220444668.2532
1753507355023,05:22:35.023,bitget,ADA/USDT:USDT,0.8232,72348.0,0.8233,61510.0,0.8233,275210978.0,220444668.2532
1753507355360,05:22:35.360,bitget,ADA/USDT:USDT,0.8232,72348.0,0.8233,61510.0,0.8233,275210978.0,220444668.2532
1753507355675,05:22:35.675,bitget,ADA/USDT:USDT,0.8232,72348.0,0.8233,61510.0,0.8233,275210978.0,220444668.2532
1753507356044,05:22:36.044,bitget,ADA/USDT:USDT,0.8232,72348.0,0.8233,61510.0,0.8233,275210978.0,220444668.2532
1753507356393,05:22:36.393,bitget,ADA/USDT:USDT,0.8232,72348.0,0.8233,61510.0,0.8233,275210978.0,220444668.2532
1753507356918,05:22:36.918,bitget,ADA/USDT:USDT,0.8232,72348.0,0.8233,61510.0,0.8233,275210978.0,220444668.2532
1753507357349,05:22:37.349,bitget,ADA/USDT:USDT,0.8232,72348.0,0.8233,43823.0,0.8233,275210978.0,220444668.2532
1753507358185,05:22:38.185,bitget,ADA/USDT:USDT,0.8232,72348.0,0.8233,43823.0,0.8233,275210978.0,220444668.2532
1753507358519,05:22:38.519,bitget,ADA/USDT:USDT,0.8232,72348.0,0.8233,28823.0,0.8233,275210978.0,220444668.2532
1753507358917,05:22:38.917,bitget,ADA/USDT:USDT,0.8232,72348.0,0.8233,28823.0,0.8233,275210978.0,220444668.2532
1753507359293,05:22:39.293,bitget,ADA/USDT:USDT,0.8232,72348.0,0.8233,28823.0,0.8233,275210978.0,220444668.2532
1753507359617,05:22:39.617,bitget,ADA/USDT:USDT,0.8232,72348.0,0.8233,44661.0,0.8233,275210978.0,220444668.2532
1753507359977,05:22:39.977,bitget,ADA/USDT:USDT,0.8232,72348.0,0.8233,44661.0,0.8233,275210978.0,220444668.2532
1753507360402,05:22:40.402,bitget,ADA/USDT:USDT,0.8232,72348.0,0.8233,44661.0,0.8233,275210978.0,220444668.2532
1753507360719,05:22:40.719,bitget,ADA/USDT:USDT,0.8232,72348.0,0.8233,44661.0,0.8233,275210978.0,220444668.2532
1753507361046,05:22:41.046,bitget,ADA/USDT:USDT,0.8232,72348.0,0.8233,44661.0,0.8233,275210978.0,220444668.2532
1753507361956,05:22:41.956,bitget,ADA/USDT:USDT,0.8232,72348.0,0.8233,17473.0,0.8233,275210978.0,220444668.2532
1753507362274,05:22:42.274,bitget,ADA/USDT:USDT,0.8232,72348.0,0.8233,15874.0,0.8233,275210978.0,220444668.2532
1753507362613,05:22:42.613,bitget,ADA/USDT:USDT,0.8232,72348.0,0.8233,1599.0,0.8233,275210978.0,220444668.2532
1753507363273,05:22:43.273,bitget,ADA/USDT:USDT,0.8233,58016.0,0.8234,88659.0,0.8233,275210978.0,220444668.2532
1753507363589,05:22:43.589,bitget,ADA/USDT:USDT,0.8233,58016.0,0.8234,72087.0,0.8233,275210978.0,220444668.2532
1753507364387,05:22:44.387,bitget,ADA/USDT:USDT,0.8233,58016.0,0.8234,72087.0,0.8233,275210978.0,220444668.2532
1753507364762,05:22:44.762,bitget,ADA/USDT:USDT,0.8233,58016.0,0.8234,72087.0,0.8233,275210978.0,220444668.2532
1753507365071,05:22:45.071,bitget,ADA/USDT:USDT,0.8233,59656.0,0.8234,72087.0,0.8233,275210978.0,220444668.2532
1753507365483,05:22:45.483,bitget,ADA/USDT:USDT,0.8233,59656.0,0.8234,72087.0,0.8233,275210978.0,220444668.2532
1753507365793,05:22:45.793,bitget,ADA/USDT:USDT,0.8233,59656.0,0.8234,76140.0,0.8233,275210978.0,220444668.2532
1753507366104,05:22:46.104,bitget,ADA/USDT:USDT,0.8233,59656.0,0.8234,76140.0,0.8233,275210978.0,220444668.2532
1753507366511,05:22:46.511,bitget,ADA/USDT:USDT,0.8233,59656.0,0.8234,72087.0,0.8233,275210978.0,220444668.2532
1753507366918,05:22:46.918,bitget,ADA/USDT:USDT,0.8233,59656.0,0.8234,72087.0,0.8233,275210978.0,220444668.2532
1753507367231,05:22:47.231,bitget,ADA/USDT:USDT,0.8233,59656.0,0.8234,66198.0,0.8233,275210978.0,220444668.2532
1753507367544,05:22:47.544,bitget,ADA/USDT:USDT,0.8233,59656.0,0.8234,66198.0,0.8233,275210978.0,220444668.2532
1753507367880,05:22:47.880,bitget,ADA/USDT:USDT,0.8233,59656.0,0.8234,66198.0,0.8233,275210978.0,220444668.2532
1753507368191,05:22:48.191,bitget,ADA/USDT:USDT,0.8233,59656.0,0.8234,70251.0,0.8233,275210978.0,220444668.2532
1753507368501,05:22:48.501,bitget,ADA/USDT:USDT,0.8233,59656.0,0.8234,66198.0,0.8233,275210978.0,220444668.2532
1753507368823,05:22:48.823,bitget,ADA/USDT:USDT,0.8233,59656.0,0.8234,66198.0,0.8233,275210978.0,220444668.2532
1753507369159,05:22:49.159,bitget,ADA/USDT:USDT,0.8233,59656.0,0.8234,66198.0,0.8233,275210978.0,220444668.2532
1753507369498,05:22:49.498,bitget,ADA/USDT:USDT,0.8233,59656.0,0.8234,66198.0,0.8233,275210978.0,220444668.2532
1753507369807,05:22:49.807,bitget,ADA/USDT:USDT,0.8233,59656.0,0.8234,66198.0,0.8233,275210978.0,220444668.2532
1753507370120,05:22:50.120,bitget,ADA/USDT:USDT,0.8233,16913.0,0.8234,66198.0,0.8233,275210978.0,220444668.2532
1753507370472,05:22:50.472,bitget,ADA/USDT:USDT,0.8232,49973.0,0.8233,36215.0,0.8233,275210978.0,220444668.2532
1753507370780,05:22:50.780,bitget,ADA/USDT:USDT,0.8232,49973.0,0.8233,36215.0,0.8233,275210978.0,220444668.2532
1753507371092,05:22:51.092,bitget,ADA/USDT:USDT,0.8232,67361.0,0.8233,535.0,0.8233,275211508.0,220445104.6022
1753507371479,05:22:51.479,bitget,ADA/USDT:USDT,0.8232,67361.0,0.8233,16134.0,0.8233,275211508.0,220445104.6022
1753507371912,05:22:51.912,bitget,ADA/USDT:USDT,0.8232,67361.0,0.8233,16959.0,0.8233,275211508.0,220445104.6022
1753507372634,05:22:52.634,bitget,ADA/USDT:USDT,0.8232,67361.0,0.8233,29309.0,0.8233,275211508.0,220445104.6022
1753507372974,05:22:52.974,bitget,ADA/USDT:USDT,0.8232,67361.0,0.8233,29309.0,0.8233,275211508.0,220445104.6022
1753507373285,05:22:53.285,bitget,ADA/USDT:USDT,0.8232,67361.0,0.8233,29309.0,0.8233,275211508.0,220445104.6022
1753507373591,05:22:53.591,bitget,ADA/USDT:USDT,0.8232,67361.0,0.8233,29309.0,0.8233,275211508.0,220445104.6022
1753507373959,05:22:53.959,bitget,ADA/USDT:USDT,0.823,31797.0,0.8231,44483.0,0.823,275211508.0,220445104.6022
1753507374385,05:22:54.385,bitget,ADA/USDT:USDT,0.823,28525.0,0.8231,71308.0,0.823,275214788.0,220447804.6982
1753507374908,05:22:54.908,bitget,ADA/USDT:USDT,0.823,55350.0,0.8231,71308.0,0.823,275214788.0,220447804.6982
1753507375242,05:22:55.242,bitget,ADA/USDT:USDT,0.823,55350.0,0.8231,70796.0,0.823,275214788.0,220447804.6982
1753507375581,05:22:55.581,bitget,ADA/USDT:USDT,0.823,55350.0,0.8231,70796.0,0.823,275214788.0,220447804.6982
1753507375893,05:22:55.893,bitget,ADA/USDT:USDT,0.823,55350.0,0.8231,70796.0,0.823,275215518.0,220448405.4882
1753507376215,05:22:56.215,bitget,ADA/USDT:USDT,0.823,55350.0,0.8231,70796.0,0.823,275215518.0,220448405.4882
1753507376634,05:22:56.634,bitget,ADA/USDT:USDT,0.823,55350.0,0.8231,45677.0,0.823,275211508.0,220445104.6022
1753507377090,05:22:57.090,bitget,ADA/USDT:USDT,0.823,55350.0,0.8231,19802.0,0.823,275215518.0,220448405.4882
1753507378030,05:22:58.030,bitget,ADA/USDT:USDT,0.823,55350.0,0.8231,30428.0,0.823,275215518.0,220448405.4882
1753507378384,05:22:58.384,bitget,ADA/USDT:USDT,0.823,55350.0,0.8231,30428.0,0.823,275215518.0,220448405.4882
1753507378694,05:22:58.694,bitget,ADA/USDT:USDT,0.823,55350.0,0.8231,3239.0,0.823,275215518.0,220448405.4882
1753507379094,05:22:59.094,bitget,ADA/USDT:USDT,0.823,55350.0,0.8231,1640.0,0.823,275215518.0,220448405.4882
1753507379474,05:22:59.474,bitget,ADA/USDT:USDT,0.823,55350.0,0.8231,1640.0,0.823,275215518.0,220448405.4882
1753507379791,05:22:59.791,bitget,ADA/USDT:USDT,0.8231,50146.0,0.8232,91584.0,0.823,275215518.0,220448405.4882
1753507380114,05:23:00.114,bitget,ADA/USDT:USDT,0.8231,48856.0,0.8232,91584.0,0.823,275215518.0,220448405.4882
1753507380734,05:23:00.734,bitget,ADA/USDT:USDT,0.8232,21990.0,0.8233,80544.0,0.823,274994356.0,220270042.0318
1753507381475,05:23:01.475,bitget,ADA/USDT:USDT,0.8232,69982.0,0.8233,32034.0,0.823,274994356.0,220270042.0318
1753507381851,05:23:01.851,bitget,ADA/USDT:USDT,0.8232,69982.0,0.8233,29589.0,0.823,274994356.0,220270042.0318
1753507382226,05:23:02.226,bitget,ADA/USDT:USDT,0.8232,49100.0,0.8233,62565.0,0.823,274994356.0,220270042.0318
1753507382606,05:23:02.606,bitget,ADA/USDT:USDT,0.8232,49100.0,0.8233,62565.0,0.823,274994356.0,220270042.0318
1753507382930,05:23:02.930,bitget,ADA/USDT:USDT,0.8232,47151.0,0.8233,62565.0,0.823,274994356.0,220270042.0318
1753507383774,05:23:03.774,bitget,ADA/USDT:USDT,0.8231,55215.0,0.8232,9021.0,0.823,274994356.0,220270042.0318
1753507384087,05:23:04.087,bitget,ADA/USDT:USDT,0.8231,71778.0,0.8232,1640.0,0.823,274994356.0,220270042.0318
1753507384425,05:23:04.425,bitget,ADA/USDT:USDT,0.8231,71778.0,0.8232,1640.0,0.823,274994356.0,220270042.0318
1753507384816,05:23:04.816,bitget,ADA/USDT:USDT,0.8231,71778.0,0.8232,1640.0,0.823,274994356.0,220270042.0318
1753507385152,05:23:05.152,bitget,ADA/USDT:USDT,0.8231,71778.0,0.8232,1640.0,0.823,274994356.0,220270042.0318
1753507385467,05:23:05.467,bitget,ADA/USDT:USDT,0.8231,71778.0,0.8232,4078.0,0.823,274994356.0,220270042.0318
1753507385788,05:23:05.788,bitget,ADA/USDT:USDT,0.8231,71778.0,0.8232,30428.0,0.823,274994356.0,220270042.0318
1753507386124,05:23:06.124,bitget,ADA/USDT:USDT,0.8232,57923.0,0.8233,33506.0,0.823,274994356.0,220270042.0318
1753507386434,05:23:06.434,bitget,ADA/USDT:USDT,0.8232,57923.0,0.8233,33506.0,0.823,274994356.0,220270042.0318
1753507386745,05:23:06.745,bitget,ADA/USDT:USDT,0.8232,74486.0,0.8233,76069.0,0.823,274994356.0,220270042.0318
1753507387178,05:23:07.178,bitget,ADA/USDT:USDT,0.8232,74486.0,0.8233,76069.0,0.823,275215518.0,220448405.4882
1753507387919,05:23:07.919,bitget,ADA/USDT:USDT,0.8232,74486.0,0.8233,75230.0,0.823,274994356.0,220270042.0318
1753507388233,05:23:08.233,bitget,ADA/USDT:USDT,0.8232,74486.0,0.8233,75230.0,0.823,274994356.0,220270042.0318
1753507388581,05:23:08.581,bitget,ADA/USDT:USDT,0.8232,74486.0,0.8233,75230.0,0.823,274994356.0,220270042.0318
1753507388908,05:23:08.908,bitget,ADA/USDT:USDT,0.8232,74486.0,0.8233,75230.0,0.823,274994356.0,220270042.0318
1753507389213,05:23:09.213,bitget,ADA/USDT:USDT,0.8232,74486.0,0.8233,61491.0,0.823,274994356.0,220270042.0318
1753507389634,05:23:09.634,bitget,ADA/USDT:USDT,0.8232,74486.0,0.8233,61491.0,0.823,274994356.0,220270042.0318
1753507389999,05:23:09.999,bitget,ADA/USDT:USDT,0.8232,73196.0,0.8233,61491.0,0.823,274994356.0,220270042.0318
1753507390325,05:23:10.325,bitget,ADA/USDT:USDT,0.8232,73196.0,0.8233,61491.0,0.823,274994356.0,220270042.0318
1753507390636,05:23:10.636,bitget,ADA/USDT:USDT,0.8232,73196.0,0.8233,61491.0,0.823,274994356.0,220270042.0318
1753507390956,05:23:10.956,bitget,ADA/USDT:USDT,0.8232,73196.0,0.8233,61491.0,0.823,274994356.0,220270042.0318
1753507391285,05:23:11.285,bitget,ADA/USDT:USDT,0.8232,73196.0,0.8233,61491.0,0.823,274994356.0,220270042.0318
1753507391923,05:23:11.923,bitget,ADA/USDT:USDT,0.8232,73196.0,0.8233,61491.0,0.823,274994356.0,220270042.0318
1753507392447,05:23:12.447,bitget,ADA/USDT:USDT,0.8232,73196.0,0.8233,61491.0,0.823,274994356.0,220270042.0318
1753507392838,05:23:12.838,bitget,ADA/USDT:USDT,0.8232,32252.0,0.8233,61491.0,0.823,274994356.0,220270042.0318
1753507393152,05:23:13.152,bitget,ADA/USDT:USDT,0.8232,15339.0,0.8233,61491.0,0.823,274994356.0,220270042.0318
1753507393472,05:23:13.472,bitget,ADA/USDT:USDT,0.8231,85999.0,0.8233,61491.0,0.823,274994356.0,220270042.0318
1753507393814,05:23:13.814,bitget,ADA/USDT:USDT,0.8231,45943.0,0.8232,80418.0,0.823,274994356.0,220270042.0318
1753507394124,05:23:14.124,bitget,ADA/USDT:USDT,0.8231,64224.0,0.8232,82017.0,0.823,274994356.0,220270042.0318
1753507394439,05:23:14.439,bitget,ADA/USDT:USDT,0.8231,64224.0,0.8232,80796.0,0.8232,274994356.0,220270042.0318
1753507394938,05:23:14.938,bitget,ADA/USDT:USDT,0.8231,64224.0,0.8232,80796.0,0.8232,274996798.0,220272052.2862
1753507395677,05:23:15.677,bitget,ADA/USDT:USDT,0.8231,64224.0,0.8232,80796.0,0.8232,274996798.0,220272052.2862
1753507396664,05:23:16.664,bitget,ADA/USDT:USDT,0.8232,2105.0,0.8233,41370.0,0.8232,274994356.0,220270042.0318
1753507397465,05:23:17.465,bitget,ADA/USDT:USDT,0.8232,44103.0,0.8233,78241.0,0.8232,274996798.0,220272052.2862
1753507398427,05:23:18.427,bitget,ADA/USDT:USDT,0.8232,60666.0,0.8233,77426.0,0.8232,274996798.0,220272052.2862
1753507399260,05:23:19.260,bitget,ADA/USDT:USDT,0.8233,74287.0,0.8234,48366.0,0.8232,274996798.0,220272052.2862
1753507399617,05:23:19.617,bitget,ADA/USDT:USDT,0.8233,68248.0,0.8234,64929.0,0.8232,274996798.0,220272052.2862
1753507399981,05:23:19.981,bitget,ADA/USDT:USDT,0.8233,68248.0,0.8234,64929.0,0.8232,274996798.0,220272052.2862
1753507400345,05:23:20.345,bitget,ADA/USDT:USDT,0.8233,68248.0,0.8234,64929.0,0.8232,274996798.0,220272052.2862
1753507400716,05:23:20.716,bitget,ADA/USDT:USDT,0.8233,79557.0,0.8234,64091.0,0.8232,274996798.0,220272052.2862
1753507401056,05:23:21.056,bitget,ADA/USDT:USDT,0.8233,79557.0,0.8234,64091.0,0.8232,274996798.0,220272052.2862
1753507401390,05:23:21.390,bitget,ADA/USDT:USDT,0.8233,79557.0,0.8234,64091.0,0.8232,274996798.0,220272052.2862
1753507401711,05:23:21.711,bitget,ADA/USDT:USDT,0.8233,79557.0,0.8234,64091.0,0.8232,274996798.0,220272052.2862
1753507402061,05:23:22.061,bitget,ADA/USDT:USDT,0.8233,79557.0,0.8234,1640.0,0.8232,274996798.0,220272052.2862
1753507402704,05:23:22.704,bitget,ADA/USDT:USDT,0.8233,79557.0,0.8234,4427.0,0.8232,274996798.0,220272052.2862
1753507403065,05:23:23.065,bitget,ADA/USDT:USDT,0.8233,79557.0,0.8234,27640.0,0.8232,274996798.0,220272052.2862
1753507403379,05:23:23.379,bitget,ADA/USDT:USDT,0.8233,79557.0,0.8234,46152.0,0.8232,274996798.0,220272052.2862
1753507403726,05:23:23.726,bitget,ADA/USDT:USDT,0.8233,79557.0,0.8234,46152.0,0.8232,274996798.0,220272052.2862
1753507404033,05:23:24.033,bitget,ADA/USDT:USDT,0.8233,79557.0,0.8234,46152.0,0.8232,274996798.0,220272052.2862
1753507404344,05:23:24.344,bitget,ADA/USDT:USDT,0.8233,43023.0,0.8234,46990.0,0.8232,274996798.0,220272052.2862
1753507404690,05:23:24.690,bitget,ADA/USDT:USDT,0.8233,43023.0,0.8234,46990.0,0.8232,274996798.0,220272052.2862
1753507405091,05:23:25.091,bitget,ADA/USDT:USDT,0.8233,44622.0,0.8234,47094.0,0.8232,274996798.0,220272052.2862
1753507405410,05:23:25.410,bitget,ADA/USDT:USDT,0.8233,44622.0,0.8234,47094.0,0.8232,274996798.0,220272052.2862
1753507405773,05:23:25.773,bitget,ADA/USDT:USDT,0.8232,350.0,0.8233,58313.0,0.8232,274996798.0,220272052.2862
1753507406139,05:23:26.139,bitget,ADA/USDT:USDT,0.8232,350.0,0.8233,112882.0,0.8232,274996798.0,220272052.2862
1753507406458,05:23:26.458,bitget,ADA/USDT:USDT,0.8232,350.0,0.8233,112882.0,0.8232,274996798.0,220272052.2862
1753507406765,05:23:26.765,bitget,ADA/USDT:USDT,0.8232,350.0,0.8233,110439.0,0.8232,274996798.0,220272052.2862
1753507407131,05:23:27.131,bitget,ADA/USDT:USDT,0.8232,350.0,0.8233,110439.0,0.8232,274996798.0,220272052.2862
1753507407513,05:23:27.513,bitget,ADA/USDT:USDT,0.8232,350.0,0.8233,110439.0,0.8232,274996798.0,220272052.2862
1753507407821,05:23:27.821,bitget,ADA/USDT:USDT,0.8232,350.0,0.8233,110439.0,0.8232,274996798.0,220272052.2862
1753507408136,05:23:28.136,bitget,ADA/USDT:USDT,0.8232,350.0,0.8233,110439.0,0.8232,274996798.0,220272052.2862
1753507408588,05:23:28.588,bitget,ADA/USDT:USDT,0.8232,350.0,0.8233,109479.0,0.8232,274996798.0,220272052.2862
1753507409550,05:23:29.550,bitget,ADA/USDT:USDT,0.8231,73144.0,0.8232,73134.0,0.8232,274996798.0,220272052.2862
1753507409931,05:23:29.931,bitget,ADA/USDT:USDT,0.8231,72329.0,0.8232,73134.0,0.8232,274996798.0,220272052.2862
1753507410243,05:23:30.243,bitget,ADA/USDT:USDT,0.8231,72329.0,0.8232,73134.0,0.8232,274996798.0,220272052.2862
1753507410556,05:23:30.556,bitget,ADA/USDT:USDT,0.8231,72329.0,0.8232,73134.0,0.8232,274996798.0,220272052.2862
1753507410979,05:23:30.979,bitget,ADA/USDT:USDT,0.8231,72329.0,0.8232,73134.0,0.8232,274996798.0,220272052.2862
1753507411296,05:23:31.296,bitget,ADA/USDT:USDT,0.8231,72329.0,0.8232,73134.0,0.8232,274996798.0,220272052.2862
1753507411700,05:23:31.700,bitget,ADA/USDT:USDT,0.8231,72329.0,0.8232,73134.0,0.8232,274996798.0,220272052.2862
1753507412090,05:23:32.090,bitget,ADA/USDT:USDT,0.8231,72329.0,0.8232,73134.0,0.8232,274996798.0,220272052.2862
1753507412446,05:23:32.446,bitget,ADA/USDT:USDT,0.8231,58829.0,0.8232,73134.0,0.8232,274996798.0,220272052.2862
1753507413185,05:23:33.185,bitget,ADA/USDT:USDT,0.823,29054.0,0.8231,62495.0,0.8232,274996798.0,220272052.2862
1753507414016,05:23:34.016,bitget,ADA/USDT:USDT,0.823,69046.0,0.8231,79058.0,0.8232,274996798.0,220272052.2862
1753507414335,05:23:34.335,bitget,ADA/USDT:USDT,0.823,70153.0,0.8231,57902.0,0.8232,274996798.0,220272052.2862
1753507414807,05:23:34.807,bitget,ADA/USDT:USDT,0.823,68925.0,0.8231,61141.0,0.8232,274996798.0,220272052.2862
1753507415614,05:23:35.614,bitget,ADA/USDT:USDT,0.823,68925.0,0.8231,44203.0,0.8232,274996798.0,220272052.2862
1753507416440,05:23:36.440,bitget,ADA/USDT:USDT,0.823,68925.0,0.8231,27640.0,0.8232,274996798.0,220272052.2862
1753507416765,05:23:36.765,bitget,ADA/USDT:USDT,0.823,68925.0,0.8231,29239.0,0.8232,274996798.0,220272052.2862
1753507417184,05:23:37.184,bitget,ADA/USDT:USDT,0.823,68925.0,0.8231,27990.0,0.8232,274996798.0,220272052.2862
1753507417638,05:23:37.638,bitget,ADA/USDT:USDT,0.823,59815.0,0.8231,29589.0,0.8232,274996798.0,220272052.2862
1753507418451,05:23:38.451,bitget,ADA/USDT:USDT,0.823,59815.0,0.8231,30405.0,0.8232,274996798.0,220272052.2862
1753507418884,05:23:38.884,bitget,ADA/USDT:USDT,0.823,59815.0,0.8231,28456.0,0.8232,274996798.0,220272052.2862
1753507419523,05:23:39.523,bitget,ADA/USDT:USDT,0.823,59815.0,0.8231,27640.0,0.8232,274996798.0,220272052.2862
1753507419863,05:23:39.863,bitget,ADA/USDT:USDT,0.823,59815.0,0.8231,27640.0,0.8232,274996798.0,220272052.2862
1753507420177,05:23:40.177,bitget,ADA/USDT:USDT,0.823,59815.0,0.8231,27640.0,0.8232,274996798.0,220272052.2862
1753507420512,05:23:40.512,bitget,ADA/USDT:USDT,0.823,59815.0,0.8231,27415.0,0.8231,274996798.0,220272052.2862
1753507420864,05:23:40.864,bitget,ADA/USDT:USDT,0.823,59815.0,0.8231,27415.0,0.8231,274996798.0,220272052.2862
1753507421206,05:23:41.206,bitget,ADA/USDT:USDT,0.823,59815.0,0.8231,27415.0,0.8231,274996798.0,220272052.2862
1753507421518,05:23:41.518,bitget,ADA/USDT:USDT,0.823,59815.0,0.8231,27415.0,0.8231,274996798.0,220272052.2862
1753507421827,05:23:41.827,bitget,ADA/USDT:USDT,0.8231,78200.0,0.8232,1599.0,0.8231,274996798.0,220272052.2862
1753507422450,05:23:42.450,bitget,ADA/USDT:USDT,0.8231,78200.0,0.8232,29589.0,0.8231,274997248.0,220272422.6812
1753507422763,05:23:42.763,bitget,ADA/USDT:USDT,0.8231,78200.0,0.8232,30420.0,0.8231,274997248.0,220272422.6812
1753507423073,05:23:43.073,bitget,ADA/USDT:USDT,0.8231,78200.0,0.8232,30420.0,0.8231,274997248.0,220272422.6812
1753507423475,05:23:43.475,bitget,ADA/USDT:USDT,0.8232,60682.0,0.8233,62974.0,0.8231,274997248.0,220272422.6812
1753507423818,05:23:43.818,bitget,ADA/USDT:USDT,0.8232,60682.0,0.8233,62974.0,0.8231,274997248.0,220272422.6812
1753507424130,05:23:44.130,bitget,ADA/USDT:USDT,0.8232,60682.0,0.8233,46411.0,0.8231,274997248.0,220272422.6812
1753507424448,05:23:44.448,bitget,ADA/USDT:USDT,0.8232,60682.0,0.8233,72411.0,0.8231,274997248.0,220272422.6812
1753507424899,05:23:44.899,bitget,ADA/USDT:USDT,0.8232,60682.0,0.8233,72411.0,0.8231,274997248.0,220272422.6812
1753507425753,05:23:45.753,bitget,ADA/USDT:USDT,0.8232,60682.0,0.8233,72411.0,0.8231,274996798.0,220272052.2862
1753507426390,05:23:46.390,bitget,ADA/USDT:USDT,0.8232,58252.0,0.8233,72411.0,0.8231,274997248.0,220272422.6812
1753507426698,05:23:46.698,bitget,ADA/USDT:USDT,0.8232,59851.0,0.8233,72411.0,0.8231,274997248.0,220272422.6812
1753507427086,05:23:47.086,bitget,ADA/USDT:USDT,0.8232,59851.0,0.8233,72411.0,0.8231,274997248.0,220272422.6812
1753507427437,05:23:47.437,bitget,ADA/USDT:USDT,0.8232,59851.0,0.8233,72411.0,0.8231,274997248.0,220272422.6812
1753507427749,05:23:47.749,bitget,ADA/USDT:USDT,0.8232,59851.0,0.8233,72411.0,0.8231,274997248.0,220272422.6812
1753507428060,05:23:48.060,bitget,ADA/USDT:USDT,0.8232,59851.0,0.8233,72411.0,0.8231,274997248.0,220272422.6812
1753507428427,05:23:48.427,bitget,ADA/USDT:USDT,0.8232,59851.0,0.8233,72411.0,0.8231,274997248.0,220272422.6812
1753507429194,05:23:49.194,bitget,ADA/USDT:USDT,0.8232,59851.0,0.8233,105536.0,0.8231,274997248.0,220272422.6812
1753507430077,05:23:50.077,bitget,ADA/USDT:USDT,0.8232,59851.0,0.8233,105536.0,0.8231,274997248.0,220272422.6812
1753507430487,05:23:50.487,bitget,ADA/USDT:USDT,0.8232,59851.0,0.8233,105536.0,0.8231,274997248.0,220272422.6812
1753507430917,05:23:50.917,bitget,ADA/USDT:USDT,0.8232,59851.0,0.8233,105536.0,0.8231,274996798.0,220272052.2862
1753507431907,05:23:51.907,bitget,ADA/USDT:USDT,0.8233,60690.0,0.8234,103566.0,0.8231,274997248.0,220272422.6812
1753507432255,05:23:52.255,bitget,ADA/USDT:USDT,0.8233,60690.0,0.8234,103566.0,0.8231,274997248.0,220272422.6812
1753507432568,05:23:52.568,bitget,ADA/USDT:USDT,0.8233,60690.0,0.8234,103566.0,0.8231,274997248.0,220272422.6812
1753507432876,05:23:52.876,bitget,ADA/USDT:USDT,0.8233,43288.0,0.8234,103566.0,0.8231,274997248.0,220272422.6812
1753507433222,05:23:53.222,bitget,ADA/USDT:USDT,0.8233,43288.0,0.8234,103566.0,0.8231,274997248.0,220272422.6812
1753507433551,05:23:53.551,bitget,ADA/USDT:USDT,0.8233,43288.0,0.8234,103566.0,0.8231,274997248.0,220272422.6812
1753507433863,05:23:53.863,bitget,ADA/USDT:USDT,0.8233,43288.0,0.8234,103566.0,0.8231,274997248.0,220272422.6812
1753507434216,05:23:54.216,bitget,ADA/USDT:USDT,0.8233,59851.0,0.8234,103566.0,0.8231,274997248.0,220272422.6812
1753507434628,05:23:54.628,bitget,ADA/USDT:USDT,0.8233,59851.0,0.8234,103566.0,0.8231,274997248.0,220272422.6812
1753507434992,05:23:54.992,bitget,ADA/USDT:USDT,0.8233,59851.0,0.8234,103566.0,0.8231,274997248.0,220272422.6812
1753507435305,05:23:55.305,bitget,ADA/USDT:USDT,0.8233,59851.0,0.8234,103566.0,0.8231,274997248.0,220272422.6812
1753507435660,05:23:55.660,bitget,ADA/USDT:USDT,0.8233,59851.0,0.8234,103566.0,0.8231,274997248.0,220272422.6812
1753507436001,05:23:56.001,bitget,ADA/USDT:USDT,0.8233,59851.0,0.8234,103566.0,0.8231,274997248.0,220272422.6812
1753507436310,05:23:56.310,bitget,ADA/USDT:USDT,0.8233,59851.0,0.8234,70443.0,0.8231,274997248.0,220272422.6812
1753507436629,05:23:56.629,bitget,ADA/USDT:USDT,0.8233,59851.0,0.8234,56222.0,0.8231,274997248.0,220272422.6812
1753507436983,05:23:56.983,bitget,ADA/USDT:USDT,0.8233,59851.0,0.8234,56222.0,0.8231,274997248.0,220272422.6812
1753507437294,05:23:57.294,bitget,ADA/USDT:USDT,0.8233,59851.0,0.8234,56222.0,0.8231,274997248.0,220272422.6812
1753507437600,05:23:57.600,bitget,ADA/USDT:USDT,0.8233,59851.0,0.8234,56222.0,0.8231,274997248.0,220272422.6812
1753507437906,05:23:57.906,bitget,ADA/USDT:USDT,0.8233,59851.0,0.8234,56222.0,0.8231,274997248.0,220272422.6812
1753507438232,05:23:58.232,bitget,ADA/USDT:USDT,0.8233,59851.0,0.8234,56222.0,0.8231,274997248.0,220272422.6812
1753507438549,05:23:58.549,bitget,ADA/USDT:USDT,0.8233,59851.0,0.8234,56222.0,0.8231,274997248.0,220272422.6812
1753507438859,05:23:58.859,bitget,ADA/USDT:USDT,0.8233,59851.0,0.8234,56222.0,0.8231,274997248.0,220272422.6812
1753507439288,05:23:59.288,bitget,ADA/USDT:USDT,0.8233,59851.0,0.8234,56222.0,0.8231,274997248.0,220272422.6812
1753507440128,05:24:00.128,bitget,ADA/USDT:USDT,0.8233,59851.0,0.8234,36240.0,0.8231,274892508.0,220188117.0224
1753507441025,05:24:01.025,bitget,ADA/USDT:USDT,0.8233,59851.0,0.8234,45802.0,0.8231,274997248.0,220272422.6812
1753507441371,05:24:01.371,bitget,ADA/USDT:USDT,0.8233,59851.0,0.8234,45802.0,0.8231,274997248.0,220272422.6812
1753507441970,05:24:01.970,bitget,ADA/USDT:USDT,0.8233,59851.0,0.8234,1640.0,0.8231,274892508.0,220188117.0224
1753507442314,05:24:02.314,bitget,ADA/USDT:USDT,0.8233,59851.0,0.8234,29239.0,0.8231,274892508.0,220188117.0224
1753507442688,05:24:02.688,bitget,ADA/USDT:USDT,0.8233,59851.0,0.8234,27640.0,0.8231,274892508.0,220188117.0224
1753507443030,05:24:03.030,bitget,ADA/USDT:USDT,0.8233,59851.0,0.8234,29239.0,0.8231,274892508.0,220188117.0224
1753507443380,05:24:03.380,bitget,ADA/USDT:USDT,0.8233,59851.0,0.8234,29239.0,0.8231,274892508.0,220188117.0224
1753507443754,05:24:03.754,bitget,ADA/USDT:USDT,0.8233,59851.0,0.8234,29239.0,0.8231,274892508.0,220188117.0224
1753507444070,05:24:04.070,bitget,ADA/USDT:USDT,0.8233,59851.0,0.8234,29239.0,0.8231,274892508.0,220188117.0224
1753507444411,05:24:04.411,bitget,ADA/USDT:USDT,0.8233,59851.0,0.8234,48067.0,0.8231,274892508.0,220188117.0224
1753507444754,05:24:04.754,bitget,ADA/USDT:USDT,0.8233,59851.0,0.8234,46978.0,0.8231,274892508.0,220188117.0224
1753507445068,05:24:05.068,bitget,ADA/USDT:USDT,0.8233,59851.0,0.8234,46978.0,0.8231,274892508.0,220188117.0224
1753507445388,05:24:05.388,bitget,ADA/USDT:USDT,0.8233,59851.0,0.8234,46978.0,0.8231,274892508.0,220188117.0224
1753507445753,05:24:05.753,bitget,ADA/USDT:USDT,0.8233,59851.0,0.8234,47938.0,0.8231,274892508.0,220188117.0224
1753507446086,05:24:06.086,bitget,ADA/USDT:USDT,0.8233,57883.0,0.8234,47938.0,0.8231,274892508.0,220188117.0224
1753507446403,05:24:06.403,bitget,ADA/USDT:USDT,0.8233,57883.0,0.8234,47938.0,0.8231,274892508.0,220188117.0224
1753507446716,05:24:06.716,bitget,ADA/USDT:USDT,0.8233,57883.0,0.8234,47938.0,0.8231,274892508.0,220188117.0224
1753507447100,05:24:07.100,bitget,ADA/USDT:USDT,0.8233,57883.0,0.8234,47938.0,0.8231,274892508.0,220188117.0224
1753507447454,05:24:07.454,bitget,ADA/USDT:USDT,0.8233,57883.0,0.8234,47938.0,0.8231,274892508.0,220188117.0224
1753507447769,05:24:07.769,bitget,ADA/USDT:USDT,0.8233,57883.0,0.8234,46978.0,0.8231,274892508.0,220188117.0224
1753507448420,05:24:08.420,bitget,ADA/USDT:USDT,0.8233,57883.0,0.8234,46978.0,0.8231,274892508.0,220188117.0224
1753507448752,05:24:08.752,bitget,ADA/USDT:USDT,0.8233,57883.0,0.8234,46978.0,0.8231,274892508.0,220188117.0224
1753507449115,05:24:09.115,bitget,ADA/USDT:USDT,0.8233,57883.0,0.8234,46152.0,0.8231,274892508.0,220188117.0224
1753507449488,05:24:09.488,bitget,ADA/USDT:USDT,0.8233,57883.0,0.8234,46152.0,0.8231,274892508.0,220188117.0224
1753507449862,05:24:09.862,bitget,ADA/USDT:USDT,0.8233,57883.0,0.8234,46152.0,0.8231,274892508.0,220188117.0224
1753507450485,05:24:10.485,bitget,ADA/USDT:USDT,0.8233,57883.0,0.8234,46152.0,0.8231,274892508.0,220188117.0224
1753507450835,05:24:10.835,bitget,ADA/USDT:USDT,0.8233,57883.0,0.8234,46152.0,0.8231,274892508.0,220188117.0224
1753507451505,05:24:11.505,bitget,ADA/USDT:USDT,0.8233,57883.0,0.8234,46152.0,0.8231,274892508.0,220188117.0224
1753507451860,05:24:11.860,bitget,ADA/USDT:USDT,0.8233,57883.0,0.8234,46152.0,0.8231,274892508.0,220188117.0224
1753507452240,05:24:12.240,bitget,ADA/USDT:USDT,0.8233,57883.0,0.8234,46152.0,0.8231,274892508.0,220188117.0224
1753507452554,05:24:12.554,bitget,ADA/USDT:USDT,0.8233,57883.0,0.8234,46152.0,0.8231,274892508.0,220188117.0224
1753507452868,05:24:12.868,bitget,ADA/USDT:USDT,0.8233,57883.0,0.8234,46152.0,0.8231,274892508.0,220188117.0224
1753507453242,05:24:13.242,bitget,ADA/USDT:USDT,0.8233,57883.0,0.8234,46152.0,0.8231,274892508.0,220188117.0224
1753507453579,05:24:13.579,bitget,ADA/USDT:USDT,0.8233,57883.0,0.8234,46152.0,0.8231,274892508.0,220188117.0224
1753507453902,05:24:13.902,bitget,ADA/USDT:USDT,0.8233,57883.0,0.8234,46152.0,0.8231,274892508.0,220188117.0224
1753507454297,05:24:14.297,bitget,ADA/USDT:USDT,0.8233,57883.0,0.8234,46152.0,0.8231,274892508.0,220188117.0224
1753507455117,05:24:15.117,bitget,ADA/USDT:USDT,0.8233,57883.0,0.8234,46152.0,0.8231,274892508.0,220188117.0224
1753507455433,05:24:15.433,bitget,ADA/USDT:USDT,0.8233,57883.0,0.8234,46152.0,0.8231,274892508.0,220188117.0224
1753507456088,05:24:16.088,bitget,ADA/USDT:USDT,0.8233,57883.0,0.8234,67380.0,0.8231,274892508.0,220188117.0224
1753507456396,05:24:16.396,bitget,ADA/USDT:USDT,0.8233,57883.0,0.8234,67380.0,0.8231,274892508.0,220188117.0224
1753507456737,05:24:16.737,bitget,ADA/USDT:USDT,0.8233,57883.0,0.8234,67380.0,0.8231,274892508.0,220188117.0224
1753507457164,05:24:17.164,bitget,ADA/USDT:USDT,0.8233,57883.0,0.8234,67380.0,0.8231,274892508.0,220188117.0224
1753507457525,05:24:17.525,bitget,ADA/USDT:USDT,0.8233,57883.0,0.8234,67380.0,0.8231,274892508.0,220188117.0224
1753507457834,05:24:17.834,bitget,ADA/USDT:USDT,0.8233,57883.0,0.8234,67380.0,0.8231,274892508.0,220188117.0224
1753507458164,05:24:18.164,bitget,ADA/USDT:USDT,0.8233,57883.0,0.8234,67380.0,0.8231,274892508.0,220188117.0224
1753507458511,05:24:18.511,bitget,ADA/USDT:USDT,0.8233,57883.0,0.8234,67380.0,0.8231,274892508.0,220188117.0224
1753507458832,05:24:18.832,bitget,ADA/USDT:USDT,0.8233,57883.0,0.8234,67380.0,0.8231,274892508.0,220188117.0224
1753507459149,05:24:19.149,bitget,ADA/USDT:USDT,0.8233,43281.0,0.8234,61491.0,0.8233,274892508.0,220188117.0224
1753507459653,05:24:19.653,bitget,ADA/USDT:USDT,0.8233,59844.0,0.8234,61491.0,0.8233,274892522.0,220188128.5486
1753507460569,05:24:20.569,bitget,ADA/USDT:USDT,0.8233,59844.0,0.8234,61491.0,0.8233,274892522.0,220188128.5486
1753507460922,05:24:20.922,bitget,ADA/USDT:USDT,0.8233,59844.0,0.8234,61491.0,0.8233,274892522.0,220188128.5486
1753507461233,05:24:21.233,bitget,ADA/USDT:USDT,0.8233,59844.0,0.8234,61491.0,0.8233,274892522.0,220188128.5486
1753507461548,05:24:21.548,bitget,ADA/USDT:USDT,0.8233,59844.0,0.8234,61491.0,0.8233,274892522.0,220188128.5486
1753507461970,05:24:21.970,bitget,ADA/USDT:USDT,0.8233,66534.0,0.8234,61491.0,0.8233,274892508.0,220188117.0224
1753507462483,05:24:22.483,bitget,ADA/USDT:USDT,0.8233,66534.0,0.8234,61491.0,0.8233,274892522.0,220188128.5486
1753507462807,05:24:22.807,bitget,ADA/USDT:USDT,0.8233,66534.0,0.8234,46152.0,0.8233,274892522.0,220188128.5486
1753507463118,05:24:23.118,bitget,ADA/USDT:USDT,0.8234,30755.0,0.8235,65355.0,0.8233,274892522.0,220188128.5486
1753507463534,05:24:23.534,bitget,ADA/USDT:USDT,0.8234,15339.0,0.8235,82844.0,0.8233,274892522.0,220188128.5486
1753507463854,05:24:23.854,bitget,ADA/USDT:USDT,0.8234,15339.0,0.8235,82844.0,0.8233,274892522.0,220188128.5486
1753507464167,05:24:24.167,bitget,ADA/USDT:USDT,0.8233,43402.0,0.8234,73697.0,0.8233,274892522.0,220188128.5486
1753507464660,05:24:24.660,bitget,ADA/USDT:USDT,0.8233,65656.0,0.8234,72061.0,0.8233,274892522.0,220188128.5486
1753507465165,05:24:25.165,bitget,ADA/USDT:USDT,0.8233,67133.0,0.8234,65651.0,0.8233,274892522.0,220188128.5486
1753507465983,05:24:25.983,bitget,ADA/USDT:USDT,0.8233,67133.0,0.8234,65651.0,0.8234,274892522.0,220188128.5486
1753507466484,05:24:26.484,bitget,ADA/USDT:USDT,0.8233,67133.0,0.8234,65651.0,0.8234,274892522.0,220188128.5486
1753507467150,05:24:27.150,bitget,ADA/USDT:USDT,0.8233,67133.0,0.8234,27640.0,0.8234,274905342.0,220198684.5366
1753507467460,05:24:27.460,bitget,ADA/USDT:USDT,0.8233,67133.0,0.8234,27640.0,0.8234,274905342.0,220198684.5366
1753507467774,05:24:27.774,bitget,ADA/USDT:USDT,0.8233,67133.0,0.8234,1640.0,0.8234,274905342.0,220198684.5366
1753507468194,05:24:28.194,bitget,ADA/USDT:USDT,0.8233,67133.0,0.8234,1640.0,0.8234,274905342.0,220198684.5366
1753507468531,05:24:28.531,bitget,ADA/USDT:USDT,0.8233,67133.0,0.8234,1640.0,0.8234,274905342.0,220198684.5366
1753507468848,05:24:28.848,bitget,ADA/USDT:USDT,0.8235,70744.0,0.8236,5319.0,0.8234,274905342.0,220198684.5366
1753507469188,05:24:29.188,bitget,ADA/USDT:USDT,0.8235,70744.0,0.8236,61201.0,0.8234,274905342.0,220198684.5366
1753507470262,05:24:30.262,bitget,ADA/USDT:USDT,0.8235,70744.0,0.8236,61201.0,0.8234,274892522.0,220188128.5486
1753507471077,05:24:31.077,bitget,ADA/USDT:USDT,0.8234,67503.0,0.8235,64839.0,0.8234,274905342.0,220198684.5366
1753507471704,05:24:31.704,bitget,ADA/USDT:USDT,0.8234,50590.0,0.8235,81402.0,0.8234,274905342.0,220198684.5366
1753507472081,05:24:32.081,bitget,ADA/USDT:USDT,0.8234,50590.0,0.8235,81402.0,0.8234,274905342.0,220198684.5366
1753507472473,05:24:32.473,bitget,ADA/USDT:USDT,0.8234,50590.0,0.8235,81402.0,0.8234,274905342.0,220198684.5366
1753507472858,05:24:32.858,bitget,ADA/USDT:USDT,0.8234,50590.0,0.8235,81402.0,0.8234,274905342.0,220198684.5366
1753507473175,05:24:33.175,bitget,ADA/USDT:USDT,0.8234,67992.0,0.8235,80926.0,0.8235,274905342.0,220198684.5366
1753507473539,05:24:33.539,bitget,ADA/USDT:USDT,0.8234,67992.0,0.8235,80926.0,0.8235,274905342.0,220198684.5366
1753507473947,05:24:33.947,bitget,ADA/USDT:USDT,0.8234,67992.0,0.8235,80926.0,0.8235,274905342.0,220198684.5366
1753507474263,05:24:34.263,bitget,ADA/USDT:USDT,0.8234,67992.0,0.8235,80926.0,0.8235,274905342.0,220198684.5366
1753507474582,05:24:34.582,bitget,ADA/USDT:USDT,0.8234,67992.0,0.8235,80926.0,0.8235,274905342.0,220198684.5366
1753507475007,05:24:35.007,bitget,ADA/USDT:USDT,0.8234,67992.0,0.8235,80926.0,0.8235,274906294.0,220199468.5086
1753507475352,05:24:35.352,bitget,ADA/USDT:USDT,0.8234,67992.0,0.8235,80926.0,0.8235,274906294.0,220199468.5086
1753507475672,05:24:35.672,bitget,ADA/USDT:USDT,0.8234,67992.0,0.8235,80926.0,0.8235,274906294.0,220199468.5086
1753507476520,05:24:36.520,bitget,ADA/USDT:USDT,0.8234,67992.0,0.8235,80926.0,0.8235,274906294.0,220199468.5086
1753507476832,05:24:36.832,bitget,ADA/USDT:USDT,0.8234,67992.0,0.8235,80926.0,0.8235,274906294.0,220199468.5086
1753507477199,05:24:37.199,bitget,ADA/USDT:USDT,0.8234,43873.0,0.8235,80926.0,0.8235,274905342.0,220198684.5366
1753507477931,05:24:37.931,bitget,ADA/USDT:USDT,0.8234,43873.0,0.8235,80926.0,0.8235,274905342.0,220198684.5366
1753507478583,05:24:38.583,bitget,ADA/USDT:USDT,0.8234,69873.0,0.8235,51131.0,0.8235,274906294.0,220199468.5086
1753507478932,05:24:38.932,bitget,ADA/USDT:USDT,0.8234,69873.0,0.8235,57350.0,0.8235,274906294.0,220199468.5086
1753507479260,05:24:39.260,bitget,ADA/USDT:USDT,0.8234,69873.0,0.8235,57350.0,0.8235,274906294.0,220199468.5086
1753507479586,05:24:39.586,bitget,ADA/USDT:USDT,0.8233,27594.0,0.8234,52549.0,0.8235,274906294.0,220199468.5086
1753507480106,05:24:40.106,bitget,ADA/USDT:USDT,0.8233,3850.0,0.8234,52549.0,0.8235,274965884.0,220248540.8736
1753507480420,05:24:40.420,bitget,ADA/USDT:USDT,0.8233,3850.0,0.8234,52549.0,0.8235,274965884.0,220248540.8736
1753507480729,05:24:40.729,bitget,ADA/USDT:USDT,0.8233,19573.0,0.8234,52549.0,0.8235,274965884.0,220248540.8736
1753507481124,05:24:41.124,bitget,ADA/USDT:USDT,0.8233,19573.0,0.8234,52549.0,0.8235,274965884.0,220248540.8736
1753507481446,05:24:41.446,bitget,ADA/USDT:USDT,0.8233,19573.0,0.8234,52549.0,0.8235,274965884.0,220248540.8736
1753507481758,05:24:41.758,bitget,ADA/USDT:USDT,0.8233,19573.0,0.8234,52549.0,0.8235,274965884.0,220248540.8736
1753507482079,05:24:42.079,bitget,ADA/USDT:USDT,0.8233,19573.0,0.8234,52549.0,0.8235,274906294.0,220199468.5086
1753507482847,05:24:42.847,bitget,ADA/USDT:USDT,0.8233,19223.0,0.8234,52549.0,0.8235,274965884.0,220248540.8736
1753507483856,05:24:43.856,bitget,ADA/USDT:USDT,0.8233,19223.0,0.8234,52549.0,0.8235,274906294.0,220199468.5086
1753507484433,05:24:44.433,bitget,ADA/USDT:USDT,0.823,350.0,0.8231,87045.0,0.8231,274965884.0,220248540.8736
1753507484807,05:24:44.807,bitget,ADA/USDT:USDT,0.8229,35164.0,0.823,1124.0,0.8231,274965884.0,220248540.8736
1753507485307,05:24:45.307,bitget,ADA/USDT:USDT,0.8229,38427.0,0.823,36215.0,0.8231,274972526.0,220254008.1618
1753507486124,05:24:46.124,bitget,ADA/USDT:USDT,0.8229,70446.0,0.823,34266.0,0.8231,274965884.0,220248540.8736
1753507486540,05:24:46.540,bitget,ADA/USDT:USDT,0.8229,70446.0,0.823,34266.0,0.8231,274972526.0,220254008.1618
1753507487247,05:24:47.247,bitget,ADA/USDT:USDT,0.8229,70446.0,0.823,34266.0,0.8231,274972526.0,220254008.1618
1753507487633,05:24:47.633,bitget,ADA/USDT:USDT,0.8229,70446.0,0.823,34266.0,0.8231,274972526.0,220254008.1618
1753507487991,05:24:47.991,bitget,ADA/USDT:USDT,0.8229,70446.0,0.823,34266.0,0.8231,274972526.0,220254008.1618
1753507488304,05:24:48.304,bitget,ADA/USDT:USDT,0.8229,70446.0,0.823,50829.0,0.8231,274972526.0,220254008.1618
1753507488712,05:24:48.712,bitget,ADA/USDT:USDT,0.8229,70446.0,0.823,45047.0,0.8231,274972526.0,220254008.1618
1753507489031,05:24:49.031,bitget,ADA/USDT:USDT,0.8229,70446.0,0.823,45047.0,0.8231,274972526.0,220254008.1618
1753507489335,05:24:49.335,bitget,ADA/USDT:USDT,0.8229,70446.0,0.823,45047.0,0.8231,274972526.0,220254008.1618
1753507489728,05:24:49.728,bitget,ADA/USDT:USDT,0.8229,69619.0,0.823,45873.0,0.8231,274972526.0,220254008.1618
1753507490083,05:24:50.083,bitget,ADA/USDT:USDT,0.8229,69619.0,0.823,45873.0,0.8231,274972526.0,220254008.1618
1753507490407,05:24:50.407,bitget,ADA/USDT:USDT,0.8229,69619.0,0.823,45873.0,0.8231,274972526.0,220254008.1618
1753507490717,05:24:50.717,bitget,ADA/USDT:USDT,0.8229,69619.0,0.823,45873.0,0.8231,274972526.0,220254008.1618
1753507491051,05:24:51.051,bitget,ADA/USDT:USDT,0.8229,69619.0,0.823,45873.0,0.8231,274972526.0,220254008.1618
1753507491453,05:24:51.453,bitget,ADA/USDT:USDT,0.8229,69619.0,0.823,45873.0,0.8231,274972526.0,220254008.1618
1753507491768,05:24:51.768,bitget,ADA/USDT:USDT,0.8229,69619.0,0.823,45873.0,0.8231,274972526.0,220254008.1618
1753507492081,05:24:52.081,bitget,ADA/USDT:USDT,0.8229,69619.0,0.823,45873.0,0.8231,274967904.0,220250203.7936
1753507492824,05:24:52.824,bitget,ADA/USDT:USDT,0.8229,69619.0,0.823,19873.0,0.8231,274972526.0,220254008.1618
1753507493644,05:24:53.644,bitget,ADA/USDT:USDT,0.823,45754.0,0.8231,53303.0,0.8231,274972526.0,220254008.1618
1753507493974,05:24:53.974,bitget,ADA/USDT:USDT,0.823,45754.0,0.8231,69866.0,0.8231,274972526.0,220254008.1618
1753507494296,05:24:54.296,bitget,ADA/USDT:USDT,0.823,62317.0,0.8231,69866.0,0.8231,274972526.0,220254008.1618
1753507494612,05:24:54.612,bitget,ADA/USDT:USDT,0.823,62317.0,0.8231,69866.0,0.8231,274972526.0,220254008.1618
1753507495002,05:24:55.002,bitget,ADA/USDT:USDT,0.823,62317.0,0.8231,43041.0,0.8231,274972526.0,220254008.1618
1753507495336,05:24:55.336,bitget,ADA/USDT:USDT,0.823,62317.0,0.8231,43041.0,0.8231,274972526.0,220254008.1618
1753507495669,05:24:55.669,bitget,ADA/USDT:USDT,0.8232,3589.0,0.8233,59599.0,0.8231,274972526.0,220254008.1618
1753507496006,05:24:56.006,bitget,ADA/USDT:USDT,0.8232,51224.0,0.8233,87088.0,0.8231,274972526.0,220254008.1618
1753507496344,05:24:56.344,bitget,ADA/USDT:USDT,0.8232,51224.0,0.8233,103651.0,0.8231,274972526.0,220254008.1618
1753507496662,05:24:56.662,bitget,ADA/USDT:USDT,0.8232,66563.0,0.8233,103485.0,0.8231,274972526.0,220254008.1618
1753507496987,05:24:56.987,bitget,ADA/USDT:USDT,0.8232,62317.0,0.8233,70381.0,0.8231,274972526.0,220254008.1618
1753507497338,05:24:57.338,bitget,ADA/USDT:USDT,0.8232,62317.0,0.8233,70381.0,0.8231,274972526.0,220254008.1618
1753507497661,05:24:57.661,bitget,ADA/USDT:USDT,0.8232,62317.0,0.8233,70381.0,0.8231,274972526.0,220254008.1618
1753507497980,05:24:57.980,bitget,ADA/USDT:USDT,0.8232,62317.0,0.8233,70381.0,0.8231,274972526.0,220254008.1618
1753507498305,05:24:58.305,bitget,ADA/USDT:USDT,0.8232,62317.0,0.8233,70381.0,0.8231,274972526.0,220254008.1618
1753507498713,05:24:58.713,bitget,ADA/USDT:USDT,0.8232,62317.0,0.8233,70381.0,0.8231,274972526.0,220254008.1618
1753507499036,05:24:59.036,bitget,ADA/USDT:USDT,0.8232,62317.0,0.8233,70381.0,0.8231,274972526.0,220254008.1618
1753507499902,05:24:59.902,bitget,ADA/USDT:USDT,0.8232,62317.0,0.8233,70381.0,0.8231,274972526.0,220254008.1618
1753507500218,05:25:00.218,bitget,ADA/USDT:USDT,0.8232,62317.0,0.8233,70381.0,0.8231,274972526.0,220254008.1618
1753507500531,05:25:00.531,bitget,ADA/USDT:USDT,0.8232,62317.0,0.8233,70381.0,0.8231,274922144.0,220213497.469
1753507500893,05:25:00.893,bitget,ADA/USDT:USDT,0.8232,62317.0,0.8233,70381.0,0.8231,274922144.0,220213497.469
1753507501565,05:25:01.565,bitget,ADA/USDT:USDT,0.8232,62317.0,0.8233,70311.0,0.8233,274922144.0,220213497.469
1753507501924,05:25:01.924,bitget,ADA/USDT:USDT,0.8232,62317.0,0.8233,70311.0,0.8233,274922144.0,220213497.469
1753507502275,05:25:02.275,bitget,ADA/USDT:USDT,0.8232,62317.0,0.8233,70311.0,0.8233,274922144.0,220213497.469
1753507502636,05:25:02.636,bitget,ADA/USDT:USDT,0.8232,62317.0,0.8233,70311.0,0.8233,274922284.0,220213612.731
1753507502964,05:25:02.964,bitget,ADA/USDT:USDT,0.8232,62317.0,0.8233,70311.0,0.8233,274922284.0,220213612.731
1753507503275,05:25:03.275,bitget,ADA/USDT:USDT,0.8232,62317.0,0.8233,70311.0,0.8233,274922284.0,220213612.731
1753507503628,05:25:03.628,bitget,ADA/USDT:USDT,0.8232,62317.0,0.8233,70311.0,0.8233,274922284.0,220213612.731
1753507503954,05:25:03.954,bitget,ADA/USDT:USDT,0.8232,62317.0,0.8233,70311.0,0.8233,274922284.0,220213612.731
1753507504421,05:25:04.421,bitget,ADA/USDT:USDT,0.8232,62317.0,0.8233,70311.0,0.8233,274922284.0,220213612.731
1753507505480,05:25:05.480,bitget,ADA/USDT:USDT,0.8233,817.0,0.8234,64590.0,0.8233,274922284.0,220213612.731
1753507505802,05:25:05.802,bitget,ADA/USDT:USDT,0.8233,63742.0,0.8234,59634.0,0.8233,274922284.0,220213612.731
1753507506158,05:25:06.158,bitget,ADA/USDT:USDT,0.8233,62891.0,0.8234,49727.0,0.8233,274922284.0,220213612.731
1753507506482,05:25:06.482,bitget,ADA/USDT:USDT,0.8233,62891.0,0.8234,49727.0,0.8233,274922284.0,220213612.731
1753507506800,05:25:06.800,bitget,ADA/USDT:USDT,0.8233,62891.0,0.8234,49727.0,0.8233,274922284.0,220213612.731
1753507507137,05:25:07.137,bitget,ADA/USDT:USDT,0.8233,62891.0,0.8234,49727.0,0.8233,274922284.0,220213612.731
1753507507497,05:25:07.497,bitget,ADA/USDT:USDT,0.8233,62891.0,0.8234,49727.0,0.8233,274922284.0,220213612.731
1753507507929,05:25:07.929,bitget,ADA/USDT:USDT,0.8233,62891.0,0.8234,46395.0,0.8234,274922284.0,220213612.731
1753507508667,05:25:08.667,bitget,ADA/USDT:USDT,0.8233,62891.0,0.8234,30462.0,0.8234,274931790.0,220221439.9714
1753507509401,05:25:09.401,bitget,ADA/USDT:USDT,0.8233,62891.0,0.8234,25782.0,0.8234,274922284.0,220213612.731
1753507509804,05:25:09.804,bitget,ADA/USDT:USDT,0.8234,78851.0,0.8235,17026.0,0.8234,274931790.0,220221439.9714
1753507510166,05:25:10.166,bitget,ADA/USDT:USDT,0.8234,78851.0,0.8235,17026.0,0.8234,274931790.0,220221439.9714
1753507510496,05:25:10.496,bitget,ADA/USDT:USDT,0.8234,78851.0,0.8235,17026.0,0.8234,274931790.0,220221439.9714
1753507510823,05:25:10.823,bitget,ADA/USDT:USDT,0.8235,4012.0,0.8236,66660.0,0.8234,274931790.0,220221439.9714
1753507511204,05:25:11.204,bitget,ADA/USDT:USDT,0.8235,67529.0,0.8236,53203.0,0.8234,274931790.0,220221439.9714
1753507511570,05:25:11.570,bitget,ADA/USDT:USDT,0.8235,67529.0,0.8236,76969.0,0.8234,274931790.0,220221439.9714
1753507511881,05:25:11.881,bitget,ADA/USDT:USDT,0.8235,67529.0,0.8236,76969.0,0.8234,274931790.0,220221439.9714
1753507512194,05:25:12.194,bitget,ADA/USDT:USDT,0.8235,67529.0,0.8236,76969.0,0.8234,274931790.0,220221439.9714
1753507512632,05:25:12.632,bitget,ADA/USDT:USDT,0.8235,67529.0,0.8236,76143.0,0.8234,274931790.0,220221439.9714
1753507513387,05:25:13.387,bitget,ADA/USDT:USDT,0.8235,67529.0,0.8236,76143.0,0.8234,274922284.0,220213612.731
1753507514140,05:25:14.140,bitget,ADA/USDT:USDT,0.8235,67529.0,0.8236,45679.0,0.8234,274931790.0,220221439.9714
1753507514522,05:25:14.522,bitget,ADA/USDT:USDT,0.8235,67529.0,0.8236,71679.0,0.8234,274931790.0,220221439.9714
1753507514917,05:25:14.917,bitget,ADA/USDT:USDT,0.8235,67529.0,0.8236,71679.0,0.8234,274931790.0,220221439.9714
1753507515582,05:25:15.582,bitget,ADA/USDT:USDT,0.8235,67529.0,0.8236,71679.0,0.8234,274931790.0,220221439.9714
1753507515903,05:25:15.903,bitget,ADA/USDT:USDT,0.8235,67529.0,0.8236,71679.0,0.8234,274922284.0,220213612.731
1753507516588,05:25:16.588,bitget,ADA/USDT:USDT,0.8235,67529.0,0.8236,71679.0,0.8234,274931790.0,220221439.9714
1753507516901,05:25:16.901,bitget,ADA/USDT:USDT,0.8235,67529.0,0.8236,71679.0,0.8234,274931790.0,220221439.9714
1753507517294,05:25:17.294,bitget,ADA/USDT:USDT,0.8235,67529.0,0.8236,71679.0,0.8234,274931790.0,220221439.9714
1753507517675,05:25:17.675,bitget,ADA/USDT:USDT,0.8235,67529.0,0.8236,71679.0,0.8234,274931790.0,220221439.9714
1753507517995,05:25:17.995,bitget,ADA/USDT:USDT,0.8235,67529.0,0.8236,71679.0,0.8234,274931790.0,220221439.9714
1753507518351,05:25:18.351,bitget,ADA/USDT:USDT,0.8235,67529.0,0.8236,71679.0,0.8234,274931790.0,220221439.9714
1753507518717,05:25:18.717,bitget,ADA/USDT:USDT,0.8235,31902.0,0.8236,76724.0,0.8234,274931790.0,220221439.9714
1753507519041,05:25:19.041,bitget,ADA/USDT:USDT,0.8234,20226.0,0.8235,37931.0,0.8234,274931790.0,220221439.9714
1753507519654,05:25:19.654,bitget,ADA/USDT:USDT,0.8234,71753.0,0.8235,60098.0,0.8234,274931790.0,220221439.9714
1753507520051,05:25:20.051,bitget,ADA/USDT:USDT,0.8234,71753.0,0.8235,60098.0,0.8234,274931790.0,220221439.9714
1753507520417,05:25:20.417,bitget,ADA/USDT:USDT,0.8234,71753.0,0.8235,60098.0,0.8234,274931790.0,220221439.9714
1753507520726,05:25:20.726,bitget,ADA/USDT:USDT,0.8234,71753.0,0.8235,60098.0,0.8234,274931790.0,220221439.9714
1753507521041,05:25:21.041,bitget,ADA/USDT:USDT,0.8234,71753.0,0.8235,60098.0,0.8234,274931790.0,220221439.9714
1753507521409,05:25:21.409,bitget,ADA/USDT:USDT,0.8234,71753.0,0.8235,60098.0,0.8234,274931790.0,220221439.9714
1753507521980,05:25:21.980,bitget,ADA/USDT:USDT,0.8234,71753.0,0.8235,60098.0,0.8234,274931790.0,220221439.9714
1753507522380,05:25:22.380,bitget,ADA/USDT:USDT,0.8234,71753.0,0.8235,60098.0,0.8234,274931790.0,220221439.9714
1753507522745,05:25:22.745,bitget,ADA/USDT:USDT,0.8234,71753.0,0.8235,29585.0,0.8234,274931790.0,220221439.9714
1753507523059,05:25:23.059,bitget,ADA/USDT:USDT,0.8234,71753.0,0.8235,29585.0,0.8234,274931790.0,220221439.9714
1753507523375,05:25:23.375,bitget,ADA/USDT:USDT,0.8234,71753.0,0.8236,85785.0,0.8234,274931790.0,220221439.9714
1753507523734,05:25:23.734,bitget,ADA/USDT:USDT,0.8235,38550.0,0.8236,69088.0,0.8234,274931790.0,220221439.9714
1753507524052,05:25:24.052,bitget,ADA/USDT:USDT,0.8235,38550.0,0.8236,69088.0,0.8234,274931790.0,220221439.9714
1753507524361,05:25:24.361,bitget,ADA/USDT:USDT,0.8235,71412.0,0.8237,61707.0,0.8234,274931790.0,220221439.9714
1753507524673,05:25:24.673,bitget,ADA/USDT:USDT,0.8236,35906.0,0.8237,63646.0,0.8234,274931790.0,220221439.9714
1753507525044,05:25:25.044,bitget,ADA/USDT:USDT,0.8236,51245.0,0.8237,5379.0,0.8234,274931790.0,220221439.9714
1753507525386,05:25:25.386,bitget,ADA/USDT:USDT,0.8236,51245.0,0.8238,93462.0,0.8234,274931790.0,220221439.9714
1753507525742,05:25:25.742,bitget,ADA/USDT:USDT,0.8237,42913.0,0.8238,61748.0,0.8234,274931790.0,220221439.9714
1753507526057,05:25:26.057,bitget,ADA/USDT:USDT,0.8237,46152.0,0.8238,82870.0,0.8234,274931790.0,220221439.9714
1753507526413,05:25:26.413,bitget,ADA/USDT:USDT,0.8237,20152.0,0.8238,108870.0,0.8234,274931790.0,220221439.9714
1753507526728,05:25:26.728,bitget,ADA/USDT:USDT,0.8237,20152.0,0.8238,108870.0,0.8234,274931790.0,220221439.9714
1753507527043,05:25:27.043,bitget,ADA/USDT:USDT,0.8237,20152.0,0.8238,108870.0,0.8234,274931790.0,220221439.9714
1753507527431,05:25:27.431,bitget,ADA/USDT:USDT,0.8237,20152.0,0.8238,108870.0,0.8234,274931790.0,220221439.9714
1753507527787,05:25:27.787,bitget,ADA/USDT:USDT,0.8237,20152.0,0.8238,108870.0,0.8234,274931790.0,220221439.9714
1753507528098,05:25:28.098,bitget,ADA/USDT:USDT,0.8237,20152.0,0.8238,108870.0,0.8234,274931790.0,220221439.9714
1753507528413,05:25:28.413,bitget,ADA/USDT:USDT,0.8237,20152.0,0.8238,108870.0,0.8234,274931790.0,220221439.9714
1753507528780,05:25:28.780,bitget,ADA/USDT:USDT,0.8236,65856.0,0.8237,16975.0,0.8234,274931790.0,220221439.9714
1753507529094,05:25:29.094,bitget,ADA/USDT:USDT,0.8236,65856.0,0.8237,16975.0,0.8234,274931790.0,220221439.9714
1753507529405,05:25:29.405,bitget,ADA/USDT:USDT,0.8236,45948.0,0.8237,51548.0,0.8234,274931790.0,220221439.9714
1753507529738,05:25:29.738,bitget,ADA/USDT:USDT,0.8236,62332.0,0.8237,68111.0,0.8234,274931790.0,220221439.9714
1753507530111,05:25:30.111,bitget,ADA/USDT:USDT,0.8236,62332.0,0.8237,68111.0,0.8234,274931790.0,220221439.9714
1753507530462,05:25:30.462,bitget,ADA/USDT:USDT,0.8236,62332.0,0.8237,68111.0,0.8234,274931790.0,220221439.9714
1753507530775,05:25:30.775,bitget,ADA/USDT:USDT,0.8236,62332.0,0.8237,68103.0,0.8237,274931790.0,220221439.9714
1753507531094,05:25:31.094,bitget,ADA/USDT:USDT,0.8236,62332.0,0.8237,68103.0,0.8237,274931790.0,220221439.9714
1753507531495,05:25:31.495,bitget,ADA/USDT:USDT,0.8236,62332.0,0.8237,68103.0,0.8237,274931790.0,220221439.9714
1753507531869,05:25:31.869,bitget,ADA/USDT:USDT,0.8236,62332.0,0.8237,68103.0,0.8237,274931806.0,220221453.1506
1753507532249,05:25:32.249,bitget,ADA/USDT:USDT,0.8236,61491.0,0.8237,68103.0,0.8237,274931806.0,220221453.1506
1753507532758,05:25:32.758,bitget,ADA/USDT:USDT,0.8236,61491.0,0.8237,68103.0,0.8237,274931806.0,220221453.1506
1753507533499,05:25:33.499,bitget,ADA/USDT:USDT,0.8236,61491.0,0.8237,68103.0,0.8237,274931806.0,220221453.1506
1753507533850,05:25:33.850,bitget,ADA/USDT:USDT,0.8236,61491.0,0.8237,68103.0,0.8237,274931806.0,220221453.1506
1753507534180,05:25:34.180,bitget,ADA/USDT:USDT,0.8236,61491.0,0.8237,68103.0,0.8237,274931806.0,220221453.1506
1753507534492,05:25:34.492,bitget,ADA/USDT:USDT,0.8236,61491.0,0.8237,68103.0,0.8237,274931806.0,220221453.1506
1753507534807,05:25:34.807,bitget,ADA/USDT:USDT,0.8236,61491.0,0.8237,68103.0,0.8237,274931806.0,220221453.1506
1753507535240,05:25:35.240,bitget,ADA/USDT:USDT,0.8236,61491.0,0.8237,68103.0,0.8237,274931806.0,220221453.1506
1753507536040,05:25:36.040,bitget,ADA/USDT:USDT,0.8236,61491.0,0.8237,68103.0,0.8237,274931806.0,220221453.1506
1753507536369,05:25:36.369,bitget,ADA/USDT:USDT,0.8236,61491.0,0.8237,68103.0,0.8237,274931806.0,220221453.1506
1753507536715,05:25:36.715,bitget,ADA/USDT:USDT,0.8236,61491.0,0.8237,68103.0,0.8237,274931806.0,220221453.1506
1753507537033,05:25:37.033,bitget,ADA/USDT:USDT,0.8236,61491.0,0.8237,68103.0,0.8237,274931806.0,220221453.1506
1753507537349,05:25:37.349,bitget,ADA/USDT:USDT,0.8236,61491.0,0.8237,68103.0,0.8237,274931806.0,220221453.1506
1753507537751,05:25:37.751,bitget,ADA/USDT:USDT,0.8236,61491.0,0.8237,68103.0,0.8237,274931806.0,220221453.1506
1753507538182,05:25:38.182,bitget,ADA/USDT:USDT,0.8236,61491.0,0.8237,68103.0,0.8237,274931806.0,220221453.1506
1753507538941,05:25:38.941,bitget,ADA/USDT:USDT,0.8236,61491.0,0.8237,68103.0,0.8237,274931806.0,220221453.1506
1753507539879,05:25:39.879,bitget,ADA/USDT:USDT,0.8236,60561.0,0.8237,68103.0,0.8236,274931806.0,220221453.1506
1753507540903,05:25:40.903,bitget,ADA/USDT:USDT,0.8236,60561.0,0.8237,68103.0,0.8236,274931806.0,220221453.1506
1753507541215,05:25:41.215,bitget,ADA/USDT:USDT,0.8236,60561.0,0.8237,68103.0,0.8236,274933666.0,220222985.0466
1753507541533,05:25:41.533,bitget,ADA/USDT:USDT,0.8236,60561.0,0.8237,68103.0,0.8236,274933666.0,220222985.0466
1753507541870,05:25:41.870,bitget,ADA/USDT:USDT,0.8236,60561.0,0.8237,68103.0,0.8236,274933666.0,220222985.0466
1753507542181,05:25:42.181,bitget,ADA/USDT:USDT,0.8236,60561.0,0.8237,68103.0,0.8236,274933666.0,220222985.0466
1753507542497,05:25:42.497,bitget,ADA/USDT:USDT,0.8236,60561.0,0.8237,68103.0,0.8236,274931806.0,220221453.1506
1753507543429,05:25:43.429,bitget,ADA/USDT:USDT,0.8236,60561.0,0.8238,112520.0,0.8237,274933666.0,220222985.0466
1753507543741,05:25:43.741,bitget,ADA/USDT:USDT,0.8237,43344.0,0.8238,66296.0,0.8237,274933666.0,220222985.0466
1753507544047,05:25:44.047,bitget,ADA/USDT:USDT,0.8237,44984.0,0.8238,92296.0,0.8237,274933666.0,220222985.0466
1753507544395,05:25:44.395,bitget,ADA/USDT:USDT,0.8237,44984.0,0.8238,108859.0,0.8237,274933666.0,220222985.0466
1753507544709,05:25:44.709,bitget,ADA/USDT:USDT,0.8237,44984.0,0.8238,108859.0,0.8237,274933666.0,220222985.0466
1753507545019,05:25:45.019,bitget,ADA/USDT:USDT,0.8237,44984.0,0.8238,108859.0,0.8237,274933666.0,220222985.0466
1753507545453,05:25:45.453,bitget,ADA/USDT:USDT,0.8238,46994.0,0.8239,69992.0,0.8238,274933666.0,220222985.0466
1753507545893,05:25:45.893,bitget,ADA/USDT:USDT,0.8238,46152.0,0.8239,119623.0,0.8238,274966372.0,220249924.9788
1753507546204,05:25:46.204,bitget,ADA/USDT:USDT,0.8238,29589.0,0.8239,145623.0,0.8238,274966372.0,220249924.9788
1753507546522,05:25:46.522,bitget,ADA/USDT:USDT,0.8238,33405.0,0.8239,145623.0,0.8238,274931806.0,220221453.1506
1753507547214,05:25:47.214,bitget,ADA/USDT:USDT,0.8238,34247.0,0.8239,145623.0,0.8238,274974864.0,220256920.6884
1753507547525,05:25:47.525,bitget,ADA/USDT:USDT,0.8238,31806.0,0.8239,145623.0,0.8238,274974864.0,220256920.6884
1753507547890,05:25:47.890,bitget,ADA/USDT:USDT,0.8238,33405.0,0.8239,145623.0,0.8238,274974864.0,220256920.6884
1753507548313,05:25:48.313,bitget,ADA/USDT:USDT,0.8238,33405.0,0.8239,145623.0,0.8238,274974864.0,220256920.6884
1753507548659,05:25:48.659,bitget,ADA/USDT:USDT,0.8238,33405.0,0.8239,145623.0,0.8238,274974864.0,220256920.6884
1753507549300,05:25:49.300,bitget,ADA/USDT:USDT,0.8238,33405.0,0.8239,145623.0,0.8238,274974864.0,220256920.6884
1753507549656,05:25:49.656,bitget,ADA/USDT:USDT,0.8238,33405.0,0.8239,145623.0,0.8238,274974864.0,220256920.6884
1753507549966,05:25:49.966,bitget,ADA/USDT:USDT,0.8238,33405.0,0.8239,145623.0,0.8238,274974864.0,220256920.6884
1753507550287,05:25:50.287,bitget,ADA/USDT:USDT,0.8238,8246.0,0.8239,145623.0,0.8238,274974864.0,220256920.6884
1753507550718,05:25:50.718,bitget,ADA/USDT:USDT,0.8238,8246.0,0.8239,149661.0,0.8238,274974864.0,220256920.6884
1753507551322,05:25:51.322,bitget,ADA/USDT:USDT,0.8238,34246.0,0.8239,145619.0,0.8238,274974864.0,220256920.6884
1753507551633,05:25:51.633,bitget,ADA/USDT:USDT,0.8238,34246.0,0.8239,145619.0,0.8238,274974864.0,220256920.6884
1753507551982,05:25:51.982,bitget,ADA/USDT:USDT,0.8238,40432.0,0.8239,128231.0,0.8238,274974864.0,220256920.6884
1753507552323,05:25:52.323,bitget,ADA/USDT:USDT,0.8238,40432.0,0.8239,128231.0,0.8238,274974864.0,220256920.6884
1753507552637,05:25:52.637,bitget,ADA/USDT:USDT,0.8238,37018.0,0.8239,144794.0,0.8238,274974864.0,220256920.6884
1753507552954,05:25:52.954,bitget,ADA/USDT:USDT,0.8238,21848.0,0.8239,144794.0,0.8238,274974864.0,220256920.6884
1753507553397,05:25:53.397,bitget,ADA/USDT:USDT,0.8238,23797.0,0.8239,146285.0,0.8239,274974864.0,220256920.6884
1753507553799,05:25:53.799,bitget,ADA/USDT:USDT,0.8238,23797.0,0.8239,146285.0,0.8239,274999660.0,220277347.6332
1753507554114,05:25:54.114,bitget,ADA/USDT:USDT,0.8238,39815.0,0.8239,119668.0,0.8239,274999660.0,220277347.6332
1753507554438,05:25:54.438,bitget,ADA/USDT:USDT,0.8238,34875.0,0.8239,136231.0,0.8239,274999660.0,220277347.6332
1753507555086,05:25:55.086,bitget,ADA/USDT:USDT,0.8238,29747.0,0.8239,136231.0,0.8239,274999958.0,220277593.1554
1753507555423,05:25:55.423,bitget,ADA/USDT:USDT,0.8238,29747.0,0.8239,103167.0,0.8239,274999958.0,220277593.1554
1753507555775,05:25:55.775,bitget,ADA/USDT:USDT,0.8238,29747.0,0.8239,136226.0,0.8239,274999958.0,220277593.1554
1753507556156,05:25:56.156,bitget,ADA/USDT:USDT,0.8238,29747.0,0.8239,136226.0,0.8239,274999958.0,220277593.1554
1753507556795,05:25:56.795,bitget,ADA/USDT:USDT,0.8238,29747.0,0.8239,136226.0,0.8239,274999958.0,220277593.1554
1753507557502,05:25:57.502,bitget,ADA/USDT:USDT,0.8238,1459.0,0.8239,136226.0,0.8239,274999958.0,220277593.1554
1753507557819,05:25:57.819,bitget,ADA/USDT:USDT,0.8238,898.0,0.8239,136226.0,0.8239,274974864.0,220256920.6884
1753507558273,05:25:58.273,bitget,ADA/USDT:USDT,0.8238,26898.0,0.8239,103167.0,0.8239,274999958.0,220277593.1554
1753507559262,05:25:59.262,bitget,ADA/USDT:USDT,0.8237,86388.0,0.8239,127175.0,0.8239,274999958.0,220277593.1554
1753507559616,05:25:59.616,bitget,ADA/USDT:USDT,0.8237,75545.0,0.8238,85893.0,0.8239,274999958.0,220277593.1554
1753507559925,05:25:59.925,bitget,ADA/USDT:USDT,0.8237,75545.0,0.8238,85893.0,0.8239,274999958.0,220277593.1554
1753507560245,05:26:00.245,bitget,ADA/USDT:USDT,0.8237,74585.0,0.8238,75800.0,0.8239,274999958.0,220277593.1554
1753507560628,05:26:00.628,bitget,ADA/USDT:USDT,0.8237,74585.0,0.8238,75566.0,0.8239,274999958.0,220277593.1554
1753507561067,05:26:01.067,bitget,ADA/USDT:USDT,0.8237,74585.0,0.8238,75566.0,0.8239,274920146.0,220213389.0294
1753507561996,05:26:01.996,bitget,ADA/USDT:USDT,0.8234,51979.0,0.8235,8937.0,0.8235,274920146.0,220213389.0294
1753507562350,05:26:02.350,bitget,ADA/USDT:USDT,0.8234,52329.0,0.8235,10024.0,0.8235,274920146.0,220213389.0294
1753507562690,05:26:02.690,bitget,ADA/USDT:USDT,0.8234,52329.0,0.8235,10024.0,0.8235,274920146.0,220213389.0294
1753507563022,05:26:03.022,bitget,ADA/USDT:USDT,0.8234,68892.0,0.8235,14649.0,0.8235,274920146.0,220213389.0294
1753507563482,05:26:03.482,bitget,ADA/USDT:USDT,0.8234,68892.0,0.8235,9.0,0.8235,274999958.0,220277593.1554
1753507564184,05:26:04.184,bitget,ADA/USDT:USDT,0.8234,68892.0,0.8235,9.0,0.8235,274999958.0,220277593.1554
1753507564942,05:26:04.942,bitget,ADA/USDT:USDT,0.8234,68892.0,0.8235,9.0,0.8235,274920388.0,220213588.3164
1753507565375,05:26:05.375,bitget,ADA/USDT:USDT,0.8234,68892.0,0.8235,9.0,0.8235,274920388.0,220213588.3164
1753507566461,05:26:06.461,bitget,ADA/USDT:USDT,0.8234,68892.0,0.8235,10354.0,0.8235,274920388.0,220213588.3164
1753507566886,05:26:06.886,bitget,ADA/USDT:USDT,0.8234,68892.0,0.8235,30093.0,0.8235,274920146.0,220213389.0294
1753507567322,05:26:07.322,bitget,ADA/USDT:USDT,0.8234,45931.0,0.8235,63784.0,0.8235,274920146.0,220213389.0294
1753507567795,05:26:07.795,bitget,ADA/USDT:USDT,0.8234,45931.0,0.8235,63784.0,0.8235,274920388.0,220213588.3164
1753507568265,05:26:08.265,bitget,ADA/USDT:USDT,0.8234,71931.0,0.8235,63784.0,0.8235,274920388.0,220213588.3164
1753507568659,05:26:08.659,bitget,ADA/USDT:USDT,0.8234,71931.0,0.8235,63784.0,0.8235,274920388.0,220213588.3164
1753507568975,05:26:08.975,bitget,ADA/USDT:USDT,0.8234,71931.0,0.8235,63784.0,0.8235,274920388.0,220213588.3164
1753507569288,05:26:09.288,bitget,ADA/USDT:USDT,0.8234,71931.0,0.8235,63784.0,0.8235,274920388.0,220213588.3164
1753507569645,05:26:09.645,bitget,ADA/USDT:USDT,0.8234,71931.0,0.8235,44587.0,0.8235,274920388.0,220213588.3164
1753507569985,05:26:09.985,bitget,ADA/USDT:USDT,0.8234,71931.0,0.8235,44587.0,0.8235,274920388.0,220213588.3164
1753507570301,05:26:10.301,bitget,ADA/USDT:USDT,0.8234,71931.0,0.8235,44587.0,0.8235,274920388.0,220213588.3164
1753507570620,05:26:10.620,bitget,ADA/USDT:USDT,0.8234,71931.0,0.8235,44587.0,0.8235,274920388.0,220213588.3164
1753507571038,05:26:11.038,bitget,ADA/USDT:USDT,0.8234,71931.0,0.8235,44937.0,0.8235,274920388.0,220213588.3164
1753507571354,05:26:11.354,bitget,ADA/USDT:USDT,0.8234,71931.0,0.8235,44937.0,0.8235,274920388.0,220213588.3164
1753507571669,05:26:11.669,bitget,ADA/USDT:USDT,0.8234,71931.0,0.8235,44937.0,0.8235,274920388.0,220213588.3164
1753507572012,05:26:12.012,bitget,ADA/USDT:USDT,0.8234,71931.0,0.8235,9.0,0.8235,274920388.0,220213588.3164
1753507572653,05:26:12.653,bitget,ADA/USDT:USDT,0.8234,76976.0,0.8235,9.0,0.8235,274920388.0,220213588.3164
1753507572973,05:26:12.973,bitget,ADA/USDT:USDT,0.8234,77062.0,0.8235,9.0,0.8235,274920388.0,220213588.3164
1753507573337,05:26:13.337,bitget,ADA/USDT:USDT,0.8234,77062.0,0.8235,9.0,0.8235,274920388.0,220213588.3164
1753507574109,05:26:14.109,bitget,ADA/USDT:USDT,0.8234,71931.0,0.8235,46972.0,0.8235,274920388.0,220213588.3164
1753507574858,05:26:14.858,bitget,ADA/USDT:USDT,0.8234,71931.0,0.8235,46972.0,0.8235,274920388.0,220213588.3164
1753507575190,05:26:15.190,bitget,ADA/USDT:USDT,0.8234,71931.0,0.8235,46161.0,0.8235,274920388.0,220213588.3164
1753507575502,05:26:15.502,bitget,ADA/USDT:USDT,0.8234,71931.0,0.8235,9.0,0.8235,274920388.0,220213588.3164
1753507576047,05:26:16.047,bitget,ADA/USDT:USDT,0.8234,71948.0,0.8235,9.0,0.8235,274920388.0,220213588.3164
1753507576362,05:26:16.362,bitget,ADA/USDT:USDT,0.8234,71948.0,0.8235,9.0,0.8235,274920388.0,220213588.3164
1753507576674,05:26:16.674,bitget,ADA/USDT:USDT,0.8234,72034.0,0.8235,9.0,0.8235,274920388.0,220213588.3164
1753507577076,05:26:17.076,bitget,ADA/USDT:USDT,0.8234,72034.0,0.8235,9.0,0.8235,274920388.0,220213588.3164
1753507577398,05:26:17.398,bitget,ADA/USDT:USDT,0.8234,72034.0,0.8235,9.0,0.8235,274920388.0,220213588.3164
1753507577718,05:26:17.718,bitget,ADA/USDT:USDT,0.8234,83756.0,0.8235,9.0,0.8235,274920388.0,220213588.3164
1753507578069,05:26:18.069,bitget,ADA/USDT:USDT,0.8237,28626.0,0.8238,67418.0,0.8235,274920388.0,220213588.3164
1753507578503,05:26:18.503,bitget,ADA/USDT:USDT,0.8237,16629.0,0.8238,80963.0,0.8235,274920406.0,220213603.1394
1753507579232,05:26:19.232,bitget,ADA/USDT:USDT,0.8237,1728.0,0.8238,80963.0,0.8235,274920388.0,220213588.3164
1753507579672,05:26:19.672,bitget,ADA/USDT:USDT,0.8237,2078.0,0.8238,80963.0,0.8235,274920388.0,220213588.3164
1753507580306,05:26:20.306,bitget,ADA/USDT:USDT,0.8237,46010.0,0.8238,35594.0,0.8235,274920406.0,220213603.1394
1753507580722,05:26:20.722,bitget,ADA/USDT:USDT,0.8237,46010.0,0.8238,52157.0,0.8235,274920406.0,220213603.1394
1753507581134,05:26:21.134,bitget,ADA/USDT:USDT,0.8237,46010.0,0.8238,52157.0,0.8235,274920406.0,220213603.1394
1753507581451,05:26:21.451,bitget,ADA/USDT:USDT,0.8237,46010.0,0.8238,52157.0,0.8235,274920406.0,220213603.1394
1753507581829,05:26:21.829,bitget,ADA/USDT:USDT,0.8237,42692.0,0.8238,78978.0,0.8235,274920406.0,220213603.1394
1753507582173,05:26:22.173,bitget,ADA/USDT:USDT,0.8237,46010.0,0.8238,52157.0,0.8235,274920406.0,220213603.1394
1753507582500,05:26:22.500,bitget,ADA/USDT:USDT,0.8237,46010.0,0.8238,52157.0,0.8235,274920406.0,220213603.1394
1753507582816,05:26:22.816,bitget,ADA/USDT:USDT,0.8237,46010.0,0.8238,78157.0,0.8235,274920406.0,220213603.1394
1753507583198,05:26:23.198,bitget,ADA/USDT:USDT,0.8237,46010.0,0.8238,78157.0,0.8235,274920406.0,220213603.1394
1753507583555,05:26:23.555,bitget,ADA/USDT:USDT,0.8237,46010.0,0.8238,78157.0,0.8235,274920406.0,220213603.1394
1753507583867,05:26:23.867,bitget,ADA/USDT:USDT,0.8237,46010.0,0.8238,78157.0,0.8235,274920406.0,220213603.1394
1753507584181,05:26:24.181,bitget,ADA/USDT:USDT,0.8237,61349.0,0.8238,29933.0,0.8235,274920406.0,220213603.1394
1753507584538,05:26:24.538,bitget,ADA/USDT:USDT,0.8237,61349.0,0.8238,29933.0,0.8235,274920406.0,220213603.1394
1753507585233,05:26:25.233,bitget,ADA/USDT:USDT,0.8237,61349.0,0.8238,29933.0,0.8235,274920406.0,220213603.1394
1753507585650,05:26:25.650,bitget,ADA/USDT:USDT,0.8237,61349.0,0.8238,45272.0,0.8235,274920406.0,220213603.1394
1753507586028,05:26:26.028,bitget,ADA/USDT:USDT,0.8237,61349.0,0.8238,45272.0,0.8235,274920406.0,220213603.1394
1753507586355,05:26:26.355,bitget,ADA/USDT:USDT,0.8237,35349.0,0.8238,46093.0,0.8235,274920406.0,220213603.1394
1753507586678,05:26:26.678,bitget,ADA/USDT:USDT,0.8237,43615.0,0.8238,72093.0,0.8235,274920406.0,220213603.1394
1753507587081,05:26:27.081,bitget,ADA/USDT:USDT,0.8237,60528.0,0.8238,72093.0,0.8235,274920406.0,220213603.1394
1753507587465,05:26:27.465,bitget,ADA/USDT:USDT,0.8237,60528.0,0.8238,72093.0,0.8235,274920406.0,220213603.1394
1753507587782,05:26:27.782,bitget,ADA/USDT:USDT,0.8237,60528.0,0.8238,72093.0,0.8235,274920406.0,220213603.1394
1753507588226,05:26:28.226,bitget,ADA/USDT:USDT,0.8237,60528.0,0.8238,72093.0,0.8235,274920406.0,220213603.1394
1753507588920,05:26:28.920,bitget,ADA/USDT:USDT,0.8237,60528.0,0.8238,77138.0,0.8235,274920406.0,220213603.1394
1753507589240,05:26:29.240,bitget,ADA/USDT:USDT,0.8237,34528.0,0.8238,77138.0,0.8235,274920406.0,220213603.1394
1753507589576,05:26:29.576,bitget,ADA/USDT:USDT,0.8237,60528.0,0.8238,77138.0,0.8235,274920406.0,220213603.1394
1753507590192,05:26:30.192,bitget,ADA/USDT:USDT,0.8237,60528.0,0.8238,77138.0,0.8235,274920406.0,220213603.1394
1753507591144,05:26:31.144,bitget,ADA/USDT:USDT,0.8237,60528.0,0.8238,77138.0,0.8235,274920406.0,220213603.1394
1753507591458,05:26:31.458,bitget,ADA/USDT:USDT,0.8237,60528.0,0.8238,77138.0,0.8235,274920406.0,220213603.1394
1753507591828,05:26:31.828,bitget,ADA/USDT:USDT,0.8237,60528.0,0.8238,77138.0,0.8235,274920406.0,220213603.1394
1753507592216,05:26:32.216,bitget,ADA/USDT:USDT,0.8237,60528.0,0.8238,77138.0,0.8235,274920406.0,220213603.1394
1753507592568,05:26:32.568,bitget,ADA/USDT:USDT,0.8237,60528.0,0.8238,77138.0,0.8235,274920406.0,220213603.1394
1753507592889,05:26:32.889,bitget,ADA/USDT:USDT,0.8237,60528.0,0.8238,77138.0,0.8235,274920406.0,220213603.1394
1753507593209,05:26:33.209,bitget,ADA/USDT:USDT,0.8237,60528.0,0.8238,77138.0,0.8235,274920406.0,220213603.1394
1753507594054,05:26:34.054,bitget,ADA/USDT:USDT,0.8237,58929.0,0.8238,77138.0,0.8235,274920406.0,220213603.1394
1753507594585,05:26:34.585,bitget,ADA/USDT:USDT,0.8237,60528.0,0.8238,77138.0,0.8235,274920406.0,220213603.1394
1753507595004,05:26:35.004,bitget,ADA/USDT:USDT,0.8237,60528.0,0.8238,41314.0,0.8235,274920406.0,220213603.1394
1753507595328,05:26:35.328,bitget,ADA/USDT:USDT,0.8237,60528.0,0.8238,45404.0,0.8235,274920406.0,220213603.1394
1753507595643,05:26:35.643,bitget,ADA/USDT:USDT,0.8237,60528.0,0.8238,45404.0,0.8235,274920406.0,220213603.1394
1753507596025,05:26:36.025,bitget,ADA/USDT:USDT,0.8237,60528.0,0.8238,71404.0,0.8235,274920406.0,220213603.1394
1753507596384,05:26:36.384,bitget,ADA/USDT:USDT,0.8237,60528.0,0.8238,71404.0,0.8235,274920406.0,220213603.1394
1753507596700,05:26:36.700,bitget,ADA/USDT:USDT,0.8237,60528.0,0.8238,71404.0,0.8235,274920406.0,220213603.1394
1753507597013,05:26:37.013,bitget,ADA/USDT:USDT,0.8237,60528.0,0.8238,71404.0,0.8235,274920406.0,220213603.1394
1753507597346,05:26:37.346,bitget,ADA/USDT:USDT,0.8237,60528.0,0.8238,71404.0,0.8235,274920406.0,220213603.1394
1753507597669,05:26:37.669,bitget,ADA/USDT:USDT,0.8237,60528.0,0.8238,71404.0,0.8235,274920406.0,220213603.1394
1753507597982,05:26:37.982,bitget,ADA/USDT:USDT,0.8237,60528.0,0.8238,71404.0,0.8235,274920406.0,220213603.1394
1753507598321,05:26:38.321,bitget,ADA/USDT:USDT,0.8237,43965.0,0.8238,71404.0,0.8235,274920406.0,220213603.1394
1753507598671,05:26:38.671,bitget,ADA/USDT:USDT,0.8236,25921.0,0.8237,17568.0,0.8235,274920406.0,220213603.1394
1753507598987,05:26:38.987,bitget,ADA/USDT:USDT,0.8236,25921.0,0.8237,17568.0,0.8235,274920406.0,220213603.1394
1753507599305,05:26:39.305,bitget,ADA/USDT:USDT,0.8236,44820.0,0.8237,62080.0,0.8235,274920406.0,220213603.1394
1753507599622,05:26:39.622,bitget,ADA/USDT:USDT,0.8236,70820.0,0.8237,61568.0,0.8235,274920406.0,220213603.1394
1753507599963,05:26:39.963,bitget,ADA/USDT:USDT,0.8236,70820.0,0.8237,1640.0,0.8235,274920406.0,220213603.1394
1753507600298,05:26:40.298,bitget,ADA/USDT:USDT,0.8236,70820.0,0.8237,1640.0,0.8235,274920406.0,220213603.1394
1753507600616,05:26:40.616,bitget,ADA/USDT:USDT,0.8236,70820.0,0.8237,23561.0,0.8235,274920406.0,220213603.1394
1753507601486,05:26:41.486,bitget,ADA/USDT:USDT,0.8236,70820.0,0.8237,3239.0,0.8235,274920406.0,220213603.1394
1753507601795,05:26:41.795,bitget,ADA/USDT:USDT,0.8236,70820.0,0.8237,25640.0,0.8235,274920406.0,220213603.1394
1753507602121,05:26:42.121,bitget,ADA/USDT:USDT,0.8236,70820.0,0.8237,27239.0,0.8235,274920406.0,220213603.1394
1753507602496,05:26:42.496,bitget,ADA/USDT:USDT,0.8236,70820.0,0.8237,27239.0,0.8235,274920406.0,220213603.1394
1753507602801,05:26:42.801,bitget,ADA/USDT:USDT,0.8236,70820.0,0.8237,27239.0,0.8235,274920406.0,220213603.1394
1753507603109,05:26:43.109,bitget,ADA/USDT:USDT,0.8236,70820.0,0.8237,27589.0,0.8235,274920406.0,220213603.1394
1753507603594,05:26:43.594,bitget,ADA/USDT:USDT,0.8236,70820.0,0.8237,27589.0,0.8235,274920406.0,220213603.1394
1753507603938,05:26:43.938,bitget,ADA/USDT:USDT,0.8236,70820.0,0.8237,27589.0,0.8235,274920406.0,220213603.1394
1753507604247,05:26:44.247,bitget,ADA/USDT:USDT,0.8236,70820.0,0.8237,1640.0,0.8235,274920406.0,220213603.1394
1753507604576,05:26:44.576,bitget,ADA/USDT:USDT,0.8236,70820.0,0.8237,1640.0,0.8235,274920406.0,220213603.1394
1753507604957,05:26:44.957,bitget,ADA/USDT:USDT,0.8237,73430.0,0.8238,26625.0,0.8235,274920406.0,220213603.1394
1753507605273,05:26:45.273,bitget,ADA/USDT:USDT,0.8237,73430.0,0.8238,59989.0,0.8235,274920406.0,220213603.1394
1753507605590,05:26:45.590,bitget,ADA/USDT:USDT,0.8237,73430.0,0.8238,85989.0,0.8235,274920406.0,220213603.1394
1753507606604,05:26:46.604,bitget,ADA/USDT:USDT,0.8237,73430.0,0.8238,85989.0,0.8235,274920406.0,220213603.1394
1753507606911,05:26:46.911,bitget,ADA/USDT:USDT,0.8237,73430.0,0.8238,85989.0,0.8235,274920406.0,220213603.1394
1753507607261,05:26:47.261,bitget,ADA/USDT:USDT,0.8237,73430.0,0.8238,85989.0,0.8235,274920406.0,220213603.1394
1753507607976,05:26:47.976,bitget,ADA/USDT:USDT,0.8238,27027.0,0.8239,104469.0,0.8235,274920406.0,220213603.1394
1753507608414,05:26:48.414,bitget,ADA/USDT:USDT,0.8238,129.0,0.8239,147032.0,0.8235,274920406.0,220213603.1394
1753507608908,05:26:48.908,bitget,ADA/USDT:USDT,0.8238,129.0,0.8239,147032.0,0.8235,274920406.0,220213603.1394
1753507609214,05:26:49.214,bitget,ADA/USDT:USDT,0.8238,129.0,0.8239,147032.0,0.8235,274920406.0,220213603.1394
1753507609556,05:26:49.556,bitget,ADA/USDT:USDT,0.8238,479.0,0.8239,113982.0,0.8235,274920406.0,220213603.1394
1753507609924,05:26:49.924,bitget,ADA/USDT:USDT,0.8238,479.0,0.8239,113982.0,0.8235,274920406.0,220213603.1394
1753507610240,05:26:50.240,bitget,ADA/USDT:USDT,0.8238,2078.0,0.8239,113982.0,0.8235,274920406.0,220213603.1394
1753507610551,05:26:50.551,bitget,ADA/USDT:USDT,0.8238,46015.0,0.8239,51150.0,0.8235,274920406.0,220213603.1394
1753507611106,05:26:51.106,bitget,ADA/USDT:USDT,0.8238,26129.0,0.8239,78891.0,0.8235,274920406.0,220213603.1394
1753507611428,05:26:51.428,bitget,ADA/USDT:USDT,0.8238,26129.0,0.8239,78891.0,0.8235,274920406.0,220213603.1394
1753507611737,05:26:51.737,bitget,ADA/USDT:USDT,0.8238,26129.0,0.8239,104891.0,0.8235,274920406.0,220213603.1394
1753507612118,05:26:52.118,bitget,ADA/USDT:USDT,0.8238,26129.0,0.8239,104891.0,0.8235,274920406.0,220213603.1394
1753507612452,05:26:52.452,bitget,ADA/USDT:USDT,0.8238,26479.0,0.8239,104891.0,0.8235,274920406.0,220213603.1394
