timestamp,time,exchange,symbol,bid,bidVolume,ask,askVolume,lastPrice,baseVolume,quoteVolume
1753507240516,05:20:40.516,bitget,AAVE/USDT:USDT,298.82,2.8,298.83,0.2,298.82,247484.4,72091679.038
1753507242514,05:20:42.514,bitget,AAVE/USDT:USDT,298.82,1.2,298.83,0.7,298.82,247484.4,72091679.038
1753507243277,05:20:43.277,bitget,AAVE/USDT:USDT,298.87,0.7,298.88,9.2,298.82,247484.4,72091679.038
1753507243588,05:20:43.588,bitget,AAVE/USDT:USDT,298.88,2.2,298.89,26.7,298.82,247484.4,72091679.038
1753507243934,05:20:43.934,bitget,AAVE/USDT:USDT,298.88,2.6,298.89,26.3,298.82,247484.4,72091679.038
1753507244282,05:20:44.282,bitget,AAVE/USDT:USDT,298.88,2.6,298.89,26.3,298.82,247484.4,72091679.038
1753507244594,05:20:44.594,bitget,AAVE/USDT:USDT,298.88,2.6,298.89,26.3,298.82,247484.4,72091679.038
1753507244970,05:20:44.970,bitget,AAVE/USDT:USDT,298.88,2.7,298.89,26.3,298.82,247484.4,72091679.038
1753507245345,05:20:45.345,bitget,AAVE/USDT:USDT,298.88,2.7,298.89,26.3,298.82,247484.4,72091679.038
1753507245716,05:20:45.716,bitget,AAVE/USDT:USDT,298.88,2.7,298.89,26.3,298.82,247484.4,72091679.038
1753507246030,05:20:46.030,bitget,AAVE/USDT:USDT,298.87,0.7,298.88,8.5,298.88,247484.4,72091679.038
1753507246400,05:20:46.400,bitget,AAVE/USDT:USDT,298.87,1.2,298.88,0.5,298.88,247484.4,72091679.038
1753507246799,05:20:46.799,bitget,AAVE/USDT:USDT,298.87,1.2,298.88,0.5,298.88,247484.6,72091738.814
1753507247105,05:20:47.105,bitget,AAVE/USDT:USDT,298.87,1.2,298.88,0.5,298.88,247484.6,72091738.814
1753507247408,05:20:47.408,bitget,AAVE/USDT:USDT,298.87,0.8,298.88,0.5,298.88,247484.6,72091738.814
1753507248423,05:20:48.423,bitget,AAVE/USDT:USDT,298.87,0.8,298.88,0.5,298.88,247484.6,72091738.814
1753507248865,05:20:48.865,bitget,AAVE/USDT:USDT,298.87,0.8,298.88,0.5,298.88,247484.6,72091738.814
1753507250043,05:20:50.043,bitget,AAVE/USDT:USDT,298.86,2.4,298.88,0.5,298.88,247484.6,72091738.814
1753507250728,05:20:50.728,bitget,AAVE/USDT:USDT,298.85,0.7,298.86,0.9,298.88,247484.6,72091738.814
1753507251039,05:20:51.039,bitget,AAVE/USDT:USDT,298.85,0.7,298.86,0.9,298.88,247484.6,72091738.814
1753507251418,05:20:51.418,bitget,AAVE/USDT:USDT,298.85,0.4,298.86,0.8,298.88,247484.6,72091738.814
1753507251860,05:20:51.860,bitget,AAVE/USDT:USDT,298.84,93.6,298.86,1.1,298.88,247484.6,72091738.814
1753507252761,05:20:52.761,bitget,AAVE/USDT:USDT,298.85,1.2,298.86,0.8,298.88,247484.6,72091738.814
1753507253088,05:20:53.088,bitget,AAVE/USDT:USDT,298.85,0.9,298.86,0.8,298.88,247484.6,72091738.814
1753507253416,05:20:53.416,bitget,AAVE/USDT:USDT,298.85,0.9,298.86,0.8,298.88,247484.4,72091679.038
1753507254201,05:20:54.201,bitget,AAVE/USDT:USDT,298.85,1.2,298.86,0.5,298.88,247484.6,72091738.814
1753507254520,05:20:54.520,bitget,AAVE/USDT:USDT,298.85,1.2,298.86,0.5,298.88,247484.6,72091738.814
1753507254825,05:20:54.825,bitget,AAVE/USDT:USDT,298.85,1.8,298.86,0.5,298.88,247484.6,72091738.814
1753507255210,05:20:55.210,bitget,AAVE/USDT:USDT,298.84,89.8,298.86,2.1,298.84,247484.6,72091738.814
1753507255529,05:20:55.529,bitget,AAVE/USDT:USDT,298.85,3.1,298.86,1.5,298.84,247484.6,72091738.814
1753507255835,05:20:55.835,bitget,AAVE/USDT:USDT,298.85,3.1,298.86,1.5,298.84,247491.0,72093651.406
1753507256172,05:20:56.172,bitget,AAVE/USDT:USDT,298.85,3.1,298.86,0.9,298.84,247484.6,72091738.814
1753507256913,05:20:56.913,bitget,AAVE/USDT:USDT,298.85,3.1,298.86,0.9,298.84,247484.6,72091738.814
1753507257638,05:20:57.638,bitget,AAVE/USDT:USDT,298.85,3.1,298.86,0.9,298.84,247491.0,72093651.406
1753507258017,05:20:58.017,bitget,AAVE/USDT:USDT,298.85,3.1,298.86,0.9,298.84,247491.0,72093651.406
1753507258335,05:20:58.335,bitget,AAVE/USDT:USDT,298.85,3.1,298.86,0.9,298.84,247491.0,72093651.406
1753507258689,05:20:58.689,bitget,AAVE/USDT:USDT,298.85,3.1,298.86,0.9,298.84,247491.0,72093651.406
1753507259038,05:20:59.038,bitget,AAVE/USDT:USDT,298.85,3.1,298.86,0.9,298.84,247491.0,72093651.406
1753507259972,05:20:59.972,bitget,AAVE/USDT:USDT,298.87,5.1,298.88,3.1,298.84,247491.0,72093651.406
1753507260360,05:21:00.360,bitget,AAVE/USDT:USDT,298.87,5.1,298.88,3.1,298.84,247491.0,72093651.406
1753507260998,05:21:00.998,bitget,AAVE/USDT:USDT,298.87,5.1,298.88,0.3,298.88,247491.0,72093651.406
1753507262038,05:21:02.038,bitget,AAVE/USDT:USDT,298.87,3.1,298.88,0.8,298.88,247193.2,72008031.792
1753507262382,05:21:02.382,bitget,AAVE/USDT:USDT,298.87,5.1,298.88,0.8,298.88,247194.6,72008450.224
1753507262765,05:21:02.765,bitget,AAVE/USDT:USDT,298.87,5.1,298.88,0.8,298.88,247194.6,72008450.224
1753507263104,05:21:03.104,bitget,AAVE/USDT:USDT,298.87,5.1,298.88,0.8,298.88,247194.6,72008450.224
1753507263420,05:21:03.420,bitget,AAVE/USDT:USDT,298.87,5.1,298.88,0.8,298.88,247194.6,72008450.224
1753507263732,05:21:03.732,bitget,AAVE/USDT:USDT,298.87,5.1,298.88,0.8,298.88,247194.6,72008450.224
1753507264215,05:21:04.215,bitget,AAVE/USDT:USDT,298.87,2.7,298.88,1.1,298.88,247194.6,72008450.224
1753507265111,05:21:05.111,bitget,AAVE/USDT:USDT,298.87,2.7,298.88,1.1,298.88,247194.6,72008450.224
1753507265485,05:21:05.485,bitget,AAVE/USDT:USDT,298.87,2.7,298.88,1.1,298.88,247194.6,72008450.224
1753507265816,05:21:05.816,bitget,AAVE/USDT:USDT,298.87,2.7,298.88,1.1,298.88,247194.6,72008450.224
1753507266130,05:21:06.130,bitget,AAVE/USDT:USDT,298.87,2.7,298.88,1.1,298.88,247194.6,72008450.224
1753507267011,05:21:07.011,bitget,AAVE/USDT:USDT,298.87,2.7,298.88,1.1,298.88,247194.6,72008450.224
1753507267334,05:21:07.334,bitget,AAVE/USDT:USDT,298.87,2.7,298.88,1.1,298.88,247194.6,72008450.224
1753507267722,05:21:07.722,bitget,AAVE/USDT:USDT,298.97,4.4,298.98,8.6,298.92,247194.6,72008450.224
1753507268382,05:21:08.382,bitget,AAVE/USDT:USDT,299.01,5.1,299.02,1.5,298.92,247194.6,72008450.224
1753507268697,05:21:08.697,bitget,AAVE/USDT:USDT,299.01,4.7,299.02,1.8,298.92,247308.8,72042585.254
1753507269139,05:21:09.139,bitget,AAVE/USDT:USDT,299.01,4.7,299.02,1.4,298.92,247308.8,72042585.254
1753507269884,05:21:09.884,bitget,AAVE/USDT:USDT,299.01,4.7,299.02,1.4,298.92,247193.2,72008031.792
1753507270598,05:21:10.598,bitget,AAVE/USDT:USDT,299.04,5.4,299.05,0.2,298.92,247308.8,72042585.254
1753507270912,05:21:10.912,bitget,AAVE/USDT:USDT,299.04,5.4,299.05,0.2,298.92,247308.8,72042585.254
1753507271649,05:21:11.649,bitget,AAVE/USDT:USDT,299.04,3.2,299.05,0.2,298.92,247308.8,72042585.254
1753507272007,05:21:12.007,bitget,AAVE/USDT:USDT,299.04,3.2,299.05,0.2,298.92,247308.8,72042585.254
1753507272321,05:21:12.321,bitget,AAVE/USDT:USDT,299.04,4.2,299.05,0.7,298.92,247308.8,72042585.254
1753507272671,05:21:12.671,bitget,AAVE/USDT:USDT,299.04,4.2,299.05,0.2,298.92,247308.8,72042585.254
1753507273011,05:21:13.011,bitget,AAVE/USDT:USDT,299.04,2.8,299.05,0.7,298.92,247308.8,72042585.254
1753507273325,05:21:13.325,bitget,AAVE/USDT:USDT,299.04,2.8,299.05,0.7,298.92,247308.8,72042585.254
1753507273644,05:21:13.644,bitget,AAVE/USDT:USDT,299.04,5.0,299.05,0.7,298.92,247308.8,72042585.254
1753507274247,05:21:14.247,bitget,AAVE/USDT:USDT,299.04,7.4,299.05,0.2,298.92,247308.8,72042585.254
1753507274556,05:21:14.556,bitget,AAVE/USDT:USDT,299.04,5.2,299.05,0.2,298.92,247308.8,72042585.254
1753507274879,05:21:14.879,bitget,AAVE/USDT:USDT,299.04,5.2,299.05,0.2,298.92,247308.8,72042585.254
1753507276271,05:21:16.271,bitget,AAVE/USDT:USDT,299.04,2.8,299.05,0.2,298.92,247308.8,72042585.254
1753507276736,05:21:16.736,bitget,AAVE/USDT:USDT,299.04,2.8,299.05,0.2,298.92,247308.8,72042585.254
1753507277550,05:21:17.550,bitget,AAVE/USDT:USDT,299.04,2.8,299.05,0.2,298.92,247308.8,72042585.254
1753507278231,05:21:18.231,bitget,AAVE/USDT:USDT,299.04,0.8,299.05,0.9,298.92,247308.8,72042585.254
1753507278541,05:21:18.541,bitget,AAVE/USDT:USDT,299.04,0.8,299.05,0.9,298.92,247308.8,72042585.254
1753507278854,05:21:18.854,bitget,AAVE/USDT:USDT,299.04,0.8,299.05,0.7,298.92,247308.8,72042585.254
1753507279217,05:21:19.217,bitget,AAVE/USDT:USDT,299.04,0.8,299.05,0.7,298.92,247308.8,72042585.254
1753507279588,05:21:19.588,bitget,AAVE/USDT:USDT,299.04,0.8,299.05,0.7,298.92,247308.8,72042585.254
1753507279900,05:21:19.900,bitget,AAVE/USDT:USDT,299.04,4.2,299.05,0.2,298.92,247308.8,72042585.254
1753507280254,05:21:20.254,bitget,AAVE/USDT:USDT,299.04,0.8,299.05,0.9,298.92,247308.8,72042585.254
1753507281235,05:21:21.235,bitget,AAVE/USDT:USDT,299.04,4.8,299.05,0.2,298.92,247308.8,72042585.254
1753507281589,05:21:21.589,bitget,AAVE/USDT:USDT,299.04,7.2,299.05,0.2,298.92,247308.8,72042585.254
1753507282000,05:21:22.000,bitget,AAVE/USDT:USDT,299.04,7.2,299.05,0.2,298.92,247308.8,72042585.254
1753507282315,05:21:22.315,bitget,AAVE/USDT:USDT,299.04,7.2,299.05,0.2,298.92,247308.8,72042585.254
1753507282621,05:21:22.621,bitget,AAVE/USDT:USDT,299.04,6.2,299.05,0.2,298.92,247308.8,72042585.254
1753507282988,05:21:22.988,bitget,AAVE/USDT:USDT,299.04,1.8,299.05,0.7,298.92,247308.8,72042585.254
1753507283315,05:21:23.315,bitget,AAVE/USDT:USDT,299.04,1.8,299.05,0.7,298.92,247308.8,72042585.254
1753507284034,05:21:24.034,bitget,AAVE/USDT:USDT,299.04,4.2,299.05,0.2,298.92,247308.8,72042585.254
1753507285023,05:21:25.023,bitget,AAVE/USDT:USDT,299.04,4.2,299.05,0.2,298.92,247308.8,72042585.254
1753507285793,05:21:25.793,bitget,AAVE/USDT:USDT,299.04,4.2,299.05,0.2,298.92,247308.8,72042585.254
1753507286532,05:21:26.532,bitget,AAVE/USDT:USDT,299.04,64.6,299.05,0.2,298.92,247308.8,72042585.254
1753507287212,05:21:27.212,bitget,AAVE/USDT:USDT,299.04,66.5,299.05,0.2,298.92,247308.8,72042585.254
1753507287524,05:21:27.524,bitget,AAVE/USDT:USDT,299.04,66.5,299.05,0.2,298.92,247308.8,72042585.254
1753507288194,05:21:28.194,bitget,AAVE/USDT:USDT,299.04,65.3,299.05,0.7,298.92,247308.8,72042585.254
1753507288512,05:21:28.512,bitget,AAVE/USDT:USDT,299.04,65.8,299.05,0.2,298.92,247308.8,72042585.254
1753507288920,05:21:28.920,bitget,AAVE/USDT:USDT,299.04,0.3,299.05,0.2,298.92,247308.8,72042585.254
1753507289271,05:21:29.271,bitget,AAVE/USDT:USDT,299.04,0.8,299.05,0.2,298.92,247308.8,72042585.254
1753507289588,05:21:29.588,bitget,AAVE/USDT:USDT,299.04,0.8,299.05,0.2,298.92,247308.8,72042585.254
1753507289898,05:21:29.898,bitget,AAVE/USDT:USDT,299.04,0.8,299.05,0.7,298.92,247308.8,72042585.254
1753507290230,05:21:30.230,bitget,AAVE/USDT:USDT,299.04,0.8,299.05,0.7,298.92,247308.8,72042585.254
1753507290560,05:21:30.560,bitget,AAVE/USDT:USDT,299.04,0.8,299.05,0.7,298.92,247308.8,72042585.254
1753507290871,05:21:30.871,bitget,AAVE/USDT:USDT,299.01,91.8,299.03,4.8,298.92,247308.8,72042585.254
1753507291970,05:21:31.970,bitget,AAVE/USDT:USDT,298.98,91.7,298.99,7.1,298.92,247308.8,72042585.254
1753507292337,05:21:32.337,bitget,AAVE/USDT:USDT,298.96,1.3,298.97,0.5,298.92,247308.8,72042585.254
1753507292672,05:21:32.672,bitget,AAVE/USDT:USDT,298.96,0.8,298.97,0.5,298.92,247308.8,72042585.254
1753507293029,05:21:33.029,bitget,AAVE/USDT:USDT,298.96,0.8,298.97,0.5,298.92,247308.8,72042585.254
1753507293662,05:21:33.662,bitget,AAVE/USDT:USDT,298.96,1.2,298.97,2.3,298.92,247308.8,72042585.254
1753507294097,05:21:34.097,bitget,AAVE/USDT:USDT,298.96,0.8,298.97,2.9,298.92,247308.8,72042585.254
1753507294662,05:21:34.662,bitget,AAVE/USDT:USDT,298.96,0.8,298.97,0.5,298.92,247308.8,72042585.254
1753507295397,05:21:35.397,bitget,AAVE/USDT:USDT,298.96,0.8,298.97,0.5,298.92,247308.8,72042585.254
1753507295730,05:21:35.730,bitget,AAVE/USDT:USDT,298.96,0.8,298.97,0.5,298.92,247308.8,72042585.254
1753507296053,05:21:36.053,bitget,AAVE/USDT:USDT,298.96,0.8,298.97,0.5,298.92,247308.8,72042585.254
1753507296435,05:21:36.435,bitget,AAVE/USDT:USDT,298.95,91.7,298.96,5.8,298.92,247308.8,72042585.254
1753507296857,05:21:36.857,bitget,AAVE/USDT:USDT,298.97,2.5,299.0,9.3,298.92,247308.8,72042585.254
1753507297175,05:21:37.175,bitget,AAVE/USDT:USDT,298.97,0.8,298.98,1.5,298.92,247308.8,72042585.254
1753507297484,05:21:37.484,bitget,AAVE/USDT:USDT,298.97,0.3,298.98,2.0,298.92,247308.8,72042585.254
1753507297893,05:21:37.893,bitget,AAVE/USDT:USDT,298.95,94.1,298.96,1.9,298.92,247308.8,72042585.254
1753507298210,05:21:38.210,bitget,AAVE/USDT:USDT,298.97,0.8,298.98,1.9,298.92,247308.8,72042585.254
1753507298529,05:21:38.529,bitget,AAVE/USDT:USDT,298.97,0.8,298.98,1.9,298.92,247308.8,72042585.254
1753507299041,05:21:39.041,bitget,AAVE/USDT:USDT,298.98,0.8,298.99,2.6,298.92,247308.8,72042585.254
1753507299861,05:21:39.861,bitget,AAVE/USDT:USDT,298.98,0.5,298.99,3.7,298.92,247308.8,72042585.254
1753507300818,05:21:40.818,bitget,AAVE/USDT:USDT,298.98,0.8,298.99,2.8,298.92,247308.8,72042585.254
1753507301195,05:21:41.195,bitget,AAVE/USDT:USDT,298.97,0.9,298.99,2.9,298.92,247308.8,72042585.254
1753507301580,05:21:41.580,bitget,AAVE/USDT:USDT,298.98,0.3,298.99,2.8,298.92,247308.8,72042585.254
1753507301922,05:21:41.922,bitget,AAVE/USDT:USDT,298.97,0.5,298.99,3.4,298.92,247308.8,72042585.254
1753507302232,05:21:42.232,bitget,AAVE/USDT:USDT,298.97,0.8,298.98,0.5,298.92,247308.8,72042585.254
1753507302546,05:21:42.546,bitget,AAVE/USDT:USDT,298.95,1.9,298.96,0.5,298.95,247308.8,72042585.254
1753507302909,05:21:42.909,bitget,AAVE/USDT:USDT,298.95,2.7,298.96,0.5,298.95,247308.8,72042585.254
1753507303223,05:21:43.223,bitget,AAVE/USDT:USDT,298.95,2.7,298.96,0.5,298.95,247308.8,72042585.254
1753507303544,05:21:43.544,bitget,AAVE/USDT:USDT,298.95,2.7,298.96,0.5,298.95,247308.8,72042585.254
1753507303980,05:21:43.980,bitget,AAVE/USDT:USDT,298.95,2.7,298.96,0.5,298.95,247311.4,72043362.556
1753507304673,05:21:44.673,bitget,AAVE/USDT:USDT,298.95,2.7,298.96,0.5,298.95,247311.4,72043362.556
1753507304993,05:21:44.993,bitget,AAVE/USDT:USDT,298.97,1.2,298.98,0.5,298.95,247311.4,72043362.556
1753507305334,05:21:45.334,bitget,AAVE/USDT:USDT,298.97,1.2,298.98,0.5,298.95,247311.4,72043362.556
1753507305655,05:21:45.655,bitget,AAVE/USDT:USDT,298.97,0.8,298.98,1.3,298.95,247311.4,72043362.556
1753507306343,05:21:46.343,bitget,AAVE/USDT:USDT,298.97,0.8,298.98,1.3,298.95,247311.4,72043362.556
1753507306990,05:21:46.990,bitget,AAVE/USDT:USDT,298.97,0.8,298.98,0.5,298.95,247311.4,72043362.556
1753507307298,05:21:47.298,bitget,AAVE/USDT:USDT,298.97,0.3,298.98,1.1,298.95,247311.4,72043362.556
1753507307634,05:21:47.634,bitget,AAVE/USDT:USDT,298.97,0.3,298.98,1.1,298.95,247311.4,72043362.556
1753507307964,05:21:47.964,bitget,AAVE/USDT:USDT,298.97,0.3,298.98,1.1,298.95,247311.4,72043362.556
1753507308275,05:21:48.275,bitget,AAVE/USDT:USDT,298.97,0.3,298.98,1.1,298.95,247311.4,72043362.556
1753507308611,05:21:48.611,bitget,AAVE/USDT:USDT,298.99,0.5,299.0,5.7,298.95,247311.4,72043362.556
1753507309274,05:21:49.274,bitget,AAVE/USDT:USDT,298.97,2.7,298.98,0.5,298.95,247311.4,72043362.556
1753507309599,05:21:49.599,bitget,AAVE/USDT:USDT,298.97,2.7,298.98,0.5,298.95,247308.8,72042585.254
1753507310324,05:21:50.324,bitget,AAVE/USDT:USDT,298.97,0.8,298.98,0.5,298.95,247311.4,72043362.556
1753507310648,05:21:50.648,bitget,AAVE/USDT:USDT,298.97,0.8,298.98,0.5,298.95,247311.4,72043362.556
1753507310971,05:21:50.971,bitget,AAVE/USDT:USDT,298.97,0.8,298.98,0.5,298.95,247311.4,72043362.556
1753507311334,05:21:51.334,bitget,AAVE/USDT:USDT,298.97,0.8,298.98,1.1,298.95,247311.4,72043362.556
1753507311668,05:21:51.668,bitget,AAVE/USDT:USDT,298.97,0.8,298.98,1.1,298.95,247311.4,72043362.556
1753507311974,05:21:51.974,bitget,AAVE/USDT:USDT,298.97,0.8,298.98,1.1,298.95,247311.4,72043362.556
1753507313140,05:21:53.140,bitget,AAVE/USDT:USDT,298.97,0.8,298.98,0.5,298.95,247311.4,72043362.556
1753507313454,05:21:53.454,bitget,AAVE/USDT:USDT,298.97,0.8,298.98,0.5,298.95,247311.4,72043362.556
1753507313842,05:21:53.842,bitget,AAVE/USDT:USDT,298.95,10.9,298.98,0.8,298.95,247311.4,72043362.556
1753507314193,05:21:54.193,bitget,AAVE/USDT:USDT,298.95,10.9,298.98,0.8,298.95,247311.4,72043362.556
1753507314507,05:21:54.507,bitget,AAVE/USDT:USDT,298.95,10.9,298.98,2.7,298.95,247311.4,72043362.556
1753507314827,05:21:54.827,bitget,AAVE/USDT:USDT,298.95,10.9,298.98,2.7,298.95,247311.4,72043362.556
1753507315491,05:21:55.491,bitget,AAVE/USDT:USDT,298.95,12.9,298.97,0.5,298.98,247311.4,72043362.556
1753507315804,05:21:55.804,bitget,AAVE/USDT:USDT,298.95,0.5,298.96,2.9,298.98,247311.4,72043362.556
1753507316182,05:21:56.182,bitget,AAVE/USDT:USDT,298.95,0.5,298.96,2.7,298.98,247312.4,72043661.536
1753507316541,05:21:56.541,bitget,AAVE/USDT:USDT,298.94,0.4,298.96,2.9,298.98,247312.4,72043661.536
1753507316849,05:21:56.849,bitget,AAVE/USDT:USDT,298.93,1.9,298.95,0.3,298.98,247312.4,72043661.536
1753507317508,05:21:57.508,bitget,AAVE/USDT:USDT,298.93,1.2,298.94,0.5,298.98,247312.4,72043661.536
1753507317901,05:21:57.901,bitget,AAVE/USDT:USDT,298.93,3.4,298.94,0.5,298.98,247312.4,72043661.536
1753507318210,05:21:58.210,bitget,AAVE/USDT:USDT,298.93,3.4,298.94,0.5,298.98,247312.4,72043661.536
1753507318576,05:21:58.576,bitget,AAVE/USDT:USDT,298.93,0.8,298.94,0.5,298.98,247312.4,72043661.536
1753507318981,05:21:58.981,bitget,AAVE/USDT:USDT,298.93,0.8,298.94,0.5,298.98,247311.4,72043362.556
1753507319879,05:21:59.879,bitget,AAVE/USDT:USDT,298.93,0.8,298.94,0.5,298.98,247312.4,72043661.536
1753507320234,05:22:00.234,bitget,AAVE/USDT:USDT,298.93,0.8,298.94,0.5,298.98,247312.4,72043661.536
1753507320950,05:22:00.950,bitget,AAVE/USDT:USDT,298.96,0.8,298.98,1.9,298.98,246280.2,71747161.61
1753507321331,05:22:01.331,bitget,AAVE/USDT:USDT,298.96,0.8,298.98,4.1,298.98,246280.2,71747161.61
1753507321661,05:22:01.661,bitget,AAVE/USDT:USDT,298.96,0.8,298.98,4.1,298.98,246280.2,71747161.61
1753507322397,05:22:02.397,bitget,AAVE/USDT:USDT,298.99,2.7,299.0,0.5,298.97,246280.4,71747221.404
1753507323133,05:22:03.133,bitget,AAVE/USDT:USDT,298.99,0.8,299.0,0.5,298.97,246280.4,71747221.404
1753507324441,05:22:04.441,bitget,AAVE/USDT:USDT,298.99,2.7,299.01,2.6,298.97,246280.4,71747221.404
1753507324802,05:22:04.802,bitget,AAVE/USDT:USDT,298.99,2.7,299.01,4.7,298.97,246280.4,71747221.404
1753507325156,05:22:05.156,bitget,AAVE/USDT:USDT,298.99,2.7,299.01,4.7,298.97,246280.4,71747221.404
1753507325544,05:22:05.544,bitget,AAVE/USDT:USDT,298.99,0.8,299.01,4.7,298.97,247312.4,72043661.536
1753507326346,05:22:06.346,bitget,AAVE/USDT:USDT,298.96,3.4,298.97,4.7,298.97,246280.4,71747221.404
1753507326657,05:22:06.657,bitget,AAVE/USDT:USDT,298.96,3.4,298.97,4.7,298.97,246280.4,71747221.404
1753507327632,05:22:07.632,bitget,AAVE/USDT:USDT,298.98,0.5,298.99,3.8,298.97,246280.4,71747221.404
1753507327953,05:22:07.953,bitget,AAVE/USDT:USDT,298.98,0.5,298.99,3.8,298.97,246280.4,71747221.404
1753507328356,05:22:08.356,bitget,AAVE/USDT:USDT,298.99,2.3,299.03,8.7,298.97,246280.4,71747221.404
1753507328763,05:22:08.763,bitget,AAVE/USDT:USDT,299.0,2.7,299.01,1.9,298.97,246280.4,71747221.404
1753507330363,05:22:10.363,bitget,AAVE/USDT:USDT,299.0,0.8,299.02,4.6,298.97,246280.4,71747221.404
1753507330769,05:22:10.769,bitget,AAVE/USDT:USDT,299.0,0.8,299.01,26.3,298.97,246280.4,71747221.404
1753507331135,05:22:11.135,bitget,AAVE/USDT:USDT,299.0,0.8,299.01,26.3,298.97,246280.4,71747221.404
1753507331452,05:22:11.452,bitget,AAVE/USDT:USDT,299.0,0.8,299.01,26.3,298.97,246280.4,71747221.404
1753507331761,05:22:11.761,bitget,AAVE/USDT:USDT,299.0,0.8,299.01,26.9,298.97,246280.4,71747221.404
1753507332425,05:22:12.425,bitget,AAVE/USDT:USDT,299.0,0.3,299.01,26.9,299.0,246280.4,71747221.404
1753507333122,05:22:13.122,bitget,AAVE/USDT:USDT,299.0,0.5,299.01,27.1,299.0,246280.4,71747221.404
1753507333476,05:22:13.476,bitget,AAVE/USDT:USDT,299.0,0.8,299.01,27.1,299.0,246280.4,71747221.404
1753507333791,05:22:13.791,bitget,AAVE/USDT:USDT,299.0,0.8,299.01,27.1,299.0,246281.4,71747520.404
1753507334099,05:22:14.099,bitget,AAVE/USDT:USDT,299.0,0.5,299.01,27.1,299.0,246281.4,71747520.404
1753507334423,05:22:14.423,bitget,AAVE/USDT:USDT,299.0,0.8,299.01,26.5,299.0,246281.4,71747520.404
1753507334762,05:22:14.762,bitget,AAVE/USDT:USDT,299.0,0.8,299.01,26.9,299.0,246281.4,71747520.404
1753507335076,05:22:15.076,bitget,AAVE/USDT:USDT,299.0,0.5,299.01,26.9,299.0,246281.4,71747520.404
1753507335390,05:22:15.390,bitget,AAVE/USDT:USDT,299.0,0.5,299.01,26.3,299.0,246281.4,71747520.404
1753507335806,05:22:15.806,bitget,AAVE/USDT:USDT,299.0,0.8,299.01,26.3,299.0,246281.4,71747520.404
1753507336160,05:22:16.160,bitget,AAVE/USDT:USDT,299.0,0.8,299.01,26.3,299.0,246281.4,71747520.404
1753507336470,05:22:16.470,bitget,AAVE/USDT:USDT,299.0,0.8,299.01,26.3,299.0,246281.4,71747520.404
1753507336782,05:22:16.782,bitget,AAVE/USDT:USDT,299.0,0.8,299.01,26.3,299.0,246281.4,71747520.404
1753507337114,05:22:17.114,bitget,AAVE/USDT:USDT,299.0,0.8,299.01,26.9,299.0,246281.4,71747520.404
1753507337440,05:22:17.440,bitget,AAVE/USDT:USDT,299.0,0.8,299.01,26.3,299.0,246281.4,71747520.404
1753507337748,05:22:17.748,bitget,AAVE/USDT:USDT,299.0,0.8,299.01,26.3,299.0,246281.4,71747520.404
1753507338119,05:22:18.119,bitget,AAVE/USDT:USDT,299.0,0.8,299.01,25.8,299.0,246281.4,71747520.404
1753507338967,05:22:18.967,bitget,AAVE/USDT:USDT,299.0,1.8,299.01,25.8,299.0,246281.4,71747520.404
1753507339290,05:22:19.290,bitget,AAVE/USDT:USDT,299.0,0.8,299.01,26.5,299.0,246281.4,71747520.404
1753507339656,05:22:19.656,bitget,AAVE/USDT:USDT,299.0,0.8,299.01,27.1,299.0,246281.4,71747520.404
1753507339986,05:22:19.986,bitget,AAVE/USDT:USDT,299.0,0.8,299.01,27.1,299.0,246281.4,71747520.404
1753507340318,05:22:20.318,bitget,AAVE/USDT:USDT,299.0,0.8,299.01,26.3,299.0,246281.4,71747520.404
1753507340716,05:22:20.716,bitget,AAVE/USDT:USDT,299.0,0.8,299.01,26.3,299.0,246281.4,71747520.404
1753507341432,05:22:21.432,bitget,AAVE/USDT:USDT,299.0,0.8,299.01,26.3,299.0,246281.4,71747520.404
1753507341851,05:22:21.851,bitget,AAVE/USDT:USDT,299.0,0.5,299.01,26.5,299.0,246281.4,71747520.404
1753507342186,05:22:22.186,bitget,AAVE/USDT:USDT,299.0,0.8,299.01,26.3,299.0,246281.4,71747520.404
1753507342521,05:22:22.521,bitget,AAVE/USDT:USDT,299.0,0.8,299.01,26.3,299.0,246281.4,71747520.404
1753507342837,05:22:22.837,bitget,AAVE/USDT:USDT,299.0,0.8,299.01,26.3,299.0,246281.4,71747520.404
1753507343212,05:22:23.212,bitget,AAVE/USDT:USDT,299.14,8.2,299.15,0.1,299.06,246281.4,71747520.404
1753507343694,05:22:23.694,bitget,AAVE/USDT:USDT,299.14,8.2,299.15,0.1,299.06,246284.0,71748297.866
1753507344775,05:22:24.775,bitget,AAVE/USDT:USDT,299.12,25.8,299.14,1.8,299.06,246281.4,71747520.404
1753507345330,05:22:25.330,bitget,AAVE/USDT:USDT,299.12,25.8,299.14,1.8,299.06,246284.0,71748297.866
1753507346046,05:22:26.046,bitget,AAVE/USDT:USDT,299.11,1.8,299.12,1.5,299.06,246284.0,71748297.866
1753507346365,05:22:26.365,bitget,AAVE/USDT:USDT,299.11,1.8,299.12,1.5,299.06,246281.4,71747520.404
1753507346722,05:22:26.722,bitget,AAVE/USDT:USDT,299.2,5.4,299.24,7.7,299.2,246284.0,71748297.866
1753507347103,05:22:27.103,bitget,AAVE/USDT:USDT,299.32,0.5,299.33,3.3,299.31,246284.0,71748297.866
1753507347424,05:22:27.424,bitget,AAVE/USDT:USDT,299.32,0.8,299.33,5.5,299.31,246284.0,71748297.866
1753507348528,05:22:28.528,bitget,AAVE/USDT:USDT,299.2,2.1,299.21,2.6,299.17,246291.6,71750572.342
1753507349264,05:22:29.264,bitget,AAVE/USDT:USDT,299.21,2.7,299.22,0.7,299.17,246284.0,71748297.866
1753507349947,05:22:29.947,bitget,AAVE/USDT:USDT,299.36,2.4,299.38,0.2,299.17,246298.2,71752546.924
1753507350263,05:22:30.263,bitget,AAVE/USDT:USDT,299.36,1.2,299.37,2.4,299.17,246298.2,71752546.924
1753507350704,05:22:30.704,bitget,AAVE/USDT:USDT,299.27,23.9,299.29,2.6,299.17,246291.6,71750572.342
1753507351184,05:22:31.184,bitget,AAVE/USDT:USDT,299.27,2.3,299.28,3.1,299.17,246298.2,71752546.924
1753507352060,05:22:32.060,bitget,AAVE/USDT:USDT,299.24,0.8,299.25,5.0,299.17,246298.2,71752546.924
1753507352809,05:22:32.809,bitget,AAVE/USDT:USDT,299.24,2.7,299.26,3.7,299.17,246298.2,71752546.924
1753507353136,05:22:33.136,bitget,AAVE/USDT:USDT,299.27,0.5,299.28,4.0,299.17,246298.2,71752546.924
1753507353662,05:22:33.662,bitget,AAVE/USDT:USDT,299.37,35.1,299.45,26.1,299.43,246298.2,71752546.924
1753507353987,05:22:33.987,bitget,AAVE/USDT:USDT,299.37,35.1,299.45,26.1,299.43,246298.2,71752546.924
1753507355026,05:22:35.026,bitget,AAVE/USDT:USDT,299.35,0.5,299.36,2.4,299.43,246302.6,71753864.368
1753507355362,05:22:35.362,bitget,AAVE/USDT:USDT,299.33,25.8,299.35,2.6,299.43,246302.6,71753864.368
1753507355677,05:22:35.677,bitget,AAVE/USDT:USDT,299.33,25.8,299.35,2.6,299.43,246302.6,71753864.368
1753507356047,05:22:36.047,bitget,AAVE/USDT:USDT,299.31,0.8,299.34,11.7,299.43,246302.6,71753864.368
1753507356398,05:22:36.398,bitget,AAVE/USDT:USDT,299.31,1.8,299.32,2.6,299.43,246298.2,71752546.924
1753507357356,05:22:37.356,bitget,AAVE/USDT:USDT,299.32,0.8,299.33,2.8,299.33,246309.0,71755780.028
1753507358186,05:22:38.186,bitget,AAVE/USDT:USDT,299.32,0.5,299.33,2.8,299.33,246309.0,71755780.028
1753507358521,05:22:38.521,bitget,AAVE/USDT:USDT,299.45,0.5,299.46,4.8,299.47,246309.0,71755780.028
1753507358920,05:22:38.920,bitget,AAVE/USDT:USDT,299.45,0.5,299.46,3.3,299.46,246302.6,71753864.368
1753507359296,05:22:39.296,bitget,AAVE/USDT:USDT,299.45,0.5,299.46,3.3,299.46,246347.0,71767158.314
1753507359619,05:22:39.619,bitget,AAVE/USDT:USDT,299.45,0.5,299.46,3.3,299.46,246347.0,71767158.314
1753507360403,05:22:40.403,bitget,AAVE/USDT:USDT,299.45,0.5,299.46,3.3,299.46,246346.8,71767098.422
1753507360721,05:22:40.721,bitget,AAVE/USDT:USDT,299.45,0.5,299.46,3.3,299.46,246347.0,71767158.314
1753507361056,05:22:41.056,bitget,AAVE/USDT:USDT,299.45,0.5,299.46,1.4,299.46,246347.0,71767158.314
1753507361958,05:22:41.958,bitget,AAVE/USDT:USDT,299.45,0.5,299.46,1.4,299.46,246347.0,71767158.314
1753507362276,05:22:42.276,bitget,AAVE/USDT:USDT,299.45,0.5,299.46,0.7,299.46,246347.0,71767158.314
1753507362615,05:22:42.615,bitget,AAVE/USDT:USDT,299.45,0.5,299.46,1.3,299.46,246347.0,71767158.314
1753507363275,05:22:43.275,bitget,AAVE/USDT:USDT,299.45,0.5,299.46,2.8,299.46,246347.0,71767158.314
1753507363592,05:22:43.592,bitget,AAVE/USDT:USDT,299.45,2.8,299.48,0.2,299.46,246347.0,71767158.314
1753507363964,05:22:43.964,bitget,AAVE/USDT:USDT,299.59,0.5,299.62,1.9,299.62,246464.4,71802327.652
1753507364391,05:22:44.391,bitget,AAVE/USDT:USDT,299.58,0.5,299.59,3.7,299.62,246347.0,71767158.314
1753507364765,05:22:44.765,bitget,AAVE/USDT:USDT,299.58,0.5,299.59,1.9,299.62,246464.4,71802327.652
1753507365073,05:22:45.073,bitget,AAVE/USDT:USDT,299.58,0.5,299.59,1.9,299.62,246464.4,71802327.652
1753507365485,05:22:45.485,bitget,AAVE/USDT:USDT,299.58,0.5,299.59,3.0,299.62,246464.4,71802327.652
1753507365795,05:22:45.795,bitget,AAVE/USDT:USDT,299.56,4.3,299.59,5.5,299.56,246464.4,71802327.652
1753507366106,05:22:46.106,bitget,AAVE/USDT:USDT,299.56,4.3,299.59,5.5,299.56,246464.4,71802327.652
1753507366920,05:22:46.920,bitget,AAVE/USDT:USDT,299.6,0.5,299.61,2.4,299.56,246464.4,71802327.652
1753507367233,05:22:47.233,bitget,AAVE/USDT:USDT,299.79,1.9,299.8,0.7,299.75,246468.2,71803466.01
1753507367546,05:22:47.546,bitget,AAVE/USDT:USDT,299.8,3.1,299.81,0.3,299.75,246468.2,71803466.01
1753507368192,05:22:48.192,bitget,AAVE/USDT:USDT,299.76,0.5,299.77,0.7,299.8,246468.2,71803466.01
1753507368502,05:22:48.502,bitget,AAVE/USDT:USDT,299.76,0.8,299.77,0.4,299.8,246615.8,71847704.318
1753507369160,05:22:49.160,bitget,AAVE/USDT:USDT,299.71,17.1,299.72,1.4,299.76,246615.8,71847704.318
1753507369500,05:22:49.500,bitget,AAVE/USDT:USDT,299.71,17.1,299.72,1.4,299.76,246615.8,71847704.318
1753507369809,05:22:49.809,bitget,AAVE/USDT:USDT,299.72,0.8,299.73,1.4,299.76,246616.8,71848004.078
1753507370122,05:22:50.122,bitget,AAVE/USDT:USDT,299.72,0.5,299.73,0.8,299.76,246616.8,71848004.078
1753507370473,05:22:50.473,bitget,AAVE/USDT:USDT,299.72,0.5,299.73,1.5,299.76,246616.8,71848004.078
1753507370781,05:22:50.781,bitget,AAVE/USDT:USDT,299.72,0.5,299.73,1.5,299.76,246616.8,71848004.078
1753507371094,05:22:51.094,bitget,AAVE/USDT:USDT,299.71,0.5,299.72,3.3,299.76,246616.8,71848004.078
1753507371922,05:22:51.922,bitget,AAVE/USDT:USDT,299.68,0.5,299.69,3.3,299.76,246616.8,71848004.078
1753507372976,05:22:52.976,bitget,AAVE/USDT:USDT,299.67,0.5,299.68,3.8,299.76,246616.8,71848004.078
1753507373286,05:22:53.286,bitget,AAVE/USDT:USDT,299.67,0.5,299.68,3.8,299.76,246616.8,71848004.078
1753507374390,05:22:54.390,bitget,AAVE/USDT:USDT,299.63,0.5,299.65,3.6,299.76,246616.8,71848004.078
1753507374910,05:22:54.910,bitget,AAVE/USDT:USDT,299.63,0.5,299.64,4.5,299.76,246616.8,71848004.078
1753507375244,05:22:55.244,bitget,AAVE/USDT:USDT,299.62,0.5,299.63,3.1,299.63,246616.8,71848004.078
1753507375583,05:22:55.583,bitget,AAVE/USDT:USDT,299.62,0.5,299.63,3.1,299.63,246616.8,71848004.078
1753507375895,05:22:55.895,bitget,AAVE/USDT:USDT,299.62,0.5,299.63,2.7,299.63,246616.8,71848004.078
1753507376218,05:22:56.218,bitget,AAVE/USDT:USDT,299.62,0.5,299.63,0.5,299.63,246616.8,71848004.078
1753507376641,05:22:56.641,bitget,AAVE/USDT:USDT,299.62,0.5,299.63,0.8,299.63,246616.8,71848004.078
1753507377100,05:22:57.100,bitget,AAVE/USDT:USDT,299.62,0.5,299.63,0.8,299.63,246618.2,71848423.56
1753507378032,05:22:58.032,bitget,AAVE/USDT:USDT,299.62,0.5,299.63,0.8,299.63,246616.8,71848004.078
1753507378386,05:22:58.386,bitget,AAVE/USDT:USDT,299.62,0.5,299.63,0.8,299.63,246618.2,71848423.56
1753507378696,05:22:58.696,bitget,AAVE/USDT:USDT,299.62,0.5,299.63,1.5,299.63,246618.2,71848423.56
1753507379793,05:22:59.793,bitget,AAVE/USDT:USDT,299.62,0.5,299.63,0.8,299.63,246618.2,71848423.56
1753507380154,05:23:00.154,bitget,AAVE/USDT:USDT,299.62,0.5,299.63,3.1,299.64,246618.2,71848423.56
1753507380745,05:23:00.745,bitget,AAVE/USDT:USDT,299.64,0.5,299.65,1.9,299.64,246599.8,71843528.626
1753507381477,05:23:01.477,bitget,AAVE/USDT:USDT,299.64,0.5,299.65,0.8,299.64,246599.8,71843528.626
1753507381854,05:23:01.854,bitget,AAVE/USDT:USDT,299.65,3.8,299.7,8.3,299.64,246599.8,71843528.626
1753507382236,05:23:02.236,bitget,AAVE/USDT:USDT,299.78,0.5,299.79,2.7,299.64,246599.8,71843528.626
1753507382608,05:23:02.608,bitget,AAVE/USDT:USDT,299.78,0.5,299.79,2.7,299.64,246599.8,71843528.626
1753507382942,05:23:02.942,bitget,AAVE/USDT:USDT,299.75,0.5,299.76,3.8,299.64,246599.8,71843528.626
1753507384089,05:23:04.089,bitget,AAVE/USDT:USDT,299.69,2.8,299.7,1.9,299.64,246599.8,71843528.626
1753507384428,05:23:04.428,bitget,AAVE/USDT:USDT,299.69,6.1,299.7,1.9,299.64,246599.8,71843528.626
1753507384818,05:23:04.818,bitget,AAVE/USDT:USDT,299.71,0.8,299.72,25.8,299.64,246599.8,71843528.626
1753507385154,05:23:05.154,bitget,AAVE/USDT:USDT,299.71,0.8,299.72,25.8,299.64,246599.8,71843528.626
1753507385470,05:23:05.470,bitget,AAVE/USDT:USDT,299.71,0.8,299.72,25.8,299.64,246599.8,71843528.626
1753507386126,05:23:06.126,bitget,AAVE/USDT:USDT,299.71,0.8,299.72,25.8,299.64,246599.8,71843528.626
1753507386747,05:23:06.747,bitget,AAVE/USDT:USDT,299.71,0.8,299.73,2.2,299.64,246599.8,71843528.626
1753507387191,05:23:07.191,bitget,AAVE/USDT:USDT,299.72,0.8,299.73,2.2,299.64,246618.2,71848423.56
1753507387921,05:23:07.921,bitget,AAVE/USDT:USDT,299.72,0.8,299.73,2.2,299.64,246599.8,71843528.626
1753507388236,05:23:08.236,bitget,AAVE/USDT:USDT,299.72,0.5,299.73,0.8,299.64,246599.8,71843528.626
1753507388583,05:23:08.583,bitget,AAVE/USDT:USDT,299.72,0.5,299.73,0.8,299.64,246599.8,71843528.626
1753507388910,05:23:08.910,bitget,AAVE/USDT:USDT,299.72,0.5,299.73,0.8,299.64,246599.8,71843528.626
1753507389216,05:23:09.216,bitget,AAVE/USDT:USDT,299.72,0.5,299.73,0.5,299.64,246599.8,71843528.626
1753507389636,05:23:09.636,bitget,AAVE/USDT:USDT,299.67,0.6,299.68,0.8,299.64,246599.8,71843528.626
1753507390958,05:23:10.958,bitget,AAVE/USDT:USDT,299.67,0.8,299.68,0.5,299.64,246599.8,71843528.626
1753507391287,05:23:11.287,bitget,AAVE/USDT:USDT,299.67,0.5,299.68,0.8,299.64,246599.8,71843528.626
1753507391927,05:23:11.927,bitget,AAVE/USDT:USDT,299.67,0.9,299.68,0.8,299.64,246599.8,71843528.626
1753507392450,05:23:12.450,bitget,AAVE/USDT:USDT,299.67,0.5,299.68,0.8,299.64,246599.8,71843528.626
1753507392841,05:23:12.841,bitget,AAVE/USDT:USDT,299.62,0.2,299.64,2.4,299.64,246599.8,71843528.626
1753507393154,05:23:13.154,bitget,AAVE/USDT:USDT,299.63,0.5,299.64,2.7,299.6,246599.8,71843528.626
1753507393475,05:23:13.475,bitget,AAVE/USDT:USDT,299.63,0.8,299.64,0.5,299.6,246599.8,71843528.626
1753507393816,05:23:13.816,bitget,AAVE/USDT:USDT,299.63,0.5,299.64,2.3,299.6,246599.8,71843528.626
1753507394126,05:23:14.126,bitget,AAVE/USDT:USDT,299.63,0.5,299.64,0.8,299.6,246599.8,71843528.626
1753507394442,05:23:14.442,bitget,AAVE/USDT:USDT,299.58,5.0,299.6,4.7,299.6,246599.8,71843528.626
1753507394942,05:23:14.942,bitget,AAVE/USDT:USDT,299.59,0.5,299.64,1.5,299.6,246607.8,71845925.438
1753507395689,05:23:15.689,bitget,AAVE/USDT:USDT,299.58,0.5,299.59,0.8,299.58,246640.6,71855753.018
1753507397478,05:23:17.478,bitget,AAVE/USDT:USDT,299.54,32.6,299.55,0.5,299.64,246640.6,71855753.018
1753507398440,05:23:18.440,bitget,AAVE/USDT:USDT,299.54,31.6,299.55,0.5,299.64,246640.6,71855753.018
1753507399261,05:23:19.261,bitget,AAVE/USDT:USDT,299.55,1.2,299.56,1.9,299.64,246640.6,71855753.018
1753507399619,05:23:19.619,bitget,AAVE/USDT:USDT,299.55,0.5,299.56,2.7,299.64,246640.6,71855753.018
1753507399983,05:23:19.983,bitget,AAVE/USDT:USDT,299.55,0.5,299.56,2.7,299.64,246640.6,71855753.018
1753507400349,05:23:20.349,bitget,AAVE/USDT:USDT,299.55,0.5,299.56,2.7,299.64,246640.6,71855753.018
1753507400719,05:23:20.719,bitget,AAVE/USDT:USDT,299.45,8.7,299.47,1.9,299.45,246640.6,71855753.018
1753507401394,05:23:21.394,bitget,AAVE/USDT:USDT,299.42,0.8,299.43,2.6,299.45,246640.6,71855753.018
1753507401712,05:23:21.712,bitget,AAVE/USDT:USDT,299.42,1.1,299.43,2.4,299.45,246646.6,71857549.738
1753507402066,05:23:22.066,bitget,AAVE/USDT:USDT,299.41,0.5,299.42,0.5,299.45,246607.8,71845925.438
1753507402705,05:23:22.705,bitget,AAVE/USDT:USDT,299.4,0.8,299.41,2.4,299.45,246650.4,71858687.648
1753507403066,05:23:23.066,bitget,AAVE/USDT:USDT,299.38,1.0,299.4,0.9,299.39,246650.4,71858687.648
1753507403382,05:23:23.382,bitget,AAVE/USDT:USDT,299.35,39.8,299.39,1.1,299.39,246650.4,71858687.648
1753507403729,05:23:23.729,bitget,AAVE/USDT:USDT,299.37,0.8,299.38,1.9,299.39,246650.4,71858687.648
1753507404035,05:23:24.035,bitget,AAVE/USDT:USDT,299.29,0.7,299.36,0.2,299.39,246650.4,71858687.648
1753507404347,05:23:24.347,bitget,AAVE/USDT:USDT,299.2,0.4,299.21,0.7,299.22,246650.4,71858687.648
1753507404692,05:23:24.692,bitget,AAVE/USDT:USDT,299.19,1.5,299.2,0.2,299.2,246650.4,71858687.648
1753507405092,05:23:25.092,bitget,AAVE/USDT:USDT,299.17,95.4,299.2,0.5,299.2,246653.2,71859525.682
1753507405412,05:23:25.412,bitget,AAVE/USDT:USDT,299.18,0.5,299.19,2.1,299.2,246653.2,71859525.682
1753507405775,05:23:25.775,bitget,AAVE/USDT:USDT,299.14,1.6,299.15,2.1,299.15,246653.2,71859525.682
1753507406141,05:23:26.141,bitget,AAVE/USDT:USDT,299.11,0.8,299.12,4.5,299.15,246655.0,71860064.294
1753507406459,05:23:26.459,bitget,AAVE/USDT:USDT,299.11,0.8,299.12,4.5,299.15,246655.0,71860064.294
1753507406767,05:23:26.767,bitget,AAVE/USDT:USDT,299.11,0.5,299.12,29.9,299.11,246655.0,71860064.294
1753507407134,05:23:27.134,bitget,AAVE/USDT:USDT,299.11,0.8,299.12,29.9,299.11,246655.0,71860064.294
1753507408186,05:23:28.186,bitget,AAVE/USDT:USDT,299.22,0.5,299.23,12.5,299.11,246656.2,71860423.25
1753507408601,05:23:28.601,bitget,AAVE/USDT:USDT,299.25,0.5,299.26,3.1,299.11,246656.2,71860423.25
1753507409552,05:23:29.552,bitget,AAVE/USDT:USDT,299.25,0.8,299.26,0.5,299.11,246656.2,71860423.25
1753507410558,05:23:30.558,bitget,AAVE/USDT:USDT,299.27,0.8,299.28,5.0,299.28,246656.2,71860423.25
1753507410982,05:23:30.982,bitget,AAVE/USDT:USDT,299.27,0.8,299.28,5.0,299.28,246656.2,71860423.25
1753507411298,05:23:31.298,bitget,AAVE/USDT:USDT,299.27,0.8,299.28,5.0,299.28,246656.2,71860423.25
1753507412092,05:23:32.092,bitget,AAVE/USDT:USDT,299.27,0.8,299.28,3.3,299.28,246656.8,71860602.818
1753507412460,05:23:32.460,bitget,AAVE/USDT:USDT,299.27,3.8,299.28,0.9,299.28,246656.8,71860602.818
1753507413194,05:23:33.194,bitget,AAVE/USDT:USDT,299.34,0.5,299.35,5.8,299.28,246656.8,71860602.818
1753507414337,05:23:34.337,bitget,AAVE/USDT:USDT,299.34,0.8,299.35,2.4,299.28,246656.8,71860602.818
1753507414818,05:23:34.818,bitget,AAVE/USDT:USDT,299.34,0.5,299.35,1.2,299.28,246656.8,71860602.818
1753507415625,05:23:35.625,bitget,AAVE/USDT:USDT,299.34,0.5,299.35,1.4,299.28,246656.8,71860602.818
1753507416442,05:23:36.442,bitget,AAVE/USDT:USDT,299.34,0.5,299.35,1.4,299.28,246656.8,71860602.818
1753507416767,05:23:36.767,bitget,AAVE/USDT:USDT,299.34,0.8,299.35,1.1,299.28,246656.8,71860602.818
1753507417187,05:23:37.187,bitget,AAVE/USDT:USDT,299.34,0.8,299.35,0.9,299.28,246656.8,71860602.818
1753507417648,05:23:37.648,bitget,AAVE/USDT:USDT,299.34,0.8,299.35,0.9,299.28,246656.2,71860423.25
1753507418455,05:23:38.455,bitget,AAVE/USDT:USDT,299.36,3.5,299.37,0.5,299.28,246656.8,71860602.818
1753507418890,05:23:38.890,bitget,AAVE/USDT:USDT,299.4,1.2,299.41,0.5,299.28,246656.8,71860602.818
1753507419525,05:23:39.525,bitget,AAVE/USDT:USDT,299.42,0.8,299.43,1.5,299.28,246656.8,71860602.818
1753507419865,05:23:39.865,bitget,AAVE/USDT:USDT,299.42,0.8,299.43,1.5,299.28,246656.8,71860602.818
1753507420182,05:23:40.182,bitget,AAVE/USDT:USDT,299.42,0.8,299.43,1.5,299.28,246656.8,71860602.818
1753507420515,05:23:40.515,bitget,AAVE/USDT:USDT,299.42,0.8,299.43,1.5,299.28,246656.8,71860602.818
1753507420866,05:23:40.866,bitget,AAVE/USDT:USDT,299.42,0.5,299.43,2.9,299.28,246656.8,71860602.818
1753507421831,05:23:41.831,bitget,AAVE/USDT:USDT,299.42,0.8,299.43,2.4,299.28,246656.8,71860602.818
1753507422453,05:23:42.453,bitget,AAVE/USDT:USDT,299.4,0.8,299.41,2.8,299.28,246656.8,71860602.818
1753507422764,05:23:42.764,bitget,AAVE/USDT:USDT,299.4,0.8,299.41,0.5,299.28,246656.8,71860602.818
1753507423076,05:23:43.076,bitget,AAVE/USDT:USDT,299.4,0.8,299.41,0.5,299.28,246656.8,71860602.818
1753507423478,05:23:43.478,bitget,AAVE/USDT:USDT,299.42,0.5,299.43,6.1,299.28,246656.8,71860602.818
1753507423820,05:23:43.820,bitget,AAVE/USDT:USDT,299.42,0.5,299.43,6.1,299.28,246656.8,71860602.818
1753507424132,05:23:44.132,bitget,AAVE/USDT:USDT,299.42,0.5,299.43,6.0,299.28,246656.8,71860602.818
1753507424450,05:23:44.450,bitget,AAVE/USDT:USDT,299.42,0.5,299.43,6.0,299.28,246656.8,71860602.818
1753507424911,05:23:44.911,bitget,AAVE/USDT:USDT,299.42,0.5,299.43,6.0,299.28,246656.8,71860602.818
1753507425762,05:23:45.762,bitget,AAVE/USDT:USDT,299.42,0.5,299.43,4.3,299.28,246656.8,71860602.818
1753507426392,05:23:46.392,bitget,AAVE/USDT:USDT,299.42,0.5,299.43,4.8,299.28,246656.8,71860602.818
1753507426701,05:23:46.701,bitget,AAVE/USDT:USDT,299.42,0.5,299.43,4.8,299.28,246656.8,71860602.818
1753507427089,05:23:47.089,bitget,AAVE/USDT:USDT,299.39,1.0,299.43,4.8,299.28,246656.8,71860602.818
1753507427439,05:23:47.439,bitget,AAVE/USDT:USDT,299.4,0.5,299.41,0.8,299.28,246656.8,71860602.818
1753507427750,05:23:47.750,bitget,AAVE/USDT:USDT,299.4,0.8,299.41,0.5,299.28,246656.8,71860602.818
1753507428063,05:23:48.063,bitget,AAVE/USDT:USDT,299.4,0.5,299.41,0.5,299.28,246656.8,71860602.818
1753507428432,05:23:48.432,bitget,AAVE/USDT:USDT,299.4,0.5,299.41,1.2,299.28,246656.8,71860602.818
1753507429204,05:23:49.204,bitget,AAVE/USDT:USDT,299.4,0.8,299.41,0.5,299.28,246656.8,71860602.818
1753507430081,05:23:50.081,bitget,AAVE/USDT:USDT,299.4,0.8,299.41,0.5,299.28,246656.8,71860602.818
1753507430491,05:23:50.491,bitget,AAVE/USDT:USDT,299.4,0.8,299.42,27.7,299.28,246656.8,71860602.818
1753507430919,05:23:50.919,bitget,AAVE/USDT:USDT,299.4,0.8,299.42,17.2,299.42,246656.8,71860602.818
1753507431500,05:23:51.500,bitget,AAVE/USDT:USDT,299.37,0.7,299.39,0.4,299.44,246656.8,71860602.818
1753507431910,05:23:51.910,bitget,AAVE/USDT:USDT,299.38,2.0,299.41,2.2,299.44,246656.8,71860602.818
1753507432256,05:23:52.256,bitget,AAVE/USDT:USDT,299.38,2.3,299.41,2.4,299.44,246656.8,71860602.818
1753507432879,05:23:52.879,bitget,AAVE/USDT:USDT,299.39,2.0,299.42,0.8,299.44,246678.8,71867190.078
1753507433224,05:23:53.224,bitget,AAVE/USDT:USDT,299.39,2.3,299.42,0.8,299.44,246678.8,71867190.078
1753507433554,05:23:53.554,bitget,AAVE/USDT:USDT,299.4,0.7,299.42,0.5,299.44,246678.8,71867190.078
1753507433865,05:23:53.865,bitget,AAVE/USDT:USDT,299.39,0.3,299.41,1.2,299.44,246678.8,71867190.078
1753507434218,05:23:54.218,bitget,AAVE/USDT:USDT,299.38,0.7,299.41,2.4,299.44,246678.8,71867190.078
1753507434633,05:23:54.633,bitget,AAVE/USDT:USDT,299.38,0.3,299.41,2.4,299.44,246656.8,71860602.818
1753507435307,05:23:55.307,bitget,AAVE/USDT:USDT,299.38,0.3,299.39,0.5,299.44,246678.8,71867190.078
1753507435662,05:23:55.662,bitget,AAVE/USDT:USDT,299.38,0.3,299.39,0.5,299.44,246678.8,71867190.078
1753507436003,05:23:56.003,bitget,AAVE/USDT:USDT,299.38,0.3,299.39,0.5,299.44,246678.8,71867190.078
1753507436630,05:23:56.630,bitget,AAVE/USDT:USDT,299.38,0.3,299.39,0.5,299.44,246678.8,71867190.078
1753507436984,05:23:56.984,bitget,AAVE/USDT:USDT,299.38,2.0,299.42,0.5,299.44,246678.8,71867190.078
1753507437296,05:23:57.296,bitget,AAVE/USDT:USDT,299.4,0.9,299.41,0.4,299.44,246678.8,71867190.078
1753507437602,05:23:57.602,bitget,AAVE/USDT:USDT,299.4,0.9,299.41,0.4,299.44,246678.8,71867190.078
1753507437908,05:23:57.908,bitget,AAVE/USDT:USDT,299.37,1.7,299.41,1.2,299.44,246678.8,71867190.078
1753507438551,05:23:58.551,bitget,AAVE/USDT:USDT,299.39,0.3,299.4,0.9,299.44,246678.8,71867190.078
1753507438863,05:23:58.863,bitget,AAVE/USDT:USDT,299.39,0.3,299.4,0.9,299.44,246678.8,71867190.078
1753507439295,05:23:59.295,bitget,AAVE/USDT:USDT,299.39,0.3,299.4,0.9,299.44,246678.8,71867190.078
1753507440153,05:24:00.153,bitget,AAVE/USDT:USDT,299.38,0.9,299.4,0.9,299.44,246616.8,71849368.486
1753507441028,05:24:01.028,bitget,AAVE/USDT:USDT,299.39,0.3,299.4,0.5,299.44,246678.8,71867190.078
1753507441375,05:24:01.375,bitget,AAVE/USDT:USDT,299.37,0.3,299.38,0.9,299.44,246678.8,71867190.078
1753507441972,05:24:01.972,bitget,AAVE/USDT:USDT,299.39,1.9,299.41,0.5,299.44,246616.8,71849368.486
1753507442316,05:24:02.316,bitget,AAVE/USDT:USDT,299.4,0.6,299.41,0.5,299.44,246616.8,71849368.486
1753507443032,05:24:03.032,bitget,AAVE/USDT:USDT,299.4,0.3,299.41,0.9,299.44,246616.8,71849368.486
1753507443382,05:24:03.382,bitget,AAVE/USDT:USDT,299.4,0.3,299.41,0.9,299.44,246616.8,71849368.486
1753507443756,05:24:03.756,bitget,AAVE/USDT:USDT,299.4,0.3,299.41,2.4,299.44,246616.8,71849368.486
1753507444072,05:24:04.072,bitget,AAVE/USDT:USDT,299.4,0.3,299.41,2.4,299.44,246616.8,71849368.486
1753507444413,05:24:04.413,bitget,AAVE/USDT:USDT,299.39,25.8,299.42,0.5,299.44,246616.8,71849368.486
1753507445070,05:24:05.070,bitget,AAVE/USDT:USDT,299.41,0.9,299.43,0.5,299.44,246616.8,71849368.486
1753507445393,05:24:05.393,bitget,AAVE/USDT:USDT,299.4,0.6,299.42,0.4,299.44,246616.8,71849368.486
1753507445755,05:24:05.755,bitget,AAVE/USDT:USDT,299.4,1.6,299.42,1.2,299.44,246616.8,71849368.486
1753507446087,05:24:06.087,bitget,AAVE/USDT:USDT,299.37,8.7,299.41,0.5,299.44,246616.8,71849368.486
1753507446405,05:24:06.405,bitget,AAVE/USDT:USDT,299.39,0.6,299.42,3.9,299.44,246616.8,71849368.486
1753507446719,05:24:06.719,bitget,AAVE/USDT:USDT,299.4,0.9,299.42,4.2,299.44,246616.8,71849368.486
1753507447101,05:24:07.101,bitget,AAVE/USDT:USDT,299.39,0.6,299.42,3.9,299.44,246616.8,71849368.486
1753507447456,05:24:07.456,bitget,AAVE/USDT:USDT,299.39,0.6,299.42,3.9,299.44,246616.8,71849368.486
1753507448086,05:24:08.086,bitget,AAVE/USDT:USDT,299.41,0.3,299.43,1.1,299.44,246616.8,71849368.486
1753507448422,05:24:08.422,bitget,AAVE/USDT:USDT,299.43,10.3,299.48,2.6,299.46,246616.8,71849368.486
1753507448754,05:24:08.754,bitget,AAVE/USDT:USDT,299.43,10.3,299.48,2.6,299.46,246616.8,71849368.486
1753507449117,05:24:09.117,bitget,AAVE/USDT:USDT,299.47,2.0,299.49,0.8,299.46,246616.8,71849368.486
1753507449491,05:24:09.491,bitget,AAVE/USDT:USDT,299.46,2.9,299.49,1.2,299.46,246616.8,71849368.486
1753507449864,05:24:09.864,bitget,AAVE/USDT:USDT,299.5,1.0,299.56,2.4,299.46,246623.0,71851225.096
1753507450180,05:24:10.180,bitget,AAVE/USDT:USDT,299.55,0.6,299.56,2.7,299.46,246623.0,71851225.096
1753507450488,05:24:10.488,bitget,AAVE/USDT:USDT,299.55,0.6,299.56,2.7,299.46,246623.0,71851225.096
1753507450841,05:24:10.841,bitget,AAVE/USDT:USDT,299.54,0.6,299.55,0.3,299.46,246616.8,71849368.486
1753507451861,05:24:11.861,bitget,AAVE/USDT:USDT,299.55,0.6,299.56,0.8,299.46,246623.0,71851225.096
1753507452241,05:24:12.241,bitget,AAVE/USDT:USDT,299.54,2.3,299.56,0.8,299.46,246623.0,71851225.096
1753507452557,05:24:12.557,bitget,AAVE/USDT:USDT,299.54,2.3,299.56,0.8,299.46,246623.0,71851225.096
1753507452869,05:24:12.869,bitget,AAVE/USDT:USDT,299.54,0.6,299.56,0.5,299.46,246623.0,71851225.096
1753507453247,05:24:13.247,bitget,AAVE/USDT:USDT,299.53,1.3,299.55,1.2,299.46,246623.0,71851225.096
1753507453580,05:24:13.580,bitget,AAVE/USDT:USDT,299.53,1.3,299.55,1.2,299.46,246623.0,71851225.096
1753507453904,05:24:13.904,bitget,AAVE/USDT:USDT,299.54,0.6,299.55,1.2,299.46,246623.0,71851225.096
1753507454309,05:24:14.309,bitget,AAVE/USDT:USDT,299.47,0.3,299.49,2.3,299.46,246623.0,71851225.096
1753507455440,05:24:15.440,bitget,AAVE/USDT:USDT,299.48,0.3,299.49,0.5,299.46,246623.0,71851225.096
1753507456090,05:24:16.090,bitget,AAVE/USDT:USDT,299.44,0.3,299.47,21.2,299.47,246623.0,71851225.096
1753507456398,05:24:16.398,bitget,AAVE/USDT:USDT,299.44,0.3,299.47,21.2,299.47,246623.0,71851225.096
1753507456739,05:24:16.739,bitget,AAVE/USDT:USDT,299.45,2.3,299.46,0.5,299.47,246623.0,71851225.096
1753507457168,05:24:17.168,bitget,AAVE/USDT:USDT,299.45,0.3,299.46,0.5,299.47,246623.0,71851225.096
1753507457526,05:24:17.526,bitget,AAVE/USDT:USDT,299.45,0.3,299.46,0.5,299.47,246626.8,71852363.088
1753507457836,05:24:17.836,bitget,AAVE/USDT:USDT,299.45,2.3,299.46,0.5,299.47,246626.8,71852363.088
1753507458165,05:24:18.165,bitget,AAVE/USDT:USDT,299.46,0.3,299.47,0.5,299.47,246626.8,71852363.088
1753507458834,05:24:18.834,bitget,AAVE/USDT:USDT,299.48,0.3,299.49,0.5,299.47,246626.8,71852363.088
1753507459153,05:24:19.153,bitget,AAVE/USDT:USDT,299.49,0.3,299.5,0.5,299.47,246623.0,71851225.096
1753507459674,05:24:19.674,bitget,AAVE/USDT:USDT,299.49,0.3,299.5,0.5,299.47,246626.8,71852363.088
1753507460924,05:24:20.924,bitget,AAVE/USDT:USDT,299.49,0.3,299.5,0.5,299.47,246626.8,71852363.088
1753507461550,05:24:21.550,bitget,AAVE/USDT:USDT,299.49,0.3,299.5,0.5,299.47,246626.8,71852363.088
1753507462485,05:24:22.485,bitget,AAVE/USDT:USDT,299.49,0.3,299.5,0.5,299.47,246626.8,71852363.088
1753507462809,05:24:22.809,bitget,AAVE/USDT:USDT,299.49,0.3,299.5,0.5,299.47,246626.8,71852363.088
1753507463120,05:24:23.120,bitget,AAVE/USDT:USDT,299.5,0.3,299.51,0.5,299.47,246626.8,71852363.088
1753507463537,05:24:23.537,bitget,AAVE/USDT:USDT,299.47,0.7,299.51,0.9,299.47,246626.8,71852363.088
1753507464221,05:24:24.221,bitget,AAVE/USDT:USDT,299.48,0.3,299.5,5.0,299.47,246626.8,71852363.088
1753507464673,05:24:24.673,bitget,AAVE/USDT:USDT,299.48,0.3,299.5,4.8,299.47,246626.8,71852363.088
1753507465175,05:24:25.175,bitget,AAVE/USDT:USDT,299.53,0.5,299.54,1.1,299.47,246626.8,71852363.088
1753507465991,05:24:25.991,bitget,AAVE/USDT:USDT,299.53,0.5,299.54,0.7,299.53,246626.8,71852363.088
1753507467152,05:24:27.152,bitget,AAVE/USDT:USDT,299.52,0.8,299.53,0.4,299.53,246636.2,71855178.446
1753507467461,05:24:27.461,bitget,AAVE/USDT:USDT,299.52,0.8,299.53,0.4,299.53,246636.2,71855178.446
1753507467776,05:24:27.776,bitget,AAVE/USDT:USDT,299.52,0.8,299.53,0.7,299.53,246636.2,71855178.446
1753507468196,05:24:28.196,bitget,AAVE/USDT:USDT,299.52,0.8,299.53,0.9,299.53,246636.2,71855178.446
1753507468534,05:24:28.534,bitget,AAVE/USDT:USDT,299.52,0.8,299.53,0.9,299.53,246636.2,71855178.446
1753507468849,05:24:28.849,bitget,AAVE/USDT:USDT,299.53,0.3,299.54,2.4,299.53,246636.2,71855178.446
1753507469200,05:24:29.200,bitget,AAVE/USDT:USDT,299.55,0.5,299.56,6.5,299.53,246636.2,71855178.446
1753507470269,05:24:30.269,bitget,AAVE/USDT:USDT,299.55,0.5,299.56,6.5,299.53,246626.8,71852363.088
1753507471080,05:24:31.080,bitget,AAVE/USDT:USDT,299.52,0.5,299.53,0.9,299.53,246636.2,71855178.446
1753507471706,05:24:31.706,bitget,AAVE/USDT:USDT,299.52,0.5,299.53,0.8,299.53,246636.2,71855178.446
1753507472083,05:24:32.083,bitget,AAVE/USDT:USDT,299.52,0.5,299.53,0.8,299.53,246636.2,71855178.446
1753507472476,05:24:32.476,bitget,AAVE/USDT:USDT,299.52,0.5,299.53,0.8,299.53,246636.2,71855178.446
1753507472861,05:24:32.861,bitget,AAVE/USDT:USDT,299.52,0.5,299.53,0.8,299.53,246636.2,71855178.446
1753507473178,05:24:33.178,bitget,AAVE/USDT:USDT,299.52,0.5,299.53,0.5,299.53,246636.2,71855178.446
1753507473543,05:24:33.543,bitget,AAVE/USDT:USDT,299.52,0.8,299.53,0.5,299.53,246636.2,71855178.446
1753507474265,05:24:34.265,bitget,AAVE/USDT:USDT,299.52,2.0,299.53,0.5,299.53,246636.2,71855178.446
1753507474585,05:24:34.585,bitget,AAVE/USDT:USDT,299.52,0.5,299.53,2.3,299.53,246636.2,71855178.446
1753507475010,05:24:35.010,bitget,AAVE/USDT:USDT,299.52,0.5,299.53,2.3,299.53,246636.2,71855178.446
1753507475685,05:24:35.685,bitget,AAVE/USDT:USDT,299.5,0.8,299.51,0.5,299.53,246636.2,71855178.446
1753507476834,05:24:36.834,bitget,AAVE/USDT:USDT,299.49,0.5,299.5,1.2,299.53,246636.2,71855178.446
1753507477201,05:24:37.201,bitget,AAVE/USDT:USDT,299.49,0.5,299.5,0.9,299.53,246636.2,71855178.446
1753507477941,05:24:37.941,bitget,AAVE/USDT:USDT,299.49,0.5,299.5,0.9,299.53,246636.2,71855178.446
1753507478587,05:24:38.587,bitget,AAVE/USDT:USDT,299.49,0.5,299.5,0.8,299.53,246636.2,71855178.446
1753507478935,05:24:38.935,bitget,AAVE/USDT:USDT,299.49,0.5,299.5,0.8,299.53,246636.2,71855178.446
1753507479590,05:24:39.590,bitget,AAVE/USDT:USDT,299.5,2.4,299.51,1.2,299.54,246636.2,71855178.446
1753507480108,05:24:40.108,bitget,AAVE/USDT:USDT,299.48,0.5,299.5,1.9,299.54,246694.4,71872611.556
1753507480422,05:24:40.422,bitget,AAVE/USDT:USDT,299.48,0.5,299.5,1.9,299.54,246694.4,71872611.556
1753507480733,05:24:40.733,bitget,AAVE/USDT:USDT,299.48,4.3,299.49,0.5,299.54,246694.4,71872611.556
1753507481126,05:24:41.126,bitget,AAVE/USDT:USDT,299.48,0.8,299.49,0.5,299.54,246694.4,71872611.556
1753507481448,05:24:41.448,bitget,AAVE/USDT:USDT,299.48,0.5,299.49,0.5,299.54,246694.4,71872611.556
1753507481760,05:24:41.760,bitget,AAVE/USDT:USDT,299.48,0.5,299.49,0.5,299.54,246694.4,71872611.556
1753507482092,05:24:42.092,bitget,AAVE/USDT:USDT,299.48,0.5,299.49,2.5,299.54,246636.2,71855178.446
1753507482865,05:24:42.865,bitget,AAVE/USDT:USDT,299.46,0.8,299.47,0.9,299.54,246694.4,71872611.556
1753507483863,05:24:43.863,bitget,AAVE/USDT:USDT,299.45,26.3,299.47,2.8,299.54,246636.2,71855178.446
1753507484435,05:24:44.435,bitget,AAVE/USDT:USDT,299.45,28.3,299.46,0.9,299.54,246694.4,71872611.556
1753507484810,05:24:44.810,bitget,AAVE/USDT:USDT,299.47,0.5,299.5,17.8,299.54,246694.4,71872611.556
1753507485318,05:24:45.318,bitget,AAVE/USDT:USDT,299.49,0.8,299.5,3.4,299.54,246694.4,71872611.556
1753507486128,05:24:46.128,bitget,AAVE/USDT:USDT,299.45,0.5,299.47,1.0,299.54,246694.4,71872611.556
1753507486547,05:24:46.547,bitget,AAVE/USDT:USDT,299.45,0.8,299.46,0.4,299.54,246694.4,71872611.556
1753507487249,05:24:47.249,bitget,AAVE/USDT:USDT,299.45,2.3,299.46,0.5,299.54,246694.4,71872611.556
