timestamp,time,exchange,symbol,bid,bidVolume,ask,askVolume,lastPrice,baseVolume,quoteVolume
1753504792751,04:39:52.751,bitget,ALGO/USDT:USDT,0.2698,24732.7,0.2699,23098.9,0.2698,58744212.8,15381613.42554
1753504793104,04:39:53.104,bitget,ALGO/USDT:USDT,0.2698,24732.7,0.2699,23098.9,0.2698,58744212.8,15381613.42554
1753504794813,04:39:54.813,bitget,ALGO/USDT:USDT,0.2698,25743.0,0.2699,3826.5,0.2698,58744212.8,15381613.42554
1753504795131,04:39:55.131,bitget,ALGO/USDT:USDT,0.2698,25743.0,0.2699,3826.5,0.2698,58744212.8,15381613.42554
1753504795511,04:39:55.511,bitget,ALGO/USDT:USDT,0.2698,25743.0,0.2699,3826.5,0.2698,58744212.8,15381613.42554
1753504795842,04:39:55.842,bitget,ALGO/USDT:USDT,0.2698,25743.0,0.2699,3826.5,0.2698,58744212.8,15381613.42554
1753504796156,04:39:56.156,bitget,ALGO/USDT:USDT,0.2698,25743.0,0.2699,3826.5,0.2698,58744212.8,15381613.42554
1753504796532,04:39:56.532,bitget,ALGO/USDT:USDT,0.2698,24732.7,0.2699,3826.5,0.2698,58744212.8,15381613.42554
1753504796900,04:39:56.900,bitget,ALGO/USDT:USDT,0.2698,25743.0,0.2699,3826.5,0.2698,58744212.8,15381613.42554
1753504797217,04:39:57.217,bitget,ALGO/USDT:USDT,0.2698,25743.0,0.2699,3826.5,0.2698,58744212.8,15381613.42554
1753504798262,04:39:58.262,bitget,ALGO/USDT:USDT,0.2698,25743.0,0.2699,7245.8,0.2698,58744212.8,15381613.42554
1753504798899,04:39:58.899,bitget,ALGO/USDT:USDT,0.2698,24732.7,0.2699,7245.8,0.2698,58744212.8,15381613.42554
1753504799274,04:39:59.274,bitget,ALGO/USDT:USDT,0.2698,24732.7,0.2699,7245.8,0.2698,58744212.8,15381613.42554
1753504799629,04:39:59.629,bitget,ALGO/USDT:USDT,0.2698,24732.7,0.2699,7245.8,0.2698,58744212.8,15381613.42554
1753504799979,04:39:59.979,bitget,ALGO/USDT:USDT,0.2698,25743.0,0.2699,7245.8,0.2698,58744212.8,15381613.42554
1753504800855,04:40:00.855,bitget,ALGO/USDT:USDT,0.2698,25743.0,0.2699,7245.8,0.2698,58731005.4,15378221.49402
1753504801681,04:40:01.681,bitget,ALGO/USDT:USDT,0.2698,24732.7,0.2699,21245.8,0.2698,58744212.8,15381613.42554
1753504802180,04:40:02.180,bitget,ALGO/USDT:USDT,0.2698,24732.7,0.2699,21245.8,0.2698,58731005.4,15378221.49402
1753504803054,04:40:03.054,bitget,ALGO/USDT:USDT,0.2698,24732.7,0.2699,21245.8,0.2698,58731005.4,15378221.49402
1753504803428,04:40:03.428,bitget,ALGO/USDT:USDT,0.2698,24732.7,0.2699,22265.1,0.2698,58731005.4,15378221.49402
1753504803757,04:40:03.757,bitget,ALGO/USDT:USDT,0.2698,24732.7,0.2699,22265.1,0.2698,58731005.4,15378221.49402
1753504804068,04:40:04.068,bitget,ALGO/USDT:USDT,0.2698,24732.7,0.2699,22265.1,0.2698,58731005.4,15378221.49402
1753504804405,04:40:04.405,bitget,ALGO/USDT:USDT,0.2698,19626.4,0.2699,27031.6,0.2698,58731005.4,15378221.49402
1753504804852,04:40:04.852,bitget,ALGO/USDT:USDT,0.2698,19626.4,0.2699,27031.6,0.2698,58731005.4,15378221.49402
1753504805865,04:40:05.865,bitget,ALGO/USDT:USDT,0.2698,23888.5,0.2699,21245.8,0.2698,58731005.4,15378221.49402
1753504806179,04:40:06.179,bitget,ALGO/USDT:USDT,0.2698,23888.5,0.2699,21245.8,0.2698,58731005.4,15378221.49402
1753504806507,04:40:06.507,bitget,ALGO/USDT:USDT,0.2698,23888.5,0.2699,21245.8,0.2698,58731005.4,15378221.49402
1753504806889,04:40:06.889,bitget,ALGO/USDT:USDT,0.2698,12630.7,0.27,89686.9,0.2698,58731005.4,15378221.49402
1753504807251,04:40:07.251,bitget,ALGO/USDT:USDT,0.2699,5097.7,0.27,72244.4,0.2698,58731005.4,15378221.49402
1753504807567,04:40:07.567,bitget,ALGO/USDT:USDT,0.2699,5097.7,0.27,72244.4,0.2698,58731005.4,15378221.49402
1753504808222,04:40:08.222,bitget,ALGO/USDT:USDT,0.2699,14835.6,0.27,72244.4,0.2698,58731005.4,15378221.49402
1753504808554,04:40:08.554,bitget,ALGO/USDT:USDT,0.2699,19097.7,0.27,72244.4,0.2698,58731005.4,15378221.49402
1753504808865,04:40:08.865,bitget,ALGO/USDT:USDT,0.2699,19097.7,0.27,72244.4,0.2698,58731005.4,15378221.49402
1753504809570,04:40:09.570,bitget,ALGO/USDT:USDT,0.2699,19097.7,0.27,9171.6,0.2698,58731005.4,15378221.49402
1753504809886,04:40:09.886,bitget,ALGO/USDT:USDT,0.2699,19097.7,0.27,9171.6,0.2698,58731005.4,15378221.49402
1753504810839,04:40:10.839,bitget,ALGO/USDT:USDT,0.2699,19097.7,0.27,25078.2,0.2698,58731005.4,15378221.49402
1753504811159,04:40:11.159,bitget,ALGO/USDT:USDT,0.2699,19097.7,0.27,25078.2,0.2698,58731005.4,15378221.49402
1753504811478,04:40:11.478,bitget,ALGO/USDT:USDT,0.2699,19097.7,0.27,25078.2,0.2698,58731005.4,15378221.49402
1753504811908,04:40:11.908,bitget,ALGO/USDT:USDT,0.2699,19097.7,0.27,25078.2,0.2698,58731005.4,15378221.49402
1753504812571,04:40:12.571,bitget,ALGO/USDT:USDT,0.2699,19097.7,0.27,26097.5,0.2698,58731005.4,15378221.49402
1753504812882,04:40:12.882,bitget,ALGO/USDT:USDT,0.2699,19097.7,0.27,25078.2,0.2698,58731005.4,15378221.49402
1753504813240,04:40:13.240,bitget,ALGO/USDT:USDT,0.2699,19097.7,0.27,25078.2,0.2698,58731005.4,15378221.49402
1753504813600,04:40:13.600,bitget,ALGO/USDT:USDT,0.2699,19097.7,0.27,25078.2,0.2698,58731005.4,15378221.49402
1753504813911,04:40:13.911,bitget,ALGO/USDT:USDT,0.2699,19097.7,0.27,23171.6,0.2698,58731005.4,15378221.49402
1753504814683,04:40:14.683,bitget,ALGO/USDT:USDT,0.2699,19097.7,0.27,23171.6,0.2698,58731005.4,15378221.49402
1753504815000,04:40:15.000,bitget,ALGO/USDT:USDT,0.2699,19097.7,0.27,23171.6,0.2698,58731005.4,15378221.49402
1753504815323,04:40:15.323,bitget,ALGO/USDT:USDT,0.2699,19097.7,0.27,23171.6,0.2698,58731005.4,15378221.49402
1753504815706,04:40:15.706,bitget,ALGO/USDT:USDT,0.2699,19097.7,0.27,23171.6,0.2698,58731005.4,15378221.49402
1753504816032,04:40:16.032,bitget,ALGO/USDT:USDT,0.2699,25146.2,0.27,7.0,0.2698,58731005.4,15378221.49402
1753504816705,04:40:16.705,bitget,ALGO/USDT:USDT,0.2699,25146.2,0.27,7.0,0.2698,58731005.4,15378221.49402
1753504817586,04:40:17.586,bitget,ALGO/USDT:USDT,0.2699,18049.9,0.27,7.0,0.2699,58731005.4,15378221.49402
1753504817905,04:40:17.905,bitget,ALGO/USDT:USDT,0.2699,24956.5,0.27,7.0,0.2699,58731005.4,15378221.49402
1753504818258,04:40:18.258,bitget,ALGO/USDT:USDT,0.2699,24956.5,0.27,7.0,0.2699,58743159.4,15381501.85862
1753504818605,04:40:18.605,bitget,ALGO/USDT:USDT,0.2699,24956.5,0.27,7.0,0.2699,58743159.4,15381501.85862
1753504818916,04:40:18.916,bitget,ALGO/USDT:USDT,0.2699,24956.5,0.27,7.0,0.2699,58743159.4,15381501.85862
1753504819256,04:40:19.256,bitget,ALGO/USDT:USDT,0.2699,24956.5,0.27,11007.0,0.2699,58743159.4,15381501.85862
1753504819634,04:40:19.634,bitget,ALGO/USDT:USDT,0.2699,24956.5,0.27,11007.0,0.2699,58743159.4,15381501.85862
1753504819947,04:40:19.947,bitget,ALGO/USDT:USDT,0.2699,24956.5,0.27,11007.0,0.2699,58743159.4,15381501.85862
1753504820257,04:40:20.257,bitget,ALGO/USDT:USDT,0.2699,24956.5,0.27,11007.0,0.2699,58743159.4,15381501.85862
1753504820602,04:40:20.602,bitget,ALGO/USDT:USDT,0.2699,24956.5,0.27,11007.0,0.2699,58743159.4,15381501.85862
1753504820930,04:40:20.930,bitget,ALGO/USDT:USDT,0.2699,24956.5,0.27,11007.0,0.2699,58743159.4,15381501.85862
1753504821245,04:40:21.245,bitget,ALGO/USDT:USDT,0.2699,24956.5,0.27,11007.0,0.2699,58743159.4,15381501.85862
1753504821557,04:40:21.557,bitget,ALGO/USDT:USDT,0.2699,24956.5,0.27,11007.0,0.2699,58743159.4,15381501.85862
1753504821933,04:40:21.933,bitget,ALGO/USDT:USDT,0.2699,24956.5,0.27,15269.1,0.2699,58743159.4,15381501.85862
1753504822281,04:40:22.281,bitget,ALGO/USDT:USDT,0.2699,24956.5,0.27,15269.1,0.2699,58743159.4,15381501.85862
1753504822584,04:40:22.584,bitget,ALGO/USDT:USDT,0.2699,24956.5,0.27,15269.1,0.2699,58743159.4,15381501.85862
1753504822945,04:40:22.945,bitget,ALGO/USDT:USDT,0.2699,24956.5,0.27,15269.1,0.2699,58743159.4,15381501.85862
1753504823692,04:40:23.692,bitget,ALGO/USDT:USDT,0.2699,24956.5,0.27,15269.1,0.2699,58743159.4,15381501.85862
1753504824019,04:40:24.019,bitget,ALGO/USDT:USDT,0.2699,9291.3,0.27,24178.7,0.2699,58743159.4,15381501.85862
1753504824407,04:40:24.407,bitget,ALGO/USDT:USDT,0.2699,9291.3,0.27,23159.4,0.2699,58743159.4,15381501.85862
1753504824750,04:40:24.750,bitget,ALGO/USDT:USDT,0.2699,9291.3,0.27,23159.4,0.2699,58743159.4,15381501.85862
1753504825054,04:40:25.054,bitget,ALGO/USDT:USDT,0.2699,9291.3,0.27,23159.4,0.2699,58743159.4,15381501.85862
1753504825373,04:40:25.373,bitget,ALGO/USDT:USDT,0.2699,9291.3,0.27,24178.7,0.2699,58743159.4,15381501.85862
1753504826052,04:40:26.052,bitget,ALGO/USDT:USDT,0.2699,5029.2,0.27,24178.7,0.2699,58743159.4,15381501.85862
1753504826378,04:40:26.378,bitget,ALGO/USDT:USDT,0.2699,5029.2,0.27,24178.7,0.2699,58743159.4,15381501.85862
1753504826736,04:40:26.736,bitget,ALGO/USDT:USDT,0.2699,5029.2,0.27,24178.7,0.2699,58743159.4,15381501.85862
1753504827193,04:40:27.193,bitget,ALGO/USDT:USDT,0.2698,12630.7,0.2699,21137.5,0.2699,58743159.4,15381501.85862
1753504827957,04:40:27.957,bitget,ALGO/USDT:USDT,0.2698,26630.7,0.2699,21137.5,0.2699,58743159.4,15381501.85862
1753504828764,04:40:28.764,bitget,ALGO/USDT:USDT,0.2698,26630.7,0.2699,21137.5,0.2699,58743159.4,15381501.85862
1753504829768,04:40:29.768,bitget,ALGO/USDT:USDT,0.2698,26630.7,0.2699,21137.5,0.2699,58743159.4,15381501.85862
1753504830090,04:40:30.090,bitget,ALGO/USDT:USDT,0.2699,17323.1,0.27,14785.8,0.2699,58743159.4,15381501.85862
1753504830499,04:40:30.499,bitget,ALGO/USDT:USDT,0.2699,21585.2,0.27,14785.8,0.2699,58743159.4,15381501.85862
1753504830854,04:40:30.854,bitget,ALGO/USDT:USDT,0.2699,21585.2,0.27,14785.8,0.2699,58743159.4,15381501.85862
1753504831168,04:40:31.168,bitget,ALGO/USDT:USDT,0.2699,21585.2,0.27,28785.8,0.2699,58743159.4,15381501.85862
1753504832000,04:40:32.000,bitget,ALGO/USDT:USDT,0.2699,21585.2,0.27,28785.8,0.2699,58743159.4,15381501.85862
1753504832559,04:40:32.559,bitget,ALGO/USDT:USDT,0.2699,21585.2,0.27,28785.8,0.2699,58743159.4,15381501.85862
