timestamp,time,exchange,symbol,bid,bidVolume,ask,askVolume,lastPrice,baseVolume,quoteVolume
1753507242563,05:20:42.563,bitmart,ACH/USDT:USDT,0.022328,14002.0,0.0224,710.0,0.022366,,381714508.0
1753507245527,05:20:45.527,bitmart,ACH/USDT:USDT,0.022328,14002.0,0.022399,133.0,0.022366,,381727624.0
1753507246518,05:20:46.518,bitmart,ACH/USDT:USDT,0.022328,14002.0,0.022399,131.0,0.022366,,381727624.0
1753507247614,05:20:47.614,bitmart,ACH/USDT:USDT,0.022328,14002.0,0.022405,1904.0,0.022365,,381732726.0
1753507248507,05:20:48.507,bitmart,ACH/USDT:USDT,0.022328,14002.0,0.022405,1904.0,0.022365,,381732726.0
1753507249520,05:20:49.520,bitmart,ACH/USDT:USDT,0.022328,14002.0,0.022405,1674.0,0.022366,,381739920.0
1753507250512,05:20:50.512,bitmart,ACH/USDT:USDT,0.022328,14002.0,0.022405,16548.0,0.022366,,381739920.0
1753507251612,05:20:51.612,bitmart,ACH/USDT:USDT,0.022328,14002.0,0.022399,22358.0,0.022365,,381748636.0
1753507253620,05:20:53.620,bitmart,ACH/USDT:USDT,0.022328,14002.0,0.022399,24572.0,0.022364,,381754654.0
1753507254509,05:20:54.509,bitmart,ACH/USDT:USDT,0.022328,14002.0,0.022399,25209.0,0.022364,,381754654.0
1753507255612,05:20:55.612,bitmart,ACH/USDT:USDT,0.022328,14002.0,0.022399,22536.0,0.022365,,381762626.0
1753507256509,05:20:56.509,bitmart,ACH/USDT:USDT,0.022328,14002.0,0.022399,25389.0,0.022365,,381762626.0
1753507258614,05:20:58.614,bitmart,ACH/USDT:USDT,0.022328,14002.0,0.022399,21645.0,0.022365,,381774804.0
1753507259622,05:20:59.622,bitmart,ACH/USDT:USDT,0.022328,32325.0,0.022402,21420.0,0.022366,,381796730.0
1753507260627,05:21:00.627,bitmart,ACH/USDT:USDT,0.022328,32325.0,0.022402,21420.0,0.022366,,381535916.0
1753507262622,05:21:02.622,bitmart,ACH/USDT:USDT,0.022332,1785.0,0.022402,21420.0,0.022367,,381562000.0
1753507263518,05:21:03.518,bitmart,ACH/USDT:USDT,0.022334,5612.0,0.022402,21420.0,0.022367,,381562000.0
1753507264521,05:21:04.521,bitmart,ACH/USDT:USDT,0.022334,1862.0,0.022402,21420.0,0.022369,,381568860.0
1753507265519,05:21:05.519,bitmart,ACH/USDT:USDT,0.022334,6732.0,0.022402,21420.0,0.022369,,381568860.0
1753507266623,05:21:06.623,bitmart,ACH/USDT:USDT,0.022334,1091.0,0.022402,21420.0,0.02237,,381577506.0
1753507267528,05:21:07.528,bitmart,ACH/USDT:USDT,0.022334,1008.0,0.022402,21420.0,0.02237,,381577506.0
1753507268532,05:21:08.532,bitmart,ACH/USDT:USDT,0.022334,7431.0,0.022402,21420.0,0.022371,,381583298.0
1753507270610,05:21:10.610,bitmart,ACH/USDT:USDT,0.022334,7465.0,0.022402,21420.0,0.022373,,381589330.0
1753507271505,05:21:11.505,bitmart,ACH/USDT:USDT,0.022334,7465.0,0.022402,21420.0,0.022373,,381589330.0
1753507272521,05:21:12.521,bitmart,ACH/USDT:USDT,0.022338,6672.0,0.022402,21420.0,0.022374,,381596162.0
1753507273519,05:21:13.519,bitmart,ACH/USDT:USDT,0.022338,5807.0,0.022402,21420.0,0.022374,,381596162.0
1753507274539,05:21:14.539,bitmart,ACH/USDT:USDT,0.022338,5207.0,0.022402,21420.0,0.022374,,381596162.0
1753507275532,05:21:15.532,bitmart,ACH/USDT:USDT,0.022339,5331.0,0.022402,21420.0,0.022375,,381601476.0
1753507276519,05:21:16.519,bitmart,ACH/USDT:USDT,0.022339,5827.0,0.022402,21420.0,0.022375,,381601476.0
1753507277603,05:21:17.603,bitmart,ACH/USDT:USDT,0.022339,6113.0,0.022402,21420.0,0.022374,,381607126.0
1753507278515,05:21:18.515,bitmart,ACH/USDT:USDT,0.022339,896.0,0.022413,1722.0,0.022374,,381607126.0
1753507279578,05:21:19.578,bitmart,ACH/USDT:USDT,0.022339,896.0,0.022413,1722.0,0.022376,,381613422.0
1753507281623,05:21:21.623,bitmart,ACH/USDT:USDT,0.022339,7133.0,0.022413,1722.0,0.022375,,381619162.0
1753507282534,05:21:22.534,bitmart,ACH/USDT:USDT,0.022339,7133.0,0.022413,1722.0,0.022375,,381619162.0
1753507284628,05:21:24.628,bitmart,ACH/USDT:USDT,0.022339,7133.0,0.022413,105.0,0.022378,,381626318.0
1753507285519,05:21:25.519,bitmart,ACH/USDT:USDT,0.022339,7133.0,0.022413,105.0,0.022378,,381632334.0
1753507289612,05:21:29.612,bitmart,ACH/USDT:USDT,0.022339,2296.0,0.022413,4746.0,0.022376,,381643540.0
1753507291610,05:21:31.610,bitmart,ACH/USDT:USDT,0.022339,3653.0,0.022413,9707.0,0.022377,,381652068.0
1753507292516,05:21:32.516,bitmart,ACH/USDT:USDT,0.022339,3653.0,0.022413,9707.0,0.022377,,381652068.0
1753507294520,05:21:34.520,bitmart,ACH/USDT:USDT,0.022339,3653.0,0.022413,9707.0,0.022376,,381659566.0
1753507295617,05:21:35.617,bitmart,ACH/USDT:USDT,0.022339,3653.0,0.022413,9707.0,0.022377,,381664652.0
1753507297617,05:21:37.617,bitmart,ACH/USDT:USDT,0.022339,154.0,0.022408,7637.0,0.022374,,381670314.0
1753507300624,05:21:40.624,bitmart,ACH/USDT:USDT,0.022339,165.0,0.022409,8625.0,0.022375,,381676854.0
1753507301534,05:21:41.534,bitmart,ACH/USDT:USDT,0.022339,357.0,0.022408,7223.0,0.022375,,381676854.0
1753507302608,05:21:42.608,bitmart,ACH/USDT:USDT,0.022334,34338.0,0.022413,79909.0,0.022374,,381683144.0
1753507303526,05:21:43.526,bitmart,ACH/USDT:USDT,0.022339,329.0,0.022408,9635.0,0.022374,,381683144.0
1753507304609,05:21:44.609,bitmart,ACH/USDT:USDT,0.022339,388.0,0.022408,7860.0,0.022374,,381690430.0
1753507305619,05:21:45.619,bitmart,ACH/USDT:USDT,0.022339,455.0,0.022408,8312.0,0.022373,,381698340.0
1753507306517,05:21:46.517,bitmart,ACH/USDT:USDT,0.022339,345.0,0.022408,8370.0,0.022373,,381698340.0
1753507308520,05:21:48.520,bitmart,ACH/USDT:USDT,0.022339,305.0,0.022408,8003.0,0.022374,,381703828.0
1753507309507,05:21:49.507,bitmart,ACH/USDT:USDT,0.022339,338.0,0.022408,10342.0,0.022374,,381703828.0
1753507310611,05:21:50.611,bitmart,ACH/USDT:USDT,0.022339,452.0,0.022408,7228.0,0.022375,,381711612.0
1753507311519,05:21:51.519,bitmart,ACH/USDT:USDT,0.022339,293.0,0.022408,2644.0,0.022375,,381711612.0
1753507312521,05:21:52.521,bitmart,ACH/USDT:USDT,0.022339,6808.0,0.022408,3408.0,0.022374,,381718626.0
1753507313530,05:21:53.530,bitmart,ACH/USDT:USDT,0.022339,6502.0,0.022408,10557.0,0.022374,,381718626.0
1753507315521,05:21:55.521,bitmart,ACH/USDT:USDT,0.022339,10409.0,0.022408,7457.0,0.022374,,381725048.0
1753507316521,05:21:56.521,bitmart,ACH/USDT:USDT,0.022334,34338.0,0.022413,79909.0,0.022374,,381725048.0
1753507317616,05:21:57.616,bitmart,ACH/USDT:USDT,0.022338,9653.0,0.022413,79909.0,0.022375,,381733090.0
1753507318524,05:21:58.524,bitmart,ACH/USDT:USDT,0.022339,7484.0,0.022408,9556.0,0.022374,,381741854.0
1753507320610,05:22:00.610,bitmart,ACH/USDT:USDT,0.022334,34338.0,0.022413,79909.0,0.022373,,381510428.0
1753507321531,05:22:01.531,bitmart,ACH/USDT:USDT,0.022339,10432.0,0.022408,157.0,0.022374,,381532068.0
1753507322547,05:22:02.547,bitmart,ACH/USDT:USDT,0.022339,7912.0,0.022408,6888.0,0.022375,,381540246.0
1753507325505,05:22:05.505,bitmart,ACH/USDT:USDT,0.022339,8898.0,0.022408,11494.0,0.022374,,381547640.0
1753507327517,05:22:07.517,bitmart,ACH/USDT:USDT,0.022339,7500.0,0.022409,10874.0,0.022375,,381554970.0
1753507328517,05:22:08.517,bitmart,ACH/USDT:USDT,0.022339,10417.0,0.022408,11866.0,0.022374,,381563848.0
1753507329514,05:22:09.514,bitmart,ACH/USDT:USDT,0.022339,7006.0,0.022408,10046.0,0.022374,,381563848.0
1753507330620,05:22:10.620,bitmart,ACH/USDT:USDT,0.022339,7572.0,0.022408,8638.0,0.022375,,381569384.0
1753507331512,05:22:11.512,bitmart,ACH/USDT:USDT,0.022339,9798.0,0.022408,9062.0,0.022375,,381569384.0
1753507332524,05:22:12.524,bitmart,ACH/USDT:USDT,0.022339,7673.0,0.022408,10868.0,0.022374,,381575630.0
1753507333518,05:22:13.518,bitmart,ACH/USDT:USDT,0.022339,9344.0,0.022408,10928.0,0.022374,,381575630.0
1753507335510,05:22:15.510,bitmart,ACH/USDT:USDT,0.022339,8429.0,0.022408,12143.0,0.022373,,381581426.0
1753507336525,05:22:16.525,bitmart,ACH/USDT:USDT,0.022339,10116.0,0.022408,8171.0,0.022374,,381585962.0
1753507337606,05:22:17.606,bitmart,ACH/USDT:USDT,0.022338,9357.0,0.022408,11239.0,0.022374,,381585962.0
1753507338622,05:22:18.622,bitmart,ACH/USDT:USDT,0.022339,10487.0,0.022408,7698.0,0.022374,,381593902.0
1753507339629,05:22:19.629,bitmart,ACH/USDT:USDT,0.022334,34338.0,0.022413,79909.0,0.022375,,381600038.0
1753507340619,05:22:20.619,bitmart,ACH/USDT:USDT,0.022339,9685.0,0.022408,9501.0,0.022375,,381600038.0
1753507341632,05:22:21.632,bitmart,ACH/USDT:USDT,0.022334,34338.0,0.022413,79909.0,0.022374,,381607564.0
1753507344519,05:22:24.519,bitmart,ACH/USDT:USDT,0.02234,790.0,0.022413,368.0,0.022376,,381612784.0
1753507345636,05:22:25.636,bitmart,ACH/USDT:USDT,0.02234,790.0,0.022413,368.0,0.022377,,381621160.0
1753507346507,05:22:26.507,bitmart,ACH/USDT:USDT,0.02234,790.0,0.022413,622.0,0.022377,,381621160.0
1753507347519,05:22:27.519,bitmart,ACH/USDT:USDT,0.02234,9817.0,0.022413,173.0,0.022377,,381621160.0
1753507348528,05:22:28.528,bitmart,ACH/USDT:USDT,0.02234,9817.0,0.022413,173.0,0.022378,,381627932.0
1753507349614,05:22:29.614,bitmart,ACH/USDT:USDT,0.02234,9817.0,0.022413,173.0,0.022378,,381627932.0
1753507350622,05:22:30.622,bitmart,ACH/USDT:USDT,0.02234,9817.0,0.022413,173.0,0.022377,,381633708.0
1753507351506,05:22:31.506,bitmart,ACH/USDT:USDT,0.02234,9817.0,0.022413,173.0,0.022377,,381633708.0
1753507352625,05:22:32.625,bitmart,ACH/USDT:USDT,0.02234,9817.0,0.022413,5535.0,0.022378,,381638298.0
1753507353535,05:22:33.535,bitmart,ACH/USDT:USDT,0.02234,9817.0,0.022413,5535.0,0.022378,,381638298.0
1753507354522,05:22:34.522,bitmart,ACH/USDT:USDT,0.02234,9817.0,0.022413,7204.0,0.022377,,381645654.0
1753507355528,05:22:35.528,bitmart,ACH/USDT:USDT,0.02234,9817.0,0.022413,7204.0,0.022377,,381645654.0
1753507357507,05:22:37.507,bitmart,ACH/USDT:USDT,0.02234,9817.0,0.022413,17180.0,0.022377,,381654548.0
1753507358621,05:22:38.621,bitmart,ACH/USDT:USDT,0.02234,9817.0,0.022413,6406.0,0.022378,,381660542.0
1753507359514,05:22:39.514,bitmart,ACH/USDT:USDT,0.02234,9817.0,0.022413,6406.0,0.022378,,381660542.0
1753507360622,05:22:40.622,bitmart,ACH/USDT:USDT,0.02234,9817.0,0.022413,6406.0,0.022377,,381669254.0
1753507361510,05:22:41.510,bitmart,ACH/USDT:USDT,0.02234,9817.0,0.022413,6406.0,0.022377,,381669254.0
1753507362518,05:22:42.518,bitmart,ACH/USDT:USDT,0.02234,9817.0,0.022413,6406.0,0.022378,,381678074.0
1753507363529,05:22:43.529,bitmart,ACH/USDT:USDT,0.02234,9817.0,0.022413,6406.0,0.022378,,381678074.0
1753507364522,05:22:44.522,bitmart,ACH/USDT:USDT,0.02234,9817.0,0.022413,6406.0,0.022377,,381684400.0
1753507365512,05:22:45.512,bitmart,ACH/USDT:USDT,0.02234,9817.0,0.022413,6406.0,0.022377,,381684400.0
1753507366623,05:22:46.623,bitmart,ACH/USDT:USDT,0.02234,9817.0,0.022413,6406.0,0.022376,,381689812.0
1753507368508,05:22:48.508,bitmart,ACH/USDT:USDT,0.02234,9817.0,0.022413,6406.0,0.022377,,381696696.0
1753507369528,05:22:49.528,bitmart,ACH/USDT:USDT,0.02234,9817.0,0.022413,6406.0,0.022378,,381701602.0
1753507370521,05:22:50.521,bitmart,ACH/USDT:USDT,0.02234,9817.0,0.022413,6406.0,0.022378,,381701602.0
1753507371616,05:22:51.616,bitmart,ACH/USDT:USDT,0.02234,9817.0,0.022413,6406.0,0.022377,,381708966.0
1753507372510,05:22:52.510,bitmart,ACH/USDT:USDT,0.02234,9817.0,0.022413,6406.0,0.022377,,381708966.0
1753507375520,05:22:55.520,bitmart,ACH/USDT:USDT,0.02234,20644.0,0.022413,6406.0,0.022377,,381725190.0
1753507376520,05:22:56.520,bitmart,ACH/USDT:USDT,0.02234,20644.0,0.022413,6406.0,0.022377,,381725190.0
1753507377618,05:22:57.618,bitmart,ACH/USDT:USDT,0.02234,20644.0,0.022413,6406.0,0.022376,,381730736.0
1753507378615,05:22:58.615,bitmart,ACH/USDT:USDT,0.02234,20644.0,0.022413,6406.0,0.022376,,381745834.0
1753507380643,05:23:00.643,bitmart,ACH/USDT:USDT,0.02234,20644.0,0.022413,6406.0,0.022377,,381516016.0
1753507381530,05:23:01.530,bitmart,ACH/USDT:USDT,0.02234,20644.0,0.022413,6406.0,0.022378,,381526610.0
1753507382536,05:23:02.536,bitmart,ACH/USDT:USDT,0.02234,20644.0,0.022413,6406.0,0.022377,,381533374.0
1753507383519,05:23:03.519,bitmart,ACH/USDT:USDT,0.02234,20644.0,0.022413,6406.0,0.022377,,381533374.0
1753507384614,05:23:04.614,bitmart,ACH/USDT:USDT,0.02234,20644.0,0.022413,5041.0,0.022378,,381541264.0
1753507385616,05:23:05.616,bitmart,ACH/USDT:USDT,0.02234,20644.0,0.022413,5041.0,0.022377,,381548958.0
1753507386512,05:23:06.512,bitmart,ACH/USDT:USDT,0.02234,20644.0,0.022413,5041.0,0.022377,,381548958.0
1753507388515,05:23:08.515,bitmart,ACH/USDT:USDT,0.02234,8401.0,0.022418,21721.0,0.022379,,381556584.0
1753507390603,05:23:10.603,bitmart,ACH/USDT:USDT,0.022345,37850.0,0.022418,22329.0,0.022381,,381564660.0
1753507391518,05:23:11.518,bitmart,ACH/USDT:USDT,0.022345,44368.0,0.022418,22329.0,0.022381,,381564660.0
1753507392597,05:23:12.597,bitmart,ACH/USDT:USDT,0.022345,42734.0,0.022418,21684.0,0.022381,,381570450.0
1753507394516,05:23:14.516,bitmart,ACH/USDT:USDT,0.022345,35684.0,0.022418,22515.0,0.02238,,381578274.0
1753507395618,05:23:15.618,bitmart,ACH/USDT:USDT,0.022345,63270.0,0.022418,27485.0,0.022383,,381584896.0
1753507396504,05:23:16.504,bitmart,ACH/USDT:USDT,0.022345,63270.0,0.022418,27485.0,0.022383,,381584896.0
1753507397523,05:23:17.523,bitmart,ACH/USDT:USDT,0.02235,7479.0,0.022418,21422.0,0.022385,,381592606.0
1753507398514,05:23:18.514,bitmart,ACH/USDT:USDT,0.02235,15297.0,0.022418,21422.0,0.022385,,381592606.0
1753507399622,05:23:19.622,bitmart,ACH/USDT:USDT,0.02235,15297.0,0.022418,21422.0,0.022386,,381597410.0
1753507400532,05:23:20.532,bitmart,ACH/USDT:USDT,0.022345,108480.0,0.022418,21422.0,0.022386,,381597410.0
1753507401517,05:23:21.517,bitmart,ACH/USDT:USDT,0.02235,787.0,0.022418,21422.0,0.022386,,381597410.0
1753507403518,05:23:23.518,bitmart,ACH/USDT:USDT,0.02235,14987.0,0.022418,21422.0,0.022385,,381604700.0
1753507404618,05:23:24.618,bitmart,ACH/USDT:USDT,0.02235,25612.0,0.022418,21422.0,0.022387,,381613594.0
1753507405524,05:23:25.524,bitmart,ACH/USDT:USDT,0.02235,37360.0,0.022418,21422.0,0.022387,,381613594.0
1753507406562,05:23:26.562,bitmart,ACH/USDT:USDT,0.02235,37360.0,0.022418,21422.0,0.022386,,381620850.0
1753507407507,05:23:27.507,bitmart,ACH/USDT:USDT,0.02235,37360.0,0.022418,21422.0,0.022386,,381620850.0
1753507408626,05:23:28.626,bitmart,ACH/USDT:USDT,0.02235,37360.0,0.022418,21422.0,0.022387,,381627322.0
1753507411553,05:23:31.553,bitmart,ACH/USDT:USDT,0.02235,58372.0,0.022418,21422.0,0.022388,,381634932.0
1753507412553,05:23:32.553,bitmart,ACH/USDT:USDT,0.02235,58372.0,0.022418,21422.0,0.022387,,381643850.0
1753507413522,05:23:33.522,bitmart,ACH/USDT:USDT,0.022345,66466.0,0.022418,21422.0,0.022387,,381643850.0
1753507414614,05:23:34.614,bitmart,ACH/USDT:USDT,0.022345,66466.0,0.022418,21422.0,0.022383,,381649700.0
1753507415551,05:23:35.551,bitmart,ACH/USDT:USDT,0.022345,66466.0,0.022417,329.0,0.022383,,381649700.0
1753507416601,05:23:36.601,bitmart,ACH/USDT:USDT,0.022345,66466.0,0.022417,492.0,0.022383,,381649700.0
1753507417611,05:23:37.611,bitmart,ACH/USDT:USDT,0.022345,66466.0,0.022418,21422.0,0.022383,,381656736.0
1753507418514,05:23:38.514,bitmart,ACH/USDT:USDT,0.022345,66466.0,0.022417,655.0,0.022383,,381656736.0
1753507419624,05:23:39.624,bitmart,ACH/USDT:USDT,0.022345,66466.0,0.022418,21422.0,0.022384,,381665264.0
1753507420504,05:23:40.504,bitmart,ACH/USDT:USDT,0.022345,66466.0,0.022417,584.0,0.022384,,381665264.0
1753507421613,05:23:41.613,bitmart,ACH/USDT:USDT,0.022345,66466.0,0.022417,664.0,0.022383,,381671860.0
1753507422505,05:23:42.505,bitmart,ACH/USDT:USDT,0.022345,66466.0,0.022417,495.0,0.022383,,381671860.0
1753507424511,05:23:44.511,bitmart,ACH/USDT:USDT,0.022345,66466.0,0.022417,641.0,0.022384,,381678958.0
1753507426509,05:23:46.509,bitmart,ACH/USDT:USDT,0.022345,66466.0,0.022417,554.0,0.022383,,381685814.0
1753507427523,05:23:47.523,bitmart,ACH/USDT:USDT,0.022345,66466.0,0.022417,477.0,0.022384,,381692964.0
1753507428507,05:23:48.507,bitmart,ACH/USDT:USDT,0.022345,66466.0,0.022417,669.0,0.022384,,381692964.0
1753507430509,05:23:50.509,bitmart,ACH/USDT:USDT,0.022345,66466.0,0.022417,703.0,0.022383,,381701538.0
1753507431516,05:23:51.516,bitmart,ACH/USDT:USDT,0.022345,66466.0,0.022418,21422.0,0.022382,,381706316.0
1753507432507,05:23:52.507,bitmart,ACH/USDT:USDT,0.022345,66466.0,0.022417,4684.0,0.022382,,381706316.0
1753507433621,05:23:53.621,bitmart,ACH/USDT:USDT,0.022345,66466.0,0.022417,3953.0,0.022383,,381711622.0
1753507434506,05:23:54.506,bitmart,ACH/USDT:USDT,0.022345,66466.0,0.022417,3915.0,0.022383,,381711622.0
1753507435619,05:23:55.619,bitmart,ACH/USDT:USDT,0.022345,66466.0,0.022417,5425.0,0.022383,,381718462.0
1753507436508,05:23:56.508,bitmart,ACH/USDT:USDT,0.022345,66466.0,0.022417,4414.0,0.022383,,381718462.0
1753507437524,05:23:57.524,bitmart,ACH/USDT:USDT,0.022345,66466.0,0.022417,3964.0,0.022382,,381726612.0
1753507439525,05:23:59.525,bitmart,ACH/USDT:USDT,0.022345,101397.0,0.022418,21422.0,0.022383,,381758842.0
1753507440523,05:24:00.523,bitmart,ACH/USDT:USDT,0.022345,101397.0,0.022417,4972.0,0.022383,,381506726.0
1753507442619,05:24:02.619,bitmart,ACH/USDT:USDT,0.022345,101397.0,0.022417,9252.0,0.022384,,381524290.0
1753507443519,05:24:03.519,bitmart,ACH/USDT:USDT,0.022345,101397.0,0.022417,8985.0,0.022384,,381524290.0
1753507444613,05:24:04.613,bitmart,ACH/USDT:USDT,0.022345,28584.0,0.022418,21422.0,0.022383,,381532292.0
1753507445521,05:24:05.521,bitmart,ACH/USDT:USDT,0.022345,20113.0,0.022418,21422.0,0.022383,,381532292.0
1753507447530,05:24:07.530,bitmart,ACH/USDT:USDT,0.022345,20113.0,0.022418,21422.0,0.022384,,381538616.0
1753507448640,05:24:08.640,bitmart,ACH/USDT:USDT,0.022345,20113.0,0.022418,21422.0,0.022384,,381547352.0
1753507449509,05:24:09.509,bitmart,ACH/USDT:USDT,0.022345,63102.0,0.022418,21422.0,0.022384,,381547352.0
1753507450613,05:24:10.613,bitmart,ACH/USDT:USDT,0.022345,63102.0,0.022418,21422.0,0.022383,,381552408.0
1753507451506,05:24:11.506,bitmart,ACH/USDT:USDT,0.022345,63102.0,0.022418,21422.0,0.022383,,381552408.0
1753507453516,05:24:13.516,bitmart,ACH/USDT:USDT,0.022345,63102.0,0.022418,21422.0,0.022384,,381559996.0
1753507454520,05:24:14.520,bitmart,ACH/USDT:USDT,0.02235,13941.0,0.022418,21422.0,0.022385,,381568018.0
1753507455508,05:24:15.508,bitmart,ACH/USDT:USDT,0.02235,12286.0,0.022418,21422.0,0.022385,,381568018.0
1753507457525,05:24:17.525,bitmart,ACH/USDT:USDT,0.02235,47483.0,0.022418,21422.0,0.022386,,381574006.0
1753507459527,05:24:19.527,bitmart,ACH/USDT:USDT,0.022345,112199.0,0.022418,21422.0,0.022385,,381582014.0
1753507462612,05:24:22.612,bitmart,ACH/USDT:USDT,0.022345,112199.0,0.022418,21422.0,0.022385,,381594088.0
1753507463553,05:24:23.553,bitmart,ACH/USDT:USDT,0.02235,16759.0,0.022418,21422.0,0.022385,,381594088.0
1753507465516,05:24:25.516,bitmart,ACH/USDT:USDT,0.02235,38038.0,0.022418,21422.0,0.022386,,381602896.0
1753507466521,05:24:26.521,bitmart,ACH/USDT:USDT,0.02235,34883.0,0.022418,21422.0,0.022387,,381610124.0
1753507467505,05:24:27.505,bitmart,ACH/USDT:USDT,0.02235,40308.0,0.022418,21422.0,0.022387,,381610124.0
1753507470506,05:24:30.506,bitmart,ACH/USDT:USDT,0.02235,64969.0,0.022418,21422.0,0.022386,,381615016.0
1753507471616,05:24:31.616,bitmart,ACH/USDT:USDT,0.02235,18369.0,0.022418,21422.0,0.022388,,381621260.0
1753507472510,05:24:32.510,bitmart,ACH/USDT:USDT,0.02235,18369.0,0.022418,21422.0,0.022388,,381621260.0
1753507473530,05:24:33.530,bitmart,ACH/USDT:USDT,0.02235,18369.0,0.022418,21422.0,0.022388,,381629110.0
1753507474518,05:24:34.518,bitmart,ACH/USDT:USDT,0.02235,18369.0,0.022418,21422.0,0.022388,,381629110.0
1753507475525,05:24:35.525,bitmart,ACH/USDT:USDT,0.02235,18369.0,0.022418,21422.0,0.022389,,381634630.0
1753507476512,05:24:36.512,bitmart,ACH/USDT:USDT,0.02235,18369.0,0.022418,21422.0,0.022389,,381634630.0
1753507478520,05:24:38.520,bitmart,ACH/USDT:USDT,0.02235,72053.0,0.022418,21422.0,0.022389,,381642002.0
1753507479622,05:24:39.622,bitmart,ACH/USDT:USDT,0.022345,894.0,0.022418,21422.0,0.022389,,381649882.0
1753507480520,05:24:40.520,bitmart,ACH/USDT:USDT,0.02235,23032.0,0.022418,21422.0,0.022389,,381649882.0
1753507482515,05:24:42.515,bitmart,ACH/USDT:USDT,0.02235,20528.0,0.022418,21422.0,0.022385,,381657918.0
1753507484517,05:24:44.517,bitmart,ACH/USDT:USDT,0.02235,26501.0,0.022418,21422.0,0.022385,,381665200.0
1753507486519,05:24:46.519,bitmart,ACH/USDT:USDT,0.022345,89528.0,0.022418,21422.0,0.022386,,381671086.0
1753507488510,05:24:48.510,bitmart,ACH/USDT:USDT,0.02235,20980.0,0.022418,21422.0,0.022385,,381678066.0
1753507489519,05:24:49.519,bitmart,ACH/USDT:USDT,0.02235,21619.0,0.022418,21422.0,0.022384,,381684504.0
1753507490511,05:24:50.511,bitmart,ACH/USDT:USDT,0.02235,23873.0,0.022418,21422.0,0.022384,,381684504.0
1753507491532,05:24:51.532,bitmart,ACH/USDT:USDT,0.02235,19394.0,0.022418,21422.0,0.022385,,381692100.0
1753507492509,05:24:52.509,bitmart,ACH/USDT:USDT,0.02235,24074.0,0.022418,21422.0,0.022385,,381692100.0
1753507493511,05:24:53.511,bitmart,ACH/USDT:USDT,0.02235,22734.0,0.022418,21422.0,0.022385,,381692100.0
1753507495518,05:24:55.518,bitmart,ACH/USDT:USDT,0.02235,48927.0,0.022418,21422.0,0.022386,,381700674.0
1753507497522,05:24:57.522,bitmart,ACH/USDT:USDT,0.02235,11582.0,0.022418,21422.0,0.022387,,381708750.0
1753507498619,05:24:58.619,bitmart,ACH/USDT:USDT,0.02235,29601.0,0.022418,21422.0,0.022387,,381722276.0
1753507499535,05:24:59.535,bitmart,ACH/USDT:USDT,0.02235,12844.0,0.022418,21422.0,0.022389,,381740010.0
1753507500548,05:25:00.548,bitmart,ACH/USDT:USDT,0.02235,12844.0,0.022428,362.0,0.022389,,381485102.0
1753507502522,05:25:02.522,bitmart,ACH/USDT:USDT,0.02235,656.0,0.022422,3808.0,0.022388,,381515398.0
1753507503536,05:25:03.536,bitmart,ACH/USDT:USDT,0.02235,4099.0,0.022422,3125.0,0.022388,,381515398.0
1753507504621,05:25:04.621,bitmart,ACH/USDT:USDT,0.02235,4099.0,0.022423,7000.0,0.022387,,381524214.0
1753507505518,05:25:05.518,bitmart,ACH/USDT:USDT,0.02235,62209.0,0.022428,11142.0,0.022387,,381524214.0
1753507506618,05:25:06.618,bitmart,ACH/USDT:USDT,0.022355,9857.0,0.022428,788.0,0.02239,,381531762.0
1753507507521,05:25:07.521,bitmart,ACH/USDT:USDT,0.022355,7884.0,0.022428,5608.0,0.02239,,381531762.0
1753507509522,05:25:09.522,bitmart,ACH/USDT:USDT,0.022355,7005.0,0.022428,911.0,0.022391,,381537012.0
1753507510514,05:25:10.514,bitmart,ACH/USDT:USDT,0.022355,16743.0,0.022428,541.0,0.022391,,381537012.0
1753507511622,05:25:11.622,bitmart,ACH/USDT:USDT,0.022355,13232.0,0.022428,541.0,0.02239,,381543960.0
1753507512598,05:25:12.598,bitmart,ACH/USDT:USDT,0.022355,16475.0,0.022428,541.0,0.02239,,381543960.0
1753507513521,05:25:13.521,bitmart,ACH/USDT:USDT,0.022355,15987.0,0.022428,1829.0,0.022389,,381548996.0
1753507514554,05:25:14.554,bitmart,ACH/USDT:USDT,0.022355,12636.0,0.022428,3207.0,0.022389,,381548996.0
1753507515519,05:25:15.519,bitmart,ACH/USDT:USDT,0.022355,10266.0,0.022428,3207.0,0.02239,,381554406.0
1753507516507,05:25:16.507,bitmart,ACH/USDT:USDT,0.022355,16421.0,0.022428,3207.0,0.02239,,381554406.0
1753507518509,05:25:18.509,bitmart,ACH/USDT:USDT,0.022355,12965.0,0.022428,2581.0,0.022389,,381561280.0
1753507520511,05:25:20.511,bitmart,ACH/USDT:USDT,0.022355,11811.0,0.022428,2581.0,0.02239,,381568834.0
1753507521631,05:25:21.631,bitmart,ACH/USDT:USDT,0.02235,62209.0,0.022428,2581.0,0.022389,,381577000.0
1753507523596,05:25:23.596,bitmart,ACH/USDT:USDT,0.02235,15146.0,0.022422,2863.0,0.022387,,381584676.0
1753507524614,05:25:24.614,bitmart,ACH/USDT:USDT,0.02235,15146.0,0.022422,2863.0,0.022388,,381592474.0
1753507525594,05:25:25.594,bitmart,ACH/USDT:USDT,0.02235,15146.0,0.022422,370.0,0.022388,,381592474.0
1753507526572,05:25:26.572,bitmart,ACH/USDT:USDT,0.02235,15146.0,0.022422,370.0,0.022388,,381592474.0
1753507527622,05:25:27.622,bitmart,ACH/USDT:USDT,0.02235,15146.0,0.022422,1327.0,0.022387,,381599502.0
1753507528512,05:25:28.512,bitmart,ACH/USDT:USDT,0.02235,15146.0,0.022422,1327.0,0.022387,,381599502.0
1753507530610,05:25:30.610,bitmart,ACH/USDT:USDT,0.02235,23885.0,0.022422,1327.0,0.022387,,381614618.0
1753507532546,05:25:32.546,bitmart,ACH/USDT:USDT,0.02235,23885.0,0.022422,1327.0,0.022388,,381619962.0
1753507533598,05:25:33.598,bitmart,ACH/USDT:USDT,0.02235,10671.0,0.022422,1327.0,0.022388,,381619962.0
1753507537519,05:25:37.519,bitmart,ACH/USDT:USDT,0.02235,10671.0,0.022422,1327.0,0.022388,,381633776.0
1753507541522,05:25:41.522,bitmart,ACH/USDT:USDT,0.02235,10671.0,0.022422,1341.0,0.022387,,381642966.0
1753507542608,05:25:42.608,bitmart,ACH/USDT:USDT,0.02235,10671.0,0.022422,1341.0,0.022388,,381648678.0
1753507544605,05:25:44.605,bitmart,ACH/USDT:USDT,0.02235,10671.0,0.022422,1543.0,0.022387,,381656718.0
1753507545510,05:25:45.510,bitmart,ACH/USDT:USDT,0.02235,10671.0,0.022422,1543.0,0.022387,,381656718.0
1753507546509,05:25:46.509,bitmart,ACH/USDT:USDT,0.02235,10671.0,0.022422,1543.0,0.022386,,381663544.0
1753507548615,05:25:48.615,bitmart,ACH/USDT:USDT,0.02235,10671.0,0.022422,1543.0,0.022387,,381669126.0
1753507549518,05:25:49.518,bitmart,ACH/USDT:USDT,0.02235,10671.0,0.022422,1543.0,0.022387,,381669126.0
1753507551510,05:25:51.510,bitmart,ACH/USDT:USDT,0.02235,10671.0,0.022422,1543.0,0.022388,,381674024.0
1753507552638,05:25:52.638,bitmart,ACH/USDT:USDT,0.022356,3357.0,0.022428,837.0,0.022389,,381682846.0
1753507553508,05:25:53.508,bitmart,ACH/USDT:USDT,0.022356,4454.0,0.022428,1142.0,0.022389,,381682846.0
1753507554603,05:25:54.603,bitmart,ACH/USDT:USDT,0.022356,5099.0,0.022428,1142.0,0.022391,,381688400.0
1753507555524,05:25:55.524,bitmart,ACH/USDT:USDT,0.022356,24882.0,0.022428,1142.0,0.022391,,381688400.0
1753507557521,05:25:57.521,bitmart,ACH/USDT:USDT,0.022356,32798.0,0.022428,201.0,0.022392,,381696374.0
1753507558620,05:25:58.620,bitmart,ACH/USDT:USDT,0.022356,37541.0,0.022428,19612.0,0.022391,,381711002.0
1753507559551,05:25:59.551,bitmart,ACH/USDT:USDT,0.022356,12189.0,0.022428,19612.0,0.022392,,381730470.0
1753507560534,05:26:00.534,bitmart,ACH/USDT:USDT,0.022356,38409.0,0.022428,19612.0,0.022392,,381485416.0
1753507561628,05:26:01.628,bitmart,ACH/USDT:USDT,0.022356,30357.0,0.022428,19612.0,0.022392,,381500392.0
1753507563597,05:26:03.597,bitmart,ACH/USDT:USDT,0.022356,40676.0,0.022428,19612.0,0.022392,,381514616.0
1753507564618,05:26:04.618,bitmart,ACH/USDT:USDT,0.022356,40221.0,0.022428,19612.0,0.022392,,381520518.0
1753507565519,05:26:05.519,bitmart,ACH/USDT:USDT,0.022356,31352.0,0.022428,19612.0,0.022392,,381520518.0
1753507566613,05:26:06.613,bitmart,ACH/USDT:USDT,0.022355,20141.0,0.022428,19612.0,0.022389,,381525008.0
1753507567506,05:26:07.506,bitmart,ACH/USDT:USDT,0.022355,16966.0,0.022428,19612.0,0.022389,,381525008.0
1753507568542,05:26:08.542,bitmart,ACH/USDT:USDT,0.022355,17377.0,0.022428,19612.0,0.02239,,381533570.0
1753507569506,05:26:09.506,bitmart,ACH/USDT:USDT,0.022355,15362.0,0.022428,19612.0,0.02239,,381533570.0
1753507570609,05:26:10.609,bitmart,ACH/USDT:USDT,0.02235,53769.0,0.022428,11971.0,0.022391,,381540952.0
1753507571604,05:26:11.604,bitmart,ACH/USDT:USDT,0.022355,10638.0,0.022428,11971.0,0.022391,,381540952.0
1753507572517,05:26:12.517,bitmart,ACH/USDT:USDT,0.02235,53769.0,0.022428,11971.0,0.02239,,381549478.0
1753507573523,05:26:13.523,bitmart,ACH/USDT:USDT,0.022355,14395.0,0.022428,11971.0,0.02239,,381549478.0
1753507574514,05:26:14.514,bitmart,ACH/USDT:USDT,0.022355,11985.0,0.022428,11971.0,0.022391,,381558004.0
1753507575623,05:26:15.623,bitmart,ACH/USDT:USDT,0.02235,907.0,0.022423,13749.0,0.022391,,381558004.0
1753507577524,05:26:17.524,bitmart,ACH/USDT:USDT,0.02235,907.0,0.022423,3616.0,0.022388,,381568064.0
1753507579519,05:26:19.519,bitmart,ACH/USDT:USDT,0.02235,13006.0,0.022428,3033.0,0.022389,,381575962.0
1753507580617,05:26:20.617,bitmart,ACH/USDT:USDT,0.022355,6537.0,0.022428,980.0,0.02239,,381583468.0
1753507581522,05:26:21.522,bitmart,ACH/USDT:USDT,0.022356,8029.0,0.022428,17649.0,0.02239,,381583468.0
1753507583551,05:26:23.551,bitmart,ACH/USDT:USDT,0.022356,8232.0,0.022428,24979.0,0.022391,,381589506.0
1753507584571,05:26:24.571,bitmart,ACH/USDT:USDT,0.022356,8962.0,0.022428,24979.0,0.02239,,381598018.0
1753507585621,05:26:25.621,bitmart,ACH/USDT:USDT,0.022355,5503.0,0.022428,24979.0,0.022391,,381604432.0
1753507586517,05:26:26.517,bitmart,ACH/USDT:USDT,0.022355,1364.0,0.022428,2369.0,0.022391,,381604432.0
1753507587505,05:26:27.505,bitmart,ACH/USDT:USDT,0.022355,338.0,0.022428,2806.0,0.022391,,381604432.0
1753507588515,05:26:28.515,bitmart,ACH/USDT:USDT,0.022355,367.0,0.022428,2806.0,0.02239,,381609920.0
1753507589620,05:26:29.620,bitmart,ACH/USDT:USDT,0.02235,246.0,0.022421,3719.0,0.022387,,381614558.0
1753507590512,05:26:30.512,bitmart,ACH/USDT:USDT,0.02235,246.0,0.022421,4670.0,0.022387,,381614558.0
1753507592518,05:26:32.518,bitmart,ACH/USDT:USDT,0.02235,11663.0,0.022421,468.0,0.022384,,381619240.0
1753507593619,05:26:33.619,bitmart,ACH/USDT:USDT,0.02235,10906.0,0.022421,668.0,0.022386,,381624142.0
1753507594509,05:26:34.509,bitmart,ACH/USDT:USDT,0.02235,10906.0,0.022421,570.0,0.022386,,381624142.0
1753507595510,05:26:35.510,bitmart,ACH/USDT:USDT,0.02235,15714.0,0.022421,478.0,0.022387,,381629254.0
1753507596613,05:26:36.613,bitmart,ACH/USDT:USDT,0.02235,15714.0,0.022421,441.0,0.022387,,381629254.0
1753507597522,05:26:37.522,bitmart,ACH/USDT:USDT,0.02235,15714.0,0.022421,489.0,0.022387,,381636362.0
1753507598509,05:26:38.509,bitmart,ACH/USDT:USDT,0.02235,29920.0,0.022428,127038.0,0.022387,,381636362.0
1753507599626,05:26:39.626,bitmart,ACH/USDT:USDT,0.02235,21156.0,0.022421,11782.0,0.022388,,381643474.0
1753507601534,05:26:41.534,bitmart,ACH/USDT:USDT,0.02235,21156.0,0.022422,9789.0,0.022388,,381643474.0
1753507602542,05:26:42.542,bitmart,ACH/USDT:USDT,0.02235,21156.0,0.022421,14266.0,0.022387,,381650118.0
1753507604530,05:26:44.530,bitmart,ACH/USDT:USDT,0.02235,21156.0,0.022421,21651.0,0.022388,,381657048.0
1753507605519,05:26:45.519,bitmart,ACH/USDT:USDT,0.02235,21156.0,0.022421,22886.0,0.022388,,381657048.0
1753507606529,05:26:46.529,bitmart,ACH/USDT:USDT,0.02235,21156.0,0.022421,17245.0,0.022387,,381665608.0
1753507608605,05:26:48.605,bitmart,ACH/USDT:USDT,0.02235,21156.0,0.022421,18301.0,0.022386,,381671032.0
1753507609508,05:26:49.508,bitmart,ACH/USDT:USDT,0.02235,21156.0,0.022421,18316.0,0.022386,,381671032.0
1753507611509,05:26:51.509,bitmart,ACH/USDT:USDT,0.02235,21156.0,0.022421,20067.0,0.022387,,381677826.0
1753507612606,05:26:52.606,bitmart,ACH/USDT:USDT,0.02235,21156.0,0.022421,24165.0,0.022388,,381683530.0
1753507613519,05:26:53.519,bitmart,ACH/USDT:USDT,0.02235,21156.0,0.022421,21795.0,0.022388,,381683530.0
1753507614603,05:26:54.603,bitmart,ACH/USDT:USDT,0.02235,21156.0,0.022421,20878.0,0.022387,,381690154.0
1753507616610,05:26:56.610,bitmart,ACH/USDT:USDT,0.02235,21156.0,0.022421,18088.0,0.022388,,381698390.0
1753507617518,05:26:57.518,bitmart,ACH/USDT:USDT,0.02235,21156.0,0.022421,20452.0,0.022388,,381698390.0
1753507619521,05:26:59.521,bitmart,ACH/USDT:USDT,0.02235,21156.0,0.022421,26142.0,0.022388,,381725502.0
1753507620626,05:27:00.626,bitmart,ACH/USDT:USDT,0.02235,21156.0,0.022421,18242.0,0.022388,,381483616.0
1753507622522,05:27:02.522,bitmart,ACH/USDT:USDT,0.02235,43991.0,0.022428,127038.0,0.022387,,381508452.0
1753507623506,05:27:03.506,bitmart,ACH/USDT:USDT,0.02235,43991.0,0.022428,127038.0,0.022387,,381508452.0
1753507624621,05:27:04.621,bitmart,ACH/USDT:USDT,0.02235,43991.0,0.022421,21118.0,0.022388,,381514692.0
1753507625513,05:27:05.513,bitmart,ACH/USDT:USDT,0.02235,43991.0,0.022421,20159.0,0.022388,,381514692.0
1753507626617,05:27:06.617,bitmart,ACH/USDT:USDT,0.02235,43991.0,0.022421,26573.0,0.022387,,381520290.0
1753507627516,05:27:07.516,bitmart,ACH/USDT:USDT,0.02235,43991.0,0.022421,24030.0,0.022387,,381528950.0
1753507629607,05:27:09.607,bitmart,ACH/USDT:USDT,0.02235,43991.0,0.022428,127038.0,0.022388,,381534104.0
1753507630520,05:27:10.520,bitmart,ACH/USDT:USDT,0.02235,43991.0,0.022421,26965.0,0.022388,,381534104.0
1753507632546,05:27:12.546,bitmart,ACH/USDT:USDT,0.02235,43991.0,0.022421,19741.0,0.022387,,381540180.0
1753507633618,05:27:13.618,bitmart,ACH/USDT:USDT,0.02235,43991.0,0.022422,27890.0,0.022387,,381544854.0
1753507635609,05:27:15.609,bitmart,ACH/USDT:USDT,0.02235,43991.0,0.022421,17908.0,0.022386,,381550014.0
1753507637612,05:27:17.612,bitmart,ACH/USDT:USDT,0.02235,43991.0,0.022421,12832.0,0.022387,,381558128.0
1753507638524,05:27:18.524,bitmart,ACH/USDT:USDT,0.02235,43991.0,0.022421,23815.0,0.022387,,381558128.0
1753507639617,05:27:19.617,bitmart,ACH/USDT:USDT,0.02235,43991.0,0.022421,14937.0,0.022388,,381563654.0
1753507641615,05:27:21.615,bitmart,ACH/USDT:USDT,0.02235,43991.0,0.022421,19420.0,0.022387,,381569136.0
1753507642520,05:27:22.520,bitmart,ACH/USDT:USDT,0.02235,43991.0,0.022421,21443.0,0.022387,,381569136.0
1753507643511,05:27:23.511,bitmart,ACH/USDT:USDT,0.02235,43991.0,0.022421,24985.0,0.022387,,381569136.0
1753507644610,05:27:24.610,bitmart,ACH/USDT:USDT,0.02235,43991.0,0.022421,20578.0,0.022387,,381577234.0
1753507645513,05:27:25.513,bitmart,ACH/USDT:USDT,0.02235,43991.0,0.022421,21009.0,0.022387,,381577234.0
1753507647519,05:27:27.519,bitmart,ACH/USDT:USDT,0.02235,43991.0,0.022421,32369.0,0.022388,,381584452.0
1753507649508,05:27:29.508,bitmart,ACH/USDT:USDT,0.02235,43991.0,0.022421,28377.0,0.022387,,381591516.0
1753507650525,05:27:30.525,bitmart,ACH/USDT:USDT,0.02235,43991.0,0.022421,31427.0,0.022386,,381598212.0
1753507651512,05:27:31.512,bitmart,ACH/USDT:USDT,0.02235,43991.0,0.022421,27369.0,0.022386,,381598212.0
1753507653511,05:27:33.511,bitmart,ACH/USDT:USDT,0.02235,43991.0,0.022428,127038.0,0.022387,,381605100.0
1753507656510,05:27:36.510,bitmart,ACH/USDT:USDT,0.02235,12959.0,0.022423,1110.0,0.022389,,381620638.0
1753507657529,05:27:37.529,bitmart,ACH/USDT:USDT,0.02235,35749.0,0.022428,70813.0,0.022389,,381620638.0
1753507658531,05:27:38.531,bitmart,ACH/USDT:USDT,0.022355,6981.0,0.022428,231.0,0.022388,,381626386.0
1753507660623,05:27:40.623,bitmart,ACH/USDT:USDT,0.022355,15163.0,0.022428,12624.0,0.022392,,381632510.0
1753507661515,05:27:41.515,bitmart,ACH/USDT:USDT,0.022357,6973.0,0.022433,22609.0,0.022392,,381632510.0
1753507663507,05:27:43.507,bitmart,ACH/USDT:USDT,0.022362,986.0,0.022433,21512.0,0.022396,,381638656.0
1753507664517,05:27:44.517,bitmart,ACH/USDT:USDT,0.022362,9901.0,0.022433,21512.0,0.0224,,381644816.0
1753507665532,05:27:45.532,bitmart,ACH/USDT:USDT,0.022362,9901.0,0.022433,21512.0,0.0224,,381644816.0
1753507666629,05:27:46.629,bitmart,ACH/USDT:USDT,0.022362,9901.0,0.022433,21512.0,0.0224,,381651548.0
1753507667507,05:27:47.507,bitmart,ACH/USDT:USDT,0.022362,21098.0,0.022433,21512.0,0.0224,,381651548.0
1753507668516,05:27:48.516,bitmart,ACH/USDT:USDT,0.022362,64127.0,0.022433,21512.0,0.022401,,381657994.0
1753507669510,05:27:49.510,bitmart,ACH/USDT:USDT,0.022367,16929.0,0.022433,21512.0,0.022401,,381657994.0
1753507671520,05:27:51.520,bitmart,ACH/USDT:USDT,0.022367,27083.0,0.022438,279.0,0.022402,,381665636.0
1753507672618,05:27:52.618,bitmart,ACH/USDT:USDT,0.022367,7949.0,0.022443,809.0,0.022401,,381670308.0
1753507673514,05:27:53.514,bitmart,ACH/USDT:USDT,0.022367,7949.0,0.022443,809.0,0.022401,,381670308.0
1753507674615,05:27:54.615,bitmart,ACH/USDT:USDT,0.022367,16145.0,0.022443,400.0,0.022407,,381679072.0
1753507675506,05:27:55.506,bitmart,ACH/USDT:USDT,0.022367,16145.0,0.022443,400.0,0.022407,,381679072.0
1753507676613,05:27:56.613,bitmart,ACH/USDT:USDT,0.022367,16145.0,0.022443,5468.0,0.022406,,381684014.0
1753507677504,05:27:57.504,bitmart,ACH/USDT:USDT,0.022367,16145.0,0.022443,5468.0,0.022406,,381684014.0
1753507678603,05:27:58.603,bitmart,ACH/USDT:USDT,0.022367,16145.0,0.022443,5468.0,0.022406,,381691620.0
1753507683509,05:28:03.509,bitmart,ACH/USDT:USDT,0.022367,16145.0,0.022443,5468.0,0.022406,,381479024.0
1753507684622,05:28:04.622,bitmart,ACH/USDT:USDT,0.022367,27407.0,0.022443,5468.0,0.022405,,381484772.0
1753507686516,05:28:06.516,bitmart,ACH/USDT:USDT,0.022367,27407.0,0.022443,7404.0,0.022406,,381490202.0
1753507688536,05:28:08.536,bitmart,ACH/USDT:USDT,0.022367,46642.0,0.022437,243.0,0.022407,,381496688.0
1753507690564,05:28:10.564,bitmart,ACH/USDT:USDT,0.022367,4121.0,0.022443,3294.0,0.022403,,381504328.0
1753507691514,05:28:11.514,bitmart,ACH/USDT:USDT,0.022367,41890.0,0.022443,93213.0,0.022404,,381509610.0
1753507692521,05:28:12.521,bitmart,ACH/USDT:USDT,0.022367,7885.0,0.022443,4222.0,0.022404,,381509610.0
1753507693614,05:28:13.614,bitmart,ACH/USDT:USDT,0.022367,7885.0,0.022443,4222.0,0.022405,,381518138.0
1753507694522,05:28:14.522,bitmart,ACH/USDT:USDT,0.022367,33989.0,0.022438,2724.0,0.022405,,381518138.0
1753507695617,05:28:15.617,bitmart,ACH/USDT:USDT,0.022367,33989.0,0.022438,3065.0,0.022404,,381524350.0
1753507696521,05:28:16.521,bitmart,ACH/USDT:USDT,0.022367,33989.0,0.022438,5097.0,0.022404,,381524350.0
1753507698524,05:28:18.524,bitmart,ACH/USDT:USDT,0.022367,33989.0,0.022438,6802.0,0.022403,,381532778.0
1753507699509,05:28:19.509,bitmart,ACH/USDT:USDT,0.022367,33989.0,0.022438,3097.0,0.022403,,381532778.0
1753507700523,05:28:20.523,bitmart,ACH/USDT:USDT,0.022366,784.0,0.022438,15510.0,0.022404,,381540970.0
1753507701606,05:28:21.606,bitmart,ACH/USDT:USDT,0.022362,13488.0,0.022438,803.0,0.022401,,381548980.0
1753507702522,05:28:22.522,bitmart,ACH/USDT:USDT,0.022366,1426.0,0.022438,803.0,0.022401,,381548980.0
1753507703515,05:28:23.515,bitmart,ACH/USDT:USDT,0.022366,1336.0,0.022438,803.0,0.022401,,381548980.0
1753507705506,05:28:25.506,bitmart,ACH/USDT:USDT,0.022366,7779.0,0.022438,803.0,0.0224,,381555822.0
1753507708621,05:28:28.621,bitmart,ACH/USDT:USDT,0.022366,5010.0,0.022438,3278.0,0.022401,,381568264.0
1753507709505,05:28:29.505,bitmart,ACH/USDT:USDT,0.022367,4565.0,0.022438,3278.0,0.022401,,381568264.0
1753507710612,05:28:30.612,bitmart,ACH/USDT:USDT,0.022367,4522.0,0.022438,4405.0,0.022402,,381574750.0
1753507711505,05:28:31.505,bitmart,ACH/USDT:USDT,0.022367,5573.0,0.022438,418.0,0.022402,,381574750.0
1753507712520,05:28:32.520,bitmart,ACH/USDT:USDT,0.022367,5573.0,0.022438,211.0,0.022403,,381583482.0
1753507713614,05:28:33.614,bitmart,ACH/USDT:USDT,0.022367,5544.0,0.022438,2061.0,0.022403,,381583482.0
1753507714619,05:28:34.619,bitmart,ACH/USDT:USDT,0.022372,12329.0,0.022443,2713.0,0.022403,,381590900.0
1753507715509,05:28:35.509,bitmart,ACH/USDT:USDT,0.022372,9900.0,0.022443,1275.0,0.022403,,381590900.0
1753507716621,05:28:36.621,bitmart,ACH/USDT:USDT,0.022372,9900.0,0.022443,1208.0,0.022408,,381596434.0
1753507717519,05:28:37.519,bitmart,ACH/USDT:USDT,0.022372,9900.0,0.022443,1816.0,0.022408,,381596434.0
1753507718633,05:28:38.633,bitmart,ACH/USDT:USDT,0.022379,792.0,0.022444,21601.0,0.022414,,381601210.0
1753507719508,05:28:39.508,bitmart,ACH/USDT:USDT,0.022379,869.0,0.022444,21601.0,0.022414,,381601210.0
1753507720621,05:28:40.621,bitmart,ACH/USDT:USDT,0.022379,13575.0,0.022444,21601.0,0.022415,,381606798.0
1753507721518,05:28:41.518,bitmart,ACH/USDT:USDT,0.022379,1150.0,0.022453,1086.0,0.022415,,381606798.0
1753507723596,05:28:43.596,bitmart,ACH/USDT:USDT,0.022384,13917.0,0.022453,14.0,0.022418,,381619376.0
1753507724523,05:28:44.523,bitmart,ACH/USDT:USDT,0.022384,16173.0,0.022453,14.0,0.022418,,381619376.0
1753507725609,05:28:45.609,bitmart,ACH/USDT:USDT,0.022384,4418.0,0.022458,24259.0,0.022421,,381625192.0
1753507726516,05:28:46.516,bitmart,ACH/USDT:USDT,0.022384,4418.0,0.022458,36944.0,0.022421,,381625192.0
1753507727533,05:28:47.533,bitmart,ACH/USDT:USDT,0.022384,4418.0,0.022458,36944.0,0.022411,,381631244.0
1753507728518,05:28:48.518,bitmart,ACH/USDT:USDT,0.022373,413.0,0.022446,6397.0,0.022411,,381631244.0
1753507730512,05:28:50.512,bitmart,ACH/USDT:USDT,0.022379,269.0,0.022449,138.0,0.022414,,381638746.0
1753507731505,05:28:51.505,bitmart,ACH/USDT:USDT,0.022379,372.0,0.022449,102.0,0.022414,,381638746.0
1753507732619,05:28:52.619,bitmart,ACH/USDT:USDT,0.022378,738.0,0.022453,6341.0,0.022415,,381650230.0
1753507733511,05:28:53.511,bitmart,ACH/USDT:USDT,0.02238,567.0,0.022453,6341.0,0.022415,,381650230.0
1753507737510,05:28:57.510,bitmart,ACH/USDT:USDT,0.02238,7212.0,0.022453,572.0,0.022417,,381661360.0
1753507738623,05:28:58.623,bitmart,ACH/USDT:USDT,0.02238,7212.0,0.022453,572.0,0.022417,,381674438.0
