timestamp,time,exchange,symbol,bid,bidVolume,ask,askVolume,lastPrice,baseVolume,quoteVolume
1753504794597,04:39:54.597,bitmart,ALGO/USDT:USDT,0.2693,1755.0,0.2704,758028.0,0.2696,,917431726.0
1753504796611,04:39:56.611,bitmart,ALGO/USDT:USDT,0.2693,1755.0,0.2704,758028.0,0.2697,,917431742.0
1753504798605,04:39:58.605,bitmart,ALGO/USDT:USDT,0.2693,1755.0,0.2704,758028.0,0.2697,,917431756.0
1753504799617,04:39:59.617,bitmart,ALGO/USDT:USDT,0.2693,1755.0,0.2704,758028.0,0.2697,,917431780.0
1753504800621,04:40:00.621,bitmart,ALGO/USDT:USDT,0.2693,1755.0,0.2704,758028.0,0.2697,,916805122.0
1753504801529,04:40:01.529,bitmart,ALGO/USDT:USDT,0.2693,1755.0,0.2704,758028.0,0.2697,,916805126.0
1753504802510,04:40:02.510,bitmart,ALGO/USDT:USDT,0.2693,1755.0,0.2704,758028.0,0.2697,,916805134.0
1753504803607,04:40:03.607,bitmart,ALGO/USDT:USDT,0.2693,1755.0,0.2704,758028.0,0.2697,,916805142.0
1753504804530,04:40:04.530,bitmart,ALGO/USDT:USDT,0.2693,1755.0,0.2704,758028.0,0.2697,,916805142.0
1753504805553,04:40:05.553,bitmart,ALGO/USDT:USDT,0.2693,1755.0,0.2704,758028.0,0.2697,,916805150.0
1753504806502,04:40:06.502,bitmart,ALGO/USDT:USDT,0.2693,1755.0,0.2704,758028.0,0.2697,,916805150.0
1753504807506,04:40:07.506,bitmart,ALGO/USDT:USDT,0.2693,1755.0,0.2704,2938.0,0.2698,,916805920.0
1753504810617,04:40:10.617,bitmart,ALGO/USDT:USDT,0.2693,1755.0,0.2704,2938.0,0.2698,,916806088.0
1753504811610,04:40:11.610,bitmart,ALGO/USDT:USDT,0.2693,1755.0,0.2704,2938.0,0.2699,,917025964.0
1753504812532,04:40:12.532,bitmart,ALGO/USDT:USDT,0.2693,1755.0,0.2704,2938.0,0.2698,,917026254.0
1753504813491,04:40:13.491,bitmart,ALGO/USDT:USDT,0.2693,1755.0,0.2704,2938.0,0.2698,,917026254.0
1753504815516,04:40:15.516,bitmart,ALGO/USDT:USDT,0.2693,1755.0,0.2704,2938.0,0.2698,,917026258.0
1753504817532,04:40:17.532,bitmart,ALGO/USDT:USDT,0.2693,381426.0,0.2705,2938.0,0.27,,917026270.0
1753504818625,04:40:18.625,bitmart,ALGO/USDT:USDT,0.2693,381426.0,0.2705,2938.0,0.27,,917026276.0
1753504819615,04:40:19.615,bitmart,ALGO/USDT:USDT,0.2693,381426.0,0.2705,2938.0,0.27,,917050586.0
1753504820517,04:40:20.517,bitmart,ALGO/USDT:USDT,0.2693,381426.0,0.2705,2938.0,0.27,,917050594.0
1753504822521,04:40:22.521,bitmart,ALGO/USDT:USDT,0.2693,509452.0,0.2705,2938.0,0.2701,,917050610.0
1753504825610,04:40:25.610,bitmart,ALGO/USDT:USDT,0.2693,129781.0,0.2705,429709.0,0.2698,,917050676.0
1753504826573,04:40:26.573,bitmart,ALGO/USDT:USDT,0.2693,129781.0,0.2705,429709.0,0.2698,,917050676.0
1753504827515,04:40:27.515,bitmart,ALGO/USDT:USDT,0.2693,1755.0,0.2705,436807.0,0.2697,,917050684.0
1753504828623,04:40:28.623,bitmart,ALGO/USDT:USDT,0.2693,1755.0,0.2705,432507.0,0.2699,,917050692.0
1753504829516,04:40:29.516,bitmart,ALGO/USDT:USDT,0.2693,1755.0,0.2705,429709.0,0.2699,,917050692.0
1753504831522,04:40:31.522,bitmart,ALGO/USDT:USDT,0.2693,1755.0,0.2705,429709.0,0.2698,,917052180.0
1753504832608,04:40:32.608,bitmart,ALGO/USDT:USDT,0.2693,1755.0,0.2705,429709.0,0.2699,,917053292.0
1753504833604,04:40:33.604,bitmart,ALGO/USDT:USDT,0.2693,1755.0,0.2705,429709.0,0.2697,,917065020.0
1753504835618,04:40:35.618,bitmart,ALGO/USDT:USDT,0.2693,1755.0,0.2705,429709.0,0.2698,,917187876.0
1753504836612,04:40:36.612,bitmart,ALGO/USDT:USDT,0.2694,50320.0,0.2705,480029.0,0.2697,,917187882.0
1753504837612,04:40:37.612,bitmart,ALGO/USDT:USDT,0.2694,50320.0,0.2705,480029.0,0.2699,,917187892.0
1753504838613,04:40:38.613,bitmart,ALGO/USDT:USDT,0.2694,2916.0,0.2705,480029.0,0.2698,,917187900.0
1753504840522,04:40:40.522,bitmart,ALGO/USDT:USDT,0.2694,2916.0,0.2703,2940.0,0.2697,,917187916.0
1753504841538,04:40:41.538,bitmart,ALGO/USDT:USDT,0.2694,2916.0,0.2703,2940.0,0.2697,,917187990.0
1753504842616,04:40:42.616,bitmart,ALGO/USDT:USDT,0.2694,2916.0,0.2703,2940.0,0.2696,,917188000.0
1753504843515,04:40:43.515,bitmart,ALGO/USDT:USDT,0.2694,2916.0,0.2704,566859.0,0.2696,,917188008.0
1753504844604,04:40:44.604,bitmart,ALGO/USDT:USDT,0.2694,2916.0,0.2704,2938.0,0.2698,,917188014.0
1753504846530,04:40:46.530,bitmart,ALGO/USDT:USDT,0.2694,2916.0,0.2704,2938.0,0.2698,,917204712.0
1753504847529,04:40:47.529,bitmart,ALGO/USDT:USDT,0.2694,2916.0,0.2704,2938.0,0.2698,,917204718.0
1753504850531,04:40:50.531,bitmart,ALGO/USDT:USDT,0.2694,2916.0,0.2704,2938.0,0.2697,,917204734.0
1753504851518,04:40:51.518,bitmart,ALGO/USDT:USDT,0.2694,2916.0,0.2704,2938.0,0.2698,,917204742.0
1753504853521,04:40:53.521,bitmart,ALGO/USDT:USDT,0.2694,2916.0,0.2704,852737.0,0.2697,,917378276.0
1753504854595,04:40:54.595,bitmart,ALGO/USDT:USDT,0.2694,2916.0,0.2704,2938.0,0.2697,,917378276.0
1753504855533,04:40:55.533,bitmart,ALGO/USDT:USDT,0.2694,2916.0,0.2704,2938.0,0.2698,,917383154.0
1753504856595,04:40:56.595,bitmart,ALGO/USDT:USDT,0.2694,2916.0,0.2704,2938.0,0.2698,,917385668.0
1753504857621,04:40:57.621,bitmart,ALGO/USDT:USDT,0.2694,2916.0,0.2704,2938.0,0.2699,,917385676.0
1753504860546,04:41:00.546,bitmart,ALGO/USDT:USDT,0.2694,2916.0,0.2704,2938.0,0.2698,,916808522.0
1753504862618,04:41:02.618,bitmart,ALGO/USDT:USDT,0.2694,2916.0,0.2704,774048.0,0.2698,,916808538.0
1753504864611,04:41:04.611,bitmart,ALGO/USDT:USDT,0.2694,2916.0,0.2704,2938.0,0.2697,,916808552.0
1753504865605,04:41:05.605,bitmart,ALGO/USDT:USDT,0.2694,2916.0,0.2704,2938.0,0.2698,,916808558.0
1753504867604,04:41:07.604,bitmart,ALGO/USDT:USDT,0.2694,2916.0,0.2704,2938.0,0.2697,,916832732.0
1753504868619,04:41:08.619,bitmart,ALGO/USDT:USDT,0.2694,2916.0,0.2704,2938.0,0.2698,,916832856.0
1753504869516,04:41:09.516,bitmart,ALGO/USDT:USDT,0.2694,2916.0,0.2704,2938.0,0.2698,,916833550.0
1753504871614,04:41:11.614,bitmart,ALGO/USDT:USDT,0.2694,2916.0,0.2704,2938.0,0.2699,,916833564.0
1753504872620,04:41:12.620,bitmart,ALGO/USDT:USDT,0.2694,2916.0,0.2704,2938.0,0.2698,,916833572.0
1753504873619,04:41:13.619,bitmart,ALGO/USDT:USDT,0.2694,2916.0,0.2704,2938.0,0.2698,,916833576.0
1753504874505,04:41:14.505,bitmart,ALGO/USDT:USDT,0.2694,2916.0,0.2704,2938.0,0.2698,,916833576.0
1753504877523,04:41:17.523,bitmart,ALGO/USDT:USDT,0.2694,2916.0,0.2705,951867.0,0.27,,916833986.0
1753504878609,04:41:18.609,bitmart,ALGO/USDT:USDT,0.2694,2916.0,0.2705,951867.0,0.27,,916833986.0
1753504880620,04:41:20.620,bitmart,ALGO/USDT:USDT,0.2694,2916.0,0.2705,951867.0,0.27,,916863250.0
1753504882503,04:41:22.503,bitmart,ALGO/USDT:USDT,0.2695,50320.0,0.2706,2936.0,0.2701,,916878318.0
1753504884538,04:41:24.538,bitmart,ALGO/USDT:USDT,0.2695,50320.0,0.2706,53181.0,0.2701,,916898406.0
1753504887525,04:41:27.525,bitmart,ALGO/USDT:USDT,0.2696,2913.0,0.2706,567246.0,0.27,,916915356.0
1753504889606,04:41:29.606,bitmart,ALGO/USDT:USDT,0.2696,2913.0,0.2706,567246.0,0.2699,,916929510.0
1753504890602,04:41:30.602,bitmart,ALGO/USDT:USDT,0.2696,2913.0,0.2706,567246.0,0.27,,916929518.0
1753504891512,04:41:31.512,bitmart,ALGO/USDT:USDT,0.2696,2913.0,0.2706,567246.0,0.27,,916929522.0
1753504893515,04:41:33.515,bitmart,ALGO/USDT:USDT,0.2696,2913.0,0.2706,567246.0,0.27,,916929528.0
1753504894529,04:41:34.529,bitmart,ALGO/USDT:USDT,0.2696,2913.0,0.2706,567246.0,0.27,,916929528.0
1753504897515,04:41:37.515,bitmart,ALGO/USDT:USDT,0.2696,2913.0,0.2705,659988.0,0.2698,,916968084.0
1753504898610,04:41:38.610,bitmart,ALGO/USDT:USDT,0.2696,2913.0,0.2705,662947.0,0.2698,,916968092.0
1753504900613,04:41:40.613,bitmart,ALGO/USDT:USDT,0.2696,2913.0,0.2704,6659.0,0.2699,,916968104.0
1753504902607,04:41:42.607,bitmart,ALGO/USDT:USDT,0.2696,2913.0,0.2704,9153.0,0.2698,,916968120.0
1753504903511,04:41:43.511,bitmart,ALGO/USDT:USDT,0.2696,2913.0,0.2704,2938.0,0.2698,,916968120.0
1753504904615,04:41:44.615,bitmart,ALGO/USDT:USDT,0.2696,2913.0,0.2704,2938.0,0.2698,,916968720.0
1753504905518,04:41:45.518,bitmart,ALGO/USDT:USDT,0.2696,2913.0,0.2704,2938.0,0.2697,,916968726.0
1753504906602,04:41:46.602,bitmart,ALGO/USDT:USDT,0.2696,2913.0,0.2706,884372.0,0.2699,,916968730.0
1753504907563,04:41:47.563,bitmart,ALGO/USDT:USDT,0.2696,2913.0,0.2706,181177.0,0.2701,,916984362.0
1753504910609,04:41:50.609,bitmart,ALGO/USDT:USDT,0.2696,2913.0,0.2706,181177.0,0.2701,,918148654.0
1753504911613,04:41:51.613,bitmart,ALGO/USDT:USDT,0.2696,2913.0,0.2706,181177.0,0.2701,,918149650.0
1753504912603,04:41:52.603,bitmart,ALGO/USDT:USDT,0.2696,2913.0,0.2706,53181.0,0.2702,,918149654.0
1753504915526,04:41:55.526,bitmart,ALGO/USDT:USDT,0.2696,2913.0,0.2706,953950.0,0.27,,918149674.0
1753504916507,04:41:56.507,bitmart,ALGO/USDT:USDT,0.2696,2913.0,0.2706,953950.0,0.27,,918149674.0
1753504919624,04:41:59.624,bitmart,ALGO/USDT:USDT,0.2696,2913.0,0.2706,953950.0,0.2701,,918149716.0
1753504920543,04:42:00.543,bitmart,ALGO/USDT:USDT,0.2696,2913.0,0.2706,953950.0,0.2701,,917468740.0
1753504921533,04:42:01.533,bitmart,ALGO/USDT:USDT,0.2696,2913.0,0.2706,953950.0,0.2701,,917468758.0
1753504923610,04:42:03.610,bitmart,ALGO/USDT:USDT,0.2696,2913.0,0.2706,953950.0,0.2701,,917469250.0
1753504924609,04:42:04.609,bitmart,ALGO/USDT:USDT,0.2696,2913.0,0.2706,953950.0,0.2701,,917469810.0
1753504926605,04:42:06.605,bitmart,ALGO/USDT:USDT,0.2696,2913.0,0.2706,953950.0,0.27,,917469818.0
1753504927520,04:42:07.520,bitmart,ALGO/USDT:USDT,0.2696,2913.0,0.2706,953950.0,0.27,,917475062.0
1753504928619,04:42:08.619,bitmart,ALGO/USDT:USDT,0.2696,2913.0,0.2706,953950.0,0.2701,,917476050.0
1753504930611,04:42:10.611,bitmart,ALGO/USDT:USDT,0.2696,2913.0,0.2706,953950.0,0.27,,917476060.0
1753504932606,04:42:12.606,bitmart,ALGO/USDT:USDT,0.2696,2913.0,0.2706,953950.0,0.2701,,917598298.0
1753504933620,04:42:13.620,bitmart,ALGO/USDT:USDT,0.2696,2913.0,0.2706,953950.0,0.2701,,917598306.0
1753504936509,04:42:16.509,bitmart,ALGO/USDT:USDT,0.2696,2913.0,0.2706,953950.0,0.27,,917598314.0
1753504938510,04:42:18.510,bitmart,ALGO/USDT:USDT,0.2696,2913.0,0.2706,953950.0,0.2701,,917598318.0
1753504939511,04:42:19.511,bitmart,ALGO/USDT:USDT,0.2696,2913.0,0.2707,130931.0,0.2702,,917598476.0
1753504940529,04:42:20.529,bitmart,ALGO/USDT:USDT,0.2696,2913.0,0.2707,130931.0,0.2702,,917599060.0
1753504941514,04:42:21.514,bitmart,ALGO/USDT:USDT,0.2696,2913.0,0.2707,130931.0,0.2703,,917599066.0
1753504942502,04:42:22.502,bitmart,ALGO/USDT:USDT,0.2696,2913.0,0.2707,2936.0,0.2703,,917599066.0
1753504944604,04:42:24.604,bitmart,ALGO/USDT:USDT,0.2696,2913.0,0.2707,799583.0,0.2701,,917627324.0
1753504945524,04:42:25.524,bitmart,ALGO/USDT:USDT,0.2696,2913.0,0.2707,2936.0,0.2702,,917627330.0
1753504947624,04:42:27.624,bitmart,ALGO/USDT:USDT,0.2696,2913.0,0.2705,2938.0,0.27,,917628080.0
1753504948524,04:42:28.524,bitmart,ALGO/USDT:USDT,0.2696,2913.0,0.2705,2938.0,0.27,,917628080.0
1753504949615,04:42:29.615,bitmart,ALGO/USDT:USDT,0.2696,2913.0,0.2705,2938.0,0.2699,,917628084.0
1753504954606,04:42:34.606,bitmart,ALGO/USDT:USDT,0.2696,2913.0,0.2705,2938.0,0.27,,917766400.0
1753504956604,04:42:36.604,bitmart,ALGO/USDT:USDT,0.2696,2913.0,0.2706,858310.0,0.2701,,917769404.0
1753504958596,04:42:38.596,bitmart,ALGO/USDT:USDT,0.2696,2913.0,0.2706,858310.0,0.2701,,917773404.0
1753504960600,04:42:40.600,bitmart,ALGO/USDT:USDT,0.2696,2913.0,0.2706,858310.0,0.2701,,917773422.0
1753504961618,04:42:41.618,bitmart,ALGO/USDT:USDT,0.2696,2913.0,0.2706,858310.0,0.2701,,917773430.0
1753504962607,04:42:42.607,bitmart,ALGO/USDT:USDT,0.2696,2913.0,0.2706,858310.0,0.2701,,917773434.0
1753504964595,04:42:44.595,bitmart,ALGO/USDT:USDT,0.2696,2913.0,0.2706,53182.0,0.2701,,917799002.0
1753504965548,04:42:45.548,bitmart,ALGO/USDT:USDT,0.2696,2913.0,0.2706,53182.0,0.2701,,917799008.0
1753504967587,04:42:47.587,bitmart,ALGO/USDT:USDT,0.2696,2913.0,0.2706,53182.0,0.2702,,917799024.0
1753504968608,04:42:48.608,bitmart,ALGO/USDT:USDT,0.2696,2913.0,0.2706,53182.0,0.2701,,917799034.0
1753504970526,04:42:50.526,bitmart,ALGO/USDT:USDT,0.2696,2913.0,0.2706,53182.0,0.2702,,917799050.0
1753504972509,04:42:52.509,bitmart,ALGO/USDT:USDT,0.2696,2913.0,0.2706,53182.0,0.27,,917799056.0
1753504973513,04:42:53.513,bitmart,ALGO/USDT:USDT,0.2696,2913.0,0.2706,53182.0,0.2701,,917799062.0
1753504974504,04:42:54.504,bitmart,ALGO/USDT:USDT,0.2696,2913.0,0.2706,53182.0,0.2701,,917799062.0
1753504975609,04:42:55.609,bitmart,ALGO/USDT:USDT,0.2696,2913.0,0.2706,53182.0,0.2702,,917799066.0
1753504976505,04:42:56.505,bitmart,ALGO/USDT:USDT,0.2696,2913.0,0.2706,53182.0,0.2702,,917799066.0
1753504979617,04:42:59.617,bitmart,ALGO/USDT:USDT,0.2696,53159.0,0.2706,53182.0,0.2701,,917804826.0
1753504980530,04:43:00.530,bitmart,ALGO/USDT:USDT,0.2696,53159.0,0.2706,53182.0,0.2701,,917804826.0
1753504982572,04:43:02.572,bitmart,ALGO/USDT:USDT,0.2696,2913.0,0.2706,53182.0,0.27,,916762600.0
1753504983515,04:43:03.515,bitmart,ALGO/USDT:USDT,0.2696,2913.0,0.2706,394283.0,0.27,,916762606.0
1753504984515,04:43:04.515,bitmart,ALGO/USDT:USDT,0.2696,2913.0,0.2706,394283.0,0.2701,,916763164.0
1753504986617,04:43:06.617,bitmart,ALGO/USDT:USDT,0.2696,2913.0,0.2706,394283.0,0.27,,916763172.0
1753504988605,04:43:08.605,bitmart,ALGO/USDT:USDT,0.2696,2913.0,0.2706,394283.0,0.2699,,916772446.0
1753504989528,04:43:09.528,bitmart,ALGO/USDT:USDT,0.2696,2913.0,0.2706,394283.0,0.2699,,916772446.0
1753504990516,04:43:10.516,bitmart,ALGO/USDT:USDT,0.2696,2913.0,0.2706,394283.0,0.27,,916774324.0
1753504992609,04:43:12.609,bitmart,ALGO/USDT:USDT,0.2696,2913.0,0.2706,394283.0,0.2701,,916820210.0
1753504993609,04:43:13.609,bitmart,ALGO/USDT:USDT,0.2696,2913.0,0.2706,394283.0,0.2699,,916820374.0
1753504994514,04:43:14.514,bitmart,ALGO/USDT:USDT,0.2696,2913.0,0.2706,394283.0,0.27,,916820496.0
1753504996609,04:43:16.609,bitmart,ALGO/USDT:USDT,0.2696,2913.0,0.2706,53182.0,0.2701,,916820898.0
1753504997515,04:43:17.515,bitmart,ALGO/USDT:USDT,0.2696,2913.0,0.2706,53182.0,0.2701,,916864202.0
1753504998522,04:43:18.522,bitmart,ALGO/USDT:USDT,0.2696,2913.0,0.2706,53182.0,0.2701,,916864202.0
1753504999609,04:43:19.609,bitmart,ALGO/USDT:USDT,0.2696,2913.0,0.2706,53182.0,0.2701,,916864212.0
1753505002525,04:43:22.525,bitmart,ALGO/USDT:USDT,0.2696,2913.0,0.2706,53182.0,0.2701,,916899448.0
1753505003615,04:43:23.615,bitmart,ALGO/USDT:USDT,0.2696,2913.0,0.2706,53182.0,0.2701,,916899454.0
1753505004620,04:43:24.620,bitmart,ALGO/USDT:USDT,0.2696,2913.0,0.2706,53182.0,0.2701,,916899464.0
1753505005506,04:43:25.506,bitmart,ALGO/USDT:USDT,0.2696,2913.0,0.2706,53182.0,0.2701,,916899464.0
1753505006503,04:43:26.503,bitmart,ALGO/USDT:USDT,0.2696,2913.0,0.2706,53182.0,0.2701,,916899464.0
1753505008613,04:43:28.613,bitmart,ALGO/USDT:USDT,0.2696,2913.0,0.2706,53182.0,0.2701,,916899482.0
1753505009604,04:43:29.604,bitmart,ALGO/USDT:USDT,0.2696,2913.0,0.2706,53182.0,0.2701,,916899488.0
1753505010616,04:43:30.616,bitmart,ALGO/USDT:USDT,0.2696,2913.0,0.2706,53182.0,0.2702,,916899496.0
1753505011515,04:43:31.515,bitmart,ALGO/USDT:USDT,0.2696,2913.0,0.2706,53182.0,0.27,,916899502.0
1753505012504,04:43:32.504,bitmart,ALGO/USDT:USDT,0.2696,2913.0,0.2706,53182.0,0.2701,,916899510.0
1753505014610,04:43:34.610,bitmart,ALGO/USDT:USDT,0.2696,2913.0,0.2706,53182.0,0.2701,,916902090.0
1753505015511,04:43:35.511,bitmart,ALGO/USDT:USDT,0.2696,2913.0,0.2706,53182.0,0.2702,,916902306.0
1753505016532,04:43:36.532,bitmart,ALGO/USDT:USDT,0.2696,2913.0,0.2706,53182.0,0.2701,,916902310.0
1753505018614,04:43:38.614,bitmart,ALGO/USDT:USDT,0.2696,2913.0,0.2706,53182.0,0.2702,,916902330.0
1753505019615,04:43:39.615,bitmart,ALGO/USDT:USDT,0.2696,2913.0,0.2706,53182.0,0.2701,,916902334.0
1753505022621,04:43:42.621,bitmart,ALGO/USDT:USDT,0.2696,2913.0,0.2706,873189.0,0.2702,,916902354.0
1753505024614,04:43:44.614,bitmart,ALGO/USDT:USDT,0.2696,2913.0,0.2706,873189.0,0.27,,916909820.0
1753505026613,04:43:46.613,bitmart,ALGO/USDT:USDT,0.2696,2913.0,0.2706,53182.0,0.2701,,916918792.0
1753505029620,04:43:49.620,bitmart,ALGO/USDT:USDT,0.2696,2913.0,0.2707,133263.0,0.2702,,916922970.0
1753505030601,04:43:50.601,bitmart,ALGO/USDT:USDT,0.2696,2913.0,0.2707,130895.0,0.2702,,916922970.0
1753505031607,04:43:51.607,bitmart,ALGO/USDT:USDT,0.2696,2913.0,0.2707,2936.0,0.2701,,916922978.0
1753505032502,04:43:52.502,bitmart,ALGO/USDT:USDT,0.2696,2913.0,0.2707,2936.0,0.2701,,916922978.0
1753505033642,04:43:53.642,bitmart,ALGO/USDT:USDT,0.2696,2913.0,0.2707,2936.0,0.2702,,916922988.0
1753505036621,04:43:56.621,bitmart,ALGO/USDT:USDT,0.2697,50246.0,0.2707,2936.0,0.2703,,916923006.0
1753505038548,04:43:58.548,bitmart,ALGO/USDT:USDT,0.2696,2913.0,0.2707,2936.0,0.2702,,916923024.0
1753505039525,04:43:59.525,bitmart,ALGO/USDT:USDT,0.2696,2913.0,0.2707,2936.0,0.2703,,916923046.0
1753505040546,04:44:00.546,bitmart,ALGO/USDT:USDT,0.2696,2913.0,0.2707,2936.0,0.2703,,916541094.0
1753505041537,04:44:01.537,bitmart,ALGO/USDT:USDT,0.2696,2913.0,0.2707,2936.0,0.2703,,916541106.0
1753505042528,04:44:02.528,bitmart,ALGO/USDT:USDT,0.2696,2913.0,0.2707,2936.0,0.2703,,916541118.0
1753505043509,04:44:03.509,bitmart,ALGO/USDT:USDT,0.2696,2913.0,0.2707,2936.0,0.2702,,916541124.0
1753505045616,04:44:05.616,bitmart,ALGO/USDT:USDT,0.2696,2913.0,0.2707,2936.0,0.2703,,916541136.0
1753505046595,04:44:06.595,bitmart,ALGO/USDT:USDT,0.2696,2913.0,0.2707,2936.0,0.2701,,916541274.0
1753505048610,04:44:08.610,bitmart,ALGO/USDT:USDT,0.2696,2913.0,0.2707,2936.0,0.2702,,916541468.0
1753505049529,04:44:09.529,bitmart,ALGO/USDT:USDT,0.2696,2913.0,0.2707,2936.0,0.2702,,916541550.0
1753505050611,04:44:10.611,bitmart,ALGO/USDT:USDT,0.2696,2913.0,0.2707,2936.0,0.2703,,916541556.0
1753505051612,04:44:11.612,bitmart,ALGO/USDT:USDT,0.2696,2913.0,0.2707,2936.0,0.2702,,916541562.0
1753505052612,04:44:12.612,bitmart,ALGO/USDT:USDT,0.2696,2913.0,0.2707,2936.0,0.2702,,916549470.0
1753505054516,04:44:14.516,bitmart,ALGO/USDT:USDT,0.2696,2913.0,0.2707,2936.0,0.2702,,916549482.0
1753505055609,04:44:15.609,bitmart,ALGO/USDT:USDT,0.2696,2913.0,0.2707,2936.0,0.2702,,916549486.0
1753505056607,04:44:16.607,bitmart,ALGO/USDT:USDT,0.2696,2913.0,0.2707,2936.0,0.2703,,916549554.0
1753505057503,04:44:17.503,bitmart,ALGO/USDT:USDT,0.2696,2913.0,0.2707,2936.0,0.2703,,916549554.0
1753505060517,04:44:20.517,bitmart,ALGO/USDT:USDT,0.2696,2913.0,0.2707,2936.0,0.2701,,916549574.0
1753505061613,04:44:21.613,bitmart,ALGO/USDT:USDT,0.2696,2913.0,0.2707,2936.0,0.2702,,916549580.0
1753505066610,04:44:26.610,bitmart,ALGO/USDT:USDT,0.2696,2913.0,0.2707,2936.0,0.2701,,916551860.0
1753505067634,04:44:27.634,bitmart,ALGO/USDT:USDT,0.2696,2913.0,0.2707,2936.0,0.2701,,916551864.0
1753505068600,04:44:28.600,bitmart,ALGO/USDT:USDT,0.2696,2913.0,0.2707,2936.0,0.2702,,916568110.0
1753505069602,04:44:29.602,bitmart,ALGO/USDT:USDT,0.2696,2913.0,0.2707,2936.0,0.2702,,916568116.0
1753505070610,04:44:30.610,bitmart,ALGO/USDT:USDT,0.2696,2913.0,0.2707,2936.0,0.2703,,916568120.0
1753505071614,04:44:31.614,bitmart,ALGO/USDT:USDT,0.2696,2913.0,0.2707,2936.0,0.2702,,916568192.0
1753505072616,04:44:32.616,bitmart,ALGO/USDT:USDT,0.2696,2913.0,0.2707,2936.0,0.2702,,916570412.0
1753505073615,04:44:33.615,bitmart,ALGO/USDT:USDT,0.2696,2913.0,0.2707,2936.0,0.2702,,916573372.0
1753505077515,04:44:37.515,bitmart,ALGO/USDT:USDT,0.2696,2913.0,0.2707,2936.0,0.2703,,916574146.0
1753505078605,04:44:38.605,bitmart,ALGO/USDT:USDT,0.2696,2913.0,0.2707,2936.0,0.2702,,916574152.0
1753505080612,04:44:40.612,bitmart,ALGO/USDT:USDT,0.2696,2913.0,0.2707,2936.0,0.2701,,916574170.0
1753505081601,04:44:41.601,bitmart,ALGO/USDT:USDT,0.2696,2913.0,0.2707,2936.0,0.2703,,916574178.0
1753505082518,04:44:42.518,bitmart,ALGO/USDT:USDT,0.2696,2913.0,0.2707,2936.0,0.2702,,916574182.0
1753505083617,04:44:43.617,bitmart,ALGO/USDT:USDT,0.2696,2913.0,0.2707,2936.0,0.2702,,916574358.0
1753505084608,04:44:44.608,bitmart,ALGO/USDT:USDT,0.2696,2913.0,0.2707,2936.0,0.2703,,916574364.0
1753505085516,04:44:45.516,bitmart,ALGO/USDT:USDT,0.2696,2913.0,0.2707,2936.0,0.2703,,916575760.0
1753505086607,04:44:46.607,bitmart,ALGO/USDT:USDT,0.2696,547839.0,0.2708,1048695.0,0.2702,,916575764.0
1753505087531,04:44:47.531,bitmart,ALGO/USDT:USDT,0.2696,547839.0,0.2708,1048695.0,0.2702,,916575864.0
1753505088627,04:44:48.627,bitmart,ALGO/USDT:USDT,0.2696,547839.0,0.2708,1048695.0,0.2703,,916575868.0
1753505089522,04:44:49.522,bitmart,ALGO/USDT:USDT,0.2696,547839.0,0.2708,1048695.0,0.2702,,916575878.0
1753505091520,04:44:51.520,bitmart,ALGO/USDT:USDT,0.2695,50246.0,0.2705,538781.0,0.2701,,916575892.0
1753505092608,04:44:52.608,bitmart,ALGO/USDT:USDT,0.2696,2913.0,0.2705,488526.0,0.2698,,916658232.0
1753505094632,04:44:54.632,bitmart,ALGO/USDT:USDT,0.2696,2913.0,0.2705,488526.0,0.2699,,916658236.0
1753505096603,04:44:56.603,bitmart,ALGO/USDT:USDT,0.2696,2913.0,0.2705,488526.0,0.2698,,916658252.0
1753505098605,04:44:58.605,bitmart,ALGO/USDT:USDT,0.2696,2913.0,0.2705,488526.0,0.2699,,916658274.0
1753505100536,04:45:00.536,bitmart,ALGO/USDT:USDT,0.2696,2913.0,0.2705,488526.0,0.2698,,916344808.0
1753505101516,04:45:01.516,bitmart,ALGO/USDT:USDT,0.2696,2913.0,0.2705,491464.0,0.2698,,916344818.0
1753505102520,04:45:02.520,bitmart,ALGO/USDT:USDT,0.2696,2913.0,0.2705,1075719.0,0.2698,,916680768.0
1753505103522,04:45:03.522,bitmart,ALGO/USDT:USDT,0.2696,2913.0,0.2705,624254.0,0.2698,,916805676.0
1753505104531,04:45:04.531,bitmart,ALGO/USDT:USDT,0.2693,127972.0,0.2704,419184.0,0.2698,,916963202.0
1753505107607,04:45:07.607,bitmart,ALGO/USDT:USDT,0.2694,2916.0,0.2704,419184.0,0.2698,,917260454.0
1753505110614,04:45:10.614,bitmart,ALGO/USDT:USDT,0.2694,2916.0,0.2704,2938.0,0.2698,,917270214.0
1753505111601,04:45:11.601,bitmart,ALGO/USDT:USDT,0.2694,2916.0,0.2704,2938.0,0.2698,,917270218.0
1753505112525,04:45:12.525,bitmart,ALGO/USDT:USDT,0.2694,2916.0,0.2704,2938.0,0.2698,,917270228.0
1753505113603,04:45:13.603,bitmart,ALGO/USDT:USDT,0.2694,2916.0,0.2704,2938.0,0.2699,,917270236.0
1753505114605,04:45:14.605,bitmart,ALGO/USDT:USDT,0.2694,2916.0,0.2704,2938.0,0.2698,,917270244.0
1753505115519,04:45:15.519,bitmart,ALGO/USDT:USDT,0.2694,2916.0,0.2704,2938.0,0.2698,,917270254.0
1753505116605,04:45:16.605,bitmart,ALGO/USDT:USDT,0.2694,2916.0,0.2704,2938.0,0.2699,,917270260.0
1753505117512,04:45:17.512,bitmart,ALGO/USDT:USDT,0.2694,2916.0,0.2704,2938.0,0.2699,,917270260.0
1753505118529,04:45:18.529,bitmart,ALGO/USDT:USDT,0.2694,2916.0,0.2704,458966.0,0.2698,,917270268.0
1753505119626,04:45:19.626,bitmart,ALGO/USDT:USDT,0.2694,2916.0,0.2704,731414.0,0.2697,,917270274.0
1753505120503,04:45:20.503,bitmart,ALGO/USDT:USDT,0.2694,2916.0,0.2704,731414.0,0.2697,,917270274.0
1753505121633,04:45:21.633,bitmart,ALGO/USDT:USDT,0.2694,2916.0,0.2704,731414.0,0.2696,,917278130.0
1753505122601,04:45:22.601,bitmart,ALGO/USDT:USDT,0.2694,2916.0,0.2704,731414.0,0.2697,,917278138.0
1753505123502,04:45:23.502,bitmart,ALGO/USDT:USDT,0.2694,2916.0,0.2704,731414.0,0.2697,,917278138.0
1753505126624,04:45:26.624,bitmart,ALGO/USDT:USDT,0.2694,2916.0,0.2703,360193.0,0.2697,,917286614.0
1753505131623,04:45:31.623,bitmart,ALGO/USDT:USDT,0.2694,2916.0,0.2703,2940.0,0.2697,,917761600.0
1753505132515,04:45:32.515,bitmart,ALGO/USDT:USDT,0.2694,2916.0,0.2703,2940.0,0.2698,,917792310.0
1753505133615,04:45:33.615,bitmart,ALGO/USDT:USDT,0.2694,2916.0,0.2703,2940.0,0.2697,,917792316.0
1753505136607,04:45:36.607,bitmart,ALGO/USDT:USDT,0.2692,2918.0,0.2702,672827.0,0.2696,,918109128.0
1753505138509,04:45:38.509,bitmart,ALGO/USDT:USDT,0.2692,2918.0,0.2702,672827.0,0.2696,,918531530.0
1753505139609,04:45:39.609,bitmart,ALGO/USDT:USDT,0.2692,2918.0,0.2702,672827.0,0.2697,,918531536.0
1753505141612,04:45:41.612,bitmart,ALGO/USDT:USDT,0.2692,2918.0,0.2702,672827.0,0.2696,,918531550.0
1753505143608,04:45:43.608,bitmart,ALGO/USDT:USDT,0.2692,2918.0,0.2702,672827.0,0.2695,,918531562.0
1753505145596,04:45:45.596,bitmart,ALGO/USDT:USDT,0.2692,2918.0,0.2702,672827.0,0.2696,,918531576.0
1753505147507,04:45:47.507,bitmart,ALGO/USDT:USDT,0.2692,2918.0,0.2702,672827.0,0.2696,,918531580.0
1753505148604,04:45:48.604,bitmart,ALGO/USDT:USDT,0.2692,2918.0,0.2702,672827.0,0.2696,,918531590.0
1753505150614,04:45:50.614,bitmart,ALGO/USDT:USDT,0.2692,2918.0,0.2702,672827.0,0.2695,,918531602.0
1753505152620,04:45:52.620,bitmart,ALGO/USDT:USDT,0.2692,2918.0,0.2702,675768.0,0.2696,,918531618.0
1753505155520,04:45:55.520,bitmart,ALGO/USDT:USDT,0.2692,2918.0,0.2702,2941.0,0.2698,,918538358.0
1753505156618,04:45:56.618,bitmart,ALGO/USDT:USDT,0.2692,2918.0,0.2702,2941.0,0.2698,,918543404.0
1753505157614,04:45:57.614,bitmart,ALGO/USDT:USDT,0.2692,2918.0,0.2702,2941.0,0.2697,,918543410.0
1753505158528,04:45:58.528,bitmart,ALGO/USDT:USDT,0.2692,2918.0,0.2703,751483.0,0.2697,,918543424.0
1753505159517,04:45:59.517,bitmart,ALGO/USDT:USDT,0.2692,2918.0,0.2703,754423.0,0.2697,,918543566.0
1753505160524,04:46:00.524,bitmart,ALGO/USDT:USDT,0.2692,2918.0,0.2703,754423.0,0.2697,,918161064.0
1753505165507,04:46:05.507,bitmart,ALGO/USDT:USDT,0.2692,2918.0,0.2703,2940.0,0.2697,,918164928.0
1753505167611,04:46:07.611,bitmart,ALGO/USDT:USDT,0.2692,131019.0,0.2703,2940.0,0.2697,,918164940.0
1753505168508,04:46:08.508,bitmart,ALGO/USDT:USDT,0.2692,131019.0,0.2703,2940.0,0.2697,,918164940.0
1753505170607,04:46:10.607,bitmart,ALGO/USDT:USDT,0.2692,131019.0,0.2703,2940.0,0.2697,,918165322.0
1753505171610,04:46:11.610,bitmart,ALGO/USDT:USDT,0.2692,131019.0,0.2703,2940.0,0.2697,,918165824.0
1753505172528,04:46:12.528,bitmart,ALGO/USDT:USDT,0.2692,131019.0,0.2703,2940.0,0.2697,,918165824.0
1753505173614,04:46:13.614,bitmart,ALGO/USDT:USDT,0.2692,131019.0,0.2703,2940.0,0.2698,,918175442.0
1753505174614,04:46:14.614,bitmart,ALGO/USDT:USDT,0.2692,131019.0,0.2703,2940.0,0.2696,,918182656.0
1753505175614,04:46:15.614,bitmart,ALGO/USDT:USDT,0.2692,131019.0,0.2703,2940.0,0.2697,,918182666.0
1753505176520,04:46:16.520,bitmart,ALGO/USDT:USDT,0.2692,131019.0,0.2703,2940.0,0.2697,,918182674.0
1753505177533,04:46:17.533,bitmart,ALGO/USDT:USDT,0.2692,131019.0,0.2703,2940.0,0.2697,,918193934.0
1753505179612,04:46:19.612,bitmart,ALGO/USDT:USDT,0.2692,131019.0,0.2703,2940.0,0.2698,,918195462.0
1753505180595,04:46:20.595,bitmart,ALGO/USDT:USDT,0.2692,131019.0,0.2703,2940.0,0.2698,,918195462.0
1753505181517,04:46:21.517,bitmart,ALGO/USDT:USDT,0.2692,131019.0,0.2703,2940.0,0.2698,,918195462.0
1753505182608,04:46:22.608,bitmart,ALGO/USDT:USDT,0.2692,961748.0,0.2704,2938.0,0.2698,,918195470.0
1753505183508,04:46:23.508,bitmart,ALGO/USDT:USDT,0.2694,50329.0,0.2704,2938.0,0.2698,,918195470.0
1753505184606,04:46:24.606,bitmart,ALGO/USDT:USDT,0.2694,50329.0,0.2704,2938.0,0.2697,,918195474.0
1753505186519,04:46:26.519,bitmart,ALGO/USDT:USDT,0.2695,2916.0,0.2704,409791.0,0.2698,,918199672.0
1753505187608,04:46:27.608,bitmart,ALGO/USDT:USDT,0.2695,2916.0,0.2704,409791.0,0.2697,,918199678.0
1753505190602,04:46:30.602,bitmart,ALGO/USDT:USDT,0.2695,2916.0,0.2703,50320.0,0.2697,,918225004.0
1753505192616,04:46:32.616,bitmart,ALGO/USDT:USDT,0.2695,2916.0,0.2703,50320.0,0.2697,,918230402.0
1753505193615,04:46:33.615,bitmart,ALGO/USDT:USDT,0.2695,2916.0,0.2703,50320.0,0.2698,,918237588.0
1753505194614,04:46:34.614,bitmart,ALGO/USDT:USDT,0.2695,2916.0,0.2703,50320.0,0.2697,,918237596.0
1753505195525,04:46:35.525,bitmart,ALGO/USDT:USDT,0.2695,2916.0,0.2703,50320.0,0.2697,,918239106.0
1753505196613,04:46:36.613,bitmart,ALGO/USDT:USDT,0.2695,2916.0,0.2703,50320.0,0.2698,,918240602.0
1753505199512,04:46:39.512,bitmart,ALGO/USDT:USDT,0.2695,2916.0,0.2703,50320.0,0.2697,,918241094.0
1753505200614,04:46:40.614,bitmart,ALGO/USDT:USDT,0.2695,2916.0,0.2703,50320.0,0.2697,,918241102.0
1753505202617,04:46:42.617,bitmart,ALGO/USDT:USDT,0.2695,2916.0,0.2703,50320.0,0.2697,,918241122.0
1753505203618,04:46:43.618,bitmart,ALGO/USDT:USDT,0.2695,2916.0,0.2703,50320.0,0.2697,,918241492.0
1753505205604,04:46:45.604,bitmart,ALGO/USDT:USDT,0.2695,2916.0,0.2704,2938.0,0.2698,,918241508.0
1753505208595,04:46:48.595,bitmart,ALGO/USDT:USDT,0.2695,2916.0,0.2704,2938.0,0.2698,,918241512.0
1753505209613,04:46:49.613,bitmart,ALGO/USDT:USDT,0.2695,2916.0,0.2704,2938.0,0.2699,,918241516.0
1753505210616,04:46:50.616,bitmart,ALGO/USDT:USDT,0.2695,2916.0,0.2704,2938.0,0.2699,,918242450.0
1753505211631,04:46:51.631,bitmart,ALGO/USDT:USDT,0.2695,2916.0,0.2704,2938.0,0.2698,,918243696.0
1753505215541,04:46:55.541,bitmart,ALGO/USDT:USDT,0.2695,2916.0,0.2704,858223.0,0.2698,,918244160.0
1753505216529,04:46:56.529,bitmart,ALGO/USDT:USDT,0.2695,2916.0,0.2704,858223.0,0.2697,,918245320.0
1753505219618,04:46:59.618,bitmart,ALGO/USDT:USDT,0.2695,2916.0,0.2704,2938.0,0.2698,,918289446.0
1753505220551,04:47:00.551,bitmart,ALGO/USDT:USDT,0.2695,2916.0,0.2704,2938.0,0.2698,,918011686.0
1753505222531,04:47:02.531,bitmart,ALGO/USDT:USDT,0.2695,2916.0,0.2704,2938.0,0.2698,,918011720.0
1753505223609,04:47:03.609,bitmart,ALGO/USDT:USDT,0.2695,2916.0,0.2704,2938.0,0.2697,,918011726.0
1753505225508,04:47:05.508,bitmart,ALGO/USDT:USDT,0.2695,2916.0,0.2704,2938.0,0.2697,,918011726.0
1753505226617,04:47:06.617,bitmart,ALGO/USDT:USDT,0.2695,2916.0,0.2704,2938.0,0.2698,,918011730.0
1753505227534,04:47:07.534,bitmart,ALGO/USDT:USDT,0.2695,2916.0,0.2704,2938.0,0.2698,,918011730.0
1753505229609,04:47:09.609,bitmart,ALGO/USDT:USDT,0.2695,2916.0,0.2704,2938.0,0.2698,,918011742.0
1753505231608,04:47:11.608,bitmart,ALGO/USDT:USDT,0.2695,2916.0,0.2704,2938.0,0.2699,,918011962.0
1753505232615,04:47:12.615,bitmart,ALGO/USDT:USDT,0.2695,2916.0,0.2704,821834.0,0.2699,,918011972.0
1753505233605,04:47:13.605,bitmart,ALGO/USDT:USDT,0.2695,2916.0,0.2704,821834.0,0.2697,,918023588.0
1753505234503,04:47:14.503,bitmart,ALGO/USDT:USDT,0.2695,2916.0,0.2704,821834.0,0.2697,,918023588.0
1753505235510,04:47:15.510,bitmart,ALGO/USDT:USDT,0.2693,2918.0,0.2703,424555.0,0.2697,,918023588.0
1753505236615,04:47:16.615,bitmart,ALGO/USDT:USDT,0.2693,2918.0,0.2703,424555.0,0.2697,,918023594.0
1753505237617,04:47:17.617,bitmart,ALGO/USDT:USDT,0.2693,2918.0,0.2703,474875.0,0.2698,,918040290.0
1753505238610,04:47:18.610,bitmart,ALGO/USDT:USDT,0.2693,2918.0,0.2703,474875.0,0.2698,,918040902.0
1753505239543,04:47:19.543,bitmart,ALGO/USDT:USDT,0.2693,2918.0,0.2703,474875.0,0.2697,,918040908.0
1753505240506,04:47:20.506,bitmart,ALGO/USDT:USDT,0.2693,2918.0,0.2703,474875.0,0.2697,,918040908.0
1753505241519,04:47:21.519,bitmart,ALGO/USDT:USDT,0.2693,2918.0,0.2703,474875.0,0.2697,,918040908.0
1753505243606,04:47:23.606,bitmart,ALGO/USDT:USDT,0.2693,2918.0,0.2703,474875.0,0.2698,,918040914.0
1753505244606,04:47:24.606,bitmart,ALGO/USDT:USDT,0.2693,2918.0,0.2703,474875.0,0.2697,,918040920.0
1753505245608,04:47:25.608,bitmart,ALGO/USDT:USDT,0.2693,2918.0,0.2703,474875.0,0.2697,,918040924.0
1753505246614,04:47:26.614,bitmart,ALGO/USDT:USDT,0.2693,2918.0,0.2703,474875.0,0.2696,,918040932.0
1753505247512,04:47:27.512,bitmart,ALGO/USDT:USDT,0.2693,2918.0,0.2703,474875.0,0.2697,,918040942.0
1753505248609,04:47:28.609,bitmart,ALGO/USDT:USDT,0.2693,2918.0,0.2703,474875.0,0.2697,,918042332.0
1753505249610,04:47:29.610,bitmart,ALGO/USDT:USDT,0.2693,2918.0,0.2703,474875.0,0.2697,,918044184.0
1753505250518,04:47:30.518,bitmart,ALGO/USDT:USDT,0.2693,2918.0,0.2703,474875.0,0.2696,,918044188.0
1753505251605,04:47:31.605,bitmart,ALGO/USDT:USDT,0.2693,2918.0,0.2703,474875.0,0.2698,,918044196.0
1753505252602,04:47:32.602,bitmart,ALGO/USDT:USDT,0.2693,2918.0,0.2703,474875.0,0.2697,,918044206.0
1753505253518,04:47:33.518,bitmart,ALGO/USDT:USDT,0.2693,2918.0,0.2703,474875.0,0.2697,,918044206.0
1753505254607,04:47:34.607,bitmart,ALGO/USDT:USDT,0.2693,2918.0,0.2703,474875.0,0.2697,,918044210.0
1753505256610,04:47:36.610,bitmart,ALGO/USDT:USDT,0.2693,2918.0,0.2703,474875.0,0.2697,,918044218.0
1753505257618,04:47:37.618,bitmart,ALGO/USDT:USDT,0.2693,2918.0,0.2703,474875.0,0.2698,,918044228.0
1753505258608,04:47:38.608,bitmart,ALGO/USDT:USDT,0.2693,2918.0,0.2703,474875.0,0.2697,,918044234.0
1753505262621,04:47:42.621,bitmart,ALGO/USDT:USDT,0.2693,2918.0,0.2703,2940.0,0.2697,,918044260.0
1753505264593,04:47:44.593,bitmart,ALGO/USDT:USDT,0.2693,2918.0,0.2702,50320.0,0.2698,,918046808.0
1753505267519,04:47:47.519,bitmart,ALGO/USDT:USDT,0.2693,2918.0,0.2701,2941.0,0.2697,,918072654.0
1753505268609,04:47:48.609,bitmart,ALGO/USDT:USDT,0.2693,2918.0,0.2701,2941.0,0.2696,,918072664.0
1753505269614,04:47:49.614,bitmart,ALGO/USDT:USDT,0.2693,2918.0,0.2701,2941.0,0.2696,,918089838.0
1753505270616,04:47:50.616,bitmart,ALGO/USDT:USDT,0.2693,2918.0,0.2701,2941.0,0.2696,,918089838.0
1753505272616,04:47:52.616,bitmart,ALGO/USDT:USDT,0.2693,2918.0,0.2701,2941.0,0.2697,,918138972.0
1753505273617,04:47:53.617,bitmart,ALGO/USDT:USDT,0.2693,2918.0,0.2701,2941.0,0.2697,,918138980.0
1753505275506,04:47:55.506,bitmart,ALGO/USDT:USDT,0.2691,2920.0,0.2701,917882.0,0.2696,,918138988.0
1753505279538,04:47:59.538,bitmart,ALGO/USDT:USDT,0.2691,2920.0,0.2701,917882.0,0.2694,,918536308.0
1753505281529,04:48:01.529,bitmart,ALGO/USDT:USDT,0.2691,2920.0,0.2701,917882.0,0.2694,,918226158.0
1753505282521,04:48:02.521,bitmart,ALGO/USDT:USDT,0.2691,2920.0,0.2701,917882.0,0.2694,,918226172.0
1753505283509,04:48:03.509,bitmart,ALGO/USDT:USDT,0.2691,2920.0,0.2701,917882.0,0.2694,,918226172.0
1753505284621,04:48:04.621,bitmart,ALGO/USDT:USDT,0.2691,2920.0,0.2701,1046073.0,0.2695,,918399318.0
1753505285516,04:48:05.516,bitmart,ALGO/USDT:USDT,0.2691,2920.0,0.2701,1046073.0,0.2695,,918399318.0
1753505289507,04:48:09.507,bitmart,ALGO/USDT:USDT,0.2691,2920.0,0.2701,1046073.0,0.2695,,918457234.0
1753505291506,04:48:11.506,bitmart,ALGO/USDT:USDT,0.2691,2920.0,0.2701,128191.0,0.2694,,918457242.0
1753505292607,04:48:12.607,bitmart,ALGO/USDT:USDT,0.2691,2920.0,0.2701,128191.0,0.2697,,918457248.0
1753505294515,04:48:14.515,bitmart,ALGO/USDT:USDT,0.2691,2920.0,0.2701,128191.0,0.2697,,918590088.0
1753505295595,04:48:15.595,bitmart,ALGO/USDT:USDT,0.2691,2920.0,0.2702,926597.0,0.2697,,918590088.0
1753505299605,04:48:19.605,bitmart,ALGO/USDT:USDT,0.2691,2920.0,0.2702,926597.0,0.2697,,918591404.0
1753505300623,04:48:20.623,bitmart,ALGO/USDT:USDT,0.2691,131084.0,0.2702,926597.0,0.2698,,918591412.0
1753505301503,04:48:21.503,bitmart,ALGO/USDT:USDT,0.2691,131084.0,0.2702,926597.0,0.2698,,918591412.0
1753505302616,04:48:22.616,bitmart,ALGO/USDT:USDT,0.2691,131084.0,0.2702,926597.0,0.2697,,918591422.0
1753505303608,04:48:23.608,bitmart,ALGO/USDT:USDT,0.2691,140186.0,0.2702,933108.0,0.2696,,918591428.0
1753505307622,04:48:27.622,bitmart,ALGO/USDT:USDT,0.2691,2920.0,0.2701,759666.0,0.2694,,918777502.0
1753505308613,04:48:28.613,bitmart,ALGO/USDT:USDT,0.2691,2920.0,0.2701,759666.0,0.2693,,918837800.0
1753505309611,04:48:29.611,bitmart,ALGO/USDT:USDT,0.2691,2920.0,0.2701,759666.0,0.2694,,918918196.0
1753505311610,04:48:31.610,bitmart,ALGO/USDT:USDT,0.2691,2920.0,0.27,807723.0,0.2693,,918918210.0
1753505313614,04:48:33.614,bitmart,ALGO/USDT:USDT,0.2691,2920.0,0.27,807723.0,0.2692,,918952450.0
1753505314594,04:48:34.594,bitmart,ALGO/USDT:USDT,0.2691,2920.0,0.27,807723.0,0.2693,,918952456.0
1753505315606,04:48:35.606,bitmart,ALGO/USDT:USDT,0.2691,2920.0,0.27,807723.0,0.2693,,918955004.0
1753505316616,04:48:36.616,bitmart,ALGO/USDT:USDT,0.2691,2920.0,0.27,807723.0,0.2693,,918957018.0
1753505319510,04:48:39.510,bitmart,ALGO/USDT:USDT,0.2691,2920.0,0.27,2943.0,0.2694,,919106406.0
1753505322612,04:48:42.612,bitmart,ALGO/USDT:USDT,0.2691,2920.0,0.27,818810.0,0.2693,,919275252.0
1753505325613,04:48:45.613,bitmart,ALGO/USDT:USDT,0.2691,2920.0,0.27,868243.0,0.2694,,919485102.0
1753505326616,04:48:46.616,bitmart,ALGO/USDT:USDT,0.2691,2920.0,0.27,868243.0,0.2692,,919495480.0
1753505328609,04:48:48.609,bitmart,ALGO/USDT:USDT,0.2691,2920.0,0.27,868243.0,0.2693,,919495488.0
1753505333519,04:48:53.519,bitmart,ALGO/USDT:USDT,0.2691,2920.0,0.27,868243.0,0.2693,,919538578.0
1753505334622,04:48:54.622,bitmart,ALGO/USDT:USDT,0.2691,2920.0,0.27,868243.0,0.2693,,919539166.0
1753505335615,04:48:55.615,bitmart,ALGO/USDT:USDT,0.2691,2920.0,0.27,868243.0,0.2692,,919539172.0
1753505338605,04:48:58.605,bitmart,ALGO/USDT:USDT,0.2691,2920.0,0.27,996502.0,0.2693,,919539210.0
1753505339530,04:48:59.530,bitmart,ALGO/USDT:USDT,0.2691,2920.0,0.27,996502.0,0.2692,,919539224.0
1753505340539,04:49:00.539,bitmart,ALGO/USDT:USDT,0.2691,2920.0,0.27,996502.0,0.2694,,919264992.0
1753505344608,04:49:04.608,bitmart,ALGO/USDT:USDT,0.2691,2920.0,0.27,868243.0,0.2693,,919265020.0
1753505345506,04:49:05.506,bitmart,ALGO/USDT:USDT,0.2691,2920.0,0.27,868243.0,0.2693,,919265020.0
1753505346527,04:49:06.527,bitmart,ALGO/USDT:USDT,0.2691,2920.0,0.27,868243.0,0.2692,,919265038.0
1753505350529,04:49:10.529,bitmart,ALGO/USDT:USDT,0.2691,2920.0,0.27,868243.0,0.2693,,919266808.0
1753505351506,04:49:11.506,bitmart,ALGO/USDT:USDT,0.2691,2920.0,0.27,868243.0,0.2693,,919266808.0
1753505353525,04:49:13.525,bitmart,ALGO/USDT:USDT,0.2691,2920.0,0.27,2943.0,0.2694,,919268568.0
1753505354612,04:49:14.612,bitmart,ALGO/USDT:USDT,0.2691,2920.0,0.27,2943.0,0.2694,,919269884.0
1753505357513,04:49:17.513,bitmart,ALGO/USDT:USDT,0.2691,2920.0,0.27,2943.0,0.2693,,919269894.0
1753505358591,04:49:18.591,bitmart,ALGO/USDT:USDT,0.2691,2920.0,0.27,1316592.0,0.2692,,919288634.0
1753505360527,04:49:20.527,bitmart,ALGO/USDT:USDT,0.2691,2920.0,0.27,829472.0,0.2693,,919302690.0
1753505363515,04:49:23.515,bitmart,ALGO/USDT:USDT,0.2691,2920.0,0.27,2943.0,0.2693,,919310810.0
1753505365541,04:49:25.541,bitmart,ALGO/USDT:USDT,0.2691,2920.0,0.27,348053.0,0.2692,,919322976.0
1753505368622,04:49:28.622,bitmart,ALGO/USDT:USDT,0.2691,2920.0,0.27,918490.0,0.2693,,919322998.0
1753505369609,04:49:29.609,bitmart,ALGO/USDT:USDT,0.2691,2920.0,0.27,918490.0,0.2694,,919323004.0
1753505370609,04:49:30.609,bitmart,ALGO/USDT:USDT,0.2691,2920.0,0.27,918490.0,0.2694,,919323010.0
1753505371613,04:49:31.613,bitmart,ALGO/USDT:USDT,0.2691,2920.0,0.27,918490.0,0.2693,,919323018.0
1753505372618,04:49:32.618,bitmart,ALGO/USDT:USDT,0.2691,2920.0,0.27,918490.0,0.2693,,919327776.0
1753505373636,04:49:33.636,bitmart,ALGO/USDT:USDT,0.2691,2920.0,0.27,918490.0,0.2693,,919327782.0
1753505374532,04:49:34.532,bitmart,ALGO/USDT:USDT,0.2691,2920.0,0.27,918490.0,0.2692,,919327788.0
1753505376613,04:49:36.613,bitmart,ALGO/USDT:USDT,0.2691,2920.0,0.27,918490.0,0.2693,,919327802.0
1753505377631,04:49:37.631,bitmart,ALGO/USDT:USDT,0.2691,2920.0,0.27,968884.0,0.2694,,919327812.0
1753505378618,04:49:38.618,bitmart,ALGO/USDT:USDT,0.2691,2920.0,0.27,968884.0,0.2692,,919338368.0
1753505379517,04:49:39.517,bitmart,ALGO/USDT:USDT,0.2691,2920.0,0.27,968884.0,0.2693,,919352442.0
1753505380525,04:49:40.525,bitmart,ALGO/USDT:USDT,0.2691,2920.0,0.27,968884.0,0.2693,,919352442.0
1753505381533,04:49:41.533,bitmart,ALGO/USDT:USDT,0.2691,2920.0,0.27,968884.0,0.2693,,919352448.0
1753505382528,04:49:42.528,bitmart,ALGO/USDT:USDT,0.2691,2920.0,0.27,968884.0,0.2693,,919352454.0
1753505383614,04:49:43.614,bitmart,ALGO/USDT:USDT,0.2689,2921.0,0.2699,608914.0,0.2693,,919352462.0
1753505384608,04:49:44.608,bitmart,ALGO/USDT:USDT,0.2689,2921.0,0.2699,608914.0,0.2692,,919352618.0
1753505385515,04:49:45.515,bitmart,ALGO/USDT:USDT,0.2689,2921.0,0.27,1097148.0,0.2692,,919352622.0
1753505388506,04:49:48.506,bitmart,ALGO/USDT:USDT,0.269,50394.0,0.27,968884.0,0.2694,,919393220.0
1753505389510,04:49:49.510,bitmart,ALGO/USDT:USDT,0.269,50394.0,0.27,968884.0,0.2694,,919393220.0
1753505391513,04:49:51.513,bitmart,ALGO/USDT:USDT,0.269,50394.0,0.27,968884.0,0.2695,,919393232.0
1753505398533,04:49:58.533,bitmart,ALGO/USDT:USDT,0.2691,2920.0,0.27,2943.0,0.2694,,919578590.0
1753505399618,04:49:59.618,bitmart,ALGO/USDT:USDT,0.2691,2920.0,0.27,2943.0,0.2695,,919578604.0
1753505400628,04:50:00.628,bitmart,ALGO/USDT:USDT,0.2691,2920.0,0.27,2943.0,0.2694,,919346388.0
1753505401554,04:50:01.554,bitmart,ALGO/USDT:USDT,0.2691,2920.0,0.27,2943.0,0.2694,,919346398.0
1753505402614,04:50:02.614,bitmart,ALGO/USDT:USDT,0.2691,2920.0,0.27,2943.0,0.2694,,919346416.0
1753505403517,04:50:03.517,bitmart,ALGO/USDT:USDT,0.2691,2920.0,0.27,2943.0,0.2694,,919346416.0
1753505404611,04:50:04.611,bitmart,ALGO/USDT:USDT,0.2691,2920.0,0.27,2943.0,0.2695,,919346422.0
1753505407509,04:50:07.509,bitmart,ALGO/USDT:USDT,0.2691,2920.0,0.27,2943.0,0.2694,,919346426.0
1753505409502,04:50:09.502,bitmart,ALGO/USDT:USDT,0.2691,2920.0,0.27,2943.0,0.2693,,919346782.0
1753505410617,04:50:10.617,bitmart,ALGO/USDT:USDT,0.2691,2920.0,0.27,2943.0,0.2694,,919347162.0
1753505411514,04:50:11.514,bitmart,ALGO/USDT:USDT,0.2691,2920.0,0.27,2943.0,0.2694,,919347162.0
1753505413501,04:50:13.501,bitmart,ALGO/USDT:USDT,0.2691,2920.0,0.27,53337.0,0.2693,,919353238.0
1753505416611,04:50:16.611,bitmart,ALGO/USDT:USDT,0.2691,2920.0,0.27,53337.0,0.2694,,919359334.0
1753505418596,04:50:18.596,bitmart,ALGO/USDT:USDT,0.2691,2920.0,0.27,53337.0,0.2693,,919359424.0
1753505422614,04:50:22.614,bitmart,ALGO/USDT:USDT,0.2691,2920.0,0.27,705356.0,0.2693,,919359444.0
1753505430600,04:50:30.600,bitmart,ALGO/USDT:USDT,0.2689,2921.0,0.2699,381376.0,0.2691,,919359472.0
1753505432606,04:50:32.606,bitmart,ALGO/USDT:USDT,0.2689,2921.0,0.2699,381376.0,0.2691,,919359472.0
1753505433617,04:50:33.617,bitmart,ALGO/USDT:USDT,0.2689,2921.0,0.2699,381376.0,0.2692,,919359478.0
1753505438614,04:50:38.614,bitmart,ALGO/USDT:USDT,0.2689,2921.0,0.2699,381376.0,0.2692,,919360362.0
1753505442535,04:50:42.535,bitmart,ALGO/USDT:USDT,0.2689,2921.0,0.2699,381376.0,0.2692,,919360382.0
1753505443623,04:50:43.623,bitmart,ALGO/USDT:USDT,0.2689,2921.0,0.2699,2943.0,0.2691,,919360392.0
1753505444523,04:50:44.523,bitmart,ALGO/USDT:USDT,0.2689,53315.0,0.2699,2943.0,0.2693,,919360452.0
1753505446614,04:50:46.614,bitmart,ALGO/USDT:USDT,0.2689,53315.0,0.2699,2943.0,0.2692,,919360462.0
1753505447533,04:50:47.533,bitmart,ALGO/USDT:USDT,0.2689,53315.0,0.2699,2943.0,0.2693,,919372212.0
1753505449501,04:50:49.501,bitmart,ALGO/USDT:USDT,0.2689,53315.0,0.2699,2943.0,0.2693,,919372220.0
1753505450526,04:50:50.526,bitmart,ALGO/USDT:USDT,0.2689,2921.0,0.2699,443827.0,0.2693,,919372220.0
1753505451621,04:50:51.621,bitmart,ALGO/USDT:USDT,0.2689,2921.0,0.2699,443827.0,0.2692,,919372224.0
1753505452525,04:50:52.525,bitmart,ALGO/USDT:USDT,0.2689,2921.0,0.2699,443827.0,0.2692,,919372232.0
1753505453614,04:50:53.614,bitmart,ALGO/USDT:USDT,0.2689,2921.0,0.2699,443827.0,0.2692,,919372236.0
1753505455610,04:50:55.610,bitmart,ALGO/USDT:USDT,0.2689,2921.0,0.2699,443827.0,0.2692,,919372250.0
1753505456502,04:50:56.502,bitmart,ALGO/USDT:USDT,0.2689,2921.0,0.2698,2945.0,0.2692,,919372250.0
1753505457620,04:50:57.620,bitmart,ALGO/USDT:USDT,0.2689,2921.0,0.2697,50394.0,0.2691,,919375854.0
1753505461622,04:51:01.622,bitmart,ALGO/USDT:USDT,0.2689,2921.0,0.2697,50394.0,0.2692,,918626364.0
1753505463516,04:51:03.516,bitmart,ALGO/USDT:USDT,0.2687,2923.0,0.2696,350536.0,0.2691,,918626382.0
1753505464518,04:51:04.518,bitmart,ALGO/USDT:USDT,0.2687,2923.0,0.2696,350536.0,0.2691,,918626392.0
1753505465503,04:51:05.503,bitmart,ALGO/USDT:USDT,0.2687,2923.0,0.2696,350536.0,0.2691,,918626392.0
1753505467603,04:51:07.603,bitmart,ALGO/USDT:USDT,0.2687,2923.0,0.2696,350536.0,0.269,,918626404.0
1753505468527,04:51:08.527,bitmart,ALGO/USDT:USDT,0.2687,2923.0,0.2696,350536.0,0.2691,,918626424.0
1753505470524,04:51:10.524,bitmart,ALGO/USDT:USDT,0.2687,2923.0,0.2696,350536.0,0.2691,,918626438.0
1753505472513,04:51:12.513,bitmart,ALGO/USDT:USDT,0.2687,2923.0,0.2696,350536.0,0.269,,918627466.0
1753505473520,04:51:13.520,bitmart,ALGO/USDT:USDT,0.2687,2923.0,0.2696,350536.0,0.269,,918627466.0
1753505475503,04:51:15.503,bitmart,ALGO/USDT:USDT,0.2687,2923.0,0.2696,350536.0,0.2691,,918627476.0
1753505480616,04:51:20.616,bitmart,ALGO/USDT:USDT,0.2687,2923.0,0.2696,350536.0,0.2691,,918631362.0
1753505481506,04:51:21.506,bitmart,ALGO/USDT:USDT,0.2687,2923.0,0.2696,350536.0,0.2691,,918631362.0
1753505482616,04:51:22.616,bitmart,ALGO/USDT:USDT,0.2687,2923.0,0.2696,350536.0,0.2691,,918631378.0
1753505483604,04:51:23.604,bitmart,ALGO/USDT:USDT,0.2687,2923.0,0.2696,350536.0,0.2691,,918631378.0
1753505484615,04:51:24.615,bitmart,ALGO/USDT:USDT,0.2687,2923.0,0.2696,350536.0,0.269,,918632446.0
1753505486612,04:51:26.612,bitmart,ALGO/USDT:USDT,0.2687,4255.0,0.2697,2946.0,0.2692,,918633568.0
1753505487508,04:51:27.508,bitmart,ALGO/USDT:USDT,0.2687,4255.0,0.2697,2946.0,0.2692,,918633568.0
1753505488550,04:51:28.550,bitmart,ALGO/USDT:USDT,0.2687,2923.0,0.2697,2946.0,0.2691,,918633574.0
1753505493525,04:51:33.525,bitmart,ALGO/USDT:USDT,0.2687,53317.0,0.2697,53340.0,0.2692,,918675126.0
1753505495515,04:51:35.515,bitmart,ALGO/USDT:USDT,0.2687,53317.0,0.2697,53340.0,0.2692,,918675142.0
1753505498603,04:51:38.603,bitmart,ALGO/USDT:USDT,0.2687,53317.0,0.2697,53340.0,0.2691,,918679638.0
1753505499515,04:51:39.515,bitmart,ALGO/USDT:USDT,0.2687,53317.0,0.2697,53340.0,0.2691,,918679638.0
1753505501505,04:51:41.505,bitmart,ALGO/USDT:USDT,0.2687,53317.0,0.2697,53340.0,0.2691,,918679638.0
1753505502527,04:51:42.527,bitmart,ALGO/USDT:USDT,0.2687,53317.0,0.2697,53340.0,0.2692,,918679650.0
1753505503548,04:51:43.548,bitmart,ALGO/USDT:USDT,0.2687,53317.0,0.2697,53340.0,0.2692,,918679650.0
1753505504557,04:51:44.557,bitmart,ALGO/USDT:USDT,0.2687,53317.0,0.2697,53340.0,0.2692,,918679650.0
1753505506613,04:51:46.613,bitmart,ALGO/USDT:USDT,0.2687,53317.0,0.2697,53340.0,0.2693,,918682402.0
1753505507537,04:51:47.537,bitmart,ALGO/USDT:USDT,0.2687,53317.0,0.2697,53340.0,0.2692,,918686064.0
1753505508611,04:51:48.611,bitmart,ALGO/USDT:USDT,0.2687,53317.0,0.2697,53340.0,0.2692,,918686072.0
1753505514617,04:51:54.617,bitmart,ALGO/USDT:USDT,0.2687,53317.0,0.2697,53340.0,0.2693,,918691228.0
1753505515611,04:51:55.611,bitmart,ALGO/USDT:USDT,0.2687,53317.0,0.2697,53340.0,0.2691,,918698058.0
1753505516616,04:51:56.616,bitmart,ALGO/USDT:USDT,0.2687,53317.0,0.2697,53340.0,0.2692,,918698902.0
1753505517604,04:51:57.604,bitmart,ALGO/USDT:USDT,0.2687,53317.0,0.2697,53340.0,0.2692,,918700028.0
1753505518514,04:51:58.514,bitmart,ALGO/USDT:USDT,0.2687,53317.0,0.2697,53340.0,0.2692,,918700044.0
1753505519613,04:51:59.613,bitmart,ALGO/USDT:USDT,0.2687,53317.0,0.2697,53340.0,0.2692,,918700050.0
1753505520533,04:52:00.533,bitmart,ALGO/USDT:USDT,0.2687,53317.0,0.2697,53340.0,0.2693,,918700058.0
1753505525542,04:52:05.542,bitmart,ALGO/USDT:USDT,0.2687,181663.0,0.2698,920036.0,0.2693,,918078694.0
1753505526504,04:52:06.504,bitmart,ALGO/USDT:USDT,0.2687,181663.0,0.2698,920036.0,0.2692,,918172274.0
1753505527613,04:52:07.613,bitmart,ALGO/USDT:USDT,0.2687,181663.0,0.2698,920036.0,0.2692,,918172274.0
1753505528615,04:52:08.615,bitmart,ALGO/USDT:USDT,0.2687,181663.0,0.2698,920036.0,0.2693,,918172286.0
1753505530503,04:52:10.503,bitmart,ALGO/USDT:USDT,0.2687,53317.0,0.2698,2945.0,0.2692,,918172294.0
1753505532609,04:52:12.609,bitmart,ALGO/USDT:USDT,0.2687,53317.0,0.2698,2945.0,0.2692,,918175244.0
1753505534617,04:52:14.617,bitmart,ALGO/USDT:USDT,0.2687,53317.0,0.2698,2945.0,0.2693,,918175864.0
1753505536614,04:52:16.614,bitmart,ALGO/USDT:USDT,0.2687,181626.0,0.2698,2945.0,0.2692,,918175878.0
1753505537515,04:52:17.515,bitmart,ALGO/USDT:USDT,0.2687,181626.0,0.2698,2945.0,0.2692,,918175878.0
1753505538611,04:52:18.611,bitmart,ALGO/USDT:USDT,0.2687,181626.0,0.2698,2945.0,0.2692,,918175896.0
1753505542625,04:52:22.625,bitmart,ALGO/USDT:USDT,0.2687,181626.0,0.2698,2945.0,0.2692,,918175908.0
1753505544513,04:52:24.513,bitmart,ALGO/USDT:USDT,0.2687,181626.0,0.2698,2945.0,0.2692,,918175912.0
1753505545503,04:52:25.503,bitmart,ALGO/USDT:USDT,0.2687,181626.0,0.2698,2945.0,0.2692,,918175912.0
1753505546609,04:52:26.609,bitmart,ALGO/USDT:USDT,0.2687,181626.0,0.2698,2945.0,0.2693,,918175920.0
1753505547500,04:52:27.500,bitmart,ALGO/USDT:USDT,0.2687,181626.0,0.2698,2945.0,0.2693,,918175920.0
1753505548607,04:52:28.607,bitmart,ALGO/USDT:USDT,0.2687,181626.0,0.2698,2945.0,0.2693,,918175932.0
1753505549501,04:52:29.501,bitmart,ALGO/USDT:USDT,0.2687,181626.0,0.2698,2945.0,0.2693,,918175932.0
1753505550524,04:52:30.524,bitmart,ALGO/USDT:USDT,0.2687,181626.0,0.2698,2945.0,0.2692,,918175944.0
1753505551502,04:52:31.502,bitmart,ALGO/USDT:USDT,0.2687,181626.0,0.2698,2945.0,0.2692,,918175944.0
1753505552627,04:52:32.627,bitmart,ALGO/USDT:USDT,0.2687,181626.0,0.2698,2945.0,0.2691,,918175950.0
1753505554600,04:52:34.600,bitmart,ALGO/USDT:USDT,0.2687,181626.0,0.2698,2945.0,0.2693,,918175964.0
1753505557504,04:52:37.504,bitmart,ALGO/USDT:USDT,0.2687,181626.0,0.2698,2945.0,0.2692,,918175980.0
1753505558614,04:52:38.614,bitmart,ALGO/USDT:USDT,0.2687,181626.0,0.2698,2945.0,0.2692,,918175986.0
1753505559502,04:52:39.502,bitmart,ALGO/USDT:USDT,0.2687,181626.0,0.2698,2945.0,0.2692,,918175986.0
1753505560513,04:52:40.513,bitmart,ALGO/USDT:USDT,0.2687,181626.0,0.2698,2945.0,0.2692,,918176002.0
1753505562522,04:52:42.522,bitmart,ALGO/USDT:USDT,0.2687,181626.0,0.2698,2945.0,0.2692,,918176018.0
1753505563513,04:52:43.513,bitmart,ALGO/USDT:USDT,0.2687,181626.0,0.2698,2945.0,0.2692,,918176018.0
1753505565513,04:52:45.513,bitmart,ALGO/USDT:USDT,0.2687,181626.0,0.2698,2945.0,0.2692,,918176036.0
1753505566611,04:52:46.611,bitmart,ALGO/USDT:USDT,0.2687,181626.0,0.2698,2945.0,0.2693,,918176046.0
1753505567502,04:52:47.502,bitmart,ALGO/USDT:USDT,0.2687,181626.0,0.2698,2945.0,0.2693,,918176046.0
1753505570615,04:52:50.615,bitmart,ALGO/USDT:USDT,0.2687,181626.0,0.2698,2945.0,0.2693,,918176076.0
1753505571601,04:52:51.601,bitmart,ALGO/USDT:USDT,0.2687,181626.0,0.2698,2945.0,0.2693,,918176076.0
1753505574525,04:52:54.525,bitmart,ALGO/USDT:USDT,0.2687,131232.0,0.2697,50394.0,0.2691,,918176100.0
1753505576529,04:52:56.529,bitmart,ALGO/USDT:USDT,0.2687,131232.0,0.2697,50394.0,0.2692,,918176114.0
1753505578548,04:52:58.548,bitmart,ALGO/USDT:USDT,0.2687,2923.0,0.2697,50394.0,0.2691,,918176118.0
1753505582605,04:53:02.605,bitmart,ALGO/USDT:USDT,0.2687,2923.0,0.2696,379875.0,0.2693,,917629144.0
1753505583509,04:53:03.509,bitmart,ALGO/USDT:USDT,0.2687,2923.0,0.2697,53340.0,0.2693,,917629144.0
1753505587514,04:53:07.514,bitmart,ALGO/USDT:USDT,0.2687,2923.0,0.2697,53340.0,0.2693,,917658220.0
1753505590527,04:53:10.527,bitmart,ALGO/USDT:USDT,0.2687,2923.0,0.2697,53340.0,0.2692,,917659912.0
1753505592504,04:53:12.504,bitmart,ALGO/USDT:USDT,0.2687,2923.0,0.2697,53340.0,0.2692,,917659912.0
1753505593512,04:53:13.512,bitmart,ALGO/USDT:USDT,0.2687,53317.0,0.2697,53340.0,0.2692,,917659912.0
1753505595617,04:53:15.617,bitmart,ALGO/USDT:USDT,0.2687,53317.0,0.2697,53340.0,0.2692,,917659912.0
1753505596505,04:53:16.505,bitmart,ALGO/USDT:USDT,0.2687,53317.0,0.2697,53340.0,0.2692,,917659912.0
1753505598517,04:53:18.517,bitmart,ALGO/USDT:USDT,0.2687,2923.0,0.2697,53340.0,0.2691,,917659924.0
1753505600593,04:53:20.593,bitmart,ALGO/USDT:USDT,0.2687,2923.0,0.2697,53340.0,0.2692,,917659936.0
1753505601502,04:53:21.502,bitmart,ALGO/USDT:USDT,0.2687,2923.0,0.2697,53340.0,0.2692,,917659936.0
1753505604609,04:53:24.609,bitmart,ALGO/USDT:USDT,0.2687,2923.0,0.2697,53340.0,0.2692,,917659962.0
1753505605504,04:53:25.504,bitmart,ALGO/USDT:USDT,0.2687,2923.0,0.2697,53340.0,0.2692,,917659962.0
1753505606517,04:53:26.517,bitmart,ALGO/USDT:USDT,0.2687,2923.0,0.2697,53340.0,0.2693,,917659968.0
1753505607527,04:53:27.527,bitmart,ALGO/USDT:USDT,0.2687,2923.0,0.2696,887023.0,0.2693,,917659968.0
1753505612615,04:53:32.615,bitmart,ALGO/USDT:USDT,0.2687,2923.0,0.2696,887023.0,0.2692,,917660002.0
1753505613515,04:53:33.515,bitmart,ALGO/USDT:USDT,0.2687,2923.0,0.2696,897604.0,0.2692,,917660002.0
1753505615515,04:53:35.515,bitmart,ALGO/USDT:USDT,0.2687,2923.0,0.2696,937491.0,0.2691,,917660010.0
1753505617618,04:53:37.618,bitmart,ALGO/USDT:USDT,0.2687,2923.0,0.2696,883270.0,0.269,,917660020.0
1753505618619,04:53:38.619,bitmart,ALGO/USDT:USDT,0.2687,2923.0,0.2696,883270.0,0.2691,,917808196.0
1753505619509,04:53:39.509,bitmart,ALGO/USDT:USDT,0.2687,2923.0,0.2696,883270.0,0.2691,,917808196.0
1753505620622,04:53:40.622,bitmart,ALGO/USDT:USDT,0.2687,2923.0,0.2696,883270.0,0.2692,,917890528.0
1753505621526,04:53:41.526,bitmart,ALGO/USDT:USDT,0.2687,2923.0,0.2696,883270.0,0.2692,,917890528.0
1753505622608,04:53:42.608,bitmart,ALGO/USDT:USDT,0.2687,2923.0,0.2696,883270.0,0.2691,,917890898.0
1753505623510,04:53:43.510,bitmart,ALGO/USDT:USDT,0.2687,2923.0,0.2696,883270.0,0.2691,,917890898.0
1753505624523,04:53:44.523,bitmart,ALGO/USDT:USDT,0.2687,2923.0,0.2696,883270.0,0.269,,917890906.0
1753505627507,04:53:47.507,bitmart,ALGO/USDT:USDT,0.2687,2923.0,0.2696,750351.0,0.2691,,917900974.0
1753505628612,04:53:48.612,bitmart,ALGO/USDT:USDT,0.2687,2923.0,0.2696,750351.0,0.2691,,917900978.0
1753505629508,04:53:49.508,bitmart,ALGO/USDT:USDT,0.2687,2923.0,0.2697,2946.0,0.2691,,917900978.0
1753505630612,04:53:50.612,bitmart,ALGO/USDT:USDT,0.2687,2923.0,0.2697,2946.0,0.2692,,917951076.0
1753505631514,04:53:51.514,bitmart,ALGO/USDT:USDT,0.2687,2923.0,0.2697,2946.0,0.2692,,917951076.0
1753505633518,04:53:53.518,bitmart,ALGO/USDT:USDT,0.2687,2923.0,0.2697,2946.0,0.2693,,917951080.0
1753505634616,04:53:54.616,bitmart,ALGO/USDT:USDT,0.2687,2923.0,0.2697,2946.0,0.2692,,917951096.0
1753505636613,04:53:56.613,bitmart,ALGO/USDT:USDT,0.2687,2923.0,0.2697,2946.0,0.2692,,917966014.0
1753505638612,04:53:58.612,bitmart,ALGO/USDT:USDT,0.2687,2923.0,0.2697,2946.0,0.2692,,917977214.0
1753505639617,04:53:59.617,bitmart,ALGO/USDT:USDT,0.2687,2923.0,0.2697,2946.0,0.2692,,917977236.0
1753505644606,04:54:04.606,bitmart,ALGO/USDT:USDT,0.2687,2923.0,0.2698,925797.0,0.2691,,918128786.0
1753505645514,04:54:05.514,bitmart,ALGO/USDT:USDT,0.2687,2923.0,0.2698,925797.0,0.2691,,918128786.0
1753505647508,04:54:07.508,bitmart,ALGO/USDT:USDT,0.2687,2923.0,0.2698,925797.0,0.2692,,918173836.0
1753505648612,04:54:08.612,bitmart,ALGO/USDT:USDT,0.2687,131268.0,0.2698,925797.0,0.2692,,918173852.0
1753505650516,04:54:10.516,bitmart,ALGO/USDT:USDT,0.2687,131268.0,0.2698,925797.0,0.2691,,918173868.0
1753505651530,04:54:11.530,bitmart,ALGO/USDT:USDT,0.2687,131268.0,0.2698,925797.0,0.2691,,918173868.0
1753505654622,04:54:14.622,bitmart,ALGO/USDT:USDT,0.2687,4773.0,0.2698,925797.0,0.2691,,918232424.0
1753505657530,04:54:17.530,bitmart,ALGO/USDT:USDT,0.2687,2923.0,0.2696,700415.0,0.269,,918232438.0
1753505658612,04:54:18.612,bitmart,ALGO/USDT:USDT,0.2687,2923.0,0.2696,700415.0,0.2691,,918232448.0
1753505659542,04:54:19.542,bitmart,ALGO/USDT:USDT,0.2687,2923.0,0.2696,700415.0,0.2691,,918232448.0
1753505663541,04:54:23.541,bitmart,ALGO/USDT:USDT,0.2687,2923.0,0.2696,700415.0,0.2691,,918290206.0
1753505665517,04:54:25.517,bitmart,ALGO/USDT:USDT,0.2687,2923.0,0.2696,700415.0,0.2691,,918290224.0
1753505669514,04:54:29.514,bitmart,ALGO/USDT:USDT,0.2687,2923.0,0.2696,908163.0,0.2692,,918562458.0
1753505671513,04:54:31.513,bitmart,ALGO/USDT:USDT,0.2687,2923.0,0.2696,908163.0,0.2691,,918562478.0
1753505672615,04:54:32.615,bitmart,ALGO/USDT:USDT,0.2687,2923.0,0.2697,2946.0,0.2692,,918564304.0
1753505673505,04:54:33.505,bitmart,ALGO/USDT:USDT,0.2687,53391.0,0.2697,2946.0,0.2692,,918564304.0
1753505674612,04:54:34.612,bitmart,ALGO/USDT:USDT,0.2687,53391.0,0.2697,2946.0,0.2691,,918564314.0
1753505677523,04:54:37.523,bitmart,ALGO/USDT:USDT,0.2687,53391.0,0.2697,2946.0,0.2692,,918575072.0
1753505679521,04:54:39.521,bitmart,ALGO/USDT:USDT,0.2687,53391.0,0.2697,2946.0,0.2691,,918583146.0
1753505680619,04:54:40.619,bitmart,ALGO/USDT:USDT,0.2687,53391.0,0.2697,2946.0,0.2692,,918583162.0
1753505681514,04:54:41.514,bitmart,ALGO/USDT:USDT,0.2687,53391.0,0.2697,2946.0,0.2692,,918583162.0
1753505682605,04:54:42.605,bitmart,ALGO/USDT:USDT,0.2687,53391.0,0.2697,2946.0,0.2693,,918583178.0
1753505684600,04:54:44.600,bitmart,ALGO/USDT:USDT,0.2687,53391.0,0.2697,2946.0,0.2692,,918705872.0
1753505685513,04:54:45.513,bitmart,ALGO/USDT:USDT,0.2687,53391.0,0.2697,2946.0,0.2692,,918705872.0
1753505686601,04:54:46.601,bitmart,ALGO/USDT:USDT,0.2687,53391.0,0.2697,2946.0,0.2692,,918706348.0
1753505687565,04:54:47.565,bitmart,ALGO/USDT:USDT,0.2687,53391.0,0.2697,2946.0,0.2692,,918706348.0
1753505688541,04:54:48.541,bitmart,ALGO/USDT:USDT,0.2687,53391.0,0.2697,2946.0,0.2693,,918706358.0
1753505690608,04:54:50.608,bitmart,ALGO/USDT:USDT,0.2687,53391.0,0.2697,2946.0,0.2692,,918706366.0
1753505691515,04:54:51.515,bitmart,ALGO/USDT:USDT,0.2687,53391.0,0.2697,2946.0,0.2692,,918706366.0
1753505693505,04:54:53.505,bitmart,ALGO/USDT:USDT,0.2687,53391.0,0.2697,2946.0,0.2692,,918706382.0
1753505696608,04:54:56.608,bitmart,ALGO/USDT:USDT,0.2687,53391.0,0.2697,2946.0,0.2692,,918706408.0
1753505698525,04:54:58.525,bitmart,ALGO/USDT:USDT,0.2687,53391.0,0.2697,2946.0,0.2692,,918706434.0
1753505704527,04:55:04.527,bitmart,ALGO/USDT:USDT,0.2687,53391.0,0.2697,2946.0,0.2692,,917817730.0
1753505708611,04:55:08.611,bitmart,ALGO/USDT:USDT,0.2687,53317.0,0.2697,2946.0,0.2692,,917919652.0
1753505710525,04:55:10.525,bitmart,ALGO/USDT:USDT,0.2687,53317.0,0.2697,2946.0,0.2693,,917921210.0
1753505711522,04:55:11.522,bitmart,ALGO/USDT:USDT,0.2687,53317.0,0.2697,2946.0,0.2693,,917921210.0
1753505712615,04:55:12.615,bitmart,ALGO/USDT:USDT,0.2687,53317.0,0.2697,2946.0,0.2692,,917921220.0
1753505713505,04:55:13.505,bitmart,ALGO/USDT:USDT,0.2687,53317.0,0.2697,2946.0,0.2692,,917921220.0
1753505714609,04:55:14.609,bitmart,ALGO/USDT:USDT,0.2687,53317.0,0.2697,2946.0,0.2691,,917921228.0
1753505716523,04:55:16.523,bitmart,ALGO/USDT:USDT,0.2687,53317.0,0.2697,2946.0,0.2692,,917921238.0
1753505718526,04:55:18.526,bitmart,ALGO/USDT:USDT,0.2687,53317.0,0.2697,2946.0,0.2691,,917921256.0
1753505719542,04:55:19.542,bitmart,ALGO/USDT:USDT,0.2687,53317.0,0.2697,2946.0,0.2691,,917921256.0
1753505720594,04:55:20.594,bitmart,ALGO/USDT:USDT,0.2687,53317.0,0.2697,2946.0,0.2692,,917921270.0
1753505721520,04:55:21.520,bitmart,ALGO/USDT:USDT,0.2687,53317.0,0.2697,2946.0,0.2692,,917921270.0
1753505722611,04:55:22.611,bitmart,ALGO/USDT:USDT,0.2687,53317.0,0.2697,2946.0,0.2691,,917921284.0
1753505723523,04:55:23.523,bitmart,ALGO/USDT:USDT,0.2687,53317.0,0.2697,2946.0,0.2691,,917921284.0
1753505728614,04:55:28.614,bitmart,ALGO/USDT:USDT,0.2687,181676.0,0.2698,976265.0,0.2692,,917922190.0
1753505729506,04:55:29.506,bitmart,ALGO/USDT:USDT,0.2687,181676.0,0.2698,976265.0,0.2692,,917922190.0
1753505734516,04:55:34.516,bitmart,ALGO/USDT:USDT,0.2687,181676.0,0.2698,976265.0,0.2693,,918102014.0
1753505735516,04:55:35.516,bitmart,ALGO/USDT:USDT,0.2687,181676.0,0.2698,976265.0,0.2693,,918102014.0
1753505736526,04:55:36.526,bitmart,ALGO/USDT:USDT,0.2687,181676.0,0.2698,976265.0,0.2692,,918102284.0
1753505737502,04:55:37.502,bitmart,ALGO/USDT:USDT,0.2687,181676.0,0.2698,976265.0,0.2692,,918102284.0
1753505738607,04:55:38.607,bitmart,ALGO/USDT:USDT,0.2687,181676.0,0.2698,976265.0,0.2692,,918102294.0
1753505739521,04:55:39.521,bitmart,ALGO/USDT:USDT,0.2687,181676.0,0.2698,976265.0,0.2692,,918102294.0
1753505744635,04:55:44.635,bitmart,ALGO/USDT:USDT,0.2687,181676.0,0.2698,976265.0,0.2691,,918110072.0
1753505745616,04:55:45.616,bitmart,ALGO/USDT:USDT,0.2687,181676.0,0.2698,976265.0,0.2692,,918111030.0
1753505746601,04:55:46.601,bitmart,ALGO/USDT:USDT,0.2687,181676.0,0.2698,976265.0,0.2692,,918111748.0
1753505748507,04:55:48.507,bitmart,ALGO/USDT:USDT,0.2687,181676.0,0.2698,976265.0,0.2692,,918111764.0
1753505749621,04:55:49.621,bitmart,ALGO/USDT:USDT,0.2687,181676.0,0.2698,976265.0,0.2691,,918111770.0
1753505750615,04:55:50.615,bitmart,ALGO/USDT:USDT,0.2687,181676.0,0.2698,976265.0,0.2693,,918111778.0
1753505752610,04:55:52.610,bitmart,ALGO/USDT:USDT,0.2687,181676.0,0.2698,976265.0,0.2692,,918112232.0
1753505753525,04:55:53.525,bitmart,ALGO/USDT:USDT,0.2687,181676.0,0.2698,976265.0,0.2691,,918112242.0
1753505755614,04:55:55.614,bitmart,ALGO/USDT:USDT,0.2687,181676.0,0.2698,976265.0,0.2692,,918112254.0
1753505756613,04:55:56.613,bitmart,ALGO/USDT:USDT,0.2687,181676.0,0.2698,976265.0,0.2692,,918112258.0
1753505759524,04:55:59.524,bitmart,ALGO/USDT:USDT,0.2687,181676.0,0.2698,976265.0,0.2693,,918113194.0
1753505760532,04:56:00.532,bitmart,ALGO/USDT:USDT,0.2687,181676.0,0.2698,976265.0,0.2693,,918113194.0
1753505761503,04:56:01.503,bitmart,ALGO/USDT:USDT,0.2687,181676.0,0.2698,976265.0,0.2692,,917640432.0
1753505762535,04:56:02.535,bitmart,ALGO/USDT:USDT,0.2687,181676.0,0.2698,976265.0,0.2691,,917640446.0
1753505763606,04:56:03.606,bitmart,ALGO/USDT:USDT,0.2687,181676.0,0.2698,976265.0,0.2692,,917640450.0
1753505765607,04:56:05.607,bitmart,ALGO/USDT:USDT,0.2687,181676.0,0.2698,976265.0,0.2691,,917640460.0
1753505767610,04:56:07.610,bitmart,ALGO/USDT:USDT,0.2687,181676.0,0.2698,976265.0,0.2692,,917640740.0
1753505769501,04:56:09.501,bitmart,ALGO/USDT:USDT,0.2687,181676.0,0.2698,976265.0,0.2693,,917640750.0
1753505770504,04:56:10.504,bitmart,ALGO/USDT:USDT,0.2687,181676.0,0.2698,976265.0,0.2693,,917640750.0
1753505772607,04:56:12.607,bitmart,ALGO/USDT:USDT,0.2687,181676.0,0.2698,976265.0,0.2692,,917644140.0
1753505774612,04:56:14.612,bitmart,ALGO/USDT:USDT,0.2688,128308.0,0.2698,976265.0,0.2693,,917644156.0
1753505777613,04:56:17.613,bitmart,ALGO/USDT:USDT,0.2689,2921.0,0.2699,2943.0,0.2693,,917645102.0
1753505780612,04:56:20.612,bitmart,ALGO/USDT:USDT,0.2689,2921.0,0.2699,2943.0,0.2693,,917645118.0
1753505782606,04:56:22.606,bitmart,ALGO/USDT:USDT,0.2689,131205.0,0.27,2943.0,0.2694,,917645138.0
1753505783511,04:56:23.511,bitmart,ALGO/USDT:USDT,0.2689,131205.0,0.27,2943.0,0.2694,,917645138.0
1753505784605,04:56:24.605,bitmart,ALGO/USDT:USDT,0.2689,131205.0,0.27,2943.0,0.2693,,917645204.0
1753505786614,04:56:26.614,bitmart,ALGO/USDT:USDT,0.2691,2920.0,0.27,2943.0,0.2694,,917671504.0
1753505787513,04:56:27.513,bitmart,ALGO/USDT:USDT,0.2691,2920.0,0.27,727159.0,0.2694,,917671504.0
1753505789502,04:56:29.502,bitmart,ALGO/USDT:USDT,0.2691,2920.0,0.27,727159.0,0.2693,,917673908.0
1753505791530,04:56:31.530,bitmart,ALGO/USDT:USDT,0.2691,2920.0,0.27,727159.0,0.2692,,917675710.0
1753505792550,04:56:32.550,bitmart,ALGO/USDT:USDT,0.2691,2920.0,0.27,727159.0,0.2693,,917675720.0
1753505793519,04:56:33.519,bitmart,ALGO/USDT:USDT,0.2691,2920.0,0.27,727159.0,0.2693,,917675720.0
1753505794614,04:56:34.614,bitmart,ALGO/USDT:USDT,0.2691,2920.0,0.27,727159.0,0.2693,,917675734.0
1753505795511,04:56:35.511,bitmart,ALGO/USDT:USDT,0.2691,2920.0,0.27,727159.0,0.2693,,917675734.0
1753505799505,04:56:39.505,bitmart,ALGO/USDT:USDT,0.2691,2920.0,0.27,727159.0,0.2693,,917675764.0
1753505800622,04:56:40.622,bitmart,ALGO/USDT:USDT,0.2691,2920.0,0.27,727159.0,0.2693,,917675768.0
1753505801616,04:56:41.616,bitmart,ALGO/USDT:USDT,0.2691,2920.0,0.27,727159.0,0.2694,,917675772.0
1753505804519,04:56:44.519,bitmart,ALGO/USDT:USDT,0.2691,2920.0,0.27,727159.0,0.2693,,917675788.0
1753505805517,04:56:45.517,bitmart,ALGO/USDT:USDT,0.2691,2920.0,0.27,727159.0,0.2693,,917675788.0
1753505806527,04:56:46.527,bitmart,ALGO/USDT:USDT,0.2691,2920.0,0.27,727159.0,0.2693,,917675788.0
1753505808505,04:56:48.505,bitmart,ALGO/USDT:USDT,0.2691,2920.0,0.27,727159.0,0.2693,,917675788.0
1753505809605,04:56:49.605,bitmart,ALGO/USDT:USDT,0.2691,2920.0,0.27,727159.0,0.2694,,917675798.0
1753505810617,04:56:50.617,bitmart,ALGO/USDT:USDT,0.2691,2920.0,0.27,727159.0,0.2693,,917675804.0
1753505811515,04:56:51.515,bitmart,ALGO/USDT:USDT,0.2691,2920.0,0.27,727159.0,0.2693,,917675812.0
1753505813611,04:56:53.611,bitmart,ALGO/USDT:USDT,0.2691,2920.0,0.27,727159.0,0.2694,,917675820.0
1753505814593,04:56:54.593,bitmart,ALGO/USDT:USDT,0.2691,2920.0,0.27,727159.0,0.2694,,917675828.0
1753505816613,04:56:56.613,bitmart,ALGO/USDT:USDT,0.2691,2920.0,0.27,727159.0,0.2693,,917675842.0
1753505817502,04:56:57.502,bitmart,ALGO/USDT:USDT,0.2691,2920.0,0.27,727159.0,0.2693,,917675842.0
1753505820620,04:57:00.620,bitmart,ALGO/USDT:USDT,0.2689,2921.0,0.2699,905459.0,0.2692,,917689870.0
1753505824548,04:57:04.548,bitmart,ALGO/USDT:USDT,0.2689,2921.0,0.2699,905459.0,0.2692,,917286484.0
1753505825518,04:57:05.518,bitmart,ALGO/USDT:USDT,0.2689,2921.0,0.2699,905459.0,0.2692,,917286484.0
1753505828615,04:57:08.615,bitmart,ALGO/USDT:USDT,0.2689,2921.0,0.2699,2943.0,0.2693,,917309830.0
1753505829515,04:57:09.515,bitmart,ALGO/USDT:USDT,0.2689,2921.0,0.2699,2943.0,0.2693,,917309830.0
1753505830606,04:57:10.606,bitmart,ALGO/USDT:USDT,0.2689,2921.0,0.2699,2943.0,0.2694,,918115742.0
1753505831516,04:57:11.516,bitmart,ALGO/USDT:USDT,0.2689,2921.0,0.2699,2943.0,0.2694,,918115742.0
1753505832609,04:57:12.609,bitmart,ALGO/USDT:USDT,0.2689,2921.0,0.2699,2943.0,0.2692,,918116822.0
1753505833530,04:57:13.530,bitmart,ALGO/USDT:USDT,0.2689,2921.0,0.2699,2943.0,0.2692,,918116822.0
1753505835512,04:57:15.512,bitmart,ALGO/USDT:USDT,0.2689,2921.0,0.2699,2943.0,0.2693,,918116830.0
1753505836619,04:57:16.619,bitmart,ALGO/USDT:USDT,0.2689,2921.0,0.2699,2943.0,0.2693,,918116838.0
1753505837505,04:57:17.505,bitmart,ALGO/USDT:USDT,0.2689,2921.0,0.2699,2943.0,0.2693,,918116838.0
1753505838618,04:57:18.618,bitmart,ALGO/USDT:USDT,0.2689,2921.0,0.2699,2943.0,0.2694,,918116856.0
1753505841504,04:57:21.504,bitmart,ALGO/USDT:USDT,0.2689,2921.0,0.2699,2943.0,0.2693,,918116866.0
1753505842613,04:57:22.613,bitmart,ALGO/USDT:USDT,0.2689,2921.0,0.2699,2943.0,0.2693,,918116880.0
1753505843513,04:57:23.513,bitmart,ALGO/USDT:USDT,0.2689,2921.0,0.2699,2943.0,0.2693,,918116880.0
1753505845527,04:57:25.527,bitmart,ALGO/USDT:USDT,0.2689,2921.0,0.2699,2943.0,0.2693,,918116886.0
1753505851502,04:57:31.502,bitmart,ALGO/USDT:USDT,0.2689,131200.0,0.27,785574.0,0.2693,,918142528.0
1753505858599,04:57:38.599,bitmart,ALGO/USDT:USDT,0.2689,131176.0,0.27,785574.0,0.2694,,918144430.0
1753505859514,04:57:39.514,bitmart,ALGO/USDT:USDT,0.2689,181570.0,0.27,835968.0,0.2694,,918144430.0
1753505860603,04:57:40.603,bitmart,ALGO/USDT:USDT,0.2689,181570.0,0.27,835968.0,0.2693,,918156540.0
1753505863517,04:57:43.517,bitmart,ALGO/USDT:USDT,0.2689,53315.0,0.27,835968.0,0.2693,,918156554.0
1753505866611,04:57:46.611,bitmart,ALGO/USDT:USDT,0.2689,53315.0,0.27,835968.0,0.2693,,918156582.0
1753505867510,04:57:47.510,bitmart,ALGO/USDT:USDT,0.2689,53315.0,0.27,835968.0,0.2693,,918156582.0
1753505868616,04:57:48.616,bitmart,ALGO/USDT:USDT,0.2689,53315.0,0.27,835968.0,0.2693,,918156592.0
1753505869531,04:57:49.531,bitmart,ALGO/USDT:USDT,0.2689,53315.0,0.27,835968.0,0.2693,,918156592.0
1753505873503,04:57:53.503,bitmart,ALGO/USDT:USDT,0.2689,53315.0,0.27,835968.0,0.2693,,918156604.0
1753505875514,04:57:55.514,bitmart,ALGO/USDT:USDT,0.2689,53315.0,0.27,835968.0,0.2693,,918156610.0
1753505877612,04:57:57.612,bitmart,ALGO/USDT:USDT,0.2689,53315.0,0.27,835968.0,0.2693,,918156628.0
1753505880621,04:58:00.621,bitmart,ALGO/USDT:USDT,0.2689,53315.0,0.27,835968.0,0.2693,,917610034.0
1753505882622,04:58:02.622,bitmart,ALGO/USDT:USDT,0.2689,53315.0,0.27,835968.0,0.2693,,917610060.0
1753505885504,04:58:05.504,bitmart,ALGO/USDT:USDT,0.2689,53315.0,0.27,835968.0,0.2692,,917623602.0
1753505886603,04:58:06.603,bitmart,ALGO/USDT:USDT,0.2689,53315.0,0.27,835968.0,0.2693,,917623616.0
1753505887520,04:58:07.520,bitmart,ALGO/USDT:USDT,0.2689,53315.0,0.27,835968.0,0.2693,,917623616.0
1753505890610,04:58:10.610,bitmart,ALGO/USDT:USDT,0.2689,53315.0,0.27,835968.0,0.2692,,917627626.0
1753505891501,04:58:11.501,bitmart,ALGO/USDT:USDT,0.2689,53315.0,0.27,835968.0,0.2692,,917627626.0
1753505893500,04:58:13.500,bitmart,ALGO/USDT:USDT,0.2689,2921.0,0.27,835968.0,0.2693,,917627638.0
1753505894609,04:58:14.609,bitmart,ALGO/USDT:USDT,0.2689,2921.0,0.27,835968.0,0.2692,,917628726.0
1753505896578,04:58:16.578,bitmart,ALGO/USDT:USDT,0.2689,2921.0,0.27,835968.0,0.2693,,917628740.0
1753505898512,04:58:18.512,bitmart,ALGO/USDT:USDT,0.2689,2921.0,0.27,835968.0,0.2692,,917628758.0
1753505899501,04:58:19.501,bitmart,ALGO/USDT:USDT,0.2689,2921.0,0.27,835968.0,0.2692,,917628758.0
1753505901507,04:58:21.507,bitmart,ALGO/USDT:USDT,0.2689,2921.0,0.27,835968.0,0.2692,,917628758.0
1753505903530,04:58:23.530,bitmart,ALGO/USDT:USDT,0.2689,2921.0,0.27,835968.0,0.2692,,917628758.0
1753505904613,04:58:24.613,bitmart,ALGO/USDT:USDT,0.2689,2921.0,0.27,835968.0,0.2693,,917628768.0
1753505905529,04:58:25.529,bitmart,ALGO/USDT:USDT,0.2689,2921.0,0.27,835968.0,0.2693,,917628768.0
1753505906613,04:58:26.613,bitmart,ALGO/USDT:USDT,0.2689,2921.0,0.27,835968.0,0.2693,,917628776.0
1753505907526,04:58:27.526,bitmart,ALGO/USDT:USDT,0.2689,2921.0,0.27,835968.0,0.2693,,917628776.0
1753505908605,04:58:28.605,bitmart,ALGO/USDT:USDT,0.2689,2921.0,0.27,835968.0,0.2693,,917628788.0
1753505909526,04:58:29.526,bitmart,ALGO/USDT:USDT,0.2689,2921.0,0.27,835968.0,0.2693,,917628788.0
1753505910620,04:58:30.620,bitmart,ALGO/USDT:USDT,0.2689,2921.0,0.27,835968.0,0.2694,,917628800.0
1753505911509,04:58:31.509,bitmart,ALGO/USDT:USDT,0.2689,2921.0,0.27,835968.0,0.2694,,917628800.0
1753505912609,04:58:32.609,bitmart,ALGO/USDT:USDT,0.2689,2921.0,0.27,835968.0,0.2693,,917630396.0
1753505913510,04:58:33.510,bitmart,ALGO/USDT:USDT,0.2689,2921.0,0.27,835968.0,0.2693,,917630396.0
1753505914514,04:58:34.514,bitmart,ALGO/USDT:USDT,0.2689,2921.0,0.27,835968.0,0.2692,,917630412.0
1753505916617,04:58:36.617,bitmart,ALGO/USDT:USDT,0.2689,2921.0,0.27,835968.0,0.2694,,917630420.0
1753505917517,04:58:37.517,bitmart,ALGO/USDT:USDT,0.2689,2921.0,0.27,53337.0,0.2694,,917630420.0
1753505918616,04:58:38.616,bitmart,ALGO/USDT:USDT,0.2689,131188.0,0.27,53337.0,0.2695,,917630434.0
1753505919528,04:58:39.528,bitmart,ALGO/USDT:USDT,0.2689,131188.0,0.27,53337.0,0.2695,,917630434.0
1753505920611,04:58:40.611,bitmart,ALGO/USDT:USDT,0.2689,131188.0,0.27,53337.0,0.2694,,917630442.0
1753505921504,04:58:41.504,bitmart,ALGO/USDT:USDT,0.2689,2921.0,0.27,53337.0,0.2694,,917630442.0
1753505922519,04:58:42.519,bitmart,ALGO/USDT:USDT,0.2689,2921.0,0.27,53337.0,0.2693,,917630448.0
1753505923507,04:58:43.507,bitmart,ALGO/USDT:USDT,0.2689,2921.0,0.27,53337.0,0.2693,,917630448.0
1753505924505,04:58:44.505,bitmart,ALGO/USDT:USDT,0.2689,2921.0,0.27,53337.0,0.2693,,917630448.0
1753505926620,04:58:46.620,bitmart,ALGO/USDT:USDT,0.2689,131175.0,0.27,53337.0,0.2694,,917630460.0
1753505927505,04:58:47.505,bitmart,ALGO/USDT:USDT,0.2691,50394.0,0.2701,131233.0,0.2694,,917630460.0
1753505929560,04:58:49.560,bitmart,ALGO/USDT:USDT,0.2691,50394.0,0.2701,131233.0,0.2696,,917728978.0
1753505931524,04:58:51.524,bitmart,ALGO/USDT:USDT,0.269,2921.0,0.2701,2941.0,0.2697,,917728984.0
1753505935536,04:58:55.536,bitmart,ALGO/USDT:USDT,0.269,2921.0,0.2701,2941.0,0.2697,,917740898.0
1753505936516,04:58:56.516,bitmart,ALGO/USDT:USDT,0.269,131127.0,0.2701,2941.0,0.2696,,917740908.0
1753505938608,04:58:58.608,bitmart,ALGO/USDT:USDT,0.269,1038283.0,0.2702,977842.0,0.2697,,917872628.0
1753505939615,04:58:59.615,bitmart,ALGO/USDT:USDT,0.269,1019414.0,0.2702,982356.0,0.2696,,917872638.0
1753505940619,04:59:00.619,bitmart,ALGO/USDT:USDT,0.269,1028146.0,0.2702,977842.0,0.2696,,917379510.0
1753505941514,04:59:01.514,bitmart,ALGO/USDT:USDT,0.269,1028146.0,0.2702,977842.0,0.2698,,917379524.0
1753505942517,04:59:02.517,bitmart,ALGO/USDT:USDT,0.269,1016824.0,0.2702,977842.0,0.2698,,917385506.0
1753505945512,04:59:05.512,bitmart,ALGO/USDT:USDT,0.269,1029034.0,0.2702,977842.0,0.2697,,917389986.0
1753505946516,04:59:06.516,bitmart,ALGO/USDT:USDT,0.269,1029034.0,0.2702,977842.0,0.2697,,917423372.0
1753505947503,04:59:07.503,bitmart,ALGO/USDT:USDT,0.269,1023854.0,0.2702,977842.0,0.2697,,917423372.0
1753505948616,04:59:08.616,bitmart,ALGO/USDT:USDT,0.269,1015492.0,0.2702,977842.0,0.2698,,917423436.0
1753505950615,04:59:10.615,bitmart,ALGO/USDT:USDT,0.269,11431.0,0.2701,833674.0,0.2694,,917424436.0
1753505951547,04:59:11.547,bitmart,ALGO/USDT:USDT,0.269,2921.0,0.2701,833674.0,0.2694,,917424436.0
1753505952604,04:59:12.604,bitmart,ALGO/USDT:USDT,0.269,2921.0,0.2701,833674.0,0.2695,,917424444.0
1753505954627,04:59:14.627,bitmart,ALGO/USDT:USDT,0.269,2921.0,0.2698,53339.0,0.2692,,917448012.0
1753505955503,04:59:15.503,bitmart,ALGO/USDT:USDT,0.269,2921.0,0.27,833324.0,0.2692,,917448012.0
1753505956608,04:59:16.608,bitmart,ALGO/USDT:USDT,0.269,2921.0,0.2699,2943.0,0.2693,,917449850.0
1753505957516,04:59:17.516,bitmart,ALGO/USDT:USDT,0.269,2921.0,0.2699,2943.0,0.2693,,917449850.0
1753505959522,04:59:19.522,bitmart,ALGO/USDT:USDT,0.269,2921.0,0.2699,2943.0,0.2692,,917449866.0
1753505960606,04:59:20.606,bitmart,ALGO/USDT:USDT,0.269,2921.0,0.2699,2943.0,0.2693,,917451876.0
1753505961505,04:59:21.505,bitmart,ALGO/USDT:USDT,0.269,2921.0,0.2699,2943.0,0.2693,,917451876.0
1753505964615,04:59:24.615,bitmart,ALGO/USDT:USDT,0.269,2921.0,0.2699,2943.0,0.2693,,917452452.0
1753505965514,04:59:25.514,bitmart,ALGO/USDT:USDT,0.269,2921.0,0.2699,2943.0,0.2693,,917452452.0
1753505966615,04:59:26.615,bitmart,ALGO/USDT:USDT,0.269,2921.0,0.2699,2943.0,0.2693,,917452538.0
1753505969535,04:59:29.535,bitmart,ALGO/USDT:USDT,0.269,2921.0,0.2699,2943.0,0.2693,,917452556.0
1753505970618,04:59:30.618,bitmart,ALGO/USDT:USDT,0.269,2921.0,0.2699,2943.0,0.2693,,917452562.0
1753505971525,04:59:31.525,bitmart,ALGO/USDT:USDT,0.269,2921.0,0.2699,453607.0,0.2693,,917452562.0
1753505972611,04:59:32.611,bitmart,ALGO/USDT:USDT,0.269,2921.0,0.2699,453607.0,0.2692,,917453126.0
1753505973530,04:59:33.530,bitmart,ALGO/USDT:USDT,0.269,2921.0,0.2699,453607.0,0.2692,,917453126.0
1753505976601,04:59:36.601,bitmart,ALGO/USDT:USDT,0.269,2921.0,0.2699,453607.0,0.2692,,917469556.0
1753505979502,04:59:39.502,bitmart,ALGO/USDT:USDT,0.269,2921.0,0.2699,2943.0,0.2693,,917469562.0
1753505980612,04:59:40.612,bitmart,ALGO/USDT:USDT,0.269,2921.0,0.2699,2943.0,0.2693,,917469576.0
1753505981505,04:59:41.505,bitmart,ALGO/USDT:USDT,0.269,2921.0,0.2699,2943.0,0.2693,,917469576.0
1753505983501,04:59:43.501,bitmart,ALGO/USDT:USDT,0.269,2921.0,0.2699,2943.0,0.2694,,917469584.0
1753505984604,04:59:44.604,bitmart,ALGO/USDT:USDT,0.269,2921.0,0.27,53337.0,0.2694,,917469594.0
1753505985522,04:59:45.522,bitmart,ALGO/USDT:USDT,0.269,2921.0,0.27,53337.0,0.2694,,917469594.0
1753505987501,04:59:47.501,bitmart,ALGO/USDT:USDT,0.269,2921.0,0.27,53337.0,0.2693,,917469600.0
1753505988614,04:59:48.614,bitmart,ALGO/USDT:USDT,0.269,2921.0,0.27,53337.0,0.2694,,917469606.0
1753505989520,04:59:49.520,bitmart,ALGO/USDT:USDT,0.269,2921.0,0.27,53337.0,0.2694,,917469606.0
1753505991524,04:59:51.524,bitmart,ALGO/USDT:USDT,0.269,2921.0,0.27,697794.0,0.2693,,917483070.0
1753505992616,04:59:52.616,bitmart,ALGO/USDT:USDT,0.269,2921.0,0.27,697794.0,0.2693,,917483078.0
1753505993515,04:59:53.515,bitmart,ALGO/USDT:USDT,0.269,2921.0,0.27,697794.0,0.2693,,917483078.0
1753505994617,04:59:54.617,bitmart,ALGO/USDT:USDT,0.269,2921.0,0.27,697794.0,0.2693,,917483096.0
1753505995500,04:59:55.500,bitmart,ALGO/USDT:USDT,0.269,2921.0,0.27,697794.0,0.2693,,917483096.0
1753505996607,04:59:56.607,bitmart,ALGO/USDT:USDT,0.269,2921.0,0.27,697794.0,0.2693,,917483110.0
1753505997619,04:59:57.619,bitmart,ALGO/USDT:USDT,0.269,2921.0,0.27,697794.0,0.2693,,917483110.0
1753505998612,04:59:58.612,bitmart,ALGO/USDT:USDT,0.269,2921.0,0.27,697794.0,0.2692,,917483124.0
1753506000539,05:00:00.539,bitmart,ALGO/USDT:USDT,0.269,2921.0,0.27,697794.0,0.2693,,917483150.0
1753506001520,05:00:01.520,bitmart,ALGO/USDT:USDT,0.269,2921.0,0.27,697794.0,0.2693,,916205084.0
1753506002530,05:00:02.530,bitmart,ALGO/USDT:USDT,0.269,2921.0,0.27,697794.0,0.2694,,916205090.0
1753506003515,05:00:03.515,bitmart,ALGO/USDT:USDT,0.269,2921.0,0.27,697794.0,0.2694,,916205090.0
1753506004644,05:00:04.644,bitmart,ALGO/USDT:USDT,0.269,2921.0,0.27,697794.0,0.2693,,916205102.0
1753506008602,05:00:08.602,bitmart,ALGO/USDT:USDT,0.269,2921.0,0.27,697794.0,0.2693,,916205136.0
1753506010520,05:00:10.520,bitmart,ALGO/USDT:USDT,0.269,2921.0,0.27,697794.0,0.2694,,916207740.0
1753506011505,05:00:11.505,bitmart,ALGO/USDT:USDT,0.269,2921.0,0.27,697794.0,0.2694,,916207740.0
1753506012617,05:00:12.617,bitmart,ALGO/USDT:USDT,0.269,2921.0,0.27,697794.0,0.2693,,916207756.0
1753506013517,05:00:13.517,bitmart,ALGO/USDT:USDT,0.269,2921.0,0.27,697794.0,0.2693,,916207756.0
1753506014528,05:00:14.528,bitmart,ALGO/USDT:USDT,0.269,2921.0,0.27,697794.0,0.2693,,916207760.0
1753506015538,05:00:15.538,bitmart,ALGO/USDT:USDT,0.269,2921.0,0.27,826057.0,0.2693,,916207760.0
1753506016524,05:00:16.524,bitmart,ALGO/USDT:USDT,0.269,2921.0,0.27,826057.0,0.2692,,916209980.0
1753506017513,05:00:17.513,bitmart,ALGO/USDT:USDT,0.269,2921.0,0.27,826057.0,0.2692,,916209980.0
1753506018613,05:00:18.613,bitmart,ALGO/USDT:USDT,0.269,2921.0,0.27,826057.0,0.2693,,916209990.0
1753506019506,05:00:19.506,bitmart,ALGO/USDT:USDT,0.269,2921.0,0.2699,884645.0,0.2693,,916209990.0
1753506024523,05:00:24.523,bitmart,ALGO/USDT:USDT,0.269,2921.0,0.2699,887588.0,0.2693,,916319350.0
1753506026577,05:00:26.577,bitmart,ALGO/USDT:USDT,0.269,2921.0,0.2699,887588.0,0.2694,,916321736.0
1753506028610,05:00:28.610,bitmart,ALGO/USDT:USDT,0.269,2921.0,0.2699,887588.0,0.2693,,916321746.0
1753506029508,05:00:29.508,bitmart,ALGO/USDT:USDT,0.269,2921.0,0.2699,887588.0,0.2693,,916321746.0
1753506030615,05:00:30.615,bitmart,ALGO/USDT:USDT,0.269,2921.0,0.2699,887588.0,0.2692,,916321754.0
