timestamp,time,exchange,symbol,bid,bidVolume,ask,askVolume,lastPrice,baseVolume,quoteVolume
1753504794595,04:39:54.595,bitmart,ACH/USDT:USDT,0.022332,23987.0,0.022408,8202.0,0.02237,,386108216.0
1753504794612,04:39:54.612,bitmart,ACH/USDT:USDT,0.022332,23987.0,0.022408,671.0,0.02237,,386108216.0
1753504795534,04:39:55.534,bitmart,ACH/USDT:USDT,0.022332,23987.0,0.022408,671.0,0.022371,,386114364.0
1753504796509,04:39:56.509,bitmart,ACH/USDT:USDT,0.022332,23987.0,0.022408,671.0,0.022371,,386114364.0
1753504797610,04:39:57.610,bitmart,ACH/USDT:USDT,0.022332,23987.0,0.022408,671.0,0.022372,,386120440.0
1753504799519,04:39:59.519,bitmart,ACH/USDT:USDT,0.022338,3122.0,0.022408,8182.0,0.022374,,386150208.0
1753504801633,04:40:01.633,bitmart,ACH/USDT:USDT,0.022338,4178.0,0.022408,6589.0,0.022373,,385918672.0
1753504802623,04:40:02.623,bitmart,ACH/USDT:USDT,0.022332,10832.0,0.022408,7902.0,0.022374,,385923694.0
1753504803507,04:40:03.507,bitmart,ACH/USDT:USDT,0.022332,10832.0,0.022408,7902.0,0.022374,,385923694.0
1753504804617,04:40:04.617,bitmart,ACH/USDT:USDT,0.022332,10832.0,0.022408,7902.0,0.022371,,385928932.0
1753504806605,04:40:06.605,bitmart,ACH/USDT:USDT,0.022332,10832.0,0.022405,5140.0,0.02237,,385934592.0
1753504808616,04:40:08.616,bitmart,ACH/USDT:USDT,0.022332,10832.0,0.022405,4322.0,0.022371,,385943416.0
1753504809600,04:40:09.600,bitmart,ACH/USDT:USDT,0.022332,10832.0,0.022408,1577.0,0.022371,,385943416.0
1753504811503,04:40:11.503,bitmart,ACH/USDT:USDT,0.022332,10832.0,0.022408,1577.0,0.02237,,385948892.0
1753504813599,04:40:13.599,bitmart,ACH/USDT:USDT,0.022332,10832.0,0.022408,1577.0,0.022371,,385957062.0
1753504814605,04:40:14.605,bitmart,ACH/USDT:USDT,0.022332,12209.0,0.022408,1111.0,0.02237,,385962650.0
1753504815515,04:40:15.515,bitmart,ACH/USDT:USDT,0.022332,12209.0,0.022408,1111.0,0.02237,,385962650.0
1753504816522,04:40:16.522,bitmart,ACH/USDT:USDT,0.022332,12209.0,0.022408,1111.0,0.022371,,385968502.0
1753504818511,04:40:18.511,bitmart,ACH/USDT:USDT,0.022332,12209.0,0.022408,1111.0,0.02237,,385975758.0
1753504820619,04:40:20.619,bitmart,ACH/USDT:USDT,0.022337,9127.0,0.022408,1111.0,0.022371,,385984692.0
1753504821539,04:40:21.539,bitmart,ACH/USDT:USDT,0.022337,13909.0,0.022408,1111.0,0.022371,,385984692.0
1753504823539,04:40:23.539,bitmart,ACH/USDT:USDT,0.022337,16419.0,0.022408,160.0,0.022372,,385993174.0
1753504824615,04:40:24.615,bitmart,ACH/USDT:USDT,0.022337,22388.0,0.022408,160.0,0.022372,,386000670.0
1753504825508,04:40:25.508,bitmart,ACH/USDT:USDT,0.022337,25609.0,0.022408,160.0,0.022372,,386000670.0
1753504827622,04:40:27.622,bitmart,ACH/USDT:USDT,0.022337,27436.0,0.022408,4744.0,0.022372,,386013116.0
1753504828508,04:40:28.508,bitmart,ACH/USDT:USDT,0.022337,27585.0,0.022408,4744.0,0.022372,,386013116.0
1753504830616,04:40:30.616,bitmart,ACH/USDT:USDT,0.022337,20200.0,0.022408,4744.0,0.022371,,386019910.0
1753504833504,04:40:33.504,bitmart,ACH/USDT:USDT,0.022338,14373.0,0.02241,574.0,0.022372,,386025480.0
1753504834610,04:40:34.610,bitmart,ACH/USDT:USDT,0.022338,14373.0,0.02241,609.0,0.022375,,386033022.0
1753504835512,04:40:35.512,bitmart,ACH/USDT:USDT,0.022338,14373.0,0.02241,7385.0,0.022375,,386033022.0
1753504837513,04:40:37.513,bitmart,ACH/USDT:USDT,0.022337,23700.0,0.022408,5224.0,0.022374,,386040462.0
1753504839541,04:40:39.541,bitmart,ACH/USDT:USDT,0.022337,8763.0,0.02241,5161.0,0.022373,,386047554.0
1753504840521,04:40:40.521,bitmart,ACH/USDT:USDT,0.022337,23637.0,0.022408,6610.0,0.022374,,386054678.0
1753504844603,04:40:44.603,bitmart,ACH/USDT:USDT,0.022332,873.0,0.022408,8230.0,0.022371,,386068180.0
1753504845520,04:40:45.520,bitmart,ACH/USDT:USDT,0.022332,8595.0,0.022405,336.0,0.022371,,386068180.0
1753504848615,04:40:48.615,bitmart,ACH/USDT:USDT,0.022332,8595.0,0.022405,436.0,0.022371,,386083304.0
1753504849509,04:40:49.509,bitmart,ACH/USDT:USDT,0.022332,8595.0,0.022405,478.0,0.022371,,386083304.0
1753504852594,04:40:52.594,bitmart,ACH/USDT:USDT,0.022338,4221.0,0.022408,1251.0,0.022373,,386094016.0
1753504855534,04:40:55.534,bitmart,ACH/USDT:USDT,0.022337,5093.0,0.02241,1611.0,0.022374,,386100474.0
1753504857516,04:40:57.516,bitmart,ACH/USDT:USDT,0.022339,4130.0,0.02241,1611.0,0.022373,,386107490.0
1753504858611,04:40:58.611,bitmart,ACH/USDT:USDT,0.022338,4413.0,0.022408,5667.0,0.022373,,386122644.0
1753504859524,04:40:59.524,bitmart,ACH/USDT:USDT,0.022338,4836.0,0.022408,7463.0,0.022373,,386137184.0
1753504861530,04:41:01.530,bitmart,ACH/USDT:USDT,0.022337,760.0,0.022408,8983.0,0.022373,,385908424.0
1753504862517,04:41:02.517,bitmart,ACH/USDT:USDT,0.022337,3952.0,0.022408,5271.0,0.022372,,385924760.0
1753504863611,04:41:03.611,bitmart,ACH/USDT:USDT,0.022337,3931.0,0.022408,5271.0,0.022372,,385924760.0
1753504865502,04:41:05.502,bitmart,ACH/USDT:USDT,0.022337,16919.0,0.02241,1315.0,0.022371,,385932074.0
1753504866617,04:41:06.617,bitmart,ACH/USDT:USDT,0.02234,5679.0,0.022412,18990.0,0.022377,,385940666.0
1753504867501,04:41:07.501,bitmart,ACH/USDT:USDT,0.02234,5679.0,0.022412,18990.0,0.022377,,385940666.0
1753504870527,04:41:10.527,bitmart,ACH/USDT:USDT,0.022345,5913.0,0.022415,153.0,0.02238,,385953894.0
1753504871501,04:41:11.501,bitmart,ACH/USDT:USDT,0.022342,5775.0,0.022415,153.0,0.02238,,385953894.0
1753504872619,04:41:12.619,bitmart,ACH/USDT:USDT,0.022342,1211.0,0.022415,1188.0,0.02238,,385962646.0
1753504873514,04:41:13.514,bitmart,ACH/USDT:USDT,0.022345,1410.0,0.022415,1188.0,0.02238,,385962646.0
1753504874621,04:41:14.621,bitmart,ACH/USDT:USDT,0.022342,1211.0,0.022415,1188.0,0.022379,,385969728.0
1753504875516,04:41:15.516,bitmart,ACH/USDT:USDT,0.022345,1366.0,0.022415,7914.0,0.022379,,385969728.0
1753504876543,04:41:16.543,bitmart,ACH/USDT:USDT,0.022342,1211.0,0.022415,1126.0,0.02238,,385975480.0
1753504877629,04:41:17.629,bitmart,ACH/USDT:USDT,0.022345,989.0,0.022415,1126.0,0.022381,,385982814.0
1753504879527,04:41:19.527,bitmart,ACH/USDT:USDT,0.022345,2474.0,0.022415,3122.0,0.022381,,385982814.0
1753504880513,04:41:20.513,bitmart,ACH/USDT:USDT,0.022342,2770.0,0.022415,3122.0,0.02238,,385988520.0
1753504881527,04:41:21.527,bitmart,ACH/USDT:USDT,0.022345,4267.0,0.022415,3122.0,0.02238,,385988520.0
1753504882609,04:41:22.609,bitmart,ACH/USDT:USDT,0.022342,6420.0,0.022415,3122.0,0.02238,,385996916.0
1753504883553,04:41:23.553,bitmart,ACH/USDT:USDT,0.022342,6420.0,0.022415,1646.0,0.02238,,385996916.0
1753504885531,04:41:25.531,bitmart,ACH/USDT:USDT,0.022345,10111.0,0.022415,1532.0,0.02238,,386005652.0
1753504886613,04:41:26.613,bitmart,ACH/USDT:USDT,0.022345,9752.0,0.022415,1532.0,0.022379,,386010726.0
1753504888593,04:41:28.593,bitmart,ACH/USDT:USDT,0.022342,10262.0,0.022415,1407.0,0.022379,,386010726.0
1753504890502,04:41:30.502,bitmart,ACH/USDT:USDT,0.022342,10262.0,0.022415,1407.0,0.02238,,386018728.0
1753504892610,04:41:32.610,bitmart,ACH/USDT:USDT,0.022345,22032.0,0.022415,1086.0,0.02238,,386025600.0
1753504895627,04:41:35.627,bitmart,ACH/USDT:USDT,0.022345,18862.0,0.022415,1179.0,0.02238,,386041692.0
1753504896520,04:41:36.520,bitmart,ACH/USDT:USDT,0.022345,18828.0,0.022415,1644.0,0.02238,,386041692.0
1753504898507,04:41:38.507,bitmart,ACH/USDT:USDT,0.022345,24792.0,0.022415,1262.0,0.022379,,386049484.0
1753504899604,04:41:39.604,bitmart,ACH/USDT:USDT,0.022345,23159.0,0.022415,1262.0,0.02238,,386054092.0
1753504900506,04:41:40.506,bitmart,ACH/USDT:USDT,0.022345,20389.0,0.022415,1262.0,0.02238,,386054092.0
1753504901527,04:41:41.527,bitmart,ACH/USDT:USDT,0.022345,25453.0,0.022415,2323.0,0.022381,,386058806.0
1753504902503,04:41:42.503,bitmart,ACH/USDT:USDT,0.022345,18615.0,0.022415,2323.0,0.022381,,386058806.0
1753504903612,04:41:43.612,bitmart,ACH/USDT:USDT,0.022345,20721.0,0.022415,2323.0,0.02238,,386067062.0
1753504904506,04:41:44.506,bitmart,ACH/USDT:USDT,0.022342,18332.0,0.022415,2323.0,0.02238,,386067062.0
1753504906502,04:41:46.502,bitmart,ACH/USDT:USDT,0.022345,17972.0,0.022415,2323.0,0.02238,,386075450.0
1753504908537,04:41:48.537,bitmart,ACH/USDT:USDT,0.022345,22585.0,0.022415,2323.0,0.022381,,386082554.0
1753504909610,04:41:49.610,bitmart,ACH/USDT:USDT,0.022345,21356.0,0.022415,2323.0,0.02238,,386087554.0
1753504910507,04:41:50.507,bitmart,ACH/USDT:USDT,0.022345,22998.0,0.022415,2323.0,0.02238,,386087554.0
1753504912503,04:41:52.503,bitmart,ACH/USDT:USDT,0.022345,20890.0,0.022415,2323.0,0.022381,,386095966.0
1753504913520,04:41:53.520,bitmart,ACH/USDT:USDT,0.022345,16593.0,0.022415,2323.0,0.02238,,386104806.0
1753504914529,04:41:54.529,bitmart,ACH/USDT:USDT,0.022345,16863.0,0.022415,2323.0,0.02238,,386104806.0
1753504915525,04:41:55.525,bitmart,ACH/USDT:USDT,0.022345,18024.0,0.022415,2323.0,0.022381,,386109956.0
1753504917515,04:41:57.515,bitmart,ACH/USDT:USDT,0.02234,11079.0,0.022412,6731.0,0.022381,,386109956.0
1753504918527,04:41:58.527,bitmart,ACH/USDT:USDT,0.02234,11079.0,0.022415,1969.0,0.022377,,386121302.0
1753504919623,04:41:59.623,bitmart,ACH/USDT:USDT,0.02234,11079.0,0.022412,3259.0,0.022378,,386141202.0
1753504922621,04:42:02.621,bitmart,ACH/USDT:USDT,0.02234,11079.0,0.022411,1945.0,0.022376,,385908744.0
1753504923512,04:42:03.512,bitmart,ACH/USDT:USDT,0.02234,11079.0,0.02241,2159.0,0.022376,,385908744.0
1753504925521,04:42:05.521,bitmart,ACH/USDT:USDT,0.02234,11079.0,0.022415,1557.0,0.022376,,385915452.0
1753504926502,04:42:06.502,bitmart,ACH/USDT:USDT,0.02234,11079.0,0.022411,1723.0,0.022376,,385915452.0
1753504927620,04:42:07.620,bitmart,ACH/USDT:USDT,0.02234,11079.0,0.022411,1777.0,0.022375,,385923494.0
1753504928526,04:42:08.526,bitmart,ACH/USDT:USDT,0.02234,11079.0,0.022411,1613.0,0.022375,,385923494.0
1753504929515,04:42:09.515,bitmart,ACH/USDT:USDT,0.02234,11079.0,0.022411,1203.0,0.022376,,385931758.0
1753504930504,04:42:10.504,bitmart,ACH/USDT:USDT,0.02234,11079.0,0.022412,1556.0,0.022376,,385931758.0
1753504931610,04:42:11.610,bitmart,ACH/USDT:USDT,0.02234,11079.0,0.022412,1559.0,0.022377,,385937642.0
1753504932606,04:42:12.606,bitmart,ACH/USDT:USDT,0.02234,11079.0,0.022412,1732.0,0.022377,,385943364.0
1753504933516,04:42:13.516,bitmart,ACH/USDT:USDT,0.02234,6591.0,0.022415,133.0,0.022377,,385943364.0
1753504934613,04:42:14.613,bitmart,ACH/USDT:USDT,0.02234,1088.0,0.022415,133.0,0.022379,,385951184.0
1753504935513,04:42:15.513,bitmart,ACH/USDT:USDT,0.022343,3077.0,0.022415,133.0,0.022379,,385951184.0
1753504936611,04:42:16.611,bitmart,ACH/USDT:USDT,0.022343,3048.0,0.022415,133.0,0.022379,,385959562.0
1753504937517,04:42:17.517,bitmart,ACH/USDT:USDT,0.022343,2239.0,0.022415,133.0,0.022379,,385959562.0
1753504938611,04:42:18.611,bitmart,ACH/USDT:USDT,0.022343,4053.0,0.022415,133.0,0.022379,,385966130.0
1753504939510,04:42:19.510,bitmart,ACH/USDT:USDT,0.022343,3210.0,0.022415,133.0,0.022379,,385966130.0
1753504943516,04:42:23.516,bitmart,ACH/USDT:USDT,0.022345,7128.0,0.022415,144.0,0.022381,,385979844.0
1753504944504,04:42:24.504,bitmart,ACH/USDT:USDT,0.022345,7128.0,0.022418,128.0,0.022381,,385979844.0
1753504946501,04:42:26.501,bitmart,ACH/USDT:USDT,0.022345,16160.0,0.022415,118.0,0.022382,,385986006.0
1753504949614,04:42:29.614,bitmart,ACH/USDT:USDT,0.022345,9002.0,0.022415,528.0,0.022382,,385999322.0
1753504950602,04:42:30.602,bitmart,ACH/USDT:USDT,0.022345,9002.0,0.022415,103.0,0.022382,,385999322.0
1753504951616,04:42:31.616,bitmart,ACH/USDT:USDT,0.022345,9002.0,0.022415,119.0,0.022381,,386006290.0
1753504952519,04:42:32.519,bitmart,ACH/USDT:USDT,0.022345,9002.0,0.022415,94.0,0.022381,,386006290.0
1753504953536,04:42:33.536,bitmart,ACH/USDT:USDT,0.022345,9002.0,0.022415,114.0,0.022381,,386013536.0
1753504954605,04:42:34.605,bitmart,ACH/USDT:USDT,0.022345,17375.0,0.022415,120.0,0.022381,,386013536.0
1753504955605,04:42:35.605,bitmart,ACH/USDT:USDT,0.022345,17375.0,0.022415,118.0,0.02238,,386020356.0
1753504956502,04:42:36.502,bitmart,ACH/USDT:USDT,0.022345,17375.0,0.022415,103.0,0.02238,,386020356.0
1753504957522,04:42:37.522,bitmart,ACH/USDT:USDT,0.022345,17375.0,0.022415,119.0,0.022381,,386028580.0
1753504959619,04:42:39.619,bitmart,ACH/USDT:USDT,0.022345,17375.0,0.022415,97.0,0.02238,,386033784.0
1753504960502,04:42:40.502,bitmart,ACH/USDT:USDT,0.022345,17375.0,0.022415,8771.0,0.02238,,386033784.0
1753504961619,04:42:41.619,bitmart,ACH/USDT:USDT,0.022344,1652.0,0.022415,4256.0,0.022381,,386042314.0
1753504962502,04:42:42.502,bitmart,ACH/USDT:USDT,0.022344,2165.0,0.022415,4256.0,0.022381,,386042314.0
1753504963528,04:42:43.528,bitmart,ACH/USDT:USDT,0.022344,1829.0,0.022415,4256.0,0.022379,,386049922.0
1753504966606,04:42:46.606,bitmart,ACH/USDT:USDT,0.022345,2928.0,0.022415,6665.0,0.022379,,386055952.0
1753504968501,04:42:48.501,bitmart,ACH/USDT:USDT,0.022344,3447.0,0.022415,6665.0,0.02238,,386063398.0
1753504971541,04:42:51.541,bitmart,ACH/USDT:USDT,0.022345,14493.0,0.02242,124.0,0.02238,,386077386.0
1753504972614,04:42:52.614,bitmart,ACH/USDT:USDT,0.022345,14493.0,0.022418,152.0,0.02238,,386077386.0
1753504973614,04:42:53.614,bitmart,ACH/USDT:USDT,0.022345,14493.0,0.022418,145.0,0.022383,,386082040.0
1753504974503,04:42:54.503,bitmart,ACH/USDT:USDT,0.022345,14493.0,0.022418,665.0,0.022383,,386082040.0
1753504975611,04:42:55.611,bitmart,ACH/USDT:USDT,0.022345,2960.0,0.022418,626.0,0.022384,,386087954.0
1753504976615,04:42:56.615,bitmart,ACH/USDT:USDT,0.022345,2960.0,0.022418,518.0,0.022383,,386092762.0
1753504977515,04:42:57.515,bitmart,ACH/USDT:USDT,0.022345,2960.0,0.022418,561.0,0.022383,,386092762.0
1753504978608,04:42:58.608,bitmart,ACH/USDT:USDT,0.022345,2960.0,0.022418,484.0,0.022383,,386105464.0
1753504981521,04:43:01.521,bitmart,ACH/USDT:USDT,0.022345,6467.0,0.022418,581.0,0.022383,,385887750.0
1753504985520,04:43:05.520,bitmart,ACH/USDT:USDT,0.022345,6467.0,0.02242,520.0,0.022383,,385912808.0
1753504986511,04:43:06.511,bitmart,ACH/USDT:USDT,0.022345,13286.0,0.02242,520.0,0.022383,,385912808.0
1753504987607,04:43:07.607,bitmart,ACH/USDT:USDT,0.022345,13286.0,0.02242,520.0,0.022384,,385919266.0
1753504988500,04:43:08.500,bitmart,ACH/USDT:USDT,0.022345,13286.0,0.022418,672.0,0.022384,,385919266.0
1753504991620,04:43:11.620,bitmart,ACH/USDT:USDT,0.022345,13286.0,0.022418,1308.0,0.022384,,385928500.0
1753504992509,04:43:12.509,bitmart,ACH/USDT:USDT,0.022345,13286.0,0.02242,1080.0,0.022384,,385928500.0
1753504995516,04:43:15.516,bitmart,ACH/USDT:USDT,0.022345,13286.0,0.02242,1080.0,0.022383,,385934652.0
1753504996511,04:43:16.511,bitmart,ACH/USDT:USDT,0.022345,13286.0,0.022418,804.0,0.022382,,385943048.0
1753504999502,04:43:19.502,bitmart,ACH/USDT:USDT,0.022345,13286.0,0.022418,779.0,0.022383,,385950136.0
1753505000606,04:43:20.606,bitmart,ACH/USDT:USDT,0.022345,13286.0,0.022418,815.0,0.022382,,385958068.0
1753505001502,04:43:21.502,bitmart,ACH/USDT:USDT,0.022345,13286.0,0.022418,990.0,0.022382,,385958068.0
1753505003509,04:43:23.509,bitmart,ACH/USDT:USDT,0.022345,13286.0,0.022418,846.0,0.022383,,385964116.0
1753505004510,04:43:24.510,bitmart,ACH/USDT:USDT,0.022345,13286.0,0.022418,838.0,0.022383,,385964116.0
1753505005608,04:43:25.608,bitmart,ACH/USDT:USDT,0.022345,13286.0,0.022418,790.0,0.022382,,385970274.0
1753505007609,04:43:27.609,bitmart,ACH/USDT:USDT,0.022345,13286.0,0.022418,1239.0,0.022383,,385975770.0
1753505008509,04:43:28.509,bitmart,ACH/USDT:USDT,0.022345,13286.0,0.022418,836.0,0.022383,,385975770.0
1753505010507,04:43:30.507,bitmart,ACH/USDT:USDT,0.022345,13286.0,0.022418,1374.0,0.022383,,385984604.0
1753505011626,04:43:31.626,bitmart,ACH/USDT:USDT,0.022345,13286.0,0.022418,1376.0,0.022384,,385989634.0
1753505013615,04:43:33.615,bitmart,ACH/USDT:USDT,0.022345,13286.0,0.022418,1397.0,0.022383,,385994226.0
1753505014501,04:43:34.501,bitmart,ACH/USDT:USDT,0.022345,13286.0,0.022418,1172.0,0.022383,,385994226.0
1753505015612,04:43:35.612,bitmart,ACH/USDT:USDT,0.022345,13286.0,0.022418,1408.0,0.022383,,386001176.0
1753505016531,04:43:36.531,bitmart,ACH/USDT:USDT,0.022345,13286.0,0.022418,1000.0,0.022383,,386001176.0
1753505017618,04:43:37.618,bitmart,ACH/USDT:USDT,0.022345,13286.0,0.022418,1059.0,0.022382,,386007962.0
1753505018505,04:43:38.505,bitmart,ACH/USDT:USDT,0.022345,13286.0,0.022418,1414.0,0.022382,,386007962.0
1753505020542,04:43:40.542,bitmart,ACH/USDT:USDT,0.022345,13286.0,0.02242,1080.0,0.022383,,386015526.0
1753505021622,04:43:41.622,bitmart,ACH/USDT:USDT,0.022345,13286.0,0.02242,1080.0,0.022382,,386020536.0
1753505022506,04:43:42.506,bitmart,ACH/USDT:USDT,0.022345,13286.0,0.022418,1678.0,0.022382,,386020536.0
1753505023610,04:43:43.610,bitmart,ACH/USDT:USDT,0.022345,2255.0,0.022418,6178.0,0.022383,,386027966.0
1753505024510,04:43:44.510,bitmart,ACH/USDT:USDT,0.022344,1313.0,0.022418,6178.0,0.022383,,386027966.0
1753505025604,04:43:45.604,bitmart,ACH/USDT:USDT,0.022345,2553.0,0.022415,6354.0,0.02238,,386033362.0
1753505027528,04:43:47.528,bitmart,ACH/USDT:USDT,0.022345,3175.0,0.022415,5983.0,0.022381,,386039800.0
1753505028591,04:43:48.591,bitmart,ACH/USDT:USDT,0.022345,4063.0,0.022415,4295.0,0.02238,,386045944.0
1753505029510,04:43:49.510,bitmart,ACH/USDT:USDT,0.022345,4709.0,0.022418,2682.0,0.02238,,386045944.0
1753505031509,04:43:51.509,bitmart,ACH/USDT:USDT,0.022345,8260.0,0.022418,1242.0,0.022381,,386053796.0
1753505034530,04:43:54.530,bitmart,ACH/USDT:USDT,0.022345,8260.0,0.022418,1242.0,0.022382,,386060234.0
1753505035508,04:43:55.508,bitmart,ACH/USDT:USDT,0.022345,10214.0,0.022418,855.0,0.022381,,386068034.0
1753505037516,04:43:57.516,bitmart,ACH/USDT:USDT,0.022345,10214.0,0.022418,1114.0,0.022383,,386075558.0
1753505044526,04:44:04.526,bitmart,ACH/USDT:USDT,0.022345,7270.0,0.022418,2205.0,0.022383,,385879396.0
1753505045505,04:44:05.505,bitmart,ACH/USDT:USDT,0.022345,7270.0,0.02242,2529.0,0.022383,,385879396.0
1753505047527,04:44:07.527,bitmart,ACH/USDT:USDT,0.022345,7270.0,0.022418,2547.0,0.022383,,385886422.0
1753505048608,04:44:08.608,bitmart,ACH/USDT:USDT,0.022345,7270.0,0.02242,2529.0,0.022382,,385892354.0
1753505050508,04:44:10.508,bitmart,ACH/USDT:USDT,0.022345,13253.0,0.022418,2944.0,0.022383,,385899372.0
1753505053607,04:44:13.607,bitmart,ACH/USDT:USDT,0.022345,13253.0,0.022418,2365.0,0.022383,,385904416.0
1753505055510,04:44:15.510,bitmart,ACH/USDT:USDT,0.022345,13253.0,0.022418,2598.0,0.022384,,385910574.0
1753505057617,04:44:17.617,bitmart,ACH/USDT:USDT,0.022345,13253.0,0.022418,2002.0,0.022383,,385918156.0
1753505058600,04:44:18.600,bitmart,ACH/USDT:USDT,0.022345,13253.0,0.02242,2529.0,0.022383,,385925986.0
1753505059548,04:44:19.548,bitmart,ACH/USDT:USDT,0.022345,13253.0,0.022418,2157.0,0.022383,,385925986.0
1753505060617,04:44:20.617,bitmart,ACH/USDT:USDT,0.022345,13253.0,0.022418,2525.0,0.022384,,385932514.0
1753505061506,04:44:21.506,bitmart,ACH/USDT:USDT,0.022345,13253.0,0.022418,2465.0,0.022384,,385932514.0
1753505062622,04:44:22.622,bitmart,ACH/USDT:USDT,0.022345,13253.0,0.022418,3218.0,0.022383,,385938184.0
1753505063518,04:44:23.518,bitmart,ACH/USDT:USDT,0.022345,13253.0,0.02242,2529.0,0.022383,,385938184.0
1753505064615,04:44:24.615,bitmart,ACH/USDT:USDT,0.022345,13253.0,0.022418,3547.0,0.022382,,385945990.0
1753505065502,04:44:25.502,bitmart,ACH/USDT:USDT,0.022345,13253.0,0.022418,2872.0,0.022382,,385945990.0
1753505066609,04:44:26.609,bitmart,ACH/USDT:USDT,0.022345,13253.0,0.02242,2529.0,0.022383,,385954400.0
1753505067526,04:44:27.526,bitmart,ACH/USDT:USDT,0.022345,13253.0,0.022418,3297.0,0.022383,,385954400.0
1753505068601,04:44:28.601,bitmart,ACH/USDT:USDT,0.022345,13253.0,0.022418,3115.0,0.022383,,385961270.0
1753505070507,04:44:30.507,bitmart,ACH/USDT:USDT,0.022345,13253.0,0.022418,3781.0,0.022384,,385966036.0
1753505072508,04:44:32.508,bitmart,ACH/USDT:USDT,0.022345,13253.0,0.02242,2529.0,0.022383,,385971228.0
1753505073508,04:44:33.508,bitmart,ACH/USDT:USDT,0.022345,13253.0,0.022418,3175.0,0.022383,,385979946.0
1753505074516,04:44:34.516,bitmart,ACH/USDT:USDT,0.022345,13253.0,0.022418,2775.0,0.022383,,385979946.0
1753505075520,04:44:35.520,bitmart,ACH/USDT:USDT,0.022345,13253.0,0.022418,3462.0,0.022382,,385984572.0
1753505076516,04:44:36.516,bitmart,ACH/USDT:USDT,0.022345,13253.0,0.022418,3625.0,0.022382,,385984572.0
1753505077632,04:44:37.632,bitmart,ACH/USDT:USDT,0.022345,13253.0,0.022418,2723.0,0.022383,,385989928.0
1753505078507,04:44:38.507,bitmart,ACH/USDT:USDT,0.022345,13253.0,0.022418,3117.0,0.022383,,385989928.0
1753505079614,04:44:39.614,bitmart,ACH/USDT:USDT,0.022345,13253.0,0.022418,2674.0,0.022383,,385998032.0
1753505080613,04:44:40.613,bitmart,ACH/USDT:USDT,0.022345,13253.0,0.02242,2529.0,0.022383,,385998032.0
1753505081600,04:44:41.600,bitmart,ACH/USDT:USDT,0.022345,13253.0,0.02242,2529.0,0.022383,,386002706.0
1753505084510,04:44:44.510,bitmart,ACH/USDT:USDT,0.022345,13253.0,0.022418,2439.0,0.022382,,386011072.0
1753505086506,04:44:46.506,bitmart,ACH/USDT:USDT,0.022345,13253.0,0.022418,6050.0,0.022383,,386016028.0
1753505088521,04:44:48.521,bitmart,ACH/USDT:USDT,0.022345,13253.0,0.022418,4662.0,0.022382,,386023450.0
1753505090555,04:44:50.555,bitmart,ACH/USDT:USDT,0.022345,1332.0,0.022415,8980.0,0.022383,,386029036.0
1753505092507,04:44:52.507,bitmart,ACH/USDT:USDT,0.022344,2486.0,0.022414,1371.0,0.02238,,386037948.0
1753505093546,04:44:53.546,bitmart,ACH/USDT:USDT,0.022345,5492.0,0.022414,960.0,0.02238,,386042948.0
1753505094516,04:44:54.516,bitmart,ACH/USDT:USDT,0.022345,4612.0,0.022414,1829.0,0.02238,,386042948.0
1753505095521,04:44:55.521,bitmart,ACH/USDT:USDT,0.022345,6599.0,0.022414,2277.0,0.022381,,386048890.0
1753505096501,04:44:56.501,bitmart,ACH/USDT:USDT,0.022345,7301.0,0.022414,1711.0,0.022381,,386048890.0
1753505097605,04:44:57.605,bitmart,ACH/USDT:USDT,0.022345,6306.0,0.022414,2498.0,0.02238,,386055414.0
1753505098606,04:44:58.606,bitmart,ACH/USDT:USDT,0.022345,10479.0,0.022414,2500.0,0.02238,,386064222.0
1753505099520,04:44:59.520,bitmart,ACH/USDT:USDT,0.022345,7415.0,0.022418,1559.0,0.02238,,386085894.0
1753505100537,04:45:00.537,bitmart,ACH/USDT:USDT,0.022345,7450.0,0.022418,1559.0,0.02238,,385848494.0
1753505101617,04:45:01.617,bitmart,ACH/USDT:USDT,0.022345,8681.0,0.022414,3049.0,0.022381,,385870944.0
1753505102622,04:45:02.622,bitmart,ACH/USDT:USDT,0.022345,7820.0,0.022414,2299.0,0.02238,,385875472.0
1753505105596,04:45:05.596,bitmart,ACH/USDT:USDT,0.022345,10452.0,0.022414,9114.0,0.02238,,385883732.0
1753505106616,04:45:06.616,bitmart,ACH/USDT:USDT,0.02234,87466.0,0.022414,9854.0,0.022381,,385889670.0
1753505107505,04:45:07.505,bitmart,ACH/USDT:USDT,0.02234,4525.0,0.022412,6322.0,0.022381,,385889670.0
1753505108531,04:45:08.531,bitmart,ACH/USDT:USDT,0.02234,4525.0,0.022412,850.0,0.022381,,385889670.0
1753505109606,04:45:09.606,bitmart,ACH/USDT:USDT,0.02234,4525.0,0.022412,668.0,0.022377,,385896488.0
1753505110510,04:45:10.510,bitmart,ACH/USDT:USDT,0.02234,4525.0,0.022412,962.0,0.022377,,385896488.0
1753505113501,04:45:13.501,bitmart,ACH/USDT:USDT,0.02234,10896.0,0.022414,9114.0,0.022377,,385913198.0
1753505119505,04:45:19.505,bitmart,ACH/USDT:USDT,0.02234,10896.0,0.022412,1346.0,0.022376,,385929834.0
1753505120613,04:45:20.613,bitmart,ACH/USDT:USDT,0.02234,10896.0,0.022412,1346.0,0.022377,,385934554.0
1753505121508,04:45:21.508,bitmart,ACH/USDT:USDT,0.02234,10896.0,0.022412,1346.0,0.022377,,385934554.0
1753505122601,04:45:22.601,bitmart,ACH/USDT:USDT,0.02234,10896.0,0.022412,1346.0,0.022376,,385942176.0
1753505124542,04:45:24.542,bitmart,ACH/USDT:USDT,0.02234,22850.0,0.022412,4199.0,0.022377,,385946658.0
1753505125605,04:45:25.605,bitmart,ACH/USDT:USDT,0.02234,114.0,0.022413,356.0,0.022377,,385946658.0
1753505127522,04:45:27.522,bitmart,ACH/USDT:USDT,0.02234,2531.0,0.022413,537.0,0.022378,,385951332.0
1753505128516,04:45:28.516,bitmart,ACH/USDT:USDT,0.02234,2531.0,0.022413,396.0,0.022379,,385957322.0
1753505129603,04:45:29.603,bitmart,ACH/USDT:USDT,0.02234,5183.0,0.022413,537.0,0.022379,,385957322.0
1753505130608,04:45:30.608,bitmart,ACH/USDT:USDT,0.02234,5183.0,0.022413,438.0,0.022378,,385964742.0
1753505131617,04:45:31.617,bitmart,ACH/USDT:USDT,0.02234,3179.0,0.022414,470.0,0.022379,,385969636.0
1753505133507,04:45:33.507,bitmart,ACH/USDT:USDT,0.02234,3179.0,0.022413,512.0,0.022379,,385969636.0
1753505134516,04:45:34.516,bitmart,ACH/USDT:USDT,0.02234,3179.0,0.022414,470.0,0.022378,,385975426.0
1753505135505,04:45:35.505,bitmart,ACH/USDT:USDT,0.02234,3179.0,0.022413,690.0,0.022378,,385975426.0
1753505137599,04:45:37.599,bitmart,ACH/USDT:USDT,0.02234,5143.0,0.022413,7280.0,0.022378,,385981084.0
1753505138616,04:45:38.616,bitmart,ACH/USDT:USDT,0.02234,5143.0,0.022413,7280.0,0.022376,,385988866.0
1753505139501,04:45:39.501,bitmart,ACH/USDT:USDT,0.02234,5143.0,0.022413,7280.0,0.022376,,385988866.0
1753505140619,04:45:40.619,bitmart,ACH/USDT:USDT,0.02234,5143.0,0.022413,7280.0,0.022377,,385995396.0
1753505141509,04:45:41.509,bitmart,ACH/USDT:USDT,0.02234,5143.0,0.022413,7280.0,0.022377,,385995396.0
1753505142608,04:45:42.608,bitmart,ACH/USDT:USDT,0.02234,9150.0,0.022413,7280.0,0.022376,,386002010.0
1753505143502,04:45:43.502,bitmart,ACH/USDT:USDT,0.02234,9150.0,0.022413,7280.0,0.022376,,386002010.0
1753505144610,04:45:44.610,bitmart,ACH/USDT:USDT,0.02234,9150.0,0.022413,7280.0,0.022377,,386010024.0
1753505145595,04:45:45.595,bitmart,ACH/USDT:USDT,0.02234,9150.0,0.022413,7280.0,0.022377,,386010024.0
1753505146519,04:45:46.519,bitmart,ACH/USDT:USDT,0.02234,9150.0,0.022413,7280.0,0.022377,,386010024.0
1753505147607,04:45:47.607,bitmart,ACH/USDT:USDT,0.02234,9150.0,0.022413,7280.0,0.022376,,386016550.0
1753505148500,04:45:48.500,bitmart,ACH/USDT:USDT,0.02234,9150.0,0.022413,7280.0,0.022376,,386016550.0
1753505149524,04:45:49.524,bitmart,ACH/USDT:USDT,0.02234,9150.0,0.022413,7280.0,0.022376,,386025236.0
1753505150509,04:45:50.509,bitmart,ACH/USDT:USDT,0.02234,9150.0,0.022413,519.0,0.022376,,386025236.0
1753505151528,04:45:51.528,bitmart,ACH/USDT:USDT,0.02234,9150.0,0.022413,519.0,0.022377,,386033818.0
1753505152521,04:45:52.521,bitmart,ACH/USDT:USDT,0.02234,9150.0,0.022413,519.0,0.022377,,386033818.0
1753505153523,04:45:53.523,bitmart,ACH/USDT:USDT,0.02234,9150.0,0.022413,519.0,0.022376,,386040258.0
1753505154617,04:45:54.617,bitmart,ACH/USDT:USDT,0.02234,9150.0,0.022413,519.0,0.022376,,386040258.0
1753505156509,04:45:56.509,bitmart,ACH/USDT:USDT,0.02234,654.0,0.022413,5032.0,0.022375,,386047170.0
1753505157509,04:45:57.509,bitmart,ACH/USDT:USDT,0.02234,4235.0,0.022414,4826.0,0.022378,,386052340.0
1753505158628,04:45:58.628,bitmart,ACH/USDT:USDT,0.02234,4235.0,0.022413,4855.0,0.022377,,386058836.0
1753505160631,04:46:00.631,bitmart,ACH/USDT:USDT,0.022343,2479.0,0.022414,4826.0,0.022379,,385800400.0
1753505161527,04:46:01.527,bitmart,ACH/USDT:USDT,0.022343,2251.0,0.022414,4826.0,0.022379,,385819548.0
1753505162527,04:46:02.527,bitmart,ACH/USDT:USDT,0.02234,7530.0,0.022414,4826.0,0.022378,,385825390.0
1753505163526,04:46:03.526,bitmart,ACH/USDT:USDT,0.02234,7530.0,0.022414,4826.0,0.022378,,385825390.0
1753505164532,04:46:04.532,bitmart,ACH/USDT:USDT,0.022343,7593.0,0.022414,4826.0,0.022379,,385830274.0
1753505166560,04:46:06.560,bitmart,ACH/USDT:USDT,0.022343,8988.0,0.022414,4826.0,0.022379,,385830274.0
1753505169607,04:46:09.607,bitmart,ACH/USDT:USDT,0.022346,7165.0,0.022415,1312.0,0.022378,,385842426.0
1753505171505,04:46:11.505,bitmart,ACH/USDT:USDT,0.022346,6567.0,0.022415,968.0,0.022381,,385847618.0
1753505173506,04:46:13.506,bitmart,ACH/USDT:USDT,0.022346,5633.0,0.022415,1742.0,0.02238,,385852616.0
1753505174505,04:46:14.505,bitmart,ACH/USDT:USDT,0.022346,6168.0,0.022415,1720.0,0.02238,,385852616.0
1753505175510,04:46:15.510,bitmart,ACH/USDT:USDT,0.022343,6039.0,0.022418,5342.0,0.022381,,385859644.0
1753505176519,04:46:16.519,bitmart,ACH/USDT:USDT,0.022346,8634.0,0.022415,5683.0,0.022381,,385859644.0
1753505178594,04:46:18.594,bitmart,ACH/USDT:USDT,0.022346,9422.0,0.022415,4140.0,0.022381,,385864144.0
1753505180507,04:46:20.507,bitmart,ACH/USDT:USDT,0.022346,11048.0,0.022415,5419.0,0.022381,,385872286.0
1753505181622,04:46:21.622,bitmart,ACH/USDT:USDT,0.022346,13901.0,0.022415,5031.0,0.022382,,385879884.0
1753505182509,04:46:22.509,bitmart,ACH/USDT:USDT,0.022343,6039.0,0.022418,5342.0,0.022382,,385879884.0
1753505183613,04:46:23.613,bitmart,ACH/USDT:USDT,0.022346,9251.0,0.022415,6048.0,0.022381,,385886600.0
1753505184506,04:46:24.506,bitmart,ACH/USDT:USDT,0.022346,30126.0,0.022415,4323.0,0.022381,,385886600.0
1753505185525,04:46:25.525,bitmart,ACH/USDT:USDT,0.022346,4734.0,0.022417,9.0,0.022381,,385893934.0
1753505187609,04:46:27.609,bitmart,ACH/USDT:USDT,0.022349,6199.0,0.022422,127.0,0.022385,,385900542.0
1753505188501,04:46:28.501,bitmart,ACH/USDT:USDT,0.022349,5257.0,0.022422,127.0,0.022385,,385900542.0
1753505189615,04:46:29.615,bitmart,ACH/USDT:USDT,0.022349,8494.0,0.022422,127.0,0.022385,,385905806.0
1753505190502,04:46:30.502,bitmart,ACH/USDT:USDT,0.022349,8508.0,0.022422,127.0,0.022385,,385905806.0
1753505191626,04:46:31.626,bitmart,ACH/USDT:USDT,0.02235,5817.0,0.022422,127.0,0.022386,,385911074.0
1753505192543,04:46:32.543,bitmart,ACH/USDT:USDT,0.022346,98004.0,0.022422,127.0,0.022386,,385911074.0
1753505194514,04:46:34.514,bitmart,ACH/USDT:USDT,0.022346,98004.0,0.022422,127.0,0.022385,,385918088.0
1753505195524,04:46:35.524,bitmart,ACH/USDT:USDT,0.022351,29440.0,0.022422,127.0,0.022386,,385923444.0
1753505196506,04:46:36.506,bitmart,ACH/USDT:USDT,0.022351,24409.0,0.022422,127.0,0.022386,,385923444.0
1753505197515,04:46:37.515,bitmart,ACH/USDT:USDT,0.022346,98004.0,0.022422,127.0,0.022385,,385932186.0
1753505198507,04:46:38.507,bitmart,ACH/USDT:USDT,0.022351,36538.0,0.022422,1138.0,0.022385,,385932186.0
1753505199612,04:46:39.612,bitmart,ACH/USDT:USDT,0.022351,37563.0,0.022422,1138.0,0.022386,,385939130.0
1753505200507,04:46:40.507,bitmart,ACH/USDT:USDT,0.022351,6007.0,0.022424,19080.0,0.022386,,385939130.0
1753505201618,04:46:41.618,bitmart,ACH/USDT:USDT,0.022351,6007.0,0.022424,19080.0,0.022389,,385946400.0
1753505202509,04:46:42.509,bitmart,ACH/USDT:USDT,0.022351,6007.0,0.022424,19080.0,0.022389,,385946400.0
1753505204613,04:46:44.613,bitmart,ACH/USDT:USDT,0.022356,5731.0,0.022424,19080.0,0.022392,,385961644.0
1753505205501,04:46:45.501,bitmart,ACH/USDT:USDT,0.022356,5731.0,0.022424,19080.0,0.022392,,385961644.0
1753505206518,04:46:46.518,bitmart,ACH/USDT:USDT,0.022356,5731.0,0.022424,19080.0,0.022393,,385969020.0
1753505207511,04:46:47.511,bitmart,ACH/USDT:USDT,0.022356,5731.0,0.022424,19080.0,0.022393,,385969020.0
1753505209504,04:46:49.504,bitmart,ACH/USDT:USDT,0.022356,8609.0,0.022424,19080.0,0.022392,,385976816.0
1753505211508,04:46:51.508,bitmart,ACH/USDT:USDT,0.022356,8609.0,0.022424,19080.0,0.022391,,385983410.0
1753505212522,04:46:52.522,bitmart,ACH/USDT:USDT,0.022356,8609.0,0.022424,19080.0,0.022391,,385983410.0
1753505213614,04:46:53.614,bitmart,ACH/USDT:USDT,0.022356,8609.0,0.022424,19080.0,0.022392,,385987988.0
1753505214525,04:46:54.525,bitmart,ACH/USDT:USDT,0.022356,8609.0,0.022424,19080.0,0.022392,,385987988.0
1753505217540,04:46:57.540,bitmart,ACH/USDT:USDT,0.022351,2410.0,0.022424,19080.0,0.022389,,386001560.0
1753505218604,04:46:58.604,bitmart,ACH/USDT:USDT,0.022351,2410.0,0.022424,19080.0,0.022389,,386017400.0
1753505219521,04:46:59.521,bitmart,ACH/USDT:USDT,0.022351,4268.0,0.022424,19080.0,0.022389,,386032554.0
1753505220653,04:47:00.653,bitmart,ACH/USDT:USDT,0.022351,4268.0,0.022424,19080.0,0.022389,,385793528.0
1753505221531,04:47:01.531,bitmart,ACH/USDT:USDT,0.022351,4268.0,0.022424,19080.0,0.02239,,385808476.0
1753505223508,04:47:03.508,bitmart,ACH/USDT:USDT,0.02235,767.0,0.022424,19080.0,0.022387,,385814402.0
1753505224517,04:47:04.517,bitmart,ACH/USDT:USDT,0.022351,1232.0,0.022421,9477.0,0.022386,,385819198.0
1753505225608,04:47:05.608,bitmart,ACH/USDT:USDT,0.02235,2534.0,0.022424,19080.0,0.022385,,385826398.0
1753505226514,04:47:06.514,bitmart,ACH/USDT:USDT,0.022351,3047.0,0.022421,5418.0,0.022385,,385826398.0
1753505228611,04:47:08.611,bitmart,ACH/USDT:USDT,0.022351,1380.0,0.022422,28152.0,0.022387,,385830950.0
1753505229503,04:47:09.503,bitmart,ACH/USDT:USDT,0.022351,1380.0,0.022422,36827.0,0.022387,,385830950.0
1753505230614,04:47:10.614,bitmart,ACH/USDT:USDT,0.022346,59919.0,0.022422,7044.0,0.022387,,385837478.0
1753505231608,04:47:11.608,bitmart,ACH/USDT:USDT,0.022351,3161.0,0.02242,5047.0,0.022386,,385842284.0
1753505232512,04:47:12.512,bitmart,ACH/USDT:USDT,0.022351,1547.0,0.02242,6542.0,0.022386,,385842284.0
1753505234502,04:47:14.502,bitmart,ACH/USDT:USDT,0.022346,3315.0,0.022418,6743.0,0.022384,,385848548.0
1753505235616,04:47:15.616,bitmart,ACH/USDT:USDT,0.022346,3315.0,0.022418,6331.0,0.022384,,385853016.0
1753505236514,04:47:16.514,bitmart,ACH/USDT:USDT,0.022346,3315.0,0.022418,7937.0,0.022384,,385853016.0
1753505238501,04:47:18.501,bitmart,ACH/USDT:USDT,0.022346,1864.0,0.022417,10884.0,0.022382,,385861148.0
1753505242507,04:47:22.507,bitmart,ACH/USDT:USDT,0.022346,1864.0,0.022417,35019.0,0.022382,,385874144.0
1753505244505,04:47:24.505,bitmart,ACH/USDT:USDT,0.022341,853.0,0.022414,7248.0,0.022383,,385878908.0
1753505246508,04:47:26.508,bitmart,ACH/USDT:USDT,0.022341,853.0,0.022413,32819.0,0.022379,,385885196.0
1753505248509,04:47:28.509,bitmart,ACH/USDT:USDT,0.022341,1231.0,0.022413,4811.0,0.022376,,385893924.0
1753505252502,04:47:32.502,bitmart,ACH/USDT:USDT,0.02234,1937.0,0.022413,4811.0,0.022376,,385905734.0
1753505254502,04:47:34.502,bitmart,ACH/USDT:USDT,0.022336,3446.0,0.022408,1724.0,0.022374,,385912710.0
1753505255531,04:47:35.531,bitmart,ACH/USDT:USDT,0.022336,3446.0,0.022408,20987.0,0.022374,,385920110.0
1753505256609,04:47:36.609,bitmart,ACH/USDT:USDT,0.022336,3446.0,0.022409,30932.0,0.022374,,385920110.0
1753505258608,04:47:38.608,bitmart,ACH/USDT:USDT,0.022336,3446.0,0.022408,23693.0,0.022373,,385927152.0
1753505259509,04:47:39.509,bitmart,ACH/USDT:USDT,0.022336,3446.0,0.022408,26434.0,0.022374,,385934738.0
1753505260549,04:47:40.549,bitmart,ACH/USDT:USDT,0.022336,8413.0,0.022409,22129.0,0.022374,,385934738.0
1753505261620,04:47:41.620,bitmart,ACH/USDT:USDT,0.02234,4485.0,0.022413,144.0,0.022375,,385939830.0
1753505262508,04:47:42.508,bitmart,ACH/USDT:USDT,0.02234,4485.0,0.022413,144.0,0.022375,,385939830.0
1753505263531,04:47:43.531,bitmart,ACH/USDT:USDT,0.02234,4485.0,0.022413,144.0,0.022376,,385946618.0
1753505265518,04:47:45.518,bitmart,ACH/USDT:USDT,0.022336,2081.0,0.022413,4795.0,0.022375,,385953272.0
1753505266606,04:47:46.606,bitmart,ACH/USDT:USDT,0.02234,2611.0,0.022413,4795.0,0.022375,,385953272.0
1753505270615,04:47:50.615,bitmart,ACH/USDT:USDT,0.022336,2081.0,0.022413,4795.0,0.022375,,385967138.0
1753505271598,04:47:51.598,bitmart,ACH/USDT:USDT,0.02234,5235.0,0.022413,10548.0,0.022375,,385975290.0
1753505272508,04:47:52.508,bitmart,ACH/USDT:USDT,0.022336,5496.0,0.022408,9834.0,0.022375,,385975290.0
1753505274610,04:47:54.610,bitmart,ACH/USDT:USDT,0.022331,504.0,0.022401,11597.0,0.022373,,385984968.0
1753505275507,04:47:55.507,bitmart,ACH/USDT:USDT,0.022331,392.0,0.022401,13174.0,0.022367,,385994676.0
1753505276530,04:47:56.530,bitmart,ACH/USDT:USDT,0.022331,2369.0,0.022401,9153.0,0.022367,,385994676.0
1753505277552,04:47:57.552,bitmart,ACH/USDT:USDT,0.022331,2178.0,0.022401,10404.0,0.022366,,386001442.0
1753505278541,04:47:58.541,bitmart,ACH/USDT:USDT,0.022331,2575.0,0.022401,13214.0,0.022367,,386008100.0
1753505280531,04:48:00.531,bitmart,ACH/USDT:USDT,0.02233,1713.0,0.022405,6043.0,0.022366,,385757014.0
1753505283609,04:48:03.609,bitmart,ACH/USDT:USDT,0.022331,3081.0,0.022401,4913.0,0.022368,,385785184.0
1753505284532,04:48:04.532,bitmart,ACH/USDT:USDT,0.022331,4160.0,0.022401,6048.0,0.022367,,385790310.0
1753505285516,04:48:05.516,bitmart,ACH/USDT:USDT,0.022331,4183.0,0.022401,7918.0,0.022367,,385790310.0
1753505286553,04:48:06.553,bitmart,ACH/USDT:USDT,0.022331,1786.0,0.022402,7469.0,0.022366,,385798012.0
1753505287508,04:48:07.508,bitmart,ACH/USDT:USDT,0.022331,1786.0,0.022402,5409.0,0.022366,,385798012.0
1753505288528,04:48:08.528,bitmart,ACH/USDT:USDT,0.022331,1786.0,0.022402,6419.0,0.022367,,385804130.0
1753505290610,04:48:10.610,bitmart,ACH/USDT:USDT,0.022331,1786.0,0.022402,1373.0,0.022367,,385812636.0
1753505293515,04:48:13.515,bitmart,ACH/USDT:USDT,0.022331,626.0,0.022405,1309.0,0.022366,,385818116.0
1753505295593,04:48:15.593,bitmart,ACH/USDT:USDT,0.022331,2120.0,0.022402,884.0,0.022368,,385822776.0
1753505296521,04:48:16.521,bitmart,ACH/USDT:USDT,0.022331,2120.0,0.022402,1045.0,0.022367,,385829300.0
1753505297515,04:48:17.515,bitmart,ACH/USDT:USDT,0.022331,2120.0,0.022402,917.0,0.022367,,385829300.0
1753505298623,04:48:18.623,bitmart,ACH/USDT:USDT,0.022331,2120.0,0.022402,5059.0,0.022368,,385836772.0
1753505299506,04:48:19.506,bitmart,ACH/USDT:USDT,0.022331,2120.0,0.022402,854.0,0.022368,,385836772.0
1753505300624,04:48:20.624,bitmart,ACH/USDT:USDT,0.022331,6107.0,0.022402,843.0,0.022368,,385841974.0
1753505302515,04:48:22.515,bitmart,ACH/USDT:USDT,0.022331,6107.0,0.022405,1053.0,0.022368,,385848262.0
1753505303506,04:48:23.506,bitmart,ACH/USDT:USDT,0.022331,6107.0,0.022402,6915.0,0.022368,,385848262.0
1753505304616,04:48:24.616,bitmart,ACH/USDT:USDT,0.022331,6107.0,0.022402,7695.0,0.022367,,385855096.0
1753505305532,04:48:25.532,bitmart,ACH/USDT:USDT,0.022331,6107.0,0.022402,6510.0,0.022367,,385855096.0
1753505306567,04:48:26.567,bitmart,ACH/USDT:USDT,0.022331,6107.0,0.022402,7041.0,0.022368,,385861538.0
1753505307517,04:48:27.517,bitmart,ACH/USDT:USDT,0.022331,6107.0,0.022405,4934.0,0.022368,,385861538.0
1753505309506,04:48:29.506,bitmart,ACH/USDT:USDT,0.022331,6107.0,0.022402,7028.0,0.022367,,385868284.0
1753505310509,04:48:30.509,bitmart,ACH/USDT:USDT,0.02233,1915.0,0.022402,8422.0,0.022366,,385875874.0
1753505311511,04:48:31.511,bitmart,ACH/USDT:USDT,0.02233,1950.0,0.022402,8422.0,0.022366,,385875874.0
1753505312602,04:48:32.602,bitmart,ACH/USDT:USDT,0.02233,788.0,0.022402,8422.0,0.022366,,385880838.0
1753505313508,04:48:33.508,bitmart,ACH/USDT:USDT,0.02233,2289.0,0.0224,8304.0,0.022366,,385880838.0
1753505315506,04:48:35.506,bitmart,ACH/USDT:USDT,0.022326,2606.0,0.022402,8422.0,0.022365,,385886424.0
1753505317526,04:48:37.526,bitmart,ACH/USDT:USDT,0.02233,2012.0,0.0224,7152.0,0.022364,,385892926.0
1753505318524,04:48:38.524,bitmart,ACH/USDT:USDT,0.02233,2810.0,0.0224,7333.0,0.022365,,385899326.0
1753505319511,04:48:39.511,bitmart,ACH/USDT:USDT,0.022331,143.0,0.022402,8422.0,0.022365,,385899326.0
1753505320605,04:48:40.605,bitmart,ACH/USDT:USDT,0.022331,134.0,0.022402,7759.0,0.022366,,385908240.0
1753505321518,04:48:41.518,bitmart,ACH/USDT:USDT,0.022326,77757.0,0.022402,7759.0,0.022366,,385913428.0
1753505322509,04:48:42.509,bitmart,ACH/USDT:USDT,0.022331,2144.0,0.022402,7759.0,0.022366,,385913428.0
1753505323512,04:48:43.512,bitmart,ACH/USDT:USDT,0.022326,77757.0,0.022402,846.0,0.022366,,385913428.0
1753505324653,04:48:44.653,bitmart,ACH/USDT:USDT,0.022326,77757.0,0.022402,4888.0,0.022365,,385919576.0
1753505325505,04:48:45.505,bitmart,ACH/USDT:USDT,0.022326,2151.0,0.022399,15519.0,0.022365,,385919576.0
1753505327512,04:48:47.512,bitmart,ACH/USDT:USDT,0.022326,27194.0,0.022399,13539.0,0.022364,,385925948.0
1753505329516,04:48:49.516,bitmart,ACH/USDT:USDT,0.022326,27194.0,0.022399,14395.0,0.022363,,385934156.0
1753505330617,04:48:50.617,bitmart,ACH/USDT:USDT,0.022326,27194.0,0.022399,14551.0,0.022364,,385941886.0
1753505331518,04:48:51.518,bitmart,ACH/USDT:USDT,0.022326,2215.0,0.0224,20429.0,0.022364,,385941886.0
1753505332614,04:48:52.614,bitmart,ACH/USDT:USDT,0.022332,8565.0,0.022402,459.0,0.022365,,385947590.0
1753505334622,04:48:54.622,bitmart,ACH/USDT:USDT,0.022332,4515.0,0.022402,1197.0,0.022367,,385956310.0
1753505335511,04:48:55.511,bitmart,ACH/USDT:USDT,0.022332,449.0,0.022402,5318.0,0.022367,,385956310.0
1753505336614,04:48:56.614,bitmart,ACH/USDT:USDT,0.022332,321.0,0.022402,5318.0,0.022367,,385961116.0
1753505337519,04:48:57.519,bitmart,ACH/USDT:USDT,0.022326,70901.0,0.022402,5318.0,0.022367,,385961116.0
1753505339629,04:48:59.629,bitmart,ACH/USDT:USDT,0.022331,369.0,0.022402,10671.0,0.022366,,385995792.0
1753505340539,04:49:00.539,bitmart,ACH/USDT:USDT,0.022331,476.0,0.022402,5877.0,0.022366,,385727612.0
1753505341538,04:49:01.538,bitmart,ACH/USDT:USDT,0.022331,383.0,0.022402,5877.0,0.022367,,385750202.0
1753505342621,04:49:02.621,bitmart,ACH/USDT:USDT,0.02233,429.0,0.022402,5877.0,0.022366,,385756788.0
1753505343503,04:49:03.503,bitmart,ACH/USDT:USDT,0.022331,347.0,0.022402,5877.0,0.022366,,385756788.0
1753505344609,04:49:04.609,bitmart,ACH/USDT:USDT,0.022331,73731.0,0.022402,370.0,0.022367,,385762522.0
1753505347539,04:49:07.539,bitmart,ACH/USDT:USDT,0.022331,14670.0,0.022404,6552.0,0.022368,,385769866.0
1753505348605,04:49:08.605,bitmart,ACH/USDT:USDT,0.022331,14670.0,0.022404,8263.0,0.022369,,385778740.0
1753505349510,04:49:09.510,bitmart,ACH/USDT:USDT,0.022331,1121.0,0.022407,133.0,0.022369,,385778740.0
1753505352543,04:49:12.543,bitmart,ACH/USDT:USDT,0.022331,6056.0,0.022407,133.0,0.022369,,385792494.0
1753505355517,04:49:15.517,bitmart,ACH/USDT:USDT,0.022332,56641.0,0.022404,134.0,0.02237,,385800536.0
1753505356525,04:49:16.525,bitmart,ACH/USDT:USDT,0.022332,116334.0,0.022402,5311.0,0.022368,,385806494.0
1753505359513,04:49:19.513,bitmart,ACH/USDT:USDT,0.022332,135934.0,0.022402,5407.0,0.022369,,385815232.0
1753505360528,04:49:20.528,bitmart,ACH/USDT:USDT,0.022332,114388.0,0.022402,6547.0,0.022368,,385823210.0
1753505361507,04:49:21.507,bitmart,ACH/USDT:USDT,0.022332,56641.0,0.022404,4748.0,0.022368,,385823210.0
1753505362533,04:49:22.533,bitmart,ACH/USDT:USDT,0.022332,130302.0,0.022402,7460.0,0.022369,,385830262.0
1753505363613,04:49:23.613,bitmart,ACH/USDT:USDT,0.022331,14774.0,0.0224,5658.0,0.022369,,385830262.0
1753505364621,04:49:24.621,bitmart,ACH/USDT:USDT,0.022331,17486.0,0.0224,6231.0,0.022366,,385839016.0
1753505366559,04:49:26.559,bitmart,ACH/USDT:USDT,0.022331,18640.0,0.0224,5147.0,0.022366,,385839016.0
1753505367622,04:49:27.622,bitmart,ACH/USDT:USDT,0.022331,13728.0,0.0224,4808.0,0.022365,,385847586.0
1753505368514,04:49:28.514,bitmart,ACH/USDT:USDT,0.022326,70901.0,0.022404,4748.0,0.022365,,385847586.0
1753505370500,04:49:30.500,bitmart,ACH/USDT:USDT,0.022331,20580.0,0.0224,6534.0,0.022366,,385854974.0
1753505371517,04:49:31.517,bitmart,ACH/USDT:USDT,0.022326,70901.0,0.0224,4127.0,0.022367,,385861912.0
1753505372517,04:49:32.517,bitmart,ACH/USDT:USDT,0.022331,18155.0,0.0224,6461.0,0.022367,,385861912.0
1753505374524,04:49:34.524,bitmart,ACH/USDT:USDT,0.022331,15879.0,0.0224,5042.0,0.022366,,385869972.0
1753505375579,04:49:35.579,bitmart,ACH/USDT:USDT,0.022331,22296.0,0.0224,6434.0,0.022365,,385878058.0
1753505376508,04:49:36.508,bitmart,ACH/USDT:USDT,0.02233,2210.0,0.0224,8291.0,0.022365,,385878058.0
1753505377519,04:49:37.519,bitmart,ACH/USDT:USDT,0.02233,1529.0,0.0224,7341.0,0.022365,,385883272.0
1753505378501,04:49:38.501,bitmart,ACH/USDT:USDT,0.022326,25271.0,0.022399,10846.0,0.022365,,385883272.0
1753505384570,04:49:44.570,bitmart,ACH/USDT:USDT,0.022326,7112.0,0.022399,16838.0,0.022363,,385900502.0
1753505386525,04:49:46.525,bitmart,ACH/USDT:USDT,0.022326,7112.0,0.022399,7696.0,0.022364,,385906188.0
1753505387544,04:49:47.544,bitmart,ACH/USDT:USDT,0.022326,7112.0,0.022399,5580.0,0.022365,,385914060.0
1753505389612,04:49:49.612,bitmart,ACH/USDT:USDT,0.022326,15156.0,0.022399,4075.0,0.022362,,385919204.0
1753505390619,04:49:50.619,bitmart,ACH/USDT:USDT,0.02231,350.0,0.022381,5354.0,0.022362,,385919204.0
1753505392528,04:49:52.528,bitmart,ACH/USDT:USDT,0.02231,350.0,0.022382,6721.0,0.022347,,385967382.0
1753505393636,04:49:53.636,bitmart,ACH/USDT:USDT,0.02231,350.0,0.022382,4856.0,0.022348,,385973366.0
1753505394531,04:49:54.531,bitmart,ACH/USDT:USDT,0.02231,350.0,0.022382,19586.0,0.022348,,385973366.0
1753505395605,04:49:55.605,bitmart,ACH/USDT:USDT,0.02231,350.0,0.022382,23642.0,0.022347,,385977866.0
1753505396511,04:49:56.511,bitmart,ACH/USDT:USDT,0.02231,350.0,0.022382,22415.0,0.022347,,385977866.0
1753505397517,04:49:57.517,bitmart,ACH/USDT:USDT,0.02231,350.0,0.022382,26858.0,0.022348,,385986506.0
1753505401553,04:50:01.553,bitmart,ACH/USDT:USDT,0.02231,830.0,0.022382,8156.0,0.022346,,385785156.0
1753505402529,04:50:02.529,bitmart,ACH/USDT:USDT,0.02231,659.0,0.022381,11273.0,0.022345,,385791380.0
1753505405500,04:50:05.500,bitmart,ACH/USDT:USDT,0.02231,520.0,0.022381,8169.0,0.022346,,385798096.0
1753505406523,04:50:06.523,bitmart,ACH/USDT:USDT,0.02231,543.0,0.022381,7153.0,0.022346,,385804270.0
1753505407508,04:50:07.508,bitmart,ACH/USDT:USDT,0.02231,452.0,0.022381,9723.0,0.022346,,385804270.0
1753505408599,04:50:08.599,bitmart,ACH/USDT:USDT,0.02231,450.0,0.022381,8757.0,0.022347,,385811136.0
1753505410502,04:50:10.502,bitmart,ACH/USDT:USDT,0.022309,672.0,0.022382,27956.0,0.022346,,385817048.0
1753505412605,04:50:12.605,bitmart,ACH/USDT:USDT,0.02231,1039.0,0.022381,12450.0,0.022345,,385822952.0
1753505414648,04:50:14.648,bitmart,ACH/USDT:USDT,0.02231,4741.0,0.022381,14731.0,0.022346,,385831746.0
1753505415521,04:50:15.521,bitmart,ACH/USDT:USDT,0.02231,441.0,0.02238,18022.0,0.022346,,385831746.0
1753505417514,04:50:17.514,bitmart,ACH/USDT:USDT,0.022304,716.0,0.022377,7174.0,0.022347,,385838872.0
1753505419507,04:50:19.507,bitmart,ACH/USDT:USDT,0.022304,716.0,0.022381,6360.0,0.022342,,385843574.0
1753505420531,04:50:20.531,bitmart,ACH/USDT:USDT,0.022304,716.0,0.022381,6360.0,0.022341,,385850248.0
1753505421513,04:50:21.513,bitmart,ACH/USDT:USDT,0.022304,382.0,0.022375,9561.0,0.022341,,385850248.0
1753505423516,04:50:23.516,bitmart,ACH/USDT:USDT,0.022304,989.0,0.022375,15228.0,0.02234,,385857446.0
1753505424547,04:50:24.547,bitmart,ACH/USDT:USDT,0.022304,383.0,0.022375,12150.0,0.022339,,385865520.0
1753505425509,04:50:25.509,bitmart,ACH/USDT:USDT,0.022304,383.0,0.022375,12791.0,0.022339,,385865520.0
1753505426595,04:50:26.595,bitmart,ACH/USDT:USDT,0.022304,383.0,0.022375,13192.0,0.02234,,385873226.0
1753505427515,04:50:27.515,bitmart,ACH/USDT:USDT,0.022304,383.0,0.022375,11579.0,0.02234,,385873226.0
1753505428526,04:50:28.526,bitmart,ACH/USDT:USDT,0.022304,383.0,0.022377,9599.0,0.022341,,385877754.0
1753505429514,04:50:29.514,bitmart,ACH/USDT:USDT,0.022304,383.0,0.022375,13657.0,0.022341,,385877754.0
1753505430500,04:50:30.500,bitmart,ACH/USDT:USDT,0.022304,383.0,0.022375,14070.0,0.02234,,385884272.0
1753505431515,04:50:31.515,bitmart,ACH/USDT:USDT,0.022304,383.0,0.022375,15589.0,0.02234,,385884272.0
1753505432501,04:50:32.501,bitmart,ACH/USDT:USDT,0.022299,56183.0,0.022372,13173.0,0.02234,,385888952.0
1753505434604,04:50:34.604,bitmart,ACH/USDT:USDT,0.0223,190.0,0.02237,9957.0,0.022336,,385894614.0
1753505435518,04:50:35.518,bitmart,ACH/USDT:USDT,0.0223,118.0,0.02237,7481.0,0.022336,,385894614.0
1753505436606,04:50:36.606,bitmart,ACH/USDT:USDT,0.022299,399.0,0.022369,6660.0,0.022337,,385903544.0
1753505437523,04:50:37.523,bitmart,ACH/USDT:USDT,0.022299,1527.0,0.022369,6557.0,0.022337,,385903544.0
1753505439514,04:50:39.514,bitmart,ACH/USDT:USDT,0.022299,1966.0,0.022369,1076.0,0.022334,,385909720.0
1753505440529,04:50:40.529,bitmart,ACH/USDT:USDT,0.022299,2457.0,0.022369,1076.0,0.022334,,385914332.0
1753505441528,04:50:41.528,bitmart,ACH/USDT:USDT,0.022299,3759.0,0.022369,1076.0,0.022335,,385919720.0
1753505443516,04:50:43.516,bitmart,ACH/USDT:USDT,0.022299,1481.0,0.022369,1574.0,0.022335,,385919720.0
1753505445594,04:50:45.594,bitmart,ACH/USDT:USDT,0.022299,1469.0,0.022369,1574.0,0.022334,,385927948.0
1753505448614,04:50:48.614,bitmart,ACH/USDT:USDT,0.022298,3992.0,0.022369,1574.0,0.022333,,385941482.0
1753505449610,04:50:49.610,bitmart,ACH/USDT:USDT,0.022298,4085.0,0.022369,1574.0,0.022333,,385946272.0
1753505453506,04:50:53.506,bitmart,ACH/USDT:USDT,0.022298,3938.0,0.022369,6589.0,0.022334,,385953046.0
1753505454607,04:50:54.607,bitmart,ACH/USDT:USDT,0.022298,4001.0,0.022369,6589.0,0.022333,,385960920.0
1753505455506,04:50:55.506,bitmart,ACH/USDT:USDT,0.022298,3368.0,0.022369,6589.0,0.022333,,385960920.0
1753505457519,04:50:57.519,bitmart,ACH/USDT:USDT,0.022292,620.0,0.022362,7119.0,0.022334,,385969200.0
1753505458532,04:50:58.532,bitmart,ACH/USDT:USDT,0.022292,612.0,0.022362,7798.0,0.022328,,385976400.0
1753505459534,04:50:59.534,bitmart,ACH/USDT:USDT,0.022292,605.0,0.022362,7405.0,0.022327,,386000616.0
1753505460633,04:51:00.633,bitmart,ACH/USDT:USDT,0.022292,137.0,0.022362,8966.0,0.022327,,385737994.0
1753505462542,04:51:02.542,bitmart,ACH/USDT:USDT,0.022287,6316.0,0.022357,13987.0,0.022324,,385762624.0
1753505464517,04:51:04.517,bitmart,ACH/USDT:USDT,0.022287,6822.0,0.022357,4716.0,0.022322,,385768180.0
1753505466520,04:51:06.520,bitmart,ACH/USDT:USDT,0.022286,639.0,0.022357,7027.0,0.022321,,385776394.0
1753505467604,04:51:07.604,bitmart,ACH/USDT:USDT,0.022286,639.0,0.022357,17677.0,0.022321,,385776394.0
1753505469511,04:51:09.511,bitmart,ACH/USDT:USDT,0.022281,1654.0,0.022357,16622.0,0.02232,,385782024.0
1753505470525,04:51:10.525,bitmart,ACH/USDT:USDT,0.022281,1654.0,0.022357,16622.0,0.022319,,385786918.0
1753505471507,04:51:11.507,bitmart,ACH/USDT:USDT,0.022281,1654.0,0.022357,16622.0,0.022319,,385786918.0
1753505474616,04:51:14.616,bitmart,ACH/USDT:USDT,0.022281,5081.0,0.022357,8432.0,0.022319,,385798474.0
1753505476611,04:51:16.611,bitmart,ACH/USDT:USDT,0.022281,325.0,0.022357,21726.0,0.022318,,385803068.0
1753505477515,04:51:17.515,bitmart,ACH/USDT:USDT,0.022281,8552.0,0.022357,78486.0,0.022318,,385803068.0
1753505478532,04:51:18.532,bitmart,ACH/USDT:USDT,0.022281,8552.0,0.022352,12471.0,0.022319,,385809848.0
1753505479502,04:51:19.502,bitmart,ACH/USDT:USDT,0.022281,8552.0,0.022352,9851.0,0.022319,,385809848.0
1753505482514,04:51:22.514,bitmart,ACH/USDT:USDT,0.022281,8552.0,0.022357,78486.0,0.022318,,385822934.0
1753505483497,04:51:23.497,bitmart,ACH/USDT:USDT,0.022286,13929.0,0.022357,734.0,0.022318,,385822934.0
1753505484513,04:51:24.513,bitmart,ACH/USDT:USDT,0.022286,7596.0,0.022357,1464.0,0.022318,,385822934.0
1753505485539,04:51:25.539,bitmart,ACH/USDT:USDT,0.022286,15564.0,0.022357,1364.0,0.022322,,385830468.0
1753505486510,04:51:26.510,bitmart,ACH/USDT:USDT,0.022291,107.0,0.022358,19890.0,0.022322,,385830468.0
1753505489529,04:51:29.529,bitmart,ACH/USDT:USDT,0.022291,18348.0,0.022358,19890.0,0.022326,,385839644.0
1753505490617,04:51:30.617,bitmart,ACH/USDT:USDT,0.022291,12404.0,0.022358,19890.0,0.022326,,385847678.0
1753505491502,04:51:31.502,bitmart,ACH/USDT:USDT,0.022291,10771.0,0.022358,19890.0,0.022326,,385847678.0
1753505492510,04:51:32.510,bitmart,ACH/USDT:USDT,0.022286,1484.0,0.022357,20649.0,0.022326,,385847678.0
1753505494599,04:51:34.599,bitmart,ACH/USDT:USDT,0.022281,115704.0,0.022357,20649.0,0.022321,,385852536.0
1753505496520,04:51:36.520,bitmart,ACH/USDT:USDT,0.022281,115883.0,0.022357,76.0,0.022321,,385859058.0
1753505497607,04:51:37.607,bitmart,ACH/USDT:USDT,0.022286,17903.0,0.022357,76.0,0.022321,,385867468.0
1753505498602,04:51:38.602,bitmart,ACH/USDT:USDT,0.022286,13957.0,0.022357,76.0,0.022321,,385867468.0
1753505499613,04:51:39.613,bitmart,ACH/USDT:USDT,0.022286,14825.0,0.022357,76.0,0.022321,,385872076.0
1753505500515,04:51:40.515,bitmart,ACH/USDT:USDT,0.022286,17138.0,0.022357,76.0,0.022321,,385872076.0
1753505501609,04:51:41.609,bitmart,ACH/USDT:USDT,0.022286,8727.0,0.022357,76.0,0.022321,,385878048.0
1753505502527,04:51:42.527,bitmart,ACH/USDT:USDT,0.022288,8245.0,0.022357,276.0,0.022321,,385878048.0
1753505505520,04:51:45.520,bitmart,ACH/USDT:USDT,0.022288,5692.0,0.022357,304.0,0.022324,,385894164.0
1753505506509,04:51:46.509,bitmart,ACH/USDT:USDT,0.022288,7370.0,0.022357,189.0,0.022324,,385894164.0
1753505508502,04:51:48.502,bitmart,ACH/USDT:USDT,0.022286,7903.0,0.022358,19890.0,0.022323,,385901800.0
1753505509613,04:51:49.613,bitmart,ACH/USDT:USDT,0.022286,7903.0,0.022357,259.0,0.022322,,385908898.0
1753505510514,04:51:50.514,bitmart,ACH/USDT:USDT,0.022289,8487.0,0.022358,19890.0,0.022322,,385908898.0
1753505511606,04:51:51.606,bitmart,ACH/USDT:USDT,0.022289,6207.0,0.022358,19890.0,0.022324,,385915102.0
1753505512520,04:51:52.520,bitmart,ACH/USDT:USDT,0.022291,246.0,0.022362,997.0,0.022324,,385915102.0
1753505513539,04:51:53.539,bitmart,ACH/USDT:USDT,0.022291,5894.0,0.022362,997.0,0.022327,,385920286.0
1753505514510,04:51:54.510,bitmart,ACH/USDT:USDT,0.022291,5650.0,0.022362,997.0,0.022327,,385920286.0
1753505516510,04:51:56.510,bitmart,ACH/USDT:USDT,0.022291,4827.0,0.022362,997.0,0.022326,,385926270.0
1753505518613,04:51:58.613,bitmart,ACH/USDT:USDT,0.022291,6178.0,0.022362,133.0,0.022328,,385939700.0
1753505519612,04:51:59.612,bitmart,ACH/USDT:USDT,0.022291,6178.0,0.022362,110.0,0.022328,,385957846.0
1753505520654,04:52:00.654,bitmart,ACH/USDT:USDT,0.022291,6178.0,0.022362,112.0,0.022328,,385727172.0
1753505521587,04:52:01.587,bitmart,ACH/USDT:USDT,0.022291,6178.0,0.022362,137.0,0.022327,,385745430.0
1753505522518,04:52:02.518,bitmart,ACH/USDT:USDT,0.022291,6178.0,0.022367,37870.0,0.022328,,385754036.0
1753505523508,04:52:03.508,bitmart,ACH/USDT:USDT,0.022291,6178.0,0.022367,149.0,0.022328,,385754036.0
1753505524607,04:52:04.607,bitmart,ACH/USDT:USDT,0.022291,6178.0,0.022367,149.0,0.022329,,385759858.0
1753505526608,04:52:06.608,bitmart,ACH/USDT:USDT,0.022291,6178.0,0.022367,149.0,0.022328,,385765770.0
1753505527513,04:52:07.513,bitmart,ACH/USDT:USDT,0.022291,334.0,0.022367,1131.0,0.022328,,385765770.0
1753505528512,04:52:08.512,bitmart,ACH/USDT:USDT,0.022291,334.0,0.022367,133.0,0.022329,,385772958.0
1753505529505,04:52:09.505,bitmart,ACH/USDT:USDT,0.022291,334.0,0.022367,133.0,0.022329,,385772958.0
1753505530607,04:52:10.607,bitmart,ACH/USDT:USDT,0.022291,334.0,0.022367,1339.0,0.022329,,385779454.0
1753505531524,04:52:11.524,bitmart,ACH/USDT:USDT,0.022291,334.0,0.022367,1339.0,0.022329,,385779454.0
1753505532608,04:52:12.608,bitmart,ACH/USDT:USDT,0.022291,334.0,0.022368,23583.0,0.022329,,385788052.0
1753505533498,04:52:13.498,bitmart,ACH/USDT:USDT,0.022291,334.0,0.022367,4313.0,0.022329,,385788052.0
1753505535517,04:52:15.517,bitmart,ACH/USDT:USDT,0.022291,162.0,0.022367,4313.0,0.022328,,385793576.0
1753505536502,04:52:16.502,bitmart,ACH/USDT:USDT,0.022291,119.0,0.022367,4313.0,0.022328,,385793576.0
1753505538610,04:52:18.610,bitmart,ACH/USDT:USDT,0.022291,435.0,0.022367,4313.0,0.022328,,385804372.0
1753505539505,04:52:19.505,bitmart,ACH/USDT:USDT,0.022291,5931.0,0.022367,4313.0,0.022328,,385804372.0
1753505540514,04:52:20.514,bitmart,ACH/USDT:USDT,0.022291,5931.0,0.022367,4313.0,0.022328,,385804372.0
1753505541603,04:52:21.603,bitmart,ACH/USDT:USDT,0.022291,5931.0,0.022367,4313.0,0.022329,,385812430.0
1753505542525,04:52:22.525,bitmart,ACH/USDT:USDT,0.022291,5931.0,0.022367,4313.0,0.022329,,385812430.0
1753505543603,04:52:23.603,bitmart,ACH/USDT:USDT,0.022291,5931.0,0.022367,4313.0,0.022328,,385818070.0
1753505545602,04:52:25.602,bitmart,ACH/USDT:USDT,0.022291,5931.0,0.022367,4313.0,0.022329,,385826786.0
1753505546516,04:52:26.516,bitmart,ACH/USDT:USDT,0.022291,5931.0,0.022367,4313.0,0.022329,,385826786.0
1753505547618,04:52:27.618,bitmart,ACH/USDT:USDT,0.022291,5931.0,0.022367,4313.0,0.022328,,385833140.0
1753505548507,04:52:28.507,bitmart,ACH/USDT:USDT,0.022291,5931.0,0.022367,4313.0,0.022328,,385833140.0
1753505549608,04:52:29.608,bitmart,ACH/USDT:USDT,0.022291,5931.0,0.022367,4313.0,0.022329,,385837708.0
1753505551607,04:52:31.607,bitmart,ACH/USDT:USDT,0.022291,5931.0,0.022367,4313.0,0.02233,,385844490.0
1753505552526,04:52:32.526,bitmart,ACH/USDT:USDT,0.022291,5931.0,0.022367,4313.0,0.02233,,385844490.0
1753505553524,04:52:33.524,bitmart,ACH/USDT:USDT,0.022291,5931.0,0.022367,4313.0,0.022329,,385852408.0
1753505554601,04:52:34.601,bitmart,ACH/USDT:USDT,0.022291,5931.0,0.022367,4534.0,0.022329,,385852408.0
1753505555538,04:52:35.538,bitmart,ACH/USDT:USDT,0.022291,5931.0,0.022367,4534.0,0.022329,,385859290.0
1753505556597,04:52:36.597,bitmart,ACH/USDT:USDT,0.022291,5931.0,0.022367,4534.0,0.022329,,385859290.0
1753505557607,04:52:37.607,bitmart,ACH/USDT:USDT,0.022291,5931.0,0.022367,6277.0,0.022328,,385864550.0
1753505558554,04:52:38.554,bitmart,ACH/USDT:USDT,0.022291,5931.0,0.022367,6277.0,0.022328,,385864550.0
1753505559611,04:52:39.611,bitmart,ACH/USDT:USDT,0.022291,5931.0,0.022367,6277.0,0.022329,,385869794.0
1753505561609,04:52:41.609,bitmart,ACH/USDT:USDT,0.022291,914.0,0.022367,6277.0,0.02233,,385877338.0
1753505563618,04:52:43.618,bitmart,ACH/USDT:USDT,0.022291,914.0,0.022367,6277.0,0.022329,,385883984.0
1753505564677,04:52:44.677,bitmart,ACH/USDT:USDT,0.02229,314.0,0.022362,2005.0,0.022329,,385883984.0
1753505565614,04:52:45.614,bitmart,ACH/USDT:USDT,0.02229,719.0,0.022362,2005.0,0.022326,,385892262.0
1753505566509,04:52:46.509,bitmart,ACH/USDT:USDT,0.02229,719.0,0.022362,2005.0,0.022326,,385892262.0
1753505568615,04:52:48.615,bitmart,ACH/USDT:USDT,0.02229,719.0,0.022362,2005.0,0.022327,,385897794.0
1753505569606,04:52:49.606,bitmart,ACH/USDT:USDT,0.02229,719.0,0.022362,2005.0,0.022327,,385897794.0
1753505572609,04:52:52.609,bitmart,ACH/USDT:USDT,0.02229,719.0,0.022362,2005.0,0.022326,,385908630.0
1753505573520,04:52:53.520,bitmart,ACH/USDT:USDT,0.02229,719.0,0.022362,2005.0,0.022326,,385908630.0
1753505574630,04:52:54.630,bitmart,ACH/USDT:USDT,0.022284,148.0,0.022355,1035.0,0.022324,,385917384.0
1753505575519,04:52:55.519,bitmart,ACH/USDT:USDT,0.022286,144.0,0.022357,2783.0,0.022324,,385917384.0
1753505576628,04:52:56.628,bitmart,ACH/USDT:USDT,0.022284,488.0,0.022357,1660.0,0.022322,,385923620.0
1753505577532,04:52:57.532,bitmart,ACH/USDT:USDT,0.022286,492.0,0.022357,301.0,0.022322,,385923620.0
1753505579544,04:52:59.544,bitmart,ACH/USDT:USDT,0.022284,1173.0,0.022357,726.0,0.02232,,385953664.0
1753505580539,04:53:00.539,bitmart,ACH/USDT:USDT,0.022284,8452.0,0.022357,321.0,0.02232,,385710546.0
1753505581521,04:53:01.521,bitmart,ACH/USDT:USDT,0.022284,12150.0,0.022357,4921.0,0.02232,,385723616.0
1753505584515,04:53:04.515,bitmart,ACH/USDT:USDT,0.022284,391.0,0.022357,3652.0,0.022319,,385746500.0
1753505585529,04:53:05.529,bitmart,ACH/USDT:USDT,0.022284,971.0,0.022357,3652.0,0.022319,,385746500.0
1753505586527,04:53:06.527,bitmart,ACH/USDT:USDT,0.022284,971.0,0.022357,3652.0,0.022321,,385752142.0
1753505587515,04:53:07.515,bitmart,ACH/USDT:USDT,0.022284,971.0,0.022357,3652.0,0.022321,,385752142.0
1753505588534,04:53:08.534,bitmart,ACH/USDT:USDT,0.022284,22313.0,0.022357,3652.0,0.02232,,385760032.0
1753505589508,04:53:09.508,bitmart,ACH/USDT:USDT,0.022284,13197.0,0.022357,3652.0,0.02232,,385760032.0
1753505591500,04:53:11.500,bitmart,ACH/USDT:USDT,0.022284,9127.0,0.022357,3652.0,0.022319,,385765992.0
1753505592633,04:53:12.633,bitmart,ACH/USDT:USDT,0.022284,809.0,0.022357,3652.0,0.02232,,385772290.0
1753505593613,04:53:13.613,bitmart,ACH/USDT:USDT,0.022284,6965.0,0.022357,3652.0,0.022319,,385780932.0
1753505594509,04:53:14.509,bitmart,ACH/USDT:USDT,0.022284,6965.0,0.022357,3652.0,0.022319,,385780932.0
1753505597513,04:53:17.513,bitmart,ACH/USDT:USDT,0.022284,6965.0,0.022357,3652.0,0.02232,,385794380.0
1753505598516,04:53:18.516,bitmart,ACH/USDT:USDT,0.022284,6965.0,0.022357,3652.0,0.02232,,385794380.0
1753505599537,04:53:19.537,bitmart,ACH/USDT:USDT,0.022284,6352.0,0.022357,3652.0,0.022321,,385799708.0
1753505600593,04:53:20.593,bitmart,ACH/USDT:USDT,0.022284,6352.0,0.022357,3652.0,0.022321,,385799708.0
1753505601609,04:53:21.609,bitmart,ACH/USDT:USDT,0.022284,6352.0,0.022357,3652.0,0.022321,,385807684.0
1753505602531,04:53:22.531,bitmart,ACH/USDT:USDT,0.022284,6352.0,0.022357,3652.0,0.022322,,385816164.0
1753505603506,04:53:23.506,bitmart,ACH/USDT:USDT,0.022284,6352.0,0.022357,3652.0,0.022322,,385816164.0
1753505604611,04:53:24.611,bitmart,ACH/USDT:USDT,0.022284,6352.0,0.022357,3652.0,0.022321,,385824308.0
1753505608515,04:53:28.515,bitmart,ACH/USDT:USDT,0.022281,498.0,0.022352,3286.0,0.022317,,385836820.0
1753505609501,04:53:29.501,bitmart,ACH/USDT:USDT,0.022281,498.0,0.022352,3599.0,0.022317,,385836820.0
1753505610516,04:53:30.516,bitmart,ACH/USDT:USDT,0.022281,650.0,0.022352,3347.0,0.022318,,385845026.0
1753505611504,04:53:31.504,bitmart,ACH/USDT:USDT,0.022281,650.0,0.022352,4310.0,0.022318,,385845026.0
1753505614554,04:53:34.554,bitmart,ACH/USDT:USDT,0.02228,12751.0,0.022352,760.0,0.022316,,385851278.0
1753505615616,04:53:35.616,bitmart,ACH/USDT:USDT,0.02228,7740.0,0.022352,791.0,0.022317,,385858780.0
1753505616501,04:53:36.501,bitmart,ACH/USDT:USDT,0.02228,7740.0,0.022352,500.0,0.022317,,385858780.0
1753505618500,04:53:38.500,bitmart,ACH/USDT:USDT,0.02228,7740.0,0.022352,499.0,0.022317,,385864122.0
1753505619617,04:53:39.617,bitmart,ACH/USDT:USDT,0.02228,8036.0,0.022352,480.0,0.022317,,385870308.0
1753505620505,04:53:40.505,bitmart,ACH/USDT:USDT,0.02228,8036.0,0.022352,2066.0,0.022317,,385870308.0
1753505621636,04:53:41.636,bitmart,ACH/USDT:USDT,0.02228,8036.0,0.022352,1767.0,0.022316,,385877270.0
1753505622507,04:53:42.507,bitmart,ACH/USDT:USDT,0.02228,8036.0,0.022352,431.0,0.022316,,385877270.0
1753505623612,04:53:43.612,bitmart,ACH/USDT:USDT,0.02228,8036.0,0.022352,368.0,0.022317,,385882886.0
1753505624612,04:53:44.612,bitmart,ACH/USDT:USDT,0.02228,2242.0,0.022357,440.0,0.022318,,385890360.0
1753505625508,04:53:45.508,bitmart,ACH/USDT:USDT,0.02228,2242.0,0.022353,420.0,0.022318,,385890360.0
1753505626532,04:53:46.532,bitmart,ACH/USDT:USDT,0.02228,7409.0,0.022352,2563.0,0.022318,,385890360.0
1753505627608,04:53:47.608,bitmart,ACH/USDT:USDT,0.02228,7409.0,0.022352,3406.0,0.022317,,385899096.0
1753505628506,04:53:48.506,bitmart,ACH/USDT:USDT,0.02228,7409.0,0.022352,6652.0,0.022317,,385899096.0
1753505629612,04:53:49.612,bitmart,ACH/USDT:USDT,0.022284,12352.0,0.022357,10192.0,0.02232,,385903712.0
1753505630504,04:53:50.504,bitmart,ACH/USDT:USDT,0.022285,10366.0,0.022357,10192.0,0.02232,,385903712.0
1753505631514,04:53:51.514,bitmart,ACH/USDT:USDT,0.022287,4473.0,0.022357,24221.0,0.022322,,385908314.0
1753505632526,04:53:52.526,bitmart,ACH/USDT:USDT,0.022284,5701.0,0.022362,46154.0,0.022322,,385908314.0
1753505634507,04:53:54.507,bitmart,ACH/USDT:USDT,0.02229,6029.0,0.022362,101.0,0.022325,,385914886.0
1753505635516,04:53:55.516,bitmart,ACH/USDT:USDT,0.02229,12562.0,0.022362,101.0,0.022326,,385923492.0
1753505636500,04:53:56.500,bitmart,ACH/USDT:USDT,0.02229,10663.0,0.022362,101.0,0.022326,,385923492.0
1753505637518,04:53:57.518,bitmart,ACH/USDT:USDT,0.02229,32474.0,0.022362,101.0,0.022326,,385930506.0
1753505638613,04:53:58.613,bitmart,ACH/USDT:USDT,0.02229,54026.0,0.022362,385.0,0.022327,,385938256.0
1753505639530,04:53:59.530,bitmart,ACH/USDT:USDT,0.02229,11896.0,0.022362,418.0,0.022328,,385962006.0
1753505640628,04:54:00.628,bitmart,ACH/USDT:USDT,0.022295,14165.0,0.022367,1444.0,0.022328,,385690254.0
1753505641560,04:54:01.560,bitmart,ACH/USDT:USDT,0.022295,88050.0,0.022367,284.0,0.02233,,385711770.0
1753505642529,04:54:02.529,bitmart,ACH/USDT:USDT,0.022295,39434.0,0.022367,284.0,0.022331,,385718064.0
1753505643505,04:54:03.505,bitmart,ACH/USDT:USDT,0.02229,161373.0,0.022367,112.0,0.022331,,385718064.0
1753505646527,04:54:06.527,bitmart,ACH/USDT:USDT,0.022295,82441.0,0.022367,112.0,0.022331,,385730548.0
1753505649501,04:54:09.501,bitmart,ACH/USDT:USDT,0.02229,146164.0,0.022367,98.0,0.022329,,385739500.0
1753505650517,04:54:10.517,bitmart,ACH/USDT:USDT,0.022295,39385.0,0.022367,98.0,0.02233,,385745614.0
1753505652531,04:54:12.531,bitmart,ACH/USDT:USDT,0.02229,41352.0,0.022367,807.0,0.022329,,385750680.0
1753505653532,04:54:13.532,bitmart,ACH/USDT:USDT,0.02229,41352.0,0.022367,2863.0,0.022329,,385750680.0
1753505655515,04:54:15.515,bitmart,ACH/USDT:USDT,0.02229,41352.0,0.022367,1221.0,0.022328,,385756502.0
1753505660617,04:54:20.617,bitmart,ACH/USDT:USDT,0.022295,49837.0,0.022367,142.0,0.022332,,385778974.0
1753505661507,04:54:21.507,bitmart,ACH/USDT:USDT,0.022295,49837.0,0.022367,142.0,0.022332,,385778974.0
1753505662520,04:54:22.520,bitmart,ACH/USDT:USDT,0.022295,49837.0,0.022367,6.0,0.022333,,385786908.0
1753505664628,04:54:24.628,bitmart,ACH/USDT:USDT,0.022295,49837.0,0.022367,6091.0,0.022332,,385794888.0
1753505666618,04:54:26.618,bitmart,ACH/USDT:USDT,0.022295,49837.0,0.022367,14218.0,0.022333,,385802156.0
1753505667505,04:54:27.505,bitmart,ACH/USDT:USDT,0.02229,655.0,0.022367,56691.0,0.022333,,385802156.0
1753505668608,04:54:28.608,bitmart,ACH/USDT:USDT,0.02229,655.0,0.022362,13789.0,0.022327,,385808272.0
1753505670611,04:54:30.611,bitmart,ACH/USDT:USDT,0.022295,893.0,0.022367,439.0,0.02233,,385816982.0
1753505675516,04:54:35.516,bitmart,ACH/USDT:USDT,0.022295,4901.0,0.022367,200.0,0.02233,,385829332.0
1753505676613,04:54:36.613,bitmart,ACH/USDT:USDT,0.02229,1279.0,0.022367,3470.0,0.022329,,385836570.0
1753505678628,04:54:38.628,bitmart,ACH/USDT:USDT,0.02229,1479.0,0.022367,825.0,0.022329,,385841280.0
1753505680500,04:54:40.500,bitmart,ACH/USDT:USDT,0.02229,1507.0,0.022367,833.0,0.022329,,385841280.0
1753505681614,04:54:41.614,bitmart,ACH/USDT:USDT,0.02229,1507.0,0.022367,2964.0,0.022328,,385848240.0
1753505682502,04:54:42.502,bitmart,ACH/USDT:USDT,0.022295,6630.0,0.022367,655.0,0.022328,,385848240.0
1753505683606,04:54:43.606,bitmart,ACH/USDT:USDT,0.022296,6575.0,0.022367,655.0,0.022331,,385853836.0
1753505684501,04:54:44.501,bitmart,ACH/USDT:USDT,0.022296,5004.0,0.022367,655.0,0.022331,,385853836.0
1753505685629,04:54:45.629,bitmart,ACH/USDT:USDT,0.022296,6048.0,0.022367,655.0,0.02233,,385858618.0
1753505686501,04:54:46.501,bitmart,ACH/USDT:USDT,0.022296,12159.0,0.022367,412.0,0.02233,,385858618.0
1753505689517,04:54:49.517,bitmart,ACH/USDT:USDT,0.022296,5443.0,0.022367,1224.0,0.022331,,385871870.0
1753505690506,04:54:50.506,bitmart,ACH/USDT:USDT,0.022295,5025.0,0.022367,114.0,0.022331,,385871870.0
1753505692627,04:54:52.627,bitmart,ACH/USDT:USDT,0.022295,9882.0,0.022367,318.0,0.022331,,385876958.0
1753505693610,04:54:53.610,bitmart,ACH/USDT:USDT,0.022295,9882.0,0.022368,20418.0,0.022332,,385882504.0
1753505694514,04:54:54.514,bitmart,ACH/USDT:USDT,0.022295,9882.0,0.022367,773.0,0.022332,,385882504.0
1753505695512,04:54:55.512,bitmart,ACH/USDT:USDT,0.022295,9882.0,0.022367,904.0,0.022333,,385887262.0
1753505696509,04:54:56.509,bitmart,ACH/USDT:USDT,0.022295,9882.0,0.022367,1014.0,0.022333,,385887262.0
1753505697527,04:54:57.527,bitmart,ACH/USDT:USDT,0.022295,2633.0,0.022367,1111.0,0.022333,,385887262.0
1753505699615,04:54:59.615,bitmart,ACH/USDT:USDT,0.022295,2633.0,0.022367,860.0,0.022333,,385919358.0
1753505700541,04:55:00.541,bitmart,ACH/USDT:USDT,0.022295,2633.0,0.022367,1127.0,0.022333,,385650570.0
1753505701612,04:55:01.612,bitmart,ACH/USDT:USDT,0.022295,2633.0,0.022367,1071.0,0.022331,,385670002.0
1753505702513,04:55:02.513,bitmart,ACH/USDT:USDT,0.022295,2633.0,0.022368,20764.0,0.022332,,385677104.0
1753505703505,04:55:03.505,bitmart,ACH/USDT:USDT,0.022295,2633.0,0.022367,1820.0,0.022332,,385677104.0
1753505705540,04:55:05.540,bitmart,ACH/USDT:USDT,0.02229,1563.0,0.022367,50387.0,0.022332,,385685004.0
1753505706560,04:55:06.560,bitmart,ACH/USDT:USDT,0.022285,876.0,0.02236,2439.0,0.022326,,385692932.0
1753505707522,04:55:07.522,bitmart,ACH/USDT:USDT,0.02229,322.0,0.02236,337.0,0.022324,,385700648.0
1753505709504,04:55:09.504,bitmart,ACH/USDT:USDT,0.022291,451.0,0.02236,3473.0,0.022324,,385700648.0
1753505715519,04:55:15.519,bitmart,ACH/USDT:USDT,0.02229,1130.0,0.022361,488.0,0.022325,,385720562.0
1753505717510,04:55:17.510,bitmart,ACH/USDT:USDT,0.02229,121.0,0.022361,488.0,0.022326,,385727280.0
1753505720593,04:55:20.593,bitmart,ACH/USDT:USDT,0.02229,237.0,0.022361,488.0,0.022326,,385736698.0
1753505722612,04:55:22.612,bitmart,ACH/USDT:USDT,0.02229,243.0,0.022361,1506.0,0.022325,,385743796.0
1753505723522,04:55:23.522,bitmart,ACH/USDT:USDT,0.022285,1422.0,0.022361,1506.0,0.022325,,385743796.0
1753505724610,04:55:24.610,bitmart,ACH/USDT:USDT,0.022285,1422.0,0.022361,1506.0,0.022324,,385750948.0
1753505725524,04:55:25.524,bitmart,ACH/USDT:USDT,0.022285,1422.0,0.022361,1506.0,0.022324,,385750948.0
1753505726595,04:55:26.595,bitmart,ACH/USDT:USDT,0.022285,15739.0,0.022361,1506.0,0.022324,,385759760.0
1753505727512,04:55:27.512,bitmart,ACH/USDT:USDT,0.02229,14511.0,0.022361,119.0,0.022324,,385759760.0
1753505728514,04:55:28.514,bitmart,ACH/USDT:USDT,0.02229,14511.0,0.022363,248.0,0.022326,,385767194.0
1753505729614,04:55:29.614,bitmart,ACH/USDT:USDT,0.02229,14511.0,0.022363,248.0,0.022326,,385767194.0
1753505730609,04:55:30.609,bitmart,ACH/USDT:USDT,0.02229,14511.0,0.022361,205.0,0.022327,,385773782.0
1753505731517,04:55:31.517,bitmart,ACH/USDT:USDT,0.02229,14511.0,0.022361,948.0,0.022327,,385773782.0
1753505732591,04:55:32.591,bitmart,ACH/USDT:USDT,0.022296,10099.0,0.022367,126.0,0.022331,,385782646.0
1753505733509,04:55:33.509,bitmart,ACH/USDT:USDT,0.022296,11506.0,0.022367,126.0,0.022331,,385782646.0
1753505734621,04:55:34.621,bitmart,ACH/USDT:USDT,0.02229,164236.0,0.022367,126.0,0.02233,,385789788.0
1753505739622,04:55:39.622,bitmart,ACH/USDT:USDT,0.02229,164236.0,0.022367,107.0,0.02233,,385802528.0
1753505740611,04:55:40.611,bitmart,ACH/USDT:USDT,0.022296,698.0,0.022367,107.0,0.022331,,385808674.0
1753505741527,04:55:41.527,bitmart,ACH/USDT:USDT,0.02229,6635.0,0.02236,2168.0,0.022331,,385808674.0
1753505742526,04:55:42.526,bitmart,ACH/USDT:USDT,0.02229,11192.0,0.022361,2347.0,0.022325,,385814380.0
1753505743514,04:55:43.514,bitmart,ACH/USDT:USDT,0.02229,6705.0,0.022361,2347.0,0.022325,,385814380.0
1753505745500,04:55:45.500,bitmart,ACH/USDT:USDT,0.022292,13312.0,0.022362,1824.0,0.022327,,385821682.0
1753505747510,04:55:47.510,bitmart,ACH/USDT:USDT,0.022285,189051.0,0.022363,1313.0,0.022328,,385828538.0
1753505748507,04:55:48.507,bitmart,ACH/USDT:USDT,0.022285,189051.0,0.022363,1313.0,0.022328,,385828538.0
1753505751538,04:55:51.538,bitmart,ACH/USDT:USDT,0.022285,189051.0,0.022362,2533.0,0.022327,,385840340.0
1753505752501,04:55:52.501,bitmart,ACH/USDT:USDT,0.022292,6401.0,0.022362,2533.0,0.022327,,385840340.0
1753505754526,04:55:54.526,bitmart,ACH/USDT:USDT,0.022293,7852.0,0.022362,4153.0,0.022328,,385845110.0
1753505756500,04:55:56.500,bitmart,ACH/USDT:USDT,0.02229,10928.0,0.022362,813.0,0.022327,,385849834.0
1753505757617,04:55:57.617,bitmart,ACH/USDT:USDT,0.02229,22900.0,0.022362,5859.0,0.022326,,385855828.0
1753505758529,04:55:58.529,bitmart,ACH/USDT:USDT,0.02229,10006.0,0.022362,44787.0,0.022326,,385872470.0
1753505760635,04:56:00.635,bitmart,ACH/USDT:USDT,0.02229,9695.0,0.022362,11327.0,0.022326,,385653648.0
1753505761613,04:56:01.613,bitmart,ACH/USDT:USDT,0.02229,9695.0,0.022362,11327.0,0.022326,,385666646.0
1753505763501,04:56:03.501,bitmart,ACH/USDT:USDT,0.02229,13123.0,0.022362,3550.0,0.022327,,385671240.0
1753505764529,04:56:04.529,bitmart,ACH/USDT:USDT,0.022285,189051.0,0.022362,3550.0,0.022325,,385678494.0
1753505765508,04:56:05.508,bitmart,ACH/USDT:USDT,0.022285,189051.0,0.022362,3550.0,0.022325,,385678494.0
1753505766610,04:56:06.610,bitmart,ACH/USDT:USDT,0.02229,13720.0,0.022362,3550.0,0.022326,,385685694.0
1753505767506,04:56:07.506,bitmart,ACH/USDT:USDT,0.02229,14876.0,0.022362,3550.0,0.022326,,385685694.0
1753505768605,04:56:08.605,bitmart,ACH/USDT:USDT,0.02229,12682.0,0.022362,3550.0,0.022326,,385685694.0
1753505769614,04:56:09.614,bitmart,ACH/USDT:USDT,0.02229,11805.0,0.022362,2130.0,0.022325,,385690678.0
1753505770503,04:56:10.503,bitmart,ACH/USDT:USDT,0.02229,13260.0,0.022362,2130.0,0.022325,,385690678.0
1753505771619,04:56:11.619,bitmart,ACH/USDT:USDT,0.022285,2389.0,0.022362,9190.0,0.022324,,385695784.0
1753505772505,04:56:12.505,bitmart,ACH/USDT:USDT,0.02229,14183.0,0.022362,11133.0,0.022324,,385695784.0
1753505773610,04:56:13.610,bitmart,ACH/USDT:USDT,0.02229,1867.0,0.022362,5381.0,0.022325,,385703358.0
1753505774503,04:56:14.503,bitmart,ACH/USDT:USDT,0.022285,11828.0,0.022362,2554.0,0.022325,,385703358.0
1753505775612,04:56:15.612,bitmart,ACH/USDT:USDT,0.022292,6315.0,0.022367,45603.0,0.022327,,385711846.0
1753505776614,04:56:16.614,bitmart,ACH/USDT:USDT,0.022292,6315.0,0.022367,968.0,0.022328,,385717842.0
1753505777500,04:56:17.500,bitmart,ACH/USDT:USDT,0.022292,6315.0,0.022367,968.0,0.022328,,385717842.0
