timestamp,time,exchange,symbol,bid,bidVolume,ask,askVolume,lastPrice,baseVolume,quoteVolume
1753507242597,05:20:42.597,bitmart,AAVE/USDT:USDT,298.55,99.0,298.56,211.0,298.55,,1746212.0
1753507243589,05:20:43.589,bitmart,AAVE/USDT:USDT,298.59,218.0,298.61,14.0,298.55,,1746212.0
1753507244601,05:20:44.601,bitmart,AAVE/USDT:USDT,298.6,172.0,298.61,34.0,298.59,,1746292.0
1753507245642,05:20:45.642,bitmart,AAVE/USDT:USDT,298.6,81.0,298.61,34.0,298.61,,1746296.0
1753507246642,05:20:46.642,bitmart,AAVE/USDT:USDT,298.6,81.0,298.61,34.0,298.6,,1746310.0
1753507247546,05:20:47.546,bitmart,AAVE/USDT:USDT,298.6,96.0,298.61,46.0,298.6,,1746314.0
1753507248590,05:20:48.590,bitmart,AAVE/USDT:USDT,298.6,90.0,298.61,50.0,298.61,,1746318.0
1753507249635,05:20:49.635,bitmart,AAVE/USDT:USDT,298.6,90.0,298.61,50.0,298.61,,1746318.0
1753507250641,05:20:50.641,bitmart,AAVE/USDT:USDT,298.6,11.0,298.61,147.0,298.61,,1746318.0
1753507251562,05:20:51.562,bitmart,AAVE/USDT:USDT,298.6,9.0,298.61,121.0,298.6,,1746322.0
1753507252602,05:20:52.602,bitmart,AAVE/USDT:USDT,298.6,33.0,298.61,121.0,298.61,,1746328.0
1753507253546,05:20:53.546,bitmart,AAVE/USDT:USDT,298.6,31.0,298.61,103.0,298.61,,1746334.0
1753507254601,05:20:54.601,bitmart,AAVE/USDT:USDT,298.6,31.0,298.61,103.0,298.61,,1746334.0
1753507255592,05:20:55.592,bitmart,AAVE/USDT:USDT,298.6,29.0,298.61,159.0,298.61,,1746334.0
1753507256597,05:20:56.597,bitmart,AAVE/USDT:USDT,298.6,30.0,298.61,135.0,298.61,,1746334.0
1753507257641,05:20:57.641,bitmart,AAVE/USDT:USDT,298.6,26.0,298.61,104.0,298.61,,1746334.0
1753507258548,05:20:58.548,bitmart,AAVE/USDT:USDT,298.6,26.0,298.61,104.0,298.61,,1746348.0
1753507259652,05:20:59.652,bitmart,AAVE/USDT:USDT,298.6,121.0,298.61,80.0,298.61,,1746352.0
1753507260565,05:21:00.565,bitmart,AAVE/USDT:USDT,298.6,206.0,298.61,181.0,298.61,,1744546.0
1753507261591,05:21:01.591,bitmart,AAVE/USDT:USDT,298.6,85.0,298.61,101.0,298.6,,1744554.0
1753507262549,05:21:02.549,bitmart,AAVE/USDT:USDT,298.6,79.0,298.61,60.0,298.6,,1744558.0
1753507263646,05:21:03.646,bitmart,AAVE/USDT:USDT,298.6,164.0,298.61,128.0,298.61,,1744562.0
1753507264638,05:21:04.638,bitmart,AAVE/USDT:USDT,298.6,203.0,298.61,145.0,298.61,,1744562.0
1753507265640,05:21:05.640,bitmart,AAVE/USDT:USDT,298.6,118.0,298.61,77.0,298.61,,1744562.0
1753507266616,05:21:06.616,bitmart,AAVE/USDT:USDT,298.6,157.0,298.61,69.0,298.61,,1744566.0
1753507267544,05:21:07.544,bitmart,AAVE/USDT:USDT,298.6,117.0,298.61,107.0,298.61,,1744566.0
1753507268562,05:21:08.562,bitmart,AAVE/USDT:USDT,298.73,66.0,298.74,29.0,298.63,,1744672.0
1753507269591,05:21:09.591,bitmart,AAVE/USDT:USDT,298.73,66.0,298.74,29.0,298.73,,1744678.0
1753507270590,05:21:10.590,bitmart,AAVE/USDT:USDT,298.77,136.0,298.8,121.0,298.77,,1744760.0
1753507271606,05:21:11.606,bitmart,AAVE/USDT:USDT,298.79,102.0,298.8,29.0,298.79,,1744770.0
1753507272547,05:21:12.547,bitmart,AAVE/USDT:USDT,298.79,100.0,298.8,54.0,298.79,,1744770.0
1753507273591,05:21:13.591,bitmart,AAVE/USDT:USDT,298.79,33.0,298.8,54.0,298.79,,1744770.0
1753507274615,05:21:14.615,bitmart,AAVE/USDT:USDT,298.79,72.0,298.8,54.0,298.79,,1744776.0
1753507275634,05:21:15.634,bitmart,AAVE/USDT:USDT,298.79,39.0,298.8,53.0,298.79,,1744776.0
1753507276548,05:21:16.548,bitmart,AAVE/USDT:USDT,298.79,68.0,298.8,53.0,298.79,,1744776.0
1753507277594,05:21:17.594,bitmart,AAVE/USDT:USDT,298.79,68.0,298.8,53.0,298.79,,1744782.0
1753507278615,05:21:18.615,bitmart,AAVE/USDT:USDT,298.79,9.0,298.8,46.0,298.79,,1744786.0
1753507279608,05:21:19.608,bitmart,AAVE/USDT:USDT,298.79,35.0,298.8,97.0,298.79,,1744790.0
1753507281591,05:21:21.591,bitmart,AAVE/USDT:USDT,298.79,56.0,298.8,36.0,298.79,,1744790.0
1753507282590,05:21:22.590,bitmart,AAVE/USDT:USDT,298.79,56.0,298.8,36.0,298.79,,1744790.0
1753507283603,05:21:23.603,bitmart,AAVE/USDT:USDT,298.79,15.0,298.8,97.0,298.79,,1744790.0
1753507284590,05:21:24.590,bitmart,AAVE/USDT:USDT,298.79,62.0,298.8,54.0,298.79,,1744790.0
1753507285602,05:21:25.602,bitmart,AAVE/USDT:USDT,298.79,109.0,298.8,39.0,298.79,,1744800.0
1753507286595,05:21:26.595,bitmart,AAVE/USDT:USDT,298.81,1.0,298.82,62.0,298.79,,1744800.0
1753507287621,05:21:27.621,bitmart,AAVE/USDT:USDT,298.81,4.0,298.82,62.0,298.79,,1744800.0
1753507288601,05:21:28.601,bitmart,AAVE/USDT:USDT,298.81,6.0,298.82,81.0,298.81,,1744806.0
1753507289594,05:21:29.594,bitmart,AAVE/USDT:USDT,298.79,27.0,298.8,210.0,298.8,,1744836.0
1753507290595,05:21:30.595,bitmart,AAVE/USDT:USDT,298.79,48.0,298.8,198.0,298.79,,1744840.0
1753507291610,05:21:31.610,bitmart,AAVE/USDT:USDT,298.72,19.0,298.75,209.0,298.79,,1744844.0
1753507292603,05:21:32.603,bitmart,AAVE/USDT:USDT,298.72,1.0,298.73,207.0,298.73,,1744874.0
1753507293646,05:21:33.646,bitmart,AAVE/USDT:USDT,298.7,26.0,298.73,153.0,298.73,,1744878.0
1753507294621,05:21:34.621,bitmart,AAVE/USDT:USDT,298.7,9.0,298.71,46.0,298.73,,1744878.0
1753507295608,05:21:35.608,bitmart,AAVE/USDT:USDT,298.7,44.0,298.71,46.0,298.73,,1744878.0
1753507296645,05:21:36.645,bitmart,AAVE/USDT:USDT,298.69,15.0,298.7,187.0,298.7,,1744882.0
1753507297644,05:21:37.644,bitmart,AAVE/USDT:USDT,298.7,1.0,298.71,29.0,298.71,,1744960.0
1753507298645,05:21:38.645,bitmart,AAVE/USDT:USDT,298.7,87.0,298.71,45.0,298.71,,1744966.0
1753507299547,05:21:39.547,bitmart,AAVE/USDT:USDT,298.7,41.0,298.71,43.0,298.71,,1744966.0
1753507300649,05:21:40.649,bitmart,AAVE/USDT:USDT,298.7,34.0,298.71,43.0,298.71,,1744970.0
1753507301649,05:21:41.649,bitmart,AAVE/USDT:USDT,298.7,37.0,298.71,43.0,298.7,,1744976.0
1753507302591,05:21:42.591,bitmart,AAVE/USDT:USDT,298.7,3.0,298.71,43.0,298.7,,1744976.0
1753507303592,05:21:43.592,bitmart,AAVE/USDT:USDT,298.7,64.0,298.71,43.0,298.71,,1744980.0
1753507304591,05:21:44.591,bitmart,AAVE/USDT:USDT,298.7,64.0,298.71,43.0,298.71,,1744988.0
1753507305609,05:21:45.609,bitmart,AAVE/USDT:USDT,298.7,64.0,298.71,70.0,298.71,,1744992.0
1753507306592,05:21:46.592,bitmart,AAVE/USDT:USDT,298.7,64.0,298.71,70.0,298.71,,1744996.0
1753507307592,05:21:47.592,bitmart,AAVE/USDT:USDT,298.7,18.0,298.71,75.0,298.71,,1744996.0
1753507308590,05:21:48.590,bitmart,AAVE/USDT:USDT,298.7,173.0,298.72,113.0,298.71,,1744996.0
1753507309604,05:21:49.604,bitmart,AAVE/USDT:USDT,298.71,80.0,298.72,113.0,298.72,,1745002.0
1753507310620,05:21:50.620,bitmart,AAVE/USDT:USDT,298.71,77.0,298.72,117.0,298.71,,1745008.0
1753507311550,05:21:51.550,bitmart,AAVE/USDT:USDT,298.71,22.0,298.72,97.0,298.71,,1745014.0
1753507312602,05:21:52.602,bitmart,AAVE/USDT:USDT,298.71,22.0,298.72,97.0,298.71,,1745020.0
1753507313604,05:21:53.604,bitmart,AAVE/USDT:USDT,298.71,35.0,298.72,155.0,298.71,,1745026.0
1753507314592,05:21:54.592,bitmart,AAVE/USDT:USDT,298.71,38.0,298.72,119.0,298.71,,1745026.0
1753507315601,05:21:55.601,bitmart,AAVE/USDT:USDT,298.71,21.0,298.72,119.0,298.71,,1745032.0
1753507316592,05:21:56.592,bitmart,AAVE/USDT:USDT,298.68,27.0,298.69,61.0,298.71,,1745056.0
1753507317590,05:21:57.590,bitmart,AAVE/USDT:USDT,298.68,27.0,298.69,61.0,298.68,,1745084.0
1753507318591,05:21:58.591,bitmart,AAVE/USDT:USDT,298.68,29.0,298.69,99.0,298.69,,1745092.0
1753507319603,05:21:59.603,bitmart,AAVE/USDT:USDT,298.68,54.0,298.69,185.0,298.68,,1745108.0
1753507320604,05:22:00.604,bitmart,AAVE/USDT:USDT,298.68,25.0,298.69,86.0,298.69,,1743390.0
1753507321603,05:22:01.603,bitmart,AAVE/USDT:USDT,298.68,90.0,298.69,40.0,298.68,,1743402.0
1753507322602,05:22:02.602,bitmart,AAVE/USDT:USDT,298.72,149.0,298.73,30.0,298.69,,1743406.0
1753507323605,05:22:03.605,bitmart,AAVE/USDT:USDT,298.72,149.0,298.73,30.0,298.69,,1743406.0
1753507325534,05:22:05.534,bitmart,AAVE/USDT:USDT,298.72,97.0,298.73,50.0,298.73,,1743412.0
1753507326650,05:22:06.650,bitmart,AAVE/USDT:USDT,298.7,62.0,298.71,128.0,298.72,,1743476.0
1753507327546,05:22:07.546,bitmart,AAVE/USDT:USDT,298.7,62.0,298.71,85.0,298.72,,1743476.0
1753507328595,05:22:08.595,bitmart,AAVE/USDT:USDT,298.7,181.0,298.73,33.0,298.7,,1743480.0
1753507329603,05:22:09.603,bitmart,AAVE/USDT:USDT,298.72,166.0,298.73,52.0,298.73,,1743484.0
1753507330611,05:22:10.611,bitmart,AAVE/USDT:USDT,298.72,67.0,298.73,52.0,298.73,,1743484.0
1753507331590,05:22:11.590,bitmart,AAVE/USDT:USDT,298.72,134.0,298.73,133.0,298.73,,1743494.0
1753507332595,05:22:12.595,bitmart,AAVE/USDT:USDT,298.72,67.0,298.73,161.0,298.72,,1743498.0
1753507333590,05:22:13.590,bitmart,AAVE/USDT:USDT,298.72,40.0,298.73,96.0,298.72,,1743498.0
1753507334590,05:22:14.590,bitmart,AAVE/USDT:USDT,298.72,36.0,298.73,100.0,298.72,,1743508.0
1753507335601,05:22:15.601,bitmart,AAVE/USDT:USDT,298.72,11.0,298.73,100.0,298.73,,1743512.0
1753507336591,05:22:16.591,bitmart,AAVE/USDT:USDT,298.72,52.0,298.73,100.0,298.73,,1743518.0
1753507337648,05:22:17.648,bitmart,AAVE/USDT:USDT,298.72,178.0,298.73,100.0,298.73,,1743522.0
1753507338537,05:22:18.537,bitmart,AAVE/USDT:USDT,298.72,162.0,298.73,134.0,298.73,,1743522.0
1753507339647,05:22:19.647,bitmart,AAVE/USDT:USDT,298.72,311.0,298.73,280.0,298.72,,1743526.0
1753507340536,05:22:20.536,bitmart,AAVE/USDT:USDT,298.72,149.0,298.73,146.0,298.72,,1743526.0
1753507341601,05:22:21.601,bitmart,AAVE/USDT:USDT,298.72,203.0,298.73,175.0,298.73,,1743530.0
1753507342590,05:22:22.590,bitmart,AAVE/USDT:USDT,298.72,203.0,298.73,175.0,298.73,,1743538.0
1753507343605,05:22:23.605,bitmart,AAVE/USDT:USDT,298.89,192.0,298.9,104.0,298.89,,1743688.0
1753507344591,05:22:24.591,bitmart,AAVE/USDT:USDT,298.89,13.0,298.9,104.0,298.89,,1743688.0
1753507345605,05:22:25.605,bitmart,AAVE/USDT:USDT,298.88,26.0,298.89,169.0,298.89,,1743714.0
1753507346592,05:22:26.592,bitmart,AAVE/USDT:USDT,298.84,180.0,298.85,117.0,298.88,,1743718.0
1753507347601,05:22:27.601,bitmart,AAVE/USDT:USDT,299.02,188.0,299.03,49.0,298.84,,1743726.0
1753507348636,05:22:28.636,bitmart,AAVE/USDT:USDT,298.93,36.0,298.94,150.0,299.01,,1743916.0
1753507349606,05:22:29.606,bitmart,AAVE/USDT:USDT,298.93,112.0,298.94,150.0,298.93,,1744018.0
1753507350595,05:22:30.595,bitmart,AAVE/USDT:USDT,299.05,4.0,299.12,12.0,299.11,,1744406.0
1753507351604,05:22:31.604,bitmart,AAVE/USDT:USDT,299.03,76.0,299.04,153.0,299.03,,1744456.0
1753507352558,05:22:32.558,bitmart,AAVE/USDT:USDT,298.98,161.0,298.99,90.0,299.03,,1744456.0
1753507353601,05:22:33.601,bitmart,AAVE/USDT:USDT,299.0,71.0,299.01,47.0,299.0,,1744478.0
1753507354593,05:22:34.593,bitmart,AAVE/USDT:USDT,299.13,200.0,299.14,138.0,299.0,,1744498.0
1753507355611,05:22:35.611,bitmart,AAVE/USDT:USDT,299.08,16.0,299.09,127.0,299.1,,1744686.0
1753507356593,05:22:36.593,bitmart,AAVE/USDT:USDT,299.04,167.0,299.05,69.0,299.05,,1744700.0
1753507357604,05:22:37.604,bitmart,AAVE/USDT:USDT,299.04,36.0,299.05,69.0,299.04,,1744714.0
1753507358609,05:22:38.609,bitmart,AAVE/USDT:USDT,299.16,54.0,299.17,63.0,299.04,,1744714.0
1753507359605,05:22:39.605,bitmart,AAVE/USDT:USDT,299.16,54.0,299.17,63.0,299.04,,1744714.0
1753507360549,05:22:40.549,bitmart,AAVE/USDT:USDT,299.16,54.0,299.17,138.0,299.17,,1744832.0
1753507361634,05:22:41.634,bitmart,AAVE/USDT:USDT,299.16,40.0,299.17,139.0,299.17,,1744836.0
1753507362579,05:22:42.579,bitmart,AAVE/USDT:USDT,299.16,101.0,299.17,139.0,299.16,,1744850.0
1753507363614,05:22:43.614,bitmart,AAVE/USDT:USDT,299.16,38.0,299.35,121.0,299.16,,1744854.0
1753507364545,05:22:44.545,bitmart,AAVE/USDT:USDT,299.3,4.0,299.31,142.0,299.16,,1744854.0
1753507365646,05:22:45.646,bitmart,AAVE/USDT:USDT,299.3,6.0,299.31,107.0,299.31,,1745228.0
1753507366593,05:22:46.593,bitmart,AAVE/USDT:USDT,299.29,69.0,299.3,28.0,299.3,,1745260.0
1753507367603,05:22:47.603,bitmart,AAVE/USDT:USDT,299.49,85.0,299.5,106.0,299.3,,1745274.0
1753507368592,05:22:48.592,bitmart,AAVE/USDT:USDT,299.49,24.0,299.5,106.0,299.49,,1745764.0
1753507369605,05:22:49.605,bitmart,AAVE/USDT:USDT,299.45,3.0,299.5,106.0,299.5,,1745770.0
1753507370590,05:22:50.590,bitmart,AAVE/USDT:USDT,299.45,3.0,299.46,109.0,299.5,,1745770.0
1753507371590,05:22:51.590,bitmart,AAVE/USDT:USDT,299.42,12.0,299.44,147.0,299.5,,1745770.0
1753507372619,05:22:52.619,bitmart,AAVE/USDT:USDT,299.4,1.0,299.41,71.0,299.43,,1745816.0
1753507373636,05:22:53.636,bitmart,AAVE/USDT:USDT,299.38,109.0,299.41,71.0,299.4,,1745822.0
1753507374590,05:22:54.590,bitmart,AAVE/USDT:USDT,299.34,42.0,299.35,149.0,299.39,,1745850.0
1753507375601,05:22:55.601,bitmart,AAVE/USDT:USDT,299.34,42.0,299.35,149.0,299.34,,1745870.0
1753507376591,05:22:56.591,bitmart,AAVE/USDT:USDT,299.34,143.0,299.35,149.0,299.34,,1745874.0
1753507377601,05:22:57.601,bitmart,AAVE/USDT:USDT,299.34,143.0,299.35,149.0,299.34,,1745880.0
1753507378590,05:22:58.590,bitmart,AAVE/USDT:USDT,299.34,169.0,299.35,180.0,299.34,,1745884.0
1753507379601,05:22:59.601,bitmart,AAVE/USDT:USDT,299.34,204.0,299.35,180.0,299.34,,1745888.0
1753507380604,05:23:00.604,bitmart,AAVE/USDT:USDT,299.34,60.0,299.35,218.0,299.34,,1745148.0
1753507381607,05:23:01.607,bitmart,AAVE/USDT:USDT,299.34,150.0,299.35,218.0,299.34,,1745178.0
1753507382603,05:23:02.603,bitmart,AAVE/USDT:USDT,299.45,100.0,299.46,27.0,299.34,,1745182.0
1753507383547,05:23:03.547,bitmart,AAVE/USDT:USDT,299.45,16.0,299.46,98.0,299.46,,1745350.0
1753507384593,05:23:04.593,bitmart,AAVE/USDT:USDT,299.43,48.0,299.44,139.0,299.46,,1745354.0
1753507385601,05:23:05.601,bitmart,AAVE/USDT:USDT,299.43,31.0,299.44,139.0,299.43,,1745374.0
1753507386610,05:23:06.610,bitmart,AAVE/USDT:USDT,299.43,1.0,299.44,139.0,299.44,,1745378.0
1753507387646,05:23:07.646,bitmart,AAVE/USDT:USDT,299.43,158.0,299.44,139.0,299.44,,1745382.0
1753507388647,05:23:08.647,bitmart,AAVE/USDT:USDT,299.43,204.0,299.44,112.0,299.43,,1745386.0
1753507389549,05:23:09.549,bitmart,AAVE/USDT:USDT,299.41,1.0,299.44,112.0,299.43,,1745386.0
1753507390596,05:23:10.596,bitmart,AAVE/USDT:USDT,299.4,159.0,299.41,160.0,299.41,,1745494.0
1753507391594,05:23:11.594,bitmart,AAVE/USDT:USDT,299.39,83.0,299.4,176.0,299.4,,1745514.0
1753507392590,05:23:12.590,bitmart,AAVE/USDT:USDT,299.39,92.0,299.4,176.0,299.4,,1745522.0
1753507393604,05:23:13.604,bitmart,AAVE/USDT:USDT,299.36,122.0,299.37,194.0,299.37,,1745562.0
1753507394634,05:23:14.634,bitmart,AAVE/USDT:USDT,299.32,143.0,299.37,164.0,299.37,,1745562.0
1753507395645,05:23:15.645,bitmart,AAVE/USDT:USDT,299.33,24.0,299.34,52.0,299.34,,1745752.0
1753507396636,05:23:16.636,bitmart,AAVE/USDT:USDT,299.28,52.0,299.29,106.0,299.34,,1745752.0
1753507397559,05:23:17.559,bitmart,AAVE/USDT:USDT,299.28,52.0,299.29,106.0,299.28,,1745780.0
1753507398593,05:23:18.593,bitmart,AAVE/USDT:USDT,299.28,50.0,299.29,143.0,299.28,,1745780.0
1753507399591,05:23:19.591,bitmart,AAVE/USDT:USDT,299.27,24.0,299.29,152.0,299.29,,1745790.0
1753507400591,05:23:20.591,bitmart,AAVE/USDT:USDT,299.19,33.0,299.28,66.0,299.29,,1745790.0
1753507401615,05:23:21.615,bitmart,AAVE/USDT:USDT,299.14,6.0,299.18,37.0,299.2,,1745842.0
1753507402636,05:23:22.636,bitmart,AAVE/USDT:USDT,299.11,31.0,299.12,80.0,299.15,,1746252.0
1753507403648,05:23:23.648,bitmart,AAVE/USDT:USDT,299.08,37.0,299.09,107.0,299.1,,1746330.0
1753507404646,05:23:24.646,bitmart,AAVE/USDT:USDT,298.91,24.0,298.96,123.0,298.95,,1746620.0
1753507405546,05:23:25.546,bitmart,AAVE/USDT:USDT,298.91,39.0,298.92,145.0,298.95,,1746620.0
1753507406591,05:23:26.591,bitmart,AAVE/USDT:USDT,298.84,139.0,298.86,42.0,298.81,,1746890.0
1753507407601,05:23:27.601,bitmart,AAVE/USDT:USDT,298.8,70.0,298.81,27.0,298.81,,1746890.0
1753507408596,05:23:28.596,bitmart,AAVE/USDT:USDT,298.9,55.0,298.96,22.0,298.81,,1746890.0
1753507409633,05:23:29.633,bitmart,AAVE/USDT:USDT,298.95,63.0,298.96,25.0,298.95,,1747002.0
1753507410592,05:23:30.592,bitmart,AAVE/USDT:USDT,298.96,48.0,298.97,50.0,298.97,,1747012.0
1753507411634,05:23:31.634,bitmart,AAVE/USDT:USDT,298.96,48.0,298.97,50.0,298.97,,1747012.0
1753507412591,05:23:32.591,bitmart,AAVE/USDT:USDT,298.96,57.0,299.03,136.0,298.96,,1747016.0
1753507413643,05:23:33.643,bitmart,AAVE/USDT:USDT,299.02,156.0,299.03,79.0,299.02,,1747054.0
1753507414647,05:23:34.647,bitmart,AAVE/USDT:USDT,299.02,84.0,299.03,79.0,299.03,,1747058.0
1753507416591,05:23:36.591,bitmart,AAVE/USDT:USDT,299.02,160.0,299.03,71.0,299.03,,1747068.0
1753507417601,05:23:37.601,bitmart,AAVE/USDT:USDT,299.02,160.0,299.03,71.0,299.02,,1747072.0
1753507418589,05:23:38.589,bitmart,AAVE/USDT:USDT,299.02,266.0,299.06,163.0,299.02,,1747076.0
1753507419594,05:23:39.594,bitmart,AAVE/USDT:USDT,299.11,149.0,299.12,19.0,299.11,,1747118.0
1753507420592,05:23:40.592,bitmart,AAVE/USDT:USDT,299.11,149.0,299.12,19.0,299.12,,1747132.0
1753507421601,05:23:41.601,bitmart,AAVE/USDT:USDT,299.11,19.0,299.12,116.0,299.12,,1747132.0
1753507422596,05:23:42.596,bitmart,AAVE/USDT:USDT,299.09,33.0,299.1,41.0,299.12,,1747142.0
1753507423599,05:23:43.599,bitmart,AAVE/USDT:USDT,299.09,161.0,299.1,41.0,299.09,,1747150.0
1753507424591,05:23:44.591,bitmart,AAVE/USDT:USDT,299.09,111.0,299.1,55.0,299.09,,1747150.0
1753507425639,05:23:45.639,bitmart,AAVE/USDT:USDT,299.09,111.0,299.1,55.0,299.09,,1747150.0
1753507426592,05:23:46.592,bitmart,AAVE/USDT:USDT,299.09,241.0,299.1,70.0,299.09,,1747154.0
1753507427591,05:23:47.591,bitmart,AAVE/USDT:USDT,299.09,196.0,299.1,103.0,299.09,,1747158.0
1753507428589,05:23:48.589,bitmart,AAVE/USDT:USDT,299.09,196.0,299.1,103.0,299.09,,1747162.0
1753507429603,05:23:49.603,bitmart,AAVE/USDT:USDT,299.09,192.0,299.1,90.0,299.09,,1747168.0
1753507430588,05:23:50.588,bitmart,AAVE/USDT:USDT,299.09,192.0,299.1,29.0,299.09,,1747172.0
1753507431609,05:23:51.609,bitmart,AAVE/USDT:USDT,299.09,200.0,299.12,114.0,299.13,,1747176.0
1753507432644,05:23:52.644,bitmart,AAVE/USDT:USDT,299.09,22.0,299.13,72.0,299.09,,1747288.0
1753507433542,05:23:53.542,bitmart,AAVE/USDT:USDT,299.09,170.0,299.1,45.0,299.09,,1747288.0
1753507434591,05:23:54.591,bitmart,AAVE/USDT:USDT,299.09,170.0,299.1,45.0,299.09,,1747288.0
1753507435649,05:23:55.649,bitmart,AAVE/USDT:USDT,299.09,170.0,299.1,77.0,299.09,,1747318.0
1753507436589,05:23:56.589,bitmart,AAVE/USDT:USDT,299.09,170.0,299.1,77.0,299.09,,1747318.0
1753507437605,05:23:57.605,bitmart,AAVE/USDT:USDT,299.09,270.0,299.1,48.0,299.09,,1747318.0
1753507438606,05:23:58.606,bitmart,AAVE/USDT:USDT,299.09,270.0,299.1,76.0,299.09,,1747328.0
1753507439616,05:23:59.616,bitmart,AAVE/USDT:USDT,299.09,98.0,299.1,71.0,299.09,,1747340.0
1753507440616,05:24:00.616,bitmart,AAVE/USDT:USDT,299.09,98.0,299.1,71.0,299.09,,1745750.0
1753507441613,05:24:01.613,bitmart,AAVE/USDT:USDT,299.09,261.0,299.1,71.0,299.09,,1745754.0
1753507442604,05:24:02.604,bitmart,AAVE/USDT:USDT,299.09,261.0,299.1,5.0,299.09,,1745790.0
1753507443644,05:24:03.644,bitmart,AAVE/USDT:USDT,299.09,261.0,299.1,7.0,299.1,,1745794.0
1753507444652,05:24:04.652,bitmart,AAVE/USDT:USDT,299.11,65.0,299.12,49.0,299.11,,1745798.0
1753507445610,05:24:05.610,bitmart,AAVE/USDT:USDT,299.11,65.0,299.12,43.0,299.12,,1745802.0
1753507446590,05:24:06.590,bitmart,AAVE/USDT:USDT,299.11,183.0,299.12,99.0,299.11,,1745806.0
1753507447603,05:24:07.603,bitmart,AAVE/USDT:USDT,299.11,183.0,299.12,49.0,299.11,,1745806.0
1753507448591,05:24:08.591,bitmart,AAVE/USDT:USDT,299.11,30.0,299.18,70.0,299.11,,1745806.0
1753507449606,05:24:09.606,bitmart,AAVE/USDT:USDT,299.17,144.0,299.3,562.0,299.11,,1745806.0
1753507450599,05:24:10.599,bitmart,AAVE/USDT:USDT,299.24,89.0,299.25,21.0,299.24,,1746204.0
1753507451602,05:24:11.602,bitmart,AAVE/USDT:USDT,299.25,161.0,299.26,27.0,299.24,,1746204.0
1753507453548,05:24:13.548,bitmart,AAVE/USDT:USDT,299.25,161.0,299.26,132.0,299.26,,1746208.0
1753507454600,05:24:14.600,bitmart,AAVE/USDT:USDT,299.21,1.0,299.22,115.0,299.26,,1746222.0
1753507455644,05:24:15.644,bitmart,AAVE/USDT:USDT,299.19,50.0,299.2,87.0,299.21,,1746286.0
1753507456649,05:24:16.649,bitmart,AAVE/USDT:USDT,299.16,28.0,299.17,31.0,299.19,,1746296.0
1753507457546,05:24:17.546,bitmart,AAVE/USDT:USDT,299.16,23.0,299.17,31.0,299.16,,1746300.0
1753507458603,05:24:18.603,bitmart,AAVE/USDT:USDT,299.16,63.0,299.2,124.0,299.16,,1746332.0
1753507459615,05:24:19.615,bitmart,AAVE/USDT:USDT,299.19,127.0,299.2,50.0,299.16,,1746332.0
1753507460649,05:24:20.649,bitmart,AAVE/USDT:USDT,299.19,127.0,299.2,50.0,299.2,,1746346.0
1753507461546,05:24:21.546,bitmart,AAVE/USDT:USDT,299.19,102.0,299.2,61.0,299.2,,1746350.0
1753507462591,05:24:22.591,bitmart,AAVE/USDT:USDT,299.19,144.0,299.2,70.0,299.2,,1746350.0
1753507463603,05:24:23.603,bitmart,AAVE/USDT:USDT,299.19,144.0,299.2,70.0,299.19,,1746356.0
1753507464536,05:24:24.536,bitmart,AAVE/USDT:USDT,299.19,121.0,299.2,58.0,299.19,,1746356.0
1753507465606,05:24:25.606,bitmart,AAVE/USDT:USDT,299.25,21.0,299.26,141.0,299.19,,1746368.0
1753507466600,05:24:26.600,bitmart,AAVE/USDT:USDT,299.23,45.0,299.24,140.0,299.26,,1746424.0
1753507467601,05:24:27.601,bitmart,AAVE/USDT:USDT,299.23,60.0,299.24,98.0,299.23,,1746430.0
1753507468594,05:24:28.594,bitmart,AAVE/USDT:USDT,299.23,173.0,299.24,98.0,299.23,,1746430.0
1753507469606,05:24:29.606,bitmart,AAVE/USDT:USDT,299.23,173.0,299.24,98.0,299.23,,1746430.0
1753507470634,05:24:30.634,bitmart,AAVE/USDT:USDT,299.23,57.0,299.24,88.0,299.23,,1746430.0
1753507471644,05:24:31.644,bitmart,AAVE/USDT:USDT,299.23,31.0,299.24,88.0,299.23,,1746434.0
1753507472645,05:24:32.645,bitmart,AAVE/USDT:USDT,299.23,57.0,299.24,174.0,299.23,,1746440.0
1753507473651,05:24:33.651,bitmart,AAVE/USDT:USDT,299.23,26.0,299.24,86.0,299.24,,1746444.0
1753507474647,05:24:34.647,bitmart,AAVE/USDT:USDT,299.22,20.0,299.24,123.0,299.23,,1746448.0
1753507475644,05:24:35.644,bitmart,AAVE/USDT:USDT,299.22,9.0,299.23,58.0,299.22,,1746458.0
1753507476590,05:24:36.590,bitmart,AAVE/USDT:USDT,299.21,49.0,299.22,158.0,299.22,,1746462.0
1753507477590,05:24:37.590,bitmart,AAVE/USDT:USDT,299.21,49.0,299.22,158.0,299.22,,1746468.0
1753507478590,05:24:38.590,bitmart,AAVE/USDT:USDT,299.21,46.0,299.22,110.0,299.22,,1746468.0
1753507479601,05:24:39.601,bitmart,AAVE/USDT:USDT,299.21,5.0,299.22,39.0,299.22,,1746474.0
1753507480647,05:24:40.647,bitmart,AAVE/USDT:USDT,299.21,3.0,299.22,99.0,299.22,,1746478.0
1753507481533,05:24:41.533,bitmart,AAVE/USDT:USDT,299.21,7.0,299.22,214.0,299.21,,1746482.0
1753507482590,05:24:42.590,bitmart,AAVE/USDT:USDT,299.16,47.0,299.17,41.0,299.21,,1746482.0
1753507483610,05:24:43.610,bitmart,AAVE/USDT:USDT,299.16,39.0,299.17,41.0,299.17,,1746488.0
1753507484662,05:24:44.662,bitmart,AAVE/USDT:USDT,299.16,163.0,299.18,116.0,299.16,,1746496.0
1753507485569,05:24:45.569,bitmart,AAVE/USDT:USDT,299.16,163.0,299.18,116.0,299.17,,1746502.0
1753507486592,05:24:46.592,bitmart,AAVE/USDT:USDT,299.16,63.0,299.17,129.0,299.16,,1746510.0
1753507487603,05:24:47.603,bitmart,AAVE/USDT:USDT,299.16,77.0,299.17,97.0,299.17,,1746514.0
1753507488591,05:24:48.591,bitmart,AAVE/USDT:USDT,299.16,77.0,299.17,97.0,299.17,,1746514.0
1753507489601,05:24:49.601,bitmart,AAVE/USDT:USDT,299.16,177.0,299.17,74.0,299.16,,1746528.0
1753507490592,05:24:50.592,bitmart,AAVE/USDT:USDT,299.16,188.0,299.17,36.0,299.17,,1746532.0
1753507491600,05:24:51.600,bitmart,AAVE/USDT:USDT,299.16,122.0,299.17,67.0,299.16,,1746536.0
1753507492591,05:24:52.591,bitmart,AAVE/USDT:USDT,299.16,113.0,299.17,60.0,299.17,,1746544.0
1753507493603,05:24:53.603,bitmart,AAVE/USDT:USDT,299.18,64.0,299.19,29.0,299.17,,1746548.0
1753507494645,05:24:54.645,bitmart,AAVE/USDT:USDT,299.2,47.0,299.21,31.0,299.19,,1746576.0
1753507495534,05:24:55.534,bitmart,AAVE/USDT:USDT,299.2,50.0,299.26,2.0,299.19,,1746576.0
1753507496649,05:24:56.649,bitmart,AAVE/USDT:USDT,299.28,230.0,299.29,38.0,299.29,,1746600.0
1753507497641,05:24:57.641,bitmart,AAVE/USDT:USDT,299.28,74.0,299.29,38.0,299.29,,1746600.0
1753507498606,05:24:58.606,bitmart,AAVE/USDT:USDT,299.28,143.0,299.29,83.0,299.28,,1746604.0
1753507499606,05:24:59.606,bitmart,AAVE/USDT:USDT,299.29,121.0,299.31,23.0,299.29,,1746618.0
1753507500604,05:25:00.604,bitmart,AAVE/USDT:USDT,299.31,190.0,299.32,54.0,299.32,,1746118.0
1753507501603,05:25:01.603,bitmart,AAVE/USDT:USDT,299.31,296.0,299.32,123.0,299.31,,1746122.0
1753507502590,05:25:02.590,bitmart,AAVE/USDT:USDT,299.31,106.0,299.32,69.0,299.32,,1746128.0
1753507503613,05:25:03.613,bitmart,AAVE/USDT:USDT,299.31,40.0,299.32,30.0,299.32,,1746134.0
1753507504603,05:25:04.603,bitmart,AAVE/USDT:USDT,299.31,70.0,299.32,71.0,299.32,,1746134.0
1753507505597,05:25:05.597,bitmart,AAVE/USDT:USDT,299.31,104.0,299.32,41.0,299.31,,1746138.0
1753507506603,05:25:06.603,bitmart,AAVE/USDT:USDT,299.33,51.0,299.34,47.0,299.31,,1746138.0
1753507507646,05:25:07.646,bitmart,AAVE/USDT:USDT,299.33,51.0,299.34,47.0,299.33,,1746144.0
1753507508606,05:25:08.606,bitmart,AAVE/USDT:USDT,299.33,25.0,299.34,52.0,299.33,,1746148.0
1753507509593,05:25:09.593,bitmart,AAVE/USDT:USDT,299.33,105.0,299.34,52.0,299.33,,1746176.0
1753507510600,05:25:10.600,bitmart,AAVE/USDT:USDT,299.33,105.0,299.34,52.0,299.34,,1746180.0
1753507511591,05:25:11.591,bitmart,AAVE/USDT:USDT,299.33,84.0,299.34,53.0,299.33,,1746184.0
1753507512605,05:25:12.605,bitmart,AAVE/USDT:USDT,299.33,144.0,299.35,25.0,299.33,,1746184.0
1753507513589,05:25:13.589,bitmart,AAVE/USDT:USDT,299.34,206.0,299.35,25.0,299.33,,1746184.0
1753507514590,05:25:14.590,bitmart,AAVE/USDT:USDT,299.34,206.0,299.35,26.0,299.34,,1746188.0
1753507515617,05:25:15.617,bitmart,AAVE/USDT:USDT,299.34,206.0,299.35,24.0,299.34,,1746192.0
1753507516618,05:25:16.618,bitmart,AAVE/USDT:USDT,299.34,206.0,299.35,5.0,299.34,,1746212.0
1753507517549,05:25:17.549,bitmart,AAVE/USDT:USDT,299.37,20.0,299.38,50.0,299.34,,1746212.0
1753507518605,05:25:18.605,bitmart,AAVE/USDT:USDT,299.37,1.0,299.38,50.0,299.38,,1746218.0
1753507519592,05:25:19.592,bitmart,AAVE/USDT:USDT,299.37,4.0,299.38,50.0,299.38,,1746222.0
1753507520596,05:25:20.596,bitmart,AAVE/USDT:USDT,299.35,3.0,299.36,60.0,299.35,,1746234.0
1753507521590,05:25:21.590,bitmart,AAVE/USDT:USDT,299.35,3.0,299.36,53.0,299.35,,1746234.0
1753507522602,05:25:22.602,bitmart,AAVE/USDT:USDT,299.34,45.0,299.35,165.0,299.35,,1746238.0
1753507523644,05:25:23.644,bitmart,AAVE/USDT:USDT,299.35,111.0,299.36,160.0,299.35,,1746242.0
1753507524643,05:25:24.643,bitmart,AAVE/USDT:USDT,299.35,111.0,299.36,89.0,299.35,,1746246.0
1753507525646,05:25:25.646,bitmart,AAVE/USDT:USDT,299.34,78.0,299.35,70.0,299.35,,1746250.0
1753507526550,05:25:26.550,bitmart,AAVE/USDT:USDT,299.34,78.0,299.35,70.0,299.34,,1746268.0
1753507527590,05:25:27.590,bitmart,AAVE/USDT:USDT,299.34,106.0,299.35,58.0,299.34,,1746274.0
1753507528591,05:25:28.591,bitmart,AAVE/USDT:USDT,299.34,65.0,299.35,128.0,299.35,,1746278.0
1753507529589,05:25:29.589,bitmart,AAVE/USDT:USDT,299.34,29.0,299.35,128.0,299.34,,1746282.0
1753507530554,05:25:30.554,bitmart,AAVE/USDT:USDT,299.34,81.0,299.35,158.0,299.34,,1746282.0
1753507531590,05:25:31.590,bitmart,AAVE/USDT:USDT,299.34,78.0,299.35,173.0,299.34,,1746286.0
1753507532601,05:25:32.601,bitmart,AAVE/USDT:USDT,299.34,28.0,299.35,173.0,299.34,,1746292.0
1753507533588,05:25:33.588,bitmart,AAVE/USDT:USDT,299.34,28.0,299.35,173.0,299.34,,1746292.0
1753507534599,05:25:34.599,bitmart,AAVE/USDT:USDT,299.34,26.0,299.35,141.0,299.34,,1746292.0
1753507535592,05:25:35.592,bitmart,AAVE/USDT:USDT,299.34,64.0,299.35,141.0,299.34,,1746292.0
1753507536599,05:25:36.599,bitmart,AAVE/USDT:USDT,299.34,72.0,299.35,138.0,299.35,,1746296.0
1753507537548,05:25:37.548,bitmart,AAVE/USDT:USDT,299.34,70.0,299.35,149.0,299.35,,1746296.0
1753507538602,05:25:38.602,bitmart,AAVE/USDT:USDT,299.34,70.0,299.35,149.0,299.34,,1746302.0
1753507539604,05:25:39.604,bitmart,AAVE/USDT:USDT,299.34,57.0,299.35,172.0,299.34,,1746302.0
1753507540588,05:25:40.588,bitmart,AAVE/USDT:USDT,299.34,74.0,299.35,172.0,299.34,,1746302.0
1753507541589,05:25:41.589,bitmart,AAVE/USDT:USDT,299.34,21.0,299.35,172.0,299.34,,1746302.0
1753507542593,05:25:42.593,bitmart,AAVE/USDT:USDT,299.31,40.0,299.32,29.0,299.32,,1746324.0
1753507543644,05:25:43.644,bitmart,AAVE/USDT:USDT,299.31,33.0,299.32,69.0,299.31,,1746336.0
1753507544638,05:25:44.638,bitmart,AAVE/USDT:USDT,299.31,105.0,299.33,112.0,299.31,,1746336.0
1753507545644,05:25:45.644,bitmart,AAVE/USDT:USDT,299.34,168.0,299.35,163.0,299.32,,1746350.0
1753507546648,05:25:46.648,bitmart,AAVE/USDT:USDT,299.34,168.0,299.35,163.0,299.34,,1746360.0
1753507547591,05:25:47.591,bitmart,AAVE/USDT:USDT,299.34,121.0,299.35,136.0,299.34,,1746366.0
1753507548591,05:25:48.591,bitmart,AAVE/USDT:USDT,299.34,184.0,299.35,155.0,299.34,,1746388.0
1753507549596,05:25:49.596,bitmart,AAVE/USDT:USDT,299.34,184.0,299.35,155.0,299.34,,1746394.0
