timestamp,time,exchange,symbol,bid,bidVolume,ask,askVolume,lastPrice,baseVolume,quoteVolume
1753507242534,05:20:42.534,bitmart,ADA/USDT:USDT,0.8225,16274.0,0.8226,21682.0,0.8226,,153251778.0
1753507243198,05:20:43.198,bitmart,ADA/USDT:USDT,0.8225,24950.0,0.8226,7461.0,0.8226,,153251910.0
1753507244196,05:20:44.196,bitmart,ADA/USDT:USDT,0.8225,26547.0,0.8226,7722.0,0.8225,,153252060.0
1753507245236,05:20:45.236,bitmart,ADA/USDT:USDT,0.8225,26547.0,0.8226,7722.0,0.8226,,153252220.0
1753507246201,05:20:46.201,bitmart,ADA/USDT:USDT,0.8225,22703.0,0.8226,5655.0,0.8226,,153252454.0
1753507247167,05:20:47.167,bitmart,ADA/USDT:USDT,0.8225,22703.0,0.8226,5904.0,0.8226,,153252454.0
1753507248204,05:20:48.204,bitmart,ADA/USDT:USDT,0.8225,22703.0,0.8226,13979.0,0.8225,,153252628.0
1753507249255,05:20:49.255,bitmart,ADA/USDT:USDT,0.8225,22703.0,0.8226,6837.0,0.8226,,153252856.0
1753507250199,05:20:50.199,bitmart,ADA/USDT:USDT,0.8225,23283.0,0.8226,22184.0,0.8226,,153253180.0
1753507251158,05:20:51.158,bitmart,ADA/USDT:USDT,0.8225,23283.0,0.8226,22184.0,0.8225,,153253384.0
1753507252198,05:20:52.198,bitmart,ADA/USDT:USDT,0.8225,23022.0,0.8226,18250.0,0.8226,,153253614.0
1753507253260,05:20:53.260,bitmart,ADA/USDT:USDT,0.8225,7959.0,0.8226,8010.0,0.8225,,153253752.0
1753507254199,05:20:54.199,bitmart,ADA/USDT:USDT,0.8225,21898.0,0.8226,26810.0,0.8225,,153253752.0
1753507255238,05:20:55.238,bitmart,ADA/USDT:USDT,0.8225,21634.0,0.8226,14549.0,0.8225,,153253976.0
1753507256260,05:20:56.260,bitmart,ADA/USDT:USDT,0.8225,21634.0,0.8226,14549.0,0.8225,,153254136.0
1753507257248,05:20:57.248,bitmart,ADA/USDT:USDT,0.8225,27274.0,0.8226,8455.0,0.8225,,153254290.0
1753507258261,05:20:58.261,bitmart,ADA/USDT:USDT,0.8225,27274.0,0.8226,8455.0,0.8226,,153254446.0
1753507259233,05:20:59.233,bitmart,ADA/USDT:USDT,0.8225,22956.0,0.8227,3657.0,0.8226,,153255044.0
1753507260251,05:21:00.251,bitmart,ADA/USDT:USDT,0.8226,7158.0,0.8227,26239.0,0.8226,,153255356.0
1753507261247,05:21:01.247,bitmart,ADA/USDT:USDT,0.8225,22128.0,0.8226,21749.0,0.8225,,153125686.0
1753507262219,05:21:02.219,bitmart,ADA/USDT:USDT,0.8225,22128.0,0.8226,4864.0,0.8226,,153126208.0
1753507263162,05:21:03.162,bitmart,ADA/USDT:USDT,0.8225,22128.0,0.8226,14805.0,0.8226,,153126388.0
1753507264265,05:21:04.265,bitmart,ADA/USDT:USDT,0.8225,7070.0,0.8226,6174.0,0.8225,,153126560.0
1753507265249,05:21:05.249,bitmart,ADA/USDT:USDT,0.8226,24950.0,0.8228,20912.0,0.8227,,153126760.0
1753507266161,05:21:06.161,bitmart,ADA/USDT:USDT,0.8226,25062.0,0.8228,24001.0,0.8227,,153128178.0
1753507267215,05:21:07.215,bitmart,ADA/USDT:USDT,0.8226,25062.0,0.8227,13035.0,0.8227,,153128178.0
1753507268257,05:21:08.257,bitmart,ADA/USDT:USDT,0.8228,826.0,0.823,22577.0,0.8227,,153128350.0
1753507269250,05:21:09.250,bitmart,ADA/USDT:USDT,0.8228,2679.0,0.8229,21383.0,0.8228,,153135832.0
1753507270171,05:21:10.171,bitmart,ADA/USDT:USDT,0.8228,26145.0,0.8229,13528.0,0.8228,,153136160.0
1753507271205,05:21:11.205,bitmart,ADA/USDT:USDT,0.8228,26145.0,0.8229,5795.0,0.8228,,153136160.0
1753507272271,05:21:12.271,bitmart,ADA/USDT:USDT,0.8229,22977.0,0.823,9432.0,0.8229,,153136296.0
1753507273260,05:21:13.260,bitmart,ADA/USDT:USDT,0.8229,5520.0,0.823,7735.0,0.823,,153136466.0
1753507274241,05:21:14.241,bitmart,ADA/USDT:USDT,0.8229,25851.0,0.8231,19975.0,0.8229,,153136610.0
1753507275159,05:21:15.159,bitmart,ADA/USDT:USDT,0.823,19384.0,0.8231,19975.0,0.823,,153139096.0
1753507276268,05:21:16.268,bitmart,ADA/USDT:USDT,0.823,11897.0,0.8231,19975.0,0.8231,,153139222.0
1753507277281,05:21:17.281,bitmart,ADA/USDT:USDT,0.823,20734.0,0.8231,24467.0,0.823,,153139456.0
1753507278193,05:21:18.193,bitmart,ADA/USDT:USDT,0.823,20734.0,0.8231,21852.0,0.823,,153139592.0
1753507279225,05:21:19.225,bitmart,ADA/USDT:USDT,0.823,20734.0,0.8231,10892.0,0.823,,153139802.0
1753507280204,05:21:20.204,bitmart,ADA/USDT:USDT,0.823,20734.0,0.8231,8254.0,0.823,,153139944.0
1753507281220,05:21:21.220,bitmart,ADA/USDT:USDT,0.823,20734.0,0.8231,4558.0,0.823,,153139944.0
1753507282203,05:21:22.203,bitmart,ADA/USDT:USDT,0.8231,23719.0,0.8232,2213.0,0.823,,153140146.0
1753507283225,05:21:23.225,bitmart,ADA/USDT:USDT,0.8231,16696.0,0.8233,21863.0,0.8232,,153141250.0
1753507284151,05:21:24.151,bitmart,ADA/USDT:USDT,0.8231,16696.0,0.8232,24682.0,0.8232,,153141250.0
1753507285283,05:21:25.283,bitmart,ADA/USDT:USDT,0.8232,23737.0,0.8233,23695.0,0.8231,,153141602.0
1753507286191,05:21:26.191,bitmart,ADA/USDT:USDT,0.8232,2115.0,0.8233,23695.0,0.8232,,153141834.0
1753507287237,05:21:27.237,bitmart,ADA/USDT:USDT,0.8232,2112.0,0.8233,23695.0,0.8233,,153142066.0
1753507288189,05:21:28.189,bitmart,ADA/USDT:USDT,0.8232,3842.0,0.8233,23695.0,0.8233,,153142212.0
1753507289250,05:21:29.250,bitmart,ADA/USDT:USDT,0.8231,22201.0,0.8232,26259.0,0.8232,,153142366.0
1753507290256,05:21:30.256,bitmart,ADA/USDT:USDT,0.8231,22201.0,0.8232,4919.0,0.8231,,153142530.0
1753507291255,05:21:31.255,bitmart,ADA/USDT:USDT,0.823,22808.0,0.8232,23036.0,0.8231,,153143850.0
1753507292155,05:21:32.155,bitmart,ADA/USDT:USDT,0.823,17109.0,0.8231,20928.0,0.8231,,153143850.0
1753507293208,05:21:33.208,bitmart,ADA/USDT:USDT,0.823,6159.0,0.8231,8123.0,0.823,,153144008.0
1753507294163,05:21:34.163,bitmart,ADA/USDT:USDT,0.823,10980.0,0.8231,21375.0,0.823,,153144008.0
1753507295211,05:21:35.211,bitmart,ADA/USDT:USDT,0.823,8526.0,0.8231,25566.0,0.823,,153144152.0
1753507296241,05:21:36.241,bitmart,ADA/USDT:USDT,0.8228,24239.0,0.8231,27187.0,0.823,,153144374.0
1753507297263,05:21:37.263,bitmart,ADA/USDT:USDT,0.8228,6974.0,0.8229,22320.0,0.8228,,153146244.0
1753507298249,05:21:38.249,bitmart,ADA/USDT:USDT,0.8228,23168.0,0.8229,10551.0,0.8228,,153146648.0
1753507299250,05:21:39.250,bitmart,ADA/USDT:USDT,0.8228,23168.0,0.8229,10551.0,0.8228,,153146888.0
1753507300257,05:21:40.257,bitmart,ADA/USDT:USDT,0.8228,22239.0,0.8229,7990.0,0.8228,,153147074.0
1753507301248,05:21:41.248,bitmart,ADA/USDT:USDT,0.8228,22239.0,0.8229,7990.0,0.8228,,153147310.0
1753507302249,05:21:42.249,bitmart,ADA/USDT:USDT,0.8228,26062.0,0.8229,10858.0,0.8228,,153147492.0
1753507303234,05:21:43.234,bitmart,ADA/USDT:USDT,0.8228,25216.0,0.8229,8132.0,0.8228,,153147664.0
1753507304197,05:21:44.197,bitmart,ADA/USDT:USDT,0.8228,33070.0,0.8229,13959.0,0.8228,,153147664.0
1753507305169,05:21:45.169,bitmart,ADA/USDT:USDT,0.8228,26570.0,0.8229,13959.0,0.8228,,153147858.0
1753507306275,05:21:46.275,bitmart,ADA/USDT:USDT,0.8226,22988.0,0.8227,4462.0,0.8227,,153153780.0
1753507307218,05:21:47.218,bitmart,ADA/USDT:USDT,0.8226,22988.0,0.8227,4462.0,0.8227,,153153980.0
1753507308253,05:21:48.253,bitmart,ADA/USDT:USDT,0.8226,23235.0,0.8227,3892.0,0.8226,,153154222.0
1753507309264,05:21:49.264,bitmart,ADA/USDT:USDT,0.8226,23235.0,0.8227,9098.0,0.8226,,153154392.0
1753507310254,05:21:50.254,bitmart,ADA/USDT:USDT,0.8226,22000.0,0.8227,6036.0,0.8226,,153154392.0
1753507311254,05:21:51.254,bitmart,ADA/USDT:USDT,0.8226,22000.0,0.8227,6036.0,0.8226,,153154592.0
1753507312280,05:21:52.280,bitmart,ADA/USDT:USDT,0.8226,3915.0,0.8227,23225.0,0.8226,,153154824.0
1753507313260,05:21:53.260,bitmart,ADA/USDT:USDT,0.8226,3915.0,0.8227,23225.0,0.8227,,153154960.0
1753507314202,05:21:54.202,bitmart,ADA/USDT:USDT,0.8226,2528.0,0.8227,24917.0,0.8226,,153155122.0
1753507315270,05:21:55.270,bitmart,ADA/USDT:USDT,0.8226,2528.0,0.8227,24917.0,0.8227,,153155260.0
1753507316260,05:21:56.260,bitmart,ADA/USDT:USDT,0.8226,4812.0,0.8227,25996.0,0.8227,,153155442.0
1753507317264,05:21:57.264,bitmart,ADA/USDT:USDT,0.8226,4812.0,0.8227,25996.0,0.8227,,153155680.0
1753507318200,05:21:58.200,bitmart,ADA/USDT:USDT,0.8226,11884.0,0.8227,25996.0,0.8226,,153155852.0
1753507319251,05:21:59.251,bitmart,ADA/USDT:USDT,0.8226,24017.0,0.8227,22956.0,0.8227,,153156290.0
1753507320205,05:22:00.205,bitmart,ADA/USDT:USDT,0.8226,24017.0,0.8227,7838.0,0.8226,,153156868.0
1753507321209,05:22:01.209,bitmart,ADA/USDT:USDT,0.8226,24017.0,0.8228,13711.0,0.8226,,153048168.0
1753507322214,05:22:02.214,bitmart,ADA/USDT:USDT,0.8227,5646.0,0.8229,21440.0,0.8227,,153048998.0
1753507323213,05:22:03.213,bitmart,ADA/USDT:USDT,0.8228,3036.0,0.8229,21440.0,0.8228,,153049122.0
1753507324203,05:22:04.203,bitmart,ADA/USDT:USDT,0.8228,3999.0,0.8229,21440.0,0.8229,,153049248.0
1753507325270,05:22:05.270,bitmart,ADA/USDT:USDT,0.8228,8345.0,0.8229,21440.0,0.8228,,153052414.0
1753507326260,05:22:06.260,bitmart,ADA/USDT:USDT,0.8228,5460.0,0.8229,21440.0,0.8229,,153052540.0
1753507327262,05:22:07.262,bitmart,ADA/USDT:USDT,0.8228,5460.0,0.8229,21440.0,0.8228,,153052756.0
1753507328247,05:22:08.247,bitmart,ADA/USDT:USDT,0.8228,15749.0,0.8229,21440.0,0.8228,,153052756.0
1753507329195,05:22:09.195,bitmart,ADA/USDT:USDT,0.8228,15099.0,0.8229,26917.0,0.8229,,153053184.0
1753507330262,05:22:10.262,bitmart,ADA/USDT:USDT,0.8228,15099.0,0.8229,13842.0,0.8228,,153056986.0
1753507331252,05:22:11.252,bitmart,ADA/USDT:USDT,0.8228,21018.0,0.8229,13222.0,0.8228,,153057428.0
1753507332200,05:22:12.200,bitmart,ADA/USDT:USDT,0.8228,26462.0,0.8229,20403.0,0.8228,,153057628.0
1753507333251,05:22:13.251,bitmart,ADA/USDT:USDT,0.8228,24972.0,0.8229,9540.0,0.8229,,153057790.0
1753507334207,05:22:14.207,bitmart,ADA/USDT:USDT,0.8228,19891.0,0.8229,20394.0,0.8228,,153058314.0
1753507335213,05:22:15.213,bitmart,ADA/USDT:USDT,0.8228,19891.0,0.8229,14571.0,0.8228,,153058314.0
1753507336259,05:22:16.259,bitmart,ADA/USDT:USDT,0.8228,18678.0,0.8229,24238.0,0.8229,,153058464.0
1753507337266,05:22:17.266,bitmart,ADA/USDT:USDT,0.8228,7143.0,0.8229,7031.0,0.8228,,153059212.0
1753507338199,05:22:18.199,bitmart,ADA/USDT:USDT,0.8228,23759.0,0.8229,25651.0,0.8229,,153059428.0
1753507339250,05:22:19.250,bitmart,ADA/USDT:USDT,0.8228,23613.0,0.8229,18567.0,0.8228,,153059596.0
1753507340197,05:22:20.197,bitmart,ADA/USDT:USDT,0.8228,7831.0,0.8229,5750.0,0.8228,,153059760.0
1753507341230,05:22:21.230,bitmart,ADA/USDT:USDT,0.8228,16309.0,0.8229,23790.0,0.8228,,153059960.0
1753507342206,05:22:22.206,bitmart,ADA/USDT:USDT,0.8228,16309.0,0.8229,23790.0,0.8228,,153060178.0
1753507343261,05:22:23.261,bitmart,ADA/USDT:USDT,0.8228,23564.0,0.823,21334.0,0.8228,,153060328.0
1753507344141,05:22:24.141,bitmart,ADA/USDT:USDT,0.8229,22731.0,0.8233,21348.0,0.8228,,153060328.0
1753507345217,05:22:25.217,bitmart,ADA/USDT:USDT,0.823,22588.0,0.8231,11731.0,0.823,,153064838.0
1753507346262,05:22:26.262,bitmart,ADA/USDT:USDT,0.823,22588.0,0.8232,21572.0,0.8231,,153064994.0
1753507347245,05:22:27.245,bitmart,ADA/USDT:USDT,0.8231,25354.0,0.8232,21572.0,0.8231,,153065188.0
1753507348250,05:22:28.250,bitmart,ADA/USDT:USDT,0.8231,25207.0,0.8232,8490.0,0.8231,,153065338.0
1753507349210,05:22:29.210,bitmart,ADA/USDT:USDT,0.8231,25207.0,0.8232,17660.0,0.8231,,153065338.0
1753507350234,05:22:30.234,bitmart,ADA/USDT:USDT,0.8231,25207.0,0.8232,17660.0,0.8232,,153065482.0
1753507351257,05:22:31.257,bitmart,ADA/USDT:USDT,0.8231,21599.0,0.8232,22488.0,0.8232,,153065722.0
1753507352248,05:22:32.248,bitmart,ADA/USDT:USDT,0.8231,19459.0,0.8232,22775.0,0.8232,,153065888.0
1753507353320,05:22:33.320,bitmart,ADA/USDT:USDT,0.8231,19459.0,0.8232,22775.0,0.8231,,153066028.0
1753507354267,05:22:34.267,bitmart,ADA/USDT:USDT,0.8231,24756.0,0.8232,20252.0,0.8232,,153066212.0
1753507355174,05:22:35.174,bitmart,ADA/USDT:USDT,0.8231,24756.0,0.8232,20252.0,0.8231,,153066434.0
1753507356248,05:22:36.248,bitmart,ADA/USDT:USDT,0.8231,24811.0,0.8232,24267.0,0.8232,,153066556.0
1753507357269,05:22:37.269,bitmart,ADA/USDT:USDT,0.8231,6648.0,0.8232,6589.0,0.8231,,153066698.0
1753507358235,05:22:38.235,bitmart,ADA/USDT:USDT,0.8231,24140.0,0.8232,12109.0,0.8231,,153066698.0
1753507359216,05:22:39.216,bitmart,ADA/USDT:USDT,0.8231,24140.0,0.8232,12109.0,0.8231,,153066698.0
1753507360258,05:22:40.258,bitmart,ADA/USDT:USDT,0.8231,21421.0,0.8232,21291.0,0.8231,,153066846.0
1753507361252,05:22:41.252,bitmart,ADA/USDT:USDT,0.8231,21421.0,0.8232,15784.0,0.8231,,153067074.0
1753507362238,05:22:42.238,bitmart,ADA/USDT:USDT,0.8231,27974.0,0.8232,24240.0,0.8232,,153067304.0
1753507363277,05:22:43.277,bitmart,ADA/USDT:USDT,0.8231,24379.0,0.8232,8456.0,0.8232,,153067464.0
1753507364158,05:22:44.158,bitmart,ADA/USDT:USDT,0.8231,27044.0,0.8232,8642.0,0.8231,,153067676.0
1753507365250,05:22:45.250,bitmart,ADA/USDT:USDT,0.8231,27044.0,0.8232,8642.0,0.8232,,153067854.0
1753507366198,05:22:46.198,bitmart,ADA/USDT:USDT,0.8231,22968.0,0.8232,7310.0,0.8231,,153068062.0
1753507367209,05:22:47.209,bitmart,ADA/USDT:USDT,0.8231,23855.0,0.8232,5785.0,0.8232,,153068198.0
1753507368261,05:22:48.261,bitmart,ADA/USDT:USDT,0.8231,23855.0,0.8232,5785.0,0.8231,,153068320.0
1753507369248,05:22:49.248,bitmart,ADA/USDT:USDT,0.8231,24023.0,0.8232,8263.0,0.8231,,153068320.0
1753507370261,05:22:50.261,bitmart,ADA/USDT:USDT,0.8231,24023.0,0.8232,20374.0,0.8231,,153068698.0
1753507371263,05:22:51.263,bitmart,ADA/USDT:USDT,0.8231,24023.0,0.8232,6645.0,0.8231,,153068930.0
1753507372259,05:22:52.259,bitmart,ADA/USDT:USDT,0.8231,24023.0,0.8232,6645.0,0.8232,,153071392.0
1753507373250,05:22:53.250,bitmart,ADA/USDT:USDT,0.8231,23872.0,0.8232,6823.0,0.8232,,153071392.0
1753507374158,05:22:54.158,bitmart,ADA/USDT:USDT,0.8228,21556.0,0.8232,5505.0,0.8232,,153071536.0
1753507375205,05:22:55.205,bitmart,ADA/USDT:USDT,0.8228,21556.0,0.8229,5944.0,0.8229,,153071770.0
1753507376238,05:22:56.238,bitmart,ADA/USDT:USDT,0.8228,24976.0,0.8229,6134.0,0.8228,,153077242.0
1753507377164,05:22:57.164,bitmart,ADA/USDT:USDT,0.8229,25109.0,0.823,18020.0,0.8228,,153077408.0
1753507378256,05:22:58.256,bitmart,ADA/USDT:USDT,0.8229,25109.0,0.823,18020.0,0.8229,,153077906.0
1753507379256,05:22:59.256,bitmart,ADA/USDT:USDT,0.8229,25387.0,0.823,24573.0,0.8229,,153078252.0
1753507380175,05:23:00.175,bitmart,ADA/USDT:USDT,0.8229,5901.0,0.823,7357.0,0.823,,152997330.0
1753507381276,05:23:01.276,bitmart,ADA/USDT:USDT,0.823,24495.0,0.8232,3825.0,0.823,,152998282.0
1753507382168,05:23:02.168,bitmart,ADA/USDT:USDT,0.8231,19455.0,0.8232,9316.0,0.8231,,152998744.0
1753507383235,05:23:03.235,bitmart,ADA/USDT:USDT,0.823,4293.0,0.8232,21353.0,0.8232,,152998888.0
1753507384194,05:23:04.194,bitmart,ADA/USDT:USDT,0.823,21752.0,0.8231,5735.0,0.8231,,152999222.0
1753507385236,05:23:05.236,bitmart,ADA/USDT:USDT,0.823,21752.0,0.8231,16577.0,0.8231,,152999222.0
1753507386165,05:23:06.165,bitmart,ADA/USDT:USDT,0.823,21752.0,0.8231,6899.0,0.823,,152999360.0
1753507387210,05:23:07.210,bitmart,ADA/USDT:USDT,0.823,21752.0,0.8231,5745.0,0.823,,152999500.0
1753507388173,05:23:08.173,bitmart,ADA/USDT:USDT,0.823,21752.0,0.8231,4284.0,0.8231,,152999740.0
1753507389209,05:23:09.209,bitmart,ADA/USDT:USDT,0.823,21752.0,0.8231,3714.0,0.8231,,152999740.0
1753507390252,05:23:10.252,bitmart,ADA/USDT:USDT,0.823,21752.0,0.8231,2995.0,0.823,,152999862.0
1753507391249,05:23:11.249,bitmart,ADA/USDT:USDT,0.823,21752.0,0.8231,2438.0,0.823,,153000258.0
1753507392249,05:23:12.249,bitmart,ADA/USDT:USDT,0.823,21752.0,0.8231,1447.0,0.823,,153000442.0
1753507393259,05:23:13.259,bitmart,ADA/USDT:USDT,0.823,10090.0,0.8231,16659.0,0.823,,153000618.0
1753507394173,05:23:14.173,bitmart,ADA/USDT:USDT,0.823,4899.0,0.8231,23817.0,0.823,,153000788.0
1753507395204,05:23:15.204,bitmart,ADA/USDT:USDT,0.823,12294.0,0.8231,29905.0,0.8231,,153000948.0
1753507396208,05:23:16.208,bitmart,ADA/USDT:USDT,0.823,3760.0,0.8231,24801.0,0.8231,,153000948.0
1753507397230,05:23:17.230,bitmart,ADA/USDT:USDT,0.823,14751.0,0.8231,6084.0,0.823,,153001114.0
1753507398247,05:23:18.247,bitmart,ADA/USDT:USDT,0.823,24307.0,0.8231,911.0,0.823,,153001314.0
1753507399213,05:23:19.213,bitmart,ADA/USDT:USDT,0.8231,23602.0,0.8233,25658.0,0.823,,153001476.0
1753507400285,05:23:20.285,bitmart,ADA/USDT:USDT,0.8232,17466.0,0.8233,25658.0,0.8233,,153001616.0
1753507401176,05:23:21.176,bitmart,ADA/USDT:USDT,0.8232,19679.0,0.8233,25658.0,0.8233,,153001806.0
1753507402268,05:23:22.268,bitmart,ADA/USDT:USDT,0.8232,24034.0,0.8233,7889.0,0.8233,,153002456.0
1753507403162,05:23:23.162,bitmart,ADA/USDT:USDT,0.8232,24034.0,0.8233,17109.0,0.8233,,153002456.0
1753507404198,05:23:24.198,bitmart,ADA/USDT:USDT,0.8232,1469.0,0.8233,22661.0,0.8233,,153002456.0
1753507405199,05:23:25.199,bitmart,ADA/USDT:USDT,0.8232,1469.0,0.8233,22661.0,0.8233,,153002456.0
1753507406229,05:23:26.229,bitmart,ADA/USDT:USDT,0.823,7606.0,0.8231,23020.0,0.8232,,153002696.0
1753507407288,05:23:27.288,bitmart,ADA/USDT:USDT,0.823,7606.0,0.8231,23020.0,0.823,,153003148.0
1753507408242,05:23:28.242,bitmart,ADA/USDT:USDT,0.823,8046.0,0.8231,25885.0,0.8231,,153003386.0
1753507409251,05:23:29.251,bitmart,ADA/USDT:USDT,0.823,5814.0,0.8231,5444.0,0.8231,,153003534.0
1753507410152,05:23:30.152,bitmart,ADA/USDT:USDT,0.823,8528.0,0.8231,22997.0,0.823,,153003698.0
1753507411248,05:23:31.248,bitmart,ADA/USDT:USDT,0.823,14591.0,0.8231,28486.0,0.823,,153003698.0
1753507412200,05:23:32.200,bitmart,ADA/USDT:USDT,0.823,4307.0,0.8231,21414.0,0.823,,153003984.0
1753507413246,05:23:33.246,bitmart,ADA/USDT:USDT,0.8229,4536.0,0.8231,21414.0,0.8231,,153004132.0
1753507414246,05:23:34.246,bitmart,ADA/USDT:USDT,0.8229,11673.0,0.823,21801.0,0.8231,,153004132.0
1753507415208,05:23:35.208,bitmart,ADA/USDT:USDT,0.8229,25358.0,0.823,21569.0,0.8229,,153005496.0
1753507416200,05:23:36.200,bitmart,ADA/USDT:USDT,0.8229,25358.0,0.823,8113.0,0.8229,,153005892.0
1753507417243,05:23:37.243,bitmart,ADA/USDT:USDT,0.8229,25358.0,0.823,25838.0,0.8229,,153006086.0
1753507418187,05:23:38.187,bitmart,ADA/USDT:USDT,0.8229,25358.0,0.823,16057.0,0.8229,,153006086.0
1753507419263,05:23:39.263,bitmart,ADA/USDT:USDT,0.8229,25358.0,0.823,4428.0,0.8229,,153006246.0
1753507420264,05:23:40.264,bitmart,ADA/USDT:USDT,0.8229,25358.0,0.823,12850.0,0.8229,,153006438.0
1753507421160,05:23:41.160,bitmart,ADA/USDT:USDT,0.8229,25358.0,0.823,5943.0,0.8229,,153006640.0
1753507422214,05:23:42.214,bitmart,ADA/USDT:USDT,0.823,26228.0,0.8231,12693.0,0.8229,,153006782.0
1753507423262,05:23:43.262,bitmart,ADA/USDT:USDT,0.823,33045.0,0.8231,19970.0,0.8231,,153006904.0
1753507424275,05:23:44.275,bitmart,ADA/USDT:USDT,0.823,25826.0,0.8231,6797.0,0.823,,153007490.0
1753507425208,05:23:45.208,bitmart,ADA/USDT:USDT,0.823,7538.0,0.8231,4843.0,0.8231,,153007674.0
1753507426249,05:23:46.249,bitmart,ADA/USDT:USDT,0.823,23945.0,0.8231,18910.0,0.823,,153007888.0
1753507427217,05:23:47.217,bitmart,ADA/USDT:USDT,0.823,23945.0,0.8231,6591.0,0.823,,153008108.0
1753507428245,05:23:48.245,bitmart,ADA/USDT:USDT,0.823,23945.0,0.8231,5705.0,0.823,,153008274.0
1753507429253,05:23:49.253,bitmart,ADA/USDT:USDT,0.823,23945.0,0.8231,5705.0,0.823,,153008402.0
1753507430252,05:23:50.252,bitmart,ADA/USDT:USDT,0.823,25770.0,0.8231,5630.0,0.823,,153008402.0
1753507431224,05:23:51.224,bitmart,ADA/USDT:USDT,0.823,25770.0,0.8232,3862.0,0.823,,153008566.0
1753507432251,05:23:52.251,bitmart,ADA/USDT:USDT,0.8231,22091.0,0.8232,11009.0,0.823,,153008714.0
1753507433260,05:23:53.260,bitmart,ADA/USDT:USDT,0.8231,22091.0,0.8232,11009.0,0.8232,,153008888.0
1753507434263,05:23:54.263,bitmart,ADA/USDT:USDT,0.8231,24255.0,0.8232,7736.0,0.8232,,153009128.0
1753507435211,05:23:55.211,bitmart,ADA/USDT:USDT,0.8231,26403.0,0.8232,6615.0,0.8231,,153009368.0
1753507436253,05:23:56.253,bitmart,ADA/USDT:USDT,0.8231,26403.0,0.8233,12979.0,0.8231,,153009576.0
1753507437142,05:23:57.142,bitmart,ADA/USDT:USDT,0.8232,10424.0,0.8233,22677.0,0.8231,,153009576.0
1753507438263,05:23:58.263,bitmart,ADA/USDT:USDT,0.8232,18337.0,0.8233,28296.0,0.8233,,153010398.0
1753507439234,05:23:59.234,bitmart,ADA/USDT:USDT,0.8232,18366.0,0.8233,26850.0,0.8232,,153010738.0
1753507440251,05:24:00.251,bitmart,ADA/USDT:USDT,0.8232,21931.0,0.8233,21557.0,0.8233,,153011030.0
1753507441224,05:24:01.224,bitmart,ADA/USDT:USDT,0.8232,21931.0,0.8233,21557.0,0.8232,,152914698.0
1753507442249,05:24:02.249,bitmart,ADA/USDT:USDT,0.8232,24481.0,0.8233,7985.0,0.8232,,152915082.0
1753507443245,05:24:03.245,bitmart,ADA/USDT:USDT,0.8232,24481.0,0.8233,7985.0,0.8232,,152915250.0
1753507444250,05:24:04.250,bitmart,ADA/USDT:USDT,0.8232,17954.0,0.8234,12800.0,0.8232,,152915458.0
1753507445210,05:24:05.210,bitmart,ADA/USDT:USDT,0.8232,17954.0,0.8233,22848.0,0.8232,,152915646.0
1753507446196,05:24:06.196,bitmart,ADA/USDT:USDT,0.8232,16934.0,0.8233,25026.0,0.8233,,152920864.0
1753507447164,05:24:07.164,bitmart,ADA/USDT:USDT,0.8232,16934.0,0.8233,25026.0,0.8233,,152920996.0
1753507448249,05:24:08.249,bitmart,ADA/USDT:USDT,0.8232,26544.0,0.8233,21342.0,0.8233,,152920996.0
1753507449249,05:24:09.249,bitmart,ADA/USDT:USDT,0.8232,7491.0,0.8233,7597.0,0.8233,,152921160.0
1753507450249,05:24:10.249,bitmart,ADA/USDT:USDT,0.8232,22275.0,0.8233,23983.0,0.8233,,152921400.0
1753507451147,05:24:11.147,bitmart,ADA/USDT:USDT,0.8232,21947.0,0.8233,25407.0,0.8233,,152921400.0
1753507452262,05:24:12.262,bitmart,ADA/USDT:USDT,0.8232,21947.0,0.8233,25407.0,0.8233,,152921524.0
1753507453202,05:24:13.202,bitmart,ADA/USDT:USDT,0.8232,26137.0,0.8233,23451.0,0.8232,,152921662.0
1753507454196,05:24:14.196,bitmart,ADA/USDT:USDT,0.8232,25739.0,0.8233,26059.0,0.8233,,152921874.0
1753507455257,05:24:15.257,bitmart,ADA/USDT:USDT,0.8232,25739.0,0.8233,26059.0,0.8233,,152922088.0
1753507456249,05:24:16.249,bitmart,ADA/USDT:USDT,0.8232,15330.0,0.8233,22077.0,0.8233,,152922088.0
1753507457248,05:24:17.248,bitmart,ADA/USDT:USDT,0.8232,15330.0,0.8233,22077.0,0.8233,,152922328.0
1753507458196,05:24:18.196,bitmart,ADA/USDT:USDT,0.8232,18569.0,0.8233,25415.0,0.8232,,152922496.0
1753507459280,05:24:19.280,bitmart,ADA/USDT:USDT,0.8232,18569.0,0.8233,24546.0,0.8233,,152922738.0
1753507460235,05:24:20.235,bitmart,ADA/USDT:USDT,0.8232,18569.0,0.8233,24546.0,0.8233,,152922738.0
1753507461252,05:24:21.252,bitmart,ADA/USDT:USDT,0.8232,21816.0,0.8233,26953.0,0.8232,,152922962.0
1753507462267,05:24:22.267,bitmart,ADA/USDT:USDT,0.8232,5507.0,0.8233,7618.0,0.8232,,152923112.0
1753507463269,05:24:23.269,bitmart,ADA/USDT:USDT,0.8232,26035.0,0.8233,6473.0,0.8232,,152923312.0
1753507464201,05:24:24.201,bitmart,ADA/USDT:USDT,0.8232,26035.0,0.8233,26314.0,0.8232,,152923312.0
1753507465262,05:24:25.262,bitmart,ADA/USDT:USDT,0.8232,22406.0,0.8233,23349.0,0.8233,,152923548.0
1753507466257,05:24:26.257,bitmart,ADA/USDT:USDT,0.8232,22406.0,0.8233,23349.0,0.8233,,152923764.0
1753507467167,05:24:27.167,bitmart,ADA/USDT:USDT,0.8232,21737.0,0.8233,6948.0,0.8233,,152923926.0
1753507468262,05:24:28.262,bitmart,ADA/USDT:USDT,0.8232,30284.0,0.8233,12444.0,0.8233,,152924088.0
1753507469200,05:24:29.200,bitmart,ADA/USDT:USDT,0.8234,20288.0,0.8235,22141.0,0.8233,,152924088.0
1753507470193,05:24:30.193,bitmart,ADA/USDT:USDT,0.8233,23974.0,0.8235,22141.0,0.8234,,152926912.0
1753507471143,05:24:31.143,bitmart,ADA/USDT:USDT,0.8233,23974.0,0.8234,26446.0,0.8234,,152926912.0
1753507472250,05:24:32.250,bitmart,ADA/USDT:USDT,0.8233,21552.0,0.8234,23090.0,0.8234,,152926912.0
1753507473204,05:24:33.204,bitmart,ADA/USDT:USDT,0.8233,21552.0,0.8234,23090.0,0.8233,,152929468.0
1753507474263,05:24:34.263,bitmart,ADA/USDT:USDT,0.8233,24754.0,0.8234,22311.0,0.8234,,152929688.0
1753507475207,05:24:35.207,bitmart,ADA/USDT:USDT,0.8233,24691.0,0.8234,24373.0,0.8233,,152929898.0
1753507476264,05:24:36.264,bitmart,ADA/USDT:USDT,0.8233,24691.0,0.8234,24373.0,0.8233,,152930118.0
1753507477259,05:24:37.259,bitmart,ADA/USDT:USDT,0.8233,22202.0,0.8234,25177.0,0.8233,,152930118.0
1753507478249,05:24:38.249,bitmart,ADA/USDT:USDT,0.8233,22202.0,0.8234,25177.0,0.8233,,152930118.0
1753507479247,05:24:39.247,bitmart,ADA/USDT:USDT,0.8233,23033.0,0.8234,25494.0,0.8233,,152930280.0
1753507480296,05:24:40.296,bitmart,ADA/USDT:USDT,0.8232,13514.0,0.8233,25176.0,0.8233,,152930502.0
1753507481203,05:24:41.203,bitmart,ADA/USDT:USDT,0.8232,21156.0,0.8233,33373.0,0.8232,,152930624.0
1753507482164,05:24:42.164,bitmart,ADA/USDT:USDT,0.8232,7642.0,0.8233,22359.0,0.8232,,152930624.0
1753507483229,05:24:43.229,bitmart,ADA/USDT:USDT,0.8232,13440.0,0.8233,22008.0,0.8232,,152930776.0
1753507484263,05:24:44.263,bitmart,ADA/USDT:USDT,0.8229,1239.0,0.8231,24012.0,0.8233,,152930930.0
1753507485204,05:24:45.204,bitmart,ADA/USDT:USDT,0.8229,14919.0,0.823,22863.0,0.823,,152947518.0
1753507486288,05:24:46.288,bitmart,ADA/USDT:USDT,0.8229,14919.0,0.823,22863.0,0.823,,152947518.0
1753507487280,05:24:47.280,bitmart,ADA/USDT:USDT,0.8229,6433.0,0.823,22863.0,0.8229,,152947670.0
1753507488172,05:24:48.172,bitmart,ADA/USDT:USDT,0.8229,6628.0,0.823,22863.0,0.823,,152947912.0
1753507489205,05:24:49.205,bitmart,ADA/USDT:USDT,0.8229,6100.0,0.823,22863.0,0.8229,,152948034.0
1753507490251,05:24:50.251,bitmart,ADA/USDT:USDT,0.8229,1220.0,0.823,22863.0,0.8229,,152948166.0
1753507491251,05:24:51.251,bitmart,ADA/USDT:USDT,0.8229,2143.0,0.823,25499.0,0.8229,,152948398.0
1753507492235,05:24:52.235,bitmart,ADA/USDT:USDT,0.8229,2143.0,0.823,25499.0,0.8229,,152948556.0
1753507493209,05:24:53.209,bitmart,ADA/USDT:USDT,0.8229,23568.0,0.823,22507.0,0.823,,152949118.0
1753507494199,05:24:54.199,bitmart,ADA/USDT:USDT,0.8229,23568.0,0.823,22507.0,0.8229,,152949292.0
1753507495202,05:24:55.202,bitmart,ADA/USDT:USDT,0.8229,21096.0,0.823,23051.0,0.8229,,152949530.0
1753507496257,05:24:56.257,bitmart,ADA/USDT:USDT,0.823,22921.0,0.8231,527.0,0.823,,152950006.0
1753507497252,05:24:57.252,bitmart,ADA/USDT:USDT,0.823,22921.0,0.8231,2025.0,0.8231,,152953448.0
1753507498267,05:24:58.267,bitmart,ADA/USDT:USDT,0.823,22921.0,0.8231,2025.0,0.823,,152953622.0
1753507499164,05:24:59.164,bitmart,ADA/USDT:USDT,0.823,27012.0,0.8231,2704.0,0.823,,152953924.0
1753507500260,05:25:00.260,bitmart,ADA/USDT:USDT,0.823,27012.0,0.8231,2704.0,0.823,,152954464.0
1753507501307,05:25:01.307,bitmart,ADA/USDT:USDT,0.823,21930.0,0.8231,7195.0,0.823,,152839006.0
1753507502206,05:25:02.206,bitmart,ADA/USDT:USDT,0.823,21930.0,0.8231,7195.0,0.823,,152839552.0
1753507503211,05:25:03.211,bitmart,ADA/USDT:USDT,0.823,26041.0,0.8231,8465.0,0.823,,152839552.0
1753507504253,05:25:04.253,bitmart,ADA/USDT:USDT,0.823,26041.0,0.8231,3327.0,0.8231,,152839754.0
1753507505238,05:25:05.238,bitmart,ADA/USDT:USDT,0.8231,22172.0,0.8232,10240.0,0.823,,152839916.0
1753507506196,05:25:06.196,bitmart,ADA/USDT:USDT,0.8232,13452.0,0.8233,17337.0,0.8233,,152840712.0
1753507507285,05:25:07.285,bitmart,ADA/USDT:USDT,0.8232,11808.0,0.8233,17337.0,0.8233,,152840712.0
1753507508240,05:25:08.240,bitmart,ADA/USDT:USDT,0.8232,11808.0,0.8233,17337.0,0.8232,,152840836.0
1753507509283,05:25:09.283,bitmart,ADA/USDT:USDT,0.8232,22849.0,0.8233,17337.0,0.8233,,152842152.0
1753507510165,05:25:10.165,bitmart,ADA/USDT:USDT,0.8232,22849.0,0.8233,3391.0,0.8232,,152842346.0
1753507511222,05:25:11.222,bitmart,ADA/USDT:USDT,0.8233,24023.0,0.8234,4307.0,0.8233,,152842494.0
1753507512241,05:25:12.241,bitmart,ADA/USDT:USDT,0.8233,24023.0,0.8234,4307.0,0.8234,,152842736.0
1753507513209,05:25:13.209,bitmart,ADA/USDT:USDT,0.8233,22025.0,0.8234,6011.0,0.8233,,152844518.0
1753507514197,05:25:14.197,bitmart,ADA/USDT:USDT,0.8234,10356.0,0.8235,25304.0,0.8234,,152845192.0
1753507515208,05:25:15.208,bitmart,ADA/USDT:USDT,0.8234,10356.0,0.8235,25304.0,0.8234,,152845428.0
1753507516186,05:25:16.186,bitmart,ADA/USDT:USDT,0.8234,21248.0,0.8235,25304.0,0.8235,,152845650.0
1753507517200,05:25:17.200,bitmart,ADA/USDT:USDT,0.8234,23334.0,0.8235,23175.0,0.8235,,152845650.0
1753507518150,05:25:18.150,bitmart,ADA/USDT:USDT,0.8234,31838.0,0.8235,30868.0,0.8235,,152845858.0
1753507519208,05:25:19.208,bitmart,ADA/USDT:USDT,0.8233,3661.0,0.8235,23715.0,0.8235,,152845858.0
1753507520198,05:25:20.198,bitmart,ADA/USDT:USDT,0.8233,9728.0,0.8234,22646.0,0.8234,,152846072.0
1753507521258,05:25:21.258,bitmart,ADA/USDT:USDT,0.8233,9728.0,0.8234,22646.0,0.8234,,152846602.0
1753507522154,05:25:22.154,bitmart,ADA/USDT:USDT,0.8233,8576.0,0.8234,18516.0,0.8234,,152846602.0
1753507523259,05:25:23.259,bitmart,ADA/USDT:USDT,0.8233,22335.0,0.8234,18516.0,0.8233,,152846814.0
1753507524195,05:25:24.195,bitmart,ADA/USDT:USDT,0.8233,3924.0,0.8235,25874.0,0.8234,,152846954.0
1753507525200,05:25:25.200,bitmart,ADA/USDT:USDT,0.8234,20542.0,0.8236,4507.0,0.8234,,152846954.0
1753507526462,05:25:26.462,bitmart,ADA/USDT:USDT,0.8235,26525.0,0.8236,13985.0,0.8235,,152848238.0
1753507527213,05:25:27.213,bitmart,ADA/USDT:USDT,0.8235,21578.0,0.8236,22635.0,0.8235,,152848428.0
1753507528193,05:25:28.193,bitmart,ADA/USDT:USDT,0.8235,21578.0,0.8236,22635.0,0.8236,,152848564.0
1753507529257,05:25:29.257,bitmart,ADA/USDT:USDT,0.8235,10164.0,0.8236,17648.0,0.8235,,152848712.0
1753507530160,05:25:30.160,bitmart,ADA/USDT:USDT,0.8235,12679.0,0.8236,21384.0,0.8235,,152848924.0
1753507531196,05:25:31.196,bitmart,ADA/USDT:USDT,0.8235,6625.0,0.8236,25149.0,0.8235,,152849122.0
1753507532202,05:25:32.202,bitmart,ADA/USDT:USDT,0.8235,6625.0,0.8236,25149.0,0.8235,,152850014.0
1753507533258,05:25:33.258,bitmart,ADA/USDT:USDT,0.8235,3615.0,0.8236,25351.0,0.8236,,152850172.0
1753507534169,05:25:34.169,bitmart,ADA/USDT:USDT,0.8235,6849.0,0.8236,25351.0,0.8236,,152850172.0
1753507535168,05:25:35.168,bitmart,ADA/USDT:USDT,0.8235,8185.0,0.8236,25044.0,0.8236,,152850172.0
1753507536233,05:25:36.233,bitmart,ADA/USDT:USDT,0.8235,14544.0,0.8236,33391.0,0.8236,,152850382.0
1753507537210,05:25:37.210,bitmart,ADA/USDT:USDT,0.8235,14717.0,0.8236,21733.0,0.8235,,152850588.0
1753507538248,05:25:38.248,bitmart,ADA/USDT:USDT,0.8235,14717.0,0.8236,21733.0,0.8235,,152850806.0
1753507539250,05:25:39.250,bitmart,ADA/USDT:USDT,0.8235,17187.0,0.8236,24380.0,0.8235,,152850930.0
1753507540199,05:25:40.199,bitmart,ADA/USDT:USDT,0.8235,20865.0,0.8236,21654.0,0.8236,,152851062.0
1753507541501,05:25:41.501,bitmart,ADA/USDT:USDT,0.8235,20865.0,0.8236,21654.0,0.8235,,152851226.0
1753507542154,05:25:42.154,bitmart,ADA/USDT:USDT,0.8235,4543.0,0.8236,23151.0,0.8235,,152851226.0
1753507543275,05:25:43.275,bitmart,ADA/USDT:USDT,0.8235,17435.0,0.8236,16449.0,0.8235,,152851226.0
1753507544198,05:25:44.198,bitmart,ADA/USDT:USDT,0.8235,17435.0,0.8236,16449.0,0.8235,,152851432.0
1753507545244,05:25:45.244,bitmart,ADA/USDT:USDT,0.8235,21492.0,0.8236,5984.0,0.8236,,152851592.0
1753507546268,05:25:46.268,bitmart,ADA/USDT:USDT,0.8236,23786.0,0.8237,12498.0,0.8235,,152851756.0
1753507547253,05:25:47.253,bitmart,ADA/USDT:USDT,0.8236,23786.0,0.8237,6350.0,0.8236,,152851950.0
1753507548202,05:25:48.202,bitmart,ADA/USDT:USDT,0.8236,23786.0,0.8237,15918.0,0.8236,,152852132.0
1753507549237,05:25:49.237,bitmart,ADA/USDT:USDT,0.8236,22640.0,0.8237,12250.0,0.8237,,152854374.0
1753507550211,05:25:50.211,bitmart,ADA/USDT:USDT,0.8236,6094.0,0.8237,7038.0,0.8237,,152854540.0
