timestamp,time,exchange,symbol,bid,bidVolume,ask,askVolume,lastPrice,baseVolume,quoteVolume
1753507242531,05:20:42.531,bitmart,ALGO/USDT:USDT,0.2685,2926.0,0.2694,675840.0,0.2688,,907031752.0
1753507243511,05:20:43.511,bitmart,ALGO/USDT:USDT,0.2685,2926.0,0.2694,675840.0,0.2687,,907041406.0
1753507244543,05:20:44.543,bitmart,ALGO/USDT:USDT,0.2685,2926.0,0.2694,675840.0,0.2687,,907041406.0
1753507246618,05:20:46.618,bitmart,ALGO/USDT:USDT,0.2685,2926.0,0.2694,675840.0,0.2688,,907041420.0
1753507247511,05:20:47.511,bitmart,ALGO/USDT:USDT,0.2685,2926.0,0.2695,2948.0,0.2688,,907041420.0
1753507248607,05:20:48.607,bitmart,ALGO/USDT:USDT,0.2685,2926.0,0.2695,2948.0,0.269,,907041428.0
1753507249623,05:20:49.623,bitmart,ALGO/USDT:USDT,0.2685,2926.0,0.2695,2948.0,0.269,,907041432.0
1753507250626,05:20:50.626,bitmart,ALGO/USDT:USDT,0.2685,2926.0,0.2694,1215533.0,0.2689,,907041440.0
1753507251613,05:20:51.613,bitmart,ALGO/USDT:USDT,0.2685,2926.0,0.2694,666819.0,0.2688,,907044188.0
1753507252524,05:20:52.524,bitmart,ALGO/USDT:USDT,0.2685,2926.0,0.2694,666819.0,0.2688,,907044196.0
1753507253518,05:20:53.518,bitmart,ALGO/USDT:USDT,0.2685,2926.0,0.2694,666819.0,0.2688,,907044202.0
1753507256615,05:20:56.615,bitmart,ALGO/USDT:USDT,0.2685,2926.0,0.2694,666819.0,0.2688,,907044212.0
1753507257517,05:20:57.517,bitmart,ALGO/USDT:USDT,0.2685,2926.0,0.2694,666819.0,0.2688,,907044212.0
1753507258615,05:20:58.615,bitmart,ALGO/USDT:USDT,0.2685,2926.0,0.2694,666819.0,0.2688,,907044224.0
1753507260519,05:21:00.519,bitmart,ALGO/USDT:USDT,0.2685,2926.0,0.2694,666819.0,0.2688,,906164026.0
1753507261564,05:21:01.564,bitmart,ALGO/USDT:USDT,0.2685,2926.0,0.2694,666819.0,0.2689,,906164040.0
1753507264616,05:21:04.616,bitmart,ALGO/USDT:USDT,0.2685,2926.0,0.2694,666819.0,0.2688,,906168306.0
1753507265519,05:21:05.519,bitmart,ALGO/USDT:USDT,0.2685,2926.0,0.2695,131444.0,0.269,,906173972.0
1753507266619,05:21:06.619,bitmart,ALGO/USDT:USDT,0.2685,2926.0,0.2695,131444.0,0.269,,906177876.0
1753507267529,05:21:07.529,bitmart,ALGO/USDT:USDT,0.2685,2926.0,0.2695,131444.0,0.2691,,906178580.0
1753507269507,05:21:09.507,bitmart,ALGO/USDT:USDT,0.2685,2926.0,0.2696,926515.0,0.2691,,906178766.0
1753507270611,05:21:10.611,bitmart,ALGO/USDT:USDT,0.2685,2926.0,0.2696,926515.0,0.2691,,906191326.0
1753507271610,05:21:11.610,bitmart,ALGO/USDT:USDT,0.2686,739603.0,0.2697,131449.0,0.2692,,906191334.0
1753507273625,05:21:13.625,bitmart,ALGO/USDT:USDT,0.2686,739603.0,0.2697,131449.0,0.2692,,906191418.0
1753507277606,05:21:17.606,bitmart,ALGO/USDT:USDT,0.2686,739603.0,0.2697,131449.0,0.2692,,906198422.0
1753507280535,05:21:20.535,bitmart,ALGO/USDT:USDT,0.2687,53391.0,0.2698,978585.0,0.2692,,906202582.0
1753507283621,05:21:23.621,bitmart,ALGO/USDT:USDT,0.2687,53391.0,0.2698,978585.0,0.2691,,906219656.0
1753507284627,05:21:24.627,bitmart,ALGO/USDT:USDT,0.2687,53391.0,0.2698,978585.0,0.2693,,906219718.0
1753507286534,05:21:26.534,bitmart,ALGO/USDT:USDT,0.2687,53391.0,0.2698,978585.0,0.2692,,906219730.0
1753507288562,05:21:28.562,bitmart,ALGO/USDT:USDT,0.2687,53391.0,0.2698,978585.0,0.2693,,906221172.0
1753507289507,05:21:29.507,bitmart,ALGO/USDT:USDT,0.2687,53391.0,0.2698,978585.0,0.2693,,906221172.0
1753507290522,05:21:30.522,bitmart,ALGO/USDT:USDT,0.2687,53391.0,0.2698,53413.0,0.2693,,906221172.0
1753507291505,05:21:31.505,bitmart,ALGO/USDT:USDT,0.2687,2923.0,0.2698,790006.0,0.2693,,906221172.0
1753507293521,05:21:33.521,bitmart,ALGO/USDT:USDT,0.2687,2923.0,0.2698,790006.0,0.2693,,906526510.0
1753507294622,05:21:34.622,bitmart,ALGO/USDT:USDT,0.2687,2923.0,0.2698,790006.0,0.2691,,906532732.0
1753507295509,05:21:35.509,bitmart,ALGO/USDT:USDT,0.2687,2923.0,0.2698,790006.0,0.2691,,906532732.0
1753507296507,05:21:36.507,bitmart,ALGO/USDT:USDT,0.2687,2923.0,0.2698,790006.0,0.2691,,906532732.0
1753507298519,05:21:38.519,bitmart,ALGO/USDT:USDT,0.2687,2923.0,0.2698,790006.0,0.2692,,906532746.0
1753507299612,05:21:39.612,bitmart,ALGO/USDT:USDT,0.2687,2923.0,0.2698,181769.0,0.2692,,906532752.0
1753507305511,05:21:45.511,bitmart,ALGO/USDT:USDT,0.2687,2923.0,0.2698,181769.0,0.2692,,906532782.0
1753507306518,05:21:46.518,bitmart,ALGO/USDT:USDT,0.2687,2923.0,0.2698,181769.0,0.2692,,906532788.0
1753507307522,05:21:47.522,bitmart,ALGO/USDT:USDT,0.2687,2923.0,0.2698,181769.0,0.2692,,906532788.0
1753507309610,05:21:49.610,bitmart,ALGO/USDT:USDT,0.2687,2923.0,0.2698,855979.0,0.2691,,906532798.0
1753507311622,05:21:51.622,bitmart,ALGO/USDT:USDT,0.2687,2923.0,0.2698,181769.0,0.2692,,906532808.0
1753507314520,05:21:54.520,bitmart,ALGO/USDT:USDT,0.2687,2923.0,0.2698,181769.0,0.2691,,906533136.0
1753507319532,05:21:59.532,bitmart,ALGO/USDT:USDT,0.2687,2923.0,0.2698,1104401.0,0.2692,,906533180.0
1753507320610,05:22:00.610,bitmart,ALGO/USDT:USDT,0.2687,2923.0,0.2698,1104401.0,0.2692,,906125194.0
1753507323506,05:22:03.506,bitmart,ALGO/USDT:USDT,0.2687,2923.0,0.2698,1104401.0,0.2692,,906125210.0
1753507324658,05:22:04.658,bitmart,ALGO/USDT:USDT,0.2687,2923.0,0.2698,1104401.0,0.2692,,906125216.0
1753507325605,05:22:05.605,bitmart,ALGO/USDT:USDT,0.2687,2923.0,0.2698,1104401.0,0.2693,,906125224.0
1753507326618,05:22:06.618,bitmart,ALGO/USDT:USDT,0.2687,2923.0,0.2698,976045.0,0.2693,,906125230.0
1753507327696,05:22:07.696,bitmart,ALGO/USDT:USDT,0.2688,50394.0,0.2698,976045.0,0.2692,,906144180.0
1753507328620,05:22:08.620,bitmart,ALGO/USDT:USDT,0.2689,2921.0,0.2699,131311.0,0.2692,,906144190.0
1753507329627,05:22:09.627,bitmart,ALGO/USDT:USDT,0.2689,2921.0,0.2699,181705.0,0.2693,,906144200.0
1753507331614,05:22:11.614,bitmart,ALGO/USDT:USDT,0.2689,2921.0,0.2699,181705.0,0.2693,,906146408.0
1753507332628,05:22:12.628,bitmart,ALGO/USDT:USDT,0.2689,2921.0,0.2699,181705.0,0.2694,,906146554.0
1753507334568,05:22:14.568,bitmart,ALGO/USDT:USDT,0.2689,2921.0,0.2699,181705.0,0.2693,,906146568.0
1753507335610,05:22:15.610,bitmart,ALGO/USDT:USDT,0.2689,2921.0,0.2699,53337.0,0.2693,,906146568.0
1753507336629,05:22:16.629,bitmart,ALGO/USDT:USDT,0.2689,2921.0,0.2699,53337.0,0.2694,,906146912.0
1753507337607,05:22:17.607,bitmart,ALGO/USDT:USDT,0.2689,2921.0,0.2699,53337.0,0.2693,,906146918.0
1753507338621,05:22:18.621,bitmart,ALGO/USDT:USDT,0.2689,2921.0,0.2699,53337.0,0.2693,,906146924.0
1753507342527,05:22:22.527,bitmart,ALGO/USDT:USDT,0.2689,2921.0,0.2699,53337.0,0.2693,,906147164.0
1753507343529,05:22:23.529,bitmart,ALGO/USDT:USDT,0.2689,2921.0,0.2699,53337.0,0.2693,,906147168.0
1753507344622,05:22:24.622,bitmart,ALGO/USDT:USDT,0.2689,2921.0,0.27,855632.0,0.2693,,906147168.0
1753507346608,05:22:26.608,bitmart,ALGO/USDT:USDT,0.2689,2921.0,0.27,855632.0,0.2694,,906169110.0
1753507347622,05:22:27.622,bitmart,ALGO/USDT:USDT,0.2689,2921.0,0.27,855632.0,0.2693,,906175556.0
1753507350520,05:22:30.520,bitmart,ALGO/USDT:USDT,0.2689,2921.0,0.27,873631.0,0.2694,,906175808.0
1753507351614,05:22:31.614,bitmart,ALGO/USDT:USDT,0.2689,2921.0,0.2699,2943.0,0.2692,,906175814.0
1753507352520,05:22:32.520,bitmart,ALGO/USDT:USDT,0.2689,2921.0,0.2699,2943.0,0.2692,,906175814.0
1753507356614,05:22:36.614,bitmart,ALGO/USDT:USDT,0.2689,2921.0,0.2698,2945.0,0.2692,,906180792.0
1753507357613,05:22:37.613,bitmart,ALGO/USDT:USDT,0.2689,2921.0,0.2698,2945.0,0.2692,,906242588.0
1753507358511,05:22:38.511,bitmart,ALGO/USDT:USDT,0.2689,2921.0,0.2698,2945.0,0.2692,,906242588.0
1753507359612,05:22:39.612,bitmart,ALGO/USDT:USDT,0.2689,2921.0,0.2698,2945.0,0.2691,,906242598.0
1753507360523,05:22:40.523,bitmart,ALGO/USDT:USDT,0.2689,2921.0,0.2698,2945.0,0.2691,,906242602.0
1753507362617,05:22:42.617,bitmart,ALGO/USDT:USDT,0.2689,2921.0,0.2699,2943.0,0.2693,,906461642.0
1753507365610,05:22:45.610,bitmart,ALGO/USDT:USDT,0.2689,2921.0,0.27,727313.0,0.2694,,906858602.0
1753507367533,05:22:47.533,bitmart,ALGO/USDT:USDT,0.2689,2921.0,0.27,2943.0,0.2694,,906864048.0
1753507368508,05:22:48.508,bitmart,ALGO/USDT:USDT,0.2689,2921.0,0.27,2943.0,0.2694,,906864048.0
1753507369528,05:22:49.528,bitmart,ALGO/USDT:USDT,0.2689,2921.0,0.2699,50394.0,0.2693,,906864052.0
1753507370624,05:22:50.624,bitmart,ALGO/USDT:USDT,0.2689,2921.0,0.2699,50394.0,0.2693,,906864062.0
1753507372614,05:22:52.614,bitmart,ALGO/USDT:USDT,0.2689,2921.0,0.2699,50394.0,0.2694,,906905534.0
1753507373627,05:22:53.627,bitmart,ALGO/USDT:USDT,0.2689,2921.0,0.2699,50394.0,0.2694,,906960824.0
1753507374525,05:22:54.525,bitmart,ALGO/USDT:USDT,0.2689,2921.0,0.2699,50394.0,0.2693,,906960830.0
1753507376520,05:22:56.520,bitmart,ALGO/USDT:USDT,0.2689,2921.0,0.2699,50394.0,0.2693,,906960836.0
1753507379578,05:22:59.578,bitmart,ALGO/USDT:USDT,0.2689,2921.0,0.2699,50394.0,0.2692,,906960930.0
1753507380534,05:23:00.534,bitmart,ALGO/USDT:USDT,0.2689,2921.0,0.2699,50394.0,0.2693,,906747276.0
1753507386619,05:23:06.619,bitmart,ALGO/USDT:USDT,0.2689,2921.0,0.27,131230.0,0.2694,,906747326.0
1753507387610,05:23:07.610,bitmart,ALGO/USDT:USDT,0.2689,2921.0,0.27,131230.0,0.2695,,906754316.0
1753507388617,05:23:08.617,bitmart,ALGO/USDT:USDT,0.2689,2921.0,0.27,131230.0,0.2693,,906754532.0
1753507389623,05:23:09.623,bitmart,ALGO/USDT:USDT,0.2689,2921.0,0.27,131230.0,0.2694,,906754536.0
1753507390606,05:23:10.606,bitmart,ALGO/USDT:USDT,0.2689,2921.0,0.27,131230.0,0.2694,,906754542.0
1753507391622,05:23:11.622,bitmart,ALGO/USDT:USDT,0.2689,2921.0,0.27,131230.0,0.2694,,906755002.0
1753507393615,05:23:13.615,bitmart,ALGO/USDT:USDT,0.2689,2921.0,0.27,890135.0,0.2693,,906763248.0
1753507394616,05:23:14.616,bitmart,ALGO/USDT:USDT,0.2689,2921.0,0.27,890135.0,0.2693,,906763258.0
1753507401626,05:23:21.626,bitmart,ALGO/USDT:USDT,0.2689,2921.0,0.27,890135.0,0.2693,,906770870.0
1753507402529,05:23:22.529,bitmart,ALGO/USDT:USDT,0.2689,2921.0,0.27,2943.0,0.2695,,906789980.0
1753507403619,05:23:23.619,bitmart,ALGO/USDT:USDT,0.269,50394.0,0.27,2943.0,0.2694,,906815460.0
1753507406563,05:23:26.563,bitmart,ALGO/USDT:USDT,0.2691,2920.0,0.27,474830.0,0.2693,,906815484.0
1753507409520,05:23:29.520,bitmart,ALGO/USDT:USDT,0.2691,2920.0,0.27,474830.0,0.2694,,906815718.0
1753507410622,05:23:30.622,bitmart,ALGO/USDT:USDT,0.2691,2920.0,0.27,474830.0,0.2693,,906815722.0
1753507414507,05:23:34.507,bitmart,ALGO/USDT:USDT,0.2691,2920.0,0.27,474830.0,0.2693,,906815740.0
1753507417507,05:23:37.507,bitmart,ALGO/USDT:USDT,0.2691,2920.0,0.27,474830.0,0.2694,,906815746.0
1753507418614,05:23:38.614,bitmart,ALGO/USDT:USDT,0.2691,2920.0,0.27,474830.0,0.2693,,906815752.0
1753507420606,05:23:40.606,bitmart,ALGO/USDT:USDT,0.2691,2920.0,0.27,474830.0,0.2693,,906815768.0
1753507421505,05:23:41.505,bitmart,ALGO/USDT:USDT,0.2691,2920.0,0.27,474830.0,0.2693,,906815768.0
1753507422629,05:23:42.629,bitmart,ALGO/USDT:USDT,0.2691,2920.0,0.27,474830.0,0.2692,,906815774.0
1753507423616,05:23:43.616,bitmart,ALGO/USDT:USDT,0.2691,2920.0,0.27,474830.0,0.2693,,906817028.0
1753507424619,05:23:44.619,bitmart,ALGO/USDT:USDT,0.2691,2920.0,0.27,474830.0,0.2693,,906817034.0
1753507425524,05:23:45.524,bitmart,ALGO/USDT:USDT,0.2691,2920.0,0.27,474830.0,0.2693,,906817034.0
1753507426612,05:23:46.612,bitmart,ALGO/USDT:USDT,0.2691,2920.0,0.27,474830.0,0.2692,,906817042.0
1753507428611,05:23:48.611,bitmart,ALGO/USDT:USDT,0.2691,2920.0,0.27,474830.0,0.2693,,906817058.0
1753507429618,05:23:49.618,bitmart,ALGO/USDT:USDT,0.2691,2920.0,0.27,474830.0,0.2694,,906817066.0
1753507430615,05:23:50.615,bitmart,ALGO/USDT:USDT,0.2691,2920.0,0.27,474830.0,0.2693,,906817178.0
1753507431616,05:23:51.616,bitmart,ALGO/USDT:USDT,0.2691,2920.0,0.27,2943.0,0.2693,,906817188.0
1753507432614,05:23:52.614,bitmart,ALGO/USDT:USDT,0.2691,2920.0,0.27,2943.0,0.2694,,906817246.0
1753507433521,05:23:53.521,bitmart,ALGO/USDT:USDT,0.2691,2920.0,0.27,2943.0,0.2694,,906817250.0
1753507436611,05:23:56.611,bitmart,ALGO/USDT:USDT,0.2691,2920.0,0.27,2943.0,0.2695,,906817262.0
1753507438552,05:23:58.552,bitmart,ALGO/USDT:USDT,0.2691,2920.0,0.27,2943.0,0.2694,,906817284.0
1753507439525,05:23:59.525,bitmart,ALGO/USDT:USDT,0.2691,2920.0,0.27,2943.0,0.2694,,906817296.0
1753507440624,05:24:00.624,bitmart,ALGO/USDT:USDT,0.2691,2920.0,0.27,2943.0,0.2694,,906063464.0
1753507441522,05:24:01.522,bitmart,ALGO/USDT:USDT,0.2691,2920.0,0.27,2943.0,0.2694,,906063478.0
1753507445625,05:24:05.625,bitmart,ALGO/USDT:USDT,0.2691,2920.0,0.27,2943.0,0.2694,,906075034.0
1753507446609,05:24:06.609,bitmart,ALGO/USDT:USDT,0.2691,2920.0,0.27,2943.0,0.2694,,906075034.0
1753507447533,05:24:07.533,bitmart,ALGO/USDT:USDT,0.2691,2920.0,0.27,2943.0,0.2694,,906075034.0
1753507448529,05:24:08.529,bitmart,ALGO/USDT:USDT,0.2691,2920.0,0.27,2943.0,0.2694,,906075034.0
1753507449610,05:24:09.610,bitmart,ALGO/USDT:USDT,0.2691,2920.0,0.27,2943.0,0.2694,,906075040.0
1753507450507,05:24:10.507,bitmart,ALGO/USDT:USDT,0.2691,2920.0,0.27,2943.0,0.2694,,906075040.0
1753507451607,05:24:11.607,bitmart,ALGO/USDT:USDT,0.2691,2920.0,0.27,2943.0,0.2695,,906075344.0
1753507452536,05:24:12.536,bitmart,ALGO/USDT:USDT,0.2691,2920.0,0.27,2943.0,0.2694,,906075348.0
1753507453630,05:24:13.630,bitmart,ALGO/USDT:USDT,0.2691,2920.0,0.27,2943.0,0.2694,,906075726.0
1753507455612,05:24:15.612,bitmart,ALGO/USDT:USDT,0.2691,2920.0,0.27,2943.0,0.2695,,906092042.0
1753507456627,05:24:16.627,bitmart,ALGO/USDT:USDT,0.2691,2920.0,0.27,2943.0,0.2694,,906092184.0
1753507457632,05:24:17.632,bitmart,ALGO/USDT:USDT,0.2691,2920.0,0.27,2943.0,0.2694,,906095920.0
1753507458620,05:24:18.620,bitmart,ALGO/USDT:USDT,0.2691,2920.0,0.27,2943.0,0.2694,,906095920.0
1753507460535,05:24:20.535,bitmart,ALGO/USDT:USDT,0.2691,2920.0,0.27,2943.0,0.2693,,906104576.0
1753507461520,05:24:21.520,bitmart,ALGO/USDT:USDT,0.2691,2920.0,0.27,2943.0,0.2693,,906104576.0
1753507464620,05:24:24.620,bitmart,ALGO/USDT:USDT,0.2691,2920.0,0.27,2943.0,0.2694,,906104590.0
1753507465617,05:24:25.617,bitmart,ALGO/USDT:USDT,0.2691,2920.0,0.27,2943.0,0.2694,,906104786.0
1753507467610,05:24:27.610,bitmart,ALGO/USDT:USDT,0.2691,2920.0,0.27,2943.0,0.2695,,906104798.0
1753507468534,05:24:28.534,bitmart,ALGO/USDT:USDT,0.2691,2920.0,0.27,2943.0,0.2696,,906104802.0
1753507469532,05:24:29.532,bitmart,ALGO/USDT:USDT,0.2691,2920.0,0.27,2943.0,0.2694,,906202284.0
1753507470605,05:24:30.605,bitmart,ALGO/USDT:USDT,0.2691,2920.0,0.27,2943.0,0.2694,,906256384.0
1753507472611,05:24:32.611,bitmart,ALGO/USDT:USDT,0.2691,2920.0,0.27,2943.0,0.2695,,906256398.0
1753507474620,05:24:34.620,bitmart,ALGO/USDT:USDT,0.2691,2920.0,0.27,2943.0,0.2694,,906256416.0
1753507476617,05:24:36.617,bitmart,ALGO/USDT:USDT,0.2691,2920.0,0.27,2943.0,0.2695,,906256430.0
1753507477645,05:24:37.645,bitmart,ALGO/USDT:USDT,0.2691,2920.0,0.27,2943.0,0.2694,,906266766.0
1753507478616,05:24:38.616,bitmart,ALGO/USDT:USDT,0.2691,2920.0,0.27,621066.0,0.2694,,906274518.0
1753507479572,05:24:39.572,bitmart,ALGO/USDT:USDT,0.2691,2920.0,0.27,621066.0,0.2693,,906274668.0
1753507481521,05:24:41.521,bitmart,ALGO/USDT:USDT,0.2691,2920.0,0.27,621066.0,0.2694,,906286358.0
1753507482623,05:24:42.623,bitmart,ALGO/USDT:USDT,0.2691,2920.0,0.27,621066.0,0.2693,,906295120.0
1753507483530,05:24:43.530,bitmart,ALGO/USDT:USDT,0.2691,2920.0,0.27,621066.0,0.2693,,906295128.0
1753507485524,05:24:45.524,bitmart,ALGO/USDT:USDT,0.2691,2920.0,0.27,621066.0,0.2693,,906295128.0
1753507486622,05:24:46.622,bitmart,ALGO/USDT:USDT,0.2691,2920.0,0.27,621066.0,0.2694,,906298362.0
1753507487524,05:24:47.524,bitmart,ALGO/USDT:USDT,0.2691,2920.0,0.27,621066.0,0.2694,,906298370.0
1753507490618,05:24:50.618,bitmart,ALGO/USDT:USDT,0.2691,2920.0,0.27,621066.0,0.2693,,906298380.0
1753507491534,05:24:51.534,bitmart,ALGO/USDT:USDT,0.2691,2920.0,0.27,621066.0,0.2692,,906298388.0
1753507492612,05:24:52.612,bitmart,ALGO/USDT:USDT,0.2691,2920.0,0.27,621066.0,0.2693,,906298394.0
1753507494614,05:24:54.614,bitmart,ALGO/USDT:USDT,0.2691,2920.0,0.27,621066.0,0.2693,,906298400.0
1753507495618,05:24:55.618,bitmart,ALGO/USDT:USDT,0.2691,2920.0,0.27,2943.0,0.2693,,906298408.0
1753507496612,05:24:56.612,bitmart,ALGO/USDT:USDT,0.2691,2920.0,0.27,2943.0,0.2694,,906298416.0
1753507500548,05:25:00.548,bitmart,ALGO/USDT:USDT,0.2691,2920.0,0.27,2943.0,0.2694,,905616846.0
1753507501536,05:25:01.536,bitmart,ALGO/USDT:USDT,0.2691,2920.0,0.27,2943.0,0.2694,,905616854.0
1753507502622,05:25:02.622,bitmart,ALGO/USDT:USDT,0.2691,2920.0,0.27,2943.0,0.2694,,905616858.0
1753507505618,05:25:05.618,bitmart,ALGO/USDT:USDT,0.2691,2920.0,0.27,2943.0,0.2693,,905630474.0
1753507508598,05:25:08.598,bitmart,ALGO/USDT:USDT,0.2691,2920.0,0.2701,181611.0,0.2696,,905630486.0
1753507510616,05:25:10.616,bitmart,ALGO/USDT:USDT,0.2691,2920.0,0.2701,181611.0,0.2697,,905630498.0
1753507511513,05:25:11.513,bitmart,ALGO/USDT:USDT,0.2691,4696.0,0.2701,53335.0,0.2697,,905630498.0
1753507515622,05:25:15.622,bitmart,ALGO/USDT:USDT,0.2691,53240.0,0.2701,53335.0,0.2696,,905728300.0
1753507516606,05:25:16.606,bitmart,ALGO/USDT:USDT,0.2691,53240.0,0.2701,53335.0,0.2696,,905728836.0
1753507517539,05:25:17.539,bitmart,ALGO/USDT:USDT,0.2691,53240.0,0.2701,53335.0,0.2696,,905728844.0
1753507518609,05:25:18.609,bitmart,ALGO/USDT:USDT,0.2691,53240.0,0.2701,53335.0,0.2695,,905728854.0
1753507519614,05:25:19.614,bitmart,ALGO/USDT:USDT,0.2691,2920.0,0.2701,53335.0,0.2697,,905728860.0
1753507520622,05:25:20.622,bitmart,ALGO/USDT:USDT,0.2691,2920.0,0.2701,53335.0,0.2696,,905728868.0
1753507522535,05:25:22.535,bitmart,ALGO/USDT:USDT,0.2691,2920.0,0.2701,53335.0,0.2697,,905729026.0
1753507523597,05:25:23.597,bitmart,ALGO/USDT:USDT,0.2691,2920.0,0.2701,53335.0,0.2697,,905729030.0
1753507524506,05:25:24.506,bitmart,ALGO/USDT:USDT,0.2691,2920.0,0.2701,53335.0,0.2697,,905729030.0
1753507525596,05:25:25.596,bitmart,ALGO/USDT:USDT,0.2691,2920.0,0.2701,53335.0,0.2697,,905729030.0
1753507528617,05:25:28.617,bitmart,ALGO/USDT:USDT,0.2691,2920.0,0.2701,53335.0,0.2696,,905729050.0
1753507529531,05:25:29.531,bitmart,ALGO/USDT:USDT,0.2691,2920.0,0.2701,53335.0,0.2696,,905732950.0
1753507530505,05:25:30.505,bitmart,ALGO/USDT:USDT,0.2691,2920.0,0.2701,53335.0,0.2696,,905732950.0
1753507531525,05:25:31.525,bitmart,ALGO/USDT:USDT,0.2691,2920.0,0.2701,53335.0,0.2697,,905732958.0
1753507534517,05:25:34.517,bitmart,ALGO/USDT:USDT,0.2691,2920.0,0.2701,53335.0,0.2697,,905742494.0
1753507535599,05:25:35.599,bitmart,ALGO/USDT:USDT,0.2691,2920.0,0.2701,53335.0,0.2697,,905742494.0
1753507536615,05:25:36.615,bitmart,ALGO/USDT:USDT,0.2691,2920.0,0.2701,53335.0,0.2696,,905742502.0
1753507538614,05:25:38.614,bitmart,ALGO/USDT:USDT,0.2691,2920.0,0.2701,53335.0,0.2695,,905742516.0
1753507539515,05:25:39.515,bitmart,ALGO/USDT:USDT,0.2691,2920.0,0.2701,53335.0,0.2696,,905742526.0
1753507540529,05:25:40.529,bitmart,ALGO/USDT:USDT,0.2691,2920.0,0.2701,53335.0,0.2696,,905742526.0
1753507542504,05:25:42.504,bitmart,ALGO/USDT:USDT,0.2691,2920.0,0.2701,988300.0,0.2695,,905742534.0
1753507543524,05:25:43.524,bitmart,ALGO/USDT:USDT,0.2691,2920.0,0.2701,988300.0,0.2694,,905751820.0
1753507544606,05:25:44.606,bitmart,ALGO/USDT:USDT,0.2691,2920.0,0.2701,988300.0,0.2694,,905751826.0
1753507545634,05:25:45.634,bitmart,ALGO/USDT:USDT,0.2691,2920.0,0.2701,988300.0,0.2695,,905751836.0
1753507546610,05:25:46.610,bitmart,ALGO/USDT:USDT,0.2691,2920.0,0.2701,988300.0,0.2694,,905751840.0
1753507547525,05:25:47.525,bitmart,ALGO/USDT:USDT,0.2691,2920.0,0.2701,988300.0,0.2694,,905751840.0
1753507549627,05:25:49.627,bitmart,ALGO/USDT:USDT,0.2691,2920.0,0.2701,988300.0,0.2694,,905751854.0
1753507550609,05:25:50.609,bitmart,ALGO/USDT:USDT,0.2691,2920.0,0.2701,988300.0,0.2694,,905751864.0
1753507551613,05:25:51.613,bitmart,ALGO/USDT:USDT,0.2691,2920.0,0.2701,988300.0,0.2694,,905751872.0
1753507553618,05:25:53.618,bitmart,ALGO/USDT:USDT,0.2691,2920.0,0.2701,988300.0,0.2695,,905751882.0
1753507555615,05:25:55.615,bitmart,ALGO/USDT:USDT,0.2691,2920.0,0.2701,988300.0,0.2694,,905751896.0
1753507556524,05:25:56.524,bitmart,ALGO/USDT:USDT,0.2691,2920.0,0.2701,181544.0,0.2693,,905766672.0
1753507557622,05:25:57.622,bitmart,ALGO/USDT:USDT,0.2691,2920.0,0.2701,181544.0,0.2696,,905904442.0
1753507559620,05:25:59.620,bitmart,ALGO/USDT:USDT,0.2691,2920.0,0.2701,53335.0,0.2695,,905904480.0
1753507562617,05:26:02.617,bitmart,ALGO/USDT:USDT,0.2691,2920.0,0.2701,724531.0,0.2696,,905722350.0
1753507564618,05:26:04.618,bitmart,ALGO/USDT:USDT,0.2691,2920.0,0.2701,724531.0,0.2694,,905722362.0
1753507567616,05:26:07.616,bitmart,ALGO/USDT:USDT,0.2689,2921.0,0.2699,822556.0,0.2692,,905722378.0
1753507569619,05:26:09.619,bitmart,ALGO/USDT:USDT,0.2689,2921.0,0.2699,950800.0,0.2693,,905955798.0
1753507570609,05:26:10.609,bitmart,ALGO/USDT:USDT,0.2689,2921.0,0.2699,950800.0,0.2693,,905956518.0
1753507572616,05:26:12.616,bitmart,ALGO/USDT:USDT,0.2689,2921.0,0.2699,950800.0,0.2692,,905958732.0
1753507574613,05:26:14.613,bitmart,ALGO/USDT:USDT,0.2689,2921.0,0.2699,950800.0,0.2692,,905958748.0
1753507575624,05:26:15.624,bitmart,ALGO/USDT:USDT,0.2689,2921.0,0.2699,950800.0,0.2692,,905958758.0
1753507576608,05:26:16.608,bitmart,ALGO/USDT:USDT,0.2689,2921.0,0.2699,950800.0,0.2693,,905958764.0
1753507577525,05:26:17.525,bitmart,ALGO/USDT:USDT,0.2689,2921.0,0.2699,950800.0,0.2693,,905958764.0
1753507578608,05:26:18.608,bitmart,ALGO/USDT:USDT,0.2689,2921.0,0.2699,950800.0,0.2692,,905958774.0
1753507579610,05:26:19.610,bitmart,ALGO/USDT:USDT,0.2689,2921.0,0.2699,950800.0,0.2692,,905958780.0
1753507580616,05:26:20.616,bitmart,ALGO/USDT:USDT,0.2689,2921.0,0.2699,953743.0,0.2692,,905958786.0
1753507582636,05:26:22.636,bitmart,ALGO/USDT:USDT,0.2689,2921.0,0.2699,131187.0,0.2693,,905961154.0
1753507585621,05:26:25.621,bitmart,ALGO/USDT:USDT,0.2689,2921.0,0.2699,2943.0,0.2694,,906007004.0
1753507586517,05:26:26.517,bitmart,ALGO/USDT:USDT,0.2689,2921.0,0.2699,2943.0,0.2693,,906007012.0
1753507587613,05:26:27.613,bitmart,ALGO/USDT:USDT,0.2689,2921.0,0.2699,2943.0,0.2693,,906007018.0
1753507588619,05:26:28.619,bitmart,ALGO/USDT:USDT,0.2689,2921.0,0.2699,2943.0,0.2693,,906007024.0
1753507590621,05:26:30.621,bitmart,ALGO/USDT:USDT,0.2689,2921.0,0.2699,2943.0,0.2693,,906007034.0
1753507591652,05:26:31.652,bitmart,ALGO/USDT:USDT,0.2689,2921.0,0.2699,2943.0,0.2693,,906007038.0
1753507594616,05:26:34.616,bitmart,ALGO/USDT:USDT,0.2689,2921.0,0.27,839171.0,0.2693,,906007816.0
1753507595610,05:26:35.610,bitmart,ALGO/USDT:USDT,0.2689,2921.0,0.27,839171.0,0.2695,,906007820.0
1753507598626,05:26:38.626,bitmart,ALGO/USDT:USDT,0.269,50394.0,0.27,2943.0,0.2694,,906028372.0
1753507599626,05:26:39.626,bitmart,ALGO/USDT:USDT,0.2689,2921.0,0.27,2943.0,0.2695,,906028378.0
1753507600530,05:26:40.530,bitmart,ALGO/USDT:USDT,0.2689,2921.0,0.27,2943.0,0.2695,,906028444.0
1753507601532,05:26:41.532,bitmart,ALGO/USDT:USDT,0.2689,2921.0,0.27,2943.0,0.2695,,906028444.0
1753507603514,05:26:43.514,bitmart,ALGO/USDT:USDT,0.2689,2921.0,0.27,2943.0,0.2694,,906028454.0
1753507605520,05:26:45.520,bitmart,ALGO/USDT:USDT,0.2689,2921.0,0.27,2943.0,0.2694,,906028464.0
1753507607526,05:26:47.526,bitmart,ALGO/USDT:USDT,0.2689,131177.0,0.27,2943.0,0.2694,,906028464.0
1753507608605,05:26:48.605,bitmart,ALGO/USDT:USDT,0.2689,131177.0,0.27,2943.0,0.2694,,906028474.0
1753507610613,05:26:50.613,bitmart,ALGO/USDT:USDT,0.2689,903620.0,0.2701,53335.0,0.2694,,906028474.0
1753507611624,05:26:51.624,bitmart,ALGO/USDT:USDT,0.2689,903620.0,0.2701,53335.0,0.2696,,906053946.0
1753507613618,05:26:53.618,bitmart,ALGO/USDT:USDT,0.2689,775364.0,0.2701,53335.0,0.2697,,906073058.0
1753507615542,05:26:55.542,bitmart,ALGO/USDT:USDT,0.2689,775364.0,0.2701,53335.0,0.2696,,906073074.0
1753507617517,05:26:57.517,bitmart,ALGO/USDT:USDT,0.2689,903604.0,0.2701,53335.0,0.2697,,906073088.0
1753507618610,05:26:58.610,bitmart,ALGO/USDT:USDT,0.2689,903604.0,0.2701,53335.0,0.2696,,906073104.0
1753507621638,05:27:01.638,bitmart,ALGO/USDT:USDT,0.2689,903604.0,0.2701,53335.0,0.2696,,905956088.0
1753507622521,05:27:02.521,bitmart,ALGO/USDT:USDT,0.2689,903604.0,0.2701,53335.0,0.2696,,905956102.0
1753507623614,05:27:03.614,bitmart,ALGO/USDT:USDT,0.2689,903604.0,0.2701,53335.0,0.2696,,905956110.0
1753507625621,05:27:05.621,bitmart,ALGO/USDT:USDT,0.2689,903604.0,0.2701,53335.0,0.2695,,905956512.0
1753507626616,05:27:06.616,bitmart,ALGO/USDT:USDT,0.2689,903604.0,0.2701,53335.0,0.2696,,905956808.0
1753507627516,05:27:07.516,bitmart,ALGO/USDT:USDT,0.2689,903604.0,0.2701,53335.0,0.2696,,905956816.0
1753507628613,05:27:08.613,bitmart,ALGO/USDT:USDT,0.2689,903604.0,0.2701,53335.0,0.2696,,905956822.0
1753507630639,05:27:10.639,bitmart,ALGO/USDT:USDT,0.2691,50403.0,0.2701,53335.0,0.2696,,905956996.0
1753507631624,05:27:11.624,bitmart,ALGO/USDT:USDT,0.2691,50403.0,0.2701,53335.0,0.2696,,905957000.0
1753507634531,05:27:14.531,bitmart,ALGO/USDT:USDT,0.269,2921.0,0.2701,53335.0,0.2697,,905962586.0
1753507636506,05:27:16.506,bitmart,ALGO/USDT:USDT,0.269,2921.0,0.2701,53335.0,0.2696,,905962596.0
1753507640526,05:27:20.526,bitmart,ALGO/USDT:USDT,0.269,2921.0,0.2701,53335.0,0.2696,,905963462.0
1753507641508,05:27:21.508,bitmart,ALGO/USDT:USDT,0.269,2921.0,0.2701,53335.0,0.2696,,905963462.0
1753507642618,05:27:22.618,bitmart,ALGO/USDT:USDT,0.269,2921.0,0.2701,53335.0,0.2695,,905963472.0
1753507645617,05:27:25.617,bitmart,ALGO/USDT:USDT,0.269,2921.0,0.2701,53335.0,0.2695,,905963668.0
1753507646618,05:27:26.618,bitmart,ALGO/USDT:USDT,0.269,2921.0,0.2701,53335.0,0.2695,,905963668.0
1753507647630,05:27:27.630,bitmart,ALGO/USDT:USDT,0.269,2921.0,0.2701,53335.0,0.2696,,905963674.0
1753507648617,05:27:28.617,bitmart,ALGO/USDT:USDT,0.269,2921.0,0.2701,53335.0,0.2696,,905963682.0
1753507649609,05:27:29.609,bitmart,ALGO/USDT:USDT,0.269,2921.0,0.2701,53335.0,0.2695,,905963688.0
1753507651621,05:27:31.621,bitmart,ALGO/USDT:USDT,0.269,2921.0,0.2701,53335.0,0.2696,,905964092.0
1753507652619,05:27:32.619,bitmart,ALGO/USDT:USDT,0.269,2921.0,0.2701,53335.0,0.2696,,905964326.0
1753507653620,05:27:33.620,bitmart,ALGO/USDT:USDT,0.269,2921.0,0.2701,53335.0,0.2697,,905964334.0
1753507654618,05:27:34.618,bitmart,ALGO/USDT:USDT,0.269,2921.0,0.2701,53335.0,0.2697,,905964342.0
1753507655616,05:27:35.616,bitmart,ALGO/USDT:USDT,0.269,2921.0,0.2701,53335.0,0.2697,,905964342.0
1753507657529,05:27:37.529,bitmart,ALGO/USDT:USDT,0.269,2921.0,0.2701,53335.0,0.2696,,905964346.0
1753507659612,05:27:39.612,bitmart,ALGO/USDT:USDT,0.269,1048270.0,0.2702,131208.0,0.2697,,905964740.0
1753507660524,05:27:40.524,bitmart,ALGO/USDT:USDT,0.269,1048270.0,0.2702,131208.0,0.2697,,905965030.0
1753507661617,05:27:41.617,bitmart,ALGO/USDT:USDT,0.269,1048270.0,0.2702,131208.0,0.2696,,905965034.0
1753507662523,05:27:42.523,bitmart,ALGO/USDT:USDT,0.269,1048270.0,0.2702,2941.0,0.2698,,905965040.0
1753507663618,05:27:43.618,bitmart,ALGO/USDT:USDT,0.2691,575971.0,0.2703,977273.0,0.2697,,905965044.0
1753507664621,05:27:44.621,bitmart,ALGO/USDT:USDT,0.2693,2918.0,0.2703,977273.0,0.2697,,906016764.0
1753507666522,05:27:46.522,bitmart,ALGO/USDT:USDT,0.2693,2918.0,0.2703,977273.0,0.2698,,906016772.0
1753507667619,05:27:47.619,bitmart,ALGO/USDT:USDT,0.2693,2918.0,0.2703,977273.0,0.2697,,906016778.0
1753507668614,05:27:48.614,bitmart,ALGO/USDT:USDT,0.2693,2918.0,0.2703,977273.0,0.2697,,906016786.0
1753507669618,05:27:49.618,bitmart,ALGO/USDT:USDT,0.2693,2918.0,0.2703,977273.0,0.2698,,906016792.0
1753507670644,05:27:50.644,bitmart,ALGO/USDT:USDT,0.2693,2918.0,0.2703,977273.0,0.2697,,906016798.0
1753507671621,05:27:51.621,bitmart,ALGO/USDT:USDT,0.2693,2918.0,0.2703,977273.0,0.2697,,906016808.0
1753507673623,05:27:53.623,bitmart,ALGO/USDT:USDT,0.2693,2918.0,0.2703,977273.0,0.2697,,906017148.0
1753507674615,05:27:54.615,bitmart,ALGO/USDT:USDT,0.2693,2918.0,0.2703,977273.0,0.2698,,906017156.0
1753507675619,05:27:55.619,bitmart,ALGO/USDT:USDT,0.2693,2918.0,0.2703,977273.0,0.2697,,906017162.0
1753507676506,05:27:56.506,bitmart,ALGO/USDT:USDT,0.2693,2918.0,0.2703,977273.0,0.2697,,906017162.0
1753507677615,05:27:57.615,bitmart,ALGO/USDT:USDT,0.2693,2918.0,0.2703,977273.0,0.2697,,906017468.0
1753507679625,05:27:59.625,bitmart,ALGO/USDT:USDT,0.2693,2918.0,0.2703,977273.0,0.2696,,906017704.0
1753507680624,05:28:00.624,bitmart,ALGO/USDT:USDT,0.2693,2918.0,0.2703,977273.0,0.2696,,905811128.0
1753507681524,05:28:01.524,bitmart,ALGO/USDT:USDT,0.2693,2918.0,0.2703,977273.0,0.2696,,905811292.0
1753507682529,05:28:02.529,bitmart,ALGO/USDT:USDT,0.2693,2918.0,0.2703,977273.0,0.2696,,905837192.0
1753507683620,05:28:03.620,bitmart,ALGO/USDT:USDT,0.2693,2918.0,0.2703,977273.0,0.2697,,905837200.0
1753507685605,05:28:05.605,bitmart,ALGO/USDT:USDT,0.2693,2918.0,0.2703,977273.0,0.2698,,905837212.0
1753507687628,05:28:07.628,bitmart,ALGO/USDT:USDT,0.2693,2918.0,0.2703,1105406.0,0.2697,,905855896.0
1753507689610,05:28:09.610,bitmart,ALGO/USDT:USDT,0.2693,2918.0,0.2703,1105406.0,0.2696,,905855906.0
1753507693615,05:28:13.615,bitmart,ALGO/USDT:USDT,0.2693,2918.0,0.2703,1105406.0,0.2697,,905856108.0
1753507697620,05:28:17.620,bitmart,ALGO/USDT:USDT,0.2693,2918.0,0.2702,795218.0,0.2696,,905856128.0
1753507699617,05:28:19.617,bitmart,ALGO/USDT:USDT,0.2693,2918.0,0.2702,923384.0,0.2697,,905856132.0
1753507700524,05:28:20.524,bitmart,ALGO/USDT:USDT,0.2693,2918.0,0.2702,923384.0,0.2696,,905871588.0
1753507703618,05:28:23.618,bitmart,ALGO/USDT:USDT,0.2691,2920.0,0.2701,859298.0,0.2694,,905960296.0
1753507704524,05:28:24.524,bitmart,ALGO/USDT:USDT,0.2691,2920.0,0.2701,859298.0,0.2694,,905960296.0
1753507705617,05:28:25.617,bitmart,ALGO/USDT:USDT,0.2691,2920.0,0.27,50394.0,0.2695,,905960304.0
1753507706520,05:28:26.520,bitmart,ALGO/USDT:USDT,0.2691,2920.0,0.27,50394.0,0.2694,,905960310.0
1753507707529,05:28:27.529,bitmart,ALGO/USDT:USDT,0.2691,2920.0,0.27,50394.0,0.2694,,905960316.0
1753507708519,05:28:28.519,bitmart,ALGO/USDT:USDT,0.2691,2920.0,0.27,50394.0,0.2693,,905960324.0
1753507709637,05:28:29.637,bitmart,ALGO/USDT:USDT,0.2691,2920.0,0.27,50394.0,0.2693,,905960330.0
1753507711616,05:28:31.616,bitmart,ALGO/USDT:USDT,0.2691,2920.0,0.27,50394.0,0.2694,,906007874.0
1753507712520,05:28:32.520,bitmart,ALGO/USDT:USDT,0.2691,2920.0,0.27,50394.0,0.2695,,906007880.0
1753507715620,05:28:35.620,bitmart,ALGO/USDT:USDT,0.2691,2920.0,0.27,50394.0,0.2694,,906007898.0
1753507716521,05:28:36.521,bitmart,ALGO/USDT:USDT,0.2691,2920.0,0.27,50394.0,0.2694,,906007898.0
1753507717520,05:28:37.520,bitmart,ALGO/USDT:USDT,0.2691,2920.0,0.27,50394.0,0.2693,,906007904.0
1753507718523,05:28:38.523,bitmart,ALGO/USDT:USDT,0.2691,2920.0,0.27,50394.0,0.2693,,906007904.0
1753507719614,05:28:39.614,bitmart,ALGO/USDT:USDT,0.2691,2920.0,0.27,50394.0,0.2694,,906007912.0
1753507720515,05:28:40.515,bitmart,ALGO/USDT:USDT,0.2691,2920.0,0.27,50394.0,0.2694,,906007918.0
1753507722618,05:28:42.618,bitmart,ALGO/USDT:USDT,0.2691,2920.0,0.2701,859298.0,0.2696,,906007926.0
1753507725511,05:28:45.511,bitmart,ALGO/USDT:USDT,0.2691,2920.0,0.2701,859298.0,0.2696,,906027880.0
1753507726624,05:28:46.624,bitmart,ALGO/USDT:USDT,0.2691,2920.0,0.2701,859298.0,0.2697,,906029684.0
1753507728619,05:28:48.619,bitmart,ALGO/USDT:USDT,0.2691,2920.0,0.2701,2941.0,0.2696,,906029694.0
1753507729515,05:28:49.515,bitmart,ALGO/USDT:USDT,0.2691,2920.0,0.2701,2941.0,0.2697,,906029700.0
1753507730513,05:28:50.513,bitmart,ALGO/USDT:USDT,0.2691,2920.0,0.2701,2941.0,0.2697,,906029708.0
1753507731622,05:28:51.622,bitmart,ALGO/USDT:USDT,0.2691,2920.0,0.2701,2941.0,0.2696,,906029716.0
1753507734561,05:28:54.561,bitmart,ALGO/USDT:USDT,0.2691,2920.0,0.2701,2941.0,0.2696,,906035742.0
1753507735530,05:28:55.530,bitmart,ALGO/USDT:USDT,0.2691,2920.0,0.2701,2941.0,0.2696,,906035742.0
1753507736624,05:28:56.624,bitmart,ALGO/USDT:USDT,0.2691,2920.0,0.2701,2941.0,0.2695,,906035750.0
1753507737614,05:28:57.614,bitmart,ALGO/USDT:USDT,0.2691,2920.0,0.2701,2941.0,0.2695,,906035758.0
1753507738524,05:28:58.524,bitmart,ALGO/USDT:USDT,0.2691,2920.0,0.2701,2941.0,0.2696,,906035764.0
