timestamp,time,exchange,symbol,bid,bidVolume,ask,askVolume,lastPrice,baseVolume,quoteVolume
1753504795260,04:39:55.260,bitmart,ADA/USDT:USDT,0.8269,21547.0,0.827,18822.0,0.8269,,156087810.0
1753504796201,04:39:56.201,bitmart,ADA/USDT:USDT,0.8269,26616.0,0.827,22799.0,0.8269,,156087974.0
1753504797247,04:39:57.247,bitmart,ADA/USDT:USDT,0.8269,26616.0,0.827,15862.0,0.8269,,156088256.0
1753504798195,04:39:58.195,bitmart,ADA/USDT:USDT,0.8269,26616.0,0.827,7442.0,0.8269,,156088490.0
1753504799287,04:39:59.287,bitmart,ADA/USDT:USDT,0.8269,26616.0,0.827,23480.0,0.8269,,156088942.0
1753504800178,04:40:00.178,bitmart,ADA/USDT:USDT,0.8269,26616.0,0.827,23480.0,0.827,,156089230.0
1753504801180,04:40:01.180,bitmart,ADA/USDT:USDT,0.8269,24657.0,0.827,25748.0,0.8269,,155993178.0
1753504802259,04:40:02.259,bitmart,ADA/USDT:USDT,0.8269,24657.0,0.827,25748.0,0.827,,155993558.0
1753504803161,04:40:03.161,bitmart,ADA/USDT:USDT,0.8269,25021.0,0.827,26848.0,0.827,,155993724.0
1753504804250,04:40:04.250,bitmart,ADA/USDT:USDT,0.8269,4291.0,0.827,26848.0,0.8269,,155993882.0
1753504805216,04:40:05.216,bitmart,ADA/USDT:USDT,0.8268,9367.0,0.8269,21893.0,0.8269,,155993882.0
1753504806170,04:40:06.170,bitmart,ADA/USDT:USDT,0.8268,8284.0,0.8269,21893.0,0.8268,,155994680.0
1753504807208,04:40:07.208,bitmart,ADA/USDT:USDT,0.8268,16372.0,0.8269,29888.0,0.8268,,155994870.0
1753504808185,04:40:08.185,bitmart,ADA/USDT:USDT,0.8268,14153.0,0.8269,21983.0,0.8269,,155995100.0
1753504809215,04:40:09.215,bitmart,ADA/USDT:USDT,0.8268,19873.0,0.8269,28290.0,0.8268,,155995264.0
1753504810165,04:40:10.165,bitmart,ADA/USDT:USDT,0.8268,26456.0,0.8269,2950.0,0.8268,,155995464.0
1753504811200,04:40:11.200,bitmart,ADA/USDT:USDT,0.8268,5432.0,0.8269,4619.0,0.8268,,155995688.0
1753504812190,04:40:12.190,bitmart,ADA/USDT:USDT,0.8268,23410.0,0.8269,4619.0,0.8268,,155995688.0
1753504813224,04:40:13.224,bitmart,ADA/USDT:USDT,0.8268,23410.0,0.8269,4151.0,0.8269,,155995978.0
1753504814233,04:40:14.233,bitmart,ADA/USDT:USDT,0.8268,23410.0,0.8269,13633.0,0.8268,,155996258.0
1753504815201,04:40:15.201,bitmart,ADA/USDT:USDT,0.8268,23410.0,0.8269,2578.0,0.8268,,155996400.0
1753504816246,04:40:16.246,bitmart,ADA/USDT:USDT,0.8268,23410.0,0.8269,2578.0,0.8268,,155996600.0
1753504817270,04:40:17.270,bitmart,ADA/USDT:USDT,0.8271,26305.0,0.8272,22477.0,0.8272,,155997930.0
1753504818239,04:40:18.239,bitmart,ADA/USDT:USDT,0.8271,20504.0,0.8272,22477.0,0.8272,,155997930.0
1753504819232,04:40:19.232,bitmart,ADA/USDT:USDT,0.8271,19179.0,0.8272,26252.0,0.8271,,155998270.0
1753504820147,04:40:20.147,bitmart,ADA/USDT:USDT,0.8271,19179.0,0.8272,26252.0,0.8271,,155998270.0
1753504821195,04:40:21.195,bitmart,ADA/USDT:USDT,0.8271,9046.0,0.8272,25469.0,0.8272,,155998444.0
1753504822247,04:40:22.247,bitmart,ADA/USDT:USDT,0.8271,9046.0,0.8272,16768.0,0.8272,,155998574.0
1753504823233,04:40:23.233,bitmart,ADA/USDT:USDT,0.8271,9046.0,0.8272,16768.0,0.8272,,155998574.0
1753504824194,04:40:24.194,bitmart,ADA/USDT:USDT,0.827,9679.0,0.8271,21948.0,0.8271,,155998762.0
1753504825259,04:40:25.259,bitmart,ADA/USDT:USDT,0.827,3542.0,0.8271,21948.0,0.827,,156000640.0
1753504826502,04:40:26.502,bitmart,ADA/USDT:USDT,0.8269,8558.0,0.827,27035.0,0.827,,156000770.0
1753504827248,04:40:27.248,bitmart,ADA/USDT:USDT,0.8268,3661.0,0.827,27035.0,0.8269,,156000954.0
1753504828281,04:40:28.281,bitmart,ADA/USDT:USDT,0.8268,24588.0,0.8269,26052.0,0.8268,,156001076.0
1753504829246,04:40:29.246,bitmart,ADA/USDT:USDT,0.8268,25474.0,0.8269,23701.0,0.8268,,156001222.0
1753504830194,04:40:30.194,bitmart,ADA/USDT:USDT,0.8268,25474.0,0.8269,23701.0,0.8268,,156001376.0
1753504831217,04:40:31.217,bitmart,ADA/USDT:USDT,0.8268,25737.0,0.8269,567.0,0.8268,,156001376.0
1753504832251,04:40:32.251,bitmart,ADA/USDT:USDT,0.8268,31541.0,0.827,13202.0,0.8269,,156001528.0
1753504833258,04:40:33.258,bitmart,ADA/USDT:USDT,0.8268,26611.0,0.8269,8627.0,0.8268,,156001744.0
1753504834276,04:40:34.276,bitmart,ADA/USDT:USDT,0.8268,26611.0,0.8269,20007.0,0.8268,,156002998.0
1753504835159,04:40:35.159,bitmart,ADA/USDT:USDT,0.8268,26611.0,0.8269,20007.0,0.8268,,156002998.0
1753504836192,04:40:36.192,bitmart,ADA/USDT:USDT,0.8268,26611.0,0.8269,22987.0,0.8268,,156003536.0
1753504837231,04:40:37.231,bitmart,ADA/USDT:USDT,0.8268,21899.0,0.8269,22154.0,0.8269,,156003762.0
1753504838190,04:40:38.190,bitmart,ADA/USDT:USDT,0.8265,8798.0,0.8269,8317.0,0.8268,,156003984.0
1753504839145,04:40:39.145,bitmart,ADA/USDT:USDT,0.8265,21799.0,0.8266,7212.0,0.8266,,156014420.0
1753504840188,04:40:40.188,bitmart,ADA/USDT:USDT,0.8264,9008.0,0.8265,25736.0,0.8265,,156015932.0
1753504841238,04:40:41.238,bitmart,ADA/USDT:USDT,0.8263,22096.0,0.8264,7164.0,0.8265,,156016998.0
1753504842190,04:40:42.190,bitmart,ADA/USDT:USDT,0.8263,22143.0,0.8264,6272.0,0.8263,,156017126.0
1753504843247,04:40:43.247,bitmart,ADA/USDT:USDT,0.8261,22609.0,0.8264,23577.0,0.8263,,156017998.0
1753504844249,04:40:44.249,bitmart,ADA/USDT:USDT,0.8262,22098.0,0.8264,3729.0,0.8262,,156019318.0
1753504845156,04:40:45.156,bitmart,ADA/USDT:USDT,0.8263,22840.0,0.8264,11902.0,0.8264,,156020144.0
1753504846262,04:40:46.262,bitmart,ADA/USDT:USDT,0.8263,22840.0,0.8264,21410.0,0.8263,,156020280.0
1753504847245,04:40:47.245,bitmart,ADA/USDT:USDT,0.8263,19598.0,0.8264,22263.0,0.8264,,156020460.0
1753504848246,04:40:48.246,bitmart,ADA/USDT:USDT,0.8262,3730.0,0.8263,24036.0,0.8263,,156022002.0
1753504849257,04:40:49.257,bitmart,ADA/USDT:USDT,0.8262,3249.0,0.8263,24036.0,0.8263,,156022002.0
1753504850248,04:40:50.248,bitmart,ADA/USDT:USDT,0.8262,3249.0,0.8263,24036.0,0.8262,,156022404.0
1753504851245,04:40:51.245,bitmart,ADA/USDT:USDT,0.8262,13156.0,0.8263,26965.0,0.8262,,156022404.0
1753504852247,04:40:52.247,bitmart,ADA/USDT:USDT,0.8262,3748.0,0.8263,26965.0,0.8262,,156022404.0
1753504853196,04:40:53.196,bitmart,ADA/USDT:USDT,0.8262,11511.0,0.8263,26965.0,0.8263,,156022584.0
1753504854158,04:40:54.158,bitmart,ADA/USDT:USDT,0.8262,11511.0,0.8263,15610.0,0.8263,,156022584.0
1753504855204,04:40:55.204,bitmart,ADA/USDT:USDT,0.8262,5858.0,0.8263,7605.0,0.8263,,156022788.0
1753504856245,04:40:56.245,bitmart,ADA/USDT:USDT,0.8262,22853.0,0.8263,7605.0,0.8263,,156023004.0
1753504857235,04:40:57.235,bitmart,ADA/USDT:USDT,0.8262,22853.0,0.8263,16260.0,0.8263,,156023004.0
1753504858260,04:40:58.260,bitmart,ADA/USDT:USDT,0.8262,7525.0,0.8263,6182.0,0.8262,,156023412.0
1753504859166,04:40:59.166,bitmart,ADA/USDT:USDT,0.8262,15905.0,0.8263,24795.0,0.8262,,156023760.0
1753504860251,04:41:00.251,bitmart,ADA/USDT:USDT,0.8262,12871.0,0.8263,21671.0,0.8262,,155872784.0
1753504861261,04:41:01.261,bitmart,ADA/USDT:USDT,0.8262,19874.0,0.8263,28119.0,0.8262,,155873146.0
1753504862251,04:41:02.251,bitmart,ADA/USDT:USDT,0.8262,15453.0,0.8263,26869.0,0.8263,,155873540.0
1753504863222,04:41:03.222,bitmart,ADA/USDT:USDT,0.8262,8515.0,0.8263,22928.0,0.8262,,155873726.0
1753504864256,04:41:04.256,bitmart,ADA/USDT:USDT,0.8262,21193.0,0.8263,22928.0,0.8263,,155873936.0
1753504865214,04:41:05.214,bitmart,ADA/USDT:USDT,0.8263,14175.0,0.8264,24184.0,0.8263,,155873936.0
1753504866191,04:41:06.191,bitmart,ADA/USDT:USDT,0.8263,22804.0,0.8264,3152.0,0.8263,,155882624.0
1753504867187,04:41:07.187,bitmart,ADA/USDT:USDT,0.8263,22804.0,0.8264,15106.0,0.8264,,155882810.0
1753504868259,04:41:08.259,bitmart,ADA/USDT:USDT,0.8263,22804.0,0.8264,15106.0,0.8263,,155883024.0
1753504869231,04:41:09.231,bitmart,ADA/USDT:USDT,0.8263,22479.0,0.8264,17918.0,0.8264,,155883196.0
1753504870274,04:41:10.274,bitmart,ADA/USDT:USDT,0.8263,23564.0,0.8264,19458.0,0.8263,,155883400.0
1753504871243,04:41:11.243,bitmart,ADA/USDT:USDT,0.8262,13316.0,0.8263,24508.0,0.8263,,155883574.0
1753504872261,04:41:12.261,bitmart,ADA/USDT:USDT,0.8262,22733.0,0.8263,14337.0,0.8263,,155883734.0
1753504873205,04:41:13.205,bitmart,ADA/USDT:USDT,0.8262,22733.0,0.8263,14337.0,0.8263,,155883734.0
1753504874257,04:41:14.257,bitmart,ADA/USDT:USDT,0.8262,23447.0,0.8263,14551.0,0.8263,,155885378.0
1753504875234,04:41:15.234,bitmart,ADA/USDT:USDT,0.8261,24572.0,0.8263,24815.0,0.8262,,155885504.0
1753504876148,04:41:16.148,bitmart,ADA/USDT:USDT,0.8261,24572.0,0.8262,15325.0,0.8262,,155885504.0
1753504877233,04:41:17.233,bitmart,ADA/USDT:USDT,0.8262,22325.0,0.8263,11881.0,0.8262,,155885854.0
1753504878233,04:41:18.233,bitmart,ADA/USDT:USDT,0.8262,22325.0,0.8263,11881.0,0.8262,,155885996.0
1753504879202,04:41:19.202,bitmart,ADA/USDT:USDT,0.8262,22326.0,0.8263,5907.0,0.8263,,155886142.0
1753504880245,04:41:20.245,bitmart,ADA/USDT:USDT,0.8262,21318.0,0.8263,7776.0,0.8263,,155886142.0
1753504881250,04:41:21.250,bitmart,ADA/USDT:USDT,0.8262,21318.0,0.8263,7776.0,0.8262,,155886352.0
1753504882195,04:41:22.195,bitmart,ADA/USDT:USDT,0.8262,21571.0,0.8263,1849.0,0.8262,,155886506.0
1753504883227,04:41:23.227,bitmart,ADA/USDT:USDT,0.8262,21571.0,0.8263,4630.0,0.8262,,155886660.0
1753504884187,04:41:24.187,bitmart,ADA/USDT:USDT,0.8262,21571.0,0.8263,4630.0,0.8263,,155886818.0
1753504885251,04:41:25.251,bitmart,ADA/USDT:USDT,0.8262,27167.0,0.8263,5493.0,0.8263,,155886962.0
1753504886194,04:41:26.194,bitmart,ADA/USDT:USDT,0.8262,16776.0,0.8263,24156.0,0.8263,,155886962.0
1753504887209,04:41:27.209,bitmart,ADA/USDT:USDT,0.8262,12483.0,0.8263,24156.0,0.8262,,155887088.0
1753504888186,04:41:28.186,bitmart,ADA/USDT:USDT,0.8261,18285.0,0.8262,26980.0,0.8263,,155887560.0
1753504889198,04:41:29.198,bitmart,ADA/USDT:USDT,0.8261,18285.0,0.8262,10273.0,0.8262,,155887684.0
1753504890184,04:41:30.184,bitmart,ADA/USDT:USDT,0.8262,26701.0,0.8263,11083.0,0.8262,,155887970.0
1753504891270,04:41:31.270,bitmart,ADA/USDT:USDT,0.8262,10066.0,0.8263,9646.0,0.8262,,155888174.0
1753504892249,04:41:32.249,bitmart,ADA/USDT:USDT,0.8262,10066.0,0.8263,20858.0,0.8262,,155888392.0
1753504893255,04:41:33.255,bitmart,ADA/USDT:USDT,0.8262,17806.0,0.8263,14967.0,0.8263,,155888532.0
1753504894191,04:41:34.191,bitmart,ADA/USDT:USDT,0.8262,17806.0,0.8263,2694.0,0.8262,,155888734.0
1753504895254,04:41:35.254,bitmart,ADA/USDT:USDT,0.8262,18883.0,0.8263,24047.0,0.8262,,155888908.0
1753504896181,04:41:36.181,bitmart,ADA/USDT:USDT,0.8261,1337.0,0.8262,21983.0,0.8262,,155889096.0
1753504897199,04:41:37.199,bitmart,ADA/USDT:USDT,0.8261,4357.0,0.8262,21983.0,0.8262,,155889096.0
1753504898233,04:41:38.233,bitmart,ADA/USDT:USDT,0.8261,26082.0,0.8262,21983.0,0.8261,,155889286.0
1753504899242,04:41:39.242,bitmart,ADA/USDT:USDT,0.8261,26082.0,0.8262,1969.0,0.8261,,155892038.0
1753504900257,04:41:40.257,bitmart,ADA/USDT:USDT,0.8262,25548.0,0.8263,26666.0,0.8261,,155892038.0
1753504901258,04:41:41.258,bitmart,ADA/USDT:USDT,0.8262,25548.0,0.8263,4596.0,0.8263,,155892186.0
1753504902190,04:41:42.190,bitmart,ADA/USDT:USDT,0.8262,25548.0,0.8263,9759.0,0.8262,,155892626.0
1753504903193,04:41:43.193,bitmart,ADA/USDT:USDT,0.8262,24080.0,0.8263,15126.0,0.8262,,155892864.0
1753504904242,04:41:44.242,bitmart,ADA/USDT:USDT,0.8262,13335.0,0.8263,15126.0,0.8263,,155893074.0
1753504905249,04:41:45.249,bitmart,ADA/USDT:USDT,0.8262,10146.0,0.8263,15126.0,0.8262,,155893208.0
1753504906246,04:41:46.246,bitmart,ADA/USDT:USDT,0.8262,10146.0,0.8263,15126.0,0.8263,,155893366.0
1753504907244,04:41:47.244,bitmart,ADA/USDT:USDT,0.8262,25304.0,0.8263,18240.0,0.8263,,155893366.0
1753504908256,04:41:48.256,bitmart,ADA/USDT:USDT,0.8262,6945.0,0.8263,25510.0,0.8262,,155893500.0
1753504909207,04:41:49.207,bitmart,ADA/USDT:USDT,0.8262,19038.0,0.8263,25510.0,0.8262,,155893680.0
1753504910256,04:41:50.256,bitmart,ADA/USDT:USDT,0.8262,19038.0,0.8263,10793.0,0.8262,,155893852.0
1753504911246,04:41:51.246,bitmart,ADA/USDT:USDT,0.8262,19038.0,0.8263,24855.0,0.8262,,155894126.0
1753504912260,04:41:52.260,bitmart,ADA/USDT:USDT,0.8262,19038.0,0.8263,16890.0,0.8262,,155894348.0
1753504913243,04:41:53.243,bitmart,ADA/USDT:USDT,0.8262,19038.0,0.8263,16890.0,0.8263,,155894548.0
1753504914178,04:41:54.178,bitmart,ADA/USDT:USDT,0.8262,10296.0,0.8263,21367.0,0.8263,,155894700.0
1753504915241,04:41:55.241,bitmart,ADA/USDT:USDT,0.8262,10296.0,0.8263,21367.0,0.8262,,155894850.0
1753504916190,04:41:56.190,bitmart,ADA/USDT:USDT,0.8262,16774.0,0.8263,11780.0,0.8262,,155895004.0
1753504917232,04:41:57.232,bitmart,ADA/USDT:USDT,0.8262,16774.0,0.8263,23984.0,0.8262,,155895216.0
1753504918205,04:41:58.205,bitmart,ADA/USDT:USDT,0.8262,8505.0,0.8263,6377.0,0.8263,,155895428.0
1753504919249,04:41:59.249,bitmart,ADA/USDT:USDT,0.8262,24310.0,0.8263,20996.0,0.8263,,155896036.0
1753504920176,04:42:00.176,bitmart,ADA/USDT:USDT,0.8262,15314.0,0.8263,21571.0,0.8262,,155896334.0
1753504921286,04:42:01.286,bitmart,ADA/USDT:USDT,0.8261,3687.0,0.8263,23894.0,0.8262,,155775374.0
1753504922249,04:42:02.249,bitmart,ADA/USDT:USDT,0.8262,17510.0,0.8263,3087.0,0.8262,,155775786.0
1753504923231,04:42:03.231,bitmart,ADA/USDT:USDT,0.8262,17510.0,0.8265,22684.0,0.8263,,155776306.0
1753504924257,04:42:04.257,bitmart,ADA/USDT:USDT,0.8262,21113.0,0.8265,22684.0,0.8265,,155776462.0
1753504925269,04:42:05.269,bitmart,ADA/USDT:USDT,0.8262,26702.0,0.8265,13170.0,0.8262,,155777170.0
1753504926176,04:42:06.176,bitmart,ADA/USDT:USDT,0.8264,24435.0,0.8265,1463.0,0.8265,,155783178.0
1753504927258,04:42:07.258,bitmart,ADA/USDT:USDT,0.8266,8487.0,0.8267,24438.0,0.8267,,155784248.0
1753504928245,04:42:08.245,bitmart,ADA/USDT:USDT,0.8266,7115.0,0.8267,24438.0,0.8267,,155784248.0
1753504929244,04:42:09.244,bitmart,ADA/USDT:USDT,0.8266,22726.0,0.8267,771.0,0.8266,,155784402.0
1753504930262,04:42:10.262,bitmart,ADA/USDT:USDT,0.8266,22726.0,0.8267,771.0,0.8267,,155787936.0
1753504931185,04:42:11.185,bitmart,ADA/USDT:USDT,0.8266,22423.0,0.8267,1542.0,0.8267,,155788546.0
1753504932246,04:42:12.246,bitmart,ADA/USDT:USDT,0.8266,8166.0,0.8268,23275.0,0.8267,,155788762.0
1753504933192,04:42:13.192,bitmart,ADA/USDT:USDT,0.8267,27120.0,0.8268,11653.0,0.8268,,155789976.0
1753504934205,04:42:14.205,bitmart,ADA/USDT:USDT,0.8267,27120.0,0.8268,18696.0,0.8268,,155789976.0
1753504935239,04:42:15.239,bitmart,ADA/USDT:USDT,0.8267,3095.0,0.8268,18696.0,0.8267,,155790152.0
1753504936251,04:42:16.251,bitmart,ADA/USDT:USDT,0.8266,22543.0,0.8267,19835.0,0.8268,,155790302.0
1753504937158,04:42:17.158,bitmart,ADA/USDT:USDT,0.8266,22543.0,0.8268,23905.0,0.8267,,155790522.0
1753504938199,04:42:18.199,bitmart,ADA/USDT:USDT,0.8267,20220.0,0.8268,3614.0,0.8267,,155790644.0
1753504939265,04:42:19.265,bitmart,ADA/USDT:USDT,0.8267,23961.0,0.8268,3579.0,0.8268,,155790844.0
1753504940171,04:42:20.171,bitmart,ADA/USDT:USDT,0.8267,23961.0,0.8268,174.0,0.8267,,155791046.0
1753504941153,04:42:21.153,bitmart,ADA/USDT:USDT,0.8267,23961.0,0.8268,2979.0,0.8268,,155791288.0
1753504942199,04:42:22.199,bitmart,ADA/USDT:USDT,0.8267,23961.0,0.8268,204.0,0.8267,,155791508.0
1753504943247,04:42:23.247,bitmart,ADA/USDT:USDT,0.8268,9612.0,0.8269,16004.0,0.8269,,155791658.0
1753504944198,04:42:24.198,bitmart,ADA/USDT:USDT,0.8268,21846.0,0.8269,16004.0,0.8268,,155791884.0
1753504945222,04:42:25.222,bitmart,ADA/USDT:USDT,0.8268,21846.0,0.8269,18200.0,0.8268,,155791884.0
1753504946246,04:42:26.246,bitmart,ADA/USDT:USDT,0.8268,17392.0,0.8269,18200.0,0.8268,,155792026.0
1753504947148,04:42:27.148,bitmart,ADA/USDT:USDT,0.8268,7776.0,0.8269,18200.0,0.8268,,155792026.0
1753504948196,04:42:28.196,bitmart,ADA/USDT:USDT,0.8268,7206.0,0.8269,25207.0,0.8268,,155792222.0
1753504949224,04:42:29.224,bitmart,ADA/USDT:USDT,0.8268,573.0,0.8269,25207.0,0.8268,,155792374.0
1753504950196,04:42:30.196,bitmart,ADA/USDT:USDT,0.8268,4065.0,0.8269,25207.0,0.8268,,155792556.0
1753504951249,04:42:31.249,bitmart,ADA/USDT:USDT,0.8268,4533.0,0.8269,22072.0,0.8268,,155792720.0
1753504952193,04:42:32.193,bitmart,ADA/USDT:USDT,0.8268,10010.0,0.8269,29604.0,0.8269,,155792852.0
1753504953207,04:42:33.207,bitmart,ADA/USDT:USDT,0.8268,5477.0,0.8269,23204.0,0.8269,,155792852.0
1753504954192,04:42:34.192,bitmart,ADA/USDT:USDT,0.8268,6526.0,0.8269,21214.0,0.8268,,155793058.0
1753504955250,04:42:35.250,bitmart,ADA/USDT:USDT,0.8268,10705.0,0.8269,29834.0,0.8268,,155793298.0
1753504956204,04:42:36.204,bitmart,ADA/USDT:USDT,0.8268,4179.0,0.8269,25115.0,0.8269,,155793454.0
1753504957269,04:42:37.269,bitmart,ADA/USDT:USDT,0.8268,8261.0,0.8269,25115.0,0.8268,,155793670.0
1753504958184,04:42:38.184,bitmart,ADA/USDT:USDT,0.8267,12329.0,0.8268,23907.0,0.8268,,155793838.0
1753504959255,04:42:39.255,bitmart,ADA/USDT:USDT,0.8267,7148.0,0.8268,23907.0,0.8268,,155794054.0
1753504960238,04:42:40.238,bitmart,ADA/USDT:USDT,0.8267,489.0,0.8268,22395.0,0.8267,,155796446.0
1753504961195,04:42:41.195,bitmart,ADA/USDT:USDT,0.8266,12442.0,0.8267,25794.0,0.8267,,155797464.0
1753504962258,04:42:42.258,bitmart,ADA/USDT:USDT,0.8266,6425.0,0.8267,7049.0,0.8266,,155797654.0
1753504963268,04:42:43.268,bitmart,ADA/USDT:USDT,0.8266,21108.0,0.8267,256.0,0.8266,,155797882.0
1753504964190,04:42:44.190,bitmart,ADA/USDT:USDT,0.8267,21583.0,0.8268,4972.0,0.8266,,155798034.0
1753504965195,04:42:45.195,bitmart,ADA/USDT:USDT,0.8267,21583.0,0.8268,10704.0,0.8266,,155798034.0
1753504966257,04:42:46.257,bitmart,ADA/USDT:USDT,0.8267,21583.0,0.8268,552.0,0.8267,,155798186.0
1753504967155,04:42:47.155,bitmart,ADA/USDT:USDT,0.8267,25715.0,0.8268,487.0,0.8267,,155798186.0
1753504968234,04:42:48.234,bitmart,ADA/USDT:USDT,0.8267,25715.0,0.8269,3857.0,0.8268,,155798366.0
1753504969257,04:42:49.257,bitmart,ADA/USDT:USDT,0.8268,11342.0,0.8269,19320.0,0.8268,,155798528.0
1753504970183,04:42:50.183,bitmart,ADA/USDT:USDT,0.8268,16284.0,0.8269,7624.0,0.8268,,155798764.0
1753504971208,04:42:51.208,bitmart,ADA/USDT:USDT,0.8268,25901.0,0.8269,5467.0,0.8268,,155798944.0
1753504972238,04:42:52.238,bitmart,ADA/USDT:USDT,0.827,15258.0,0.8271,25244.0,0.8269,,155800408.0
1753504973220,04:42:53.220,bitmart,ADA/USDT:USDT,0.827,9698.0,0.8271,25244.0,0.827,,155800568.0
1753504974139,04:42:54.139,bitmart,ADA/USDT:USDT,0.827,16392.0,0.8271,31023.0,0.827,,155800568.0
1753504975283,04:42:55.283,bitmart,ADA/USDT:USDT,0.8268,12599.0,0.827,22304.0,0.8271,,155800710.0
1753504976207,04:42:56.207,bitmart,ADA/USDT:USDT,0.8268,12599.0,0.8269,22234.0,0.8269,,155801068.0
1753504977231,04:42:57.231,bitmart,ADA/USDT:USDT,0.8268,17857.0,0.8269,28797.0,0.8268,,155801380.0
1753504978229,04:42:58.229,bitmart,ADA/USDT:USDT,0.8268,21187.0,0.8269,3930.0,0.8268,,155801380.0
1753504979198,04:42:59.198,bitmart,ADA/USDT:USDT,0.8268,21187.0,0.8269,7581.0,0.8268,,155801676.0
1753504980216,04:43:00.216,bitmart,ADA/USDT:USDT,0.8268,21187.0,0.8269,7581.0,0.8268,,155802282.0
1753504981268,04:43:01.268,bitmart,ADA/USDT:USDT,0.8268,21187.0,0.8269,4614.0,0.8268,,155674606.0
1753504982251,04:43:02.251,bitmart,ADA/USDT:USDT,0.8268,24909.0,0.8269,8934.0,0.8268,,155675166.0
1753504983244,04:43:03.244,bitmart,ADA/USDT:USDT,0.8268,4865.0,0.8269,21760.0,0.8269,,155675372.0
1753504984227,04:43:04.227,bitmart,ADA/USDT:USDT,0.8267,1758.0,0.8268,26012.0,0.8269,,155675540.0
1753504985233,04:43:05.233,bitmart,ADA/USDT:USDT,0.8266,25495.0,0.8268,26012.0,0.8268,,155677178.0
1753504986252,04:43:06.252,bitmart,ADA/USDT:USDT,0.8266,25495.0,0.8267,1521.0,0.8267,,155677362.0
1753504987244,04:43:07.244,bitmart,ADA/USDT:USDT,0.8267,21580.0,0.8268,6192.0,0.8267,,155678490.0
1753504988250,04:43:08.250,bitmart,ADA/USDT:USDT,0.8267,21580.0,0.8268,3223.0,0.8267,,155678692.0
1753504989244,04:43:09.244,bitmart,ADA/USDT:USDT,0.8267,13499.0,0.8268,13112.0,0.8268,,155678854.0
1753504990250,04:43:10.250,bitmart,ADA/USDT:USDT,0.8267,13499.0,0.8268,4710.0,0.8268,,155678854.0
1753504991228,04:43:11.228,bitmart,ADA/USDT:USDT,0.8267,13499.0,0.8268,5363.0,0.8268,,155679016.0
1753504992249,04:43:12.249,bitmart,ADA/USDT:USDT,0.8267,13499.0,0.8268,5615.0,0.8267,,155679186.0
1753504993254,04:43:13.254,bitmart,ADA/USDT:USDT,0.8267,13499.0,0.8268,9798.0,0.8267,,155679186.0
1753504994252,04:43:14.252,bitmart,ADA/USDT:USDT,0.8267,13499.0,0.8268,7010.0,0.8267,,155679416.0
1753504995211,04:43:15.211,bitmart,ADA/USDT:USDT,0.8267,13499.0,0.8268,1401.0,0.8267,,155679640.0
1753504996205,04:43:16.205,bitmart,ADA/USDT:USDT,0.8267,23946.0,0.8268,2061.0,0.8268,,155679880.0
1753504997256,04:43:17.256,bitmart,ADA/USDT:USDT,0.8267,23946.0,0.8268,1148.0,0.8268,,155680008.0
1753504998242,04:43:18.242,bitmart,ADA/USDT:USDT,0.8267,23946.0,0.8268,4203.0,0.8268,,155680156.0
1753504999222,04:43:19.222,bitmart,ADA/USDT:USDT,0.8268,22625.0,0.827,13299.0,0.8267,,155680310.0
1753505000255,04:43:20.255,bitmart,ADA/USDT:USDT,0.8269,5609.0,0.827,21956.0,0.8269,,155680666.0
1753505001160,04:43:21.160,bitmart,ADA/USDT:USDT,0.8268,4298.0,0.827,21956.0,0.8269,,155680896.0
1753505002257,04:43:22.257,bitmart,ADA/USDT:USDT,0.8268,17448.0,0.8269,25403.0,0.8268,,155681022.0
1753505003174,04:43:23.174,bitmart,ADA/USDT:USDT,0.8268,25560.0,0.8269,32430.0,0.8268,,155681164.0
1753505004193,04:43:24.193,bitmart,ADA/USDT:USDT,0.8268,17750.0,0.8269,10179.0,0.8269,,155681470.0
1753505005233,04:43:25.233,bitmart,ADA/USDT:USDT,0.8268,11323.0,0.8269,10179.0,0.8268,,155682874.0
1753505006201,04:43:26.201,bitmart,ADA/USDT:USDT,0.8268,24642.0,0.8269,13377.0,0.8269,,155683086.0
1753505007176,04:43:27.176,bitmart,ADA/USDT:USDT,0.8268,15407.0,0.8269,13377.0,0.8268,,155683264.0
1753505008206,04:43:28.206,bitmart,ADA/USDT:USDT,0.8268,23480.0,0.8269,20218.0,0.8268,,155683454.0
1753505009226,04:43:29.226,bitmart,ADA/USDT:USDT,0.8268,21309.0,0.8269,1433.0,0.8269,,155683604.0
1753505010198,04:43:30.198,bitmart,ADA/USDT:USDT,0.8268,21309.0,0.827,11871.0,0.8269,,155683806.0
1753505011230,04:43:31.230,bitmart,ADA/USDT:USDT,0.8269,21209.0,0.827,11871.0,0.8269,,155683988.0
1753505012190,04:43:32.190,bitmart,ADA/USDT:USDT,0.8269,21209.0,0.827,19199.0,0.8269,,155683988.0
1753505013201,04:43:33.201,bitmart,ADA/USDT:USDT,0.8269,29390.0,0.827,27072.0,0.827,,155684194.0
1753505014247,04:43:34.247,bitmart,ADA/USDT:USDT,0.8268,10233.0,0.827,25638.0,0.8269,,155684822.0
1753505015289,04:43:35.289,bitmart,ADA/USDT:USDT,0.8268,10233.0,0.8269,22240.0,0.8268,,155685124.0
1753505016237,04:43:36.237,bitmart,ADA/USDT:USDT,0.8268,16183.0,0.8269,6056.0,0.8268,,155687334.0
1753505017234,04:43:37.234,bitmart,ADA/USDT:USDT,0.8268,11461.0,0.8269,19557.0,0.8268,,155687572.0
1753505018262,04:43:38.262,bitmart,ADA/USDT:USDT,0.8268,11461.0,0.8269,19557.0,0.8269,,155687754.0
1753505019217,04:43:39.217,bitmart,ADA/USDT:USDT,0.8268,4435.0,0.8269,19663.0,0.8269,,155687754.0
1753505020186,04:43:40.186,bitmart,ADA/USDT:USDT,0.8267,4057.0,0.8269,19663.0,0.8268,,155687962.0
1753505021164,04:43:41.164,bitmart,ADA/USDT:USDT,0.8267,13288.0,0.8268,22920.0,0.8267,,155688136.0
1753505022241,04:43:42.241,bitmart,ADA/USDT:USDT,0.8267,7041.0,0.8268,22920.0,0.8267,,155688270.0
1753505023177,04:43:43.177,bitmart,ADA/USDT:USDT,0.8267,7041.0,0.8268,22920.0,0.8267,,155688270.0
1753505024242,04:43:44.242,bitmart,ADA/USDT:USDT,0.8267,16399.0,0.8268,18532.0,0.8268,,155688402.0
1753505025233,04:43:45.233,bitmart,ADA/USDT:USDT,0.8267,22906.0,0.8268,24948.0,0.8267,,155688626.0
1753505026194,04:43:46.194,bitmart,ADA/USDT:USDT,0.8267,14735.0,0.8268,15296.0,0.8268,,155688798.0
1753505027230,04:43:47.230,bitmart,ADA/USDT:USDT,0.8267,26767.0,0.8268,1268.0,0.8268,,155688798.0
1753505028256,04:43:48.256,bitmart,ADA/USDT:USDT,0.8267,26767.0,0.8268,1268.0,0.8267,,155689034.0
1753505029261,04:43:49.261,bitmart,ADA/USDT:USDT,0.8267,26767.0,0.8268,8735.0,0.8268,,155689296.0
1753505030214,04:43:50.214,bitmart,ADA/USDT:USDT,0.8267,26767.0,0.8268,5424.0,0.8267,,155689440.0
1753505031205,04:43:51.205,bitmart,ADA/USDT:USDT,0.8267,26767.0,0.8268,5839.0,0.8268,,155689572.0
1753505032250,04:43:52.250,bitmart,ADA/USDT:USDT,0.8267,26767.0,0.8268,5839.0,0.8267,,155689718.0
1753505033256,04:43:53.256,bitmart,ADA/USDT:USDT,0.8267,14745.0,0.8268,13627.0,0.8267,,155689842.0
1753505034256,04:43:54.256,bitmart,ADA/USDT:USDT,0.8267,16916.0,0.8268,7946.0,0.8268,,155690034.0
1753505035194,04:43:55.194,bitmart,ADA/USDT:USDT,0.8267,16916.0,0.8268,2994.0,0.8268,,155690034.0
1753505036247,04:43:56.247,bitmart,ADA/USDT:USDT,0.8267,16916.0,0.8268,24726.0,0.8267,,155690424.0
1753505037258,04:43:57.258,bitmart,ADA/USDT:USDT,0.8267,18901.0,0.8268,20994.0,0.8267,,155690630.0
1753505038245,04:43:58.245,bitmart,ADA/USDT:USDT,0.8267,18901.0,0.8268,20994.0,0.8268,,155690840.0
1753505039246,04:43:59.246,bitmart,ADA/USDT:USDT,0.8267,2239.0,0.8268,20994.0,0.8267,,155691166.0
1753505040259,04:44:00.259,bitmart,ADA/USDT:USDT,0.8267,9992.0,0.8268,20994.0,0.8267,,155473872.0
1753505041248,04:44:01.248,bitmart,ADA/USDT:USDT,0.8267,20499.0,0.8268,20994.0,0.8268,,155474308.0
1753505042251,04:44:02.251,bitmart,ADA/USDT:USDT,0.8267,14908.0,0.8268,8606.0,0.8267,,155474658.0
1753505043243,04:44:03.243,bitmart,ADA/USDT:USDT,0.8267,14908.0,0.8268,24605.0,0.8268,,155474796.0
1753505044245,04:44:04.245,bitmart,ADA/USDT:USDT,0.8267,14908.0,0.8268,10013.0,0.8268,,155474796.0
1753505045220,04:44:05.220,bitmart,ADA/USDT:USDT,0.8266,4287.0,0.8268,18140.0,0.8268,,155474990.0
1753505046151,04:44:06.151,bitmart,ADA/USDT:USDT,0.8266,9783.0,0.8267,23024.0,0.8268,,155474990.0
1753505047280,04:44:07.280,bitmart,ADA/USDT:USDT,0.8266,3927.0,0.8267,23024.0,0.8267,,155475750.0
1753505048188,04:44:08.188,bitmart,ADA/USDT:USDT,0.8265,8009.0,0.8267,23024.0,0.8266,,155475888.0
1753505049138,04:44:09.138,bitmart,ADA/USDT:USDT,0.8265,8009.0,0.8266,24721.0,0.8266,,155475888.0
1753505050276,04:44:10.276,bitmart,ADA/USDT:USDT,0.8265,24091.0,0.8266,24721.0,0.8265,,155476062.0
1753505051190,04:44:11.190,bitmart,ADA/USDT:USDT,0.8265,23983.0,0.8266,26523.0,0.8265,,155476192.0
1753505052143,04:44:12.143,bitmart,ADA/USDT:USDT,0.8265,23983.0,0.8266,26523.0,0.8265,,155476330.0
1753505053214,04:44:13.214,bitmart,ADA/USDT:USDT,0.8265,23199.0,0.8266,15717.0,0.8265,,155476502.0
1753505054243,04:44:14.243,bitmart,ADA/USDT:USDT,0.8266,14981.0,0.8268,19407.0,0.8265,,155476688.0
1753505055164,04:44:15.164,bitmart,ADA/USDT:USDT,0.8266,15233.0,0.8267,23660.0,0.8267,,155484556.0
1753505056240,04:44:16.240,bitmart,ADA/USDT:USDT,0.8266,16682.0,0.8267,22187.0,0.8266,,155484686.0
1753505057239,04:44:17.239,bitmart,ADA/USDT:USDT,0.8265,4520.0,0.8267,22187.0,0.8267,,155484842.0
1753505058158,04:44:18.158,bitmart,ADA/USDT:USDT,0.8264,25322.0,0.8266,24014.0,0.8267,,155484842.0
1753505059214,04:44:19.214,bitmart,ADA/USDT:USDT,0.8265,25027.0,0.8266,3837.0,0.8265,,155485030.0
1753505060194,04:44:20.194,bitmart,ADA/USDT:USDT,0.8265,25027.0,0.8266,3837.0,0.8265,,155485290.0
1753505061183,04:44:21.183,bitmart,ADA/USDT:USDT,0.8265,24201.0,0.8266,9642.0,0.8265,,155485484.0
1753505062200,04:44:22.200,bitmart,ADA/USDT:USDT,0.8265,15764.0,0.8266,1332.0,0.8265,,155485860.0
1753505063198,04:44:23.198,bitmart,ADA/USDT:USDT,0.8265,15764.0,0.8266,12351.0,0.8266,,155485990.0
1753505064141,04:44:24.141,bitmart,ADA/USDT:USDT,0.8265,15764.0,0.8266,4764.0,0.8266,,155485990.0
1753505065157,04:44:25.157,bitmart,ADA/USDT:USDT,0.8265,15764.0,0.8266,4594.0,0.8266,,155485990.0
1753505066184,04:44:26.184,bitmart,ADA/USDT:USDT,0.8265,15764.0,0.8266,9266.0,0.8265,,155486166.0
1753505067199,04:44:27.199,bitmart,ADA/USDT:USDT,0.8265,17953.0,0.8266,5748.0,0.8265,,155486328.0
1753505068213,04:44:28.213,bitmart,ADA/USDT:USDT,0.8265,24827.0,0.8266,3777.0,0.8265,,155486490.0
1753505069260,04:44:29.260,bitmart,ADA/USDT:USDT,0.8265,11705.0,0.8266,4663.0,0.8265,,155486628.0
1753505070162,04:44:30.162,bitmart,ADA/USDT:USDT,0.8265,11705.0,0.8266,4663.0,0.8266,,155486800.0
1753505071197,04:44:31.197,bitmart,ADA/USDT:USDT,0.8265,17375.0,0.8266,10157.0,0.8266,,155486938.0
1753505072240,04:44:32.240,bitmart,ADA/USDT:USDT,0.8265,17375.0,0.8266,10157.0,0.8266,,155487182.0
1753505073246,04:44:33.246,bitmart,ADA/USDT:USDT,0.8265,16955.0,0.8266,23150.0,0.8265,,155487338.0
1753505074244,04:44:34.244,bitmart,ADA/USDT:USDT,0.8265,13715.0,0.8266,23150.0,0.8265,,155487574.0
1753505075261,04:44:35.261,bitmart,ADA/USDT:USDT,0.8265,13715.0,0.8266,23150.0,0.8265,,155487720.0
1753505076192,04:44:36.192,bitmart,ADA/USDT:USDT,0.8265,23108.0,0.8266,15012.0,0.8265,,155487720.0
1753505077202,04:44:37.202,bitmart,ADA/USDT:USDT,0.8265,23108.0,0.8266,3874.0,0.8266,,155487846.0
1753505078245,04:44:38.245,bitmart,ADA/USDT:USDT,0.8265,13896.0,0.8266,10536.0,0.8266,,155488000.0
1753505079257,04:44:39.257,bitmart,ADA/USDT:USDT,0.8265,8408.0,0.8266,6441.0,0.8266,,155488144.0
1753505080252,04:44:40.252,bitmart,ADA/USDT:USDT,0.8265,16727.0,0.8266,6441.0,0.8266,,155488324.0
1753505081249,04:44:41.249,bitmart,ADA/USDT:USDT,0.8265,16727.0,0.8266,6374.0,0.8266,,155488462.0
1753505082193,04:44:42.193,bitmart,ADA/USDT:USDT,0.8265,16727.0,0.8266,13753.0,0.8266,,155488670.0
1753505083202,04:44:43.202,bitmart,ADA/USDT:USDT,0.8265,22344.0,0.8266,14038.0,0.8266,,155488860.0
