timestamp,time,exchange,symbol,bid,bidVolume,ask,askVolume,lastPrice,baseVolume,quoteVolume
1753504794595,04:39:54.595,bitmart,ACH/USDT:USDT,0.022332,23987.0,0.022408,8202.0,0.02237,,386108216.0
1753504794612,04:39:54.612,bitmart,ACH/USDT:USDT,0.022332,23987.0,0.022408,671.0,0.02237,,386108216.0
1753504795534,04:39:55.534,bitmart,ACH/USDT:USDT,0.022332,23987.0,0.022408,671.0,0.022371,,386114364.0
1753504796509,04:39:56.509,bitmart,ACH/USDT:USDT,0.022332,23987.0,0.022408,671.0,0.022371,,386114364.0
1753504797610,04:39:57.610,bitmart,ACH/USDT:USDT,0.022332,23987.0,0.022408,671.0,0.022372,,386120440.0
1753504799519,04:39:59.519,bitmart,ACH/USDT:USDT,0.022338,3122.0,0.022408,8182.0,0.022374,,386150208.0
1753504801633,04:40:01.633,bitmart,ACH/USDT:USDT,0.022338,4178.0,0.022408,6589.0,0.022373,,385918672.0
1753504802623,04:40:02.623,bitmart,ACH/USDT:USDT,0.022332,10832.0,0.022408,7902.0,0.022374,,385923694.0
1753504803507,04:40:03.507,bitmart,ACH/USDT:USDT,0.022332,10832.0,0.022408,7902.0,0.022374,,385923694.0
1753504804617,04:40:04.617,bitmart,ACH/USDT:USDT,0.022332,10832.0,0.022408,7902.0,0.022371,,385928932.0
1753504806605,04:40:06.605,bitmart,ACH/USDT:USDT,0.022332,10832.0,0.022405,5140.0,0.02237,,385934592.0
1753504808616,04:40:08.616,bitmart,ACH/USDT:USDT,0.022332,10832.0,0.022405,4322.0,0.022371,,385943416.0
1753504809600,04:40:09.600,bitmart,ACH/USDT:USDT,0.022332,10832.0,0.022408,1577.0,0.022371,,385943416.0
1753504811503,04:40:11.503,bitmart,ACH/USDT:USDT,0.022332,10832.0,0.022408,1577.0,0.02237,,385948892.0
1753504813599,04:40:13.599,bitmart,ACH/USDT:USDT,0.022332,10832.0,0.022408,1577.0,0.022371,,385957062.0
1753504814605,04:40:14.605,bitmart,ACH/USDT:USDT,0.022332,12209.0,0.022408,1111.0,0.02237,,385962650.0
1753504815515,04:40:15.515,bitmart,ACH/USDT:USDT,0.022332,12209.0,0.022408,1111.0,0.02237,,385962650.0
1753504816522,04:40:16.522,bitmart,ACH/USDT:USDT,0.022332,12209.0,0.022408,1111.0,0.022371,,385968502.0
1753504818511,04:40:18.511,bitmart,ACH/USDT:USDT,0.022332,12209.0,0.022408,1111.0,0.02237,,385975758.0
1753504820619,04:40:20.619,bitmart,ACH/USDT:USDT,0.022337,9127.0,0.022408,1111.0,0.022371,,385984692.0
1753504821539,04:40:21.539,bitmart,ACH/USDT:USDT,0.022337,13909.0,0.022408,1111.0,0.022371,,385984692.0
1753504823539,04:40:23.539,bitmart,ACH/USDT:USDT,0.022337,16419.0,0.022408,160.0,0.022372,,385993174.0
1753504824615,04:40:24.615,bitmart,ACH/USDT:USDT,0.022337,22388.0,0.022408,160.0,0.022372,,386000670.0
1753504825508,04:40:25.508,bitmart,ACH/USDT:USDT,0.022337,25609.0,0.022408,160.0,0.022372,,386000670.0
1753504827622,04:40:27.622,bitmart,ACH/USDT:USDT,0.022337,27436.0,0.022408,4744.0,0.022372,,386013116.0
1753504828508,04:40:28.508,bitmart,ACH/USDT:USDT,0.022337,27585.0,0.022408,4744.0,0.022372,,386013116.0
1753504830616,04:40:30.616,bitmart,ACH/USDT:USDT,0.022337,20200.0,0.022408,4744.0,0.022371,,386019910.0
1753504833504,04:40:33.504,bitmart,ACH/USDT:USDT,0.022338,14373.0,0.02241,574.0,0.022372,,386025480.0
1753504834610,04:40:34.610,bitmart,ACH/USDT:USDT,0.022338,14373.0,0.02241,609.0,0.022375,,386033022.0
1753504835512,04:40:35.512,bitmart,ACH/USDT:USDT,0.022338,14373.0,0.02241,7385.0,0.022375,,386033022.0
1753504837513,04:40:37.513,bitmart,ACH/USDT:USDT,0.022337,23700.0,0.022408,5224.0,0.022374,,386040462.0
1753504839541,04:40:39.541,bitmart,ACH/USDT:USDT,0.022337,8763.0,0.02241,5161.0,0.022373,,386047554.0
1753504840521,04:40:40.521,bitmart,ACH/USDT:USDT,0.022337,23637.0,0.022408,6610.0,0.022374,,386054678.0
1753504844603,04:40:44.603,bitmart,ACH/USDT:USDT,0.022332,873.0,0.022408,8230.0,0.022371,,386068180.0
1753504845520,04:40:45.520,bitmart,ACH/USDT:USDT,0.022332,8595.0,0.022405,336.0,0.022371,,386068180.0
1753504848615,04:40:48.615,bitmart,ACH/USDT:USDT,0.022332,8595.0,0.022405,436.0,0.022371,,386083304.0
1753504849509,04:40:49.509,bitmart,ACH/USDT:USDT,0.022332,8595.0,0.022405,478.0,0.022371,,386083304.0
1753504852594,04:40:52.594,bitmart,ACH/USDT:USDT,0.022338,4221.0,0.022408,1251.0,0.022373,,386094016.0
1753504855534,04:40:55.534,bitmart,ACH/USDT:USDT,0.022337,5093.0,0.02241,1611.0,0.022374,,386100474.0
1753504857516,04:40:57.516,bitmart,ACH/USDT:USDT,0.022339,4130.0,0.02241,1611.0,0.022373,,386107490.0
1753504858611,04:40:58.611,bitmart,ACH/USDT:USDT,0.022338,4413.0,0.022408,5667.0,0.022373,,386122644.0
1753504859524,04:40:59.524,bitmart,ACH/USDT:USDT,0.022338,4836.0,0.022408,7463.0,0.022373,,386137184.0
1753504861530,04:41:01.530,bitmart,ACH/USDT:USDT,0.022337,760.0,0.022408,8983.0,0.022373,,385908424.0
1753504862517,04:41:02.517,bitmart,ACH/USDT:USDT,0.022337,3952.0,0.022408,5271.0,0.022372,,385924760.0
1753504863611,04:41:03.611,bitmart,ACH/USDT:USDT,0.022337,3931.0,0.022408,5271.0,0.022372,,385924760.0
1753504865502,04:41:05.502,bitmart,ACH/USDT:USDT,0.022337,16919.0,0.02241,1315.0,0.022371,,385932074.0
1753504866617,04:41:06.617,bitmart,ACH/USDT:USDT,0.02234,5679.0,0.022412,18990.0,0.022377,,385940666.0
1753504867501,04:41:07.501,bitmart,ACH/USDT:USDT,0.02234,5679.0,0.022412,18990.0,0.022377,,385940666.0
1753504870527,04:41:10.527,bitmart,ACH/USDT:USDT,0.022345,5913.0,0.022415,153.0,0.02238,,385953894.0
1753504871501,04:41:11.501,bitmart,ACH/USDT:USDT,0.022342,5775.0,0.022415,153.0,0.02238,,385953894.0
1753504872619,04:41:12.619,bitmart,ACH/USDT:USDT,0.022342,1211.0,0.022415,1188.0,0.02238,,385962646.0
1753504873514,04:41:13.514,bitmart,ACH/USDT:USDT,0.022345,1410.0,0.022415,1188.0,0.02238,,385962646.0
1753504874621,04:41:14.621,bitmart,ACH/USDT:USDT,0.022342,1211.0,0.022415,1188.0,0.022379,,385969728.0
1753504875516,04:41:15.516,bitmart,ACH/USDT:USDT,0.022345,1366.0,0.022415,7914.0,0.022379,,385969728.0
1753504876543,04:41:16.543,bitmart,ACH/USDT:USDT,0.022342,1211.0,0.022415,1126.0,0.02238,,385975480.0
1753504877629,04:41:17.629,bitmart,ACH/USDT:USDT,0.022345,989.0,0.022415,1126.0,0.022381,,385982814.0
1753504879527,04:41:19.527,bitmart,ACH/USDT:USDT,0.022345,2474.0,0.022415,3122.0,0.022381,,385982814.0
1753504880513,04:41:20.513,bitmart,ACH/USDT:USDT,0.022342,2770.0,0.022415,3122.0,0.02238,,385988520.0
1753504881527,04:41:21.527,bitmart,ACH/USDT:USDT,0.022345,4267.0,0.022415,3122.0,0.02238,,385988520.0
1753504882609,04:41:22.609,bitmart,ACH/USDT:USDT,0.022342,6420.0,0.022415,3122.0,0.02238,,385996916.0
1753504883553,04:41:23.553,bitmart,ACH/USDT:USDT,0.022342,6420.0,0.022415,1646.0,0.02238,,385996916.0
1753504885531,04:41:25.531,bitmart,ACH/USDT:USDT,0.022345,10111.0,0.022415,1532.0,0.02238,,386005652.0
1753504886613,04:41:26.613,bitmart,ACH/USDT:USDT,0.022345,9752.0,0.022415,1532.0,0.022379,,386010726.0
1753504888593,04:41:28.593,bitmart,ACH/USDT:USDT,0.022342,10262.0,0.022415,1407.0,0.022379,,386010726.0
1753504890502,04:41:30.502,bitmart,ACH/USDT:USDT,0.022342,10262.0,0.022415,1407.0,0.02238,,386018728.0
1753504892610,04:41:32.610,bitmart,ACH/USDT:USDT,0.022345,22032.0,0.022415,1086.0,0.02238,,386025600.0
1753504895627,04:41:35.627,bitmart,ACH/USDT:USDT,0.022345,18862.0,0.022415,1179.0,0.02238,,386041692.0
1753504896520,04:41:36.520,bitmart,ACH/USDT:USDT,0.022345,18828.0,0.022415,1644.0,0.02238,,386041692.0
1753504898507,04:41:38.507,bitmart,ACH/USDT:USDT,0.022345,24792.0,0.022415,1262.0,0.022379,,386049484.0
1753504899604,04:41:39.604,bitmart,ACH/USDT:USDT,0.022345,23159.0,0.022415,1262.0,0.02238,,386054092.0
1753504900506,04:41:40.506,bitmart,ACH/USDT:USDT,0.022345,20389.0,0.022415,1262.0,0.02238,,386054092.0
1753504901527,04:41:41.527,bitmart,ACH/USDT:USDT,0.022345,25453.0,0.022415,2323.0,0.022381,,386058806.0
1753504902503,04:41:42.503,bitmart,ACH/USDT:USDT,0.022345,18615.0,0.022415,2323.0,0.022381,,386058806.0
1753504903612,04:41:43.612,bitmart,ACH/USDT:USDT,0.022345,20721.0,0.022415,2323.0,0.02238,,386067062.0
1753504904506,04:41:44.506,bitmart,ACH/USDT:USDT,0.022342,18332.0,0.022415,2323.0,0.02238,,386067062.0
1753504906502,04:41:46.502,bitmart,ACH/USDT:USDT,0.022345,17972.0,0.022415,2323.0,0.02238,,386075450.0
1753504908537,04:41:48.537,bitmart,ACH/USDT:USDT,0.022345,22585.0,0.022415,2323.0,0.022381,,386082554.0
1753504909610,04:41:49.610,bitmart,ACH/USDT:USDT,0.022345,21356.0,0.022415,2323.0,0.02238,,386087554.0
1753504910507,04:41:50.507,bitmart,ACH/USDT:USDT,0.022345,22998.0,0.022415,2323.0,0.02238,,386087554.0
1753504912503,04:41:52.503,bitmart,ACH/USDT:USDT,0.022345,20890.0,0.022415,2323.0,0.022381,,386095966.0
1753504913520,04:41:53.520,bitmart,ACH/USDT:USDT,0.022345,16593.0,0.022415,2323.0,0.02238,,386104806.0
1753504914529,04:41:54.529,bitmart,ACH/USDT:USDT,0.022345,16863.0,0.022415,2323.0,0.02238,,386104806.0
1753504915525,04:41:55.525,bitmart,ACH/USDT:USDT,0.022345,18024.0,0.022415,2323.0,0.022381,,386109956.0
1753504917515,04:41:57.515,bitmart,ACH/USDT:USDT,0.02234,11079.0,0.022412,6731.0,0.022381,,386109956.0
1753504918527,04:41:58.527,bitmart,ACH/USDT:USDT,0.02234,11079.0,0.022415,1969.0,0.022377,,386121302.0
1753504919623,04:41:59.623,bitmart,ACH/USDT:USDT,0.02234,11079.0,0.022412,3259.0,0.022378,,386141202.0
1753504922621,04:42:02.621,bitmart,ACH/USDT:USDT,0.02234,11079.0,0.022411,1945.0,0.022376,,385908744.0
1753504923512,04:42:03.512,bitmart,ACH/USDT:USDT,0.02234,11079.0,0.02241,2159.0,0.022376,,385908744.0
1753504925521,04:42:05.521,bitmart,ACH/USDT:USDT,0.02234,11079.0,0.022415,1557.0,0.022376,,385915452.0
1753504926502,04:42:06.502,bitmart,ACH/USDT:USDT,0.02234,11079.0,0.022411,1723.0,0.022376,,385915452.0
1753504927620,04:42:07.620,bitmart,ACH/USDT:USDT,0.02234,11079.0,0.022411,1777.0,0.022375,,385923494.0
1753504928526,04:42:08.526,bitmart,ACH/USDT:USDT,0.02234,11079.0,0.022411,1613.0,0.022375,,385923494.0
1753504929515,04:42:09.515,bitmart,ACH/USDT:USDT,0.02234,11079.0,0.022411,1203.0,0.022376,,385931758.0
1753504930504,04:42:10.504,bitmart,ACH/USDT:USDT,0.02234,11079.0,0.022412,1556.0,0.022376,,385931758.0
1753504931610,04:42:11.610,bitmart,ACH/USDT:USDT,0.02234,11079.0,0.022412,1559.0,0.022377,,385937642.0
1753504932606,04:42:12.606,bitmart,ACH/USDT:USDT,0.02234,11079.0,0.022412,1732.0,0.022377,,385943364.0
1753504933516,04:42:13.516,bitmart,ACH/USDT:USDT,0.02234,6591.0,0.022415,133.0,0.022377,,385943364.0
1753504934613,04:42:14.613,bitmart,ACH/USDT:USDT,0.02234,1088.0,0.022415,133.0,0.022379,,385951184.0
1753504935513,04:42:15.513,bitmart,ACH/USDT:USDT,0.022343,3077.0,0.022415,133.0,0.022379,,385951184.0
1753504936611,04:42:16.611,bitmart,ACH/USDT:USDT,0.022343,3048.0,0.022415,133.0,0.022379,,385959562.0
1753504937517,04:42:17.517,bitmart,ACH/USDT:USDT,0.022343,2239.0,0.022415,133.0,0.022379,,385959562.0
1753504938611,04:42:18.611,bitmart,ACH/USDT:USDT,0.022343,4053.0,0.022415,133.0,0.022379,,385966130.0
1753504939510,04:42:19.510,bitmart,ACH/USDT:USDT,0.022343,3210.0,0.022415,133.0,0.022379,,385966130.0
1753504943516,04:42:23.516,bitmart,ACH/USDT:USDT,0.022345,7128.0,0.022415,144.0,0.022381,,385979844.0
1753504944504,04:42:24.504,bitmart,ACH/USDT:USDT,0.022345,7128.0,0.022418,128.0,0.022381,,385979844.0
1753504946501,04:42:26.501,bitmart,ACH/USDT:USDT,0.022345,16160.0,0.022415,118.0,0.022382,,385986006.0
1753504949614,04:42:29.614,bitmart,ACH/USDT:USDT,0.022345,9002.0,0.022415,528.0,0.022382,,385999322.0
1753504950602,04:42:30.602,bitmart,ACH/USDT:USDT,0.022345,9002.0,0.022415,103.0,0.022382,,385999322.0
1753504951616,04:42:31.616,bitmart,ACH/USDT:USDT,0.022345,9002.0,0.022415,119.0,0.022381,,386006290.0
1753504952519,04:42:32.519,bitmart,ACH/USDT:USDT,0.022345,9002.0,0.022415,94.0,0.022381,,386006290.0
1753504953536,04:42:33.536,bitmart,ACH/USDT:USDT,0.022345,9002.0,0.022415,114.0,0.022381,,386013536.0
1753504954605,04:42:34.605,bitmart,ACH/USDT:USDT,0.022345,17375.0,0.022415,120.0,0.022381,,386013536.0
1753504955605,04:42:35.605,bitmart,ACH/USDT:USDT,0.022345,17375.0,0.022415,118.0,0.02238,,386020356.0
1753504956502,04:42:36.502,bitmart,ACH/USDT:USDT,0.022345,17375.0,0.022415,103.0,0.02238,,386020356.0
1753504957522,04:42:37.522,bitmart,ACH/USDT:USDT,0.022345,17375.0,0.022415,119.0,0.022381,,386028580.0
1753504959619,04:42:39.619,bitmart,ACH/USDT:USDT,0.022345,17375.0,0.022415,97.0,0.02238,,386033784.0
1753504960502,04:42:40.502,bitmart,ACH/USDT:USDT,0.022345,17375.0,0.022415,8771.0,0.02238,,386033784.0
1753504961619,04:42:41.619,bitmart,ACH/USDT:USDT,0.022344,1652.0,0.022415,4256.0,0.022381,,386042314.0
1753504962502,04:42:42.502,bitmart,ACH/USDT:USDT,0.022344,2165.0,0.022415,4256.0,0.022381,,386042314.0
1753504963528,04:42:43.528,bitmart,ACH/USDT:USDT,0.022344,1829.0,0.022415,4256.0,0.022379,,386049922.0
1753504966606,04:42:46.606,bitmart,ACH/USDT:USDT,0.022345,2928.0,0.022415,6665.0,0.022379,,386055952.0
1753504968501,04:42:48.501,bitmart,ACH/USDT:USDT,0.022344,3447.0,0.022415,6665.0,0.02238,,386063398.0
1753504971541,04:42:51.541,bitmart,ACH/USDT:USDT,0.022345,14493.0,0.02242,124.0,0.02238,,386077386.0
1753504972614,04:42:52.614,bitmart,ACH/USDT:USDT,0.022345,14493.0,0.022418,152.0,0.02238,,386077386.0
1753504973614,04:42:53.614,bitmart,ACH/USDT:USDT,0.022345,14493.0,0.022418,145.0,0.022383,,386082040.0
1753504974503,04:42:54.503,bitmart,ACH/USDT:USDT,0.022345,14493.0,0.022418,665.0,0.022383,,386082040.0
1753504975611,04:42:55.611,bitmart,ACH/USDT:USDT,0.022345,2960.0,0.022418,626.0,0.022384,,386087954.0
1753504976615,04:42:56.615,bitmart,ACH/USDT:USDT,0.022345,2960.0,0.022418,518.0,0.022383,,386092762.0
1753504977515,04:42:57.515,bitmart,ACH/USDT:USDT,0.022345,2960.0,0.022418,561.0,0.022383,,386092762.0
1753504978608,04:42:58.608,bitmart,ACH/USDT:USDT,0.022345,2960.0,0.022418,484.0,0.022383,,386105464.0
1753504981521,04:43:01.521,bitmart,ACH/USDT:USDT,0.022345,6467.0,0.022418,581.0,0.022383,,385887750.0
1753504985520,04:43:05.520,bitmart,ACH/USDT:USDT,0.022345,6467.0,0.02242,520.0,0.022383,,385912808.0
1753504986511,04:43:06.511,bitmart,ACH/USDT:USDT,0.022345,13286.0,0.02242,520.0,0.022383,,385912808.0
1753504987607,04:43:07.607,bitmart,ACH/USDT:USDT,0.022345,13286.0,0.02242,520.0,0.022384,,385919266.0
1753504988500,04:43:08.500,bitmart,ACH/USDT:USDT,0.022345,13286.0,0.022418,672.0,0.022384,,385919266.0
1753504991620,04:43:11.620,bitmart,ACH/USDT:USDT,0.022345,13286.0,0.022418,1308.0,0.022384,,385928500.0
1753504992509,04:43:12.509,bitmart,ACH/USDT:USDT,0.022345,13286.0,0.02242,1080.0,0.022384,,385928500.0
1753504995516,04:43:15.516,bitmart,ACH/USDT:USDT,0.022345,13286.0,0.02242,1080.0,0.022383,,385934652.0
1753504996511,04:43:16.511,bitmart,ACH/USDT:USDT,0.022345,13286.0,0.022418,804.0,0.022382,,385943048.0
1753504999502,04:43:19.502,bitmart,ACH/USDT:USDT,0.022345,13286.0,0.022418,779.0,0.022383,,385950136.0
1753505000606,04:43:20.606,bitmart,ACH/USDT:USDT,0.022345,13286.0,0.022418,815.0,0.022382,,385958068.0
1753505001502,04:43:21.502,bitmart,ACH/USDT:USDT,0.022345,13286.0,0.022418,990.0,0.022382,,385958068.0
1753505003509,04:43:23.509,bitmart,ACH/USDT:USDT,0.022345,13286.0,0.022418,846.0,0.022383,,385964116.0
1753505004510,04:43:24.510,bitmart,ACH/USDT:USDT,0.022345,13286.0,0.022418,838.0,0.022383,,385964116.0
1753505005608,04:43:25.608,bitmart,ACH/USDT:USDT,0.022345,13286.0,0.022418,790.0,0.022382,,385970274.0
1753505007609,04:43:27.609,bitmart,ACH/USDT:USDT,0.022345,13286.0,0.022418,1239.0,0.022383,,385975770.0
1753505008509,04:43:28.509,bitmart,ACH/USDT:USDT,0.022345,13286.0,0.022418,836.0,0.022383,,385975770.0
1753505010507,04:43:30.507,bitmart,ACH/USDT:USDT,0.022345,13286.0,0.022418,1374.0,0.022383,,385984604.0
1753505011626,04:43:31.626,bitmart,ACH/USDT:USDT,0.022345,13286.0,0.022418,1376.0,0.022384,,385989634.0
1753505013615,04:43:33.615,bitmart,ACH/USDT:USDT,0.022345,13286.0,0.022418,1397.0,0.022383,,385994226.0
1753505014501,04:43:34.501,bitmart,ACH/USDT:USDT,0.022345,13286.0,0.022418,1172.0,0.022383,,385994226.0
1753505015612,04:43:35.612,bitmart,ACH/USDT:USDT,0.022345,13286.0,0.022418,1408.0,0.022383,,386001176.0
1753505016531,04:43:36.531,bitmart,ACH/USDT:USDT,0.022345,13286.0,0.022418,1000.0,0.022383,,386001176.0
1753505017618,04:43:37.618,bitmart,ACH/USDT:USDT,0.022345,13286.0,0.022418,1059.0,0.022382,,386007962.0
1753505018505,04:43:38.505,bitmart,ACH/USDT:USDT,0.022345,13286.0,0.022418,1414.0,0.022382,,386007962.0
1753505020542,04:43:40.542,bitmart,ACH/USDT:USDT,0.022345,13286.0,0.02242,1080.0,0.022383,,386015526.0
1753505021622,04:43:41.622,bitmart,ACH/USDT:USDT,0.022345,13286.0,0.02242,1080.0,0.022382,,386020536.0
1753505022506,04:43:42.506,bitmart,ACH/USDT:USDT,0.022345,13286.0,0.022418,1678.0,0.022382,,386020536.0
1753505023610,04:43:43.610,bitmart,ACH/USDT:USDT,0.022345,2255.0,0.022418,6178.0,0.022383,,386027966.0
1753505024510,04:43:44.510,bitmart,ACH/USDT:USDT,0.022344,1313.0,0.022418,6178.0,0.022383,,386027966.0
1753505025604,04:43:45.604,bitmart,ACH/USDT:USDT,0.022345,2553.0,0.022415,6354.0,0.02238,,386033362.0
1753505027528,04:43:47.528,bitmart,ACH/USDT:USDT,0.022345,3175.0,0.022415,5983.0,0.022381,,386039800.0
1753505028591,04:43:48.591,bitmart,ACH/USDT:USDT,0.022345,4063.0,0.022415,4295.0,0.02238,,386045944.0
1753505029510,04:43:49.510,bitmart,ACH/USDT:USDT,0.022345,4709.0,0.022418,2682.0,0.02238,,386045944.0
1753505031509,04:43:51.509,bitmart,ACH/USDT:USDT,0.022345,8260.0,0.022418,1242.0,0.022381,,386053796.0
1753505034530,04:43:54.530,bitmart,ACH/USDT:USDT,0.022345,8260.0,0.022418,1242.0,0.022382,,386060234.0
1753505035508,04:43:55.508,bitmart,ACH/USDT:USDT,0.022345,10214.0,0.022418,855.0,0.022381,,386068034.0
1753505037516,04:43:57.516,bitmart,ACH/USDT:USDT,0.022345,10214.0,0.022418,1114.0,0.022383,,386075558.0
1753505044526,04:44:04.526,bitmart,ACH/USDT:USDT,0.022345,7270.0,0.022418,2205.0,0.022383,,385879396.0
1753505045505,04:44:05.505,bitmart,ACH/USDT:USDT,0.022345,7270.0,0.02242,2529.0,0.022383,,385879396.0
1753505047527,04:44:07.527,bitmart,ACH/USDT:USDT,0.022345,7270.0,0.022418,2547.0,0.022383,,385886422.0
1753505048608,04:44:08.608,bitmart,ACH/USDT:USDT,0.022345,7270.0,0.02242,2529.0,0.022382,,385892354.0
1753505050508,04:44:10.508,bitmart,ACH/USDT:USDT,0.022345,13253.0,0.022418,2944.0,0.022383,,385899372.0
1753505053607,04:44:13.607,bitmart,ACH/USDT:USDT,0.022345,13253.0,0.022418,2365.0,0.022383,,385904416.0
1753505055510,04:44:15.510,bitmart,ACH/USDT:USDT,0.022345,13253.0,0.022418,2598.0,0.022384,,385910574.0
1753505057617,04:44:17.617,bitmart,ACH/USDT:USDT,0.022345,13253.0,0.022418,2002.0,0.022383,,385918156.0
1753505058600,04:44:18.600,bitmart,ACH/USDT:USDT,0.022345,13253.0,0.02242,2529.0,0.022383,,385925986.0
1753505059548,04:44:19.548,bitmart,ACH/USDT:USDT,0.022345,13253.0,0.022418,2157.0,0.022383,,385925986.0
1753505060617,04:44:20.617,bitmart,ACH/USDT:USDT,0.022345,13253.0,0.022418,2525.0,0.022384,,385932514.0
1753505061506,04:44:21.506,bitmart,ACH/USDT:USDT,0.022345,13253.0,0.022418,2465.0,0.022384,,385932514.0
1753505062622,04:44:22.622,bitmart,ACH/USDT:USDT,0.022345,13253.0,0.022418,3218.0,0.022383,,385938184.0
1753505063518,04:44:23.518,bitmart,ACH/USDT:USDT,0.022345,13253.0,0.02242,2529.0,0.022383,,385938184.0
1753505064615,04:44:24.615,bitmart,ACH/USDT:USDT,0.022345,13253.0,0.022418,3547.0,0.022382,,385945990.0
1753505065502,04:44:25.502,bitmart,ACH/USDT:USDT,0.022345,13253.0,0.022418,2872.0,0.022382,,385945990.0
1753505066609,04:44:26.609,bitmart,ACH/USDT:USDT,0.022345,13253.0,0.02242,2529.0,0.022383,,385954400.0
1753505067526,04:44:27.526,bitmart,ACH/USDT:USDT,0.022345,13253.0,0.022418,3297.0,0.022383,,385954400.0
1753505068601,04:44:28.601,bitmart,ACH/USDT:USDT,0.022345,13253.0,0.022418,3115.0,0.022383,,385961270.0
1753505070507,04:44:30.507,bitmart,ACH/USDT:USDT,0.022345,13253.0,0.022418,3781.0,0.022384,,385966036.0
1753505072508,04:44:32.508,bitmart,ACH/USDT:USDT,0.022345,13253.0,0.02242,2529.0,0.022383,,385971228.0
1753505073508,04:44:33.508,bitmart,ACH/USDT:USDT,0.022345,13253.0,0.022418,3175.0,0.022383,,385979946.0
1753505074516,04:44:34.516,bitmart,ACH/USDT:USDT,0.022345,13253.0,0.022418,2775.0,0.022383,,385979946.0
1753505075520,04:44:35.520,bitmart,ACH/USDT:USDT,0.022345,13253.0,0.022418,3462.0,0.022382,,385984572.0
1753505076516,04:44:36.516,bitmart,ACH/USDT:USDT,0.022345,13253.0,0.022418,3625.0,0.022382,,385984572.0
1753505077632,04:44:37.632,bitmart,ACH/USDT:USDT,0.022345,13253.0,0.022418,2723.0,0.022383,,385989928.0
1753505078507,04:44:38.507,bitmart,ACH/USDT:USDT,0.022345,13253.0,0.022418,3117.0,0.022383,,385989928.0
1753505079614,04:44:39.614,bitmart,ACH/USDT:USDT,0.022345,13253.0,0.022418,2674.0,0.022383,,385998032.0
1753505080613,04:44:40.613,bitmart,ACH/USDT:USDT,0.022345,13253.0,0.02242,2529.0,0.022383,,385998032.0
1753505081600,04:44:41.600,bitmart,ACH/USDT:USDT,0.022345,13253.0,0.02242,2529.0,0.022383,,386002706.0
1753505084510,04:44:44.510,bitmart,ACH/USDT:USDT,0.022345,13253.0,0.022418,2439.0,0.022382,,386011072.0
1753505086506,04:44:46.506,bitmart,ACH/USDT:USDT,0.022345,13253.0,0.022418,6050.0,0.022383,,386016028.0
1753505088521,04:44:48.521,bitmart,ACH/USDT:USDT,0.022345,13253.0,0.022418,4662.0,0.022382,,386023450.0
1753505090555,04:44:50.555,bitmart,ACH/USDT:USDT,0.022345,1332.0,0.022415,8980.0,0.022383,,386029036.0
1753505092507,04:44:52.507,bitmart,ACH/USDT:USDT,0.022344,2486.0,0.022414,1371.0,0.02238,,386037948.0
1753505093546,04:44:53.546,bitmart,ACH/USDT:USDT,0.022345,5492.0,0.022414,960.0,0.02238,,386042948.0
1753505094516,04:44:54.516,bitmart,ACH/USDT:USDT,0.022345,4612.0,0.022414,1829.0,0.02238,,386042948.0
1753505095521,04:44:55.521,bitmart,ACH/USDT:USDT,0.022345,6599.0,0.022414,2277.0,0.022381,,386048890.0
1753505096501,04:44:56.501,bitmart,ACH/USDT:USDT,0.022345,7301.0,0.022414,1711.0,0.022381,,386048890.0
1753505097605,04:44:57.605,bitmart,ACH/USDT:USDT,0.022345,6306.0,0.022414,2498.0,0.02238,,386055414.0
1753505098606,04:44:58.606,bitmart,ACH/USDT:USDT,0.022345,10479.0,0.022414,2500.0,0.02238,,386064222.0
1753505099520,04:44:59.520,bitmart,ACH/USDT:USDT,0.022345,7415.0,0.022418,1559.0,0.02238,,386085894.0
1753505100537,04:45:00.537,bitmart,ACH/USDT:USDT,0.022345,7450.0,0.022418,1559.0,0.02238,,385848494.0
1753505101617,04:45:01.617,bitmart,ACH/USDT:USDT,0.022345,8681.0,0.022414,3049.0,0.022381,,385870944.0
1753505102622,04:45:02.622,bitmart,ACH/USDT:USDT,0.022345,7820.0,0.022414,2299.0,0.02238,,385875472.0
1753505105596,04:45:05.596,bitmart,ACH/USDT:USDT,0.022345,10452.0,0.022414,9114.0,0.02238,,385883732.0
1753505106616,04:45:06.616,bitmart,ACH/USDT:USDT,0.02234,87466.0,0.022414,9854.0,0.022381,,385889670.0
1753505107505,04:45:07.505,bitmart,ACH/USDT:USDT,0.02234,4525.0,0.022412,6322.0,0.022381,,385889670.0
1753505108531,04:45:08.531,bitmart,ACH/USDT:USDT,0.02234,4525.0,0.022412,850.0,0.022381,,385889670.0
1753505109606,04:45:09.606,bitmart,ACH/USDT:USDT,0.02234,4525.0,0.022412,668.0,0.022377,,385896488.0
1753505110510,04:45:10.510,bitmart,ACH/USDT:USDT,0.02234,4525.0,0.022412,962.0,0.022377,,385896488.0
1753505113501,04:45:13.501,bitmart,ACH/USDT:USDT,0.02234,10896.0,0.022414,9114.0,0.022377,,385913198.0
1753505119505,04:45:19.505,bitmart,ACH/USDT:USDT,0.02234,10896.0,0.022412,1346.0,0.022376,,385929834.0
1753505120613,04:45:20.613,bitmart,ACH/USDT:USDT,0.02234,10896.0,0.022412,1346.0,0.022377,,385934554.0
1753505121508,04:45:21.508,bitmart,ACH/USDT:USDT,0.02234,10896.0,0.022412,1346.0,0.022377,,385934554.0
1753505122601,04:45:22.601,bitmart,ACH/USDT:USDT,0.02234,10896.0,0.022412,1346.0,0.022376,,385942176.0
1753505124542,04:45:24.542,bitmart,ACH/USDT:USDT,0.02234,22850.0,0.022412,4199.0,0.022377,,385946658.0
1753505125605,04:45:25.605,bitmart,ACH/USDT:USDT,0.02234,114.0,0.022413,356.0,0.022377,,385946658.0
1753505127522,04:45:27.522,bitmart,ACH/USDT:USDT,0.02234,2531.0,0.022413,537.0,0.022378,,385951332.0
1753505128516,04:45:28.516,bitmart,ACH/USDT:USDT,0.02234,2531.0,0.022413,396.0,0.022379,,385957322.0
1753505129603,04:45:29.603,bitmart,ACH/USDT:USDT,0.02234,5183.0,0.022413,537.0,0.022379,,385957322.0
1753505130608,04:45:30.608,bitmart,ACH/USDT:USDT,0.02234,5183.0,0.022413,438.0,0.022378,,385964742.0
1753505131617,04:45:31.617,bitmart,ACH/USDT:USDT,0.02234,3179.0,0.022414,470.0,0.022379,,385969636.0
1753505133507,04:45:33.507,bitmart,ACH/USDT:USDT,0.02234,3179.0,0.022413,512.0,0.022379,,385969636.0
1753505134516,04:45:34.516,bitmart,ACH/USDT:USDT,0.02234,3179.0,0.022414,470.0,0.022378,,385975426.0
1753505135505,04:45:35.505,bitmart,ACH/USDT:USDT,0.02234,3179.0,0.022413,690.0,0.022378,,385975426.0
1753505137599,04:45:37.599,bitmart,ACH/USDT:USDT,0.02234,5143.0,0.022413,7280.0,0.022378,,385981084.0
1753505138616,04:45:38.616,bitmart,ACH/USDT:USDT,0.02234,5143.0,0.022413,7280.0,0.022376,,385988866.0
1753505139501,04:45:39.501,bitmart,ACH/USDT:USDT,0.02234,5143.0,0.022413,7280.0,0.022376,,385988866.0
1753505140619,04:45:40.619,bitmart,ACH/USDT:USDT,0.02234,5143.0,0.022413,7280.0,0.022377,,385995396.0
1753505141509,04:45:41.509,bitmart,ACH/USDT:USDT,0.02234,5143.0,0.022413,7280.0,0.022377,,385995396.0
1753505142608,04:45:42.608,bitmart,ACH/USDT:USDT,0.02234,9150.0,0.022413,7280.0,0.022376,,386002010.0
1753505143502,04:45:43.502,bitmart,ACH/USDT:USDT,0.02234,9150.0,0.022413,7280.0,0.022376,,386002010.0
1753505144610,04:45:44.610,bitmart,ACH/USDT:USDT,0.02234,9150.0,0.022413,7280.0,0.022377,,386010024.0
1753505145595,04:45:45.595,bitmart,ACH/USDT:USDT,0.02234,9150.0,0.022413,7280.0,0.022377,,386010024.0
1753505146519,04:45:46.519,bitmart,ACH/USDT:USDT,0.02234,9150.0,0.022413,7280.0,0.022377,,386010024.0
1753505147607,04:45:47.607,bitmart,ACH/USDT:USDT,0.02234,9150.0,0.022413,7280.0,0.022376,,386016550.0
1753505148500,04:45:48.500,bitmart,ACH/USDT:USDT,0.02234,9150.0,0.022413,7280.0,0.022376,,386016550.0
1753505149524,04:45:49.524,bitmart,ACH/USDT:USDT,0.02234,9150.0,0.022413,7280.0,0.022376,,386025236.0
1753505150509,04:45:50.509,bitmart,ACH/USDT:USDT,0.02234,9150.0,0.022413,519.0,0.022376,,386025236.0
1753505151528,04:45:51.528,bitmart,ACH/USDT:USDT,0.02234,9150.0,0.022413,519.0,0.022377,,386033818.0
1753505152521,04:45:52.521,bitmart,ACH/USDT:USDT,0.02234,9150.0,0.022413,519.0,0.022377,,386033818.0
1753505153523,04:45:53.523,bitmart,ACH/USDT:USDT,0.02234,9150.0,0.022413,519.0,0.022376,,386040258.0
1753505154617,04:45:54.617,bitmart,ACH/USDT:USDT,0.02234,9150.0,0.022413,519.0,0.022376,,386040258.0
1753505156509,04:45:56.509,bitmart,ACH/USDT:USDT,0.02234,654.0,0.022413,5032.0,0.022375,,386047170.0
1753505157509,04:45:57.509,bitmart,ACH/USDT:USDT,0.02234,4235.0,0.022414,4826.0,0.022378,,386052340.0
1753505158628,04:45:58.628,bitmart,ACH/USDT:USDT,0.02234,4235.0,0.022413,4855.0,0.022377,,386058836.0
1753505160631,04:46:00.631,bitmart,ACH/USDT:USDT,0.022343,2479.0,0.022414,4826.0,0.022379,,385800400.0
1753505161527,04:46:01.527,bitmart,ACH/USDT:USDT,0.022343,2251.0,0.022414,4826.0,0.022379,,385819548.0
1753505162527,04:46:02.527,bitmart,ACH/USDT:USDT,0.02234,7530.0,0.022414,4826.0,0.022378,,385825390.0
1753505163526,04:46:03.526,bitmart,ACH/USDT:USDT,0.02234,7530.0,0.022414,4826.0,0.022378,,385825390.0
1753505164532,04:46:04.532,bitmart,ACH/USDT:USDT,0.022343,7593.0,0.022414,4826.0,0.022379,,385830274.0
1753505166560,04:46:06.560,bitmart,ACH/USDT:USDT,0.022343,8988.0,0.022414,4826.0,0.022379,,385830274.0
1753505169607,04:46:09.607,bitmart,ACH/USDT:USDT,0.022346,7165.0,0.022415,1312.0,0.022378,,385842426.0
1753505171505,04:46:11.505,bitmart,ACH/USDT:USDT,0.022346,6567.0,0.022415,968.0,0.022381,,385847618.0
1753505173506,04:46:13.506,bitmart,ACH/USDT:USDT,0.022346,5633.0,0.022415,1742.0,0.02238,,385852616.0
1753505174505,04:46:14.505,bitmart,ACH/USDT:USDT,0.022346,6168.0,0.022415,1720.0,0.02238,,385852616.0
1753505175510,04:46:15.510,bitmart,ACH/USDT:USDT,0.022343,6039.0,0.022418,5342.0,0.022381,,385859644.0
1753505176519,04:46:16.519,bitmart,ACH/USDT:USDT,0.022346,8634.0,0.022415,5683.0,0.022381,,385859644.0
1753505178594,04:46:18.594,bitmart,ACH/USDT:USDT,0.022346,9422.0,0.022415,4140.0,0.022381,,385864144.0
1753505180507,04:46:20.507,bitmart,ACH/USDT:USDT,0.022346,11048.0,0.022415,5419.0,0.022381,,385872286.0
1753505181622,04:46:21.622,bitmart,ACH/USDT:USDT,0.022346,13901.0,0.022415,5031.0,0.022382,,385879884.0
1753505182509,04:46:22.509,bitmart,ACH/USDT:USDT,0.022343,6039.0,0.022418,5342.0,0.022382,,385879884.0
1753505183613,04:46:23.613,bitmart,ACH/USDT:USDT,0.022346,9251.0,0.022415,6048.0,0.022381,,385886600.0
1753505184506,04:46:24.506,bitmart,ACH/USDT:USDT,0.022346,30126.0,0.022415,4323.0,0.022381,,385886600.0
1753505185525,04:46:25.525,bitmart,ACH/USDT:USDT,0.022346,4734.0,0.022417,9.0,0.022381,,385893934.0
1753505187609,04:46:27.609,bitmart,ACH/USDT:USDT,0.022349,6199.0,0.022422,127.0,0.022385,,385900542.0
1753505188501,04:46:28.501,bitmart,ACH/USDT:USDT,0.022349,5257.0,0.022422,127.0,0.022385,,385900542.0
1753505189615,04:46:29.615,bitmart,ACH/USDT:USDT,0.022349,8494.0,0.022422,127.0,0.022385,,385905806.0
1753505190502,04:46:30.502,bitmart,ACH/USDT:USDT,0.022349,8508.0,0.022422,127.0,0.022385,,385905806.0
1753505191626,04:46:31.626,bitmart,ACH/USDT:USDT,0.02235,5817.0,0.022422,127.0,0.022386,,385911074.0
1753505192543,04:46:32.543,bitmart,ACH/USDT:USDT,0.022346,98004.0,0.022422,127.0,0.022386,,385911074.0
1753505194514,04:46:34.514,bitmart,ACH/USDT:USDT,0.022346,98004.0,0.022422,127.0,0.022385,,385918088.0
1753505195524,04:46:35.524,bitmart,ACH/USDT:USDT,0.022351,29440.0,0.022422,127.0,0.022386,,385923444.0
1753505196506,04:46:36.506,bitmart,ACH/USDT:USDT,0.022351,24409.0,0.022422,127.0,0.022386,,385923444.0
1753505197515,04:46:37.515,bitmart,ACH/USDT:USDT,0.022346,98004.0,0.022422,127.0,0.022385,,385932186.0
1753505198507,04:46:38.507,bitmart,ACH/USDT:USDT,0.022351,36538.0,0.022422,1138.0,0.022385,,385932186.0
1753505199612,04:46:39.612,bitmart,ACH/USDT:USDT,0.022351,37563.0,0.022422,1138.0,0.022386,,385939130.0
1753505200507,04:46:40.507,bitmart,ACH/USDT:USDT,0.022351,6007.0,0.022424,19080.0,0.022386,,385939130.0
1753505201618,04:46:41.618,bitmart,ACH/USDT:USDT,0.022351,6007.0,0.022424,19080.0,0.022389,,385946400.0
1753505202509,04:46:42.509,bitmart,ACH/USDT:USDT,0.022351,6007.0,0.022424,19080.0,0.022389,,385946400.0
1753505204613,04:46:44.613,bitmart,ACH/USDT:USDT,0.022356,5731.0,0.022424,19080.0,0.022392,,385961644.0
1753505205501,04:46:45.501,bitmart,ACH/USDT:USDT,0.022356,5731.0,0.022424,19080.0,0.022392,,385961644.0
1753505206518,04:46:46.518,bitmart,ACH/USDT:USDT,0.022356,5731.0,0.022424,19080.0,0.022393,,385969020.0
1753505207511,04:46:47.511,bitmart,ACH/USDT:USDT,0.022356,5731.0,0.022424,19080.0,0.022393,,385969020.0
1753505209504,04:46:49.504,bitmart,ACH/USDT:USDT,0.022356,8609.0,0.022424,19080.0,0.022392,,385976816.0
1753505211508,04:46:51.508,bitmart,ACH/USDT:USDT,0.022356,8609.0,0.022424,19080.0,0.022391,,385983410.0
1753505212522,04:46:52.522,bitmart,ACH/USDT:USDT,0.022356,8609.0,0.022424,19080.0,0.022391,,385983410.0
1753505213614,04:46:53.614,bitmart,ACH/USDT:USDT,0.022356,8609.0,0.022424,19080.0,0.022392,,385987988.0
1753505214525,04:46:54.525,bitmart,ACH/USDT:USDT,0.022356,8609.0,0.022424,19080.0,0.022392,,385987988.0
1753505217540,04:46:57.540,bitmart,ACH/USDT:USDT,0.022351,2410.0,0.022424,19080.0,0.022389,,386001560.0
1753505218604,04:46:58.604,bitmart,ACH/USDT:USDT,0.022351,2410.0,0.022424,19080.0,0.022389,,386017400.0
1753505219521,04:46:59.521,bitmart,ACH/USDT:USDT,0.022351,4268.0,0.022424,19080.0,0.022389,,386032554.0
1753505220653,04:47:00.653,bitmart,ACH/USDT:USDT,0.022351,4268.0,0.022424,19080.0,0.022389,,385793528.0
1753505221531,04:47:01.531,bitmart,ACH/USDT:USDT,0.022351,4268.0,0.022424,19080.0,0.02239,,385808476.0
1753505223508,04:47:03.508,bitmart,ACH/USDT:USDT,0.02235,767.0,0.022424,19080.0,0.022387,,385814402.0
1753505224517,04:47:04.517,bitmart,ACH/USDT:USDT,0.022351,1232.0,0.022421,9477.0,0.022386,,385819198.0
1753505225608,04:47:05.608,bitmart,ACH/USDT:USDT,0.02235,2534.0,0.022424,19080.0,0.022385,,385826398.0
1753505226514,04:47:06.514,bitmart,ACH/USDT:USDT,0.022351,3047.0,0.022421,5418.0,0.022385,,385826398.0
1753505228611,04:47:08.611,bitmart,ACH/USDT:USDT,0.022351,1380.0,0.022422,28152.0,0.022387,,385830950.0
1753505229503,04:47:09.503,bitmart,ACH/USDT:USDT,0.022351,1380.0,0.022422,36827.0,0.022387,,385830950.0
1753505230614,04:47:10.614,bitmart,ACH/USDT:USDT,0.022346,59919.0,0.022422,7044.0,0.022387,,385837478.0
1753505231608,04:47:11.608,bitmart,ACH/USDT:USDT,0.022351,3161.0,0.02242,5047.0,0.022386,,385842284.0
1753505232512,04:47:12.512,bitmart,ACH/USDT:USDT,0.022351,1547.0,0.02242,6542.0,0.022386,,385842284.0
1753505234502,04:47:14.502,bitmart,ACH/USDT:USDT,0.022346,3315.0,0.022418,6743.0,0.022384,,385848548.0
1753505235616,04:47:15.616,bitmart,ACH/USDT:USDT,0.022346,3315.0,0.022418,6331.0,0.022384,,385853016.0
1753505236514,04:47:16.514,bitmart,ACH/USDT:USDT,0.022346,3315.0,0.022418,7937.0,0.022384,,385853016.0
1753505238501,04:47:18.501,bitmart,ACH/USDT:USDT,0.022346,1864.0,0.022417,10884.0,0.022382,,385861148.0
1753505242507,04:47:22.507,bitmart,ACH/USDT:USDT,0.022346,1864.0,0.022417,35019.0,0.022382,,385874144.0
1753505244505,04:47:24.505,bitmart,ACH/USDT:USDT,0.022341,853.0,0.022414,7248.0,0.022383,,385878908.0
1753505246508,04:47:26.508,bitmart,ACH/USDT:USDT,0.022341,853.0,0.022413,32819.0,0.022379,,385885196.0
1753505248509,04:47:28.509,bitmart,ACH/USDT:USDT,0.022341,1231.0,0.022413,4811.0,0.022376,,385893924.0
1753505252502,04:47:32.502,bitmart,ACH/USDT:USDT,0.02234,1937.0,0.022413,4811.0,0.022376,,385905734.0
1753505254502,04:47:34.502,bitmart,ACH/USDT:USDT,0.022336,3446.0,0.022408,1724.0,0.022374,,385912710.0
1753505255531,04:47:35.531,bitmart,ACH/USDT:USDT,0.022336,3446.0,0.022408,20987.0,0.022374,,385920110.0
1753505256609,04:47:36.609,bitmart,ACH/USDT:USDT,0.022336,3446.0,0.022409,30932.0,0.022374,,385920110.0
1753505258608,04:47:38.608,bitmart,ACH/USDT:USDT,0.022336,3446.0,0.022408,23693.0,0.022373,,385927152.0
1753505259509,04:47:39.509,bitmart,ACH/USDT:USDT,0.022336,3446.0,0.022408,26434.0,0.022374,,385934738.0
1753505260549,04:47:40.549,bitmart,ACH/USDT:USDT,0.022336,8413.0,0.022409,22129.0,0.022374,,385934738.0
1753505261620,04:47:41.620,bitmart,ACH/USDT:USDT,0.02234,4485.0,0.022413,144.0,0.022375,,385939830.0
1753505262508,04:47:42.508,bitmart,ACH/USDT:USDT,0.02234,4485.0,0.022413,144.0,0.022375,,385939830.0
1753505263531,04:47:43.531,bitmart,ACH/USDT:USDT,0.02234,4485.0,0.022413,144.0,0.022376,,385946618.0
1753505265518,04:47:45.518,bitmart,ACH/USDT:USDT,0.022336,2081.0,0.022413,4795.0,0.022375,,385953272.0
1753505266606,04:47:46.606,bitmart,ACH/USDT:USDT,0.02234,2611.0,0.022413,4795.0,0.022375,,385953272.0
1753505270615,04:47:50.615,bitmart,ACH/USDT:USDT,0.022336,2081.0,0.022413,4795.0,0.022375,,385967138.0
1753505271598,04:47:51.598,bitmart,ACH/USDT:USDT,0.02234,5235.0,0.022413,10548.0,0.022375,,385975290.0
1753505272508,04:47:52.508,bitmart,ACH/USDT:USDT,0.022336,5496.0,0.022408,9834.0,0.022375,,385975290.0
1753505274610,04:47:54.610,bitmart,ACH/USDT:USDT,0.022331,504.0,0.022401,11597.0,0.022373,,385984968.0
1753505275507,04:47:55.507,bitmart,ACH/USDT:USDT,0.022331,392.0,0.022401,13174.0,0.022367,,385994676.0
1753505276530,04:47:56.530,bitmart,ACH/USDT:USDT,0.022331,2369.0,0.022401,9153.0,0.022367,,385994676.0
1753505277552,04:47:57.552,bitmart,ACH/USDT:USDT,0.022331,2178.0,0.022401,10404.0,0.022366,,386001442.0
1753505278541,04:47:58.541,bitmart,ACH/USDT:USDT,0.022331,2575.0,0.022401,13214.0,0.022367,,386008100.0
1753505280531,04:48:00.531,bitmart,ACH/USDT:USDT,0.02233,1713.0,0.022405,6043.0,0.022366,,385757014.0
1753505283609,04:48:03.609,bitmart,ACH/USDT:USDT,0.022331,3081.0,0.022401,4913.0,0.022368,,385785184.0
1753505284532,04:48:04.532,bitmart,ACH/USDT:USDT,0.022331,4160.0,0.022401,6048.0,0.022367,,385790310.0
1753505285516,04:48:05.516,bitmart,ACH/USDT:USDT,0.022331,4183.0,0.022401,7918.0,0.022367,,385790310.0
1753505286553,04:48:06.553,bitmart,ACH/USDT:USDT,0.022331,1786.0,0.022402,7469.0,0.022366,,385798012.0
1753505287508,04:48:07.508,bitmart,ACH/USDT:USDT,0.022331,1786.0,0.022402,5409.0,0.022366,,385798012.0
1753505288528,04:48:08.528,bitmart,ACH/USDT:USDT,0.022331,1786.0,0.022402,6419.0,0.022367,,385804130.0
1753505290610,04:48:10.610,bitmart,ACH/USDT:USDT,0.022331,1786.0,0.022402,1373.0,0.022367,,385812636.0
1753505293515,04:48:13.515,bitmart,ACH/USDT:USDT,0.022331,626.0,0.022405,1309.0,0.022366,,385818116.0
1753505295593,04:48:15.593,bitmart,ACH/USDT:USDT,0.022331,2120.0,0.022402,884.0,0.022368,,385822776.0
1753505296521,04:48:16.521,bitmart,ACH/USDT:USDT,0.022331,2120.0,0.022402,1045.0,0.022367,,385829300.0
1753505297515,04:48:17.515,bitmart,ACH/USDT:USDT,0.022331,2120.0,0.022402,917.0,0.022367,,385829300.0
1753505298623,04:48:18.623,bitmart,ACH/USDT:USDT,0.022331,2120.0,0.022402,5059.0,0.022368,,385836772.0
1753505299506,04:48:19.506,bitmart,ACH/USDT:USDT,0.022331,2120.0,0.022402,854.0,0.022368,,385836772.0
1753505300624,04:48:20.624,bitmart,ACH/USDT:USDT,0.022331,6107.0,0.022402,843.0,0.022368,,385841974.0
1753505302515,04:48:22.515,bitmart,ACH/USDT:USDT,0.022331,6107.0,0.022405,1053.0,0.022368,,385848262.0
1753505303506,04:48:23.506,bitmart,ACH/USDT:USDT,0.022331,6107.0,0.022402,6915.0,0.022368,,385848262.0
1753505304616,04:48:24.616,bitmart,ACH/USDT:USDT,0.022331,6107.0,0.022402,7695.0,0.022367,,385855096.0
1753505305532,04:48:25.532,bitmart,ACH/USDT:USDT,0.022331,6107.0,0.022402,6510.0,0.022367,,385855096.0
1753505306567,04:48:26.567,bitmart,ACH/USDT:USDT,0.022331,6107.0,0.022402,7041.0,0.022368,,385861538.0
1753505307517,04:48:27.517,bitmart,ACH/USDT:USDT,0.022331,6107.0,0.022405,4934.0,0.022368,,385861538.0
1753505309506,04:48:29.506,bitmart,ACH/USDT:USDT,0.022331,6107.0,0.022402,7028.0,0.022367,,385868284.0
1753505310509,04:48:30.509,bitmart,ACH/USDT:USDT,0.02233,1915.0,0.022402,8422.0,0.022366,,385875874.0
1753505311511,04:48:31.511,bitmart,ACH/USDT:USDT,0.02233,1950.0,0.022402,8422.0,0.022366,,385875874.0
1753505312602,04:48:32.602,bitmart,ACH/USDT:USDT,0.02233,788.0,0.022402,8422.0,0.022366,,385880838.0
1753505313508,04:48:33.508,bitmart,ACH/USDT:USDT,0.02233,2289.0,0.0224,8304.0,0.022366,,385880838.0
1753505315506,04:48:35.506,bitmart,ACH/USDT:USDT,0.022326,2606.0,0.022402,8422.0,0.022365,,385886424.0
1753505317526,04:48:37.526,bitmart,ACH/USDT:USDT,0.02233,2012.0,0.0224,7152.0,0.022364,,385892926.0
1753505318524,04:48:38.524,bitmart,ACH/USDT:USDT,0.02233,2810.0,0.0224,7333.0,0.022365,,385899326.0
1753505319511,04:48:39.511,bitmart,ACH/USDT:USDT,0.022331,143.0,0.022402,8422.0,0.022365,,385899326.0
1753505320605,04:48:40.605,bitmart,ACH/USDT:USDT,0.022331,134.0,0.022402,7759.0,0.022366,,385908240.0
1753505321518,04:48:41.518,bitmart,ACH/USDT:USDT,0.022326,77757.0,0.022402,7759.0,0.022366,,385913428.0
1753505322509,04:48:42.509,bitmart,ACH/USDT:USDT,0.022331,2144.0,0.022402,7759.0,0.022366,,385913428.0
1753505323512,04:48:43.512,bitmart,ACH/USDT:USDT,0.022326,77757.0,0.022402,846.0,0.022366,,385913428.0
1753505324653,04:48:44.653,bitmart,ACH/USDT:USDT,0.022326,77757.0,0.022402,4888.0,0.022365,,385919576.0
1753505325505,04:48:45.505,bitmart,ACH/USDT:USDT,0.022326,2151.0,0.022399,15519.0,0.022365,,385919576.0
1753505327512,04:48:47.512,bitmart,ACH/USDT:USDT,0.022326,27194.0,0.022399,13539.0,0.022364,,385925948.0
1753505329516,04:48:49.516,bitmart,ACH/USDT:USDT,0.022326,27194.0,0.022399,14395.0,0.022363,,385934156.0
1753505330617,04:48:50.617,bitmart,ACH/USDT:USDT,0.022326,27194.0,0.022399,14551.0,0.022364,,385941886.0
1753505331518,04:48:51.518,bitmart,ACH/USDT:USDT,0.022326,2215.0,0.0224,20429.0,0.022364,,385941886.0
1753505332614,04:48:52.614,bitmart,ACH/USDT:USDT,0.022332,8565.0,0.022402,459.0,0.022365,,385947590.0
1753505334622,04:48:54.622,bitmart,ACH/USDT:USDT,0.022332,4515.0,0.022402,1197.0,0.022367,,385956310.0
1753505335511,04:48:55.511,bitmart,ACH/USDT:USDT,0.022332,449.0,0.022402,5318.0,0.022367,,385956310.0
