timestamp,time,exchange,symbol,bid,bidVolume,ask,askVolume,lastPrice,baseVolume,quoteVolume
1753507242534,05:20:42.534,bitmart,ADA/USDT:USDT,0.8225,16274.0,0.8226,21682.0,0.8226,,153251778.0
1753507243198,05:20:43.198,bitmart,ADA/USDT:USDT,0.8225,24950.0,0.8226,7461.0,0.8226,,153251910.0
1753507244196,05:20:44.196,bitmart,ADA/USDT:USDT,0.8225,26547.0,0.8226,7722.0,0.8225,,153252060.0
1753507245236,05:20:45.236,bitmart,ADA/USDT:USDT,0.8225,26547.0,0.8226,7722.0,0.8226,,153252220.0
1753507246201,05:20:46.201,bitmart,ADA/USDT:USDT,0.8225,22703.0,0.8226,5655.0,0.8226,,153252454.0
1753507247167,05:20:47.167,bitmart,ADA/USDT:USDT,0.8225,22703.0,0.8226,5904.0,0.8226,,153252454.0
1753507248204,05:20:48.204,bitmart,ADA/USDT:USDT,0.8225,22703.0,0.8226,13979.0,0.8225,,153252628.0
1753507249255,05:20:49.255,bitmart,ADA/USDT:USDT,0.8225,22703.0,0.8226,6837.0,0.8226,,153252856.0
1753507250199,05:20:50.199,bitmart,ADA/USDT:USDT,0.8225,23283.0,0.8226,22184.0,0.8226,,153253180.0
1753507251158,05:20:51.158,bitmart,ADA/USDT:USDT,0.8225,23283.0,0.8226,22184.0,0.8225,,153253384.0
1753507252198,05:20:52.198,bitmart,ADA/USDT:USDT,0.8225,23022.0,0.8226,18250.0,0.8226,,153253614.0
1753507253260,05:20:53.260,bitmart,ADA/USDT:USDT,0.8225,7959.0,0.8226,8010.0,0.8225,,153253752.0
1753507254199,05:20:54.199,bitmart,ADA/USDT:USDT,0.8225,21898.0,0.8226,26810.0,0.8225,,153253752.0
1753507255238,05:20:55.238,bitmart,ADA/USDT:USDT,0.8225,21634.0,0.8226,14549.0,0.8225,,153253976.0
1753507256260,05:20:56.260,bitmart,ADA/USDT:USDT,0.8225,21634.0,0.8226,14549.0,0.8225,,153254136.0
1753507257248,05:20:57.248,bitmart,ADA/USDT:USDT,0.8225,27274.0,0.8226,8455.0,0.8225,,153254290.0
1753507258261,05:20:58.261,bitmart,ADA/USDT:USDT,0.8225,27274.0,0.8226,8455.0,0.8226,,153254446.0
1753507259233,05:20:59.233,bitmart,ADA/USDT:USDT,0.8225,22956.0,0.8227,3657.0,0.8226,,153255044.0
1753507260251,05:21:00.251,bitmart,ADA/USDT:USDT,0.8226,7158.0,0.8227,26239.0,0.8226,,153255356.0
1753507261247,05:21:01.247,bitmart,ADA/USDT:USDT,0.8225,22128.0,0.8226,21749.0,0.8225,,153125686.0
1753507262219,05:21:02.219,bitmart,ADA/USDT:USDT,0.8225,22128.0,0.8226,4864.0,0.8226,,153126208.0
1753507263162,05:21:03.162,bitmart,ADA/USDT:USDT,0.8225,22128.0,0.8226,14805.0,0.8226,,153126388.0
1753507264265,05:21:04.265,bitmart,ADA/USDT:USDT,0.8225,7070.0,0.8226,6174.0,0.8225,,153126560.0
1753507265249,05:21:05.249,bitmart,ADA/USDT:USDT,0.8226,24950.0,0.8228,20912.0,0.8227,,153126760.0
1753507266161,05:21:06.161,bitmart,ADA/USDT:USDT,0.8226,25062.0,0.8228,24001.0,0.8227,,153128178.0
1753507267215,05:21:07.215,bitmart,ADA/USDT:USDT,0.8226,25062.0,0.8227,13035.0,0.8227,,153128178.0
1753507268257,05:21:08.257,bitmart,ADA/USDT:USDT,0.8228,826.0,0.823,22577.0,0.8227,,153128350.0
1753507269250,05:21:09.250,bitmart,ADA/USDT:USDT,0.8228,2679.0,0.8229,21383.0,0.8228,,153135832.0
1753507270171,05:21:10.171,bitmart,ADA/USDT:USDT,0.8228,26145.0,0.8229,13528.0,0.8228,,153136160.0
1753507271205,05:21:11.205,bitmart,ADA/USDT:USDT,0.8228,26145.0,0.8229,5795.0,0.8228,,153136160.0
1753507272271,05:21:12.271,bitmart,ADA/USDT:USDT,0.8229,22977.0,0.823,9432.0,0.8229,,153136296.0
1753507273260,05:21:13.260,bitmart,ADA/USDT:USDT,0.8229,5520.0,0.823,7735.0,0.823,,153136466.0
1753507274241,05:21:14.241,bitmart,ADA/USDT:USDT,0.8229,25851.0,0.8231,19975.0,0.8229,,153136610.0
1753507275159,05:21:15.159,bitmart,ADA/USDT:USDT,0.823,19384.0,0.8231,19975.0,0.823,,153139096.0
1753507276268,05:21:16.268,bitmart,ADA/USDT:USDT,0.823,11897.0,0.8231,19975.0,0.8231,,153139222.0
1753507277281,05:21:17.281,bitmart,ADA/USDT:USDT,0.823,20734.0,0.8231,24467.0,0.823,,153139456.0
1753507278193,05:21:18.193,bitmart,ADA/USDT:USDT,0.823,20734.0,0.8231,21852.0,0.823,,153139592.0
1753507279225,05:21:19.225,bitmart,ADA/USDT:USDT,0.823,20734.0,0.8231,10892.0,0.823,,153139802.0
1753507280204,05:21:20.204,bitmart,ADA/USDT:USDT,0.823,20734.0,0.8231,8254.0,0.823,,153139944.0
1753507281220,05:21:21.220,bitmart,ADA/USDT:USDT,0.823,20734.0,0.8231,4558.0,0.823,,153139944.0
1753507282203,05:21:22.203,bitmart,ADA/USDT:USDT,0.8231,23719.0,0.8232,2213.0,0.823,,153140146.0
1753507283225,05:21:23.225,bitmart,ADA/USDT:USDT,0.8231,16696.0,0.8233,21863.0,0.8232,,153141250.0
1753507284151,05:21:24.151,bitmart,ADA/USDT:USDT,0.8231,16696.0,0.8232,24682.0,0.8232,,153141250.0
1753507285283,05:21:25.283,bitmart,ADA/USDT:USDT,0.8232,23737.0,0.8233,23695.0,0.8231,,153141602.0
1753507286191,05:21:26.191,bitmart,ADA/USDT:USDT,0.8232,2115.0,0.8233,23695.0,0.8232,,153141834.0
1753507287237,05:21:27.237,bitmart,ADA/USDT:USDT,0.8232,2112.0,0.8233,23695.0,0.8233,,153142066.0
1753507288189,05:21:28.189,bitmart,ADA/USDT:USDT,0.8232,3842.0,0.8233,23695.0,0.8233,,153142212.0
1753507289250,05:21:29.250,bitmart,ADA/USDT:USDT,0.8231,22201.0,0.8232,26259.0,0.8232,,153142366.0
1753507290256,05:21:30.256,bitmart,ADA/USDT:USDT,0.8231,22201.0,0.8232,4919.0,0.8231,,153142530.0
1753507291255,05:21:31.255,bitmart,ADA/USDT:USDT,0.823,22808.0,0.8232,23036.0,0.8231,,153143850.0
1753507292155,05:21:32.155,bitmart,ADA/USDT:USDT,0.823,17109.0,0.8231,20928.0,0.8231,,153143850.0
1753507293208,05:21:33.208,bitmart,ADA/USDT:USDT,0.823,6159.0,0.8231,8123.0,0.823,,153144008.0
1753507294163,05:21:34.163,bitmart,ADA/USDT:USDT,0.823,10980.0,0.8231,21375.0,0.823,,153144008.0
1753507295211,05:21:35.211,bitmart,ADA/USDT:USDT,0.823,8526.0,0.8231,25566.0,0.823,,153144152.0
1753507296241,05:21:36.241,bitmart,ADA/USDT:USDT,0.8228,24239.0,0.8231,27187.0,0.823,,153144374.0
1753507297263,05:21:37.263,bitmart,ADA/USDT:USDT,0.8228,6974.0,0.8229,22320.0,0.8228,,153146244.0
1753507298249,05:21:38.249,bitmart,ADA/USDT:USDT,0.8228,23168.0,0.8229,10551.0,0.8228,,153146648.0
1753507299250,05:21:39.250,bitmart,ADA/USDT:USDT,0.8228,23168.0,0.8229,10551.0,0.8228,,153146888.0
1753507300257,05:21:40.257,bitmart,ADA/USDT:USDT,0.8228,22239.0,0.8229,7990.0,0.8228,,153147074.0
