timestamp,time,exchange,symbol,bid,bidVolume,ask,askVolume,lastPrice,baseVolume,quoteVolume
1753504795260,04:39:55.260,bitmart,ADA/USDT:USDT,0.8269,21547.0,0.827,18822.0,0.8269,,156087810.0
1753504796201,04:39:56.201,bitmart,ADA/USDT:USDT,0.8269,26616.0,0.827,22799.0,0.8269,,156087974.0
1753504797247,04:39:57.247,bitmart,ADA/USDT:USDT,0.8269,26616.0,0.827,15862.0,0.8269,,156088256.0
1753504798195,04:39:58.195,bitmart,ADA/USDT:USDT,0.8269,26616.0,0.827,7442.0,0.8269,,156088490.0
1753504799287,04:39:59.287,bitmart,ADA/USDT:USDT,0.8269,26616.0,0.827,23480.0,0.8269,,156088942.0
1753504800178,04:40:00.178,bitmart,ADA/USDT:USDT,0.8269,26616.0,0.827,23480.0,0.827,,156089230.0
1753504801180,04:40:01.180,bitmart,ADA/USDT:USDT,0.8269,24657.0,0.827,25748.0,0.8269,,155993178.0
1753504802259,04:40:02.259,bitmart,ADA/USDT:USDT,0.8269,24657.0,0.827,25748.0,0.827,,155993558.0
1753504803161,04:40:03.161,bitmart,ADA/USDT:USDT,0.8269,25021.0,0.827,26848.0,0.827,,155993724.0
1753504804250,04:40:04.250,bitmart,ADA/USDT:USDT,0.8269,4291.0,0.827,26848.0,0.8269,,155993882.0
1753504805216,04:40:05.216,bitmart,ADA/USDT:USDT,0.8268,9367.0,0.8269,21893.0,0.8269,,155993882.0
1753504806170,04:40:06.170,bitmart,ADA/USDT:USDT,0.8268,8284.0,0.8269,21893.0,0.8268,,155994680.0
1753504807208,04:40:07.208,bitmart,ADA/USDT:USDT,0.8268,16372.0,0.8269,29888.0,0.8268,,155994870.0
1753504808185,04:40:08.185,bitmart,ADA/USDT:USDT,0.8268,14153.0,0.8269,21983.0,0.8269,,155995100.0
1753504809215,04:40:09.215,bitmart,ADA/USDT:USDT,0.8268,19873.0,0.8269,28290.0,0.8268,,155995264.0
1753504810165,04:40:10.165,bitmart,ADA/USDT:USDT,0.8268,26456.0,0.8269,2950.0,0.8268,,155995464.0
1753504811200,04:40:11.200,bitmart,ADA/USDT:USDT,0.8268,5432.0,0.8269,4619.0,0.8268,,155995688.0
1753504812190,04:40:12.190,bitmart,ADA/USDT:USDT,0.8268,23410.0,0.8269,4619.0,0.8268,,155995688.0
1753504813224,04:40:13.224,bitmart,ADA/USDT:USDT,0.8268,23410.0,0.8269,4151.0,0.8269,,155995978.0
1753504814233,04:40:14.233,bitmart,ADA/USDT:USDT,0.8268,23410.0,0.8269,13633.0,0.8268,,155996258.0
1753504815201,04:40:15.201,bitmart,ADA/USDT:USDT,0.8268,23410.0,0.8269,2578.0,0.8268,,155996400.0
1753504816246,04:40:16.246,bitmart,ADA/USDT:USDT,0.8268,23410.0,0.8269,2578.0,0.8268,,155996600.0
1753504817270,04:40:17.270,bitmart,ADA/USDT:USDT,0.8271,26305.0,0.8272,22477.0,0.8272,,155997930.0
1753504818239,04:40:18.239,bitmart,ADA/USDT:USDT,0.8271,20504.0,0.8272,22477.0,0.8272,,155997930.0
1753504819232,04:40:19.232,bitmart,ADA/USDT:USDT,0.8271,19179.0,0.8272,26252.0,0.8271,,155998270.0
1753504820147,04:40:20.147,bitmart,ADA/USDT:USDT,0.8271,19179.0,0.8272,26252.0,0.8271,,155998270.0
1753504821195,04:40:21.195,bitmart,ADA/USDT:USDT,0.8271,9046.0,0.8272,25469.0,0.8272,,155998444.0
1753504822247,04:40:22.247,bitmart,ADA/USDT:USDT,0.8271,9046.0,0.8272,16768.0,0.8272,,155998574.0
1753504823233,04:40:23.233,bitmart,ADA/USDT:USDT,0.8271,9046.0,0.8272,16768.0,0.8272,,155998574.0
1753504824194,04:40:24.194,bitmart,ADA/USDT:USDT,0.827,9679.0,0.8271,21948.0,0.8271,,155998762.0
1753504825259,04:40:25.259,bitmart,ADA/USDT:USDT,0.827,3542.0,0.8271,21948.0,0.827,,156000640.0
1753504826502,04:40:26.502,bitmart,ADA/USDT:USDT,0.8269,8558.0,0.827,27035.0,0.827,,156000770.0
1753504827248,04:40:27.248,bitmart,ADA/USDT:USDT,0.8268,3661.0,0.827,27035.0,0.8269,,156000954.0
1753504828281,04:40:28.281,bitmart,ADA/USDT:USDT,0.8268,24588.0,0.8269,26052.0,0.8268,,156001076.0
1753504829246,04:40:29.246,bitmart,ADA/USDT:USDT,0.8268,25474.0,0.8269,23701.0,0.8268,,156001222.0
1753504830194,04:40:30.194,bitmart,ADA/USDT:USDT,0.8268,25474.0,0.8269,23701.0,0.8268,,156001376.0
1753504831217,04:40:31.217,bitmart,ADA/USDT:USDT,0.8268,25737.0,0.8269,567.0,0.8268,,156001376.0
1753504832251,04:40:32.251,bitmart,ADA/USDT:USDT,0.8268,31541.0,0.827,13202.0,0.8269,,156001528.0
1753504833258,04:40:33.258,bitmart,ADA/USDT:USDT,0.8268,26611.0,0.8269,8627.0,0.8268,,156001744.0
1753504834276,04:40:34.276,bitmart,ADA/USDT:USDT,0.8268,26611.0,0.8269,20007.0,0.8268,,156002998.0
1753504835159,04:40:35.159,bitmart,ADA/USDT:USDT,0.8268,26611.0,0.8269,20007.0,0.8268,,156002998.0
1753504836192,04:40:36.192,bitmart,ADA/USDT:USDT,0.8268,26611.0,0.8269,22987.0,0.8268,,156003536.0
1753504837231,04:40:37.231,bitmart,ADA/USDT:USDT,0.8268,21899.0,0.8269,22154.0,0.8269,,156003762.0
1753504838190,04:40:38.190,bitmart,ADA/USDT:USDT,0.8265,8798.0,0.8269,8317.0,0.8268,,156003984.0
1753504839145,04:40:39.145,bitmart,ADA/USDT:USDT,0.8265,21799.0,0.8266,7212.0,0.8266,,156014420.0
1753504840188,04:40:40.188,bitmart,ADA/USDT:USDT,0.8264,9008.0,0.8265,25736.0,0.8265,,156015932.0
1753504841238,04:40:41.238,bitmart,ADA/USDT:USDT,0.8263,22096.0,0.8264,7164.0,0.8265,,156016998.0
1753504842190,04:40:42.190,bitmart,ADA/USDT:USDT,0.8263,22143.0,0.8264,6272.0,0.8263,,156017126.0
1753504843247,04:40:43.247,bitmart,ADA/USDT:USDT,0.8261,22609.0,0.8264,23577.0,0.8263,,156017998.0
1753504844249,04:40:44.249,bitmart,ADA/USDT:USDT,0.8262,22098.0,0.8264,3729.0,0.8262,,156019318.0
1753504845156,04:40:45.156,bitmart,ADA/USDT:USDT,0.8263,22840.0,0.8264,11902.0,0.8264,,156020144.0
1753504846262,04:40:46.262,bitmart,ADA/USDT:USDT,0.8263,22840.0,0.8264,21410.0,0.8263,,156020280.0
1753504847245,04:40:47.245,bitmart,ADA/USDT:USDT,0.8263,19598.0,0.8264,22263.0,0.8264,,156020460.0
1753504848246,04:40:48.246,bitmart,ADA/USDT:USDT,0.8262,3730.0,0.8263,24036.0,0.8263,,156022002.0
1753504849257,04:40:49.257,bitmart,ADA/USDT:USDT,0.8262,3249.0,0.8263,24036.0,0.8263,,156022002.0
1753504850248,04:40:50.248,bitmart,ADA/USDT:USDT,0.8262,3249.0,0.8263,24036.0,0.8262,,156022404.0
1753504851245,04:40:51.245,bitmart,ADA/USDT:USDT,0.8262,13156.0,0.8263,26965.0,0.8262,,156022404.0
1753504852247,04:40:52.247,bitmart,ADA/USDT:USDT,0.8262,3748.0,0.8263,26965.0,0.8262,,156022404.0
1753504853196,04:40:53.196,bitmart,ADA/USDT:USDT,0.8262,11511.0,0.8263,26965.0,0.8263,,156022584.0
1753504854158,04:40:54.158,bitmart,ADA/USDT:USDT,0.8262,11511.0,0.8263,15610.0,0.8263,,156022584.0
1753504855204,04:40:55.204,bitmart,ADA/USDT:USDT,0.8262,5858.0,0.8263,7605.0,0.8263,,156022788.0
1753504856245,04:40:56.245,bitmart,ADA/USDT:USDT,0.8262,22853.0,0.8263,7605.0,0.8263,,156023004.0
1753504857235,04:40:57.235,bitmart,ADA/USDT:USDT,0.8262,22853.0,0.8263,16260.0,0.8263,,156023004.0
1753504858260,04:40:58.260,bitmart,ADA/USDT:USDT,0.8262,7525.0,0.8263,6182.0,0.8262,,156023412.0
1753504859166,04:40:59.166,bitmart,ADA/USDT:USDT,0.8262,15905.0,0.8263,24795.0,0.8262,,156023760.0
1753504860251,04:41:00.251,bitmart,ADA/USDT:USDT,0.8262,12871.0,0.8263,21671.0,0.8262,,155872784.0
1753504861261,04:41:01.261,bitmart,ADA/USDT:USDT,0.8262,19874.0,0.8263,28119.0,0.8262,,155873146.0
1753504862251,04:41:02.251,bitmart,ADA/USDT:USDT,0.8262,15453.0,0.8263,26869.0,0.8263,,155873540.0
1753504863222,04:41:03.222,bitmart,ADA/USDT:USDT,0.8262,8515.0,0.8263,22928.0,0.8262,,155873726.0
1753504864256,04:41:04.256,bitmart,ADA/USDT:USDT,0.8262,21193.0,0.8263,22928.0,0.8263,,155873936.0
1753504865214,04:41:05.214,bitmart,ADA/USDT:USDT,0.8263,14175.0,0.8264,24184.0,0.8263,,155873936.0
1753504866191,04:41:06.191,bitmart,ADA/USDT:USDT,0.8263,22804.0,0.8264,3152.0,0.8263,,155882624.0
1753504867187,04:41:07.187,bitmart,ADA/USDT:USDT,0.8263,22804.0,0.8264,15106.0,0.8264,,155882810.0
1753504868259,04:41:08.259,bitmart,ADA/USDT:USDT,0.8263,22804.0,0.8264,15106.0,0.8263,,155883024.0
1753504869231,04:41:09.231,bitmart,ADA/USDT:USDT,0.8263,22479.0,0.8264,17918.0,0.8264,,155883196.0
1753504870274,04:41:10.274,bitmart,ADA/USDT:USDT,0.8263,23564.0,0.8264,19458.0,0.8263,,155883400.0
1753504871243,04:41:11.243,bitmart,ADA/USDT:USDT,0.8262,13316.0,0.8263,24508.0,0.8263,,155883574.0
1753504872261,04:41:12.261,bitmart,ADA/USDT:USDT,0.8262,22733.0,0.8263,14337.0,0.8263,,155883734.0
1753504873205,04:41:13.205,bitmart,ADA/USDT:USDT,0.8262,22733.0,0.8263,14337.0,0.8263,,155883734.0
1753504874257,04:41:14.257,bitmart,ADA/USDT:USDT,0.8262,23447.0,0.8263,14551.0,0.8263,,155885378.0
1753504875234,04:41:15.234,bitmart,ADA/USDT:USDT,0.8261,24572.0,0.8263,24815.0,0.8262,,155885504.0
1753504876148,04:41:16.148,bitmart,ADA/USDT:USDT,0.8261,24572.0,0.8262,15325.0,0.8262,,155885504.0
1753504877233,04:41:17.233,bitmart,ADA/USDT:USDT,0.8262,22325.0,0.8263,11881.0,0.8262,,155885854.0
1753504878233,04:41:18.233,bitmart,ADA/USDT:USDT,0.8262,22325.0,0.8263,11881.0,0.8262,,155885996.0
1753504879202,04:41:19.202,bitmart,ADA/USDT:USDT,0.8262,22326.0,0.8263,5907.0,0.8263,,155886142.0
1753504880245,04:41:20.245,bitmart,ADA/USDT:USDT,0.8262,21318.0,0.8263,7776.0,0.8263,,155886142.0
1753504881250,04:41:21.250,bitmart,ADA/USDT:USDT,0.8262,21318.0,0.8263,7776.0,0.8262,,155886352.0
1753504882195,04:41:22.195,bitmart,ADA/USDT:USDT,0.8262,21571.0,0.8263,1849.0,0.8262,,155886506.0
1753504883227,04:41:23.227,bitmart,ADA/USDT:USDT,0.8262,21571.0,0.8263,4630.0,0.8262,,155886660.0
1753504884187,04:41:24.187,bitmart,ADA/USDT:USDT,0.8262,21571.0,0.8263,4630.0,0.8263,,155886818.0
1753504885251,04:41:25.251,bitmart,ADA/USDT:USDT,0.8262,27167.0,0.8263,5493.0,0.8263,,155886962.0
1753504886194,04:41:26.194,bitmart,ADA/USDT:USDT,0.8262,16776.0,0.8263,24156.0,0.8263,,155886962.0
1753504887209,04:41:27.209,bitmart,ADA/USDT:USDT,0.8262,12483.0,0.8263,24156.0,0.8262,,155887088.0
1753504888186,04:41:28.186,bitmart,ADA/USDT:USDT,0.8261,18285.0,0.8262,26980.0,0.8263,,155887560.0
1753504889198,04:41:29.198,bitmart,ADA/USDT:USDT,0.8261,18285.0,0.8262,10273.0,0.8262,,155887684.0
1753504890184,04:41:30.184,bitmart,ADA/USDT:USDT,0.8262,26701.0,0.8263,11083.0,0.8262,,155887970.0
1753504891270,04:41:31.270,bitmart,ADA/USDT:USDT,0.8262,10066.0,0.8263,9646.0,0.8262,,155888174.0
1753504892249,04:41:32.249,bitmart,ADA/USDT:USDT,0.8262,10066.0,0.8263,20858.0,0.8262,,155888392.0
1753504893255,04:41:33.255,bitmart,ADA/USDT:USDT,0.8262,17806.0,0.8263,14967.0,0.8263,,155888532.0
1753504894191,04:41:34.191,bitmart,ADA/USDT:USDT,0.8262,17806.0,0.8263,2694.0,0.8262,,155888734.0
1753504895254,04:41:35.254,bitmart,ADA/USDT:USDT,0.8262,18883.0,0.8263,24047.0,0.8262,,155888908.0
1753504896181,04:41:36.181,bitmart,ADA/USDT:USDT,0.8261,1337.0,0.8262,21983.0,0.8262,,155889096.0
1753504897199,04:41:37.199,bitmart,ADA/USDT:USDT,0.8261,4357.0,0.8262,21983.0,0.8262,,155889096.0
1753504898233,04:41:38.233,bitmart,ADA/USDT:USDT,0.8261,26082.0,0.8262,21983.0,0.8261,,155889286.0
1753504899242,04:41:39.242,bitmart,ADA/USDT:USDT,0.8261,26082.0,0.8262,1969.0,0.8261,,155892038.0
1753504900257,04:41:40.257,bitmart,ADA/USDT:USDT,0.8262,25548.0,0.8263,26666.0,0.8261,,155892038.0
1753504901258,04:41:41.258,bitmart,ADA/USDT:USDT,0.8262,25548.0,0.8263,4596.0,0.8263,,155892186.0
1753504902190,04:41:42.190,bitmart,ADA/USDT:USDT,0.8262,25548.0,0.8263,9759.0,0.8262,,155892626.0
1753504903193,04:41:43.193,bitmart,ADA/USDT:USDT,0.8262,24080.0,0.8263,15126.0,0.8262,,155892864.0
1753504904242,04:41:44.242,bitmart,ADA/USDT:USDT,0.8262,13335.0,0.8263,15126.0,0.8263,,155893074.0
1753504905249,04:41:45.249,bitmart,ADA/USDT:USDT,0.8262,10146.0,0.8263,15126.0,0.8262,,155893208.0
1753504906246,04:41:46.246,bitmart,ADA/USDT:USDT,0.8262,10146.0,0.8263,15126.0,0.8263,,155893366.0
1753504907244,04:41:47.244,bitmart,ADA/USDT:USDT,0.8262,25304.0,0.8263,18240.0,0.8263,,155893366.0
1753504908256,04:41:48.256,bitmart,ADA/USDT:USDT,0.8262,6945.0,0.8263,25510.0,0.8262,,155893500.0
1753504909207,04:41:49.207,bitmart,ADA/USDT:USDT,0.8262,19038.0,0.8263,25510.0,0.8262,,155893680.0
1753504910256,04:41:50.256,bitmart,ADA/USDT:USDT,0.8262,19038.0,0.8263,10793.0,0.8262,,155893852.0
1753504911246,04:41:51.246,bitmart,ADA/USDT:USDT,0.8262,19038.0,0.8263,24855.0,0.8262,,155894126.0
1753504912260,04:41:52.260,bitmart,ADA/USDT:USDT,0.8262,19038.0,0.8263,16890.0,0.8262,,155894348.0
1753504913243,04:41:53.243,bitmart,ADA/USDT:USDT,0.8262,19038.0,0.8263,16890.0,0.8263,,155894548.0
1753504914178,04:41:54.178,bitmart,ADA/USDT:USDT,0.8262,10296.0,0.8263,21367.0,0.8263,,155894700.0
1753504915241,04:41:55.241,bitmart,ADA/USDT:USDT,0.8262,10296.0,0.8263,21367.0,0.8262,,155894850.0
1753504916190,04:41:56.190,bitmart,ADA/USDT:USDT,0.8262,16774.0,0.8263,11780.0,0.8262,,155895004.0
1753504917232,04:41:57.232,bitmart,ADA/USDT:USDT,0.8262,16774.0,0.8263,23984.0,0.8262,,155895216.0
1753504918205,04:41:58.205,bitmart,ADA/USDT:USDT,0.8262,8505.0,0.8263,6377.0,0.8263,,155895428.0
1753504919249,04:41:59.249,bitmart,ADA/USDT:USDT,0.8262,24310.0,0.8263,20996.0,0.8263,,155896036.0
1753504920176,04:42:00.176,bitmart,ADA/USDT:USDT,0.8262,15314.0,0.8263,21571.0,0.8262,,155896334.0
1753504921286,04:42:01.286,bitmart,ADA/USDT:USDT,0.8261,3687.0,0.8263,23894.0,0.8262,,155775374.0
1753504922249,04:42:02.249,bitmart,ADA/USDT:USDT,0.8262,17510.0,0.8263,3087.0,0.8262,,155775786.0
1753504923231,04:42:03.231,bitmart,ADA/USDT:USDT,0.8262,17510.0,0.8265,22684.0,0.8263,,155776306.0
1753504924257,04:42:04.257,bitmart,ADA/USDT:USDT,0.8262,21113.0,0.8265,22684.0,0.8265,,155776462.0
1753504925269,04:42:05.269,bitmart,ADA/USDT:USDT,0.8262,26702.0,0.8265,13170.0,0.8262,,155777170.0
1753504926176,04:42:06.176,bitmart,ADA/USDT:USDT,0.8264,24435.0,0.8265,1463.0,0.8265,,155783178.0
1753504927258,04:42:07.258,bitmart,ADA/USDT:USDT,0.8266,8487.0,0.8267,24438.0,0.8267,,155784248.0
1753504928245,04:42:08.245,bitmart,ADA/USDT:USDT,0.8266,7115.0,0.8267,24438.0,0.8267,,155784248.0
1753504929244,04:42:09.244,bitmart,ADA/USDT:USDT,0.8266,22726.0,0.8267,771.0,0.8266,,155784402.0
1753504930262,04:42:10.262,bitmart,ADA/USDT:USDT,0.8266,22726.0,0.8267,771.0,0.8267,,155787936.0
1753504931185,04:42:11.185,bitmart,ADA/USDT:USDT,0.8266,22423.0,0.8267,1542.0,0.8267,,155788546.0
1753504932246,04:42:12.246,bitmart,ADA/USDT:USDT,0.8266,8166.0,0.8268,23275.0,0.8267,,155788762.0
1753504933192,04:42:13.192,bitmart,ADA/USDT:USDT,0.8267,27120.0,0.8268,11653.0,0.8268,,155789976.0
1753504934205,04:42:14.205,bitmart,ADA/USDT:USDT,0.8267,27120.0,0.8268,18696.0,0.8268,,155789976.0
1753504935239,04:42:15.239,bitmart,ADA/USDT:USDT,0.8267,3095.0,0.8268,18696.0,0.8267,,155790152.0
1753504936251,04:42:16.251,bitmart,ADA/USDT:USDT,0.8266,22543.0,0.8267,19835.0,0.8268,,155790302.0
1753504937158,04:42:17.158,bitmart,ADA/USDT:USDT,0.8266,22543.0,0.8268,23905.0,0.8267,,155790522.0
1753504938199,04:42:18.199,bitmart,ADA/USDT:USDT,0.8267,20220.0,0.8268,3614.0,0.8267,,155790644.0
1753504939265,04:42:19.265,bitmart,ADA/USDT:USDT,0.8267,23961.0,0.8268,3579.0,0.8268,,155790844.0
1753504940171,04:42:20.171,bitmart,ADA/USDT:USDT,0.8267,23961.0,0.8268,174.0,0.8267,,155791046.0
1753504941153,04:42:21.153,bitmart,ADA/USDT:USDT,0.8267,23961.0,0.8268,2979.0,0.8268,,155791288.0
1753504942199,04:42:22.199,bitmart,ADA/USDT:USDT,0.8267,23961.0,0.8268,204.0,0.8267,,155791508.0
1753504943247,04:42:23.247,bitmart,ADA/USDT:USDT,0.8268,9612.0,0.8269,16004.0,0.8269,,155791658.0
1753504944198,04:42:24.198,bitmart,ADA/USDT:USDT,0.8268,21846.0,0.8269,16004.0,0.8268,,155791884.0
1753504945222,04:42:25.222,bitmart,ADA/USDT:USDT,0.8268,21846.0,0.8269,18200.0,0.8268,,155791884.0
1753504946246,04:42:26.246,bitmart,ADA/USDT:USDT,0.8268,17392.0,0.8269,18200.0,0.8268,,155792026.0
1753504947148,04:42:27.148,bitmart,ADA/USDT:USDT,0.8268,7776.0,0.8269,18200.0,0.8268,,155792026.0
1753504948196,04:42:28.196,bitmart,ADA/USDT:USDT,0.8268,7206.0,0.8269,25207.0,0.8268,,155792222.0
1753504949224,04:42:29.224,bitmart,ADA/USDT:USDT,0.8268,573.0,0.8269,25207.0,0.8268,,155792374.0
1753504950196,04:42:30.196,bitmart,ADA/USDT:USDT,0.8268,4065.0,0.8269,25207.0,0.8268,,155792556.0
1753504951249,04:42:31.249,bitmart,ADA/USDT:USDT,0.8268,4533.0,0.8269,22072.0,0.8268,,155792720.0
1753504952193,04:42:32.193,bitmart,ADA/USDT:USDT,0.8268,10010.0,0.8269,29604.0,0.8269,,155792852.0
1753504953207,04:42:33.207,bitmart,ADA/USDT:USDT,0.8268,5477.0,0.8269,23204.0,0.8269,,155792852.0
1753504954192,04:42:34.192,bitmart,ADA/USDT:USDT,0.8268,6526.0,0.8269,21214.0,0.8268,,155793058.0
1753504955250,04:42:35.250,bitmart,ADA/USDT:USDT,0.8268,10705.0,0.8269,29834.0,0.8268,,155793298.0
1753504956204,04:42:36.204,bitmart,ADA/USDT:USDT,0.8268,4179.0,0.8269,25115.0,0.8269,,155793454.0
1753504957269,04:42:37.269,bitmart,ADA/USDT:USDT,0.8268,8261.0,0.8269,25115.0,0.8268,,155793670.0
1753504958184,04:42:38.184,bitmart,ADA/USDT:USDT,0.8267,12329.0,0.8268,23907.0,0.8268,,155793838.0
1753504959255,04:42:39.255,bitmart,ADA/USDT:USDT,0.8267,7148.0,0.8268,23907.0,0.8268,,155794054.0
1753504960238,04:42:40.238,bitmart,ADA/USDT:USDT,0.8267,489.0,0.8268,22395.0,0.8267,,155796446.0
1753504961195,04:42:41.195,bitmart,ADA/USDT:USDT,0.8266,12442.0,0.8267,25794.0,0.8267,,155797464.0
1753504962258,04:42:42.258,bitmart,ADA/USDT:USDT,0.8266,6425.0,0.8267,7049.0,0.8266,,155797654.0
1753504963268,04:42:43.268,bitmart,ADA/USDT:USDT,0.8266,21108.0,0.8267,256.0,0.8266,,155797882.0
1753504964190,04:42:44.190,bitmart,ADA/USDT:USDT,0.8267,21583.0,0.8268,4972.0,0.8266,,155798034.0
1753504965195,04:42:45.195,bitmart,ADA/USDT:USDT,0.8267,21583.0,0.8268,10704.0,0.8266,,155798034.0
1753504966257,04:42:46.257,bitmart,ADA/USDT:USDT,0.8267,21583.0,0.8268,552.0,0.8267,,155798186.0
1753504967155,04:42:47.155,bitmart,ADA/USDT:USDT,0.8267,25715.0,0.8268,487.0,0.8267,,155798186.0
1753504968234,04:42:48.234,bitmart,ADA/USDT:USDT,0.8267,25715.0,0.8269,3857.0,0.8268,,155798366.0
1753504969257,04:42:49.257,bitmart,ADA/USDT:USDT,0.8268,11342.0,0.8269,19320.0,0.8268,,155798528.0
1753504970183,04:42:50.183,bitmart,ADA/USDT:USDT,0.8268,16284.0,0.8269,7624.0,0.8268,,155798764.0
1753504971208,04:42:51.208,bitmart,ADA/USDT:USDT,0.8268,25901.0,0.8269,5467.0,0.8268,,155798944.0
1753504972238,04:42:52.238,bitmart,ADA/USDT:USDT,0.827,15258.0,0.8271,25244.0,0.8269,,155800408.0
1753504973220,04:42:53.220,bitmart,ADA/USDT:USDT,0.827,9698.0,0.8271,25244.0,0.827,,155800568.0
1753504974139,04:42:54.139,bitmart,ADA/USDT:USDT,0.827,16392.0,0.8271,31023.0,0.827,,155800568.0
1753504975283,04:42:55.283,bitmart,ADA/USDT:USDT,0.8268,12599.0,0.827,22304.0,0.8271,,155800710.0
1753504976207,04:42:56.207,bitmart,ADA/USDT:USDT,0.8268,12599.0,0.8269,22234.0,0.8269,,155801068.0
1753504977231,04:42:57.231,bitmart,ADA/USDT:USDT,0.8268,17857.0,0.8269,28797.0,0.8268,,155801380.0
1753504978229,04:42:58.229,bitmart,ADA/USDT:USDT,0.8268,21187.0,0.8269,3930.0,0.8268,,155801380.0
1753504979198,04:42:59.198,bitmart,ADA/USDT:USDT,0.8268,21187.0,0.8269,7581.0,0.8268,,155801676.0
1753504980216,04:43:00.216,bitmart,ADA/USDT:USDT,0.8268,21187.0,0.8269,7581.0,0.8268,,155802282.0
1753504981268,04:43:01.268,bitmart,ADA/USDT:USDT,0.8268,21187.0,0.8269,4614.0,0.8268,,155674606.0
1753504982251,04:43:02.251,bitmart,ADA/USDT:USDT,0.8268,24909.0,0.8269,8934.0,0.8268,,155675166.0
1753504983244,04:43:03.244,bitmart,ADA/USDT:USDT,0.8268,4865.0,0.8269,21760.0,0.8269,,155675372.0
1753504984227,04:43:04.227,bitmart,ADA/USDT:USDT,0.8267,1758.0,0.8268,26012.0,0.8269,,155675540.0
1753504985233,04:43:05.233,bitmart,ADA/USDT:USDT,0.8266,25495.0,0.8268,26012.0,0.8268,,155677178.0
1753504986252,04:43:06.252,bitmart,ADA/USDT:USDT,0.8266,25495.0,0.8267,1521.0,0.8267,,155677362.0
1753504987244,04:43:07.244,bitmart,ADA/USDT:USDT,0.8267,21580.0,0.8268,6192.0,0.8267,,155678490.0
1753504988250,04:43:08.250,bitmart,ADA/USDT:USDT,0.8267,21580.0,0.8268,3223.0,0.8267,,155678692.0
1753504989244,04:43:09.244,bitmart,ADA/USDT:USDT,0.8267,13499.0,0.8268,13112.0,0.8268,,155678854.0
1753504990250,04:43:10.250,bitmart,ADA/USDT:USDT,0.8267,13499.0,0.8268,4710.0,0.8268,,155678854.0
1753504991228,04:43:11.228,bitmart,ADA/USDT:USDT,0.8267,13499.0,0.8268,5363.0,0.8268,,155679016.0
1753504992249,04:43:12.249,bitmart,ADA/USDT:USDT,0.8267,13499.0,0.8268,5615.0,0.8267,,155679186.0
1753504993254,04:43:13.254,bitmart,ADA/USDT:USDT,0.8267,13499.0,0.8268,9798.0,0.8267,,155679186.0
1753504994252,04:43:14.252,bitmart,ADA/USDT:USDT,0.8267,13499.0,0.8268,7010.0,0.8267,,155679416.0
1753504995211,04:43:15.211,bitmart,ADA/USDT:USDT,0.8267,13499.0,0.8268,1401.0,0.8267,,155679640.0
1753504996205,04:43:16.205,bitmart,ADA/USDT:USDT,0.8267,23946.0,0.8268,2061.0,0.8268,,155679880.0
1753504997256,04:43:17.256,bitmart,ADA/USDT:USDT,0.8267,23946.0,0.8268,1148.0,0.8268,,155680008.0
1753504998242,04:43:18.242,bitmart,ADA/USDT:USDT,0.8267,23946.0,0.8268,4203.0,0.8268,,155680156.0
1753504999222,04:43:19.222,bitmart,ADA/USDT:USDT,0.8268,22625.0,0.827,13299.0,0.8267,,155680310.0
1753505000255,04:43:20.255,bitmart,ADA/USDT:USDT,0.8269,5609.0,0.827,21956.0,0.8269,,155680666.0
1753505001160,04:43:21.160,bitmart,ADA/USDT:USDT,0.8268,4298.0,0.827,21956.0,0.8269,,155680896.0
1753505002257,04:43:22.257,bitmart,ADA/USDT:USDT,0.8268,17448.0,0.8269,25403.0,0.8268,,155681022.0
1753505003174,04:43:23.174,bitmart,ADA/USDT:USDT,0.8268,25560.0,0.8269,32430.0,0.8268,,155681164.0
1753505004193,04:43:24.193,bitmart,ADA/USDT:USDT,0.8268,17750.0,0.8269,10179.0,0.8269,,155681470.0
1753505005233,04:43:25.233,bitmart,ADA/USDT:USDT,0.8268,11323.0,0.8269,10179.0,0.8268,,155682874.0
1753505006201,04:43:26.201,bitmart,ADA/USDT:USDT,0.8268,24642.0,0.8269,13377.0,0.8269,,155683086.0
1753505007176,04:43:27.176,bitmart,ADA/USDT:USDT,0.8268,15407.0,0.8269,13377.0,0.8268,,155683264.0
1753505008206,04:43:28.206,bitmart,ADA/USDT:USDT,0.8268,23480.0,0.8269,20218.0,0.8268,,155683454.0
1753505009226,04:43:29.226,bitmart,ADA/USDT:USDT,0.8268,21309.0,0.8269,1433.0,0.8269,,155683604.0
1753505010198,04:43:30.198,bitmart,ADA/USDT:USDT,0.8268,21309.0,0.827,11871.0,0.8269,,155683806.0
1753505011230,04:43:31.230,bitmart,ADA/USDT:USDT,0.8269,21209.0,0.827,11871.0,0.8269,,155683988.0
1753505012190,04:43:32.190,bitmart,ADA/USDT:USDT,0.8269,21209.0,0.827,19199.0,0.8269,,155683988.0
1753505013201,04:43:33.201,bitmart,ADA/USDT:USDT,0.8269,29390.0,0.827,27072.0,0.827,,155684194.0
1753505014247,04:43:34.247,bitmart,ADA/USDT:USDT,0.8268,10233.0,0.827,25638.0,0.8269,,155684822.0
1753505015289,04:43:35.289,bitmart,ADA/USDT:USDT,0.8268,10233.0,0.8269,22240.0,0.8268,,155685124.0
1753505016237,04:43:36.237,bitmart,ADA/USDT:USDT,0.8268,16183.0,0.8269,6056.0,0.8268,,155687334.0
1753505017234,04:43:37.234,bitmart,ADA/USDT:USDT,0.8268,11461.0,0.8269,19557.0,0.8268,,155687572.0
1753505018262,04:43:38.262,bitmart,ADA/USDT:USDT,0.8268,11461.0,0.8269,19557.0,0.8269,,155687754.0
1753505019217,04:43:39.217,bitmart,ADA/USDT:USDT,0.8268,4435.0,0.8269,19663.0,0.8269,,155687754.0
1753505020186,04:43:40.186,bitmart,ADA/USDT:USDT,0.8267,4057.0,0.8269,19663.0,0.8268,,155687962.0
1753505021164,04:43:41.164,bitmart,ADA/USDT:USDT,0.8267,13288.0,0.8268,22920.0,0.8267,,155688136.0
1753505022241,04:43:42.241,bitmart,ADA/USDT:USDT,0.8267,7041.0,0.8268,22920.0,0.8267,,155688270.0
1753505023177,04:43:43.177,bitmart,ADA/USDT:USDT,0.8267,7041.0,0.8268,22920.0,0.8267,,155688270.0
1753505024242,04:43:44.242,bitmart,ADA/USDT:USDT,0.8267,16399.0,0.8268,18532.0,0.8268,,155688402.0
1753505025233,04:43:45.233,bitmart,ADA/USDT:USDT,0.8267,22906.0,0.8268,24948.0,0.8267,,155688626.0
1753505026194,04:43:46.194,bitmart,ADA/USDT:USDT,0.8267,14735.0,0.8268,15296.0,0.8268,,155688798.0
1753505027230,04:43:47.230,bitmart,ADA/USDT:USDT,0.8267,26767.0,0.8268,1268.0,0.8268,,155688798.0
1753505028256,04:43:48.256,bitmart,ADA/USDT:USDT,0.8267,26767.0,0.8268,1268.0,0.8267,,155689034.0
1753505029261,04:43:49.261,bitmart,ADA/USDT:USDT,0.8267,26767.0,0.8268,8735.0,0.8268,,155689296.0
1753505030214,04:43:50.214,bitmart,ADA/USDT:USDT,0.8267,26767.0,0.8268,5424.0,0.8267,,155689440.0
1753505031205,04:43:51.205,bitmart,ADA/USDT:USDT,0.8267,26767.0,0.8268,5839.0,0.8268,,155689572.0
1753505032250,04:43:52.250,bitmart,ADA/USDT:USDT,0.8267,26767.0,0.8268,5839.0,0.8267,,155689718.0
1753505033256,04:43:53.256,bitmart,ADA/USDT:USDT,0.8267,14745.0,0.8268,13627.0,0.8267,,155689842.0
1753505034256,04:43:54.256,bitmart,ADA/USDT:USDT,0.8267,16916.0,0.8268,7946.0,0.8268,,155690034.0
1753505035194,04:43:55.194,bitmart,ADA/USDT:USDT,0.8267,16916.0,0.8268,2994.0,0.8268,,155690034.0
1753505036247,04:43:56.247,bitmart,ADA/USDT:USDT,0.8267,16916.0,0.8268,24726.0,0.8267,,155690424.0
1753505037258,04:43:57.258,bitmart,ADA/USDT:USDT,0.8267,18901.0,0.8268,20994.0,0.8267,,155690630.0
1753505038245,04:43:58.245,bitmart,ADA/USDT:USDT,0.8267,18901.0,0.8268,20994.0,0.8268,,155690840.0
1753505039246,04:43:59.246,bitmart,ADA/USDT:USDT,0.8267,2239.0,0.8268,20994.0,0.8267,,155691166.0
1753505040259,04:44:00.259,bitmart,ADA/USDT:USDT,0.8267,9992.0,0.8268,20994.0,0.8267,,155473872.0
1753505041248,04:44:01.248,bitmart,ADA/USDT:USDT,0.8267,20499.0,0.8268,20994.0,0.8268,,155474308.0
1753505042251,04:44:02.251,bitmart,ADA/USDT:USDT,0.8267,14908.0,0.8268,8606.0,0.8267,,155474658.0
1753505043243,04:44:03.243,bitmart,ADA/USDT:USDT,0.8267,14908.0,0.8268,24605.0,0.8268,,155474796.0
1753505044245,04:44:04.245,bitmart,ADA/USDT:USDT,0.8267,14908.0,0.8268,10013.0,0.8268,,155474796.0
1753505045220,04:44:05.220,bitmart,ADA/USDT:USDT,0.8266,4287.0,0.8268,18140.0,0.8268,,155474990.0
1753505046151,04:44:06.151,bitmart,ADA/USDT:USDT,0.8266,9783.0,0.8267,23024.0,0.8268,,155474990.0
1753505047280,04:44:07.280,bitmart,ADA/USDT:USDT,0.8266,3927.0,0.8267,23024.0,0.8267,,155475750.0
1753505048188,04:44:08.188,bitmart,ADA/USDT:USDT,0.8265,8009.0,0.8267,23024.0,0.8266,,155475888.0
1753505049138,04:44:09.138,bitmart,ADA/USDT:USDT,0.8265,8009.0,0.8266,24721.0,0.8266,,155475888.0
1753505050276,04:44:10.276,bitmart,ADA/USDT:USDT,0.8265,24091.0,0.8266,24721.0,0.8265,,155476062.0
1753505051190,04:44:11.190,bitmart,ADA/USDT:USDT,0.8265,23983.0,0.8266,26523.0,0.8265,,155476192.0
1753505052143,04:44:12.143,bitmart,ADA/USDT:USDT,0.8265,23983.0,0.8266,26523.0,0.8265,,155476330.0
1753505053214,04:44:13.214,bitmart,ADA/USDT:USDT,0.8265,23199.0,0.8266,15717.0,0.8265,,155476502.0
1753505054243,04:44:14.243,bitmart,ADA/USDT:USDT,0.8266,14981.0,0.8268,19407.0,0.8265,,155476688.0
1753505055164,04:44:15.164,bitmart,ADA/USDT:USDT,0.8266,15233.0,0.8267,23660.0,0.8267,,155484556.0
1753505056240,04:44:16.240,bitmart,ADA/USDT:USDT,0.8266,16682.0,0.8267,22187.0,0.8266,,155484686.0
1753505057239,04:44:17.239,bitmart,ADA/USDT:USDT,0.8265,4520.0,0.8267,22187.0,0.8267,,155484842.0
1753505058158,04:44:18.158,bitmart,ADA/USDT:USDT,0.8264,25322.0,0.8266,24014.0,0.8267,,155484842.0
1753505059214,04:44:19.214,bitmart,ADA/USDT:USDT,0.8265,25027.0,0.8266,3837.0,0.8265,,155485030.0
1753505060194,04:44:20.194,bitmart,ADA/USDT:USDT,0.8265,25027.0,0.8266,3837.0,0.8265,,155485290.0
1753505061183,04:44:21.183,bitmart,ADA/USDT:USDT,0.8265,24201.0,0.8266,9642.0,0.8265,,155485484.0
1753505062200,04:44:22.200,bitmart,ADA/USDT:USDT,0.8265,15764.0,0.8266,1332.0,0.8265,,155485860.0
1753505063198,04:44:23.198,bitmart,ADA/USDT:USDT,0.8265,15764.0,0.8266,12351.0,0.8266,,155485990.0
1753505064141,04:44:24.141,bitmart,ADA/USDT:USDT,0.8265,15764.0,0.8266,4764.0,0.8266,,155485990.0
1753505065157,04:44:25.157,bitmart,ADA/USDT:USDT,0.8265,15764.0,0.8266,4594.0,0.8266,,155485990.0
1753505066184,04:44:26.184,bitmart,ADA/USDT:USDT,0.8265,15764.0,0.8266,9266.0,0.8265,,155486166.0
1753505067199,04:44:27.199,bitmart,ADA/USDT:USDT,0.8265,17953.0,0.8266,5748.0,0.8265,,155486328.0
1753505068213,04:44:28.213,bitmart,ADA/USDT:USDT,0.8265,24827.0,0.8266,3777.0,0.8265,,155486490.0
1753505069260,04:44:29.260,bitmart,ADA/USDT:USDT,0.8265,11705.0,0.8266,4663.0,0.8265,,155486628.0
1753505070162,04:44:30.162,bitmart,ADA/USDT:USDT,0.8265,11705.0,0.8266,4663.0,0.8266,,155486800.0
1753505071197,04:44:31.197,bitmart,ADA/USDT:USDT,0.8265,17375.0,0.8266,10157.0,0.8266,,155486938.0
1753505072240,04:44:32.240,bitmart,ADA/USDT:USDT,0.8265,17375.0,0.8266,10157.0,0.8266,,155487182.0
1753505073246,04:44:33.246,bitmart,ADA/USDT:USDT,0.8265,16955.0,0.8266,23150.0,0.8265,,155487338.0
1753505074244,04:44:34.244,bitmart,ADA/USDT:USDT,0.8265,13715.0,0.8266,23150.0,0.8265,,155487574.0
1753505075261,04:44:35.261,bitmart,ADA/USDT:USDT,0.8265,13715.0,0.8266,23150.0,0.8265,,155487720.0
1753505076192,04:44:36.192,bitmart,ADA/USDT:USDT,0.8265,23108.0,0.8266,15012.0,0.8265,,155487720.0
1753505077202,04:44:37.202,bitmart,ADA/USDT:USDT,0.8265,23108.0,0.8266,3874.0,0.8266,,155487846.0
1753505078245,04:44:38.245,bitmart,ADA/USDT:USDT,0.8265,13896.0,0.8266,10536.0,0.8266,,155488000.0
1753505079257,04:44:39.257,bitmart,ADA/USDT:USDT,0.8265,8408.0,0.8266,6441.0,0.8266,,155488144.0
1753505080252,04:44:40.252,bitmart,ADA/USDT:USDT,0.8265,16727.0,0.8266,6441.0,0.8266,,155488324.0
1753505081249,04:44:41.249,bitmart,ADA/USDT:USDT,0.8265,16727.0,0.8266,6374.0,0.8266,,155488462.0
1753505082193,04:44:42.193,bitmart,ADA/USDT:USDT,0.8265,16727.0,0.8266,13753.0,0.8266,,155488670.0
1753505083202,04:44:43.202,bitmart,ADA/USDT:USDT,0.8265,22344.0,0.8266,14038.0,0.8266,,155488860.0
1753505084231,04:44:44.231,bitmart,ADA/USDT:USDT,0.8265,22344.0,0.8266,14038.0,0.8266,,155489102.0
1753505085202,04:44:45.202,bitmart,ADA/USDT:USDT,0.8265,10813.0,0.8266,14038.0,0.8266,,155489102.0
1753505086258,04:44:46.258,bitmart,ADA/USDT:USDT,0.8265,4961.0,0.8266,20235.0,0.8265,,155489226.0
1753505087204,04:44:47.204,bitmart,ADA/USDT:USDT,0.8265,12635.0,0.8266,20235.0,0.8265,,155489382.0
1753505088248,04:44:48.248,bitmart,ADA/USDT:USDT,0.8265,18929.0,0.8266,25573.0,0.8266,,155489622.0
1753505089248,04:44:49.248,bitmart,ADA/USDT:USDT,0.8265,11596.0,0.8266,12595.0,0.8266,,155489622.0
1753505090252,04:44:50.252,bitmart,ADA/USDT:USDT,0.8264,21674.0,0.8266,24264.0,0.8265,,155489824.0
1753505091199,04:44:51.199,bitmart,ADA/USDT:USDT,0.8264,21674.0,0.8265,21985.0,0.8265,,155490036.0
1753505092158,04:44:52.158,bitmart,ADA/USDT:USDT,0.8264,21674.0,0.8265,6579.0,0.8265,,155490036.0
1753505093160,04:44:53.160,bitmart,ADA/USDT:USDT,0.8264,21674.0,0.8265,15841.0,0.8265,,155490246.0
1753505094257,04:44:54.257,bitmart,ADA/USDT:USDT,0.8264,21674.0,0.8265,7370.0,0.8264,,155490452.0
1753505095197,04:44:55.197,bitmart,ADA/USDT:USDT,0.8264,21267.0,0.8265,6638.0,0.8265,,155490684.0
1753505096250,04:44:56.250,bitmart,ADA/USDT:USDT,0.8265,24384.0,0.8266,13558.0,0.8265,,155491408.0
1753505097239,04:44:57.239,bitmart,ADA/USDT:USDT,0.8265,24384.0,0.8266,4510.0,0.8265,,155491408.0
1753505098254,04:44:58.254,bitmart,ADA/USDT:USDT,0.8265,24384.0,0.8266,12960.0,0.8266,,155492214.0
1753505099169,04:44:59.169,bitmart,ADA/USDT:USDT,0.8265,24384.0,0.8266,7164.0,0.8266,,155492568.0
1753505100217,04:45:00.217,bitmart,ADA/USDT:USDT,0.8265,4914.0,0.8266,14520.0,0.8266,,155493736.0
1753505101246,04:45:01.246,bitmart,ADA/USDT:USDT,0.8265,3331.0,0.8266,14520.0,0.8265,,155414366.0
1753505102235,04:45:02.235,bitmart,ADA/USDT:USDT,0.8265,592.0,0.8266,14520.0,0.8265,,155414796.0
1753505103202,04:45:03.202,bitmart,ADA/USDT:USDT,0.8264,13993.0,0.8266,21285.0,0.8266,,155414918.0
1753505104254,04:45:04.254,bitmart,ADA/USDT:USDT,0.8264,13993.0,0.8265,25636.0,0.8265,,155415090.0
1753505105266,04:45:05.266,bitmart,ADA/USDT:USDT,0.8264,7200.0,0.8265,5926.0,0.8265,,155416152.0
1753505106253,04:45:06.253,bitmart,ADA/USDT:USDT,0.8264,12157.0,0.8265,23390.0,0.8264,,155416390.0
1753505107244,04:45:07.244,bitmart,ADA/USDT:USDT,0.8263,22037.0,0.8264,25241.0,0.8264,,155416390.0
1753505108260,04:45:08.260,bitmart,ADA/USDT:USDT,0.8263,13613.0,0.8264,22425.0,0.8263,,155416676.0
1753505109237,04:45:09.237,bitmart,ADA/USDT:USDT,0.8263,13613.0,0.8264,22425.0,0.8264,,155416828.0
1753505110255,04:45:10.255,bitmart,ADA/USDT:USDT,0.8263,4528.0,0.8264,21693.0,0.8263,,155417012.0
1753505111164,04:45:11.164,bitmart,ADA/USDT:USDT,0.8263,4528.0,0.8264,21693.0,0.8263,,155417012.0
1753505112195,04:45:12.195,bitmart,ADA/USDT:USDT,0.8262,4369.0,0.8263,24031.0,0.8264,,155417148.0
1753505113242,04:45:13.242,bitmart,ADA/USDT:USDT,0.8262,13520.0,0.8263,24031.0,0.8262,,155417366.0
1753505114251,04:45:14.251,bitmart,ADA/USDT:USDT,0.8262,13520.0,0.8263,24031.0,0.8263,,155419066.0
1753505115208,04:45:15.208,bitmart,ADA/USDT:USDT,0.8262,14708.0,0.8264,4518.0,0.8262,,155419272.0
1753505116227,04:45:16.227,bitmart,ADA/USDT:USDT,0.8263,26984.0,0.8264,17503.0,0.8263,,155419426.0
1753505117261,04:45:17.261,bitmart,ADA/USDT:USDT,0.8263,34590.0,0.8264,24022.0,0.8264,,155419620.0
1753505118247,04:45:18.247,bitmart,ADA/USDT:USDT,0.8263,25100.0,0.8264,17384.0,0.8264,,155419822.0
1753505119255,04:45:19.255,bitmart,ADA/USDT:USDT,0.8263,23271.0,0.8264,21503.0,0.8263,,155420696.0
1753505120192,04:45:20.192,bitmart,ADA/USDT:USDT,0.8263,23271.0,0.8264,21503.0,0.8264,,155420852.0
1753505121193,04:45:21.193,bitmart,ADA/USDT:USDT,0.8263,23694.0,0.8264,19262.0,0.8264,,155420852.0
1753505122188,04:45:22.188,bitmart,ADA/USDT:USDT,0.8263,23694.0,0.8264,19262.0,0.8263,,155421082.0
1753505123256,04:45:23.256,bitmart,ADA/USDT:USDT,0.8263,24095.0,0.8264,22381.0,0.8263,,155421224.0
1753505124256,04:45:24.256,bitmart,ADA/USDT:USDT,0.8263,5476.0,0.8264,5979.0,0.8264,,155421448.0
1753505125191,04:45:25.191,bitmart,ADA/USDT:USDT,0.8263,22118.0,0.8264,24385.0,0.8263,,155421652.0
1753505126496,04:45:26.496,bitmart,ADA/USDT:USDT,0.8261,3100.0,0.8262,25781.0,0.8263,,155422428.0
1753505127229,04:45:27.229,bitmart,ADA/USDT:USDT,0.826,4430.0,0.8262,25781.0,0.8262,,155425616.0
1753505128249,04:45:28.249,bitmart,ADA/USDT:USDT,0.826,4430.0,0.8261,22339.0,0.826,,155425832.0
1753505129162,04:45:29.162,bitmart,ADA/USDT:USDT,0.826,11806.0,0.8261,22339.0,0.826,,155426070.0
1753505130246,04:45:30.246,bitmart,ADA/USDT:USDT,0.826,8020.0,0.8261,22339.0,0.826,,155426286.0
1753505131245,04:45:31.245,bitmart,ADA/USDT:USDT,0.826,21778.0,0.8261,8570.0,0.826,,155426286.0
1753505132259,04:45:32.259,bitmart,ADA/USDT:USDT,0.8263,1641.0,0.8264,16253.0,0.826,,155426514.0
1753505133210,04:45:33.210,bitmart,ADA/USDT:USDT,0.8262,17701.0,0.8263,26164.0,0.8264,,155431540.0
1753505134214,04:45:34.214,bitmart,ADA/USDT:USDT,0.8262,7931.0,0.8263,26164.0,0.8263,,155432192.0
1753505135257,04:45:35.257,bitmart,ADA/USDT:USDT,0.8262,16052.0,0.8263,27075.0,0.8263,,155432316.0
1753505136191,04:45:36.191,bitmart,ADA/USDT:USDT,0.8262,1554.0,0.8263,27075.0,0.8262,,155432456.0
1753505137209,04:45:37.209,bitmart,ADA/USDT:USDT,0.8261,14643.0,0.8262,26992.0,0.8263,,155432652.0
1753505138225,04:45:38.225,bitmart,ADA/USDT:USDT,0.826,18440.0,0.8261,5364.0,0.8261,,155433868.0
1753505139228,04:45:39.228,bitmart,ADA/USDT:USDT,0.826,18440.0,0.8261,5364.0,0.826,,155434314.0
1753505140161,04:45:40.161,bitmart,ADA/USDT:USDT,0.826,4267.0,0.8261,24440.0,0.826,,155434314.0
1753505141195,04:45:41.195,bitmart,ADA/USDT:USDT,0.826,3636.0,0.8261,8085.0,0.8261,,155434480.0
1753505142193,04:45:42.193,bitmart,ADA/USDT:USDT,0.826,9200.0,0.8261,23184.0,0.826,,155434608.0
1753505143208,04:45:43.208,bitmart,ADA/USDT:USDT,0.826,21919.0,0.8261,18802.0,0.826,,155434746.0
1753505144195,04:45:44.195,bitmart,ADA/USDT:USDT,0.826,14278.0,0.8261,18802.0,0.826,,155436872.0
1753505145157,04:45:45.157,bitmart,ADA/USDT:USDT,0.826,22260.0,0.8263,7917.0,0.826,,155436872.0
1753505146244,04:45:46.244,bitmart,ADA/USDT:USDT,0.8262,16093.0,0.8263,22501.0,0.8262,,155440354.0
1753505147263,04:45:47.263,bitmart,ADA/USDT:USDT,0.8262,17505.0,0.8263,21006.0,0.8262,,155440530.0
1753505148163,04:45:48.163,bitmart,ADA/USDT:USDT,0.8262,17505.0,0.8263,21006.0,0.8262,,155440904.0
1753505149210,04:45:49.210,bitmart,ADA/USDT:USDT,0.8262,3878.0,0.8263,21006.0,0.8262,,155440904.0
1753505150246,04:45:50.246,bitmart,ADA/USDT:USDT,0.8261,15189.0,0.8262,10249.0,0.8262,,155440904.0
1753505151150,04:45:51.150,bitmart,ADA/USDT:USDT,0.8261,22680.0,0.8262,15959.0,0.8261,,155441074.0
1753505152201,04:45:52.201,bitmart,ADA/USDT:USDT,0.8261,16378.0,0.8262,4107.0,0.8261,,155441074.0
1753505153249,04:45:53.249,bitmart,ADA/USDT:USDT,0.8261,16378.0,0.8262,737.0,0.8261,,155441270.0
1753505154244,04:45:54.244,bitmart,ADA/USDT:USDT,0.8261,16378.0,0.8262,737.0,0.8262,,155441404.0
1753505155224,04:45:55.224,bitmart,ADA/USDT:USDT,0.8261,21204.0,0.8262,1127.0,0.8261,,155441542.0
1753505156252,04:45:56.252,bitmart,ADA/USDT:USDT,0.8261,21204.0,0.8262,869.0,0.8262,,155441690.0
1753505157246,04:45:57.246,bitmart,ADA/USDT:USDT,0.8261,21204.0,0.8262,2534.0,0.8261,,155441850.0
1753505158235,04:45:58.235,bitmart,ADA/USDT:USDT,0.8261,21204.0,0.8262,5275.0,0.8261,,155442154.0
1753505159198,04:45:59.198,bitmart,ADA/USDT:USDT,0.8261,22927.0,0.8262,2645.0,0.8261,,155442546.0
1753505160235,04:46:00.235,bitmart,ADA/USDT:USDT,0.8261,22927.0,0.8262,2645.0,0.8262,,155335942.0
1753505161164,04:46:01.164,bitmart,ADA/USDT:USDT,0.8261,22629.0,0.8262,3715.0,0.8261,,155336332.0
1753505162232,04:46:02.232,bitmart,ADA/USDT:USDT,0.8261,7746.0,0.8262,5686.0,0.8261,,155336806.0
1753505163250,04:46:03.250,bitmart,ADA/USDT:USDT,0.8261,25839.0,0.8262,5686.0,0.8262,,155337004.0
1753505164245,04:46:04.245,bitmart,ADA/USDT:USDT,0.8261,23587.0,0.8262,2173.0,0.8261,,155337138.0
1753505165204,04:46:05.204,bitmart,ADA/USDT:USDT,0.8261,28782.0,0.8262,4281.0,0.8262,,155337302.0
1753505166158,04:46:06.158,bitmart,ADA/USDT:USDT,0.8261,22801.0,0.8262,2108.0,0.8261,,155337424.0
1753505167251,04:46:07.251,bitmart,ADA/USDT:USDT,0.8261,10416.0,0.8262,24740.0,0.8261,,155337424.0
1753505168279,04:46:08.279,bitmart,ADA/USDT:USDT,0.8261,17403.0,0.8262,31602.0,0.8261,,155337658.0
1753505169209,04:46:09.209,bitmart,ADA/USDT:USDT,0.8261,21457.0,0.8262,18268.0,0.8261,,155337872.0
1753505170237,04:46:10.237,bitmart,ADA/USDT:USDT,0.8261,21457.0,0.8262,3157.0,0.8262,,155338088.0
1753505171230,04:46:11.230,bitmart,ADA/USDT:USDT,0.8261,21457.0,0.8262,5395.0,0.8262,,155338088.0
1753505172249,04:46:12.249,bitmart,ADA/USDT:USDT,0.8261,10773.0,0.8262,15077.0,0.8262,,155338258.0
1753505173259,04:46:13.259,bitmart,ADA/USDT:USDT,0.8261,10773.0,0.8262,15077.0,0.8262,,155338258.0
1753505174198,04:46:14.198,bitmart,ADA/USDT:USDT,0.8261,16599.0,0.8262,19211.0,0.8262,,155338394.0
1753505175195,04:46:15.195,bitmart,ADA/USDT:USDT,0.8261,22804.0,0.8262,24699.0,0.8261,,155338566.0
1753505176247,04:46:16.247,bitmart,ADA/USDT:USDT,0.8261,14149.0,0.8262,18887.0,0.8261,,155338566.0
1753505177188,04:46:17.188,bitmart,ADA/USDT:USDT,0.8261,6261.0,0.8262,21567.0,0.8262,,155338718.0
1753505178185,04:46:18.185,bitmart,ADA/USDT:USDT,0.8261,6261.0,0.8262,21567.0,0.8261,,155338898.0
1753505179213,04:46:19.213,bitmart,ADA/USDT:USDT,0.8261,4305.0,0.8262,21567.0,0.8261,,155339082.0
1753505180241,04:46:20.241,bitmart,ADA/USDT:USDT,0.8261,11656.0,0.8262,21809.0,0.8261,,155339082.0
1753505181209,04:46:21.209,bitmart,ADA/USDT:USDT,0.8261,11656.0,0.8262,7904.0,0.8261,,155339396.0
1753505182152,04:46:22.152,bitmart,ADA/USDT:USDT,0.8261,11656.0,0.8262,7904.0,0.8261,,155339396.0
1753505183227,04:46:23.227,bitmart,ADA/USDT:USDT,0.8261,23731.0,0.8262,7306.0,0.8261,,155339760.0
1753505184242,04:46:24.242,bitmart,ADA/USDT:USDT,0.8261,16797.0,0.8262,7585.0,0.8262,,155339934.0
1753505185230,04:46:25.230,bitmart,ADA/USDT:USDT,0.8261,21795.0,0.8263,16146.0,0.8261,,155340136.0
1753505186194,04:46:26.194,bitmart,ADA/USDT:USDT,0.8262,24667.0,0.8263,16146.0,0.8262,,155340348.0
1753505187191,04:46:27.191,bitmart,ADA/USDT:USDT,0.8262,24667.0,0.8263,18792.0,0.8263,,155340472.0
1753505188255,04:46:28.255,bitmart,ADA/USDT:USDT,0.8262,4190.0,0.8263,18792.0,0.8262,,155340630.0
1753505189229,04:46:29.229,bitmart,ADA/USDT:USDT,0.8262,6592.0,0.8263,18792.0,0.8262,,155341826.0
1753505190136,04:46:30.136,bitmart,ADA/USDT:USDT,0.8262,5208.0,0.8263,18792.0,0.8262,,155341826.0
1753505191229,04:46:31.229,bitmart,ADA/USDT:USDT,0.8262,2913.0,0.8263,18792.0,0.8263,,155342046.0
1753505192195,04:46:32.195,bitmart,ADA/USDT:USDT,0.8262,7104.0,0.8263,18792.0,0.8263,,155342258.0
1753505193195,04:46:33.195,bitmart,ADA/USDT:USDT,0.8262,3443.0,0.8263,23079.0,0.8262,,155342434.0
1753505194208,04:46:34.208,bitmart,ADA/USDT:USDT,0.8262,3443.0,0.8263,23079.0,0.8262,,155342602.0
1753505195208,04:46:35.208,bitmart,ADA/USDT:USDT,0.8262,3569.0,0.8263,24365.0,0.8263,,155342844.0
1753505196221,04:46:36.221,bitmart,ADA/USDT:USDT,0.826,9961.0,0.8262,22566.0,0.8262,,155342982.0
1753505197258,04:46:37.258,bitmart,ADA/USDT:USDT,0.826,3352.0,0.8261,24255.0,0.826,,155344130.0
1753505198176,04:46:38.176,bitmart,ADA/USDT:USDT,0.826,11515.0,0.8261,24255.0,0.8261,,155344444.0
1753505199261,04:46:39.261,bitmart,ADA/USDT:USDT,0.826,11515.0,0.8261,24255.0,0.8261,,155344444.0
1753505200253,04:46:40.253,bitmart,ADA/USDT:USDT,0.826,22424.0,0.8261,12994.0,0.826,,155344568.0
1753505201213,04:46:41.213,bitmart,ADA/USDT:USDT,0.8261,22024.0,0.8262,4434.0,0.826,,155344794.0
1753505202196,04:46:42.196,bitmart,ADA/USDT:USDT,0.8261,22024.0,0.8262,4434.0,0.826,,155344794.0
1753505203227,04:46:43.227,bitmart,ADA/USDT:USDT,0.8261,22597.0,0.8262,3318.0,0.8261,,155344990.0
1753505204246,04:46:44.246,bitmart,ADA/USDT:USDT,0.8261,22597.0,0.8262,202.0,0.8261,,155345986.0
1753505205215,04:46:45.215,bitmart,ADA/USDT:USDT,0.8261,22597.0,0.8262,587.0,0.8261,,155345986.0
1753505206231,04:46:46.231,bitmart,ADA/USDT:USDT,0.8262,18341.0,0.8263,14488.0,0.8261,,155345986.0
1753505207241,04:46:47.241,bitmart,ADA/USDT:USDT,0.8261,22933.0,0.8262,18367.0,0.8263,,155346210.0
1753505208243,04:46:48.243,bitmart,ADA/USDT:USDT,0.8261,31259.0,0.8262,26731.0,0.8261,,155346838.0
1753505209166,04:46:49.166,bitmart,ADA/USDT:USDT,0.8261,5228.0,0.8262,22055.0,0.8261,,155346838.0
1753505210259,04:46:50.259,bitmart,ADA/USDT:USDT,0.8261,5586.0,0.8262,22055.0,0.8261,,155347016.0
1753505211234,04:46:51.234,bitmart,ADA/USDT:USDT,0.8261,1902.0,0.8262,22055.0,0.8261,,155347142.0
1753505212291,04:46:52.291,bitmart,ADA/USDT:USDT,0.8261,1432.0,0.8262,22055.0,0.8261,,155347378.0
1753505213289,04:46:53.289,bitmart,ADA/USDT:USDT,0.8261,1546.0,0.8262,23508.0,0.8261,,155347578.0
1753505214197,04:46:54.197,bitmart,ADA/USDT:USDT,0.826,9943.0,0.8262,23508.0,0.8261,,155347784.0
1753505215246,04:46:55.246,bitmart,ADA/USDT:USDT,0.826,5243.0,0.8261,26529.0,0.826,,155348194.0
1753505216205,04:46:56.205,bitmart,ADA/USDT:USDT,0.826,3661.0,0.8261,26529.0,0.826,,155348396.0
1753505217196,04:46:57.196,bitmart,ADA/USDT:USDT,0.826,17210.0,0.8261,26529.0,0.826,,155348560.0
1753505218267,04:46:58.267,bitmart,ADA/USDT:USDT,0.826,24236.0,0.8261,4795.0,0.826,,155348708.0
1753505219169,04:46:59.169,bitmart,ADA/USDT:USDT,0.826,24236.0,0.8261,4795.0,0.826,,155349094.0
1753505220222,04:47:00.222,bitmart,ADA/USDT:USDT,0.826,22754.0,0.8261,4547.0,0.826,,155349464.0
1753505221242,04:47:01.242,bitmart,ADA/USDT:USDT,0.826,5816.0,0.8261,3306.0,0.826,,155224024.0
1753505222259,04:47:02.259,bitmart,ADA/USDT:USDT,0.826,22251.0,0.8261,7151.0,0.826,,155224240.0
1753505223246,04:47:03.246,bitmart,ADA/USDT:USDT,0.826,22251.0,0.8261,5022.0,0.826,,155224240.0
1753505224288,04:47:04.288,bitmart,ADA/USDT:USDT,0.826,22251.0,0.8261,9680.0,0.826,,155224412.0
1753505225185,04:47:05.185,bitmart,ADA/USDT:USDT,0.826,22251.0,0.8261,9680.0,0.8261,,155224598.0
1753505226244,04:47:06.244,bitmart,ADA/USDT:USDT,0.826,21160.0,0.8261,6332.0,0.826,,155224772.0
1753505227214,04:47:07.214,bitmart,ADA/USDT:USDT,0.826,5694.0,0.8261,7521.0,0.8261,,155224970.0
1753505228250,04:47:08.250,bitmart,ADA/USDT:USDT,0.826,12387.0,0.8261,22287.0,0.826,,155225116.0
1753505229233,04:47:09.233,bitmart,ADA/USDT:USDT,0.826,8770.0,0.8261,22287.0,0.826,,155225326.0
1753505230191,04:47:10.191,bitmart,ADA/USDT:USDT,0.826,9657.0,0.8261,22287.0,0.826,,155225516.0
1753505231171,04:47:11.171,bitmart,ADA/USDT:USDT,0.8259,4206.0,0.8262,3765.0,0.826,,155225516.0
1753505232220,04:47:12.220,bitmart,ADA/USDT:USDT,0.8258,5248.0,0.826,22335.0,0.8259,,155225702.0
1753505233243,04:47:13.243,bitmart,ADA/USDT:USDT,0.8257,4030.0,0.8259,22987.0,0.8258,,155242970.0
1753505234244,04:47:14.244,bitmart,ADA/USDT:USDT,0.8256,13084.0,0.8257,16768.0,0.8258,,155243118.0
1753505235248,04:47:15.248,bitmart,ADA/USDT:USDT,0.8255,4264.0,0.8258,21899.0,0.8257,,155243696.0
1753505236247,04:47:16.247,bitmart,ADA/USDT:USDT,0.8255,7810.0,0.8256,21344.0,0.8256,,155244188.0
1753505237262,04:47:17.262,bitmart,ADA/USDT:USDT,0.8255,4466.0,0.8256,21344.0,0.8255,,155244392.0
1753505238196,04:47:18.196,bitmart,ADA/USDT:USDT,0.8255,4466.0,0.8256,21344.0,0.8255,,155245212.0
1753505239189,04:47:19.189,bitmart,ADA/USDT:USDT,0.8255,813.0,0.8256,21344.0,0.8255,,155245426.0
1753505240194,04:47:20.194,bitmart,ADA/USDT:USDT,0.8255,16123.0,0.8256,8522.0,0.8255,,155245600.0
1753505241221,04:47:21.221,bitmart,ADA/USDT:USDT,0.8255,16123.0,0.8256,4788.0,0.8255,,155245600.0
1753505242184,04:47:22.184,bitmart,ADA/USDT:USDT,0.8255,16123.0,0.8256,4788.0,0.8256,,155245768.0
1753505243219,04:47:23.219,bitmart,ADA/USDT:USDT,0.8255,24718.0,0.8256,15008.0,0.8255,,155245996.0
1753505244254,04:47:24.254,bitmart,ADA/USDT:USDT,0.8255,24718.0,0.8256,6088.0,0.8256,,155246516.0
1753505245268,04:47:25.268,bitmart,ADA/USDT:USDT,0.8256,14612.0,0.8257,10257.0,0.8256,,155246812.0
1753505246255,04:47:26.255,bitmart,ADA/USDT:USDT,0.8256,14612.0,0.8257,10257.0,0.8256,,155246812.0
1753505247155,04:47:27.155,bitmart,ADA/USDT:USDT,0.8256,17508.0,0.8257,19099.0,0.8257,,155247044.0
1753505248192,04:47:28.192,bitmart,ADA/USDT:USDT,0.8256,17508.0,0.8257,9672.0,0.8256,,155247174.0
1753505249206,04:47:29.206,bitmart,ADA/USDT:USDT,0.8256,11943.0,0.8257,9672.0,0.8256,,155247378.0
1753505250232,04:47:30.232,bitmart,ADA/USDT:USDT,0.8256,1807.0,0.8257,16170.0,0.8256,,155247378.0
1753505251262,04:47:31.262,bitmart,ADA/USDT:USDT,0.8255,9540.0,0.8256,26341.0,0.8257,,155247532.0
1753505252196,04:47:32.196,bitmart,ADA/USDT:USDT,0.8255,21810.0,0.8256,11792.0,0.8257,,155247532.0
1753505253216,04:47:33.216,bitmart,ADA/USDT:USDT,0.8255,21810.0,0.8256,16978.0,0.8255,,155247922.0
1753505254256,04:47:34.256,bitmart,ADA/USDT:USDT,0.8255,5960.0,0.8256,16978.0,0.8255,,155248162.0
1753505255276,04:47:35.276,bitmart,ADA/USDT:USDT,0.8255,5960.0,0.8256,16978.0,0.8256,,155248370.0
1753505256194,04:47:36.194,bitmart,ADA/USDT:USDT,0.8255,11215.0,0.8256,17569.0,0.8256,,155248370.0
1753505257210,04:47:37.210,bitmart,ADA/USDT:USDT,0.8255,7486.0,0.8256,7392.0,0.8255,,155248540.0
1753505258191,04:47:38.191,bitmart,ADA/USDT:USDT,0.8255,21720.0,0.8256,7248.0,0.8256,,155248684.0
1753505259244,04:47:39.244,bitmart,ADA/USDT:USDT,0.8254,3706.0,0.8256,21059.0,0.8255,,155248822.0
1753505260233,04:47:40.233,bitmart,ADA/USDT:USDT,0.8255,18617.0,0.8256,1577.0,0.8255,,155249058.0
1753505261226,04:47:41.226,bitmart,ADA/USDT:USDT,0.8255,18617.0,0.8256,1036.0,0.8255,,155250108.0
1753505262181,04:47:42.181,bitmart,ADA/USDT:USDT,0.8257,1711.0,0.8258,21146.0,0.8258,,155251314.0
1753505263257,04:47:43.257,bitmart,ADA/USDT:USDT,0.8257,18613.0,0.8258,21146.0,0.8258,,155251314.0
1753505264192,04:47:44.192,bitmart,ADA/USDT:USDT,0.8256,12973.0,0.8257,23590.0,0.8257,,155252718.0
1753505265210,04:47:45.210,bitmart,ADA/USDT:USDT,0.8255,22526.0,0.8257,23590.0,0.8256,,155252884.0
1753505266258,04:47:46.258,bitmart,ADA/USDT:USDT,0.8255,22526.0,0.8256,24295.0,0.8256,,155252884.0
1753505267247,04:47:47.247,bitmart,ADA/USDT:USDT,0.8255,8459.0,0.8256,24364.0,0.8256,,155253050.0
1753505268185,04:47:48.185,bitmart,ADA/USDT:USDT,0.8255,6749.0,0.8256,24364.0,0.8255,,155253232.0
1753505269158,04:47:49.158,bitmart,ADA/USDT:USDT,0.8255,2215.0,0.8256,24364.0,0.8255,,155253400.0
1753505270247,04:47:50.247,bitmart,ADA/USDT:USDT,0.8253,3722.0,0.8256,24364.0,0.8256,,155253564.0
1753505271258,04:47:51.258,bitmart,ADA/USDT:USDT,0.8253,16277.0,0.8254,4310.0,0.8253,,155255130.0
1753505272247,04:47:52.247,bitmart,ADA/USDT:USDT,0.8253,4682.0,0.8254,24026.0,0.8253,,155255440.0
1753505273259,04:47:53.259,bitmart,ADA/USDT:USDT,0.8252,2741.0,0.8253,19149.0,0.8253,,155255826.0
1753505274141,04:47:54.141,bitmart,ADA/USDT:USDT,0.8251,11857.0,0.8253,19149.0,0.8253,,155255826.0
1753505275219,04:47:55.219,bitmart,ADA/USDT:USDT,0.8251,11857.0,0.8252,25514.0,0.8252,,155256004.0
1753505276250,04:47:56.250,bitmart,ADA/USDT:USDT,0.8251,8503.0,0.8252,22471.0,0.8252,,155256196.0
1753505277164,04:47:57.164,bitmart,ADA/USDT:USDT,0.8251,8503.0,0.8252,22471.0,0.8252,,155256422.0
1753505278271,04:47:58.271,bitmart,ADA/USDT:USDT,0.8251,25586.0,0.8252,23695.0,0.8251,,155256788.0
1753505279213,04:47:59.213,bitmart,ADA/USDT:USDT,0.8251,25586.0,0.8252,23695.0,0.8252,,155257222.0
1753505280246,04:48:00.246,bitmart,ADA/USDT:USDT,0.8251,9472.0,0.8252,24186.0,0.8251,,155257620.0
1753505281238,04:48:01.238,bitmart,ADA/USDT:USDT,0.8251,7702.0,0.8252,6817.0,0.8251,,155181866.0
1753505282267,04:48:02.267,bitmart,ADA/USDT:USDT,0.8251,17089.0,0.8252,26112.0,0.8251,,155182254.0
1753505283241,04:48:03.241,bitmart,ADA/USDT:USDT,0.8251,17089.0,0.8252,26112.0,0.8251,,155182388.0
1753505284193,04:48:04.193,bitmart,ADA/USDT:USDT,0.8251,17912.0,0.8252,19678.0,0.8251,,155182550.0
1753505285256,04:48:05.256,bitmart,ADA/USDT:USDT,0.8251,8318.0,0.8252,23701.0,0.8252,,155182716.0
1753505286254,04:48:06.254,bitmart,ADA/USDT:USDT,0.8251,13640.0,0.8252,23701.0,0.8251,,155182864.0
1753505287165,04:48:07.165,bitmart,ADA/USDT:USDT,0.8251,7506.0,0.8252,6360.0,0.8251,,155183098.0
1753505288254,04:48:08.254,bitmart,ADA/USDT:USDT,0.8251,7506.0,0.8252,25593.0,0.8252,,155185510.0
1753505289153,04:48:09.153,bitmart,ADA/USDT:USDT,0.8251,7267.0,0.8252,6274.0,0.8251,,155185658.0
1753505290258,04:48:10.258,bitmart,ADA/USDT:USDT,0.8251,21967.0,0.8254,8880.0,0.8253,,155186732.0
1753505291198,04:48:11.198,bitmart,ADA/USDT:USDT,0.8253,13768.0,0.8254,14567.0,0.8254,,155186970.0
1753505292232,04:48:12.232,bitmart,ADA/USDT:USDT,0.8253,6831.0,0.8254,14567.0,0.8254,,155187188.0
1753505293251,04:48:13.251,bitmart,ADA/USDT:USDT,0.8253,6831.0,0.8254,25771.0,0.8254,,155187188.0
1753505294255,04:48:14.255,bitmart,ADA/USDT:USDT,0.8253,7112.0,0.8254,15314.0,0.8254,,155187360.0
1753505295213,04:48:15.213,bitmart,ADA/USDT:USDT,0.8253,14992.0,0.8254,15314.0,0.8254,,155187580.0
1753505296195,04:48:16.195,bitmart,ADA/USDT:USDT,0.8253,10955.0,0.8254,23005.0,0.8254,,155187822.0
1753505297232,04:48:17.232,bitmart,ADA/USDT:USDT,0.8253,17298.0,0.8254,28665.0,0.8253,,155188038.0
1753505298215,04:48:18.215,bitmart,ADA/USDT:USDT,0.8252,8290.0,0.8253,22566.0,0.8253,,155188348.0
1753505299205,04:48:19.205,bitmart,ADA/USDT:USDT,0.8252,20562.0,0.8253,22566.0,0.8253,,155188588.0
1753505300221,04:48:20.221,bitmart,ADA/USDT:USDT,0.8252,11100.0,0.8253,22566.0,0.8252,,155189330.0
1753505301272,04:48:21.272,bitmart,ADA/USDT:USDT,0.8252,5778.0,0.8253,22525.0,0.8253,,155189540.0
1753505302246,04:48:22.246,bitmart,ADA/USDT:USDT,0.8252,6025.0,0.8253,22525.0,0.8253,,155189776.0
1753505303258,04:48:23.258,bitmart,ADA/USDT:USDT,0.8251,26896.0,0.8252,21400.0,0.8252,,155191436.0
1753505304249,04:48:24.249,bitmart,ADA/USDT:USDT,0.8251,23174.0,0.8252,14140.0,0.8252,,155191566.0
1753505305230,04:48:25.230,bitmart,ADA/USDT:USDT,0.8251,23174.0,0.8252,14840.0,0.8251,,155191714.0
1753505306189,04:48:26.189,bitmart,ADA/USDT:USDT,0.8251,6920.0,0.8252,14840.0,0.8251,,155191714.0
1753505307237,04:48:27.237,bitmart,ADA/USDT:USDT,0.8251,6920.0,0.8252,14840.0,0.8251,,155192142.0
1753505308188,04:48:28.188,bitmart,ADA/USDT:USDT,0.8251,17273.0,0.8252,8282.0,0.8252,,155192278.0
1753505309220,04:48:29.220,bitmart,ADA/USDT:USDT,0.8251,7393.0,0.8252,22423.0,0.8251,,155192446.0
1753505310190,04:48:30.190,bitmart,ADA/USDT:USDT,0.825,21417.0,0.8252,22423.0,0.8251,,155192670.0
1753505311228,04:48:31.228,bitmart,ADA/USDT:USDT,0.825,21417.0,0.8251,26962.0,0.825,,155195256.0
1753505312243,04:48:32.243,bitmart,ADA/USDT:USDT,0.825,21025.0,0.8251,21217.0,0.825,,155195256.0
1753505313256,04:48:33.256,bitmart,ADA/USDT:USDT,0.825,21025.0,0.8251,13767.0,0.8251,,155195476.0
1753505314313,04:48:34.313,bitmart,ADA/USDT:USDT,0.825,21025.0,0.8251,4014.0,0.825,,155195666.0
1753505315209,04:48:35.209,bitmart,ADA/USDT:USDT,0.825,21025.0,0.8251,12622.0,0.825,,155195886.0
1753505316196,04:48:36.196,bitmart,ADA/USDT:USDT,0.825,21025.0,0.8251,7899.0,0.825,,155196072.0
1753505317210,04:48:37.210,bitmart,ADA/USDT:USDT,0.825,21025.0,0.8251,14585.0,0.825,,155196370.0
1753505318228,04:48:38.228,bitmart,ADA/USDT:USDT,0.825,22878.0,0.8251,21382.0,0.825,,155196582.0
1753505319183,04:48:39.183,bitmart,ADA/USDT:USDT,0.825,22878.0,0.8251,9489.0,0.825,,155196750.0
1753505320192,04:48:40.192,bitmart,ADA/USDT:USDT,0.825,8254.0,0.8251,6448.0,0.825,,155196902.0
1753505321194,04:48:41.194,bitmart,ADA/USDT:USDT,0.825,20917.0,0.8251,21476.0,0.8251,,155197126.0
1753505322162,04:48:42.162,bitmart,ADA/USDT:USDT,0.825,18542.0,0.8251,21371.0,0.825,,155198404.0
1753505323158,04:48:43.158,bitmart,ADA/USDT:USDT,0.825,18542.0,0.8251,7005.0,0.825,,155198540.0
1753505324192,04:48:44.192,bitmart,ADA/USDT:USDT,0.825,18542.0,0.8251,7005.0,0.825,,155198750.0
1753505325241,04:48:45.241,bitmart,ADA/USDT:USDT,0.825,22394.0,0.8252,4346.0,0.825,,155199428.0
1753505326186,04:48:46.186,bitmart,ADA/USDT:USDT,0.8251,3033.0,0.8252,13766.0,0.8252,,155200508.0
1753505327173,04:48:47.173,bitmart,ADA/USDT:USDT,0.8251,22652.0,0.8253,10269.0,0.8251,,155200712.0
1753505328198,04:48:48.198,bitmart,ADA/USDT:USDT,0.8252,17630.0,0.8253,20282.0,0.8251,,155200712.0
1753505329210,04:48:49.210,bitmart,ADA/USDT:USDT,0.8252,23353.0,0.8253,16674.0,0.8252,,155200868.0
1753505330242,04:48:50.242,bitmart,ADA/USDT:USDT,0.8252,23353.0,0.8253,5579.0,0.8252,,155201066.0
1753505331253,04:48:51.253,bitmart,ADA/USDT:USDT,0.8252,23353.0,0.8254,3865.0,0.8253,,155206530.0
1753505332263,04:48:52.263,bitmart,ADA/USDT:USDT,0.8254,14167.0,0.8255,26800.0,0.8253,,155206530.0
1753505333169,04:48:53.169,bitmart,ADA/USDT:USDT,0.8254,14167.0,0.8255,26800.0,0.8254,,155208218.0
1753505334195,04:48:54.195,bitmart,ADA/USDT:USDT,0.8254,21772.0,0.8255,23394.0,0.8254,,155208468.0
1753505335206,04:48:55.206,bitmart,ADA/USDT:USDT,0.8253,3710.0,0.8255,22086.0,0.8254,,155208694.0
1753505336203,04:48:56.203,bitmart,ADA/USDT:USDT,0.8253,3302.0,0.8254,24551.0,0.8254,,155208694.0
1753505337172,04:48:57.172,bitmart,ADA/USDT:USDT,0.8252,17523.0,0.8253,16863.0,0.8254,,155210846.0
1753505338184,04:48:58.184,bitmart,ADA/USDT:USDT,0.8251,16471.0,0.8253,24644.0,0.8252,,155212318.0
1753505339213,04:48:59.213,bitmart,ADA/USDT:USDT,0.825,16306.0,0.8251,21968.0,0.8251,,155214430.0
1753505340207,04:49:00.207,bitmart,ADA/USDT:USDT,0.825,16306.0,0.8251,21968.0,0.825,,155134226.0
1753505341211,04:49:01.211,bitmart,ADA/USDT:USDT,0.825,15790.0,0.8251,27046.0,0.8251,,155134542.0
1753505342266,04:49:02.266,bitmart,ADA/USDT:USDT,0.825,25670.0,0.8251,23835.0,0.825,,155135162.0
1753505343242,04:49:03.242,bitmart,ADA/USDT:USDT,0.825,25670.0,0.8252,3600.0,0.825,,155135338.0
1753505344249,04:49:04.249,bitmart,ADA/USDT:USDT,0.825,26536.0,0.8252,21499.0,0.8252,,155136118.0
1753505345242,04:49:05.242,bitmart,ADA/USDT:USDT,0.825,26536.0,0.8251,3472.0,0.8251,,155138848.0
1753505346245,04:49:06.245,bitmart,ADA/USDT:USDT,0.825,24789.0,0.8252,11478.0,0.8251,,155138848.0
1753505347247,04:49:07.247,bitmart,ADA/USDT:USDT,0.8251,21753.0,0.8252,11478.0,0.825,,155139054.0
1753505348262,04:49:08.262,bitmart,ADA/USDT:USDT,0.8251,8291.0,0.8252,8006.0,0.8251,,155139214.0
1753505349253,04:49:09.253,bitmart,ADA/USDT:USDT,0.8251,23046.0,0.8252,9548.0,0.8251,,155139902.0
1753505350230,04:49:10.230,bitmart,ADA/USDT:USDT,0.8251,23046.0,0.8252,6874.0,0.8252,,155140090.0
1753505351219,04:49:11.219,bitmart,ADA/USDT:USDT,0.8251,23046.0,0.8253,4318.0,0.8252,,155140090.0
1753505352253,04:49:12.253,bitmart,ADA/USDT:USDT,0.8252,22443.0,0.8256,12205.0,0.8252,,155140226.0
1753505353219,04:49:13.219,bitmart,ADA/USDT:USDT,0.8255,25959.0,0.8256,12205.0,0.8255,,155144124.0
1753505354256,04:49:14.256,bitmart,ADA/USDT:USDT,0.8254,9806.0,0.8256,2385.0,0.8256,,155144286.0
1753505355195,04:49:15.195,bitmart,ADA/USDT:USDT,0.8254,24840.0,0.8255,6973.0,0.8255,,155144524.0
1753505356242,04:49:16.242,bitmart,ADA/USDT:USDT,0.8254,17753.0,0.8256,24311.0,0.8254,,155146266.0
1753505357225,04:49:17.225,bitmart,ADA/USDT:USDT,0.8255,20769.0,0.8256,24311.0,0.8255,,155158506.0
1753505358137,04:49:18.137,bitmart,ADA/USDT:USDT,0.8254,23134.0,0.8256,8971.0,0.8255,,155158506.0
1753505359255,04:49:19.255,bitmart,ADA/USDT:USDT,0.8254,31517.0,0.8255,15813.0,0.8255,,155158506.0
1753505360194,04:49:20.194,bitmart,ADA/USDT:USDT,0.8254,20108.0,0.8255,11514.0,0.8255,,155158724.0
1753505361247,04:49:21.247,bitmart,ADA/USDT:USDT,0.8254,20108.0,0.8255,3620.0,0.8254,,155158946.0
1753505362229,04:49:22.229,bitmart,ADA/USDT:USDT,0.8254,20108.0,0.8255,3620.0,0.8255,,155159148.0
1753505363241,04:49:23.241,bitmart,ADA/USDT:USDT,0.8254,22577.0,0.8255,8100.0,0.8255,,155159148.0
1753505364250,04:49:24.250,bitmart,ADA/USDT:USDT,0.8254,22577.0,0.8255,3784.0,0.8255,,155159272.0
1753505365198,04:49:25.198,bitmart,ADA/USDT:USDT,0.8254,5814.0,0.8255,22217.0,0.8255,,155159272.0
1753505366186,04:49:26.186,bitmart,ADA/USDT:USDT,0.8254,5165.0,0.8255,6980.0,0.8255,,155159626.0
1753505367256,04:49:27.256,bitmart,ADA/USDT:USDT,0.8254,6529.0,0.8255,26055.0,0.8255,,155159626.0
1753505368265,04:49:28.265,bitmart,ADA/USDT:USDT,0.8253,15612.0,0.8255,22545.0,0.8254,,155159760.0
1753505369201,04:49:29.201,bitmart,ADA/USDT:USDT,0.8253,15612.0,0.8254,22308.0,0.8254,,155159760.0
1753505370186,04:49:30.186,bitmart,ADA/USDT:USDT,0.8253,23475.0,0.8254,24823.0,0.8253,,155159894.0
1753505371238,04:49:31.238,bitmart,ADA/USDT:USDT,0.8253,4861.0,0.8254,24823.0,0.8254,,155160028.0
1753505372248,04:49:32.248,bitmart,ADA/USDT:USDT,0.8253,6154.0,0.8254,5869.0,0.8253,,155160270.0
1753505373192,04:49:33.192,bitmart,ADA/USDT:USDT,0.8253,23341.0,0.8254,6439.0,0.8254,,155165170.0
1753505374240,04:49:34.240,bitmart,ADA/USDT:USDT,0.8253,23341.0,0.8254,13721.0,0.8254,,155165170.0
1753505375197,04:49:35.197,bitmart,ADA/USDT:USDT,0.8253,6853.0,0.8254,21667.0,0.8253,,155165362.0
1753505376185,04:49:36.185,bitmart,ADA/USDT:USDT,0.8253,6853.0,0.8254,21667.0,0.8253,,155165536.0
1753505377198,04:49:37.198,bitmart,ADA/USDT:USDT,0.8253,21303.0,0.8254,4869.0,0.8253,,155165728.0
1753505378186,04:49:38.186,bitmart,ADA/USDT:USDT,0.8253,21303.0,0.8254,4869.0,0.8254,,155165866.0
1753505379237,04:49:39.237,bitmart,ADA/USDT:USDT,0.8253,10813.0,0.8254,12889.0,0.8253,,155166462.0
1753505380182,04:49:40.182,bitmart,ADA/USDT:USDT,0.8253,5346.0,0.8254,26165.0,0.8253,,155166462.0
1753505381235,04:49:41.235,bitmart,ADA/USDT:USDT,0.8253,5346.0,0.8254,26165.0,0.8253,,155166674.0
1753505382187,04:49:42.187,bitmart,ADA/USDT:USDT,0.8253,4610.0,0.8254,23744.0,0.8254,,155166844.0
1753505383193,04:49:43.193,bitmart,ADA/USDT:USDT,0.8251,26190.0,0.8252,23606.0,0.8254,,155166844.0
1753505384245,04:49:44.245,bitmart,ADA/USDT:USDT,0.8251,5288.0,0.8253,25041.0,0.8251,,155169408.0
1753505385221,04:49:45.221,bitmart,ADA/USDT:USDT,0.8253,22040.0,0.8254,7132.0,0.8252,,155170818.0
1753505386263,04:49:46.263,bitmart,ADA/USDT:USDT,0.8253,10835.0,0.8254,15461.0,0.8254,,155171036.0
1753505387245,04:49:47.245,bitmart,ADA/USDT:USDT,0.8253,17381.0,0.8254,20060.0,0.8254,,155171732.0
1753505388241,04:49:48.241,bitmart,ADA/USDT:USDT,0.8253,17381.0,0.8254,10568.0,0.8254,,155173918.0
1753505389244,04:49:49.244,bitmart,ADA/USDT:USDT,0.8253,17381.0,0.8254,14294.0,0.8253,,155174078.0
1753505390243,04:49:50.243,bitmart,ADA/USDT:USDT,0.8253,7681.0,0.8254,17868.0,0.8253,,155174078.0
1753505391207,04:49:51.207,bitmart,ADA/USDT:USDT,0.8252,21140.0,0.8254,25302.0,0.8253,,155174518.0
1753505392235,04:49:52.235,bitmart,ADA/USDT:USDT,0.8252,21140.0,0.8253,18776.0,0.8253,,155174640.0
1753505393246,04:49:53.246,bitmart,ADA/USDT:USDT,0.8252,27467.0,0.8253,25101.0,0.8252,,155174868.0
1753505394274,04:49:54.274,bitmart,ADA/USDT:USDT,0.8252,22168.0,0.8253,4453.0,0.8252,,155175006.0
1753505395232,04:49:55.232,bitmart,ADA/USDT:USDT,0.8252,6398.0,0.8253,2613.0,0.8252,,155176472.0
1753505396192,04:49:56.192,bitmart,ADA/USDT:USDT,0.8252,25982.0,0.8253,10978.0,0.8252,,155176472.0
1753505397231,04:49:57.231,bitmart,ADA/USDT:USDT,0.8252,18716.0,0.8253,6964.0,0.8252,,155176712.0
1753505398195,04:49:58.195,bitmart,ADA/USDT:USDT,0.8252,18716.0,0.8253,8626.0,0.8253,,155177090.0
1753505399241,04:49:59.241,bitmart,ADA/USDT:USDT,0.8252,23337.0,0.8253,4759.0,0.8253,,155177486.0
1753505400179,04:50:00.179,bitmart,ADA/USDT:USDT,0.8252,6310.0,0.8253,5684.0,0.8252,,155064390.0
1753505401198,04:50:01.198,bitmart,ADA/USDT:USDT,0.8252,19380.0,0.8253,11662.0,0.8253,,155064842.0
1753505402289,04:50:02.289,bitmart,ADA/USDT:USDT,0.8252,11327.0,0.8253,11662.0,0.8253,,155065128.0
1753505403255,04:50:03.255,bitmart,ADA/USDT:USDT,0.8252,11327.0,0.8253,11295.0,0.8253,,155065300.0
1753505404260,04:50:04.260,bitmart,ADA/USDT:USDT,0.8252,23621.0,0.8253,11295.0,0.8253,,155065440.0
1753505405209,04:50:05.209,bitmart,ADA/USDT:USDT,0.8252,14520.0,0.8253,11295.0,0.8252,,155065928.0
1753505406226,04:50:06.226,bitmart,ADA/USDT:USDT,0.8252,14520.0,0.8253,11295.0,0.8253,,155066166.0
1753505407257,04:50:07.257,bitmart,ADA/USDT:USDT,0.8252,14920.0,0.8253,7763.0,0.8253,,155066306.0
1753505408242,04:50:08.242,bitmart,ADA/USDT:USDT,0.8252,8444.0,0.8253,6444.0,0.8252,,155066500.0
1753505409245,04:50:09.245,bitmart,ADA/USDT:USDT,0.8252,16843.0,0.8253,1403.0,0.8253,,155066688.0
1753505410238,04:50:10.238,bitmart,ADA/USDT:USDT,0.8253,22656.0,0.8254,11817.0,0.8253,,155066688.0
1753505411247,04:50:11.247,bitmart,ADA/USDT:USDT,0.8253,22656.0,0.8254,23135.0,0.8254,,155067058.0
1753505412252,04:50:12.252,bitmart,ADA/USDT:USDT,0.8253,15164.0,0.8254,23135.0,0.8254,,155067238.0
1753505413242,04:50:13.242,bitmart,ADA/USDT:USDT,0.8253,15164.0,0.8254,23135.0,0.8254,,155067372.0
1753505414214,04:50:14.214,bitmart,ADA/USDT:USDT,0.8253,13510.0,0.8254,24731.0,0.8253,,155067606.0
1753505415139,04:50:15.139,bitmart,ADA/USDT:USDT,0.8253,7115.0,0.8254,21833.0,0.8253,,155067606.0
1753505416195,04:50:16.195,bitmart,ADA/USDT:USDT,0.8253,12426.0,0.8254,21833.0,0.8253,,155067606.0
1753505417211,04:50:17.211,bitmart,ADA/USDT:USDT,0.8253,12426.0,0.8254,21833.0,0.8253,,155067806.0
1753505418193,04:50:18.193,bitmart,ADA/USDT:USDT,0.8252,16555.0,0.8253,22114.0,0.8253,,155068006.0
1753505419199,04:50:19.199,bitmart,ADA/USDT:USDT,0.8252,7439.0,0.8253,7614.0,0.8253,,155069332.0
1753505420195,04:50:20.195,bitmart,ADA/USDT:USDT,0.8252,21691.0,0.8253,8232.0,0.8252,,155069516.0
1753505421205,04:50:21.205,bitmart,ADA/USDT:USDT,0.8252,8861.0,0.8253,8232.0,0.8252,,155069516.0
1753505422258,04:50:22.258,bitmart,ADA/USDT:USDT,0.8252,1440.0,0.8253,26794.0,0.8252,,155069894.0
1753505423260,04:50:23.260,bitmart,ADA/USDT:USDT,0.8251,14529.0,0.8252,13125.0,0.8252,,155069894.0
1753505424187,04:50:24.187,bitmart,ADA/USDT:USDT,0.8251,10161.0,0.8252,7969.0,0.8251,,155070216.0
1753505425165,04:50:25.165,bitmart,ADA/USDT:USDT,0.8251,3304.0,0.8252,17051.0,0.8251,,155070216.0
1753505426537,04:50:26.537,bitmart,ADA/USDT:USDT,0.8251,3082.0,0.8252,26340.0,0.8251,,155071424.0
1753505427262,04:50:27.262,bitmart,ADA/USDT:USDT,0.8251,3082.0,0.8252,26340.0,0.8251,,155071598.0
1753505428253,04:50:28.253,bitmart,ADA/USDT:USDT,0.825,21470.0,0.8251,26908.0,0.8251,,155072862.0
1753505429249,04:50:29.249,bitmart,ADA/USDT:USDT,0.825,28472.0,0.8252,6469.0,0.825,,155074182.0
1753505430150,04:50:30.150,bitmart,ADA/USDT:USDT,0.8251,23356.0,0.8252,6469.0,0.8252,,155074304.0
1753505431172,04:50:31.172,bitmart,ADA/USDT:USDT,0.8251,23356.0,0.8252,12482.0,0.8251,,155075246.0
1753505432234,04:50:32.234,bitmart,ADA/USDT:USDT,0.8251,12565.0,0.8252,22322.0,0.8251,,155075530.0
1753505433243,04:50:33.243,bitmart,ADA/USDT:USDT,0.8251,8554.0,0.8252,26394.0,0.8251,,155075752.0
1753505434241,04:50:34.241,bitmart,ADA/USDT:USDT,0.8251,6220.0,0.8252,26394.0,0.8251,,155075962.0
1753505435171,04:50:35.171,bitmart,ADA/USDT:USDT,0.825,27176.0,0.8251,11984.0,0.8251,,155075962.0
1753505436242,04:50:36.242,bitmart,ADA/USDT:USDT,0.825,27176.0,0.8251,11984.0,0.825,,155076142.0
1753505437206,04:50:37.206,bitmart,ADA/USDT:USDT,0.825,25274.0,0.8251,6130.0,0.825,,155076380.0
1753505438248,04:50:38.248,bitmart,ADA/USDT:USDT,0.825,25274.0,0.8251,914.0,0.825,,155076380.0
1753505439210,04:50:39.210,bitmart,ADA/USDT:USDT,0.825,25274.0,0.8251,914.0,0.825,,155076380.0
1753505440258,04:50:40.258,bitmart,ADA/USDT:USDT,0.825,24332.0,0.8251,2097.0,0.825,,155076524.0
1753505441195,04:50:41.195,bitmart,ADA/USDT:USDT,0.825,24332.0,0.8251,6169.0,0.825,,155076820.0
1753505442217,04:50:42.217,bitmart,ADA/USDT:USDT,0.825,23019.0,0.8251,752.0,0.825,,155077008.0
1753505443209,04:50:43.209,bitmart,ADA/USDT:USDT,0.8251,22146.0,0.8252,10384.0,0.825,,155077248.0
1753505444247,04:50:44.247,bitmart,ADA/USDT:USDT,0.8251,22146.0,0.8252,10384.0,0.8251,,155077502.0
1753505445222,04:50:45.222,bitmart,ADA/USDT:USDT,0.8251,24847.0,0.8252,21584.0,0.8251,,155077716.0
1753505446260,04:50:46.260,bitmart,ADA/USDT:USDT,0.8251,24847.0,0.8252,21584.0,0.8252,,155077954.0
1753505447163,04:50:47.163,bitmart,ADA/USDT:USDT,0.8251,23715.0,0.8252,8817.0,0.8251,,155078154.0
1753505448149,04:50:48.149,bitmart,ADA/USDT:USDT,0.8251,3700.0,0.8252,25288.0,0.8251,,155078284.0
1753505449236,04:50:49.236,bitmart,ADA/USDT:USDT,0.8251,2347.0,0.8252,5246.0,0.8252,,155078450.0
1753505450246,04:50:50.246,bitmart,ADA/USDT:USDT,0.825,4435.0,0.8252,25032.0,0.8252,,155078450.0
1753505451199,04:50:51.199,bitmart,ADA/USDT:USDT,0.825,26422.0,0.8251,6757.0,0.825,,155079512.0
1753505452245,04:50:52.245,bitmart,ADA/USDT:USDT,0.825,21711.0,0.8251,22496.0,0.8251,,155079702.0
1753505453211,04:50:53.211,bitmart,ADA/USDT:USDT,0.825,24524.0,0.8251,26245.0,0.825,,155079898.0
1753505454152,04:50:54.152,bitmart,ADA/USDT:USDT,0.825,24524.0,0.8251,26245.0,0.825,,155080048.0
1753505455241,04:50:55.241,bitmart,ADA/USDT:USDT,0.825,23681.0,0.8251,22342.0,0.825,,155080286.0
1753505456147,04:50:56.147,bitmart,ADA/USDT:USDT,0.825,23681.0,0.8251,22342.0,0.825,,155080286.0
1753505457233,04:50:57.233,bitmart,ADA/USDT:USDT,0.8248,23341.0,0.8251,22624.0,0.825,,155080434.0
1753505458244,04:50:58.244,bitmart,ADA/USDT:USDT,0.8248,23341.0,0.8249,13909.0,0.8249,,155087026.0
1753505459161,04:50:59.161,bitmart,ADA/USDT:USDT,0.8248,26409.0,0.8249,5598.0,0.8248,,155087470.0
1753505460258,04:51:00.258,bitmart,ADA/USDT:USDT,0.8248,26409.0,0.8249,3158.0,0.8248,,155088860.0
1753505461252,04:51:01.252,bitmart,ADA/USDT:USDT,0.8248,24573.0,0.8249,2693.0,0.8248,,154963550.0
1753505462219,04:51:02.219,bitmart,ADA/USDT:USDT,0.8248,24573.0,0.8249,3409.0,0.8248,,154963936.0
1753505463151,04:51:03.151,bitmart,ADA/USDT:USDT,0.8248,24573.0,0.8249,3409.0,0.8248,,154964096.0
1753505464232,04:51:04.232,bitmart,ADA/USDT:USDT,0.8248,17922.0,0.8249,24835.0,0.8248,,154964244.0
1753505465217,04:51:05.217,bitmart,ADA/USDT:USDT,0.8248,17922.0,0.8249,24835.0,0.8248,,154964452.0
1753505466266,04:51:06.266,bitmart,ADA/USDT:USDT,0.8245,4495.0,0.8249,339.0,0.8248,,154967542.0
1753505467213,04:51:07.213,bitmart,ADA/USDT:USDT,0.8245,24474.0,0.8247,437.0,0.8246,,154969152.0
1753505468194,04:51:08.194,bitmart,ADA/USDT:USDT,0.8245,24474.0,0.8246,340.0,0.8246,,154969782.0
1753505469219,04:51:09.219,bitmart,ADA/USDT:USDT,0.8245,24474.0,0.8246,18886.0,0.8246,,154969782.0
1753505470202,04:51:10.202,bitmart,ADA/USDT:USDT,0.8245,14520.0,0.8246,18886.0,0.8246,,154969952.0
1753505471148,04:51:11.148,bitmart,ADA/USDT:USDT,0.8245,8142.0,0.8246,17549.0,0.8246,,154969952.0
1753505472236,04:51:12.236,bitmart,ADA/USDT:USDT,0.8245,21947.0,0.8246,22379.0,0.8246,,154971614.0
1753505473198,04:51:13.198,bitmart,ADA/USDT:USDT,0.8245,18581.0,0.8246,19159.0,0.8245,,154973194.0
1753505474190,04:51:14.190,bitmart,ADA/USDT:USDT,0.8244,22558.0,0.8245,15814.0,0.8246,,154973408.0
1753505475213,04:51:15.213,bitmart,ADA/USDT:USDT,0.8244,22558.0,0.8245,15814.0,0.8245,,154973536.0
1753505476190,04:51:16.190,bitmart,ADA/USDT:USDT,0.8244,26806.0,0.8245,20770.0,0.8244,,154973706.0
1753505477258,04:51:17.258,bitmart,ADA/USDT:USDT,0.8243,17636.0,0.8244,19001.0,0.8244,,154975136.0
1753505478201,04:51:18.201,bitmart,ADA/USDT:USDT,0.8243,23580.0,0.8244,19001.0,0.8244,,154975260.0
1753505479197,04:51:19.197,bitmart,ADA/USDT:USDT,0.8243,23580.0,0.8244,19001.0,0.8243,,154975474.0
1753505480230,04:51:20.230,bitmart,ADA/USDT:USDT,0.8243,7459.0,0.8244,23971.0,0.8243,,154975712.0
1753505481208,04:51:21.208,bitmart,ADA/USDT:USDT,0.8243,5480.0,0.8244,23417.0,0.8243,,154975712.0
1753505482241,04:51:22.241,bitmart,ADA/USDT:USDT,0.8243,9430.0,0.8244,23417.0,0.8244,,154975888.0
1753505483201,04:51:23.201,bitmart,ADA/USDT:USDT,0.8245,14310.0,0.8246,13915.0,0.8244,,154976094.0
1753505484286,04:51:24.286,bitmart,ADA/USDT:USDT,0.8244,17086.0,0.8245,25272.0,0.8244,,154980286.0
1753505485261,04:51:25.261,bitmart,ADA/USDT:USDT,0.8244,11738.0,0.8245,25272.0,0.8245,,154980460.0
1753505486243,04:51:26.243,bitmart,ADA/USDT:USDT,0.8247,26570.0,0.8248,4065.0,0.8246,,154981250.0
1753505487164,04:51:27.164,bitmart,ADA/USDT:USDT,0.8247,7309.0,0.8248,21941.0,0.8247,,154981920.0
1753505488194,04:51:28.194,bitmart,ADA/USDT:USDT,0.8247,4992.0,0.8248,21941.0,0.8247,,154981920.0
1753505489189,04:51:29.189,bitmart,ADA/USDT:USDT,0.8247,5908.0,0.8248,21941.0,0.8248,,154982052.0
1753505490193,04:51:30.193,bitmart,ADA/USDT:USDT,0.8247,5854.0,0.8248,5485.0,0.8248,,154982294.0
1753505491259,04:51:31.259,bitmart,ADA/USDT:USDT,0.8247,2493.0,0.8248,21953.0,0.8247,,154982452.0
1753505492243,04:51:32.243,bitmart,ADA/USDT:USDT,0.8246,15956.0,0.8248,21953.0,0.8248,,154982638.0
1753505493207,04:51:33.207,bitmart,ADA/USDT:USDT,0.8246,15956.0,0.8247,873.0,0.8247,,154983404.0
1753505494268,04:51:34.268,bitmart,ADA/USDT:USDT,0.8246,15956.0,0.8247,4025.0,0.8246,,154984964.0
1753505495250,04:51:35.250,bitmart,ADA/USDT:USDT,0.8246,15956.0,0.8247,4025.0,0.8246,,154984964.0
1753505496226,04:51:36.226,bitmart,ADA/USDT:USDT,0.8247,24695.0,0.8248,2217.0,0.8247,,154985090.0
1753505497259,04:51:37.259,bitmart,ADA/USDT:USDT,0.8248,23951.0,0.8249,11732.0,0.8248,,154985268.0
1753505498250,04:51:38.250,bitmart,ADA/USDT:USDT,0.8248,23951.0,0.8249,22346.0,0.8248,,154985624.0
1753505499243,04:51:39.243,bitmart,ADA/USDT:USDT,0.8248,23951.0,0.825,4509.0,0.8248,,154985624.0
1753505500146,04:51:40.146,bitmart,ADA/USDT:USDT,0.8248,23951.0,0.8249,4968.0,0.8248,,154985624.0
1753505501220,04:51:41.220,bitmart,ADA/USDT:USDT,0.8248,23951.0,0.8249,4390.0,0.8248,,154985948.0
1753505502241,04:51:42.241,bitmart,ADA/USDT:USDT,0.8248,10527.0,0.825,24150.0,0.8248,,154985948.0
1753505503262,04:51:43.262,bitmart,ADA/USDT:USDT,0.8249,14075.0,0.825,24150.0,0.8249,,154986074.0
1753505504260,04:51:44.260,bitmart,ADA/USDT:USDT,0.8249,7996.0,0.825,24484.0,0.8249,,154986450.0
1753505505185,04:51:45.185,bitmart,ADA/USDT:USDT,0.8249,11006.0,0.825,24484.0,0.825,,154986626.0
1753505506247,04:51:46.247,bitmart,ADA/USDT:USDT,0.8249,7086.0,0.825,6852.0,0.8249,,154987346.0
1753505507218,04:51:47.218,bitmart,ADA/USDT:USDT,0.8249,6035.0,0.825,25217.0,0.8249,,154987516.0
1753505508233,04:51:48.233,bitmart,ADA/USDT:USDT,0.8249,3785.0,0.825,25217.0,0.8249,,154987750.0
1753505509266,04:51:49.266,bitmart,ADA/USDT:USDT,0.8249,2642.0,0.825,25594.0,0.825,,154987916.0
1753505510233,04:51:50.233,bitmart,ADA/USDT:USDT,0.8248,6810.0,0.8249,26043.0,0.8249,,154988136.0
1753505511168,04:51:51.168,bitmart,ADA/USDT:USDT,0.8248,22482.0,0.8249,3280.0,0.8248,,154988856.0
1753505512193,04:51:52.193,bitmart,ADA/USDT:USDT,0.8248,22482.0,0.8249,312.0,0.8248,,154989372.0
1753505513211,04:51:53.211,bitmart,ADA/USDT:USDT,0.8248,22482.0,0.8249,2742.0,0.8248,,154989560.0
1753505514247,04:51:54.247,bitmart,ADA/USDT:USDT,0.8248,19515.0,0.8249,3051.0,0.8248,,154989560.0
1753505515248,04:51:55.248,bitmart,ADA/USDT:USDT,0.8248,19515.0,0.8249,4089.0,0.8248,,154989730.0
1753505516195,04:51:56.195,bitmart,ADA/USDT:USDT,0.8249,11627.0,0.825,23542.0,0.8248,,154989922.0
1753505517259,04:51:57.259,bitmart,ADA/USDT:USDT,0.8249,11627.0,0.825,23542.0,0.8249,,154990048.0
1753505518249,04:51:58.249,bitmart,ADA/USDT:USDT,0.8249,15696.0,0.825,11097.0,0.8249,,154990400.0
1753505519210,04:51:59.210,bitmart,ADA/USDT:USDT,0.8249,23387.0,0.825,19087.0,0.8249,,154990724.0
1753505520247,04:52:00.247,bitmart,ADA/USDT:USDT,0.8249,7691.0,0.825,18880.0,0.8249,,154899122.0
1753505521271,04:52:01.271,bitmart,ADA/USDT:USDT,0.8249,18527.0,0.825,21993.0,0.8249,,154899420.0
1753505522270,04:52:02.270,bitmart,ADA/USDT:USDT,0.8249,18527.0,0.825,21993.0,0.8249,,154899676.0
1753505523273,04:52:03.273,bitmart,ADA/USDT:USDT,0.8249,18004.0,0.825,22040.0,0.8249,,154899892.0
1753505524209,04:52:04.209,bitmart,ADA/USDT:USDT,0.8249,7463.0,0.825,22040.0,0.8249,,154900120.0
1753505525221,04:52:05.221,bitmart,ADA/USDT:USDT,0.8249,6471.0,0.825,22879.0,0.8249,,154900286.0
1753505526242,04:52:06.242,bitmart,ADA/USDT:USDT,0.8249,5137.0,0.825,22879.0,0.8249,,154900522.0
1753505527210,04:52:07.210,bitmart,ADA/USDT:USDT,0.8248,4194.0,0.825,26105.0,0.8249,,154900716.0
1753505528219,04:52:08.219,bitmart,ADA/USDT:USDT,0.8248,26706.0,0.8249,27076.0,0.8249,,154900716.0
1753505529209,04:52:09.209,bitmart,ADA/USDT:USDT,0.8248,26706.0,0.8249,2970.0,0.8248,,154901032.0
1753505530246,04:52:10.246,bitmart,ADA/USDT:USDT,0.8248,15383.0,0.8249,22497.0,0.8248,,154901032.0
1753505531279,04:52:11.279,bitmart,ADA/USDT:USDT,0.8248,5696.0,0.8249,22497.0,0.8249,,154901192.0
1753505532184,04:52:12.184,bitmart,ADA/USDT:USDT,0.8248,3843.0,0.8249,22497.0,0.8248,,154901466.0
1753505533248,04:52:13.248,bitmart,ADA/USDT:USDT,0.8247,4388.0,0.8248,22068.0,0.8248,,154901624.0
1753505534251,04:52:14.251,bitmart,ADA/USDT:USDT,0.8247,8952.0,0.8248,22068.0,0.8247,,154901844.0
1753505535201,04:52:15.201,bitmart,ADA/USDT:USDT,0.8247,21114.0,0.8248,12498.0,0.8248,,154901990.0
1753505536143,04:52:16.143,bitmart,ADA/USDT:USDT,0.8247,8669.0,0.8248,12498.0,0.8248,,154902836.0
1753505537237,04:52:17.237,bitmart,ADA/USDT:USDT,0.8247,8432.0,0.8248,5800.0,0.8247,,154903076.0
1753505538234,04:52:18.234,bitmart,ADA/USDT:USDT,0.8247,8432.0,0.8248,23175.0,0.8248,,154903224.0
1753505539243,04:52:19.243,bitmart,ADA/USDT:USDT,0.8247,15672.0,0.8248,9686.0,0.8248,,154904472.0
1753505540254,04:52:20.254,bitmart,ADA/USDT:USDT,0.8247,15672.0,0.8248,9686.0,0.8248,,154904602.0
1753505541215,04:52:21.215,bitmart,ADA/USDT:USDT,0.8247,21541.0,0.8248,8520.0,0.8247,,154904818.0
1753505542256,04:52:22.256,bitmart,ADA/USDT:USDT,0.8248,21869.0,0.8249,12083.0,0.8247,,154904818.0
1753505543195,04:52:23.195,bitmart,ADA/USDT:USDT,0.8248,7431.0,0.8249,6105.0,0.8248,,154905024.0
1753505544187,04:52:24.187,bitmart,ADA/USDT:USDT,0.8248,12008.0,0.8249,18851.0,0.8249,,154905522.0
1753505545206,04:52:25.206,bitmart,ADA/USDT:USDT,0.8248,19456.0,0.8249,4142.0,0.8249,,154905522.0
1753505546192,04:52:26.192,bitmart,ADA/USDT:USDT,0.8248,8352.0,0.825,24067.0,0.8248,,154905746.0
1753505547240,04:52:27.240,bitmart,ADA/USDT:USDT,0.8248,13297.0,0.8249,23252.0,0.8249,,154906246.0
1753505548241,04:52:28.241,bitmart,ADA/USDT:USDT,0.8248,13297.0,0.8249,10991.0,0.8248,,154906458.0
1753505549254,04:52:29.254,bitmart,ADA/USDT:USDT,0.8248,13297.0,0.8249,5647.0,0.8249,,154906622.0
1753505550231,04:52:30.231,bitmart,ADA/USDT:USDT,0.8248,13297.0,0.8249,12512.0,0.8249,,154906798.0
1753505551255,04:52:31.255,bitmart,ADA/USDT:USDT,0.8248,14334.0,0.8249,11565.0,0.8248,,154906970.0
1753505552185,04:52:32.185,bitmart,ADA/USDT:USDT,0.8248,14334.0,0.8249,11565.0,0.8248,,154907140.0
1753505553195,04:52:33.195,bitmart,ADA/USDT:USDT,0.8248,14334.0,0.8249,13237.0,0.8248,,154907140.0
1753505554216,04:52:34.216,bitmart,ADA/USDT:USDT,0.8248,21845.0,0.8249,6184.0,0.8248,,154907334.0
1753505555197,04:52:35.197,bitmart,ADA/USDT:USDT,0.8248,21845.0,0.8249,15832.0,0.8248,,154907548.0
1753505556241,04:52:36.241,bitmart,ADA/USDT:USDT,0.8248,21845.0,0.8249,15832.0,0.8248,,154907680.0
1753505557199,04:52:37.199,bitmart,ADA/USDT:USDT,0.8248,15459.0,0.8249,15306.0,0.8248,,154907920.0
1753505558195,04:52:38.195,bitmart,ADA/USDT:USDT,0.8248,15459.0,0.8249,15306.0,0.8248,,154908108.0
1753505559197,04:52:39.197,bitmart,ADA/USDT:USDT,0.8248,13880.0,0.8249,8144.0,0.8248,,154908256.0
1753505560155,04:52:40.155,bitmart,ADA/USDT:USDT,0.8248,13880.0,0.8249,3133.0,0.8248,,154908410.0
1753505561198,04:52:41.198,bitmart,ADA/USDT:USDT,0.8248,13880.0,0.8249,11783.0,0.8248,,154908536.0
1753505562198,04:52:42.198,bitmart,ADA/USDT:USDT,0.8248,13880.0,0.8249,11783.0,0.8248,,154908672.0
1753505563248,04:52:43.248,bitmart,ADA/USDT:USDT,0.8248,20297.0,0.8249,16117.0,0.8248,,154908924.0
1753505564151,04:52:44.151,bitmart,ADA/USDT:USDT,0.8248,13219.0,0.8249,16117.0,0.8249,,154909164.0
1753505565229,04:52:45.229,bitmart,ADA/USDT:USDT,0.8248,4953.0,0.8249,27258.0,0.8249,,154909164.0
1753505566251,04:52:46.251,bitmart,ADA/USDT:USDT,0.8248,4953.0,0.8249,27258.0,0.8248,,154909636.0
1753505567260,04:52:47.260,bitmart,ADA/USDT:USDT,0.8248,5010.0,0.8249,23283.0,0.8248,,154909796.0
1753505568242,04:52:48.242,bitmart,ADA/USDT:USDT,0.8248,4682.0,0.8249,22488.0,0.8249,,154910014.0
1753505569246,04:52:49.246,bitmart,ADA/USDT:USDT,0.8248,2401.0,0.8249,22488.0,0.8248,,154910200.0
1753505570256,04:52:50.256,bitmart,ADA/USDT:USDT,0.8248,1787.0,0.8249,22488.0,0.8249,,154910380.0
1753505571251,04:52:51.251,bitmart,ADA/USDT:USDT,0.8248,2673.0,0.8249,22895.0,0.8249,,154910602.0
1753505572248,04:52:52.248,bitmart,ADA/USDT:USDT,0.8248,5490.0,0.8249,31211.0,0.8249,,154910602.0
1753505573199,04:52:53.199,bitmart,ADA/USDT:USDT,0.8247,10463.0,0.8249,22603.0,0.8248,,154910784.0
1753505574223,04:52:54.223,bitmart,ADA/USDT:USDT,0.8247,7843.0,0.8248,21387.0,0.8248,,154910984.0
1753505575167,04:52:55.167,bitmart,ADA/USDT:USDT,0.8247,6995.0,0.8248,6868.0,0.8247,,154911502.0
1753505576184,04:52:56.184,bitmart,ADA/USDT:USDT,0.8247,6995.0,0.8248,22976.0,0.8248,,154911706.0
1753505577246,04:52:57.246,bitmart,ADA/USDT:USDT,0.8247,7487.0,0.8248,25310.0,0.8248,,154911884.0
1753505578276,04:52:58.276,bitmart,ADA/USDT:USDT,0.8247,7487.0,0.8248,25310.0,0.8247,,154912246.0
1753505579177,04:52:59.177,bitmart,ADA/USDT:USDT,0.8247,8051.0,0.8248,24442.0,0.8248,,154912532.0
1753505580204,04:53:00.204,bitmart,ADA/USDT:USDT,0.8247,6008.0,0.8248,25655.0,0.8248,,154821696.0
1753505581259,04:53:01.259,bitmart,ADA/USDT:USDT,0.8247,23474.0,0.8248,11869.0,0.8248,,154821856.0
1753505582207,04:53:02.207,bitmart,ADA/USDT:USDT,0.8247,12652.0,0.8248,11869.0,0.8247,,154822264.0
1753505583241,04:53:03.241,bitmart,ADA/USDT:USDT,0.8245,25787.0,0.8246,13541.0,0.8246,,154822412.0
1753505584244,04:53:04.244,bitmart,ADA/USDT:USDT,0.8245,25787.0,0.8246,13541.0,0.8246,,154824792.0
1753505585161,04:53:05.161,bitmart,ADA/USDT:USDT,0.8245,21959.0,0.8247,11367.0,0.8245,,154824990.0
1753505586193,04:53:06.193,bitmart,ADA/USDT:USDT,0.8246,24200.0,0.8247,7122.0,0.8245,,154824990.0
1753505587248,04:53:07.248,bitmart,ADA/USDT:USDT,0.8246,8130.0,0.8247,18160.0,0.8247,,154825896.0
1753505588257,04:53:08.257,bitmart,ADA/USDT:USDT,0.8245,21026.0,0.8246,19566.0,0.8247,,154826036.0
1753505589158,04:53:09.158,bitmart,ADA/USDT:USDT,0.8245,21026.0,0.8246,6924.0,0.8246,,154826258.0
1753505590260,04:53:10.260,bitmart,ADA/USDT:USDT,0.8245,21026.0,0.8246,886.0,0.8245,,154826412.0
1753505591204,04:53:11.204,bitmart,ADA/USDT:USDT,0.8245,21026.0,0.8246,9370.0,0.8246,,154826622.0
1753505592155,04:53:12.155,bitmart,ADA/USDT:USDT,0.8245,19914.0,0.8246,1284.0,0.8245,,154826838.0
1753505593277,04:53:13.277,bitmart,ADA/USDT:USDT,0.8245,5846.0,0.8246,1434.0,0.8245,,154826966.0
1753505594247,04:53:14.247,bitmart,ADA/USDT:USDT,0.8245,22564.0,0.8246,1434.0,0.8245,,154827148.0
1753505595164,04:53:15.164,bitmart,ADA/USDT:USDT,0.8245,22564.0,0.8246,1434.0,0.8245,,154827148.0
1753505596196,04:53:16.196,bitmart,ADA/USDT:USDT,0.8245,22745.0,0.8247,6291.0,0.8245,,154827328.0
1753505597248,04:53:17.248,bitmart,ADA/USDT:USDT,0.8246,17361.0,0.8247,22916.0,0.8246,,154828792.0
1753505598194,04:53:18.194,bitmart,ADA/USDT:USDT,0.8246,17361.0,0.8247,10607.0,0.8246,,154829002.0
1753505599208,04:53:19.208,bitmart,ADA/USDT:USDT,0.8246,6188.0,0.8247,22286.0,0.8246,,154829002.0
1753505600193,04:53:20.193,bitmart,ADA/USDT:USDT,0.8246,10665.0,0.8247,27612.0,0.8247,,154829146.0
1753505601221,04:53:21.221,bitmart,ADA/USDT:USDT,0.8246,9006.0,0.8247,15272.0,0.8247,,154829290.0
1753505602193,04:53:22.193,bitmart,ADA/USDT:USDT,0.8246,8423.0,0.8247,17499.0,0.8247,,154829446.0
1753505603240,04:53:23.240,bitmart,ADA/USDT:USDT,0.8246,8423.0,0.8247,17499.0,0.8246,,154829572.0
1753505604196,04:53:24.196,bitmart,ADA/USDT:USDT,0.8244,24304.0,0.8245,20960.0,0.8246,,154834678.0
1753505605180,04:53:25.180,bitmart,ADA/USDT:USDT,0.8244,31684.0,0.8245,29078.0,0.8245,,154834828.0
1753505606243,04:53:26.243,bitmart,ADA/USDT:USDT,0.8244,6354.0,0.8245,19936.0,0.8245,,154834828.0
1753505607168,04:53:27.168,bitmart,ADA/USDT:USDT,0.8243,3584.0,0.8245,19936.0,0.8244,,154835022.0
1753505608250,04:53:28.250,bitmart,ADA/USDT:USDT,0.8243,19698.0,0.8244,21400.0,0.8244,,154835144.0
1753505609206,04:53:29.206,bitmart,ADA/USDT:USDT,0.8243,3599.0,0.8244,21400.0,0.8244,,154835296.0
1753505610204,04:53:30.204,bitmart,ADA/USDT:USDT,0.8243,9173.0,0.8244,27423.0,0.8243,,154835510.0
1753505611274,04:53:31.274,bitmart,ADA/USDT:USDT,0.8243,5574.0,0.8244,23134.0,0.8243,,154835660.0
1753505612200,04:53:32.200,bitmart,ADA/USDT:USDT,0.8242,2026.0,0.8244,23134.0,0.8243,,154836144.0
1753505613226,04:53:33.226,bitmart,ADA/USDT:USDT,0.8241,12091.0,0.8242,17383.0,0.8243,,154836144.0
1753505614241,04:53:34.241,bitmart,ADA/USDT:USDT,0.8241,12091.0,0.8242,17383.0,0.8242,,154836350.0
1753505615275,04:53:35.275,bitmart,ADA/USDT:USDT,0.8241,24870.0,0.8242,27024.0,0.8242,,154836680.0
1753505616235,04:53:36.235,bitmart,ADA/USDT:USDT,0.8241,24870.0,0.8242,8837.0,0.8242,,154836844.0
1753505617270,04:53:37.270,bitmart,ADA/USDT:USDT,0.8241,10847.0,0.8242,15952.0,0.8241,,154836976.0
1753505618158,04:53:38.158,bitmart,ADA/USDT:USDT,0.8241,23116.0,0.8242,15952.0,0.8241,,154836976.0
1753505619152,04:53:39.152,bitmart,ADA/USDT:USDT,0.8241,8731.0,0.8242,15952.0,0.8241,,154837124.0
1753505620266,04:53:40.266,bitmart,ADA/USDT:USDT,0.8241,5379.0,0.8242,20083.0,0.8242,,154837472.0
1753505621210,04:53:41.210,bitmart,ADA/USDT:USDT,0.8241,20350.0,0.8242,20083.0,0.8242,,154837608.0
1753505622189,04:53:42.189,bitmart,ADA/USDT:USDT,0.8241,28080.0,0.8242,25350.0,0.8242,,154837608.0
1753505623257,04:53:43.257,bitmart,ADA/USDT:USDT,0.8241,8672.0,0.8242,19996.0,0.8242,,154837842.0
1753505624265,04:53:44.265,bitmart,ADA/USDT:USDT,0.8241,20640.0,0.8242,10067.0,0.8242,,154838158.0
1753505625216,04:53:45.216,bitmart,ADA/USDT:USDT,0.8243,21954.0,0.8244,12191.0,0.8242,,154838158.0
1753505626197,04:53:46.197,bitmart,ADA/USDT:USDT,0.8243,21954.0,0.8244,12191.0,0.8244,,154838380.0
1753505627219,04:53:47.219,bitmart,ADA/USDT:USDT,0.8243,23232.0,0.8244,4345.0,0.8243,,154840536.0
1753505628242,04:53:48.242,bitmart,ADA/USDT:USDT,0.8243,23232.0,0.8244,4345.0,0.8244,,154840706.0
1753505629242,04:53:49.242,bitmart,ADA/USDT:USDT,0.8244,25257.0,0.8245,13417.0,0.8244,,154840706.0
1753505630233,04:53:50.233,bitmart,ADA/USDT:USDT,0.8244,25257.0,0.8245,3002.0,0.8245,,154840926.0
1753505631160,04:53:51.160,bitmart,ADA/USDT:USDT,0.8244,25257.0,0.8245,19218.0,0.8244,,154841816.0
1753505632218,04:53:52.218,bitmart,ADA/USDT:USDT,0.8244,6902.0,0.8245,24513.0,0.8245,,154841966.0
1753505633211,04:53:53.211,bitmart,ADA/USDT:USDT,0.8244,13667.0,0.8245,19638.0,0.8244,,154842160.0
1753505634242,04:53:54.242,bitmart,ADA/USDT:USDT,0.8244,25894.0,0.8245,9196.0,0.8244,,154842338.0
1753505635204,04:53:55.204,bitmart,ADA/USDT:USDT,0.8244,25894.0,0.8245,9196.0,0.8244,,154842338.0
1753505636245,04:53:56.245,bitmart,ADA/USDT:USDT,0.8244,17956.0,0.8245,17571.0,0.8244,,154842338.0
1753505637168,04:53:57.168,bitmart,ADA/USDT:USDT,0.8244,17956.0,0.8245,12651.0,0.8245,,154842514.0
1753505638195,04:53:58.195,bitmart,ADA/USDT:USDT,0.8244,25056.0,0.8245,19823.0,0.8244,,154842878.0
1753505639260,04:53:59.260,bitmart,ADA/USDT:USDT,0.8244,22426.0,0.8245,7172.0,0.8245,,154843228.0
1753505640249,04:54:00.249,bitmart,ADA/USDT:USDT,0.8244,22426.0,0.8245,11798.0,0.8245,,154767854.0
1753505641246,04:54:01.246,bitmart,ADA/USDT:USDT,0.8245,22056.0,0.8247,4467.0,0.8245,,154769456.0
1753505642297,04:54:02.297,bitmart,ADA/USDT:USDT,0.8246,24294.0,0.8247,3957.0,0.8246,,154769818.0
1753505643221,04:54:03.221,bitmart,ADA/USDT:USDT,0.8246,24294.0,0.8247,12430.0,0.8247,,154770016.0
1753505644234,04:54:04.234,bitmart,ADA/USDT:USDT,0.8246,31082.0,0.8247,19614.0,0.8246,,154771396.0
1753505645156,04:54:05.156,bitmart,ADA/USDT:USDT,0.8246,23420.0,0.8247,19614.0,0.8246,,154771396.0
1753505646150,04:54:06.150,bitmart,ADA/USDT:USDT,0.8246,29340.0,0.8247,6473.0,0.8247,,154771570.0
1753505647244,04:54:07.244,bitmart,ADA/USDT:USDT,0.8246,23096.0,0.8247,20787.0,0.8247,,154771744.0
1753505648251,04:54:08.251,bitmart,ADA/USDT:USDT,0.8246,23945.0,0.8247,3788.0,0.8246,,154771966.0
1753505649204,04:54:09.204,bitmart,ADA/USDT:USDT,0.8246,23945.0,0.8247,10747.0,0.8247,,154772190.0
1753505650149,04:54:10.149,bitmart,ADA/USDT:USDT,0.8246,23945.0,0.8247,3949.0,0.8246,,154772402.0
1753505651157,04:54:11.157,bitmart,ADA/USDT:USDT,0.8246,23945.0,0.8247,19070.0,0.8246,,154772402.0
1753505652221,04:54:12.221,bitmart,ADA/USDT:USDT,0.8246,21813.0,0.8247,19832.0,0.8246,,154772402.0
1753505653261,04:54:13.261,bitmart,ADA/USDT:USDT,0.8246,21813.0,0.8247,19832.0,0.8246,,154772576.0
1753505654225,04:54:14.225,bitmart,ADA/USDT:USDT,0.8246,8569.0,0.8247,23067.0,0.8247,,154772724.0
1753505655259,04:54:15.259,bitmart,ADA/USDT:USDT,0.8246,16940.0,0.8247,25717.0,0.8247,,154772950.0
1753505656211,04:54:16.211,bitmart,ADA/USDT:USDT,0.8245,3688.0,0.8247,25717.0,0.8247,,154773178.0
1753505657243,04:54:17.243,bitmart,ADA/USDT:USDT,0.8245,1732.0,0.8246,22087.0,0.8245,,154776206.0
1753505658253,04:54:18.253,bitmart,ADA/USDT:USDT,0.8245,5896.0,0.8246,22087.0,0.8246,,154776434.0
1753505659247,04:54:19.247,bitmart,ADA/USDT:USDT,0.8245,15635.0,0.8246,22087.0,0.8245,,154776646.0
1753505660187,04:54:20.187,bitmart,ADA/USDT:USDT,0.8245,15635.0,0.8246,22087.0,0.8245,,154776646.0
1753505661156,04:54:21.156,bitmart,ADA/USDT:USDT,0.8245,17853.0,0.8246,26220.0,0.8245,,154776646.0
1753505662191,04:54:22.191,bitmart,ADA/USDT:USDT,0.8245,17853.0,0.8246,11752.0,0.8245,,154776836.0
1753505663247,04:54:23.247,bitmart,ADA/USDT:USDT,0.8245,21417.0,0.8246,8566.0,0.8246,,154777034.0
1753505664199,04:54:24.199,bitmart,ADA/USDT:USDT,0.8245,4602.0,0.8246,21592.0,0.8246,,154777166.0
1753505665169,04:54:25.169,bitmart,ADA/USDT:USDT,0.8245,2469.0,0.8246,21592.0,0.8246,,154777532.0
1753505666245,04:54:26.245,bitmart,ADA/USDT:USDT,0.8245,1929.0,0.8246,26694.0,0.8246,,154777666.0
1753505667213,04:54:27.213,bitmart,ADA/USDT:USDT,0.8244,23274.0,0.8245,22689.0,0.8245,,154777796.0
1753505668244,04:54:28.244,bitmart,ADA/USDT:USDT,0.8244,23274.0,0.8246,9040.0,0.8244,,154778808.0
1753505669243,04:54:29.243,bitmart,ADA/USDT:USDT,0.8245,24131.0,0.8246,9040.0,0.8246,,154782616.0
1753505670192,04:54:30.192,bitmart,ADA/USDT:USDT,0.8246,26674.0,0.8247,8785.0,0.8246,,154782616.0
1753505671169,04:54:31.169,bitmart,ADA/USDT:USDT,0.8246,26674.0,0.8247,8785.0,0.8246,,154782616.0
1753505672323,04:54:32.323,bitmart,ADA/USDT:USDT,0.8246,22366.0,0.8247,6266.0,0.8246,,154783908.0
1753505673168,04:54:33.168,bitmart,ADA/USDT:USDT,0.8246,22366.0,0.8247,14082.0,0.8247,,154784050.0
1753505674196,04:54:34.196,bitmart,ADA/USDT:USDT,0.8246,22366.0,0.8247,5071.0,0.8247,,154784290.0
1753505675248,04:54:35.248,bitmart,ADA/USDT:USDT,0.8246,22366.0,0.8247,5071.0,0.8247,,154784290.0
1753505676205,04:54:36.205,bitmart,ADA/USDT:USDT,0.8246,22750.0,0.8247,11214.0,0.8247,,154784290.0
1753505677196,04:54:37.196,bitmart,ADA/USDT:USDT,0.8246,2661.0,0.8247,24426.0,0.8246,,154784480.0
1753505678232,04:54:38.232,bitmart,ADA/USDT:USDT,0.8246,6909.0,0.8247,24426.0,0.8247,,154784682.0
1753505679150,04:54:39.150,bitmart,ADA/USDT:USDT,0.8246,18870.0,0.8248,14022.0,0.8247,,154784682.0
1753505680234,04:54:40.234,bitmart,ADA/USDT:USDT,0.8247,9038.0,0.8248,14022.0,0.8248,,154784814.0
1753505681254,04:54:41.254,bitmart,ADA/USDT:USDT,0.8247,22956.0,0.8248,4319.0,0.8247,,154785556.0
1753505682194,04:54:42.194,bitmart,ADA/USDT:USDT,0.8247,22956.0,0.8249,3816.0,0.8247,,154785762.0
1753505683219,04:54:43.219,bitmart,ADA/USDT:USDT,0.8248,24416.0,0.8249,7164.0,0.8248,,154785894.0
1753505684199,04:54:44.199,bitmart,ADA/USDT:USDT,0.8248,7676.0,0.825,3750.0,0.8248,,154786048.0
1753505685172,04:54:45.172,bitmart,ADA/USDT:USDT,0.8249,22408.0,0.825,10201.0,0.8249,,154786288.0
1753505686235,04:54:46.235,bitmart,ADA/USDT:USDT,0.8249,26851.0,0.825,6743.0,0.8249,,154786672.0
1753505687207,04:54:47.207,bitmart,ADA/USDT:USDT,0.8249,26851.0,0.825,3701.0,0.825,,154786798.0
1753505688167,04:54:48.167,bitmart,ADA/USDT:USDT,0.8249,1179.0,0.825,20604.0,0.8249,,154787034.0
1753505689253,04:54:49.253,bitmart,ADA/USDT:USDT,0.8249,1179.0,0.825,20604.0,0.8249,,154787034.0
1753505690156,04:54:50.156,bitmart,ADA/USDT:USDT,0.8249,2213.0,0.825,26032.0,0.8249,,154787034.0
1753505691203,04:54:51.203,bitmart,ADA/USDT:USDT,0.8249,15864.0,0.825,26032.0,0.8249,,154787180.0
1753505692246,04:54:52.246,bitmart,ADA/USDT:USDT,0.825,26576.0,0.8251,10935.0,0.8249,,154787370.0
1753505693256,04:54:53.256,bitmart,ADA/USDT:USDT,0.825,26576.0,0.8251,8913.0,0.8251,,154788290.0
1753505694231,04:54:54.231,bitmart,ADA/USDT:USDT,0.825,25999.0,0.8251,5623.0,0.8251,,154788426.0
1753505695158,04:54:55.158,bitmart,ADA/USDT:USDT,0.825,25999.0,0.8251,5738.0,0.8251,,154788426.0
1753505696185,04:54:56.185,bitmart,ADA/USDT:USDT,0.825,25999.0,0.8251,10323.0,0.825,,154789686.0
1753505697206,04:54:57.206,bitmart,ADA/USDT:USDT,0.825,24736.0,0.8251,4764.0,0.825,,154790088.0
1753505698237,04:54:58.237,bitmart,ADA/USDT:USDT,0.8251,996.0,0.8252,21613.0,0.825,,154790088.0
1753505699205,04:54:59.205,bitmart,ADA/USDT:USDT,0.8251,5968.0,0.8252,21613.0,0.8252,,154791072.0
1753505700240,04:55:00.240,bitmart,ADA/USDT:USDT,0.8251,5241.0,0.8252,22060.0,0.8251,,154793732.0
1753505701173,04:55:01.173,bitmart,ADA/USDT:USDT,0.8251,15480.0,0.8252,22060.0,0.8251,,154597572.0
1753505702216,04:55:02.216,bitmart,ADA/USDT:USDT,0.8251,16618.0,0.8252,24464.0,0.8251,,154597920.0
1753505703242,04:55:03.242,bitmart,ADA/USDT:USDT,0.8251,25082.0,0.8252,29700.0,0.8251,,154598138.0
1753505704244,04:55:04.244,bitmart,ADA/USDT:USDT,0.825,7642.0,0.8252,21627.0,0.8251,,154598282.0
1753505705257,04:55:05.257,bitmart,ADA/USDT:USDT,0.8248,21415.0,0.8251,22584.0,0.8251,,154602500.0
1753505706196,04:55:06.196,bitmart,ADA/USDT:USDT,0.8248,21415.0,0.8249,21689.0,0.8248,,154609022.0
1753505707151,04:55:07.151,bitmart,ADA/USDT:USDT,0.8248,21820.0,0.8249,15470.0,0.8248,,154609022.0
1753505708214,04:55:08.214,bitmart,ADA/USDT:USDT,0.8248,21820.0,0.8249,5023.0,0.8248,,154609198.0
1753505709228,04:55:09.228,bitmart,ADA/USDT:USDT,0.825,3249.0,0.8251,18646.0,0.825,,154609410.0
1753505710197,04:55:10.197,bitmart,ADA/USDT:USDT,0.825,19024.0,0.8251,6265.0,0.825,,154610396.0
1753505711217,04:55:11.217,bitmart,ADA/USDT:USDT,0.825,19024.0,0.8251,6265.0,0.825,,154610522.0
1753505712258,04:55:12.258,bitmart,ADA/USDT:USDT,0.825,21833.0,0.8251,3148.0,0.8251,,154610730.0
1753505713231,04:55:13.231,bitmart,ADA/USDT:USDT,0.825,21833.0,0.8251,3148.0,0.8251,,154610730.0
1753505714197,04:55:14.197,bitmart,ADA/USDT:USDT,0.825,26142.0,0.8251,7173.0,0.825,,154610884.0
1753505715254,04:55:15.254,bitmart,ADA/USDT:USDT,0.825,17928.0,0.8251,10428.0,0.825,,154611078.0
1753505716191,04:55:16.191,bitmart,ADA/USDT:USDT,0.825,14959.0,0.8251,22378.0,0.825,,154612158.0
1753505717216,04:55:17.216,bitmart,ADA/USDT:USDT,0.825,11377.0,0.8251,10957.0,0.825,,154612158.0
1753505718231,04:55:18.231,bitmart,ADA/USDT:USDT,0.825,657.0,0.8251,24789.0,0.825,,154612396.0
1753505719198,04:55:19.198,bitmart,ADA/USDT:USDT,0.825,2846.0,0.8251,24789.0,0.825,,154612872.0
1753505720265,04:55:20.265,bitmart,ADA/USDT:USDT,0.825,2936.0,0.8251,24789.0,0.825,,154613092.0
1753505721206,04:55:21.206,bitmart,ADA/USDT:USDT,0.825,9011.0,0.8251,24789.0,0.825,,154613246.0
1753505722266,04:55:22.266,bitmart,ADA/USDT:USDT,0.825,6799.0,0.8251,24789.0,0.825,,154613460.0
1753505723256,04:55:23.256,bitmart,ADA/USDT:USDT,0.825,5218.0,0.8251,8085.0,0.825,,154613600.0
1753505724195,04:55:24.195,bitmart,ADA/USDT:USDT,0.825,11180.0,0.8251,21356.0,0.825,,154613774.0
1753505725236,04:55:25.236,bitmart,ADA/USDT:USDT,0.825,8545.0,0.8251,16017.0,0.825,,154613978.0
1753505726396,04:55:26.396,bitmart,ADA/USDT:USDT,0.825,22610.0,0.8251,16017.0,0.825,,154614190.0
1753505727275,04:55:27.275,bitmart,ADA/USDT:USDT,0.8251,22931.0,0.8252,25973.0,0.8251,,154614536.0
1753505728198,04:55:28.198,bitmart,ADA/USDT:USDT,0.8251,22931.0,0.8252,11818.0,0.8251,,154614662.0
1753505729211,04:55:29.211,bitmart,ADA/USDT:USDT,0.8251,28313.0,0.8252,17883.0,0.8252,,154614866.0
1753505730209,04:55:30.209,bitmart,ADA/USDT:USDT,0.8251,22994.0,0.8252,6065.0,0.8251,,154615062.0
1753505731253,04:55:31.253,bitmart,ADA/USDT:USDT,0.8251,22994.0,0.8252,15227.0,0.8252,,154615230.0
1753505732252,04:55:32.252,bitmart,ADA/USDT:USDT,0.8252,25526.0,0.8253,3839.0,0.8252,,154616268.0
1753505733243,04:55:33.243,bitmart,ADA/USDT:USDT,0.8252,25526.0,0.8253,3839.0,0.8252,,154616268.0
1753505734246,04:55:34.246,bitmart,ADA/USDT:USDT,0.8252,21601.0,0.8253,13726.0,0.8253,,154619214.0
1753505735198,04:55:35.198,bitmart,ADA/USDT:USDT,0.8253,21739.0,0.8254,13379.0,0.8253,,154619638.0
1753505736232,04:55:36.232,bitmart,ADA/USDT:USDT,0.8253,4172.0,0.8254,22023.0,0.8253,,154622266.0
1753505737212,04:55:37.212,bitmart,ADA/USDT:USDT,0.8253,7921.0,0.8254,29851.0,0.8254,,154622424.0
1753505738250,04:55:38.250,bitmart,ADA/USDT:USDT,0.8252,2796.0,0.8253,15795.0,0.8253,,154622632.0
1753505739207,04:55:39.207,bitmart,ADA/USDT:USDT,0.8251,23126.0,0.8252,13441.0,0.8251,,154623152.0
1753505740200,04:55:40.200,bitmart,ADA/USDT:USDT,0.8251,23126.0,0.8253,4012.0,0.8251,,154623358.0
1753505741204,04:55:41.204,bitmart,ADA/USDT:USDT,0.8251,23126.0,0.8252,1966.0,0.8251,,154623512.0
1753505742205,04:55:42.205,bitmart,ADA/USDT:USDT,0.8251,23126.0,0.8252,584.0,0.8251,,154624056.0
1753505743207,04:55:43.207,bitmart,ADA/USDT:USDT,0.8251,23126.0,0.8252,4511.0,0.8251,,154624056.0
1753505744204,04:55:44.204,bitmart,ADA/USDT:USDT,0.8251,22081.0,0.8252,8066.0,0.8251,,154624292.0
1753505745236,04:55:45.236,bitmart,ADA/USDT:USDT,0.8251,22081.0,0.8252,10733.0,0.8251,,154624530.0
1753505746192,04:55:46.192,bitmart,ADA/USDT:USDT,0.8251,22081.0,0.8252,689.0,0.8251,,154624704.0
1753505747215,04:55:47.215,bitmart,ADA/USDT:USDT,0.8251,22081.0,0.8252,1471.0,0.8252,,154624942.0
1753505748204,04:55:48.204,bitmart,ADA/USDT:USDT,0.8251,22081.0,0.8252,1471.0,0.8251,,154625164.0
1753505749231,04:55:49.231,bitmart,ADA/USDT:USDT,0.8252,21316.0,0.8253,3688.0,0.8251,,154625366.0
1753505750193,04:55:50.193,bitmart,ADA/USDT:USDT,0.8252,6326.0,0.8253,20609.0,0.8252,,154625544.0
1753505751242,04:55:51.242,bitmart,ADA/USDT:USDT,0.8252,2635.0,0.8253,20609.0,0.8252,,154625766.0
1753505752246,04:55:52.246,bitmart,ADA/USDT:USDT,0.8252,4131.0,0.8253,20609.0,0.8253,,154625928.0
1753505753200,04:55:53.200,bitmart,ADA/USDT:USDT,0.8252,12939.0,0.8253,7731.0,0.8253,,154625928.0
1753505754148,04:55:54.148,bitmart,ADA/USDT:USDT,0.8252,12939.0,0.8253,19844.0,0.8252,,154626094.0
1753505755264,04:55:55.264,bitmart,ADA/USDT:USDT,0.8252,12939.0,0.8253,7389.0,0.8253,,154626244.0
1753505756200,04:55:56.200,bitmart,ADA/USDT:USDT,0.8252,12939.0,0.8253,7389.0,0.8252,,154626412.0
1753505757231,04:55:57.231,bitmart,ADA/USDT:USDT,0.8252,12939.0,0.8253,7247.0,0.8252,,154626412.0
1753505758195,04:55:58.195,bitmart,ADA/USDT:USDT,0.8252,12939.0,0.8253,15287.0,0.8253,,154626580.0
1753505759246,04:55:59.246,bitmart,ADA/USDT:USDT,0.8252,12939.0,0.8253,15287.0,0.8253,,154627094.0
1753505760264,04:56:00.264,bitmart,ADA/USDT:USDT,0.8252,24435.0,0.8253,5903.0,0.8252,,154627506.0
1753505761271,04:56:01.271,bitmart,ADA/USDT:USDT,0.8251,26398.0,0.8252,14288.0,0.8252,,154563682.0
1753505762249,04:56:02.249,bitmart,ADA/USDT:USDT,0.8251,26398.0,0.8252,14288.0,0.8251,,154564008.0
1753505763197,04:56:03.197,bitmart,ADA/USDT:USDT,0.8251,25159.0,0.8252,23882.0,0.8251,,154565342.0
1753505764246,04:56:04.246,bitmart,ADA/USDT:USDT,0.8251,25159.0,0.8252,15537.0,0.8251,,154565512.0
1753505765249,04:56:05.249,bitmart,ADA/USDT:USDT,0.8251,25159.0,0.8252,15537.0,0.8251,,154565688.0
1753505766147,04:56:06.147,bitmart,ADA/USDT:USDT,0.8251,22167.0,0.8252,8581.0,0.8252,,154577678.0
1753505767270,04:56:07.270,bitmart,ADA/USDT:USDT,0.8251,22167.0,0.8252,11238.0,0.8251,,154578468.0
1753505768189,04:56:08.189,bitmart,ADA/USDT:USDT,0.8251,22167.0,0.8252,24855.0,0.8251,,154578704.0
1753505769193,04:56:09.193,bitmart,ADA/USDT:USDT,0.8251,22647.0,0.8252,25715.0,0.8251,,154578704.0
1753505770246,04:56:10.246,bitmart,ADA/USDT:USDT,0.8251,22647.0,0.8252,25715.0,0.8251,,154578704.0
1753505771242,04:56:11.242,bitmart,ADA/USDT:USDT,0.8251,19769.0,0.8252,23267.0,0.8251,,154578938.0
1753505772252,04:56:12.252,bitmart,ADA/USDT:USDT,0.8251,24647.0,0.8252,16177.0,0.8251,,154579146.0
1753505773260,04:56:13.260,bitmart,ADA/USDT:USDT,0.8251,32605.0,0.8252,24651.0,0.8251,,154579296.0
1753505774250,04:56:14.250,bitmart,ADA/USDT:USDT,0.8251,22134.0,0.8252,23789.0,0.8251,,154579474.0
1753505775279,04:56:15.279,bitmart,ADA/USDT:USDT,0.8251,16021.0,0.8252,23839.0,0.8251,,154579608.0
1753505776245,04:56:16.245,bitmart,ADA/USDT:USDT,0.8251,23814.0,0.8252,16971.0,0.8251,,154579802.0
1753505777201,04:56:17.201,bitmart,ADA/USDT:USDT,0.8251,23814.0,0.8252,13189.0,0.8251,,154580004.0
1753505778259,04:56:18.259,bitmart,ADA/USDT:USDT,0.8251,23814.0,0.8252,13189.0,0.8251,,154580192.0
1753505779233,04:56:19.233,bitmart,ADA/USDT:USDT,0.8251,24852.0,0.8252,7075.0,0.8251,,154580422.0
1753505780250,04:56:20.250,bitmart,ADA/USDT:USDT,0.8251,22569.0,0.8252,6472.0,0.8251,,154580580.0
1753505781246,04:56:21.246,bitmart,ADA/USDT:USDT,0.8251,22569.0,0.8252,6472.0,0.8251,,154580778.0
1753505782226,04:56:22.226,bitmart,ADA/USDT:USDT,0.8252,26626.0,0.8254,9129.0,0.8252,,154582522.0
1753505783249,04:56:23.249,bitmart,ADA/USDT:USDT,0.8253,4399.0,0.8254,21235.0,0.8252,,154582522.0
1753505784183,04:56:24.183,bitmart,ADA/USDT:USDT,0.8253,5638.0,0.8254,21235.0,0.8254,,154582716.0
1753505785199,04:56:25.199,bitmart,ADA/USDT:USDT,0.8252,3768.0,0.8254,23822.0,0.8253,,154583738.0
1753505786183,04:56:26.183,bitmart,ADA/USDT:USDT,0.8252,7219.0,0.8253,24491.0,0.8253,,154583738.0
1753505787204,04:56:27.204,bitmart,ADA/USDT:USDT,0.8252,7219.0,0.8253,24491.0,0.8252,,154583900.0
1753505788238,04:56:28.238,bitmart,ADA/USDT:USDT,0.8251,22578.0,0.8252,20922.0,0.8253,,154584032.0
1753505789255,04:56:29.255,bitmart,ADA/USDT:USDT,0.8251,22578.0,0.8252,20922.0,0.8251,,154584252.0
1753505790209,04:56:30.209,bitmart,ADA/USDT:USDT,0.825,27217.0,0.8252,12692.0,0.8251,,154584440.0
1753505791195,04:56:31.195,bitmart,ADA/USDT:USDT,0.825,27217.0,0.8251,14713.0,0.825,,154584668.0
1753505792266,04:56:32.266,bitmart,ADA/USDT:USDT,0.825,8115.0,0.8251,7463.0,0.825,,154584846.0
1753505793217,04:56:33.217,bitmart,ADA/USDT:USDT,0.8249,19500.0,0.8251,16252.0,0.825,,154588508.0
1753505794181,04:56:34.181,bitmart,ADA/USDT:USDT,0.8249,19500.0,0.825,12199.0,0.8249,,154588726.0
1753505795255,04:56:35.255,bitmart,ADA/USDT:USDT,0.8249,19500.0,0.825,2626.0,0.8249,,154588872.0
1753505796160,04:56:36.160,bitmart,ADA/USDT:USDT,0.8249,19500.0,0.825,12763.0,0.8249,,154588872.0
1753505797210,04:56:37.210,bitmart,ADA/USDT:USDT,0.8249,8150.0,0.825,20741.0,0.8249,,154588872.0
1753505798345,04:56:38.345,bitmart,ADA/USDT:USDT,0.8249,18457.0,0.825,7978.0,0.825,,154589022.0
1753505799246,04:56:39.246,bitmart,ADA/USDT:USDT,0.8249,25536.0,0.825,329.0,0.8249,,154590872.0
1753505800198,04:56:40.198,bitmart,ADA/USDT:USDT,0.8249,25536.0,0.825,2847.0,0.8249,,154591072.0
1753505801209,04:56:41.209,bitmart,ADA/USDT:USDT,0.8249,25536.0,0.825,338.0,0.8249,,154591298.0
1753505802253,04:56:42.253,bitmart,ADA/USDT:USDT,0.8249,4519.0,0.825,12749.0,0.825,,154591446.0
