timestamp,time,exchange,symbol,bid,bidVolume,ask,askVolume,lastPrice,baseVolume,quoteVolume
1753504794604,04:39:54.604,bitmart,AAVE/USDT:USDT,297.41,23.0,297.42,26.0,297.42,,1780130.0
1753504795601,04:39:55.601,bitmart,AAVE/USDT:USDT,297.41,23.0,297.42,26.0,297.42,,1780136.0
1753504796601,04:39:56.601,bitmart,AAVE/USDT:USDT,297.41,37.0,297.42,43.0,297.42,,1780136.0
1753504797642,04:39:57.642,bitmart,AAVE/USDT:USDT,297.41,79.0,297.42,20.0,297.42,,1780142.0
1753504798638,04:39:58.638,bitmart,AAVE/USDT:USDT,297.44,94.0,297.45,17.0,297.44,,1780146.0
1753504799645,04:39:59.645,bitmart,AAVE/USDT:USDT,297.44,40.0,297.45,36.0,297.45,,1780158.0
1753504800597,04:40:00.597,bitmart,AAVE/USDT:USDT,297.44,52.0,297.45,41.0,297.45,,1777010.0
1753504801602,04:40:01.602,bitmart,AAVE/USDT:USDT,297.44,52.0,297.45,41.0,297.45,,1777022.0
1753504802599,04:40:02.599,bitmart,AAVE/USDT:USDT,297.44,52.0,297.45,23.0,297.45,,1777026.0
1753504803587,04:40:03.587,bitmart,AAVE/USDT:USDT,297.44,38.0,297.45,24.0,297.44,,1777032.0
1753504804545,04:40:04.545,bitmart,AAVE/USDT:USDT,297.44,38.0,297.45,41.0,297.44,,1777032.0
1753504805641,04:40:05.641,bitmart,AAVE/USDT:USDT,297.44,62.0,297.45,46.0,297.44,,1777036.0
1753504806632,04:40:06.632,bitmart,AAVE/USDT:USDT,297.44,62.0,297.45,46.0,297.44,,1777040.0
1753504807639,04:40:07.639,bitmart,AAVE/USDT:USDT,297.44,44.0,297.45,28.0,297.44,,1777040.0
1753504808590,04:40:08.590,bitmart,AAVE/USDT:USDT,297.44,71.0,297.45,27.0,297.44,,1777040.0
1753504809598,04:40:09.598,bitmart,AAVE/USDT:USDT,297.44,73.0,297.45,16.0,297.44,,1777040.0
1753504810606,04:40:10.606,bitmart,AAVE/USDT:USDT,297.44,73.0,297.45,16.0,297.45,,1777044.0
1753504811588,04:40:11.588,bitmart,AAVE/USDT:USDT,297.44,66.0,297.45,20.0,297.44,,1777048.0
1753504812588,04:40:12.588,bitmart,AAVE/USDT:USDT,297.44,40.0,297.45,20.0,297.44,,1777054.0
1753504813586,04:40:13.586,bitmart,AAVE/USDT:USDT,297.44,40.0,297.45,36.0,297.45,,1777058.0
1753504814601,04:40:14.601,bitmart,AAVE/USDT:USDT,297.44,84.0,297.45,85.0,297.45,,1777058.0
1753504815592,04:40:15.592,bitmart,AAVE/USDT:USDT,297.44,44.0,297.45,49.0,297.45,,1777062.0
1753504816588,04:40:16.588,bitmart,AAVE/USDT:USDT,297.53,86.0,297.54,26.0,297.52,,1777138.0
1753504817587,04:40:17.587,bitmart,AAVE/USDT:USDT,297.53,57.0,297.54,4.0,297.52,,1777138.0
1753504818585,04:40:18.585,bitmart,AAVE/USDT:USDT,297.53,57.0,297.54,4.0,297.53,,1777142.0
1753504819585,04:40:19.585,bitmart,AAVE/USDT:USDT,297.53,27.0,297.54,20.0,297.53,,1777146.0
1753504820602,04:40:20.602,bitmart,AAVE/USDT:USDT,297.53,59.0,297.57,154.0,297.54,,1777150.0
1753504821530,04:40:21.530,bitmart,AAVE/USDT:USDT,297.55,21.0,297.56,23.0,297.54,,1777150.0
1753504822598,04:40:22.598,bitmart,AAVE/USDT:USDT,297.55,43.0,297.56,21.0,297.55,,1777154.0
1753504823576,04:40:23.576,bitmart,AAVE/USDT:USDT,297.55,43.0,297.56,16.0,297.56,,1777160.0
1753504824599,04:40:24.599,bitmart,AAVE/USDT:USDT,297.53,38.0,297.54,57.0,297.54,,1777178.0
1753504825598,04:40:25.598,bitmart,AAVE/USDT:USDT,297.53,38.0,297.54,57.0,297.54,,1777178.0
1753504826545,04:40:26.545,bitmart,AAVE/USDT:USDT,297.53,38.0,297.54,52.0,297.53,,1777182.0
1753504827542,04:40:27.542,bitmart,AAVE/USDT:USDT,297.51,16.0,297.52,106.0,297.53,,1777182.0
1753504828602,04:40:28.602,bitmart,AAVE/USDT:USDT,297.5,8.0,297.51,148.0,297.51,,1777222.0
1753504829602,04:40:29.602,bitmart,AAVE/USDT:USDT,297.5,8.0,297.51,98.0,297.51,,1777228.0
1753504830597,04:40:30.597,bitmart,AAVE/USDT:USDT,297.5,14.0,297.51,203.0,297.5,,1777232.0
1753504831587,04:40:31.587,bitmart,AAVE/USDT:USDT,297.5,32.0,297.51,45.0,297.5,,1777238.0
1753504832586,04:40:32.586,bitmart,AAVE/USDT:USDT,297.49,1.0,297.51,114.0,297.5,,1777242.0
1753504833600,04:40:33.600,bitmart,AAVE/USDT:USDT,297.5,58.0,297.51,9.0,297.5,,1777266.0
1753504834601,04:40:34.601,bitmart,AAVE/USDT:USDT,297.5,58.0,297.51,18.0,297.51,,1777270.0
1753504835551,04:40:35.551,bitmart,AAVE/USDT:USDT,297.53,27.0,297.54,1.0,297.51,,1777270.0
1753504836601,04:40:36.601,bitmart,AAVE/USDT:USDT,297.53,1.0,297.54,73.0,297.53,,1777274.0
1753504837541,04:40:37.541,bitmart,AAVE/USDT:USDT,297.53,1.0,297.54,73.0,297.53,,1777274.0
1753504838604,04:40:38.604,bitmart,AAVE/USDT:USDT,297.53,1.0,297.54,73.0,297.54,,1777278.0
1753504839586,04:40:39.586,bitmart,AAVE/USDT:USDT,297.42,159.0,297.45,76.0,297.48,,1777284.0
1753504840601,04:40:40.601,bitmart,AAVE/USDT:USDT,297.35,18.0,297.36,52.0,297.36,,1777290.0
1753504841600,04:40:41.600,bitmart,AAVE/USDT:USDT,297.35,18.0,297.36,52.0,297.35,,1777294.0
1753504842650,04:40:42.650,bitmart,AAVE/USDT:USDT,297.41,47.0,297.42,27.0,297.42,,1777324.0
1753504843546,04:40:43.546,bitmart,AAVE/USDT:USDT,297.39,18.0,297.4,24.0,297.42,,1777324.0
1753504844615,04:40:44.615,bitmart,AAVE/USDT:USDT,297.42,178.0,297.43,3.0,297.39,,1777330.0
1753504845639,04:40:45.639,bitmart,AAVE/USDT:USDT,297.42,178.0,297.46,64.0,297.42,,1777334.0
1753504846641,04:40:46.641,bitmart,AAVE/USDT:USDT,297.45,25.0,297.46,64.0,297.45,,1777340.0
1753504847639,04:40:47.639,bitmart,AAVE/USDT:USDT,297.45,34.0,297.46,34.0,297.45,,1777344.0
1753504848587,04:40:48.587,bitmart,AAVE/USDT:USDT,297.45,34.0,297.46,34.0,297.45,,1777344.0
1753504849612,04:40:49.612,bitmart,AAVE/USDT:USDT,297.49,78.0,297.5,21.0,297.45,,1777344.0
1753504850643,04:40:50.643,bitmart,AAVE/USDT:USDT,297.49,78.0,297.5,21.0,297.49,,1777352.0
1753504851643,04:40:51.643,bitmart,AAVE/USDT:USDT,297.49,78.0,297.5,3.0,297.49,,1777358.0
1753504852541,04:40:52.541,bitmart,AAVE/USDT:USDT,297.49,101.0,297.5,4.0,297.49,,1777364.0
1753504853640,04:40:53.640,bitmart,AAVE/USDT:USDT,297.51,159.0,297.54,1.0,297.49,,1777368.0
1753504854590,04:40:54.590,bitmart,AAVE/USDT:USDT,297.53,182.0,297.55,157.0,297.53,,1777428.0
1753504855625,04:40:55.625,bitmart,AAVE/USDT:USDT,297.54,173.0,297.55,19.0,297.54,,1777432.0
1753504856587,04:40:56.587,bitmart,AAVE/USDT:USDT,297.54,235.0,297.55,21.0,297.55,,1777436.0
1753504857602,04:40:57.602,bitmart,AAVE/USDT:USDT,297.54,240.0,297.55,21.0,297.55,,1777440.0
1753504858592,04:40:58.592,bitmart,AAVE/USDT:USDT,297.54,185.0,297.55,19.0,297.55,,1777448.0
1753504859603,04:40:59.603,bitmart,AAVE/USDT:USDT,297.54,185.0,297.55,13.0,297.55,,1777456.0
1753504860603,04:41:00.603,bitmart,AAVE/USDT:USDT,297.54,185.0,297.55,13.0,297.54,,1775546.0
1753504861601,04:41:01.601,bitmart,AAVE/USDT:USDT,297.54,171.0,297.55,6.0,297.55,,1775554.0
1753504862606,04:41:02.606,bitmart,AAVE/USDT:USDT,297.54,171.0,297.55,6.0,297.54,,1775558.0
1753504863587,04:41:03.587,bitmart,AAVE/USDT:USDT,297.54,169.0,297.55,6.0,297.54,,1775562.0
1753504864587,04:41:04.587,bitmart,AAVE/USDT:USDT,297.6,172.0,297.61,6.0,297.55,,1775566.0
1753504865591,04:41:05.591,bitmart,AAVE/USDT:USDT,297.6,172.0,297.62,141.0,297.55,,1775566.0
1753504866597,04:41:06.597,bitmart,AAVE/USDT:USDT,297.63,188.0,297.64,2.0,297.63,,1775584.0
1753504867586,04:41:07.586,bitmart,AAVE/USDT:USDT,297.63,188.0,297.64,30.0,297.64,,1775598.0
1753504868639,04:41:08.639,bitmart,AAVE/USDT:USDT,297.64,219.0,297.65,3.0,297.64,,1775598.0
1753504869640,04:41:09.640,bitmart,AAVE/USDT:USDT,297.64,219.0,297.65,4.0,297.64,,1775604.0
1753504870603,04:41:10.603,bitmart,AAVE/USDT:USDT,297.64,219.0,297.65,23.0,297.65,,1775610.0
1753504871587,04:41:11.587,bitmart,AAVE/USDT:USDT,297.64,219.0,297.65,23.0,297.64,,1775614.0
1753504872588,04:41:12.588,bitmart,AAVE/USDT:USDT,297.64,196.0,297.65,20.0,297.64,,1775614.0
1753504873586,04:41:13.586,bitmart,AAVE/USDT:USDT,297.64,147.0,297.65,4.0,297.64,,1775614.0
1753504874596,04:41:14.596,bitmart,AAVE/USDT:USDT,297.64,147.0,297.65,39.0,297.65,,1775618.0
1753504875586,04:41:15.586,bitmart,AAVE/USDT:USDT,297.64,147.0,297.65,20.0,297.64,,1775624.0
1753504876595,04:41:16.595,bitmart,AAVE/USDT:USDT,297.64,214.0,297.66,4.0,297.64,,1775624.0
1753504877625,04:41:17.625,bitmart,AAVE/USDT:USDT,297.65,166.0,297.66,4.0,297.64,,1775624.0
1753504878597,04:41:18.597,bitmart,AAVE/USDT:USDT,297.65,154.0,297.66,3.0,297.64,,1775624.0
1753504879554,04:41:19.554,bitmart,AAVE/USDT:USDT,297.65,149.0,297.66,3.0,297.65,,1775628.0
1753504880598,04:41:20.598,bitmart,AAVE/USDT:USDT,297.65,149.0,297.66,3.0,297.65,,1775628.0
1753504881589,04:41:21.589,bitmart,AAVE/USDT:USDT,297.65,168.0,297.66,3.0,297.66,,1775634.0
1753504882599,04:41:22.599,bitmart,AAVE/USDT:USDT,297.65,230.0,297.66,5.0,297.66,,1775640.0
1753504883585,04:41:23.585,bitmart,AAVE/USDT:USDT,297.65,230.0,297.66,5.0,297.66,,1775640.0
1753504884586,04:41:24.586,bitmart,AAVE/USDT:USDT,297.65,97.0,297.66,4.0,297.65,,1775646.0
1753504885589,04:41:25.589,bitmart,AAVE/USDT:USDT,297.67,143.0,297.68,42.0,297.65,,1775646.0
1753504886607,04:41:26.607,bitmart,AAVE/USDT:USDT,297.67,143.0,297.68,42.0,297.68,,1775654.0
1753504887586,04:41:27.586,bitmart,AAVE/USDT:USDT,297.67,109.0,297.68,85.0,297.69,,1776140.0
1753504888596,04:41:28.596,bitmart,AAVE/USDT:USDT,297.67,17.0,297.68,85.0,297.68,,1776148.0
1753504889641,04:41:29.641,bitmart,AAVE/USDT:USDT,297.67,163.0,297.68,2.0,297.67,,1776152.0
1753504890634,04:41:30.634,bitmart,AAVE/USDT:USDT,297.67,163.0,297.68,2.0,297.67,,1776152.0
1753504891549,04:41:31.549,bitmart,AAVE/USDT:USDT,297.71,47.0,297.72,47.0,297.67,,1776152.0
1753504892534,04:41:32.534,bitmart,AAVE/USDT:USDT,297.71,47.0,297.72,47.0,297.67,,1776152.0
1753504893541,04:41:33.541,bitmart,AAVE/USDT:USDT,297.71,66.0,297.72,5.0,297.71,,1776156.0
1753504894600,04:41:34.600,bitmart,AAVE/USDT:USDT,297.72,142.0,297.73,39.0,297.72,,1776162.0
1753504895591,04:41:35.591,bitmart,AAVE/USDT:USDT,297.72,142.0,297.73,39.0,297.72,,1776162.0
1753504896597,04:41:36.597,bitmart,AAVE/USDT:USDT,297.72,111.0,297.73,39.0,297.72,,1776166.0
1753504897587,04:41:37.587,bitmart,AAVE/USDT:USDT,297.72,312.0,297.73,39.0,297.72,,1776170.0
1753504898587,04:41:38.587,bitmart,AAVE/USDT:USDT,297.72,201.0,297.73,39.0,297.73,,1776176.0
1753504899587,04:41:39.587,bitmart,AAVE/USDT:USDT,297.72,201.0,297.73,39.0,297.73,,1776192.0
1753504900596,04:41:40.596,bitmart,AAVE/USDT:USDT,297.72,201.0,297.73,39.0,297.73,,1776192.0
1753504901587,04:41:41.587,bitmart,AAVE/USDT:USDT,297.72,201.0,297.73,39.0,297.73,,1776198.0
1753504902601,04:41:42.601,bitmart,AAVE/USDT:USDT,297.72,195.0,297.73,39.0,297.73,,1776198.0
1753504903588,04:41:43.588,bitmart,AAVE/USDT:USDT,297.72,195.0,297.73,39.0,297.73,,1776202.0
1753504904585,04:41:44.585,bitmart,AAVE/USDT:USDT,297.72,176.0,297.73,39.0,297.72,,1776206.0
1753504905589,04:41:45.589,bitmart,AAVE/USDT:USDT,297.79,187.0,297.8,4.0,297.73,,1776210.0
1753504906598,04:41:46.598,bitmart,AAVE/USDT:USDT,297.79,137.0,297.81,20.0,297.79,,1776214.0
1753504907588,04:41:47.588,bitmart,AAVE/USDT:USDT,297.8,39.0,297.81,35.0,297.79,,1776214.0
1753504908598,04:41:48.598,bitmart,AAVE/USDT:USDT,297.8,39.0,297.81,35.0,297.8,,1776218.0
1753504909586,04:41:49.586,bitmart,AAVE/USDT:USDT,297.8,49.0,297.81,27.0,297.81,,1776222.0
1753504910601,04:41:50.601,bitmart,AAVE/USDT:USDT,297.8,198.0,297.81,27.0,297.81,,1776226.0
1753504911590,04:41:51.590,bitmart,AAVE/USDT:USDT,297.8,129.0,297.81,40.0,297.81,,1776230.0
1753504912599,04:41:52.599,bitmart,AAVE/USDT:USDT,297.8,129.0,297.81,40.0,297.8,,1776234.0
1753504913589,04:41:53.589,bitmart,AAVE/USDT:USDT,297.8,202.0,297.81,31.0,297.81,,1776238.0
1753504914600,04:41:54.600,bitmart,AAVE/USDT:USDT,297.8,238.0,297.81,36.0,297.81,,1776238.0
1753504915585,04:41:55.585,bitmart,AAVE/USDT:USDT,297.8,238.0,297.81,36.0,297.81,,1776242.0
1753504916598,04:41:56.598,bitmart,AAVE/USDT:USDT,297.8,170.0,297.81,45.0,297.8,,1776248.0
1753504917585,04:41:57.585,bitmart,AAVE/USDT:USDT,297.8,225.0,297.81,36.0,297.8,,1776252.0
1753504918595,04:41:58.595,bitmart,AAVE/USDT:USDT,297.8,225.0,297.81,36.0,297.8,,1776256.0
1753504919598,04:41:59.598,bitmart,AAVE/USDT:USDT,297.8,120.0,297.81,34.0,297.81,,1776270.0
1753504920602,04:42:00.602,bitmart,AAVE/USDT:USDT,297.8,211.0,297.81,40.0,297.8,,1773898.0
1753504921597,04:42:01.597,bitmart,AAVE/USDT:USDT,297.8,211.0,297.83,9.0,297.8,,1773902.0
1753504922598,04:42:02.598,bitmart,AAVE/USDT:USDT,297.82,136.0,297.83,9.0,297.82,,1773908.0
1753504923585,04:42:03.585,bitmart,AAVE/USDT:USDT,297.85,147.0,297.86,2.0,297.82,,1773922.0
1753504924587,04:42:04.587,bitmart,AAVE/USDT:USDT,297.86,42.0,297.87,22.0,297.86,,1773930.0
1753504925601,04:42:05.601,bitmart,AAVE/USDT:USDT,297.88,168.0,297.89,39.0,297.87,,1774072.0
1753504926587,04:42:06.587,bitmart,AAVE/USDT:USDT,297.86,18.0,297.89,149.0,297.88,,1774202.0
1753504927585,04:42:07.585,bitmart,AAVE/USDT:USDT,297.88,186.0,297.89,40.0,297.88,,1774300.0
1753504928602,04:42:08.602,bitmart,AAVE/USDT:USDT,297.88,186.0,297.89,44.0,297.88,,1774304.0
1753504929544,04:42:09.544,bitmart,AAVE/USDT:USDT,297.88,80.0,297.89,64.0,297.88,,1774308.0
1753504930598,04:42:10.598,bitmart,AAVE/USDT:USDT,297.88,46.0,297.89,80.0,297.88,,1774308.0
1753504931581,04:42:11.581,bitmart,AAVE/USDT:USDT,297.88,12.0,297.89,80.0,297.89,,1774312.0
1753504932602,04:42:12.602,bitmart,AAVE/USDT:USDT,297.88,157.0,297.89,39.0,297.89,,1774312.0
1753504933644,04:42:13.644,bitmart,AAVE/USDT:USDT,297.88,157.0,297.89,39.0,297.89,,1774316.0
1753504934597,04:42:14.597,bitmart,AAVE/USDT:USDT,297.88,4.0,297.89,39.0,297.89,,1774332.0
1753504935588,04:42:15.588,bitmart,AAVE/USDT:USDT,297.88,4.0,297.89,39.0,297.89,,1774332.0
1753504936585,04:42:16.585,bitmart,AAVE/USDT:USDT,297.88,54.0,297.89,39.0,297.88,,1774338.0
1753504937587,04:42:17.587,bitmart,AAVE/USDT:USDT,297.88,54.0,297.89,39.0,297.89,,1774342.0
1753504938602,04:42:18.602,bitmart,AAVE/USDT:USDT,297.88,54.0,297.89,39.0,297.89,,1774346.0
1753504939588,04:42:19.588,bitmart,AAVE/USDT:USDT,297.88,54.0,297.89,39.0,297.89,,1774354.0
1753504940599,04:42:20.599,bitmart,AAVE/USDT:USDT,297.88,3.0,297.95,131.0,297.89,,1774354.0
1753504941587,04:42:21.587,bitmart,AAVE/USDT:USDT,297.92,6.0,297.93,138.0,297.93,,1774358.0
1753504942598,04:42:22.598,bitmart,AAVE/USDT:USDT,297.92,146.0,297.93,41.0,297.92,,1774362.0
1753504943611,04:42:23.611,bitmart,AAVE/USDT:USDT,297.92,146.0,297.93,10.0,297.93,,1774438.0
1753504944598,04:42:24.598,bitmart,AAVE/USDT:USDT,297.92,146.0,297.93,2.0,297.93,,1774438.0
1753504945585,04:42:25.585,bitmart,AAVE/USDT:USDT,297.92,146.0,297.93,8.0,297.93,,1774442.0
1753504946610,04:42:26.610,bitmart,AAVE/USDT:USDT,297.92,146.0,297.93,23.0,297.93,,1774446.0
1753504947589,04:42:27.589,bitmart,AAVE/USDT:USDT,297.92,146.0,297.93,23.0,297.93,,1774450.0
1753504948604,04:42:28.604,bitmart,AAVE/USDT:USDT,297.92,146.0,297.93,64.0,297.93,,1774454.0
1753504949644,04:42:29.644,bitmart,AAVE/USDT:USDT,297.9,1.0,297.91,145.0,297.92,,1774474.0
1753504950599,04:42:30.599,bitmart,AAVE/USDT:USDT,297.9,6.0,297.91,145.0,297.9,,1774478.0
1753504951586,04:42:31.586,bitmart,AAVE/USDT:USDT,297.9,6.0,297.91,145.0,297.9,,1774482.0
1753504952602,04:42:32.602,bitmart,AAVE/USDT:USDT,297.9,17.0,297.91,145.0,297.9,,1774482.0
1753504953643,04:42:33.643,bitmart,AAVE/USDT:USDT,297.9,40.0,297.91,100.0,297.9,,1774490.0
1753504954630,04:42:34.630,bitmart,AAVE/USDT:USDT,297.9,18.0,297.91,100.0,297.9,,1774490.0
1753504955541,04:42:35.541,bitmart,AAVE/USDT:USDT,297.9,18.0,297.91,57.0,297.9,,1774490.0
1753504956643,04:42:36.643,bitmart,AAVE/USDT:USDT,297.9,28.0,297.91,101.0,297.9,,1774494.0
1753504957547,04:42:37.547,bitmart,AAVE/USDT:USDT,297.9,28.0,297.91,101.0,297.9,,1774498.0
1753504958601,04:42:38.601,bitmart,AAVE/USDT:USDT,297.86,6.0,297.87,100.0,297.87,,1774514.0
1753504959642,04:42:39.642,bitmart,AAVE/USDT:USDT,297.86,6.0,297.87,100.0,297.86,,1774520.0
1753504960531,04:42:40.531,bitmart,AAVE/USDT:USDT,297.86,7.0,297.87,139.0,297.86,,1774520.0
1753504961632,04:42:41.632,bitmart,AAVE/USDT:USDT,297.86,20.0,297.87,276.0,297.86,,1774520.0
1753504962602,04:42:42.602,bitmart,AAVE/USDT:USDT,297.86,13.0,297.87,137.0,297.86,,1774520.0
1753504963585,04:42:43.585,bitmart,AAVE/USDT:USDT,297.86,15.0,297.87,87.0,297.86,,1774526.0
1753504964575,04:42:44.575,bitmart,AAVE/USDT:USDT,297.84,62.0,297.85,30.0,297.86,,1774526.0
1753504965601,04:42:45.601,bitmart,AAVE/USDT:USDT,297.84,62.0,297.85,30.0,297.86,,1774526.0
1753504966613,04:42:46.613,bitmart,AAVE/USDT:USDT,297.84,110.0,297.85,28.0,297.85,,1774530.0
1753504967546,04:42:47.546,bitmart,AAVE/USDT:USDT,297.84,110.0,297.85,28.0,297.85,,1774534.0
1753504968641,04:42:48.641,bitmart,AAVE/USDT:USDT,297.84,80.0,297.85,23.0,297.84,,1774538.0
1753504969616,04:42:49.616,bitmart,AAVE/USDT:USDT,297.84,132.0,297.85,29.0,297.84,,1774542.0
1753504970633,04:42:50.633,bitmart,AAVE/USDT:USDT,297.84,132.0,297.85,105.0,297.84,,1774542.0
1753504971600,04:42:51.600,bitmart,AAVE/USDT:USDT,297.84,132.0,297.85,97.0,297.85,,1774554.0
1753504972599,04:42:52.599,bitmart,AAVE/USDT:USDT,297.84,132.0,297.87,131.0,297.84,,1774560.0
1753504973643,04:42:53.643,bitmart,AAVE/USDT:USDT,297.9,158.0,297.91,17.0,297.84,,1774574.0
1753504974644,04:42:54.644,bitmart,AAVE/USDT:USDT,297.9,158.0,297.91,23.0,297.9,,1774594.0
1753504975639,04:42:55.639,bitmart,AAVE/USDT:USDT,297.9,44.0,297.91,16.0,297.91,,1774598.0
1753504976541,04:42:56.541,bitmart,AAVE/USDT:USDT,297.9,44.0,297.91,16.0,297.91,,1774598.0
1753504977593,04:42:57.593,bitmart,AAVE/USDT:USDT,297.9,40.0,297.91,30.0,297.9,,1774604.0
1753504978600,04:42:58.600,bitmart,AAVE/USDT:USDT,297.9,54.0,297.91,32.0,297.9,,1774612.0
1753504979601,04:42:59.601,bitmart,AAVE/USDT:USDT,297.9,54.0,297.91,32.0,297.9,,1774620.0
1753504980609,04:43:00.609,bitmart,AAVE/USDT:USDT,297.9,34.0,297.91,50.0,297.9,,1772702.0
1753504981543,04:43:01.543,bitmart,AAVE/USDT:USDT,297.9,57.0,297.91,50.0,297.9,,1772706.0
1753504982649,04:43:02.649,bitmart,AAVE/USDT:USDT,297.9,56.0,297.91,46.0,297.9,,1772712.0
1753504983639,04:43:03.639,bitmart,AAVE/USDT:USDT,297.9,56.0,297.91,46.0,297.9,,1772712.0
1753504984644,04:43:04.644,bitmart,AAVE/USDT:USDT,297.88,1.0,297.91,56.0,297.91,,1772716.0
1753504985643,04:43:05.643,bitmart,AAVE/USDT:USDT,297.88,1.0,297.89,62.0,297.89,,1772728.0
1753504986591,04:43:06.591,bitmart,AAVE/USDT:USDT,297.88,39.0,297.89,21.0,297.88,,1772732.0
1753504987597,04:43:07.597,bitmart,AAVE/USDT:USDT,297.88,57.0,297.89,29.0,297.88,,1772732.0
1753504988598,04:43:08.598,bitmart,AAVE/USDT:USDT,297.88,3.0,297.89,50.0,297.88,,1772732.0
1753504989550,04:43:09.550,bitmart,AAVE/USDT:USDT,297.88,47.0,297.89,1.0,297.89,,1772736.0
1753504990587,04:43:10.587,bitmart,AAVE/USDT:USDT,297.88,47.0,297.89,30.0,297.89,,1772778.0
1753504991589,04:43:11.589,bitmart,AAVE/USDT:USDT,297.88,47.0,297.89,30.0,297.89,,1772782.0
1753504992600,04:43:12.600,bitmart,AAVE/USDT:USDT,297.88,4.0,297.89,33.0,297.88,,1772786.0
1753504993589,04:43:13.589,bitmart,AAVE/USDT:USDT,297.88,9.0,297.89,92.0,297.88,,1772790.0
1753504994587,04:43:14.587,bitmart,AAVE/USDT:USDT,297.88,5.0,297.89,59.0,297.88,,1772790.0
1753504995595,04:43:15.595,bitmart,AAVE/USDT:USDT,297.88,5.0,297.89,59.0,297.88,,1772790.0
1753504996597,04:43:16.597,bitmart,AAVE/USDT:USDT,297.88,11.0,297.89,134.0,297.89,,1772794.0
1753504997643,04:43:17.643,bitmart,AAVE/USDT:USDT,297.88,29.0,297.89,75.0,297.89,,1772798.0
1753504998638,04:43:18.638,bitmart,AAVE/USDT:USDT,297.88,40.0,297.89,50.0,297.89,,1772804.0
1753504999597,04:43:19.597,bitmart,AAVE/USDT:USDT,297.88,40.0,297.89,50.0,297.89,,1772808.0
1753505000597,04:43:20.597,bitmart,AAVE/USDT:USDT,297.88,39.0,297.89,68.0,297.88,,1772814.0
1753505001604,04:43:21.604,bitmart,AAVE/USDT:USDT,297.88,39.0,297.89,68.0,297.88,,1772814.0
1753505002587,04:43:22.587,bitmart,AAVE/USDT:USDT,297.88,60.0,297.89,48.0,297.89,,1772818.0
1753505003604,04:43:23.604,bitmart,AAVE/USDT:USDT,297.88,44.0,297.89,44.0,297.89,,1772818.0
1753505004601,04:43:24.601,bitmart,AAVE/USDT:USDT,297.88,46.0,297.89,48.0,297.89,,1772822.0
1753505005586,04:43:25.586,bitmart,AAVE/USDT:USDT,297.88,41.0,297.89,74.0,297.89,,1772826.0
1753505006587,04:43:26.587,bitmart,AAVE/USDT:USDT,297.88,41.0,297.89,74.0,297.88,,1772832.0
1753505007543,04:43:27.543,bitmart,AAVE/USDT:USDT,297.88,30.0,297.89,81.0,297.88,,1772832.0
1753505008586,04:43:28.586,bitmart,AAVE/USDT:USDT,297.88,47.0,297.89,81.0,297.89,,1772836.0
1753505009616,04:43:29.616,bitmart,AAVE/USDT:USDT,297.88,80.0,297.89,45.0,297.89,,1772840.0
1753505010545,04:43:30.545,bitmart,AAVE/USDT:USDT,297.9,211.0,297.91,7.0,297.89,,1772840.0
1753505011598,04:43:31.598,bitmart,AAVE/USDT:USDT,297.9,109.0,297.93,17.0,297.91,,1772848.0
1753505012640,04:43:32.640,bitmart,AAVE/USDT:USDT,297.92,57.0,297.93,24.0,297.93,,1772854.0
1753505013643,04:43:33.643,bitmart,AAVE/USDT:USDT,297.92,57.0,297.93,24.0,297.92,,1772858.0
1753505014544,04:43:34.544,bitmart,AAVE/USDT:USDT,297.92,72.0,297.93,19.0,297.93,,1772862.0
1753505015586,04:43:35.586,bitmart,AAVE/USDT:USDT,297.92,139.0,297.93,6.0,297.93,,1772866.0
1753505016640,04:43:36.640,bitmart,AAVE/USDT:USDT,297.92,67.0,297.93,19.0,297.92,,1772870.0
1753505018587,04:43:38.587,bitmart,AAVE/USDT:USDT,297.92,66.0,297.93,15.0,297.93,,1772874.0
1753505019597,04:43:39.597,bitmart,AAVE/USDT:USDT,297.92,66.0,297.93,39.0,297.93,,1772874.0
1753505020543,04:43:40.543,bitmart,AAVE/USDT:USDT,297.92,53.0,297.93,54.0,297.93,,1772880.0
1753505022588,04:43:42.588,bitmart,AAVE/USDT:USDT,297.92,131.0,297.93,48.0,297.93,,1772888.0
1753505023586,04:43:43.586,bitmart,AAVE/USDT:USDT,297.92,78.0,297.93,41.0,297.92,,1772892.0
1753505024598,04:43:44.598,bitmart,AAVE/USDT:USDT,297.92,78.0,297.93,41.0,297.92,,1772898.0
1753505025587,04:43:45.587,bitmart,AAVE/USDT:USDT,297.92,67.0,297.93,48.0,297.92,,1772902.0
1753505026642,04:43:46.642,bitmart,AAVE/USDT:USDT,297.92,83.0,297.93,53.0,297.93,,1772906.0
1753505027644,04:43:47.644,bitmart,AAVE/USDT:USDT,297.92,59.0,297.93,23.0,297.93,,1772910.0
1753505028594,04:43:48.594,bitmart,AAVE/USDT:USDT,297.92,59.0,297.93,23.0,297.92,,1772914.0
1753505029587,04:43:49.587,bitmart,AAVE/USDT:USDT,297.92,61.0,297.93,32.0,297.92,,1772914.0
1753505030641,04:43:50.641,bitmart,AAVE/USDT:USDT,297.92,71.0,297.93,36.0,297.92,,1772918.0
1753505031645,04:43:51.645,bitmart,AAVE/USDT:USDT,297.92,71.0,297.93,36.0,297.93,,1772924.0
1753505032641,04:43:52.641,bitmart,AAVE/USDT:USDT,297.91,206.0,297.93,38.0,297.92,,1772928.0
1753505033543,04:43:53.543,bitmart,AAVE/USDT:USDT,297.9,1.0,297.91,145.0,297.92,,1772928.0
1753505034640,04:43:54.640,bitmart,AAVE/USDT:USDT,297.9,34.0,297.91,145.0,297.9,,1772934.0
1753505035644,04:43:55.644,bitmart,AAVE/USDT:USDT,297.9,34.0,297.91,85.0,297.9,,1772938.0
1753505036642,04:43:56.642,bitmart,AAVE/USDT:USDT,297.9,70.0,297.91,76.0,297.9,,1772942.0
1753505037644,04:43:57.644,bitmart,AAVE/USDT:USDT,297.9,54.0,297.91,76.0,297.9,,1772954.0
1753505038646,04:43:58.646,bitmart,AAVE/USDT:USDT,297.9,33.0,297.91,95.0,297.91,,1772960.0
1753505039645,04:43:59.645,bitmart,AAVE/USDT:USDT,297.9,5.0,297.91,95.0,297.91,,1772970.0
1753505040655,04:44:00.655,bitmart,AAVE/USDT:USDT,297.9,25.0,297.91,95.0,297.91,,1770886.0
1753505041600,04:44:01.600,bitmart,AAVE/USDT:USDT,297.9,79.0,297.91,95.0,297.9,,1770900.0
1753505042598,04:44:02.598,bitmart,AAVE/USDT:USDT,297.92,173.0,297.93,7.0,297.9,,1770906.0
1753505043587,04:44:03.587,bitmart,AAVE/USDT:USDT,297.92,28.0,297.93,63.0,297.92,,1770912.0
1753505044587,04:44:04.587,bitmart,AAVE/USDT:USDT,297.92,76.0,297.93,34.0,297.93,,1770926.0
1753505045587,04:44:05.587,bitmart,AAVE/USDT:USDT,297.92,78.0,297.93,7.0,297.93,,1770930.0
1753505046587,04:44:06.587,bitmart,AAVE/USDT:USDT,297.92,51.0,297.93,65.0,297.93,,1770930.0
1753505047603,04:44:07.603,bitmart,AAVE/USDT:USDT,297.92,24.0,297.93,65.0,297.93,,1770930.0
1753505048588,04:44:08.588,bitmart,AAVE/USDT:USDT,297.9,5.0,297.91,99.0,297.93,,1770930.0
1753505049598,04:44:09.598,bitmart,AAVE/USDT:USDT,297.9,5.0,297.91,99.0,297.93,,1770930.0
1753505050640,04:44:10.640,bitmart,AAVE/USDT:USDT,297.9,5.0,297.91,116.0,297.91,,1770934.0
1753505051597,04:44:11.597,bitmart,AAVE/USDT:USDT,297.9,23.0,297.91,116.0,297.91,,1770934.0
1753505052611,04:44:12.611,bitmart,AAVE/USDT:USDT,297.9,5.0,297.91,116.0,297.91,,1770938.0
1753505053587,04:44:13.587,bitmart,AAVE/USDT:USDT,297.9,30.0,297.91,116.0,297.91,,1770938.0
1753505054588,04:44:14.588,bitmart,AAVE/USDT:USDT,297.9,72.0,297.91,116.0,297.91,,1770938.0
1753505055607,04:44:15.607,bitmart,AAVE/USDT:USDT,297.9,182.0,297.91,70.0,297.91,,1770938.0
1753505056606,04:44:16.606,bitmart,AAVE/USDT:USDT,297.9,110.0,297.91,70.0,297.9,,1770942.0
1753505057601,04:44:17.601,bitmart,AAVE/USDT:USDT,297.9,48.0,297.91,70.0,297.9,,1770942.0
1753505058596,04:44:18.596,bitmart,AAVE/USDT:USDT,297.9,37.0,297.91,99.0,297.91,,1770948.0
1753505059633,04:44:19.633,bitmart,AAVE/USDT:USDT,297.9,60.0,297.91,99.0,297.91,,1770948.0
1753505060630,04:44:20.630,bitmart,AAVE/USDT:USDT,297.9,55.0,297.91,117.0,297.91,,1770948.0
1753505061643,04:44:21.643,bitmart,AAVE/USDT:USDT,297.9,32.0,297.91,117.0,297.9,,1770952.0
1753505062541,04:44:22.541,bitmart,AAVE/USDT:USDT,297.9,54.0,297.91,117.0,297.9,,1770952.0
1753505063586,04:44:23.586,bitmart,AAVE/USDT:USDT,297.9,61.0,297.91,135.0,297.9,,1770956.0
1753505064600,04:44:24.600,bitmart,AAVE/USDT:USDT,297.9,61.0,297.91,135.0,297.9,,1770956.0
1753505065645,04:44:25.645,bitmart,AAVE/USDT:USDT,297.9,55.0,297.91,128.0,297.9,,1770962.0
1753505066644,04:44:26.644,bitmart,AAVE/USDT:USDT,297.9,104.0,297.91,233.0,297.9,,1770968.0
1753505067650,04:44:27.650,bitmart,AAVE/USDT:USDT,297.9,49.0,297.91,105.0,297.9,,1770974.0
1753505068641,04:44:28.641,bitmart,AAVE/USDT:USDT,297.9,49.0,297.91,105.0,297.91,,1770978.0
1753505069643,04:44:29.643,bitmart,AAVE/USDT:USDT,297.9,49.0,297.91,105.0,297.9,,1770982.0
1753505070587,04:44:30.587,bitmart,AAVE/USDT:USDT,297.9,48.0,297.91,136.0,297.9,,1770982.0
1753505071588,04:44:31.588,bitmart,AAVE/USDT:USDT,297.9,75.0,297.91,148.0,297.9,,1770982.0
1753505072588,04:44:32.588,bitmart,AAVE/USDT:USDT,297.9,75.0,297.91,148.0,297.9,,1770986.0
1753505073586,04:44:33.586,bitmart,AAVE/USDT:USDT,297.9,64.0,297.91,134.0,297.9,,1770990.0
1753505074588,04:44:34.588,bitmart,AAVE/USDT:USDT,297.9,64.0,297.91,129.0,297.9,,1770990.0
1753505075587,04:44:35.587,bitmart,AAVE/USDT:USDT,297.9,64.0,297.91,129.0,297.9,,1770994.0
1753505076586,04:44:36.586,bitmart,AAVE/USDT:USDT,297.9,62.0,297.91,154.0,297.9,,1770994.0
1753505077587,04:44:37.587,bitmart,AAVE/USDT:USDT,297.9,50.0,297.91,103.0,297.9,,1771000.0
1753505078585,04:44:38.585,bitmart,AAVE/USDT:USDT,297.9,92.0,297.91,116.0,297.9,,1771000.0
1753505079598,04:44:39.598,bitmart,AAVE/USDT:USDT,297.9,100.0,297.91,89.0,297.9,,1771000.0
1753505080601,04:44:40.601,bitmart,AAVE/USDT:USDT,297.9,67.0,297.91,89.0,297.9,,1771004.0
1753505081586,04:44:41.586,bitmart,AAVE/USDT:USDT,297.9,83.0,297.91,134.0,297.9,,1771008.0
1753505082621,04:44:42.621,bitmart,AAVE/USDT:USDT,297.9,83.0,297.91,131.0,297.91,,1771012.0
1753505083598,04:44:43.598,bitmart,AAVE/USDT:USDT,297.9,104.0,297.91,174.0,297.9,,1771016.0
1753505084599,04:44:44.599,bitmart,AAVE/USDT:USDT,297.9,104.0,297.91,174.0,297.9,,1771020.0
1753505085587,04:44:45.587,bitmart,AAVE/USDT:USDT,297.9,104.0,297.91,74.0,297.9,,1771024.0
1753505086585,04:44:46.585,bitmart,AAVE/USDT:USDT,297.9,56.0,297.91,131.0,297.9,,1771030.0
1753505087587,04:44:47.587,bitmart,AAVE/USDT:USDT,297.9,68.0,297.91,184.0,297.91,,1771034.0
1753505088531,04:44:48.531,bitmart,AAVE/USDT:USDT,297.9,68.0,297.91,184.0,297.91,,1771034.0
1753505089586,04:44:49.586,bitmart,AAVE/USDT:USDT,297.9,58.0,297.91,180.0,297.91,,1771034.0
1753505090584,04:44:50.584,bitmart,AAVE/USDT:USDT,297.9,52.0,297.91,147.0,297.91,,1771034.0
1753505091599,04:44:51.599,bitmart,AAVE/USDT:USDT,297.9,48.0,297.91,119.0,297.91,,1771034.0
1753505092597,04:44:52.597,bitmart,AAVE/USDT:USDT,297.94,36.0,297.95,31.0,297.91,,1771034.0
1753505093542,04:44:53.542,bitmart,AAVE/USDT:USDT,297.94,54.0,297.95,3.0,297.95,,1771040.0
1753505094586,04:44:54.586,bitmart,AAVE/USDT:USDT,297.94,109.0,297.95,3.0,297.95,,1771046.0
1753505095598,04:44:55.598,bitmart,AAVE/USDT:USDT,297.94,109.0,297.95,3.0,297.94,,1771052.0
1753505096587,04:44:56.587,bitmart,AAVE/USDT:USDT,297.94,117.0,297.95,4.0,297.95,,1771056.0
1753505097599,04:44:57.599,bitmart,AAVE/USDT:USDT,297.94,117.0,297.95,4.0,297.94,,1771060.0
1753505098646,04:44:58.646,bitmart,AAVE/USDT:USDT,297.97,32.0,297.98,12.0,297.97,,1771096.0
1753505099601,04:44:59.601,bitmart,AAVE/USDT:USDT,297.97,71.0,297.98,12.0,297.98,,1771108.0
1753505100603,04:45:00.603,bitmart,AAVE/USDT:USDT,297.95,21.0,297.96,30.0,297.95,,1770394.0
1753505101555,04:45:01.555,bitmart,AAVE/USDT:USDT,297.94,22.0,297.95,83.0,297.95,,1770400.0
1753505102615,04:45:02.615,bitmart,AAVE/USDT:USDT,297.94,10.0,297.95,83.0,297.94,,1770408.0
1753505103642,04:45:03.642,bitmart,AAVE/USDT:USDT,297.92,3.0,297.93,158.0,297.93,,1770412.0
1753505105594,04:45:05.594,bitmart,AAVE/USDT:USDT,297.92,2.0,297.93,158.0,297.92,,1770416.0
1753505106586,04:45:06.586,bitmart,AAVE/USDT:USDT,297.9,11.0,297.92,81.0,297.93,,1770420.0
1753505107585,04:45:07.585,bitmart,AAVE/USDT:USDT,297.9,28.0,297.91,155.0,297.91,,1770424.0
1753505108586,04:45:08.586,bitmart,AAVE/USDT:USDT,297.9,58.0,297.91,175.0,297.91,,1770424.0
1753505109598,04:45:09.598,bitmart,AAVE/USDT:USDT,297.9,58.0,297.91,73.0,297.9,,1770432.0
1753505110586,04:45:10.586,bitmart,AAVE/USDT:USDT,297.9,5.0,297.91,73.0,297.9,,1770436.0
1753505111589,04:45:11.589,bitmart,AAVE/USDT:USDT,297.9,28.0,297.91,73.0,297.9,,1770440.0
1753505112587,04:45:12.587,bitmart,AAVE/USDT:USDT,297.9,35.0,297.91,73.0,297.9,,1770444.0
1753505113543,04:45:13.543,bitmart,AAVE/USDT:USDT,297.9,35.0,297.91,73.0,297.9,,1770444.0
1753505114585,04:45:14.585,bitmart,AAVE/USDT:USDT,297.9,54.0,297.91,72.0,297.9,,1770448.0
1753505115599,04:45:15.599,bitmart,AAVE/USDT:USDT,297.9,75.0,297.91,26.0,297.91,,1770452.0
1753505116590,04:45:16.590,bitmart,AAVE/USDT:USDT,297.9,46.0,297.91,63.0,297.91,,1770452.0
1753505117612,04:45:17.612,bitmart,AAVE/USDT:USDT,297.9,78.0,297.91,80.0,297.9,,1770456.0
1753505118640,04:45:18.640,bitmart,AAVE/USDT:USDT,297.9,62.0,297.91,81.0,297.9,,1770460.0
1753505119531,04:45:19.531,bitmart,AAVE/USDT:USDT,297.9,62.0,297.91,81.0,297.9,,1770460.0
1753505120532,04:45:20.532,bitmart,AAVE/USDT:USDT,297.9,60.0,297.91,68.0,297.9,,1770460.0
1753505121597,04:45:21.597,bitmart,AAVE/USDT:USDT,297.9,109.0,297.91,123.0,297.91,,1770464.0
1753505122586,04:45:22.586,bitmart,AAVE/USDT:USDT,297.9,129.0,297.91,55.0,297.91,,1770464.0
1753505123597,04:45:23.597,bitmart,AAVE/USDT:USDT,297.9,129.0,297.91,55.0,297.9,,1770468.0
1753505124585,04:45:24.585,bitmart,AAVE/USDT:USDT,297.9,127.0,297.91,67.0,297.9,,1770468.0
1753505125589,04:45:25.589,bitmart,AAVE/USDT:USDT,297.9,92.0,297.91,97.0,297.9,,1770474.0
1753505126548,04:45:26.548,bitmart,AAVE/USDT:USDT,297.9,92.0,297.91,97.0,297.9,,1770478.0
1753505127535,04:45:27.535,bitmart,AAVE/USDT:USDT,297.9,93.0,297.91,96.0,297.9,,1770478.0
1753505128643,04:45:28.643,bitmart,AAVE/USDT:USDT,297.9,93.0,297.91,96.0,297.9,,1770482.0
1753505129641,04:45:29.641,bitmart,AAVE/USDT:USDT,297.9,130.0,297.91,90.0,297.9,,1770488.0
1753505130586,04:45:30.586,bitmart,AAVE/USDT:USDT,297.9,130.0,297.91,90.0,297.91,,1770492.0
1753505131603,04:45:31.603,bitmart,AAVE/USDT:USDT,297.9,130.0,297.91,94.0,297.91,,1770496.0
1753505132586,04:45:32.586,bitmart,AAVE/USDT:USDT,297.9,83.0,297.91,80.0,297.91,,1770500.0
1753505133601,04:45:33.601,bitmart,AAVE/USDT:USDT,297.9,83.0,297.91,80.0,297.9,,1770504.0
1753505134587,04:45:34.587,bitmart,AAVE/USDT:USDT,297.9,148.0,297.91,97.0,297.9,,1770508.0
1753505135630,04:45:35.630,bitmart,AAVE/USDT:USDT,297.9,128.0,297.91,81.0,297.91,,1770512.0
1753505136635,04:45:36.635,bitmart,AAVE/USDT:USDT,297.9,44.0,297.91,81.0,297.91,,1770512.0
1753505138553,04:45:38.553,bitmart,AAVE/USDT:USDT,297.89,59.0,297.9,118.0,297.89,,1770522.0
1753505139530,04:45:39.530,bitmart,AAVE/USDT:USDT,297.89,136.0,297.9,282.0,297.89,,1770522.0
1753505140641,04:45:40.641,bitmart,AAVE/USDT:USDT,297.89,77.0,297.9,164.0,297.89,,1770528.0
1753505141639,04:45:41.639,bitmart,AAVE/USDT:USDT,297.89,57.0,297.9,144.0,297.9,,1770536.0
1753505142588,04:45:42.588,bitmart,AAVE/USDT:USDT,297.89,75.0,297.9,174.0,297.9,,1770540.0
1753505143596,04:45:43.596,bitmart,AAVE/USDT:USDT,297.89,75.0,297.9,174.0,297.9,,1770544.0
1753505144591,04:45:44.591,bitmart,AAVE/USDT:USDT,297.89,81.0,297.9,142.0,297.9,,1770544.0
1753505145597,04:45:45.597,bitmart,AAVE/USDT:USDT,297.89,149.0,297.9,98.0,297.89,,1770548.0
1753505146586,04:45:46.586,bitmart,AAVE/USDT:USDT,297.89,69.0,297.9,98.0,297.89,,1770548.0
1753505147588,04:45:47.588,bitmart,AAVE/USDT:USDT,297.89,162.0,297.9,209.0,297.89,,1770556.0
1753505148587,04:45:48.587,bitmart,AAVE/USDT:USDT,297.89,59.0,297.9,111.0,297.89,,1770560.0
1753505149603,04:45:49.603,bitmart,AAVE/USDT:USDT,297.86,26.0,297.87,56.0,297.89,,1770566.0
1753505150587,04:45:50.587,bitmart,AAVE/USDT:USDT,297.86,26.0,297.87,56.0,297.87,,1770570.0
1753505151598,04:45:51.598,bitmart,AAVE/USDT:USDT,297.86,18.0,297.87,61.0,297.86,,1770588.0
1753505152630,04:45:52.630,bitmart,AAVE/USDT:USDT,297.86,55.0,297.87,48.0,297.86,,1770588.0
1753505153597,04:45:53.597,bitmart,AAVE/USDT:USDT,297.86,55.0,297.87,48.0,297.86,,1770588.0
1753505154542,04:45:54.542,bitmart,AAVE/USDT:USDT,297.86,52.0,297.87,46.0,297.86,,1770588.0
1753505155642,04:45:55.642,bitmart,AAVE/USDT:USDT,297.86,87.0,297.87,62.0,297.87,,1770592.0
1753505156640,04:45:56.640,bitmart,AAVE/USDT:USDT,297.86,65.0,297.87,76.0,297.86,,1770596.0
1753505157642,04:45:57.642,bitmart,AAVE/USDT:USDT,297.86,57.0,297.87,55.0,297.86,,1770600.0
1753505158587,04:45:58.587,bitmart,AAVE/USDT:USDT,297.86,57.0,297.87,55.0,297.87,,1770610.0
1753505159601,04:45:59.601,bitmart,AAVE/USDT:USDT,297.86,89.0,297.87,58.0,297.86,,1770618.0
1753505160598,04:46:00.598,bitmart,AAVE/USDT:USDT,297.86,77.0,297.87,44.0,297.87,,1769880.0
1753505161599,04:46:01.599,bitmart,AAVE/USDT:USDT,297.86,199.0,297.88,3.0,297.86,,1769892.0
1753505162599,04:46:02.599,bitmart,AAVE/USDT:USDT,297.87,204.0,297.88,21.0,297.87,,1769900.0
1753505163598,04:46:03.598,bitmart,AAVE/USDT:USDT,297.87,204.0,297.88,7.0,297.87,,1769900.0
1753505164585,04:46:04.585,bitmart,AAVE/USDT:USDT,297.87,204.0,297.88,7.0,297.88,,1769904.0
1753505165630,04:46:05.630,bitmart,AAVE/USDT:USDT,297.87,93.0,297.88,27.0,297.88,,1769904.0
1753505166585,04:46:06.585,bitmart,AAVE/USDT:USDT,297.87,93.0,297.88,34.0,297.88,,1769904.0
1753505167639,04:46:07.639,bitmart,AAVE/USDT:USDT,297.87,55.0,297.88,87.0,297.87,,1769908.0
1753505168532,04:46:08.532,bitmart,AAVE/USDT:USDT,297.86,28.0,297.88,84.0,297.87,,1769908.0
1753505169597,04:46:09.597,bitmart,AAVE/USDT:USDT,297.88,186.0,297.89,1.0,297.87,,1769928.0
1753505170586,04:46:10.586,bitmart,AAVE/USDT:USDT,297.91,179.0,297.92,31.0,297.88,,1769932.0
1753505171596,04:46:11.596,bitmart,AAVE/USDT:USDT,297.91,179.0,297.92,31.0,297.92,,1769942.0
1753505172584,04:46:12.584,bitmart,AAVE/USDT:USDT,297.91,161.0,297.92,25.0,297.92,,1769942.0
1753505173645,04:46:13.645,bitmart,AAVE/USDT:USDT,297.91,61.0,297.92,25.0,297.91,,1769946.0
1753505174645,04:46:14.645,bitmart,AAVE/USDT:USDT,297.91,48.0,297.92,38.0,297.92,,1769952.0
1753505175639,04:46:15.639,bitmart,AAVE/USDT:USDT,297.91,98.0,297.92,99.0,297.91,,1769956.0
1753505176611,04:46:16.611,bitmart,AAVE/USDT:USDT,297.9,36.0,297.91,121.0,297.9,,1769960.0
1753505177604,04:46:17.604,bitmart,AAVE/USDT:USDT,297.9,13.0,297.91,121.0,297.91,,1769966.0
1753505178575,04:46:18.575,bitmart,AAVE/USDT:USDT,297.9,10.0,297.91,128.0,297.91,,1769966.0
1753505179606,04:46:19.606,bitmart,AAVE/USDT:USDT,297.9,104.0,297.91,45.0,297.9,,1769970.0
1753505180614,04:46:20.614,bitmart,AAVE/USDT:USDT,297.9,46.0,297.91,45.0,297.9,,1769974.0
1753505181598,04:46:21.598,bitmart,AAVE/USDT:USDT,297.9,120.0,297.91,24.0,297.9,,1769978.0
1753505182532,04:46:22.532,bitmart,AAVE/USDT:USDT,297.9,85.0,297.91,24.0,297.9,,1769978.0
1753505183628,04:46:23.628,bitmart,AAVE/USDT:USDT,297.88,191.0,297.89,40.0,297.9,,1769978.0
1753505184663,04:46:24.663,bitmart,AAVE/USDT:USDT,297.88,191.0,297.89,40.0,297.88,,1769982.0
1753505185604,04:46:25.604,bitmart,AAVE/USDT:USDT,297.88,74.0,297.91,26.0,297.88,,1770026.0
1753505186587,04:46:26.587,bitmart,AAVE/USDT:USDT,297.9,86.0,297.91,1.0,297.88,,1770026.0
1753505187586,04:46:27.586,bitmart,AAVE/USDT:USDT,297.9,86.0,297.91,1.0,297.9,,1770030.0
1753505188586,04:46:28.586,bitmart,AAVE/USDT:USDT,297.9,77.0,297.91,1.0,297.9,,1770036.0
1753505189598,04:46:29.598,bitmart,AAVE/USDT:USDT,297.91,181.0,297.92,61.0,297.9,,1770036.0
1753505190586,04:46:30.586,bitmart,AAVE/USDT:USDT,297.91,321.0,297.92,145.0,297.92,,1770050.0
1753505191587,04:46:31.587,bitmart,AAVE/USDT:USDT,297.91,92.0,297.92,84.0,297.92,,1770054.0
1753505192549,04:46:32.549,bitmart,AAVE/USDT:USDT,297.91,55.0,297.92,6.0,297.92,,1770054.0
1753505193597,04:46:33.597,bitmart,AAVE/USDT:USDT,297.91,55.0,297.92,6.0,297.91,,1770058.0
1753505194644,04:46:34.644,bitmart,AAVE/USDT:USDT,297.91,79.0,297.92,9.0,297.92,,1770068.0
1753505195600,04:46:35.600,bitmart,AAVE/USDT:USDT,297.89,21.0,297.92,55.0,297.91,,1770074.0
1753505196584,04:46:36.584,bitmart,AAVE/USDT:USDT,297.88,220.0,297.9,51.0,297.89,,1770084.0
1753505197596,04:46:37.596,bitmart,AAVE/USDT:USDT,297.88,220.0,297.89,73.0,297.89,,1770084.0
1753505198615,04:46:38.615,bitmart,AAVE/USDT:USDT,297.87,14.0,297.88,118.0,297.89,,1770092.0
1753505199597,04:46:39.597,bitmart,AAVE/USDT:USDT,297.87,24.0,297.88,118.0,297.88,,1770096.0
1753505200601,04:46:40.601,bitmart,AAVE/USDT:USDT,297.87,24.0,297.88,118.0,297.88,,1770100.0
1753505201600,04:46:41.600,bitmart,AAVE/USDT:USDT,297.86,36.0,297.87,1.0,297.87,,1770126.0
1753505202585,04:46:42.585,bitmart,AAVE/USDT:USDT,297.86,73.0,297.87,2.0,297.87,,1770130.0
1753505203591,04:46:43.591,bitmart,AAVE/USDT:USDT,297.88,12.0,297.89,116.0,297.87,,1770130.0
1753505204587,04:46:44.587,bitmart,AAVE/USDT:USDT,297.87,25.0,297.88,27.0,297.88,,1770158.0
1753505205600,04:46:45.600,bitmart,AAVE/USDT:USDT,297.87,1.0,297.88,64.0,297.87,,1770164.0
1753505206645,04:46:46.645,bitmart,AAVE/USDT:USDT,297.86,14.0,297.87,87.0,297.87,,1770174.0
1753505207539,04:46:47.539,bitmart,AAVE/USDT:USDT,297.86,14.0,297.87,87.0,297.87,,1770174.0
1753505208616,04:46:48.616,bitmart,AAVE/USDT:USDT,297.86,27.0,297.87,179.0,297.87,,1770174.0
