timestamp,time,exchange,symbol,bid,bidVolume,ask,askVolume,lastPrice,baseVolume,quoteVolume
1753507242597,05:20:42.597,bitmart,AAVE/USDT:USDT,298.55,99.0,298.56,211.0,298.55,,1746212.0
1753507243589,05:20:43.589,bitmart,AAVE/USDT:USDT,298.59,218.0,298.61,14.0,298.55,,1746212.0
1753507244601,05:20:44.601,bitmart,AAVE/USDT:USDT,298.6,172.0,298.61,34.0,298.59,,1746292.0
1753507245642,05:20:45.642,bitmart,AAVE/USDT:USDT,298.6,81.0,298.61,34.0,298.61,,1746296.0
1753507246642,05:20:46.642,bitmart,AAVE/USDT:USDT,298.6,81.0,298.61,34.0,298.6,,1746310.0
1753507247546,05:20:47.546,bitmart,AAVE/USDT:USDT,298.6,96.0,298.61,46.0,298.6,,1746314.0
1753507248590,05:20:48.590,bitmart,AAVE/USDT:USDT,298.6,90.0,298.61,50.0,298.61,,1746318.0
1753507249635,05:20:49.635,bitmart,AAVE/USDT:USDT,298.6,90.0,298.61,50.0,298.61,,1746318.0
1753507250641,05:20:50.641,bitmart,AAVE/USDT:USDT,298.6,11.0,298.61,147.0,298.61,,1746318.0
1753507251562,05:20:51.562,bitmart,AAVE/USDT:USDT,298.6,9.0,298.61,121.0,298.6,,1746322.0
1753507252602,05:20:52.602,bitmart,AAVE/USDT:USDT,298.6,33.0,298.61,121.0,298.61,,1746328.0
1753507253546,05:20:53.546,bitmart,AAVE/USDT:USDT,298.6,31.0,298.61,103.0,298.61,,1746334.0
1753507254601,05:20:54.601,bitmart,AAVE/USDT:USDT,298.6,31.0,298.61,103.0,298.61,,1746334.0
1753507255592,05:20:55.592,bitmart,AAVE/USDT:USDT,298.6,29.0,298.61,159.0,298.61,,1746334.0
1753507256597,05:20:56.597,bitmart,AAVE/USDT:USDT,298.6,30.0,298.61,135.0,298.61,,1746334.0
1753507257641,05:20:57.641,bitmart,AAVE/USDT:USDT,298.6,26.0,298.61,104.0,298.61,,1746334.0
1753507258548,05:20:58.548,bitmart,AAVE/USDT:USDT,298.6,26.0,298.61,104.0,298.61,,1746348.0
1753507259652,05:20:59.652,bitmart,AAVE/USDT:USDT,298.6,121.0,298.61,80.0,298.61,,1746352.0
1753507260565,05:21:00.565,bitmart,AAVE/USDT:USDT,298.6,206.0,298.61,181.0,298.61,,1744546.0
1753507261591,05:21:01.591,bitmart,AAVE/USDT:USDT,298.6,85.0,298.61,101.0,298.6,,1744554.0
1753507262549,05:21:02.549,bitmart,AAVE/USDT:USDT,298.6,79.0,298.61,60.0,298.6,,1744558.0
1753507263646,05:21:03.646,bitmart,AAVE/USDT:USDT,298.6,164.0,298.61,128.0,298.61,,1744562.0
1753507264638,05:21:04.638,bitmart,AAVE/USDT:USDT,298.6,203.0,298.61,145.0,298.61,,1744562.0
1753507265640,05:21:05.640,bitmart,AAVE/USDT:USDT,298.6,118.0,298.61,77.0,298.61,,1744562.0
1753507266616,05:21:06.616,bitmart,AAVE/USDT:USDT,298.6,157.0,298.61,69.0,298.61,,1744566.0
1753507267544,05:21:07.544,bitmart,AAVE/USDT:USDT,298.6,117.0,298.61,107.0,298.61,,1744566.0
1753507268562,05:21:08.562,bitmart,AAVE/USDT:USDT,298.73,66.0,298.74,29.0,298.63,,1744672.0
1753507269591,05:21:09.591,bitmart,AAVE/USDT:USDT,298.73,66.0,298.74,29.0,298.73,,1744678.0
1753507270590,05:21:10.590,bitmart,AAVE/USDT:USDT,298.77,136.0,298.8,121.0,298.77,,1744760.0
1753507271606,05:21:11.606,bitmart,AAVE/USDT:USDT,298.79,102.0,298.8,29.0,298.79,,1744770.0
1753507272547,05:21:12.547,bitmart,AAVE/USDT:USDT,298.79,100.0,298.8,54.0,298.79,,1744770.0
1753507273591,05:21:13.591,bitmart,AAVE/USDT:USDT,298.79,33.0,298.8,54.0,298.79,,1744770.0
1753507274615,05:21:14.615,bitmart,AAVE/USDT:USDT,298.79,72.0,298.8,54.0,298.79,,1744776.0
1753507275634,05:21:15.634,bitmart,AAVE/USDT:USDT,298.79,39.0,298.8,53.0,298.79,,1744776.0
1753507276548,05:21:16.548,bitmart,AAVE/USDT:USDT,298.79,68.0,298.8,53.0,298.79,,1744776.0
1753507277594,05:21:17.594,bitmart,AAVE/USDT:USDT,298.79,68.0,298.8,53.0,298.79,,1744782.0
1753507278615,05:21:18.615,bitmart,AAVE/USDT:USDT,298.79,9.0,298.8,46.0,298.79,,1744786.0
1753507279608,05:21:19.608,bitmart,AAVE/USDT:USDT,298.79,35.0,298.8,97.0,298.79,,1744790.0
1753507281591,05:21:21.591,bitmart,AAVE/USDT:USDT,298.79,56.0,298.8,36.0,298.79,,1744790.0
1753507282590,05:21:22.590,bitmart,AAVE/USDT:USDT,298.79,56.0,298.8,36.0,298.79,,1744790.0
1753507283603,05:21:23.603,bitmart,AAVE/USDT:USDT,298.79,15.0,298.8,97.0,298.79,,1744790.0
1753507284590,05:21:24.590,bitmart,AAVE/USDT:USDT,298.79,62.0,298.8,54.0,298.79,,1744790.0
1753507285602,05:21:25.602,bitmart,AAVE/USDT:USDT,298.79,109.0,298.8,39.0,298.79,,1744800.0
1753507286595,05:21:26.595,bitmart,AAVE/USDT:USDT,298.81,1.0,298.82,62.0,298.79,,1744800.0
1753507287621,05:21:27.621,bitmart,AAVE/USDT:USDT,298.81,4.0,298.82,62.0,298.79,,1744800.0
1753507288601,05:21:28.601,bitmart,AAVE/USDT:USDT,298.81,6.0,298.82,81.0,298.81,,1744806.0
1753507289594,05:21:29.594,bitmart,AAVE/USDT:USDT,298.79,27.0,298.8,210.0,298.8,,1744836.0
1753507290595,05:21:30.595,bitmart,AAVE/USDT:USDT,298.79,48.0,298.8,198.0,298.79,,1744840.0
1753507291610,05:21:31.610,bitmart,AAVE/USDT:USDT,298.72,19.0,298.75,209.0,298.79,,1744844.0
1753507292603,05:21:32.603,bitmart,AAVE/USDT:USDT,298.72,1.0,298.73,207.0,298.73,,1744874.0
1753507293646,05:21:33.646,bitmart,AAVE/USDT:USDT,298.7,26.0,298.73,153.0,298.73,,1744878.0
1753507294621,05:21:34.621,bitmart,AAVE/USDT:USDT,298.7,9.0,298.71,46.0,298.73,,1744878.0
1753507295608,05:21:35.608,bitmart,AAVE/USDT:USDT,298.7,44.0,298.71,46.0,298.73,,1744878.0
1753507296645,05:21:36.645,bitmart,AAVE/USDT:USDT,298.69,15.0,298.7,187.0,298.7,,1744882.0
1753507297644,05:21:37.644,bitmart,AAVE/USDT:USDT,298.7,1.0,298.71,29.0,298.71,,1744960.0
1753507298645,05:21:38.645,bitmart,AAVE/USDT:USDT,298.7,87.0,298.71,45.0,298.71,,1744966.0
1753507299547,05:21:39.547,bitmart,AAVE/USDT:USDT,298.7,41.0,298.71,43.0,298.71,,1744966.0
1753507300649,05:21:40.649,bitmart,AAVE/USDT:USDT,298.7,34.0,298.71,43.0,298.71,,1744970.0
