timestamp,time,exchange,symbol,bid,bidVolume,ask,askVolume,lastPrice,baseVolume,quoteVolume
1753504795260,04:39:55.260,bitmart,ADA/USDT:USDT,0.8269,21547.0,0.827,18822.0,0.8269,,156087810.0
1753504796201,04:39:56.201,bitmart,ADA/USDT:USDT,0.8269,26616.0,0.827,22799.0,0.8269,,156087974.0
1753504797247,04:39:57.247,bitmart,ADA/USDT:USDT,0.8269,26616.0,0.827,15862.0,0.8269,,156088256.0
1753504798195,04:39:58.195,bitmart,ADA/USDT:USDT,0.8269,26616.0,0.827,7442.0,0.8269,,156088490.0
1753504799287,04:39:59.287,bitmart,ADA/USDT:USDT,0.8269,26616.0,0.827,23480.0,0.8269,,156088942.0
1753504800178,04:40:00.178,bitmart,ADA/USDT:USDT,0.8269,26616.0,0.827,23480.0,0.827,,156089230.0
1753504801180,04:40:01.180,bitmart,ADA/USDT:USDT,0.8269,24657.0,0.827,25748.0,0.8269,,155993178.0
1753504802259,04:40:02.259,bitmart,ADA/USDT:USDT,0.8269,24657.0,0.827,25748.0,0.827,,155993558.0
1753504803161,04:40:03.161,bitmart,ADA/USDT:USDT,0.8269,25021.0,0.827,26848.0,0.827,,155993724.0
1753504804250,04:40:04.250,bitmart,ADA/USDT:USDT,0.8269,4291.0,0.827,26848.0,0.8269,,155993882.0
1753504805216,04:40:05.216,bitmart,ADA/USDT:USDT,0.8268,9367.0,0.8269,21893.0,0.8269,,155993882.0
1753504806170,04:40:06.170,bitmart,ADA/USDT:USDT,0.8268,8284.0,0.8269,21893.0,0.8268,,155994680.0
1753504807208,04:40:07.208,bitmart,ADA/USDT:USDT,0.8268,16372.0,0.8269,29888.0,0.8268,,155994870.0
1753504808185,04:40:08.185,bitmart,ADA/USDT:USDT,0.8268,14153.0,0.8269,21983.0,0.8269,,155995100.0
1753504809215,04:40:09.215,bitmart,ADA/USDT:USDT,0.8268,19873.0,0.8269,28290.0,0.8268,,155995264.0
1753504810165,04:40:10.165,bitmart,ADA/USDT:USDT,0.8268,26456.0,0.8269,2950.0,0.8268,,155995464.0
1753504811200,04:40:11.200,bitmart,ADA/USDT:USDT,0.8268,5432.0,0.8269,4619.0,0.8268,,155995688.0
1753504812190,04:40:12.190,bitmart,ADA/USDT:USDT,0.8268,23410.0,0.8269,4619.0,0.8268,,155995688.0
1753504813224,04:40:13.224,bitmart,ADA/USDT:USDT,0.8268,23410.0,0.8269,4151.0,0.8269,,155995978.0
1753504814233,04:40:14.233,bitmart,ADA/USDT:USDT,0.8268,23410.0,0.8269,13633.0,0.8268,,155996258.0
1753504815201,04:40:15.201,bitmart,ADA/USDT:USDT,0.8268,23410.0,0.8269,2578.0,0.8268,,155996400.0
1753504816246,04:40:16.246,bitmart,ADA/USDT:USDT,0.8268,23410.0,0.8269,2578.0,0.8268,,155996600.0
1753504817270,04:40:17.270,bitmart,ADA/USDT:USDT,0.8271,26305.0,0.8272,22477.0,0.8272,,155997930.0
1753504818239,04:40:18.239,bitmart,ADA/USDT:USDT,0.8271,20504.0,0.8272,22477.0,0.8272,,155997930.0
1753504819232,04:40:19.232,bitmart,ADA/USDT:USDT,0.8271,19179.0,0.8272,26252.0,0.8271,,155998270.0
1753504820147,04:40:20.147,bitmart,ADA/USDT:USDT,0.8271,19179.0,0.8272,26252.0,0.8271,,155998270.0
1753504821195,04:40:21.195,bitmart,ADA/USDT:USDT,0.8271,9046.0,0.8272,25469.0,0.8272,,155998444.0
1753504822247,04:40:22.247,bitmart,ADA/USDT:USDT,0.8271,9046.0,0.8272,16768.0,0.8272,,155998574.0
1753504823233,04:40:23.233,bitmart,ADA/USDT:USDT,0.8271,9046.0,0.8272,16768.0,0.8272,,155998574.0
1753504824194,04:40:24.194,bitmart,ADA/USDT:USDT,0.827,9679.0,0.8271,21948.0,0.8271,,155998762.0
1753504825259,04:40:25.259,bitmart,ADA/USDT:USDT,0.827,3542.0,0.8271,21948.0,0.827,,156000640.0
1753504826502,04:40:26.502,bitmart,ADA/USDT:USDT,0.8269,8558.0,0.827,27035.0,0.827,,156000770.0
1753504827248,04:40:27.248,bitmart,ADA/USDT:USDT,0.8268,3661.0,0.827,27035.0,0.8269,,156000954.0
1753504828281,04:40:28.281,bitmart,ADA/USDT:USDT,0.8268,24588.0,0.8269,26052.0,0.8268,,156001076.0
1753504829246,04:40:29.246,bitmart,ADA/USDT:USDT,0.8268,25474.0,0.8269,23701.0,0.8268,,156001222.0
1753504830194,04:40:30.194,bitmart,ADA/USDT:USDT,0.8268,25474.0,0.8269,23701.0,0.8268,,156001376.0
1753504831217,04:40:31.217,bitmart,ADA/USDT:USDT,0.8268,25737.0,0.8269,567.0,0.8268,,156001376.0
1753504832251,04:40:32.251,bitmart,ADA/USDT:USDT,0.8268,31541.0,0.827,13202.0,0.8269,,156001528.0
1753504833258,04:40:33.258,bitmart,ADA/USDT:USDT,0.8268,26611.0,0.8269,8627.0,0.8268,,156001744.0
1753504834276,04:40:34.276,bitmart,ADA/USDT:USDT,0.8268,26611.0,0.8269,20007.0,0.8268,,156002998.0
1753504835159,04:40:35.159,bitmart,ADA/USDT:USDT,0.8268,26611.0,0.8269,20007.0,0.8268,,156002998.0
1753504836192,04:40:36.192,bitmart,ADA/USDT:USDT,0.8268,26611.0,0.8269,22987.0,0.8268,,156003536.0
1753504837231,04:40:37.231,bitmart,ADA/USDT:USDT,0.8268,21899.0,0.8269,22154.0,0.8269,,156003762.0
1753504838190,04:40:38.190,bitmart,ADA/USDT:USDT,0.8265,8798.0,0.8269,8317.0,0.8268,,156003984.0
1753504839145,04:40:39.145,bitmart,ADA/USDT:USDT,0.8265,21799.0,0.8266,7212.0,0.8266,,156014420.0
1753504840188,04:40:40.188,bitmart,ADA/USDT:USDT,0.8264,9008.0,0.8265,25736.0,0.8265,,156015932.0
1753504841238,04:40:41.238,bitmart,ADA/USDT:USDT,0.8263,22096.0,0.8264,7164.0,0.8265,,156016998.0
1753504842190,04:40:42.190,bitmart,ADA/USDT:USDT,0.8263,22143.0,0.8264,6272.0,0.8263,,156017126.0
1753504843247,04:40:43.247,bitmart,ADA/USDT:USDT,0.8261,22609.0,0.8264,23577.0,0.8263,,156017998.0
1753504844249,04:40:44.249,bitmart,ADA/USDT:USDT,0.8262,22098.0,0.8264,3729.0,0.8262,,156019318.0
1753504845156,04:40:45.156,bitmart,ADA/USDT:USDT,0.8263,22840.0,0.8264,11902.0,0.8264,,156020144.0
1753504846262,04:40:46.262,bitmart,ADA/USDT:USDT,0.8263,22840.0,0.8264,21410.0,0.8263,,156020280.0
1753504847245,04:40:47.245,bitmart,ADA/USDT:USDT,0.8263,19598.0,0.8264,22263.0,0.8264,,156020460.0
1753504848246,04:40:48.246,bitmart,ADA/USDT:USDT,0.8262,3730.0,0.8263,24036.0,0.8263,,156022002.0
1753504849257,04:40:49.257,bitmart,ADA/USDT:USDT,0.8262,3249.0,0.8263,24036.0,0.8263,,156022002.0
1753504850248,04:40:50.248,bitmart,ADA/USDT:USDT,0.8262,3249.0,0.8263,24036.0,0.8262,,156022404.0
1753504851245,04:40:51.245,bitmart,ADA/USDT:USDT,0.8262,13156.0,0.8263,26965.0,0.8262,,156022404.0
1753504852247,04:40:52.247,bitmart,ADA/USDT:USDT,0.8262,3748.0,0.8263,26965.0,0.8262,,156022404.0
1753504853196,04:40:53.196,bitmart,ADA/USDT:USDT,0.8262,11511.0,0.8263,26965.0,0.8263,,156022584.0
1753504854158,04:40:54.158,bitmart,ADA/USDT:USDT,0.8262,11511.0,0.8263,15610.0,0.8263,,156022584.0
1753504855204,04:40:55.204,bitmart,ADA/USDT:USDT,0.8262,5858.0,0.8263,7605.0,0.8263,,156022788.0
1753504856245,04:40:56.245,bitmart,ADA/USDT:USDT,0.8262,22853.0,0.8263,7605.0,0.8263,,156023004.0
1753504857235,04:40:57.235,bitmart,ADA/USDT:USDT,0.8262,22853.0,0.8263,16260.0,0.8263,,156023004.0
1753504858260,04:40:58.260,bitmart,ADA/USDT:USDT,0.8262,7525.0,0.8263,6182.0,0.8262,,156023412.0
1753504859166,04:40:59.166,bitmart,ADA/USDT:USDT,0.8262,15905.0,0.8263,24795.0,0.8262,,156023760.0
1753504860251,04:41:00.251,bitmart,ADA/USDT:USDT,0.8262,12871.0,0.8263,21671.0,0.8262,,155872784.0
1753504861261,04:41:01.261,bitmart,ADA/USDT:USDT,0.8262,19874.0,0.8263,28119.0,0.8262,,155873146.0
1753504862251,04:41:02.251,bitmart,ADA/USDT:USDT,0.8262,15453.0,0.8263,26869.0,0.8263,,155873540.0
1753504863222,04:41:03.222,bitmart,ADA/USDT:USDT,0.8262,8515.0,0.8263,22928.0,0.8262,,155873726.0
1753504864256,04:41:04.256,bitmart,ADA/USDT:USDT,0.8262,21193.0,0.8263,22928.0,0.8263,,155873936.0
1753504865214,04:41:05.214,bitmart,ADA/USDT:USDT,0.8263,14175.0,0.8264,24184.0,0.8263,,155873936.0
1753504866191,04:41:06.191,bitmart,ADA/USDT:USDT,0.8263,22804.0,0.8264,3152.0,0.8263,,155882624.0
1753504867187,04:41:07.187,bitmart,ADA/USDT:USDT,0.8263,22804.0,0.8264,15106.0,0.8264,,155882810.0
1753504868259,04:41:08.259,bitmart,ADA/USDT:USDT,0.8263,22804.0,0.8264,15106.0,0.8263,,155883024.0
1753504869231,04:41:09.231,bitmart,ADA/USDT:USDT,0.8263,22479.0,0.8264,17918.0,0.8264,,155883196.0
1753504870274,04:41:10.274,bitmart,ADA/USDT:USDT,0.8263,23564.0,0.8264,19458.0,0.8263,,155883400.0
1753504871243,04:41:11.243,bitmart,ADA/USDT:USDT,0.8262,13316.0,0.8263,24508.0,0.8263,,155883574.0
1753504872261,04:41:12.261,bitmart,ADA/USDT:USDT,0.8262,22733.0,0.8263,14337.0,0.8263,,155883734.0
1753504873205,04:41:13.205,bitmart,ADA/USDT:USDT,0.8262,22733.0,0.8263,14337.0,0.8263,,155883734.0
1753504874257,04:41:14.257,bitmart,ADA/USDT:USDT,0.8262,23447.0,0.8263,14551.0,0.8263,,155885378.0
1753504875234,04:41:15.234,bitmart,ADA/USDT:USDT,0.8261,24572.0,0.8263,24815.0,0.8262,,155885504.0
1753504876148,04:41:16.148,bitmart,ADA/USDT:USDT,0.8261,24572.0,0.8262,15325.0,0.8262,,155885504.0
1753504877233,04:41:17.233,bitmart,ADA/USDT:USDT,0.8262,22325.0,0.8263,11881.0,0.8262,,155885854.0
1753504878233,04:41:18.233,bitmart,ADA/USDT:USDT,0.8262,22325.0,0.8263,11881.0,0.8262,,155885996.0
1753504879202,04:41:19.202,bitmart,ADA/USDT:USDT,0.8262,22326.0,0.8263,5907.0,0.8263,,155886142.0
1753504880245,04:41:20.245,bitmart,ADA/USDT:USDT,0.8262,21318.0,0.8263,7776.0,0.8263,,155886142.0
1753504881250,04:41:21.250,bitmart,ADA/USDT:USDT,0.8262,21318.0,0.8263,7776.0,0.8262,,155886352.0
1753504882195,04:41:22.195,bitmart,ADA/USDT:USDT,0.8262,21571.0,0.8263,1849.0,0.8262,,155886506.0
1753504883227,04:41:23.227,bitmart,ADA/USDT:USDT,0.8262,21571.0,0.8263,4630.0,0.8262,,155886660.0
1753504884187,04:41:24.187,bitmart,ADA/USDT:USDT,0.8262,21571.0,0.8263,4630.0,0.8263,,155886818.0
1753504885251,04:41:25.251,bitmart,ADA/USDT:USDT,0.8262,27167.0,0.8263,5493.0,0.8263,,155886962.0
1753504886194,04:41:26.194,bitmart,ADA/USDT:USDT,0.8262,16776.0,0.8263,24156.0,0.8263,,155886962.0
1753504887209,04:41:27.209,bitmart,ADA/USDT:USDT,0.8262,12483.0,0.8263,24156.0,0.8262,,155887088.0
1753504888186,04:41:28.186,bitmart,ADA/USDT:USDT,0.8261,18285.0,0.8262,26980.0,0.8263,,155887560.0
1753504889198,04:41:29.198,bitmart,ADA/USDT:USDT,0.8261,18285.0,0.8262,10273.0,0.8262,,155887684.0
1753504890184,04:41:30.184,bitmart,ADA/USDT:USDT,0.8262,26701.0,0.8263,11083.0,0.8262,,155887970.0
1753504891270,04:41:31.270,bitmart,ADA/USDT:USDT,0.8262,10066.0,0.8263,9646.0,0.8262,,155888174.0
1753504892249,04:41:32.249,bitmart,ADA/USDT:USDT,0.8262,10066.0,0.8263,20858.0,0.8262,,155888392.0
1753504893255,04:41:33.255,bitmart,ADA/USDT:USDT,0.8262,17806.0,0.8263,14967.0,0.8263,,155888532.0
1753504894191,04:41:34.191,bitmart,ADA/USDT:USDT,0.8262,17806.0,0.8263,2694.0,0.8262,,155888734.0
1753504895254,04:41:35.254,bitmart,ADA/USDT:USDT,0.8262,18883.0,0.8263,24047.0,0.8262,,155888908.0
