timestamp,time,exchange,symbol,bid,bidVolume,ask,askVolume,lastPrice,baseVolume,quoteVolume
1753504794597,04:39:54.597,bitmart,ALGO/USDT:USDT,0.2693,1755.0,0.2704,758028.0,0.2696,,917431726.0
1753504796611,04:39:56.611,bitmart,ALGO/USDT:USDT,0.2693,1755.0,0.2704,758028.0,0.2697,,917431742.0
1753504798605,04:39:58.605,bitmart,ALGO/USDT:USDT,0.2693,1755.0,0.2704,758028.0,0.2697,,917431756.0
1753504799617,04:39:59.617,bitmart,ALGO/USDT:USDT,0.2693,1755.0,0.2704,758028.0,0.2697,,917431780.0
1753504800621,04:40:00.621,bitmart,ALGO/USDT:USDT,0.2693,1755.0,0.2704,758028.0,0.2697,,916805122.0
1753504801529,04:40:01.529,bitmart,ALGO/USDT:USDT,0.2693,1755.0,0.2704,758028.0,0.2697,,916805126.0
1753504802510,04:40:02.510,bitmart,ALGO/USDT:USDT,0.2693,1755.0,0.2704,758028.0,0.2697,,916805134.0
1753504803607,04:40:03.607,bitmart,ALGO/USDT:USDT,0.2693,1755.0,0.2704,758028.0,0.2697,,916805142.0
1753504804530,04:40:04.530,bitmart,ALGO/USDT:USDT,0.2693,1755.0,0.2704,758028.0,0.2697,,916805142.0
1753504805553,04:40:05.553,bitmart,ALGO/USDT:USDT,0.2693,1755.0,0.2704,758028.0,0.2697,,916805150.0
1753504806502,04:40:06.502,bitmart,ALGO/USDT:USDT,0.2693,1755.0,0.2704,758028.0,0.2697,,916805150.0
1753504807506,04:40:07.506,bitmart,ALGO/USDT:USDT,0.2693,1755.0,0.2704,2938.0,0.2698,,916805920.0
1753504810617,04:40:10.617,bitmart,ALGO/USDT:USDT,0.2693,1755.0,0.2704,2938.0,0.2698,,916806088.0
1753504811610,04:40:11.610,bitmart,ALGO/USDT:USDT,0.2693,1755.0,0.2704,2938.0,0.2699,,917025964.0
1753504812532,04:40:12.532,bitmart,ALGO/USDT:USDT,0.2693,1755.0,0.2704,2938.0,0.2698,,917026254.0
1753504813491,04:40:13.491,bitmart,ALGO/USDT:USDT,0.2693,1755.0,0.2704,2938.0,0.2698,,917026254.0
1753504815516,04:40:15.516,bitmart,ALGO/USDT:USDT,0.2693,1755.0,0.2704,2938.0,0.2698,,917026258.0
1753504817532,04:40:17.532,bitmart,ALGO/USDT:USDT,0.2693,381426.0,0.2705,2938.0,0.27,,917026270.0
1753504818625,04:40:18.625,bitmart,ALGO/USDT:USDT,0.2693,381426.0,0.2705,2938.0,0.27,,917026276.0
1753504819615,04:40:19.615,bitmart,ALGO/USDT:USDT,0.2693,381426.0,0.2705,2938.0,0.27,,917050586.0
1753504820517,04:40:20.517,bitmart,ALGO/USDT:USDT,0.2693,381426.0,0.2705,2938.0,0.27,,917050594.0
1753504822521,04:40:22.521,bitmart,ALGO/USDT:USDT,0.2693,509452.0,0.2705,2938.0,0.2701,,917050610.0
1753504825610,04:40:25.610,bitmart,ALGO/USDT:USDT,0.2693,129781.0,0.2705,429709.0,0.2698,,917050676.0
1753504826573,04:40:26.573,bitmart,ALGO/USDT:USDT,0.2693,129781.0,0.2705,429709.0,0.2698,,917050676.0
1753504827515,04:40:27.515,bitmart,ALGO/USDT:USDT,0.2693,1755.0,0.2705,436807.0,0.2697,,917050684.0
1753504828623,04:40:28.623,bitmart,ALGO/USDT:USDT,0.2693,1755.0,0.2705,432507.0,0.2699,,917050692.0
1753504829516,04:40:29.516,bitmart,ALGO/USDT:USDT,0.2693,1755.0,0.2705,429709.0,0.2699,,917050692.0
1753504831522,04:40:31.522,bitmart,ALGO/USDT:USDT,0.2693,1755.0,0.2705,429709.0,0.2698,,917052180.0
1753504832608,04:40:32.608,bitmart,ALGO/USDT:USDT,0.2693,1755.0,0.2705,429709.0,0.2699,,917053292.0
1753504833604,04:40:33.604,bitmart,ALGO/USDT:USDT,0.2693,1755.0,0.2705,429709.0,0.2697,,917065020.0
1753504835618,04:40:35.618,bitmart,ALGO/USDT:USDT,0.2693,1755.0,0.2705,429709.0,0.2698,,917187876.0
1753504836612,04:40:36.612,bitmart,ALGO/USDT:USDT,0.2694,50320.0,0.2705,480029.0,0.2697,,917187882.0
1753504837612,04:40:37.612,bitmart,ALGO/USDT:USDT,0.2694,50320.0,0.2705,480029.0,0.2699,,917187892.0
1753504838613,04:40:38.613,bitmart,ALGO/USDT:USDT,0.2694,2916.0,0.2705,480029.0,0.2698,,917187900.0
1753504840522,04:40:40.522,bitmart,ALGO/USDT:USDT,0.2694,2916.0,0.2703,2940.0,0.2697,,917187916.0
1753504841538,04:40:41.538,bitmart,ALGO/USDT:USDT,0.2694,2916.0,0.2703,2940.0,0.2697,,917187990.0
1753504842616,04:40:42.616,bitmart,ALGO/USDT:USDT,0.2694,2916.0,0.2703,2940.0,0.2696,,917188000.0
1753504843515,04:40:43.515,bitmart,ALGO/USDT:USDT,0.2694,2916.0,0.2704,566859.0,0.2696,,917188008.0
1753504844604,04:40:44.604,bitmart,ALGO/USDT:USDT,0.2694,2916.0,0.2704,2938.0,0.2698,,917188014.0
1753504846530,04:40:46.530,bitmart,ALGO/USDT:USDT,0.2694,2916.0,0.2704,2938.0,0.2698,,917204712.0
1753504847529,04:40:47.529,bitmart,ALGO/USDT:USDT,0.2694,2916.0,0.2704,2938.0,0.2698,,917204718.0
1753504850531,04:40:50.531,bitmart,ALGO/USDT:USDT,0.2694,2916.0,0.2704,2938.0,0.2697,,917204734.0
1753504851518,04:40:51.518,bitmart,ALGO/USDT:USDT,0.2694,2916.0,0.2704,2938.0,0.2698,,917204742.0
1753504853521,04:40:53.521,bitmart,ALGO/USDT:USDT,0.2694,2916.0,0.2704,852737.0,0.2697,,917378276.0
1753504854595,04:40:54.595,bitmart,ALGO/USDT:USDT,0.2694,2916.0,0.2704,2938.0,0.2697,,917378276.0
1753504855533,04:40:55.533,bitmart,ALGO/USDT:USDT,0.2694,2916.0,0.2704,2938.0,0.2698,,917383154.0
1753504856595,04:40:56.595,bitmart,ALGO/USDT:USDT,0.2694,2916.0,0.2704,2938.0,0.2698,,917385668.0
1753504857621,04:40:57.621,bitmart,ALGO/USDT:USDT,0.2694,2916.0,0.2704,2938.0,0.2699,,917385676.0
1753504860546,04:41:00.546,bitmart,ALGO/USDT:USDT,0.2694,2916.0,0.2704,2938.0,0.2698,,916808522.0
1753504862618,04:41:02.618,bitmart,ALGO/USDT:USDT,0.2694,2916.0,0.2704,774048.0,0.2698,,916808538.0
1753504864611,04:41:04.611,bitmart,ALGO/USDT:USDT,0.2694,2916.0,0.2704,2938.0,0.2697,,916808552.0
1753504865605,04:41:05.605,bitmart,ALGO/USDT:USDT,0.2694,2916.0,0.2704,2938.0,0.2698,,916808558.0
1753504867604,04:41:07.604,bitmart,ALGO/USDT:USDT,0.2694,2916.0,0.2704,2938.0,0.2697,,916832732.0
1753504868619,04:41:08.619,bitmart,ALGO/USDT:USDT,0.2694,2916.0,0.2704,2938.0,0.2698,,916832856.0
1753504869516,04:41:09.516,bitmart,ALGO/USDT:USDT,0.2694,2916.0,0.2704,2938.0,0.2698,,916833550.0
1753504871614,04:41:11.614,bitmart,ALGO/USDT:USDT,0.2694,2916.0,0.2704,2938.0,0.2699,,916833564.0
1753504872620,04:41:12.620,bitmart,ALGO/USDT:USDT,0.2694,2916.0,0.2704,2938.0,0.2698,,916833572.0
1753504873619,04:41:13.619,bitmart,ALGO/USDT:USDT,0.2694,2916.0,0.2704,2938.0,0.2698,,916833576.0
1753504874505,04:41:14.505,bitmart,ALGO/USDT:USDT,0.2694,2916.0,0.2704,2938.0,0.2698,,916833576.0
1753504877523,04:41:17.523,bitmart,ALGO/USDT:USDT,0.2694,2916.0,0.2705,951867.0,0.27,,916833986.0
1753504878609,04:41:18.609,bitmart,ALGO/USDT:USDT,0.2694,2916.0,0.2705,951867.0,0.27,,916833986.0
1753504880620,04:41:20.620,bitmart,ALGO/USDT:USDT,0.2694,2916.0,0.2705,951867.0,0.27,,916863250.0
1753504882503,04:41:22.503,bitmart,ALGO/USDT:USDT,0.2695,50320.0,0.2706,2936.0,0.2701,,916878318.0
1753504884538,04:41:24.538,bitmart,ALGO/USDT:USDT,0.2695,50320.0,0.2706,53181.0,0.2701,,916898406.0
1753504887525,04:41:27.525,bitmart,ALGO/USDT:USDT,0.2696,2913.0,0.2706,567246.0,0.27,,916915356.0
1753504889606,04:41:29.606,bitmart,ALGO/USDT:USDT,0.2696,2913.0,0.2706,567246.0,0.2699,,916929510.0
1753504890602,04:41:30.602,bitmart,ALGO/USDT:USDT,0.2696,2913.0,0.2706,567246.0,0.27,,916929518.0
1753504891512,04:41:31.512,bitmart,ALGO/USDT:USDT,0.2696,2913.0,0.2706,567246.0,0.27,,916929522.0
1753504893515,04:41:33.515,bitmart,ALGO/USDT:USDT,0.2696,2913.0,0.2706,567246.0,0.27,,916929528.0
1753504894529,04:41:34.529,bitmart,ALGO/USDT:USDT,0.2696,2913.0,0.2706,567246.0,0.27,,916929528.0
1753504897515,04:41:37.515,bitmart,ALGO/USDT:USDT,0.2696,2913.0,0.2705,659988.0,0.2698,,916968084.0
1753504898610,04:41:38.610,bitmart,ALGO/USDT:USDT,0.2696,2913.0,0.2705,662947.0,0.2698,,916968092.0
1753504900613,04:41:40.613,bitmart,ALGO/USDT:USDT,0.2696,2913.0,0.2704,6659.0,0.2699,,916968104.0
1753504902607,04:41:42.607,bitmart,ALGO/USDT:USDT,0.2696,2913.0,0.2704,9153.0,0.2698,,916968120.0
1753504903511,04:41:43.511,bitmart,ALGO/USDT:USDT,0.2696,2913.0,0.2704,2938.0,0.2698,,916968120.0
1753504904615,04:41:44.615,bitmart,ALGO/USDT:USDT,0.2696,2913.0,0.2704,2938.0,0.2698,,916968720.0
1753504905518,04:41:45.518,bitmart,ALGO/USDT:USDT,0.2696,2913.0,0.2704,2938.0,0.2697,,916968726.0
1753504906602,04:41:46.602,bitmart,ALGO/USDT:USDT,0.2696,2913.0,0.2706,884372.0,0.2699,,916968730.0
1753504907563,04:41:47.563,bitmart,ALGO/USDT:USDT,0.2696,2913.0,0.2706,181177.0,0.2701,,916984362.0
1753504910609,04:41:50.609,bitmart,ALGO/USDT:USDT,0.2696,2913.0,0.2706,181177.0,0.2701,,918148654.0
1753504911613,04:41:51.613,bitmart,ALGO/USDT:USDT,0.2696,2913.0,0.2706,181177.0,0.2701,,918149650.0
1753504912603,04:41:52.603,bitmart,ALGO/USDT:USDT,0.2696,2913.0,0.2706,53181.0,0.2702,,918149654.0
1753504915526,04:41:55.526,bitmart,ALGO/USDT:USDT,0.2696,2913.0,0.2706,953950.0,0.27,,918149674.0
1753504916507,04:41:56.507,bitmart,ALGO/USDT:USDT,0.2696,2913.0,0.2706,953950.0,0.27,,918149674.0
1753504919624,04:41:59.624,bitmart,ALGO/USDT:USDT,0.2696,2913.0,0.2706,953950.0,0.2701,,918149716.0
1753504920543,04:42:00.543,bitmart,ALGO/USDT:USDT,0.2696,2913.0,0.2706,953950.0,0.2701,,917468740.0
1753504921533,04:42:01.533,bitmart,ALGO/USDT:USDT,0.2696,2913.0,0.2706,953950.0,0.2701,,917468758.0
1753504923610,04:42:03.610,bitmart,ALGO/USDT:USDT,0.2696,2913.0,0.2706,953950.0,0.2701,,917469250.0
1753504924609,04:42:04.609,bitmart,ALGO/USDT:USDT,0.2696,2913.0,0.2706,953950.0,0.2701,,917469810.0
1753504926605,04:42:06.605,bitmart,ALGO/USDT:USDT,0.2696,2913.0,0.2706,953950.0,0.27,,917469818.0
1753504927520,04:42:07.520,bitmart,ALGO/USDT:USDT,0.2696,2913.0,0.2706,953950.0,0.27,,917475062.0
1753504928619,04:42:08.619,bitmart,ALGO/USDT:USDT,0.2696,2913.0,0.2706,953950.0,0.2701,,917476050.0
1753504930611,04:42:10.611,bitmart,ALGO/USDT:USDT,0.2696,2913.0,0.2706,953950.0,0.27,,917476060.0
1753504932606,04:42:12.606,bitmart,ALGO/USDT:USDT,0.2696,2913.0,0.2706,953950.0,0.2701,,917598298.0
1753504933620,04:42:13.620,bitmart,ALGO/USDT:USDT,0.2696,2913.0,0.2706,953950.0,0.2701,,917598306.0
1753504936509,04:42:16.509,bitmart,ALGO/USDT:USDT,0.2696,2913.0,0.2706,953950.0,0.27,,917598314.0
1753504938510,04:42:18.510,bitmart,ALGO/USDT:USDT,0.2696,2913.0,0.2706,953950.0,0.2701,,917598318.0
1753504939511,04:42:19.511,bitmart,ALGO/USDT:USDT,0.2696,2913.0,0.2707,130931.0,0.2702,,917598476.0
1753504940529,04:42:20.529,bitmart,ALGO/USDT:USDT,0.2696,2913.0,0.2707,130931.0,0.2702,,917599060.0
1753504941514,04:42:21.514,bitmart,ALGO/USDT:USDT,0.2696,2913.0,0.2707,130931.0,0.2703,,917599066.0
1753504942502,04:42:22.502,bitmart,ALGO/USDT:USDT,0.2696,2913.0,0.2707,2936.0,0.2703,,917599066.0
1753504944604,04:42:24.604,bitmart,ALGO/USDT:USDT,0.2696,2913.0,0.2707,799583.0,0.2701,,917627324.0
1753504945524,04:42:25.524,bitmart,ALGO/USDT:USDT,0.2696,2913.0,0.2707,2936.0,0.2702,,917627330.0
1753504947624,04:42:27.624,bitmart,ALGO/USDT:USDT,0.2696,2913.0,0.2705,2938.0,0.27,,917628080.0
1753504948524,04:42:28.524,bitmart,ALGO/USDT:USDT,0.2696,2913.0,0.2705,2938.0,0.27,,917628080.0
1753504949615,04:42:29.615,bitmart,ALGO/USDT:USDT,0.2696,2913.0,0.2705,2938.0,0.2699,,917628084.0
1753504954606,04:42:34.606,bitmart,ALGO/USDT:USDT,0.2696,2913.0,0.2705,2938.0,0.27,,917766400.0
1753504956604,04:42:36.604,bitmart,ALGO/USDT:USDT,0.2696,2913.0,0.2706,858310.0,0.2701,,917769404.0
1753504958596,04:42:38.596,bitmart,ALGO/USDT:USDT,0.2696,2913.0,0.2706,858310.0,0.2701,,917773404.0
1753504960600,04:42:40.600,bitmart,ALGO/USDT:USDT,0.2696,2913.0,0.2706,858310.0,0.2701,,917773422.0
1753504961618,04:42:41.618,bitmart,ALGO/USDT:USDT,0.2696,2913.0,0.2706,858310.0,0.2701,,917773430.0
1753504962607,04:42:42.607,bitmart,ALGO/USDT:USDT,0.2696,2913.0,0.2706,858310.0,0.2701,,917773434.0
1753504964595,04:42:44.595,bitmart,ALGO/USDT:USDT,0.2696,2913.0,0.2706,53182.0,0.2701,,917799002.0
1753504965548,04:42:45.548,bitmart,ALGO/USDT:USDT,0.2696,2913.0,0.2706,53182.0,0.2701,,917799008.0
1753504967587,04:42:47.587,bitmart,ALGO/USDT:USDT,0.2696,2913.0,0.2706,53182.0,0.2702,,917799024.0
1753504968608,04:42:48.608,bitmart,ALGO/USDT:USDT,0.2696,2913.0,0.2706,53182.0,0.2701,,917799034.0
1753504970526,04:42:50.526,bitmart,ALGO/USDT:USDT,0.2696,2913.0,0.2706,53182.0,0.2702,,917799050.0
1753504972509,04:42:52.509,bitmart,ALGO/USDT:USDT,0.2696,2913.0,0.2706,53182.0,0.27,,917799056.0
1753504973513,04:42:53.513,bitmart,ALGO/USDT:USDT,0.2696,2913.0,0.2706,53182.0,0.2701,,917799062.0
1753504974504,04:42:54.504,bitmart,ALGO/USDT:USDT,0.2696,2913.0,0.2706,53182.0,0.2701,,917799062.0
1753504975609,04:42:55.609,bitmart,ALGO/USDT:USDT,0.2696,2913.0,0.2706,53182.0,0.2702,,917799066.0
1753504976505,04:42:56.505,bitmart,ALGO/USDT:USDT,0.2696,2913.0,0.2706,53182.0,0.2702,,917799066.0
1753504979617,04:42:59.617,bitmart,ALGO/USDT:USDT,0.2696,53159.0,0.2706,53182.0,0.2701,,917804826.0
1753504980530,04:43:00.530,bitmart,ALGO/USDT:USDT,0.2696,53159.0,0.2706,53182.0,0.2701,,917804826.0
1753504982572,04:43:02.572,bitmart,ALGO/USDT:USDT,0.2696,2913.0,0.2706,53182.0,0.27,,916762600.0
1753504983515,04:43:03.515,bitmart,ALGO/USDT:USDT,0.2696,2913.0,0.2706,394283.0,0.27,,916762606.0
1753504984515,04:43:04.515,bitmart,ALGO/USDT:USDT,0.2696,2913.0,0.2706,394283.0,0.2701,,916763164.0
1753504986617,04:43:06.617,bitmart,ALGO/USDT:USDT,0.2696,2913.0,0.2706,394283.0,0.27,,916763172.0
1753504988605,04:43:08.605,bitmart,ALGO/USDT:USDT,0.2696,2913.0,0.2706,394283.0,0.2699,,916772446.0
1753504989528,04:43:09.528,bitmart,ALGO/USDT:USDT,0.2696,2913.0,0.2706,394283.0,0.2699,,916772446.0
1753504990516,04:43:10.516,bitmart,ALGO/USDT:USDT,0.2696,2913.0,0.2706,394283.0,0.27,,916774324.0
1753504992609,04:43:12.609,bitmart,ALGO/USDT:USDT,0.2696,2913.0,0.2706,394283.0,0.2701,,916820210.0
1753504993609,04:43:13.609,bitmart,ALGO/USDT:USDT,0.2696,2913.0,0.2706,394283.0,0.2699,,916820374.0
1753504994514,04:43:14.514,bitmart,ALGO/USDT:USDT,0.2696,2913.0,0.2706,394283.0,0.27,,916820496.0
1753504996609,04:43:16.609,bitmart,ALGO/USDT:USDT,0.2696,2913.0,0.2706,53182.0,0.2701,,916820898.0
1753504997515,04:43:17.515,bitmart,ALGO/USDT:USDT,0.2696,2913.0,0.2706,53182.0,0.2701,,916864202.0
1753504998522,04:43:18.522,bitmart,ALGO/USDT:USDT,0.2696,2913.0,0.2706,53182.0,0.2701,,916864202.0
1753504999609,04:43:19.609,bitmart,ALGO/USDT:USDT,0.2696,2913.0,0.2706,53182.0,0.2701,,916864212.0
1753505002525,04:43:22.525,bitmart,ALGO/USDT:USDT,0.2696,2913.0,0.2706,53182.0,0.2701,,916899448.0
1753505003615,04:43:23.615,bitmart,ALGO/USDT:USDT,0.2696,2913.0,0.2706,53182.0,0.2701,,916899454.0
1753505004620,04:43:24.620,bitmart,ALGO/USDT:USDT,0.2696,2913.0,0.2706,53182.0,0.2701,,916899464.0
1753505005506,04:43:25.506,bitmart,ALGO/USDT:USDT,0.2696,2913.0,0.2706,53182.0,0.2701,,916899464.0
1753505006503,04:43:26.503,bitmart,ALGO/USDT:USDT,0.2696,2913.0,0.2706,53182.0,0.2701,,916899464.0
1753505008613,04:43:28.613,bitmart,ALGO/USDT:USDT,0.2696,2913.0,0.2706,53182.0,0.2701,,916899482.0
1753505009604,04:43:29.604,bitmart,ALGO/USDT:USDT,0.2696,2913.0,0.2706,53182.0,0.2701,,916899488.0
1753505010616,04:43:30.616,bitmart,ALGO/USDT:USDT,0.2696,2913.0,0.2706,53182.0,0.2702,,916899496.0
1753505011515,04:43:31.515,bitmart,ALGO/USDT:USDT,0.2696,2913.0,0.2706,53182.0,0.27,,916899502.0
1753505012504,04:43:32.504,bitmart,ALGO/USDT:USDT,0.2696,2913.0,0.2706,53182.0,0.2701,,916899510.0
1753505014610,04:43:34.610,bitmart,ALGO/USDT:USDT,0.2696,2913.0,0.2706,53182.0,0.2701,,916902090.0
1753505015511,04:43:35.511,bitmart,ALGO/USDT:USDT,0.2696,2913.0,0.2706,53182.0,0.2702,,916902306.0
1753505016532,04:43:36.532,bitmart,ALGO/USDT:USDT,0.2696,2913.0,0.2706,53182.0,0.2701,,916902310.0
1753505018614,04:43:38.614,bitmart,ALGO/USDT:USDT,0.2696,2913.0,0.2706,53182.0,0.2702,,916902330.0
1753505019615,04:43:39.615,bitmart,ALGO/USDT:USDT,0.2696,2913.0,0.2706,53182.0,0.2701,,916902334.0
1753505022621,04:43:42.621,bitmart,ALGO/USDT:USDT,0.2696,2913.0,0.2706,873189.0,0.2702,,916902354.0
1753505024614,04:43:44.614,bitmart,ALGO/USDT:USDT,0.2696,2913.0,0.2706,873189.0,0.27,,916909820.0
1753505026613,04:43:46.613,bitmart,ALGO/USDT:USDT,0.2696,2913.0,0.2706,53182.0,0.2701,,916918792.0
1753505029620,04:43:49.620,bitmart,ALGO/USDT:USDT,0.2696,2913.0,0.2707,133263.0,0.2702,,916922970.0
1753505030601,04:43:50.601,bitmart,ALGO/USDT:USDT,0.2696,2913.0,0.2707,130895.0,0.2702,,916922970.0
1753505031607,04:43:51.607,bitmart,ALGO/USDT:USDT,0.2696,2913.0,0.2707,2936.0,0.2701,,916922978.0
1753505032502,04:43:52.502,bitmart,ALGO/USDT:USDT,0.2696,2913.0,0.2707,2936.0,0.2701,,916922978.0
1753505033642,04:43:53.642,bitmart,ALGO/USDT:USDT,0.2696,2913.0,0.2707,2936.0,0.2702,,916922988.0
1753505036621,04:43:56.621,bitmart,ALGO/USDT:USDT,0.2697,50246.0,0.2707,2936.0,0.2703,,916923006.0
1753505038548,04:43:58.548,bitmart,ALGO/USDT:USDT,0.2696,2913.0,0.2707,2936.0,0.2702,,916923024.0
1753505039525,04:43:59.525,bitmart,ALGO/USDT:USDT,0.2696,2913.0,0.2707,2936.0,0.2703,,916923046.0
1753505040546,04:44:00.546,bitmart,ALGO/USDT:USDT,0.2696,2913.0,0.2707,2936.0,0.2703,,916541094.0
1753505041537,04:44:01.537,bitmart,ALGO/USDT:USDT,0.2696,2913.0,0.2707,2936.0,0.2703,,916541106.0
1753505042528,04:44:02.528,bitmart,ALGO/USDT:USDT,0.2696,2913.0,0.2707,2936.0,0.2703,,916541118.0
1753505043509,04:44:03.509,bitmart,ALGO/USDT:USDT,0.2696,2913.0,0.2707,2936.0,0.2702,,916541124.0
1753505045616,04:44:05.616,bitmart,ALGO/USDT:USDT,0.2696,2913.0,0.2707,2936.0,0.2703,,916541136.0
1753505046595,04:44:06.595,bitmart,ALGO/USDT:USDT,0.2696,2913.0,0.2707,2936.0,0.2701,,916541274.0
1753505048610,04:44:08.610,bitmart,ALGO/USDT:USDT,0.2696,2913.0,0.2707,2936.0,0.2702,,916541468.0
1753505049529,04:44:09.529,bitmart,ALGO/USDT:USDT,0.2696,2913.0,0.2707,2936.0,0.2702,,916541550.0
1753505050611,04:44:10.611,bitmart,ALGO/USDT:USDT,0.2696,2913.0,0.2707,2936.0,0.2703,,916541556.0
1753505051612,04:44:11.612,bitmart,ALGO/USDT:USDT,0.2696,2913.0,0.2707,2936.0,0.2702,,916541562.0
1753505052612,04:44:12.612,bitmart,ALGO/USDT:USDT,0.2696,2913.0,0.2707,2936.0,0.2702,,916549470.0
1753505054516,04:44:14.516,bitmart,ALGO/USDT:USDT,0.2696,2913.0,0.2707,2936.0,0.2702,,916549482.0
1753505055609,04:44:15.609,bitmart,ALGO/USDT:USDT,0.2696,2913.0,0.2707,2936.0,0.2702,,916549486.0
1753505056607,04:44:16.607,bitmart,ALGO/USDT:USDT,0.2696,2913.0,0.2707,2936.0,0.2703,,916549554.0
1753505057503,04:44:17.503,bitmart,ALGO/USDT:USDT,0.2696,2913.0,0.2707,2936.0,0.2703,,916549554.0
1753505060517,04:44:20.517,bitmart,ALGO/USDT:USDT,0.2696,2913.0,0.2707,2936.0,0.2701,,916549574.0
1753505061613,04:44:21.613,bitmart,ALGO/USDT:USDT,0.2696,2913.0,0.2707,2936.0,0.2702,,916549580.0
1753505066610,04:44:26.610,bitmart,ALGO/USDT:USDT,0.2696,2913.0,0.2707,2936.0,0.2701,,916551860.0
1753505067634,04:44:27.634,bitmart,ALGO/USDT:USDT,0.2696,2913.0,0.2707,2936.0,0.2701,,916551864.0
1753505068600,04:44:28.600,bitmart,ALGO/USDT:USDT,0.2696,2913.0,0.2707,2936.0,0.2702,,916568110.0
1753505069602,04:44:29.602,bitmart,ALGO/USDT:USDT,0.2696,2913.0,0.2707,2936.0,0.2702,,916568116.0
1753505070610,04:44:30.610,bitmart,ALGO/USDT:USDT,0.2696,2913.0,0.2707,2936.0,0.2703,,916568120.0
1753505071614,04:44:31.614,bitmart,ALGO/USDT:USDT,0.2696,2913.0,0.2707,2936.0,0.2702,,916568192.0
1753505072616,04:44:32.616,bitmart,ALGO/USDT:USDT,0.2696,2913.0,0.2707,2936.0,0.2702,,916570412.0
1753505073615,04:44:33.615,bitmart,ALGO/USDT:USDT,0.2696,2913.0,0.2707,2936.0,0.2702,,916573372.0
1753505077515,04:44:37.515,bitmart,ALGO/USDT:USDT,0.2696,2913.0,0.2707,2936.0,0.2703,,916574146.0
1753505078605,04:44:38.605,bitmart,ALGO/USDT:USDT,0.2696,2913.0,0.2707,2936.0,0.2702,,916574152.0
1753505080612,04:44:40.612,bitmart,ALGO/USDT:USDT,0.2696,2913.0,0.2707,2936.0,0.2701,,916574170.0
1753505081601,04:44:41.601,bitmart,ALGO/USDT:USDT,0.2696,2913.0,0.2707,2936.0,0.2703,,916574178.0
1753505082518,04:44:42.518,bitmart,ALGO/USDT:USDT,0.2696,2913.0,0.2707,2936.0,0.2702,,916574182.0
1753505083617,04:44:43.617,bitmart,ALGO/USDT:USDT,0.2696,2913.0,0.2707,2936.0,0.2702,,916574358.0
1753505084608,04:44:44.608,bitmart,ALGO/USDT:USDT,0.2696,2913.0,0.2707,2936.0,0.2703,,916574364.0
1753505085516,04:44:45.516,bitmart,ALGO/USDT:USDT,0.2696,2913.0,0.2707,2936.0,0.2703,,916575760.0
1753505086607,04:44:46.607,bitmart,ALGO/USDT:USDT,0.2696,547839.0,0.2708,1048695.0,0.2702,,916575764.0
1753505087531,04:44:47.531,bitmart,ALGO/USDT:USDT,0.2696,547839.0,0.2708,1048695.0,0.2702,,916575864.0
1753505088627,04:44:48.627,bitmart,ALGO/USDT:USDT,0.2696,547839.0,0.2708,1048695.0,0.2703,,916575868.0
1753505089522,04:44:49.522,bitmart,ALGO/USDT:USDT,0.2696,547839.0,0.2708,1048695.0,0.2702,,916575878.0
1753505091520,04:44:51.520,bitmart,ALGO/USDT:USDT,0.2695,50246.0,0.2705,538781.0,0.2701,,916575892.0
1753505092608,04:44:52.608,bitmart,ALGO/USDT:USDT,0.2696,2913.0,0.2705,488526.0,0.2698,,916658232.0
1753505094632,04:44:54.632,bitmart,ALGO/USDT:USDT,0.2696,2913.0,0.2705,488526.0,0.2699,,916658236.0
1753505096603,04:44:56.603,bitmart,ALGO/USDT:USDT,0.2696,2913.0,0.2705,488526.0,0.2698,,916658252.0
1753505098605,04:44:58.605,bitmart,ALGO/USDT:USDT,0.2696,2913.0,0.2705,488526.0,0.2699,,916658274.0
1753505100536,04:45:00.536,bitmart,ALGO/USDT:USDT,0.2696,2913.0,0.2705,488526.0,0.2698,,916344808.0
1753505101516,04:45:01.516,bitmart,ALGO/USDT:USDT,0.2696,2913.0,0.2705,491464.0,0.2698,,916344818.0
1753505102520,04:45:02.520,bitmart,ALGO/USDT:USDT,0.2696,2913.0,0.2705,1075719.0,0.2698,,916680768.0
1753505103522,04:45:03.522,bitmart,ALGO/USDT:USDT,0.2696,2913.0,0.2705,624254.0,0.2698,,916805676.0
1753505104531,04:45:04.531,bitmart,ALGO/USDT:USDT,0.2693,127972.0,0.2704,419184.0,0.2698,,916963202.0
1753505107607,04:45:07.607,bitmart,ALGO/USDT:USDT,0.2694,2916.0,0.2704,419184.0,0.2698,,917260454.0
1753505110614,04:45:10.614,bitmart,ALGO/USDT:USDT,0.2694,2916.0,0.2704,2938.0,0.2698,,917270214.0
1753505111601,04:45:11.601,bitmart,ALGO/USDT:USDT,0.2694,2916.0,0.2704,2938.0,0.2698,,917270218.0
1753505112525,04:45:12.525,bitmart,ALGO/USDT:USDT,0.2694,2916.0,0.2704,2938.0,0.2698,,917270228.0
1753505113603,04:45:13.603,bitmart,ALGO/USDT:USDT,0.2694,2916.0,0.2704,2938.0,0.2699,,917270236.0
1753505114605,04:45:14.605,bitmart,ALGO/USDT:USDT,0.2694,2916.0,0.2704,2938.0,0.2698,,917270244.0
1753505115519,04:45:15.519,bitmart,ALGO/USDT:USDT,0.2694,2916.0,0.2704,2938.0,0.2698,,917270254.0
1753505116605,04:45:16.605,bitmart,ALGO/USDT:USDT,0.2694,2916.0,0.2704,2938.0,0.2699,,917270260.0
1753505117512,04:45:17.512,bitmart,ALGO/USDT:USDT,0.2694,2916.0,0.2704,2938.0,0.2699,,917270260.0
1753505118529,04:45:18.529,bitmart,ALGO/USDT:USDT,0.2694,2916.0,0.2704,458966.0,0.2698,,917270268.0
1753505119626,04:45:19.626,bitmart,ALGO/USDT:USDT,0.2694,2916.0,0.2704,731414.0,0.2697,,917270274.0
1753505120503,04:45:20.503,bitmart,ALGO/USDT:USDT,0.2694,2916.0,0.2704,731414.0,0.2697,,917270274.0
1753505121633,04:45:21.633,bitmart,ALGO/USDT:USDT,0.2694,2916.0,0.2704,731414.0,0.2696,,917278130.0
1753505122601,04:45:22.601,bitmart,ALGO/USDT:USDT,0.2694,2916.0,0.2704,731414.0,0.2697,,917278138.0
1753505123502,04:45:23.502,bitmart,ALGO/USDT:USDT,0.2694,2916.0,0.2704,731414.0,0.2697,,917278138.0
1753505126624,04:45:26.624,bitmart,ALGO/USDT:USDT,0.2694,2916.0,0.2703,360193.0,0.2697,,917286614.0
1753505131623,04:45:31.623,bitmart,ALGO/USDT:USDT,0.2694,2916.0,0.2703,2940.0,0.2697,,917761600.0
1753505132515,04:45:32.515,bitmart,ALGO/USDT:USDT,0.2694,2916.0,0.2703,2940.0,0.2698,,917792310.0
1753505133615,04:45:33.615,bitmart,ALGO/USDT:USDT,0.2694,2916.0,0.2703,2940.0,0.2697,,917792316.0
1753505136607,04:45:36.607,bitmart,ALGO/USDT:USDT,0.2692,2918.0,0.2702,672827.0,0.2696,,918109128.0
1753505138509,04:45:38.509,bitmart,ALGO/USDT:USDT,0.2692,2918.0,0.2702,672827.0,0.2696,,918531530.0
1753505139609,04:45:39.609,bitmart,ALGO/USDT:USDT,0.2692,2918.0,0.2702,672827.0,0.2697,,918531536.0
1753505141612,04:45:41.612,bitmart,ALGO/USDT:USDT,0.2692,2918.0,0.2702,672827.0,0.2696,,918531550.0
1753505143608,04:45:43.608,bitmart,ALGO/USDT:USDT,0.2692,2918.0,0.2702,672827.0,0.2695,,918531562.0
1753505145596,04:45:45.596,bitmart,ALGO/USDT:USDT,0.2692,2918.0,0.2702,672827.0,0.2696,,918531576.0
