timestamp,time,exchange,symbol,bid,bidVolume,ask,askVolume,lastPrice,baseVolume,quoteVolume
1753504794604,04:39:54.604,bitmart,AAVE/USDT:USDT,297.41,23.0,297.42,26.0,297.42,,1780130.0
1753504795601,04:39:55.601,bitmart,AAVE/USDT:USDT,297.41,23.0,297.42,26.0,297.42,,1780136.0
1753504796601,04:39:56.601,bitmart,AAVE/USDT:USDT,297.41,37.0,297.42,43.0,297.42,,1780136.0
1753504797642,04:39:57.642,bitmart,AAVE/USDT:USDT,297.41,79.0,297.42,20.0,297.42,,1780142.0
1753504798638,04:39:58.638,bitmart,AAVE/USDT:USDT,297.44,94.0,297.45,17.0,297.44,,1780146.0
1753504799645,04:39:59.645,bitmart,AAVE/USDT:USDT,297.44,40.0,297.45,36.0,297.45,,1780158.0
1753504800597,04:40:00.597,bitmart,AAVE/USDT:USDT,297.44,52.0,297.45,41.0,297.45,,1777010.0
1753504801602,04:40:01.602,bitmart,AAVE/USDT:USDT,297.44,52.0,297.45,41.0,297.45,,1777022.0
1753504802599,04:40:02.599,bitmart,AAVE/USDT:USDT,297.44,52.0,297.45,23.0,297.45,,1777026.0
1753504803587,04:40:03.587,bitmart,AAVE/USDT:USDT,297.44,38.0,297.45,24.0,297.44,,1777032.0
1753504804545,04:40:04.545,bitmart,AAVE/USDT:USDT,297.44,38.0,297.45,41.0,297.44,,1777032.0
1753504805641,04:40:05.641,bitmart,AAVE/USDT:USDT,297.44,62.0,297.45,46.0,297.44,,1777036.0
1753504806632,04:40:06.632,bitmart,AAVE/USDT:USDT,297.44,62.0,297.45,46.0,297.44,,1777040.0
1753504807639,04:40:07.639,bitmart,AAVE/USDT:USDT,297.44,44.0,297.45,28.0,297.44,,1777040.0
1753504808590,04:40:08.590,bitmart,AAVE/USDT:USDT,297.44,71.0,297.45,27.0,297.44,,1777040.0
1753504809598,04:40:09.598,bitmart,AAVE/USDT:USDT,297.44,73.0,297.45,16.0,297.44,,1777040.0
1753504810606,04:40:10.606,bitmart,AAVE/USDT:USDT,297.44,73.0,297.45,16.0,297.45,,1777044.0
1753504811588,04:40:11.588,bitmart,AAVE/USDT:USDT,297.44,66.0,297.45,20.0,297.44,,1777048.0
1753504812588,04:40:12.588,bitmart,AAVE/USDT:USDT,297.44,40.0,297.45,20.0,297.44,,1777054.0
1753504813586,04:40:13.586,bitmart,AAVE/USDT:USDT,297.44,40.0,297.45,36.0,297.45,,1777058.0
1753504814601,04:40:14.601,bitmart,AAVE/USDT:USDT,297.44,84.0,297.45,85.0,297.45,,1777058.0
1753504815592,04:40:15.592,bitmart,AAVE/USDT:USDT,297.44,44.0,297.45,49.0,297.45,,1777062.0
1753504816588,04:40:16.588,bitmart,AAVE/USDT:USDT,297.53,86.0,297.54,26.0,297.52,,1777138.0
1753504817587,04:40:17.587,bitmart,AAVE/USDT:USDT,297.53,57.0,297.54,4.0,297.52,,1777138.0
1753504818585,04:40:18.585,bitmart,AAVE/USDT:USDT,297.53,57.0,297.54,4.0,297.53,,1777142.0
1753504819585,04:40:19.585,bitmart,AAVE/USDT:USDT,297.53,27.0,297.54,20.0,297.53,,1777146.0
1753504820602,04:40:20.602,bitmart,AAVE/USDT:USDT,297.53,59.0,297.57,154.0,297.54,,1777150.0
1753504821530,04:40:21.530,bitmart,AAVE/USDT:USDT,297.55,21.0,297.56,23.0,297.54,,1777150.0
1753504822598,04:40:22.598,bitmart,AAVE/USDT:USDT,297.55,43.0,297.56,21.0,297.55,,1777154.0
1753504823576,04:40:23.576,bitmart,AAVE/USDT:USDT,297.55,43.0,297.56,16.0,297.56,,1777160.0
1753504824599,04:40:24.599,bitmart,AAVE/USDT:USDT,297.53,38.0,297.54,57.0,297.54,,1777178.0
1753504825598,04:40:25.598,bitmart,AAVE/USDT:USDT,297.53,38.0,297.54,57.0,297.54,,1777178.0
1753504826545,04:40:26.545,bitmart,AAVE/USDT:USDT,297.53,38.0,297.54,52.0,297.53,,1777182.0
1753504827542,04:40:27.542,bitmart,AAVE/USDT:USDT,297.51,16.0,297.52,106.0,297.53,,1777182.0
1753504828602,04:40:28.602,bitmart,AAVE/USDT:USDT,297.5,8.0,297.51,148.0,297.51,,1777222.0
1753504829602,04:40:29.602,bitmart,AAVE/USDT:USDT,297.5,8.0,297.51,98.0,297.51,,1777228.0
1753504830597,04:40:30.597,bitmart,AAVE/USDT:USDT,297.5,14.0,297.51,203.0,297.5,,1777232.0
1753504831587,04:40:31.587,bitmart,AAVE/USDT:USDT,297.5,32.0,297.51,45.0,297.5,,1777238.0
1753504832586,04:40:32.586,bitmart,AAVE/USDT:USDT,297.49,1.0,297.51,114.0,297.5,,1777242.0
1753504833600,04:40:33.600,bitmart,AAVE/USDT:USDT,297.5,58.0,297.51,9.0,297.5,,1777266.0
1753504834601,04:40:34.601,bitmart,AAVE/USDT:USDT,297.5,58.0,297.51,18.0,297.51,,1777270.0
1753504835551,04:40:35.551,bitmart,AAVE/USDT:USDT,297.53,27.0,297.54,1.0,297.51,,1777270.0
1753504836601,04:40:36.601,bitmart,AAVE/USDT:USDT,297.53,1.0,297.54,73.0,297.53,,1777274.0
1753504837541,04:40:37.541,bitmart,AAVE/USDT:USDT,297.53,1.0,297.54,73.0,297.53,,1777274.0
1753504838604,04:40:38.604,bitmart,AAVE/USDT:USDT,297.53,1.0,297.54,73.0,297.54,,1777278.0
1753504839586,04:40:39.586,bitmart,AAVE/USDT:USDT,297.42,159.0,297.45,76.0,297.48,,1777284.0
1753504840601,04:40:40.601,bitmart,AAVE/USDT:USDT,297.35,18.0,297.36,52.0,297.36,,1777290.0
1753504841600,04:40:41.600,bitmart,AAVE/USDT:USDT,297.35,18.0,297.36,52.0,297.35,,1777294.0
1753504842650,04:40:42.650,bitmart,AAVE/USDT:USDT,297.41,47.0,297.42,27.0,297.42,,1777324.0
1753504843546,04:40:43.546,bitmart,AAVE/USDT:USDT,297.39,18.0,297.4,24.0,297.42,,1777324.0
1753504844615,04:40:44.615,bitmart,AAVE/USDT:USDT,297.42,178.0,297.43,3.0,297.39,,1777330.0
1753504845639,04:40:45.639,bitmart,AAVE/USDT:USDT,297.42,178.0,297.46,64.0,297.42,,1777334.0
1753504846641,04:40:46.641,bitmart,AAVE/USDT:USDT,297.45,25.0,297.46,64.0,297.45,,1777340.0
1753504847639,04:40:47.639,bitmart,AAVE/USDT:USDT,297.45,34.0,297.46,34.0,297.45,,1777344.0
1753504848587,04:40:48.587,bitmart,AAVE/USDT:USDT,297.45,34.0,297.46,34.0,297.45,,1777344.0
1753504849612,04:40:49.612,bitmart,AAVE/USDT:USDT,297.49,78.0,297.5,21.0,297.45,,1777344.0
1753504850643,04:40:50.643,bitmart,AAVE/USDT:USDT,297.49,78.0,297.5,21.0,297.49,,1777352.0
1753504851643,04:40:51.643,bitmart,AAVE/USDT:USDT,297.49,78.0,297.5,3.0,297.49,,1777358.0
1753504852541,04:40:52.541,bitmart,AAVE/USDT:USDT,297.49,101.0,297.5,4.0,297.49,,1777364.0
1753504853640,04:40:53.640,bitmart,AAVE/USDT:USDT,297.51,159.0,297.54,1.0,297.49,,1777368.0
1753504854590,04:40:54.590,bitmart,AAVE/USDT:USDT,297.53,182.0,297.55,157.0,297.53,,1777428.0
1753504855625,04:40:55.625,bitmart,AAVE/USDT:USDT,297.54,173.0,297.55,19.0,297.54,,1777432.0
1753504856587,04:40:56.587,bitmart,AAVE/USDT:USDT,297.54,235.0,297.55,21.0,297.55,,1777436.0
1753504857602,04:40:57.602,bitmart,AAVE/USDT:USDT,297.54,240.0,297.55,21.0,297.55,,1777440.0
1753504858592,04:40:58.592,bitmart,AAVE/USDT:USDT,297.54,185.0,297.55,19.0,297.55,,1777448.0
1753504859603,04:40:59.603,bitmart,AAVE/USDT:USDT,297.54,185.0,297.55,13.0,297.55,,1777456.0
1753504860603,04:41:00.603,bitmart,AAVE/USDT:USDT,297.54,185.0,297.55,13.0,297.54,,1775546.0
1753504861601,04:41:01.601,bitmart,AAVE/USDT:USDT,297.54,171.0,297.55,6.0,297.55,,1775554.0
1753504862606,04:41:02.606,bitmart,AAVE/USDT:USDT,297.54,171.0,297.55,6.0,297.54,,1775558.0
1753504863587,04:41:03.587,bitmart,AAVE/USDT:USDT,297.54,169.0,297.55,6.0,297.54,,1775562.0
1753504864587,04:41:04.587,bitmart,AAVE/USDT:USDT,297.6,172.0,297.61,6.0,297.55,,1775566.0
1753504865591,04:41:05.591,bitmart,AAVE/USDT:USDT,297.6,172.0,297.62,141.0,297.55,,1775566.0
1753504866597,04:41:06.597,bitmart,AAVE/USDT:USDT,297.63,188.0,297.64,2.0,297.63,,1775584.0
1753504867586,04:41:07.586,bitmart,AAVE/USDT:USDT,297.63,188.0,297.64,30.0,297.64,,1775598.0
1753504868639,04:41:08.639,bitmart,AAVE/USDT:USDT,297.64,219.0,297.65,3.0,297.64,,1775598.0
1753504869640,04:41:09.640,bitmart,AAVE/USDT:USDT,297.64,219.0,297.65,4.0,297.64,,1775604.0
1753504870603,04:41:10.603,bitmart,AAVE/USDT:USDT,297.64,219.0,297.65,23.0,297.65,,1775610.0
1753504871587,04:41:11.587,bitmart,AAVE/USDT:USDT,297.64,219.0,297.65,23.0,297.64,,1775614.0
1753504872588,04:41:12.588,bitmart,AAVE/USDT:USDT,297.64,196.0,297.65,20.0,297.64,,1775614.0
1753504873586,04:41:13.586,bitmart,AAVE/USDT:USDT,297.64,147.0,297.65,4.0,297.64,,1775614.0
1753504874596,04:41:14.596,bitmart,AAVE/USDT:USDT,297.64,147.0,297.65,39.0,297.65,,1775618.0
1753504875586,04:41:15.586,bitmart,AAVE/USDT:USDT,297.64,147.0,297.65,20.0,297.64,,1775624.0
1753504876595,04:41:16.595,bitmart,AAVE/USDT:USDT,297.64,214.0,297.66,4.0,297.64,,1775624.0
1753504877625,04:41:17.625,bitmart,AAVE/USDT:USDT,297.65,166.0,297.66,4.0,297.64,,1775624.0
1753504878597,04:41:18.597,bitmart,AAVE/USDT:USDT,297.65,154.0,297.66,3.0,297.64,,1775624.0
1753504879554,04:41:19.554,bitmart,AAVE/USDT:USDT,297.65,149.0,297.66,3.0,297.65,,1775628.0
1753504880598,04:41:20.598,bitmart,AAVE/USDT:USDT,297.65,149.0,297.66,3.0,297.65,,1775628.0
1753504881589,04:41:21.589,bitmart,AAVE/USDT:USDT,297.65,168.0,297.66,3.0,297.66,,1775634.0
1753504882599,04:41:22.599,bitmart,AAVE/USDT:USDT,297.65,230.0,297.66,5.0,297.66,,1775640.0
1753504883585,04:41:23.585,bitmart,AAVE/USDT:USDT,297.65,230.0,297.66,5.0,297.66,,1775640.0
1753504884586,04:41:24.586,bitmart,AAVE/USDT:USDT,297.65,97.0,297.66,4.0,297.65,,1775646.0
1753504885589,04:41:25.589,bitmart,AAVE/USDT:USDT,297.67,143.0,297.68,42.0,297.65,,1775646.0
1753504886607,04:41:26.607,bitmart,AAVE/USDT:USDT,297.67,143.0,297.68,42.0,297.68,,1775654.0
1753504887586,04:41:27.586,bitmart,AAVE/USDT:USDT,297.67,109.0,297.68,85.0,297.69,,1776140.0
1753504888596,04:41:28.596,bitmart,AAVE/USDT:USDT,297.67,17.0,297.68,85.0,297.68,,1776148.0
1753504889641,04:41:29.641,bitmart,AAVE/USDT:USDT,297.67,163.0,297.68,2.0,297.67,,1776152.0
1753504890634,04:41:30.634,bitmart,AAVE/USDT:USDT,297.67,163.0,297.68,2.0,297.67,,1776152.0
1753504891549,04:41:31.549,bitmart,AAVE/USDT:USDT,297.71,47.0,297.72,47.0,297.67,,1776152.0
1753504892534,04:41:32.534,bitmart,AAVE/USDT:USDT,297.71,47.0,297.72,47.0,297.67,,1776152.0
1753504893541,04:41:33.541,bitmart,AAVE/USDT:USDT,297.71,66.0,297.72,5.0,297.71,,1776156.0
1753504894600,04:41:34.600,bitmart,AAVE/USDT:USDT,297.72,142.0,297.73,39.0,297.72,,1776162.0
1753504895591,04:41:35.591,bitmart,AAVE/USDT:USDT,297.72,142.0,297.73,39.0,297.72,,1776162.0
1753504896597,04:41:36.597,bitmart,AAVE/USDT:USDT,297.72,111.0,297.73,39.0,297.72,,1776166.0
1753504897587,04:41:37.587,bitmart,AAVE/USDT:USDT,297.72,312.0,297.73,39.0,297.72,,1776170.0
1753504898587,04:41:38.587,bitmart,AAVE/USDT:USDT,297.72,201.0,297.73,39.0,297.73,,1776176.0
1753504899587,04:41:39.587,bitmart,AAVE/USDT:USDT,297.72,201.0,297.73,39.0,297.73,,1776192.0
1753504900596,04:41:40.596,bitmart,AAVE/USDT:USDT,297.72,201.0,297.73,39.0,297.73,,1776192.0
1753504901587,04:41:41.587,bitmart,AAVE/USDT:USDT,297.72,201.0,297.73,39.0,297.73,,1776198.0
1753504902601,04:41:42.601,bitmart,AAVE/USDT:USDT,297.72,195.0,297.73,39.0,297.73,,1776198.0
1753504903588,04:41:43.588,bitmart,AAVE/USDT:USDT,297.72,195.0,297.73,39.0,297.73,,1776202.0
1753504904585,04:41:44.585,bitmart,AAVE/USDT:USDT,297.72,176.0,297.73,39.0,297.72,,1776206.0
1753504905589,04:41:45.589,bitmart,AAVE/USDT:USDT,297.79,187.0,297.8,4.0,297.73,,1776210.0
1753504906598,04:41:46.598,bitmart,AAVE/USDT:USDT,297.79,137.0,297.81,20.0,297.79,,1776214.0
1753504907588,04:41:47.588,bitmart,AAVE/USDT:USDT,297.8,39.0,297.81,35.0,297.79,,1776214.0
1753504908598,04:41:48.598,bitmart,AAVE/USDT:USDT,297.8,39.0,297.81,35.0,297.8,,1776218.0
1753504909586,04:41:49.586,bitmart,AAVE/USDT:USDT,297.8,49.0,297.81,27.0,297.81,,1776222.0
1753504910601,04:41:50.601,bitmart,AAVE/USDT:USDT,297.8,198.0,297.81,27.0,297.81,,1776226.0
1753504911590,04:41:51.590,bitmart,AAVE/USDT:USDT,297.8,129.0,297.81,40.0,297.81,,1776230.0
1753504912599,04:41:52.599,bitmart,AAVE/USDT:USDT,297.8,129.0,297.81,40.0,297.8,,1776234.0
1753504913589,04:41:53.589,bitmart,AAVE/USDT:USDT,297.8,202.0,297.81,31.0,297.81,,1776238.0
1753504914600,04:41:54.600,bitmart,AAVE/USDT:USDT,297.8,238.0,297.81,36.0,297.81,,1776238.0
1753504915585,04:41:55.585,bitmart,AAVE/USDT:USDT,297.8,238.0,297.81,36.0,297.81,,1776242.0
1753504916598,04:41:56.598,bitmart,AAVE/USDT:USDT,297.8,170.0,297.81,45.0,297.8,,1776248.0
1753504917585,04:41:57.585,bitmart,AAVE/USDT:USDT,297.8,225.0,297.81,36.0,297.8,,1776252.0
1753504918595,04:41:58.595,bitmart,AAVE/USDT:USDT,297.8,225.0,297.81,36.0,297.8,,1776256.0
1753504919598,04:41:59.598,bitmart,AAVE/USDT:USDT,297.8,120.0,297.81,34.0,297.81,,1776270.0
1753504920602,04:42:00.602,bitmart,AAVE/USDT:USDT,297.8,211.0,297.81,40.0,297.8,,1773898.0
1753504921597,04:42:01.597,bitmart,AAVE/USDT:USDT,297.8,211.0,297.83,9.0,297.8,,1773902.0
1753504922598,04:42:02.598,bitmart,AAVE/USDT:USDT,297.82,136.0,297.83,9.0,297.82,,1773908.0
1753504923585,04:42:03.585,bitmart,AAVE/USDT:USDT,297.85,147.0,297.86,2.0,297.82,,1773922.0
1753504924587,04:42:04.587,bitmart,AAVE/USDT:USDT,297.86,42.0,297.87,22.0,297.86,,1773930.0
1753504925601,04:42:05.601,bitmart,AAVE/USDT:USDT,297.88,168.0,297.89,39.0,297.87,,1774072.0
1753504926587,04:42:06.587,bitmart,AAVE/USDT:USDT,297.86,18.0,297.89,149.0,297.88,,1774202.0
1753504927585,04:42:07.585,bitmart,AAVE/USDT:USDT,297.88,186.0,297.89,40.0,297.88,,1774300.0
1753504928602,04:42:08.602,bitmart,AAVE/USDT:USDT,297.88,186.0,297.89,44.0,297.88,,1774304.0
1753504929544,04:42:09.544,bitmart,AAVE/USDT:USDT,297.88,80.0,297.89,64.0,297.88,,1774308.0
1753504930598,04:42:10.598,bitmart,AAVE/USDT:USDT,297.88,46.0,297.89,80.0,297.88,,1774308.0
1753504931581,04:42:11.581,bitmart,AAVE/USDT:USDT,297.88,12.0,297.89,80.0,297.89,,1774312.0
1753504932602,04:42:12.602,bitmart,AAVE/USDT:USDT,297.88,157.0,297.89,39.0,297.89,,1774312.0
1753504933644,04:42:13.644,bitmart,AAVE/USDT:USDT,297.88,157.0,297.89,39.0,297.89,,1774316.0
1753504934597,04:42:14.597,bitmart,AAVE/USDT:USDT,297.88,4.0,297.89,39.0,297.89,,1774332.0
1753504935588,04:42:15.588,bitmart,AAVE/USDT:USDT,297.88,4.0,297.89,39.0,297.89,,1774332.0
1753504936585,04:42:16.585,bitmart,AAVE/USDT:USDT,297.88,54.0,297.89,39.0,297.88,,1774338.0
1753504937587,04:42:17.587,bitmart,AAVE/USDT:USDT,297.88,54.0,297.89,39.0,297.89,,1774342.0
1753504938602,04:42:18.602,bitmart,AAVE/USDT:USDT,297.88,54.0,297.89,39.0,297.89,,1774346.0
1753504939588,04:42:19.588,bitmart,AAVE/USDT:USDT,297.88,54.0,297.89,39.0,297.89,,1774354.0
1753504940599,04:42:20.599,bitmart,AAVE/USDT:USDT,297.88,3.0,297.95,131.0,297.89,,1774354.0
1753504941587,04:42:21.587,bitmart,AAVE/USDT:USDT,297.92,6.0,297.93,138.0,297.93,,1774358.0
1753504942598,04:42:22.598,bitmart,AAVE/USDT:USDT,297.92,146.0,297.93,41.0,297.92,,1774362.0
1753504943611,04:42:23.611,bitmart,AAVE/USDT:USDT,297.92,146.0,297.93,10.0,297.93,,1774438.0
1753504944598,04:42:24.598,bitmart,AAVE/USDT:USDT,297.92,146.0,297.93,2.0,297.93,,1774438.0
1753504945585,04:42:25.585,bitmart,AAVE/USDT:USDT,297.92,146.0,297.93,8.0,297.93,,1774442.0
1753504946610,04:42:26.610,bitmart,AAVE/USDT:USDT,297.92,146.0,297.93,23.0,297.93,,1774446.0
1753504947589,04:42:27.589,bitmart,AAVE/USDT:USDT,297.92,146.0,297.93,23.0,297.93,,1774450.0
1753504948604,04:42:28.604,bitmart,AAVE/USDT:USDT,297.92,146.0,297.93,64.0,297.93,,1774454.0
1753504949644,04:42:29.644,bitmart,AAVE/USDT:USDT,297.9,1.0,297.91,145.0,297.92,,1774474.0
1753504950599,04:42:30.599,bitmart,AAVE/USDT:USDT,297.9,6.0,297.91,145.0,297.9,,1774478.0
1753504951586,04:42:31.586,bitmart,AAVE/USDT:USDT,297.9,6.0,297.91,145.0,297.9,,1774482.0
1753504952602,04:42:32.602,bitmart,AAVE/USDT:USDT,297.9,17.0,297.91,145.0,297.9,,1774482.0
1753504953643,04:42:33.643,bitmart,AAVE/USDT:USDT,297.9,40.0,297.91,100.0,297.9,,1774490.0
1753504954630,04:42:34.630,bitmart,AAVE/USDT:USDT,297.9,18.0,297.91,100.0,297.9,,1774490.0
1753504955541,04:42:35.541,bitmart,AAVE/USDT:USDT,297.9,18.0,297.91,57.0,297.9,,1774490.0
1753504956643,04:42:36.643,bitmart,AAVE/USDT:USDT,297.9,28.0,297.91,101.0,297.9,,1774494.0
1753504957547,04:42:37.547,bitmart,AAVE/USDT:USDT,297.9,28.0,297.91,101.0,297.9,,1774498.0
1753504958601,04:42:38.601,bitmart,AAVE/USDT:USDT,297.86,6.0,297.87,100.0,297.87,,1774514.0
1753504959642,04:42:39.642,bitmart,AAVE/USDT:USDT,297.86,6.0,297.87,100.0,297.86,,1774520.0
1753504960531,04:42:40.531,bitmart,AAVE/USDT:USDT,297.86,7.0,297.87,139.0,297.86,,1774520.0
1753504961632,04:42:41.632,bitmart,AAVE/USDT:USDT,297.86,20.0,297.87,276.0,297.86,,1774520.0
1753504962602,04:42:42.602,bitmart,AAVE/USDT:USDT,297.86,13.0,297.87,137.0,297.86,,1774520.0
1753504963585,04:42:43.585,bitmart,AAVE/USDT:USDT,297.86,15.0,297.87,87.0,297.86,,1774526.0
1753504964575,04:42:44.575,bitmart,AAVE/USDT:USDT,297.84,62.0,297.85,30.0,297.86,,1774526.0
1753504965601,04:42:45.601,bitmart,AAVE/USDT:USDT,297.84,62.0,297.85,30.0,297.86,,1774526.0
1753504966613,04:42:46.613,bitmart,AAVE/USDT:USDT,297.84,110.0,297.85,28.0,297.85,,1774530.0
1753504967546,04:42:47.546,bitmart,AAVE/USDT:USDT,297.84,110.0,297.85,28.0,297.85,,1774534.0
1753504968641,04:42:48.641,bitmart,AAVE/USDT:USDT,297.84,80.0,297.85,23.0,297.84,,1774538.0
1753504969616,04:42:49.616,bitmart,AAVE/USDT:USDT,297.84,132.0,297.85,29.0,297.84,,1774542.0
1753504970633,04:42:50.633,bitmart,AAVE/USDT:USDT,297.84,132.0,297.85,105.0,297.84,,1774542.0
1753504971600,04:42:51.600,bitmart,AAVE/USDT:USDT,297.84,132.0,297.85,97.0,297.85,,1774554.0
1753504972599,04:42:52.599,bitmart,AAVE/USDT:USDT,297.84,132.0,297.87,131.0,297.84,,1774560.0
1753504973643,04:42:53.643,bitmart,AAVE/USDT:USDT,297.9,158.0,297.91,17.0,297.84,,1774574.0
1753504974644,04:42:54.644,bitmart,AAVE/USDT:USDT,297.9,158.0,297.91,23.0,297.9,,1774594.0
1753504975639,04:42:55.639,bitmart,AAVE/USDT:USDT,297.9,44.0,297.91,16.0,297.91,,1774598.0
1753504976541,04:42:56.541,bitmart,AAVE/USDT:USDT,297.9,44.0,297.91,16.0,297.91,,1774598.0
1753504977593,04:42:57.593,bitmart,AAVE/USDT:USDT,297.9,40.0,297.91,30.0,297.9,,1774604.0
1753504978600,04:42:58.600,bitmart,AAVE/USDT:USDT,297.9,54.0,297.91,32.0,297.9,,1774612.0
1753504979601,04:42:59.601,bitmart,AAVE/USDT:USDT,297.9,54.0,297.91,32.0,297.9,,1774620.0
1753504980609,04:43:00.609,bitmart,AAVE/USDT:USDT,297.9,34.0,297.91,50.0,297.9,,1772702.0
1753504981543,04:43:01.543,bitmart,AAVE/USDT:USDT,297.9,57.0,297.91,50.0,297.9,,1772706.0
1753504982649,04:43:02.649,bitmart,AAVE/USDT:USDT,297.9,56.0,297.91,46.0,297.9,,1772712.0
1753504983639,04:43:03.639,bitmart,AAVE/USDT:USDT,297.9,56.0,297.91,46.0,297.9,,1772712.0
1753504984644,04:43:04.644,bitmart,AAVE/USDT:USDT,297.88,1.0,297.91,56.0,297.91,,1772716.0
1753504985643,04:43:05.643,bitmart,AAVE/USDT:USDT,297.88,1.0,297.89,62.0,297.89,,1772728.0
1753504986591,04:43:06.591,bitmart,AAVE/USDT:USDT,297.88,39.0,297.89,21.0,297.88,,1772732.0
1753504987597,04:43:07.597,bitmart,AAVE/USDT:USDT,297.88,57.0,297.89,29.0,297.88,,1772732.0
1753504988598,04:43:08.598,bitmart,AAVE/USDT:USDT,297.88,3.0,297.89,50.0,297.88,,1772732.0
1753504989550,04:43:09.550,bitmart,AAVE/USDT:USDT,297.88,47.0,297.89,1.0,297.89,,1772736.0
1753504990587,04:43:10.587,bitmart,AAVE/USDT:USDT,297.88,47.0,297.89,30.0,297.89,,1772778.0
1753504991589,04:43:11.589,bitmart,AAVE/USDT:USDT,297.88,47.0,297.89,30.0,297.89,,1772782.0
1753504992600,04:43:12.600,bitmart,AAVE/USDT:USDT,297.88,4.0,297.89,33.0,297.88,,1772786.0
1753504993589,04:43:13.589,bitmart,AAVE/USDT:USDT,297.88,9.0,297.89,92.0,297.88,,1772790.0
1753504994587,04:43:14.587,bitmart,AAVE/USDT:USDT,297.88,5.0,297.89,59.0,297.88,,1772790.0
1753504995595,04:43:15.595,bitmart,AAVE/USDT:USDT,297.88,5.0,297.89,59.0,297.88,,1772790.0
1753504996597,04:43:16.597,bitmart,AAVE/USDT:USDT,297.88,11.0,297.89,134.0,297.89,,1772794.0
1753504997643,04:43:17.643,bitmart,AAVE/USDT:USDT,297.88,29.0,297.89,75.0,297.89,,1772798.0
1753504998638,04:43:18.638,bitmart,AAVE/USDT:USDT,297.88,40.0,297.89,50.0,297.89,,1772804.0
1753504999597,04:43:19.597,bitmart,AAVE/USDT:USDT,297.88,40.0,297.89,50.0,297.89,,1772808.0
1753505000597,04:43:20.597,bitmart,AAVE/USDT:USDT,297.88,39.0,297.89,68.0,297.88,,1772814.0
1753505001604,04:43:21.604,bitmart,AAVE/USDT:USDT,297.88,39.0,297.89,68.0,297.88,,1772814.0
1753505002587,04:43:22.587,bitmart,AAVE/USDT:USDT,297.88,60.0,297.89,48.0,297.89,,1772818.0
1753505003604,04:43:23.604,bitmart,AAVE/USDT:USDT,297.88,44.0,297.89,44.0,297.89,,1772818.0
1753505004601,04:43:24.601,bitmart,AAVE/USDT:USDT,297.88,46.0,297.89,48.0,297.89,,1772822.0
1753505005586,04:43:25.586,bitmart,AAVE/USDT:USDT,297.88,41.0,297.89,74.0,297.89,,1772826.0
1753505006587,04:43:26.587,bitmart,AAVE/USDT:USDT,297.88,41.0,297.89,74.0,297.88,,1772832.0
1753505007543,04:43:27.543,bitmart,AAVE/USDT:USDT,297.88,30.0,297.89,81.0,297.88,,1772832.0
1753505008586,04:43:28.586,bitmart,AAVE/USDT:USDT,297.88,47.0,297.89,81.0,297.89,,1772836.0
1753505009616,04:43:29.616,bitmart,AAVE/USDT:USDT,297.88,80.0,297.89,45.0,297.89,,1772840.0
1753505010545,04:43:30.545,bitmart,AAVE/USDT:USDT,297.9,211.0,297.91,7.0,297.89,,1772840.0
1753505011598,04:43:31.598,bitmart,AAVE/USDT:USDT,297.9,109.0,297.93,17.0,297.91,,1772848.0
1753505012640,04:43:32.640,bitmart,AAVE/USDT:USDT,297.92,57.0,297.93,24.0,297.93,,1772854.0
1753505013643,04:43:33.643,bitmart,AAVE/USDT:USDT,297.92,57.0,297.93,24.0,297.92,,1772858.0
1753505014544,04:43:34.544,bitmart,AAVE/USDT:USDT,297.92,72.0,297.93,19.0,297.93,,1772862.0
1753505015586,04:43:35.586,bitmart,AAVE/USDT:USDT,297.92,139.0,297.93,6.0,297.93,,1772866.0
1753505016640,04:43:36.640,bitmart,AAVE/USDT:USDT,297.92,67.0,297.93,19.0,297.92,,1772870.0
1753505018587,04:43:38.587,bitmart,AAVE/USDT:USDT,297.92,66.0,297.93,15.0,297.93,,1772874.0
1753505019597,04:43:39.597,bitmart,AAVE/USDT:USDT,297.92,66.0,297.93,39.0,297.93,,1772874.0
1753505020543,04:43:40.543,bitmart,AAVE/USDT:USDT,297.92,53.0,297.93,54.0,297.93,,1772880.0
1753505022588,04:43:42.588,bitmart,AAVE/USDT:USDT,297.92,131.0,297.93,48.0,297.93,,1772888.0
1753505023586,04:43:43.586,bitmart,AAVE/USDT:USDT,297.92,78.0,297.93,41.0,297.92,,1772892.0
1753505024598,04:43:44.598,bitmart,AAVE/USDT:USDT,297.92,78.0,297.93,41.0,297.92,,1772898.0
1753505025587,04:43:45.587,bitmart,AAVE/USDT:USDT,297.92,67.0,297.93,48.0,297.92,,1772902.0
1753505026642,04:43:46.642,bitmart,AAVE/USDT:USDT,297.92,83.0,297.93,53.0,297.93,,1772906.0
1753505027644,04:43:47.644,bitmart,AAVE/USDT:USDT,297.92,59.0,297.93,23.0,297.93,,1772910.0
1753505028594,04:43:48.594,bitmart,AAVE/USDT:USDT,297.92,59.0,297.93,23.0,297.92,,1772914.0
1753505029587,04:43:49.587,bitmart,AAVE/USDT:USDT,297.92,61.0,297.93,32.0,297.92,,1772914.0
1753505030641,04:43:50.641,bitmart,AAVE/USDT:USDT,297.92,71.0,297.93,36.0,297.92,,1772918.0
1753505031645,04:43:51.645,bitmart,AAVE/USDT:USDT,297.92,71.0,297.93,36.0,297.93,,1772924.0
1753505032641,04:43:52.641,bitmart,AAVE/USDT:USDT,297.91,206.0,297.93,38.0,297.92,,1772928.0
1753505033543,04:43:53.543,bitmart,AAVE/USDT:USDT,297.9,1.0,297.91,145.0,297.92,,1772928.0
1753505034640,04:43:54.640,bitmart,AAVE/USDT:USDT,297.9,34.0,297.91,145.0,297.9,,1772934.0
1753505035644,04:43:55.644,bitmart,AAVE/USDT:USDT,297.9,34.0,297.91,85.0,297.9,,1772938.0
1753505036642,04:43:56.642,bitmart,AAVE/USDT:USDT,297.9,70.0,297.91,76.0,297.9,,1772942.0
1753505037644,04:43:57.644,bitmart,AAVE/USDT:USDT,297.9,54.0,297.91,76.0,297.9,,1772954.0
1753505038646,04:43:58.646,bitmart,AAVE/USDT:USDT,297.9,33.0,297.91,95.0,297.91,,1772960.0
1753505039645,04:43:59.645,bitmart,AAVE/USDT:USDT,297.9,5.0,297.91,95.0,297.91,,1772970.0
1753505040655,04:44:00.655,bitmart,AAVE/USDT:USDT,297.9,25.0,297.91,95.0,297.91,,1770886.0
1753505041600,04:44:01.600,bitmart,AAVE/USDT:USDT,297.9,79.0,297.91,95.0,297.9,,1770900.0
1753505042598,04:44:02.598,bitmart,AAVE/USDT:USDT,297.92,173.0,297.93,7.0,297.9,,1770906.0
1753505043587,04:44:03.587,bitmart,AAVE/USDT:USDT,297.92,28.0,297.93,63.0,297.92,,1770912.0
1753505044587,04:44:04.587,bitmart,AAVE/USDT:USDT,297.92,76.0,297.93,34.0,297.93,,1770926.0
1753505045587,04:44:05.587,bitmart,AAVE/USDT:USDT,297.92,78.0,297.93,7.0,297.93,,1770930.0
1753505046587,04:44:06.587,bitmart,AAVE/USDT:USDT,297.92,51.0,297.93,65.0,297.93,,1770930.0
1753505047603,04:44:07.603,bitmart,AAVE/USDT:USDT,297.92,24.0,297.93,65.0,297.93,,1770930.0
1753505048588,04:44:08.588,bitmart,AAVE/USDT:USDT,297.9,5.0,297.91,99.0,297.93,,1770930.0
1753505049598,04:44:09.598,bitmart,AAVE/USDT:USDT,297.9,5.0,297.91,99.0,297.93,,1770930.0
1753505050640,04:44:10.640,bitmart,AAVE/USDT:USDT,297.9,5.0,297.91,116.0,297.91,,1770934.0
1753505051597,04:44:11.597,bitmart,AAVE/USDT:USDT,297.9,23.0,297.91,116.0,297.91,,1770934.0
1753505052611,04:44:12.611,bitmart,AAVE/USDT:USDT,297.9,5.0,297.91,116.0,297.91,,1770938.0
1753505053587,04:44:13.587,bitmart,AAVE/USDT:USDT,297.9,30.0,297.91,116.0,297.91,,1770938.0
1753505054588,04:44:14.588,bitmart,AAVE/USDT:USDT,297.9,72.0,297.91,116.0,297.91,,1770938.0
1753505055607,04:44:15.607,bitmart,AAVE/USDT:USDT,297.9,182.0,297.91,70.0,297.91,,1770938.0
1753505056606,04:44:16.606,bitmart,AAVE/USDT:USDT,297.9,110.0,297.91,70.0,297.9,,1770942.0
1753505057601,04:44:17.601,bitmart,AAVE/USDT:USDT,297.9,48.0,297.91,70.0,297.9,,1770942.0
1753505058596,04:44:18.596,bitmart,AAVE/USDT:USDT,297.9,37.0,297.91,99.0,297.91,,1770948.0
1753505059633,04:44:19.633,bitmart,AAVE/USDT:USDT,297.9,60.0,297.91,99.0,297.91,,1770948.0
1753505060630,04:44:20.630,bitmart,AAVE/USDT:USDT,297.9,55.0,297.91,117.0,297.91,,1770948.0
1753505061643,04:44:21.643,bitmart,AAVE/USDT:USDT,297.9,32.0,297.91,117.0,297.9,,1770952.0
1753505062541,04:44:22.541,bitmart,AAVE/USDT:USDT,297.9,54.0,297.91,117.0,297.9,,1770952.0
1753505063586,04:44:23.586,bitmart,AAVE/USDT:USDT,297.9,61.0,297.91,135.0,297.9,,1770956.0
1753505064600,04:44:24.600,bitmart,AAVE/USDT:USDT,297.9,61.0,297.91,135.0,297.9,,1770956.0
1753505065645,04:44:25.645,bitmart,AAVE/USDT:USDT,297.9,55.0,297.91,128.0,297.9,,1770962.0
1753505066644,04:44:26.644,bitmart,AAVE/USDT:USDT,297.9,104.0,297.91,233.0,297.9,,1770968.0
1753505067650,04:44:27.650,bitmart,AAVE/USDT:USDT,297.9,49.0,297.91,105.0,297.9,,1770974.0
1753505068641,04:44:28.641,bitmart,AAVE/USDT:USDT,297.9,49.0,297.91,105.0,297.91,,1770978.0
1753505069643,04:44:29.643,bitmart,AAVE/USDT:USDT,297.9,49.0,297.91,105.0,297.9,,1770982.0
1753505070587,04:44:30.587,bitmart,AAVE/USDT:USDT,297.9,48.0,297.91,136.0,297.9,,1770982.0
1753505071588,04:44:31.588,bitmart,AAVE/USDT:USDT,297.9,75.0,297.91,148.0,297.9,,1770982.0
1753505072588,04:44:32.588,bitmart,AAVE/USDT:USDT,297.9,75.0,297.91,148.0,297.9,,1770986.0
1753505073586,04:44:33.586,bitmart,AAVE/USDT:USDT,297.9,64.0,297.91,134.0,297.9,,1770990.0
1753505074588,04:44:34.588,bitmart,AAVE/USDT:USDT,297.9,64.0,297.91,129.0,297.9,,1770990.0
1753505075587,04:44:35.587,bitmart,AAVE/USDT:USDT,297.9,64.0,297.91,129.0,297.9,,1770994.0
1753505076586,04:44:36.586,bitmart,AAVE/USDT:USDT,297.9,62.0,297.91,154.0,297.9,,1770994.0
1753505077587,04:44:37.587,bitmart,AAVE/USDT:USDT,297.9,50.0,297.91,103.0,297.9,,1771000.0
1753505078585,04:44:38.585,bitmart,AAVE/USDT:USDT,297.9,92.0,297.91,116.0,297.9,,1771000.0
1753505079598,04:44:39.598,bitmart,AAVE/USDT:USDT,297.9,100.0,297.91,89.0,297.9,,1771000.0
1753505080601,04:44:40.601,bitmart,AAVE/USDT:USDT,297.9,67.0,297.91,89.0,297.9,,1771004.0
1753505081586,04:44:41.586,bitmart,AAVE/USDT:USDT,297.9,83.0,297.91,134.0,297.9,,1771008.0
1753505082621,04:44:42.621,bitmart,AAVE/USDT:USDT,297.9,83.0,297.91,131.0,297.91,,1771012.0
1753505083598,04:44:43.598,bitmart,AAVE/USDT:USDT,297.9,104.0,297.91,174.0,297.9,,1771016.0
1753505084599,04:44:44.599,bitmart,AAVE/USDT:USDT,297.9,104.0,297.91,174.0,297.9,,1771020.0
1753505085587,04:44:45.587,bitmart,AAVE/USDT:USDT,297.9,104.0,297.91,74.0,297.9,,1771024.0
1753505086585,04:44:46.585,bitmart,AAVE/USDT:USDT,297.9,56.0,297.91,131.0,297.9,,1771030.0
1753505087587,04:44:47.587,bitmart,AAVE/USDT:USDT,297.9,68.0,297.91,184.0,297.91,,1771034.0
1753505088531,04:44:48.531,bitmart,AAVE/USDT:USDT,297.9,68.0,297.91,184.0,297.91,,1771034.0
1753505089586,04:44:49.586,bitmart,AAVE/USDT:USDT,297.9,58.0,297.91,180.0,297.91,,1771034.0
1753505090584,04:44:50.584,bitmart,AAVE/USDT:USDT,297.9,52.0,297.91,147.0,297.91,,1771034.0
1753505091599,04:44:51.599,bitmart,AAVE/USDT:USDT,297.9,48.0,297.91,119.0,297.91,,1771034.0
1753505092597,04:44:52.597,bitmart,AAVE/USDT:USDT,297.94,36.0,297.95,31.0,297.91,,1771034.0
1753505093542,04:44:53.542,bitmart,AAVE/USDT:USDT,297.94,54.0,297.95,3.0,297.95,,1771040.0
1753505094586,04:44:54.586,bitmart,AAVE/USDT:USDT,297.94,109.0,297.95,3.0,297.95,,1771046.0
1753505095598,04:44:55.598,bitmart,AAVE/USDT:USDT,297.94,109.0,297.95,3.0,297.94,,1771052.0
1753505096587,04:44:56.587,bitmart,AAVE/USDT:USDT,297.94,117.0,297.95,4.0,297.95,,1771056.0
1753505097599,04:44:57.599,bitmart,AAVE/USDT:USDT,297.94,117.0,297.95,4.0,297.94,,1771060.0
1753505098646,04:44:58.646,bitmart,AAVE/USDT:USDT,297.97,32.0,297.98,12.0,297.97,,1771096.0
1753505099601,04:44:59.601,bitmart,AAVE/USDT:USDT,297.97,71.0,297.98,12.0,297.98,,1771108.0
1753505100603,04:45:00.603,bitmart,AAVE/USDT:USDT,297.95,21.0,297.96,30.0,297.95,,1770394.0
1753505101555,04:45:01.555,bitmart,AAVE/USDT:USDT,297.94,22.0,297.95,83.0,297.95,,1770400.0
1753505102615,04:45:02.615,bitmart,AAVE/USDT:USDT,297.94,10.0,297.95,83.0,297.94,,1770408.0
1753505103642,04:45:03.642,bitmart,AAVE/USDT:USDT,297.92,3.0,297.93,158.0,297.93,,1770412.0
1753505105594,04:45:05.594,bitmart,AAVE/USDT:USDT,297.92,2.0,297.93,158.0,297.92,,1770416.0
1753505106586,04:45:06.586,bitmart,AAVE/USDT:USDT,297.9,11.0,297.92,81.0,297.93,,1770420.0
1753505107585,04:45:07.585,bitmart,AAVE/USDT:USDT,297.9,28.0,297.91,155.0,297.91,,1770424.0
1753505108586,04:45:08.586,bitmart,AAVE/USDT:USDT,297.9,58.0,297.91,175.0,297.91,,1770424.0
1753505109598,04:45:09.598,bitmart,AAVE/USDT:USDT,297.9,58.0,297.91,73.0,297.9,,1770432.0
1753505110586,04:45:10.586,bitmart,AAVE/USDT:USDT,297.9,5.0,297.91,73.0,297.9,,1770436.0
1753505111589,04:45:11.589,bitmart,AAVE/USDT:USDT,297.9,28.0,297.91,73.0,297.9,,1770440.0
1753505112587,04:45:12.587,bitmart,AAVE/USDT:USDT,297.9,35.0,297.91,73.0,297.9,,1770444.0
1753505113543,04:45:13.543,bitmart,AAVE/USDT:USDT,297.9,35.0,297.91,73.0,297.9,,1770444.0
1753505114585,04:45:14.585,bitmart,AAVE/USDT:USDT,297.9,54.0,297.91,72.0,297.9,,1770448.0
1753505115599,04:45:15.599,bitmart,AAVE/USDT:USDT,297.9,75.0,297.91,26.0,297.91,,1770452.0
1753505116590,04:45:16.590,bitmart,AAVE/USDT:USDT,297.9,46.0,297.91,63.0,297.91,,1770452.0
1753505117612,04:45:17.612,bitmart,AAVE/USDT:USDT,297.9,78.0,297.91,80.0,297.9,,1770456.0
1753505118640,04:45:18.640,bitmart,AAVE/USDT:USDT,297.9,62.0,297.91,81.0,297.9,,1770460.0
1753505119531,04:45:19.531,bitmart,AAVE/USDT:USDT,297.9,62.0,297.91,81.0,297.9,,1770460.0
1753505120532,04:45:20.532,bitmart,AAVE/USDT:USDT,297.9,60.0,297.91,68.0,297.9,,1770460.0
1753505121597,04:45:21.597,bitmart,AAVE/USDT:USDT,297.9,109.0,297.91,123.0,297.91,,1770464.0
1753505122586,04:45:22.586,bitmart,AAVE/USDT:USDT,297.9,129.0,297.91,55.0,297.91,,1770464.0
1753505123597,04:45:23.597,bitmart,AAVE/USDT:USDT,297.9,129.0,297.91,55.0,297.9,,1770468.0
1753505124585,04:45:24.585,bitmart,AAVE/USDT:USDT,297.9,127.0,297.91,67.0,297.9,,1770468.0
1753505125589,04:45:25.589,bitmart,AAVE/USDT:USDT,297.9,92.0,297.91,97.0,297.9,,1770474.0
1753505126548,04:45:26.548,bitmart,AAVE/USDT:USDT,297.9,92.0,297.91,97.0,297.9,,1770478.0
1753505127535,04:45:27.535,bitmart,AAVE/USDT:USDT,297.9,93.0,297.91,96.0,297.9,,1770478.0
1753505128643,04:45:28.643,bitmart,AAVE/USDT:USDT,297.9,93.0,297.91,96.0,297.9,,1770482.0
1753505129641,04:45:29.641,bitmart,AAVE/USDT:USDT,297.9,130.0,297.91,90.0,297.9,,1770488.0
1753505130586,04:45:30.586,bitmart,AAVE/USDT:USDT,297.9,130.0,297.91,90.0,297.91,,1770492.0
1753505131603,04:45:31.603,bitmart,AAVE/USDT:USDT,297.9,130.0,297.91,94.0,297.91,,1770496.0
1753505132586,04:45:32.586,bitmart,AAVE/USDT:USDT,297.9,83.0,297.91,80.0,297.91,,1770500.0
1753505133601,04:45:33.601,bitmart,AAVE/USDT:USDT,297.9,83.0,297.91,80.0,297.9,,1770504.0
1753505134587,04:45:34.587,bitmart,AAVE/USDT:USDT,297.9,148.0,297.91,97.0,297.9,,1770508.0
1753505135630,04:45:35.630,bitmart,AAVE/USDT:USDT,297.9,128.0,297.91,81.0,297.91,,1770512.0
1753505136635,04:45:36.635,bitmart,AAVE/USDT:USDT,297.9,44.0,297.91,81.0,297.91,,1770512.0
1753505138553,04:45:38.553,bitmart,AAVE/USDT:USDT,297.89,59.0,297.9,118.0,297.89,,1770522.0
1753505139530,04:45:39.530,bitmart,AAVE/USDT:USDT,297.89,136.0,297.9,282.0,297.89,,1770522.0
1753505140641,04:45:40.641,bitmart,AAVE/USDT:USDT,297.89,77.0,297.9,164.0,297.89,,1770528.0
1753505141639,04:45:41.639,bitmart,AAVE/USDT:USDT,297.89,57.0,297.9,144.0,297.9,,1770536.0
1753505142588,04:45:42.588,bitmart,AAVE/USDT:USDT,297.89,75.0,297.9,174.0,297.9,,1770540.0
1753505143596,04:45:43.596,bitmart,AAVE/USDT:USDT,297.89,75.0,297.9,174.0,297.9,,1770544.0
1753505144591,04:45:44.591,bitmart,AAVE/USDT:USDT,297.89,81.0,297.9,142.0,297.9,,1770544.0
1753505145597,04:45:45.597,bitmart,AAVE/USDT:USDT,297.89,149.0,297.9,98.0,297.89,,1770548.0
1753505146586,04:45:46.586,bitmart,AAVE/USDT:USDT,297.89,69.0,297.9,98.0,297.89,,1770548.0
1753505147588,04:45:47.588,bitmart,AAVE/USDT:USDT,297.89,162.0,297.9,209.0,297.89,,1770556.0
1753505148587,04:45:48.587,bitmart,AAVE/USDT:USDT,297.89,59.0,297.9,111.0,297.89,,1770560.0
1753505149603,04:45:49.603,bitmart,AAVE/USDT:USDT,297.86,26.0,297.87,56.0,297.89,,1770566.0
1753505150587,04:45:50.587,bitmart,AAVE/USDT:USDT,297.86,26.0,297.87,56.0,297.87,,1770570.0
1753505151598,04:45:51.598,bitmart,AAVE/USDT:USDT,297.86,18.0,297.87,61.0,297.86,,1770588.0
1753505152630,04:45:52.630,bitmart,AAVE/USDT:USDT,297.86,55.0,297.87,48.0,297.86,,1770588.0
1753505153597,04:45:53.597,bitmart,AAVE/USDT:USDT,297.86,55.0,297.87,48.0,297.86,,1770588.0
1753505154542,04:45:54.542,bitmart,AAVE/USDT:USDT,297.86,52.0,297.87,46.0,297.86,,1770588.0
1753505155642,04:45:55.642,bitmart,AAVE/USDT:USDT,297.86,87.0,297.87,62.0,297.87,,1770592.0
1753505156640,04:45:56.640,bitmart,AAVE/USDT:USDT,297.86,65.0,297.87,76.0,297.86,,1770596.0
1753505157642,04:45:57.642,bitmart,AAVE/USDT:USDT,297.86,57.0,297.87,55.0,297.86,,1770600.0
1753505158587,04:45:58.587,bitmart,AAVE/USDT:USDT,297.86,57.0,297.87,55.0,297.87,,1770610.0
1753505159601,04:45:59.601,bitmart,AAVE/USDT:USDT,297.86,89.0,297.87,58.0,297.86,,1770618.0
1753505160598,04:46:00.598,bitmart,AAVE/USDT:USDT,297.86,77.0,297.87,44.0,297.87,,1769880.0
1753505161599,04:46:01.599,bitmart,AAVE/USDT:USDT,297.86,199.0,297.88,3.0,297.86,,1769892.0
1753505162599,04:46:02.599,bitmart,AAVE/USDT:USDT,297.87,204.0,297.88,21.0,297.87,,1769900.0
1753505163598,04:46:03.598,bitmart,AAVE/USDT:USDT,297.87,204.0,297.88,7.0,297.87,,1769900.0
1753505164585,04:46:04.585,bitmart,AAVE/USDT:USDT,297.87,204.0,297.88,7.0,297.88,,1769904.0
1753505165630,04:46:05.630,bitmart,AAVE/USDT:USDT,297.87,93.0,297.88,27.0,297.88,,1769904.0
1753505166585,04:46:06.585,bitmart,AAVE/USDT:USDT,297.87,93.0,297.88,34.0,297.88,,1769904.0
1753505167639,04:46:07.639,bitmart,AAVE/USDT:USDT,297.87,55.0,297.88,87.0,297.87,,1769908.0
1753505168532,04:46:08.532,bitmart,AAVE/USDT:USDT,297.86,28.0,297.88,84.0,297.87,,1769908.0
1753505169597,04:46:09.597,bitmart,AAVE/USDT:USDT,297.88,186.0,297.89,1.0,297.87,,1769928.0
1753505170586,04:46:10.586,bitmart,AAVE/USDT:USDT,297.91,179.0,297.92,31.0,297.88,,1769932.0
1753505171596,04:46:11.596,bitmart,AAVE/USDT:USDT,297.91,179.0,297.92,31.0,297.92,,1769942.0
1753505172584,04:46:12.584,bitmart,AAVE/USDT:USDT,297.91,161.0,297.92,25.0,297.92,,1769942.0
1753505173645,04:46:13.645,bitmart,AAVE/USDT:USDT,297.91,61.0,297.92,25.0,297.91,,1769946.0
1753505174645,04:46:14.645,bitmart,AAVE/USDT:USDT,297.91,48.0,297.92,38.0,297.92,,1769952.0
1753505175639,04:46:15.639,bitmart,AAVE/USDT:USDT,297.91,98.0,297.92,99.0,297.91,,1769956.0
1753505176611,04:46:16.611,bitmart,AAVE/USDT:USDT,297.9,36.0,297.91,121.0,297.9,,1769960.0
1753505177604,04:46:17.604,bitmart,AAVE/USDT:USDT,297.9,13.0,297.91,121.0,297.91,,1769966.0
1753505178575,04:46:18.575,bitmart,AAVE/USDT:USDT,297.9,10.0,297.91,128.0,297.91,,1769966.0
1753505179606,04:46:19.606,bitmart,AAVE/USDT:USDT,297.9,104.0,297.91,45.0,297.9,,1769970.0
1753505180614,04:46:20.614,bitmart,AAVE/USDT:USDT,297.9,46.0,297.91,45.0,297.9,,1769974.0
1753505181598,04:46:21.598,bitmart,AAVE/USDT:USDT,297.9,120.0,297.91,24.0,297.9,,1769978.0
1753505182532,04:46:22.532,bitmart,AAVE/USDT:USDT,297.9,85.0,297.91,24.0,297.9,,1769978.0
1753505183628,04:46:23.628,bitmart,AAVE/USDT:USDT,297.88,191.0,297.89,40.0,297.9,,1769978.0
1753505184663,04:46:24.663,bitmart,AAVE/USDT:USDT,297.88,191.0,297.89,40.0,297.88,,1769982.0
1753505185604,04:46:25.604,bitmart,AAVE/USDT:USDT,297.88,74.0,297.91,26.0,297.88,,1770026.0
1753505186587,04:46:26.587,bitmart,AAVE/USDT:USDT,297.9,86.0,297.91,1.0,297.88,,1770026.0
1753505187586,04:46:27.586,bitmart,AAVE/USDT:USDT,297.9,86.0,297.91,1.0,297.9,,1770030.0
1753505188586,04:46:28.586,bitmart,AAVE/USDT:USDT,297.9,77.0,297.91,1.0,297.9,,1770036.0
1753505189598,04:46:29.598,bitmart,AAVE/USDT:USDT,297.91,181.0,297.92,61.0,297.9,,1770036.0
1753505190586,04:46:30.586,bitmart,AAVE/USDT:USDT,297.91,321.0,297.92,145.0,297.92,,1770050.0
1753505191587,04:46:31.587,bitmart,AAVE/USDT:USDT,297.91,92.0,297.92,84.0,297.92,,1770054.0
1753505192549,04:46:32.549,bitmart,AAVE/USDT:USDT,297.91,55.0,297.92,6.0,297.92,,1770054.0
1753505193597,04:46:33.597,bitmart,AAVE/USDT:USDT,297.91,55.0,297.92,6.0,297.91,,1770058.0
1753505194644,04:46:34.644,bitmart,AAVE/USDT:USDT,297.91,79.0,297.92,9.0,297.92,,1770068.0
1753505195600,04:46:35.600,bitmart,AAVE/USDT:USDT,297.89,21.0,297.92,55.0,297.91,,1770074.0
1753505196584,04:46:36.584,bitmart,AAVE/USDT:USDT,297.88,220.0,297.9,51.0,297.89,,1770084.0
1753505197596,04:46:37.596,bitmart,AAVE/USDT:USDT,297.88,220.0,297.89,73.0,297.89,,1770084.0
1753505198615,04:46:38.615,bitmart,AAVE/USDT:USDT,297.87,14.0,297.88,118.0,297.89,,1770092.0
1753505199597,04:46:39.597,bitmart,AAVE/USDT:USDT,297.87,24.0,297.88,118.0,297.88,,1770096.0
1753505200601,04:46:40.601,bitmart,AAVE/USDT:USDT,297.87,24.0,297.88,118.0,297.88,,1770100.0
1753505201600,04:46:41.600,bitmart,AAVE/USDT:USDT,297.86,36.0,297.87,1.0,297.87,,1770126.0
1753505202585,04:46:42.585,bitmart,AAVE/USDT:USDT,297.86,73.0,297.87,2.0,297.87,,1770130.0
1753505203591,04:46:43.591,bitmart,AAVE/USDT:USDT,297.88,12.0,297.89,116.0,297.87,,1770130.0
1753505204587,04:46:44.587,bitmart,AAVE/USDT:USDT,297.87,25.0,297.88,27.0,297.88,,1770158.0
1753505205600,04:46:45.600,bitmart,AAVE/USDT:USDT,297.87,1.0,297.88,64.0,297.87,,1770164.0
1753505206645,04:46:46.645,bitmart,AAVE/USDT:USDT,297.86,14.0,297.87,87.0,297.87,,1770174.0
1753505207539,04:46:47.539,bitmart,AAVE/USDT:USDT,297.86,14.0,297.87,87.0,297.87,,1770174.0
1753505208616,04:46:48.616,bitmart,AAVE/USDT:USDT,297.86,27.0,297.87,179.0,297.87,,1770174.0
1753505209548,04:46:49.548,bitmart,AAVE/USDT:USDT,297.84,80.0,297.85,98.0,297.86,,1770178.0
1753505210586,04:46:50.586,bitmart,AAVE/USDT:USDT,297.84,80.0,297.85,98.0,297.86,,1770178.0
1753505211652,04:46:51.652,bitmart,AAVE/USDT:USDT,297.84,69.0,297.85,112.0,297.85,,1770186.0
1753505212542,04:46:52.542,bitmart,AAVE/USDT:USDT,297.84,69.0,297.85,112.0,297.84,,1770190.0
1753505213615,04:46:53.615,bitmart,AAVE/USDT:USDT,297.84,69.0,297.85,112.0,297.84,,1770190.0
1753505214546,04:46:54.546,bitmart,AAVE/USDT:USDT,297.8,23.0,297.81,83.0,297.84,,1770194.0
1753505215597,04:46:55.597,bitmart,AAVE/USDT:USDT,297.77,1.0,297.78,89.0,297.8,,1770214.0
1753505216586,04:46:56.586,bitmart,AAVE/USDT:USDT,297.71,12.0,297.78,89.0,297.77,,1770232.0
1753505217597,04:46:57.597,bitmart,AAVE/USDT:USDT,297.71,35.0,297.72,124.0,297.71,,1770236.0
1753505218589,04:46:58.589,bitmart,AAVE/USDT:USDT,297.71,80.0,297.72,330.0,297.71,,1770250.0
1753505219616,04:46:59.616,bitmart,AAVE/USDT:USDT,297.71,1.0,297.72,153.0,297.71,,1770254.0
1753505220553,04:47:00.553,bitmart,AAVE/USDT:USDT,297.71,13.0,297.72,153.0,297.72,,1770264.0
1753505221648,04:47:01.648,bitmart,AAVE/USDT:USDT,297.71,13.0,297.72,153.0,297.72,,1768944.0
1753505222542,04:47:02.542,bitmart,AAVE/USDT:USDT,297.69,1.0,297.7,54.0,297.7,,1768952.0
1753505223641,04:47:03.641,bitmart,AAVE/USDT:USDT,297.69,13.0,297.7,145.0,297.7,,1768966.0
1753505224530,04:47:04.530,bitmart,AAVE/USDT:USDT,297.69,13.0,297.7,145.0,297.7,,1768966.0
1753505225534,04:47:05.534,bitmart,AAVE/USDT:USDT,297.69,8.0,297.7,119.0,297.7,,1768966.0
1753505226643,04:47:06.643,bitmart,AAVE/USDT:USDT,297.69,30.0,297.7,119.0,297.7,,1768970.0
1753505227642,04:47:07.642,bitmart,AAVE/USDT:USDT,297.69,23.0,297.7,119.0,297.69,,1768974.0
1753505228602,04:47:08.602,bitmart,AAVE/USDT:USDT,297.69,37.0,297.7,85.0,297.69,,1768974.0
1753505229639,04:47:09.639,bitmart,AAVE/USDT:USDT,297.69,37.0,297.7,85.0,297.69,,1768974.0
1753505230596,04:47:10.596,bitmart,AAVE/USDT:USDT,297.68,13.0,297.69,70.0,297.69,,1768974.0
1753505231540,04:47:11.540,bitmart,AAVE/USDT:USDT,297.68,13.0,297.69,70.0,297.69,,1768974.0
1753505232586,04:47:12.586,bitmart,AAVE/USDT:USDT,297.64,12.0,297.65,126.0,297.69,,1768974.0
1753505233599,04:47:13.599,bitmart,AAVE/USDT:USDT,297.62,41.0,297.63,111.0,297.62,,1769014.0
1753505234529,04:47:14.529,bitmart,AAVE/USDT:USDT,297.62,41.0,297.63,111.0,297.62,,1769014.0
1753505235640,04:47:15.640,bitmart,AAVE/USDT:USDT,297.61,25.0,297.62,154.0,297.63,,1769020.0
1753505236641,04:47:16.641,bitmart,AAVE/USDT:USDT,297.61,25.0,297.62,154.0,297.62,,1769026.0
1753505237550,04:47:17.550,bitmart,AAVE/USDT:USDT,297.6,17.0,297.61,154.0,297.62,,1769030.0
1753505238616,04:47:18.616,bitmart,AAVE/USDT:USDT,297.6,17.0,297.61,154.0,297.61,,1769040.0
1753505239585,04:47:19.585,bitmart,AAVE/USDT:USDT,297.6,14.0,297.61,157.0,297.61,,1769040.0
1753505240603,04:47:20.603,bitmart,AAVE/USDT:USDT,297.6,16.0,297.61,157.0,297.6,,1769044.0
1753505241586,04:47:21.586,bitmart,AAVE/USDT:USDT,297.6,16.0,297.61,157.0,297.6,,1769044.0
1753505242590,04:47:22.590,bitmart,AAVE/USDT:USDT,297.57,121.0,297.58,86.0,297.57,,1769050.0
1753505243584,04:47:23.584,bitmart,AAVE/USDT:USDT,297.57,94.0,297.58,115.0,297.58,,1769056.0
1753505244594,04:47:24.594,bitmart,AAVE/USDT:USDT,297.57,180.0,297.58,237.0,297.58,,1769060.0
1753505245604,04:47:25.604,bitmart,AAVE/USDT:USDT,297.57,86.0,297.58,122.0,297.58,,1769060.0
1753505246605,04:47:26.605,bitmart,AAVE/USDT:USDT,297.57,144.0,297.58,156.0,297.58,,1769060.0
1753505247542,04:47:27.542,bitmart,AAVE/USDT:USDT,297.57,144.0,297.58,156.0,297.57,,1769064.0
1753505248642,04:47:28.642,bitmart,AAVE/USDT:USDT,297.57,132.0,297.6,1.0,297.58,,1769068.0
1753505249533,04:47:29.533,bitmart,AAVE/USDT:USDT,297.6,89.0,297.61,77.0,297.58,,1769068.0
1753505250642,04:47:30.642,bitmart,AAVE/USDT:USDT,297.58,137.0,297.61,77.0,297.61,,1769126.0
1753505251641,04:47:31.641,bitmart,AAVE/USDT:USDT,297.62,122.0,297.66,5.0,297.59,,1769132.0
1753505252641,04:47:32.641,bitmart,AAVE/USDT:USDT,297.65,133.0,297.66,5.0,297.65,,1769188.0
1753505253640,04:47:33.640,bitmart,AAVE/USDT:USDT,297.65,133.0,297.66,5.0,297.65,,1769192.0
1753505254591,04:47:34.591,bitmart,AAVE/USDT:USDT,297.69,85.0,297.7,36.0,297.65,,1769192.0
1753505255585,04:47:35.585,bitmart,AAVE/USDT:USDT,297.69,58.0,297.7,36.0,297.69,,1769202.0
1753505256588,04:47:36.588,bitmart,AAVE/USDT:USDT,297.69,68.0,297.7,14.0,297.69,,1769202.0
1753505257586,04:47:37.586,bitmart,AAVE/USDT:USDT,297.69,68.0,297.7,14.0,297.69,,1769202.0
1753505258600,04:47:38.600,bitmart,AAVE/USDT:USDT,297.71,130.0,297.78,1.0,297.71,,1769206.0
1753505259640,04:47:39.640,bitmart,AAVE/USDT:USDT,297.77,179.0,297.79,121.0,297.78,,1769210.0
1753505260601,04:47:40.601,bitmart,AAVE/USDT:USDT,297.78,102.0,297.79,8.0,297.78,,1769210.0
1753505261598,04:47:41.598,bitmart,AAVE/USDT:USDT,297.8,142.0,297.81,23.0,297.78,,1769214.0
1753505262591,04:47:42.591,bitmart,AAVE/USDT:USDT,297.8,21.0,297.81,75.0,297.78,,1769214.0
1753505263541,04:47:43.541,bitmart,AAVE/USDT:USDT,297.8,47.0,297.81,32.0,297.8,,1769222.0
1753505264589,04:47:44.589,bitmart,AAVE/USDT:USDT,297.79,42.0,297.8,84.0,297.79,,1769228.0
1753505265598,04:47:45.598,bitmart,AAVE/USDT:USDT,297.79,42.0,297.8,84.0,297.79,,1769232.0
1753505266643,04:47:46.643,bitmart,AAVE/USDT:USDT,297.79,36.0,297.8,59.0,297.79,,1769238.0
1753505267640,04:47:47.640,bitmart,AAVE/USDT:USDT,297.79,36.0,297.8,59.0,297.79,,1769242.0
1753505268531,04:47:48.531,bitmart,AAVE/USDT:USDT,297.79,62.0,297.8,61.0,297.79,,1769242.0
1753505269628,04:47:49.628,bitmart,AAVE/USDT:USDT,297.79,61.0,297.8,59.0,297.79,,1769242.0
1753505270619,04:47:50.619,bitmart,AAVE/USDT:USDT,297.79,25.0,297.8,59.0,297.8,,1769246.0
1753505271641,04:47:51.641,bitmart,AAVE/USDT:USDT,297.79,28.0,297.8,56.0,297.79,,1769250.0
1753505272607,04:47:52.607,bitmart,AAVE/USDT:USDT,297.71,31.0,297.72,59.0,297.79,,1769250.0
1753505273602,04:47:53.602,bitmart,AAVE/USDT:USDT,297.71,2.0,297.72,59.0,297.72,,1769276.0
1753505274600,04:47:54.600,bitmart,AAVE/USDT:USDT,297.67,13.0,297.68,74.0,297.72,,1769276.0
1753505275576,04:47:55.576,bitmart,AAVE/USDT:USDT,297.67,13.0,297.68,74.0,297.68,,1769280.0
1753505276600,04:47:56.600,bitmart,AAVE/USDT:USDT,297.67,13.0,297.68,111.0,297.68,,1769280.0
1753505277599,04:47:57.599,bitmart,AAVE/USDT:USDT,297.67,13.0,297.68,111.0,297.68,,1769286.0
1753505278651,04:47:58.651,bitmart,AAVE/USDT:USDT,297.67,13.0,297.68,111.0,297.68,,1769294.0
1753505279601,04:47:59.601,bitmart,AAVE/USDT:USDT,297.67,13.0,297.68,111.0,297.67,,1769322.0
1753505280554,04:48:00.554,bitmart,AAVE/USDT:USDT,297.67,13.0,297.68,111.0,297.68,,1767882.0
1753505281597,04:48:01.597,bitmart,AAVE/USDT:USDT,297.67,33.0,297.68,138.0,297.67,,1767894.0
1753505282597,04:48:02.597,bitmart,AAVE/USDT:USDT,297.67,33.0,297.68,138.0,297.67,,1767898.0
1753505283587,04:48:03.587,bitmart,AAVE/USDT:USDT,297.67,38.0,297.68,141.0,297.68,,1767902.0
1753505284586,04:48:04.586,bitmart,AAVE/USDT:USDT,297.67,64.0,297.68,390.0,297.67,,1767908.0
1753505285601,04:48:05.601,bitmart,AAVE/USDT:USDT,297.66,1.0,297.67,116.0,297.67,,1767908.0
1753505286648,04:48:06.648,bitmart,AAVE/USDT:USDT,297.66,1.0,297.67,116.0,297.67,,1767912.0
1753505287544,04:48:07.544,bitmart,AAVE/USDT:USDT,297.66,2.0,297.67,139.0,297.66,,1767916.0
1753505288587,04:48:08.587,bitmart,AAVE/USDT:USDT,297.66,2.0,297.67,139.0,297.66,,1767916.0
1753505289603,04:48:09.603,bitmart,AAVE/USDT:USDT,297.64,117.0,297.65,9.0,297.66,,1767916.0
1753505290585,04:48:10.585,bitmart,AAVE/USDT:USDT,297.64,117.0,297.65,58.0,297.65,,1767928.0
1753505291539,04:48:11.539,bitmart,AAVE/USDT:USDT,297.64,103.0,297.65,87.0,297.65,,1767928.0
1753505292589,04:48:12.589,bitmart,AAVE/USDT:USDT,297.64,44.0,297.65,94.0,297.64,,1767934.0
1753505293587,04:48:13.587,bitmart,AAVE/USDT:USDT,297.64,87.0,297.65,81.0,297.64,,1767942.0
1753505294598,04:48:14.598,bitmart,AAVE/USDT:USDT,297.64,151.0,297.65,153.0,297.65,,1767946.0
1753505295584,04:48:15.584,bitmart,AAVE/USDT:USDT,297.64,21.0,297.65,72.0,297.65,,1767946.0
1753505296593,04:48:16.593,bitmart,AAVE/USDT:USDT,297.64,21.0,297.65,72.0,297.64,,1767952.0
1753505297602,04:48:17.602,bitmart,AAVE/USDT:USDT,297.64,39.0,297.65,115.0,297.64,,1767956.0
1753505298596,04:48:18.596,bitmart,AAVE/USDT:USDT,297.63,13.0,297.64,122.0,297.64,,1767962.0
1753505299586,04:48:19.586,bitmart,AAVE/USDT:USDT,297.63,14.0,297.64,104.0,297.63,,1767966.0
1753505300589,04:48:20.589,bitmart,AAVE/USDT:USDT,297.63,26.0,297.64,35.0,297.64,,1767970.0
1753505301597,04:48:21.597,bitmart,AAVE/USDT:USDT,297.63,21.0,297.64,89.0,297.64,,1767970.0
1753505302598,04:48:22.598,bitmart,AAVE/USDT:USDT,297.63,21.0,297.64,89.0,297.64,,1767974.0
1753505303669,04:48:23.669,bitmart,AAVE/USDT:USDT,297.63,28.0,297.64,126.0,297.64,,1767978.0
1753505304640,04:48:24.640,bitmart,AAVE/USDT:USDT,297.63,28.0,297.64,126.0,297.63,,1767982.0
1753505305645,04:48:25.645,bitmart,AAVE/USDT:USDT,297.63,19.0,297.64,104.0,297.64,,1767992.0
1753505306642,04:48:26.642,bitmart,AAVE/USDT:USDT,297.63,20.0,297.64,183.0,297.64,,1767996.0
1753505307631,04:48:27.631,bitmart,AAVE/USDT:USDT,297.61,1.0,297.62,127.0,297.64,,1767996.0
1753505308640,04:48:28.640,bitmart,AAVE/USDT:USDT,297.61,1.0,297.62,127.0,297.61,,1768002.0
1753505309601,04:48:29.601,bitmart,AAVE/USDT:USDT,297.58,161.0,297.59,71.0,297.59,,1768010.0
1753505310594,04:48:30.594,bitmart,AAVE/USDT:USDT,297.58,303.0,297.59,130.0,297.59,,1768014.0
1753505311586,04:48:31.586,bitmart,AAVE/USDT:USDT,297.55,24.0,297.56,120.0,297.55,,1768026.0
1753505312586,04:48:32.586,bitmart,AAVE/USDT:USDT,297.55,25.0,297.56,158.0,297.55,,1768032.0
1753505313597,04:48:33.597,bitmart,AAVE/USDT:USDT,297.55,58.0,297.56,129.0,297.55,,1768032.0
1753505314638,04:48:34.638,bitmart,AAVE/USDT:USDT,297.55,43.0,297.56,95.0,297.55,,1768070.0
1753505315646,04:48:35.646,bitmart,AAVE/USDT:USDT,297.55,58.0,297.56,95.0,297.56,,1768074.0
1753505316645,04:48:36.645,bitmart,AAVE/USDT:USDT,297.55,58.0,297.56,95.0,297.56,,1768080.0
1753505317648,04:48:37.648,bitmart,AAVE/USDT:USDT,297.55,37.0,297.56,96.0,297.55,,1768084.0
1753505318598,04:48:38.598,bitmart,AAVE/USDT:USDT,297.53,77.0,297.56,62.0,297.52,,1768120.0
1753505319586,04:48:39.586,bitmart,AAVE/USDT:USDT,297.55,49.0,297.56,62.0,297.56,,1768126.0
1753505320588,04:48:40.588,bitmart,AAVE/USDT:USDT,297.55,17.0,297.56,62.0,297.55,,1768130.0
1753505321589,04:48:41.589,bitmart,AAVE/USDT:USDT,297.55,24.0,297.56,62.0,297.56,,1768134.0
1753505322586,04:48:42.586,bitmart,AAVE/USDT:USDT,297.54,10.0,297.55,129.0,297.56,,1768134.0
1753505323630,04:48:43.630,bitmart,AAVE/USDT:USDT,297.54,41.0,297.55,41.0,297.56,,1768134.0
1753505325588,04:48:45.588,bitmart,AAVE/USDT:USDT,297.6,173.0,297.64,69.0,297.54,,1768146.0
1753505326598,04:48:46.598,bitmart,AAVE/USDT:USDT,297.6,45.0,297.61,23.0,297.61,,1768236.0
1753505327585,04:48:47.585,bitmart,AAVE/USDT:USDT,297.6,113.0,297.64,69.0,297.6,,1768244.0
1753505328642,04:48:48.642,bitmart,AAVE/USDT:USDT,297.63,37.0,297.64,35.0,297.63,,1768248.0
1753505329609,04:48:49.609,bitmart,AAVE/USDT:USDT,297.63,19.0,297.64,82.0,297.64,,1768254.0
1753505330587,04:48:50.587,bitmart,AAVE/USDT:USDT,297.61,30.0,297.64,67.0,297.64,,1768284.0
1753505331603,04:48:51.603,bitmart,AAVE/USDT:USDT,297.61,30.0,297.62,20.0,297.64,,1768284.0
1753505332585,04:48:52.585,bitmart,AAVE/USDT:USDT,297.61,30.0,297.62,53.0,297.62,,1768288.0
1753505333584,04:48:53.584,bitmart,AAVE/USDT:USDT,297.61,4.0,297.62,53.0,297.62,,1768288.0
1753505334597,04:48:54.597,bitmart,AAVE/USDT:USDT,297.61,12.0,297.62,53.0,297.61,,1768294.0
1753505335616,04:48:55.616,bitmart,AAVE/USDT:USDT,297.6,3.0,297.61,116.0,297.61,,1768294.0
1753505336642,04:48:56.642,bitmart,AAVE/USDT:USDT,297.6,98.0,297.61,116.0,297.61,,1768298.0
1753505337596,04:48:57.596,bitmart,AAVE/USDT:USDT,297.6,98.0,297.61,116.0,297.6,,1768304.0
1753505338542,04:48:58.542,bitmart,AAVE/USDT:USDT,297.6,116.0,297.61,133.0,297.6,,1768308.0
1753505339545,04:48:59.545,bitmart,AAVE/USDT:USDT,297.6,184.0,297.61,133.0,297.6,,1768320.0
1753505340658,04:49:00.658,bitmart,AAVE/USDT:USDT,297.6,136.0,297.61,133.0,297.61,,1767610.0
1753505341606,04:49:01.606,bitmart,AAVE/USDT:USDT,297.58,161.0,297.59,127.0,297.59,,1767620.0
1753505342603,04:49:02.603,bitmart,AAVE/USDT:USDT,297.58,67.0,297.59,84.0,297.58,,1767656.0
1753505343542,04:49:03.542,bitmart,AAVE/USDT:USDT,297.58,67.0,297.59,66.0,297.58,,1767660.0
1753505344645,04:49:04.645,bitmart,AAVE/USDT:USDT,297.58,97.0,297.59,41.0,297.58,,1767664.0
1753505345642,04:49:05.642,bitmart,AAVE/USDT:USDT,297.58,97.0,297.59,41.0,297.59,,1767670.0
1753505346596,04:49:06.596,bitmart,AAVE/USDT:USDT,297.58,97.0,297.59,31.0,297.59,,1767676.0
1753505347587,04:49:07.587,bitmart,AAVE/USDT:USDT,297.58,49.0,297.59,31.0,297.58,,1767692.0
1753505348598,04:49:08.598,bitmart,AAVE/USDT:USDT,297.58,49.0,297.59,31.0,297.59,,1767704.0
1753505349629,04:49:09.629,bitmart,AAVE/USDT:USDT,297.59,145.0,297.6,18.0,297.59,,1767704.0
1753505350640,04:49:10.640,bitmart,AAVE/USDT:USDT,297.59,145.0,297.6,18.0,297.59,,1767708.0
1753505351542,04:49:11.542,bitmart,AAVE/USDT:USDT,297.6,152.0,297.61,6.0,297.59,,1767708.0
1753505352601,04:49:12.601,bitmart,AAVE/USDT:USDT,297.6,152.0,297.61,6.0,297.61,,1767718.0
1753505353541,04:49:13.541,bitmart,AAVE/USDT:USDT,297.6,152.0,297.61,30.0,297.61,,1767718.0
1753505354601,04:49:14.601,bitmart,AAVE/USDT:USDT,297.54,39.0,297.55,84.0,297.6,,1767722.0
1753505355585,04:49:15.585,bitmart,AAVE/USDT:USDT,297.53,2.0,297.54,59.0,297.53,,1767726.0
1753505356641,04:49:16.641,bitmart,AAVE/USDT:USDT,297.53,34.0,297.54,59.0,297.54,,1767764.0
1753505357543,04:49:17.543,bitmart,AAVE/USDT:USDT,297.53,2.0,297.54,59.0,297.53,,1767768.0
1753505358629,04:49:18.629,bitmart,AAVE/USDT:USDT,297.51,1.0,297.52,74.0,297.53,,1767768.0
1753505359614,04:49:19.614,bitmart,AAVE/USDT:USDT,297.51,1.0,297.52,74.0,297.51,,1767772.0
1753505360598,04:49:20.598,bitmart,AAVE/USDT:USDT,297.51,29.0,297.52,25.0,297.51,,1767776.0
1753505361586,04:49:21.586,bitmart,AAVE/USDT:USDT,297.51,29.0,297.52,7.0,297.51,,1767776.0
1753505362587,04:49:22.587,bitmart,AAVE/USDT:USDT,297.51,97.0,297.52,70.0,297.51,,1767782.0
1753505363585,04:49:23.585,bitmart,AAVE/USDT:USDT,297.51,97.0,297.52,70.0,297.52,,1767786.0
1753505364596,04:49:24.596,bitmart,AAVE/USDT:USDT,297.51,92.0,297.52,61.0,297.51,,1767790.0
1753505365646,04:49:25.646,bitmart,AAVE/USDT:USDT,297.51,92.0,297.52,61.0,297.52,,1767794.0
1753505366630,04:49:26.630,bitmart,AAVE/USDT:USDT,297.51,222.0,297.52,73.0,297.51,,1767798.0
1753505367649,04:49:27.649,bitmart,AAVE/USDT:USDT,297.51,34.0,297.52,73.0,297.52,,1767802.0
1753505368638,04:49:28.638,bitmart,AAVE/USDT:USDT,297.53,3.0,297.54,59.0,297.53,,1767806.0
1753505369640,04:49:29.640,bitmart,AAVE/USDT:USDT,297.52,34.0,297.54,59.0,297.53,,1767810.0
1753505370640,04:49:30.640,bitmart,AAVE/USDT:USDT,297.52,34.0,297.53,58.0,297.53,,1767814.0
1753505371544,04:49:31.544,bitmart,AAVE/USDT:USDT,297.52,5.0,297.53,58.0,297.52,,1767826.0
1753505372645,04:49:32.645,bitmart,AAVE/USDT:USDT,297.51,139.0,297.52,83.0,297.51,,1767830.0
1753505373592,04:49:33.592,bitmart,AAVE/USDT:USDT,297.51,196.0,297.52,75.0,297.51,,1767830.0
1753505374585,04:49:34.585,bitmart,AAVE/USDT:USDT,297.51,196.0,297.52,75.0,297.51,,1767830.0
1753505375589,04:49:35.589,bitmart,AAVE/USDT:USDT,297.51,120.0,297.52,59.0,297.52,,1767836.0
1753505376595,04:49:36.595,bitmart,AAVE/USDT:USDT,297.51,164.0,297.52,4.0,297.52,,1767836.0
1753505377640,04:49:37.640,bitmart,AAVE/USDT:USDT,297.53,139.0,297.54,4.0,297.53,,1767842.0
1753505378639,04:49:38.639,bitmart,AAVE/USDT:USDT,297.53,204.0,297.54,6.0,297.54,,1767846.0
1753505379640,04:49:39.640,bitmart,AAVE/USDT:USDT,297.53,204.0,297.54,24.0,297.54,,1767850.0
1753505380531,04:49:40.531,bitmart,AAVE/USDT:USDT,297.53,204.0,297.54,40.0,297.53,,1767854.0
1753505381650,04:49:41.650,bitmart,AAVE/USDT:USDT,297.53,177.0,297.54,40.0,297.54,,1767858.0
1753505382638,04:49:42.638,bitmart,AAVE/USDT:USDT,297.5,35.0,297.51,130.0,297.53,,1767868.0
1753505383640,04:49:43.640,bitmart,AAVE/USDT:USDT,297.5,35.0,297.51,130.0,297.5,,1767874.0
1753505384639,04:49:44.639,bitmart,AAVE/USDT:USDT,297.5,23.0,297.51,95.0,297.51,,1767878.0
1753505385645,04:49:45.645,bitmart,AAVE/USDT:USDT,297.49,15.0,297.51,94.0,297.51,,1767882.0
1753505386641,04:49:46.641,bitmart,AAVE/USDT:USDT,297.49,40.0,297.5,107.0,297.49,,1767922.0
1753505387559,04:49:47.559,bitmart,AAVE/USDT:USDT,297.5,31.0,297.51,44.0,297.5,,1767926.0
1753505388599,04:49:48.599,bitmart,AAVE/USDT:USDT,297.49,58.0,297.5,49.0,297.5,,1767926.0
1753505389603,04:49:49.603,bitmart,AAVE/USDT:USDT,297.49,58.0,297.5,49.0,297.5,,1767930.0
1753505390603,04:49:50.603,bitmart,AAVE/USDT:USDT,297.49,71.0,297.5,62.0,297.5,,1767934.0
1753505391540,04:49:51.540,bitmart,AAVE/USDT:USDT,297.49,71.0,297.5,19.0,297.5,,1767938.0
1753505392604,04:49:52.604,bitmart,AAVE/USDT:USDT,297.49,35.0,297.5,21.0,297.5,,1767942.0
1753505393642,04:49:53.642,bitmart,AAVE/USDT:USDT,297.49,33.0,297.5,24.0,297.5,,1767948.0
1753505394639,04:49:54.639,bitmart,AAVE/USDT:USDT,297.49,14.0,297.5,22.0,297.49,,1767952.0
1753505395641,04:49:55.641,bitmart,AAVE/USDT:USDT,297.49,37.0,297.5,27.0,297.5,,1767958.0
1753505396641,04:49:56.641,bitmart,AAVE/USDT:USDT,297.49,34.0,297.5,26.0,297.49,,1767964.0
1753505397642,04:49:57.642,bitmart,AAVE/USDT:USDT,297.49,34.0,297.5,26.0,297.49,,1767968.0
1753505398640,04:49:58.640,bitmart,AAVE/USDT:USDT,297.49,43.0,297.5,22.0,297.5,,1767972.0
1753505399648,04:49:59.648,bitmart,AAVE/USDT:USDT,297.49,87.0,297.5,41.0,297.5,,1767984.0
1753505400655,04:50:00.655,bitmart,AAVE/USDT:USDT,297.49,44.0,297.5,19.0,297.5,,1767000.0
1753505401602,04:50:01.602,bitmart,AAVE/USDT:USDT,297.49,44.0,297.5,28.0,297.49,,1767012.0
1753505402597,04:50:02.597,bitmart,AAVE/USDT:USDT,297.49,90.0,297.5,54.0,297.49,,1767016.0
1753505403585,04:50:03.585,bitmart,AAVE/USDT:USDT,297.49,46.0,297.5,24.0,297.49,,1767022.0
1753505404594,04:50:04.594,bitmart,AAVE/USDT:USDT,297.49,74.0,297.5,26.0,297.49,,1767026.0
1753505405585,04:50:05.585,bitmart,AAVE/USDT:USDT,297.49,36.0,297.5,26.0,297.49,,1767026.0
1753505406628,04:50:06.628,bitmart,AAVE/USDT:USDT,297.49,28.0,297.5,52.0,297.49,,1767026.0
1753505407553,04:50:07.553,bitmart,AAVE/USDT:USDT,297.49,28.0,297.5,52.0,297.49,,1767026.0
1753505408601,04:50:08.601,bitmart,AAVE/USDT:USDT,297.49,135.0,297.5,25.0,297.5,,1767030.0
1753505409586,04:50:09.586,bitmart,AAVE/USDT:USDT,297.49,135.0,297.5,25.0,297.5,,1767030.0
1753505410611,04:50:10.611,bitmart,AAVE/USDT:USDT,297.49,104.0,297.5,21.0,297.5,,1767030.0
1753505411612,04:50:11.612,bitmart,AAVE/USDT:USDT,297.49,94.0,297.5,42.0,297.5,,1767030.0
1753505412602,04:50:12.602,bitmart,AAVE/USDT:USDT,297.49,94.0,297.5,42.0,297.49,,1767034.0
1753505413644,04:50:13.644,bitmart,AAVE/USDT:USDT,297.49,77.0,297.5,21.0,297.49,,1767038.0
1753505414532,04:50:14.532,bitmart,AAVE/USDT:USDT,297.49,77.0,297.5,41.0,297.49,,1767038.0
1753505415543,04:50:15.543,bitmart,AAVE/USDT:USDT,297.49,77.0,297.5,41.0,297.5,,1767042.0
1753505416598,04:50:16.598,bitmart,AAVE/USDT:USDT,297.49,93.0,297.5,40.0,297.5,,1767042.0
1753505417586,04:50:17.586,bitmart,AAVE/USDT:USDT,297.47,1.0,297.48,80.0,297.49,,1767046.0
1753505418601,04:50:18.601,bitmart,AAVE/USDT:USDT,297.47,9.0,297.48,30.0,297.49,,1767046.0
1753505419587,04:50:19.587,bitmart,AAVE/USDT:USDT,297.47,4.0,297.48,53.0,297.47,,1767050.0
1753505420609,04:50:20.609,bitmart,AAVE/USDT:USDT,297.47,5.0,297.48,53.0,297.48,,1767054.0
1753505421588,04:50:21.588,bitmart,AAVE/USDT:USDT,297.47,5.0,297.48,53.0,297.48,,1767058.0
1753505422595,04:50:22.595,bitmart,AAVE/USDT:USDT,297.47,3.0,297.48,81.0,297.48,,1767062.0
1753505423586,04:50:23.586,bitmart,AAVE/USDT:USDT,297.47,5.0,297.48,81.0,297.48,,1767096.0
1753505424597,04:50:24.597,bitmart,AAVE/USDT:USDT,297.47,8.0,297.48,152.0,297.47,,1767102.0
1753505425586,04:50:25.586,bitmart,AAVE/USDT:USDT,297.45,1.0,297.46,73.0,297.47,,1767106.0
1753505426540,04:50:26.540,bitmart,AAVE/USDT:USDT,297.44,10.0,297.45,43.0,297.45,,1767130.0
1753505427544,04:50:27.544,bitmart,AAVE/USDT:USDT,297.43,1.0,297.45,128.0,297.45,,1767130.0
1753505428531,04:50:28.531,bitmart,AAVE/USDT:USDT,297.43,1.0,297.44,111.0,297.45,,1767130.0
1753505429538,04:50:29.538,bitmart,AAVE/USDT:USDT,297.43,1.0,297.44,140.0,297.45,,1767130.0
1753505430643,04:50:30.643,bitmart,AAVE/USDT:USDT,297.43,55.0,297.44,140.0,297.43,,1767136.0
1753505431644,04:50:31.644,bitmart,AAVE/USDT:USDT,297.43,6.0,297.44,140.0,297.43,,1767140.0
1753505432639,04:50:32.639,bitmart,AAVE/USDT:USDT,297.43,6.0,297.44,140.0,297.44,,1767144.0
1753505433664,04:50:33.664,bitmart,AAVE/USDT:USDT,297.42,26.0,297.44,92.0,297.43,,1767148.0
1753505434529,04:50:34.529,bitmart,AAVE/USDT:USDT,297.42,26.0,297.43,119.0,297.43,,1767148.0
1753505435636,04:50:35.636,bitmart,AAVE/USDT:USDT,297.41,12.0,297.43,78.0,297.43,,1767148.0
1753505436639,04:50:36.639,bitmart,AAVE/USDT:USDT,297.41,12.0,297.42,77.0,297.41,,1767154.0
1753505437600,04:50:37.600,bitmart,AAVE/USDT:USDT,297.41,119.0,297.42,40.0,297.41,,1767158.0
1753505438586,04:50:38.586,bitmart,AAVE/USDT:USDT,297.41,119.0,297.42,85.0,297.41,,1767162.0
1753505439585,04:50:39.585,bitmart,AAVE/USDT:USDT,297.41,110.0,297.42,93.0,297.42,,1767168.0
1753505440596,04:50:40.596,bitmart,AAVE/USDT:USDT,297.41,110.0,297.42,93.0,297.42,,1767168.0
1753505441643,04:50:41.643,bitmart,AAVE/USDT:USDT,297.41,110.0,297.42,93.0,297.41,,1767172.0
1753505442607,04:50:42.607,bitmart,AAVE/USDT:USDT,297.41,100.0,297.42,93.0,297.42,,1767176.0
1753505443642,04:50:43.642,bitmart,AAVE/USDT:USDT,297.41,100.0,297.42,93.0,297.42,,1767198.0
1753505444638,04:50:44.638,bitmart,AAVE/USDT:USDT,297.41,119.0,297.42,178.0,297.41,,1767202.0
1753505445658,04:50:45.658,bitmart,AAVE/USDT:USDT,297.41,134.0,297.42,102.0,297.41,,1767206.0
1753505446640,04:50:46.640,bitmart,AAVE/USDT:USDT,297.41,134.0,297.42,102.0,297.41,,1767210.0
1753505447644,04:50:47.644,bitmart,AAVE/USDT:USDT,297.41,97.0,297.42,95.0,297.41,,1767214.0
1753505448650,04:50:48.650,bitmart,AAVE/USDT:USDT,297.41,97.0,297.42,95.0,297.42,,1767218.0
1753505449648,04:50:49.648,bitmart,AAVE/USDT:USDT,297.41,106.0,297.42,98.0,297.42,,1767222.0
1753505450604,04:50:50.604,bitmart,AAVE/USDT:USDT,297.41,136.0,297.42,133.0,297.42,,1767222.0
1753505451578,04:50:51.578,bitmart,AAVE/USDT:USDT,297.41,136.0,297.42,133.0,297.42,,1767226.0
1753505452601,04:50:52.601,bitmart,AAVE/USDT:USDT,297.41,148.0,297.42,127.0,297.41,,1767230.0
1753505453613,04:50:53.613,bitmart,AAVE/USDT:USDT,297.41,297.0,297.42,279.0,297.42,,1767234.0
1753505454639,04:50:54.639,bitmart,AAVE/USDT:USDT,297.41,149.0,297.42,87.0,297.42,,1767238.0
1753505455539,04:50:55.539,bitmart,AAVE/USDT:USDT,297.41,108.0,297.42,103.0,297.41,,1767242.0
1753505456618,04:50:56.618,bitmart,AAVE/USDT:USDT,297.41,108.0,297.42,103.0,297.42,,1767246.0
1753505457586,04:50:57.586,bitmart,AAVE/USDT:USDT,297.38,11.0,297.39,115.0,297.42,,1767246.0
1753505458595,04:50:58.595,bitmart,AAVE/USDT:USDT,297.38,12.0,297.39,115.0,297.39,,1767256.0
1753505459599,04:50:59.599,bitmart,AAVE/USDT:USDT,297.38,12.0,297.39,115.0,297.38,,1767264.0
1753505460616,04:51:00.616,bitmart,AAVE/USDT:USDT,297.38,6.0,297.39,115.0,297.38,,1766078.0
1753505461597,04:51:01.597,bitmart,AAVE/USDT:USDT,297.38,5.0,297.39,115.0,297.39,,1766082.0
1753505462596,04:51:02.596,bitmart,AAVE/USDT:USDT,297.38,3.0,297.39,151.0,297.39,,1766086.0
1753505463587,04:51:03.587,bitmart,AAVE/USDT:USDT,297.33,51.0,297.34,59.0,297.39,,1766086.0
1753505464600,04:51:04.600,bitmart,AAVE/USDT:USDT,297.33,51.0,297.34,59.0,297.39,,1766086.0
1753505465641,04:51:05.641,bitmart,AAVE/USDT:USDT,297.33,58.0,297.34,68.0,297.34,,1766098.0
1753505466600,04:51:06.600,bitmart,AAVE/USDT:USDT,297.29,2.0,297.3,144.0,297.34,,1766104.0
1753505467611,04:51:07.611,bitmart,AAVE/USDT:USDT,297.27,42.0,297.28,86.0,297.29,,1766114.0
1753505468647,04:51:08.647,bitmart,AAVE/USDT:USDT,297.27,42.0,297.28,86.0,297.28,,1766118.0
1753505469530,04:51:09.530,bitmart,AAVE/USDT:USDT,297.27,110.0,297.28,73.0,297.28,,1766118.0
1753505470595,04:51:10.595,bitmart,AAVE/USDT:USDT,297.27,100.0,297.28,43.0,297.28,,1766118.0
1753505471540,04:51:11.540,bitmart,AAVE/USDT:USDT,297.27,100.0,297.28,43.0,297.28,,1766122.0
1753505472596,04:51:12.596,bitmart,AAVE/USDT:USDT,297.27,142.0,297.28,132.0,297.28,,1766126.0
1753505473600,04:51:13.600,bitmart,AAVE/USDT:USDT,297.27,142.0,297.28,112.0,297.28,,1766126.0
1753505474596,04:51:14.596,bitmart,AAVE/USDT:USDT,297.24,98.0,297.25,50.0,297.28,,1766126.0
1753505475585,04:51:15.585,bitmart,AAVE/USDT:USDT,297.22,99.0,297.25,102.0,297.25,,1766164.0
1753505476584,04:51:16.584,bitmart,AAVE/USDT:USDT,297.22,99.0,297.23,132.0,297.22,,1766168.0
1753505477589,04:51:17.589,bitmart,AAVE/USDT:USDT,297.22,99.0,297.23,132.0,297.23,,1766172.0
1753505478613,04:51:18.613,bitmart,AAVE/USDT:USDT,297.24,146.0,297.25,4.0,297.25,,1766268.0
1753505479587,04:51:19.587,bitmart,AAVE/USDT:USDT,297.24,146.0,297.25,4.0,297.24,,1766274.0
1753505480599,04:51:20.599,bitmart,AAVE/USDT:USDT,297.24,166.0,297.25,1.0,297.24,,1766274.0
1753505481600,04:51:21.600,bitmart,AAVE/USDT:USDT,297.24,166.0,297.25,2.0,297.25,,1766280.0
1753505482587,04:51:22.587,bitmart,AAVE/USDT:USDT,297.3,140.0,297.35,23.0,297.25,,1766284.0
1753505483584,04:51:23.584,bitmart,AAVE/USDT:USDT,297.36,64.0,297.37,32.0,297.36,,1766294.0
1753505484595,04:51:24.595,bitmart,AAVE/USDT:USDT,297.36,144.0,297.37,73.0,297.36,,1766298.0
1753505485585,04:51:25.585,bitmart,AAVE/USDT:USDT,297.36,80.0,297.38,1.0,297.37,,1766304.0
1753505486604,04:51:26.604,bitmart,AAVE/USDT:USDT,297.45,142.0,297.46,3.0,297.45,,1766322.0
1753505487586,04:51:27.586,bitmart,AAVE/USDT:USDT,297.5,206.0,297.61,72.0,297.45,,1766322.0
1753505488598,04:51:28.598,bitmart,AAVE/USDT:USDT,297.6,158.0,297.61,26.0,297.6,,1766336.0
1753505489585,04:51:29.585,bitmart,AAVE/USDT:USDT,297.61,90.0,297.62,14.0,297.6,,1766340.0
1753505490598,04:51:30.598,bitmart,AAVE/USDT:USDT,297.58,195.0,297.62,2.0,297.61,,1766350.0
1753505491576,04:51:31.576,bitmart,AAVE/USDT:USDT,297.58,9.0,297.59,76.0,297.59,,1766354.0
1753505492599,04:51:32.599,bitmart,AAVE/USDT:USDT,297.51,1.0,297.52,28.0,297.58,,1766376.0
1753505493586,04:51:33.586,bitmart,AAVE/USDT:USDT,297.51,94.0,297.52,28.0,297.51,,1766380.0
1753505494585,04:51:34.585,bitmart,AAVE/USDT:USDT,297.51,94.0,297.53,116.0,297.51,,1766386.0
1753505495599,04:51:35.599,bitmart,AAVE/USDT:USDT,297.51,94.0,297.52,4.0,297.51,,1766386.0
1753505496595,04:51:36.595,bitmart,AAVE/USDT:USDT,297.59,157.0,297.6,4.0,297.51,,1766386.0
1753505497585,04:51:37.585,bitmart,AAVE/USDT:USDT,297.59,157.0,297.6,4.0,297.51,,1766386.0
1753505498585,04:51:38.585,bitmart,AAVE/USDT:USDT,297.59,167.0,297.6,3.0,297.6,,1766392.0
1753505499597,04:51:39.597,bitmart,AAVE/USDT:USDT,297.59,167.0,297.62,105.0,297.59,,1766398.0
1753505500602,04:51:40.602,bitmart,AAVE/USDT:USDT,297.59,79.0,297.61,35.0,297.6,,1766402.0
1753505501599,04:51:41.599,bitmart,AAVE/USDT:USDT,297.6,76.0,297.61,1.0,297.6,,1766402.0
1753505502586,04:51:42.586,bitmart,AAVE/USDT:USDT,297.6,52.0,297.61,37.0,297.6,,1766402.0
1753505503597,04:51:43.597,bitmart,AAVE/USDT:USDT,297.6,41.0,297.61,23.0,297.61,,1766412.0
1753505504597,04:51:44.597,bitmart,AAVE/USDT:USDT,297.6,41.0,297.61,23.0,297.61,,1766416.0
1753505505574,04:51:45.574,bitmart,AAVE/USDT:USDT,297.6,62.0,297.61,20.0,297.6,,1766420.0
1753505506545,04:51:46.545,bitmart,AAVE/USDT:USDT,297.6,62.0,297.61,20.0,297.6,,1766420.0
1753505507592,04:51:47.592,bitmart,AAVE/USDT:USDT,297.6,89.0,297.61,20.0,297.6,,1766428.0
1753505508597,04:51:48.597,bitmart,AAVE/USDT:USDT,297.6,54.0,297.61,16.0,297.6,,1766428.0
1753505509543,04:51:49.543,bitmart,AAVE/USDT:USDT,297.6,51.0,297.61,48.0,297.6,,1766432.0
1753505510584,04:51:50.584,bitmart,AAVE/USDT:USDT,297.6,76.0,297.63,91.0,297.61,,1766436.0
1753505511588,04:51:51.588,bitmart,AAVE/USDT:USDT,297.62,116.0,297.66,27.0,297.61,,1766436.0
1753505512609,04:51:52.609,bitmart,AAVE/USDT:USDT,297.68,153.0,297.69,20.0,297.61,,1766436.0
1753505513541,04:51:53.541,bitmart,AAVE/USDT:USDT,297.71,40.0,297.72,42.0,297.72,,1766440.0
1753505514631,04:51:54.631,bitmart,AAVE/USDT:USDT,297.71,117.0,297.72,83.0,297.72,,1766440.0
1753505515645,04:51:55.645,bitmart,AAVE/USDT:USDT,297.71,77.0,297.72,41.0,297.71,,1766448.0
1753505516641,04:51:56.641,bitmart,AAVE/USDT:USDT,297.72,158.0,297.73,6.0,297.72,,1766460.0
1753505517586,04:51:57.586,bitmart,AAVE/USDT:USDT,297.72,158.0,297.73,6.0,297.72,,1766460.0
1753505518589,04:51:58.589,bitmart,AAVE/USDT:USDT,297.74,142.0,297.75,1.0,297.73,,1766466.0
1753505519639,04:51:59.639,bitmart,AAVE/USDT:USDT,297.74,142.0,297.75,20.0,297.75,,1766474.0
1753505520548,04:52:00.548,bitmart,AAVE/USDT:USDT,297.75,97.0,297.76,30.0,297.76,,1765224.0
1753505521600,04:52:01.600,bitmart,AAVE/USDT:USDT,297.75,97.0,297.76,30.0,297.76,,1765232.0
1753505522597,04:52:02.597,bitmart,AAVE/USDT:USDT,297.75,73.0,297.76,8.0,297.76,,1765236.0
1753505523600,04:52:03.600,bitmart,AAVE/USDT:USDT,297.75,73.0,297.76,31.0,297.76,,1765236.0
1753505524602,04:52:04.602,bitmart,AAVE/USDT:USDT,297.75,73.0,297.76,8.0,297.75,,1765240.0
1753505525600,04:52:05.600,bitmart,AAVE/USDT:USDT,297.75,40.0,297.76,51.0,297.76,,1765244.0
1753505526586,04:52:06.586,bitmart,AAVE/USDT:USDT,297.71,5.0,297.73,108.0,297.73,,1765258.0
1753505527597,04:52:07.597,bitmart,AAVE/USDT:USDT,297.67,10.0,297.68,83.0,297.73,,1765258.0
1753505528584,04:52:08.584,bitmart,AAVE/USDT:USDT,297.67,43.0,297.68,13.0,297.68,,1765264.0
1753505529597,04:52:09.597,bitmart,AAVE/USDT:USDT,297.67,43.0,297.68,38.0,297.68,,1765264.0
1753505530587,04:52:10.587,bitmart,AAVE/USDT:USDT,297.67,43.0,297.68,20.0,297.68,,1765294.0
1753505531594,04:52:11.594,bitmart,AAVE/USDT:USDT,297.67,34.0,297.68,80.0,297.68,,1765294.0
1753505532601,04:52:12.601,bitmart,AAVE/USDT:USDT,297.67,34.0,297.68,80.0,297.67,,1765300.0
1753505533585,04:52:13.585,bitmart,AAVE/USDT:USDT,297.67,34.0,297.68,41.0,297.67,,1765300.0
1753505534642,04:52:14.642,bitmart,AAVE/USDT:USDT,297.67,40.0,297.68,34.0,297.67,,1765304.0
1753505535610,04:52:15.610,bitmart,AAVE/USDT:USDT,297.67,40.0,297.68,34.0,297.68,,1765308.0
1753505536638,04:52:16.638,bitmart,AAVE/USDT:USDT,297.67,41.0,297.68,24.0,297.68,,1765312.0
1753505537541,04:52:17.541,bitmart,AAVE/USDT:USDT,297.67,41.0,297.68,24.0,297.67,,1765318.0
1753505538585,04:52:18.585,bitmart,AAVE/USDT:USDT,297.67,60.0,297.68,28.0,297.67,,1765322.0
1753505539597,04:52:19.597,bitmart,AAVE/USDT:USDT,297.67,2.0,297.68,59.0,297.67,,1765322.0
1753505540598,04:52:20.598,bitmart,AAVE/USDT:USDT,297.67,10.0,297.68,59.0,297.68,,1765330.0
1753505541584,04:52:21.584,bitmart,AAVE/USDT:USDT,297.67,31.0,297.68,20.0,297.67,,1765336.0
1753505542585,04:52:22.585,bitmart,AAVE/USDT:USDT,297.67,31.0,297.68,20.0,297.67,,1765336.0
1753505543583,04:52:23.583,bitmart,AAVE/USDT:USDT,297.67,49.0,297.68,18.0,297.68,,1765344.0
1753505544586,04:52:24.586,bitmart,AAVE/USDT:USDT,297.67,49.0,297.68,18.0,297.67,,1765348.0
1753505545597,04:52:25.597,bitmart,AAVE/USDT:USDT,297.7,125.0,297.71,4.0,297.67,,1765348.0
1753505546586,04:52:26.586,bitmart,AAVE/USDT:USDT,297.7,125.0,297.71,24.0,297.71,,1765352.0
1753505547598,04:52:27.598,bitmart,AAVE/USDT:USDT,297.7,62.0,297.71,24.0,297.71,,1765352.0
1753505548586,04:52:28.586,bitmart,AAVE/USDT:USDT,297.7,62.0,297.71,24.0,297.7,,1765356.0
1753505549586,04:52:29.586,bitmart,AAVE/USDT:USDT,297.7,56.0,297.71,22.0,297.71,,1765360.0
1753505550588,04:52:30.588,bitmart,AAVE/USDT:USDT,297.7,118.0,297.71,46.0,297.71,,1765364.0
1753505551528,04:52:31.528,bitmart,AAVE/USDT:USDT,297.62,22.0,297.63,51.0,297.71,,1765364.0
1753505552641,04:52:32.641,bitmart,AAVE/USDT:USDT,297.62,22.0,297.63,24.0,297.62,,1765368.0
1753505553594,04:52:33.594,bitmart,AAVE/USDT:USDT,297.65,64.0,297.66,1.0,297.63,,1765492.0
1753505554596,04:52:34.596,bitmart,AAVE/USDT:USDT,297.65,64.0,297.66,3.0,297.63,,1765492.0
1753505555596,04:52:35.596,bitmart,AAVE/USDT:USDT,297.65,6.0,297.66,131.0,297.63,,1765492.0
1753505556585,04:52:36.585,bitmart,AAVE/USDT:USDT,297.65,6.0,297.66,50.0,297.65,,1765496.0
1753505557641,04:52:37.641,bitmart,AAVE/USDT:USDT,297.65,2.0,297.66,50.0,297.65,,1765500.0
1753505558642,04:52:38.642,bitmart,AAVE/USDT:USDT,297.65,4.0,297.66,50.0,297.65,,1765506.0
1753505559538,04:52:39.538,bitmart,AAVE/USDT:USDT,297.65,49.0,297.66,21.0,297.65,,1765506.0
1753505560585,04:52:40.585,bitmart,AAVE/USDT:USDT,297.65,49.0,297.66,21.0,297.66,,1765516.0
1753505561600,04:52:41.600,bitmart,AAVE/USDT:USDT,297.65,4.0,297.66,51.0,297.66,,1765516.0
1753505562587,04:52:42.587,bitmart,AAVE/USDT:USDT,297.65,52.0,297.66,18.0,297.65,,1765522.0
1753505563596,04:52:43.596,bitmart,AAVE/USDT:USDT,297.65,15.0,297.66,49.0,297.65,,1765522.0
1753505565597,04:52:45.597,bitmart,AAVE/USDT:USDT,297.61,179.0,297.64,83.0,297.63,,1765530.0
1753505566643,04:52:46.643,bitmart,AAVE/USDT:USDT,297.61,179.0,297.62,67.0,297.62,,1765574.0
1753505567639,04:52:47.639,bitmart,AAVE/USDT:USDT,297.61,179.0,297.62,67.0,297.62,,1765578.0
1753505568643,04:52:48.643,bitmart,AAVE/USDT:USDT,297.61,194.0,297.62,64.0,297.62,,1765582.0
1753505569639,04:52:49.639,bitmart,AAVE/USDT:USDT,297.55,129.0,297.62,64.0,297.61,,1765586.0
1753505570642,04:52:50.642,bitmart,AAVE/USDT:USDT,297.55,31.0,297.56,94.0,297.55,,1765682.0
1753505571651,04:52:51.651,bitmart,AAVE/USDT:USDT,297.55,31.0,297.56,94.0,297.56,,1765700.0
1753505572641,04:52:52.641,bitmart,AAVE/USDT:USDT,297.55,11.0,297.56,94.0,297.55,,1765704.0
1753505573529,04:52:53.529,bitmart,AAVE/USDT:USDT,297.54,1.0,297.56,103.0,297.55,,1765704.0
1753505574585,04:52:54.585,bitmart,AAVE/USDT:USDT,297.54,1.0,297.55,139.0,297.55,,1765704.0
1753505575600,04:52:55.600,bitmart,AAVE/USDT:USDT,297.54,1.0,297.55,142.0,297.55,,1765708.0
1753505576597,04:52:56.597,bitmart,AAVE/USDT:USDT,297.54,1.0,297.55,174.0,297.54,,1765712.0
1753505577602,04:52:57.602,bitmart,AAVE/USDT:USDT,297.54,1.0,297.55,174.0,297.55,,1765716.0
1753505578640,04:52:58.640,bitmart,AAVE/USDT:USDT,297.53,1.0,297.55,138.0,297.54,,1765726.0
1753505579600,04:52:59.600,bitmart,AAVE/USDT:USDT,297.53,4.0,297.54,53.0,297.53,,1765734.0
1753505580601,04:53:00.601,bitmart,AAVE/USDT:USDT,297.52,1.0,297.53,77.0,297.53,,1764930.0
1753505581640,04:53:01.640,bitmart,AAVE/USDT:USDT,297.52,31.0,297.53,51.0,297.52,,1764938.0
1753505582645,04:53:02.645,bitmart,AAVE/USDT:USDT,297.52,1.0,297.53,51.0,297.52,,1764944.0
1753505583542,04:53:03.542,bitmart,AAVE/USDT:USDT,297.51,48.0,297.52,45.0,297.52,,1764944.0
1753505584583,04:53:04.583,bitmart,AAVE/USDT:USDT,297.51,143.0,297.53,1.0,297.52,,1764948.0
1753505585586,04:53:05.586,bitmart,AAVE/USDT:USDT,297.56,132.0,297.57,17.0,297.52,,1764956.0
1753505586588,04:53:06.588,bitmart,AAVE/USDT:USDT,297.56,132.0,297.57,30.0,297.56,,1764964.0
1753505587589,04:53:07.589,bitmart,AAVE/USDT:USDT,297.56,21.0,297.57,36.0,297.56,,1764968.0
1753505588643,04:53:08.643,bitmart,AAVE/USDT:USDT,297.56,23.0,297.57,36.0,297.56,,1764972.0
1753505589541,04:53:09.541,bitmart,AAVE/USDT:USDT,297.56,2.0,297.57,36.0,297.56,,1764976.0
1753505590586,04:53:10.586,bitmart,AAVE/USDT:USDT,297.56,2.0,297.57,43.0,297.57,,1764980.0
1753505591639,04:53:11.639,bitmart,AAVE/USDT:USDT,297.52,146.0,297.57,43.0,297.56,,1764984.0
1753505592601,04:53:12.601,bitmart,AAVE/USDT:USDT,297.52,63.0,297.53,48.0,297.53,,1764994.0
1753505593602,04:53:13.602,bitmart,AAVE/USDT:USDT,297.52,63.0,297.53,48.0,297.52,,1764998.0
1753505594587,04:53:14.587,bitmart,AAVE/USDT:USDT,297.52,54.0,297.53,86.0,297.53,,1765002.0
1753505595596,04:53:15.596,bitmart,AAVE/USDT:USDT,297.52,122.0,297.53,167.0,297.52,,1765034.0
1753505596585,04:53:16.585,bitmart,AAVE/USDT:USDT,297.52,68.0,297.53,98.0,297.52,,1765034.0
1753505597645,04:53:17.645,bitmart,AAVE/USDT:USDT,297.52,68.0,297.53,98.0,297.53,,1765040.0
1753505598615,04:53:18.615,bitmart,AAVE/USDT:USDT,297.52,64.0,297.53,95.0,297.53,,1765040.0
1753505599599,04:53:19.599,bitmart,AAVE/USDT:USDT,297.52,64.0,297.53,95.0,297.52,,1765046.0
1753505600586,04:53:20.586,bitmart,AAVE/USDT:USDT,297.52,64.0,297.53,95.0,297.53,,1765052.0
1753505601596,04:53:21.596,bitmart,AAVE/USDT:USDT,297.52,44.0,297.53,65.0,297.53,,1765056.0
1753505602588,04:53:22.588,bitmart,AAVE/USDT:USDT,297.52,76.0,297.53,65.0,297.53,,1765062.0
1753505603584,04:53:23.584,bitmart,AAVE/USDT:USDT,297.54,150.0,297.55,2.0,297.53,,1765062.0
1753505604586,04:53:24.586,bitmart,AAVE/USDT:USDT,297.54,150.0,297.55,25.0,297.54,,1765068.0
1753505605598,04:53:25.598,bitmart,AAVE/USDT:USDT,297.54,150.0,297.55,3.0,297.55,,1765072.0
1753505606641,04:53:26.641,bitmart,AAVE/USDT:USDT,297.54,1.0,297.55,70.0,297.55,,1765076.0
1753505607641,04:53:27.641,bitmart,AAVE/USDT:USDT,297.52,5.0,297.53,95.0,297.55,,1765084.0
1753505608618,04:53:28.618,bitmart,AAVE/USDT:USDT,297.52,28.0,297.53,17.0,297.55,,1765084.0
1753505609640,04:53:29.640,bitmart,AAVE/USDT:USDT,297.52,51.0,297.53,17.0,297.53,,1765088.0
1753505610640,04:53:30.640,bitmart,AAVE/USDT:USDT,297.52,51.0,297.53,17.0,297.53,,1765092.0
1753505611639,04:53:31.639,bitmart,AAVE/USDT:USDT,297.52,66.0,297.53,19.0,297.53,,1765096.0
1753505612528,04:53:32.528,bitmart,AAVE/USDT:USDT,297.52,66.0,297.53,42.0,297.53,,1765096.0
1753505613647,04:53:33.647,bitmart,AAVE/USDT:USDT,297.52,66.0,297.53,32.0,297.53,,1765104.0
1753505614591,04:53:34.591,bitmart,AAVE/USDT:USDT,297.52,76.0,297.53,54.0,297.53,,1765104.0
1753505615597,04:53:35.597,bitmart,AAVE/USDT:USDT,297.52,76.0,297.53,54.0,297.52,,1765110.0
1753505616587,04:53:36.587,bitmart,AAVE/USDT:USDT,297.52,88.0,297.53,32.0,297.52,,1765114.0
1753505617597,04:53:37.597,bitmart,AAVE/USDT:USDT,297.52,62.0,297.53,63.0,297.52,,1765120.0
1753505618542,04:53:38.542,bitmart,AAVE/USDT:USDT,297.52,62.0,297.53,63.0,297.53,,1765124.0
1753505619603,04:53:39.603,bitmart,AAVE/USDT:USDT,297.52,80.0,297.53,63.0,297.53,,1765128.0
1753505620587,04:53:40.587,bitmart,AAVE/USDT:USDT,297.52,87.0,297.53,69.0,297.53,,1765132.0
1753505621586,04:53:41.586,bitmart,AAVE/USDT:USDT,297.52,87.0,297.53,69.0,297.52,,1765136.0
1753505622586,04:53:42.586,bitmart,AAVE/USDT:USDT,297.52,32.0,297.53,83.0,297.53,,1765146.0
1753505623596,04:53:43.596,bitmart,AAVE/USDT:USDT,297.52,43.0,297.53,73.0,297.53,,1765146.0
1753505624589,04:53:44.589,bitmart,AAVE/USDT:USDT,297.54,138.0,297.6,1.0,297.52,,1765152.0
1753505625584,04:53:45.584,bitmart,AAVE/USDT:USDT,297.6,146.0,297.61,28.0,297.59,,1765164.0
1753505626585,04:53:46.585,bitmart,AAVE/USDT:USDT,297.6,131.0,297.61,24.0,297.6,,1765168.0
1753505627529,04:53:47.529,bitmart,AAVE/USDT:USDT,297.6,131.0,297.61,13.0,297.6,,1765172.0
1753505628652,04:53:48.652,bitmart,AAVE/USDT:USDT,297.6,131.0,297.63,120.0,297.6,,1765176.0
1753505629544,04:53:49.544,bitmart,AAVE/USDT:USDT,297.62,173.0,297.63,18.0,297.6,,1765176.0
1753505630586,04:53:50.586,bitmart,AAVE/USDT:USDT,297.62,156.0,297.63,26.0,297.6,,1765176.0
1753505631601,04:53:51.601,bitmart,AAVE/USDT:USDT,297.62,156.0,297.63,45.0,297.63,,1765180.0
1753505632619,04:53:52.619,bitmart,AAVE/USDT:USDT,297.62,30.0,297.63,45.0,297.62,,1765186.0
1753505633640,04:53:53.640,bitmart,AAVE/USDT:USDT,297.62,61.0,297.63,23.0,297.62,,1765192.0
1753505634647,04:53:54.647,bitmart,AAVE/USDT:USDT,297.62,61.0,297.63,23.0,297.62,,1765196.0
1753505635640,04:53:55.640,bitmart,AAVE/USDT:USDT,297.62,107.0,297.63,4.0,297.62,,1765200.0
1753505636642,04:53:56.642,bitmart,AAVE/USDT:USDT,297.62,107.0,297.63,4.0,297.62,,1765206.0
1753505637543,04:53:57.543,bitmart,AAVE/USDT:USDT,297.63,117.0,297.64,32.0,297.62,,1765206.0
1753505638584,04:53:58.584,bitmart,AAVE/USDT:USDT,297.63,52.0,297.64,24.0,297.63,,1765220.0
1753505639606,04:53:59.606,bitmart,AAVE/USDT:USDT,297.63,149.0,297.64,27.0,297.63,,1765246.0
1753505640613,04:54:00.613,bitmart,AAVE/USDT:USDT,297.62,162.0,297.63,1.0,297.62,,1764558.0
1753505641596,04:54:01.596,bitmart,AAVE/USDT:USDT,297.7,71.0,297.71,17.0,297.7,,1764568.0
1753505642600,04:54:02.600,bitmart,AAVE/USDT:USDT,297.7,126.0,297.71,28.0,297.7,,1764576.0
1753505643600,04:54:03.600,bitmart,AAVE/USDT:USDT,297.7,126.0,297.71,28.0,297.7,,1764580.0
1753505644586,04:54:04.586,bitmart,AAVE/USDT:USDT,297.68,1.0,297.69,69.0,297.7,,1764584.0
1753505645598,04:54:05.598,bitmart,AAVE/USDT:USDT,297.68,13.0,297.69,69.0,297.68,,1764588.0
1753505646642,04:54:06.642,bitmart,AAVE/USDT:USDT,297.68,47.0,297.69,117.0,297.69,,1764592.0
1753505647643,04:54:07.643,bitmart,AAVE/USDT:USDT,297.67,24.0,297.68,114.0,297.68,,1764596.0
1753505648615,04:54:08.615,bitmart,AAVE/USDT:USDT,297.67,46.0,297.68,114.0,297.67,,1764602.0
1753505649602,04:54:09.602,bitmart,AAVE/USDT:USDT,297.67,23.0,297.68,114.0,297.67,,1764602.0
1753505650585,04:54:10.585,bitmart,AAVE/USDT:USDT,297.67,23.0,297.68,114.0,297.67,,1764602.0
