timestamp,time,exchange,symbol,bid,bidVolume,ask,askVolume,lastPrice,baseVolume,quoteVolume
1753504794595,04:39:54.595,bitmart,ACH/USDT:USDT,0.022332,23987.0,0.022408,8202.0,0.02237,,386108216.0
1753504794612,04:39:54.612,bitmart,ACH/USDT:USDT,0.022332,23987.0,0.022408,671.0,0.02237,,386108216.0
1753504795534,04:39:55.534,bitmart,ACH/USDT:USDT,0.022332,23987.0,0.022408,671.0,0.022371,,386114364.0
1753504796509,04:39:56.509,bitmart,ACH/USDT:USDT,0.022332,23987.0,0.022408,671.0,0.022371,,386114364.0
1753504797610,04:39:57.610,bitmart,ACH/USDT:USDT,0.022332,23987.0,0.022408,671.0,0.022372,,386120440.0
1753504799519,04:39:59.519,bitmart,ACH/USDT:USDT,0.022338,3122.0,0.022408,8182.0,0.022374,,386150208.0
1753504801633,04:40:01.633,bitmart,ACH/USDT:USDT,0.022338,4178.0,0.022408,6589.0,0.022373,,385918672.0
1753504802623,04:40:02.623,bitmart,ACH/USDT:USDT,0.022332,10832.0,0.022408,7902.0,0.022374,,385923694.0
1753504803507,04:40:03.507,bitmart,ACH/USDT:USDT,0.022332,10832.0,0.022408,7902.0,0.022374,,385923694.0
1753504804617,04:40:04.617,bitmart,ACH/USDT:USDT,0.022332,10832.0,0.022408,7902.0,0.022371,,385928932.0
1753504806605,04:40:06.605,bitmart,ACH/USDT:USDT,0.022332,10832.0,0.022405,5140.0,0.02237,,385934592.0
1753504808616,04:40:08.616,bitmart,ACH/USDT:USDT,0.022332,10832.0,0.022405,4322.0,0.022371,,385943416.0
1753504809600,04:40:09.600,bitmart,ACH/USDT:USDT,0.022332,10832.0,0.022408,1577.0,0.022371,,385943416.0
1753504811503,04:40:11.503,bitmart,ACH/USDT:USDT,0.022332,10832.0,0.022408,1577.0,0.02237,,385948892.0
1753504813599,04:40:13.599,bitmart,ACH/USDT:USDT,0.022332,10832.0,0.022408,1577.0,0.022371,,385957062.0
1753504814605,04:40:14.605,bitmart,ACH/USDT:USDT,0.022332,12209.0,0.022408,1111.0,0.02237,,385962650.0
1753504815515,04:40:15.515,bitmart,ACH/USDT:USDT,0.022332,12209.0,0.022408,1111.0,0.02237,,385962650.0
1753504816522,04:40:16.522,bitmart,ACH/USDT:USDT,0.022332,12209.0,0.022408,1111.0,0.022371,,385968502.0
1753504818511,04:40:18.511,bitmart,ACH/USDT:USDT,0.022332,12209.0,0.022408,1111.0,0.02237,,385975758.0
1753504820619,04:40:20.619,bitmart,ACH/USDT:USDT,0.022337,9127.0,0.022408,1111.0,0.022371,,385984692.0
1753504821539,04:40:21.539,bitmart,ACH/USDT:USDT,0.022337,13909.0,0.022408,1111.0,0.022371,,385984692.0
1753504823539,04:40:23.539,bitmart,ACH/USDT:USDT,0.022337,16419.0,0.022408,160.0,0.022372,,385993174.0
1753504824615,04:40:24.615,bitmart,ACH/USDT:USDT,0.022337,22388.0,0.022408,160.0,0.022372,,386000670.0
1753504825508,04:40:25.508,bitmart,ACH/USDT:USDT,0.022337,25609.0,0.022408,160.0,0.022372,,386000670.0
1753504827622,04:40:27.622,bitmart,ACH/USDT:USDT,0.022337,27436.0,0.022408,4744.0,0.022372,,386013116.0
1753504828508,04:40:28.508,bitmart,ACH/USDT:USDT,0.022337,27585.0,0.022408,4744.0,0.022372,,386013116.0
1753504830616,04:40:30.616,bitmart,ACH/USDT:USDT,0.022337,20200.0,0.022408,4744.0,0.022371,,386019910.0
1753504833504,04:40:33.504,bitmart,ACH/USDT:USDT,0.022338,14373.0,0.02241,574.0,0.022372,,386025480.0
1753504834610,04:40:34.610,bitmart,ACH/USDT:USDT,0.022338,14373.0,0.02241,609.0,0.022375,,386033022.0
1753504835512,04:40:35.512,bitmart,ACH/USDT:USDT,0.022338,14373.0,0.02241,7385.0,0.022375,,386033022.0
1753504837513,04:40:37.513,bitmart,ACH/USDT:USDT,0.022337,23700.0,0.022408,5224.0,0.022374,,386040462.0
1753504839541,04:40:39.541,bitmart,ACH/USDT:USDT,0.022337,8763.0,0.02241,5161.0,0.022373,,386047554.0
1753504840521,04:40:40.521,bitmart,ACH/USDT:USDT,0.022337,23637.0,0.022408,6610.0,0.022374,,386054678.0
1753504844603,04:40:44.603,bitmart,ACH/USDT:USDT,0.022332,873.0,0.022408,8230.0,0.022371,,386068180.0
1753504845520,04:40:45.520,bitmart,ACH/USDT:USDT,0.022332,8595.0,0.022405,336.0,0.022371,,386068180.0
1753504848615,04:40:48.615,bitmart,ACH/USDT:USDT,0.022332,8595.0,0.022405,436.0,0.022371,,386083304.0
1753504849509,04:40:49.509,bitmart,ACH/USDT:USDT,0.022332,8595.0,0.022405,478.0,0.022371,,386083304.0
1753504852594,04:40:52.594,bitmart,ACH/USDT:USDT,0.022338,4221.0,0.022408,1251.0,0.022373,,386094016.0
1753504855534,04:40:55.534,bitmart,ACH/USDT:USDT,0.022337,5093.0,0.02241,1611.0,0.022374,,386100474.0
1753504857516,04:40:57.516,bitmart,ACH/USDT:USDT,0.022339,4130.0,0.02241,1611.0,0.022373,,386107490.0
1753504858611,04:40:58.611,bitmart,ACH/USDT:USDT,0.022338,4413.0,0.022408,5667.0,0.022373,,386122644.0
1753504859524,04:40:59.524,bitmart,ACH/USDT:USDT,0.022338,4836.0,0.022408,7463.0,0.022373,,386137184.0
1753504861530,04:41:01.530,bitmart,ACH/USDT:USDT,0.022337,760.0,0.022408,8983.0,0.022373,,385908424.0
1753504862517,04:41:02.517,bitmart,ACH/USDT:USDT,0.022337,3952.0,0.022408,5271.0,0.022372,,385924760.0
1753504863611,04:41:03.611,bitmart,ACH/USDT:USDT,0.022337,3931.0,0.022408,5271.0,0.022372,,385924760.0
1753504865502,04:41:05.502,bitmart,ACH/USDT:USDT,0.022337,16919.0,0.02241,1315.0,0.022371,,385932074.0
1753504866617,04:41:06.617,bitmart,ACH/USDT:USDT,0.02234,5679.0,0.022412,18990.0,0.022377,,385940666.0
1753504867501,04:41:07.501,bitmart,ACH/USDT:USDT,0.02234,5679.0,0.022412,18990.0,0.022377,,385940666.0
1753504870527,04:41:10.527,bitmart,ACH/USDT:USDT,0.022345,5913.0,0.022415,153.0,0.02238,,385953894.0
1753504871501,04:41:11.501,bitmart,ACH/USDT:USDT,0.022342,5775.0,0.022415,153.0,0.02238,,385953894.0
1753504872619,04:41:12.619,bitmart,ACH/USDT:USDT,0.022342,1211.0,0.022415,1188.0,0.02238,,385962646.0
1753504873514,04:41:13.514,bitmart,ACH/USDT:USDT,0.022345,1410.0,0.022415,1188.0,0.02238,,385962646.0
1753504874621,04:41:14.621,bitmart,ACH/USDT:USDT,0.022342,1211.0,0.022415,1188.0,0.022379,,385969728.0
1753504875516,04:41:15.516,bitmart,ACH/USDT:USDT,0.022345,1366.0,0.022415,7914.0,0.022379,,385969728.0
1753504876543,04:41:16.543,bitmart,ACH/USDT:USDT,0.022342,1211.0,0.022415,1126.0,0.02238,,385975480.0
1753504877629,04:41:17.629,bitmart,ACH/USDT:USDT,0.022345,989.0,0.022415,1126.0,0.022381,,385982814.0
1753504879527,04:41:19.527,bitmart,ACH/USDT:USDT,0.022345,2474.0,0.022415,3122.0,0.022381,,385982814.0
1753504880513,04:41:20.513,bitmart,ACH/USDT:USDT,0.022342,2770.0,0.022415,3122.0,0.02238,,385988520.0
1753504881527,04:41:21.527,bitmart,ACH/USDT:USDT,0.022345,4267.0,0.022415,3122.0,0.02238,,385988520.0
1753504882609,04:41:22.609,bitmart,ACH/USDT:USDT,0.022342,6420.0,0.022415,3122.0,0.02238,,385996916.0
1753504883553,04:41:23.553,bitmart,ACH/USDT:USDT,0.022342,6420.0,0.022415,1646.0,0.02238,,385996916.0
1753504885531,04:41:25.531,bitmart,ACH/USDT:USDT,0.022345,10111.0,0.022415,1532.0,0.02238,,386005652.0
1753504886613,04:41:26.613,bitmart,ACH/USDT:USDT,0.022345,9752.0,0.022415,1532.0,0.022379,,386010726.0
1753504888593,04:41:28.593,bitmart,ACH/USDT:USDT,0.022342,10262.0,0.022415,1407.0,0.022379,,386010726.0
1753504890502,04:41:30.502,bitmart,ACH/USDT:USDT,0.022342,10262.0,0.022415,1407.0,0.02238,,386018728.0
1753504892610,04:41:32.610,bitmart,ACH/USDT:USDT,0.022345,22032.0,0.022415,1086.0,0.02238,,386025600.0
1753504895627,04:41:35.627,bitmart,ACH/USDT:USDT,0.022345,18862.0,0.022415,1179.0,0.02238,,386041692.0
1753504896520,04:41:36.520,bitmart,ACH/USDT:USDT,0.022345,18828.0,0.022415,1644.0,0.02238,,386041692.0
1753504898507,04:41:38.507,bitmart,ACH/USDT:USDT,0.022345,24792.0,0.022415,1262.0,0.022379,,386049484.0
1753504899604,04:41:39.604,bitmart,ACH/USDT:USDT,0.022345,23159.0,0.022415,1262.0,0.02238,,386054092.0
1753504900506,04:41:40.506,bitmart,ACH/USDT:USDT,0.022345,20389.0,0.022415,1262.0,0.02238,,386054092.0
1753504901527,04:41:41.527,bitmart,ACH/USDT:USDT,0.022345,25453.0,0.022415,2323.0,0.022381,,386058806.0
1753504902503,04:41:42.503,bitmart,ACH/USDT:USDT,0.022345,18615.0,0.022415,2323.0,0.022381,,386058806.0
1753504903612,04:41:43.612,bitmart,ACH/USDT:USDT,0.022345,20721.0,0.022415,2323.0,0.02238,,386067062.0
1753504904506,04:41:44.506,bitmart,ACH/USDT:USDT,0.022342,18332.0,0.022415,2323.0,0.02238,,386067062.0
1753504906502,04:41:46.502,bitmart,ACH/USDT:USDT,0.022345,17972.0,0.022415,2323.0,0.02238,,386075450.0
1753504908537,04:41:48.537,bitmart,ACH/USDT:USDT,0.022345,22585.0,0.022415,2323.0,0.022381,,386082554.0
1753504909610,04:41:49.610,bitmart,ACH/USDT:USDT,0.022345,21356.0,0.022415,2323.0,0.02238,,386087554.0
1753504910507,04:41:50.507,bitmart,ACH/USDT:USDT,0.022345,22998.0,0.022415,2323.0,0.02238,,386087554.0
1753504912503,04:41:52.503,bitmart,ACH/USDT:USDT,0.022345,20890.0,0.022415,2323.0,0.022381,,386095966.0
1753504913520,04:41:53.520,bitmart,ACH/USDT:USDT,0.022345,16593.0,0.022415,2323.0,0.02238,,386104806.0
1753504914529,04:41:54.529,bitmart,ACH/USDT:USDT,0.022345,16863.0,0.022415,2323.0,0.02238,,386104806.0
1753504915525,04:41:55.525,bitmart,ACH/USDT:USDT,0.022345,18024.0,0.022415,2323.0,0.022381,,386109956.0
1753504917515,04:41:57.515,bitmart,ACH/USDT:USDT,0.02234,11079.0,0.022412,6731.0,0.022381,,386109956.0
1753504918527,04:41:58.527,bitmart,ACH/USDT:USDT,0.02234,11079.0,0.022415,1969.0,0.022377,,386121302.0
1753504919623,04:41:59.623,bitmart,ACH/USDT:USDT,0.02234,11079.0,0.022412,3259.0,0.022378,,386141202.0
1753504922621,04:42:02.621,bitmart,ACH/USDT:USDT,0.02234,11079.0,0.022411,1945.0,0.022376,,385908744.0
1753504923512,04:42:03.512,bitmart,ACH/USDT:USDT,0.02234,11079.0,0.02241,2159.0,0.022376,,385908744.0
1753504925521,04:42:05.521,bitmart,ACH/USDT:USDT,0.02234,11079.0,0.022415,1557.0,0.022376,,385915452.0
1753504926502,04:42:06.502,bitmart,ACH/USDT:USDT,0.02234,11079.0,0.022411,1723.0,0.022376,,385915452.0
1753504927620,04:42:07.620,bitmart,ACH/USDT:USDT,0.02234,11079.0,0.022411,1777.0,0.022375,,385923494.0
1753504928526,04:42:08.526,bitmart,ACH/USDT:USDT,0.02234,11079.0,0.022411,1613.0,0.022375,,385923494.0
1753504929515,04:42:09.515,bitmart,ACH/USDT:USDT,0.02234,11079.0,0.022411,1203.0,0.022376,,385931758.0
1753504930504,04:42:10.504,bitmart,ACH/USDT:USDT,0.02234,11079.0,0.022412,1556.0,0.022376,,385931758.0
1753504931610,04:42:11.610,bitmart,ACH/USDT:USDT,0.02234,11079.0,0.022412,1559.0,0.022377,,385937642.0
1753504932606,04:42:12.606,bitmart,ACH/USDT:USDT,0.02234,11079.0,0.022412,1732.0,0.022377,,385943364.0
1753504933516,04:42:13.516,bitmart,ACH/USDT:USDT,0.02234,6591.0,0.022415,133.0,0.022377,,385943364.0
1753504934613,04:42:14.613,bitmart,ACH/USDT:USDT,0.02234,1088.0,0.022415,133.0,0.022379,,385951184.0
1753504935513,04:42:15.513,bitmart,ACH/USDT:USDT,0.022343,3077.0,0.022415,133.0,0.022379,,385951184.0
1753504936611,04:42:16.611,bitmart,ACH/USDT:USDT,0.022343,3048.0,0.022415,133.0,0.022379,,385959562.0
1753504937517,04:42:17.517,bitmart,ACH/USDT:USDT,0.022343,2239.0,0.022415,133.0,0.022379,,385959562.0
1753504938611,04:42:18.611,bitmart,ACH/USDT:USDT,0.022343,4053.0,0.022415,133.0,0.022379,,385966130.0
1753504939510,04:42:19.510,bitmart,ACH/USDT:USDT,0.022343,3210.0,0.022415,133.0,0.022379,,385966130.0
1753504943516,04:42:23.516,bitmart,ACH/USDT:USDT,0.022345,7128.0,0.022415,144.0,0.022381,,385979844.0
1753504944504,04:42:24.504,bitmart,ACH/USDT:USDT,0.022345,7128.0,0.022418,128.0,0.022381,,385979844.0
1753504946501,04:42:26.501,bitmart,ACH/USDT:USDT,0.022345,16160.0,0.022415,118.0,0.022382,,385986006.0
1753504949614,04:42:29.614,bitmart,ACH/USDT:USDT,0.022345,9002.0,0.022415,528.0,0.022382,,385999322.0
1753504950602,04:42:30.602,bitmart,ACH/USDT:USDT,0.022345,9002.0,0.022415,103.0,0.022382,,385999322.0
1753504951616,04:42:31.616,bitmart,ACH/USDT:USDT,0.022345,9002.0,0.022415,119.0,0.022381,,386006290.0
1753504952519,04:42:32.519,bitmart,ACH/USDT:USDT,0.022345,9002.0,0.022415,94.0,0.022381,,386006290.0
1753504953536,04:42:33.536,bitmart,ACH/USDT:USDT,0.022345,9002.0,0.022415,114.0,0.022381,,386013536.0
1753504954605,04:42:34.605,bitmart,ACH/USDT:USDT,0.022345,17375.0,0.022415,120.0,0.022381,,386013536.0
1753504955605,04:42:35.605,bitmart,ACH/USDT:USDT,0.022345,17375.0,0.022415,118.0,0.02238,,386020356.0
1753504956502,04:42:36.502,bitmart,ACH/USDT:USDT,0.022345,17375.0,0.022415,103.0,0.02238,,386020356.0
1753504957522,04:42:37.522,bitmart,ACH/USDT:USDT,0.022345,17375.0,0.022415,119.0,0.022381,,386028580.0
