timestamp,time,exchange,symbol,bid,bidVolume,ask,askVolume,lastPrice,baseVolume,quoteVolume
1753504794604,04:39:54.604,bitmart,AAVE/USDT:USDT,297.41,23.0,297.42,26.0,297.42,,1780130.0
1753504795601,04:39:55.601,bitmart,AAVE/USDT:USDT,297.41,23.0,297.42,26.0,297.42,,1780136.0
1753504796601,04:39:56.601,bitmart,AAVE/USDT:USDT,297.41,37.0,297.42,43.0,297.42,,1780136.0
1753504797642,04:39:57.642,bitmart,AAVE/USDT:USDT,297.41,79.0,297.42,20.0,297.42,,1780142.0
1753504798638,04:39:58.638,bitmart,AAVE/USDT:USDT,297.44,94.0,297.45,17.0,297.44,,1780146.0
1753504799645,04:39:59.645,bitmart,AAVE/USDT:USDT,297.44,40.0,297.45,36.0,297.45,,1780158.0
1753504800597,04:40:00.597,bitmart,AAVE/USDT:USDT,297.44,52.0,297.45,41.0,297.45,,1777010.0
1753504801602,04:40:01.602,bitmart,AAVE/USDT:USDT,297.44,52.0,297.45,41.0,297.45,,1777022.0
1753504802599,04:40:02.599,bitmart,AAVE/USDT:USDT,297.44,52.0,297.45,23.0,297.45,,1777026.0
1753504803587,04:40:03.587,bitmart,AAVE/USDT:USDT,297.44,38.0,297.45,24.0,297.44,,1777032.0
1753504804545,04:40:04.545,bitmart,AAVE/USDT:USDT,297.44,38.0,297.45,41.0,297.44,,1777032.0
1753504805641,04:40:05.641,bitmart,AAVE/USDT:USDT,297.44,62.0,297.45,46.0,297.44,,1777036.0
1753504806632,04:40:06.632,bitmart,AAVE/USDT:USDT,297.44,62.0,297.45,46.0,297.44,,1777040.0
1753504807639,04:40:07.639,bitmart,AAVE/USDT:USDT,297.44,44.0,297.45,28.0,297.44,,1777040.0
1753504808590,04:40:08.590,bitmart,AAVE/USDT:USDT,297.44,71.0,297.45,27.0,297.44,,1777040.0
1753504809598,04:40:09.598,bitmart,AAVE/USDT:USDT,297.44,73.0,297.45,16.0,297.44,,1777040.0
1753504810606,04:40:10.606,bitmart,AAVE/USDT:USDT,297.44,73.0,297.45,16.0,297.45,,1777044.0
1753504811588,04:40:11.588,bitmart,AAVE/USDT:USDT,297.44,66.0,297.45,20.0,297.44,,1777048.0
1753504812588,04:40:12.588,bitmart,AAVE/USDT:USDT,297.44,40.0,297.45,20.0,297.44,,1777054.0
1753504813586,04:40:13.586,bitmart,AAVE/USDT:USDT,297.44,40.0,297.45,36.0,297.45,,1777058.0
1753504814601,04:40:14.601,bitmart,AAVE/USDT:USDT,297.44,84.0,297.45,85.0,297.45,,1777058.0
1753504815592,04:40:15.592,bitmart,AAVE/USDT:USDT,297.44,44.0,297.45,49.0,297.45,,1777062.0
1753504816588,04:40:16.588,bitmart,AAVE/USDT:USDT,297.53,86.0,297.54,26.0,297.52,,1777138.0
1753504817587,04:40:17.587,bitmart,AAVE/USDT:USDT,297.53,57.0,297.54,4.0,297.52,,1777138.0
1753504818585,04:40:18.585,bitmart,AAVE/USDT:USDT,297.53,57.0,297.54,4.0,297.53,,1777142.0
1753504819585,04:40:19.585,bitmart,AAVE/USDT:USDT,297.53,27.0,297.54,20.0,297.53,,1777146.0
1753504820602,04:40:20.602,bitmart,AAVE/USDT:USDT,297.53,59.0,297.57,154.0,297.54,,1777150.0
1753504821530,04:40:21.530,bitmart,AAVE/USDT:USDT,297.55,21.0,297.56,23.0,297.54,,1777150.0
1753504822598,04:40:22.598,bitmart,AAVE/USDT:USDT,297.55,43.0,297.56,21.0,297.55,,1777154.0
1753504823576,04:40:23.576,bitmart,AAVE/USDT:USDT,297.55,43.0,297.56,16.0,297.56,,1777160.0
1753504824599,04:40:24.599,bitmart,AAVE/USDT:USDT,297.53,38.0,297.54,57.0,297.54,,1777178.0
1753504825598,04:40:25.598,bitmart,AAVE/USDT:USDT,297.53,38.0,297.54,57.0,297.54,,1777178.0
1753504826545,04:40:26.545,bitmart,AAVE/USDT:USDT,297.53,38.0,297.54,52.0,297.53,,1777182.0
1753504827542,04:40:27.542,bitmart,AAVE/USDT:USDT,297.51,16.0,297.52,106.0,297.53,,1777182.0
1753504828602,04:40:28.602,bitmart,AAVE/USDT:USDT,297.5,8.0,297.51,148.0,297.51,,1777222.0
1753504829602,04:40:29.602,bitmart,AAVE/USDT:USDT,297.5,8.0,297.51,98.0,297.51,,1777228.0
1753504830597,04:40:30.597,bitmart,AAVE/USDT:USDT,297.5,14.0,297.51,203.0,297.5,,1777232.0
1753504831587,04:40:31.587,bitmart,AAVE/USDT:USDT,297.5,32.0,297.51,45.0,297.5,,1777238.0
1753504832586,04:40:32.586,bitmart,AAVE/USDT:USDT,297.49,1.0,297.51,114.0,297.5,,1777242.0
1753504833600,04:40:33.600,bitmart,AAVE/USDT:USDT,297.5,58.0,297.51,9.0,297.5,,1777266.0
1753504834601,04:40:34.601,bitmart,AAVE/USDT:USDT,297.5,58.0,297.51,18.0,297.51,,1777270.0
1753504835551,04:40:35.551,bitmart,AAVE/USDT:USDT,297.53,27.0,297.54,1.0,297.51,,1777270.0
1753504836601,04:40:36.601,bitmart,AAVE/USDT:USDT,297.53,1.0,297.54,73.0,297.53,,1777274.0
1753504837541,04:40:37.541,bitmart,AAVE/USDT:USDT,297.53,1.0,297.54,73.0,297.53,,1777274.0
1753504838604,04:40:38.604,bitmart,AAVE/USDT:USDT,297.53,1.0,297.54,73.0,297.54,,1777278.0
1753504839586,04:40:39.586,bitmart,AAVE/USDT:USDT,297.42,159.0,297.45,76.0,297.48,,1777284.0
1753504840601,04:40:40.601,bitmart,AAVE/USDT:USDT,297.35,18.0,297.36,52.0,297.36,,1777290.0
1753504841600,04:40:41.600,bitmart,AAVE/USDT:USDT,297.35,18.0,297.36,52.0,297.35,,1777294.0
1753504842650,04:40:42.650,bitmart,AAVE/USDT:USDT,297.41,47.0,297.42,27.0,297.42,,1777324.0
1753504843546,04:40:43.546,bitmart,AAVE/USDT:USDT,297.39,18.0,297.4,24.0,297.42,,1777324.0
1753504844615,04:40:44.615,bitmart,AAVE/USDT:USDT,297.42,178.0,297.43,3.0,297.39,,1777330.0
1753504845639,04:40:45.639,bitmart,AAVE/USDT:USDT,297.42,178.0,297.46,64.0,297.42,,1777334.0
1753504846641,04:40:46.641,bitmart,AAVE/USDT:USDT,297.45,25.0,297.46,64.0,297.45,,1777340.0
1753504847639,04:40:47.639,bitmart,AAVE/USDT:USDT,297.45,34.0,297.46,34.0,297.45,,1777344.0
1753504848587,04:40:48.587,bitmart,AAVE/USDT:USDT,297.45,34.0,297.46,34.0,297.45,,1777344.0
1753504849612,04:40:49.612,bitmart,AAVE/USDT:USDT,297.49,78.0,297.5,21.0,297.45,,1777344.0
1753504850643,04:40:50.643,bitmart,AAVE/USDT:USDT,297.49,78.0,297.5,21.0,297.49,,1777352.0
1753504851643,04:40:51.643,bitmart,AAVE/USDT:USDT,297.49,78.0,297.5,3.0,297.49,,1777358.0
1753504852541,04:40:52.541,bitmart,AAVE/USDT:USDT,297.49,101.0,297.5,4.0,297.49,,1777364.0
1753504853640,04:40:53.640,bitmart,AAVE/USDT:USDT,297.51,159.0,297.54,1.0,297.49,,1777368.0
1753504854590,04:40:54.590,bitmart,AAVE/USDT:USDT,297.53,182.0,297.55,157.0,297.53,,1777428.0
1753504855625,04:40:55.625,bitmart,AAVE/USDT:USDT,297.54,173.0,297.55,19.0,297.54,,1777432.0
1753504856587,04:40:56.587,bitmart,AAVE/USDT:USDT,297.54,235.0,297.55,21.0,297.55,,1777436.0
1753504857602,04:40:57.602,bitmart,AAVE/USDT:USDT,297.54,240.0,297.55,21.0,297.55,,1777440.0
1753504858592,04:40:58.592,bitmart,AAVE/USDT:USDT,297.54,185.0,297.55,19.0,297.55,,1777448.0
1753504859603,04:40:59.603,bitmart,AAVE/USDT:USDT,297.54,185.0,297.55,13.0,297.55,,1777456.0
1753504860603,04:41:00.603,bitmart,AAVE/USDT:USDT,297.54,185.0,297.55,13.0,297.54,,1775546.0
1753504861601,04:41:01.601,bitmart,AAVE/USDT:USDT,297.54,171.0,297.55,6.0,297.55,,1775554.0
1753504862606,04:41:02.606,bitmart,AAVE/USDT:USDT,297.54,171.0,297.55,6.0,297.54,,1775558.0
1753504863587,04:41:03.587,bitmart,AAVE/USDT:USDT,297.54,169.0,297.55,6.0,297.54,,1775562.0
1753504864587,04:41:04.587,bitmart,AAVE/USDT:USDT,297.6,172.0,297.61,6.0,297.55,,1775566.0
1753504865591,04:41:05.591,bitmart,AAVE/USDT:USDT,297.6,172.0,297.62,141.0,297.55,,1775566.0
1753504866597,04:41:06.597,bitmart,AAVE/USDT:USDT,297.63,188.0,297.64,2.0,297.63,,1775584.0
1753504867586,04:41:07.586,bitmart,AAVE/USDT:USDT,297.63,188.0,297.64,30.0,297.64,,1775598.0
1753504868639,04:41:08.639,bitmart,AAVE/USDT:USDT,297.64,219.0,297.65,3.0,297.64,,1775598.0
1753504869640,04:41:09.640,bitmart,AAVE/USDT:USDT,297.64,219.0,297.65,4.0,297.64,,1775604.0
1753504870603,04:41:10.603,bitmart,AAVE/USDT:USDT,297.64,219.0,297.65,23.0,297.65,,1775610.0
1753504871587,04:41:11.587,bitmart,AAVE/USDT:USDT,297.64,219.0,297.65,23.0,297.64,,1775614.0
1753504872588,04:41:12.588,bitmart,AAVE/USDT:USDT,297.64,196.0,297.65,20.0,297.64,,1775614.0
1753504873586,04:41:13.586,bitmart,AAVE/USDT:USDT,297.64,147.0,297.65,4.0,297.64,,1775614.0
1753504874596,04:41:14.596,bitmart,AAVE/USDT:USDT,297.64,147.0,297.65,39.0,297.65,,1775618.0
1753504875586,04:41:15.586,bitmart,AAVE/USDT:USDT,297.64,147.0,297.65,20.0,297.64,,1775624.0
1753504876595,04:41:16.595,bitmart,AAVE/USDT:USDT,297.64,214.0,297.66,4.0,297.64,,1775624.0
1753504877625,04:41:17.625,bitmart,AAVE/USDT:USDT,297.65,166.0,297.66,4.0,297.64,,1775624.0
1753504878597,04:41:18.597,bitmart,AAVE/USDT:USDT,297.65,154.0,297.66,3.0,297.64,,1775624.0
1753504879554,04:41:19.554,bitmart,AAVE/USDT:USDT,297.65,149.0,297.66,3.0,297.65,,1775628.0
1753504880598,04:41:20.598,bitmart,AAVE/USDT:USDT,297.65,149.0,297.66,3.0,297.65,,1775628.0
1753504881589,04:41:21.589,bitmart,AAVE/USDT:USDT,297.65,168.0,297.66,3.0,297.66,,1775634.0
1753504882599,04:41:22.599,bitmart,AAVE/USDT:USDT,297.65,230.0,297.66,5.0,297.66,,1775640.0
1753504883585,04:41:23.585,bitmart,AAVE/USDT:USDT,297.65,230.0,297.66,5.0,297.66,,1775640.0
1753504884586,04:41:24.586,bitmart,AAVE/USDT:USDT,297.65,97.0,297.66,4.0,297.65,,1775646.0
1753504885589,04:41:25.589,bitmart,AAVE/USDT:USDT,297.67,143.0,297.68,42.0,297.65,,1775646.0
1753504886607,04:41:26.607,bitmart,AAVE/USDT:USDT,297.67,143.0,297.68,42.0,297.68,,1775654.0
1753504887586,04:41:27.586,bitmart,AAVE/USDT:USDT,297.67,109.0,297.68,85.0,297.69,,1776140.0
1753504888596,04:41:28.596,bitmart,AAVE/USDT:USDT,297.67,17.0,297.68,85.0,297.68,,1776148.0
1753504889641,04:41:29.641,bitmart,AAVE/USDT:USDT,297.67,163.0,297.68,2.0,297.67,,1776152.0
1753504890634,04:41:30.634,bitmart,AAVE/USDT:USDT,297.67,163.0,297.68,2.0,297.67,,1776152.0
1753504891549,04:41:31.549,bitmart,AAVE/USDT:USDT,297.71,47.0,297.72,47.0,297.67,,1776152.0
1753504892534,04:41:32.534,bitmart,AAVE/USDT:USDT,297.71,47.0,297.72,47.0,297.67,,1776152.0
1753504893541,04:41:33.541,bitmart,AAVE/USDT:USDT,297.71,66.0,297.72,5.0,297.71,,1776156.0
1753504894600,04:41:34.600,bitmart,AAVE/USDT:USDT,297.72,142.0,297.73,39.0,297.72,,1776162.0
