timestamp,time,exchange,symbol,bid,bidVolume,ask,askVolume,lastPrice,baseVolume,quoteVolume
1753507242597,05:20:42.597,bitmart,AAVE/USDT:USDT,298.55,99.0,298.56,211.0,298.55,,1746212.0
1753507243589,05:20:43.589,bitmart,AAVE/USDT:USDT,298.59,218.0,298.61,14.0,298.55,,1746212.0
1753507244601,05:20:44.601,bitmart,AAVE/USDT:USDT,298.6,172.0,298.61,34.0,298.59,,1746292.0
1753507245642,05:20:45.642,bitmart,AAVE/USDT:USDT,298.6,81.0,298.61,34.0,298.61,,1746296.0
1753507246642,05:20:46.642,bitmart,AAVE/USDT:USDT,298.6,81.0,298.61,34.0,298.6,,1746310.0
1753507247546,05:20:47.546,bitmart,AAVE/USDT:USDT,298.6,96.0,298.61,46.0,298.6,,1746314.0
1753507248590,05:20:48.590,bitmart,AAVE/USDT:USDT,298.6,90.0,298.61,50.0,298.61,,1746318.0
1753507249635,05:20:49.635,bitmart,AAVE/USDT:USDT,298.6,90.0,298.61,50.0,298.61,,1746318.0
1753507250641,05:20:50.641,bitmart,AAVE/USDT:USDT,298.6,11.0,298.61,147.0,298.61,,1746318.0
1753507251562,05:20:51.562,bitmart,AAVE/USDT:USDT,298.6,9.0,298.61,121.0,298.6,,1746322.0
1753507252602,05:20:52.602,bitmart,AAVE/USDT:USDT,298.6,33.0,298.61,121.0,298.61,,1746328.0
1753507253546,05:20:53.546,bitmart,AAVE/USDT:USDT,298.6,31.0,298.61,103.0,298.61,,1746334.0
1753507254601,05:20:54.601,bitmart,AAVE/USDT:USDT,298.6,31.0,298.61,103.0,298.61,,1746334.0
1753507255592,05:20:55.592,bitmart,AAVE/USDT:USDT,298.6,29.0,298.61,159.0,298.61,,1746334.0
1753507256597,05:20:56.597,bitmart,AAVE/USDT:USDT,298.6,30.0,298.61,135.0,298.61,,1746334.0
1753507257641,05:20:57.641,bitmart,AAVE/USDT:USDT,298.6,26.0,298.61,104.0,298.61,,1746334.0
1753507258548,05:20:58.548,bitmart,AAVE/USDT:USDT,298.6,26.0,298.61,104.0,298.61,,1746348.0
1753507259652,05:20:59.652,bitmart,AAVE/USDT:USDT,298.6,121.0,298.61,80.0,298.61,,1746352.0
1753507260565,05:21:00.565,bitmart,AAVE/USDT:USDT,298.6,206.0,298.61,181.0,298.61,,1744546.0
1753507261591,05:21:01.591,bitmart,AAVE/USDT:USDT,298.6,85.0,298.61,101.0,298.6,,1744554.0
1753507262549,05:21:02.549,bitmart,AAVE/USDT:USDT,298.6,79.0,298.61,60.0,298.6,,1744558.0
1753507263646,05:21:03.646,bitmart,AAVE/USDT:USDT,298.6,164.0,298.61,128.0,298.61,,1744562.0
1753507264638,05:21:04.638,bitmart,AAVE/USDT:USDT,298.6,203.0,298.61,145.0,298.61,,1744562.0
1753507265640,05:21:05.640,bitmart,AAVE/USDT:USDT,298.6,118.0,298.61,77.0,298.61,,1744562.0
1753507266616,05:21:06.616,bitmart,AAVE/USDT:USDT,298.6,157.0,298.61,69.0,298.61,,1744566.0
1753507267544,05:21:07.544,bitmart,AAVE/USDT:USDT,298.6,117.0,298.61,107.0,298.61,,1744566.0
1753507268562,05:21:08.562,bitmart,AAVE/USDT:USDT,298.73,66.0,298.74,29.0,298.63,,1744672.0
1753507269591,05:21:09.591,bitmart,AAVE/USDT:USDT,298.73,66.0,298.74,29.0,298.73,,1744678.0
1753507270590,05:21:10.590,bitmart,AAVE/USDT:USDT,298.77,136.0,298.8,121.0,298.77,,1744760.0
1753507271606,05:21:11.606,bitmart,AAVE/USDT:USDT,298.79,102.0,298.8,29.0,298.79,,1744770.0
1753507272547,05:21:12.547,bitmart,AAVE/USDT:USDT,298.79,100.0,298.8,54.0,298.79,,1744770.0
1753507273591,05:21:13.591,bitmart,AAVE/USDT:USDT,298.79,33.0,298.8,54.0,298.79,,1744770.0
1753507274615,05:21:14.615,bitmart,AAVE/USDT:USDT,298.79,72.0,298.8,54.0,298.79,,1744776.0
1753507275634,05:21:15.634,bitmart,AAVE/USDT:USDT,298.79,39.0,298.8,53.0,298.79,,1744776.0
1753507276548,05:21:16.548,bitmart,AAVE/USDT:USDT,298.79,68.0,298.8,53.0,298.79,,1744776.0
1753507277594,05:21:17.594,bitmart,AAVE/USDT:USDT,298.79,68.0,298.8,53.0,298.79,,1744782.0
1753507278615,05:21:18.615,bitmart,AAVE/USDT:USDT,298.79,9.0,298.8,46.0,298.79,,1744786.0
1753507279608,05:21:19.608,bitmart,AAVE/USDT:USDT,298.79,35.0,298.8,97.0,298.79,,1744790.0
1753507281591,05:21:21.591,bitmart,AAVE/USDT:USDT,298.79,56.0,298.8,36.0,298.79,,1744790.0
1753507282590,05:21:22.590,bitmart,AAVE/USDT:USDT,298.79,56.0,298.8,36.0,298.79,,1744790.0
1753507283603,05:21:23.603,bitmart,AAVE/USDT:USDT,298.79,15.0,298.8,97.0,298.79,,1744790.0
1753507284590,05:21:24.590,bitmart,AAVE/USDT:USDT,298.79,62.0,298.8,54.0,298.79,,1744790.0
1753507285602,05:21:25.602,bitmart,AAVE/USDT:USDT,298.79,109.0,298.8,39.0,298.79,,1744800.0
1753507286595,05:21:26.595,bitmart,AAVE/USDT:USDT,298.81,1.0,298.82,62.0,298.79,,1744800.0
1753507287621,05:21:27.621,bitmart,AAVE/USDT:USDT,298.81,4.0,298.82,62.0,298.79,,1744800.0
1753507288601,05:21:28.601,bitmart,AAVE/USDT:USDT,298.81,6.0,298.82,81.0,298.81,,1744806.0
1753507289594,05:21:29.594,bitmart,AAVE/USDT:USDT,298.79,27.0,298.8,210.0,298.8,,1744836.0
1753507290595,05:21:30.595,bitmart,AAVE/USDT:USDT,298.79,48.0,298.8,198.0,298.79,,1744840.0
1753507291610,05:21:31.610,bitmart,AAVE/USDT:USDT,298.72,19.0,298.75,209.0,298.79,,1744844.0
1753507292603,05:21:32.603,bitmart,AAVE/USDT:USDT,298.72,1.0,298.73,207.0,298.73,,1744874.0
1753507293646,05:21:33.646,bitmart,AAVE/USDT:USDT,298.7,26.0,298.73,153.0,298.73,,1744878.0
1753507294621,05:21:34.621,bitmart,AAVE/USDT:USDT,298.7,9.0,298.71,46.0,298.73,,1744878.0
1753507295608,05:21:35.608,bitmart,AAVE/USDT:USDT,298.7,44.0,298.71,46.0,298.73,,1744878.0
1753507296645,05:21:36.645,bitmart,AAVE/USDT:USDT,298.69,15.0,298.7,187.0,298.7,,1744882.0
1753507297644,05:21:37.644,bitmart,AAVE/USDT:USDT,298.7,1.0,298.71,29.0,298.71,,1744960.0
1753507298645,05:21:38.645,bitmart,AAVE/USDT:USDT,298.7,87.0,298.71,45.0,298.71,,1744966.0
1753507299547,05:21:39.547,bitmart,AAVE/USDT:USDT,298.7,41.0,298.71,43.0,298.71,,1744966.0
1753507300649,05:21:40.649,bitmart,AAVE/USDT:USDT,298.7,34.0,298.71,43.0,298.71,,1744970.0
1753507301649,05:21:41.649,bitmart,AAVE/USDT:USDT,298.7,37.0,298.71,43.0,298.7,,1744976.0
1753507302591,05:21:42.591,bitmart,AAVE/USDT:USDT,298.7,3.0,298.71,43.0,298.7,,1744976.0
1753507303592,05:21:43.592,bitmart,AAVE/USDT:USDT,298.7,64.0,298.71,43.0,298.71,,1744980.0
1753507304591,05:21:44.591,bitmart,AAVE/USDT:USDT,298.7,64.0,298.71,43.0,298.71,,1744988.0
1753507305609,05:21:45.609,bitmart,AAVE/USDT:USDT,298.7,64.0,298.71,70.0,298.71,,1744992.0
1753507306592,05:21:46.592,bitmart,AAVE/USDT:USDT,298.7,64.0,298.71,70.0,298.71,,1744996.0
1753507307592,05:21:47.592,bitmart,AAVE/USDT:USDT,298.7,18.0,298.71,75.0,298.71,,1744996.0
1753507308590,05:21:48.590,bitmart,AAVE/USDT:USDT,298.7,173.0,298.72,113.0,298.71,,1744996.0
1753507309604,05:21:49.604,bitmart,AAVE/USDT:USDT,298.71,80.0,298.72,113.0,298.72,,1745002.0
1753507310620,05:21:50.620,bitmart,AAVE/USDT:USDT,298.71,77.0,298.72,117.0,298.71,,1745008.0
1753507311550,05:21:51.550,bitmart,AAVE/USDT:USDT,298.71,22.0,298.72,97.0,298.71,,1745014.0
1753507312602,05:21:52.602,bitmart,AAVE/USDT:USDT,298.71,22.0,298.72,97.0,298.71,,1745020.0
1753507313604,05:21:53.604,bitmart,AAVE/USDT:USDT,298.71,35.0,298.72,155.0,298.71,,1745026.0
1753507314592,05:21:54.592,bitmart,AAVE/USDT:USDT,298.71,38.0,298.72,119.0,298.71,,1745026.0
1753507315601,05:21:55.601,bitmart,AAVE/USDT:USDT,298.71,21.0,298.72,119.0,298.71,,1745032.0
1753507316592,05:21:56.592,bitmart,AAVE/USDT:USDT,298.68,27.0,298.69,61.0,298.71,,1745056.0
1753507317590,05:21:57.590,bitmart,AAVE/USDT:USDT,298.68,27.0,298.69,61.0,298.68,,1745084.0
1753507318591,05:21:58.591,bitmart,AAVE/USDT:USDT,298.68,29.0,298.69,99.0,298.69,,1745092.0
1753507319603,05:21:59.603,bitmart,AAVE/USDT:USDT,298.68,54.0,298.69,185.0,298.68,,1745108.0
1753507320604,05:22:00.604,bitmart,AAVE/USDT:USDT,298.68,25.0,298.69,86.0,298.69,,1743390.0
1753507321603,05:22:01.603,bitmart,AAVE/USDT:USDT,298.68,90.0,298.69,40.0,298.68,,1743402.0
1753507322602,05:22:02.602,bitmart,AAVE/USDT:USDT,298.72,149.0,298.73,30.0,298.69,,1743406.0
1753507323605,05:22:03.605,bitmart,AAVE/USDT:USDT,298.72,149.0,298.73,30.0,298.69,,1743406.0
1753507325534,05:22:05.534,bitmart,AAVE/USDT:USDT,298.72,97.0,298.73,50.0,298.73,,1743412.0
1753507326650,05:22:06.650,bitmart,AAVE/USDT:USDT,298.7,62.0,298.71,128.0,298.72,,1743476.0
1753507327546,05:22:07.546,bitmart,AAVE/USDT:USDT,298.7,62.0,298.71,85.0,298.72,,1743476.0
1753507328595,05:22:08.595,bitmart,AAVE/USDT:USDT,298.7,181.0,298.73,33.0,298.7,,1743480.0
1753507329603,05:22:09.603,bitmart,AAVE/USDT:USDT,298.72,166.0,298.73,52.0,298.73,,1743484.0
1753507330611,05:22:10.611,bitmart,AAVE/USDT:USDT,298.72,67.0,298.73,52.0,298.73,,1743484.0
1753507331590,05:22:11.590,bitmart,AAVE/USDT:USDT,298.72,134.0,298.73,133.0,298.73,,1743494.0
1753507332595,05:22:12.595,bitmart,AAVE/USDT:USDT,298.72,67.0,298.73,161.0,298.72,,1743498.0
1753507333590,05:22:13.590,bitmart,AAVE/USDT:USDT,298.72,40.0,298.73,96.0,298.72,,1743498.0
1753507334590,05:22:14.590,bitmart,AAVE/USDT:USDT,298.72,36.0,298.73,100.0,298.72,,1743508.0
1753507335601,05:22:15.601,bitmart,AAVE/USDT:USDT,298.72,11.0,298.73,100.0,298.73,,1743512.0
1753507336591,05:22:16.591,bitmart,AAVE/USDT:USDT,298.72,52.0,298.73,100.0,298.73,,1743518.0
1753507337648,05:22:17.648,bitmart,AAVE/USDT:USDT,298.72,178.0,298.73,100.0,298.73,,1743522.0
1753507338537,05:22:18.537,bitmart,AAVE/USDT:USDT,298.72,162.0,298.73,134.0,298.73,,1743522.0
1753507339647,05:22:19.647,bitmart,AAVE/USDT:USDT,298.72,311.0,298.73,280.0,298.72,,1743526.0
1753507340536,05:22:20.536,bitmart,AAVE/USDT:USDT,298.72,149.0,298.73,146.0,298.72,,1743526.0
1753507341601,05:22:21.601,bitmart,AAVE/USDT:USDT,298.72,203.0,298.73,175.0,298.73,,1743530.0
1753507342590,05:22:22.590,bitmart,AAVE/USDT:USDT,298.72,203.0,298.73,175.0,298.73,,1743538.0
1753507343605,05:22:23.605,bitmart,AAVE/USDT:USDT,298.89,192.0,298.9,104.0,298.89,,1743688.0
1753507344591,05:22:24.591,bitmart,AAVE/USDT:USDT,298.89,13.0,298.9,104.0,298.89,,1743688.0
1753507345605,05:22:25.605,bitmart,AAVE/USDT:USDT,298.88,26.0,298.89,169.0,298.89,,1743714.0
1753507346592,05:22:26.592,bitmart,AAVE/USDT:USDT,298.84,180.0,298.85,117.0,298.88,,1743718.0
1753507347601,05:22:27.601,bitmart,AAVE/USDT:USDT,299.02,188.0,299.03,49.0,298.84,,1743726.0
1753507348636,05:22:28.636,bitmart,AAVE/USDT:USDT,298.93,36.0,298.94,150.0,299.01,,1743916.0
1753507349606,05:22:29.606,bitmart,AAVE/USDT:USDT,298.93,112.0,298.94,150.0,298.93,,1744018.0
1753507350595,05:22:30.595,bitmart,AAVE/USDT:USDT,299.05,4.0,299.12,12.0,299.11,,1744406.0
1753507351604,05:22:31.604,bitmart,AAVE/USDT:USDT,299.03,76.0,299.04,153.0,299.03,,1744456.0
1753507352558,05:22:32.558,bitmart,AAVE/USDT:USDT,298.98,161.0,298.99,90.0,299.03,,1744456.0
1753507353601,05:22:33.601,bitmart,AAVE/USDT:USDT,299.0,71.0,299.01,47.0,299.0,,1744478.0
1753507354593,05:22:34.593,bitmart,AAVE/USDT:USDT,299.13,200.0,299.14,138.0,299.0,,1744498.0
1753507355611,05:22:35.611,bitmart,AAVE/USDT:USDT,299.08,16.0,299.09,127.0,299.1,,1744686.0
1753507356593,05:22:36.593,bitmart,AAVE/USDT:USDT,299.04,167.0,299.05,69.0,299.05,,1744700.0
1753507357604,05:22:37.604,bitmart,AAVE/USDT:USDT,299.04,36.0,299.05,69.0,299.04,,1744714.0
1753507358609,05:22:38.609,bitmart,AAVE/USDT:USDT,299.16,54.0,299.17,63.0,299.04,,1744714.0
1753507359605,05:22:39.605,bitmart,AAVE/USDT:USDT,299.16,54.0,299.17,63.0,299.04,,1744714.0
1753507360549,05:22:40.549,bitmart,AAVE/USDT:USDT,299.16,54.0,299.17,138.0,299.17,,1744832.0
1753507361634,05:22:41.634,bitmart,AAVE/USDT:USDT,299.16,40.0,299.17,139.0,299.17,,1744836.0
1753507362579,05:22:42.579,bitmart,AAVE/USDT:USDT,299.16,101.0,299.17,139.0,299.16,,1744850.0
