timestamp,time,exchange,symbol,bid,bidVolume,ask,askVolume,lastPrice,baseVolume,quoteVolume
1753507208053,05:20:08.053,blofin,ACH/USDT:USDT,0.02235,2394.0,0.02237,5220.0,0.02238,607118.0,
1753507208053,05:20:08.053,blofin,ACH/USDT:USDT,0.02235,2394.0,0.02237,5220.0,0.02238,607118.0,
1753507208053,05:20:08.053,blofin,ACH/USDT:USDT,0.02235,2394.0,0.02237,5222.0,0.02238,607118.0,
1753507208053,05:20:08.053,blofin,ACH/USDT:USDT,0.02235,2394.0,0.02237,5222.0,0.02238,607118.0,
1753507208053,05:20:08.053,blofin,ACH/USDT:USDT,0.02235,2338.0,0.02237,5280.0,0.02238,607118.0,
1753507208053,05:20:08.053,blofin,ACH/USDT:USDT,0.02235,2338.0,0.02237,5280.0,0.02238,607118.0,
1753507208053,05:20:08.053,blofin,ACH/USDT:USDT,0.02235,2335.0,0.02237,5280.0,0.02238,607118.0,
1753507208053,05:20:08.053,blofin,ACH/USDT:USDT,0.02235,2335.0,0.02237,5278.0,0.02238,607118.0,
1753507208053,05:20:08.053,blofin,ACH/USDT:USDT,0.02235,2335.0,0.02237,5278.0,0.02238,607118.0,
1753507208053,05:20:08.053,blofin,ACH/USDT:USDT,0.02235,2338.0,0.02237,5222.0,0.02238,607118.0,
1753507208053,05:20:08.053,blofin,ACH/USDT:USDT,0.02235,2338.0,0.02237,5224.0,0.02238,607118.0,
1753507208053,05:20:08.053,blofin,ACH/USDT:USDT,0.02235,2338.0,0.02237,5221.0,0.02238,607118.0,
1753507208053,05:20:08.053,blofin,ACH/USDT:USDT,0.02235,2338.0,0.02237,5221.0,0.02238,607118.0,
1753507208053,05:20:08.053,blofin,ACH/USDT:USDT,0.02235,2394.0,0.02237,5223.0,0.02238,607118.0,
1753507208053,05:20:08.053,blofin,ACH/USDT:USDT,0.02235,2390.0,0.02237,5223.0,0.02238,607118.0,
1753507208053,05:20:08.053,blofin,ACH/USDT:USDT,0.02235,2390.0,0.02237,5223.0,0.02238,607118.0,
1753507208053,05:20:08.053,blofin,ACH/USDT:USDT,0.02235,1166.0,0.02237,5280.0,0.02238,607118.0,
1753507208053,05:20:08.053,blofin,ACH/USDT:USDT,0.02235,1166.0,0.02237,5224.0,0.02238,607118.0,
1753507208053,05:20:08.053,blofin,ACH/USDT:USDT,0.02235,1167.0,0.02237,5224.0,0.02238,607118.0,
1753507208053,05:20:08.053,blofin,ACH/USDT:USDT,0.02235,1167.0,0.02237,5280.0,0.02238,607118.0,
1753507208053,05:20:08.053,blofin,ACH/USDT:USDT,0.02235,1167.0,0.02237,5280.0,0.02238,607118.0,
1753507208053,05:20:08.053,blofin,ACH/USDT:USDT,0.02235,1166.0,0.02237,5274.0,0.02238,607118.0,
1753507208053,05:20:08.053,blofin,ACH/USDT:USDT,0.02235,1169.0,0.02237,5274.0,0.02238,607118.0,
1753507208053,05:20:08.053,blofin,ACH/USDT:USDT,0.02235,1169.0,0.02237,5274.0,0.02238,607118.0,
1753507208053,05:20:08.053,blofin,ACH/USDT:USDT,0.02235,1169.0,0.02237,5278.0,0.02238,607118.0,
1753507208053,05:20:08.053,blofin,ACH/USDT:USDT,0.02235,73.0,0.02237,5230.0,0.02238,607118.0,
1753507208053,05:20:08.053,blofin,ACH/USDT:USDT,0.02235,73.0,0.02237,5230.0,0.02238,607118.0,
1753507208053,05:20:08.053,blofin,ACH/USDT:USDT,0.02235,73.0,0.02237,5230.0,0.02238,607118.0,
1753507208053,05:20:08.053,blofin,ACH/USDT:USDT,0.02235,72.0,0.02237,5230.0,0.02238,607118.0,
1753507208053,05:20:08.053,blofin,ACH/USDT:USDT,0.02235,72.0,0.02237,5230.0,0.02238,607118.0,
1753507208053,05:20:08.053,blofin,ACH/USDT:USDT,0.02235,74.0,0.02237,5227.0,0.02238,607118.0,
1753507208053,05:20:08.053,blofin,ACH/USDT:USDT,0.02235,2633.0,0.02237,2819.0,0.02238,607118.0,
1753507208053,05:20:08.053,blofin,ACH/USDT:USDT,0.02235,2630.0,0.02237,2819.0,0.02238,607118.0,
1753507208053,05:20:08.053,blofin,ACH/USDT:USDT,0.02235,2631.0,0.02237,2819.0,0.02238,607118.0,
1753507208053,05:20:08.053,blofin,ACH/USDT:USDT,0.02235,3719.0,0.02237,2459.0,0.02238,607118.0,
1753507208053,05:20:08.053,blofin,ACH/USDT:USDT,0.02235,3719.0,0.02237,2459.0,0.02238,607118.0,
1753507208053,05:20:08.053,blofin,ACH/USDT:USDT,0.02235,3719.0,0.02237,2460.0,0.02238,607118.0,
1753507208053,05:20:08.053,blofin,ACH/USDT:USDT,0.02235,5698.0,0.02237,412.0,0.02238,607118.0,
1753507208053,05:20:08.053,blofin,ACH/USDT:USDT,0.02235,5695.0,0.02237,410.0,0.02238,607118.0,
1753507208053,05:20:08.053,blofin,ACH/USDT:USDT,0.02235,5695.0,0.02237,410.0,0.02238,607118.0,
1753507208053,05:20:08.053,blofin,ACH/USDT:USDT,0.02235,5695.0,0.02237,1306.0,0.02238,607118.0,
1753507208053,05:20:08.053,blofin,ACH/USDT:USDT,0.02235,5695.0,0.02237,413.0,0.02238,607118.0,
1753507208053,05:20:08.053,blofin,ACH/USDT:USDT,0.02235,5695.0,0.02237,413.0,0.02238,607118.0,
1753507208053,05:20:08.053,blofin,ACH/USDT:USDT,0.02235,5695.0,0.02237,211.0,0.02238,607118.0,
1753507208053,05:20:08.053,blofin,ACH/USDT:USDT,0.02235,5694.0,0.02237,419.0,0.02238,607118.0,
1753507208053,05:20:08.053,blofin,ACH/USDT:USDT,0.02235,5694.0,0.02237,419.0,0.02238,607118.0,
1753507208053,05:20:08.053,blofin,ACH/USDT:USDT,0.02235,5697.0,0.02237,419.0,0.02238,607118.0,
1753507268053,05:21:08.053,blofin,ACH/USDT:USDT,0.02235,5695.0,0.02237,418.0,0.02238,607107.0,
1753507268053,05:21:08.053,blofin,ACH/USDT:USDT,0.02235,5694.0,0.02237,421.0,0.02238,607107.0,
1753507268053,05:21:08.053,blofin,ACH/USDT:USDT,0.02235,5695.0,0.02237,198.0,0.02238,607107.0,
1753507268053,05:21:08.053,blofin,ACH/USDT:USDT,0.02235,5721.0,0.02237,198.0,0.02238,607107.0,
1753507268053,05:21:08.053,blofin,ACH/USDT:USDT,0.02235,5721.0,0.02237,196.0,0.02238,607107.0,
1753507268053,05:21:08.053,blofin,ACH/USDT:USDT,0.02235,5721.0,0.02237,196.0,0.02238,607107.0,
1753507268053,05:21:08.053,blofin,ACH/USDT:USDT,0.02235,5721.0,0.02237,196.0,0.02238,607107.0,
1753507268053,05:21:08.053,blofin,ACH/USDT:USDT,0.02235,5722.0,0.02237,194.0,0.02238,607107.0,
1753507274552,05:21:14.552,blofin,ACH/USDT:USDT,0.02235,8018.0,0.02237,196.0,0.02237,607117.0,
1753507274552,05:21:14.552,blofin,ACH/USDT:USDT,0.02235,8018.0,0.02237,193.0,0.02237,607117.0,
1753507274552,05:21:14.552,blofin,ACH/USDT:USDT,0.02236,2275.0,0.02237,1.0,0.02237,607117.0,
1753507274552,05:21:14.552,blofin,ACH/USDT:USDT,0.02236,2275.0,0.02237,1.0,0.02237,607117.0,
1753507274552,05:21:14.552,blofin,ACH/USDT:USDT,0.02236,2381.0,0.02237,1.0,0.02237,607117.0,
1753507274552,05:21:14.552,blofin,ACH/USDT:USDT,0.02236,2378.0,0.02237,1.0,0.02237,607117.0,
1753507274552,05:21:14.552,blofin,ACH/USDT:USDT,0.02236,2378.0,0.02237,1.0,0.02237,607117.0,
1753507274552,05:21:14.552,blofin,ACH/USDT:USDT,0.02236,2378.0,0.02237,1.0,0.02237,607117.0,
1753507274552,05:21:14.552,blofin,ACH/USDT:USDT,0.02236,2378.0,0.02237,1.0,0.02237,607117.0,
1753507274552,05:21:14.552,blofin,ACH/USDT:USDT,0.02236,2378.0,0.02237,1.0,0.02237,607117.0,
1753507274552,05:21:14.552,blofin,ACH/USDT:USDT,0.02236,2378.0,0.02237,1.0,0.02237,607117.0,
1753507274552,05:21:14.552,blofin,ACH/USDT:USDT,0.02236,2378.0,0.02237,1.0,0.02237,607117.0,
1753507274552,05:21:14.552,blofin,ACH/USDT:USDT,0.02236,2434.0,0.02237,1.0,0.02237,607117.0,
1753507274552,05:21:14.552,blofin,ACH/USDT:USDT,0.02236,2438.0,0.02238,1823.0,0.02237,607117.0,
1753507274552,05:21:14.552,blofin,ACH/USDT:USDT,0.02236,2438.0,0.02238,1823.0,0.02237,607117.0,
1753507274552,05:21:14.552,blofin,ACH/USDT:USDT,0.02236,2437.0,0.02238,1822.0,0.02237,607117.0,
1753507274552,05:21:14.552,blofin,ACH/USDT:USDT,0.02236,2439.0,0.02238,1822.0,0.02237,607117.0,
1753507274552,05:21:14.552,blofin,ACH/USDT:USDT,0.02236,2439.0,0.02238,1822.0,0.02237,607117.0,
1753507274552,05:21:14.552,blofin,ACH/USDT:USDT,0.02236,2441.0,0.02238,2854.0,0.02237,607117.0,
1753507274552,05:21:14.552,blofin,ACH/USDT:USDT,0.02236,2437.0,0.02238,2853.0,0.02237,607117.0,
1753507274552,05:21:14.552,blofin,ACH/USDT:USDT,0.02236,2438.0,0.02238,2998.0,0.02237,607117.0,
1753507274552,05:21:14.552,blofin,ACH/USDT:USDT,0.02236,2430.0,0.02238,3260.0,0.02237,607117.0,
1753507274552,05:21:14.552,blofin,ACH/USDT:USDT,0.02236,2429.0,0.02238,3260.0,0.02237,607117.0,
1753507274552,05:21:14.552,blofin,ACH/USDT:USDT,0.02236,2433.0,0.02238,3404.0,0.02237,607117.0,
1753507274552,05:21:14.552,blofin,ACH/USDT:USDT,0.02236,2433.0,0.02238,3404.0,0.02237,607117.0,
1753507274552,05:21:14.552,blofin,ACH/USDT:USDT,0.02236,1309.0,0.02238,3404.0,0.02237,607117.0,
1753507274552,05:21:14.552,blofin,ACH/USDT:USDT,0.02236,1309.0,0.02238,3407.0,0.02237,607117.0,
1753507274552,05:21:14.552,blofin,ACH/USDT:USDT,0.02236,1095.0,0.02238,7.0,0.02237,607117.0,
1753507274552,05:21:14.552,blofin,ACH/USDT:USDT,0.02236,1095.0,0.02238,3.0,0.02237,607117.0,
1753507274552,05:21:14.552,blofin,ACH/USDT:USDT,0.02236,1095.0,0.02238,5007.0,0.02237,607117.0,
1753507274552,05:21:14.552,blofin,ACH/USDT:USDT,0.02236,1319.0,0.02238,3404.0,0.02237,607117.0,
1753507274552,05:21:14.552,blofin,ACH/USDT:USDT,0.02236,1319.0,0.02238,3404.0,0.02237,607117.0,
1753507274552,05:21:14.552,blofin,ACH/USDT:USDT,0.02236,1319.0,0.02238,3404.0,0.02237,607117.0,
1753507274552,05:21:14.552,blofin,ACH/USDT:USDT,0.02236,167.0,0.02238,3404.0,0.02237,607117.0,
1753507274552,05:21:14.552,blofin,ACH/USDT:USDT,0.02236,167.0,0.02238,3404.0,0.02237,607117.0,
1753507274552,05:21:14.552,blofin,ACH/USDT:USDT,0.02236,165.0,0.02238,5005.0,0.02237,607117.0,
1753507274552,05:21:14.552,blofin,ACH/USDT:USDT,0.02236,165.0,0.02238,5004.0,0.02237,607117.0,
1753507274552,05:21:14.552,blofin,ACH/USDT:USDT,0.02236,165.0,0.02238,5004.0,0.02237,607117.0,
1753507274552,05:21:14.552,blofin,ACH/USDT:USDT,0.02236,165.0,0.02238,5008.0,0.02237,607117.0,
1753507274552,05:21:14.552,blofin,ACH/USDT:USDT,0.02236,165.0,0.02238,5008.0,0.02237,607117.0,
1753507274552,05:21:14.552,blofin,ACH/USDT:USDT,0.02236,165.0,0.02238,5004.0,0.02237,607117.0,
1753507274552,05:21:14.552,blofin,ACH/USDT:USDT,0.02236,165.0,0.02238,5004.0,0.02237,607117.0,
1753507274552,05:21:14.552,blofin,ACH/USDT:USDT,0.02236,165.0,0.02238,5008.0,0.02237,607117.0,
1753507274552,05:21:14.552,blofin,ACH/USDT:USDT,0.02236,166.0,0.02238,5008.0,0.02237,607117.0,
1753507274552,05:21:14.552,blofin,ACH/USDT:USDT,0.02236,166.0,0.02238,5008.0,0.02237,607117.0,
1753507274552,05:21:14.552,blofin,ACH/USDT:USDT,0.02236,166.0,0.02238,5008.0,0.02237,607117.0,
1753507274552,05:21:14.552,blofin,ACH/USDT:USDT,0.02236,165.0,0.02238,5008.0,0.02237,607117.0,
1753507274552,05:21:14.552,blofin,ACH/USDT:USDT,0.02236,165.0,0.02238,5006.0,0.02237,607117.0,
1753507274552,05:21:14.552,blofin,ACH/USDT:USDT,0.02236,165.0,0.02238,5008.0,0.02237,607117.0,
1753507274552,05:21:14.552,blofin,ACH/USDT:USDT,0.02236,165.0,0.02238,5005.0,0.02237,607117.0,
1753507274552,05:21:14.552,blofin,ACH/USDT:USDT,0.02236,165.0,0.02238,5005.0,0.02237,607117.0,
1753507274552,05:21:14.552,blofin,ACH/USDT:USDT,0.02236,165.0,0.02238,5007.0,0.02237,607117.0,
1753507274552,05:21:14.552,blofin,ACH/USDT:USDT,0.02236,165.0,0.02238,5006.0,0.02237,607117.0,
1753507274552,05:21:14.552,blofin,ACH/USDT:USDT,0.02236,165.0,0.02238,5007.0,0.02237,607117.0,
1753507274552,05:21:14.552,blofin,ACH/USDT:USDT,0.02236,165.0,0.02238,5008.0,0.02237,607117.0,
1753507274552,05:21:14.552,blofin,ACH/USDT:USDT,0.02236,165.0,0.02238,5008.0,0.02237,607117.0,
1753507274552,05:21:14.552,blofin,ACH/USDT:USDT,0.02236,165.0,0.02238,5005.0,0.02237,607117.0,
1753507274552,05:21:14.552,blofin,ACH/USDT:USDT,0.02236,165.0,0.02238,5005.0,0.02237,607117.0,
1753507274552,05:21:14.552,blofin,ACH/USDT:USDT,0.02236,165.0,0.02238,5005.0,0.02237,607117.0,
1753507274552,05:21:14.552,blofin,ACH/USDT:USDT,0.02236,167.0,0.02238,5005.0,0.02237,607117.0,
1753507274552,05:21:14.552,blofin,ACH/USDT:USDT,0.02236,167.0,0.02238,5008.0,0.02237,607117.0,
1753507274552,05:21:14.552,blofin,ACH/USDT:USDT,0.02236,166.0,0.02238,5007.0,0.02237,607117.0,
1753507274552,05:21:14.552,blofin,ACH/USDT:USDT,0.02236,166.0,0.02238,5007.0,0.02237,607117.0,
1753507274552,05:21:14.552,blofin,ACH/USDT:USDT,0.02236,167.0,0.02238,5010.0,0.02237,607117.0,
1753507274552,05:21:14.552,blofin,ACH/USDT:USDT,0.02236,166.0,0.02238,5010.0,0.02237,607117.0,
1753507274552,05:21:14.552,blofin,ACH/USDT:USDT,0.02236,166.0,0.02238,5010.0,0.02237,607117.0,
1753507274552,05:21:14.552,blofin,ACH/USDT:USDT,0.02236,166.0,0.02238,5010.0,0.02237,607117.0,
1753507274552,05:21:14.552,blofin,ACH/USDT:USDT,0.02236,164.0,0.02238,5010.0,0.02237,607117.0,
1753507274552,05:21:14.552,blofin,ACH/USDT:USDT,0.02236,164.0,0.02238,5010.0,0.02237,607117.0,
1753507274552,05:21:14.552,blofin,ACH/USDT:USDT,0.02236,164.0,0.02238,5009.0,0.02237,607117.0,
1753507274552,05:21:14.552,blofin,ACH/USDT:USDT,0.02236,164.0,0.02238,5009.0,0.02237,607117.0,
1753507274552,05:21:14.552,blofin,ACH/USDT:USDT,0.02236,166.0,0.02238,5009.0,0.02237,607117.0,
1753507274552,05:21:14.552,blofin,ACH/USDT:USDT,0.02236,166.0,0.02238,5010.0,0.02237,607117.0,
1753507274552,05:21:14.552,blofin,ACH/USDT:USDT,0.02236,166.0,0.02238,5010.0,0.02237,607117.0,
1753507274552,05:21:14.552,blofin,ACH/USDT:USDT,0.02236,166.0,0.02238,5010.0,0.02237,607117.0,
1753507274552,05:21:14.552,blofin,ACH/USDT:USDT,0.02236,168.0,0.02238,5002.0,0.02237,607117.0,
1753507274552,05:21:14.552,blofin,ACH/USDT:USDT,0.02236,384.0,0.02238,4295.0,0.02237,607117.0,
1753507274552,05:21:14.552,blofin,ACH/USDT:USDT,0.02236,384.0,0.02238,4295.0,0.02237,607117.0,
1753507274552,05:21:14.552,blofin,ACH/USDT:USDT,0.02236,384.0,0.02238,4296.0,0.02237,607117.0,
1753507274552,05:21:14.552,blofin,ACH/USDT:USDT,0.02236,125.0,0.02238,4649.0,0.02237,607117.0,
1753507274552,05:21:14.552,blofin,ACH/USDT:USDT,0.02236,125.0,0.02238,4649.0,0.02237,607117.0,
1753507274552,05:21:14.552,blofin,ACH/USDT:USDT,0.02236,124.0,0.02238,4648.0,0.02237,607117.0,
1753507274552,05:21:14.552,blofin,ACH/USDT:USDT,0.02236,342.0,0.02238,4504.0,0.02237,607117.0,
1753507274552,05:21:14.552,blofin,ACH/USDT:USDT,0.02236,126.0,0.02238,4646.0,0.02237,607117.0,
1753507274552,05:21:14.552,blofin,ACH/USDT:USDT,0.02236,126.0,0.02238,4646.0,0.02237,607117.0,
1753507274552,05:21:14.552,blofin,ACH/USDT:USDT,0.02236,126.0,0.02238,4648.0,0.02237,607117.0,
1753507328053,05:22:08.053,blofin,ACH/USDT:USDT,0.02236,126.0,0.02238,4648.0,0.02237,607113.0,
1753507328053,05:22:08.053,blofin,ACH/USDT:USDT,0.02236,126.0,0.02238,4648.0,0.02237,607113.0,
1753507328053,05:22:08.053,blofin,ACH/USDT:USDT,0.02236,358.0,0.02238,4511.0,0.02237,607113.0,
1753507328053,05:22:08.053,blofin,ACH/USDT:USDT,0.02236,358.0,0.02238,4511.0,0.02237,607113.0,
1753507328053,05:22:08.053,blofin,ACH/USDT:USDT,0.02236,359.0,0.02238,4513.0,0.02237,607113.0,
1753507328053,05:22:08.053,blofin,ACH/USDT:USDT,0.02236,359.0,0.02238,4513.0,0.02237,607113.0,
1753507328053,05:22:08.053,blofin,ACH/USDT:USDT,0.02236,359.0,0.02238,4512.0,0.02237,607113.0,
1753507328053,05:22:08.053,blofin,ACH/USDT:USDT,0.02236,357.0,0.02238,4511.0,0.02237,607113.0,
1753507328053,05:22:08.053,blofin,ACH/USDT:USDT,0.02236,356.0,0.02238,4511.0,0.02237,607113.0,
1753507328053,05:22:08.053,blofin,ACH/USDT:USDT,0.02236,356.0,0.02238,4510.0,0.02237,607113.0,
1753507328053,05:22:08.053,blofin,ACH/USDT:USDT,0.02236,360.0,0.02238,4655.0,0.02237,607113.0,
1753507328053,05:22:08.053,blofin,ACH/USDT:USDT,0.02236,357.0,0.02238,4655.0,0.02237,607113.0,
1753507328053,05:22:08.053,blofin,ACH/USDT:USDT,0.02236,357.0,0.02238,4511.0,0.02237,607113.0,
1753507328053,05:22:08.053,blofin,ACH/USDT:USDT,0.02236,358.0,0.02238,4510.0,0.02237,607113.0,
1753507328053,05:22:08.053,blofin,ACH/USDT:USDT,0.02236,357.0,0.02238,4510.0,0.02237,607113.0,
1753507328053,05:22:08.053,blofin,ACH/USDT:USDT,0.02236,357.0,0.02238,4510.0,0.02237,607113.0,
1753507328053,05:22:08.053,blofin,ACH/USDT:USDT,0.02236,1447.0,0.02238,4158.0,0.02237,607113.0,
1753507328053,05:22:08.053,blofin,ACH/USDT:USDT,0.02236,1447.0,0.02238,4160.0,0.02237,607113.0,
1753507328053,05:22:08.053,blofin,ACH/USDT:USDT,0.02236,1447.0,0.02238,4160.0,0.02237,607113.0,
1753507328053,05:22:08.053,blofin,ACH/USDT:USDT,0.02236,1591.0,0.02238,4160.0,0.02237,607113.0,
1753507328053,05:22:08.053,blofin,ACH/USDT:USDT,0.02236,1591.0,0.02238,4160.0,0.02237,607113.0,
1753507328053,05:22:08.053,blofin,ACH/USDT:USDT,0.02236,1590.0,0.02238,4160.0,0.02237,607113.0,
1753507328053,05:22:08.053,blofin,ACH/USDT:USDT,0.02236,3624.0,0.02238,2499.0,0.02237,607113.0,
1753507328053,05:22:08.053,blofin,ACH/USDT:USDT,0.02236,3621.0,0.02238,2501.0,0.02237,607113.0,
1753507328053,05:22:08.053,blofin,ACH/USDT:USDT,0.02236,3621.0,0.02238,2499.0,0.02237,607113.0,
1753507328053,05:22:08.053,blofin,ACH/USDT:USDT,0.02236,3621.0,0.02238,2499.0,0.02237,607113.0,
1753507328053,05:22:08.053,blofin,ACH/USDT:USDT,0.02236,3621.0,0.02238,2498.0,0.02237,607113.0,
1753507328053,05:22:08.053,blofin,ACH/USDT:USDT,0.02236,3621.0,0.02238,2500.0,0.02237,607113.0,
1753507328053,05:22:08.053,blofin,ACH/USDT:USDT,0.02236,3620.0,0.02238,2500.0,0.02237,607113.0,
1753507328053,05:22:08.053,blofin,ACH/USDT:USDT,0.02236,3620.0,0.02238,2500.0,0.02237,607113.0,
1753507328053,05:22:08.053,blofin,ACH/USDT:USDT,0.02236,3620.0,0.02238,2502.0,0.02237,607113.0,
1753507328053,05:22:08.053,blofin,ACH/USDT:USDT,0.02236,3620.0,0.02238,2502.0,0.02237,607113.0,
1753507328053,05:22:08.053,blofin,ACH/USDT:USDT,0.02236,3621.0,0.02238,2502.0,0.02237,607113.0,
1753507328053,05:22:08.053,blofin,ACH/USDT:USDT,0.02236,3621.0,0.02238,2501.0,0.02237,607113.0,
1753507328053,05:22:08.053,blofin,ACH/USDT:USDT,0.02236,3621.0,0.02238,2501.0,0.02237,607113.0,
1753507328053,05:22:08.053,blofin,ACH/USDT:USDT,0.02236,3623.0,0.02238,2502.0,0.02237,607113.0,
1753507328053,05:22:08.053,blofin,ACH/USDT:USDT,0.02236,3623.0,0.02238,2502.0,0.02237,607113.0,
1753507328053,05:22:08.053,blofin,ACH/USDT:USDT,0.02236,1767.0,0.02238,4157.0,0.02237,607113.0,
1753507328053,05:22:08.053,blofin,ACH/USDT:USDT,0.02236,1767.0,0.02238,4157.0,0.02237,607113.0,
1753507328053,05:22:08.053,blofin,ACH/USDT:USDT,0.02236,1767.0,0.02238,4101.0,0.02237,607113.0,
1753507328053,05:22:08.053,blofin,ACH/USDT:USDT,0.02236,1764.0,0.02238,4154.0,0.02237,607113.0,
1753507328053,05:22:08.053,blofin,ACH/USDT:USDT,0.02236,1764.0,0.02238,4154.0,0.02237,607113.0,
1753507328053,05:22:08.053,blofin,ACH/USDT:USDT,0.02236,1766.0,0.02238,4154.0,0.02237,607113.0,
1753507328053,05:22:08.053,blofin,ACH/USDT:USDT,0.02236,1756.0,0.02238,4299.0,0.02237,607113.0,
1753507328053,05:22:08.053,blofin,ACH/USDT:USDT,0.02236,1756.0,0.02238,4299.0,0.02237,607113.0,
1753507328053,05:22:08.053,blofin,ACH/USDT:USDT,0.02236,1757.0,0.02238,4298.0,0.02237,607113.0,
1753507328053,05:22:08.053,blofin,ACH/USDT:USDT,0.02236,1757.0,0.02238,4298.0,0.02237,607113.0,
1753507328053,05:22:08.053,blofin,ACH/USDT:USDT,0.02236,1757.0,0.02238,4298.0,0.02237,607113.0,
1753507328053,05:22:08.053,blofin,ACH/USDT:USDT,0.02236,1757.0,0.02238,4298.0,0.02237,607113.0,
1753507328053,05:22:08.053,blofin,ACH/USDT:USDT,0.02236,1758.0,0.02238,4302.0,0.02237,607113.0,
1753507328053,05:22:08.053,blofin,ACH/USDT:USDT,0.02236,1758.0,0.02238,4302.0,0.02237,607113.0,
1753507328053,05:22:08.053,blofin,ACH/USDT:USDT,0.02236,1758.0,0.02238,4302.0,0.02237,607113.0,
1753507328053,05:22:08.053,blofin,ACH/USDT:USDT,0.02236,1758.0,0.02238,4300.0,0.02237,607113.0,
1753507328053,05:22:08.053,blofin,ACH/USDT:USDT,0.02236,1758.0,0.02238,4300.0,0.02237,607113.0,
1753507328053,05:22:08.053,blofin,ACH/USDT:USDT,0.02236,1760.0,0.02238,4300.0,0.02237,607113.0,
1753507328053,05:22:08.053,blofin,ACH/USDT:USDT,0.02236,1758.0,0.02238,4300.0,0.02237,607113.0,
1753507328053,05:22:08.053,blofin,ACH/USDT:USDT,0.02236,614.0,0.02238,4300.0,0.02237,607113.0,
1753507328053,05:22:08.053,blofin,ACH/USDT:USDT,0.02236,2454.0,0.02238,4245.0,0.02237,607113.0,
1753507328053,05:22:08.053,blofin,ACH/USDT:USDT,0.02236,2454.0,0.02238,4242.0,0.02237,607113.0,
1753507328053,05:22:08.053,blofin,ACH/USDT:USDT,0.02236,2454.0,0.02238,4242.0,0.02237,607113.0,
1753507328053,05:22:08.053,blofin,ACH/USDT:USDT,0.02236,2454.0,0.02238,4242.0,0.02237,607113.0,
1753507328053,05:22:08.053,blofin,ACH/USDT:USDT,0.02236,2454.0,0.02238,4244.0,0.02237,607113.0,
1753507328053,05:22:08.053,blofin,ACH/USDT:USDT,0.02236,2454.0,0.02238,4244.0,0.02237,607113.0,
1753507328053,05:22:08.053,blofin,ACH/USDT:USDT,0.02236,2454.0,0.02238,4244.0,0.02237,607113.0,
1753507328053,05:22:08.053,blofin,ACH/USDT:USDT,0.02236,2454.0,0.02238,4242.0,0.02237,607113.0,
1753507328053,05:22:08.053,blofin,ACH/USDT:USDT,0.02236,2454.0,0.02238,4244.0,0.02237,607113.0,
1753507328053,05:22:08.053,blofin,ACH/USDT:USDT,0.02236,2456.0,0.02238,4244.0,0.02237,607113.0,
1753507328053,05:22:08.053,blofin,ACH/USDT:USDT,0.02236,2456.0,0.02238,4244.0,0.02237,607113.0,
1753507328053,05:22:08.053,blofin,ACH/USDT:USDT,0.02236,2456.0,0.02238,4246.0,0.02237,607113.0,
1753507328053,05:22:08.053,blofin,ACH/USDT:USDT,0.02236,2429.0,0.02238,4246.0,0.02237,607113.0,
1753507328053,05:22:08.053,blofin,ACH/USDT:USDT,0.02236,2430.0,0.02238,4246.0,0.02237,607113.0,
1753507328053,05:22:08.053,blofin,ACH/USDT:USDT,0.02236,2430.0,0.02238,4302.0,0.02237,607113.0,
1753507328053,05:22:08.053,blofin,ACH/USDT:USDT,0.02236,2430.0,0.02238,4306.0,0.02237,607113.0,
1753507328053,05:22:08.053,blofin,ACH/USDT:USDT,0.02236,2430.0,0.02238,4306.0,0.02237,607113.0,
1753507328053,05:22:08.053,blofin,ACH/USDT:USDT,0.02236,2430.0,0.02238,4306.0,0.02237,607113.0,
1753507328053,05:22:08.053,blofin,ACH/USDT:USDT,0.02236,2430.0,0.02238,4306.0,0.02237,607113.0,
1753507328053,05:22:08.053,blofin,ACH/USDT:USDT,0.02236,2431.0,0.02238,4306.0,0.02237,607113.0,
1753507328053,05:22:08.053,blofin,ACH/USDT:USDT,0.02236,2429.0,0.02238,4305.0,0.02237,607113.0,
1753507328053,05:22:08.053,blofin,ACH/USDT:USDT,0.02236,2429.0,0.02238,4302.0,0.02237,607113.0,
1753507328053,05:22:08.053,blofin,ACH/USDT:USDT,0.02236,2429.0,0.02238,4302.0,0.02237,607113.0,
1753507328053,05:22:08.053,blofin,ACH/USDT:USDT,0.02236,2429.0,0.02238,4305.0,0.02237,607113.0,
1753507328053,05:22:08.053,blofin,ACH/USDT:USDT,0.02236,2429.0,0.02238,4302.0,0.02237,607113.0,
1753507328053,05:22:08.053,blofin,ACH/USDT:USDT,0.02236,4325.0,0.02238,1671.0,0.02237,607113.0,
1753507328053,05:22:08.053,blofin,ACH/USDT:USDT,0.02236,4326.0,0.02238,1674.0,0.02237,607113.0,
1753507328053,05:22:08.053,blofin,ACH/USDT:USDT,0.02236,3295.0,0.02238,3270.0,0.02237,607113.0,
1753507328053,05:22:08.053,blofin,ACH/USDT:USDT,0.02236,3295.0,0.02238,3270.0,0.02237,607113.0,
1753507328053,05:22:08.053,blofin,ACH/USDT:USDT,0.02236,3295.0,0.02238,3270.0,0.02237,607113.0,
1753507328053,05:22:08.053,blofin,ACH/USDT:USDT,0.02236,3351.0,0.02238,3270.0,0.02237,607113.0,
1753507328053,05:22:08.053,blofin,ACH/USDT:USDT,0.02236,3351.0,0.02238,3270.0,0.02237,607113.0,
1753507328053,05:22:08.053,blofin,ACH/USDT:USDT,0.02236,3351.0,0.02238,3270.0,0.02237,607113.0,
1753507388053,05:23:08.053,blofin,ACH/USDT:USDT,0.02236,3351.0,0.02238,3270.0,0.02237,607101.0,
1753507388053,05:23:08.053,blofin,ACH/USDT:USDT,0.02236,3351.0,0.02238,3271.0,0.02237,607101.0,
1753507388053,05:23:08.053,blofin,ACH/USDT:USDT,0.02236,3351.0,0.02238,3271.0,0.02237,607101.0,
1753507388053,05:23:08.053,blofin,ACH/USDT:USDT,0.02236,4416.0,0.02238,577.0,0.02237,607101.0,
1753507388053,05:23:08.053,blofin,ACH/USDT:USDT,0.02236,4416.0,0.02238,577.0,0.02237,607101.0,
1753507388053,05:23:08.053,blofin,ACH/USDT:USDT,0.02236,4414.0,0.02238,385.0,0.02237,607101.0,
1753507388053,05:23:08.053,blofin,ACH/USDT:USDT,0.02236,4414.0,0.02238,385.0,0.02237,607101.0,
1753507388053,05:23:08.053,blofin,ACH/USDT:USDT,0.02236,4412.0,0.02238,385.0,0.02237,607101.0,
1753507388053,05:23:08.053,blofin,ACH/USDT:USDT,0.02236,4412.0,0.02238,385.0,0.02237,607101.0,
1753507388053,05:23:08.053,blofin,ACH/USDT:USDT,0.02236,4412.0,0.02238,385.0,0.02237,607101.0,
1753507388053,05:23:08.053,blofin,ACH/USDT:USDT,0.02236,4412.0,0.02238,617.0,0.02237,607101.0,
1753507388053,05:23:08.053,blofin,ACH/USDT:USDT,0.02236,4412.0,0.02238,6.0,0.02237,607101.0,
1753507388053,05:23:08.053,blofin,ACH/USDT:USDT,0.02236,4412.0,0.02238,6.0,0.02237,607101.0,
1753507388053,05:23:08.053,blofin,ACH/USDT:USDT,0.02236,4412.0,0.02238,6.0,0.02237,607101.0,
1753507388053,05:23:08.053,blofin,ACH/USDT:USDT,0.02236,4588.0,0.02238,617.0,0.02237,607101.0,
1753507388053,05:23:08.053,blofin,ACH/USDT:USDT,0.02236,4588.0,0.02238,383.0,0.02237,607101.0,
1753507388053,05:23:08.053,blofin,ACH/USDT:USDT,0.02237,2104.0,0.02238,5.0,0.02237,607101.0,
1753507388053,05:23:08.053,blofin,ACH/USDT:USDT,0.02237,2123.0,0.02238,5.0,0.02237,607101.0,
1753507388053,05:23:08.053,blofin,ACH/USDT:USDT,0.02237,2356.0,0.02238,5.0,0.02237,607101.0,
1753507388053,05:23:08.053,blofin,ACH/USDT:USDT,0.02237,2356.0,0.02238,5.0,0.02237,607101.0,
1753507388053,05:23:08.053,blofin,ACH/USDT:USDT,0.02237,2353.0,0.02238,5.0,0.02237,607101.0,
1753507388053,05:23:08.053,blofin,ACH/USDT:USDT,0.02237,2353.0,0.02238,5.0,0.02237,607101.0,
1753507388053,05:23:08.053,blofin,ACH/USDT:USDT,0.02237,2353.0,0.02238,5.0,0.02237,607101.0,
1753507388053,05:23:08.053,blofin,ACH/USDT:USDT,0.02237,2297.0,0.02238,5.0,0.02237,607101.0,
1753507388053,05:23:08.053,blofin,ACH/USDT:USDT,0.02237,2297.0,0.02238,5.0,0.02237,607101.0,
1753507388053,05:23:08.053,blofin,ACH/USDT:USDT,0.02237,2301.0,0.02238,5.0,0.02237,607101.0,
1753507388053,05:23:08.053,blofin,ACH/USDT:USDT,0.02237,2354.0,0.02238,5.0,0.02237,607101.0,
1753507388053,05:23:08.053,blofin,ACH/USDT:USDT,0.02237,2358.0,0.02239,2827.0,0.02237,607101.0,
1753507388053,05:23:08.053,blofin,ACH/USDT:USDT,0.02237,2357.0,0.02239,2829.0,0.02237,607101.0,
1753507388053,05:23:08.053,blofin,ACH/USDT:USDT,0.02237,2358.0,0.02239,2829.0,0.02237,607101.0,
1753507388053,05:23:08.053,blofin,ACH/USDT:USDT,0.02237,2358.0,0.02239,2829.0,0.02237,607101.0,
1753507388053,05:23:08.053,blofin,ACH/USDT:USDT,0.02237,2358.0,0.02239,2830.0,0.02237,607101.0,
1753507388053,05:23:08.053,blofin,ACH/USDT:USDT,0.02237,2304.0,0.02239,3958.0,0.02237,607101.0,
1753507388053,05:23:08.053,blofin,ACH/USDT:USDT,0.02237,2304.0,0.02239,4013.0,0.02237,607101.0,
1753507388053,05:23:08.053,blofin,ACH/USDT:USDT,0.02237,2302.0,0.02239,4013.0,0.02237,607101.0,
1753507388053,05:23:08.053,blofin,ACH/USDT:USDT,0.02237,2302.0,0.02239,4013.0,0.02237,607101.0,
1753507388053,05:23:08.053,blofin,ACH/USDT:USDT,0.02237,2302.0,0.02239,4011.0,0.02237,607101.0,
1753507388053,05:23:08.053,blofin,ACH/USDT:USDT,0.02237,2302.0,0.02239,4011.0,0.02237,607101.0,
1753507388053,05:23:08.053,blofin,ACH/USDT:USDT,0.02237,1406.0,0.02239,4011.0,0.02237,607101.0,
1753507388053,05:23:08.053,blofin,ACH/USDT:USDT,0.02237,385.0,0.02239,5965.0,0.02237,607101.0,
1753507388053,05:23:08.053,blofin,ACH/USDT:USDT,0.02237,385.0,0.02239,5965.0,0.02237,607101.0,
1753507388053,05:23:08.053,blofin,ACH/USDT:USDT,0.02237,385.0,0.02239,5965.0,0.02237,607101.0,
1753507388053,05:23:08.053,blofin,ACH/USDT:USDT,0.02237,385.0,0.02239,5965.0,0.02237,607101.0,
1753507388053,05:23:08.053,blofin,ACH/USDT:USDT,0.02237,383.0,0.02239,5966.0,0.02237,607101.0,
1753507388053,05:23:08.053,blofin,ACH/USDT:USDT,0.02237,383.0,0.02239,5966.0,0.02237,607101.0,
1753507388053,05:23:08.053,blofin,ACH/USDT:USDT,0.02237,199.0,0.02239,5963.0,0.02237,607101.0,
1753507388053,05:23:08.053,blofin,ACH/USDT:USDT,0.02237,199.0,0.02239,5963.0,0.02237,607101.0,
1753507388053,05:23:08.053,blofin,ACH/USDT:USDT,0.02237,199.0,0.02239,5965.0,0.02237,607101.0,
1753507388053,05:23:08.053,blofin,ACH/USDT:USDT,0.02237,199.0,0.02239,5963.0,0.02237,607101.0,
1753507388053,05:23:08.053,blofin,ACH/USDT:USDT,0.02237,197.0,0.02239,5963.0,0.02237,607101.0,
1753507388053,05:23:08.053,blofin,ACH/USDT:USDT,0.02237,197.0,0.02239,5963.0,0.02237,607101.0,
1753507388053,05:23:08.053,blofin,ACH/USDT:USDT,0.02237,405.0,0.02239,5965.0,0.02237,607101.0,
1753507388053,05:23:08.053,blofin,ACH/USDT:USDT,0.02237,409.0,0.02239,5965.0,0.02237,607101.0,
1753507388053,05:23:08.053,blofin,ACH/USDT:USDT,0.02237,409.0,0.02239,5963.0,0.02237,607101.0,
1753507388053,05:23:08.053,blofin,ACH/USDT:USDT,0.02237,407.0,0.02239,5963.0,0.02237,607101.0,
1753507388053,05:23:08.053,blofin,ACH/USDT:USDT,0.02237,407.0,0.02239,5965.0,0.02237,607101.0,
1753507388053,05:23:08.053,blofin,ACH/USDT:USDT,0.02237,407.0,0.02239,5965.0,0.02237,607101.0,
1753507388053,05:23:08.053,blofin,ACH/USDT:USDT,0.02237,409.0,0.02239,5965.0,0.02237,607101.0,
1753507388053,05:23:08.053,blofin,ACH/USDT:USDT,0.02237,409.0,0.02239,5965.0,0.02237,607101.0,
1753507388053,05:23:08.053,blofin,ACH/USDT:USDT,0.02237,405.0,0.02239,5963.0,0.02237,607101.0,
1753507388053,05:23:08.053,blofin,ACH/USDT:USDT,0.02237,405.0,0.02239,5963.0,0.02237,607101.0,
1753507388053,05:23:08.053,blofin,ACH/USDT:USDT,0.02237,408.0,0.02239,5963.0,0.02237,607101.0,
1753507388053,05:23:08.053,blofin,ACH/USDT:USDT,0.02237,408.0,0.02239,5819.0,0.02237,607101.0,
1753507388053,05:23:08.053,blofin,ACH/USDT:USDT,0.02237,408.0,0.02239,5819.0,0.02237,607101.0,
1753507388053,05:23:08.053,blofin,ACH/USDT:USDT,0.02237,1512.0,0.02239,4166.0,0.02237,607101.0,
1753507388053,05:23:08.053,blofin,ACH/USDT:USDT,0.02237,1512.0,0.02239,4222.0,0.02237,607101.0,
1753507388053,05:23:08.053,blofin,ACH/USDT:USDT,0.02237,1508.0,0.02239,4223.0,0.02237,607101.0,
1753507388053,05:23:08.053,blofin,ACH/USDT:USDT,0.02237,1508.0,0.02239,4223.0,0.02237,607101.0,
1753507388053,05:23:08.053,blofin,ACH/USDT:USDT,0.02237,1511.0,0.02239,4223.0,0.02237,607101.0,
1753507388053,05:23:08.053,blofin,ACH/USDT:USDT,0.02237,1511.0,0.02239,4223.0,0.02237,607101.0,
1753507388053,05:23:08.053,blofin,ACH/USDT:USDT,0.02237,1509.0,0.02239,4223.0,0.02237,607101.0,
1753507388053,05:23:08.053,blofin,ACH/USDT:USDT,0.02237,1511.0,0.02239,4220.0,0.02237,607101.0,
1753507388053,05:23:08.053,blofin,ACH/USDT:USDT,0.02237,1508.0,0.02239,4220.0,0.02237,607101.0,
1753507388053,05:23:08.053,blofin,ACH/USDT:USDT,0.02237,1508.0,0.02239,4221.0,0.02237,607101.0,
1753507388053,05:23:08.053,blofin,ACH/USDT:USDT,0.02237,1510.0,0.02239,4221.0,0.02237,607101.0,
1753507388053,05:23:08.053,blofin,ACH/USDT:USDT,0.02237,1510.0,0.02239,4221.0,0.02237,607101.0,
1753507388053,05:23:08.053,blofin,ACH/USDT:USDT,0.02237,1510.0,0.02239,4220.0,0.02237,607101.0,
1753507388053,05:23:08.053,blofin,ACH/USDT:USDT,0.02237,1510.0,0.02239,4366.0,0.02237,607101.0,
1753507388053,05:23:08.053,blofin,ACH/USDT:USDT,0.02237,1511.0,0.02239,4366.0,0.02237,607101.0,
1753507388053,05:23:08.053,blofin,ACH/USDT:USDT,0.02237,1508.0,0.02239,4363.0,0.02237,607101.0,
1753507388053,05:23:08.053,blofin,ACH/USDT:USDT,0.02237,3267.0,0.02239,2414.0,0.02237,607101.0,
1753507388053,05:23:08.053,blofin,ACH/USDT:USDT,0.02237,3267.0,0.02239,2411.0,0.02237,607101.0,
1753507388053,05:23:08.053,blofin,ACH/USDT:USDT,0.02237,3267.0,0.02239,2411.0,0.02237,607101.0,
1753507388053,05:23:08.053,blofin,ACH/USDT:USDT,0.02237,3271.0,0.02239,2411.0,0.02237,607101.0,
1753507448053,05:24:08.053,blofin,ACH/USDT:USDT,0.02237,3268.0,0.02239,2413.0,0.02237,607092.0,
1753507448053,05:24:08.053,blofin,ACH/USDT:USDT,0.02237,3271.0,0.02239,2415.0,0.02237,607092.0,
1753507448053,05:24:08.053,blofin,ACH/USDT:USDT,0.02237,3271.0,0.02239,2215.0,0.02237,607092.0,
1753507448053,05:24:08.053,blofin,ACH/USDT:USDT,0.02237,3271.0,0.02239,4012.0,0.02237,607092.0,
1753507448053,05:24:08.053,blofin,ACH/USDT:USDT,0.02237,3267.0,0.02239,4012.0,0.02237,607092.0,
1753507448053,05:24:08.053,blofin,ACH/USDT:USDT,0.02237,3268.0,0.02239,4011.0,0.02237,607092.0,
1753507448053,05:24:08.053,blofin,ACH/USDT:USDT,0.02237,3268.0,0.02239,4014.0,0.02237,607092.0,
1753507448053,05:24:08.053,blofin,ACH/USDT:USDT,0.02237,3271.0,0.02239,2214.0,0.02237,607092.0,
1753507448053,05:24:08.053,blofin,ACH/USDT:USDT,0.02237,3268.0,0.02239,2214.0,0.02237,607092.0,
1753507448053,05:24:08.053,blofin,ACH/USDT:USDT,0.02237,3269.0,0.02239,2214.0,0.02237,607092.0,
1753507448053,05:24:08.053,blofin,ACH/USDT:USDT,0.02237,3269.0,0.02239,2214.0,0.02237,607092.0,
1753507448053,05:24:08.053,blofin,ACH/USDT:USDT,0.02237,3270.0,0.02239,2212.0,0.02237,607092.0,
1753507448053,05:24:08.053,blofin,ACH/USDT:USDT,0.02237,3271.0,0.02239,2212.0,0.02237,607092.0,
1753507448053,05:24:08.053,blofin,ACH/USDT:USDT,0.02237,3271.0,0.02239,2215.0,0.02237,607092.0,
1753507448053,05:24:08.053,blofin,ACH/USDT:USDT,0.02237,3503.0,0.02239,2215.0,0.02237,607092.0,
1753507448053,05:24:08.053,blofin,ACH/USDT:USDT,0.02237,3501.0,0.02239,2215.0,0.02237,607092.0,
1753507448053,05:24:08.053,blofin,ACH/USDT:USDT,0.02237,3504.0,0.02239,2212.0,0.02237,607092.0,
1753507448053,05:24:08.053,blofin,ACH/USDT:USDT,0.02237,3504.0,0.02239,2268.0,0.02237,607092.0,
1753507448053,05:24:08.053,blofin,ACH/USDT:USDT,0.02237,3536.0,0.02239,2412.0,0.02237,607092.0,
1753507448053,05:24:08.053,blofin,ACH/USDT:USDT,0.02237,3536.0,0.02239,2411.0,0.02237,607092.0,
1753507448053,05:24:08.053,blofin,ACH/USDT:USDT,0.02237,3481.0,0.02239,2211.0,0.02237,607092.0,
1753507448053,05:24:08.053,blofin,ACH/USDT:USDT,0.02237,3479.0,0.02239,2411.0,0.02237,607092.0,
1753507448053,05:24:08.053,blofin,ACH/USDT:USDT,0.02237,3534.0,0.02239,2211.0,0.02237,607092.0,
1753507448053,05:24:08.053,blofin,ACH/USDT:USDT,0.02237,3478.0,0.02239,4013.0,0.02237,607092.0,
1753507448053,05:24:08.053,blofin,ACH/USDT:USDT,0.02237,3478.0,0.02239,4013.0,0.02237,607092.0,
1753507448053,05:24:08.053,blofin,ACH/USDT:USDT,0.02237,3477.0,0.02239,4013.0,0.02237,607092.0,
1753507448053,05:24:08.053,blofin,ACH/USDT:USDT,0.02237,3481.0,0.02239,4013.0,0.02237,607092.0,
1753507448053,05:24:08.053,blofin,ACH/USDT:USDT,0.02237,3481.0,0.02239,3955.0,0.02237,607092.0,
1753507448053,05:24:08.053,blofin,ACH/USDT:USDT,0.02237,3481.0,0.02239,3955.0,0.02237,607092.0,
1753507448053,05:24:08.053,blofin,ACH/USDT:USDT,0.02237,3536.0,0.02239,2210.0,0.02237,607092.0,
1753507448053,05:24:08.053,blofin,ACH/USDT:USDT,0.02237,3536.0,0.02239,2214.0,0.02237,607092.0,
1753507448053,05:24:08.053,blofin,ACH/USDT:USDT,0.02237,3536.0,0.02239,2355.0,0.02237,607092.0,
1753507448053,05:24:08.053,blofin,ACH/USDT:USDT,0.02237,3534.0,0.02239,2211.0,0.02237,607092.0,
1753507448053,05:24:08.053,blofin,ACH/USDT:USDT,0.02237,3536.0,0.02239,2211.0,0.02237,607092.0,
1753507448053,05:24:08.053,blofin,ACH/USDT:USDT,0.02237,3535.0,0.02239,2212.0,0.02237,607092.0,
1753507448053,05:24:08.053,blofin,ACH/USDT:USDT,0.02237,1335.0,0.02239,4014.0,0.02237,607092.0,
1753507448053,05:24:08.053,blofin,ACH/USDT:USDT,0.02237,1336.0,0.02239,4014.0,0.02237,607092.0,
1753507448053,05:24:08.053,blofin,ACH/USDT:USDT,0.02237,616.0,0.02239,4014.0,0.02237,607092.0,
1753507448053,05:24:08.053,blofin,ACH/USDT:USDT,0.02237,614.0,0.02239,4014.0,0.02237,607092.0,
1753507448053,05:24:08.053,blofin,ACH/USDT:USDT,0.02237,616.0,0.02239,4014.0,0.02237,607092.0,
1753507483241,05:24:43.241,blofin,ACH/USDT:USDT,0.02237,614.0,0.02239,4014.0,0.02239,607098.0,
1753507483241,05:24:43.241,blofin,ACH/USDT:USDT,0.02237,406.0,0.02239,4012.0,0.02239,607098.0,
1753507483241,05:24:43.241,blofin,ACH/USDT:USDT,0.02237,406.0,0.02239,4012.0,0.02239,607098.0,
1753507483241,05:24:43.241,blofin,ACH/USDT:USDT,0.02237,406.0,0.02239,4010.0,0.02239,607098.0,
1753507483241,05:24:43.241,blofin,ACH/USDT:USDT,0.02237,406.0,0.02239,4010.0,0.02239,607098.0,
1753507483241,05:24:43.241,blofin,ACH/USDT:USDT,0.02237,406.0,0.02239,4010.0,0.02239,607098.0,
