timestamp,time,exchange,symbol,bid,bidVolume,ask,askVolume,lastPrice,baseVolume,quoteVolume
1753507218567,05:20:18.567,blofin,ADA/USDT:USDT,0.8222,2.0,0.8223,977.0,0.8224,281014.88,
1753507218567,05:20:18.567,blofin,ADA/USDT:USDT,0.8222,2.0,0.8223,345.0,0.8224,281014.88,
1753507218567,05:20:18.567,blofin,ADA/USDT:USDT,0.8222,2.0,0.8223,14.0,0.8224,281014.88,
1753507218567,05:20:18.567,blofin,ADA/USDT:USDT,0.8222,2.0,0.8223,18.0,0.8224,281014.88,
1753507218567,05:20:18.567,blofin,ADA/USDT:USDT,0.8222,2.0,0.8223,21.0,0.8224,281014.88,
1753507218567,05:20:18.567,blofin,ADA/USDT:USDT,0.8222,2.0,0.8223,21.0,0.8224,281014.88,
1753507218567,05:20:18.567,blofin,ADA/USDT:USDT,0.8222,2.0,0.8223,21.0,0.8224,281014.88,
1753507218567,05:20:18.567,blofin,ADA/USDT:USDT,0.8222,2.0,0.8223,18.0,0.8224,281014.88,
1753507218567,05:20:18.567,blofin,ADA/USDT:USDT,0.8222,2.0,0.8223,18.0,0.8224,281014.88,
1753507218567,05:20:18.567,blofin,ADA/USDT:USDT,0.8222,2.0,0.8223,14.0,0.8224,281014.88,
1753507218567,05:20:18.567,blofin,ADA/USDT:USDT,0.8222,2.0,0.8223,16.0,0.8224,281014.88,
1753507218567,05:20:18.567,blofin,ADA/USDT:USDT,0.8222,2.0,0.8223,15.0,0.8224,281014.88,
1753507218567,05:20:18.567,blofin,ADA/USDT:USDT,0.8222,2.0,0.8223,15.0,0.8224,281014.88,
1753507218567,05:20:18.567,blofin,ADA/USDT:USDT,0.8222,2.0,0.8223,14.0,0.8224,281014.88,
1753507218567,05:20:18.567,blofin,ADA/USDT:USDT,0.8222,2.0,0.8223,14.0,0.8224,281014.88,
1753507218567,05:20:18.567,blofin,ADA/USDT:USDT,0.8222,2.0,0.8223,15.0,0.8224,281014.88,
1753507218567,05:20:18.567,blofin,ADA/USDT:USDT,0.8222,2.0,0.8223,15.0,0.8224,281014.88,
1753507218567,05:20:18.567,blofin,ADA/USDT:USDT,0.8222,2.0,0.8223,15.0,0.8224,281014.88,
1753507218567,05:20:18.567,blofin,ADA/USDT:USDT,0.8222,2.0,0.8223,3.0,0.8224,281014.88,
1753507218567,05:20:18.567,blofin,ADA/USDT:USDT,0.8222,2.0,0.8224,338.0,0.8224,281014.88,
1753507218567,05:20:18.567,blofin,ADA/USDT:USDT,0.8222,2.0,0.8224,338.0,0.8224,281014.88,
1753507218567,05:20:18.567,blofin,ADA/USDT:USDT,0.8222,2.0,0.8224,338.0,0.8224,281014.88,
1753507218567,05:20:18.567,blofin,ADA/USDT:USDT,0.8222,2.0,0.8223,370.0,0.8224,281014.88,
1753507218567,05:20:18.567,blofin,ADA/USDT:USDT,0.8222,2.0,0.8223,309.0,0.8224,281014.88,
1753507218567,05:20:18.567,blofin,ADA/USDT:USDT,0.8222,2.0,0.8223,309.0,0.8224,281014.88,
1753507218567,05:20:18.567,blofin,ADA/USDT:USDT,0.8222,2.0,0.8223,240.0,0.8224,281014.88,
1753507218567,05:20:18.567,blofin,ADA/USDT:USDT,0.8222,2.0,0.8223,239.0,0.8224,281014.88,
1753507218567,05:20:18.567,blofin,ADA/USDT:USDT,0.8222,2.0,0.8223,239.0,0.8224,281014.88,
1753507218567,05:20:18.567,blofin,ADA/USDT:USDT,0.8222,2.0,0.8223,270.0,0.8224,281014.88,
1753507218567,05:20:18.567,blofin,ADA/USDT:USDT,0.8222,2.0,0.8223,182.0,0.8224,281014.88,
1753507218567,05:20:18.567,blofin,ADA/USDT:USDT,0.8222,2.0,0.8223,182.0,0.8224,281014.88,
1753507218567,05:20:18.567,blofin,ADA/USDT:USDT,0.8222,2.0,0.8223,186.0,0.8224,281014.88,
1753507218567,05:20:18.567,blofin,ADA/USDT:USDT,0.8222,2.0,0.8223,187.0,0.8224,281014.88,
1753507218567,05:20:18.567,blofin,ADA/USDT:USDT,0.8222,2.0,0.8223,187.0,0.8224,281014.88,
1753507218567,05:20:18.567,blofin,ADA/USDT:USDT,0.822,519.0,0.8223,192.0,0.8224,281014.88,
1753507218567,05:20:18.567,blofin,ADA/USDT:USDT,0.822,519.0,0.8223,192.0,0.8224,281014.88,
1753507218567,05:20:18.567,blofin,ADA/USDT:USDT,0.8222,231.0,0.8223,3.0,0.8224,281014.88,
1753507218567,05:20:18.567,blofin,ADA/USDT:USDT,0.8222,235.0,0.8223,3.0,0.8224,281014.88,
1753507218567,05:20:18.567,blofin,ADA/USDT:USDT,0.8221,173.0,0.8223,3.0,0.8224,281014.88,
1753507218567,05:20:18.567,blofin,ADA/USDT:USDT,0.8221,173.0,0.8223,1.0,0.8224,281014.88,
1753507218567,05:20:18.567,blofin,ADA/USDT:USDT,0.8221,173.0,0.8223,1.0,0.8224,281014.88,
1753507218567,05:20:18.567,blofin,ADA/USDT:USDT,0.8221,46.0,0.8223,1.0,0.8224,281014.88,
1753507218567,05:20:18.567,blofin,ADA/USDT:USDT,0.8221,378.0,0.8223,1.0,0.8224,281014.88,
1753507218567,05:20:18.567,blofin,ADA/USDT:USDT,0.8221,378.0,0.8223,1.0,0.8224,281014.88,
1753507218567,05:20:18.567,blofin,ADA/USDT:USDT,0.8221,158.0,0.8223,1.0,0.8224,281014.88,
1753507218567,05:20:18.567,blofin,ADA/USDT:USDT,0.8221,161.0,0.8223,1.0,0.8224,281014.88,
1753507264655,05:21:04.655,blofin,ADA/USDT:USDT,0.8221,161.0,0.8223,1.0,0.8223,280897.51,
1753507264655,05:21:04.655,blofin,ADA/USDT:USDT,0.8222,383.0,0.8223,1.0,0.8223,280897.51,
1753507264655,05:21:04.655,blofin,ADA/USDT:USDT,0.8222,687.0,0.8223,1.0,0.8223,280897.51,
1753507264655,05:21:04.655,blofin,ADA/USDT:USDT,0.8222,685.0,0.8223,1.0,0.8223,280897.51,
1753507264655,05:21:04.655,blofin,ADA/USDT:USDT,0.8222,685.0,0.8223,1.0,0.8223,280897.51,
1753507264655,05:21:04.655,blofin,ADA/USDT:USDT,0.8223,79.0,0.8224,3.0,0.8223,280897.51,
1753507267449,05:21:07.449,blofin,ADA/USDT:USDT,0.8223,132.0,0.8226,489.0,0.8226,280911.51,
1753507267449,05:21:07.449,blofin,ADA/USDT:USDT,0.8224,629.0,0.8226,4.0,0.8226,280911.51,
1753507267449,05:21:07.449,blofin,ADA/USDT:USDT,0.8224,629.0,0.8226,4.0,0.8226,280911.51,
1753507267449,05:21:07.449,blofin,ADA/USDT:USDT,0.8225,162.0,0.8227,967.0,0.8226,280911.51,
1753507267449,05:21:07.449,blofin,ADA/USDT:USDT,0.8225,4.0,0.8226,1400.0,0.8226,280911.51,
1753507267449,05:21:07.449,blofin,ADA/USDT:USDT,0.8225,557.0,0.8227,200.0,0.8226,280911.51,
1753507267449,05:21:07.449,blofin,ADA/USDT:USDT,0.8225,4.0,0.8227,947.0,0.8226,280911.51,
1753507267449,05:21:07.449,blofin,ADA/USDT:USDT,0.8225,509.0,0.8227,857.0,0.8226,280911.51,
1753507267449,05:21:07.449,blofin,ADA/USDT:USDT,0.8225,509.0,0.8227,856.0,0.8226,280911.51,
1753507267449,05:21:07.449,blofin,ADA/USDT:USDT,0.8225,509.0,0.8227,856.0,0.8226,280911.51,
1753507267449,05:21:07.449,blofin,ADA/USDT:USDT,0.8225,563.0,0.8227,806.0,0.8226,280911.51,
1753507267449,05:21:07.449,blofin,ADA/USDT:USDT,0.8226,580.0,0.8228,509.0,0.8226,280911.51,
1753507267449,05:21:07.449,blofin,ADA/USDT:USDT,0.8225,609.0,0.8228,772.0,0.8226,280911.51,
1753507267449,05:21:07.449,blofin,ADA/USDT:USDT,0.8225,865.0,0.8228,593.0,0.8226,280911.51,
1753507267449,05:21:07.449,blofin,ADA/USDT:USDT,0.8225,865.0,0.8228,593.0,0.8226,280911.51,
1753507267449,05:21:07.449,blofin,ADA/USDT:USDT,0.8225,867.0,0.8228,752.0,0.8226,280911.51,
1753507267449,05:21:07.449,blofin,ADA/USDT:USDT,0.8225,867.0,0.8228,750.0,0.8226,280911.51,
1753507267449,05:21:07.449,blofin,ADA/USDT:USDT,0.8225,878.0,0.8228,947.0,0.8226,280911.51,
1753507267449,05:21:07.449,blofin,ADA/USDT:USDT,0.8225,878.0,0.8228,948.0,0.8226,280911.51,
1753507267449,05:21:07.449,blofin,ADA/USDT:USDT,0.8226,882.0,0.8228,673.0,0.8226,280911.51,
1753507267449,05:21:07.449,blofin,ADA/USDT:USDT,0.8226,882.0,0.8228,673.0,0.8226,280911.51,
1753507267449,05:21:07.449,blofin,ADA/USDT:USDT,0.8226,883.0,0.8228,672.0,0.8226,280911.51,
1753507267449,05:21:07.449,blofin,ADA/USDT:USDT,0.8225,901.0,0.8228,567.0,0.8226,280911.51,
1753507267449,05:21:07.449,blofin,ADA/USDT:USDT,0.8225,925.0,0.8228,567.0,0.8226,280911.51,
1753507267449,05:21:07.449,blofin,ADA/USDT:USDT,0.8225,926.0,0.8228,567.0,0.8226,280911.51,
1753507267449,05:21:07.449,blofin,ADA/USDT:USDT,0.8225,926.0,0.8228,567.0,0.8226,280911.51,
1753507281153,05:21:21.153,blofin,ADA/USDT:USDT,0.8225,948.0,0.8228,519.0,0.8228,280918.51,
1753507281153,05:21:21.153,blofin,ADA/USDT:USDT,0.8227,948.0,0.8228,522.0,0.8228,280918.51,
1753507281153,05:21:21.153,blofin,ADA/USDT:USDT,0.8227,953.0,0.8228,522.0,0.8228,280918.51,
1753507281153,05:21:21.153,blofin,ADA/USDT:USDT,0.8227,926.0,0.8228,513.0,0.8228,280918.51,
1753507281153,05:21:21.153,blofin,ADA/USDT:USDT,0.8227,924.0,0.8228,509.0,0.8228,280918.51,
1753507281153,05:21:21.153,blofin,ADA/USDT:USDT,0.8227,3.0,0.8228,509.0,0.8228,280918.51,
1753507281153,05:21:21.153,blofin,ADA/USDT:USDT,0.8227,917.0,0.8228,509.0,0.8228,280918.51,
1753507281153,05:21:21.153,blofin,ADA/USDT:USDT,0.8227,917.0,0.8228,509.0,0.8228,280918.51,
1753507281153,05:21:21.153,blofin,ADA/USDT:USDT,0.8227,917.0,0.8228,509.0,0.8228,280918.51,
1753507281153,05:21:21.153,blofin,ADA/USDT:USDT,0.8226,938.0,0.8228,509.0,0.8228,280918.51,
1753507281153,05:21:21.153,blofin,ADA/USDT:USDT,0.8226,917.0,0.8228,509.0,0.8228,280918.51,
1753507281153,05:21:21.153,blofin,ADA/USDT:USDT,0.8226,917.0,0.8228,509.0,0.8228,280918.51,
1753507281153,05:21:21.153,blofin,ADA/USDT:USDT,0.8226,917.0,0.8228,509.0,0.8228,280918.51,
1753507281153,05:21:21.153,blofin,ADA/USDT:USDT,0.8226,917.0,0.8228,509.0,0.8228,280918.51,
1753507281153,05:21:21.153,blofin,ADA/USDT:USDT,0.8226,917.0,0.8228,509.0,0.8228,280918.51,
1753507281153,05:21:21.153,blofin,ADA/USDT:USDT,0.8226,929.0,0.8229,18.0,0.8228,280918.51,
1753507281153,05:21:21.153,blofin,ADA/USDT:USDT,0.8226,520.0,0.8229,109.0,0.8228,280918.51,
1753507281153,05:21:21.153,blofin,ADA/USDT:USDT,0.8226,520.0,0.8229,109.0,0.8228,280918.51,
1753507281153,05:21:21.153,blofin,ADA/USDT:USDT,0.8227,696.0,0.8229,8.0,0.8228,280918.51,
1753507281153,05:21:21.153,blofin,ADA/USDT:USDT,0.8227,696.0,0.8229,8.0,0.8228,280918.51,
1753507281153,05:21:21.153,blofin,ADA/USDT:USDT,0.8226,299.0,0.8229,426.0,0.8228,280918.51,
1753507281153,05:21:21.153,blofin,ADA/USDT:USDT,0.8226,299.0,0.8229,429.0,0.8228,280918.51,
1753507281153,05:21:21.153,blofin,ADA/USDT:USDT,0.8226,160.0,0.8229,558.0,0.8228,280918.51,
1753507281153,05:21:21.153,blofin,ADA/USDT:USDT,0.8226,160.0,0.8229,558.0,0.8228,280918.51,
1753507281153,05:21:21.153,blofin,ADA/USDT:USDT,0.8226,160.0,0.8229,558.0,0.8228,280918.51,
1753507281153,05:21:21.153,blofin,ADA/USDT:USDT,0.8226,162.0,0.8229,556.0,0.8228,280918.51,
1753507281153,05:21:21.153,blofin,ADA/USDT:USDT,0.8226,163.0,0.8229,558.0,0.8228,280918.51,
1753507281153,05:21:21.153,blofin,ADA/USDT:USDT,0.8226,159.0,0.8229,555.0,0.8228,280918.51,
1753507281153,05:21:21.153,blofin,ADA/USDT:USDT,0.8226,159.0,0.8229,555.0,0.8228,280918.51,
1753507281153,05:21:21.153,blofin,ADA/USDT:USDT,0.8226,158.0,0.8229,552.0,0.8228,280918.51,
1753507281153,05:21:21.153,blofin,ADA/USDT:USDT,0.8226,4.0,0.8227,1437.0,0.8228,280918.51,
1753507281153,05:21:21.153,blofin,ADA/USDT:USDT,0.8226,3.0,0.8227,1437.0,0.8228,280918.51,
1753507281153,05:21:21.153,blofin,ADA/USDT:USDT,0.8226,3.0,0.8227,1437.0,0.8228,280918.51,
1753507281153,05:21:21.153,blofin,ADA/USDT:USDT,0.8226,3.0,0.8227,1288.0,0.8228,280918.51,
1753507281153,05:21:21.153,blofin,ADA/USDT:USDT,0.8226,3.0,0.8227,1291.0,0.8228,280918.51,
1753507281153,05:21:21.153,blofin,ADA/USDT:USDT,0.8226,3.0,0.8227,950.0,0.8228,280918.51,
1753507281153,05:21:21.153,blofin,ADA/USDT:USDT,0.8226,3.0,0.8227,950.0,0.8228,280918.51,
1753507281153,05:21:21.153,blofin,ADA/USDT:USDT,0.8226,3.0,0.8227,954.0,0.8228,280918.51,
1753507281153,05:21:21.153,blofin,ADA/USDT:USDT,0.8226,3.0,0.8227,955.0,0.8228,280918.51,
1753507281153,05:21:21.153,blofin,ADA/USDT:USDT,0.8226,3.0,0.8227,1069.0,0.8228,280918.51,
1753507281153,05:21:21.153,blofin,ADA/USDT:USDT,0.8226,3.0,0.8227,1073.0,0.8228,280918.51,
1753507281153,05:21:21.153,blofin,ADA/USDT:USDT,0.8226,3.0,0.8227,1073.0,0.8228,280918.51,
1753507281153,05:21:21.153,blofin,ADA/USDT:USDT,0.8226,3.0,0.8227,971.0,0.8228,280918.51,
1753507281153,05:21:21.153,blofin,ADA/USDT:USDT,0.8226,3.0,0.8227,967.0,0.8228,280918.51,
1753507281153,05:21:21.153,blofin,ADA/USDT:USDT,0.8226,3.0,0.8227,963.0,0.8228,280918.51,
1753507281153,05:21:21.153,blofin,ADA/USDT:USDT,0.8226,3.0,0.8227,963.0,0.8228,280918.51,
1753507305167,05:21:45.167,blofin,ADA/USDT:USDT,0.8226,3.0,0.8227,1071.0,0.8226,280929.51,
1753507305167,05:21:45.167,blofin,ADA/USDT:USDT,0.8224,2.0,0.8226,977.0,0.8226,280929.51,
1753507305167,05:21:45.167,blofin,ADA/USDT:USDT,0.8224,2.0,0.8226,981.0,0.8226,280929.51,
1753507305167,05:21:45.167,blofin,ADA/USDT:USDT,0.8224,2.0,0.8225,809.0,0.8226,280929.51,
1753507305167,05:21:45.167,blofin,ADA/USDT:USDT,0.8224,2.0,0.8225,809.0,0.8226,280929.51,
1753507305167,05:21:45.167,blofin,ADA/USDT:USDT,0.8224,2.0,0.8225,572.0,0.8226,280929.51,
1753507305167,05:21:45.167,blofin,ADA/USDT:USDT,0.8223,283.0,0.8225,572.0,0.8226,280929.51,
1753507305167,05:21:45.167,blofin,ADA/USDT:USDT,0.8223,283.0,0.8225,574.0,0.8226,280929.51,
1753507305167,05:21:45.167,blofin,ADA/USDT:USDT,0.8223,248.0,0.8225,582.0,0.8226,280929.51,
1753507305167,05:21:45.167,blofin,ADA/USDT:USDT,0.8223,63.0,0.8225,585.0,0.8226,280929.51,
1753507305167,05:21:45.167,blofin,ADA/USDT:USDT,0.8223,63.0,0.8225,585.0,0.8226,280929.51,
1753507305167,05:21:45.167,blofin,ADA/USDT:USDT,0.8223,67.0,0.8225,564.0,0.8226,280929.51,
1753507305167,05:21:45.167,blofin,ADA/USDT:USDT,0.8223,67.0,0.8225,566.0,0.8226,280929.51,
1753507305167,05:21:45.167,blofin,ADA/USDT:USDT,0.8223,4.0,0.8225,569.0,0.8226,280929.51,
1753507305167,05:21:45.167,blofin,ADA/USDT:USDT,0.8222,81.0,0.8225,568.0,0.8226,280929.51,
1753507305167,05:21:45.167,blofin,ADA/USDT:USDT,0.8222,81.0,0.8225,568.0,0.8226,280929.51,
1753507305167,05:21:45.167,blofin,ADA/USDT:USDT,0.8222,27.0,0.8225,674.0,0.8226,280929.51,
1753507305167,05:21:45.167,blofin,ADA/USDT:USDT,0.8222,27.0,0.8225,673.0,0.8226,280929.51,
1753507305167,05:21:45.167,blofin,ADA/USDT:USDT,0.8222,27.0,0.8225,670.0,0.8226,280929.51,
1753507305167,05:21:45.167,blofin,ADA/USDT:USDT,0.8223,27.0,0.8225,677.0,0.8226,280929.51,
1753507305167,05:21:45.167,blofin,ADA/USDT:USDT,0.8223,27.0,0.8225,681.0,0.8226,280929.51,
1753507305167,05:21:45.167,blofin,ADA/USDT:USDT,0.8223,27.0,0.8225,681.0,0.8226,280929.51,
1753507305167,05:21:45.167,blofin,ADA/USDT:USDT,0.8223,6.0,0.8225,684.0,0.8226,280929.51,
1753507305167,05:21:45.167,blofin,ADA/USDT:USDT,0.8222,80.0,0.8224,959.0,0.8226,280929.51,
1753507305167,05:21:45.167,blofin,ADA/USDT:USDT,0.8222,84.0,0.8224,959.0,0.8226,280929.51,
1753507305167,05:21:45.167,blofin,ADA/USDT:USDT,0.8222,1.0,0.8224,873.0,0.8226,280929.51,
1753507305167,05:21:45.167,blofin,ADA/USDT:USDT,0.8221,337.0,0.8224,873.0,0.8226,280929.51,
1753507305167,05:21:45.167,blofin,ADA/USDT:USDT,0.8221,337.0,0.8224,873.0,0.8226,280929.51,
1753507305167,05:21:45.167,blofin,ADA/USDT:USDT,0.8221,422.0,0.8224,489.0,0.8226,280929.51,
1753507305167,05:21:45.167,blofin,ADA/USDT:USDT,0.8222,399.0,0.8224,150.0,0.8226,280929.51,
1753507305167,05:21:45.167,blofin,ADA/USDT:USDT,0.8221,406.0,0.8224,113.0,0.8226,280929.51,
1753507305167,05:21:45.167,blofin,ADA/USDT:USDT,0.8221,406.0,0.8224,113.0,0.8226,280929.51,
1753507305167,05:21:45.167,blofin,ADA/USDT:USDT,0.8223,2.0,0.8224,6.0,0.8226,280929.51,
1753507305167,05:21:45.167,blofin,ADA/USDT:USDT,0.8222,324.0,0.8224,6.0,0.8226,280929.51,
1753507305167,05:21:45.167,blofin,ADA/USDT:USDT,0.8223,512.0,0.8224,6.0,0.8226,280929.51,
1753507305167,05:21:45.167,blofin,ADA/USDT:USDT,0.8223,512.0,0.8224,6.0,0.8226,280929.51,
1753507305167,05:21:45.167,blofin,ADA/USDT:USDT,0.8223,513.0,0.8224,1.0,0.8226,280929.51,
1753507305167,05:21:45.167,blofin,ADA/USDT:USDT,0.8223,4.0,0.8224,1.0,0.8226,280929.51,
1753507305167,05:21:45.167,blofin,ADA/USDT:USDT,0.8222,530.0,0.8224,1.0,0.8226,280929.51,
1753507305167,05:21:45.167,blofin,ADA/USDT:USDT,0.8222,530.0,0.8224,1.0,0.8226,280929.51,
1753507305167,05:21:45.167,blofin,ADA/USDT:USDT,0.8222,530.0,0.8224,1.0,0.8226,280929.51,
1753507305167,05:21:45.167,blofin,ADA/USDT:USDT,0.8222,535.0,0.8224,1.0,0.8226,280929.51,
1753507305167,05:21:45.167,blofin,ADA/USDT:USDT,0.8222,358.0,0.8224,1.0,0.8226,280929.51,
1753507305167,05:21:45.167,blofin,ADA/USDT:USDT,0.8222,356.0,0.8224,1.0,0.8226,280929.51,
1753507305167,05:21:45.167,blofin,ADA/USDT:USDT,0.8222,356.0,0.8224,1.0,0.8226,280929.51,
1753507305167,05:21:45.167,blofin,ADA/USDT:USDT,0.8222,527.0,0.8224,1.0,0.8226,280929.51,
1753507328580,05:22:08.580,blofin,ADA/USDT:USDT,0.8222,529.0,0.8224,1.0,0.8226,280758.16,
1753507328580,05:22:08.580,blofin,ADA/USDT:USDT,0.8224,529.0,0.8225,3.0,0.8226,280758.16,
1753507328580,05:22:08.580,blofin,ADA/USDT:USDT,0.8224,430.0,0.8225,3.0,0.8226,280758.16,
1753507328580,05:22:08.580,blofin,ADA/USDT:USDT,0.8224,428.0,0.8225,3.0,0.8226,280758.16,
1753507328580,05:22:08.580,blofin,ADA/USDT:USDT,0.8224,428.0,0.8225,3.0,0.8226,280758.16,
1753507328580,05:22:08.580,blofin,ADA/USDT:USDT,0.8223,610.0,0.8225,3.0,0.8226,280758.16,
1753507328580,05:22:08.580,blofin,ADA/USDT:USDT,0.8223,610.0,0.8226,751.0,0.8226,280758.16,
1753507328580,05:22:08.580,blofin,ADA/USDT:USDT,0.8223,454.0,0.8226,751.0,0.8226,280758.16,
1753507328580,05:22:08.580,blofin,ADA/USDT:USDT,0.8223,452.0,0.8226,547.0,0.8226,280758.16,
1753507328580,05:22:08.580,blofin,ADA/USDT:USDT,0.8223,452.0,0.8226,551.0,0.8226,280758.16,
1753507328580,05:22:08.580,blofin,ADA/USDT:USDT,0.8223,452.0,0.8226,551.0,0.8226,280758.16,
1753507328580,05:22:08.580,blofin,ADA/USDT:USDT,0.8223,498.0,0.8226,439.0,0.8226,280758.16,
1753507328580,05:22:08.580,blofin,ADA/USDT:USDT,0.8223,499.0,0.8226,237.0,0.8226,280758.16,
1753507328580,05:22:08.580,blofin,ADA/USDT:USDT,0.8223,499.0,0.8226,235.0,0.8226,280758.16,
1753507328580,05:22:08.580,blofin,ADA/USDT:USDT,0.8223,499.0,0.8226,235.0,0.8226,280758.16,
1753507328580,05:22:08.580,blofin,ADA/USDT:USDT,0.8223,498.0,0.8226,165.0,0.8226,280758.16,
1753507328580,05:22:08.580,blofin,ADA/USDT:USDT,0.8224,510.0,0.8226,189.0,0.8226,280758.16,
1753507328580,05:22:08.580,blofin,ADA/USDT:USDT,0.8224,510.0,0.8226,189.0,0.8226,280758.16,
1753507328580,05:22:08.580,blofin,ADA/USDT:USDT,0.8224,2.0,0.8226,163.0,0.8226,280758.16,
1753507337793,05:22:17.793,blofin,ADA/USDT:USDT,0.8223,512.0,0.8226,150.0,0.8226,280768.16,
1753507337793,05:22:17.793,blofin,ADA/USDT:USDT,0.8223,512.0,0.8226,150.0,0.8226,280768.16,
1753507337793,05:22:17.793,blofin,ADA/USDT:USDT,0.8223,517.0,0.8226,92.0,0.8226,280768.16,
1753507337793,05:22:17.793,blofin,ADA/USDT:USDT,0.8223,521.0,0.8226,132.0,0.8226,280768.16,
1753507337793,05:22:17.793,blofin,ADA/USDT:USDT,0.8223,521.0,0.8226,134.0,0.8226,280768.16,
1753507337793,05:22:17.793,blofin,ADA/USDT:USDT,0.8223,524.0,0.8226,373.0,0.8226,280768.16,
1753507337793,05:22:17.793,blofin,ADA/USDT:USDT,0.8223,524.0,0.8226,373.0,0.8226,280768.16,
1753507337793,05:22:17.793,blofin,ADA/USDT:USDT,0.8223,524.0,0.8226,373.0,0.8226,280768.16,
1753507337793,05:22:17.793,blofin,ADA/USDT:USDT,0.8223,525.0,0.8226,215.0,0.8226,280768.16,
1753507337793,05:22:17.793,blofin,ADA/USDT:USDT,0.8223,540.0,0.8226,93.0,0.8226,280768.16,
1753507337793,05:22:17.793,blofin,ADA/USDT:USDT,0.8223,543.0,0.8226,93.0,0.8226,280768.16,
1753507343467,05:22:23.467,blofin,ADA/USDT:USDT,0.8223,630.0,0.8226,5.0,0.8225,280769.16,
1753507343467,05:22:23.467,blofin,ADA/USDT:USDT,0.8223,630.0,0.8226,5.0,0.8225,280769.16,
1753507343467,05:22:23.467,blofin,ADA/USDT:USDT,0.8226,59.0,0.8229,1360.0,0.8225,280769.16,
1753507343467,05:22:23.467,blofin,ADA/USDT:USDT,0.8227,144.0,0.8229,998.0,0.8225,280769.16,
1753507343467,05:22:23.467,blofin,ADA/USDT:USDT,0.8227,163.0,0.8229,931.0,0.8225,280769.16,
1753507343467,05:22:23.467,blofin,ADA/USDT:USDT,0.8227,163.0,0.8229,931.0,0.8225,280769.16,
1753507343467,05:22:23.467,blofin,ADA/USDT:USDT,0.8227,163.0,0.8229,931.0,0.8225,280769.16,
1753507343467,05:22:23.467,blofin,ADA/USDT:USDT,0.8227,5.0,0.8229,930.0,0.8225,280769.16,
1753507343467,05:22:23.467,blofin,ADA/USDT:USDT,0.8227,5.0,0.8229,571.0,0.8225,280769.16,
1753507343467,05:22:23.467,blofin,ADA/USDT:USDT,0.8227,5.0,0.8229,569.0,0.8225,280769.16,
1753507343467,05:22:23.467,blofin,ADA/USDT:USDT,0.8227,5.0,0.8229,570.0,0.8225,280769.16,
1753507343467,05:22:23.467,blofin,ADA/USDT:USDT,0.8226,295.0,0.8229,332.0,0.8225,280769.16,
1753507343467,05:22:23.467,blofin,ADA/USDT:USDT,0.8226,295.0,0.8229,332.0,0.8225,280769.16,
1753507343467,05:22:23.467,blofin,ADA/USDT:USDT,0.8226,268.0,0.8229,384.0,0.8225,280769.16,
1753507343467,05:22:23.467,blofin,ADA/USDT:USDT,0.8226,280.0,0.8229,384.0,0.8225,280769.16,
1753507343467,05:22:23.467,blofin,ADA/USDT:USDT,0.8226,280.0,0.8229,384.0,0.8225,280769.16,
1753507343467,05:22:23.467,blofin,ADA/USDT:USDT,0.8226,280.0,0.8229,384.0,0.8225,280769.16,
1753507343467,05:22:23.467,blofin,ADA/USDT:USDT,0.8226,76.0,0.8229,565.0,0.8225,280769.16,
1753507343467,05:22:23.467,blofin,ADA/USDT:USDT,0.8226,108.0,0.8229,565.0,0.8225,280769.16,
1753507343467,05:22:23.467,blofin,ADA/USDT:USDT,0.8227,102.0,0.8229,4.0,0.8225,280769.16,
1753507343467,05:22:23.467,blofin,ADA/USDT:USDT,0.8226,209.0,0.8229,387.0,0.8225,280769.16,
1753507343467,05:22:23.467,blofin,ADA/USDT:USDT,0.8226,126.0,0.8229,424.0,0.8225,280769.16,
1753507343467,05:22:23.467,blofin,ADA/USDT:USDT,0.8226,124.0,0.8229,424.0,0.8225,280769.16,
1753507343467,05:22:23.467,blofin,ADA/USDT:USDT,0.8226,124.0,0.8229,424.0,0.8225,280769.16,
1753507343467,05:22:23.467,blofin,ADA/USDT:USDT,0.8226,113.0,0.8229,425.0,0.8225,280769.16,
1753507343467,05:22:23.467,blofin,ADA/USDT:USDT,0.8226,189.0,0.8229,391.0,0.8225,280769.16,
1753507343467,05:22:23.467,blofin,ADA/USDT:USDT,0.8226,189.0,0.8229,391.0,0.8225,280769.16,
1753507343467,05:22:23.467,blofin,ADA/USDT:USDT,0.8226,189.0,0.8229,391.0,0.8225,280769.16,
1753507343467,05:22:23.467,blofin,ADA/USDT:USDT,0.8226,268.0,0.8229,355.0,0.8225,280769.16,
1753507343467,05:22:23.467,blofin,ADA/USDT:USDT,0.8227,264.0,0.8229,413.0,0.8225,280769.16,
1753507343467,05:22:23.467,blofin,ADA/USDT:USDT,0.8227,1.0,0.8229,356.0,0.8225,280769.16,
1753507343467,05:22:23.467,blofin,ADA/USDT:USDT,0.8227,1.0,0.8229,356.0,0.8225,280769.16,
1753507343467,05:22:23.467,blofin,ADA/USDT:USDT,0.8226,241.0,0.8229,356.0,0.8225,280769.16,
1753507343467,05:22:23.467,blofin,ADA/USDT:USDT,0.8226,263.0,0.8229,354.0,0.8225,280769.16,
1753507343467,05:22:23.467,blofin,ADA/USDT:USDT,0.8226,343.0,0.8229,51.0,0.8225,280769.16,
