timestamp,time,exchange,symbol,bid,bidVolume,ask,askVolume,lastPrice,baseVolume,quoteVolume
1753504777647,04:39:37.647,blofin,AAVE/USDT:USDT,297.31,17.0,297.33,144.0,297.26,319821.6,
1753504790349,04:39:50.349,blofin,AAVE/USDT:USDT,297.25,87.0,297.27,542.0,297.25,319830.6,
1753504790349,04:39:50.349,blofin,AAVE/USDT:USDT,297.25,5.0,297.27,223.0,297.25,319830.6,
1753504790349,04:39:50.349,blofin,AAVE/USDT:USDT,297.25,4.0,297.27,226.0,297.25,319830.6,
1753504790349,04:39:50.349,blofin,AAVE/USDT:USDT,297.25,4.0,297.27,226.0,297.25,319830.6,
1753504790349,04:39:50.349,blofin,AAVE/USDT:USDT,297.25,5.0,297.27,184.0,297.25,319830.6,
1753504790349,04:39:50.349,blofin,AAVE/USDT:USDT,297.25,6.0,297.27,186.0,297.25,319830.6,
1753504790349,04:39:50.349,blofin,AAVE/USDT:USDT,297.25,28.0,297.27,63.0,297.25,319830.6,
1753504790349,04:39:50.349,blofin,AAVE/USDT:USDT,297.25,6.0,297.27,27.0,297.25,319830.6,
1753504790349,04:39:50.349,blofin,AAVE/USDT:USDT,297.25,6.0,297.27,27.0,297.25,319830.6,
1753504790349,04:39:50.349,blofin,AAVE/USDT:USDT,297.25,42.0,297.27,6.0,297.25,319830.6,
1753504790349,04:39:50.349,blofin,AAVE/USDT:USDT,297.25,44.0,297.27,6.0,297.25,319830.6,
1753504790349,04:39:50.349,blofin,AAVE/USDT:USDT,297.25,44.0,297.27,6.0,297.25,319830.6,
1753504790349,04:39:50.349,blofin,AAVE/USDT:USDT,297.25,201.0,297.27,7.0,297.25,319830.6,
1753504790349,04:39:50.349,blofin,AAVE/USDT:USDT,297.25,75.0,297.27,7.0,297.25,319830.6,
1753504790349,04:39:50.349,blofin,AAVE/USDT:USDT,297.25,77.0,297.27,5.0,297.25,319830.6,
1753504790349,04:39:50.349,blofin,AAVE/USDT:USDT,297.25,66.0,297.27,8.0,297.25,319830.6,
1753504790349,04:39:50.349,blofin,AAVE/USDT:USDT,297.25,66.0,297.27,8.0,297.25,319830.6,
1753504790349,04:39:50.349,blofin,AAVE/USDT:USDT,297.25,6.0,297.27,8.0,297.25,319830.6,
1753504790349,04:39:50.349,blofin,AAVE/USDT:USDT,297.25,6.0,297.27,4.0,297.25,319830.6,
1753504790349,04:39:50.349,blofin,AAVE/USDT:USDT,297.25,6.0,297.27,4.0,297.25,319830.6,
1753504803145,04:40:03.145,blofin,AAVE/USDT:USDT,297.28,50.0,297.31,2.0,297.27,319418.5,
1753504803145,04:40:03.145,blofin,AAVE/USDT:USDT,297.27,30.0,297.29,144.0,297.27,319418.5,
1753504803145,04:40:03.145,blofin,AAVE/USDT:USDT,297.27,35.0,297.29,144.0,297.27,319418.5,
1753504803145,04:40:03.145,blofin,AAVE/USDT:USDT,297.27,16.0,297.29,161.0,297.27,319418.5,
1753504803145,04:40:03.145,blofin,AAVE/USDT:USDT,297.27,16.0,297.29,161.0,297.27,319418.5,
1753504803145,04:40:03.145,blofin,AAVE/USDT:USDT,297.27,15.0,297.29,165.0,297.27,319418.5,
1753504803145,04:40:03.145,blofin,AAVE/USDT:USDT,297.27,35.0,297.29,39.0,297.27,319418.5,
1753504803145,04:40:03.145,blofin,AAVE/USDT:USDT,297.27,35.0,297.29,39.0,297.27,319418.5,
1753504803145,04:40:03.145,blofin,AAVE/USDT:USDT,297.27,16.0,297.29,4.0,297.27,319418.5,
1753504803145,04:40:03.145,blofin,AAVE/USDT:USDT,297.28,31.0,297.29,4.0,297.27,319418.5,
1753504803145,04:40:03.145,blofin,AAVE/USDT:USDT,297.28,31.0,297.3,56.0,297.27,319418.5,
1753504803145,04:40:03.145,blofin,AAVE/USDT:USDT,297.28,31.0,297.3,56.0,297.27,319418.5,
1753504803145,04:40:03.145,blofin,AAVE/USDT:USDT,297.27,55.0,297.29,165.0,297.27,319418.5,
1753504803145,04:40:03.145,blofin,AAVE/USDT:USDT,297.28,32.0,297.29,2.0,297.27,319418.5,
1753504803145,04:40:03.145,blofin,AAVE/USDT:USDT,297.28,34.0,297.29,2.0,297.27,319418.5,
1753504803145,04:40:03.145,blofin,AAVE/USDT:USDT,297.28,34.0,297.29,2.0,297.27,319418.5,
1753504803145,04:40:03.145,blofin,AAVE/USDT:USDT,297.28,33.0,297.3,60.0,297.27,319418.5,
1753504803145,04:40:03.145,blofin,AAVE/USDT:USDT,297.28,34.0,297.3,60.0,297.27,319418.5,
1753504803145,04:40:03.145,blofin,AAVE/USDT:USDT,297.28,36.0,297.3,60.0,297.27,319418.5,
1753504803145,04:40:03.145,blofin,AAVE/USDT:USDT,297.28,36.0,297.3,60.0,297.27,319418.5,
1753504803145,04:40:03.145,blofin,AAVE/USDT:USDT,297.27,34.0,297.3,99.0,297.27,319418.5,
1753504803145,04:40:03.145,blofin,AAVE/USDT:USDT,297.28,64.0,297.3,274.0,297.27,319418.5,
1753504803145,04:40:03.145,blofin,AAVE/USDT:USDT,297.28,64.0,297.3,274.0,297.27,319418.5,
1753504803145,04:40:03.145,blofin,AAVE/USDT:USDT,297.28,44.0,297.3,3.0,297.27,319418.5,
1753504803145,04:40:03.145,blofin,AAVE/USDT:USDT,297.28,44.0,297.3,3.0,297.27,319418.5,
1753504803145,04:40:03.145,blofin,AAVE/USDT:USDT,297.34,42.0,297.36,34.0,297.27,319418.5,
1753504803145,04:40:03.145,blofin,AAVE/USDT:USDT,297.34,91.0,297.36,33.0,297.27,319418.5,
1753504803145,04:40:03.145,blofin,AAVE/USDT:USDT,297.34,108.0,297.36,9.0,297.27,319418.5,
1753504803145,04:40:03.145,blofin,AAVE/USDT:USDT,297.34,108.0,297.36,9.0,297.27,319418.5,
1753504803145,04:40:03.145,blofin,AAVE/USDT:USDT,297.34,108.0,297.36,9.0,297.27,319418.5,
1753504803145,04:40:03.145,blofin,AAVE/USDT:USDT,297.34,1.0,297.36,33.0,297.27,319418.5,
1753504803145,04:40:03.145,blofin,AAVE/USDT:USDT,297.34,90.0,297.36,9.0,297.27,319418.5,
1753504803145,04:40:03.145,blofin,AAVE/USDT:USDT,297.34,90.0,297.36,9.0,297.27,319418.5,
1753504820254,04:40:20.254,blofin,AAVE/USDT:USDT,297.34,91.0,297.36,9.0,297.36,319428.5,
1753504820254,04:40:20.254,blofin,AAVE/USDT:USDT,297.35,95.0,297.37,5.0,297.36,319428.5,
1753504820254,04:40:20.254,blofin,AAVE/USDT:USDT,297.36,81.0,297.38,26.0,297.36,319428.5,
1753504820254,04:40:20.254,blofin,AAVE/USDT:USDT,297.36,80.0,297.38,26.0,297.36,319428.5,
1753504820254,04:40:20.254,blofin,AAVE/USDT:USDT,297.36,80.0,297.38,26.0,297.36,319428.5,
1753504820254,04:40:20.254,blofin,AAVE/USDT:USDT,297.36,115.0,297.38,28.0,297.36,319428.5,
1753504820254,04:40:20.254,blofin,AAVE/USDT:USDT,297.36,115.0,297.38,4.0,297.36,319428.5,
1753504820254,04:40:20.254,blofin,AAVE/USDT:USDT,297.35,5.0,297.36,201.0,297.36,319428.5,
1753504820254,04:40:20.254,blofin,AAVE/USDT:USDT,297.35,5.0,297.36,201.0,297.36,319428.5,
1753504820254,04:40:20.254,blofin,AAVE/USDT:USDT,297.35,5.0,297.36,79.0,297.36,319428.5,
1753504820254,04:40:20.254,blofin,AAVE/USDT:USDT,297.35,5.0,297.36,79.0,297.36,319428.5,
1753504827547,04:40:27.547,blofin,AAVE/USDT:USDT,297.35,5.0,297.36,79.0,297.32,319436.5,
1753504827547,04:40:27.547,blofin,AAVE/USDT:USDT,297.3,1.0,297.32,185.0,297.32,319436.5,
1753504827547,04:40:27.547,blofin,AAVE/USDT:USDT,297.3,1.0,297.32,185.0,297.32,319436.5,
1753504827547,04:40:27.547,blofin,AAVE/USDT:USDT,297.3,28.0,297.32,109.0,297.32,319436.5,
1753504827547,04:40:27.547,blofin,AAVE/USDT:USDT,297.3,17.0,297.32,44.0,297.32,319436.5,
1753504827547,04:40:27.547,blofin,AAVE/USDT:USDT,297.3,5.0,297.32,56.0,297.32,319436.5,
1753504827547,04:40:27.547,blofin,AAVE/USDT:USDT,297.29,37.0,297.32,56.0,297.32,319436.5,
1753504827547,04:40:27.547,blofin,AAVE/USDT:USDT,297.3,61.0,297.32,13.0,297.32,319436.5,
1753504827547,04:40:27.547,blofin,AAVE/USDT:USDT,297.3,61.0,297.32,13.0,297.32,319436.5,
1753504827547,04:40:27.547,blofin,AAVE/USDT:USDT,297.3,16.0,297.32,93.0,297.32,319436.5,
1753504827547,04:40:27.547,blofin,AAVE/USDT:USDT,297.3,16.0,297.32,93.0,297.32,319436.5,
1753504827547,04:40:27.547,blofin,AAVE/USDT:USDT,297.3,255.0,297.32,8.0,297.32,319436.5,
1753504827547,04:40:27.547,blofin,AAVE/USDT:USDT,297.3,255.0,297.32,8.0,297.32,319436.5,
1753504827547,04:40:27.547,blofin,AAVE/USDT:USDT,297.3,259.0,297.32,8.0,297.32,319436.5,
1753504827547,04:40:27.547,blofin,AAVE/USDT:USDT,297.34,99.0,297.37,36.0,297.32,319436.5,
1753504827547,04:40:27.547,blofin,AAVE/USDT:USDT,297.34,99.0,297.37,36.0,297.32,319436.5,
1753504827547,04:40:27.547,blofin,AAVE/USDT:USDT,297.34,8.0,297.36,81.0,297.32,319436.5,
1753504827547,04:40:27.547,blofin,AAVE/USDT:USDT,297.34,8.0,297.36,86.0,297.32,319436.5,
1753504827547,04:40:27.547,blofin,AAVE/USDT:USDT,297.34,8.0,297.36,212.0,297.32,319436.5,
1753504827547,04:40:27.547,blofin,AAVE/USDT:USDT,297.31,6.0,297.33,226.0,297.32,319436.5,
1753504839454,04:40:39.454,blofin,AAVE/USDT:USDT,297.31,6.0,297.33,226.0,297.2,319450.5,
1753504839454,04:40:39.454,blofin,AAVE/USDT:USDT,297.19,32.0,297.2,30.0,297.2,319450.5,
1753504839454,04:40:39.454,blofin,AAVE/USDT:USDT,297.15,55.0,297.17,3.0,297.2,319450.5,
1753504839454,04:40:39.454,blofin,AAVE/USDT:USDT,297.15,55.0,297.17,3.0,297.2,319450.5,
1753504839454,04:40:39.454,blofin,AAVE/USDT:USDT,297.15,61.0,297.17,44.0,297.2,319450.5,
1753504839454,04:40:39.454,blofin,AAVE/USDT:USDT,297.21,62.0,297.23,43.0,297.2,319450.5,
1753504839454,04:40:39.454,blofin,AAVE/USDT:USDT,297.21,103.0,297.24,62.0,297.2,319450.5,
1753504839454,04:40:39.454,blofin,AAVE/USDT:USDT,297.21,103.0,297.24,65.0,297.2,319450.5,
1753504839454,04:40:39.454,blofin,AAVE/USDT:USDT,297.21,32.0,297.23,66.0,297.2,319450.5,
1753504844161,04:40:44.161,blofin,AAVE/USDT:USDT,297.21,32.0,297.23,66.0,297.23,319461.5,
1753504844161,04:40:44.161,blofin,AAVE/USDT:USDT,297.23,219.0,297.25,126.0,297.23,319461.5,
1753504844161,04:40:44.161,blofin,AAVE/USDT:USDT,297.23,219.0,297.25,130.0,297.23,319461.5,
1753504844161,04:40:44.161,blofin,AAVE/USDT:USDT,297.23,219.0,297.25,130.0,297.23,319461.5,
1753504844161,04:40:44.161,blofin,AAVE/USDT:USDT,297.25,437.0,297.27,65.0,297.23,319461.5,
1753504844161,04:40:44.161,blofin,AAVE/USDT:USDT,297.24,178.0,297.27,67.0,297.23,319461.5,
1753504844161,04:40:44.161,blofin,AAVE/USDT:USDT,297.25,281.0,297.27,67.0,297.23,319461.5,
1753504844161,04:40:44.161,blofin,AAVE/USDT:USDT,297.25,281.0,297.27,67.0,297.23,319461.5,
1753504844161,04:40:44.161,blofin,AAVE/USDT:USDT,297.25,283.0,297.27,67.0,297.23,319461.5,
1753504848850,04:40:48.850,blofin,AAVE/USDT:USDT,297.25,251.0,297.27,66.0,297.31,319470.5,
1753504848850,04:40:48.850,blofin,AAVE/USDT:USDT,297.27,276.0,297.29,2.0,297.31,319470.5,
1753504848850,04:40:48.850,blofin,AAVE/USDT:USDT,297.27,276.0,297.29,2.0,297.31,319470.5,
1753504848850,04:40:48.850,blofin,AAVE/USDT:USDT,297.27,502.0,297.29,28.0,297.31,319470.5,
1753504848850,04:40:48.850,blofin,AAVE/USDT:USDT,297.27,493.0,297.29,2.0,297.31,319470.5,
1753504848850,04:40:48.850,blofin,AAVE/USDT:USDT,297.27,493.0,297.29,2.0,297.31,319470.5,
1753504848850,04:40:48.850,blofin,AAVE/USDT:USDT,297.28,414.0,297.29,2.0,297.31,319470.5,
1753504848850,04:40:48.850,blofin,AAVE/USDT:USDT,297.28,414.0,297.29,2.0,297.31,319470.5,
1753504848850,04:40:48.850,blofin,AAVE/USDT:USDT,297.3,247.0,297.32,5.0,297.31,319470.5,
1753504848850,04:40:48.850,blofin,AAVE/USDT:USDT,297.33,381.0,297.34,246.0,297.31,319470.5,
1753504848850,04:40:48.850,blofin,AAVE/USDT:USDT,297.36,346.0,297.39,134.0,297.31,319470.5,
1753504848850,04:40:48.850,blofin,AAVE/USDT:USDT,297.36,346.0,297.39,134.0,297.31,319470.5,
1753504848850,04:40:48.850,blofin,AAVE/USDT:USDT,297.36,350.0,297.39,134.0,297.31,319470.5,
1753504848850,04:40:48.850,blofin,AAVE/USDT:USDT,297.36,342.0,297.39,129.0,297.31,319470.5,
1753504848850,04:40:48.850,blofin,AAVE/USDT:USDT,297.36,345.0,297.39,129.0,297.31,319470.5,
1753504848850,04:40:48.850,blofin,AAVE/USDT:USDT,297.36,326.0,297.38,81.0,297.31,319470.5,
1753504848850,04:40:48.850,blofin,AAVE/USDT:USDT,297.36,326.0,297.38,81.0,297.31,319470.5,
1753504848850,04:40:48.850,blofin,AAVE/USDT:USDT,297.37,148.0,297.39,7.0,297.31,319470.5,
1753504848850,04:40:48.850,blofin,AAVE/USDT:USDT,297.37,1.0,297.39,10.0,297.31,319470.5,
1753504848850,04:40:48.850,blofin,AAVE/USDT:USDT,297.39,67.0,297.41,214.0,297.31,319470.5,
1753504848850,04:40:48.850,blofin,AAVE/USDT:USDT,297.39,67.0,297.41,214.0,297.31,319470.5,
1753504848850,04:40:48.850,blofin,AAVE/USDT:USDT,297.39,14.0,297.41,235.0,297.31,319470.5,
1753504848850,04:40:48.850,blofin,AAVE/USDT:USDT,297.39,14.0,297.41,237.0,297.31,319470.5,
1753504848850,04:40:48.850,blofin,AAVE/USDT:USDT,297.39,14.0,297.41,237.0,297.31,319470.5,
1753504848850,04:40:48.850,blofin,AAVE/USDT:USDT,297.39,41.0,297.41,172.0,297.31,319470.5,
1753504848850,04:40:48.850,blofin,AAVE/USDT:USDT,297.39,21.0,297.41,172.0,297.31,319470.5,
1753504848850,04:40:48.850,blofin,AAVE/USDT:USDT,297.39,21.0,297.41,172.0,297.31,319470.5,
1753504848850,04:40:48.850,blofin,AAVE/USDT:USDT,297.39,18.0,297.41,219.0,297.31,319470.5,
1753504864162,04:41:04.162,blofin,AAVE/USDT:USDT,297.39,18.0,297.41,219.0,297.42,319297.5,
1753504864162,04:41:04.162,blofin,AAVE/USDT:USDT,297.4,242.0,297.41,172.0,297.42,319297.5,
1753504864162,04:41:04.162,blofin,AAVE/USDT:USDT,297.42,436.0,297.44,36.0,297.42,319297.5,
1753504864162,04:41:04.162,blofin,AAVE/USDT:USDT,297.44,284.0,297.46,145.0,297.42,319297.5,
1753504864162,04:41:04.162,blofin,AAVE/USDT:USDT,297.44,284.0,297.46,145.0,297.42,319297.5,
1753504864162,04:41:04.162,blofin,AAVE/USDT:USDT,297.44,452.0,297.46,125.0,297.42,319297.5,
1753504864162,04:41:04.162,blofin,AAVE/USDT:USDT,297.44,450.0,297.46,125.0,297.42,319297.5,
1753504864162,04:41:04.162,blofin,AAVE/USDT:USDT,297.44,279.0,297.46,125.0,297.42,319297.5,
1753504864162,04:41:04.162,blofin,AAVE/USDT:USDT,297.44,279.0,297.46,127.0,297.42,319297.5,
1753504864162,04:41:04.162,blofin,AAVE/USDT:USDT,297.44,279.0,297.46,127.0,297.42,319297.5,
1753504864162,04:41:04.162,blofin,AAVE/USDT:USDT,297.44,251.0,297.47,130.0,297.42,319297.5,
1753504864162,04:41:04.162,blofin,AAVE/USDT:USDT,297.44,162.0,297.46,125.0,297.42,319297.5,
1753504864162,04:41:04.162,blofin,AAVE/USDT:USDT,297.44,162.0,297.46,125.0,297.42,319297.5,
1753504864162,04:41:04.162,blofin,AAVE/USDT:USDT,297.43,116.0,297.46,129.0,297.42,319297.5,
1753504864162,04:41:04.162,blofin,AAVE/USDT:USDT,297.43,114.0,297.46,129.0,297.42,319297.5,
1753504864162,04:41:04.162,blofin,AAVE/USDT:USDT,297.44,131.0,297.46,4.0,297.42,319297.5,
1753504864162,04:41:04.162,blofin,AAVE/USDT:USDT,297.44,131.0,297.46,4.0,297.42,319297.5,
1753504872649,04:41:12.649,blofin,AAVE/USDT:USDT,297.44,131.0,297.46,4.0,297.45,319309.5,
1753504872649,04:41:12.649,blofin,AAVE/USDT:USDT,297.45,113.0,297.46,4.0,297.45,319309.5,
1753504872649,04:41:12.649,blofin,AAVE/USDT:USDT,297.45,206.0,297.47,24.0,297.45,319309.5,
1753504872649,04:41:12.649,blofin,AAVE/USDT:USDT,297.45,206.0,297.47,24.0,297.45,319309.5,
1753504872649,04:41:12.649,blofin,AAVE/USDT:USDT,297.45,113.0,297.47,126.0,297.45,319309.5,
1753504872649,04:41:12.649,blofin,AAVE/USDT:USDT,297.45,116.0,297.47,127.0,297.45,319309.5,
1753504872649,04:41:12.649,blofin,AAVE/USDT:USDT,297.45,71.0,297.47,92.0,297.45,319309.5,
1753504872649,04:41:12.649,blofin,AAVE/USDT:USDT,297.45,264.0,297.47,2.0,297.45,319309.5,
1753504872649,04:41:12.649,blofin,AAVE/USDT:USDT,297.45,261.0,297.47,2.0,297.45,319309.5,
1753504872649,04:41:12.649,blofin,AAVE/USDT:USDT,297.45,261.0,297.47,2.0,297.45,319309.5,
1753504872649,04:41:12.649,blofin,AAVE/USDT:USDT,297.45,253.0,297.47,77.0,297.45,319309.5,
1753504872649,04:41:12.649,blofin,AAVE/USDT:USDT,297.45,5.0,297.47,77.0,297.45,319309.5,
1753504872649,04:41:12.649,blofin,AAVE/USDT:USDT,297.45,5.0,297.47,79.0,297.45,319309.5,
1753504872649,04:41:12.649,blofin,AAVE/USDT:USDT,297.45,269.0,297.47,4.0,297.45,319309.5,
1753504872649,04:41:12.649,blofin,AAVE/USDT:USDT,297.45,269.0,297.47,4.0,297.45,319309.5,
1753504872649,04:41:12.649,blofin,AAVE/USDT:USDT,297.45,271.0,297.47,4.0,297.45,319309.5,
1753504872649,04:41:12.649,blofin,AAVE/USDT:USDT,297.45,255.0,297.47,74.0,297.45,319309.5,
1753504872649,04:41:12.649,blofin,AAVE/USDT:USDT,297.45,300.0,297.47,71.0,297.45,319309.5,
1753504872649,04:41:12.649,blofin,AAVE/USDT:USDT,297.45,300.0,297.47,71.0,297.45,319309.5,
1753504872649,04:41:12.649,blofin,AAVE/USDT:USDT,297.45,272.0,297.47,58.0,297.45,319309.5,
1753504872649,04:41:12.649,blofin,AAVE/USDT:USDT,297.45,272.0,297.47,58.0,297.45,319309.5,
1753504872649,04:41:12.649,blofin,AAVE/USDT:USDT,297.45,298.0,297.47,56.0,297.45,319309.5,
1753504872649,04:41:12.649,blofin,AAVE/USDT:USDT,297.45,297.0,297.47,56.0,297.45,319309.5,
1753504872649,04:41:12.649,blofin,AAVE/USDT:USDT,297.45,301.0,297.47,56.0,297.45,319309.5,
1753504872649,04:41:12.649,blofin,AAVE/USDT:USDT,297.45,301.0,297.47,56.0,297.45,319309.5,
1753504872649,04:41:12.649,blofin,AAVE/USDT:USDT,297.46,325.0,297.48,179.0,297.45,319309.5,
1753504872649,04:41:12.649,blofin,AAVE/USDT:USDT,297.46,325.0,297.48,175.0,297.45,319309.5,
1753504886853,04:41:26.853,blofin,AAVE/USDT:USDT,297.51,6.0,297.53,327.0,297.53,319324.5,
1753504886853,04:41:26.853,blofin,AAVE/USDT:USDT,297.51,6.0,297.53,327.0,297.53,319324.5,
1753504886853,04:41:26.853,blofin,AAVE/USDT:USDT,297.49,9.0,297.51,294.0,297.53,319324.5,
1753504886853,04:41:26.853,blofin,AAVE/USDT:USDT,297.49,11.0,297.51,294.0,297.53,319324.5,
1753504886853,04:41:26.853,blofin,AAVE/USDT:USDT,297.48,11.0,297.51,271.0,297.53,319324.5,
1753504889251,04:41:29.251,blofin,AAVE/USDT:USDT,297.5,33.0,297.52,74.0,297.49,319335.5,
1753504889251,04:41:29.251,blofin,AAVE/USDT:USDT,297.5,33.0,297.52,74.0,297.49,319335.5,
1753504889251,04:41:29.251,blofin,AAVE/USDT:USDT,297.5,34.0,297.52,74.0,297.49,319335.5,
1753504889251,04:41:29.251,blofin,AAVE/USDT:USDT,297.5,116.0,297.52,1.0,297.49,319335.5,
1753504889251,04:41:29.251,blofin,AAVE/USDT:USDT,297.5,116.0,297.52,1.0,297.49,319335.5,
1753504889251,04:41:29.251,blofin,AAVE/USDT:USDT,297.5,116.0,297.53,71.0,297.49,319335.5,
1753504889251,04:41:29.251,blofin,AAVE/USDT:USDT,297.5,248.0,297.52,71.0,297.49,319335.5,
1753504889251,04:41:29.251,blofin,AAVE/USDT:USDT,297.54,308.0,297.56,33.0,297.49,319335.5,
1753504889251,04:41:29.251,blofin,AAVE/USDT:USDT,297.54,308.0,297.56,33.0,297.49,319335.5,
