timestamp,time,exchange,symbol,bid,bidVolume,ask,askVolume,lastPrice,baseVolume,quoteVolume
1753504779294,04:39:39.294,blofin,ADA/USDT:USDT,0.8265,65.0,0.8268,643.0,0.8268,288622.05,
1753504779294,04:39:39.294,blofin,ADA/USDT:USDT,0.8264,432.0,0.8267,230.0,0.8268,288622.05,
1753504779294,04:39:39.294,blofin,ADA/USDT:USDT,0.8264,432.0,0.8267,230.0,0.8268,288622.05,
1753504779294,04:39:39.294,blofin,ADA/USDT:USDT,0.8265,1.0,0.8266,775.0,0.8268,288622.05,
1753504779294,04:39:39.294,blofin,ADA/USDT:USDT,0.8265,1.0,0.8266,775.0,0.8268,288622.05,
1753504779294,04:39:39.294,blofin,ADA/USDT:USDT,0.8263,385.0,0.8266,501.0,0.8268,288622.05,
1753504779294,04:39:39.294,blofin,ADA/USDT:USDT,0.8263,385.0,0.8266,501.0,0.8268,288622.05,
1753504779294,04:39:39.294,blofin,ADA/USDT:USDT,0.8263,385.0,0.8266,501.0,0.8268,288622.05,
1753504779294,04:39:39.294,blofin,ADA/USDT:USDT,0.8263,373.0,0.8266,488.0,0.8268,288622.05,
1753504779294,04:39:39.294,blofin,ADA/USDT:USDT,0.8263,376.0,0.8266,488.0,0.8268,288622.05,
1753504779294,04:39:39.294,blofin,ADA/USDT:USDT,0.8263,331.0,0.8266,348.0,0.8268,288622.05,
1753504779294,04:39:39.294,blofin,ADA/USDT:USDT,0.8263,417.0,0.8266,315.0,0.8268,288622.05,
1753504779294,04:39:39.294,blofin,ADA/USDT:USDT,0.8263,417.0,0.8266,315.0,0.8268,288622.05,
1753504779294,04:39:39.294,blofin,ADA/USDT:USDT,0.8263,417.0,0.8266,315.0,0.8268,288622.05,
1753504779294,04:39:39.294,blofin,ADA/USDT:USDT,0.8264,468.0,0.8266,187.0,0.8268,288622.05,
1753504779294,04:39:39.294,blofin,ADA/USDT:USDT,0.8264,5.0,0.8266,384.0,0.8268,288622.05,
1753504779294,04:39:39.294,blofin,ADA/USDT:USDT,0.8263,370.0,0.8266,386.0,0.8268,288622.05,
1753504779294,04:39:39.294,blofin,ADA/USDT:USDT,0.8263,370.0,0.8266,386.0,0.8268,288622.05,
1753504779294,04:39:39.294,blofin,ADA/USDT:USDT,0.8263,260.0,0.8266,364.0,0.8268,288622.05,
1753504779294,04:39:39.294,blofin,ADA/USDT:USDT,0.8263,372.0,0.8266,373.0,0.8268,288622.05,
1753504779294,04:39:39.294,blofin,ADA/USDT:USDT,0.8263,254.0,0.8266,581.0,0.8268,288622.05,
1753504779294,04:39:39.294,blofin,ADA/USDT:USDT,0.8263,254.0,0.8266,581.0,0.8268,288622.05,
1753504779294,04:39:39.294,blofin,ADA/USDT:USDT,0.8263,254.0,0.8266,581.0,0.8268,288622.05,
1753504779294,04:39:39.294,blofin,ADA/USDT:USDT,0.8264,246.0,0.8266,581.0,0.8268,288622.05,
1753504779294,04:39:39.294,blofin,ADA/USDT:USDT,0.8264,246.0,0.8266,577.0,0.8268,288622.05,
1753504779294,04:39:39.294,blofin,ADA/USDT:USDT,0.8263,6.0,0.8266,672.0,0.8268,288622.05,
1753504779294,04:39:39.294,blofin,ADA/USDT:USDT,0.8263,5.0,0.8266,671.0,0.8268,288622.05,
1753504779294,04:39:39.294,blofin,ADA/USDT:USDT,0.8263,5.0,0.8266,671.0,0.8268,288622.05,
1753504779294,04:39:39.294,blofin,ADA/USDT:USDT,0.8263,5.0,0.8265,794.0,0.8268,288622.05,
1753504779294,04:39:39.294,blofin,ADA/USDT:USDT,0.8263,8.0,0.8265,800.0,0.8268,288622.05,
1753504779294,04:39:39.294,blofin,ADA/USDT:USDT,0.8263,306.0,0.8265,579.0,0.8268,288622.05,
1753504779294,04:39:39.294,blofin,ADA/USDT:USDT,0.8263,306.0,0.8265,577.0,0.8268,288622.05,
1753504808579,04:40:08.579,blofin,ADA/USDT:USDT,0.8263,306.0,0.8265,577.0,0.8268,288347.26,
1753504808579,04:40:08.579,blofin,ADA/USDT:USDT,0.8263,7.0,0.8265,452.0,0.8268,288347.26,
1753504808579,04:40:08.579,blofin,ADA/USDT:USDT,0.8263,560.0,0.8265,250.0,0.8268,288347.26,
1753504808579,04:40:08.579,blofin,ADA/USDT:USDT,0.8263,560.0,0.8265,249.0,0.8268,288347.26,
1753504808579,04:40:08.579,blofin,ADA/USDT:USDT,0.8263,560.0,0.8265,249.0,0.8268,288347.26,
1753504808579,04:40:08.579,blofin,ADA/USDT:USDT,0.8263,7.0,0.8265,145.0,0.8268,288347.26,
1753504808579,04:40:08.579,blofin,ADA/USDT:USDT,0.8263,7.0,0.8265,148.0,0.8268,288347.26,
1753504808579,04:40:08.579,blofin,ADA/USDT:USDT,0.8263,657.0,0.8265,4.0,0.8268,288347.26,
1753504808579,04:40:08.579,blofin,ADA/USDT:USDT,0.8263,4.0,0.8265,216.0,0.8268,288347.26,
1753504808579,04:40:08.579,blofin,ADA/USDT:USDT,0.8263,4.0,0.8265,216.0,0.8268,288347.26,
1753504808579,04:40:08.579,blofin,ADA/USDT:USDT,0.8263,4.0,0.8265,213.0,0.8268,288347.26,
1753504808579,04:40:08.579,blofin,ADA/USDT:USDT,0.8263,570.0,0.8265,266.0,0.8268,288347.26,
1753504808579,04:40:08.579,blofin,ADA/USDT:USDT,0.8263,4.0,0.8265,549.0,0.8268,288347.26,
1753504808579,04:40:08.579,blofin,ADA/USDT:USDT,0.8263,4.0,0.8265,545.0,0.8268,288347.26,
1753504808579,04:40:08.579,blofin,ADA/USDT:USDT,0.8263,3.0,0.8265,270.0,0.8268,288347.26,
1753504808579,04:40:08.579,blofin,ADA/USDT:USDT,0.8263,3.0,0.8265,270.0,0.8268,288347.26,
1753504816553,04:40:16.553,blofin,ADA/USDT:USDT,0.8263,3.0,0.8265,270.0,0.8265,288348.26,
1753504816553,04:40:16.553,blofin,ADA/USDT:USDT,0.8265,825.0,0.8266,4.0,0.8265,288348.26,
1753504816553,04:40:16.553,blofin,ADA/USDT:USDT,0.8265,545.0,0.8266,4.0,0.8265,288348.26,
1753504816553,04:40:16.553,blofin,ADA/USDT:USDT,0.8265,548.0,0.8266,4.0,0.8265,288348.26,
1753504816553,04:40:16.553,blofin,ADA/USDT:USDT,0.8265,548.0,0.8266,4.0,0.8265,288348.26,
1753504816553,04:40:16.553,blofin,ADA/USDT:USDT,0.8265,319.0,0.8266,4.0,0.8265,288348.26,
1753504816553,04:40:16.553,blofin,ADA/USDT:USDT,0.8265,317.0,0.8266,4.0,0.8265,288348.26,
1753504816553,04:40:16.553,blofin,ADA/USDT:USDT,0.8265,318.0,0.8266,4.0,0.8265,288348.26,
1753504816553,04:40:16.553,blofin,ADA/USDT:USDT,0.8265,297.0,0.8266,4.0,0.8265,288348.26,
1753504816553,04:40:16.553,blofin,ADA/USDT:USDT,0.8265,297.0,0.8266,4.0,0.8265,288348.26,
1753504816553,04:40:16.553,blofin,ADA/USDT:USDT,0.8265,297.0,0.8266,4.0,0.8265,288348.26,
1753504816553,04:40:16.553,blofin,ADA/USDT:USDT,0.8265,283.0,0.8266,4.0,0.8265,288348.26,
1753504816553,04:40:16.553,blofin,ADA/USDT:USDT,0.8265,342.0,0.8266,4.0,0.8265,288348.26,
1753504816553,04:40:16.553,blofin,ADA/USDT:USDT,0.8265,342.0,0.8266,4.0,0.8265,288348.26,
1753504816553,04:40:16.553,blofin,ADA/USDT:USDT,0.8266,326.0,0.8268,2.0,0.8265,288348.26,
1753504816553,04:40:16.553,blofin,ADA/USDT:USDT,0.8266,326.0,0.8268,2.0,0.8265,288348.26,
1753504816553,04:40:16.553,blofin,ADA/USDT:USDT,0.8266,326.0,0.8268,2.0,0.8265,288348.26,
1753504816553,04:40:16.553,blofin,ADA/USDT:USDT,0.8266,323.0,0.8268,576.0,0.8265,288348.26,
1753504816553,04:40:16.553,blofin,ADA/USDT:USDT,0.8266,323.0,0.8268,579.0,0.8265,288348.26,
1753504816553,04:40:16.553,blofin,ADA/USDT:USDT,0.8266,323.0,0.8268,579.0,0.8265,288348.26,
1753504816553,04:40:16.553,blofin,ADA/USDT:USDT,0.8266,323.0,0.8267,581.0,0.8265,288348.26,
1753504816553,04:40:16.553,blofin,ADA/USDT:USDT,0.8266,323.0,0.8267,1216.0,0.8265,288348.26,
1753504816553,04:40:16.553,blofin,ADA/USDT:USDT,0.8265,8.0,0.8266,818.0,0.8265,288348.26,
1753504816553,04:40:16.553,blofin,ADA/USDT:USDT,0.8265,8.0,0.8266,818.0,0.8265,288348.26,
1753504816553,04:40:16.553,blofin,ADA/USDT:USDT,0.8265,4.0,0.8266,816.0,0.8265,288348.26,
1753504816553,04:40:16.553,blofin,ADA/USDT:USDT,0.8265,4.0,0.8266,819.0,0.8265,288348.26,
1753504816553,04:40:16.553,blofin,ADA/USDT:USDT,0.8265,4.0,0.8266,822.0,0.8265,288348.26,
1753504816553,04:40:16.553,blofin,ADA/USDT:USDT,0.8265,4.0,0.8266,822.0,0.8265,288348.26,
1753504816553,04:40:16.553,blofin,ADA/USDT:USDT,0.8265,4.0,0.8266,822.0,0.8265,288348.26,
1753504816553,04:40:16.553,blofin,ADA/USDT:USDT,0.8265,4.0,0.8266,721.0,0.8265,288348.26,
1753504816553,04:40:16.553,blofin,ADA/USDT:USDT,0.8265,4.0,0.8266,721.0,0.8265,288348.26,
1753504816553,04:40:16.553,blofin,ADA/USDT:USDT,0.8265,4.0,0.8266,142.0,0.8265,288348.26,
1753504816553,04:40:16.553,blofin,ADA/USDT:USDT,0.8265,4.0,0.8266,405.0,0.8265,288348.26,
1753504816553,04:40:16.553,blofin,ADA/USDT:USDT,0.8265,4.0,0.8266,405.0,0.8265,288348.26,
1753504816553,04:40:16.553,blofin,ADA/USDT:USDT,0.8265,4.0,0.8266,405.0,0.8265,288348.26,
1753504816553,04:40:16.553,blofin,ADA/USDT:USDT,0.8265,4.0,0.8266,613.0,0.8265,288348.26,
1753504816553,04:40:16.553,blofin,ADA/USDT:USDT,0.8265,4.0,0.8266,616.0,0.8265,288348.26,
1753504816553,04:40:16.553,blofin,ADA/USDT:USDT,0.8265,4.0,0.8266,616.0,0.8265,288348.26,
1753504816553,04:40:16.553,blofin,ADA/USDT:USDT,0.8265,4.0,0.8266,616.0,0.8265,288348.26,
1753504816553,04:40:16.553,blofin,ADA/USDT:USDT,0.8265,4.0,0.8266,616.0,0.8265,288348.26,
1753504816553,04:40:16.553,blofin,ADA/USDT:USDT,0.8265,4.0,0.8266,610.0,0.8265,288348.26,
1753504816553,04:40:16.553,blofin,ADA/USDT:USDT,0.8265,4.0,0.8266,610.0,0.8265,288348.26,
1753504816553,04:40:16.553,blofin,ADA/USDT:USDT,0.8265,4.0,0.8266,610.0,0.8265,288348.26,
1753504838052,04:40:38.052,blofin,ADA/USDT:USDT,0.8265,4.0,0.8266,535.0,0.8263,288359.26,
1753504838052,04:40:38.052,blofin,ADA/USDT:USDT,0.826,21.0,0.8262,1276.0,0.8263,288359.26,
1753504838052,04:40:38.052,blofin,ADA/USDT:USDT,0.826,21.0,0.8262,1276.0,0.8263,288359.26,
1753504838052,04:40:38.052,blofin,ADA/USDT:USDT,0.826,665.0,0.8262,309.0,0.8263,288359.26,
1753504838052,04:40:38.052,blofin,ADA/USDT:USDT,0.826,1.0,0.8262,600.0,0.8263,288359.26,
1753504838052,04:40:38.052,blofin,ADA/USDT:USDT,0.826,1.0,0.8262,601.0,0.8263,288359.26,
1753504838052,04:40:38.052,blofin,ADA/USDT:USDT,0.826,1.0,0.8262,601.0,0.8263,288359.26,
1753504838052,04:40:38.052,blofin,ADA/USDT:USDT,0.8259,37.0,0.8262,602.0,0.8263,288359.26,
1753504838052,04:40:38.052,blofin,ADA/USDT:USDT,0.8259,36.0,0.8262,602.0,0.8263,288359.26,
1753504842842,04:40:42.842,blofin,ADA/USDT:USDT,0.8259,1.0,0.8261,611.0,0.826,288364.26,
1753504842842,04:40:42.842,blofin,ADA/USDT:USDT,0.8258,139.0,0.826,1031.0,0.826,288364.26,
1753504842842,04:40:42.842,blofin,ADA/USDT:USDT,0.8258,139.0,0.826,1031.0,0.826,288364.26,
1753504842842,04:40:42.842,blofin,ADA/USDT:USDT,0.8258,137.0,0.826,1031.0,0.826,288364.26,
1753504842842,04:40:42.842,blofin,ADA/USDT:USDT,0.8257,923.0,0.826,52.0,0.826,288364.26,
1753504842842,04:40:42.842,blofin,ADA/USDT:USDT,0.8257,922.0,0.826,52.0,0.826,288364.26,
1753504842842,04:40:42.842,blofin,ADA/USDT:USDT,0.8257,625.0,0.826,279.0,0.826,288364.26,
1753504842842,04:40:42.842,blofin,ADA/USDT:USDT,0.8257,625.0,0.826,279.0,0.826,288364.26,
1753504842842,04:40:42.842,blofin,ADA/USDT:USDT,0.8258,346.0,0.826,286.0,0.826,288364.26,
1753504842842,04:40:42.842,blofin,ADA/USDT:USDT,0.8258,346.0,0.826,286.0,0.826,288364.26,
1753504842842,04:40:42.842,blofin,ADA/USDT:USDT,0.8257,411.0,0.826,563.0,0.826,288364.26,
1753504842842,04:40:42.842,blofin,ADA/USDT:USDT,0.8257,374.0,0.826,391.0,0.826,288364.26,
1753504848641,04:40:48.641,blofin,ADA/USDT:USDT,0.8257,321.0,0.8259,78.0,0.826,288374.26,
1753504848641,04:40:48.641,blofin,ADA/USDT:USDT,0.8257,321.0,0.8259,78.0,0.826,288374.26,
1753504848641,04:40:48.641,blofin,ADA/USDT:USDT,0.8257,482.0,0.826,773.0,0.826,288374.26,
1753504848641,04:40:48.641,blofin,ADA/USDT:USDT,0.8257,482.0,0.826,773.0,0.826,288374.26,
1753504848641,04:40:48.641,blofin,ADA/USDT:USDT,0.8257,475.0,0.8259,1003.0,0.826,288374.26,
1753504848641,04:40:48.641,blofin,ADA/USDT:USDT,0.8257,605.0,0.8259,413.0,0.826,288374.26,
1753504848641,04:40:48.641,blofin,ADA/USDT:USDT,0.8257,605.0,0.8259,413.0,0.826,288374.26,
1753504848641,04:40:48.641,blofin,ADA/USDT:USDT,0.8257,605.0,0.8259,413.0,0.826,288374.26,
1753504848641,04:40:48.641,blofin,ADA/USDT:USDT,0.8257,319.0,0.8259,411.0,0.826,288374.26,
1753504848641,04:40:48.641,blofin,ADA/USDT:USDT,0.8257,736.0,0.8259,338.0,0.826,288374.26,
1753504848641,04:40:48.641,blofin,ADA/USDT:USDT,0.8257,736.0,0.8259,338.0,0.826,288374.26,
1753504848641,04:40:48.641,blofin,ADA/USDT:USDT,0.8257,317.0,0.8259,228.0,0.826,288374.26,
1753504848641,04:40:48.641,blofin,ADA/USDT:USDT,0.8257,317.0,0.8259,228.0,0.826,288374.26,
1753504855923,04:40:55.923,blofin,ADA/USDT:USDT,0.8256,448.0,0.8259,200.0,0.8259,288375.05,
1753504855923,04:40:55.923,blofin,ADA/USDT:USDT,0.8256,448.0,0.8259,200.0,0.8259,288375.05,
1753504855923,04:40:55.923,blofin,ADA/USDT:USDT,0.8256,448.0,0.8259,200.0,0.8259,288375.05,
1753504855923,04:40:55.923,blofin,ADA/USDT:USDT,0.8256,388.0,0.8259,260.0,0.8259,288375.05,
1753504855923,04:40:55.923,blofin,ADA/USDT:USDT,0.8256,386.0,0.8259,260.0,0.8259,288375.05,
1753504855923,04:40:55.923,blofin,ADA/USDT:USDT,0.8257,243.0,0.8259,505.0,0.8259,288375.05,
1753504855923,04:40:55.923,blofin,ADA/USDT:USDT,0.8257,5.0,0.8259,319.0,0.8259,288375.05,
1753504855923,04:40:55.923,blofin,ADA/USDT:USDT,0.8257,5.0,0.8259,320.0,0.8259,288375.05,
1753504855923,04:40:55.923,blofin,ADA/USDT:USDT,0.8257,5.0,0.8259,320.0,0.8259,288375.05,
1753504855923,04:40:55.923,blofin,ADA/USDT:USDT,0.8257,5.0,0.8259,504.0,0.8259,288375.05,
1753504855923,04:40:55.923,blofin,ADA/USDT:USDT,0.8257,5.0,0.8259,502.0,0.8259,288375.05,
1753504855923,04:40:55.923,blofin,ADA/USDT:USDT,0.8256,321.0,0.8259,313.0,0.8259,288375.05,
1753504855923,04:40:55.923,blofin,ADA/USDT:USDT,0.8257,332.0,0.8259,353.0,0.8259,288375.05,
1753504855923,04:40:55.923,blofin,ADA/USDT:USDT,0.8257,332.0,0.8259,353.0,0.8259,288375.05,
1753504855923,04:40:55.923,blofin,ADA/USDT:USDT,0.8257,332.0,0.8259,353.0,0.8259,288375.05,
1753504855923,04:40:55.923,blofin,ADA/USDT:USDT,0.8256,258.0,0.8259,343.0,0.8259,288375.05,
1753504855923,04:40:55.923,blofin,ADA/USDT:USDT,0.8258,459.0,0.8259,2.0,0.8259,288375.05,
1753504855923,04:40:55.923,blofin,ADA/USDT:USDT,0.8257,366.0,0.8259,1.0,0.8259,288375.05,
1753504855923,04:40:55.923,blofin,ADA/USDT:USDT,0.8257,366.0,0.8259,1.0,0.8259,288375.05,
1753504855923,04:40:55.923,blofin,ADA/USDT:USDT,0.8258,596.0,0.8259,1.0,0.8259,288375.05,
1753504855923,04:40:55.923,blofin,ADA/USDT:USDT,0.8258,596.0,0.8259,1.0,0.8259,288375.05,
1753504855923,04:40:55.923,blofin,ADA/USDT:USDT,0.8258,462.0,0.8259,1.0,0.8259,288375.05,
1753504855923,04:40:55.923,blofin,ADA/USDT:USDT,0.8258,462.0,0.8259,1.0,0.8259,288375.05,
1753504855923,04:40:55.923,blofin,ADA/USDT:USDT,0.8258,17.0,0.8259,1.0,0.8259,288375.05,
1753504868579,04:41:08.579,blofin,ADA/USDT:USDT,0.8258,15.0,0.8259,1.0,0.8259,288223.24,
1753504868579,04:41:08.579,blofin,ADA/USDT:USDT,0.8257,451.0,0.8259,1.0,0.8259,288223.24,
1753504868579,04:41:08.579,blofin,ADA/USDT:USDT,0.8257,451.0,0.8259,1.0,0.8259,288223.24,
1753504868579,04:41:08.579,blofin,ADA/USDT:USDT,0.8257,454.0,0.8259,1.0,0.8259,288223.24,
1753504868579,04:41:08.579,blofin,ADA/USDT:USDT,0.8258,442.0,0.8259,1.0,0.8259,288223.24,
1753504868579,04:41:08.579,blofin,ADA/USDT:USDT,0.8258,442.0,0.8259,1.0,0.8259,288223.24,
1753504868579,04:41:08.579,blofin,ADA/USDT:USDT,0.8257,7.0,0.8259,1.0,0.8259,288223.24,
1753504868579,04:41:08.579,blofin,ADA/USDT:USDT,0.8257,7.0,0.8259,1.0,0.8259,288223.24,
1753504868579,04:41:08.579,blofin,ADA/USDT:USDT,0.8257,7.0,0.8259,1.0,0.8259,288223.24,
1753504868579,04:41:08.579,blofin,ADA/USDT:USDT,0.8258,157.0,0.8259,1.0,0.8259,288223.24,
1753504868579,04:41:08.579,blofin,ADA/USDT:USDT,0.8258,1.0,0.8259,1.0,0.8259,288223.24,
1753504868579,04:41:08.579,blofin,ADA/USDT:USDT,0.8258,3.0,0.8259,1.0,0.8259,288223.24,
1753504868579,04:41:08.579,blofin,ADA/USDT:USDT,0.8258,1.0,0.8259,785.0,0.8259,288223.24,
1753504868579,04:41:08.579,blofin,ADA/USDT:USDT,0.8258,1.0,0.8259,785.0,0.8259,288223.24,
1753504868579,04:41:08.579,blofin,ADA/USDT:USDT,0.8257,51.0,0.8259,1.0,0.8259,288223.24,
1753504868579,04:41:08.579,blofin,ADA/USDT:USDT,0.8257,49.0,0.8259,1.0,0.8259,288223.24,
1753504868579,04:41:08.579,blofin,ADA/USDT:USDT,0.8257,49.0,0.8259,1.0,0.8259,288223.24,
1753504868579,04:41:08.579,blofin,ADA/USDT:USDT,0.8257,1.0,0.8259,452.0,0.8259,288223.24,
1753504868579,04:41:08.579,blofin,ADA/USDT:USDT,0.8256,647.0,0.8259,239.0,0.8259,288223.24,
1753504868579,04:41:08.579,blofin,ADA/USDT:USDT,0.8256,604.0,0.8259,304.0,0.8259,288223.24,
1753504868579,04:41:08.579,blofin,ADA/USDT:USDT,0.8256,604.0,0.8259,304.0,0.8259,288223.24,
1753504868579,04:41:08.579,blofin,ADA/USDT:USDT,0.8256,604.0,0.8259,304.0,0.8259,288223.24,
1753504868579,04:41:08.579,blofin,ADA/USDT:USDT,0.8256,676.0,0.8259,219.0,0.8259,288223.24,
1753504868579,04:41:08.579,blofin,ADA/USDT:USDT,0.8256,675.0,0.8259,219.0,0.8259,288223.24,
1753504868579,04:41:08.579,blofin,ADA/USDT:USDT,0.8256,550.0,0.8259,247.0,0.8259,288223.24,
1753504868579,04:41:08.579,blofin,ADA/USDT:USDT,0.8256,550.0,0.8259,247.0,0.8259,288223.24,
1753504868579,04:41:08.579,blofin,ADA/USDT:USDT,0.8257,556.0,0.8259,224.0,0.8259,288223.24,
1753504868579,04:41:08.579,blofin,ADA/USDT:USDT,0.8257,559.0,0.8259,224.0,0.8259,288223.24,
1753504868579,04:41:08.579,blofin,ADA/USDT:USDT,0.8256,590.0,0.8259,226.0,0.8259,288223.24,
1753504868579,04:41:08.579,blofin,ADA/USDT:USDT,0.8256,590.0,0.8259,226.0,0.8259,288223.24,
1753504868579,04:41:08.579,blofin,ADA/USDT:USDT,0.8256,556.0,0.8259,244.0,0.8259,288223.24,
1753504868579,04:41:08.579,blofin,ADA/USDT:USDT,0.8256,556.0,0.8259,244.0,0.8259,288223.24,
1753504868579,04:41:08.579,blofin,ADA/USDT:USDT,0.8256,588.0,0.8259,225.0,0.8259,288223.24,
1753504868579,04:41:08.579,blofin,ADA/USDT:USDT,0.8256,564.0,0.8259,62.0,0.8259,288223.24,
1753504868579,04:41:08.579,blofin,ADA/USDT:USDT,0.8256,564.0,0.8259,62.0,0.8259,288223.24,
1753504868579,04:41:08.579,blofin,ADA/USDT:USDT,0.8256,564.0,0.8259,61.0,0.8259,288223.24,
1753504868579,04:41:08.579,blofin,ADA/USDT:USDT,0.8256,440.0,0.8259,595.0,0.8259,288223.24,
1753504868579,04:41:08.579,blofin,ADA/USDT:USDT,0.8256,14.0,0.8259,717.0,0.8259,288223.24,
1753504868579,04:41:08.579,blofin,ADA/USDT:USDT,0.8256,1.0,0.8258,700.0,0.8259,288223.24,
1753504868579,04:41:08.579,blofin,ADA/USDT:USDT,0.8256,1.0,0.8258,700.0,0.8259,288223.24,
1753504868579,04:41:08.579,blofin,ADA/USDT:USDT,0.8256,1.0,0.8258,59.0,0.8259,288223.24,
1753504868579,04:41:08.579,blofin,ADA/USDT:USDT,0.8256,1.0,0.8258,55.0,0.8259,288223.24,
1753504868579,04:41:08.579,blofin,ADA/USDT:USDT,0.8256,752.0,0.8258,12.0,0.8259,288223.24,
1753504868579,04:41:08.579,blofin,ADA/USDT:USDT,0.8256,2.0,0.8258,19.0,0.8259,288223.24,
1753504868579,04:41:08.579,blofin,ADA/USDT:USDT,0.8256,2.0,0.8258,17.0,0.8259,288223.24,
1753504868579,04:41:08.579,blofin,ADA/USDT:USDT,0.8256,1.0,0.8258,57.0,0.8259,288223.24,
1753504868579,04:41:08.579,blofin,ADA/USDT:USDT,0.8256,1.0,0.8258,57.0,0.8259,288223.24,
1753504868579,04:41:08.579,blofin,ADA/USDT:USDT,0.8256,1.0,0.8258,120.0,0.8259,288223.24,
1753504893149,04:41:33.149,blofin,ADA/USDT:USDT,0.8256,1014.0,0.8258,1.0,0.8258,288232.24,
1753504893149,04:41:33.149,blofin,ADA/USDT:USDT,0.8256,1014.0,0.8258,1.0,0.8258,288232.24,
1753504893149,04:41:33.149,blofin,ADA/USDT:USDT,0.8256,1016.0,0.8258,1.0,0.8258,288232.24,
1753504893149,04:41:33.149,blofin,ADA/USDT:USDT,0.8256,1029.0,0.8259,226.0,0.8258,288232.24,
1753504893149,04:41:33.149,blofin,ADA/USDT:USDT,0.8256,1029.0,0.8259,226.0,0.8258,288232.24,
1753504893149,04:41:33.149,blofin,ADA/USDT:USDT,0.8256,1.0,0.8258,545.0,0.8258,288232.24,
1753504893149,04:41:33.149,blofin,ADA/USDT:USDT,0.8256,1.0,0.8258,545.0,0.8258,288232.24,
1753504893149,04:41:33.149,blofin,ADA/USDT:USDT,0.8256,141.0,0.8258,1293.0,0.8258,288232.24,
1753504893149,04:41:33.149,blofin,ADA/USDT:USDT,0.8256,141.0,0.8258,1293.0,0.8258,288232.24,
1753504893149,04:41:33.149,blofin,ADA/USDT:USDT,0.8256,2.0,0.8258,1113.0,0.8258,288232.24,
1753504893149,04:41:33.149,blofin,ADA/USDT:USDT,0.8256,505.0,0.8258,353.0,0.8258,288232.24,
1753504899044,04:41:39.044,blofin,ADA/USDT:USDT,0.8256,505.0,0.8258,353.0,0.8256,288234.24,
1753504899044,04:41:39.044,blofin,ADA/USDT:USDT,0.8256,521.0,0.8258,3.0,0.8256,288234.24,
1753504899044,04:41:39.044,blofin,ADA/USDT:USDT,0.8257,1251.0,0.8258,3.0,0.8256,288234.24,
1753504899044,04:41:39.044,blofin,ADA/USDT:USDT,0.8257,2.0,0.8258,3.0,0.8256,288234.24,
1753504899044,04:41:39.044,blofin,ADA/USDT:USDT,0.8256,1011.0,0.8258,3.0,0.8256,288234.24,
1753504899044,04:41:39.044,blofin,ADA/USDT:USDT,0.8256,1011.0,0.8258,3.0,0.8256,288234.24,
1753504899044,04:41:39.044,blofin,ADA/USDT:USDT,0.8256,983.0,0.8259,217.0,0.8256,288234.24,
1753504899044,04:41:39.044,blofin,ADA/USDT:USDT,0.8256,983.0,0.8259,219.0,0.8256,288234.24,
1753504899044,04:41:39.044,blofin,ADA/USDT:USDT,0.8256,983.0,0.8259,219.0,0.8256,288234.24,
1753504899044,04:41:39.044,blofin,ADA/USDT:USDT,0.8256,1005.0,0.8259,432.0,0.8256,288234.24,
1753504899044,04:41:39.044,blofin,ADA/USDT:USDT,0.8256,810.0,0.8259,517.0,0.8256,288234.24,
1753504899044,04:41:39.044,blofin,ADA/USDT:USDT,0.8256,856.0,0.8259,244.0,0.8256,288234.24,
1753504899044,04:41:39.044,blofin,ADA/USDT:USDT,0.8256,856.0,0.8259,244.0,0.8256,288234.24,
1753504899044,04:41:39.044,blofin,ADA/USDT:USDT,0.8256,857.0,0.8259,242.0,0.8256,288234.24,
1753504899044,04:41:39.044,blofin,ADA/USDT:USDT,0.8256,660.0,0.8259,379.0,0.8256,288234.24,
1753504899044,04:41:39.044,blofin,ADA/USDT:USDT,0.8256,660.0,0.8259,382.0,0.8256,288234.24,
1753504899044,04:41:39.044,blofin,ADA/USDT:USDT,0.8256,650.0,0.8259,559.0,0.8256,288234.24,
1753504899044,04:41:39.044,blofin,ADA/USDT:USDT,0.8256,646.0,0.8259,306.0,0.8256,288234.24,
1753504899044,04:41:39.044,blofin,ADA/USDT:USDT,0.8256,646.0,0.8259,308.0,0.8256,288234.24,
1753504899044,04:41:39.044,blofin,ADA/USDT:USDT,0.8256,667.0,0.8259,488.0,0.8256,288234.24,
1753504899044,04:41:39.044,blofin,ADA/USDT:USDT,0.8256,648.0,0.8259,448.0,0.8256,288234.24,
1753504899044,04:41:39.044,blofin,ADA/USDT:USDT,0.8256,648.0,0.8259,448.0,0.8256,288234.24,
1753504899044,04:41:39.044,blofin,ADA/USDT:USDT,0.8256,647.0,0.8259,447.0,0.8256,288234.24,
1753504899044,04:41:39.044,blofin,ADA/USDT:USDT,0.8257,820.0,0.8259,271.0,0.8256,288234.24,
1753504899044,04:41:39.044,blofin,ADA/USDT:USDT,0.8257,820.0,0.8259,269.0,0.8256,288234.24,
1753504899044,04:41:39.044,blofin,ADA/USDT:USDT,0.8257,825.0,0.8259,241.0,0.8256,288234.24,
1753504899044,04:41:39.044,blofin,ADA/USDT:USDT,0.8257,825.0,0.8259,241.0,0.8256,288234.24,
1753504899044,04:41:39.044,blofin,ADA/USDT:USDT,0.8257,5.0,0.8259,236.0,0.8256,288234.24,
1753504899044,04:41:39.044,blofin,ADA/USDT:USDT,0.8257,777.0,0.8259,479.0,0.8256,288234.24,
1753504899044,04:41:39.044,blofin,ADA/USDT:USDT,0.8257,777.0,0.8259,479.0,0.8256,288234.24,
1753504899044,04:41:39.044,blofin,ADA/USDT:USDT,0.8257,774.0,0.8259,479.0,0.8256,288234.24,
1753504899044,04:41:39.044,blofin,ADA/USDT:USDT,0.8257,781.0,0.8259,479.0,0.8256,288234.24,
1753504899044,04:41:39.044,blofin,ADA/USDT:USDT,0.8257,781.0,0.8259,479.0,0.8256,288234.24,
1753504899044,04:41:39.044,blofin,ADA/USDT:USDT,0.8257,3.0,0.8259,479.0,0.8256,288234.24,
1753504899044,04:41:39.044,blofin,ADA/USDT:USDT,0.8256,780.0,0.8259,464.0,0.8256,288234.24,
1753504899044,04:41:39.044,blofin,ADA/USDT:USDT,0.8256,780.0,0.8259,464.0,0.8256,288234.24,
1753504899044,04:41:39.044,blofin,ADA/USDT:USDT,0.8256,780.0,0.8259,464.0,0.8256,288234.24,
1753504899044,04:41:39.044,blofin,ADA/USDT:USDT,0.8256,773.0,0.8259,496.0,0.8256,288234.24,
1753504899044,04:41:39.044,blofin,ADA/USDT:USDT,0.8256,773.0,0.8259,495.0,0.8256,288234.24,
1753504899044,04:41:39.044,blofin,ADA/USDT:USDT,0.8256,773.0,0.8259,495.0,0.8256,288234.24,
1753504899044,04:41:39.044,blofin,ADA/USDT:USDT,0.8256,841.0,0.8259,233.0,0.8256,288234.24,
1753504899044,04:41:39.044,blofin,ADA/USDT:USDT,0.8256,767.0,0.8259,624.0,0.8256,288234.24,
1753504899044,04:41:39.044,blofin,ADA/USDT:USDT,0.8256,765.0,0.8259,624.0,0.8256,288234.24,
1753504899044,04:41:39.044,blofin,ADA/USDT:USDT,0.8256,784.0,0.8259,621.0,0.8256,288234.24,
1753504899044,04:41:39.044,blofin,ADA/USDT:USDT,0.8257,781.0,0.8259,303.0,0.8256,288234.24,
1753504899044,04:41:39.044,blofin,ADA/USDT:USDT,0.8257,781.0,0.8259,303.0,0.8256,288234.24,
1753504899044,04:41:39.044,blofin,ADA/USDT:USDT,0.8257,785.0,0.8259,303.0,0.8256,288234.24,
1753504922956,04:42:02.956,blofin,ADA/USDT:USDT,0.8257,4.0,0.8259,193.0,0.8258,287926.93,
1753504922956,04:42:02.956,blofin,ADA/USDT:USDT,0.8258,427.0,0.8259,2.0,0.8258,287926.93,
1753504922956,04:42:02.956,blofin,ADA/USDT:USDT,0.8257,224.0,0.8259,2.0,0.8258,287926.93,
1753504922956,04:42:02.956,blofin,ADA/USDT:USDT,0.8257,224.0,0.8259,2.0,0.8258,287926.93,
1753504924748,04:42:04.748,blofin,ADA/USDT:USDT,0.8257,64.0,0.8259,2.0,0.826,287936.93,
1753504924748,04:42:04.748,blofin,ADA/USDT:USDT,0.8259,927.0,0.826,630.0,0.826,287936.93,
1753504924748,04:42:04.748,blofin,ADA/USDT:USDT,0.8258,707.0,0.8261,73.0,0.826,287936.93,
1753504926545,04:42:06.545,blofin,ADA/USDT:USDT,0.8258,826.0,0.8261,5.0,0.8262,287950.93,
1753504926545,04:42:06.545,blofin,ADA/USDT:USDT,0.8258,826.0,0.8261,5.0,0.8262,287950.93,
1753504926545,04:42:06.545,blofin,ADA/USDT:USDT,0.8262,769.0,0.8263,450.0,0.8262,287950.93,
1753504926545,04:42:06.545,blofin,ADA/USDT:USDT,0.826,238.0,0.8263,288.0,0.8262,287950.93,
1753504926545,04:42:06.545,blofin,ADA/USDT:USDT,0.8261,455.0,0.8263,412.0,0.8262,287950.93,
1753504926545,04:42:06.545,blofin,ADA/USDT:USDT,0.8261,457.0,0.8263,412.0,0.8262,287950.93,
1753504926545,04:42:06.545,blofin,ADA/USDT:USDT,0.8261,457.0,0.8263,412.0,0.8262,287950.93,
1753504926545,04:42:06.545,blofin,ADA/USDT:USDT,0.8261,2.0,0.8263,4.0,0.8262,287950.93,
1753504926545,04:42:06.545,blofin,ADA/USDT:USDT,0.8261,519.0,0.8263,2.0,0.8262,287950.93,
1753504930923,04:42:10.923,blofin,ADA/USDT:USDT,0.8262,660.0,0.8265,252.0,0.8265,287969.08,
1753504930923,04:42:10.923,blofin,ADA/USDT:USDT,0.8262,660.0,0.8265,252.0,0.8265,287969.08,
1753504930923,04:42:10.923,blofin,ADA/USDT:USDT,0.8261,600.0,0.8264,264.0,0.8265,287969.08,
1753504930923,04:42:10.923,blofin,ADA/USDT:USDT,0.8261,600.0,0.8264,265.0,0.8265,287969.08,
1753504930923,04:42:10.923,blofin,ADA/USDT:USDT,0.8261,630.0,0.8264,98.0,0.8265,287969.08,
1753504930923,04:42:10.923,blofin,ADA/USDT:USDT,0.8261,637.0,0.8264,4.0,0.8265,287969.08,
1753504930923,04:42:10.923,blofin,ADA/USDT:USDT,0.8261,637.0,0.8264,4.0,0.8265,287969.08,
1753504930923,04:42:10.923,blofin,ADA/USDT:USDT,0.8261,637.0,0.8264,4.0,0.8265,287969.08,
1753504930923,04:42:10.923,blofin,ADA/USDT:USDT,0.8261,203.0,0.8264,323.0,0.8265,287969.08,
1753504930923,04:42:10.923,blofin,ADA/USDT:USDT,0.8261,200.0,0.8264,323.0,0.8265,287969.08,
1753504930923,04:42:10.923,blofin,ADA/USDT:USDT,0.8262,79.0,0.8264,622.0,0.8265,287969.08,
1753504930923,04:42:10.923,blofin,ADA/USDT:USDT,0.8262,79.0,0.8264,622.0,0.8265,287969.08,
1753504930923,04:42:10.923,blofin,ADA/USDT:USDT,0.8261,58.0,0.8264,529.0,0.8265,287969.08,
1753504930923,04:42:10.923,blofin,ADA/USDT:USDT,0.8261,58.0,0.8264,529.0,0.8265,287969.08,
1753504930923,04:42:10.923,blofin,ADA/USDT:USDT,0.8261,404.0,0.8264,129.0,0.8265,287969.08,
1753504930923,04:42:10.923,blofin,ADA/USDT:USDT,0.8261,506.0,0.8264,13.0,0.8265,287969.08,
1753504930923,04:42:10.923,blofin,ADA/USDT:USDT,0.8261,506.0,0.8264,13.0,0.8265,287969.08,
1753504930923,04:42:10.923,blofin,ADA/USDT:USDT,0.8261,506.0,0.8264,15.0,0.8265,287969.08,
1753504930923,04:42:10.923,blofin,ADA/USDT:USDT,0.8261,529.0,0.8264,14.0,0.8265,287969.08,
1753504930923,04:42:10.923,blofin,ADA/USDT:USDT,0.8261,651.0,0.8264,23.0,0.8265,287969.08,
1753504930923,04:42:10.923,blofin,ADA/USDT:USDT,0.8261,651.0,0.8264,23.0,0.8265,287969.08,
1753504930923,04:42:10.923,blofin,ADA/USDT:USDT,0.8261,664.0,0.8264,27.0,0.8265,287969.08,
1753504930923,04:42:10.923,blofin,ADA/USDT:USDT,0.8261,664.0,0.8264,27.0,0.8265,287969.08,
1753504930923,04:42:10.923,blofin,ADA/USDT:USDT,0.8261,663.0,0.8264,39.0,0.8265,287969.08,
1753504930923,04:42:10.923,blofin,ADA/USDT:USDT,0.8261,750.0,0.8264,34.0,0.8265,287969.08,
1753504930923,04:42:10.923,blofin,ADA/USDT:USDT,0.8261,750.0,0.8264,34.0,0.8265,287969.08,
1753504930923,04:42:10.923,blofin,ADA/USDT:USDT,0.8261,750.0,0.8264,34.0,0.8265,287969.08,
1753504944657,04:42:24.657,blofin,ADA/USDT:USDT,0.8263,765.0,0.8264,1.0,0.8264,287982.08,
1753504944657,04:42:24.657,blofin,ADA/USDT:USDT,0.8263,426.0,0.8264,1.0,0.8264,287982.08,
1753504944657,04:42:24.657,blofin,ADA/USDT:USDT,0.8263,426.0,0.8264,1.0,0.8264,287982.08,
1753504944657,04:42:24.657,blofin,ADA/USDT:USDT,0.8263,426.0,0.8265,659.0,0.8264,287982.08,
1753504944657,04:42:24.657,blofin,ADA/USDT:USDT,0.8263,164.0,0.8265,527.0,0.8264,287982.08,
1753504944657,04:42:24.657,blofin,ADA/USDT:USDT,0.8263,211.0,0.8265,528.0,0.8264,287982.08,
1753504944657,04:42:24.657,blofin,ADA/USDT:USDT,0.8263,211.0,0.8265,528.0,0.8264,287982.08,
1753504944657,04:42:24.657,blofin,ADA/USDT:USDT,0.8263,211.0,0.8265,528.0,0.8264,287982.08,
1753504944657,04:42:24.657,blofin,ADA/USDT:USDT,0.8263,2.0,0.8265,629.0,0.8264,287982.08,
1753504944657,04:42:24.657,blofin,ADA/USDT:USDT,0.8263,2.0,0.8265,629.0,0.8264,287982.08,
1753504944657,04:42:24.657,blofin,ADA/USDT:USDT,0.8262,17.0,0.8265,630.0,0.8264,287982.08,
1753504944657,04:42:24.657,blofin,ADA/USDT:USDT,0.8262,17.0,0.8265,630.0,0.8264,287982.08,
1753504944657,04:42:24.657,blofin,ADA/USDT:USDT,0.8263,25.0,0.8265,10.0,0.8264,287982.08,
1753504944657,04:42:24.657,blofin,ADA/USDT:USDT,0.8263,25.0,0.8265,10.0,0.8264,287982.08,
1753504944657,04:42:24.657,blofin,ADA/USDT:USDT,0.8263,4.0,0.8265,635.0,0.8264,287982.08,
1753504944657,04:42:24.657,blofin,ADA/USDT:USDT,0.8262,18.0,0.8265,635.0,0.8264,287982.08,
1753504944657,04:42:24.657,blofin,ADA/USDT:USDT,0.8262,18.0,0.8265,635.0,0.8264,287982.08,
1753504944657,04:42:24.657,blofin,ADA/USDT:USDT,0.8262,32.0,0.8265,651.0,0.8264,287982.08,
1753504944657,04:42:24.657,blofin,ADA/USDT:USDT,0.8263,19.0,0.8265,455.0,0.8264,287982.08,
1753504944657,04:42:24.657,blofin,ADA/USDT:USDT,0.8263,22.0,0.8265,455.0,0.8264,287982.08,
1753504944657,04:42:24.657,blofin,ADA/USDT:USDT,0.8263,22.0,0.8265,455.0,0.8264,287982.08,
1753504944657,04:42:24.657,blofin,ADA/USDT:USDT,0.8262,25.0,0.8265,640.0,0.8264,287982.08,
1753504944657,04:42:24.657,blofin,ADA/USDT:USDT,0.8262,23.0,0.8265,646.0,0.8264,287982.08,
1753504944657,04:42:24.657,blofin,ADA/USDT:USDT,0.8262,24.0,0.8265,646.0,0.8264,287982.08,
1753504944657,04:42:24.657,blofin,ADA/USDT:USDT,0.8262,24.0,0.8265,646.0,0.8264,287982.08,
1753504944657,04:42:24.657,blofin,ADA/USDT:USDT,0.8262,151.0,0.8265,390.0,0.8264,287982.08,
1753504957655,04:42:37.655,blofin,ADA/USDT:USDT,0.8262,161.0,0.8265,383.0,0.8264,287989.08,
1753504957655,04:42:37.655,blofin,ADA/USDT:USDT,0.8262,65.0,0.8264,466.0,0.8264,287989.08,
1753504957655,04:42:37.655,blofin,ADA/USDT:USDT,0.8262,4.0,0.8264,720.0,0.8264,287989.08,
1753504957655,04:42:37.655,blofin,ADA/USDT:USDT,0.8262,4.0,0.8264,720.0,0.8264,287989.08,
1753504957655,04:42:37.655,blofin,ADA/USDT:USDT,0.8262,4.0,0.8264,734.0,0.8264,287989.08,
1753504957655,04:42:37.655,blofin,ADA/USDT:USDT,0.8262,4.0,0.8263,766.0,0.8264,287989.08,
1753504957655,04:42:37.655,blofin,ADA/USDT:USDT,0.8262,4.0,0.8263,770.0,0.8264,287989.08,
1753504957655,04:42:37.655,blofin,ADA/USDT:USDT,0.8262,4.0,0.8263,770.0,0.8264,287989.08,
1753504957655,04:42:37.655,blofin,ADA/USDT:USDT,0.8262,4.0,0.8263,402.0,0.8264,287989.08,
1753504957655,04:42:37.655,blofin,ADA/USDT:USDT,0.8262,4.0,0.8263,164.0,0.8264,287989.08,
1753504957655,04:42:37.655,blofin,ADA/USDT:USDT,0.8262,4.0,0.8263,42.0,0.8264,287989.08,
1753504957655,04:42:37.655,blofin,ADA/USDT:USDT,0.8262,4.0,0.8263,42.0,0.8264,287989.08,
1753504957655,04:42:37.655,blofin,ADA/USDT:USDT,0.8262,4.0,0.8264,46.0,0.8264,287989.08,
1753504957655,04:42:37.655,blofin,ADA/USDT:USDT,0.8262,620.0,0.8264,225.0,0.8264,287989.08,
1753504957655,04:42:37.655,blofin,ADA/USDT:USDT,0.8262,620.0,0.8264,225.0,0.8264,287989.08,
1753504957655,04:42:37.655,blofin,ADA/USDT:USDT,0.8262,4.0,0.8264,122.0,0.8264,287989.08,
1753504957655,04:42:37.655,blofin,ADA/USDT:USDT,0.8262,4.0,0.8264,122.0,0.8264,287989.08,
1753504957655,04:42:37.655,blofin,ADA/USDT:USDT,0.8262,4.0,0.8264,4.0,0.8264,287989.08,
1753504957655,04:42:37.655,blofin,ADA/USDT:USDT,0.8262,4.0,0.8264,4.0,0.8264,287989.08,
1753504957655,04:42:37.655,blofin,ADA/USDT:USDT,0.8262,784.0,0.8264,6.0,0.8264,287989.08,
1753504957655,04:42:37.655,blofin,ADA/USDT:USDT,0.8262,810.0,0.8264,2.0,0.8264,287989.08,
1753504957655,04:42:37.655,blofin,ADA/USDT:USDT,0.8262,706.0,0.8265,155.0,0.8264,287989.08,
1753504957655,04:42:37.655,blofin,ADA/USDT:USDT,0.8262,706.0,0.8265,155.0,0.8264,287989.08,
1753504957655,04:42:37.655,blofin,ADA/USDT:USDT,0.8262,491.0,0.8265,373.0,0.8264,287989.08,
1753504957655,04:42:37.655,blofin,ADA/USDT:USDT,0.8262,491.0,0.8265,377.0,0.8264,287989.08,
1753504957655,04:42:37.655,blofin,ADA/USDT:USDT,0.8262,517.0,0.8265,15.0,0.8264,287989.08,
1753504971156,04:42:51.156,blofin,ADA/USDT:USDT,0.8262,517.0,0.8265,15.0,0.8263,288003.08,
1753504971156,04:42:51.156,blofin,ADA/USDT:USDT,0.8263,1053.0,0.8265,5.0,0.8263,288003.08,
1753504971156,04:42:51.156,blofin,ADA/USDT:USDT,0.8263,1053.0,0.8265,5.0,0.8263,288003.08,
1753504971156,04:42:51.156,blofin,ADA/USDT:USDT,0.8264,1164.0,0.8265,5.0,0.8263,288003.08,
1753504971156,04:42:51.156,blofin,ADA/USDT:USDT,0.8264,1319.0,0.8265,5.0,0.8263,288003.08,
1753504971156,04:42:51.156,blofin,ADA/USDT:USDT,0.8263,1318.0,0.8265,5.0,0.8263,288003.08,
1753504971156,04:42:51.156,blofin,ADA/USDT:USDT,0.8263,1318.0,0.8265,5.0,0.8263,288003.08,
1753504971156,04:42:51.156,blofin,ADA/USDT:USDT,0.8263,1318.0,0.8265,5.0,0.8263,288003.08,
1753504971156,04:42:51.156,blofin,ADA/USDT:USDT,0.8263,123.0,0.8265,5.0,0.8263,288003.08,
1753504971156,04:42:51.156,blofin,ADA/USDT:USDT,0.8263,124.0,0.8266,649.0,0.8263,288003.08,
1753504971156,04:42:51.156,blofin,ADA/USDT:USDT,0.8263,124.0,0.8266,649.0,0.8263,288003.08,
1753504971156,04:42:51.156,blofin,ADA/USDT:USDT,0.8263,129.0,0.8266,667.0,0.8263,288003.08,
1753504971156,04:42:51.156,blofin,ADA/USDT:USDT,0.8263,129.0,0.8266,680.0,0.8263,288003.08,
1753504971156,04:42:51.156,blofin,ADA/USDT:USDT,0.8263,244.0,0.8266,373.0,0.8263,288003.08,
1753504971156,04:42:51.156,blofin,ADA/USDT:USDT,0.8263,244.0,0.8266,373.0,0.8263,288003.08,
1753504971156,04:42:51.156,blofin,ADA/USDT:USDT,0.8264,120.0,0.8266,553.0,0.8263,288003.08,
1753504971156,04:42:51.156,blofin,ADA/USDT:USDT,0.8264,120.0,0.8266,553.0,0.8263,288003.08,
1753504971156,04:42:51.156,blofin,ADA/USDT:USDT,0.8264,120.0,0.8266,553.0,0.8263,288003.08,
1753504971156,04:42:51.156,blofin,ADA/USDT:USDT,0.8263,275.0,0.8266,540.0,0.8263,288003.08,
1753504971156,04:42:51.156,blofin,ADA/USDT:USDT,0.8263,179.0,0.8266,543.0,0.8263,288003.08,
1753504971156,04:42:51.156,blofin,ADA/USDT:USDT,0.8263,175.0,0.8266,543.0,0.8263,288003.08,
1753504971156,04:42:51.156,blofin,ADA/USDT:USDT,0.8263,122.0,0.8266,654.0,0.8263,288003.08,
1753504971156,04:42:51.156,blofin,ADA/USDT:USDT,0.8263,114.0,0.8266,646.0,0.8263,288003.08,
1753504971156,04:42:51.156,blofin,ADA/USDT:USDT,0.8263,4.0,0.8264,578.0,0.8263,288003.08,
1753504971156,04:42:51.156,blofin,ADA/USDT:USDT,0.8263,4.0,0.8264,578.0,0.8263,288003.08,
1753504971156,04:42:51.156,blofin,ADA/USDT:USDT,0.8263,4.0,0.8264,1189.0,0.8263,288003.08,
1753504971156,04:42:51.156,blofin,ADA/USDT:USDT,0.8263,1.0,0.8264,741.0,0.8263,288003.08,
1753504971156,04:42:51.156,blofin,ADA/USDT:USDT,0.8263,1.0,0.8264,741.0,0.8263,288003.08,
1753504987209,04:43:07.209,blofin,ADA/USDT:USDT,0.8263,1.0,0.8264,24.0,0.8264,287605.43,
1753504987209,04:43:07.209,blofin,ADA/USDT:USDT,0.8264,231.0,0.8266,2.0,0.8264,287605.43,
1753504987209,04:43:07.209,blofin,ADA/USDT:USDT,0.8264,231.0,0.8266,2.0,0.8264,287605.43,
1753504987209,04:43:07.209,blofin,ADA/USDT:USDT,0.8264,231.0,0.8266,2.0,0.8264,287605.43,
1753504987209,04:43:07.209,blofin,ADA/USDT:USDT,0.8264,231.0,0.8265,5383.0,0.8264,287605.43,
1753504987209,04:43:07.209,blofin,ADA/USDT:USDT,0.8264,231.0,0.8266,2.0,0.8264,287605.43,
1753504987209,04:43:07.209,blofin,ADA/USDT:USDT,0.8264,231.0,0.8266,2.0,0.8264,287605.43,
1753504987209,04:43:07.209,blofin,ADA/USDT:USDT,0.8264,231.0,0.8266,2.0,0.8264,287605.43,
1753504987209,04:43:07.209,blofin,ADA/USDT:USDT,0.8264,231.0,0.8266,501.0,0.8264,287605.43,
1753504987209,04:43:07.209,blofin,ADA/USDT:USDT,0.8264,231.0,0.8266,2.0,0.8264,287605.43,
1753504987209,04:43:07.209,blofin,ADA/USDT:USDT,0.8264,231.0,0.8266,2.0,0.8264,287605.43,
1753504987209,04:43:07.209,blofin,ADA/USDT:USDT,0.8264,231.0,0.8266,2.0,0.8264,287605.43,
1753504987209,04:43:07.209,blofin,ADA/USDT:USDT,0.8264,231.0,0.8266,2.0,0.8264,287605.43,
1753504987209,04:43:07.209,blofin,ADA/USDT:USDT,0.8264,231.0,0.8266,4242.0,0.8264,287605.43,
1753504987209,04:43:07.209,blofin,ADA/USDT:USDT,0.8264,231.0,0.8266,4242.0,0.8264,287605.43,
1753504987209,04:43:07.209,blofin,ADA/USDT:USDT,0.8264,231.0,0.8265,816.0,0.8264,287605.43,
1753504987209,04:43:07.209,blofin,ADA/USDT:USDT,0.8264,231.0,0.8265,816.0,0.8264,287605.43,
1753504987209,04:43:07.209,blofin,ADA/USDT:USDT,0.8264,231.0,0.8266,435.0,0.8264,287605.43,
1753504987209,04:43:07.209,blofin,ADA/USDT:USDT,0.8264,231.0,0.8266,435.0,0.8264,287605.43,
1753504987209,04:43:07.209,blofin,ADA/USDT:USDT,0.8264,231.0,0.8266,2.0,0.8264,287605.43,
1753504987209,04:43:07.209,blofin,ADA/USDT:USDT,0.8264,231.0,0.8266,2.0,0.8264,287605.43,
1753504987209,04:43:07.209,blofin,ADA/USDT:USDT,0.8264,231.0,0.8266,2602.0,0.8264,287605.43,
1753504987209,04:43:07.209,blofin,ADA/USDT:USDT,0.8264,231.0,0.8266,2602.0,0.8264,287605.43,
1753504987209,04:43:07.209,blofin,ADA/USDT:USDT,0.8264,231.0,0.8266,212.0,0.8264,287605.43,
1753504987209,04:43:07.209,blofin,ADA/USDT:USDT,0.8264,231.0,0.8266,213.0,0.8264,287605.43,
1753504987209,04:43:07.209,blofin,ADA/USDT:USDT,0.8264,231.0,0.8266,192.0,0.8264,287605.43,
1753504987209,04:43:07.209,blofin,ADA/USDT:USDT,0.8264,231.0,0.8266,192.0,0.8264,287605.43,
1753504987209,04:43:07.209,blofin,ADA/USDT:USDT,0.8264,231.0,0.8266,810.0,0.8264,287605.43,
1753504987209,04:43:07.209,blofin,ADA/USDT:USDT,0.8264,231.0,0.8266,811.0,0.8264,287605.43,
1753504987209,04:43:07.209,blofin,ADA/USDT:USDT,0.8264,231.0,0.8266,821.0,0.8264,287605.43,
1753504987209,04:43:07.209,blofin,ADA/USDT:USDT,0.8264,231.0,0.8266,821.0,0.8264,287605.43,
1753504987209,04:43:07.209,blofin,ADA/USDT:USDT,0.8264,231.0,0.8266,719.0,0.8264,287605.43,
1753504987209,04:43:07.209,blofin,ADA/USDT:USDT,0.8264,231.0,0.8266,834.0,0.8264,287605.43,
1753504987209,04:43:07.209,blofin,ADA/USDT:USDT,0.8264,231.0,0.8266,834.0,0.8264,287605.43,
1753504987209,04:43:07.209,blofin,ADA/USDT:USDT,0.8264,231.0,0.8266,834.0,0.8264,287605.43,
1753504987209,04:43:07.209,blofin,ADA/USDT:USDT,0.8264,231.0,0.8266,835.0,0.8264,287605.43,
1753504987209,04:43:07.209,blofin,ADA/USDT:USDT,0.8264,231.0,0.8266,842.0,0.8264,287605.43,
1753504987209,04:43:07.209,blofin,ADA/USDT:USDT,0.8264,231.0,0.8266,842.0,0.8264,287605.43,
1753504987209,04:43:07.209,blofin,ADA/USDT:USDT,0.8264,231.0,0.8266,840.0,0.8264,287605.43,
1753504987209,04:43:07.209,blofin,ADA/USDT:USDT,0.8264,231.0,0.8266,836.0,0.8264,287605.43,
1753504987209,04:43:07.209,blofin,ADA/USDT:USDT,0.8264,231.0,0.8266,836.0,0.8264,287605.43,
1753504987209,04:43:07.209,blofin,ADA/USDT:USDT,0.8264,231.0,0.8265,478.0,0.8264,287605.43,
1753504987209,04:43:07.209,blofin,ADA/USDT:USDT,0.8264,231.0,0.8265,477.0,0.8264,287605.43,
1753504987209,04:43:07.209,blofin,ADA/USDT:USDT,0.8264,231.0,0.8265,360.0,0.8264,287605.43,
1753504987209,04:43:07.209,blofin,ADA/USDT:USDT,0.8264,231.0,0.8265,360.0,0.8264,287605.43,
1753504987209,04:43:07.209,blofin,ADA/USDT:USDT,0.8264,231.0,0.8265,100.0,0.8264,287605.43,
1753504987209,04:43:07.209,blofin,ADA/USDT:USDT,0.8264,231.0,0.8265,100.0,0.8264,287605.43,
1753504987209,04:43:07.209,blofin,ADA/USDT:USDT,0.8264,231.0,0.8265,100.0,0.8264,287605.43,
1753504987209,04:43:07.209,blofin,ADA/USDT:USDT,0.8264,231.0,0.8265,104.0,0.8264,287605.43,
1753504987209,04:43:07.209,blofin,ADA/USDT:USDT,0.8264,231.0,0.8265,283.0,0.8264,287605.43,
1753504987209,04:43:07.209,blofin,ADA/USDT:USDT,0.8264,231.0,0.8265,283.0,0.8264,287605.43,
1753504987209,04:43:07.209,blofin,ADA/USDT:USDT,0.8264,231.0,0.8265,283.0,0.8264,287605.43,
1753504987209,04:43:07.209,blofin,ADA/USDT:USDT,0.8264,231.0,0.8265,124.0,0.8264,287605.43,
1753504987209,04:43:07.209,blofin,ADA/USDT:USDT,0.8264,231.0,0.8265,186.0,0.8264,287605.43,
1753504987209,04:43:07.209,blofin,ADA/USDT:USDT,0.8264,231.0,0.8265,563.0,0.8264,287605.43,
1753504987209,04:43:07.209,blofin,ADA/USDT:USDT,0.8264,231.0,0.8265,563.0,0.8264,287605.43,
1753504987209,04:43:07.209,blofin,ADA/USDT:USDT,0.8264,231.0,0.8265,566.0,0.8264,287605.43,
1753504987209,04:43:07.209,blofin,ADA/USDT:USDT,0.8264,231.0,0.8265,557.0,0.8264,287605.43,
1753504987209,04:43:07.209,blofin,ADA/USDT:USDT,0.8264,231.0,0.8265,557.0,0.8264,287605.43,
1753504987209,04:43:07.209,blofin,ADA/USDT:USDT,0.8264,231.0,0.8265,556.0,0.8264,287605.43,
1753504987209,04:43:07.209,blofin,ADA/USDT:USDT,0.8264,231.0,0.8265,469.0,0.8264,287605.43,
1753504987209,04:43:07.209,blofin,ADA/USDT:USDT,0.8264,231.0,0.8265,369.0,0.8264,287605.43,
1753504987209,04:43:07.209,blofin,ADA/USDT:USDT,0.8264,231.0,0.8265,369.0,0.8264,287605.43,
1753504987209,04:43:07.209,blofin,ADA/USDT:USDT,0.8264,231.0,0.8265,385.0,0.8264,287605.43,
1753504987209,04:43:07.209,blofin,ADA/USDT:USDT,0.8264,231.0,0.8265,385.0,0.8264,287605.43,
1753504987209,04:43:07.209,blofin,ADA/USDT:USDT,0.8264,231.0,0.8265,497.0,0.8264,287605.43,
1753505020549,04:43:40.549,blofin,ADA/USDT:USDT,0.8264,231.0,0.8265,497.0,0.8265,287736.43,
1753505020549,04:43:40.549,blofin,ADA/USDT:USDT,0.8264,110.0,0.8265,1244.0,0.8265,287736.43,
1753505021378,04:43:41.378,blofin,ADA/USDT:USDT,0.8264,110.0,0.8265,1244.0,0.8264,287846.43,
1753505021378,04:43:41.378,blofin,ADA/USDT:USDT,0.8264,110.0,0.8265,1244.0,0.8264,287846.43,
1753505021378,04:43:41.378,blofin,ADA/USDT:USDT,0.8263,3.0,0.8264,358.0,0.8264,287846.43,
1753505021378,04:43:41.378,blofin,ADA/USDT:USDT,0.8263,3.0,0.8264,491.0,0.8264,287846.43,
1753505021378,04:43:41.378,blofin,ADA/USDT:USDT,0.8263,3.0,0.8264,338.0,0.8264,287846.43,
1753505021378,04:43:41.378,blofin,ADA/USDT:USDT,0.8263,3.0,0.8264,337.0,0.8264,287846.43,
1753505021378,04:43:41.378,blofin,ADA/USDT:USDT,0.8263,3.0,0.8264,344.0,0.8264,287846.43,
1753505021378,04:43:41.378,blofin,ADA/USDT:USDT,0.8263,3.0,0.8264,299.0,0.8264,287846.43,
1753505021378,04:43:41.378,blofin,ADA/USDT:USDT,0.8263,3.0,0.8264,299.0,0.8264,287846.43,
1753505021378,04:43:41.378,blofin,ADA/USDT:USDT,0.8263,3.0,0.8264,299.0,0.8264,287846.43,
1753505021378,04:43:41.378,blofin,ADA/USDT:USDT,0.8263,3.0,0.8264,40.0,0.8264,287846.43,
1753505021378,04:43:41.378,blofin,ADA/USDT:USDT,0.8263,3.0,0.8264,40.0,0.8264,287846.43,
1753505021378,04:43:41.378,blofin,ADA/USDT:USDT,0.8263,3.0,0.8264,45.0,0.8264,287846.43,
1753505021378,04:43:41.378,blofin,ADA/USDT:USDT,0.8263,3.0,0.8264,62.0,0.8264,287846.43,
1753505021378,04:43:41.378,blofin,ADA/USDT:USDT,0.8263,3.0,0.8264,62.0,0.8264,287846.43,
1753505021378,04:43:41.378,blofin,ADA/USDT:USDT,0.8263,3.0,0.8264,177.0,0.8264,287846.43,
1753505021378,04:43:41.378,blofin,ADA/USDT:USDT,0.8263,3.0,0.8264,177.0,0.8264,287846.43,
1753505021378,04:43:41.378,blofin,ADA/USDT:USDT,0.8263,3.0,0.8264,177.0,0.8264,287846.43,
1753505021378,04:43:41.378,blofin,ADA/USDT:USDT,0.8263,3.0,0.8264,245.0,0.8264,287846.43,
1753505021378,04:43:41.378,blofin,ADA/USDT:USDT,0.8263,3.0,0.8264,97.0,0.8264,287846.43,
1753505021378,04:43:41.378,blofin,ADA/USDT:USDT,0.8263,3.0,0.8264,479.0,0.8264,287846.43,
1753505021378,04:43:41.378,blofin,ADA/USDT:USDT,0.8263,3.0,0.8264,479.0,0.8264,287846.43,
1753505021378,04:43:41.378,blofin,ADA/USDT:USDT,0.8263,3.0,0.8264,479.0,0.8264,287846.43,
1753505021378,04:43:41.378,blofin,ADA/USDT:USDT,0.8263,3.0,0.8264,488.0,0.8264,287846.43,
1753505021378,04:43:41.378,blofin,ADA/USDT:USDT,0.8263,3.0,0.8264,488.0,0.8264,287846.43,
1753505021378,04:43:41.378,blofin,ADA/USDT:USDT,0.8263,3.0,0.8264,459.0,0.8264,287846.43,
1753505021378,04:43:41.378,blofin,ADA/USDT:USDT,0.8263,3.0,0.8264,462.0,0.8264,287846.43,
1753505021378,04:43:41.378,blofin,ADA/USDT:USDT,0.8263,3.0,0.8264,111.0,0.8264,287846.43,
1753505021378,04:43:41.378,blofin,ADA/USDT:USDT,0.8263,3.0,0.8264,111.0,0.8264,287846.43,
1753505021378,04:43:41.378,blofin,ADA/USDT:USDT,0.8261,551.0,0.8264,115.0,0.8264,287846.43,
1753505021378,04:43:41.378,blofin,ADA/USDT:USDT,0.8261,520.0,0.8264,473.0,0.8264,287846.43,
1753505021378,04:43:41.378,blofin,ADA/USDT:USDT,0.8261,520.0,0.8264,506.0,0.8264,287846.43,
1753505021378,04:43:41.378,blofin,ADA/USDT:USDT,0.8261,520.0,0.8264,506.0,0.8264,287846.43,
1753505021378,04:43:41.378,blofin,ADA/USDT:USDT,0.8261,207.0,0.8264,524.0,0.8264,287846.43,
1753505021378,04:43:41.378,blofin,ADA/USDT:USDT,0.8261,207.0,0.8264,523.0,0.8264,287846.43,
1753505021378,04:43:41.378,blofin,ADA/USDT:USDT,0.8261,198.0,0.8264,327.0,0.8264,287846.43,
1753505021378,04:43:41.378,blofin,ADA/USDT:USDT,0.8261,198.0,0.8264,327.0,0.8264,287846.43,
1753505021378,04:43:41.378,blofin,ADA/USDT:USDT,0.8261,252.0,0.8264,330.0,0.8264,287846.43,
1753505021378,04:43:41.378,blofin,ADA/USDT:USDT,0.8261,250.0,0.8264,329.0,0.8264,287846.43,
1753505021378,04:43:41.378,blofin,ADA/USDT:USDT,0.8261,250.0,0.8264,329.0,0.8264,287846.43,
1753505021378,04:43:41.378,blofin,ADA/USDT:USDT,0.8261,192.0,0.8264,451.0,0.8264,287846.43,
1753505021378,04:43:41.378,blofin,ADA/USDT:USDT,0.8262,698.0,0.8264,203.0,0.8264,287846.43,
1753505021378,04:43:41.378,blofin,ADA/USDT:USDT,0.8262,698.0,0.8264,203.0,0.8264,287846.43,
1753505021378,04:43:41.378,blofin,ADA/USDT:USDT,0.8262,541.0,0.8264,298.0,0.8264,287846.43,
1753505021378,04:43:41.378,blofin,ADA/USDT:USDT,0.8262,541.0,0.8264,298.0,0.8264,287846.43,
1753505021378,04:43:41.378,blofin,ADA/USDT:USDT,0.8262,275.0,0.8264,516.0,0.8264,287846.43,
1753505021378,04:43:41.378,blofin,ADA/USDT:USDT,0.8262,275.0,0.8264,516.0,0.8264,287846.43,
1753505021378,04:43:41.378,blofin,ADA/USDT:USDT,0.8262,275.0,0.8264,516.0,0.8264,287846.43,
1753505021378,04:43:41.378,blofin,ADA/USDT:USDT,0.8262,4.0,0.8264,622.0,0.8264,287846.43,
1753505021378,04:43:41.378,blofin,ADA/USDT:USDT,0.8262,4.0,0.8263,615.0,0.8264,287846.43,
1753505048579,04:44:08.579,blofin,ADA/USDT:USDT,0.8262,4.0,0.8263,615.0,0.8264,287734.44,
1753505048579,04:44:08.579,blofin,ADA/USDT:USDT,0.8261,1.0,0.8263,1085.0,0.8264,287734.44,
1753505048579,04:44:08.579,blofin,ADA/USDT:USDT,0.8261,1.0,0.8263,1136.0,0.8264,287734.44,
1753505048579,04:44:08.579,blofin,ADA/USDT:USDT,0.8261,1.0,0.8263,1136.0,0.8264,287734.44,
1753505048579,04:44:08.579,blofin,ADA/USDT:USDT,0.8261,1.0,0.8263,1135.0,0.8264,287734.44,
1753505048579,04:44:08.579,blofin,ADA/USDT:USDT,0.8261,27.0,0.8263,1156.0,0.8264,287734.44,
1753505048579,04:44:08.579,blofin,ADA/USDT:USDT,0.8261,27.0,0.8263,1156.0,0.8264,287734.44,
1753505048579,04:44:08.579,blofin,ADA/USDT:USDT,0.8261,5.0,0.8263,1161.0,0.8264,287734.44,
1753505048579,04:44:08.579,blofin,ADA/USDT:USDT,0.8261,1.0,0.8263,1073.0,0.8264,287734.44,
1753505048579,04:44:08.579,blofin,ADA/USDT:USDT,0.8261,1.0,0.8263,1073.0,0.8264,287734.44,
1753505048579,04:44:08.579,blofin,ADA/USDT:USDT,0.8261,320.0,0.8263,664.0,0.8264,287734.44,
1753505048579,04:44:08.579,blofin,ADA/USDT:USDT,0.8261,323.0,0.8263,664.0,0.8264,287734.44,
1753505048579,04:44:08.579,blofin,ADA/USDT:USDT,0.8261,1.0,0.8263,312.0,0.8264,287734.44,
1753505048579,04:44:08.579,blofin,ADA/USDT:USDT,0.8261,1.0,0.8263,312.0,0.8264,287734.44,
1753505048579,04:44:08.579,blofin,ADA/USDT:USDT,0.8261,1.0,0.8263,497.0,0.8264,287734.44,
1753505048579,04:44:08.579,blofin,ADA/USDT:USDT,0.8261,1.0,0.8263,496.0,0.8264,287734.44,
1753505048579,04:44:08.579,blofin,ADA/USDT:USDT,0.8261,1.0,0.8263,494.0,0.8264,287734.44,
1753505048579,04:44:08.579,blofin,ADA/USDT:USDT,0.8261,1.0,0.8263,494.0,0.8264,287734.44,
1753505048579,04:44:08.579,blofin,ADA/USDT:USDT,0.8261,1.0,0.8262,1189.0,0.8264,287734.44,
1753505048579,04:44:08.579,blofin,ADA/USDT:USDT,0.8261,1.0,0.8262,1189.0,0.8264,287734.44,
1753505048579,04:44:08.579,blofin,ADA/USDT:USDT,0.8261,1.0,0.8262,825.0,0.8264,287734.44,
1753505048579,04:44:08.579,blofin,ADA/USDT:USDT,0.8261,1.0,0.8262,825.0,0.8264,287734.44,
1753505048579,04:44:08.579,blofin,ADA/USDT:USDT,0.8261,1.0,0.8262,65.0,0.8264,287734.44,
1753505048579,04:44:08.579,blofin,ADA/USDT:USDT,0.8261,1.0,0.8262,143.0,0.8264,287734.44,
1753505048579,04:44:08.579,blofin,ADA/USDT:USDT,0.8261,1.0,0.8262,143.0,0.8264,287734.44,
1753505048579,04:44:08.579,blofin,ADA/USDT:USDT,0.8261,1.0,0.8262,144.0,0.8264,287734.44,
1753505048579,04:44:08.579,blofin,ADA/USDT:USDT,0.8261,1.0,0.8262,301.0,0.8264,287734.44,
1753505048579,04:44:08.579,blofin,ADA/USDT:USDT,0.8261,1.0,0.8262,301.0,0.8264,287734.44,
1753505048579,04:44:08.579,blofin,ADA/USDT:USDT,0.8261,1.0,0.8262,142.0,0.8264,287734.44,
1753505048579,04:44:08.579,blofin,ADA/USDT:USDT,0.8261,1.0,0.8262,142.0,0.8264,287734.44,
1753505048579,04:44:08.579,blofin,ADA/USDT:USDT,0.8261,1.0,0.8262,274.0,0.8264,287734.44,
1753505048579,04:44:08.579,blofin,ADA/USDT:USDT,0.8261,1.0,0.8262,274.0,0.8264,287734.44,
1753505048579,04:44:08.579,blofin,ADA/USDT:USDT,0.8261,1.0,0.8262,120.0,0.8264,287734.44,
1753505048579,04:44:08.579,blofin,ADA/USDT:USDT,0.8261,1.0,0.8262,116.0,0.8264,287734.44,
1753505048579,04:44:08.579,blofin,ADA/USDT:USDT,0.8261,1.0,0.8262,116.0,0.8264,287734.44,
1753505048579,04:44:08.579,blofin,ADA/USDT:USDT,0.8261,1.0,0.8262,188.0,0.8264,287734.44,
1753505048579,04:44:08.579,blofin,ADA/USDT:USDT,0.8261,1.0,0.8262,188.0,0.8264,287734.44,
1753505048579,04:44:08.579,blofin,ADA/USDT:USDT,0.8259,622.0,0.8262,136.0,0.8264,287734.44,
1753505048579,04:44:08.579,blofin,ADA/USDT:USDT,0.8259,622.0,0.8262,136.0,0.8264,287734.44,
1753505048579,04:44:08.579,blofin,ADA/USDT:USDT,0.826,610.0,0.8262,3.0,0.8264,287734.44,
1753505048579,04:44:08.579,blofin,ADA/USDT:USDT,0.8259,605.0,0.8262,245.0,0.8264,287734.44,
1753505048579,04:44:08.579,blofin,ADA/USDT:USDT,0.8259,605.0,0.8262,245.0,0.8264,287734.44,
1753505048579,04:44:08.579,blofin,ADA/USDT:USDT,0.826,578.0,0.8262,180.0,0.8264,287734.44,
1753505048579,04:44:08.579,blofin,ADA/USDT:USDT,0.826,583.0,0.8262,183.0,0.8264,287734.44,
1753505048579,04:44:08.579,blofin,ADA/USDT:USDT,0.826,583.0,0.8262,183.0,0.8264,287734.44,
1753505048579,04:44:08.579,blofin,ADA/USDT:USDT,0.8259,604.0,0.8262,260.0,0.8264,287734.44,
1753505048579,04:44:08.579,blofin,ADA/USDT:USDT,0.8259,604.0,0.8262,260.0,0.8264,287734.44,
1753505048579,04:44:08.579,blofin,ADA/USDT:USDT,0.8259,604.0,0.8262,260.0,0.8264,287734.44,
1753505048579,04:44:08.579,blofin,ADA/USDT:USDT,0.8259,468.0,0.8262,288.0,0.8264,287734.44,
1753505048579,04:44:08.579,blofin,ADA/USDT:USDT,0.8259,505.0,0.8262,432.0,0.8264,287734.44,
1753505048579,04:44:08.579,blofin,ADA/USDT:USDT,0.826,437.0,0.8262,582.0,0.8264,287734.44,
1753505048579,04:44:08.579,blofin,ADA/USDT:USDT,0.826,437.0,0.8262,585.0,0.8264,287734.44,
1753505048579,04:44:08.579,blofin,ADA/USDT:USDT,0.826,4.0,0.8262,405.0,0.8264,287734.44,
1753505048579,04:44:08.579,blofin,ADA/USDT:USDT,0.826,4.0,0.8262,405.0,0.8264,287734.44,
1753505048579,04:44:08.579,blofin,ADA/USDT:USDT,0.8259,454.0,0.8262,405.0,0.8264,287734.44,
1753505048579,04:44:08.579,blofin,ADA/USDT:USDT,0.8259,641.0,0.8262,276.0,0.8264,287734.44,
1753505048579,04:44:08.579,blofin,ADA/USDT:USDT,0.8259,648.0,0.8262,369.0,0.8264,287734.44,
1753505048579,04:44:08.579,blofin,ADA/USDT:USDT,0.8259,648.0,0.8262,369.0,0.8264,287734.44,
1753505048579,04:44:08.579,blofin,ADA/USDT:USDT,0.8259,648.0,0.8262,365.0,0.8264,287734.44,
1753505048579,04:44:08.579,blofin,ADA/USDT:USDT,0.8259,655.0,0.8262,338.0,0.8264,287734.44,
1753505048579,04:44:08.579,blofin,ADA/USDT:USDT,0.8259,655.0,0.8262,338.0,0.8264,287734.44,
1753505048579,04:44:08.579,blofin,ADA/USDT:USDT,0.826,630.0,0.8262,333.0,0.8264,287734.44,
1753505048579,04:44:08.579,blofin,ADA/USDT:USDT,0.826,633.0,0.8262,333.0,0.8264,287734.44,
1753505048579,04:44:08.579,blofin,ADA/USDT:USDT,0.826,3.0,0.8262,417.0,0.8264,287734.44,
1753505048579,04:44:08.579,blofin,ADA/USDT:USDT,0.826,3.0,0.8262,417.0,0.8264,287734.44,
1753505048579,04:44:08.579,blofin,ADA/USDT:USDT,0.826,3.0,0.8262,265.0,0.8264,287734.44,
1753505048579,04:44:08.579,blofin,ADA/USDT:USDT,0.8259,613.0,0.8262,265.0,0.8264,287734.44,
1753505084025,04:44:44.025,blofin,ADA/USDT:USDT,0.8259,608.0,0.8262,443.0,0.8262,287784.44,
1753505085135,04:44:45.135,blofin,ADA/USDT:USDT,0.8259,608.0,0.8262,443.0,0.8259,287854.16,
1753505085135,04:44:45.135,blofin,ADA/USDT:USDT,0.8259,533.28,0.8262,443.0,0.8259,287854.16,
1753505085135,04:44:45.135,blofin,ADA/USDT:USDT,0.826,597.0,0.8262,473.0,0.8259,287854.16,
1753505085135,04:44:45.135,blofin,ADA/USDT:USDT,0.826,598.0,0.8262,472.0,0.8259,287854.16,
1753505085135,04:44:45.135,blofin,ADA/USDT:USDT,0.826,598.0,0.8262,472.0,0.8259,287854.16,
1753505085135,04:44:45.135,blofin,ADA/USDT:USDT,0.826,1.0,0.8262,482.0,0.8259,287854.16,
1753505085135,04:44:45.135,blofin,ADA/USDT:USDT,0.8259,472.0,0.8262,493.0,0.8259,287854.16,
1753505085135,04:44:45.135,blofin,ADA/USDT:USDT,0.826,466.0,0.8262,421.0,0.8259,287854.16,
1753505085135,04:44:45.135,blofin,ADA/USDT:USDT,0.826,466.0,0.8262,421.0,0.8259,287854.16,
1753505085135,04:44:45.135,blofin,ADA/USDT:USDT,0.826,466.0,0.8262,420.0,0.8259,287854.16,
1753505085135,04:44:45.135,blofin,ADA/USDT:USDT,0.8259,469.0,0.8262,427.0,0.8259,287854.16,
1753505085135,04:44:45.135,blofin,ADA/USDT:USDT,0.8259,469.0,0.8262,427.0,0.8259,287854.16,
1753505085135,04:44:45.135,blofin,ADA/USDT:USDT,0.8259,469.0,0.8262,427.0,0.8259,287854.16,
1753505085135,04:44:45.135,blofin,ADA/USDT:USDT,0.8259,219.0,0.8262,445.0,0.8259,287854.16,
1753505085135,04:44:45.135,blofin,ADA/USDT:USDT,0.8259,223.0,0.8262,442.0,0.8259,287854.16,
1753505085135,04:44:45.135,blofin,ADA/USDT:USDT,0.8259,254.0,0.8262,426.0,0.8259,287854.16,
1753505085135,04:44:45.135,blofin,ADA/USDT:USDT,0.8259,254.0,0.8262,426.0,0.8259,287854.16,
1753505085135,04:44:45.135,blofin,ADA/USDT:USDT,0.826,259.0,0.8263,432.0,0.8259,287854.16,
1753505085135,04:44:45.135,blofin,ADA/USDT:USDT,0.826,421.0,0.8262,370.0,0.8259,287854.16,
1753505085135,04:44:45.135,blofin,ADA/USDT:USDT,0.826,421.0,0.8262,370.0,0.8259,287854.16,
1753505085135,04:44:45.135,blofin,ADA/USDT:USDT,0.826,421.0,0.8262,370.0,0.8259,287854.16,
1753505085135,04:44:45.135,blofin,ADA/USDT:USDT,0.826,422.0,0.8262,353.0,0.8259,287854.16,
1753505085135,04:44:45.135,blofin,ADA/USDT:USDT,0.826,422.0,0.8262,353.0,0.8259,287854.16,
1753505085135,04:44:45.135,blofin,ADA/USDT:USDT,0.826,425.0,0.8262,358.0,0.8259,287854.16,
1753505085135,04:44:45.135,blofin,ADA/USDT:USDT,0.826,513.0,0.8262,293.0,0.8259,287854.16,
1753505085135,04:44:45.135,blofin,ADA/USDT:USDT,0.826,579.0,0.8262,248.0,0.8259,287854.16,
1753505085135,04:44:45.135,blofin,ADA/USDT:USDT,0.826,579.0,0.8262,248.0,0.8259,287854.16,
1753505085135,04:44:45.135,blofin,ADA/USDT:USDT,0.826,7.0,0.8262,229.0,0.8259,287854.16,
1753505085135,04:44:45.135,blofin,ADA/USDT:USDT,0.826,7.0,0.8262,229.0,0.8259,287854.16,
1753505085135,04:44:45.135,blofin,ADA/USDT:USDT,0.826,3.0,0.8262,262.0,0.8259,287854.16,
1753505085135,04:44:45.135,blofin,ADA/USDT:USDT,0.826,3.0,0.8262,262.0,0.8259,287854.16,
1753505085135,04:44:45.135,blofin,ADA/USDT:USDT,0.826,3.0,0.8262,425.0,0.8259,287854.16,
1753505085135,04:44:45.135,blofin,ADA/USDT:USDT,0.826,3.0,0.8262,425.0,0.8259,287854.16,
1753505085135,04:44:45.135,blofin,ADA/USDT:USDT,0.826,3.0,0.8262,443.0,0.8259,287854.16,
1753505085135,04:44:45.135,blofin,ADA/USDT:USDT,0.826,3.0,0.8262,443.0,0.8259,287854.16,
1753505085135,04:44:45.135,blofin,ADA/USDT:USDT,0.826,3.0,0.8262,550.0,0.8259,287854.16,
1753505085135,04:44:45.135,blofin,ADA/USDT:USDT,0.826,3.0,0.8262,548.0,0.8259,287854.16,
1753505085135,04:44:45.135,blofin,ADA/USDT:USDT,0.826,3.0,0.8262,557.0,0.8259,287854.16,
1753505085135,04:44:45.135,blofin,ADA/USDT:USDT,0.826,3.0,0.8262,557.0,0.8259,287854.16,
1753505085135,04:44:45.135,blofin,ADA/USDT:USDT,0.826,3.0,0.8262,572.0,0.8259,287854.16,
1753505085135,04:44:45.135,blofin,ADA/USDT:USDT,0.826,3.0,0.8262,572.0,0.8259,287854.16,
1753505085135,04:44:45.135,blofin,ADA/USDT:USDT,0.826,201.0,0.8262,576.0,0.8259,287854.16,
1753505106559,04:45:06.559,blofin,ADA/USDT:USDT,0.826,201.0,0.8262,576.0,0.826,287703.18,
1753505106559,04:45:06.559,blofin,ADA/USDT:USDT,0.826,7.0,0.8261,550.0,0.826,287703.18,
1753505106559,04:45:06.559,blofin,ADA/USDT:USDT,0.826,3.0,0.8261,554.0,0.826,287703.18,
1753505106559,04:45:06.559,blofin,ADA/USDT:USDT,0.826,3.0,0.8261,554.0,0.826,287703.18,
1753505106559,04:45:06.559,blofin,ADA/USDT:USDT,0.826,3.0,0.8261,1207.0,0.826,287703.18,
1753505106559,04:45:06.559,blofin,ADA/USDT:USDT,0.826,3.0,0.8261,1307.0,0.826,287703.18,
1753505106559,04:45:06.559,blofin,ADA/USDT:USDT,0.826,3.0,0.8261,1307.0,0.826,287703.18,
1753505106559,04:45:06.559,blofin,ADA/USDT:USDT,0.826,3.0,0.8261,1307.0,0.826,287703.18,
1753505106559,04:45:06.559,blofin,ADA/USDT:USDT,0.826,3.0,0.8261,1383.0,0.826,287703.18,
1753505106559,04:45:06.559,blofin,ADA/USDT:USDT,0.826,3.0,0.8261,1390.0,0.826,287703.18,
1753505106559,04:45:06.559,blofin,ADA/USDT:USDT,0.826,3.0,0.8261,1390.0,0.826,287703.18,
1753505106559,04:45:06.559,blofin,ADA/USDT:USDT,0.8259,4.0,0.826,1387.0,0.826,287703.18,
1753505106559,04:45:06.559,blofin,ADA/USDT:USDT,0.8259,4.0,0.826,1392.0,0.826,287703.18,
1753505106559,04:45:06.559,blofin,ADA/USDT:USDT,0.8259,4.0,0.826,1392.0,0.826,287703.18,
1753505106559,04:45:06.559,blofin,ADA/USDT:USDT,0.8259,4.0,0.826,1229.0,0.826,287703.18,
1753505106559,04:45:06.559,blofin,ADA/USDT:USDT,0.8259,4.0,0.826,1422.0,0.826,287703.18,
1753505106559,04:45:06.559,blofin,ADA/USDT:USDT,0.8259,4.0,0.826,1419.0,0.826,287703.18,
1753505106559,04:45:06.559,blofin,ADA/USDT:USDT,0.8259,4.0,0.826,1421.0,0.826,287703.18,
1753505106559,04:45:06.559,blofin,ADA/USDT:USDT,0.8259,4.0,0.826,1421.0,0.826,287703.18,
1753505106559,04:45:06.559,blofin,ADA/USDT:USDT,0.8259,4.0,0.826,259.0,0.826,287703.18,
1753505106559,04:45:06.559,blofin,ADA/USDT:USDT,0.8257,750.0,0.826,257.0,0.826,287703.18,
1753505106559,04:45:06.559,blofin,ADA/USDT:USDT,0.8257,553.0,0.826,408.0,0.826,287703.18,
1753505106559,04:45:06.559,blofin,ADA/USDT:USDT,0.8257,553.0,0.826,408.0,0.826,287703.18,
1753505106559,04:45:06.559,blofin,ADA/USDT:USDT,0.8257,550.0,0.826,408.0,0.826,287703.18,
1753505106559,04:45:06.559,blofin,ADA/USDT:USDT,0.8257,550.0,0.826,407.0,0.826,287703.18,
1753505106559,04:45:06.559,blofin,ADA/USDT:USDT,0.8258,512.0,0.826,562.0,0.826,287703.18,
1753505106559,04:45:06.559,blofin,ADA/USDT:USDT,0.8258,512.0,0.826,562.0,0.826,287703.18,
1753505106559,04:45:06.559,blofin,ADA/USDT:USDT,0.8257,517.0,0.826,541.0,0.826,287703.18,
1753505106559,04:45:06.559,blofin,ADA/USDT:USDT,0.8257,517.0,0.826,541.0,0.826,287703.18,
1753505106559,04:45:06.559,blofin,ADA/USDT:USDT,0.8257,385.0,0.826,759.0,0.826,287703.18,
1753505106559,04:45:06.559,blofin,ADA/USDT:USDT,0.8257,385.0,0.826,759.0,0.826,287703.18,
1753505106559,04:45:06.559,blofin,ADA/USDT:USDT,0.8257,386.0,0.826,760.0,0.826,287703.18,
1753505106559,04:45:06.559,blofin,ADA/USDT:USDT,0.8258,432.0,0.826,747.0,0.826,287703.18,
1753505106559,04:45:06.559,blofin,ADA/USDT:USDT,0.8258,5.0,0.826,731.0,0.826,287703.18,
1753505106559,04:45:06.559,blofin,ADA/USDT:USDT,0.8258,5.0,0.826,731.0,0.826,287703.18,
1753505106559,04:45:06.559,blofin,ADA/USDT:USDT,0.8258,308.0,0.826,730.0,0.826,287703.18,
1753505106559,04:45:06.559,blofin,ADA/USDT:USDT,0.8258,304.0,0.826,730.0,0.826,287703.18,
1753505106559,04:45:06.559,blofin,ADA/USDT:USDT,0.8258,1.0,0.826,729.0,0.826,287703.18,
1753505125452,04:45:25.452,blofin,ADA/USDT:USDT,0.8258,1.0,0.826,729.0,0.8257,287710.18,
1753505125452,04:45:25.452,blofin,ADA/USDT:USDT,0.8257,3.0,0.8258,1215.0,0.8257,287710.18,
1753505125452,04:45:25.452,blofin,ADA/USDT:USDT,0.8256,987.0,0.8258,1216.0,0.8257,287710.18,
1753505125452,04:45:25.452,blofin,ADA/USDT:USDT,0.8256,10.0,0.8258,1409.0,0.8257,287710.18,
1753505125452,04:45:25.452,blofin,ADA/USDT:USDT,0.8256,10.0,0.8258,1409.0,0.8257,287710.18,
1753505125452,04:45:25.452,blofin,ADA/USDT:USDT,0.8256,10.0,0.8258,1469.0,0.8257,287710.18,
1753505125452,04:45:25.452,blofin,ADA/USDT:USDT,0.8256,5.0,0.8258,1469.0,0.8257,287710.18,
1753505125452,04:45:25.452,blofin,ADA/USDT:USDT,0.8256,5.0,0.8258,1469.0,0.8257,287710.18,
1753505125452,04:45:25.452,blofin,ADA/USDT:USDT,0.8256,5.0,0.8258,1368.0,0.8257,287710.18,
1753505125452,04:45:25.452,blofin,ADA/USDT:USDT,0.8256,5.0,0.8258,1479.0,0.8257,287710.18,
1753505125452,04:45:25.452,blofin,ADA/USDT:USDT,0.8256,5.0,0.8258,1477.0,0.8257,287710.18,
1753505125452,04:45:25.452,blofin,ADA/USDT:USDT,0.8256,210.0,0.8258,1260.0,0.8257,287710.18,
1753505131442,04:45:31.442,blofin,ADA/USDT:USDT,0.8256,210.0,0.8258,1260.0,0.8258,287715.18,
1753505131442,04:45:31.442,blofin,ADA/USDT:USDT,0.8258,365.0,0.826,532.0,0.8258,287715.18,
1753505131442,04:45:31.442,blofin,ADA/USDT:USDT,0.8257,271.0,0.826,914.0,0.8258,287715.18,
1753505131442,04:45:31.442,blofin,ADA/USDT:USDT,0.8257,1.0,0.8259,658.0,0.8258,287715.18,
1753505131442,04:45:31.442,blofin,ADA/USDT:USDT,0.8256,607.0,0.8259,658.0,0.8258,287715.18,
1753505131442,04:45:31.442,blofin,ADA/USDT:USDT,0.8256,472.0,0.8259,670.0,0.8258,287715.18,
1753505131442,04:45:31.442,blofin,ADA/USDT:USDT,0.8256,472.0,0.8259,670.0,0.8258,287715.18,
1753505131442,04:45:31.442,blofin,ADA/USDT:USDT,0.8256,437.0,0.8259,698.0,0.8258,287715.18,
1753505131442,04:45:31.442,blofin,ADA/USDT:USDT,0.8256,437.0,0.8259,699.0,0.8258,287715.18,
1753505131442,04:45:31.442,blofin,ADA/USDT:USDT,0.8256,437.0,0.8259,269.0,0.8258,287715.18,
1753505131442,04:45:31.442,blofin,ADA/USDT:USDT,0.8256,437.0,0.8259,269.0,0.8258,287715.18,
1753505131442,04:45:31.442,blofin,ADA/USDT:USDT,0.8256,433.0,0.8259,270.0,0.8258,287715.18,
1753505131442,04:45:31.442,blofin,ADA/USDT:USDT,0.8256,433.0,0.8259,575.0,0.8258,287715.18,
1753505131442,04:45:31.442,blofin,ADA/USDT:USDT,0.8257,5.0,0.8258,483.0,0.8258,287715.18,
1753505131442,04:45:31.442,blofin,ADA/USDT:USDT,0.8257,5.0,0.8258,483.0,0.8258,287715.18,
1753505131442,04:45:31.442,blofin,ADA/USDT:USDT,0.8256,171.0,0.8258,1027.0,0.8258,287715.18,
1753505131442,04:45:31.442,blofin,ADA/USDT:USDT,0.8256,176.0,0.8258,1027.0,0.8258,287715.18,
1753505131442,04:45:31.442,blofin,ADA/USDT:USDT,0.8256,10.0,0.8258,1139.0,0.8258,287715.18,
1753505131442,04:45:31.442,blofin,ADA/USDT:USDT,0.8256,5.0,0.8258,1139.0,0.8258,287715.18,
1753505131442,04:45:31.442,blofin,ADA/USDT:USDT,0.8256,38.0,0.8258,3.0,0.8258,287715.18,
1753505131442,04:45:31.442,blofin,ADA/USDT:USDT,0.8256,38.0,0.8259,1145.0,0.8258,287715.18,
1753505131442,04:45:31.442,blofin,ADA/USDT:USDT,0.8256,6.0,0.8258,1133.0,0.8258,287715.18,
1753505131442,04:45:31.442,blofin,ADA/USDT:USDT,0.8256,5.0,0.8258,1150.0,0.8258,287715.18,
1753505131442,04:45:31.442,blofin,ADA/USDT:USDT,0.8256,5.0,0.8258,1150.0,0.8258,287715.18,
1753505131442,04:45:31.442,blofin,ADA/USDT:USDT,0.8256,37.0,0.8258,1173.0,0.8258,287715.18,
1753505131442,04:45:31.442,blofin,ADA/USDT:USDT,0.8256,5.0,0.8258,874.0,0.8258,287715.18,
1753505144745,04:45:44.745,blofin,ADA/USDT:USDT,0.8256,684.0,0.8258,5.0,0.8256,287722.18,
1753505144745,04:45:44.745,blofin,ADA/USDT:USDT,0.8256,334.0,0.8258,5.0,0.8256,287722.18,
1753505144745,04:45:44.745,blofin,ADA/USDT:USDT,0.8256,334.0,0.8258,5.0,0.8256,287722.18,
1753505144745,04:45:44.745,blofin,ADA/USDT:USDT,0.8256,406.0,0.8259,549.0,0.8256,287722.18,
1753505144745,04:45:44.745,blofin,ADA/USDT:USDT,0.8256,398.0,0.8259,519.0,0.8256,287722.18,
1753505144745,04:45:44.745,blofin,ADA/USDT:USDT,0.8256,398.0,0.8259,519.0,0.8256,287722.18,
1753505144745,04:45:44.745,blofin,ADA/USDT:USDT,0.8256,341.0,0.8259,572.0,0.8256,287722.18,
1753505144745,04:45:44.745,blofin,ADA/USDT:USDT,0.8256,341.0,0.8259,571.0,0.8256,287722.18,
1753505144745,04:45:44.745,blofin,ADA/USDT:USDT,0.8257,215.0,0.8259,556.0,0.8256,287722.18,
1753505144745,04:45:44.745,blofin,ADA/USDT:USDT,0.8257,215.0,0.8259,556.0,0.8256,287722.18,
1753505144745,04:45:44.745,blofin,ADA/USDT:USDT,0.8257,13.0,0.8259,667.0,0.8256,287722.18,
1753505144745,04:45:44.745,blofin,ADA/USDT:USDT,0.8257,18.0,0.8259,667.0,0.8256,287722.18,
1753505144745,04:45:44.745,blofin,ADA/USDT:USDT,0.8257,15.0,0.826,1054.0,0.8256,287722.18,
1753505144745,04:45:44.745,blofin,ADA/USDT:USDT,0.8257,15.0,0.826,1054.0,0.8256,287722.18,
1753505144745,04:45:44.745,blofin,ADA/USDT:USDT,0.8257,5.0,0.8259,378.0,0.8256,287722.18,
1753505144745,04:45:44.745,blofin,ADA/USDT:USDT,0.8257,5.0,0.8259,380.0,0.8256,287722.18,
1753505144745,04:45:44.745,blofin,ADA/USDT:USDT,0.8257,5.0,0.8259,383.0,0.8256,287722.18,
1753505144745,04:45:44.745,blofin,ADA/USDT:USDT,0.8257,5.0,0.8259,383.0,0.8256,287722.18,
1753505144745,04:45:44.745,blofin,ADA/USDT:USDT,0.8257,5.0,0.8259,379.0,0.8256,287722.18,
1753505144745,04:45:44.745,blofin,ADA/USDT:USDT,0.8256,364.0,0.8259,379.0,0.8256,287722.18,
1753505144745,04:45:44.745,blofin,ADA/USDT:USDT,0.8256,374.0,0.8259,331.0,0.8256,287722.18,
1753505144745,04:45:44.745,blofin,ADA/USDT:USDT,0.8256,374.0,0.8259,331.0,0.8256,287722.18,
1753505144745,04:45:44.745,blofin,ADA/USDT:USDT,0.8256,371.0,0.8259,332.0,0.8256,287722.18,
1753505144745,04:45:44.745,blofin,ADA/USDT:USDT,0.8256,364.0,0.8259,422.0,0.8256,287722.18,
1753505144745,04:45:44.745,blofin,ADA/USDT:USDT,0.8257,153.0,0.8259,602.0,0.8256,287722.18,
1753505144745,04:45:44.745,blofin,ADA/USDT:USDT,0.8257,155.0,0.8259,602.0,0.8256,287722.18,
1753505144745,04:45:44.745,blofin,ADA/USDT:USDT,0.8256,160.0,0.8259,422.0,0.8256,287722.18,
1753505144745,04:45:44.745,blofin,ADA/USDT:USDT,0.8256,160.0,0.8259,422.0,0.8256,287722.18,
1753505144745,04:45:44.745,blofin,ADA/USDT:USDT,0.8256,293.0,0.8259,208.0,0.8256,287722.18,
1753505144745,04:45:44.745,blofin,ADA/USDT:USDT,0.8256,289.0,0.8259,208.0,0.8256,287722.18,
1753505144745,04:45:44.745,blofin,ADA/USDT:USDT,0.8257,186.0,0.8259,1.0,0.8256,287722.18,
1753505144745,04:45:44.745,blofin,ADA/USDT:USDT,0.8257,186.0,0.8259,1.0,0.8256,287722.18,
1753505144745,04:45:44.745,blofin,ADA/USDT:USDT,0.8257,188.0,0.8259,1.0,0.8256,287722.18,
1753505144745,04:45:44.745,blofin,ADA/USDT:USDT,0.8257,2.0,0.8259,253.0,0.8256,287722.18,
1753505144745,04:45:44.745,blofin,ADA/USDT:USDT,0.8257,2.0,0.8259,284.0,0.8256,287722.18,
1753505144745,04:45:44.745,blofin,ADA/USDT:USDT,0.8257,2.0,0.8259,285.0,0.8256,287722.18,
1753505144745,04:45:44.745,blofin,ADA/USDT:USDT,0.8257,189.0,0.8259,304.0,0.8256,287722.18,
1753505144745,04:45:44.745,blofin,ADA/USDT:USDT,0.8257,189.0,0.8259,304.0,0.8256,287722.18,
1753505144745,04:45:44.745,blofin,ADA/USDT:USDT,0.8257,5.0,0.8259,458.0,0.8256,287722.18,
1753505144745,04:45:44.745,blofin,ADA/USDT:USDT,0.8256,406.0,0.8259,458.0,0.8256,287722.18,
1753505144745,04:45:44.745,blofin,ADA/USDT:USDT,0.8256,385.0,0.8259,517.0,0.8256,287722.18,
1753505144745,04:45:44.745,blofin,ADA/USDT:USDT,0.8256,389.0,0.8259,519.0,0.8256,287722.18,
1753505144745,04:45:44.745,blofin,ADA/USDT:USDT,0.8256,389.0,0.8259,519.0,0.8256,287722.18,
1753505144745,04:45:44.745,blofin,ADA/USDT:USDT,0.8256,217.0,0.8259,514.0,0.8256,287722.18,
1753505144745,04:45:44.745,blofin,ADA/USDT:USDT,0.8256,45.0,0.8259,624.0,0.8256,287722.18,
1753505168353,04:46:08.353,blofin,ADA/USDT:USDT,0.8256,45.0,0.8259,624.0,0.8258,287634.81,
1753505168353,04:46:08.353,blofin,ADA/USDT:USDT,0.8256,142.0,0.8258,1139.0,0.8258,287634.81,
1753505168353,04:46:08.353,blofin,ADA/USDT:USDT,0.8256,142.0,0.8258,1139.0,0.8258,287634.81,
1753505168353,04:46:08.353,blofin,ADA/USDT:USDT,0.8256,5.0,0.8258,144.0,0.8258,287634.81,
1753505168353,04:46:08.353,blofin,ADA/USDT:USDT,0.8256,2.0,0.8258,147.0,0.8258,287634.81,
1753505168353,04:46:08.353,blofin,ADA/USDT:USDT,0.8256,583.0,0.8258,38.0,0.8258,287634.81,
1753505168353,04:46:08.353,blofin,ADA/USDT:USDT,0.8256,586.0,0.8258,38.0,0.8258,287634.81,
1753505168353,04:46:08.353,blofin,ADA/USDT:USDT,0.8256,2.0,0.8258,151.0,0.8258,287634.81,
1753505168353,04:46:08.353,blofin,ADA/USDT:USDT,0.8256,390.0,0.8258,240.0,0.8258,287634.81,
1753505168353,04:46:08.353,blofin,ADA/USDT:USDT,0.8256,390.0,0.8258,242.0,0.8258,287634.81,
1753505168353,04:46:08.353,blofin,ADA/USDT:USDT,0.8256,390.0,0.8258,242.0,0.8258,287634.81,
1753505168353,04:46:08.353,blofin,ADA/USDT:USDT,0.8256,417.0,0.8259,557.0,0.8258,287634.81,
1753505168353,04:46:08.353,blofin,ADA/USDT:USDT,0.8256,3.0,0.8258,242.0,0.8258,287634.81,
1753505168353,04:46:08.353,blofin,ADA/USDT:USDT,0.8256,2.0,0.8258,243.0,0.8258,287634.81,
1753505168353,04:46:08.353,blofin,ADA/USDT:USDT,0.8256,2.0,0.8258,239.0,0.8258,287634.81,
1753505168353,04:46:08.353,blofin,ADA/USDT:USDT,0.8256,2.0,0.8258,239.0,0.8258,287634.81,
1753505168353,04:46:08.353,blofin,ADA/USDT:USDT,0.8256,2.0,0.8258,240.0,0.8258,287634.81,
1753505168353,04:46:08.353,blofin,ADA/USDT:USDT,0.8256,353.0,0.8258,293.0,0.8258,287634.81,
1753505168353,04:46:08.353,blofin,ADA/USDT:USDT,0.8256,346.0,0.8258,599.0,0.8258,287634.81,
1753505168353,04:46:08.353,blofin,ADA/USDT:USDT,0.8256,346.0,0.8258,599.0,0.8258,287634.81,
1753505168353,04:46:08.353,blofin,ADA/USDT:USDT,0.8256,2.0,0.8258,697.0,0.8258,287634.81,
1753505168353,04:46:08.353,blofin,ADA/USDT:USDT,0.8256,2.0,0.8258,606.0,0.8258,287634.81,
1753505168353,04:46:08.353,blofin,ADA/USDT:USDT,0.8256,2.0,0.8258,607.0,0.8258,287634.81,
1753505168353,04:46:08.353,blofin,ADA/USDT:USDT,0.8256,2.0,0.8258,579.0,0.8258,287634.81,
1753505168353,04:46:08.353,blofin,ADA/USDT:USDT,0.8256,2.0,0.8258,579.0,0.8258,287634.81,
1753505168353,04:46:08.353,blofin,ADA/USDT:USDT,0.8256,2.0,0.8258,580.0,0.8258,287634.81,
1753505168353,04:46:08.353,blofin,ADA/USDT:USDT,0.8256,2.0,0.8258,195.0,0.8258,287634.81,
1753505168353,04:46:08.353,blofin,ADA/USDT:USDT,0.8256,2.0,0.8258,136.0,0.8258,287634.81,
1753505168353,04:46:08.353,blofin,ADA/USDT:USDT,0.8256,2.0,0.8258,136.0,0.8258,287634.81,
1753505168353,04:46:08.353,blofin,ADA/USDT:USDT,0.8256,447.0,0.8258,186.0,0.8258,287634.81,
1753505168353,04:46:08.353,blofin,ADA/USDT:USDT,0.8256,447.0,0.8258,186.0,0.8258,287634.81,
1753505168353,04:46:08.353,blofin,ADA/USDT:USDT,0.8256,2.0,0.8258,240.0,0.8258,287634.81,
1753505185161,04:46:25.161,blofin,ADA/USDT:USDT,0.8256,694.0,0.8258,3.0,0.8256,287635.81,
1753505185161,04:46:25.161,blofin,ADA/USDT:USDT,0.8256,694.0,0.8258,3.0,0.8256,287635.81,
1753505185161,04:46:25.161,blofin,ADA/USDT:USDT,0.8257,616.0,0.8259,397.0,0.8256,287635.81,
1753505185161,04:46:25.161,blofin,ADA/USDT:USDT,0.8257,619.0,0.8259,397.0,0.8256,287635.81,
1753505185161,04:46:25.161,blofin,ADA/USDT:USDT,0.8257,2.0,0.8259,69.0,0.8256,287635.81,
1753505185161,04:46:25.161,blofin,ADA/USDT:USDT,0.8257,2.0,0.8259,348.0,0.8256,287635.81,
1753505185161,04:46:25.161,blofin,ADA/USDT:USDT,0.8257,2.0,0.8259,347.0,0.8256,287635.81,
1753505185161,04:46:25.161,blofin,ADA/USDT:USDT,0.8257,2.0,0.8259,490.0,0.8256,287635.81,
1753505185161,04:46:25.161,blofin,ADA/USDT:USDT,0.8257,2.0,0.8259,482.0,0.8256,287635.81,
1753505185161,04:46:25.161,blofin,ADA/USDT:USDT,0.8257,2.0,0.8259,483.0,0.8256,287635.81,
1753505185161,04:46:25.161,blofin,ADA/USDT:USDT,0.8257,2.0,0.8259,483.0,0.8256,287635.81,
1753505185161,04:46:25.161,blofin,ADA/USDT:USDT,0.8257,237.0,0.8259,502.0,0.8256,287635.81,
1753505185161,04:46:25.161,blofin,ADA/USDT:USDT,0.8257,238.0,0.8259,503.0,0.8256,287635.81,
1753505185161,04:46:25.161,blofin,ADA/USDT:USDT,0.8257,2.0,0.8259,501.0,0.8256,287635.81,
1753505185161,04:46:25.161,blofin,ADA/USDT:USDT,0.8257,2.0,0.8259,501.0,0.8256,287635.81,
1753505185161,04:46:25.161,blofin,ADA/USDT:USDT,0.8257,2.0,0.8259,377.0,0.8256,287635.81,
1753505185161,04:46:25.161,blofin,ADA/USDT:USDT,0.8257,250.0,0.8259,413.0,0.8256,287635.81,
1753505185161,04:46:25.161,blofin,ADA/USDT:USDT,0.8257,250.0,0.8259,413.0,0.8256,287635.81,
1753505185161,04:46:25.161,blofin,ADA/USDT:USDT,0.8257,237.0,0.8259,599.0,0.8256,287635.81,
1753505185161,04:46:25.161,blofin,ADA/USDT:USDT,0.8257,237.0,0.8259,601.0,0.8256,287635.81,
1753505185161,04:46:25.161,blofin,ADA/USDT:USDT,0.8257,3.0,0.8258,1368.0,0.8256,287635.81,
1753505185161,04:46:25.161,blofin,ADA/USDT:USDT,0.8257,3.0,0.8258,1368.0,0.8256,287635.81,
1753505185161,04:46:25.161,blofin,ADA/USDT:USDT,0.8257,2.0,0.8258,1369.0,0.8256,287635.81,
1753505185161,04:46:25.161,blofin,ADA/USDT:USDT,0.8257,2.0,0.8258,1366.0,0.8256,287635.81,
1753505185161,04:46:25.161,blofin,ADA/USDT:USDT,0.8257,2.0,0.8258,1190.0,0.8256,287635.81,
1753505185161,04:46:25.161,blofin,ADA/USDT:USDT,0.8257,2.0,0.8258,1190.0,0.8256,287635.81,
1753505185161,04:46:25.161,blofin,ADA/USDT:USDT,0.8257,2.0,0.8258,1190.0,0.8256,287635.81,
1753505185161,04:46:25.161,blofin,ADA/USDT:USDT,0.8257,2.0,0.8258,1175.0,0.8256,287635.81,
1753505185161,04:46:25.161,blofin,ADA/USDT:USDT,0.8257,2.0,0.8258,1075.0,0.8256,287635.81,
1753505185161,04:46:25.161,blofin,ADA/USDT:USDT,0.8257,2.0,0.8258,1075.0,0.8256,287635.81,
1753505185161,04:46:25.161,blofin,ADA/USDT:USDT,0.8257,2.0,0.8258,1088.0,0.8256,287635.81,
1753505185161,04:46:25.161,blofin,ADA/USDT:USDT,0.8257,2.0,0.8258,1086.0,0.8256,287635.81,
1753505185161,04:46:25.161,blofin,ADA/USDT:USDT,0.8257,2.0,0.8258,1088.0,0.8256,287635.81,
1753505185161,04:46:25.161,blofin,ADA/USDT:USDT,0.8257,2.0,0.8258,213.0,0.8256,287635.81,
1753505185161,04:46:25.161,blofin,ADA/USDT:USDT,0.8257,2.0,0.8258,213.0,0.8256,287635.81,
1753505185161,04:46:25.161,blofin,ADA/USDT:USDT,0.8257,2.0,0.8258,142.0,0.8256,287635.81,
1753505185161,04:46:25.161,blofin,ADA/USDT:USDT,0.8257,2.0,0.8258,164.0,0.8256,287635.81,
1753505185161,04:46:25.161,blofin,ADA/USDT:USDT,0.8257,2.0,0.8258,164.0,0.8256,287635.81,
1753505185161,04:46:25.161,blofin,ADA/USDT:USDT,0.8257,2.0,0.8258,164.0,0.8256,287635.81,
1753505185161,04:46:25.161,blofin,ADA/USDT:USDT,0.8257,2.0,0.8258,199.0,0.8256,287635.81,
1753505185161,04:46:25.161,blofin,ADA/USDT:USDT,0.8257,2.0,0.8258,106.0,0.8256,287635.81,
1753505185161,04:46:25.161,blofin,ADA/USDT:USDT,0.8257,2.0,0.8258,110.0,0.8256,287635.81,
1753505185161,04:46:25.161,blofin,ADA/USDT:USDT,0.8257,2.0,0.8258,96.0,0.8256,287635.81,
1753505185161,04:46:25.161,blofin,ADA/USDT:USDT,0.8257,2.0,0.8258,96.0,0.8256,287635.81,
1753505185161,04:46:25.161,blofin,ADA/USDT:USDT,0.8257,2.0,0.8258,360.0,0.8256,287635.81,
1753505185161,04:46:25.161,blofin,ADA/USDT:USDT,0.8257,2.0,0.8258,359.0,0.8256,287635.81,
1753505185161,04:46:25.161,blofin,ADA/USDT:USDT,0.8257,2.0,0.8258,319.0,0.8256,287635.81,
1753505185161,04:46:25.161,blofin,ADA/USDT:USDT,0.8257,2.0,0.8258,319.0,0.8256,287635.81,
1753505185161,04:46:25.161,blofin,ADA/USDT:USDT,0.8257,2.0,0.8258,319.0,0.8256,287635.81,
1753505185161,04:46:25.161,blofin,ADA/USDT:USDT,0.8257,2.0,0.8258,388.0,0.8256,287635.81,
1753505185161,04:46:25.161,blofin,ADA/USDT:USDT,0.8257,2.0,0.8258,388.0,0.8256,287635.81,
1753505185161,04:46:25.161,blofin,ADA/USDT:USDT,0.8257,2.0,0.8258,391.0,0.8256,287635.81,
1753505185161,04:46:25.161,blofin,ADA/USDT:USDT,0.8257,2.0,0.8258,395.0,0.8256,287635.81,
1753505185161,04:46:25.161,blofin,ADA/USDT:USDT,0.8257,2.0,0.8258,493.0,0.8256,287635.81,
1753505185161,04:46:25.161,blofin,ADA/USDT:USDT,0.8257,2.0,0.8258,493.0,0.8256,287635.81,
1753505185161,04:46:25.161,blofin,ADA/USDT:USDT,0.8257,2.0,0.8258,503.0,0.8256,287635.81,
1753505185161,04:46:25.161,blofin,ADA/USDT:USDT,0.8257,2.0,0.8258,496.0,0.8256,287635.81,
1753505185161,04:46:25.161,blofin,ADA/USDT:USDT,0.8257,2.0,0.8258,496.0,0.8256,287635.81,
1753505214855,04:46:54.855,blofin,ADA/USDT:USDT,0.8256,2.0,0.8257,498.0,0.8256,287645.81,
1753505214855,04:46:54.855,blofin,ADA/USDT:USDT,0.8256,2.0,0.8257,498.0,0.8256,287645.81,
1753505214855,04:46:54.855,blofin,ADA/USDT:USDT,0.8256,2.0,0.8257,1209.0,0.8256,287645.81,
1753505214855,04:46:54.855,blofin,ADA/USDT:USDT,0.8256,2.0,0.8257,1209.0,0.8256,287645.81,
1753505214855,04:46:54.855,blofin,ADA/USDT:USDT,0.8254,100.0,0.8257,1213.0,0.8256,287645.81,
1753505214855,04:46:54.855,blofin,ADA/USDT:USDT,0.8255,379.0,0.8257,282.0,0.8256,287645.81,
1753505214855,04:46:54.855,blofin,ADA/USDT:USDT,0.8254,384.0,0.8257,222.0,0.8256,287645.81,
1753505214855,04:46:54.855,blofin,ADA/USDT:USDT,0.8254,384.0,0.8257,222.0,0.8256,287645.81,
1753505214855,04:46:54.855,blofin,ADA/USDT:USDT,0.8254,475.0,0.8257,16.0,0.8256,287645.81,
1753505214855,04:46:54.855,blofin,ADA/USDT:USDT,0.8254,479.0,0.8257,16.0,0.8256,287645.81,
1753505214855,04:46:54.855,blofin,ADA/USDT:USDT,0.8254,490.0,0.8257,15.0,0.8256,287645.81,
1753505214855,04:46:54.855,blofin,ADA/USDT:USDT,0.8254,490.0,0.8257,15.0,0.8256,287645.81,
1753505214855,04:46:54.855,blofin,ADA/USDT:USDT,0.8254,486.0,0.8257,15.0,0.8256,287645.81,
1753505214855,04:46:54.855,blofin,ADA/USDT:USDT,0.8254,563.0,0.8257,96.0,0.8256,287645.81,
1753505214855,04:46:54.855,blofin,ADA/USDT:USDT,0.8254,562.0,0.8257,98.0,0.8256,287645.81,
1753505214855,04:46:54.855,blofin,ADA/USDT:USDT,0.8254,551.0,0.8257,138.0,0.8256,287645.81,
1753505214855,04:46:54.855,blofin,ADA/USDT:USDT,0.8255,469.0,0.8257,141.0,0.8256,287645.81,
1753505214855,04:46:54.855,blofin,ADA/USDT:USDT,0.8255,469.0,0.8257,141.0,0.8256,287645.81,
1753505214855,04:46:54.855,blofin,ADA/USDT:USDT,0.8255,482.0,0.8257,154.0,0.8256,287645.81,
1753505214855,04:46:54.855,blofin,ADA/USDT:USDT,0.8255,483.0,0.8257,154.0,0.8256,287645.81,
1753505214855,04:46:54.855,blofin,ADA/USDT:USDT,0.8255,3.0,0.8257,284.0,0.8256,287645.81,
1753505214855,04:46:54.855,blofin,ADA/USDT:USDT,0.8254,474.0,0.8257,284.0,0.8256,287645.81,
1753505214855,04:46:54.855,blofin,ADA/USDT:USDT,0.8254,474.0,0.8257,284.0,0.8256,287645.81,
1753505214855,04:46:54.855,blofin,ADA/USDT:USDT,0.8254,475.0,0.8257,283.0,0.8256,287645.81,
1753505214855,04:46:54.855,blofin,ADA/USDT:USDT,0.8254,478.0,0.8257,283.0,0.8256,287645.81,
1753505214855,04:46:54.855,blofin,ADA/USDT:USDT,0.8254,493.0,0.8257,171.0,0.8256,287645.81,
1753505228579,04:47:08.579,blofin,ADA/USDT:USDT,0.8254,497.0,0.8257,129.0,0.8256,287501.27,
1753505228579,04:47:08.579,blofin,ADA/USDT:USDT,0.8254,497.0,0.8257,129.0,0.8256,287501.27,
1753505228579,04:47:08.579,blofin,ADA/USDT:USDT,0.8254,296.0,0.8257,660.0,0.8256,287501.27,
1753505228579,04:47:08.579,blofin,ADA/USDT:USDT,0.8254,379.0,0.8257,401.0,0.8256,287501.27,
1753505228579,04:47:08.579,blofin,ADA/USDT:USDT,0.8254,380.0,0.8257,401.0,0.8256,287501.27,
1753505228579,04:47:08.579,blofin,ADA/USDT:USDT,0.8254,263.0,0.8257,580.0,0.8256,287501.27,
1753505228579,04:47:08.579,blofin,ADA/USDT:USDT,0.8254,263.0,0.8257,580.0,0.8256,287501.27,
1753505231757,04:47:11.757,blofin,ADA/USDT:USDT,0.8254,263.0,0.8257,583.0,0.8254,287512.27,
1753505231757,04:47:11.757,blofin,ADA/USDT:USDT,0.8252,133.0,0.8255,1091.0,0.8254,287512.27,
1753505231757,04:47:11.757,blofin,ADA/USDT:USDT,0.8252,59.0,0.8255,787.0,0.8254,287512.27,
1753505233247,04:47:13.247,blofin,ADA/USDT:USDT,0.8252,59.0,0.8254,822.0,0.8252,287525.27,
1753505233247,04:47:13.247,blofin,ADA/USDT:USDT,0.8252,59.0,0.8254,822.0,0.8252,287525.27,
1753505233247,04:47:13.247,blofin,ADA/USDT:USDT,0.8252,13.0,0.8254,1025.0,0.8252,287525.27,
1753505235045,04:47:15.045,blofin,ADA/USDT:USDT,0.8252,5.0,0.8254,563.0,0.8252,287526.27,
1753505235045,04:47:15.045,blofin,ADA/USDT:USDT,0.8252,5.0,0.8253,677.0,0.8252,287526.27,
1753505235045,04:47:15.045,blofin,ADA/USDT:USDT,0.8252,5.0,0.8253,677.0,0.8252,287526.27,
1753505235045,04:47:15.045,blofin,ADA/USDT:USDT,0.825,75.66,0.8253,1384.0,0.8252,287526.27,
1753505235045,04:47:15.045,blofin,ADA/USDT:USDT,0.8251,3.0,0.8253,1389.0,0.8252,287526.27,
1753505235045,04:47:15.045,blofin,ADA/USDT:USDT,0.825,32.66,0.8253,1391.0,0.8252,287526.27,
1753505235045,04:47:15.045,blofin,ADA/USDT:USDT,0.825,32.66,0.8253,1391.0,0.8252,287526.27,
1753505235045,04:47:15.045,blofin,ADA/USDT:USDT,0.8251,4.0,0.8253,1391.0,0.8252,287526.27,
1753505235045,04:47:15.045,blofin,ADA/USDT:USDT,0.8251,4.0,0.8253,1391.0,0.8252,287526.27,
1753505235045,04:47:15.045,blofin,ADA/USDT:USDT,0.8251,4.0,0.8253,1391.0,0.8252,287526.27,
1753505235045,04:47:15.045,blofin,ADA/USDT:USDT,0.825,90.66,0.8253,1438.0,0.8252,287526.27,
1753505235045,04:47:15.045,blofin,ADA/USDT:USDT,0.8251,2.0,0.8253,860.0,0.8252,287526.27,
1753505235045,04:47:15.045,blofin,ADA/USDT:USDT,0.825,136.66,0.8253,860.0,0.8252,287526.27,
1753505235045,04:47:15.045,blofin,ADA/USDT:USDT,0.8251,326.0,0.8253,844.0,0.8252,287526.27,
1753505235045,04:47:15.045,blofin,ADA/USDT:USDT,0.8251,326.0,0.8253,844.0,0.8252,287526.27,
1753505235045,04:47:15.045,blofin,ADA/USDT:USDT,0.825,330.66,0.8253,680.0,0.8252,287526.27,
1753505235045,04:47:15.045,blofin,ADA/USDT:USDT,0.825,330.66,0.8253,680.0,0.8252,287526.27,
1753505235045,04:47:15.045,blofin,ADA/USDT:USDT,0.8251,2.0,0.8253,834.0,0.8252,287526.27,
1753505235045,04:47:15.045,blofin,ADA/USDT:USDT,0.8251,1.0,0.8253,454.0,0.8252,287526.27,
1753505235045,04:47:15.045,blofin,ADA/USDT:USDT,0.8251,1.0,0.8253,454.0,0.8252,287526.27,
1753505235045,04:47:15.045,blofin,ADA/USDT:USDT,0.825,336.66,0.8253,486.0,0.8252,287526.27,
1753505235045,04:47:15.045,blofin,ADA/USDT:USDT,0.8251,399.0,0.8253,668.0,0.8252,287526.27,
1753505235045,04:47:15.045,blofin,ADA/USDT:USDT,0.8251,429.0,0.8253,666.0,0.8252,287526.27,
1753505235045,04:47:15.045,blofin,ADA/USDT:USDT,0.8251,3.0,0.8253,665.0,0.8252,287526.27,
1753505235045,04:47:15.045,blofin,ADA/USDT:USDT,0.8251,3.0,0.8253,665.0,0.8252,287526.27,
1753505235045,04:47:15.045,blofin,ADA/USDT:USDT,0.825,367.66,0.8253,665.0,0.8252,287526.27,
1753505235045,04:47:15.045,blofin,ADA/USDT:USDT,0.8251,2.0,0.8253,667.0,0.8252,287526.27,
1753505235045,04:47:15.045,blofin,ADA/USDT:USDT,0.825,263.66,0.8253,665.0,0.8252,287526.27,
1753505235045,04:47:15.045,blofin,ADA/USDT:USDT,0.825,263.66,0.8253,665.0,0.8252,287526.27,
1753505235045,04:47:15.045,blofin,ADA/USDT:USDT,0.8251,2.0,0.8253,752.0,0.8252,287526.27,
1753505235045,04:47:15.045,blofin,ADA/USDT:USDT,0.8251,125.0,0.8253,661.0,0.8252,287526.27,
1753505235045,04:47:15.045,blofin,ADA/USDT:USDT,0.8251,125.0,0.8253,661.0,0.8252,287526.27,
1753505235045,04:47:15.045,blofin,ADA/USDT:USDT,0.8251,5.0,0.8253,671.0,0.8252,287526.27,
1753505235045,04:47:15.045,blofin,ADA/USDT:USDT,0.8251,64.0,0.8253,802.0,0.8252,287526.27,
1753505235045,04:47:15.045,blofin,ADA/USDT:USDT,0.8251,64.0,0.8253,802.0,0.8252,287526.27,
1753505235045,04:47:15.045,blofin,ADA/USDT:USDT,0.8251,64.0,0.8253,802.0,0.8252,287526.27,
1753505235045,04:47:15.045,blofin,ADA/USDT:USDT,0.8251,5.0,0.8253,807.0,0.8252,287526.27,
1753505235045,04:47:15.045,blofin,ADA/USDT:USDT,0.825,21.66,0.8253,804.0,0.8252,287526.27,
1753505235045,04:47:15.045,blofin,ADA/USDT:USDT,0.8251,4.0,0.8253,804.0,0.8252,287526.27,
1753505235045,04:47:15.045,blofin,ADA/USDT:USDT,0.8251,2.0,0.8253,803.0,0.8252,287526.27,
1753505235045,04:47:15.045,blofin,ADA/USDT:USDT,0.8251,2.0,0.8253,803.0,0.8252,287526.27,
1753505235045,04:47:15.045,blofin,ADA/USDT:USDT,0.8251,129.0,0.8253,489.0,0.8252,287526.27,
1753505235045,04:47:15.045,blofin,ADA/USDT:USDT,0.8251,5.0,0.8253,470.0,0.8252,287526.27,
1753505235045,04:47:15.045,blofin,ADA/USDT:USDT,0.8251,5.0,0.8253,470.0,0.8252,287526.27,
1753505235045,04:47:15.045,blofin,ADA/USDT:USDT,0.825,128.66,0.8253,485.0,0.8252,287526.27,
1753505235045,04:47:15.045,blofin,ADA/USDT:USDT,0.8251,2.0,0.8253,485.0,0.8252,287526.27,
1753505260698,04:47:40.698,blofin,ADA/USDT:USDT,0.8251,2.0,0.8253,485.0,0.8253,287544.44,
1753505260698,04:47:40.698,blofin,ADA/USDT:USDT,0.825,291.66,0.8253,445.83,0.8253,287544.44,
1753505260698,04:47:40.698,blofin,ADA/USDT:USDT,0.8252,755.0,0.8254,225.0,0.8253,287544.44,
1753505260698,04:47:40.698,blofin,ADA/USDT:USDT,0.8252,2.0,0.8254,245.0,0.8253,287544.44,
1753505260698,04:47:40.698,blofin,ADA/USDT:USDT,0.8252,2.0,0.8254,245.0,0.8253,287544.44,
1753505260698,04:47:40.698,blofin,ADA/USDT:USDT,0.8252,2.0,0.8254,460.0,0.8253,287544.44,
1753505260698,04:47:40.698,blofin,ADA/USDT:USDT,0.8252,66.0,0.8254,560.0,0.8253,287544.44,
1753505260698,04:47:40.698,blofin,ADA/USDT:USDT,0.8252,66.0,0.8254,560.0,0.8253,287544.44,
1753505260698,04:47:40.698,blofin,ADA/USDT:USDT,0.8252,10.0,0.8254,582.0,0.8253,287544.44,
1753505260698,04:47:40.698,blofin,ADA/USDT:USDT,0.8251,1.0,0.8253,584.0,0.8253,287544.44,
1753505260698,04:47:40.698,blofin,ADA/USDT:USDT,0.8251,1.0,0.8253,584.0,0.8253,287544.44,
1753505260698,04:47:40.698,blofin,ADA/USDT:USDT,0.825,24.66,0.8253,1117.0,0.8253,287544.44,
1753505260698,04:47:40.698,blofin,ADA/USDT:USDT,0.8251,1.0,0.8253,1113.0,0.8253,287544.44,
1753505267150,04:47:47.150,blofin,ADA/USDT:USDT,0.825,21.66,0.8252,1080.0,0.8252,287552.44,
1753505267150,04:47:47.150,blofin,ADA/USDT:USDT,0.825,21.66,0.8252,1080.0,0.8252,287552.44,
1753505267150,04:47:47.150,blofin,ADA/USDT:USDT,0.825,11.66,0.8252,572.0,0.8252,287552.44,
1753505268870,04:47:48.870,blofin,ADA/USDT:USDT,0.825,10.66,0.8252,472.0,0.8252,287577.88,
1753505268870,04:47:48.870,blofin,ADA/USDT:USDT,0.825,10.66,0.8252,472.0,0.8252,287577.88,
1753505268870,04:47:48.870,blofin,ADA/USDT:USDT,0.825,10.66,0.8252,508.0,0.8252,287577.88,
1753505268870,04:47:48.870,blofin,ADA/USDT:USDT,0.825,10.66,0.8252,508.0,0.8252,287577.88,
1753505268870,04:47:48.870,blofin,ADA/USDT:USDT,0.825,10.66,0.8251,603.0,0.8252,287577.88,
1753505268870,04:47:48.870,blofin,ADA/USDT:USDT,0.825,10.66,0.8251,891.0,0.8252,287577.88,
1753505268870,04:47:48.870,blofin,ADA/USDT:USDT,0.825,10.66,0.8251,888.0,0.8252,287577.88,
1753505268870,04:47:48.870,blofin,ADA/USDT:USDT,0.825,10.66,0.8251,888.0,0.8252,287577.88,
1753505268870,04:47:48.870,blofin,ADA/USDT:USDT,0.825,10.66,0.8251,1013.0,0.8252,287577.88,
1753505268870,04:47:48.870,blofin,ADA/USDT:USDT,0.825,10.66,0.8251,479.0,0.8252,287577.88,
1753505268870,04:47:48.870,blofin,ADA/USDT:USDT,0.825,10.66,0.8251,479.0,0.8252,287577.88,
1753505268870,04:47:48.870,blofin,ADA/USDT:USDT,0.825,10.66,0.8251,3.0,0.8252,287577.88,
1753505268870,04:47:48.870,blofin,ADA/USDT:USDT,0.825,10.66,0.8255,6861.0,0.8252,287577.88,
1753505268870,04:47:48.870,blofin,ADA/USDT:USDT,0.825,10.66,0.8251,2291.0,0.8252,287577.88,
1753505268870,04:47:48.870,blofin,ADA/USDT:USDT,0.825,10.66,0.8251,2291.0,0.8252,287577.88,
1753505277584,04:47:57.584,blofin,ADA/USDT:USDT,0.825,6.66,0.8254,1160.0,0.8243,287767.33,
1753505277584,04:47:57.584,blofin,ADA/USDT:USDT,0.8243,3111.21,0.825,6544.35,0.8243,287767.33,
1753505277584,04:47:57.584,blofin,ADA/USDT:USDT,0.8243,3111.21,0.825,6544.35,0.8243,287767.33,
1753505277584,04:47:57.584,blofin,ADA/USDT:USDT,0.8245,5.0,0.8248,1102.0,0.8243,287767.33,
1753505277584,04:47:57.584,blofin,ADA/USDT:USDT,0.8245,615.0,0.8248,86.0,0.8243,287767.33,
1753505277584,04:47:57.584,blofin,ADA/USDT:USDT,0.8245,615.0,0.8248,86.0,0.8243,287767.33,
1753505277584,04:47:57.584,blofin,ADA/USDT:USDT,0.8246,605.0,0.8248,117.0,0.8243,287767.33,
1753505277584,04:47:57.584,blofin,ADA/USDT:USDT,0.8246,3.0,0.8248,328.0,0.8243,287767.33,
1753505277584,04:47:57.584,blofin,ADA/USDT:USDT,0.8246,3.0,0.8248,328.0,0.8243,287767.33,
1753505277584,04:47:57.584,blofin,ADA/USDT:USDT,0.8245,371.0,0.8248,328.0,0.8243,287767.33,
1753505277584,04:47:57.584,blofin,ADA/USDT:USDT,0.8245,304.0,0.8248,527.0,0.8243,287767.33,
1753505277584,04:47:57.584,blofin,ADA/USDT:USDT,0.8245,304.0,0.8248,527.0,0.8243,287767.33,
1753505277584,04:47:57.584,blofin,ADA/USDT:USDT,0.8245,305.0,0.8248,506.0,0.8243,287767.33,
1753505277584,04:47:57.584,blofin,ADA/USDT:USDT,0.8246,385.0,0.8248,506.0,0.8243,287767.33,
1753505277584,04:47:57.584,blofin,ADA/USDT:USDT,0.8246,385.0,0.8248,506.0,0.8243,287767.33,
1753505277584,04:47:57.584,blofin,ADA/USDT:USDT,0.8246,385.0,0.8248,507.0,0.8243,287767.33,
1753505277584,04:47:57.584,blofin,ADA/USDT:USDT,0.8245,382.0,0.8248,517.0,0.8243,287767.33,
1753505277584,04:47:57.584,blofin,ADA/USDT:USDT,0.8245,382.0,0.8248,517.0,0.8243,287767.33,
1753505277584,04:47:57.584,blofin,ADA/USDT:USDT,0.8245,268.0,0.8248,517.0,0.8243,287767.33,
1753505277584,04:47:57.584,blofin,ADA/USDT:USDT,0.8245,266.0,0.8248,514.0,0.8243,287767.33,
1753505277584,04:47:57.584,blofin,ADA/USDT:USDT,0.8246,223.0,0.8248,1.0,0.8243,287767.33,
1753505277584,04:47:57.584,blofin,ADA/USDT:USDT,0.8246,223.0,0.8248,1.0,0.8243,287767.33,
1753505288579,04:48:08.579,blofin,ADA/USDT:USDT,0.8245,250.0,0.8248,541.0,0.8243,287586.94,
1753505288579,04:48:08.579,blofin,ADA/USDT:USDT,0.8245,255.0,0.8248,539.0,0.8243,287586.94,
1753505289653,04:48:09.653,blofin,ADA/USDT:USDT,0.8246,70.0,0.8248,1.0,0.8246,287601.94,
1753505289653,04:48:09.653,blofin,ADA/USDT:USDT,0.8246,70.0,0.8248,1.0,0.8246,287601.94,
1753505289653,04:48:09.653,blofin,ADA/USDT:USDT,0.8248,1280.0,0.825,266.01,0.8246,287601.94,
1753505289653,04:48:09.653,blofin,ADA/USDT:USDT,0.8248,1280.0,0.825,266.01,0.8246,287601.94,
1753505289653,04:48:09.653,blofin,ADA/USDT:USDT,0.8248,1280.0,0.8249,1.0,0.8246,287601.94,
1753505289653,04:48:09.653,blofin,ADA/USDT:USDT,0.8248,5.0,0.825,462.01,0.8246,287601.94,
1753505289653,04:48:09.653,blofin,ADA/USDT:USDT,0.8248,462.0,0.8249,4.0,0.8246,287601.94,
1753505289653,04:48:09.653,blofin,ADA/USDT:USDT,0.8248,462.0,0.8249,4.0,0.8246,287601.94,
1753505289653,04:48:09.653,blofin,ADA/USDT:USDT,0.8247,579.0,0.825,466.01,0.8246,287601.94,
1753505289653,04:48:09.653,blofin,ADA/USDT:USDT,0.8247,579.0,0.825,466.01,0.8246,287601.94,
1753505289653,04:48:09.653,blofin,ADA/USDT:USDT,0.8248,573.0,0.8249,2.0,0.8246,287601.94,
1753505289653,04:48:09.653,blofin,ADA/USDT:USDT,0.8248,575.0,0.825,386.01,0.8246,287601.94,
1753505289653,04:48:09.653,blofin,ADA/USDT:USDT,0.8248,575.0,0.825,386.01,0.8246,287601.94,
1753505289653,04:48:09.653,blofin,ADA/USDT:USDT,0.8248,575.0,0.825,386.01,0.8246,287601.94,
1753505289653,04:48:09.653,blofin,ADA/USDT:USDT,0.8247,600.0,0.8249,4.0,0.8246,287601.94,
1753505289653,04:48:09.653,blofin,ADA/USDT:USDT,0.8247,575.0,0.825,403.01,0.8246,287601.94,
1753505289653,04:48:09.653,blofin,ADA/USDT:USDT,0.8247,575.0,0.825,403.01,0.8246,287601.94,
1753505289653,04:48:09.653,blofin,ADA/USDT:USDT,0.8247,111.0,0.825,498.01,0.8246,287601.94,
1753505289653,04:48:09.653,blofin,ADA/USDT:USDT,0.8247,112.0,0.825,498.01,0.8246,287601.94,
1753505289653,04:48:09.653,blofin,ADA/USDT:USDT,0.8247,112.0,0.825,498.01,0.8246,287601.94,
1753505289653,04:48:09.653,blofin,ADA/USDT:USDT,0.8247,112.0,0.825,487.01,0.8246,287601.94,
1753505289653,04:48:09.653,blofin,ADA/USDT:USDT,0.8248,107.0,0.825,496.01,0.8246,287601.94,
1753505289653,04:48:09.653,blofin,ADA/USDT:USDT,0.8248,108.0,0.825,496.01,0.8246,287601.94,
1753505289653,04:48:09.653,blofin,ADA/USDT:USDT,0.8248,108.0,0.825,496.01,0.8246,287601.94,
1753505302444,04:48:22.444,blofin,ADA/USDT:USDT,0.8248,111.0,0.8249,3.0,0.8248,287606.94,
1753505302444,04:48:22.444,blofin,ADA/USDT:USDT,0.8245,302.0,0.8248,527.0,0.8248,287606.94,
1753505302444,04:48:22.444,blofin,ADA/USDT:USDT,0.8245,302.0,0.8248,527.0,0.8248,287606.94,
1753505302444,04:48:22.444,blofin,ADA/USDT:USDT,0.8246,316.0,0.8248,1.0,0.8248,287606.94,
1753505302444,04:48:22.444,blofin,ADA/USDT:USDT,0.8246,316.0,0.8249,454.0,0.8248,287606.94,
1753505302444,04:48:22.444,blofin,ADA/USDT:USDT,0.8246,316.0,0.8249,454.0,0.8248,287606.94,
1753505302444,04:48:22.444,blofin,ADA/USDT:USDT,0.8247,350.0,0.8248,772.0,0.8248,287606.94,
1753505302444,04:48:22.444,blofin,ADA/USDT:USDT,0.8245,372.0,0.8248,365.0,0.8248,287606.94,
1753505302444,04:48:22.444,blofin,ADA/USDT:USDT,0.8245,372.0,0.8248,365.0,0.8248,287606.94,
1753505302444,04:48:22.444,blofin,ADA/USDT:USDT,0.8245,374.0,0.8248,365.0,0.8248,287606.94,
1753505302444,04:48:22.444,blofin,ADA/USDT:USDT,0.8245,365.0,0.8248,391.0,0.8248,287606.94,
1753505302444,04:48:22.444,blofin,ADA/USDT:USDT,0.8245,365.0,0.8248,391.0,0.8248,287606.94,
1753505302444,04:48:22.444,blofin,ADA/USDT:USDT,0.8246,330.0,0.8248,6.0,0.8248,287606.94,
1753505302444,04:48:22.444,blofin,ADA/USDT:USDT,0.8246,3.0,0.8248,575.0,0.8248,287606.94,
1753505302444,04:48:22.444,blofin,ADA/USDT:USDT,0.8246,3.0,0.8248,575.0,0.8248,287606.94,
1753505302444,04:48:22.444,blofin,ADA/USDT:USDT,0.8246,3.0,0.8248,575.0,0.8248,287606.94,
1753505310345,04:48:30.345,blofin,ADA/USDT:USDT,0.8246,3.0,0.8248,581.0,0.8246,287621.94,
1753505310345,04:48:30.345,blofin,ADA/USDT:USDT,0.8246,3.0,0.8248,581.0,0.8246,287621.94,
1753505310345,04:48:30.345,blofin,ADA/USDT:USDT,0.8246,3.0,0.8247,804.0,0.8246,287621.94,
1753505310345,04:48:30.345,blofin,ADA/USDT:USDT,0.8245,1.0,0.8247,806.0,0.8246,287621.94,
1753505310345,04:48:30.345,blofin,ADA/USDT:USDT,0.8245,1.0,0.8247,806.0,0.8246,287621.94,
1753505310345,04:48:30.345,blofin,ADA/USDT:USDT,0.8245,1.0,0.8247,19.0,0.8246,287621.94,
1753505310345,04:48:30.345,blofin,ADA/USDT:USDT,0.8245,930.0,0.8247,11.0,0.8246,287621.94,
1753505310345,04:48:30.345,blofin,ADA/USDT:USDT,0.8245,930.0,0.8247,11.0,0.8246,287621.94,
1753505310345,04:48:30.345,blofin,ADA/USDT:USDT,0.8245,921.0,0.8247,14.0,0.8246,287621.94,
1753505310345,04:48:30.345,blofin,ADA/USDT:USDT,0.8245,921.0,0.8247,14.0,0.8246,287621.94,
1753505310345,04:48:30.345,blofin,ADA/USDT:USDT,0.8245,921.0,0.8247,14.0,0.8246,287621.94,
1753505310345,04:48:30.345,blofin,ADA/USDT:USDT,0.8245,5.0,0.8247,23.0,0.8246,287621.94,
1753505310345,04:48:30.345,blofin,ADA/USDT:USDT,0.8245,1.0,0.8247,27.0,0.8246,287621.94,
1753505310345,04:48:30.345,blofin,ADA/USDT:USDT,0.8245,1.0,0.8247,27.0,0.8246,287621.94,
1753505310345,04:48:30.345,blofin,ADA/USDT:USDT,0.8245,1.0,0.8247,88.0,0.8246,287621.94,
1753505310345,04:48:30.345,blofin,ADA/USDT:USDT,0.8245,1.0,0.8247,89.0,0.8246,287621.94,
1753505310345,04:48:30.345,blofin,ADA/USDT:USDT,0.8245,1.0,0.8247,46.0,0.8246,287621.94,
1753505310345,04:48:30.345,blofin,ADA/USDT:USDT,0.8245,1.0,0.8247,46.0,0.8246,287621.94,
1753505310345,04:48:30.345,blofin,ADA/USDT:USDT,0.8245,1.0,0.8247,46.0,0.8246,287621.94,
1753505310345,04:48:30.345,blofin,ADA/USDT:USDT,0.8245,1.0,0.8247,77.0,0.8246,287621.94,
1753505310345,04:48:30.345,blofin,ADA/USDT:USDT,0.8245,1.0,0.8247,316.0,0.8246,287621.94,
1753505310345,04:48:30.345,blofin,ADA/USDT:USDT,0.8245,1.0,0.8247,316.0,0.8246,287621.94,
1753505310345,04:48:30.345,blofin,ADA/USDT:USDT,0.8245,1.0,0.8247,316.0,0.8246,287621.94,
1753505310345,04:48:30.345,blofin,ADA/USDT:USDT,0.8245,1.0,0.8247,316.0,0.8246,287621.94,
1753505310345,04:48:30.345,blofin,ADA/USDT:USDT,0.8245,467.0,0.8247,326.0,0.8246,287621.94,
1753505310345,04:48:30.345,blofin,ADA/USDT:USDT,0.8245,547.0,0.8247,4.0,0.8246,287621.94,
1753505310345,04:48:30.345,blofin,ADA/USDT:USDT,0.8245,547.0,0.8248,81.0,0.8246,287621.94,
1753505310345,04:48:30.345,blofin,ADA/USDT:USDT,0.8245,547.0,0.8248,81.0,0.8246,287621.94,
1753505310345,04:48:30.345,blofin,ADA/USDT:USDT,0.8245,584.0,0.8248,21.0,0.8246,287621.94,
1753505310345,04:48:30.345,blofin,ADA/USDT:USDT,0.8245,674.0,0.8248,489.0,0.8246,287621.94,
1753505310345,04:48:30.345,blofin,ADA/USDT:USDT,0.8245,674.0,0.8248,489.0,0.8246,287621.94,
1753505310345,04:48:30.345,blofin,ADA/USDT:USDT,0.8245,674.0,0.8248,489.0,0.8246,287621.94,
1753505310345,04:48:30.345,blofin,ADA/USDT:USDT,0.8247,2.0,0.8248,2.0,0.8246,287621.94,
1753505310345,04:48:30.345,blofin,ADA/USDT:USDT,0.8247,2.0,0.8248,2.0,0.8246,287621.94,
1753505310345,04:48:30.345,blofin,ADA/USDT:USDT,0.8246,754.0,0.8248,2.0,0.8246,287621.94,
1753505310345,04:48:30.345,blofin,ADA/USDT:USDT,0.8246,643.0,0.8248,2.0,0.8246,287621.94,
1753505310345,04:48:30.345,blofin,ADA/USDT:USDT,0.8246,643.0,0.8248,2.0,0.8246,287621.94,
1753505310345,04:48:30.345,blofin,ADA/USDT:USDT,0.8246,643.0,0.8248,2.0,0.8246,287621.94,
1753505331059,04:48:51.059,blofin,ADA/USDT:USDT,0.8246,887.0,0.8248,2.0,0.8248,287627.94,
1753505331059,04:48:51.059,blofin,ADA/USDT:USDT,0.8248,898.0,0.8249,5.0,0.8248,287627.94,
1753505331059,04:48:51.059,blofin,ADA/USDT:USDT,0.8248,898.0,0.8249,5.0,0.8248,287627.94,
1753505331059,04:48:51.059,blofin,ADA/USDT:USDT,0.8247,1304.0,0.825,14.01,0.8248,287627.94,
1753505331059,04:48:51.059,blofin,ADA/USDT:USDT,0.8248,1167.0,0.825,15.01,0.8248,287627.94,
1753505331059,04:48:51.059,blofin,ADA/USDT:USDT,0.8248,1167.0,0.8249,1.0,0.8248,287627.94,
1753505331059,04:48:51.059,blofin,ADA/USDT:USDT,0.8248,1167.0,0.8249,1.0,0.8248,287627.94,
1753505331059,04:48:51.059,blofin,ADA/USDT:USDT,0.8248,1.0,0.825,191.01,0.8248,287627.94,
1753505331059,04:48:51.059,blofin,ADA/USDT:USDT,0.8248,1.0,0.825,15.01,0.8248,287627.94,
1753505331059,04:48:51.059,blofin,ADA/USDT:USDT,0.8248,1.0,0.825,15.01,0.8248,287627.94,
1753505331059,04:48:51.059,blofin,ADA/USDT:USDT,0.8248,1.0,0.825,15.01,0.8248,287627.94,
1753505331059,04:48:51.059,blofin,ADA/USDT:USDT,0.8247,422.0,0.825,504.01,0.8248,287627.94,
1753505331059,04:48:51.059,blofin,ADA/USDT:USDT,0.8247,424.0,0.825,507.01,0.8248,287627.94,
1753505331059,04:48:51.059,blofin,ADA/USDT:USDT,0.8247,19.0,0.825,610.01,0.8248,287627.94,
1753505331059,04:48:51.059,blofin,ADA/USDT:USDT,0.8247,19.0,0.825,610.01,0.8248,287627.94,
1753505331059,04:48:51.059,blofin,ADA/USDT:USDT,0.8247,2.0,0.8248,61.0,0.8248,287627.94,
1753505331059,04:48:51.059,blofin,ADA/USDT:USDT,0.8247,2.0,0.8248,880.0,0.8248,287627.94,
1753505331059,04:48:51.059,blofin,ADA/USDT:USDT,0.8247,2.0,0.8248,883.0,0.8248,287627.94,
1753505331059,04:48:51.059,blofin,ADA/USDT:USDT,0.8247,2.0,0.8248,873.0,0.8248,287627.94,
1753505331059,04:48:51.059,blofin,ADA/USDT:USDT,0.8247,2.0,0.8248,873.0,0.8248,287627.94,
1753505331059,04:48:51.059,blofin,ADA/USDT:USDT,0.8247,2.0,0.8248,890.0,0.8248,287627.94,
1753505331059,04:48:51.059,blofin,ADA/USDT:USDT,0.8247,2.0,0.8248,893.0,0.8248,287627.94,
1753505331059,04:48:51.059,blofin,ADA/USDT:USDT,0.8247,2.0,0.8248,891.0,0.8248,287627.94,
1753505331059,04:48:51.059,blofin,ADA/USDT:USDT,0.8247,2.0,0.8248,891.0,0.8248,287627.94,
1753505331059,04:48:51.059,blofin,ADA/USDT:USDT,0.8247,2.0,0.8248,599.0,0.8248,287627.94,
1753505331059,04:48:51.059,blofin,ADA/USDT:USDT,0.8247,2.0,0.8248,387.0,0.8248,287627.94,
1753505331059,04:48:51.059,blofin,ADA/USDT:USDT,0.8247,2.0,0.8248,387.0,0.8248,287627.94,
1753505331059,04:48:51.059,blofin,ADA/USDT:USDT,0.8247,2.0,0.8248,387.0,0.8248,287627.94,
1753505331059,04:48:51.059,blofin,ADA/USDT:USDT,0.8247,2.0,0.8248,448.0,0.8248,287627.94,
1753505331059,04:48:51.059,blofin,ADA/USDT:USDT,0.8247,2.0,0.8248,423.0,0.8248,287627.94,
1753505331059,04:48:51.059,blofin,ADA/USDT:USDT,0.8247,2.0,0.8248,423.0,0.8248,287627.94,
1753505331059,04:48:51.059,blofin,ADA/USDT:USDT,0.8247,2.0,0.8248,255.0,0.8248,287627.94,
1753505348579,04:49:08.579,blofin,ADA/USDT:USDT,0.8247,2.0,0.8248,255.0,0.8248,287174.05,
1753505348579,04:49:08.579,blofin,ADA/USDT:USDT,0.8247,2.0,0.8248,255.0,0.8248,287174.05,
1753505348579,04:49:08.579,blofin,ADA/USDT:USDT,0.8247,2.0,0.8248,4.0,0.8248,287174.05,
1753505348579,04:49:08.579,blofin,ADA/USDT:USDT,0.8247,2.0,0.8248,4.0,0.8248,287174.05,
1753505348579,04:49:08.579,blofin,ADA/USDT:USDT,0.8247,2.0,0.8248,4.0,0.8248,287174.05,
1753505348579,04:49:08.579,blofin,ADA/USDT:USDT,0.8247,2.0,0.8249,550.0,0.8248,287174.05,
1753505348579,04:49:08.579,blofin,ADA/USDT:USDT,0.8247,2.0,0.8249,5.0,0.8248,287174.05,
1753505348579,04:49:08.579,blofin,ADA/USDT:USDT,0.8249,1214.0,0.825,3.0,0.8248,287174.05,
1753505348579,04:49:08.579,blofin,ADA/USDT:USDT,0.8249,1214.0,0.825,3.0,0.8248,287174.05,
1753505348579,04:49:08.579,blofin,ADA/USDT:USDT,0.8249,1372.0,0.825,3.0,0.8248,287174.05,
1753505348579,04:49:08.579,blofin,ADA/USDT:USDT,0.8249,1372.0,0.825,3.0,0.8248,287174.05,
1753505348579,04:49:08.579,blofin,ADA/USDT:USDT,0.825,1129.0,0.8252,309.0,0.8248,287174.05,
1753505348579,04:49:08.579,blofin,ADA/USDT:USDT,0.825,1129.0,0.8252,309.0,0.8248,287174.05,
1753505348579,04:49:08.579,blofin,ADA/USDT:USDT,0.825,1131.0,0.8252,309.0,0.8248,287174.05,
1753505348579,04:49:08.579,blofin,ADA/USDT:USDT,0.8249,267.0,0.8252,713.0,0.8248,287174.05,
1753505348579,04:49:08.579,blofin,ADA/USDT:USDT,0.8249,30.0,0.8252,835.0,0.8248,287174.05,
1753505348579,04:49:08.579,blofin,ADA/USDT:USDT,0.825,306.0,0.8252,462.0,0.8248,287174.05,
1753505348579,04:49:08.579,blofin,ADA/USDT:USDT,0.825,306.0,0.8252,462.0,0.8248,287174.05,
1753505348579,04:49:08.579,blofin,ADA/USDT:USDT,0.825,306.0,0.8252,465.0,0.8248,287174.05,
1753505348579,04:49:08.579,blofin,ADA/USDT:USDT,0.825,43.0,0.8253,568.0,0.8248,287174.05,
