timestamp,time,exchange,symbol,bid,bidVolume,ask,askVolume,lastPrice,baseVolume,quoteVolume
1753507218567,05:20:18.567,blofin,ADA/USDT:USDT,0.8222,2.0,0.8223,977.0,0.8224,281014.88,
1753507218567,05:20:18.567,blofin,ADA/USDT:USDT,0.8222,2.0,0.8223,345.0,0.8224,281014.88,
1753507218567,05:20:18.567,blofin,ADA/USDT:USDT,0.8222,2.0,0.8223,14.0,0.8224,281014.88,
1753507218567,05:20:18.567,blofin,ADA/USDT:USDT,0.8222,2.0,0.8223,18.0,0.8224,281014.88,
1753507218567,05:20:18.567,blofin,ADA/USDT:USDT,0.8222,2.0,0.8223,21.0,0.8224,281014.88,
1753507218567,05:20:18.567,blofin,ADA/USDT:USDT,0.8222,2.0,0.8223,21.0,0.8224,281014.88,
1753507218567,05:20:18.567,blofin,ADA/USDT:USDT,0.8222,2.0,0.8223,21.0,0.8224,281014.88,
1753507218567,05:20:18.567,blofin,ADA/USDT:USDT,0.8222,2.0,0.8223,18.0,0.8224,281014.88,
1753507218567,05:20:18.567,blofin,ADA/USDT:USDT,0.8222,2.0,0.8223,18.0,0.8224,281014.88,
1753507218567,05:20:18.567,blofin,ADA/USDT:USDT,0.8222,2.0,0.8223,14.0,0.8224,281014.88,
1753507218567,05:20:18.567,blofin,ADA/USDT:USDT,0.8222,2.0,0.8223,16.0,0.8224,281014.88,
1753507218567,05:20:18.567,blofin,ADA/USDT:USDT,0.8222,2.0,0.8223,15.0,0.8224,281014.88,
1753507218567,05:20:18.567,blofin,ADA/USDT:USDT,0.8222,2.0,0.8223,15.0,0.8224,281014.88,
1753507218567,05:20:18.567,blofin,ADA/USDT:USDT,0.8222,2.0,0.8223,14.0,0.8224,281014.88,
1753507218567,05:20:18.567,blofin,ADA/USDT:USDT,0.8222,2.0,0.8223,14.0,0.8224,281014.88,
1753507218567,05:20:18.567,blofin,ADA/USDT:USDT,0.8222,2.0,0.8223,15.0,0.8224,281014.88,
1753507218567,05:20:18.567,blofin,ADA/USDT:USDT,0.8222,2.0,0.8223,15.0,0.8224,281014.88,
1753507218567,05:20:18.567,blofin,ADA/USDT:USDT,0.8222,2.0,0.8223,15.0,0.8224,281014.88,
1753507218567,05:20:18.567,blofin,ADA/USDT:USDT,0.8222,2.0,0.8223,3.0,0.8224,281014.88,
1753507218567,05:20:18.567,blofin,ADA/USDT:USDT,0.8222,2.0,0.8224,338.0,0.8224,281014.88,
1753507218567,05:20:18.567,blofin,ADA/USDT:USDT,0.8222,2.0,0.8224,338.0,0.8224,281014.88,
1753507218567,05:20:18.567,blofin,ADA/USDT:USDT,0.8222,2.0,0.8224,338.0,0.8224,281014.88,
1753507218567,05:20:18.567,blofin,ADA/USDT:USDT,0.8222,2.0,0.8223,370.0,0.8224,281014.88,
1753507218567,05:20:18.567,blofin,ADA/USDT:USDT,0.8222,2.0,0.8223,309.0,0.8224,281014.88,
1753507218567,05:20:18.567,blofin,ADA/USDT:USDT,0.8222,2.0,0.8223,309.0,0.8224,281014.88,
1753507218567,05:20:18.567,blofin,ADA/USDT:USDT,0.8222,2.0,0.8223,240.0,0.8224,281014.88,
1753507218567,05:20:18.567,blofin,ADA/USDT:USDT,0.8222,2.0,0.8223,239.0,0.8224,281014.88,
1753507218567,05:20:18.567,blofin,ADA/USDT:USDT,0.8222,2.0,0.8223,239.0,0.8224,281014.88,
1753507218567,05:20:18.567,blofin,ADA/USDT:USDT,0.8222,2.0,0.8223,270.0,0.8224,281014.88,
1753507218567,05:20:18.567,blofin,ADA/USDT:USDT,0.8222,2.0,0.8223,182.0,0.8224,281014.88,
1753507218567,05:20:18.567,blofin,ADA/USDT:USDT,0.8222,2.0,0.8223,182.0,0.8224,281014.88,
1753507218567,05:20:18.567,blofin,ADA/USDT:USDT,0.8222,2.0,0.8223,186.0,0.8224,281014.88,
1753507218567,05:20:18.567,blofin,ADA/USDT:USDT,0.8222,2.0,0.8223,187.0,0.8224,281014.88,
1753507218567,05:20:18.567,blofin,ADA/USDT:USDT,0.8222,2.0,0.8223,187.0,0.8224,281014.88,
1753507218567,05:20:18.567,blofin,ADA/USDT:USDT,0.822,519.0,0.8223,192.0,0.8224,281014.88,
1753507218567,05:20:18.567,blofin,ADA/USDT:USDT,0.822,519.0,0.8223,192.0,0.8224,281014.88,
1753507218567,05:20:18.567,blofin,ADA/USDT:USDT,0.8222,231.0,0.8223,3.0,0.8224,281014.88,
1753507218567,05:20:18.567,blofin,ADA/USDT:USDT,0.8222,235.0,0.8223,3.0,0.8224,281014.88,
1753507218567,05:20:18.567,blofin,ADA/USDT:USDT,0.8221,173.0,0.8223,3.0,0.8224,281014.88,
1753507218567,05:20:18.567,blofin,ADA/USDT:USDT,0.8221,173.0,0.8223,1.0,0.8224,281014.88,
1753507218567,05:20:18.567,blofin,ADA/USDT:USDT,0.8221,173.0,0.8223,1.0,0.8224,281014.88,
1753507218567,05:20:18.567,blofin,ADA/USDT:USDT,0.8221,46.0,0.8223,1.0,0.8224,281014.88,
1753507218567,05:20:18.567,blofin,ADA/USDT:USDT,0.8221,378.0,0.8223,1.0,0.8224,281014.88,
1753507218567,05:20:18.567,blofin,ADA/USDT:USDT,0.8221,378.0,0.8223,1.0,0.8224,281014.88,
1753507218567,05:20:18.567,blofin,ADA/USDT:USDT,0.8221,158.0,0.8223,1.0,0.8224,281014.88,
1753507218567,05:20:18.567,blofin,ADA/USDT:USDT,0.8221,161.0,0.8223,1.0,0.8224,281014.88,
1753507264655,05:21:04.655,blofin,ADA/USDT:USDT,0.8221,161.0,0.8223,1.0,0.8223,280897.51,
1753507264655,05:21:04.655,blofin,ADA/USDT:USDT,0.8222,383.0,0.8223,1.0,0.8223,280897.51,
1753507264655,05:21:04.655,blofin,ADA/USDT:USDT,0.8222,687.0,0.8223,1.0,0.8223,280897.51,
1753507264655,05:21:04.655,blofin,ADA/USDT:USDT,0.8222,685.0,0.8223,1.0,0.8223,280897.51,
1753507264655,05:21:04.655,blofin,ADA/USDT:USDT,0.8222,685.0,0.8223,1.0,0.8223,280897.51,
1753507264655,05:21:04.655,blofin,ADA/USDT:USDT,0.8223,79.0,0.8224,3.0,0.8223,280897.51,
1753507267449,05:21:07.449,blofin,ADA/USDT:USDT,0.8223,132.0,0.8226,489.0,0.8226,280911.51,
1753507267449,05:21:07.449,blofin,ADA/USDT:USDT,0.8224,629.0,0.8226,4.0,0.8226,280911.51,
1753507267449,05:21:07.449,blofin,ADA/USDT:USDT,0.8224,629.0,0.8226,4.0,0.8226,280911.51,
1753507267449,05:21:07.449,blofin,ADA/USDT:USDT,0.8225,162.0,0.8227,967.0,0.8226,280911.51,
1753507267449,05:21:07.449,blofin,ADA/USDT:USDT,0.8225,4.0,0.8226,1400.0,0.8226,280911.51,
1753507267449,05:21:07.449,blofin,ADA/USDT:USDT,0.8225,557.0,0.8227,200.0,0.8226,280911.51,
1753507267449,05:21:07.449,blofin,ADA/USDT:USDT,0.8225,4.0,0.8227,947.0,0.8226,280911.51,
1753507267449,05:21:07.449,blofin,ADA/USDT:USDT,0.8225,509.0,0.8227,857.0,0.8226,280911.51,
1753507267449,05:21:07.449,blofin,ADA/USDT:USDT,0.8225,509.0,0.8227,856.0,0.8226,280911.51,
1753507267449,05:21:07.449,blofin,ADA/USDT:USDT,0.8225,509.0,0.8227,856.0,0.8226,280911.51,
1753507267449,05:21:07.449,blofin,ADA/USDT:USDT,0.8225,563.0,0.8227,806.0,0.8226,280911.51,
1753507267449,05:21:07.449,blofin,ADA/USDT:USDT,0.8226,580.0,0.8228,509.0,0.8226,280911.51,
1753507267449,05:21:07.449,blofin,ADA/USDT:USDT,0.8225,609.0,0.8228,772.0,0.8226,280911.51,
1753507267449,05:21:07.449,blofin,ADA/USDT:USDT,0.8225,865.0,0.8228,593.0,0.8226,280911.51,
1753507267449,05:21:07.449,blofin,ADA/USDT:USDT,0.8225,865.0,0.8228,593.0,0.8226,280911.51,
1753507267449,05:21:07.449,blofin,ADA/USDT:USDT,0.8225,867.0,0.8228,752.0,0.8226,280911.51,
1753507267449,05:21:07.449,blofin,ADA/USDT:USDT,0.8225,867.0,0.8228,750.0,0.8226,280911.51,
1753507267449,05:21:07.449,blofin,ADA/USDT:USDT,0.8225,878.0,0.8228,947.0,0.8226,280911.51,
1753507267449,05:21:07.449,blofin,ADA/USDT:USDT,0.8225,878.0,0.8228,948.0,0.8226,280911.51,
1753507267449,05:21:07.449,blofin,ADA/USDT:USDT,0.8226,882.0,0.8228,673.0,0.8226,280911.51,
1753507267449,05:21:07.449,blofin,ADA/USDT:USDT,0.8226,882.0,0.8228,673.0,0.8226,280911.51,
1753507267449,05:21:07.449,blofin,ADA/USDT:USDT,0.8226,883.0,0.8228,672.0,0.8226,280911.51,
1753507267449,05:21:07.449,blofin,ADA/USDT:USDT,0.8225,901.0,0.8228,567.0,0.8226,280911.51,
1753507267449,05:21:07.449,blofin,ADA/USDT:USDT,0.8225,925.0,0.8228,567.0,0.8226,280911.51,
1753507267449,05:21:07.449,blofin,ADA/USDT:USDT,0.8225,926.0,0.8228,567.0,0.8226,280911.51,
1753507267449,05:21:07.449,blofin,ADA/USDT:USDT,0.8225,926.0,0.8228,567.0,0.8226,280911.51,
1753507281153,05:21:21.153,blofin,ADA/USDT:USDT,0.8225,948.0,0.8228,519.0,0.8228,280918.51,
1753507281153,05:21:21.153,blofin,ADA/USDT:USDT,0.8227,948.0,0.8228,522.0,0.8228,280918.51,
1753507281153,05:21:21.153,blofin,ADA/USDT:USDT,0.8227,953.0,0.8228,522.0,0.8228,280918.51,
1753507281153,05:21:21.153,blofin,ADA/USDT:USDT,0.8227,926.0,0.8228,513.0,0.8228,280918.51,
1753507281153,05:21:21.153,blofin,ADA/USDT:USDT,0.8227,924.0,0.8228,509.0,0.8228,280918.51,
1753507281153,05:21:21.153,blofin,ADA/USDT:USDT,0.8227,3.0,0.8228,509.0,0.8228,280918.51,
1753507281153,05:21:21.153,blofin,ADA/USDT:USDT,0.8227,917.0,0.8228,509.0,0.8228,280918.51,
1753507281153,05:21:21.153,blofin,ADA/USDT:USDT,0.8227,917.0,0.8228,509.0,0.8228,280918.51,
1753507281153,05:21:21.153,blofin,ADA/USDT:USDT,0.8227,917.0,0.8228,509.0,0.8228,280918.51,
1753507281153,05:21:21.153,blofin,ADA/USDT:USDT,0.8226,938.0,0.8228,509.0,0.8228,280918.51,
1753507281153,05:21:21.153,blofin,ADA/USDT:USDT,0.8226,917.0,0.8228,509.0,0.8228,280918.51,
1753507281153,05:21:21.153,blofin,ADA/USDT:USDT,0.8226,917.0,0.8228,509.0,0.8228,280918.51,
1753507281153,05:21:21.153,blofin,ADA/USDT:USDT,0.8226,917.0,0.8228,509.0,0.8228,280918.51,
1753507281153,05:21:21.153,blofin,ADA/USDT:USDT,0.8226,917.0,0.8228,509.0,0.8228,280918.51,
1753507281153,05:21:21.153,blofin,ADA/USDT:USDT,0.8226,917.0,0.8228,509.0,0.8228,280918.51,
1753507281153,05:21:21.153,blofin,ADA/USDT:USDT,0.8226,929.0,0.8229,18.0,0.8228,280918.51,
1753507281153,05:21:21.153,blofin,ADA/USDT:USDT,0.8226,520.0,0.8229,109.0,0.8228,280918.51,
1753507281153,05:21:21.153,blofin,ADA/USDT:USDT,0.8226,520.0,0.8229,109.0,0.8228,280918.51,
1753507281153,05:21:21.153,blofin,ADA/USDT:USDT,0.8227,696.0,0.8229,8.0,0.8228,280918.51,
1753507281153,05:21:21.153,blofin,ADA/USDT:USDT,0.8227,696.0,0.8229,8.0,0.8228,280918.51,
1753507281153,05:21:21.153,blofin,ADA/USDT:USDT,0.8226,299.0,0.8229,426.0,0.8228,280918.51,
1753507281153,05:21:21.153,blofin,ADA/USDT:USDT,0.8226,299.0,0.8229,429.0,0.8228,280918.51,
1753507281153,05:21:21.153,blofin,ADA/USDT:USDT,0.8226,160.0,0.8229,558.0,0.8228,280918.51,
1753507281153,05:21:21.153,blofin,ADA/USDT:USDT,0.8226,160.0,0.8229,558.0,0.8228,280918.51,
1753507281153,05:21:21.153,blofin,ADA/USDT:USDT,0.8226,160.0,0.8229,558.0,0.8228,280918.51,
1753507281153,05:21:21.153,blofin,ADA/USDT:USDT,0.8226,162.0,0.8229,556.0,0.8228,280918.51,
1753507281153,05:21:21.153,blofin,ADA/USDT:USDT,0.8226,163.0,0.8229,558.0,0.8228,280918.51,
1753507281153,05:21:21.153,blofin,ADA/USDT:USDT,0.8226,159.0,0.8229,555.0,0.8228,280918.51,
1753507281153,05:21:21.153,blofin,ADA/USDT:USDT,0.8226,159.0,0.8229,555.0,0.8228,280918.51,
1753507281153,05:21:21.153,blofin,ADA/USDT:USDT,0.8226,158.0,0.8229,552.0,0.8228,280918.51,
1753507281153,05:21:21.153,blofin,ADA/USDT:USDT,0.8226,4.0,0.8227,1437.0,0.8228,280918.51,
1753507281153,05:21:21.153,blofin,ADA/USDT:USDT,0.8226,3.0,0.8227,1437.0,0.8228,280918.51,
1753507281153,05:21:21.153,blofin,ADA/USDT:USDT,0.8226,3.0,0.8227,1437.0,0.8228,280918.51,
1753507281153,05:21:21.153,blofin,ADA/USDT:USDT,0.8226,3.0,0.8227,1288.0,0.8228,280918.51,
1753507281153,05:21:21.153,blofin,ADA/USDT:USDT,0.8226,3.0,0.8227,1291.0,0.8228,280918.51,
1753507281153,05:21:21.153,blofin,ADA/USDT:USDT,0.8226,3.0,0.8227,950.0,0.8228,280918.51,
1753507281153,05:21:21.153,blofin,ADA/USDT:USDT,0.8226,3.0,0.8227,950.0,0.8228,280918.51,
1753507281153,05:21:21.153,blofin,ADA/USDT:USDT,0.8226,3.0,0.8227,954.0,0.8228,280918.51,
1753507281153,05:21:21.153,blofin,ADA/USDT:USDT,0.8226,3.0,0.8227,955.0,0.8228,280918.51,
1753507281153,05:21:21.153,blofin,ADA/USDT:USDT,0.8226,3.0,0.8227,1069.0,0.8228,280918.51,
1753507281153,05:21:21.153,blofin,ADA/USDT:USDT,0.8226,3.0,0.8227,1073.0,0.8228,280918.51,
1753507281153,05:21:21.153,blofin,ADA/USDT:USDT,0.8226,3.0,0.8227,1073.0,0.8228,280918.51,
1753507281153,05:21:21.153,blofin,ADA/USDT:USDT,0.8226,3.0,0.8227,971.0,0.8228,280918.51,
1753507281153,05:21:21.153,blofin,ADA/USDT:USDT,0.8226,3.0,0.8227,967.0,0.8228,280918.51,
1753507281153,05:21:21.153,blofin,ADA/USDT:USDT,0.8226,3.0,0.8227,963.0,0.8228,280918.51,
1753507281153,05:21:21.153,blofin,ADA/USDT:USDT,0.8226,3.0,0.8227,963.0,0.8228,280918.51,
1753507305167,05:21:45.167,blofin,ADA/USDT:USDT,0.8226,3.0,0.8227,1071.0,0.8226,280929.51,
1753507305167,05:21:45.167,blofin,ADA/USDT:USDT,0.8224,2.0,0.8226,977.0,0.8226,280929.51,
1753507305167,05:21:45.167,blofin,ADA/USDT:USDT,0.8224,2.0,0.8226,981.0,0.8226,280929.51,
1753507305167,05:21:45.167,blofin,ADA/USDT:USDT,0.8224,2.0,0.8225,809.0,0.8226,280929.51,
1753507305167,05:21:45.167,blofin,ADA/USDT:USDT,0.8224,2.0,0.8225,809.0,0.8226,280929.51,
1753507305167,05:21:45.167,blofin,ADA/USDT:USDT,0.8224,2.0,0.8225,572.0,0.8226,280929.51,
1753507305167,05:21:45.167,blofin,ADA/USDT:USDT,0.8223,283.0,0.8225,572.0,0.8226,280929.51,
1753507305167,05:21:45.167,blofin,ADA/USDT:USDT,0.8223,283.0,0.8225,574.0,0.8226,280929.51,
1753507305167,05:21:45.167,blofin,ADA/USDT:USDT,0.8223,248.0,0.8225,582.0,0.8226,280929.51,
1753507305167,05:21:45.167,blofin,ADA/USDT:USDT,0.8223,63.0,0.8225,585.0,0.8226,280929.51,
1753507305167,05:21:45.167,blofin,ADA/USDT:USDT,0.8223,63.0,0.8225,585.0,0.8226,280929.51,
1753507305167,05:21:45.167,blofin,ADA/USDT:USDT,0.8223,67.0,0.8225,564.0,0.8226,280929.51,
1753507305167,05:21:45.167,blofin,ADA/USDT:USDT,0.8223,67.0,0.8225,566.0,0.8226,280929.51,
1753507305167,05:21:45.167,blofin,ADA/USDT:USDT,0.8223,4.0,0.8225,569.0,0.8226,280929.51,
1753507305167,05:21:45.167,blofin,ADA/USDT:USDT,0.8222,81.0,0.8225,568.0,0.8226,280929.51,
1753507305167,05:21:45.167,blofin,ADA/USDT:USDT,0.8222,81.0,0.8225,568.0,0.8226,280929.51,
1753507305167,05:21:45.167,blofin,ADA/USDT:USDT,0.8222,27.0,0.8225,674.0,0.8226,280929.51,
1753507305167,05:21:45.167,blofin,ADA/USDT:USDT,0.8222,27.0,0.8225,673.0,0.8226,280929.51,
1753507305167,05:21:45.167,blofin,ADA/USDT:USDT,0.8222,27.0,0.8225,670.0,0.8226,280929.51,
1753507305167,05:21:45.167,blofin,ADA/USDT:USDT,0.8223,27.0,0.8225,677.0,0.8226,280929.51,
1753507305167,05:21:45.167,blofin,ADA/USDT:USDT,0.8223,27.0,0.8225,681.0,0.8226,280929.51,
1753507305167,05:21:45.167,blofin,ADA/USDT:USDT,0.8223,27.0,0.8225,681.0,0.8226,280929.51,
1753507305167,05:21:45.167,blofin,ADA/USDT:USDT,0.8223,6.0,0.8225,684.0,0.8226,280929.51,
1753507305167,05:21:45.167,blofin,ADA/USDT:USDT,0.8222,80.0,0.8224,959.0,0.8226,280929.51,
1753507305167,05:21:45.167,blofin,ADA/USDT:USDT,0.8222,84.0,0.8224,959.0,0.8226,280929.51,
1753507305167,05:21:45.167,blofin,ADA/USDT:USDT,0.8222,1.0,0.8224,873.0,0.8226,280929.51,
1753507305167,05:21:45.167,blofin,ADA/USDT:USDT,0.8221,337.0,0.8224,873.0,0.8226,280929.51,
1753507305167,05:21:45.167,blofin,ADA/USDT:USDT,0.8221,337.0,0.8224,873.0,0.8226,280929.51,
1753507305167,05:21:45.167,blofin,ADA/USDT:USDT,0.8221,422.0,0.8224,489.0,0.8226,280929.51,
1753507305167,05:21:45.167,blofin,ADA/USDT:USDT,0.8222,399.0,0.8224,150.0,0.8226,280929.51,
1753507305167,05:21:45.167,blofin,ADA/USDT:USDT,0.8221,406.0,0.8224,113.0,0.8226,280929.51,
1753507305167,05:21:45.167,blofin,ADA/USDT:USDT,0.8221,406.0,0.8224,113.0,0.8226,280929.51,
1753507305167,05:21:45.167,blofin,ADA/USDT:USDT,0.8223,2.0,0.8224,6.0,0.8226,280929.51,
1753507305167,05:21:45.167,blofin,ADA/USDT:USDT,0.8222,324.0,0.8224,6.0,0.8226,280929.51,
1753507305167,05:21:45.167,blofin,ADA/USDT:USDT,0.8223,512.0,0.8224,6.0,0.8226,280929.51,
1753507305167,05:21:45.167,blofin,ADA/USDT:USDT,0.8223,512.0,0.8224,6.0,0.8226,280929.51,
1753507305167,05:21:45.167,blofin,ADA/USDT:USDT,0.8223,513.0,0.8224,1.0,0.8226,280929.51,
1753507305167,05:21:45.167,blofin,ADA/USDT:USDT,0.8223,4.0,0.8224,1.0,0.8226,280929.51,
1753507305167,05:21:45.167,blofin,ADA/USDT:USDT,0.8222,530.0,0.8224,1.0,0.8226,280929.51,
1753507305167,05:21:45.167,blofin,ADA/USDT:USDT,0.8222,530.0,0.8224,1.0,0.8226,280929.51,
1753507305167,05:21:45.167,blofin,ADA/USDT:USDT,0.8222,530.0,0.8224,1.0,0.8226,280929.51,
1753507305167,05:21:45.167,blofin,ADA/USDT:USDT,0.8222,535.0,0.8224,1.0,0.8226,280929.51,
1753507305167,05:21:45.167,blofin,ADA/USDT:USDT,0.8222,358.0,0.8224,1.0,0.8226,280929.51,
1753507305167,05:21:45.167,blofin,ADA/USDT:USDT,0.8222,356.0,0.8224,1.0,0.8226,280929.51,
1753507305167,05:21:45.167,blofin,ADA/USDT:USDT,0.8222,356.0,0.8224,1.0,0.8226,280929.51,
1753507305167,05:21:45.167,blofin,ADA/USDT:USDT,0.8222,527.0,0.8224,1.0,0.8226,280929.51,
1753507328580,05:22:08.580,blofin,ADA/USDT:USDT,0.8222,529.0,0.8224,1.0,0.8226,280758.16,
1753507328580,05:22:08.580,blofin,ADA/USDT:USDT,0.8224,529.0,0.8225,3.0,0.8226,280758.16,
1753507328580,05:22:08.580,blofin,ADA/USDT:USDT,0.8224,430.0,0.8225,3.0,0.8226,280758.16,
1753507328580,05:22:08.580,blofin,ADA/USDT:USDT,0.8224,428.0,0.8225,3.0,0.8226,280758.16,
1753507328580,05:22:08.580,blofin,ADA/USDT:USDT,0.8224,428.0,0.8225,3.0,0.8226,280758.16,
1753507328580,05:22:08.580,blofin,ADA/USDT:USDT,0.8223,610.0,0.8225,3.0,0.8226,280758.16,
1753507328580,05:22:08.580,blofin,ADA/USDT:USDT,0.8223,610.0,0.8226,751.0,0.8226,280758.16,
1753507328580,05:22:08.580,blofin,ADA/USDT:USDT,0.8223,454.0,0.8226,751.0,0.8226,280758.16,
1753507328580,05:22:08.580,blofin,ADA/USDT:USDT,0.8223,452.0,0.8226,547.0,0.8226,280758.16,
1753507328580,05:22:08.580,blofin,ADA/USDT:USDT,0.8223,452.0,0.8226,551.0,0.8226,280758.16,
1753507328580,05:22:08.580,blofin,ADA/USDT:USDT,0.8223,452.0,0.8226,551.0,0.8226,280758.16,
1753507328580,05:22:08.580,blofin,ADA/USDT:USDT,0.8223,498.0,0.8226,439.0,0.8226,280758.16,
1753507328580,05:22:08.580,blofin,ADA/USDT:USDT,0.8223,499.0,0.8226,237.0,0.8226,280758.16,
1753507328580,05:22:08.580,blofin,ADA/USDT:USDT,0.8223,499.0,0.8226,235.0,0.8226,280758.16,
1753507328580,05:22:08.580,blofin,ADA/USDT:USDT,0.8223,499.0,0.8226,235.0,0.8226,280758.16,
1753507328580,05:22:08.580,blofin,ADA/USDT:USDT,0.8223,498.0,0.8226,165.0,0.8226,280758.16,
1753507328580,05:22:08.580,blofin,ADA/USDT:USDT,0.8224,510.0,0.8226,189.0,0.8226,280758.16,
1753507328580,05:22:08.580,blofin,ADA/USDT:USDT,0.8224,510.0,0.8226,189.0,0.8226,280758.16,
1753507328580,05:22:08.580,blofin,ADA/USDT:USDT,0.8224,2.0,0.8226,163.0,0.8226,280758.16,
1753507337793,05:22:17.793,blofin,ADA/USDT:USDT,0.8223,512.0,0.8226,150.0,0.8226,280768.16,
1753507337793,05:22:17.793,blofin,ADA/USDT:USDT,0.8223,512.0,0.8226,150.0,0.8226,280768.16,
1753507337793,05:22:17.793,blofin,ADA/USDT:USDT,0.8223,517.0,0.8226,92.0,0.8226,280768.16,
1753507337793,05:22:17.793,blofin,ADA/USDT:USDT,0.8223,521.0,0.8226,132.0,0.8226,280768.16,
1753507337793,05:22:17.793,blofin,ADA/USDT:USDT,0.8223,521.0,0.8226,134.0,0.8226,280768.16,
1753507337793,05:22:17.793,blofin,ADA/USDT:USDT,0.8223,524.0,0.8226,373.0,0.8226,280768.16,
1753507337793,05:22:17.793,blofin,ADA/USDT:USDT,0.8223,524.0,0.8226,373.0,0.8226,280768.16,
1753507337793,05:22:17.793,blofin,ADA/USDT:USDT,0.8223,524.0,0.8226,373.0,0.8226,280768.16,
1753507337793,05:22:17.793,blofin,ADA/USDT:USDT,0.8223,525.0,0.8226,215.0,0.8226,280768.16,
1753507337793,05:22:17.793,blofin,ADA/USDT:USDT,0.8223,540.0,0.8226,93.0,0.8226,280768.16,
1753507337793,05:22:17.793,blofin,ADA/USDT:USDT,0.8223,543.0,0.8226,93.0,0.8226,280768.16,
1753507343467,05:22:23.467,blofin,ADA/USDT:USDT,0.8223,630.0,0.8226,5.0,0.8225,280769.16,
1753507343467,05:22:23.467,blofin,ADA/USDT:USDT,0.8223,630.0,0.8226,5.0,0.8225,280769.16,
1753507343467,05:22:23.467,blofin,ADA/USDT:USDT,0.8226,59.0,0.8229,1360.0,0.8225,280769.16,
1753507343467,05:22:23.467,blofin,ADA/USDT:USDT,0.8227,144.0,0.8229,998.0,0.8225,280769.16,
1753507343467,05:22:23.467,blofin,ADA/USDT:USDT,0.8227,163.0,0.8229,931.0,0.8225,280769.16,
1753507343467,05:22:23.467,blofin,ADA/USDT:USDT,0.8227,163.0,0.8229,931.0,0.8225,280769.16,
1753507343467,05:22:23.467,blofin,ADA/USDT:USDT,0.8227,163.0,0.8229,931.0,0.8225,280769.16,
1753507343467,05:22:23.467,blofin,ADA/USDT:USDT,0.8227,5.0,0.8229,930.0,0.8225,280769.16,
1753507343467,05:22:23.467,blofin,ADA/USDT:USDT,0.8227,5.0,0.8229,571.0,0.8225,280769.16,
1753507343467,05:22:23.467,blofin,ADA/USDT:USDT,0.8227,5.0,0.8229,569.0,0.8225,280769.16,
1753507343467,05:22:23.467,blofin,ADA/USDT:USDT,0.8227,5.0,0.8229,570.0,0.8225,280769.16,
1753507343467,05:22:23.467,blofin,ADA/USDT:USDT,0.8226,295.0,0.8229,332.0,0.8225,280769.16,
1753507343467,05:22:23.467,blofin,ADA/USDT:USDT,0.8226,295.0,0.8229,332.0,0.8225,280769.16,
1753507343467,05:22:23.467,blofin,ADA/USDT:USDT,0.8226,268.0,0.8229,384.0,0.8225,280769.16,
1753507343467,05:22:23.467,blofin,ADA/USDT:USDT,0.8226,280.0,0.8229,384.0,0.8225,280769.16,
1753507343467,05:22:23.467,blofin,ADA/USDT:USDT,0.8226,280.0,0.8229,384.0,0.8225,280769.16,
1753507343467,05:22:23.467,blofin,ADA/USDT:USDT,0.8226,280.0,0.8229,384.0,0.8225,280769.16,
1753507343467,05:22:23.467,blofin,ADA/USDT:USDT,0.8226,76.0,0.8229,565.0,0.8225,280769.16,
1753507343467,05:22:23.467,blofin,ADA/USDT:USDT,0.8226,108.0,0.8229,565.0,0.8225,280769.16,
1753507343467,05:22:23.467,blofin,ADA/USDT:USDT,0.8227,102.0,0.8229,4.0,0.8225,280769.16,
1753507343467,05:22:23.467,blofin,ADA/USDT:USDT,0.8226,209.0,0.8229,387.0,0.8225,280769.16,
1753507343467,05:22:23.467,blofin,ADA/USDT:USDT,0.8226,126.0,0.8229,424.0,0.8225,280769.16,
1753507343467,05:22:23.467,blofin,ADA/USDT:USDT,0.8226,124.0,0.8229,424.0,0.8225,280769.16,
1753507343467,05:22:23.467,blofin,ADA/USDT:USDT,0.8226,124.0,0.8229,424.0,0.8225,280769.16,
1753507343467,05:22:23.467,blofin,ADA/USDT:USDT,0.8226,113.0,0.8229,425.0,0.8225,280769.16,
1753507343467,05:22:23.467,blofin,ADA/USDT:USDT,0.8226,189.0,0.8229,391.0,0.8225,280769.16,
1753507343467,05:22:23.467,blofin,ADA/USDT:USDT,0.8226,189.0,0.8229,391.0,0.8225,280769.16,
1753507343467,05:22:23.467,blofin,ADA/USDT:USDT,0.8226,189.0,0.8229,391.0,0.8225,280769.16,
1753507343467,05:22:23.467,blofin,ADA/USDT:USDT,0.8226,268.0,0.8229,355.0,0.8225,280769.16,
1753507343467,05:22:23.467,blofin,ADA/USDT:USDT,0.8227,264.0,0.8229,413.0,0.8225,280769.16,
1753507343467,05:22:23.467,blofin,ADA/USDT:USDT,0.8227,1.0,0.8229,356.0,0.8225,280769.16,
1753507343467,05:22:23.467,blofin,ADA/USDT:USDT,0.8227,1.0,0.8229,356.0,0.8225,280769.16,
1753507343467,05:22:23.467,blofin,ADA/USDT:USDT,0.8226,241.0,0.8229,356.0,0.8225,280769.16,
1753507343467,05:22:23.467,blofin,ADA/USDT:USDT,0.8226,263.0,0.8229,354.0,0.8225,280769.16,
1753507343467,05:22:23.467,blofin,ADA/USDT:USDT,0.8226,343.0,0.8229,51.0,0.8225,280769.16,
1753507343467,05:22:23.467,blofin,ADA/USDT:USDT,0.8226,343.0,0.8229,51.0,0.8225,280769.16,
1753507343467,05:22:23.467,blofin,ADA/USDT:USDT,0.8226,335.0,0.8229,58.0,0.8225,280769.16,
1753507343467,05:22:23.467,blofin,ADA/USDT:USDT,0.8226,336.0,0.8229,84.0,0.8225,280769.16,
1753507343467,05:22:23.467,blofin,ADA/USDT:USDT,0.8226,336.0,0.8229,82.0,0.8225,280769.16,
1753507343467,05:22:23.467,blofin,ADA/USDT:USDT,0.8226,344.0,0.8229,81.0,0.8225,280769.16,
1753507343467,05:22:23.467,blofin,ADA/USDT:USDT,0.8226,344.0,0.8229,81.0,0.8225,280769.16,
1753507343467,05:22:23.467,blofin,ADA/USDT:USDT,0.8227,319.0,0.8229,4.0,0.8225,280769.16,
1753507343467,05:22:23.467,blofin,ADA/USDT:USDT,0.8227,319.0,0.8229,3.0,0.8225,280769.16,
1753507343467,05:22:23.467,blofin,ADA/USDT:USDT,0.8228,203.0,0.8229,3.0,0.8225,280769.16,
1753507343467,05:22:23.467,blofin,ADA/USDT:USDT,0.8228,203.0,0.8229,3.0,0.8225,280769.16,
1753507343467,05:22:23.467,blofin,ADA/USDT:USDT,0.8228,3.0,0.8229,3.0,0.8225,280769.16,
1753507343467,05:22:23.467,blofin,ADA/USDT:USDT,0.8228,3.0,0.8229,3.0,0.8225,280769.16,
1753507343467,05:22:23.467,blofin,ADA/USDT:USDT,0.8228,3.0,0.8229,3.0,0.8225,280769.16,
1753507343467,05:22:23.467,blofin,ADA/USDT:USDT,0.8228,3.0,0.8229,3.0,0.8225,280769.16,
1753507343467,05:22:23.467,blofin,ADA/USDT:USDT,0.8227,66.0,0.8229,3.0,0.8225,280769.16,
1753507343467,05:22:23.467,blofin,ADA/USDT:USDT,0.8227,66.0,0.8229,3.0,0.8225,280769.16,
1753507343467,05:22:23.467,blofin,ADA/USDT:USDT,0.8227,66.0,0.8229,3.0,0.8225,280769.16,
1753507343467,05:22:23.467,blofin,ADA/USDT:USDT,0.8228,64.0,0.8229,3.0,0.8225,280769.16,
1753507343467,05:22:23.467,blofin,ADA/USDT:USDT,0.8227,66.0,0.8229,3.0,0.8225,280769.16,
1753507343467,05:22:23.467,blofin,ADA/USDT:USDT,0.8227,66.0,0.8229,3.0,0.8225,280769.16,
1753507343467,05:22:23.467,blofin,ADA/USDT:USDT,0.8227,66.0,0.8229,3.0,0.8225,280769.16,
1753507343467,05:22:23.467,blofin,ADA/USDT:USDT,0.8227,68.0,0.8229,3.0,0.8225,280769.16,
1753507343467,05:22:23.467,blofin,ADA/USDT:USDT,0.8226,1.0,0.8227,628.0,0.8225,280769.16,
1753507343467,05:22:23.467,blofin,ADA/USDT:USDT,0.8226,1.0,0.8227,633.0,0.8225,280769.16,
1753507343467,05:22:23.467,blofin,ADA/USDT:USDT,0.8226,1.0,0.8228,645.0,0.8225,280769.16,
1753507343467,05:22:23.467,blofin,ADA/USDT:USDT,0.8226,1.0,0.8228,645.0,0.8225,280769.16,
1753507343467,05:22:23.467,blofin,ADA/USDT:USDT,0.8226,1.0,0.8227,661.0,0.8225,280769.16,
1753507343467,05:22:23.467,blofin,ADA/USDT:USDT,0.8226,1.0,0.8227,184.0,0.8225,280769.16,
1753507343467,05:22:23.467,blofin,ADA/USDT:USDT,0.8226,1.0,0.8227,181.0,0.8225,280769.16,
1753507343467,05:22:23.467,blofin,ADA/USDT:USDT,0.8226,1.0,0.8227,181.0,0.8225,280769.16,
1753507343467,05:22:23.467,blofin,ADA/USDT:USDT,0.8224,486.0,0.8227,191.0,0.8225,280769.16,
1753507343467,05:22:23.467,blofin,ADA/USDT:USDT,0.8224,508.0,0.8227,222.0,0.8225,280769.16,
1753507343467,05:22:23.467,blofin,ADA/USDT:USDT,0.8224,508.0,0.8227,225.0,0.8225,280769.16,
1753507380559,05:23:00.559,blofin,ADA/USDT:USDT,0.8224,508.0,0.8227,225.0,0.8226,280709.16,
1753507380559,05:23:00.559,blofin,ADA/USDT:USDT,0.8226,762.0,0.8227,8.0,0.8226,280709.16,
1753507380559,05:23:00.559,blofin,ADA/USDT:USDT,0.8227,412.0,0.8229,802.0,0.8226,280709.16,
1753507380559,05:23:00.559,blofin,ADA/USDT:USDT,0.8227,412.0,0.8229,801.0,0.8226,280709.16,
1753507380559,05:23:00.559,blofin,ADA/USDT:USDT,0.8227,412.0,0.8229,801.0,0.8226,280709.16,
1753507380559,05:23:00.559,blofin,ADA/USDT:USDT,0.8226,188.0,0.8229,641.0,0.8226,280709.16,
1753507380559,05:23:00.559,blofin,ADA/USDT:USDT,0.8226,186.0,0.8229,639.0,0.8226,280709.16,
1753507380559,05:23:00.559,blofin,ADA/USDT:USDT,0.8226,33.0,0.8229,625.0,0.8226,280709.16,
1753507380559,05:23:00.559,blofin,ADA/USDT:USDT,0.8227,77.0,0.8229,5.0,0.8226,280709.16,
1753507380559,05:23:00.559,blofin,ADA/USDT:USDT,0.8227,77.0,0.8229,5.0,0.8226,280709.16,
1753507380559,05:23:00.559,blofin,ADA/USDT:USDT,0.8227,77.0,0.823,522.0,0.8226,280709.16,
1753507380559,05:23:00.559,blofin,ADA/USDT:USDT,0.8227,36.0,0.8229,610.0,0.8226,280709.16,
1753507380559,05:23:00.559,blofin,ADA/USDT:USDT,0.8226,66.0,0.8229,507.0,0.8226,280709.16,
1753507380559,05:23:00.559,blofin,ADA/USDT:USDT,0.8226,66.0,0.8229,507.0,0.8226,280709.16,
1753507380559,05:23:00.559,blofin,ADA/USDT:USDT,0.8226,67.0,0.8229,502.0,0.8226,280709.16,
1753507380559,05:23:00.559,blofin,ADA/USDT:USDT,0.8226,67.0,0.8229,502.0,0.8226,280709.16,
1753507380559,05:23:00.559,blofin,ADA/USDT:USDT,0.8226,65.0,0.8229,505.0,0.8226,280709.16,
1753507380559,05:23:00.559,blofin,ADA/USDT:USDT,0.8226,48.0,0.8229,507.0,0.8226,280709.16,
1753507380559,05:23:00.559,blofin,ADA/USDT:USDT,0.8226,48.0,0.8229,507.0,0.8226,280709.16,
1753507380559,05:23:00.559,blofin,ADA/USDT:USDT,0.8227,178.0,0.8229,389.0,0.8226,280709.16,
1753507380559,05:23:00.559,blofin,ADA/USDT:USDT,0.8227,3.0,0.8229,371.0,0.8226,280709.16,
1753507380559,05:23:00.559,blofin,ADA/USDT:USDT,0.8227,3.0,0.8229,370.0,0.8226,280709.16,
1753507380559,05:23:00.559,blofin,ADA/USDT:USDT,0.8227,185.0,0.8229,312.0,0.8226,280709.16,
1753507380559,05:23:00.559,blofin,ADA/USDT:USDT,0.8227,185.0,0.8229,312.0,0.8226,280709.16,
1753507380559,05:23:00.559,blofin,ADA/USDT:USDT,0.8227,186.0,0.8229,312.0,0.8226,280709.16,
1753507380559,05:23:00.559,blofin,ADA/USDT:USDT,0.8227,186.0,0.8229,312.0,0.8226,280709.16,
1753507393457,05:23:13.457,blofin,ADA/USDT:USDT,0.8227,188.0,0.8229,314.0,0.8228,280711.16,
1753507393457,05:23:13.457,blofin,ADA/USDT:USDT,0.8227,3.0,0.8228,513.0,0.8228,280711.16,
1753507393457,05:23:13.457,blofin,ADA/USDT:USDT,0.8227,3.0,0.8228,513.0,0.8228,280711.16,
1753507393457,05:23:13.457,blofin,ADA/USDT:USDT,0.8227,3.0,0.8228,1352.0,0.8228,280711.16,
1753507393457,05:23:13.457,blofin,ADA/USDT:USDT,0.8225,67.0,0.8228,1366.0,0.8228,280711.16,
1753507393457,05:23:13.457,blofin,ADA/USDT:USDT,0.8225,67.0,0.8228,1366.0,0.8228,280711.16,
1753507393457,05:23:13.457,blofin,ADA/USDT:USDT,0.8225,269.0,0.8228,67.0,0.8228,280711.16,
1753507393457,05:23:13.457,blofin,ADA/USDT:USDT,0.8225,269.0,0.8228,67.0,0.8228,280711.16,
1753507393457,05:23:13.457,blofin,ADA/USDT:USDT,0.8225,269.0,0.8228,67.0,0.8228,280711.16,
1753507393457,05:23:13.457,blofin,ADA/USDT:USDT,0.8225,437.0,0.8228,45.0,0.8228,280711.16,
1753507393457,05:23:13.457,blofin,ADA/USDT:USDT,0.8225,439.0,0.8228,46.0,0.8228,280711.16,
1753507393457,05:23:13.457,blofin,ADA/USDT:USDT,0.8227,719.0,0.8228,4.0,0.8228,280711.16,
1753507393457,05:23:13.457,blofin,ADA/USDT:USDT,0.8227,97.0,0.823,1005.0,0.8228,280711.16,
1753507393457,05:23:13.457,blofin,ADA/USDT:USDT,0.8227,97.0,0.823,1004.0,0.8228,280711.16,
1753507393457,05:23:13.457,blofin,ADA/USDT:USDT,0.8227,97.0,0.823,1004.0,0.8228,280711.16,
1753507393457,05:23:13.457,blofin,ADA/USDT:USDT,0.8227,90.0,0.823,1284.0,0.8228,280711.16,
1753507393457,05:23:13.457,blofin,ADA/USDT:USDT,0.8228,148.0,0.823,840.0,0.8228,280711.16,
1753507393457,05:23:13.457,blofin,ADA/USDT:USDT,0.8228,148.0,0.823,840.0,0.8228,280711.16,
1753507393457,05:23:13.457,blofin,ADA/USDT:USDT,0.8228,148.0,0.823,840.0,0.8228,280711.16,
1753507393457,05:23:13.457,blofin,ADA/USDT:USDT,0.8228,4.0,0.823,111.0,0.8228,280711.16,
1753507393457,05:23:13.457,blofin,ADA/USDT:USDT,0.8227,320.0,0.823,113.0,0.8228,280711.16,
1753507393457,05:23:13.457,blofin,ADA/USDT:USDT,0.8227,168.0,0.823,347.0,0.8228,280711.16,
1753507393457,05:23:13.457,blofin,ADA/USDT:USDT,0.8228,79.0,0.823,3.0,0.8228,280711.16,
1753507393457,05:23:13.457,blofin,ADA/USDT:USDT,0.8228,79.0,0.823,3.0,0.8228,280711.16,
1753507393457,05:23:13.457,blofin,ADA/USDT:USDT,0.8228,79.0,0.823,3.0,0.8228,280711.16,
1753507405854,05:23:25.854,blofin,ADA/USDT:USDT,0.8227,70.0,0.823,468.0,0.8228,280711.24,
1753507405854,05:23:25.854,blofin,ADA/USDT:USDT,0.8227,1.0,0.8228,603.0,0.8228,280711.24,
1753507405854,05:23:25.854,blofin,ADA/USDT:USDT,0.8227,1.0,0.8228,603.0,0.8228,280711.24,
1753507405854,05:23:25.854,blofin,ADA/USDT:USDT,0.8227,1.0,0.8228,629.0,0.8228,280711.24,
1753507405854,05:23:25.854,blofin,ADA/USDT:USDT,0.8227,1.0,0.8228,629.0,0.8228,280711.24,
1753507405854,05:23:25.854,blofin,ADA/USDT:USDT,0.8226,75.0,0.8228,6.0,0.8228,280711.24,
1753507405854,05:23:25.854,blofin,ADA/USDT:USDT,0.8225,67.0,0.8228,629.0,0.8228,280711.24,
1753507405854,05:23:25.854,blofin,ADA/USDT:USDT,0.8225,67.0,0.8228,629.0,0.8228,280711.24,
1753507405854,05:23:25.854,blofin,ADA/USDT:USDT,0.8226,60.0,0.8228,628.0,0.8228,280711.24,
1753507405854,05:23:25.854,blofin,ADA/USDT:USDT,0.8226,60.0,0.8228,628.0,0.8228,280711.24,
1753507405854,05:23:25.854,blofin,ADA/USDT:USDT,0.8226,61.0,0.8228,628.0,0.8228,280711.24,
1753507405854,05:23:25.854,blofin,ADA/USDT:USDT,0.8226,1.0,0.8228,633.0,0.8228,280711.24,
1753507405854,05:23:25.854,blofin,ADA/USDT:USDT,0.8226,59.0,0.8228,724.0,0.8228,280711.24,
1753507405854,05:23:25.854,blofin,ADA/USDT:USDT,0.8226,1.0,0.8227,717.0,0.8228,280711.24,
1753507405854,05:23:25.854,blofin,ADA/USDT:USDT,0.8226,1.0,0.8227,717.0,0.8228,280711.24,
1753507405854,05:23:25.854,blofin,ADA/USDT:USDT,0.8225,4.0,0.8227,1284.0,0.8228,280711.24,
1753507405854,05:23:25.854,blofin,ADA/USDT:USDT,0.8225,4.0,0.8227,1291.0,0.8228,280711.24,
1753507405854,05:23:25.854,blofin,ADA/USDT:USDT,0.8225,4.0,0.8227,1291.0,0.8228,280711.24,
1753507405854,05:23:25.854,blofin,ADA/USDT:USDT,0.8225,273.0,0.8227,382.0,0.8228,280711.24,
1753507405854,05:23:25.854,blofin,ADA/USDT:USDT,0.8225,273.0,0.8227,382.0,0.8228,280711.24,
1753507405854,05:23:25.854,blofin,ADA/USDT:USDT,0.8225,277.0,0.8227,382.0,0.8228,280711.24,
1753507405854,05:23:25.854,blofin,ADA/USDT:USDT,0.8225,4.0,0.8227,373.0,0.8228,280711.24,
1753507405854,05:23:25.854,blofin,ADA/USDT:USDT,0.8225,4.0,0.8227,202.0,0.8228,280711.24,
1753507405854,05:23:25.854,blofin,ADA/USDT:USDT,0.8225,4.0,0.8227,202.0,0.8228,280711.24,
1753507405854,05:23:25.854,blofin,ADA/USDT:USDT,0.8225,481.0,0.8227,205.0,0.8228,280711.24,
1753507405854,05:23:25.854,blofin,ADA/USDT:USDT,0.8225,7.0,0.8227,175.0,0.8228,280711.24,
1753507405854,05:23:25.854,blofin,ADA/USDT:USDT,0.8225,7.0,0.8227,173.0,0.8228,280711.24,
1753507405854,05:23:25.854,blofin,ADA/USDT:USDT,0.8225,4.0,0.8227,157.0,0.8228,280711.24,
1753507405854,05:23:25.854,blofin,ADA/USDT:USDT,0.8225,4.0,0.8227,157.0,0.8228,280711.24,
1753507405854,05:23:25.854,blofin,ADA/USDT:USDT,0.8225,517.0,0.8227,152.0,0.8228,280711.24,
1753507405854,05:23:25.854,blofin,ADA/USDT:USDT,0.8225,6.0,0.8227,4.0,0.8228,280711.24,
1753507405854,05:23:25.854,blofin,ADA/USDT:USDT,0.8225,6.0,0.8227,4.0,0.8228,280711.24,
1753507405854,05:23:25.854,blofin,ADA/USDT:USDT,0.8225,579.0,0.8228,271.0,0.8228,280711.24,
1753507405854,05:23:25.854,blofin,ADA/USDT:USDT,0.8225,779.0,0.8228,470.0,0.8228,280711.24,
1753507405854,05:23:25.854,blofin,ADA/USDT:USDT,0.8226,772.0,0.8228,302.0,0.8228,280711.24,
1753507405854,05:23:25.854,blofin,ADA/USDT:USDT,0.8226,772.0,0.8228,301.0,0.8228,280711.24,
1753507405854,05:23:25.854,blofin,ADA/USDT:USDT,0.8225,281.0,0.8228,626.0,0.8228,280711.24,
1753507405854,05:23:25.854,blofin,ADA/USDT:USDT,0.8225,281.0,0.8228,626.0,0.8228,280711.24,
1753507405854,05:23:25.854,blofin,ADA/USDT:USDT,0.8225,362.0,0.8228,613.0,0.8228,280711.24,
1753507405854,05:23:25.854,blofin,ADA/USDT:USDT,0.8225,362.0,0.8228,613.0,0.8228,280711.24,
1753507405854,05:23:25.854,blofin,ADA/USDT:USDT,0.8225,366.0,0.8228,615.0,0.8228,280711.24,
1753507405854,05:23:25.854,blofin,ADA/USDT:USDT,0.8225,385.0,0.8228,571.0,0.8228,280711.24,
1753507405854,05:23:25.854,blofin,ADA/USDT:USDT,0.8225,384.0,0.8228,581.0,0.8228,280711.24,
1753507405854,05:23:25.854,blofin,ADA/USDT:USDT,0.8225,383.0,0.8228,581.0,0.8228,280711.24,
1753507405854,05:23:25.854,blofin,ADA/USDT:USDT,0.8226,528.0,0.8228,559.0,0.8228,280711.24,
1753507405854,05:23:25.854,blofin,ADA/USDT:USDT,0.8227,998.0,0.8228,5.0,0.8228,280711.24,
1753507405854,05:23:25.854,blofin,ADA/USDT:USDT,0.8227,998.0,0.8228,5.0,0.8228,280711.24,
1753507405854,05:23:25.854,blofin,ADA/USDT:USDT,0.8226,784.0,0.8228,5.0,0.8228,280711.24,
1753507405854,05:23:25.854,blofin,ADA/USDT:USDT,0.8226,784.0,0.8228,5.0,0.8228,280711.24,
1753507405854,05:23:25.854,blofin,ADA/USDT:USDT,0.8226,784.0,0.8228,5.0,0.8228,280711.24,
1753507405854,05:23:25.854,blofin,ADA/USDT:USDT,0.8226,740.0,0.8228,5.0,0.8228,280711.24,
1753507405854,05:23:25.854,blofin,ADA/USDT:USDT,0.8226,640.0,0.8228,5.0,0.8228,280711.24,
1753507405854,05:23:25.854,blofin,ADA/USDT:USDT,0.8226,640.0,0.8228,5.0,0.8228,280711.24,
1753507405854,05:23:25.854,blofin,ADA/USDT:USDT,0.8226,623.0,0.8228,5.0,0.8228,280711.24,
1753507405854,05:23:25.854,blofin,ADA/USDT:USDT,0.8226,623.0,0.8228,5.0,0.8228,280711.24,
1753507405854,05:23:25.854,blofin,ADA/USDT:USDT,0.8226,623.0,0.8228,5.0,0.8228,280711.24,
1753507405854,05:23:25.854,blofin,ADA/USDT:USDT,0.8227,783.0,0.8228,5.0,0.8228,280711.24,
1753507405854,05:23:25.854,blofin,ADA/USDT:USDT,0.8227,1.0,0.8228,5.0,0.8228,280711.24,
1753507405854,05:23:25.854,blofin,ADA/USDT:USDT,0.8227,1.0,0.8228,5.0,0.8228,280711.24,
1753507405854,05:23:25.854,blofin,ADA/USDT:USDT,0.8227,1.0,0.8228,5.0,0.8228,280711.24,
1753507405854,05:23:25.854,blofin,ADA/USDT:USDT,0.8227,809.0,0.8229,132.0,0.8228,280711.24,
1753507405854,05:23:25.854,blofin,ADA/USDT:USDT,0.8227,348.0,0.8229,3.0,0.8228,280711.24,
1753507405854,05:23:25.854,blofin,ADA/USDT:USDT,0.8227,348.0,0.8229,3.0,0.8228,280711.24,
1753507405854,05:23:25.854,blofin,ADA/USDT:USDT,0.8227,348.0,0.8229,3.0,0.8228,280711.24,
1753507405854,05:23:25.854,blofin,ADA/USDT:USDT,0.8227,270.0,0.8229,3.0,0.8228,280711.24,
1753507405854,05:23:25.854,blofin,ADA/USDT:USDT,0.8227,421.0,0.8229,3.0,0.8228,280711.24,
1753507405854,05:23:25.854,blofin,ADA/USDT:USDT,0.8227,420.0,0.8229,3.0,0.8228,280711.24,
1753507405854,05:23:25.854,blofin,ADA/USDT:USDT,0.8227,420.0,0.8229,3.0,0.8228,280711.24,
1753507405854,05:23:25.854,blofin,ADA/USDT:USDT,0.8227,571.0,0.8229,3.0,0.8228,280711.24,
1753507405854,05:23:25.854,blofin,ADA/USDT:USDT,0.8227,606.0,0.8229,3.0,0.8228,280711.24,
1753507405854,05:23:25.854,blofin,ADA/USDT:USDT,0.8227,605.0,0.8229,3.0,0.8228,280711.24,
1753507405854,05:23:25.854,blofin,ADA/USDT:USDT,0.8227,301.0,0.8229,3.0,0.8228,280711.24,
1753507405854,05:23:25.854,blofin,ADA/USDT:USDT,0.8227,301.0,0.8229,3.0,0.8228,280711.24,
1753507405854,05:23:25.854,blofin,ADA/USDT:USDT,0.8227,301.0,0.8229,3.0,0.8228,280711.24,
1753507405854,05:23:25.854,blofin,ADA/USDT:USDT,0.8227,313.0,0.8229,3.0,0.8228,280711.24,
1753507405854,05:23:25.854,blofin,ADA/USDT:USDT,0.8227,343.0,0.8229,3.0,0.8228,280711.24,
1753507405854,05:23:25.854,blofin,ADA/USDT:USDT,0.8227,344.0,0.8229,3.0,0.8228,280711.24,
1753507448579,05:24:08.579,blofin,ADA/USDT:USDT,0.8227,342.0,0.8229,3.0,0.8228,280643.24,
1753507448579,05:24:08.579,blofin,ADA/USDT:USDT,0.8227,342.0,0.8229,3.0,0.8228,280643.24,
1753507448579,05:24:08.579,blofin,ADA/USDT:USDT,0.8227,340.0,0.8229,3.0,0.8228,280643.24,
1753507448579,05:24:08.579,blofin,ADA/USDT:USDT,0.8227,345.0,0.8229,3.0,0.8228,280643.24,
1753507448579,05:24:08.579,blofin,ADA/USDT:USDT,0.8227,359.0,0.8229,3.0,0.8228,280643.24,
1753507448579,05:24:08.579,blofin,ADA/USDT:USDT,0.8227,344.0,0.8229,3.0,0.8228,280643.24,
1753507448579,05:24:08.579,blofin,ADA/USDT:USDT,0.8227,344.0,0.8229,3.0,0.8228,280643.24,
1753507448579,05:24:08.579,blofin,ADA/USDT:USDT,0.8227,343.0,0.8229,3.0,0.8228,280643.24,
1753507448579,05:24:08.579,blofin,ADA/USDT:USDT,0.8227,343.0,0.8229,3.0,0.8228,280643.24,
1753507448579,05:24:08.579,blofin,ADA/USDT:USDT,0.8227,346.0,0.8229,3.0,0.8228,280643.24,
1753507448579,05:24:08.579,blofin,ADA/USDT:USDT,0.8228,5.0,0.8229,3.0,0.8228,280643.24,
1753507448579,05:24:08.579,blofin,ADA/USDT:USDT,0.8228,5.0,0.8229,3.0,0.8228,280643.24,
1753507448579,05:24:08.579,blofin,ADA/USDT:USDT,0.8228,5.0,0.8229,3.0,0.8228,280643.24,
1753507448579,05:24:08.579,blofin,ADA/USDT:USDT,0.8227,348.0,0.8229,3.0,0.8228,280643.24,
1753507448579,05:24:08.579,blofin,ADA/USDT:USDT,0.8227,277.0,0.8229,3.0,0.8228,280643.24,
1753507448579,05:24:08.579,blofin,ADA/USDT:USDT,0.8227,277.0,0.8229,3.0,0.8228,280643.24,
1753507448579,05:24:08.579,blofin,ADA/USDT:USDT,0.8228,277.0,0.8229,3.0,0.8228,280643.24,
1753507448579,05:24:08.579,blofin,ADA/USDT:USDT,0.8228,277.0,0.8229,3.0,0.8228,280643.24,
1753507448579,05:24:08.579,blofin,ADA/USDT:USDT,0.8228,277.0,0.8229,3.0,0.8228,280643.24,
1753507448579,05:24:08.579,blofin,ADA/USDT:USDT,0.8227,312.0,0.8229,3.0,0.8228,280643.24,
1753507459617,05:24:19.617,blofin,ADA/USDT:USDT,0.8227,313.0,0.8229,3.0,0.823,280643.52,
1753507459617,05:24:19.617,blofin,ADA/USDT:USDT,0.8227,313.0,0.8229,3.0,0.823,280643.52,
1753507459617,05:24:19.617,blofin,ADA/USDT:USDT,0.8227,387.0,0.823,603.0,0.823,280643.52,
1753507459617,05:24:19.617,blofin,ADA/USDT:USDT,0.8227,387.0,0.823,603.0,0.823,280643.52,
1753507459617,05:24:19.617,blofin,ADA/USDT:USDT,0.8227,387.0,0.823,603.0,0.823,280643.52,
1753507459617,05:24:19.617,blofin,ADA/USDT:USDT,0.8227,389.0,0.823,598.0,0.823,280643.52,
1753507459617,05:24:19.617,blofin,ADA/USDT:USDT,0.8227,569.0,0.823,582.0,0.823,280643.52,
1753507459617,05:24:19.617,blofin,ADA/USDT:USDT,0.8227,569.0,0.823,582.0,0.823,280643.52,
1753507459617,05:24:19.617,blofin,ADA/USDT:USDT,0.8227,567.0,0.823,582.0,0.823,280643.52,
1753507459617,05:24:19.617,blofin,ADA/USDT:USDT,0.8228,584.0,0.823,232.0,0.823,280643.52,
1753507459617,05:24:19.617,blofin,ADA/USDT:USDT,0.8228,584.0,0.823,232.0,0.823,280643.52,
1753507459617,05:24:19.617,blofin,ADA/USDT:USDT,0.8227,401.0,0.823,520.0,0.823,280643.52,
1753507459617,05:24:19.617,blofin,ADA/USDT:USDT,0.8227,584.0,0.823,507.0,0.823,280643.52,
1753507459617,05:24:19.617,blofin,ADA/USDT:USDT,0.8227,584.0,0.823,507.0,0.823,280643.52,
1753507459617,05:24:19.617,blofin,ADA/USDT:USDT,0.8227,584.0,0.823,515.0,0.823,280643.52,
1753507459617,05:24:19.617,blofin,ADA/USDT:USDT,0.8227,584.0,0.823,515.0,0.823,280643.52,
1753507459617,05:24:19.617,blofin,ADA/USDT:USDT,0.8227,584.0,0.823,515.0,0.823,280643.52,
1753507459617,05:24:19.617,blofin,ADA/USDT:USDT,0.8228,621.0,0.823,3.0,0.823,280643.52,
1753507459617,05:24:19.617,blofin,ADA/USDT:USDT,0.8228,621.0,0.8231,146.0,0.823,280643.52,
1753507459617,05:24:19.617,blofin,ADA/USDT:USDT,0.8229,631.0,0.8231,118.0,0.823,280643.52,
1753507459617,05:24:19.617,blofin,ADA/USDT:USDT,0.8229,5.0,0.8231,20.0,0.823,280643.52,
1753507459617,05:24:19.617,blofin,ADA/USDT:USDT,0.8228,860.0,0.8231,20.0,0.823,280643.52,
1753507459617,05:24:19.617,blofin,ADA/USDT:USDT,0.8228,860.0,0.8231,20.0,0.823,280643.52,
1753507459617,05:24:19.617,blofin,ADA/USDT:USDT,0.8229,272.0,0.8231,4.0,0.823,280643.52,
1753507459617,05:24:19.617,blofin,ADA/USDT:USDT,0.8228,177.0,0.8231,665.0,0.823,280643.52,
1753507459617,05:24:19.617,blofin,ADA/USDT:USDT,0.8228,177.0,0.8231,667.0,0.823,280643.52,
1753507459617,05:24:19.617,blofin,ADA/USDT:USDT,0.8228,225.0,0.8231,669.0,0.823,280643.52,
1753507459617,05:24:19.617,blofin,ADA/USDT:USDT,0.8228,225.0,0.8231,669.0,0.823,280643.52,
1753507459617,05:24:19.617,blofin,ADA/USDT:USDT,0.8228,227.0,0.8231,669.0,0.823,280643.52,
1753507459617,05:24:19.617,blofin,ADA/USDT:USDT,0.8228,225.0,0.8231,566.0,0.823,280643.52,
1753507459617,05:24:19.617,blofin,ADA/USDT:USDT,0.8228,232.0,0.8231,552.0,0.823,280643.52,
1753507459617,05:24:19.617,blofin,ADA/USDT:USDT,0.8228,232.0,0.8231,552.0,0.823,280643.52,
1753507459617,05:24:19.617,blofin,ADA/USDT:USDT,0.8228,232.0,0.8231,552.0,0.823,280643.52,
1753507459617,05:24:19.617,blofin,ADA/USDT:USDT,0.8228,233.0,0.8231,564.0,0.823,280643.52,
1753507459617,05:24:19.617,blofin,ADA/USDT:USDT,0.8228,234.0,0.8231,387.0,0.823,280643.52,
1753507459617,05:24:19.617,blofin,ADA/USDT:USDT,0.8228,234.0,0.8231,386.0,0.823,280643.52,
1753507459617,05:24:19.617,blofin,ADA/USDT:USDT,0.8228,235.0,0.8231,388.0,0.823,280643.52,
1753507459617,05:24:19.617,blofin,ADA/USDT:USDT,0.8228,235.0,0.8231,388.0,0.823,280643.52,
1753507459617,05:24:19.617,blofin,ADA/USDT:USDT,0.8229,204.0,0.8231,495.0,0.823,280643.52,
1753507459617,05:24:19.617,blofin,ADA/USDT:USDT,0.8228,1.0,0.823,498.0,0.823,280643.52,
1753507459617,05:24:19.617,blofin,ADA/USDT:USDT,0.8228,1.0,0.823,1479.0,0.823,280643.52,
1753507459617,05:24:19.617,blofin,ADA/USDT:USDT,0.8228,1.0,0.823,1479.0,0.823,280643.52,
1753507459617,05:24:19.617,blofin,ADA/USDT:USDT,0.8228,1.0,0.823,1484.0,0.823,280643.52,
1753507459617,05:24:19.617,blofin,ADA/USDT:USDT,0.8228,1.0,0.823,1483.0,0.823,280643.52,
1753507459617,05:24:19.617,blofin,ADA/USDT:USDT,0.8228,294.0,0.823,1485.0,0.823,280643.52,
1753507459617,05:24:19.617,blofin,ADA/USDT:USDT,0.8228,1.0,0.823,1483.0,0.823,280643.52,
1753507459617,05:24:19.617,blofin,ADA/USDT:USDT,0.8228,1.0,0.823,1483.0,0.823,280643.52,
1753507483955,05:24:43.955,blofin,ADA/USDT:USDT,0.8228,1.0,0.823,1483.0,0.8224,280657.52,
1753507483955,05:24:43.955,blofin,ADA/USDT:USDT,0.8224,1068.0,0.8227,865.0,0.8224,280657.52,
1753507483955,05:24:43.955,blofin,ADA/USDT:USDT,0.8224,1043.0,0.8226,1218.0,0.8224,280657.52,
1753507483955,05:24:43.955,blofin,ADA/USDT:USDT,0.8224,1043.0,0.8226,1218.0,0.8224,280657.52,
1753507483955,05:24:43.955,blofin,ADA/USDT:USDT,0.8224,972.0,0.8226,372.0,0.8224,280657.52,
1753507483955,05:24:43.955,blofin,ADA/USDT:USDT,0.8224,972.0,0.8226,373.0,0.8224,280657.52,
1753507483955,05:24:43.955,blofin,ADA/USDT:USDT,0.8224,972.0,0.8226,373.0,0.8224,280657.52,
1753507483955,05:24:43.955,blofin,ADA/USDT:USDT,0.8224,972.0,0.8226,279.0,0.8224,280657.52,
1753507483955,05:24:43.955,blofin,ADA/USDT:USDT,0.8224,1411.0,0.8226,5.0,0.8224,280657.52,
1753507483955,05:24:43.955,blofin,ADA/USDT:USDT,0.8224,1412.0,0.8227,190.0,0.8224,280657.52,
1753507483955,05:24:43.955,blofin,ADA/USDT:USDT,0.8224,972.0,0.8226,384.0,0.8224,280657.52,
1753507483955,05:24:43.955,blofin,ADA/USDT:USDT,0.8224,972.0,0.8226,385.0,0.8224,280657.52,
1753507483955,05:24:43.955,blofin,ADA/USDT:USDT,0.8224,972.0,0.8226,385.0,0.8224,280657.52,
1753507483955,05:24:43.955,blofin,ADA/USDT:USDT,0.8224,972.0,0.8226,385.0,0.8224,280657.52,
1753507483955,05:24:43.955,blofin,ADA/USDT:USDT,0.8224,972.0,0.8226,517.0,0.8224,280657.52,
1753507483955,05:24:43.955,blofin,ADA/USDT:USDT,0.8224,972.0,0.8226,437.0,0.8224,280657.52,
1753507483955,05:24:43.955,blofin,ADA/USDT:USDT,0.8224,972.0,0.8226,437.0,0.8224,280657.52,
1753507483955,05:24:43.955,blofin,ADA/USDT:USDT,0.8224,972.0,0.8226,437.0,0.8224,280657.52,
1753507483955,05:24:43.955,blofin,ADA/USDT:USDT,0.8224,972.0,0.8226,196.0,0.8224,280657.52,
1753507483955,05:24:43.955,blofin,ADA/USDT:USDT,0.8224,1368.0,0.8226,74.0,0.8224,280657.52,
1753507483955,05:24:43.955,blofin,ADA/USDT:USDT,0.8224,1368.0,0.8226,74.0,0.8224,280657.52,
1753507483955,05:24:43.955,blofin,ADA/USDT:USDT,0.8224,1368.0,0.8226,77.0,0.8224,280657.52,
1753507483955,05:24:43.955,blofin,ADA/USDT:USDT,0.8224,972.0,0.8226,75.0,0.8224,280657.52,
1753507483955,05:24:43.955,blofin,ADA/USDT:USDT,0.8224,972.0,0.8226,75.0,0.8224,280657.52,
1753507483955,05:24:43.955,blofin,ADA/USDT:USDT,0.8225,412.0,0.8226,1.0,0.8224,280657.52,
1753507483955,05:24:43.955,blofin,ADA/USDT:USDT,0.8226,829.0,0.8228,9.0,0.8224,280657.52,
1753507483955,05:24:43.955,blofin,ADA/USDT:USDT,0.8226,829.0,0.8228,9.0,0.8224,280657.52,
1753507483955,05:24:43.955,blofin,ADA/USDT:USDT,0.8226,827.0,0.8228,9.0,0.8224,280657.52,
1753507483955,05:24:43.955,blofin,ADA/USDT:USDT,0.8225,854.0,0.8228,21.0,0.8224,280657.52,
1753507483955,05:24:43.955,blofin,ADA/USDT:USDT,0.8225,800.0,0.8228,26.0,0.8224,280657.52,
1753507483955,05:24:43.955,blofin,ADA/USDT:USDT,0.8225,800.0,0.8228,26.0,0.8224,280657.52,
1753507483955,05:24:43.955,blofin,ADA/USDT:USDT,0.8225,798.0,0.8228,26.0,0.8224,280657.52,
1753507483955,05:24:43.955,blofin,ADA/USDT:USDT,0.8225,802.0,0.8228,7.0,0.8224,280657.52,
1753507483955,05:24:43.955,blofin,ADA/USDT:USDT,0.8226,778.0,0.8228,244.0,0.8224,280657.52,
1753507483955,05:24:43.955,blofin,ADA/USDT:USDT,0.8226,5.0,0.8228,292.0,0.8224,280657.52,
1753507483955,05:24:43.955,blofin,ADA/USDT:USDT,0.8226,5.0,0.8228,292.0,0.8224,280657.52,
1753507483955,05:24:43.955,blofin,ADA/USDT:USDT,0.8226,5.0,0.8228,292.0,0.8224,280657.52,
1753507483955,05:24:43.955,blofin,ADA/USDT:USDT,0.8226,5.0,0.8228,231.0,0.8224,280657.52,
1753507483955,05:24:43.955,blofin,ADA/USDT:USDT,0.8226,701.0,0.8228,3.0,0.8224,280657.52,
1753507483955,05:24:43.955,blofin,ADA/USDT:USDT,0.8226,701.0,0.8228,1.0,0.8224,280657.52,
1753507483955,05:24:43.955,blofin,ADA/USDT:USDT,0.8226,701.0,0.8228,1.0,0.8224,280657.52,
1753507483955,05:24:43.955,blofin,ADA/USDT:USDT,0.8226,2.0,0.8228,218.0,0.8224,280657.52,
1753507483955,05:24:43.955,blofin,ADA/USDT:USDT,0.8226,728.0,0.8228,16.0,0.8224,280657.52,
1753507483955,05:24:43.955,blofin,ADA/USDT:USDT,0.8226,728.0,0.8228,16.0,0.8224,280657.52,
1753507483955,05:24:43.955,blofin,ADA/USDT:USDT,0.8226,728.0,0.8228,16.0,0.8224,280657.52,
1753507483955,05:24:43.955,blofin,ADA/USDT:USDT,0.8226,877.0,0.8228,1.0,0.8224,280657.52,
1753507483955,05:24:43.955,blofin,ADA/USDT:USDT,0.8226,892.0,0.8228,1.0,0.8224,280657.52,
1753507508579,05:25:08.579,blofin,ADA/USDT:USDT,0.8226,892.0,0.8228,1.0,0.8224,280573.51,
1753507508579,05:25:08.579,blofin,ADA/USDT:USDT,0.8226,903.0,0.8228,1.0,0.8224,280573.51,
1753507508579,05:25:08.579,blofin,ADA/USDT:USDT,0.8227,907.0,0.8228,1.0,0.8224,280573.51,
1753507508579,05:25:08.579,blofin,ADA/USDT:USDT,0.8227,907.0,0.8228,1.0,0.8224,280573.51,
1753507508579,05:25:08.579,blofin,ADA/USDT:USDT,0.8227,948.0,0.8228,1.0,0.8224,280573.51,
1753507508579,05:25:08.579,blofin,ADA/USDT:USDT,0.8228,973.0,0.823,2.0,0.8224,280573.51,
1753507508579,05:25:08.579,blofin,ADA/USDT:USDT,0.8228,973.0,0.823,2.0,0.8224,280573.51,
1753507508579,05:25:08.579,blofin,ADA/USDT:USDT,0.8228,973.0,0.8231,20.0,0.8224,280573.51,
1753507508579,05:25:08.579,blofin,ADA/USDT:USDT,0.8228,599.0,0.8231,382.0,0.8224,280573.51,
1753507508579,05:25:08.579,blofin,ADA/USDT:USDT,0.8229,595.0,0.8231,353.0,0.8224,280573.51,
1753507508579,05:25:08.579,blofin,ADA/USDT:USDT,0.8229,595.0,0.8231,353.0,0.8224,280573.51,
1753507508579,05:25:08.579,blofin,ADA/USDT:USDT,0.8229,595.0,0.8231,351.0,0.8224,280573.51,
1753507508579,05:25:08.579,blofin,ADA/USDT:USDT,0.8229,1.0,0.8231,172.0,0.8224,280573.51,
1753507508579,05:25:08.579,blofin,ADA/USDT:USDT,0.8229,1.0,0.8231,163.0,0.8224,280573.51,
1753507508579,05:25:08.579,blofin,ADA/USDT:USDT,0.8229,1.0,0.8231,163.0,0.8224,280573.51,
1753507508579,05:25:08.579,blofin,ADA/USDT:USDT,0.8229,1.0,0.8231,163.0,0.8224,280573.51,
1753507508579,05:25:08.579,blofin,ADA/USDT:USDT,0.8229,1.0,0.8231,81.0,0.8224,280573.51,
1753507508579,05:25:08.579,blofin,ADA/USDT:USDT,0.8229,1.0,0.8231,73.0,0.8224,280573.51,
1753507508579,05:25:08.579,blofin,ADA/USDT:USDT,0.8229,1.0,0.8231,75.0,0.8224,280573.51,
1753507508579,05:25:08.579,blofin,ADA/USDT:USDT,0.8228,738.0,0.8231,31.0,0.8224,280573.51,
1753507508579,05:25:08.579,blofin,ADA/USDT:USDT,0.8228,550.0,0.8231,270.0,0.8224,280573.51,
1753507508579,05:25:08.579,blofin,ADA/USDT:USDT,0.8228,550.0,0.8231,269.0,0.8224,280573.51,
1753507508579,05:25:08.579,blofin,ADA/USDT:USDT,0.8228,149.0,0.8231,450.0,0.8224,280573.51,
1753507508579,05:25:08.579,blofin,ADA/USDT:USDT,0.8229,90.0,0.8232,468.0,0.8224,280573.51,
1753507508579,05:25:08.579,blofin,ADA/USDT:USDT,0.8229,157.0,0.8232,447.0,0.8224,280573.51,
1753507508579,05:25:08.579,blofin,ADA/USDT:USDT,0.8229,157.0,0.8232,447.0,0.8224,280573.51,
1753507508579,05:25:08.579,blofin,ADA/USDT:USDT,0.8229,157.0,0.8232,447.0,0.8224,280573.51,
1753507508579,05:25:08.579,blofin,ADA/USDT:USDT,0.8228,147.0,0.8231,430.0,0.8224,280573.51,
1753507508579,05:25:08.579,blofin,ADA/USDT:USDT,0.8228,428.0,0.8231,133.0,0.8224,280573.51,
1753507508579,05:25:08.579,blofin,ADA/USDT:USDT,0.823,709.0,0.8231,5.0,0.8224,280573.51,
1753507508579,05:25:08.579,blofin,ADA/USDT:USDT,0.823,711.0,0.8231,5.0,0.8224,280573.51,
1753507508579,05:25:08.579,blofin,ADA/USDT:USDT,0.823,934.0,0.8231,5.0,0.8224,280573.51,
1753507508579,05:25:08.579,blofin,ADA/USDT:USDT,0.823,934.0,0.8231,5.0,0.8224,280573.51,
1753507508579,05:25:08.579,blofin,ADA/USDT:USDT,0.823,934.0,0.8232,79.0,0.8224,280573.51,
1753507508579,05:25:08.579,blofin,ADA/USDT:USDT,0.8229,969.0,0.8232,20.0,0.8224,280573.51,
1753507508579,05:25:08.579,blofin,ADA/USDT:USDT,0.8229,969.0,0.8232,20.0,0.8224,280573.51,
1753507508579,05:25:08.579,blofin,ADA/USDT:USDT,0.8229,954.0,0.8232,230.0,0.8224,280573.51,
1753507508579,05:25:08.579,blofin,ADA/USDT:USDT,0.8229,959.0,0.8232,60.0,0.8224,280573.51,
1753507508579,05:25:08.579,blofin,ADA/USDT:USDT,0.8229,959.0,0.8232,58.0,0.8224,280573.51,
1753507508579,05:25:08.579,blofin,ADA/USDT:USDT,0.8229,959.0,0.8232,58.0,0.8224,280573.51,
1753507508579,05:25:08.579,blofin,ADA/USDT:USDT,0.8229,633.0,0.8232,399.0,0.8224,280573.51,
1753507508579,05:25:08.579,blofin,ADA/USDT:USDT,0.8229,634.0,0.8232,325.0,0.8224,280573.51,
1753507508579,05:25:08.579,blofin,ADA/USDT:USDT,0.8229,634.0,0.8232,325.0,0.8224,280573.51,
1753507508579,05:25:08.579,blofin,ADA/USDT:USDT,0.8229,634.0,0.8232,326.0,0.8224,280573.51,
1753507508579,05:25:08.579,blofin,ADA/USDT:USDT,0.8229,582.0,0.8232,402.0,0.8224,280573.51,
1753507508579,05:25:08.579,blofin,ADA/USDT:USDT,0.8229,582.0,0.8232,402.0,0.8224,280573.51,
1753507508579,05:25:08.579,blofin,ADA/USDT:USDT,0.8229,582.0,0.8232,402.0,0.8224,280573.51,
1753507508579,05:25:08.579,blofin,ADA/USDT:USDT,0.8229,583.0,0.8232,397.0,0.8224,280573.51,
1753507508579,05:25:08.579,blofin,ADA/USDT:USDT,0.8229,583.0,0.8232,397.0,0.8224,280573.51,
1753507508579,05:25:08.579,blofin,ADA/USDT:USDT,0.8229,789.0,0.8232,307.0,0.8224,280573.51,
1753507508579,05:25:08.579,blofin,ADA/USDT:USDT,0.8229,786.0,0.8232,110.0,0.8224,280573.51,
1753507508579,05:25:08.579,blofin,ADA/USDT:USDT,0.8229,786.0,0.8232,110.0,0.8224,280573.51,
1753507508579,05:25:08.579,blofin,ADA/USDT:USDT,0.8229,786.0,0.8232,110.0,0.8224,280573.51,
1753507508579,05:25:08.579,blofin,ADA/USDT:USDT,0.823,599.0,0.8232,342.0,0.8224,280573.51,
1753507508579,05:25:08.579,blofin,ADA/USDT:USDT,0.823,499.0,0.8232,139.0,0.8224,280573.51,
1753507508579,05:25:08.579,blofin,ADA/USDT:USDT,0.823,499.0,0.8232,139.0,0.8224,280573.51,
1753507508579,05:25:08.579,blofin,ADA/USDT:USDT,0.823,504.0,0.8232,139.0,0.8224,280573.51,
1753507508579,05:25:08.579,blofin,ADA/USDT:USDT,0.8229,540.0,0.8232,93.0,0.8224,280573.51,
1753507508579,05:25:08.579,blofin,ADA/USDT:USDT,0.8229,577.0,0.8232,103.0,0.8224,280573.51,
1753507508579,05:25:08.579,blofin,ADA/USDT:USDT,0.8229,577.0,0.8232,103.0,0.8224,280573.51,
1753507508579,05:25:08.579,blofin,ADA/USDT:USDT,0.8229,577.0,0.8232,103.0,0.8224,280573.51,
1753507508579,05:25:08.579,blofin,ADA/USDT:USDT,0.8229,577.0,0.8232,82.0,0.8224,280573.51,
1753507508579,05:25:08.579,blofin,ADA/USDT:USDT,0.8229,577.0,0.8232,82.0,0.8224,280573.51,
1753507508579,05:25:08.579,blofin,ADA/USDT:USDT,0.8229,571.0,0.8232,93.0,0.8224,280573.51,
1753507508579,05:25:08.579,blofin,ADA/USDT:USDT,0.8229,609.0,0.8232,150.0,0.8224,280573.51,
1753507545155,05:25:45.155,blofin,ADA/USDT:USDT,0.823,611.0,0.8232,78.0,0.8232,280577.51,
1753507545155,05:25:45.155,blofin,ADA/USDT:USDT,0.823,616.0,0.8232,2.0,0.8232,280577.51,
1753507545155,05:25:45.155,blofin,ADA/USDT:USDT,0.823,616.0,0.8232,2.0,0.8232,280577.51,
1753507545155,05:25:45.155,blofin,ADA/USDT:USDT,0.823,604.0,0.8232,2.0,0.8232,280577.51,
1753507545155,05:25:45.155,blofin,ADA/USDT:USDT,0.823,603.0,0.8232,2.0,0.8232,280577.51,
1753507545155,05:25:45.155,blofin,ADA/USDT:USDT,0.823,661.0,0.8232,2.0,0.8232,280577.51,
1753507545155,05:25:45.155,blofin,ADA/USDT:USDT,0.823,731.0,0.8232,2.0,0.8232,280577.51,
1753507545155,05:25:45.155,blofin,ADA/USDT:USDT,0.823,731.0,0.8232,2.0,0.8232,280577.51,
1753507545155,05:25:45.155,blofin,ADA/USDT:USDT,0.823,734.0,0.8232,2.0,0.8232,280577.51,
1753507545155,05:25:45.155,blofin,ADA/USDT:USDT,0.8231,725.0,0.8232,2.0,0.8232,280577.51,
1753507545155,05:25:45.155,blofin,ADA/USDT:USDT,0.823,736.0,0.8232,2.0,0.8232,280577.51,
1753507545155,05:25:45.155,blofin,ADA/USDT:USDT,0.823,736.0,0.8232,2.0,0.8232,280577.51,
1753507545155,05:25:45.155,blofin,ADA/USDT:USDT,0.823,736.0,0.8232,2.0,0.8232,280577.51,
1753507545155,05:25:45.155,blofin,ADA/USDT:USDT,0.823,792.0,0.8232,2.0,0.8232,280577.51,
1753507545155,05:25:45.155,blofin,ADA/USDT:USDT,0.823,793.0,0.8232,2.0,0.8232,280577.51,
1753507545155,05:25:45.155,blofin,ADA/USDT:USDT,0.823,793.0,0.8232,2.0,0.8232,280577.51,
1753507545155,05:25:45.155,blofin,ADA/USDT:USDT,0.823,794.0,0.8232,2.0,0.8232,280577.51,
1753507545155,05:25:45.155,blofin,ADA/USDT:USDT,0.823,780.0,0.8232,2.0,0.8232,280577.51,
1753507545155,05:25:45.155,blofin,ADA/USDT:USDT,0.823,784.0,0.8232,2.0,0.8232,280577.51,
1753507545155,05:25:45.155,blofin,ADA/USDT:USDT,0.823,782.0,0.8232,2.0,0.8232,280577.51,
1753507545155,05:25:45.155,blofin,ADA/USDT:USDT,0.823,776.0,0.8232,2.0,0.8232,280577.51,
1753507545155,05:25:45.155,blofin,ADA/USDT:USDT,0.823,776.0,0.8232,2.0,0.8232,280577.51,
1753507545155,05:25:45.155,blofin,ADA/USDT:USDT,0.823,780.0,0.8232,2.0,0.8232,280577.51,
1753507545155,05:25:45.155,blofin,ADA/USDT:USDT,0.823,714.0,0.8232,2.0,0.8232,280577.51,
1753507545155,05:25:45.155,blofin,ADA/USDT:USDT,0.823,714.0,0.8232,2.0,0.8232,280577.51,
1753507545155,05:25:45.155,blofin,ADA/USDT:USDT,0.823,714.0,0.8232,2.0,0.8232,280577.51,
1753507545155,05:25:45.155,blofin,ADA/USDT:USDT,0.823,717.0,0.8233,1859.0,0.8232,280577.51,
1753507545155,05:25:45.155,blofin,ADA/USDT:USDT,0.823,732.0,0.8233,1844.0,0.8232,280577.51,
1753507545155,05:25:45.155,blofin,ADA/USDT:USDT,0.8231,756.0,0.8233,6.0,0.8232,280577.51,
1753507545155,05:25:45.155,blofin,ADA/USDT:USDT,0.8231,756.0,0.8233,6.0,0.8232,280577.51,
1753507545155,05:25:45.155,blofin,ADA/USDT:USDT,0.8231,4.0,0.8233,1852.0,0.8232,280577.51,
1753507545155,05:25:45.155,blofin,ADA/USDT:USDT,0.8231,4.0,0.8233,1852.0,0.8232,280577.51,
1753507545155,05:25:45.155,blofin,ADA/USDT:USDT,0.8231,4.0,0.8233,1852.0,0.8232,280577.51,
1753507545155,05:25:45.155,blofin,ADA/USDT:USDT,0.823,3.0,0.8231,91.0,0.8232,280577.51,
1753507545155,05:25:45.155,blofin,ADA/USDT:USDT,0.823,3.0,0.8231,1205.0,0.8232,280577.51,
1753507545155,05:25:45.155,blofin,ADA/USDT:USDT,0.823,3.0,0.8231,1206.0,0.8232,280577.51,
1753507545155,05:25:45.155,blofin,ADA/USDT:USDT,0.823,3.0,0.8231,899.0,0.8232,280577.51,
1753507545155,05:25:45.155,blofin,ADA/USDT:USDT,0.823,3.0,0.8231,899.0,0.8232,280577.51,
1753507545155,05:25:45.155,blofin,ADA/USDT:USDT,0.823,3.0,0.8231,899.0,0.8232,280577.51,
1753507545155,05:25:45.155,blofin,ADA/USDT:USDT,0.823,3.0,0.8231,816.0,0.8232,280577.51,
1753507545155,05:25:45.155,blofin,ADA/USDT:USDT,0.823,3.0,0.8231,817.0,0.8232,280577.51,
1753507545155,05:25:45.155,blofin,ADA/USDT:USDT,0.823,3.0,0.8231,817.0,0.8232,280577.51,
1753507545155,05:25:45.155,blofin,ADA/USDT:USDT,0.823,3.0,0.8231,816.0,0.8232,280577.51,
1753507545155,05:25:45.155,blofin,ADA/USDT:USDT,0.8228,495.0,0.823,441.0,0.8232,280577.51,
1753507545155,05:25:45.155,blofin,ADA/USDT:USDT,0.8228,495.0,0.823,441.0,0.8232,280577.51,
1753507568580,05:26:08.580,blofin,ADA/USDT:USDT,0.8228,496.0,0.823,441.0,0.8232,280502.51,
1753507568580,05:26:08.580,blofin,ADA/USDT:USDT,0.8228,668.0,0.823,462.0,0.8232,280502.51,
1753507568580,05:26:08.580,blofin,ADA/USDT:USDT,0.8228,5.0,0.823,72.0,0.8232,280502.51,
1753507568580,05:26:08.580,blofin,ADA/USDT:USDT,0.8228,5.0,0.823,72.0,0.8232,280502.51,
1753507568580,05:26:08.580,blofin,ADA/USDT:USDT,0.8228,5.0,0.823,72.0,0.8232,280502.51,
1753507568580,05:26:08.580,blofin,ADA/USDT:USDT,0.8228,5.0,0.823,62.0,0.8232,280502.51,
1753507568580,05:26:08.580,blofin,ADA/USDT:USDT,0.8227,430.0,0.823,253.0,0.8232,280502.51,
1753507568580,05:26:08.580,blofin,ADA/USDT:USDT,0.8227,430.0,0.823,253.0,0.8232,280502.51,
1753507568580,05:26:08.580,blofin,ADA/USDT:USDT,0.8229,633.0,0.823,4.0,0.8232,280502.51,
1753507568580,05:26:08.580,blofin,ADA/USDT:USDT,0.8228,517.0,0.823,4.0,0.8232,280502.51,
1753507568580,05:26:08.580,blofin,ADA/USDT:USDT,0.8228,522.0,0.8231,370.0,0.8232,280502.51,
1753507568580,05:26:08.580,blofin,ADA/USDT:USDT,0.8228,522.0,0.8231,370.0,0.8232,280502.51,
1753507568580,05:26:08.580,blofin,ADA/USDT:USDT,0.8228,445.0,0.8231,475.0,0.8232,280502.51,
1753507568580,05:26:08.580,blofin,ADA/USDT:USDT,0.8228,66.0,0.8231,569.0,0.8232,280502.51,
1753507568580,05:26:08.580,blofin,ADA/USDT:USDT,0.8228,456.0,0.8231,454.0,0.8232,280502.51,
1753507568580,05:26:08.580,blofin,ADA/USDT:USDT,0.8228,455.0,0.8231,453.0,0.8232,280502.51,
1753507568580,05:26:08.580,blofin,ADA/USDT:USDT,0.8228,455.0,0.8231,453.0,0.8232,280502.51,
1753507568580,05:26:08.580,blofin,ADA/USDT:USDT,0.8229,505.0,0.8231,182.0,0.8232,280502.51,
1753507568580,05:26:08.580,blofin,ADA/USDT:USDT,0.8229,510.0,0.8231,186.0,0.8232,280502.51,
1753507568580,05:26:08.580,blofin,ADA/USDT:USDT,0.823,627.0,0.8231,3.0,0.8232,280502.51,
1753507568580,05:26:08.580,blofin,ADA/USDT:USDT,0.823,631.0,0.8232,27.0,0.8232,280502.51,
1753507568580,05:26:08.580,blofin,ADA/USDT:USDT,0.823,631.0,0.8232,27.0,0.8232,280502.51,
1753507568580,05:26:08.580,blofin,ADA/USDT:USDT,0.8229,848.0,0.8232,160.0,0.8232,280502.51,
1753507580052,05:26:20.052,blofin,ADA/USDT:USDT,0.8229,907.0,0.8232,45.0,0.8232,280503.51,
1753507580052,05:26:20.052,blofin,ADA/USDT:USDT,0.8231,529.0,0.8232,1.0,0.8232,280503.51,
1753507580052,05:26:20.052,blofin,ADA/USDT:USDT,0.8231,529.0,0.8232,1.0,0.8232,280503.51,
1753507580052,05:26:20.052,blofin,ADA/USDT:USDT,0.8231,530.0,0.8232,1.0,0.8232,280503.51,
1753507580052,05:26:20.052,blofin,ADA/USDT:USDT,0.823,458.0,0.8233,2222.0,0.8232,280503.51,
1753507580052,05:26:20.052,blofin,ADA/USDT:USDT,0.823,458.0,0.8233,2222.0,0.8232,280503.51,
1753507580052,05:26:20.052,blofin,ADA/USDT:USDT,0.8231,644.0,0.8233,1840.0,0.8232,280503.51,
1753507580052,05:26:20.052,blofin,ADA/USDT:USDT,0.8231,647.0,0.8233,1842.0,0.8232,280503.51,
1753507580052,05:26:20.052,blofin,ADA/USDT:USDT,0.8231,647.0,0.8233,1842.0,0.8232,280503.51,
1753507580052,05:26:20.052,blofin,ADA/USDT:USDT,0.8231,628.0,0.8233,5.0,0.8232,280503.51,
1753507580052,05:26:20.052,blofin,ADA/USDT:USDT,0.8231,3.0,0.8233,1984.0,0.8232,280503.51,
1753507580052,05:26:20.052,blofin,ADA/USDT:USDT,0.8231,3.0,0.8233,1986.0,0.8232,280503.51,
1753507580052,05:26:20.052,blofin,ADA/USDT:USDT,0.8231,3.0,0.8233,1986.0,0.8232,280503.51,
1753507580052,05:26:20.052,blofin,ADA/USDT:USDT,0.823,682.0,0.8233,1986.0,0.8232,280503.51,
1753507580052,05:26:20.052,blofin,ADA/USDT:USDT,0.823,398.0,0.8233,2048.0,0.8232,280503.51,
1753507580052,05:26:20.052,blofin,ADA/USDT:USDT,0.823,398.0,0.8233,2048.0,0.8232,280503.51,
1753507580052,05:26:20.052,blofin,ADA/USDT:USDT,0.823,385.0,0.8233,2027.0,0.8232,280503.51,
1753507580052,05:26:20.052,blofin,ADA/USDT:USDT,0.823,384.0,0.8233,2027.0,0.8232,280503.51,
1753507580052,05:26:20.052,blofin,ADA/USDT:USDT,0.823,378.0,0.8233,2047.0,0.8232,280503.51,
1753507580052,05:26:20.052,blofin,ADA/USDT:USDT,0.823,348.0,0.8233,2157.0,0.8232,280503.51,
1753507580052,05:26:20.052,blofin,ADA/USDT:USDT,0.823,348.0,0.8233,2157.0,0.8232,280503.51,
1753507580052,05:26:20.052,blofin,ADA/USDT:USDT,0.823,382.0,0.8233,2045.0,0.8232,280503.51,
1753507580052,05:26:20.052,blofin,ADA/USDT:USDT,0.823,382.0,0.8233,2045.0,0.8232,280503.51,
1753507580052,05:26:20.052,blofin,ADA/USDT:USDT,0.823,383.0,0.8233,2062.0,0.8232,280503.51,
1753507580052,05:26:20.052,blofin,ADA/USDT:USDT,0.8231,762.0,0.8233,7.0,0.8232,280503.51,
1753507580052,05:26:20.052,blofin,ADA/USDT:USDT,0.8231,762.0,0.8233,7.0,0.8232,280503.51,
1753507580052,05:26:20.052,blofin,ADA/USDT:USDT,0.8231,762.0,0.8233,7.0,0.8232,280503.51,
1753507580052,05:26:20.052,blofin,ADA/USDT:USDT,0.8231,402.0,0.8233,2047.0,0.8232,280503.51,
1753507594706,05:26:34.706,blofin,ADA/USDT:USDT,0.8231,402.0,0.8233,2047.0,0.8233,280618.85,
1753507594706,05:26:34.706,blofin,ADA/USDT:USDT,0.823,763.0,0.8233,1817.0,0.8233,280618.85,
1753507594706,05:26:34.706,blofin,ADA/USDT:USDT,0.823,763.0,0.8233,1817.0,0.8233,280618.85,
1753507594706,05:26:34.706,blofin,ADA/USDT:USDT,0.823,763.0,0.8233,1818.0,0.8233,280618.85,
1753507594706,05:26:34.706,blofin,ADA/USDT:USDT,0.823,762.0,0.8233,1785.0,0.8233,280618.85,
1753507594706,05:26:34.706,blofin,ADA/USDT:USDT,0.823,762.0,0.8233,1785.0,0.8233,280618.85,
1753507594706,05:26:34.706,blofin,ADA/USDT:USDT,0.8231,756.0,0.8233,1.0,0.8233,280618.85,
1753507594706,05:26:34.706,blofin,ADA/USDT:USDT,0.8231,758.0,0.8233,1.0,0.8233,280618.85,
1753507594706,05:26:34.706,blofin,ADA/USDT:USDT,0.823,734.0,0.8233,1655.0,0.8233,280618.85,
1753507594706,05:26:34.706,blofin,ADA/USDT:USDT,0.823,734.0,0.8233,1655.0,0.8233,280618.85,
1753507594706,05:26:34.706,blofin,ADA/USDT:USDT,0.823,434.0,0.8233,1787.0,0.8233,280618.85,
1753507594706,05:26:34.706,blofin,ADA/USDT:USDT,0.823,433.0,0.8233,1787.0,0.8233,280618.85,
1753507594706,05:26:34.706,blofin,ADA/USDT:USDT,0.823,562.0,0.8233,1673.0,0.8233,280618.85,
1753507594706,05:26:34.706,blofin,ADA/USDT:USDT,0.823,562.0,0.8233,1677.0,0.8233,280618.85,
1753507594706,05:26:34.706,blofin,ADA/USDT:USDT,0.823,551.0,0.8233,1693.0,0.8233,280618.85,
1753507594706,05:26:34.706,blofin,ADA/USDT:USDT,0.823,699.0,0.8233,1687.0,0.8233,280618.85,
1753507594706,05:26:34.706,blofin,ADA/USDT:USDT,0.823,699.0,0.8233,1687.0,0.8233,280618.85,
1753507594706,05:26:34.706,blofin,ADA/USDT:USDT,0.823,699.0,0.8233,1688.0,0.8233,280618.85,
1753507594706,05:26:34.706,blofin,ADA/USDT:USDT,0.8231,512.0,0.8233,1690.0,0.8233,280618.85,
1753507594706,05:26:34.706,blofin,ADA/USDT:USDT,0.8231,1.0,0.8233,1603.0,0.8233,280618.85,
1753507594706,05:26:34.706,blofin,ADA/USDT:USDT,0.8231,1.0,0.8233,1603.0,0.8233,280618.85,
1753507594706,05:26:34.706,blofin,ADA/USDT:USDT,0.823,569.0,0.8233,1605.0,0.8233,280618.85,
1753507594706,05:26:34.706,blofin,ADA/USDT:USDT,0.8231,563.0,0.8233,1661.0,0.8233,280618.85,
1753507594706,05:26:34.706,blofin,ADA/USDT:USDT,0.823,570.0,0.8233,1641.0,0.8233,280618.85,
1753507594706,05:26:34.706,blofin,ADA/USDT:USDT,0.823,570.0,0.8233,1641.0,0.8233,280618.85,
1753507594706,05:26:34.706,blofin,ADA/USDT:USDT,0.823,570.0,0.8233,1641.0,0.8233,280618.85,
1753507594706,05:26:34.706,blofin,ADA/USDT:USDT,0.823,631.0,0.8233,1649.0,0.8233,280618.85,
1753507594706,05:26:34.706,blofin,ADA/USDT:USDT,0.823,633.0,0.8233,1648.0,0.8233,280618.85,
1753507594706,05:26:34.706,blofin,ADA/USDT:USDT,0.823,644.0,0.8233,1506.0,0.8233,280618.85,
1753507594706,05:26:34.706,blofin,ADA/USDT:USDT,0.8231,652.0,0.8233,1439.0,0.8233,280618.85,
1753507594706,05:26:34.706,blofin,ADA/USDT:USDT,0.8231,652.0,0.8233,1439.0,0.8233,280618.85,
1753507594706,05:26:34.706,blofin,ADA/USDT:USDT,0.8231,652.0,0.8233,1437.0,0.8233,280618.85,
1753507594706,05:26:34.706,blofin,ADA/USDT:USDT,0.8231,574.0,0.8234,1125.0,0.8233,280618.85,
1753507594706,05:26:34.706,blofin,ADA/USDT:USDT,0.8231,574.0,0.8233,1150.0,0.8233,280618.85,
1753507594706,05:26:34.706,blofin,ADA/USDT:USDT,0.8231,574.0,0.8233,1152.0,0.8233,280618.85,
1753507594706,05:26:34.706,blofin,ADA/USDT:USDT,0.8231,579.0,0.8233,1155.0,0.8233,280618.85,
1753507594706,05:26:34.706,blofin,ADA/USDT:USDT,0.8231,579.0,0.8233,1155.0,0.8233,280618.85,
1753507594706,05:26:34.706,blofin,ADA/USDT:USDT,0.8231,5.0,0.8233,1151.0,0.8233,280618.85,
1753507594706,05:26:34.706,blofin,ADA/USDT:USDT,0.8231,5.0,0.8233,1148.0,0.8233,280618.85,
1753507594706,05:26:34.706,blofin,ADA/USDT:USDT,0.8231,546.0,0.8233,1187.0,0.8233,280618.85,
1753507594706,05:26:34.706,blofin,ADA/USDT:USDT,0.8231,546.0,0.8233,1206.0,0.8233,280618.85,
1753507594706,05:26:34.706,blofin,ADA/USDT:USDT,0.8231,547.0,0.8233,1206.0,0.8233,280618.85,
1753507594706,05:26:34.706,blofin,ADA/USDT:USDT,0.8231,2.0,0.8233,1296.0,0.8233,280618.85,
1753507594706,05:26:34.706,blofin,ADA/USDT:USDT,0.8231,2.0,0.8233,1302.0,0.8233,280618.85,
1753507594706,05:26:34.706,blofin,ADA/USDT:USDT,0.823,433.0,0.8233,1303.0,0.8233,280618.85,
1753507594706,05:26:34.706,blofin,ADA/USDT:USDT,0.8231,523.0,0.8233,1198.0,0.8233,280618.85,
1753507594706,05:26:34.706,blofin,ADA/USDT:USDT,0.8231,523.0,0.8233,1198.0,0.8233,280618.85,
1753507594706,05:26:34.706,blofin,ADA/USDT:USDT,0.8231,4.0,0.8233,1205.0,0.8233,280618.85,
1753507594706,05:26:34.706,blofin,ADA/USDT:USDT,0.8231,4.0,0.8233,1204.0,0.8233,280618.85,
1753507594706,05:26:34.706,blofin,ADA/USDT:USDT,0.8231,4.0,0.8233,1204.0,0.8233,280618.85,
1753507594706,05:26:34.706,blofin,ADA/USDT:USDT,0.8231,4.0,0.8233,1203.0,0.8233,280618.85,
1753507594706,05:26:34.706,blofin,ADA/USDT:USDT,0.8231,4.0,0.8233,1197.0,0.8233,280618.85,
1753507594706,05:26:34.706,blofin,ADA/USDT:USDT,0.823,543.0,0.8233,1198.0,0.8233,280618.85,
1753507594706,05:26:34.706,blofin,ADA/USDT:USDT,0.823,543.0,0.8233,1198.0,0.8233,280618.85,
1753507594706,05:26:34.706,blofin,ADA/USDT:USDT,0.823,597.0,0.8233,1178.0,0.8233,280618.85,
1753507594706,05:26:34.706,blofin,ADA/USDT:USDT,0.823,601.0,0.8233,1130.0,0.8233,280618.85,
1753507594706,05:26:34.706,blofin,ADA/USDT:USDT,0.8231,591.0,0.8233,1166.0,0.8233,280618.85,
1753507594706,05:26:34.706,blofin,ADA/USDT:USDT,0.8231,595.0,0.8233,1166.0,0.8233,280618.85,
1753507594706,05:26:34.706,blofin,ADA/USDT:USDT,0.8231,4.0,0.8233,1125.0,0.8233,280618.85,
1753507594706,05:26:34.706,blofin,ADA/USDT:USDT,0.8231,4.0,0.8233,1125.0,0.8233,280618.85,
1753507594706,05:26:34.706,blofin,ADA/USDT:USDT,0.8231,4.0,0.8233,1155.0,0.8233,280618.85,
1753507628579,05:27:08.579,blofin,ADA/USDT:USDT,0.8231,4.0,0.8233,1158.0,0.8233,280527.81,
1753507628579,05:27:08.579,blofin,ADA/USDT:USDT,0.823,602.0,0.8233,1118.0,0.8233,280527.81,
1753507628579,05:27:08.579,blofin,ADA/USDT:USDT,0.823,602.0,0.8233,1118.0,0.8233,280527.81,
1753507628579,05:27:08.579,blofin,ADA/USDT:USDT,0.8231,722.0,0.8233,1158.0,0.8233,280527.81,
1753507628579,05:27:08.579,blofin,ADA/USDT:USDT,0.8231,725.0,0.8233,1159.0,0.8233,280527.81,
1753507628579,05:27:08.579,blofin,ADA/USDT:USDT,0.8231,3.0,0.8233,1160.0,0.8233,280527.81,
1753507628579,05:27:08.579,blofin,ADA/USDT:USDT,0.8231,3.0,0.8233,1149.0,0.8233,280527.81,
1753507628579,05:27:08.579,blofin,ADA/USDT:USDT,0.823,592.0,0.8233,1196.0,0.8233,280527.81,
1753507628579,05:27:08.579,blofin,ADA/USDT:USDT,0.823,592.0,0.8233,1196.0,0.8233,280527.81,
1753507628579,05:27:08.579,blofin,ADA/USDT:USDT,0.823,594.0,0.8233,1198.0,0.8233,280527.81,
1753507628579,05:27:08.579,blofin,ADA/USDT:USDT,0.823,593.0,0.8233,1199.0,0.8233,280527.81,
1753507628579,05:27:08.579,blofin,ADA/USDT:USDT,0.823,552.0,0.8233,1203.0,0.8233,280527.81,
1753507628579,05:27:08.579,blofin,ADA/USDT:USDT,0.823,552.0,0.8233,1203.0,0.8233,280527.81,
1753507628579,05:27:08.579,blofin,ADA/USDT:USDT,0.823,552.0,0.8233,1203.0,0.8233,280527.81,
1753507628579,05:27:08.579,blofin,ADA/USDT:USDT,0.823,722.0,0.8233,1186.0,0.8233,280527.81,
1753507628579,05:27:08.579,blofin,ADA/USDT:USDT,0.823,722.0,0.8233,1186.0,0.8233,280527.81,
1753507628579,05:27:08.579,blofin,ADA/USDT:USDT,0.823,731.0,0.8233,1131.0,0.8233,280527.81,
1753507628579,05:27:08.579,blofin,ADA/USDT:USDT,0.823,732.0,0.8233,1065.0,0.8233,280527.81,
1753507628579,05:27:08.579,blofin,ADA/USDT:USDT,0.823,732.0,0.8233,1065.0,0.8233,280527.81,
1753507628579,05:27:08.579,blofin,ADA/USDT:USDT,0.823,732.0,0.8233,1065.0,0.8233,280527.81,
1753507628579,05:27:08.579,blofin,ADA/USDT:USDT,0.8231,851.0,0.8233,1090.0,0.8233,280527.81,
1753507628579,05:27:08.579,blofin,ADA/USDT:USDT,0.823,889.0,0.8233,1056.0,0.8233,280527.81,
1753507628579,05:27:08.579,blofin,ADA/USDT:USDT,0.823,889.0,0.8233,1055.0,0.8233,280527.81,
1753507628579,05:27:08.579,blofin,ADA/USDT:USDT,0.823,889.0,0.8233,1055.0,0.8233,280527.81,
1753507628579,05:27:08.579,blofin,ADA/USDT:USDT,0.8231,896.0,0.8233,1041.0,0.8233,280527.81,
1753507628579,05:27:08.579,blofin,ADA/USDT:USDT,0.8231,896.0,0.8233,1040.0,0.8233,280527.81,
1753507628579,05:27:08.579,blofin,ADA/USDT:USDT,0.8231,910.0,0.8233,1016.0,0.8233,280527.81,
1753507628579,05:27:08.579,blofin,ADA/USDT:USDT,0.8231,910.0,0.8233,1016.0,0.8233,280527.81,
1753507628579,05:27:08.579,blofin,ADA/USDT:USDT,0.823,744.0,0.8233,1125.0,0.8233,280527.81,
1753507628579,05:27:08.579,blofin,ADA/USDT:USDT,0.823,744.0,0.8233,1125.0,0.8233,280527.81,
1753507628579,05:27:08.579,blofin,ADA/USDT:USDT,0.823,742.0,0.8233,1141.0,0.8233,280527.81,
1753507628579,05:27:08.579,blofin,ADA/USDT:USDT,0.8231,671.0,0.8233,1128.0,0.8233,280527.81,
1753507628579,05:27:08.579,blofin,ADA/USDT:USDT,0.8231,671.0,0.8233,1128.0,0.8233,280527.81,
1753507628579,05:27:08.579,blofin,ADA/USDT:USDT,0.823,738.0,0.8233,1132.0,0.8233,280527.81,
1753507628579,05:27:08.579,blofin,ADA/USDT:USDT,0.823,738.0,0.8233,1132.0,0.8233,280527.81,
1753507628579,05:27:08.579,blofin,ADA/USDT:USDT,0.823,738.0,0.8233,1132.0,0.8233,280527.81,
1753507628579,05:27:08.579,blofin,ADA/USDT:USDT,0.8231,700.0,0.8233,1140.0,0.8233,280527.81,
1753507628579,05:27:08.579,blofin,ADA/USDT:USDT,0.8231,831.0,0.8233,481.0,0.8233,280527.81,
1753507628579,05:27:08.579,blofin,ADA/USDT:USDT,0.8231,831.0,0.8233,481.0,0.8233,280527.81,
1753507628579,05:27:08.579,blofin,ADA/USDT:USDT,0.8231,831.0,0.8233,482.0,0.8233,280527.81,
1753507628579,05:27:08.579,blofin,ADA/USDT:USDT,0.8231,836.0,0.8233,482.0,0.8233,280527.81,
1753507628579,05:27:08.579,blofin,ADA/USDT:USDT,0.8231,838.0,0.8233,6.0,0.8233,280527.81,
1753507628579,05:27:08.579,blofin,ADA/USDT:USDT,0.8231,848.0,0.8233,6.0,0.8233,280527.81,
1753507628579,05:27:08.579,blofin,ADA/USDT:USDT,0.8231,7.0,0.8233,469.0,0.8233,280527.81,
1753507628579,05:27:08.579,blofin,ADA/USDT:USDT,0.8231,7.0,0.8233,469.0,0.8233,280527.81,
1753507628579,05:27:08.579,blofin,ADA/USDT:USDT,0.8231,7.0,0.8233,468.0,0.8233,280527.81,
1753507628579,05:27:08.579,blofin,ADA/USDT:USDT,0.8231,7.0,0.8233,450.0,0.8233,280527.81,
1753507628579,05:27:08.579,blofin,ADA/USDT:USDT,0.8231,779.0,0.8233,449.0,0.8233,280527.81,
1753507628579,05:27:08.579,blofin,ADA/USDT:USDT,0.8231,784.0,0.8233,449.0,0.8233,280527.81,
1753507628579,05:27:08.579,blofin,ADA/USDT:USDT,0.8231,784.0,0.8233,449.0,0.8233,280527.81,
1753507628579,05:27:08.579,blofin,ADA/USDT:USDT,0.8231,132.0,0.8233,4.0,0.8233,280527.81,
1753507628579,05:27:08.579,blofin,ADA/USDT:USDT,0.8231,132.0,0.8233,4.0,0.8233,280527.81,
1753507628579,05:27:08.579,blofin,ADA/USDT:USDT,0.8231,132.0,0.8233,4.0,0.8233,280527.81,
1753507628579,05:27:08.579,blofin,ADA/USDT:USDT,0.8231,1682.0,0.8233,4.0,0.8233,280527.81,
1753507628579,05:27:08.579,blofin,ADA/USDT:USDT,0.8231,1424.0,0.8233,4.0,0.8233,280527.81,
1753507628579,05:27:08.579,blofin,ADA/USDT:USDT,0.8231,1421.0,0.8233,4.0,0.8233,280527.81,
1753507628579,05:27:08.579,blofin,ADA/USDT:USDT,0.8232,1418.0,0.8233,4.0,0.8233,280527.81,
1753507628579,05:27:08.579,blofin,ADA/USDT:USDT,0.8232,1418.0,0.8233,4.0,0.8233,280527.81,
1753507628579,05:27:08.579,blofin,ADA/USDT:USDT,0.8232,1446.0,0.8233,4.0,0.8233,280527.81,
1753507658357,05:27:38.357,blofin,ADA/USDT:USDT,0.8232,1448.0,0.8233,4.0,0.8233,280538.81,
1753507658357,05:27:38.357,blofin,ADA/USDT:USDT,0.8233,1218.0,0.8235,1.0,0.8233,280538.81,
1753507658357,05:27:38.357,blofin,ADA/USDT:USDT,0.8233,1218.0,0.8235,1.0,0.8233,280538.81,
1753507658357,05:27:38.357,blofin,ADA/USDT:USDT,0.8233,1743.0,0.8235,129.0,0.8233,280538.81,
1753507658357,05:27:38.357,blofin,ADA/USDT:USDT,0.8233,1743.0,0.8235,132.0,0.8233,280538.81,
1753507658357,05:27:38.357,blofin,ADA/USDT:USDT,0.8233,1912.0,0.8236,146.0,0.8233,280538.81,
1753507658357,05:27:38.357,blofin,ADA/USDT:USDT,0.8233,1263.0,0.8236,648.0,0.8233,280538.81,
1753507658357,05:27:38.357,blofin,ADA/USDT:USDT,0.8233,1263.0,0.8236,648.0,0.8233,280538.81,
1753507658357,05:27:38.357,blofin,ADA/USDT:USDT,0.8233,1263.0,0.8236,648.0,0.8233,280538.81,
1753507658357,05:27:38.357,blofin,ADA/USDT:USDT,0.8233,1301.0,0.8236,584.0,0.8233,280538.81,
1753507658357,05:27:38.357,blofin,ADA/USDT:USDT,0.8233,1303.0,0.8236,586.0,0.8233,280538.81,
1753507658357,05:27:38.357,blofin,ADA/USDT:USDT,0.8233,1303.0,0.8236,586.0,0.8233,280538.81,
1753507658357,05:27:38.357,blofin,ADA/USDT:USDT,0.8234,1492.0,0.8236,460.0,0.8233,280538.81,
1753507658357,05:27:38.357,blofin,ADA/USDT:USDT,0.8234,1523.0,0.8236,395.0,0.8233,280538.81,
1753507658357,05:27:38.357,blofin,ADA/USDT:USDT,0.8234,1523.0,0.8236,392.0,0.8233,280538.81,
1753507658357,05:27:38.357,blofin,ADA/USDT:USDT,0.8234,1526.0,0.8236,392.0,0.8233,280538.81,
1753507658357,05:27:38.357,blofin,ADA/USDT:USDT,0.8234,1526.0,0.8236,392.0,0.8233,280538.81,
1753507658357,05:27:38.357,blofin,ADA/USDT:USDT,0.8234,4.0,0.8236,391.0,0.8233,280538.81,
1753507658357,05:27:38.357,blofin,ADA/USDT:USDT,0.8234,4.0,0.8236,392.0,0.8233,280538.81,
1753507658357,05:27:38.357,blofin,ADA/USDT:USDT,0.8234,4.0,0.8236,421.0,0.8233,280538.81,
1753507658357,05:27:38.357,blofin,ADA/USDT:USDT,0.8233,1541.0,0.8236,417.0,0.8233,280538.81,
1753507658357,05:27:38.357,blofin,ADA/USDT:USDT,0.8233,1539.0,0.8236,390.0,0.8233,280538.81,
1753507658357,05:27:38.357,blofin,ADA/USDT:USDT,0.8233,1539.0,0.8236,390.0,0.8233,280538.81,
1753507658357,05:27:38.357,blofin,ADA/USDT:USDT,0.8234,1533.0,0.8236,1.0,0.8233,280538.81,
1753507658357,05:27:38.357,blofin,ADA/USDT:USDT,0.8234,1537.0,0.8236,1.0,0.8233,280538.81,
1753507658357,05:27:38.357,blofin,ADA/USDT:USDT,0.8234,4.0,0.8236,392.0,0.8233,280538.81,
1753507658357,05:27:38.357,blofin,ADA/USDT:USDT,0.8234,1572.0,0.8236,392.0,0.8233,280538.81,
1753507658357,05:27:38.357,blofin,ADA/USDT:USDT,0.8234,1572.0,0.8236,392.0,0.8233,280538.81,
1753507658357,05:27:38.357,blofin,ADA/USDT:USDT,0.8236,1605.0,0.8237,303.0,0.8233,280538.81,
1753507658357,05:27:38.357,blofin,ADA/USDT:USDT,0.8235,1119.0,0.8237,303.0,0.8233,280538.81,
1753507658357,05:27:38.357,blofin,ADA/USDT:USDT,0.8235,1120.0,0.8237,303.0,0.8233,280538.81,
1753507658357,05:27:38.357,blofin,ADA/USDT:USDT,0.8235,1199.0,0.8237,303.0,0.8233,280538.81,
1753507658357,05:27:38.357,blofin,ADA/USDT:USDT,0.8235,1199.0,0.8237,303.0,0.8233,280538.81,
1753507658357,05:27:38.357,blofin,ADA/USDT:USDT,0.8236,1199.0,0.8237,303.0,0.8233,280538.81,
