timestamp,time,exchange,symbol,bid,bidVolume,ask,askVolume,lastPrice,baseVolume,quoteVolume
1753504779294,04:39:39.294,blofin,ADA/USDT:USDT,0.8265,65.0,0.8268,643.0,0.8268,288622.05,
1753504779294,04:39:39.294,blofin,ADA/USDT:USDT,0.8264,432.0,0.8267,230.0,0.8268,288622.05,
1753504779294,04:39:39.294,blofin,ADA/USDT:USDT,0.8264,432.0,0.8267,230.0,0.8268,288622.05,
1753504779294,04:39:39.294,blofin,ADA/USDT:USDT,0.8265,1.0,0.8266,775.0,0.8268,288622.05,
1753504779294,04:39:39.294,blofin,ADA/USDT:USDT,0.8265,1.0,0.8266,775.0,0.8268,288622.05,
1753504779294,04:39:39.294,blofin,ADA/USDT:USDT,0.8263,385.0,0.8266,501.0,0.8268,288622.05,
1753504779294,04:39:39.294,blofin,ADA/USDT:USDT,0.8263,385.0,0.8266,501.0,0.8268,288622.05,
1753504779294,04:39:39.294,blofin,ADA/USDT:USDT,0.8263,385.0,0.8266,501.0,0.8268,288622.05,
1753504779294,04:39:39.294,blofin,ADA/USDT:USDT,0.8263,373.0,0.8266,488.0,0.8268,288622.05,
1753504779294,04:39:39.294,blofin,ADA/USDT:USDT,0.8263,376.0,0.8266,488.0,0.8268,288622.05,
1753504779294,04:39:39.294,blofin,ADA/USDT:USDT,0.8263,331.0,0.8266,348.0,0.8268,288622.05,
1753504779294,04:39:39.294,blofin,ADA/USDT:USDT,0.8263,417.0,0.8266,315.0,0.8268,288622.05,
1753504779294,04:39:39.294,blofin,ADA/USDT:USDT,0.8263,417.0,0.8266,315.0,0.8268,288622.05,
1753504779294,04:39:39.294,blofin,ADA/USDT:USDT,0.8263,417.0,0.8266,315.0,0.8268,288622.05,
1753504779294,04:39:39.294,blofin,ADA/USDT:USDT,0.8264,468.0,0.8266,187.0,0.8268,288622.05,
1753504779294,04:39:39.294,blofin,ADA/USDT:USDT,0.8264,5.0,0.8266,384.0,0.8268,288622.05,
1753504779294,04:39:39.294,blofin,ADA/USDT:USDT,0.8263,370.0,0.8266,386.0,0.8268,288622.05,
1753504779294,04:39:39.294,blofin,ADA/USDT:USDT,0.8263,370.0,0.8266,386.0,0.8268,288622.05,
1753504779294,04:39:39.294,blofin,ADA/USDT:USDT,0.8263,260.0,0.8266,364.0,0.8268,288622.05,
1753504779294,04:39:39.294,blofin,ADA/USDT:USDT,0.8263,372.0,0.8266,373.0,0.8268,288622.05,
1753504779294,04:39:39.294,blofin,ADA/USDT:USDT,0.8263,254.0,0.8266,581.0,0.8268,288622.05,
1753504779294,04:39:39.294,blofin,ADA/USDT:USDT,0.8263,254.0,0.8266,581.0,0.8268,288622.05,
1753504779294,04:39:39.294,blofin,ADA/USDT:USDT,0.8263,254.0,0.8266,581.0,0.8268,288622.05,
1753504779294,04:39:39.294,blofin,ADA/USDT:USDT,0.8264,246.0,0.8266,581.0,0.8268,288622.05,
1753504779294,04:39:39.294,blofin,ADA/USDT:USDT,0.8264,246.0,0.8266,577.0,0.8268,288622.05,
1753504779294,04:39:39.294,blofin,ADA/USDT:USDT,0.8263,6.0,0.8266,672.0,0.8268,288622.05,
1753504779294,04:39:39.294,blofin,ADA/USDT:USDT,0.8263,5.0,0.8266,671.0,0.8268,288622.05,
1753504779294,04:39:39.294,blofin,ADA/USDT:USDT,0.8263,5.0,0.8266,671.0,0.8268,288622.05,
1753504779294,04:39:39.294,blofin,ADA/USDT:USDT,0.8263,5.0,0.8265,794.0,0.8268,288622.05,
1753504779294,04:39:39.294,blofin,ADA/USDT:USDT,0.8263,8.0,0.8265,800.0,0.8268,288622.05,
1753504779294,04:39:39.294,blofin,ADA/USDT:USDT,0.8263,306.0,0.8265,579.0,0.8268,288622.05,
1753504779294,04:39:39.294,blofin,ADA/USDT:USDT,0.8263,306.0,0.8265,577.0,0.8268,288622.05,
1753504808579,04:40:08.579,blofin,ADA/USDT:USDT,0.8263,306.0,0.8265,577.0,0.8268,288347.26,
1753504808579,04:40:08.579,blofin,ADA/USDT:USDT,0.8263,7.0,0.8265,452.0,0.8268,288347.26,
1753504808579,04:40:08.579,blofin,ADA/USDT:USDT,0.8263,560.0,0.8265,250.0,0.8268,288347.26,
1753504808579,04:40:08.579,blofin,ADA/USDT:USDT,0.8263,560.0,0.8265,249.0,0.8268,288347.26,
1753504808579,04:40:08.579,blofin,ADA/USDT:USDT,0.8263,560.0,0.8265,249.0,0.8268,288347.26,
1753504808579,04:40:08.579,blofin,ADA/USDT:USDT,0.8263,7.0,0.8265,145.0,0.8268,288347.26,
1753504808579,04:40:08.579,blofin,ADA/USDT:USDT,0.8263,7.0,0.8265,148.0,0.8268,288347.26,
1753504808579,04:40:08.579,blofin,ADA/USDT:USDT,0.8263,657.0,0.8265,4.0,0.8268,288347.26,
1753504808579,04:40:08.579,blofin,ADA/USDT:USDT,0.8263,4.0,0.8265,216.0,0.8268,288347.26,
1753504808579,04:40:08.579,blofin,ADA/USDT:USDT,0.8263,4.0,0.8265,216.0,0.8268,288347.26,
1753504808579,04:40:08.579,blofin,ADA/USDT:USDT,0.8263,4.0,0.8265,213.0,0.8268,288347.26,
1753504808579,04:40:08.579,blofin,ADA/USDT:USDT,0.8263,570.0,0.8265,266.0,0.8268,288347.26,
1753504808579,04:40:08.579,blofin,ADA/USDT:USDT,0.8263,4.0,0.8265,549.0,0.8268,288347.26,
1753504808579,04:40:08.579,blofin,ADA/USDT:USDT,0.8263,4.0,0.8265,545.0,0.8268,288347.26,
1753504808579,04:40:08.579,blofin,ADA/USDT:USDT,0.8263,3.0,0.8265,270.0,0.8268,288347.26,
1753504808579,04:40:08.579,blofin,ADA/USDT:USDT,0.8263,3.0,0.8265,270.0,0.8268,288347.26,
1753504816553,04:40:16.553,blofin,ADA/USDT:USDT,0.8263,3.0,0.8265,270.0,0.8265,288348.26,
1753504816553,04:40:16.553,blofin,ADA/USDT:USDT,0.8265,825.0,0.8266,4.0,0.8265,288348.26,
1753504816553,04:40:16.553,blofin,ADA/USDT:USDT,0.8265,545.0,0.8266,4.0,0.8265,288348.26,
1753504816553,04:40:16.553,blofin,ADA/USDT:USDT,0.8265,548.0,0.8266,4.0,0.8265,288348.26,
1753504816553,04:40:16.553,blofin,ADA/USDT:USDT,0.8265,548.0,0.8266,4.0,0.8265,288348.26,
1753504816553,04:40:16.553,blofin,ADA/USDT:USDT,0.8265,319.0,0.8266,4.0,0.8265,288348.26,
1753504816553,04:40:16.553,blofin,ADA/USDT:USDT,0.8265,317.0,0.8266,4.0,0.8265,288348.26,
1753504816553,04:40:16.553,blofin,ADA/USDT:USDT,0.8265,318.0,0.8266,4.0,0.8265,288348.26,
1753504816553,04:40:16.553,blofin,ADA/USDT:USDT,0.8265,297.0,0.8266,4.0,0.8265,288348.26,
1753504816553,04:40:16.553,blofin,ADA/USDT:USDT,0.8265,297.0,0.8266,4.0,0.8265,288348.26,
1753504816553,04:40:16.553,blofin,ADA/USDT:USDT,0.8265,297.0,0.8266,4.0,0.8265,288348.26,
1753504816553,04:40:16.553,blofin,ADA/USDT:USDT,0.8265,283.0,0.8266,4.0,0.8265,288348.26,
1753504816553,04:40:16.553,blofin,ADA/USDT:USDT,0.8265,342.0,0.8266,4.0,0.8265,288348.26,
1753504816553,04:40:16.553,blofin,ADA/USDT:USDT,0.8265,342.0,0.8266,4.0,0.8265,288348.26,
1753504816553,04:40:16.553,blofin,ADA/USDT:USDT,0.8266,326.0,0.8268,2.0,0.8265,288348.26,
1753504816553,04:40:16.553,blofin,ADA/USDT:USDT,0.8266,326.0,0.8268,2.0,0.8265,288348.26,
1753504816553,04:40:16.553,blofin,ADA/USDT:USDT,0.8266,326.0,0.8268,2.0,0.8265,288348.26,
1753504816553,04:40:16.553,blofin,ADA/USDT:USDT,0.8266,323.0,0.8268,576.0,0.8265,288348.26,
1753504816553,04:40:16.553,blofin,ADA/USDT:USDT,0.8266,323.0,0.8268,579.0,0.8265,288348.26,
1753504816553,04:40:16.553,blofin,ADA/USDT:USDT,0.8266,323.0,0.8268,579.0,0.8265,288348.26,
1753504816553,04:40:16.553,blofin,ADA/USDT:USDT,0.8266,323.0,0.8267,581.0,0.8265,288348.26,
1753504816553,04:40:16.553,blofin,ADA/USDT:USDT,0.8266,323.0,0.8267,1216.0,0.8265,288348.26,
1753504816553,04:40:16.553,blofin,ADA/USDT:USDT,0.8265,8.0,0.8266,818.0,0.8265,288348.26,
1753504816553,04:40:16.553,blofin,ADA/USDT:USDT,0.8265,8.0,0.8266,818.0,0.8265,288348.26,
1753504816553,04:40:16.553,blofin,ADA/USDT:USDT,0.8265,4.0,0.8266,816.0,0.8265,288348.26,
1753504816553,04:40:16.553,blofin,ADA/USDT:USDT,0.8265,4.0,0.8266,819.0,0.8265,288348.26,
1753504816553,04:40:16.553,blofin,ADA/USDT:USDT,0.8265,4.0,0.8266,822.0,0.8265,288348.26,
1753504816553,04:40:16.553,blofin,ADA/USDT:USDT,0.8265,4.0,0.8266,822.0,0.8265,288348.26,
1753504816553,04:40:16.553,blofin,ADA/USDT:USDT,0.8265,4.0,0.8266,822.0,0.8265,288348.26,
1753504816553,04:40:16.553,blofin,ADA/USDT:USDT,0.8265,4.0,0.8266,721.0,0.8265,288348.26,
1753504816553,04:40:16.553,blofin,ADA/USDT:USDT,0.8265,4.0,0.8266,721.0,0.8265,288348.26,
1753504816553,04:40:16.553,blofin,ADA/USDT:USDT,0.8265,4.0,0.8266,142.0,0.8265,288348.26,
1753504816553,04:40:16.553,blofin,ADA/USDT:USDT,0.8265,4.0,0.8266,405.0,0.8265,288348.26,
1753504816553,04:40:16.553,blofin,ADA/USDT:USDT,0.8265,4.0,0.8266,405.0,0.8265,288348.26,
1753504816553,04:40:16.553,blofin,ADA/USDT:USDT,0.8265,4.0,0.8266,405.0,0.8265,288348.26,
1753504816553,04:40:16.553,blofin,ADA/USDT:USDT,0.8265,4.0,0.8266,613.0,0.8265,288348.26,
1753504816553,04:40:16.553,blofin,ADA/USDT:USDT,0.8265,4.0,0.8266,616.0,0.8265,288348.26,
1753504816553,04:40:16.553,blofin,ADA/USDT:USDT,0.8265,4.0,0.8266,616.0,0.8265,288348.26,
1753504816553,04:40:16.553,blofin,ADA/USDT:USDT,0.8265,4.0,0.8266,616.0,0.8265,288348.26,
1753504816553,04:40:16.553,blofin,ADA/USDT:USDT,0.8265,4.0,0.8266,616.0,0.8265,288348.26,
1753504816553,04:40:16.553,blofin,ADA/USDT:USDT,0.8265,4.0,0.8266,610.0,0.8265,288348.26,
1753504816553,04:40:16.553,blofin,ADA/USDT:USDT,0.8265,4.0,0.8266,610.0,0.8265,288348.26,
1753504816553,04:40:16.553,blofin,ADA/USDT:USDT,0.8265,4.0,0.8266,610.0,0.8265,288348.26,
1753504838052,04:40:38.052,blofin,ADA/USDT:USDT,0.8265,4.0,0.8266,535.0,0.8263,288359.26,
1753504838052,04:40:38.052,blofin,ADA/USDT:USDT,0.826,21.0,0.8262,1276.0,0.8263,288359.26,
1753504838052,04:40:38.052,blofin,ADA/USDT:USDT,0.826,21.0,0.8262,1276.0,0.8263,288359.26,
1753504838052,04:40:38.052,blofin,ADA/USDT:USDT,0.826,665.0,0.8262,309.0,0.8263,288359.26,
1753504838052,04:40:38.052,blofin,ADA/USDT:USDT,0.826,1.0,0.8262,600.0,0.8263,288359.26,
1753504838052,04:40:38.052,blofin,ADA/USDT:USDT,0.826,1.0,0.8262,601.0,0.8263,288359.26,
1753504838052,04:40:38.052,blofin,ADA/USDT:USDT,0.826,1.0,0.8262,601.0,0.8263,288359.26,
1753504838052,04:40:38.052,blofin,ADA/USDT:USDT,0.8259,37.0,0.8262,602.0,0.8263,288359.26,
1753504838052,04:40:38.052,blofin,ADA/USDT:USDT,0.8259,36.0,0.8262,602.0,0.8263,288359.26,
1753504842842,04:40:42.842,blofin,ADA/USDT:USDT,0.8259,1.0,0.8261,611.0,0.826,288364.26,
1753504842842,04:40:42.842,blofin,ADA/USDT:USDT,0.8258,139.0,0.826,1031.0,0.826,288364.26,
1753504842842,04:40:42.842,blofin,ADA/USDT:USDT,0.8258,139.0,0.826,1031.0,0.826,288364.26,
1753504842842,04:40:42.842,blofin,ADA/USDT:USDT,0.8258,137.0,0.826,1031.0,0.826,288364.26,
1753504842842,04:40:42.842,blofin,ADA/USDT:USDT,0.8257,923.0,0.826,52.0,0.826,288364.26,
1753504842842,04:40:42.842,blofin,ADA/USDT:USDT,0.8257,922.0,0.826,52.0,0.826,288364.26,
1753504842842,04:40:42.842,blofin,ADA/USDT:USDT,0.8257,625.0,0.826,279.0,0.826,288364.26,
1753504842842,04:40:42.842,blofin,ADA/USDT:USDT,0.8257,625.0,0.826,279.0,0.826,288364.26,
1753504842842,04:40:42.842,blofin,ADA/USDT:USDT,0.8258,346.0,0.826,286.0,0.826,288364.26,
1753504842842,04:40:42.842,blofin,ADA/USDT:USDT,0.8258,346.0,0.826,286.0,0.826,288364.26,
1753504842842,04:40:42.842,blofin,ADA/USDT:USDT,0.8257,411.0,0.826,563.0,0.826,288364.26,
1753504842842,04:40:42.842,blofin,ADA/USDT:USDT,0.8257,374.0,0.826,391.0,0.826,288364.26,
1753504848641,04:40:48.641,blofin,ADA/USDT:USDT,0.8257,321.0,0.8259,78.0,0.826,288374.26,
1753504848641,04:40:48.641,blofin,ADA/USDT:USDT,0.8257,321.0,0.8259,78.0,0.826,288374.26,
1753504848641,04:40:48.641,blofin,ADA/USDT:USDT,0.8257,482.0,0.826,773.0,0.826,288374.26,
1753504848641,04:40:48.641,blofin,ADA/USDT:USDT,0.8257,482.0,0.826,773.0,0.826,288374.26,
1753504848641,04:40:48.641,blofin,ADA/USDT:USDT,0.8257,475.0,0.8259,1003.0,0.826,288374.26,
1753504848641,04:40:48.641,blofin,ADA/USDT:USDT,0.8257,605.0,0.8259,413.0,0.826,288374.26,
1753504848641,04:40:48.641,blofin,ADA/USDT:USDT,0.8257,605.0,0.8259,413.0,0.826,288374.26,
1753504848641,04:40:48.641,blofin,ADA/USDT:USDT,0.8257,605.0,0.8259,413.0,0.826,288374.26,
1753504848641,04:40:48.641,blofin,ADA/USDT:USDT,0.8257,319.0,0.8259,411.0,0.826,288374.26,
1753504848641,04:40:48.641,blofin,ADA/USDT:USDT,0.8257,736.0,0.8259,338.0,0.826,288374.26,
1753504848641,04:40:48.641,blofin,ADA/USDT:USDT,0.8257,736.0,0.8259,338.0,0.826,288374.26,
1753504848641,04:40:48.641,blofin,ADA/USDT:USDT,0.8257,317.0,0.8259,228.0,0.826,288374.26,
1753504848641,04:40:48.641,blofin,ADA/USDT:USDT,0.8257,317.0,0.8259,228.0,0.826,288374.26,
1753504855923,04:40:55.923,blofin,ADA/USDT:USDT,0.8256,448.0,0.8259,200.0,0.8259,288375.05,
1753504855923,04:40:55.923,blofin,ADA/USDT:USDT,0.8256,448.0,0.8259,200.0,0.8259,288375.05,
1753504855923,04:40:55.923,blofin,ADA/USDT:USDT,0.8256,448.0,0.8259,200.0,0.8259,288375.05,
1753504855923,04:40:55.923,blofin,ADA/USDT:USDT,0.8256,388.0,0.8259,260.0,0.8259,288375.05,
1753504855923,04:40:55.923,blofin,ADA/USDT:USDT,0.8256,386.0,0.8259,260.0,0.8259,288375.05,
1753504855923,04:40:55.923,blofin,ADA/USDT:USDT,0.8257,243.0,0.8259,505.0,0.8259,288375.05,
1753504855923,04:40:55.923,blofin,ADA/USDT:USDT,0.8257,5.0,0.8259,319.0,0.8259,288375.05,
1753504855923,04:40:55.923,blofin,ADA/USDT:USDT,0.8257,5.0,0.8259,320.0,0.8259,288375.05,
1753504855923,04:40:55.923,blofin,ADA/USDT:USDT,0.8257,5.0,0.8259,320.0,0.8259,288375.05,
1753504855923,04:40:55.923,blofin,ADA/USDT:USDT,0.8257,5.0,0.8259,504.0,0.8259,288375.05,
1753504855923,04:40:55.923,blofin,ADA/USDT:USDT,0.8257,5.0,0.8259,502.0,0.8259,288375.05,
1753504855923,04:40:55.923,blofin,ADA/USDT:USDT,0.8256,321.0,0.8259,313.0,0.8259,288375.05,
1753504855923,04:40:55.923,blofin,ADA/USDT:USDT,0.8257,332.0,0.8259,353.0,0.8259,288375.05,
1753504855923,04:40:55.923,blofin,ADA/USDT:USDT,0.8257,332.0,0.8259,353.0,0.8259,288375.05,
1753504855923,04:40:55.923,blofin,ADA/USDT:USDT,0.8257,332.0,0.8259,353.0,0.8259,288375.05,
1753504855923,04:40:55.923,blofin,ADA/USDT:USDT,0.8256,258.0,0.8259,343.0,0.8259,288375.05,
1753504855923,04:40:55.923,blofin,ADA/USDT:USDT,0.8258,459.0,0.8259,2.0,0.8259,288375.05,
1753504855923,04:40:55.923,blofin,ADA/USDT:USDT,0.8257,366.0,0.8259,1.0,0.8259,288375.05,
1753504855923,04:40:55.923,blofin,ADA/USDT:USDT,0.8257,366.0,0.8259,1.0,0.8259,288375.05,
1753504855923,04:40:55.923,blofin,ADA/USDT:USDT,0.8258,596.0,0.8259,1.0,0.8259,288375.05,
1753504855923,04:40:55.923,blofin,ADA/USDT:USDT,0.8258,596.0,0.8259,1.0,0.8259,288375.05,
1753504855923,04:40:55.923,blofin,ADA/USDT:USDT,0.8258,462.0,0.8259,1.0,0.8259,288375.05,
1753504855923,04:40:55.923,blofin,ADA/USDT:USDT,0.8258,462.0,0.8259,1.0,0.8259,288375.05,
1753504855923,04:40:55.923,blofin,ADA/USDT:USDT,0.8258,17.0,0.8259,1.0,0.8259,288375.05,
1753504868579,04:41:08.579,blofin,ADA/USDT:USDT,0.8258,15.0,0.8259,1.0,0.8259,288223.24,
1753504868579,04:41:08.579,blofin,ADA/USDT:USDT,0.8257,451.0,0.8259,1.0,0.8259,288223.24,
1753504868579,04:41:08.579,blofin,ADA/USDT:USDT,0.8257,451.0,0.8259,1.0,0.8259,288223.24,
1753504868579,04:41:08.579,blofin,ADA/USDT:USDT,0.8257,454.0,0.8259,1.0,0.8259,288223.24,
1753504868579,04:41:08.579,blofin,ADA/USDT:USDT,0.8258,442.0,0.8259,1.0,0.8259,288223.24,
1753504868579,04:41:08.579,blofin,ADA/USDT:USDT,0.8258,442.0,0.8259,1.0,0.8259,288223.24,
1753504868579,04:41:08.579,blofin,ADA/USDT:USDT,0.8257,7.0,0.8259,1.0,0.8259,288223.24,
1753504868579,04:41:08.579,blofin,ADA/USDT:USDT,0.8257,7.0,0.8259,1.0,0.8259,288223.24,
1753504868579,04:41:08.579,blofin,ADA/USDT:USDT,0.8257,7.0,0.8259,1.0,0.8259,288223.24,
1753504868579,04:41:08.579,blofin,ADA/USDT:USDT,0.8258,157.0,0.8259,1.0,0.8259,288223.24,
1753504868579,04:41:08.579,blofin,ADA/USDT:USDT,0.8258,1.0,0.8259,1.0,0.8259,288223.24,
1753504868579,04:41:08.579,blofin,ADA/USDT:USDT,0.8258,3.0,0.8259,1.0,0.8259,288223.24,
1753504868579,04:41:08.579,blofin,ADA/USDT:USDT,0.8258,1.0,0.8259,785.0,0.8259,288223.24,
1753504868579,04:41:08.579,blofin,ADA/USDT:USDT,0.8258,1.0,0.8259,785.0,0.8259,288223.24,
1753504868579,04:41:08.579,blofin,ADA/USDT:USDT,0.8257,51.0,0.8259,1.0,0.8259,288223.24,
1753504868579,04:41:08.579,blofin,ADA/USDT:USDT,0.8257,49.0,0.8259,1.0,0.8259,288223.24,
1753504868579,04:41:08.579,blofin,ADA/USDT:USDT,0.8257,49.0,0.8259,1.0,0.8259,288223.24,
1753504868579,04:41:08.579,blofin,ADA/USDT:USDT,0.8257,1.0,0.8259,452.0,0.8259,288223.24,
1753504868579,04:41:08.579,blofin,ADA/USDT:USDT,0.8256,647.0,0.8259,239.0,0.8259,288223.24,
1753504868579,04:41:08.579,blofin,ADA/USDT:USDT,0.8256,604.0,0.8259,304.0,0.8259,288223.24,
1753504868579,04:41:08.579,blofin,ADA/USDT:USDT,0.8256,604.0,0.8259,304.0,0.8259,288223.24,
1753504868579,04:41:08.579,blofin,ADA/USDT:USDT,0.8256,604.0,0.8259,304.0,0.8259,288223.24,
1753504868579,04:41:08.579,blofin,ADA/USDT:USDT,0.8256,676.0,0.8259,219.0,0.8259,288223.24,
1753504868579,04:41:08.579,blofin,ADA/USDT:USDT,0.8256,675.0,0.8259,219.0,0.8259,288223.24,
1753504868579,04:41:08.579,blofin,ADA/USDT:USDT,0.8256,550.0,0.8259,247.0,0.8259,288223.24,
1753504868579,04:41:08.579,blofin,ADA/USDT:USDT,0.8256,550.0,0.8259,247.0,0.8259,288223.24,
1753504868579,04:41:08.579,blofin,ADA/USDT:USDT,0.8257,556.0,0.8259,224.0,0.8259,288223.24,
1753504868579,04:41:08.579,blofin,ADA/USDT:USDT,0.8257,559.0,0.8259,224.0,0.8259,288223.24,
1753504868579,04:41:08.579,blofin,ADA/USDT:USDT,0.8256,590.0,0.8259,226.0,0.8259,288223.24,
1753504868579,04:41:08.579,blofin,ADA/USDT:USDT,0.8256,590.0,0.8259,226.0,0.8259,288223.24,
1753504868579,04:41:08.579,blofin,ADA/USDT:USDT,0.8256,556.0,0.8259,244.0,0.8259,288223.24,
1753504868579,04:41:08.579,blofin,ADA/USDT:USDT,0.8256,556.0,0.8259,244.0,0.8259,288223.24,
1753504868579,04:41:08.579,blofin,ADA/USDT:USDT,0.8256,588.0,0.8259,225.0,0.8259,288223.24,
1753504868579,04:41:08.579,blofin,ADA/USDT:USDT,0.8256,564.0,0.8259,62.0,0.8259,288223.24,
1753504868579,04:41:08.579,blofin,ADA/USDT:USDT,0.8256,564.0,0.8259,62.0,0.8259,288223.24,
1753504868579,04:41:08.579,blofin,ADA/USDT:USDT,0.8256,564.0,0.8259,61.0,0.8259,288223.24,
1753504868579,04:41:08.579,blofin,ADA/USDT:USDT,0.8256,440.0,0.8259,595.0,0.8259,288223.24,
1753504868579,04:41:08.579,blofin,ADA/USDT:USDT,0.8256,14.0,0.8259,717.0,0.8259,288223.24,
1753504868579,04:41:08.579,blofin,ADA/USDT:USDT,0.8256,1.0,0.8258,700.0,0.8259,288223.24,
1753504868579,04:41:08.579,blofin,ADA/USDT:USDT,0.8256,1.0,0.8258,700.0,0.8259,288223.24,
1753504868579,04:41:08.579,blofin,ADA/USDT:USDT,0.8256,1.0,0.8258,59.0,0.8259,288223.24,
1753504868579,04:41:08.579,blofin,ADA/USDT:USDT,0.8256,1.0,0.8258,55.0,0.8259,288223.24,
1753504868579,04:41:08.579,blofin,ADA/USDT:USDT,0.8256,752.0,0.8258,12.0,0.8259,288223.24,
1753504868579,04:41:08.579,blofin,ADA/USDT:USDT,0.8256,2.0,0.8258,19.0,0.8259,288223.24,
1753504868579,04:41:08.579,blofin,ADA/USDT:USDT,0.8256,2.0,0.8258,17.0,0.8259,288223.24,
1753504868579,04:41:08.579,blofin,ADA/USDT:USDT,0.8256,1.0,0.8258,57.0,0.8259,288223.24,
1753504868579,04:41:08.579,blofin,ADA/USDT:USDT,0.8256,1.0,0.8258,57.0,0.8259,288223.24,
1753504868579,04:41:08.579,blofin,ADA/USDT:USDT,0.8256,1.0,0.8258,120.0,0.8259,288223.24,
1753504893149,04:41:33.149,blofin,ADA/USDT:USDT,0.8256,1014.0,0.8258,1.0,0.8258,288232.24,
1753504893149,04:41:33.149,blofin,ADA/USDT:USDT,0.8256,1014.0,0.8258,1.0,0.8258,288232.24,
1753504893149,04:41:33.149,blofin,ADA/USDT:USDT,0.8256,1016.0,0.8258,1.0,0.8258,288232.24,
1753504893149,04:41:33.149,blofin,ADA/USDT:USDT,0.8256,1029.0,0.8259,226.0,0.8258,288232.24,
1753504893149,04:41:33.149,blofin,ADA/USDT:USDT,0.8256,1029.0,0.8259,226.0,0.8258,288232.24,
1753504893149,04:41:33.149,blofin,ADA/USDT:USDT,0.8256,1.0,0.8258,545.0,0.8258,288232.24,
1753504893149,04:41:33.149,blofin,ADA/USDT:USDT,0.8256,1.0,0.8258,545.0,0.8258,288232.24,
1753504893149,04:41:33.149,blofin,ADA/USDT:USDT,0.8256,141.0,0.8258,1293.0,0.8258,288232.24,
1753504893149,04:41:33.149,blofin,ADA/USDT:USDT,0.8256,141.0,0.8258,1293.0,0.8258,288232.24,
1753504893149,04:41:33.149,blofin,ADA/USDT:USDT,0.8256,2.0,0.8258,1113.0,0.8258,288232.24,
1753504893149,04:41:33.149,blofin,ADA/USDT:USDT,0.8256,505.0,0.8258,353.0,0.8258,288232.24,
1753504899044,04:41:39.044,blofin,ADA/USDT:USDT,0.8256,505.0,0.8258,353.0,0.8256,288234.24,
1753504899044,04:41:39.044,blofin,ADA/USDT:USDT,0.8256,521.0,0.8258,3.0,0.8256,288234.24,
1753504899044,04:41:39.044,blofin,ADA/USDT:USDT,0.8257,1251.0,0.8258,3.0,0.8256,288234.24,
1753504899044,04:41:39.044,blofin,ADA/USDT:USDT,0.8257,2.0,0.8258,3.0,0.8256,288234.24,
1753504899044,04:41:39.044,blofin,ADA/USDT:USDT,0.8256,1011.0,0.8258,3.0,0.8256,288234.24,
1753504899044,04:41:39.044,blofin,ADA/USDT:USDT,0.8256,1011.0,0.8258,3.0,0.8256,288234.24,
1753504899044,04:41:39.044,blofin,ADA/USDT:USDT,0.8256,983.0,0.8259,217.0,0.8256,288234.24,
1753504899044,04:41:39.044,blofin,ADA/USDT:USDT,0.8256,983.0,0.8259,219.0,0.8256,288234.24,
1753504899044,04:41:39.044,blofin,ADA/USDT:USDT,0.8256,983.0,0.8259,219.0,0.8256,288234.24,
1753504899044,04:41:39.044,blofin,ADA/USDT:USDT,0.8256,1005.0,0.8259,432.0,0.8256,288234.24,
1753504899044,04:41:39.044,blofin,ADA/USDT:USDT,0.8256,810.0,0.8259,517.0,0.8256,288234.24,
1753504899044,04:41:39.044,blofin,ADA/USDT:USDT,0.8256,856.0,0.8259,244.0,0.8256,288234.24,
1753504899044,04:41:39.044,blofin,ADA/USDT:USDT,0.8256,856.0,0.8259,244.0,0.8256,288234.24,
1753504899044,04:41:39.044,blofin,ADA/USDT:USDT,0.8256,857.0,0.8259,242.0,0.8256,288234.24,
1753504899044,04:41:39.044,blofin,ADA/USDT:USDT,0.8256,660.0,0.8259,379.0,0.8256,288234.24,
1753504899044,04:41:39.044,blofin,ADA/USDT:USDT,0.8256,660.0,0.8259,382.0,0.8256,288234.24,
1753504899044,04:41:39.044,blofin,ADA/USDT:USDT,0.8256,650.0,0.8259,559.0,0.8256,288234.24,
1753504899044,04:41:39.044,blofin,ADA/USDT:USDT,0.8256,646.0,0.8259,306.0,0.8256,288234.24,
1753504899044,04:41:39.044,blofin,ADA/USDT:USDT,0.8256,646.0,0.8259,308.0,0.8256,288234.24,
1753504899044,04:41:39.044,blofin,ADA/USDT:USDT,0.8256,667.0,0.8259,488.0,0.8256,288234.24,
1753504899044,04:41:39.044,blofin,ADA/USDT:USDT,0.8256,648.0,0.8259,448.0,0.8256,288234.24,
1753504899044,04:41:39.044,blofin,ADA/USDT:USDT,0.8256,648.0,0.8259,448.0,0.8256,288234.24,
1753504899044,04:41:39.044,blofin,ADA/USDT:USDT,0.8256,647.0,0.8259,447.0,0.8256,288234.24,
1753504899044,04:41:39.044,blofin,ADA/USDT:USDT,0.8257,820.0,0.8259,271.0,0.8256,288234.24,
1753504899044,04:41:39.044,blofin,ADA/USDT:USDT,0.8257,820.0,0.8259,269.0,0.8256,288234.24,
1753504899044,04:41:39.044,blofin,ADA/USDT:USDT,0.8257,825.0,0.8259,241.0,0.8256,288234.24,
1753504899044,04:41:39.044,blofin,ADA/USDT:USDT,0.8257,825.0,0.8259,241.0,0.8256,288234.24,
1753504899044,04:41:39.044,blofin,ADA/USDT:USDT,0.8257,5.0,0.8259,236.0,0.8256,288234.24,
1753504899044,04:41:39.044,blofin,ADA/USDT:USDT,0.8257,777.0,0.8259,479.0,0.8256,288234.24,
1753504899044,04:41:39.044,blofin,ADA/USDT:USDT,0.8257,777.0,0.8259,479.0,0.8256,288234.24,
1753504899044,04:41:39.044,blofin,ADA/USDT:USDT,0.8257,774.0,0.8259,479.0,0.8256,288234.24,
1753504899044,04:41:39.044,blofin,ADA/USDT:USDT,0.8257,781.0,0.8259,479.0,0.8256,288234.24,
1753504899044,04:41:39.044,blofin,ADA/USDT:USDT,0.8257,781.0,0.8259,479.0,0.8256,288234.24,
1753504899044,04:41:39.044,blofin,ADA/USDT:USDT,0.8257,3.0,0.8259,479.0,0.8256,288234.24,
1753504899044,04:41:39.044,blofin,ADA/USDT:USDT,0.8256,780.0,0.8259,464.0,0.8256,288234.24,
1753504899044,04:41:39.044,blofin,ADA/USDT:USDT,0.8256,780.0,0.8259,464.0,0.8256,288234.24,
1753504899044,04:41:39.044,blofin,ADA/USDT:USDT,0.8256,780.0,0.8259,464.0,0.8256,288234.24,
1753504899044,04:41:39.044,blofin,ADA/USDT:USDT,0.8256,773.0,0.8259,496.0,0.8256,288234.24,
1753504899044,04:41:39.044,blofin,ADA/USDT:USDT,0.8256,773.0,0.8259,495.0,0.8256,288234.24,
1753504899044,04:41:39.044,blofin,ADA/USDT:USDT,0.8256,773.0,0.8259,495.0,0.8256,288234.24,
1753504899044,04:41:39.044,blofin,ADA/USDT:USDT,0.8256,841.0,0.8259,233.0,0.8256,288234.24,
1753504899044,04:41:39.044,blofin,ADA/USDT:USDT,0.8256,767.0,0.8259,624.0,0.8256,288234.24,
1753504899044,04:41:39.044,blofin,ADA/USDT:USDT,0.8256,765.0,0.8259,624.0,0.8256,288234.24,
1753504899044,04:41:39.044,blofin,ADA/USDT:USDT,0.8256,784.0,0.8259,621.0,0.8256,288234.24,
1753504899044,04:41:39.044,blofin,ADA/USDT:USDT,0.8257,781.0,0.8259,303.0,0.8256,288234.24,
1753504899044,04:41:39.044,blofin,ADA/USDT:USDT,0.8257,781.0,0.8259,303.0,0.8256,288234.24,
1753504899044,04:41:39.044,blofin,ADA/USDT:USDT,0.8257,785.0,0.8259,303.0,0.8256,288234.24,
1753504922956,04:42:02.956,blofin,ADA/USDT:USDT,0.8257,4.0,0.8259,193.0,0.8258,287926.93,
1753504922956,04:42:02.956,blofin,ADA/USDT:USDT,0.8258,427.0,0.8259,2.0,0.8258,287926.93,
1753504922956,04:42:02.956,blofin,ADA/USDT:USDT,0.8257,224.0,0.8259,2.0,0.8258,287926.93,
1753504922956,04:42:02.956,blofin,ADA/USDT:USDT,0.8257,224.0,0.8259,2.0,0.8258,287926.93,
1753504924748,04:42:04.748,blofin,ADA/USDT:USDT,0.8257,64.0,0.8259,2.0,0.826,287936.93,
1753504924748,04:42:04.748,blofin,ADA/USDT:USDT,0.8259,927.0,0.826,630.0,0.826,287936.93,
1753504924748,04:42:04.748,blofin,ADA/USDT:USDT,0.8258,707.0,0.8261,73.0,0.826,287936.93,
1753504926545,04:42:06.545,blofin,ADA/USDT:USDT,0.8258,826.0,0.8261,5.0,0.8262,287950.93,
1753504926545,04:42:06.545,blofin,ADA/USDT:USDT,0.8258,826.0,0.8261,5.0,0.8262,287950.93,
1753504926545,04:42:06.545,blofin,ADA/USDT:USDT,0.8262,769.0,0.8263,450.0,0.8262,287950.93,
1753504926545,04:42:06.545,blofin,ADA/USDT:USDT,0.826,238.0,0.8263,288.0,0.8262,287950.93,
1753504926545,04:42:06.545,blofin,ADA/USDT:USDT,0.8261,455.0,0.8263,412.0,0.8262,287950.93,
1753504926545,04:42:06.545,blofin,ADA/USDT:USDT,0.8261,457.0,0.8263,412.0,0.8262,287950.93,
1753504926545,04:42:06.545,blofin,ADA/USDT:USDT,0.8261,457.0,0.8263,412.0,0.8262,287950.93,
1753504926545,04:42:06.545,blofin,ADA/USDT:USDT,0.8261,2.0,0.8263,4.0,0.8262,287950.93,
1753504926545,04:42:06.545,blofin,ADA/USDT:USDT,0.8261,519.0,0.8263,2.0,0.8262,287950.93,
1753504930923,04:42:10.923,blofin,ADA/USDT:USDT,0.8262,660.0,0.8265,252.0,0.8265,287969.08,
1753504930923,04:42:10.923,blofin,ADA/USDT:USDT,0.8262,660.0,0.8265,252.0,0.8265,287969.08,
1753504930923,04:42:10.923,blofin,ADA/USDT:USDT,0.8261,600.0,0.8264,264.0,0.8265,287969.08,
1753504930923,04:42:10.923,blofin,ADA/USDT:USDT,0.8261,600.0,0.8264,265.0,0.8265,287969.08,
1753504930923,04:42:10.923,blofin,ADA/USDT:USDT,0.8261,630.0,0.8264,98.0,0.8265,287969.08,
1753504930923,04:42:10.923,blofin,ADA/USDT:USDT,0.8261,637.0,0.8264,4.0,0.8265,287969.08,
1753504930923,04:42:10.923,blofin,ADA/USDT:USDT,0.8261,637.0,0.8264,4.0,0.8265,287969.08,
1753504930923,04:42:10.923,blofin,ADA/USDT:USDT,0.8261,637.0,0.8264,4.0,0.8265,287969.08,
1753504930923,04:42:10.923,blofin,ADA/USDT:USDT,0.8261,203.0,0.8264,323.0,0.8265,287969.08,
1753504930923,04:42:10.923,blofin,ADA/USDT:USDT,0.8261,200.0,0.8264,323.0,0.8265,287969.08,
1753504930923,04:42:10.923,blofin,ADA/USDT:USDT,0.8262,79.0,0.8264,622.0,0.8265,287969.08,
1753504930923,04:42:10.923,blofin,ADA/USDT:USDT,0.8262,79.0,0.8264,622.0,0.8265,287969.08,
1753504930923,04:42:10.923,blofin,ADA/USDT:USDT,0.8261,58.0,0.8264,529.0,0.8265,287969.08,
1753504930923,04:42:10.923,blofin,ADA/USDT:USDT,0.8261,58.0,0.8264,529.0,0.8265,287969.08,
1753504930923,04:42:10.923,blofin,ADA/USDT:USDT,0.8261,404.0,0.8264,129.0,0.8265,287969.08,
1753504930923,04:42:10.923,blofin,ADA/USDT:USDT,0.8261,506.0,0.8264,13.0,0.8265,287969.08,
1753504930923,04:42:10.923,blofin,ADA/USDT:USDT,0.8261,506.0,0.8264,13.0,0.8265,287969.08,
1753504930923,04:42:10.923,blofin,ADA/USDT:USDT,0.8261,506.0,0.8264,15.0,0.8265,287969.08,
1753504930923,04:42:10.923,blofin,ADA/USDT:USDT,0.8261,529.0,0.8264,14.0,0.8265,287969.08,
1753504930923,04:42:10.923,blofin,ADA/USDT:USDT,0.8261,651.0,0.8264,23.0,0.8265,287969.08,
1753504930923,04:42:10.923,blofin,ADA/USDT:USDT,0.8261,651.0,0.8264,23.0,0.8265,287969.08,
1753504930923,04:42:10.923,blofin,ADA/USDT:USDT,0.8261,664.0,0.8264,27.0,0.8265,287969.08,
1753504930923,04:42:10.923,blofin,ADA/USDT:USDT,0.8261,664.0,0.8264,27.0,0.8265,287969.08,
1753504930923,04:42:10.923,blofin,ADA/USDT:USDT,0.8261,663.0,0.8264,39.0,0.8265,287969.08,
1753504930923,04:42:10.923,blofin,ADA/USDT:USDT,0.8261,750.0,0.8264,34.0,0.8265,287969.08,
1753504930923,04:42:10.923,blofin,ADA/USDT:USDT,0.8261,750.0,0.8264,34.0,0.8265,287969.08,
1753504930923,04:42:10.923,blofin,ADA/USDT:USDT,0.8261,750.0,0.8264,34.0,0.8265,287969.08,
1753504944657,04:42:24.657,blofin,ADA/USDT:USDT,0.8263,765.0,0.8264,1.0,0.8264,287982.08,
1753504944657,04:42:24.657,blofin,ADA/USDT:USDT,0.8263,426.0,0.8264,1.0,0.8264,287982.08,
1753504944657,04:42:24.657,blofin,ADA/USDT:USDT,0.8263,426.0,0.8264,1.0,0.8264,287982.08,
1753504944657,04:42:24.657,blofin,ADA/USDT:USDT,0.8263,426.0,0.8265,659.0,0.8264,287982.08,
1753504944657,04:42:24.657,blofin,ADA/USDT:USDT,0.8263,164.0,0.8265,527.0,0.8264,287982.08,
1753504944657,04:42:24.657,blofin,ADA/USDT:USDT,0.8263,211.0,0.8265,528.0,0.8264,287982.08,
1753504944657,04:42:24.657,blofin,ADA/USDT:USDT,0.8263,211.0,0.8265,528.0,0.8264,287982.08,
1753504944657,04:42:24.657,blofin,ADA/USDT:USDT,0.8263,211.0,0.8265,528.0,0.8264,287982.08,
1753504944657,04:42:24.657,blofin,ADA/USDT:USDT,0.8263,2.0,0.8265,629.0,0.8264,287982.08,
1753504944657,04:42:24.657,blofin,ADA/USDT:USDT,0.8263,2.0,0.8265,629.0,0.8264,287982.08,
1753504944657,04:42:24.657,blofin,ADA/USDT:USDT,0.8262,17.0,0.8265,630.0,0.8264,287982.08,
1753504944657,04:42:24.657,blofin,ADA/USDT:USDT,0.8262,17.0,0.8265,630.0,0.8264,287982.08,
1753504944657,04:42:24.657,blofin,ADA/USDT:USDT,0.8263,25.0,0.8265,10.0,0.8264,287982.08,
1753504944657,04:42:24.657,blofin,ADA/USDT:USDT,0.8263,25.0,0.8265,10.0,0.8264,287982.08,
1753504944657,04:42:24.657,blofin,ADA/USDT:USDT,0.8263,4.0,0.8265,635.0,0.8264,287982.08,
1753504944657,04:42:24.657,blofin,ADA/USDT:USDT,0.8262,18.0,0.8265,635.0,0.8264,287982.08,
1753504944657,04:42:24.657,blofin,ADA/USDT:USDT,0.8262,18.0,0.8265,635.0,0.8264,287982.08,
1753504944657,04:42:24.657,blofin,ADA/USDT:USDT,0.8262,32.0,0.8265,651.0,0.8264,287982.08,
1753504944657,04:42:24.657,blofin,ADA/USDT:USDT,0.8263,19.0,0.8265,455.0,0.8264,287982.08,
1753504944657,04:42:24.657,blofin,ADA/USDT:USDT,0.8263,22.0,0.8265,455.0,0.8264,287982.08,
1753504944657,04:42:24.657,blofin,ADA/USDT:USDT,0.8263,22.0,0.8265,455.0,0.8264,287982.08,
1753504944657,04:42:24.657,blofin,ADA/USDT:USDT,0.8262,25.0,0.8265,640.0,0.8264,287982.08,
1753504944657,04:42:24.657,blofin,ADA/USDT:USDT,0.8262,23.0,0.8265,646.0,0.8264,287982.08,
1753504944657,04:42:24.657,blofin,ADA/USDT:USDT,0.8262,24.0,0.8265,646.0,0.8264,287982.08,
1753504944657,04:42:24.657,blofin,ADA/USDT:USDT,0.8262,24.0,0.8265,646.0,0.8264,287982.08,
1753504944657,04:42:24.657,blofin,ADA/USDT:USDT,0.8262,151.0,0.8265,390.0,0.8264,287982.08,
1753504957655,04:42:37.655,blofin,ADA/USDT:USDT,0.8262,161.0,0.8265,383.0,0.8264,287989.08,
1753504957655,04:42:37.655,blofin,ADA/USDT:USDT,0.8262,65.0,0.8264,466.0,0.8264,287989.08,
1753504957655,04:42:37.655,blofin,ADA/USDT:USDT,0.8262,4.0,0.8264,720.0,0.8264,287989.08,
1753504957655,04:42:37.655,blofin,ADA/USDT:USDT,0.8262,4.0,0.8264,720.0,0.8264,287989.08,
1753504957655,04:42:37.655,blofin,ADA/USDT:USDT,0.8262,4.0,0.8264,734.0,0.8264,287989.08,
1753504957655,04:42:37.655,blofin,ADA/USDT:USDT,0.8262,4.0,0.8263,766.0,0.8264,287989.08,
1753504957655,04:42:37.655,blofin,ADA/USDT:USDT,0.8262,4.0,0.8263,770.0,0.8264,287989.08,
1753504957655,04:42:37.655,blofin,ADA/USDT:USDT,0.8262,4.0,0.8263,770.0,0.8264,287989.08,
1753504957655,04:42:37.655,blofin,ADA/USDT:USDT,0.8262,4.0,0.8263,402.0,0.8264,287989.08,
1753504957655,04:42:37.655,blofin,ADA/USDT:USDT,0.8262,4.0,0.8263,164.0,0.8264,287989.08,
1753504957655,04:42:37.655,blofin,ADA/USDT:USDT,0.8262,4.0,0.8263,42.0,0.8264,287989.08,
1753504957655,04:42:37.655,blofin,ADA/USDT:USDT,0.8262,4.0,0.8263,42.0,0.8264,287989.08,
1753504957655,04:42:37.655,blofin,ADA/USDT:USDT,0.8262,4.0,0.8264,46.0,0.8264,287989.08,
1753504957655,04:42:37.655,blofin,ADA/USDT:USDT,0.8262,620.0,0.8264,225.0,0.8264,287989.08,
1753504957655,04:42:37.655,blofin,ADA/USDT:USDT,0.8262,620.0,0.8264,225.0,0.8264,287989.08,
1753504957655,04:42:37.655,blofin,ADA/USDT:USDT,0.8262,4.0,0.8264,122.0,0.8264,287989.08,
1753504957655,04:42:37.655,blofin,ADA/USDT:USDT,0.8262,4.0,0.8264,122.0,0.8264,287989.08,
1753504957655,04:42:37.655,blofin,ADA/USDT:USDT,0.8262,4.0,0.8264,4.0,0.8264,287989.08,
1753504957655,04:42:37.655,blofin,ADA/USDT:USDT,0.8262,4.0,0.8264,4.0,0.8264,287989.08,
1753504957655,04:42:37.655,blofin,ADA/USDT:USDT,0.8262,784.0,0.8264,6.0,0.8264,287989.08,
1753504957655,04:42:37.655,blofin,ADA/USDT:USDT,0.8262,810.0,0.8264,2.0,0.8264,287989.08,
1753504957655,04:42:37.655,blofin,ADA/USDT:USDT,0.8262,706.0,0.8265,155.0,0.8264,287989.08,
1753504957655,04:42:37.655,blofin,ADA/USDT:USDT,0.8262,706.0,0.8265,155.0,0.8264,287989.08,
1753504957655,04:42:37.655,blofin,ADA/USDT:USDT,0.8262,491.0,0.8265,373.0,0.8264,287989.08,
1753504957655,04:42:37.655,blofin,ADA/USDT:USDT,0.8262,491.0,0.8265,377.0,0.8264,287989.08,
1753504957655,04:42:37.655,blofin,ADA/USDT:USDT,0.8262,517.0,0.8265,15.0,0.8264,287989.08,
1753504971156,04:42:51.156,blofin,ADA/USDT:USDT,0.8262,517.0,0.8265,15.0,0.8263,288003.08,
1753504971156,04:42:51.156,blofin,ADA/USDT:USDT,0.8263,1053.0,0.8265,5.0,0.8263,288003.08,
1753504971156,04:42:51.156,blofin,ADA/USDT:USDT,0.8263,1053.0,0.8265,5.0,0.8263,288003.08,
1753504971156,04:42:51.156,blofin,ADA/USDT:USDT,0.8264,1164.0,0.8265,5.0,0.8263,288003.08,
1753504971156,04:42:51.156,blofin,ADA/USDT:USDT,0.8264,1319.0,0.8265,5.0,0.8263,288003.08,
1753504971156,04:42:51.156,blofin,ADA/USDT:USDT,0.8263,1318.0,0.8265,5.0,0.8263,288003.08,
1753504971156,04:42:51.156,blofin,ADA/USDT:USDT,0.8263,1318.0,0.8265,5.0,0.8263,288003.08,
1753504971156,04:42:51.156,blofin,ADA/USDT:USDT,0.8263,1318.0,0.8265,5.0,0.8263,288003.08,
1753504971156,04:42:51.156,blofin,ADA/USDT:USDT,0.8263,123.0,0.8265,5.0,0.8263,288003.08,
1753504971156,04:42:51.156,blofin,ADA/USDT:USDT,0.8263,124.0,0.8266,649.0,0.8263,288003.08,
1753504971156,04:42:51.156,blofin,ADA/USDT:USDT,0.8263,124.0,0.8266,649.0,0.8263,288003.08,
1753504971156,04:42:51.156,blofin,ADA/USDT:USDT,0.8263,129.0,0.8266,667.0,0.8263,288003.08,
1753504971156,04:42:51.156,blofin,ADA/USDT:USDT,0.8263,129.0,0.8266,680.0,0.8263,288003.08,
1753504971156,04:42:51.156,blofin,ADA/USDT:USDT,0.8263,244.0,0.8266,373.0,0.8263,288003.08,
1753504971156,04:42:51.156,blofin,ADA/USDT:USDT,0.8263,244.0,0.8266,373.0,0.8263,288003.08,
1753504971156,04:42:51.156,blofin,ADA/USDT:USDT,0.8264,120.0,0.8266,553.0,0.8263,288003.08,
1753504971156,04:42:51.156,blofin,ADA/USDT:USDT,0.8264,120.0,0.8266,553.0,0.8263,288003.08,
1753504971156,04:42:51.156,blofin,ADA/USDT:USDT,0.8264,120.0,0.8266,553.0,0.8263,288003.08,
1753504971156,04:42:51.156,blofin,ADA/USDT:USDT,0.8263,275.0,0.8266,540.0,0.8263,288003.08,
1753504971156,04:42:51.156,blofin,ADA/USDT:USDT,0.8263,179.0,0.8266,543.0,0.8263,288003.08,
1753504971156,04:42:51.156,blofin,ADA/USDT:USDT,0.8263,175.0,0.8266,543.0,0.8263,288003.08,
1753504971156,04:42:51.156,blofin,ADA/USDT:USDT,0.8263,122.0,0.8266,654.0,0.8263,288003.08,
1753504971156,04:42:51.156,blofin,ADA/USDT:USDT,0.8263,114.0,0.8266,646.0,0.8263,288003.08,
1753504971156,04:42:51.156,blofin,ADA/USDT:USDT,0.8263,4.0,0.8264,578.0,0.8263,288003.08,
1753504971156,04:42:51.156,blofin,ADA/USDT:USDT,0.8263,4.0,0.8264,578.0,0.8263,288003.08,
1753504971156,04:42:51.156,blofin,ADA/USDT:USDT,0.8263,4.0,0.8264,1189.0,0.8263,288003.08,
1753504971156,04:42:51.156,blofin,ADA/USDT:USDT,0.8263,1.0,0.8264,741.0,0.8263,288003.08,
1753504971156,04:42:51.156,blofin,ADA/USDT:USDT,0.8263,1.0,0.8264,741.0,0.8263,288003.08,
1753504987209,04:43:07.209,blofin,ADA/USDT:USDT,0.8263,1.0,0.8264,24.0,0.8264,287605.43,
1753504987209,04:43:07.209,blofin,ADA/USDT:USDT,0.8264,231.0,0.8266,2.0,0.8264,287605.43,
1753504987209,04:43:07.209,blofin,ADA/USDT:USDT,0.8264,231.0,0.8266,2.0,0.8264,287605.43,
1753504987209,04:43:07.209,blofin,ADA/USDT:USDT,0.8264,231.0,0.8266,2.0,0.8264,287605.43,
1753504987209,04:43:07.209,blofin,ADA/USDT:USDT,0.8264,231.0,0.8265,5383.0,0.8264,287605.43,
1753504987209,04:43:07.209,blofin,ADA/USDT:USDT,0.8264,231.0,0.8266,2.0,0.8264,287605.43,
1753504987209,04:43:07.209,blofin,ADA/USDT:USDT,0.8264,231.0,0.8266,2.0,0.8264,287605.43,
1753504987209,04:43:07.209,blofin,ADA/USDT:USDT,0.8264,231.0,0.8266,2.0,0.8264,287605.43,
1753504987209,04:43:07.209,blofin,ADA/USDT:USDT,0.8264,231.0,0.8266,501.0,0.8264,287605.43,
1753504987209,04:43:07.209,blofin,ADA/USDT:USDT,0.8264,231.0,0.8266,2.0,0.8264,287605.43,
1753504987209,04:43:07.209,blofin,ADA/USDT:USDT,0.8264,231.0,0.8266,2.0,0.8264,287605.43,
1753504987209,04:43:07.209,blofin,ADA/USDT:USDT,0.8264,231.0,0.8266,2.0,0.8264,287605.43,
1753504987209,04:43:07.209,blofin,ADA/USDT:USDT,0.8264,231.0,0.8266,2.0,0.8264,287605.43,
1753504987209,04:43:07.209,blofin,ADA/USDT:USDT,0.8264,231.0,0.8266,4242.0,0.8264,287605.43,
1753504987209,04:43:07.209,blofin,ADA/USDT:USDT,0.8264,231.0,0.8266,4242.0,0.8264,287605.43,
1753504987209,04:43:07.209,blofin,ADA/USDT:USDT,0.8264,231.0,0.8265,816.0,0.8264,287605.43,
1753504987209,04:43:07.209,blofin,ADA/USDT:USDT,0.8264,231.0,0.8265,816.0,0.8264,287605.43,
1753504987209,04:43:07.209,blofin,ADA/USDT:USDT,0.8264,231.0,0.8266,435.0,0.8264,287605.43,
1753504987209,04:43:07.209,blofin,ADA/USDT:USDT,0.8264,231.0,0.8266,435.0,0.8264,287605.43,
1753504987209,04:43:07.209,blofin,ADA/USDT:USDT,0.8264,231.0,0.8266,2.0,0.8264,287605.43,
1753504987209,04:43:07.209,blofin,ADA/USDT:USDT,0.8264,231.0,0.8266,2.0,0.8264,287605.43,
1753504987209,04:43:07.209,blofin,ADA/USDT:USDT,0.8264,231.0,0.8266,2602.0,0.8264,287605.43,
1753504987209,04:43:07.209,blofin,ADA/USDT:USDT,0.8264,231.0,0.8266,2602.0,0.8264,287605.43,
1753504987209,04:43:07.209,blofin,ADA/USDT:USDT,0.8264,231.0,0.8266,212.0,0.8264,287605.43,
1753504987209,04:43:07.209,blofin,ADA/USDT:USDT,0.8264,231.0,0.8266,213.0,0.8264,287605.43,
1753504987209,04:43:07.209,blofin,ADA/USDT:USDT,0.8264,231.0,0.8266,192.0,0.8264,287605.43,
1753504987209,04:43:07.209,blofin,ADA/USDT:USDT,0.8264,231.0,0.8266,192.0,0.8264,287605.43,
1753504987209,04:43:07.209,blofin,ADA/USDT:USDT,0.8264,231.0,0.8266,810.0,0.8264,287605.43,
1753504987209,04:43:07.209,blofin,ADA/USDT:USDT,0.8264,231.0,0.8266,811.0,0.8264,287605.43,
1753504987209,04:43:07.209,blofin,ADA/USDT:USDT,0.8264,231.0,0.8266,821.0,0.8264,287605.43,
1753504987209,04:43:07.209,blofin,ADA/USDT:USDT,0.8264,231.0,0.8266,821.0,0.8264,287605.43,
1753504987209,04:43:07.209,blofin,ADA/USDT:USDT,0.8264,231.0,0.8266,719.0,0.8264,287605.43,
1753504987209,04:43:07.209,blofin,ADA/USDT:USDT,0.8264,231.0,0.8266,834.0,0.8264,287605.43,
1753504987209,04:43:07.209,blofin,ADA/USDT:USDT,0.8264,231.0,0.8266,834.0,0.8264,287605.43,
1753504987209,04:43:07.209,blofin,ADA/USDT:USDT,0.8264,231.0,0.8266,834.0,0.8264,287605.43,
1753504987209,04:43:07.209,blofin,ADA/USDT:USDT,0.8264,231.0,0.8266,835.0,0.8264,287605.43,
1753504987209,04:43:07.209,blofin,ADA/USDT:USDT,0.8264,231.0,0.8266,842.0,0.8264,287605.43,
1753504987209,04:43:07.209,blofin,ADA/USDT:USDT,0.8264,231.0,0.8266,842.0,0.8264,287605.43,
1753504987209,04:43:07.209,blofin,ADA/USDT:USDT,0.8264,231.0,0.8266,840.0,0.8264,287605.43,
1753504987209,04:43:07.209,blofin,ADA/USDT:USDT,0.8264,231.0,0.8266,836.0,0.8264,287605.43,
1753504987209,04:43:07.209,blofin,ADA/USDT:USDT,0.8264,231.0,0.8266,836.0,0.8264,287605.43,
1753504987209,04:43:07.209,blofin,ADA/USDT:USDT,0.8264,231.0,0.8265,478.0,0.8264,287605.43,
1753504987209,04:43:07.209,blofin,ADA/USDT:USDT,0.8264,231.0,0.8265,477.0,0.8264,287605.43,
1753504987209,04:43:07.209,blofin,ADA/USDT:USDT,0.8264,231.0,0.8265,360.0,0.8264,287605.43,
1753504987209,04:43:07.209,blofin,ADA/USDT:USDT,0.8264,231.0,0.8265,360.0,0.8264,287605.43,
1753504987209,04:43:07.209,blofin,ADA/USDT:USDT,0.8264,231.0,0.8265,100.0,0.8264,287605.43,
1753504987209,04:43:07.209,blofin,ADA/USDT:USDT,0.8264,231.0,0.8265,100.0,0.8264,287605.43,
1753504987209,04:43:07.209,blofin,ADA/USDT:USDT,0.8264,231.0,0.8265,100.0,0.8264,287605.43,
1753504987209,04:43:07.209,blofin,ADA/USDT:USDT,0.8264,231.0,0.8265,104.0,0.8264,287605.43,
1753504987209,04:43:07.209,blofin,ADA/USDT:USDT,0.8264,231.0,0.8265,283.0,0.8264,287605.43,
1753504987209,04:43:07.209,blofin,ADA/USDT:USDT,0.8264,231.0,0.8265,283.0,0.8264,287605.43,
1753504987209,04:43:07.209,blofin,ADA/USDT:USDT,0.8264,231.0,0.8265,283.0,0.8264,287605.43,
1753504987209,04:43:07.209,blofin,ADA/USDT:USDT,0.8264,231.0,0.8265,124.0,0.8264,287605.43,
1753504987209,04:43:07.209,blofin,ADA/USDT:USDT,0.8264,231.0,0.8265,186.0,0.8264,287605.43,
1753504987209,04:43:07.209,blofin,ADA/USDT:USDT,0.8264,231.0,0.8265,563.0,0.8264,287605.43,
1753504987209,04:43:07.209,blofin,ADA/USDT:USDT,0.8264,231.0,0.8265,563.0,0.8264,287605.43,
1753504987209,04:43:07.209,blofin,ADA/USDT:USDT,0.8264,231.0,0.8265,566.0,0.8264,287605.43,
1753504987209,04:43:07.209,blofin,ADA/USDT:USDT,0.8264,231.0,0.8265,557.0,0.8264,287605.43,
1753504987209,04:43:07.209,blofin,ADA/USDT:USDT,0.8264,231.0,0.8265,557.0,0.8264,287605.43,
1753504987209,04:43:07.209,blofin,ADA/USDT:USDT,0.8264,231.0,0.8265,556.0,0.8264,287605.43,
1753504987209,04:43:07.209,blofin,ADA/USDT:USDT,0.8264,231.0,0.8265,469.0,0.8264,287605.43,
1753504987209,04:43:07.209,blofin,ADA/USDT:USDT,0.8264,231.0,0.8265,369.0,0.8264,287605.43,
1753504987209,04:43:07.209,blofin,ADA/USDT:USDT,0.8264,231.0,0.8265,369.0,0.8264,287605.43,
1753504987209,04:43:07.209,blofin,ADA/USDT:USDT,0.8264,231.0,0.8265,385.0,0.8264,287605.43,
1753504987209,04:43:07.209,blofin,ADA/USDT:USDT,0.8264,231.0,0.8265,385.0,0.8264,287605.43,
1753504987209,04:43:07.209,blofin,ADA/USDT:USDT,0.8264,231.0,0.8265,497.0,0.8264,287605.43,
