timestamp,time,exchange,symbol,bid,bidVolume,ask,askVolume,lastPrice,baseVolume,quoteVolume
1753507224562,05:20:24.562,blofin,AAVE/USDT:USDT,298.35,24.0,298.37,123.0,298.4,290167.2,
1753507224562,05:20:24.562,blofin,AAVE/USDT:USDT,298.34,80.0,298.36,3.0,298.4,290167.2,
1753507224562,05:20:24.562,blofin,AAVE/USDT:USDT,298.34,80.0,298.36,338.0,298.4,290167.2,
1753507224562,05:20:24.562,blofin,AAVE/USDT:USDT,298.34,59.0,298.36,180.0,298.4,290167.2,
1753507224562,05:20:24.562,blofin,AAVE/USDT:USDT,298.34,131.0,298.36,319.0,298.4,290167.2,
1753507224562,05:20:24.562,blofin,AAVE/USDT:USDT,298.34,131.0,298.36,319.0,298.4,290167.2,
1753507224562,05:20:24.562,blofin,AAVE/USDT:USDT,298.38,52.0,298.4,39.0,298.4,290167.2,
1753507224562,05:20:24.562,blofin,AAVE/USDT:USDT,298.4,225.0,298.41,43.0,298.4,290167.2,
1753507224562,05:20:24.562,blofin,AAVE/USDT:USDT,298.4,225.0,298.41,43.0,298.4,290167.2,
1753507224562,05:20:24.562,blofin,AAVE/USDT:USDT,298.4,225.0,298.41,43.0,298.4,290167.2,
1753507224562,05:20:24.562,blofin,AAVE/USDT:USDT,298.4,22.0,298.41,43.0,298.4,290167.2,
1753507224562,05:20:24.562,blofin,AAVE/USDT:USDT,298.4,22.0,298.41,43.0,298.4,290167.2,
1753507224562,05:20:24.562,blofin,AAVE/USDT:USDT,298.4,22.0,298.41,43.0,298.4,290167.2,
1753507224562,05:20:24.562,blofin,AAVE/USDT:USDT,298.4,22.0,298.41,43.0,298.4,290167.2,
1753507224562,05:20:24.562,blofin,AAVE/USDT:USDT,298.4,22.0,298.41,43.0,298.4,290167.2,
1753507224562,05:20:24.562,blofin,AAVE/USDT:USDT,298.4,22.0,298.41,43.0,298.4,290167.2,
1753507224562,05:20:24.562,blofin,AAVE/USDT:USDT,298.4,21.0,298.42,87.0,298.4,290167.2,
1753507248358,05:20:48.358,blofin,AAVE/USDT:USDT,298.4,4.0,298.41,67.0,298.4,290180.2,
1753507248358,05:20:48.358,blofin,AAVE/USDT:USDT,298.4,4.0,298.41,67.0,298.4,290180.2,
1753507248358,05:20:48.358,blofin,AAVE/USDT:USDT,298.4,4.0,298.41,67.0,298.4,290180.2,
1753507248358,05:20:48.358,blofin,AAVE/USDT:USDT,298.4,4.0,298.42,78.0,298.4,290180.2,
1753507248358,05:20:48.358,blofin,AAVE/USDT:USDT,298.4,4.0,298.42,78.0,298.4,290180.2,
1753507248358,05:20:48.358,blofin,AAVE/USDT:USDT,298.38,41.0,298.4,156.0,298.4,290180.2,
1753507248358,05:20:48.358,blofin,AAVE/USDT:USDT,298.38,45.0,298.41,303.0,298.4,290180.2,
1753507248358,05:20:48.358,blofin,AAVE/USDT:USDT,298.38,45.0,298.41,303.0,298.4,290180.2,
1753507248358,05:20:48.358,blofin,AAVE/USDT:USDT,298.38,45.0,298.41,308.0,298.4,290180.2,
1753507248358,05:20:48.358,blofin,AAVE/USDT:USDT,298.38,39.0,298.4,110.0,298.4,290180.2,
1753507248358,05:20:48.358,blofin,AAVE/USDT:USDT,298.38,39.0,298.4,110.0,298.4,290180.2,
1753507248358,05:20:48.358,blofin,AAVE/USDT:USDT,298.38,17.0,298.4,105.0,298.4,290180.2,
1753507248358,05:20:48.358,blofin,AAVE/USDT:USDT,298.38,36.0,298.4,205.0,298.4,290180.2,
1753507248358,05:20:48.358,blofin,AAVE/USDT:USDT,298.38,36.0,298.4,206.0,298.4,290180.2,
1753507248358,05:20:48.358,blofin,AAVE/USDT:USDT,298.38,36.0,298.4,206.0,298.4,290180.2,
1753507248358,05:20:48.358,blofin,AAVE/USDT:USDT,298.38,2.0,298.4,329.0,298.4,290180.2,
1753507248358,05:20:48.358,blofin,AAVE/USDT:USDT,298.38,38.0,298.4,240.0,298.4,290180.2,
1753507248358,05:20:48.358,blofin,AAVE/USDT:USDT,298.38,38.0,298.4,240.0,298.4,290180.2,
1753507248358,05:20:48.358,blofin,AAVE/USDT:USDT,298.38,39.0,298.4,194.0,298.4,290180.2,
1753507248358,05:20:48.358,blofin,AAVE/USDT:USDT,298.38,39.0,298.4,176.0,298.4,290180.2,
1753507248358,05:20:48.358,blofin,AAVE/USDT:USDT,298.38,39.0,298.4,176.0,298.4,290180.2,
1753507248358,05:20:48.358,blofin,AAVE/USDT:USDT,298.38,39.0,298.4,176.0,298.4,290180.2,
1753507248358,05:20:48.358,blofin,AAVE/USDT:USDT,298.38,139.0,298.4,91.0,298.4,290180.2,
1753507248358,05:20:48.358,blofin,AAVE/USDT:USDT,298.38,139.0,298.4,91.0,298.4,290180.2,
1753507248358,05:20:48.358,blofin,AAVE/USDT:USDT,298.38,111.0,298.41,98.0,298.4,290180.2,
1753507248358,05:20:48.358,blofin,AAVE/USDT:USDT,298.38,2.0,298.4,103.0,298.4,290180.2,
1753507248358,05:20:48.358,blofin,AAVE/USDT:USDT,298.38,2.0,298.4,103.0,298.4,290180.2,
1753507248358,05:20:48.358,blofin,AAVE/USDT:USDT,298.38,2.0,298.4,107.0,298.4,290180.2,
1753507248358,05:20:48.358,blofin,AAVE/USDT:USDT,298.38,202.0,298.4,4.0,298.4,290180.2,
1753507248358,05:20:48.358,blofin,AAVE/USDT:USDT,298.38,181.0,298.4,4.0,298.4,290180.2,
1753507248358,05:20:48.358,blofin,AAVE/USDT:USDT,298.38,181.0,298.4,4.0,298.4,290180.2,
1753507248358,05:20:48.358,blofin,AAVE/USDT:USDT,298.38,181.0,298.41,200.0,298.4,290180.2,
1753507248358,05:20:48.358,blofin,AAVE/USDT:USDT,298.38,62.0,298.4,189.0,298.4,290180.2,
1753507248358,05:20:48.358,blofin,AAVE/USDT:USDT,298.38,62.0,298.4,189.0,298.4,290180.2,
1753507248358,05:20:48.358,blofin,AAVE/USDT:USDT,298.38,110.0,298.4,189.0,298.4,290180.2,
1753507248358,05:20:48.358,blofin,AAVE/USDT:USDT,298.38,119.0,298.4,192.0,298.4,290180.2,
1753507248358,05:20:48.358,blofin,AAVE/USDT:USDT,298.38,118.0,298.4,192.0,298.4,290180.2,
1753507248358,05:20:48.358,blofin,AAVE/USDT:USDT,298.38,118.0,298.4,192.0,298.4,290180.2,
1753507267765,05:21:07.765,blofin,AAVE/USDT:USDT,298.5,183.0,298.51,97.0,298.53,289821.5,
1753507267765,05:21:07.765,blofin,AAVE/USDT:USDT,298.5,183.0,298.51,97.0,298.53,289821.5,
1753507267765,05:21:07.765,blofin,AAVE/USDT:USDT,298.52,306.0,298.53,12.0,298.53,289821.5,
1753507267765,05:21:07.765,blofin,AAVE/USDT:USDT,298.52,196.0,298.53,12.0,298.53,289821.5,
1753507269763,05:21:09.763,blofin,AAVE/USDT:USDT,298.54,388.0,298.55,223.0,298.56,289829.5,
1753507269763,05:21:09.763,blofin,AAVE/USDT:USDT,298.54,388.0,298.55,223.0,298.56,289829.5,
1753507269763,05:21:09.763,blofin,AAVE/USDT:USDT,298.56,330.0,298.58,64.0,298.56,289829.5,
1753507269763,05:21:09.763,blofin,AAVE/USDT:USDT,298.56,234.0,298.58,72.0,298.56,289829.5,
1753507269763,05:21:09.763,blofin,AAVE/USDT:USDT,298.56,234.0,298.58,72.0,298.56,289829.5,
1753507269763,05:21:09.763,blofin,AAVE/USDT:USDT,298.56,230.0,298.58,68.0,298.56,289829.5,
1753507269763,05:21:09.763,blofin,AAVE/USDT:USDT,298.56,290.0,298.58,71.0,298.56,289829.5,
1753507269763,05:21:09.763,blofin,AAVE/USDT:USDT,298.56,214.0,298.58,73.0,298.56,289829.5,
1753507269763,05:21:09.763,blofin,AAVE/USDT:USDT,298.56,214.0,298.58,73.0,298.56,289829.5,
1753507269763,05:21:09.763,blofin,AAVE/USDT:USDT,298.57,194.0,298.58,63.0,298.56,289829.5,
1753507269763,05:21:09.763,blofin,AAVE/USDT:USDT,298.57,194.0,298.58,63.0,298.56,289829.5,
1753507269763,05:21:09.763,blofin,AAVE/USDT:USDT,298.57,194.0,298.58,63.0,298.56,289829.5,
1753507269763,05:21:09.763,blofin,AAVE/USDT:USDT,298.57,233.0,298.58,63.0,298.56,289829.5,
1753507269763,05:21:09.763,blofin,AAVE/USDT:USDT,298.57,280.0,298.58,59.0,298.56,289829.5,
1753507269763,05:21:09.763,blofin,AAVE/USDT:USDT,298.57,281.0,298.58,59.0,298.56,289829.5,
1753507269763,05:21:09.763,blofin,AAVE/USDT:USDT,298.57,281.0,298.58,59.0,298.56,289829.5,
1753507269763,05:21:09.763,blofin,AAVE/USDT:USDT,298.57,376.0,298.58,59.0,298.56,289829.5,
1753507269763,05:21:09.763,blofin,AAVE/USDT:USDT,298.57,115.0,298.58,59.0,298.56,289829.5,
1753507269763,05:21:09.763,blofin,AAVE/USDT:USDT,298.57,115.0,298.58,59.0,298.56,289829.5,
1753507269763,05:21:09.763,blofin,AAVE/USDT:USDT,298.57,115.0,298.58,59.0,298.56,289829.5,
1753507269763,05:21:09.763,blofin,AAVE/USDT:USDT,298.57,91.0,298.58,59.0,298.56,289829.5,
1753507269763,05:21:09.763,blofin,AAVE/USDT:USDT,298.57,58.0,298.58,59.0,298.56,289829.5,
1753507269763,05:21:09.763,blofin,AAVE/USDT:USDT,298.57,58.0,298.58,59.0,298.56,289829.5,
1753507269763,05:21:09.763,blofin,AAVE/USDT:USDT,298.57,58.0,298.58,59.0,298.56,289829.5,
1753507269763,05:21:09.763,blofin,AAVE/USDT:USDT,298.57,227.0,298.58,59.0,298.56,289829.5,
1753507269763,05:21:09.763,blofin,AAVE/USDT:USDT,298.57,227.0,298.58,59.0,298.56,289829.5,
1753507269763,05:21:09.763,blofin,AAVE/USDT:USDT,298.57,230.0,298.59,175.0,298.56,289829.5,
1753507269763,05:21:09.763,blofin,AAVE/USDT:USDT,298.57,77.0,298.59,177.0,298.56,289829.5,
1753507269763,05:21:09.763,blofin,AAVE/USDT:USDT,298.57,77.0,298.59,177.0,298.56,289829.5,
1753507269763,05:21:09.763,blofin,AAVE/USDT:USDT,298.57,77.0,298.59,177.0,298.56,289829.5,
1753507269763,05:21:09.763,blofin,AAVE/USDT:USDT,298.57,224.0,298.59,7.0,298.56,289829.5,
1753507269763,05:21:09.763,blofin,AAVE/USDT:USDT,298.57,224.0,298.59,7.0,298.56,289829.5,
1753507269763,05:21:09.763,blofin,AAVE/USDT:USDT,298.57,225.0,298.59,7.0,298.56,289829.5,
1753507269763,05:21:09.763,blofin,AAVE/USDT:USDT,298.57,82.0,298.59,113.0,298.56,289829.5,
1753507269763,05:21:09.763,blofin,AAVE/USDT:USDT,298.57,84.0,298.59,112.0,298.56,289829.5,
1753507269763,05:21:09.763,blofin,AAVE/USDT:USDT,298.57,84.0,298.59,112.0,298.56,289829.5,
1753507269763,05:21:09.763,blofin,AAVE/USDT:USDT,298.57,178.0,298.59,112.0,298.56,289829.5,
1753507269763,05:21:09.763,blofin,AAVE/USDT:USDT,298.57,80.0,298.59,112.0,298.56,289829.5,
1753507269763,05:21:09.763,blofin,AAVE/USDT:USDT,298.57,39.0,298.59,6.0,298.56,289829.5,
1753507269763,05:21:09.763,blofin,AAVE/USDT:USDT,298.57,39.0,298.59,3.0,298.56,289829.5,
1753507269763,05:21:09.763,blofin,AAVE/USDT:USDT,298.57,59.0,298.59,124.0,298.56,289829.5,
1753507269763,05:21:09.763,blofin,AAVE/USDT:USDT,298.57,59.0,298.59,124.0,298.56,289829.5,
1753507269763,05:21:09.763,blofin,AAVE/USDT:USDT,298.54,30.0,298.56,380.0,298.56,289829.5,
1753507269763,05:21:09.763,blofin,AAVE/USDT:USDT,298.52,3.0,298.55,408.0,298.56,289829.5,
1753507269763,05:21:09.763,blofin,AAVE/USDT:USDT,298.52,24.0,298.55,521.0,298.56,289829.5,
1753507269763,05:21:09.763,blofin,AAVE/USDT:USDT,298.52,23.0,298.54,419.0,298.56,289829.5,
1753507269763,05:21:09.763,blofin,AAVE/USDT:USDT,298.52,23.0,298.54,419.0,298.56,289829.5,
1753507269763,05:21:09.763,blofin,AAVE/USDT:USDT,298.52,23.0,298.54,422.0,298.56,289829.5,
1753507269763,05:21:09.763,blofin,AAVE/USDT:USDT,298.52,23.0,298.55,398.0,298.56,289829.5,
1753507269763,05:21:09.763,blofin,AAVE/USDT:USDT,298.52,2.0,298.54,355.0,298.56,289829.5,
1753507269763,05:21:09.763,blofin,AAVE/USDT:USDT,298.52,2.0,298.54,355.0,298.56,289829.5,
1753507269763,05:21:09.763,blofin,AAVE/USDT:USDT,298.52,2.0,298.54,357.0,298.56,289829.5,
1753507269763,05:21:09.763,blofin,AAVE/USDT:USDT,298.5,259.0,298.52,434.0,298.56,289829.5,
1753507269763,05:21:09.763,blofin,AAVE/USDT:USDT,298.5,258.0,298.52,435.0,298.56,289829.5,
1753507269763,05:21:09.763,blofin,AAVE/USDT:USDT,298.5,258.0,298.52,435.0,298.56,289829.5,
1753507269763,05:21:09.763,blofin,AAVE/USDT:USDT,298.5,281.0,298.52,241.0,298.56,289829.5,
1753507269763,05:21:09.763,blofin,AAVE/USDT:USDT,298.5,268.0,298.52,129.0,298.56,289829.5,
1753507269763,05:21:09.763,blofin,AAVE/USDT:USDT,298.5,294.0,298.52,243.0,298.56,289829.5,
1753507269763,05:21:09.763,blofin,AAVE/USDT:USDT,298.5,294.0,298.52,243.0,298.56,289829.5,
1753507269763,05:21:09.763,blofin,AAVE/USDT:USDT,298.5,294.0,298.52,243.0,298.56,289829.5,
1753507269763,05:21:09.763,blofin,AAVE/USDT:USDT,298.5,242.0,298.52,149.0,298.56,289829.5,
1753507269763,05:21:09.763,blofin,AAVE/USDT:USDT,298.5,239.0,298.52,149.0,298.56,289829.5,
1753507269763,05:21:09.763,blofin,AAVE/USDT:USDT,298.5,239.0,298.52,3.0,298.56,289829.5,
1753507269763,05:21:09.763,blofin,AAVE/USDT:USDT,298.5,243.0,298.53,288.0,298.56,289829.5,
1753507269763,05:21:09.763,blofin,AAVE/USDT:USDT,298.5,235.0,298.52,332.0,298.56,289829.5,
1753507269763,05:21:09.763,blofin,AAVE/USDT:USDT,298.5,235.0,298.52,332.0,298.56,289829.5,
1753507269763,05:21:09.763,blofin,AAVE/USDT:USDT,298.5,304.0,298.53,199.0,298.56,289829.5,
1753507269763,05:21:09.763,blofin,AAVE/USDT:USDT,298.5,324.0,298.52,293.0,298.56,289829.5,
1753507269763,05:21:09.763,blofin,AAVE/USDT:USDT,298.5,324.0,298.52,295.0,298.56,289829.5,
1753507269763,05:21:09.763,blofin,AAVE/USDT:USDT,298.5,348.0,298.52,295.0,298.56,289829.5,
1753507269763,05:21:09.763,blofin,AAVE/USDT:USDT,298.5,348.0,298.52,295.0,298.56,289829.5,
1753507269763,05:21:09.763,blofin,AAVE/USDT:USDT,298.5,347.0,298.52,295.0,298.56,289829.5,
1753507269763,05:21:09.763,blofin,AAVE/USDT:USDT,298.5,312.0,298.52,314.0,298.56,289829.5,
1753507269763,05:21:09.763,blofin,AAVE/USDT:USDT,298.5,312.0,298.52,311.0,298.56,289829.5,
1753507269763,05:21:09.763,blofin,AAVE/USDT:USDT,298.5,315.0,298.52,1.0,298.56,289829.5,
1753507269763,05:21:09.763,blofin,AAVE/USDT:USDT,298.5,315.0,298.52,1.0,298.56,289829.5,
1753507269763,05:21:09.763,blofin,AAVE/USDT:USDT,298.5,295.0,298.52,1.0,298.56,289829.5,
1753507269763,05:21:09.763,blofin,AAVE/USDT:USDT,298.5,237.0,298.52,188.0,298.56,289829.5,
1753507269763,05:21:09.763,blofin,AAVE/USDT:USDT,298.5,235.0,298.52,188.0,298.56,289829.5,
1753507269763,05:21:09.763,blofin,AAVE/USDT:USDT,298.5,235.0,298.52,188.0,298.56,289829.5,
1753507269763,05:21:09.763,blofin,AAVE/USDT:USDT,298.5,235.0,298.52,255.0,298.56,289829.5,
1753507269763,05:21:09.763,blofin,AAVE/USDT:USDT,298.5,366.0,298.52,207.0,298.56,289829.5,
1753507269763,05:21:09.763,blofin,AAVE/USDT:USDT,298.5,366.0,298.52,207.0,298.56,289829.5,
1753507269763,05:21:09.763,blofin,AAVE/USDT:USDT,298.5,366.0,298.52,207.0,298.56,289829.5,
1753507269763,05:21:09.763,blofin,AAVE/USDT:USDT,298.5,8.0,298.52,367.0,298.56,289829.5,
1753507269763,05:21:09.763,blofin,AAVE/USDT:USDT,298.5,134.0,298.52,228.0,298.56,289829.5,
1753507269763,05:21:09.763,blofin,AAVE/USDT:USDT,298.5,134.0,298.52,228.0,298.56,289829.5,
1753507269763,05:21:09.763,blofin,AAVE/USDT:USDT,298.5,134.0,298.52,230.0,298.56,289829.5,
1753507269763,05:21:09.763,blofin,AAVE/USDT:USDT,298.5,135.0,298.52,385.0,298.56,289829.5,
1753507269763,05:21:09.763,blofin,AAVE/USDT:USDT,298.5,135.0,298.52,372.0,298.56,289829.5,
1753507269763,05:21:09.763,blofin,AAVE/USDT:USDT,298.5,135.0,298.52,372.0,298.56,289829.5,
1753507269763,05:21:09.763,blofin,AAVE/USDT:USDT,298.5,135.0,298.52,374.0,298.56,289829.5,
1753507269763,05:21:09.763,blofin,AAVE/USDT:USDT,298.5,117.0,298.52,393.0,298.56,289829.5,
1753507269763,05:21:09.763,blofin,AAVE/USDT:USDT,298.5,119.0,298.52,391.0,298.56,289829.5,
1753507269763,05:21:09.763,blofin,AAVE/USDT:USDT,298.5,119.0,298.52,6.0,298.56,289829.5,
1753507269763,05:21:09.763,blofin,AAVE/USDT:USDT,298.5,119.0,298.52,6.0,298.56,289829.5,
1753507269763,05:21:09.763,blofin,AAVE/USDT:USDT,298.5,8.0,298.52,395.0,298.56,289829.5,
1753507269763,05:21:09.763,blofin,AAVE/USDT:USDT,298.5,3.0,298.52,395.0,298.56,289829.5,
1753507269763,05:21:09.763,blofin,AAVE/USDT:USDT,298.5,114.0,298.52,369.0,298.56,289829.5,
1753507269763,05:21:09.763,blofin,AAVE/USDT:USDT,298.5,114.0,298.52,369.0,298.56,289829.5,
1753507269763,05:21:09.763,blofin,AAVE/USDT:USDT,298.5,114.0,298.52,384.0,298.56,289829.5,
1753507269763,05:21:09.763,blofin,AAVE/USDT:USDT,298.5,114.0,298.52,340.0,298.56,289829.5,
1753507322068,05:22:02.068,blofin,AAVE/USDT:USDT,298.5,114.0,298.52,340.0,298.55,289662.5,
1753507322068,05:22:02.068,blofin,AAVE/USDT:USDT,298.53,111.0,298.55,341.0,298.55,289662.5,
1753507322068,05:22:02.068,blofin,AAVE/USDT:USDT,298.53,6.0,298.55,136.0,298.55,289662.5,
1753507322068,05:22:02.068,blofin,AAVE/USDT:USDT,298.53,6.0,298.55,136.0,298.55,289662.5,
1753507322068,05:22:02.068,blofin,AAVE/USDT:USDT,298.53,28.0,298.55,230.0,298.55,289662.5,
1753507322068,05:22:02.068,blofin,AAVE/USDT:USDT,298.53,28.0,298.55,228.0,298.55,289662.5,
1753507322068,05:22:02.068,blofin,AAVE/USDT:USDT,298.53,47.0,298.55,172.0,298.55,289662.5,
1753507322068,05:22:02.068,blofin,AAVE/USDT:USDT,298.53,47.0,298.55,172.0,298.55,289662.5,
1753507322068,05:22:02.068,blofin,AAVE/USDT:USDT,298.53,5.0,298.55,194.0,298.55,289662.5,
1753507322068,05:22:02.068,blofin,AAVE/USDT:USDT,298.53,5.0,298.55,211.0,298.55,289662.5,
1753507322068,05:22:02.068,blofin,AAVE/USDT:USDT,298.53,5.0,298.55,211.0,298.55,289662.5,
1753507322068,05:22:02.068,blofin,AAVE/USDT:USDT,298.53,6.0,298.55,211.0,298.55,289662.5,
1753507322068,05:22:02.068,blofin,AAVE/USDT:USDT,298.53,4.0,298.55,198.0,298.55,289662.5,
1753507322068,05:22:02.068,blofin,AAVE/USDT:USDT,298.53,46.0,298.55,60.0,298.55,289662.5,
1753507322068,05:22:02.068,blofin,AAVE/USDT:USDT,298.53,46.0,298.55,60.0,298.55,289662.5,
1753507322068,05:22:02.068,blofin,AAVE/USDT:USDT,298.53,47.0,298.55,60.0,298.55,289662.5,
1753507322068,05:22:02.068,blofin,AAVE/USDT:USDT,298.53,46.0,298.55,188.0,298.55,289662.5,
1753507322068,05:22:02.068,blofin,AAVE/USDT:USDT,298.53,46.0,298.55,188.0,298.55,289662.5,
1753507322068,05:22:02.068,blofin,AAVE/USDT:USDT,298.53,28.0,298.55,71.0,298.55,289662.5,
1753507322068,05:22:02.068,blofin,AAVE/USDT:USDT,298.53,4.0,298.55,171.0,298.55,289662.5,
1753507322068,05:22:02.068,blofin,AAVE/USDT:USDT,298.53,4.0,298.55,169.0,298.55,289662.5,
1753507322068,05:22:02.068,blofin,AAVE/USDT:USDT,298.53,4.0,298.55,169.0,298.55,289662.5,
1753507322068,05:22:02.068,blofin,AAVE/USDT:USDT,298.52,9.0,298.55,168.0,298.55,289662.5,
1753507322068,05:22:02.068,blofin,AAVE/USDT:USDT,298.53,26.0,298.55,77.0,298.55,289662.5,
1753507322068,05:22:02.068,blofin,AAVE/USDT:USDT,298.53,7.0,298.55,176.0,298.55,289662.5,
1753507322068,05:22:02.068,blofin,AAVE/USDT:USDT,298.53,7.0,298.55,176.0,298.55,289662.5,
1753507322068,05:22:02.068,blofin,AAVE/USDT:USDT,298.53,7.0,298.55,201.0,298.55,289662.5,
1753507322068,05:22:02.068,blofin,AAVE/USDT:USDT,298.53,5.0,298.55,270.0,298.55,289662.5,
1753507322068,05:22:02.068,blofin,AAVE/USDT:USDT,298.53,5.0,298.55,270.0,298.55,289662.5,
1753507322068,05:22:02.068,blofin,AAVE/USDT:USDT,298.53,5.0,298.55,270.0,298.55,289662.5,
1753507322068,05:22:02.068,blofin,AAVE/USDT:USDT,298.53,24.0,298.55,166.0,298.55,289662.5,
1753507322068,05:22:02.068,blofin,AAVE/USDT:USDT,298.53,22.0,298.55,170.0,298.55,289662.5,
1753507322068,05:22:02.068,blofin,AAVE/USDT:USDT,298.53,22.0,298.55,171.0,298.55,289662.5,
1753507322068,05:22:02.068,blofin,AAVE/USDT:USDT,298.53,22.0,298.55,171.0,298.55,289662.5,
1753507322068,05:22:02.068,blofin,AAVE/USDT:USDT,298.53,42.0,298.55,120.0,298.55,289662.5,
1753507322068,05:22:02.068,blofin,AAVE/USDT:USDT,298.53,25.0,298.55,4.0,298.55,289662.5,
1753507322068,05:22:02.068,blofin,AAVE/USDT:USDT,298.53,25.0,298.55,4.0,298.55,289662.5,
1753507322068,05:22:02.068,blofin,AAVE/USDT:USDT,298.53,25.0,298.55,4.0,298.55,289662.5,
1753507322068,05:22:02.068,blofin,AAVE/USDT:USDT,298.53,50.0,298.55,175.0,298.55,289662.5,
1753507322068,05:22:02.068,blofin,AAVE/USDT:USDT,298.53,6.0,298.55,300.0,298.55,289662.5,
1753507322068,05:22:02.068,blofin,AAVE/USDT:USDT,298.53,6.0,298.55,300.0,298.55,289662.5,
1753507322068,05:22:02.068,blofin,AAVE/USDT:USDT,298.53,3.0,298.55,300.0,298.55,289662.5,
1753507342768,05:22:22.768,blofin,AAVE/USDT:USDT,298.66,73.0,298.72,26.0,298.71,289663.5,
1753507342768,05:22:22.768,blofin,AAVE/USDT:USDT,298.66,73.0,298.72,26.0,298.71,289663.5,
1753507342768,05:22:22.768,blofin,AAVE/USDT:USDT,298.69,67.0,298.72,70.0,298.71,289663.5,
1753507342768,05:22:22.768,blofin,AAVE/USDT:USDT,298.69,68.0,298.72,70.0,298.71,289663.5,
1753507344750,05:22:24.750,blofin,AAVE/USDT:USDT,298.64,780.0,298.68,278.0,298.64,289674.5,
1753507344750,05:22:24.750,blofin,AAVE/USDT:USDT,298.64,780.0,298.68,278.0,298.64,289674.5,
1753507344750,05:22:24.750,blofin,AAVE/USDT:USDT,298.66,48.0,298.68,347.0,298.64,289674.5,
1753507344750,05:22:24.750,blofin,AAVE/USDT:USDT,298.66,48.0,298.68,349.0,298.64,289674.5,
1753507346868,05:22:26.868,blofin,AAVE/USDT:USDT,298.81,35.0,298.85,20.0,298.84,289689.5,
1753507346868,05:22:26.868,blofin,AAVE/USDT:USDT,298.78,25.0,298.8,15.0,298.84,289689.5,
1753507348165,05:22:28.165,blofin,AAVE/USDT:USDT,298.78,25.0,298.8,15.0,298.77,289704.5,
1753507348165,05:22:28.165,blofin,AAVE/USDT:USDT,298.77,169.0,298.79,565.0,298.77,289704.5,
1753507348165,05:22:28.165,blofin,AAVE/USDT:USDT,298.77,58.0,298.79,3.0,298.77,289704.5,
1753507348165,05:22:28.165,blofin,AAVE/USDT:USDT,298.77,58.0,298.79,3.0,298.77,289704.5,
1753507348165,05:22:28.165,blofin,AAVE/USDT:USDT,298.77,62.0,298.79,323.0,298.77,289704.5,
1753507350255,05:22:30.255,blofin,AAVE/USDT:USDT,298.86,54.0,298.88,156.0,298.91,289711.5,
1753507350255,05:22:30.255,blofin,AAVE/USDT:USDT,298.86,54.0,298.88,156.0,298.91,289711.5,
1753507350255,05:22:30.255,blofin,AAVE/USDT:USDT,298.83,4.0,298.86,226.0,298.91,289711.5,
1753507350255,05:22:30.255,blofin,AAVE/USDT:USDT,298.83,36.0,298.85,187.0,298.91,289711.5,
1753507352449,05:22:32.449,blofin,AAVE/USDT:USDT,298.83,36.0,298.85,187.0,298.79,289713.5,
1753507352449,05:22:32.449,blofin,AAVE/USDT:USDT,298.79,50.0,298.81,3.0,298.79,289713.5,
1753507353655,05:22:33.655,blofin,AAVE/USDT:USDT,298.8,2.0,298.82,25.0,298.92,289717.5,
1753507353655,05:22:33.655,blofin,AAVE/USDT:USDT,298.94,19.0,298.96,6.0,298.92,289717.5,
1753507353655,05:22:33.655,blofin,AAVE/USDT:USDT,298.94,19.0,298.96,6.0,298.92,289717.5,
1753507353655,05:22:33.655,blofin,AAVE/USDT:USDT,298.9,23.0,298.92,162.0,298.92,289717.5,
1753507353655,05:22:33.655,blofin,AAVE/USDT:USDT,298.88,24.0,298.91,213.0,298.92,289717.5,
1753507353655,05:22:33.655,blofin,AAVE/USDT:USDT,298.88,24.0,298.91,213.0,298.92,289717.5,
1753507353655,05:22:33.655,blofin,AAVE/USDT:USDT,298.88,24.0,298.91,213.0,298.92,289717.5,
1753507353655,05:22:33.655,blofin,AAVE/USDT:USDT,298.89,4.0,298.91,244.0,298.92,289717.5,
1753507353655,05:22:33.655,blofin,AAVE/USDT:USDT,298.89,5.0,298.91,240.0,298.92,289717.5,
1753507353655,05:22:33.655,blofin,AAVE/USDT:USDT,298.89,5.0,298.91,240.0,298.92,289717.5,
1753507358356,05:22:38.356,blofin,AAVE/USDT:USDT,298.97,18.0,299.0,68.0,298.97,289719.5,
1753507358356,05:22:38.356,blofin,AAVE/USDT:USDT,298.98,24.0,299.0,68.0,298.97,289719.5,
1753507358356,05:22:38.356,blofin,AAVE/USDT:USDT,298.97,18.0,298.99,124.0,298.97,289719.5,
1753507358356,05:22:38.356,blofin,AAVE/USDT:USDT,298.97,18.0,298.99,124.0,298.97,289719.5,
1753507358356,05:22:38.356,blofin,AAVE/USDT:USDT,298.97,18.0,298.99,124.0,298.97,289719.5,
1753507358356,05:22:38.356,blofin,AAVE/USDT:USDT,298.97,19.0,298.99,120.0,298.97,289719.5,
1753507358356,05:22:38.356,blofin,AAVE/USDT:USDT,298.97,19.0,298.99,120.0,298.97,289719.5,
1753507358356,05:22:38.356,blofin,AAVE/USDT:USDT,298.97,42.0,298.99,45.0,298.97,289719.5,
1753507358356,05:22:38.356,blofin,AAVE/USDT:USDT,298.97,40.0,298.99,44.0,298.97,289719.5,
1753507358356,05:22:38.356,blofin,AAVE/USDT:USDT,298.97,40.0,298.99,41.0,298.97,289719.5,
1753507363557,05:22:43.557,blofin,AAVE/USDT:USDT,298.97,40.0,298.99,41.0,299.13,289724.5,
1753507363557,05:22:43.557,blofin,AAVE/USDT:USDT,299.16,24.0,299.18,29.0,299.13,289724.5,
1753507363557,05:22:43.557,blofin,AAVE/USDT:USDT,299.1,20.0,299.14,283.0,299.13,289724.5,
1753507363557,05:22:43.557,blofin,AAVE/USDT:USDT,299.1,20.0,299.14,283.0,299.13,289724.5,
1753507363557,05:22:43.557,blofin,AAVE/USDT:USDT,299.09,19.0,299.11,52.0,299.13,289724.5,
1753507365763,05:22:45.763,blofin,AAVE/USDT:USDT,299.11,46.0,299.14,48.0,299.14,289726.5,
1753507365763,05:22:45.763,blofin,AAVE/USDT:USDT,299.11,46.0,299.14,48.0,299.14,289726.5,
1753507367053,05:22:47.053,blofin,AAVE/USDT:USDT,299.13,27.0,299.18,29.0,299.25,289733.1,
1753507367053,05:22:47.053,blofin,AAVE/USDT:USDT,299.26,201.0,299.27,0.5,299.25,289733.1,
1753507367053,05:22:47.053,blofin,AAVE/USDT:USDT,299.26,63.0,299.27,0.5,299.25,289733.1,
1753507368451,05:22:48.451,blofin,AAVE/USDT:USDT,299.26,63.0,299.27,0.5,299.26,289741.1,
1753507368451,05:22:48.451,blofin,AAVE/USDT:USDT,299.26,1016.0,299.27,0.5,299.26,289741.1,
1753507368451,05:22:48.451,blofin,AAVE/USDT:USDT,299.26,510.0,299.27,0.5,299.26,289741.1,
1753507370454,05:22:50.454,blofin,AAVE/USDT:USDT,299.24,79.0,299.27,0.5,299.24,289747.1,
1753507370454,05:22:50.454,blofin,AAVE/USDT:USDT,299.24,79.0,299.27,0.5,299.24,289747.1,
1753507371549,05:22:51.549,blofin,AAVE/USDT:USDT,299.25,29.0,299.27,0.5,299.25,289762.1,
1753507371549,05:22:51.549,blofin,AAVE/USDT:USDT,299.25,5.0,299.26,299.0,299.25,289762.1,
1753507371549,05:22:51.549,blofin,AAVE/USDT:USDT,299.24,6.0,299.26,306.0,299.25,289762.1,
1753507371549,05:22:51.549,blofin,AAVE/USDT:USDT,299.19,26.0,299.22,152.0,299.25,289762.1,
1753507371549,05:22:51.549,blofin,AAVE/USDT:USDT,299.19,26.0,299.22,152.0,299.25,289762.1,
1753507371549,05:22:51.549,blofin,AAVE/USDT:USDT,299.19,38.0,299.21,229.0,299.25,289762.1,
1753507371549,05:22:51.549,blofin,AAVE/USDT:USDT,299.19,38.0,299.21,229.0,299.25,289762.1,
1753507371549,05:22:51.549,blofin,AAVE/USDT:USDT,299.15,120.0,299.17,167.0,299.25,289762.1,
1753507371549,05:22:51.549,blofin,AAVE/USDT:USDT,299.12,152.0,299.13,148.0,299.25,289762.1,
1753507371549,05:22:51.549,blofin,AAVE/USDT:USDT,299.12,152.0,299.13,148.0,299.25,289762.1,
1753507371549,05:22:51.549,blofin,AAVE/USDT:USDT,299.12,152.0,299.13,148.0,299.25,289762.1,
1753507371549,05:22:51.549,blofin,AAVE/USDT:USDT,299.12,152.0,299.14,109.0,299.25,289762.1,
1753507371549,05:22:51.549,blofin,AAVE/USDT:USDT,299.12,152.0,299.14,110.0,299.25,289762.1,
1753507371549,05:22:51.549,blofin,AAVE/USDT:USDT,299.12,152.0,299.14,110.0,299.25,289762.1,
1753507371549,05:22:51.549,blofin,AAVE/USDT:USDT,299.12,152.0,299.14,110.0,299.25,289762.1,
1753507371549,05:22:51.549,blofin,AAVE/USDT:USDT,299.12,152.0,299.13,128.0,299.25,289762.1,
1753507371549,05:22:51.549,blofin,AAVE/USDT:USDT,299.12,152.0,299.13,129.0,299.25,289762.1,
1753507371549,05:22:51.549,blofin,AAVE/USDT:USDT,299.12,152.0,299.13,132.0,299.25,289762.1,
1753507380550,05:23:00.550,blofin,AAVE/USDT:USDT,299.12,152.0,299.13,132.0,299.12,289676.1,
1753507380550,05:23:00.550,blofin,AAVE/USDT:USDT,299.15,309.0,299.19,530.0,299.12,289676.1,
1753507380550,05:23:00.550,blofin,AAVE/USDT:USDT,299.15,309.0,299.19,530.0,299.12,289676.1,
1753507381954,05:23:01.954,blofin,AAVE/USDT:USDT,299.15,311.0,299.19,530.0,299.25,289691.1,
1753507381954,05:23:01.954,blofin,AAVE/USDT:USDT,299.25,973.0,299.27,0.5,299.25,289691.1,
1753507382956,05:23:02.956,blofin,AAVE/USDT:USDT,299.25,312.0,299.27,0.5,299.25,289700.1,
1753507382956,05:23:02.956,blofin,AAVE/USDT:USDT,299.25,312.0,299.27,0.5,299.25,289700.1,
1753507382956,05:23:02.956,blofin,AAVE/USDT:USDT,299.25,18.0,299.27,85.5,299.25,289700.1,
1753507382956,05:23:02.956,blofin,AAVE/USDT:USDT,299.25,21.0,299.27,85.5,299.25,289700.1,
1753507382956,05:23:02.956,blofin,AAVE/USDT:USDT,299.21,91.0,299.23,4.0,299.25,289700.1,
1753507382956,05:23:02.956,blofin,AAVE/USDT:USDT,299.21,91.0,299.24,72.0,299.25,289700.1,
1753507382956,05:23:02.956,blofin,AAVE/USDT:USDT,299.21,91.0,299.24,72.0,299.25,289700.1,
1753507382956,05:23:02.956,blofin,AAVE/USDT:USDT,299.22,26.0,299.24,14.0,299.25,289700.1,
1753507382956,05:23:02.956,blofin,AAVE/USDT:USDT,299.22,26.0,299.24,45.0,299.25,289700.1,
1753507382956,05:23:02.956,blofin,AAVE/USDT:USDT,299.22,26.0,299.24,45.0,299.25,289700.1,
1753507382956,05:23:02.956,blofin,AAVE/USDT:USDT,299.22,3.0,299.24,27.0,299.25,289700.1,
1753507382956,05:23:02.956,blofin,AAVE/USDT:USDT,299.21,25.0,299.24,27.0,299.25,289700.1,
1753507389052,05:23:09.052,blofin,AAVE/USDT:USDT,299.21,43.0,299.24,36.0,299.21,289707.1,
1753507389052,05:23:09.052,blofin,AAVE/USDT:USDT,299.19,25.0,299.21,66.0,299.21,289707.1,
1753507389052,05:23:09.052,blofin,AAVE/USDT:USDT,299.18,40.0,299.2,68.0,299.21,289707.1,
1753507389052,05:23:09.052,blofin,AAVE/USDT:USDT,299.18,40.0,299.2,68.0,299.21,289707.1,
1753507389052,05:23:09.052,blofin,AAVE/USDT:USDT,299.18,20.0,299.2,74.0,299.21,289707.1,
1753507389052,05:23:09.052,blofin,AAVE/USDT:USDT,299.18,20.0,299.2,74.0,299.21,289707.1,
1753507389052,05:23:09.052,blofin,AAVE/USDT:USDT,299.18,20.0,299.2,76.0,299.21,289707.1,
1753507389052,05:23:09.052,blofin,AAVE/USDT:USDT,299.18,78.0,299.2,134.0,299.21,289707.1,
1753507389052,05:23:09.052,blofin,AAVE/USDT:USDT,299.14,194.0,299.15,293.0,299.21,289707.1,
1753507389052,05:23:09.052,blofin,AAVE/USDT:USDT,299.14,194.0,299.15,293.0,299.21,289707.1,
1753507389052,05:23:09.052,blofin,AAVE/USDT:USDT,299.14,194.0,299.15,293.0,299.21,289707.1,
1753507389052,05:23:09.052,blofin,AAVE/USDT:USDT,299.14,261.0,299.16,1.0,299.21,289707.1,
1753507389052,05:23:09.052,blofin,AAVE/USDT:USDT,299.14,2.0,299.15,5.0,299.21,289707.1,
1753507395553,05:23:15.553,blofin,AAVE/USDT:USDT,299.12,153.0,299.13,120.0,299.13,289710.1,
1753507395553,05:23:15.553,blofin,AAVE/USDT:USDT,299.12,153.0,299.13,120.0,299.13,289710.1,
1753507395553,05:23:15.553,blofin,AAVE/USDT:USDT,299.12,153.0,299.13,93.0,299.13,289710.1,
1753507395553,05:23:15.553,blofin,AAVE/USDT:USDT,299.09,81.0,299.11,91.0,299.13,289710.1,
1753507395553,05:23:15.553,blofin,AAVE/USDT:USDT,299.09,255.0,299.11,24.0,299.13,289710.1,
1753507395553,05:23:15.553,blofin,AAVE/USDT:USDT,299.09,255.0,299.11,24.0,299.13,289710.1,
1753507395553,05:23:15.553,blofin,AAVE/USDT:USDT,299.09,255.0,299.11,23.0,299.13,289710.1,
1753507395553,05:23:15.553,blofin,AAVE/USDT:USDT,299.09,259.0,299.11,5.0,299.13,289710.1,
1753507395553,05:23:15.553,blofin,AAVE/USDT:USDT,299.09,260.0,299.11,5.0,299.13,289710.1,
1753507395553,05:23:15.553,blofin,AAVE/USDT:USDT,299.09,260.0,299.11,5.0,299.13,289710.1,
1753507400452,05:23:20.452,blofin,AAVE/USDT:USDT,299.09,253.0,299.11,5.0,299.05,289720.1,
1753507400452,05:23:20.452,blofin,AAVE/USDT:USDT,299.04,200.0,299.05,272.0,299.05,289720.1,
1753507400452,05:23:20.452,blofin,AAVE/USDT:USDT,298.97,59.0,298.98,216.0,299.05,289720.1,
1753507400452,05:23:20.452,blofin,AAVE/USDT:USDT,298.97,59.0,298.98,216.0,299.05,289720.1,
1753507402255,05:23:22.255,blofin,AAVE/USDT:USDT,298.97,59.0,298.98,106.0,298.95,289728.1,
1753507402255,05:23:22.255,blofin,AAVE/USDT:USDT,298.93,29.0,298.95,3.0,298.95,289728.1,
1753507402255,05:23:22.255,blofin,AAVE/USDT:USDT,298.93,28.0,298.95,3.0,298.95,289728.1,
1753507403762,05:23:23.762,blofin,AAVE/USDT:USDT,298.93,28.0,298.95,3.0,298.86,289729.1,
1753507403762,05:23:23.762,blofin,AAVE/USDT:USDT,298.76,40.0,298.78,184.0,298.86,289729.1,
1753507405051,05:23:25.051,blofin,AAVE/USDT:USDT,298.71,50.0,298.72,317.0,298.74,289736.1,
1753507405051,05:23:25.051,blofin,AAVE/USDT:USDT,298.71,50.0,298.72,317.0,298.74,289736.1,
1753507405051,05:23:25.051,blofin,AAVE/USDT:USDT,298.71,50.0,298.73,197.0,298.74,289736.1,
1753507406254,05:23:26.254,blofin,AAVE/USDT:USDT,298.66,108.0,298.67,347.0,298.67,289751.1,
1753507406254,05:23:26.254,blofin,AAVE/USDT:USDT,298.66,108.0,298.68,341.0,298.67,289751.1,
1753507406254,05:23:26.254,blofin,AAVE/USDT:USDT,298.66,108.0,298.68,341.0,298.67,289751.1,
1753507406254,05:23:26.254,blofin,AAVE/USDT:USDT,298.67,173.0,298.68,2.0,298.67,289751.1,
1753507406254,05:23:26.254,blofin,AAVE/USDT:USDT,298.75,268.0,298.77,63.0,298.67,289751.1,
1753507406254,05:23:26.254,blofin,AAVE/USDT:USDT,298.75,268.0,298.77,63.0,298.67,289751.1,
1753507406254,05:23:26.254,blofin,AAVE/USDT:USDT,298.75,440.0,298.77,39.0,298.67,289751.1,
1753507409950,05:23:29.950,blofin,AAVE/USDT:USDT,298.75,442.0,298.77,39.0,298.79,289764.1,
1753507409950,05:23:29.950,blofin,AAVE/USDT:USDT,298.8,141.0,298.83,55.0,298.79,289764.1,
1753507409950,05:23:29.950,blofin,AAVE/USDT:USDT,298.8,141.0,298.83,55.0,298.79,289764.1,
1753507409950,05:23:29.950,blofin,AAVE/USDT:USDT,298.8,52.0,298.82,37.0,298.79,289764.1,
1753507409950,05:23:29.950,blofin,AAVE/USDT:USDT,298.8,52.0,298.82,41.0,298.79,289764.1,
1753507412455,05:23:32.455,blofin,AAVE/USDT:USDT,298.8,32.0,298.82,4.0,298.88,289768.1,
1753507412455,05:23:32.455,blofin,AAVE/USDT:USDT,298.89,220.0,298.93,914.0,298.88,289768.1,
1753507412455,05:23:32.455,blofin,AAVE/USDT:USDT,298.89,220.0,298.93,914.0,298.88,289768.1,
1753507412455,05:23:32.455,blofin,AAVE/USDT:USDT,298.85,20.0,298.88,67.0,298.88,289768.1,
1753507412455,05:23:32.455,blofin,AAVE/USDT:USDT,298.85,20.0,298.87,68.0,298.88,289768.1,
1753507415056,05:23:35.056,blofin,AAVE/USDT:USDT,298.85,20.0,298.87,68.0,298.85,289773.1,
1753507415056,05:23:35.056,blofin,AAVE/USDT:USDT,298.85,20.0,298.87,1.0,298.85,289773.1,
1753507415056,05:23:35.056,blofin,AAVE/USDT:USDT,298.85,4.0,298.87,64.0,298.85,289773.1,
1753507415056,05:23:35.056,blofin,AAVE/USDT:USDT,298.84,41.0,298.87,64.0,298.85,289773.1,
1753507415056,05:23:35.056,blofin,AAVE/USDT:USDT,298.84,41.0,298.87,64.0,298.85,289773.1,
1753507415056,05:23:35.056,blofin,AAVE/USDT:USDT,298.85,1.0,298.87,51.0,298.85,289773.1,
1753507418355,05:23:38.355,blofin,AAVE/USDT:USDT,298.9,9.0,298.93,684.0,298.93,289780.1,
1753507418355,05:23:38.355,blofin,AAVE/USDT:USDT,298.9,9.0,298.93,684.0,298.93,289780.1,
1753507418355,05:23:38.355,blofin,AAVE/USDT:USDT,298.9,9.0,298.93,684.0,298.93,289780.1,
1753507418355,05:23:38.355,blofin,AAVE/USDT:USDT,298.95,224.0,298.97,75.0,298.93,289780.1,
1753507418355,05:23:38.355,blofin,AAVE/USDT:USDT,298.95,224.0,298.97,75.0,298.93,289780.1,
1753507418355,05:23:38.355,blofin,AAVE/USDT:USDT,298.95,224.0,298.97,75.0,298.93,289780.1,
1753507418355,05:23:38.355,blofin,AAVE/USDT:USDT,298.95,57.0,298.97,576.0,298.93,289780.1,
1753507418355,05:23:38.355,blofin,AAVE/USDT:USDT,298.95,17.0,298.97,578.0,298.93,289780.1,
1753507418355,05:23:38.355,blofin,AAVE/USDT:USDT,298.95,17.0,298.97,578.0,298.93,289780.1,
1753507418355,05:23:38.355,blofin,AAVE/USDT:USDT,298.95,17.0,298.97,578.0,298.93,289780.1,
1753507418355,05:23:38.355,blofin,AAVE/USDT:USDT,298.95,16.0,298.97,498.0,298.93,289780.1,
1753507418355,05:23:38.355,blofin,AAVE/USDT:USDT,298.95,16.0,298.97,498.0,298.93,289780.1,
1753507418355,05:23:38.355,blofin,AAVE/USDT:USDT,298.94,47.0,298.97,498.0,298.93,289780.1,
