timestamp,time,exchange,symbol,bid,bidVolume,ask,askVolume,lastPrice,baseVolume,quoteVolume
1753504777647,04:39:37.647,blofin,AAVE/USDT:USDT,297.31,17.0,297.33,144.0,297.26,319821.6,
1753504790349,04:39:50.349,blofin,AAVE/USDT:USDT,297.25,87.0,297.27,542.0,297.25,319830.6,
1753504790349,04:39:50.349,blofin,AAVE/USDT:USDT,297.25,5.0,297.27,223.0,297.25,319830.6,
1753504790349,04:39:50.349,blofin,AAVE/USDT:USDT,297.25,4.0,297.27,226.0,297.25,319830.6,
1753504790349,04:39:50.349,blofin,AAVE/USDT:USDT,297.25,4.0,297.27,226.0,297.25,319830.6,
1753504790349,04:39:50.349,blofin,AAVE/USDT:USDT,297.25,5.0,297.27,184.0,297.25,319830.6,
1753504790349,04:39:50.349,blofin,AAVE/USDT:USDT,297.25,6.0,297.27,186.0,297.25,319830.6,
1753504790349,04:39:50.349,blofin,AAVE/USDT:USDT,297.25,28.0,297.27,63.0,297.25,319830.6,
1753504790349,04:39:50.349,blofin,AAVE/USDT:USDT,297.25,6.0,297.27,27.0,297.25,319830.6,
1753504790349,04:39:50.349,blofin,AAVE/USDT:USDT,297.25,6.0,297.27,27.0,297.25,319830.6,
1753504790349,04:39:50.349,blofin,AAVE/USDT:USDT,297.25,42.0,297.27,6.0,297.25,319830.6,
1753504790349,04:39:50.349,blofin,AAVE/USDT:USDT,297.25,44.0,297.27,6.0,297.25,319830.6,
1753504790349,04:39:50.349,blofin,AAVE/USDT:USDT,297.25,44.0,297.27,6.0,297.25,319830.6,
1753504790349,04:39:50.349,blofin,AAVE/USDT:USDT,297.25,201.0,297.27,7.0,297.25,319830.6,
1753504790349,04:39:50.349,blofin,AAVE/USDT:USDT,297.25,75.0,297.27,7.0,297.25,319830.6,
1753504790349,04:39:50.349,blofin,AAVE/USDT:USDT,297.25,77.0,297.27,5.0,297.25,319830.6,
1753504790349,04:39:50.349,blofin,AAVE/USDT:USDT,297.25,66.0,297.27,8.0,297.25,319830.6,
1753504790349,04:39:50.349,blofin,AAVE/USDT:USDT,297.25,66.0,297.27,8.0,297.25,319830.6,
1753504790349,04:39:50.349,blofin,AAVE/USDT:USDT,297.25,6.0,297.27,8.0,297.25,319830.6,
1753504790349,04:39:50.349,blofin,AAVE/USDT:USDT,297.25,6.0,297.27,4.0,297.25,319830.6,
1753504790349,04:39:50.349,blofin,AAVE/USDT:USDT,297.25,6.0,297.27,4.0,297.25,319830.6,
1753504803145,04:40:03.145,blofin,AAVE/USDT:USDT,297.28,50.0,297.31,2.0,297.27,319418.5,
1753504803145,04:40:03.145,blofin,AAVE/USDT:USDT,297.27,30.0,297.29,144.0,297.27,319418.5,
1753504803145,04:40:03.145,blofin,AAVE/USDT:USDT,297.27,35.0,297.29,144.0,297.27,319418.5,
1753504803145,04:40:03.145,blofin,AAVE/USDT:USDT,297.27,16.0,297.29,161.0,297.27,319418.5,
1753504803145,04:40:03.145,blofin,AAVE/USDT:USDT,297.27,16.0,297.29,161.0,297.27,319418.5,
1753504803145,04:40:03.145,blofin,AAVE/USDT:USDT,297.27,15.0,297.29,165.0,297.27,319418.5,
1753504803145,04:40:03.145,blofin,AAVE/USDT:USDT,297.27,35.0,297.29,39.0,297.27,319418.5,
1753504803145,04:40:03.145,blofin,AAVE/USDT:USDT,297.27,35.0,297.29,39.0,297.27,319418.5,
1753504803145,04:40:03.145,blofin,AAVE/USDT:USDT,297.27,16.0,297.29,4.0,297.27,319418.5,
1753504803145,04:40:03.145,blofin,AAVE/USDT:USDT,297.28,31.0,297.29,4.0,297.27,319418.5,
1753504803145,04:40:03.145,blofin,AAVE/USDT:USDT,297.28,31.0,297.3,56.0,297.27,319418.5,
1753504803145,04:40:03.145,blofin,AAVE/USDT:USDT,297.28,31.0,297.3,56.0,297.27,319418.5,
1753504803145,04:40:03.145,blofin,AAVE/USDT:USDT,297.27,55.0,297.29,165.0,297.27,319418.5,
1753504803145,04:40:03.145,blofin,AAVE/USDT:USDT,297.28,32.0,297.29,2.0,297.27,319418.5,
1753504803145,04:40:03.145,blofin,AAVE/USDT:USDT,297.28,34.0,297.29,2.0,297.27,319418.5,
1753504803145,04:40:03.145,blofin,AAVE/USDT:USDT,297.28,34.0,297.29,2.0,297.27,319418.5,
1753504803145,04:40:03.145,blofin,AAVE/USDT:USDT,297.28,33.0,297.3,60.0,297.27,319418.5,
1753504803145,04:40:03.145,blofin,AAVE/USDT:USDT,297.28,34.0,297.3,60.0,297.27,319418.5,
1753504803145,04:40:03.145,blofin,AAVE/USDT:USDT,297.28,36.0,297.3,60.0,297.27,319418.5,
1753504803145,04:40:03.145,blofin,AAVE/USDT:USDT,297.28,36.0,297.3,60.0,297.27,319418.5,
1753504803145,04:40:03.145,blofin,AAVE/USDT:USDT,297.27,34.0,297.3,99.0,297.27,319418.5,
1753504803145,04:40:03.145,blofin,AAVE/USDT:USDT,297.28,64.0,297.3,274.0,297.27,319418.5,
1753504803145,04:40:03.145,blofin,AAVE/USDT:USDT,297.28,64.0,297.3,274.0,297.27,319418.5,
1753504803145,04:40:03.145,blofin,AAVE/USDT:USDT,297.28,44.0,297.3,3.0,297.27,319418.5,
1753504803145,04:40:03.145,blofin,AAVE/USDT:USDT,297.28,44.0,297.3,3.0,297.27,319418.5,
1753504803145,04:40:03.145,blofin,AAVE/USDT:USDT,297.34,42.0,297.36,34.0,297.27,319418.5,
1753504803145,04:40:03.145,blofin,AAVE/USDT:USDT,297.34,91.0,297.36,33.0,297.27,319418.5,
1753504803145,04:40:03.145,blofin,AAVE/USDT:USDT,297.34,108.0,297.36,9.0,297.27,319418.5,
1753504803145,04:40:03.145,blofin,AAVE/USDT:USDT,297.34,108.0,297.36,9.0,297.27,319418.5,
1753504803145,04:40:03.145,blofin,AAVE/USDT:USDT,297.34,108.0,297.36,9.0,297.27,319418.5,
1753504803145,04:40:03.145,blofin,AAVE/USDT:USDT,297.34,1.0,297.36,33.0,297.27,319418.5,
1753504803145,04:40:03.145,blofin,AAVE/USDT:USDT,297.34,90.0,297.36,9.0,297.27,319418.5,
1753504803145,04:40:03.145,blofin,AAVE/USDT:USDT,297.34,90.0,297.36,9.0,297.27,319418.5,
1753504820254,04:40:20.254,blofin,AAVE/USDT:USDT,297.34,91.0,297.36,9.0,297.36,319428.5,
1753504820254,04:40:20.254,blofin,AAVE/USDT:USDT,297.35,95.0,297.37,5.0,297.36,319428.5,
1753504820254,04:40:20.254,blofin,AAVE/USDT:USDT,297.36,81.0,297.38,26.0,297.36,319428.5,
1753504820254,04:40:20.254,blofin,AAVE/USDT:USDT,297.36,80.0,297.38,26.0,297.36,319428.5,
1753504820254,04:40:20.254,blofin,AAVE/USDT:USDT,297.36,80.0,297.38,26.0,297.36,319428.5,
1753504820254,04:40:20.254,blofin,AAVE/USDT:USDT,297.36,115.0,297.38,28.0,297.36,319428.5,
1753504820254,04:40:20.254,blofin,AAVE/USDT:USDT,297.36,115.0,297.38,4.0,297.36,319428.5,
1753504820254,04:40:20.254,blofin,AAVE/USDT:USDT,297.35,5.0,297.36,201.0,297.36,319428.5,
1753504820254,04:40:20.254,blofin,AAVE/USDT:USDT,297.35,5.0,297.36,201.0,297.36,319428.5,
1753504820254,04:40:20.254,blofin,AAVE/USDT:USDT,297.35,5.0,297.36,79.0,297.36,319428.5,
1753504820254,04:40:20.254,blofin,AAVE/USDT:USDT,297.35,5.0,297.36,79.0,297.36,319428.5,
1753504827547,04:40:27.547,blofin,AAVE/USDT:USDT,297.35,5.0,297.36,79.0,297.32,319436.5,
1753504827547,04:40:27.547,blofin,AAVE/USDT:USDT,297.3,1.0,297.32,185.0,297.32,319436.5,
1753504827547,04:40:27.547,blofin,AAVE/USDT:USDT,297.3,1.0,297.32,185.0,297.32,319436.5,
1753504827547,04:40:27.547,blofin,AAVE/USDT:USDT,297.3,28.0,297.32,109.0,297.32,319436.5,
1753504827547,04:40:27.547,blofin,AAVE/USDT:USDT,297.3,17.0,297.32,44.0,297.32,319436.5,
1753504827547,04:40:27.547,blofin,AAVE/USDT:USDT,297.3,5.0,297.32,56.0,297.32,319436.5,
1753504827547,04:40:27.547,blofin,AAVE/USDT:USDT,297.29,37.0,297.32,56.0,297.32,319436.5,
1753504827547,04:40:27.547,blofin,AAVE/USDT:USDT,297.3,61.0,297.32,13.0,297.32,319436.5,
1753504827547,04:40:27.547,blofin,AAVE/USDT:USDT,297.3,61.0,297.32,13.0,297.32,319436.5,
1753504827547,04:40:27.547,blofin,AAVE/USDT:USDT,297.3,16.0,297.32,93.0,297.32,319436.5,
1753504827547,04:40:27.547,blofin,AAVE/USDT:USDT,297.3,16.0,297.32,93.0,297.32,319436.5,
1753504827547,04:40:27.547,blofin,AAVE/USDT:USDT,297.3,255.0,297.32,8.0,297.32,319436.5,
1753504827547,04:40:27.547,blofin,AAVE/USDT:USDT,297.3,255.0,297.32,8.0,297.32,319436.5,
1753504827547,04:40:27.547,blofin,AAVE/USDT:USDT,297.3,259.0,297.32,8.0,297.32,319436.5,
1753504827547,04:40:27.547,blofin,AAVE/USDT:USDT,297.34,99.0,297.37,36.0,297.32,319436.5,
1753504827547,04:40:27.547,blofin,AAVE/USDT:USDT,297.34,99.0,297.37,36.0,297.32,319436.5,
1753504827547,04:40:27.547,blofin,AAVE/USDT:USDT,297.34,8.0,297.36,81.0,297.32,319436.5,
1753504827547,04:40:27.547,blofin,AAVE/USDT:USDT,297.34,8.0,297.36,86.0,297.32,319436.5,
1753504827547,04:40:27.547,blofin,AAVE/USDT:USDT,297.34,8.0,297.36,212.0,297.32,319436.5,
1753504827547,04:40:27.547,blofin,AAVE/USDT:USDT,297.31,6.0,297.33,226.0,297.32,319436.5,
1753504839454,04:40:39.454,blofin,AAVE/USDT:USDT,297.31,6.0,297.33,226.0,297.2,319450.5,
1753504839454,04:40:39.454,blofin,AAVE/USDT:USDT,297.19,32.0,297.2,30.0,297.2,319450.5,
1753504839454,04:40:39.454,blofin,AAVE/USDT:USDT,297.15,55.0,297.17,3.0,297.2,319450.5,
1753504839454,04:40:39.454,blofin,AAVE/USDT:USDT,297.15,55.0,297.17,3.0,297.2,319450.5,
1753504839454,04:40:39.454,blofin,AAVE/USDT:USDT,297.15,61.0,297.17,44.0,297.2,319450.5,
1753504839454,04:40:39.454,blofin,AAVE/USDT:USDT,297.21,62.0,297.23,43.0,297.2,319450.5,
1753504839454,04:40:39.454,blofin,AAVE/USDT:USDT,297.21,103.0,297.24,62.0,297.2,319450.5,
1753504839454,04:40:39.454,blofin,AAVE/USDT:USDT,297.21,103.0,297.24,65.0,297.2,319450.5,
1753504839454,04:40:39.454,blofin,AAVE/USDT:USDT,297.21,32.0,297.23,66.0,297.2,319450.5,
1753504844161,04:40:44.161,blofin,AAVE/USDT:USDT,297.21,32.0,297.23,66.0,297.23,319461.5,
1753504844161,04:40:44.161,blofin,AAVE/USDT:USDT,297.23,219.0,297.25,126.0,297.23,319461.5,
1753504844161,04:40:44.161,blofin,AAVE/USDT:USDT,297.23,219.0,297.25,130.0,297.23,319461.5,
1753504844161,04:40:44.161,blofin,AAVE/USDT:USDT,297.23,219.0,297.25,130.0,297.23,319461.5,
1753504844161,04:40:44.161,blofin,AAVE/USDT:USDT,297.25,437.0,297.27,65.0,297.23,319461.5,
1753504844161,04:40:44.161,blofin,AAVE/USDT:USDT,297.24,178.0,297.27,67.0,297.23,319461.5,
1753504844161,04:40:44.161,blofin,AAVE/USDT:USDT,297.25,281.0,297.27,67.0,297.23,319461.5,
1753504844161,04:40:44.161,blofin,AAVE/USDT:USDT,297.25,281.0,297.27,67.0,297.23,319461.5,
1753504844161,04:40:44.161,blofin,AAVE/USDT:USDT,297.25,283.0,297.27,67.0,297.23,319461.5,
1753504848850,04:40:48.850,blofin,AAVE/USDT:USDT,297.25,251.0,297.27,66.0,297.31,319470.5,
1753504848850,04:40:48.850,blofin,AAVE/USDT:USDT,297.27,276.0,297.29,2.0,297.31,319470.5,
1753504848850,04:40:48.850,blofin,AAVE/USDT:USDT,297.27,276.0,297.29,2.0,297.31,319470.5,
1753504848850,04:40:48.850,blofin,AAVE/USDT:USDT,297.27,502.0,297.29,28.0,297.31,319470.5,
1753504848850,04:40:48.850,blofin,AAVE/USDT:USDT,297.27,493.0,297.29,2.0,297.31,319470.5,
1753504848850,04:40:48.850,blofin,AAVE/USDT:USDT,297.27,493.0,297.29,2.0,297.31,319470.5,
1753504848850,04:40:48.850,blofin,AAVE/USDT:USDT,297.28,414.0,297.29,2.0,297.31,319470.5,
1753504848850,04:40:48.850,blofin,AAVE/USDT:USDT,297.28,414.0,297.29,2.0,297.31,319470.5,
1753504848850,04:40:48.850,blofin,AAVE/USDT:USDT,297.3,247.0,297.32,5.0,297.31,319470.5,
1753504848850,04:40:48.850,blofin,AAVE/USDT:USDT,297.33,381.0,297.34,246.0,297.31,319470.5,
1753504848850,04:40:48.850,blofin,AAVE/USDT:USDT,297.36,346.0,297.39,134.0,297.31,319470.5,
1753504848850,04:40:48.850,blofin,AAVE/USDT:USDT,297.36,346.0,297.39,134.0,297.31,319470.5,
1753504848850,04:40:48.850,blofin,AAVE/USDT:USDT,297.36,350.0,297.39,134.0,297.31,319470.5,
1753504848850,04:40:48.850,blofin,AAVE/USDT:USDT,297.36,342.0,297.39,129.0,297.31,319470.5,
1753504848850,04:40:48.850,blofin,AAVE/USDT:USDT,297.36,345.0,297.39,129.0,297.31,319470.5,
1753504848850,04:40:48.850,blofin,AAVE/USDT:USDT,297.36,326.0,297.38,81.0,297.31,319470.5,
1753504848850,04:40:48.850,blofin,AAVE/USDT:USDT,297.36,326.0,297.38,81.0,297.31,319470.5,
1753504848850,04:40:48.850,blofin,AAVE/USDT:USDT,297.37,148.0,297.39,7.0,297.31,319470.5,
1753504848850,04:40:48.850,blofin,AAVE/USDT:USDT,297.37,1.0,297.39,10.0,297.31,319470.5,
1753504848850,04:40:48.850,blofin,AAVE/USDT:USDT,297.39,67.0,297.41,214.0,297.31,319470.5,
1753504848850,04:40:48.850,blofin,AAVE/USDT:USDT,297.39,67.0,297.41,214.0,297.31,319470.5,
1753504848850,04:40:48.850,blofin,AAVE/USDT:USDT,297.39,14.0,297.41,235.0,297.31,319470.5,
1753504848850,04:40:48.850,blofin,AAVE/USDT:USDT,297.39,14.0,297.41,237.0,297.31,319470.5,
1753504848850,04:40:48.850,blofin,AAVE/USDT:USDT,297.39,14.0,297.41,237.0,297.31,319470.5,
1753504848850,04:40:48.850,blofin,AAVE/USDT:USDT,297.39,41.0,297.41,172.0,297.31,319470.5,
1753504848850,04:40:48.850,blofin,AAVE/USDT:USDT,297.39,21.0,297.41,172.0,297.31,319470.5,
1753504848850,04:40:48.850,blofin,AAVE/USDT:USDT,297.39,21.0,297.41,172.0,297.31,319470.5,
1753504848850,04:40:48.850,blofin,AAVE/USDT:USDT,297.39,18.0,297.41,219.0,297.31,319470.5,
1753504864162,04:41:04.162,blofin,AAVE/USDT:USDT,297.39,18.0,297.41,219.0,297.42,319297.5,
1753504864162,04:41:04.162,blofin,AAVE/USDT:USDT,297.4,242.0,297.41,172.0,297.42,319297.5,
1753504864162,04:41:04.162,blofin,AAVE/USDT:USDT,297.42,436.0,297.44,36.0,297.42,319297.5,
1753504864162,04:41:04.162,blofin,AAVE/USDT:USDT,297.44,284.0,297.46,145.0,297.42,319297.5,
1753504864162,04:41:04.162,blofin,AAVE/USDT:USDT,297.44,284.0,297.46,145.0,297.42,319297.5,
1753504864162,04:41:04.162,blofin,AAVE/USDT:USDT,297.44,452.0,297.46,125.0,297.42,319297.5,
1753504864162,04:41:04.162,blofin,AAVE/USDT:USDT,297.44,450.0,297.46,125.0,297.42,319297.5,
1753504864162,04:41:04.162,blofin,AAVE/USDT:USDT,297.44,279.0,297.46,125.0,297.42,319297.5,
1753504864162,04:41:04.162,blofin,AAVE/USDT:USDT,297.44,279.0,297.46,127.0,297.42,319297.5,
1753504864162,04:41:04.162,blofin,AAVE/USDT:USDT,297.44,279.0,297.46,127.0,297.42,319297.5,
1753504864162,04:41:04.162,blofin,AAVE/USDT:USDT,297.44,251.0,297.47,130.0,297.42,319297.5,
1753504864162,04:41:04.162,blofin,AAVE/USDT:USDT,297.44,162.0,297.46,125.0,297.42,319297.5,
1753504864162,04:41:04.162,blofin,AAVE/USDT:USDT,297.44,162.0,297.46,125.0,297.42,319297.5,
1753504864162,04:41:04.162,blofin,AAVE/USDT:USDT,297.43,116.0,297.46,129.0,297.42,319297.5,
1753504864162,04:41:04.162,blofin,AAVE/USDT:USDT,297.43,114.0,297.46,129.0,297.42,319297.5,
1753504864162,04:41:04.162,blofin,AAVE/USDT:USDT,297.44,131.0,297.46,4.0,297.42,319297.5,
1753504864162,04:41:04.162,blofin,AAVE/USDT:USDT,297.44,131.0,297.46,4.0,297.42,319297.5,
1753504872649,04:41:12.649,blofin,AAVE/USDT:USDT,297.44,131.0,297.46,4.0,297.45,319309.5,
1753504872649,04:41:12.649,blofin,AAVE/USDT:USDT,297.45,113.0,297.46,4.0,297.45,319309.5,
1753504872649,04:41:12.649,blofin,AAVE/USDT:USDT,297.45,206.0,297.47,24.0,297.45,319309.5,
1753504872649,04:41:12.649,blofin,AAVE/USDT:USDT,297.45,206.0,297.47,24.0,297.45,319309.5,
1753504872649,04:41:12.649,blofin,AAVE/USDT:USDT,297.45,113.0,297.47,126.0,297.45,319309.5,
1753504872649,04:41:12.649,blofin,AAVE/USDT:USDT,297.45,116.0,297.47,127.0,297.45,319309.5,
1753504872649,04:41:12.649,blofin,AAVE/USDT:USDT,297.45,71.0,297.47,92.0,297.45,319309.5,
1753504872649,04:41:12.649,blofin,AAVE/USDT:USDT,297.45,264.0,297.47,2.0,297.45,319309.5,
1753504872649,04:41:12.649,blofin,AAVE/USDT:USDT,297.45,261.0,297.47,2.0,297.45,319309.5,
1753504872649,04:41:12.649,blofin,AAVE/USDT:USDT,297.45,261.0,297.47,2.0,297.45,319309.5,
1753504872649,04:41:12.649,blofin,AAVE/USDT:USDT,297.45,253.0,297.47,77.0,297.45,319309.5,
1753504872649,04:41:12.649,blofin,AAVE/USDT:USDT,297.45,5.0,297.47,77.0,297.45,319309.5,
1753504872649,04:41:12.649,blofin,AAVE/USDT:USDT,297.45,5.0,297.47,79.0,297.45,319309.5,
1753504872649,04:41:12.649,blofin,AAVE/USDT:USDT,297.45,269.0,297.47,4.0,297.45,319309.5,
1753504872649,04:41:12.649,blofin,AAVE/USDT:USDT,297.45,269.0,297.47,4.0,297.45,319309.5,
1753504872649,04:41:12.649,blofin,AAVE/USDT:USDT,297.45,271.0,297.47,4.0,297.45,319309.5,
1753504872649,04:41:12.649,blofin,AAVE/USDT:USDT,297.45,255.0,297.47,74.0,297.45,319309.5,
1753504872649,04:41:12.649,blofin,AAVE/USDT:USDT,297.45,300.0,297.47,71.0,297.45,319309.5,
1753504872649,04:41:12.649,blofin,AAVE/USDT:USDT,297.45,300.0,297.47,71.0,297.45,319309.5,
1753504872649,04:41:12.649,blofin,AAVE/USDT:USDT,297.45,272.0,297.47,58.0,297.45,319309.5,
1753504872649,04:41:12.649,blofin,AAVE/USDT:USDT,297.45,272.0,297.47,58.0,297.45,319309.5,
1753504872649,04:41:12.649,blofin,AAVE/USDT:USDT,297.45,298.0,297.47,56.0,297.45,319309.5,
1753504872649,04:41:12.649,blofin,AAVE/USDT:USDT,297.45,297.0,297.47,56.0,297.45,319309.5,
1753504872649,04:41:12.649,blofin,AAVE/USDT:USDT,297.45,301.0,297.47,56.0,297.45,319309.5,
1753504872649,04:41:12.649,blofin,AAVE/USDT:USDT,297.45,301.0,297.47,56.0,297.45,319309.5,
1753504872649,04:41:12.649,blofin,AAVE/USDT:USDT,297.46,325.0,297.48,179.0,297.45,319309.5,
1753504872649,04:41:12.649,blofin,AAVE/USDT:USDT,297.46,325.0,297.48,175.0,297.45,319309.5,
1753504886853,04:41:26.853,blofin,AAVE/USDT:USDT,297.51,6.0,297.53,327.0,297.53,319324.5,
1753504886853,04:41:26.853,blofin,AAVE/USDT:USDT,297.51,6.0,297.53,327.0,297.53,319324.5,
1753504886853,04:41:26.853,blofin,AAVE/USDT:USDT,297.49,9.0,297.51,294.0,297.53,319324.5,
1753504886853,04:41:26.853,blofin,AAVE/USDT:USDT,297.49,11.0,297.51,294.0,297.53,319324.5,
1753504886853,04:41:26.853,blofin,AAVE/USDT:USDT,297.48,11.0,297.51,271.0,297.53,319324.5,
1753504889251,04:41:29.251,blofin,AAVE/USDT:USDT,297.5,33.0,297.52,74.0,297.49,319335.5,
1753504889251,04:41:29.251,blofin,AAVE/USDT:USDT,297.5,33.0,297.52,74.0,297.49,319335.5,
1753504889251,04:41:29.251,blofin,AAVE/USDT:USDT,297.5,34.0,297.52,74.0,297.49,319335.5,
1753504889251,04:41:29.251,blofin,AAVE/USDT:USDT,297.5,116.0,297.52,1.0,297.49,319335.5,
1753504889251,04:41:29.251,blofin,AAVE/USDT:USDT,297.5,116.0,297.52,1.0,297.49,319335.5,
1753504889251,04:41:29.251,blofin,AAVE/USDT:USDT,297.5,116.0,297.53,71.0,297.49,319335.5,
1753504889251,04:41:29.251,blofin,AAVE/USDT:USDT,297.5,248.0,297.52,71.0,297.49,319335.5,
1753504889251,04:41:29.251,blofin,AAVE/USDT:USDT,297.54,308.0,297.56,33.0,297.49,319335.5,
1753504889251,04:41:29.251,blofin,AAVE/USDT:USDT,297.54,308.0,297.56,33.0,297.49,319335.5,
1753504889251,04:41:29.251,blofin,AAVE/USDT:USDT,297.54,289.0,297.56,45.0,297.49,319335.5,
1753504889251,04:41:29.251,blofin,AAVE/USDT:USDT,297.54,34.0,297.56,62.0,297.49,319335.5,
1753504889251,04:41:29.251,blofin,AAVE/USDT:USDT,297.54,34.0,297.56,62.0,297.49,319335.5,
1753504889251,04:41:29.251,blofin,AAVE/USDT:USDT,297.54,166.0,297.56,43.0,297.49,319335.5,
1753504889251,04:41:29.251,blofin,AAVE/USDT:USDT,297.54,194.0,297.56,17.0,297.49,319335.5,
1753504889251,04:41:29.251,blofin,AAVE/USDT:USDT,297.54,194.0,297.56,19.0,297.49,319335.5,
1753504889251,04:41:29.251,blofin,AAVE/USDT:USDT,297.54,194.0,297.56,19.0,297.49,319335.5,
1753504889251,04:41:29.251,blofin,AAVE/USDT:USDT,297.54,210.0,297.56,19.0,297.49,319335.5,
1753504889251,04:41:29.251,blofin,AAVE/USDT:USDT,297.58,265.0,297.6,265.0,297.49,319335.5,
1753504889251,04:41:29.251,blofin,AAVE/USDT:USDT,297.58,265.0,297.6,267.0,297.49,319335.5,
1753504889251,04:41:29.251,blofin,AAVE/USDT:USDT,297.58,268.0,297.6,269.0,297.49,319335.5,
1753504889251,04:41:29.251,blofin,AAVE/USDT:USDT,297.58,268.0,297.6,269.0,297.49,319335.5,
1753504901943,04:41:41.943,blofin,AAVE/USDT:USDT,297.58,352.0,297.6,266.0,297.61,319338.5,
1753504901943,04:41:41.943,blofin,AAVE/USDT:USDT,297.6,391.0,297.61,203.0,297.61,319338.5,
1753504901943,04:41:41.943,blofin,AAVE/USDT:USDT,297.6,342.0,297.61,203.0,297.61,319338.5,
1753504901943,04:41:41.943,blofin,AAVE/USDT:USDT,297.6,343.0,297.61,203.0,297.61,319338.5,
1753504901943,04:41:41.943,blofin,AAVE/USDT:USDT,297.6,301.0,297.61,203.0,297.61,319338.5,
1753504901943,04:41:41.943,blofin,AAVE/USDT:USDT,297.6,301.0,297.61,203.0,297.61,319338.5,
1753504901943,04:41:41.943,blofin,AAVE/USDT:USDT,297.6,345.0,297.61,203.0,297.61,319338.5,
1753504901943,04:41:41.943,blofin,AAVE/USDT:USDT,297.6,344.0,297.61,203.0,297.61,319338.5,
1753504901943,04:41:41.943,blofin,AAVE/USDT:USDT,297.6,344.0,297.61,203.0,297.61,319338.5,
1753504901943,04:41:41.943,blofin,AAVE/USDT:USDT,297.6,223.0,297.61,203.0,297.61,319338.5,
1753504901943,04:41:41.943,blofin,AAVE/USDT:USDT,297.6,259.0,297.61,203.0,297.61,319338.5,
1753504901943,04:41:41.943,blofin,AAVE/USDT:USDT,297.6,259.0,297.61,203.0,297.61,319338.5,
1753504901943,04:41:41.943,blofin,AAVE/USDT:USDT,297.6,186.0,297.61,203.0,297.61,319338.5,
1753504901943,04:41:41.943,blofin,AAVE/USDT:USDT,297.6,215.0,297.61,203.0,297.61,319338.5,
1753504901943,04:41:41.943,blofin,AAVE/USDT:USDT,297.6,215.0,297.61,203.0,297.61,319338.5,
1753504901943,04:41:41.943,blofin,AAVE/USDT:USDT,297.6,215.0,297.61,203.0,297.61,319338.5,
1753504901943,04:41:41.943,blofin,AAVE/USDT:USDT,297.6,215.0,297.61,203.0,297.61,319338.5,
1753504901943,04:41:41.943,blofin,AAVE/USDT:USDT,297.6,234.0,297.62,9.0,297.61,319338.5,
1753504901943,04:41:41.943,blofin,AAVE/USDT:USDT,297.6,234.0,297.62,9.0,297.61,319338.5,
1753504901943,04:41:41.943,blofin,AAVE/USDT:USDT,297.6,260.0,297.62,15.0,297.61,319338.5,
1753504901943,04:41:41.943,blofin,AAVE/USDT:USDT,297.6,258.0,297.62,15.0,297.61,319338.5,
1753504901943,04:41:41.943,blofin,AAVE/USDT:USDT,297.6,222.0,297.62,12.0,297.61,319338.5,
1753504901943,04:41:41.943,blofin,AAVE/USDT:USDT,297.6,224.0,297.62,8.0,297.61,319338.5,
1753504901943,04:41:41.943,blofin,AAVE/USDT:USDT,297.6,224.0,297.62,8.0,297.61,319338.5,
1753504901943,04:41:41.943,blofin,AAVE/USDT:USDT,297.6,5.0,297.62,8.0,297.61,319338.5,
1753504901943,04:41:41.943,blofin,AAVE/USDT:USDT,297.6,300.0,297.62,4.0,297.61,319338.5,
1753504901943,04:41:41.943,blofin,AAVE/USDT:USDT,297.6,302.0,297.62,4.0,297.61,319338.5,
1753504901943,04:41:41.943,blofin,AAVE/USDT:USDT,297.6,305.0,297.62,4.0,297.61,319338.5,
1753504901943,04:41:41.943,blofin,AAVE/USDT:USDT,297.6,305.0,297.62,4.0,297.61,319338.5,
1753504901943,04:41:41.943,blofin,AAVE/USDT:USDT,297.6,313.0,297.62,13.0,297.61,319338.5,
1753504901943,04:41:41.943,blofin,AAVE/USDT:USDT,297.6,315.0,297.62,13.0,297.61,319338.5,
1753504901943,04:41:41.943,blofin,AAVE/USDT:USDT,297.6,328.0,297.62,13.0,297.61,319338.5,
1753504901943,04:41:41.943,blofin,AAVE/USDT:USDT,297.6,328.0,297.62,13.0,297.61,319338.5,
1753504901943,04:41:41.943,blofin,AAVE/USDT:USDT,297.6,338.0,297.62,11.0,297.61,319338.5,
1753504901943,04:41:41.943,blofin,AAVE/USDT:USDT,297.6,338.0,297.62,11.0,297.61,319338.5,
1753504901943,04:41:41.943,blofin,AAVE/USDT:USDT,297.6,273.0,297.62,12.0,297.61,319338.5,
1753504901943,04:41:41.943,blofin,AAVE/USDT:USDT,297.6,7.0,297.62,16.0,297.61,319338.5,
1753504901943,04:41:41.943,blofin,AAVE/USDT:USDT,297.62,248.0,297.65,7.0,297.61,319338.5,
1753504901943,04:41:41.943,blofin,AAVE/USDT:USDT,297.62,248.0,297.65,7.0,297.61,319338.5,
1753504901943,04:41:41.943,blofin,AAVE/USDT:USDT,297.62,357.0,297.64,4.0,297.61,319338.5,
1753504901943,04:41:41.943,blofin,AAVE/USDT:USDT,297.65,483.0,297.66,120.0,297.61,319338.5,
1753504901943,04:41:41.943,blofin,AAVE/USDT:USDT,297.65,483.0,297.66,120.0,297.61,319338.5,
1753504901943,04:41:41.943,blofin,AAVE/USDT:USDT,297.65,483.0,297.66,120.0,297.61,319338.5,
1753504901943,04:41:41.943,blofin,AAVE/USDT:USDT,297.65,491.0,297.66,120.0,297.61,319338.5,
1753504924786,04:42:04.786,blofin,AAVE/USDT:USDT,297.65,430.0,297.66,120.0,297.7,319170.0,
1753504924786,04:42:04.786,blofin,AAVE/USDT:USDT,297.74,299.0,297.76,225.0,297.7,319170.0,
1753504924786,04:42:04.786,blofin,AAVE/USDT:USDT,297.74,110.0,297.76,181.0,297.7,319170.0,
1753504924786,04:42:04.786,blofin,AAVE/USDT:USDT,297.74,110.0,297.76,181.0,297.7,319170.0,
1753504926650,04:42:06.650,blofin,AAVE/USDT:USDT,297.72,203.0,297.76,1429.0,297.76,319182.0,
1753504926650,04:42:06.650,blofin,AAVE/USDT:USDT,297.72,203.0,297.74,1.0,297.76,319182.0,
1753504926650,04:42:06.650,blofin,AAVE/USDT:USDT,297.72,47.0,297.74,24.0,297.76,319182.0,
1753504928653,04:42:08.653,blofin,AAVE/USDT:USDT,297.72,4.0,297.74,137.0,297.72,319184.0,
1753504928653,04:42:08.653,blofin,AAVE/USDT:USDT,297.69,5.0,297.71,358.0,297.72,319184.0,
1753504928653,04:42:08.653,blofin,AAVE/USDT:USDT,297.69,56.0,297.71,21.0,297.72,319184.0,
1753504928653,04:42:08.653,blofin,AAVE/USDT:USDT,297.69,56.0,297.71,21.0,297.72,319184.0,
1753504928653,04:42:08.653,blofin,AAVE/USDT:USDT,297.69,56.0,297.71,21.0,297.72,319184.0,
1753504928653,04:42:08.653,blofin,AAVE/USDT:USDT,297.69,64.0,297.71,29.0,297.72,319184.0,
1753504928653,04:42:08.653,blofin,AAVE/USDT:USDT,297.69,169.0,297.71,36.0,297.72,319184.0,
1753504928653,04:42:08.653,blofin,AAVE/USDT:USDT,297.69,30.0,297.71,3.0,297.72,319184.0,
1753504928653,04:42:08.653,blofin,AAVE/USDT:USDT,297.74,157.0,297.76,157.0,297.72,319184.0,
1753504928653,04:42:08.653,blofin,AAVE/USDT:USDT,297.74,157.0,297.76,157.0,297.72,319184.0,
1753504928653,04:42:08.653,blofin,AAVE/USDT:USDT,297.74,82.0,297.76,157.0,297.72,319184.0,
1753504928653,04:42:08.653,blofin,AAVE/USDT:USDT,297.74,81.0,297.76,160.0,297.72,319184.0,
1753504928653,04:42:08.653,blofin,AAVE/USDT:USDT,297.74,2.0,297.75,143.0,297.72,319184.0,
1753504928653,04:42:08.653,blofin,AAVE/USDT:USDT,297.7,6.0,297.73,163.0,297.72,319184.0,
1753504928653,04:42:08.653,blofin,AAVE/USDT:USDT,297.7,6.0,297.73,163.0,297.72,319184.0,
1753504928653,04:42:08.653,blofin,AAVE/USDT:USDT,297.73,180.0,297.76,150.0,297.72,319184.0,
1753504928653,04:42:08.653,blofin,AAVE/USDT:USDT,297.73,227.0,297.75,4.0,297.72,319184.0,
1753504928653,04:42:08.653,blofin,AAVE/USDT:USDT,297.73,227.0,297.75,8.0,297.72,319184.0,
1753504928653,04:42:08.653,blofin,AAVE/USDT:USDT,297.73,227.0,297.75,8.0,297.72,319184.0,
1753504928653,04:42:08.653,blofin,AAVE/USDT:USDT,297.76,45.0,297.78,94.0,297.72,319184.0,
1753504928653,04:42:08.653,blofin,AAVE/USDT:USDT,297.75,46.0,297.78,94.0,297.72,319184.0,
1753504928653,04:42:08.653,blofin,AAVE/USDT:USDT,297.75,46.0,297.78,94.0,297.72,319184.0,
1753504928653,04:42:08.653,blofin,AAVE/USDT:USDT,297.75,46.0,297.78,94.0,297.72,319184.0,
1753504940449,04:42:20.449,blofin,AAVE/USDT:USDT,297.76,29.0,297.78,79.0,297.76,319194.0,
1753504940449,04:42:20.449,blofin,AAVE/USDT:USDT,297.72,56.0,297.74,141.0,297.76,319194.0,
1753504940449,04:42:20.449,blofin,AAVE/USDT:USDT,297.72,56.0,297.74,141.0,297.76,319194.0,
1753504940449,04:42:20.449,blofin,AAVE/USDT:USDT,297.72,56.0,297.74,141.0,297.76,319194.0,
1753504940449,04:42:20.449,blofin,AAVE/USDT:USDT,297.72,18.0,297.74,78.0,297.76,319194.0,
1753504940449,04:42:20.449,blofin,AAVE/USDT:USDT,297.72,181.0,297.74,3.0,297.76,319194.0,
1753504940449,04:42:20.449,blofin,AAVE/USDT:USDT,297.72,181.0,297.74,3.0,297.76,319194.0,
1753504940449,04:42:20.449,blofin,AAVE/USDT:USDT,297.72,328.0,297.74,3.0,297.76,319194.0,
1753504940449,04:42:20.449,blofin,AAVE/USDT:USDT,297.72,331.0,297.75,19.0,297.76,319194.0,
1753504945084,04:42:25.084,blofin,AAVE/USDT:USDT,297.72,304.0,297.74,14.0,297.77,319212.2,
1753504945084,04:42:25.084,blofin,AAVE/USDT:USDT,297.74,300.0,297.77,1069.8,297.77,319212.2,
1753504945084,04:42:25.084,blofin,AAVE/USDT:USDT,297.74,300.0,297.77,1069.8,297.77,319212.2,
1753504945084,04:42:25.084,blofin,AAVE/USDT:USDT,297.77,25.0,297.78,3.0,297.77,319212.2,
1753504945084,04:42:25.084,blofin,AAVE/USDT:USDT,297.77,25.0,297.78,3.0,297.77,319212.2,
1753504945084,04:42:25.084,blofin,AAVE/USDT:USDT,297.77,25.0,297.78,3.0,297.77,319212.2,
1753504945084,04:42:25.084,blofin,AAVE/USDT:USDT,297.77,25.0,297.78,3.0,297.77,319212.2,
1753504945084,04:42:25.084,blofin,AAVE/USDT:USDT,297.77,25.0,297.78,3.0,297.77,319212.2,
1753504945084,04:42:25.084,blofin,AAVE/USDT:USDT,297.73,91.0,297.75,6.0,297.77,319212.2,
1753504945084,04:42:25.084,blofin,AAVE/USDT:USDT,297.73,91.0,297.75,10.0,297.77,319212.2,
1753504945084,04:42:25.084,blofin,AAVE/USDT:USDT,297.73,5.0,297.75,330.0,297.77,319212.2,
1753504945084,04:42:25.084,blofin,AAVE/USDT:USDT,297.73,5.0,297.75,330.0,297.77,319212.2,
1753504945084,04:42:25.084,blofin,AAVE/USDT:USDT,297.73,3.0,297.75,328.0,297.77,319212.2,
1753504945084,04:42:25.084,blofin,AAVE/USDT:USDT,297.73,5.0,297.76,322.0,297.77,319212.2,
1753504945084,04:42:25.084,blofin,AAVE/USDT:USDT,297.73,5.0,297.76,361.0,297.77,319212.2,
1753504945084,04:42:25.084,blofin,AAVE/USDT:USDT,297.73,3.0,297.76,361.0,297.77,319212.2,
1753504945084,04:42:25.084,blofin,AAVE/USDT:USDT,297.73,3.0,297.76,361.0,297.77,319212.2,
1753504945084,04:42:25.084,blofin,AAVE/USDT:USDT,297.73,1.0,297.75,303.0,297.77,319212.2,
1753504945084,04:42:25.084,blofin,AAVE/USDT:USDT,297.73,9.0,297.75,1.0,297.77,319212.2,
1753504945084,04:42:25.084,blofin,AAVE/USDT:USDT,297.73,10.0,297.75,1.0,297.77,319212.2,
1753504945084,04:42:25.084,blofin,AAVE/USDT:USDT,297.73,10.0,297.75,294.0,297.77,319212.2,
1753504945084,04:42:25.084,blofin,AAVE/USDT:USDT,297.73,10.0,297.75,297.0,297.77,319212.2,
1753504945084,04:42:25.084,blofin,AAVE/USDT:USDT,297.73,10.0,297.75,297.0,297.77,319212.2,
1753504945084,04:42:25.084,blofin,AAVE/USDT:USDT,297.73,10.0,297.75,298.0,297.77,319212.2,
1753504945084,04:42:25.084,blofin,AAVE/USDT:USDT,297.73,10.0,297.75,319.0,297.77,319212.2,
1753504945084,04:42:25.084,blofin,AAVE/USDT:USDT,297.73,10.0,297.75,319.0,297.77,319212.2,
1753504945084,04:42:25.084,blofin,AAVE/USDT:USDT,297.69,12.0,297.71,315.0,297.77,319212.2,
1753504945084,04:42:25.084,blofin,AAVE/USDT:USDT,297.69,9.0,297.71,315.0,297.77,319212.2,
1753504945084,04:42:25.084,blofin,AAVE/USDT:USDT,297.69,14.0,297.71,340.0,297.77,319212.2,
1753504945084,04:42:25.084,blofin,AAVE/USDT:USDT,297.69,14.0,297.71,340.0,297.77,319212.2,
1753504945084,04:42:25.084,blofin,AAVE/USDT:USDT,297.69,14.0,297.71,4.0,297.77,319212.2,
1753504945084,04:42:25.084,blofin,AAVE/USDT:USDT,297.69,12.0,297.71,4.0,297.77,319212.2,
1753504945084,04:42:25.084,blofin,AAVE/USDT:USDT,297.69,9.0,297.71,358.0,297.77,319212.2,
1753504945084,04:42:25.084,blofin,AAVE/USDT:USDT,297.69,9.0,297.71,358.0,297.77,319212.2,
1753504945084,04:42:25.084,blofin,AAVE/USDT:USDT,297.69,9.0,297.71,363.0,297.77,319212.2,
1753504945084,04:42:25.084,blofin,AAVE/USDT:USDT,297.69,9.0,297.71,362.0,297.77,319212.2,
1753504945084,04:42:25.084,blofin,AAVE/USDT:USDT,297.69,12.0,297.71,1.0,297.77,319212.2,
1753504945084,04:42:25.084,blofin,AAVE/USDT:USDT,297.69,12.0,297.71,1.0,297.77,319212.2,
1753504945084,04:42:25.084,blofin,AAVE/USDT:USDT,297.69,14.0,297.72,303.0,297.77,319212.2,
1753504945084,04:42:25.084,blofin,AAVE/USDT:USDT,297.69,54.0,297.71,83.0,297.77,319212.2,
1753504945084,04:42:25.084,blofin,AAVE/USDT:USDT,297.69,54.0,297.71,241.0,297.77,319212.2,
1753504945084,04:42:25.084,blofin,AAVE/USDT:USDT,297.69,53.0,297.71,241.0,297.77,319212.2,
1753504945084,04:42:25.084,blofin,AAVE/USDT:USDT,297.69,53.0,297.71,241.0,297.77,319212.2,
1753504945084,04:42:25.084,blofin,AAVE/USDT:USDT,297.69,26.0,297.71,85.0,297.77,319212.2,
1753504945084,04:42:25.084,blofin,AAVE/USDT:USDT,297.69,47.0,297.71,195.0,297.77,319212.2,
1753504945084,04:42:25.084,blofin,AAVE/USDT:USDT,297.69,47.0,297.71,195.0,297.77,319212.2,
1753504945084,04:42:25.084,blofin,AAVE/USDT:USDT,297.69,43.0,297.71,195.0,297.77,319212.2,
1753504945084,04:42:25.084,blofin,AAVE/USDT:USDT,297.69,43.0,297.71,195.0,297.77,319212.2,
1753504945084,04:42:25.084,blofin,AAVE/USDT:USDT,297.69,46.0,297.71,198.0,297.77,319212.2,
1753504945084,04:42:25.084,blofin,AAVE/USDT:USDT,297.69,71.0,297.71,91.0,297.77,319212.2,
1753504972456,04:42:52.456,blofin,AAVE/USDT:USDT,297.72,47.0,297.75,43.0,297.73,319218.2,
1753504972456,04:42:52.456,blofin,AAVE/USDT:USDT,297.74,46.0,297.76,152.0,297.73,319218.2,
1753504972456,04:42:52.456,blofin,AAVE/USDT:USDT,297.74,86.0,297.76,154.0,297.73,319218.2,
1753504972456,04:42:52.456,blofin,AAVE/USDT:USDT,297.74,86.0,297.76,154.0,297.73,319218.2,
1753504972456,04:42:52.456,blofin,AAVE/USDT:USDT,297.74,86.0,297.76,154.0,297.73,319218.2,
1753504972456,04:42:52.456,blofin,AAVE/USDT:USDT,297.74,40.0,297.76,247.0,297.73,319218.2,
1753504972456,04:42:52.456,blofin,AAVE/USDT:USDT,297.74,38.0,297.76,247.0,297.73,319218.2,
1753504972456,04:42:52.456,blofin,AAVE/USDT:USDT,297.74,27.0,297.76,247.0,297.73,319218.2,
1753504972456,04:42:52.456,blofin,AAVE/USDT:USDT,297.73,9.0,297.76,247.0,297.73,319218.2,
1753504972456,04:42:52.456,blofin,AAVE/USDT:USDT,297.73,9.0,297.76,247.0,297.73,319218.2,
1753504972456,04:42:52.456,blofin,AAVE/USDT:USDT,297.74,2.0,297.76,118.0,297.73,319218.2,
1753504972456,04:42:52.456,blofin,AAVE/USDT:USDT,297.74,2.0,297.76,115.0,297.73,319218.2,
1753504972456,04:42:52.456,blofin,AAVE/USDT:USDT,297.74,13.0,297.76,279.0,297.73,319218.2,
1753504972456,04:42:52.456,blofin,AAVE/USDT:USDT,297.74,13.0,297.76,279.0,297.73,319218.2,
1753504972456,04:42:52.456,blofin,AAVE/USDT:USDT,297.73,15.0,297.76,279.0,297.73,319218.2,
1753504972456,04:42:52.456,blofin,AAVE/USDT:USDT,297.74,13.0,297.76,281.0,297.73,319218.2,
1753504972456,04:42:52.456,blofin,AAVE/USDT:USDT,297.74,11.0,297.76,263.0,297.73,319218.2,
1753504972456,04:42:52.456,blofin,AAVE/USDT:USDT,297.74,11.0,297.76,263.0,297.73,319218.2,
1753504983047,04:43:03.047,blofin,AAVE/USDT:USDT,297.74,11.0,297.76,283.0,297.75,319033.2,
1753504983047,04:43:03.047,blofin,AAVE/USDT:USDT,297.74,2.0,297.75,165.0,297.75,319033.2,
1753504983047,04:43:03.047,blofin,AAVE/USDT:USDT,297.73,15.0,297.75,1.0,297.75,319033.2,
1753504984249,04:43:04.249,blofin,AAVE/USDT:USDT,297.73,15.0,297.75,1.0,297.72,319048.2,
1753504984249,04:43:04.249,blofin,AAVE/USDT:USDT,297.7,4.0,297.72,340.0,297.72,319048.2,
1753504984249,04:43:04.249,blofin,AAVE/USDT:USDT,297.7,4.0,297.72,340.0,297.72,319048.2,
1753504984249,04:43:04.249,blofin,AAVE/USDT:USDT,297.7,6.0,297.72,340.0,297.72,319048.2,
1753504984249,04:43:04.249,blofin,AAVE/USDT:USDT,297.7,4.0,297.72,282.0,297.72,319048.2,
1753504984249,04:43:04.249,blofin,AAVE/USDT:USDT,297.7,50.0,297.72,14.0,297.72,319048.2,
1753504984249,04:43:04.249,blofin,AAVE/USDT:USDT,297.7,50.0,297.72,14.0,297.72,319048.2,
1753504984249,04:43:04.249,blofin,AAVE/USDT:USDT,297.7,21.0,297.72,18.0,297.72,319048.2,
1753504984249,04:43:04.249,blofin,AAVE/USDT:USDT,297.7,21.0,297.72,18.0,297.72,319048.2,
1753504984249,04:43:04.249,blofin,AAVE/USDT:USDT,297.7,25.0,297.72,155.0,297.72,319048.2,
1753504984249,04:43:04.249,blofin,AAVE/USDT:USDT,297.7,25.0,297.72,155.0,297.72,319048.2,
1753504984249,04:43:04.249,blofin,AAVE/USDT:USDT,297.7,25.0,297.72,159.0,297.72,319048.2,
1753504984249,04:43:04.249,blofin,AAVE/USDT:USDT,297.7,30.0,297.73,36.0,297.72,319048.2,
1753504984249,04:43:04.249,blofin,AAVE/USDT:USDT,297.7,28.0,297.73,38.0,297.72,319048.2,
1753504984249,04:43:04.249,blofin,AAVE/USDT:USDT,297.7,26.0,297.72,32.0,297.72,319048.2,
1753504984249,04:43:04.249,blofin,AAVE/USDT:USDT,297.7,26.0,297.72,32.0,297.72,319048.2,
1753504984249,04:43:04.249,blofin,AAVE/USDT:USDT,297.7,26.0,297.72,49.0,297.72,319048.2,
1753504984249,04:43:04.249,blofin,AAVE/USDT:USDT,297.7,26.0,297.72,174.0,297.72,319048.2,
1753504984249,04:43:04.249,blofin,AAVE/USDT:USDT,297.7,29.0,297.72,174.0,297.72,319048.2,
1753504993749,04:43:13.749,blofin,AAVE/USDT:USDT,297.64,420.0,297.69,169.0,297.64,319062.2,
1753504993749,04:43:13.749,blofin,AAVE/USDT:USDT,297.64,420.0,297.69,169.0,297.64,319062.2,
1753504993749,04:43:13.749,blofin,AAVE/USDT:USDT,297.64,420.0,297.69,174.0,297.64,319062.2,
1753504993749,04:43:13.749,blofin,AAVE/USDT:USDT,297.67,36.0,297.69,112.0,297.64,319062.2,
1753504993749,04:43:13.749,blofin,AAVE/USDT:USDT,297.67,54.0,297.69,28.0,297.64,319062.2,
1753504993749,04:43:13.749,blofin,AAVE/USDT:USDT,297.67,54.0,297.69,28.0,297.64,319062.2,
1753504993749,04:43:13.749,blofin,AAVE/USDT:USDT,297.67,54.0,297.69,28.0,297.64,319062.2,
1753504993749,04:43:13.749,blofin,AAVE/USDT:USDT,297.67,107.0,297.69,28.0,297.64,319062.2,
1753504993749,04:43:13.749,blofin,AAVE/USDT:USDT,297.67,84.0,297.69,29.0,297.64,319062.2,
1753504993749,04:43:13.749,blofin,AAVE/USDT:USDT,297.67,84.0,297.69,29.0,297.64,319062.2,
1753504993749,04:43:13.749,blofin,AAVE/USDT:USDT,297.67,84.0,297.69,29.0,297.64,319062.2,
1753504993749,04:43:13.749,blofin,AAVE/USDT:USDT,297.67,3.0,297.69,28.0,297.64,319062.2,
1753504993749,04:43:13.749,blofin,AAVE/USDT:USDT,297.67,266.0,297.69,27.0,297.64,319062.2,
1753504993749,04:43:13.749,blofin,AAVE/USDT:USDT,297.67,266.0,297.69,24.0,297.64,319062.2,
1753504993749,04:43:13.749,blofin,AAVE/USDT:USDT,297.67,290.0,297.69,28.0,297.64,319062.2,
1753504993749,04:43:13.749,blofin,AAVE/USDT:USDT,297.67,290.0,297.69,28.0,297.64,319062.2,
1753504993749,04:43:13.749,blofin,AAVE/USDT:USDT,297.67,181.0,297.69,54.0,297.64,319062.2,
1753504993749,04:43:13.749,blofin,AAVE/USDT:USDT,297.67,273.0,297.69,1.0,297.64,319062.2,
1753504993749,04:43:13.749,blofin,AAVE/USDT:USDT,297.67,275.0,297.69,1.0,297.64,319062.2,
1753504993749,04:43:13.749,blofin,AAVE/USDT:USDT,297.67,275.0,297.69,1.0,297.64,319062.2,
1753504993749,04:43:13.749,blofin,AAVE/USDT:USDT,297.67,100.0,297.69,61.0,297.64,319062.2,
1753504993749,04:43:13.749,blofin,AAVE/USDT:USDT,297.67,100.0,297.69,60.0,297.64,319062.2,
1753504993749,04:43:13.749,blofin,AAVE/USDT:USDT,297.67,100.0,297.69,60.0,297.64,319062.2,
1753504993749,04:43:13.749,blofin,AAVE/USDT:USDT,297.67,104.0,297.69,1.0,297.64,319062.2,
1753504993749,04:43:13.749,blofin,AAVE/USDT:USDT,297.67,125.0,297.69,62.0,297.64,319062.2,
1753504993749,04:43:13.749,blofin,AAVE/USDT:USDT,297.67,126.0,297.69,62.0,297.64,319062.2,
1753504993749,04:43:13.749,blofin,AAVE/USDT:USDT,297.67,126.0,297.69,62.0,297.64,319062.2,
1753504993749,04:43:13.749,blofin,AAVE/USDT:USDT,297.71,266.0,297.74,54.0,297.64,319062.2,
1753504993749,04:43:13.749,blofin,AAVE/USDT:USDT,297.71,266.0,297.74,54.0,297.64,319062.2,
1753504993749,04:43:13.749,blofin,AAVE/USDT:USDT,297.72,11.0,297.74,135.0,297.64,319062.2,
1753504993749,04:43:13.749,blofin,AAVE/USDT:USDT,297.72,101.0,297.74,107.0,297.64,319062.2,
1753504993749,04:43:13.749,blofin,AAVE/USDT:USDT,297.72,130.0,297.74,107.0,297.64,319062.2,
1753504993749,04:43:13.749,blofin,AAVE/USDT:USDT,297.72,130.0,297.74,109.0,297.64,319062.2,
1753504993749,04:43:13.749,blofin,AAVE/USDT:USDT,297.72,130.0,297.74,109.0,297.64,319062.2,
1753504993749,04:43:13.749,blofin,AAVE/USDT:USDT,297.72,130.0,297.74,109.0,297.64,319062.2,
1753504993749,04:43:13.749,blofin,AAVE/USDT:USDT,297.72,123.0,297.74,107.0,297.64,319062.2,
1753504993749,04:43:13.749,blofin,AAVE/USDT:USDT,297.72,127.0,297.74,132.0,297.64,319062.2,
1753504993749,04:43:13.749,blofin,AAVE/USDT:USDT,297.72,129.0,297.74,131.0,297.64,319062.2,
1753504993749,04:43:13.749,blofin,AAVE/USDT:USDT,297.72,129.0,297.74,131.0,297.64,319062.2,
1753504993749,04:43:13.749,blofin,AAVE/USDT:USDT,297.72,135.0,297.74,137.0,297.64,319062.2,
1753504993749,04:43:13.749,blofin,AAVE/USDT:USDT,297.72,129.0,297.74,137.0,297.64,319062.2,
1753504993749,04:43:13.749,blofin,AAVE/USDT:USDT,297.72,129.0,297.74,139.0,297.64,319062.2,
1753504993749,04:43:13.749,blofin,AAVE/USDT:USDT,297.72,127.0,297.74,150.0,297.64,319062.2,
1753504993749,04:43:13.749,blofin,AAVE/USDT:USDT,297.72,127.0,297.74,150.0,297.64,319062.2,
1753504993749,04:43:13.749,blofin,AAVE/USDT:USDT,297.72,127.0,297.74,148.0,297.64,319062.2,
1753504993749,04:43:13.749,blofin,AAVE/USDT:USDT,297.72,154.0,297.74,149.0,297.64,319062.2,
1753504993749,04:43:13.749,blofin,AAVE/USDT:USDT,297.72,106.0,297.74,149.0,297.64,319062.2,
