timestamp,time,exchange,symbol,bid,bidVolume,ask,askVolume,lastPrice,baseVolume,quoteVolume
1753507205539,05:20:05.539,blofin,ALGO/USDT:USDT,0.2686,7.0,0.2689,2553.0,0.2688,584513.0,
1753507205539,05:20:05.539,blofin,ALGO/USDT:USDT,0.2686,7.0,0.2689,2830.0,0.2688,584513.0,
1753507205539,05:20:05.539,blofin,ALGO/USDT:USDT,0.2686,7.0,0.2689,2830.0,0.2688,584513.0,
1753507205539,05:20:05.539,blofin,ALGO/USDT:USDT,0.2686,7.0,0.2689,3310.0,0.2688,584513.0,
1753507205539,05:20:05.539,blofin,ALGO/USDT:USDT,0.2686,7.0,0.2689,3310.0,0.2688,584513.0,
1753507205539,05:20:05.539,blofin,ALGO/USDT:USDT,0.2686,125.0,0.2689,3496.0,0.2688,584513.0,
1753507205539,05:20:05.539,blofin,ALGO/USDT:USDT,0.2686,125.0,0.2689,3496.0,0.2688,584513.0,
1753507205539,05:20:05.539,blofin,ALGO/USDT:USDT,0.2686,127.0,0.2689,3497.0,0.2688,584513.0,
1753507205539,05:20:05.539,blofin,ALGO/USDT:USDT,0.2686,127.0,0.2689,3292.0,0.2688,584513.0,
1753507205539,05:20:05.539,blofin,ALGO/USDT:USDT,0.2686,127.0,0.2689,3292.0,0.2688,584513.0,
1753507205539,05:20:05.539,blofin,ALGO/USDT:USDT,0.2686,127.0,0.2689,3292.0,0.2688,584513.0,
1753507205539,05:20:05.539,blofin,ALGO/USDT:USDT,0.2687,3.0,0.2689,3035.0,0.2688,584513.0,
1753507205539,05:20:05.539,blofin,ALGO/USDT:USDT,0.2687,3.0,0.2689,3035.0,0.2688,584513.0,
1753507205539,05:20:05.539,blofin,ALGO/USDT:USDT,0.2687,1.0,0.2689,2556.0,0.2688,584513.0,
1753507205539,05:20:05.539,blofin,ALGO/USDT:USDT,0.2687,1.0,0.2689,2556.0,0.2688,584513.0,
1753507205539,05:20:05.539,blofin,ALGO/USDT:USDT,0.2687,123.0,0.2689,2349.0,0.2688,584513.0,
1753507205539,05:20:05.539,blofin,ALGO/USDT:USDT,0.2687,124.0,0.2689,2349.0,0.2688,584513.0,
1753507205539,05:20:05.539,blofin,ALGO/USDT:USDT,0.2687,4.0,0.2689,3867.0,0.2688,584513.0,
1753507205539,05:20:05.539,blofin,ALGO/USDT:USDT,0.2687,6.0,0.2689,3877.0,0.2688,584513.0,
1753507205539,05:20:05.539,blofin,ALGO/USDT:USDT,0.2687,6.0,0.2689,3879.0,0.2688,584513.0,
1753507205539,05:20:05.539,blofin,ALGO/USDT:USDT,0.2687,6.0,0.2689,3991.0,0.2688,584513.0,
1753507205539,05:20:05.539,blofin,ALGO/USDT:USDT,0.2687,6.0,0.2689,3993.0,0.2688,584513.0,
1753507205539,05:20:05.539,blofin,ALGO/USDT:USDT,0.2687,6.0,0.2689,3993.0,0.2688,584513.0,
1753507205539,05:20:05.539,blofin,ALGO/USDT:USDT,0.2687,18.0,0.2689,4552.0,0.2688,584513.0,
1753507205539,05:20:05.539,blofin,ALGO/USDT:USDT,0.2687,4.0,0.2689,5110.0,0.2688,584513.0,
1753507205539,05:20:05.539,blofin,ALGO/USDT:USDT,0.2687,4.0,0.2689,5112.0,0.2688,584513.0,
1753507205539,05:20:05.539,blofin,ALGO/USDT:USDT,0.2687,4.0,0.2689,5112.0,0.2688,584513.0,
1753507205539,05:20:05.539,blofin,ALGO/USDT:USDT,0.2687,14.0,0.2689,5109.0,0.2688,584513.0,
1753507205539,05:20:05.539,blofin,ALGO/USDT:USDT,0.2687,1.0,0.2689,5109.0,0.2688,584513.0,
1753507205539,05:20:05.539,blofin,ALGO/USDT:USDT,0.2686,17.0,0.2689,5109.0,0.2688,584513.0,
1753507205539,05:20:05.539,blofin,ALGO/USDT:USDT,0.2686,1372.0,0.2688,1600.0,0.2688,584513.0,
1753507205539,05:20:05.539,blofin,ALGO/USDT:USDT,0.2686,1372.0,0.2688,1600.0,0.2688,584513.0,
1753507205539,05:20:05.539,blofin,ALGO/USDT:USDT,0.2686,1372.0,0.2688,1600.0,0.2688,584513.0,
1753507205539,05:20:05.539,blofin,ALGO/USDT:USDT,0.2686,1.0,0.2688,1527.0,0.2688,584513.0,
1753507205539,05:20:05.539,blofin,ALGO/USDT:USDT,0.2686,1.0,0.2688,1052.0,0.2688,584513.0,
1753507205539,05:20:05.539,blofin,ALGO/USDT:USDT,0.2686,1.0,0.2688,1052.0,0.2688,584513.0,
1753507205539,05:20:05.539,blofin,ALGO/USDT:USDT,0.2686,1366.0,0.2688,1200.0,0.2688,584513.0,
1753507205539,05:20:05.539,blofin,ALGO/USDT:USDT,0.2686,5.0,0.2688,1280.0,0.2688,584513.0,
1753507205539,05:20:05.539,blofin,ALGO/USDT:USDT,0.2686,1.0,0.2688,1281.0,0.2688,584513.0,
1753507205539,05:20:05.539,blofin,ALGO/USDT:USDT,0.2686,1367.0,0.2688,1204.0,0.2688,584513.0,
1753507205539,05:20:05.539,blofin,ALGO/USDT:USDT,0.2686,1367.0,0.2688,1204.0,0.2688,584513.0,
1753507205539,05:20:05.539,blofin,ALGO/USDT:USDT,0.2686,1367.0,0.2688,1204.0,0.2688,584513.0,
1753507205539,05:20:05.539,blofin,ALGO/USDT:USDT,0.2686,1369.0,0.2688,1202.0,0.2688,584513.0,
1753507205539,05:20:05.539,blofin,ALGO/USDT:USDT,0.2686,1779.0,0.2688,3.0,0.2688,584513.0,
1753507265539,05:21:05.539,blofin,ALGO/USDT:USDT,0.2686,1782.0,0.2689,1939.0,0.2688,584469.0,
1753507265539,05:21:05.539,blofin,ALGO/USDT:USDT,0.2687,1572.0,0.2689,2064.0,0.2688,584469.0,
1753507265539,05:21:05.539,blofin,ALGO/USDT:USDT,0.2687,1572.0,0.2689,2064.0,0.2688,584469.0,
1753507265539,05:21:05.539,blofin,ALGO/USDT:USDT,0.2687,2.0,0.2689,2064.0,0.2688,584469.0,
1753507265539,05:21:05.539,blofin,ALGO/USDT:USDT,0.2686,1611.0,0.2689,2064.0,0.2688,584469.0,
1753507265539,05:21:05.539,blofin,ALGO/USDT:USDT,0.2687,1879.0,0.2689,4.0,0.2688,584469.0,
1753507265539,05:21:05.539,blofin,ALGO/USDT:USDT,0.2687,868.0,0.2689,3.0,0.2688,584469.0,
1753507265539,05:21:05.539,blofin,ALGO/USDT:USDT,0.2687,869.0,0.2689,3.0,0.2688,584469.0,
1753507265539,05:21:05.539,blofin,ALGO/USDT:USDT,0.2688,1748.0,0.2689,3.0,0.2688,584469.0,
1753507265539,05:21:05.539,blofin,ALGO/USDT:USDT,0.2688,1753.0,0.2689,3.0,0.2688,584469.0,
1753507265539,05:21:05.539,blofin,ALGO/USDT:USDT,0.2688,653.0,0.2689,3.0,0.2688,584469.0,
1753507265539,05:21:05.539,blofin,ALGO/USDT:USDT,0.2688,1622.0,0.2689,3.0,0.2688,584469.0,
1753507265539,05:21:05.539,blofin,ALGO/USDT:USDT,0.2688,516.0,0.2689,3.0,0.2688,584469.0,
1753507265539,05:21:05.539,blofin,ALGO/USDT:USDT,0.2688,516.0,0.2689,3.0,0.2688,584469.0,
1753507265539,05:21:05.539,blofin,ALGO/USDT:USDT,0.2689,1522.0,0.2691,1954.0,0.2688,584469.0,
1753507265539,05:21:05.539,blofin,ALGO/USDT:USDT,0.2689,1522.0,0.2691,1954.0,0.2688,584469.0,
1753507265539,05:21:05.539,blofin,ALGO/USDT:USDT,0.2689,1522.0,0.2691,1954.0,0.2688,584469.0,
1753507265539,05:21:05.539,blofin,ALGO/USDT:USDT,0.2688,1524.0,0.2691,385.0,0.2688,584469.0,
1753507265539,05:21:05.539,blofin,ALGO/USDT:USDT,0.2688,1527.0,0.2691,1108.0,0.2688,584469.0,
1753507265539,05:21:05.539,blofin,ALGO/USDT:USDT,0.2688,1500.0,0.2691,1148.0,0.2688,584469.0,
1753507265539,05:21:05.539,blofin,ALGO/USDT:USDT,0.2688,1500.0,0.2691,1147.0,0.2688,584469.0,
1753507265539,05:21:05.539,blofin,ALGO/USDT:USDT,0.2688,1500.0,0.2691,1147.0,0.2688,584469.0,
1753507265539,05:21:05.539,blofin,ALGO/USDT:USDT,0.2688,1538.0,0.2691,44.0,0.2688,584469.0,
1753507265539,05:21:05.539,blofin,ALGO/USDT:USDT,0.2689,1738.0,0.2691,64.0,0.2688,584469.0,
1753507265539,05:21:05.539,blofin,ALGO/USDT:USDT,0.2689,1738.0,0.2691,64.0,0.2688,584469.0,
1753507265539,05:21:05.539,blofin,ALGO/USDT:USDT,0.2689,1738.0,0.2691,64.0,0.2688,584469.0,
1753507265539,05:21:05.539,blofin,ALGO/USDT:USDT,0.2689,2.0,0.2691,66.0,0.2688,584469.0,
1753507265539,05:21:05.539,blofin,ALGO/USDT:USDT,0.2688,1741.0,0.2691,66.0,0.2688,584469.0,
1753507265539,05:21:05.539,blofin,ALGO/USDT:USDT,0.2689,1732.0,0.2691,1.0,0.2688,584469.0,
1753507265539,05:21:05.539,blofin,ALGO/USDT:USDT,0.2689,2211.0,0.2691,1.0,0.2688,584469.0,
1753507265539,05:21:05.539,blofin,ALGO/USDT:USDT,0.2689,2206.0,0.2692,6962.0,0.2688,584469.0,
1753507265539,05:21:05.539,blofin,ALGO/USDT:USDT,0.2689,2206.0,0.2692,6962.0,0.2688,584469.0,
1753507265539,05:21:05.539,blofin,ALGO/USDT:USDT,0.2689,962.0,0.2692,7745.0,0.2688,584469.0,
1753507265539,05:21:05.539,blofin,ALGO/USDT:USDT,0.2689,959.0,0.2692,7745.0,0.2688,584469.0,
1753507265539,05:21:05.539,blofin,ALGO/USDT:USDT,0.2689,1357.0,0.2692,7745.0,0.2688,584469.0,
1753507265539,05:21:05.539,blofin,ALGO/USDT:USDT,0.2689,2087.0,0.2692,7759.0,0.2688,584469.0,
1753507265539,05:21:05.539,blofin,ALGO/USDT:USDT,0.269,988.0,0.2692,7759.0,0.2688,584469.0,
1753507265539,05:21:05.539,blofin,ALGO/USDT:USDT,0.269,988.0,0.2692,7760.0,0.2688,584469.0,
1753507265539,05:21:05.539,blofin,ALGO/USDT:USDT,0.2689,1136.0,0.2692,7759.0,0.2688,584469.0,
1753507265539,05:21:05.539,blofin,ALGO/USDT:USDT,0.2689,992.0,0.2692,8042.0,0.2688,584469.0,
1753507265539,05:21:05.539,blofin,ALGO/USDT:USDT,0.269,1636.0,0.2692,7864.0,0.2688,584469.0,
1753507290859,05:21:30.859,blofin,ALGO/USDT:USDT,0.269,1636.0,0.2692,7864.0,0.2691,584470.0,
1753507290859,05:21:30.859,blofin,ALGO/USDT:USDT,0.269,4.0,0.2691,1860.0,0.2691,584470.0,
1753507290859,05:21:30.859,blofin,ALGO/USDT:USDT,0.2689,4.0,0.2691,1591.0,0.2691,584470.0,
1753507290859,05:21:30.859,blofin,ALGO/USDT:USDT,0.2689,4.0,0.2691,1594.0,0.2691,584470.0,
1753507290859,05:21:30.859,blofin,ALGO/USDT:USDT,0.2689,4.0,0.2691,254.0,0.2691,584470.0,
1753507290859,05:21:30.859,blofin,ALGO/USDT:USDT,0.2689,4.0,0.2691,254.0,0.2691,584470.0,
1753507290859,05:21:30.859,blofin,ALGO/USDT:USDT,0.2689,4.0,0.2691,329.0,0.2691,584470.0,
1753507290859,05:21:30.859,blofin,ALGO/USDT:USDT,0.2689,4.0,0.2691,395.0,0.2691,584470.0,
1753507290859,05:21:30.859,blofin,ALGO/USDT:USDT,0.2689,4.0,0.2691,395.0,0.2691,584470.0,
1753507290859,05:21:30.859,blofin,ALGO/USDT:USDT,0.2688,1276.0,0.2691,400.0,0.2691,584470.0,
1753507290859,05:21:30.859,blofin,ALGO/USDT:USDT,0.2688,1538.0,0.2691,400.0,0.2691,584470.0,
1753507290859,05:21:30.859,blofin,ALGO/USDT:USDT,0.2688,499.0,0.2691,739.0,0.2691,584470.0,
1753507290859,05:21:30.859,blofin,ALGO/USDT:USDT,0.2688,499.0,0.2691,739.0,0.2691,584470.0,
1753507290859,05:21:30.859,blofin,ALGO/USDT:USDT,0.2689,430.0,0.2691,1575.0,0.2691,584470.0,
1753507290859,05:21:30.859,blofin,ALGO/USDT:USDT,0.2689,434.0,0.2691,1576.0,0.2691,584470.0,
1753507290859,05:21:30.859,blofin,ALGO/USDT:USDT,0.2689,4.0,0.2691,1134.0,0.2691,584470.0,
1753507290859,05:21:30.859,blofin,ALGO/USDT:USDT,0.2689,574.0,0.2691,1578.0,0.2691,584470.0,
1753507290859,05:21:30.859,blofin,ALGO/USDT:USDT,0.2689,573.0,0.2691,1578.0,0.2691,584470.0,
