timestamp,time,exchange,symbol,bid,bidVolume,ask,askVolume,lastPrice,baseVolume,quoteVolume
1753504767649,04:39:27.649,blofin,ALGO/USDT:USDT,0.2695,874.0,0.2696,5.0,0.2693,586968.0,
1753504767649,04:39:27.649,blofin,ALGO/USDT:USDT,0.2695,874.0,0.2696,5.0,0.2693,586968.0,
1753504767649,04:39:27.649,blofin,ALGO/USDT:USDT,0.2694,609.0,0.2696,5.0,0.2693,586968.0,
1753504767649,04:39:27.649,blofin,ALGO/USDT:USDT,0.2694,360.0,0.2696,5.0,0.2693,586968.0,
1753504767649,04:39:27.649,blofin,ALGO/USDT:USDT,0.2694,627.0,0.2696,5.0,0.2693,586968.0,
1753504767649,04:39:27.649,blofin,ALGO/USDT:USDT,0.2694,627.0,0.2696,5.0,0.2693,586968.0,
1753504767649,04:39:27.649,blofin,ALGO/USDT:USDT,0.2694,627.0,0.2696,5.0,0.2693,586968.0,
1753504767649,04:39:27.649,blofin,ALGO/USDT:USDT,0.2694,627.0,0.2696,5.0,0.2693,586968.0,
1753504767649,04:39:27.649,blofin,ALGO/USDT:USDT,0.2695,625.0,0.2696,5.0,0.2693,586968.0,
1753504767649,04:39:27.649,blofin,ALGO/USDT:USDT,0.2695,625.0,0.2696,5.0,0.2693,586968.0,
1753504767649,04:39:27.649,blofin,ALGO/USDT:USDT,0.2695,625.0,0.2696,5.0,0.2693,586968.0,
1753504767649,04:39:27.649,blofin,ALGO/USDT:USDT,0.2694,627.0,0.2696,5.0,0.2693,586968.0,
1753504767649,04:39:27.649,blofin,ALGO/USDT:USDT,0.2694,627.0,0.2696,5.0,0.2693,586968.0,
1753504767649,04:39:27.649,blofin,ALGO/USDT:USDT,0.2695,625.0,0.2696,5.0,0.2693,586968.0,
1753504767649,04:39:27.649,blofin,ALGO/USDT:USDT,0.2695,625.0,0.2696,5.0,0.2693,586968.0,
1753504767649,04:39:27.649,blofin,ALGO/USDT:USDT,0.2695,625.0,0.2696,5.0,0.2693,586968.0,
1753504767649,04:39:27.649,blofin,ALGO/USDT:USDT,0.2695,625.0,0.2696,5.0,0.2693,586968.0,
1753504767649,04:39:27.649,blofin,ALGO/USDT:USDT,0.2695,440.0,0.2696,5.0,0.2693,586968.0,
1753504767649,04:39:27.649,blofin,ALGO/USDT:USDT,0.2695,443.0,0.2696,5.0,0.2693,586968.0,
1753504767649,04:39:27.649,blofin,ALGO/USDT:USDT,0.2695,3.0,0.2696,5.0,0.2693,586968.0,
1753504767649,04:39:27.649,blofin,ALGO/USDT:USDT,0.2695,3.0,0.2696,5.0,0.2693,586968.0,
1753504767649,04:39:27.649,blofin,ALGO/USDT:USDT,0.2694,360.0,0.2696,5.0,0.2693,586968.0,
1753504804159,04:40:04.159,blofin,ALGO/USDT:USDT,0.2694,8.0,0.2696,1547.0,0.2694,586910.0,
1753504804159,04:40:04.159,blofin,ALGO/USDT:USDT,0.2694,8.0,0.2696,1031.0,0.2694,586910.0,
1753504805251,04:40:05.251,blofin,ALGO/USDT:USDT,0.2694,8.0,0.2696,1031.0,0.2696,586916.0,
1753504805251,04:40:05.251,blofin,ALGO/USDT:USDT,0.2694,1049.0,0.2696,4.0,0.2696,586916.0,
1753504805251,04:40:05.251,blofin,ALGO/USDT:USDT,0.2694,2197.0,0.2697,1197.0,0.2696,586916.0,
1753504805251,04:40:05.251,blofin,ALGO/USDT:USDT,0.2694,447.0,0.2697,355.0,0.2696,586916.0,
1753504805251,04:40:05.251,blofin,ALGO/USDT:USDT,0.2694,447.0,0.2697,355.0,0.2696,586916.0,
1753504805251,04:40:05.251,blofin,ALGO/USDT:USDT,0.2695,521.0,0.2697,688.0,0.2696,586916.0,
1753504805251,04:40:05.251,blofin,ALGO/USDT:USDT,0.2695,521.0,0.2697,688.0,0.2696,586916.0,
1753504805251,04:40:05.251,blofin,ALGO/USDT:USDT,0.2695,525.0,0.2697,688.0,0.2696,586916.0,
1753504805251,04:40:05.251,blofin,ALGO/USDT:USDT,0.2696,570.0,0.2697,7.0,0.2696,586916.0,
1753504805251,04:40:05.251,blofin,ALGO/USDT:USDT,0.2696,1093.0,0.2697,7.0,0.2696,586916.0,
1753504805251,04:40:05.251,blofin,ALGO/USDT:USDT,0.2696,1093.0,0.2697,7.0,0.2696,586916.0,
1753504805251,04:40:05.251,blofin,ALGO/USDT:USDT,0.2696,1090.0,0.2697,7.0,0.2696,586916.0,
1753504805251,04:40:05.251,blofin,ALGO/USDT:USDT,0.2696,2.0,0.2697,4.0,0.2696,586916.0,
1753504805251,04:40:05.251,blofin,ALGO/USDT:USDT,0.2696,379.0,0.2697,4.0,0.2696,586916.0,
1753504805251,04:40:05.251,blofin,ALGO/USDT:USDT,0.2696,379.0,0.2697,4.0,0.2696,586916.0,
1753504805251,04:40:05.251,blofin,ALGO/USDT:USDT,0.2696,379.0,0.2697,4.0,0.2696,586916.0,
1753504805251,04:40:05.251,blofin,ALGO/USDT:USDT,0.2696,383.0,0.2697,4.0,0.2696,586916.0,
1753504805251,04:40:05.251,blofin,ALGO/USDT:USDT,0.2697,379.0,0.2698,2.0,0.2696,586916.0,
1753504805251,04:40:05.251,blofin,ALGO/USDT:USDT,0.2696,1.0,0.2698,1438.0,0.2696,586916.0,
1753504805251,04:40:05.251,blofin,ALGO/USDT:USDT,0.2696,896.0,0.2698,1258.0,0.2696,586916.0,
1753504805251,04:40:05.251,blofin,ALGO/USDT:USDT,0.2696,896.0,0.2698,1255.0,0.2696,586916.0,
1753504805251,04:40:05.251,blofin,ALGO/USDT:USDT,0.2696,896.0,0.2698,1255.0,0.2696,586916.0,
1753504805251,04:40:05.251,blofin,ALGO/USDT:USDT,0.2695,541.0,0.2698,1413.0,0.2696,586916.0,
1753504805251,04:40:05.251,blofin,ALGO/USDT:USDT,0.2695,642.0,0.2698,748.0,0.2696,586916.0,
1753504805251,04:40:05.251,blofin,ALGO/USDT:USDT,0.2695,642.0,0.2698,748.0,0.2696,586916.0,
1753504805251,04:40:05.251,blofin,ALGO/USDT:USDT,0.2695,1444.0,0.2698,3.0,0.2696,586916.0,
1753504805251,04:40:05.251,blofin,ALGO/USDT:USDT,0.2695,1444.0,0.2698,3.0,0.2696,586916.0,
1753504805251,04:40:05.251,blofin,ALGO/USDT:USDT,0.2696,320.0,0.2698,2579.0,0.2696,586916.0,
1753504805251,04:40:05.251,blofin,ALGO/USDT:USDT,0.2696,3.0,0.2698,840.0,0.2696,586916.0,
1753504805251,04:40:05.251,blofin,ALGO/USDT:USDT,0.2696,3.0,0.2698,839.0,0.2696,586916.0,
1753504805251,04:40:05.251,blofin,ALGO/USDT:USDT,0.2695,1417.0,0.2698,839.0,0.2696,586916.0,
1753504805251,04:40:05.251,blofin,ALGO/USDT:USDT,0.2695,1417.0,0.2698,839.0,0.2696,586916.0,
1753504805251,04:40:05.251,blofin,ALGO/USDT:USDT,0.2696,1419.0,0.2698,835.0,0.2696,586916.0,
1753504805251,04:40:05.251,blofin,ALGO/USDT:USDT,0.2696,1419.0,0.2698,839.0,0.2696,586916.0,
1753504805251,04:40:05.251,blofin,ALGO/USDT:USDT,0.2696,1417.0,0.2698,991.0,0.2696,586916.0,
1753504805251,04:40:05.251,blofin,ALGO/USDT:USDT,0.2696,3.0,0.2698,1045.0,0.2696,586916.0,
1753504805251,04:40:05.251,blofin,ALGO/USDT:USDT,0.2695,1031.0,0.2698,1045.0,0.2696,586916.0,
1753504805251,04:40:05.251,blofin,ALGO/USDT:USDT,0.2695,1031.0,0.2698,1045.0,0.2696,586916.0,
1753504805251,04:40:05.251,blofin,ALGO/USDT:USDT,0.2695,321.0,0.2698,1408.0,0.2696,586916.0,
1753504805251,04:40:05.251,blofin,ALGO/USDT:USDT,0.2695,74.0,0.2698,1396.0,0.2696,586916.0,
1753504805251,04:40:05.251,blofin,ALGO/USDT:USDT,0.2695,74.0,0.2698,1397.0,0.2696,586916.0,
1753504805251,04:40:05.251,blofin,ALGO/USDT:USDT,0.2695,4.0,0.2697,1693.0,0.2696,586916.0,
1753504805251,04:40:05.251,blofin,ALGO/USDT:USDT,0.2695,4.0,0.2697,1695.0,0.2696,586916.0,
1753504805251,04:40:05.251,blofin,ALGO/USDT:USDT,0.2694,1213.0,0.2697,1444.0,0.2696,586916.0,
1753504805251,04:40:05.251,blofin,ALGO/USDT:USDT,0.2694,1213.0,0.2697,1444.0,0.2696,586916.0,
1753504805251,04:40:05.251,blofin,ALGO/USDT:USDT,0.2694,947.0,0.2697,1286.0,0.2696,586916.0,
1753504805251,04:40:05.251,blofin,ALGO/USDT:USDT,0.2694,947.0,0.2697,1286.0,0.2696,586916.0,
1753504805251,04:40:05.251,blofin,ALGO/USDT:USDT,0.2695,581.0,0.2697,1453.0,0.2696,586916.0,
1753504805251,04:40:05.251,blofin,ALGO/USDT:USDT,0.2695,581.0,0.2697,1453.0,0.2696,586916.0,
1753504805251,04:40:05.251,blofin,ALGO/USDT:USDT,0.2694,1570.0,0.2697,33.0,0.2696,586916.0,
1753504805251,04:40:05.251,blofin,ALGO/USDT:USDT,0.2694,1570.0,0.2697,33.0,0.2696,586916.0,
1753504805251,04:40:05.251,blofin,ALGO/USDT:USDT,0.2694,1754.0,0.2697,35.0,0.2696,586916.0,
1753504805251,04:40:05.251,blofin,ALGO/USDT:USDT,0.2694,1754.0,0.2697,32.0,0.2696,586916.0,
1753504805251,04:40:05.251,blofin,ALGO/USDT:USDT,0.2694,1753.0,0.2697,32.0,0.2696,586916.0,
1753504805251,04:40:05.251,blofin,ALGO/USDT:USDT,0.2694,1753.0,0.2697,32.0,0.2696,586916.0,
1753504805251,04:40:05.251,blofin,ALGO/USDT:USDT,0.2695,1708.0,0.2698,33.0,0.2696,586916.0,
1753504805251,04:40:05.251,blofin,ALGO/USDT:USDT,0.2695,1710.0,0.2698,33.0,0.2696,586916.0,
1753504805251,04:40:05.251,blofin,ALGO/USDT:USDT,0.2695,897.0,0.2698,1262.0,0.2696,586916.0,
1753504805251,04:40:05.251,blofin,ALGO/USDT:USDT,0.2695,897.0,0.2698,1262.0,0.2696,586916.0,
1753504805251,04:40:05.251,blofin,ALGO/USDT:USDT,0.2696,346.0,0.2698,1261.0,0.2696,586916.0,
1753504805251,04:40:05.251,blofin,ALGO/USDT:USDT,0.2696,3.0,0.2698,1261.0,0.2696,586916.0,
1753504805251,04:40:05.251,blofin,ALGO/USDT:USDT,0.2696,3.0,0.2698,1261.0,0.2696,586916.0,
1753504805251,04:40:05.251,blofin,ALGO/USDT:USDT,0.2696,3.0,0.2698,1261.0,0.2696,586916.0,
1753504805251,04:40:05.251,blofin,ALGO/USDT:USDT,0.2695,253.0,0.2698,1411.0,0.2696,586916.0,
1753504838561,04:40:38.561,blofin,ALGO/USDT:USDT,0.2695,1423.0,0.2698,2366.0,0.2695,586928.0,
1753504838561,04:40:38.561,blofin,ALGO/USDT:USDT,0.2695,1423.0,0.2698,2366.0,0.2695,586928.0,
1753504838561,04:40:38.561,blofin,ALGO/USDT:USDT,0.2695,5.0,0.2697,603.0,0.2695,586928.0,
1753504838561,04:40:38.561,blofin,ALGO/USDT:USDT,0.2695,5.0,0.2697,804.0,0.2695,586928.0,
1753504838561,04:40:38.561,blofin,ALGO/USDT:USDT,0.2695,5.0,0.2697,804.0,0.2695,586928.0,
1753504838561,04:40:38.561,blofin,ALGO/USDT:USDT,0.2695,5.0,0.2697,803.0,0.2695,586928.0,
1753504838561,04:40:38.561,blofin,ALGO/USDT:USDT,0.2695,477.0,0.2697,803.0,0.2695,586928.0,
1753504838561,04:40:38.561,blofin,ALGO/USDT:USDT,0.2695,486.0,0.2697,903.0,0.2695,586928.0,
1753504838561,04:40:38.561,blofin,ALGO/USDT:USDT,0.2695,486.0,0.2697,903.0,0.2695,586928.0,
1753504838561,04:40:38.561,blofin,ALGO/USDT:USDT,0.2695,486.0,0.2697,903.0,0.2695,586928.0,
1753504838561,04:40:38.561,blofin,ALGO/USDT:USDT,0.2695,1452.0,0.2697,807.0,0.2695,586928.0,
1753504838561,04:40:38.561,blofin,ALGO/USDT:USDT,0.2695,1450.0,0.2697,807.0,0.2695,586928.0,
1753504838561,04:40:38.561,blofin,ALGO/USDT:USDT,0.2695,5.0,0.2697,2707.0,0.2695,586928.0,
1753504838561,04:40:38.561,blofin,ALGO/USDT:USDT,0.2695,1181.0,0.2697,2707.0,0.2695,586928.0,
1753504838561,04:40:38.561,blofin,ALGO/USDT:USDT,0.2695,1181.0,0.2697,2707.0,0.2695,586928.0,
1753504838561,04:40:38.561,blofin,ALGO/USDT:USDT,0.2695,1181.0,0.2697,2703.0,0.2695,586928.0,
1753504838561,04:40:38.561,blofin,ALGO/USDT:USDT,0.2695,5.0,0.2697,2703.0,0.2695,586928.0,
1753504838561,04:40:38.561,blofin,ALGO/USDT:USDT,0.2695,731.0,0.2697,2706.0,0.2695,586928.0,
1753504838561,04:40:38.561,blofin,ALGO/USDT:USDT,0.2695,731.0,0.2697,2706.0,0.2695,586928.0,
1753504838561,04:40:38.561,blofin,ALGO/USDT:USDT,0.2695,731.0,0.2697,2706.0,0.2695,586928.0,
1753504838561,04:40:38.561,blofin,ALGO/USDT:USDT,0.2695,734.0,0.2697,2707.0,0.2695,586928.0,
1753504838561,04:40:38.561,blofin,ALGO/USDT:USDT,0.2695,8.0,0.2697,2702.0,0.2695,586928.0,
1753504838561,04:40:38.561,blofin,ALGO/USDT:USDT,0.2695,636.0,0.2697,2702.0,0.2695,586928.0,
1753504838561,04:40:38.561,blofin,ALGO/USDT:USDT,0.2695,7.0,0.2697,2702.0,0.2695,586928.0,
1753504838561,04:40:38.561,blofin,ALGO/USDT:USDT,0.2695,7.0,0.2697,2702.0,0.2695,586928.0,
1753504838561,04:40:38.561,blofin,ALGO/USDT:USDT,0.2695,7.0,0.2697,2706.0,0.2695,586928.0,
1753504838561,04:40:38.561,blofin,ALGO/USDT:USDT,0.2695,7.0,0.2696,931.0,0.2695,586928.0,
1753504838561,04:40:38.561,blofin,ALGO/USDT:USDT,0.2695,5.0,0.2697,607.0,0.2695,586928.0,
1753504838561,04:40:38.561,blofin,ALGO/USDT:USDT,0.2695,258.0,0.2697,2195.0,0.2695,586928.0,
1753504838561,04:40:38.561,blofin,ALGO/USDT:USDT,0.2695,258.0,0.2697,2195.0,0.2695,586928.0,
1753504838561,04:40:38.561,blofin,ALGO/USDT:USDT,0.2695,5.0,0.2697,847.0,0.2695,586928.0,
1753504838561,04:40:38.561,blofin,ALGO/USDT:USDT,0.2695,5.0,0.2697,933.0,0.2695,586928.0,
1753504838561,04:40:38.561,blofin,ALGO/USDT:USDT,0.2695,1409.0,0.2697,606.0,0.2695,586928.0,
1753504838561,04:40:38.561,blofin,ALGO/USDT:USDT,0.2695,1409.0,0.2697,606.0,0.2695,586928.0,
1753504838561,04:40:38.561,blofin,ALGO/USDT:USDT,0.2695,5.0,0.2697,606.0,0.2695,586928.0,
1753504838561,04:40:38.561,blofin,ALGO/USDT:USDT,0.2695,5.0,0.2697,606.0,0.2695,586928.0,
1753504838561,04:40:38.561,blofin,ALGO/USDT:USDT,0.2695,5.0,0.2697,608.0,0.2695,586928.0,
1753504838561,04:40:38.561,blofin,ALGO/USDT:USDT,0.2695,5.0,0.2697,1290.0,0.2695,586928.0,
1753504838561,04:40:38.561,blofin,ALGO/USDT:USDT,0.2695,5.0,0.2697,1288.0,0.2695,586928.0,
1753504838561,04:40:38.561,blofin,ALGO/USDT:USDT,0.2695,5.0,0.2697,1288.0,0.2695,586928.0,
1753504838561,04:40:38.561,blofin,ALGO/USDT:USDT,0.2695,5.0,0.2697,1288.0,0.2695,586928.0,
1753504838561,04:40:38.561,blofin,ALGO/USDT:USDT,0.2695,5.0,0.2697,1288.0,0.2695,586928.0,
1753504838561,04:40:38.561,blofin,ALGO/USDT:USDT,0.2695,5.0,0.2697,1289.0,0.2695,586928.0,
1753504838561,04:40:38.561,blofin,ALGO/USDT:USDT,0.2695,5.0,0.2697,1453.0,0.2695,586928.0,
1753504838561,04:40:38.561,blofin,ALGO/USDT:USDT,0.2695,5.0,0.2697,1450.0,0.2695,586928.0,
1753504838561,04:40:38.561,blofin,ALGO/USDT:USDT,0.2695,5.0,0.2697,1450.0,0.2695,586928.0,
1753504838561,04:40:38.561,blofin,ALGO/USDT:USDT,0.2695,5.0,0.2697,1450.0,0.2695,586928.0,
1753504838561,04:40:38.561,blofin,ALGO/USDT:USDT,0.2695,537.0,0.2697,1451.0,0.2695,586928.0,
1753504838561,04:40:38.561,blofin,ALGO/USDT:USDT,0.2695,539.0,0.2697,1451.0,0.2695,586928.0,
1753504838561,04:40:38.561,blofin,ALGO/USDT:USDT,0.2695,539.0,0.2697,1458.0,0.2695,586928.0,
1753504838561,04:40:38.561,blofin,ALGO/USDT:USDT,0.2695,1500.0,0.2697,621.0,0.2695,586928.0,
1753504865456,04:41:05.456,blofin,ALGO/USDT:USDT,0.2695,1500.0,0.2697,621.0,0.2697,586917.0,
1753504865456,04:41:05.456,blofin,ALGO/USDT:USDT,0.2695,1530.0,0.2697,8.0,0.2697,586917.0,
1753504865456,04:41:05.456,blofin,ALGO/USDT:USDT,0.2696,843.0,0.2697,3.0,0.2697,586917.0,
1753504865456,04:41:05.456,blofin,ALGO/USDT:USDT,0.2695,1157.0,0.2697,3.0,0.2697,586917.0,
1753504865456,04:41:05.456,blofin,ALGO/USDT:USDT,0.2695,1157.0,0.2697,3.0,0.2697,586917.0,
1753504865456,04:41:05.456,blofin,ALGO/USDT:USDT,0.2695,1159.0,0.2697,3.0,0.2697,586917.0,
1753504865456,04:41:05.456,blofin,ALGO/USDT:USDT,0.2695,1157.0,0.2697,3.0,0.2697,586917.0,
1753504865456,04:41:05.456,blofin,ALGO/USDT:USDT,0.2695,1160.0,0.2697,3.0,0.2697,586917.0,
1753504865456,04:41:05.456,blofin,ALGO/USDT:USDT,0.2696,1151.0,0.2697,3.0,0.2697,586917.0,
1753504865456,04:41:05.456,blofin,ALGO/USDT:USDT,0.2696,1151.0,0.2697,3.0,0.2697,586917.0,
1753504865456,04:41:05.456,blofin,ALGO/USDT:USDT,0.2696,2.0,0.2697,3.0,0.2697,586917.0,
1753504865456,04:41:05.456,blofin,ALGO/USDT:USDT,0.2696,2.0,0.2697,3.0,0.2697,586917.0,
1753504865456,04:41:05.456,blofin,ALGO/USDT:USDT,0.2696,800.0,0.2697,3.0,0.2697,586917.0,
1753504865456,04:41:05.456,blofin,ALGO/USDT:USDT,0.2696,800.0,0.2697,3.0,0.2697,586917.0,
1753504865456,04:41:05.456,blofin,ALGO/USDT:USDT,0.2696,800.0,0.2697,3.0,0.2697,586917.0,
1753504865456,04:41:05.456,blofin,ALGO/USDT:USDT,0.2696,800.0,0.2697,3.0,0.2697,586917.0,
1753504865456,04:41:05.456,blofin,ALGO/USDT:USDT,0.2696,804.0,0.2697,3.0,0.2697,586917.0,
1753504865456,04:41:05.456,blofin,ALGO/USDT:USDT,0.2696,802.0,0.2697,3.0,0.2697,586917.0,
1753504865456,04:41:05.456,blofin,ALGO/USDT:USDT,0.2696,2.0,0.2697,3.0,0.2697,586917.0,
1753504865456,04:41:05.456,blofin,ALGO/USDT:USDT,0.2696,2.0,0.2697,3.0,0.2697,586917.0,
1753504865456,04:41:05.456,blofin,ALGO/USDT:USDT,0.2695,693.0,0.2697,3.0,0.2697,586917.0,
1753504865456,04:41:05.456,blofin,ALGO/USDT:USDT,0.2696,687.0,0.2697,3.0,0.2697,586917.0,
1753504865456,04:41:05.456,blofin,ALGO/USDT:USDT,0.2696,687.0,0.2697,3.0,0.2697,586917.0,
1753504865456,04:41:05.456,blofin,ALGO/USDT:USDT,0.2696,4.0,0.2697,3.0,0.2697,586917.0,
1753504865456,04:41:05.456,blofin,ALGO/USDT:USDT,0.2696,1195.0,0.2697,3.0,0.2697,586917.0,
1753504865456,04:41:05.456,blofin,ALGO/USDT:USDT,0.2696,1195.0,0.2697,3.0,0.2697,586917.0,
1753504865456,04:41:05.456,blofin,ALGO/USDT:USDT,0.2696,1195.0,0.2697,3.0,0.2697,586917.0,
1753504865456,04:41:05.456,blofin,ALGO/USDT:USDT,0.2696,1197.0,0.2697,3.0,0.2697,586917.0,
1753504865456,04:41:05.456,blofin,ALGO/USDT:USDT,0.2697,1557.0,0.2699,540.0,0.2697,586917.0,
1753504865456,04:41:05.456,blofin,ALGO/USDT:USDT,0.2697,1.0,0.2699,891.0,0.2697,586917.0,
1753504865456,04:41:05.456,blofin,ALGO/USDT:USDT,0.2696,1164.0,0.2699,1491.0,0.2697,586917.0,
1753504865456,04:41:05.456,blofin,ALGO/USDT:USDT,0.2696,1164.0,0.2699,1491.0,0.2697,586917.0,
1753504865456,04:41:05.456,blofin,ALGO/USDT:USDT,0.2696,1164.0,0.2699,1491.0,0.2697,586917.0,
1753504865456,04:41:05.456,blofin,ALGO/USDT:USDT,0.2696,1525.0,0.2699,70.0,0.2697,586917.0,
1753504865456,04:41:05.456,blofin,ALGO/USDT:USDT,0.2696,2124.0,0.2699,70.0,0.2697,586917.0,
1753504865456,04:41:05.456,blofin,ALGO/USDT:USDT,0.2696,2124.0,0.2699,70.0,0.2697,586917.0,
1753504865456,04:41:05.456,blofin,ALGO/USDT:USDT,0.2696,2124.0,0.2699,70.0,0.2697,586917.0,
1753504865456,04:41:05.456,blofin,ALGO/USDT:USDT,0.2697,1760.0,0.2699,281.0,0.2697,586917.0,
1753504865456,04:41:05.456,blofin,ALGO/USDT:USDT,0.2697,5.0,0.2699,781.0,0.2697,586917.0,
1753504865456,04:41:05.456,blofin,ALGO/USDT:USDT,0.2697,5.0,0.2699,781.0,0.2697,586917.0,
1753504865456,04:41:05.456,blofin,ALGO/USDT:USDT,0.2697,5.0,0.2699,781.0,0.2697,586917.0,
1753504865456,04:41:05.456,blofin,ALGO/USDT:USDT,0.2696,421.0,0.2699,1419.0,0.2697,586917.0,
1753504865456,04:41:05.456,blofin,ALGO/USDT:USDT,0.2696,422.0,0.2699,1419.0,0.2697,586917.0,
1753504887256,04:41:27.256,blofin,ALGO/USDT:USDT,0.2696,422.0,0.2698,1516.0,0.2698,586921.0,
1753504887256,04:41:27.256,blofin,ALGO/USDT:USDT,0.2696,2.0,0.2698,1093.0,0.2698,586921.0,
1753504887256,04:41:27.256,blofin,ALGO/USDT:USDT,0.2696,2.0,0.2698,1093.0,0.2698,586921.0,
1753504887256,04:41:27.256,blofin,ALGO/USDT:USDT,0.2696,2.0,0.2698,1093.0,0.2698,586921.0,
1753504887256,04:41:27.256,blofin,ALGO/USDT:USDT,0.2695,993.0,0.2698,939.0,0.2698,586921.0,
1753504887256,04:41:27.256,blofin,ALGO/USDT:USDT,0.2695,995.0,0.2698,874.0,0.2698,586921.0,
1753504887256,04:41:27.256,blofin,ALGO/USDT:USDT,0.2695,995.0,0.2698,875.0,0.2698,586921.0,
1753504887256,04:41:27.256,blofin,ALGO/USDT:USDT,0.2696,987.0,0.2698,877.0,0.2698,586921.0,
1753504887256,04:41:27.256,blofin,ALGO/USDT:USDT,0.2696,987.0,0.2698,877.0,0.2698,586921.0,
1753504887256,04:41:27.256,blofin,ALGO/USDT:USDT,0.2696,991.0,0.2698,877.0,0.2698,586921.0,
1753504887256,04:41:27.256,blofin,ALGO/USDT:USDT,0.2696,991.0,0.2698,869.0,0.2698,586921.0,
1753504887256,04:41:27.256,blofin,ALGO/USDT:USDT,0.2696,991.0,0.2698,873.0,0.2698,586921.0,
1753504887256,04:41:27.256,blofin,ALGO/USDT:USDT,0.2696,991.0,0.2698,873.0,0.2698,586921.0,
1753504887256,04:41:27.256,blofin,ALGO/USDT:USDT,0.2696,992.0,0.2698,877.0,0.2698,586921.0,
1753504887256,04:41:27.256,blofin,ALGO/USDT:USDT,0.2696,1353.0,0.2698,138.0,0.2698,586921.0,
1753504887256,04:41:27.256,blofin,ALGO/USDT:USDT,0.2696,2.0,0.2698,1316.0,0.2698,586921.0,
1753504887256,04:41:27.256,blofin,ALGO/USDT:USDT,0.2696,2.0,0.2698,1316.0,0.2698,586921.0,
1753504887256,04:41:27.256,blofin,ALGO/USDT:USDT,0.2696,1.0,0.2698,1316.0,0.2698,586921.0,
1753504897147,04:41:37.147,blofin,ALGO/USDT:USDT,0.2696,1.0,0.2698,1316.0,0.2697,586935.0,
1753504897147,04:41:37.147,blofin,ALGO/USDT:USDT,0.2696,1.0,0.2697,1311.0,0.2697,586935.0,
1753504897147,04:41:37.147,blofin,ALGO/USDT:USDT,0.2696,1.0,0.2697,1311.0,0.2697,586935.0,
1753504897147,04:41:37.147,blofin,ALGO/USDT:USDT,0.2696,1.0,0.2697,87.0,0.2697,586935.0,
1753504897147,04:41:37.147,blofin,ALGO/USDT:USDT,0.2696,1.0,0.2697,89.0,0.2697,586935.0,
1753504897147,04:41:37.147,blofin,ALGO/USDT:USDT,0.2696,1.0,0.2697,29.0,0.2697,586935.0,
1753504897147,04:41:37.147,blofin,ALGO/USDT:USDT,0.2696,1.0,0.2697,29.0,0.2697,586935.0,
1753504897147,04:41:37.147,blofin,ALGO/USDT:USDT,0.2696,1.0,0.2697,29.0,0.2697,586935.0,
1753504897147,04:41:37.147,blofin,ALGO/USDT:USDT,0.2696,1.0,0.2697,29.0,0.2697,586935.0,
1753504897147,04:41:37.147,blofin,ALGO/USDT:USDT,0.2696,1.0,0.2697,29.0,0.2697,586935.0,
1753504897147,04:41:37.147,blofin,ALGO/USDT:USDT,0.2696,1.0,0.2697,29.0,0.2697,586935.0,
1753504897147,04:41:37.147,blofin,ALGO/USDT:USDT,0.2696,1.0,0.2697,29.0,0.2697,586935.0,
1753504897147,04:41:37.147,blofin,ALGO/USDT:USDT,0.2696,1.0,0.2697,28.0,0.2697,586935.0,
1753504897147,04:41:37.147,blofin,ALGO/USDT:USDT,0.2696,1.0,0.2697,29.0,0.2697,586935.0,
1753504897147,04:41:37.147,blofin,ALGO/USDT:USDT,0.2696,1.0,0.2697,368.0,0.2697,586935.0,
1753504897147,04:41:37.147,blofin,ALGO/USDT:USDT,0.2696,1.0,0.2697,368.0,0.2697,586935.0,
1753504897147,04:41:37.147,blofin,ALGO/USDT:USDT,0.2696,1.0,0.2697,364.0,0.2697,586935.0,
1753504897147,04:41:37.147,blofin,ALGO/USDT:USDT,0.2696,1.0,0.2697,365.0,0.2697,586935.0,
1753504897147,04:41:37.147,blofin,ALGO/USDT:USDT,0.2696,1.0,0.2697,370.0,0.2697,586935.0,
1753504897147,04:41:37.147,blofin,ALGO/USDT:USDT,0.2696,587.0,0.2697,5.0,0.2697,586935.0,
1753504897147,04:41:37.147,blofin,ALGO/USDT:USDT,0.2696,587.0,0.2697,5.0,0.2697,586935.0,
1753504897147,04:41:37.147,blofin,ALGO/USDT:USDT,0.2696,587.0,0.2697,5.0,0.2697,586935.0,
1753504897147,04:41:37.147,blofin,ALGO/USDT:USDT,0.2697,332.0,0.2698,1205.0,0.2697,586935.0,
1753504897147,04:41:37.147,blofin,ALGO/USDT:USDT,0.2697,332.0,0.2698,4.0,0.2697,586935.0,
1753504897147,04:41:37.147,blofin,ALGO/USDT:USDT,0.2697,2.0,0.2698,4.0,0.2697,586935.0,
1753504897147,04:41:37.147,blofin,ALGO/USDT:USDT,0.2697,2.0,0.2698,4.0,0.2697,586935.0,
1753504897147,04:41:37.147,blofin,ALGO/USDT:USDT,0.2697,397.0,0.2698,4.0,0.2697,586935.0,
1753504897147,04:41:37.147,blofin,ALGO/USDT:USDT,0.2697,398.0,0.2698,4.0,0.2697,586935.0,
1753504897147,04:41:37.147,blofin,ALGO/USDT:USDT,0.2697,727.0,0.2698,4.0,0.2697,586935.0,
1753504897147,04:41:37.147,blofin,ALGO/USDT:USDT,0.2697,3.0,0.2698,4.0,0.2697,586935.0,
1753504897147,04:41:37.147,blofin,ALGO/USDT:USDT,0.2697,3.0,0.2698,4.0,0.2697,586935.0,
1753504897147,04:41:37.147,blofin,ALGO/USDT:USDT,0.2696,1326.0,0.2698,4.0,0.2697,586935.0,
1753504897147,04:41:37.147,blofin,ALGO/USDT:USDT,0.2697,850.0,0.2698,4.0,0.2697,586935.0,
1753504897147,04:41:37.147,blofin,ALGO/USDT:USDT,0.2697,850.0,0.2698,4.0,0.2697,586935.0,
1753504897147,04:41:37.147,blofin,ALGO/USDT:USDT,0.2697,851.0,0.2698,4.0,0.2697,586935.0,
1753504897147,04:41:37.147,blofin,ALGO/USDT:USDT,0.2697,5.0,0.2698,4.0,0.2697,586935.0,
1753504897147,04:41:37.147,blofin,ALGO/USDT:USDT,0.2697,5.0,0.2698,4.0,0.2697,586935.0,
1753504897147,04:41:37.147,blofin,ALGO/USDT:USDT,0.2697,5.0,0.2698,4.0,0.2697,586935.0,
1753504897147,04:41:37.147,blofin,ALGO/USDT:USDT,0.2697,5.0,0.2698,4.0,0.2697,586935.0,
1753504897147,04:41:37.147,blofin,ALGO/USDT:USDT,0.2697,175.0,0.2698,4.0,0.2697,586935.0,
1753504897147,04:41:37.147,blofin,ALGO/USDT:USDT,0.2697,173.0,0.2698,4.0,0.2697,586935.0,
1753504897147,04:41:37.147,blofin,ALGO/USDT:USDT,0.2697,3.0,0.2698,4.0,0.2697,586935.0,
1753504897147,04:41:37.147,blofin,ALGO/USDT:USDT,0.2697,3.0,0.2698,4.0,0.2697,586935.0,
1753504897147,04:41:37.147,blofin,ALGO/USDT:USDT,0.2696,703.0,0.2698,4.0,0.2697,586935.0,
1753504897147,04:41:37.147,blofin,ALGO/USDT:USDT,0.2696,703.0,0.2698,4.0,0.2697,586935.0,
1753504897147,04:41:37.147,blofin,ALGO/USDT:USDT,0.2696,705.0,0.2698,4.0,0.2697,586935.0,
1753504897147,04:41:37.147,blofin,ALGO/USDT:USDT,0.2696,316.0,0.2698,4.0,0.2697,586935.0,
1753504897147,04:41:37.147,blofin,ALGO/USDT:USDT,0.2696,316.0,0.2698,4.0,0.2697,586935.0,
1753504897147,04:41:37.147,blofin,ALGO/USDT:USDT,0.2696,316.0,0.2698,4.0,0.2697,586935.0,
1753504897147,04:41:37.147,blofin,ALGO/USDT:USDT,0.2697,642.0,0.2698,4.0,0.2697,586935.0,
1753504897147,04:41:37.147,blofin,ALGO/USDT:USDT,0.2697,580.0,0.2698,4.0,0.2697,586935.0,
1753504897147,04:41:37.147,blofin,ALGO/USDT:USDT,0.2697,578.0,0.2698,4.0,0.2697,586935.0,
1753504897147,04:41:37.147,blofin,ALGO/USDT:USDT,0.2697,5.0,0.2699,1048.0,0.2697,586935.0,
1753504897147,04:41:37.147,blofin,ALGO/USDT:USDT,0.2697,5.0,0.2699,1048.0,0.2697,586935.0,
1753504897147,04:41:37.147,blofin,ALGO/USDT:USDT,0.2697,3.0,0.2699,1044.0,0.2697,586935.0,
1753504925540,04:42:05.540,blofin,ALGO/USDT:USDT,0.2697,3.0,0.2699,1046.0,0.2697,586907.0,
1753504925540,04:42:05.540,blofin,ALGO/USDT:USDT,0.2697,3.0,0.2699,369.0,0.2697,586907.0,
1753504925540,04:42:05.540,blofin,ALGO/USDT:USDT,0.2697,3.0,0.2699,369.0,0.2697,586907.0,
1753504925540,04:42:05.540,blofin,ALGO/USDT:USDT,0.2697,3.0,0.2699,369.0,0.2697,586907.0,
1753504925540,04:42:05.540,blofin,ALGO/USDT:USDT,0.2697,3.0,0.2699,369.0,0.2697,586907.0,
1753504925540,04:42:05.540,blofin,ALGO/USDT:USDT,0.2697,3.0,0.2699,369.0,0.2697,586907.0,
1753504925540,04:42:05.540,blofin,ALGO/USDT:USDT,0.2697,3.0,0.2699,369.0,0.2697,586907.0,
1753504925540,04:42:05.540,blofin,ALGO/USDT:USDT,0.2697,3.0,0.2699,367.0,0.2697,586907.0,
1753504925540,04:42:05.540,blofin,ALGO/USDT:USDT,0.2697,3.0,0.2699,367.0,0.2697,586907.0,
1753504925540,04:42:05.540,blofin,ALGO/USDT:USDT,0.2697,3.0,0.2699,450.0,0.2697,586907.0,
1753504925540,04:42:05.540,blofin,ALGO/USDT:USDT,0.2697,3.0,0.2699,582.0,0.2697,586907.0,
1753504925540,04:42:05.540,blofin,ALGO/USDT:USDT,0.2697,1329.0,0.2699,582.0,0.2697,586907.0,
1753504925540,04:42:05.540,blofin,ALGO/USDT:USDT,0.2697,1329.0,0.2699,582.0,0.2697,586907.0,
1753504925540,04:42:05.540,blofin,ALGO/USDT:USDT,0.2697,1333.0,0.2699,582.0,0.2697,586907.0,
1753504925540,04:42:05.540,blofin,ALGO/USDT:USDT,0.2697,1573.0,0.2699,587.0,0.2697,586907.0,
1753504925540,04:42:05.540,blofin,ALGO/USDT:USDT,0.2697,4.0,0.2699,587.0,0.2697,586907.0,
1753504925540,04:42:05.540,blofin,ALGO/USDT:USDT,0.2697,4.0,0.2699,587.0,0.2697,586907.0,
1753504925540,04:42:05.540,blofin,ALGO/USDT:USDT,0.2697,4.0,0.2699,587.0,0.2697,586907.0,
1753504925540,04:42:05.540,blofin,ALGO/USDT:USDT,0.2697,3.0,0.2699,587.0,0.2697,586907.0,
1753504925540,04:42:05.540,blofin,ALGO/USDT:USDT,0.2697,3.0,0.2699,587.0,0.2697,586907.0,
1753504925540,04:42:05.540,blofin,ALGO/USDT:USDT,0.2697,3.0,0.2699,753.0,0.2697,586907.0,
1753504925540,04:42:05.540,blofin,ALGO/USDT:USDT,0.2697,3.0,0.2699,753.0,0.2697,586907.0,
1753504925540,04:42:05.540,blofin,ALGO/USDT:USDT,0.2697,3.0,0.2699,753.0,0.2697,586907.0,
1753504925540,04:42:05.540,blofin,ALGO/USDT:USDT,0.2697,3.0,0.2699,753.0,0.2697,586907.0,
1753504925540,04:42:05.540,blofin,ALGO/USDT:USDT,0.2697,1329.0,0.2699,590.0,0.2697,586907.0,
1753504925540,04:42:05.540,blofin,ALGO/USDT:USDT,0.2697,1329.0,0.2699,591.0,0.2697,586907.0,
1753504938457,04:42:18.457,blofin,ALGO/USDT:USDT,0.2697,1575.0,0.2699,591.0,0.2697,586911.0,
1753504938457,04:42:18.457,blofin,ALGO/USDT:USDT,0.2697,1575.0,0.2699,591.0,0.2697,586911.0,
1753504938457,04:42:18.457,blofin,ALGO/USDT:USDT,0.2697,1575.0,0.2699,5.0,0.2697,586911.0,
1753504938457,04:42:18.457,blofin,ALGO/USDT:USDT,0.2697,1619.0,0.2699,5.0,0.2697,586911.0,
1753504938457,04:42:18.457,blofin,ALGO/USDT:USDT,0.2697,1845.0,0.2699,5.0,0.2697,586911.0,
1753504938457,04:42:18.457,blofin,ALGO/USDT:USDT,0.2698,1739.0,0.2699,5.0,0.2697,586911.0,
1753504938457,04:42:18.457,blofin,ALGO/USDT:USDT,0.2698,1739.0,0.2699,5.0,0.2697,586911.0,
1753504938457,04:42:18.457,blofin,ALGO/USDT:USDT,0.2698,1739.0,0.2699,5.0,0.2697,586911.0,
1753504938457,04:42:18.457,blofin,ALGO/USDT:USDT,0.2697,1844.0,0.2699,5.0,0.2697,586911.0,
1753504938457,04:42:18.457,blofin,ALGO/USDT:USDT,0.2698,11.0,0.2699,5.0,0.2697,586911.0,
1753504938457,04:42:18.457,blofin,ALGO/USDT:USDT,0.2698,11.0,0.2699,5.0,0.2697,586911.0,
1753504938457,04:42:18.457,blofin,ALGO/USDT:USDT,0.2698,11.0,0.2699,5.0,0.2697,586911.0,
1753504938457,04:42:18.457,blofin,ALGO/USDT:USDT,0.2698,16.0,0.2699,5.0,0.2697,586911.0,
1753504938457,04:42:18.457,blofin,ALGO/USDT:USDT,0.2697,987.0,0.2699,5.0,0.2697,586911.0,
1753504945561,04:42:25.561,blofin,ALGO/USDT:USDT,0.2697,1129.0,0.2699,5.0,0.2697,586921.0,
1753504945561,04:42:25.561,blofin,ALGO/USDT:USDT,0.2697,1129.0,0.2699,5.0,0.2697,586921.0,
1753504945561,04:42:25.561,blofin,ALGO/USDT:USDT,0.2697,6.0,0.2699,1239.0,0.2697,586921.0,
1753504945561,04:42:25.561,blofin,ALGO/USDT:USDT,0.2697,3.0,0.2699,2191.0,0.2697,586921.0,
1753504945561,04:42:25.561,blofin,ALGO/USDT:USDT,0.2697,3.0,0.2699,2191.0,0.2697,586921.0,
1753504945561,04:42:25.561,blofin,ALGO/USDT:USDT,0.2697,3.0,0.2699,2191.0,0.2697,586921.0,
1753504945561,04:42:25.561,blofin,ALGO/USDT:USDT,0.2697,277.0,0.2699,2188.0,0.2697,586921.0,
1753504945561,04:42:25.561,blofin,ALGO/USDT:USDT,0.2697,281.0,0.2699,2192.0,0.2697,586921.0,
1753504945561,04:42:25.561,blofin,ALGO/USDT:USDT,0.2697,281.0,0.2699,2192.0,0.2697,586921.0,
1753504945561,04:42:25.561,blofin,ALGO/USDT:USDT,0.2697,7.0,0.2699,2454.0,0.2697,586921.0,
1753504945561,04:42:25.561,blofin,ALGO/USDT:USDT,0.2697,7.0,0.2699,2486.0,0.2697,586921.0,
1753504945561,04:42:25.561,blofin,ALGO/USDT:USDT,0.2697,180.0,0.2699,2260.0,0.2697,586921.0,
1753504945561,04:42:25.561,blofin,ALGO/USDT:USDT,0.2697,180.0,0.2699,2260.0,0.2697,586921.0,
1753504945561,04:42:25.561,blofin,ALGO/USDT:USDT,0.2697,180.0,0.2699,2258.0,0.2697,586921.0,
1753504945561,04:42:25.561,blofin,ALGO/USDT:USDT,0.2697,3.0,0.2699,2370.0,0.2697,586921.0,
1753504945561,04:42:25.561,blofin,ALGO/USDT:USDT,0.2697,3.0,0.2699,2370.0,0.2697,586921.0,
1753504945561,04:42:25.561,blofin,ALGO/USDT:USDT,0.2697,3.0,0.2699,2368.0,0.2697,586921.0,
1753504945561,04:42:25.561,blofin,ALGO/USDT:USDT,0.2697,3.0,0.2699,2368.0,0.2697,586921.0,
1753504945561,04:42:25.561,blofin,ALGO/USDT:USDT,0.2696,203.0,0.2699,2368.0,0.2697,586921.0,
1753504945561,04:42:25.561,blofin,ALGO/USDT:USDT,0.2696,203.0,0.2699,2368.0,0.2697,586921.0,
1753504945561,04:42:25.561,blofin,ALGO/USDT:USDT,0.2696,575.0,0.2699,2487.0,0.2697,586921.0,
1753504945561,04:42:25.561,blofin,ALGO/USDT:USDT,0.2696,575.0,0.2699,2489.0,0.2697,586921.0,
1753504945561,04:42:25.561,blofin,ALGO/USDT:USDT,0.2696,828.0,0.2699,364.0,0.2697,586921.0,
1753504945561,04:42:25.561,blofin,ALGO/USDT:USDT,0.2696,828.0,0.2699,364.0,0.2697,586921.0,
1753504945561,04:42:25.561,blofin,ALGO/USDT:USDT,0.2697,1643.0,0.2699,39.0,0.2697,586921.0,
1753504945561,04:42:25.561,blofin,ALGO/USDT:USDT,0.2697,1643.0,0.2699,40.0,0.2697,586921.0,
1753504945561,04:42:25.561,blofin,ALGO/USDT:USDT,0.2697,725.0,0.2699,638.0,0.2697,586921.0,
1753504945561,04:42:25.561,blofin,ALGO/USDT:USDT,0.2697,5.0,0.2699,473.0,0.2697,586921.0,
1753504945561,04:42:25.561,blofin,ALGO/USDT:USDT,0.2697,5.0,0.2699,554.0,0.2697,586921.0,
1753504945561,04:42:25.561,blofin,ALGO/USDT:USDT,0.2697,5.0,0.2699,554.0,0.2697,586921.0,
1753504945561,04:42:25.561,blofin,ALGO/USDT:USDT,0.2697,5.0,0.2699,637.0,0.2697,586921.0,
1753504945561,04:42:25.561,blofin,ALGO/USDT:USDT,0.2697,5.0,0.2699,637.0,0.2697,586921.0,
1753504945561,04:42:25.561,blofin,ALGO/USDT:USDT,0.2697,5.0,0.2699,472.0,0.2697,586921.0,
1753504945561,04:42:25.561,blofin,ALGO/USDT:USDT,0.2697,5.0,0.2699,637.0,0.2697,586921.0,
1753504945561,04:42:25.561,blofin,ALGO/USDT:USDT,0.2697,5.0,0.2699,637.0,0.2697,586921.0,
1753504945561,04:42:25.561,blofin,ALGO/USDT:USDT,0.2697,5.0,0.2699,637.0,0.2697,586921.0,
1753504945561,04:42:25.561,blofin,ALGO/USDT:USDT,0.2696,2079.0,0.2699,636.0,0.2697,586921.0,
1753504945561,04:42:25.561,blofin,ALGO/USDT:USDT,0.2696,1625.0,0.2699,1322.0,0.2697,586921.0,
1753504945561,04:42:25.561,blofin,ALGO/USDT:USDT,0.2696,1625.0,0.2699,1322.0,0.2697,586921.0,
1753504945561,04:42:25.561,blofin,ALGO/USDT:USDT,0.2696,1625.0,0.2699,1318.0,0.2697,586921.0,
1753504945561,04:42:25.561,blofin,ALGO/USDT:USDT,0.2697,1621.0,0.2699,1236.0,0.2697,586921.0,
1753504945561,04:42:25.561,blofin,ALGO/USDT:USDT,0.2697,1624.0,0.2699,1136.0,0.2697,586921.0,
1753504945561,04:42:25.561,blofin,ALGO/USDT:USDT,0.2697,1624.0,0.2699,1136.0,0.2697,586921.0,
1753504945561,04:42:25.561,blofin,ALGO/USDT:USDT,0.2697,1624.0,0.2699,1139.0,0.2697,586921.0,
1753504945561,04:42:25.561,blofin,ALGO/USDT:USDT,0.2697,4.0,0.2699,1139.0,0.2697,586921.0,
1753504945561,04:42:25.561,blofin,ALGO/USDT:USDT,0.2696,1625.0,0.2699,1140.0,0.2697,586921.0,
1753504945561,04:42:25.561,blofin,ALGO/USDT:USDT,0.2696,1625.0,0.2699,1140.0,0.2697,586921.0,
1753504945561,04:42:25.561,blofin,ALGO/USDT:USDT,0.2697,1301.0,0.2699,1140.0,0.2697,586921.0,
1753504945561,04:42:25.561,blofin,ALGO/USDT:USDT,0.2697,1622.0,0.2699,538.0,0.2697,586921.0,
1753504945561,04:42:25.561,blofin,ALGO/USDT:USDT,0.2697,1.0,0.2699,525.0,0.2697,586921.0,
1753504945561,04:42:25.561,blofin,ALGO/USDT:USDT,0.2697,1.0,0.2699,525.0,0.2697,586921.0,
1753504945561,04:42:25.561,blofin,ALGO/USDT:USDT,0.2697,1.0,0.2699,523.0,0.2697,586921.0,
1753504945561,04:42:25.561,blofin,ALGO/USDT:USDT,0.2697,1.0,0.2699,643.0,0.2697,586921.0,
1753504945561,04:42:25.561,blofin,ALGO/USDT:USDT,0.2696,2227.0,0.2699,654.0,0.2697,586921.0,
1753504945561,04:42:25.561,blofin,ALGO/USDT:USDT,0.2696,2225.0,0.2699,654.0,0.2697,586921.0,
1753504945561,04:42:25.561,blofin,ALGO/USDT:USDT,0.2696,2225.0,0.2699,654.0,0.2697,586921.0,
1753504945561,04:42:25.561,blofin,ALGO/USDT:USDT,0.2696,2225.0,0.2699,654.0,0.2697,586921.0,
1753504945561,04:42:25.561,blofin,ALGO/USDT:USDT,0.2697,1901.0,0.2699,813.0,0.2697,586921.0,
1753504945561,04:42:25.561,blofin,ALGO/USDT:USDT,0.2697,1901.0,0.2699,813.0,0.2697,586921.0,
1753504945561,04:42:25.561,blofin,ALGO/USDT:USDT,0.2696,1305.0,0.2699,814.0,0.2697,586921.0,
1753504945561,04:42:25.561,blofin,ALGO/USDT:USDT,0.2696,1305.0,0.2699,814.0,0.2697,586921.0,
1753504945561,04:42:25.561,blofin,ALGO/USDT:USDT,0.2696,1304.0,0.2699,813.0,0.2697,586921.0,
1753504945561,04:42:25.561,blofin,ALGO/USDT:USDT,0.2696,1303.0,0.2699,813.0,0.2697,586921.0,
1753504945561,04:42:25.561,blofin,ALGO/USDT:USDT,0.2697,1404.0,0.2699,813.0,0.2697,586921.0,
1753504945561,04:42:25.561,blofin,ALGO/USDT:USDT,0.2697,1404.0,0.2699,813.0,0.2697,586921.0,
1753504945561,04:42:25.561,blofin,ALGO/USDT:USDT,0.2697,1401.0,0.2699,816.0,0.2697,586921.0,
1753504945561,04:42:25.561,blofin,ALGO/USDT:USDT,0.2697,1519.0,0.2699,1424.0,0.2697,586921.0,
1753504945561,04:42:25.561,blofin,ALGO/USDT:USDT,0.2697,1519.0,0.2699,737.0,0.2697,586921.0,
1753504945561,04:42:25.561,blofin,ALGO/USDT:USDT,0.2697,1519.0,0.2699,737.0,0.2697,586921.0,
1753504945561,04:42:25.561,blofin,ALGO/USDT:USDT,0.2697,1.0,0.2699,820.0,0.2697,586921.0,
1753504945561,04:42:25.561,blofin,ALGO/USDT:USDT,0.2697,1.0,0.2699,820.0,0.2697,586921.0,
1753504945561,04:42:25.561,blofin,ALGO/USDT:USDT,0.2696,731.0,0.2699,1786.0,0.2697,586921.0,
1753504945561,04:42:25.561,blofin,ALGO/USDT:USDT,0.2696,731.0,0.2699,1785.0,0.2697,586921.0,
1753504945561,04:42:25.561,blofin,ALGO/USDT:USDT,0.2696,734.0,0.2699,1788.0,0.2697,586921.0,
1753504985540,04:43:05.540,blofin,ALGO/USDT:USDT,0.2697,728.0,0.2699,1791.0,0.2697,586899.0,
1753504985540,04:43:05.540,blofin,ALGO/USDT:USDT,0.2697,733.0,0.2699,1791.0,0.2697,586899.0,
1753504985540,04:43:05.540,blofin,ALGO/USDT:USDT,0.2697,882.0,0.2699,1521.0,0.2697,586899.0,
1753504985540,04:43:05.540,blofin,ALGO/USDT:USDT,0.2697,882.0,0.2699,1521.0,0.2697,586899.0,
1753504985540,04:43:05.540,blofin,ALGO/USDT:USDT,0.2697,5.0,0.2699,1391.0,0.2697,586899.0,
1753504985540,04:43:05.540,blofin,ALGO/USDT:USDT,0.2696,895.0,0.2699,1391.0,0.2697,586899.0,
1753504985540,04:43:05.540,blofin,ALGO/USDT:USDT,0.2697,880.0,0.2699,1425.0,0.2697,586899.0,
1753504985540,04:43:05.540,blofin,ALGO/USDT:USDT,0.2697,880.0,0.2699,1425.0,0.2697,586899.0,
1753504985540,04:43:05.540,blofin,ALGO/USDT:USDT,0.2697,884.0,0.2699,1425.0,0.2697,586899.0,
1753504985540,04:43:05.540,blofin,ALGO/USDT:USDT,0.2696,617.0,0.2699,1996.0,0.2697,586899.0,
1753504985540,04:43:05.540,blofin,ALGO/USDT:USDT,0.2697,607.0,0.2699,1752.0,0.2697,586899.0,
1753504985540,04:43:05.540,blofin,ALGO/USDT:USDT,0.2697,607.0,0.2699,1752.0,0.2697,586899.0,
1753504985540,04:43:05.540,blofin,ALGO/USDT:USDT,0.2696,1581.0,0.2698,1281.0,0.2697,586899.0,
1753504985540,04:43:05.540,blofin,ALGO/USDT:USDT,0.2696,1582.0,0.2698,1283.0,0.2697,586899.0,
1753504985540,04:43:05.540,blofin,ALGO/USDT:USDT,0.2696,1582.0,0.2698,1283.0,0.2697,586899.0,
1753504985540,04:43:05.540,blofin,ALGO/USDT:USDT,0.2696,2284.0,0.2698,2130.0,0.2697,586899.0,
1753504985540,04:43:05.540,blofin,ALGO/USDT:USDT,0.2696,7.0,0.2698,1164.0,0.2697,586899.0,
1753504985540,04:43:05.540,blofin,ALGO/USDT:USDT,0.2696,5.0,0.2698,1167.0,0.2697,586899.0,
1753504994959,04:43:14.959,blofin,ALGO/USDT:USDT,0.2696,5.0,0.2698,1167.0,0.2698,586901.0,
1753504994959,04:43:14.959,blofin,ALGO/USDT:USDT,0.2696,2525.0,0.2698,5.0,0.2698,586901.0,
1753504994959,04:43:14.959,blofin,ALGO/USDT:USDT,0.2696,2585.0,0.2699,58.0,0.2698,586901.0,
1753504994959,04:43:14.959,blofin,ALGO/USDT:USDT,0.2696,2585.0,0.2699,58.0,0.2698,586901.0,
1753504994959,04:43:14.959,blofin,ALGO/USDT:USDT,0.2696,2585.0,0.2699,58.0,0.2698,586901.0,
1753504994959,04:43:14.959,blofin,ALGO/USDT:USDT,0.2696,2241.0,0.2699,949.0,0.2698,586901.0,
1753504994959,04:43:14.959,blofin,ALGO/USDT:USDT,0.2696,1535.0,0.2699,951.0,0.2698,586901.0,
1753504994959,04:43:14.959,blofin,ALGO/USDT:USDT,0.2696,1535.0,0.2699,951.0,0.2698,586901.0,
1753504994959,04:43:14.959,blofin,ALGO/USDT:USDT,0.2696,1535.0,0.2699,950.0,0.2698,586901.0,
1753504994959,04:43:14.959,blofin,ALGO/USDT:USDT,0.2696,1883.0,0.2699,140.0,0.2698,586901.0,
1753504994959,04:43:14.959,blofin,ALGO/USDT:USDT,0.2697,1530.0,0.2699,224.0,0.2698,586901.0,
1753504994959,04:43:14.959,blofin,ALGO/USDT:USDT,0.2697,1530.0,0.2699,224.0,0.2698,586901.0,
1753504994959,04:43:14.959,blofin,ALGO/USDT:USDT,0.2697,1530.0,0.2699,222.0,0.2698,586901.0,
1753504994959,04:43:14.959,blofin,ALGO/USDT:USDT,0.2696,1883.0,0.2699,61.0,0.2698,586901.0,
1753504994959,04:43:14.959,blofin,ALGO/USDT:USDT,0.2696,1882.0,0.2699,61.0,0.2698,586901.0,
1753504994959,04:43:14.959,blofin,ALGO/USDT:USDT,0.2696,1882.0,0.2699,61.0,0.2698,586901.0,
1753504994959,04:43:14.959,blofin,ALGO/USDT:USDT,0.2696,1782.0,0.2699,141.0,0.2698,586901.0,
1753504994959,04:43:14.959,blofin,ALGO/USDT:USDT,0.2696,1784.0,0.2699,61.0,0.2698,586901.0,
1753504994959,04:43:14.959,blofin,ALGO/USDT:USDT,0.2696,1784.0,0.2699,61.0,0.2698,586901.0,
1753504994959,04:43:14.959,blofin,ALGO/USDT:USDT,0.2697,1530.0,0.2699,235.0,0.2698,586901.0,
1753504994959,04:43:14.959,blofin,ALGO/USDT:USDT,0.2697,1535.0,0.2699,235.0,0.2698,586901.0,
1753504994959,04:43:14.959,blofin,ALGO/USDT:USDT,0.2697,1535.0,0.2699,235.0,0.2698,586901.0,
1753504994959,04:43:14.959,blofin,ALGO/USDT:USDT,0.2697,5.0,0.2699,235.0,0.2698,586901.0,
1753504994959,04:43:14.959,blofin,ALGO/USDT:USDT,0.2697,5.0,0.2699,232.0,0.2698,586901.0,
1753504994959,04:43:14.959,blofin,ALGO/USDT:USDT,0.2697,5.0,0.2699,114.0,0.2698,586901.0,
1753504994959,04:43:14.959,blofin,ALGO/USDT:USDT,0.2697,5.0,0.2699,114.0,0.2698,586901.0,
1753504994959,04:43:14.959,blofin,ALGO/USDT:USDT,0.2697,5.0,0.2699,670.0,0.2698,586901.0,
1753504994959,04:43:14.959,blofin,ALGO/USDT:USDT,0.2696,1537.0,0.2699,666.0,0.2698,586901.0,
1753504994959,04:43:14.959,blofin,ALGO/USDT:USDT,0.2696,1537.0,0.2699,666.0,0.2698,586901.0,
1753504994959,04:43:14.959,blofin,ALGO/USDT:USDT,0.2696,1537.0,0.2699,666.0,0.2698,586901.0,
1753504994959,04:43:14.959,blofin,ALGO/USDT:USDT,0.2697,1874.0,0.2699,142.0,0.2698,586901.0,
1753504994959,04:43:14.959,blofin,ALGO/USDT:USDT,0.2697,1874.0,0.2699,142.0,0.2698,586901.0,
1753504994959,04:43:14.959,blofin,ALGO/USDT:USDT,0.2697,1878.0,0.2699,142.0,0.2698,586901.0,
1753504994959,04:43:14.959,blofin,ALGO/USDT:USDT,0.2696,1805.0,0.2699,305.0,0.2698,586901.0,
1753504994959,04:43:14.959,blofin,ALGO/USDT:USDT,0.2697,1530.0,0.2699,546.0,0.2698,586901.0,
1753504994959,04:43:14.959,blofin,ALGO/USDT:USDT,0.2697,1530.0,0.2699,546.0,0.2698,586901.0,
1753504994959,04:43:14.959,blofin,ALGO/USDT:USDT,0.2697,1535.0,0.2699,546.0,0.2698,586901.0,
1753504994959,04:43:14.959,blofin,ALGO/USDT:USDT,0.2697,5.0,0.2699,223.0,0.2698,586901.0,
1753504994959,04:43:14.959,blofin,ALGO/USDT:USDT,0.2696,1537.0,0.2699,546.0,0.2698,586901.0,
1753504994959,04:43:14.959,blofin,ALGO/USDT:USDT,0.2696,1537.0,0.2699,546.0,0.2698,586901.0,
1753504994959,04:43:14.959,blofin,ALGO/USDT:USDT,0.2696,1537.0,0.2699,546.0,0.2698,586901.0,
1753504994959,04:43:14.959,blofin,ALGO/USDT:USDT,0.2696,1535.0,0.2699,1085.0,0.2698,586901.0,
1753504994959,04:43:14.959,blofin,ALGO/USDT:USDT,0.2696,1535.0,0.2699,1085.0,0.2698,586901.0,
1753504994959,04:43:14.959,blofin,ALGO/USDT:USDT,0.2696,1535.0,0.2699,715.0,0.2698,586901.0,
1753504994959,04:43:14.959,blofin,ALGO/USDT:USDT,0.2696,1535.0,0.2699,715.0,0.2698,586901.0,
1753504994959,04:43:14.959,blofin,ALGO/USDT:USDT,0.2696,1535.0,0.2699,816.0,0.2698,586901.0,
1753504994959,04:43:14.959,blofin,ALGO/USDT:USDT,0.2696,1535.0,0.2699,816.0,0.2698,586901.0,
1753504994959,04:43:14.959,blofin,ALGO/USDT:USDT,0.2696,1256.0,0.2699,795.0,0.2698,586901.0,
1753504994959,04:43:14.959,blofin,ALGO/USDT:USDT,0.2696,1258.0,0.2699,795.0,0.2698,586901.0,
1753504994959,04:43:14.959,blofin,ALGO/USDT:USDT,0.2697,494.0,0.2699,1497.0,0.2698,586901.0,
1753504994959,04:43:14.959,blofin,ALGO/USDT:USDT,0.2697,494.0,0.2699,1497.0,0.2698,586901.0,
1753504994959,04:43:14.959,blofin,ALGO/USDT:USDT,0.2697,1.0,0.2699,1498.0,0.2698,586901.0,
1753504994959,04:43:14.959,blofin,ALGO/USDT:USDT,0.2697,1.0,0.2699,1495.0,0.2698,586901.0,
1753504994959,04:43:14.959,blofin,ALGO/USDT:USDT,0.2697,1.0,0.2699,1495.0,0.2698,586901.0,
1753504994959,04:43:14.959,blofin,ALGO/USDT:USDT,0.2697,1.0,0.2699,1495.0,0.2698,586901.0,
1753504994959,04:43:14.959,blofin,ALGO/USDT:USDT,0.2696,243.0,0.2698,1755.0,0.2698,586901.0,
1753504994959,04:43:14.959,blofin,ALGO/USDT:USDT,0.2696,5.0,0.2698,261.0,0.2698,586901.0,
1753504994959,04:43:14.959,blofin,ALGO/USDT:USDT,0.2696,5.0,0.2698,261.0,0.2698,586901.0,
1753504994959,04:43:14.959,blofin,ALGO/USDT:USDT,0.2696,5.0,0.2698,260.0,0.2698,586901.0,
1753504994959,04:43:14.959,blofin,ALGO/USDT:USDT,0.2696,3.0,0.2698,530.0,0.2698,586901.0,
1753504994959,04:43:14.959,blofin,ALGO/USDT:USDT,0.2696,3.0,0.2698,530.0,0.2698,586901.0,
1753505026252,04:43:46.252,blofin,ALGO/USDT:USDT,0.2696,3.0,0.2698,529.0,0.2697,586903.0,
1753505026252,04:43:46.252,blofin,ALGO/USDT:USDT,0.2697,2068.0,0.2699,620.0,0.2697,586903.0,
1753505026252,04:43:46.252,blofin,ALGO/USDT:USDT,0.2697,2068.0,0.2699,620.0,0.2697,586903.0,
1753505026252,04:43:46.252,blofin,ALGO/USDT:USDT,0.2696,1720.0,0.2699,65.0,0.2697,586903.0,
1753505026252,04:43:46.252,blofin,ALGO/USDT:USDT,0.2698,2395.0,0.2699,6.0,0.2697,586903.0,
1753505026252,04:43:46.252,blofin,ALGO/USDT:USDT,0.2697,2028.0,0.2699,5.0,0.2697,586903.0,
1753505026252,04:43:46.252,blofin,ALGO/USDT:USDT,0.2697,2028.0,0.2699,5.0,0.2697,586903.0,
1753505026252,04:43:46.252,blofin,ALGO/USDT:USDT,0.2697,1528.0,0.2699,5.0,0.2697,586903.0,
1753505026252,04:43:46.252,blofin,ALGO/USDT:USDT,0.2697,667.0,0.2699,5.0,0.2697,586903.0,
1753505026252,04:43:46.252,blofin,ALGO/USDT:USDT,0.2697,667.0,0.2699,5.0,0.2697,586903.0,
1753505026252,04:43:46.252,blofin,ALGO/USDT:USDT,0.2697,667.0,0.2699,5.0,0.2697,586903.0,
1753505026252,04:43:46.252,blofin,ALGO/USDT:USDT,0.2697,433.0,0.2699,5.0,0.2697,586903.0,
1753505026252,04:43:46.252,blofin,ALGO/USDT:USDT,0.2697,696.0,0.2699,5.0,0.2697,586903.0,
1753505026252,04:43:46.252,blofin,ALGO/USDT:USDT,0.2697,696.0,0.2699,5.0,0.2697,586903.0,
1753505026252,04:43:46.252,blofin,ALGO/USDT:USDT,0.2697,696.0,0.2699,5.0,0.2697,586903.0,
1753505026252,04:43:46.252,blofin,ALGO/USDT:USDT,0.2697,554.0,0.2699,5.0,0.2697,586903.0,
1753505026252,04:43:46.252,blofin,ALGO/USDT:USDT,0.2697,554.0,0.2699,5.0,0.2697,586903.0,
1753505026252,04:43:46.252,blofin,ALGO/USDT:USDT,0.2698,1145.0,0.2699,5.0,0.2697,586903.0,
1753505026252,04:43:46.252,blofin,ALGO/USDT:USDT,0.2698,1142.0,0.2699,5.0,0.2697,586903.0,
1753505026252,04:43:46.252,blofin,ALGO/USDT:USDT,0.2697,1148.0,0.2699,5.0,0.2697,586903.0,
1753505026252,04:43:46.252,blofin,ALGO/USDT:USDT,0.2697,1148.0,0.2699,5.0,0.2697,586903.0,
1753505026252,04:43:46.252,blofin,ALGO/USDT:USDT,0.2697,1148.0,0.2699,5.0,0.2697,586903.0,
1753505026252,04:43:46.252,blofin,ALGO/USDT:USDT,0.2697,1149.0,0.2699,5.0,0.2697,586903.0,
1753505026252,04:43:46.252,blofin,ALGO/USDT:USDT,0.2697,878.0,0.2699,5.0,0.2697,586903.0,
1753505026252,04:43:46.252,blofin,ALGO/USDT:USDT,0.2697,878.0,0.2699,5.0,0.2697,586903.0,
1753505026252,04:43:46.252,blofin,ALGO/USDT:USDT,0.2697,811.0,0.2699,5.0,0.2697,586903.0,
1753505026252,04:43:46.252,blofin,ALGO/USDT:USDT,0.2697,811.0,0.2699,5.0,0.2697,586903.0,
1753505026252,04:43:46.252,blofin,ALGO/USDT:USDT,0.2697,647.0,0.2699,5.0,0.2697,586903.0,
1753505026252,04:43:46.252,blofin,ALGO/USDT:USDT,0.2697,976.0,0.2699,5.0,0.2697,586903.0,
1753505026252,04:43:46.252,blofin,ALGO/USDT:USDT,0.2698,1236.0,0.2699,5.0,0.2697,586903.0,
1753505026252,04:43:46.252,blofin,ALGO/USDT:USDT,0.2698,1236.0,0.2699,5.0,0.2697,586903.0,
1753505026252,04:43:46.252,blofin,ALGO/USDT:USDT,0.2698,1236.0,0.2699,5.0,0.2697,586903.0,
1753505026252,04:43:46.252,blofin,ALGO/USDT:USDT,0.2697,1260.0,0.2699,5.0,0.2697,586903.0,
1753505026252,04:43:46.252,blofin,ALGO/USDT:USDT,0.2697,1260.0,0.2699,5.0,0.2697,586903.0,
1753505026252,04:43:46.252,blofin,ALGO/USDT:USDT,0.2698,881.0,0.2699,5.0,0.2697,586903.0,
1753505026252,04:43:46.252,blofin,ALGO/USDT:USDT,0.2698,882.0,0.2699,5.0,0.2697,586903.0,
1753505026252,04:43:46.252,blofin,ALGO/USDT:USDT,0.2698,1.0,0.27,1416.0,0.2697,586903.0,
1753505045539,04:44:05.539,blofin,ALGO/USDT:USDT,0.2698,1.0,0.27,1416.0,0.2697,586738.0,
1753505045539,04:44:05.539,blofin,ALGO/USDT:USDT,0.2698,1.0,0.27,1416.0,0.2697,586738.0,
1753505045539,04:44:05.539,blofin,ALGO/USDT:USDT,0.2698,1.0,0.27,1416.0,0.2697,586738.0,
1753505045539,04:44:05.539,blofin,ALGO/USDT:USDT,0.2698,1.0,0.27,1415.0,0.2697,586738.0,
1753505045539,04:44:05.539,blofin,ALGO/USDT:USDT,0.2698,1.0,0.27,815.0,0.2697,586738.0,
1753505045539,04:44:05.539,blofin,ALGO/USDT:USDT,0.2698,1.0,0.27,815.0,0.2697,586738.0,
1753505045539,04:44:05.539,blofin,ALGO/USDT:USDT,0.2698,547.0,0.27,587.0,0.2697,586738.0,
1753505045539,04:44:05.539,blofin,ALGO/USDT:USDT,0.2698,1053.0,0.27,586.0,0.2697,586738.0,
1753505045539,04:44:05.539,blofin,ALGO/USDT:USDT,0.2698,1053.0,0.27,586.0,0.2697,586738.0,
1753505045539,04:44:05.539,blofin,ALGO/USDT:USDT,0.2698,1056.0,0.27,586.0,0.2697,586738.0,
1753505045539,04:44:05.539,blofin,ALGO/USDT:USDT,0.2698,1061.0,0.27,861.0,0.2697,586738.0,
1753505045539,04:44:05.539,blofin,ALGO/USDT:USDT,0.2698,1061.0,0.27,861.0,0.2697,586738.0,
1753505045539,04:44:05.539,blofin,ALGO/USDT:USDT,0.2698,697.0,0.27,863.0,0.2697,586738.0,
1753505045539,04:44:05.539,blofin,ALGO/USDT:USDT,0.2698,697.0,0.27,863.0,0.2697,586738.0,
1753505045539,04:44:05.539,blofin,ALGO/USDT:USDT,0.2698,797.0,0.27,878.0,0.2697,586738.0,
1753505045539,04:44:05.539,blofin,ALGO/USDT:USDT,0.2698,797.0,0.27,878.0,0.2697,586738.0,
1753505045539,04:44:05.539,blofin,ALGO/USDT:USDT,0.2698,1060.0,0.27,878.0,0.2697,586738.0,
1753505045539,04:44:05.539,blofin,ALGO/USDT:USDT,0.2698,1060.0,0.27,878.0,0.2697,586738.0,
1753505045539,04:44:05.539,blofin,ALGO/USDT:USDT,0.2698,1.0,0.27,876.0,0.2697,586738.0,
1753505045539,04:44:05.539,blofin,ALGO/USDT:USDT,0.2698,1.0,0.27,876.0,0.2697,586738.0,
1753505045539,04:44:05.539,blofin,ALGO/USDT:USDT,0.2698,1147.0,0.27,462.0,0.2697,586738.0,
1753505045539,04:44:05.539,blofin,ALGO/USDT:USDT,0.2698,1147.0,0.27,462.0,0.2697,586738.0,
1753505045539,04:44:05.539,blofin,ALGO/USDT:USDT,0.2698,1.0,0.27,624.0,0.2697,586738.0,
1753505045539,04:44:05.539,blofin,ALGO/USDT:USDT,0.2698,1.0,0.27,624.0,0.2697,586738.0,
1753505045539,04:44:05.539,blofin,ALGO/USDT:USDT,0.2698,1.0,0.27,1064.0,0.2697,586738.0,
1753505045539,04:44:05.539,blofin,ALGO/USDT:USDT,0.2698,1.0,0.27,1064.0,0.2697,586738.0,
1753505045539,04:44:05.539,blofin,ALGO/USDT:USDT,0.2698,690.0,0.27,1049.0,0.2697,586738.0,
1753505045539,04:44:05.539,blofin,ALGO/USDT:USDT,0.2698,690.0,0.27,1049.0,0.2697,586738.0,
1753505045539,04:44:05.539,blofin,ALGO/USDT:USDT,0.2698,1.0,0.27,782.0,0.2697,586738.0,
1753505045539,04:44:05.539,blofin,ALGO/USDT:USDT,0.2698,1.0,0.27,829.0,0.2697,586738.0,
1753505045539,04:44:05.539,blofin,ALGO/USDT:USDT,0.2698,1.0,0.27,829.0,0.2697,586738.0,
1753505045539,04:44:05.539,blofin,ALGO/USDT:USDT,0.2698,1.0,0.27,826.0,0.2697,586738.0,
1753505045539,04:44:05.539,blofin,ALGO/USDT:USDT,0.2698,1243.0,0.27,821.0,0.2697,586738.0,
1753505045539,04:44:05.539,blofin,ALGO/USDT:USDT,0.2698,1243.0,0.27,821.0,0.2697,586738.0,
1753505045539,04:44:05.539,blofin,ALGO/USDT:USDT,0.2698,1.0,0.27,821.0,0.2697,586738.0,
1753505045539,04:44:05.539,blofin,ALGO/USDT:USDT,0.2698,1.0,0.27,822.0,0.2697,586738.0,
1753505045539,04:44:05.539,blofin,ALGO/USDT:USDT,0.2698,1.0,0.27,823.0,0.2697,586738.0,
1753505045539,04:44:05.539,blofin,ALGO/USDT:USDT,0.2698,1.0,0.27,823.0,0.2697,586738.0,
1753505045539,04:44:05.539,blofin,ALGO/USDT:USDT,0.2698,989.0,0.27,825.0,0.2697,586738.0,
1753505045539,04:44:05.539,blofin,ALGO/USDT:USDT,0.2698,1.0,0.27,825.0,0.2697,586738.0,
1753505045539,04:44:05.539,blofin,ALGO/USDT:USDT,0.2698,1.0,0.27,825.0,0.2697,586738.0,
1753505045539,04:44:05.539,blofin,ALGO/USDT:USDT,0.2698,1.0,0.27,1205.0,0.2697,586738.0,
1753505045539,04:44:05.539,blofin,ALGO/USDT:USDT,0.2698,1.0,0.27,1204.0,0.2697,586738.0,
1753505045539,04:44:05.539,blofin,ALGO/USDT:USDT,0.2698,1.0,0.27,838.0,0.2697,586738.0,
1753505045539,04:44:05.539,blofin,ALGO/USDT:USDT,0.2698,1.0,0.27,838.0,0.2697,586738.0,
1753505045539,04:44:05.539,blofin,ALGO/USDT:USDT,0.2698,1.0,0.27,838.0,0.2697,586738.0,
1753505045539,04:44:05.539,blofin,ALGO/USDT:USDT,0.2698,1.0,0.27,836.0,0.2697,586738.0,
1753505045539,04:44:05.539,blofin,ALGO/USDT:USDT,0.2698,1.0,0.27,836.0,0.2697,586738.0,
1753505045539,04:44:05.539,blofin,ALGO/USDT:USDT,0.2698,1.0,0.27,839.0,0.2697,586738.0,
1753505045539,04:44:05.539,blofin,ALGO/USDT:USDT,0.2698,1.0,0.27,870.0,0.2697,586738.0,
1753505045539,04:44:05.539,blofin,ALGO/USDT:USDT,0.2698,1.0,0.27,870.0,0.2697,586738.0,
1753505045539,04:44:05.539,blofin,ALGO/USDT:USDT,0.2698,1.0,0.27,872.0,0.2697,586738.0,
1753505045539,04:44:05.539,blofin,ALGO/USDT:USDT,0.2698,1.0,0.27,872.0,0.2697,586738.0,
1753505045539,04:44:05.539,blofin,ALGO/USDT:USDT,0.2698,1.0,0.27,872.0,0.2697,586738.0,
1753505045539,04:44:05.539,blofin,ALGO/USDT:USDT,0.2698,1.0,0.27,872.0,0.2697,586738.0,
1753505045539,04:44:05.539,blofin,ALGO/USDT:USDT,0.2698,1171.0,0.27,859.0,0.2697,586738.0,
1753505045539,04:44:05.539,blofin,ALGO/USDT:USDT,0.2698,1171.0,0.27,859.0,0.2697,586738.0,
1753505045539,04:44:05.539,blofin,ALGO/USDT:USDT,0.2697,912.0,0.27,979.0,0.2697,586738.0,
1753505045539,04:44:05.539,blofin,ALGO/USDT:USDT,0.2697,812.0,0.27,978.0,0.2697,586738.0,
1753505045539,04:44:05.539,blofin,ALGO/USDT:USDT,0.2697,812.0,0.27,978.0,0.2697,586738.0,
1753505045539,04:44:05.539,blofin,ALGO/USDT:USDT,0.2697,812.0,0.27,979.0,0.2697,586738.0,
1753505045539,04:44:05.539,blofin,ALGO/USDT:USDT,0.2697,1258.0,0.27,896.0,0.2697,586738.0,
1753505045539,04:44:05.539,blofin,ALGO/USDT:USDT,0.2697,988.0,0.27,985.0,0.2697,586738.0,
1753505045539,04:44:05.539,blofin,ALGO/USDT:USDT,0.2697,988.0,0.27,985.0,0.2697,586738.0,
1753505045539,04:44:05.539,blofin,ALGO/USDT:USDT,0.2697,990.0,0.27,985.0,0.2697,586738.0,
1753505045539,04:44:05.539,blofin,ALGO/USDT:USDT,0.2697,990.0,0.27,983.0,0.2697,586738.0,
1753505045539,04:44:05.539,blofin,ALGO/USDT:USDT,0.2698,893.0,0.27,988.0,0.2697,586738.0,
1753505045539,04:44:05.539,blofin,ALGO/USDT:USDT,0.2698,893.0,0.27,988.0,0.2697,586738.0,
1753505045539,04:44:05.539,blofin,ALGO/USDT:USDT,0.2697,894.0,0.27,979.0,0.2697,586738.0,
1753505045539,04:44:05.539,blofin,ALGO/USDT:USDT,0.2698,892.0,0.27,997.0,0.2697,586738.0,
1753505045539,04:44:05.539,blofin,ALGO/USDT:USDT,0.2697,787.0,0.27,1019.0,0.2697,586738.0,
1753505045539,04:44:05.539,blofin,ALGO/USDT:USDT,0.2697,787.0,0.27,1019.0,0.2697,586738.0,
1753505045539,04:44:05.539,blofin,ALGO/USDT:USDT,0.2697,787.0,0.27,1019.0,0.2697,586738.0,
1753505045539,04:44:05.539,blofin,ALGO/USDT:USDT,0.2698,782.0,0.27,1009.0,0.2697,586738.0,
1753505045539,04:44:05.539,blofin,ALGO/USDT:USDT,0.2698,782.0,0.27,1007.0,0.2697,586738.0,
1753505045539,04:44:05.539,blofin,ALGO/USDT:USDT,0.2698,782.0,0.27,1007.0,0.2697,586738.0,
1753505045539,04:44:05.539,blofin,ALGO/USDT:USDT,0.2697,788.0,0.27,1057.0,0.2697,586738.0,
1753505045539,04:44:05.539,blofin,ALGO/USDT:USDT,0.2698,788.0,0.27,1069.0,0.2697,586738.0,
1753505045539,04:44:05.539,blofin,ALGO/USDT:USDT,0.2698,788.0,0.27,1069.0,0.2697,586738.0,
1753505086255,04:44:46.255,blofin,ALGO/USDT:USDT,0.2698,1871.0,0.27,5.0,0.27,586746.0,
1753505086255,04:44:46.255,blofin,ALGO/USDT:USDT,0.2699,1273.0,0.27,5.0,0.27,586746.0,
1753505086255,04:44:46.255,blofin,ALGO/USDT:USDT,0.2699,1278.0,0.27,4.0,0.27,586746.0,
1753505086255,04:44:46.255,blofin,ALGO/USDT:USDT,0.2699,5.0,0.27,4.0,0.27,586746.0,
1753505086255,04:44:46.255,blofin,ALGO/USDT:USDT,0.2699,5.0,0.27,4.0,0.27,586746.0,
1753505086255,04:44:46.255,blofin,ALGO/USDT:USDT,0.2698,1435.0,0.27,4.0,0.27,586746.0,
1753505086255,04:44:46.255,blofin,ALGO/USDT:USDT,0.2699,1273.0,0.27,4.0,0.27,586746.0,
1753505086255,04:44:46.255,blofin,ALGO/USDT:USDT,0.2698,1615.0,0.27,4.0,0.27,586746.0,
1753505091046,04:44:51.046,blofin,ALGO/USDT:USDT,0.2698,1615.0,0.27,4.0,0.27,586752.0,
1753505091046,04:44:51.046,blofin,ALGO/USDT:USDT,0.2698,1435.0,0.27,1331.0,0.27,586752.0,
1753505091046,04:44:51.046,blofin,ALGO/USDT:USDT,0.2695,1528.0,0.2697,73.0,0.27,586752.0,
1753505091046,04:44:51.046,blofin,ALGO/USDT:USDT,0.2695,1528.0,0.2697,73.0,0.27,586752.0,
1753505091046,04:44:51.046,blofin,ALGO/USDT:USDT,0.2694,1176.0,0.2697,1394.0,0.27,586752.0,
1753505091046,04:44:51.046,blofin,ALGO/USDT:USDT,0.2694,1176.0,0.2697,1914.0,0.27,586752.0,
1753505091046,04:44:51.046,blofin,ALGO/USDT:USDT,0.2694,1174.0,0.2697,1914.0,0.27,586752.0,
1753505091046,04:44:51.046,blofin,ALGO/USDT:USDT,0.2694,1174.0,0.2697,1914.0,0.27,586752.0,
1753505091046,04:44:51.046,blofin,ALGO/USDT:USDT,0.2694,1274.0,0.2697,1919.0,0.27,586752.0,
1753505091046,04:44:51.046,blofin,ALGO/USDT:USDT,0.2694,846.0,0.2697,2077.0,0.27,586752.0,
1753505091046,04:44:51.046,blofin,ALGO/USDT:USDT,0.2694,846.0,0.2697,2079.0,0.27,586752.0,
1753505091046,04:44:51.046,blofin,ALGO/USDT:USDT,0.2694,846.0,0.2697,2079.0,0.27,586752.0,
1753505091046,04:44:51.046,blofin,ALGO/USDT:USDT,0.2694,1026.0,0.2697,1921.0,0.27,586752.0,
1753505091046,04:44:51.046,blofin,ALGO/USDT:USDT,0.2695,1024.0,0.2697,1921.0,0.27,586752.0,
1753505091046,04:44:51.046,blofin,ALGO/USDT:USDT,0.2695,1563.0,0.2697,5.0,0.27,586752.0,
1753505091046,04:44:51.046,blofin,ALGO/USDT:USDT,0.2695,544.0,0.2698,2465.0,0.27,586752.0,
1753505091046,04:44:51.046,blofin,ALGO/USDT:USDT,0.2695,546.0,0.2698,2464.0,0.27,586752.0,
1753505091046,04:44:51.046,blofin,ALGO/USDT:USDT,0.2695,554.0,0.2698,2464.0,0.27,586752.0,
1753505091046,04:44:51.046,blofin,ALGO/USDT:USDT,0.2695,554.0,0.2698,2464.0,0.27,586752.0,
1753505091046,04:44:51.046,blofin,ALGO/USDT:USDT,0.2695,552.0,0.2698,2464.0,0.27,586752.0,
1753505091046,04:44:51.046,blofin,ALGO/USDT:USDT,0.2695,285.0,0.2698,1599.0,0.27,586752.0,
1753505091046,04:44:51.046,blofin,ALGO/USDT:USDT,0.2695,287.0,0.2698,1505.0,0.27,586752.0,
1753505091046,04:44:51.046,blofin,ALGO/USDT:USDT,0.2695,287.0,0.2698,1505.0,0.27,586752.0,
1753505091046,04:44:51.046,blofin,ALGO/USDT:USDT,0.2695,1.0,0.2697,1504.0,0.27,586752.0,
1753505091046,04:44:51.046,blofin,ALGO/USDT:USDT,0.2695,542.0,0.2697,2662.0,0.27,586752.0,
1753505091046,04:44:51.046,blofin,ALGO/USDT:USDT,0.2695,542.0,0.2697,2664.0,0.27,586752.0,
1753505104253,04:45:04.253,blofin,ALGO/USDT:USDT,0.2695,542.0,0.2697,2664.0,0.2696,586704.0,
1753505104253,04:45:04.253,blofin,ALGO/USDT:USDT,0.2695,1.0,0.2696,2296.0,0.2696,586704.0,
1753505104253,04:45:04.253,blofin,ALGO/USDT:USDT,0.2695,1.0,0.2696,1316.0,0.2696,586704.0,
1753505104253,04:45:04.253,blofin,ALGO/USDT:USDT,0.2695,1.0,0.2696,1773.0,0.2696,586704.0,
1753505104253,04:45:04.253,blofin,ALGO/USDT:USDT,0.2695,1.0,0.2696,1773.0,0.2696,586704.0,
1753505104253,04:45:04.253,blofin,ALGO/USDT:USDT,0.2695,1.0,0.2696,1773.0,0.2696,586704.0,
1753505104253,04:45:04.253,blofin,ALGO/USDT:USDT,0.2695,1.0,0.2696,1773.0,0.2696,586704.0,
1753505104253,04:45:04.253,blofin,ALGO/USDT:USDT,0.2695,1.0,0.2696,1773.0,0.2696,586704.0,
1753505108479,04:45:08.479,blofin,ALGO/USDT:USDT,0.2695,1.0,0.2696,1873.0,0.2696,586712.0,
1753505108479,04:45:08.479,blofin,ALGO/USDT:USDT,0.2695,1079.0,0.2696,5.0,0.2696,586712.0,
1753505108479,04:45:08.479,blofin,ALGO/USDT:USDT,0.2695,1083.0,0.2697,1089.0,0.2696,586712.0,
1753505108479,04:45:08.479,blofin,ALGO/USDT:USDT,0.2695,1083.0,0.2697,1089.0,0.2696,586712.0,
1753505108479,04:45:08.479,blofin,ALGO/USDT:USDT,0.2695,597.0,0.2697,2422.0,0.2696,586712.0,
1753505108479,04:45:08.479,blofin,ALGO/USDT:USDT,0.2695,597.0,0.2697,2426.0,0.2696,586712.0,
1753505108479,04:45:08.479,blofin,ALGO/USDT:USDT,0.2695,597.0,0.2697,2426.0,0.2696,586712.0,
1753505108479,04:45:08.479,blofin,ALGO/USDT:USDT,0.2695,1.0,0.2697,2526.0,0.2696,586712.0,
1753505108479,04:45:08.479,blofin,ALGO/USDT:USDT,0.2695,1.0,0.2697,2192.0,0.2696,586712.0,
1753505108479,04:45:08.479,blofin,ALGO/USDT:USDT,0.2695,1.0,0.2697,2192.0,0.2696,586712.0,
1753505108479,04:45:08.479,blofin,ALGO/USDT:USDT,0.2695,1.0,0.2697,2792.0,0.2696,586712.0,
1753505108479,04:45:08.479,blofin,ALGO/USDT:USDT,0.2695,1.0,0.2697,2790.0,0.2696,586712.0,
1753505108479,04:45:08.479,blofin,ALGO/USDT:USDT,0.2695,1.0,0.2697,2791.0,0.2696,586712.0,
1753505108479,04:45:08.479,blofin,ALGO/USDT:USDT,0.2695,1.0,0.2697,1826.0,0.2696,586712.0,
1753505108479,04:45:08.479,blofin,ALGO/USDT:USDT,0.2695,1.0,0.2697,1826.0,0.2696,586712.0,
1753505108479,04:45:08.479,blofin,ALGO/USDT:USDT,0.2695,1.0,0.2697,1826.0,0.2696,586712.0,
1753505108479,04:45:08.479,blofin,ALGO/USDT:USDT,0.2695,1.0,0.2697,1753.0,0.2696,586712.0,
1753505108479,04:45:08.479,blofin,ALGO/USDT:USDT,0.2695,540.0,0.2697,2353.0,0.2696,586712.0,
1753505108479,04:45:08.479,blofin,ALGO/USDT:USDT,0.2695,540.0,0.2697,2353.0,0.2696,586712.0,
1753505108479,04:45:08.479,blofin,ALGO/USDT:USDT,0.2695,541.0,0.2697,2350.0,0.2696,586712.0,
1753505108479,04:45:08.479,blofin,ALGO/USDT:USDT,0.2695,2.0,0.2697,2616.0,0.2696,586712.0,
1753505108479,04:45:08.479,blofin,ALGO/USDT:USDT,0.2695,1.0,0.2697,2616.0,0.2696,586712.0,
1753505108479,04:45:08.479,blofin,ALGO/USDT:USDT,0.2695,1.0,0.2697,2616.0,0.2696,586712.0,
1753505108479,04:45:08.479,blofin,ALGO/USDT:USDT,0.2695,450.0,0.2697,3224.0,0.2696,586712.0,
1753505108479,04:45:08.479,blofin,ALGO/USDT:USDT,0.2695,465.0,0.2697,3223.0,0.2696,586712.0,
1753505108479,04:45:08.479,blofin,ALGO/USDT:USDT,0.2695,468.0,0.2697,2957.0,0.2696,586712.0,
1753505108479,04:45:08.479,blofin,ALGO/USDT:USDT,0.2695,468.0,0.2697,2957.0,0.2696,586712.0,
1753505108479,04:45:08.479,blofin,ALGO/USDT:USDT,0.2695,4.0,0.2696,2952.0,0.2696,586712.0,
1753505108479,04:45:08.479,blofin,ALGO/USDT:USDT,0.2695,4.0,0.2696,1471.0,0.2696,586712.0,
1753505108479,04:45:08.479,blofin,ALGO/USDT:USDT,0.2695,1.0,0.2696,1476.0,0.2696,586712.0,
1753505108479,04:45:08.479,blofin,ALGO/USDT:USDT,0.2695,1.0,0.2696,1476.0,0.2696,586712.0,
1753505108479,04:45:08.479,blofin,ALGO/USDT:USDT,0.2695,1.0,0.2696,1478.0,0.2696,586712.0,
1753505108479,04:45:08.479,blofin,ALGO/USDT:USDT,0.2695,1.0,0.2696,1481.0,0.2696,586712.0,
1753505108479,04:45:08.479,blofin,ALGO/USDT:USDT,0.2695,1.0,0.2696,12.0,0.2696,586712.0,
1753505125555,04:45:25.555,blofin,ALGO/USDT:USDT,0.2695,1.0,0.2696,12.0,0.2696,586726.0,
1753505125555,04:45:25.555,blofin,ALGO/USDT:USDT,0.2695,1.0,0.2696,3013.0,0.2696,586726.0,
1753505125555,04:45:25.555,blofin,ALGO/USDT:USDT,0.2693,1.0,0.2696,1595.0,0.2696,586726.0,
1753505125555,04:45:25.555,blofin,ALGO/USDT:USDT,0.2693,2259.0,0.2695,243.0,0.2696,586726.0,
1753505125555,04:45:25.555,blofin,ALGO/USDT:USDT,0.2693,2259.0,0.2695,243.0,0.2696,586726.0,
1753505125555,04:45:25.555,blofin,ALGO/USDT:USDT,0.2694,2482.0,0.2695,4.0,0.2696,586726.0,
1753505125555,04:45:25.555,blofin,ALGO/USDT:USDT,0.2694,5.0,0.2695,4.0,0.2696,586726.0,
1753505125555,04:45:25.555,blofin,ALGO/USDT:USDT,0.2694,5.0,0.2695,4.0,0.2696,586726.0,
1753505125555,04:45:25.555,blofin,ALGO/USDT:USDT,0.2693,290.0,0.2696,1106.0,0.2696,586726.0,
1753505125555,04:45:25.555,blofin,ALGO/USDT:USDT,0.2693,332.0,0.2696,1105.0,0.2696,586726.0,
1753505125555,04:45:25.555,blofin,ALGO/USDT:USDT,0.2693,332.0,0.2696,1137.0,0.2696,586726.0,
1753505125555,04:45:25.555,blofin,ALGO/USDT:USDT,0.2693,336.0,0.2696,1138.0,0.2696,586726.0,
1753505125555,04:45:25.555,blofin,ALGO/USDT:USDT,0.2693,336.0,0.2696,1138.0,0.2696,586726.0,
1753505125555,04:45:25.555,blofin,ALGO/USDT:USDT,0.2693,415.0,0.2696,1136.0,0.2696,586726.0,
1753505125555,04:45:25.555,blofin,ALGO/USDT:USDT,0.2693,415.0,0.2696,1056.0,0.2696,586726.0,
1753505125555,04:45:25.555,blofin,ALGO/USDT:USDT,0.2693,412.0,0.2696,1056.0,0.2696,586726.0,
1753505125555,04:45:25.555,blofin,ALGO/USDT:USDT,0.2694,331.0,0.2696,1058.0,0.2696,586726.0,
1753505125555,04:45:25.555,blofin,ALGO/USDT:USDT,0.2694,334.0,0.2696,1060.0,0.2696,586726.0,
1753505125555,04:45:25.555,blofin,ALGO/USDT:USDT,0.2694,334.0,0.2696,1060.0,0.2696,586726.0,
1753505125555,04:45:25.555,blofin,ALGO/USDT:USDT,0.2694,3.0,0.2695,1054.0,0.2696,586726.0,
1753505125555,04:45:25.555,blofin,ALGO/USDT:USDT,0.2692,3054.0,0.2695,224.0,0.2696,586726.0,
1753505125555,04:45:25.555,blofin,ALGO/USDT:USDT,0.2692,3755.0,0.2695,1071.0,0.2696,586726.0,
1753505125555,04:45:25.555,blofin,ALGO/USDT:USDT,0.2692,3755.0,0.2695,1071.0,0.2696,586726.0,
1753505125555,04:45:25.555,blofin,ALGO/USDT:USDT,0.2692,1.0,0.2695,1112.0,0.2696,586726.0,
1753505125555,04:45:25.555,blofin,ALGO/USDT:USDT,0.2691,3932.0,0.2694,1108.0,0.2696,586726.0,
1753505125555,04:45:25.555,blofin,ALGO/USDT:USDT,0.2691,2560.0,0.2695,5.0,0.2696,586726.0,
1753505125555,04:45:25.555,blofin,ALGO/USDT:USDT,0.2691,2560.0,0.2695,5.0,0.2696,586726.0,
1753505125555,04:45:25.555,blofin,ALGO/USDT:USDT,0.2692,4262.0,0.2695,1440.0,0.2696,586726.0,
1753505125555,04:45:25.555,blofin,ALGO/USDT:USDT,0.2691,4227.0,0.2695,1438.0,0.2696,586726.0,
1753505125555,04:45:25.555,blofin,ALGO/USDT:USDT,0.2691,4227.0,0.2695,1441.0,0.2696,586726.0,
1753505125555,04:45:25.555,blofin,ALGO/USDT:USDT,0.2691,4445.0,0.2695,1441.0,0.2696,586726.0,
1753505125555,04:45:25.555,blofin,ALGO/USDT:USDT,0.2691,4446.0,0.2695,1438.0,0.2696,586726.0,
1753505125555,04:45:25.555,blofin,ALGO/USDT:USDT,0.2692,884.0,0.2695,1404.0,0.2696,586726.0,
1753505125555,04:45:25.555,blofin,ALGO/USDT:USDT,0.2692,884.0,0.2695,1404.0,0.2696,586726.0,
1753505125555,04:45:25.555,blofin,ALGO/USDT:USDT,0.2692,884.0,0.2695,1404.0,0.2696,586726.0,
1753505142754,04:45:42.754,blofin,ALGO/USDT:USDT,0.2692,889.0,0.2695,1407.0,0.2695,586732.0,
1753505142754,04:45:42.754,blofin,ALGO/USDT:USDT,0.2692,3939.0,0.2695,1408.0,0.2695,586732.0,
1753505142754,04:45:42.754,blofin,ALGO/USDT:USDT,0.2692,3939.0,0.2695,1408.0,0.2695,586732.0,
1753505142754,04:45:42.754,blofin,ALGO/USDT:USDT,0.2692,4171.0,0.2695,1405.0,0.2695,586732.0,
1753505142754,04:45:42.754,blofin,ALGO/USDT:USDT,0.2692,4171.0,0.2695,1405.0,0.2695,586732.0,
1753505142754,04:45:42.754,blofin,ALGO/USDT:USDT,0.2693,254.0,0.2695,1405.0,0.2695,586732.0,
1753505142754,04:45:42.754,blofin,ALGO/USDT:USDT,0.2693,3.0,0.2695,1404.0,0.2695,586732.0,
1753505142754,04:45:42.754,blofin,ALGO/USDT:USDT,0.2693,3.0,0.2695,1404.0,0.2695,586732.0,
1753505142754,04:45:42.754,blofin,ALGO/USDT:USDT,0.2693,2.0,0.2695,1404.0,0.2695,586732.0,
1753505142754,04:45:42.754,blofin,ALGO/USDT:USDT,0.2693,2.0,0.2695,807.0,0.2695,586732.0,
1753505142754,04:45:42.754,blofin,ALGO/USDT:USDT,0.2693,2.0,0.2695,807.0,0.2695,586732.0,
1753505142754,04:45:42.754,blofin,ALGO/USDT:USDT,0.2693,2.0,0.2695,1772.0,0.2695,586732.0,
1753505142754,04:45:42.754,blofin,ALGO/USDT:USDT,0.2693,3949.0,0.2695,1408.0,0.2695,586732.0,
1753505142754,04:45:42.754,blofin,ALGO/USDT:USDT,0.2693,2.0,0.2695,810.0,0.2695,586732.0,
1753505142754,04:45:42.754,blofin,ALGO/USDT:USDT,0.2693,2.0,0.2695,810.0,0.2695,586732.0,
1753505142754,04:45:42.754,blofin,ALGO/USDT:USDT,0.2693,2.0,0.2695,810.0,0.2695,586732.0,
1753505142754,04:45:42.754,blofin,ALGO/USDT:USDT,0.2692,901.0,0.2695,810.0,0.2695,586732.0,
1753505142754,04:45:42.754,blofin,ALGO/USDT:USDT,0.2692,897.0,0.2695,810.0,0.2695,586732.0,
1753505142754,04:45:42.754,blofin,ALGO/USDT:USDT,0.2692,897.0,0.2695,810.0,0.2695,586732.0,
1753505142754,04:45:42.754,blofin,ALGO/USDT:USDT,0.2693,2126.0,0.2695,5.0,0.2695,586732.0,
1753505142754,04:45:42.754,blofin,ALGO/USDT:USDT,0.2693,775.0,0.2695,5.0,0.2695,586732.0,
1753505142754,04:45:42.754,blofin,ALGO/USDT:USDT,0.2693,776.0,0.2695,5.0,0.2695,586732.0,
1753505142754,04:45:42.754,blofin,ALGO/USDT:USDT,0.2693,776.0,0.2695,5.0,0.2695,586732.0,
1753505142754,04:45:42.754,blofin,ALGO/USDT:USDT,0.2693,835.0,0.2696,958.0,0.2695,586732.0,
1753505142754,04:45:42.754,blofin,ALGO/USDT:USDT,0.2693,597.0,0.2696,959.0,0.2695,586732.0,
1753505142754,04:45:42.754,blofin,ALGO/USDT:USDT,0.2693,597.0,0.2696,959.0,0.2695,586732.0,
1753505142754,04:45:42.754,blofin,ALGO/USDT:USDT,0.2693,597.0,0.2696,959.0,0.2695,586732.0,
1753505142754,04:45:42.754,blofin,ALGO/USDT:USDT,0.2693,597.0,0.2696,879.0,0.2695,586732.0,
1753505142754,04:45:42.754,blofin,ALGO/USDT:USDT,0.2693,819.0,0.2696,879.0,0.2695,586732.0,
1753505142754,04:45:42.754,blofin,ALGO/USDT:USDT,0.2693,819.0,0.2696,879.0,0.2695,586732.0,
1753505142754,04:45:42.754,blofin,ALGO/USDT:USDT,0.2693,1057.0,0.2696,959.0,0.2695,586732.0,
1753505142754,04:45:42.754,blofin,ALGO/USDT:USDT,0.2693,1057.0,0.2696,960.0,0.2695,586732.0,
1753505142754,04:45:42.754,blofin,ALGO/USDT:USDT,0.2693,1057.0,0.2696,960.0,0.2695,586732.0,
1753505142754,04:45:42.754,blofin,ALGO/USDT:USDT,0.2693,1242.0,0.2696,143.0,0.2695,586732.0,
1753505142754,04:45:42.754,blofin,ALGO/USDT:USDT,0.2693,1604.0,0.2696,143.0,0.2695,586732.0,
1753505142754,04:45:42.754,blofin,ALGO/USDT:USDT,0.2693,1604.0,0.2696,143.0,0.2695,586732.0,
1753505142754,04:45:42.754,blofin,ALGO/USDT:USDT,0.2694,1866.0,0.2696,3.0,0.2695,586732.0,
1753505142754,04:45:42.754,blofin,ALGO/USDT:USDT,0.2695,1036.0,0.2696,2.0,0.2695,586732.0,
1753505142754,04:45:42.754,blofin,ALGO/USDT:USDT,0.2695,1036.0,0.2696,2.0,0.2695,586732.0,
1753505142754,04:45:42.754,blofin,ALGO/USDT:USDT,0.2694,1036.0,0.2696,2.0,0.2695,586732.0,
1753505142754,04:45:42.754,blofin,ALGO/USDT:USDT,0.2694,1036.0,0.2696,2.0,0.2695,586732.0,
1753505142754,04:45:42.754,blofin,ALGO/USDT:USDT,0.2694,1036.0,0.2696,2.0,0.2695,586732.0,
1753505142754,04:45:42.754,blofin,ALGO/USDT:USDT,0.2694,1042.0,0.2697,1493.0,0.2695,586732.0,
1753505165539,04:46:05.539,blofin,ALGO/USDT:USDT,0.2694,1042.0,0.2697,2064.0,0.2695,586652.0,
1753505165539,04:46:05.539,blofin,ALGO/USDT:USDT,0.2694,1042.0,0.2697,2061.0,0.2695,586652.0,
1753505165539,04:46:05.539,blofin,ALGO/USDT:USDT,0.2694,257.0,0.2697,2427.0,0.2695,586652.0,
1753505165539,04:46:05.539,blofin,ALGO/USDT:USDT,0.2694,257.0,0.2697,2427.0,0.2695,586652.0,
1753505165539,04:46:05.539,blofin,ALGO/USDT:USDT,0.2694,7.0,0.2696,484.0,0.2695,586652.0,
1753505165539,04:46:05.539,blofin,ALGO/USDT:USDT,0.2694,2.0,0.2696,486.0,0.2695,586652.0,
1753505165539,04:46:05.539,blofin,ALGO/USDT:USDT,0.2694,2.0,0.2696,634.0,0.2695,586652.0,
1753505168854,04:46:08.854,blofin,ALGO/USDT:USDT,0.2695,1904.0,0.2696,3.0,0.2696,586653.0,
1753505168854,04:46:08.854,blofin,ALGO/USDT:USDT,0.2695,1904.0,0.2696,3.0,0.2696,586653.0,
1753505168854,04:46:08.854,blofin,ALGO/USDT:USDT,0.2694,854.0,0.2697,1792.0,0.2696,586653.0,
1753505168854,04:46:08.854,blofin,ALGO/USDT:USDT,0.2694,384.0,0.2697,2394.0,0.2696,586653.0,
1753505168854,04:46:08.854,blofin,ALGO/USDT:USDT,0.2694,384.0,0.2697,2394.0,0.2696,586653.0,
1753505168854,04:46:08.854,blofin,ALGO/USDT:USDT,0.2694,384.0,0.2697,2392.0,0.2696,586653.0,
1753505168854,04:46:08.854,blofin,ALGO/USDT:USDT,0.2694,387.0,0.2697,2392.0,0.2696,586653.0,
1753505168854,04:46:08.854,blofin,ALGO/USDT:USDT,0.2694,385.0,0.2697,2392.0,0.2696,586653.0,
1753505168854,04:46:08.854,blofin,ALGO/USDT:USDT,0.2695,630.0,0.2697,2392.0,0.2696,586653.0,
1753505168854,04:46:08.854,blofin,ALGO/USDT:USDT,0.2695,630.0,0.2697,2392.0,0.2696,586653.0,
1753505168854,04:46:08.854,blofin,ALGO/USDT:USDT,0.2695,4.0,0.2697,2392.0,0.2696,586653.0,
1753505168854,04:46:08.854,blofin,ALGO/USDT:USDT,0.2694,1165.0,0.2697,2392.0,0.2696,586653.0,
1753505168854,04:46:08.854,blofin,ALGO/USDT:USDT,0.2695,1160.0,0.2697,2392.0,0.2696,586653.0,
1753505168854,04:46:08.854,blofin,ALGO/USDT:USDT,0.2694,799.0,0.2697,2395.0,0.2696,586653.0,
1753505168854,04:46:08.854,blofin,ALGO/USDT:USDT,0.2694,799.0,0.2697,2395.0,0.2696,586653.0,
1753505168854,04:46:08.854,blofin,ALGO/USDT:USDT,0.2694,799.0,0.2697,2391.0,0.2696,586653.0,
1753505168854,04:46:08.854,blofin,ALGO/USDT:USDT,0.2695,784.0,0.2697,2392.0,0.2696,586653.0,
1753505168854,04:46:08.854,blofin,ALGO/USDT:USDT,0.2695,784.0,0.2697,2392.0,0.2696,586653.0,
1753505168854,04:46:08.854,blofin,ALGO/USDT:USDT,0.2695,784.0,0.2697,2473.0,0.2696,586653.0,
1753505168854,04:46:08.854,blofin,ALGO/USDT:USDT,0.2695,784.0,0.2697,2473.0,0.2696,586653.0,
1753505168854,04:46:08.854,blofin,ALGO/USDT:USDT,0.2695,788.0,0.2697,2474.0,0.2696,586653.0,
1753505168854,04:46:08.854,blofin,ALGO/USDT:USDT,0.2695,785.0,0.2697,2474.0,0.2696,586653.0,
1753505168854,04:46:08.854,blofin,ALGO/USDT:USDT,0.2694,1240.0,0.2697,2316.0,0.2696,586653.0,
1753505168854,04:46:08.854,blofin,ALGO/USDT:USDT,0.2694,1240.0,0.2697,1871.0,0.2696,586653.0,
1753505168854,04:46:08.854,blofin,ALGO/USDT:USDT,0.2694,1240.0,0.2697,1871.0,0.2696,586653.0,
1753505168854,04:46:08.854,blofin,ALGO/USDT:USDT,0.2695,1938.0,0.2697,1385.0,0.2696,586653.0,
1753505168854,04:46:08.854,blofin,ALGO/USDT:USDT,0.2695,1940.0,0.2697,1385.0,0.2696,586653.0,
1753505168854,04:46:08.854,blofin,ALGO/USDT:USDT,0.2695,1940.0,0.2697,1385.0,0.2696,586653.0,
1753505168854,04:46:08.854,blofin,ALGO/USDT:USDT,0.2695,1238.0,0.2697,1384.0,0.2696,586653.0,
1753505168854,04:46:08.854,blofin,ALGO/USDT:USDT,0.2694,1577.0,0.2697,1384.0,0.2696,586653.0,
1753505168854,04:46:08.854,blofin,ALGO/USDT:USDT,0.2694,1577.0,0.2697,1386.0,0.2696,586653.0,
1753505168854,04:46:08.854,blofin,ALGO/USDT:USDT,0.2694,713.0,0.2697,1239.0,0.2696,586653.0,
1753505168854,04:46:08.854,blofin,ALGO/USDT:USDT,0.2694,713.0,0.2697,1239.0,0.2696,586653.0,
1753505168854,04:46:08.854,blofin,ALGO/USDT:USDT,0.2694,746.0,0.2697,1942.0,0.2696,586653.0,
1753505168854,04:46:08.854,blofin,ALGO/USDT:USDT,0.2694,742.0,0.2697,1942.0,0.2696,586653.0,
1753505168854,04:46:08.854,blofin,ALGO/USDT:USDT,0.2694,742.0,0.2697,1578.0,0.2696,586653.0,
1753505168854,04:46:08.854,blofin,ALGO/USDT:USDT,0.2694,746.0,0.2697,1578.0,0.2696,586653.0,
1753505168854,04:46:08.854,blofin,ALGO/USDT:USDT,0.2695,739.0,0.2697,1578.0,0.2696,586653.0,
1753505168854,04:46:08.854,blofin,ALGO/USDT:USDT,0.2695,741.0,0.2697,2138.0,0.2696,586653.0,
1753505168854,04:46:08.854,blofin,ALGO/USDT:USDT,0.2695,741.0,0.2697,2138.0,0.2696,586653.0,
1753505168854,04:46:08.854,blofin,ALGO/USDT:USDT,0.2695,2.0,0.2697,2169.0,0.2696,586653.0,
1753505168854,04:46:08.854,blofin,ALGO/USDT:USDT,0.2695,2.0,0.2697,2169.0,0.2696,586653.0,
1753505168854,04:46:08.854,blofin,ALGO/USDT:USDT,0.2695,2.0,0.2697,2169.0,0.2696,586653.0,
1753505168854,04:46:08.854,blofin,ALGO/USDT:USDT,0.2694,596.0,0.2697,2169.0,0.2696,586653.0,
1753505168854,04:46:08.854,blofin,ALGO/USDT:USDT,0.2694,923.0,0.2697,1411.0,0.2696,586653.0,
1753505168854,04:46:08.854,blofin,ALGO/USDT:USDT,0.2694,923.0,0.2697,1411.0,0.2696,586653.0,
1753505168854,04:46:08.854,blofin,ALGO/USDT:USDT,0.2694,820.0,0.2697,2168.0,0.2696,586653.0,
1753505168854,04:46:08.854,blofin,ALGO/USDT:USDT,0.2694,820.0,0.2697,2168.0,0.2696,586653.0,
1753505168854,04:46:08.854,blofin,ALGO/USDT:USDT,0.2694,820.0,0.2697,2168.0,0.2696,586653.0,
1753505168854,04:46:08.854,blofin,ALGO/USDT:USDT,0.2694,488.0,0.2697,2166.0,0.2696,586653.0,
1753505168854,04:46:08.854,blofin,ALGO/USDT:USDT,0.2695,512.0,0.2697,2154.0,0.2696,586653.0,
1753505168854,04:46:08.854,blofin,ALGO/USDT:USDT,0.2695,513.0,0.2697,2154.0,0.2696,586653.0,
1753505168854,04:46:08.854,blofin,ALGO/USDT:USDT,0.2695,513.0,0.2697,2154.0,0.2696,586653.0,
1753505168854,04:46:08.854,blofin,ALGO/USDT:USDT,0.2694,518.0,0.2697,2153.0,0.2696,586653.0,
1753505168854,04:46:08.854,blofin,ALGO/USDT:USDT,0.2695,512.0,0.2697,2153.0,0.2696,586653.0,
1753505168854,04:46:08.854,blofin,ALGO/USDT:USDT,0.2695,512.0,0.2697,2153.0,0.2696,586653.0,
1753505168854,04:46:08.854,blofin,ALGO/USDT:USDT,0.2694,518.0,0.2697,2153.0,0.2696,586653.0,
1753505168854,04:46:08.854,blofin,ALGO/USDT:USDT,0.2694,518.0,0.2697,2153.0,0.2696,586653.0,
1753505168854,04:46:08.854,blofin,ALGO/USDT:USDT,0.2694,520.0,0.2697,2524.0,0.2696,586653.0,
1753505168854,04:46:08.854,blofin,ALGO/USDT:USDT,0.2694,520.0,0.2697,2524.0,0.2696,586653.0,
1753505168854,04:46:08.854,blofin,ALGO/USDT:USDT,0.2694,520.0,0.2697,2524.0,0.2696,586653.0,
1753505168854,04:46:08.854,blofin,ALGO/USDT:USDT,0.2695,535.0,0.2697,1557.0,0.2696,586653.0,
1753505168854,04:46:08.854,blofin,ALGO/USDT:USDT,0.2694,1043.0,0.2697,1410.0,0.2696,586653.0,
1753505168854,04:46:08.854,blofin,ALGO/USDT:USDT,0.2694,1043.0,0.2697,1410.0,0.2696,586653.0,
1753505168854,04:46:08.854,blofin,ALGO/USDT:USDT,0.2694,787.0,0.2697,1320.0,0.2696,586653.0,
1753505168854,04:46:08.854,blofin,ALGO/USDT:USDT,0.2694,787.0,0.2697,1320.0,0.2696,586653.0,
1753505168854,04:46:08.854,blofin,ALGO/USDT:USDT,0.2694,1716.0,0.2697,1162.0,0.2696,586653.0,
1753505168854,04:46:08.854,blofin,ALGO/USDT:USDT,0.2694,1718.0,0.2697,1162.0,0.2696,586653.0,
1753505168854,04:46:08.854,blofin,ALGO/USDT:USDT,0.2694,1849.0,0.2697,1316.0,0.2696,586653.0,
1753505168854,04:46:08.854,blofin,ALGO/USDT:USDT,0.2694,1849.0,0.2697,1316.0,0.2696,586653.0,
1753505168854,04:46:08.854,blofin,ALGO/USDT:USDT,0.2694,1672.0,0.2697,539.0,0.2696,586653.0,
1753505168854,04:46:08.854,blofin,ALGO/USDT:USDT,0.2694,1674.0,0.2697,539.0,0.2696,586653.0,
1753505168854,04:46:08.854,blofin,ALGO/USDT:USDT,0.2694,1930.0,0.2697,154.0,0.2696,586653.0,
1753505168854,04:46:08.854,blofin,ALGO/USDT:USDT,0.2694,1930.0,0.2697,155.0,0.2696,586653.0,
1753505168854,04:46:08.854,blofin,ALGO/USDT:USDT,0.2694,1930.0,0.2697,155.0,0.2696,586653.0,
1753505168854,04:46:08.854,blofin,ALGO/USDT:USDT,0.2694,1493.0,0.2697,875.0,0.2696,586653.0,
1753505168854,04:46:08.854,blofin,ALGO/USDT:USDT,0.2695,1938.0,0.2697,232.0,0.2696,586653.0,
1753505168854,04:46:08.854,blofin,ALGO/USDT:USDT,0.2695,1938.0,0.2697,233.0,0.2696,586653.0,
1753505168854,04:46:08.854,blofin,ALGO/USDT:USDT,0.2695,892.0,0.2697,616.0,0.2696,586653.0,
1753505168854,04:46:08.854,blofin,ALGO/USDT:USDT,0.2695,892.0,0.2697,616.0,0.2696,586653.0,
1753505168854,04:46:08.854,blofin,ALGO/USDT:USDT,0.2695,1641.0,0.2697,616.0,0.2696,586653.0,
1753505168854,04:46:08.854,blofin,ALGO/USDT:USDT,0.2695,1641.0,0.2697,616.0,0.2696,586653.0,
1753505168854,04:46:08.854,blofin,ALGO/USDT:USDT,0.2695,1976.0,0.2697,151.0,0.2696,586653.0,
1753505168854,04:46:08.854,blofin,ALGO/USDT:USDT,0.2695,1976.0,0.2697,151.0,0.2696,586653.0,
1753505168854,04:46:08.854,blofin,ALGO/USDT:USDT,0.2695,2.0,0.2697,143.0,0.2696,586653.0,
1753505168854,04:46:08.854,blofin,ALGO/USDT:USDT,0.2695,2.0,0.2697,143.0,0.2696,586653.0,
1753505168854,04:46:08.854,blofin,ALGO/USDT:USDT,0.2695,2.0,0.2697,384.0,0.2696,586653.0,
1753505168854,04:46:08.854,blofin,ALGO/USDT:USDT,0.2695,2.0,0.2697,388.0,0.2696,586653.0,
1753505168854,04:46:08.854,blofin,ALGO/USDT:USDT,0.2694,1696.0,0.2697,719.0,0.2696,586653.0,
1753505168854,04:46:08.854,blofin,ALGO/USDT:USDT,0.2694,1696.0,0.2697,719.0,0.2696,586653.0,
1753505168854,04:46:08.854,blofin,ALGO/USDT:USDT,0.2694,1696.0,0.2697,719.0,0.2696,586653.0,
1753505168854,04:46:08.854,blofin,ALGO/USDT:USDT,0.2694,1016.0,0.2697,1597.0,0.2696,586653.0,
1753505168854,04:46:08.854,blofin,ALGO/USDT:USDT,0.2694,1014.0,0.2697,1331.0,0.2696,586653.0,
1753505168854,04:46:08.854,blofin,ALGO/USDT:USDT,0.2694,1015.0,0.2697,1331.0,0.2696,586653.0,
1753505168854,04:46:08.854,blofin,ALGO/USDT:USDT,0.2695,1007.0,0.2697,1597.0,0.2696,586653.0,
1753505168854,04:46:08.854,blofin,ALGO/USDT:USDT,0.2695,1007.0,0.2697,1597.0,0.2696,586653.0,
1753505168854,04:46:08.854,blofin,ALGO/USDT:USDT,0.2695,1007.0,0.2697,1597.0,0.2696,586653.0,
1753505168854,04:46:08.854,blofin,ALGO/USDT:USDT,0.2694,1432.0,0.2697,1087.0,0.2696,586653.0,
1753505168854,04:46:08.854,blofin,ALGO/USDT:USDT,0.2694,1531.0,0.2697,159.0,0.2696,586653.0,
1753505168854,04:46:08.854,blofin,ALGO/USDT:USDT,0.2696,92.0,0.2697,156.0,0.2696,586653.0,
1753505168854,04:46:08.854,blofin,ALGO/USDT:USDT,0.2696,92.0,0.2697,156.0,0.2696,586653.0,
1753505168854,04:46:08.854,blofin,ALGO/USDT:USDT,0.2696,92.0,0.2697,159.0,0.2696,586653.0,
1753505168854,04:46:08.854,blofin,ALGO/USDT:USDT,0.2696,92.0,0.2697,3.0,0.2696,586653.0,
1753505168854,04:46:08.854,blofin,ALGO/USDT:USDT,0.2696,92.0,0.2697,3.0,0.2696,586653.0,
1753505168854,04:46:08.854,blofin,ALGO/USDT:USDT,0.2696,1914.0,0.2697,3.0,0.2696,586653.0,
1753505168854,04:46:08.854,blofin,ALGO/USDT:USDT,0.2696,95.0,0.2697,3.0,0.2696,586653.0,
1753505168854,04:46:08.854,blofin,ALGO/USDT:USDT,0.2696,95.0,0.2697,3.0,0.2696,586653.0,
1753505168854,04:46:08.854,blofin,ALGO/USDT:USDT,0.2696,95.0,0.2697,3.0,0.2696,586653.0,
1753505168854,04:46:08.854,blofin,ALGO/USDT:USDT,0.2696,95.0,0.2698,506.0,0.2696,586653.0,
1753505168854,04:46:08.854,blofin,ALGO/USDT:USDT,0.2696,92.0,0.2698,1108.0,0.2696,586653.0,
1753505225539,04:47:05.539,blofin,ALGO/USDT:USDT,0.2696,92.0,0.2698,1108.0,0.2696,586635.0,
1753505225539,04:47:05.539,blofin,ALGO/USDT:USDT,0.2696,92.0,0.2698,1108.0,0.2696,586635.0,
1753505225539,04:47:05.539,blofin,ALGO/USDT:USDT,0.2696,92.0,0.2698,1125.0,0.2696,586635.0,
1753505225539,04:47:05.539,blofin,ALGO/USDT:USDT,0.2696,92.0,0.2698,1125.0,0.2696,586635.0,
1753505225539,04:47:05.539,blofin,ALGO/USDT:USDT,0.2696,1869.0,0.2698,510.0,0.2696,586635.0,
1753505225539,04:47:05.539,blofin,ALGO/USDT:USDT,0.2696,2142.0,0.2698,504.0,0.2696,586635.0,
1753505225539,04:47:05.539,blofin,ALGO/USDT:USDT,0.2696,2142.0,0.2698,504.0,0.2696,586635.0,
1753505225539,04:47:05.539,blofin,ALGO/USDT:USDT,0.2696,92.0,0.2698,516.0,0.2696,586635.0,
1753505225539,04:47:05.539,blofin,ALGO/USDT:USDT,0.2696,92.0,0.2698,617.0,0.2696,586635.0,
1753505225539,04:47:05.539,blofin,ALGO/USDT:USDT,0.2696,92.0,0.2698,617.0,0.2696,586635.0,
1753505225539,04:47:05.539,blofin,ALGO/USDT:USDT,0.2696,92.0,0.2698,617.0,0.2696,586635.0,
1753505225539,04:47:05.539,blofin,ALGO/USDT:USDT,0.2696,765.0,0.2698,514.0,0.2696,586635.0,
1753505225539,04:47:05.539,blofin,ALGO/USDT:USDT,0.2696,94.0,0.2697,1161.0,0.2696,586635.0,
1753505225539,04:47:05.539,blofin,ALGO/USDT:USDT,0.2696,94.0,0.2697,1166.0,0.2696,586635.0,
1753505233411,04:47:13.411,blofin,ALGO/USDT:USDT,0.2695,7.0,0.2696,969.0,0.2696,586727.0,
1753505233411,04:47:13.411,blofin,ALGO/USDT:USDT,0.2695,7.0,0.2696,969.0,0.2696,586727.0,
1753505233411,04:47:13.411,blofin,ALGO/USDT:USDT,0.2695,3.0,0.2696,974.0,0.2696,586727.0,
1753505233411,04:47:13.411,blofin,ALGO/USDT:USDT,0.2695,3.0,0.2696,616.0,0.2696,586727.0,
1753505233411,04:47:13.411,blofin,ALGO/USDT:USDT,0.2695,3.0,0.2696,944.0,0.2696,586727.0,
1753505233411,04:47:13.411,blofin,ALGO/USDT:USDT,0.2695,3.0,0.2696,944.0,0.2696,586727.0,
1753505233411,04:47:13.411,blofin,ALGO/USDT:USDT,0.2695,3.0,0.2696,1544.0,0.2696,586727.0,
1753505233411,04:47:13.411,blofin,ALGO/USDT:USDT,0.2695,3.0,0.2696,1544.0,0.2696,586727.0,
1753505233411,04:47:13.411,blofin,ALGO/USDT:USDT,0.2695,3.0,0.2696,1544.0,0.2696,586727.0,
1753505233411,04:47:13.411,blofin,ALGO/USDT:USDT,0.2695,3.0,0.2696,1544.0,0.2696,586727.0,
1753505233411,04:47:13.411,blofin,ALGO/USDT:USDT,0.2695,3.0,0.2696,1544.0,0.2696,586727.0,
1753505233411,04:47:13.411,blofin,ALGO/USDT:USDT,0.2695,3.0,0.2696,1816.0,0.2696,586727.0,
1753505233411,04:47:13.411,blofin,ALGO/USDT:USDT,0.2695,3.0,0.2696,1450.0,0.2696,586727.0,
1753505233411,04:47:13.411,blofin,ALGO/USDT:USDT,0.2695,3.0,0.2696,1450.0,0.2696,586727.0,
1753505233411,04:47:13.411,blofin,ALGO/USDT:USDT,0.2695,3.0,0.2696,1450.0,0.2696,586727.0,
1753505233411,04:47:13.411,blofin,ALGO/USDT:USDT,0.2695,3.0,0.2696,1450.0,0.2696,586727.0,
1753505233411,04:47:13.411,blofin,ALGO/USDT:USDT,0.2695,3.0,0.2696,1622.0,0.2696,586727.0,
1753505233411,04:47:13.411,blofin,ALGO/USDT:USDT,0.2695,3.0,0.2696,1622.0,0.2696,586727.0,
1753505233411,04:47:13.411,blofin,ALGO/USDT:USDT,0.2695,3.0,0.2696,1622.0,0.2696,586727.0,
1753505233411,04:47:13.411,blofin,ALGO/USDT:USDT,0.2695,3.0,0.2696,1623.0,0.2696,586727.0,
1753505233411,04:47:13.411,blofin,ALGO/USDT:USDT,0.2695,3.0,0.2696,1619.0,0.2696,586727.0,
1753505233411,04:47:13.411,blofin,ALGO/USDT:USDT,0.2695,3.0,0.2696,1619.0,0.2696,586727.0,
1753505233411,04:47:13.411,blofin,ALGO/USDT:USDT,0.2695,3.0,0.2696,1619.0,0.2696,586727.0,
1753505233411,04:47:13.411,blofin,ALGO/USDT:USDT,0.2695,3.0,0.2696,1985.0,0.2696,586727.0,
1753505233411,04:47:13.411,blofin,ALGO/USDT:USDT,0.2695,3.0,0.2696,1985.0,0.2696,586727.0,
1753505233411,04:47:13.411,blofin,ALGO/USDT:USDT,0.2695,3.0,0.2696,1986.0,0.2696,586727.0,
1753505233411,04:47:13.411,blofin,ALGO/USDT:USDT,0.2695,3.0,0.2696,1020.0,0.2696,586727.0,
1753505233411,04:47:13.411,blofin,ALGO/USDT:USDT,0.2695,3.0,0.2696,1602.0,0.2696,586727.0,
1753505233411,04:47:13.411,blofin,ALGO/USDT:USDT,0.2695,3.0,0.2696,1602.0,0.2696,586727.0,
1753505233411,04:47:13.411,blofin,ALGO/USDT:USDT,0.2695,3.0,0.2696,1602.0,0.2696,586727.0,
1753505233411,04:47:13.411,blofin,ALGO/USDT:USDT,0.2695,3.0,0.2696,1602.0,0.2696,586727.0,
1753505233411,04:47:13.411,blofin,ALGO/USDT:USDT,0.2695,3.0,0.2696,1602.0,0.2696,586727.0,
1753505233411,04:47:13.411,blofin,ALGO/USDT:USDT,0.2695,3.0,0.2696,1446.0,0.2696,586727.0,
1753505233411,04:47:13.411,blofin,ALGO/USDT:USDT,0.2695,3.0,0.2696,2236.0,0.2696,586727.0,
1753505233411,04:47:13.411,blofin,ALGO/USDT:USDT,0.2695,3.0,0.2696,2238.0,0.2696,586727.0,
1753505233411,04:47:13.411,blofin,ALGO/USDT:USDT,0.2695,3.0,0.2696,2238.0,0.2696,586727.0,
1753505233411,04:47:13.411,blofin,ALGO/USDT:USDT,0.2695,3.0,0.2696,2078.0,0.2696,586727.0,
1753505233411,04:47:13.411,blofin,ALGO/USDT:USDT,0.2695,3.0,0.2696,2078.0,0.2696,586727.0,
1753505233411,04:47:13.411,blofin,ALGO/USDT:USDT,0.2695,3.0,0.2696,2602.0,0.2696,586727.0,
1753505233411,04:47:13.411,blofin,ALGO/USDT:USDT,0.2695,3.0,0.2696,2602.0,0.2696,586727.0,
1753505233411,04:47:13.411,blofin,ALGO/USDT:USDT,0.2694,5.0,0.2696,2610.0,0.2696,586727.0,
1753505233411,04:47:13.411,blofin,ALGO/USDT:USDT,0.2694,5.0,0.2696,2610.0,0.2696,586727.0,
1753505233411,04:47:13.411,blofin,ALGO/USDT:USDT,0.2694,5.0,0.2696,2086.0,0.2696,586727.0,
1753505233411,04:47:13.411,blofin,ALGO/USDT:USDT,0.2694,5.0,0.2696,2085.0,0.2696,586727.0,
1753505233411,04:47:13.411,blofin,ALGO/USDT:USDT,0.2694,5.0,0.2696,2085.0,0.2696,586727.0,
1753505233411,04:47:13.411,blofin,ALGO/USDT:USDT,0.2694,5.0,0.2696,2610.0,0.2696,586727.0,
1753505233411,04:47:13.411,blofin,ALGO/USDT:USDT,0.2694,507.0,0.2696,2609.0,0.2696,586727.0,
1753505233411,04:47:13.411,blofin,ALGO/USDT:USDT,0.2694,507.0,0.2696,2609.0,0.2696,586727.0,
1753505233411,04:47:13.411,blofin,ALGO/USDT:USDT,0.2694,5.0,0.2696,1985.0,0.2696,586727.0,
1753505233411,04:47:13.411,blofin,ALGO/USDT:USDT,0.2694,5.0,0.2696,1985.0,0.2696,586727.0,
1753505233411,04:47:13.411,blofin,ALGO/USDT:USDT,0.2694,5.0,0.2696,1985.0,0.2696,586727.0,
1753505233411,04:47:13.411,blofin,ALGO/USDT:USDT,0.2694,5.0,0.2696,2246.0,0.2696,586727.0,
1753505233411,04:47:13.411,blofin,ALGO/USDT:USDT,0.2694,5.0,0.2696,1643.0,0.2696,586727.0,
1753505233411,04:47:13.411,blofin,ALGO/USDT:USDT,0.2694,5.0,0.2696,1643.0,0.2696,586727.0,
1753505233411,04:47:13.411,blofin,ALGO/USDT:USDT,0.2694,5.0,0.2696,1645.0,0.2696,586727.0,
1753505233411,04:47:13.411,blofin,ALGO/USDT:USDT,0.2694,1664.0,0.2696,8.0,0.2696,586727.0,
1753505233411,04:47:13.411,blofin,ALGO/USDT:USDT,0.2694,1664.0,0.2696,8.0,0.2696,586727.0,
1753505233411,04:47:13.411,blofin,ALGO/USDT:USDT,0.2694,1039.0,0.2696,8.0,0.2696,586727.0,
1753505233411,04:47:13.411,blofin,ALGO/USDT:USDT,0.2695,1033.0,0.2696,8.0,0.2696,586727.0,
1753505233411,04:47:13.411,blofin,ALGO/USDT:USDT,0.2694,5.0,0.2696,248.0,0.2696,586727.0,
1753505233411,04:47:13.411,blofin,ALGO/USDT:USDT,0.2694,5.0,0.2696,248.0,0.2696,586727.0,
1753505233411,04:47:13.411,blofin,ALGO/USDT:USDT,0.2694,5.0,0.2695,1450.0,0.2696,586727.0,
1753505233411,04:47:13.411,blofin,ALGO/USDT:USDT,0.2694,5.0,0.2695,1430.0,0.2696,586727.0,
1753505233411,04:47:13.411,blofin,ALGO/USDT:USDT,0.2694,5.0,0.2695,1430.0,0.2696,586727.0,
1753505233411,04:47:13.411,blofin,ALGO/USDT:USDT,0.2694,5.0,0.2695,572.0,0.2696,586727.0,
1753505233411,04:47:13.411,blofin,ALGO/USDT:USDT,0.2694,5.0,0.2695,572.0,0.2696,586727.0,
1753505233411,04:47:13.411,blofin,ALGO/USDT:USDT,0.2694,5.0,0.2695,1320.0,0.2696,586727.0,
1753505233411,04:47:13.411,blofin,ALGO/USDT:USDT,0.2694,5.0,0.2695,1320.0,0.2696,586727.0,
1753505233411,04:47:13.411,blofin,ALGO/USDT:USDT,0.2694,5.0,0.2695,720.0,0.2696,586727.0,
1753505233411,04:47:13.411,blofin,ALGO/USDT:USDT,0.2694,5.0,0.2695,723.0,0.2696,586727.0,
1753505233411,04:47:13.411,blofin,ALGO/USDT:USDT,0.2694,5.0,0.2695,723.0,0.2696,586727.0,
1753505269858,04:47:49.858,blofin,ALGO/USDT:USDT,0.2694,5.0,0.2695,1224.0,0.2694,586732.0,
1753505269858,04:47:49.858,blofin,ALGO/USDT:USDT,0.2694,5.0,0.2695,1224.0,0.2694,586732.0,
1753505269858,04:47:49.858,blofin,ALGO/USDT:USDT,0.2693,2580.0,0.2695,1439.0,0.2694,586732.0,
1753505269858,04:47:49.858,blofin,ALGO/USDT:USDT,0.2692,3903.0,0.2695,1075.0,0.2694,586732.0,
1753505269858,04:47:49.858,blofin,ALGO/USDT:USDT,0.2692,3903.0,0.2695,1075.0,0.2694,586732.0,
1753505269858,04:47:49.858,blofin,ALGO/USDT:USDT,0.2692,2.0,0.2694,1072.0,0.2694,586732.0,
1753505269858,04:47:49.858,blofin,ALGO/USDT:USDT,0.2692,2269.0,0.2694,323.0,0.2694,586732.0,
1753505273579,04:47:53.579,blofin,ALGO/USDT:USDT,0.2692,1675.0,0.2694,323.0,0.2693,586743.0,
1753505273579,04:47:53.579,blofin,ALGO/USDT:USDT,0.2692,1675.0,0.2694,323.0,0.2693,586743.0,
1753505273579,04:47:53.579,blofin,ALGO/USDT:USDT,0.2691,794.0,0.2694,1075.0,0.2693,586743.0,
1753505273579,04:47:53.579,blofin,ALGO/USDT:USDT,0.2691,4.0,0.2693,1178.0,0.2693,586743.0,
1753505273579,04:47:53.579,blofin,ALGO/USDT:USDT,0.2691,4.0,0.2693,443.0,0.2693,586743.0,
1753505273579,04:47:53.579,blofin,ALGO/USDT:USDT,0.2691,735.0,0.2693,1302.0,0.2693,586743.0,
1753505273579,04:47:53.579,blofin,ALGO/USDT:USDT,0.2691,735.0,0.2693,1302.0,0.2693,586743.0,
1753505273579,04:47:53.579,blofin,ALGO/USDT:USDT,0.2691,1360.0,0.2693,691.0,0.2693,586743.0,
1753505273579,04:47:53.579,blofin,ALGO/USDT:USDT,0.2691,1360.0,0.2693,695.0,0.2693,586743.0,
1753505273579,04:47:53.579,blofin,ALGO/USDT:USDT,0.2691,1.0,0.2693,88.0,0.2693,586743.0,
1753505273579,04:47:53.579,blofin,ALGO/USDT:USDT,0.2691,1455.0,0.2693,332.0,0.2693,586743.0,
1753505273579,04:47:53.579,blofin,ALGO/USDT:USDT,0.2691,1455.0,0.2693,332.0,0.2693,586743.0,
1753505280449,04:48:00.449,blofin,ALGO/USDT:USDT,0.2691,1458.0,0.2693,332.0,0.2693,586726.0,
1753505280449,04:48:00.449,blofin,ALGO/USDT:USDT,0.2692,1821.0,0.2693,4.0,0.2693,586726.0,
1753505280449,04:48:00.449,blofin,ALGO/USDT:USDT,0.2692,1821.0,0.2693,4.0,0.2693,586726.0,
1753505280449,04:48:00.449,blofin,ALGO/USDT:USDT,0.2691,945.0,0.2693,4.0,0.2693,586726.0,
1753505280449,04:48:00.449,blofin,ALGO/USDT:USDT,0.2691,499.0,0.2694,1300.0,0.2693,586726.0,
1753505283046,04:48:03.046,blofin,ALGO/USDT:USDT,0.2691,499.0,0.2694,1300.0,0.2691,586741.0,
1753505283046,04:48:03.046,blofin,ALGO/USDT:USDT,0.2691,499.0,0.2694,1300.0,0.2691,586741.0,
1753505283046,04:48:03.046,blofin,ALGO/USDT:USDT,0.2691,1.0,0.2693,1272.0,0.2691,586741.0,
1753505283046,04:48:03.046,blofin,ALGO/USDT:USDT,0.2691,1.0,0.2693,1272.0,0.2691,586741.0,
1753505283046,04:48:03.046,blofin,ALGO/USDT:USDT,0.2691,1139.0,0.2693,1596.0,0.2691,586741.0,
1753505283046,04:48:03.046,blofin,ALGO/USDT:USDT,0.2691,1.0,0.2693,1600.0,0.2691,586741.0,
1753505283046,04:48:03.046,blofin,ALGO/USDT:USDT,0.2691,1.0,0.2693,1600.0,0.2691,586741.0,
1753505283046,04:48:03.046,blofin,ALGO/USDT:USDT,0.269,1143.0,0.2693,1600.0,0.2691,586741.0,
1753505283046,04:48:03.046,blofin,ALGO/USDT:USDT,0.2691,1216.0,0.2693,836.0,0.2691,586741.0,
1753505283046,04:48:03.046,blofin,ALGO/USDT:USDT,0.269,1222.0,0.2693,470.0,0.2691,586741.0,
1753505283046,04:48:03.046,blofin,ALGO/USDT:USDT,0.269,1222.0,0.2693,470.0,0.2691,586741.0,
1753505283046,04:48:03.046,blofin,ALGO/USDT:USDT,0.2691,1215.0,0.2693,737.0,0.2691,586741.0,
1753505283046,04:48:03.046,blofin,ALGO/USDT:USDT,0.2691,1215.0,0.2693,737.0,0.2691,586741.0,
1753505283046,04:48:03.046,blofin,ALGO/USDT:USDT,0.269,1222.0,0.2693,474.0,0.2691,586741.0,
1753505290246,04:48:10.246,blofin,ALGO/USDT:USDT,0.269,1222.0,0.2693,474.0,0.2693,586745.0,
1753505290246,04:48:10.246,blofin,ALGO/USDT:USDT,0.2692,1711.0,0.2693,9.0,0.2693,586745.0,
1753505290246,04:48:10.246,blofin,ALGO/USDT:USDT,0.2692,1711.0,0.2693,9.0,0.2693,586745.0,
1753505290246,04:48:10.246,blofin,ALGO/USDT:USDT,0.2692,1159.0,0.2693,9.0,0.2693,586745.0,
1753505290246,04:48:10.246,blofin,ALGO/USDT:USDT,0.2692,1354.0,0.2693,9.0,0.2693,586745.0,
1753505290246,04:48:10.246,blofin,ALGO/USDT:USDT,0.2692,1354.0,0.2693,5.0,0.2693,586745.0,
1753505290246,04:48:10.246,blofin,ALGO/USDT:USDT,0.2692,1354.0,0.2693,5.0,0.2693,586745.0,
1753505290246,04:48:10.246,blofin,ALGO/USDT:USDT,0.2692,1720.0,0.2693,5.0,0.2693,586745.0,
1753505290246,04:48:10.246,blofin,ALGO/USDT:USDT,0.2692,3033.0,0.2693,5.0,0.2693,586745.0,
1753505290246,04:48:10.246,blofin,ALGO/USDT:USDT,0.2692,3033.0,0.2693,5.0,0.2693,586745.0,
1753505290246,04:48:10.246,blofin,ALGO/USDT:USDT,0.2692,3033.0,0.2693,5.0,0.2693,586745.0,
1753505290246,04:48:10.246,blofin,ALGO/USDT:USDT,0.2692,3033.0,0.2693,5.0,0.2693,586745.0,
1753505290246,04:48:10.246,blofin,ALGO/USDT:USDT,0.2692,3033.0,0.2693,5.0,0.2693,586745.0,
1753505290246,04:48:10.246,blofin,ALGO/USDT:USDT,0.2692,3033.0,0.2693,5.0,0.2693,586745.0,
1753505290246,04:48:10.246,blofin,ALGO/USDT:USDT,0.2692,2665.0,0.2693,5.0,0.2693,586745.0,
1753505290246,04:48:10.246,blofin,ALGO/USDT:USDT,0.2692,2665.0,0.2693,5.0,0.2693,586745.0,
1753505290246,04:48:10.246,blofin,ALGO/USDT:USDT,0.2692,2665.0,0.2693,5.0,0.2693,586745.0,
1753505290246,04:48:10.246,blofin,ALGO/USDT:USDT,0.2693,1914.0,0.2695,2147.0,0.2693,586745.0,
1753505290246,04:48:10.246,blofin,ALGO/USDT:USDT,0.2692,2367.0,0.2695,1405.0,0.2693,586745.0,
1753505290246,04:48:10.246,blofin,ALGO/USDT:USDT,0.2692,2367.0,0.2695,1405.0,0.2693,586745.0,
1753505290246,04:48:10.246,blofin,ALGO/USDT:USDT,0.2692,2367.0,0.2695,1405.0,0.2693,586745.0,
1753505290246,04:48:10.246,blofin,ALGO/USDT:USDT,0.2692,2608.0,0.2695,1616.0,0.2693,586745.0,
1753505290246,04:48:10.246,blofin,ALGO/USDT:USDT,0.2692,2608.0,0.2695,1616.0,0.2693,586745.0,
1753505290246,04:48:10.246,blofin,ALGO/USDT:USDT,0.2692,2008.0,0.2695,1795.0,0.2693,586745.0,
1753505290246,04:48:10.246,blofin,ALGO/USDT:USDT,0.2692,2008.0,0.2695,1795.0,0.2693,586745.0,
1753505290246,04:48:10.246,blofin,ALGO/USDT:USDT,0.2692,2008.0,0.2695,1795.0,0.2693,586745.0,
1753505290246,04:48:10.246,blofin,ALGO/USDT:USDT,0.2692,2508.0,0.2695,1795.0,0.2693,586745.0,
1753505290246,04:48:10.246,blofin,ALGO/USDT:USDT,0.2692,2412.0,0.2695,2081.0,0.2693,586745.0,
1753505290246,04:48:10.246,blofin,ALGO/USDT:USDT,0.2692,1.0,0.2694,1711.0,0.2693,586745.0,
1753505290246,04:48:10.246,blofin,ALGO/USDT:USDT,0.2691,815.0,0.2694,1711.0,0.2693,586745.0,
1753505290246,04:48:10.246,blofin,ALGO/USDT:USDT,0.2691,815.0,0.2694,1711.0,0.2693,586745.0,
1753505290246,04:48:10.246,blofin,ALGO/USDT:USDT,0.2691,178.0,0.2694,1815.0,0.2693,586745.0,
1753505290246,04:48:10.246,blofin,ALGO/USDT:USDT,0.2691,257.0,0.2694,2276.0,0.2693,586745.0,
1753505290246,04:48:10.246,blofin,ALGO/USDT:USDT,0.2691,257.0,0.2694,2276.0,0.2693,586745.0,
1753505290246,04:48:10.246,blofin,ALGO/USDT:USDT,0.2691,257.0,0.2694,2276.0,0.2693,586745.0,
1753505290246,04:48:10.246,blofin,ALGO/USDT:USDT,0.2691,36.0,0.2694,2320.0,0.2693,586745.0,
1753505290246,04:48:10.246,blofin,ALGO/USDT:USDT,0.2691,36.0,0.2694,2320.0,0.2693,586745.0,
1753505290246,04:48:10.246,blofin,ALGO/USDT:USDT,0.2691,37.0,0.2694,2319.0,0.2693,586745.0,
1753505290246,04:48:10.246,blofin,ALGO/USDT:USDT,0.269,1047.0,0.2693,1375.0,0.2693,586745.0,
1753505290246,04:48:10.246,blofin,ALGO/USDT:USDT,0.269,1047.0,0.2693,1375.0,0.2693,586745.0,
1753505290246,04:48:10.246,blofin,ALGO/USDT:USDT,0.269,1047.0,0.2693,1377.0,0.2693,586745.0,
1753505290246,04:48:10.246,blofin,ALGO/USDT:USDT,0.269,109.0,0.2693,1527.0,0.2693,586745.0,
1753505290246,04:48:10.246,blofin,ALGO/USDT:USDT,0.269,109.0,0.2693,1527.0,0.2693,586745.0,
1753505290246,04:48:10.246,blofin,ALGO/USDT:USDT,0.269,870.0,0.2693,1178.0,0.2693,586745.0,
1753505290246,04:48:10.246,blofin,ALGO/USDT:USDT,0.269,871.0,0.2693,1178.0,0.2693,586745.0,
1753505290246,04:48:10.246,blofin,ALGO/USDT:USDT,0.269,871.0,0.2693,1178.0,0.2693,586745.0,
1753505290246,04:48:10.246,blofin,ALGO/USDT:USDT,0.2691,687.0,0.2693,1279.0,0.2693,586745.0,
1753505290246,04:48:10.246,blofin,ALGO/USDT:USDT,0.269,96.0,0.2693,2032.0,0.2693,586745.0,
1753505290246,04:48:10.246,blofin,ALGO/USDT:USDT,0.269,96.0,0.2693,2032.0,0.2693,586745.0,
1753505290246,04:48:10.246,blofin,ALGO/USDT:USDT,0.2691,836.0,0.2693,1181.0,0.2693,586745.0,
1753505290246,04:48:10.246,blofin,ALGO/USDT:USDT,0.2691,836.0,0.2693,1181.0,0.2693,586745.0,
1753505290246,04:48:10.246,blofin,ALGO/USDT:USDT,0.2691,1.0,0.2693,1177.0,0.2693,586745.0,
1753505290246,04:48:10.246,blofin,ALGO/USDT:USDT,0.2691,1437.0,0.2693,411.0,0.2693,586745.0,
1753505290246,04:48:10.246,blofin,ALGO/USDT:USDT,0.2691,1437.0,0.2693,411.0,0.2693,586745.0,
1753505290246,04:48:10.246,blofin,ALGO/USDT:USDT,0.2691,1437.0,0.2693,411.0,0.2693,586745.0,
1753505290246,04:48:10.246,blofin,ALGO/USDT:USDT,0.2691,1.0,0.2693,552.0,0.2693,586745.0,
1753505290246,04:48:10.246,blofin,ALGO/USDT:USDT,0.2691,1448.0,0.2693,630.0,0.2693,586745.0,
1753505290246,04:48:10.246,blofin,ALGO/USDT:USDT,0.2691,1451.0,0.2693,630.0,0.2693,586745.0,
1753505290246,04:48:10.246,blofin,ALGO/USDT:USDT,0.2691,1451.0,0.2693,630.0,0.2693,586745.0,
1753505290246,04:48:10.246,blofin,ALGO/USDT:USDT,0.2691,1451.0,0.2693,734.0,0.2693,586745.0,
1753505290246,04:48:10.246,blofin,ALGO/USDT:USDT,0.2691,752.0,0.2693,730.0,0.2693,586745.0,
1753505290246,04:48:10.246,blofin,ALGO/USDT:USDT,0.2691,752.0,0.2693,730.0,0.2693,586745.0,
1753505290246,04:48:10.246,blofin,ALGO/USDT:USDT,0.2691,752.0,0.2693,730.0,0.2693,586745.0,
1753505290246,04:48:10.246,blofin,ALGO/USDT:USDT,0.2691,3.0,0.2693,637.0,0.2693,586745.0,
1753505324155,04:48:44.155,blofin,ALGO/USDT:USDT,0.2692,950.0,0.2693,7.0,0.2693,586747.0,
1753505324155,04:48:44.155,blofin,ALGO/USDT:USDT,0.2692,950.0,0.2693,7.0,0.2693,586747.0,
1753505324155,04:48:44.155,blofin,ALGO/USDT:USDT,0.269,830.0,0.2693,576.0,0.2693,586747.0,
1753505324155,04:48:44.155,blofin,ALGO/USDT:USDT,0.269,1899.0,0.2693,589.0,0.2693,586747.0,
1753505324155,04:48:44.155,blofin,ALGO/USDT:USDT,0.269,1383.0,0.2693,818.0,0.2693,586747.0,
1753505324155,04:48:44.155,blofin,ALGO/USDT:USDT,0.269,1383.0,0.2693,818.0,0.2693,586747.0,
1753505324155,04:48:44.155,blofin,ALGO/USDT:USDT,0.269,1647.0,0.2693,591.0,0.2693,586747.0,
1753505324155,04:48:44.155,blofin,ALGO/USDT:USDT,0.269,1650.0,0.2693,591.0,0.2693,586747.0,
1753505324155,04:48:44.155,blofin,ALGO/USDT:USDT,0.269,1650.0,0.2693,591.0,0.2693,586747.0,
1753505324155,04:48:44.155,blofin,ALGO/USDT:USDT,0.269,947.0,0.2693,813.0,0.2693,586747.0,
1753505324155,04:48:44.155,blofin,ALGO/USDT:USDT,0.269,1278.0,0.2693,671.0,0.2693,586747.0,
1753505324155,04:48:44.155,blofin,ALGO/USDT:USDT,0.269,1278.0,0.2693,671.0,0.2693,586747.0,
1753505324155,04:48:44.155,blofin,ALGO/USDT:USDT,0.269,1278.0,0.2693,671.0,0.2693,586747.0,
1753505324155,04:48:44.155,blofin,ALGO/USDT:USDT,0.2691,905.0,0.2693,825.0,0.2693,586747.0,
1753505324155,04:48:44.155,blofin,ALGO/USDT:USDT,0.269,1279.0,0.2693,732.0,0.2693,586747.0,
1753505324155,04:48:44.155,blofin,ALGO/USDT:USDT,0.269,1279.0,0.2693,732.0,0.2693,586747.0,
1753505324155,04:48:44.155,blofin,ALGO/USDT:USDT,0.269,1277.0,0.2693,732.0,0.2693,586747.0,
1753505324155,04:48:44.155,blofin,ALGO/USDT:USDT,0.269,965.0,0.2693,823.0,0.2693,586747.0,
1753505324155,04:48:44.155,blofin,ALGO/USDT:USDT,0.269,982.0,0.2693,821.0,0.2693,586747.0,
1753505324155,04:48:44.155,blofin,ALGO/USDT:USDT,0.269,982.0,0.2693,821.0,0.2693,586747.0,
1753505324155,04:48:44.155,blofin,ALGO/USDT:USDT,0.269,986.0,0.2693,818.0,0.2693,586747.0,
1753505324155,04:48:44.155,blofin,ALGO/USDT:USDT,0.269,995.0,0.2693,822.0,0.2693,586747.0,
1753505324155,04:48:44.155,blofin,ALGO/USDT:USDT,0.269,995.0,0.2693,822.0,0.2693,586747.0,
1753505324155,04:48:44.155,blofin,ALGO/USDT:USDT,0.269,236.0,0.2693,1179.0,0.2693,586747.0,
1753505324155,04:48:44.155,blofin,ALGO/USDT:USDT,0.2691,385.0,0.2693,813.0,0.2693,586747.0,
1753505324155,04:48:44.155,blofin,ALGO/USDT:USDT,0.2691,387.0,0.2693,813.0,0.2693,586747.0,
1753505324155,04:48:44.155,blofin,ALGO/USDT:USDT,0.2691,907.0,0.2693,814.0,0.2693,586747.0,
1753505324155,04:48:44.155,blofin,ALGO/USDT:USDT,0.2691,907.0,0.2693,814.0,0.2693,586747.0,
1753505324155,04:48:44.155,blofin,ALGO/USDT:USDT,0.2691,2.0,0.2693,1779.0,0.2693,586747.0,
1753505324155,04:48:44.155,blofin,ALGO/USDT:USDT,0.2691,2.0,0.2693,1781.0,0.2693,586747.0,
1753505324155,04:48:44.155,blofin,ALGO/USDT:USDT,0.269,236.0,0.2693,1780.0,0.2693,586747.0,
1753505324155,04:48:44.155,blofin,ALGO/USDT:USDT,0.269,236.0,0.2693,1777.0,0.2693,586747.0,
1753505324155,04:48:44.155,blofin,ALGO/USDT:USDT,0.269,236.0,0.2693,1777.0,0.2693,586747.0,
1753505324155,04:48:44.155,blofin,ALGO/USDT:USDT,0.2691,229.0,0.2693,1777.0,0.2693,586747.0,
1753505324155,04:48:44.155,blofin,ALGO/USDT:USDT,0.2691,1.0,0.2693,1778.0,0.2693,586747.0,
1753505324155,04:48:44.155,blofin,ALGO/USDT:USDT,0.269,233.0,0.2693,1779.0,0.2693,586747.0,
1753505324155,04:48:44.155,blofin,ALGO/USDT:USDT,0.269,233.0,0.2693,1779.0,0.2693,586747.0,
1753505324155,04:48:44.155,blofin,ALGO/USDT:USDT,0.269,1394.0,0.2693,674.0,0.2693,586747.0,
1753505324155,04:48:44.155,blofin,ALGO/USDT:USDT,0.269,1394.0,0.2693,674.0,0.2693,586747.0,
1753505324155,04:48:44.155,blofin,ALGO/USDT:USDT,0.2691,1022.0,0.2693,813.0,0.2693,586747.0,
1753505345539,04:49:05.539,blofin,ALGO/USDT:USDT,0.269,1124.0,0.2693,813.0,0.2693,586699.0,
1753505345539,04:49:05.539,blofin,ALGO/USDT:USDT,0.269,1125.0,0.2693,813.0,0.2693,586699.0,
1753505345539,04:49:05.539,blofin,ALGO/USDT:USDT,0.269,1125.0,0.2693,813.0,0.2693,586699.0,
1753505345539,04:49:05.539,blofin,ALGO/USDT:USDT,0.2691,524.0,0.2693,732.0,0.2693,586699.0,
1753505345539,04:49:05.539,blofin,ALGO/USDT:USDT,0.2691,2.0,0.2693,1098.0,0.2693,586699.0,
1753505345539,04:49:05.539,blofin,ALGO/USDT:USDT,0.2691,2.0,0.2693,1098.0,0.2693,586699.0,
1753505345539,04:49:05.539,blofin,ALGO/USDT:USDT,0.2691,2.0,0.2693,1098.0,0.2693,586699.0,
1753505345539,04:49:05.539,blofin,ALGO/USDT:USDT,0.269,271.0,0.2693,1098.0,0.2693,586699.0,
1753505345539,04:49:05.539,blofin,ALGO/USDT:USDT,0.269,269.0,0.2693,1099.0,0.2693,586699.0,
1753505345539,04:49:05.539,blofin,ALGO/USDT:USDT,0.269,796.0,0.2693,260.0,0.2693,586699.0,
1753505345539,04:49:05.539,blofin,ALGO/USDT:USDT,0.269,796.0,0.2693,260.0,0.2693,586699.0,
1753505345539,04:49:05.539,blofin,ALGO/USDT:USDT,0.269,522.0,0.2693,573.0,0.2693,586699.0,
1753505345539,04:49:05.539,blofin,ALGO/USDT:USDT,0.269,942.0,0.2693,260.0,0.2693,586699.0,
1753505345539,04:49:05.539,blofin,ALGO/USDT:USDT,0.269,943.0,0.2693,260.0,0.2693,586699.0,
1753505352356,04:49:12.356,blofin,ALGO/USDT:USDT,0.269,946.0,0.2693,260.0,0.2693,586701.0,
1753505352356,04:49:12.356,blofin,ALGO/USDT:USDT,0.2691,1184.0,0.2693,5.0,0.2693,586701.0,
1753505352356,04:49:12.356,blofin,ALGO/USDT:USDT,0.2692,2059.0,0.2693,5.0,0.2693,586701.0,
1753505352356,04:49:12.356,blofin,ALGO/USDT:USDT,0.2692,2059.0,0.2693,5.0,0.2693,586701.0,
