timestamp,time,exchange,symbol,bid,bidVolume,ask,askVolume,lastPrice,baseVolume,quoteVolume
1753507205539,05:20:05.539,blofin,ALGO/USDT:USDT,0.2686,7.0,0.2689,2553.0,0.2688,584513.0,
1753507205539,05:20:05.539,blofin,ALGO/USDT:USDT,0.2686,7.0,0.2689,2830.0,0.2688,584513.0,
1753507205539,05:20:05.539,blofin,ALGO/USDT:USDT,0.2686,7.0,0.2689,2830.0,0.2688,584513.0,
1753507205539,05:20:05.539,blofin,ALGO/USDT:USDT,0.2686,7.0,0.2689,3310.0,0.2688,584513.0,
1753507205539,05:20:05.539,blofin,ALGO/USDT:USDT,0.2686,7.0,0.2689,3310.0,0.2688,584513.0,
1753507205539,05:20:05.539,blofin,ALGO/USDT:USDT,0.2686,125.0,0.2689,3496.0,0.2688,584513.0,
1753507205539,05:20:05.539,blofin,ALGO/USDT:USDT,0.2686,125.0,0.2689,3496.0,0.2688,584513.0,
1753507205539,05:20:05.539,blofin,ALGO/USDT:USDT,0.2686,127.0,0.2689,3497.0,0.2688,584513.0,
1753507205539,05:20:05.539,blofin,ALGO/USDT:USDT,0.2686,127.0,0.2689,3292.0,0.2688,584513.0,
1753507205539,05:20:05.539,blofin,ALGO/USDT:USDT,0.2686,127.0,0.2689,3292.0,0.2688,584513.0,
1753507205539,05:20:05.539,blofin,ALGO/USDT:USDT,0.2686,127.0,0.2689,3292.0,0.2688,584513.0,
1753507205539,05:20:05.539,blofin,ALGO/USDT:USDT,0.2687,3.0,0.2689,3035.0,0.2688,584513.0,
1753507205539,05:20:05.539,blofin,ALGO/USDT:USDT,0.2687,3.0,0.2689,3035.0,0.2688,584513.0,
1753507205539,05:20:05.539,blofin,ALGO/USDT:USDT,0.2687,1.0,0.2689,2556.0,0.2688,584513.0,
1753507205539,05:20:05.539,blofin,ALGO/USDT:USDT,0.2687,1.0,0.2689,2556.0,0.2688,584513.0,
1753507205539,05:20:05.539,blofin,ALGO/USDT:USDT,0.2687,123.0,0.2689,2349.0,0.2688,584513.0,
1753507205539,05:20:05.539,blofin,ALGO/USDT:USDT,0.2687,124.0,0.2689,2349.0,0.2688,584513.0,
1753507205539,05:20:05.539,blofin,ALGO/USDT:USDT,0.2687,4.0,0.2689,3867.0,0.2688,584513.0,
1753507205539,05:20:05.539,blofin,ALGO/USDT:USDT,0.2687,6.0,0.2689,3877.0,0.2688,584513.0,
1753507205539,05:20:05.539,blofin,ALGO/USDT:USDT,0.2687,6.0,0.2689,3879.0,0.2688,584513.0,
1753507205539,05:20:05.539,blofin,ALGO/USDT:USDT,0.2687,6.0,0.2689,3991.0,0.2688,584513.0,
1753507205539,05:20:05.539,blofin,ALGO/USDT:USDT,0.2687,6.0,0.2689,3993.0,0.2688,584513.0,
1753507205539,05:20:05.539,blofin,ALGO/USDT:USDT,0.2687,6.0,0.2689,3993.0,0.2688,584513.0,
1753507205539,05:20:05.539,blofin,ALGO/USDT:USDT,0.2687,18.0,0.2689,4552.0,0.2688,584513.0,
1753507205539,05:20:05.539,blofin,ALGO/USDT:USDT,0.2687,4.0,0.2689,5110.0,0.2688,584513.0,
1753507205539,05:20:05.539,blofin,ALGO/USDT:USDT,0.2687,4.0,0.2689,5112.0,0.2688,584513.0,
1753507205539,05:20:05.539,blofin,ALGO/USDT:USDT,0.2687,4.0,0.2689,5112.0,0.2688,584513.0,
1753507205539,05:20:05.539,blofin,ALGO/USDT:USDT,0.2687,14.0,0.2689,5109.0,0.2688,584513.0,
1753507205539,05:20:05.539,blofin,ALGO/USDT:USDT,0.2687,1.0,0.2689,5109.0,0.2688,584513.0,
1753507205539,05:20:05.539,blofin,ALGO/USDT:USDT,0.2686,17.0,0.2689,5109.0,0.2688,584513.0,
1753507205539,05:20:05.539,blofin,ALGO/USDT:USDT,0.2686,1372.0,0.2688,1600.0,0.2688,584513.0,
1753507205539,05:20:05.539,blofin,ALGO/USDT:USDT,0.2686,1372.0,0.2688,1600.0,0.2688,584513.0,
1753507205539,05:20:05.539,blofin,ALGO/USDT:USDT,0.2686,1372.0,0.2688,1600.0,0.2688,584513.0,
1753507205539,05:20:05.539,blofin,ALGO/USDT:USDT,0.2686,1.0,0.2688,1527.0,0.2688,584513.0,
1753507205539,05:20:05.539,blofin,ALGO/USDT:USDT,0.2686,1.0,0.2688,1052.0,0.2688,584513.0,
1753507205539,05:20:05.539,blofin,ALGO/USDT:USDT,0.2686,1.0,0.2688,1052.0,0.2688,584513.0,
1753507205539,05:20:05.539,blofin,ALGO/USDT:USDT,0.2686,1366.0,0.2688,1200.0,0.2688,584513.0,
1753507205539,05:20:05.539,blofin,ALGO/USDT:USDT,0.2686,5.0,0.2688,1280.0,0.2688,584513.0,
1753507205539,05:20:05.539,blofin,ALGO/USDT:USDT,0.2686,1.0,0.2688,1281.0,0.2688,584513.0,
1753507205539,05:20:05.539,blofin,ALGO/USDT:USDT,0.2686,1367.0,0.2688,1204.0,0.2688,584513.0,
1753507205539,05:20:05.539,blofin,ALGO/USDT:USDT,0.2686,1367.0,0.2688,1204.0,0.2688,584513.0,
1753507205539,05:20:05.539,blofin,ALGO/USDT:USDT,0.2686,1367.0,0.2688,1204.0,0.2688,584513.0,
1753507205539,05:20:05.539,blofin,ALGO/USDT:USDT,0.2686,1369.0,0.2688,1202.0,0.2688,584513.0,
1753507205539,05:20:05.539,blofin,ALGO/USDT:USDT,0.2686,1779.0,0.2688,3.0,0.2688,584513.0,
1753507265539,05:21:05.539,blofin,ALGO/USDT:USDT,0.2686,1782.0,0.2689,1939.0,0.2688,584469.0,
1753507265539,05:21:05.539,blofin,ALGO/USDT:USDT,0.2687,1572.0,0.2689,2064.0,0.2688,584469.0,
1753507265539,05:21:05.539,blofin,ALGO/USDT:USDT,0.2687,1572.0,0.2689,2064.0,0.2688,584469.0,
1753507265539,05:21:05.539,blofin,ALGO/USDT:USDT,0.2687,2.0,0.2689,2064.0,0.2688,584469.0,
1753507265539,05:21:05.539,blofin,ALGO/USDT:USDT,0.2686,1611.0,0.2689,2064.0,0.2688,584469.0,
1753507265539,05:21:05.539,blofin,ALGO/USDT:USDT,0.2687,1879.0,0.2689,4.0,0.2688,584469.0,
1753507265539,05:21:05.539,blofin,ALGO/USDT:USDT,0.2687,868.0,0.2689,3.0,0.2688,584469.0,
1753507265539,05:21:05.539,blofin,ALGO/USDT:USDT,0.2687,869.0,0.2689,3.0,0.2688,584469.0,
1753507265539,05:21:05.539,blofin,ALGO/USDT:USDT,0.2688,1748.0,0.2689,3.0,0.2688,584469.0,
1753507265539,05:21:05.539,blofin,ALGO/USDT:USDT,0.2688,1753.0,0.2689,3.0,0.2688,584469.0,
1753507265539,05:21:05.539,blofin,ALGO/USDT:USDT,0.2688,653.0,0.2689,3.0,0.2688,584469.0,
1753507265539,05:21:05.539,blofin,ALGO/USDT:USDT,0.2688,1622.0,0.2689,3.0,0.2688,584469.0,
1753507265539,05:21:05.539,blofin,ALGO/USDT:USDT,0.2688,516.0,0.2689,3.0,0.2688,584469.0,
1753507265539,05:21:05.539,blofin,ALGO/USDT:USDT,0.2688,516.0,0.2689,3.0,0.2688,584469.0,
1753507265539,05:21:05.539,blofin,ALGO/USDT:USDT,0.2689,1522.0,0.2691,1954.0,0.2688,584469.0,
1753507265539,05:21:05.539,blofin,ALGO/USDT:USDT,0.2689,1522.0,0.2691,1954.0,0.2688,584469.0,
1753507265539,05:21:05.539,blofin,ALGO/USDT:USDT,0.2689,1522.0,0.2691,1954.0,0.2688,584469.0,
1753507265539,05:21:05.539,blofin,ALGO/USDT:USDT,0.2688,1524.0,0.2691,385.0,0.2688,584469.0,
1753507265539,05:21:05.539,blofin,ALGO/USDT:USDT,0.2688,1527.0,0.2691,1108.0,0.2688,584469.0,
1753507265539,05:21:05.539,blofin,ALGO/USDT:USDT,0.2688,1500.0,0.2691,1148.0,0.2688,584469.0,
1753507265539,05:21:05.539,blofin,ALGO/USDT:USDT,0.2688,1500.0,0.2691,1147.0,0.2688,584469.0,
1753507265539,05:21:05.539,blofin,ALGO/USDT:USDT,0.2688,1500.0,0.2691,1147.0,0.2688,584469.0,
1753507265539,05:21:05.539,blofin,ALGO/USDT:USDT,0.2688,1538.0,0.2691,44.0,0.2688,584469.0,
1753507265539,05:21:05.539,blofin,ALGO/USDT:USDT,0.2689,1738.0,0.2691,64.0,0.2688,584469.0,
1753507265539,05:21:05.539,blofin,ALGO/USDT:USDT,0.2689,1738.0,0.2691,64.0,0.2688,584469.0,
1753507265539,05:21:05.539,blofin,ALGO/USDT:USDT,0.2689,1738.0,0.2691,64.0,0.2688,584469.0,
1753507265539,05:21:05.539,blofin,ALGO/USDT:USDT,0.2689,2.0,0.2691,66.0,0.2688,584469.0,
1753507265539,05:21:05.539,blofin,ALGO/USDT:USDT,0.2688,1741.0,0.2691,66.0,0.2688,584469.0,
1753507265539,05:21:05.539,blofin,ALGO/USDT:USDT,0.2689,1732.0,0.2691,1.0,0.2688,584469.0,
1753507265539,05:21:05.539,blofin,ALGO/USDT:USDT,0.2689,2211.0,0.2691,1.0,0.2688,584469.0,
1753507265539,05:21:05.539,blofin,ALGO/USDT:USDT,0.2689,2206.0,0.2692,6962.0,0.2688,584469.0,
1753507265539,05:21:05.539,blofin,ALGO/USDT:USDT,0.2689,2206.0,0.2692,6962.0,0.2688,584469.0,
1753507265539,05:21:05.539,blofin,ALGO/USDT:USDT,0.2689,962.0,0.2692,7745.0,0.2688,584469.0,
1753507265539,05:21:05.539,blofin,ALGO/USDT:USDT,0.2689,959.0,0.2692,7745.0,0.2688,584469.0,
1753507265539,05:21:05.539,blofin,ALGO/USDT:USDT,0.2689,1357.0,0.2692,7745.0,0.2688,584469.0,
1753507265539,05:21:05.539,blofin,ALGO/USDT:USDT,0.2689,2087.0,0.2692,7759.0,0.2688,584469.0,
1753507265539,05:21:05.539,blofin,ALGO/USDT:USDT,0.269,988.0,0.2692,7759.0,0.2688,584469.0,
1753507265539,05:21:05.539,blofin,ALGO/USDT:USDT,0.269,988.0,0.2692,7760.0,0.2688,584469.0,
1753507265539,05:21:05.539,blofin,ALGO/USDT:USDT,0.2689,1136.0,0.2692,7759.0,0.2688,584469.0,
1753507265539,05:21:05.539,blofin,ALGO/USDT:USDT,0.2689,992.0,0.2692,8042.0,0.2688,584469.0,
1753507265539,05:21:05.539,blofin,ALGO/USDT:USDT,0.269,1636.0,0.2692,7864.0,0.2688,584469.0,
1753507290859,05:21:30.859,blofin,ALGO/USDT:USDT,0.269,1636.0,0.2692,7864.0,0.2691,584470.0,
1753507290859,05:21:30.859,blofin,ALGO/USDT:USDT,0.269,4.0,0.2691,1860.0,0.2691,584470.0,
1753507290859,05:21:30.859,blofin,ALGO/USDT:USDT,0.2689,4.0,0.2691,1591.0,0.2691,584470.0,
1753507290859,05:21:30.859,blofin,ALGO/USDT:USDT,0.2689,4.0,0.2691,1594.0,0.2691,584470.0,
1753507290859,05:21:30.859,blofin,ALGO/USDT:USDT,0.2689,4.0,0.2691,254.0,0.2691,584470.0,
1753507290859,05:21:30.859,blofin,ALGO/USDT:USDT,0.2689,4.0,0.2691,254.0,0.2691,584470.0,
1753507290859,05:21:30.859,blofin,ALGO/USDT:USDT,0.2689,4.0,0.2691,329.0,0.2691,584470.0,
1753507290859,05:21:30.859,blofin,ALGO/USDT:USDT,0.2689,4.0,0.2691,395.0,0.2691,584470.0,
1753507290859,05:21:30.859,blofin,ALGO/USDT:USDT,0.2689,4.0,0.2691,395.0,0.2691,584470.0,
1753507290859,05:21:30.859,blofin,ALGO/USDT:USDT,0.2688,1276.0,0.2691,400.0,0.2691,584470.0,
1753507290859,05:21:30.859,blofin,ALGO/USDT:USDT,0.2688,1538.0,0.2691,400.0,0.2691,584470.0,
1753507290859,05:21:30.859,blofin,ALGO/USDT:USDT,0.2688,499.0,0.2691,739.0,0.2691,584470.0,
1753507290859,05:21:30.859,blofin,ALGO/USDT:USDT,0.2688,499.0,0.2691,739.0,0.2691,584470.0,
1753507290859,05:21:30.859,blofin,ALGO/USDT:USDT,0.2689,430.0,0.2691,1575.0,0.2691,584470.0,
1753507290859,05:21:30.859,blofin,ALGO/USDT:USDT,0.2689,434.0,0.2691,1576.0,0.2691,584470.0,
1753507290859,05:21:30.859,blofin,ALGO/USDT:USDT,0.2689,4.0,0.2691,1134.0,0.2691,584470.0,
1753507290859,05:21:30.859,blofin,ALGO/USDT:USDT,0.2689,574.0,0.2691,1578.0,0.2691,584470.0,
1753507290859,05:21:30.859,blofin,ALGO/USDT:USDT,0.2689,573.0,0.2691,1578.0,0.2691,584470.0,
1753507290859,05:21:30.859,blofin,ALGO/USDT:USDT,0.2689,1.0,0.2691,1576.0,0.2691,584470.0,
1753507290859,05:21:30.859,blofin,ALGO/USDT:USDT,0.2689,1.0,0.2691,1576.0,0.2691,584470.0,
1753507290859,05:21:30.859,blofin,ALGO/USDT:USDT,0.2688,984.0,0.2691,1576.0,0.2691,584470.0,
1753507290859,05:21:30.859,blofin,ALGO/USDT:USDT,0.2689,978.0,0.2691,1576.0,0.2691,584470.0,
1753507290859,05:21:30.859,blofin,ALGO/USDT:USDT,0.2689,978.0,0.2691,1578.0,0.2691,584470.0,
1753507290859,05:21:30.859,blofin,ALGO/USDT:USDT,0.2688,1241.0,0.2691,1597.0,0.2691,584470.0,
1753507290859,05:21:30.859,blofin,ALGO/USDT:USDT,0.2688,1241.0,0.2691,1597.0,0.2691,584470.0,
1753507290859,05:21:30.859,blofin,ALGO/USDT:USDT,0.2689,1055.0,0.2691,1597.0,0.2691,584470.0,
1753507290859,05:21:30.859,blofin,ALGO/USDT:USDT,0.2689,1055.0,0.2691,1597.0,0.2691,584470.0,
1753507290859,05:21:30.859,blofin,ALGO/USDT:USDT,0.2688,483.0,0.2691,1593.0,0.2691,584470.0,
1753507290859,05:21:30.859,blofin,ALGO/USDT:USDT,0.2688,485.0,0.2691,1593.0,0.2691,584470.0,
1753507290859,05:21:30.859,blofin,ALGO/USDT:USDT,0.2688,485.0,0.2691,1593.0,0.2691,584470.0,
1753507290859,05:21:30.859,blofin,ALGO/USDT:USDT,0.2688,1447.0,0.2691,820.0,0.2691,584470.0,
1753507290859,05:21:30.859,blofin,ALGO/USDT:USDT,0.2688,747.0,0.2691,894.0,0.2691,584470.0,
1753507290859,05:21:30.859,blofin,ALGO/USDT:USDT,0.2688,747.0,0.2691,894.0,0.2691,584470.0,
1753507290859,05:21:30.859,blofin,ALGO/USDT:USDT,0.2688,1459.0,0.2691,816.0,0.2691,584470.0,
1753507290859,05:21:30.859,blofin,ALGO/USDT:USDT,0.2688,1459.0,0.2691,816.0,0.2691,584470.0,
1753507290859,05:21:30.859,blofin,ALGO/USDT:USDT,0.2688,1459.0,0.2691,816.0,0.2691,584470.0,
1753507290859,05:21:30.859,blofin,ALGO/USDT:USDT,0.2689,1452.0,0.2691,891.0,0.2691,584470.0,
1753507290859,05:21:30.859,blofin,ALGO/USDT:USDT,0.2689,1453.0,0.2691,891.0,0.2691,584470.0,
1753507290859,05:21:30.859,blofin,ALGO/USDT:USDT,0.2689,1.0,0.2691,914.0,0.2691,584470.0,
1753507290859,05:21:30.859,blofin,ALGO/USDT:USDT,0.2689,1.0,0.2691,914.0,0.2691,584470.0,
1753507290859,05:21:30.859,blofin,ALGO/USDT:USDT,0.2688,1278.0,0.2691,914.0,0.2691,584470.0,
1753507290859,05:21:30.859,blofin,ALGO/USDT:USDT,0.2688,1200.0,0.2691,1796.0,0.2691,584470.0,
1753507290859,05:21:30.859,blofin,ALGO/USDT:USDT,0.2689,1193.0,0.2691,920.0,0.2691,584470.0,
1753507290859,05:21:30.859,blofin,ALGO/USDT:USDT,0.2689,1193.0,0.2691,919.0,0.2691,584470.0,
1753507290859,05:21:30.859,blofin,ALGO/USDT:USDT,0.2689,1195.0,0.2691,1696.0,0.2691,584470.0,
1753507290859,05:21:30.859,blofin,ALGO/USDT:USDT,0.2689,1197.0,0.2691,1698.0,0.2691,584470.0,
1753507290859,05:21:30.859,blofin,ALGO/USDT:USDT,0.2689,2.0,0.2691,1696.0,0.2691,584470.0,
1753507290859,05:21:30.859,blofin,ALGO/USDT:USDT,0.2689,2.0,0.2691,1721.0,0.2691,584470.0,
1753507290859,05:21:30.859,blofin,ALGO/USDT:USDT,0.2689,2.0,0.2691,1722.0,0.2691,584470.0,
1753507290859,05:21:30.859,blofin,ALGO/USDT:USDT,0.2689,998.0,0.2691,1721.0,0.2691,584470.0,
1753507290859,05:21:30.859,blofin,ALGO/USDT:USDT,0.2689,998.0,0.2691,1721.0,0.2691,584470.0,
1753507290859,05:21:30.859,blofin,ALGO/USDT:USDT,0.2689,2.0,0.2691,1525.0,0.2691,584470.0,
1753507290859,05:21:30.859,blofin,ALGO/USDT:USDT,0.2688,771.0,0.2691,1525.0,0.2691,584470.0,
1753507290859,05:21:30.859,blofin,ALGO/USDT:USDT,0.2688,773.0,0.2691,1707.0,0.2691,584470.0,
1753507290859,05:21:30.859,blofin,ALGO/USDT:USDT,0.2688,773.0,0.2691,1707.0,0.2691,584470.0,
1753507290859,05:21:30.859,blofin,ALGO/USDT:USDT,0.2688,773.0,0.2691,1707.0,0.2691,584470.0,
1753507290859,05:21:30.859,blofin,ALGO/USDT:USDT,0.2688,774.0,0.2691,1026.0,0.2691,584470.0,
1753507322057,05:22:02.057,blofin,ALGO/USDT:USDT,0.2688,1117.0,0.2691,834.0,0.2689,584459.0,
1753507322057,05:22:02.057,blofin,ALGO/USDT:USDT,0.2689,1112.0,0.2691,9.0,0.2689,584459.0,
1753507322057,05:22:02.057,blofin,ALGO/USDT:USDT,0.2689,1112.0,0.2691,9.0,0.2689,584459.0,
1753507322057,05:22:02.057,blofin,ALGO/USDT:USDT,0.2689,396.0,0.2691,9.0,0.2689,584459.0,
1753507322057,05:22:02.057,blofin,ALGO/USDT:USDT,0.269,1240.0,0.2691,9.0,0.2689,584459.0,
1753507322057,05:22:02.057,blofin,ALGO/USDT:USDT,0.269,1321.0,0.2691,5.0,0.2689,584459.0,
1753507322057,05:22:02.057,blofin,ALGO/USDT:USDT,0.269,1321.0,0.2691,5.0,0.2689,584459.0,
1753507322057,05:22:02.057,blofin,ALGO/USDT:USDT,0.269,1324.0,0.2692,3618.0,0.2689,584459.0,
1753507322057,05:22:02.057,blofin,ALGO/USDT:USDT,0.269,7.0,0.2692,913.0,0.2689,584459.0,
1753507322057,05:22:02.057,blofin,ALGO/USDT:USDT,0.269,1512.0,0.2692,913.0,0.2689,584459.0,
1753507322057,05:22:02.057,blofin,ALGO/USDT:USDT,0.269,1512.0,0.2692,913.0,0.2689,584459.0,
1753507322057,05:22:02.057,blofin,ALGO/USDT:USDT,0.269,1512.0,0.2692,912.0,0.2689,584459.0,
1753507322057,05:22:02.057,blofin,ALGO/USDT:USDT,0.269,7.0,0.2692,251.0,0.2689,584459.0,
1753507322057,05:22:02.057,blofin,ALGO/USDT:USDT,0.269,1545.0,0.2692,8.0,0.2689,584459.0,
1753507322057,05:22:02.057,blofin,ALGO/USDT:USDT,0.269,3.0,0.2692,70.0,0.2689,584459.0,
1753507322057,05:22:02.057,blofin,ALGO/USDT:USDT,0.269,3.0,0.2692,70.0,0.2689,584459.0,
1753507322057,05:22:02.057,blofin,ALGO/USDT:USDT,0.269,1643.0,0.2692,3.0,0.2689,584459.0,
1753507322057,05:22:02.057,blofin,ALGO/USDT:USDT,0.269,1387.0,0.2692,3.0,0.2689,584459.0,
1753507322057,05:22:02.057,blofin,ALGO/USDT:USDT,0.269,1387.0,0.2692,3.0,0.2689,584459.0,
1753507322057,05:22:02.057,blofin,ALGO/USDT:USDT,0.2691,110.0,0.2692,3.0,0.2689,584459.0,
1753507322057,05:22:02.057,blofin,ALGO/USDT:USDT,0.2691,110.0,0.2692,3.0,0.2689,584459.0,
1753507322057,05:22:02.057,blofin,ALGO/USDT:USDT,0.269,1150.0,0.2692,3.0,0.2689,584459.0,
1753507322057,05:22:02.057,blofin,ALGO/USDT:USDT,0.269,1150.0,0.2692,3.0,0.2689,584459.0,
1753507322057,05:22:02.057,blofin,ALGO/USDT:USDT,0.269,167.0,0.2692,3.0,0.2689,584459.0,
1753507322057,05:22:02.057,blofin,ALGO/USDT:USDT,0.269,167.0,0.2692,3.0,0.2689,584459.0,
1753507322057,05:22:02.057,blofin,ALGO/USDT:USDT,0.269,166.0,0.2692,3.0,0.2689,584459.0,
1753507322057,05:22:02.057,blofin,ALGO/USDT:USDT,0.269,1001.0,0.2692,3.0,0.2689,584459.0,
1753507322057,05:22:02.057,blofin,ALGO/USDT:USDT,0.269,135.0,0.2692,3.0,0.2689,584459.0,
1753507322057,05:22:02.057,blofin,ALGO/USDT:USDT,0.269,139.0,0.2692,3.0,0.2689,584459.0,
1753507322057,05:22:02.057,blofin,ALGO/USDT:USDT,0.2691,3.0,0.2692,3.0,0.2689,584459.0,
1753507322057,05:22:02.057,blofin,ALGO/USDT:USDT,0.269,350.0,0.2692,3.0,0.2689,584459.0,
1753507322057,05:22:02.057,blofin,ALGO/USDT:USDT,0.269,267.0,0.2692,3.0,0.2689,584459.0,
1753507322057,05:22:02.057,blofin,ALGO/USDT:USDT,0.269,264.0,0.2692,3.0,0.2689,584459.0,
1753507322057,05:22:02.057,blofin,ALGO/USDT:USDT,0.269,264.0,0.2692,3.0,0.2689,584459.0,
1753507322057,05:22:02.057,blofin,ALGO/USDT:USDT,0.269,1056.0,0.2692,3.0,0.2689,584459.0,
1753507322057,05:22:02.057,blofin,ALGO/USDT:USDT,0.2691,1128.0,0.2692,3.0,0.2689,584459.0,
1753507322057,05:22:02.057,blofin,ALGO/USDT:USDT,0.2691,1131.0,0.2692,3.0,0.2689,584459.0,
1753507322057,05:22:02.057,blofin,ALGO/USDT:USDT,0.2691,1.0,0.2692,3.0,0.2689,584459.0,
1753507322057,05:22:02.057,blofin,ALGO/USDT:USDT,0.2691,1.0,0.2692,3.0,0.2689,584459.0,
1753507344163,05:22:24.163,blofin,ALGO/USDT:USDT,0.2691,1.0,0.2692,3.0,0.2691,584463.0,
1753507344163,05:22:24.163,blofin,ALGO/USDT:USDT,0.2692,1563.0,0.2693,3.0,0.2691,584463.0,
1753507344163,05:22:24.163,blofin,ALGO/USDT:USDT,0.2691,1.0,0.2693,1063.0,0.2691,584463.0,
1753507344163,05:22:24.163,blofin,ALGO/USDT:USDT,0.269,1409.0,0.2693,896.0,0.2691,584463.0,
1753507344163,05:22:24.163,blofin,ALGO/USDT:USDT,0.269,1409.0,0.2693,896.0,0.2691,584463.0,
1753507344163,05:22:24.163,blofin,ALGO/USDT:USDT,0.269,1409.0,0.2693,896.0,0.2691,584463.0,
1753507344163,05:22:24.163,blofin,ALGO/USDT:USDT,0.269,1328.0,0.2693,974.0,0.2691,584463.0,
1753507344163,05:22:24.163,blofin,ALGO/USDT:USDT,0.269,1332.0,0.2693,1047.0,0.2691,584463.0,
1753507344163,05:22:24.163,blofin,ALGO/USDT:USDT,0.269,1332.0,0.2693,1047.0,0.2691,584463.0,
1753507344163,05:22:24.163,blofin,ALGO/USDT:USDT,0.269,1592.0,0.2693,896.0,0.2691,584463.0,
1753507344163,05:22:24.163,blofin,ALGO/USDT:USDT,0.269,1592.0,0.2693,896.0,0.2691,584463.0,
1753507344163,05:22:24.163,blofin,ALGO/USDT:USDT,0.269,1333.0,0.2693,1078.0,0.2691,584463.0,
1753507344163,05:22:24.163,blofin,ALGO/USDT:USDT,0.269,1333.0,0.2693,1080.0,0.2691,584463.0,
1753507344163,05:22:24.163,blofin,ALGO/USDT:USDT,0.269,539.0,0.2693,1078.0,0.2691,584463.0,
1753507344163,05:22:24.163,blofin,ALGO/USDT:USDT,0.269,539.0,0.2693,1078.0,0.2691,584463.0,
1753507344163,05:22:24.163,blofin,ALGO/USDT:USDT,0.269,539.0,0.2693,1077.0,0.2691,584463.0,
1753507344163,05:22:24.163,blofin,ALGO/USDT:USDT,0.269,39.0,0.2693,1534.0,0.2691,584463.0,
1753507344163,05:22:24.163,blofin,ALGO/USDT:USDT,0.2691,233.0,0.2693,1353.0,0.2691,584463.0,
1753507344163,05:22:24.163,blofin,ALGO/USDT:USDT,0.2691,233.0,0.2693,1353.0,0.2691,584463.0,
1753507344163,05:22:24.163,blofin,ALGO/USDT:USDT,0.269,850.0,0.2693,1000.0,0.2691,584463.0,
1753507344163,05:22:24.163,blofin,ALGO/USDT:USDT,0.269,1550.0,0.2693,927.0,0.2691,584463.0,
1753507355455,05:22:35.455,blofin,ALGO/USDT:USDT,0.269,1551.0,0.2693,927.0,0.2692,584472.0,
1753507355455,05:22:35.455,blofin,ALGO/USDT:USDT,0.269,1369.0,0.2692,923.0,0.2692,584472.0,
1753507355455,05:22:35.455,blofin,ALGO/USDT:USDT,0.269,2.0,0.2692,414.0,0.2692,584472.0,
1753507355455,05:22:35.455,blofin,ALGO/USDT:USDT,0.269,2.0,0.2692,414.0,0.2692,584472.0,
1753507355455,05:22:35.455,blofin,ALGO/USDT:USDT,0.269,1357.0,0.2692,257.0,0.2692,584472.0,
1753507355455,05:22:35.455,blofin,ALGO/USDT:USDT,0.269,1357.0,0.2692,257.0,0.2692,584472.0,
1753507355455,05:22:35.455,blofin,ALGO/USDT:USDT,0.269,7.0,0.2692,257.0,0.2692,584472.0,
1753507355455,05:22:35.455,blofin,ALGO/USDT:USDT,0.269,1103.0,0.2692,340.0,0.2692,584472.0,
1753507355455,05:22:35.455,blofin,ALGO/USDT:USDT,0.269,1103.0,0.2692,340.0,0.2692,584472.0,
1753507355455,05:22:35.455,blofin,ALGO/USDT:USDT,0.269,1795.0,0.2692,4.0,0.2692,584472.0,
1753507355455,05:22:35.455,blofin,ALGO/USDT:USDT,0.269,2531.0,0.2692,4.0,0.2692,584472.0,
1753507355455,05:22:35.455,blofin,ALGO/USDT:USDT,0.269,2529.0,0.2692,4.0,0.2692,584472.0,
1753507355455,05:22:35.455,blofin,ALGO/USDT:USDT,0.269,2531.0,0.2692,4.0,0.2692,584472.0,
1753507355455,05:22:35.455,blofin,ALGO/USDT:USDT,0.269,2531.0,0.2692,4.0,0.2692,584472.0,
1753507355455,05:22:35.455,blofin,ALGO/USDT:USDT,0.269,2531.0,0.2692,4.0,0.2692,584472.0,
1753507355455,05:22:35.455,blofin,ALGO/USDT:USDT,0.269,2454.0,0.2692,4.0,0.2692,584472.0,
1753507355455,05:22:35.455,blofin,ALGO/USDT:USDT,0.2691,2447.0,0.2692,4.0,0.2692,584472.0,
1753507355455,05:22:35.455,blofin,ALGO/USDT:USDT,0.2691,2450.0,0.2692,4.0,0.2692,584472.0,
1753507355455,05:22:35.455,blofin,ALGO/USDT:USDT,0.2691,2450.0,0.2692,4.0,0.2692,584472.0,
1753507355455,05:22:35.455,blofin,ALGO/USDT:USDT,0.269,2530.0,0.2692,4.0,0.2692,584472.0,
1753507355455,05:22:35.455,blofin,ALGO/USDT:USDT,0.269,2454.0,0.2692,4.0,0.2692,584472.0,
1753507355455,05:22:35.455,blofin,ALGO/USDT:USDT,0.2691,2450.0,0.2692,4.0,0.2692,584472.0,
1753507355455,05:22:35.455,blofin,ALGO/USDT:USDT,0.2691,2450.0,0.2692,4.0,0.2692,584472.0,
1753507355455,05:22:35.455,blofin,ALGO/USDT:USDT,0.2691,3.0,0.2692,4.0,0.2692,584472.0,
1753507355455,05:22:35.455,blofin,ALGO/USDT:USDT,0.269,801.0,0.2692,4.0,0.2692,584472.0,
1753507355455,05:22:35.455,blofin,ALGO/USDT:USDT,0.2691,659.0,0.2692,4.0,0.2692,584472.0,
1753507355455,05:22:35.455,blofin,ALGO/USDT:USDT,0.269,800.0,0.2692,4.0,0.2692,584472.0,
1753507355455,05:22:35.455,blofin,ALGO/USDT:USDT,0.269,800.0,0.2692,4.0,0.2692,584472.0,
1753507355455,05:22:35.455,blofin,ALGO/USDT:USDT,0.2691,791.0,0.2692,4.0,0.2692,584472.0,
1753507355455,05:22:35.455,blofin,ALGO/USDT:USDT,0.269,665.0,0.2692,4.0,0.2692,584472.0,
1753507355455,05:22:35.455,blofin,ALGO/USDT:USDT,0.269,662.0,0.2692,4.0,0.2692,584472.0,
1753507375770,05:22:55.770,blofin,ALGO/USDT:USDT,0.269,662.0,0.2692,4.0,0.2692,584475.0,
1753507375770,05:22:55.770,blofin,ALGO/USDT:USDT,0.269,3.0,0.2692,1808.0,0.2692,584475.0,
1753507375770,05:22:55.770,blofin,ALGO/USDT:USDT,0.269,3.0,0.2692,272.0,0.2692,584475.0,
1753507375770,05:22:55.770,blofin,ALGO/USDT:USDT,0.269,2.0,0.2692,272.0,0.2692,584475.0,
1753507375770,05:22:55.770,blofin,ALGO/USDT:USDT,0.269,2903.0,0.2692,259.0,0.2692,584475.0,
1753507375770,05:22:55.770,blofin,ALGO/USDT:USDT,0.269,2903.0,0.2692,259.0,0.2692,584475.0,
1753507375770,05:22:55.770,blofin,ALGO/USDT:USDT,0.269,7.0,0.2692,257.0,0.2692,584475.0,
1753507375770,05:22:55.770,blofin,ALGO/USDT:USDT,0.269,7.0,0.2692,259.0,0.2692,584475.0,
1753507375770,05:22:55.770,blofin,ALGO/USDT:USDT,0.269,7.0,0.2692,257.0,0.2692,584475.0,
1753507375770,05:22:55.770,blofin,ALGO/USDT:USDT,0.269,3166.0,0.2692,259.0,0.2692,584475.0,
1753507375770,05:22:55.770,blofin,ALGO/USDT:USDT,0.269,2902.0,0.2692,4.0,0.2692,584475.0,
1753507375770,05:22:55.770,blofin,ALGO/USDT:USDT,0.2691,1740.0,0.2692,4.0,0.2692,584475.0,
1753507375770,05:22:55.770,blofin,ALGO/USDT:USDT,0.2691,1551.0,0.2692,4.0,0.2692,584475.0,
1753507375770,05:22:55.770,blofin,ALGO/USDT:USDT,0.2691,1551.0,0.2692,4.0,0.2692,584475.0,
1753507375770,05:22:55.770,blofin,ALGO/USDT:USDT,0.2691,5.0,0.2692,4.0,0.2692,584475.0,
1753507375770,05:22:55.770,blofin,ALGO/USDT:USDT,0.2691,5.0,0.2692,4.0,0.2692,584475.0,
1753507385540,05:23:05.540,blofin,ALGO/USDT:USDT,0.2691,1717.0,0.2692,4.0,0.2692,584472.0,
1753507385540,05:23:05.540,blofin,ALGO/USDT:USDT,0.2691,1719.0,0.2693,308.0,0.2692,584472.0,
1753507385540,05:23:05.540,blofin,ALGO/USDT:USDT,0.2691,4.0,0.2693,644.0,0.2692,584472.0,
1753507385540,05:23:05.540,blofin,ALGO/USDT:USDT,0.2691,4.0,0.2693,398.0,0.2692,584472.0,
1753507385540,05:23:05.540,blofin,ALGO/USDT:USDT,0.2691,2.0,0.2693,400.0,0.2692,584472.0,
1753507385540,05:23:05.540,blofin,ALGO/USDT:USDT,0.2691,2.0,0.2693,400.0,0.2692,584472.0,
1753507385540,05:23:05.540,blofin,ALGO/USDT:USDT,0.2691,2.0,0.2693,569.0,0.2692,584472.0,
1753507385540,05:23:05.540,blofin,ALGO/USDT:USDT,0.2691,2124.0,0.2693,395.0,0.2692,584472.0,
1753507385540,05:23:05.540,blofin,ALGO/USDT:USDT,0.2691,2124.0,0.2693,395.0,0.2692,584472.0,
1753507385540,05:23:05.540,blofin,ALGO/USDT:USDT,0.2691,2124.0,0.2693,396.0,0.2692,584472.0,
1753507385540,05:23:05.540,blofin,ALGO/USDT:USDT,0.2691,2208.0,0.2693,482.0,0.2692,584472.0,
1753507385540,05:23:05.540,blofin,ALGO/USDT:USDT,0.2691,2204.0,0.2693,482.0,0.2692,584472.0,
1753507385540,05:23:05.540,blofin,ALGO/USDT:USDT,0.2691,2129.0,0.2693,483.0,0.2692,584472.0,
1753507385540,05:23:05.540,blofin,ALGO/USDT:USDT,0.2691,2129.0,0.2693,483.0,0.2692,584472.0,
1753507385540,05:23:05.540,blofin,ALGO/USDT:USDT,0.2691,5.0,0.2693,477.0,0.2692,584472.0,
1753507385540,05:23:05.540,blofin,ALGO/USDT:USDT,0.2691,5.0,0.2693,974.0,0.2692,584472.0,
1753507385540,05:23:05.540,blofin,ALGO/USDT:USDT,0.2691,5.0,0.2693,974.0,0.2692,584472.0,
1753507385540,05:23:05.540,blofin,ALGO/USDT:USDT,0.2691,5.0,0.2693,975.0,0.2692,584472.0,
1753507385540,05:23:05.540,blofin,ALGO/USDT:USDT,0.2691,5.0,0.2693,975.0,0.2692,584472.0,
1753507385540,05:23:05.540,blofin,ALGO/USDT:USDT,0.2691,2.0,0.2693,975.0,0.2692,584472.0,
1753507385540,05:23:05.540,blofin,ALGO/USDT:USDT,0.2691,2.0,0.2693,974.0,0.2692,584472.0,
1753507385540,05:23:05.540,blofin,ALGO/USDT:USDT,0.2691,2.0,0.2693,974.0,0.2692,584472.0,
1753507385540,05:23:05.540,blofin,ALGO/USDT:USDT,0.2691,2.0,0.2693,995.0,0.2692,584472.0,
1753507385540,05:23:05.540,blofin,ALGO/USDT:USDT,0.2691,2.0,0.2693,746.0,0.2692,584472.0,
1753507385540,05:23:05.540,blofin,ALGO/USDT:USDT,0.2691,2395.0,0.2693,746.0,0.2692,584472.0,
1753507385540,05:23:05.540,blofin,ALGO/USDT:USDT,0.2691,2395.0,0.2693,746.0,0.2692,584472.0,
1753507385540,05:23:05.540,blofin,ALGO/USDT:USDT,0.2691,2.0,0.2693,746.0,0.2692,584472.0,
1753507385540,05:23:05.540,blofin,ALGO/USDT:USDT,0.2691,5036.0,0.2693,403.0,0.2692,584472.0,
1753507385540,05:23:05.540,blofin,ALGO/USDT:USDT,0.2691,6755.0,0.2693,5.0,0.2692,584472.0,
1753507385540,05:23:05.540,blofin,ALGO/USDT:USDT,0.2692,893.0,0.2693,2.0,0.2692,584472.0,
1753507385540,05:23:05.540,blofin,ALGO/USDT:USDT,0.2692,893.0,0.2693,2.0,0.2692,584472.0,
1753507385540,05:23:05.540,blofin,ALGO/USDT:USDT,0.2691,888.0,0.2693,2.0,0.2692,584472.0,
1753507385540,05:23:05.540,blofin,ALGO/USDT:USDT,0.2691,888.0,0.2693,2.0,0.2692,584472.0,
1753507385540,05:23:05.540,blofin,ALGO/USDT:USDT,0.2692,886.0,0.2693,2.0,0.2692,584472.0,
1753507405060,05:23:25.060,blofin,ALGO/USDT:USDT,0.2692,892.0,0.2693,2.0,0.2693,584474.0,
1753507405060,05:23:25.060,blofin,ALGO/USDT:USDT,0.2692,892.0,0.2693,2.0,0.2693,584474.0,
1753507405060,05:23:25.060,blofin,ALGO/USDT:USDT,0.2691,8.0,0.2693,1442.0,0.2693,584474.0,
1753507405060,05:23:25.060,blofin,ALGO/USDT:USDT,0.2691,2.0,0.2693,1134.0,0.2693,584474.0,
1753507405060,05:23:25.060,blofin,ALGO/USDT:USDT,0.2691,2.0,0.2693,1389.0,0.2693,584474.0,
1753507405060,05:23:25.060,blofin,ALGO/USDT:USDT,0.2691,2.0,0.2693,1389.0,0.2693,584474.0,
1753507405060,05:23:25.060,blofin,ALGO/USDT:USDT,0.2691,2.0,0.2693,1389.0,0.2693,584474.0,
1753507405060,05:23:25.060,blofin,ALGO/USDT:USDT,0.2691,2.0,0.2693,1135.0,0.2693,584474.0,
1753507405060,05:23:25.060,blofin,ALGO/USDT:USDT,0.2691,2.0,0.2693,1135.0,0.2693,584474.0,
1753507405060,05:23:25.060,blofin,ALGO/USDT:USDT,0.2691,5431.0,0.2693,1246.0,0.2693,584474.0,
1753507405060,05:23:25.060,blofin,ALGO/USDT:USDT,0.2691,5431.0,0.2693,1246.0,0.2693,584474.0,
1753507405060,05:23:25.060,blofin,ALGO/USDT:USDT,0.2691,5431.0,0.2693,1246.0,0.2693,584474.0,
1753507405060,05:23:25.060,blofin,ALGO/USDT:USDT,0.2691,6546.0,0.2693,1423.0,0.2693,584474.0,
1753507405060,05:23:25.060,blofin,ALGO/USDT:USDT,0.2691,6.0,0.2693,1169.0,0.2693,584474.0,
1753507405060,05:23:25.060,blofin,ALGO/USDT:USDT,0.2691,2.0,0.2693,1151.0,0.2693,584474.0,
1753507405060,05:23:25.060,blofin,ALGO/USDT:USDT,0.2691,2.0,0.2693,1151.0,0.2693,584474.0,
1753507405060,05:23:25.060,blofin,ALGO/USDT:USDT,0.2691,2.0,0.2693,1151.0,0.2693,584474.0,
1753507405060,05:23:25.060,blofin,ALGO/USDT:USDT,0.2691,2.0,0.2693,1504.0,0.2693,584474.0,
1753507405060,05:23:25.060,blofin,ALGO/USDT:USDT,0.2691,2.0,0.2693,1249.0,0.2693,584474.0,
1753507405060,05:23:25.060,blofin,ALGO/USDT:USDT,0.2691,2.0,0.2693,1249.0,0.2693,584474.0,
1753507405060,05:23:25.060,blofin,ALGO/USDT:USDT,0.2691,2.0,0.2693,1249.0,0.2693,584474.0,
1753507405060,05:23:25.060,blofin,ALGO/USDT:USDT,0.269,7294.0,0.2693,1246.0,0.2693,584474.0,
1753507405060,05:23:25.060,blofin,ALGO/USDT:USDT,0.269,8408.0,0.2693,1246.0,0.2693,584474.0,
1753507405060,05:23:25.060,blofin,ALGO/USDT:USDT,0.2691,8067.0,0.2693,1423.0,0.2693,584474.0,
1753507405060,05:23:25.060,blofin,ALGO/USDT:USDT,0.2691,8067.0,0.2693,1423.0,0.2693,584474.0,
1753507405060,05:23:25.060,blofin,ALGO/USDT:USDT,0.2691,8071.0,0.2693,1427.0,0.2693,584474.0,
1753507405060,05:23:25.060,blofin,ALGO/USDT:USDT,0.2691,7284.0,0.2693,1248.0,0.2693,584474.0,
1753507405060,05:23:25.060,blofin,ALGO/USDT:USDT,0.2691,7286.0,0.2693,1248.0,0.2693,584474.0,
1753507405060,05:23:25.060,blofin,ALGO/USDT:USDT,0.269,7293.0,0.2693,628.0,0.2693,584474.0,
1753507405060,05:23:25.060,blofin,ALGO/USDT:USDT,0.269,8407.0,0.2693,805.0,0.2693,584474.0,
1753507405060,05:23:25.060,blofin,ALGO/USDT:USDT,0.269,8406.0,0.2693,1231.0,0.2693,584474.0,
1753507405060,05:23:25.060,blofin,ALGO/USDT:USDT,0.2691,8397.0,0.2693,1195.0,0.2693,584474.0,
1753507405060,05:23:25.060,blofin,ALGO/USDT:USDT,0.2691,8397.0,0.2693,1195.0,0.2693,584474.0,
1753507405060,05:23:25.060,blofin,ALGO/USDT:USDT,0.2691,8397.0,0.2693,1194.0,0.2693,584474.0,
1753507405060,05:23:25.060,blofin,ALGO/USDT:USDT,0.269,8406.0,0.2693,1448.0,0.2693,584474.0,
1753507405060,05:23:25.060,blofin,ALGO/USDT:USDT,0.269,8407.0,0.2693,1449.0,0.2693,584474.0,
1753507405060,05:23:25.060,blofin,ALGO/USDT:USDT,0.2691,8397.0,0.2693,1350.0,0.2693,584474.0,
1753507405060,05:23:25.060,blofin,ALGO/USDT:USDT,0.2691,3.0,0.2693,1249.0,0.2693,584474.0,
1753507405060,05:23:25.060,blofin,ALGO/USDT:USDT,0.2691,3.0,0.2693,1249.0,0.2693,584474.0,
1753507405060,05:23:25.060,blofin,ALGO/USDT:USDT,0.2691,3.0,0.2693,1249.0,0.2693,584474.0,
1753507405060,05:23:25.060,blofin,ALGO/USDT:USDT,0.2691,3.0,0.2693,589.0,0.2693,584474.0,
1753507405060,05:23:25.060,blofin,ALGO/USDT:USDT,0.2691,3.0,0.2693,768.0,0.2693,584474.0,
1753507405060,05:23:25.060,blofin,ALGO/USDT:USDT,0.269,8021.0,0.2693,769.0,0.2693,584474.0,
1753507405060,05:23:25.060,blofin,ALGO/USDT:USDT,0.269,8021.0,0.2693,769.0,0.2693,584474.0,
1753507405060,05:23:25.060,blofin,ALGO/USDT:USDT,0.2692,8015.0,0.2693,4.0,0.2693,584474.0,
1753507405060,05:23:25.060,blofin,ALGO/USDT:USDT,0.2691,2336.0,0.2693,2.0,0.2693,584474.0,
1753507405060,05:23:25.060,blofin,ALGO/USDT:USDT,0.2691,2577.0,0.2693,2.0,0.2693,584474.0,
1753507405060,05:23:25.060,blofin,ALGO/USDT:USDT,0.2691,2579.0,0.2693,2.0,0.2693,584474.0,
1753507405060,05:23:25.060,blofin,ALGO/USDT:USDT,0.2691,2579.0,0.2693,2.0,0.2693,584474.0,
1753507405060,05:23:25.060,blofin,ALGO/USDT:USDT,0.2691,2583.0,0.2693,2.0,0.2693,584474.0,
1753507405060,05:23:25.060,blofin,ALGO/USDT:USDT,0.2692,2579.0,0.2693,2.0,0.2693,584474.0,
1753507405060,05:23:25.060,blofin,ALGO/USDT:USDT,0.2692,2584.0,0.2693,2.0,0.2693,584474.0,
1753507405060,05:23:25.060,blofin,ALGO/USDT:USDT,0.2692,2584.0,0.2693,2.0,0.2693,584474.0,
1753507405060,05:23:25.060,blofin,ALGO/USDT:USDT,0.2692,5.0,0.2693,2.0,0.2693,584474.0,
1753507405060,05:23:25.060,blofin,ALGO/USDT:USDT,0.2692,5.0,0.2693,2.0,0.2693,584474.0,
1753507405060,05:23:25.060,blofin,ALGO/USDT:USDT,0.2692,5.0,0.2693,2.0,0.2693,584474.0,
1753507405060,05:23:25.060,blofin,ALGO/USDT:USDT,0.2691,2582.0,0.2693,2.0,0.2693,584474.0,
1753507405060,05:23:25.060,blofin,ALGO/USDT:USDT,0.2691,2580.0,0.2693,2.0,0.2693,584474.0,
1753507405060,05:23:25.060,blofin,ALGO/USDT:USDT,0.2691,2580.0,0.2693,2.0,0.2693,584474.0,
1753507405060,05:23:25.060,blofin,ALGO/USDT:USDT,0.2691,2580.0,0.2693,2.0,0.2693,584474.0,
1753507405060,05:23:25.060,blofin,ALGO/USDT:USDT,0.2692,2577.0,0.2693,2.0,0.2693,584474.0,
1753507405060,05:23:25.060,blofin,ALGO/USDT:USDT,0.2692,2579.0,0.2693,2.0,0.2693,584474.0,
1753507405060,05:23:25.060,blofin,ALGO/USDT:USDT,0.2692,2.0,0.2693,2.0,0.2693,584474.0,
1753507405060,05:23:25.060,blofin,ALGO/USDT:USDT,0.2692,2.0,0.2693,2.0,0.2693,584474.0,
1753507405060,05:23:25.060,blofin,ALGO/USDT:USDT,0.2692,2579.0,0.2693,2.0,0.2693,584474.0,
1753507405060,05:23:25.060,blofin,ALGO/USDT:USDT,0.2692,2.0,0.2693,2.0,0.2693,584474.0,
1753507445539,05:24:05.539,blofin,ALGO/USDT:USDT,0.2692,2.0,0.2693,2.0,0.2693,584459.0,
1753507445539,05:24:05.539,blofin,ALGO/USDT:USDT,0.2692,2.0,0.2693,2.0,0.2693,584459.0,
1753507445539,05:24:05.539,blofin,ALGO/USDT:USDT,0.2691,2583.0,0.2694,1704.0,0.2693,584459.0,
1753507445539,05:24:05.539,blofin,ALGO/USDT:USDT,0.2691,2929.0,0.2694,630.0,0.2693,584459.0,
1753507445539,05:24:05.539,blofin,ALGO/USDT:USDT,0.2691,2606.0,0.2694,990.0,0.2693,584459.0,
1753507445539,05:24:05.539,blofin,ALGO/USDT:USDT,0.2691,2609.0,0.2694,986.0,0.2693,584459.0,
1753507445539,05:24:05.539,blofin,ALGO/USDT:USDT,0.2692,2571.0,0.2694,858.0,0.2693,584459.0,
1753507445539,05:24:05.539,blofin,ALGO/USDT:USDT,0.2692,2571.0,0.2694,858.0,0.2693,584459.0,
1753507445539,05:24:05.539,blofin,ALGO/USDT:USDT,0.2692,2573.0,0.2694,861.0,0.2693,584459.0,
1753507445539,05:24:05.539,blofin,ALGO/USDT:USDT,0.2691,2580.0,0.2694,861.0,0.2693,584459.0,
1753507445539,05:24:05.539,blofin,ALGO/USDT:USDT,0.2691,2580.0,0.2694,861.0,0.2693,584459.0,
1753507445539,05:24:05.539,blofin,ALGO/USDT:USDT,0.2691,2968.0,0.2694,862.0,0.2693,584459.0,
1753507445539,05:24:05.539,blofin,ALGO/USDT:USDT,0.2691,2969.0,0.2694,861.0,0.2693,584459.0,
1753507445539,05:24:05.539,blofin,ALGO/USDT:USDT,0.2691,2969.0,0.2694,863.0,0.2693,584459.0,
1753507445539,05:24:05.539,blofin,ALGO/USDT:USDT,0.2691,2970.0,0.2694,871.0,0.2693,584459.0,
1753507445539,05:24:05.539,blofin,ALGO/USDT:USDT,0.2691,2970.0,0.2694,871.0,0.2693,584459.0,
1753507445539,05:24:05.539,blofin,ALGO/USDT:USDT,0.2692,2794.0,0.2694,871.0,0.2693,584459.0,
1753507445539,05:24:05.539,blofin,ALGO/USDT:USDT,0.2692,2796.0,0.2694,873.0,0.2693,584459.0,
1753507445539,05:24:05.539,blofin,ALGO/USDT:USDT,0.2692,2718.0,0.2694,863.0,0.2693,584459.0,
1753507445539,05:24:05.539,blofin,ALGO/USDT:USDT,0.2692,2.0,0.2694,802.0,0.2693,584459.0,
1753507445539,05:24:05.539,blofin,ALGO/USDT:USDT,0.2692,2.0,0.2694,802.0,0.2693,584459.0,
1753507445539,05:24:05.539,blofin,ALGO/USDT:USDT,0.2692,2.0,0.2694,802.0,0.2693,584459.0,
1753507445539,05:24:05.539,blofin,ALGO/USDT:USDT,0.2692,2574.0,0.2694,1171.0,0.2693,584459.0,
1753507445539,05:24:05.539,blofin,ALGO/USDT:USDT,0.2692,2574.0,0.2694,1171.0,0.2693,584459.0,
1753507445539,05:24:05.539,blofin,ALGO/USDT:USDT,0.2692,2.0,0.2694,887.0,0.2693,584459.0,
1753507445539,05:24:05.539,blofin,ALGO/USDT:USDT,0.2692,2574.0,0.2694,1327.0,0.2693,584459.0,
1753507445539,05:24:05.539,blofin,ALGO/USDT:USDT,0.2692,2573.0,0.2694,1327.0,0.2693,584459.0,
1753507445539,05:24:05.539,blofin,ALGO/USDT:USDT,0.2692,2573.0,0.2694,1327.0,0.2693,584459.0,
1753507445539,05:24:05.539,blofin,ALGO/USDT:USDT,0.2692,2574.0,0.2694,1167.0,0.2693,584459.0,
1753507445539,05:24:05.539,blofin,ALGO/USDT:USDT,0.2692,2574.0,0.2694,1167.0,0.2693,584459.0,
1753507445539,05:24:05.539,blofin,ALGO/USDT:USDT,0.2692,2.0,0.2694,1161.0,0.2693,584459.0,
1753507445539,05:24:05.539,blofin,ALGO/USDT:USDT,0.2692,2963.0,0.2694,1084.0,0.2693,584459.0,
1753507445539,05:24:05.539,blofin,ALGO/USDT:USDT,0.2692,2964.0,0.2694,1084.0,0.2693,584459.0,
1753507445539,05:24:05.539,blofin,ALGO/USDT:USDT,0.2692,2964.0,0.2694,1084.0,0.2693,584459.0,
1753507445539,05:24:05.539,blofin,ALGO/USDT:USDT,0.2691,2659.0,0.2694,1083.0,0.2693,584459.0,
1753507445539,05:24:05.539,blofin,ALGO/USDT:USDT,0.2691,2656.0,0.2694,1083.0,0.2693,584459.0,
1753507445539,05:24:05.539,blofin,ALGO/USDT:USDT,0.2691,2747.0,0.2694,1083.0,0.2693,584459.0,
1753507445539,05:24:05.539,blofin,ALGO/USDT:USDT,0.2691,2747.0,0.2694,1083.0,0.2693,584459.0,
1753507445539,05:24:05.539,blofin,ALGO/USDT:USDT,0.2692,2572.0,0.2694,1101.0,0.2693,584459.0,
1753507445539,05:24:05.539,blofin,ALGO/USDT:USDT,0.2691,2823.0,0.2694,1103.0,0.2693,584459.0,
1753507445539,05:24:05.539,blofin,ALGO/USDT:USDT,0.2691,2823.0,0.2694,1103.0,0.2693,584459.0,
1753507445539,05:24:05.539,blofin,ALGO/USDT:USDT,0.2691,3006.0,0.2694,908.0,0.2693,584459.0,
1753507445539,05:24:05.539,blofin,ALGO/USDT:USDT,0.2692,1476.0,0.2694,1118.0,0.2693,584459.0,
1753507445539,05:24:05.539,blofin,ALGO/USDT:USDT,0.2692,1476.0,0.2694,1117.0,0.2693,584459.0,
1753507445539,05:24:05.539,blofin,ALGO/USDT:USDT,0.2691,1115.0,0.2694,1393.0,0.2693,584459.0,
1753507445539,05:24:05.539,blofin,ALGO/USDT:USDT,0.2691,1115.0,0.2694,1393.0,0.2693,584459.0,
1753507445539,05:24:05.539,blofin,ALGO/USDT:USDT,0.2692,1250.0,0.2694,1223.0,0.2693,584459.0,
1753507445539,05:24:05.539,blofin,ALGO/USDT:USDT,0.2692,4.0,0.2694,1146.0,0.2693,584459.0,
1753507445539,05:24:05.539,blofin,ALGO/USDT:USDT,0.2692,4.0,0.2694,1146.0,0.2693,584459.0,
1753507445539,05:24:05.539,blofin,ALGO/USDT:USDT,0.2692,4.0,0.2694,1146.0,0.2693,584459.0,
1753507445539,05:24:05.539,blofin,ALGO/USDT:USDT,0.2691,1259.0,0.2694,1230.0,0.2693,584459.0,
1753507445539,05:24:05.539,blofin,ALGO/USDT:USDT,0.2692,1604.0,0.2694,1230.0,0.2693,584459.0,
1753507445539,05:24:05.539,blofin,ALGO/USDT:USDT,0.2692,1605.0,0.2694,1203.0,0.2693,584459.0,
1753507445539,05:24:05.539,blofin,ALGO/USDT:USDT,0.2692,1221.0,0.2694,1206.0,0.2693,584459.0,
1753507445539,05:24:05.539,blofin,ALGO/USDT:USDT,0.2692,1221.0,0.2694,1453.0,0.2693,584459.0,
1753507445539,05:24:05.539,blofin,ALGO/USDT:USDT,0.2692,1225.0,0.2694,1453.0,0.2693,584459.0,
1753507445539,05:24:05.539,blofin,ALGO/USDT:USDT,0.2692,10.0,0.2694,1800.0,0.2693,584459.0,
1753507478257,05:24:38.257,blofin,ALGO/USDT:USDT,0.2692,10.0,0.2693,1790.0,0.2693,584473.0,
1753507478257,05:24:38.257,blofin,ALGO/USDT:USDT,0.2692,10.0,0.2693,1790.0,0.2693,584473.0,
1753507478257,05:24:38.257,blofin,ALGO/USDT:USDT,0.2692,5.0,0.2693,1249.0,0.2693,584473.0,
1753507478257,05:24:38.257,blofin,ALGO/USDT:USDT,0.2692,5.0,0.2693,1249.0,0.2693,584473.0,
1753507478257,05:24:38.257,blofin,ALGO/USDT:USDT,0.2692,5.0,0.2693,1249.0,0.2693,584473.0,
1753507478257,05:24:38.257,blofin,ALGO/USDT:USDT,0.2692,5.0,0.2693,1290.0,0.2693,584473.0,
1753507478257,05:24:38.257,blofin,ALGO/USDT:USDT,0.2692,5.0,0.2693,1290.0,0.2693,584473.0,
1753507478257,05:24:38.257,blofin,ALGO/USDT:USDT,0.2692,5.0,0.2693,1688.0,0.2693,584473.0,
1753507478257,05:24:38.257,blofin,ALGO/USDT:USDT,0.2692,5.0,0.2693,2189.0,0.2693,584473.0,
1753507478257,05:24:38.257,blofin,ALGO/USDT:USDT,0.2692,5.0,0.2693,2189.0,0.2693,584473.0,
1753507478257,05:24:38.257,blofin,ALGO/USDT:USDT,0.2692,5.0,0.2693,2189.0,0.2693,584473.0,
1753507478257,05:24:38.257,blofin,ALGO/USDT:USDT,0.2692,5.0,0.2693,2042.0,0.2693,584473.0,
1753507478257,05:24:38.257,blofin,ALGO/USDT:USDT,0.2692,5.0,0.2693,2042.0,0.2693,584473.0,
1753507478257,05:24:38.257,blofin,ALGO/USDT:USDT,0.2692,5.0,0.2693,2044.0,0.2693,584473.0,
1753507478257,05:24:38.257,blofin,ALGO/USDT:USDT,0.2692,5.0,0.2693,2188.0,0.2693,584473.0,
1753507478257,05:24:38.257,blofin,ALGO/USDT:USDT,0.2692,5.0,0.2693,2188.0,0.2693,584473.0,
1753507478257,05:24:38.257,blofin,ALGO/USDT:USDT,0.2692,5.0,0.2693,2459.0,0.2693,584473.0,
1753507478257,05:24:38.257,blofin,ALGO/USDT:USDT,0.2692,5.0,0.2693,2458.0,0.2693,584473.0,
1753507478257,05:24:38.257,blofin,ALGO/USDT:USDT,0.2692,5.0,0.2693,2458.0,0.2693,584473.0,
1753507478257,05:24:38.257,blofin,ALGO/USDT:USDT,0.2692,5.0,0.2693,2119.0,0.2693,584473.0,
1753507478257,05:24:38.257,blofin,ALGO/USDT:USDT,0.2692,5.0,0.2693,2119.0,0.2693,584473.0,
1753507478257,05:24:38.257,blofin,ALGO/USDT:USDT,0.2692,5.0,0.2693,2837.0,0.2693,584473.0,
1753507478257,05:24:38.257,blofin,ALGO/USDT:USDT,0.2692,5.0,0.2693,2837.0,0.2693,584473.0,
1753507478257,05:24:38.257,blofin,ALGO/USDT:USDT,0.2692,5.0,0.2693,2469.0,0.2693,584473.0,
1753507478257,05:24:38.257,blofin,ALGO/USDT:USDT,0.2692,5.0,0.2693,2469.0,0.2693,584473.0,
1753507478257,05:24:38.257,blofin,ALGO/USDT:USDT,0.2692,5.0,0.2693,2469.0,0.2693,584473.0,
1753507478257,05:24:38.257,blofin,ALGO/USDT:USDT,0.2692,5.0,0.2693,2469.0,0.2693,584473.0,
1753507478257,05:24:38.257,blofin,ALGO/USDT:USDT,0.2692,5.0,0.2693,2395.0,0.2693,584473.0,
1753507478257,05:24:38.257,blofin,ALGO/USDT:USDT,0.2692,5.0,0.2693,1695.0,0.2693,584473.0,
1753507495363,05:24:55.363,blofin,ALGO/USDT:USDT,0.2692,5.0,0.2693,1695.0,0.2693,584478.0,
1753507495363,05:24:55.363,blofin,ALGO/USDT:USDT,0.2692,5.0,0.2694,1700.0,0.2693,584478.0,
1753507495363,05:24:55.363,blofin,ALGO/USDT:USDT,0.2692,2210.0,0.2694,1512.0,0.2693,584478.0,
1753507495363,05:24:55.363,blofin,ALGO/USDT:USDT,0.2692,2808.0,0.2694,1507.0,0.2693,584478.0,
1753507495363,05:24:55.363,blofin,ALGO/USDT:USDT,0.2692,5.0,0.2694,1507.0,0.2693,584478.0,
1753507495363,05:24:55.363,blofin,ALGO/USDT:USDT,0.2692,5.0,0.2694,1376.0,0.2693,584478.0,
1753507495363,05:24:55.363,blofin,ALGO/USDT:USDT,0.2692,2524.0,0.2694,1505.0,0.2693,584478.0,
1753507495363,05:24:55.363,blofin,ALGO/USDT:USDT,0.2692,8.0,0.2694,1309.0,0.2693,584478.0,
1753507495363,05:24:55.363,blofin,ALGO/USDT:USDT,0.2692,8.0,0.2694,1309.0,0.2693,584478.0,
1753507495363,05:24:55.363,blofin,ALGO/USDT:USDT,0.2692,8.0,0.2694,1309.0,0.2693,584478.0,
1753507495363,05:24:55.363,blofin,ALGO/USDT:USDT,0.2692,5.0,0.2694,1503.0,0.2693,584478.0,
1753507495363,05:24:55.363,blofin,ALGO/USDT:USDT,0.2692,5.0,0.2694,1231.0,0.2693,584478.0,
1753507495363,05:24:55.363,blofin,ALGO/USDT:USDT,0.2692,5.0,0.2694,1231.0,0.2693,584478.0,
1753507495363,05:24:55.363,blofin,ALGO/USDT:USDT,0.2692,5.0,0.2694,1231.0,0.2693,584478.0,
1753507505539,05:25:05.539,blofin,ALGO/USDT:USDT,0.2692,2796.0,0.2694,1229.0,0.2693,584475.0,
1753507505854,05:25:05.854,blofin,ALGO/USDT:USDT,0.2692,6.0,0.2694,597.0,0.2692,584485.0,
1753507505854,05:25:05.854,blofin,ALGO/USDT:USDT,0.2692,6.0,0.2694,597.0,0.2692,584485.0,
1753507505854,05:25:05.854,blofin,ALGO/USDT:USDT,0.2692,612.0,0.2694,4.0,0.2692,584485.0,
1753507505854,05:25:05.854,blofin,ALGO/USDT:USDT,0.2692,612.0,0.2694,4.0,0.2692,584485.0,
1753507505854,05:25:05.854,blofin,ALGO/USDT:USDT,0.2692,750.0,0.2694,4.0,0.2692,584485.0,
1753507505854,05:25:05.854,blofin,ALGO/USDT:USDT,0.2692,819.0,0.2694,4.0,0.2692,584485.0,
1753507505854,05:25:05.854,blofin,ALGO/USDT:USDT,0.2692,819.0,0.2694,4.0,0.2692,584485.0,
1753507505854,05:25:05.854,blofin,ALGO/USDT:USDT,0.2692,819.0,0.2694,4.0,0.2692,584485.0,
1753507505854,05:25:05.854,blofin,ALGO/USDT:USDT,0.2692,1097.0,0.2694,4.0,0.2692,584485.0,
1753507505854,05:25:05.854,blofin,ALGO/USDT:USDT,0.2692,1097.0,0.2694,4.0,0.2692,584485.0,
1753507505854,05:25:05.854,blofin,ALGO/USDT:USDT,0.2693,1100.0,0.2694,4.0,0.2692,584485.0,
1753507505854,05:25:05.854,blofin,ALGO/USDT:USDT,0.2693,1101.0,0.2694,4.0,0.2692,584485.0,
1753507505854,05:25:05.854,blofin,ALGO/USDT:USDT,0.2693,4.0,0.2694,4.0,0.2692,584485.0,
1753507505854,05:25:05.854,blofin,ALGO/USDT:USDT,0.2693,4.0,0.2694,4.0,0.2692,584485.0,
1753507505854,05:25:05.854,blofin,ALGO/USDT:USDT,0.2692,927.0,0.2694,4.0,0.2692,584485.0,
1753507505854,05:25:05.854,blofin,ALGO/USDT:USDT,0.2693,1187.0,0.2694,4.0,0.2692,584485.0,
1753507505854,05:25:05.854,blofin,ALGO/USDT:USDT,0.2692,1196.0,0.2694,4.0,0.2692,584485.0,
1753507505854,05:25:05.854,blofin,ALGO/USDT:USDT,0.2692,1196.0,0.2694,4.0,0.2692,584485.0,
1753507505854,05:25:05.854,blofin,ALGO/USDT:USDT,0.2692,1192.0,0.2694,4.0,0.2692,584485.0,
1753507505854,05:25:05.854,blofin,ALGO/USDT:USDT,0.2693,1187.0,0.2694,4.0,0.2692,584485.0,
1753507505854,05:25:05.854,blofin,ALGO/USDT:USDT,0.2693,1188.0,0.2694,4.0,0.2692,584485.0,
1753507505854,05:25:05.854,blofin,ALGO/USDT:USDT,0.2693,1.0,0.2694,4.0,0.2692,584485.0,
1753507505854,05:25:05.854,blofin,ALGO/USDT:USDT,0.2693,7.0,0.2694,4.0,0.2692,584485.0,
1753507505854,05:25:05.854,blofin,ALGO/USDT:USDT,0.2693,7.0,0.2694,4.0,0.2692,584485.0,
1753507505854,05:25:05.854,blofin,ALGO/USDT:USDT,0.2693,7.0,0.2694,4.0,0.2692,584485.0,
1753507505854,05:25:05.854,blofin,ALGO/USDT:USDT,0.2693,11.0,0.2694,4.0,0.2692,584485.0,
1753507521361,05:25:21.361,blofin,ALGO/USDT:USDT,0.2692,4.0,0.2694,80.0,0.2693,584486.0,
1753507521361,05:25:21.361,blofin,ALGO/USDT:USDT,0.2693,3.0,0.2694,5.0,0.2693,584486.0,
1753507521361,05:25:21.361,blofin,ALGO/USDT:USDT,0.2692,9.0,0.2694,102.0,0.2693,584486.0,
1753507521361,05:25:21.361,blofin,ALGO/USDT:USDT,0.2692,4.0,0.2694,9.0,0.2693,584486.0,
1753507521361,05:25:21.361,blofin,ALGO/USDT:USDT,0.2692,4.0,0.2694,9.0,0.2693,584486.0,
1753507521361,05:25:21.361,blofin,ALGO/USDT:USDT,0.2692,4.0,0.2694,9.0,0.2693,584486.0,
1753507521361,05:25:21.361,blofin,ALGO/USDT:USDT,0.2693,3756.0,0.2694,4.0,0.2693,584486.0,
1753507521361,05:25:21.361,blofin,ALGO/USDT:USDT,0.2693,3.0,0.2694,4.0,0.2693,584486.0,
1753507521361,05:25:21.361,blofin,ALGO/USDT:USDT,0.2693,3.0,0.2694,4.0,0.2693,584486.0,
1753507521361,05:25:21.361,blofin,ALGO/USDT:USDT,0.2693,1503.0,0.2694,4.0,0.2693,584486.0,
1753507521361,05:25:21.361,blofin,ALGO/USDT:USDT,0.2693,1.0,0.2694,25.0,0.2693,584486.0,
1753507521361,05:25:21.361,blofin,ALGO/USDT:USDT,0.2692,2119.0,0.2694,25.0,0.2693,584486.0,
1753507521361,05:25:21.361,blofin,ALGO/USDT:USDT,0.2692,2119.0,0.2694,25.0,0.2693,584486.0,
1753507521361,05:25:21.361,blofin,ALGO/USDT:USDT,0.2692,4.0,0.2694,40.0,0.2693,584486.0,
1753507521361,05:25:21.361,blofin,ALGO/USDT:USDT,0.2692,4.0,0.2694,40.0,0.2693,584486.0,
1753507521361,05:25:21.361,blofin,ALGO/USDT:USDT,0.2692,4.0,0.2694,307.0,0.2693,584486.0,
1753507521361,05:25:21.361,blofin,ALGO/USDT:USDT,0.2692,4.0,0.2694,198.0,0.2693,584486.0,
1753507521361,05:25:21.361,blofin,ALGO/USDT:USDT,0.2692,4.0,0.2694,887.0,0.2693,584486.0,
1753507521361,05:25:21.361,blofin,ALGO/USDT:USDT,0.2692,4.0,0.2694,886.0,0.2693,584486.0,
1753507521361,05:25:21.361,blofin,ALGO/USDT:USDT,0.2692,2115.0,0.2694,1867.0,0.2693,584486.0,
1753507521361,05:25:21.361,blofin,ALGO/USDT:USDT,0.2692,2115.0,0.2694,1867.0,0.2693,584486.0,
1753507521361,05:25:21.361,blofin,ALGO/USDT:USDT,0.2692,4.0,0.2694,1867.0,0.2693,584486.0,
1753507521361,05:25:21.361,blofin,ALGO/USDT:USDT,0.2692,4.0,0.2694,1867.0,0.2693,584486.0,
1753507521361,05:25:21.361,blofin,ALGO/USDT:USDT,0.2692,4.0,0.2694,1867.0,0.2693,584486.0,
1753507521361,05:25:21.361,blofin,ALGO/USDT:USDT,0.2691,2430.0,0.2694,1864.0,0.2693,584486.0,
1753507521361,05:25:21.361,blofin,ALGO/USDT:USDT,0.2691,2428.0,0.2694,1943.0,0.2693,584486.0,
1753507521361,05:25:21.361,blofin,ALGO/USDT:USDT,0.2691,2428.0,0.2694,1946.0,0.2693,584486.0,
1753507521361,05:25:21.361,blofin,ALGO/USDT:USDT,0.2691,2433.0,0.2694,1869.0,0.2693,584486.0,
1753507521361,05:25:21.361,blofin,ALGO/USDT:USDT,0.2692,2429.0,0.2694,1950.0,0.2693,584486.0,
1753507521361,05:25:21.361,blofin,ALGO/USDT:USDT,0.2692,2429.0,0.2694,1948.0,0.2693,584486.0,
1753507521361,05:25:21.361,blofin,ALGO/USDT:USDT,0.2692,2.0,0.2694,2012.0,0.2693,584486.0,
1753507521361,05:25:21.361,blofin,ALGO/USDT:USDT,0.2692,2.0,0.2694,2012.0,0.2693,584486.0,
1753507521361,05:25:21.361,blofin,ALGO/USDT:USDT,0.2692,1396.0,0.2694,2229.0,0.2693,584486.0,
1753507521361,05:25:21.361,blofin,ALGO/USDT:USDT,0.2692,1396.0,0.2694,2153.0,0.2693,584486.0,
1753507521361,05:25:21.361,blofin,ALGO/USDT:USDT,0.2691,1253.0,0.2694,2377.0,0.2693,584486.0,
1753507521361,05:25:21.361,blofin,ALGO/USDT:USDT,0.2691,1253.0,0.2694,2377.0,0.2693,584486.0,
1753507521361,05:25:21.361,blofin,ALGO/USDT:USDT,0.2691,1254.0,0.2694,2377.0,0.2693,584486.0,
1753507521361,05:25:21.361,blofin,ALGO/USDT:USDT,0.2692,1395.0,0.2694,1970.0,0.2693,584486.0,
1753507521361,05:25:21.361,blofin,ALGO/USDT:USDT,0.2692,1395.0,0.2694,2112.0,0.2693,584486.0,
1753507521361,05:25:21.361,blofin,ALGO/USDT:USDT,0.2692,1.0,0.2694,2110.0,0.2693,584486.0,
1753507521361,05:25:21.361,blofin,ALGO/USDT:USDT,0.2692,1.0,0.2694,2615.0,0.2693,584486.0,
1753507521361,05:25:21.361,blofin,ALGO/USDT:USDT,0.2692,1.0,0.2694,2613.0,0.2693,584486.0,
1753507521361,05:25:21.361,blofin,ALGO/USDT:USDT,0.2691,1423.0,0.2694,1969.0,0.2693,584486.0,
1753507521361,05:25:21.361,blofin,ALGO/USDT:USDT,0.2691,1421.0,0.2694,1971.0,0.2693,584486.0,
1753507521361,05:25:21.361,blofin,ALGO/USDT:USDT,0.2691,1421.0,0.2694,1971.0,0.2693,584486.0,
1753507521361,05:25:21.361,blofin,ALGO/USDT:USDT,0.2691,1421.0,0.2694,2116.0,0.2693,584486.0,
1753507521361,05:25:21.361,blofin,ALGO/USDT:USDT,0.2692,1417.0,0.2694,2003.0,0.2693,584486.0,
1753507521361,05:25:21.361,blofin,ALGO/USDT:USDT,0.2692,1.0,0.2694,2148.0,0.2693,584486.0,
1753507521361,05:25:21.361,blofin,ALGO/USDT:USDT,0.2692,1.0,0.2694,2144.0,0.2693,584486.0,
1753507521361,05:25:21.361,blofin,ALGO/USDT:USDT,0.2692,1417.0,0.2694,2149.0,0.2693,584486.0,
1753507521361,05:25:21.361,blofin,ALGO/USDT:USDT,0.2691,1689.0,0.2694,2007.0,0.2693,584486.0,
1753507521361,05:25:21.361,blofin,ALGO/USDT:USDT,0.2691,1688.0,0.2694,2005.0,0.2693,584486.0,
1753507556173,05:25:56.173,blofin,ALGO/USDT:USDT,0.2691,1688.0,0.2694,2005.0,0.2694,584489.0,
1753507556173,05:25:56.173,blofin,ALGO/USDT:USDT,0.2692,489.0,0.2694,5.0,0.2694,584489.0,
1753507556173,05:25:56.173,blofin,ALGO/USDT:USDT,0.2693,398.0,0.2694,2.0,0.2694,584489.0,
1753507556173,05:25:56.173,blofin,ALGO/USDT:USDT,0.2693,4.0,0.2694,2.0,0.2694,584489.0,
1753507556173,05:25:56.173,blofin,ALGO/USDT:USDT,0.2692,16.0,0.2694,1694.0,0.2694,584489.0,
1753507556173,05:25:56.173,blofin,ALGO/USDT:USDT,0.2692,16.0,0.2694,1694.0,0.2694,584489.0,
1753507556173,05:25:56.173,blofin,ALGO/USDT:USDT,0.2692,2094.0,0.2694,1733.0,0.2694,584489.0,
1753507556173,05:25:56.173,blofin,ALGO/USDT:USDT,0.2692,2094.0,0.2694,1733.0,0.2694,584489.0,
1753507563452,05:26:03.452,blofin,ALGO/USDT:USDT,0.2692,1784.0,0.2694,2000.0,0.2692,584487.0,
1753507563452,05:26:03.452,blofin,ALGO/USDT:USDT,0.2692,3.0,0.2693,353.0,0.2692,584487.0,
1753507563452,05:26:03.452,blofin,ALGO/USDT:USDT,0.2692,3.0,0.2693,275.0,0.2692,584487.0,
1753507563452,05:26:03.452,blofin,ALGO/USDT:USDT,0.2692,3.0,0.2693,279.0,0.2692,584487.0,
1753507566260,05:26:06.260,blofin,ALGO/USDT:USDT,0.2692,3.0,0.2693,279.0,0.269,584499.0,
1753507566260,05:26:06.260,blofin,ALGO/USDT:USDT,0.269,6.0,0.2692,507.0,0.269,584499.0,
1753507566260,05:26:06.260,blofin,ALGO/USDT:USDT,0.269,2.0,0.2692,892.0,0.269,584499.0,
1753507566260,05:26:06.260,blofin,ALGO/USDT:USDT,0.269,3595.0,0.2692,892.0,0.269,584499.0,
1753507566260,05:26:06.260,blofin,ALGO/USDT:USDT,0.269,2.0,0.2692,1198.0,0.269,584499.0,
1753507566260,05:26:06.260,blofin,ALGO/USDT:USDT,0.269,2.0,0.2692,1198.0,0.269,584499.0,
1753507566260,05:26:06.260,blofin,ALGO/USDT:USDT,0.269,2.0,0.2692,1195.0,0.269,584499.0,
1753507566260,05:26:06.260,blofin,ALGO/USDT:USDT,0.269,2.0,0.2692,1195.0,0.269,584499.0,
1753507566260,05:26:06.260,blofin,ALGO/USDT:USDT,0.269,2.0,0.2692,1196.0,0.269,584499.0,
1753507566260,05:26:06.260,blofin,ALGO/USDT:USDT,0.269,363.0,0.2692,1196.0,0.269,584499.0,
1753507566260,05:26:06.260,blofin,ALGO/USDT:USDT,0.269,363.0,0.2692,1196.0,0.269,584499.0,
1753507566260,05:26:06.260,blofin,ALGO/USDT:USDT,0.269,4.0,0.2692,1416.0,0.269,584499.0,
1753507566260,05:26:06.260,blofin,ALGO/USDT:USDT,0.269,2.0,0.2692,1416.0,0.269,584499.0,
1753507566260,05:26:06.260,blofin,ALGO/USDT:USDT,0.269,125.0,0.2692,1415.0,0.269,584499.0,
1753507566260,05:26:06.260,blofin,ALGO/USDT:USDT,0.269,126.0,0.2692,1416.0,0.269,584499.0,
1753507566260,05:26:06.260,blofin,ALGO/USDT:USDT,0.269,126.0,0.2692,1416.0,0.269,584499.0,
1753507566260,05:26:06.260,blofin,ALGO/USDT:USDT,0.269,3.0,0.2692,928.0,0.269,584499.0,
1753507566260,05:26:06.260,blofin,ALGO/USDT:USDT,0.269,3.0,0.2692,1016.0,0.269,584499.0,
1753507566260,05:26:06.260,blofin,ALGO/USDT:USDT,0.269,3.0,0.2692,1016.0,0.269,584499.0,
1753507566260,05:26:06.260,blofin,ALGO/USDT:USDT,0.269,2.0,0.2692,1016.0,0.269,584499.0,
1753507566260,05:26:06.260,blofin,ALGO/USDT:USDT,0.269,2.0,0.2692,1016.0,0.269,584499.0,
1753507566260,05:26:06.260,blofin,ALGO/USDT:USDT,0.269,2.0,0.2692,1016.0,0.269,584499.0,
1753507566260,05:26:06.260,blofin,ALGO/USDT:USDT,0.269,2.0,0.2692,1016.0,0.269,584499.0,
1753507566260,05:26:06.260,blofin,ALGO/USDT:USDT,0.269,1334.0,0.2692,1046.0,0.269,584499.0,
1753507566260,05:26:06.260,blofin,ALGO/USDT:USDT,0.269,1334.0,0.2692,1046.0,0.269,584499.0,
1753507566260,05:26:06.260,blofin,ALGO/USDT:USDT,0.269,5.0,0.2692,406.0,0.269,584499.0,
1753507566260,05:26:06.260,blofin,ALGO/USDT:USDT,0.2691,1449.0,0.2692,1.0,0.269,584499.0,
1753507566260,05:26:06.260,blofin,ALGO/USDT:USDT,0.2691,4.0,0.2693,959.0,0.269,584499.0,
1753507566260,05:26:06.260,blofin,ALGO/USDT:USDT,0.269,1715.0,0.2693,460.0,0.269,584499.0,
1753507566260,05:26:06.260,blofin,ALGO/USDT:USDT,0.269,1715.0,0.2693,458.0,0.269,584499.0,
1753507566260,05:26:06.260,blofin,ALGO/USDT:USDT,0.2691,1718.0,0.2693,460.0,0.269,584499.0,
1753507566260,05:26:06.260,blofin,ALGO/USDT:USDT,0.2691,1718.0,0.2693,460.0,0.269,584499.0,
1753507566260,05:26:06.260,blofin,ALGO/USDT:USDT,0.2691,1722.0,0.2693,461.0,0.269,584499.0,
1753507566260,05:26:06.260,blofin,ALGO/USDT:USDT,0.2691,1528.0,0.2693,464.0,0.269,584499.0,
1753507566260,05:26:06.260,blofin,ALGO/USDT:USDT,0.269,1530.0,0.2693,464.0,0.269,584499.0,
1753507566260,05:26:06.260,blofin,ALGO/USDT:USDT,0.269,1724.0,0.2693,463.0,0.269,584499.0,
1753507566260,05:26:06.260,blofin,ALGO/USDT:USDT,0.269,7293.0,0.2693,351.0,0.269,584499.0,
1753507566260,05:26:06.260,blofin,ALGO/USDT:USDT,0.269,7293.0,0.2693,351.0,0.269,584499.0,
1753507566260,05:26:06.260,blofin,ALGO/USDT:USDT,0.269,7291.0,0.2693,351.0,0.269,584499.0,
1753507566260,05:26:06.260,blofin,ALGO/USDT:USDT,0.269,7298.0,0.2693,494.0,0.269,584499.0,
1753507566260,05:26:06.260,blofin,ALGO/USDT:USDT,0.269,7846.0,0.2693,380.0,0.269,584499.0,
1753507566260,05:26:06.260,blofin,ALGO/USDT:USDT,0.2691,8057.0,0.2693,38.0,0.269,584499.0,
1753507566260,05:26:06.260,blofin,ALGO/USDT:USDT,0.2691,8058.0,0.2693,38.0,0.269,584499.0,
1753507566260,05:26:06.260,blofin,ALGO/USDT:USDT,0.2691,8366.0,0.2693,38.0,0.269,584499.0,
1753507566260,05:26:06.260,blofin,ALGO/USDT:USDT,0.2691,1.0,0.2693,141.0,0.269,584499.0,
1753507566260,05:26:06.260,blofin,ALGO/USDT:USDT,0.2691,8368.0,0.2693,5.0,0.269,584499.0,
1753507566260,05:26:06.260,blofin,ALGO/USDT:USDT,0.2691,8368.0,0.2693,5.0,0.269,584499.0,
1753507566260,05:26:06.260,blofin,ALGO/USDT:USDT,0.2691,8370.0,0.2693,1.0,0.269,584499.0,
1753507566260,05:26:06.260,blofin,ALGO/USDT:USDT,0.2691,2708.0,0.2694,483.0,0.269,584499.0,
1753507566260,05:26:06.260,blofin,ALGO/USDT:USDT,0.2691,2708.0,0.2694,483.0,0.269,584499.0,
1753507566260,05:26:06.260,blofin,ALGO/USDT:USDT,0.2691,2708.0,0.2694,486.0,0.269,584499.0,
1753507566260,05:26:06.260,blofin,ALGO/USDT:USDT,0.2692,1346.0,0.2694,1353.0,0.269,584499.0,
1753507566260,05:26:06.260,blofin,ALGO/USDT:USDT,0.2692,1346.0,0.2694,1353.0,0.269,584499.0,
1753507566260,05:26:06.260,blofin,ALGO/USDT:USDT,0.2692,1348.0,0.2694,1353.0,0.269,584499.0,
1753507566260,05:26:06.260,blofin,ALGO/USDT:USDT,0.2691,1347.0,0.2694,1427.0,0.269,584499.0,
1753507566260,05:26:06.260,blofin,ALGO/USDT:USDT,0.2691,1347.0,0.2694,1427.0,0.269,584499.0,
1753507566260,05:26:06.260,blofin,ALGO/USDT:USDT,0.2691,1351.0,0.2694,1426.0,0.269,584499.0,
1753507566260,05:26:06.260,blofin,ALGO/USDT:USDT,0.2692,1466.0,0.2694,1352.0,0.269,584499.0,
1753507566260,05:26:06.260,blofin,ALGO/USDT:USDT,0.2692,1466.0,0.2694,1353.0,0.269,584499.0,
1753507566260,05:26:06.260,blofin,ALGO/USDT:USDT,0.2692,1466.0,0.2694,1353.0,0.269,584499.0,
1753507566260,05:26:06.260,blofin,ALGO/USDT:USDT,0.2691,2584.0,0.2694,973.0,0.269,584499.0,
1753507566260,05:26:06.260,blofin,ALGO/USDT:USDT,0.2691,2584.0,0.2694,973.0,0.269,584499.0,
1753507566260,05:26:06.260,blofin,ALGO/USDT:USDT,0.2691,2584.0,0.2694,295.0,0.269,584499.0,
1753507566260,05:26:06.260,blofin,ALGO/USDT:USDT,0.2691,2582.0,0.2694,296.0,0.269,584499.0,
1753507566260,05:26:06.260,blofin,ALGO/USDT:USDT,0.2691,2590.0,0.2694,376.0,0.269,584499.0,
1753507566260,05:26:06.260,blofin,ALGO/USDT:USDT,0.2691,2590.0,0.2694,376.0,0.269,584499.0,
1753507566260,05:26:06.260,blofin,ALGO/USDT:USDT,0.2691,2589.0,0.2694,376.0,0.269,584499.0,
1753507566260,05:26:06.260,blofin,ALGO/USDT:USDT,0.2691,2588.0,0.2694,376.0,0.269,584499.0,
1753507566260,05:26:06.260,blofin,ALGO/USDT:USDT,0.2691,2819.0,0.2694,265.0,0.269,584499.0,
1753507566260,05:26:06.260,blofin,ALGO/USDT:USDT,0.2691,2819.0,0.2694,265.0,0.269,584499.0,
1753507566260,05:26:06.260,blofin,ALGO/USDT:USDT,0.2691,2817.0,0.2694,5.0,0.269,584499.0,
1753507566260,05:26:06.260,blofin,ALGO/USDT:USDT,0.2691,2817.0,0.2694,5.0,0.269,584499.0,
1753507566260,05:26:06.260,blofin,ALGO/USDT:USDT,0.2691,2817.0,0.2694,5.0,0.269,584499.0,
1753507566260,05:26:06.260,blofin,ALGO/USDT:USDT,0.2692,2837.0,0.2694,3.0,0.269,584499.0,
1753507566260,05:26:06.260,blofin,ALGO/USDT:USDT,0.2692,2839.0,0.2694,3.0,0.269,584499.0,
1753507566260,05:26:06.260,blofin,ALGO/USDT:USDT,0.2692,599.0,0.2694,1.0,0.269,584499.0,
1753507566260,05:26:06.260,blofin,ALGO/USDT:USDT,0.2692,1330.0,0.2694,1.0,0.269,584499.0,
1753507566260,05:26:06.260,blofin,ALGO/USDT:USDT,0.2692,425.0,0.2694,1.0,0.269,584499.0,
1753507566260,05:26:06.260,blofin,ALGO/USDT:USDT,0.2692,425.0,0.2694,1.0,0.269,584499.0,
1753507566260,05:26:06.260,blofin,ALGO/USDT:USDT,0.2692,425.0,0.2694,1.0,0.269,584499.0,
1753507566260,05:26:06.260,blofin,ALGO/USDT:USDT,0.2693,441.0,0.2694,1.0,0.269,584499.0,
1753507566260,05:26:06.260,blofin,ALGO/USDT:USDT,0.2693,317.0,0.2694,1.0,0.269,584499.0,
1753507566260,05:26:06.260,blofin,ALGO/USDT:USDT,0.2692,440.0,0.2694,1.0,0.269,584499.0,
1753507566260,05:26:06.260,blofin,ALGO/USDT:USDT,0.2692,438.0,0.2694,1.0,0.269,584499.0,
1753507566260,05:26:06.260,blofin,ALGO/USDT:USDT,0.2692,438.0,0.2694,1.0,0.269,584499.0,
1753507566260,05:26:06.260,blofin,ALGO/USDT:USDT,0.2692,437.0,0.2694,1.0,0.269,584499.0,
1753507566260,05:26:06.260,blofin,ALGO/USDT:USDT,0.2692,461.0,0.2694,1.0,0.269,584499.0,
1753507566260,05:26:06.260,blofin,ALGO/USDT:USDT,0.2692,461.0,0.2694,1.0,0.269,584499.0,
1753507566260,05:26:06.260,blofin,ALGO/USDT:USDT,0.2692,462.0,0.2694,1.0,0.269,584499.0,
1753507566260,05:26:06.260,blofin,ALGO/USDT:USDT,0.2693,463.0,0.2694,1.0,0.269,584499.0,
1753507625539,05:27:05.539,blofin,ALGO/USDT:USDT,0.2692,326.0,0.2694,1.0,0.269,584470.0,
1753507625539,05:27:05.539,blofin,ALGO/USDT:USDT,0.2692,326.0,0.2694,1.0,0.269,584470.0,
1753507625539,05:27:05.539,blofin,ALGO/USDT:USDT,0.2692,334.0,0.2695,2931.0,0.269,584470.0,
1753507625539,05:27:05.539,blofin,ALGO/USDT:USDT,0.2693,469.0,0.2695,2665.0,0.269,584470.0,
1753507625539,05:27:05.539,blofin,ALGO/USDT:USDT,0.2693,1148.0,0.2695,2232.0,0.269,584470.0,
1753507625539,05:27:05.539,blofin,ALGO/USDT:USDT,0.2693,1148.0,0.2695,2232.0,0.269,584470.0,
1753507625539,05:27:05.539,blofin,ALGO/USDT:USDT,0.2692,1091.0,0.2695,2233.0,0.269,584470.0,
1753507625539,05:27:05.539,blofin,ALGO/USDT:USDT,0.2693,1200.0,0.2695,1904.0,0.269,584470.0,
1753507625539,05:27:05.539,blofin,ALGO/USDT:USDT,0.2693,1200.0,0.2695,1904.0,0.269,584470.0,
1753507625539,05:27:05.539,blofin,ALGO/USDT:USDT,0.2693,1204.0,0.2695,2172.0,0.269,584470.0,
1753507625539,05:27:05.539,blofin,ALGO/USDT:USDT,0.2693,1204.0,0.2695,2172.0,0.269,584470.0,
1753507625539,05:27:05.539,blofin,ALGO/USDT:USDT,0.2693,1202.0,0.2695,1912.0,0.269,584470.0,
1753507625539,05:27:05.539,blofin,ALGO/USDT:USDT,0.2693,1071.0,0.2695,2179.0,0.269,584470.0,
1753507625539,05:27:05.539,blofin,ALGO/USDT:USDT,0.2693,1071.0,0.2695,2179.0,0.269,584470.0,
1753507625539,05:27:05.539,blofin,ALGO/USDT:USDT,0.2693,1071.0,0.2695,2179.0,0.269,584470.0,
1753507625539,05:27:05.539,blofin,ALGO/USDT:USDT,0.2693,4.0,0.2695,1985.0,0.269,584470.0,
1753507625539,05:27:05.539,blofin,ALGO/USDT:USDT,0.2692,1486.0,0.2695,1910.0,0.269,584470.0,
1753507625539,05:27:05.539,blofin,ALGO/USDT:USDT,0.2692,1486.0,0.2695,1912.0,0.269,584470.0,
1753507625539,05:27:05.539,blofin,ALGO/USDT:USDT,0.2692,1486.0,0.2695,1912.0,0.269,584470.0,
1753507625539,05:27:05.539,blofin,ALGO/USDT:USDT,0.2693,1211.0,0.2695,2179.0,0.269,584470.0,
1753507625539,05:27:05.539,blofin,ALGO/USDT:USDT,0.2693,1213.0,0.2695,2179.0,0.269,584470.0,
1753507625539,05:27:05.539,blofin,ALGO/USDT:USDT,0.2693,2.0,0.2695,1128.0,0.269,584470.0,
1753507625539,05:27:05.539,blofin,ALGO/USDT:USDT,0.2692,1310.0,0.2695,1128.0,0.269,584470.0,
1753507625539,05:27:05.539,blofin,ALGO/USDT:USDT,0.2692,1310.0,0.2695,1256.0,0.269,584470.0,
1753507625539,05:27:05.539,blofin,ALGO/USDT:USDT,0.2693,1304.0,0.2695,1148.0,0.269,584470.0,
1753507625539,05:27:05.539,blofin,ALGO/USDT:USDT,0.2693,1304.0,0.2695,1263.0,0.269,584470.0,
1753507625539,05:27:05.539,blofin,ALGO/USDT:USDT,0.2692,1086.0,0.2695,1608.0,0.269,584470.0,
1753507625539,05:27:05.539,blofin,ALGO/USDT:USDT,0.2693,1107.0,0.2695,1608.0,0.269,584470.0,
1753507625539,05:27:05.539,blofin,ALGO/USDT:USDT,0.2693,1107.0,0.2695,1608.0,0.269,584470.0,
1753507625539,05:27:05.539,blofin,ALGO/USDT:USDT,0.2692,1251.0,0.2695,1608.0,0.269,584470.0,
1753507625539,05:27:05.539,blofin,ALGO/USDT:USDT,0.2692,1251.0,0.2695,1608.0,0.269,584470.0,
1753507625539,05:27:05.539,blofin,ALGO/USDT:USDT,0.2692,1251.0,0.2695,1611.0,0.269,584470.0,
1753507625539,05:27:05.539,blofin,ALGO/USDT:USDT,0.2692,1253.0,0.2695,1684.0,0.269,584470.0,
1753507625539,05:27:05.539,blofin,ALGO/USDT:USDT,0.2692,1253.0,0.2695,1684.0,0.269,584470.0,
1753507625539,05:27:05.539,blofin,ALGO/USDT:USDT,0.2692,1253.0,0.2695,1684.0,0.269,584470.0,
1753507625539,05:27:05.539,blofin,ALGO/USDT:USDT,0.2692,1408.0,0.2695,1408.0,0.269,584470.0,
1753507625539,05:27:05.539,blofin,ALGO/USDT:USDT,0.2692,1404.0,0.2695,1408.0,0.269,584470.0,
1753507625539,05:27:05.539,blofin,ALGO/USDT:USDT,0.2692,1392.0,0.2695,1346.0,0.269,584470.0,
1753507625539,05:27:05.539,blofin,ALGO/USDT:USDT,0.2692,1603.0,0.2695,1376.0,0.269,584470.0,
1753507625539,05:27:05.539,blofin,ALGO/USDT:USDT,0.2692,1603.0,0.2695,1376.0,0.269,584470.0,
1753507625539,05:27:05.539,blofin,ALGO/USDT:USDT,0.2692,1408.0,0.2695,1378.0,0.269,584470.0,
1753507625539,05:27:05.539,blofin,ALGO/USDT:USDT,0.2692,1410.0,0.2695,1378.0,0.269,584470.0,
1753507625539,05:27:05.539,blofin,ALGO/USDT:USDT,0.2692,1410.0,0.2695,1378.0,0.269,584470.0,
1753507625539,05:27:05.539,blofin,ALGO/USDT:USDT,0.2692,1601.0,0.2695,1378.0,0.269,584470.0,
1753507625539,05:27:05.539,blofin,ALGO/USDT:USDT,0.2693,1403.0,0.2695,1357.0,0.269,584470.0,
1753507625539,05:27:05.539,blofin,ALGO/USDT:USDT,0.2693,1403.0,0.2695,1357.0,0.269,584470.0,
1753507625539,05:27:05.539,blofin,ALGO/USDT:USDT,0.2693,1403.0,0.2695,1357.0,0.269,584470.0,
1753507625539,05:27:05.539,blofin,ALGO/USDT:USDT,0.2692,1411.0,0.2695,1291.0,0.269,584470.0,
1753507625539,05:27:05.539,blofin,ALGO/USDT:USDT,0.2692,1411.0,0.2695,1291.0,0.269,584470.0,
1753507625539,05:27:05.539,blofin,ALGO/USDT:USDT,0.2692,1339.0,0.2695,1292.0,0.269,584470.0,
1753507625539,05:27:05.539,blofin,ALGO/USDT:USDT,0.2693,1615.0,0.2695,7.0,0.269,584470.0,
1753507625539,05:27:05.539,blofin,ALGO/USDT:USDT,0.2693,1615.0,0.2695,7.0,0.269,584470.0,
1753507625539,05:27:05.539,blofin,ALGO/USDT:USDT,0.2694,1794.0,0.2695,2.0,0.269,584470.0,
1753507625539,05:27:05.539,blofin,ALGO/USDT:USDT,0.2694,2141.0,0.2695,2.0,0.269,584470.0,
1753507625539,05:27:05.539,blofin,ALGO/USDT:USDT,0.2693,1949.0,0.2695,2.0,0.269,584470.0,
1753507625539,05:27:05.539,blofin,ALGO/USDT:USDT,0.2694,1948.0,0.2695,2.0,0.269,584470.0,
1753507625539,05:27:05.539,blofin,ALGO/USDT:USDT,0.2693,2259.0,0.2695,2.0,0.269,584470.0,
1753507625539,05:27:05.539,blofin,ALGO/USDT:USDT,0.2693,2259.0,0.2695,2.0,0.269,584470.0,
1753507625539,05:27:05.539,blofin,ALGO/USDT:USDT,0.2694,3.0,0.2695,2.0,0.269,584470.0,
1753507625539,05:27:05.539,blofin,ALGO/USDT:USDT,0.2694,3.0,0.2695,2.0,0.269,584470.0,
1753507625539,05:27:05.539,blofin,ALGO/USDT:USDT,0.2693,2329.0,0.2695,2.0,0.269,584470.0,
1753507625539,05:27:05.539,blofin,ALGO/USDT:USDT,0.2693,2329.0,0.2695,2.0,0.269,584470.0,
1753507625539,05:27:05.539,blofin,ALGO/USDT:USDT,0.2694,2605.0,0.2695,2.0,0.269,584470.0,
1753507625539,05:27:05.539,blofin,ALGO/USDT:USDT,0.2694,2607.0,0.2695,2.0,0.269,584470.0,
1753507625539,05:27:05.539,blofin,ALGO/USDT:USDT,0.2694,2607.0,0.2695,2.0,0.269,584470.0,
1753507625539,05:27:05.539,blofin,ALGO/USDT:USDT,0.2693,2611.0,0.2695,2.0,0.269,584470.0,
1753507625539,05:27:05.539,blofin,ALGO/USDT:USDT,0.2693,2611.0,0.2695,2.0,0.269,584470.0,
1753507625539,05:27:05.539,blofin,ALGO/USDT:USDT,0.2693,2611.0,0.2695,2.0,0.269,584470.0,
1753507625539,05:27:05.539,blofin,ALGO/USDT:USDT,0.2694,2625.0,0.2695,2.0,0.269,584470.0,
1753507672162,05:27:52.162,blofin,ALGO/USDT:USDT,0.2694,2335.0,0.2695,2.0,0.2695,584473.0,
1753507672162,05:27:52.162,blofin,ALGO/USDT:USDT,0.2695,1564.0,0.2697,1446.0,0.2695,584473.0,
1753507672162,05:27:52.162,blofin,ALGO/USDT:USDT,0.2695,1.0,0.2697,1256.0,0.2695,584473.0,
1753507672162,05:27:52.162,blofin,ALGO/USDT:USDT,0.2695,1.0,0.2697,1256.0,0.2695,584473.0,
1753507672162,05:27:52.162,blofin,ALGO/USDT:USDT,0.2694,1641.0,0.2697,1253.0,0.2695,584473.0,
1753507672162,05:27:52.162,blofin,ALGO/USDT:USDT,0.2694,1637.0,0.2697,1253.0,0.2695,584473.0,
1753507672162,05:27:52.162,blofin,ALGO/USDT:USDT,0.2694,261.0,0.2697,1253.0,0.2695,584473.0,
1753507672162,05:27:52.162,blofin,ALGO/USDT:USDT,0.2694,916.0,0.2697,1326.0,0.2695,584473.0,
1753507672162,05:27:52.162,blofin,ALGO/USDT:USDT,0.2694,916.0,0.2697,1326.0,0.2695,584473.0,
1753507672162,05:27:52.162,blofin,ALGO/USDT:USDT,0.2694,526.0,0.2697,1344.0,0.2695,584473.0,
1753507672162,05:27:52.162,blofin,ALGO/USDT:USDT,0.2694,523.0,0.2697,1344.0,0.2695,584473.0,
1753507672162,05:27:52.162,blofin,ALGO/USDT:USDT,0.2694,1587.0,0.2697,1562.0,0.2695,584473.0,
1753507672162,05:27:52.162,blofin,ALGO/USDT:USDT,0.2694,1587.0,0.2697,1562.0,0.2695,584473.0,
1753507672162,05:27:52.162,blofin,ALGO/USDT:USDT,0.2694,1587.0,0.2697,1562.0,0.2695,584473.0,
1753507672162,05:27:52.162,blofin,ALGO/USDT:USDT,0.2695,1318.0,0.2697,572.0,0.2695,584473.0,
1753507672162,05:27:52.162,blofin,ALGO/USDT:USDT,0.2695,1318.0,0.2697,576.0,0.2695,584473.0,
1753507672162,05:27:52.162,blofin,ALGO/USDT:USDT,0.2694,1394.0,0.2697,1076.0,0.2695,584473.0,
1753507672162,05:27:52.162,blofin,ALGO/USDT:USDT,0.2694,1394.0,0.2697,1076.0,0.2695,584473.0,
1753507672162,05:27:52.162,blofin,ALGO/USDT:USDT,0.2695,1051.0,0.2697,1076.0,0.2695,584473.0,
1753507672162,05:27:52.162,blofin,ALGO/USDT:USDT,0.2695,1055.0,0.2697,1076.0,0.2695,584473.0,
1753507672162,05:27:52.162,blofin,ALGO/USDT:USDT,0.2695,4.0,0.2696,1688.0,0.2695,584473.0,
1753507672162,05:27:52.162,blofin,ALGO/USDT:USDT,0.2695,4.0,0.2696,2603.0,0.2695,584473.0,
1753507685539,05:28:05.539,blofin,ALGO/USDT:USDT,0.2695,4.0,0.2696,2797.0,0.2695,584467.0,
1753507685539,05:28:05.539,blofin,ALGO/USDT:USDT,0.2693,567.0,0.2696,2797.0,0.2695,584467.0,
1753507685539,05:28:05.539,blofin,ALGO/USDT:USDT,0.2693,704.0,0.2696,2294.0,0.2695,584467.0,
1753507685539,05:28:05.539,blofin,ALGO/USDT:USDT,0.2693,704.0,0.2696,2294.0,0.2695,584467.0,
1753507685539,05:28:05.539,blofin,ALGO/USDT:USDT,0.2694,319.0,0.2696,1694.0,0.2695,584467.0,
1753507685539,05:28:05.539,blofin,ALGO/USDT:USDT,0.2694,319.0,0.2696,1694.0,0.2695,584467.0,
1753507685539,05:28:05.539,blofin,ALGO/USDT:USDT,0.2694,324.0,0.2696,1733.0,0.2695,584467.0,
1753507685539,05:28:05.539,blofin,ALGO/USDT:USDT,0.2694,324.0,0.2696,1733.0,0.2695,584467.0,
1753507685539,05:28:05.539,blofin,ALGO/USDT:USDT,0.2693,331.0,0.2696,1699.0,0.2695,584467.0,
1753507685539,05:28:05.539,blofin,ALGO/USDT:USDT,0.2694,449.0,0.2696,1886.0,0.2695,584467.0,
1753507685539,05:28:05.539,blofin,ALGO/USDT:USDT,0.2694,453.0,0.2696,1882.0,0.2695,584467.0,
1753507685539,05:28:05.539,blofin,ALGO/USDT:USDT,0.2694,453.0,0.2696,1882.0,0.2695,584467.0,
1753507685539,05:28:05.539,blofin,ALGO/USDT:USDT,0.2693,706.0,0.2696,1888.0,0.2695,584467.0,
1753507685539,05:28:05.539,blofin,ALGO/USDT:USDT,0.2694,710.0,0.2696,1713.0,0.2695,584467.0,
1753507685539,05:28:05.539,blofin,ALGO/USDT:USDT,0.2694,716.0,0.2696,1713.0,0.2695,584467.0,
1753507685539,05:28:05.539,blofin,ALGO/USDT:USDT,0.2694,2.0,0.2696,1981.0,0.2695,584467.0,
1753507685539,05:28:05.539,blofin,ALGO/USDT:USDT,0.2694,2.0,0.2696,1981.0,0.2695,584467.0,
1753507685539,05:28:05.539,blofin,ALGO/USDT:USDT,0.2694,2.0,0.2695,1410.0,0.2695,584467.0,
1753507685539,05:28:05.539,blofin,ALGO/USDT:USDT,0.2693,2.0,0.2695,1408.0,0.2695,584467.0,
1753507685539,05:28:05.539,blofin,ALGO/USDT:USDT,0.2693,2.0,0.2695,1409.0,0.2695,584467.0,
1753507685539,05:28:05.539,blofin,ALGO/USDT:USDT,0.2693,2.0,0.2695,1409.0,0.2695,584467.0,
1753507685539,05:28:05.539,blofin,ALGO/USDT:USDT,0.2693,1255.0,0.2695,1716.0,0.2695,584467.0,
1753507685539,05:28:05.539,blofin,ALGO/USDT:USDT,0.2693,2.0,0.2695,1428.0,0.2695,584467.0,
1753507685539,05:28:05.539,blofin,ALGO/USDT:USDT,0.2693,2.0,0.2695,1696.0,0.2695,584467.0,
1753507685539,05:28:05.539,blofin,ALGO/USDT:USDT,0.2693,2.0,0.2695,1696.0,0.2695,584467.0,
1753507685539,05:28:05.539,blofin,ALGO/USDT:USDT,0.2693,2.0,0.2695,1699.0,0.2695,584467.0,
1753507685539,05:28:05.539,blofin,ALGO/USDT:USDT,0.2693,2.0,0.2695,1432.0,0.2695,584467.0,
1753507685539,05:28:05.539,blofin,ALGO/USDT:USDT,0.2693,2.0,0.2695,1432.0,0.2695,584467.0,
1753507685539,05:28:05.539,blofin,ALGO/USDT:USDT,0.2693,453.0,0.2695,1432.0,0.2695,584467.0,
1753507685539,05:28:05.539,blofin,ALGO/USDT:USDT,0.2693,2.0,0.2695,2046.0,0.2695,584467.0,
1753507685539,05:28:05.539,blofin,ALGO/USDT:USDT,0.2693,2.0,0.2695,2046.0,0.2695,584467.0,
1753507685539,05:28:05.539,blofin,ALGO/USDT:USDT,0.2693,2.0,0.2695,2046.0,0.2695,584467.0,
1753507685539,05:28:05.539,blofin,ALGO/USDT:USDT,0.2693,2.0,0.2695,2046.0,0.2695,584467.0,
1753507685539,05:28:05.539,blofin,ALGO/USDT:USDT,0.2693,29.0,0.2695,4415.0,0.2695,584467.0,
1753507685539,05:28:05.539,blofin,ALGO/USDT:USDT,0.2693,2.0,0.2695,4725.0,0.2695,584467.0,
1753507685539,05:28:05.539,blofin,ALGO/USDT:USDT,0.2693,2.0,0.2695,4726.0,0.2695,584467.0,
1753507685539,05:28:05.539,blofin,ALGO/USDT:USDT,0.2693,2.0,0.2695,4800.0,0.2695,584467.0,
1753507685539,05:28:05.539,blofin,ALGO/USDT:USDT,0.2693,2.0,0.2695,4803.0,0.2695,584467.0,
1753507706458,05:28:26.458,blofin,ALGO/USDT:USDT,0.2693,2.0,0.2695,4803.0,0.2693,584470.0,
1753507706458,05:28:26.458,blofin,ALGO/USDT:USDT,0.2693,2.0,0.2695,6006.0,0.2693,584470.0,
1753507706458,05:28:26.458,blofin,ALGO/USDT:USDT,0.2693,2.0,0.2694,1545.0,0.2693,584470.0,
1753507706458,05:28:26.458,blofin,ALGO/USDT:USDT,0.2693,2.0,0.2694,1545.0,0.2693,584470.0,
1753507706458,05:28:26.458,blofin,ALGO/USDT:USDT,0.2693,2.0,0.2694,1549.0,0.2693,584470.0,
1753507706458,05:28:26.458,blofin,ALGO/USDT:USDT,0.2693,2.0,0.2694,1500.0,0.2693,584470.0,
1753507706458,05:28:26.458,blofin,ALGO/USDT:USDT,0.2693,2.0,0.2694,1500.0,0.2693,584470.0,
1753507706458,05:28:26.458,blofin,ALGO/USDT:USDT,0.2693,2.0,0.2694,2024.0,0.2693,584470.0,
1753507706458,05:28:26.458,blofin,ALGO/USDT:USDT,0.2693,2.0,0.2694,2022.0,0.2693,584470.0,
1753507706458,05:28:26.458,blofin,ALGO/USDT:USDT,0.2693,2.0,0.2694,2018.0,0.2693,584470.0,
1753507706458,05:28:26.458,blofin,ALGO/USDT:USDT,0.2693,2.0,0.2694,2018.0,0.2693,584470.0,
1753507706458,05:28:26.458,blofin,ALGO/USDT:USDT,0.2693,2.0,0.2694,1427.0,0.2693,584470.0,
1753507706458,05:28:26.458,blofin,ALGO/USDT:USDT,0.2693,2.0,0.2694,1425.0,0.2693,584470.0,
1753507706458,05:28:26.458,blofin,ALGO/USDT:USDT,0.2693,2.0,0.2694,1466.0,0.2693,584470.0,
1753507706458,05:28:26.458,blofin,ALGO/USDT:USDT,0.2693,2.0,0.2694,1466.0,0.2693,584470.0,
1753507706458,05:28:26.458,blofin,ALGO/USDT:USDT,0.2693,2.0,0.2694,1565.0,0.2693,584470.0,
1753507706458,05:28:26.458,blofin,ALGO/USDT:USDT,0.2693,2.0,0.2694,1565.0,0.2693,584470.0,
1753507706458,05:28:26.458,blofin,ALGO/USDT:USDT,0.2692,2503.0,0.2694,1273.0,0.2693,584470.0,
1753507706458,05:28:26.458,blofin,ALGO/USDT:USDT,0.2692,1.0,0.2694,1273.0,0.2693,584470.0,
1753507706458,05:28:26.458,blofin,ALGO/USDT:USDT,0.2691,3080.0,0.2694,780.0,0.2693,584470.0,
1753507706458,05:28:26.458,blofin,ALGO/USDT:USDT,0.2691,3080.0,0.2694,780.0,0.2693,584470.0,
1753507706458,05:28:26.458,blofin,ALGO/USDT:USDT,0.2691,3079.0,0.2694,780.0,0.2693,584470.0,
1753507706458,05:28:26.458,blofin,ALGO/USDT:USDT,0.2692,2946.0,0.2694,860.0,0.2693,584470.0,
1753507706458,05:28:26.458,blofin,ALGO/USDT:USDT,0.2692,3143.0,0.2694,6.0,0.2693,584470.0,
1753507706458,05:28:26.458,blofin,ALGO/USDT:USDT,0.2692,3143.0,0.2694,6.0,0.2693,584470.0,
1753507706458,05:28:26.458,blofin,ALGO/USDT:USDT,0.2692,2120.0,0.2694,5.0,0.2693,584470.0,
1753507706458,05:28:26.458,blofin,ALGO/USDT:USDT,0.2692,573.0,0.2694,5.0,0.2693,584470.0,
1753507706458,05:28:26.458,blofin,ALGO/USDT:USDT,0.2691,3667.0,0.2694,206.0,0.2693,584470.0,
1753507706458,05:28:26.458,blofin,ALGO/USDT:USDT,0.2691,3666.0,0.2694,206.0,0.2693,584470.0,
1753507706458,05:28:26.458,blofin,ALGO/USDT:USDT,0.2691,3739.0,0.2694,211.0,0.2693,584470.0,
1753507706458,05:28:26.458,blofin,ALGO/USDT:USDT,0.2691,3739.0,0.2694,211.0,0.2693,584470.0,
1753507706458,05:28:26.458,blofin,ALGO/USDT:USDT,0.2691,3740.0,0.2694,211.0,0.2693,584470.0,
1753507706458,05:28:26.458,blofin,ALGO/USDT:USDT,0.2692,3664.0,0.2694,369.0,0.2693,584470.0,
1753507706458,05:28:26.458,blofin,ALGO/USDT:USDT,0.2692,4.0,0.2694,288.0,0.2693,584470.0,
1753507706458,05:28:26.458,blofin,ALGO/USDT:USDT,0.2692,3470.0,0.2694,555.0,0.2693,584470.0,
1753507706458,05:28:26.458,blofin,ALGO/USDT:USDT,0.2692,3470.0,0.2694,555.0,0.2693,584470.0,
1753507706458,05:28:26.458,blofin,ALGO/USDT:USDT,0.2692,3468.0,0.2694,555.0,0.2693,584470.0,
1753507706458,05:28:26.458,blofin,ALGO/USDT:USDT,0.2692,2.0,0.2694,477.0,0.2693,584470.0,
1753507706458,05:28:26.458,blofin,ALGO/USDT:USDT,0.2692,2.0,0.2694,474.0,0.2693,584470.0,
1753507706458,05:28:26.458,blofin,ALGO/USDT:USDT,0.2692,3439.0,0.2694,380.0,0.2693,584470.0,
1753507706458,05:28:26.458,blofin,ALGO/USDT:USDT,0.2692,3439.0,0.2694,380.0,0.2693,584470.0,
1753507706458,05:28:26.458,blofin,ALGO/USDT:USDT,0.2692,3439.0,0.2694,376.0,0.2693,584470.0,
1753507706458,05:28:26.458,blofin,ALGO/USDT:USDT,0.2691,3445.0,0.2694,456.0,0.2693,584470.0,
1753507706458,05:28:26.458,blofin,ALGO/USDT:USDT,0.2691,3445.0,0.2694,570.0,0.2693,584470.0,
1753507706458,05:28:26.458,blofin,ALGO/USDT:USDT,0.2691,3445.0,0.2694,672.0,0.2693,584470.0,
1753507706458,05:28:26.458,blofin,ALGO/USDT:USDT,0.2691,3248.0,0.2694,675.0,0.2693,584470.0,
1753507706458,05:28:26.458,blofin,ALGO/USDT:USDT,0.2691,3247.0,0.2694,673.0,0.2693,584470.0,
1753507706458,05:28:26.458,blofin,ALGO/USDT:USDT,0.2691,3370.0,0.2694,676.0,0.2693,584470.0,
1753507706458,05:28:26.458,blofin,ALGO/USDT:USDT,0.2691,3370.0,0.2694,676.0,0.2693,584470.0,
1753507706458,05:28:26.458,blofin,ALGO/USDT:USDT,0.2692,3167.0,0.2694,670.0,0.2693,584470.0,
1753507706458,05:28:26.458,blofin,ALGO/USDT:USDT,0.2691,3443.0,0.2694,670.0,0.2693,584470.0,
