timestamp,time,exchange,symbol,bid,bidVolume,ask,askVolume,lastPrice,baseVolume,quoteVolume
1753507224562,05:20:24.562,blofin,AAVE/USDT:USDT,298.35,24.0,298.37,123.0,298.4,290167.2,
1753507224562,05:20:24.562,blofin,AAVE/USDT:USDT,298.34,80.0,298.36,3.0,298.4,290167.2,
1753507224562,05:20:24.562,blofin,AAVE/USDT:USDT,298.34,80.0,298.36,338.0,298.4,290167.2,
1753507224562,05:20:24.562,blofin,AAVE/USDT:USDT,298.34,59.0,298.36,180.0,298.4,290167.2,
1753507224562,05:20:24.562,blofin,AAVE/USDT:USDT,298.34,131.0,298.36,319.0,298.4,290167.2,
1753507224562,05:20:24.562,blofin,AAVE/USDT:USDT,298.34,131.0,298.36,319.0,298.4,290167.2,
1753507224562,05:20:24.562,blofin,AAVE/USDT:USDT,298.38,52.0,298.4,39.0,298.4,290167.2,
1753507224562,05:20:24.562,blofin,AAVE/USDT:USDT,298.4,225.0,298.41,43.0,298.4,290167.2,
1753507224562,05:20:24.562,blofin,AAVE/USDT:USDT,298.4,225.0,298.41,43.0,298.4,290167.2,
1753507224562,05:20:24.562,blofin,AAVE/USDT:USDT,298.4,225.0,298.41,43.0,298.4,290167.2,
1753507224562,05:20:24.562,blofin,AAVE/USDT:USDT,298.4,22.0,298.41,43.0,298.4,290167.2,
1753507224562,05:20:24.562,blofin,AAVE/USDT:USDT,298.4,22.0,298.41,43.0,298.4,290167.2,
1753507224562,05:20:24.562,blofin,AAVE/USDT:USDT,298.4,22.0,298.41,43.0,298.4,290167.2,
1753507224562,05:20:24.562,blofin,AAVE/USDT:USDT,298.4,22.0,298.41,43.0,298.4,290167.2,
1753507224562,05:20:24.562,blofin,AAVE/USDT:USDT,298.4,22.0,298.41,43.0,298.4,290167.2,
1753507224562,05:20:24.562,blofin,AAVE/USDT:USDT,298.4,22.0,298.41,43.0,298.4,290167.2,
1753507224562,05:20:24.562,blofin,AAVE/USDT:USDT,298.4,21.0,298.42,87.0,298.4,290167.2,
1753507248358,05:20:48.358,blofin,AAVE/USDT:USDT,298.4,4.0,298.41,67.0,298.4,290180.2,
1753507248358,05:20:48.358,blofin,AAVE/USDT:USDT,298.4,4.0,298.41,67.0,298.4,290180.2,
1753507248358,05:20:48.358,blofin,AAVE/USDT:USDT,298.4,4.0,298.41,67.0,298.4,290180.2,
1753507248358,05:20:48.358,blofin,AAVE/USDT:USDT,298.4,4.0,298.42,78.0,298.4,290180.2,
1753507248358,05:20:48.358,blofin,AAVE/USDT:USDT,298.4,4.0,298.42,78.0,298.4,290180.2,
1753507248358,05:20:48.358,blofin,AAVE/USDT:USDT,298.38,41.0,298.4,156.0,298.4,290180.2,
1753507248358,05:20:48.358,blofin,AAVE/USDT:USDT,298.38,45.0,298.41,303.0,298.4,290180.2,
1753507248358,05:20:48.358,blofin,AAVE/USDT:USDT,298.38,45.0,298.41,303.0,298.4,290180.2,
1753507248358,05:20:48.358,blofin,AAVE/USDT:USDT,298.38,45.0,298.41,308.0,298.4,290180.2,
1753507248358,05:20:48.358,blofin,AAVE/USDT:USDT,298.38,39.0,298.4,110.0,298.4,290180.2,
1753507248358,05:20:48.358,blofin,AAVE/USDT:USDT,298.38,39.0,298.4,110.0,298.4,290180.2,
1753507248358,05:20:48.358,blofin,AAVE/USDT:USDT,298.38,17.0,298.4,105.0,298.4,290180.2,
1753507248358,05:20:48.358,blofin,AAVE/USDT:USDT,298.38,36.0,298.4,205.0,298.4,290180.2,
1753507248358,05:20:48.358,blofin,AAVE/USDT:USDT,298.38,36.0,298.4,206.0,298.4,290180.2,
1753507248358,05:20:48.358,blofin,AAVE/USDT:USDT,298.38,36.0,298.4,206.0,298.4,290180.2,
1753507248358,05:20:48.358,blofin,AAVE/USDT:USDT,298.38,2.0,298.4,329.0,298.4,290180.2,
1753507248358,05:20:48.358,blofin,AAVE/USDT:USDT,298.38,38.0,298.4,240.0,298.4,290180.2,
1753507248358,05:20:48.358,blofin,AAVE/USDT:USDT,298.38,38.0,298.4,240.0,298.4,290180.2,
1753507248358,05:20:48.358,blofin,AAVE/USDT:USDT,298.38,39.0,298.4,194.0,298.4,290180.2,
1753507248358,05:20:48.358,blofin,AAVE/USDT:USDT,298.38,39.0,298.4,176.0,298.4,290180.2,
1753507248358,05:20:48.358,blofin,AAVE/USDT:USDT,298.38,39.0,298.4,176.0,298.4,290180.2,
1753507248358,05:20:48.358,blofin,AAVE/USDT:USDT,298.38,39.0,298.4,176.0,298.4,290180.2,
1753507248358,05:20:48.358,blofin,AAVE/USDT:USDT,298.38,139.0,298.4,91.0,298.4,290180.2,
1753507248358,05:20:48.358,blofin,AAVE/USDT:USDT,298.38,139.0,298.4,91.0,298.4,290180.2,
1753507248358,05:20:48.358,blofin,AAVE/USDT:USDT,298.38,111.0,298.41,98.0,298.4,290180.2,
1753507248358,05:20:48.358,blofin,AAVE/USDT:USDT,298.38,2.0,298.4,103.0,298.4,290180.2,
1753507248358,05:20:48.358,blofin,AAVE/USDT:USDT,298.38,2.0,298.4,103.0,298.4,290180.2,
1753507248358,05:20:48.358,blofin,AAVE/USDT:USDT,298.38,2.0,298.4,107.0,298.4,290180.2,
1753507248358,05:20:48.358,blofin,AAVE/USDT:USDT,298.38,202.0,298.4,4.0,298.4,290180.2,
1753507248358,05:20:48.358,blofin,AAVE/USDT:USDT,298.38,181.0,298.4,4.0,298.4,290180.2,
1753507248358,05:20:48.358,blofin,AAVE/USDT:USDT,298.38,181.0,298.4,4.0,298.4,290180.2,
1753507248358,05:20:48.358,blofin,AAVE/USDT:USDT,298.38,181.0,298.41,200.0,298.4,290180.2,
1753507248358,05:20:48.358,blofin,AAVE/USDT:USDT,298.38,62.0,298.4,189.0,298.4,290180.2,
1753507248358,05:20:48.358,blofin,AAVE/USDT:USDT,298.38,62.0,298.4,189.0,298.4,290180.2,
1753507248358,05:20:48.358,blofin,AAVE/USDT:USDT,298.38,110.0,298.4,189.0,298.4,290180.2,
1753507248358,05:20:48.358,blofin,AAVE/USDT:USDT,298.38,119.0,298.4,192.0,298.4,290180.2,
1753507248358,05:20:48.358,blofin,AAVE/USDT:USDT,298.38,118.0,298.4,192.0,298.4,290180.2,
1753507248358,05:20:48.358,blofin,AAVE/USDT:USDT,298.38,118.0,298.4,192.0,298.4,290180.2,
1753507267765,05:21:07.765,blofin,AAVE/USDT:USDT,298.5,183.0,298.51,97.0,298.53,289821.5,
1753507267765,05:21:07.765,blofin,AAVE/USDT:USDT,298.5,183.0,298.51,97.0,298.53,289821.5,
1753507267765,05:21:07.765,blofin,AAVE/USDT:USDT,298.52,306.0,298.53,12.0,298.53,289821.5,
1753507267765,05:21:07.765,blofin,AAVE/USDT:USDT,298.52,196.0,298.53,12.0,298.53,289821.5,
1753507269763,05:21:09.763,blofin,AAVE/USDT:USDT,298.54,388.0,298.55,223.0,298.56,289829.5,
1753507269763,05:21:09.763,blofin,AAVE/USDT:USDT,298.54,388.0,298.55,223.0,298.56,289829.5,
1753507269763,05:21:09.763,blofin,AAVE/USDT:USDT,298.56,330.0,298.58,64.0,298.56,289829.5,
1753507269763,05:21:09.763,blofin,AAVE/USDT:USDT,298.56,234.0,298.58,72.0,298.56,289829.5,
1753507269763,05:21:09.763,blofin,AAVE/USDT:USDT,298.56,234.0,298.58,72.0,298.56,289829.5,
1753507269763,05:21:09.763,blofin,AAVE/USDT:USDT,298.56,230.0,298.58,68.0,298.56,289829.5,
1753507269763,05:21:09.763,blofin,AAVE/USDT:USDT,298.56,290.0,298.58,71.0,298.56,289829.5,
1753507269763,05:21:09.763,blofin,AAVE/USDT:USDT,298.56,214.0,298.58,73.0,298.56,289829.5,
1753507269763,05:21:09.763,blofin,AAVE/USDT:USDT,298.56,214.0,298.58,73.0,298.56,289829.5,
1753507269763,05:21:09.763,blofin,AAVE/USDT:USDT,298.57,194.0,298.58,63.0,298.56,289829.5,
1753507269763,05:21:09.763,blofin,AAVE/USDT:USDT,298.57,194.0,298.58,63.0,298.56,289829.5,
1753507269763,05:21:09.763,blofin,AAVE/USDT:USDT,298.57,194.0,298.58,63.0,298.56,289829.5,
1753507269763,05:21:09.763,blofin,AAVE/USDT:USDT,298.57,233.0,298.58,63.0,298.56,289829.5,
1753507269763,05:21:09.763,blofin,AAVE/USDT:USDT,298.57,280.0,298.58,59.0,298.56,289829.5,
1753507269763,05:21:09.763,blofin,AAVE/USDT:USDT,298.57,281.0,298.58,59.0,298.56,289829.5,
1753507269763,05:21:09.763,blofin,AAVE/USDT:USDT,298.57,281.0,298.58,59.0,298.56,289829.5,
1753507269763,05:21:09.763,blofin,AAVE/USDT:USDT,298.57,376.0,298.58,59.0,298.56,289829.5,
1753507269763,05:21:09.763,blofin,AAVE/USDT:USDT,298.57,115.0,298.58,59.0,298.56,289829.5,
1753507269763,05:21:09.763,blofin,AAVE/USDT:USDT,298.57,115.0,298.58,59.0,298.56,289829.5,
1753507269763,05:21:09.763,blofin,AAVE/USDT:USDT,298.57,115.0,298.58,59.0,298.56,289829.5,
1753507269763,05:21:09.763,blofin,AAVE/USDT:USDT,298.57,91.0,298.58,59.0,298.56,289829.5,
1753507269763,05:21:09.763,blofin,AAVE/USDT:USDT,298.57,58.0,298.58,59.0,298.56,289829.5,
1753507269763,05:21:09.763,blofin,AAVE/USDT:USDT,298.57,58.0,298.58,59.0,298.56,289829.5,
1753507269763,05:21:09.763,blofin,AAVE/USDT:USDT,298.57,58.0,298.58,59.0,298.56,289829.5,
1753507269763,05:21:09.763,blofin,AAVE/USDT:USDT,298.57,227.0,298.58,59.0,298.56,289829.5,
1753507269763,05:21:09.763,blofin,AAVE/USDT:USDT,298.57,227.0,298.58,59.0,298.56,289829.5,
1753507269763,05:21:09.763,blofin,AAVE/USDT:USDT,298.57,230.0,298.59,175.0,298.56,289829.5,
1753507269763,05:21:09.763,blofin,AAVE/USDT:USDT,298.57,77.0,298.59,177.0,298.56,289829.5,
1753507269763,05:21:09.763,blofin,AAVE/USDT:USDT,298.57,77.0,298.59,177.0,298.56,289829.5,
1753507269763,05:21:09.763,blofin,AAVE/USDT:USDT,298.57,77.0,298.59,177.0,298.56,289829.5,
1753507269763,05:21:09.763,blofin,AAVE/USDT:USDT,298.57,224.0,298.59,7.0,298.56,289829.5,
1753507269763,05:21:09.763,blofin,AAVE/USDT:USDT,298.57,224.0,298.59,7.0,298.56,289829.5,
1753507269763,05:21:09.763,blofin,AAVE/USDT:USDT,298.57,225.0,298.59,7.0,298.56,289829.5,
1753507269763,05:21:09.763,blofin,AAVE/USDT:USDT,298.57,82.0,298.59,113.0,298.56,289829.5,
1753507269763,05:21:09.763,blofin,AAVE/USDT:USDT,298.57,84.0,298.59,112.0,298.56,289829.5,
1753507269763,05:21:09.763,blofin,AAVE/USDT:USDT,298.57,84.0,298.59,112.0,298.56,289829.5,
1753507269763,05:21:09.763,blofin,AAVE/USDT:USDT,298.57,178.0,298.59,112.0,298.56,289829.5,
1753507269763,05:21:09.763,blofin,AAVE/USDT:USDT,298.57,80.0,298.59,112.0,298.56,289829.5,
1753507269763,05:21:09.763,blofin,AAVE/USDT:USDT,298.57,39.0,298.59,6.0,298.56,289829.5,
1753507269763,05:21:09.763,blofin,AAVE/USDT:USDT,298.57,39.0,298.59,3.0,298.56,289829.5,
1753507269763,05:21:09.763,blofin,AAVE/USDT:USDT,298.57,59.0,298.59,124.0,298.56,289829.5,
1753507269763,05:21:09.763,blofin,AAVE/USDT:USDT,298.57,59.0,298.59,124.0,298.56,289829.5,
1753507269763,05:21:09.763,blofin,AAVE/USDT:USDT,298.54,30.0,298.56,380.0,298.56,289829.5,
1753507269763,05:21:09.763,blofin,AAVE/USDT:USDT,298.52,3.0,298.55,408.0,298.56,289829.5,
1753507269763,05:21:09.763,blofin,AAVE/USDT:USDT,298.52,24.0,298.55,521.0,298.56,289829.5,
1753507269763,05:21:09.763,blofin,AAVE/USDT:USDT,298.52,23.0,298.54,419.0,298.56,289829.5,
1753507269763,05:21:09.763,blofin,AAVE/USDT:USDT,298.52,23.0,298.54,419.0,298.56,289829.5,
1753507269763,05:21:09.763,blofin,AAVE/USDT:USDT,298.52,23.0,298.54,422.0,298.56,289829.5,
1753507269763,05:21:09.763,blofin,AAVE/USDT:USDT,298.52,23.0,298.55,398.0,298.56,289829.5,
1753507269763,05:21:09.763,blofin,AAVE/USDT:USDT,298.52,2.0,298.54,355.0,298.56,289829.5,
1753507269763,05:21:09.763,blofin,AAVE/USDT:USDT,298.52,2.0,298.54,355.0,298.56,289829.5,
1753507269763,05:21:09.763,blofin,AAVE/USDT:USDT,298.52,2.0,298.54,357.0,298.56,289829.5,
1753507269763,05:21:09.763,blofin,AAVE/USDT:USDT,298.5,259.0,298.52,434.0,298.56,289829.5,
1753507269763,05:21:09.763,blofin,AAVE/USDT:USDT,298.5,258.0,298.52,435.0,298.56,289829.5,
1753507269763,05:21:09.763,blofin,AAVE/USDT:USDT,298.5,258.0,298.52,435.0,298.56,289829.5,
1753507269763,05:21:09.763,blofin,AAVE/USDT:USDT,298.5,281.0,298.52,241.0,298.56,289829.5,
1753507269763,05:21:09.763,blofin,AAVE/USDT:USDT,298.5,268.0,298.52,129.0,298.56,289829.5,
1753507269763,05:21:09.763,blofin,AAVE/USDT:USDT,298.5,294.0,298.52,243.0,298.56,289829.5,
1753507269763,05:21:09.763,blofin,AAVE/USDT:USDT,298.5,294.0,298.52,243.0,298.56,289829.5,
1753507269763,05:21:09.763,blofin,AAVE/USDT:USDT,298.5,294.0,298.52,243.0,298.56,289829.5,
1753507269763,05:21:09.763,blofin,AAVE/USDT:USDT,298.5,242.0,298.52,149.0,298.56,289829.5,
1753507269763,05:21:09.763,blofin,AAVE/USDT:USDT,298.5,239.0,298.52,149.0,298.56,289829.5,
1753507269763,05:21:09.763,blofin,AAVE/USDT:USDT,298.5,239.0,298.52,3.0,298.56,289829.5,
1753507269763,05:21:09.763,blofin,AAVE/USDT:USDT,298.5,243.0,298.53,288.0,298.56,289829.5,
1753507269763,05:21:09.763,blofin,AAVE/USDT:USDT,298.5,235.0,298.52,332.0,298.56,289829.5,
1753507269763,05:21:09.763,blofin,AAVE/USDT:USDT,298.5,235.0,298.52,332.0,298.56,289829.5,
1753507269763,05:21:09.763,blofin,AAVE/USDT:USDT,298.5,304.0,298.53,199.0,298.56,289829.5,
1753507269763,05:21:09.763,blofin,AAVE/USDT:USDT,298.5,324.0,298.52,293.0,298.56,289829.5,
1753507269763,05:21:09.763,blofin,AAVE/USDT:USDT,298.5,324.0,298.52,295.0,298.56,289829.5,
1753507269763,05:21:09.763,blofin,AAVE/USDT:USDT,298.5,348.0,298.52,295.0,298.56,289829.5,
1753507269763,05:21:09.763,blofin,AAVE/USDT:USDT,298.5,348.0,298.52,295.0,298.56,289829.5,
1753507269763,05:21:09.763,blofin,AAVE/USDT:USDT,298.5,347.0,298.52,295.0,298.56,289829.5,
1753507269763,05:21:09.763,blofin,AAVE/USDT:USDT,298.5,312.0,298.52,314.0,298.56,289829.5,
1753507269763,05:21:09.763,blofin,AAVE/USDT:USDT,298.5,312.0,298.52,311.0,298.56,289829.5,
1753507269763,05:21:09.763,blofin,AAVE/USDT:USDT,298.5,315.0,298.52,1.0,298.56,289829.5,
1753507269763,05:21:09.763,blofin,AAVE/USDT:USDT,298.5,315.0,298.52,1.0,298.56,289829.5,
1753507269763,05:21:09.763,blofin,AAVE/USDT:USDT,298.5,295.0,298.52,1.0,298.56,289829.5,
1753507269763,05:21:09.763,blofin,AAVE/USDT:USDT,298.5,237.0,298.52,188.0,298.56,289829.5,
1753507269763,05:21:09.763,blofin,AAVE/USDT:USDT,298.5,235.0,298.52,188.0,298.56,289829.5,
1753507269763,05:21:09.763,blofin,AAVE/USDT:USDT,298.5,235.0,298.52,188.0,298.56,289829.5,
1753507269763,05:21:09.763,blofin,AAVE/USDT:USDT,298.5,235.0,298.52,255.0,298.56,289829.5,
1753507269763,05:21:09.763,blofin,AAVE/USDT:USDT,298.5,366.0,298.52,207.0,298.56,289829.5,
1753507269763,05:21:09.763,blofin,AAVE/USDT:USDT,298.5,366.0,298.52,207.0,298.56,289829.5,
1753507269763,05:21:09.763,blofin,AAVE/USDT:USDT,298.5,366.0,298.52,207.0,298.56,289829.5,
1753507269763,05:21:09.763,blofin,AAVE/USDT:USDT,298.5,8.0,298.52,367.0,298.56,289829.5,
1753507269763,05:21:09.763,blofin,AAVE/USDT:USDT,298.5,134.0,298.52,228.0,298.56,289829.5,
1753507269763,05:21:09.763,blofin,AAVE/USDT:USDT,298.5,134.0,298.52,228.0,298.56,289829.5,
1753507269763,05:21:09.763,blofin,AAVE/USDT:USDT,298.5,134.0,298.52,230.0,298.56,289829.5,
1753507269763,05:21:09.763,blofin,AAVE/USDT:USDT,298.5,135.0,298.52,385.0,298.56,289829.5,
1753507269763,05:21:09.763,blofin,AAVE/USDT:USDT,298.5,135.0,298.52,372.0,298.56,289829.5,
1753507269763,05:21:09.763,blofin,AAVE/USDT:USDT,298.5,135.0,298.52,372.0,298.56,289829.5,
1753507269763,05:21:09.763,blofin,AAVE/USDT:USDT,298.5,135.0,298.52,374.0,298.56,289829.5,
1753507269763,05:21:09.763,blofin,AAVE/USDT:USDT,298.5,117.0,298.52,393.0,298.56,289829.5,
1753507269763,05:21:09.763,blofin,AAVE/USDT:USDT,298.5,119.0,298.52,391.0,298.56,289829.5,
1753507269763,05:21:09.763,blofin,AAVE/USDT:USDT,298.5,119.0,298.52,6.0,298.56,289829.5,
1753507269763,05:21:09.763,blofin,AAVE/USDT:USDT,298.5,119.0,298.52,6.0,298.56,289829.5,
1753507269763,05:21:09.763,blofin,AAVE/USDT:USDT,298.5,8.0,298.52,395.0,298.56,289829.5,
1753507269763,05:21:09.763,blofin,AAVE/USDT:USDT,298.5,3.0,298.52,395.0,298.56,289829.5,
1753507269763,05:21:09.763,blofin,AAVE/USDT:USDT,298.5,114.0,298.52,369.0,298.56,289829.5,
1753507269763,05:21:09.763,blofin,AAVE/USDT:USDT,298.5,114.0,298.52,369.0,298.56,289829.5,
1753507269763,05:21:09.763,blofin,AAVE/USDT:USDT,298.5,114.0,298.52,384.0,298.56,289829.5,
1753507269763,05:21:09.763,blofin,AAVE/USDT:USDT,298.5,114.0,298.52,340.0,298.56,289829.5,
1753507322068,05:22:02.068,blofin,AAVE/USDT:USDT,298.5,114.0,298.52,340.0,298.55,289662.5,
1753507322068,05:22:02.068,blofin,AAVE/USDT:USDT,298.53,111.0,298.55,341.0,298.55,289662.5,
1753507322068,05:22:02.068,blofin,AAVE/USDT:USDT,298.53,6.0,298.55,136.0,298.55,289662.5,
1753507322068,05:22:02.068,blofin,AAVE/USDT:USDT,298.53,6.0,298.55,136.0,298.55,289662.5,
1753507322068,05:22:02.068,blofin,AAVE/USDT:USDT,298.53,28.0,298.55,230.0,298.55,289662.5,
1753507322068,05:22:02.068,blofin,AAVE/USDT:USDT,298.53,28.0,298.55,228.0,298.55,289662.5,
1753507322068,05:22:02.068,blofin,AAVE/USDT:USDT,298.53,47.0,298.55,172.0,298.55,289662.5,
1753507322068,05:22:02.068,blofin,AAVE/USDT:USDT,298.53,47.0,298.55,172.0,298.55,289662.5,
1753507322068,05:22:02.068,blofin,AAVE/USDT:USDT,298.53,5.0,298.55,194.0,298.55,289662.5,
1753507322068,05:22:02.068,blofin,AAVE/USDT:USDT,298.53,5.0,298.55,211.0,298.55,289662.5,
1753507322068,05:22:02.068,blofin,AAVE/USDT:USDT,298.53,5.0,298.55,211.0,298.55,289662.5,
1753507322068,05:22:02.068,blofin,AAVE/USDT:USDT,298.53,6.0,298.55,211.0,298.55,289662.5,
1753507322068,05:22:02.068,blofin,AAVE/USDT:USDT,298.53,4.0,298.55,198.0,298.55,289662.5,
1753507322068,05:22:02.068,blofin,AAVE/USDT:USDT,298.53,46.0,298.55,60.0,298.55,289662.5,
1753507322068,05:22:02.068,blofin,AAVE/USDT:USDT,298.53,46.0,298.55,60.0,298.55,289662.5,
1753507322068,05:22:02.068,blofin,AAVE/USDT:USDT,298.53,47.0,298.55,60.0,298.55,289662.5,
1753507322068,05:22:02.068,blofin,AAVE/USDT:USDT,298.53,46.0,298.55,188.0,298.55,289662.5,
1753507322068,05:22:02.068,blofin,AAVE/USDT:USDT,298.53,46.0,298.55,188.0,298.55,289662.5,
1753507322068,05:22:02.068,blofin,AAVE/USDT:USDT,298.53,28.0,298.55,71.0,298.55,289662.5,
1753507322068,05:22:02.068,blofin,AAVE/USDT:USDT,298.53,4.0,298.55,171.0,298.55,289662.5,
1753507322068,05:22:02.068,blofin,AAVE/USDT:USDT,298.53,4.0,298.55,169.0,298.55,289662.5,
1753507322068,05:22:02.068,blofin,AAVE/USDT:USDT,298.53,4.0,298.55,169.0,298.55,289662.5,
1753507322068,05:22:02.068,blofin,AAVE/USDT:USDT,298.52,9.0,298.55,168.0,298.55,289662.5,
1753507322068,05:22:02.068,blofin,AAVE/USDT:USDT,298.53,26.0,298.55,77.0,298.55,289662.5,
1753507322068,05:22:02.068,blofin,AAVE/USDT:USDT,298.53,7.0,298.55,176.0,298.55,289662.5,
1753507322068,05:22:02.068,blofin,AAVE/USDT:USDT,298.53,7.0,298.55,176.0,298.55,289662.5,
1753507322068,05:22:02.068,blofin,AAVE/USDT:USDT,298.53,7.0,298.55,201.0,298.55,289662.5,
1753507322068,05:22:02.068,blofin,AAVE/USDT:USDT,298.53,5.0,298.55,270.0,298.55,289662.5,
1753507322068,05:22:02.068,blofin,AAVE/USDT:USDT,298.53,5.0,298.55,270.0,298.55,289662.5,
1753507322068,05:22:02.068,blofin,AAVE/USDT:USDT,298.53,5.0,298.55,270.0,298.55,289662.5,
1753507322068,05:22:02.068,blofin,AAVE/USDT:USDT,298.53,24.0,298.55,166.0,298.55,289662.5,
1753507322068,05:22:02.068,blofin,AAVE/USDT:USDT,298.53,22.0,298.55,170.0,298.55,289662.5,
1753507322068,05:22:02.068,blofin,AAVE/USDT:USDT,298.53,22.0,298.55,171.0,298.55,289662.5,
1753507322068,05:22:02.068,blofin,AAVE/USDT:USDT,298.53,22.0,298.55,171.0,298.55,289662.5,
1753507322068,05:22:02.068,blofin,AAVE/USDT:USDT,298.53,42.0,298.55,120.0,298.55,289662.5,
1753507322068,05:22:02.068,blofin,AAVE/USDT:USDT,298.53,25.0,298.55,4.0,298.55,289662.5,
1753507322068,05:22:02.068,blofin,AAVE/USDT:USDT,298.53,25.0,298.55,4.0,298.55,289662.5,
1753507322068,05:22:02.068,blofin,AAVE/USDT:USDT,298.53,25.0,298.55,4.0,298.55,289662.5,
1753507322068,05:22:02.068,blofin,AAVE/USDT:USDT,298.53,50.0,298.55,175.0,298.55,289662.5,
1753507322068,05:22:02.068,blofin,AAVE/USDT:USDT,298.53,6.0,298.55,300.0,298.55,289662.5,
1753507322068,05:22:02.068,blofin,AAVE/USDT:USDT,298.53,6.0,298.55,300.0,298.55,289662.5,
1753507322068,05:22:02.068,blofin,AAVE/USDT:USDT,298.53,3.0,298.55,300.0,298.55,289662.5,
1753507342768,05:22:22.768,blofin,AAVE/USDT:USDT,298.66,73.0,298.72,26.0,298.71,289663.5,
1753507342768,05:22:22.768,blofin,AAVE/USDT:USDT,298.66,73.0,298.72,26.0,298.71,289663.5,
1753507342768,05:22:22.768,blofin,AAVE/USDT:USDT,298.69,67.0,298.72,70.0,298.71,289663.5,
1753507342768,05:22:22.768,blofin,AAVE/USDT:USDT,298.69,68.0,298.72,70.0,298.71,289663.5,
1753507344750,05:22:24.750,blofin,AAVE/USDT:USDT,298.64,780.0,298.68,278.0,298.64,289674.5,
1753507344750,05:22:24.750,blofin,AAVE/USDT:USDT,298.64,780.0,298.68,278.0,298.64,289674.5,
1753507344750,05:22:24.750,blofin,AAVE/USDT:USDT,298.66,48.0,298.68,347.0,298.64,289674.5,
1753507344750,05:22:24.750,blofin,AAVE/USDT:USDT,298.66,48.0,298.68,349.0,298.64,289674.5,
1753507346868,05:22:26.868,blofin,AAVE/USDT:USDT,298.81,35.0,298.85,20.0,298.84,289689.5,
1753507346868,05:22:26.868,blofin,AAVE/USDT:USDT,298.78,25.0,298.8,15.0,298.84,289689.5,
1753507348165,05:22:28.165,blofin,AAVE/USDT:USDT,298.78,25.0,298.8,15.0,298.77,289704.5,
1753507348165,05:22:28.165,blofin,AAVE/USDT:USDT,298.77,169.0,298.79,565.0,298.77,289704.5,
1753507348165,05:22:28.165,blofin,AAVE/USDT:USDT,298.77,58.0,298.79,3.0,298.77,289704.5,
1753507348165,05:22:28.165,blofin,AAVE/USDT:USDT,298.77,58.0,298.79,3.0,298.77,289704.5,
1753507348165,05:22:28.165,blofin,AAVE/USDT:USDT,298.77,62.0,298.79,323.0,298.77,289704.5,
1753507350255,05:22:30.255,blofin,AAVE/USDT:USDT,298.86,54.0,298.88,156.0,298.91,289711.5,
1753507350255,05:22:30.255,blofin,AAVE/USDT:USDT,298.86,54.0,298.88,156.0,298.91,289711.5,
1753507350255,05:22:30.255,blofin,AAVE/USDT:USDT,298.83,4.0,298.86,226.0,298.91,289711.5,
1753507350255,05:22:30.255,blofin,AAVE/USDT:USDT,298.83,36.0,298.85,187.0,298.91,289711.5,
1753507352449,05:22:32.449,blofin,AAVE/USDT:USDT,298.83,36.0,298.85,187.0,298.79,289713.5,
1753507352449,05:22:32.449,blofin,AAVE/USDT:USDT,298.79,50.0,298.81,3.0,298.79,289713.5,
1753507353655,05:22:33.655,blofin,AAVE/USDT:USDT,298.8,2.0,298.82,25.0,298.92,289717.5,
1753507353655,05:22:33.655,blofin,AAVE/USDT:USDT,298.94,19.0,298.96,6.0,298.92,289717.5,
1753507353655,05:22:33.655,blofin,AAVE/USDT:USDT,298.94,19.0,298.96,6.0,298.92,289717.5,
1753507353655,05:22:33.655,blofin,AAVE/USDT:USDT,298.9,23.0,298.92,162.0,298.92,289717.5,
1753507353655,05:22:33.655,blofin,AAVE/USDT:USDT,298.88,24.0,298.91,213.0,298.92,289717.5,
1753507353655,05:22:33.655,blofin,AAVE/USDT:USDT,298.88,24.0,298.91,213.0,298.92,289717.5,
1753507353655,05:22:33.655,blofin,AAVE/USDT:USDT,298.88,24.0,298.91,213.0,298.92,289717.5,
1753507353655,05:22:33.655,blofin,AAVE/USDT:USDT,298.89,4.0,298.91,244.0,298.92,289717.5,
1753507353655,05:22:33.655,blofin,AAVE/USDT:USDT,298.89,5.0,298.91,240.0,298.92,289717.5,
1753507353655,05:22:33.655,blofin,AAVE/USDT:USDT,298.89,5.0,298.91,240.0,298.92,289717.5,
1753507358356,05:22:38.356,blofin,AAVE/USDT:USDT,298.97,18.0,299.0,68.0,298.97,289719.5,
1753507358356,05:22:38.356,blofin,AAVE/USDT:USDT,298.98,24.0,299.0,68.0,298.97,289719.5,
1753507358356,05:22:38.356,blofin,AAVE/USDT:USDT,298.97,18.0,298.99,124.0,298.97,289719.5,
1753507358356,05:22:38.356,blofin,AAVE/USDT:USDT,298.97,18.0,298.99,124.0,298.97,289719.5,
1753507358356,05:22:38.356,blofin,AAVE/USDT:USDT,298.97,18.0,298.99,124.0,298.97,289719.5,
1753507358356,05:22:38.356,blofin,AAVE/USDT:USDT,298.97,19.0,298.99,120.0,298.97,289719.5,
1753507358356,05:22:38.356,blofin,AAVE/USDT:USDT,298.97,19.0,298.99,120.0,298.97,289719.5,
1753507358356,05:22:38.356,blofin,AAVE/USDT:USDT,298.97,42.0,298.99,45.0,298.97,289719.5,
1753507358356,05:22:38.356,blofin,AAVE/USDT:USDT,298.97,40.0,298.99,44.0,298.97,289719.5,
1753507358356,05:22:38.356,blofin,AAVE/USDT:USDT,298.97,40.0,298.99,41.0,298.97,289719.5,
1753507363557,05:22:43.557,blofin,AAVE/USDT:USDT,298.97,40.0,298.99,41.0,299.13,289724.5,
1753507363557,05:22:43.557,blofin,AAVE/USDT:USDT,299.16,24.0,299.18,29.0,299.13,289724.5,
1753507363557,05:22:43.557,blofin,AAVE/USDT:USDT,299.1,20.0,299.14,283.0,299.13,289724.5,
1753507363557,05:22:43.557,blofin,AAVE/USDT:USDT,299.1,20.0,299.14,283.0,299.13,289724.5,
1753507363557,05:22:43.557,blofin,AAVE/USDT:USDT,299.09,19.0,299.11,52.0,299.13,289724.5,
1753507365763,05:22:45.763,blofin,AAVE/USDT:USDT,299.11,46.0,299.14,48.0,299.14,289726.5,
1753507365763,05:22:45.763,blofin,AAVE/USDT:USDT,299.11,46.0,299.14,48.0,299.14,289726.5,
1753507367053,05:22:47.053,blofin,AAVE/USDT:USDT,299.13,27.0,299.18,29.0,299.25,289733.1,
1753507367053,05:22:47.053,blofin,AAVE/USDT:USDT,299.26,201.0,299.27,0.5,299.25,289733.1,
1753507367053,05:22:47.053,blofin,AAVE/USDT:USDT,299.26,63.0,299.27,0.5,299.25,289733.1,
1753507368451,05:22:48.451,blofin,AAVE/USDT:USDT,299.26,63.0,299.27,0.5,299.26,289741.1,
1753507368451,05:22:48.451,blofin,AAVE/USDT:USDT,299.26,1016.0,299.27,0.5,299.26,289741.1,
1753507368451,05:22:48.451,blofin,AAVE/USDT:USDT,299.26,510.0,299.27,0.5,299.26,289741.1,
1753507370454,05:22:50.454,blofin,AAVE/USDT:USDT,299.24,79.0,299.27,0.5,299.24,289747.1,
1753507370454,05:22:50.454,blofin,AAVE/USDT:USDT,299.24,79.0,299.27,0.5,299.24,289747.1,
1753507371549,05:22:51.549,blofin,AAVE/USDT:USDT,299.25,29.0,299.27,0.5,299.25,289762.1,
1753507371549,05:22:51.549,blofin,AAVE/USDT:USDT,299.25,5.0,299.26,299.0,299.25,289762.1,
1753507371549,05:22:51.549,blofin,AAVE/USDT:USDT,299.24,6.0,299.26,306.0,299.25,289762.1,
1753507371549,05:22:51.549,blofin,AAVE/USDT:USDT,299.19,26.0,299.22,152.0,299.25,289762.1,
1753507371549,05:22:51.549,blofin,AAVE/USDT:USDT,299.19,26.0,299.22,152.0,299.25,289762.1,
1753507371549,05:22:51.549,blofin,AAVE/USDT:USDT,299.19,38.0,299.21,229.0,299.25,289762.1,
1753507371549,05:22:51.549,blofin,AAVE/USDT:USDT,299.19,38.0,299.21,229.0,299.25,289762.1,
1753507371549,05:22:51.549,blofin,AAVE/USDT:USDT,299.15,120.0,299.17,167.0,299.25,289762.1,
1753507371549,05:22:51.549,blofin,AAVE/USDT:USDT,299.12,152.0,299.13,148.0,299.25,289762.1,
1753507371549,05:22:51.549,blofin,AAVE/USDT:USDT,299.12,152.0,299.13,148.0,299.25,289762.1,
1753507371549,05:22:51.549,blofin,AAVE/USDT:USDT,299.12,152.0,299.13,148.0,299.25,289762.1,
1753507371549,05:22:51.549,blofin,AAVE/USDT:USDT,299.12,152.0,299.14,109.0,299.25,289762.1,
1753507371549,05:22:51.549,blofin,AAVE/USDT:USDT,299.12,152.0,299.14,110.0,299.25,289762.1,
1753507371549,05:22:51.549,blofin,AAVE/USDT:USDT,299.12,152.0,299.14,110.0,299.25,289762.1,
1753507371549,05:22:51.549,blofin,AAVE/USDT:USDT,299.12,152.0,299.14,110.0,299.25,289762.1,
1753507371549,05:22:51.549,blofin,AAVE/USDT:USDT,299.12,152.0,299.13,128.0,299.25,289762.1,
1753507371549,05:22:51.549,blofin,AAVE/USDT:USDT,299.12,152.0,299.13,129.0,299.25,289762.1,
1753507371549,05:22:51.549,blofin,AAVE/USDT:USDT,299.12,152.0,299.13,132.0,299.25,289762.1,
1753507380550,05:23:00.550,blofin,AAVE/USDT:USDT,299.12,152.0,299.13,132.0,299.12,289676.1,
1753507380550,05:23:00.550,blofin,AAVE/USDT:USDT,299.15,309.0,299.19,530.0,299.12,289676.1,
1753507380550,05:23:00.550,blofin,AAVE/USDT:USDT,299.15,309.0,299.19,530.0,299.12,289676.1,
1753507381954,05:23:01.954,blofin,AAVE/USDT:USDT,299.15,311.0,299.19,530.0,299.25,289691.1,
1753507381954,05:23:01.954,blofin,AAVE/USDT:USDT,299.25,973.0,299.27,0.5,299.25,289691.1,
1753507382956,05:23:02.956,blofin,AAVE/USDT:USDT,299.25,312.0,299.27,0.5,299.25,289700.1,
1753507382956,05:23:02.956,blofin,AAVE/USDT:USDT,299.25,312.0,299.27,0.5,299.25,289700.1,
1753507382956,05:23:02.956,blofin,AAVE/USDT:USDT,299.25,18.0,299.27,85.5,299.25,289700.1,
1753507382956,05:23:02.956,blofin,AAVE/USDT:USDT,299.25,21.0,299.27,85.5,299.25,289700.1,
1753507382956,05:23:02.956,blofin,AAVE/USDT:USDT,299.21,91.0,299.23,4.0,299.25,289700.1,
1753507382956,05:23:02.956,blofin,AAVE/USDT:USDT,299.21,91.0,299.24,72.0,299.25,289700.1,
1753507382956,05:23:02.956,blofin,AAVE/USDT:USDT,299.21,91.0,299.24,72.0,299.25,289700.1,
1753507382956,05:23:02.956,blofin,AAVE/USDT:USDT,299.22,26.0,299.24,14.0,299.25,289700.1,
1753507382956,05:23:02.956,blofin,AAVE/USDT:USDT,299.22,26.0,299.24,45.0,299.25,289700.1,
1753507382956,05:23:02.956,blofin,AAVE/USDT:USDT,299.22,26.0,299.24,45.0,299.25,289700.1,
1753507382956,05:23:02.956,blofin,AAVE/USDT:USDT,299.22,3.0,299.24,27.0,299.25,289700.1,
1753507382956,05:23:02.956,blofin,AAVE/USDT:USDT,299.21,25.0,299.24,27.0,299.25,289700.1,
1753507389052,05:23:09.052,blofin,AAVE/USDT:USDT,299.21,43.0,299.24,36.0,299.21,289707.1,
1753507389052,05:23:09.052,blofin,AAVE/USDT:USDT,299.19,25.0,299.21,66.0,299.21,289707.1,
1753507389052,05:23:09.052,blofin,AAVE/USDT:USDT,299.18,40.0,299.2,68.0,299.21,289707.1,
1753507389052,05:23:09.052,blofin,AAVE/USDT:USDT,299.18,40.0,299.2,68.0,299.21,289707.1,
1753507389052,05:23:09.052,blofin,AAVE/USDT:USDT,299.18,20.0,299.2,74.0,299.21,289707.1,
1753507389052,05:23:09.052,blofin,AAVE/USDT:USDT,299.18,20.0,299.2,74.0,299.21,289707.1,
1753507389052,05:23:09.052,blofin,AAVE/USDT:USDT,299.18,20.0,299.2,76.0,299.21,289707.1,
1753507389052,05:23:09.052,blofin,AAVE/USDT:USDT,299.18,78.0,299.2,134.0,299.21,289707.1,
1753507389052,05:23:09.052,blofin,AAVE/USDT:USDT,299.14,194.0,299.15,293.0,299.21,289707.1,
1753507389052,05:23:09.052,blofin,AAVE/USDT:USDT,299.14,194.0,299.15,293.0,299.21,289707.1,
1753507389052,05:23:09.052,blofin,AAVE/USDT:USDT,299.14,194.0,299.15,293.0,299.21,289707.1,
1753507389052,05:23:09.052,blofin,AAVE/USDT:USDT,299.14,261.0,299.16,1.0,299.21,289707.1,
1753507389052,05:23:09.052,blofin,AAVE/USDT:USDT,299.14,2.0,299.15,5.0,299.21,289707.1,
1753507395553,05:23:15.553,blofin,AAVE/USDT:USDT,299.12,153.0,299.13,120.0,299.13,289710.1,
1753507395553,05:23:15.553,blofin,AAVE/USDT:USDT,299.12,153.0,299.13,120.0,299.13,289710.1,
1753507395553,05:23:15.553,blofin,AAVE/USDT:USDT,299.12,153.0,299.13,93.0,299.13,289710.1,
1753507395553,05:23:15.553,blofin,AAVE/USDT:USDT,299.09,81.0,299.11,91.0,299.13,289710.1,
1753507395553,05:23:15.553,blofin,AAVE/USDT:USDT,299.09,255.0,299.11,24.0,299.13,289710.1,
1753507395553,05:23:15.553,blofin,AAVE/USDT:USDT,299.09,255.0,299.11,24.0,299.13,289710.1,
1753507395553,05:23:15.553,blofin,AAVE/USDT:USDT,299.09,255.0,299.11,23.0,299.13,289710.1,
1753507395553,05:23:15.553,blofin,AAVE/USDT:USDT,299.09,259.0,299.11,5.0,299.13,289710.1,
1753507395553,05:23:15.553,blofin,AAVE/USDT:USDT,299.09,260.0,299.11,5.0,299.13,289710.1,
1753507395553,05:23:15.553,blofin,AAVE/USDT:USDT,299.09,260.0,299.11,5.0,299.13,289710.1,
1753507400452,05:23:20.452,blofin,AAVE/USDT:USDT,299.09,253.0,299.11,5.0,299.05,289720.1,
1753507400452,05:23:20.452,blofin,AAVE/USDT:USDT,299.04,200.0,299.05,272.0,299.05,289720.1,
1753507400452,05:23:20.452,blofin,AAVE/USDT:USDT,298.97,59.0,298.98,216.0,299.05,289720.1,
1753507400452,05:23:20.452,blofin,AAVE/USDT:USDT,298.97,59.0,298.98,216.0,299.05,289720.1,
1753507402255,05:23:22.255,blofin,AAVE/USDT:USDT,298.97,59.0,298.98,106.0,298.95,289728.1,
1753507402255,05:23:22.255,blofin,AAVE/USDT:USDT,298.93,29.0,298.95,3.0,298.95,289728.1,
1753507402255,05:23:22.255,blofin,AAVE/USDT:USDT,298.93,28.0,298.95,3.0,298.95,289728.1,
1753507403762,05:23:23.762,blofin,AAVE/USDT:USDT,298.93,28.0,298.95,3.0,298.86,289729.1,
1753507403762,05:23:23.762,blofin,AAVE/USDT:USDT,298.76,40.0,298.78,184.0,298.86,289729.1,
1753507405051,05:23:25.051,blofin,AAVE/USDT:USDT,298.71,50.0,298.72,317.0,298.74,289736.1,
1753507405051,05:23:25.051,blofin,AAVE/USDT:USDT,298.71,50.0,298.72,317.0,298.74,289736.1,
1753507405051,05:23:25.051,blofin,AAVE/USDT:USDT,298.71,50.0,298.73,197.0,298.74,289736.1,
1753507406254,05:23:26.254,blofin,AAVE/USDT:USDT,298.66,108.0,298.67,347.0,298.67,289751.1,
1753507406254,05:23:26.254,blofin,AAVE/USDT:USDT,298.66,108.0,298.68,341.0,298.67,289751.1,
1753507406254,05:23:26.254,blofin,AAVE/USDT:USDT,298.66,108.0,298.68,341.0,298.67,289751.1,
1753507406254,05:23:26.254,blofin,AAVE/USDT:USDT,298.67,173.0,298.68,2.0,298.67,289751.1,
1753507406254,05:23:26.254,blofin,AAVE/USDT:USDT,298.75,268.0,298.77,63.0,298.67,289751.1,
1753507406254,05:23:26.254,blofin,AAVE/USDT:USDT,298.75,268.0,298.77,63.0,298.67,289751.1,
1753507406254,05:23:26.254,blofin,AAVE/USDT:USDT,298.75,440.0,298.77,39.0,298.67,289751.1,
1753507409950,05:23:29.950,blofin,AAVE/USDT:USDT,298.75,442.0,298.77,39.0,298.79,289764.1,
1753507409950,05:23:29.950,blofin,AAVE/USDT:USDT,298.8,141.0,298.83,55.0,298.79,289764.1,
1753507409950,05:23:29.950,blofin,AAVE/USDT:USDT,298.8,141.0,298.83,55.0,298.79,289764.1,
1753507409950,05:23:29.950,blofin,AAVE/USDT:USDT,298.8,52.0,298.82,37.0,298.79,289764.1,
1753507409950,05:23:29.950,blofin,AAVE/USDT:USDT,298.8,52.0,298.82,41.0,298.79,289764.1,
1753507412455,05:23:32.455,blofin,AAVE/USDT:USDT,298.8,32.0,298.82,4.0,298.88,289768.1,
1753507412455,05:23:32.455,blofin,AAVE/USDT:USDT,298.89,220.0,298.93,914.0,298.88,289768.1,
1753507412455,05:23:32.455,blofin,AAVE/USDT:USDT,298.89,220.0,298.93,914.0,298.88,289768.1,
1753507412455,05:23:32.455,blofin,AAVE/USDT:USDT,298.85,20.0,298.88,67.0,298.88,289768.1,
1753507412455,05:23:32.455,blofin,AAVE/USDT:USDT,298.85,20.0,298.87,68.0,298.88,289768.1,
1753507415056,05:23:35.056,blofin,AAVE/USDT:USDT,298.85,20.0,298.87,68.0,298.85,289773.1,
1753507415056,05:23:35.056,blofin,AAVE/USDT:USDT,298.85,20.0,298.87,1.0,298.85,289773.1,
1753507415056,05:23:35.056,blofin,AAVE/USDT:USDT,298.85,4.0,298.87,64.0,298.85,289773.1,
1753507415056,05:23:35.056,blofin,AAVE/USDT:USDT,298.84,41.0,298.87,64.0,298.85,289773.1,
1753507415056,05:23:35.056,blofin,AAVE/USDT:USDT,298.84,41.0,298.87,64.0,298.85,289773.1,
1753507415056,05:23:35.056,blofin,AAVE/USDT:USDT,298.85,1.0,298.87,51.0,298.85,289773.1,
1753507418355,05:23:38.355,blofin,AAVE/USDT:USDT,298.9,9.0,298.93,684.0,298.93,289780.1,
1753507418355,05:23:38.355,blofin,AAVE/USDT:USDT,298.9,9.0,298.93,684.0,298.93,289780.1,
1753507418355,05:23:38.355,blofin,AAVE/USDT:USDT,298.9,9.0,298.93,684.0,298.93,289780.1,
1753507418355,05:23:38.355,blofin,AAVE/USDT:USDT,298.95,224.0,298.97,75.0,298.93,289780.1,
1753507418355,05:23:38.355,blofin,AAVE/USDT:USDT,298.95,224.0,298.97,75.0,298.93,289780.1,
1753507418355,05:23:38.355,blofin,AAVE/USDT:USDT,298.95,224.0,298.97,75.0,298.93,289780.1,
1753507418355,05:23:38.355,blofin,AAVE/USDT:USDT,298.95,57.0,298.97,576.0,298.93,289780.1,
1753507418355,05:23:38.355,blofin,AAVE/USDT:USDT,298.95,17.0,298.97,578.0,298.93,289780.1,
1753507418355,05:23:38.355,blofin,AAVE/USDT:USDT,298.95,17.0,298.97,578.0,298.93,289780.1,
1753507418355,05:23:38.355,blofin,AAVE/USDT:USDT,298.95,17.0,298.97,578.0,298.93,289780.1,
1753507418355,05:23:38.355,blofin,AAVE/USDT:USDT,298.95,16.0,298.97,498.0,298.93,289780.1,
1753507418355,05:23:38.355,blofin,AAVE/USDT:USDT,298.95,16.0,298.97,498.0,298.93,289780.1,
1753507418355,05:23:38.355,blofin,AAVE/USDT:USDT,298.94,47.0,298.97,498.0,298.93,289780.1,
1753507418355,05:23:38.355,blofin,AAVE/USDT:USDT,298.95,35.0,298.97,554.0,298.93,289780.1,
1753507418355,05:23:38.355,blofin,AAVE/USDT:USDT,298.95,35.0,298.97,554.0,298.93,289780.1,
1753507418355,05:23:38.355,blofin,AAVE/USDT:USDT,298.95,35.0,298.97,554.0,298.93,289780.1,
1753507426848,05:23:46.848,blofin,AAVE/USDT:USDT,298.93,31.0,298.95,552.0,298.95,289792.1,
1753507426848,05:23:46.848,blofin,AAVE/USDT:USDT,298.93,36.0,298.95,552.0,298.95,289792.1,
1753507426848,05:23:46.848,blofin,AAVE/USDT:USDT,298.93,36.0,298.95,552.0,298.95,289792.1,
1753507426848,05:23:46.848,blofin,AAVE/USDT:USDT,298.93,25.0,298.95,202.0,298.95,289792.1,
1753507426848,05:23:46.848,blofin,AAVE/USDT:USDT,298.93,49.0,298.95,167.0,298.95,289792.1,
1753507426848,05:23:46.848,blofin,AAVE/USDT:USDT,298.93,49.0,298.95,167.0,298.95,289792.1,
1753507426848,05:23:46.848,blofin,AAVE/USDT:USDT,298.93,49.0,298.95,168.0,298.95,289792.1,
1753507430953,05:23:50.953,blofin,AAVE/USDT:USDT,298.94,130.0,298.95,5.0,298.98,289800.1,
1753507430953,05:23:50.953,blofin,AAVE/USDT:USDT,298.94,130.0,298.95,5.0,298.98,289800.1,
1753507430953,05:23:50.953,blofin,AAVE/USDT:USDT,298.9,20.0,298.92,98.0,298.98,289800.1,
1753507432453,05:23:52.453,blofin,AAVE/USDT:USDT,298.92,156.0,298.99,695.0,298.94,289807.1,
1753507432453,05:23:52.453,blofin,AAVE/USDT:USDT,298.92,24.0,298.95,52.0,298.94,289807.1,
1753507432453,05:23:52.453,blofin,AAVE/USDT:USDT,298.92,24.0,298.95,55.0,298.94,289807.1,
1753507432453,05:23:52.453,blofin,AAVE/USDT:USDT,298.92,24.0,298.95,55.0,298.94,289807.1,
1753507432453,05:23:52.453,blofin,AAVE/USDT:USDT,298.92,109.0,298.94,24.0,298.94,289807.1,
1753507432453,05:23:52.453,blofin,AAVE/USDT:USDT,298.92,109.0,298.94,24.0,298.94,289807.1,
1753507432453,05:23:52.453,blofin,AAVE/USDT:USDT,298.92,111.0,298.95,67.0,298.94,289807.1,
1753507432453,05:23:52.453,blofin,AAVE/USDT:USDT,298.92,2.0,298.94,64.0,298.94,289807.1,
1753507432453,05:23:52.453,blofin,AAVE/USDT:USDT,298.92,2.0,298.94,64.0,298.94,289807.1,
1753507432453,05:23:52.453,blofin,AAVE/USDT:USDT,298.92,2.0,298.94,64.0,298.94,289807.1,
1753507432453,05:23:52.453,blofin,AAVE/USDT:USDT,298.92,92.0,298.94,64.0,298.94,289807.1,
1753507437852,05:23:57.852,blofin,AAVE/USDT:USDT,298.9,85.0,298.92,50.0,298.9,289811.1,
1753507437852,05:23:57.852,blofin,AAVE/USDT:USDT,298.9,85.0,298.92,50.0,298.9,289811.1,
1753507437852,05:23:57.852,blofin,AAVE/USDT:USDT,298.9,85.0,298.92,50.0,298.9,289811.1,
1753507437852,05:23:57.852,blofin,AAVE/USDT:USDT,298.9,119.0,298.92,305.0,298.9,289811.1,
1753507437852,05:23:57.852,blofin,AAVE/USDT:USDT,298.9,4.0,298.92,305.0,298.9,289811.1,
1753507437852,05:23:57.852,blofin,AAVE/USDT:USDT,298.9,159.0,298.92,2.0,298.9,289811.1,
1753507437852,05:23:57.852,blofin,AAVE/USDT:USDT,298.9,159.0,298.93,307.0,298.9,289811.1,
1753507437852,05:23:57.852,blofin,AAVE/USDT:USDT,298.9,153.0,298.92,319.0,298.9,289811.1,
1753507437852,05:23:57.852,blofin,AAVE/USDT:USDT,298.9,153.0,298.92,319.0,298.9,289811.1,
1753507437852,05:23:57.852,blofin,AAVE/USDT:USDT,298.9,153.0,298.92,319.0,298.9,289811.1,
1753507437852,05:23:57.852,blofin,AAVE/USDT:USDT,298.9,238.0,298.93,302.0,298.9,289811.1,
1753507437852,05:23:57.852,blofin,AAVE/USDT:USDT,298.89,210.0,298.92,313.0,298.9,289811.1,
1753507437852,05:23:57.852,blofin,AAVE/USDT:USDT,298.89,210.0,298.92,313.0,298.9,289811.1,
1753507437852,05:23:57.852,blofin,AAVE/USDT:USDT,298.92,467.0,298.94,357.0,298.9,289811.1,
1753507437852,05:23:57.852,blofin,AAVE/USDT:USDT,298.91,131.0,298.94,22.0,298.9,289811.1,
1753507437852,05:23:57.852,blofin,AAVE/USDT:USDT,298.92,262.0,298.94,26.0,298.9,289811.1,
1753507437852,05:23:57.852,blofin,AAVE/USDT:USDT,298.92,262.0,298.94,26.0,298.9,289811.1,
1753507437852,05:23:57.852,blofin,AAVE/USDT:USDT,298.92,440.0,298.94,26.0,298.9,289811.1,
1753507447351,05:24:07.351,blofin,AAVE/USDT:USDT,298.92,440.0,298.94,26.0,298.96,289681.3,
1753507447351,05:24:07.351,blofin,AAVE/USDT:USDT,298.94,45.0,298.96,2.0,298.96,289681.3,
1753507448352,05:24:08.352,blofin,AAVE/USDT:USDT,298.99,65.0,299.02,96.0,299.01,289687.3,
1753507448352,05:24:08.352,blofin,AAVE/USDT:USDT,298.99,65.0,299.02,96.0,299.01,289687.3,
1753507449556,05:24:09.556,blofin,AAVE/USDT:USDT,298.99,65.0,299.01,27.0,299.08,289688.3,
1753507449556,05:24:09.556,blofin,AAVE/USDT:USDT,299.06,59.0,299.09,210.0,299.08,289688.3,
1753507449556,05:24:09.556,blofin,AAVE/USDT:USDT,299.05,68.0,299.07,20.0,299.08,289688.3,
1753507449556,05:24:09.556,blofin,AAVE/USDT:USDT,299.05,68.0,299.07,24.0,299.08,289688.3,
1753507449556,05:24:09.556,blofin,AAVE/USDT:USDT,299.05,68.0,299.07,24.0,299.08,289688.3,
1753507449556,05:24:09.556,blofin,AAVE/USDT:USDT,299.05,130.0,299.07,4.0,299.08,289688.3,
1753507449556,05:24:09.556,blofin,AAVE/USDT:USDT,299.05,130.0,299.08,34.0,299.08,289688.3,
1753507449556,05:24:09.556,blofin,AAVE/USDT:USDT,299.05,247.0,299.08,12.0,299.08,289688.3,
1753507449556,05:24:09.556,blofin,AAVE/USDT:USDT,299.05,247.0,299.07,37.0,299.08,289688.3,
1753507454092,05:24:14.092,blofin,AAVE/USDT:USDT,299.02,127.0,299.05,37.0,299.03,289699.2,
1753507454092,05:24:14.092,blofin,AAVE/USDT:USDT,299.02,127.0,299.05,37.0,299.03,289699.2,
1753507454092,05:24:14.092,blofin,AAVE/USDT:USDT,299.01,23.0,299.03,79.0,299.03,289699.2,
1753507454092,05:24:14.092,blofin,AAVE/USDT:USDT,299.01,28.0,299.03,79.0,299.03,289699.2,
1753507454092,05:24:14.092,blofin,AAVE/USDT:USDT,299.01,45.0,299.04,33.0,299.03,289699.2,
1753507454092,05:24:14.092,blofin,AAVE/USDT:USDT,299.01,45.0,299.04,33.0,299.03,289699.2,
1753507454092,05:24:14.092,blofin,AAVE/USDT:USDT,299.01,45.0,299.03,85.0,299.03,289699.2,
1753507454092,05:24:14.092,blofin,AAVE/USDT:USDT,299.01,43.0,299.03,87.0,299.03,289699.2,
1753507454092,05:24:14.092,blofin,AAVE/USDT:USDT,299.01,43.0,299.03,89.0,299.03,289699.2,
1753507454092,05:24:14.092,blofin,AAVE/USDT:USDT,299.01,49.0,299.03,103.0,299.03,289699.2,
1753507454092,05:24:14.092,blofin,AAVE/USDT:USDT,299.01,49.0,299.03,103.0,299.03,289699.2,
1753507454092,05:24:14.092,blofin,AAVE/USDT:USDT,299.01,49.0,299.03,105.0,299.03,289699.2,
1753507454092,05:24:14.092,blofin,AAVE/USDT:USDT,299.01,60.0,299.03,76.0,299.03,289699.2,
1753507454092,05:24:14.092,blofin,AAVE/USDT:USDT,299.01,58.0,299.03,77.0,299.03,289699.2,
1753507454092,05:24:14.092,blofin,AAVE/USDT:USDT,299.01,32.0,299.03,78.0,299.03,289699.2,
1753507454092,05:24:14.092,blofin,AAVE/USDT:USDT,299.01,32.0,299.03,78.0,299.03,289699.2,
1753507454092,05:24:14.092,blofin,AAVE/USDT:USDT,299.01,32.0,299.03,3.0,299.03,289699.2,
1753507454092,05:24:14.092,blofin,AAVE/USDT:USDT,299.01,37.0,299.04,84.0,299.03,289699.2,
1753507454092,05:24:14.092,blofin,AAVE/USDT:USDT,299.01,36.0,299.03,79.0,299.03,289699.2,
1753507454092,05:24:14.092,blofin,AAVE/USDT:USDT,299.01,36.0,299.03,79.0,299.03,289699.2,
1753507454092,05:24:14.092,blofin,AAVE/USDT:USDT,299.01,81.0,299.03,24.0,299.03,289699.2,
1753507454092,05:24:14.092,blofin,AAVE/USDT:USDT,299.01,9.0,299.03,63.0,299.03,289699.2,
1753507464867,05:24:24.867,blofin,AAVE/USDT:USDT,299.01,9.0,299.03,63.0,299.04,289709.2,
1753507464867,05:24:24.867,blofin,AAVE/USDT:USDT,299.03,44.0,299.05,118.0,299.04,289709.2,
1753507464867,05:24:24.867,blofin,AAVE/USDT:USDT,299.04,97.0,299.06,43.0,299.04,289709.2,
1753507464867,05:24:24.867,blofin,AAVE/USDT:USDT,299.04,5.0,299.06,45.0,299.04,289709.2,
1753507464867,05:24:24.867,blofin,AAVE/USDT:USDT,299.04,5.0,299.06,45.0,299.04,289709.2,
1753507464867,05:24:24.867,blofin,AAVE/USDT:USDT,299.04,5.0,299.06,47.0,299.04,289709.2,
1753507464867,05:24:24.867,blofin,AAVE/USDT:USDT,299.04,3.0,299.06,11.0,299.04,289709.2,
1753507464867,05:24:24.867,blofin,AAVE/USDT:USDT,299.04,3.0,299.06,11.0,299.04,289709.2,
1753507464867,05:24:24.867,blofin,AAVE/USDT:USDT,299.03,89.0,299.06,9.0,299.04,289709.2,
1753507464867,05:24:24.867,blofin,AAVE/USDT:USDT,299.04,107.0,299.06,10.0,299.04,289709.2,
1753507464867,05:24:24.867,blofin,AAVE/USDT:USDT,299.04,107.0,299.06,10.0,299.04,289709.2,
1753507464867,05:24:24.867,blofin,AAVE/USDT:USDT,299.04,59.0,299.06,32.0,299.04,289709.2,
1753507464867,05:24:24.867,blofin,AAVE/USDT:USDT,299.04,59.0,299.06,31.0,299.04,289709.2,
1753507464867,05:24:24.867,blofin,AAVE/USDT:USDT,299.04,59.0,299.06,69.0,299.04,289709.2,
1753507464867,05:24:24.867,blofin,AAVE/USDT:USDT,299.04,59.0,299.06,69.0,299.04,289709.2,
1753507464867,05:24:24.867,blofin,AAVE/USDT:USDT,299.04,60.0,299.06,70.0,299.04,289709.2,
1753507464867,05:24:24.867,blofin,AAVE/USDT:USDT,299.04,58.0,299.06,90.0,299.04,289709.2,
1753507464867,05:24:24.867,blofin,AAVE/USDT:USDT,299.04,59.0,299.06,39.0,299.04,289709.2,
1753507464867,05:24:24.867,blofin,AAVE/USDT:USDT,299.04,1.0,299.06,62.0,299.04,289709.2,
1753507464867,05:24:24.867,blofin,AAVE/USDT:USDT,299.03,59.0,299.06,62.0,299.04,289709.2,
1753507464867,05:24:24.867,blofin,AAVE/USDT:USDT,299.03,57.0,299.06,70.0,299.04,289709.2,
1753507464867,05:24:24.867,blofin,AAVE/USDT:USDT,299.03,57.0,299.06,70.0,299.04,289709.2,
1753507464867,05:24:24.867,blofin,AAVE/USDT:USDT,299.04,15.0,299.06,208.0,299.04,289709.2,
1753507464867,05:24:24.867,blofin,AAVE/USDT:USDT,299.04,18.0,299.06,209.0,299.04,289709.2,
1753507478149,05:24:38.149,blofin,AAVE/USDT:USDT,299.04,18.0,299.06,209.0,299.04,289722.2,
1753507478149,05:24:38.149,blofin,AAVE/USDT:USDT,299.04,2.0,299.06,108.0,299.04,289722.2,
1753507478149,05:24:38.149,blofin,AAVE/USDT:USDT,299.04,2.0,299.05,423.0,299.04,289722.2,
1753507478149,05:24:38.149,blofin,AAVE/USDT:USDT,299.04,2.0,299.05,423.0,299.04,289722.2,
1753507478149,05:24:38.149,blofin,AAVE/USDT:USDT,299.01,43.0,299.03,83.0,299.04,289722.2,
1753507480654,05:24:40.654,blofin,AAVE/USDT:USDT,299.01,43.0,299.03,86.0,299.02,289725.2,
1753507480654,05:24:40.654,blofin,AAVE/USDT:USDT,299.01,43.0,299.03,86.0,299.02,289725.2,
1753507480654,05:24:40.654,blofin,AAVE/USDT:USDT,299.01,5.0,299.02,51.0,299.02,289725.2,
1753507480654,05:24:40.654,blofin,AAVE/USDT:USDT,299.01,5.0,299.02,51.0,299.02,289725.2,
1753507480654,05:24:40.654,blofin,AAVE/USDT:USDT,299.01,5.0,299.02,51.0,299.02,289725.2,
1753507480654,05:24:40.654,blofin,AAVE/USDT:USDT,299.01,5.0,299.02,51.0,299.02,289725.2,
1753507480654,05:24:40.654,blofin,AAVE/USDT:USDT,299.01,5.0,299.02,74.0,299.02,289725.2,
1753507480654,05:24:40.654,blofin,AAVE/USDT:USDT,299.0,2.0,299.01,50.0,299.02,289725.2,
1753507480654,05:24:40.654,blofin,AAVE/USDT:USDT,299.0,2.0,299.01,57.0,299.02,289725.2,
1753507480654,05:24:40.654,blofin,AAVE/USDT:USDT,299.0,2.0,299.01,57.0,299.02,289725.2,
1753507480654,05:24:40.654,blofin,AAVE/USDT:USDT,298.99,163.0,299.01,58.0,299.02,289725.2,
1753507485853,05:24:45.853,blofin,AAVE/USDT:USDT,298.99,1.0,299.0,93.0,298.97,289728.2,
1753507485853,05:24:45.853,blofin,AAVE/USDT:USDT,298.99,1.0,299.0,93.0,298.97,289728.2,
1753507485853,05:24:45.853,blofin,AAVE/USDT:USDT,298.95,183.0,298.97,76.0,298.97,289728.2,
1753507485853,05:24:45.853,blofin,AAVE/USDT:USDT,298.95,183.0,298.97,79.0,298.97,289728.2,
1753507485853,05:24:45.853,blofin,AAVE/USDT:USDT,298.95,345.0,298.97,12.0,298.97,289728.2,
1753507485853,05:24:45.853,blofin,AAVE/USDT:USDT,298.95,345.0,298.97,12.0,298.97,289728.2,
1753507485853,05:24:45.853,blofin,AAVE/USDT:USDT,298.95,375.0,298.97,10.0,298.97,289728.2,
1753507485853,05:24:45.853,blofin,AAVE/USDT:USDT,298.95,95.0,298.97,28.0,298.97,289728.2,
1753507485853,05:24:45.853,blofin,AAVE/USDT:USDT,298.95,95.0,298.97,28.0,298.97,289728.2,
1753507485853,05:24:45.853,blofin,AAVE/USDT:USDT,298.95,94.0,298.97,28.0,298.97,289728.2,
1753507485853,05:24:45.853,blofin,AAVE/USDT:USDT,298.95,556.0,298.97,53.0,298.97,289728.2,
1753507485853,05:24:45.853,blofin,AAVE/USDT:USDT,298.95,367.0,298.97,51.0,298.97,289728.2,
1753507485853,05:24:45.853,blofin,AAVE/USDT:USDT,298.95,367.0,298.97,51.0,298.97,289728.2,
1753507485853,05:24:45.853,blofin,AAVE/USDT:USDT,298.95,367.0,298.97,51.0,298.97,289728.2,
1753507485853,05:24:45.853,blofin,AAVE/USDT:USDT,298.95,275.0,298.97,56.0,298.97,289728.2,
1753507485853,05:24:45.853,blofin,AAVE/USDT:USDT,298.95,275.0,298.97,56.0,298.97,289728.2,
1753507493959,05:24:53.959,blofin,AAVE/USDT:USDT,299.02,33.0,299.03,118.0,298.99,289741.2,
1753507493959,05:24:53.959,blofin,AAVE/USDT:USDT,299.05,20.0,299.07,50.0,298.99,289741.2,
1753507493959,05:24:53.959,blofin,AAVE/USDT:USDT,299.04,25.0,299.07,91.0,298.99,289741.2,
1753507493959,05:24:53.959,blofin,AAVE/USDT:USDT,299.04,25.0,299.07,91.0,298.99,289741.2,
1753507493959,05:24:53.959,blofin,AAVE/USDT:USDT,299.09,370.0,299.1,128.0,298.99,289741.2,
1753507496650,05:24:56.650,blofin,AAVE/USDT:USDT,299.09,314.0,299.1,128.0,299.1,289751.2,
1753507496650,05:24:56.650,blofin,AAVE/USDT:USDT,299.09,314.0,299.1,128.0,299.1,289751.2,
1753507496650,05:24:56.650,blofin,AAVE/USDT:USDT,299.09,1.0,299.1,128.0,299.1,289751.2,
1753507496650,05:24:56.650,blofin,AAVE/USDT:USDT,299.08,316.0,299.1,128.0,299.1,289751.2,
1753507496650,05:24:56.650,blofin,AAVE/USDT:USDT,299.08,46.0,299.1,128.0,299.1,289751.2,
1753507499253,05:24:59.253,blofin,AAVE/USDT:USDT,299.14,13.0,299.16,121.0,299.14,289757.2,
1753507499253,05:24:59.253,blofin,AAVE/USDT:USDT,299.16,205.0,299.17,28.0,299.14,289757.2,
1753507499253,05:24:59.253,blofin,AAVE/USDT:USDT,299.16,205.0,299.17,28.0,299.14,289757.2,
1753507499253,05:24:59.253,blofin,AAVE/USDT:USDT,299.16,2.0,299.17,225.0,299.14,289757.2,
1753507499253,05:24:59.253,blofin,AAVE/USDT:USDT,299.16,2.0,299.17,225.0,299.14,289757.2,
1753507499253,05:24:59.253,blofin,AAVE/USDT:USDT,299.15,37.0,299.17,225.0,299.14,289757.2,
1753507499253,05:24:59.253,blofin,AAVE/USDT:USDT,299.15,4.0,299.17,101.0,299.14,289757.2,
1753507499253,05:24:59.253,blofin,AAVE/USDT:USDT,299.15,4.0,299.17,101.0,299.14,289757.2,
1753507499253,05:24:59.253,blofin,AAVE/USDT:USDT,299.15,4.0,299.17,67.0,299.14,289757.2,
1753507499253,05:24:59.253,blofin,AAVE/USDT:USDT,299.15,4.0,299.17,67.0,299.14,289757.2,
1753507499253,05:24:59.253,blofin,AAVE/USDT:USDT,299.15,27.0,299.17,146.0,299.14,289757.2,
1753507499253,05:24:59.253,blofin,AAVE/USDT:USDT,299.15,24.0,299.17,149.0,299.14,289757.2,
1753507499253,05:24:59.253,blofin,AAVE/USDT:USDT,299.15,24.0,299.17,149.0,299.14,289757.2,
1753507499253,05:24:59.253,blofin,AAVE/USDT:USDT,299.15,45.0,299.17,50.0,299.14,289757.2,
1753507499253,05:24:59.253,blofin,AAVE/USDT:USDT,299.15,28.0,299.17,8.0,299.14,289757.2,
1753507499253,05:24:59.253,blofin,AAVE/USDT:USDT,299.15,28.0,299.17,8.0,299.14,289757.2,
1753507499253,05:24:59.253,blofin,AAVE/USDT:USDT,299.15,25.0,299.17,8.0,299.14,289757.2,
1753507508498,05:25:08.498,blofin,AAVE/USDT:USDT,299.15,2.0,299.17,52.0,299.14,289611.2,
1753507508498,05:25:08.498,blofin,AAVE/USDT:USDT,299.15,2.0,299.17,52.0,299.14,289611.2,
1753507508498,05:25:08.498,blofin,AAVE/USDT:USDT,299.15,23.0,299.17,49.0,299.14,289611.2,
1753507508498,05:25:08.498,blofin,AAVE/USDT:USDT,299.15,191.0,299.17,15.0,299.14,289611.2,
1753507508498,05:25:08.498,blofin,AAVE/USDT:USDT,299.15,191.0,299.17,15.0,299.14,289611.2,
1753507508498,05:25:08.498,blofin,AAVE/USDT:USDT,299.15,94.0,299.17,1.0,299.14,289611.2,
1753507508498,05:25:08.498,blofin,AAVE/USDT:USDT,299.15,94.0,299.17,1.0,299.14,289611.2,
1753507508498,05:25:08.498,blofin,AAVE/USDT:USDT,299.15,84.0,299.17,243.0,299.14,289611.2,
1753507508498,05:25:08.498,blofin,AAVE/USDT:USDT,299.15,84.0,299.17,243.0,299.14,289611.2,
1753507508498,05:25:08.498,blofin,AAVE/USDT:USDT,299.15,93.0,299.17,340.0,299.14,289611.2,
1753507508498,05:25:08.498,blofin,AAVE/USDT:USDT,299.15,93.0,299.17,340.0,299.14,289611.2,
1753507508498,05:25:08.498,blofin,AAVE/USDT:USDT,299.15,235.0,299.17,340.0,299.14,289611.2,
1753507508498,05:25:08.498,blofin,AAVE/USDT:USDT,299.15,236.0,299.17,340.0,299.14,289611.2,
1753507508498,05:25:08.498,blofin,AAVE/USDT:USDT,299.15,5.0,299.17,342.0,299.14,289611.2,
1753507508498,05:25:08.498,blofin,AAVE/USDT:USDT,299.15,5.0,299.17,342.0,299.14,289611.2,
1753507508498,05:25:08.498,blofin,AAVE/USDT:USDT,299.15,270.0,299.17,344.0,299.14,289611.2,
1753507508498,05:25:08.498,blofin,AAVE/USDT:USDT,299.15,270.0,299.17,344.0,299.14,289611.2,
1753507508498,05:25:08.498,blofin,AAVE/USDT:USDT,299.15,270.0,299.17,344.0,299.14,289611.2,
1753507508498,05:25:08.498,blofin,AAVE/USDT:USDT,299.15,290.0,299.17,343.0,299.14,289611.2,
1753507508498,05:25:08.498,blofin,AAVE/USDT:USDT,299.15,289.0,299.17,342.0,299.14,289611.2,
1753507508498,05:25:08.498,blofin,AAVE/USDT:USDT,299.15,197.0,299.17,342.0,299.14,289611.2,
1753507508498,05:25:08.498,blofin,AAVE/USDT:USDT,299.15,197.0,299.17,342.0,299.14,289611.2,
1753507519557,05:25:19.557,blofin,AAVE/USDT:USDT,299.15,197.0,299.17,345.0,299.15,289621.2,
1753507519557,05:25:19.557,blofin,AAVE/USDT:USDT,299.15,5.0,299.16,346.0,299.15,289621.2,
1753507520650,05:25:20.650,blofin,AAVE/USDT:USDT,299.15,5.0,299.16,346.0,299.15,289622.2,
1753507520650,05:25:20.650,blofin,AAVE/USDT:USDT,299.15,77.0,299.17,25.0,299.15,289622.2,
1753507520650,05:25:20.650,blofin,AAVE/USDT:USDT,299.15,76.0,299.17,373.0,299.15,289622.2,
1753507520650,05:25:20.650,blofin,AAVE/USDT:USDT,299.15,76.0,299.17,373.0,299.15,289622.2,
1753507520650,05:25:20.650,blofin,AAVE/USDT:USDT,299.15,79.0,299.17,374.0,299.15,289622.2,
1753507520650,05:25:20.650,blofin,AAVE/USDT:USDT,299.15,170.0,299.17,388.0,299.15,289622.2,
1753507520650,05:25:20.650,blofin,AAVE/USDT:USDT,299.15,170.0,299.17,388.0,299.15,289622.2,
1753507520650,05:25:20.650,blofin,AAVE/USDT:USDT,299.15,190.0,299.17,393.0,299.15,289622.2,
1753507520650,05:25:20.650,blofin,AAVE/USDT:USDT,299.15,190.0,299.17,393.0,299.15,289622.2,
1753507520650,05:25:20.650,blofin,AAVE/USDT:USDT,299.15,190.0,299.17,2.0,299.15,289622.2,
1753507520650,05:25:20.650,blofin,AAVE/USDT:USDT,299.15,190.0,299.17,2.0,299.15,289622.2,
1753507520650,05:25:20.650,blofin,AAVE/USDT:USDT,299.15,6.0,299.17,403.0,299.15,289622.2,
1753507520650,05:25:20.650,blofin,AAVE/USDT:USDT,299.15,6.0,299.17,403.0,299.15,289622.2,
1753507520650,05:25:20.650,blofin,AAVE/USDT:USDT,299.15,3.0,299.17,402.0,299.15,289622.2,
1753507520650,05:25:20.650,blofin,AAVE/USDT:USDT,299.15,87.0,299.17,404.0,299.15,289622.2,
1753507520650,05:25:20.650,blofin,AAVE/USDT:USDT,299.15,87.0,299.17,404.0,299.15,289622.2,
1753507520650,05:25:20.650,blofin,AAVE/USDT:USDT,299.15,90.0,299.17,404.0,299.15,289622.2,
1753507520650,05:25:20.650,blofin,AAVE/USDT:USDT,299.15,91.0,299.17,4.0,299.15,289622.2,
1753507520650,05:25:20.650,blofin,AAVE/USDT:USDT,299.15,91.0,299.17,4.0,299.15,289622.2,
1753507520650,05:25:20.650,blofin,AAVE/USDT:USDT,299.15,6.0,299.17,407.0,299.15,289622.2,
1753507520650,05:25:20.650,blofin,AAVE/USDT:USDT,299.15,3.0,299.17,407.0,299.15,289622.2,
1753507520650,05:25:20.650,blofin,AAVE/USDT:USDT,299.15,88.0,299.17,412.0,299.15,289622.2,
1753507520650,05:25:20.650,blofin,AAVE/USDT:USDT,299.15,88.0,299.17,412.0,299.15,289622.2,
1753507520650,05:25:20.650,blofin,AAVE/USDT:USDT,299.15,92.0,299.17,414.0,299.15,289622.2,
1753507520650,05:25:20.650,blofin,AAVE/USDT:USDT,299.15,93.0,299.17,1.0,299.15,289622.2,
1753507520650,05:25:20.650,blofin,AAVE/USDT:USDT,299.15,93.0,299.17,1.0,299.15,289622.2,
1753507520650,05:25:20.650,blofin,AAVE/USDT:USDT,299.15,91.0,299.17,1.0,299.15,289622.2,
1753507520650,05:25:20.650,blofin,AAVE/USDT:USDT,299.15,6.0,299.17,399.0,299.15,289622.2,
1753507520650,05:25:20.650,blofin,AAVE/USDT:USDT,299.15,6.0,299.17,399.0,299.15,289622.2,
1753507520650,05:25:20.650,blofin,AAVE/USDT:USDT,299.15,108.0,299.17,3.0,299.15,289622.2,
1753507520650,05:25:20.650,blofin,AAVE/USDT:USDT,299.15,108.0,299.17,3.0,299.15,289622.2,
1753507520650,05:25:20.650,blofin,AAVE/USDT:USDT,299.15,109.0,299.17,358.0,299.15,289622.2,
1753507520650,05:25:20.650,blofin,AAVE/USDT:USDT,299.15,109.0,299.17,358.0,299.15,289622.2,
1753507520650,05:25:20.650,blofin,AAVE/USDT:USDT,299.15,90.0,299.17,331.0,299.15,289622.2,
1753507520650,05:25:20.650,blofin,AAVE/USDT:USDT,299.15,90.0,299.17,331.0,299.15,289622.2,
1753507520650,05:25:20.650,blofin,AAVE/USDT:USDT,299.15,90.0,299.17,331.0,299.15,289622.2,
1753507520650,05:25:20.650,blofin,AAVE/USDT:USDT,299.15,110.0,299.17,352.0,299.15,289622.2,
1753507520650,05:25:20.650,blofin,AAVE/USDT:USDT,299.15,90.0,299.17,351.0,299.15,289622.2,
1753507520650,05:25:20.650,blofin,AAVE/USDT:USDT,299.15,150.0,299.17,498.0,299.15,289622.2,
1753507520650,05:25:20.650,blofin,AAVE/USDT:USDT,299.15,150.0,299.17,498.0,299.15,289622.2,
1753507520650,05:25:20.650,blofin,AAVE/USDT:USDT,299.15,150.0,299.17,496.0,299.15,289622.2,
1753507520650,05:25:20.650,blofin,AAVE/USDT:USDT,299.15,5.0,299.17,512.0,299.15,289622.2,
1753507520650,05:25:20.650,blofin,AAVE/USDT:USDT,299.15,3.0,299.17,512.0,299.15,289622.2,
1753507520650,05:25:20.650,blofin,AAVE/USDT:USDT,299.15,110.0,299.17,527.0,299.15,289622.2,
1753507520650,05:25:20.650,blofin,AAVE/USDT:USDT,299.15,110.0,299.17,527.0,299.15,289622.2,
1753507520650,05:25:20.650,blofin,AAVE/USDT:USDT,299.15,76.0,299.17,518.0,299.15,289622.2,
1753507520650,05:25:20.650,blofin,AAVE/USDT:USDT,299.15,131.0,299.17,1.0,299.15,289622.2,
1753507520650,05:25:20.650,blofin,AAVE/USDT:USDT,299.15,132.0,299.17,1.0,299.15,289622.2,
1753507520650,05:25:20.650,blofin,AAVE/USDT:USDT,299.15,383.0,299.17,498.0,299.15,289622.2,
1753507520650,05:25:20.650,blofin,AAVE/USDT:USDT,299.15,383.0,299.17,498.0,299.15,289622.2,
1753507520650,05:25:20.650,blofin,AAVE/USDT:USDT,299.15,320.0,299.17,2.0,299.15,289622.2,
1753507520650,05:25:20.650,blofin,AAVE/USDT:USDT,299.15,320.0,299.17,2.0,299.15,289622.2,
1753507520650,05:25:20.650,blofin,AAVE/USDT:USDT,299.15,448.0,299.17,528.0,299.15,289622.2,
1753507520650,05:25:20.650,blofin,AAVE/USDT:USDT,299.15,302.0,299.17,695.0,299.15,289622.2,
1753507520650,05:25:20.650,blofin,AAVE/USDT:USDT,299.15,302.0,299.17,695.0,299.15,289622.2,
1753507520650,05:25:20.650,blofin,AAVE/USDT:USDT,299.15,302.0,299.17,698.0,299.15,289622.2,
1753507520650,05:25:20.650,blofin,AAVE/USDT:USDT,299.15,449.0,299.17,702.0,299.15,289622.2,
1753507520650,05:25:20.650,blofin,AAVE/USDT:USDT,299.15,451.0,299.17,702.0,299.15,289622.2,
1753507520650,05:25:20.650,blofin,AAVE/USDT:USDT,299.15,430.0,299.17,700.0,299.15,289622.2,
1753507520650,05:25:20.650,blofin,AAVE/USDT:USDT,299.15,430.0,299.17,700.0,299.15,289622.2,
1753507520650,05:25:20.650,blofin,AAVE/USDT:USDT,299.15,542.0,299.17,4.0,299.15,289622.2,
1753507520650,05:25:20.650,blofin,AAVE/USDT:USDT,299.15,542.0,299.17,1.0,299.15,289622.2,
1753507520650,05:25:20.650,blofin,AAVE/USDT:USDT,299.15,540.0,299.17,548.0,299.15,289622.2,
1753507520650,05:25:20.650,blofin,AAVE/USDT:USDT,299.15,540.0,299.17,548.0,299.15,289622.2,
1753507520650,05:25:20.650,blofin,AAVE/USDT:USDT,299.15,509.0,299.17,584.0,299.15,289622.2,
1753507520650,05:25:20.650,blofin,AAVE/USDT:USDT,299.15,509.0,299.17,584.0,299.15,289622.2,
1753507520650,05:25:20.650,blofin,AAVE/USDT:USDT,299.15,564.0,299.17,2.0,299.15,289622.2,
1753507520650,05:25:20.650,blofin,AAVE/USDT:USDT,299.15,611.0,299.17,583.0,299.15,289622.2,
1753507520650,05:25:20.650,blofin,AAVE/USDT:USDT,299.15,611.0,299.17,583.0,299.15,289622.2,
1753507520650,05:25:20.650,blofin,AAVE/USDT:USDT,299.15,611.0,299.17,586.0,299.15,289622.2,
1753507520650,05:25:20.650,blofin,AAVE/USDT:USDT,299.15,611.0,299.17,583.0,299.15,289622.2,
1753507520650,05:25:20.650,blofin,AAVE/USDT:USDT,299.15,611.0,299.17,583.0,299.15,289622.2,
1753507520650,05:25:20.650,blofin,AAVE/USDT:USDT,299.15,608.0,299.17,585.0,299.15,289622.2,
1753507520650,05:25:20.650,blofin,AAVE/USDT:USDT,299.15,560.0,299.17,583.0,299.15,289622.2,
1753507520650,05:25:20.650,blofin,AAVE/USDT:USDT,299.15,560.0,299.17,583.0,299.15,289622.2,
1753507520650,05:25:20.650,blofin,AAVE/USDT:USDT,299.15,561.0,299.17,583.0,299.15,289622.2,
1753507520650,05:25:20.650,blofin,AAVE/USDT:USDT,299.15,453.0,299.17,3.0,299.15,289622.2,
1753507520650,05:25:20.650,blofin,AAVE/USDT:USDT,299.15,398.0,299.17,592.0,299.15,289622.2,
1753507520650,05:25:20.650,blofin,AAVE/USDT:USDT,299.15,398.0,299.17,592.0,299.15,289622.2,
1753507520650,05:25:20.650,blofin,AAVE/USDT:USDT,299.15,399.0,299.17,592.0,299.15,289622.2,
1753507520650,05:25:20.650,blofin,AAVE/USDT:USDT,299.15,366.0,299.17,598.0,299.15,289622.2,
1753507520650,05:25:20.650,blofin,AAVE/USDT:USDT,299.15,366.0,299.17,598.0,299.15,289622.2,
1753507520650,05:25:20.650,blofin,AAVE/USDT:USDT,299.15,243.0,299.17,2.0,299.15,289622.2,
1753507520650,05:25:20.650,blofin,AAVE/USDT:USDT,299.15,244.0,299.17,2.0,299.15,289622.2,
1753507520650,05:25:20.650,blofin,AAVE/USDT:USDT,299.15,242.0,299.18,802.0,299.15,289622.2,
1753507520650,05:25:20.650,blofin,AAVE/USDT:USDT,299.15,242.0,299.18,802.0,299.15,289622.2,
1753507520650,05:25:20.650,blofin,AAVE/USDT:USDT,299.15,6.0,299.17,774.0,299.15,289622.2,
1753507520650,05:25:20.650,blofin,AAVE/USDT:USDT,299.15,6.0,299.17,774.0,299.15,289622.2,
1753507520650,05:25:20.650,blofin,AAVE/USDT:USDT,299.15,231.0,299.17,774.0,299.15,289622.2,
1753507520650,05:25:20.650,blofin,AAVE/USDT:USDT,299.15,231.0,299.18,815.0,299.15,289622.2,
1753507520650,05:25:20.650,blofin,AAVE/USDT:USDT,299.15,231.0,299.18,815.0,299.15,289622.2,
1753507520650,05:25:20.650,blofin,AAVE/USDT:USDT,299.15,232.0,299.18,815.0,299.15,289622.2,
1753507520650,05:25:20.650,blofin,AAVE/USDT:USDT,299.15,230.0,299.17,844.0,299.15,289622.2,
1753507568498,05:26:08.498,blofin,AAVE/USDT:USDT,299.15,230.0,299.17,844.0,299.15,289497.2,
1753507568498,05:26:08.498,blofin,AAVE/USDT:USDT,299.15,231.0,299.17,905.0,299.15,289497.2,
1753507568498,05:26:08.498,blofin,AAVE/USDT:USDT,299.15,230.0,299.17,905.0,299.15,289497.2,
1753507568498,05:26:08.498,blofin,AAVE/USDT:USDT,299.15,230.0,299.17,905.0,299.15,289497.2,
1753507568498,05:26:08.498,blofin,AAVE/USDT:USDT,299.15,109.0,299.17,1.0,299.15,289497.2,
1753507568498,05:26:08.498,blofin,AAVE/USDT:USDT,299.15,209.0,299.17,825.0,299.15,289497.2,
1753507568498,05:26:08.498,blofin,AAVE/USDT:USDT,299.15,209.0,299.17,827.0,299.15,289497.2,
1753507568498,05:26:08.498,blofin,AAVE/USDT:USDT,299.15,209.0,299.17,827.0,299.15,289497.2,
1753507568498,05:26:08.498,blofin,AAVE/USDT:USDT,299.15,211.0,299.17,858.0,299.15,289497.2,
1753507568498,05:26:08.498,blofin,AAVE/USDT:USDT,299.15,383.0,299.17,808.0,299.15,289497.2,
1753507568498,05:26:08.498,blofin,AAVE/USDT:USDT,299.15,370.0,299.17,811.0,299.15,289497.2,
1753507568498,05:26:08.498,blofin,AAVE/USDT:USDT,299.15,370.0,299.17,811.0,299.15,289497.2,
1753507568498,05:26:08.498,blofin,AAVE/USDT:USDT,299.15,370.0,299.17,811.0,299.15,289497.2,
1753507568498,05:26:08.498,blofin,AAVE/USDT:USDT,299.15,431.0,299.17,971.0,299.15,289497.2,
1753507568498,05:26:08.498,blofin,AAVE/USDT:USDT,299.15,431.0,299.17,971.0,299.15,289497.2,
1753507568498,05:26:08.498,blofin,AAVE/USDT:USDT,299.15,2.0,299.17,968.0,299.15,289497.2,
1753507568498,05:26:08.498,blofin,AAVE/USDT:USDT,299.15,488.0,299.17,3.0,299.15,289497.2,
1753507568498,05:26:08.498,blofin,AAVE/USDT:USDT,299.15,488.0,299.17,3.0,299.15,289497.2,
1753507568498,05:26:08.498,blofin,AAVE/USDT:USDT,299.15,488.0,299.18,934.0,299.15,289497.2,
1753507568498,05:26:08.498,blofin,AAVE/USDT:USDT,299.15,507.0,299.17,935.0,299.15,289497.2,
1753507568498,05:26:08.498,blofin,AAVE/USDT:USDT,299.15,507.0,299.17,935.0,299.15,289497.2,
1753507568498,05:26:08.498,blofin,AAVE/USDT:USDT,299.15,507.0,299.17,2.0,299.15,289497.2,
1753507579668,05:26:19.668,blofin,AAVE/USDT:USDT,299.15,507.0,299.17,2.0,299.22,289512.2,
1753507579668,05:26:19.668,blofin,AAVE/USDT:USDT,299.15,507.0,299.17,2.0,299.22,289512.2,
1753507579668,05:26:19.668,blofin,AAVE/USDT:USDT,299.22,547.0,299.23,236.0,299.22,289512.2,
1753507579668,05:26:19.668,blofin,AAVE/USDT:USDT,299.22,406.0,299.23,236.0,299.22,289512.2,
1753507579668,05:26:19.668,blofin,AAVE/USDT:USDT,299.22,414.0,299.23,236.0,299.22,289512.2,
1753507579668,05:26:19.668,blofin,AAVE/USDT:USDT,299.22,414.0,299.23,236.0,299.22,289512.2,
1753507579668,05:26:19.668,blofin,AAVE/USDT:USDT,299.22,411.0,299.23,236.0,299.22,289512.2,
1753507579668,05:26:19.668,blofin,AAVE/USDT:USDT,299.22,414.0,299.24,16.0,299.22,289512.2,
1753507579668,05:26:19.668,blofin,AAVE/USDT:USDT,299.22,414.0,299.24,16.0,299.22,289512.2,
1753507579668,05:26:19.668,blofin,AAVE/USDT:USDT,299.22,476.0,299.24,3.0,299.22,289512.2,
1753507579668,05:26:19.668,blofin,AAVE/USDT:USDT,299.22,476.0,299.24,2.0,299.22,289512.2,
1753507579668,05:26:19.668,blofin,AAVE/USDT:USDT,299.22,476.0,299.24,2.0,299.22,289512.2,
1753507579668,05:26:19.668,blofin,AAVE/USDT:USDT,299.22,475.0,299.24,15.0,299.22,289512.2,
1753507579668,05:26:19.668,blofin,AAVE/USDT:USDT,299.22,434.0,299.24,14.0,299.22,289512.2,
1753507579668,05:26:19.668,blofin,AAVE/USDT:USDT,299.22,288.0,299.24,57.0,299.22,289512.2,
1753507579668,05:26:19.668,blofin,AAVE/USDT:USDT,299.22,288.0,299.24,57.0,299.22,289512.2,
1753507579668,05:26:19.668,blofin,AAVE/USDT:USDT,299.22,288.0,299.24,61.0,299.22,289512.2,
1753507579668,05:26:19.668,blofin,AAVE/USDT:USDT,299.22,296.0,299.24,38.0,299.22,289512.2,
1753507579668,05:26:19.668,blofin,AAVE/USDT:USDT,299.22,296.0,299.24,38.0,299.22,289512.2,
1753507579668,05:26:19.668,blofin,AAVE/USDT:USDT,299.22,200.0,299.24,58.0,299.22,289512.2,
1753507579668,05:26:19.668,blofin,AAVE/USDT:USDT,299.22,300.0,299.24,28.0,299.22,289512.2,
1753507579668,05:26:19.668,blofin,AAVE/USDT:USDT,299.22,300.0,299.24,28.0,299.22,289512.2,
1753507579668,05:26:19.668,blofin,AAVE/USDT:USDT,299.22,344.0,299.24,3.0,299.22,289512.2,
1753507579668,05:26:19.668,blofin,AAVE/USDT:USDT,299.22,332.0,299.24,12.0,299.22,289512.2,
1753507579668,05:26:19.668,blofin,AAVE/USDT:USDT,299.22,332.0,299.24,12.0,299.22,289512.2,
1753507579668,05:26:19.668,blofin,AAVE/USDT:USDT,299.22,332.0,299.24,15.0,299.22,289512.2,
1753507579668,05:26:19.668,blofin,AAVE/USDT:USDT,299.22,403.0,299.24,18.0,299.22,289512.2,
1753507579668,05:26:19.668,blofin,AAVE/USDT:USDT,299.22,403.0,299.24,18.0,299.22,289512.2,
1753507579668,05:26:19.668,blofin,AAVE/USDT:USDT,299.22,370.0,299.24,18.0,299.22,289512.2,
1753507579668,05:26:19.668,blofin,AAVE/USDT:USDT,299.22,369.0,299.24,18.0,299.22,289512.2,
1753507579668,05:26:19.668,blofin,AAVE/USDT:USDT,299.22,1406.0,299.27,0.5,299.22,289512.2,
1753507579668,05:26:19.668,blofin,AAVE/USDT:USDT,299.22,1406.0,299.27,0.5,299.22,289512.2,
1753507579668,05:26:19.668,blofin,AAVE/USDT:USDT,299.25,390.0,299.27,0.5,299.22,289512.2,
1753507579668,05:26:19.668,blofin,AAVE/USDT:USDT,299.25,390.0,299.27,0.5,299.22,289512.2,
1753507597059,05:26:37.059,blofin,AAVE/USDT:USDT,299.25,390.0,299.27,0.5,299.25,289514.2,
1753507597059,05:26:37.059,blofin,AAVE/USDT:USDT,299.25,500.0,299.27,0.5,299.25,289514.2,
1753507597059,05:26:37.059,blofin,AAVE/USDT:USDT,299.24,151.0,299.27,0.5,299.25,289514.2,
1753507598559,05:26:38.559,blofin,AAVE/USDT:USDT,299.24,151.0,299.27,0.5,299.25,289528.2,
1753507598559,05:26:38.559,blofin,AAVE/USDT:USDT,299.26,180.0,299.27,0.5,299.25,289528.2,
1753507598559,05:26:38.559,blofin,AAVE/USDT:USDT,299.25,53.0,299.27,0.5,299.25,289528.2,
1753507600051,05:26:40.051,blofin,AAVE/USDT:USDT,299.25,54.0,299.27,0.5,299.25,289536.2,
1753507600051,05:26:40.051,blofin,AAVE/USDT:USDT,299.25,54.0,299.27,0.5,299.25,289536.2,
1753507600051,05:26:40.051,blofin,AAVE/USDT:USDT,299.25,45.0,299.27,150.5,299.25,289536.2,
1753507600051,05:26:40.051,blofin,AAVE/USDT:USDT,299.25,47.0,299.27,150.5,299.25,289536.2,
1753507600051,05:26:40.051,blofin,AAVE/USDT:USDT,299.25,47.0,299.27,150.5,299.25,289536.2,
1753507600051,05:26:40.051,blofin,AAVE/USDT:USDT,299.25,26.0,299.27,17.5,299.25,289536.2,
1753507600051,05:26:40.051,blofin,AAVE/USDT:USDT,299.25,37.0,299.27,44.5,299.25,289536.2,
1753507600051,05:26:40.051,blofin,AAVE/USDT:USDT,299.25,37.0,299.27,44.5,299.25,289536.2,
1753507600051,05:26:40.051,blofin,AAVE/USDT:USDT,299.25,57.0,299.27,215.5,299.25,289536.2,
1753507600051,05:26:40.051,blofin,AAVE/USDT:USDT,299.25,57.0,299.27,215.5,299.25,289536.2,
1753507600051,05:26:40.051,blofin,AAVE/USDT:USDT,299.25,37.0,299.27,226.5,299.25,289536.2,
1753507600051,05:26:40.051,blofin,AAVE/USDT:USDT,299.25,37.0,299.27,226.5,299.25,289536.2,
1753507600051,05:26:40.051,blofin,AAVE/USDT:USDT,299.25,37.0,299.27,0.5,299.25,289536.2,
1753507600051,05:26:40.051,blofin,AAVE/USDT:USDT,299.25,35.0,299.27,0.5,299.25,289536.2,
1753507600051,05:26:40.051,blofin,AAVE/USDT:USDT,299.25,35.0,299.27,0.5,299.25,289536.2,
1753507600051,05:26:40.051,blofin,AAVE/USDT:USDT,299.25,34.0,299.27,181.5,299.25,289536.2,
1753507600051,05:26:40.051,blofin,AAVE/USDT:USDT,299.25,33.0,299.27,0.5,299.25,289536.2,
1753507600051,05:26:40.051,blofin,AAVE/USDT:USDT,299.25,60.0,299.27,0.5,299.25,289536.2,
1753507600051,05:26:40.051,blofin,AAVE/USDT:USDT,299.25,61.0,299.27,0.5,299.25,289536.2,
1753507600051,05:26:40.051,blofin,AAVE/USDT:USDT,299.25,34.0,299.27,192.5,299.25,289536.2,
1753507600051,05:26:40.051,blofin,AAVE/USDT:USDT,299.25,92.0,299.27,193.5,299.25,289536.2,
1753507600051,05:26:40.051,blofin,AAVE/USDT:USDT,299.25,92.0,299.27,193.5,299.25,289536.2,
1753507600051,05:26:40.051,blofin,AAVE/USDT:USDT,299.25,92.0,299.27,196.5,299.25,289536.2,
1753507600051,05:26:40.051,blofin,AAVE/USDT:USDT,299.25,92.0,299.27,195.5,299.25,289536.2,
1753507600051,05:26:40.051,blofin,AAVE/USDT:USDT,299.25,97.0,299.27,6.5,299.25,289536.2,
