timestamp,time,exchange,symbol,bid,bidVolume,ask,askVolume,lastPrice,baseVolume,quoteVolume
1753507224562,05:20:24.562,blofin,AAVE/USDT:USDT,298.35,24.0,298.37,123.0,298.4,290167.2,
1753507224562,05:20:24.562,blofin,AAVE/USDT:USDT,298.34,80.0,298.36,3.0,298.4,290167.2,
1753507224562,05:20:24.562,blofin,AAVE/USDT:USDT,298.34,80.0,298.36,338.0,298.4,290167.2,
1753507224562,05:20:24.562,blofin,AAVE/USDT:USDT,298.34,59.0,298.36,180.0,298.4,290167.2,
1753507224562,05:20:24.562,blofin,AAVE/USDT:USDT,298.34,131.0,298.36,319.0,298.4,290167.2,
1753507224562,05:20:24.562,blofin,AAVE/USDT:USDT,298.34,131.0,298.36,319.0,298.4,290167.2,
1753507224562,05:20:24.562,blofin,AAVE/USDT:USDT,298.38,52.0,298.4,39.0,298.4,290167.2,
1753507224562,05:20:24.562,blofin,AAVE/USDT:USDT,298.4,225.0,298.41,43.0,298.4,290167.2,
1753507224562,05:20:24.562,blofin,AAVE/USDT:USDT,298.4,225.0,298.41,43.0,298.4,290167.2,
1753507224562,05:20:24.562,blofin,AAVE/USDT:USDT,298.4,225.0,298.41,43.0,298.4,290167.2,
1753507224562,05:20:24.562,blofin,AAVE/USDT:USDT,298.4,22.0,298.41,43.0,298.4,290167.2,
1753507224562,05:20:24.562,blofin,AAVE/USDT:USDT,298.4,22.0,298.41,43.0,298.4,290167.2,
1753507224562,05:20:24.562,blofin,AAVE/USDT:USDT,298.4,22.0,298.41,43.0,298.4,290167.2,
1753507224562,05:20:24.562,blofin,AAVE/USDT:USDT,298.4,22.0,298.41,43.0,298.4,290167.2,
1753507224562,05:20:24.562,blofin,AAVE/USDT:USDT,298.4,22.0,298.41,43.0,298.4,290167.2,
1753507224562,05:20:24.562,blofin,AAVE/USDT:USDT,298.4,22.0,298.41,43.0,298.4,290167.2,
1753507224562,05:20:24.562,blofin,AAVE/USDT:USDT,298.4,21.0,298.42,87.0,298.4,290167.2,
1753507248358,05:20:48.358,blofin,AAVE/USDT:USDT,298.4,4.0,298.41,67.0,298.4,290180.2,
1753507248358,05:20:48.358,blofin,AAVE/USDT:USDT,298.4,4.0,298.41,67.0,298.4,290180.2,
1753507248358,05:20:48.358,blofin,AAVE/USDT:USDT,298.4,4.0,298.41,67.0,298.4,290180.2,
1753507248358,05:20:48.358,blofin,AAVE/USDT:USDT,298.4,4.0,298.42,78.0,298.4,290180.2,
1753507248358,05:20:48.358,blofin,AAVE/USDT:USDT,298.4,4.0,298.42,78.0,298.4,290180.2,
1753507248358,05:20:48.358,blofin,AAVE/USDT:USDT,298.38,41.0,298.4,156.0,298.4,290180.2,
1753507248358,05:20:48.358,blofin,AAVE/USDT:USDT,298.38,45.0,298.41,303.0,298.4,290180.2,
1753507248358,05:20:48.358,blofin,AAVE/USDT:USDT,298.38,45.0,298.41,303.0,298.4,290180.2,
1753507248358,05:20:48.358,blofin,AAVE/USDT:USDT,298.38,45.0,298.41,308.0,298.4,290180.2,
1753507248358,05:20:48.358,blofin,AAVE/USDT:USDT,298.38,39.0,298.4,110.0,298.4,290180.2,
1753507248358,05:20:48.358,blofin,AAVE/USDT:USDT,298.38,39.0,298.4,110.0,298.4,290180.2,
1753507248358,05:20:48.358,blofin,AAVE/USDT:USDT,298.38,17.0,298.4,105.0,298.4,290180.2,
1753507248358,05:20:48.358,blofin,AAVE/USDT:USDT,298.38,36.0,298.4,205.0,298.4,290180.2,
1753507248358,05:20:48.358,blofin,AAVE/USDT:USDT,298.38,36.0,298.4,206.0,298.4,290180.2,
1753507248358,05:20:48.358,blofin,AAVE/USDT:USDT,298.38,36.0,298.4,206.0,298.4,290180.2,
1753507248358,05:20:48.358,blofin,AAVE/USDT:USDT,298.38,2.0,298.4,329.0,298.4,290180.2,
1753507248358,05:20:48.358,blofin,AAVE/USDT:USDT,298.38,38.0,298.4,240.0,298.4,290180.2,
1753507248358,05:20:48.358,blofin,AAVE/USDT:USDT,298.38,38.0,298.4,240.0,298.4,290180.2,
1753507248358,05:20:48.358,blofin,AAVE/USDT:USDT,298.38,39.0,298.4,194.0,298.4,290180.2,
1753507248358,05:20:48.358,blofin,AAVE/USDT:USDT,298.38,39.0,298.4,176.0,298.4,290180.2,
1753507248358,05:20:48.358,blofin,AAVE/USDT:USDT,298.38,39.0,298.4,176.0,298.4,290180.2,
1753507248358,05:20:48.358,blofin,AAVE/USDT:USDT,298.38,39.0,298.4,176.0,298.4,290180.2,
1753507248358,05:20:48.358,blofin,AAVE/USDT:USDT,298.38,139.0,298.4,91.0,298.4,290180.2,
1753507248358,05:20:48.358,blofin,AAVE/USDT:USDT,298.38,139.0,298.4,91.0,298.4,290180.2,
1753507248358,05:20:48.358,blofin,AAVE/USDT:USDT,298.38,111.0,298.41,98.0,298.4,290180.2,
1753507248358,05:20:48.358,blofin,AAVE/USDT:USDT,298.38,2.0,298.4,103.0,298.4,290180.2,
1753507248358,05:20:48.358,blofin,AAVE/USDT:USDT,298.38,2.0,298.4,103.0,298.4,290180.2,
1753507248358,05:20:48.358,blofin,AAVE/USDT:USDT,298.38,2.0,298.4,107.0,298.4,290180.2,
1753507248358,05:20:48.358,blofin,AAVE/USDT:USDT,298.38,202.0,298.4,4.0,298.4,290180.2,
1753507248358,05:20:48.358,blofin,AAVE/USDT:USDT,298.38,181.0,298.4,4.0,298.4,290180.2,
1753507248358,05:20:48.358,blofin,AAVE/USDT:USDT,298.38,181.0,298.4,4.0,298.4,290180.2,
1753507248358,05:20:48.358,blofin,AAVE/USDT:USDT,298.38,181.0,298.41,200.0,298.4,290180.2,
1753507248358,05:20:48.358,blofin,AAVE/USDT:USDT,298.38,62.0,298.4,189.0,298.4,290180.2,
1753507248358,05:20:48.358,blofin,AAVE/USDT:USDT,298.38,62.0,298.4,189.0,298.4,290180.2,
1753507248358,05:20:48.358,blofin,AAVE/USDT:USDT,298.38,110.0,298.4,189.0,298.4,290180.2,
1753507248358,05:20:48.358,blofin,AAVE/USDT:USDT,298.38,119.0,298.4,192.0,298.4,290180.2,
1753507248358,05:20:48.358,blofin,AAVE/USDT:USDT,298.38,118.0,298.4,192.0,298.4,290180.2,
1753507248358,05:20:48.358,blofin,AAVE/USDT:USDT,298.38,118.0,298.4,192.0,298.4,290180.2,
1753507267765,05:21:07.765,blofin,AAVE/USDT:USDT,298.5,183.0,298.51,97.0,298.53,289821.5,
1753507267765,05:21:07.765,blofin,AAVE/USDT:USDT,298.5,183.0,298.51,97.0,298.53,289821.5,
1753507267765,05:21:07.765,blofin,AAVE/USDT:USDT,298.52,306.0,298.53,12.0,298.53,289821.5,
1753507267765,05:21:07.765,blofin,AAVE/USDT:USDT,298.52,196.0,298.53,12.0,298.53,289821.5,
1753507269763,05:21:09.763,blofin,AAVE/USDT:USDT,298.54,388.0,298.55,223.0,298.56,289829.5,
1753507269763,05:21:09.763,blofin,AAVE/USDT:USDT,298.54,388.0,298.55,223.0,298.56,289829.5,
1753507269763,05:21:09.763,blofin,AAVE/USDT:USDT,298.56,330.0,298.58,64.0,298.56,289829.5,
1753507269763,05:21:09.763,blofin,AAVE/USDT:USDT,298.56,234.0,298.58,72.0,298.56,289829.5,
1753507269763,05:21:09.763,blofin,AAVE/USDT:USDT,298.56,234.0,298.58,72.0,298.56,289829.5,
1753507269763,05:21:09.763,blofin,AAVE/USDT:USDT,298.56,230.0,298.58,68.0,298.56,289829.5,
1753507269763,05:21:09.763,blofin,AAVE/USDT:USDT,298.56,290.0,298.58,71.0,298.56,289829.5,
1753507269763,05:21:09.763,blofin,AAVE/USDT:USDT,298.56,214.0,298.58,73.0,298.56,289829.5,
1753507269763,05:21:09.763,blofin,AAVE/USDT:USDT,298.56,214.0,298.58,73.0,298.56,289829.5,
1753507269763,05:21:09.763,blofin,AAVE/USDT:USDT,298.57,194.0,298.58,63.0,298.56,289829.5,
1753507269763,05:21:09.763,blofin,AAVE/USDT:USDT,298.57,194.0,298.58,63.0,298.56,289829.5,
1753507269763,05:21:09.763,blofin,AAVE/USDT:USDT,298.57,194.0,298.58,63.0,298.56,289829.5,
1753507269763,05:21:09.763,blofin,AAVE/USDT:USDT,298.57,233.0,298.58,63.0,298.56,289829.5,
1753507269763,05:21:09.763,blofin,AAVE/USDT:USDT,298.57,280.0,298.58,59.0,298.56,289829.5,
1753507269763,05:21:09.763,blofin,AAVE/USDT:USDT,298.57,281.0,298.58,59.0,298.56,289829.5,
1753507269763,05:21:09.763,blofin,AAVE/USDT:USDT,298.57,281.0,298.58,59.0,298.56,289829.5,
1753507269763,05:21:09.763,blofin,AAVE/USDT:USDT,298.57,376.0,298.58,59.0,298.56,289829.5,
1753507269763,05:21:09.763,blofin,AAVE/USDT:USDT,298.57,115.0,298.58,59.0,298.56,289829.5,
1753507269763,05:21:09.763,blofin,AAVE/USDT:USDT,298.57,115.0,298.58,59.0,298.56,289829.5,
1753507269763,05:21:09.763,blofin,AAVE/USDT:USDT,298.57,115.0,298.58,59.0,298.56,289829.5,
1753507269763,05:21:09.763,blofin,AAVE/USDT:USDT,298.57,91.0,298.58,59.0,298.56,289829.5,
1753507269763,05:21:09.763,blofin,AAVE/USDT:USDT,298.57,58.0,298.58,59.0,298.56,289829.5,
1753507269763,05:21:09.763,blofin,AAVE/USDT:USDT,298.57,58.0,298.58,59.0,298.56,289829.5,
1753507269763,05:21:09.763,blofin,AAVE/USDT:USDT,298.57,58.0,298.58,59.0,298.56,289829.5,
1753507269763,05:21:09.763,blofin,AAVE/USDT:USDT,298.57,227.0,298.58,59.0,298.56,289829.5,
1753507269763,05:21:09.763,blofin,AAVE/USDT:USDT,298.57,227.0,298.58,59.0,298.56,289829.5,
1753507269763,05:21:09.763,blofin,AAVE/USDT:USDT,298.57,230.0,298.59,175.0,298.56,289829.5,
1753507269763,05:21:09.763,blofin,AAVE/USDT:USDT,298.57,77.0,298.59,177.0,298.56,289829.5,
1753507269763,05:21:09.763,blofin,AAVE/USDT:USDT,298.57,77.0,298.59,177.0,298.56,289829.5,
1753507269763,05:21:09.763,blofin,AAVE/USDT:USDT,298.57,77.0,298.59,177.0,298.56,289829.5,
1753507269763,05:21:09.763,blofin,AAVE/USDT:USDT,298.57,224.0,298.59,7.0,298.56,289829.5,
1753507269763,05:21:09.763,blofin,AAVE/USDT:USDT,298.57,224.0,298.59,7.0,298.56,289829.5,
1753507269763,05:21:09.763,blofin,AAVE/USDT:USDT,298.57,225.0,298.59,7.0,298.56,289829.5,
1753507269763,05:21:09.763,blofin,AAVE/USDT:USDT,298.57,82.0,298.59,113.0,298.56,289829.5,
1753507269763,05:21:09.763,blofin,AAVE/USDT:USDT,298.57,84.0,298.59,112.0,298.56,289829.5,
1753507269763,05:21:09.763,blofin,AAVE/USDT:USDT,298.57,84.0,298.59,112.0,298.56,289829.5,
1753507269763,05:21:09.763,blofin,AAVE/USDT:USDT,298.57,178.0,298.59,112.0,298.56,289829.5,
1753507269763,05:21:09.763,blofin,AAVE/USDT:USDT,298.57,80.0,298.59,112.0,298.56,289829.5,
1753507269763,05:21:09.763,blofin,AAVE/USDT:USDT,298.57,39.0,298.59,6.0,298.56,289829.5,
1753507269763,05:21:09.763,blofin,AAVE/USDT:USDT,298.57,39.0,298.59,3.0,298.56,289829.5,
1753507269763,05:21:09.763,blofin,AAVE/USDT:USDT,298.57,59.0,298.59,124.0,298.56,289829.5,
1753507269763,05:21:09.763,blofin,AAVE/USDT:USDT,298.57,59.0,298.59,124.0,298.56,289829.5,
1753507269763,05:21:09.763,blofin,AAVE/USDT:USDT,298.54,30.0,298.56,380.0,298.56,289829.5,
1753507269763,05:21:09.763,blofin,AAVE/USDT:USDT,298.52,3.0,298.55,408.0,298.56,289829.5,
1753507269763,05:21:09.763,blofin,AAVE/USDT:USDT,298.52,24.0,298.55,521.0,298.56,289829.5,
1753507269763,05:21:09.763,blofin,AAVE/USDT:USDT,298.52,23.0,298.54,419.0,298.56,289829.5,
1753507269763,05:21:09.763,blofin,AAVE/USDT:USDT,298.52,23.0,298.54,419.0,298.56,289829.5,
1753507269763,05:21:09.763,blofin,AAVE/USDT:USDT,298.52,23.0,298.54,422.0,298.56,289829.5,
1753507269763,05:21:09.763,blofin,AAVE/USDT:USDT,298.52,23.0,298.55,398.0,298.56,289829.5,
1753507269763,05:21:09.763,blofin,AAVE/USDT:USDT,298.52,2.0,298.54,355.0,298.56,289829.5,
1753507269763,05:21:09.763,blofin,AAVE/USDT:USDT,298.52,2.0,298.54,355.0,298.56,289829.5,
1753507269763,05:21:09.763,blofin,AAVE/USDT:USDT,298.52,2.0,298.54,357.0,298.56,289829.5,
1753507269763,05:21:09.763,blofin,AAVE/USDT:USDT,298.5,259.0,298.52,434.0,298.56,289829.5,
1753507269763,05:21:09.763,blofin,AAVE/USDT:USDT,298.5,258.0,298.52,435.0,298.56,289829.5,
1753507269763,05:21:09.763,blofin,AAVE/USDT:USDT,298.5,258.0,298.52,435.0,298.56,289829.5,
1753507269763,05:21:09.763,blofin,AAVE/USDT:USDT,298.5,281.0,298.52,241.0,298.56,289829.5,
1753507269763,05:21:09.763,blofin,AAVE/USDT:USDT,298.5,268.0,298.52,129.0,298.56,289829.5,
1753507269763,05:21:09.763,blofin,AAVE/USDT:USDT,298.5,294.0,298.52,243.0,298.56,289829.5,
1753507269763,05:21:09.763,blofin,AAVE/USDT:USDT,298.5,294.0,298.52,243.0,298.56,289829.5,
1753507269763,05:21:09.763,blofin,AAVE/USDT:USDT,298.5,294.0,298.52,243.0,298.56,289829.5,
