timestamp,time,exchange,symbol,bid,bidVolume,ask,askVolume,lastPrice,baseVolume,quoteVolume
1753504808053,04:40:08.053,blofin,ACH/USDT:USDT,0.02236,11.0,0.02238,7390.0,0.02237,573512.0,
1753504808053,04:40:08.053,blofin,ACH/USDT:USDT,0.02236,1070.0,0.02238,4053.0,0.02237,573512.0,
1753504868053,04:41:08.053,blofin,ACH/USDT:USDT,0.02236,4083.0,0.02238,1268.0,0.02237,573494.0,
1753504868053,04:41:08.053,blofin,ACH/USDT:USDT,0.02236,4436.0,0.02238,1225.0,0.02237,573494.0,
1753504868053,04:41:08.053,blofin,ACH/USDT:USDT,0.02236,4435.0,0.02238,333.0,0.02237,573494.0,
1753504953051,04:42:33.051,blofin,ACH/USDT:USDT,0.02237,1213.0,0.02238,3.0,0.02236,573474.0,
1753504953051,04:42:33.051,blofin,ACH/USDT:USDT,0.02237,1213.0,0.02238,3.0,0.02236,573474.0,
1753504953051,04:42:33.051,blofin,ACH/USDT:USDT,0.02237,1190.0,0.02239,4060.0,0.02236,573474.0,
1753504953051,04:42:33.051,blofin,ACH/USDT:USDT,0.02237,2117.0,0.02239,4119.0,0.02236,573474.0,
1753504988053,04:43:08.053,blofin,ACH/USDT:USDT,0.02237,2309.0,0.02239,4056.0,0.02236,573461.0,
1753504988053,04:43:08.053,blofin,ACH/USDT:USDT,0.02237,2308.0,0.02239,2329.0,0.02236,573461.0,
1753504988053,04:43:08.053,blofin,ACH/USDT:USDT,0.02237,16.0,0.02239,4171.0,0.02236,573461.0,
1753504988053,04:43:08.053,blofin,ACH/USDT:USDT,0.02237,2574.0,0.02239,1973.0,0.02236,573461.0,
1753504988053,04:43:08.053,blofin,ACH/USDT:USDT,0.02237,3632.0,0.02239,1976.0,0.02236,573461.0,
1753505048053,04:44:08.053,blofin,ACH/USDT:USDT,0.02237,2509.0,0.02239,2244.0,0.02236,573450.0,
1753505115850,04:45:15.850,blofin,ACH/USDT:USDT,0.02236,3064.0,0.02239,2870.0,0.02238,573410.0,
1753505168852,04:46:08.852,blofin,ACH/USDT:USDT,0.02237,4686.0,0.02239,2154.0,0.02238,573418.0,
1753505228053,04:47:08.053,blofin,ACH/USDT:USDT,0.02237,3922.0,0.02239,3958.0,0.02238,573418.0,
1753505288053,04:48:08.053,blofin,ACH/USDT:USDT,0.02236,2630.0,0.02238,4827.0,0.02238,573383.0,
1753505288053,04:48:08.053,blofin,ACH/USDT:USDT,0.02236,3.0,0.02237,1.0,0.02238,573383.0,
1753505348055,04:49:08.055,blofin,ACH/USDT:USDT,0.02236,6834.0,0.02237,2.0,0.02236,573362.0,
1753505348055,04:49:08.055,blofin,ACH/USDT:USDT,0.02236,6286.0,0.02238,6178.0,0.02236,573362.0,
1753505348055,04:49:08.055,blofin,ACH/USDT:USDT,0.02233,3846.0,0.02235,4.0,0.02236,573362.0,
1753505408053,04:50:08.053,blofin,ACH/USDT:USDT,0.02233,2430.0,0.02235,2462.0,0.02236,573328.0,
1753505408053,04:50:08.053,blofin,ACH/USDT:USDT,0.02233,1456.0,0.02235,4.0,0.02236,573328.0,
1753505462148,04:51:02.148,blofin,ACH/USDT:USDT,0.02232,15727.0,0.02233,4372.0,0.02234,573329.0,
1753505462148,04:51:02.148,blofin,ACH/USDT:USDT,0.02232,15727.0,0.02233,4372.0,0.02234,573329.0,
1753505462148,04:51:02.148,blofin,ACH/USDT:USDT,0.02232,15727.0,0.02233,4372.0,0.02234,573329.0,
1753505462148,04:51:02.148,blofin,ACH/USDT:USDT,0.02232,15727.0,0.02233,5.0,0.02234,573329.0,
1753505462148,04:51:02.148,blofin,ACH/USDT:USDT,0.02231,3431.0,0.02233,28.0,0.02234,573329.0,
1753505462148,04:51:02.148,blofin,ACH/USDT:USDT,0.02231,3680.0,0.02233,28.0,0.02234,573329.0,
1753505511655,04:51:51.655,blofin,ACH/USDT:USDT,0.02232,2106.0,0.02233,3.0,0.02233,573339.0,
1753505528053,04:52:08.053,blofin,ACH/USDT:USDT,0.02232,1125.0,0.02233,3.0,0.02233,573314.0,
1753505528053,04:52:08.053,blofin,ACH/USDT:USDT,0.02232,2330.0,0.02234,2135.0,0.02233,573314.0,
1753505528053,04:52:08.053,blofin,ACH/USDT:USDT,0.02232,2266.0,0.02234,2144.0,0.02233,573314.0,
1753505573858,04:52:53.858,blofin,ACH/USDT:USDT,0.02232,4.0,0.02234,218.0,0.02234,573325.0,
1753505573858,04:52:53.858,blofin,ACH/USDT:USDT,0.02232,4.0,0.02233,2273.0,0.02234,573325.0,
1753505573858,04:52:53.858,blofin,ACH/USDT:USDT,0.02232,4.0,0.02233,2305.0,0.02234,573325.0,
1753505588053,04:53:08.053,blofin,ACH/USDT:USDT,0.02231,2150.0,0.02233,2368.0,0.02234,573287.0,
1753505648053,04:54:08.053,blofin,ACH/USDT:USDT,0.02232,2434.0,0.02233,5.0,0.02234,573253.0,
1753505648053,04:54:08.053,blofin,ACH/USDT:USDT,0.02232,1324.0,0.02234,3131.0,0.02234,573253.0,
1753505648053,04:54:08.053,blofin,ACH/USDT:USDT,0.02232,3315.0,0.02234,1163.0,0.02234,573253.0,
1753505648053,04:54:08.053,blofin,ACH/USDT:USDT,0.02232,3422.0,0.02234,232.0,0.02234,573253.0,
1753505708053,04:55:08.053,blofin,ACH/USDT:USDT,0.02232,342.0,0.02234,3279.0,0.02234,573241.0,
1753505708053,04:55:08.053,blofin,ACH/USDT:USDT,0.02232,385.0,0.02234,3208.0,0.02234,573241.0,
1753505708053,04:55:08.053,blofin,ACH/USDT:USDT,0.02232,3590.0,0.02234,4.0,0.02234,573241.0,
1753505762019,04:56:02.019,blofin,ACH/USDT:USDT,0.02232,1430.0,0.02234,2120.0,0.02232,573205.0,
1753505762019,04:56:02.019,blofin,ACH/USDT:USDT,0.02232,3256.0,0.02234,1187.0,0.02232,573205.0,
1753505762019,04:56:02.019,blofin,ACH/USDT:USDT,0.02232,1215.0,0.02234,3965.0,0.02232,573205.0,
1753505762019,04:56:02.019,blofin,ACH/USDT:USDT,0.02232,301.0,0.02234,3965.0,0.02232,573205.0,
1753505762019,04:56:02.019,blofin,ACH/USDT:USDT,0.02232,3.0,0.02233,1305.0,0.02232,573205.0,
1753505888053,04:58:08.053,blofin,ACH/USDT:USDT,0.0223,5223.0,0.02232,67.0,0.02232,573183.0,
1753505948055,04:59:08.055,blofin,ACH/USDT:USDT,0.02232,3548.0,0.02234,4355.0,0.02232,573192.0,
1753505948055,04:59:08.055,blofin,ACH/USDT:USDT,0.02232,1140.0,0.02234,6221.0,0.02232,573192.0,
1753505948055,04:59:08.055,blofin,ACH/USDT:USDT,0.02232,3357.0,0.02234,274.0,0.02232,573192.0,
1753506008053,05:00:08.053,blofin,ACH/USDT:USDT,0.02232,4088.0,0.02234,1616.0,0.02232,573153.0,
1753506068053,05:01:08.053,blofin,ACH/USDT:USDT,0.02232,5950.0,0.02234,556.0,0.02232,573118.0,
1753506128053,05:02:08.053,blofin,ACH/USDT:USDT,0.02232,3.0,0.02234,2772.0,0.02232,573074.0,
1753506128053,05:02:08.053,blofin,ACH/USDT:USDT,0.02231,3697.0,0.02233,5.0,0.02232,573074.0,
1753506188053,05:03:08.053,blofin,ACH/USDT:USDT,0.02232,5861.0,0.02234,821.0,0.02232,573030.0,
1753506248053,05:04:08.053,blofin,ACH/USDT:USDT,0.02232,5935.0,0.02234,958.0,0.02232,572980.0,
1753506248053,05:04:08.053,blofin,ACH/USDT:USDT,0.02232,4635.0,0.02234,3.0,0.02232,572980.0,
1753506248053,05:04:08.053,blofin,ACH/USDT:USDT,0.02232,5982.0,0.02234,3.0,0.02232,572980.0,
1753506248053,05:04:08.053,blofin,ACH/USDT:USDT,0.02233,2617.0,0.02235,4.0,0.02232,572980.0,
1753506248053,05:04:08.053,blofin,ACH/USDT:USDT,0.02233,2614.0,0.02235,8.0,0.02232,572980.0,
1753506305400,05:05:05.400,blofin,ACH/USDT:USDT,0.02233,5206.0,0.02235,4.0,0.02235,572953.0,
1753506368053,05:06:08.053,blofin,ACH/USDT:USDT,0.02234,2.0,0.02235,2746.0,0.02233,572939.0,
1753506368053,05:06:08.053,blofin,ACH/USDT:USDT,0.02233,3294.0,0.02235,6.0,0.02233,572939.0,
1753506368053,05:06:08.053,blofin,ACH/USDT:USDT,0.02233,3516.0,0.02235,1210.0,0.02233,572939.0,
1753506368053,05:06:08.053,blofin,ACH/USDT:USDT,0.02233,2124.0,0.02235,4294.0,0.02233,572939.0,
1753506368053,05:06:08.053,blofin,ACH/USDT:USDT,0.02233,187.0,0.02235,5190.0,0.02233,572939.0,
1753506428053,05:07:08.053,blofin,ACH/USDT:USDT,0.02233,1.0,0.02234,2893.0,0.02233,572876.0,
1753506428053,05:07:08.053,blofin,ACH/USDT:USDT,0.02233,1.0,0.02235,3177.0,0.02233,572876.0,
1753506428053,05:07:08.053,blofin,ACH/USDT:USDT,0.02232,14.0,0.02234,4.0,0.02233,572876.0,
1753506509948,05:08:29.948,blofin,ACH/USDT:USDT,0.0223,3150.0,0.02232,1150.0,0.02232,572870.0,
1753506509948,05:08:29.948,blofin,ACH/USDT:USDT,0.0223,3215.0,0.02232,1151.0,0.02232,572870.0,
1753506548053,05:09:08.053,blofin,ACH/USDT:USDT,0.0223,2251.0,0.02232,2976.0,0.02232,572827.0,
1753506548053,05:09:08.053,blofin,ACH/USDT:USDT,0.02231,4143.0,0.02233,1184.0,0.02232,572827.0,
1753506548053,05:09:08.053,blofin,ACH/USDT:USDT,0.02231,3125.0,0.02233,3875.0,0.02232,572827.0,
