timestamp,time,exchange,symbol,bid,bidVolume,ask,askVolume,lastPrice,baseVolume,quoteVolume
1753504777647,04:39:37.647,blofin,AAVE/USDT:USDT,297.31,17.0,297.33,144.0,297.26,319821.6,
1753504790349,04:39:50.349,blofin,AAVE/USDT:USDT,297.25,87.0,297.27,542.0,297.25,319830.6,
1753504790349,04:39:50.349,blofin,AAVE/USDT:USDT,297.25,5.0,297.27,223.0,297.25,319830.6,
1753504790349,04:39:50.349,blofin,AAVE/USDT:USDT,297.25,4.0,297.27,226.0,297.25,319830.6,
1753504790349,04:39:50.349,blofin,AAVE/USDT:USDT,297.25,4.0,297.27,226.0,297.25,319830.6,
1753504790349,04:39:50.349,blofin,AAVE/USDT:USDT,297.25,5.0,297.27,184.0,297.25,319830.6,
1753504790349,04:39:50.349,blofin,AAVE/USDT:USDT,297.25,6.0,297.27,186.0,297.25,319830.6,
1753504790349,04:39:50.349,blofin,AAVE/USDT:USDT,297.25,28.0,297.27,63.0,297.25,319830.6,
1753504790349,04:39:50.349,blofin,AAVE/USDT:USDT,297.25,6.0,297.27,27.0,297.25,319830.6,
1753504790349,04:39:50.349,blofin,AAVE/USDT:USDT,297.25,6.0,297.27,27.0,297.25,319830.6,
1753504790349,04:39:50.349,blofin,AAVE/USDT:USDT,297.25,42.0,297.27,6.0,297.25,319830.6,
1753504790349,04:39:50.349,blofin,AAVE/USDT:USDT,297.25,44.0,297.27,6.0,297.25,319830.6,
1753504790349,04:39:50.349,blofin,AAVE/USDT:USDT,297.25,44.0,297.27,6.0,297.25,319830.6,
1753504790349,04:39:50.349,blofin,AAVE/USDT:USDT,297.25,201.0,297.27,7.0,297.25,319830.6,
1753504790349,04:39:50.349,blofin,AAVE/USDT:USDT,297.25,75.0,297.27,7.0,297.25,319830.6,
1753504790349,04:39:50.349,blofin,AAVE/USDT:USDT,297.25,77.0,297.27,5.0,297.25,319830.6,
1753504790349,04:39:50.349,blofin,AAVE/USDT:USDT,297.25,66.0,297.27,8.0,297.25,319830.6,
1753504790349,04:39:50.349,blofin,AAVE/USDT:USDT,297.25,66.0,297.27,8.0,297.25,319830.6,
1753504790349,04:39:50.349,blofin,AAVE/USDT:USDT,297.25,6.0,297.27,8.0,297.25,319830.6,
1753504790349,04:39:50.349,blofin,AAVE/USDT:USDT,297.25,6.0,297.27,4.0,297.25,319830.6,
1753504790349,04:39:50.349,blofin,AAVE/USDT:USDT,297.25,6.0,297.27,4.0,297.25,319830.6,
1753504803145,04:40:03.145,blofin,AAVE/USDT:USDT,297.28,50.0,297.31,2.0,297.27,319418.5,
1753504803145,04:40:03.145,blofin,AAVE/USDT:USDT,297.27,30.0,297.29,144.0,297.27,319418.5,
1753504803145,04:40:03.145,blofin,AAVE/USDT:USDT,297.27,35.0,297.29,144.0,297.27,319418.5,
1753504803145,04:40:03.145,blofin,AAVE/USDT:USDT,297.27,16.0,297.29,161.0,297.27,319418.5,
1753504803145,04:40:03.145,blofin,AAVE/USDT:USDT,297.27,16.0,297.29,161.0,297.27,319418.5,
1753504803145,04:40:03.145,blofin,AAVE/USDT:USDT,297.27,15.0,297.29,165.0,297.27,319418.5,
1753504803145,04:40:03.145,blofin,AAVE/USDT:USDT,297.27,35.0,297.29,39.0,297.27,319418.5,
1753504803145,04:40:03.145,blofin,AAVE/USDT:USDT,297.27,35.0,297.29,39.0,297.27,319418.5,
1753504803145,04:40:03.145,blofin,AAVE/USDT:USDT,297.27,16.0,297.29,4.0,297.27,319418.5,
1753504803145,04:40:03.145,blofin,AAVE/USDT:USDT,297.28,31.0,297.29,4.0,297.27,319418.5,
1753504803145,04:40:03.145,blofin,AAVE/USDT:USDT,297.28,31.0,297.3,56.0,297.27,319418.5,
1753504803145,04:40:03.145,blofin,AAVE/USDT:USDT,297.28,31.0,297.3,56.0,297.27,319418.5,
1753504803145,04:40:03.145,blofin,AAVE/USDT:USDT,297.27,55.0,297.29,165.0,297.27,319418.5,
1753504803145,04:40:03.145,blofin,AAVE/USDT:USDT,297.28,32.0,297.29,2.0,297.27,319418.5,
1753504803145,04:40:03.145,blofin,AAVE/USDT:USDT,297.28,34.0,297.29,2.0,297.27,319418.5,
1753504803145,04:40:03.145,blofin,AAVE/USDT:USDT,297.28,34.0,297.29,2.0,297.27,319418.5,
1753504803145,04:40:03.145,blofin,AAVE/USDT:USDT,297.28,33.0,297.3,60.0,297.27,319418.5,
1753504803145,04:40:03.145,blofin,AAVE/USDT:USDT,297.28,34.0,297.3,60.0,297.27,319418.5,
1753504803145,04:40:03.145,blofin,AAVE/USDT:USDT,297.28,36.0,297.3,60.0,297.27,319418.5,
1753504803145,04:40:03.145,blofin,AAVE/USDT:USDT,297.28,36.0,297.3,60.0,297.27,319418.5,
1753504803145,04:40:03.145,blofin,AAVE/USDT:USDT,297.27,34.0,297.3,99.0,297.27,319418.5,
1753504803145,04:40:03.145,blofin,AAVE/USDT:USDT,297.28,64.0,297.3,274.0,297.27,319418.5,
1753504803145,04:40:03.145,blofin,AAVE/USDT:USDT,297.28,64.0,297.3,274.0,297.27,319418.5,
1753504803145,04:40:03.145,blofin,AAVE/USDT:USDT,297.28,44.0,297.3,3.0,297.27,319418.5,
1753504803145,04:40:03.145,blofin,AAVE/USDT:USDT,297.28,44.0,297.3,3.0,297.27,319418.5,
1753504803145,04:40:03.145,blofin,AAVE/USDT:USDT,297.34,42.0,297.36,34.0,297.27,319418.5,
1753504803145,04:40:03.145,blofin,AAVE/USDT:USDT,297.34,91.0,297.36,33.0,297.27,319418.5,
1753504803145,04:40:03.145,blofin,AAVE/USDT:USDT,297.34,108.0,297.36,9.0,297.27,319418.5,
1753504803145,04:40:03.145,blofin,AAVE/USDT:USDT,297.34,108.0,297.36,9.0,297.27,319418.5,
1753504803145,04:40:03.145,blofin,AAVE/USDT:USDT,297.34,108.0,297.36,9.0,297.27,319418.5,
1753504803145,04:40:03.145,blofin,AAVE/USDT:USDT,297.34,1.0,297.36,33.0,297.27,319418.5,
1753504803145,04:40:03.145,blofin,AAVE/USDT:USDT,297.34,90.0,297.36,9.0,297.27,319418.5,
1753504803145,04:40:03.145,blofin,AAVE/USDT:USDT,297.34,90.0,297.36,9.0,297.27,319418.5,
1753504820254,04:40:20.254,blofin,AAVE/USDT:USDT,297.34,91.0,297.36,9.0,297.36,319428.5,
1753504820254,04:40:20.254,blofin,AAVE/USDT:USDT,297.35,95.0,297.37,5.0,297.36,319428.5,
1753504820254,04:40:20.254,blofin,AAVE/USDT:USDT,297.36,81.0,297.38,26.0,297.36,319428.5,
1753504820254,04:40:20.254,blofin,AAVE/USDT:USDT,297.36,80.0,297.38,26.0,297.36,319428.5,
1753504820254,04:40:20.254,blofin,AAVE/USDT:USDT,297.36,80.0,297.38,26.0,297.36,319428.5,
1753504820254,04:40:20.254,blofin,AAVE/USDT:USDT,297.36,115.0,297.38,28.0,297.36,319428.5,
1753504820254,04:40:20.254,blofin,AAVE/USDT:USDT,297.36,115.0,297.38,4.0,297.36,319428.5,
1753504820254,04:40:20.254,blofin,AAVE/USDT:USDT,297.35,5.0,297.36,201.0,297.36,319428.5,
1753504820254,04:40:20.254,blofin,AAVE/USDT:USDT,297.35,5.0,297.36,201.0,297.36,319428.5,
1753504820254,04:40:20.254,blofin,AAVE/USDT:USDT,297.35,5.0,297.36,79.0,297.36,319428.5,
1753504820254,04:40:20.254,blofin,AAVE/USDT:USDT,297.35,5.0,297.36,79.0,297.36,319428.5,
1753504827547,04:40:27.547,blofin,AAVE/USDT:USDT,297.35,5.0,297.36,79.0,297.32,319436.5,
1753504827547,04:40:27.547,blofin,AAVE/USDT:USDT,297.3,1.0,297.32,185.0,297.32,319436.5,
1753504827547,04:40:27.547,blofin,AAVE/USDT:USDT,297.3,1.0,297.32,185.0,297.32,319436.5,
1753504827547,04:40:27.547,blofin,AAVE/USDT:USDT,297.3,28.0,297.32,109.0,297.32,319436.5,
1753504827547,04:40:27.547,blofin,AAVE/USDT:USDT,297.3,17.0,297.32,44.0,297.32,319436.5,
1753504827547,04:40:27.547,blofin,AAVE/USDT:USDT,297.3,5.0,297.32,56.0,297.32,319436.5,
1753504827547,04:40:27.547,blofin,AAVE/USDT:USDT,297.29,37.0,297.32,56.0,297.32,319436.5,
1753504827547,04:40:27.547,blofin,AAVE/USDT:USDT,297.3,61.0,297.32,13.0,297.32,319436.5,
1753504827547,04:40:27.547,blofin,AAVE/USDT:USDT,297.3,61.0,297.32,13.0,297.32,319436.5,
1753504827547,04:40:27.547,blofin,AAVE/USDT:USDT,297.3,16.0,297.32,93.0,297.32,319436.5,
1753504827547,04:40:27.547,blofin,AAVE/USDT:USDT,297.3,16.0,297.32,93.0,297.32,319436.5,
1753504827547,04:40:27.547,blofin,AAVE/USDT:USDT,297.3,255.0,297.32,8.0,297.32,319436.5,
1753504827547,04:40:27.547,blofin,AAVE/USDT:USDT,297.3,255.0,297.32,8.0,297.32,319436.5,
1753504827547,04:40:27.547,blofin,AAVE/USDT:USDT,297.3,259.0,297.32,8.0,297.32,319436.5,
1753504827547,04:40:27.547,blofin,AAVE/USDT:USDT,297.34,99.0,297.37,36.0,297.32,319436.5,
1753504827547,04:40:27.547,blofin,AAVE/USDT:USDT,297.34,99.0,297.37,36.0,297.32,319436.5,
1753504827547,04:40:27.547,blofin,AAVE/USDT:USDT,297.34,8.0,297.36,81.0,297.32,319436.5,
1753504827547,04:40:27.547,blofin,AAVE/USDT:USDT,297.34,8.0,297.36,86.0,297.32,319436.5,
1753504827547,04:40:27.547,blofin,AAVE/USDT:USDT,297.34,8.0,297.36,212.0,297.32,319436.5,
1753504827547,04:40:27.547,blofin,AAVE/USDT:USDT,297.31,6.0,297.33,226.0,297.32,319436.5,
1753504839454,04:40:39.454,blofin,AAVE/USDT:USDT,297.31,6.0,297.33,226.0,297.2,319450.5,
1753504839454,04:40:39.454,blofin,AAVE/USDT:USDT,297.19,32.0,297.2,30.0,297.2,319450.5,
1753504839454,04:40:39.454,blofin,AAVE/USDT:USDT,297.15,55.0,297.17,3.0,297.2,319450.5,
1753504839454,04:40:39.454,blofin,AAVE/USDT:USDT,297.15,55.0,297.17,3.0,297.2,319450.5,
1753504839454,04:40:39.454,blofin,AAVE/USDT:USDT,297.15,61.0,297.17,44.0,297.2,319450.5,
1753504839454,04:40:39.454,blofin,AAVE/USDT:USDT,297.21,62.0,297.23,43.0,297.2,319450.5,
1753504839454,04:40:39.454,blofin,AAVE/USDT:USDT,297.21,103.0,297.24,62.0,297.2,319450.5,
1753504839454,04:40:39.454,blofin,AAVE/USDT:USDT,297.21,103.0,297.24,65.0,297.2,319450.5,
1753504839454,04:40:39.454,blofin,AAVE/USDT:USDT,297.21,32.0,297.23,66.0,297.2,319450.5,
1753504844161,04:40:44.161,blofin,AAVE/USDT:USDT,297.21,32.0,297.23,66.0,297.23,319461.5,
1753504844161,04:40:44.161,blofin,AAVE/USDT:USDT,297.23,219.0,297.25,126.0,297.23,319461.5,
1753504844161,04:40:44.161,blofin,AAVE/USDT:USDT,297.23,219.0,297.25,130.0,297.23,319461.5,
1753504844161,04:40:44.161,blofin,AAVE/USDT:USDT,297.23,219.0,297.25,130.0,297.23,319461.5,
1753504844161,04:40:44.161,blofin,AAVE/USDT:USDT,297.25,437.0,297.27,65.0,297.23,319461.5,
1753504844161,04:40:44.161,blofin,AAVE/USDT:USDT,297.24,178.0,297.27,67.0,297.23,319461.5,
1753504844161,04:40:44.161,blofin,AAVE/USDT:USDT,297.25,281.0,297.27,67.0,297.23,319461.5,
1753504844161,04:40:44.161,blofin,AAVE/USDT:USDT,297.25,281.0,297.27,67.0,297.23,319461.5,
1753504844161,04:40:44.161,blofin,AAVE/USDT:USDT,297.25,283.0,297.27,67.0,297.23,319461.5,
1753504848850,04:40:48.850,blofin,AAVE/USDT:USDT,297.25,251.0,297.27,66.0,297.31,319470.5,
1753504848850,04:40:48.850,blofin,AAVE/USDT:USDT,297.27,276.0,297.29,2.0,297.31,319470.5,
1753504848850,04:40:48.850,blofin,AAVE/USDT:USDT,297.27,276.0,297.29,2.0,297.31,319470.5,
1753504848850,04:40:48.850,blofin,AAVE/USDT:USDT,297.27,502.0,297.29,28.0,297.31,319470.5,
1753504848850,04:40:48.850,blofin,AAVE/USDT:USDT,297.27,493.0,297.29,2.0,297.31,319470.5,
1753504848850,04:40:48.850,blofin,AAVE/USDT:USDT,297.27,493.0,297.29,2.0,297.31,319470.5,
1753504848850,04:40:48.850,blofin,AAVE/USDT:USDT,297.28,414.0,297.29,2.0,297.31,319470.5,
1753504848850,04:40:48.850,blofin,AAVE/USDT:USDT,297.28,414.0,297.29,2.0,297.31,319470.5,
1753504848850,04:40:48.850,blofin,AAVE/USDT:USDT,297.3,247.0,297.32,5.0,297.31,319470.5,
1753504848850,04:40:48.850,blofin,AAVE/USDT:USDT,297.33,381.0,297.34,246.0,297.31,319470.5,
1753504848850,04:40:48.850,blofin,AAVE/USDT:USDT,297.36,346.0,297.39,134.0,297.31,319470.5,
1753504848850,04:40:48.850,blofin,AAVE/USDT:USDT,297.36,346.0,297.39,134.0,297.31,319470.5,
1753504848850,04:40:48.850,blofin,AAVE/USDT:USDT,297.36,350.0,297.39,134.0,297.31,319470.5,
1753504848850,04:40:48.850,blofin,AAVE/USDT:USDT,297.36,342.0,297.39,129.0,297.31,319470.5,
1753504848850,04:40:48.850,blofin,AAVE/USDT:USDT,297.36,345.0,297.39,129.0,297.31,319470.5,
1753504848850,04:40:48.850,blofin,AAVE/USDT:USDT,297.36,326.0,297.38,81.0,297.31,319470.5,
1753504848850,04:40:48.850,blofin,AAVE/USDT:USDT,297.36,326.0,297.38,81.0,297.31,319470.5,
1753504848850,04:40:48.850,blofin,AAVE/USDT:USDT,297.37,148.0,297.39,7.0,297.31,319470.5,
1753504848850,04:40:48.850,blofin,AAVE/USDT:USDT,297.37,1.0,297.39,10.0,297.31,319470.5,
1753504848850,04:40:48.850,blofin,AAVE/USDT:USDT,297.39,67.0,297.41,214.0,297.31,319470.5,
1753504848850,04:40:48.850,blofin,AAVE/USDT:USDT,297.39,67.0,297.41,214.0,297.31,319470.5,
1753504848850,04:40:48.850,blofin,AAVE/USDT:USDT,297.39,14.0,297.41,235.0,297.31,319470.5,
1753504848850,04:40:48.850,blofin,AAVE/USDT:USDT,297.39,14.0,297.41,237.0,297.31,319470.5,
1753504848850,04:40:48.850,blofin,AAVE/USDT:USDT,297.39,14.0,297.41,237.0,297.31,319470.5,
1753504848850,04:40:48.850,blofin,AAVE/USDT:USDT,297.39,41.0,297.41,172.0,297.31,319470.5,
1753504848850,04:40:48.850,blofin,AAVE/USDT:USDT,297.39,21.0,297.41,172.0,297.31,319470.5,
1753504848850,04:40:48.850,blofin,AAVE/USDT:USDT,297.39,21.0,297.41,172.0,297.31,319470.5,
1753504848850,04:40:48.850,blofin,AAVE/USDT:USDT,297.39,18.0,297.41,219.0,297.31,319470.5,
1753504864162,04:41:04.162,blofin,AAVE/USDT:USDT,297.39,18.0,297.41,219.0,297.42,319297.5,
1753504864162,04:41:04.162,blofin,AAVE/USDT:USDT,297.4,242.0,297.41,172.0,297.42,319297.5,
1753504864162,04:41:04.162,blofin,AAVE/USDT:USDT,297.42,436.0,297.44,36.0,297.42,319297.5,
1753504864162,04:41:04.162,blofin,AAVE/USDT:USDT,297.44,284.0,297.46,145.0,297.42,319297.5,
1753504864162,04:41:04.162,blofin,AAVE/USDT:USDT,297.44,284.0,297.46,145.0,297.42,319297.5,
1753504864162,04:41:04.162,blofin,AAVE/USDT:USDT,297.44,452.0,297.46,125.0,297.42,319297.5,
1753504864162,04:41:04.162,blofin,AAVE/USDT:USDT,297.44,450.0,297.46,125.0,297.42,319297.5,
1753504864162,04:41:04.162,blofin,AAVE/USDT:USDT,297.44,279.0,297.46,125.0,297.42,319297.5,
1753504864162,04:41:04.162,blofin,AAVE/USDT:USDT,297.44,279.0,297.46,127.0,297.42,319297.5,
1753504864162,04:41:04.162,blofin,AAVE/USDT:USDT,297.44,279.0,297.46,127.0,297.42,319297.5,
1753504864162,04:41:04.162,blofin,AAVE/USDT:USDT,297.44,251.0,297.47,130.0,297.42,319297.5,
1753504864162,04:41:04.162,blofin,AAVE/USDT:USDT,297.44,162.0,297.46,125.0,297.42,319297.5,
1753504864162,04:41:04.162,blofin,AAVE/USDT:USDT,297.44,162.0,297.46,125.0,297.42,319297.5,
1753504864162,04:41:04.162,blofin,AAVE/USDT:USDT,297.43,116.0,297.46,129.0,297.42,319297.5,
1753504864162,04:41:04.162,blofin,AAVE/USDT:USDT,297.43,114.0,297.46,129.0,297.42,319297.5,
1753504864162,04:41:04.162,blofin,AAVE/USDT:USDT,297.44,131.0,297.46,4.0,297.42,319297.5,
1753504864162,04:41:04.162,blofin,AAVE/USDT:USDT,297.44,131.0,297.46,4.0,297.42,319297.5,
1753504872649,04:41:12.649,blofin,AAVE/USDT:USDT,297.44,131.0,297.46,4.0,297.45,319309.5,
1753504872649,04:41:12.649,blofin,AAVE/USDT:USDT,297.45,113.0,297.46,4.0,297.45,319309.5,
1753504872649,04:41:12.649,blofin,AAVE/USDT:USDT,297.45,206.0,297.47,24.0,297.45,319309.5,
1753504872649,04:41:12.649,blofin,AAVE/USDT:USDT,297.45,206.0,297.47,24.0,297.45,319309.5,
1753504872649,04:41:12.649,blofin,AAVE/USDT:USDT,297.45,113.0,297.47,126.0,297.45,319309.5,
1753504872649,04:41:12.649,blofin,AAVE/USDT:USDT,297.45,116.0,297.47,127.0,297.45,319309.5,
1753504872649,04:41:12.649,blofin,AAVE/USDT:USDT,297.45,71.0,297.47,92.0,297.45,319309.5,
1753504872649,04:41:12.649,blofin,AAVE/USDT:USDT,297.45,264.0,297.47,2.0,297.45,319309.5,
1753504872649,04:41:12.649,blofin,AAVE/USDT:USDT,297.45,261.0,297.47,2.0,297.45,319309.5,
1753504872649,04:41:12.649,blofin,AAVE/USDT:USDT,297.45,261.0,297.47,2.0,297.45,319309.5,
1753504872649,04:41:12.649,blofin,AAVE/USDT:USDT,297.45,253.0,297.47,77.0,297.45,319309.5,
1753504872649,04:41:12.649,blofin,AAVE/USDT:USDT,297.45,5.0,297.47,77.0,297.45,319309.5,
1753504872649,04:41:12.649,blofin,AAVE/USDT:USDT,297.45,5.0,297.47,79.0,297.45,319309.5,
1753504872649,04:41:12.649,blofin,AAVE/USDT:USDT,297.45,269.0,297.47,4.0,297.45,319309.5,
1753504872649,04:41:12.649,blofin,AAVE/USDT:USDT,297.45,269.0,297.47,4.0,297.45,319309.5,
1753504872649,04:41:12.649,blofin,AAVE/USDT:USDT,297.45,271.0,297.47,4.0,297.45,319309.5,
1753504872649,04:41:12.649,blofin,AAVE/USDT:USDT,297.45,255.0,297.47,74.0,297.45,319309.5,
1753504872649,04:41:12.649,blofin,AAVE/USDT:USDT,297.45,300.0,297.47,71.0,297.45,319309.5,
1753504872649,04:41:12.649,blofin,AAVE/USDT:USDT,297.45,300.0,297.47,71.0,297.45,319309.5,
1753504872649,04:41:12.649,blofin,AAVE/USDT:USDT,297.45,272.0,297.47,58.0,297.45,319309.5,
1753504872649,04:41:12.649,blofin,AAVE/USDT:USDT,297.45,272.0,297.47,58.0,297.45,319309.5,
1753504872649,04:41:12.649,blofin,AAVE/USDT:USDT,297.45,298.0,297.47,56.0,297.45,319309.5,
1753504872649,04:41:12.649,blofin,AAVE/USDT:USDT,297.45,297.0,297.47,56.0,297.45,319309.5,
1753504872649,04:41:12.649,blofin,AAVE/USDT:USDT,297.45,301.0,297.47,56.0,297.45,319309.5,
1753504872649,04:41:12.649,blofin,AAVE/USDT:USDT,297.45,301.0,297.47,56.0,297.45,319309.5,
1753504872649,04:41:12.649,blofin,AAVE/USDT:USDT,297.46,325.0,297.48,179.0,297.45,319309.5,
1753504872649,04:41:12.649,blofin,AAVE/USDT:USDT,297.46,325.0,297.48,175.0,297.45,319309.5,
1753504886853,04:41:26.853,blofin,AAVE/USDT:USDT,297.51,6.0,297.53,327.0,297.53,319324.5,
1753504886853,04:41:26.853,blofin,AAVE/USDT:USDT,297.51,6.0,297.53,327.0,297.53,319324.5,
1753504886853,04:41:26.853,blofin,AAVE/USDT:USDT,297.49,9.0,297.51,294.0,297.53,319324.5,
1753504886853,04:41:26.853,blofin,AAVE/USDT:USDT,297.49,11.0,297.51,294.0,297.53,319324.5,
1753504886853,04:41:26.853,blofin,AAVE/USDT:USDT,297.48,11.0,297.51,271.0,297.53,319324.5,
1753504889251,04:41:29.251,blofin,AAVE/USDT:USDT,297.5,33.0,297.52,74.0,297.49,319335.5,
1753504889251,04:41:29.251,blofin,AAVE/USDT:USDT,297.5,33.0,297.52,74.0,297.49,319335.5,
1753504889251,04:41:29.251,blofin,AAVE/USDT:USDT,297.5,34.0,297.52,74.0,297.49,319335.5,
1753504889251,04:41:29.251,blofin,AAVE/USDT:USDT,297.5,116.0,297.52,1.0,297.49,319335.5,
1753504889251,04:41:29.251,blofin,AAVE/USDT:USDT,297.5,116.0,297.52,1.0,297.49,319335.5,
1753504889251,04:41:29.251,blofin,AAVE/USDT:USDT,297.5,116.0,297.53,71.0,297.49,319335.5,
1753504889251,04:41:29.251,blofin,AAVE/USDT:USDT,297.5,248.0,297.52,71.0,297.49,319335.5,
1753504889251,04:41:29.251,blofin,AAVE/USDT:USDT,297.54,308.0,297.56,33.0,297.49,319335.5,
1753504889251,04:41:29.251,blofin,AAVE/USDT:USDT,297.54,308.0,297.56,33.0,297.49,319335.5,
1753504889251,04:41:29.251,blofin,AAVE/USDT:USDT,297.54,289.0,297.56,45.0,297.49,319335.5,
1753504889251,04:41:29.251,blofin,AAVE/USDT:USDT,297.54,34.0,297.56,62.0,297.49,319335.5,
1753504889251,04:41:29.251,blofin,AAVE/USDT:USDT,297.54,34.0,297.56,62.0,297.49,319335.5,
1753504889251,04:41:29.251,blofin,AAVE/USDT:USDT,297.54,166.0,297.56,43.0,297.49,319335.5,
1753504889251,04:41:29.251,blofin,AAVE/USDT:USDT,297.54,194.0,297.56,17.0,297.49,319335.5,
1753504889251,04:41:29.251,blofin,AAVE/USDT:USDT,297.54,194.0,297.56,19.0,297.49,319335.5,
1753504889251,04:41:29.251,blofin,AAVE/USDT:USDT,297.54,194.0,297.56,19.0,297.49,319335.5,
1753504889251,04:41:29.251,blofin,AAVE/USDT:USDT,297.54,210.0,297.56,19.0,297.49,319335.5,
1753504889251,04:41:29.251,blofin,AAVE/USDT:USDT,297.58,265.0,297.6,265.0,297.49,319335.5,
1753504889251,04:41:29.251,blofin,AAVE/USDT:USDT,297.58,265.0,297.6,267.0,297.49,319335.5,
1753504889251,04:41:29.251,blofin,AAVE/USDT:USDT,297.58,268.0,297.6,269.0,297.49,319335.5,
1753504889251,04:41:29.251,blofin,AAVE/USDT:USDT,297.58,268.0,297.6,269.0,297.49,319335.5,
1753504901943,04:41:41.943,blofin,AAVE/USDT:USDT,297.58,352.0,297.6,266.0,297.61,319338.5,
1753504901943,04:41:41.943,blofin,AAVE/USDT:USDT,297.6,391.0,297.61,203.0,297.61,319338.5,
1753504901943,04:41:41.943,blofin,AAVE/USDT:USDT,297.6,342.0,297.61,203.0,297.61,319338.5,
1753504901943,04:41:41.943,blofin,AAVE/USDT:USDT,297.6,343.0,297.61,203.0,297.61,319338.5,
1753504901943,04:41:41.943,blofin,AAVE/USDT:USDT,297.6,301.0,297.61,203.0,297.61,319338.5,
1753504901943,04:41:41.943,blofin,AAVE/USDT:USDT,297.6,301.0,297.61,203.0,297.61,319338.5,
1753504901943,04:41:41.943,blofin,AAVE/USDT:USDT,297.6,345.0,297.61,203.0,297.61,319338.5,
1753504901943,04:41:41.943,blofin,AAVE/USDT:USDT,297.6,344.0,297.61,203.0,297.61,319338.5,
1753504901943,04:41:41.943,blofin,AAVE/USDT:USDT,297.6,344.0,297.61,203.0,297.61,319338.5,
1753504901943,04:41:41.943,blofin,AAVE/USDT:USDT,297.6,223.0,297.61,203.0,297.61,319338.5,
1753504901943,04:41:41.943,blofin,AAVE/USDT:USDT,297.6,259.0,297.61,203.0,297.61,319338.5,
1753504901943,04:41:41.943,blofin,AAVE/USDT:USDT,297.6,259.0,297.61,203.0,297.61,319338.5,
1753504901943,04:41:41.943,blofin,AAVE/USDT:USDT,297.6,186.0,297.61,203.0,297.61,319338.5,
1753504901943,04:41:41.943,blofin,AAVE/USDT:USDT,297.6,215.0,297.61,203.0,297.61,319338.5,
1753504901943,04:41:41.943,blofin,AAVE/USDT:USDT,297.6,215.0,297.61,203.0,297.61,319338.5,
1753504901943,04:41:41.943,blofin,AAVE/USDT:USDT,297.6,215.0,297.61,203.0,297.61,319338.5,
1753504901943,04:41:41.943,blofin,AAVE/USDT:USDT,297.6,215.0,297.61,203.0,297.61,319338.5,
1753504901943,04:41:41.943,blofin,AAVE/USDT:USDT,297.6,234.0,297.62,9.0,297.61,319338.5,
1753504901943,04:41:41.943,blofin,AAVE/USDT:USDT,297.6,234.0,297.62,9.0,297.61,319338.5,
1753504901943,04:41:41.943,blofin,AAVE/USDT:USDT,297.6,260.0,297.62,15.0,297.61,319338.5,
1753504901943,04:41:41.943,blofin,AAVE/USDT:USDT,297.6,258.0,297.62,15.0,297.61,319338.5,
1753504901943,04:41:41.943,blofin,AAVE/USDT:USDT,297.6,222.0,297.62,12.0,297.61,319338.5,
1753504901943,04:41:41.943,blofin,AAVE/USDT:USDT,297.6,224.0,297.62,8.0,297.61,319338.5,
1753504901943,04:41:41.943,blofin,AAVE/USDT:USDT,297.6,224.0,297.62,8.0,297.61,319338.5,
1753504901943,04:41:41.943,blofin,AAVE/USDT:USDT,297.6,5.0,297.62,8.0,297.61,319338.5,
1753504901943,04:41:41.943,blofin,AAVE/USDT:USDT,297.6,300.0,297.62,4.0,297.61,319338.5,
1753504901943,04:41:41.943,blofin,AAVE/USDT:USDT,297.6,302.0,297.62,4.0,297.61,319338.5,
1753504901943,04:41:41.943,blofin,AAVE/USDT:USDT,297.6,305.0,297.62,4.0,297.61,319338.5,
1753504901943,04:41:41.943,blofin,AAVE/USDT:USDT,297.6,305.0,297.62,4.0,297.61,319338.5,
1753504901943,04:41:41.943,blofin,AAVE/USDT:USDT,297.6,313.0,297.62,13.0,297.61,319338.5,
1753504901943,04:41:41.943,blofin,AAVE/USDT:USDT,297.6,315.0,297.62,13.0,297.61,319338.5,
1753504901943,04:41:41.943,blofin,AAVE/USDT:USDT,297.6,328.0,297.62,13.0,297.61,319338.5,
1753504901943,04:41:41.943,blofin,AAVE/USDT:USDT,297.6,328.0,297.62,13.0,297.61,319338.5,
1753504901943,04:41:41.943,blofin,AAVE/USDT:USDT,297.6,338.0,297.62,11.0,297.61,319338.5,
1753504901943,04:41:41.943,blofin,AAVE/USDT:USDT,297.6,338.0,297.62,11.0,297.61,319338.5,
1753504901943,04:41:41.943,blofin,AAVE/USDT:USDT,297.6,273.0,297.62,12.0,297.61,319338.5,
1753504901943,04:41:41.943,blofin,AAVE/USDT:USDT,297.6,7.0,297.62,16.0,297.61,319338.5,
1753504901943,04:41:41.943,blofin,AAVE/USDT:USDT,297.62,248.0,297.65,7.0,297.61,319338.5,
1753504901943,04:41:41.943,blofin,AAVE/USDT:USDT,297.62,248.0,297.65,7.0,297.61,319338.5,
1753504901943,04:41:41.943,blofin,AAVE/USDT:USDT,297.62,357.0,297.64,4.0,297.61,319338.5,
1753504901943,04:41:41.943,blofin,AAVE/USDT:USDT,297.65,483.0,297.66,120.0,297.61,319338.5,
1753504901943,04:41:41.943,blofin,AAVE/USDT:USDT,297.65,483.0,297.66,120.0,297.61,319338.5,
1753504901943,04:41:41.943,blofin,AAVE/USDT:USDT,297.65,483.0,297.66,120.0,297.61,319338.5,
1753504901943,04:41:41.943,blofin,AAVE/USDT:USDT,297.65,491.0,297.66,120.0,297.61,319338.5,
1753504924786,04:42:04.786,blofin,AAVE/USDT:USDT,297.65,430.0,297.66,120.0,297.7,319170.0,
1753504924786,04:42:04.786,blofin,AAVE/USDT:USDT,297.74,299.0,297.76,225.0,297.7,319170.0,
1753504924786,04:42:04.786,blofin,AAVE/USDT:USDT,297.74,110.0,297.76,181.0,297.7,319170.0,
1753504924786,04:42:04.786,blofin,AAVE/USDT:USDT,297.74,110.0,297.76,181.0,297.7,319170.0,
1753504926650,04:42:06.650,blofin,AAVE/USDT:USDT,297.72,203.0,297.76,1429.0,297.76,319182.0,
1753504926650,04:42:06.650,blofin,AAVE/USDT:USDT,297.72,203.0,297.74,1.0,297.76,319182.0,
1753504926650,04:42:06.650,blofin,AAVE/USDT:USDT,297.72,47.0,297.74,24.0,297.76,319182.0,
1753504928653,04:42:08.653,blofin,AAVE/USDT:USDT,297.72,4.0,297.74,137.0,297.72,319184.0,
1753504928653,04:42:08.653,blofin,AAVE/USDT:USDT,297.69,5.0,297.71,358.0,297.72,319184.0,
1753504928653,04:42:08.653,blofin,AAVE/USDT:USDT,297.69,56.0,297.71,21.0,297.72,319184.0,
1753504928653,04:42:08.653,blofin,AAVE/USDT:USDT,297.69,56.0,297.71,21.0,297.72,319184.0,
1753504928653,04:42:08.653,blofin,AAVE/USDT:USDT,297.69,56.0,297.71,21.0,297.72,319184.0,
1753504928653,04:42:08.653,blofin,AAVE/USDT:USDT,297.69,64.0,297.71,29.0,297.72,319184.0,
1753504928653,04:42:08.653,blofin,AAVE/USDT:USDT,297.69,169.0,297.71,36.0,297.72,319184.0,
1753504928653,04:42:08.653,blofin,AAVE/USDT:USDT,297.69,30.0,297.71,3.0,297.72,319184.0,
1753504928653,04:42:08.653,blofin,AAVE/USDT:USDT,297.74,157.0,297.76,157.0,297.72,319184.0,
1753504928653,04:42:08.653,blofin,AAVE/USDT:USDT,297.74,157.0,297.76,157.0,297.72,319184.0,
1753504928653,04:42:08.653,blofin,AAVE/USDT:USDT,297.74,82.0,297.76,157.0,297.72,319184.0,
1753504928653,04:42:08.653,blofin,AAVE/USDT:USDT,297.74,81.0,297.76,160.0,297.72,319184.0,
1753504928653,04:42:08.653,blofin,AAVE/USDT:USDT,297.74,2.0,297.75,143.0,297.72,319184.0,
1753504928653,04:42:08.653,blofin,AAVE/USDT:USDT,297.7,6.0,297.73,163.0,297.72,319184.0,
1753504928653,04:42:08.653,blofin,AAVE/USDT:USDT,297.7,6.0,297.73,163.0,297.72,319184.0,
1753504928653,04:42:08.653,blofin,AAVE/USDT:USDT,297.73,180.0,297.76,150.0,297.72,319184.0,
1753504928653,04:42:08.653,blofin,AAVE/USDT:USDT,297.73,227.0,297.75,4.0,297.72,319184.0,
1753504928653,04:42:08.653,blofin,AAVE/USDT:USDT,297.73,227.0,297.75,8.0,297.72,319184.0,
1753504928653,04:42:08.653,blofin,AAVE/USDT:USDT,297.73,227.0,297.75,8.0,297.72,319184.0,
1753504928653,04:42:08.653,blofin,AAVE/USDT:USDT,297.76,45.0,297.78,94.0,297.72,319184.0,
1753504928653,04:42:08.653,blofin,AAVE/USDT:USDT,297.75,46.0,297.78,94.0,297.72,319184.0,
1753504928653,04:42:08.653,blofin,AAVE/USDT:USDT,297.75,46.0,297.78,94.0,297.72,319184.0,
1753504928653,04:42:08.653,blofin,AAVE/USDT:USDT,297.75,46.0,297.78,94.0,297.72,319184.0,
1753504940449,04:42:20.449,blofin,AAVE/USDT:USDT,297.76,29.0,297.78,79.0,297.76,319194.0,
1753504940449,04:42:20.449,blofin,AAVE/USDT:USDT,297.72,56.0,297.74,141.0,297.76,319194.0,
1753504940449,04:42:20.449,blofin,AAVE/USDT:USDT,297.72,56.0,297.74,141.0,297.76,319194.0,
1753504940449,04:42:20.449,blofin,AAVE/USDT:USDT,297.72,56.0,297.74,141.0,297.76,319194.0,
1753504940449,04:42:20.449,blofin,AAVE/USDT:USDT,297.72,18.0,297.74,78.0,297.76,319194.0,
1753504940449,04:42:20.449,blofin,AAVE/USDT:USDT,297.72,181.0,297.74,3.0,297.76,319194.0,
1753504940449,04:42:20.449,blofin,AAVE/USDT:USDT,297.72,181.0,297.74,3.0,297.76,319194.0,
1753504940449,04:42:20.449,blofin,AAVE/USDT:USDT,297.72,328.0,297.74,3.0,297.76,319194.0,
1753504940449,04:42:20.449,blofin,AAVE/USDT:USDT,297.72,331.0,297.75,19.0,297.76,319194.0,
1753504945084,04:42:25.084,blofin,AAVE/USDT:USDT,297.72,304.0,297.74,14.0,297.77,319212.2,
1753504945084,04:42:25.084,blofin,AAVE/USDT:USDT,297.74,300.0,297.77,1069.8,297.77,319212.2,
1753504945084,04:42:25.084,blofin,AAVE/USDT:USDT,297.74,300.0,297.77,1069.8,297.77,319212.2,
1753504945084,04:42:25.084,blofin,AAVE/USDT:USDT,297.77,25.0,297.78,3.0,297.77,319212.2,
1753504945084,04:42:25.084,blofin,AAVE/USDT:USDT,297.77,25.0,297.78,3.0,297.77,319212.2,
1753504945084,04:42:25.084,blofin,AAVE/USDT:USDT,297.77,25.0,297.78,3.0,297.77,319212.2,
1753504945084,04:42:25.084,blofin,AAVE/USDT:USDT,297.77,25.0,297.78,3.0,297.77,319212.2,
1753504945084,04:42:25.084,blofin,AAVE/USDT:USDT,297.77,25.0,297.78,3.0,297.77,319212.2,
1753504945084,04:42:25.084,blofin,AAVE/USDT:USDT,297.73,91.0,297.75,6.0,297.77,319212.2,
1753504945084,04:42:25.084,blofin,AAVE/USDT:USDT,297.73,91.0,297.75,10.0,297.77,319212.2,
1753504945084,04:42:25.084,blofin,AAVE/USDT:USDT,297.73,5.0,297.75,330.0,297.77,319212.2,
1753504945084,04:42:25.084,blofin,AAVE/USDT:USDT,297.73,5.0,297.75,330.0,297.77,319212.2,
1753504945084,04:42:25.084,blofin,AAVE/USDT:USDT,297.73,3.0,297.75,328.0,297.77,319212.2,
1753504945084,04:42:25.084,blofin,AAVE/USDT:USDT,297.73,5.0,297.76,322.0,297.77,319212.2,
1753504945084,04:42:25.084,blofin,AAVE/USDT:USDT,297.73,5.0,297.76,361.0,297.77,319212.2,
1753504945084,04:42:25.084,blofin,AAVE/USDT:USDT,297.73,3.0,297.76,361.0,297.77,319212.2,
1753504945084,04:42:25.084,blofin,AAVE/USDT:USDT,297.73,3.0,297.76,361.0,297.77,319212.2,
1753504945084,04:42:25.084,blofin,AAVE/USDT:USDT,297.73,1.0,297.75,303.0,297.77,319212.2,
1753504945084,04:42:25.084,blofin,AAVE/USDT:USDT,297.73,9.0,297.75,1.0,297.77,319212.2,
1753504945084,04:42:25.084,blofin,AAVE/USDT:USDT,297.73,10.0,297.75,1.0,297.77,319212.2,
1753504945084,04:42:25.084,blofin,AAVE/USDT:USDT,297.73,10.0,297.75,294.0,297.77,319212.2,
1753504945084,04:42:25.084,blofin,AAVE/USDT:USDT,297.73,10.0,297.75,297.0,297.77,319212.2,
1753504945084,04:42:25.084,blofin,AAVE/USDT:USDT,297.73,10.0,297.75,297.0,297.77,319212.2,
1753504945084,04:42:25.084,blofin,AAVE/USDT:USDT,297.73,10.0,297.75,298.0,297.77,319212.2,
1753504945084,04:42:25.084,blofin,AAVE/USDT:USDT,297.73,10.0,297.75,319.0,297.77,319212.2,
1753504945084,04:42:25.084,blofin,AAVE/USDT:USDT,297.73,10.0,297.75,319.0,297.77,319212.2,
1753504945084,04:42:25.084,blofin,AAVE/USDT:USDT,297.69,12.0,297.71,315.0,297.77,319212.2,
1753504945084,04:42:25.084,blofin,AAVE/USDT:USDT,297.69,9.0,297.71,315.0,297.77,319212.2,
1753504945084,04:42:25.084,blofin,AAVE/USDT:USDT,297.69,14.0,297.71,340.0,297.77,319212.2,
1753504945084,04:42:25.084,blofin,AAVE/USDT:USDT,297.69,14.0,297.71,340.0,297.77,319212.2,
1753504945084,04:42:25.084,blofin,AAVE/USDT:USDT,297.69,14.0,297.71,4.0,297.77,319212.2,
1753504945084,04:42:25.084,blofin,AAVE/USDT:USDT,297.69,12.0,297.71,4.0,297.77,319212.2,
1753504945084,04:42:25.084,blofin,AAVE/USDT:USDT,297.69,9.0,297.71,358.0,297.77,319212.2,
1753504945084,04:42:25.084,blofin,AAVE/USDT:USDT,297.69,9.0,297.71,358.0,297.77,319212.2,
1753504945084,04:42:25.084,blofin,AAVE/USDT:USDT,297.69,9.0,297.71,363.0,297.77,319212.2,
1753504945084,04:42:25.084,blofin,AAVE/USDT:USDT,297.69,9.0,297.71,362.0,297.77,319212.2,
1753504945084,04:42:25.084,blofin,AAVE/USDT:USDT,297.69,12.0,297.71,1.0,297.77,319212.2,
1753504945084,04:42:25.084,blofin,AAVE/USDT:USDT,297.69,12.0,297.71,1.0,297.77,319212.2,
1753504945084,04:42:25.084,blofin,AAVE/USDT:USDT,297.69,14.0,297.72,303.0,297.77,319212.2,
1753504945084,04:42:25.084,blofin,AAVE/USDT:USDT,297.69,54.0,297.71,83.0,297.77,319212.2,
1753504945084,04:42:25.084,blofin,AAVE/USDT:USDT,297.69,54.0,297.71,241.0,297.77,319212.2,
1753504945084,04:42:25.084,blofin,AAVE/USDT:USDT,297.69,53.0,297.71,241.0,297.77,319212.2,
1753504945084,04:42:25.084,blofin,AAVE/USDT:USDT,297.69,53.0,297.71,241.0,297.77,319212.2,
1753504945084,04:42:25.084,blofin,AAVE/USDT:USDT,297.69,26.0,297.71,85.0,297.77,319212.2,
1753504945084,04:42:25.084,blofin,AAVE/USDT:USDT,297.69,47.0,297.71,195.0,297.77,319212.2,
1753504945084,04:42:25.084,blofin,AAVE/USDT:USDT,297.69,47.0,297.71,195.0,297.77,319212.2,
1753504945084,04:42:25.084,blofin,AAVE/USDT:USDT,297.69,43.0,297.71,195.0,297.77,319212.2,
1753504945084,04:42:25.084,blofin,AAVE/USDT:USDT,297.69,43.0,297.71,195.0,297.77,319212.2,
1753504945084,04:42:25.084,blofin,AAVE/USDT:USDT,297.69,46.0,297.71,198.0,297.77,319212.2,
1753504945084,04:42:25.084,blofin,AAVE/USDT:USDT,297.69,71.0,297.71,91.0,297.77,319212.2,
1753504972456,04:42:52.456,blofin,AAVE/USDT:USDT,297.72,47.0,297.75,43.0,297.73,319218.2,
1753504972456,04:42:52.456,blofin,AAVE/USDT:USDT,297.74,46.0,297.76,152.0,297.73,319218.2,
1753504972456,04:42:52.456,blofin,AAVE/USDT:USDT,297.74,86.0,297.76,154.0,297.73,319218.2,
1753504972456,04:42:52.456,blofin,AAVE/USDT:USDT,297.74,86.0,297.76,154.0,297.73,319218.2,
1753504972456,04:42:52.456,blofin,AAVE/USDT:USDT,297.74,86.0,297.76,154.0,297.73,319218.2,
1753504972456,04:42:52.456,blofin,AAVE/USDT:USDT,297.74,40.0,297.76,247.0,297.73,319218.2,
1753504972456,04:42:52.456,blofin,AAVE/USDT:USDT,297.74,38.0,297.76,247.0,297.73,319218.2,
1753504972456,04:42:52.456,blofin,AAVE/USDT:USDT,297.74,27.0,297.76,247.0,297.73,319218.2,
1753504972456,04:42:52.456,blofin,AAVE/USDT:USDT,297.73,9.0,297.76,247.0,297.73,319218.2,
1753504972456,04:42:52.456,blofin,AAVE/USDT:USDT,297.73,9.0,297.76,247.0,297.73,319218.2,
1753504972456,04:42:52.456,blofin,AAVE/USDT:USDT,297.74,2.0,297.76,118.0,297.73,319218.2,
1753504972456,04:42:52.456,blofin,AAVE/USDT:USDT,297.74,2.0,297.76,115.0,297.73,319218.2,
1753504972456,04:42:52.456,blofin,AAVE/USDT:USDT,297.74,13.0,297.76,279.0,297.73,319218.2,
1753504972456,04:42:52.456,blofin,AAVE/USDT:USDT,297.74,13.0,297.76,279.0,297.73,319218.2,
1753504972456,04:42:52.456,blofin,AAVE/USDT:USDT,297.73,15.0,297.76,279.0,297.73,319218.2,
1753504972456,04:42:52.456,blofin,AAVE/USDT:USDT,297.74,13.0,297.76,281.0,297.73,319218.2,
1753504972456,04:42:52.456,blofin,AAVE/USDT:USDT,297.74,11.0,297.76,263.0,297.73,319218.2,
1753504972456,04:42:52.456,blofin,AAVE/USDT:USDT,297.74,11.0,297.76,263.0,297.73,319218.2,
1753504983047,04:43:03.047,blofin,AAVE/USDT:USDT,297.74,11.0,297.76,283.0,297.75,319033.2,
1753504983047,04:43:03.047,blofin,AAVE/USDT:USDT,297.74,2.0,297.75,165.0,297.75,319033.2,
1753504983047,04:43:03.047,blofin,AAVE/USDT:USDT,297.73,15.0,297.75,1.0,297.75,319033.2,
1753504984249,04:43:04.249,blofin,AAVE/USDT:USDT,297.73,15.0,297.75,1.0,297.72,319048.2,
1753504984249,04:43:04.249,blofin,AAVE/USDT:USDT,297.7,4.0,297.72,340.0,297.72,319048.2,
1753504984249,04:43:04.249,blofin,AAVE/USDT:USDT,297.7,4.0,297.72,340.0,297.72,319048.2,
1753504984249,04:43:04.249,blofin,AAVE/USDT:USDT,297.7,6.0,297.72,340.0,297.72,319048.2,
1753504984249,04:43:04.249,blofin,AAVE/USDT:USDT,297.7,4.0,297.72,282.0,297.72,319048.2,
1753504984249,04:43:04.249,blofin,AAVE/USDT:USDT,297.7,50.0,297.72,14.0,297.72,319048.2,
1753504984249,04:43:04.249,blofin,AAVE/USDT:USDT,297.7,50.0,297.72,14.0,297.72,319048.2,
1753504984249,04:43:04.249,blofin,AAVE/USDT:USDT,297.7,21.0,297.72,18.0,297.72,319048.2,
1753504984249,04:43:04.249,blofin,AAVE/USDT:USDT,297.7,21.0,297.72,18.0,297.72,319048.2,
1753504984249,04:43:04.249,blofin,AAVE/USDT:USDT,297.7,25.0,297.72,155.0,297.72,319048.2,
1753504984249,04:43:04.249,blofin,AAVE/USDT:USDT,297.7,25.0,297.72,155.0,297.72,319048.2,
1753504984249,04:43:04.249,blofin,AAVE/USDT:USDT,297.7,25.0,297.72,159.0,297.72,319048.2,
1753504984249,04:43:04.249,blofin,AAVE/USDT:USDT,297.7,30.0,297.73,36.0,297.72,319048.2,
1753504984249,04:43:04.249,blofin,AAVE/USDT:USDT,297.7,28.0,297.73,38.0,297.72,319048.2,
1753504984249,04:43:04.249,blofin,AAVE/USDT:USDT,297.7,26.0,297.72,32.0,297.72,319048.2,
1753504984249,04:43:04.249,blofin,AAVE/USDT:USDT,297.7,26.0,297.72,32.0,297.72,319048.2,
1753504984249,04:43:04.249,blofin,AAVE/USDT:USDT,297.7,26.0,297.72,49.0,297.72,319048.2,
1753504984249,04:43:04.249,blofin,AAVE/USDT:USDT,297.7,26.0,297.72,174.0,297.72,319048.2,
1753504984249,04:43:04.249,blofin,AAVE/USDT:USDT,297.7,29.0,297.72,174.0,297.72,319048.2,
1753504993749,04:43:13.749,blofin,AAVE/USDT:USDT,297.64,420.0,297.69,169.0,297.64,319062.2,
1753504993749,04:43:13.749,blofin,AAVE/USDT:USDT,297.64,420.0,297.69,169.0,297.64,319062.2,
1753504993749,04:43:13.749,blofin,AAVE/USDT:USDT,297.64,420.0,297.69,174.0,297.64,319062.2,
1753504993749,04:43:13.749,blofin,AAVE/USDT:USDT,297.67,36.0,297.69,112.0,297.64,319062.2,
1753504993749,04:43:13.749,blofin,AAVE/USDT:USDT,297.67,54.0,297.69,28.0,297.64,319062.2,
1753504993749,04:43:13.749,blofin,AAVE/USDT:USDT,297.67,54.0,297.69,28.0,297.64,319062.2,
1753504993749,04:43:13.749,blofin,AAVE/USDT:USDT,297.67,54.0,297.69,28.0,297.64,319062.2,
1753504993749,04:43:13.749,blofin,AAVE/USDT:USDT,297.67,107.0,297.69,28.0,297.64,319062.2,
1753504993749,04:43:13.749,blofin,AAVE/USDT:USDT,297.67,84.0,297.69,29.0,297.64,319062.2,
1753504993749,04:43:13.749,blofin,AAVE/USDT:USDT,297.67,84.0,297.69,29.0,297.64,319062.2,
1753504993749,04:43:13.749,blofin,AAVE/USDT:USDT,297.67,84.0,297.69,29.0,297.64,319062.2,
1753504993749,04:43:13.749,blofin,AAVE/USDT:USDT,297.67,3.0,297.69,28.0,297.64,319062.2,
1753504993749,04:43:13.749,blofin,AAVE/USDT:USDT,297.67,266.0,297.69,27.0,297.64,319062.2,
1753504993749,04:43:13.749,blofin,AAVE/USDT:USDT,297.67,266.0,297.69,24.0,297.64,319062.2,
1753504993749,04:43:13.749,blofin,AAVE/USDT:USDT,297.67,290.0,297.69,28.0,297.64,319062.2,
1753504993749,04:43:13.749,blofin,AAVE/USDT:USDT,297.67,290.0,297.69,28.0,297.64,319062.2,
1753504993749,04:43:13.749,blofin,AAVE/USDT:USDT,297.67,181.0,297.69,54.0,297.64,319062.2,
1753504993749,04:43:13.749,blofin,AAVE/USDT:USDT,297.67,273.0,297.69,1.0,297.64,319062.2,
1753504993749,04:43:13.749,blofin,AAVE/USDT:USDT,297.67,275.0,297.69,1.0,297.64,319062.2,
1753504993749,04:43:13.749,blofin,AAVE/USDT:USDT,297.67,275.0,297.69,1.0,297.64,319062.2,
1753504993749,04:43:13.749,blofin,AAVE/USDT:USDT,297.67,100.0,297.69,61.0,297.64,319062.2,
1753504993749,04:43:13.749,blofin,AAVE/USDT:USDT,297.67,100.0,297.69,60.0,297.64,319062.2,
1753504993749,04:43:13.749,blofin,AAVE/USDT:USDT,297.67,100.0,297.69,60.0,297.64,319062.2,
1753504993749,04:43:13.749,blofin,AAVE/USDT:USDT,297.67,104.0,297.69,1.0,297.64,319062.2,
1753504993749,04:43:13.749,blofin,AAVE/USDT:USDT,297.67,125.0,297.69,62.0,297.64,319062.2,
1753504993749,04:43:13.749,blofin,AAVE/USDT:USDT,297.67,126.0,297.69,62.0,297.64,319062.2,
1753504993749,04:43:13.749,blofin,AAVE/USDT:USDT,297.67,126.0,297.69,62.0,297.64,319062.2,
1753504993749,04:43:13.749,blofin,AAVE/USDT:USDT,297.71,266.0,297.74,54.0,297.64,319062.2,
1753504993749,04:43:13.749,blofin,AAVE/USDT:USDT,297.71,266.0,297.74,54.0,297.64,319062.2,
1753504993749,04:43:13.749,blofin,AAVE/USDT:USDT,297.72,11.0,297.74,135.0,297.64,319062.2,
1753504993749,04:43:13.749,blofin,AAVE/USDT:USDT,297.72,101.0,297.74,107.0,297.64,319062.2,
1753504993749,04:43:13.749,blofin,AAVE/USDT:USDT,297.72,130.0,297.74,107.0,297.64,319062.2,
1753504993749,04:43:13.749,blofin,AAVE/USDT:USDT,297.72,130.0,297.74,109.0,297.64,319062.2,
1753504993749,04:43:13.749,blofin,AAVE/USDT:USDT,297.72,130.0,297.74,109.0,297.64,319062.2,
1753504993749,04:43:13.749,blofin,AAVE/USDT:USDT,297.72,130.0,297.74,109.0,297.64,319062.2,
1753504993749,04:43:13.749,blofin,AAVE/USDT:USDT,297.72,123.0,297.74,107.0,297.64,319062.2,
1753504993749,04:43:13.749,blofin,AAVE/USDT:USDT,297.72,127.0,297.74,132.0,297.64,319062.2,
1753504993749,04:43:13.749,blofin,AAVE/USDT:USDT,297.72,129.0,297.74,131.0,297.64,319062.2,
1753504993749,04:43:13.749,blofin,AAVE/USDT:USDT,297.72,129.0,297.74,131.0,297.64,319062.2,
1753504993749,04:43:13.749,blofin,AAVE/USDT:USDT,297.72,135.0,297.74,137.0,297.64,319062.2,
1753504993749,04:43:13.749,blofin,AAVE/USDT:USDT,297.72,129.0,297.74,137.0,297.64,319062.2,
1753504993749,04:43:13.749,blofin,AAVE/USDT:USDT,297.72,129.0,297.74,139.0,297.64,319062.2,
1753504993749,04:43:13.749,blofin,AAVE/USDT:USDT,297.72,127.0,297.74,150.0,297.64,319062.2,
1753504993749,04:43:13.749,blofin,AAVE/USDT:USDT,297.72,127.0,297.74,150.0,297.64,319062.2,
1753504993749,04:43:13.749,blofin,AAVE/USDT:USDT,297.72,127.0,297.74,148.0,297.64,319062.2,
1753504993749,04:43:13.749,blofin,AAVE/USDT:USDT,297.72,154.0,297.74,149.0,297.64,319062.2,
1753504993749,04:43:13.749,blofin,AAVE/USDT:USDT,297.72,106.0,297.74,149.0,297.64,319062.2,
1753504993749,04:43:13.749,blofin,AAVE/USDT:USDT,297.72,107.0,297.74,149.0,297.64,319062.2,
1753504993749,04:43:13.749,blofin,AAVE/USDT:USDT,297.72,263.0,297.74,150.0,297.64,319062.2,
1753504993749,04:43:13.749,blofin,AAVE/USDT:USDT,297.72,263.0,297.74,150.0,297.64,319062.2,
1753504993749,04:43:13.749,blofin,AAVE/USDT:USDT,297.72,181.0,297.74,151.0,297.64,319062.2,
1753504993749,04:43:13.749,blofin,AAVE/USDT:USDT,297.72,181.0,297.74,151.0,297.64,319062.2,
1753504993749,04:43:13.749,blofin,AAVE/USDT:USDT,297.72,180.0,297.74,151.0,297.64,319062.2,
1753504993749,04:43:13.749,blofin,AAVE/USDT:USDT,297.72,180.0,297.74,151.0,297.64,319062.2,
1753504993749,04:43:13.749,blofin,AAVE/USDT:USDT,297.72,120.0,297.75,172.0,297.64,319062.2,
1753504993749,04:43:13.749,blofin,AAVE/USDT:USDT,297.72,143.0,297.74,167.0,297.64,319062.2,
1753504993749,04:43:13.749,blofin,AAVE/USDT:USDT,297.72,143.0,297.74,167.0,297.64,319062.2,
1753504993749,04:43:13.749,blofin,AAVE/USDT:USDT,297.72,143.0,297.74,167.0,297.64,319062.2,
1753504993749,04:43:13.749,blofin,AAVE/USDT:USDT,297.72,143.0,297.74,170.0,297.64,319062.2,
1753504993749,04:43:13.749,blofin,AAVE/USDT:USDT,297.72,167.0,297.74,154.0,297.64,319062.2,
1753504993749,04:43:13.749,blofin,AAVE/USDT:USDT,297.72,168.0,297.74,154.0,297.64,319062.2,
1753504993749,04:43:13.749,blofin,AAVE/USDT:USDT,297.72,168.0,297.74,154.0,297.64,319062.2,
1753504993749,04:43:13.749,blofin,AAVE/USDT:USDT,297.72,130.0,297.74,169.0,297.64,319062.2,
1753504993749,04:43:13.749,blofin,AAVE/USDT:USDT,297.72,130.0,297.74,171.0,297.64,319062.2,
1753504993749,04:43:13.749,blofin,AAVE/USDT:USDT,297.72,131.0,297.74,171.0,297.64,319062.2,
1753504993749,04:43:13.749,blofin,AAVE/USDT:USDT,297.72,157.0,297.74,169.0,297.64,319062.2,
1753504993749,04:43:13.749,blofin,AAVE/USDT:USDT,297.72,140.0,297.74,172.0,297.64,319062.2,
1753504993749,04:43:13.749,blofin,AAVE/USDT:USDT,297.72,7.0,297.73,198.0,297.64,319062.2,
1753505032654,04:43:52.654,blofin,AAVE/USDT:USDT,297.72,7.0,297.73,198.0,297.7,319067.2,
1753505032654,04:43:52.654,blofin,AAVE/USDT:USDT,297.7,6.0,297.71,277.0,297.7,319067.2,
1753505032654,04:43:52.654,blofin,AAVE/USDT:USDT,297.69,80.0,297.71,107.0,297.7,319067.2,
1753505032654,04:43:52.654,blofin,AAVE/USDT:USDT,297.69,80.0,297.71,106.0,297.7,319067.2,
1753505032654,04:43:52.654,blofin,AAVE/USDT:USDT,297.69,56.0,297.72,18.0,297.7,319067.2,
1753505032654,04:43:52.654,blofin,AAVE/USDT:USDT,297.69,56.0,297.72,18.0,297.7,319067.2,
1753505032654,04:43:52.654,blofin,AAVE/USDT:USDT,297.69,116.0,297.72,21.0,297.7,319067.2,
1753505032654,04:43:52.654,blofin,AAVE/USDT:USDT,297.69,191.0,297.71,17.0,297.7,319067.2,
1753505032654,04:43:52.654,blofin,AAVE/USDT:USDT,297.69,191.0,297.71,17.0,297.7,319067.2,
1753505032654,04:43:52.654,blofin,AAVE/USDT:USDT,297.69,190.0,297.71,17.0,297.7,319067.2,
1753505032654,04:43:52.654,blofin,AAVE/USDT:USDT,297.69,117.0,297.71,163.0,297.7,319067.2,
1753505032654,04:43:52.654,blofin,AAVE/USDT:USDT,297.69,74.0,297.71,164.0,297.7,319067.2,
1753505032654,04:43:52.654,blofin,AAVE/USDT:USDT,297.69,74.0,297.71,166.0,297.7,319067.2,
1753505032654,04:43:52.654,blofin,AAVE/USDT:USDT,297.69,51.0,297.71,185.0,297.7,319067.2,
1753505032654,04:43:52.654,blofin,AAVE/USDT:USDT,297.69,132.0,297.71,164.0,297.7,319067.2,
1753505041753,04:44:01.753,blofin,AAVE/USDT:USDT,297.69,132.0,297.71,164.0,297.76,318368.5,
1753505041753,04:44:01.753,blofin,AAVE/USDT:USDT,297.76,271.0,297.78,167.0,297.76,318368.5,
1753505041753,04:44:01.753,blofin,AAVE/USDT:USDT,297.76,23.0,297.78,41.0,297.76,318368.5,
1753505041753,04:44:01.753,blofin,AAVE/USDT:USDT,297.76,23.0,297.78,45.0,297.76,318368.5,
1753505041753,04:44:01.753,blofin,AAVE/USDT:USDT,297.76,23.0,297.79,350.0,297.76,318368.5,
1753505041753,04:44:01.753,blofin,AAVE/USDT:USDT,297.76,23.0,297.79,350.0,297.76,318368.5,
1753505041753,04:44:01.753,blofin,AAVE/USDT:USDT,297.76,25.0,297.79,350.0,297.76,318368.5,
1753505041753,04:44:01.753,blofin,AAVE/USDT:USDT,297.76,22.0,297.78,28.0,297.76,318368.5,
1753505041753,04:44:01.753,blofin,AAVE/USDT:USDT,297.76,24.0,297.78,157.0,297.76,318368.5,
1753505041753,04:44:01.753,blofin,AAVE/USDT:USDT,297.76,24.0,297.78,160.0,297.76,318368.5,
1753505041753,04:44:01.753,blofin,AAVE/USDT:USDT,297.76,24.0,297.78,160.0,297.76,318368.5,
1753505047964,04:44:07.964,blofin,AAVE/USDT:USDT,297.76,24.0,297.78,157.0,297.76,318376.5,
1753505047964,04:44:07.964,blofin,AAVE/USDT:USDT,297.76,24.0,297.78,157.0,297.76,318376.5,
1753505047964,04:44:07.964,blofin,AAVE/USDT:USDT,297.7,17.0,297.72,294.0,297.76,318376.5,
1753505047964,04:44:07.964,blofin,AAVE/USDT:USDT,297.7,57.0,297.72,144.0,297.76,318376.5,
1753505047964,04:44:07.964,blofin,AAVE/USDT:USDT,297.7,17.0,297.72,144.0,297.76,318376.5,
1753505047964,04:44:07.964,blofin,AAVE/USDT:USDT,297.7,17.0,297.72,145.0,297.76,318376.5,
1753505047964,04:44:07.964,blofin,AAVE/USDT:USDT,297.7,17.0,297.72,145.0,297.76,318376.5,
1753505047964,04:44:07.964,blofin,AAVE/USDT:USDT,297.7,34.0,297.72,38.0,297.76,318376.5,
1753505047964,04:44:07.964,blofin,AAVE/USDT:USDT,297.7,34.0,297.72,39.0,297.76,318376.5,
1753505053060,04:44:13.060,blofin,AAVE/USDT:USDT,297.7,35.0,297.72,33.0,297.72,318390.5,
1753505053060,04:44:13.060,blofin,AAVE/USDT:USDT,297.72,24.0,297.74,8.0,297.72,318390.5,
1753505053060,04:44:13.060,blofin,AAVE/USDT:USDT,297.72,24.0,297.74,8.0,297.72,318390.5,
1753505053060,04:44:13.060,blofin,AAVE/USDT:USDT,297.72,22.0,297.74,40.0,297.72,318390.5,
1753505053060,04:44:13.060,blofin,AAVE/USDT:USDT,297.73,20.0,297.76,18.0,297.72,318390.5,
1753505053060,04:44:13.060,blofin,AAVE/USDT:USDT,297.73,20.0,297.76,18.0,297.72,318390.5,
1753505053060,04:44:13.060,blofin,AAVE/USDT:USDT,297.73,24.0,297.76,23.0,297.72,318390.5,
1753505053060,04:44:13.060,blofin,AAVE/USDT:USDT,297.73,24.0,297.76,23.0,297.72,318390.5,
1753505053060,04:44:13.060,blofin,AAVE/USDT:USDT,297.73,21.0,297.76,23.0,297.72,318390.5,
1753505053060,04:44:13.060,blofin,AAVE/USDT:USDT,297.74,22.0,297.76,24.0,297.72,318390.5,
1753505053060,04:44:13.060,blofin,AAVE/USDT:USDT,297.74,22.0,297.76,24.0,297.72,318390.5,
1753505053060,04:44:13.060,blofin,AAVE/USDT:USDT,297.74,22.0,297.76,22.0,297.72,318390.5,
1753505053060,04:44:13.060,blofin,AAVE/USDT:USDT,297.74,22.0,297.76,22.0,297.72,318390.5,
1753505053060,04:44:13.060,blofin,AAVE/USDT:USDT,297.74,22.0,297.76,22.0,297.72,318390.5,
1753505053060,04:44:13.060,blofin,AAVE/USDT:USDT,297.74,25.0,297.76,29.0,297.72,318390.5,
1753505053060,04:44:13.060,blofin,AAVE/USDT:USDT,297.74,25.0,297.76,29.0,297.72,318390.5,
1753505053060,04:44:13.060,blofin,AAVE/USDT:USDT,297.74,25.0,297.76,29.0,297.72,318390.5,
1753505053060,04:44:13.060,blofin,AAVE/USDT:USDT,297.74,26.0,297.76,36.0,297.72,318390.5,
1753505053060,04:44:13.060,blofin,AAVE/USDT:USDT,297.74,27.0,297.76,36.0,297.72,318390.5,
1753505053060,04:44:13.060,blofin,AAVE/USDT:USDT,297.74,27.0,297.76,34.0,297.72,318390.5,
1753505053060,04:44:13.060,blofin,AAVE/USDT:USDT,297.74,27.0,297.76,34.0,297.72,318390.5,
1753505053060,04:44:13.060,blofin,AAVE/USDT:USDT,297.74,27.0,297.76,38.0,297.72,318390.5,
1753505053060,04:44:13.060,blofin,AAVE/USDT:USDT,297.74,27.0,297.76,57.0,297.72,318390.5,
1753505053060,04:44:13.060,blofin,AAVE/USDT:USDT,297.74,29.0,297.76,57.0,297.72,318390.5,
1753505053060,04:44:13.060,blofin,AAVE/USDT:USDT,297.74,29.0,297.76,57.0,297.72,318390.5,
1753505053060,04:44:13.060,blofin,AAVE/USDT:USDT,297.74,29.0,297.76,35.0,297.72,318390.5,
1753505053060,04:44:13.060,blofin,AAVE/USDT:USDT,297.74,6.0,297.76,206.0,297.72,318390.5,
1753505053060,04:44:13.060,blofin,AAVE/USDT:USDT,297.74,6.0,297.76,206.0,297.72,318390.5,
1753505053060,04:44:13.060,blofin,AAVE/USDT:USDT,297.74,4.0,297.75,204.0,297.72,318390.5,
1753505053060,04:44:13.060,blofin,AAVE/USDT:USDT,297.74,4.0,297.75,23.0,297.72,318390.5,
1753505053060,04:44:13.060,blofin,AAVE/USDT:USDT,297.74,4.0,297.75,4.0,297.72,318390.5,
1753505053060,04:44:13.060,blofin,AAVE/USDT:USDT,297.74,4.0,297.76,43.0,297.72,318390.5,
1753505053060,04:44:13.060,blofin,AAVE/USDT:USDT,297.74,4.0,297.75,36.0,297.72,318390.5,
1753505053060,04:44:13.060,blofin,AAVE/USDT:USDT,297.74,4.0,297.75,36.0,297.72,318390.5,
1753505053060,04:44:13.060,blofin,AAVE/USDT:USDT,297.74,4.0,297.75,36.0,297.72,318390.5,
1753505053060,04:44:13.060,blofin,AAVE/USDT:USDT,297.74,4.0,297.75,45.0,297.72,318390.5,
1753505053060,04:44:13.060,blofin,AAVE/USDT:USDT,297.74,4.0,297.75,45.0,297.72,318390.5,
1753505053060,04:44:13.060,blofin,AAVE/USDT:USDT,297.74,4.0,297.75,48.0,297.72,318390.5,
1753505053060,04:44:13.060,blofin,AAVE/USDT:USDT,297.74,4.0,297.76,48.0,297.72,318390.5,
1753505053060,04:44:13.060,blofin,AAVE/USDT:USDT,297.74,4.0,297.75,44.0,297.72,318390.5,
1753505053060,04:44:13.060,blofin,AAVE/USDT:USDT,297.74,4.0,297.75,45.0,297.72,318390.5,
1753505053060,04:44:13.060,blofin,AAVE/USDT:USDT,297.74,4.0,297.75,45.0,297.72,318390.5,
1753505053060,04:44:13.060,blofin,AAVE/USDT:USDT,297.74,4.0,297.75,24.0,297.72,318390.5,
1753505053060,04:44:13.060,blofin,AAVE/USDT:USDT,297.74,4.0,297.75,32.0,297.72,318390.5,
1753505053060,04:44:13.060,blofin,AAVE/USDT:USDT,297.74,4.0,297.75,32.0,297.72,318390.5,
1753505053060,04:44:13.060,blofin,AAVE/USDT:USDT,297.74,4.0,297.75,32.0,297.72,318390.5,
1753505053060,04:44:13.060,blofin,AAVE/USDT:USDT,297.74,4.0,297.75,30.0,297.72,318390.5,
1753505053060,04:44:13.060,blofin,AAVE/USDT:USDT,297.74,4.0,297.75,34.0,297.72,318390.5,
1753505053060,04:44:13.060,blofin,AAVE/USDT:USDT,297.74,4.0,297.75,31.0,297.72,318390.5,
1753505053060,04:44:13.060,blofin,AAVE/USDT:USDT,297.74,4.0,297.75,77.0,297.72,318390.5,
1753505053060,04:44:13.060,blofin,AAVE/USDT:USDT,297.74,4.0,297.75,77.0,297.72,318390.5,
1753505053060,04:44:13.060,blofin,AAVE/USDT:USDT,297.74,4.0,297.75,80.0,297.72,318390.5,
1753505053060,04:44:13.060,blofin,AAVE/USDT:USDT,297.74,4.0,297.75,78.0,297.72,318390.5,
1753505053060,04:44:13.060,blofin,AAVE/USDT:USDT,297.74,4.0,297.75,78.0,297.72,318390.5,
1753505053060,04:44:13.060,blofin,AAVE/USDT:USDT,297.74,4.0,297.75,78.0,297.72,318390.5,
1753505053060,04:44:13.060,blofin,AAVE/USDT:USDT,297.74,4.0,297.76,80.0,297.72,318390.5,
1753505053060,04:44:13.060,blofin,AAVE/USDT:USDT,297.74,4.0,297.75,75.0,297.72,318390.5,
1753505053060,04:44:13.060,blofin,AAVE/USDT:USDT,297.74,4.0,297.75,75.0,297.72,318390.5,
1753505053060,04:44:13.060,blofin,AAVE/USDT:USDT,297.74,4.0,297.75,75.0,297.72,318390.5,
1753505053060,04:44:13.060,blofin,AAVE/USDT:USDT,297.74,4.0,297.75,81.0,297.72,318390.5,
1753505053060,04:44:13.060,blofin,AAVE/USDT:USDT,297.74,4.0,297.75,83.0,297.72,318390.5,
1753505053060,04:44:13.060,blofin,AAVE/USDT:USDT,297.74,4.0,297.75,87.0,297.72,318390.5,
1753505053060,04:44:13.060,blofin,AAVE/USDT:USDT,297.74,4.0,297.76,93.0,297.72,318390.5,
1753505053060,04:44:13.060,blofin,AAVE/USDT:USDT,297.74,4.0,297.76,93.0,297.72,318390.5,
1753505053060,04:44:13.060,blofin,AAVE/USDT:USDT,297.74,4.0,297.76,93.0,297.72,318390.5,
1753505053060,04:44:13.060,blofin,AAVE/USDT:USDT,297.74,4.0,297.75,88.0,297.72,318390.5,
1753505053060,04:44:13.060,blofin,AAVE/USDT:USDT,297.74,4.0,297.75,93.0,297.72,318390.5,
1753505053060,04:44:13.060,blofin,AAVE/USDT:USDT,297.74,4.0,297.75,92.0,297.72,318390.5,
1753505053060,04:44:13.060,blofin,AAVE/USDT:USDT,297.74,4.0,297.75,92.0,297.72,318390.5,
1753505053060,04:44:13.060,blofin,AAVE/USDT:USDT,297.74,4.0,297.75,92.0,297.72,318390.5,
1753505053060,04:44:13.060,blofin,AAVE/USDT:USDT,297.74,4.0,297.75,95.0,297.72,318390.5,
1753505053060,04:44:13.060,blofin,AAVE/USDT:USDT,297.74,4.0,297.75,90.0,297.72,318390.5,
1753505053060,04:44:13.060,blofin,AAVE/USDT:USDT,297.74,4.0,297.75,90.0,297.72,318390.5,
1753505053060,04:44:13.060,blofin,AAVE/USDT:USDT,297.72,29.0,297.75,123.0,297.72,318390.5,
1753505053060,04:44:13.060,blofin,AAVE/USDT:USDT,297.72,29.0,297.75,123.0,297.72,318390.5,
1753505053060,04:44:13.060,blofin,AAVE/USDT:USDT,297.77,94.0,297.79,96.0,297.72,318390.5,
1753505053060,04:44:13.060,blofin,AAVE/USDT:USDT,297.78,94.0,297.8,99.0,297.72,318390.5,
1753505053060,04:44:13.060,blofin,AAVE/USDT:USDT,297.78,68.0,297.8,108.0,297.72,318390.5,
1753505053060,04:44:13.060,blofin,AAVE/USDT:USDT,297.78,68.0,297.8,108.0,297.72,318390.5,
1753505053060,04:44:13.060,blofin,AAVE/USDT:USDT,297.78,68.0,297.8,106.0,297.72,318390.5,
1753505053060,04:44:13.060,blofin,AAVE/USDT:USDT,297.77,126.0,297.8,106.0,297.72,318390.5,
1753505053060,04:44:13.060,blofin,AAVE/USDT:USDT,297.77,108.0,297.8,123.0,297.72,318390.5,
1753505053060,04:44:13.060,blofin,AAVE/USDT:USDT,297.77,108.0,297.8,123.0,297.72,318390.5,
1753505053060,04:44:13.060,blofin,AAVE/USDT:USDT,297.78,128.0,297.81,114.0,297.72,318390.5,
1753505053060,04:44:13.060,blofin,AAVE/USDT:USDT,297.78,128.0,297.81,114.0,297.72,318390.5,
1753505053060,04:44:13.060,blofin,AAVE/USDT:USDT,297.78,128.0,297.81,114.0,297.72,318390.5,
1753505053060,04:44:13.060,blofin,AAVE/USDT:USDT,297.78,130.0,297.8,111.0,297.72,318390.5,
1753505053060,04:44:13.060,blofin,AAVE/USDT:USDT,297.78,129.0,297.8,111.0,297.72,318390.5,
1753505053060,04:44:13.060,blofin,AAVE/USDT:USDT,297.78,125.0,297.8,111.0,297.72,318390.5,
1753505053060,04:44:13.060,blofin,AAVE/USDT:USDT,297.78,125.0,297.8,111.0,297.72,318390.5,
1753505053060,04:44:13.060,blofin,AAVE/USDT:USDT,297.78,145.0,297.8,116.0,297.72,318390.5,
1753505053060,04:44:13.060,blofin,AAVE/USDT:USDT,297.78,255.0,297.8,115.0,297.72,318390.5,
1753505053060,04:44:13.060,blofin,AAVE/USDT:USDT,297.78,259.0,297.8,115.0,297.72,318390.5,
1753505053060,04:44:13.060,blofin,AAVE/USDT:USDT,297.78,85.0,297.8,148.0,297.72,318390.5,
1753505053060,04:44:13.060,blofin,AAVE/USDT:USDT,297.78,85.0,297.8,148.0,297.72,318390.5,
1753505053060,04:44:13.060,blofin,AAVE/USDT:USDT,297.78,79.0,297.8,316.0,297.72,318390.5,
1753505102155,04:45:02.155,blofin,AAVE/USDT:USDT,297.77,74.0,297.78,268.0,297.78,318205.5,
1753505102155,04:45:02.155,blofin,AAVE/USDT:USDT,297.77,74.0,297.78,398.0,297.78,318205.5,
1753505102155,04:45:02.155,blofin,AAVE/USDT:USDT,297.77,74.0,297.78,301.0,297.78,318205.5,
1753505102155,04:45:02.155,blofin,AAVE/USDT:USDT,297.77,74.0,297.78,301.0,297.78,318205.5,
1753505102155,04:45:02.155,blofin,AAVE/USDT:USDT,297.77,74.0,297.78,301.0,297.78,318205.5,
1753505102155,04:45:02.155,blofin,AAVE/USDT:USDT,297.75,4.0,297.77,279.0,297.78,318205.5,
1753505102155,04:45:02.155,blofin,AAVE/USDT:USDT,297.75,1.0,297.77,281.0,297.78,318205.5,
1753505106448,04:45:06.448,blofin,AAVE/USDT:USDT,297.75,1.0,297.77,281.0,297.75,318220.5,
1753505106448,04:45:06.448,blofin,AAVE/USDT:USDT,297.75,4.0,297.77,2.0,297.75,318220.5,
1753505106448,04:45:06.448,blofin,AAVE/USDT:USDT,297.75,4.0,297.76,406.0,297.75,318220.5,
1753505106448,04:45:06.448,blofin,AAVE/USDT:USDT,297.74,1.0,297.76,418.0,297.75,318220.5,
1753505106448,04:45:06.448,blofin,AAVE/USDT:USDT,297.74,1.0,297.76,418.0,297.75,318220.5,
1753505106448,04:45:06.448,blofin,AAVE/USDT:USDT,297.74,1.0,297.76,418.0,297.75,318220.5,
1753505106448,04:45:06.448,blofin,AAVE/USDT:USDT,297.73,23.0,297.76,176.0,297.75,318220.5,
1753505106448,04:45:06.448,blofin,AAVE/USDT:USDT,297.74,22.0,297.76,161.0,297.75,318220.5,
1753505106448,04:45:06.448,blofin,AAVE/USDT:USDT,297.74,22.0,297.76,161.0,297.75,318220.5,
1753505106448,04:45:06.448,blofin,AAVE/USDT:USDT,297.74,22.0,297.76,161.0,297.75,318220.5,
1753505106448,04:45:06.448,blofin,AAVE/USDT:USDT,297.73,77.0,297.75,6.0,297.75,318220.5,
1753505106448,04:45:06.448,blofin,AAVE/USDT:USDT,297.73,77.0,297.75,169.0,297.75,318220.5,
1753505106448,04:45:06.448,blofin,AAVE/USDT:USDT,297.73,77.0,297.75,169.0,297.75,318220.5,
1753505106448,04:45:06.448,blofin,AAVE/USDT:USDT,297.73,77.0,297.75,169.0,297.75,318220.5,
1753505106448,04:45:06.448,blofin,AAVE/USDT:USDT,297.73,56.0,297.75,43.0,297.75,318220.5,
1753505106448,04:45:06.448,blofin,AAVE/USDT:USDT,297.73,72.0,297.75,46.0,297.75,318220.5,
1753505106448,04:45:06.448,blofin,AAVE/USDT:USDT,297.73,70.0,297.75,46.0,297.75,318220.5,
1753505106448,04:45:06.448,blofin,AAVE/USDT:USDT,297.73,70.0,297.75,2.0,297.75,318220.5,
1753505106448,04:45:06.448,blofin,AAVE/USDT:USDT,297.73,74.0,297.75,2.0,297.75,318220.5,
1753505106448,04:45:06.448,blofin,AAVE/USDT:USDT,297.73,70.0,297.76,46.0,297.75,318220.5,
1753505106448,04:45:06.448,blofin,AAVE/USDT:USDT,297.73,1.0,297.75,39.0,297.75,318220.5,
1753505106448,04:45:06.448,blofin,AAVE/USDT:USDT,297.73,1.0,297.75,39.0,297.75,318220.5,
1753505106448,04:45:06.448,blofin,AAVE/USDT:USDT,297.73,1.0,297.75,39.0,297.75,318220.5,
1753505106448,04:45:06.448,blofin,AAVE/USDT:USDT,297.73,70.0,297.75,39.0,297.75,318220.5,
1753505106448,04:45:06.448,blofin,AAVE/USDT:USDT,297.73,71.0,297.75,39.0,297.75,318220.5,
1753505106448,04:45:06.448,blofin,AAVE/USDT:USDT,297.73,71.0,297.75,39.0,297.75,318220.5,
1753505106448,04:45:06.448,blofin,AAVE/USDT:USDT,297.73,115.0,297.75,36.0,297.75,318220.5,
1753505106448,04:45:06.448,blofin,AAVE/USDT:USDT,297.73,95.0,297.75,36.0,297.75,318220.5,
1753505106448,04:45:06.448,blofin,AAVE/USDT:USDT,297.73,95.0,297.75,36.0,297.75,318220.5,
1753505106448,04:45:06.448,blofin,AAVE/USDT:USDT,297.73,95.0,297.75,36.0,297.75,318220.5,
1753505106448,04:45:06.448,blofin,AAVE/USDT:USDT,297.73,120.0,297.75,41.0,297.75,318220.5,
1753505106448,04:45:06.448,blofin,AAVE/USDT:USDT,297.73,120.0,297.75,41.0,297.75,318220.5,
1753505106448,04:45:06.448,blofin,AAVE/USDT:USDT,297.73,120.0,297.75,41.0,297.75,318220.5,
1753505106448,04:45:06.448,blofin,AAVE/USDT:USDT,297.73,137.0,297.75,39.0,297.75,318220.5,
1753505106448,04:45:06.448,blofin,AAVE/USDT:USDT,297.73,134.0,297.75,39.0,297.75,318220.5,
1753505106448,04:45:06.448,blofin,AAVE/USDT:USDT,297.73,108.0,297.75,39.0,297.75,318220.5,
1753505106448,04:45:06.448,blofin,AAVE/USDT:USDT,297.73,233.0,297.75,6.0,297.75,318220.5,
1753505106448,04:45:06.448,blofin,AAVE/USDT:USDT,297.73,233.0,297.75,6.0,297.75,318220.5,
1753505106448,04:45:06.448,blofin,AAVE/USDT:USDT,297.73,233.0,297.75,6.0,297.75,318220.5,
1753505106448,04:45:06.448,blofin,AAVE/USDT:USDT,297.73,98.0,297.75,41.0,297.75,318220.5,
1753505106448,04:45:06.448,blofin,AAVE/USDT:USDT,297.73,98.0,297.75,40.0,297.75,318220.5,
1753505106448,04:45:06.448,blofin,AAVE/USDT:USDT,297.73,102.0,297.75,41.0,297.75,318220.5,
1753505106448,04:45:06.448,blofin,AAVE/USDT:USDT,297.73,101.0,297.75,41.0,297.75,318220.5,
1753505106448,04:45:06.448,blofin,AAVE/USDT:USDT,297.73,73.0,297.75,39.0,297.75,318220.5,
1753505106448,04:45:06.448,blofin,AAVE/USDT:USDT,297.73,72.0,297.75,39.0,297.75,318220.5,
1753505106448,04:45:06.448,blofin,AAVE/USDT:USDT,297.73,74.0,297.75,40.0,297.75,318220.5,
1753505106448,04:45:06.448,blofin,AAVE/USDT:USDT,297.73,76.0,297.75,40.0,297.75,318220.5,
1753505106448,04:45:06.448,blofin,AAVE/USDT:USDT,297.73,72.0,297.75,41.0,297.75,318220.5,
1753505106448,04:45:06.448,blofin,AAVE/USDT:USDT,297.73,109.0,297.75,7.0,297.75,318220.5,
1753505106448,04:45:06.448,blofin,AAVE/USDT:USDT,297.73,89.0,297.75,42.0,297.75,318220.5,
1753505106448,04:45:06.448,blofin,AAVE/USDT:USDT,297.73,89.0,297.75,39.0,297.75,318220.5,
1753505106448,04:45:06.448,blofin,AAVE/USDT:USDT,297.73,89.0,297.75,39.0,297.75,318220.5,
1753505106448,04:45:06.448,blofin,AAVE/USDT:USDT,297.73,252.0,297.75,41.0,297.75,318220.5,
1753505106448,04:45:06.448,blofin,AAVE/USDT:USDT,297.73,154.0,297.75,32.0,297.75,318220.5,
1753505106448,04:45:06.448,blofin,AAVE/USDT:USDT,297.73,154.0,297.75,30.0,297.75,318220.5,
1753505106448,04:45:06.448,blofin,AAVE/USDT:USDT,297.73,223.0,297.75,30.0,297.75,318220.5,
1753505106448,04:45:06.448,blofin,AAVE/USDT:USDT,297.73,223.0,297.75,30.0,297.75,318220.5,
1753505106448,04:45:06.448,blofin,AAVE/USDT:USDT,297.73,223.0,297.75,32.0,297.75,318220.5,
1753505106448,04:45:06.448,blofin,AAVE/USDT:USDT,297.73,8.0,297.75,33.0,297.75,318220.5,
1753505106448,04:45:06.448,blofin,AAVE/USDT:USDT,297.73,8.0,297.75,33.0,297.75,318220.5,
1753505106448,04:45:06.448,blofin,AAVE/USDT:USDT,297.73,83.0,297.75,35.0,297.75,318220.5,
1753505137654,04:45:37.654,blofin,AAVE/USDT:USDT,297.71,75.0,297.73,204.0,297.71,318226.5,
1753505137654,04:45:37.654,blofin,AAVE/USDT:USDT,297.71,24.0,297.73,130.0,297.71,318226.5,
1753505137654,04:45:37.654,blofin,AAVE/USDT:USDT,297.71,31.0,297.73,142.0,297.71,318226.5,
1753505137654,04:45:37.654,blofin,AAVE/USDT:USDT,297.71,31.0,297.73,142.0,297.71,318226.5,
1753505137654,04:45:37.654,blofin,AAVE/USDT:USDT,297.71,33.0,297.73,142.0,297.71,318226.5,
1753505137654,04:45:37.654,blofin,AAVE/USDT:USDT,297.71,2.0,297.73,286.0,297.71,318226.5,
1753505137654,04:45:37.654,blofin,AAVE/USDT:USDT,297.71,2.0,297.73,286.0,297.71,318226.5,
1753505137654,04:45:37.654,blofin,AAVE/USDT:USDT,297.71,15.0,297.73,150.0,297.71,318226.5,
1753505137654,04:45:37.654,blofin,AAVE/USDT:USDT,297.71,38.0,297.73,3.0,297.71,318226.5,
1753505137654,04:45:37.654,blofin,AAVE/USDT:USDT,297.71,38.0,297.74,151.0,297.71,318226.5,
1753505137654,04:45:37.654,blofin,AAVE/USDT:USDT,297.71,38.0,297.74,151.0,297.71,318226.5,
1753505137654,04:45:37.654,blofin,AAVE/USDT:USDT,297.71,42.0,297.74,151.0,297.71,318226.5,
1753505137654,04:45:37.654,blofin,AAVE/USDT:USDT,297.71,42.0,297.73,298.0,297.71,318226.5,
1753505137654,04:45:37.654,blofin,AAVE/USDT:USDT,297.71,42.0,297.73,302.0,297.71,318226.5,
1753505137654,04:45:37.654,blofin,AAVE/USDT:USDT,297.71,42.0,297.73,302.0,297.71,318226.5,
1753505137654,04:45:37.654,blofin,AAVE/USDT:USDT,297.71,112.0,297.73,4.0,297.71,318226.5,
1753505137654,04:45:37.654,blofin,AAVE/USDT:USDT,297.71,110.0,297.74,49.0,297.71,318226.5,
1753505137654,04:45:37.654,blofin,AAVE/USDT:USDT,297.71,60.0,297.73,47.0,297.71,318226.5,
1753505137654,04:45:37.654,blofin,AAVE/USDT:USDT,297.71,56.0,297.73,47.0,297.71,318226.5,
1753505137654,04:45:37.654,blofin,AAVE/USDT:USDT,297.71,56.0,297.73,47.0,297.71,318226.5,
1753505137654,04:45:37.654,blofin,AAVE/USDT:USDT,297.71,56.0,297.73,49.0,297.71,318226.5,
1753505137654,04:45:37.654,blofin,AAVE/USDT:USDT,297.69,27.0,297.71,131.0,297.71,318226.5,
1753505137654,04:45:37.654,blofin,AAVE/USDT:USDT,297.69,27.0,297.71,131.0,297.71,318226.5,
1753505137654,04:45:37.654,blofin,AAVE/USDT:USDT,297.69,32.0,297.71,134.0,297.71,318226.5,
1753505137654,04:45:37.654,blofin,AAVE/USDT:USDT,297.69,5.0,297.71,100.0,297.71,318226.5,
1753505137654,04:45:37.654,blofin,AAVE/USDT:USDT,297.69,5.0,297.71,104.0,297.71,318226.5,
1753505137654,04:45:37.654,blofin,AAVE/USDT:USDT,297.69,5.0,297.71,104.0,297.71,318226.5,
1753505137654,04:45:37.654,blofin,AAVE/USDT:USDT,297.69,45.0,297.71,20.0,297.71,318226.5,
1753505137654,04:45:37.654,blofin,AAVE/USDT:USDT,297.69,45.0,297.71,165.0,297.71,318226.5,
1753505137654,04:45:37.654,blofin,AAVE/USDT:USDT,297.69,105.0,297.71,8.0,297.71,318226.5,
1753505137654,04:45:37.654,blofin,AAVE/USDT:USDT,297.69,105.0,297.71,8.0,297.71,318226.5,
1753505137654,04:45:37.654,blofin,AAVE/USDT:USDT,297.69,3.0,297.71,51.0,297.71,318226.5,
1753505137654,04:45:37.654,blofin,AAVE/USDT:USDT,297.69,3.0,297.71,52.0,297.71,318226.5,
1753505137654,04:45:37.654,blofin,AAVE/USDT:USDT,297.69,3.0,297.71,52.0,297.71,318226.5,
1753505137654,04:45:37.654,blofin,AAVE/USDT:USDT,297.69,64.0,297.71,87.0,297.71,318226.5,
1753505137654,04:45:37.654,blofin,AAVE/USDT:USDT,297.69,65.0,297.71,89.0,297.71,318226.5,
1753505137654,04:45:37.654,blofin,AAVE/USDT:USDT,297.69,65.0,297.71,89.0,297.71,318226.5,
1753505137654,04:45:37.654,blofin,AAVE/USDT:USDT,297.69,67.0,297.71,4.0,297.71,318226.5,
1753505137654,04:45:37.654,blofin,AAVE/USDT:USDT,297.69,47.0,297.71,113.0,297.71,318226.5,
1753505137654,04:45:37.654,blofin,AAVE/USDT:USDT,297.69,47.0,297.71,92.0,297.71,318226.5,
1753505137654,04:45:37.654,blofin,AAVE/USDT:USDT,297.69,47.0,297.71,92.0,297.71,318226.5,
1753505137654,04:45:37.654,blofin,AAVE/USDT:USDT,297.69,47.0,297.71,92.0,297.71,318226.5,
1753505137654,04:45:37.654,blofin,AAVE/USDT:USDT,297.69,34.0,297.71,92.0,297.71,318226.5,
1753505137654,04:45:37.654,blofin,AAVE/USDT:USDT,297.69,94.0,297.71,93.0,297.71,318226.5,
1753505137654,04:45:37.654,blofin,AAVE/USDT:USDT,297.69,94.0,297.71,93.0,297.71,318226.5,
1753505137654,04:45:37.654,blofin,AAVE/USDT:USDT,297.69,94.0,297.71,93.0,297.71,318226.5,
1753505137654,04:45:37.654,blofin,AAVE/USDT:USDT,297.69,85.0,297.71,96.0,297.71,318226.5,
1753505137654,04:45:37.654,blofin,AAVE/USDT:USDT,297.69,251.0,297.71,120.0,297.71,318226.5,
1753505137654,04:45:37.654,blofin,AAVE/USDT:USDT,297.69,261.0,297.71,6.0,297.71,318226.5,
1753505137654,04:45:37.654,blofin,AAVE/USDT:USDT,297.69,261.0,297.71,6.0,297.71,318226.5,
1753505137654,04:45:37.654,blofin,AAVE/USDT:USDT,297.69,261.0,297.71,4.0,297.71,318226.5,
1753505137654,04:45:37.654,blofin,AAVE/USDT:USDT,297.69,144.0,297.71,121.0,297.71,318226.5,
1753505137654,04:45:37.654,blofin,AAVE/USDT:USDT,297.69,144.0,297.71,4.0,297.71,318226.5,
1753505137654,04:45:37.654,blofin,AAVE/USDT:USDT,297.69,144.0,297.71,4.0,297.71,318226.5,
1753505137654,04:45:37.654,blofin,AAVE/USDT:USDT,297.69,146.0,297.71,4.0,297.71,318226.5,
1753505137654,04:45:37.654,blofin,AAVE/USDT:USDT,297.69,103.0,297.71,123.0,297.71,318226.5,
1753505137654,04:45:37.654,blofin,AAVE/USDT:USDT,297.69,100.0,297.71,123.0,297.71,318226.5,
1753505137654,04:45:37.654,blofin,AAVE/USDT:USDT,297.69,100.0,297.71,123.0,297.71,318226.5,
1753505168498,04:46:08.498,blofin,AAVE/USDT:USDT,297.69,29.0,297.71,115.0,297.71,318049.5,
1753505168498,04:46:08.498,blofin,AAVE/USDT:USDT,297.69,30.0,297.71,116.0,297.71,318049.5,
1753505168498,04:46:08.498,blofin,AAVE/USDT:USDT,297.69,30.0,297.71,116.0,297.71,318049.5,
1753505168498,04:46:08.498,blofin,AAVE/USDT:USDT,297.69,30.0,297.71,120.0,297.71,318049.5,
1753505168498,04:46:08.498,blofin,AAVE/USDT:USDT,297.74,265.0,297.76,112.0,297.71,318049.5,
1753505168498,04:46:08.498,blofin,AAVE/USDT:USDT,297.74,87.0,297.76,34.0,297.71,318049.5,
1753505168498,04:46:08.498,blofin,AAVE/USDT:USDT,297.74,87.0,297.76,34.0,297.71,318049.5,
1753505168498,04:46:08.498,blofin,AAVE/USDT:USDT,297.74,86.0,297.76,41.0,297.71,318049.5,
1753505168498,04:46:08.498,blofin,AAVE/USDT:USDT,297.74,2.0,297.76,32.0,297.71,318049.5,
1753505168498,04:46:08.498,blofin,AAVE/USDT:USDT,297.73,30.0,297.76,32.0,297.71,318049.5,
1753505168498,04:46:08.498,blofin,AAVE/USDT:USDT,297.73,56.0,297.76,13.0,297.71,318049.5,
1753505168498,04:46:08.498,blofin,AAVE/USDT:USDT,297.73,56.0,297.76,13.0,297.71,318049.5,
1753505168498,04:46:08.498,blofin,AAVE/USDT:USDT,297.73,56.0,297.76,13.0,297.71,318049.5,
1753505168498,04:46:08.498,blofin,AAVE/USDT:USDT,297.74,33.0,297.76,92.0,297.71,318049.5,
1753505168498,04:46:08.498,blofin,AAVE/USDT:USDT,297.74,34.0,297.76,91.0,297.71,318049.5,
1753505168498,04:46:08.498,blofin,AAVE/USDT:USDT,297.74,34.0,297.76,91.0,297.71,318049.5,
1753505168498,04:46:08.498,blofin,AAVE/USDT:USDT,297.74,34.0,297.77,65.0,297.71,318049.5,
1753505168498,04:46:08.498,blofin,AAVE/USDT:USDT,297.73,36.0,297.76,216.0,297.71,318049.5,
1753505168498,04:46:08.498,blofin,AAVE/USDT:USDT,297.74,32.0,297.76,217.0,297.71,318049.5,
1753505168498,04:46:08.498,blofin,AAVE/USDT:USDT,297.74,32.0,297.76,222.0,297.71,318049.5,
1753505168498,04:46:08.498,blofin,AAVE/USDT:USDT,297.74,32.0,297.76,222.0,297.71,318049.5,
1753505168498,04:46:08.498,blofin,AAVE/USDT:USDT,297.74,35.0,297.77,70.0,297.71,318049.5,
1753505168498,04:46:08.498,blofin,AAVE/USDT:USDT,297.74,28.0,297.76,24.0,297.71,318049.5,
1753505168498,04:46:08.498,blofin,AAVE/USDT:USDT,297.74,27.0,297.76,24.0,297.71,318049.5,
1753505168498,04:46:08.498,blofin,AAVE/USDT:USDT,297.74,27.0,297.76,24.0,297.71,318049.5,
1753505168498,04:46:08.498,blofin,AAVE/USDT:USDT,297.74,48.0,297.76,16.0,297.71,318049.5,
1753505182555,04:46:22.555,blofin,AAVE/USDT:USDT,297.74,2.0,297.76,31.0,297.75,318064.5,
1753505182555,04:46:22.555,blofin,AAVE/USDT:USDT,297.74,2.0,297.75,20.0,297.75,318064.5,
1753505182555,04:46:22.555,blofin,AAVE/USDT:USDT,297.74,2.0,297.75,20.0,297.75,318064.5,
1753505182555,04:46:22.555,blofin,AAVE/USDT:USDT,297.71,5.0,297.73,23.0,297.75,318064.5,
1753505182555,04:46:22.555,blofin,AAVE/USDT:USDT,297.71,76.0,297.73,23.0,297.75,318064.5,
1753505182555,04:46:22.555,blofin,AAVE/USDT:USDT,297.71,13.0,297.73,3.0,297.75,318064.5,
1753505182555,04:46:22.555,blofin,AAVE/USDT:USDT,297.71,13.0,297.74,152.0,297.75,318064.5,
1753505182555,04:46:22.555,blofin,AAVE/USDT:USDT,297.71,13.0,297.74,152.0,297.75,318064.5,
1753505182555,04:46:22.555,blofin,AAVE/USDT:USDT,297.71,184.0,297.73,4.0,297.75,318064.5,
1753505182555,04:46:22.555,blofin,AAVE/USDT:USDT,297.71,232.0,297.73,10.0,297.75,318064.5,
1753505182555,04:46:22.555,blofin,AAVE/USDT:USDT,297.73,231.0,297.76,8.0,297.75,318064.5,
1753505182555,04:46:22.555,blofin,AAVE/USDT:USDT,297.74,219.0,297.76,15.0,297.75,318064.5,
1753505182555,04:46:22.555,blofin,AAVE/USDT:USDT,297.74,216.0,297.76,10.0,297.75,318064.5,
1753505182555,04:46:22.555,blofin,AAVE/USDT:USDT,297.73,96.0,297.76,10.0,297.75,318064.5,
1753505182555,04:46:22.555,blofin,AAVE/USDT:USDT,297.73,96.0,297.76,10.0,297.75,318064.5,
1753505182555,04:46:22.555,blofin,AAVE/USDT:USDT,297.73,96.0,297.76,10.0,297.75,318064.5,
1753505182555,04:46:22.555,blofin,AAVE/USDT:USDT,297.74,88.0,297.76,10.0,297.75,318064.5,
1753505182555,04:46:22.555,blofin,AAVE/USDT:USDT,297.74,89.0,297.76,10.0,297.75,318064.5,
1753505182555,04:46:22.555,blofin,AAVE/USDT:USDT,297.74,162.0,297.76,12.0,297.75,318064.5,
1753505182555,04:46:22.555,blofin,AAVE/USDT:USDT,297.74,174.0,297.76,6.0,297.75,318064.5,
1753505182555,04:46:22.555,blofin,AAVE/USDT:USDT,297.74,174.0,297.76,6.0,297.75,318064.5,
1753505182555,04:46:22.555,blofin,AAVE/USDT:USDT,297.74,171.0,297.76,3.0,297.75,318064.5,
1753505182555,04:46:22.555,blofin,AAVE/USDT:USDT,297.74,175.0,297.76,8.0,297.75,318064.5,
1753505182555,04:46:22.555,blofin,AAVE/USDT:USDT,297.76,21.0,297.77,4.0,297.75,318064.5,
1753505195383,04:46:35.383,blofin,AAVE/USDT:USDT,297.75,5.0,297.76,43.0,297.75,318068.5,
1753505195383,04:46:35.383,blofin,AAVE/USDT:USDT,297.75,5.0,297.76,43.0,297.75,318068.5,
1753505195383,04:46:35.383,blofin,AAVE/USDT:USDT,297.74,2.0,297.76,259.0,297.75,318068.5,
1753505195383,04:46:35.383,blofin,AAVE/USDT:USDT,297.74,2.0,297.76,235.0,297.75,318068.5,
1753505195383,04:46:35.383,blofin,AAVE/USDT:USDT,297.74,2.0,297.76,235.0,297.75,318068.5,
1753505195383,04:46:35.383,blofin,AAVE/USDT:USDT,297.74,2.0,297.76,235.0,297.75,318068.5,
1753505195383,04:46:35.383,blofin,AAVE/USDT:USDT,297.72,11.0,297.74,250.0,297.75,318068.5,
1753505195383,04:46:35.383,blofin,AAVE/USDT:USDT,297.72,11.0,297.74,250.0,297.75,318068.5,
1753505195383,04:46:35.383,blofin,AAVE/USDT:USDT,297.72,11.0,297.75,257.0,297.75,318068.5,
1753505195383,04:46:35.383,blofin,AAVE/USDT:USDT,297.72,11.0,297.75,257.0,297.75,318068.5,
1753505195383,04:46:35.383,blofin,AAVE/USDT:USDT,297.72,18.0,297.74,221.0,297.75,318068.5,
1753505195383,04:46:35.383,blofin,AAVE/USDT:USDT,297.72,2.0,297.75,227.0,297.75,318068.5,
1753505201548,04:46:41.548,blofin,AAVE/USDT:USDT,297.69,28.0,297.71,224.0,297.73,318076.5,
1753505201548,04:46:41.548,blofin,AAVE/USDT:USDT,297.71,42.0,297.73,41.0,297.73,318076.5,
1753505201548,04:46:41.548,blofin,AAVE/USDT:USDT,297.71,42.0,297.73,41.0,297.73,318076.5,
1753505201548,04:46:41.548,blofin,AAVE/USDT:USDT,297.72,47.0,297.73,5.0,297.73,318076.5,
1753505201548,04:46:41.548,blofin,AAVE/USDT:USDT,297.72,2.0,297.73,149.0,297.73,318076.5,
1753505201548,04:46:41.548,blofin,AAVE/USDT:USDT,297.72,2.0,297.73,80.0,297.73,318076.5,
1753505201548,04:46:41.548,blofin,AAVE/USDT:USDT,297.72,2.0,297.73,81.0,297.73,318076.5,
1753505201548,04:46:41.548,blofin,AAVE/USDT:USDT,297.72,2.0,297.73,81.0,297.73,318076.5,
1753505201548,04:46:41.548,blofin,AAVE/USDT:USDT,297.72,2.0,297.73,60.0,297.73,318076.5,
1753505201548,04:46:41.548,blofin,AAVE/USDT:USDT,297.72,2.0,297.73,60.0,297.73,318076.5,
1753505201548,04:46:41.548,blofin,AAVE/USDT:USDT,297.71,37.0,297.73,242.0,297.73,318076.5,
1753505201548,04:46:41.548,blofin,AAVE/USDT:USDT,297.71,37.0,297.73,242.0,297.73,318076.5,
1753505201548,04:46:41.548,blofin,AAVE/USDT:USDT,297.71,36.0,297.73,248.0,297.73,318076.5,
1753505201548,04:46:41.548,blofin,AAVE/USDT:USDT,297.71,35.0,297.73,380.0,297.73,318076.5,
1753505208451,04:46:48.451,blofin,AAVE/USDT:USDT,297.71,35.0,297.73,380.0,297.71,318077.5,
1753505208451,04:46:48.451,blofin,AAVE/USDT:USDT,297.71,35.0,297.73,380.0,297.71,318077.5,
