timestamp,time,exchange,symbol,bid,bidVolume,ask,askVolume,lastPrice,baseVolume,quoteVolume
1753504767649,04:39:27.649,blofin,ALGO/USDT:USDT,0.2695,874.0,0.2696,5.0,0.2693,586968.0,
1753504767649,04:39:27.649,blofin,ALGO/USDT:USDT,0.2695,874.0,0.2696,5.0,0.2693,586968.0,
1753504767649,04:39:27.649,blofin,ALGO/USDT:USDT,0.2694,609.0,0.2696,5.0,0.2693,586968.0,
1753504767649,04:39:27.649,blofin,ALGO/USDT:USDT,0.2694,360.0,0.2696,5.0,0.2693,586968.0,
1753504767649,04:39:27.649,blofin,ALGO/USDT:USDT,0.2694,627.0,0.2696,5.0,0.2693,586968.0,
1753504767649,04:39:27.649,blofin,ALGO/USDT:USDT,0.2694,627.0,0.2696,5.0,0.2693,586968.0,
1753504767649,04:39:27.649,blofin,ALGO/USDT:USDT,0.2694,627.0,0.2696,5.0,0.2693,586968.0,
1753504767649,04:39:27.649,blofin,ALGO/USDT:USDT,0.2694,627.0,0.2696,5.0,0.2693,586968.0,
1753504767649,04:39:27.649,blofin,ALGO/USDT:USDT,0.2695,625.0,0.2696,5.0,0.2693,586968.0,
1753504767649,04:39:27.649,blofin,ALGO/USDT:USDT,0.2695,625.0,0.2696,5.0,0.2693,586968.0,
1753504767649,04:39:27.649,blofin,ALGO/USDT:USDT,0.2695,625.0,0.2696,5.0,0.2693,586968.0,
1753504767649,04:39:27.649,blofin,ALGO/USDT:USDT,0.2694,627.0,0.2696,5.0,0.2693,586968.0,
1753504767649,04:39:27.649,blofin,ALGO/USDT:USDT,0.2694,627.0,0.2696,5.0,0.2693,586968.0,
1753504767649,04:39:27.649,blofin,ALGO/USDT:USDT,0.2695,625.0,0.2696,5.0,0.2693,586968.0,
1753504767649,04:39:27.649,blofin,ALGO/USDT:USDT,0.2695,625.0,0.2696,5.0,0.2693,586968.0,
1753504767649,04:39:27.649,blofin,ALGO/USDT:USDT,0.2695,625.0,0.2696,5.0,0.2693,586968.0,
1753504767649,04:39:27.649,blofin,ALGO/USDT:USDT,0.2695,625.0,0.2696,5.0,0.2693,586968.0,
1753504767649,04:39:27.649,blofin,ALGO/USDT:USDT,0.2695,440.0,0.2696,5.0,0.2693,586968.0,
1753504767649,04:39:27.649,blofin,ALGO/USDT:USDT,0.2695,443.0,0.2696,5.0,0.2693,586968.0,
1753504767649,04:39:27.649,blofin,ALGO/USDT:USDT,0.2695,3.0,0.2696,5.0,0.2693,586968.0,
1753504767649,04:39:27.649,blofin,ALGO/USDT:USDT,0.2695,3.0,0.2696,5.0,0.2693,586968.0,
1753504767649,04:39:27.649,blofin,ALGO/USDT:USDT,0.2694,360.0,0.2696,5.0,0.2693,586968.0,
1753504804159,04:40:04.159,blofin,ALGO/USDT:USDT,0.2694,8.0,0.2696,1547.0,0.2694,586910.0,
1753504804159,04:40:04.159,blofin,ALGO/USDT:USDT,0.2694,8.0,0.2696,1031.0,0.2694,586910.0,
1753504805251,04:40:05.251,blofin,ALGO/USDT:USDT,0.2694,8.0,0.2696,1031.0,0.2696,586916.0,
1753504805251,04:40:05.251,blofin,ALGO/USDT:USDT,0.2694,1049.0,0.2696,4.0,0.2696,586916.0,
1753504805251,04:40:05.251,blofin,ALGO/USDT:USDT,0.2694,2197.0,0.2697,1197.0,0.2696,586916.0,
1753504805251,04:40:05.251,blofin,ALGO/USDT:USDT,0.2694,447.0,0.2697,355.0,0.2696,586916.0,
1753504805251,04:40:05.251,blofin,ALGO/USDT:USDT,0.2694,447.0,0.2697,355.0,0.2696,586916.0,
1753504805251,04:40:05.251,blofin,ALGO/USDT:USDT,0.2695,521.0,0.2697,688.0,0.2696,586916.0,
1753504805251,04:40:05.251,blofin,ALGO/USDT:USDT,0.2695,521.0,0.2697,688.0,0.2696,586916.0,
1753504805251,04:40:05.251,blofin,ALGO/USDT:USDT,0.2695,525.0,0.2697,688.0,0.2696,586916.0,
1753504805251,04:40:05.251,blofin,ALGO/USDT:USDT,0.2696,570.0,0.2697,7.0,0.2696,586916.0,
1753504805251,04:40:05.251,blofin,ALGO/USDT:USDT,0.2696,1093.0,0.2697,7.0,0.2696,586916.0,
1753504805251,04:40:05.251,blofin,ALGO/USDT:USDT,0.2696,1093.0,0.2697,7.0,0.2696,586916.0,
1753504805251,04:40:05.251,blofin,ALGO/USDT:USDT,0.2696,1090.0,0.2697,7.0,0.2696,586916.0,
1753504805251,04:40:05.251,blofin,ALGO/USDT:USDT,0.2696,2.0,0.2697,4.0,0.2696,586916.0,
1753504805251,04:40:05.251,blofin,ALGO/USDT:USDT,0.2696,379.0,0.2697,4.0,0.2696,586916.0,
1753504805251,04:40:05.251,blofin,ALGO/USDT:USDT,0.2696,379.0,0.2697,4.0,0.2696,586916.0,
1753504805251,04:40:05.251,blofin,ALGO/USDT:USDT,0.2696,379.0,0.2697,4.0,0.2696,586916.0,
1753504805251,04:40:05.251,blofin,ALGO/USDT:USDT,0.2696,383.0,0.2697,4.0,0.2696,586916.0,
1753504805251,04:40:05.251,blofin,ALGO/USDT:USDT,0.2697,379.0,0.2698,2.0,0.2696,586916.0,
1753504805251,04:40:05.251,blofin,ALGO/USDT:USDT,0.2696,1.0,0.2698,1438.0,0.2696,586916.0,
1753504805251,04:40:05.251,blofin,ALGO/USDT:USDT,0.2696,896.0,0.2698,1258.0,0.2696,586916.0,
1753504805251,04:40:05.251,blofin,ALGO/USDT:USDT,0.2696,896.0,0.2698,1255.0,0.2696,586916.0,
1753504805251,04:40:05.251,blofin,ALGO/USDT:USDT,0.2696,896.0,0.2698,1255.0,0.2696,586916.0,
1753504805251,04:40:05.251,blofin,ALGO/USDT:USDT,0.2695,541.0,0.2698,1413.0,0.2696,586916.0,
1753504805251,04:40:05.251,blofin,ALGO/USDT:USDT,0.2695,642.0,0.2698,748.0,0.2696,586916.0,
1753504805251,04:40:05.251,blofin,ALGO/USDT:USDT,0.2695,642.0,0.2698,748.0,0.2696,586916.0,
1753504805251,04:40:05.251,blofin,ALGO/USDT:USDT,0.2695,1444.0,0.2698,3.0,0.2696,586916.0,
1753504805251,04:40:05.251,blofin,ALGO/USDT:USDT,0.2695,1444.0,0.2698,3.0,0.2696,586916.0,
1753504805251,04:40:05.251,blofin,ALGO/USDT:USDT,0.2696,320.0,0.2698,2579.0,0.2696,586916.0,
1753504805251,04:40:05.251,blofin,ALGO/USDT:USDT,0.2696,3.0,0.2698,840.0,0.2696,586916.0,
1753504805251,04:40:05.251,blofin,ALGO/USDT:USDT,0.2696,3.0,0.2698,839.0,0.2696,586916.0,
1753504805251,04:40:05.251,blofin,ALGO/USDT:USDT,0.2695,1417.0,0.2698,839.0,0.2696,586916.0,
1753504805251,04:40:05.251,blofin,ALGO/USDT:USDT,0.2695,1417.0,0.2698,839.0,0.2696,586916.0,
1753504805251,04:40:05.251,blofin,ALGO/USDT:USDT,0.2696,1419.0,0.2698,835.0,0.2696,586916.0,
1753504805251,04:40:05.251,blofin,ALGO/USDT:USDT,0.2696,1419.0,0.2698,839.0,0.2696,586916.0,
1753504805251,04:40:05.251,blofin,ALGO/USDT:USDT,0.2696,1417.0,0.2698,991.0,0.2696,586916.0,
1753504805251,04:40:05.251,blofin,ALGO/USDT:USDT,0.2696,3.0,0.2698,1045.0,0.2696,586916.0,
1753504805251,04:40:05.251,blofin,ALGO/USDT:USDT,0.2695,1031.0,0.2698,1045.0,0.2696,586916.0,
1753504805251,04:40:05.251,blofin,ALGO/USDT:USDT,0.2695,1031.0,0.2698,1045.0,0.2696,586916.0,
1753504805251,04:40:05.251,blofin,ALGO/USDT:USDT,0.2695,321.0,0.2698,1408.0,0.2696,586916.0,
1753504805251,04:40:05.251,blofin,ALGO/USDT:USDT,0.2695,74.0,0.2698,1396.0,0.2696,586916.0,
1753504805251,04:40:05.251,blofin,ALGO/USDT:USDT,0.2695,74.0,0.2698,1397.0,0.2696,586916.0,
1753504805251,04:40:05.251,blofin,ALGO/USDT:USDT,0.2695,4.0,0.2697,1693.0,0.2696,586916.0,
1753504805251,04:40:05.251,blofin,ALGO/USDT:USDT,0.2695,4.0,0.2697,1695.0,0.2696,586916.0,
1753504805251,04:40:05.251,blofin,ALGO/USDT:USDT,0.2694,1213.0,0.2697,1444.0,0.2696,586916.0,
1753504805251,04:40:05.251,blofin,ALGO/USDT:USDT,0.2694,1213.0,0.2697,1444.0,0.2696,586916.0,
1753504805251,04:40:05.251,blofin,ALGO/USDT:USDT,0.2694,947.0,0.2697,1286.0,0.2696,586916.0,
1753504805251,04:40:05.251,blofin,ALGO/USDT:USDT,0.2694,947.0,0.2697,1286.0,0.2696,586916.0,
1753504805251,04:40:05.251,blofin,ALGO/USDT:USDT,0.2695,581.0,0.2697,1453.0,0.2696,586916.0,
1753504805251,04:40:05.251,blofin,ALGO/USDT:USDT,0.2695,581.0,0.2697,1453.0,0.2696,586916.0,
1753504805251,04:40:05.251,blofin,ALGO/USDT:USDT,0.2694,1570.0,0.2697,33.0,0.2696,586916.0,
1753504805251,04:40:05.251,blofin,ALGO/USDT:USDT,0.2694,1570.0,0.2697,33.0,0.2696,586916.0,
1753504805251,04:40:05.251,blofin,ALGO/USDT:USDT,0.2694,1754.0,0.2697,35.0,0.2696,586916.0,
1753504805251,04:40:05.251,blofin,ALGO/USDT:USDT,0.2694,1754.0,0.2697,32.0,0.2696,586916.0,
1753504805251,04:40:05.251,blofin,ALGO/USDT:USDT,0.2694,1753.0,0.2697,32.0,0.2696,586916.0,
1753504805251,04:40:05.251,blofin,ALGO/USDT:USDT,0.2694,1753.0,0.2697,32.0,0.2696,586916.0,
1753504805251,04:40:05.251,blofin,ALGO/USDT:USDT,0.2695,1708.0,0.2698,33.0,0.2696,586916.0,
1753504805251,04:40:05.251,blofin,ALGO/USDT:USDT,0.2695,1710.0,0.2698,33.0,0.2696,586916.0,
1753504805251,04:40:05.251,blofin,ALGO/USDT:USDT,0.2695,897.0,0.2698,1262.0,0.2696,586916.0,
1753504805251,04:40:05.251,blofin,ALGO/USDT:USDT,0.2695,897.0,0.2698,1262.0,0.2696,586916.0,
1753504805251,04:40:05.251,blofin,ALGO/USDT:USDT,0.2696,346.0,0.2698,1261.0,0.2696,586916.0,
1753504805251,04:40:05.251,blofin,ALGO/USDT:USDT,0.2696,3.0,0.2698,1261.0,0.2696,586916.0,
1753504805251,04:40:05.251,blofin,ALGO/USDT:USDT,0.2696,3.0,0.2698,1261.0,0.2696,586916.0,
1753504805251,04:40:05.251,blofin,ALGO/USDT:USDT,0.2696,3.0,0.2698,1261.0,0.2696,586916.0,
1753504805251,04:40:05.251,blofin,ALGO/USDT:USDT,0.2695,253.0,0.2698,1411.0,0.2696,586916.0,
1753504838561,04:40:38.561,blofin,ALGO/USDT:USDT,0.2695,1423.0,0.2698,2366.0,0.2695,586928.0,
1753504838561,04:40:38.561,blofin,ALGO/USDT:USDT,0.2695,1423.0,0.2698,2366.0,0.2695,586928.0,
1753504838561,04:40:38.561,blofin,ALGO/USDT:USDT,0.2695,5.0,0.2697,603.0,0.2695,586928.0,
1753504838561,04:40:38.561,blofin,ALGO/USDT:USDT,0.2695,5.0,0.2697,804.0,0.2695,586928.0,
1753504838561,04:40:38.561,blofin,ALGO/USDT:USDT,0.2695,5.0,0.2697,804.0,0.2695,586928.0,
1753504838561,04:40:38.561,blofin,ALGO/USDT:USDT,0.2695,5.0,0.2697,803.0,0.2695,586928.0,
1753504838561,04:40:38.561,blofin,ALGO/USDT:USDT,0.2695,477.0,0.2697,803.0,0.2695,586928.0,
1753504838561,04:40:38.561,blofin,ALGO/USDT:USDT,0.2695,486.0,0.2697,903.0,0.2695,586928.0,
1753504838561,04:40:38.561,blofin,ALGO/USDT:USDT,0.2695,486.0,0.2697,903.0,0.2695,586928.0,
1753504838561,04:40:38.561,blofin,ALGO/USDT:USDT,0.2695,486.0,0.2697,903.0,0.2695,586928.0,
1753504838561,04:40:38.561,blofin,ALGO/USDT:USDT,0.2695,1452.0,0.2697,807.0,0.2695,586928.0,
1753504838561,04:40:38.561,blofin,ALGO/USDT:USDT,0.2695,1450.0,0.2697,807.0,0.2695,586928.0,
1753504838561,04:40:38.561,blofin,ALGO/USDT:USDT,0.2695,5.0,0.2697,2707.0,0.2695,586928.0,
1753504838561,04:40:38.561,blofin,ALGO/USDT:USDT,0.2695,1181.0,0.2697,2707.0,0.2695,586928.0,
1753504838561,04:40:38.561,blofin,ALGO/USDT:USDT,0.2695,1181.0,0.2697,2707.0,0.2695,586928.0,
1753504838561,04:40:38.561,blofin,ALGO/USDT:USDT,0.2695,1181.0,0.2697,2703.0,0.2695,586928.0,
1753504838561,04:40:38.561,blofin,ALGO/USDT:USDT,0.2695,5.0,0.2697,2703.0,0.2695,586928.0,
1753504838561,04:40:38.561,blofin,ALGO/USDT:USDT,0.2695,731.0,0.2697,2706.0,0.2695,586928.0,
1753504838561,04:40:38.561,blofin,ALGO/USDT:USDT,0.2695,731.0,0.2697,2706.0,0.2695,586928.0,
1753504838561,04:40:38.561,blofin,ALGO/USDT:USDT,0.2695,731.0,0.2697,2706.0,0.2695,586928.0,
1753504838561,04:40:38.561,blofin,ALGO/USDT:USDT,0.2695,734.0,0.2697,2707.0,0.2695,586928.0,
1753504838561,04:40:38.561,blofin,ALGO/USDT:USDT,0.2695,8.0,0.2697,2702.0,0.2695,586928.0,
1753504838561,04:40:38.561,blofin,ALGO/USDT:USDT,0.2695,636.0,0.2697,2702.0,0.2695,586928.0,
1753504838561,04:40:38.561,blofin,ALGO/USDT:USDT,0.2695,7.0,0.2697,2702.0,0.2695,586928.0,
1753504838561,04:40:38.561,blofin,ALGO/USDT:USDT,0.2695,7.0,0.2697,2702.0,0.2695,586928.0,
1753504838561,04:40:38.561,blofin,ALGO/USDT:USDT,0.2695,7.0,0.2697,2706.0,0.2695,586928.0,
1753504838561,04:40:38.561,blofin,ALGO/USDT:USDT,0.2695,7.0,0.2696,931.0,0.2695,586928.0,
1753504838561,04:40:38.561,blofin,ALGO/USDT:USDT,0.2695,5.0,0.2697,607.0,0.2695,586928.0,
1753504838561,04:40:38.561,blofin,ALGO/USDT:USDT,0.2695,258.0,0.2697,2195.0,0.2695,586928.0,
1753504838561,04:40:38.561,blofin,ALGO/USDT:USDT,0.2695,258.0,0.2697,2195.0,0.2695,586928.0,
1753504838561,04:40:38.561,blofin,ALGO/USDT:USDT,0.2695,5.0,0.2697,847.0,0.2695,586928.0,
1753504838561,04:40:38.561,blofin,ALGO/USDT:USDT,0.2695,5.0,0.2697,933.0,0.2695,586928.0,
1753504838561,04:40:38.561,blofin,ALGO/USDT:USDT,0.2695,1409.0,0.2697,606.0,0.2695,586928.0,
1753504838561,04:40:38.561,blofin,ALGO/USDT:USDT,0.2695,1409.0,0.2697,606.0,0.2695,586928.0,
1753504838561,04:40:38.561,blofin,ALGO/USDT:USDT,0.2695,5.0,0.2697,606.0,0.2695,586928.0,
1753504838561,04:40:38.561,blofin,ALGO/USDT:USDT,0.2695,5.0,0.2697,606.0,0.2695,586928.0,
1753504838561,04:40:38.561,blofin,ALGO/USDT:USDT,0.2695,5.0,0.2697,608.0,0.2695,586928.0,
1753504838561,04:40:38.561,blofin,ALGO/USDT:USDT,0.2695,5.0,0.2697,1290.0,0.2695,586928.0,
1753504838561,04:40:38.561,blofin,ALGO/USDT:USDT,0.2695,5.0,0.2697,1288.0,0.2695,586928.0,
1753504838561,04:40:38.561,blofin,ALGO/USDT:USDT,0.2695,5.0,0.2697,1288.0,0.2695,586928.0,
1753504838561,04:40:38.561,blofin,ALGO/USDT:USDT,0.2695,5.0,0.2697,1288.0,0.2695,586928.0,
1753504838561,04:40:38.561,blofin,ALGO/USDT:USDT,0.2695,5.0,0.2697,1288.0,0.2695,586928.0,
1753504838561,04:40:38.561,blofin,ALGO/USDT:USDT,0.2695,5.0,0.2697,1289.0,0.2695,586928.0,
1753504838561,04:40:38.561,blofin,ALGO/USDT:USDT,0.2695,5.0,0.2697,1453.0,0.2695,586928.0,
1753504838561,04:40:38.561,blofin,ALGO/USDT:USDT,0.2695,5.0,0.2697,1450.0,0.2695,586928.0,
1753504838561,04:40:38.561,blofin,ALGO/USDT:USDT,0.2695,5.0,0.2697,1450.0,0.2695,586928.0,
1753504838561,04:40:38.561,blofin,ALGO/USDT:USDT,0.2695,5.0,0.2697,1450.0,0.2695,586928.0,
1753504838561,04:40:38.561,blofin,ALGO/USDT:USDT,0.2695,537.0,0.2697,1451.0,0.2695,586928.0,
1753504838561,04:40:38.561,blofin,ALGO/USDT:USDT,0.2695,539.0,0.2697,1451.0,0.2695,586928.0,
1753504838561,04:40:38.561,blofin,ALGO/USDT:USDT,0.2695,539.0,0.2697,1458.0,0.2695,586928.0,
1753504838561,04:40:38.561,blofin,ALGO/USDT:USDT,0.2695,1500.0,0.2697,621.0,0.2695,586928.0,
1753504865456,04:41:05.456,blofin,ALGO/USDT:USDT,0.2695,1500.0,0.2697,621.0,0.2697,586917.0,
1753504865456,04:41:05.456,blofin,ALGO/USDT:USDT,0.2695,1530.0,0.2697,8.0,0.2697,586917.0,
1753504865456,04:41:05.456,blofin,ALGO/USDT:USDT,0.2696,843.0,0.2697,3.0,0.2697,586917.0,
1753504865456,04:41:05.456,blofin,ALGO/USDT:USDT,0.2695,1157.0,0.2697,3.0,0.2697,586917.0,
1753504865456,04:41:05.456,blofin,ALGO/USDT:USDT,0.2695,1157.0,0.2697,3.0,0.2697,586917.0,
1753504865456,04:41:05.456,blofin,ALGO/USDT:USDT,0.2695,1159.0,0.2697,3.0,0.2697,586917.0,
1753504865456,04:41:05.456,blofin,ALGO/USDT:USDT,0.2695,1157.0,0.2697,3.0,0.2697,586917.0,
1753504865456,04:41:05.456,blofin,ALGO/USDT:USDT,0.2695,1160.0,0.2697,3.0,0.2697,586917.0,
1753504865456,04:41:05.456,blofin,ALGO/USDT:USDT,0.2696,1151.0,0.2697,3.0,0.2697,586917.0,
1753504865456,04:41:05.456,blofin,ALGO/USDT:USDT,0.2696,1151.0,0.2697,3.0,0.2697,586917.0,
1753504865456,04:41:05.456,blofin,ALGO/USDT:USDT,0.2696,2.0,0.2697,3.0,0.2697,586917.0,
1753504865456,04:41:05.456,blofin,ALGO/USDT:USDT,0.2696,2.0,0.2697,3.0,0.2697,586917.0,
1753504865456,04:41:05.456,blofin,ALGO/USDT:USDT,0.2696,800.0,0.2697,3.0,0.2697,586917.0,
1753504865456,04:41:05.456,blofin,ALGO/USDT:USDT,0.2696,800.0,0.2697,3.0,0.2697,586917.0,
1753504865456,04:41:05.456,blofin,ALGO/USDT:USDT,0.2696,800.0,0.2697,3.0,0.2697,586917.0,
1753504865456,04:41:05.456,blofin,ALGO/USDT:USDT,0.2696,800.0,0.2697,3.0,0.2697,586917.0,
1753504865456,04:41:05.456,blofin,ALGO/USDT:USDT,0.2696,804.0,0.2697,3.0,0.2697,586917.0,
1753504865456,04:41:05.456,blofin,ALGO/USDT:USDT,0.2696,802.0,0.2697,3.0,0.2697,586917.0,
1753504865456,04:41:05.456,blofin,ALGO/USDT:USDT,0.2696,2.0,0.2697,3.0,0.2697,586917.0,
1753504865456,04:41:05.456,blofin,ALGO/USDT:USDT,0.2696,2.0,0.2697,3.0,0.2697,586917.0,
1753504865456,04:41:05.456,blofin,ALGO/USDT:USDT,0.2695,693.0,0.2697,3.0,0.2697,586917.0,
1753504865456,04:41:05.456,blofin,ALGO/USDT:USDT,0.2696,687.0,0.2697,3.0,0.2697,586917.0,
1753504865456,04:41:05.456,blofin,ALGO/USDT:USDT,0.2696,687.0,0.2697,3.0,0.2697,586917.0,
1753504865456,04:41:05.456,blofin,ALGO/USDT:USDT,0.2696,4.0,0.2697,3.0,0.2697,586917.0,
1753504865456,04:41:05.456,blofin,ALGO/USDT:USDT,0.2696,1195.0,0.2697,3.0,0.2697,586917.0,
1753504865456,04:41:05.456,blofin,ALGO/USDT:USDT,0.2696,1195.0,0.2697,3.0,0.2697,586917.0,
1753504865456,04:41:05.456,blofin,ALGO/USDT:USDT,0.2696,1195.0,0.2697,3.0,0.2697,586917.0,
1753504865456,04:41:05.456,blofin,ALGO/USDT:USDT,0.2696,1197.0,0.2697,3.0,0.2697,586917.0,
1753504865456,04:41:05.456,blofin,ALGO/USDT:USDT,0.2697,1557.0,0.2699,540.0,0.2697,586917.0,
1753504865456,04:41:05.456,blofin,ALGO/USDT:USDT,0.2697,1.0,0.2699,891.0,0.2697,586917.0,
1753504865456,04:41:05.456,blofin,ALGO/USDT:USDT,0.2696,1164.0,0.2699,1491.0,0.2697,586917.0,
1753504865456,04:41:05.456,blofin,ALGO/USDT:USDT,0.2696,1164.0,0.2699,1491.0,0.2697,586917.0,
1753504865456,04:41:05.456,blofin,ALGO/USDT:USDT,0.2696,1164.0,0.2699,1491.0,0.2697,586917.0,
1753504865456,04:41:05.456,blofin,ALGO/USDT:USDT,0.2696,1525.0,0.2699,70.0,0.2697,586917.0,
1753504865456,04:41:05.456,blofin,ALGO/USDT:USDT,0.2696,2124.0,0.2699,70.0,0.2697,586917.0,
1753504865456,04:41:05.456,blofin,ALGO/USDT:USDT,0.2696,2124.0,0.2699,70.0,0.2697,586917.0,
1753504865456,04:41:05.456,blofin,ALGO/USDT:USDT,0.2696,2124.0,0.2699,70.0,0.2697,586917.0,
1753504865456,04:41:05.456,blofin,ALGO/USDT:USDT,0.2697,1760.0,0.2699,281.0,0.2697,586917.0,
1753504865456,04:41:05.456,blofin,ALGO/USDT:USDT,0.2697,5.0,0.2699,781.0,0.2697,586917.0,
1753504865456,04:41:05.456,blofin,ALGO/USDT:USDT,0.2697,5.0,0.2699,781.0,0.2697,586917.0,
1753504865456,04:41:05.456,blofin,ALGO/USDT:USDT,0.2697,5.0,0.2699,781.0,0.2697,586917.0,
1753504865456,04:41:05.456,blofin,ALGO/USDT:USDT,0.2696,421.0,0.2699,1419.0,0.2697,586917.0,
1753504865456,04:41:05.456,blofin,ALGO/USDT:USDT,0.2696,422.0,0.2699,1419.0,0.2697,586917.0,
1753504887256,04:41:27.256,blofin,ALGO/USDT:USDT,0.2696,422.0,0.2698,1516.0,0.2698,586921.0,
1753504887256,04:41:27.256,blofin,ALGO/USDT:USDT,0.2696,2.0,0.2698,1093.0,0.2698,586921.0,
1753504887256,04:41:27.256,blofin,ALGO/USDT:USDT,0.2696,2.0,0.2698,1093.0,0.2698,586921.0,
1753504887256,04:41:27.256,blofin,ALGO/USDT:USDT,0.2696,2.0,0.2698,1093.0,0.2698,586921.0,
1753504887256,04:41:27.256,blofin,ALGO/USDT:USDT,0.2695,993.0,0.2698,939.0,0.2698,586921.0,
1753504887256,04:41:27.256,blofin,ALGO/USDT:USDT,0.2695,995.0,0.2698,874.0,0.2698,586921.0,
1753504887256,04:41:27.256,blofin,ALGO/USDT:USDT,0.2695,995.0,0.2698,875.0,0.2698,586921.0,
1753504887256,04:41:27.256,blofin,ALGO/USDT:USDT,0.2696,987.0,0.2698,877.0,0.2698,586921.0,
1753504887256,04:41:27.256,blofin,ALGO/USDT:USDT,0.2696,987.0,0.2698,877.0,0.2698,586921.0,
1753504887256,04:41:27.256,blofin,ALGO/USDT:USDT,0.2696,991.0,0.2698,877.0,0.2698,586921.0,
1753504887256,04:41:27.256,blofin,ALGO/USDT:USDT,0.2696,991.0,0.2698,869.0,0.2698,586921.0,
1753504887256,04:41:27.256,blofin,ALGO/USDT:USDT,0.2696,991.0,0.2698,873.0,0.2698,586921.0,
1753504887256,04:41:27.256,blofin,ALGO/USDT:USDT,0.2696,991.0,0.2698,873.0,0.2698,586921.0,
1753504887256,04:41:27.256,blofin,ALGO/USDT:USDT,0.2696,992.0,0.2698,877.0,0.2698,586921.0,
1753504887256,04:41:27.256,blofin,ALGO/USDT:USDT,0.2696,1353.0,0.2698,138.0,0.2698,586921.0,
1753504887256,04:41:27.256,blofin,ALGO/USDT:USDT,0.2696,2.0,0.2698,1316.0,0.2698,586921.0,
1753504887256,04:41:27.256,blofin,ALGO/USDT:USDT,0.2696,2.0,0.2698,1316.0,0.2698,586921.0,
1753504887256,04:41:27.256,blofin,ALGO/USDT:USDT,0.2696,1.0,0.2698,1316.0,0.2698,586921.0,
1753504897147,04:41:37.147,blofin,ALGO/USDT:USDT,0.2696,1.0,0.2698,1316.0,0.2697,586935.0,
1753504897147,04:41:37.147,blofin,ALGO/USDT:USDT,0.2696,1.0,0.2697,1311.0,0.2697,586935.0,
1753504897147,04:41:37.147,blofin,ALGO/USDT:USDT,0.2696,1.0,0.2697,1311.0,0.2697,586935.0,
1753504897147,04:41:37.147,blofin,ALGO/USDT:USDT,0.2696,1.0,0.2697,87.0,0.2697,586935.0,
1753504897147,04:41:37.147,blofin,ALGO/USDT:USDT,0.2696,1.0,0.2697,89.0,0.2697,586935.0,
1753504897147,04:41:37.147,blofin,ALGO/USDT:USDT,0.2696,1.0,0.2697,29.0,0.2697,586935.0,
1753504897147,04:41:37.147,blofin,ALGO/USDT:USDT,0.2696,1.0,0.2697,29.0,0.2697,586935.0,
1753504897147,04:41:37.147,blofin,ALGO/USDT:USDT,0.2696,1.0,0.2697,29.0,0.2697,586935.0,
1753504897147,04:41:37.147,blofin,ALGO/USDT:USDT,0.2696,1.0,0.2697,29.0,0.2697,586935.0,
1753504897147,04:41:37.147,blofin,ALGO/USDT:USDT,0.2696,1.0,0.2697,29.0,0.2697,586935.0,
1753504897147,04:41:37.147,blofin,ALGO/USDT:USDT,0.2696,1.0,0.2697,29.0,0.2697,586935.0,
1753504897147,04:41:37.147,blofin,ALGO/USDT:USDT,0.2696,1.0,0.2697,29.0,0.2697,586935.0,
1753504897147,04:41:37.147,blofin,ALGO/USDT:USDT,0.2696,1.0,0.2697,28.0,0.2697,586935.0,
1753504897147,04:41:37.147,blofin,ALGO/USDT:USDT,0.2696,1.0,0.2697,29.0,0.2697,586935.0,
1753504897147,04:41:37.147,blofin,ALGO/USDT:USDT,0.2696,1.0,0.2697,368.0,0.2697,586935.0,
1753504897147,04:41:37.147,blofin,ALGO/USDT:USDT,0.2696,1.0,0.2697,368.0,0.2697,586935.0,
1753504897147,04:41:37.147,blofin,ALGO/USDT:USDT,0.2696,1.0,0.2697,364.0,0.2697,586935.0,
1753504897147,04:41:37.147,blofin,ALGO/USDT:USDT,0.2696,1.0,0.2697,365.0,0.2697,586935.0,
1753504897147,04:41:37.147,blofin,ALGO/USDT:USDT,0.2696,1.0,0.2697,370.0,0.2697,586935.0,
1753504897147,04:41:37.147,blofin,ALGO/USDT:USDT,0.2696,587.0,0.2697,5.0,0.2697,586935.0,
1753504897147,04:41:37.147,blofin,ALGO/USDT:USDT,0.2696,587.0,0.2697,5.0,0.2697,586935.0,
1753504897147,04:41:37.147,blofin,ALGO/USDT:USDT,0.2696,587.0,0.2697,5.0,0.2697,586935.0,
1753504897147,04:41:37.147,blofin,ALGO/USDT:USDT,0.2697,332.0,0.2698,1205.0,0.2697,586935.0,
1753504897147,04:41:37.147,blofin,ALGO/USDT:USDT,0.2697,332.0,0.2698,4.0,0.2697,586935.0,
1753504897147,04:41:37.147,blofin,ALGO/USDT:USDT,0.2697,2.0,0.2698,4.0,0.2697,586935.0,
1753504897147,04:41:37.147,blofin,ALGO/USDT:USDT,0.2697,2.0,0.2698,4.0,0.2697,586935.0,
1753504897147,04:41:37.147,blofin,ALGO/USDT:USDT,0.2697,397.0,0.2698,4.0,0.2697,586935.0,
1753504897147,04:41:37.147,blofin,ALGO/USDT:USDT,0.2697,398.0,0.2698,4.0,0.2697,586935.0,
1753504897147,04:41:37.147,blofin,ALGO/USDT:USDT,0.2697,727.0,0.2698,4.0,0.2697,586935.0,
1753504897147,04:41:37.147,blofin,ALGO/USDT:USDT,0.2697,3.0,0.2698,4.0,0.2697,586935.0,
1753504897147,04:41:37.147,blofin,ALGO/USDT:USDT,0.2697,3.0,0.2698,4.0,0.2697,586935.0,
1753504897147,04:41:37.147,blofin,ALGO/USDT:USDT,0.2696,1326.0,0.2698,4.0,0.2697,586935.0,
1753504897147,04:41:37.147,blofin,ALGO/USDT:USDT,0.2697,850.0,0.2698,4.0,0.2697,586935.0,
1753504897147,04:41:37.147,blofin,ALGO/USDT:USDT,0.2697,850.0,0.2698,4.0,0.2697,586935.0,
1753504897147,04:41:37.147,blofin,ALGO/USDT:USDT,0.2697,851.0,0.2698,4.0,0.2697,586935.0,
1753504897147,04:41:37.147,blofin,ALGO/USDT:USDT,0.2697,5.0,0.2698,4.0,0.2697,586935.0,
1753504897147,04:41:37.147,blofin,ALGO/USDT:USDT,0.2697,5.0,0.2698,4.0,0.2697,586935.0,
1753504897147,04:41:37.147,blofin,ALGO/USDT:USDT,0.2697,5.0,0.2698,4.0,0.2697,586935.0,
1753504897147,04:41:37.147,blofin,ALGO/USDT:USDT,0.2697,5.0,0.2698,4.0,0.2697,586935.0,
1753504897147,04:41:37.147,blofin,ALGO/USDT:USDT,0.2697,175.0,0.2698,4.0,0.2697,586935.0,
1753504897147,04:41:37.147,blofin,ALGO/USDT:USDT,0.2697,173.0,0.2698,4.0,0.2697,586935.0,
1753504897147,04:41:37.147,blofin,ALGO/USDT:USDT,0.2697,3.0,0.2698,4.0,0.2697,586935.0,
1753504897147,04:41:37.147,blofin,ALGO/USDT:USDT,0.2697,3.0,0.2698,4.0,0.2697,586935.0,
1753504897147,04:41:37.147,blofin,ALGO/USDT:USDT,0.2696,703.0,0.2698,4.0,0.2697,586935.0,
1753504897147,04:41:37.147,blofin,ALGO/USDT:USDT,0.2696,703.0,0.2698,4.0,0.2697,586935.0,
1753504897147,04:41:37.147,blofin,ALGO/USDT:USDT,0.2696,705.0,0.2698,4.0,0.2697,586935.0,
1753504897147,04:41:37.147,blofin,ALGO/USDT:USDT,0.2696,316.0,0.2698,4.0,0.2697,586935.0,
1753504897147,04:41:37.147,blofin,ALGO/USDT:USDT,0.2696,316.0,0.2698,4.0,0.2697,586935.0,
1753504897147,04:41:37.147,blofin,ALGO/USDT:USDT,0.2696,316.0,0.2698,4.0,0.2697,586935.0,
1753504897147,04:41:37.147,blofin,ALGO/USDT:USDT,0.2697,642.0,0.2698,4.0,0.2697,586935.0,
1753504897147,04:41:37.147,blofin,ALGO/USDT:USDT,0.2697,580.0,0.2698,4.0,0.2697,586935.0,
1753504897147,04:41:37.147,blofin,ALGO/USDT:USDT,0.2697,578.0,0.2698,4.0,0.2697,586935.0,
1753504897147,04:41:37.147,blofin,ALGO/USDT:USDT,0.2697,5.0,0.2699,1048.0,0.2697,586935.0,
1753504897147,04:41:37.147,blofin,ALGO/USDT:USDT,0.2697,5.0,0.2699,1048.0,0.2697,586935.0,
1753504897147,04:41:37.147,blofin,ALGO/USDT:USDT,0.2697,3.0,0.2699,1044.0,0.2697,586935.0,
1753504925540,04:42:05.540,blofin,ALGO/USDT:USDT,0.2697,3.0,0.2699,1046.0,0.2697,586907.0,
1753504925540,04:42:05.540,blofin,ALGO/USDT:USDT,0.2697,3.0,0.2699,369.0,0.2697,586907.0,
1753504925540,04:42:05.540,blofin,ALGO/USDT:USDT,0.2697,3.0,0.2699,369.0,0.2697,586907.0,
1753504925540,04:42:05.540,blofin,ALGO/USDT:USDT,0.2697,3.0,0.2699,369.0,0.2697,586907.0,
1753504925540,04:42:05.540,blofin,ALGO/USDT:USDT,0.2697,3.0,0.2699,369.0,0.2697,586907.0,
1753504925540,04:42:05.540,blofin,ALGO/USDT:USDT,0.2697,3.0,0.2699,369.0,0.2697,586907.0,
1753504925540,04:42:05.540,blofin,ALGO/USDT:USDT,0.2697,3.0,0.2699,369.0,0.2697,586907.0,
1753504925540,04:42:05.540,blofin,ALGO/USDT:USDT,0.2697,3.0,0.2699,367.0,0.2697,586907.0,
1753504925540,04:42:05.540,blofin,ALGO/USDT:USDT,0.2697,3.0,0.2699,367.0,0.2697,586907.0,
1753504925540,04:42:05.540,blofin,ALGO/USDT:USDT,0.2697,3.0,0.2699,450.0,0.2697,586907.0,
1753504925540,04:42:05.540,blofin,ALGO/USDT:USDT,0.2697,3.0,0.2699,582.0,0.2697,586907.0,
1753504925540,04:42:05.540,blofin,ALGO/USDT:USDT,0.2697,1329.0,0.2699,582.0,0.2697,586907.0,
1753504925540,04:42:05.540,blofin,ALGO/USDT:USDT,0.2697,1329.0,0.2699,582.0,0.2697,586907.0,
1753504925540,04:42:05.540,blofin,ALGO/USDT:USDT,0.2697,1333.0,0.2699,582.0,0.2697,586907.0,
1753504925540,04:42:05.540,blofin,ALGO/USDT:USDT,0.2697,1573.0,0.2699,587.0,0.2697,586907.0,
1753504925540,04:42:05.540,blofin,ALGO/USDT:USDT,0.2697,4.0,0.2699,587.0,0.2697,586907.0,
1753504925540,04:42:05.540,blofin,ALGO/USDT:USDT,0.2697,4.0,0.2699,587.0,0.2697,586907.0,
1753504925540,04:42:05.540,blofin,ALGO/USDT:USDT,0.2697,4.0,0.2699,587.0,0.2697,586907.0,
1753504925540,04:42:05.540,blofin,ALGO/USDT:USDT,0.2697,3.0,0.2699,587.0,0.2697,586907.0,
1753504925540,04:42:05.540,blofin,ALGO/USDT:USDT,0.2697,3.0,0.2699,587.0,0.2697,586907.0,
1753504925540,04:42:05.540,blofin,ALGO/USDT:USDT,0.2697,3.0,0.2699,753.0,0.2697,586907.0,
1753504925540,04:42:05.540,blofin,ALGO/USDT:USDT,0.2697,3.0,0.2699,753.0,0.2697,586907.0,
1753504925540,04:42:05.540,blofin,ALGO/USDT:USDT,0.2697,3.0,0.2699,753.0,0.2697,586907.0,
1753504925540,04:42:05.540,blofin,ALGO/USDT:USDT,0.2697,3.0,0.2699,753.0,0.2697,586907.0,
1753504925540,04:42:05.540,blofin,ALGO/USDT:USDT,0.2697,1329.0,0.2699,590.0,0.2697,586907.0,
1753504925540,04:42:05.540,blofin,ALGO/USDT:USDT,0.2697,1329.0,0.2699,591.0,0.2697,586907.0,
1753504938457,04:42:18.457,blofin,ALGO/USDT:USDT,0.2697,1575.0,0.2699,591.0,0.2697,586911.0,
1753504938457,04:42:18.457,blofin,ALGO/USDT:USDT,0.2697,1575.0,0.2699,591.0,0.2697,586911.0,
1753504938457,04:42:18.457,blofin,ALGO/USDT:USDT,0.2697,1575.0,0.2699,5.0,0.2697,586911.0,
1753504938457,04:42:18.457,blofin,ALGO/USDT:USDT,0.2697,1619.0,0.2699,5.0,0.2697,586911.0,
1753504938457,04:42:18.457,blofin,ALGO/USDT:USDT,0.2697,1845.0,0.2699,5.0,0.2697,586911.0,
1753504938457,04:42:18.457,blofin,ALGO/USDT:USDT,0.2698,1739.0,0.2699,5.0,0.2697,586911.0,
1753504938457,04:42:18.457,blofin,ALGO/USDT:USDT,0.2698,1739.0,0.2699,5.0,0.2697,586911.0,
1753504938457,04:42:18.457,blofin,ALGO/USDT:USDT,0.2698,1739.0,0.2699,5.0,0.2697,586911.0,
1753504938457,04:42:18.457,blofin,ALGO/USDT:USDT,0.2697,1844.0,0.2699,5.0,0.2697,586911.0,
1753504938457,04:42:18.457,blofin,ALGO/USDT:USDT,0.2698,11.0,0.2699,5.0,0.2697,586911.0,
1753504938457,04:42:18.457,blofin,ALGO/USDT:USDT,0.2698,11.0,0.2699,5.0,0.2697,586911.0,
1753504938457,04:42:18.457,blofin,ALGO/USDT:USDT,0.2698,11.0,0.2699,5.0,0.2697,586911.0,
1753504938457,04:42:18.457,blofin,ALGO/USDT:USDT,0.2698,16.0,0.2699,5.0,0.2697,586911.0,
1753504938457,04:42:18.457,blofin,ALGO/USDT:USDT,0.2697,987.0,0.2699,5.0,0.2697,586911.0,
1753504945561,04:42:25.561,blofin,ALGO/USDT:USDT,0.2697,1129.0,0.2699,5.0,0.2697,586921.0,
1753504945561,04:42:25.561,blofin,ALGO/USDT:USDT,0.2697,1129.0,0.2699,5.0,0.2697,586921.0,
1753504945561,04:42:25.561,blofin,ALGO/USDT:USDT,0.2697,6.0,0.2699,1239.0,0.2697,586921.0,
1753504945561,04:42:25.561,blofin,ALGO/USDT:USDT,0.2697,3.0,0.2699,2191.0,0.2697,586921.0,
1753504945561,04:42:25.561,blofin,ALGO/USDT:USDT,0.2697,3.0,0.2699,2191.0,0.2697,586921.0,
1753504945561,04:42:25.561,blofin,ALGO/USDT:USDT,0.2697,3.0,0.2699,2191.0,0.2697,586921.0,
1753504945561,04:42:25.561,blofin,ALGO/USDT:USDT,0.2697,277.0,0.2699,2188.0,0.2697,586921.0,
1753504945561,04:42:25.561,blofin,ALGO/USDT:USDT,0.2697,281.0,0.2699,2192.0,0.2697,586921.0,
1753504945561,04:42:25.561,blofin,ALGO/USDT:USDT,0.2697,281.0,0.2699,2192.0,0.2697,586921.0,
1753504945561,04:42:25.561,blofin,ALGO/USDT:USDT,0.2697,7.0,0.2699,2454.0,0.2697,586921.0,
1753504945561,04:42:25.561,blofin,ALGO/USDT:USDT,0.2697,7.0,0.2699,2486.0,0.2697,586921.0,
1753504945561,04:42:25.561,blofin,ALGO/USDT:USDT,0.2697,180.0,0.2699,2260.0,0.2697,586921.0,
1753504945561,04:42:25.561,blofin,ALGO/USDT:USDT,0.2697,180.0,0.2699,2260.0,0.2697,586921.0,
1753504945561,04:42:25.561,blofin,ALGO/USDT:USDT,0.2697,180.0,0.2699,2258.0,0.2697,586921.0,
1753504945561,04:42:25.561,blofin,ALGO/USDT:USDT,0.2697,3.0,0.2699,2370.0,0.2697,586921.0,
1753504945561,04:42:25.561,blofin,ALGO/USDT:USDT,0.2697,3.0,0.2699,2370.0,0.2697,586921.0,
1753504945561,04:42:25.561,blofin,ALGO/USDT:USDT,0.2697,3.0,0.2699,2368.0,0.2697,586921.0,
1753504945561,04:42:25.561,blofin,ALGO/USDT:USDT,0.2697,3.0,0.2699,2368.0,0.2697,586921.0,
1753504945561,04:42:25.561,blofin,ALGO/USDT:USDT,0.2696,203.0,0.2699,2368.0,0.2697,586921.0,
1753504945561,04:42:25.561,blofin,ALGO/USDT:USDT,0.2696,203.0,0.2699,2368.0,0.2697,586921.0,
1753504945561,04:42:25.561,blofin,ALGO/USDT:USDT,0.2696,575.0,0.2699,2487.0,0.2697,586921.0,
1753504945561,04:42:25.561,blofin,ALGO/USDT:USDT,0.2696,575.0,0.2699,2489.0,0.2697,586921.0,
1753504945561,04:42:25.561,blofin,ALGO/USDT:USDT,0.2696,828.0,0.2699,364.0,0.2697,586921.0,
1753504945561,04:42:25.561,blofin,ALGO/USDT:USDT,0.2696,828.0,0.2699,364.0,0.2697,586921.0,
1753504945561,04:42:25.561,blofin,ALGO/USDT:USDT,0.2697,1643.0,0.2699,39.0,0.2697,586921.0,
