timestamp,time,exchange,symbol,bid,bidVolume,ask,askVolume,lastPrice,baseVolume,quoteVolume
1753507240564,05:20:40.564,bybit,ALGO/USDT:USDT,0.2689,31586.7,0.269,43991.7,0.2689,95707524.9,25077090.6828
1753507240663,05:20:40.663,bybit,ALGO/USDT:USDT,0.2689,31586.7,0.269,43356.4,0.2689,95707524.9,25077090.6828
1753507240764,05:20:40.764,bybit,ALGO/USDT:USDT,0.2689,31586.1,0.269,43991.7,0.2689,95707524.9,25077090.6828
1753507240863,05:20:40.863,bybit,ALGO/USDT:USDT,0.2689,31586.1,0.269,44660.4,0.2689,95707524.9,25077090.6828
1753507241264,05:20:41.264,bybit,ALGO/USDT:USDT,0.2689,31587.3,0.269,44660.4,0.2689,95707524.9,25077090.6828
1753507241863,05:20:41.863,bybit,ALGO/USDT:USDT,0.2689,31587.3,0.269,49660.4,0.2689,95707524.9,25077090.6828
1753507242663,05:20:42.663,bybit,ALGO/USDT:USDT,0.2689,31587.3,0.269,55660.4,0.2689,95707524.9,25077090.6828
1753507242864,05:20:42.864,bybit,ALGO/USDT:USDT,0.2689,31550.0,0.269,55660.4,0.2689,95707524.9,25077090.6828
1753507242964,05:20:42.964,bybit,ALGO/USDT:USDT,0.2689,31589.0,0.269,55660.4,0.2689,95707524.9,25077090.6828
1753507244363,05:20:44.363,bybit,ALGO/USDT:USDT,0.2689,31589.0,0.269,55025.1,0.2689,95707524.9,25077090.6828
1753507244463,05:20:44.463,bybit,ALGO/USDT:USDT,0.2689,31643.9,0.269,55025.1,0.2689,95707524.9,25077090.6828
1753507244564,05:20:44.564,bybit,ALGO/USDT:USDT,0.2689,31643.9,0.269,55660.4,0.2689,95707524.9,25077090.6828
1753507245564,05:20:45.564,bybit,ALGO/USDT:USDT,0.2689,31649.6,0.269,55660.4,0.2689,95707524.9,25077090.6828
1753507246664,05:20:46.664,bybit,ALGO/USDT:USDT,0.2689,31649.3,0.269,43991.7,0.2689,95707524.9,25077090.6828
1753507246764,05:20:46.764,bybit,ALGO/USDT:USDT,0.2689,31649.3,0.269,43356.4,0.2689,95707524.9,25077090.6828
1753507247064,05:20:47.064,bybit,ALGO/USDT:USDT,0.2689,31649.3,0.269,43430.8,0.2689,95707524.9,25077090.6828
1753507247263,05:20:47.263,bybit,ALGO/USDT:USDT,0.2689,31649.3,0.269,44660.4,0.2689,95707524.9,25077090.6828
1753507248064,05:20:48.064,bybit,ALGO/USDT:USDT,0.2689,31649.3,0.269,48660.4,0.2689,95707524.9,25077090.6828
1753507248163,05:20:48.163,bybit,ALGO/USDT:USDT,0.2689,31420.4,0.269,48660.4,0.2689,95707524.9,25077090.6828
1753507248264,05:20:48.264,bybit,ALGO/USDT:USDT,0.2689,31649.2,0.269,48660.4,0.2689,95707524.9,25077090.6828
1753507249163,05:20:49.163,bybit,ALGO/USDT:USDT,0.2689,31649.2,0.269,44660.4,0.2689,95707524.9,25077090.6828
1753507249764,05:20:49.764,bybit,ALGO/USDT:USDT,0.2689,31649.2,0.269,44066.1,0.2689,95707524.9,25077090.6828
1753507249963,05:20:49.963,bybit,ALGO/USDT:USDT,0.2689,8938.9,0.269,44660.4,0.2689,95707524.9,25077090.6828
1753507250064,05:20:50.064,bybit,ALGO/USDT:USDT,0.2689,8938.9,0.269,46967.2,0.2689,95707524.9,25077090.6828
1753507250564,05:20:50.564,bybit,ALGO/USDT:USDT,0.2689,8938.9,0.269,63967.2,0.2689,95707524.9,25077090.6828
1753507251364,05:20:51.364,bybit,ALGO/USDT:USDT,0.2689,8934.2,0.269,64334.4,0.2689,95707524.9,25077090.6828
1753507251864,05:20:51.864,bybit,ALGO/USDT:USDT,0.2689,9203.6,0.269,66007.5,0.2689,95707524.9,25077090.6828
1753507252064,05:20:52.064,bybit,ALGO/USDT:USDT,0.2689,9203.6,0.269,65931.5,0.2689,95707524.9,25077090.6828
1753507253063,05:20:53.063,bybit,ALGO/USDT:USDT,0.2689,9203.6,0.269,66007.5,0.2689,95707524.9,25077090.6828
1753507255264,05:20:55.264,bybit,ALGO/USDT:USDT,0.2689,11096.0,0.269,66007.5,0.2689,95707524.9,25077090.6828
1753507257264,05:20:57.264,bybit,ALGO/USDT:USDT,0.2689,9980.8,0.269,68424.2,0.2689,95708640.1,25077390.5601
1753507257363,05:20:57.363,bybit,ALGO/USDT:USDT,0.2689,2640.1,0.269,74608.7,0.2689,95708640.1,25077390.5601
1753507257464,05:20:57.464,bybit,ALGO/USDT:USDT,0.2689,2640.1,0.269,74980.0,0.2689,95708640.1,25077390.5601
1753507257564,05:20:57.564,bybit,ALGO/USDT:USDT,0.2689,2640.1,0.269,76660.6,0.2689,95708640.1,25077390.5601
1753507257763,05:20:57.763,bybit,ALGO/USDT:USDT,0.2689,2640.1,0.269,77031.5,0.2689,95708640.1,25077390.5601
1753507258063,05:20:58.063,bybit,ALGO/USDT:USDT,0.2689,2640.1,0.269,77050.1,0.2689,95708640.1,25077390.5601
1753507258264,05:20:58.264,bybit,ALGO/USDT:USDT,0.2689,4754.0,0.269,77031.5,0.2689,95708640.1,25077390.5601
1753507258464,05:20:58.464,bybit,ALGO/USDT:USDT,0.2689,4768.6,0.269,77031.5,0.2689,95708640.1,25077390.5601
1753507258664,05:20:58.664,bybit,ALGO/USDT:USDT,0.2689,4768.6,0.269,59102.0,0.2689,95708640.1,25077390.5601
1753507258763,05:20:58.763,bybit,ALGO/USDT:USDT,0.2689,7127.4,0.269,59102.0,0.2689,95708640.1,25077390.5601
1753507259063,05:20:59.063,bybit,ALGO/USDT:USDT,0.2689,7127.4,0.269,59027.6,0.2689,95708640.1,25077390.5601
1753507259264,05:20:59.264,bybit,ALGO/USDT:USDT,0.2689,7127.4,0.269,59102.0,0.2689,95708640.1,25077390.5601
1753507259464,05:20:59.464,bybit,ALGO/USDT:USDT,0.2689,7127.4,0.269,58730.7,0.2689,95708640.1,25077390.5601
1753507259764,05:20:59.764,bybit,ALGO/USDT:USDT,0.2689,7127.4,0.269,58656.3,0.2689,95708640.1,25077390.5601
1753507259964,05:20:59.964,bybit,ALGO/USDT:USDT,0.2689,7127.4,0.269,58730.7,0.2689,95708640.1,25077390.5601
1753507260064,05:21:00.064,bybit,ALGO/USDT:USDT,0.2689,7127.4,0.269,58654.7,0.2689,95708640.1,25077390.5601
1753507260464,05:21:00.464,bybit,ALGO/USDT:USDT,0.2689,4768.6,0.269,63654.7,0.2689,95708640.1,25077390.5601
1753507261064,05:21:01.064,bybit,ALGO/USDT:USDT,0.2689,4768.6,0.269,58730.7,0.2689,95708640.1,25077390.5601
1753507261564,05:21:01.564,bybit,ALGO/USDT:USDT,0.2689,4768.6,0.269,58768.8,0.2689,95708640.1,25077390.5601
1753507261664,05:21:01.664,bybit,ALGO/USDT:USDT,0.2689,4730.4,0.269,58768.8,0.2689,95708678.3,25077400.8321
1753507262063,05:21:02.063,bybit,ALGO/USDT:USDT,0.2689,4730.4,0.269,58692.8,0.2689,95708678.3,25077400.8321
1753507262464,05:21:02.464,bybit,ALGO/USDT:USDT,0.2689,12730.4,0.269,58692.8,0.2689,95708678.3,25077400.8321
1753507262664,05:21:02.664,bybit,ALGO/USDT:USDT,0.2689,12730.4,0.269,58024.1,0.2689,95708678.3,25077400.8321
1753507262864,05:21:02.864,bybit,ALGO/USDT:USDT,0.2689,4730.4,0.269,58692.8,0.2689,95708678.3,25077400.8321
1753507263364,05:21:03.364,bybit,ALGO/USDT:USDT,0.2689,17730.4,0.269,58692.8,0.2689,95708678.3,25077400.8321
1753507263664,05:21:03.664,bybit,ALGO/USDT:USDT,0.2689,17730.4,0.269,58024.1,0.2689,95708678.3,25077400.8321
1753507263864,05:21:03.864,bybit,ALGO/USDT:USDT,0.2689,17714.4,0.269,58692.8,0.2689,95708678.3,25077400.8321
1753507263964,05:21:03.964,bybit,ALGO/USDT:USDT,0.2689,17738.6,0.269,58692.8,0.2689,95708678.3,25077400.8321
1753507264264,05:21:04.264,bybit,ALGO/USDT:USDT,0.2689,32573.2,0.269,47292.9,0.2689,95698049.0,25074654.881
1753507264364,05:21:04.364,bybit,ALGO/USDT:USDT,0.2689,36573.2,0.269,43761.7,0.2689,95698049.0,25074654.881
1753507264463,05:21:04.463,bybit,ALGO/USDT:USDT,0.2689,40481.5,0.269,32858.8,0.2689,95698049.0,25074654.881
1753507264563,05:21:04.563,bybit,ALGO/USDT:USDT,0.2689,40481.5,0.269,16648.7,0.2689,95698049.0,25074654.881
1753507264763,05:21:04.763,bybit,ALGO/USDT:USDT,0.2689,40481.5,0.269,16281.5,0.2689,95698049.0,25074654.881
1753507265264,05:21:05.264,bybit,ALGO/USDT:USDT,0.2689,37373.2,0.269,23573.5,0.2689,95698049.0,25074654.881
1753507265464,05:21:05.464,bybit,ALGO/USDT:USDT,0.2689,37373.2,0.269,38308.6,0.2689,95698049.0,25074654.881
1753507266164,05:21:06.164,bybit,ALGO/USDT:USDT,0.2689,35480.8,0.269,38308.6,0.2689,95698049.0,25074654.881
1753507266263,05:21:06.263,bybit,ALGO/USDT:USDT,0.2689,37372.4,0.269,38308.6,0.2689,95698049.0,25074654.881
1753507266664,05:21:06.664,bybit,ALGO/USDT:USDT,0.2689,37375.9,0.269,38308.6,0.2689,95698049.0,25074654.881
1753507266864,05:21:06.864,bybit,ALGO/USDT:USDT,0.2689,37375.8,0.269,38308.6,0.2689,95698049.0,25074654.881
1753507267464,05:21:07.464,bybit,ALGO/USDT:USDT,0.2689,40484.1,0.269,4213.1,0.2689,95698049.0,25074654.881
1753507267563,05:21:07.563,bybit,ALGO/USDT:USDT,0.2689,42376.2,0.269,4213.1,0.2689,95698049.0,25074654.881
1753507267664,05:21:07.664,bybit,ALGO/USDT:USDT,0.269,53395.2,0.2691,59537.0,0.269,95702262.1,25075788.2049
1753507267763,05:21:07.763,bybit,ALGO/USDT:USDT,0.269,53395.2,0.2691,61598.0,0.269,95702262.1,25075788.2049
1753507267864,05:21:07.864,bybit,ALGO/USDT:USDT,0.269,53395.2,0.2691,60504.3,0.269,95702262.1,25075788.2049
1753507268064,05:21:08.064,bybit,ALGO/USDT:USDT,0.269,53395.2,0.2691,60504.3,0.269,95702262.1,25075788.2049
1753507268664,05:21:08.664,bybit,ALGO/USDT:USDT,0.269,53395.2,0.2691,60504.3,0.269,95702262.1,25075788.2049
1753507268763,05:21:08.763,bybit,ALGO/USDT:USDT,0.269,53395.2,0.2691,60392.3,0.269,95702262.1,25075788.2049
1753507269464,05:21:09.464,bybit,ALGO/USDT:USDT,0.269,53395.2,0.2691,37691.0,0.269,95702262.1,25075788.2049
1753507269663,05:21:09.663,bybit,ALGO/USDT:USDT,0.269,53395.2,0.2691,32510.0,0.269,95702262.1,25075788.2049
1753507269763,05:21:09.763,bybit,ALGO/USDT:USDT,0.269,53395.2,0.2691,31710.0,0.269,95702262.1,25075788.2049
1753507270364,05:21:10.364,bybit,ALGO/USDT:USDT,0.269,59395.2,0.2691,31710.0,0.269,95702262.1,25075788.2049
1753507270764,05:21:10.764,bybit,ALGO/USDT:USDT,0.269,59395.2,0.2691,17052.8,0.269,95702262.1,25075788.2049
1753507271064,05:21:11.064,bybit,ALGO/USDT:USDT,0.269,62502.3,0.2691,17052.8,0.269,95702262.1,25075788.2049
1753507271164,05:21:11.164,bybit,ALGO/USDT:USDT,0.269,62525.6,0.2691,17052.8,0.269,95702262.1,25075788.2049
1753507271264,05:21:11.264,bybit,ALGO/USDT:USDT,0.269,62525.6,0.2691,12894.5,0.269,95702262.1,25075788.2049
1753507271364,05:21:11.364,bybit,ALGO/USDT:USDT,0.269,64642.2,0.2691,12894.5,0.269,95702262.1,25075788.2049
1753507271464,05:21:11.464,bybit,ALGO/USDT:USDT,0.269,64809.5,0.2691,12894.5,0.269,95702262.1,25075788.2049
1753507271564,05:21:11.564,bybit,ALGO/USDT:USDT,0.269,64809.5,0.2691,13006.5,0.269,95702262.1,25075788.2049
1753507271664,05:21:11.664,bybit,ALGO/USDT:USDT,0.269,61702.4,0.2691,13006.5,0.269,95702262.1,25075788.2049
1753507271863,05:21:11.863,bybit,ALGO/USDT:USDT,0.269,61702.4,0.2691,5669.1,0.269,95702262.1,25075788.2049
1753507272164,05:21:12.164,bybit,ALGO/USDT:USDT,0.269,61702.4,0.2691,5557.1,0.269,95702262.1,25075788.2049
1753507272564,05:21:12.564,bybit,ALGO/USDT:USDT,0.2691,47986.9,0.2692,65177.6,0.2691,95702329.3,25075806.2885
1753507272663,05:21:12.663,bybit,ALGO/USDT:USDT,0.2691,47986.9,0.2692,59323.8,0.2691,95702329.3,25075806.2885
1753507272964,05:21:12.964,bybit,ALGO/USDT:USDT,0.2691,40077.2,0.2692,59323.8,0.2691,95702329.3,25075806.2885
1753507273164,05:21:13.164,bybit,ALGO/USDT:USDT,0.2691,40077.2,0.2692,59323.8,0.2691,95702329.3,25075806.2885
1753507273264,05:21:13.264,bybit,ALGO/USDT:USDT,0.2691,47077.2,0.2692,59323.8,0.2691,95702329.3,25075806.2885
1753507273363,05:21:13.363,bybit,ALGO/USDT:USDT,0.2691,48271.4,0.2692,59323.8,0.2691,95702329.3,25075806.2885
1753507274264,05:21:14.264,bybit,ALGO/USDT:USDT,0.2691,58271.4,0.2692,59323.8,0.2691,95702329.3,25075806.2885
1753507274764,05:21:14.764,bybit,ALGO/USDT:USDT,0.2691,48271.4,0.2692,59323.8,0.2691,95702329.3,25075806.2885
1753507275264,05:21:15.264,bybit,ALGO/USDT:USDT,0.2691,55271.4,0.2692,59323.8,0.2691,95702329.3,25075806.2885
1753507275564,05:21:15.564,bybit,ALGO/USDT:USDT,0.2691,48271.4,0.2692,59323.8,0.2691,95702329.3,25075806.2885
1753507275664,05:21:15.664,bybit,ALGO/USDT:USDT,0.2691,48273.4,0.2692,59323.8,0.2691,95702329.3,25075806.2885
1753507276063,05:21:16.063,bybit,ALGO/USDT:USDT,0.2691,48273.4,0.2692,45181.4,0.2691,95702329.3,25075806.2885
1753507276263,05:21:16.263,bybit,ALGO/USDT:USDT,0.2691,55273.4,0.2692,45181.4,0.2691,95702329.3,25075806.2885
1753507276463,05:21:16.463,bybit,ALGO/USDT:USDT,0.2691,55273.4,0.2692,41177.8,0.2691,95702329.3,25075806.2885
1753507276864,05:21:16.864,bybit,ALGO/USDT:USDT,0.2691,56168.6,0.2692,41177.8,0.2691,95702329.3,25075806.2885
1753507277164,05:21:17.164,bybit,ALGO/USDT:USDT,0.2691,56170.4,0.2692,41177.8,0.2691,95702329.3,25075806.2885
1753507277264,05:21:17.264,bybit,ALGO/USDT:USDT,0.2691,59170.4,0.2692,41177.8,0.2691,95702329.3,25075806.2885
1753507277364,05:21:17.364,bybit,ALGO/USDT:USDT,0.2691,42170.4,0.2692,6415.4,0.2692,95702629.7,25075887.1561
1753507277464,05:21:17.464,bybit,ALGO/USDT:USDT,0.2691,42193.7,0.2692,6415.4,0.2692,95702629.7,25075887.1561
1753507277563,05:21:17.563,bybit,ALGO/USDT:USDT,0.2691,42473.7,0.2692,3993.0,0.2692,95702629.7,25075887.1561
1753507278264,05:21:18.264,bybit,ALGO/USDT:USDT,0.2691,47473.7,0.2692,3993.0,0.2692,95702629.7,25075887.1561
1753507278363,05:21:18.363,bybit,ALGO/USDT:USDT,0.2691,47661.1,0.2692,3993.0,0.2692,95702629.7,25075887.1561
1753507278764,05:21:18.764,bybit,ALGO/USDT:USDT,0.2692,50428.2,0.2693,60015.6,0.2692,95702629.7,25075887.1561
1753507278863,05:21:18.863,bybit,ALGO/USDT:USDT,0.2692,50428.2,0.2693,58130.8,0.2692,95702629.7,25075887.1561
1753507278964,05:21:18.964,bybit,ALGO/USDT:USDT,0.2692,50428.2,0.2693,58112.2,0.2692,95702629.7,25075887.1561
1753507279164,05:21:19.164,bybit,ALGO/USDT:USDT,0.2692,50428.2,0.2693,57963.5,0.2693,95702778.4,25075927.2011
1753507279263,05:21:19.263,bybit,ALGO/USDT:USDT,0.2692,50428.2,0.2693,57963.5,0.2693,95702778.4,25075927.2011
1753507279464,05:21:19.464,bybit,ALGO/USDT:USDT,0.2692,50428.2,0.2693,58689.8,0.2693,95702778.4,25075927.2011
1753507279564,05:21:19.564,bybit,ALGO/USDT:USDT,0.2692,50428.2,0.2693,58054.5,0.2693,95702778.4,25075927.2011
1753507279664,05:21:19.664,bybit,ALGO/USDT:USDT,0.2692,50428.2,0.2693,59284.1,0.2693,95702778.4,25075927.2011
1753507280263,05:21:20.263,bybit,ALGO/USDT:USDT,0.2692,50428.2,0.2693,60432.8,0.2693,95702778.4,25075927.2011
1753507280563,05:21:20.563,bybit,ALGO/USDT:USDT,0.2692,50428.2,0.2693,48293.0,0.2693,95702778.4,25075927.2011
1753507280764,05:21:20.764,bybit,ALGO/USDT:USDT,0.2692,50428.2,0.2693,48384.0,0.2693,95702778.4,25075927.2011
1753507280864,05:21:20.864,bybit,ALGO/USDT:USDT,0.2692,50428.2,0.2693,39186.6,0.2693,95702778.4,25075927.2011
1753507281063,05:21:21.063,bybit,ALGO/USDT:USDT,0.2692,50428.2,0.2693,26177.5,0.2693,95702778.4,25075927.2011
1753507281163,05:21:21.163,bybit,ALGO/USDT:USDT,0.2692,59428.2,0.2693,26177.5,0.2693,95702778.4,25075927.2011
1753507281363,05:21:21.363,bybit,ALGO/USDT:USDT,0.2692,50428.2,0.2693,26086.5,0.2693,95702778.4,25075927.2011
1753507281864,05:21:21.864,bybit,ALGO/USDT:USDT,0.2692,50428.2,0.2693,11201.3,0.2693,95702778.4,25075927.2011
1753507282163,05:21:22.163,bybit,ALGO/USDT:USDT,0.2692,58451.5,0.2693,11201.3,0.2693,95702778.4,25075927.2011
1753507282263,05:21:22.263,bybit,ALGO/USDT:USDT,0.2692,50451.5,0.2693,4230.5,0.2693,95702778.4,25075927.2011
1753507282664,05:21:22.664,bybit,ALGO/USDT:USDT,0.2692,50451.5,0.2693,11292.3,0.2693,95702778.4,25075927.2011
1753507282764,05:21:22.764,bybit,ALGO/USDT:USDT,0.2692,50451.5,0.2693,26827.4,0.2693,95702778.4,25075927.2011
1753507282864,05:21:22.864,bybit,ALGO/USDT:USDT,0.2692,50428.2,0.2693,26827.4,0.2693,95702778.4,25075927.2011
1753507283164,05:21:23.164,bybit,ALGO/USDT:USDT,0.2692,50428.2,0.2693,35901.7,0.2693,95702778.4,25075927.2011
1753507283363,05:21:23.363,bybit,ALGO/USDT:USDT,0.2692,50428.2,0.2693,26827.4,0.2693,95702778.4,25075927.2011
1753507283663,05:21:23.663,bybit,ALGO/USDT:USDT,0.2692,50708.2,0.2693,26827.4,0.2693,95702778.4,25075927.2011
1753507284064,05:21:24.064,bybit,ALGO/USDT:USDT,0.2692,50731.5,0.2693,13279.9,0.2693,95702778.4,25075927.2011
1753507284164,05:21:24.164,bybit,ALGO/USDT:USDT,0.2692,50708.2,0.2693,19279.9,0.2693,95702778.4,25075927.2011
1753507284664,05:21:24.664,bybit,ALGO/USDT:USDT,0.2692,50708.2,0.2693,13279.9,0.2693,95702778.4,25075927.2011
1753507284763,05:21:24.763,bybit,ALGO/USDT:USDT,0.2692,50731.5,0.2693,13279.9,0.2693,95702778.4,25075927.2011
1753507284963,05:21:24.963,bybit,ALGO/USDT:USDT,0.2692,50731.5,0.2693,11292.3,0.2693,95702778.4,25075927.2011
1753507285164,05:21:25.164,bybit,ALGO/USDT:USDT,0.2692,50731.5,0.2693,16292.3,0.2693,95702778.4,25075927.2011
1753507285363,05:21:25.363,bybit,ALGO/USDT:USDT,0.2692,50731.5,0.2693,11292.3,0.2693,95702778.4,25075927.2011
1753507285464,05:21:25.464,bybit,ALGO/USDT:USDT,0.2692,50954.5,0.2693,11292.3,0.2693,95702778.4,25075927.2011
1753507285864,05:21:25.864,bybit,ALGO/USDT:USDT,0.2692,50931.2,0.2693,26027.4,0.2693,95702778.4,25075927.2011
1753507286164,05:21:26.164,bybit,ALGO/USDT:USDT,0.2692,50931.2,0.2693,39027.4,0.2693,95702778.4,25075927.2011
1753507286463,05:21:26.463,bybit,ALGO/USDT:USDT,0.2692,50931.2,0.2693,30827.4,0.2693,95702778.4,25075927.2011
1753507286564,05:21:26.564,bybit,ALGO/USDT:USDT,0.2692,50931.2,0.2693,26827.4,0.2693,95702778.4,25075927.2011
1753507286664,05:21:26.664,bybit,ALGO/USDT:USDT,0.2692,50931.2,0.2693,13900.1,0.2693,95702778.4,25075927.2011
1753507286764,05:21:26.764,bybit,ALGO/USDT:USDT,0.2692,50954.5,0.2693,11292.3,0.2693,95702778.4,25075927.2011
1753507286963,05:21:26.963,bybit,ALGO/USDT:USDT,0.2692,51911.8,0.2693,13724.7,0.2693,95702778.4,25075927.2011
1753507287164,05:21:27.164,bybit,ALGO/USDT:USDT,0.2692,51888.5,0.2693,28724.7,0.2693,95702778.4,25075927.2011
1753507287264,05:21:27.264,bybit,ALGO/USDT:USDT,0.2692,51888.5,0.2693,28724.7,0.2693,95702778.4,25075927.2011
1753507287364,05:21:27.364,bybit,ALGO/USDT:USDT,0.2692,51888.5,0.2693,29524.7,0.2693,95702778.4,25075927.2011
1753507287564,05:21:27.564,bybit,ALGO/USDT:USDT,0.2692,51888.5,0.2693,25172.4,0.2693,95706330.7,25076883.8354
1753507287764,05:21:27.764,bybit,ALGO/USDT:USDT,0.2692,51888.5,0.2693,39981.8,0.2693,95706330.7,25076883.8354
1753507287964,05:21:27.964,bybit,ALGO/USDT:USDT,0.2692,51888.5,0.2693,37583.0,0.2693,95708655.2,25077509.8233
1753507288064,05:21:28.064,bybit,ALGO/USDT:USDT,0.2692,51888.5,0.2693,41736.9,0.2693,95708655.2,25077509.8233
1753507288164,05:21:28.164,bybit,ALGO/USDT:USDT,0.2692,51888.5,0.2693,41811.2,0.2693,95708655.2,25077509.8233
1753507288264,05:21:28.264,bybit,ALGO/USDT:USDT,0.2692,51888.5,0.2693,41736.9,0.2693,95708655.2,25077509.8233
1753507288664,05:21:28.664,bybit,ALGO/USDT:USDT,0.2692,51888.5,0.2693,43840.8,0.2693,95708655.2,25077509.8233
1753507288764,05:21:28.764,bybit,ALGO/USDT:USDT,0.2692,51888.5,0.2693,43246.5,0.2693,95708655.2,25077509.8233
1753507289064,05:21:29.064,bybit,ALGO/USDT:USDT,0.2692,51888.5,0.2693,43840.8,0.2693,95708655.2,25077509.8233
1753507289864,05:21:29.864,bybit,ALGO/USDT:USDT,0.2692,51888.5,0.2693,43172.2,0.2693,95708655.2,25077509.8233
1753507289963,05:21:29.963,bybit,ALGO/USDT:USDT,0.2692,59794.1,0.2693,32858.8,0.2693,95750927.2,25088893.6729
1753507290063,05:21:30.063,bybit,ALGO/USDT:USDT,0.2692,48315.2,0.2693,33658.8,0.2693,95750927.2,25088893.6729
1753507290164,05:21:30.164,bybit,ALGO/USDT:USDT,0.2692,28815.1,0.2693,42701.7,0.2693,95750927.2,25088893.6729
1753507290264,05:21:30.264,bybit,ALGO/USDT:USDT,0.2692,34153.7,0.2693,40911.9,0.2693,95750927.2,25088893.6729
1753507290364,05:21:30.364,bybit,ALGO/USDT:USDT,0.2692,34153.7,0.2693,42141.5,0.2693,95750927.2,25088893.6729
1753507290564,05:21:30.564,bybit,ALGO/USDT:USDT,0.2692,28815.1,0.2693,41506.2,0.2693,95750927.2,25088893.6729
1753507290664,05:21:30.664,bybit,ALGO/USDT:USDT,0.2692,28815.1,0.2693,42141.5,0.2693,95750927.2,25088893.6729
1753507290763,05:21:30.763,bybit,ALGO/USDT:USDT,0.2692,5318.6,0.2693,42141.5,0.2693,95750927.2,25088893.6729
1753507290864,05:21:30.864,bybit,ALGO/USDT:USDT,0.2692,1180.3,0.2693,47116.3,0.2693,95750927.2,25088893.6729
1753507290963,05:21:30.963,bybit,ALGO/USDT:USDT,0.2692,1180.3,0.2693,47859.1,0.2693,95750927.2,25088893.6729
1753507291064,05:21:31.064,bybit,ALGO/USDT:USDT,0.2692,1180.3,0.2693,64859.1,0.2693,95750927.2,25088893.6729
1753507291164,05:21:31.164,bybit,ALGO/USDT:USDT,0.2692,1180.3,0.2693,66267.4,0.2693,95750927.2,25088893.6729
1753507291363,05:21:31.363,bybit,ALGO/USDT:USDT,0.2692,1180.3,0.2693,66634.4,0.2693,95750927.2,25088893.6729
1753507291463,05:21:31.463,bybit,ALGO/USDT:USDT,0.2692,1365.2,0.2693,66634.4,0.2693,95750927.2,25088893.6729
1753507291763,05:21:31.763,bybit,ALGO/USDT:USDT,0.2692,1365.2,0.2693,70348.4,0.2693,95750927.2,25088893.6729
1753507292063,05:21:32.063,bybit,ALGO/USDT:USDT,0.2692,1365.2,0.2693,66710.3,0.2693,95750927.2,25088893.6729
1753507292264,05:21:32.264,bybit,ALGO/USDT:USDT,0.2692,30125.4,0.2693,58488.1,0.2693,95750927.2,25088893.6729
1753507292363,05:21:32.363,bybit,ALGO/USDT:USDT,0.2692,30125.4,0.2693,41488.1,0.2693,95750927.2,25088893.6729
1753507292664,05:21:32.664,bybit,ALGO/USDT:USDT,0.2692,30242.6,0.2693,41488.1,0.2693,95750927.2,25088893.6729
1753507292763,05:21:32.763,bybit,ALGO/USDT:USDT,0.2692,30242.6,0.2693,41109.7,0.2693,95750927.2,25088893.6729
1753507292864,05:21:32.864,bybit,ALGO/USDT:USDT,0.2692,15507.5,0.2693,41972.3,0.2693,95750927.2,25088893.6729
1753507292963,05:21:32.963,bybit,ALGO/USDT:USDT,0.2692,15507.5,0.2693,60872.3,0.2693,95750927.2,25088893.6729
1753507293064,05:21:33.064,bybit,ALGO/USDT:USDT,0.2692,14261.7,0.2693,48017.6,0.2693,95750927.2,25088893.6729
1753507293363,05:21:33.363,bybit,ALGO/USDT:USDT,0.2692,14261.7,0.2693,48858.8,0.2693,95750927.2,25088893.6729
1753507293464,05:21:33.464,bybit,ALGO/USDT:USDT,0.2692,14347.3,0.2693,48858.8,0.2693,95750927.2,25088893.6729
1753507293564,05:21:33.564,bybit,ALGO/USDT:USDT,0.2692,14347.3,0.2693,46680.5,0.2693,95750927.2,25088893.6729
1753507293664,05:21:33.664,bybit,ALGO/USDT:USDT,0.2692,14347.3,0.2693,41045.2,0.2693,95750927.2,25088893.6729
1753507293863,05:21:33.863,bybit,ALGO/USDT:USDT,0.2692,14347.3,0.2693,41680.5,0.2693,95750927.2,25088893.6729
1753507293963,05:21:33.963,bybit,ALGO/USDT:USDT,0.2692,14347.3,0.2693,42274.8,0.2693,95750927.2,25088893.6729
1753507294064,05:21:34.064,bybit,ALGO/USDT:USDT,0.2692,31717.9,0.2693,42274.8,0.2693,95750927.2,25088893.6729
1753507294164,05:21:34.164,bybit,ALGO/USDT:USDT,0.2692,31717.9,0.2693,42274.8,0.2693,95750927.2,25088893.6729
1753507294463,05:21:34.463,bybit,ALGO/USDT:USDT,0.2692,31717.9,0.2693,42274.8,0.2693,95750927.2,25088893.6729
1753507294564,05:21:34.564,bybit,ALGO/USDT:USDT,0.2692,31717.9,0.2693,41045.2,0.2693,95750927.2,25088893.6729
1753507294664,05:21:34.664,bybit,ALGO/USDT:USDT,0.2692,18717.9,0.2693,41680.5,0.2693,95750927.2,25088893.6729
1753507295064,05:21:35.064,bybit,ALGO/USDT:USDT,0.2692,33335.8,0.2693,41045.2,0.2693,95750927.2,25088893.6729
1753507295264,05:21:35.264,bybit,ALGO/USDT:USDT,0.2692,33352.4,0.2693,41045.2,0.2693,95750927.2,25088893.6729
1753507295364,05:21:35.364,bybit,ALGO/USDT:USDT,0.2692,29394.8,0.2693,41045.2,0.2693,95750927.2,25088893.6729
1753507295664,05:21:35.664,bybit,ALGO/USDT:USDT,0.2692,29394.8,0.2693,41680.5,0.2693,95750927.2,25088893.6729
1753507295863,05:21:35.863,bybit,ALGO/USDT:USDT,0.2692,29394.8,0.2693,42274.8,0.2693,95750927.2,25088893.6729
1753507296064,05:21:36.064,bybit,ALGO/USDT:USDT,0.2692,29394.8,0.2693,68174.8,0.2693,95750927.2,25088893.6729
1753507296164,05:21:36.164,bybit,ALGO/USDT:USDT,0.2692,14659.7,0.2693,68917.6,0.2693,95750927.2,25088893.6729
1753507296264,05:21:36.264,bybit,ALGO/USDT:USDT,0.2692,8052.4,0.2693,68917.6,0.2693,95750927.2,25088893.6729
1753507296463,05:21:36.463,bybit,ALGO/USDT:USDT,0.2692,3994.1,0.2693,72756.3,0.2693,95750927.2,25088893.6729
1753507297063,05:21:37.063,bybit,ALGO/USDT:USDT,0.2692,3994.1,0.2693,82832.2,0.2693,95750927.2,25088893.6729
1753507297164,05:21:37.164,bybit,ALGO/USDT:USDT,0.2692,8052.4,0.2693,82832.2,0.2693,95750927.2,25088893.6729
1753507297364,05:21:37.364,bybit,ALGO/USDT:USDT,0.2692,8052.4,0.2693,82453.8,0.2693,95750927.2,25088893.6729
1753507297864,05:21:37.864,bybit,ALGO/USDT:USDT,0.2692,27019.2,0.2693,66642.7,0.2693,95750927.2,25088893.6729
1753507298064,05:21:38.064,bybit,ALGO/USDT:USDT,0.2692,27019.2,0.2693,66566.8,0.2693,95750927.2,25088893.6729
1753507298164,05:21:38.164,bybit,ALGO/USDT:USDT,0.2692,27019.2,0.2693,67796.4,0.2693,95750927.2,25088893.6729
1753507298264,05:21:38.264,bybit,ALGO/USDT:USDT,0.2691,67089.0,0.2692,23321.7,0.2692,95758293.3,25090876.627
1753507298364,05:21:38.364,bybit,ALGO/USDT:USDT,0.2691,38965.6,0.2692,23321.7,0.2692,95758293.3,25090876.627
1753507298564,05:21:38.564,bybit,ALGO/USDT:USDT,0.2691,37164.7,0.2692,23321.7,0.2692,95758293.3,25090876.627
1753507298664,05:21:38.664,bybit,ALGO/USDT:USDT,0.2691,37164.7,0.2692,24121.7,0.2692,95758293.3,25090876.627
1753507298963,05:21:38.963,bybit,ALGO/USDT:USDT,0.2691,44164.7,0.2692,24121.7,0.2692,95758293.3,25090876.627
1753507299264,05:21:39.264,bybit,ALGO/USDT:USDT,0.2691,37164.7,0.2692,24121.7,0.2692,95758293.3,25090876.627
1753507299864,05:21:39.864,bybit,ALGO/USDT:USDT,0.2691,37444.7,0.2692,24121.7,0.2692,95758293.3,25090876.627
1753507299964,05:21:39.964,bybit,ALGO/USDT:USDT,0.2691,37444.7,0.2692,28121.7,0.2692,95758293.3,25090876.627
1753507300563,05:21:40.563,bybit,ALGO/USDT:USDT,0.2691,37444.7,0.2692,24121.7,0.2692,95758293.3,25090876.627
1753507300964,05:21:40.964,bybit,ALGO/USDT:USDT,0.2691,37446.3,0.2692,30177.2,0.2692,95758293.3,25090876.627
1753507301364,05:21:41.364,bybit,ALGO/USDT:USDT,0.2691,37446.3,0.2692,24177.2,0.2692,95758293.3,25090876.627
1753507301564,05:21:41.564,bybit,ALGO/USDT:USDT,0.2691,37447.3,0.2692,24121.7,0.2692,95758293.3,25090876.627
1753507301964,05:21:41.964,bybit,ALGO/USDT:USDT,0.2691,37448.3,0.2692,29121.7,0.2692,95758293.3,25090876.627
1753507302064,05:21:42.064,bybit,ALGO/USDT:USDT,0.2691,37448.3,0.2692,29196.1,0.2692,95758293.3,25090876.627
1753507302464,05:21:42.464,bybit,ALGO/USDT:USDT,0.2691,37448.3,0.2692,29121.7,0.2692,95758293.3,25090876.627
1753507302764,05:21:42.764,bybit,ALGO/USDT:USDT,0.2691,37448.3,0.2692,29177.2,0.2692,95758293.3,25090876.627
1753507303063,05:21:43.063,bybit,ALGO/USDT:USDT,0.2691,37448.3,0.2692,29251.6,0.2692,95758293.3,25090876.627
1753507303163,05:21:43.163,bybit,ALGO/USDT:USDT,0.2691,37448.3,0.2692,29251.6,0.2692,95758293.3,25090876.627
1753507303264,05:21:43.264,bybit,ALGO/USDT:USDT,0.2691,37448.3,0.2692,24177.2,0.2692,95758293.3,25090876.627
1753507303364,05:21:43.364,bybit,ALGO/USDT:USDT,0.2691,37448.3,0.2692,24121.7,0.2692,95758293.3,25090876.627
1753507304164,05:21:44.164,bybit,ALGO/USDT:USDT,0.2691,37448.3,0.2692,24251.6,0.2692,95758293.3,25090876.627
1753507304264,05:21:44.264,bybit,ALGO/USDT:USDT,0.2691,37448.3,0.2692,24886.9,0.2692,95758293.3,25090876.627
1753507304464,05:21:44.464,bybit,ALGO/USDT:USDT,0.2691,37448.3,0.2692,24177.2,0.2692,95758293.3,25090876.627
1753507304664,05:21:44.664,bybit,ALGO/USDT:USDT,0.2691,37448.3,0.2692,24121.7,0.2692,95758293.3,25090876.627
1753507305164,05:21:45.164,bybit,ALGO/USDT:USDT,0.2691,37448.3,0.2692,24196.1,0.2692,95758293.3,25090876.627
1753507305264,05:21:45.264,bybit,ALGO/USDT:USDT,0.2691,37448.3,0.2692,24831.4,0.2692,95758293.3,25090876.627
1753507305564,05:21:45.564,bybit,ALGO/USDT:USDT,0.2691,37448.3,0.2692,22921.7,0.2692,95759493.3,25091199.667
1753507305964,05:21:45.964,bybit,ALGO/USDT:USDT,0.2691,37448.3,0.2692,26977.2,0.2692,95759493.3,25091199.667
1753507306164,05:21:46.164,bybit,ALGO/USDT:USDT,0.2691,42447.3,0.2692,26977.2,0.2692,95759493.3,25091199.667
1753507306264,05:21:46.264,bybit,ALGO/USDT:USDT,0.2691,42447.3,0.2692,22922.7,0.2692,95759493.3,25091199.667
1753507306364,05:21:46.364,bybit,ALGO/USDT:USDT,0.2691,37447.3,0.2692,22922.7,0.2692,95759493.3,25091199.667
1753507306764,05:21:46.764,bybit,ALGO/USDT:USDT,0.2691,37447.3,0.2692,22978.2,0.2692,95759493.3,25091199.667
1753507306963,05:21:46.963,bybit,ALGO/USDT:USDT,0.2691,37447.3,0.2692,26978.2,0.2692,95759493.3,25091199.667
1753507307464,05:21:47.464,bybit,ALGO/USDT:USDT,0.2691,37447.3,0.2692,22978.2,0.2692,95759493.3,25091199.667
1753507307763,05:21:47.763,bybit,ALGO/USDT:USDT,0.2691,37447.3,0.2692,22921.7,0.2692,95759493.3,25091199.667
1753507308063,05:21:48.063,bybit,ALGO/USDT:USDT,0.2691,37447.3,0.2692,10224.8,0.2692,95759493.3,25091199.667
1753507308164,05:21:48.164,bybit,ALGO/USDT:USDT,0.2691,37447.3,0.2692,9386.6,0.2692,95759493.3,25091199.667
1753507308563,05:21:48.563,bybit,ALGO/USDT:USDT,0.2691,37447.3,0.2692,9442.1,0.2692,95759493.3,25091199.667
1753507308864,05:21:48.864,bybit,ALGO/USDT:USDT,0.2691,54447.3,0.2692,9442.1,0.2692,95759493.3,25091199.667
1753507308963,05:21:48.963,bybit,ALGO/USDT:USDT,0.2691,54446.3,0.2692,9451.0,0.2692,95759493.3,25091199.667
1753507309164,05:21:49.164,bybit,ALGO/USDT:USDT,0.2691,54446.3,0.2692,9395.5,0.2692,95759493.3,25091199.667
1753507309864,05:21:49.864,bybit,ALGO/USDT:USDT,0.2691,54446.3,0.2692,14395.5,0.2692,95759493.3,25091199.667
1753507309964,05:21:49.964,bybit,ALGO/USDT:USDT,0.2691,54446.3,0.2692,9395.5,0.2692,95759493.3,25091199.667
1753507310164,05:21:50.164,bybit,ALGO/USDT:USDT,0.2691,54446.3,0.2692,9451.0,0.2692,95759493.3,25091199.667
1753507310464,05:21:50.464,bybit,ALGO/USDT:USDT,0.2691,54469.6,0.2692,9451.0,0.2692,95759493.3,25091199.667
1753507310564,05:21:50.564,bybit,ALGO/USDT:USDT,0.2691,54446.3,0.2692,9395.5,0.2692,95759493.3,25091199.667
1753507310664,05:21:50.664,bybit,ALGO/USDT:USDT,0.2691,54469.6,0.2692,9395.5,0.2692,95759493.3,25091199.667
1753507310864,05:21:50.864,bybit,ALGO/USDT:USDT,0.2691,54469.6,0.2692,14395.5,0.2692,95759493.3,25091199.667
1753507310964,05:21:50.964,bybit,ALGO/USDT:USDT,0.2691,54446.3,0.2692,9395.5,0.2692,95759493.3,25091199.667
1753507311264,05:21:51.264,bybit,ALGO/USDT:USDT,0.2691,40446.3,0.2692,9451.0,0.2692,95759493.3,25091199.667
1753507311464,05:21:51.464,bybit,ALGO/USDT:USDT,0.2691,40791.9,0.2692,9451.0,0.2692,95759493.3,25091199.667
1753507311563,05:21:51.563,bybit,ALGO/USDT:USDT,0.2691,37791.9,0.2692,24260.5,0.2692,95759493.3,25091199.667
1753507311763,05:21:51.763,bybit,ALGO/USDT:USDT,0.2691,37791.9,0.2692,24205.0,0.2692,95759493.3,25091199.667
1753507311864,05:21:51.864,bybit,ALGO/USDT:USDT,0.2691,37791.9,0.2692,31205.0,0.2692,95759493.3,25091199.667
1753507311964,05:21:51.964,bybit,ALGO/USDT:USDT,0.2691,37791.9,0.2692,31840.3,0.2692,95759493.3,25091199.667
1753507312164,05:21:52.164,bybit,ALGO/USDT:USDT,0.2691,37791.9,0.2692,31840.3,0.2692,95759493.3,25091199.667
1753507312564,05:21:52.564,bybit,ALGO/USDT:USDT,0.2691,37791.9,0.2692,24840.3,0.2692,95759493.3,25091199.667
1753507312664,05:21:52.664,bybit,ALGO/USDT:USDT,0.2691,37791.9,0.2692,24205.0,0.2692,95759493.3,25091199.667
1753507312764,05:21:52.764,bybit,ALGO/USDT:USDT,0.2691,37791.9,0.2692,24130.6,0.2692,95759493.3,25091199.667
1753507312864,05:21:52.864,bybit,ALGO/USDT:USDT,0.2691,43791.9,0.2692,24130.6,0.2692,95759493.3,25091199.667
1753507312963,05:21:52.963,bybit,ALGO/USDT:USDT,0.2691,43791.9,0.2692,24133.6,0.2692,95759493.3,25091199.667
1753507313264,05:21:53.264,bybit,ALGO/USDT:USDT,0.2691,37791.9,0.2692,24133.6,0.2692,95759493.3,25091199.667
1753507313364,05:21:53.364,bybit,ALGO/USDT:USDT,0.2691,37791.9,0.2692,24189.1,0.2692,95759493.3,25091199.667
1753507313463,05:21:53.463,bybit,ALGO/USDT:USDT,0.2691,37791.9,0.2692,24263.5,0.2692,95759493.3,25091199.667
1753507313564,05:21:53.564,bybit,ALGO/USDT:USDT,0.2691,37791.9,0.2692,24898.8,0.2692,95759493.3,25091199.667
1753507313663,05:21:53.663,bybit,ALGO/USDT:USDT,0.2691,37791.9,0.2692,24824.4,0.2692,95759493.3,25091199.667
1753507313864,05:21:53.864,bybit,ALGO/USDT:USDT,0.2691,37791.9,0.2692,33843.3,0.2692,95759493.3,25091199.667
1753507313964,05:21:53.964,bybit,ALGO/USDT:USDT,0.2691,37791.9,0.2692,33768.9,0.2692,95759493.3,25091199.667
1753507314164,05:21:54.164,bybit,ALGO/USDT:USDT,0.2691,37791.9,0.2692,33843.3,0.2692,95759493.3,25091199.667
1753507314363,05:21:54.363,bybit,ALGO/USDT:USDT,0.2691,37791.9,0.2692,33768.9,0.2692,95759493.3,25091199.667
1753507314463,05:21:54.463,bybit,ALGO/USDT:USDT,0.2691,37790.3,0.2692,33785.1,0.2692,95759493.3,25091199.667
1753507314564,05:21:54.564,bybit,ALGO/USDT:USDT,0.2691,37790.3,0.2692,33149.8,0.2692,95759493.3,25091199.667
1753507314764,05:21:54.764,bybit,ALGO/USDT:USDT,0.2691,37790.3,0.2692,33859.5,0.2692,95759493.3,25091199.667
1753507314964,05:21:54.964,bybit,ALGO/USDT:USDT,0.2691,37790.3,0.2692,33149.8,0.2692,95759493.3,25091199.667
1753507315264,05:21:55.264,bybit,ALGO/USDT:USDT,0.2691,39691.2,0.2692,33149.8,0.2692,95759493.3,25091199.667
1753507315364,05:21:55.364,bybit,ALGO/USDT:USDT,0.2691,39691.2,0.2692,24149.8,0.2692,95759493.3,25091199.667
1753507315464,05:21:55.464,bybit,ALGO/USDT:USDT,0.2691,39691.2,0.2692,24150.8,0.2692,95759493.3,25091199.667
1753507315763,05:21:55.763,bybit,ALGO/USDT:USDT,0.2691,39691.2,0.2692,31150.8,0.2692,95759493.3,25091199.667
1753507315864,05:21:55.864,bybit,ALGO/USDT:USDT,0.2691,39692.2,0.2692,31150.8,0.2692,95759493.3,25091199.667
1753507315963,05:21:55.963,bybit,ALGO/USDT:USDT,0.2691,39692.2,0.2692,24150.8,0.2692,95759493.3,25091199.667
1753507316464,05:21:56.464,bybit,ALGO/USDT:USDT,0.2691,39693.0,0.2692,24150.8,0.2692,95759493.3,25091199.667
1753507316564,05:21:56.564,bybit,ALGO/USDT:USDT,0.2691,32472.2,0.2692,24786.1,0.2692,95759493.3,25091199.667
1753507316664,05:21:56.664,bybit,ALGO/USDT:USDT,0.2691,32472.2,0.2692,25380.4,0.2692,95759493.3,25091199.667
1753507316764,05:21:56.764,bybit,ALGO/USDT:USDT,0.2691,32472.2,0.2692,41786.1,0.2692,95759493.3,25091199.667
1753507316864,05:21:56.864,bybit,ALGO/USDT:USDT,0.2691,32472.2,0.2692,42380.4,0.2692,95759493.3,25091199.667
1753507316964,05:21:56.964,bybit,ALGO/USDT:USDT,0.2691,32472.2,0.2692,41786.1,0.2692,95759493.3,25091199.667
1753507317063,05:21:57.063,bybit,ALGO/USDT:USDT,0.2691,32472.2,0.2692,42380.4,0.2692,95759493.3,25091199.667
1753507317163,05:21:57.163,bybit,ALGO/USDT:USDT,0.2691,32472.2,0.2692,41841.6,0.2692,95759493.3,25091199.667
1753507317264,05:21:57.264,bybit,ALGO/USDT:USDT,0.2691,32472.2,0.2692,42435.9,0.2692,95759493.3,25091199.667
1753507317363,05:21:57.363,bybit,ALGO/USDT:USDT,0.2691,32472.2,0.2692,25510.3,0.2692,95759493.3,25091199.667
1753507317464,05:21:57.464,bybit,ALGO/USDT:USDT,0.2691,32472.2,0.2692,24841.6,0.2692,95759493.3,25091199.667
1753507317564,05:21:57.564,bybit,ALGO/USDT:USDT,0.2691,32472.2,0.2692,24206.3,0.2692,95759493.3,25091199.667
1753507317764,05:21:57.764,bybit,ALGO/USDT:USDT,0.2691,32472.2,0.2692,35841.7,0.2692,95759493.3,25091199.667
1753507318064,05:21:58.064,bybit,ALGO/USDT:USDT,0.2691,32472.2,0.2692,24841.7,0.2692,95759493.3,25091199.667
1753507318164,05:21:58.164,bybit,ALGO/USDT:USDT,0.2691,32472.2,0.2692,24919.5,0.2692,95759493.3,25091199.667
1753507318263,05:21:58.263,bybit,ALGO/USDT:USDT,0.2691,32472.2,0.2692,24209.8,0.2692,95759493.3,25091199.667
1753507318564,05:21:58.564,bybit,ALGO/USDT:USDT,0.2691,32472.2,0.2692,25439.4,0.2692,95759493.3,25091199.667
1753507318764,05:21:58.764,bybit,ALGO/USDT:USDT,0.2691,32472.2,0.2692,32439.4,0.2692,95759493.3,25091199.667
1753507318864,05:21:58.864,bybit,ALGO/USDT:USDT,0.2691,32472.2,0.2692,32513.8,0.2692,95759493.3,25091199.667
1753507319364,05:21:59.364,bybit,ALGO/USDT:USDT,0.2691,32472.2,0.2692,32750.4,0.2692,95759493.3,25091199.667
1753507319763,05:21:59.763,bybit,ALGO/USDT:USDT,0.2691,32472.2,0.2692,32081.7,0.2692,95759493.3,25091199.667
1753507319864,05:21:59.864,bybit,ALGO/USDT:USDT,0.2691,32472.2,0.2692,32676.0,0.2692,95759493.3,25091199.667
1753507319964,05:21:59.964,bybit,ALGO/USDT:USDT,0.2691,32472.2,0.2692,32750.4,0.2692,95759493.3,25091199.667
1753507320163,05:22:00.163,bybit,ALGO/USDT:USDT,0.2691,32472.2,0.2692,25750.4,0.2692,95759493.3,25091199.667
1753507320364,05:22:00.364,bybit,ALGO/USDT:USDT,0.2691,32472.2,0.2692,25747.7,0.2692,95759493.3,25091199.667
1753507320464,05:22:00.464,bybit,ALGO/USDT:USDT,0.2691,32472.2,0.2692,25822.1,0.2692,95759493.3,25091199.667
1753507320564,05:22:00.564,bybit,ALGO/USDT:USDT,0.2691,32472.2,0.2692,9783.0,0.2692,95759493.3,25091199.667
1753507320663,05:22:00.663,bybit,ALGO/USDT:USDT,0.2691,39536.7,0.2692,9783.0,0.2692,95759493.3,25091199.667
1753507320763,05:22:00.763,bybit,ALGO/USDT:USDT,0.2691,56536.7,0.2692,13174.1,0.2692,95759493.3,25091199.667
1753507320864,05:22:00.864,bybit,ALGO/USDT:USDT,0.2691,59634.9,0.2692,8983.0,0.2692,95759493.3,25091199.667
1753507320964,05:22:00.964,bybit,ALGO/USDT:USDT,0.2691,59658.2,0.2692,8983.0,0.2692,95759493.3,25091199.667
1753507321063,05:22:01.063,bybit,ALGO/USDT:USDT,0.2691,59634.9,0.2692,8983.0,0.2692,95759493.3,25091199.667
1753507321163,05:22:01.163,bybit,ALGO/USDT:USDT,0.2691,59658.2,0.2692,8983.0,0.2692,95759493.3,25091199.667
1753507321264,05:22:01.264,bybit,ALGO/USDT:USDT,0.2691,59634.9,0.2692,8983.0,0.2692,95759493.3,25091199.667
1753507321364,05:22:01.364,bybit,ALGO/USDT:USDT,0.2691,59658.2,0.2692,8983.0,0.2692,95759493.3,25091199.667
1753507321863,05:22:01.863,bybit,ALGO/USDT:USDT,0.2691,56560.0,0.2692,8927.5,0.2692,95759493.3,25091199.667
1753507321963,05:22:01.963,bybit,ALGO/USDT:USDT,0.2691,56560.0,0.2692,340.9,0.2692,95759493.3,25091199.667
1753507322063,05:22:02.063,bybit,ALGO/USDT:USDT,0.2691,60568.4,0.2692,340.9,0.2692,95759493.3,25091199.667
1753507322464,05:22:02.464,bybit,ALGO/USDT:USDT,0.2691,60568.4,0.2692,359.8,0.2692,95759493.3,25091199.667
1753507323064,05:22:03.064,bybit,ALGO/USDT:USDT,0.2691,57470.2,0.2692,359.8,0.2692,95759493.3,25091199.667
1753507323263,05:22:03.263,bybit,ALGO/USDT:USDT,0.2691,56727.2,0.2692,359.8,0.2692,95759493.3,25091199.667
1753507323463,05:22:03.463,bybit,ALGO/USDT:USDT,0.2691,57470.2,0.2692,359.8,0.2692,95759493.3,25091199.667
1753507324063,05:22:04.063,bybit,ALGO/USDT:USDT,0.2691,57546.1,0.2692,359.8,0.2692,95759493.3,25091199.667
1753507324964,05:22:04.964,bybit,ALGO/USDT:USDT,0.2692,76500.6,0.2693,76215.2,0.2692,95759853.1,25091296.5252
1753507325264,05:22:05.264,bybit,ALGO/USDT:USDT,0.2692,65877.5,0.2693,76850.5,0.2692,95759853.1,25091296.5252
1753507325364,05:22:05.364,bybit,ALGO/USDT:USDT,0.2692,65877.5,0.2693,76215.2,0.2692,95759853.1,25091296.5252
1753507325564,05:22:05.564,bybit,ALGO/USDT:USDT,0.2692,65877.5,0.2693,65980.8,0.2692,95759853.1,25091296.5252
1753507326664,05:22:06.664,bybit,ALGO/USDT:USDT,0.2692,65877.5,0.2693,47148.1,0.2692,95759853.1,25091296.5252
1753507326964,05:22:06.964,bybit,ALGO/USDT:USDT,0.2692,66157.5,0.2693,47148.1,0.2692,95759853.1,25091296.5252
1753507327464,05:22:07.464,bybit,ALGO/USDT:USDT,0.2692,66157.5,0.2693,39181.2,0.2692,95759853.1,25091296.5252
1753507327563,05:22:07.563,bybit,ALGO/USDT:USDT,0.2692,66157.5,0.2693,23646.1,0.2692,95759853.1,25091296.5252
1753507327763,05:22:07.763,bybit,ALGO/USDT:USDT,0.2692,66180.8,0.2693,23646.1,0.2692,95759853.1,25091296.5252
1753507327864,05:22:07.864,bybit,ALGO/USDT:USDT,0.2692,66180.8,0.2693,16425.3,0.2692,95759853.1,25091296.5252
1753507327963,05:22:07.963,bybit,ALGO/USDT:USDT,0.2692,66180.8,0.2693,5522.4,0.2692,95759853.1,25091296.5252
1753507328164,05:22:08.164,bybit,ALGO/USDT:USDT,0.2692,66180.8,0.2693,1365.2,0.2692,95759853.1,25091296.5252
1753507328364,05:22:08.364,bybit,ALGO/USDT:USDT,0.2692,66180.8,0.2693,1365.2,0.2692,95759853.1,25091296.5252
1753507328764,05:22:08.764,bybit,ALGO/USDT:USDT,0.2692,66348.0,0.2693,1365.2,0.2692,95759853.1,25091296.5252
1753507329964,05:22:09.964,bybit,ALGO/USDT:USDT,0.2692,66719.4,0.2693,1365.2,0.2692,95759853.1,25091296.5252
1753507330163,05:22:10.163,bybit,ALGO/USDT:USDT,0.2693,91418.0,0.2694,54486.0,0.2693,95761272.7,25091678.8235
1753507330264,05:22:10.264,bybit,ALGO/USDT:USDT,0.2693,91808.4,0.2694,53055.8,0.2693,95761272.7,25091678.8235
1753507330364,05:22:10.364,bybit,ALGO/USDT:USDT,0.2693,91437.2,0.2694,53055.8,0.2693,95761272.7,25091678.8235
1753507330464,05:22:10.464,bybit,ALGO/USDT:USDT,0.2693,91460.5,0.2694,41813.2,0.2693,95761272.7,25091678.8235
1753507330664,05:22:10.664,bybit,ALGO/USDT:USDT,0.2693,91460.5,0.2694,26273.4,0.2693,95761272.7,25091678.8235
1753507330763,05:22:10.763,bybit,ALGO/USDT:USDT,0.2693,91460.5,0.2694,26273.4,0.2693,95761272.7,25091678.8235
1753507330964,05:22:10.964,bybit,ALGO/USDT:USDT,0.2693,91460.5,0.2694,27503.0,0.2693,95761272.7,25091678.8235
1753507331064,05:22:11.064,bybit,ALGO/USDT:USDT,0.2693,91460.5,0.2694,34723.3,0.2693,95761272.7,25091678.8235
1753507331164,05:22:11.164,bybit,ALGO/USDT:USDT,0.2693,91460.5,0.2694,34088.0,0.2693,95761272.7,25091678.8235
1753507331264,05:22:11.264,bybit,ALGO/USDT:USDT,0.2693,91740.5,0.2694,33493.7,0.2693,95761272.7,25091678.8235
1753507331364,05:22:11.364,bybit,ALGO/USDT:USDT,0.2693,91740.5,0.2694,33493.7,0.2693,95761272.7,25091678.8235
1753507331464,05:22:11.464,bybit,ALGO/USDT:USDT,0.2693,91740.5,0.2694,24606.2,0.2693,95761272.7,25091678.8235
1753507331664,05:22:11.664,bybit,ALGO/USDT:USDT,0.2693,74740.5,0.2694,43976.6,0.2693,95761272.7,25091678.8235
1753507331764,05:22:11.764,bybit,ALGO/USDT:USDT,0.2693,74718.5,0.2694,47154.5,0.2693,95761272.7,25091678.8235
1753507331864,05:22:11.864,bybit,ALGO/USDT:USDT,0.2693,74718.5,0.2694,47080.2,0.2693,95761272.7,25091678.8235
1753507331964,05:22:11.964,bybit,ALGO/USDT:USDT,0.2693,74718.5,0.2694,43976.6,0.2693,95761272.7,25091678.8235
1753507332064,05:22:12.064,bybit,ALGO/USDT:USDT,0.2693,74718.5,0.2694,48135.2,0.2693,95761272.7,25091678.8235
1753507332163,05:22:12.163,bybit,ALGO/USDT:USDT,0.2693,74718.5,0.2694,47499.9,0.2693,95761272.7,25091678.8235
1753507332263,05:22:12.263,bybit,ALGO/USDT:USDT,0.2693,74718.5,0.2694,47499.9,0.2693,95761272.7,25091678.8235
1753507332464,05:22:12.464,bybit,ALGO/USDT:USDT,0.2693,74718.5,0.2694,32360.7,0.2693,95761272.7,25091678.8235
1753507332864,05:22:12.864,bybit,ALGO/USDT:USDT,0.2693,74718.5,0.2694,31131.1,0.2693,95761272.7,25091678.8235
1753507333164,05:22:13.164,bybit,ALGO/USDT:USDT,0.2693,74718.5,0.2694,27546.1,0.2694,95764857.7,25092644.6225
1753507333270,05:22:13.270,bybit,ALGO/USDT:USDT,0.2693,74730.3,0.2694,28346.1,0.2694,95764857.7,25092644.6225
1753507333564,05:22:13.564,bybit,ALGO/USDT:USDT,0.2693,74730.3,0.2694,36346.1,0.2694,95764857.7,25092644.6225
1753507333964,05:22:13.964,bybit,ALGO/USDT:USDT,0.2693,74730.3,0.2694,36940.4,0.2694,95764857.7,25092644.6225
1753507334063,05:22:14.063,bybit,ALGO/USDT:USDT,0.2693,74730.3,0.2694,37575.7,0.2694,95764857.7,25092644.6225
1753507334263,05:22:14.263,bybit,ALGO/USDT:USDT,0.2693,74730.3,0.2694,36346.1,0.2694,95764857.7,25092644.6225
1753507334364,05:22:14.364,bybit,ALGO/USDT:USDT,0.2693,74730.3,0.2694,36940.4,0.2694,95764857.7,25092644.6225
1753507334664,05:22:14.664,bybit,ALGO/USDT:USDT,0.2693,74730.3,0.2694,37575.7,0.2694,95764857.7,25092644.6225
1753507334864,05:22:14.864,bybit,ALGO/USDT:USDT,0.2693,74730.3,0.2694,37576.9,0.2694,95764857.7,25092644.6225
1753507335163,05:22:15.163,bybit,ALGO/USDT:USDT,0.2693,74753.6,0.2694,28941.6,0.2694,95764857.7,25092644.6225
1753507335464,05:22:15.464,bybit,ALGO/USDT:USDT,0.2693,74753.6,0.2694,25192.6,0.2694,95764857.7,25092644.6225
1753507335563,05:22:15.563,bybit,ALGO/USDT:USDT,0.2693,74775.3,0.2694,25786.9,0.2694,95764857.7,25092644.6225
1753507335664,05:22:15.664,bybit,ALGO/USDT:USDT,0.2693,74752.0,0.2694,27595.3,0.2694,95764857.7,25092644.6225
1753507335763,05:22:15.763,bybit,ALGO/USDT:USDT,0.2693,74752.0,0.2694,26365.7,0.2694,95764857.7,25092644.6225
1753507336164,05:22:16.164,bybit,ALGO/USDT:USDT,0.2693,74775.3,0.2694,26365.7,0.2694,95764857.7,25092644.6225
1753507336264,05:22:16.264,bybit,ALGO/USDT:USDT,0.2693,74752.0,0.2694,26365.7,0.2694,95764857.7,25092644.6225
1753507336464,05:22:16.464,bybit,ALGO/USDT:USDT,0.2693,74752.0,0.2694,26960.0,0.2694,95764857.7,25092644.6225
1753507336564,05:22:16.564,bybit,ALGO/USDT:USDT,0.2693,74752.0,0.2694,41595.3,0.2694,95764857.7,25092644.6225
1753507336663,05:22:16.663,bybit,ALGO/USDT:USDT,0.2693,74752.0,0.2694,40960.0,0.2694,95764857.7,25092644.6225
1753507336763,05:22:16.763,bybit,ALGO/USDT:USDT,0.2693,74752.0,0.2694,41595.3,0.2694,95764857.7,25092644.6225
1753507336864,05:22:16.864,bybit,ALGO/USDT:USDT,0.2693,74752.0,0.2694,40960.0,0.2694,95764857.7,25092644.6225
1753507337063,05:22:17.063,bybit,ALGO/USDT:USDT,0.2693,74752.0,0.2694,29786.9,0.2694,95764857.7,25092644.6225
1753507337164,05:22:17.164,bybit,ALGO/USDT:USDT,0.2693,74752.0,0.2694,30422.2,0.2694,95764857.7,25092644.6225
1753507337264,05:22:17.264,bybit,ALGO/USDT:USDT,0.2693,74752.0,0.2694,29786.9,0.2694,95764857.7,25092644.6225
1753507337364,05:22:17.364,bybit,ALGO/USDT:USDT,0.2693,74752.0,0.2694,29192.6,0.2694,95764857.7,25092644.6225
1753507337564,05:22:17.564,bybit,ALGO/USDT:USDT,0.2693,75098.3,0.2694,29192.6,0.2694,95764857.7,25092644.6225
1753507337663,05:22:17.663,bybit,ALGO/USDT:USDT,0.2693,75080.1,0.2694,29192.6,0.2694,95764857.7,25092644.6225
1753507337963,05:22:17.963,bybit,ALGO/USDT:USDT,0.2693,75080.1,0.2694,29191.4,0.2694,95764857.7,25092644.6225
1753507338063,05:22:18.063,bybit,ALGO/USDT:USDT,0.2693,75080.1,0.2694,25191.4,0.2694,95764857.7,25092644.6225
1753507338464,05:22:18.464,bybit,ALGO/USDT:USDT,0.2693,75080.1,0.2694,26036.4,0.2694,95764857.7,25092644.6225
1753507338564,05:22:18.564,bybit,ALGO/USDT:USDT,0.2693,75080.1,0.2694,38575.7,0.2694,95764857.7,25092644.6225
1753507338863,05:22:18.863,bybit,ALGO/USDT:USDT,0.2693,75080.1,0.2694,25575.7,0.2694,95764857.7,25092644.6225
1753507338964,05:22:18.964,bybit,ALGO/USDT:USDT,0.2693,75080.1,0.2694,26051.8,0.2694,95764857.7,25092644.6225
1753507339063,05:22:19.063,bybit,ALGO/USDT:USDT,0.2693,75080.1,0.2694,26687.1,0.2694,95764857.7,25092644.6225
1753507339163,05:22:19.163,bybit,ALGO/USDT:USDT,0.2693,75103.4,0.2694,26687.1,0.2694,95764857.7,25092644.6225
1753507339263,05:22:19.263,bybit,ALGO/USDT:USDT,0.2693,75080.1,0.2694,24981.4,0.2694,95764857.7,25092644.6225
1753507339364,05:22:19.364,bybit,ALGO/USDT:USDT,0.2693,75080.1,0.2694,25204.3,0.2694,95764857.7,25092644.6225
1753507339464,05:22:19.464,bybit,ALGO/USDT:USDT,0.2693,75103.4,0.2694,28149.8,0.2694,95764857.7,25092644.6225
1753507339563,05:22:19.563,bybit,ALGO/USDT:USDT,0.2693,75080.1,0.2694,37149.8,0.2694,95764857.7,25092644.6225
1753507339963,05:22:19.963,bybit,ALGO/USDT:USDT,0.2693,75080.1,0.2694,27305.0,0.2694,95764857.7,25092644.6225
1753507340264,05:22:20.264,bybit,ALGO/USDT:USDT,0.2693,75080.1,0.2694,25204.3,0.2694,95764857.7,25092644.6225
1753507340364,05:22:20.364,bybit,ALGO/USDT:USDT,0.2693,75080.1,0.2694,25204.3,0.2694,95764857.7,25092644.6225
1753507340464,05:22:20.464,bybit,ALGO/USDT:USDT,0.2693,75080.1,0.2694,25798.6,0.2694,95764857.7,25092644.6225
1753507340564,05:22:20.564,bybit,ALGO/USDT:USDT,0.2693,75080.1,0.2694,33433.9,0.2694,95764857.7,25092644.6225
1753507340764,05:22:20.764,bybit,ALGO/USDT:USDT,0.2693,75080.1,0.2694,32204.3,0.2694,95764857.7,25092644.6225
1753507340964,05:22:20.964,bybit,ALGO/USDT:USDT,0.2693,75080.1,0.2694,33433.9,0.2694,95764857.7,25092644.6225
1753507341464,05:22:21.464,bybit,ALGO/USDT:USDT,0.2693,75080.1,0.2694,32798.6,0.2694,95764857.7,25092644.6225
1753507341764,05:22:21.764,bybit,ALGO/USDT:USDT,0.2693,75080.1,0.2694,32204.3,0.2694,95764857.7,25092644.6225
1753507341864,05:22:21.864,bybit,ALGO/USDT:USDT,0.2693,75080.1,0.2694,25204.3,0.2694,95764857.7,25092644.6225
1753507342164,05:22:22.164,bybit,ALGO/USDT:USDT,0.2693,75103.4,0.2694,25204.3,0.2694,95764857.7,25092644.6225
1753507342564,05:22:22.564,bybit,ALGO/USDT:USDT,0.2693,75080.1,0.2694,25798.6,0.2694,95764857.7,25092644.6225
1753507342664,05:22:22.664,bybit,ALGO/USDT:USDT,0.2693,75103.4,0.2694,25798.6,0.2694,95764857.7,25092644.6225
1753507342764,05:22:22.764,bybit,ALGO/USDT:USDT,0.2693,75103.4,0.2694,25204.3,0.2694,95764857.7,25092644.6225
1753507342863,05:22:22.863,bybit,ALGO/USDT:USDT,0.2693,75103.4,0.2694,17212.7,0.2694,95764857.7,25092644.6225
1753507342963,05:22:22.963,bybit,ALGO/USDT:USDT,0.2693,75103.4,0.2694,8811.0,0.2694,95764857.7,25092644.6225
1753507343064,05:22:23.064,bybit,ALGO/USDT:USDT,0.2693,75103.4,0.2694,4652.4,0.2694,95764857.7,25092644.6225
1753507343464,05:22:23.464,bybit,ALGO/USDT:USDT,0.2693,92108.4,0.2694,4652.4,0.2694,95764857.7,25092644.6225
1753507343564,05:22:23.564,bybit,ALGO/USDT:USDT,0.2694,54641.1,0.2695,78447.6,0.2694,95764857.7,25092644.6225
1753507343663,05:22:23.663,bybit,ALGO/USDT:USDT,0.2694,55441.1,0.2695,58063.2,0.2694,95764857.7,25092644.6225
1753507343763,05:22:23.763,bybit,ALGO/USDT:USDT,0.2694,55441.1,0.2695,72798.3,0.2694,95764857.7,25092644.6225
1753507344064,05:22:24.064,bybit,ALGO/USDT:USDT,0.2694,55441.1,0.2695,74129.7,0.2694,95764857.7,25092644.6225
1753507344164,05:22:24.164,bybit,ALGO/USDT:USDT,0.2693,43870.2,0.2694,21814.3,0.2694,95764857.7,25092644.6225
1753507344264,05:22:24.264,bybit,ALGO/USDT:USDT,0.2693,39539.6,0.2694,12986.0,0.2694,95764857.7,25092644.6225
1753507344364,05:22:24.364,bybit,ALGO/USDT:USDT,0.2693,40437.1,0.2694,27721.1,0.2694,95764857.7,25092644.6225
1753507344464,05:22:24.464,bybit,ALGO/USDT:USDT,0.2693,52413.8,0.2694,27721.1,0.2694,95764857.7,25092644.6225
1753507344664,05:22:24.664,bybit,ALGO/USDT:USDT,0.2693,52413.8,0.2694,22614.3,0.2694,95764857.7,25092644.6225
1753507344864,05:22:24.864,bybit,ALGO/USDT:USDT,0.2693,52437.1,0.2694,22614.3,0.2694,95764857.7,25092644.6225
1753507344964,05:22:24.964,bybit,ALGO/USDT:USDT,0.2693,40437.1,0.2694,22614.3,0.2694,95764857.7,25092644.6225
1753507345063,05:22:25.063,bybit,ALGO/USDT:USDT,0.2693,40413.8,0.2694,22614.3,0.2694,95764857.7,25092644.6225
1753507345164,05:22:25.164,bybit,ALGO/USDT:USDT,0.2693,40437.1,0.2694,22614.3,0.2694,95764857.7,25092644.6225
1753507345264,05:22:25.264,bybit,ALGO/USDT:USDT,0.2693,40413.8,0.2694,9076.9,0.2694,95764857.7,25092644.6225
1753507345364,05:22:25.364,bybit,ALGO/USDT:USDT,0.2693,40437.1,0.2694,9076.9,0.2694,95764857.7,25092644.6225
1753507345463,05:22:25.463,bybit,ALGO/USDT:USDT,0.2693,52413.8,0.2694,7879.2,0.2694,95764857.7,25092644.6225
1753507345563,05:22:25.563,bybit,ALGO/USDT:USDT,0.2693,52437.1,0.2694,7879.2,0.2694,95764857.7,25092644.6225
1753507345663,05:22:25.663,bybit,ALGO/USDT:USDT,0.2693,40437.1,0.2694,7879.2,0.2694,95764857.7,25092644.6225
1753507345763,05:22:25.763,bybit,ALGO/USDT:USDT,0.2693,40437.1,0.2694,10086.8,0.2694,95764857.7,25092644.6225
1753507345864,05:22:25.864,bybit,ALGO/USDT:USDT,0.2693,40437.1,0.2694,10722.1,0.2694,95764857.7,25092644.6225
1753507345964,05:22:25.964,bybit,ALGO/USDT:USDT,0.2693,40437.1,0.2694,10086.8,0.2694,95764857.7,25092644.6225
1753507346264,05:22:26.264,bybit,ALGO/USDT:USDT,0.2693,40437.1,0.2694,10099.4,0.2694,95764857.7,25092644.6225
1753507346464,05:22:26.464,bybit,ALGO/USDT:USDT,0.2693,45413.8,0.2694,17099.4,0.2694,95764857.7,25092644.6225
1753507346564,05:22:26.564,bybit,ALGO/USDT:USDT,0.2693,45439.8,0.2694,17099.4,0.2694,95764857.7,25092644.6225
1753507346963,05:22:26.963,bybit,ALGO/USDT:USDT,0.2693,45445.3,0.2694,17099.4,0.2694,95764857.7,25092644.6225
1753507347164,05:22:27.164,bybit,ALGO/USDT:USDT,0.2693,40445.3,0.2694,17734.7,0.2694,95764857.7,25092644.6225
1753507347264,05:22:27.264,bybit,ALGO/USDT:USDT,0.2693,40422.0,0.2694,17734.7,0.2694,95764857.7,25092644.6225
1753507347364,05:22:27.364,bybit,ALGO/USDT:USDT,0.2693,40422.0,0.2694,18329.0,0.2694,95764857.7,25092644.6225
1753507347464,05:22:27.464,bybit,ALGO/USDT:USDT,0.2693,44422.0,0.2694,17734.7,0.2694,95764857.7,25092644.6225
1753507347564,05:22:27.564,bybit,ALGO/USDT:USDT,0.2693,44421.1,0.2694,8905.3,0.2694,95764857.7,25092644.6225
1753507347664,05:22:27.664,bybit,ALGO/USDT:USDT,0.2693,44444.4,0.2694,8905.3,0.2694,95764857.7,25092644.6225
1753507347864,05:22:27.864,bybit,ALGO/USDT:USDT,0.2693,40444.4,0.2694,8905.3,0.2694,95764857.7,25092644.6225
1753507348264,05:22:28.264,bybit,ALGO/USDT:USDT,0.2693,40421.1,0.2694,8905.4,0.2694,95764857.7,25092644.6225
1753507348364,05:22:28.364,bybit,ALGO/USDT:USDT,0.2693,40444.4,0.2694,8905.4,0.2694,95764857.7,25092644.6225
1753507348464,05:22:28.464,bybit,ALGO/USDT:USDT,0.2693,40421.1,0.2694,22905.4,0.2694,95764857.7,25092644.6225
1753507348664,05:22:28.664,bybit,ALGO/USDT:USDT,0.2693,40701.1,0.2694,22905.4,0.2694,95764857.7,25092644.6225
1753507348964,05:22:28.964,bybit,ALGO/USDT:USDT,0.2693,40697.7,0.2694,38275.8,0.2694,95764857.7,25092644.6225
1753507349464,05:22:29.464,bybit,ALGO/USDT:USDT,0.2693,40662.9,0.2694,38983.0,0.2694,95764857.7,25092644.6225
1753507349664,05:22:29.664,bybit,ALGO/USDT:USDT,0.2693,40673.4,0.2694,38983.0,0.2694,95764857.7,25092644.6225
1753507349964,05:22:29.964,bybit,ALGO/USDT:USDT,0.2693,40673.4,0.2694,24388.7,0.2694,95764857.7,25092644.6225
1753507350163,05:22:30.163,bybit,ALGO/USDT:USDT,0.2693,40673.4,0.2694,24983.0,0.2694,95764857.7,25092644.6225
1753507350363,05:22:30.363,bybit,ALGO/USDT:USDT,0.2693,40665.2,0.2694,24983.0,0.2694,95764857.7,25092644.6225
1753507350464,05:22:30.464,bybit,ALGO/USDT:USDT,0.2693,40665.2,0.2694,41983.0,0.2694,95764857.7,25092644.6225
1753507352063,05:22:32.063,bybit,ALGO/USDT:USDT,0.2693,40663.1,0.2694,41983.0,0.2694,95764857.7,25092644.6225
1753507352564,05:22:32.564,bybit,ALGO/USDT:USDT,0.2693,40663.1,0.2694,41982.9,0.2694,95764857.7,25092644.6225
1753507353364,05:22:33.364,bybit,ALGO/USDT:USDT,0.2693,50663.1,0.2694,24982.9,0.2694,95764857.7,25092644.6225
1753507353463,05:22:33.463,bybit,ALGO/USDT:USDT,0.2693,50686.4,0.2694,8004.7,0.2694,95764857.7,25092644.6225
1753507353564,05:22:33.564,bybit,ALGO/USDT:USDT,0.2693,50663.1,0.2694,11163.5,0.2694,95764857.7,25092644.6225
1753507353664,05:22:33.664,bybit,ALGO/USDT:USDT,0.2693,50663.1,0.2694,8004.7,0.2694,95764857.7,25092644.6225
1753507353764,05:22:33.764,bybit,ALGO/USDT:USDT,0.2693,50686.4,0.2694,8004.7,0.2694,95764857.7,25092644.6225
1753507354263,05:22:34.263,bybit,ALGO/USDT:USDT,0.2693,50686.4,0.2694,8004.7,0.2694,95755055.5,25090116.0656
1753507355364,05:22:35.364,bybit,ALGO/USDT:USDT,0.2693,50686.4,0.2694,7204.7,0.2694,95755055.5,25090116.0656
1753507355463,05:22:35.463,bybit,ALGO/USDT:USDT,0.2693,15966.6,0.2694,34235.5,0.2694,95755055.5,25090116.0656
1753507355563,05:22:35.563,bybit,ALGO/USDT:USDT,0.2693,15966.6,0.2694,35720.5,0.2694,95755055.5,25090116.0656
1753507355664,05:22:35.664,bybit,ALGO/USDT:USDT,0.2693,15966.6,0.2694,36463.0,0.2694,95755055.5,25090116.0656
1753507355964,05:22:35.964,bybit,ALGO/USDT:USDT,0.2693,1231.5,0.2694,36463.0,0.2694,95755055.5,25090116.0656
1753507356064,05:22:36.064,bybit,ALGO/USDT:USDT,0.2693,1231.5,0.2694,36538.9,0.2694,95755055.5,25090116.0656
1753507356164,05:22:36.164,bybit,ALGO/USDT:USDT,0.2693,18080.5,0.2694,36538.9,0.2694,95755055.5,25090116.0656
1753507356263,05:22:36.263,bybit,ALGO/USDT:USDT,0.2693,18080.5,0.2694,35796.4,0.2694,95755055.5,25090116.0656
1753507356364,05:22:36.364,bybit,ALGO/USDT:USDT,0.2693,18081.0,0.2694,52796.4,0.2694,95755055.5,25090116.0656
1753507356464,05:22:36.464,bybit,ALGO/USDT:USDT,0.2693,18081.0,0.2694,53904.8,0.2694,95755055.5,25090116.0656
1753507356564,05:22:36.564,bybit,ALGO/USDT:USDT,0.2693,18081.0,0.2694,53162.3,0.2694,95755055.5,25090116.0656
1753507356964,05:22:36.964,bybit,ALGO/USDT:USDT,0.2693,18081.0,0.2694,53904.8,0.2694,95755055.5,25090116.0656
1753507357063,05:22:37.063,bybit,ALGO/USDT:USDT,0.2693,18081.0,0.2694,53162.3,0.2694,95755055.5,25090116.0656
1753507357164,05:22:37.164,bybit,ALGO/USDT:USDT,0.2693,18081.0,0.2694,53086.4,0.2694,95755055.5,25090116.0656
1753507357564,05:22:37.564,bybit,ALGO/USDT:USDT,0.2693,18081.0,0.2694,35497.8,0.2694,95755055.5,25090116.0656
1753507357664,05:22:37.664,bybit,ALGO/USDT:USDT,0.2693,18081.0,0.2694,35130.9,0.2694,95755055.5,25090116.0656
1753507357763,05:22:37.763,bybit,ALGO/USDT:USDT,0.2693,18081.0,0.2694,31130.9,0.2694,95755055.5,25090116.0656
1753507358064,05:22:38.064,bybit,ALGO/USDT:USDT,0.2693,18081.0,0.2694,30536.6,0.2694,95755055.5,25090116.0656
1753507358164,05:22:38.164,bybit,ALGO/USDT:USDT,0.2693,18081.0,0.2694,31130.9,0.2694,95755055.5,25090116.0656
1753507358364,05:22:38.364,bybit,ALGO/USDT:USDT,0.2693,33081.0,0.2694,30536.6,0.2694,95755055.5,25090116.0656
1753507358463,05:22:38.463,bybit,ALGO/USDT:USDT,0.2693,33081.0,0.2694,50030.9,0.2694,95755055.5,25090116.0656
1753507358564,05:22:38.564,bybit,ALGO/USDT:USDT,0.2693,33081.0,0.2694,49436.6,0.2694,95755055.5,25090116.0656
1753507358963,05:22:38.963,bybit,ALGO/USDT:USDT,0.2693,33081.0,0.2694,25484.3,0.2694,95755055.5,25090116.0656
1753507359364,05:22:39.364,bybit,ALGO/USDT:USDT,0.2693,33081.0,0.2694,31484.3,0.2694,95755055.5,25090116.0656
1753507359464,05:22:39.464,bybit,ALGO/USDT:USDT,0.2693,18081.0,0.2694,25224.1,0.2694,95755055.5,25090116.0656
1753507359863,05:22:39.863,bybit,ALGO/USDT:USDT,0.2693,18081.0,0.2694,26114.8,0.2694,95755055.5,25090116.0656
1753507359963,05:22:39.963,bybit,ALGO/USDT:USDT,0.2693,18081.0,0.2694,27451.6,0.2694,95755055.5,25090116.0656
1753507360264,05:22:40.264,bybit,ALGO/USDT:USDT,0.2693,18081.0,0.2694,44451.6,0.2694,95755055.5,25090116.0656
1753507360364,05:22:40.364,bybit,ALGO/USDT:USDT,0.2693,18081.0,0.2694,45194.1,0.2694,95755055.5,25090116.0656
1753507360464,05:22:40.464,bybit,ALGO/USDT:USDT,0.2693,34303.1,0.2694,22738.8,0.2694,95755055.5,25090116.0656
1753507360563,05:22:40.563,bybit,ALGO/USDT:USDT,0.2693,34303.1,0.2694,26910.1,0.2694,95755055.5,25090116.0656
1753507361164,05:22:41.164,bybit,ALGO/USDT:USDT,0.2693,34303.1,0.2694,26910.4,0.2694,95755055.5,25090116.0656
1753507361264,05:22:41.264,bybit,ALGO/USDT:USDT,0.2693,53204.2,0.2694,26910.4,0.2694,95755055.5,25090116.0656
1753507361364,05:22:41.364,bybit,ALGO/USDT:USDT,0.2693,53204.2,0.2694,11375.3,0.2694,95755055.5,25090116.0656
1753507361463,05:22:41.463,bybit,ALGO/USDT:USDT,0.2693,53227.5,0.2694,11375.3,0.2694,95755055.5,25090116.0656
1753507361564,05:22:41.564,bybit,ALGO/USDT:USDT,0.2693,53204.2,0.2694,11375.3,0.2694,95755055.5,25090116.0656
1753507361664,05:22:41.664,bybit,ALGO/USDT:USDT,0.2693,53227.5,0.2694,11375.3,0.2694,95755055.5,25090116.0656
1753507361964,05:22:41.964,bybit,ALGO/USDT:USDT,0.2693,53204.2,0.2694,11375.3,0.2694,95755055.5,25090116.0656
1753507362364,05:22:42.364,bybit,ALGO/USDT:USDT,0.2693,53227.5,0.2694,11375.3,0.2694,95755055.5,25090116.0656
1753507362464,05:22:42.464,bybit,ALGO/USDT:USDT,0.2693,53438.3,0.2694,11375.3,0.2694,95755055.5,25090116.0656
1753507362964,05:22:42.964,bybit,ALGO/USDT:USDT,0.2693,53415.0,0.2694,11375.3,0.2694,95755055.5,25090116.0656
1753507363464,05:22:43.464,bybit,ALGO/USDT:USDT,0.2693,53438.3,0.2694,11375.3,0.2694,95755055.5,25090116.0656
1753507363964,05:22:43.964,bybit,ALGO/USDT:USDT,0.2693,53415.0,0.2694,11375.3,0.2694,95755055.5,25090116.0656
1753507364264,05:22:44.264,bybit,ALGO/USDT:USDT,0.2693,53438.3,0.2694,11375.3,0.2694,95755055.5,25090116.0656
1753507364663,05:22:44.663,bybit,ALGO/USDT:USDT,0.2693,53415.0,0.2694,11375.3,0.2694,95755055.5,25090116.0656
1753507364764,05:22:44.764,bybit,ALGO/USDT:USDT,0.2693,53415.0,0.2694,124.8,0.2694,95755055.5,25090116.0656
1753507364863,05:22:44.863,bybit,ALGO/USDT:USDT,0.2693,53531.1,0.2694,124.8,0.2694,95755055.5,25090116.0656
1753507366064,05:22:46.064,bybit,ALGO/USDT:USDT,0.2693,53531.1,0.2694,142.1,0.2694,95755055.5,25090116.0656
1753507366363,05:22:46.363,bybit,ALGO/USDT:USDT,0.2693,53538.8,0.2694,142.1,0.2694,95755055.5,25090116.0656
1753507366564,05:22:46.564,bybit,ALGO/USDT:USDT,0.2693,53538.8,0.2694,151.1,0.2694,95755055.5,25090116.0656
1753507366863,05:22:46.863,bybit,ALGO/USDT:USDT,0.2693,53538.8,0.2694,177.0,0.2694,95755055.5,25090116.0656
1753507367363,05:22:47.363,bybit,ALGO/USDT:USDT,0.2693,53538.8,0.2694,177.0,0.2694,95755055.5,25090116.0656
1753507367963,05:22:47.963,bybit,ALGO/USDT:USDT,0.2693,53543.5,0.2694,177.0,0.2694,95755055.5,25090116.0656
1753507368064,05:22:48.064,bybit,ALGO/USDT:USDT,0.2693,53543.5,0.2694,55.9,0.2694,95755055.5,25090116.0656
1753507368164,05:22:48.164,bybit,ALGO/USDT:USDT,0.2693,53543.5,0.2694,177.4,0.2694,95755055.5,25090116.0656
1753507368263,05:22:48.263,bybit,ALGO/USDT:USDT,0.2693,53543.5,0.2694,177.1,0.2694,95755055.5,25090116.0656
1753507368364,05:22:48.364,bybit,ALGO/USDT:USDT,0.2693,53543.5,0.2694,199.2,0.2694,95755055.5,25090116.0656
1753507368464,05:22:48.464,bybit,ALGO/USDT:USDT,0.2693,36543.5,0.2694,7292.4,0.2694,95755055.5,25090116.0656
1753507368664,05:22:48.664,bybit,ALGO/USDT:USDT,0.2693,30520.6,0.2694,26299.4,0.2694,95755055.5,25090116.0656
1753507369163,05:22:49.163,bybit,ALGO/USDT:USDT,0.2693,35520.6,0.2694,31299.4,0.2694,95755055.5,25090116.0656
1753507369263,05:22:49.263,bybit,ALGO/USDT:USDT,0.2693,30700.4,0.2694,31299.4,0.2694,95755055.5,25090116.0656
1753507369464,05:22:49.464,bybit,ALGO/USDT:USDT,0.2693,30700.6,0.2694,30664.1,0.2694,95755055.5,25090116.0656
1753507369664,05:22:49.664,bybit,ALGO/USDT:USDT,0.2693,30700.6,0.2694,31299.4,0.2694,95755055.5,25090116.0656
1753507370164,05:22:50.164,bybit,ALGO/USDT:USDT,0.2693,30700.6,0.2694,38299.4,0.2694,95755055.5,25090116.0656
1753507370463,05:22:50.463,bybit,ALGO/USDT:USDT,0.2693,30700.6,0.2694,38885.8,0.2694,95755055.5,25090116.0656
1753507370664,05:22:50.664,bybit,ALGO/USDT:USDT,0.2693,30700.6,0.2694,31885.8,0.2694,95755055.5,25090116.0656
1753507371364,05:22:51.364,bybit,ALGO/USDT:USDT,0.2693,30700.6,0.2694,31873.4,0.2694,95755055.5,25090116.0656
1753507371464,05:22:51.464,bybit,ALGO/USDT:USDT,0.2693,30700.6,0.2694,34171.5,0.2694,95755055.5,25090116.0656
1753507372863,05:22:52.863,bybit,ALGO/USDT:USDT,0.2693,30700.6,0.2694,29171.5,0.2694,95755055.5,25090116.0656
1753507372964,05:22:52.964,bybit,ALGO/USDT:USDT,0.2693,30700.6,0.2694,27976.5,0.2694,95755055.5,25090116.0656
1753507373164,05:22:53.164,bybit,ALGO/USDT:USDT,0.2693,38700.6,0.2694,27976.5,0.2694,95755055.5,25090116.0656
1753507373264,05:22:53.264,bybit,ALGO/USDT:USDT,0.2693,30700.6,0.2694,27976.5,0.2694,95755055.5,25090116.0656
1753507373363,05:22:53.363,bybit,ALGO/USDT:USDT,0.2693,30700.6,0.2694,29206.1,0.2694,95755055.5,25090116.0656
1753507373764,05:22:53.764,bybit,ALGO/USDT:USDT,0.2693,29900.6,0.2694,29206.1,0.2694,95755055.5,25090116.0656
1753507373863,05:22:53.863,bybit,ALGO/USDT:USDT,0.2693,19271.8,0.2694,37206.1,0.2693,95756169.0,25090415.9312
1753507373964,05:22:53.964,bybit,ALGO/USDT:USDT,0.2693,19271.8,0.2694,37206.1,0.2693,95756169.0,25090415.9312
1753507374064,05:22:54.064,bybit,ALGO/USDT:USDT,0.2693,19271.8,0.2694,37430.5,0.2693,95756169.0,25090415.9312
1753507374163,05:22:54.163,bybit,ALGO/USDT:USDT,0.2693,26271.8,0.2694,29430.5,0.2693,95756169.0,25090415.9312
1753507374263,05:22:54.263,bybit,ALGO/USDT:USDT,0.2693,26271.8,0.2694,28795.2,0.2693,95756169.0,25090415.9312
1753507374364,05:22:54.364,bybit,ALGO/USDT:USDT,0.2693,26271.8,0.2694,29430.5,0.2693,95756169.0,25090415.9312
1753507374563,05:22:54.563,bybit,ALGO/USDT:USDT,0.2693,26271.8,0.2694,28795.2,0.2693,95756169.0,25090415.9312
1753507374664,05:22:54.664,bybit,ALGO/USDT:USDT,0.2693,26271.8,0.2694,28200.9,0.2693,95756169.0,25090415.9312
1753507374864,05:22:54.864,bybit,ALGO/USDT:USDT,0.2693,26271.8,0.2694,29430.5,0.2693,95756169.0,25090415.9312
1753507375164,05:22:55.164,bybit,ALGO/USDT:USDT,0.2693,26283.6,0.2694,33430.5,0.2693,95756169.0,25090415.9312
1753507375364,05:22:55.364,bybit,ALGO/USDT:USDT,0.2693,26283.6,0.2694,29430.5,0.2693,95756169.0,25090415.9312
1753507375463,05:22:55.463,bybit,ALGO/USDT:USDT,0.2693,26283.6,0.2694,28836.2,0.2693,95756169.0,25090415.9312
1753507375564,05:22:55.564,bybit,ALGO/USDT:USDT,0.2693,26283.6,0.2694,29430.5,0.2693,95756169.0,25090415.9312
1753507375763,05:22:55.763,bybit,ALGO/USDT:USDT,0.2693,26283.6,0.2694,30173.0,0.2693,95756169.0,25090415.9312
1753507376064,05:22:56.064,bybit,ALGO/USDT:USDT,0.2693,26283.6,0.2694,30166.8,0.2693,95756169.0,25090415.9312
1753507376164,05:22:56.164,bybit,ALGO/USDT:USDT,0.2693,32283.6,0.2694,30166.8,0.2693,95756169.0,25090415.9312
1753507376664,05:22:56.664,bybit,ALGO/USDT:USDT,0.2693,32283.6,0.2694,27834.1,0.2693,95756169.0,25090415.9312
1753507377164,05:22:57.164,bybit,ALGO/USDT:USDT,0.2693,33283.6,0.2694,30150.9,0.2693,95756169.0,25090415.9312
1753507378764,05:22:58.764,bybit,ALGO/USDT:USDT,0.2693,33283.6,0.2694,29556.6,0.2693,95756169.0,25090415.9312
1753507378864,05:22:58.864,bybit,ALGO/USDT:USDT,0.2693,33283.6,0.2694,30150.9,0.2693,95756169.0,25090415.9312
1753507379064,05:22:59.064,bybit,ALGO/USDT:USDT,0.2693,36283.6,0.2694,29556.6,0.2693,95756169.0,25090415.9312
1753507379164,05:22:59.164,bybit,ALGO/USDT:USDT,0.2693,36283.6,0.2694,29537.9,0.2693,95756169.0,25090415.9312
1753507379564,05:22:59.564,bybit,ALGO/USDT:USDT,0.2693,33283.6,0.2694,30132.2,0.2693,95756169.0,25090415.9312
1753507379963,05:22:59.963,bybit,ALGO/USDT:USDT,0.2693,26283.6,0.2694,30132.2,0.2693,95756169.0,25090415.9312
1753507380263,05:23:00.263,bybit,ALGO/USDT:USDT,0.2693,26283.6,0.2694,30133.2,0.2693,95756169.0,25090415.9312
1753507380364,05:23:00.364,bybit,ALGO/USDT:USDT,0.2693,26283.6,0.2694,28531.0,0.2693,95756169.0,25090415.9312
1753507380464,05:23:00.464,bybit,ALGO/USDT:USDT,0.2693,34347.5,0.2694,25694.4,0.2693,95756169.0,25090415.9312
1753507380564,05:23:00.564,bybit,ALGO/USDT:USDT,0.2693,34347.5,0.2694,10159.3,0.2693,95756169.0,25090415.9312
1753507381063,05:23:01.063,bybit,ALGO/USDT:USDT,0.2693,53418.9,0.2694,3066.1,0.2693,95756169.0,25090415.9312
1753507381163,05:23:01.163,bybit,ALGO/USDT:USDT,0.2693,53418.9,0.2694,3066.1,0.2693,95756169.0,25090415.9312
1753507381264,05:23:01.264,bybit,ALGO/USDT:USDT,0.2693,53418.9,0.2694,3071.7,0.2693,95756169.0,25090415.9312
1753507381364,05:23:01.364,bybit,ALGO/USDT:USDT,0.2693,53585.9,0.2694,3071.7,0.2693,95756169.0,25090415.9312
1753507381864,05:23:01.864,bybit,ALGO/USDT:USDT,0.2693,50481.1,0.2694,3071.7,0.2693,95756169.0,25090415.9312
1753507383463,05:23:03.463,bybit,ALGO/USDT:USDT,0.2693,50481.1,0.2694,3474.1,0.2693,95756169.0,25090415.9312
1753507384064,05:23:04.064,bybit,ALGO/USDT:USDT,0.2693,50481.1,0.2694,3473.1,0.2693,95756169.0,25090415.9312
1753507384164,05:23:04.164,bybit,ALGO/USDT:USDT,0.2693,50481.1,0.2694,3486.1,0.2693,95756169.0,25090415.9312
1753507384463,05:23:04.463,bybit,ALGO/USDT:USDT,0.2693,50481.1,0.2694,3486.1,0.2693,95756169.0,25090415.9312
1753507384964,05:23:04.964,bybit,ALGO/USDT:USDT,0.2693,50481.1,0.2694,10750.0,0.2693,95756169.0,25090415.9312
1753507385864,05:23:05.864,bybit,ALGO/USDT:USDT,0.2693,50481.1,0.2694,3486.1,0.2693,95756169.0,25090415.9312
1753507387264,05:23:07.264,bybit,ALGO/USDT:USDT,0.2693,50481.1,0.2694,3486.2,0.2693,95756169.0,25090415.9312
1753507388064,05:23:08.064,bybit,ALGO/USDT:USDT,0.2693,50481.1,0.2694,3504.8,0.2693,95756169.0,25090415.9312
1753507388464,05:23:08.464,bybit,ALGO/USDT:USDT,0.2693,50488.0,0.2694,3504.8,0.2693,95756169.0,25090415.9312
1753507388664,05:23:08.664,bybit,ALGO/USDT:USDT,0.2693,50485.8,0.2694,3504.8,0.2693,95756169.0,25090415.9312
1753507388763,05:23:08.763,bybit,ALGO/USDT:USDT,0.2693,44542.5,0.2694,5563.9,0.2693,95756169.0,25090415.9312
1753507389463,05:23:09.463,bybit,ALGO/USDT:USDT,0.2693,44542.5,0.2694,3504.8,0.2693,95756169.0,25090415.9312
1753507390164,05:23:10.164,bybit,ALGO/USDT:USDT,0.2693,44542.5,0.2694,10643.2,0.2693,95756169.0,25090415.9312
1753507390764,05:23:10.764,bybit,ALGO/USDT:USDT,0.2693,44542.5,0.2694,3504.8,0.2693,95756169.0,25090415.9312
1753507391363,05:23:11.363,bybit,ALGO/USDT:USDT,0.2693,44542.5,0.2694,3504.8,0.2693,95756169.0,25090415.9312
1753507391464,05:23:11.464,bybit,ALGO/USDT:USDT,0.2693,44542.5,0.2694,3516.4,0.2693,95756169.0,25090415.9312
1753507392464,05:23:12.464,bybit,ALGO/USDT:USDT,0.2693,27352.2,0.2694,31048.9,0.2693,95756169.0,25090415.9312
1753507392564,05:23:12.564,bybit,ALGO/USDT:USDT,0.2693,27352.2,0.2694,30454.6,0.2693,95756169.0,25090415.9312
1753507392663,05:23:12.663,bybit,ALGO/USDT:USDT,0.2693,27352.2,0.2694,29819.3,0.2693,95756169.0,25090415.9312
1753507392964,05:23:12.964,bybit,ALGO/USDT:USDT,0.2693,39352.2,0.2694,29819.3,0.2693,95756169.0,25090415.9312
1753507393164,05:23:13.164,bybit,ALGO/USDT:USDT,0.2693,27352.2,0.2694,29819.3,0.2693,95756169.0,25090415.9312
1753507393264,05:23:13.264,bybit,ALGO/USDT:USDT,0.2693,27352.2,0.2694,30454.6,0.2693,95756169.0,25090415.9312
1753507393764,05:23:13.764,bybit,ALGO/USDT:USDT,0.2693,27352.2,0.2694,29819.3,0.2693,95756169.0,25090415.9312
1753507393963,05:23:13.963,bybit,ALGO/USDT:USDT,0.2693,37352.2,0.2694,29819.3,0.2693,95756169.0,25090415.9312
1753507394164,05:23:14.164,bybit,ALGO/USDT:USDT,0.2693,37239.4,0.2694,30454.6,0.2693,95756281.8,25090446.3082
1753507394264,05:23:14.264,bybit,ALGO/USDT:USDT,0.2693,27238.5,0.2694,30454.6,0.2693,95756281.8,25090446.3082
1753507394964,05:23:14.964,bybit,ALGO/USDT:USDT,0.2693,34238.5,0.2694,30454.6,0.2693,95756281.8,25090446.3082
1753507395364,05:23:15.364,bybit,ALGO/USDT:USDT,0.2693,34238.5,0.2694,29819.3,0.2693,95756281.8,25090446.3082
1753507395864,05:23:15.864,bybit,ALGO/USDT:USDT,0.2693,44238.5,0.2694,29819.3,0.2693,95756281.8,25090446.3082
1753507395963,05:23:15.963,bybit,ALGO/USDT:USDT,0.2693,44238.5,0.2694,11454.8,0.2693,95756281.8,25090446.3082
1753507396064,05:23:16.064,bybit,ALGO/USDT:USDT,0.2693,44261.8,0.2694,11454.8,0.2693,95756281.8,25090446.3082
1753507396164,05:23:16.164,bybit,ALGO/USDT:USDT,0.2693,44238.5,0.2694,11454.8,0.2693,95756281.8,25090446.3082
1753507396364,05:23:16.364,bybit,ALGO/USDT:USDT,0.2693,44261.8,0.2694,11454.8,0.2693,95756281.8,25090446.3082
1753507396764,05:23:16.764,bybit,ALGO/USDT:USDT,0.2693,44261.8,0.2694,11454.8,0.2693,95756281.8,25090446.3082
1753507397064,05:23:17.064,bybit,ALGO/USDT:USDT,0.2693,44903.4,0.2694,26189.9,0.2693,95756281.8,25090446.3082
1753507397164,05:23:17.164,bybit,ALGO/USDT:USDT,0.2693,44903.4,0.2694,11454.8,0.2693,95756281.8,25090446.3082
1753507397363,05:23:17.363,bybit,ALGO/USDT:USDT,0.2693,44926.7,0.2694,11454.8,0.2693,95756281.8,25090446.3082
1753507397764,05:23:17.764,bybit,ALGO/USDT:USDT,0.2693,44927.4,0.2694,11482.4,0.2693,95756281.8,25090446.3082
1753507397864,05:23:17.864,bybit,ALGO/USDT:USDT,0.2693,54210.7,0.2694,11482.4,0.2693,95756281.8,25090446.3082
1753507398164,05:23:18.164,bybit,ALGO/USDT:USDT,0.2693,63494.0,0.2694,11482.4,0.2693,95756281.8,25090446.3082
1753507398664,05:23:18.664,bybit,ALGO/USDT:USDT,0.2693,74634.0,0.2694,3544.0,0.2693,95756281.8,25090446.3082
1753507399163,05:23:19.163,bybit,ALGO/USDT:USDT,0.2693,74634.0,0.2694,3544.0,0.2693,95700812.1,25076119.7021
1753507399263,05:23:19.263,bybit,ALGO/USDT:USDT,0.2693,74633.2,0.2694,3544.0,0.2693,95700812.1,25076119.7021
1753507399363,05:23:19.363,bybit,ALGO/USDT:USDT,0.2693,74800.2,0.2694,3544.0,0.2693,95700812.1,25076119.7021
1753507400064,05:23:20.064,bybit,ALGO/USDT:USDT,0.2693,74876.1,0.2694,3544.0,0.2693,95700812.1,25076119.7021
1753507400663,05:23:20.663,bybit,ALGO/USDT:USDT,0.2693,76361.0,0.2694,3544.0,0.2693,95700812.1,25076119.7021
1753507400764,05:23:20.764,bybit,ALGO/USDT:USDT,0.2694,82222.4,0.2695,37546.9,0.2694,95704356.1,25077074.4557
1753507400863,05:23:20.863,bybit,ALGO/USDT:USDT,0.2694,81874.6,0.2695,25396.5,0.2694,95704356.1,25077074.4557
1753507400964,05:23:20.964,bybit,ALGO/USDT:USDT,0.2694,66428.9,0.2695,25396.5,0.2694,95705469.2,25077374.3249
1753507401064,05:23:21.064,bybit,ALGO/USDT:USDT,0.2694,75685.5,0.2695,32476.5,0.2694,95705469.2,25077374.3249
1753507401164,05:23:21.164,bybit,ALGO/USDT:USDT,0.2694,75685.5,0.2695,40207.0,0.2694,95705469.2,25077374.3249
1753507401264,05:23:21.264,bybit,ALGO/USDT:USDT,0.2694,75685.5,0.2695,39571.7,0.2694,95705469.2,25077374.3249
1753507401464,05:23:21.464,bybit,ALGO/USDT:USDT,0.2694,75708.8,0.2695,39571.7,0.2694,95705469.2,25077374.3249
1753507401564,05:23:21.564,bybit,ALGO/USDT:USDT,0.2694,85861.0,0.2695,39571.7,0.2694,95705469.2,25077374.3249
1753507401763,05:23:21.763,bybit,ALGO/USDT:USDT,0.2694,97020.2,0.2695,40207.0,0.2694,95705469.2,25077374.3249
1753507401864,05:23:21.864,bybit,ALGO/USDT:USDT,0.2694,96996.9,0.2695,39571.7,0.2694,95705469.2,25077374.3249
1753507401964,05:23:21.964,bybit,ALGO/USDT:USDT,0.2694,97020.2,0.2695,39571.7,0.2694,95705469.2,25077374.3249
1753507402264,05:23:22.264,bybit,ALGO/USDT:USDT,0.2694,97026.4,0.2695,39571.7,0.2694,95705469.2,25077374.3249
1753507402964,05:23:22.964,bybit,ALGO/USDT:USDT,0.2694,97026.4,0.2695,40801.3,0.2694,95705469.2,25077374.3249
1753507403064,05:23:23.064,bybit,ALGO/USDT:USDT,0.2694,97026.4,0.2695,39571.7,0.2694,95705469.2,25077374.3249
1753507403164,05:23:23.164,bybit,ALGO/USDT:USDT,0.2694,97026.4,0.2695,40166.0,0.2694,95705469.2,25077374.3249
1753507403264,05:23:23.264,bybit,ALGO/USDT:USDT,0.2694,97026.4,0.2695,40801.3,0.2694,95705469.2,25077374.3249
1753507403464,05:23:23.464,bybit,ALGO/USDT:USDT,0.2694,97026.4,0.2695,40166.0,0.2694,95705469.2,25077374.3249
1753507403563,05:23:23.563,bybit,ALGO/USDT:USDT,0.2694,97026.4,0.2695,40801.3,0.2694,95705469.2,25077374.3249
1753507403763,05:23:23.763,bybit,ALGO/USDT:USDT,0.2694,97003.1,0.2695,40801.3,0.2694,95705469.2,25077374.3249
1753507404264,05:23:24.264,bybit,ALGO/USDT:USDT,0.2694,97026.4,0.2695,40801.3,0.2694,95705469.2,25077374.3249
1753507404564,05:23:24.564,bybit,ALGO/USDT:USDT,0.2694,97003.1,0.2695,40801.3,0.2694,95705469.2,25077374.3249
1753507404664,05:23:24.664,bybit,ALGO/USDT:USDT,0.2694,97003.1,0.2695,39571.7,0.2694,95705469.2,25077374.3249
1753507404864,05:23:24.864,bybit,ALGO/USDT:USDT,0.2694,97003.1,0.2695,40801.3,0.2694,95705469.2,25077374.3249
1753507404964,05:23:24.964,bybit,ALGO/USDT:USDT,0.2694,97003.1,0.2695,41543.5,0.2694,95705469.2,25077374.3249
1753507405164,05:23:25.164,bybit,ALGO/USDT:USDT,0.2694,84386.5,0.2695,44720.3,0.2694,95705469.2,25077374.3249
1753507405364,05:23:25.364,bybit,ALGO/USDT:USDT,0.2694,84386.5,0.2695,44746.1,0.2694,95705469.2,25077374.3249
1753507405463,05:23:25.463,bybit,ALGO/USDT:USDT,0.2694,77306.5,0.2695,44746.1,0.2694,95705469.2,25077374.3249
1753507405564,05:23:25.564,bybit,ALGO/USDT:USDT,0.2694,77306.5,0.2695,47343.9,0.2694,95705469.2,25077374.3249
1753507405663,05:23:25.663,bybit,ALGO/USDT:USDT,0.2694,45166.9,0.2695,49570.5,0.2694,95705469.2,25077374.3249
1753507405763,05:23:25.763,bybit,ALGO/USDT:USDT,0.2694,45166.9,0.2695,66570.5,0.2694,95705469.2,25077374.3249
1753507406064,05:23:26.064,bybit,ALGO/USDT:USDT,0.2694,45171.1,0.2695,66570.5,0.2694,95705469.2,25077374.3249
1753507406264,05:23:26.264,bybit,ALGO/USDT:USDT,0.2694,45171.1,0.2695,66575.7,0.2694,95705469.2,25077374.3249
1753507406364,05:23:26.364,bybit,ALGO/USDT:USDT,0.2694,45172.8,0.2695,66575.7,0.2694,95705469.2,25077374.3249
1753507406464,05:23:26.464,bybit,ALGO/USDT:USDT,0.2694,45172.8,0.2695,57479.6,0.2694,95705469.2,25077374.3249
1753507406663,05:23:26.663,bybit,ALGO/USDT:USDT,0.2694,45282.2,0.2695,57479.6,0.2694,95705469.2,25077374.3249
1753507407164,05:23:27.164,bybit,ALGO/USDT:USDT,0.2694,55305.0,0.2695,57479.6,0.2694,95706582.3,25077674.194
1753507407764,05:23:27.764,bybit,ALGO/USDT:USDT,0.2694,55305.0,0.2695,53782.8,0.2694,95706582.3,25077674.194
1753507408064,05:23:28.064,bybit,ALGO/USDT:USDT,0.2694,55305.0,0.2695,53708.5,0.2694,95706582.3,25077674.194
1753507408164,05:23:28.164,bybit,ALGO/USDT:USDT,0.2694,55305.0,0.2695,53782.8,0.2694,95706582.3,25077674.194
1753507408964,05:23:28.964,bybit,ALGO/USDT:USDT,0.2694,66440.9,0.2695,53708.5,0.2694,95706582.3,25077674.194
1753507409064,05:23:29.064,bybit,ALGO/USDT:USDT,0.2694,66440.9,0.2695,54377.1,0.2694,95706582.3,25077674.194
1753507409164,05:23:29.164,bybit,ALGO/USDT:USDT,0.2694,66440.9,0.2695,55218.3,0.2694,95706582.3,25077674.194
1753507410764,05:23:30.764,bybit,ALGO/USDT:USDT,0.2694,66440.9,0.2695,55960.5,0.2694,95706582.3,25077674.194
1753507411164,05:23:31.164,bybit,ALGO/USDT:USDT,0.2694,66440.9,0.2695,55960.5,0.2694,95706582.3,25077674.194
1753507411263,05:23:31.263,bybit,ALGO/USDT:USDT,0.2694,66440.9,0.2695,55886.2,0.2694,95706582.3,25077674.194
1753507411364,05:23:31.364,bybit,ALGO/USDT:USDT,0.2694,66440.9,0.2695,55960.5,0.2694,95706582.3,25077674.194
1753507411564,05:23:31.564,bybit,ALGO/USDT:USDT,0.2694,66440.9,0.2695,55888.7,0.2694,95706582.3,25077674.194
1753507411664,05:23:31.664,bybit,ALGO/USDT:USDT,0.2694,66440.9,0.2695,55294.4,0.2694,95706582.3,25077674.194
1753507412064,05:23:32.064,bybit,ALGO/USDT:USDT,0.2694,66440.9,0.2695,55963.0,0.2694,95706582.3,25077674.194
1753507412263,05:23:32.263,bybit,ALGO/USDT:USDT,0.2694,66440.9,0.2695,55368.7,0.2694,95706582.3,25077674.194
1753507412364,05:23:32.364,bybit,ALGO/USDT:USDT,0.2694,66440.9,0.2695,55963.0,0.2694,95706582.3,25077674.194
1753507412464,05:23:32.464,bybit,ALGO/USDT:USDT,0.2694,66440.9,0.2695,55368.7,0.2694,95706582.3,25077674.194
1753507412563,05:23:32.563,bybit,ALGO/USDT:USDT,0.2694,66444.7,0.2695,55368.7,0.2694,95706582.3,25077674.194
1753507412963,05:23:32.963,bybit,ALGO/USDT:USDT,0.2694,66444.7,0.2695,55963.0,0.2694,95706582.3,25077674.194
1753507414364,05:23:34.364,bybit,ALGO/USDT:USDT,0.2694,66444.7,0.2695,55327.7,0.2694,95706582.3,25077674.194
1753507414464,05:23:34.464,bybit,ALGO/USDT:USDT,0.2694,66444.7,0.2695,55963.0,0.2694,95706582.3,25077674.194
1753507415364,05:23:35.364,bybit,ALGO/USDT:USDT,0.2694,66444.7,0.2695,55966.9,0.2694,95706582.3,25077674.194
1753507415963,05:23:35.963,bybit,ALGO/USDT:USDT,0.2694,66444.7,0.2695,55298.3,0.2694,95706582.3,25077674.194
1753507416164,05:23:36.164,bybit,ALGO/USDT:USDT,0.2694,66444.7,0.2695,55372.6,0.2694,95706582.3,25077674.194
1753507416363,05:23:36.363,bybit,ALGO/USDT:USDT,0.2694,66444.7,0.2695,54663.0,0.2694,95706582.3,25077674.194
1753507416463,05:23:36.463,bybit,ALGO/USDT:USDT,0.2694,66444.7,0.2695,54737.3,0.2694,95706582.3,25077674.194
1753507416564,05:23:36.564,bybit,ALGO/USDT:USDT,0.2694,66444.7,0.2695,55372.6,0.2694,95706582.3,25077674.194
1753507417264,05:23:37.264,bybit,ALGO/USDT:USDT,0.2694,66444.7,0.2695,55966.9,0.2694,95706582.3,25077674.194
1753507418164,05:23:38.164,bybit,ALGO/USDT:USDT,0.2694,68544.7,0.2695,55966.9,0.2694,95706582.3,25077674.194
1753507420264,05:23:40.264,bybit,ALGO/USDT:USDT,0.2694,68544.7,0.2695,41229.3,0.2694,95706582.3,25077674.194
1753507420363,05:23:40.363,bybit,ALGO/USDT:USDT,0.2694,68544.7,0.2695,41821.8,0.2694,95706582.3,25077674.194
1753507420464,05:23:40.464,bybit,ALGO/USDT:USDT,0.2694,68567.6,0.2695,41821.8,0.2694,95706582.3,25077674.194
1753507420564,05:23:40.564,bybit,ALGO/USDT:USDT,0.2694,68567.6,0.2695,41896.1,0.2694,95706582.3,25077674.194
1753507420664,05:23:40.664,bybit,ALGO/USDT:USDT,0.2694,68567.6,0.2695,54896.1,0.2694,95706582.3,25077674.194
1753507421363,05:23:41.363,bybit,ALGO/USDT:USDT,0.2694,68567.6,0.2695,45896.1,0.2694,95706582.3,25077674.194
1753507421564,05:23:41.564,bybit,ALGO/USDT:USDT,0.2694,68567.6,0.2695,45823.1,0.2694,95706582.3,25077674.194
1753507421664,05:23:41.664,bybit,ALGO/USDT:USDT,0.2694,68567.6,0.2695,64203.1,0.2694,95706582.3,25077674.194
1753507421864,05:23:41.864,bybit,ALGO/USDT:USDT,0.2694,68567.6,0.2695,64797.4,0.2694,95706582.3,25077674.194
1753507423364,05:23:43.364,bybit,ALGO/USDT:USDT,0.2694,68567.6,0.2695,64203.1,0.2694,95706582.3,25077674.194
1753507423663,05:23:43.663,bybit,ALGO/USDT:USDT,0.2694,68593.2,0.2695,64203.1,0.2694,95706582.3,25077674.194
1753507424064,05:23:44.064,bybit,ALGO/USDT:USDT,0.2694,68593.2,0.2695,63567.8,0.2694,95706582.3,25077674.194
1753507424364,05:23:44.364,bybit,ALGO/USDT:USDT,0.2694,68593.2,0.2695,64797.4,0.2694,95706582.3,25077674.194
