timestamp,time,exchange,symbol,bid,bidVolume,ask,askVolume,lastPrice,baseVolume,quoteVolume
1753504792074,04:39:52.074,bybit,AAVE/USDT:USDT,297.52,0.02,297.53,0.76,297.56,364286.05,106116808.4052
1753504792474,04:39:52.474,bybit,AAVE/USDT:USDT,297.52,0.02,297.53,8.24,297.56,364286.05,106116808.4052
1753504792974,04:39:52.974,bybit,AAVE/USDT:USDT,297.52,0.89,297.53,4.73,297.56,364286.05,106116808.4052
1753504793174,04:39:53.174,bybit,AAVE/USDT:USDT,297.52,0.89,297.53,4.73,297.56,364286.05,106116808.4052
1753504795274,04:39:55.274,bybit,AAVE/USDT:USDT,297.52,0.89,297.54,0.42,297.53,364286.55,106116957.1702
1753504795375,04:39:55.375,bybit,AAVE/USDT:USDT,297.52,0.89,297.54,0.42,297.53,364286.55,106116957.1702
1753504795574,04:39:55.574,bybit,AAVE/USDT:USDT,297.52,1.34,297.54,0.42,297.53,364286.55,106116957.1702
1753504796874,04:39:56.874,bybit,AAVE/USDT:USDT,297.52,1.34,297.53,0.42,297.53,364286.55,106116957.1702
1753504797374,04:39:57.374,bybit,AAVE/USDT:USDT,297.52,3.07,297.53,0.42,297.53,364286.55,106116957.1702
1753504797475,04:39:57.475,bybit,AAVE/USDT:USDT,297.53,0.42,297.55,0.22,297.53,364286.55,106116957.1702
1753504797574,04:39:57.574,bybit,AAVE/USDT:USDT,297.53,1.23,297.55,0.22,297.53,364286.55,106116957.1702
1753504797674,04:39:57.674,bybit,AAVE/USDT:USDT,297.55,0.42,297.56,0.03,297.53,364286.55,106116957.1702
1753504797774,04:39:57.774,bybit,AAVE/USDT:USDT,297.55,0.42,297.56,0.25,297.53,364286.55,106116957.1702
1753504797875,04:39:57.875,bybit,AAVE/USDT:USDT,297.55,0.38,297.56,0.25,297.53,364286.55,106116957.1702
1753504798074,04:39:58.074,bybit,AAVE/USDT:USDT,297.55,0.51,297.56,0.25,297.53,364286.55,106116957.1702
1753504798174,04:39:58.174,bybit,AAVE/USDT:USDT,297.55,2.23,297.56,0.25,297.53,364286.55,106116957.1702
1753504798574,04:39:58.574,bybit,AAVE/USDT:USDT,297.55,3.04,297.56,0.25,297.53,364286.55,106116957.1702
1753504798774,04:39:58.774,bybit,AAVE/USDT:USDT,297.55,3.04,297.56,0.91,297.53,364286.55,106116957.1702
1753504799474,04:39:59.474,bybit,AAVE/USDT:USDT,297.55,3.04,297.56,0.91,297.53,364286.55,106116957.1702
1753504799574,04:39:59.574,bybit,AAVE/USDT:USDT,297.55,2.96,297.56,0.91,297.53,364286.55,106116957.1702
1753504800074,04:40:00.074,bybit,AAVE/USDT:USDT,297.55,2.96,297.56,0.03,297.53,364286.55,106116957.1702
1753504800374,04:40:00.374,bybit,AAVE/USDT:USDT,297.55,2.96,297.56,0.89,297.53,364286.55,106116957.1702
1753504800975,04:40:00.975,bybit,AAVE/USDT:USDT,297.55,2.96,297.56,0.89,297.53,364286.55,106116957.1702
1753504801174,04:40:01.174,bybit,AAVE/USDT:USDT,297.55,3.81,297.56,0.89,297.53,364286.55,106116957.1702
1753504801574,04:40:01.574,bybit,AAVE/USDT:USDT,297.55,3.81,297.56,0.89,297.53,364286.55,106116957.1702
1753504801775,04:40:01.775,bybit,AAVE/USDT:USDT,297.55,3.81,297.56,0.47,297.53,364286.55,106116957.1702
1753504802774,04:40:02.774,bybit,AAVE/USDT:USDT,297.55,3.81,297.56,0.03,297.53,364286.55,106116957.1702
1753504802874,04:40:02.874,bybit,AAVE/USDT:USDT,297.56,0.32,297.58,1.09,297.58,364286.8,106117031.5643
1753504802974,04:40:02.974,bybit,AAVE/USDT:USDT,297.56,0.32,297.58,1.09,297.58,364286.8,106117031.5643
1753504803074,04:40:03.074,bybit,AAVE/USDT:USDT,297.55,3.81,297.56,0.42,297.58,364286.8,106117031.5643
1753504803374,04:40:03.374,bybit,AAVE/USDT:USDT,297.55,3.81,297.56,0.42,297.58,364286.8,106117031.5643
1753504806174,04:40:06.174,bybit,AAVE/USDT:USDT,297.55,3.72,297.56,0.42,297.58,364286.8,106117031.5643
1753504807374,04:40:07.374,bybit,AAVE/USDT:USDT,297.56,0.04,297.57,0.42,297.58,364286.8,106117031.5643
1753504807474,04:40:07.474,bybit,AAVE/USDT:USDT,297.55,3.72,297.56,0.42,297.58,364286.8,106117031.5643
1753504807574,04:40:07.574,bybit,AAVE/USDT:USDT,297.55,2.99,297.56,0.42,297.58,364286.8,106117031.5643
1753504807674,04:40:07.674,bybit,AAVE/USDT:USDT,297.55,3.67,297.56,0.42,297.58,364286.8,106117031.5643
1753504808474,04:40:08.474,bybit,AAVE/USDT:USDT,297.55,3.67,297.56,0.78,297.58,364286.8,106117031.5643
1753504808674,04:40:08.674,bybit,AAVE/USDT:USDT,297.55,3.67,297.56,0.88,297.58,364286.8,106117031.5643
1753504808874,04:40:08.874,bybit,AAVE/USDT:USDT,297.55,4.23,297.56,0.88,297.58,364286.8,106117031.5643
1753504809074,04:40:09.074,bybit,AAVE/USDT:USDT,297.55,4.23,297.56,0.46,297.58,364286.8,106117031.5643
1753504809674,04:40:09.674,bybit,AAVE/USDT:USDT,297.55,4.32,297.56,0.46,297.58,364286.8,106117031.5643
1753504810675,04:40:10.675,bybit,AAVE/USDT:USDT,297.55,4.3,297.56,0.46,297.58,364286.8,106117031.5643
1753504811074,04:40:11.074,bybit,AAVE/USDT:USDT,297.55,4.29,297.56,0.46,297.58,364286.8,106117031.5643
1753504811474,04:40:11.474,bybit,AAVE/USDT:USDT,297.55,4.29,297.56,0.47,297.58,364286.8,106117031.5643
1753504811674,04:40:11.674,bybit,AAVE/USDT:USDT,297.55,4.3,297.56,0.47,297.58,364286.8,106117031.5643
1753504811775,04:40:11.775,bybit,AAVE/USDT:USDT,297.55,5.29,297.56,0.47,297.58,364286.8,106117031.5643
1753504812274,04:40:12.274,bybit,AAVE/USDT:USDT,297.55,3.96,297.56,0.47,297.55,364287.14,106117132.7313
1753504812374,04:40:12.374,bybit,AAVE/USDT:USDT,297.55,3.96,297.56,0.47,297.55,364287.14,106117132.7313
1753504812674,04:40:12.674,bybit,AAVE/USDT:USDT,297.55,3.96,297.56,0.47,297.55,364287.14,106117132.7313
1753504812875,04:40:12.875,bybit,AAVE/USDT:USDT,297.55,3.92,297.56,0.47,297.55,364287.14,106117132.7313
1753504813075,04:40:13.075,bybit,AAVE/USDT:USDT,297.55,3.92,297.58,0.04,297.58,364288.14,106117430.2993
1753504813174,04:40:13.174,bybit,AAVE/USDT:USDT,297.55,3.83,297.57,0.42,297.58,364288.14,106117430.2993
1753504813574,04:40:13.574,bybit,AAVE/USDT:USDT,297.55,3.83,297.57,0.42,297.58,364288.14,106117430.2993
1753504814474,04:40:14.474,bybit,AAVE/USDT:USDT,297.55,3.83,297.57,0.42,297.58,364288.14,106117430.2993
1753504815074,04:40:15.074,bybit,AAVE/USDT:USDT,297.56,2.55,297.57,0.42,297.58,364288.14,106117430.2993
1753504815274,04:40:15.274,bybit,AAVE/USDT:USDT,297.6,1295.4,297.61,9.32,297.6,364291.78,106118513.538
1753504815374,04:40:15.374,bybit,AAVE/USDT:USDT,297.66,3.0,297.68,28.91,297.67,364392.59,106148518.97
1753504815474,04:40:15.474,bybit,AAVE/USDT:USDT,297.66,3.0,297.67,2.2,297.67,364392.59,106148518.97
1753504815674,04:40:15.674,bybit,AAVE/USDT:USDT,297.66,3.83,297.67,2.2,297.67,364392.59,106148518.97
1753504815774,04:40:15.774,bybit,AAVE/USDT:USDT,297.66,4.39,297.67,2.2,297.67,364392.59,106148518.97
1753504815874,04:40:15.874,bybit,AAVE/USDT:USDT,297.66,6.94,297.67,2.2,297.67,364392.59,106148518.97
1753504816574,04:40:16.574,bybit,AAVE/USDT:USDT,297.66,6.94,297.67,2.2,297.67,364392.59,106148518.97
1753504817174,04:40:17.174,bybit,AAVE/USDT:USDT,297.66,6.94,297.67,2.2,297.67,364392.59,106148518.97
1753504817474,04:40:17.474,bybit,AAVE/USDT:USDT,297.66,6.94,297.67,2.2,297.67,364392.59,106148518.97
1753504817675,04:40:17.675,bybit,AAVE/USDT:USDT,297.66,6.94,297.67,2.64,297.67,364392.59,106148518.97
1753504818774,04:40:18.774,bybit,AAVE/USDT:USDT,297.66,6.89,297.67,2.64,297.67,364392.59,106148518.97
1753504819074,04:40:19.074,bybit,AAVE/USDT:USDT,297.66,6.09,297.67,2.71,297.66,364395.97,106149525.0608
1753504819174,04:40:19.174,bybit,AAVE/USDT:USDT,297.66,6.09,297.67,2.71,297.66,364395.97,106149525.0608
1753504819374,04:40:19.374,bybit,AAVE/USDT:USDT,297.66,6.29,297.67,2.74,297.66,364395.97,106149525.0608
1753504819474,04:40:19.474,bybit,AAVE/USDT:USDT,297.66,6.29,297.67,2.67,297.66,364395.97,106149525.0608
1753504819874,04:40:19.874,bybit,AAVE/USDT:USDT,297.66,6.29,297.67,2.67,297.66,364395.97,106149525.0608
1753504820374,04:40:20.374,bybit,AAVE/USDT:USDT,297.66,6.38,297.67,2.67,297.66,364395.97,106149525.0608
1753504820474,04:40:20.474,bybit,AAVE/USDT:USDT,297.66,6.38,297.67,2.67,297.66,364395.97,106149525.0608
1753504820774,04:40:20.774,bybit,AAVE/USDT:USDT,297.66,6.38,297.67,2.67,297.66,363967.88,106026788.5891
1753504820875,04:40:20.875,bybit,AAVE/USDT:USDT,297.66,6.29,297.67,2.67,297.66,363967.88,106026788.5891
1753504821075,04:40:21.075,bybit,AAVE/USDT:USDT,297.66,7.63,297.67,2.67,297.66,363967.88,106026788.5891
1753504823475,04:40:23.475,bybit,AAVE/USDT:USDT,297.66,7.64,297.67,2.67,297.66,363967.88,106026788.5891
1753504823674,04:40:23.674,bybit,AAVE/USDT:USDT,297.66,4.86,297.67,4.66,297.66,363967.88,106026788.5891
1753504823774,04:40:23.774,bybit,AAVE/USDT:USDT,297.66,4.85,297.67,7.01,297.66,363967.88,106026788.5891
1753504823874,04:40:23.874,bybit,AAVE/USDT:USDT,297.66,4.85,297.67,8.01,297.66,363967.88,106026788.5891
1753504824274,04:40:24.274,bybit,AAVE/USDT:USDT,297.66,4.85,297.67,3.16,297.66,363967.88,106026788.5891
1753504824375,04:40:24.375,bybit,AAVE/USDT:USDT,297.66,4.85,297.67,3.07,297.67,363967.9,106026794.5425
1753504824474,04:40:24.474,bybit,AAVE/USDT:USDT,297.66,4.85,297.67,5.28,297.67,363967.9,106026794.5425
1753504824575,04:40:24.575,bybit,AAVE/USDT:USDT,297.66,4.85,297.67,5.35,297.67,363967.9,106026794.5425
1753504825274,04:40:25.274,bybit,AAVE/USDT:USDT,297.66,4.85,297.67,5.35,297.67,363967.9,106026794.5425
1753504825574,04:40:25.574,bybit,AAVE/USDT:USDT,297.66,4.85,297.67,5.35,297.67,363967.9,106026794.5425
1753504825775,04:40:25.775,bybit,AAVE/USDT:USDT,297.66,4.57,297.67,5.35,297.67,363967.9,106026794.5425
1753504826175,04:40:26.175,bybit,AAVE/USDT:USDT,297.66,4.57,297.67,5.35,297.67,363967.9,106026794.5425
1753504826274,04:40:26.274,bybit,AAVE/USDT:USDT,297.66,4.67,297.67,5.35,297.67,363967.9,106026794.5425
1753504826774,04:40:26.774,bybit,AAVE/USDT:USDT,297.66,4.67,297.67,5.58,297.67,363967.9,106026794.5425
1753504826874,04:40:26.874,bybit,AAVE/USDT:USDT,297.63,0.48,297.65,3.93,297.66,363972.57,106028184.6147
1753504826974,04:40:26.974,bybit,AAVE/USDT:USDT,297.6,1295.46,297.61,0.42,297.61,363974.75,106028833.4117
1753504827074,04:40:27.074,bybit,AAVE/USDT:USDT,297.6,1295.44,297.61,0.42,297.61,363974.75,106028833.4117
1753504827374,04:40:27.374,bybit,AAVE/USDT:USDT,297.6,1295.44,297.61,4.37,297.61,363974.75,106028833.4117
1753504827475,04:40:27.475,bybit,AAVE/USDT:USDT,297.6,1295.44,297.61,11.44,297.61,363974.75,106028833.4117
1753504827574,04:40:27.574,bybit,AAVE/USDT:USDT,297.6,1295.42,297.61,11.44,297.61,363974.75,106028833.4117
1753504827674,04:40:27.674,bybit,AAVE/USDT:USDT,297.6,1295.42,297.61,9.52,297.61,363974.75,106028833.4117
1753504830874,04:40:30.874,bybit,AAVE/USDT:USDT,297.6,1295.42,297.61,3.95,297.61,363974.75,106028833.4117
1753504831274,04:40:31.274,bybit,AAVE/USDT:USDT,297.6,1297.54,297.61,3.95,297.61,363974.75,106028833.4117
1753504831974,04:40:31.974,bybit,AAVE/USDT:USDT,297.6,1295.42,297.61,7.81,297.61,363974.75,106028833.4117
1753504832074,04:40:32.074,bybit,AAVE/USDT:USDT,297.6,1295.42,297.61,4.39,297.61,363974.75,106028833.4117
1753504832274,04:40:32.274,bybit,AAVE/USDT:USDT,297.6,1295.42,297.61,21.13,297.61,363974.75,106028833.4117
1753504832374,04:40:32.374,bybit,AAVE/USDT:USDT,297.6,1295.42,297.61,17.05,297.61,363974.75,106028833.4117
1753504832574,04:40:32.574,bybit,AAVE/USDT:USDT,297.6,1296.33,297.61,0.44,297.61,363974.75,106028833.4117
1753504832674,04:40:32.674,bybit,AAVE/USDT:USDT,297.6,1296.42,297.61,0.44,297.61,363974.75,106028833.4117
1753504832774,04:40:32.774,bybit,AAVE/USDT:USDT,297.6,1296.42,297.61,0.44,297.61,363974.75,106028833.4117
