timestamp,time,exchange,symbol,bid,bidVolume,ask,askVolume,lastPrice,baseVolume,quoteVolume
1753507239774,05:20:39.774,bybit,AAVE/USDT:USDT,298.64,3.44,298.65,19.66,298.66,359562.85,104854209.6162
1753507240274,05:20:40.274,bybit,AAVE/USDT:USDT,298.64,2.66,298.65,19.66,298.66,359562.85,104854209.6162
1753507240675,05:20:40.675,bybit,AAVE/USDT:USDT,298.64,0.04,298.65,19.66,298.66,359562.85,104854209.6162
1753507242674,05:20:42.674,bybit,AAVE/USDT:USDT,298.68,13.42,298.69,0.55,298.67,359583.14,104860269.2355
1753507242774,05:20:42.774,bybit,AAVE/USDT:USDT,298.68,13.49,298.69,0.55,298.67,359583.14,104860269.2355
1753507242874,05:20:42.874,bybit,AAVE/USDT:USDT,298.68,13.42,298.69,0.55,298.67,359583.14,104860269.2355
1753507243174,05:20:43.174,bybit,AAVE/USDT:USDT,298.68,11.8,298.69,0.55,298.67,359583.14,104860269.2355
1753507243274,05:20:43.274,bybit,AAVE/USDT:USDT,298.68,11.8,298.69,0.55,298.67,359583.14,104860269.2355
1753507243375,05:20:43.375,bybit,AAVE/USDT:USDT,298.7,10.06,298.71,36.81,298.7,359583.77,104860457.411
1753507243475,05:20:43.475,bybit,AAVE/USDT:USDT,298.7,11.56,298.71,36.81,298.7,359583.77,104860457.411
1753507243574,05:20:43.574,bybit,AAVE/USDT:USDT,298.7,8.23,298.71,36.81,298.7,359583.77,104860457.411
1753507243674,05:20:43.674,bybit,AAVE/USDT:USDT,298.7,6.61,298.71,36.81,298.7,359583.77,104860457.411
1753507243874,05:20:43.874,bybit,AAVE/USDT:USDT,298.7,5.19,298.71,36.81,298.7,359583.77,104860457.411
1753507244174,05:20:44.174,bybit,AAVE/USDT:USDT,298.7,2.58,298.71,36.81,298.7,359583.77,104860457.411
1753507245074,05:20:45.074,bybit,AAVE/USDT:USDT,298.7,4.01,298.71,37.63,298.7,359583.77,104860457.411
1753507245574,05:20:45.574,bybit,AAVE/USDT:USDT,298.68,5.9,298.7,3.61,298.7,359583.77,104860457.411
1753507245674,05:20:45.674,bybit,AAVE/USDT:USDT,298.68,2.23,298.69,0.4,298.7,359583.77,104860457.411
1753507245874,05:20:45.874,bybit,AAVE/USDT:USDT,298.68,2.62,298.69,0.82,298.7,359583.77,104860457.411
1753507246874,05:20:46.874,bybit,AAVE/USDT:USDT,298.68,4.11,298.69,0.82,298.7,359583.77,104860457.411
1753507247274,05:20:47.274,bybit,AAVE/USDT:USDT,298.68,2.62,298.69,1.24,298.7,359583.77,104860457.411
1753507247374,05:20:47.374,bybit,AAVE/USDT:USDT,298.68,2.62,298.69,0.82,298.7,359583.77,104860457.411
1753507248875,05:20:48.875,bybit,AAVE/USDT:USDT,298.68,2.62,298.69,1.24,298.7,359583.77,104860457.411
1753507249175,05:20:49.175,bybit,AAVE/USDT:USDT,298.68,2.62,298.69,0.82,298.7,359583.77,104860457.411
1753507249874,05:20:49.874,bybit,AAVE/USDT:USDT,298.67,8.09,298.68,0.42,298.7,359583.77,104860457.411
1753507249975,05:20:49.975,bybit,AAVE/USDT:USDT,298.66,6.7,298.67,0.42,298.7,359583.77,104860457.411
1753507250074,05:20:50.074,bybit,AAVE/USDT:USDT,298.66,5.81,298.67,0.42,298.7,359583.77,104860457.411
1753507250275,05:20:50.275,bybit,AAVE/USDT:USDT,298.66,7.15,298.67,2.35,298.7,359583.77,104860457.411
1753507250374,05:20:50.374,bybit,AAVE/USDT:USDT,298.66,7.15,298.67,3.17,298.7,359583.77,104860457.411
1753507250474,05:20:50.474,bybit,AAVE/USDT:USDT,298.66,3.3,298.67,3.17,298.7,359583.77,104860457.411
1753507250774,05:20:50.774,bybit,AAVE/USDT:USDT,298.66,3.3,298.67,3.17,298.7,359583.77,104860457.411
1753507251074,05:20:51.074,bybit,AAVE/USDT:USDT,298.66,0.68,298.67,3.17,298.7,359583.77,104860457.411
1753507251174,05:20:51.174,bybit,AAVE/USDT:USDT,298.66,0.68,298.67,3.33,298.7,359583.77,104860457.411
1753507251674,05:20:51.674,bybit,AAVE/USDT:USDT,298.66,3.26,298.67,0.98,298.7,359583.77,104860457.411
1753507251774,05:20:51.774,bybit,AAVE/USDT:USDT,298.66,0.68,298.67,1.48,298.7,359583.77,104860457.411
1753507252074,05:20:52.074,bybit,AAVE/USDT:USDT,298.66,3.26,298.67,1.48,298.7,359583.77,104860457.411
1753507252775,05:20:52.775,bybit,AAVE/USDT:USDT,298.66,0.68,298.67,1.48,298.7,359583.77,104860457.411
1753507253874,05:20:53.874,bybit,AAVE/USDT:USDT,298.66,1.41,298.67,1.48,298.7,359583.77,104860457.411
1753507254174,05:20:54.174,bybit,AAVE/USDT:USDT,298.66,1.41,298.67,1.47,298.7,359583.77,104860457.411
1753507254674,05:20:54.674,bybit,AAVE/USDT:USDT,298.66,0.68,298.67,1.47,298.7,359583.77,104860457.411
1753507255374,05:20:55.374,bybit,AAVE/USDT:USDT,298.66,8.83,298.67,1.47,298.7,359583.77,104860457.411
1753507255575,05:20:55.575,bybit,AAVE/USDT:USDT,298.66,8.83,298.67,1.47,298.7,359583.77,104860457.411
1753507256174,05:20:56.174,bybit,AAVE/USDT:USDT,298.66,8.83,298.67,1.47,298.7,359583.77,104860457.411
1753507258674,05:20:58.674,bybit,AAVE/USDT:USDT,298.66,8.83,298.67,1.5,298.7,359583.77,104860457.411
1753507258775,05:20:58.775,bybit,AAVE/USDT:USDT,298.66,8.83,298.67,1.51,298.7,359583.77,104860457.411
1753507259074,05:20:59.074,bybit,AAVE/USDT:USDT,298.69,3.89,298.7,0.02,298.67,359585.28,104860908.4027
1753507259174,05:20:59.174,bybit,AAVE/USDT:USDT,298.69,4.96,298.7,0.02,298.67,359585.28,104860908.4027
1753507259374,05:20:59.374,bybit,AAVE/USDT:USDT,298.69,4.96,298.71,0.03,298.67,359585.28,104860908.4027
1753507259574,05:20:59.574,bybit,AAVE/USDT:USDT,298.7,0.48,298.72,0.48,298.67,359585.28,104860908.4027
1753507259674,05:20:59.674,bybit,AAVE/USDT:USDT,298.7,0.48,298.72,0.44,298.67,359585.28,104860908.4027
1753507259774,05:20:59.774,bybit,AAVE/USDT:USDT,298.7,0.48,298.71,0.4,298.67,359585.28,104860908.4027
1753507260374,05:21:00.374,bybit,AAVE/USDT:USDT,298.7,0.56,298.71,0.4,298.67,359585.28,104860908.4027
1753507260975,05:21:00.975,bybit,AAVE/USDT:USDT,298.7,0.56,298.72,0.57,298.67,359585.28,104860908.4027
1753507261074,05:21:01.074,bybit,AAVE/USDT:USDT,298.71,0.55,298.72,0.44,298.67,359585.28,104860908.4027
1753507261375,05:21:01.375,bybit,AAVE/USDT:USDT,298.7,1.49,298.72,2.5,298.67,359585.28,104860908.4027
1753507261474,05:21:01.474,bybit,AAVE/USDT:USDT,298.7,1.07,298.71,0.42,298.67,359585.28,104860908.4027
1753507261574,05:21:01.574,bybit,AAVE/USDT:USDT,298.7,1.07,298.71,0.85,298.67,359585.28,104860908.4027
1753507261675,05:21:01.675,bybit,AAVE/USDT:USDT,298.7,1.07,298.71,0.43,298.67,359585.28,104860908.4027
1753507261774,05:21:01.774,bybit,AAVE/USDT:USDT,298.7,2.84,298.71,0.43,298.67,359585.28,104860908.4027
1753507261975,05:21:01.975,bybit,AAVE/USDT:USDT,298.7,5.03,298.71,0.43,298.67,359585.28,104860908.4027
1753507262875,05:21:02.875,bybit,AAVE/USDT:USDT,298.7,5.03,298.71,0.85,298.67,359585.28,104860908.4027
1753507263674,05:21:03.674,bybit,AAVE/USDT:USDT,298.7,5.68,298.71,0.85,298.67,359585.28,104860908.4027
1753507264274,05:21:04.274,bybit,AAVE/USDT:USDT,298.7,3.27,298.71,35.79,298.67,359585.28,104860908.4027
1753507264474,05:21:04.474,bybit,AAVE/USDT:USDT,298.7,6.92,298.71,35.37,298.67,359585.28,104860908.4027
1753507264574,05:21:04.574,bybit,AAVE/USDT:USDT,298.7,6.92,298.71,35.37,298.67,359585.28,104860908.4027
1753507265174,05:21:05.174,bybit,AAVE/USDT:USDT,298.7,6.91,298.71,35.37,298.67,359585.28,104860908.4027
1753507267474,05:21:07.474,bybit,AAVE/USDT:USDT,298.77,13.67,298.78,0.02,298.77,359659.24,104883002.6245
1753507267574,05:21:07.574,bybit,AAVE/USDT:USDT,298.77,12.21,298.78,0.02,298.77,359659.24,104883002.6245
1753507267674,05:21:07.674,bybit,AAVE/USDT:USDT,298.81,10.33,298.82,2.99,298.8,359660.22,104883295.4425
1753507267774,05:21:07.774,bybit,AAVE/USDT:USDT,298.81,9.43,298.82,0.57,298.8,359660.22,104883295.4425
1753507267874,05:21:07.874,bybit,AAVE/USDT:USDT,298.81,9.43,298.82,0.57,298.8,359660.22,104883295.4425
1753507268074,05:21:08.074,bybit,AAVE/USDT:USDT,298.81,9.51,298.82,0.57,298.8,359660.22,104883295.4425
1753507268174,05:21:08.174,bybit,AAVE/USDT:USDT,298.81,9.44,298.82,0.57,298.8,359660.22,104883295.4425
1753507268274,05:21:08.274,bybit,AAVE/USDT:USDT,298.81,9.93,298.82,0.57,298.8,359660.22,104883295.4425
1753507268375,05:21:08.375,bybit,AAVE/USDT:USDT,298.81,8.32,298.82,0.57,298.8,359660.22,104883295.4425
1753507268474,05:21:08.474,bybit,AAVE/USDT:USDT,298.81,8.32,298.82,0.57,298.8,359660.22,104883295.4425
1753507269374,05:21:09.374,bybit,AAVE/USDT:USDT,298.83,12.09,298.84,0.02,298.82,359660.79,104883465.7699
1753507269474,05:21:09.474,bybit,AAVE/USDT:USDT,298.83,13.66,298.84,0.02,298.82,359660.79,104883465.7699
1753507269674,05:21:09.674,bybit,AAVE/USDT:USDT,298.83,14.06,298.84,0.02,298.82,359660.79,104883465.7699
1753507269774,05:21:09.774,bybit,AAVE/USDT:USDT,298.85,14.61,298.86,0.09,298.85,359661.4,104883648.0682
1753507269874,05:21:09.874,bybit,AAVE/USDT:USDT,298.85,14.93,298.86,0.09,298.85,359661.4,104883648.0682
1753507269975,05:21:09.975,bybit,AAVE/USDT:USDT,298.85,14.93,298.86,0.09,298.85,359661.4,104883648.0682
1753507270275,05:21:10.275,bybit,AAVE/USDT:USDT,298.85,15.01,298.86,0.09,298.85,359661.4,104883648.0682
1753507270374,05:21:10.374,bybit,AAVE/USDT:USDT,298.87,9.99,298.88,0.03,298.87,359661.53,104883686.9204
1753507270474,05:21:10.474,bybit,AAVE/USDT:USDT,298.87,10.48,298.88,0.03,298.87,359661.53,104883686.9204
1753507270574,05:21:10.574,bybit,AAVE/USDT:USDT,298.87,9.11,298.88,0.03,298.87,359661.53,104883686.9204
1753507270674,05:21:10.674,bybit,AAVE/USDT:USDT,298.86,9.25,298.88,0.03,298.86,359672.76,104887043.1843
1753507270774,05:21:10.774,bybit,AAVE/USDT:USDT,298.87,2.92,298.88,0.03,298.86,359672.76,104887043.1843
1753507270974,05:21:10.974,bybit,AAVE/USDT:USDT,298.87,5.07,298.88,0.03,298.86,359672.76,104887043.1843
1753507271174,05:21:11.174,bybit,AAVE/USDT:USDT,298.87,5.07,298.88,0.03,298.86,359672.76,104887043.1843
1753507271774,05:21:11.774,bybit,AAVE/USDT:USDT,298.87,5.07,298.88,0.03,298.86,359672.76,104887043.1843
1753507272675,05:21:12.675,bybit,AAVE/USDT:USDT,298.87,5.07,298.88,0.03,298.86,359672.76,104887043.1843
1753507272775,05:21:12.775,bybit,AAVE/USDT:USDT,298.87,4.82,298.88,0.03,298.87,359673.01,104887117.9018
1753507272874,05:21:12.874,bybit,AAVE/USDT:USDT,298.87,4.82,298.88,0.03,298.87,359673.01,104887117.9018
1753507273274,05:21:13.274,bybit,AAVE/USDT:USDT,298.87,4.82,298.88,0.03,298.87,359673.01,104887117.9018
1753507274074,05:21:14.074,bybit,AAVE/USDT:USDT,298.87,6.38,298.88,0.03,298.87,359673.01,104887117.9018
1753507274474,05:21:14.474,bybit,AAVE/USDT:USDT,298.87,6.38,298.88,0.03,298.87,359673.01,104887117.9018
1753507274774,05:21:14.774,bybit,AAVE/USDT:USDT,298.87,6.28,298.88,0.03,298.87,359673.01,104887117.9018
1753507275774,05:21:15.774,bybit,AAVE/USDT:USDT,298.9,0.22,298.91,0.42,298.92,359673.78,104887348.0493
1753507275874,05:21:15.874,bybit,AAVE/USDT:USDT,298.9,0.36,298.91,0.42,298.92,359673.78,104887348.0493
1753507276274,05:21:16.274,bybit,AAVE/USDT:USDT,298.9,0.36,298.91,1.57,298.92,359673.78,104887348.0493
1753507276374,05:21:16.374,bybit,AAVE/USDT:USDT,298.9,5.46,298.91,1.15,298.92,359673.78,104887348.0493
1753507277575,05:21:17.575,bybit,AAVE/USDT:USDT,298.9,2.58,298.91,1.15,298.92,359673.78,104887348.0493
1753507277674,05:21:17.674,bybit,AAVE/USDT:USDT,298.9,0.07,298.91,3.73,298.92,359673.78,104887348.0493
1753507277774,05:21:17.774,bybit,AAVE/USDT:USDT,298.9,0.07,298.91,4.91,298.92,359673.78,104887348.0493
1753507279375,05:21:19.375,bybit,AAVE/USDT:USDT,298.9,0.07,298.91,3.73,298.92,359673.78,104887348.0493
1753507279975,05:21:19.975,bybit,AAVE/USDT:USDT,298.9,1.61,298.91,3.73,298.92,359673.78,104887348.0493
1753507280074,05:21:20.074,bybit,AAVE/USDT:USDT,298.9,0.07,298.91,3.73,298.92,359673.78,104887348.0493
1753507280174,05:21:20.174,bybit,AAVE/USDT:USDT,298.9,0.07,298.91,4.86,298.92,359673.78,104887348.0493
1753507280275,05:21:20.275,bybit,AAVE/USDT:USDT,298.9,0.07,298.91,4.89,298.92,359673.78,104887348.0493
1753507280775,05:21:20.775,bybit,AAVE/USDT:USDT,298.9,0.07,298.91,4.89,298.92,359673.78,104887348.0493
1753507281074,05:21:21.074,bybit,AAVE/USDT:USDT,298.9,4.01,298.91,2.28,298.92,359673.78,104887348.0493
1753507281174,05:21:21.174,bybit,AAVE/USDT:USDT,298.9,4.01,298.91,1.15,298.92,359673.78,104887348.0493
1753507281474,05:21:21.474,bybit,AAVE/USDT:USDT,298.9,0.07,298.91,1.15,298.92,359673.78,104887348.0493
1753507281574,05:21:21.574,bybit,AAVE/USDT:USDT,298.9,0.25,298.91,0.67,298.92,359673.78,104887348.0493
1753507281674,05:21:21.674,bybit,AAVE/USDT:USDT,298.9,5.01,298.91,0.67,298.92,359673.78,104887348.0493
1753507281974,05:21:21.974,bybit,AAVE/USDT:USDT,298.9,5.01,298.91,0.67,298.92,359673.78,104887348.0493
1753507282074,05:21:22.074,bybit,AAVE/USDT:USDT,298.9,2.95,298.91,0.67,298.92,359673.78,104887348.0493
1753507282274,05:21:22.274,bybit,AAVE/USDT:USDT,298.9,2.95,298.91,0.67,298.92,359673.78,104887348.0493
1753507282575,05:21:22.575,bybit,AAVE/USDT:USDT,298.9,2.95,298.91,0.67,298.92,359673.78,104887348.0493
1753507282774,05:21:22.774,bybit,AAVE/USDT:USDT,298.9,0.17,298.91,6.1,298.92,359673.78,104887348.0493
1753507282975,05:21:22.975,bybit,AAVE/USDT:USDT,298.9,0.17,298.91,3.67,298.92,359673.78,104887348.0493
1753507283274,05:21:23.274,bybit,AAVE/USDT:USDT,298.9,0.07,298.91,3.67,298.87,359674.11,104887446.6819
1753507283374,05:21:23.374,bybit,AAVE/USDT:USDT,298.9,0.07,298.91,3.67,298.87,359674.11,104887446.6819
1753507283475,05:21:23.475,bybit,AAVE/USDT:USDT,298.9,0.07,298.91,3.67,298.87,359674.11,104887446.6819
1753507283774,05:21:23.774,bybit,AAVE/USDT:USDT,298.9,0.07,298.91,3.67,298.87,359674.11,104887446.6819
1753507283875,05:21:23.875,bybit,AAVE/USDT:USDT,298.9,1.14,298.91,0.67,298.87,359674.11,104887446.6819
1753507284074,05:21:24.074,bybit,AAVE/USDT:USDT,298.9,4.29,298.91,0.67,298.87,359674.11,104887446.6819
1753507284374,05:21:24.374,bybit,AAVE/USDT:USDT,298.9,4.29,298.91,0.67,298.87,359674.11,104887446.6819
1753507285575,05:21:25.575,bybit,AAVE/USDT:USDT,298.9,6.15,298.91,0.67,298.87,359674.11,104887446.6819
1753507285874,05:21:25.874,bybit,AAVE/USDT:USDT,298.9,0.07,298.91,3.67,298.87,359674.11,104887446.6819
1753507285975,05:21:25.975,bybit,AAVE/USDT:USDT,298.9,0.07,298.91,4.03,298.87,359674.11,104887446.6819
1753507286074,05:21:26.074,bybit,AAVE/USDT:USDT,298.9,0.07,298.91,4.45,298.87,359674.11,104887446.6819
1753507286375,05:21:26.375,bybit,AAVE/USDT:USDT,298.9,0.07,298.91,4.44,298.87,359674.11,104887446.6819
1753507286474,05:21:26.474,bybit,AAVE/USDT:USDT,298.9,0.07,298.91,4.44,298.87,359674.11,104887446.6819
1753507286674,05:21:26.674,bybit,AAVE/USDT:USDT,298.9,0.07,298.91,3.41,298.87,359674.11,104887446.6819
1753507287375,05:21:27.375,bybit,AAVE/USDT:USDT,298.9,0.07,298.91,3.41,298.87,359674.11,104887446.6819
1753507287575,05:21:27.575,bybit,AAVE/USDT:USDT,298.9,0.07,298.91,4.79,298.87,359674.11,104887446.6819
1753507288274,05:21:28.274,bybit,AAVE/USDT:USDT,298.9,0.07,298.91,4.79,298.87,359674.11,104887446.6819
1753507288574,05:21:28.574,bybit,AAVE/USDT:USDT,298.88,1.29,298.89,0.42,298.9,359674.18,104887467.6049
1753507288674,05:21:28.674,bybit,AAVE/USDT:USDT,298.87,0.33,298.88,2.58,298.9,359674.18,104887467.6049
1753507288775,05:21:28.775,bybit,AAVE/USDT:USDT,298.87,2.26,298.88,2.99,298.9,359674.18,104887467.6049
1753507288874,05:21:28.874,bybit,AAVE/USDT:USDT,298.87,2.46,298.88,2.99,298.9,359674.18,104887467.6049
1753507289074,05:21:29.074,bybit,AAVE/USDT:USDT,298.87,4.76,298.88,2.99,298.9,359674.18,104887467.6049
1753507289774,05:21:29.774,bybit,AAVE/USDT:USDT,298.87,4.76,298.88,0.41,298.9,359674.18,104887467.6049
1753507290574,05:21:30.574,bybit,AAVE/USDT:USDT,298.87,2.46,298.88,2.99,298.9,359674.18,104887467.6049
1753507290774,05:21:30.774,bybit,AAVE/USDT:USDT,298.86,0.97,298.87,6.97,298.9,359674.18,104887467.6049
1753507290874,05:21:30.874,bybit,AAVE/USDT:USDT,298.86,0.09,298.87,9.62,298.86,359675.06,104887730.6017
1753507291074,05:21:31.074,bybit,AAVE/USDT:USDT,298.86,0.09,298.87,10.03,298.86,359675.06,104887730.6017
1753507291174,05:21:31.174,bybit,AAVE/USDT:USDT,298.86,0.09,298.87,7.45,298.86,359675.06,104887730.6017
1753507291274,05:21:31.274,bybit,AAVE/USDT:USDT,298.85,0.07,298.86,11.21,298.86,359675.15,104887757.4991
1753507291374,05:21:31.374,bybit,AAVE/USDT:USDT,298.82,0.02,298.83,15.16,298.83,359686.31,104891092.5091
1753507291475,05:21:31.475,bybit,AAVE/USDT:USDT,298.82,0.02,298.83,15.16,298.83,359686.31,104891092.5091
1753507291574,05:21:31.574,bybit,AAVE/USDT:USDT,298.82,0.02,298.83,14.01,298.83,359686.31,104891092.5091
1753507291775,05:21:31.775,bybit,AAVE/USDT:USDT,298.82,0.02,298.83,14.42,298.83,359686.31,104891092.5091
1753507292175,05:21:32.175,bybit,AAVE/USDT:USDT,298.82,0.02,298.83,14.42,298.83,359686.31,104891092.5091
1753507292475,05:21:32.475,bybit,AAVE/USDT:USDT,298.82,0.02,298.83,14.42,298.83,359686.31,104891092.5091
1753507292774,05:21:32.774,bybit,AAVE/USDT:USDT,298.82,0.02,298.83,14.42,298.83,359686.31,104891092.5091
1753507295874,05:21:35.874,bybit,AAVE/USDT:USDT,298.82,0.02,298.83,14.42,298.83,359439.94,104820278.6085
1753507295974,05:21:35.974,bybit,AAVE/USDT:USDT,298.82,0.02,298.83,14.74,298.83,359439.94,104820278.6085
1753507296174,05:21:36.174,bybit,AAVE/USDT:USDT,298.8,0.06,298.81,6.9,298.82,359439.96,104820284.5849
1753507296274,05:21:36.274,bybit,AAVE/USDT:USDT,298.8,0.06,298.81,6.97,298.82,359439.96,104820284.5849
1753507296374,05:21:36.374,bybit,AAVE/USDT:USDT,298.8,0.06,298.81,7.31,298.82,359439.96,104820284.5849
1753507296474,05:21:36.474,bybit,AAVE/USDT:USDT,298.8,0.06,298.81,8.54,298.82,359439.96,104820284.5849
1753507296574,05:21:36.574,bybit,AAVE/USDT:USDT,298.8,0.04,298.81,8.54,298.82,359439.96,104820284.5849
1753507296674,05:21:36.674,bybit,AAVE/USDT:USDT,298.8,0.84,298.81,6.13,298.82,359439.96,104820284.5849
1753507296774,05:21:36.774,bybit,AAVE/USDT:USDT,298.8,4.88,298.81,0.41,298.82,359439.96,104820284.5849
1753507296874,05:21:36.874,bybit,AAVE/USDT:USDT,298.8,0.35,298.81,3.41,298.82,359439.96,104820284.5849
1753507297175,05:21:37.175,bybit,AAVE/USDT:USDT,298.8,0.35,298.81,4.77,298.82,359439.96,104820284.5849
1753507297574,05:21:37.574,bybit,AAVE/USDT:USDT,298.8,0.35,298.81,4.77,298.82,359439.96,104820284.5849
1753507297874,05:21:37.874,bybit,AAVE/USDT:USDT,298.8,3.23,298.81,0.41,298.82,359439.96,104820284.5849
1753507297974,05:21:37.974,bybit,AAVE/USDT:USDT,298.8,3.23,298.81,0.57,298.82,359439.96,104820284.5849
1753507298174,05:21:38.174,bybit,AAVE/USDT:USDT,298.8,3.23,298.81,0.71,298.82,359439.96,104820284.5849
1753507299174,05:21:39.174,bybit,AAVE/USDT:USDT,298.8,0.35,298.81,3.02,298.82,359439.96,104820284.5849
1753507301775,05:21:41.775,bybit,AAVE/USDT:USDT,298.8,0.35,298.81,3.02,298.82,359439.96,104820284.5849
1753507304374,05:21:44.374,bybit,AAVE/USDT:USDT,298.8,0.35,298.81,2.6,298.82,359439.96,104820284.5849
1753507304575,05:21:44.575,bybit,AAVE/USDT:USDT,298.8,4.29,298.81,0.71,298.82,359439.96,104820284.5849
1753507305274,05:21:45.274,bybit,AAVE/USDT:USDT,298.8,0.35,298.81,2.96,298.82,359439.96,104820284.5849
1753507306374,05:21:46.374,bybit,AAVE/USDT:USDT,298.8,0.35,298.81,1.13,298.82,359439.96,104820284.5849
1753507306474,05:21:46.474,bybit,AAVE/USDT:USDT,298.8,0.35,298.81,3.06,298.82,359439.96,104820284.5849
1753507307775,05:21:47.775,bybit,AAVE/USDT:USDT,298.8,0.35,298.81,3.05,298.82,359439.96,104820284.5849
1753507308174,05:21:48.174,bybit,AAVE/USDT:USDT,298.8,3.14,298.81,0.7,298.82,359439.96,104820284.5849
1753507308374,05:21:48.374,bybit,AAVE/USDT:USDT,298.8,2.47,298.81,0.7,298.82,359439.96,104820284.5849
1753507308574,05:21:48.574,bybit,AAVE/USDT:USDT,298.8,0.35,298.81,0.7,298.82,359439.96,104820284.5849
1753507310374,05:21:50.374,bybit,AAVE/USDT:USDT,298.8,0.35,298.81,1.34,298.82,359439.96,104820284.5849
1753507311174,05:21:51.174,bybit,AAVE/USDT:USDT,298.8,0.35,298.81,3.05,298.82,359439.96,104820284.5849
1753507311574,05:21:51.574,bybit,AAVE/USDT:USDT,298.8,0.35,298.81,3.04,298.82,359439.96,104820284.5849
1753507312674,05:21:52.674,bybit,AAVE/USDT:USDT,298.8,0.35,298.81,3.03,298.82,359439.96,104820284.5849
1753507315474,05:21:55.474,bybit,AAVE/USDT:USDT,298.78,0.02,298.79,4.83,298.8,359440.31,104820389.1649
1753507315574,05:21:55.574,bybit,AAVE/USDT:USDT,298.78,0.02,298.79,4.83,298.8,359440.31,104820389.1649
1753507315675,05:21:55.675,bybit,AAVE/USDT:USDT,298.78,0.02,298.79,4.98,298.8,359440.31,104820389.1649
1753507315774,05:21:55.774,bybit,AAVE/USDT:USDT,298.78,0.02,298.79,6.36,298.8,359440.31,104820389.1649
1753507315875,05:21:55.875,bybit,AAVE/USDT:USDT,298.78,0.02,298.79,5.08,298.8,359440.31,104820389.1649
1753507315975,05:21:55.975,bybit,AAVE/USDT:USDT,298.78,0.02,298.79,3.48,298.8,359440.31,104820389.1649
1753507316075,05:21:56.075,bybit,AAVE/USDT:USDT,298.78,0.02,298.79,3.87,298.8,359440.31,104820389.1649
1753507316474,05:21:56.474,bybit,AAVE/USDT:USDT,298.78,0.02,298.79,4.65,298.8,359440.31,104820389.1649
1753507317574,05:21:57.574,bybit,AAVE/USDT:USDT,298.78,0.02,298.79,4.74,298.8,359440.31,104820389.1649
1753507318374,05:21:58.374,bybit,AAVE/USDT:USDT,298.78,0.02,298.79,4.76,298.8,359440.31,104820389.1649
1753507318574,05:21:58.574,bybit,AAVE/USDT:USDT,298.78,0.02,298.79,4.75,298.8,359440.31,104820389.1649
1753507319074,05:21:59.074,bybit,AAVE/USDT:USDT,298.76,1.23,298.77,0.42,298.77,359440.71,104820508.6731
1753507319175,05:21:59.175,bybit,AAVE/USDT:USDT,298.76,1.23,298.77,0.92,298.77,359440.71,104820508.6731
1753507319374,05:21:59.374,bybit,AAVE/USDT:USDT,298.76,1.23,298.77,1.06,298.77,359440.71,104820508.6731
1753507319474,05:21:59.474,bybit,AAVE/USDT:USDT,298.76,1.23,298.77,1.16,298.77,359440.71,104820508.6731
1753507320174,05:22:00.174,bybit,AAVE/USDT:USDT,298.76,1.23,298.77,0.74,298.77,359440.71,104820508.6731
1753507320574,05:22:00.574,bybit,AAVE/USDT:USDT,298.78,4.5,298.8,0.08,298.77,359441.45,104820729.7629
1753507320674,05:22:00.674,bybit,AAVE/USDT:USDT,298.79,3.0,298.8,0.02,298.77,359441.45,104820729.7629
1753507321974,05:22:01.974,bybit,AAVE/USDT:USDT,298.81,15.26,298.82,0.02,298.81,359442.04,104820906.0608
1753507322074,05:22:02.074,bybit,AAVE/USDT:USDT,298.81,11.09,298.82,0.02,298.81,359442.04,104820906.0608
1753507322174,05:22:02.174,bybit,AAVE/USDT:USDT,298.81,5.68,298.82,0.44,298.81,359442.04,104820906.0608
1753507322474,05:22:02.474,bybit,AAVE/USDT:USDT,298.81,5.68,298.82,0.44,298.81,359442.04,104820906.0608
1753507322674,05:22:02.674,bybit,AAVE/USDT:USDT,298.83,0.67,298.84,0.46,298.84,359442.63,104821082.3672
1753507322774,05:22:02.774,bybit,AAVE/USDT:USDT,298.82,1.09,298.83,0.42,298.84,359442.63,104821082.3672
1753507322874,05:22:02.874,bybit,AAVE/USDT:USDT,298.81,2.09,298.82,0.42,298.84,359442.63,104821082.3672
1753507323175,05:22:03.175,bybit,AAVE/USDT:USDT,298.81,2.09,298.83,0.42,298.84,359442.63,104821082.3672
1753507323474,05:22:03.474,bybit,AAVE/USDT:USDT,298.83,0.42,298.84,0.46,298.84,359442.63,104821082.3672
1753507323575,05:22:03.575,bybit,AAVE/USDT:USDT,298.82,1.36,298.84,0.88,298.84,359442.63,104821082.3672
1753507323875,05:22:03.875,bybit,AAVE/USDT:USDT,298.82,0.42,298.84,2.81,298.84,359442.63,104821082.3672
1753507324974,05:22:04.974,bybit,AAVE/USDT:USDT,298.8,5.04,298.82,1.46,298.84,359442.63,104821082.3672
1753507325074,05:22:05.074,bybit,AAVE/USDT:USDT,298.81,0.42,298.82,1.46,298.84,359442.63,104821082.3672
1753507325274,05:22:05.274,bybit,AAVE/USDT:USDT,298.8,0.46,298.81,0.78,298.84,359442.63,104821082.3672
1753507325674,05:22:05.674,bybit,AAVE/USDT:USDT,298.8,0.44,298.81,0.78,298.84,359442.63,104821082.3672
1753507325775,05:22:05.775,bybit,AAVE/USDT:USDT,298.8,0.44,298.81,4.64,298.84,359442.63,104821082.3672
1753507325975,05:22:05.975,bybit,AAVE/USDT:USDT,298.8,0.42,298.81,3.04,298.84,359442.63,104821082.3672
1753507326375,05:22:06.375,bybit,AAVE/USDT:USDT,298.8,0.42,298.81,0.36,298.84,359442.63,104821082.3672
1753507328074,05:22:08.074,bybit,AAVE/USDT:USDT,298.82,0.42,298.84,0.46,298.84,359442.63,104821082.3672
1753507328274,05:22:08.274,bybit,AAVE/USDT:USDT,298.83,2.58,298.84,0.46,298.84,359442.63,104821082.3672
1753507328575,05:22:08.575,bybit,AAVE/USDT:USDT,298.81,4.95,298.84,1.3,298.84,359442.63,104821082.3672
1753507328674,05:22:08.674,bybit,AAVE/USDT:USDT,298.81,0.42,298.83,0.42,298.84,359442.63,104821082.3672
1753507329074,05:22:09.074,bybit,AAVE/USDT:USDT,298.83,0.42,298.84,0.46,298.84,359442.63,104821082.3672
1753507330075,05:22:10.075,bybit,AAVE/USDT:USDT,298.82,0.12,298.83,0.42,298.84,359442.63,104821082.3672
1753507331274,05:22:11.274,bybit,AAVE/USDT:USDT,298.81,0.42,298.83,0.42,298.84,359442.63,104821082.3672
1753507331774,05:22:11.774,bybit,AAVE/USDT:USDT,298.81,0.42,298.83,0.42,298.84,359442.63,104821082.3672
1753507332174,05:22:12.174,bybit,AAVE/USDT:USDT,298.81,0.42,298.84,2.89,298.84,359442.63,104821082.3672
1753507332274,05:22:12.274,bybit,AAVE/USDT:USDT,298.81,3.0,298.84,2.89,298.84,359442.63,104821082.3672
1753507333274,05:22:13.274,bybit,AAVE/USDT:USDT,298.81,3.0,298.82,1.46,298.84,359442.63,104821082.3672
1753507335274,05:22:15.274,bybit,AAVE/USDT:USDT,298.81,4.2,298.84,2.72,298.82,359444.09,104821518.6444
1753507335375,05:22:15.375,bybit,AAVE/USDT:USDT,298.83,0.42,298.84,0.46,298.82,359444.09,104821518.6444
1753507335574,05:22:15.574,bybit,AAVE/USDT:USDT,298.81,5.74,298.84,2.1,298.82,359444.09,104821518.6444
1753507335674,05:22:15.674,bybit,AAVE/USDT:USDT,298.82,0.42,298.84,2.1,298.82,359444.09,104821518.6444
1753507335774,05:22:15.774,bybit,AAVE/USDT:USDT,298.82,0.42,298.83,0.78,298.82,359444.09,104821518.6444
1753507336274,05:22:16.274,bybit,AAVE/USDT:USDT,298.82,0.42,298.83,0.78,298.82,359444.09,104821518.6444
1753507336375,05:22:16.375,bybit,AAVE/USDT:USDT,298.82,0.57,298.83,0.36,298.82,359444.09,104821518.6444
1753507336575,05:22:16.575,bybit,AAVE/USDT:USDT,298.82,0.42,298.83,0.36,298.82,359444.09,104821518.6444
1753507337274,05:22:17.274,bybit,AAVE/USDT:USDT,298.82,1.07,298.83,0.36,298.82,359444.09,104821518.6444
1753507337874,05:22:17.874,bybit,AAVE/USDT:USDT,298.82,5.66,298.84,0.46,298.82,359444.09,104821518.6444
1753507337975,05:22:17.975,bybit,AAVE/USDT:USDT,298.83,1.07,298.84,0.46,298.82,359444.09,104821518.6444
1753507338574,05:22:18.574,bybit,AAVE/USDT:USDT,298.82,4.16,298.84,0.46,298.82,359444.09,104821518.6444
1753507338775,05:22:18.775,bybit,AAVE/USDT:USDT,298.82,1.92,298.84,0.46,298.82,359444.09,104821518.6444
1753507339074,05:22:19.074,bybit,AAVE/USDT:USDT,298.82,0.42,298.84,0.46,298.82,359444.09,104821518.6444
1753507339474,05:22:19.474,bybit,AAVE/USDT:USDT,298.8,0.46,298.82,1.46,298.82,359444.09,104821518.6444
1753507339575,05:22:19.575,bybit,AAVE/USDT:USDT,298.81,0.12,298.82,1.46,298.82,359444.09,104821518.6444
1753507339874,05:22:19.874,bybit,AAVE/USDT:USDT,298.83,0.42,298.84,0.46,298.82,359444.09,104821518.6444
1753507340475,05:22:20.475,bybit,AAVE/USDT:USDT,298.83,0.42,298.84,0.46,298.82,359444.09,104821518.6444
1753507340774,05:22:20.774,bybit,AAVE/USDT:USDT,298.83,0.42,298.84,0.46,298.82,359444.09,104821518.6444
1753507340874,05:22:20.874,bybit,AAVE/USDT:USDT,298.83,0.42,298.84,0.46,298.82,359264.48,104769957.2723
1753507340974,05:22:20.974,bybit,AAVE/USDT:USDT,298.82,0.42,298.83,2.63,298.82,359264.48,104769957.2723
1753507341075,05:22:21.075,bybit,AAVE/USDT:USDT,298.82,0.42,298.83,1.11,298.82,359264.48,104769957.2723
1753507341175,05:22:21.175,bybit,AAVE/USDT:USDT,298.82,0.42,298.84,4.62,298.82,359264.48,104769957.2723
1753507341874,05:22:21.874,bybit,AAVE/USDT:USDT,298.83,0.12,298.84,0.46,298.82,359264.48,104769957.2723
1753507342474,05:22:22.474,bybit,AAVE/USDT:USDT,298.83,0.12,298.84,0.68,298.82,359264.48,104769957.2723
1753507342574,05:22:22.574,bybit,AAVE/USDT:USDT,298.83,0.12,298.84,0.68,298.82,359264.48,104769957.2723
1753507342674,05:22:22.674,bybit,AAVE/USDT:USDT,298.85,6.75,298.86,0.02,298.84,359265.69,104770318.8687
1753507342775,05:22:22.775,bybit,AAVE/USDT:USDT,298.97,13.18,298.98,0.57,298.97,359286.51,104776542.846
1753507342874,05:22:22.874,bybit,AAVE/USDT:USDT,298.97,0.42,298.98,4.75,298.97,359286.51,104776542.846
1753507342974,05:22:22.974,bybit,AAVE/USDT:USDT,298.97,1.1,298.98,0.57,298.97,359286.51,104776542.846
1753507343074,05:22:23.074,bybit,AAVE/USDT:USDT,298.99,8.45,299.0,10.4,298.98,359287.08,104776713.2646
1753507343174,05:22:23.174,bybit,AAVE/USDT:USDT,298.98,9.29,299.0,10.4,298.98,359287.08,104776713.2646
1753507343274,05:22:23.274,bybit,AAVE/USDT:USDT,298.98,5.94,299.0,10.4,298.98,359287.08,104776713.2646
1753507343375,05:22:23.375,bybit,AAVE/USDT:USDT,298.98,4.79,299.0,10.4,298.98,359287.08,104776713.2646
1753507343474,05:22:23.474,bybit,AAVE/USDT:USDT,298.99,1.67,299.0,10.4,298.98,359287.08,104776713.2646
1753507343574,05:22:23.574,bybit,AAVE/USDT:USDT,298.99,2.57,299.0,10.4,298.98,359287.08,104776713.2646
1753507343875,05:22:23.875,bybit,AAVE/USDT:USDT,298.99,0.33,299.0,10.4,298.98,359287.08,104776713.2646
1753507344074,05:22:24.074,bybit,AAVE/USDT:USDT,298.99,0.33,299.0,10.4,298.98,359287.08,104776713.2646
1753507344374,05:22:24.374,bybit,AAVE/USDT:USDT,298.99,0.33,299.0,10.4,298.98,359287.08,104776713.2646
1753507344675,05:22:24.675,bybit,AAVE/USDT:USDT,298.95,0.42,298.96,1.35,298.99,359287.41,104776811.9313
1753507344775,05:22:24.775,bybit,AAVE/USDT:USDT,298.95,0.42,298.96,2.12,298.99,359287.41,104776811.9313
1753507345074,05:22:25.074,bybit,AAVE/USDT:USDT,298.95,0.42,298.96,0.77,298.99,359287.41,104776811.9313
1753507345375,05:22:25.375,bybit,AAVE/USDT:USDT,298.95,0.42,298.97,0.42,298.99,359287.41,104776811.9313
1753507345574,05:22:25.574,bybit,AAVE/USDT:USDT,298.93,2.22,298.94,1.6,298.99,359287.41,104776811.9313
1753507345674,05:22:25.674,bybit,AAVE/USDT:USDT,298.93,0.42,298.95,1.6,298.99,359287.41,104776811.9313
1753507345874,05:22:25.874,bybit,AAVE/USDT:USDT,298.93,0.42,298.95,0.42,298.99,359287.41,104776811.9313
1753507345974,05:22:25.974,bybit,AAVE/USDT:USDT,298.94,0.42,298.95,0.42,298.99,359287.41,104776811.9313
1753507346274,05:22:26.274,bybit,AAVE/USDT:USDT,298.93,0.42,298.94,2.58,298.99,359287.41,104776811.9313
1753507346374,05:22:26.374,bybit,AAVE/USDT:USDT,298.92,0.42,298.93,3.06,298.99,359287.41,104776811.9313
1753507346474,05:22:26.474,bybit,AAVE/USDT:USDT,298.92,0.42,298.93,1.46,298.99,359287.41,104776811.9313
1753507346674,05:22:26.674,bybit,AAVE/USDT:USDT,299.01,11.85,299.02,0.02,299.01,359299.42,104780402.8835
1753507346774,05:22:26.774,bybit,AAVE/USDT:USDT,299.13,1.15,299.14,2.5,299.13,359319.19,104786316.0805
1753507346874,05:22:26.874,bybit,AAVE/USDT:USDT,299.13,1.97,299.14,2.5,299.13,359319.35,104786363.9413
1753507346974,05:22:26.974,bybit,AAVE/USDT:USDT,299.12,0.52,299.13,0.78,299.13,359319.35,104786363.9413
1753507347074,05:22:27.074,bybit,AAVE/USDT:USDT,299.12,0.94,299.13,0.36,299.13,359319.68,104786462.6542
1753507347274,05:22:27.274,bybit,AAVE/USDT:USDT,299.1,3.33,299.12,2.92,299.13,359319.68,104786462.6542
1753507347374,05:22:27.374,bybit,AAVE/USDT:USDT,299.1,0.02,299.11,13.03,299.13,359319.68,104786462.6542
1753507347475,05:22:27.475,bybit,AAVE/USDT:USDT,299.1,0.02,299.11,14.03,299.13,359319.68,104786462.6542
1753507347574,05:22:27.574,bybit,AAVE/USDT:USDT,299.1,0.02,299.11,11.43,299.13,359319.68,104786462.6542
1753507347874,05:22:27.874,bybit,AAVE/USDT:USDT,299.1,0.02,299.11,11.54,299.13,359319.68,104786462.6542
1753507347975,05:22:27.975,bybit,AAVE/USDT:USDT,299.1,0.02,299.11,11.54,299.13,359319.68,104786462.6542
1753507348074,05:22:28.074,bybit,AAVE/USDT:USDT,299.04,5.41,299.05,13.5,299.05,359329.77,104789480.1567
1753507348174,05:22:28.174,bybit,AAVE/USDT:USDT,299.04,5.41,299.05,13.5,299.05,359329.77,104789480.1567
1753507348474,05:22:28.474,bybit,AAVE/USDT:USDT,299.04,5.41,299.05,5.87,299.05,359330.64,104789740.3302
1753507348574,05:22:28.574,bybit,AAVE/USDT:USDT,299.04,5.41,299.05,5.98,299.05,359330.64,104789740.3302
1753507348674,05:22:28.674,bybit,AAVE/USDT:USDT,299.04,5.41,299.05,3.96,299.05,359330.64,104789740.3302
1753507349375,05:22:29.375,bybit,AAVE/USDT:USDT,299.04,5.41,299.05,3.99,299.05,359330.64,104789740.3302
1753507349474,05:22:29.474,bybit,AAVE/USDT:USDT,299.04,5.41,299.05,3.99,299.05,359330.64,104789740.3302
1753507349574,05:22:29.574,bybit,AAVE/USDT:USDT,299.04,5.08,299.05,3.99,299.04,359330.97,104789839.0134
1753507349674,05:22:29.674,bybit,AAVE/USDT:USDT,299.1,11.48,299.14,2.54,299.1,359331.21,104789910.7892
1753507349774,05:22:29.774,bybit,AAVE/USDT:USDT,299.17,11.38,299.18,0.18,299.17,359340.02,104792546.3082
1753507349874,05:22:29.874,bybit,AAVE/USDT:USDT,299.17,15.5,299.18,0.18,299.17,359340.02,104792546.3082
1753507349975,05:22:29.975,bybit,AAVE/USDT:USDT,299.17,10.32,299.18,0.18,299.17,359340.02,104792546.3082
1753507350074,05:22:30.074,bybit,AAVE/USDT:USDT,299.17,10.25,299.18,0.18,299.17,359340.02,104792546.3082
1753507350274,05:22:30.274,bybit,AAVE/USDT:USDT,299.16,1.49,299.17,5.85,299.17,359340.1,104792570.2418
1753507350374,05:22:30.374,bybit,AAVE/USDT:USDT,299.12,0.42,299.14,2.5,299.13,359349.56,104795400.0496
1753507350475,05:22:30.475,bybit,AAVE/USDT:USDT,299.12,0.42,299.14,2.5,299.13,359349.56,104795400.0496
1753507350574,05:22:30.574,bybit,AAVE/USDT:USDT,299.11,0.42,299.12,1.46,299.13,359349.56,104795400.0496
1753507350674,05:22:30.674,bybit,AAVE/USDT:USDT,299.11,0.42,299.12,3.64,299.13,359349.56,104795400.0496
1753507350774,05:22:30.774,bybit,AAVE/USDT:USDT,299.1,0.96,299.11,0.68,299.13,359349.56,104795400.0496
1753507351274,05:22:31.274,bybit,AAVE/USDT:USDT,299.1,0.96,299.11,0.68,299.13,359349.56,104795400.0496
1753507351575,05:22:31.575,bybit,AAVE/USDT:USDT,299.1,0.96,299.11,3.43,299.13,359349.56,104795400.0496
1753507351674,05:22:31.674,bybit,AAVE/USDT:USDT,299.1,0.96,299.11,4.52,299.13,359349.56,104795400.0496
1753507351774,05:22:31.774,bybit,AAVE/USDT:USDT,299.05,1.7,299.07,3.63,299.13,359349.56,104795400.0496
1753507351874,05:22:31.874,bybit,AAVE/USDT:USDT,299.05,1.68,299.06,5.17,299.06,359349.89,104795498.7394
1753507351975,05:22:31.975,bybit,AAVE/USDT:USDT,299.07,0.42,299.08,2.17,299.06,359352.06,104796147.6996
1753507352475,05:22:32.475,bybit,AAVE/USDT:USDT,299.07,0.42,299.08,1.09,299.06,359352.06,104796147.6996
1753507352575,05:22:32.575,bybit,AAVE/USDT:USDT,299.07,2.52,299.08,1.09,299.06,359352.06,104796147.6996
1753507352774,05:22:32.774,bybit,AAVE/USDT:USDT,299.07,2.52,299.08,1.09,299.06,359352.06,104796147.6996
1753507353175,05:22:33.175,bybit,AAVE/USDT:USDT,299.07,2.52,299.08,0.86,299.06,359352.06,104796147.6996
1753507353474,05:22:33.474,bybit,AAVE/USDT:USDT,299.07,4.05,299.08,0.86,299.06,359352.06,104796147.6996
1753507353574,05:22:33.574,bybit,AAVE/USDT:USDT,299.11,3.67,299.12,0.02,299.1,359352.96,104796416.8724
1753507353674,05:22:33.674,bybit,AAVE/USDT:USDT,299.22,1.44,299.23,7.75,299.24,359368.91,104801189.274
1753507353774,05:22:33.774,bybit,AAVE/USDT:USDT,299.21,0.07,299.22,4.2,299.24,359368.91,104801189.274
1753507353874,05:22:33.874,bybit,AAVE/USDT:USDT,299.23,0.42,299.25,0.04,299.24,359368.91,104801189.274
1753507353975,05:22:33.975,bybit,AAVE/USDT:USDT,299.22,0.59,299.24,0.42,299.24,359368.91,104801189.274
1753507354074,05:22:34.074,bybit,AAVE/USDT:USDT,299.22,0.59,299.24,2.43,299.24,359368.91,104801189.274
1753507354175,05:22:34.175,bybit,AAVE/USDT:USDT,299.2,0.68,299.23,0.46,299.2,359369.32,104801311.9467
1753507354275,05:22:34.275,bybit,AAVE/USDT:USDT,299.2,0.68,299.21,0.42,299.2,359369.32,104801311.9467
1753507354375,05:22:34.375,bybit,AAVE/USDT:USDT,299.2,0.39,299.21,8.48,299.2,359369.98,104801509.422
1753507354474,05:22:34.474,bybit,AAVE/USDT:USDT,299.2,0.04,299.21,5.57,299.21,359370.31,104801608.1613
1753507354574,05:22:34.574,bybit,AAVE/USDT:USDT,299.2,0.04,299.21,5.57,299.21,359370.31,104801608.1613
1753507354774,05:22:34.774,bybit,AAVE/USDT:USDT,299.2,0.02,299.21,7.31,299.21,359370.31,104801608.1613
1753507354874,05:22:34.874,bybit,AAVE/USDT:USDT,299.17,2.56,299.18,3.53,299.17,359370.61,104801697.9136
1753507354974,05:22:34.974,bybit,AAVE/USDT:USDT,299.17,2.56,299.18,1.46,299.17,359370.61,104801697.9136
1753507355074,05:22:35.074,bybit,AAVE/USDT:USDT,299.17,2.56,299.18,1.82,299.17,359370.61,104801697.9136
1753507355174,05:22:35.174,bybit,AAVE/USDT:USDT,299.15,4.19,299.16,1.46,299.17,359370.61,104801697.9136
1753507355474,05:22:35.474,bybit,AAVE/USDT:USDT,299.15,4.19,299.16,1.46,299.17,359370.61,104801697.9136
1753507355574,05:22:35.574,bybit,AAVE/USDT:USDT,299.13,5.6,299.16,4.23,299.17,359370.61,104801697.9136
1753507355674,05:22:35.674,bybit,AAVE/USDT:USDT,299.13,5.56,299.14,3.06,299.17,359370.61,104801697.9136
1753507355775,05:22:35.775,bybit,AAVE/USDT:USDT,299.13,5.56,299.14,3.06,299.17,359370.61,104801697.9136
1753507356174,05:22:36.174,bybit,AAVE/USDT:USDT,299.13,8.72,299.14,1.46,299.17,359370.61,104801697.9136
1753507356374,05:22:36.374,bybit,AAVE/USDT:USDT,299.13,8.72,299.14,1.46,299.17,359370.61,104801697.9136
1753507356674,05:22:36.674,bybit,AAVE/USDT:USDT,299.13,8.72,299.16,2.81,299.17,359370.61,104801697.9136
1753507356774,05:22:36.774,bybit,AAVE/USDT:USDT,299.15,0.38,299.16,2.77,299.17,359370.61,104801697.9136
1753507356874,05:22:36.874,bybit,AAVE/USDT:USDT,299.15,0.33,299.16,7.6,299.17,359370.61,104801697.9136
1753507357274,05:22:37.274,bybit,AAVE/USDT:USDT,299.15,0.33,299.16,7.6,299.17,359370.61,104801697.9136
1753507357375,05:22:37.375,bybit,AAVE/USDT:USDT,299.15,0.25,299.16,7.6,299.15,359370.69,104801721.8456
1753507357475,05:22:37.475,bybit,AAVE/USDT:USDT,299.13,8.64,299.14,3.39,299.13,359371.02,104801820.5635
1753507357574,05:22:37.574,bybit,AAVE/USDT:USDT,299.23,9.5,299.24,0.02,299.2,359374.12,104802747.9589
1753507357674,05:22:37.674,bybit,AAVE/USDT:USDT,299.23,3.96,299.24,0.68,299.24,359374.14,104802753.9437
1753507357774,05:22:37.774,bybit,AAVE/USDT:USDT,299.24,0.42,299.25,3.82,299.26,359386.78,104806536.7036
1753507357874,05:22:37.874,bybit,AAVE/USDT:USDT,299.25,0.42,299.26,1.17,299.26,359386.78,104806536.7036
1753507357974,05:22:37.974,bybit,AAVE/USDT:USDT,299.25,1.89,299.26,1.17,299.26,359386.78,104806536.7036
1753507358074,05:22:38.074,bybit,AAVE/USDT:USDT,299.25,0.42,299.26,1.17,299.26,359386.78,104806536.7036
1753507358174,05:22:38.174,bybit,AAVE/USDT:USDT,299.25,0.42,299.26,1.17,299.26,359386.78,104806536.7036
1753507358274,05:22:38.274,bybit,AAVE/USDT:USDT,299.25,2.77,299.26,0.47,299.26,359387.78,104806835.9636
1753507358475,05:22:38.475,bybit,AAVE/USDT:USDT,299.26,0.42,299.27,2.03,299.26,359387.78,104806835.9636
1753507358875,05:22:38.875,bybit,AAVE/USDT:USDT,299.25,2.77,299.26,4.14,299.26,359387.78,104806835.9636
1753507359074,05:22:39.074,bybit,AAVE/USDT:USDT,299.25,2.77,299.26,4.14,299.26,359387.78,104806835.9636
1753507359374,05:22:39.374,bybit,AAVE/USDT:USDT,299.25,2.77,299.26,4.14,299.26,359387.78,104806835.9636
1753507359875,05:22:39.875,bybit,AAVE/USDT:USDT,299.25,2.77,299.26,2.98,299.26,359387.78,104806835.9636
1753507360074,05:22:40.074,bybit,AAVE/USDT:USDT,299.25,2.61,299.26,3.72,299.25,359387.94,104806883.8436
1753507360274,05:22:40.274,bybit,AAVE/USDT:USDT,299.25,2.77,299.26,3.72,299.25,359387.94,104806883.8436
1753507360374,05:22:40.374,bybit,AAVE/USDT:USDT,299.25,2.77,299.26,1.46,299.25,359387.94,104806883.8436
1753507360474,05:22:40.474,bybit,AAVE/USDT:USDT,299.26,0.42,299.27,2.03,299.25,359387.94,104806883.8436
1753507360575,05:22:40.575,bybit,AAVE/USDT:USDT,299.26,0.42,299.27,2.03,299.25,359387.94,104806883.8436
1753507360774,05:22:40.774,bybit,AAVE/USDT:USDT,299.25,2.77,299.27,2.03,299.25,359387.94,104806883.8436
1753507361074,05:22:41.074,bybit,AAVE/USDT:USDT,299.26,0.16,299.27,2.03,299.25,359387.94,104806883.8436
1753507361274,05:22:41.274,bybit,AAVE/USDT:USDT,299.26,0.11,299.27,2.03,299.26,359387.99,104806898.8066
1753507361375,05:22:41.375,bybit,AAVE/USDT:USDT,299.26,0.11,299.27,2.03,299.26,359387.99,104806898.8066
1753507361674,05:22:41.674,bybit,AAVE/USDT:USDT,299.26,0.53,299.27,2.03,299.26,359387.99,104806898.8066
1753507361775,05:22:41.775,bybit,AAVE/USDT:USDT,299.26,0.53,299.27,2.03,299.26,359387.99,104806898.8066
1753507361874,05:22:41.874,bybit,AAVE/USDT:USDT,299.26,0.11,299.27,2.03,299.26,359387.99,104806898.8066
1753507362274,05:22:42.274,bybit,AAVE/USDT:USDT,299.26,0.11,299.27,2.26,299.26,359387.99,104806898.8066
1753507362374,05:22:42.374,bybit,AAVE/USDT:USDT,299.26,0.11,299.27,2.26,299.26,359387.99,104806898.8066
1753507362475,05:22:42.475,bybit,AAVE/USDT:USDT,299.25,2.39,299.26,6.39,299.25,359388.32,104806997.5602
1753507362574,05:22:42.574,bybit,AAVE/USDT:USDT,299.25,2.39,299.26,6.39,299.25,359388.32,104806997.5602
1753507362674,05:22:42.674,bybit,AAVE/USDT:USDT,299.25,2.39,299.26,6.39,299.25,359388.32,104806997.5602
1753507363274,05:22:43.274,bybit,AAVE/USDT:USDT,299.25,2.39,299.26,3.62,299.25,359388.32,104806997.5602
1753507363374,05:22:43.374,bybit,AAVE/USDT:USDT,299.4,2.95,299.44,5.18,299.44,359440.98,104822762.8272
1753507363474,05:22:43.474,bybit,AAVE/USDT:USDT,299.41,0.32,299.42,13.91,299.44,359440.98,104822762.8272
1753507363574,05:22:43.574,bybit,AAVE/USDT:USDT,299.44,0.54,299.46,0.84,299.41,359441.2,104822828.6974
1753507363674,05:22:43.674,bybit,AAVE/USDT:USDT,299.42,3.74,299.43,2.26,299.42,359441.76,104822996.3726
1753507363774,05:22:43.774,bybit,AAVE/USDT:USDT,299.4,0.02,299.41,6.6,299.42,359445.03,104823975.476
1753507363874,05:22:43.874,bybit,AAVE/USDT:USDT,299.4,2.3,299.41,4.72,299.42,359445.03,104823975.476
1753507363974,05:22:43.974,bybit,AAVE/USDT:USDT,299.4,0.02,299.41,4.72,299.42,359445.03,104823975.476
1753507364074,05:22:44.074,bybit,AAVE/USDT:USDT,299.38,0.94,299.39,9.29,299.38,359451.59,104825939.4186
1753507364174,05:22:44.174,bybit,AAVE/USDT:USDT,299.38,0.94,299.39,4.99,299.38,359451.59,104825939.4186
1753507364474,05:22:44.474,bybit,AAVE/USDT:USDT,299.38,0.94,299.4,6.99,299.38,359451.59,104825939.4186
1753507364674,05:22:44.674,bybit,AAVE/USDT:USDT,299.38,0.94,299.39,1.76,299.38,359451.59,104825939.4186
1753507364974,05:22:44.974,bybit,AAVE/USDT:USDT,299.38,0.61,299.39,3.39,299.38,359451.92,104826038.214
1753507365174,05:22:45.174,bybit,AAVE/USDT:USDT,299.38,0.75,299.39,3.39,299.38,359451.92,104826038.214
1753507365275,05:22:45.275,bybit,AAVE/USDT:USDT,299.38,0.61,299.39,3.39,299.38,359451.92,104826038.214
1753507365374,05:22:45.374,bybit,AAVE/USDT:USDT,299.38,0.61,299.39,3.39,299.38,359451.92,104826038.214
1753507365474,05:22:45.474,bybit,AAVE/USDT:USDT,299.38,0.94,299.39,3.38,299.39,359451.93,104826041.2079
1753507365574,05:22:45.574,bybit,AAVE/USDT:USDT,299.38,0.94,299.39,2.94,299.39,359451.93,104826041.2079
1753507365674,05:22:45.674,bybit,AAVE/USDT:USDT,299.38,0.94,299.39,1.15,299.39,359452.03,104826071.1469
1753507365774,05:22:45.774,bybit,AAVE/USDT:USDT,299.38,0.94,299.39,0.11,299.39,359452.03,104826071.1469
1753507366274,05:22:46.274,bybit,AAVE/USDT:USDT,299.38,0.94,299.39,0.11,299.39,359452.03,104826071.1469
1753507366374,05:22:46.374,bybit,AAVE/USDT:USDT,299.38,1.36,299.39,0.11,299.39,359452.03,104826071.1469
1753507366474,05:22:46.474,bybit,AAVE/USDT:USDT,299.39,9.34,299.4,0.02,299.39,359452.14,104826104.0798
1753507366574,05:22:46.574,bybit,AAVE/USDT:USDT,299.39,5.55,299.4,0.02,299.39,359452.14,104826104.0798
1753507366774,05:22:46.774,bybit,AAVE/USDT:USDT,299.43,2.09,299.46,1.48,299.39,359452.14,104826104.0798
1753507366874,05:22:46.874,bybit,AAVE/USDT:USDT,299.61,1.14,299.64,1.04,299.61,359698.58,104899900.7497
1753507366974,05:22:46.974,bybit,AAVE/USDT:USDT,299.56,4.9,299.61,0.03,299.62,359709.26,104903100.3574
1753507367075,05:22:47.075,bybit,AAVE/USDT:USDT,299.59,2.58,299.6,0.04,299.62,359709.26,104903100.3574
1753507367174,05:22:47.174,bybit,AAVE/USDT:USDT,299.59,2.58,299.6,0.02,299.62,359709.26,104903100.3574
1753507367474,05:22:47.474,bybit,AAVE/USDT:USDT,299.58,0.94,299.59,5.4,299.6,359709.99,104903319.0758
1753507367574,05:22:47.574,bybit,AAVE/USDT:USDT,299.55,12.79,299.56,0.68,299.58,359710.93,104903600.681
1753507367675,05:22:47.675,bybit,AAVE/USDT:USDT,299.55,3.21,299.56,2.26,299.58,359710.93,104903600.681
1753507367774,05:22:47.774,bybit,AAVE/USDT:USDT,299.54,26.37,299.55,2.26,299.58,359710.93,104903600.681
1753507367874,05:22:47.874,bybit,AAVE/USDT:USDT,299.54,27.03,299.55,2.26,299.58,359710.93,104903600.681
1753507367974,05:22:47.974,bybit,AAVE/USDT:USDT,299.56,2.64,299.57,0.42,299.55,359713.19,104904277.664
1753507368074,05:22:48.074,bybit,AAVE/USDT:USDT,299.56,2.64,299.57,0.42,299.55,359713.19,104904277.664
1753507368174,05:22:48.174,bybit,AAVE/USDT:USDT,299.56,2.64,299.57,0.09,299.57,359713.52,104904376.5221
1753507368275,05:22:48.275,bybit,AAVE/USDT:USDT,299.56,4.07,299.58,0.42,299.57,359713.52,104904376.5221
1753507368374,05:22:48.374,bybit,AAVE/USDT:USDT,299.56,2.85,299.57,0.68,299.56,359715.19,104904876.7915
1753507368474,05:22:48.474,bybit,AAVE/USDT:USDT,299.54,27.03,299.55,2.26,299.56,359715.19,104904876.7915
1753507368674,05:22:48.674,bybit,AAVE/USDT:USDT,299.54,27.03,299.55,2.26,299.56,359715.19,104904876.7915
1753507368774,05:22:48.774,bybit,AAVE/USDT:USDT,299.54,26.37,299.55,2.26,299.56,359715.19,104904876.7915
1753507368975,05:22:48.975,bybit,AAVE/USDT:USDT,299.54,29.64,299.55,3.12,299.54,359716.87,104905380.0187
1753507369074,05:22:49.074,bybit,AAVE/USDT:USDT,299.54,29.64,299.55,4.62,299.54,359716.87,104905380.0187
1753507369174,05:22:49.174,bybit,AAVE/USDT:USDT,299.51,2.84,299.52,4.96,299.54,359729.8,104909253.0709
1753507369274,05:22:49.274,bybit,AAVE/USDT:USDT,299.51,2.82,299.52,4.96,299.54,359729.8,104909253.0709
1753507369374,05:22:49.374,bybit,AAVE/USDT:USDT,299.51,3.74,299.52,4.96,299.54,359729.8,104909253.0709
1753507369475,05:22:49.475,bybit,AAVE/USDT:USDT,299.51,2.48,299.52,1.96,299.54,359729.8,104909253.0709
1753507369574,05:22:49.574,bybit,AAVE/USDT:USDT,299.51,2.48,299.52,1.96,299.54,359729.8,104909253.0709
1753507369975,05:22:49.975,bybit,AAVE/USDT:USDT,299.51,2.89,299.52,4.22,299.51,359730.13,104909351.9092
1753507370074,05:22:50.074,bybit,AAVE/USDT:USDT,299.51,2.89,299.52,4.22,299.51,359730.13,104909351.9092
1753507370474,05:22:50.474,bybit,AAVE/USDT:USDT,299.51,0.69,299.52,4.22,299.51,359730.13,104909351.9092
1753507370674,05:22:50.674,bybit,AAVE/USDT:USDT,299.5,2.22,299.51,6.82,299.51,359730.13,104909351.9092
1753507370774,05:22:50.774,bybit,AAVE/USDT:USDT,299.5,2.2,299.51,6.82,299.51,359730.13,104909351.9092
1753507370874,05:22:50.874,bybit,AAVE/USDT:USDT,299.5,2.18,299.51,1.96,299.51,359730.13,104909351.9092
1753507370975,05:22:50.975,bybit,AAVE/USDT:USDT,299.5,0.35,299.51,2.26,299.52,359733.22,104910277.4064
1753507371074,05:22:51.074,bybit,AAVE/USDT:USDT,299.5,0.35,299.51,2.26,299.52,359733.22,104910277.4064
1753507371374,05:22:51.374,bybit,AAVE/USDT:USDT,299.5,0.35,299.51,6.35,299.52,359733.22,104910277.4064
1753507371474,05:22:51.474,bybit,AAVE/USDT:USDT,299.47,3.43,299.48,4.41,299.47,359738.04,104911720.8887
1753507371574,05:22:51.574,bybit,AAVE/USDT:USDT,299.47,2.68,299.48,4.41,299.47,359738.04,104911720.8887
1753507371674,05:22:51.674,bybit,AAVE/USDT:USDT,299.47,2.68,299.48,4.54,299.47,359738.04,104911720.8887
1753507372275,05:22:52.275,bybit,AAVE/USDT:USDT,299.47,2.68,299.48,4.54,299.47,359738.04,104911720.8887
1753507372974,05:22:52.974,bybit,AAVE/USDT:USDT,299.47,2.68,299.48,6.01,299.47,359738.04,104911720.8887
1753507373274,05:22:53.274,bybit,AAVE/USDT:USDT,299.47,7.73,299.48,7.85,299.47,359738.04,104911720.8887
1753507373474,05:22:53.474,bybit,AAVE/USDT:USDT,299.47,7.73,299.48,7.85,299.47,359738.04,104911720.8887
1753507373574,05:22:53.574,bybit,AAVE/USDT:USDT,299.47,7.73,299.48,6.35,299.47,359738.04,104911720.8887
1753507373874,05:22:53.874,bybit,AAVE/USDT:USDT,299.44,2.49,299.45,5.69,299.46,359751.7,104915811.5896
1753507373975,05:22:53.975,bybit,AAVE/USDT:USDT,299.44,0.02,299.45,4.48,299.46,359751.7,104915811.5896
1753507374074,05:22:54.074,bybit,AAVE/USDT:USDT,299.44,0.02,299.45,4.82,299.46,359751.7,104915811.5896
1753507374274,05:22:54.274,bybit,AAVE/USDT:USDT,299.44,0.02,299.45,2.23,299.46,359751.7,104915811.5896
1753507374375,05:22:54.375,bybit,AAVE/USDT:USDT,299.44,0.02,299.45,7.37,299.46,359751.7,104915811.5896
1753507374574,05:22:54.574,bybit,AAVE/USDT:USDT,299.44,0.02,299.45,7.5,299.46,359751.7,104915811.5896
1753507374674,05:22:54.674,bybit,AAVE/USDT:USDT,299.44,0.02,299.45,7.5,299.46,359751.7,104915811.5896
1753507375574,05:22:55.574,bybit,AAVE/USDT:USDT,299.44,0.02,299.45,7.5,299.46,359751.7,104915811.5896
1753507376174,05:22:56.174,bybit,AAVE/USDT:USDT,299.44,0.02,299.45,6.5,299.45,359752.7,104916111.0396
1753507376274,05:22:56.274,bybit,AAVE/USDT:USDT,299.44,0.02,299.45,6.5,299.45,359752.7,104916111.0396
1753507377074,05:22:57.074,bybit,AAVE/USDT:USDT,299.44,0.02,299.45,6.5,299.45,359752.7,104916111.0396
1753507377374,05:22:57.374,bybit,AAVE/USDT:USDT,299.44,0.02,299.45,6.5,299.45,359752.7,104916111.0396
1753507377974,05:22:57.974,bybit,AAVE/USDT:USDT,299.44,0.02,299.45,7.13,299.45,359752.7,104916111.0396
1753507378174,05:22:58.174,bybit,AAVE/USDT:USDT,299.44,0.12,299.45,7.13,299.45,359752.7,104916111.0396
1753507378274,05:22:58.274,bybit,AAVE/USDT:USDT,299.44,0.12,299.45,7.13,299.45,359752.7,104916111.0396
1753507378574,05:22:58.574,bybit,AAVE/USDT:USDT,299.44,0.12,299.45,7.13,299.45,359752.7,104916111.0396
1753507378975,05:22:58.975,bybit,AAVE/USDT:USDT,299.44,0.12,299.45,7.14,299.45,359752.7,104916111.0396
1753507379774,05:22:59.774,bybit,AAVE/USDT:USDT,299.44,0.12,299.45,8.42,299.45,359752.7,104916111.0396
1753507380074,05:23:00.074,bybit,AAVE/USDT:USDT,299.44,0.12,299.45,7.14,299.45,359752.7,104916111.0396
1753507380274,05:23:00.274,bybit,AAVE/USDT:USDT,299.44,0.12,299.45,5.62,299.45,359752.7,104916111.0396
1753507380574,05:23:00.574,bybit,AAVE/USDT:USDT,299.44,5.51,299.45,0.77,299.45,359752.7,104916111.0396
1753507380774,05:23:00.774,bybit,AAVE/USDT:USDT,299.44,3.59,299.45,0.77,299.45,359752.7,104916111.0396
1753507381074,05:23:01.074,bybit,AAVE/USDT:USDT,299.44,1.47,299.45,0.77,299.45,359752.7,104916111.0396
1753507381874,05:23:01.874,bybit,AAVE/USDT:USDT,299.47,16.6,299.48,4.14,299.48,359754.04,104916512.3099
1753507381974,05:23:01.974,bybit,AAVE/USDT:USDT,299.57,0.2,299.59,0.42,299.52,359758.77,104917928.8731
1753507382075,05:23:02.075,bybit,AAVE/USDT:USDT,299.56,4.11,299.58,0.22,299.52,359758.77,104917928.8731
1753507382174,05:23:02.174,bybit,AAVE/USDT:USDT,299.56,4.97,299.58,3.94,299.52,359758.77,104917928.8731
1753507382274,05:23:02.274,bybit,AAVE/USDT:USDT,299.56,4.97,299.58,1.36,299.52,359758.77,104917928.8731
1753507382474,05:23:02.474,bybit,AAVE/USDT:USDT,299.56,4.97,299.58,1.36,299.52,359758.77,104917928.8731
1753507382574,05:23:02.574,bybit,AAVE/USDT:USDT,299.56,4.97,299.57,0.22,299.52,359758.77,104917928.8731
1753507382674,05:23:02.674,bybit,AAVE/USDT:USDT,299.56,5.07,299.57,1.35,299.52,359758.77,104917928.8731
1753507382775,05:23:02.775,bybit,AAVE/USDT:USDT,299.56,0.1,299.57,4.43,299.52,359758.77,104917928.8731
1753507382975,05:23:02.975,bybit,AAVE/USDT:USDT,299.54,0.42,299.55,0.68,299.54,359758.9,104917967.8153
1753507383074,05:23:03.074,bybit,AAVE/USDT:USDT,299.52,2.04,299.53,4.41,299.52,359762.93,104919174.8952
1753507383174,05:23:03.174,bybit,AAVE/USDT:USDT,299.52,1.33,299.53,4.41,299.52,359763.64,104919387.5544
1753507383274,05:23:03.274,bybit,AAVE/USDT:USDT,299.51,5.89,299.52,2.13,299.52,359764.57,104919666.108
1753507383375,05:23:03.375,bybit,AAVE/USDT:USDT,299.5,5.51,299.51,8.45,299.5,359772.55,104922056.1906
1753507383475,05:23:03.475,bybit,AAVE/USDT:USDT,299.5,3.8,299.51,10.26,299.5,359777.02,104923394.9556
1753507383574,05:23:03.574,bybit,AAVE/USDT:USDT,299.5,3.49,299.51,7.68,299.5,359781.2,104924646.8656
1753507383675,05:23:03.675,bybit,AAVE/USDT:USDT,299.49,19.8,299.5,4.41,299.49,359791.85,104927836.4961
1753507383775,05:23:03.775,bybit,AAVE/USDT:USDT,299.49,13.38,299.5,4.41,299.49,359801.01,104930579.8245
1753507383874,05:23:03.874,bybit,AAVE/USDT:USDT,299.48,3.85,299.49,6.31,299.48,359817.26,104935446.5083
1753507383975,05:23:03.975,bybit,AAVE/USDT:USDT,299.49,0.2,299.5,0.44,299.47,359824.52,104937620.6836
1753507384074,05:23:04.074,bybit,AAVE/USDT:USDT,299.49,3.15,299.5,0.02,299.49,359825.63,104937953.1175
1753507384174,05:23:04.174,bybit,AAVE/USDT:USDT,299.49,3.15,299.5,1.83,299.49,359825.63,104937953.1175
1753507384275,05:23:04.275,bybit,AAVE/USDT:USDT,299.49,4.13,299.5,1.83,299.49,359825.63,104937953.1175
1753507384675,05:23:04.675,bybit,AAVE/USDT:USDT,299.5,8.69,299.51,0.55,299.5,359827.46,104938501.2025
1753507384774,05:23:04.774,bybit,AAVE/USDT:USDT,299.5,8.69,299.51,0.55,299.5,359827.46,104938501.2025
1753507384974,05:23:04.974,bybit,AAVE/USDT:USDT,299.5,7.63,299.51,0.55,299.5,359827.46,104938501.2025
1753507385074,05:23:05.074,bybit,AAVE/USDT:USDT,299.5,5.69,299.51,0.55,299.5,359827.46,104938501.2025
1753507385175,05:23:05.175,bybit,AAVE/USDT:USDT,299.5,4.18,299.51,0.55,299.5,359827.46,104938501.2025
1753507385274,05:23:05.274,bybit,AAVE/USDT:USDT,299.49,3.1,299.51,0.55,299.5,359827.46,104938501.2025
1753507385375,05:23:05.375,bybit,AAVE/USDT:USDT,299.5,1.94,299.51,0.55,299.5,359827.46,104938501.2025
1753507385474,05:23:05.474,bybit,AAVE/USDT:USDT,299.5,1.94,299.51,0.65,299.5,359827.46,104938501.2025
1753507385874,05:23:05.874,bybit,AAVE/USDT:USDT,299.5,2.28,299.51,0.65,299.5,359356.89,104803251.8544
1753507386174,05:23:06.174,bybit,AAVE/USDT:USDT,299.5,0.42,299.51,0.65,299.5,359356.89,104803251.8544
1753507386374,05:23:06.374,bybit,AAVE/USDT:USDT,299.5,1.19,299.51,0.65,299.5,359356.89,104803251.8544
1753507386474,05:23:06.474,bybit,AAVE/USDT:USDT,299.5,4.11,299.51,0.65,299.5,359356.89,104803251.8544
1753507387074,05:23:07.074,bybit,AAVE/USDT:USDT,299.5,4.05,299.51,0.65,299.5,359356.89,104803251.8544
1753507387175,05:23:07.175,bybit,AAVE/USDT:USDT,299.5,2.53,299.51,0.65,299.5,359356.89,104803251.8544
1753507387674,05:23:07.674,bybit,AAVE/USDT:USDT,299.5,4.1,299.51,0.65,299.5,359356.89,104803251.8544
1753507387874,05:23:07.874,bybit,AAVE/USDT:USDT,299.5,2.53,299.51,0.65,299.5,359356.89,104803251.8544
1753507388474,05:23:08.474,bybit,AAVE/USDT:USDT,299.5,2.53,299.51,0.65,299.5,359356.89,104803251.8544
1753507388575,05:23:08.575,bybit,AAVE/USDT:USDT,299.5,2.43,299.51,0.65,299.5,359356.99,104803281.8044
1753507388674,05:23:08.674,bybit,AAVE/USDT:USDT,299.5,4.09,299.51,0.65,299.5,359356.99,104803281.8044
1753507389074,05:23:09.074,bybit,AAVE/USDT:USDT,299.48,2.48,299.49,7.16,299.5,359356.99,104803281.8044
1753507389174,05:23:09.174,bybit,AAVE/USDT:USDT,299.46,1.94,299.47,4.1,299.5,359356.99,104803281.8044
1753507389274,05:23:09.274,bybit,AAVE/USDT:USDT,299.46,0.94,299.47,4.1,299.5,359356.99,104803281.8044
1753507389474,05:23:09.474,bybit,AAVE/USDT:USDT,299.46,0.94,299.47,4.27,299.5,359356.99,104803281.8044
1753507389675,05:23:09.675,bybit,AAVE/USDT:USDT,299.46,0.94,299.47,4.27,299.5,359356.99,104803281.8044
1753507389774,05:23:09.774,bybit,AAVE/USDT:USDT,299.46,0.94,299.47,4.37,299.5,359356.99,104803281.8044
1753507389974,05:23:09.974,bybit,AAVE/USDT:USDT,299.46,2.41,299.47,4.37,299.5,359356.99,104803281.8044
1753507390175,05:23:10.175,bybit,AAVE/USDT:USDT,299.46,3.07,299.47,4.37,299.5,359356.99,104803281.8044
1753507390274,05:23:10.274,bybit,AAVE/USDT:USDT,299.46,1.6,299.47,4.37,299.5,359356.99,104803281.8044
1753507390575,05:23:10.575,bybit,AAVE/USDT:USDT,299.46,0.94,299.47,4.37,299.5,359356.99,104803281.8044
1753507390674,05:23:10.674,bybit,AAVE/USDT:USDT,299.46,2.32,299.47,4.37,299.5,359356.99,104803281.8044
1753507390774,05:23:10.774,bybit,AAVE/USDT:USDT,299.46,2.98,299.47,3.69,299.5,359356.99,104803281.8044
1753507390875,05:23:10.875,bybit,AAVE/USDT:USDT,299.46,4.48,299.47,3.69,299.5,359356.99,104803281.8044
1753507390974,05:23:10.974,bybit,AAVE/USDT:USDT,299.46,0.41,299.47,4.02,299.5,359356.99,104803281.8044
1753507391275,05:23:11.275,bybit,AAVE/USDT:USDT,299.46,10.43,299.47,4.02,299.5,359356.99,104803281.8044
1753507391374,05:23:11.374,bybit,AAVE/USDT:USDT,299.46,36.75,299.47,4.02,299.5,359356.99,104803281.8044
1753507391475,05:23:11.475,bybit,AAVE/USDT:USDT,299.46,36.75,299.47,3.69,299.5,359356.99,104803281.8044
1753507391674,05:23:11.674,bybit,AAVE/USDT:USDT,299.46,39.74,299.47,3.69,299.5,359356.99,104803281.8044
1753507391774,05:23:11.774,bybit,AAVE/USDT:USDT,299.46,39.74,299.47,3.69,299.5,359356.99,104803281.8044
1753507392074,05:23:12.074,bybit,AAVE/USDT:USDT,299.46,36.75,299.47,3.69,299.5,359356.99,104803281.8044
1753507392474,05:23:12.474,bybit,AAVE/USDT:USDT,299.44,9.37,299.45,12.1,299.44,359394.66,104814562.4442
1753507392575,05:23:12.575,bybit,AAVE/USDT:USDT,299.44,9.37,299.45,9.3,299.44,359394.66,104814562.4442
1753507392674,05:23:12.674,bybit,AAVE/USDT:USDT,299.44,9.37,299.45,4.34,299.44,359394.66,104814562.4442
1753507392774,05:23:12.774,bybit,AAVE/USDT:USDT,299.44,9.37,299.45,1.73,299.44,359394.66,104814562.4442
1753507392874,05:23:12.874,bybit,AAVE/USDT:USDT,299.44,17.81,299.45,1.73,299.44,359394.66,104814562.4442
1753507393374,05:23:13.374,bybit,AAVE/USDT:USDT,299.44,17.81,299.45,4.96,299.44,359394.66,104814562.4442
1753507393474,05:23:13.474,bybit,AAVE/USDT:USDT,299.42,0.71,299.43,1.2,299.44,359415.47,104820793.8206
1753507393574,05:23:13.574,bybit,AAVE/USDT:USDT,299.42,2.31,299.43,4.05,299.44,359415.47,104820793.8206
1753507393674,05:23:13.674,bybit,AAVE/USDT:USDT,299.42,10.75,299.43,2.0,299.44,359415.47,104820793.8206
1753507393974,05:23:13.974,bybit,AAVE/USDT:USDT,299.42,30.63,299.43,2.0,299.44,359415.47,104820793.8206
1753507394275,05:23:14.275,bybit,AAVE/USDT:USDT,299.42,28.34,299.43,4.49,299.44,359415.47,104820793.8206
1753507394374,05:23:14.374,bybit,AAVE/USDT:USDT,299.42,26.83,299.43,6.31,299.43,359416.47,104821093.2506
1753507394474,05:23:14.474,bybit,AAVE/USDT:USDT,299.42,26.83,299.43,4.81,299.43,359416.47,104821093.2506
1753507394575,05:23:14.575,bybit,AAVE/USDT:USDT,299.42,26.83,299.43,3.49,299.43,359416.47,104821093.2506
1753507394774,05:23:14.774,bybit,AAVE/USDT:USDT,299.42,35.27,299.43,4.53,299.43,359416.47,104821093.2506
1753507394975,05:23:14.975,bybit,AAVE/USDT:USDT,299.42,26.83,299.43,4.53,299.43,359416.47,104821093.2506
1753507395074,05:23:15.074,bybit,AAVE/USDT:USDT,299.42,21.53,299.43,4.53,299.43,359416.47,104821093.2506
1753507395174,05:23:15.174,bybit,AAVE/USDT:USDT,299.42,12.22,299.43,4.53,299.43,359416.47,104821093.2506
1753507395374,05:23:15.374,bybit,AAVE/USDT:USDT,299.42,6.12,299.43,4.53,299.43,359416.47,104821093.2506
1753507395474,05:23:15.474,bybit,AAVE/USDT:USDT,299.42,6.12,299.43,10.11,299.43,359416.47,104821093.2506
1753507395575,05:23:15.575,bybit,AAVE/USDT:USDT,299.42,11.21,299.43,10.11,299.43,359416.47,104821093.2506
1753507395674,05:23:15.674,bybit,AAVE/USDT:USDT,299.42,11.21,299.43,33.56,299.43,359416.47,104821093.2506
1753507395774,05:23:15.774,bybit,AAVE/USDT:USDT,299.42,16.3,299.43,33.56,299.43,359416.47,104821093.2506
1753507396074,05:23:16.074,bybit,AAVE/USDT:USDT,299.39,0.02,299.4,11.88,299.4,359427.72,104824461.7248
1753507396174,05:23:16.174,bybit,AAVE/USDT:USDT,299.39,0.02,299.4,14.48,299.4,359427.72,104824461.7248
1753507396274,05:23:16.274,bybit,AAVE/USDT:USDT,299.39,0.02,299.4,14.48,299.4,359427.72,104824461.7248
1753507396374,05:23:16.374,bybit,AAVE/USDT:USDT,299.39,0.02,299.4,37.93,299.4,359427.72,104824461.7248
1753507396474,05:23:16.474,bybit,AAVE/USDT:USDT,299.39,0.02,299.4,35.33,299.4,359427.72,104824461.7248
1753507396574,05:23:16.574,bybit,AAVE/USDT:USDT,299.39,0.02,299.4,35.33,299.4,359427.72,104824461.7248
1753507396775,05:23:16.775,bybit,AAVE/USDT:USDT,299.39,6.57,299.4,34.42,299.4,359427.72,104824461.7248
1753507396874,05:23:16.874,bybit,AAVE/USDT:USDT,299.39,15.94,299.4,34.42,299.4,359427.72,104824461.7248
1753507397174,05:23:17.174,bybit,AAVE/USDT:USDT,299.39,25.31,299.4,32.99,299.4,359427.72,104824461.7248
1753507397375,05:23:17.375,bybit,AAVE/USDT:USDT,299.39,25.49,299.4,32.99,299.4,359427.72,104824461.7248
1753507397674,05:23:17.674,bybit,AAVE/USDT:USDT,299.39,16.12,299.4,32.99,299.4,359427.72,104824461.7248
1753507397874,05:23:17.874,bybit,AAVE/USDT:USDT,299.39,11.28,299.4,31.49,299.4,359427.72,104824461.7248
1753507398075,05:23:18.075,bybit,AAVE/USDT:USDT,299.39,11.1,299.4,31.49,299.4,359427.72,104824461.7248
1753507398175,05:23:18.175,bybit,AAVE/USDT:USDT,299.39,15.63,299.4,31.49,299.4,359427.72,104824461.7248
1753507398574,05:23:18.574,bybit,AAVE/USDT:USDT,299.39,20.16,299.4,31.49,299.4,359427.72,104824461.7248
1753507398674,05:23:18.674,bybit,AAVE/USDT:USDT,299.39,20.34,299.4,31.49,299.4,359427.72,104824461.7248
1753507398874,05:23:18.874,bybit,AAVE/USDT:USDT,299.39,20.92,299.4,31.49,299.4,359427.72,104824461.7248
1753507399175,05:23:19.175,bybit,AAVE/USDT:USDT,299.39,25.07,299.4,34.21,299.4,359427.72,104824461.7248
1753507399475,05:23:19.475,bybit,AAVE/USDT:USDT,299.39,25.07,299.4,32.85,299.4,359427.72,104824461.7248
1753507399574,05:23:19.574,bybit,AAVE/USDT:USDT,299.39,25.07,299.4,34.21,299.4,359427.72,104824461.7248
1753507399874,05:23:19.874,bybit,AAVE/USDT:USDT,299.39,25.07,299.4,34.21,299.4,359427.72,104824461.7248
1753507400174,05:23:20.174,bybit,AAVE/USDT:USDT,299.39,25.07,299.4,32.85,299.4,359427.72,104824461.7248
1753507400374,05:23:20.374,bybit,AAVE/USDT:USDT,299.36,6.37,299.37,14.97,299.37,359452.9,104832000.363
1753507400474,05:23:20.474,bybit,AAVE/USDT:USDT,299.32,23.35,299.33,8.36,299.34,359456.89,104833194.8026
1753507400574,05:23:20.574,bybit,AAVE/USDT:USDT,299.32,23.35,299.33,8.29,299.34,359456.89,104833194.8026
1753507400774,05:23:20.774,bybit,AAVE/USDT:USDT,299.32,23.35,299.33,31.74,299.34,359456.89,104833194.8026
1753507400975,05:23:20.975,bybit,AAVE/USDT:USDT,299.32,23.35,299.33,33.1,299.34,359456.89,104833194.8026
1753507401074,05:23:21.074,bybit,AAVE/USDT:USDT,299.28,8.01,299.29,15.89,299.28,359505.4,104847714.2406
1753507401174,05:23:21.174,bybit,AAVE/USDT:USDT,299.28,8.01,299.29,10.68,299.28,359505.4,104847714.2406
1753507401274,05:23:21.274,bybit,AAVE/USDT:USDT,299.28,8.01,299.29,9.32,299.28,359505.4,104847714.2406
1753507401375,05:23:21.375,bybit,AAVE/USDT:USDT,299.28,8.01,299.29,12.18,299.28,359505.4,104847714.2406
1753507401474,05:23:21.474,bybit,AAVE/USDT:USDT,299.28,8.01,299.29,7.89,299.28,359505.4,104847714.2406
1753507401574,05:23:21.574,bybit,AAVE/USDT:USDT,299.28,8.01,299.29,34.31,299.28,359505.4,104847714.2406
1753507401674,05:23:21.674,bybit,AAVE/USDT:USDT,299.27,9.1,299.28,15.71,299.28,359513.41,104850111.4734
1753507401874,05:23:21.874,bybit,AAVE/USDT:USDT,299.27,9.1,299.28,15.96,299.28,359513.41,104850111.4734
1753507402074,05:23:22.074,bybit,AAVE/USDT:USDT,299.27,7.4,299.28,15.71,299.27,359515.11,104850620.2324
1753507402175,05:23:22.175,bybit,AAVE/USDT:USDT,299.27,12.27,299.28,15.05,299.27,359515.11,104850620.2324
1753507402275,05:23:22.275,bybit,AAVE/USDT:USDT,299.23,8.28,299.24,28.3,299.24,359527.64,104854370.0801
1753507402374,05:23:22.374,bybit,AAVE/USDT:USDT,299.23,8.28,299.24,28.3,299.24,359527.64,104854370.0801
1753507402575,05:23:22.575,bybit,AAVE/USDT:USDT,299.23,8.28,299.24,28.3,299.24,359527.64,104854370.0801
1753507402975,05:23:22.975,bybit,AAVE/USDT:USDT,299.23,8.28,299.24,29.01,299.24,359527.64,104854370.0801
1753507403374,05:23:23.374,bybit,AAVE/USDT:USDT,299.22,23.68,299.23,11.83,299.23,359535.92,104856847.7045
1753507403474,05:23:23.474,bybit,AAVE/USDT:USDT,299.22,23.68,299.23,11.83,299.23,359535.92,104856847.7045
1753507403674,05:23:23.674,bybit,AAVE/USDT:USDT,299.17,2.57,299.18,11.02,299.17,359562.25,104864726.0477
1753507403774,05:23:23.774,bybit,AAVE/USDT:USDT,299.14,3.49,299.15,32.93,299.14,359567.06,104866164.9912
1753507403874,05:23:23.874,bybit,AAVE/USDT:USDT,299.14,3.49,299.15,34.16,299.14,359567.06,104866164.9912
1753507403974,05:23:23.974,bybit,AAVE/USDT:USDT,299.05,0.18,299.06,4.42,299.06,359601.93,104876595.6723
1753507404074,05:23:24.074,bybit,AAVE/USDT:USDT,299.05,3.22,299.06,2.92,299.06,359601.93,104876595.6723
1753507404174,05:23:24.174,bybit,AAVE/USDT:USDT,299.05,3.22,299.06,4.42,299.06,359601.93,104876595.6723
1753507404275,05:23:24.275,bybit,AAVE/USDT:USDT,299.05,3.22,299.06,5.57,299.06,359601.93,104876595.6723
1753507404374,05:23:24.374,bybit,AAVE/USDT:USDT,299.05,3.22,299.06,5.01,299.06,359601.93,104876595.6723
1753507404474,05:23:24.474,bybit,AAVE/USDT:USDT,299.05,4.52,299.06,28.12,299.06,359601.93,104876595.6723
1753507404574,05:23:24.574,bybit,AAVE/USDT:USDT,299.05,2.6,299.06,28.32,299.06,359601.93,104876595.6723
1753507404674,05:23:24.674,bybit,AAVE/USDT:USDT,299.05,2.6,299.06,27.44,299.06,359601.93,104876595.6723
1753507404874,05:23:24.874,bybit,AAVE/USDT:USDT,299.04,0.02,299.05,13.53,299.05,359603.62,104877101.0668
1753507405075,05:23:25.075,bybit,AAVE/USDT:USDT,299.04,11.04,299.05,4.91,299.05,359603.62,104877101.0668
1753507405174,05:23:25.174,bybit,AAVE/USDT:USDT,299.04,11.04,299.05,5.02,299.05,359603.62,104877101.0668
1753507405275,05:23:25.275,bybit,AAVE/USDT:USDT,299.04,11.04,299.05,28.57,299.05,359603.62,104877101.0668
1753507405374,05:23:25.374,bybit,AAVE/USDT:USDT,299.04,3.17,299.05,29.96,299.04,359608.91,104878682.9884
1753507405474,05:23:25.474,bybit,AAVE/USDT:USDT,298.97,0.05,298.99,1.46,298.99,359609.08,104878733.8187
1753507405575,05:23:25.575,bybit,AAVE/USDT:USDT,298.97,5.05,298.98,3.47,298.97,359609.65,104878904.2254
1753507405674,05:23:25.674,bybit,AAVE/USDT:USDT,298.97,5.05,298.98,3.47,298.97,359609.65,104878904.2254
1753507405874,05:23:25.874,bybit,AAVE/USDT:USDT,298.97,7.08,298.98,10.21,298.97,359609.65,104878904.2254
1753507405975,05:23:25.975,bybit,AAVE/USDT:USDT,298.97,7.08,298.98,33.7,298.97,359609.65,104878904.2254
1753507406174,05:23:26.174,bybit,AAVE/USDT:USDT,298.92,1.29,298.93,6.78,298.92,359618.6,104881579.9134
1753507406274,05:23:26.274,bybit,AAVE/USDT:USDT,298.93,9.89,298.95,0.55,298.94,359618.64,104881591.871
1753507406374,05:23:26.374,bybit,AAVE/USDT:USDT,298.94,0.92,298.95,1.25,298.94,359618.64,104881591.871
1753507406474,05:23:26.474,bybit,AAVE/USDT:USDT,298.92,1.2,298.93,1.46,298.94,359618.64,104881591.871
1753507406574,05:23:26.574,bybit,AAVE/USDT:USDT,298.92,1.11,298.93,3.07,298.94,359618.64,104881591.871
1753507406674,05:23:26.674,bybit,AAVE/USDT:USDT,298.92,1.11,298.93,3.42,298.94,359618.64,104881591.871
1753507406774,05:23:26.774,bybit,AAVE/USDT:USDT,298.92,1.2,298.93,24.91,298.94,359618.64,104881591.871
1753507406875,05:23:26.875,bybit,AAVE/USDT:USDT,298.92,1.2,298.93,25.01,298.94,359618.64,104881591.871
1753507406974,05:23:26.974,bybit,AAVE/USDT:USDT,298.92,1.11,298.93,25.01,298.94,359618.64,104881591.871
1753507407174,05:23:27.174,bybit,AAVE/USDT:USDT,298.92,1.11,298.93,26.87,298.93,359619.21,104881762.2611
1753507407275,05:23:27.275,bybit,AAVE/USDT:USDT,298.92,1.11,298.93,26.87,298.93,359619.21,104881762.2611
1753507407374,05:23:27.374,bybit,AAVE/USDT:USDT,298.92,3.28,298.93,26.87,298.93,359619.21,104881762.2611
1753507407474,05:23:27.474,bybit,AAVE/USDT:USDT,298.94,3.71,298.95,0.59,298.93,359646.08,104889794.5102
1753507407574,05:23:27.574,bybit,AAVE/USDT:USDT,298.99,9.58,299.0,0.02,298.99,359647.92,104890344.6214
1753507407674,05:23:27.674,bybit,AAVE/USDT:USDT,298.99,10.01,299.0,0.02,298.99,359647.92,104890344.6214
1753507407874,05:23:27.874,bybit,AAVE/USDT:USDT,299.03,14.84,299.04,0.02,299.03,359648.09,104890395.4541
1753507407975,05:23:27.975,bybit,AAVE/USDT:USDT,299.03,15.02,299.04,0.02,299.03,359648.09,104890395.4541
1753507408174,05:23:28.174,bybit,AAVE/USDT:USDT,299.04,14.66,299.05,0.55,299.04,359648.11,104890401.4349
1753507408274,05:23:28.274,bybit,AAVE/USDT:USDT,299.04,14.66,299.05,0.55,299.04,359648.11,104890401.4349
1753507408375,05:23:28.375,bybit,AAVE/USDT:USDT,299.04,14.1,299.05,0.55,299.04,359648.11,104890401.4349
1753507408574,05:23:28.574,bybit,AAVE/USDT:USDT,299.04,14.1,299.05,0.55,299.04,359648.11,104890401.4349
1753507409474,05:23:29.474,bybit,AAVE/USDT:USDT,299.04,14.1,299.05,0.55,299.04,359648.11,104890401.4349
1753507409774,05:23:29.774,bybit,AAVE/USDT:USDT,299.04,14.1,299.05,0.55,299.04,359648.11,104890401.4349
1753507409874,05:23:29.874,bybit,AAVE/USDT:USDT,299.06,7.75,299.07,0.02,299.05,359648.66,104890565.9124
1753507409974,05:23:29.974,bybit,AAVE/USDT:USDT,299.07,8.73,299.08,0.02,299.05,359648.66,104890565.9124
1753507410074,05:23:30.074,bybit,AAVE/USDT:USDT,299.07,6.18,299.08,0.02,299.05,359648.66,104890565.9124
1753507410374,05:23:30.374,bybit,AAVE/USDT:USDT,299.07,6.26,299.08,0.02,299.05,359648.66,104890565.9124
1753507410975,05:23:30.975,bybit,AAVE/USDT:USDT,299.07,6.26,299.08,0.02,299.05,359648.66,104890565.9124
1753507411574,05:23:31.574,bybit,AAVE/USDT:USDT,299.09,0.67,299.1,0.42,299.11,359649.66,104890865.0148
1753507411674,05:23:31.674,bybit,AAVE/USDT:USDT,299.1,1.31,299.12,0.42,299.11,359649.66,104890865.0148
1753507411774,05:23:31.774,bybit,AAVE/USDT:USDT,299.1,0.89,299.12,0.42,299.11,359649.66,104890865.0148
1753507411874,05:23:31.874,bybit,AAVE/USDT:USDT,299.09,1.95,299.11,0.42,299.11,359649.66,104890865.0148
1753507412075,05:23:32.075,bybit,AAVE/USDT:USDT,299.09,1.95,299.11,0.34,299.11,359649.74,104890888.9436
1753507412174,05:23:32.174,bybit,AAVE/USDT:USDT,299.1,0.55,299.11,0.34,299.11,359649.74,104890888.9436
1753507412274,05:23:32.274,bybit,AAVE/USDT:USDT,299.09,0.03,299.11,0.34,299.11,359649.74,104890888.9436
1753507412374,05:23:32.374,bybit,AAVE/USDT:USDT,299.11,8.44,299.12,0.55,299.11,359649.74,104890888.9436
1753507412475,05:23:32.475,bybit,AAVE/USDT:USDT,299.15,12.23,299.16,0.57,299.12,359650.29,104891053.4596
1753507412574,05:23:32.574,bybit,AAVE/USDT:USDT,299.17,0.42,299.18,0.42,299.15,359663.09,104894882.6993
1753507412674,05:23:32.674,bybit,AAVE/USDT:USDT,299.17,0.42,299.18,0.42,299.15,359663.09,104894882.6993
1753507412774,05:23:32.774,bybit,AAVE/USDT:USDT,299.17,0.42,299.18,0.42,299.15,359663.09,104894882.6993
1753507412975,05:23:32.975,bybit,AAVE/USDT:USDT,299.15,0.18,299.16,1.88,299.15,359663.09,104894882.6993
1753507413074,05:23:33.074,bybit,AAVE/USDT:USDT,299.15,5.94,299.16,1.46,299.15,359663.09,104894882.6993
1753507413374,05:23:33.374,bybit,AAVE/USDT:USDT,299.15,5.94,299.16,1.46,299.15,359663.09,104894882.6993
1753507413475,05:23:33.475,bybit,AAVE/USDT:USDT,299.15,0.18,299.16,1.46,299.15,359663.09,104894882.6993
1753507413574,05:23:33.574,bybit,AAVE/USDT:USDT,299.15,0.18,299.16,3.91,299.15,359663.09,104894882.6993
1753507413674,05:23:33.674,bybit,AAVE/USDT:USDT,299.13,0.42,299.14,1.46,299.15,359663.09,104894882.6993
1753507414074,05:23:34.074,bybit,AAVE/USDT:USDT,299.13,3.0,299.14,1.46,299.15,359663.09,104894882.6993
1753507414274,05:23:34.274,bybit,AAVE/USDT:USDT,299.13,8.29,299.14,1.46,299.15,359663.09,104894882.6993
1753507414374,05:23:34.374,bybit,AAVE/USDT:USDT,299.14,3.0,299.17,0.04,299.15,359663.09,104894882.6993
1753507414474,05:23:34.474,bybit,AAVE/USDT:USDT,299.16,0.11,299.17,2.87,299.15,359663.09,104894882.6993
1753507414875,05:23:34.875,bybit,AAVE/USDT:USDT,299.16,0.11,299.17,2.87,299.15,359663.09,104894882.6993
1753507414975,05:23:34.975,bybit,AAVE/USDT:USDT,299.16,0.11,299.17,4.18,299.15,359663.09,104894882.6993
1753507415574,05:23:35.574,bybit,AAVE/USDT:USDT,299.13,6.26,299.15,1.88,299.15,359663.09,104894882.6993
1753507415675,05:23:35.675,bybit,AAVE/USDT:USDT,299.14,0.15,299.15,1.46,299.15,359663.09,104894882.6993
1753507415975,05:23:35.975,bybit,AAVE/USDT:USDT,299.13,6.17,299.15,2.77,299.15,359663.09,104894882.6993
1753507416075,05:23:36.075,bybit,AAVE/USDT:USDT,299.13,3.0,299.15,2.77,299.15,359663.09,104894882.6993
1753507416374,05:23:36.374,bybit,AAVE/USDT:USDT,299.14,3.15,299.15,2.77,299.15,359663.09,104894882.6993
1753507416775,05:23:36.775,bybit,AAVE/USDT:USDT,299.14,3.15,299.15,2.9,299.15,359663.09,104894882.6993
1753507416874,05:23:36.874,bybit,AAVE/USDT:USDT,299.14,6.11,299.15,2.9,299.15,359663.09,104894882.6993
1753507417374,05:23:37.374,bybit,AAVE/USDT:USDT,299.14,4.3,299.15,2.9,299.15,359663.09,104894882.6993
1753507417575,05:23:37.575,bybit,AAVE/USDT:USDT,299.14,2.58,299.15,2.9,299.15,359663.09,104894882.6993
1753507417674,05:23:37.674,bybit,AAVE/USDT:USDT,299.14,10.94,299.15,2.9,299.15,359663.09,104894882.6993
1753507418274,05:23:38.274,bybit,AAVE/USDT:USDT,299.14,27.76,299.15,2.9,299.15,359663.09,104894882.6993
1753507418374,05:23:38.374,bybit,AAVE/USDT:USDT,299.19,11.06,299.2,0.06,299.18,359666.62,104895938.7173
1753507418474,05:23:38.474,bybit,AAVE/USDT:USDT,299.19,11.06,299.2,0.06,299.18,359666.62,104895938.7173
1753507418775,05:23:38.775,bybit,AAVE/USDT:USDT,299.19,11.06,299.2,0.06,299.18,359666.62,104895938.7173
1753507418874,05:23:38.874,bybit,AAVE/USDT:USDT,299.26,6.1,299.27,0.62,299.25,359668.61,104896534.1782
1753507418974,05:23:38.974,bybit,AAVE/USDT:USDT,299.26,5.68,299.27,0.62,299.25,359668.61,104896534.1782
1753507419075,05:23:39.075,bybit,AAVE/USDT:USDT,299.26,5.68,299.27,0.62,299.25,359668.61,104896534.1782
1753507419174,05:23:39.174,bybit,AAVE/USDT:USDT,299.26,2.43,299.27,0.62,299.25,359668.61,104896534.1782
1753507419274,05:23:39.274,bybit,AAVE/USDT:USDT,299.26,2.43,299.27,1.04,299.25,359668.61,104896534.1782
1753507419374,05:23:39.374,bybit,AAVE/USDT:USDT,299.25,2.35,299.26,0.42,299.25,359668.61,104896534.1782
1753507419474,05:23:39.474,bybit,AAVE/USDT:USDT,299.25,2.17,299.26,0.42,299.25,359668.61,104896534.1782
1753507419774,05:23:39.774,bybit,AAVE/USDT:USDT,299.25,2.27,299.26,0.42,299.25,359668.61,104896534.1782
1753507419974,05:23:39.974,bybit,AAVE/USDT:USDT,299.25,2.27,299.27,0.62,299.25,359668.61,104896534.1782
1753507420074,05:23:40.074,bybit,AAVE/USDT:USDT,299.26,0.18,299.27,0.62,299.25,359668.61,104896534.1782
1753507420574,05:23:40.574,bybit,AAVE/USDT:USDT,299.25,0.1,299.26,0.42,299.25,359668.61,104896534.1782
1753507420674,05:23:40.674,bybit,AAVE/USDT:USDT,299.25,0.1,299.26,7.16,299.25,359668.61,104896534.1782
1753507421174,05:23:41.174,bybit,AAVE/USDT:USDT,299.25,0.1,299.26,7.16,299.25,359668.61,104896534.1782
1753507421474,05:23:41.474,bybit,AAVE/USDT:USDT,299.25,0.1,299.26,5.93,299.25,359668.61,104896534.1782
1753507421575,05:23:41.575,bybit,AAVE/USDT:USDT,299.25,0.1,299.26,5.25,299.25,359668.61,104896534.1782
1753507421674,05:23:41.674,bybit,AAVE/USDT:USDT,299.25,0.1,299.26,3.0,299.25,359668.61,104896534.1782
1753507421774,05:23:41.774,bybit,AAVE/USDT:USDT,299.25,0.1,299.26,9.74,299.25,359668.61,104896534.1782
1753507421975,05:23:41.975,bybit,AAVE/USDT:USDT,299.25,0.1,299.26,7.6,299.25,359668.61,104896534.1782
1753507422874,05:23:42.874,bybit,AAVE/USDT:USDT,299.25,0.1,299.26,5.8,299.25,359668.61,104896534.1782
1753507424775,05:23:44.775,bybit,AAVE/USDT:USDT,299.25,0.1,299.26,5.8,299.25,359668.61,104896534.1782
1753507425674,05:23:45.674,bybit,AAVE/USDT:USDT,299.25,0.1,299.26,3.0,299.25,359668.61,104896534.1782
1753507425975,05:23:45.975,bybit,AAVE/USDT:USDT,299.23,1.37,299.24,1.46,299.25,359668.61,104896534.1782
1753507426774,05:23:46.774,bybit,AAVE/USDT:USDT,299.23,0.18,299.24,2.17,299.25,359668.61,104896534.1782
1753507426875,05:23:46.875,bybit,AAVE/USDT:USDT,299.22,0.02,299.23,0.42,299.25,359668.61,104896534.1782
1753507427174,05:23:47.174,bybit,AAVE/USDT:USDT,299.22,0.02,299.23,2.81,299.25,359668.61,104896534.1782
1753507427574,05:23:47.574,bybit,AAVE/USDT:USDT,299.22,2.65,299.23,0.71,299.25,359668.61,104896534.1782
1753507427674,05:23:47.674,bybit,AAVE/USDT:USDT,299.22,0.35,299.23,0.71,299.25,359668.61,104896534.1782
1753507427774,05:23:47.774,bybit,AAVE/USDT:USDT,299.22,0.35,299.23,3.05,299.25,359668.61,104896534.1782
1753507428874,05:23:48.874,bybit,AAVE/USDT:USDT,299.22,8.71,299.23,3.05,299.25,359668.61,104896534.1782
1753507429074,05:23:49.074,bybit,AAVE/USDT:USDT,299.22,8.71,299.23,0.71,299.25,359668.61,104896534.1782
1753507430774,05:23:50.774,bybit,AAVE/USDT:USDT,299.22,8.71,299.23,0.71,299.25,359668.61,104896534.1782
1753507430874,05:23:50.874,bybit,AAVE/USDT:USDT,299.22,17.07,299.23,0.71,299.25,359668.61,104896534.1782
1753507430974,05:23:50.974,bybit,AAVE/USDT:USDT,299.26,0.47,299.28,2.38,299.27,359675.35,104898551.2284
1753507431074,05:23:51.074,bybit,AAVE/USDT:USDT,299.27,0.42,299.28,2.38,299.27,359675.35,104898551.2284
1753507431174,05:23:51.174,bybit,AAVE/USDT:USDT,299.26,0.42,299.28,2.38,299.27,359675.35,104898551.2284
1753507431274,05:23:51.274,bybit,AAVE/USDT:USDT,299.25,0.42,299.26,1.46,299.27,359675.35,104898551.2284
1753507431374,05:23:51.374,bybit,AAVE/USDT:USDT,299.23,0.15,299.24,1.46,299.27,359675.35,104898551.2284
1753507431474,05:23:51.474,bybit,AAVE/USDT:USDT,299.22,0.44,299.23,1.46,299.24,359675.68,104898649.9749
1753507431574,05:23:51.574,bybit,AAVE/USDT:USDT,299.22,0.02,299.23,3.81,299.24,359675.68,104898649.9749
1753507431674,05:23:51.674,bybit,AAVE/USDT:USDT,299.22,0.44,299.23,3.81,299.24,359675.68,104898649.9749
1753507431774,05:23:51.774,bybit,AAVE/USDT:USDT,299.22,0.44,299.23,1.46,299.24,359675.68,104898649.9749
1753507432374,05:23:52.374,bybit,AAVE/USDT:USDT,299.26,0.67,299.27,0.55,299.24,359675.68,104898649.9749
1753507432474,05:23:52.474,bybit,AAVE/USDT:USDT,299.25,0.11,299.26,3.5,299.24,359675.68,104898649.9749
1753507432574,05:23:52.574,bybit,AAVE/USDT:USDT,299.22,11.48,299.24,0.42,299.24,359675.68,104898649.9749
1753507432774,05:23:52.774,bybit,AAVE/USDT:USDT,299.23,0.42,299.24,0.42,299.24,359675.68,104898649.9749
1753507432874,05:23:52.874,bybit,AAVE/USDT:USDT,299.23,0.42,299.25,0.42,299.24,359675.68,104898649.9749
1753507432974,05:23:52.974,bybit,AAVE/USDT:USDT,299.23,3.0,299.25,0.42,299.24,359675.68,104898649.9749
1753507433175,05:23:53.175,bybit,AAVE/USDT:USDT,299.24,0.1,299.25,0.42,299.24,359675.68,104898649.9749
1753507433774,05:23:53.774,bybit,AAVE/USDT:USDT,299.24,0.1,299.25,0.42,299.24,359675.68,104898649.9749
1753507433975,05:23:53.975,bybit,AAVE/USDT:USDT,299.24,0.1,299.25,3.36,299.24,359675.68,104898649.9749
1753507434374,05:23:54.374,bybit,AAVE/USDT:USDT,299.24,0.1,299.25,3.36,299.24,359675.68,104898649.9749
1753507434474,05:23:54.474,bybit,AAVE/USDT:USDT,299.24,0.1,299.25,5.02,299.24,359675.68,104898649.9749
1753507435475,05:23:55.475,bybit,AAVE/USDT:USDT,299.24,0.1,299.25,4.36,299.25,359676.34,104898847.4799
1753507435574,05:23:55.574,bybit,AAVE/USDT:USDT,299.24,0.1,299.25,4.36,299.25,359676.34,104898847.4799
1753507436174,05:23:56.174,bybit,AAVE/USDT:USDT,299.24,0.1,299.25,5.47,299.25,359676.34,104898847.4799
1753507436774,05:23:56.774,bybit,AAVE/USDT:USDT,299.24,0.1,299.25,5.47,299.25,359676.34,104898847.4799
1753507436874,05:23:56.874,bybit,AAVE/USDT:USDT,299.24,0.1,299.25,2.89,299.25,359676.34,104898847.4799
1753507436975,05:23:56.975,bybit,AAVE/USDT:USDT,299.24,0.1,299.25,1.61,299.25,359676.34,104898847.4799
1753507437374,05:23:57.374,bybit,AAVE/USDT:USDT,299.24,0.1,299.25,1.61,299.25,359676.34,104898847.4799
1753507437774,05:23:57.774,bybit,AAVE/USDT:USDT,299.24,0.19,299.25,4.28,299.25,359676.34,104898847.4799
1753507437875,05:23:57.875,bybit,AAVE/USDT:USDT,299.24,0.1,299.25,4.28,299.25,359676.34,104898847.4799
1753507438075,05:23:58.075,bybit,AAVE/USDT:USDT,299.24,0.19,299.25,4.28,299.25,359676.34,104898847.4799
1753507438175,05:23:58.175,bybit,AAVE/USDT:USDT,299.24,0.1,299.25,4.28,299.25,359676.34,104898847.4799
1753507438875,05:23:58.875,bybit,AAVE/USDT:USDT,299.24,0.1,299.25,4.28,299.25,359676.34,104898847.4799
1753507439475,05:23:59.475,bybit,AAVE/USDT:USDT,299.24,0.1,299.25,4.28,299.25,359676.34,104898847.4799
1753507439974,05:23:59.974,bybit,AAVE/USDT:USDT,299.24,0.1,299.25,4.68,299.25,359676.34,104898847.4799
1753507440074,05:24:00.074,bybit,AAVE/USDT:USDT,299.24,0.1,299.25,5.91,299.25,359676.34,104898847.4799
1753507440374,05:24:00.374,bybit,AAVE/USDT:USDT,299.24,6.18,299.25,3.68,299.25,359677.34,104899146.7299
1753507441074,05:24:01.074,bybit,AAVE/USDT:USDT,299.2,0.36,299.21,2.94,299.2,359685.99,104901735.0619
1753507441174,05:24:01.174,bybit,AAVE/USDT:USDT,299.19,2.1,299.2,6.45,299.19,359686.74,104901959.458
1753507441274,05:24:01.274,bybit,AAVE/USDT:USDT,299.19,2.1,299.2,1.46,299.19,359686.74,104901959.458
1753507441374,05:24:01.374,bybit,AAVE/USDT:USDT,299.19,4.72,299.2,2.07,299.19,359686.74,104901959.458
1753507441474,05:24:01.474,bybit,AAVE/USDT:USDT,299.19,4.75,299.2,2.07,299.19,359686.74,104901959.458
1753507441574,05:24:01.574,bybit,AAVE/USDT:USDT,299.19,6.24,299.2,2.07,299.19,359686.74,104901959.458
1753507441674,05:24:01.674,bybit,AAVE/USDT:USDT,299.23,8.92,299.24,0.55,299.2,359688.81,104902578.802
1753507441774,05:24:01.774,bybit,AAVE/USDT:USDT,299.23,9.34,299.24,0.55,299.2,359688.81,104902578.802
1753507441874,05:24:01.874,bybit,AAVE/USDT:USDT,299.23,9.34,299.24,0.55,299.2,359688.81,104902578.802
1753507442374,05:24:02.374,bybit,AAVE/USDT:USDT,299.23,9.34,299.24,0.94,299.2,359688.81,104902578.802
1753507442474,05:24:02.474,bybit,AAVE/USDT:USDT,299.23,9.34,299.24,0.94,299.2,359688.81,104902578.802
1753507442774,05:24:02.774,bybit,AAVE/USDT:USDT,299.23,6.98,299.24,0.94,299.2,359688.81,104902578.802
1753507442874,05:24:02.874,bybit,AAVE/USDT:USDT,299.23,0.42,299.24,0.94,299.2,359688.81,104902578.802
1753507443075,05:24:03.075,bybit,AAVE/USDT:USDT,299.23,3.0,299.24,0.94,299.2,359688.81,104902578.802
1753507443274,05:24:03.274,bybit,AAVE/USDT:USDT,299.23,10.14,299.24,0.94,299.2,359688.81,104902578.802
1753507443375,05:24:03.375,bybit,AAVE/USDT:USDT,299.23,10.23,299.24,0.94,299.2,359688.81,104902578.802
1753507443874,05:24:03.874,bybit,AAVE/USDT:USDT,299.22,0.42,299.23,1.46,299.23,359699.53,104905786.5525
1753507443974,05:24:03.974,bybit,AAVE/USDT:USDT,299.26,0.77,299.27,4.51,299.27,359707.25,104908096.8264
1753507444074,05:24:04.074,bybit,AAVE/USDT:USDT,299.29,0.67,299.3,6.25,299.28,359709.52,104908776.1748
1753507444174,05:24:04.174,bybit,AAVE/USDT:USDT,299.27,2.58,299.28,1.02,299.28,359719.83,104911861.6415
1753507444274,05:24:04.274,bybit,AAVE/USDT:USDT,299.26,0.67,299.27,0.75,299.27,359723.03,104912819.2888
1753507444374,05:24:04.374,bybit,AAVE/USDT:USDT,299.28,5.33,299.29,3.91,299.29,359728.36,104914414.4507
1753507444475,05:24:04.475,bybit,AAVE/USDT:USDT,299.28,2.75,299.29,1.63,299.29,359730.64,104915096.8319
1753507444574,05:24:04.574,bybit,AAVE/USDT:USDT,299.29,2.75,299.3,9.79,299.3,359734.79,104916338.9106
1753507444674,05:24:04.674,bybit,AAVE/USDT:USDT,299.26,0.52,299.29,7.87,299.3,359734.79,104916338.9106
1753507444774,05:24:04.774,bybit,AAVE/USDT:USDT,299.26,0.52,299.29,9.28,299.29,359735.34,104916503.5201
1753507444874,05:24:04.874,bybit,AAVE/USDT:USDT,299.26,0.03,299.29,8.32,299.29,359735.34,104916503.5201
1753507444974,05:24:04.974,bybit,AAVE/USDT:USDT,299.25,0.42,299.28,2.26,299.29,359735.34,104916503.5201
1753507445674,05:24:05.674,bybit,AAVE/USDT:USDT,299.25,0.42,299.26,1.46,299.29,359735.34,104916503.5201
1753507445774,05:24:05.774,bybit,AAVE/USDT:USDT,299.24,0.42,299.26,2.37,299.29,359735.34,104916503.5201
1753507445975,05:24:05.975,bybit,AAVE/USDT:USDT,299.25,3.25,299.26,2.37,299.29,359735.34,104916503.5201
1753507446274,05:24:06.274,bybit,AAVE/USDT:USDT,299.25,3.25,299.26,1.46,299.29,359735.34,104916503.5201
1753507446675,05:24:06.675,bybit,AAVE/USDT:USDT,299.24,2.79,299.26,1.46,299.29,359735.34,104916503.5201
1753507446974,05:24:06.974,bybit,AAVE/USDT:USDT,299.24,2.79,299.26,1.46,299.29,359735.34,104916503.5201
1753507447174,05:24:07.174,bybit,AAVE/USDT:USDT,299.25,2.58,299.27,5.5,299.29,359735.34,104916503.5201
1753507447274,05:24:07.274,bybit,AAVE/USDT:USDT,299.26,3.0,299.3,2.35,299.29,359735.34,104916503.5201
1753507447374,05:24:07.374,bybit,AAVE/USDT:USDT,299.27,0.67,299.3,8.06,299.29,359735.34,104916503.5201
1753507447575,05:24:07.575,bybit,AAVE/USDT:USDT,299.27,0.67,299.3,8.06,299.29,359735.34,104916503.5201
1753507447874,05:24:07.874,bybit,AAVE/USDT:USDT,299.25,3.1,299.29,4.7,299.29,359735.34,104916503.5201
1753507448174,05:24:08.174,bybit,AAVE/USDT:USDT,299.25,3.13,299.29,4.7,299.29,359735.34,104916503.5201
1753507448274,05:24:08.274,bybit,AAVE/USDT:USDT,299.29,6.07,299.3,0.02,299.29,359736.59,104916877.6326
1753507448374,05:24:08.374,bybit,AAVE/USDT:USDT,299.29,3.73,299.3,0.02,299.29,359736.59,104916877.6326
1753507448474,05:24:08.474,bybit,AAVE/USDT:USDT,299.29,3.73,299.3,0.02,299.29,359736.59,104916877.6326
1753507448574,05:24:08.574,bybit,AAVE/USDT:USDT,299.29,4.64,299.3,0.02,299.29,359736.59,104916877.6326
1753507448774,05:24:08.774,bybit,AAVE/USDT:USDT,299.29,4.64,299.3,0.02,299.29,359736.59,104916877.6326
1753507449074,05:24:09.074,bybit,AAVE/USDT:USDT,299.3,3.04,299.32,0.06,299.29,359736.59,104916877.6326
1753507449175,05:24:09.175,bybit,AAVE/USDT:USDT,299.31,3.0,299.32,0.02,299.29,359736.59,104916877.6326
1753507449374,05:24:09.374,bybit,AAVE/USDT:USDT,299.31,3.0,299.32,0.02,299.29,359736.59,104916877.6326
1753507449674,05:24:09.674,bybit,AAVE/USDT:USDT,299.33,12.55,299.34,0.02,299.29,359736.59,104916877.6326
1753507449874,05:24:09.874,bybit,AAVE/USDT:USDT,299.34,14.75,299.35,0.55,299.34,359736.61,104916883.6194
1753507449974,05:24:09.974,bybit,AAVE/USDT:USDT,299.34,14.75,299.35,0.55,299.34,359736.61,104916883.6194
1753507450274,05:24:10.274,bybit,AAVE/USDT:USDT,299.34,14.75,299.35,0.55,299.34,359736.61,104916883.6194
1753507450475,05:24:10.475,bybit,AAVE/USDT:USDT,299.34,15.07,299.35,0.55,299.34,359736.61,104916883.6194
1753507450674,05:24:10.674,bybit,AAVE/USDT:USDT,299.34,15.32,299.35,0.55,299.34,359736.61,104916883.6194
1753507451174,05:24:11.174,bybit,AAVE/USDT:USDT,299.34,15.32,299.35,0.55,299.34,359736.61,104916883.6194
1753507451374,05:24:11.374,bybit,AAVE/USDT:USDT,299.35,19.12,299.36,0.04,299.35,359737.16,104917048.2619
1753507451474,05:24:11.474,bybit,AAVE/USDT:USDT,299.35,19.21,299.36,0.02,299.35,359737.16,104917048.2619
1753507451575,05:24:11.575,bybit,AAVE/USDT:USDT,299.35,18.09,299.36,0.02,299.35,359737.16,104917048.2619
1753507451774,05:24:11.774,bybit,AAVE/USDT:USDT,299.35,18.09,299.36,0.02,299.35,359737.16,104917048.2619
1753507451974,05:24:11.974,bybit,AAVE/USDT:USDT,299.35,18.25,299.36,0.02,299.35,359737.16,104917048.2619
1753507452075,05:24:12.075,bybit,AAVE/USDT:USDT,299.35,18.25,299.36,0.02,299.35,359737.16,104917048.2619
1753507452374,05:24:12.374,bybit,AAVE/USDT:USDT,299.35,19.37,299.36,0.02,299.35,359737.16,104917048.2619
1753507452574,05:24:12.574,bybit,AAVE/USDT:USDT,299.35,19.55,299.36,0.02,299.35,359737.16,104917048.2619
1753507452674,05:24:12.674,bybit,AAVE/USDT:USDT,299.35,18.43,299.36,0.02,299.35,359737.16,104917048.2619
1753507453174,05:24:13.174,bybit,AAVE/USDT:USDT,299.35,17.43,299.36,0.02,299.35,359737.16,104917048.2619
1753507453474,05:24:13.474,bybit,AAVE/USDT:USDT,299.35,18.55,299.36,0.02,299.35,359737.16,104917048.2619
1753507453874,05:24:13.874,bybit,AAVE/USDT:USDT,299.35,0.75,299.36,2.11,299.35,359737.16,104917048.2619
1753507453974,05:24:13.974,bybit,AAVE/USDT:USDT,299.32,0.03,299.33,4.39,299.33,359738.31,104917392.51
1753507454074,05:24:14.074,bybit,AAVE/USDT:USDT,299.31,0.42,299.33,4.39,299.33,359738.31,104917392.51
1753507454174,05:24:14.174,bybit,AAVE/USDT:USDT,299.3,2.14,299.33,4.39,299.33,359738.31,104917392.51
1753507454474,05:24:14.474,bybit,AAVE/USDT:USDT,299.31,0.42,299.33,4.39,299.33,359738.31,104917392.51
1753507454674,05:24:14.674,bybit,AAVE/USDT:USDT,299.31,0.42,299.33,5.54,299.33,359738.31,104917392.51
1753507454974,05:24:14.974,bybit,AAVE/USDT:USDT,299.32,0.42,299.33,0.52,299.33,359738.31,104917392.51
1753507455374,05:24:15.374,bybit,AAVE/USDT:USDT,299.32,0.42,299.33,0.52,299.33,359738.31,104917392.51
1753507455475,05:24:15.475,bybit,AAVE/USDT:USDT,299.31,14.06,299.33,0.52,299.33,359738.31,104917392.51
1753507455674,05:24:15.674,bybit,AAVE/USDT:USDT,299.32,0.36,299.33,0.52,299.33,359738.31,104917392.51
1753507455874,05:24:15.874,bybit,AAVE/USDT:USDT,299.32,5.65,299.33,0.52,299.33,359738.31,104917392.51
1753507455974,05:24:15.974,bybit,AAVE/USDT:USDT,299.31,13.65,299.32,9.55,299.31,359744.13,104919134.5507
1753507456074,05:24:16.074,bybit,AAVE/USDT:USDT,299.3,0.06,299.31,12.17,299.31,359749.6,104920771.7764
1753507456174,05:24:16.174,bybit,AAVE/USDT:USDT,299.3,0.02,299.31,12.4,299.31,359749.6,104920771.7764
1753507456274,05:24:16.274,bybit,AAVE/USDT:USDT,299.3,0.44,299.31,9.85,299.31,359749.6,104920771.7764
1753507456374,05:24:16.374,bybit,AAVE/USDT:USDT,299.3,0.44,299.31,9.78,299.31,359749.6,104920771.7764
1753507456574,05:24:16.574,bybit,AAVE/USDT:USDT,299.3,0.44,299.31,9.78,299.31,359749.6,104920771.7764
1753507456774,05:24:16.774,bybit,AAVE/USDT:USDT,299.3,0.44,299.31,4.62,299.31,359749.6,104920771.7764
1753507457274,05:24:17.274,bybit,AAVE/USDT:USDT,299.3,8.88,299.31,0.23,299.31,359749.6,104920771.7764
1753507458574,05:24:18.574,bybit,AAVE/USDT:USDT,299.33,0.19,299.35,0.67,299.31,359749.83,104920840.6177
1753507458674,05:24:18.674,bybit,AAVE/USDT:USDT,299.33,0.19,299.34,0.23,299.31,359749.83,104920840.6177
1753507458874,05:24:18.874,bybit,AAVE/USDT:USDT,299.32,0.6,299.34,0.23,299.31,359749.83,104920840.6177
1753507458975,05:24:18.975,bybit,AAVE/USDT:USDT,299.33,0.42,299.35,0.22,299.31,359749.83,104920840.6177
1753507459075,05:24:19.075,bybit,AAVE/USDT:USDT,299.33,0.42,299.35,1.57,299.31,359749.83,104920840.6177
1753507459174,05:24:19.174,bybit,AAVE/USDT:USDT,299.33,6.19,299.35,1.57,299.31,359749.83,104920840.6177
1753507460774,05:24:20.774,bybit,AAVE/USDT:USDT,299.33,6.19,299.35,1.57,299.31,359749.83,104920840.6177
1753507461575,05:24:21.575,bybit,AAVE/USDT:USDT,299.33,6.19,299.35,4.45,299.31,359749.83,104920840.6177
1753507462274,05:24:22.274,bybit,AAVE/USDT:USDT,299.33,6.19,299.35,1.57,299.31,359749.83,104920840.6177
1753507462374,05:24:22.374,bybit,AAVE/USDT:USDT,299.33,6.19,299.35,4.41,299.31,359749.83,104920840.6177
1753507462475,05:24:22.475,bybit,AAVE/USDT:USDT,299.34,3.9,299.35,3.12,299.31,359749.83,104920840.6177
1753507462674,05:24:22.674,bybit,AAVE/USDT:USDT,299.34,3.9,299.35,4.5,299.31,359749.83,104920840.6177
1753507462774,05:24:22.774,bybit,AAVE/USDT:USDT,299.34,3.71,299.35,4.5,299.31,359749.83,104920840.6177
1753507462874,05:24:22.874,bybit,AAVE/USDT:USDT,299.34,3.71,299.35,3.12,299.31,359749.83,104920840.6177
1753507463074,05:24:23.074,bybit,AAVE/USDT:USDT,299.34,3.71,299.35,3.35,299.31,359749.83,104920840.6177
1753507463174,05:24:23.174,bybit,AAVE/USDT:USDT,299.34,3.71,299.35,4.5,299.31,359749.83,104920840.6177
1753507463275,05:24:23.275,bybit,AAVE/USDT:USDT,299.34,3.71,299.35,4.27,299.31,359749.83,104920840.6177
1753507463375,05:24:23.375,bybit,AAVE/USDT:USDT,299.34,3.71,299.35,4.37,299.31,359749.83,104920840.6177
1753507463474,05:24:23.474,bybit,AAVE/USDT:USDT,299.34,3.71,299.35,4.37,299.31,359749.83,104920840.6177
1753507464375,05:24:24.375,bybit,AAVE/USDT:USDT,299.34,3.71,299.35,4.37,299.31,359749.83,104920840.6177
1753507464674,05:24:24.674,bybit,AAVE/USDT:USDT,299.36,12.49,299.37,0.02,299.36,359758.36,104923394.1148
1753507464774,05:24:24.774,bybit,AAVE/USDT:USDT,299.36,4.24,299.38,0.02,299.36,359758.36,104923394.1148
1753507464874,05:24:24.874,bybit,AAVE/USDT:USDT,299.36,0.18,299.37,3.35,299.36,359758.36,104923394.1148
1753507465274,05:24:25.274,bybit,AAVE/USDT:USDT,299.36,0.18,299.37,0.42,299.36,359758.36,104923394.1148
1753507465674,05:24:25.674,bybit,AAVE/USDT:USDT,299.36,0.18,299.37,3.35,299.36,359758.36,104923394.1148
1753507466274,05:24:26.274,bybit,AAVE/USDT:USDT,299.36,0.29,299.37,3.35,299.36,359758.36,104923394.1148
1753507466574,05:24:26.574,bybit,AAVE/USDT:USDT,299.36,0.29,299.37,0.42,299.36,359758.36,104923394.1148
1753507468175,05:24:28.175,bybit,AAVE/USDT:USDT,299.36,0.71,299.38,0.42,299.39,359759.36,104923693.492
1753507468274,05:24:28.274,bybit,AAVE/USDT:USDT,299.37,0.42,299.38,1.46,299.39,359759.36,104923693.492
1753507468474,05:24:28.474,bybit,AAVE/USDT:USDT,299.37,0.53,299.38,1.46,299.39,359759.36,104923693.492
1753507469474,05:24:29.474,bybit,AAVE/USDT:USDT,299.37,3.11,299.38,2.41,299.39,359759.36,104923693.492
1753507469574,05:24:29.574,bybit,AAVE/USDT:USDT,299.37,0.11,299.38,5.03,299.39,359759.36,104923693.492
1753507469674,05:24:29.674,bybit,AAVE/USDT:USDT,299.37,0.11,299.38,5.13,299.39,359759.36,104923693.492
1753507469874,05:24:29.874,bybit,AAVE/USDT:USDT,299.37,0.11,299.38,2.51,299.39,359759.36,104923693.492
1753507470375,05:24:30.375,bybit,AAVE/USDT:USDT,299.37,0.2,299.38,2.51,299.39,359759.36,104923693.492
1753507471274,05:24:31.274,bybit,AAVE/USDT:USDT,299.37,0.2,299.38,4.34,299.39,359759.36,104923693.492
1753507472374,05:24:32.374,bybit,AAVE/USDT:USDT,299.37,0.2,299.38,4.66,299.39,359759.36,104923693.492
1753507472774,05:24:32.774,bybit,AAVE/USDT:USDT,299.37,0.2,299.38,4.66,299.39,359759.36,104923693.492
1753507474674,05:24:34.674,bybit,AAVE/USDT:USDT,299.37,0.2,299.38,6.08,299.39,359759.36,104923693.492
1753507475475,05:24:35.475,bybit,AAVE/USDT:USDT,299.37,0.2,299.38,7.52,299.39,359759.36,104923693.492
1753507475874,05:24:35.874,bybit,AAVE/USDT:USDT,299.37,0.2,299.38,6.4,299.39,359680.4,104901011.332
1753507476374,05:24:36.374,bybit,AAVE/USDT:USDT,299.34,0.04,299.36,7.53,299.37,359680.6,104901071.206
1753507476474,05:24:36.474,bybit,AAVE/USDT:USDT,299.32,1.12,299.34,3.35,299.37,359680.6,104901071.206
1753507476574,05:24:36.574,bybit,AAVE/USDT:USDT,299.32,1.3,299.33,0.42,299.37,359680.6,104901071.206
1753507476674,05:24:36.674,bybit,AAVE/USDT:USDT,299.32,1.3,299.33,0.42,299.37,359680.6,104901071.206
1753507476875,05:24:36.875,bybit,AAVE/USDT:USDT,299.32,1.3,299.33,2.37,299.33,359680.76,104901119.0988
1753507476974,05:24:36.974,bybit,AAVE/USDT:USDT,299.32,1.3,299.33,2.37,299.33,359680.76,104901119.0988
1753507477074,05:24:37.074,bybit,AAVE/USDT:USDT,299.32,1.3,299.33,2.47,299.33,359680.76,104901119.0988
1753507477574,05:24:37.574,bybit,AAVE/USDT:USDT,299.32,1.3,299.33,2.47,299.33,359680.76,104901119.0988
1753507477674,05:24:37.674,bybit,AAVE/USDT:USDT,299.32,1.3,299.33,2.49,299.33,359680.76,104901119.0988
1753507478375,05:24:38.375,bybit,AAVE/USDT:USDT,299.32,1.3,299.33,6.86,299.33,359680.76,104901119.0988
1753507478474,05:24:38.474,bybit,AAVE/USDT:USDT,299.32,6.87,299.33,6.86,299.33,359680.76,104901119.0988
1753507478874,05:24:38.874,bybit,AAVE/USDT:USDT,299.32,5.91,299.33,6.86,299.33,359680.76,104901119.0988
1753507478974,05:24:38.974,bybit,AAVE/USDT:USDT,299.32,5.91,299.35,0.3,299.33,359687.62,104903172.5026
1753507479074,05:24:39.074,bybit,AAVE/USDT:USDT,299.32,5.91,299.35,1.76,299.33,359687.62,104903172.5026
1753507479174,05:24:39.174,bybit,AAVE/USDT:USDT,299.32,5.91,299.33,1.46,299.33,359687.62,104903172.5026
1753507479374,05:24:39.374,bybit,AAVE/USDT:USDT,299.32,5.91,299.33,1.46,299.33,359687.62,104903172.5026
1753507479874,05:24:39.874,bybit,AAVE/USDT:USDT,299.31,0.74,299.32,0.42,299.32,359688.59,104903462.843
1753507479974,05:24:39.974,bybit,AAVE/USDT:USDT,299.31,0.74,299.32,0.42,299.32,359688.59,104903462.843
1753507480274,05:24:40.274,bybit,AAVE/USDT:USDT,299.31,0.74,299.32,0.42,299.32,359688.59,104903462.843
1753507480475,05:24:40.475,bybit,AAVE/USDT:USDT,299.31,0.92,299.32,0.42,299.32,359688.59,104903462.843
1753507480575,05:24:40.575,bybit,AAVE/USDT:USDT,299.31,0.92,299.32,0.42,299.32,359688.59,104903462.843
1753507480874,05:24:40.874,bybit,AAVE/USDT:USDT,299.31,4.16,299.32,0.42,299.32,359688.59,104903462.843
1753507481174,05:24:41.174,bybit,AAVE/USDT:USDT,299.31,3.5,299.32,0.42,299.31,359689.25,104903660.3876
1753507481275,05:24:41.275,bybit,AAVE/USDT:USDT,299.31,3.32,299.32,0.42,299.31,359689.25,104903660.3876
1753507481574,05:24:41.574,bybit,AAVE/USDT:USDT,299.31,6.35,299.32,0.42,299.31,359689.25,104903660.3876
1753507481674,05:24:41.674,bybit,AAVE/USDT:USDT,299.31,6.35,299.32,5.21,299.31,359689.25,104903660.3876
1753507481774,05:24:41.774,bybit,AAVE/USDT:USDT,299.31,6.35,299.32,5.21,299.31,359689.25,104903660.3876
1753507482075,05:24:42.075,bybit,AAVE/USDT:USDT,299.31,6.35,299.32,5.21,299.31,359689.25,104903660.3876
1753507482374,05:24:42.374,bybit,AAVE/USDT:USDT,299.31,6.35,299.32,5.21,299.31,359689.25,104903660.3876
1753507482974,05:24:42.974,bybit,AAVE/USDT:USDT,299.31,6.35,299.32,5.21,299.31,359689.25,104903660.3876
1753507483074,05:24:43.074,bybit,AAVE/USDT:USDT,299.31,10.05,299.32,2.28,299.31,359689.25,104903660.3876
1753507483174,05:24:43.174,bybit,AAVE/USDT:USDT,299.3,0.11,299.31,3.71,299.31,359689.25,104903660.3876
1753507483274,05:24:43.274,bybit,AAVE/USDT:USDT,299.3,0.11,299.31,3.71,299.31,359689.25,104903660.3876
1753507483375,05:24:43.375,bybit,AAVE/USDT:USDT,299.3,0.02,299.31,4.72,299.31,359689.25,104903660.3876
1753507483774,05:24:43.774,bybit,AAVE/USDT:USDT,299.3,8.62,299.31,3.71,299.31,359689.25,104903660.3876
1753507483875,05:24:43.875,bybit,AAVE/USDT:USDT,299.3,8.62,299.31,0.78,299.31,359689.25,104903660.3876
1753507484175,05:24:44.175,bybit,AAVE/USDT:USDT,299.3,12.85,299.31,0.78,299.31,359689.25,104903660.3876
1753507484575,05:24:44.575,bybit,AAVE/USDT:USDT,299.3,12.85,299.31,0.36,299.31,359689.25,104903660.3876
1753507484874,05:24:44.874,bybit,AAVE/USDT:USDT,299.3,13.58,299.31,0.36,299.31,359689.25,104903660.3876
1753507485374,05:24:45.374,bybit,AAVE/USDT:USDT,299.3,20.13,299.31,0.36,299.31,359689.25,104903660.3876
1753507485575,05:24:45.575,bybit,AAVE/USDT:USDT,299.3,20.13,299.31,3.02,299.31,359689.25,104903660.3876
1753507485874,05:24:45.874,bybit,AAVE/USDT:USDT,299.3,20.13,299.31,6.61,299.31,359689.25,104903660.3876
1753507485975,05:24:45.975,bybit,AAVE/USDT:USDT,299.3,4.98,299.31,4.52,299.31,359689.25,104903660.3876
1753507486074,05:24:46.074,bybit,AAVE/USDT:USDT,299.3,0.02,299.31,2.28,299.31,359689.25,104903660.3876
1753507486175,05:24:46.175,bybit,AAVE/USDT:USDT,299.3,0.02,299.31,3.42,299.31,359689.25,104903660.3876
1753507486574,05:24:46.574,bybit,AAVE/USDT:USDT,299.3,0.18,299.31,3.42,299.31,359689.25,104903660.3876
1753507486674,05:24:46.674,bybit,AAVE/USDT:USDT,299.3,0.18,299.31,4.0,299.31,359689.25,104903660.3876
1753507486774,05:24:46.774,bybit,AAVE/USDT:USDT,299.3,0.18,299.31,3.0,299.31,359690.25,104903959.6976
1753507486874,05:24:46.874,bybit,AAVE/USDT:USDT,299.3,0.18,299.31,1.99,299.31,359690.25,104903959.6976
1753507487074,05:24:47.074,bybit,AAVE/USDT:USDT,299.3,0.18,299.31,1.13,299.31,359690.25,104903959.6976
1753507487174,05:24:47.174,bybit,AAVE/USDT:USDT,299.3,3.19,299.31,1.13,299.31,359690.25,104903959.6976
1753507487475,05:24:47.475,bybit,AAVE/USDT:USDT,299.3,3.19,299.31,1.03,299.31,359690.25,104903959.6976
1753507487674,05:24:47.674,bybit,AAVE/USDT:USDT,299.3,9.48,299.31,3.31,299.31,359690.25,104903959.6976
1753507488174,05:24:48.174,bybit,AAVE/USDT:USDT,299.3,9.48,299.31,2.69,299.31,359690.58,104904058.4699
1753507489374,05:24:49.374,bybit,AAVE/USDT:USDT,299.3,9.48,299.31,5.18,299.31,359690.58,104904058.4699
1753507489875,05:24:49.875,bybit,AAVE/USDT:USDT,299.3,3.19,299.31,1.91,299.31,359690.58,104904058.4699
1753507490474,05:24:50.474,bybit,AAVE/USDT:USDT,299.3,4.26,299.31,0.41,299.31,359690.58,104904058.4699
1753507490774,05:24:50.774,bybit,AAVE/USDT:USDT,299.3,4.26,299.31,0.41,299.31,359690.58,104904058.4699
1753507490974,05:24:50.974,bybit,AAVE/USDT:USDT,299.28,0.02,299.29,4.66,299.3,359691.57,104904354.7769
1753507491074,05:24:51.074,bybit,AAVE/USDT:USDT,299.28,0.02,299.29,4.66,299.3,359691.57,104904354.7769
1753507491474,05:24:51.474,bybit,AAVE/USDT:USDT,299.28,3.02,299.29,3.09,299.3,359691.57,104904354.7769
1753507491575,05:24:51.575,bybit,AAVE/USDT:USDT,299.28,10.76,299.29,1.74,299.3,359691.57,104904354.7769
1753507492874,05:24:52.874,bybit,AAVE/USDT:USDT,299.28,10.86,299.29,1.74,299.3,359691.57,104904354.7769
1753507492974,05:24:52.974,bybit,AAVE/USDT:USDT,299.3,11.0,299.31,0.04,299.3,359693.33,104904881.5275
1753507493075,05:24:53.075,bybit,AAVE/USDT:USDT,299.31,4.12,299.32,0.55,299.3,359693.33,104904881.5275
1753507493175,05:24:53.175,bybit,AAVE/USDT:USDT,299.31,5.13,299.32,0.55,299.3,359693.33,104904881.5275
1753507493374,05:24:53.374,bybit,AAVE/USDT:USDT,299.31,4.26,299.32,0.55,299.3,359693.33,104904881.5275
1753507493474,05:24:53.474,bybit,AAVE/USDT:USDT,299.31,0.72,299.32,0.9,299.3,359693.33,104904881.5275
1753507493674,05:24:53.674,bybit,AAVE/USDT:USDT,299.31,0.28,299.32,0.9,299.3,359693.33,104904881.5275
1753507494174,05:24:54.174,bybit,AAVE/USDT:USDT,299.33,2.79,299.34,0.02,299.32,359694.23,104905150.9155
1753507494274,05:24:54.274,bybit,AAVE/USDT:USDT,299.33,7.37,299.34,0.02,299.32,359694.23,104905150.9155
1753507494475,05:24:54.475,bybit,AAVE/USDT:USDT,299.33,7.47,299.34,0.02,299.32,359694.23,104905150.9155
1753507494575,05:24:54.575,bybit,AAVE/USDT:USDT,299.33,5.97,299.34,0.02,299.32,359694.23,104905150.9155
1753507495174,05:24:55.174,bybit,AAVE/USDT:USDT,299.35,13.18,299.36,0.04,299.34,359694.25,104905156.9023
1753507495274,05:24:55.274,bybit,AAVE/USDT:USDT,299.39,5.98,299.4,0.04,299.38,359694.95,104905366.4672
