timestamp,time,exchange,symbol,bid,bidVolume,ask,askVolume,lastPrice,baseVolume,quoteVolume
1753504791997,04:39:51.997,bybit,ADA/USDT:USDT,0.8271,8325.0,0.8272,6726.0,0.8272,455717091.0,364427447.8395
1753504792497,04:39:52.497,bybit,ADA/USDT:USDT,0.827,9088.0,0.8271,13539.0,0.8272,455717091.0,364427447.8395
1753504792597,04:39:52.597,bybit,ADA/USDT:USDT,0.827,9501.0,0.8271,6736.0,0.8272,455717091.0,364427447.8395
1753504792697,04:39:52.697,bybit,ADA/USDT:USDT,0.827,11779.0,0.8271,6736.0,0.8272,455717091.0,364427447.8395
1753504792797,04:39:52.797,bybit,ADA/USDT:USDT,0.827,12179.0,0.8271,6763.0,0.8272,455717091.0,364427447.8395
1753504792998,04:39:52.998,bybit,ADA/USDT:USDT,0.827,12172.0,0.8271,6763.0,0.8272,455717091.0,364427447.8395
1753504794698,04:39:54.698,bybit,ADA/USDT:USDT,0.827,13164.0,0.8271,2073.0,0.8272,455717091.0,364427447.8395
1753504794797,04:39:54.797,bybit,ADA/USDT:USDT,0.827,12764.0,0.8271,2099.0,0.8272,455717091.0,364427447.8395
1753504794897,04:39:54.897,bybit,ADA/USDT:USDT,0.827,13162.0,0.8271,1611.0,0.8272,455717091.0,364427447.8395
1753504794997,04:39:54.997,bybit,ADA/USDT:USDT,0.827,14249.0,0.8271,1611.0,0.8272,455717091.0,364427447.8395
1753504795198,04:39:55.198,bybit,ADA/USDT:USDT,0.827,19749.0,0.8271,614.0,0.8272,455717091.0,364427447.8395
1753504795498,04:39:55.498,bybit,ADA/USDT:USDT,0.827,19749.0,0.8271,615.0,0.8272,455717091.0,364427447.8395
1753504795597,04:39:55.597,bybit,ADA/USDT:USDT,0.827,19481.0,0.8271,1623.0,0.827,455717359.0,364427669.4755
1753504795698,04:39:55.698,bybit,ADA/USDT:USDT,0.827,19481.0,0.8271,1625.0,0.827,455717359.0,364427669.4755
1753504795897,04:39:55.897,bybit,ADA/USDT:USDT,0.827,19466.0,0.8271,1625.0,0.827,455717359.0,364427669.4755
1753504795997,04:39:55.997,bybit,ADA/USDT:USDT,0.827,19466.0,0.8271,1625.0,0.827,455717359.0,364427669.4755
1753504796398,04:39:56.398,bybit,ADA/USDT:USDT,0.827,19466.0,0.8271,2068.0,0.827,455717359.0,364427669.4755
1753504797197,04:39:57.197,bybit,ADA/USDT:USDT,0.827,21027.0,0.8271,1062.0,0.827,455717359.0,364427669.4755
1753504797397,04:39:57.397,bybit,ADA/USDT:USDT,0.827,19466.0,0.8271,1062.0,0.827,455717359.0,364427669.4755
1753504797498,04:39:57.498,bybit,ADA/USDT:USDT,0.827,21027.0,0.8271,1062.0,0.827,455717359.0,364427669.4755
1753504797697,04:39:57.697,bybit,ADA/USDT:USDT,0.827,22607.0,0.8271,1062.0,0.827,455717359.0,364427669.4755
1753504797897,04:39:57.897,bybit,ADA/USDT:USDT,0.827,22582.0,0.8271,1072.0,0.827,455717359.0,364427669.4755
1753504797997,04:39:57.997,bybit,ADA/USDT:USDT,0.827,21002.0,0.8271,1072.0,0.827,455717359.0,364427669.4755
1753504798097,04:39:58.097,bybit,ADA/USDT:USDT,0.827,19441.0,0.8271,1072.0,0.827,455717359.0,364427669.4755
1753504798398,04:39:58.398,bybit,ADA/USDT:USDT,0.827,21002.0,0.8271,1072.0,0.827,455717359.0,364427669.4755
1753504798597,04:39:58.597,bybit,ADA/USDT:USDT,0.827,19441.0,0.8271,1099.0,0.827,455717359.0,364427669.4755
1753504798698,04:39:58.698,bybit,ADA/USDT:USDT,0.827,13941.0,0.8271,1694.0,0.827,455717359.0,364427669.4755
1753504798797,04:39:58.797,bybit,ADA/USDT:USDT,0.827,13941.0,0.8271,1099.0,0.827,455717359.0,364427669.4755
1753504799097,04:39:59.097,bybit,ADA/USDT:USDT,0.827,19441.0,0.8271,2107.0,0.827,455717359.0,364427669.4755
1753504799297,04:39:59.297,bybit,ADA/USDT:USDT,0.827,19173.0,0.8271,2108.0,0.827,455717627.0,364427891.1115
1753504799497,04:39:59.497,bybit,ADA/USDT:USDT,0.827,13673.0,0.8271,2108.0,0.827,455717627.0,364427891.1115
1753504799897,04:39:59.897,bybit,ADA/USDT:USDT,0.827,13647.0,0.8271,2108.0,0.827,455717627.0,364427891.1115
1753504800097,04:40:00.097,bybit,ADA/USDT:USDT,0.827,20688.0,0.8271,2108.0,0.827,455717627.0,364427891.1115
1753504800197,04:40:00.197,bybit,ADA/USDT:USDT,0.827,19147.0,0.8271,2108.0,0.827,455717627.0,364427891.1115
1753504800397,04:40:00.397,bybit,ADA/USDT:USDT,0.827,20688.0,0.8271,1100.0,0.827,455717627.0,364427891.1115
1753504800597,04:40:00.597,bybit,ADA/USDT:USDT,0.827,20688.0,0.8271,1695.0,0.827,455717627.0,364427891.1115
1753504800698,04:40:00.698,bybit,ADA/USDT:USDT,0.827,19147.0,0.8271,1959.0,0.827,455717627.0,364427891.1115
1753504800797,04:40:00.797,bybit,ADA/USDT:USDT,0.827,19147.0,0.8271,1961.0,0.827,455717627.0,364427891.1115
1753504800897,04:40:00.897,bybit,ADA/USDT:USDT,0.827,19216.0,0.8271,1961.0,0.827,455717627.0,364427891.1115
1753504801397,04:40:01.397,bybit,ADA/USDT:USDT,0.827,13716.0,0.8271,1961.0,0.827,455717627.0,364427891.1115
1753504801697,04:40:01.697,bybit,ADA/USDT:USDT,0.827,13716.0,0.8271,1961.0,0.827,455717627.0,364427891.1115
1753504801997,04:40:01.997,bybit,ADA/USDT:USDT,0.827,13715.0,0.8271,5140.0,0.827,455717627.0,364427891.1115
1753504802297,04:40:02.297,bybit,ADA/USDT:USDT,0.827,13100.0,0.8271,5140.0,0.827,455717647.0,364427907.6515
1753504802497,04:40:02.497,bybit,ADA/USDT:USDT,0.827,12687.0,0.8271,7740.0,0.827,455717647.0,364427907.6515
1753504802597,04:40:02.597,bybit,ADA/USDT:USDT,0.827,12687.0,0.8271,7748.0,0.827,455717647.0,364427907.6515
1753504802798,04:40:02.798,bybit,ADA/USDT:USDT,0.827,13695.0,0.8271,7748.0,0.827,455717647.0,364427907.6515
1753504802897,04:40:02.897,bybit,ADA/USDT:USDT,0.827,13695.0,0.8271,7748.0,0.827,455717647.0,364427907.6515
1753504803197,04:40:03.197,bybit,ADA/USDT:USDT,0.827,13564.0,0.8271,5148.0,0.827,455717671.0,364427927.4995
1753504803297,04:40:03.297,bybit,ADA/USDT:USDT,0.827,13564.0,0.8271,2477.0,0.827,455717671.0,364427927.4995
1753504803397,04:40:03.397,bybit,ADA/USDT:USDT,0.827,13583.0,0.8271,2477.0,0.827,455717671.0,364427927.4995
1753504803498,04:40:03.498,bybit,ADA/USDT:USDT,0.827,13170.0,0.8271,7768.0,0.827,455717671.0,364427927.4995
1753504803598,04:40:03.598,bybit,ADA/USDT:USDT,0.827,13583.0,0.8271,7768.0,0.827,455717671.0,364427927.4995
1753504803797,04:40:03.797,bybit,ADA/USDT:USDT,0.827,13583.0,0.8271,7768.0,0.827,455717671.0,364427927.4995
1753504803897,04:40:03.897,bybit,ADA/USDT:USDT,0.827,14347.0,0.8271,7772.0,0.827,455717671.0,364427927.4995
1753504803998,04:40:03.998,bybit,ADA/USDT:USDT,0.827,13668.0,0.8271,7772.0,0.827,455717671.0,364427927.4995
1753504804097,04:40:04.097,bybit,ADA/USDT:USDT,0.827,10504.0,0.8271,21040.0,0.827,455717671.0,364427927.4995
1753504804197,04:40:04.197,bybit,ADA/USDT:USDT,0.827,10504.0,0.8271,20793.0,0.827,455717671.0,364427927.4995
1753504804397,04:40:04.397,bybit,ADA/USDT:USDT,0.827,10504.0,0.8271,20818.0,0.827,455717671.0,364427927.4995
1753504804998,04:40:04.998,bybit,ADA/USDT:USDT,0.827,10397.0,0.8271,20818.0,0.827,455717671.0,364427927.4995
1753504805098,04:40:05.098,bybit,ADA/USDT:USDT,0.827,10397.0,0.8271,18909.0,0.827,455717671.0,364427927.4995
1753504805197,04:40:05.197,bybit,ADA/USDT:USDT,0.827,14584.0,0.8271,6901.0,0.827,455717671.0,364427927.4995
1753504805397,04:40:05.397,bybit,ADA/USDT:USDT,0.827,13576.0,0.8271,12003.0,0.827,455717671.0,364427927.4995
1753504805497,04:40:05.497,bybit,ADA/USDT:USDT,0.827,10885.0,0.8271,16117.0,0.827,455717671.0,364427927.4995
1753504805797,04:40:05.797,bybit,ADA/USDT:USDT,0.827,10397.0,0.8271,16277.0,0.827,455717671.0,364427927.4995
1753504805997,04:40:05.997,bybit,ADA/USDT:USDT,0.827,10397.0,0.8271,16299.0,0.827,455717671.0,364427927.4995
1753504806098,04:40:06.098,bybit,ADA/USDT:USDT,0.827,10397.0,0.8271,21411.0,0.827,455717671.0,364427927.4995
1753504806397,04:40:06.397,bybit,ADA/USDT:USDT,0.827,10885.0,0.8271,18398.0,0.827,455717671.0,364427927.4995
1753504806498,04:40:06.498,bybit,ADA/USDT:USDT,0.827,1223.0,0.8271,18401.0,0.827,455717671.0,364427927.4995
1753504806597,04:40:06.597,bybit,ADA/USDT:USDT,0.827,810.0,0.8271,19902.0,0.827,455717671.0,364427927.4995
1753504806697,04:40:06.697,bybit,ADA/USDT:USDT,0.827,2306.0,0.8271,19905.0,0.827,455717671.0,364427927.4995
1753504806798,04:40:06.798,bybit,ADA/USDT:USDT,0.827,2306.0,0.8271,13906.0,0.827,455717671.0,364427927.4995
1753504806897,04:40:06.897,bybit,ADA/USDT:USDT,0.827,2270.0,0.8271,13947.0,0.827,455717671.0,364427927.4995
1753504806997,04:40:06.997,bybit,ADA/USDT:USDT,0.827,3287.0,0.8271,12944.0,0.827,455717671.0,364427927.4995
1753504807097,04:40:07.097,bybit,ADA/USDT:USDT,0.827,5391.0,0.8271,12944.0,0.827,455717671.0,364427927.4995
1753504807197,04:40:07.197,bybit,ADA/USDT:USDT,0.827,8082.0,0.8271,12944.0,0.827,455717671.0,364427927.4995
1753504807398,04:40:07.398,bybit,ADA/USDT:USDT,0.827,7065.0,0.8271,12944.0,0.827,455717671.0,364427927.4995
1753504807498,04:40:07.498,bybit,ADA/USDT:USDT,0.827,7065.0,0.8271,12948.0,0.827,455717671.0,364427927.4995
1753504807697,04:40:07.697,bybit,ADA/USDT:USDT,0.827,7065.0,0.8271,13155.0,0.827,455717671.0,364427927.4995
1753504807998,04:40:07.998,bybit,ADA/USDT:USDT,0.827,7038.0,0.8271,13405.0,0.827,455717671.0,364427927.4995
1753504808098,04:40:08.098,bybit,ADA/USDT:USDT,0.827,4934.0,0.8271,13405.0,0.827,455717671.0,364427927.4995
1753504808197,04:40:08.197,bybit,ADA/USDT:USDT,0.827,4934.0,0.8271,16419.0,0.827,455717671.0,364427927.4995
1753504808297,04:40:08.297,bybit,ADA/USDT:USDT,0.827,1235.0,0.8271,16419.0,0.827,455717671.0,364427927.4995
1753504808397,04:40:08.397,bybit,ADA/USDT:USDT,0.827,747.0,0.8271,16509.0,0.827,455717671.0,364427927.4995
1753504808797,04:40:08.797,bybit,ADA/USDT:USDT,0.827,1160.0,0.8271,14995.0,0.827,455717671.0,364427927.4995
1753504808898,04:40:08.898,bybit,ADA/USDT:USDT,0.827,1739.0,0.8271,13496.0,0.827,455717671.0,364427927.4995
1753504808997,04:40:08.997,bybit,ADA/USDT:USDT,0.827,1739.0,0.8271,14995.0,0.827,455717671.0,364427927.4995
1753504809097,04:40:09.097,bybit,ADA/USDT:USDT,0.827,10564.0,0.8271,3996.0,0.827,455717671.0,364427927.4995
1753504809197,04:40:09.197,bybit,ADA/USDT:USDT,0.827,10564.0,0.8271,4076.0,0.827,455717671.0,364427927.4995
1753504809398,04:40:09.398,bybit,ADA/USDT:USDT,0.827,10564.0,0.8271,4110.0,0.827,455717671.0,364427927.4995
1753504809497,04:40:09.497,bybit,ADA/USDT:USDT,0.827,10564.0,0.8271,4110.0,0.827,455717671.0,364427927.4995
1753504809697,04:40:09.697,bybit,ADA/USDT:USDT,0.827,10564.0,0.8271,4117.0,0.827,455717671.0,364427927.4995
1753504809898,04:40:09.898,bybit,ADA/USDT:USDT,0.827,10564.0,0.8271,3629.0,0.827,455717671.0,364427927.4995
1753504809997,04:40:09.997,bybit,ADA/USDT:USDT,0.827,16064.0,0.8271,4037.0,0.827,455717671.0,364427927.4995
1753504810697,04:40:10.697,bybit,ADA/USDT:USDT,0.827,16064.0,0.8271,3577.0,0.827,455717671.0,364427927.4995
1753504811098,04:40:11.098,bybit,ADA/USDT:USDT,0.827,16064.0,0.8271,3582.0,0.827,455717671.0,364427927.4995
1753504811197,04:40:11.197,bybit,ADA/USDT:USDT,0.827,16064.0,0.8271,3689.0,0.827,455717671.0,364427927.4995
1753504811297,04:40:11.297,bybit,ADA/USDT:USDT,0.827,16064.0,0.8271,4422.0,0.827,455717671.0,364427927.4995
1753504811597,04:40:11.597,bybit,ADA/USDT:USDT,0.827,10564.0,0.8271,4422.0,0.827,455717671.0,364427927.4995
1753504811898,04:40:11.898,bybit,ADA/USDT:USDT,0.827,6512.0,0.8271,10126.0,0.827,455717671.0,364427927.4995
1753504811997,04:40:11.997,bybit,ADA/USDT:USDT,0.827,6939.0,0.8271,10126.0,0.827,455717671.0,364427927.4995
1753504812097,04:40:12.097,bybit,ADA/USDT:USDT,0.827,6939.0,0.8271,8612.0,0.827,455717671.0,364427927.4995
1753504812197,04:40:12.197,bybit,ADA/USDT:USDT,0.827,12719.0,0.8271,6625.0,0.827,455717671.0,364427927.4995
1753504812298,04:40:12.298,bybit,ADA/USDT:USDT,0.827,10119.0,0.8271,7120.0,0.827,455717671.0,364427927.4995
1753504812497,04:40:12.497,bybit,ADA/USDT:USDT,0.827,8339.0,0.8271,2227.0,0.8271,455721298.0,364430927.3912
1753504812598,04:40:12.598,bybit,ADA/USDT:USDT,0.827,8339.0,0.8271,2227.0,0.8271,455721298.0,364430927.3912
1753504812798,04:40:12.798,bybit,ADA/USDT:USDT,0.827,8339.0,0.8271,5530.0,0.8271,455721298.0,364430927.3912
1753504812997,04:40:12.997,bybit,ADA/USDT:USDT,0.827,10939.0,0.8271,11030.0,0.8271,455721298.0,364430927.3912
1753504813098,04:40:13.098,bybit,ADA/USDT:USDT,0.827,8339.0,0.8271,11030.0,0.8271,455721298.0,364430927.3912
1753504813198,04:40:13.198,bybit,ADA/USDT:USDT,0.827,6939.0,0.8271,11030.0,0.8271,455721298.0,364430927.3912
1753504813298,04:40:13.298,bybit,ADA/USDT:USDT,0.827,6939.0,0.8271,12677.0,0.8271,455721298.0,364430927.3912
1753504813398,04:40:13.398,bybit,ADA/USDT:USDT,0.827,2227.0,0.8271,12677.0,0.8271,455721298.0,364430927.3912
1753504813498,04:40:13.498,bybit,ADA/USDT:USDT,0.827,2227.0,0.8271,11190.0,0.8271,455721298.0,364430927.3912
1753504813598,04:40:13.598,bybit,ADA/USDT:USDT,0.827,2227.0,0.8271,12677.0,0.8271,455721298.0,364430927.3912
1753504813697,04:40:13.697,bybit,ADA/USDT:USDT,0.827,2228.0,0.8271,12677.0,0.8271,455721298.0,364430927.3912
1753504813898,04:40:13.898,bybit,ADA/USDT:USDT,0.827,2228.0,0.8271,5690.0,0.8271,455721298.0,364430927.3912
1753504813998,04:40:13.998,bybit,ADA/USDT:USDT,0.827,2228.0,0.8271,9690.0,0.8271,455721298.0,364430927.3912
1753504814097,04:40:14.097,bybit,ADA/USDT:USDT,0.827,3055.0,0.8271,9690.0,0.8271,455721298.0,364430927.3912
1753504814197,04:40:14.197,bybit,ADA/USDT:USDT,0.827,3630.0,0.8271,5690.0,0.8271,455721298.0,364430927.3912
1753504814297,04:40:14.297,bybit,ADA/USDT:USDT,0.827,3630.0,0.8271,5715.0,0.8271,455721298.0,364430927.3912
1753504814597,04:40:14.597,bybit,ADA/USDT:USDT,0.827,8170.0,0.8271,1547.0,0.8271,454736906.0,363635498.4073
1753504814897,04:40:14.897,bybit,ADA/USDT:USDT,0.827,8417.0,0.8271,1547.0,0.8271,454736906.0,363635498.4073
1753504814997,04:40:14.997,bybit,ADA/USDT:USDT,0.827,13917.0,0.8271,1547.0,0.8271,454736906.0,363635498.4073
1753504815097,04:40:15.097,bybit,ADA/USDT:USDT,0.827,8417.0,0.8271,1547.0,0.8271,454736906.0,363635498.4073
1753504815197,04:40:15.197,bybit,ADA/USDT:USDT,0.827,8417.0,0.8271,1546.0,0.8271,454736906.0,363635498.4073
1753504815998,04:40:15.998,bybit,ADA/USDT:USDT,0.827,8417.0,0.8271,3360.0,0.8271,454736906.0,363635498.4073
1753504816198,04:40:16.198,bybit,ADA/USDT:USDT,0.827,8417.0,0.8271,1563.0,0.8271,454736906.0,363635498.4073
1753504816297,04:40:16.297,bybit,ADA/USDT:USDT,0.8271,16430.0,0.8272,11383.0,0.8272,454738906.0,363637152.6509
1753504816397,04:40:16.397,bybit,ADA/USDT:USDT,0.8272,30479.0,0.8273,1083.0,0.8272,454738933.0,363637174.9853
1753504816497,04:40:16.497,bybit,ADA/USDT:USDT,0.8273,13961.0,0.8274,40953.0,0.8272,454738933.0,363637174.9853
1753504816598,04:40:16.598,bybit,ADA/USDT:USDT,0.8273,14969.0,0.8274,39554.0,0.8272,454738933.0,363637174.9853
1753504816697,04:40:16.697,bybit,ADA/USDT:USDT,0.8273,14969.0,0.8274,40166.0,0.8272,454738933.0,363637174.9853
1753504816797,04:40:16.797,bybit,ADA/USDT:USDT,0.8273,1496.0,0.8274,41623.0,0.8272,454738933.0,363637174.9853
1753504816897,04:40:16.897,bybit,ADA/USDT:USDT,0.8273,1496.0,0.8274,47123.0,0.8272,454738933.0,363637174.9853
1753504816998,04:40:16.998,bybit,ADA/USDT:USDT,0.8273,1496.0,0.8274,47123.0,0.8272,454738933.0,363637174.9853
1753504817297,04:40:17.297,bybit,ADA/USDT:USDT,0.8273,1496.0,0.8274,41623.0,0.8272,454738933.0,363637174.9853
1753504817597,04:40:17.597,bybit,ADA/USDT:USDT,0.8272,21879.0,0.8273,4141.0,0.8273,454739009.0,363637237.8601
1753504817797,04:40:17.797,bybit,ADA/USDT:USDT,0.8272,21879.0,0.8273,2645.0,0.8273,454739009.0,363637237.8601
1753504818098,04:40:18.098,bybit,ADA/USDT:USDT,0.8272,21872.0,0.8273,2645.0,0.8273,454739009.0,363637237.8601
1753504818198,04:40:18.198,bybit,ADA/USDT:USDT,0.8272,21872.0,0.8273,2655.0,0.8273,454739009.0,363637237.8601
1753504818297,04:40:18.297,bybit,ADA/USDT:USDT,0.8272,21872.0,0.8273,10.0,0.8273,454739009.0,363637237.8601
1753504818498,04:40:18.498,bybit,ADA/USDT:USDT,0.8272,21872.0,0.8273,498.0,0.8273,454739009.0,363637237.8601
1753504818597,04:40:18.597,bybit,ADA/USDT:USDT,0.8272,21872.0,0.8273,520.0,0.8273,454739009.0,363637237.8601
1753504818897,04:40:18.897,bybit,ADA/USDT:USDT,0.8272,21872.0,0.8273,6038.0,0.8273,454739009.0,363637237.8601
1753504819198,04:40:19.198,bybit,ADA/USDT:USDT,0.8272,21872.0,0.8273,1538.0,0.8273,454739009.0,363637237.8601
1753504819497,04:40:19.497,bybit,ADA/USDT:USDT,0.8272,21872.0,0.8273,42.0,0.8273,454739009.0,363637237.8601
1753504819597,04:40:19.597,bybit,ADA/USDT:USDT,0.8272,21993.0,0.8273,32.0,0.8273,454739009.0,363637237.8601
1753504819697,04:40:19.697,bybit,ADA/USDT:USDT,0.8272,21993.0,0.8273,32.0,0.8273,454739009.0,363637237.8601
1753504819798,04:40:19.798,bybit,ADA/USDT:USDT,0.8272,21993.0,0.8273,61.0,0.8273,454739009.0,363637237.8601
1753504819898,04:40:19.898,bybit,ADA/USDT:USDT,0.8272,21993.0,0.8273,1069.0,0.8273,454739009.0,363637237.8601
1753504819997,04:40:19.997,bybit,ADA/USDT:USDT,0.8272,21993.0,0.8273,1086.0,0.8273,454739009.0,363637237.8601
1753504820098,04:40:20.098,bybit,ADA/USDT:USDT,0.8272,17779.0,0.8273,1574.0,0.8273,454739009.0,363637237.8601
1753504820298,04:40:20.298,bybit,ADA/USDT:USDT,0.8272,17779.0,0.8273,1574.0,0.8273,454739009.0,363637237.8601
1753504820397,04:40:20.397,bybit,ADA/USDT:USDT,0.8272,13551.0,0.8273,4265.0,0.8273,454739009.0,363637237.8601
1753504820597,04:40:20.597,bybit,ADA/USDT:USDT,0.8272,13551.0,0.8273,1581.0,0.8273,454739009.0,363637237.8601
1753504820698,04:40:20.698,bybit,ADA/USDT:USDT,0.8272,13551.0,0.8273,85.0,0.8273,454739009.0,363637237.8601
1753504820897,04:40:20.897,bybit,ADA/USDT:USDT,0.8272,13551.0,0.8273,6593.0,0.8273,454739009.0,363637237.8601
1753504820997,04:40:20.997,bybit,ADA/USDT:USDT,0.8272,13551.0,0.8273,6571.0,0.8273,454739009.0,363637237.8601
1753504821097,04:40:21.097,bybit,ADA/USDT:USDT,0.8272,13551.0,0.8273,7200.0,0.8273,454739009.0,363637237.8601
1753504821197,04:40:21.197,bybit,ADA/USDT:USDT,0.8272,43879.0,0.8273,237.0,0.8273,454739935.0,363638003.9399
1753504821397,04:40:21.397,bybit,ADA/USDT:USDT,0.8272,47835.0,0.8273,237.0,0.8273,454739935.0,363638003.9399
1753504821498,04:40:21.498,bybit,ADA/USDT:USDT,0.8272,45087.0,0.8273,237.0,0.8273,454739935.0,363638003.9399
1753504821597,04:40:21.597,bybit,ADA/USDT:USDT,0.8272,43879.0,0.8273,237.0,0.8273,454739935.0,363638003.9399
1753504821697,04:40:21.697,bybit,ADA/USDT:USDT,0.8272,13550.0,0.8273,1245.0,0.8273,454739935.0,363638003.9399
1753504822097,04:40:22.097,bybit,ADA/USDT:USDT,0.8272,13550.0,0.8273,1733.0,0.8273,454739935.0,363638003.9399
1753504822698,04:40:22.698,bybit,ADA/USDT:USDT,0.8272,13560.0,0.8273,1245.0,0.8273,454739935.0,363638003.9399
1753504823097,04:40:23.097,bybit,ADA/USDT:USDT,0.8272,13560.0,0.8273,1241.0,0.8273,454739939.0,363638007.2491
1753504823198,04:40:23.198,bybit,ADA/USDT:USDT,0.8272,14768.0,0.8273,1241.0,0.8273,454739939.0,363638007.2491
1753504823297,04:40:23.297,bybit,ADA/USDT:USDT,0.8272,14768.0,0.8273,1245.0,0.8273,454739939.0,363638007.2491
1753504823597,04:40:23.597,bybit,ADA/USDT:USDT,0.8272,4321.0,0.8273,7303.0,0.8273,454739939.0,363638007.2491
1753504823697,04:40:23.697,bybit,ADA/USDT:USDT,0.8272,1630.0,0.8273,10885.0,0.8273,454739939.0,363638007.2491
1753504823797,04:40:23.797,bybit,ADA/USDT:USDT,0.8272,1142.0,0.8273,10885.0,0.8273,454739939.0,363638007.2491
1753504823897,04:40:23.897,bybit,ADA/USDT:USDT,0.8272,134.0,0.8273,16385.0,0.8273,454739939.0,363638007.2491
1753504823998,04:40:23.998,bybit,ADA/USDT:USDT,0.8272,1832.0,0.8273,16385.0,0.8273,454739939.0,363638007.2491
1753504824297,04:40:24.297,bybit,ADA/USDT:USDT,0.8272,824.0,0.8273,16587.0,0.8273,454739939.0,363638007.2491
1753504824998,04:40:24.998,bybit,ADA/USDT:USDT,0.8272,814.0,0.8273,16587.0,0.8273,454739939.0,363638007.2491
1753504825198,04:40:25.198,bybit,ADA/USDT:USDT,0.8272,814.0,0.8273,16597.0,0.8273,454739939.0,363638007.2491
1753504825397,04:40:25.397,bybit,ADA/USDT:USDT,0.8272,814.0,0.8273,16622.0,0.8273,454739939.0,363638007.2491
1753504825498,04:40:25.498,bybit,ADA/USDT:USDT,0.8271,1015.0,0.8272,31252.0,0.8272,454740753.0,363638680.5899
1753504825597,04:40:25.597,bybit,ADA/USDT:USDT,0.8271,1503.0,0.8272,30710.0,0.8272,454740753.0,363638680.5899
1753504825697,04:40:25.697,bybit,ADA/USDT:USDT,0.8271,1015.0,0.8272,25327.0,0.8272,454740753.0,363638680.5899
1753504825797,04:40:25.797,bybit,ADA/USDT:USDT,0.8271,1015.0,0.8272,26634.0,0.8272,454740753.0,363638680.5899
1753504825898,04:40:25.898,bybit,ADA/USDT:USDT,0.8271,1015.0,0.8272,27034.0,0.8272,454740753.0,363638680.5899
1753504826097,04:40:26.097,bybit,ADA/USDT:USDT,0.8271,1015.0,0.8272,25727.0,0.8272,454740753.0,363638680.5899
1753504826198,04:40:26.198,bybit,ADA/USDT:USDT,0.8271,1015.0,0.8272,27009.0,0.8272,454740753.0,363638680.5899
1753504826297,04:40:26.297,bybit,ADA/USDT:USDT,0.8271,1015.0,0.8272,27034.0,0.8272,454740753.0,363638680.5899
1753504826397,04:40:26.397,bybit,ADA/USDT:USDT,0.8271,1015.0,0.8272,27009.0,0.8272,454740753.0,363638680.5899
1753504826498,04:40:26.498,bybit,ADA/USDT:USDT,0.8271,1015.0,0.8272,27267.0,0.8272,454740753.0,363638680.5899
1753504826598,04:40:26.598,bybit,ADA/USDT:USDT,0.8271,1015.0,0.8272,27337.0,0.8272,454740753.0,363638680.5899
1753504826697,04:40:26.697,bybit,ADA/USDT:USDT,0.8271,7.0,0.8272,27362.0,0.8272,454740753.0,363638680.5899
1753504826797,04:40:26.797,bybit,ADA/USDT:USDT,0.8271,7.0,0.8272,27974.0,0.8272,454740753.0,363638680.5899
1753504826897,04:40:26.897,bybit,ADA/USDT:USDT,0.8271,7.0,0.8272,27949.0,0.8272,454740753.0,363638680.5899
1753504826997,04:40:26.997,bybit,ADA/USDT:USDT,0.8271,7.0,0.8272,30190.0,0.8272,454740753.0,363638680.5899
1753504827297,04:40:27.297,bybit,ADA/USDT:USDT,0.8271,7.0,0.8272,30111.0,0.8272,454740753.0,363638680.5899
1753504827398,04:40:27.398,bybit,ADA/USDT:USDT,0.8271,7.0,0.8272,30160.0,0.8272,454740753.0,363638680.5899
1753504827797,04:40:27.797,bybit,ADA/USDT:USDT,0.8271,7.0,0.8272,35660.0,0.8272,454740753.0,363638680.5899
1753504827898,04:40:27.898,bybit,ADA/USDT:USDT,0.8271,7.0,0.8272,30160.0,0.8272,454740753.0,363638680.5899
1753504828197,04:40:28.197,bybit,ADA/USDT:USDT,0.8271,7.0,0.8272,28838.0,0.8272,454740753.0,363638680.5899
1753504828398,04:40:28.398,bybit,ADA/USDT:USDT,0.8271,7.0,0.8272,30160.0,0.8272,454740753.0,363638680.5899
1753504828498,04:40:28.498,bybit,ADA/USDT:USDT,0.8271,7.0,0.8272,28813.0,0.8272,454740753.0,363638680.5899
1753504828597,04:40:28.597,bybit,ADA/USDT:USDT,0.8271,7.0,0.8272,27506.0,0.8272,454740753.0,363638680.5899
1753504828797,04:40:28.797,bybit,ADA/USDT:USDT,0.8271,7.0,0.8272,34313.0,0.8272,454740753.0,363638680.5899
1753504829097,04:40:29.097,bybit,ADA/USDT:USDT,0.827,41.0,0.8271,40920.0,0.8271,454740760.0,363638686.3796
1753504829198,04:40:29.198,bybit,ADA/USDT:USDT,0.827,1530.0,0.8271,36849.0,0.8271,454740760.0,363638686.3796
1753504829297,04:40:29.297,bybit,ADA/USDT:USDT,0.827,1530.0,0.8271,36906.0,0.8271,454740760.0,363638686.3796
1753504829397,04:40:29.397,bybit,ADA/USDT:USDT,0.827,2766.0,0.8271,28406.0,0.8271,454740760.0,363638686.3796
1753504829598,04:40:29.598,bybit,ADA/USDT:USDT,0.827,4693.0,0.8271,27006.0,0.8271,454740760.0,363638686.3796
1753504829997,04:40:29.997,bybit,ADA/USDT:USDT,0.827,4693.0,0.8271,27029.0,0.8271,454740760.0,363638686.3796
1753504830097,04:40:30.097,bybit,ADA/USDT:USDT,0.827,4686.0,0.8271,27029.0,0.8271,454740760.0,363638686.3796
1753504830198,04:40:30.198,bybit,ADA/USDT:USDT,0.827,5384.0,0.8271,21878.0,0.8271,454740760.0,363638686.3796
1753504830298,04:40:30.298,bybit,ADA/USDT:USDT,0.827,8820.0,0.8271,12452.0,0.8271,454740760.0,363638686.3796
1753504830498,04:40:30.498,bybit,ADA/USDT:USDT,0.827,8437.0,0.8271,12452.0,0.8271,454740760.0,363638686.3796
1753504830597,04:40:30.597,bybit,ADA/USDT:USDT,0.827,12580.0,0.8271,239.0,0.8271,454740760.0,363638686.3796
1753504830697,04:40:30.697,bybit,ADA/USDT:USDT,0.827,15170.0,0.8271,247.0,0.8271,454740760.0,363638686.3796
1753504830797,04:40:30.797,bybit,ADA/USDT:USDT,0.827,19368.0,0.8271,247.0,0.8271,454740760.0,363638686.3796
1753504831198,04:40:31.198,bybit,ADA/USDT:USDT,0.827,18080.0,0.8271,247.0,0.8271,454740760.0,363638686.3796
1753504831297,04:40:31.297,bybit,ADA/USDT:USDT,0.827,18080.0,0.8271,257.0,0.8271,454740760.0,363638686.3796
1753504831597,04:40:31.597,bybit,ADA/USDT:USDT,0.827,19368.0,0.8271,257.0,0.8271,454740760.0,363638686.3796
1753504831697,04:40:31.697,bybit,ADA/USDT:USDT,0.827,18080.0,0.8271,257.0,0.8271,454740760.0,363638686.3796
1753504831797,04:40:31.797,bybit,ADA/USDT:USDT,0.827,18080.0,0.8271,1737.0,0.8271,454740760.0,363638686.3796
1753504831898,04:40:31.898,bybit,ADA/USDT:USDT,0.827,21878.0,0.8271,1249.0,0.8271,454741248.0,363639090.0044
1753504831997,04:40:31.997,bybit,ADA/USDT:USDT,0.827,19288.0,0.8271,1249.0,0.8271,454741248.0,363639090.0044
1753504832098,04:40:32.098,bybit,ADA/USDT:USDT,0.827,12026.0,0.8271,3209.0,0.8271,454741248.0,363639090.0044
1753504832198,04:40:32.198,bybit,ADA/USDT:USDT,0.827,9426.0,0.8271,1249.0,0.8271,454741248.0,363639090.0044
1753504832297,04:40:32.297,bybit,ADA/USDT:USDT,0.8269,9569.0,0.827,2221.0,0.827,454741489.0,363639289.3114
1753504832397,04:40:32.397,bybit,ADA/USDT:USDT,0.8269,11055.0,0.827,2214.0,0.827,454741489.0,363639289.3114
1753504832598,04:40:32.598,bybit,ADA/USDT:USDT,0.827,12234.0,0.8271,2738.0,0.827,454741489.0,363639289.3114
1753504832698,04:40:32.698,bybit,ADA/USDT:USDT,0.827,4556.0,0.8271,9586.0,0.827,454741489.0,363639289.3114
1753504832897,04:40:32.897,bybit,ADA/USDT:USDT,0.827,4187.0,0.8271,9586.0,0.827,454741489.0,363639289.3114
1753504833097,04:40:33.097,bybit,ADA/USDT:USDT,0.827,4187.0,0.8271,6335.0,0.827,454741489.0,363639289.3114
1753504833598,04:40:33.598,bybit,ADA/USDT:USDT,0.827,4187.0,0.8271,6359.0,0.827,454741489.0,363639289.3114
1753504833697,04:40:33.697,bybit,ADA/USDT:USDT,0.8269,21221.0,0.827,4935.0,0.827,454741489.0,363639289.3114
1753504833797,04:40:33.797,bybit,ADA/USDT:USDT,0.8269,12948.0,0.827,4935.0,0.827,454741489.0,363639289.3114
1753504834097,04:40:34.097,bybit,ADA/USDT:USDT,0.8269,8922.0,0.827,4935.0,0.827,454741489.0,363639289.3114
1753504834197,04:40:34.197,bybit,ADA/USDT:USDT,0.8269,8922.0,0.827,3209.0,0.827,454741489.0,363639289.3114
1753504834397,04:40:34.397,bybit,ADA/USDT:USDT,0.8269,8922.0,0.827,3247.0,0.827,454741489.0,363639289.3114
1753504834497,04:40:34.497,bybit,ADA/USDT:USDT,0.8269,9682.0,0.827,2759.0,0.827,454741489.0,363639289.3114
1753504834697,04:40:34.697,bybit,ADA/USDT:USDT,0.8269,15182.0,0.827,2759.0,0.827,454741489.0,363639289.3114
1753504834797,04:40:34.797,bybit,ADA/USDT:USDT,0.8269,16390.0,0.827,38.0,0.827,454741489.0,363639289.3114
1753504834997,04:40:34.997,bybit,ADA/USDT:USDT,0.8269,17636.0,0.827,38.0,0.827,454741489.0,363639289.3114
1753504835098,04:40:35.098,bybit,ADA/USDT:USDT,0.8269,16390.0,0.827,38.0,0.827,454741489.0,363639289.3114
1753504835197,04:40:35.197,bybit,ADA/USDT:USDT,0.8269,15158.0,0.827,38.0,0.827,454741489.0,363639289.3114
1753504835597,04:40:35.597,bybit,ADA/USDT:USDT,0.8269,16390.0,0.827,38.0,0.827,454741489.0,363639289.3114
1753504835697,04:40:35.697,bybit,ADA/USDT:USDT,0.8269,17636.0,0.827,38.0,0.827,454741489.0,363639289.3114
1753504835897,04:40:35.897,bybit,ADA/USDT:USDT,0.8269,17636.0,0.827,49.0,0.827,454741489.0,363639289.3114
1753504836098,04:40:36.098,bybit,ADA/USDT:USDT,0.8269,15158.0,0.827,49.0,0.827,454741489.0,363639289.3114
1753504836297,04:40:36.297,bybit,ADA/USDT:USDT,0.8269,15158.0,0.827,1298.0,0.827,454741489.0,363639289.3114
1753504836397,04:40:36.397,bybit,ADA/USDT:USDT,0.8269,8450.0,0.827,7077.0,0.827,454741489.0,363639289.3114
1753504836698,04:40:36.698,bybit,ADA/USDT:USDT,0.8269,8450.0,0.827,7621.0,0.827,454741489.0,363639289.3114
1753504836997,04:40:36.997,bybit,ADA/USDT:USDT,0.8269,8450.0,0.827,7829.0,0.827,454741489.0,363639289.3114
1753504837298,04:40:37.298,bybit,ADA/USDT:USDT,0.8269,8450.0,0.827,8129.0,0.827,454741489.0,363639289.3114
1753504837497,04:40:37.497,bybit,ADA/USDT:USDT,0.8269,8430.0,0.827,8129.0,0.827,454741489.0,363639289.3114
1753504837897,04:40:37.897,bybit,ADA/USDT:USDT,0.8268,7433.0,0.8269,34599.0,0.8269,454743482.0,363640937.3231
1753504837997,04:40:37.997,bybit,ADA/USDT:USDT,0.8267,10575.0,0.8268,20764.0,0.8268,454744211.0,363641540.0603
1753504838098,04:40:38.098,bybit,ADA/USDT:USDT,0.8267,11583.0,0.8268,20764.0,0.8268,454744211.0,363641540.0603
1753504838198,04:40:38.198,bybit,ADA/USDT:USDT,0.8267,10575.0,0.8268,20739.0,0.8268,454744211.0,363641540.0603
1753504838297,04:40:38.297,bybit,ADA/USDT:USDT,0.8267,10575.0,0.8268,20814.0,0.8268,454744211.0,363641540.0603
1753504838398,04:40:38.398,bybit,ADA/USDT:USDT,0.8267,11095.0,0.8268,22999.0,0.8268,454744211.0,363641540.0603
1753504838597,04:40:38.597,bybit,ADA/USDT:USDT,0.8267,10087.0,0.8268,24529.0,0.8268,454744211.0,363641540.0603
1753504838697,04:40:38.697,bybit,ADA/USDT:USDT,0.8267,10087.0,0.8268,28788.0,0.8268,454744211.0,363641540.0603
1753504838797,04:40:38.797,bybit,ADA/USDT:USDT,0.8267,14060.0,0.8268,6747.0,0.8268,454744211.0,363641540.0603
1753504838998,04:40:38.998,bybit,ADA/USDT:USDT,0.8267,14060.0,0.8268,12134.0,0.8268,454744211.0,363641540.0603
1753504839097,04:40:39.097,bybit,ADA/USDT:USDT,0.8267,11095.0,0.8268,14775.0,0.8268,454744211.0,363641540.0603
1753504839197,04:40:39.197,bybit,ADA/USDT:USDT,0.8267,11095.0,0.8268,15102.0,0.8268,454744211.0,363641540.0603
1753504839297,04:40:39.297,bybit,ADA/USDT:USDT,0.8267,10087.0,0.8268,15102.0,0.8268,454744211.0,363641540.0603
1753504839397,04:40:39.397,bybit,ADA/USDT:USDT,0.8267,10087.0,0.8268,15045.0,0.8268,454744211.0,363641540.0603
1753504839497,04:40:39.497,bybit,ADA/USDT:USDT,0.8267,10087.0,0.8268,16079.0,0.8268,454745021.0,363642209.7683
1753504839698,04:40:39.698,bybit,ADA/USDT:USDT,0.8267,10087.0,0.8268,22897.0,0.8268,454745021.0,363642209.7683
1753504839898,04:40:39.898,bybit,ADA/USDT:USDT,0.8267,10087.0,0.8268,22461.0,0.8268,454745021.0,363642209.7683
1753504840097,04:40:40.097,bybit,ADA/USDT:USDT,0.8266,746.0,0.8267,43467.0,0.8267,454755108.0,363650548.6912
1753504840197,04:40:40.197,bybit,ADA/USDT:USDT,0.8266,4451.0,0.8267,38920.0,0.8267,454755108.0,363650548.6912
1753504840297,04:40:40.297,bybit,ADA/USDT:USDT,0.8266,6118.0,0.8267,38920.0,0.8267,454755108.0,363650548.6912
1753504840398,04:40:40.398,bybit,ADA/USDT:USDT,0.8266,5110.0,0.8267,40555.0,0.8267,454755108.0,363650548.6912
1753504840497,04:40:40.497,bybit,ADA/USDT:USDT,0.8266,6118.0,0.8267,41118.0,0.8267,454755108.0,363650548.6912
1753504840598,04:40:40.598,bybit,ADA/USDT:USDT,0.8266,4628.0,0.8267,41198.0,0.8267,454755108.0,363650548.6912
1753504841097,04:40:41.097,bybit,ADA/USDT:USDT,0.8266,4981.0,0.8267,41198.0,0.8267,454755108.0,363650548.6912
1753504841197,04:40:41.197,bybit,ADA/USDT:USDT,0.8266,4981.0,0.8267,41199.0,0.8267,454755108.0,363650548.6912
1753504841297,04:40:41.297,bybit,ADA/USDT:USDT,0.8266,4981.0,0.8267,41199.0,0.8267,454755108.0,363650548.6912
1753504841397,04:40:41.397,bybit,ADA/USDT:USDT,0.8266,732.0,0.8267,41225.0,0.8267,454755108.0,363650548.6912
1753504841598,04:40:41.598,bybit,ADA/USDT:USDT,0.8266,732.0,0.8267,41225.0,0.8267,454755108.0,363650548.6912
1753504841698,04:40:41.698,bybit,ADA/USDT:USDT,0.8266,244.0,0.8267,41225.0,0.8267,454755108.0,363650548.6912
1753504841997,04:40:41.997,bybit,ADA/USDT:USDT,0.8266,244.0,0.8267,39949.0,0.8267,454755108.0,363650548.6912
1753504842398,04:40:42.398,bybit,ADA/USDT:USDT,0.8265,19903.0,0.8266,11654.0,0.8265,454755704.0,363651041.3096
1753504842497,04:40:42.497,bybit,ADA/USDT:USDT,0.8265,17298.0,0.8266,9054.0,0.8265,454755704.0,363651041.3096
1753504842697,04:40:42.697,bybit,ADA/USDT:USDT,0.8265,4658.0,0.8266,12948.0,0.8265,454755704.0,363651041.3096
1753504842797,04:40:42.797,bybit,ADA/USDT:USDT,0.8265,4170.0,0.8266,16118.0,0.8265,454755704.0,363651041.3096
1753504842897,04:40:42.897,bybit,ADA/USDT:USDT,0.8264,5230.0,0.8265,37215.0,0.8265,454759874.0,363654487.8146
1753504842997,04:40:42.997,bybit,ADA/USDT:USDT,0.8264,6948.0,0.8265,35939.0,0.8265,454759874.0,363654487.8146
1753504843097,04:40:43.097,bybit,ADA/USDT:USDT,0.8264,11014.0,0.8265,1496.0,0.8265,454759874.0,363654487.8146
1753504843198,04:40:43.198,bybit,ADA/USDT:USDT,0.8264,11014.0,0.8265,6229.0,0.8265,454759874.0,363654487.8146
1753504843298,04:40:43.298,bybit,ADA/USDT:USDT,0.8264,9639.0,0.8265,4368.0,0.8265,454759874.0,363654487.8146
1753504843397,04:40:43.397,bybit,ADA/USDT:USDT,0.8264,9639.0,0.8265,4976.0,0.8265,454759874.0,363654487.8146
1753504843597,04:40:43.597,bybit,ADA/USDT:USDT,0.8264,14424.0,0.8265,4976.0,0.8264,454759879.0,363654491.9466
1753504843697,04:40:43.697,bybit,ADA/USDT:USDT,0.8264,14424.0,0.8265,3688.0,0.8264,454759879.0,363654491.9466
1753504843797,04:40:43.797,bybit,ADA/USDT:USDT,0.8264,14424.0,0.8265,889.0,0.8264,454759879.0,363654491.9466
1753504843998,04:40:43.998,bybit,ADA/USDT:USDT,0.8264,14424.0,0.8265,889.0,0.8264,454759879.0,363654491.9466
1753504844098,04:40:44.098,bybit,ADA/USDT:USDT,0.8265,21562.0,0.8266,302.0,0.8265,454760768.0,363655226.7051
1753504844197,04:40:44.197,bybit,ADA/USDT:USDT,0.8265,21562.0,0.8266,1310.0,0.8265,454760768.0,363655226.7051
1753504844297,04:40:44.297,bybit,ADA/USDT:USDT,0.8265,21562.0,0.8266,1922.0,0.8265,454760768.0,363655226.7051
1753504844397,04:40:44.397,bybit,ADA/USDT:USDT,0.8265,16084.0,0.8266,2136.0,0.8265,454760768.0,363655226.7051
1753504844597,04:40:44.597,bybit,ADA/USDT:USDT,0.8265,13621.0,0.8266,2136.0,0.8265,454760768.0,363655226.7051
1753504844697,04:40:44.697,bybit,ADA/USDT:USDT,0.8265,13621.0,0.8266,3502.0,0.8265,454760768.0,363655226.7051
1753504844897,04:40:44.897,bybit,ADA/USDT:USDT,0.8265,13621.0,0.8266,3517.0,0.8265,454760768.0,363655226.7051
1753504845197,04:40:45.197,bybit,ADA/USDT:USDT,0.8265,1282.0,0.8266,9274.0,0.8265,454760768.0,363655226.7051
1753504845497,04:40:45.497,bybit,ADA/USDT:USDT,0.8265,1282.0,0.8266,8804.0,0.8265,454760768.0,363655226.7051
1753504845597,04:40:45.597,bybit,ADA/USDT:USDT,0.8265,1282.0,0.8266,7514.0,0.8265,454760768.0,363655226.7051
1753504845697,04:40:45.697,bybit,ADA/USDT:USDT,0.8265,274.0,0.8266,8054.0,0.8265,454760768.0,363655226.7051
1753504846097,04:40:46.097,bybit,ADA/USDT:USDT,0.8265,1282.0,0.8266,8054.0,0.8265,454760768.0,363655226.7051
1753504846198,04:40:46.198,bybit,ADA/USDT:USDT,0.8265,1282.0,0.8266,8769.0,0.8265,454760768.0,363655226.7051
1753504846398,04:40:46.398,bybit,ADA/USDT:USDT,0.8265,3973.0,0.8266,8776.0,0.8265,454760768.0,363655226.7051
1753504846797,04:40:46.797,bybit,ADA/USDT:USDT,0.8265,1282.0,0.8266,8856.0,0.8265,454760768.0,363655226.7051
1753504846898,04:40:46.898,bybit,ADA/USDT:USDT,0.8265,274.0,0.8266,8856.0,0.8265,454760768.0,363655226.7051
1753504846997,04:40:46.997,bybit,ADA/USDT:USDT,0.8264,8924.0,0.8265,8836.0,0.8265,454760768.0,363655226.7051
1753504847197,04:40:47.197,bybit,ADA/USDT:USDT,0.8264,8917.0,0.8265,8836.0,0.8265,454760768.0,363655226.7051
1753504847297,04:40:47.297,bybit,ADA/USDT:USDT,0.8264,8917.0,0.8265,8836.0,0.8265,454760768.0,363655226.7051
1753504847397,04:40:47.397,bybit,ADA/USDT:USDT,0.8264,5218.0,0.8265,11436.0,0.8265,454760768.0,363655226.7051
1753504847597,04:40:47.597,bybit,ADA/USDT:USDT,0.8264,4503.0,0.8265,14002.0,0.8264,454761483.0,363655817.5811
1753504847698,04:40:47.698,bybit,ADA/USDT:USDT,0.8263,18348.0,0.8264,11872.0,0.8264,454765986.0,363659538.8603
1753504847797,04:40:47.797,bybit,ADA/USDT:USDT,0.8263,18348.0,0.8264,9958.0,0.8264,454765986.0,363659538.8603
1753504847997,04:40:47.997,bybit,ADA/USDT:USDT,0.8263,17019.0,0.8264,9958.0,0.8264,454765986.0,363659538.8603
1753504848098,04:40:48.098,bybit,ADA/USDT:USDT,0.8263,18027.0,0.8264,4684.0,0.8264,454765986.0,363659538.8603
1753504848197,04:40:48.197,bybit,ADA/USDT:USDT,0.8263,19314.0,0.8264,1488.0,0.8264,454765986.0,363659538.8603
1753504848297,04:40:48.297,bybit,ADA/USDT:USDT,0.8263,19314.0,0.8264,1748.0,0.8264,454765986.0,363659538.8603
1753504848397,04:40:48.397,bybit,ADA/USDT:USDT,0.8263,18027.0,0.8264,1748.0,0.8264,454765986.0,363659538.8603
1753504848498,04:40:48.498,bybit,ADA/USDT:USDT,0.8263,18027.0,0.8264,1748.0,0.8264,454765986.0,363659538.8603
1753504848597,04:40:48.597,bybit,ADA/USDT:USDT,0.8263,23527.0,0.8264,1779.0,0.8264,454765986.0,363659538.8603
1753504848697,04:40:48.697,bybit,ADA/USDT:USDT,0.8263,23527.0,0.8264,4297.0,0.8264,454765986.0,363659538.8603
1753504849097,04:40:49.097,bybit,ADA/USDT:USDT,0.8263,23527.0,0.8264,4297.0,0.8264,454765986.0,363659538.8603
1753504849197,04:40:49.197,bybit,ADA/USDT:USDT,0.8263,23527.0,0.8264,4314.0,0.8264,454765986.0,363659538.8603
1753504849398,04:40:49.398,bybit,ADA/USDT:USDT,0.8263,23527.0,0.8264,4484.0,0.8264,454765986.0,363659538.8603
1753504849497,04:40:49.497,bybit,ADA/USDT:USDT,0.8263,22519.0,0.8264,4484.0,0.8264,454765986.0,363659538.8603
1753504849597,04:40:49.597,bybit,ADA/USDT:USDT,0.8263,22519.0,0.8264,3602.0,0.8264,454765986.0,363659538.8603
1753504849698,04:40:49.698,bybit,ADA/USDT:USDT,0.8263,22519.0,0.8264,3258.0,0.8264,454765986.0,363659538.8603
1753504849997,04:40:49.997,bybit,ADA/USDT:USDT,0.8263,22519.0,0.8264,3188.0,0.8264,454765986.0,363659538.8603
1753504850098,04:40:50.098,bybit,ADA/USDT:USDT,0.8263,18510.0,0.8264,3188.0,0.8264,454765986.0,363659538.8603
1753504850598,04:40:50.598,bybit,ADA/USDT:USDT,0.8263,18510.0,0.8264,3198.0,0.8264,454765986.0,363659538.8603
1753504850698,04:40:50.698,bybit,ADA/USDT:USDT,0.8263,18510.0,0.8264,3162.0,0.8264,454765986.0,363659538.8603
1753504850797,04:40:50.797,bybit,ADA/USDT:USDT,0.8263,19518.0,0.8264,3162.0,0.8264,454765986.0,363659538.8603
1753504850897,04:40:50.897,bybit,ADA/USDT:USDT,0.8263,20805.0,0.8264,1814.0,0.8264,454766112.0,363659642.9867
1753504851098,04:40:51.098,bybit,ADA/USDT:USDT,0.8263,14018.0,0.8264,2822.0,0.8264,454766112.0,363659642.9867
1753504851397,04:40:51.397,bybit,ADA/USDT:USDT,0.8263,14018.0,0.8264,3038.0,0.8264,454766112.0,363659642.9867
1753504851597,04:40:51.597,bybit,ADA/USDT:USDT,0.8263,19518.0,0.8264,2861.0,0.8264,454766112.0,363659642.9867
1753504852098,04:40:52.098,bybit,ADA/USDT:USDT,0.8263,20805.0,0.8264,1853.0,0.8264,454766112.0,363659642.9867
1753504852198,04:40:52.198,bybit,ADA/USDT:USDT,0.8263,20805.0,0.8264,1892.0,0.8264,454766112.0,363659642.9867
1753504852297,04:40:52.297,bybit,ADA/USDT:USDT,0.8263,19518.0,0.8264,2900.0,0.8264,454766112.0,363659642.9867
1753504852698,04:40:52.698,bybit,ADA/USDT:USDT,0.8263,20805.0,0.8264,2900.0,0.8264,454766112.0,363659642.9867
1753504852797,04:40:52.797,bybit,ADA/USDT:USDT,0.8263,19518.0,0.8264,1892.0,0.8264,454766112.0,363659642.9867
1753504852898,04:40:52.898,bybit,ADA/USDT:USDT,0.8263,20805.0,0.8264,1892.0,0.8264,454766112.0,363659642.9867
1753504853098,04:40:53.098,bybit,ADA/USDT:USDT,0.8263,19518.0,0.8264,1892.0,0.8264,454766112.0,363659642.9867
1753504853197,04:40:53.197,bybit,ADA/USDT:USDT,0.8263,20805.0,0.8264,1892.0,0.8264,454766112.0,363659642.9867
1753504853397,04:40:53.397,bybit,ADA/USDT:USDT,0.8263,22125.0,0.8264,1892.0,0.8264,454766112.0,363659642.9867
1753504853597,04:40:53.597,bybit,ADA/USDT:USDT,0.8263,20882.0,0.8264,2696.0,0.8263,454767330.0,363660649.4201
1753504853697,04:40:53.697,bybit,ADA/USDT:USDT,0.8263,20866.0,0.8264,2696.0,0.8263,454767330.0,363660649.4201
1753504853797,04:40:53.797,bybit,ADA/USDT:USDT,0.8263,20866.0,0.8264,2697.0,0.8263,454767330.0,363660649.4201
1753504854097,04:40:54.097,bybit,ADA/USDT:USDT,0.8263,18300.0,0.8264,2608.0,0.8263,454767330.0,363660649.4201
1753504854197,04:40:54.197,bybit,ADA/USDT:USDT,0.8263,18300.0,0.8264,2697.0,0.8263,454767330.0,363660649.4201
1753504854398,04:40:54.398,bybit,ADA/USDT:USDT,0.8263,20891.0,0.8264,2697.0,0.8263,454767330.0,363660649.4201
1753504854497,04:40:54.497,bybit,ADA/USDT:USDT,0.8263,20866.0,0.8264,2697.0,0.8263,454767330.0,363660649.4201
1753504854598,04:40:54.598,bybit,ADA/USDT:USDT,0.8263,20866.0,0.8264,2653.0,0.8264,454767374.0,363660685.7817
1753504854698,04:40:54.698,bybit,ADA/USDT:USDT,0.8263,18300.0,0.8264,2653.0,0.8264,454767374.0,363660685.7817
1753504854898,04:40:54.898,bybit,ADA/USDT:USDT,0.8263,20783.0,0.8264,2653.0,0.8264,454767374.0,363660685.7817
1753504855298,04:40:55.298,bybit,ADA/USDT:USDT,0.8263,20783.0,0.8264,2649.0,0.8264,454767374.0,363660685.7817
1753504855497,04:40:55.497,bybit,ADA/USDT:USDT,0.8263,18256.0,0.8264,2649.0,0.8263,454767418.0,363660722.1389
1753504855597,04:40:55.597,bybit,ADA/USDT:USDT,0.8263,20739.0,0.8264,2649.0,0.8263,454767418.0,363660722.1389
1753504855898,04:40:55.898,bybit,ADA/USDT:USDT,0.8263,18256.0,0.8264,2649.0,0.8263,454767418.0,363660722.1389
1753504856197,04:40:56.197,bybit,ADA/USDT:USDT,0.8263,18266.0,0.8264,2707.0,0.8263,454767418.0,363660722.1389
1753504856297,04:40:56.297,bybit,ADA/USDT:USDT,0.8263,18266.0,0.8264,2663.0,0.8264,454767462.0,363660758.5005
1753504856398,04:40:56.398,bybit,ADA/USDT:USDT,0.8263,18266.0,0.8264,2663.0,0.8264,454767462.0,363660758.5005
1753504856697,04:40:56.697,bybit,ADA/USDT:USDT,0.8263,12766.0,0.8264,2663.0,0.8264,454767462.0,363660758.5005
1753504857097,04:40:57.097,bybit,ADA/USDT:USDT,0.8263,12722.0,0.8264,2663.0,0.8263,454767506.0,363660794.8577
1753504857198,04:40:57.198,bybit,ADA/USDT:USDT,0.8263,12722.0,0.8264,2678.0,0.8263,454767506.0,363660794.8577
1753504857497,04:40:57.497,bybit,ADA/USDT:USDT,0.8263,18222.0,0.8264,2678.0,0.8263,454767506.0,363660794.8577
1753504857597,04:40:57.597,bybit,ADA/USDT:USDT,0.8263,18222.0,0.8264,2686.0,0.8263,454767506.0,363660794.8577
1753504858097,04:40:58.097,bybit,ADA/USDT:USDT,0.8263,12722.0,0.8264,2900.0,0.8263,454767506.0,363660794.8577
1753504858198,04:40:58.198,bybit,ADA/USDT:USDT,0.8263,12722.0,0.8264,2903.0,0.8263,454767506.0,363660794.8577
1753504858298,04:40:58.298,bybit,ADA/USDT:USDT,0.8263,12659.0,0.8264,3911.0,0.8263,454767569.0,363660846.9146
1753504858598,04:40:58.598,bybit,ADA/USDT:USDT,0.8263,18159.0,0.8264,3936.0,0.8263,454767569.0,363660846.9146
1753504858997,04:40:58.997,bybit,ADA/USDT:USDT,0.8263,18159.0,0.8264,2719.0,0.8263,454767569.0,363660846.9146
1753504859197,04:40:59.197,bybit,ADA/USDT:USDT,0.8263,18159.0,0.8264,2721.0,0.8263,454767569.0,363660846.9146
1753504859698,04:40:59.698,bybit,ADA/USDT:USDT,0.8263,18159.0,0.8264,2477.0,0.8263,454767569.0,363660846.9146
1753504859798,04:40:59.798,bybit,ADA/USDT:USDT,0.8263,18159.0,0.8264,3923.0,0.8263,454767569.0,363660846.9146
1753504859898,04:40:59.898,bybit,ADA/USDT:USDT,0.8263,18159.0,0.8264,3923.0,0.8263,454767569.0,363660846.9146
1753504860197,04:41:00.197,bybit,ADA/USDT:USDT,0.8263,18159.0,0.8264,3923.0,0.8263,454767569.0,363660846.9146
1753504860297,04:41:00.297,bybit,ADA/USDT:USDT,0.8263,18159.0,0.8264,3924.0,0.8263,454767569.0,363660846.9146
1753504860397,04:41:00.397,bybit,ADA/USDT:USDT,0.8263,12659.0,0.8264,2696.0,0.8264,454767575.0,363660851.873
1753504860498,04:41:00.498,bybit,ADA/USDT:USDT,0.8263,12659.0,0.8264,2696.0,0.8264,454767575.0,363660851.873
1753504860598,04:41:00.598,bybit,ADA/USDT:USDT,0.8263,12659.0,0.8264,2700.0,0.8264,454767575.0,363660851.873
1753504860698,04:41:00.698,bybit,ADA/USDT:USDT,0.8263,12986.0,0.8264,2475.0,0.8264,454767575.0,363660851.873
1753504861098,04:41:01.098,bybit,ADA/USDT:USDT,0.8263,12986.0,0.8264,2475.0,0.8264,454767575.0,363660851.873
1753504861298,04:41:01.298,bybit,ADA/USDT:USDT,0.8263,12986.0,0.8264,2474.0,0.8264,454767575.0,363660851.873
1753504861398,04:41:01.398,bybit,ADA/USDT:USDT,0.8263,18486.0,0.8264,2474.0,0.8264,454767575.0,363660851.873
1753504861497,04:41:01.497,bybit,ADA/USDT:USDT,0.8263,19643.0,0.8264,2482.0,0.8264,454767575.0,363660851.873
1753504861797,04:41:01.797,bybit,ADA/USDT:USDT,0.8263,18486.0,0.8264,2482.0,0.8264,454767575.0,363660851.873
1753504861997,04:41:01.997,bybit,ADA/USDT:USDT,0.8263,12986.0,0.8264,3704.0,0.8264,454767575.0,363660851.873
1753504862397,04:41:02.397,bybit,ADA/USDT:USDT,0.8263,18486.0,0.8264,2696.0,0.8264,454767575.0,363660851.873
1753504862598,04:41:02.598,bybit,ADA/USDT:USDT,0.8263,18486.0,0.8264,2696.0,0.8264,454767575.0,363660851.873
1753504862897,04:41:02.897,bybit,ADA/USDT:USDT,0.8263,12986.0,0.8264,2696.0,0.8264,454767575.0,363660851.873
1753504862998,04:41:02.998,bybit,ADA/USDT:USDT,0.8263,12986.0,0.8264,2698.0,0.8264,454767575.0,363660851.873
1753504863298,04:41:03.298,bybit,ADA/USDT:USDT,0.8263,12986.0,0.8264,2684.0,0.8264,454767575.0,363660851.873
1753504863397,04:41:03.397,bybit,ADA/USDT:USDT,0.8263,19643.0,0.8264,3207.0,0.8264,454767575.0,363660851.873
1753504863498,04:41:03.498,bybit,ADA/USDT:USDT,0.8263,20807.0,0.8264,3207.0,0.8264,454767575.0,363660851.873
1753504863597,04:41:03.597,bybit,ADA/USDT:USDT,0.8263,19643.0,0.8264,3207.0,0.8264,454767575.0,363660851.873
1753504863697,04:41:03.697,bybit,ADA/USDT:USDT,0.8263,19643.0,0.8264,3212.0,0.8264,454767575.0,363660851.873
1753504863797,04:41:03.797,bybit,ADA/USDT:USDT,0.8263,19643.0,0.8264,3284.0,0.8264,454767575.0,363660851.873
1753504863897,04:41:03.897,bybit,ADA/USDT:USDT,0.8263,18486.0,0.8264,3284.0,0.8264,454767575.0,363660851.873
1753504863997,04:41:03.997,bybit,ADA/USDT:USDT,0.8263,20807.0,0.8264,3284.0,0.8264,454767575.0,363660851.873
1753504864097,04:41:04.097,bybit,ADA/USDT:USDT,0.8265,201.0,0.8266,28403.0,0.8264,454770859.0,363663565.7706
1753504864197,04:41:04.197,bybit,ADA/USDT:USDT,0.8264,62268.0,0.8266,12104.0,0.8264,454770859.0,363663565.7706
1753504864297,04:41:04.297,bybit,ADA/USDT:USDT,0.8264,14824.0,0.8265,4096.0,0.8264,454770859.0,363663565.7706
1753504864397,04:41:04.397,bybit,ADA/USDT:USDT,0.8264,10430.0,0.8265,1496.0,0.8264,454770859.0,363663565.7706
1753504864498,04:41:04.498,bybit,ADA/USDT:USDT,0.8264,14336.0,0.8265,1496.0,0.8264,454770859.0,363663565.7706
1753504864597,04:41:04.597,bybit,ADA/USDT:USDT,0.8264,14657.0,0.8265,488.0,0.8264,454770859.0,363663565.7706
1753504864797,04:41:04.797,bybit,ADA/USDT:USDT,0.8265,11707.0,0.8266,10739.0,0.8264,454770859.0,363663565.7706
1753504865097,04:41:05.097,bybit,ADA/USDT:USDT,0.8265,14398.0,0.8266,6153.0,0.8264,454770859.0,363663565.7706
1753504865197,04:41:05.197,bybit,ADA/USDT:USDT,0.8265,14398.0,0.8266,6146.0,0.8264,454770859.0,363663565.7706
1753504865297,04:41:05.297,bybit,ADA/USDT:USDT,0.8265,10991.0,0.8266,8746.0,0.8264,454770859.0,363663565.7706
1753504865398,04:41:05.398,bybit,ADA/USDT:USDT,0.8265,10991.0,0.8266,791.0,0.8264,454770859.0,363663565.7706
1753504865598,04:41:05.598,bybit,ADA/USDT:USDT,0.8265,12146.0,0.8266,517.0,0.8264,454770859.0,363663565.7706
1753504865697,04:41:05.697,bybit,ADA/USDT:USDT,0.8265,10991.0,0.8266,1005.0,0.8264,454770859.0,363663565.7706
1753504865897,04:41:05.897,bybit,ADA/USDT:USDT,0.8265,10991.0,0.8266,1005.0,0.8264,454770859.0,363663565.7706
1753504866297,04:41:06.297,bybit,ADA/USDT:USDT,0.8265,10991.0,0.8266,517.0,0.8264,454770859.0,363663565.7706
1753504866598,04:41:06.598,bybit,ADA/USDT:USDT,0.8265,10991.0,0.8266,2098.0,0.8264,454770859.0,363663565.7706
1753504866698,04:41:06.698,bybit,ADA/USDT:USDT,0.8265,5491.0,0.8266,3912.0,0.8264,454770859.0,363663565.7706
1753504866797,04:41:06.797,bybit,ADA/USDT:USDT,0.8265,4912.0,0.8266,7667.0,0.8264,454770859.0,363663565.7706
1753504866897,04:41:06.897,bybit,ADA/USDT:USDT,0.8265,1496.0,0.8266,8854.0,0.8264,454770859.0,363663565.7706
1753504866997,04:41:06.997,bybit,ADA/USDT:USDT,0.8265,1496.0,0.8266,8829.0,0.8264,454770859.0,363663565.7706
1753504867097,04:41:07.097,bybit,ADA/USDT:USDT,0.8265,1496.0,0.8266,8861.0,0.8264,454770859.0,363663565.7706
1753504867198,04:41:07.198,bybit,ADA/USDT:USDT,0.8265,1496.0,0.8266,7699.0,0.8264,454770859.0,363663565.7706
1753504867298,04:41:07.298,bybit,ADA/USDT:USDT,0.8265,1008.0,0.8266,7742.0,0.8264,454770859.0,363663565.7706
1753504867398,04:41:07.398,bybit,ADA/USDT:USDT,0.8265,1008.0,0.8266,6587.0,0.8264,454770859.0,363663565.7706
1753504867597,04:41:07.597,bybit,ADA/USDT:USDT,0.8265,2205.0,0.8266,6544.0,0.8264,454770859.0,363663565.7706
1753504867698,04:41:07.698,bybit,ADA/USDT:USDT,0.8265,2522.0,0.8266,6544.0,0.8264,454770859.0,363663565.7706
1753504867997,04:41:07.997,bybit,ADA/USDT:USDT,0.8265,1325.0,0.8266,9873.0,0.8264,454770859.0,363663565.7706
1753504868098,04:41:08.098,bybit,ADA/USDT:USDT,0.8265,1325.0,0.8266,8718.0,0.8264,454770859.0,363663565.7706
1753504868297,04:41:08.297,bybit,ADA/USDT:USDT,0.8265,1823.0,0.8266,8718.0,0.8264,454770859.0,363663565.7706
1753504868497,04:41:08.497,bybit,ADA/USDT:USDT,0.8265,1335.0,0.8266,9632.0,0.8264,454770859.0,363663565.7706
1753504868598,04:41:08.598,bybit,ADA/USDT:USDT,0.8265,1335.0,0.8266,9632.0,0.8264,454770859.0,363663565.7706
1753504868697,04:41:08.697,bybit,ADA/USDT:USDT,0.8265,1347.0,0.8266,9632.0,0.8264,454770859.0,363663565.7706
1753504868998,04:41:08.998,bybit,ADA/USDT:USDT,0.8265,1335.0,0.8266,9632.0,0.8264,454770859.0,363663565.7706
1753504869197,04:41:09.197,bybit,ADA/USDT:USDT,0.8265,327.0,0.8266,10812.0,0.8264,454770859.0,363663565.7706
1753504869298,04:41:09.298,bybit,ADA/USDT:USDT,0.8265,327.0,0.8266,11974.0,0.8264,454770859.0,363663565.7706
1753504869397,04:41:09.397,bybit,ADA/USDT:USDT,0.8265,327.0,0.8266,16287.0,0.8264,454770859.0,363663565.7706
1753504869497,04:41:09.497,bybit,ADA/USDT:USDT,0.8265,327.0,0.8266,15132.0,0.8264,454770859.0,363663565.7706
1753504869597,04:41:09.597,bybit,ADA/USDT:USDT,0.8265,327.0,0.8266,16287.0,0.8264,454770859.0,363663565.7706
1753504869698,04:41:09.698,bybit,ADA/USDT:USDT,0.8265,327.0,0.8266,10847.0,0.8264,454770859.0,363663565.7706
1753504869797,04:41:09.797,bybit,ADA/USDT:USDT,0.8265,317.0,0.8266,10863.0,0.8264,454770859.0,363663565.7706
1753504869897,04:41:09.897,bybit,ADA/USDT:USDT,0.8265,1325.0,0.8266,9708.0,0.8264,454770859.0,363663565.7706
1753504869998,04:41:09.998,bybit,ADA/USDT:USDT,0.8265,317.0,0.8266,10863.0,0.8264,454770859.0,363663565.7706
1753504870097,04:41:10.097,bybit,ADA/USDT:USDT,0.8265,317.0,0.8266,10863.0,0.8264,454770859.0,363663565.7706
1753504870197,04:41:10.197,bybit,ADA/USDT:USDT,0.8265,317.0,0.8266,12026.0,0.8264,454770859.0,363663565.7706
1753504870297,04:41:10.297,bybit,ADA/USDT:USDT,0.8265,317.0,0.8266,17551.0,0.8264,454770859.0,363663565.7706
1753504870497,04:41:10.497,bybit,ADA/USDT:USDT,0.8264,34.0,0.8265,1748.0,0.8265,454771176.0,363663827.7711
1753504870598,04:41:10.598,bybit,ADA/USDT:USDT,0.8263,22176.0,0.8264,11571.0,0.8264,454771183.0,363663833.5559
1753504870698,04:41:10.698,bybit,ADA/USDT:USDT,0.8263,22176.0,0.8264,11571.0,0.8264,454771183.0,363663833.5559
1753504870797,04:41:10.797,bybit,ADA/USDT:USDT,0.8263,22176.0,0.8264,4521.0,0.8264,454771183.0,363663833.5559
1753504870998,04:41:10.998,bybit,ADA/USDT:USDT,0.8263,22176.0,0.8264,1800.0,0.8264,454771183.0,363663833.5559
1753504871297,04:41:11.297,bybit,ADA/USDT:USDT,0.8264,6672.0,0.8265,15126.0,0.8265,454774381.0,363666476.5229
1753504871397,04:41:11.397,bybit,ADA/USDT:USDT,0.8264,9502.0,0.8265,4646.0,0.8265,454774381.0,363666476.5229
1753504871598,04:41:11.598,bybit,ADA/USDT:USDT,0.8264,9512.0,0.8265,1705.0,0.8265,454774381.0,363666476.5229
1753504871897,04:41:11.897,bybit,ADA/USDT:USDT,0.8264,9512.0,0.8265,1705.0,0.8265,454774381.0,363666476.5229
1753504872098,04:41:12.098,bybit,ADA/USDT:USDT,0.8264,8894.0,0.8265,1650.0,0.8264,454774999.0,363666987.2381
1753504872198,04:41:12.198,bybit,ADA/USDT:USDT,0.8264,8894.0,0.8265,1523.0,0.8264,454774999.0,363666987.2381
1753504872297,04:41:12.297,bybit,ADA/USDT:USDT,0.8264,14394.0,0.8265,1523.0,0.8264,454774999.0,363666987.2381
1753504872397,04:41:12.397,bybit,ADA/USDT:USDT,0.8264,14394.0,0.8265,4125.0,0.8264,454774999.0,363666987.2381
1753504872597,04:41:12.597,bybit,ADA/USDT:USDT,0.8264,14394.0,0.8265,1525.0,0.8264,454774999.0,363666987.2381
1753504873098,04:41:13.098,bybit,ADA/USDT:USDT,0.8264,14394.0,0.8265,1525.0,0.8264,454774999.0,363666987.2381
1753504873197,04:41:13.197,bybit,ADA/USDT:USDT,0.8264,14394.0,0.8265,1855.0,0.8264,454774999.0,363666987.2381
1753504873398,04:41:13.398,bybit,ADA/USDT:USDT,0.8264,14394.0,0.8265,1525.0,0.8264,454774999.0,363666987.2381
1753504873897,04:41:13.897,bybit,ADA/USDT:USDT,0.8264,14394.0,0.8265,1650.0,0.8264,454774999.0,363666987.2381
1753504873997,04:41:13.997,bybit,ADA/USDT:USDT,0.8264,8894.0,0.8265,4456.0,0.8264,454774999.0,363666987.2381
1753504874097,04:41:14.097,bybit,ADA/USDT:USDT,0.8264,1506.0,0.8265,10082.0,0.8264,454774999.0,363666987.2381
1753504874197,04:41:14.197,bybit,ADA/USDT:USDT,0.8264,1506.0,0.8265,8972.0,0.8264,454774999.0,363666987.2381
1753504874297,04:41:14.297,bybit,ADA/USDT:USDT,0.8264,1695.0,0.8265,7865.0,0.8264,454774999.0,363666987.2381
1753504874597,04:41:14.597,bybit,ADA/USDT:USDT,0.8264,10.0,0.8265,9724.0,0.8264,454774999.0,363666987.2381
1753504874697,04:41:14.697,bybit,ADA/USDT:USDT,0.8264,10.0,0.8265,9730.0,0.8264,454774999.0,363666987.2381
1753504874798,04:41:14.798,bybit,ADA/USDT:USDT,0.8264,10.0,0.8265,12184.0,0.8264,454774999.0,363666987.2381
1753504874998,04:41:14.998,bybit,ADA/USDT:USDT,0.8264,10.0,0.8265,12159.0,0.8264,454774999.0,363666987.2381
1753504875097,04:41:15.097,bybit,ADA/USDT:USDT,0.8264,10.0,0.8265,11655.0,0.8264,454774999.0,363666987.2381
1753504875297,04:41:15.297,bybit,ADA/USDT:USDT,0.8264,10.0,0.8265,17155.0,0.8264,454774999.0,363666987.2381
1753504875398,04:41:15.398,bybit,ADA/USDT:USDT,0.8264,10.0,0.8265,18271.0,0.8264,454774999.0,363666987.2381
1753504875497,04:41:15.497,bybit,ADA/USDT:USDT,0.8264,180.0,0.8265,18271.0,0.8264,454774999.0,363666987.2381
1753504875897,04:41:15.897,bybit,ADA/USDT:USDT,0.8264,180.0,0.8265,18273.0,0.8264,454774999.0,363666987.2381
1753504876097,04:41:16.097,bybit,ADA/USDT:USDT,0.8264,180.0,0.8265,16047.0,0.8264,454774999.0,363666987.2381
1753504876197,04:41:16.197,bybit,ADA/USDT:USDT,0.8264,3681.0,0.8265,9818.0,0.8264,454774999.0,363666987.2381
1753504876297,04:41:16.297,bybit,ADA/USDT:USDT,0.8264,18472.0,0.8265,2428.0,0.8264,454774999.0,363666987.2381
1753504876997,04:41:16.997,bybit,ADA/USDT:USDT,0.8264,6372.0,0.8265,5626.0,0.8264,454774999.0,363666987.2381
1753504877497,04:41:17.497,bybit,ADA/USDT:USDT,0.8264,6368.0,0.8265,6453.0,0.8264,454774999.0,363666987.2381
1753504877997,04:41:17.997,bybit,ADA/USDT:USDT,0.8264,3677.0,0.8265,6598.0,0.8264,454774999.0,363666987.2381
1753504878197,04:41:18.197,bybit,ADA/USDT:USDT,0.8264,3677.0,0.8265,5110.0,0.8264,454774999.0,363666987.2381
1753504878297,04:41:18.297,bybit,ADA/USDT:USDT,0.8264,8629.0,0.8265,2510.0,0.8264,454774999.0,363666987.2381
1753504878498,04:41:18.498,bybit,ADA/USDT:USDT,0.8264,8630.0,0.8265,2500.0,0.8264,454774999.0,363666987.2381
1753504878997,04:41:18.997,bybit,ADA/USDT:USDT,0.8264,8630.0,0.8265,2012.0,0.8264,454774999.0,363666987.2381
1753504879197,04:41:19.197,bybit,ADA/USDT:USDT,0.8264,14130.0,0.8265,1492.0,0.8264,454774999.0,363666987.2381
1753504879297,04:41:19.297,bybit,ADA/USDT:USDT,0.8264,14130.0,0.8265,1507.0,0.8264,454774999.0,363666987.2381
1753504879697,04:41:19.697,bybit,ADA/USDT:USDT,0.8264,8630.0,0.8265,2517.0,0.8264,454774999.0,363666987.2381
1753504880197,04:41:20.197,bybit,ADA/USDT:USDT,0.8264,14130.0,0.8265,2517.0,0.8264,454774999.0,363666987.2381
1753504880297,04:41:20.297,bybit,ADA/USDT:USDT,0.8264,8631.0,0.8265,4564.0,0.8264,454774999.0,363666987.2381
1753504880398,04:41:20.398,bybit,ADA/USDT:USDT,0.8264,8631.0,0.8265,7196.0,0.8264,454774999.0,363666987.2381
1753504880597,04:41:20.597,bybit,ADA/USDT:USDT,0.8264,8630.0,0.8265,7196.0,0.8264,454774999.0,363666987.2381
1753504880798,04:41:20.798,bybit,ADA/USDT:USDT,0.8264,8630.0,0.8265,2519.0,0.8264,454774999.0,363666987.2381
1753504881197,04:41:21.197,bybit,ADA/USDT:USDT,0.8264,14130.0,0.8265,1023.0,0.8264,454774999.0,363666987.2381
1753504881498,04:41:21.498,bybit,ADA/USDT:USDT,0.8264,15231.0,0.8265,1023.0,0.8264,454774999.0,363666987.2381
1753504881598,04:41:21.598,bybit,ADA/USDT:USDT,0.8264,15231.0,0.8265,1022.0,0.8264,454774999.0,363666987.2381
1753504881897,04:41:21.897,bybit,ADA/USDT:USDT,0.8264,15231.0,0.8265,1032.0,0.8264,454774999.0,363666987.2381
1753504882398,04:41:22.398,bybit,ADA/USDT:USDT,0.8264,14121.0,0.8265,1032.0,0.8264,454774999.0,363666987.2381
1753504882497,04:41:22.497,bybit,ADA/USDT:USDT,0.8264,14138.0,0.8265,1032.0,0.8264,454774999.0,363666987.2381
1753504882597,04:41:22.597,bybit,ADA/USDT:USDT,0.8264,15248.0,0.8265,1032.0,0.8264,454774999.0,363666987.2381
1753504882697,04:41:22.697,bybit,ADA/USDT:USDT,0.8264,14138.0,0.8265,1051.0,0.8264,454774999.0,363666987.2381
1753504882898,04:41:22.898,bybit,ADA/USDT:USDT,0.8264,8638.0,0.8265,3353.0,0.8264,454774999.0,363666987.2381
1753504883097,04:41:23.097,bybit,ADA/USDT:USDT,0.8264,8638.0,0.8265,5752.0,0.8264,454774999.0,363666987.2381
1753504883198,04:41:23.198,bybit,ADA/USDT:USDT,0.8264,8638.0,0.8265,6042.0,0.8264,454774999.0,363666987.2381
1753504883398,04:41:23.398,bybit,ADA/USDT:USDT,0.8264,8638.0,0.8265,6051.0,0.8264,454774999.0,363666987.2381
1753504883597,04:41:23.597,bybit,ADA/USDT:USDT,0.8264,8638.0,0.8265,3451.0,0.8264,454774999.0,363666987.2381
1753504883697,04:41:23.697,bybit,ADA/USDT:USDT,0.8264,8638.0,0.8265,6051.0,0.8264,454774999.0,363666987.2381
1753504883798,04:41:23.798,bybit,ADA/USDT:USDT,0.8264,8638.0,0.8265,1637.0,0.8264,454774999.0,363666987.2381
1753504883898,04:41:23.898,bybit,ADA/USDT:USDT,0.8264,8638.0,0.8265,1639.0,0.8264,454774999.0,363666987.2381
1753504884198,04:41:24.198,bybit,ADA/USDT:USDT,0.8264,14138.0,0.8265,1639.0,0.8264,454774999.0,363666987.2381
1753504884297,04:41:24.297,bybit,ADA/USDT:USDT,0.8264,14138.0,0.8265,1146.0,0.8264,454774999.0,363666987.2381
1753504884597,04:41:24.597,bybit,ADA/USDT:USDT,0.8264,14139.0,0.8265,1146.0,0.8264,454774999.0,363666987.2381
1753504884698,04:41:24.698,bybit,ADA/USDT:USDT,0.8264,15075.0,0.8265,1131.0,0.8264,454774999.0,363666987.2381
1753504884897,04:41:24.897,bybit,ADA/USDT:USDT,0.8264,15075.0,0.8265,1619.0,0.8264,454774999.0,363666987.2381
1753504884997,04:41:24.997,bybit,ADA/USDT:USDT,0.8264,9575.0,0.8265,2001.0,0.8264,454774999.0,363666987.2381
1753504885297,04:41:25.297,bybit,ADA/USDT:USDT,0.8264,9575.0,0.8265,4601.0,0.8264,454774999.0,363666987.2381
1753504885497,04:41:25.497,bybit,ADA/USDT:USDT,0.8264,2120.0,0.8265,13008.0,0.8264,454774999.0,363666987.2381
1753504885597,04:41:25.597,bybit,ADA/USDT:USDT,0.8264,2657.0,0.8265,8342.0,0.8264,454774999.0,363666987.2381
1753504885697,04:41:25.697,bybit,ADA/USDT:USDT,0.8264,2608.0,0.8265,9452.0,0.8264,454774999.0,363666987.2381
1753504885797,04:41:25.797,bybit,ADA/USDT:USDT,0.8264,2608.0,0.8265,6719.0,0.8264,454774999.0,363666987.2381
1753504885998,04:41:25.998,bybit,ADA/USDT:USDT,0.8264,2608.0,0.8265,5609.0,0.8264,454774999.0,363666987.2381
1753504886198,04:41:26.198,bybit,ADA/USDT:USDT,0.8264,2608.0,0.8265,11109.0,0.8264,454774999.0,363666987.2381
1753504886298,04:41:26.298,bybit,ADA/USDT:USDT,0.8264,2788.0,0.8265,11109.0,0.8264,454774999.0,363666987.2381
1753504886598,04:41:26.598,bybit,ADA/USDT:USDT,0.8264,2110.0,0.8265,11109.0,0.8264,454774999.0,363666987.2381
1753504886697,04:41:26.697,bybit,ADA/USDT:USDT,0.8264,1102.0,0.8265,13335.0,0.8264,454774999.0,363666987.2381
1753504886797,04:41:26.797,bybit,ADA/USDT:USDT,0.8264,2110.0,0.8265,13335.0,0.8264,454774999.0,363666987.2381
1753504886897,04:41:26.897,bybit,ADA/USDT:USDT,0.8264,2110.0,0.8265,11109.0,0.8264,454774999.0,363666987.2381
1753504887197,04:41:27.197,bybit,ADA/USDT:USDT,0.8263,1354.0,0.8264,31279.0,0.8263,454776261.0,363668030.1389
1753504887297,04:41:27.297,bybit,ADA/USDT:USDT,0.8263,1354.0,0.8264,30163.0,0.8263,454776261.0,363668030.1389
1753504887397,04:41:27.397,bybit,ADA/USDT:USDT,0.8263,1354.0,0.8264,25983.0,0.8263,454776261.0,363668030.1389
1753504887597,04:41:27.597,bybit,ADA/USDT:USDT,0.8263,1354.0,0.8264,23994.0,0.8263,454776261.0,363668030.1389
1753504887797,04:41:27.797,bybit,ADA/USDT:USDT,0.8263,7274.0,0.8264,12969.0,0.8263,454776261.0,363668030.1389
1753504887898,04:41:27.898,bybit,ADA/USDT:USDT,0.8263,7274.0,0.8264,13581.0,0.8263,454776261.0,363668030.1389
1753504888098,04:41:28.098,bybit,ADA/USDT:USDT,0.8263,12774.0,0.8264,10981.0,0.8263,454776261.0,363668030.1389
1753504888198,04:41:28.198,bybit,ADA/USDT:USDT,0.8263,12774.0,0.8264,4939.0,0.8263,454776261.0,363668030.1389
1753504888297,04:41:28.297,bybit,ADA/USDT:USDT,0.8263,7274.0,0.8264,4918.0,0.8264,454776282.0,363668047.4933
1753504888397,04:41:28.397,bybit,ADA/USDT:USDT,0.8263,8326.0,0.8264,4918.0,0.8264,454776282.0,363668047.4933
1753504888498,04:41:28.498,bybit,ADA/USDT:USDT,0.8263,8326.0,0.8264,2218.0,0.8264,454776282.0,363668047.4933
1753504888597,04:41:28.597,bybit,ADA/USDT:USDT,0.8263,7264.0,0.8264,2218.0,0.8264,454776282.0,363668047.4933
1753504888998,04:41:28.998,bybit,ADA/USDT:USDT,0.8263,7264.0,0.8264,1210.0,0.8264,454776282.0,363668047.4933
1753504889097,04:41:29.097,bybit,ADA/USDT:USDT,0.8263,17273.0,0.8264,722.0,0.8264,454776282.0,363668047.4933
1753504889197,04:41:29.197,bybit,ADA/USDT:USDT,0.8263,17273.0,0.8264,110.0,0.8264,454776282.0,363668047.4933
1753504889297,04:41:29.297,bybit,ADA/USDT:USDT,0.8263,17283.0,0.8264,110.0,0.8264,454776282.0,363668047.4933
1753504889398,04:41:29.398,bybit,ADA/USDT:USDT,0.8263,16225.0,0.8264,722.0,0.8264,454776282.0,363668047.4933
1753504889998,04:41:29.998,bybit,ADA/USDT:USDT,0.8263,9673.0,0.8264,1033.0,0.8264,454776282.0,363668047.4933
1753504890098,04:41:30.098,bybit,ADA/USDT:USDT,0.8263,9673.0,0.8264,6533.0,0.8264,454776282.0,363668047.4933
1753504890197,04:41:30.197,bybit,ADA/USDT:USDT,0.8263,9673.0,0.8264,6598.0,0.8264,454776282.0,363668047.4933
1753504890398,04:41:30.398,bybit,ADA/USDT:USDT,0.8263,9673.0,0.8264,1258.0,0.8264,454776282.0,363668047.4933
1753504890697,04:41:30.697,bybit,ADA/USDT:USDT,0.8263,9673.0,0.8264,1098.0,0.8264,454776282.0,363668047.4933
1753504890797,04:41:30.797,bybit,ADA/USDT:USDT,0.8263,11783.0,0.8264,1109.0,0.8264,454776282.0,363668047.4933
1753504890997,04:41:30.997,bybit,ADA/USDT:USDT,0.8263,10725.0,0.8264,1109.0,0.8264,454776282.0,363668047.4933
1753504891097,04:41:31.097,bybit,ADA/USDT:USDT,0.8263,16225.0,0.8264,1109.0,0.8264,454776282.0,363668047.4933
1753504891197,04:41:31.197,bybit,ADA/USDT:USDT,0.8263,15173.0,0.8264,1109.0,0.8264,454776282.0,363668047.4933
1753504891397,04:41:31.397,bybit,ADA/USDT:USDT,0.8263,9673.0,0.8264,1109.0,0.8264,454776282.0,363668047.4933
1753504891598,04:41:31.598,bybit,ADA/USDT:USDT,0.8263,9673.0,0.8264,1672.0,0.8264,454776282.0,363668047.4933
1753504892397,04:41:32.397,bybit,ADA/USDT:USDT,0.8263,11783.0,0.8264,1679.0,0.8264,454776282.0,363668047.4933
1753504892497,04:41:32.497,bybit,ADA/USDT:USDT,0.8263,10725.0,0.8264,1679.0,0.8264,454776282.0,363668047.4933
1753504892597,04:41:32.597,bybit,ADA/USDT:USDT,0.8263,10725.0,0.8264,1679.0,0.8264,454776282.0,363668047.4933
1753504892797,04:41:32.797,bybit,ADA/USDT:USDT,0.8263,9673.0,0.8264,1679.0,0.8264,454776282.0,363668047.4933
1753504892997,04:41:32.997,bybit,ADA/USDT:USDT,0.8263,10725.0,0.8264,1705.0,0.8264,454776282.0,363668047.4933
1753504893097,04:41:33.097,bybit,ADA/USDT:USDT,0.8263,17283.0,0.8264,1705.0,0.8264,454776282.0,363668047.4933
1753504893197,04:41:33.197,bybit,ADA/USDT:USDT,0.8264,22993.0,0.8265,672.0,0.8264,454777987.0,363669456.5053
1753504893297,04:41:33.297,bybit,ADA/USDT:USDT,0.8264,22993.0,0.8265,607.0,0.8264,454777987.0,363669456.5053
1753504893497,04:41:33.497,bybit,ADA/USDT:USDT,0.8264,22993.0,0.8265,1219.0,0.8264,454777987.0,363669456.5053
1753504893897,04:41:33.897,bybit,ADA/USDT:USDT,0.8264,22993.0,0.8265,1279.0,0.8264,454777987.0,363669456.5053
1753504893998,04:41:33.998,bybit,ADA/USDT:USDT,0.8264,23006.0,0.8265,1389.0,0.8264,454777987.0,363669456.5053
1753504894097,04:41:34.097,bybit,ADA/USDT:USDT,0.8264,17506.0,0.8265,1550.0,0.8264,454777987.0,363669456.5053
1753504894597,04:41:34.597,bybit,ADA/USDT:USDT,0.8264,17506.0,0.8265,1564.0,0.8264,454777987.0,363669456.5053
1753504894797,04:41:34.797,bybit,ADA/USDT:USDT,0.8264,7596.0,0.8265,8023.0,0.8264,454779435.0,363670653.1325
1753504894897,04:41:34.897,bybit,ADA/USDT:USDT,0.8264,1509.0,0.8265,9149.0,0.8264,454779435.0,363670653.1325
1753504894997,04:41:34.997,bybit,ADA/USDT:USDT,0.8264,1509.0,0.8265,8213.0,0.8264,454779435.0,363670653.1325
1753504895097,04:41:35.097,bybit,ADA/USDT:USDT,0.8264,1509.0,0.8265,14750.0,0.8264,454779435.0,363670653.1325
1753504895197,04:41:35.197,bybit,ADA/USDT:USDT,0.8263,11948.0,0.8264,21859.0,0.8264,454779448.0,363670663.8757
1753504895297,04:41:35.297,bybit,ADA/USDT:USDT,0.8263,8.0,0.8264,28173.0,0.8264,454779448.0,363670663.8757
1753504895597,04:41:35.597,bybit,ADA/USDT:USDT,0.8263,8.0,0.8264,28799.0,0.8264,454779448.0,363670663.8757
1753504895998,04:41:35.998,bybit,ADA/USDT:USDT,0.8263,8.0,0.8264,27806.0,0.8264,454779448.0,363670663.8757
1753504896298,04:41:36.298,bybit,ADA/USDT:USDT,0.8263,8.0,0.8264,27958.0,0.8264,454779448.0,363670663.8757
1753504896597,04:41:36.597,bybit,ADA/USDT:USDT,0.8263,8.0,0.8264,28125.0,0.8264,454779448.0,363670663.8757
1753504896897,04:41:36.897,bybit,ADA/USDT:USDT,0.8263,8.0,0.8264,27104.0,0.8264,454779448.0,363670663.8757
1753504896997,04:41:36.997,bybit,ADA/USDT:USDT,0.8263,8.0,0.8264,28125.0,0.8264,454779448.0,363670663.8757
1753504897097,04:41:37.097,bybit,ADA/USDT:USDT,0.8263,8.0,0.8264,28487.0,0.8264,454779448.0,363670663.8757
1753504897597,04:41:37.597,bybit,ADA/USDT:USDT,0.8263,8.0,0.8264,27473.0,0.8264,454779448.0,363670663.8757
1753504897697,04:41:37.697,bybit,ADA/USDT:USDT,0.8263,8.0,0.8264,26073.0,0.8264,454779448.0,363670663.8757
1753504897797,04:41:37.797,bybit,ADA/USDT:USDT,0.8263,8.0,0.8264,21429.0,0.8264,454779448.0,363670663.8757
1753504897897,04:41:37.897,bybit,ADA/USDT:USDT,0.8263,6456.0,0.8264,14309.0,0.8264,454779448.0,363670663.8757
1753504897997,04:41:37.997,bybit,ADA/USDT:USDT,0.8263,5435.0,0.8264,14309.0,0.8264,454779448.0,363670663.8757
1753504898098,04:41:38.098,bybit,ADA/USDT:USDT,0.8263,5435.0,0.8264,11709.0,0.8264,454779448.0,363670663.8757
1753504898297,04:41:38.297,bybit,ADA/USDT:USDT,0.8263,5435.0,0.8264,9854.0,0.8264,454779448.0,363670663.8757
1753504898397,04:41:38.397,bybit,ADA/USDT:USDT,0.8263,5435.0,0.8264,10561.0,0.8264,454779448.0,363670663.8757
1753504898497,04:41:38.497,bybit,ADA/USDT:USDT,0.8263,5435.0,0.8264,4724.0,0.8264,454779448.0,363670663.8757
1753504898598,04:41:38.598,bybit,ADA/USDT:USDT,0.8263,7266.0,0.8264,4724.0,0.8264,454779448.0,363670663.8757
1753504898697,04:41:38.697,bybit,ADA/USDT:USDT,0.8263,9313.0,0.8264,4724.0,0.8264,454779448.0,363670663.8757
1753504898997,04:41:38.997,bybit,ADA/USDT:USDT,0.8263,14838.0,0.8264,3874.0,0.8264,454779448.0,363670663.8757
1753504899097,04:41:39.097,bybit,ADA/USDT:USDT,0.8263,14838.0,0.8264,3262.0,0.8264,454779448.0,363670663.8757
1753504899398,04:41:39.398,bybit,ADA/USDT:USDT,0.8263,14813.0,0.8264,3611.0,0.8264,454779448.0,363670663.8757
1753504899597,04:41:39.597,bybit,ADA/USDT:USDT,0.8263,14813.0,0.8264,3615.0,0.8264,454779448.0,363670663.8757
1753504899697,04:41:39.697,bybit,ADA/USDT:USDT,0.8263,12766.0,0.8264,3685.0,0.8264,454779448.0,363670663.8757
1753504899798,04:41:39.798,bybit,ADA/USDT:USDT,0.8263,13757.0,0.8264,3678.0,0.8264,454779455.0,363670669.6605
1753504899898,04:41:39.898,bybit,ADA/USDT:USDT,0.8263,12766.0,0.8264,3691.0,0.8264,454779455.0,363670669.6605
1753504899997,04:41:39.997,bybit,ADA/USDT:USDT,0.8263,13975.0,0.8264,3691.0,0.8264,454779455.0,363670669.6605
1753504900097,04:41:40.097,bybit,ADA/USDT:USDT,0.8263,15952.0,0.8264,3621.0,0.8264,454779455.0,363670669.6605
1753504900197,04:41:40.197,bybit,ADA/USDT:USDT,0.8263,15951.0,0.8264,3621.0,0.8264,454779455.0,363670669.6605
1753504900297,04:41:40.297,bybit,ADA/USDT:USDT,0.8263,10451.0,0.8264,3634.0,0.8264,454779455.0,363670669.6605
1753504900397,04:41:40.397,bybit,ADA/USDT:USDT,0.8263,7265.0,0.8264,3704.0,0.8264,454779455.0,363670669.6605
1753504900598,04:41:40.598,bybit,ADA/USDT:USDT,0.8263,7265.0,0.8264,3714.0,0.8264,454779455.0,363670669.6605
1753504900698,04:41:40.698,bybit,ADA/USDT:USDT,0.8263,9487.0,0.8264,3714.0,0.8264,454779455.0,363670669.6605
1753504900797,04:41:40.797,bybit,ADA/USDT:USDT,0.8263,9512.0,0.8264,3644.0,0.8264,454779455.0,363670669.6605
1753504900998,04:41:40.998,bybit,ADA/USDT:USDT,0.8263,14987.0,0.8264,3644.0,0.8264,454779455.0,363670669.6605
1753504901197,04:41:41.197,bybit,ADA/USDT:USDT,0.8263,13010.0,0.8264,3714.0,0.8264,454779455.0,363670669.6605
1753504901297,04:41:41.297,bybit,ADA/USDT:USDT,0.8263,13010.0,0.8264,3717.0,0.8264,454779455.0,363670669.6605
1753504901397,04:41:41.397,bybit,ADA/USDT:USDT,0.8263,14219.0,0.8264,3717.0,0.8264,454779455.0,363670669.6605
1753504901597,04:41:41.597,bybit,ADA/USDT:USDT,0.8263,14987.0,0.8264,3717.0,0.8264,454779455.0,363670669.6605
1753504901697,04:41:41.697,bybit,ADA/USDT:USDT,0.8263,13010.0,0.8264,4067.0,0.8264,454779455.0,363670669.6605
1753504902097,04:41:42.097,bybit,ADA/USDT:USDT,0.8263,14987.0,0.8264,4067.0,0.8264,454779455.0,363670669.6605
1753504902197,04:41:42.197,bybit,ADA/USDT:USDT,0.8263,9487.0,0.8264,4067.0,0.8264,454779455.0,363670669.6605
1753504902398,04:41:42.398,bybit,ADA/USDT:USDT,0.8263,8024.0,0.8264,4067.0,0.8264,454779455.0,363670669.6605
1753504902598,04:41:42.598,bybit,ADA/USDT:USDT,0.8263,8024.0,0.8264,3879.0,0.8264,454779455.0,363670669.6605
1753504902698,04:41:42.698,bybit,ADA/USDT:USDT,0.8263,10001.0,0.8264,4066.0,0.8264,454779455.0,363670669.6605
1753504902897,04:41:42.897,bybit,ADA/USDT:USDT,0.8263,8024.0,0.8264,4066.0,0.8264,454779455.0,363670669.6605
1753504902997,04:41:42.997,bybit,ADA/USDT:USDT,0.8263,6624.0,0.8264,4554.0,0.8264,454779455.0,363670669.6605
1753504903497,04:41:43.497,bybit,ADA/USDT:USDT,0.8263,6624.0,0.8264,4113.0,0.8264,454779455.0,363670669.6605
1753504903697,04:41:43.697,bybit,ADA/USDT:USDT,0.8263,9732.0,0.8264,4043.0,0.8264,454779455.0,363670669.6605
1753504903797,04:41:43.797,bybit,ADA/USDT:USDT,0.8263,9707.0,0.8264,4043.0,0.8264,454779455.0,363670669.6605
1753504903897,04:41:43.897,bybit,ADA/USDT:USDT,0.8263,7730.0,0.8264,4043.0,0.8264,454779455.0,363670669.6605
1753504903998,04:41:43.998,bybit,ADA/USDT:USDT,0.8263,13230.0,0.8264,4043.0,0.8264,454779455.0,363670669.6605
1753504904097,04:41:44.097,bybit,ADA/USDT:USDT,0.8263,15207.0,0.8264,4043.0,0.8264,454779455.0,363670669.6605
1753504904398,04:41:44.398,bybit,ADA/USDT:USDT,0.8263,14221.0,0.8264,4043.0,0.8264,454779455.0,363670669.6605
1753504904497,04:41:44.497,bybit,ADA/USDT:USDT,0.8263,14221.0,0.8264,4043.0,0.8264,454410548.0,363373254.4088
1753504904597,04:41:44.597,bybit,ADA/USDT:USDT,0.8263,7730.0,0.8264,7131.0,0.8264,454410548.0,363373254.4088
1753504904697,04:41:44.697,bybit,ADA/USDT:USDT,0.8263,7730.0,0.8264,7146.0,0.8264,454410548.0,363373254.4088
1753504904797,04:41:44.797,bybit,ADA/USDT:USDT,0.8263,7730.0,0.8264,7245.0,0.8264,454410548.0,363373254.4088
1753504904897,04:41:44.897,bybit,ADA/USDT:USDT,0.8263,7730.0,0.8264,7251.0,0.8264,454410548.0,363373254.4088
1753504905197,04:41:45.197,bybit,ADA/USDT:USDT,0.8263,9707.0,0.8264,4552.0,0.8264,454410548.0,363373254.4088
1753504905298,04:41:45.298,bybit,ADA/USDT:USDT,0.8263,8716.0,0.8264,4552.0,0.8264,454410548.0,363373254.4088
1753504905397,04:41:45.397,bybit,ADA/USDT:USDT,0.8263,5899.0,0.8264,5560.0,0.8264,454410548.0,363373254.4088
1753504905497,04:41:45.497,bybit,ADA/USDT:USDT,0.8263,5899.0,0.8264,8160.0,0.8264,454410548.0,363373254.4088
1753504905698,04:41:45.698,bybit,ADA/USDT:USDT,0.8263,5899.0,0.8264,4552.0,0.8264,454410548.0,363373254.4088
1753504905797,04:41:45.797,bybit,ADA/USDT:USDT,0.8263,5899.0,0.8264,7231.0,0.8264,454410548.0,363373254.4088
1753504906098,04:41:46.098,bybit,ADA/USDT:USDT,0.8263,9485.0,0.8264,4631.0,0.8264,454410548.0,363373254.4088
1753504906197,04:41:46.197,bybit,ADA/USDT:USDT,0.8263,10476.0,0.8264,4631.0,0.8264,454410548.0,363373254.4088
1753504906398,04:41:46.398,bybit,ADA/USDT:USDT,0.8263,10476.0,0.8264,4142.0,0.8264,454410548.0,363373254.4088
1753504906597,04:41:46.597,bybit,ADA/USDT:USDT,0.8263,9708.0,0.8264,4142.0,0.8264,454410548.0,363373254.4088
1753504906697,04:41:46.697,bybit,ADA/USDT:USDT,0.8263,9490.0,0.8264,4137.0,0.8264,454410548.0,363373254.4088
1753504906797,04:41:46.797,bybit,ADA/USDT:USDT,0.8263,8499.0,0.8264,4137.0,0.8264,454410548.0,363373254.4088
1753504906898,04:41:46.898,bybit,ADA/USDT:USDT,0.8263,13999.0,0.8264,4137.0,0.8264,454410548.0,363373254.4088
1753504907197,04:41:47.197,bybit,ADA/USDT:USDT,0.8263,13999.0,0.8264,3340.0,0.8264,454410548.0,363373254.4088
1753504907297,04:41:47.297,bybit,ADA/USDT:USDT,0.8263,8540.0,0.8264,4849.0,0.8264,454410548.0,363373254.4088
1753504907397,04:41:47.397,bybit,ADA/USDT:USDT,0.8263,9526.0,0.8264,5009.0,0.8264,454410548.0,363373254.4088
1753504907598,04:41:47.598,bybit,ADA/USDT:USDT,0.8263,8540.0,0.8264,7609.0,0.8264,454410548.0,363373254.4088
1753504907697,04:41:47.697,bybit,ADA/USDT:USDT,0.8263,8540.0,0.8264,5057.0,0.8264,454410548.0,363373254.4088
1753504907897,04:41:47.897,bybit,ADA/USDT:USDT,0.8263,14040.0,0.8264,5057.0,0.8264,454410548.0,363373254.4088
1753504907997,04:41:47.997,bybit,ADA/USDT:USDT,0.8263,14040.0,0.8264,5042.0,0.8264,454410548.0,363373254.4088
1753504908097,04:41:48.097,bybit,ADA/USDT:USDT,0.8263,9531.0,0.8264,5058.0,0.8264,454410548.0,363373254.4088
1753504908197,04:41:48.197,bybit,ADA/USDT:USDT,0.8263,10517.0,0.8264,4898.0,0.8264,454410548.0,363373254.4088
1753504908297,04:41:48.297,bybit,ADA/USDT:USDT,0.8263,10542.0,0.8264,4912.0,0.8264,454410548.0,363373254.4088
1753504908397,04:41:48.397,bybit,ADA/USDT:USDT,0.8263,11726.0,0.8264,4912.0,0.8264,454410548.0,363373254.4088
1753504908497,04:41:48.497,bybit,ADA/USDT:USDT,0.8263,10517.0,0.8264,4914.0,0.8264,454410548.0,363373254.4088
1753504908597,04:41:48.597,bybit,ADA/USDT:USDT,0.8263,9531.0,0.8264,4914.0,0.8264,454410548.0,363373254.4088
1753504908698,04:41:48.698,bybit,ADA/USDT:USDT,0.8263,8540.0,0.8264,5082.0,0.8264,454410548.0,363373254.4088
1753504908797,04:41:48.797,bybit,ADA/USDT:USDT,0.8263,8540.0,0.8264,5085.0,0.8264,454410548.0,363373254.4088
1753504908898,04:41:48.898,bybit,ADA/USDT:USDT,0.8263,14040.0,0.8264,4925.0,0.8264,454410548.0,363373254.4088
1753504908998,04:41:48.998,bybit,ADA/USDT:USDT,0.8263,14040.0,0.8264,5085.0,0.8264,454410548.0,363373254.4088
1753504909197,04:41:49.197,bybit,ADA/USDT:USDT,0.8263,14040.0,0.8264,4925.0,0.8264,454410548.0,363373254.4088
1753504909397,04:41:49.397,bybit,ADA/USDT:USDT,0.8263,16017.0,0.8264,4925.0,0.8264,454410548.0,363373254.4088
1753504909598,04:41:49.598,bybit,ADA/USDT:USDT,0.8263,17226.0,0.8264,4928.0,0.8264,454410548.0,363373254.4088
1753504909798,04:41:49.798,bybit,ADA/USDT:USDT,0.8263,17226.0,0.8264,4942.0,0.8264,454410548.0,363373254.4088
1753504909898,04:41:49.898,bybit,ADA/USDT:USDT,0.8263,16017.0,0.8264,4942.0,0.8264,454410548.0,363373254.4088
1753504909997,04:41:49.997,bybit,ADA/USDT:USDT,0.8263,16017.0,0.8264,4970.0,0.8264,454410548.0,363373254.4088
1753504910097,04:41:50.097,bybit,ADA/USDT:USDT,0.8263,8540.0,0.8264,4970.0,0.8264,454410548.0,363373254.4088
1753504910297,04:41:50.297,bybit,ADA/USDT:USDT,0.8263,8540.0,0.8264,4980.0,0.8264,454410548.0,363373254.4088
1753504910598,04:41:50.598,bybit,ADA/USDT:USDT,0.8263,8541.0,0.8264,4980.0,0.8264,454410548.0,363373254.4088
1753504910797,04:41:50.797,bybit,ADA/USDT:USDT,0.8263,8541.0,0.8264,4993.0,0.8264,454410548.0,363373254.4088
1753504910898,04:41:50.898,bybit,ADA/USDT:USDT,0.8263,16018.0,0.8264,4993.0,0.8264,454410548.0,363373254.4088
1753504911297,04:41:51.297,bybit,ADA/USDT:USDT,0.8263,16018.0,0.8264,5276.0,0.8264,454410548.0,363373254.4088
1753504911597,04:41:51.597,bybit,ADA/USDT:USDT,0.8263,15032.0,0.8264,5276.0,0.8264,454410548.0,363373254.4088
1753504911698,04:41:51.698,bybit,ADA/USDT:USDT,0.8263,14041.0,0.8264,5427.0,0.8264,454410548.0,363373254.4088
1753504911797,04:41:51.797,bybit,ADA/USDT:USDT,0.8263,14041.0,0.8264,5412.0,0.8264,454410548.0,363373254.4088
1753504911898,04:41:51.898,bybit,ADA/USDT:USDT,0.8263,14041.0,0.8264,5432.0,0.8264,454410548.0,363373254.4088
1753504911997,04:41:51.997,bybit,ADA/USDT:USDT,0.8263,15032.0,0.8264,5432.0,0.8264,454410548.0,363373254.4088
1753504912098,04:41:52.098,bybit,ADA/USDT:USDT,0.8263,16018.0,0.8264,5342.0,0.8264,454410638.0,363373328.7848
1753504912198,04:41:52.198,bybit,ADA/USDT:USDT,0.8263,15953.0,0.8264,5342.0,0.8264,454410638.0,363373328.7848
1753504912298,04:41:52.298,bybit,ADA/USDT:USDT,0.8263,14994.0,0.8264,5342.0,0.8264,454410638.0,363373328.7848
1753504912398,04:41:52.398,bybit,ADA/USDT:USDT,0.8263,14041.0,0.8264,5342.0,0.8264,454410638.0,363373328.7848
1753504912498,04:41:52.498,bybit,ADA/USDT:USDT,0.8263,15953.0,0.8264,5342.0,0.8264,454410638.0,363373328.7848
1753504912697,04:41:52.697,bybit,ADA/USDT:USDT,0.8263,15953.0,0.8264,5342.0,0.8264,454410638.0,363373328.7848
1753504912798,04:41:52.798,bybit,ADA/USDT:USDT,0.8263,14041.0,0.8264,5336.0,0.8264,454410638.0,363373328.7848
1753504912897,04:41:52.897,bybit,ADA/USDT:USDT,0.8263,15953.0,0.8264,5323.0,0.8264,454410638.0,363373328.7848
1753504912997,04:41:52.997,bybit,ADA/USDT:USDT,0.8263,8541.0,0.8264,5323.0,0.8264,454410638.0,363373328.7848
1753504913097,04:41:53.097,bybit,ADA/USDT:USDT,0.8263,6655.0,0.8264,8411.0,0.8264,454410638.0,363373328.7848
1753504913297,04:41:53.297,bybit,ADA/USDT:USDT,0.8263,6655.0,0.8264,8413.0,0.8264,454410638.0,363373328.7848
1753504913397,04:41:53.397,bybit,ADA/USDT:USDT,0.8263,8626.0,0.8264,5813.0,0.8264,454410638.0,363373328.7848
1753504913498,04:41:53.498,bybit,ADA/USDT:USDT,0.8263,8626.0,0.8264,5325.0,0.8264,454410638.0,363373328.7848
1753504913998,04:41:53.998,bybit,ADA/USDT:USDT,0.8263,8626.0,0.8264,5813.0,0.8264,454410638.0,363373328.7848
1753504914198,04:41:54.198,bybit,ADA/USDT:USDT,0.8263,8626.0,0.8264,5813.0,0.8264,454410638.0,363373328.7848
1753504914297,04:41:54.297,bybit,ADA/USDT:USDT,0.8263,8626.0,0.8264,8413.0,0.8264,454410638.0,363373328.7848
1753504914398,04:41:54.398,bybit,ADA/USDT:USDT,0.8263,8626.0,0.8264,8433.0,0.8264,454410638.0,363373328.7848
1753504914597,04:41:54.597,bybit,ADA/USDT:USDT,0.8263,8626.0,0.8264,8484.0,0.8264,454410638.0,363373328.7848
1753504914697,04:41:54.697,bybit,ADA/USDT:USDT,0.8263,8626.0,0.8264,8485.0,0.8264,454410638.0,363373328.7848
1753504914897,04:41:54.897,bybit,ADA/USDT:USDT,0.8263,8626.0,0.8264,5887.0,0.8264,454410638.0,363373328.7848
1753504915098,04:41:55.098,bybit,ADA/USDT:USDT,0.8263,8626.0,0.8264,5399.0,0.8264,454410638.0,363373328.7848
1753504915298,04:41:55.298,bybit,ADA/USDT:USDT,0.8263,9579.0,0.8264,5399.0,0.8264,454410638.0,363373328.7848
1753504915397,04:41:55.397,bybit,ADA/USDT:USDT,0.8263,8626.0,0.8264,5481.0,0.8264,454410638.0,363373328.7848
1753504915497,04:41:55.497,bybit,ADA/USDT:USDT,0.8263,6655.0,0.8264,5774.0,0.8264,454410638.0,363373328.7848
1753504915698,04:41:55.698,bybit,ADA/USDT:USDT,0.8263,10449.0,0.8264,5615.0,0.8264,454410638.0,363373328.7848
1753504915798,04:41:55.798,bybit,ADA/USDT:USDT,0.8263,15949.0,0.8264,5615.0,0.8264,454410638.0,363373328.7848
1753504915897,04:41:55.897,bybit,ADA/USDT:USDT,0.8263,15949.0,0.8264,5626.0,0.8264,454410638.0,363373328.7848
1753504916098,04:41:56.098,bybit,ADA/USDT:USDT,0.8263,10449.0,0.8264,5626.0,0.8264,454410638.0,363373328.7848
1753504916197,04:41:56.197,bybit,ADA/USDT:USDT,0.8263,8537.0,0.8264,5626.0,0.8264,454410638.0,363373328.7848
1753504916398,04:41:56.398,bybit,ADA/USDT:USDT,0.8263,10449.0,0.8264,5599.0,0.8264,454410638.0,363373328.7848
1753504916498,04:41:56.498,bybit,ADA/USDT:USDT,0.8263,10449.0,0.8264,5628.0,0.8264,454410638.0,363373328.7848
1753504916597,04:41:56.597,bybit,ADA/USDT:USDT,0.8263,8537.0,0.8264,5788.0,0.8264,454410638.0,363373328.7848
1753504916897,04:41:56.897,bybit,ADA/USDT:USDT,0.8263,8537.0,0.8264,5766.0,0.8264,454410638.0,363373328.7848
1753504917097,04:41:57.097,bybit,ADA/USDT:USDT,0.8263,6655.0,0.8264,5766.0,0.8264,454410638.0,363373328.7848
1753504917497,04:41:57.497,bybit,ADA/USDT:USDT,0.8263,9017.0,0.8264,5606.0,0.8264,454410638.0,363373328.7848
1753504917597,04:41:57.597,bybit,ADA/USDT:USDT,0.8263,8064.0,0.8264,5620.0,0.8264,454410638.0,363373328.7848
1753504917798,04:41:57.798,bybit,ADA/USDT:USDT,0.8263,9017.0,0.8264,5620.0,0.8264,454410638.0,363373328.7848
1753504918297,04:41:58.297,bybit,ADA/USDT:USDT,0.8263,9017.0,0.8264,5678.0,0.8264,454410638.0,363373328.7848
1753504918397,04:41:58.397,bybit,ADA/USDT:USDT,0.8263,8060.0,0.8264,3879.0,0.8264,454410638.0,363373328.7848
1753504918497,04:41:58.497,bybit,ADA/USDT:USDT,0.8263,7149.0,0.8264,5712.0,0.8263,454411549.0,363374081.5441
1753504918597,04:41:58.597,bybit,ADA/USDT:USDT,0.8263,7149.0,0.8264,6171.0,0.8263,454411549.0,363374081.5441
1753504918697,04:41:58.697,bybit,ADA/USDT:USDT,0.8263,7149.0,0.8264,6202.0,0.8263,454411549.0,363374081.5441
1753504918797,04:41:58.797,bybit,ADA/USDT:USDT,0.8263,12820.0,0.8264,6208.0,0.8263,454411549.0,363374081.5441
1753504918897,04:41:58.897,bybit,ADA/USDT:USDT,0.8263,12820.0,0.8264,6215.0,0.8263,454411549.0,363374081.5441
1753504919297,04:41:59.297,bybit,ADA/USDT:USDT,0.8263,12820.0,0.8264,6215.0,0.8263,454411549.0,363374081.5441
1753504919397,04:41:59.397,bybit,ADA/USDT:USDT,0.8263,12820.0,0.8264,6216.0,0.8263,454411549.0,363374081.5441
1753504919597,04:41:59.597,bybit,ADA/USDT:USDT,0.8263,7320.0,0.8264,6189.0,0.8263,454411549.0,363374081.5441
1753504919797,04:41:59.797,bybit,ADA/USDT:USDT,0.8263,13269.0,0.8264,6189.0,0.8263,454411549.0,363374081.5441
1753504919897,04:41:59.897,bybit,ADA/USDT:USDT,0.8263,8269.0,0.8264,6213.0,0.8263,454411549.0,363374081.5441
1753504919998,04:41:59.998,bybit,ADA/USDT:USDT,0.8263,8269.0,0.8264,6457.0,0.8263,454411549.0,363374081.5441
1753504920097,04:42:00.097,bybit,ADA/USDT:USDT,0.8263,7320.0,0.8264,6457.0,0.8263,454411549.0,363374081.5441
1753504920197,04:42:00.197,bybit,ADA/USDT:USDT,0.8263,9917.0,0.8264,6457.0,0.8263,454411552.0,363374084.023
1753504920398,04:42:00.398,bybit,ADA/USDT:USDT,0.8263,9917.0,0.8264,6459.0,0.8263,454411552.0,363374084.023
1753504920498,04:42:00.498,bybit,ADA/USDT:USDT,0.8263,9917.0,0.8264,5971.0,0.8263,454411552.0,363374084.023
1753504920597,04:42:00.597,bybit,ADA/USDT:USDT,0.8263,9917.0,0.8264,5975.0,0.8263,454411552.0,363374084.023
1753504920797,04:42:00.797,bybit,ADA/USDT:USDT,0.8263,9917.0,0.8264,6135.0,0.8263,454411552.0,363374084.023
1753504920897,04:42:00.897,bybit,ADA/USDT:USDT,0.8263,9917.0,0.8264,5868.0,0.8263,454411552.0,363374084.023
1753504920997,04:42:00.997,bybit,ADA/USDT:USDT,0.8263,10850.0,0.8264,6137.0,0.8263,454411552.0,363374084.023
1753504921098,04:42:01.098,bybit,ADA/USDT:USDT,0.8263,7317.0,0.8264,6137.0,0.8263,454411552.0,363374084.023
1753504921197,04:42:01.197,bybit,ADA/USDT:USDT,0.8263,12341.0,0.8264,5977.0,0.8263,454411552.0,363374084.023
1753504921297,04:42:01.297,bybit,ADA/USDT:USDT,0.8263,14212.0,0.8264,5977.0,0.8263,454411552.0,363374084.023
1753504921397,04:42:01.397,bybit,ADA/USDT:USDT,0.8263,14212.0,0.8264,5979.0,0.8263,454411552.0,363374084.023
1753504921697,04:42:01.697,bybit,ADA/USDT:USDT,0.8263,12341.0,0.8264,5979.0,0.8263,454411552.0,363374084.023
1753504921897,04:42:01.897,bybit,ADA/USDT:USDT,0.8264,15031.0,0.8265,1101.0,0.8264,454417461.0,363378967.2206
1753504921997,04:42:01.997,bybit,ADA/USDT:USDT,0.8264,15006.0,0.8265,726.0,0.8264,454417461.0,363378967.2206
1753504922097,04:42:02.097,bybit,ADA/USDT:USDT,0.8264,12406.0,0.8265,1832.0,0.8264,454417461.0,363378967.2206
1753504922397,04:42:02.397,bybit,ADA/USDT:USDT,0.8264,7518.0,0.8265,1832.0,0.8264,454417461.0,363378967.2206
1753504922698,04:42:02.698,bybit,ADA/USDT:USDT,0.8264,7795.0,0.8265,1672.0,0.8264,454417461.0,363378967.2206
1753504922797,04:42:02.797,bybit,ADA/USDT:USDT,0.8265,23561.0,0.8266,14.0,0.8265,454418639.0,363379940.8376
1753504922897,04:42:02.897,bybit,ADA/USDT:USDT,0.8265,25410.0,0.8266,14.0,0.8265,454418639.0,363379940.8376
1753504923097,04:42:03.097,bybit,ADA/USDT:USDT,0.8265,23561.0,0.8266,14.0,0.8265,454418639.0,363379940.8376
1753504923198,04:42:03.198,bybit,ADA/USDT:USDT,0.8265,19183.0,0.8266,174.0,0.8265,454418639.0,363379940.8376
1753504923297,04:42:03.297,bybit,ADA/USDT:USDT,0.8265,16346.0,0.8266,1440.0,0.8265,454418639.0,363379940.8376
1753504923397,04:42:03.397,bybit,ADA/USDT:USDT,0.8265,17555.0,0.8266,4604.0,0.8265,454418639.0,363379940.8376
1753504923498,04:42:03.498,bybit,ADA/USDT:USDT,0.8265,6176.0,0.8266,9804.0,0.8265,454418639.0,363379940.8376
1753504923598,04:42:03.598,bybit,ADA/USDT:USDT,0.8265,1496.0,0.8266,10740.0,0.8265,454418639.0,363379940.8376
1753504923697,04:42:03.697,bybit,ADA/USDT:USDT,0.8265,1496.0,0.8266,11680.0,0.8265,454418639.0,363379940.8376
1753504923797,04:42:03.797,bybit,ADA/USDT:USDT,0.8264,35407.0,0.8265,2324.0,0.8265,454418639.0,363379940.8376
1753504923897,04:42:03.897,bybit,ADA/USDT:USDT,0.8264,5818.0,0.8265,23950.0,0.8265,454418639.0,363379940.8376
1753504924097,04:42:04.097,bybit,ADA/USDT:USDT,0.8264,5818.0,0.8265,23028.0,0.8265,454418639.0,363379940.8376
1753504924197,04:42:04.197,bybit,ADA/USDT:USDT,0.8264,7906.0,0.8265,18683.0,0.8265,454418639.0,363379940.8376
1753504924297,04:42:04.297,bybit,ADA/USDT:USDT,0.8264,7906.0,0.8265,18702.0,0.8265,454418639.0,363379940.8376
1753504924397,04:42:04.397,bybit,ADA/USDT:USDT,0.8264,8013.0,0.8265,16734.0,0.8265,454418639.0,363379940.8376
1753504924497,04:42:04.497,bybit,ADA/USDT:USDT,0.8264,9413.0,0.8265,16751.0,0.8265,454418639.0,363379940.8376
1753504924597,04:42:04.597,bybit,ADA/USDT:USDT,0.8264,25354.0,0.8265,36.0,0.8265,454418639.0,363379940.8376
1753504924697,04:42:04.697,bybit,ADA/USDT:USDT,0.8265,47496.0,0.8266,14.0,0.8265,454418675.0,363379970.5916
1753504924797,04:42:04.797,bybit,ADA/USDT:USDT,0.8265,46808.0,0.8266,14.0,0.8265,454418675.0,363379970.5916
1753504924997,04:42:04.997,bybit,ADA/USDT:USDT,0.8265,47704.0,0.8266,14.0,0.8265,454418675.0,363379970.5916
1753504925097,04:42:05.097,bybit,ADA/USDT:USDT,0.8265,46808.0,0.8266,14.0,0.8265,454418675.0,363379970.5916
1753504925197,04:42:05.197,bybit,ADA/USDT:USDT,0.8265,45599.0,0.8266,14.0,0.8265,454418675.0,363379970.5916
1753504925397,04:42:05.397,bybit,ADA/USDT:USDT,0.8265,45599.0,0.8266,7.0,0.8265,454418675.0,363379970.5916
1753504925597,04:42:05.597,bybit,ADA/USDT:USDT,0.8266,27788.0,0.8267,84.0,0.8266,454418682.0,363379976.3778
1753504925697,04:42:05.697,bybit,ADA/USDT:USDT,0.8266,33288.0,0.8267,696.0,0.8266,454418682.0,363379976.3778
1753504925797,04:42:05.797,bybit,ADA/USDT:USDT,0.8266,27335.0,0.8267,1085.0,0.8266,454418682.0,363379976.3778
1753504925897,04:42:05.897,bybit,ADA/USDT:USDT,0.8266,27417.0,0.8267,1155.0,0.8266,454418682.0,363379976.3778
1753504926197,04:42:06.197,bybit,ADA/USDT:USDT,0.8266,27417.0,0.8267,1155.0,0.8266,454418682.0,363379976.3778
1753504926497,04:42:06.497,bybit,ADA/USDT:USDT,0.8268,10217.0,0.8269,26730.0,0.8268,454419957.0,363381030.4712
1753504926597,04:42:06.597,bybit,ADA/USDT:USDT,0.8268,10413.0,0.8269,21429.0,0.8268,454419957.0,363381030.4712
1753504926697,04:42:06.697,bybit,ADA/USDT:USDT,0.8268,18212.0,0.8269,20941.0,0.8268,454419957.0,363381030.4712
1753504926797,04:42:06.797,bybit,ADA/USDT:USDT,0.8268,12093.0,0.8269,21429.0,0.8268,454419957.0,363381030.4712
1753504926897,04:42:06.897,bybit,ADA/USDT:USDT,0.8268,9642.0,0.8269,24120.0,0.8268,454419957.0,363381030.4712
1753504926997,04:42:06.997,bybit,ADA/USDT:USDT,0.8268,1278.0,0.8269,24941.0,0.8268,454419957.0,363381030.4712
1753504927098,04:42:07.098,bybit,ADA/USDT:USDT,0.8268,270.0,0.8269,25855.0,0.8268,454419957.0,363381030.4712
1753504927297,04:42:07.297,bybit,ADA/USDT:USDT,0.8268,1766.0,0.8269,26063.0,0.8268,454419957.0,363381030.4712
1753504927497,04:42:07.497,bybit,ADA/USDT:USDT,0.8268,1606.0,0.8269,26063.0,0.8268,454419957.0,363381030.4712
1753504927897,04:42:07.897,bybit,ADA/USDT:USDT,0.8268,598.0,0.8269,26063.0,0.8268,454419957.0,363381030.4712
1753504927997,04:42:07.997,bybit,ADA/USDT:USDT,0.8268,445.0,0.8269,26884.0,0.8268,454419957.0,363381030.4712
1753504928098,04:42:08.098,bybit,ADA/USDT:USDT,0.8268,445.0,0.8269,26878.0,0.8269,454419963.0,363381035.4326
1753504928197,04:42:08.197,bybit,ADA/USDT:USDT,0.8268,445.0,0.8269,26057.0,0.8269,454419963.0,363381035.4326
1753504928297,04:42:08.297,bybit,ADA/USDT:USDT,0.8268,1781.0,0.8269,26057.0,0.8269,454419963.0,363381035.4326
1753504928398,04:42:08.398,bybit,ADA/USDT:USDT,0.8268,445.0,0.8269,26725.0,0.8269,454419963.0,363381035.4326
1753504928598,04:42:08.598,bybit,ADA/USDT:USDT,0.8268,1941.0,0.8269,26735.0,0.8269,454419963.0,363381035.4326
1753504928697,04:42:08.697,bybit,ADA/USDT:USDT,0.8268,11876.0,0.8269,26735.0,0.8269,454419963.0,363381035.4326
1753504928797,04:42:08.797,bybit,ADA/USDT:USDT,0.8268,11876.0,0.8269,23130.0,0.8269,454419963.0,363381035.4326
1753504928897,04:42:08.897,bybit,ADA/USDT:USDT,0.8268,13276.0,0.8269,22518.0,0.8269,454419963.0,363381035.4326
1753504928998,04:42:08.998,bybit,ADA/USDT:USDT,0.8268,13270.0,0.8269,22518.0,0.8269,454419963.0,363381035.4326
1753504929498,04:42:09.498,bybit,ADA/USDT:USDT,0.8268,11870.0,0.8269,22518.0,0.8269,454419963.0,363381035.4326
1753504930097,04:42:10.097,bybit,ADA/USDT:USDT,0.8268,15870.0,0.8269,22802.0,0.8269,454419963.0,363381035.4326
1753504930197,04:42:10.197,bybit,ADA/USDT:USDT,0.8268,15870.0,0.8269,22385.0,0.8269,454419963.0,363381035.4326
1753504930398,04:42:10.398,bybit,ADA/USDT:USDT,0.8268,15867.0,0.8269,21773.0,0.8269,454419963.0,363381035.4326
1753504930998,04:42:10.998,bybit,ADA/USDT:USDT,0.8268,15936.0,0.8269,21773.0,0.8269,454419963.0,363381035.4326
1753504931198,04:42:11.198,bybit,ADA/USDT:USDT,0.8268,15935.0,0.8269,21773.0,0.8269,454419963.0,363381035.4326
1753504931597,04:42:11.597,bybit,ADA/USDT:USDT,0.8268,11935.0,0.8269,21933.0,0.8269,454419963.0,363381035.4326
1753504931897,04:42:11.897,bybit,ADA/USDT:USDT,0.8268,19329.0,0.8269,21773.0,0.8269,454419963.0,363381035.4326
1753504931997,04:42:11.997,bybit,ADA/USDT:USDT,0.8268,20126.0,0.8269,21773.0,0.8269,454419963.0,363381035.4326
1753504932097,04:42:12.097,bybit,ADA/USDT:USDT,0.8268,18533.0,0.8269,21741.0,0.8269,454419963.0,363381035.4326
1753504932197,04:42:12.197,bybit,ADA/USDT:USDT,0.8268,19332.0,0.8269,975.0,0.8269,454419963.0,363381035.4326
1753504932297,04:42:12.297,bybit,ADA/USDT:USDT,0.8268,20126.0,0.8269,989.0,0.8269,454419963.0,363381035.4326
1753504932597,04:42:12.597,bybit,ADA/USDT:USDT,0.8268,25626.0,0.8269,989.0,0.8269,454419963.0,363381035.4326
1753504932698,04:42:12.698,bybit,ADA/USDT:USDT,0.8268,20460.0,0.8269,1128.0,0.8269,454419963.0,363381035.4326
1753504932898,04:42:12.898,bybit,ADA/USDT:USDT,0.8268,19661.0,0.8269,1128.0,0.8269,454419963.0,363381035.4326
1753504932997,04:42:12.997,bybit,ADA/USDT:USDT,0.8268,19661.0,0.8269,1133.0,0.8269,454419963.0,363381035.4326
1753504933098,04:42:13.098,bybit,ADA/USDT:USDT,0.8268,21254.0,0.8269,1133.0,0.8269,454419963.0,363381035.4326
1753504933497,04:42:13.497,bybit,ADA/USDT:USDT,0.8268,19655.0,0.8269,1126.0,0.8269,454419963.0,363381035.4326
1753504933797,04:42:13.797,bybit,ADA/USDT:USDT,0.8268,15655.0,0.8269,3817.0,0.8269,454419963.0,363381035.4326
1753504933897,04:42:13.897,bybit,ADA/USDT:USDT,0.8268,15655.0,0.8269,1126.0,0.8269,454419963.0,363381035.4326
1753504933997,04:42:13.997,bybit,ADA/USDT:USDT,0.8268,15655.0,0.8269,1052.0,0.8269,454420037.0,363381096.6232
1753504934197,04:42:14.197,bybit,ADA/USDT:USDT,0.8268,4814.0,0.8269,11987.0,0.8269,454420037.0,363381096.6232
1753504934297,04:42:14.297,bybit,ADA/USDT:USDT,0.8268,1911.0,0.8269,12763.0,0.8269,454420037.0,363381096.6232
1753504934397,04:42:14.397,bybit,ADA/USDT:USDT,0.8268,1911.0,0.8269,12794.0,0.8269,454420037.0,363381096.6232
1753504934797,04:42:14.797,bybit,ADA/USDT:USDT,0.8268,1911.0,0.8269,11229.0,0.8269,454420037.0,363381096.6232
1753504934997,04:42:14.997,bybit,ADA/USDT:USDT,0.8268,1886.0,0.8269,11229.0,0.8269,454420037.0,363381096.6232
1753504935297,04:42:15.297,bybit,ADA/USDT:USDT,0.8268,1886.0,0.8269,11308.0,0.8269,454420037.0,363381096.6232
1753504935497,04:42:15.497,bybit,ADA/USDT:USDT,0.8268,1726.0,0.8269,12878.0,0.8269,454420037.0,363381096.6232
1753504935597,04:42:15.597,bybit,ADA/USDT:USDT,0.8268,1726.0,0.8269,16808.0,0.8269,454420037.0,363381096.6232
1753504935698,04:42:15.698,bybit,ADA/USDT:USDT,0.8268,3442.0,0.8269,16808.0,0.8269,454420037.0,363381096.6232
1753504935797,04:42:15.797,bybit,ADA/USDT:USDT,0.8268,1726.0,0.8269,16901.0,0.8269,454420037.0,363381096.6232
1753504935897,04:42:15.897,bybit,ADA/USDT:USDT,0.8268,1735.0,0.8269,11401.0,0.8269,454420037.0,363381096.6232
1753504936097,04:42:16.097,bybit,ADA/USDT:USDT,0.8268,1734.0,0.8269,11401.0,0.8269,454420037.0,363381096.6232
1753504936297,04:42:16.297,bybit,ADA/USDT:USDT,0.8268,6083.0,0.8269,10393.0,0.8269,454420037.0,363381096.6232
1753504936397,04:42:16.397,bybit,ADA/USDT:USDT,0.8268,6083.0,0.8269,8453.0,0.8269,454420037.0,363381096.6232
1753504936497,04:42:16.497,bybit,ADA/USDT:USDT,0.8268,11378.0,0.8269,1261.0,0.8269,454420037.0,363381096.6232
1753504936598,04:42:16.598,bybit,ADA/USDT:USDT,0.8268,12587.0,0.8269,1279.0,0.8269,454420037.0,363381096.6232
1753504936897,04:42:16.897,bybit,ADA/USDT:USDT,0.8268,11042.0,0.8269,1279.0,0.8269,454420037.0,363381096.6232
1753504937198,04:42:17.198,bybit,ADA/USDT:USDT,0.8268,12587.0,0.8269,1279.0,0.8269,454420037.0,363381096.6232
1753504937598,04:42:17.598,bybit,ADA/USDT:USDT,0.8268,18087.0,0.8269,1294.0,0.8269,454420037.0,363381096.6232
1753504938097,04:42:18.097,bybit,ADA/USDT:USDT,0.8268,18087.0,0.8269,1611.0,0.8269,454420037.0,363381096.6232
1753504938898,04:42:18.898,bybit,ADA/USDT:USDT,0.8268,18087.0,0.8269,1621.0,0.8269,454420037.0,363381096.6232
1753504939097,04:42:19.097,bybit,ADA/USDT:USDT,0.8268,17884.0,0.8269,1621.0,0.8269,454420037.0,363381096.6232
1753504939197,04:42:19.197,bybit,ADA/USDT:USDT,0.8268,18088.0,0.8269,1621.0,0.8269,454420037.0,363381096.6232
1753504939497,04:42:19.497,bybit,ADA/USDT:USDT,0.8268,17313.0,0.8269,1621.0,0.8269,454420037.0,363381096.6232
1753504939597,04:42:19.597,bybit,ADA/USDT:USDT,0.8268,16543.0,0.8269,1056.0,0.8269,454420037.0,363381096.6232
1753504939697,04:42:19.697,bybit,ADA/USDT:USDT,0.8269,18730.0,0.827,21.0,0.8269,454421670.0,363382446.9509
1753504939797,04:42:19.797,bybit,ADA/USDT:USDT,0.8269,18730.0,0.827,14.0,0.8269,454421670.0,363382446.9509
1753504939897,04:42:19.897,bybit,ADA/USDT:USDT,0.8269,18730.0,0.827,315.0,0.8269,454421670.0,363382446.9509
1753504939997,04:42:19.997,bybit,ADA/USDT:USDT,0.8269,18730.0,0.827,927.0,0.8269,454421670.0,363382446.9509
1753504940098,04:42:20.098,bybit,ADA/USDT:USDT,0.8269,16130.0,0.827,927.0,0.8269,454421670.0,363382446.9509
1753504940198,04:42:20.198,bybit,ADA/USDT:USDT,0.8269,13530.0,0.827,927.0,0.8269,454421670.0,363382446.9509
1753504940398,04:42:20.398,bybit,ADA/USDT:USDT,0.8269,13530.0,0.827,9515.0,0.8269,454421670.0,363382446.9509
1753504940598,04:42:20.598,bybit,ADA/USDT:USDT,0.8269,13530.0,0.827,4191.0,0.8269,454421670.0,363382446.9509
1753504941097,04:42:21.097,bybit,ADA/USDT:USDT,0.8269,13530.0,0.827,1575.0,0.8269,454421670.0,363382446.9509
1753504941198,04:42:21.198,bybit,ADA/USDT:USDT,0.8269,13530.0,0.827,1575.0,0.8269,454421670.0,363382446.9509
1753504941297,04:42:21.297,bybit,ADA/USDT:USDT,0.8269,13530.0,0.827,4175.0,0.8269,454421670.0,363382446.9509
1753504941397,04:42:21.397,bybit,ADA/USDT:USDT,0.8269,10982.0,0.827,4175.0,0.8269,454421670.0,363382446.9509
1753504941498,04:42:21.498,bybit,ADA/USDT:USDT,0.8269,6869.0,0.827,12375.0,0.8269,454421670.0,363382446.9509
1753504941698,04:42:21.698,bybit,ADA/USDT:USDT,0.8269,8599.0,0.827,12359.0,0.8269,454421670.0,363382446.9509
1753504941898,04:42:21.898,bybit,ADA/USDT:USDT,0.8269,7585.0,0.827,6859.0,0.8269,454421670.0,363382446.9509
1753504942197,04:42:22.197,bybit,ADA/USDT:USDT,0.8269,7796.0,0.827,6859.0,0.8269,454421670.0,363382446.9509
1753504942298,04:42:22.298,bybit,ADA/USDT:USDT,0.8269,8746.0,0.827,4259.0,0.8269,454421670.0,363382446.9509
1753504942397,04:42:22.397,bybit,ADA/USDT:USDT,0.8269,8746.0,0.827,4275.0,0.8269,454421670.0,363382446.9509
1753504942498,04:42:22.498,bybit,ADA/USDT:USDT,0.8269,7796.0,0.827,6875.0,0.8269,454421670.0,363382446.9509
1753504942697,04:42:22.697,bybit,ADA/USDT:USDT,0.8269,7796.0,0.827,7641.0,0.8269,454421670.0,363382446.9509
1753504942797,04:42:22.797,bybit,ADA/USDT:USDT,0.8269,7796.0,0.827,4275.0,0.8269,454421670.0,363382446.9509
1753504942898,04:42:22.898,bybit,ADA/USDT:USDT,0.8269,7987.0,0.827,4259.0,0.8269,454421670.0,363382446.9509
1753504943097,04:42:23.097,bybit,ADA/USDT:USDT,0.8269,8753.0,0.827,1568.0,0.8269,454421670.0,363382446.9509
1753504943197,04:42:23.197,bybit,ADA/USDT:USDT,0.8269,7987.0,0.827,1080.0,0.8269,454421670.0,363382446.9509
1753504943397,04:42:23.397,bybit,ADA/USDT:USDT,0.8269,7987.0,0.827,1240.0,0.8269,454421670.0,363382446.9509
1753504943497,04:42:23.497,bybit,ADA/USDT:USDT,0.8269,14696.0,0.827,1240.0,0.8269,454421670.0,363382446.9509
1753504943897,04:42:23.897,bybit,ADA/USDT:USDT,0.8269,14689.0,0.827,1080.0,0.8269,454421670.0,363382446.9509
1753504944197,04:42:24.197,bybit,ADA/USDT:USDT,0.8269,14688.0,0.827,1080.0,0.8269,454421670.0,363382446.9509
1753504944498,04:42:24.498,bybit,ADA/USDT:USDT,0.8269,15454.0,0.827,1080.0,0.8269,454421670.0,363382446.9509
1753504944597,04:42:24.597,bybit,ADA/USDT:USDT,0.827,34182.0,0.8271,60.0,0.827,454422750.0,363383340.1109
1753504944697,04:42:24.697,bybit,ADA/USDT:USDT,0.827,34962.0,0.8271,60.0,0.827,454422750.0,363383340.1109
1753504944798,04:42:24.798,bybit,ADA/USDT:USDT,0.827,29827.0,0.8271,1068.0,0.827,454422750.0,363383340.1109
1753504944898,04:42:24.898,bybit,ADA/USDT:USDT,0.827,29827.0,0.8271,60.0,0.827,454422750.0,363383340.1109
1753504944997,04:42:24.997,bybit,ADA/USDT:USDT,0.827,1496.0,0.8271,16320.0,0.827,454422750.0,363383340.1109
1753504945098,04:42:25.098,bybit,ADA/USDT:USDT,0.827,1008.0,0.8271,14165.0,0.827,454422750.0,363383340.1109
1753504945197,04:42:25.197,bybit,ADA/USDT:USDT,0.827,1210.0,0.8271,14920.0,0.827,454422750.0,363383340.1109
1753504945297,04:42:25.297,bybit,ADA/USDT:USDT,0.827,1210.0,0.8271,14467.0,0.827,454422750.0,363383340.1109
1753504945397,04:42:25.397,bybit,ADA/USDT:USDT,0.827,1194.0,0.8271,15982.0,0.827,454422750.0,363383340.1109
1753504945497,04:42:25.497,bybit,ADA/USDT:USDT,0.827,1194.0,0.8271,22094.0,0.827,454422750.0,363383340.1109
1753504945598,04:42:25.598,bybit,ADA/USDT:USDT,0.827,1194.0,0.8271,20579.0,0.827,454422750.0,363383340.1109
1753504945698,04:42:25.698,bybit,ADA/USDT:USDT,0.827,2904.0,0.8271,21334.0,0.827,454422750.0,363383340.1109
1753504945897,04:42:25.897,bybit,ADA/USDT:USDT,0.827,2904.0,0.8271,20579.0,0.827,454422750.0,363383340.1109
1753504945998,04:42:25.998,bybit,ADA/USDT:USDT,0.827,1912.0,0.8271,21334.0,0.827,454422750.0,363383340.1109
1753504946098,04:42:26.098,bybit,ADA/USDT:USDT,0.827,1912.0,0.8271,22094.0,0.827,454422750.0,363383340.1109
1753504946297,04:42:26.297,bybit,ADA/USDT:USDT,0.827,1912.0,0.8271,21334.0,0.827,454422750.0,363383340.1109
1753504946398,04:42:26.398,bybit,ADA/USDT:USDT,0.827,2037.0,0.8271,22094.0,0.827,454422750.0,363383340.1109
1753504946897,04:42:26.897,bybit,ADA/USDT:USDT,0.827,2037.0,0.8271,21334.0,0.827,454422750.0,363383340.1109
1753504946998,04:42:26.998,bybit,ADA/USDT:USDT,0.827,3045.0,0.8271,20579.0,0.827,454422750.0,363383340.1109
1753504947197,04:42:27.197,bybit,ADA/USDT:USDT,0.827,3045.0,0.8271,21334.0,0.827,454422750.0,363383340.1109
1753504947297,04:42:27.297,bybit,ADA/USDT:USDT,0.827,3045.0,0.8271,21344.0,0.827,454422750.0,363383340.1109
1753504947397,04:42:27.397,bybit,ADA/USDT:USDT,0.827,2911.0,0.8271,21344.0,0.827,454422750.0,363383340.1109
1753504947498,04:42:27.498,bybit,ADA/USDT:USDT,0.827,3101.0,0.8271,20589.0,0.827,454422750.0,363383340.1109
1753504947598,04:42:27.598,bybit,ADA/USDT:USDT,0.827,3101.0,0.8271,21344.0,0.827,454422750.0,363383340.1109
1753504947897,04:42:27.897,bybit,ADA/USDT:USDT,0.827,2093.0,0.8271,21344.0,0.827,454422750.0,363383340.1109
1753504947998,04:42:27.998,bybit,ADA/USDT:USDT,0.827,1960.0,0.8271,22104.0,0.827,454422750.0,363383340.1109
1753504948097,04:42:28.097,bybit,ADA/USDT:USDT,0.827,2099.0,0.8271,20579.0,0.827,454422750.0,363383340.1109
1753504948197,04:42:28.197,bybit,ADA/USDT:USDT,0.827,2099.0,0.8271,22111.0,0.827,454422750.0,363383340.1109
1753504948297,04:42:28.297,bybit,ADA/USDT:USDT,0.8268,85877.0,0.8269,7573.0,0.827,454424849.0,363385075.9839
1753504948397,04:42:28.397,bybit,ADA/USDT:USDT,0.8268,14123.0,0.8269,7926.0,0.827,454424849.0,363385075.9839
1753504948497,04:42:28.497,bybit,ADA/USDT:USDT,0.8269,1496.0,0.827,28530.0,0.827,454424849.0,363385075.9839
