timestamp,time,exchange,symbol,bid,bidVolume,ask,askVolume,lastPrice,baseVolume,quoteVolume
1753504791764,04:39:51.764,bybit,ALGO/USDT:USDT,0.2697,53414.5,0.2698,17076.9,0.2697,96449664.2,25257444.2722
1753504792064,04:39:52.064,bybit,ALGO/USDT:USDT,0.2697,53414.5,0.2698,17976.9,0.2697,96449664.2,25257444.2722
1753504792364,04:39:52.364,bybit,ALGO/USDT:USDT,0.2697,53414.5,0.2698,17981.0,0.2697,96449664.2,25257444.2722
1753504792463,04:39:52.463,bybit,ALGO/USDT:USDT,0.2697,54315.6,0.2698,31456.6,0.2697,96449664.2,25257444.2722
1753504792563,04:39:52.563,bybit,ALGO/USDT:USDT,0.2697,54316.2,0.2698,45675.0,0.2697,96449664.2,25257444.2722
1753504792764,04:39:52.764,bybit,ALGO/USDT:USDT,0.2697,54290.1,0.2698,45600.8,0.2697,96449664.2,25257444.2722
1753504793863,04:39:53.863,bybit,ALGO/USDT:USDT,0.2697,55190.1,0.2698,29657.3,0.2697,96449664.2,25257444.2722
1753504794664,04:39:54.664,bybit,ALGO/USDT:USDT,0.2697,56088.2,0.2698,29656.5,0.2697,96449664.2,25257444.2722
1753504795164,04:39:55.164,bybit,ALGO/USDT:USDT,0.2697,56087.5,0.2698,29656.5,0.2697,96449664.2,25257444.2722
1753504795364,04:39:55.364,bybit,ALGO/USDT:USDT,0.2697,54286.4,0.2698,29656.5,0.2697,96449664.2,25257444.2722
1753504795463,04:39:55.463,bybit,ALGO/USDT:USDT,0.2697,54917.3,0.2698,29656.5,0.2697,96449664.2,25257444.2722
1753504795564,04:39:55.564,bybit,ALGO/USDT:USDT,0.2697,55817.3,0.2698,29656.5,0.2697,96449664.2,25257444.2722
1753504796164,04:39:56.164,bybit,ALGO/USDT:USDT,0.2697,55817.3,0.2698,17080.2,0.2697,96449664.2,25257444.2722
1753504796463,04:39:56.463,bybit,ALGO/USDT:USDT,0.2697,55889.6,0.2698,17080.2,0.2697,96449664.2,25257444.2722
1753504798064,04:39:58.064,bybit,ALGO/USDT:USDT,0.2697,54990.3,0.2698,17080.2,0.2697,96449664.2,25257444.2722
1753504798164,04:39:58.164,bybit,ALGO/USDT:USDT,0.2697,54990.3,0.2698,17080.2,0.2697,96449664.2,25257444.2722
1753504798264,04:39:58.264,bybit,ALGO/USDT:USDT,0.2697,55900.8,0.2698,17076.9,0.2697,96449664.2,25257444.2722
1753504798464,04:39:58.464,bybit,ALGO/USDT:USDT,0.2697,55900.8,0.2698,17076.9,0.2697,96449664.2,25257444.2722
1753504798964,04:39:58.964,bybit,ALGO/USDT:USDT,0.2697,54101.5,0.2698,17076.9,0.2697,96449664.2,25257444.2722
1753504799264,04:39:59.264,bybit,ALGO/USDT:USDT,0.2697,55900.8,0.2698,17076.9,0.2697,96449664.2,25257444.2722
1753504799564,04:39:59.564,bybit,ALGO/USDT:USDT,0.2697,54101.5,0.2698,17076.9,0.2697,96449664.2,25257444.2722
1753504799763,04:39:59.763,bybit,ALGO/USDT:USDT,0.2697,54990.3,0.2698,17076.9,0.2697,96449664.2,25257444.2722
1753504799964,04:39:59.964,bybit,ALGO/USDT:USDT,0.2697,54990.0,0.2698,17076.9,0.2697,96449664.2,25257444.2722
1753504800063,04:40:00.063,bybit,ALGO/USDT:USDT,0.2697,55889.3,0.2698,17076.9,0.2697,96449664.2,25257444.2722
1753504800363,04:40:00.363,bybit,ALGO/USDT:USDT,0.2697,55889.3,0.2698,17407.4,0.2697,96449664.2,25257444.2722
1753504800864,04:40:00.864,bybit,ALGO/USDT:USDT,0.2697,54989.3,0.2698,17407.4,0.2697,96449664.2,25257444.2722
1753504800964,04:40:00.964,bybit,ALGO/USDT:USDT,0.2697,54090.0,0.2698,29183.7,0.2697,96449664.2,25257444.2722
1753504801064,04:40:01.064,bybit,ALGO/USDT:USDT,0.2697,54939.6,0.2698,29183.7,0.2697,96449664.2,25257444.2722
1753504801164,04:40:01.164,bybit,ALGO/USDT:USDT,0.2697,54939.6,0.2698,37183.7,0.2697,96449664.2,25257444.2722
1753504801464,04:40:01.464,bybit,ALGO/USDT:USDT,0.2697,54090.0,0.2698,39683.5,0.2697,96449664.2,25257444.2722
1753504801563,04:40:01.563,bybit,ALGO/USDT:USDT,0.2697,54090.0,0.2698,38833.9,0.2697,96449664.2,25257444.2722
1753504801763,04:40:01.763,bybit,ALGO/USDT:USDT,0.2697,54090.0,0.2698,37983.7,0.2697,96449664.2,25257444.2722
1753504801864,04:40:01.864,bybit,ALGO/USDT:USDT,0.2697,54090.0,0.2698,39683.5,0.2697,96449664.2,25257444.2722
1753504802163,04:40:02.163,bybit,ALGO/USDT:USDT,0.2697,54090.0,0.2698,46683.5,0.2697,96449664.2,25257444.2722
1753504802763,04:40:02.763,bybit,ALGO/USDT:USDT,0.2697,54090.0,0.2698,45833.9,0.2697,96449664.2,25257444.2722
1753504802864,04:40:02.864,bybit,ALGO/USDT:USDT,0.2697,54065.1,0.2698,44983.7,0.2697,96449664.2,25257444.2722
1753504803064,04:40:03.064,bybit,ALGO/USDT:USDT,0.2697,54065.1,0.2698,45833.9,0.2697,96449664.2,25257444.2722
1753504803163,04:40:03.163,bybit,ALGO/USDT:USDT,0.2697,54065.1,0.2698,46683.5,0.2697,96449664.2,25257444.2722
1753504803564,04:40:03.564,bybit,ALGO/USDT:USDT,0.2697,54065.1,0.2698,57747.2,0.2697,96449664.2,25257444.2722
1753504803964,04:40:03.964,bybit,ALGO/USDT:USDT,0.2697,54065.1,0.2698,57771.7,0.2697,96449664.2,25257444.2722
1753504804064,04:40:04.064,bybit,ALGO/USDT:USDT,0.2697,54065.1,0.2698,57821.4,0.2697,96449664.2,25257444.2722
1753504804163,04:40:04.163,bybit,ALGO/USDT:USDT,0.2697,54065.1,0.2698,63496.8,0.2697,96449664.2,25257444.2722
1753504804363,04:40:04.363,bybit,ALGO/USDT:USDT,0.2697,54065.1,0.2698,63521.3,0.2697,96449664.2,25257444.2722
1753504804563,04:40:04.563,bybit,ALGO/USDT:USDT,0.2697,54065.1,0.2698,63496.8,0.2697,96449664.2,25257444.2722
1753504804964,04:40:04.964,bybit,ALGO/USDT:USDT,0.2697,54065.1,0.2698,63521.3,0.2697,96449664.2,25257444.2722
1753504805163,04:40:05.163,bybit,ALGO/USDT:USDT,0.2697,54065.1,0.2698,57747.2,0.2697,96449664.2,25257444.2722
1753504805264,04:40:05.264,bybit,ALGO/USDT:USDT,0.2697,54065.1,0.2698,45833.3,0.2697,96449664.2,25257444.2722
1753504805364,04:40:05.364,bybit,ALGO/USDT:USDT,0.2697,54065.1,0.2698,45833.9,0.2697,96449664.2,25257444.2722
1753504805564,04:40:05.564,bybit,ALGO/USDT:USDT,0.2697,54065.4,0.2698,46683.5,0.2697,96449664.2,25257444.2722
1753504806064,04:40:06.064,bybit,ALGO/USDT:USDT,0.2697,54065.4,0.2698,45833.9,0.2697,96449664.2,25257444.2722
1753504806164,04:40:06.164,bybit,ALGO/USDT:USDT,0.2697,54065.4,0.2698,46683.5,0.2697,96449664.2,25257444.2722
1753504806364,04:40:06.364,bybit,ALGO/USDT:USDT,0.2697,54065.4,0.2698,46757.7,0.2697,96449664.2,25257444.2722
1753504806564,04:40:06.564,bybit,ALGO/USDT:USDT,0.2697,54914.8,0.2698,22934.7,0.2697,96449664.2,25257444.2722
1753504806664,04:40:06.664,bybit,ALGO/USDT:USDT,0.2697,54914.8,0.2698,12186.3,0.2697,96449664.2,25257444.2722
1753504806764,04:40:06.764,bybit,ALGO/USDT:USDT,0.2697,54913.1,0.2698,12186.3,0.2697,96449664.2,25257444.2722
1753504807063,04:40:07.063,bybit,ALGO/USDT:USDT,0.2697,54913.1,0.2698,12204.9,0.2697,96449664.2,25257444.2722
1753504807164,04:40:07.164,bybit,ALGO/USDT:USDT,0.2697,54913.1,0.2698,12204.9,0.2697,96449664.2,25257444.2722
1753504807463,04:40:07.463,bybit,ALGO/USDT:USDT,0.2697,54913.1,0.2698,12204.9,0.2697,96449664.2,25257444.2722
1753504808763,04:40:08.763,bybit,ALGO/USDT:USDT,0.2697,54063.5,0.2698,12204.9,0.2697,96449664.2,25257444.2722
1753504809064,04:40:09.064,bybit,ALGO/USDT:USDT,0.2697,54913.1,0.2698,428.6,0.2697,96449664.2,25257444.2722
1753504809164,04:40:09.164,bybit,ALGO/USDT:USDT,0.2698,47700.5,0.2699,57466.8,0.2698,96450092.8,25257559.9085
1753504809264,04:40:09.264,bybit,ALGO/USDT:USDT,0.2698,47700.5,0.2699,49031.8,0.2698,96450092.8,25257559.9085
1753504809364,04:40:09.364,bybit,ALGO/USDT:USDT,0.2698,47700.5,0.2699,47371.8,0.2698,96450092.8,25257559.9085
1753504809664,04:40:09.664,bybit,ALGO/USDT:USDT,0.2698,47700.5,0.2699,47415.2,0.2698,96450092.8,25257559.9085
1753504809764,04:40:09.764,bybit,ALGO/USDT:USDT,0.2698,35826.3,0.2699,48265.4,0.2698,96450092.8,25257559.9085
1753504809864,04:40:09.864,bybit,ALGO/USDT:USDT,0.2698,35826.3,0.2699,49115.0,0.2698,96450092.8,25257559.9085
1753504810064,04:40:10.064,bybit,ALGO/USDT:USDT,0.2698,35826.3,0.2699,63115.0,0.2698,96450092.8,25257559.9085
1753504810164,04:40:10.164,bybit,ALGO/USDT:USDT,0.2698,35826.3,0.2699,63115.0,0.2698,96450092.8,25257559.9085
1753504810364,04:40:10.364,bybit,ALGO/USDT:USDT,0.2698,35826.3,0.2699,61415.2,0.2698,96450092.8,25257559.9085
1753504810464,04:40:10.464,bybit,ALGO/USDT:USDT,0.2698,35826.3,0.2699,43456.4,0.2698,96450092.8,25257559.9085
1753504810564,04:40:10.564,bybit,ALGO/USDT:USDT,0.2698,35826.3,0.2699,42067.4,0.2698,96450092.8,25257559.9085
1753504810664,04:40:10.664,bybit,ALGO/USDT:USDT,0.2698,35994.0,0.2699,42067.4,0.2698,96450092.8,25257559.9085
1753504810764,04:40:10.764,bybit,ALGO/USDT:USDT,0.2698,35994.0,0.2699,43767.2,0.2698,96450092.8,25257559.9085
1753504811064,04:40:11.064,bybit,ALGO/USDT:USDT,0.2698,35994.0,0.2699,42067.4,0.2698,96450092.8,25257559.9085
1753504811164,04:40:11.164,bybit,ALGO/USDT:USDT,0.2698,35994.0,0.2699,42917.6,0.2698,96450092.8,25257559.9085
1753504811264,04:40:11.264,bybit,ALGO/USDT:USDT,0.2698,35994.0,0.2699,43767.2,0.2698,96450092.8,25257559.9085
1753504811363,04:40:11.363,bybit,ALGO/USDT:USDT,0.2698,36043.0,0.2699,43767.2,0.2698,96450092.8,25257559.9085
1753504811564,04:40:11.564,bybit,ALGO/USDT:USDT,0.2698,36043.0,0.2699,42917.6,0.2698,96450092.8,25257559.9085
1753504811664,04:40:11.664,bybit,ALGO/USDT:USDT,0.2698,36043.0,0.2699,43767.2,0.2698,96450092.8,25257559.9085
1753504811763,04:40:11.763,bybit,ALGO/USDT:USDT,0.2698,36043.0,0.2699,42067.4,0.2698,96450092.8,25257559.9085
1753504811864,04:40:11.864,bybit,ALGO/USDT:USDT,0.2698,36043.0,0.2699,43767.2,0.2698,96450092.8,25257559.9085
1753504812064,04:40:12.064,bybit,ALGO/USDT:USDT,0.2698,36043.0,0.2699,45767.2,0.2698,96450092.8,25257559.9085
1753504812364,04:40:12.364,bybit,ALGO/USDT:USDT,0.2698,36043.0,0.2699,44067.4,0.2698,96450092.8,25257559.9085
1753504812564,04:40:12.564,bybit,ALGO/USDT:USDT,0.2698,36043.0,0.2699,45767.2,0.2698,96450092.8,25257559.9085
1753504812664,04:40:12.664,bybit,ALGO/USDT:USDT,0.2698,36043.0,0.2699,44917.6,0.2698,96450092.8,25257559.9085
1753504812964,04:40:12.964,bybit,ALGO/USDT:USDT,0.2698,36043.0,0.2699,44067.4,0.2698,96450092.8,25257559.9085
1753504813364,04:40:13.364,bybit,ALGO/USDT:USDT,0.2698,36043.0,0.2699,45767.2,0.2698,96450092.8,25257559.9085
1753504813664,04:40:13.664,bybit,ALGO/USDT:USDT,0.2698,36043.0,0.2699,29001.1,0.2698,96450092.8,25257559.9085
1753504813964,04:40:13.964,bybit,ALGO/USDT:USDT,0.2698,36043.0,0.2699,44001.1,0.2698,96450092.8,25257559.9085
1753504814064,04:40:14.064,bybit,ALGO/USDT:USDT,0.2698,36323.0,0.2699,43150.9,0.2698,96450092.8,25257559.9085
1753504814164,04:40:14.164,bybit,ALGO/USDT:USDT,0.2698,36323.0,0.2699,44001.1,0.2698,96450092.8,25257559.9085
1753504814264,04:40:14.264,bybit,ALGO/USDT:USDT,0.2698,36323.0,0.2699,42301.3,0.2698,96450092.8,25257559.9085
1753504814563,04:40:14.563,bybit,ALGO/USDT:USDT,0.2698,36323.0,0.2699,27301.3,0.2698,96450092.8,25257559.9085
1753504814763,04:40:14.763,bybit,ALGO/USDT:USDT,0.2698,36323.0,0.2699,27303.8,0.2698,96450092.8,25257559.9085
1753504814964,04:40:14.964,bybit,ALGO/USDT:USDT,0.2698,36323.0,0.2699,44154.0,0.2698,96450092.8,25257559.9085
1753504815163,04:40:15.163,bybit,ALGO/USDT:USDT,0.2698,36323.0,0.2699,43303.8,0.2698,96450092.8,25257559.9085
1753504815364,04:40:15.364,bybit,ALGO/USDT:USDT,0.2698,36323.0,0.2699,44154.0,0.2698,96450092.8,25257559.9085
1753504815763,04:40:15.763,bybit,ALGO/USDT:USDT,0.2698,37913.7,0.2699,9475.8,0.2698,96450092.8,25257559.9085
1753504815964,04:40:15.964,bybit,ALGO/USDT:USDT,0.2698,46172.6,0.2699,9475.8,0.2698,96450092.8,25257559.9085
1753504816264,04:40:16.264,bybit,ALGO/USDT:USDT,0.2698,36323.0,0.2699,9475.8,0.2698,96450092.8,25257559.9085
1753504816464,04:40:16.464,bybit,ALGO/USDT:USDT,0.2698,37172.6,0.2699,9475.8,0.2698,96450092.8,25257559.9085
1753504816564,04:40:16.564,bybit,ALGO/USDT:USDT,0.2698,37932.3,0.2699,155.1,0.2698,96450092.8,25257559.9085
1753504816763,04:40:16.763,bybit,ALGO/USDT:USDT,0.2698,37932.3,0.2699,5287.2,0.2698,96450092.8,25257559.9085
1753504816864,04:40:16.864,bybit,ALGO/USDT:USDT,0.2698,37082.7,0.2699,155.1,0.2698,96450092.8,25257559.9085
1753504816963,04:40:16.963,bybit,ALGO/USDT:USDT,0.2698,37082.7,0.2699,5155.1,0.2698,96450092.8,25257559.9085
1753504817064,04:40:17.064,bybit,ALGO/USDT:USDT,0.2698,37064.1,0.2699,5155.1,0.2698,96450092.8,25257559.9085
1753504817264,04:40:17.264,bybit,ALGO/USDT:USDT,0.2698,37933.0,0.2699,155.1,0.2698,96450092.8,25257559.9085
1753504817364,04:40:17.364,bybit,ALGO/USDT:USDT,0.2698,37083.4,0.2699,155.1,0.2698,96450092.8,25257559.9085
1753504817564,04:40:17.564,bybit,ALGO/USDT:USDT,0.2698,37153.7,0.2699,155.1,0.2698,96450092.8,25257559.9085
1753504817664,04:40:17.664,bybit,ALGO/USDT:USDT,0.2698,37723.3,0.2699,140.9,0.2698,96450092.8,25257559.9085
1753504817764,04:40:17.764,bybit,ALGO/USDT:USDT,0.2698,37723.3,0.2699,138.4,0.2698,96450092.8,25257559.9085
1753504817864,04:40:17.864,bybit,ALGO/USDT:USDT,0.2698,37723.3,0.2699,140.2,0.2698,96450092.8,25257559.9085
1753504817964,04:40:17.964,bybit,ALGO/USDT:USDT,0.2698,50723.3,0.2699,140.2,0.2698,96450092.8,25257559.9085
1753504818064,04:40:18.064,bybit,ALGO/USDT:USDT,0.2698,50799.0,0.2699,140.2,0.2698,96450092.8,25257559.9085
1753504818164,04:40:18.164,bybit,ALGO/USDT:USDT,0.2698,55017.4,0.2699,140.2,0.2698,96450092.8,25257559.9085
1753504818264,04:40:18.264,bybit,ALGO/USDT:USDT,0.2698,54167.8,0.2699,140.2,0.2698,96450092.8,25257559.9085
1753504818564,04:40:18.564,bybit,ALGO/USDT:USDT,0.2698,41167.8,0.2699,140.2,0.2698,96450092.8,25257559.9085
1753504818964,04:40:18.964,bybit,ALGO/USDT:USDT,0.2698,48167.8,0.2699,140.2,0.2698,96450092.8,25257559.9085
1753504819064,04:40:19.064,bybit,ALGO/USDT:USDT,0.2698,41073.5,0.2699,140.2,0.2698,96450092.8,25257559.9085
1753504819264,04:40:19.264,bybit,ALGO/USDT:USDT,0.2698,41092.1,0.2699,140.2,0.2698,96450092.8,25257559.9085
1753504819364,04:40:19.364,bybit,ALGO/USDT:USDT,0.2698,41941.7,0.2699,140.2,0.2698,96450092.8,25257559.9085
1753504819464,04:40:19.464,bybit,ALGO/USDT:USDT,0.2698,41092.1,0.2699,140.2,0.2698,96450092.8,25257559.9085
1753504819764,04:40:19.764,bybit,ALGO/USDT:USDT,0.2698,41941.7,0.2699,140.2,0.2698,96450092.8,25257559.9085
1753504819863,04:40:19.863,bybit,ALGO/USDT:USDT,0.2698,41941.6,0.2699,140.2,0.2698,96450092.8,25257559.9085
1753504819964,04:40:19.964,bybit,ALGO/USDT:USDT,0.2698,41092.0,0.2699,12505.4,0.2698,96450092.8,25257559.9085
1753504820064,04:40:20.064,bybit,ALGO/USDT:USDT,0.2698,36855.0,0.2699,12505.4,0.2698,96450092.8,25257559.9085
1753504820164,04:40:20.164,bybit,ALGO/USDT:USDT,0.2698,36855.0,0.2699,140.2,0.2698,96450092.8,25257559.9085
1753504820664,04:40:20.664,bybit,ALGO/USDT:USDT,0.2698,37704.6,0.2699,140.2,0.2698,96450092.8,25257559.9085
1753504820763,04:40:20.763,bybit,ALGO/USDT:USDT,0.2698,36855.0,0.2699,140.2,0.2698,96450092.8,25257559.9085
1753504820964,04:40:20.964,bybit,ALGO/USDT:USDT,0.2698,37135.0,0.2699,140.2,0.2698,96450092.8,25257559.9085
1753504821164,04:40:21.164,bybit,ALGO/USDT:USDT,0.2698,37984.6,0.2699,142.3,0.2698,96450092.8,25257559.9085
1753504821264,04:40:21.264,bybit,ALGO/USDT:USDT,0.2698,37984.6,0.2699,142.3,0.2698,96450092.8,25257559.9085
1753504821463,04:40:21.463,bybit,ALGO/USDT:USDT,0.2698,37135.0,0.2699,142.3,0.2698,96450092.8,25257559.9085
1753504821764,04:40:21.764,bybit,ALGO/USDT:USDT,0.2698,37135.0,0.2699,5274.4,0.2698,96450092.8,25257559.9085
1753504821864,04:40:21.864,bybit,ALGO/USDT:USDT,0.2698,37135.0,0.2699,17639.6,0.2698,96450092.8,25257559.9085
1753504821964,04:40:21.964,bybit,ALGO/USDT:USDT,0.2698,37135.0,0.2699,24489.8,0.2698,96450092.8,25257559.9085
1753504822064,04:40:22.064,bybit,ALGO/USDT:USDT,0.2698,37135.0,0.2699,23639.6,0.2698,96450092.8,25257559.9085
1753504822164,04:40:22.164,bybit,ALGO/USDT:USDT,0.2698,37135.0,0.2699,17639.6,0.2698,96450092.8,25257559.9085
1753504822864,04:40:22.864,bybit,ALGO/USDT:USDT,0.2698,43135.0,0.2699,17639.6,0.2698,96450092.8,25257559.9085
1753504823564,04:40:23.564,bybit,ALGO/USDT:USDT,0.2698,37135.0,0.2699,17639.6,0.2698,96450092.8,25257559.9085
1753504823664,04:40:23.664,bybit,ALGO/USDT:USDT,0.2698,34038.5,0.2699,28816.4,0.2698,96450092.8,25257559.9085
1753504823863,04:40:23.863,bybit,ALGO/USDT:USDT,0.2698,34038.5,0.2699,43816.4,0.2698,96450092.8,25257559.9085
1753504824064,04:40:24.064,bybit,ALGO/USDT:USDT,0.2698,34043.6,0.2699,43816.4,0.2698,96450092.8,25257559.9085
1753504825964,04:40:25.964,bybit,ALGO/USDT:USDT,0.2698,14628.5,0.2699,52268.8,0.2698,96450092.8,25257559.9085
1753504826763,04:40:26.763,bybit,ALGO/USDT:USDT,0.2698,14589.7,0.2699,52239.6,0.2698,96450092.8,25257559.9085
1753504826864,04:40:26.864,bybit,ALGO/USDT:USDT,0.2698,14589.7,0.2699,52253.4,0.2698,96450092.8,25257559.9085
1753504826963,04:40:26.963,bybit,ALGO/USDT:USDT,0.2698,14589.7,0.2699,53735.6,0.2698,96450092.8,25257559.9085
1753504827064,04:40:27.064,bybit,ALGO/USDT:USDT,0.2698,14589.7,0.2699,53094.7,0.2698,96450092.8,25257559.9085
1753504827564,04:40:27.564,bybit,ALGO/USDT:USDT,0.2698,14587.3,0.2699,53094.7,0.2698,96450092.8,25257559.9085
1753504828863,04:40:28.863,bybit,ALGO/USDT:USDT,0.2698,14587.9,0.2699,53094.7,0.2698,96450092.8,25257559.9085
1753504829064,04:40:29.064,bybit,ALGO/USDT:USDT,0.2698,14587.9,0.2699,50015.4,0.2698,96450092.8,25257559.9085
1753504829164,04:40:29.164,bybit,ALGO/USDT:USDT,0.2698,14701.8,0.2699,50001.6,0.2698,96450092.8,25257559.9085
1753504829664,04:40:29.664,bybit,ALGO/USDT:USDT,0.2698,21749.6,0.2699,24733.5,0.2698,96450092.8,25257559.9085
1753504829864,04:40:29.864,bybit,ALGO/USDT:USDT,0.2698,34114.8,0.2699,33583.1,0.2698,96450092.8,25257559.9085
1753504829964,04:40:29.964,bybit,ALGO/USDT:USDT,0.2698,34114.8,0.2699,34507.5,0.2698,96450092.8,25257559.9085
1753504830063,04:40:30.063,bybit,ALGO/USDT:USDT,0.2698,34114.8,0.2699,34357.6,0.2698,96450092.8,25257559.9085
1753504830164,04:40:30.164,bybit,ALGO/USDT:USDT,0.2698,34114.8,0.2699,33507.4,0.2698,96450092.8,25257559.9085
1753504830264,04:40:30.264,bybit,ALGO/USDT:USDT,0.2698,34114.8,0.2699,32657.8,0.2698,96450092.8,25257559.9085
1753504830464,04:40:30.464,bybit,ALGO/USDT:USDT,0.2698,34114.8,0.2699,33507.4,0.2698,96450092.8,25257559.9085
1753504830764,04:40:30.764,bybit,ALGO/USDT:USDT,0.2698,34109.9,0.2699,24657.8,0.2698,96450092.8,25257559.9085
1753504831464,04:40:31.464,bybit,ALGO/USDT:USDT,0.2698,34107.1,0.2699,24657.8,0.2698,96450092.8,25257559.9085
1753504831663,04:40:31.663,bybit,ALGO/USDT:USDT,0.2698,34107.1,0.2699,26431.8,0.2698,96450092.8,25257559.9085
1753504831763,04:40:31.763,bybit,ALGO/USDT:USDT,0.2698,34107.1,0.2699,35431.8,0.2698,96450092.8,25257559.9085
1753504831863,04:40:31.863,bybit,ALGO/USDT:USDT,0.2698,34107.1,0.2699,25582.2,0.2698,96450092.8,25257559.9085
1753504832064,04:40:32.064,bybit,ALGO/USDT:USDT,0.2698,34107.1,0.2699,26357.6,0.2698,96450092.8,25257559.9085
1753504832164,04:40:32.164,bybit,ALGO/USDT:USDT,0.2698,34107.1,0.2699,25507.4,0.2698,96450092.8,25257559.9085
1753504832263,04:40:32.263,bybit,ALGO/USDT:USDT,0.2698,34107.0,0.2699,26431.8,0.2698,96450092.8,25257559.9085
1753504832363,04:40:32.363,bybit,ALGO/USDT:USDT,0.2698,21741.8,0.2699,27231.8,0.2698,96450092.8,25257559.9085
1753504832464,04:40:32.464,bybit,ALGO/USDT:USDT,0.2698,34107.0,0.2699,25581.6,0.2698,96450092.8,25257559.9085
1753504832563,04:40:32.563,bybit,ALGO/USDT:USDT,0.2698,34107.0,0.2699,24657.8,0.2698,96450092.8,25257559.9085
1753504832663,04:40:32.663,bybit,ALGO/USDT:USDT,0.2698,34107.0,0.2699,25507.4,0.2698,96450092.8,25257559.9085
1753504832764,04:40:32.764,bybit,ALGO/USDT:USDT,0.2698,34107.0,0.2699,31507.4,0.2698,96450092.8,25257559.9085
1753504832864,04:40:32.864,bybit,ALGO/USDT:USDT,0.2698,35014.7,0.2699,19526.1,0.2698,96450092.8,25257559.9085
1753504832964,04:40:32.964,bybit,ALGO/USDT:USDT,0.2698,35014.7,0.2699,19526.1,0.2698,96450092.8,25257559.9085
1753504833264,04:40:33.264,bybit,ALGO/USDT:USDT,0.2698,35014.7,0.2699,19526.1,0.2698,96450092.8,25257559.9085
1753504833364,04:40:33.364,bybit,ALGO/USDT:USDT,0.2698,34165.1,0.2699,19526.1,0.2698,96450092.8,25257559.9085
1753504833764,04:40:33.764,bybit,ALGO/USDT:USDT,0.2698,34165.1,0.2699,36376.3,0.2698,96450092.8,25257559.9085
1753504834064,04:40:34.064,bybit,ALGO/USDT:USDT,0.2698,34165.1,0.2699,23526.1,0.2698,96450092.8,25257559.9085
1753504834164,04:40:34.164,bybit,ALGO/USDT:USDT,0.2698,34165.1,0.2699,19526.1,0.2698,96365871.3,25235912.6364
1753504834464,04:40:34.464,bybit,ALGO/USDT:USDT,0.2698,34165.1,0.2699,19526.1,0.2698,96365871.3,25235912.6364
1753504834563,04:40:34.563,bybit,ALGO/USDT:USDT,0.2698,34164.8,0.2699,19526.1,0.2698,96365871.3,25235912.6364
1753504835164,04:40:35.164,bybit,ALGO/USDT:USDT,0.2698,34109.3,0.2699,19526.1,0.2698,96365871.3,25235912.6364
1753504835563,04:40:35.563,bybit,ALGO/USDT:USDT,0.2698,34958.9,0.2699,19526.1,0.2698,96365871.3,25235912.6364
1753504835764,04:40:35.764,bybit,ALGO/USDT:USDT,0.2698,40958.9,0.2699,19526.1,0.2698,96365871.3,25235912.6364
1753504835864,04:40:35.864,bybit,ALGO/USDT:USDT,0.2698,40109.3,0.2699,19526.1,0.2698,96365871.3,25235912.6364
1753504836264,04:40:36.264,bybit,ALGO/USDT:USDT,0.2698,34109.3,0.2699,19526.1,0.2698,96365871.3,25235912.6364
1753504836364,04:40:36.364,bybit,ALGO/USDT:USDT,0.2698,34109.3,0.2699,21300.1,0.2698,96365871.3,25235912.6364
1753504836463,04:40:36.463,bybit,ALGO/USDT:USDT,0.2698,34109.3,0.2699,20450.5,0.2698,96365871.3,25235912.6364
1753504836563,04:40:36.563,bybit,ALGO/USDT:USDT,0.2698,34109.3,0.2699,21300.1,0.2698,96365871.3,25235912.6364
1753504836664,04:40:36.664,bybit,ALGO/USDT:USDT,0.2698,34109.3,0.2699,19600.3,0.2698,96365871.3,25235912.6364
1753504836864,04:40:36.864,bybit,ALGO/USDT:USDT,0.2698,34249.3,0.2699,19526.1,0.2698,96365871.3,25235912.6364
1753504837564,04:40:37.564,bybit,ALGO/USDT:USDT,0.2698,34249.3,0.2699,21225.9,0.2698,96365871.3,25235912.6364
1753504837764,04:40:37.764,bybit,ALGO/USDT:USDT,0.2698,22916.9,0.2699,37300.1,0.2698,96365871.3,25235912.6364
1753504837864,04:40:37.864,bybit,ALGO/USDT:USDT,0.2698,22776.9,0.2699,37300.1,0.2698,96365871.3,25235912.6364
1753504837964,04:40:37.964,bybit,ALGO/USDT:USDT,0.2698,21744.1,0.2699,47248.5,0.2698,96365871.3,25235912.6364
1753504838463,04:40:38.463,bybit,ALGO/USDT:USDT,0.2698,7111.9,0.2699,51880.5,0.2698,96365871.3,25235912.6364
1753504838564,04:40:38.564,bybit,ALGO/USDT:USDT,0.2698,14959.7,0.2699,52760.9,0.2698,96365871.3,25235912.6364
1753504838663,04:40:38.663,bybit,ALGO/USDT:USDT,0.2698,14959.7,0.2699,52736.4,0.2698,96365871.3,25235912.6364
1753504838764,04:40:38.764,bybit,ALGO/USDT:USDT,0.2698,14959.7,0.2699,52760.9,0.2698,96365871.3,25235912.6364
1753504839064,04:40:39.064,bybit,ALGO/USDT:USDT,0.2698,14959.7,0.2699,52836.6,0.2698,96365871.3,25235912.6364
1753504839263,04:40:39.263,bybit,ALGO/USDT:USDT,0.2698,360.5,0.2699,57283.3,0.2698,96365871.3,25235912.6364
1753504839363,04:40:39.363,bybit,ALGO/USDT:USDT,0.2698,360.5,0.2699,54318.8,0.2698,96365871.3,25235912.6364
1753504839564,04:40:39.564,bybit,ALGO/USDT:USDT,0.2698,2048.3,0.2699,53577.7,0.2698,96365871.3,25235912.6364
1753504840664,04:40:40.664,bybit,ALGO/USDT:USDT,0.2698,2048.3,0.2699,52653.9,0.2698,96365871.3,25235912.6364
1753504840764,04:40:40.764,bybit,ALGO/USDT:USDT,0.2698,2048.3,0.2699,52728.1,0.2698,96365871.3,25235912.6364
1753504841064,04:40:41.064,bybit,ALGO/USDT:USDT,0.2698,2048.3,0.2699,50422.7,0.2698,96365871.3,25235912.6364
1753504841164,04:40:41.164,bybit,ALGO/USDT:USDT,0.2698,2048.3,0.2699,49498.9,0.2698,96365871.3,25235912.6364
1753504841264,04:40:41.264,bybit,ALGO/USDT:USDT,0.2698,2048.3,0.2699,49573.1,0.2698,96365871.3,25235912.6364
1753504841363,04:40:41.363,bybit,ALGO/USDT:USDT,0.2698,2048.3,0.2699,50422.7,0.2698,96365871.3,25235912.6364
1753504841464,04:40:41.464,bybit,ALGO/USDT:USDT,0.2698,1937.6,0.2699,50422.7,0.2698,96365871.3,25235912.6364
1753504841564,04:40:41.564,bybit,ALGO/USDT:USDT,0.2698,2049.3,0.2699,50422.7,0.2698,96365871.3,25235912.6364
1753504841964,04:40:41.964,bybit,ALGO/USDT:USDT,0.2698,2049.3,0.2699,59060.4,0.2698,96365871.3,25235912.6364
1753504842064,04:40:42.064,bybit,ALGO/USDT:USDT,0.2698,2049.3,0.2699,59136.1,0.2698,96365871.3,25235912.6364
1753504842164,04:40:42.164,bybit,ALGO/USDT:USDT,0.2698,2049.3,0.2699,55801.0,0.2698,96365871.3,25235912.6364
1753504842464,04:40:42.464,bybit,ALGO/USDT:USDT,0.2698,2049.3,0.2699,56171.5,0.2698,96365871.3,25235912.6364
1753504842664,04:40:42.664,bybit,ALGO/USDT:USDT,0.2698,2048.9,0.2699,56171.5,0.2698,96365871.3,25235912.6364
1753504842764,04:40:42.764,bybit,ALGO/USDT:USDT,0.2698,2048.9,0.2699,61359.3,0.2698,96365871.3,25235912.6364
1753504842863,04:40:42.863,bybit,ALGO/USDT:USDT,0.2697,46541.3,0.2698,63971.9,0.2698,96367920.2,25236465.4297
1753504842963,04:40:42.963,bybit,ALGO/USDT:USDT,0.2697,46541.3,0.2698,63601.2,0.2698,96367920.2,25236465.4297
1753504843064,04:40:43.064,bybit,ALGO/USDT:USDT,0.2697,28363.2,0.2698,63601.2,0.2698,96367920.2,25236465.4297
1753504843163,04:40:43.163,bybit,ALGO/USDT:USDT,0.2697,37735.3,0.2698,36598.2,0.2698,96367920.2,25236465.4297
1753504843264,04:40:43.264,bybit,ALGO/USDT:USDT,0.2697,36993.9,0.2698,24819.9,0.2698,96367920.2,25236465.4297
1753504843364,04:40:43.364,bybit,ALGO/USDT:USDT,0.2698,39306.1,0.2699,61296.8,0.2698,96378862.4,25239417.6352
1753504843463,04:40:43.463,bybit,ALGO/USDT:USDT,0.2698,39306.1,0.2699,60698.3,0.2698,96378862.4,25239417.6352
1753504843763,04:40:43.763,bybit,ALGO/USDT:USDT,0.2698,39306.1,0.2699,59030.8,0.2698,96378862.4,25239417.6352
1753504843864,04:40:43.864,bybit,ALGO/USDT:USDT,0.2698,39306.1,0.2699,57331.0,0.2698,96378862.4,25239417.6352
1753504844063,04:40:44.063,bybit,ALGO/USDT:USDT,0.2698,39306.1,0.2699,39789.9,0.2698,96378862.4,25239417.6352
1753504844264,04:40:44.264,bybit,ALGO/USDT:USDT,0.2698,39306.1,0.2699,47603.9,0.2698,96378862.4,25239417.6352
1753504844664,04:40:44.664,bybit,ALGO/USDT:USDT,0.2698,39306.1,0.2699,53678.1,0.2698,96378862.4,25239417.6352
1753504844764,04:40:44.764,bybit,ALGO/USDT:USDT,0.2698,27431.9,0.2699,53678.1,0.2698,96378862.4,25239417.6352
1753504844864,04:40:44.864,bybit,ALGO/USDT:USDT,0.2698,27446.7,0.2699,53678.1,0.2698,96378862.4,25239417.6352
1753504845163,04:40:45.163,bybit,ALGO/USDT:USDT,0.2698,15081.5,0.2699,53678.1,0.2698,96378862.4,25239417.6352
1753504845464,04:40:45.464,bybit,ALGO/USDT:USDT,0.2698,15081.5,0.2699,53686.6,0.2698,96378862.4,25239417.6352
1753504845664,04:40:45.664,bybit,ALGO/USDT:USDT,0.2698,15081.5,0.2699,63686.6,0.2698,96378862.4,25239417.6352
1753504846064,04:40:46.064,bybit,ALGO/USDT:USDT,0.2698,15081.5,0.2699,53686.6,0.2698,96378862.4,25239417.6352
1753504846264,04:40:46.264,bybit,ALGO/USDT:USDT,0.2698,15093.7,0.2699,53686.6,0.2698,96378862.4,25239417.6352
1753504846363,04:40:46.363,bybit,ALGO/USDT:USDT,0.2698,15103.8,0.2699,53686.6,0.2698,96378862.4,25239417.6352
1753504846664,04:40:46.664,bybit,ALGO/USDT:USDT,0.2698,15103.8,0.2699,57762.8,0.2698,96378862.4,25239417.6352
1753504846763,04:40:46.763,bybit,ALGO/USDT:USDT,0.2698,9309.3,0.2699,58686.6,0.2698,96378862.4,25239417.6352
1753504847163,04:40:47.163,bybit,ALGO/USDT:USDT,0.2698,9309.3,0.2699,58711.1,0.2698,96378862.4,25239417.6352
1753504847264,04:40:47.264,bybit,ALGO/USDT:USDT,0.2698,9309.3,0.2699,58686.6,0.2698,96378862.4,25239417.6352
1753504847664,04:40:47.664,bybit,ALGO/USDT:USDT,0.2698,9309.3,0.2699,63711.1,0.2698,96378862.4,25239417.6352
1753504848564,04:40:48.564,bybit,ALGO/USDT:USDT,0.2698,9308.9,0.2699,63711.1,0.2698,96378862.4,25239417.6352
1753504848764,04:40:48.764,bybit,ALGO/USDT:USDT,0.2698,9308.9,0.2699,63686.6,0.2698,96378862.4,25239417.6352
1753504848864,04:40:48.864,bybit,ALGO/USDT:USDT,0.2698,9308.9,0.2699,63711.1,0.2698,96378862.4,25239417.6352
1753504850964,04:40:50.964,bybit,ALGO/USDT:USDT,0.2698,9308.9,0.2699,62861.5,0.2698,96378862.4,25239417.6352
1753504851064,04:40:51.064,bybit,ALGO/USDT:USDT,0.2698,9308.9,0.2699,63711.1,0.2698,96378862.4,25239417.6352
1753504851663,04:40:51.663,bybit,ALGO/USDT:USDT,0.2697,11077.1,0.2698,51883.8,0.2698,96378899.1,25239427.5369
1753504851763,04:40:51.763,bybit,ALGO/USDT:USDT,0.2697,13804.2,0.2698,51883.8,0.2698,96378899.1,25239427.5369
1753504851863,04:40:51.863,bybit,ALGO/USDT:USDT,0.2697,15432.7,0.2698,38749.3,0.2698,96378899.1,25239427.5369
1753504851964,04:40:51.964,bybit,ALGO/USDT:USDT,0.2697,28416.4,0.2698,32695.3,0.2698,96378899.1,25239427.5369
1753504852064,04:40:52.064,bybit,ALGO/USDT:USDT,0.2697,28416.4,0.2698,28988.3,0.2698,96378899.1,25239427.5369
1753504852164,04:40:52.164,bybit,ALGO/USDT:USDT,0.2697,28416.4,0.2698,28988.3,0.2698,96378899.1,25239427.5369
1753504852264,04:40:52.264,bybit,ALGO/USDT:USDT,0.2697,28416.4,0.2698,29838.5,0.2698,96378899.1,25239427.5369
1753504852563,04:40:52.563,bybit,ALGO/USDT:USDT,0.2697,28416.4,0.2698,34212.0,0.2698,96378899.1,25239427.5369
1753504852664,04:40:52.664,bybit,ALGO/USDT:USDT,0.2697,36951.4,0.2698,27212.0,0.2698,96378899.1,25239427.5369
1753504852863,04:40:52.863,bybit,ALGO/USDT:USDT,0.2697,37801.0,0.2698,27212.0,0.2698,96378899.1,25239427.5369
1753504853363,04:40:53.363,bybit,ALGO/USDT:USDT,0.2697,41698.2,0.2698,851.7,0.2698,96378899.1,25239427.5369
1753504853564,04:40:53.564,bybit,ALGO/USDT:USDT,0.2697,41624.0,0.2698,8133.3,0.2698,96378899.1,25239427.5369
1753504853763,04:40:53.763,bybit,ALGO/USDT:USDT,0.2697,41624.0,0.2698,851.7,0.2698,96378899.1,25239427.5369
1753504853863,04:40:53.863,bybit,ALGO/USDT:USDT,0.2697,38542.4,0.2698,851.7,0.2698,96378899.1,25239427.5369
1753504853964,04:40:53.964,bybit,ALGO/USDT:USDT,0.2697,38356.4,0.2698,851.7,0.2697,96379085.1,25239477.7011
1753504854263,04:40:54.263,bybit,ALGO/USDT:USDT,0.2697,36765.4,0.2698,23380.8,0.2697,96379085.1,25239477.7011
1753504854363,04:40:54.363,bybit,ALGO/USDT:USDT,0.2697,37689.2,0.2698,851.7,0.2697,96379085.1,25239477.7011
1753504854464,04:40:54.464,bybit,ALGO/USDT:USDT,0.2697,38430.6,0.2698,851.7,0.2697,96379085.1,25239477.7011
1753504854563,04:40:54.563,bybit,ALGO/USDT:USDT,0.2697,54356.4,0.2698,851.7,0.2697,96379085.1,25239477.7011
1753504854764,04:40:54.764,bybit,ALGO/USDT:USDT,0.2697,42356.4,0.2698,851.7,0.2697,96379085.1,25239477.7011
1753504854963,04:40:54.963,bybit,ALGO/USDT:USDT,0.2697,42430.6,0.2698,851.7,0.2697,96379085.1,25239477.7011
1753504855064,04:40:55.064,bybit,ALGO/USDT:USDT,0.2697,42356.4,0.2698,851.7,0.2697,96379085.1,25239477.7011
1753504855264,04:40:55.264,bybit,ALGO/USDT:USDT,0.2697,42356.4,0.2698,3005.8,0.2697,96379085.1,25239477.7011
1753504855464,04:40:55.464,bybit,ALGO/USDT:USDT,0.2697,42347.9,0.2698,3005.8,0.2697,96379085.1,25239477.7011
1753504855564,04:40:55.564,bybit,ALGO/USDT:USDT,0.2697,48347.9,0.2698,851.7,0.2697,96379085.1,25239477.7011
1753504855863,04:40:55.863,bybit,ALGO/USDT:USDT,0.2697,48355.7,0.2698,851.7,0.2697,96379085.1,25239477.7011
1753504856663,04:40:56.663,bybit,ALGO/USDT:USDT,0.2697,38355.7,0.2698,10225.2,0.2697,96379085.1,25239477.7011
1753504856763,04:40:56.763,bybit,ALGO/USDT:USDT,0.2697,36764.7,0.2698,23208.9,0.2697,96379085.1,25239477.7011
1753504857664,04:40:57.664,bybit,ALGO/USDT:USDT,0.2697,39282.6,0.2698,23208.9,0.2697,96379085.1,25239477.7011
1753504857764,04:40:57.764,bybit,ALGO/USDT:USDT,0.2697,38433.0,0.2698,23208.9,0.2697,96379085.1,25239477.7011
1753504857964,04:40:57.964,bybit,ALGO/USDT:USDT,0.2697,39282.6,0.2698,23208.9,0.2697,96379085.1,25239477.7011
1753504858164,04:40:58.164,bybit,ALGO/USDT:USDT,0.2697,38433.0,0.2698,23208.9,0.2697,96379085.1,25239477.7011
1753504859164,04:40:59.164,bybit,ALGO/USDT:USDT,0.2697,39282.6,0.2698,23208.9,0.2697,96379085.1,25239477.7011
1753504859564,04:40:59.564,bybit,ALGO/USDT:USDT,0.2697,38433.0,0.2698,23208.9,0.2697,96379085.1,25239477.7011
1753504860263,04:41:00.263,bybit,ALGO/USDT:USDT,0.2697,39282.6,0.2698,23208.9,0.2697,96379085.1,25239477.7011
1753504861063,04:41:01.063,bybit,ALGO/USDT:USDT,0.2697,26796.8,0.2698,24059.1,0.2697,96379085.1,25239477.7011
1753504861164,04:41:01.164,bybit,ALGO/USDT:USDT,0.2697,29429.7,0.2698,34292.6,0.2697,96379085.1,25239477.7011
1753504861264,04:41:01.264,bybit,ALGO/USDT:USDT,0.2697,28763.5,0.2698,34292.6,0.2697,96379085.1,25239477.7011
1753504861364,04:41:01.364,bybit,ALGO/USDT:USDT,0.2697,29613.1,0.2698,34292.6,0.2697,96379085.1,25239477.7011
1753504861464,04:41:01.464,bybit,ALGO/USDT:USDT,0.2697,31243.1,0.2698,43292.6,0.2697,96379085.1,25239477.7011
1753504861564,04:41:01.564,bybit,ALGO/USDT:USDT,0.2697,32092.7,0.2698,43292.6,0.2697,96379085.1,25239477.7011
1753504861763,04:41:01.763,bybit,ALGO/USDT:USDT,0.2697,31243.1,0.2698,43292.6,0.2697,96379085.1,25239477.7011
1753504863564,04:41:03.564,bybit,ALGO/USDT:USDT,0.2697,28763.5,0.2698,34292.6,0.2697,96379085.1,25239477.7011
1753504863664,04:41:03.664,bybit,ALGO/USDT:USDT,0.2697,28763.5,0.2698,34317.5,0.2697,96379085.1,25239477.7011
1753504863764,04:41:03.764,bybit,ALGO/USDT:USDT,0.2697,26796.8,0.2698,23233.8,0.2697,96379085.1,25239477.7011
1753504863963,04:41:03.963,bybit,ALGO/USDT:USDT,0.2697,27646.4,0.2698,23233.8,0.2697,96379085.1,25239477.7011
1753504864063,04:41:04.063,bybit,ALGO/USDT:USDT,0.2697,28387.8,0.2698,20300.9,0.2697,96379085.1,25239477.7011
1753504864163,04:41:04.163,bybit,ALGO/USDT:USDT,0.2697,30747.6,0.2698,35.6,0.2697,96379085.1,25239477.7011
1753504864263,04:41:04.263,bybit,ALGO/USDT:USDT,0.2697,30747.6,0.2698,13879.9,0.2697,96379085.1,25239477.7011
1753504864363,04:41:04.363,bybit,ALGO/USDT:USDT,0.2697,28387.8,0.2698,13879.9,0.2697,96379085.1,25239477.7011
1753504864463,04:41:04.463,bybit,ALGO/USDT:USDT,0.2697,44462.0,0.2698,896.2,0.2697,96379085.1,25239477.7011
1753504864664,04:41:04.664,bybit,ALGO/USDT:USDT,0.2697,44387.8,0.2698,896.2,0.2697,96379085.1,25239477.7011
1753504864764,04:41:04.764,bybit,ALGO/USDT:USDT,0.2697,44462.0,0.2698,896.2,0.2697,96379085.1,25239477.7011
1753504864864,04:41:04.864,bybit,ALGO/USDT:USDT,0.2697,44461.8,0.2698,896.2,0.2697,96379085.1,25239477.7011
1753504864963,04:41:04.963,bybit,ALGO/USDT:USDT,0.2697,44387.6,0.2698,896.2,0.2697,96379085.1,25239477.7011
1753504865464,04:41:05.464,bybit,ALGO/USDT:USDT,0.2698,55438.4,0.2699,69664.3,0.2698,96379981.3,25239719.4958
1753504865563,04:41:05.563,bybit,ALGO/USDT:USDT,0.2698,55438.4,0.2699,64003.8,0.2698,96379981.3,25239719.4958
1753504865864,04:41:05.864,bybit,ALGO/USDT:USDT,0.2698,55438.4,0.2699,54891.3,0.2698,96379981.3,25239719.4958
1753504865963,04:41:05.963,bybit,ALGO/USDT:USDT,0.2698,56288.0,0.2699,54891.3,0.2698,96379981.3,25239719.4958
1753504866364,04:41:06.364,bybit,ALGO/USDT:USDT,0.2698,56288.0,0.2699,54892.3,0.2698,96379981.3,25239719.4958
1753504866464,04:41:06.464,bybit,ALGO/USDT:USDT,0.2698,56909.1,0.2699,54892.3,0.2698,96379981.3,25239719.4958
1753504866564,04:41:06.564,bybit,ALGO/USDT:USDT,0.2698,45034.9,0.2699,54892.3,0.2698,96379981.3,25239719.4958
1753504866763,04:41:06.763,bybit,ALGO/USDT:USDT,0.2698,44185.3,0.2699,54892.3,0.2698,96379981.3,25239719.4958
1753504866864,04:41:06.864,bybit,ALGO/USDT:USDT,0.2698,44192.7,0.2699,48301.5,0.2698,96379981.3,25239719.4958
1753504867264,04:41:07.264,bybit,ALGO/USDT:USDT,0.2698,44192.7,0.2699,33826.6,0.2698,96379981.3,25239719.4958
1753504868063,04:41:08.063,bybit,ALGO/USDT:USDT,0.2698,44192.7,0.2699,34626.6,0.2698,96379981.3,25239719.4958
1753504868564,04:41:08.564,bybit,ALGO/USDT:USDT,0.2698,44192.7,0.2699,34630.6,0.2698,96379981.3,25239719.4958
1753504869264,04:41:09.264,bybit,ALGO/USDT:USDT,0.2698,44192.7,0.2699,35480.8,0.2698,96379981.3,25239719.4958
1753504869364,04:41:09.364,bybit,ALGO/USDT:USDT,0.2698,44192.7,0.2699,34630.6,0.2698,96379981.3,25239719.4958
1753504869864,04:41:09.864,bybit,ALGO/USDT:USDT,0.2698,44192.7,0.2699,35480.8,0.2698,96379981.3,25239719.4958
1753504869963,04:41:09.963,bybit,ALGO/USDT:USDT,0.2698,44192.7,0.2699,34630.6,0.2698,96379981.3,25239719.4958
1753504870364,04:41:10.364,bybit,ALGO/USDT:USDT,0.2698,44192.7,0.2699,36330.4,0.2698,96379981.3,25239719.4958
1753504870563,04:41:10.563,bybit,ALGO/USDT:USDT,0.2698,44192.7,0.2699,47459.2,0.2698,96379981.3,25239719.4958
1753504870664,04:41:10.664,bybit,ALGO/USDT:USDT,0.2698,44192.7,0.2699,45685.2,0.2698,96379981.3,25239719.4958
1753504870863,04:41:10.863,bybit,ALGO/USDT:USDT,0.2698,44192.7,0.2699,34630.6,0.2698,96379981.3,25239719.4958
1753504871364,04:41:11.364,bybit,ALGO/USDT:USDT,0.2698,49192.7,0.2699,34630.6,0.2698,96379981.3,25239719.4958
1753504871563,04:41:11.563,bybit,ALGO/USDT:USDT,0.2698,49192.2,0.2699,34630.6,0.2698,96379981.3,25239719.4958
1753504871663,04:41:11.663,bybit,ALGO/USDT:USDT,0.2698,44192.2,0.2699,34630.6,0.2698,96379981.3,25239719.4958
1753504871963,04:41:11.963,bybit,ALGO/USDT:USDT,0.2698,44189.4,0.2699,34644.1,0.2698,96379981.3,25239719.4958
1753504873164,04:41:13.164,bybit,ALGO/USDT:USDT,0.2698,44189.4,0.2699,34644.1,0.2698,96379981.3,25239719.4958
1753504873363,04:41:13.363,bybit,ALGO/USDT:USDT,0.2698,52039.0,0.2699,34644.1,0.2698,96379981.3,25239719.4958
1753504873464,04:41:13.464,bybit,ALGO/USDT:USDT,0.2698,44189.4,0.2699,34649.7,0.2698,96379981.3,25239719.4958
1753504873564,04:41:13.564,bybit,ALGO/USDT:USDT,0.2698,44189.4,0.2699,35499.9,0.2698,96379981.3,25239719.4958
1753504873664,04:41:13.664,bybit,ALGO/USDT:USDT,0.2698,44189.4,0.2699,34649.7,0.2698,96379981.3,25239719.4958
1753504873764,04:41:13.764,bybit,ALGO/USDT:USDT,0.2698,44189.4,0.2699,36349.5,0.2698,96379981.3,25239719.4958
1753504873864,04:41:13.864,bybit,ALGO/USDT:USDT,0.2698,44189.4,0.2699,34649.7,0.2698,96379981.3,25239719.4958
1753504874063,04:41:14.063,bybit,ALGO/USDT:USDT,0.2698,35427.0,0.2699,36423.7,0.2698,96379981.3,25239719.4958
1753504874363,04:41:14.363,bybit,ALGO/USDT:USDT,0.2698,42427.0,0.2699,35499.9,0.2698,96379981.3,25239719.4958
1753504874464,04:41:14.464,bybit,ALGO/USDT:USDT,0.2698,42427.0,0.2699,34649.7,0.2698,96379981.3,25239719.4958
1753504874664,04:41:14.664,bybit,ALGO/USDT:USDT,0.2698,42427.0,0.2699,35574.1,0.2698,96379981.3,25239719.4958
1753504874764,04:41:14.764,bybit,ALGO/USDT:USDT,0.2698,42427.0,0.2699,35499.9,0.2698,96379981.3,25239719.4958
1753504874864,04:41:14.864,bybit,ALGO/USDT:USDT,0.2698,35427.0,0.2699,34723.9,0.2698,96379981.3,25239719.4958
1753504875063,04:41:15.063,bybit,ALGO/USDT:USDT,0.2698,35427.0,0.2699,47478.3,0.2698,96379981.3,25239719.4958
1753504875664,04:41:15.664,bybit,ALGO/USDT:USDT,0.2698,35427.0,0.2699,46554.5,0.2698,96379981.3,25239719.4958
1753504875763,04:41:15.763,bybit,ALGO/USDT:USDT,0.2698,35427.0,0.2699,46555.0,0.2698,96379981.3,25239719.4958
1753504876163,04:41:16.163,bybit,ALGO/USDT:USDT,0.2698,35427.0,0.2699,45704.8,0.2698,96379981.3,25239719.4958
1753504876264,04:41:16.264,bybit,ALGO/USDT:USDT,0.2698,53758.8,0.2699,10069.4,0.2698,96379981.3,25239719.4958
1753504876364,04:41:16.364,bybit,ALGO/USDT:USDT,0.2698,56909.1,0.2699,121.0,0.2698,96379981.3,25239719.4958
1753504876564,04:41:16.564,bybit,ALGO/USDT:USDT,0.2699,60811.0,0.27,56892.4,0.2699,96380102.3,25239752.1537
1753504876664,04:41:16.664,bybit,ALGO/USDT:USDT,0.2699,60811.0,0.27,51873.6,0.2699,96380102.3,25239752.1537
1753504876764,04:41:16.764,bybit,ALGO/USDT:USDT,0.2699,48936.8,0.27,52723.2,0.2699,96380102.3,25239752.1537
1753504876864,04:41:16.864,bybit,ALGO/USDT:USDT,0.2699,35079.5,0.27,63778.1,0.2699,96380102.3,25239752.1537
1753504876964,04:41:16.964,bybit,ALGO/USDT:USDT,0.2699,35218.0,0.27,63778.1,0.2699,96380102.3,25239752.1537
1753504877063,04:41:17.063,bybit,ALGO/USDT:USDT,0.2699,35218.0,0.27,58076.0,0.2699,96380102.3,25239752.1537
1753504877263,04:41:17.263,bybit,ALGO/USDT:USDT,0.2699,35218.0,0.27,57226.4,0.2699,96380102.3,25239752.1537
1753504877364,04:41:17.364,bybit,ALGO/USDT:USDT,0.2699,35218.0,0.27,58105.8,0.2699,96380102.3,25239752.1537
1753504877663,04:41:17.663,bybit,ALGO/USDT:USDT,0.2699,35218.0,0.27,59031.8,0.2699,96380102.3,25239752.1537
1753504877764,04:41:17.764,bybit,ALGO/USDT:USDT,0.2699,35218.0,0.27,58105.8,0.2699,96380102.3,25239752.1537
1753504878064,04:41:18.064,bybit,ALGO/USDT:USDT,0.2699,35218.0,0.27,59031.8,0.2699,96380102.3,25239752.1537
1753504878163,04:41:18.163,bybit,ALGO/USDT:USDT,0.2699,35218.0,0.27,59105.9,0.2699,96380102.3,25239752.1537
1753504878363,04:41:18.363,bybit,ALGO/USDT:USDT,0.2699,35218.0,0.27,59031.8,0.2699,96380102.3,25239752.1537
1753504878564,04:41:18.564,bybit,ALGO/USDT:USDT,0.2699,35218.0,0.27,45351.1,0.2699,96380102.3,25239752.1537
1753504878664,04:41:18.664,bybit,ALGO/USDT:USDT,0.2699,35218.0,0.27,46277.1,0.2699,96380102.3,25239752.1537
1753504878764,04:41:18.764,bybit,ALGO/USDT:USDT,0.2699,35218.0,0.27,37537.4,0.2699,96380102.3,25239752.1537
1753504878864,04:41:18.864,bybit,ALGO/USDT:USDT,0.2699,36067.6,0.27,37546.6,0.2699,96380102.3,25239752.1537
1753504879163,04:41:19.163,bybit,ALGO/USDT:USDT,0.2699,35218.0,0.27,37546.6,0.2699,96380102.3,25239752.1537
1753504879264,04:41:19.264,bybit,ALGO/USDT:USDT,0.2699,51067.6,0.27,37546.6,0.2699,96370989.7,25237413.7111
1753504879563,04:41:19.563,bybit,ALGO/USDT:USDT,0.2699,35218.0,0.27,37546.6,0.2699,96370989.7,25237413.7111
1753504880263,04:41:20.263,bybit,ALGO/USDT:USDT,0.2699,35218.0,0.27,38396.8,0.2699,96370989.7,25237413.7111
1753504880364,04:41:20.364,bybit,ALGO/USDT:USDT,0.2699,35218.0,0.27,37546.6,0.2699,96370989.7,25237413.7111
1753504880564,04:41:20.564,bybit,ALGO/USDT:USDT,0.2699,35218.0,0.27,28529.9,0.2699,96370989.7,25237413.7111
1753504880664,04:41:20.664,bybit,ALGO/USDT:USDT,0.2699,35218.0,0.27,21977.3,0.2699,96370989.7,25237413.7111
1753504880964,04:41:20.964,bybit,ALGO/USDT:USDT,0.2699,35218.0,0.27,21977.3,0.2699,96370989.7,25237413.7111
1753504881164,04:41:21.164,bybit,ALGO/USDT:USDT,0.2699,36808.4,0.27,4652.3,0.2699,96370989.7,25237413.7111
1753504881263,04:41:21.263,bybit,ALGO/USDT:USDT,0.2699,52808.4,0.27,4652.3,0.2699,96370989.7,25237413.7111
1753504881564,04:41:21.564,bybit,ALGO/USDT:USDT,0.2699,52808.4,0.27,4652.3,0.2699,96370989.7,25237413.7111
1753504881864,04:41:21.864,bybit,ALGO/USDT:USDT,0.2699,52808.4,0.27,121.9,0.2699,96370989.7,25237413.7111
1753504881964,04:41:21.964,bybit,ALGO/USDT:USDT,0.2699,52878.2,0.27,121.9,0.2699,96370989.7,25237413.7111
1753504882064,04:41:22.064,bybit,ALGO/USDT:USDT,0.2699,52953.9,0.27,121.9,0.2699,96370989.7,25237413.7111
1753504882164,04:41:22.164,bybit,ALGO/USDT:USDT,0.2699,52953.9,0.27,121.9,0.2699,96370989.7,25237413.7111
1753504882264,04:41:22.264,bybit,ALGO/USDT:USDT,0.2699,52884.1,0.27,121.9,0.2699,96370989.7,25237413.7111
1753504882364,04:41:22.364,bybit,ALGO/USDT:USDT,0.2699,52953.9,0.27,121.9,0.2699,96370989.7,25237413.7111
1753504882464,04:41:22.464,bybit,ALGO/USDT:USDT,0.2699,52884.1,0.27,121.9,0.2699,96370989.7,25237413.7111
1753504883064,04:41:23.064,bybit,ALGO/USDT:USDT,0.2699,51964.2,0.27,121.9,0.2699,96370989.7,25237413.7111
1753504883163,04:41:23.163,bybit,ALGO/USDT:USDT,0.2699,35964.2,0.27,121.9,0.2699,96370989.7,25237413.7111
1753504883263,04:41:23.263,bybit,ALGO/USDT:USDT,0.2699,40813.8,0.27,121.9,0.2699,96370989.7,25237413.7111
1753504883463,04:41:23.463,bybit,ALGO/USDT:USDT,0.2699,39964.2,0.27,121.9,0.2699,96370989.7,25237413.7111
1753504884563,04:41:24.563,bybit,ALGO/USDT:USDT,0.2699,35964.2,0.27,121.9,0.2699,96370989.7,25237413.7111
1753504884964,04:41:24.964,bybit,ALGO/USDT:USDT,0.2699,35223.4,0.27,13105.6,0.2699,96370989.7,25237413.7111
1753504885164,04:41:25.164,bybit,ALGO/USDT:USDT,0.2699,35223.4,0.27,29105.6,0.2699,96370989.7,25237413.7111
1753504885463,04:41:25.463,bybit,ALGO/USDT:USDT,0.2699,35223.4,0.27,38943.4,0.2699,96370989.7,25237413.7111
1753504885564,04:41:25.564,bybit,ALGO/USDT:USDT,0.2699,34945.7,0.27,49998.3,0.2699,96370989.7,25237413.7111
1753504885663,04:41:25.663,bybit,ALGO/USDT:USDT,0.2699,34870.9,0.27,53081.2,0.2699,96370989.7,25237413.7111
1753504886364,04:41:26.364,bybit,ALGO/USDT:USDT,0.2699,34870.9,0.27,53007.1,0.2699,96370989.7,25237413.7111
1753504886463,04:41:26.463,bybit,ALGO/USDT:USDT,0.2699,35670.9,0.27,48224.4,0.2699,96370989.7,25237413.7111
1753504886663,04:41:26.663,bybit,ALGO/USDT:USDT,0.2699,35671.0,0.27,49074.6,0.2699,96370989.7,25237413.7111
1753504886764,04:41:26.764,bybit,ALGO/USDT:USDT,0.2699,35671.0,0.27,49998.3,0.2699,96370989.7,25237413.7111
1753504886964,04:41:26.964,bybit,ALGO/USDT:USDT,0.2699,35698.7,0.27,49998.3,0.2699,96370989.7,25237413.7111
1753504887164,04:41:27.164,bybit,ALGO/USDT:USDT,0.2699,34898.7,0.27,56600.1,0.2699,96370989.7,25237413.7111
1753504887464,04:41:27.464,bybit,ALGO/USDT:USDT,0.2699,21915.0,0.27,56600.1,0.2699,96370989.7,25237413.7111
1753504887763,04:41:27.763,bybit,ALGO/USDT:USDT,0.2699,14432.7,0.27,57340.9,0.2699,96370989.7,25237413.7111
1753504888364,04:41:28.364,bybit,ALGO/USDT:USDT,0.2699,14432.7,0.27,57365.4,0.2699,96370989.7,25237413.7111
1753504888464,04:41:28.464,bybit,ALGO/USDT:USDT,0.2699,14432.7,0.27,57340.9,0.2699,96370989.7,25237413.7111
1753504889163,04:41:29.163,bybit,ALGO/USDT:USDT,0.2699,16752.5,0.27,52331.8,0.2699,96370989.7,25237413.7111
1753504889264,04:41:29.264,bybit,ALGO/USDT:USDT,0.2699,14432.7,0.27,52331.8,0.2699,96370989.7,25237413.7111
1753504889363,04:41:29.363,bybit,ALGO/USDT:USDT,0.2699,14432.7,0.27,52405.9,0.2699,96370989.7,25237413.7111
1753504890064,04:41:30.064,bybit,ALGO/USDT:USDT,0.2699,14432.7,0.27,52430.4,0.2699,96370989.7,25237413.7111
1753504890163,04:41:30.163,bybit,ALGO/USDT:USDT,0.2699,14432.7,0.27,52405.9,0.2699,96370989.7,25237413.7111
1753504890363,04:41:30.363,bybit,ALGO/USDT:USDT,0.2699,14432.7,0.27,52430.4,0.2699,96370989.7,25237413.7111
1753504890564,04:41:30.564,bybit,ALGO/USDT:USDT,0.2699,14432.7,0.27,52405.9,0.2699,96370989.7,25237413.7111
1753504890664,04:41:30.664,bybit,ALGO/USDT:USDT,0.2699,14432.7,0.27,52430.4,0.2699,96370989.7,25237413.7111
1753504890763,04:41:30.763,bybit,ALGO/USDT:USDT,0.2699,14432.7,0.27,52356.3,0.2699,96370989.7,25237413.7111
1753504890963,04:41:30.963,bybit,ALGO/USDT:USDT,0.2699,14432.7,0.27,52405.9,0.2699,96370989.7,25237413.7111
1753504891064,04:41:31.064,bybit,ALGO/USDT:USDT,0.2699,14432.7,0.27,52430.4,0.2699,96370989.7,25237413.7111
1753504891164,04:41:31.164,bybit,ALGO/USDT:USDT,0.2699,14432.7,0.27,52405.9,0.2699,96370989.7,25237413.7111
1753504891263,04:41:31.263,bybit,ALGO/USDT:USDT,0.2699,14432.7,0.27,52428.2,0.2699,96370989.7,25237413.7111
1753504892064,04:41:32.064,bybit,ALGO/USDT:USDT,0.2699,14432.7,0.27,52503.9,0.2699,96370989.7,25237413.7111
1753504892563,04:41:32.563,bybit,ALGO/USDT:USDT,0.2699,14427.3,0.27,52503.9,0.2699,96370989.7,25237413.7111
1753504892664,04:41:32.664,bybit,ALGO/USDT:USDT,0.2699,14439.1,0.27,52503.9,0.2699,96370989.7,25237413.7111
1753504893063,04:41:33.063,bybit,ALGO/USDT:USDT,0.2699,21568.4,0.27,52355.9,0.2699,96370989.7,25237413.7111
1753504893163,04:41:33.163,bybit,ALGO/USDT:USDT,0.2699,21568.4,0.27,48248.5,0.2699,96370989.7,25237413.7111
1753504893263,04:41:33.263,bybit,ALGO/USDT:USDT,0.2699,23813.8,0.27,48248.5,0.2699,96370989.7,25237413.7111
1753504893364,04:41:33.364,bybit,ALGO/USDT:USDT,0.2699,36797.5,0.27,48224.0,0.2699,96370989.7,25237413.7111
1753504893464,04:41:33.464,bybit,ALGO/USDT:USDT,0.2699,36797.5,0.27,47117.5,0.2699,96370989.7,25237413.7111
1753504893563,04:41:33.563,bybit,ALGO/USDT:USDT,0.2699,37597.5,0.27,47117.5,0.2699,96370989.7,25237413.7111
1753504893764,04:41:33.764,bybit,ALGO/USDT:USDT,0.2699,37613.7,0.27,47117.5,0.2699,96370989.7,25237413.7111
1753504893864,04:41:33.864,bybit,ALGO/USDT:USDT,0.2699,37613.7,0.27,48893.7,0.2699,96370989.7,25237413.7111
1753504893963,04:41:33.963,bybit,ALGO/USDT:USDT,0.2699,22813.1,0.27,50558.2,0.2699,96370989.7,25237413.7111
1753504894064,04:41:34.064,bybit,ALGO/USDT:USDT,0.2699,22613.9,0.27,42449.2,0.27,96379024.6,25239583.1341
1753504894164,04:41:34.164,bybit,ALGO/USDT:USDT,0.2699,22613.9,0.27,39082.6,0.27,96379024.6,25239583.1341
1753504894363,04:41:34.363,bybit,ALGO/USDT:USDT,0.2699,35597.6,0.27,39082.6,0.27,96379024.6,25239583.1341
1753504894764,04:41:34.764,bybit,ALGO/USDT:USDT,0.2699,21584.6,0.27,40856.5,0.27,96379024.6,25239583.1341
1753504894863,04:41:34.863,bybit,ALGO/USDT:USDT,0.2699,21584.6,0.27,42523.3,0.27,96379024.6,25239583.1341
1753504895064,04:41:35.064,bybit,ALGO/USDT:USDT,0.2699,21584.6,0.27,42486.5,0.27,96379024.6,25239583.1341
1753504895164,04:41:35.164,bybit,ALGO/USDT:USDT,0.2699,21584.6,0.27,42536.4,0.27,96379024.6,25239583.1341
1753504895264,04:41:35.264,bybit,ALGO/USDT:USDT,0.2699,14455.3,0.27,45129.3,0.27,96379024.6,25239583.1341
