timestamp,time,exchange,symbol,bid,bidVolume,ask,askVolume,lastPrice,baseVolume,quoteVolume
1753504798555,04:39:58.555,bybit,ACH/USDT:USDT,0.022364,12210.0,0.022365,250.0,0.02236,74995660.0,1635480.4934
1753504800555,04:40:00.555,bybit,ACH/USDT:USDT,0.022364,35090.0,0.022365,250.0,0.02236,74995660.0,1635480.4934
1753504800855,04:40:00.855,bybit,ACH/USDT:USDT,0.022364,32950.0,0.022365,250.0,0.02236,74995660.0,1635480.4934
1753504802455,04:40:02.455,bybit,ACH/USDT:USDT,0.022364,36250.0,0.022365,250.0,0.02236,74995660.0,1635480.4934
1753504805855,04:40:05.855,bybit,ACH/USDT:USDT,0.022364,36250.0,0.022365,250.0,0.02236,74995660.0,1635480.4934
1753504807755,04:40:07.755,bybit,ACH/USDT:USDT,0.022364,30810.0,0.022365,250.0,0.02236,74995660.0,1635480.4934
1753504807855,04:40:07.855,bybit,ACH/USDT:USDT,0.022364,37470.0,0.022365,250.0,0.02236,74995660.0,1635480.4934
1753504811555,04:40:11.555,bybit,ACH/USDT:USDT,0.022364,37470.0,0.022365,250.0,0.02236,74977330.0,1635086.0996
1753504813455,04:40:13.455,bybit,ACH/USDT:USDT,0.022364,30810.0,0.022365,250.0,0.02236,74977330.0,1635086.0996
1753504813555,04:40:13.555,bybit,ACH/USDT:USDT,0.022364,37470.0,0.022365,250.0,0.02236,74977330.0,1635086.0996
1753504813655,04:40:13.655,bybit,ACH/USDT:USDT,0.022364,37470.0,0.022365,250.0,0.02236,74977330.0,1635086.0996
1753504819355,04:40:19.355,bybit,ACH/USDT:USDT,0.022364,40070.0,0.022365,250.0,0.02236,74977330.0,1635086.0996
1753504819955,04:40:19.955,bybit,ACH/USDT:USDT,0.022364,40070.0,0.022365,250.0,0.02236,74977330.0,1635086.0996
1753504820856,04:40:20.856,bybit,ACH/USDT:USDT,0.022364,40070.0,0.022365,250.0,0.02236,74977330.0,1635086.0996
1753504822955,04:40:22.955,bybit,ACH/USDT:USDT,0.022364,40070.0,0.022365,250.0,0.02236,74977330.0,1635086.0996
1753504823855,04:40:23.855,bybit,ACH/USDT:USDT,0.022364,40070.0,0.022365,250.0,0.02236,74977330.0,1635086.0996
1753504824055,04:40:24.055,bybit,ACH/USDT:USDT,0.022364,40070.0,0.022365,710.0,0.02236,74977330.0,1635086.0996
1753504829255,04:40:29.255,bybit,ACH/USDT:USDT,0.022364,40690.0,0.022365,710.0,0.02236,74977330.0,1635086.0996
1753504829455,04:40:29.455,bybit,ACH/USDT:USDT,0.022364,47970.0,0.022365,710.0,0.02236,74977330.0,1635086.0996
1753504831955,04:40:31.955,bybit,ACH/USDT:USDT,0.022365,1120.0,0.022366,20.0,0.022365,74978040.0,1635101.9787
1753504832055,04:40:32.055,bybit,ACH/USDT:USDT,0.022365,29320.0,0.022366,20.0,0.022365,74978040.0,1635101.9787
1753504832255,04:40:32.255,bybit,ACH/USDT:USDT,0.022365,29320.0,0.022366,20.0,0.022365,74978040.0,1635101.9787
1753504832555,04:40:32.555,bybit,ACH/USDT:USDT,0.022365,29320.0,0.022366,20.0,0.022365,74978040.0,1635101.9787
1753504832855,04:40:32.855,bybit,ACH/USDT:USDT,0.022365,29320.0,0.022366,20.0,0.022365,74978040.0,1635101.9787
1753504836455,04:40:36.455,bybit,ACH/USDT:USDT,0.022365,29320.0,0.022366,20.0,0.022365,74978040.0,1635101.9787
1753504836755,04:40:36.755,bybit,ACH/USDT:USDT,0.022365,29320.0,0.022366,20.0,0.022365,74978040.0,1635101.9787
1753504837455,04:40:37.455,bybit,ACH/USDT:USDT,0.022365,33380.0,0.022366,20.0,0.022365,74978040.0,1635101.9787
1753504839555,04:40:39.555,bybit,ACH/USDT:USDT,0.022365,34420.0,0.022366,20.0,0.022365,74978040.0,1635101.9787
1753504841256,04:40:41.256,bybit,ACH/USDT:USDT,0.022365,34420.0,0.022366,20.0,0.022365,74978040.0,1635101.9787
1753504842855,04:40:42.855,bybit,ACH/USDT:USDT,0.022365,27640.0,0.022366,1540.0,0.022365,74978040.0,1635101.9787
1753504843455,04:40:43.455,bybit,ACH/USDT:USDT,0.022365,27640.0,0.022366,20.0,0.022365,74978040.0,1635101.9787
1753504844855,04:40:44.855,bybit,ACH/USDT:USDT,0.022365,30270.0,0.022366,20.0,0.022365,74978040.0,1635101.9787
1753504846855,04:40:46.855,bybit,ACH/USDT:USDT,0.022365,30380.0,0.022366,20.0,0.022365,74978040.0,1635101.9787
1753504848555,04:40:48.555,bybit,ACH/USDT:USDT,0.022365,32610.0,0.022366,20.0,0.022365,74978040.0,1635101.9787
1753504851155,04:40:51.155,bybit,ACH/USDT:USDT,0.022365,37680.0,0.022366,20.0,0.022365,74978040.0,1635101.9787
1753504851455,04:40:51.455,bybit,ACH/USDT:USDT,0.022365,39910.0,0.022366,20.0,0.022365,74978040.0,1635101.9787
1753504852656,04:40:52.656,bybit,ACH/USDT:USDT,0.022365,37470.0,0.022366,20.0,0.022365,74978040.0,1635101.9787
1753504853855,04:40:53.855,bybit,ACH/USDT:USDT,0.022365,37470.0,0.022366,20.0,0.022365,74978040.0,1635101.9787
1753504856255,04:40:56.255,bybit,ACH/USDT:USDT,0.022365,37470.0,0.022366,20.0,0.022365,74978040.0,1635101.9787
1753504858155,04:40:58.155,bybit,ACH/USDT:USDT,0.022365,34840.0,0.022366,20.0,0.022365,74978040.0,1635101.9787
1753504858255,04:40:58.255,bybit,ACH/USDT:USDT,0.022365,37470.0,0.022366,20.0,0.022365,74978040.0,1635101.9787
1753504860255,04:41:00.255,bybit,ACH/USDT:USDT,0.022365,32470.0,0.022366,20.0,0.022365,74978040.0,1635101.9787
1753504862055,04:41:02.055,bybit,ACH/USDT:USDT,0.022365,33120.0,0.022366,20.0,0.022365,74978040.0,1635101.9787
1753504862155,04:41:02.155,bybit,ACH/USDT:USDT,0.022365,32470.0,0.022366,20.0,0.022365,74978040.0,1635101.9787
1753504862255,04:41:02.255,bybit,ACH/USDT:USDT,0.022365,33660.0,0.022366,20.0,0.022365,74978040.0,1635101.9787
1753504862355,04:41:02.355,bybit,ACH/USDT:USDT,0.022365,32470.0,0.022366,20.0,0.022365,74978040.0,1635101.9787
1753504862655,04:41:02.655,bybit,ACH/USDT:USDT,0.022365,34090.0,0.022366,20.0,0.022365,74978040.0,1635101.9787
1753504864155,04:41:04.155,bybit,ACH/USDT:USDT,0.022365,35610.0,0.022366,250.0,0.022365,74978040.0,1635101.9787
1753504864255,04:41:04.255,bybit,ACH/USDT:USDT,0.022365,35610.0,0.022366,20.0,0.022365,74978040.0,1635101.9787
1753504864755,04:41:04.755,bybit,ACH/USDT:USDT,0.022365,33990.0,0.022366,20.0,0.022365,74978040.0,1635101.9787
1753504865155,04:41:05.155,bybit,ACH/USDT:USDT,0.022365,38570.0,0.022366,20.0,0.022365,74978040.0,1635101.9787
1753504870255,04:41:10.255,bybit,ACH/USDT:USDT,0.022365,40430.0,0.022366,20.0,0.022365,74978040.0,1635101.9787
1753504870555,04:41:10.555,bybit,ACH/USDT:USDT,0.022365,44020.0,0.022366,20.0,0.022365,74978040.0,1635101.9787
1753504870655,04:41:10.655,bybit,ACH/USDT:USDT,0.022365,47370.0,0.022366,20.0,0.022365,74978040.0,1635101.9787
1753504870755,04:41:10.755,bybit,ACH/USDT:USDT,0.022365,51840.0,0.022366,20.0,0.022365,74978040.0,1635101.9787
1753504870855,04:41:10.855,bybit,ACH/USDT:USDT,0.022365,47370.0,0.022366,20.0,0.022365,74978040.0,1635101.9787
1753504871155,04:41:11.155,bybit,ACH/USDT:USDT,0.022365,51840.0,0.022366,20.0,0.022365,74978040.0,1635101.9787
1753504871755,04:41:11.755,bybit,ACH/USDT:USDT,0.022365,47370.0,0.022366,20.0,0.022365,74978040.0,1635101.9787
1753504872455,04:41:12.455,bybit,ACH/USDT:USDT,0.022365,42090.0,0.022366,20.0,0.022365,74978040.0,1635101.9787
1753504877255,04:41:17.255,bybit,ACH/USDT:USDT,0.022365,42090.0,0.022366,1190.0,0.022365,74978040.0,1635101.9787
1753504882455,04:41:22.455,bybit,ACH/USDT:USDT,0.022365,37320.0,0.022366,1190.0,0.022365,74978040.0,1635101.9787
1753504882555,04:41:22.555,bybit,ACH/USDT:USDT,0.022369,4120.0,0.02237,250.0,0.022366,74979230.0,1635128.5943
1753504882656,04:41:22.656,bybit,ACH/USDT:USDT,0.022369,8020.0,0.02237,250.0,0.022366,74979230.0,1635128.5943
1753504882755,04:41:22.755,bybit,ACH/USDT:USDT,0.022369,11920.0,0.02237,250.0,0.022366,74979230.0,1635128.5943
1753504883855,04:41:23.855,bybit,ACH/USDT:USDT,0.022369,11920.0,0.02237,250.0,0.022366,74979230.0,1635128.5943
1753504885255,04:41:25.255,bybit,ACH/USDT:USDT,0.022369,34800.0,0.02237,250.0,0.022366,74979230.0,1635128.5943
1753504885455,04:41:25.455,bybit,ACH/USDT:USDT,0.022369,37030.0,0.02237,250.0,0.022366,74979230.0,1635128.5943
1753504890655,04:41:30.655,bybit,ACH/USDT:USDT,0.022369,34240.0,0.02237,250.0,0.022366,74979230.0,1635128.5943
1753504891055,04:41:31.055,bybit,ACH/USDT:USDT,0.022369,29490.0,0.02237,250.0,0.022366,74979230.0,1635128.5943
1753504891755,04:41:31.755,bybit,ACH/USDT:USDT,0.022369,34810.0,0.02237,250.0,0.022366,74979230.0,1635128.5943
1753504892255,04:41:32.255,bybit,ACH/USDT:USDT,0.022369,34810.0,0.02237,250.0,0.022366,74979230.0,1635128.5943
1753504893456,04:41:33.456,bybit,ACH/USDT:USDT,0.022369,35850.0,0.02237,250.0,0.022366,74979230.0,1635128.5943
1753504896455,04:41:36.455,bybit,ACH/USDT:USDT,0.022369,35850.0,0.02237,250.0,0.022366,74979230.0,1635128.5943
1753504898255,04:41:38.255,bybit,ACH/USDT:USDT,0.022369,35850.0,0.02237,250.0,0.022366,74979230.0,1635128.5943
1753504898555,04:41:38.555,bybit,ACH/USDT:USDT,0.022369,30270.0,0.02237,250.0,0.022366,74979230.0,1635128.5943
1753504898656,04:41:38.656,bybit,ACH/USDT:USDT,0.022369,43910.0,0.02237,250.0,0.022366,74979230.0,1635128.5943
1753504898855,04:41:38.855,bybit,ACH/USDT:USDT,0.022369,43910.0,0.02237,250.0,0.022366,74979230.0,1635128.5943
1753504899655,04:41:39.655,bybit,ACH/USDT:USDT,0.022369,46140.0,0.02237,250.0,0.022366,74979230.0,1635128.5943
1753504901655,04:41:41.655,bybit,ACH/USDT:USDT,0.022369,46140.0,0.02237,250.0,0.022366,74969130.0,1634911.6418
1753504902755,04:41:42.755,bybit,ACH/USDT:USDT,0.022369,46140.0,0.02237,250.0,0.022366,74969130.0,1634911.6418
1753504904555,04:41:44.555,bybit,ACH/USDT:USDT,0.022369,47380.0,0.02237,250.0,0.022366,74969130.0,1634911.6418
1753504908855,04:41:48.855,bybit,ACH/USDT:USDT,0.022369,47480.0,0.02237,250.0,0.022366,74969130.0,1634911.6418
1753504914756,04:41:54.756,bybit,ACH/USDT:USDT,0.022369,47480.0,0.02237,250.0,0.022366,74969130.0,1634911.6418
1753504915956,04:41:55.956,bybit,ACH/USDT:USDT,0.022369,47480.0,0.02237,250.0,0.022366,74969130.0,1634911.6418
1753504916155,04:41:56.155,bybit,ACH/USDT:USDT,0.022369,33840.0,0.02237,250.0,0.022366,74969130.0,1634911.6418
1753504916255,04:41:56.255,bybit,ACH/USDT:USDT,0.022369,51800.0,0.02237,250.0,0.022366,74969130.0,1634911.6418
1753504917255,04:41:57.255,bybit,ACH/USDT:USDT,0.022369,37530.0,0.02237,1770.0,0.022366,74969130.0,1634911.6418
1753504917455,04:41:57.455,bybit,ACH/USDT:USDT,0.022369,37530.0,0.02237,250.0,0.022366,74969130.0,1634911.6418
1753504917755,04:41:57.755,bybit,ACH/USDT:USDT,0.022369,37530.0,0.02237,250.0,0.022366,74969130.0,1634911.6418
1753504921355,04:42:01.355,bybit,ACH/USDT:USDT,0.022369,32320.0,0.02237,250.0,0.022366,74969130.0,1634911.6418
1753504921955,04:42:01.955,bybit,ACH/USDT:USDT,0.022369,32420.0,0.02237,250.0,0.022366,74969130.0,1634911.6418
1753504924755,04:42:04.755,bybit,ACH/USDT:USDT,0.022369,33920.0,0.02237,250.0,0.022366,74969130.0,1634911.6418
1753504929855,04:42:09.855,bybit,ACH/USDT:USDT,0.022369,32420.0,0.02237,250.0,0.022366,74969130.0,1634911.6418
1753504930955,04:42:10.955,bybit,ACH/USDT:USDT,0.022369,40460.0,0.02237,250.0,0.022366,74969130.0,1634911.6418
1753504932455,04:42:12.455,bybit,ACH/USDT:USDT,0.022369,32420.0,0.02237,250.0,0.022366,74969130.0,1634911.6418
1753504932555,04:42:12.555,bybit,ACH/USDT:USDT,0.022369,37280.0,0.02237,250.0,0.022366,74969130.0,1634911.6418
1753504933055,04:42:13.055,bybit,ACH/USDT:USDT,0.022369,37280.0,0.02237,250.0,0.022366,74969130.0,1634911.6418
1753504933855,04:42:13.855,bybit,ACH/USDT:USDT,0.022369,32420.0,0.02237,250.0,0.022366,74969130.0,1634911.6418
1753504933955,04:42:13.955,bybit,ACH/USDT:USDT,0.022369,32420.0,0.02237,250.0,0.022366,74969130.0,1634911.6418
1753504934055,04:42:14.055,bybit,ACH/USDT:USDT,0.022369,33500.0,0.02237,3160.0,0.022366,74969130.0,1634911.6418
1753504938155,04:42:18.155,bybit,ACH/USDT:USDT,0.022369,33500.0,0.02237,3160.0,0.022366,74969130.0,1634911.6418
1753504938755,04:42:18.755,bybit,ACH/USDT:USDT,0.022369,33500.0,0.02237,3160.0,0.022366,74969130.0,1634911.6418
1753504939355,04:42:19.355,bybit,ACH/USDT:USDT,0.022369,37960.0,0.02237,3160.0,0.022366,74969130.0,1634911.6418
1753504939655,04:42:19.655,bybit,ACH/USDT:USDT,0.022369,37960.0,0.02237,3160.0,0.022366,74969130.0,1634911.6418
1753504941955,04:42:21.955,bybit,ACH/USDT:USDT,0.022371,2640.0,0.022372,230.0,0.02237,74972290.0,1634982.331
1753504942055,04:42:22.055,bybit,ACH/USDT:USDT,0.022371,6600.0,0.022372,230.0,0.02237,74972290.0,1634982.331
1753504942356,04:42:22.356,bybit,ACH/USDT:USDT,0.022371,6600.0,0.022372,230.0,0.02237,74972290.0,1634982.331
1753504942655,04:42:22.655,bybit,ACH/USDT:USDT,0.022371,6600.0,0.022372,230.0,0.02237,74972290.0,1634982.331
1753504942755,04:42:22.755,bybit,ACH/USDT:USDT,0.022371,8830.0,0.022372,230.0,0.02237,74972290.0,1634982.331
1753504943055,04:42:23.055,bybit,ACH/USDT:USDT,0.022371,9870.0,0.022372,230.0,0.02237,74972290.0,1634982.331
1753504943256,04:42:23.256,bybit,ACH/USDT:USDT,0.022371,16010.0,0.022372,230.0,0.02237,74972290.0,1634982.331
1753504945455,04:42:25.455,bybit,ACH/USDT:USDT,0.022371,38890.0,0.022372,230.0,0.02237,74972290.0,1634982.331
1753504946655,04:42:26.655,bybit,ACH/USDT:USDT,0.022371,38890.0,0.022372,230.0,0.02237,74952860.0,1634564.6687
1753504948055,04:42:28.055,bybit,ACH/USDT:USDT,0.022371,38890.0,0.022372,230.0,0.02237,74952860.0,1634564.6687
1753504948955,04:42:28.955,bybit,ACH/USDT:USDT,0.022371,38890.0,0.022372,230.0,0.02237,74952860.0,1634564.6687
1753504950255,04:42:30.255,bybit,ACH/USDT:USDT,0.022371,41120.0,0.022372,230.0,0.02237,74952860.0,1634564.6687
1753504952255,04:42:32.255,bybit,ACH/USDT:USDT,0.022371,41120.0,0.022372,230.0,0.02237,74952860.0,1634564.6687
1753504956355,04:42:36.355,bybit,ACH/USDT:USDT,0.022371,31020.0,0.022372,230.0,0.02237,74952860.0,1634564.6687
1753504956455,04:42:36.455,bybit,ACH/USDT:USDT,0.022371,38270.0,0.022372,230.0,0.02237,74952860.0,1634564.6687
1753504956755,04:42:36.755,bybit,ACH/USDT:USDT,0.022371,38270.0,0.022372,230.0,0.02237,74952860.0,1634564.6687
1753504956855,04:42:36.855,bybit,ACH/USDT:USDT,0.022371,45520.0,0.022372,230.0,0.02237,74952860.0,1634564.6687
1753504957655,04:42:37.655,bybit,ACH/USDT:USDT,0.022371,45520.0,0.022372,230.0,0.02237,74952860.0,1634564.6687
1753504960755,04:42:40.755,bybit,ACH/USDT:USDT,0.022371,36750.0,0.022372,230.0,0.02237,74952860.0,1634564.6687
1753504960856,04:42:40.856,bybit,ACH/USDT:USDT,0.022371,29500.0,0.022372,230.0,0.02237,74952860.0,1634564.6687
1753504964355,04:42:44.355,bybit,ACH/USDT:USDT,0.022371,30610.0,0.022372,230.0,0.02237,74952860.0,1634564.6687
1753504965555,04:42:45.555,bybit,ACH/USDT:USDT,0.022371,32150.0,0.022372,230.0,0.02237,74952860.0,1634564.6687
1753504968755,04:42:48.755,bybit,ACH/USDT:USDT,0.022371,32150.0,0.022372,230.0,0.02237,74952860.0,1634564.6687
1753504971055,04:42:51.055,bybit,ACH/USDT:USDT,0.022371,29500.0,0.022372,230.0,0.02237,74952860.0,1634564.6687
1753504971155,04:42:51.155,bybit,ACH/USDT:USDT,0.022371,31020.0,0.022372,230.0,0.02237,74952860.0,1634564.6687
1753504971255,04:42:51.255,bybit,ACH/USDT:USDT,0.022371,37310.0,0.022372,230.0,0.02237,74952860.0,1634564.6687
1753504973855,04:42:53.855,bybit,ACH/USDT:USDT,0.022371,37310.0,0.022372,2750.0,0.02237,74952860.0,1634564.6687
1753504974755,04:42:54.755,bybit,ACH/USDT:USDT,0.022371,37310.0,0.022372,2750.0,0.02237,74952860.0,1634564.6687
1753504974955,04:42:54.955,bybit,ACH/USDT:USDT,0.022371,31020.0,0.022372,2750.0,0.02237,74952860.0,1634564.6687
1753504976056,04:42:56.056,bybit,ACH/USDT:USDT,0.022371,34220.0,0.022372,2750.0,0.02237,74952860.0,1634564.6687
1753504978955,04:42:58.955,bybit,ACH/USDT:USDT,0.022371,34220.0,0.022372,2750.0,0.02237,74952860.0,1634564.6687
1753504979555,04:42:59.555,bybit,ACH/USDT:USDT,0.022371,34220.0,0.022372,2750.0,0.02237,74952860.0,1634564.6687
1753504979855,04:42:59.855,bybit,ACH/USDT:USDT,0.022371,34220.0,0.022372,2750.0,0.02237,74952860.0,1634564.6687
1753504980456,04:43:00.456,bybit,ACH/USDT:USDT,0.022371,34220.0,0.022372,2750.0,0.02237,74952860.0,1634564.6687
1753504982055,04:43:02.055,bybit,ACH/USDT:USDT,0.022371,31020.0,0.022372,2750.0,0.02237,74952860.0,1634564.6687
1753504982155,04:43:02.155,bybit,ACH/USDT:USDT,0.022371,35700.0,0.022372,2750.0,0.02237,74952860.0,1634564.6687
1753504982756,04:43:02.756,bybit,ACH/USDT:USDT,0.022371,41040.0,0.022372,2750.0,0.02237,74952860.0,1634564.6687
1753504988055,04:43:08.055,bybit,ACH/USDT:USDT,0.022371,31020.0,0.022372,2750.0,0.02237,74952860.0,1634564.6687
1753504988656,04:43:08.656,bybit,ACH/USDT:USDT,0.022371,43120.0,0.022372,2750.0,0.02237,74952860.0,1634564.6687
1753504990655,04:43:10.655,bybit,ACH/USDT:USDT,0.022371,43120.0,0.022372,2750.0,0.02237,74952860.0,1634564.6687
1753504991355,04:43:11.355,bybit,ACH/USDT:USDT,0.022371,43120.0,0.022372,2750.0,0.02237,74918160.0,1633820.5264
1753504991555,04:43:11.555,bybit,ACH/USDT:USDT,0.022371,43120.0,0.022372,2750.0,0.02237,74918160.0,1633820.5264
1753504994255,04:43:14.255,bybit,ACH/USDT:USDT,0.022371,31020.0,0.022372,2750.0,0.02237,74918160.0,1633820.5264
1753504995155,04:43:15.155,bybit,ACH/USDT:USDT,0.022371,38110.0,0.022372,2750.0,0.02237,74918160.0,1633820.5264
1753504996255,04:43:16.255,bybit,ACH/USDT:USDT,0.022371,45280.0,0.022372,2750.0,0.02237,74918160.0,1633820.5264
1753505002156,04:43:22.156,bybit,ACH/USDT:USDT,0.022371,31020.0,0.022372,2750.0,0.02237,74918160.0,1633820.5264
1753505002855,04:43:22.855,bybit,ACH/USDT:USDT,0.022371,39030.0,0.022372,2750.0,0.02237,74918160.0,1633820.5264
1753505002955,04:43:22.955,bybit,ACH/USDT:USDT,0.022371,46910.0,0.022372,2750.0,0.02237,74918160.0,1633820.5264
1753505004955,04:43:24.955,bybit,ACH/USDT:USDT,0.022371,46910.0,0.022372,2310.0,0.022372,74918600.0,1633830.3701
1753505005055,04:43:25.055,bybit,ACH/USDT:USDT,0.022371,46910.0,0.022372,2310.0,0.022372,74918600.0,1633830.3701
1753505005655,04:43:25.655,bybit,ACH/USDT:USDT,0.022371,46910.0,0.022372,2310.0,0.022372,74918600.0,1633830.3701
1753505008655,04:43:28.655,bybit,ACH/USDT:USDT,0.022374,2640.0,0.022375,250.0,0.022372,74920910.0,1633882.0494
1753505008755,04:43:28.755,bybit,ACH/USDT:USDT,0.022374,11130.0,0.022375,250.0,0.022372,74920910.0,1633882.0494
1753505009656,04:43:29.656,bybit,ACH/USDT:USDT,0.022374,19890.0,0.022375,250.0,0.022372,74920910.0,1633882.0494
1753505011255,04:43:31.255,bybit,ACH/USDT:USDT,0.022374,42770.0,0.022375,250.0,0.022372,74920910.0,1633882.0494
1753505012255,04:43:32.255,bybit,ACH/USDT:USDT,0.022374,42770.0,0.022375,250.0,0.022372,74920910.0,1633882.0494
1753505016856,04:43:36.856,bybit,ACH/USDT:USDT,0.022374,25520.0,0.022375,250.0,0.022372,74920910.0,1633882.0494
1753505016955,04:43:36.955,bybit,ACH/USDT:USDT,0.022374,35110.0,0.022375,250.0,0.022372,74920910.0,1633882.0494
1753505017055,04:43:37.055,bybit,ACH/USDT:USDT,0.022374,44640.0,0.022375,250.0,0.022372,74920910.0,1633882.0494
1753505017555,04:43:37.555,bybit,ACH/USDT:USDT,0.022374,46870.0,0.022375,250.0,0.022372,74920910.0,1633882.0494
1753505018255,04:43:38.255,bybit,ACH/USDT:USDT,0.022374,46870.0,0.022375,250.0,0.022372,74920910.0,1633882.0494
1753505018655,04:43:38.655,bybit,ACH/USDT:USDT,0.022374,47910.0,0.022375,250.0,0.022372,74920910.0,1633882.0494
1753505018855,04:43:38.855,bybit,ACH/USDT:USDT,0.022374,47910.0,0.022375,250.0,0.022372,74920910.0,1633882.0494
1753505021055,04:43:41.055,bybit,ACH/USDT:USDT,0.022374,50140.0,0.022375,250.0,0.022372,74920910.0,1633882.0494
1753505023255,04:43:43.255,bybit,ACH/USDT:USDT,0.022374,29760.0,0.022375,250.0,0.022372,74920910.0,1633882.0494
1753505023355,04:43:43.355,bybit,ACH/USDT:USDT,0.022374,29500.0,0.022375,250.0,0.022372,74920910.0,1633882.0494
1753505024256,04:43:44.256,bybit,ACH/USDT:USDT,0.022374,31080.0,0.022375,250.0,0.022372,74920910.0,1633882.0494
1753505024455,04:43:44.455,bybit,ACH/USDT:USDT,0.022374,31720.0,0.022375,250.0,0.022372,74920910.0,1633882.0494
1753505024555,04:43:44.555,bybit,ACH/USDT:USDT,0.022374,32580.0,0.022375,250.0,0.022372,74920910.0,1633882.0494
1753505028755,04:43:48.755,bybit,ACH/USDT:USDT,0.022374,33680.0,0.022375,250.0,0.022372,74920910.0,1633882.0494
1753505029055,04:43:49.055,bybit,ACH/USDT:USDT,0.022374,38910.0,0.022375,250.0,0.022372,74920910.0,1633882.0494
1753505030055,04:43:50.055,bybit,ACH/USDT:USDT,0.022374,44460.0,0.022375,250.0,0.022372,74920910.0,1633882.0494
1753505033256,04:43:53.256,bybit,ACH/USDT:USDT,0.022374,46970.0,0.022375,250.0,0.022372,74920910.0,1633882.0494
1753505033755,04:43:53.755,bybit,ACH/USDT:USDT,0.022374,36190.0,0.022375,250.0,0.022372,74920910.0,1633882.0494
1753505034155,04:43:54.155,bybit,ACH/USDT:USDT,0.022374,43760.0,0.022375,250.0,0.022372,74920910.0,1633882.0494
1753505034855,04:43:54.855,bybit,ACH/USDT:USDT,0.022374,36190.0,0.022375,250.0,0.022372,74920910.0,1633882.0494
1753505034955,04:43:54.955,bybit,ACH/USDT:USDT,0.022374,42260.0,0.022375,250.0,0.022372,74920910.0,1633882.0494
1753505037155,04:43:57.155,bybit,ACH/USDT:USDT,0.022374,49380.0,0.022375,250.0,0.022372,74920910.0,1633882.0494
1753505042255,04:44:02.255,bybit,ACH/USDT:USDT,0.022374,36190.0,0.022375,250.0,0.022372,74920910.0,1633882.0494
1753505042355,04:44:02.355,bybit,ACH/USDT:USDT,0.022374,42340.0,0.022375,250.0,0.022372,74920910.0,1633882.0494
1753505042455,04:44:02.455,bybit,ACH/USDT:USDT,0.022374,48490.0,0.022375,250.0,0.022372,74920910.0,1633882.0494
1753505047755,04:44:07.755,bybit,ACH/USDT:USDT,0.022374,36190.0,0.022375,250.0,0.022372,74920910.0,1633882.0494
1753505047856,04:44:07.856,bybit,ACH/USDT:USDT,0.022374,50380.0,0.022375,250.0,0.022372,74920910.0,1633882.0494
1753505052955,04:44:12.955,bybit,ACH/USDT:USDT,0.022374,36190.0,0.022375,250.0,0.022372,74920910.0,1633882.0494
1753505053055,04:44:13.055,bybit,ACH/USDT:USDT,0.022374,51160.0,0.022375,250.0,0.022372,74920910.0,1633882.0494
1753505058155,04:44:18.155,bybit,ACH/USDT:USDT,0.022374,36190.0,0.022375,250.0,0.022372,74920910.0,1633882.0494
1753505058256,04:44:18.256,bybit,ACH/USDT:USDT,0.022374,44240.0,0.022375,250.0,0.022372,74920910.0,1633882.0494
1753505059355,04:44:19.355,bybit,ACH/USDT:USDT,0.022374,44240.0,0.022375,250.0,0.022372,74920910.0,1633882.0494
1753505059455,04:44:19.455,bybit,ACH/USDT:USDT,0.022374,52410.0,0.022375,250.0,0.022372,74920910.0,1633882.0494
1753505059655,04:44:19.655,bybit,ACH/USDT:USDT,0.022374,52410.0,0.022375,250.0,0.022372,74920910.0,1633882.0494
1753505063755,04:44:23.755,bybit,ACH/USDT:USDT,0.022374,52410.0,0.022375,1850.0,0.022372,74920910.0,1633882.0494
1753505069255,04:44:29.255,bybit,ACH/USDT:USDT,0.022374,36190.0,0.022375,1850.0,0.022372,74920910.0,1633882.0494
1753505069355,04:44:29.355,bybit,ACH/USDT:USDT,0.022374,43180.0,0.022375,1850.0,0.022372,74920910.0,1633882.0494
1753505069855,04:44:29.855,bybit,ACH/USDT:USDT,0.022374,50710.0,0.022375,1850.0,0.022372,74920910.0,1633882.0494
1753505073655,04:44:33.655,bybit,ACH/USDT:USDT,0.022374,50720.0,0.022375,1850.0,0.022372,74920910.0,1633882.0494
1753505075255,04:44:35.255,bybit,ACH/USDT:USDT,0.022374,49130.0,0.022375,1850.0,0.022372,74920910.0,1633882.0494
1753505075355,04:44:35.355,bybit,ACH/USDT:USDT,0.022374,49130.0,0.022375,2250.0,0.022372,74920910.0,1633882.0494
1753505080455,04:44:40.455,bybit,ACH/USDT:USDT,0.022374,34610.0,0.022375,2250.0,0.022372,74920910.0,1633882.0494
1753505081255,04:44:41.255,bybit,ACH/USDT:USDT,0.022374,42510.0,0.022375,2250.0,0.022372,74920910.0,1633882.0494
1753505081355,04:44:41.355,bybit,ACH/USDT:USDT,0.022374,50410.0,0.022375,2250.0,0.022372,74920910.0,1633882.0494
1753505081655,04:44:41.655,bybit,ACH/USDT:USDT,0.022374,50410.0,0.022375,2250.0,0.022372,74888950.0,1633196.7727
1753505086455,04:44:46.455,bybit,ACH/USDT:USDT,0.022374,34610.0,0.022375,2250.0,0.022372,74888950.0,1633196.7727
1753505086555,04:44:46.555,bybit,ACH/USDT:USDT,0.022374,42780.0,0.022375,2250.0,0.022372,74888950.0,1633196.7727
1753505086655,04:44:46.655,bybit,ACH/USDT:USDT,0.022374,50940.0,0.022375,2250.0,0.022372,74888950.0,1633196.7727
1753505089855,04:44:49.855,bybit,ACH/USDT:USDT,0.022374,33490.0,0.022375,3770.0,0.022372,74888950.0,1633196.7727
1753505090056,04:44:50.056,bybit,ACH/USDT:USDT,0.022374,33490.0,0.022375,2250.0,0.022372,74888950.0,1633196.7727
1753505090355,04:44:50.355,bybit,ACH/USDT:USDT,0.022374,34830.0,0.022375,2250.0,0.022372,74888950.0,1633196.7727
1753505090655,04:44:50.655,bybit,ACH/USDT:USDT,0.022374,34160.0,0.022375,2250.0,0.022372,74888950.0,1633196.7727
1753505091655,04:44:51.655,bybit,ACH/USDT:USDT,0.022374,35580.0,0.022375,2250.0,0.022372,74888950.0,1633196.7727
1753505094455,04:44:54.455,bybit,ACH/USDT:USDT,0.022374,35580.0,0.022375,2250.0,0.022372,74888950.0,1633196.7727
1753505094755,04:44:54.755,bybit,ACH/USDT:USDT,0.022374,35580.0,0.022375,2250.0,0.022372,74888950.0,1633196.7727
1753505095355,04:44:55.355,bybit,ACH/USDT:USDT,0.022374,35580.0,0.022375,2250.0,0.022372,74888950.0,1633196.7727
1753505095655,04:44:55.655,bybit,ACH/USDT:USDT,0.022374,35580.0,0.022375,2250.0,0.022372,74888950.0,1633196.7727
1753505097155,04:44:57.155,bybit,ACH/USDT:USDT,0.022374,34160.0,0.022375,2250.0,0.022372,74888950.0,1633196.7727
1753505097255,04:44:57.255,bybit,ACH/USDT:USDT,0.022374,37840.0,0.022375,2250.0,0.022372,74888950.0,1633196.7727
1753505097456,04:44:57.456,bybit,ACH/USDT:USDT,0.022374,42190.0,0.022375,2250.0,0.022372,74888950.0,1633196.7727
1753505102555,04:45:02.555,bybit,ACH/USDT:USDT,0.022374,42190.0,0.022375,2250.0,0.022372,74888950.0,1633196.7727
1753505102755,04:45:02.755,bybit,ACH/USDT:USDT,0.022374,33490.0,0.022375,2250.0,0.022372,74888950.0,1633196.7727
1753505102856,04:45:02.856,bybit,ACH/USDT:USDT,0.022374,45450.0,0.022375,2250.0,0.022372,74888950.0,1633196.7727
1753505106455,04:45:06.455,bybit,ACH/USDT:USDT,0.022374,45450.0,0.022375,4890.0,0.022372,74888950.0,1633196.7727
1753505106555,04:45:06.555,bybit,ACH/USDT:USDT,0.022374,39470.0,0.022375,4890.0,0.022372,74888950.0,1633196.7727
1753505106655,04:45:06.655,bybit,ACH/USDT:USDT,0.022374,33490.0,0.022375,3370.0,0.022372,74888950.0,1633196.7727
1753505109056,04:45:09.056,bybit,ACH/USDT:USDT,0.022374,33490.0,0.022375,2250.0,0.022372,74888950.0,1633196.7727
1753505112755,04:45:12.755,bybit,ACH/USDT:USDT,0.022374,30890.0,0.022375,2250.0,0.022372,74888950.0,1633196.7727
1753505115855,04:45:15.855,bybit,ACH/USDT:USDT,0.022374,30890.0,0.022375,3370.0,0.022372,74888950.0,1633196.7727
1753505123955,04:45:23.955,bybit,ACH/USDT:USDT,0.022374,30890.0,0.022375,2250.0,0.022372,74888950.0,1633196.7727
1753505126655,04:45:26.655,bybit,ACH/USDT:USDT,0.022374,30890.0,0.022375,2250.0,0.022372,74862400.0,1632626.8098
1753505130155,04:45:30.155,bybit,ACH/USDT:USDT,0.022374,30890.0,0.022375,2250.0,0.022372,74862400.0,1632626.8098
1753505130255,04:45:30.255,bybit,ACH/USDT:USDT,0.022374,32370.0,0.022375,2250.0,0.022372,74862400.0,1632626.8098
1753505130755,04:45:30.755,bybit,ACH/USDT:USDT,0.022374,32370.0,0.022375,3370.0,0.022372,74862400.0,1632626.8098
1753505130855,04:45:30.855,bybit,ACH/USDT:USDT,0.022374,32370.0,0.022375,2250.0,0.022372,74862400.0,1632626.8098
1753505131355,04:45:31.355,bybit,ACH/USDT:USDT,0.022374,32370.0,0.022375,2250.0,0.022372,74862400.0,1632626.8098
1753505132555,04:45:32.555,bybit,ACH/USDT:USDT,0.022374,32370.0,0.022375,2250.0,0.022372,74862400.0,1632626.8098
1753505136855,04:45:36.855,bybit,ACH/USDT:USDT,0.022374,32370.0,0.022375,3370.0,0.022372,74862400.0,1632626.8098
1753505137655,04:45:37.655,bybit,ACH/USDT:USDT,0.022374,32370.0,0.022375,3370.0,0.022372,74862400.0,1632626.8098
1753505138855,04:45:38.855,bybit,ACH/USDT:USDT,0.022374,32370.0,0.022375,3370.0,0.022372,74862400.0,1632626.8098
1753505144356,04:45:44.356,bybit,ACH/USDT:USDT,0.022374,32370.0,0.022375,3100.0,0.022372,74862400.0,1632626.8098
1753505150055,04:45:50.055,bybit,ACH/USDT:USDT,0.022374,32370.0,0.022375,1980.0,0.022372,74862400.0,1632626.8098
1753505159555,04:45:59.555,bybit,ACH/USDT:USDT,0.022374,32370.0,0.022375,1980.0,0.022372,74862400.0,1632626.8098
1753505171355,04:46:11.355,bybit,ACH/USDT:USDT,0.022374,32370.0,0.022375,1980.0,0.022372,74845760.0,1632269.4312
1753505185055,04:46:25.055,bybit,ACH/USDT:USDT,0.022378,27000.0,0.022379,240.0,0.022375,74847740.0,1632313.7337
1753505185155,04:46:25.155,bybit,ACH/USDT:USDT,0.022378,27000.0,0.022379,240.0,0.022375,74847740.0,1632313.7337
1753505185955,04:46:25.955,bybit,ACH/USDT:USDT,0.022378,27000.0,0.022379,240.0,0.022375,74847740.0,1632313.7337
1753505188155,04:46:28.155,bybit,ACH/USDT:USDT,0.022378,28040.0,0.022379,240.0,0.022375,74847740.0,1632313.7337
1753505192255,04:46:32.255,bybit,ACH/USDT:USDT,0.022378,28040.0,0.022379,240.0,0.022375,74847740.0,1632313.7337
1753505197555,04:46:37.555,bybit,ACH/USDT:USDT,0.022378,35220.0,0.022379,240.0,0.022375,74847740.0,1632313.7337
1753505198255,04:46:38.255,bybit,ACH/USDT:USDT,0.022378,43060.0,0.022379,240.0,0.022375,74847740.0,1632313.7337
1753505198655,04:46:38.655,bybit,ACH/USDT:USDT,0.022378,45290.0,0.022379,240.0,0.022375,74847740.0,1632313.7337
1753505199455,04:46:39.455,bybit,ACH/USDT:USDT,0.022378,47520.0,0.022379,240.0,0.022375,74847740.0,1632313.7337
1753505199555,04:46:39.555,bybit,ACH/USDT:USDT,0.022379,25520.0,0.02238,270.0,0.022379,74847980.0,1632319.1046
1753505199656,04:46:39.656,bybit,ACH/USDT:USDT,0.022379,27450.0,0.02238,270.0,0.022379,74847980.0,1632319.1046
1753505200055,04:46:40.055,bybit,ACH/USDT:USDT,0.022379,27450.0,0.02238,270.0,0.022379,74847980.0,1632319.1046
1753505200155,04:46:40.155,bybit,ACH/USDT:USDT,0.022379,31770.0,0.02238,270.0,0.022379,74847980.0,1632319.1046
1753505200355,04:46:40.355,bybit,ACH/USDT:USDT,0.022379,31770.0,0.02238,270.0,0.022379,74847980.0,1632319.1046
1753505200956,04:46:40.956,bybit,ACH/USDT:USDT,0.022379,31770.0,0.02238,270.0,0.022379,74847980.0,1632319.1046
1753505201055,04:46:41.055,bybit,ACH/USDT:USDT,0.022379,35050.0,0.02238,270.0,0.022379,74847980.0,1632319.1046
1753505201555,04:46:41.555,bybit,ACH/USDT:USDT,0.022383,3000.0,0.022384,10.0,0.02238,74848250.0,1632325.1472
1753505202856,04:46:42.856,bybit,ACH/USDT:USDT,0.022383,4120.0,0.022384,10.0,0.02238,74848250.0,1632325.1472
1753505203255,04:46:43.255,bybit,ACH/USDT:USDT,0.022383,3000.0,0.022384,10.0,0.02238,74848250.0,1632325.1472
1753505203355,04:46:43.355,bybit,ACH/USDT:USDT,0.022383,3000.0,0.022384,10.0,0.02238,74848250.0,1632325.1472
1753505203555,04:46:43.555,bybit,ACH/USDT:USDT,0.022384,29270.0,0.022385,250.0,0.022384,74848260.0,1632325.3711
1753505203656,04:46:43.656,bybit,ACH/USDT:USDT,0.022384,29270.0,0.022385,250.0,0.022384,74848260.0,1632325.3711
1753505204656,04:46:44.656,bybit,ACH/USDT:USDT,0.022384,33190.0,0.022385,250.0,0.022384,74848260.0,1632325.3711
1753505204756,04:46:44.756,bybit,ACH/USDT:USDT,0.022384,37110.0,0.022385,250.0,0.022384,74848260.0,1632325.3711
1753505205756,04:46:45.756,bybit,ACH/USDT:USDT,0.022384,37110.0,0.022385,250.0,0.022384,74848260.0,1632325.3711
1753505206655,04:46:46.655,bybit,ACH/USDT:USDT,0.022384,37110.0,0.022385,250.0,0.022384,74848260.0,1632325.3711
1753505206955,04:46:46.955,bybit,ACH/USDT:USDT,0.022384,37110.0,0.022385,250.0,0.022384,74848260.0,1632325.3711
1753505207856,04:46:47.856,bybit,ACH/USDT:USDT,0.022384,37110.0,0.022385,250.0,0.022384,74848260.0,1632325.3711
1753505209955,04:46:49.955,bybit,ACH/USDT:USDT,0.022384,38150.0,0.022385,250.0,0.022384,74848260.0,1632325.3711
1753505213255,04:46:53.255,bybit,ACH/USDT:USDT,0.022384,38150.0,0.022385,250.0,0.022384,74848260.0,1632325.3711
1753505214755,04:46:54.755,bybit,ACH/USDT:USDT,0.022384,26520.0,0.022385,250.0,0.022384,74848260.0,1632325.3711
1753505215755,04:46:55.755,bybit,ACH/USDT:USDT,0.022384,25400.0,0.022385,1370.0,0.022384,74848260.0,1632325.3711
1753505216055,04:46:56.055,bybit,ACH/USDT:USDT,0.022384,25400.0,0.022385,250.0,0.022384,74848260.0,1632325.3711
1753505217255,04:46:57.255,bybit,ACH/USDT:USDT,0.022384,27630.0,0.022385,250.0,0.022384,74848260.0,1632325.3711
1753505221655,04:47:01.655,bybit,ACH/USDT:USDT,0.022384,27630.0,0.022385,1370.0,0.022384,74848260.0,1632325.3711
1753505222155,04:47:02.155,bybit,ACH/USDT:USDT,0.022384,27630.0,0.022385,250.0,0.022384,74848260.0,1632325.3711
1753505227255,04:47:07.255,bybit,ACH/USDT:USDT,0.022384,29860.0,0.022385,250.0,0.022384,74848260.0,1632325.3711
1753505230455,04:47:10.455,bybit,ACH/USDT:USDT,0.022384,29860.0,0.022385,1370.0,0.022384,74848260.0,1632325.3711
1753505232755,04:47:12.755,bybit,ACH/USDT:USDT,0.022384,30320.0,0.022385,1370.0,0.022384,74848260.0,1632325.3711
1753505232855,04:47:12.855,bybit,ACH/USDT:USDT,0.022382,230.0,0.022383,11760.0,0.022384,74878580.0,1633004.054
1753505233455,04:47:13.455,bybit,ACH/USDT:USDT,0.022382,230.0,0.022383,3490.0,0.022384,74878580.0,1633004.054
1753505234956,04:47:14.956,bybit,ACH/USDT:USDT,0.022382,2460.0,0.022383,3490.0,0.022384,74878580.0,1633004.054
1753505236755,04:47:16.755,bybit,ACH/USDT:USDT,0.022382,2460.0,0.022383,5010.0,0.022384,74878580.0,1633004.054
1753505242655,04:47:22.655,bybit,ACH/USDT:USDT,0.022382,2460.0,0.022383,3490.0,0.022384,74878580.0,1633004.054
1753505243255,04:47:23.255,bybit,ACH/USDT:USDT,0.022382,2460.0,0.022383,3490.0,0.022384,74878580.0,1633004.054
1753505243755,04:47:23.755,bybit,ACH/USDT:USDT,0.022374,2510.0,0.022378,8390.0,0.022382,74881040.0,1633059.1137
1753505243855,04:47:23.855,bybit,ACH/USDT:USDT,0.022374,2510.0,0.022377,3490.0,0.022382,74881040.0,1633059.1137
1753505244155,04:47:24.155,bybit,ACH/USDT:USDT,0.022374,2510.0,0.022377,3490.0,0.022382,74881040.0,1633059.1137
1753505244755,04:47:24.755,bybit,ACH/USDT:USDT,0.022374,2510.0,0.022377,3490.0,0.022382,74881040.0,1633059.1137
1753505245855,04:47:25.855,bybit,ACH/USDT:USDT,0.022374,2510.0,0.022376,3490.0,0.022382,74881040.0,1633059.1137
1753505246455,04:47:26.455,bybit,ACH/USDT:USDT,0.022374,4740.0,0.022376,3490.0,0.022382,74881040.0,1633059.1137
1753505247155,04:47:27.155,bybit,ACH/USDT:USDT,0.022374,4740.0,0.022375,3490.0,0.022382,74881040.0,1633059.1137
1753505247355,04:47:27.355,bybit,ACH/USDT:USDT,0.022374,10460.0,0.022375,3490.0,0.022382,74881040.0,1633059.1137
1753505250156,04:47:30.156,bybit,ACH/USDT:USDT,0.022374,10460.0,0.022375,3490.0,0.022382,74881040.0,1633059.1137
1753505251955,04:47:31.955,bybit,ACH/USDT:USDT,0.022374,10440.0,0.022375,3490.0,0.022382,74881040.0,1633059.1137
1753505252255,04:47:32.255,bybit,ACH/USDT:USDT,0.022374,10440.0,0.022375,3490.0,0.022382,74881040.0,1633059.1137
1753505254855,04:47:34.855,bybit,ACH/USDT:USDT,0.022374,12670.0,0.022375,3490.0,0.022382,74881040.0,1633059.1137
1753505260855,04:47:40.855,bybit,ACH/USDT:USDT,0.022377,1520.0,0.022378,1430.0,0.022382,74881040.0,1633059.1137
1753505261255,04:47:41.255,bybit,ACH/USDT:USDT,0.022377,1520.0,0.022378,1430.0,0.022382,74881040.0,1633059.1137
1753505261455,04:47:41.455,bybit,ACH/USDT:USDT,0.022377,1520.0,0.022378,1430.0,0.022382,74869120.0,1632802.9946
1753505264555,04:47:44.555,bybit,ACH/USDT:USDT,0.022377,1740.0,0.022378,1430.0,0.022382,74869120.0,1632802.9946
1753505269955,04:47:49.955,bybit,ACH/USDT:USDT,0.022376,5720.0,0.022377,3490.0,0.022377,74870860.0,1632841.9306
1753505270055,04:47:50.055,bybit,ACH/USDT:USDT,0.022376,5720.0,0.022377,4110.0,0.022377,74870860.0,1632841.9306
1753505270855,04:47:50.855,bybit,ACH/USDT:USDT,0.022376,5720.0,0.022377,4110.0,0.022377,74870860.0,1632841.9306
1753505271555,04:47:51.555,bybit,ACH/USDT:USDT,0.022374,6950.0,0.022375,10240.0,0.022376,74876580.0,1632969.9213
1753505271655,04:47:51.655,bybit,ACH/USDT:USDT,0.022374,6950.0,0.022375,10240.0,0.022376,74876580.0,1632969.9213
1753505272055,04:47:52.055,bybit,ACH/USDT:USDT,0.022374,6950.0,0.022377,620.0,0.022376,74876580.0,1632969.9213
1753505272155,04:47:52.155,bybit,ACH/USDT:USDT,0.022374,6950.0,0.022375,4500.0,0.022376,74876580.0,1632969.9213
1753505272655,04:47:52.655,bybit,ACH/USDT:USDT,0.022374,6950.0,0.022375,4500.0,0.022376,74876580.0,1632969.9213
1753505273855,04:47:53.855,bybit,ACH/USDT:USDT,0.02237,250.0,0.022371,10240.0,0.022374,74883530.0,1633125.4206
1753505273955,04:47:53.955,bybit,ACH/USDT:USDT,0.02237,250.0,0.022371,10240.0,0.022374,74883530.0,1633125.4206
1753505274256,04:47:54.256,bybit,ACH/USDT:USDT,0.02237,250.0,0.022371,11760.0,0.022374,74883530.0,1633125.4206
1753505274355,04:47:54.355,bybit,ACH/USDT:USDT,0.02237,250.0,0.022371,16230.0,0.022374,74883530.0,1633125.4206
1753505274455,04:47:54.455,bybit,ACH/USDT:USDT,0.02237,250.0,0.022371,16230.0,0.022374,74883530.0,1633125.4206
1753505274755,04:47:54.755,bybit,ACH/USDT:USDT,0.02237,250.0,0.022371,16230.0,0.022374,74883530.0,1633125.4206
1753505276756,04:47:56.756,bybit,ACH/USDT:USDT,0.02237,1970.0,0.022371,11760.0,0.022374,74883530.0,1633125.4206
1753505282155,04:48:02.155,bybit,ACH/USDT:USDT,0.02237,4830.0,0.022371,11760.0,0.022374,74883530.0,1633125.4206
1753505286455,04:48:06.455,bybit,ACH/USDT:USDT,0.02237,4830.0,0.022371,11760.0,0.022374,74883530.0,1633125.4206
1753505287655,04:48:07.655,bybit,ACH/USDT:USDT,0.02237,4830.0,0.022371,11760.0,0.022374,74883530.0,1633125.4206
1753505289255,04:48:09.255,bybit,ACH/USDT:USDT,0.02237,4830.0,0.022371,10240.0,0.022374,74883530.0,1633125.4206
1753505291556,04:48:11.556,bybit,ACH/USDT:USDT,0.02237,4830.0,0.022371,10240.0,0.022374,74883530.0,1633125.4206
1753505293056,04:48:13.056,bybit,ACH/USDT:USDT,0.02237,4830.0,0.022371,10240.0,0.022374,74883530.0,1633125.4206
1753505299355,04:48:19.355,bybit,ACH/USDT:USDT,0.02237,4830.0,0.022371,10240.0,0.022374,74883530.0,1633125.4206
1753505299655,04:48:19.655,bybit,ACH/USDT:USDT,0.02237,7060.0,0.022371,10240.0,0.022374,74883530.0,1633125.4206
1753505300855,04:48:20.855,bybit,ACH/USDT:USDT,0.02237,7060.0,0.022371,10240.0,0.022374,74883530.0,1633125.4206
1753505306355,04:48:26.355,bybit,ACH/USDT:USDT,0.02237,7060.0,0.022371,10240.0,0.022374,74795840.0,1631237.9423
1753505309255,04:48:29.255,bybit,ACH/USDT:USDT,0.02237,7060.0,0.022371,10240.0,0.022374,74795840.0,1631237.9423
1753505309655,04:48:29.655,bybit,ACH/USDT:USDT,0.022365,250.0,0.022367,10240.0,0.02237,74802900.0,1631395.8745
1753505309755,04:48:29.755,bybit,ACH/USDT:USDT,0.022365,250.0,0.022366,2640.0,0.02237,74802900.0,1631395.8745
1753505310155,04:48:30.155,bybit,ACH/USDT:USDT,0.022365,250.0,0.022366,2640.0,0.02237,74802900.0,1631395.8745
1753505310755,04:48:30.755,bybit,ACH/USDT:USDT,0.022365,250.0,0.022366,2640.0,0.02237,74802900.0,1631395.8745
1753505312256,04:48:32.256,bybit,ACH/USDT:USDT,0.022365,250.0,0.022366,2640.0,0.02237,74802900.0,1631395.8745
1753505316755,04:48:36.755,bybit,ACH/USDT:USDT,0.022365,250.0,0.022366,2640.0,0.02237,74802900.0,1631395.8745
1753505321255,04:48:41.255,bybit,ACH/USDT:USDT,0.022365,250.0,0.022366,2640.0,0.02237,74802900.0,1631395.8745
1753505322155,04:48:42.155,bybit,ACH/USDT:USDT,0.022365,1170.0,0.022366,1120.0,0.02237,74802900.0,1631395.8745
1753505323356,04:48:43.356,bybit,ACH/USDT:USDT,0.022365,1170.0,0.022366,1120.0,0.02237,74802900.0,1631395.8745
1753505324255,04:48:44.255,bybit,ACH/USDT:USDT,0.022365,1170.0,0.022366,1120.0,0.02237,74802900.0,1631395.8745
1753505325255,04:48:45.255,bybit,ACH/USDT:USDT,0.022365,1170.0,0.022366,2640.0,0.02237,74802900.0,1631395.8745
1753505325755,04:48:45.755,bybit,ACH/USDT:USDT,0.022365,1170.0,0.022366,2640.0,0.02237,74802900.0,1631395.8745
1753505330055,04:48:50.055,bybit,ACH/USDT:USDT,0.022365,1170.0,0.022366,1120.0,0.02237,74802900.0,1631395.8745
1753505332055,04:48:52.055,bybit,ACH/USDT:USDT,0.022369,770.0,0.022372,470.0,0.02237,74802900.0,1631395.8745
1753505332155,04:48:52.155,bybit,ACH/USDT:USDT,0.022369,770.0,0.02237,310.0,0.02237,74802900.0,1631395.8745
1753505332555,04:48:52.555,bybit,ACH/USDT:USDT,0.022369,770.0,0.02237,1430.0,0.02237,74802900.0,1631395.8745
1753505333556,04:48:53.556,bybit,ACH/USDT:USDT,0.022369,770.0,0.02237,1430.0,0.02237,74802900.0,1631395.8745
1753505335055,04:48:55.055,bybit,ACH/USDT:USDT,0.022368,770.0,0.02237,1430.0,0.02237,74802900.0,1631395.8745
1753505337756,04:48:57.756,bybit,ACH/USDT:USDT,0.022368,770.0,0.022369,3490.0,0.02237,74802900.0,1631395.8745
1753505339555,04:48:59.555,bybit,ACH/USDT:USDT,0.022368,770.0,0.022372,1240.0,0.02237,74802900.0,1631395.8745
1753505339655,04:48:59.655,bybit,ACH/USDT:USDT,0.022368,770.0,0.02237,310.0,0.02237,74802900.0,1631395.8745
1753505339855,04:48:59.855,bybit,ACH/USDT:USDT,0.022368,770.0,0.02237,310.0,0.02237,74802900.0,1631395.8745
1753505340455,04:49:00.455,bybit,ACH/USDT:USDT,0.022368,770.0,0.02237,380.0,0.02237,74802900.0,1631395.8745
1753505340755,04:49:00.755,bybit,ACH/USDT:USDT,0.022368,770.0,0.02237,380.0,0.02237,74802900.0,1631395.8745
1753505341655,04:49:01.655,bybit,ACH/USDT:USDT,0.022368,770.0,0.02237,380.0,0.02237,74802900.0,1631395.8745
1753505343455,04:49:03.455,bybit,ACH/USDT:USDT,0.022368,1690.0,0.02237,380.0,0.02237,74802900.0,1631395.8745
1753505343755,04:49:03.755,bybit,ACH/USDT:USDT,0.022369,1520.0,0.02237,380.0,0.02237,74802900.0,1631395.8745
1753505349455,04:49:09.455,bybit,ACH/USDT:USDT,0.022369,1520.0,0.02237,380.0,0.02237,74802900.0,1631395.8745
1753505349755,04:49:09.755,bybit,ACH/USDT:USDT,0.022369,1520.0,0.02237,380.0,0.02237,74802900.0,1631395.8745
1753505350955,04:49:10.955,bybit,ACH/USDT:USDT,0.022369,1520.0,0.02237,380.0,0.02237,74802900.0,1631395.8745
1753505351255,04:49:11.255,bybit,ACH/USDT:USDT,0.022369,1520.0,0.02237,380.0,0.02237,74384410.0,1622385.7435
1753505353555,04:49:13.555,bybit,ACH/USDT:USDT,0.022369,1520.0,0.02237,1500.0,0.02237,74384410.0,1622385.7435
1753505353955,04:49:13.955,bybit,ACH/USDT:USDT,0.022369,1520.0,0.02237,4560.0,0.02237,74384410.0,1622385.7435
1753505354055,04:49:14.055,bybit,ACH/USDT:USDT,0.022368,920.0,0.022369,13250.0,0.02237,74384410.0,1622385.7435
1753505354555,04:49:14.555,bybit,ACH/USDT:USDT,0.022368,920.0,0.022369,13250.0,0.02237,74384410.0,1622385.7435
1753505354855,04:49:14.855,bybit,ACH/USDT:USDT,0.022368,920.0,0.022369,6750.0,0.02237,74384410.0,1622385.7435
1753505355455,04:49:15.455,bybit,ACH/USDT:USDT,0.022368,920.0,0.022369,6750.0,0.02237,74384410.0,1622385.7435
1753505375555,04:49:35.555,bybit,ACH/USDT:USDT,0.022365,250.0,0.022366,10240.0,0.022368,74385330.0,1622406.322
1753505375655,04:49:35.655,bybit,ACH/USDT:USDT,0.022365,250.0,0.022366,10240.0,0.022368,74385330.0,1622406.322
1753505376455,04:49:36.455,bybit,ACH/USDT:USDT,0.022365,250.0,0.022366,10240.0,0.022368,74385330.0,1622406.322
1753505376755,04:49:36.755,bybit,ACH/USDT:USDT,0.022365,250.0,0.022366,10240.0,0.022368,74385330.0,1622406.322
1753505377055,04:49:37.055,bybit,ACH/USDT:USDT,0.022365,250.0,0.022366,10240.0,0.022368,74385330.0,1622406.322
1753505378255,04:49:38.255,bybit,ACH/USDT:USDT,0.022365,250.0,0.022366,10240.0,0.022368,74385330.0,1622406.322
1753505379955,04:49:39.955,bybit,ACH/USDT:USDT,0.022365,250.0,0.022366,11760.0,0.022368,74385330.0,1622406.322
1753505380155,04:49:40.155,bybit,ACH/USDT:USDT,0.022365,250.0,0.022366,16230.0,0.022368,74385330.0,1622406.322
1753505382555,04:49:42.555,bybit,ACH/USDT:USDT,0.022365,249410.0,0.022366,16230.0,0.022368,74385330.0,1622406.322
1753505382655,04:49:42.655,bybit,ACH/USDT:USDT,0.022365,249410.0,0.022366,10240.0,0.022368,74385330.0,1622406.322
1753505385155,04:49:45.155,bybit,ACH/USDT:USDT,0.022365,249410.0,0.022366,10240.0,0.022368,74385330.0,1622406.322
1753505385755,04:49:45.755,bybit,ACH/USDT:USDT,0.022365,249410.0,0.022366,10410.0,0.022368,74385330.0,1622406.322
1753505388055,04:49:48.055,bybit,ACH/USDT:USDT,0.022365,249410.0,0.022366,11930.0,0.022368,74385330.0,1622406.322
1753505389555,04:49:49.555,bybit,ACH/USDT:USDT,0.022365,249410.0,0.022366,10410.0,0.022368,74385330.0,1622406.322
1753505390056,04:49:50.056,bybit,ACH/USDT:USDT,0.022345,250.0,0.022346,10470.0,0.022349,74667070.0,1628707.0355
1753505390155,04:49:50.155,bybit,ACH/USDT:USDT,0.022345,250.0,0.022346,7410.0,0.022349,74667070.0,1628707.0355
1753505390256,04:49:50.256,bybit,ACH/USDT:USDT,0.022345,250.0,0.022346,6020.0,0.022349,74667070.0,1628707.0355
1753505390555,04:49:50.555,bybit,ACH/USDT:USDT,0.022345,250.0,0.022346,6020.0,0.022349,74667070.0,1628707.0355
1753505390956,04:49:50.956,bybit,ACH/USDT:USDT,0.022345,1790.0,0.022346,1120.0,0.022349,74667070.0,1628707.0355
1753505391056,04:49:51.056,bybit,ACH/USDT:USDT,0.022345,1790.0,0.022346,2510.0,0.022349,74667070.0,1628707.0355
1753505391155,04:49:51.155,bybit,ACH/USDT:USDT,0.022345,1790.0,0.022346,1120.0,0.022349,74667070.0,1628707.0355
1753505393555,04:49:53.555,bybit,ACH/USDT:USDT,0.022345,1790.0,0.022346,1120.0,0.022349,74667070.0,1628707.0355
1753505397755,04:49:57.755,bybit,ACH/USDT:USDT,0.022345,1790.0,0.022346,1120.0,0.022349,74667070.0,1628707.0355
1753505401655,04:50:01.655,bybit,ACH/USDT:USDT,0.022345,1790.0,0.022346,1120.0,0.022349,74667070.0,1628707.0355
1753505402255,04:50:02.255,bybit,ACH/USDT:USDT,0.022345,1790.0,0.022346,1120.0,0.022349,74667070.0,1628707.0355
1753505402555,04:50:02.555,bybit,ACH/USDT:USDT,0.022345,1790.0,0.022346,4400.0,0.022349,74667070.0,1628707.0355
1753505405055,04:50:05.055,bybit,ACH/USDT:USDT,0.022345,250.0,0.022346,4680.0,0.022349,74667070.0,1628707.0355
1753505410155,04:50:10.155,bybit,ACH/USDT:USDT,0.022345,6560.0,0.022346,1400.0,0.022349,74667070.0,1628707.0355
1753505410255,04:50:10.255,bybit,ACH/USDT:USDT,0.022345,6560.0,0.022346,1430.0,0.022349,74667070.0,1628707.0355
1753505410755,04:50:10.755,bybit,ACH/USDT:USDT,0.022341,790.0,0.022344,13700.0,0.022344,74675330.0,1628891.6035
1753505410855,04:50:10.855,bybit,ACH/USDT:USDT,0.02234,1040.0,0.022343,10990.0,0.022344,74675330.0,1628891.6035
1753505410955,04:50:10.955,bybit,ACH/USDT:USDT,0.022341,780.0,0.022343,3460.0,0.022344,74675330.0,1628891.6035
1753505411155,04:50:11.155,bybit,ACH/USDT:USDT,0.02234,1040.0,0.022342,3460.0,0.022344,74675330.0,1628891.6035
1753505411255,04:50:11.255,bybit,ACH/USDT:USDT,0.02234,1040.0,0.022341,3460.0,0.022344,74675330.0,1628891.6035
1753505411555,04:50:11.555,bybit,ACH/USDT:USDT,0.02234,1040.0,0.022341,3740.0,0.022344,74675330.0,1628891.6035
1753505412455,04:50:12.455,bybit,ACH/USDT:USDT,0.02234,1040.0,0.022341,3740.0,0.022344,74675330.0,1628891.6035
1753505415355,04:50:15.355,bybit,ACH/USDT:USDT,0.02234,1040.0,0.022341,3460.0,0.022344,74675330.0,1628891.6035
1753505417155,04:50:17.155,bybit,ACH/USDT:USDT,0.022338,2710.0,0.022339,3460.0,0.02234,74676370.0,1628914.8371
1753505417255,04:50:17.255,bybit,ACH/USDT:USDT,0.022338,2710.0,0.022339,3740.0,0.02234,74676370.0,1628914.8371
1753505417855,04:50:17.855,bybit,ACH/USDT:USDT,0.022338,2710.0,0.022339,3740.0,0.02234,74676370.0,1628914.8371
1753505418755,04:50:18.755,bybit,ACH/USDT:USDT,0.022338,2710.0,0.022339,3740.0,0.02234,74676370.0,1628914.8371
1753505419655,04:50:19.655,bybit,ACH/USDT:USDT,0.022338,2710.0,0.022339,3740.0,0.02234,74676370.0,1628914.8371
1753505421155,04:50:21.155,bybit,ACH/USDT:USDT,0.022335,270.0,0.022336,7230.0,0.022338,74679080.0,1628975.3731
1753505421255,04:50:21.255,bybit,ACH/USDT:USDT,0.022335,270.0,0.022336,7230.0,0.022338,74679080.0,1628975.3731
1753505421755,04:50:21.755,bybit,ACH/USDT:USDT,0.022335,270.0,0.022336,7230.0,0.022338,74679080.0,1628975.3731
1753505423256,04:50:23.256,bybit,ACH/USDT:USDT,0.022335,270.0,0.022336,7230.0,0.022338,74679080.0,1628975.3731
1753505425956,04:50:25.956,bybit,ACH/USDT:USDT,0.022335,1620.0,0.022336,3740.0,0.022338,74679080.0,1628975.3731
1753505426056,04:50:26.056,bybit,ACH/USDT:USDT,0.022335,1620.0,0.022336,3460.0,0.022338,74679080.0,1628975.3731
1753505427455,04:50:27.455,bybit,ACH/USDT:USDT,0.022335,1620.0,0.022336,3460.0,0.022338,74679080.0,1628975.3731
1753505427759,04:50:27.759,bybit,ACH/USDT:USDT,0.022335,1620.0,0.022336,3460.0,0.022338,74679080.0,1628975.3731
1753505432055,04:50:32.055,bybit,ACH/USDT:USDT,0.022335,2090.0,0.022336,3460.0,0.022338,74679080.0,1628975.3731
1753505432355,04:50:32.355,bybit,ACH/USDT:USDT,0.022331,790.0,0.022333,10330.0,0.022335,74681170.0,1629022.0532
1753505432455,04:50:32.455,bybit,ACH/USDT:USDT,0.022331,2140.0,0.022332,1120.0,0.022335,74681170.0,1629022.0532
1753505432855,04:50:32.855,bybit,ACH/USDT:USDT,0.022331,2140.0,0.022332,1120.0,0.022335,74681170.0,1629022.0532
1753505433155,04:50:33.155,bybit,ACH/USDT:USDT,0.022331,2140.0,0.022332,1120.0,0.022335,74681170.0,1629022.0532
1753505433656,04:50:33.656,bybit,ACH/USDT:USDT,0.022331,112560.0,0.022332,1120.0,0.022335,74681170.0,1629022.0532
1753505433756,04:50:33.756,bybit,ACH/USDT:USDT,0.022331,112560.0,0.022332,1120.0,0.022335,74681170.0,1629022.0532
1753505435655,04:50:35.655,bybit,ACH/USDT:USDT,0.022331,111890.0,0.022332,1120.0,0.022335,74681170.0,1629022.0532
1753505436756,04:50:36.756,bybit,ACH/USDT:USDT,0.022331,111890.0,0.022332,1120.0,0.022335,74681170.0,1629022.0532
1753505441255,04:50:41.255,bybit,ACH/USDT:USDT,0.022331,111890.0,0.022332,1120.0,0.022335,74681170.0,1629022.0532
1753505441355,04:50:41.355,bybit,ACH/USDT:USDT,0.022331,111890.0,0.022332,1120.0,0.022335,74580190.0,1626851.1637
1753505441656,04:50:41.656,bybit,ACH/USDT:USDT,0.022331,680.0,0.022332,51160.0,0.022335,74580190.0,1626851.1637
1753505444555,04:50:44.555,bybit,ACH/USDT:USDT,0.022331,680.0,0.022332,51160.0,0.022335,74580190.0,1626851.1637
1753505453055,04:50:53.055,bybit,ACH/USDT:USDT,0.022331,680.0,0.022332,51440.0,0.022335,74580190.0,1626851.1637
1753505453255,04:50:53.255,bybit,ACH/USDT:USDT,0.022331,680.0,0.022332,51440.0,0.022335,74580190.0,1626851.1637
1753505453855,04:50:53.855,bybit,ACH/USDT:USDT,0.022331,680.0,0.022332,51440.0,0.022335,74580190.0,1626851.1637
1753505454155,04:50:54.155,bybit,ACH/USDT:USDT,0.022331,680.0,0.022332,51440.0,0.022335,74580190.0,1626851.1637
1753505454755,04:50:54.755,bybit,ACH/USDT:USDT,0.022331,680.0,0.022332,51440.0,0.022335,74580190.0,1626851.1637
1753505456155,04:50:56.155,bybit,ACH/USDT:USDT,0.02233,250.0,0.022331,3460.0,0.022331,74580870.0,1626866.3488
1753505456255,04:50:56.255,bybit,ACH/USDT:USDT,0.02233,250.0,0.022331,5000.0,0.022331,74580870.0,1626866.3488
1753505456355,04:50:56.355,bybit,ACH/USDT:USDT,0.02233,930.0,0.022331,5000.0,0.022331,74580870.0,1626866.3488
1753505456655,04:50:56.655,bybit,ACH/USDT:USDT,0.02233,250.0,0.022331,5000.0,0.022331,74580870.0,1626866.3488
1753505456855,04:50:56.855,bybit,ACH/USDT:USDT,0.02233,250.0,0.022331,11500.0,0.022331,74580870.0,1626866.3488
1753505457155,04:50:57.155,bybit,ACH/USDT:USDT,0.02233,250.0,0.022331,11500.0,0.022331,74580870.0,1626866.3488
1753505457455,04:50:57.455,bybit,ACH/USDT:USDT,0.02233,250.0,0.022331,5000.0,0.022331,74580870.0,1626866.3488
1753505457755,04:50:57.755,bybit,ACH/USDT:USDT,0.02233,250.0,0.022331,5000.0,0.022331,74580870.0,1626866.3488
1753505460155,04:51:00.155,bybit,ACH/USDT:USDT,0.02233,250.0,0.022331,11500.0,0.022331,74580870.0,1626866.3488
1753505460455,04:51:00.455,bybit,ACH/USDT:USDT,0.02233,250.0,0.022331,5000.0,0.022331,74580870.0,1626866.3488
1753505460655,04:51:00.655,bybit,ACH/USDT:USDT,0.02233,250.0,0.022331,11500.0,0.022331,74580870.0,1626866.3488
1753505461055,04:51:01.055,bybit,ACH/USDT:USDT,0.02233,250.0,0.022331,11500.0,0.022331,74580870.0,1626866.3488
1753505461455,04:51:01.455,bybit,ACH/USDT:USDT,0.02233,250.0,0.022331,5000.0,0.022331,74580870.0,1626866.3488
1753505461555,04:51:01.555,bybit,ACH/USDT:USDT,0.022325,250.0,0.022326,8490.0,0.02233,74581120.0,1626871.9313
1753505461655,04:51:01.655,bybit,ACH/USDT:USDT,0.022325,250.0,0.022326,8770.0,0.02233,74581120.0,1626871.9313
1753505461955,04:51:01.955,bybit,ACH/USDT:USDT,0.022325,250.0,0.022326,8770.0,0.02233,74581120.0,1626871.9313
1753505462555,04:51:02.555,bybit,ACH/USDT:USDT,0.022325,250.0,0.022326,8770.0,0.02233,74581120.0,1626871.9313
1753505465855,04:51:05.855,bybit,ACH/USDT:USDT,0.02232,250.0,0.022321,3460.0,0.022325,74581370.0,1626877.5126
1753505465955,04:51:05.955,bybit,ACH/USDT:USDT,0.02232,250.0,0.022321,6950.0,0.022325,74581370.0,1626877.5126
1753505466755,04:51:06.755,bybit,ACH/USDT:USDT,0.02232,250.0,0.022321,6950.0,0.022325,74581370.0,1626877.5126
1753505468555,04:51:08.555,bybit,ACH/USDT:USDT,0.02232,250.0,0.022321,6950.0,0.022325,74581370.0,1626877.5126
1753505468855,04:51:08.855,bybit,ACH/USDT:USDT,0.02232,250.0,0.022321,6950.0,0.022325,74581370.0,1626877.5126
1753505471255,04:51:11.255,bybit,ACH/USDT:USDT,0.02232,250.0,0.022321,6950.0,0.022325,74581370.0,1626877.5126
1753505473555,04:51:13.555,bybit,ACH/USDT:USDT,0.02232,250.0,0.022321,8490.0,0.022325,74581370.0,1626877.5126
1753505473655,04:51:13.655,bybit,ACH/USDT:USDT,0.02232,250.0,0.022321,8490.0,0.022325,74581370.0,1626877.5126
1753505474556,04:51:14.556,bybit,ACH/USDT:USDT,0.02232,250.0,0.022321,8490.0,0.022325,74581370.0,1626877.5126
1753505477655,04:51:17.655,bybit,ACH/USDT:USDT,0.02232,250.0,0.022321,9220.0,0.022325,74581370.0,1626877.5126
1753505478455,04:51:18.455,bybit,ACH/USDT:USDT,0.02232,250.0,0.022321,9220.0,0.022325,74581370.0,1626877.5126
1753505480855,04:51:20.855,bybit,ACH/USDT:USDT,0.02232,250.0,0.022321,13700.0,0.022325,74581370.0,1626877.5126
1753505482355,04:51:22.355,bybit,ACH/USDT:USDT,0.02232,250.0,0.022321,9220.0,0.022325,74581370.0,1626877.5126
1753505482655,04:51:22.655,bybit,ACH/USDT:USDT,0.02232,1790.0,0.022321,4190.0,0.022325,74581370.0,1626877.5126
1753505483255,04:51:23.255,bybit,ACH/USDT:USDT,0.02232,1790.0,0.022321,4190.0,0.022325,74581370.0,1626877.5126
1753505485855,04:51:25.855,bybit,ACH/USDT:USDT,0.02232,1790.0,0.022321,730.0,0.022325,74581370.0,1626877.5126
1753505486155,04:51:26.155,bybit,ACH/USDT:USDT,0.02232,1790.0,0.022321,730.0,0.022325,74560760.0,1626434.2024
1753505486555,04:51:26.555,bybit,ACH/USDT:USDT,0.02232,1790.0,0.022321,730.0,0.022325,74560760.0,1626434.2024
1753505490255,04:51:30.255,bybit,ACH/USDT:USDT,0.02232,1790.0,0.022321,1850.0,0.022325,74560760.0,1626434.2024
1753505491855,04:51:31.855,bybit,ACH/USDT:USDT,0.02232,250.0,0.022321,1850.0,0.022325,74560760.0,1626434.2024
1753505492055,04:51:32.055,bybit,ACH/USDT:USDT,0.02232,250.0,0.022321,2970.0,0.022325,74560760.0,1626434.2024
1753505494655,04:51:34.655,bybit,ACH/USDT:USDT,0.02232,250.0,0.022321,2970.0,0.022325,74560760.0,1626434.2024
1753505495655,04:51:35.655,bybit,ACH/USDT:USDT,0.02232,250.0,0.022321,1850.0,0.022325,74560760.0,1626434.2024
1753505495855,04:51:35.855,bybit,ACH/USDT:USDT,0.02232,250.0,0.022321,1850.0,0.022325,74560760.0,1626434.2024
1753505496755,04:51:36.755,bybit,ACH/USDT:USDT,0.02232,250.0,0.022321,1850.0,0.022325,74560760.0,1626434.2024
1753505510055,04:51:50.055,bybit,ACH/USDT:USDT,0.02232,2090.0,0.022321,730.0,0.022325,74560760.0,1626434.2024
1753505510855,04:51:50.855,bybit,ACH/USDT:USDT,0.02232,2090.0,0.022321,950.0,0.022325,74560760.0,1626434.2024
1753505511655,04:51:51.655,bybit,ACH/USDT:USDT,0.022323,1540.0,0.022325,310.0,0.022321,74561710.0,1626455.4074
1753505511756,04:51:51.756,bybit,ACH/USDT:USDT,0.022323,1540.0,0.022325,620.0,0.022321,74561710.0,1626455.4074
1753505512255,04:51:52.255,bybit,ACH/USDT:USDT,0.022323,1540.0,0.022325,900.0,0.022321,74561710.0,1626455.4074
1753505512655,04:51:52.655,bybit,ACH/USDT:USDT,0.022323,1540.0,0.022325,900.0,0.022321,74561710.0,1626455.4074
1753505514455,04:51:54.455,bybit,ACH/USDT:USDT,0.022323,1540.0,0.022324,3460.0,0.022321,74561710.0,1626455.4074
1753505519255,04:51:59.255,bybit,ACH/USDT:USDT,0.022323,1540.0,0.022324,3460.0,0.022321,74561710.0,1626455.4074
1753505519856,04:51:59.856,bybit,ACH/USDT:USDT,0.022323,1540.0,0.022324,3460.0,0.022321,74561710.0,1626455.4074
1753505522255,04:52:02.255,bybit,ACH/USDT:USDT,0.022323,1540.0,0.022324,3460.0,0.022321,74561710.0,1626455.4074
1753505522355,04:52:02.355,bybit,ACH/USDT:USDT,0.022323,1090.0,0.022324,3460.0,0.022323,74562160.0,1626465.4527
1753505524055,04:52:04.055,bybit,ACH/USDT:USDT,0.022323,1090.0,0.022324,3690.0,0.022323,74562160.0,1626465.4527
1753505531255,04:52:11.255,bybit,ACH/USDT:USDT,0.022323,1090.0,0.022324,3690.0,0.022323,74562160.0,1626465.4527
1753505531455,04:52:11.455,bybit,ACH/USDT:USDT,0.022323,1090.0,0.022324,3690.0,0.022323,74450760.0,1624063.9768
1753505533256,04:52:13.256,bybit,ACH/USDT:USDT,0.022323,1090.0,0.022324,4730.0,0.022323,74450760.0,1624063.9768
1753505542955,04:52:22.955,bybit,ACH/USDT:USDT,0.022323,1090.0,0.022324,4730.0,0.022323,74450760.0,1624063.9768
1753505551456,04:52:31.456,bybit,ACH/USDT:USDT,0.022323,1090.0,0.022324,4740.0,0.022323,74450760.0,1624063.9768
1753505553755,04:52:33.755,bybit,ACH/USDT:USDT,0.022323,1090.0,0.022324,4740.0,0.022323,74450760.0,1624063.9768
1753505554955,04:52:34.955,bybit,ACH/USDT:USDT,0.022323,1090.0,0.022324,4740.0,0.022323,74450760.0,1624063.9768
1753505555056,04:52:35.056,bybit,ACH/USDT:USDT,0.022323,4400.0,0.022324,4740.0,0.022323,74450760.0,1624063.9768
1753505555755,04:52:35.755,bybit,ACH/USDT:USDT,0.022323,7320.0,0.022324,4740.0,0.022323,74450760.0,1624063.9768
1753505556755,04:52:36.755,bybit,ACH/USDT:USDT,0.022323,7320.0,0.022324,4740.0,0.022323,74450760.0,1624063.9768
1753505557655,04:52:37.655,bybit,ACH/USDT:USDT,0.022323,7320.0,0.022324,4740.0,0.022323,74450760.0,1624063.9768
1753505560455,04:52:40.455,bybit,ACH/USDT:USDT,0.022323,8320.0,0.022324,4740.0,0.022323,74450760.0,1624063.9768
1753505560755,04:52:40.755,bybit,ACH/USDT:USDT,0.022323,1000.0,0.022324,4740.0,0.022323,74450760.0,1624063.9768
1753505561256,04:52:41.256,bybit,ACH/USDT:USDT,0.022323,1000.0,0.022324,4740.0,0.022323,74450760.0,1624063.9768
1753505561555,04:52:41.555,bybit,ACH/USDT:USDT,0.022323,1000.0,0.022324,4740.0,0.022323,74450760.0,1624063.9768
1753505563955,04:52:43.955,bybit,ACH/USDT:USDT,0.022323,1000.0,0.022324,6280.0,0.022323,74450760.0,1624063.9768
1753505564055,04:52:44.055,bybit,ACH/USDT:USDT,0.022323,1000.0,0.022324,6630.0,0.022323,74450760.0,1624063.9768
1753505565555,04:52:45.555,bybit,ACH/USDT:USDT,0.022323,1000.0,0.022324,6280.0,0.022323,74450760.0,1624063.9768
1753505573856,04:52:53.856,bybit,ACH/USDT:USDT,0.02232,550.0,0.022321,5000.0,0.022323,74451760.0,1624086.2998
1753505578655,04:52:58.655,bybit,ACH/USDT:USDT,0.02232,550.0,0.022321,5000.0,0.022323,74451760.0,1624086.2998
1753505585455,04:53:05.455,bybit,ACH/USDT:USDT,0.02232,550.0,0.022321,5100.0,0.022323,74451760.0,1624086.2998
1753505585855,04:53:05.855,bybit,ACH/USDT:USDT,0.02232,550.0,0.022321,5100.0,0.022323,74451760.0,1624086.2998
1753505586455,04:53:06.455,bybit,ACH/USDT:USDT,0.02232,550.0,0.022321,5100.0,0.022323,74451760.0,1624086.2998
1753505605955,04:53:25.955,bybit,ACH/USDT:USDT,0.022315,1040.0,0.022316,3460.0,0.02232,74452310.0,1624098.5758
1753505606055,04:53:26.055,bybit,ACH/USDT:USDT,0.022315,250.0,0.022316,3460.0,0.02232,74452310.0,1624098.5758
1753505611656,04:53:31.656,bybit,ACH/USDT:USDT,0.022315,250.0,0.022316,3460.0,0.02232,74452310.0,1624098.5758
1753505612255,04:53:32.255,bybit,ACH/USDT:USDT,0.022315,250.0,0.022316,3460.0,0.02232,74452310.0,1624098.5758
1753505612555,04:53:32.555,bybit,ACH/USDT:USDT,0.022315,250.0,0.022316,3460.0,0.02232,74452310.0,1624098.5758
1753505617055,04:53:37.055,bybit,ACH/USDT:USDT,0.022315,250.0,0.022316,3460.0,0.02232,74452310.0,1624098.5758
1753505617955,04:53:37.955,bybit,ACH/USDT:USDT,0.022315,250.0,0.022316,3460.0,0.02232,74452310.0,1624098.5758
1753505618855,04:53:38.855,bybit,ACH/USDT:USDT,0.022315,250.0,0.022316,3460.0,0.02232,74452310.0,1624098.5758
1753505620656,04:53:40.656,bybit,ACH/USDT:USDT,0.022315,250.0,0.022316,3460.0,0.02232,74452310.0,1624098.5758
1753505621355,04:53:41.355,bybit,ACH/USDT:USDT,0.022315,250.0,0.022316,3460.0,0.02232,74432980.0,1623682.139
1753505624255,04:53:44.255,bybit,ACH/USDT:USDT,0.022315,480.0,0.022316,3460.0,0.02232,74432980.0,1623682.139
1753505628555,04:53:48.555,bybit,ACH/USDT:USDT,0.022318,790.0,0.022321,100.0,0.022316,74434990.0,1623726.9942
1753505628655,04:53:48.655,bybit,ACH/USDT:USDT,0.022318,790.0,0.022321,100.0,0.022316,74434990.0,1623726.9942
1753505629655,04:53:49.655,bybit,ACH/USDT:USDT,0.022318,790.0,0.022321,100.0,0.022316,74434990.0,1623726.9942
1753505629755,04:53:49.755,bybit,ACH/USDT:USDT,0.022318,790.0,0.022321,380.0,0.022316,74434990.0,1623726.9942
1753505630255,04:53:50.255,bybit,ACH/USDT:USDT,0.022318,790.0,0.022321,380.0,0.022316,74434990.0,1623726.9942
1753505630555,04:53:50.555,bybit,ACH/USDT:USDT,0.022318,790.0,0.022321,100.0,0.022316,74434990.0,1623726.9942
1753505631056,04:53:51.056,bybit,ACH/USDT:USDT,0.02232,1540.0,0.022321,100.0,0.022316,74434990.0,1623726.9942
1753505637055,04:53:57.055,bybit,ACH/USDT:USDT,0.022316,790.0,0.022321,1640.0,0.022317,74447000.0,1623995.0198
1753505637155,04:53:57.155,bybit,ACH/USDT:USDT,0.02232,1540.0,0.022321,100.0,0.022317,74447000.0,1623995.0198
1753505637755,04:53:57.755,bybit,ACH/USDT:USDT,0.02232,1540.0,0.022321,100.0,0.022317,74447000.0,1623995.0198
1753505638055,04:53:58.055,bybit,ACH/USDT:USDT,0.02232,1540.0,0.022321,100.0,0.022317,74447000.0,1623995.0198
1753505640455,04:54:00.455,bybit,ACH/USDT:USDT,0.022325,790.0,0.022327,280.0,0.022324,74450060.0,1624063.3306
1753505640555,04:54:00.555,bybit,ACH/USDT:USDT,0.022322,790.0,0.022326,2880.0,0.022324,74450060.0,1624063.3306
1753505640955,04:54:00.955,bybit,ACH/USDT:USDT,0.022323,790.0,0.022326,2880.0,0.022324,74450060.0,1624063.3306
1753505641055,04:54:01.055,bybit,ACH/USDT:USDT,0.022323,790.0,0.022326,2880.0,0.022324,74450060.0,1624063.3306
1753505641355,04:54:01.355,bybit,ACH/USDT:USDT,0.022323,790.0,0.022326,2880.0,0.022324,74450060.0,1624063.3306
1753505641655,04:54:01.655,bybit,ACH/USDT:USDT,0.022323,790.0,0.022326,2880.0,0.022324,74450060.0,1624063.3306
1753505642055,04:54:02.055,bybit,ACH/USDT:USDT,0.022323,3390.0,0.022326,2880.0,0.022324,74450060.0,1624063.3306
1753505642255,04:54:02.255,bybit,ACH/USDT:USDT,0.022323,3390.0,0.022326,2880.0,0.022324,74450060.0,1624063.3306
1753505643455,04:54:03.455,bybit,ACH/USDT:USDT,0.022323,3390.0,0.022326,2880.0,0.022324,74450060.0,1624063.3306
1753505647055,04:54:07.055,bybit,ACH/USDT:USDT,0.022323,3390.0,0.022326,2880.0,0.022324,74450060.0,1624063.3306
1753505647155,04:54:07.155,bybit,ACH/USDT:USDT,0.022323,2600.0,0.022324,2880.0,0.022324,74450060.0,1624063.3306
1753505647956,04:54:07.956,bybit,ACH/USDT:USDT,0.022323,2600.0,0.022324,2880.0,0.022324,74450060.0,1624063.3306
1753505648955,04:54:08.955,bybit,ACH/USDT:USDT,0.022323,4140.0,0.022324,2880.0,0.022324,74450060.0,1624063.3306
1753505650655,04:54:10.655,bybit,ACH/USDT:USDT,0.022323,4140.0,0.022324,2880.0,0.022324,74450060.0,1624063.3306
1753505651255,04:54:11.255,bybit,ACH/USDT:USDT,0.022323,4140.0,0.022324,2880.0,0.022324,74450060.0,1624063.3306
1753505651555,04:54:11.555,bybit,ACH/USDT:USDT,0.022323,2600.0,0.022324,2880.0,0.022324,74450060.0,1624063.3306
1753505651855,04:54:11.855,bybit,ACH/USDT:USDT,0.022323,2600.0,0.022324,2880.0,0.022324,74450060.0,1624063.3306
1753505652755,04:54:12.755,bybit,ACH/USDT:USDT,0.022318,790.0,0.02232,2880.0,0.022324,74450060.0,1624063.3306
1753505653555,04:54:13.555,bybit,ACH/USDT:USDT,0.022318,790.0,0.022319,2880.0,0.022324,74450060.0,1624063.3306
1753505658155,04:54:18.155,bybit,ACH/USDT:USDT,0.022318,890.0,0.022319,2880.0,0.022324,74450060.0,1624063.3306
1753505658455,04:54:18.455,bybit,ACH/USDT:USDT,0.02232,790.0,0.022323,790.0,0.022324,74450060.0,1624063.3306
1753505658855,04:54:18.855,bybit,ACH/USDT:USDT,0.02232,1310.0,0.022323,790.0,0.022324,74450060.0,1624063.3306
1753505659256,04:54:19.256,bybit,ACH/USDT:USDT,0.022321,790.0,0.022325,1070.0,0.022324,74450060.0,1624063.3306
1753505666555,04:54:26.555,bybit,ACH/USDT:USDT,0.02232,520.0,0.022321,4420.0,0.022324,74408370.0,1623164.2495
1753505666756,04:54:26.756,bybit,ACH/USDT:USDT,0.022315,1040.0,0.02232,460.0,0.022324,74408370.0,1623164.2495
1753505666855,04:54:26.855,bybit,ACH/USDT:USDT,0.022315,1040.0,0.022321,1820.0,0.022324,74408370.0,1623164.2495
1753505666955,04:54:26.955,bybit,ACH/USDT:USDT,0.022315,570.0,0.022316,2880.0,0.022324,74408370.0,1623164.2495
1753505667055,04:54:27.055,bybit,ACH/USDT:USDT,0.022315,890.0,0.022316,2880.0,0.022324,74408370.0,1623164.2495
1753505667655,04:54:27.655,bybit,ACH/USDT:USDT,0.022315,3490.0,0.022316,2880.0,0.022324,74408370.0,1623164.2495
1753505667855,04:54:27.855,bybit,ACH/USDT:USDT,0.022315,3170.0,0.022316,2880.0,0.022324,74408370.0,1623164.2495
1753505669455,04:54:29.455,bybit,ACH/USDT:USDT,0.022317,4140.0,0.022318,280.0,0.022316,74411250.0,1623228.5196
1753505669555,04:54:29.555,bybit,ACH/USDT:USDT,0.022319,800.0,0.022322,800.0,0.022316,74411250.0,1623228.5196
1753505669655,04:54:29.655,bybit,ACH/USDT:USDT,0.022319,3400.0,0.022322,800.0,0.022316,74411250.0,1623228.5196
1753505670156,04:54:30.156,bybit,ACH/USDT:USDT,0.022319,3400.0,0.022322,1080.0,0.022316,74411250.0,1623228.5196
1753505670355,04:54:30.355,bybit,ACH/USDT:USDT,0.022319,3840.0,0.022322,1080.0,0.022316,74411250.0,1623228.5196
1753505672255,04:54:32.255,bybit,ACH/USDT:USDT,0.022319,3840.0,0.022322,1080.0,0.022316,74411250.0,1623228.5196
1753505672655,04:54:32.655,bybit,ACH/USDT:USDT,0.022319,4280.0,0.022322,1080.0,0.022316,74411250.0,1623228.5196
1753505674656,04:54:34.656,bybit,ACH/USDT:USDT,0.022319,4280.0,0.022321,1110.0,0.022316,74411250.0,1623228.5196
1753505675755,04:54:35.755,bybit,ACH/USDT:USDT,0.022319,3480.0,0.022321,51530.0,0.022316,74411250.0,1623228.5196
1753505675955,04:54:35.955,bybit,ACH/USDT:USDT,0.022319,3480.0,0.02232,2880.0,0.022316,74411250.0,1623228.5196
1753505676355,04:54:36.355,bybit,ACH/USDT:USDT,0.022319,2600.0,0.02232,2880.0,0.022316,74411250.0,1623228.5196
1753505676655,04:54:36.655,bybit,ACH/USDT:USDT,0.022319,3040.0,0.02232,2880.0,0.022316,74411250.0,1623228.5196
1753505676755,04:54:36.755,bybit,ACH/USDT:USDT,0.022319,2600.0,0.02232,2880.0,0.022316,74411250.0,1623228.5196
1753505677955,04:54:37.955,bybit,ACH/USDT:USDT,0.022319,3500.0,0.02232,2880.0,0.022316,74411250.0,1623228.5196
1753505678255,04:54:38.255,bybit,ACH/USDT:USDT,0.022319,2600.0,0.02232,2880.0,0.022316,74411250.0,1623228.5196
1753505679956,04:54:39.956,bybit,ACH/USDT:USDT,0.022319,3500.0,0.02232,61110.0,0.022316,74411250.0,1623228.5196
1753505680055,04:54:40.055,bybit,ACH/USDT:USDT,0.022319,4590.0,0.02232,14120.0,0.02232,74458240.0,1624277.3364
1753505680156,04:54:40.156,bybit,ACH/USDT:USDT,0.022319,5040.0,0.02232,14120.0,0.02232,74458240.0,1624277.3364
1753505680355,04:54:40.355,bybit,ACH/USDT:USDT,0.022319,3500.0,0.02232,14120.0,0.02232,74458240.0,1624277.3364
1753505681255,04:54:41.255,bybit,ACH/USDT:USDT,0.022319,3500.0,0.02232,14120.0,0.02232,74458240.0,1624277.3364
1753505681655,04:54:41.655,bybit,ACH/USDT:USDT,0.022321,800.0,0.022324,1160.0,0.022321,74522780.0,1625717.9196
1753505681756,04:54:41.756,bybit,ACH/USDT:USDT,0.022322,800.0,0.022324,1160.0,0.022321,74522780.0,1625717.9196
1753505681855,04:54:41.855,bybit,ACH/USDT:USDT,0.022322,800.0,0.022324,1160.0,0.022321,74522780.0,1625717.9196
1753505681955,04:54:41.955,bybit,ACH/USDT:USDT,0.022322,8540.0,0.022324,1160.0,0.022321,74522780.0,1625717.9196
1753505685055,04:54:45.055,bybit,ACH/USDT:USDT,0.022322,8540.0,0.022324,1810.0,0.022321,74522780.0,1625717.9196
1753505686355,04:54:46.355,bybit,ACH/USDT:USDT,0.022323,1540.0,0.022324,1810.0,0.022321,74522780.0,1625717.9196
1753505686655,04:54:46.655,bybit,ACH/USDT:USDT,0.022323,1540.0,0.022324,1810.0,0.022321,74522780.0,1625717.9196
1753505687255,04:54:47.255,bybit,ACH/USDT:USDT,0.022323,1540.0,0.022324,1810.0,0.022321,74522780.0,1625717.9196
1753505687855,04:54:47.855,bybit,ACH/USDT:USDT,0.022323,1540.0,0.022324,1810.0,0.022321,74522780.0,1625717.9196
1753505688755,04:54:48.755,bybit,ACH/USDT:USDT,0.022323,1540.0,0.022324,1810.0,0.022321,74522780.0,1625717.9196
1753505690055,04:54:50.055,bybit,ACH/USDT:USDT,0.022323,1540.0,0.022324,1160.0,0.022321,74522780.0,1625717.9196
1753505690256,04:54:50.256,bybit,ACH/USDT:USDT,0.022323,1540.0,0.022324,1160.0,0.022321,74522780.0,1625717.9196
1753505691755,04:54:51.755,bybit,ACH/USDT:USDT,0.022323,1540.0,0.022324,1160.0,0.022321,74522780.0,1625717.9196
1753505692655,04:54:52.655,bybit,ACH/USDT:USDT,0.022323,1540.0,0.022324,1160.0,0.022321,74522780.0,1625717.9196
1753505692955,04:54:52.955,bybit,ACH/USDT:USDT,0.022323,1540.0,0.022324,1160.0,0.022321,74522780.0,1625717.9196
1753505693555,04:54:53.555,bybit,ACH/USDT:USDT,0.022323,1540.0,0.022324,1160.0,0.022321,74522780.0,1625717.9196
1753505696655,04:54:56.655,bybit,ACH/USDT:USDT,0.022323,1540.0,0.022326,800.0,0.022324,74523940.0,1625743.8154
1753505697055,04:54:57.055,bybit,ACH/USDT:USDT,0.022323,1540.0,0.022326,800.0,0.022324,74523940.0,1625743.8154
1753505698055,04:54:58.055,bybit,ACH/USDT:USDT,0.022323,1540.0,0.022326,800.0,0.022324,74523940.0,1625743.8154
1753505698655,04:54:58.655,bybit,ACH/USDT:USDT,0.022323,1540.0,0.022326,1080.0,0.022324,74523940.0,1625743.8154
1753505698955,04:54:58.955,bybit,ACH/USDT:USDT,0.022323,1540.0,0.022326,1080.0,0.022324,74523940.0,1625743.8154
1753505699255,04:54:59.255,bybit,ACH/USDT:USDT,0.022323,1540.0,0.022326,1080.0,0.022324,74523940.0,1625743.8154
1753505699856,04:54:59.856,bybit,ACH/USDT:USDT,0.022323,1540.0,0.022326,1080.0,0.022324,74523940.0,1625743.8154
1753505700355,04:55:00.355,bybit,ACH/USDT:USDT,0.022323,1540.0,0.022326,800.0,0.022324,74523940.0,1625743.8154
1753505700555,04:55:00.555,bybit,ACH/USDT:USDT,0.022323,1540.0,0.022326,1080.0,0.022324,74523940.0,1625743.8154
1753505702255,04:55:02.255,bybit,ACH/USDT:USDT,0.022323,1540.0,0.022326,1080.0,0.022324,74523940.0,1625743.8154
1753505703755,04:55:03.755,bybit,ACH/USDT:USDT,0.022321,800.0,0.022325,800.0,0.022324,74523940.0,1625743.8154
1753505703855,04:55:03.855,bybit,ACH/USDT:USDT,0.022318,800.0,0.022321,800.0,0.022324,74523940.0,1625743.8154
1753505704955,04:55:04.955,bybit,ACH/USDT:USDT,0.022318,800.0,0.02232,2880.0,0.022324,74523940.0,1625743.8154
1753505705455,04:55:05.455,bybit,ACH/USDT:USDT,0.022315,1310.0,0.022319,4420.0,0.022324,74523940.0,1625743.8154
1753505705955,04:55:05.955,bybit,ACH/USDT:USDT,0.022315,1050.0,0.022318,3680.0,0.022324,74523940.0,1625743.8154
1753505706455,04:55:06.455,bybit,ACH/USDT:USDT,0.022315,3650.0,0.022318,3680.0,0.022324,74523940.0,1625743.8154
1753505707255,04:55:07.255,bybit,ACH/USDT:USDT,0.022315,3650.0,0.022318,3960.0,0.022324,74523940.0,1625743.8154
1753505707355,04:55:07.355,bybit,ACH/USDT:USDT,0.022315,4170.0,0.022318,3960.0,0.022324,74523940.0,1625743.8154
1753505707655,04:55:07.655,bybit,ACH/USDT:USDT,0.022315,3910.0,0.022318,3960.0,0.022324,74523940.0,1625743.8154
1753505708655,04:55:08.655,bybit,ACH/USDT:USDT,0.022315,4170.0,0.022318,3960.0,0.022324,74523940.0,1625743.8154
1753505711055,04:55:11.055,bybit,ACH/USDT:USDT,0.022315,4170.0,0.022318,1080.0,0.022324,74523940.0,1625743.8154
1753505711455,04:55:11.455,bybit,ACH/USDT:USDT,0.022315,4170.0,0.022318,1080.0,0.022324,74516150.0,1625575.6658
1753505712455,04:55:12.455,bybit,ACH/USDT:USDT,0.022315,4170.0,0.022318,1080.0,0.022324,74516150.0,1625575.6658
1753505713355,04:55:13.355,bybit,ACH/USDT:USDT,0.022315,3650.0,0.022318,1080.0,0.022324,74516150.0,1625575.6658
1753505714855,04:55:14.855,bybit,ACH/USDT:USDT,0.022315,3650.0,0.022318,1080.0,0.022324,74516150.0,1625575.6658
1753505715455,04:55:15.455,bybit,ACH/USDT:USDT,0.022315,3650.0,0.022318,800.0,0.022324,74516150.0,1625575.6658
1753505716455,04:55:16.455,bybit,ACH/USDT:USDT,0.022315,3650.0,0.022318,1080.0,0.022324,74516150.0,1625575.6658
1753505718155,04:55:18.155,bybit,ACH/USDT:USDT,0.022315,3910.0,0.022318,1080.0,0.022324,74516150.0,1625575.6658
1753505724155,04:55:24.155,bybit,ACH/USDT:USDT,0.022315,4590.0,0.022318,1080.0,0.022324,74516150.0,1625575.6658
1753505726555,04:55:26.555,bybit,ACH/USDT:USDT,0.022316,3400.0,0.022318,280.0,0.022324,74516150.0,1625575.6658
1753505726955,04:55:26.955,bybit,ACH/USDT:USDT,0.022317,4140.0,0.022321,800.0,0.022324,74516150.0,1625575.6658
1753505727155,04:55:27.155,bybit,ACH/USDT:USDT,0.022318,800.0,0.022321,800.0,0.022324,74516150.0,1625575.6658
1753505727255,04:55:27.255,bybit,ACH/USDT:USDT,0.022318,6290.0,0.022321,800.0,0.022324,74516150.0,1625575.6658
1753505727956,04:55:27.956,bybit,ACH/USDT:USDT,0.022318,6290.0,0.022321,1080.0,0.022324,74516150.0,1625575.6658
1753505731855,04:55:31.855,bybit,ACH/USDT:USDT,0.02232,1540.0,0.022324,1110.0,0.022324,74516150.0,1625575.6658
1753505732555,04:55:32.555,bybit,ACH/USDT:USDT,0.02232,4370.0,0.022323,280.0,0.022324,74516150.0,1625575.6658
1753505732655,04:55:32.655,bybit,ACH/USDT:USDT,0.02232,7210.0,0.022323,280.0,0.022324,74516150.0,1625575.6658
1753505732855,04:55:32.855,bybit,ACH/USDT:USDT,0.02232,7210.0,0.022323,280.0,0.022324,74516150.0,1625575.6658
1753505734655,04:55:34.655,bybit,ACH/USDT:USDT,0.02232,7210.0,0.022323,280.0,0.022324,74516150.0,1625575.6658
1753505734955,04:55:34.955,bybit,ACH/USDT:USDT,0.02232,2060.0,0.022323,280.0,0.022324,74516150.0,1625575.6658
1753505736756,04:55:36.756,bybit,ACH/USDT:USDT,0.02232,2060.0,0.022323,280.0,0.022324,74516150.0,1625575.6658
1753505740655,04:55:40.655,bybit,ACH/USDT:USDT,0.022315,250.0,0.02232,800.0,0.022324,74516150.0,1625575.6658
1753505740755,04:55:40.755,bybit,ACH/USDT:USDT,0.022315,3160.0,0.022319,8570.0,0.022324,74516150.0,1625575.6658
1753505740855,04:55:40.855,bybit,ACH/USDT:USDT,0.022315,6070.0,0.022319,8570.0,0.022324,74516150.0,1625575.6658
1753505741155,04:55:41.155,bybit,ACH/USDT:USDT,0.022315,6070.0,0.022319,2880.0,0.022324,74516150.0,1625575.6658
1753505741255,04:55:41.255,bybit,ACH/USDT:USDT,0.022316,800.0,0.02232,800.0,0.022324,74516150.0,1625575.6658
1753505741355,04:55:41.355,bybit,ACH/USDT:USDT,0.022316,3710.0,0.02232,800.0,0.022324,74516150.0,1625575.6658
1753505742155,04:55:42.155,bybit,ACH/USDT:USDT,0.022316,3710.0,0.022319,3160.0,0.022324,74516150.0,1625575.6658
1753505743655,04:55:43.655,bybit,ACH/USDT:USDT,0.022318,1540.0,0.022319,280.0,0.022324,74516150.0,1625575.6658
1753505743756,04:55:43.756,bybit,ACH/USDT:USDT,0.022318,1540.0,0.022323,800.0,0.022324,74516150.0,1625575.6658
1753505744156,04:55:44.156,bybit,ACH/USDT:USDT,0.02232,190.0,0.022323,800.0,0.022324,74516150.0,1625575.6658
1753505744655,04:55:44.655,bybit,ACH/USDT:USDT,0.02232,190.0,0.022323,1080.0,0.022324,74516150.0,1625575.6658
1753505747855,04:55:47.855,bybit,ACH/USDT:USDT,0.02232,190.0,0.022323,1080.0,0.022324,74516150.0,1625575.6658
1753505749155,04:55:49.155,bybit,ACH/USDT:USDT,0.02232,7300.0,0.022323,800.0,0.022324,74516150.0,1625575.6658
1753505749655,04:55:49.655,bybit,ACH/USDT:USDT,0.02232,7300.0,0.022323,800.0,0.022324,74516150.0,1625575.6658
1753505749855,04:55:49.855,bybit,ACH/USDT:USDT,0.02232,3750.0,0.022323,800.0,0.022324,74516150.0,1625575.6658
1753505749955,04:55:49.955,bybit,ACH/USDT:USDT,0.02232,190.0,0.022321,2880.0,0.022324,74516150.0,1625575.6658
1753505752655,04:55:52.655,bybit,ACH/USDT:USDT,0.02232,190.0,0.022321,2880.0,0.022324,74516150.0,1625575.6658
1753505753256,04:55:53.256,bybit,ACH/USDT:USDT,0.02232,190.0,0.022322,800.0,0.022324,74516150.0,1625575.6658
1753505753556,04:55:53.556,bybit,ACH/USDT:USDT,0.02232,190.0,0.022322,800.0,0.022324,74516150.0,1625575.6658
1753505754055,04:55:54.055,bybit,ACH/USDT:USDT,0.02232,190.0,0.022322,1080.0,0.022324,74516150.0,1625575.6658
1753505755755,04:55:55.755,bybit,ACH/USDT:USDT,0.02232,190.0,0.022321,10010.0,0.022324,74516150.0,1625575.6658
1753505759855,04:55:59.855,bybit,ACH/USDT:USDT,0.02232,190.0,0.022321,1540.0,0.022324,74516150.0,1625575.6658
1753505770755,04:56:10.755,bybit,ACH/USDT:USDT,0.02232,190.0,0.022321,2660.0,0.022324,74516150.0,1625575.6658
1753505773155,04:56:13.155,bybit,ACH/USDT:USDT,0.02232,190.0,0.022321,1540.0,0.022324,74516150.0,1625575.6658
1753505774456,04:56:14.456,bybit,ACH/USDT:USDT,0.02232,190.0,0.022322,1080.0,0.022324,74516150.0,1625575.6658
1753505774555,04:56:14.555,bybit,ACH/USDT:USDT,0.02232,1000.0,0.022322,280.0,0.022324,74516150.0,1625575.6658
1753505775155,04:56:15.155,bybit,ACH/USDT:USDT,0.02232,1000.0,0.022322,280.0,0.022324,74516150.0,1625575.6658
1753505777155,04:56:17.155,bybit,ACH/USDT:USDT,0.02232,1000.0,0.022323,800.0,0.022324,74516150.0,1625575.6658
1753505781155,04:56:21.155,bybit,ACH/USDT:USDT,0.02232,1000.0,0.022323,1080.0,0.022324,74516150.0,1625575.6658
1753505781755,04:56:21.755,bybit,ACH/USDT:USDT,0.02232,1000.0,0.022323,1080.0,0.022324,74516150.0,1625575.6658
1753505785155,04:56:25.155,bybit,ACH/USDT:USDT,0.022321,100.0,0.022323,800.0,0.022324,74516150.0,1625575.6658
1753505786255,04:56:26.255,bybit,ACH/USDT:USDT,0.022321,100.0,0.022323,800.0,0.022324,74516150.0,1625575.6658
1753505786755,04:56:26.755,bybit,ACH/USDT:USDT,0.022321,100.0,0.022323,1080.0,0.022324,74516150.0,1625575.6658
1753505789555,04:56:29.555,bybit,ACH/USDT:USDT,0.022321,100.0,0.022322,4420.0,0.022324,74516150.0,1625575.6658
1753505798255,04:56:38.255,bybit,ACH/USDT:USDT,0.022321,100.0,0.022322,4420.0,0.022324,74516150.0,1625575.6658
1753505798855,04:56:38.855,bybit,ACH/USDT:USDT,0.022321,100.0,0.022322,1540.0,0.022324,74516150.0,1625575.6658
1753505801355,04:56:41.355,bybit,ACH/USDT:USDT,0.022321,100.0,0.022322,1540.0,0.022324,74511880.0,1625483.5114
1753505801555,04:56:41.555,bybit,ACH/USDT:USDT,0.022321,100.0,0.022322,2660.0,0.022324,74511880.0,1625483.5114
1753505805755,04:56:45.755,bybit,ACH/USDT:USDT,0.022321,100.0,0.022322,2660.0,0.022324,74511880.0,1625483.5114
1753505818756,04:56:58.756,bybit,ACH/USDT:USDT,0.022315,1050.0,0.022319,1090.0,0.02232,74512170.0,1625489.9843
1753505818856,04:56:58.856,bybit,ACH/USDT:USDT,0.022315,1050.0,0.022318,2880.0,0.02232,74512170.0,1625489.9843
1753505818955,04:56:58.955,bybit,ACH/USDT:USDT,0.022315,1050.0,0.022317,2880.0,0.02232,74512170.0,1625489.9843
1753505819155,04:56:59.155,bybit,ACH/USDT:USDT,0.022315,3650.0,0.022317,2880.0,0.02232,74512170.0,1625489.9843
1753505819855,04:56:59.855,bybit,ACH/USDT:USDT,0.022315,3650.0,0.022317,2880.0,0.02232,74512170.0,1625489.9843
1753505820355,04:57:00.355,bybit,ACH/USDT:USDT,0.022315,3650.0,0.022317,3160.0,0.02232,74512170.0,1625489.9843
1753505822255,04:57:02.255,bybit,ACH/USDT:USDT,0.022315,3650.0,0.022317,3160.0,0.02232,74512170.0,1625489.9843
1753505831256,04:57:11.256,bybit,ACH/USDT:USDT,0.022315,3650.0,0.022317,3160.0,0.02232,74512170.0,1625489.9843
1753505837555,04:57:17.555,bybit,ACH/USDT:USDT,0.022315,3650.0,0.022317,3160.0,0.02232,74512170.0,1625489.9843
1753505837655,04:57:17.655,bybit,ACH/USDT:USDT,0.022315,3650.0,0.022316,2880.0,0.02232,74512170.0,1625489.9843
1753505839055,04:57:19.055,bybit,ACH/USDT:USDT,0.022315,2850.0,0.022316,4420.0,0.02232,74512170.0,1625489.9843
1753505839355,04:57:19.355,bybit,ACH/USDT:USDT,0.022315,2850.0,0.022316,4420.0,0.02232,74512170.0,1625489.9843
