timestamp,time,exchange,symbol,bid,bidVolume,ask,askVolume,lastPrice,baseVolume,quoteVolume
1753504791997,04:39:51.997,bybit,ADA/USDT:USDT,0.8271,8325.0,0.8272,6726.0,0.8272,455717091.0,364427447.8395
1753504792497,04:39:52.497,bybit,ADA/USDT:USDT,0.827,9088.0,0.8271,13539.0,0.8272,455717091.0,364427447.8395
1753504792597,04:39:52.597,bybit,ADA/USDT:USDT,0.827,9501.0,0.8271,6736.0,0.8272,455717091.0,364427447.8395
1753504792697,04:39:52.697,bybit,ADA/USDT:USDT,0.827,11779.0,0.8271,6736.0,0.8272,455717091.0,364427447.8395
1753504792797,04:39:52.797,bybit,ADA/USDT:USDT,0.827,12179.0,0.8271,6763.0,0.8272,455717091.0,364427447.8395
1753504792998,04:39:52.998,bybit,ADA/USDT:USDT,0.827,12172.0,0.8271,6763.0,0.8272,455717091.0,364427447.8395
1753504794698,04:39:54.698,bybit,ADA/USDT:USDT,0.827,13164.0,0.8271,2073.0,0.8272,455717091.0,364427447.8395
1753504794797,04:39:54.797,bybit,ADA/USDT:USDT,0.827,12764.0,0.8271,2099.0,0.8272,455717091.0,364427447.8395
1753504794897,04:39:54.897,bybit,ADA/USDT:USDT,0.827,13162.0,0.8271,1611.0,0.8272,455717091.0,364427447.8395
1753504794997,04:39:54.997,bybit,ADA/USDT:USDT,0.827,14249.0,0.8271,1611.0,0.8272,455717091.0,364427447.8395
1753504795198,04:39:55.198,bybit,ADA/USDT:USDT,0.827,19749.0,0.8271,614.0,0.8272,455717091.0,364427447.8395
1753504795498,04:39:55.498,bybit,ADA/USDT:USDT,0.827,19749.0,0.8271,615.0,0.8272,455717091.0,364427447.8395
1753504795597,04:39:55.597,bybit,ADA/USDT:USDT,0.827,19481.0,0.8271,1623.0,0.827,455717359.0,364427669.4755
1753504795698,04:39:55.698,bybit,ADA/USDT:USDT,0.827,19481.0,0.8271,1625.0,0.827,455717359.0,364427669.4755
1753504795897,04:39:55.897,bybit,ADA/USDT:USDT,0.827,19466.0,0.8271,1625.0,0.827,455717359.0,364427669.4755
1753504795997,04:39:55.997,bybit,ADA/USDT:USDT,0.827,19466.0,0.8271,1625.0,0.827,455717359.0,364427669.4755
1753504796398,04:39:56.398,bybit,ADA/USDT:USDT,0.827,19466.0,0.8271,2068.0,0.827,455717359.0,364427669.4755
1753504797197,04:39:57.197,bybit,ADA/USDT:USDT,0.827,21027.0,0.8271,1062.0,0.827,455717359.0,364427669.4755
1753504797397,04:39:57.397,bybit,ADA/USDT:USDT,0.827,19466.0,0.8271,1062.0,0.827,455717359.0,364427669.4755
1753504797498,04:39:57.498,bybit,ADA/USDT:USDT,0.827,21027.0,0.8271,1062.0,0.827,455717359.0,364427669.4755
1753504797697,04:39:57.697,bybit,ADA/USDT:USDT,0.827,22607.0,0.8271,1062.0,0.827,455717359.0,364427669.4755
1753504797897,04:39:57.897,bybit,ADA/USDT:USDT,0.827,22582.0,0.8271,1072.0,0.827,455717359.0,364427669.4755
1753504797997,04:39:57.997,bybit,ADA/USDT:USDT,0.827,21002.0,0.8271,1072.0,0.827,455717359.0,364427669.4755
1753504798097,04:39:58.097,bybit,ADA/USDT:USDT,0.827,19441.0,0.8271,1072.0,0.827,455717359.0,364427669.4755
1753504798398,04:39:58.398,bybit,ADA/USDT:USDT,0.827,21002.0,0.8271,1072.0,0.827,455717359.0,364427669.4755
1753504798597,04:39:58.597,bybit,ADA/USDT:USDT,0.827,19441.0,0.8271,1099.0,0.827,455717359.0,364427669.4755
1753504798698,04:39:58.698,bybit,ADA/USDT:USDT,0.827,13941.0,0.8271,1694.0,0.827,455717359.0,364427669.4755
1753504798797,04:39:58.797,bybit,ADA/USDT:USDT,0.827,13941.0,0.8271,1099.0,0.827,455717359.0,364427669.4755
1753504799097,04:39:59.097,bybit,ADA/USDT:USDT,0.827,19441.0,0.8271,2107.0,0.827,455717359.0,364427669.4755
1753504799297,04:39:59.297,bybit,ADA/USDT:USDT,0.827,19173.0,0.8271,2108.0,0.827,455717627.0,364427891.1115
1753504799497,04:39:59.497,bybit,ADA/USDT:USDT,0.827,13673.0,0.8271,2108.0,0.827,455717627.0,364427891.1115
1753504799897,04:39:59.897,bybit,ADA/USDT:USDT,0.827,13647.0,0.8271,2108.0,0.827,455717627.0,364427891.1115
1753504800097,04:40:00.097,bybit,ADA/USDT:USDT,0.827,20688.0,0.8271,2108.0,0.827,455717627.0,364427891.1115
1753504800197,04:40:00.197,bybit,ADA/USDT:USDT,0.827,19147.0,0.8271,2108.0,0.827,455717627.0,364427891.1115
1753504800397,04:40:00.397,bybit,ADA/USDT:USDT,0.827,20688.0,0.8271,1100.0,0.827,455717627.0,364427891.1115
1753504800597,04:40:00.597,bybit,ADA/USDT:USDT,0.827,20688.0,0.8271,1695.0,0.827,455717627.0,364427891.1115
1753504800698,04:40:00.698,bybit,ADA/USDT:USDT,0.827,19147.0,0.8271,1959.0,0.827,455717627.0,364427891.1115
1753504800797,04:40:00.797,bybit,ADA/USDT:USDT,0.827,19147.0,0.8271,1961.0,0.827,455717627.0,364427891.1115
1753504800897,04:40:00.897,bybit,ADA/USDT:USDT,0.827,19216.0,0.8271,1961.0,0.827,455717627.0,364427891.1115
1753504801397,04:40:01.397,bybit,ADA/USDT:USDT,0.827,13716.0,0.8271,1961.0,0.827,455717627.0,364427891.1115
1753504801697,04:40:01.697,bybit,ADA/USDT:USDT,0.827,13716.0,0.8271,1961.0,0.827,455717627.0,364427891.1115
1753504801997,04:40:01.997,bybit,ADA/USDT:USDT,0.827,13715.0,0.8271,5140.0,0.827,455717627.0,364427891.1115
1753504802297,04:40:02.297,bybit,ADA/USDT:USDT,0.827,13100.0,0.8271,5140.0,0.827,455717647.0,364427907.6515
1753504802497,04:40:02.497,bybit,ADA/USDT:USDT,0.827,12687.0,0.8271,7740.0,0.827,455717647.0,364427907.6515
1753504802597,04:40:02.597,bybit,ADA/USDT:USDT,0.827,12687.0,0.8271,7748.0,0.827,455717647.0,364427907.6515
1753504802798,04:40:02.798,bybit,ADA/USDT:USDT,0.827,13695.0,0.8271,7748.0,0.827,455717647.0,364427907.6515
1753504802897,04:40:02.897,bybit,ADA/USDT:USDT,0.827,13695.0,0.8271,7748.0,0.827,455717647.0,364427907.6515
1753504803197,04:40:03.197,bybit,ADA/USDT:USDT,0.827,13564.0,0.8271,5148.0,0.827,455717671.0,364427927.4995
1753504803297,04:40:03.297,bybit,ADA/USDT:USDT,0.827,13564.0,0.8271,2477.0,0.827,455717671.0,364427927.4995
1753504803397,04:40:03.397,bybit,ADA/USDT:USDT,0.827,13583.0,0.8271,2477.0,0.827,455717671.0,364427927.4995
1753504803498,04:40:03.498,bybit,ADA/USDT:USDT,0.827,13170.0,0.8271,7768.0,0.827,455717671.0,364427927.4995
1753504803598,04:40:03.598,bybit,ADA/USDT:USDT,0.827,13583.0,0.8271,7768.0,0.827,455717671.0,364427927.4995
1753504803797,04:40:03.797,bybit,ADA/USDT:USDT,0.827,13583.0,0.8271,7768.0,0.827,455717671.0,364427927.4995
1753504803897,04:40:03.897,bybit,ADA/USDT:USDT,0.827,14347.0,0.8271,7772.0,0.827,455717671.0,364427927.4995
1753504803998,04:40:03.998,bybit,ADA/USDT:USDT,0.827,13668.0,0.8271,7772.0,0.827,455717671.0,364427927.4995
1753504804097,04:40:04.097,bybit,ADA/USDT:USDT,0.827,10504.0,0.8271,21040.0,0.827,455717671.0,364427927.4995
1753504804197,04:40:04.197,bybit,ADA/USDT:USDT,0.827,10504.0,0.8271,20793.0,0.827,455717671.0,364427927.4995
1753504804397,04:40:04.397,bybit,ADA/USDT:USDT,0.827,10504.0,0.8271,20818.0,0.827,455717671.0,364427927.4995
1753504804998,04:40:04.998,bybit,ADA/USDT:USDT,0.827,10397.0,0.8271,20818.0,0.827,455717671.0,364427927.4995
1753504805098,04:40:05.098,bybit,ADA/USDT:USDT,0.827,10397.0,0.8271,18909.0,0.827,455717671.0,364427927.4995
1753504805197,04:40:05.197,bybit,ADA/USDT:USDT,0.827,14584.0,0.8271,6901.0,0.827,455717671.0,364427927.4995
1753504805397,04:40:05.397,bybit,ADA/USDT:USDT,0.827,13576.0,0.8271,12003.0,0.827,455717671.0,364427927.4995
1753504805497,04:40:05.497,bybit,ADA/USDT:USDT,0.827,10885.0,0.8271,16117.0,0.827,455717671.0,364427927.4995
1753504805797,04:40:05.797,bybit,ADA/USDT:USDT,0.827,10397.0,0.8271,16277.0,0.827,455717671.0,364427927.4995
1753504805997,04:40:05.997,bybit,ADA/USDT:USDT,0.827,10397.0,0.8271,16299.0,0.827,455717671.0,364427927.4995
1753504806098,04:40:06.098,bybit,ADA/USDT:USDT,0.827,10397.0,0.8271,21411.0,0.827,455717671.0,364427927.4995
1753504806397,04:40:06.397,bybit,ADA/USDT:USDT,0.827,10885.0,0.8271,18398.0,0.827,455717671.0,364427927.4995
1753504806498,04:40:06.498,bybit,ADA/USDT:USDT,0.827,1223.0,0.8271,18401.0,0.827,455717671.0,364427927.4995
1753504806597,04:40:06.597,bybit,ADA/USDT:USDT,0.827,810.0,0.8271,19902.0,0.827,455717671.0,364427927.4995
1753504806697,04:40:06.697,bybit,ADA/USDT:USDT,0.827,2306.0,0.8271,19905.0,0.827,455717671.0,364427927.4995
1753504806798,04:40:06.798,bybit,ADA/USDT:USDT,0.827,2306.0,0.8271,13906.0,0.827,455717671.0,364427927.4995
1753504806897,04:40:06.897,bybit,ADA/USDT:USDT,0.827,2270.0,0.8271,13947.0,0.827,455717671.0,364427927.4995
1753504806997,04:40:06.997,bybit,ADA/USDT:USDT,0.827,3287.0,0.8271,12944.0,0.827,455717671.0,364427927.4995
1753504807097,04:40:07.097,bybit,ADA/USDT:USDT,0.827,5391.0,0.8271,12944.0,0.827,455717671.0,364427927.4995
1753504807197,04:40:07.197,bybit,ADA/USDT:USDT,0.827,8082.0,0.8271,12944.0,0.827,455717671.0,364427927.4995
1753504807398,04:40:07.398,bybit,ADA/USDT:USDT,0.827,7065.0,0.8271,12944.0,0.827,455717671.0,364427927.4995
1753504807498,04:40:07.498,bybit,ADA/USDT:USDT,0.827,7065.0,0.8271,12948.0,0.827,455717671.0,364427927.4995
1753504807697,04:40:07.697,bybit,ADA/USDT:USDT,0.827,7065.0,0.8271,13155.0,0.827,455717671.0,364427927.4995
1753504807998,04:40:07.998,bybit,ADA/USDT:USDT,0.827,7038.0,0.8271,13405.0,0.827,455717671.0,364427927.4995
1753504808098,04:40:08.098,bybit,ADA/USDT:USDT,0.827,4934.0,0.8271,13405.0,0.827,455717671.0,364427927.4995
1753504808197,04:40:08.197,bybit,ADA/USDT:USDT,0.827,4934.0,0.8271,16419.0,0.827,455717671.0,364427927.4995
1753504808297,04:40:08.297,bybit,ADA/USDT:USDT,0.827,1235.0,0.8271,16419.0,0.827,455717671.0,364427927.4995
1753504808397,04:40:08.397,bybit,ADA/USDT:USDT,0.827,747.0,0.8271,16509.0,0.827,455717671.0,364427927.4995
1753504808797,04:40:08.797,bybit,ADA/USDT:USDT,0.827,1160.0,0.8271,14995.0,0.827,455717671.0,364427927.4995
1753504808898,04:40:08.898,bybit,ADA/USDT:USDT,0.827,1739.0,0.8271,13496.0,0.827,455717671.0,364427927.4995
1753504808997,04:40:08.997,bybit,ADA/USDT:USDT,0.827,1739.0,0.8271,14995.0,0.827,455717671.0,364427927.4995
1753504809097,04:40:09.097,bybit,ADA/USDT:USDT,0.827,10564.0,0.8271,3996.0,0.827,455717671.0,364427927.4995
1753504809197,04:40:09.197,bybit,ADA/USDT:USDT,0.827,10564.0,0.8271,4076.0,0.827,455717671.0,364427927.4995
1753504809398,04:40:09.398,bybit,ADA/USDT:USDT,0.827,10564.0,0.8271,4110.0,0.827,455717671.0,364427927.4995
1753504809497,04:40:09.497,bybit,ADA/USDT:USDT,0.827,10564.0,0.8271,4110.0,0.827,455717671.0,364427927.4995
1753504809697,04:40:09.697,bybit,ADA/USDT:USDT,0.827,10564.0,0.8271,4117.0,0.827,455717671.0,364427927.4995
1753504809898,04:40:09.898,bybit,ADA/USDT:USDT,0.827,10564.0,0.8271,3629.0,0.827,455717671.0,364427927.4995
1753504809997,04:40:09.997,bybit,ADA/USDT:USDT,0.827,16064.0,0.8271,4037.0,0.827,455717671.0,364427927.4995
1753504810697,04:40:10.697,bybit,ADA/USDT:USDT,0.827,16064.0,0.8271,3577.0,0.827,455717671.0,364427927.4995
1753504811098,04:40:11.098,bybit,ADA/USDT:USDT,0.827,16064.0,0.8271,3582.0,0.827,455717671.0,364427927.4995
1753504811197,04:40:11.197,bybit,ADA/USDT:USDT,0.827,16064.0,0.8271,3689.0,0.827,455717671.0,364427927.4995
1753504811297,04:40:11.297,bybit,ADA/USDT:USDT,0.827,16064.0,0.8271,4422.0,0.827,455717671.0,364427927.4995
1753504811597,04:40:11.597,bybit,ADA/USDT:USDT,0.827,10564.0,0.8271,4422.0,0.827,455717671.0,364427927.4995
1753504811898,04:40:11.898,bybit,ADA/USDT:USDT,0.827,6512.0,0.8271,10126.0,0.827,455717671.0,364427927.4995
1753504811997,04:40:11.997,bybit,ADA/USDT:USDT,0.827,6939.0,0.8271,10126.0,0.827,455717671.0,364427927.4995
1753504812097,04:40:12.097,bybit,ADA/USDT:USDT,0.827,6939.0,0.8271,8612.0,0.827,455717671.0,364427927.4995
1753504812197,04:40:12.197,bybit,ADA/USDT:USDT,0.827,12719.0,0.8271,6625.0,0.827,455717671.0,364427927.4995
1753504812298,04:40:12.298,bybit,ADA/USDT:USDT,0.827,10119.0,0.8271,7120.0,0.827,455717671.0,364427927.4995
1753504812497,04:40:12.497,bybit,ADA/USDT:USDT,0.827,8339.0,0.8271,2227.0,0.8271,455721298.0,364430927.3912
1753504812598,04:40:12.598,bybit,ADA/USDT:USDT,0.827,8339.0,0.8271,2227.0,0.8271,455721298.0,364430927.3912
1753504812798,04:40:12.798,bybit,ADA/USDT:USDT,0.827,8339.0,0.8271,5530.0,0.8271,455721298.0,364430927.3912
1753504812997,04:40:12.997,bybit,ADA/USDT:USDT,0.827,10939.0,0.8271,11030.0,0.8271,455721298.0,364430927.3912
1753504813098,04:40:13.098,bybit,ADA/USDT:USDT,0.827,8339.0,0.8271,11030.0,0.8271,455721298.0,364430927.3912
1753504813198,04:40:13.198,bybit,ADA/USDT:USDT,0.827,6939.0,0.8271,11030.0,0.8271,455721298.0,364430927.3912
1753504813298,04:40:13.298,bybit,ADA/USDT:USDT,0.827,6939.0,0.8271,12677.0,0.8271,455721298.0,364430927.3912
1753504813398,04:40:13.398,bybit,ADA/USDT:USDT,0.827,2227.0,0.8271,12677.0,0.8271,455721298.0,364430927.3912
1753504813498,04:40:13.498,bybit,ADA/USDT:USDT,0.827,2227.0,0.8271,11190.0,0.8271,455721298.0,364430927.3912
1753504813598,04:40:13.598,bybit,ADA/USDT:USDT,0.827,2227.0,0.8271,12677.0,0.8271,455721298.0,364430927.3912
1753504813697,04:40:13.697,bybit,ADA/USDT:USDT,0.827,2228.0,0.8271,12677.0,0.8271,455721298.0,364430927.3912
1753504813898,04:40:13.898,bybit,ADA/USDT:USDT,0.827,2228.0,0.8271,5690.0,0.8271,455721298.0,364430927.3912
1753504813998,04:40:13.998,bybit,ADA/USDT:USDT,0.827,2228.0,0.8271,9690.0,0.8271,455721298.0,364430927.3912
1753504814097,04:40:14.097,bybit,ADA/USDT:USDT,0.827,3055.0,0.8271,9690.0,0.8271,455721298.0,364430927.3912
1753504814197,04:40:14.197,bybit,ADA/USDT:USDT,0.827,3630.0,0.8271,5690.0,0.8271,455721298.0,364430927.3912
1753504814297,04:40:14.297,bybit,ADA/USDT:USDT,0.827,3630.0,0.8271,5715.0,0.8271,455721298.0,364430927.3912
1753504814597,04:40:14.597,bybit,ADA/USDT:USDT,0.827,8170.0,0.8271,1547.0,0.8271,454736906.0,363635498.4073
1753504814897,04:40:14.897,bybit,ADA/USDT:USDT,0.827,8417.0,0.8271,1547.0,0.8271,454736906.0,363635498.4073
1753504814997,04:40:14.997,bybit,ADA/USDT:USDT,0.827,13917.0,0.8271,1547.0,0.8271,454736906.0,363635498.4073
1753504815097,04:40:15.097,bybit,ADA/USDT:USDT,0.827,8417.0,0.8271,1547.0,0.8271,454736906.0,363635498.4073
1753504815197,04:40:15.197,bybit,ADA/USDT:USDT,0.827,8417.0,0.8271,1546.0,0.8271,454736906.0,363635498.4073
1753504815998,04:40:15.998,bybit,ADA/USDT:USDT,0.827,8417.0,0.8271,3360.0,0.8271,454736906.0,363635498.4073
1753504816198,04:40:16.198,bybit,ADA/USDT:USDT,0.827,8417.0,0.8271,1563.0,0.8271,454736906.0,363635498.4073
1753504816297,04:40:16.297,bybit,ADA/USDT:USDT,0.8271,16430.0,0.8272,11383.0,0.8272,454738906.0,363637152.6509
1753504816397,04:40:16.397,bybit,ADA/USDT:USDT,0.8272,30479.0,0.8273,1083.0,0.8272,454738933.0,363637174.9853
1753504816497,04:40:16.497,bybit,ADA/USDT:USDT,0.8273,13961.0,0.8274,40953.0,0.8272,454738933.0,363637174.9853
1753504816598,04:40:16.598,bybit,ADA/USDT:USDT,0.8273,14969.0,0.8274,39554.0,0.8272,454738933.0,363637174.9853
1753504816697,04:40:16.697,bybit,ADA/USDT:USDT,0.8273,14969.0,0.8274,40166.0,0.8272,454738933.0,363637174.9853
1753504816797,04:40:16.797,bybit,ADA/USDT:USDT,0.8273,1496.0,0.8274,41623.0,0.8272,454738933.0,363637174.9853
1753504816897,04:40:16.897,bybit,ADA/USDT:USDT,0.8273,1496.0,0.8274,47123.0,0.8272,454738933.0,363637174.9853
1753504816998,04:40:16.998,bybit,ADA/USDT:USDT,0.8273,1496.0,0.8274,47123.0,0.8272,454738933.0,363637174.9853
1753504817297,04:40:17.297,bybit,ADA/USDT:USDT,0.8273,1496.0,0.8274,41623.0,0.8272,454738933.0,363637174.9853
1753504817597,04:40:17.597,bybit,ADA/USDT:USDT,0.8272,21879.0,0.8273,4141.0,0.8273,454739009.0,363637237.8601
1753504817797,04:40:17.797,bybit,ADA/USDT:USDT,0.8272,21879.0,0.8273,2645.0,0.8273,454739009.0,363637237.8601
1753504818098,04:40:18.098,bybit,ADA/USDT:USDT,0.8272,21872.0,0.8273,2645.0,0.8273,454739009.0,363637237.8601
1753504818198,04:40:18.198,bybit,ADA/USDT:USDT,0.8272,21872.0,0.8273,2655.0,0.8273,454739009.0,363637237.8601
1753504818297,04:40:18.297,bybit,ADA/USDT:USDT,0.8272,21872.0,0.8273,10.0,0.8273,454739009.0,363637237.8601
1753504818498,04:40:18.498,bybit,ADA/USDT:USDT,0.8272,21872.0,0.8273,498.0,0.8273,454739009.0,363637237.8601
1753504818597,04:40:18.597,bybit,ADA/USDT:USDT,0.8272,21872.0,0.8273,520.0,0.8273,454739009.0,363637237.8601
1753504818897,04:40:18.897,bybit,ADA/USDT:USDT,0.8272,21872.0,0.8273,6038.0,0.8273,454739009.0,363637237.8601
1753504819198,04:40:19.198,bybit,ADA/USDT:USDT,0.8272,21872.0,0.8273,1538.0,0.8273,454739009.0,363637237.8601
1753504819497,04:40:19.497,bybit,ADA/USDT:USDT,0.8272,21872.0,0.8273,42.0,0.8273,454739009.0,363637237.8601
1753504819597,04:40:19.597,bybit,ADA/USDT:USDT,0.8272,21993.0,0.8273,32.0,0.8273,454739009.0,363637237.8601
1753504819697,04:40:19.697,bybit,ADA/USDT:USDT,0.8272,21993.0,0.8273,32.0,0.8273,454739009.0,363637237.8601
1753504819798,04:40:19.798,bybit,ADA/USDT:USDT,0.8272,21993.0,0.8273,61.0,0.8273,454739009.0,363637237.8601
1753504819898,04:40:19.898,bybit,ADA/USDT:USDT,0.8272,21993.0,0.8273,1069.0,0.8273,454739009.0,363637237.8601
1753504819997,04:40:19.997,bybit,ADA/USDT:USDT,0.8272,21993.0,0.8273,1086.0,0.8273,454739009.0,363637237.8601
1753504820098,04:40:20.098,bybit,ADA/USDT:USDT,0.8272,17779.0,0.8273,1574.0,0.8273,454739009.0,363637237.8601
1753504820298,04:40:20.298,bybit,ADA/USDT:USDT,0.8272,17779.0,0.8273,1574.0,0.8273,454739009.0,363637237.8601
1753504820397,04:40:20.397,bybit,ADA/USDT:USDT,0.8272,13551.0,0.8273,4265.0,0.8273,454739009.0,363637237.8601
1753504820597,04:40:20.597,bybit,ADA/USDT:USDT,0.8272,13551.0,0.8273,1581.0,0.8273,454739009.0,363637237.8601
1753504820698,04:40:20.698,bybit,ADA/USDT:USDT,0.8272,13551.0,0.8273,85.0,0.8273,454739009.0,363637237.8601
1753504820897,04:40:20.897,bybit,ADA/USDT:USDT,0.8272,13551.0,0.8273,6593.0,0.8273,454739009.0,363637237.8601
1753504820997,04:40:20.997,bybit,ADA/USDT:USDT,0.8272,13551.0,0.8273,6571.0,0.8273,454739009.0,363637237.8601
1753504821097,04:40:21.097,bybit,ADA/USDT:USDT,0.8272,13551.0,0.8273,7200.0,0.8273,454739009.0,363637237.8601
1753504821197,04:40:21.197,bybit,ADA/USDT:USDT,0.8272,43879.0,0.8273,237.0,0.8273,454739935.0,363638003.9399
1753504821397,04:40:21.397,bybit,ADA/USDT:USDT,0.8272,47835.0,0.8273,237.0,0.8273,454739935.0,363638003.9399
1753504821498,04:40:21.498,bybit,ADA/USDT:USDT,0.8272,45087.0,0.8273,237.0,0.8273,454739935.0,363638003.9399
1753504821597,04:40:21.597,bybit,ADA/USDT:USDT,0.8272,43879.0,0.8273,237.0,0.8273,454739935.0,363638003.9399
1753504821697,04:40:21.697,bybit,ADA/USDT:USDT,0.8272,13550.0,0.8273,1245.0,0.8273,454739935.0,363638003.9399
1753504822097,04:40:22.097,bybit,ADA/USDT:USDT,0.8272,13550.0,0.8273,1733.0,0.8273,454739935.0,363638003.9399
1753504822698,04:40:22.698,bybit,ADA/USDT:USDT,0.8272,13560.0,0.8273,1245.0,0.8273,454739935.0,363638003.9399
1753504823097,04:40:23.097,bybit,ADA/USDT:USDT,0.8272,13560.0,0.8273,1241.0,0.8273,454739939.0,363638007.2491
1753504823198,04:40:23.198,bybit,ADA/USDT:USDT,0.8272,14768.0,0.8273,1241.0,0.8273,454739939.0,363638007.2491
1753504823297,04:40:23.297,bybit,ADA/USDT:USDT,0.8272,14768.0,0.8273,1245.0,0.8273,454739939.0,363638007.2491
1753504823597,04:40:23.597,bybit,ADA/USDT:USDT,0.8272,4321.0,0.8273,7303.0,0.8273,454739939.0,363638007.2491
1753504823697,04:40:23.697,bybit,ADA/USDT:USDT,0.8272,1630.0,0.8273,10885.0,0.8273,454739939.0,363638007.2491
1753504823797,04:40:23.797,bybit,ADA/USDT:USDT,0.8272,1142.0,0.8273,10885.0,0.8273,454739939.0,363638007.2491
1753504823897,04:40:23.897,bybit,ADA/USDT:USDT,0.8272,134.0,0.8273,16385.0,0.8273,454739939.0,363638007.2491
1753504823998,04:40:23.998,bybit,ADA/USDT:USDT,0.8272,1832.0,0.8273,16385.0,0.8273,454739939.0,363638007.2491
1753504824297,04:40:24.297,bybit,ADA/USDT:USDT,0.8272,824.0,0.8273,16587.0,0.8273,454739939.0,363638007.2491
1753504824998,04:40:24.998,bybit,ADA/USDT:USDT,0.8272,814.0,0.8273,16587.0,0.8273,454739939.0,363638007.2491
1753504825198,04:40:25.198,bybit,ADA/USDT:USDT,0.8272,814.0,0.8273,16597.0,0.8273,454739939.0,363638007.2491
1753504825397,04:40:25.397,bybit,ADA/USDT:USDT,0.8272,814.0,0.8273,16622.0,0.8273,454739939.0,363638007.2491
1753504825498,04:40:25.498,bybit,ADA/USDT:USDT,0.8271,1015.0,0.8272,31252.0,0.8272,454740753.0,363638680.5899
1753504825597,04:40:25.597,bybit,ADA/USDT:USDT,0.8271,1503.0,0.8272,30710.0,0.8272,454740753.0,363638680.5899
1753504825697,04:40:25.697,bybit,ADA/USDT:USDT,0.8271,1015.0,0.8272,25327.0,0.8272,454740753.0,363638680.5899
1753504825797,04:40:25.797,bybit,ADA/USDT:USDT,0.8271,1015.0,0.8272,26634.0,0.8272,454740753.0,363638680.5899
1753504825898,04:40:25.898,bybit,ADA/USDT:USDT,0.8271,1015.0,0.8272,27034.0,0.8272,454740753.0,363638680.5899
1753504826097,04:40:26.097,bybit,ADA/USDT:USDT,0.8271,1015.0,0.8272,25727.0,0.8272,454740753.0,363638680.5899
1753504826198,04:40:26.198,bybit,ADA/USDT:USDT,0.8271,1015.0,0.8272,27009.0,0.8272,454740753.0,363638680.5899
1753504826297,04:40:26.297,bybit,ADA/USDT:USDT,0.8271,1015.0,0.8272,27034.0,0.8272,454740753.0,363638680.5899
1753504826397,04:40:26.397,bybit,ADA/USDT:USDT,0.8271,1015.0,0.8272,27009.0,0.8272,454740753.0,363638680.5899
1753504826498,04:40:26.498,bybit,ADA/USDT:USDT,0.8271,1015.0,0.8272,27267.0,0.8272,454740753.0,363638680.5899
1753504826598,04:40:26.598,bybit,ADA/USDT:USDT,0.8271,1015.0,0.8272,27337.0,0.8272,454740753.0,363638680.5899
1753504826697,04:40:26.697,bybit,ADA/USDT:USDT,0.8271,7.0,0.8272,27362.0,0.8272,454740753.0,363638680.5899
1753504826797,04:40:26.797,bybit,ADA/USDT:USDT,0.8271,7.0,0.8272,27974.0,0.8272,454740753.0,363638680.5899
1753504826897,04:40:26.897,bybit,ADA/USDT:USDT,0.8271,7.0,0.8272,27949.0,0.8272,454740753.0,363638680.5899
1753504826997,04:40:26.997,bybit,ADA/USDT:USDT,0.8271,7.0,0.8272,30190.0,0.8272,454740753.0,363638680.5899
1753504827297,04:40:27.297,bybit,ADA/USDT:USDT,0.8271,7.0,0.8272,30111.0,0.8272,454740753.0,363638680.5899
1753504827398,04:40:27.398,bybit,ADA/USDT:USDT,0.8271,7.0,0.8272,30160.0,0.8272,454740753.0,363638680.5899
1753504827797,04:40:27.797,bybit,ADA/USDT:USDT,0.8271,7.0,0.8272,35660.0,0.8272,454740753.0,363638680.5899
1753504827898,04:40:27.898,bybit,ADA/USDT:USDT,0.8271,7.0,0.8272,30160.0,0.8272,454740753.0,363638680.5899
1753504828197,04:40:28.197,bybit,ADA/USDT:USDT,0.8271,7.0,0.8272,28838.0,0.8272,454740753.0,363638680.5899
1753504828398,04:40:28.398,bybit,ADA/USDT:USDT,0.8271,7.0,0.8272,30160.0,0.8272,454740753.0,363638680.5899
1753504828498,04:40:28.498,bybit,ADA/USDT:USDT,0.8271,7.0,0.8272,28813.0,0.8272,454740753.0,363638680.5899
1753504828597,04:40:28.597,bybit,ADA/USDT:USDT,0.8271,7.0,0.8272,27506.0,0.8272,454740753.0,363638680.5899
1753504828797,04:40:28.797,bybit,ADA/USDT:USDT,0.8271,7.0,0.8272,34313.0,0.8272,454740753.0,363638680.5899
1753504829097,04:40:29.097,bybit,ADA/USDT:USDT,0.827,41.0,0.8271,40920.0,0.8271,454740760.0,363638686.3796
1753504829198,04:40:29.198,bybit,ADA/USDT:USDT,0.827,1530.0,0.8271,36849.0,0.8271,454740760.0,363638686.3796
1753504829297,04:40:29.297,bybit,ADA/USDT:USDT,0.827,1530.0,0.8271,36906.0,0.8271,454740760.0,363638686.3796
1753504829397,04:40:29.397,bybit,ADA/USDT:USDT,0.827,2766.0,0.8271,28406.0,0.8271,454740760.0,363638686.3796
1753504829598,04:40:29.598,bybit,ADA/USDT:USDT,0.827,4693.0,0.8271,27006.0,0.8271,454740760.0,363638686.3796
1753504829997,04:40:29.997,bybit,ADA/USDT:USDT,0.827,4693.0,0.8271,27029.0,0.8271,454740760.0,363638686.3796
1753504830097,04:40:30.097,bybit,ADA/USDT:USDT,0.827,4686.0,0.8271,27029.0,0.8271,454740760.0,363638686.3796
1753504830198,04:40:30.198,bybit,ADA/USDT:USDT,0.827,5384.0,0.8271,21878.0,0.8271,454740760.0,363638686.3796
1753504830298,04:40:30.298,bybit,ADA/USDT:USDT,0.827,8820.0,0.8271,12452.0,0.8271,454740760.0,363638686.3796
1753504830498,04:40:30.498,bybit,ADA/USDT:USDT,0.827,8437.0,0.8271,12452.0,0.8271,454740760.0,363638686.3796
1753504830597,04:40:30.597,bybit,ADA/USDT:USDT,0.827,12580.0,0.8271,239.0,0.8271,454740760.0,363638686.3796
1753504830697,04:40:30.697,bybit,ADA/USDT:USDT,0.827,15170.0,0.8271,247.0,0.8271,454740760.0,363638686.3796
1753504830797,04:40:30.797,bybit,ADA/USDT:USDT,0.827,19368.0,0.8271,247.0,0.8271,454740760.0,363638686.3796
1753504831198,04:40:31.198,bybit,ADA/USDT:USDT,0.827,18080.0,0.8271,247.0,0.8271,454740760.0,363638686.3796
1753504831297,04:40:31.297,bybit,ADA/USDT:USDT,0.827,18080.0,0.8271,257.0,0.8271,454740760.0,363638686.3796
1753504831597,04:40:31.597,bybit,ADA/USDT:USDT,0.827,19368.0,0.8271,257.0,0.8271,454740760.0,363638686.3796
1753504831697,04:40:31.697,bybit,ADA/USDT:USDT,0.827,18080.0,0.8271,257.0,0.8271,454740760.0,363638686.3796
1753504831797,04:40:31.797,bybit,ADA/USDT:USDT,0.827,18080.0,0.8271,1737.0,0.8271,454740760.0,363638686.3796
1753504831898,04:40:31.898,bybit,ADA/USDT:USDT,0.827,21878.0,0.8271,1249.0,0.8271,454741248.0,363639090.0044
1753504831997,04:40:31.997,bybit,ADA/USDT:USDT,0.827,19288.0,0.8271,1249.0,0.8271,454741248.0,363639090.0044
1753504832098,04:40:32.098,bybit,ADA/USDT:USDT,0.827,12026.0,0.8271,3209.0,0.8271,454741248.0,363639090.0044
1753504832198,04:40:32.198,bybit,ADA/USDT:USDT,0.827,9426.0,0.8271,1249.0,0.8271,454741248.0,363639090.0044
1753504832297,04:40:32.297,bybit,ADA/USDT:USDT,0.8269,9569.0,0.827,2221.0,0.827,454741489.0,363639289.3114
1753504832397,04:40:32.397,bybit,ADA/USDT:USDT,0.8269,11055.0,0.827,2214.0,0.827,454741489.0,363639289.3114
1753504832598,04:40:32.598,bybit,ADA/USDT:USDT,0.827,12234.0,0.8271,2738.0,0.827,454741489.0,363639289.3114
1753504832698,04:40:32.698,bybit,ADA/USDT:USDT,0.827,4556.0,0.8271,9586.0,0.827,454741489.0,363639289.3114
