timestamp,time,exchange,symbol,bid,bidVolume,ask,askVolume,lastPrice,baseVolume,quoteVolume
1753507239897,05:20:39.897,bybit,ADA/USDT:USDT,0.8227,8503.0,0.8228,18984.0,0.8226,446152316.0,356762431.2463
1753507240498,05:20:40.498,bybit,ADA/USDT:USDT,0.8227,9106.0,0.8228,20512.0,0.8226,446152316.0,356762431.2463
1753507240598,05:20:40.598,bybit,ADA/USDT:USDT,0.8227,9106.0,0.8228,18977.0,0.8226,446152316.0,356762431.2463
1753507240698,05:20:40.698,bybit,ADA/USDT:USDT,0.8227,9623.0,0.8228,18977.0,0.8226,446152316.0,356762431.2463
1753507240797,05:20:40.797,bybit,ADA/USDT:USDT,0.8227,9623.0,0.8228,10607.0,0.8226,446152316.0,356762431.2463
1753507240898,05:20:40.898,bybit,ADA/USDT:USDT,0.8227,963.0,0.8228,16982.0,0.8226,446152316.0,356762431.2463
1753507242598,05:20:42.598,bybit,ADA/USDT:USDT,0.8227,17867.0,0.8228,3489.0,0.8227,446152616.0,356762678.0563
1753507243097,05:20:43.097,bybit,ADA/USDT:USDT,0.8227,17867.0,0.8228,3489.0,0.8227,446152616.0,356762678.0563
1753507243897,05:20:43.897,bybit,ADA/USDT:USDT,0.8227,17843.0,0.8228,3489.0,0.8227,446152616.0,356762678.0563
1753507243997,05:20:43.997,bybit,ADA/USDT:USDT,0.8227,17877.0,0.8228,3489.0,0.8227,446152616.0,356762678.0563
1753507244397,05:20:44.397,bybit,ADA/USDT:USDT,0.8227,17880.0,0.8228,3001.0,0.8227,446152616.0,356762678.0563
1753507244497,05:20:44.497,bybit,ADA/USDT:USDT,0.8227,17880.0,0.8228,3487.0,0.8227,446152616.0,356762678.0563
1753507244597,05:20:44.597,bybit,ADA/USDT:USDT,0.8227,17175.0,0.8228,3487.0,0.8227,445638056.0,356346701.0281
1753507244698,05:20:44.698,bybit,ADA/USDT:USDT,0.8227,17911.0,0.8228,3487.0,0.8227,445638056.0,356346701.0281
1753507245597,05:20:45.597,bybit,ADA/USDT:USDT,0.8227,17912.0,0.8228,3487.0,0.8227,445638056.0,356346701.0281
1753507245998,05:20:45.998,bybit,ADA/USDT:USDT,0.8227,17885.0,0.8228,3487.0,0.8227,445638056.0,356346701.0281
1753507246098,05:20:46.098,bybit,ADA/USDT:USDT,0.8227,17926.0,0.8228,3487.0,0.8227,445638056.0,356346701.0281
1753507246398,05:20:46.398,bybit,ADA/USDT:USDT,0.8227,17925.0,0.8228,3487.0,0.8227,445638056.0,356346701.0281
1753507246697,05:20:46.697,bybit,ADA/USDT:USDT,0.8227,17925.0,0.8228,974.0,0.8227,445638056.0,356346701.0281
1753507246797,05:20:46.797,bybit,ADA/USDT:USDT,0.8227,17925.0,0.8228,973.0,0.8227,445638056.0,356346701.0281
1753507246897,05:20:46.897,bybit,ADA/USDT:USDT,0.8227,17939.0,0.8228,1498.0,0.8227,445638056.0,356346701.0281
1753507246997,05:20:46.997,bybit,ADA/USDT:USDT,0.8227,17968.0,0.8228,1498.0,0.8227,445638056.0,356346701.0281
1753507247297,05:20:47.297,bybit,ADA/USDT:USDT,0.8227,11068.0,0.8228,6034.0,0.8227,445638056.0,356346701.0281
1753507247398,05:20:47.398,bybit,ADA/USDT:USDT,0.8227,11068.0,0.8228,1986.0,0.8227,445638056.0,356346701.0281
1753507247498,05:20:47.498,bybit,ADA/USDT:USDT,0.8227,16068.0,0.8228,1986.0,0.8227,445638056.0,356346701.0281
1753507247597,05:20:47.597,bybit,ADA/USDT:USDT,0.8227,16068.0,0.8228,3839.0,0.8227,445638056.0,356346701.0281
1753507247697,05:20:47.697,bybit,ADA/USDT:USDT,0.8227,11068.0,0.8228,1986.0,0.8227,445638056.0,356346701.0281
1753507247997,05:20:47.997,bybit,ADA/USDT:USDT,0.8227,11336.0,0.8228,1986.0,0.8227,445638056.0,356346701.0281
1753507248397,05:20:48.397,bybit,ADA/USDT:USDT,0.8227,11464.0,0.8228,1986.0,0.8227,445638056.0,356346701.0281
1753507248497,05:20:48.497,bybit,ADA/USDT:USDT,0.8227,16964.0,0.8228,2919.0,0.8227,445638056.0,356346701.0281
1753507248698,05:20:48.698,bybit,ADA/USDT:USDT,0.8227,16976.0,0.8228,2919.0,0.8227,445638056.0,356346701.0281
1753507248997,05:20:48.997,bybit,ADA/USDT:USDT,0.8227,11477.0,0.8228,1986.0,0.8227,445638056.0,356346701.0281
1753507249198,05:20:49.198,bybit,ADA/USDT:USDT,0.8227,6882.0,0.8228,1986.0,0.8227,445638056.0,356346701.0281
1753507249497,05:20:49.497,bybit,ADA/USDT:USDT,0.8227,12382.0,0.8228,3521.0,0.8227,445638056.0,356346701.0281
1753507249597,05:20:49.597,bybit,ADA/USDT:USDT,0.8227,12382.0,0.8228,1986.0,0.8227,445638056.0,356346701.0281
1753507249797,05:20:49.797,bybit,ADA/USDT:USDT,0.8227,12780.0,0.8228,3149.0,0.8227,445638056.0,356346701.0281
1753507249897,05:20:49.897,bybit,ADA/USDT:USDT,0.8227,6100.0,0.8228,12591.0,0.8227,445638056.0,356346701.0281
1753507249997,05:20:49.997,bybit,ADA/USDT:USDT,0.8227,2941.0,0.8228,14978.0,0.8227,445638056.0,356346701.0281
1753507250197,05:20:50.197,bybit,ADA/USDT:USDT,0.8227,3002.0,0.8228,14978.0,0.8227,445638056.0,356346701.0281
1753507250497,05:20:50.497,bybit,ADA/USDT:USDT,0.8227,3002.0,0.8228,18943.0,0.8227,445638056.0,356346701.0281
1753507250597,05:20:50.597,bybit,ADA/USDT:USDT,0.8227,3002.0,0.8228,18943.0,0.8227,445638056.0,356346701.0281
1753507250797,05:20:50.797,bybit,ADA/USDT:USDT,0.8227,3002.0,0.8228,20478.0,0.8227,445638056.0,356346701.0281
1753507250898,05:20:50.898,bybit,ADA/USDT:USDT,0.8227,3002.0,0.8228,18943.0,0.8227,445638056.0,356346701.0281
1753507251097,05:20:51.097,bybit,ADA/USDT:USDT,0.8227,2987.0,0.8228,18943.0,0.8227,445638056.0,356346701.0281
1753507251198,05:20:51.198,bybit,ADA/USDT:USDT,0.8227,2987.0,0.8228,20478.0,0.8227,445638056.0,356346701.0281
1753507251397,05:20:51.397,bybit,ADA/USDT:USDT,0.8227,2976.0,0.8228,18943.0,0.8227,445638056.0,356346701.0281
1753507251597,05:20:51.597,bybit,ADA/USDT:USDT,0.8227,2976.0,0.8228,11908.0,0.8227,445638056.0,356346701.0281
1753507251798,05:20:51.798,bybit,ADA/USDT:USDT,0.8227,5728.0,0.8228,16624.0,0.8229,445688056.0,356387844.4697
1753507251898,05:20:51.898,bybit,ADA/USDT:USDT,0.8227,6216.0,0.8228,9443.0,0.8229,445688056.0,356387844.4697
1753507252097,05:20:52.097,bybit,ADA/USDT:USDT,0.8227,6175.0,0.8228,9443.0,0.8229,445688056.0,356387844.4697
1753507252197,05:20:52.197,bybit,ADA/USDT:USDT,0.8227,6266.0,0.8228,9443.0,0.8229,445688056.0,356387844.4697
1753507252297,05:20:52.297,bybit,ADA/USDT:USDT,0.8227,7327.0,0.8228,9443.0,0.8229,445688056.0,356387844.4697
1753507252598,05:20:52.598,bybit,ADA/USDT:USDT,0.8227,6291.0,0.8228,9443.0,0.8229,445688056.0,356387844.4697
1753507252897,05:20:52.897,bybit,ADA/USDT:USDT,0.8227,5803.0,0.8228,10978.0,0.8229,445688056.0,356387844.4697
1753507252997,05:20:52.997,bybit,ADA/USDT:USDT,0.8227,5803.0,0.8228,12513.0,0.8229,445688056.0,356387844.4697
1753507253097,05:20:53.097,bybit,ADA/USDT:USDT,0.8227,5803.0,0.8228,9443.0,0.8229,445688056.0,356387844.4697
1753507253198,05:20:53.198,bybit,ADA/USDT:USDT,0.8227,5790.0,0.8228,9443.0,0.8229,445688056.0,356387844.4697
1753507253297,05:20:53.297,bybit,ADA/USDT:USDT,0.8227,5790.0,0.8228,9443.0,0.8229,445688056.0,356387844.4697
1753507253497,05:20:53.497,bybit,ADA/USDT:USDT,0.8227,5790.0,0.8228,10088.0,0.8229,445688056.0,356387844.4697
1753507253597,05:20:53.597,bybit,ADA/USDT:USDT,0.8227,5793.0,0.8228,10088.0,0.8229,445688056.0,356387844.4697
1753507253897,05:20:53.897,bybit,ADA/USDT:USDT,0.8227,6564.0,0.8228,7641.0,0.8229,445688056.0,356387844.4697
1753507254197,05:20:54.197,bybit,ADA/USDT:USDT,0.8227,6576.0,0.8228,7641.0,0.8229,445688056.0,356387844.4697
1753507254298,05:20:54.298,bybit,ADA/USDT:USDT,0.8227,6578.0,0.8228,7641.0,0.8229,445688056.0,356387844.4697
1753507254398,05:20:54.398,bybit,ADA/USDT:USDT,0.8227,7066.0,0.8228,7641.0,0.8229,445688056.0,356387844.4697
1753507254598,05:20:54.598,bybit,ADA/USDT:USDT,0.8227,7068.0,0.8228,6996.0,0.8229,445688056.0,356387844.4697
1753507254698,05:20:54.698,bybit,ADA/USDT:USDT,0.8227,12381.0,0.8228,3698.0,0.8229,445688056.0,356387844.4697
1753507254997,05:20:54.997,bybit,ADA/USDT:USDT,0.8227,12381.0,0.8228,3139.0,0.8229,445688056.0,356387844.4697
1753507255097,05:20:55.097,bybit,ADA/USDT:USDT,0.8227,12384.0,0.8228,7139.0,0.8229,445688056.0,356387844.4697
1753507255198,05:20:55.198,bybit,ADA/USDT:USDT,0.8227,6300.0,0.8228,11274.0,0.8229,445688056.0,356387844.4697
1753507255297,05:20:55.297,bybit,ADA/USDT:USDT,0.8227,9538.0,0.8228,2896.0,0.8229,445688056.0,356387844.4697
1753507255497,05:20:55.497,bybit,ADA/USDT:USDT,0.8227,8530.0,0.8228,5496.0,0.8229,445688056.0,356387844.4697
1753507255598,05:20:55.598,bybit,ADA/USDT:USDT,0.8227,9301.0,0.8228,2896.0,0.8229,445688056.0,356387844.4697
1753507255697,05:20:55.697,bybit,ADA/USDT:USDT,0.8227,9301.0,0.8228,5496.0,0.8229,445688056.0,356387844.4697
1753507255898,05:20:55.898,bybit,ADA/USDT:USDT,0.8227,11218.0,0.8228,2896.0,0.8229,445688056.0,356387844.4697
1753507256098,05:20:56.098,bybit,ADA/USDT:USDT,0.8227,11218.0,0.8228,5496.0,0.8229,445688056.0,356387844.4697
1753507256297,05:20:56.297,bybit,ADA/USDT:USDT,0.8227,11218.0,0.8228,1496.0,0.8229,445688056.0,356387844.4697
1753507256398,05:20:56.398,bybit,ADA/USDT:USDT,0.8227,14718.0,0.8228,2713.0,0.8229,445688056.0,356387844.4697
1753507256498,05:20:56.498,bybit,ADA/USDT:USDT,0.8227,16253.0,0.8228,2713.0,0.8229,445688056.0,356387844.4697
1753507256597,05:20:56.597,bybit,ADA/USDT:USDT,0.8227,11453.0,0.8228,4096.0,0.8229,445688056.0,356387844.4697
1753507256697,05:20:56.697,bybit,ADA/USDT:USDT,0.8227,11453.0,0.8228,2887.0,0.8229,445688056.0,356387844.4697
1753507257197,05:20:57.197,bybit,ADA/USDT:USDT,0.8227,11019.0,0.8228,2887.0,0.8229,445688056.0,356387844.4697
1753507257297,05:20:57.297,bybit,ADA/USDT:USDT,0.8227,11504.0,0.8228,1496.0,0.8229,445688056.0,356387844.4697
1753507257398,05:20:57.398,bybit,ADA/USDT:USDT,0.8227,11490.0,0.8228,6996.0,0.8229,445688056.0,356387844.4697
1753507257698,05:20:57.698,bybit,ADA/USDT:USDT,0.8227,12631.0,0.8228,6996.0,0.8229,445688056.0,356387844.4697
1753507257897,05:20:57.897,bybit,ADA/USDT:USDT,0.8227,12631.0,0.8228,3319.0,0.8229,445688056.0,356387844.4697
1753507258197,05:20:58.197,bybit,ADA/USDT:USDT,0.8227,12617.0,0.8228,3319.0,0.8229,445688056.0,356387844.4697
1753507258297,05:20:58.297,bybit,ADA/USDT:USDT,0.8227,12608.0,0.8228,3319.0,0.8229,445688056.0,356387844.4697
1753507258397,05:20:58.397,bybit,ADA/USDT:USDT,0.8227,12608.0,0.8228,8319.0,0.8229,445688056.0,356387844.4697
1753507258497,05:20:58.497,bybit,ADA/USDT:USDT,0.8227,12608.0,0.8228,10919.0,0.8229,445688056.0,356387844.4697
1753507258597,05:20:58.597,bybit,ADA/USDT:USDT,0.8227,12608.0,0.8228,3319.0,0.8229,445688056.0,356387844.4697
1753507258797,05:20:58.797,bybit,ADA/USDT:USDT,0.8227,12630.0,0.8228,2724.0,0.8229,445688056.0,356387844.4697
1753507258898,05:20:58.898,bybit,ADA/USDT:USDT,0.8227,14165.0,0.8228,1496.0,0.8229,445688056.0,356387844.4697
1753507258997,05:20:58.997,bybit,ADA/USDT:USDT,0.8227,15736.0,0.8228,1496.0,0.8229,445688056.0,356387844.4697
1753507259097,05:20:59.097,bybit,ADA/USDT:USDT,0.8228,16547.0,0.8229,19139.0,0.8229,445688056.0,356387844.4697
1753507259198,05:20:59.198,bybit,ADA/USDT:USDT,0.8228,488.0,0.8229,22319.0,0.8229,445688056.0,356387844.4697
1753507259297,05:20:59.297,bybit,ADA/USDT:USDT,0.8227,28047.0,0.8228,1008.0,0.8229,445688056.0,356387844.4697
1753507259397,05:20:59.397,bybit,ADA/USDT:USDT,0.8227,23172.0,0.8228,1008.0,0.8229,445688056.0,356387844.4697
1753507259598,05:20:59.598,bybit,ADA/USDT:USDT,0.8227,24742.0,0.8228,1008.0,0.8229,445688056.0,356387844.4697
1753507259697,05:20:59.697,bybit,ADA/USDT:USDT,0.8227,24816.0,0.8228,1008.0,0.8229,445688056.0,356387844.4697
1753507259897,05:20:59.897,bybit,ADA/USDT:USDT,0.8227,24816.0,0.8228,3899.0,0.8229,445688056.0,356387844.4697
1753507259997,05:20:59.997,bybit,ADA/USDT:USDT,0.8227,14991.0,0.8228,4387.0,0.8229,445688056.0,356387844.4697
1753507260097,05:21:00.097,bybit,ADA/USDT:USDT,0.8227,13776.0,0.8228,3329.0,0.8229,445688056.0,356387844.4697
1753507260297,05:21:00.297,bybit,ADA/USDT:USDT,0.8227,13793.0,0.8228,3329.0,0.8229,445688056.0,356387844.4697
1753507260397,05:21:00.397,bybit,ADA/USDT:USDT,0.8227,13796.0,0.8228,8829.0,0.8229,445688056.0,356387844.4697
1753507260897,05:21:00.897,bybit,ADA/USDT:USDT,0.8227,7251.0,0.8228,12964.0,0.8229,445688056.0,356387844.4697
1753507261098,05:21:01.098,bybit,ADA/USDT:USDT,0.8227,13313.0,0.8228,2841.0,0.8229,445688056.0,356387844.4697
1753507261298,05:21:01.298,bybit,ADA/USDT:USDT,0.8227,13312.0,0.8228,2841.0,0.8229,445688056.0,356387844.4697
1753507261397,05:21:01.397,bybit,ADA/USDT:USDT,0.8227,13312.0,0.8228,8829.0,0.8229,445688056.0,356387844.4697
1753507261597,05:21:01.597,bybit,ADA/USDT:USDT,0.8227,13322.0,0.8228,8829.0,0.8229,445688056.0,356387844.4697
1753507261697,05:21:01.697,bybit,ADA/USDT:USDT,0.8227,14857.0,0.8228,2841.0,0.8229,445688056.0,356387844.4697
1753507261797,05:21:01.797,bybit,ADA/USDT:USDT,0.8227,13322.0,0.8228,2841.0,0.8229,445688056.0,356387844.4697
1753507262097,05:21:02.097,bybit,ADA/USDT:USDT,0.8227,13322.0,0.8228,1008.0,0.8229,445688056.0,356387844.4697
1753507262397,05:21:02.397,bybit,ADA/USDT:USDT,0.8227,18322.0,0.8228,1008.0,0.8229,445688056.0,356387844.4697
1753507262598,05:21:02.598,bybit,ADA/USDT:USDT,0.8227,16937.0,0.8228,1008.0,0.8229,445688056.0,356387844.4697
1753507262698,05:21:02.698,bybit,ADA/USDT:USDT,0.8227,19938.0,0.8228,3.0,0.8229,445688056.0,356387844.4697
1753507262797,05:21:02.797,bybit,ADA/USDT:USDT,0.8227,13403.0,0.8228,240.0,0.8229,445688056.0,356387844.4697
1753507262897,05:21:02.897,bybit,ADA/USDT:USDT,0.8227,13403.0,0.8228,2940.0,0.8229,445688056.0,356387844.4697
1753507262998,05:21:02.998,bybit,ADA/USDT:USDT,0.8227,13403.0,0.8228,2452.0,0.8229,445688056.0,356387844.4697
1753507263397,05:21:03.397,bybit,ADA/USDT:USDT,0.8227,14183.0,0.8228,2452.0,0.8229,445688056.0,356387844.4697
1753507264097,05:21:04.097,bybit,ADA/USDT:USDT,0.8227,14183.0,0.8228,3.0,0.8229,445688056.0,356387844.4697
1753507264197,05:21:04.197,bybit,ADA/USDT:USDT,0.8227,17242.0,0.8228,3.0,0.8229,445688056.0,356387844.4697
1753507264297,05:21:04.297,bybit,ADA/USDT:USDT,0.8227,16955.0,0.8228,3.0,0.8229,445688056.0,356387844.4697
1753507264397,05:21:04.397,bybit,ADA/USDT:USDT,0.8227,23990.0,0.8228,3.0,0.8229,445688056.0,356387844.4697
1753507264497,05:21:04.497,bybit,ADA/USDT:USDT,0.8228,37896.0,0.8229,11028.0,0.8228,445688059.0,356387846.9381
1753507264597,05:21:04.597,bybit,ADA/USDT:USDT,0.8228,61218.0,0.8229,387.0,0.8229,445695621.0,356394069.7079
1753507264697,05:21:04.697,bybit,ADA/USDT:USDT,0.8228,57058.0,0.8229,387.0,0.8229,445695621.0,356394069.7079
1753507264797,05:21:04.797,bybit,ADA/USDT:USDT,0.8228,55523.0,0.8229,387.0,0.8229,445695621.0,356394069.7079
1753507264897,05:21:04.897,bybit,ADA/USDT:USDT,0.8228,56130.0,0.8229,150.0,0.8229,445695621.0,356394069.7079
1753507264998,05:21:04.998,bybit,ADA/USDT:USDT,0.8228,37118.0,0.8229,1158.0,0.8229,445695621.0,356394069.7079
1753507265097,05:21:05.097,bybit,ADA/USDT:USDT,0.8228,20504.0,0.8229,2246.0,0.8229,445695621.0,356394069.7079
1753507265198,05:21:05.198,bybit,ADA/USDT:USDT,0.8228,13825.0,0.8229,7574.0,0.8229,445695621.0,356394069.7079
1753507265298,05:21:05.298,bybit,ADA/USDT:USDT,0.8228,14342.0,0.8229,6319.0,0.8229,445695621.0,356394069.7079
1753507265497,05:21:05.497,bybit,ADA/USDT:USDT,0.8228,5071.0,0.8229,10454.0,0.8229,445695621.0,356394069.7079
1753507265598,05:21:05.598,bybit,ADA/USDT:USDT,0.8228,5071.0,0.8229,10454.0,0.8229,445695621.0,356394069.7079
1753507265697,05:21:05.697,bybit,ADA/USDT:USDT,0.8228,5071.0,0.8229,8919.0,0.8229,445695621.0,356394069.7079
1753507265797,05:21:05.797,bybit,ADA/USDT:USDT,0.8228,6471.0,0.8229,8919.0,0.8229,445695621.0,356394069.7079
1753507265898,05:21:05.898,bybit,ADA/USDT:USDT,0.8228,6471.0,0.8229,6319.0,0.8229,445695621.0,356394069.7079
1753507265997,05:21:05.997,bybit,ADA/USDT:USDT,0.8228,6471.0,0.8229,4945.0,0.8229,445695621.0,356394069.7079
1753507266297,05:21:06.297,bybit,ADA/USDT:USDT,0.8228,8575.0,0.8229,10445.0,0.8229,445695621.0,356394069.7079
1753507266397,05:21:06.397,bybit,ADA/USDT:USDT,0.8228,11171.0,0.8229,10445.0,0.8229,445695621.0,356394069.7079
1753507266797,05:21:06.797,bybit,ADA/USDT:USDT,0.8228,11171.0,0.8229,3056.0,0.8229,445695621.0,356394069.7079
1753507266897,05:21:06.897,bybit,ADA/USDT:USDT,0.8228,12849.0,0.8229,3056.0,0.8229,445695621.0,356394069.7079
1753507266998,05:21:06.998,bybit,ADA/USDT:USDT,0.8228,12667.0,0.8229,3056.0,0.8228,445695803.0,356394219.4575
1753507267097,05:21:07.097,bybit,ADA/USDT:USDT,0.8228,12667.0,0.8229,3056.0,0.8228,445695803.0,356394219.4575
1753507267298,05:21:07.298,bybit,ADA/USDT:USDT,0.8228,19068.0,0.8229,3056.0,0.8228,445695803.0,356394219.4575
1753507267397,05:21:07.397,bybit,ADA/USDT:USDT,0.8228,13492.0,0.8229,3056.0,0.8228,445695803.0,356394219.4575
1753507267497,05:21:07.497,bybit,ADA/USDT:USDT,0.823,24390.0,0.8231,60545.0,0.8231,445705128.0,356401893.9782
1753507267597,05:21:07.597,bybit,ADA/USDT:USDT,0.823,21296.0,0.8231,60057.0,0.8231,445705128.0,356401893.9782
1753507267697,05:21:07.697,bybit,ADA/USDT:USDT,0.823,26010.0,0.8231,60487.0,0.8231,445705128.0,356401893.9782
1753507267797,05:21:07.797,bybit,ADA/USDT:USDT,0.823,32725.0,0.8231,60171.0,0.8231,445705502.0,356402201.8176
1753507267898,05:21:07.898,bybit,ADA/USDT:USDT,0.823,13893.0,0.8231,60171.0,0.8231,445705502.0,356402201.8176
1753507267997,05:21:07.997,bybit,ADA/USDT:USDT,0.823,9632.0,0.8231,60171.0,0.8231,445705502.0,356402201.8176
1753507268097,05:21:08.097,bybit,ADA/USDT:USDT,0.823,3601.0,0.8231,60171.0,0.8231,445705502.0,356402201.8176
1753507268297,05:21:08.297,bybit,ADA/USDT:USDT,0.823,3601.0,0.8231,60171.0,0.8231,445705502.0,356402201.8176
1753507268397,05:21:08.397,bybit,ADA/USDT:USDT,0.823,4039.0,0.8231,60171.0,0.8231,445705502.0,356402201.8176
1753507268498,05:21:08.498,bybit,ADA/USDT:USDT,0.823,12958.0,0.8231,60171.0,0.8231,445705502.0,356402201.8176
1753507268697,05:21:08.697,bybit,ADA/USDT:USDT,0.823,8615.0,0.8231,60171.0,0.8231,445705502.0,356402201.8176
1753507268797,05:21:08.797,bybit,ADA/USDT:USDT,0.823,10975.0,0.8231,60171.0,0.8231,445705502.0,356402201.8176
1753507268897,05:21:08.897,bybit,ADA/USDT:USDT,0.823,3917.0,0.8231,60171.0,0.8231,445705502.0,356402201.8176
1753507268997,05:21:08.997,bybit,ADA/USDT:USDT,0.823,3310.0,0.8231,60171.0,0.8231,445705502.0,356402201.8176
1753507269097,05:21:09.097,bybit,ADA/USDT:USDT,0.823,3310.0,0.8231,61706.0,0.8231,445705502.0,356402201.8176
1753507269197,05:21:09.197,bybit,ADA/USDT:USDT,0.823,3310.0,0.8231,60171.0,0.8231,445705502.0,356402201.8176
1753507269297,05:21:09.297,bybit,ADA/USDT:USDT,0.823,3310.0,0.8231,65171.0,0.8231,445705502.0,356402201.8176
1753507269397,05:21:09.397,bybit,ADA/USDT:USDT,0.823,14115.0,0.8231,60171.0,0.8231,445705502.0,356402201.8176
1753507269497,05:21:09.497,bybit,ADA/USDT:USDT,0.823,16740.0,0.8231,59683.0,0.8231,445705502.0,356402201.8176
1753507269597,05:21:09.597,bybit,ADA/USDT:USDT,0.823,16740.0,0.8231,59932.0,0.8231,445705502.0,356402201.8176
1753507269797,05:21:09.797,bybit,ADA/USDT:USDT,0.823,25917.0,0.8231,59932.0,0.8231,445705502.0,356402201.8176
1753507269897,05:21:09.897,bybit,ADA/USDT:USDT,0.823,24382.0,0.8231,59932.0,0.8231,445705502.0,356402201.8176
1753507270098,05:21:10.098,bybit,ADA/USDT:USDT,0.823,24382.0,0.8231,59932.0,0.8231,445705502.0,356402201.8176
1753507270197,05:21:10.197,bybit,ADA/USDT:USDT,0.823,24382.0,0.8231,59747.0,0.8231,445705502.0,356402201.8176
1753507270298,05:21:10.298,bybit,ADA/USDT:USDT,0.823,18882.0,0.8231,59747.0,0.8231,445705502.0,356402201.8176
1753507270397,05:21:10.397,bybit,ADA/USDT:USDT,0.823,23017.0,0.8231,59747.0,0.8231,445705502.0,356402201.8176
1753507270498,05:21:10.498,bybit,ADA/USDT:USDT,0.823,18882.0,0.8231,59747.0,0.8231,445705502.0,356402201.8176
1753507270597,05:21:10.597,bybit,ADA/USDT:USDT,0.823,18882.0,0.8231,59994.0,0.8231,445705502.0,356402201.8176
1753507270797,05:21:10.797,bybit,ADA/USDT:USDT,0.823,18882.0,0.8231,41054.0,0.8231,445705502.0,356402201.8176
1753507271097,05:21:11.097,bybit,ADA/USDT:USDT,0.823,31433.0,0.8231,39742.0,0.8231,445706629.0,356403129.4513
1753507271197,05:21:11.197,bybit,ADA/USDT:USDT,0.823,29898.0,0.8231,39742.0,0.8231,445706629.0,356403129.4513
1753507271397,05:21:11.397,bybit,ADA/USDT:USDT,0.823,29900.0,0.8231,39742.0,0.8231,445706629.0,356403129.4513
1753507271598,05:21:11.598,bybit,ADA/USDT:USDT,0.823,29900.0,0.8231,39742.0,0.8231,445706629.0,356403129.4513
1753507271698,05:21:11.698,bybit,ADA/USDT:USDT,0.823,29901.0,0.8231,39742.0,0.8231,445706629.0,356403129.4513
1753507271797,05:21:11.797,bybit,ADA/USDT:USDT,0.823,29901.0,0.8231,27487.0,0.8231,445706629.0,356403129.4513
1753507271897,05:21:11.897,bybit,ADA/USDT:USDT,0.823,29901.0,0.8231,1808.0,0.8231,445706629.0,356403129.4513
1753507271997,05:21:11.997,bybit,ADA/USDT:USDT,0.823,30811.0,0.8231,1808.0,0.8231,445706629.0,356403129.4513
1753507272197,05:21:12.197,bybit,ADA/USDT:USDT,0.823,32570.0,0.8231,1808.0,0.8231,445706629.0,356403129.4513
1753507272597,05:21:12.597,bybit,ADA/USDT:USDT,0.823,34105.0,0.8231,1808.0,0.8231,445706629.0,356403129.4513
1753507272698,05:21:12.698,bybit,ADA/USDT:USDT,0.823,33618.0,0.8231,1808.0,0.8231,445706629.0,356403129.4513
1753507272798,05:21:12.798,bybit,ADA/USDT:USDT,0.823,33618.0,0.8231,1029.0,0.8231,445707408.0,356403770.6462
1753507272897,05:21:12.897,bybit,ADA/USDT:USDT,0.8231,57557.0,0.8232,5956.0,0.8232,445709044.0,356405117.2985
1753507273097,05:21:13.097,bybit,ADA/USDT:USDT,0.8231,57020.0,0.8232,5956.0,0.8232,445709044.0,356405117.2985
1753507273198,05:21:13.198,bybit,ADA/USDT:USDT,0.8231,49709.0,0.8232,5956.0,0.8232,445709044.0,356405117.2985
1753507273398,05:21:13.398,bybit,ADA/USDT:USDT,0.8231,49709.0,0.8232,5956.0,0.8232,445709044.0,356405117.2985
1753507273497,05:21:13.497,bybit,ADA/USDT:USDT,0.8231,51221.0,0.8232,5956.0,0.8232,445709044.0,356405117.2985
1753507273597,05:21:13.597,bybit,ADA/USDT:USDT,0.8231,49455.0,0.8232,5956.0,0.8232,445709044.0,356405117.2985
1753507273697,05:21:13.697,bybit,ADA/USDT:USDT,0.8231,49711.0,0.8232,6811.0,0.8232,445709044.0,356405117.2985
1753507273797,05:21:13.797,bybit,ADA/USDT:USDT,0.8231,48199.0,0.8232,6996.0,0.8232,445709044.0,356405117.2985
1753507273897,05:21:13.897,bybit,ADA/USDT:USDT,0.8231,50342.0,0.8232,5956.0,0.8232,445709044.0,356405117.2985
1753507273997,05:21:13.997,bybit,ADA/USDT:USDT,0.8231,52975.0,0.8232,5956.0,0.8232,445709044.0,356405117.2985
1753507274097,05:21:14.097,bybit,ADA/USDT:USDT,0.8231,51463.0,0.8232,5956.0,0.8232,445709044.0,356405117.2985
1753507274197,05:21:14.197,bybit,ADA/USDT:USDT,0.8231,54739.0,0.8232,5956.0,0.8232,445709044.0,356405117.2985
1753507274397,05:21:14.397,bybit,ADA/USDT:USDT,0.8231,56268.0,0.8232,5956.0,0.8232,445709044.0,356405117.2985
1753507274598,05:21:14.598,bybit,ADA/USDT:USDT,0.8231,54756.0,0.8232,5956.0,0.8232,445709044.0,356405117.2985
1753507274697,05:21:14.697,bybit,ADA/USDT:USDT,0.8231,50470.0,0.8232,5956.0,0.8232,445709044.0,356405117.2985
1753507274798,05:21:14.798,bybit,ADA/USDT:USDT,0.8231,49932.0,0.8232,5956.0,0.8232,445709044.0,356405117.2985
1753507274897,05:21:14.897,bybit,ADA/USDT:USDT,0.8231,45242.0,0.8232,6141.0,0.8232,445709044.0,356405117.2985
1753507275197,05:21:15.197,bybit,ADA/USDT:USDT,0.8231,45242.0,0.8232,6386.0,0.8232,445709044.0,356405117.2985
1753507275398,05:21:15.398,bybit,ADA/USDT:USDT,0.8231,45242.0,0.8232,7579.0,0.8232,445709044.0,356405117.2985
1753507275497,05:21:15.497,bybit,ADA/USDT:USDT,0.8231,45678.0,0.8232,7579.0,0.8232,445709044.0,356405117.2985
1753507275597,05:21:15.597,bybit,ADA/USDT:USDT,0.8231,45673.0,0.8232,7579.0,0.8232,445709044.0,356405117.2985
1753507275997,05:21:15.997,bybit,ADA/USDT:USDT,0.8231,45673.0,0.8232,1623.0,0.8232,445709044.0,356405117.2985
1753507276497,05:21:16.497,bybit,ADA/USDT:USDT,0.8231,47185.0,0.8232,1623.0,0.8232,445709044.0,356405117.2985
1753507276597,05:21:16.597,bybit,ADA/USDT:USDT,0.8231,47188.0,0.8232,1438.0,0.8232,445709044.0,356405117.2985
1753507276697,05:21:16.697,bybit,ADA/USDT:USDT,0.8231,48700.0,0.8232,1438.0,0.8232,445709044.0,356405117.2985
1753507276798,05:21:16.798,bybit,ADA/USDT:USDT,0.8231,48700.0,0.8232,430.0,0.8232,445709044.0,356405117.2985
1753507276997,05:21:16.997,bybit,ADA/USDT:USDT,0.8231,48826.0,0.8232,430.0,0.8232,445709044.0,356405117.2985
1753507277198,05:21:17.198,bybit,ADA/USDT:USDT,0.8231,54326.0,0.8232,430.0,0.8232,445709044.0,356405117.2985
1753507277398,05:21:17.398,bybit,ADA/USDT:USDT,0.8232,39366.0,0.8233,9446.0,0.8233,445709498.0,356405491.0337
1753507277498,05:21:17.498,bybit,ADA/USDT:USDT,0.8232,37200.0,0.8233,9446.0,0.8233,445709498.0,356405491.0337
1753507277598,05:21:17.598,bybit,ADA/USDT:USDT,0.8232,23970.0,0.8233,10929.0,0.8233,445709498.0,356405491.0337
1753507277697,05:21:17.697,bybit,ADA/USDT:USDT,0.8232,5166.0,0.8233,11457.0,0.8233,445709498.0,356405491.0337
1753507278198,05:21:18.198,bybit,ADA/USDT:USDT,0.8232,5574.0,0.8233,16957.0,0.8233,445709498.0,356405491.0337
1753507278297,05:21:18.297,bybit,ADA/USDT:USDT,0.8232,5574.0,0.8233,11518.0,0.8233,445709498.0,356405491.0337
1753507278397,05:21:18.397,bybit,ADA/USDT:USDT,0.8232,5574.0,0.8233,10035.0,0.8233,445709498.0,356405491.0337
1753507278497,05:21:18.497,bybit,ADA/USDT:USDT,0.8232,6489.0,0.8233,7374.0,0.8233,445709498.0,356405491.0337
1753507278697,05:21:18.697,bybit,ADA/USDT:USDT,0.8232,7459.0,0.8233,7435.0,0.8233,445709498.0,356405491.0337
1753507278797,05:21:18.797,bybit,ADA/USDT:USDT,0.8232,9249.0,0.8233,7374.0,0.8233,445709498.0,356405491.0337
1753507278898,05:21:18.898,bybit,ADA/USDT:USDT,0.8232,8333.0,0.8233,11450.0,0.8233,445709498.0,356405491.0337
1753507279097,05:21:19.097,bybit,ADA/USDT:USDT,0.8232,6933.0,0.8233,11450.0,0.8233,445709498.0,356405491.0337
1753507279198,05:21:19.198,bybit,ADA/USDT:USDT,0.8232,6933.0,0.8233,16950.0,0.8233,445709498.0,356405491.0337
1753507279297,05:21:19.297,bybit,ADA/USDT:USDT,0.8232,8487.0,0.8233,7428.0,0.8233,445709498.0,356405491.0337
1753507279497,05:21:19.497,bybit,ADA/USDT:USDT,0.8232,12006.0,0.8233,7428.0,0.8233,445709498.0,356405491.0337
1753507279597,05:21:19.597,bybit,ADA/USDT:USDT,0.8232,10487.0,0.8233,7428.0,0.8233,445709498.0,356405491.0337
1753507279697,05:21:19.697,bybit,ADA/USDT:USDT,0.8232,10484.0,0.8233,7428.0,0.8233,445709498.0,356405491.0337
1753507279997,05:21:19.997,bybit,ADA/USDT:USDT,0.8232,12161.0,0.8233,7428.0,0.8233,445709498.0,356405491.0337
1753507280197,05:21:20.197,bybit,ADA/USDT:USDT,0.8232,12161.0,0.8233,12928.0,0.8233,445709498.0,356405491.0337
1753507280298,05:21:20.298,bybit,ADA/USDT:USDT,0.8232,12166.0,0.8233,7428.0,0.8233,445709498.0,356405491.0337
1753507280597,05:21:20.597,bybit,ADA/USDT:USDT,0.8232,12166.0,0.8233,7428.0,0.8233,445709498.0,356405491.0337
1753507280797,05:21:20.797,bybit,ADA/USDT:USDT,0.8232,14620.0,0.8233,4434.0,0.8233,445709498.0,356405491.0337
1753507280898,05:21:20.898,bybit,ADA/USDT:USDT,0.8232,14620.0,0.8233,4434.0,0.8233,445709498.0,356405491.0337
1753507281097,05:21:21.097,bybit,ADA/USDT:USDT,0.8232,39782.0,0.8233,4056.0,0.8233,445709620.0,356405591.4763
1753507281197,05:21:21.197,bybit,ADA/USDT:USDT,0.8232,34720.0,0.8233,4056.0,0.8233,445709620.0,356405591.4763
1753507281298,05:21:21.298,bybit,ADA/USDT:USDT,0.8232,34725.0,0.8233,4056.0,0.8233,445709620.0,356405591.4763
1753507281397,05:21:21.397,bybit,ADA/USDT:USDT,0.8232,35332.0,0.8233,4056.0,0.8233,445709620.0,356405591.4763
1753507281497,05:21:21.497,bybit,ADA/USDT:USDT,0.8232,32345.0,0.8233,4056.0,0.8233,445709620.0,356405591.4763
1753507281597,05:21:21.597,bybit,ADA/USDT:USDT,0.8233,47120.0,0.8234,29063.0,0.8233,445713676.0,356408930.7811
1753507281797,05:21:21.797,bybit,ADA/USDT:USDT,0.8233,47120.0,0.8234,253.0,0.8233,445713676.0,356408930.7811
1753507282097,05:21:22.097,bybit,ADA/USDT:USDT,0.8233,47120.0,0.8234,1216.0,0.8233,445713676.0,356408930.7811
1753507282297,05:21:22.297,bybit,ADA/USDT:USDT,0.8233,48334.0,0.8234,1216.0,0.8233,445713676.0,356408930.7811
1753507282398,05:21:22.398,bybit,ADA/USDT:USDT,0.8233,48334.0,0.8234,1216.0,0.8233,445713676.0,356408930.7811
1753507282497,05:21:22.497,bybit,ADA/USDT:USDT,0.8233,48857.0,0.8234,393.0,0.8233,445713676.0,356408930.7811
1753507282597,05:21:22.597,bybit,ADA/USDT:USDT,0.8233,48857.0,0.8234,208.0,0.8233,445713676.0,356408930.7811
1753507282698,05:21:22.698,bybit,ADA/USDT:USDT,0.8233,43357.0,0.8234,1704.0,0.8233,445713676.0,356408930.7811
1753507282797,05:21:22.797,bybit,ADA/USDT:USDT,0.8233,4710.0,0.8234,21428.0,0.8233,445713676.0,356408930.7811
1753507282897,05:21:22.897,bybit,ADA/USDT:USDT,0.8233,4710.0,0.8234,18476.0,0.8233,445713676.0,356408930.7811
1753507282997,05:21:22.997,bybit,ADA/USDT:USDT,0.8233,7709.0,0.8234,12671.0,0.8233,445713676.0,356408930.7811
1753507283098,05:21:23.098,bybit,ADA/USDT:USDT,0.8233,7709.0,0.8234,18171.0,0.8233,445713676.0,356408930.7811
1753507283197,05:21:23.197,bybit,ADA/USDT:USDT,0.8233,7709.0,0.8234,12671.0,0.8233,445713676.0,356408930.7811
1753507283597,05:21:23.597,bybit,ADA/USDT:USDT,0.8233,8115.0,0.8234,12664.0,0.8233,445713676.0,356408930.7811
1753507283997,05:21:23.997,bybit,ADA/USDT:USDT,0.8233,12516.0,0.8234,689.0,0.8233,445713676.0,356408930.7811
1753507284097,05:21:24.097,bybit,ADA/USDT:USDT,0.8233,12516.0,0.8234,201.0,0.8233,445713676.0,356408930.7811
1753507284197,05:21:24.197,bybit,ADA/USDT:USDT,0.8233,16202.0,0.8234,201.0,0.8233,445713676.0,356408930.7811
1753507284297,05:21:24.297,bybit,ADA/USDT:USDT,0.8233,14726.0,0.8234,1241.0,0.8233,445713676.0,356408930.7811
1753507284398,05:21:24.398,bybit,ADA/USDT:USDT,0.8233,14588.0,0.8234,386.0,0.8233,445713676.0,356408930.7811
1753507284497,05:21:24.497,bybit,ADA/USDT:USDT,0.8233,11066.0,0.8234,386.0,0.8233,445713676.0,356408930.7811
1753507284597,05:21:24.597,bybit,ADA/USDT:USDT,0.8233,14586.0,0.8234,201.0,0.8233,445713676.0,356408930.7811
1753507284798,05:21:24.798,bybit,ADA/USDT:USDT,0.8233,16062.0,0.8234,201.0,0.8233,445713676.0,356408930.7811
1753507285097,05:21:25.097,bybit,ADA/USDT:USDT,0.8233,20086.0,0.8234,201.0,0.8233,445713676.0,356408930.7811
1753507285697,05:21:25.697,bybit,ADA/USDT:USDT,0.8233,20267.0,0.8234,201.0,0.8233,445713676.0,356408930.7811
1753507285798,05:21:25.798,bybit,ADA/USDT:USDT,0.8233,14767.0,0.8234,201.0,0.8233,445713676.0,356408930.7811
1753507285898,05:21:25.898,bybit,ADA/USDT:USDT,0.8233,12167.0,0.8234,4337.0,0.8233,445713676.0,356408930.7811
1753507286398,05:21:26.398,bybit,ADA/USDT:USDT,0.8233,12386.0,0.8234,4337.0,0.8233,445713676.0,356408930.7811
1753507286497,05:21:26.497,bybit,ADA/USDT:USDT,0.8233,12386.0,0.8234,689.0,0.8233,445713676.0,356408930.7811
1753507286597,05:21:26.597,bybit,ADA/USDT:USDT,0.8233,12415.0,0.8234,1544.0,0.8233,445713676.0,356408930.7811
1753507286698,05:21:26.698,bybit,ADA/USDT:USDT,0.8233,12415.0,0.8234,3785.0,0.8233,445713676.0,356408930.7811
1753507286797,05:21:26.797,bybit,ADA/USDT:USDT,0.8233,12415.0,0.8234,3983.0,0.8233,445713676.0,356408930.7811
1753507287097,05:21:27.097,bybit,ADA/USDT:USDT,0.8233,17915.0,0.8234,5222.0,0.8233,445713676.0,356408930.7811
1753507287297,05:21:27.297,bybit,ADA/USDT:USDT,0.8233,17915.0,0.8234,3785.0,0.8233,445713676.0,356408930.7811
1753507287397,05:21:27.397,bybit,ADA/USDT:USDT,0.8233,12415.0,0.8234,3785.0,0.8233,445713676.0,356408930.7811
1753507287497,05:21:27.497,bybit,ADA/USDT:USDT,0.8233,12421.0,0.8234,5879.0,0.8233,445713676.0,356408930.7811
1753507287597,05:21:27.597,bybit,ADA/USDT:USDT,0.8233,12433.0,0.8234,3785.0,0.8233,445713676.0,356408930.7811
1753507288198,05:21:28.198,bybit,ADA/USDT:USDT,0.8233,12159.0,0.8234,3785.0,0.8233,445713676.0,356408930.7811
1753507288297,05:21:28.297,bybit,ADA/USDT:USDT,0.8233,12432.0,0.8234,3785.0,0.8233,445713676.0,356408930.7811
1753507288498,05:21:28.498,bybit,ADA/USDT:USDT,0.8233,12432.0,0.8234,5256.0,0.8233,445713676.0,356408930.7811
1753507288597,05:21:28.597,bybit,ADA/USDT:USDT,0.8233,11952.0,0.8234,11258.0,0.8233,445713676.0,356408930.7811
1753507288697,05:21:28.697,bybit,ADA/USDT:USDT,0.8233,7039.0,0.8234,14603.0,0.8233,445713676.0,356408930.7811
1753507288797,05:21:28.797,bybit,ADA/USDT:USDT,0.8233,7495.0,0.8234,8447.0,0.8233,445713676.0,356408930.7811
1753507288897,05:21:28.897,bybit,ADA/USDT:USDT,0.8233,10186.0,0.8234,8447.0,0.8233,445713676.0,356408930.7811
1753507288998,05:21:28.998,bybit,ADA/USDT:USDT,0.8233,10478.0,0.8234,5847.0,0.8233,445713676.0,356408930.7811
1753507289497,05:21:29.497,bybit,ADA/USDT:USDT,0.8233,10478.0,0.8234,5847.0,0.8233,445506970.0,356242085.7303
1753507289597,05:21:29.597,bybit,ADA/USDT:USDT,0.8233,10467.0,0.8234,3168.0,0.8233,445506970.0,356242085.7303
1753507289697,05:21:29.697,bybit,ADA/USDT:USDT,0.8233,7465.0,0.8234,1697.0,0.8233,445506970.0,356242085.7303
1753507289798,05:21:29.798,bybit,ADA/USDT:USDT,0.8233,14792.0,0.8234,1697.0,0.8233,445506970.0,356242085.7303
1753507290098,05:21:30.098,bybit,ADA/USDT:USDT,0.8233,20292.0,0.8234,4213.0,0.8233,445506970.0,356242085.7303
1753507290197,05:21:30.197,bybit,ADA/USDT:USDT,0.8233,10473.0,0.8234,4649.0,0.8233,445506970.0,356242085.7303
1753507290497,05:21:30.497,bybit,ADA/USDT:USDT,0.8233,10304.0,0.8234,8284.0,0.8233,445506970.0,356242085.7303
1753507290598,05:21:30.598,bybit,ADA/USDT:USDT,0.8233,10391.0,0.8234,9760.0,0.8233,445506970.0,356242085.7303
1753507290697,05:21:30.697,bybit,ADA/USDT:USDT,0.8233,10391.0,0.8234,8284.0,0.8233,445506970.0,356242085.7303
1753507290797,05:21:30.797,bybit,ADA/USDT:USDT,0.8232,14069.0,0.8233,29731.0,0.8233,445514367.0,356248175.6804
1753507290897,05:21:30.897,bybit,ADA/USDT:USDT,0.8232,14069.0,0.8233,2259.0,0.8233,445514367.0,356248175.6804
1753507291097,05:21:31.097,bybit,ADA/USDT:USDT,0.8232,14716.0,0.8233,8317.0,0.8233,445514367.0,356248175.6804
1753507291197,05:21:31.197,bybit,ADA/USDT:USDT,0.8232,14716.0,0.8233,7726.0,0.8233,445514367.0,356248175.6804
1753507291297,05:21:31.297,bybit,ADA/USDT:USDT,0.8232,10489.0,0.8233,15306.0,0.8233,445514367.0,356248175.6804
1753507291397,05:21:31.397,bybit,ADA/USDT:USDT,0.8232,10489.0,0.8233,15306.0,0.8233,445514367.0,356248175.6804
1753507291497,05:21:31.497,bybit,ADA/USDT:USDT,0.8232,10792.0,0.8233,13835.0,0.8233,445514367.0,356248175.6804
1753507291597,05:21:31.597,bybit,ADA/USDT:USDT,0.8232,10785.0,0.8233,12364.0,0.8233,445514367.0,356248175.6804
1753507291697,05:21:31.697,bybit,ADA/USDT:USDT,0.8232,1029.0,0.8233,15366.0,0.8233,445514367.0,356248175.6804
1753507291997,05:21:31.997,bybit,ADA/USDT:USDT,0.8232,1029.0,0.8233,13895.0,0.8233,445514367.0,356248175.6804
1753507292197,05:21:32.197,bybit,ADA/USDT:USDT,0.8232,1029.0,0.8233,14286.0,0.8233,445514367.0,356248175.6804
1753507292497,05:21:32.497,bybit,ADA/USDT:USDT,0.8232,1029.0,0.8233,14082.0,0.8233,445514367.0,356248175.6804
1753507292597,05:21:32.597,bybit,ADA/USDT:USDT,0.8232,1029.0,0.8233,14082.0,0.8233,445514367.0,356248175.6804
1753507292698,05:21:32.698,bybit,ADA/USDT:USDT,0.8232,1253.0,0.8233,14735.0,0.8233,445514367.0,356248175.6804
1753507293298,05:21:33.298,bybit,ADA/USDT:USDT,0.8232,1253.0,0.8233,14745.0,0.8233,445514367.0,356248175.6804
1753507293497,05:21:33.497,bybit,ADA/USDT:USDT,0.8232,1253.0,0.8233,13274.0,0.8233,445514367.0,356248175.6804
1753507293598,05:21:33.598,bybit,ADA/USDT:USDT,0.8232,1253.0,0.8233,14745.0,0.8233,445514367.0,356248175.6804
1753507294098,05:21:34.098,bybit,ADA/USDT:USDT,0.8232,1253.0,0.8233,14825.0,0.8233,445514367.0,356248175.6804
1753507294298,05:21:34.298,bybit,ADA/USDT:USDT,0.8232,1253.0,0.8233,13354.0,0.8233,445514367.0,356248175.6804
1753507294597,05:21:34.597,bybit,ADA/USDT:USDT,0.8232,1253.0,0.8233,14825.0,0.8233,445514367.0,356248175.6804
1753507294797,05:21:34.797,bybit,ADA/USDT:USDT,0.8232,1253.0,0.8233,13354.0,0.8233,445514367.0,356248175.6804
1753507295097,05:21:35.097,bybit,ADA/USDT:USDT,0.8232,1253.0,0.8233,6416.0,0.8233,445514367.0,356248175.6804
1753507295198,05:21:35.198,bybit,ADA/USDT:USDT,0.8232,1253.0,0.8233,8772.0,0.8233,445514367.0,356248175.6804
1753507295298,05:21:35.298,bybit,ADA/USDT:USDT,0.8232,1286.0,0.8233,8877.0,0.8233,445514367.0,356248175.6804
1753507295397,05:21:35.397,bybit,ADA/USDT:USDT,0.8232,1286.0,0.8233,13946.0,0.8233,445514367.0,356248175.6804
1753507295697,05:21:35.697,bybit,ADA/USDT:USDT,0.8232,1313.0,0.8233,12475.0,0.8233,445514367.0,356248175.6804
1753507295797,05:21:35.797,bybit,ADA/USDT:USDT,0.8232,1313.0,0.8233,13946.0,0.8233,445514367.0,356248175.6804
1753507295897,05:21:35.897,bybit,ADA/USDT:USDT,0.823,18837.0,0.8231,11886.0,0.8232,445515680.0,356249256.542
1753507295997,05:21:35.997,bybit,ADA/USDT:USDT,0.823,1510.0,0.8231,13781.0,0.8232,445515680.0,356249256.542
1753507296197,05:21:36.197,bybit,ADA/USDT:USDT,0.823,924.0,0.8231,16043.0,0.8232,445515680.0,356249256.542
1753507296498,05:21:36.498,bybit,ADA/USDT:USDT,0.823,621.0,0.8231,16043.0,0.8232,445515680.0,356249256.542
1753507296697,05:21:36.697,bybit,ADA/USDT:USDT,0.823,1368.0,0.8231,14700.0,0.8232,445515680.0,356249256.542
1753507296797,05:21:36.797,bybit,ADA/USDT:USDT,0.823,1368.0,0.8231,13260.0,0.8232,445515680.0,356249256.542
1753507296998,05:21:36.998,bybit,ADA/USDT:USDT,0.823,1368.0,0.8231,20200.0,0.8232,445515680.0,356249256.542
1753507297097,05:21:37.097,bybit,ADA/USDT:USDT,0.823,1378.0,0.8231,18760.0,0.8232,445515680.0,356249256.542
1753507297198,05:21:37.198,bybit,ADA/USDT:USDT,0.823,2386.0,0.8231,14956.0,0.8232,445515680.0,356249256.542
1753507297298,05:21:37.298,bybit,ADA/USDT:USDT,0.823,2386.0,0.8231,9456.0,0.8232,445515680.0,356249256.542
1753507297397,05:21:37.397,bybit,ADA/USDT:USDT,0.823,1378.0,0.8231,15134.0,0.8232,445515680.0,356249256.542
1753507297498,05:21:37.498,bybit,ADA/USDT:USDT,0.823,2277.0,0.8231,13704.0,0.8232,445515680.0,356249256.542
1753507297698,05:21:37.698,bybit,ADA/USDT:USDT,0.823,1420.0,0.8231,13704.0,0.8232,445515680.0,356249256.542
1753507297797,05:21:37.797,bybit,ADA/USDT:USDT,0.823,11224.0,0.8231,2088.0,0.8232,445515680.0,356249256.542
1753507297897,05:21:37.897,bybit,ADA/USDT:USDT,0.823,12664.0,0.8231,1257.0,0.8232,445515680.0,356249256.542
1753507297997,05:21:37.997,bybit,ADA/USDT:USDT,0.823,16224.0,0.8231,1257.0,0.8232,445515680.0,356249256.542
1753507298097,05:21:38.097,bybit,ADA/USDT:USDT,0.823,11224.0,0.8231,1442.0,0.8232,445515680.0,356249256.542
1753507298197,05:21:38.197,bybit,ADA/USDT:USDT,0.823,11224.0,0.8231,2938.0,0.8232,445515680.0,356249256.542
1753507298297,05:21:38.297,bybit,ADA/USDT:USDT,0.823,11224.0,0.8231,2938.0,0.8232,445515680.0,356249256.542
1753507298997,05:21:38.997,bybit,ADA/USDT:USDT,0.823,15724.0,0.8231,2753.0,0.8232,445515680.0,356249256.542
1753507299197,05:21:39.197,bybit,ADA/USDT:USDT,0.823,8816.0,0.8231,7979.0,0.8232,445515680.0,356249256.542
1753507299297,05:21:39.297,bybit,ADA/USDT:USDT,0.823,9824.0,0.8231,4705.0,0.8232,445515680.0,356249256.542
1753507299497,05:21:39.497,bybit,ADA/USDT:USDT,0.823,9834.0,0.8231,4705.0,0.8232,445515680.0,356249256.542
1753507299598,05:21:39.598,bybit,ADA/USDT:USDT,0.823,9834.0,0.8231,4345.0,0.8232,445515680.0,356249256.542
1753507299797,05:21:39.797,bybit,ADA/USDT:USDT,0.823,9835.0,0.8231,4345.0,0.8232,445515680.0,356249256.542
1753507299897,05:21:39.897,bybit,ADA/USDT:USDT,0.823,10164.0,0.8231,4238.0,0.8232,445515680.0,356249256.542
1753507300398,05:21:40.398,bybit,ADA/USDT:USDT,0.823,10164.0,0.8231,3164.0,0.8232,445515680.0,356249256.542
1753507300797,05:21:40.797,bybit,ADA/USDT:USDT,0.823,10159.0,0.8231,5764.0,0.8232,445515680.0,356249256.542
1753507300898,05:21:40.898,bybit,ADA/USDT:USDT,0.823,10159.0,0.8231,11264.0,0.8232,445515680.0,356249256.542
1753507301198,05:21:41.198,bybit,ADA/USDT:USDT,0.823,10157.0,0.8231,11264.0,0.8232,445515680.0,356249256.542
1753507301297,05:21:41.297,bybit,ADA/USDT:USDT,0.823,9550.0,0.8231,11264.0,0.8232,445515680.0,356249256.542
1753507301397,05:21:41.397,bybit,ADA/USDT:USDT,0.823,9550.0,0.8231,5764.0,0.8232,445515680.0,356249256.542
1753507301497,05:21:41.497,bybit,ADA/USDT:USDT,0.823,10157.0,0.8231,5764.0,0.8232,445515680.0,356249256.542
1753507301597,05:21:41.597,bybit,ADA/USDT:USDT,0.823,10157.0,0.8231,5764.0,0.8232,445515680.0,356249256.542
1753507301698,05:21:41.698,bybit,ADA/USDT:USDT,0.823,5456.0,0.8231,4238.0,0.8232,445515680.0,356249256.542
1753507301897,05:21:41.897,bybit,ADA/USDT:USDT,0.823,5456.0,0.8231,7738.0,0.8232,445515680.0,356249256.542
1753507302297,05:21:42.297,bybit,ADA/USDT:USDT,0.823,5586.0,0.8231,7738.0,0.8232,445515680.0,356249256.542
1753507302798,05:21:42.798,bybit,ADA/USDT:USDT,0.823,5612.0,0.8231,4238.0,0.8232,445515680.0,356249256.542
1753507303397,05:21:43.397,bybit,ADA/USDT:USDT,0.823,5629.0,0.8231,4238.0,0.8232,445515680.0,356249256.542
1753507303797,05:21:43.797,bybit,ADA/USDT:USDT,0.823,5640.0,0.8231,4238.0,0.8232,445515680.0,356249256.542
1753507304098,05:21:44.098,bybit,ADA/USDT:USDT,0.823,5640.0,0.8231,4231.0,0.8231,445515687.0,356249262.3037
1753507304298,05:21:44.298,bybit,ADA/USDT:USDT,0.823,5633.0,0.8231,4231.0,0.823,445515694.0,356249268.0647
1753507304398,05:21:44.398,bybit,ADA/USDT:USDT,0.823,5633.0,0.8231,4231.0,0.823,445515694.0,356249268.0647
1753507304597,05:21:44.597,bybit,ADA/USDT:USDT,0.823,5637.0,0.8231,4231.0,0.823,445515694.0,356249268.0647
1753507304797,05:21:44.797,bybit,ADA/USDT:USDT,0.823,5646.0,0.8231,4231.0,0.823,445515694.0,356249268.0647
1753507304897,05:21:44.897,bybit,ADA/USDT:USDT,0.823,11146.0,0.8231,4231.0,0.823,445515694.0,356249268.0647
1753507304998,05:21:44.998,bybit,ADA/USDT:USDT,0.823,5646.0,0.8231,4231.0,0.823,445515694.0,356249268.0647
1753507305097,05:21:45.097,bybit,ADA/USDT:USDT,0.8229,1448.0,0.823,47744.0,0.8229,445517918.0,356251098.3587
1753507305197,05:21:45.197,bybit,ADA/USDT:USDT,0.8229,580.0,0.823,90395.0,0.8229,445517918.0,356251098.3587
1753507305297,05:21:45.297,bybit,ADA/USDT:USDT,0.8229,580.0,0.823,91703.0,0.8229,445517918.0,356251098.3587
1753507305397,05:21:45.397,bybit,ADA/USDT:USDT,0.8229,488.0,0.823,91395.0,0.8229,445517918.0,356251098.3587
1753507305497,05:21:45.497,bybit,ADA/USDT:USDT,0.8228,11406.0,0.8229,7413.0,0.8229,445517918.0,356251098.3587
1753507305598,05:21:45.598,bybit,ADA/USDT:USDT,0.8228,18724.0,0.8229,1038.0,0.8229,445517918.0,356251098.3587
1753507305698,05:21:45.698,bybit,ADA/USDT:USDT,0.8228,19324.0,0.8229,1699.0,0.8229,445517918.0,356251098.3587
1753507305797,05:21:45.797,bybit,ADA/USDT:USDT,0.8228,19324.0,0.8229,4354.0,0.8229,445517918.0,356251098.3587
1753507305897,05:21:45.897,bybit,ADA/USDT:USDT,0.8228,24324.0,0.8229,4354.0,0.8229,445517918.0,356251098.3587
1753507306098,05:21:46.098,bybit,ADA/USDT:USDT,0.8228,25632.0,0.8229,4354.0,0.8229,445517918.0,356251098.3587
1753507306297,05:21:46.297,bybit,ADA/USDT:USDT,0.8228,25632.0,0.8229,1699.0,0.8229,445517918.0,356251098.3587
1753507306397,05:21:46.397,bybit,ADA/USDT:USDT,0.8228,24324.0,0.8229,1699.0,0.8229,445517918.0,356251098.3587
1753507306698,05:21:46.698,bybit,ADA/USDT:USDT,0.8228,25625.0,0.8229,691.0,0.8229,445517918.0,356251098.3587
1753507306798,05:21:46.798,bybit,ADA/USDT:USDT,0.8228,24317.0,0.8229,1699.0,0.8229,445517918.0,356251098.3587
1753507307198,05:21:47.198,bybit,ADA/USDT:USDT,0.8228,19317.0,0.8229,1699.0,0.8229,445517918.0,356251098.3587
1753507307297,05:21:47.297,bybit,ADA/USDT:USDT,0.8228,19317.0,0.8229,1699.0,0.8229,445517918.0,356251098.3587
1753507307898,05:21:47.898,bybit,ADA/USDT:USDT,0.8228,25528.0,0.8229,1699.0,0.8229,445517918.0,356251098.3587
1753507307998,05:21:47.998,bybit,ADA/USDT:USDT,0.8228,26836.0,0.8229,1699.0,0.8229,445517918.0,356251098.3587
1753507308097,05:21:48.097,bybit,ADA/USDT:USDT,0.8228,25528.0,0.8229,5781.0,0.8229,445517918.0,356251098.3587
1753507308197,05:21:48.197,bybit,ADA/USDT:USDT,0.8228,25528.0,0.8229,5781.0,0.8229,445517918.0,356251098.3587
1753507308398,05:21:48.398,bybit,ADA/USDT:USDT,0.8228,25528.0,0.8229,4724.0,0.8229,445517918.0,356251098.3587
1753507308598,05:21:48.598,bybit,ADA/USDT:USDT,0.8228,20019.0,0.8229,5188.0,0.8229,445517918.0,356251098.3587
1753507308697,05:21:48.697,bybit,ADA/USDT:USDT,0.8228,20029.0,0.8229,5188.0,0.8229,445517918.0,356251098.3587
1753507308897,05:21:48.897,bybit,ADA/USDT:USDT,0.8228,24529.0,0.8229,5188.0,0.8229,445517918.0,356251098.3587
1753507309197,05:21:49.197,bybit,ADA/USDT:USDT,0.8228,20029.0,0.8229,5210.0,0.8229,445517918.0,356251098.3587
1753507309797,05:21:49.797,bybit,ADA/USDT:USDT,0.8228,21337.0,0.8229,5234.0,0.8229,445517918.0,356251098.3587
1753507310098,05:21:50.098,bybit,ADA/USDT:USDT,0.8228,20029.0,0.8229,5234.0,0.8229,445517918.0,356251098.3587
1753507310397,05:21:50.397,bybit,ADA/USDT:USDT,0.8228,20039.0,0.8229,5234.0,0.8229,445517918.0,356251098.3587
1753507310498,05:21:50.498,bybit,ADA/USDT:USDT,0.8228,21347.0,0.8229,5234.0,0.8229,445517918.0,356251098.3587
1753507310598,05:21:50.598,bybit,ADA/USDT:USDT,0.8228,20039.0,0.8229,5234.0,0.8229,445517918.0,356251098.3587
1753507310797,05:21:50.797,bybit,ADA/USDT:USDT,0.8228,24847.0,0.8229,5234.0,0.8229,445517918.0,356251098.3587
1753507310898,05:21:50.898,bybit,ADA/USDT:USDT,0.8228,20039.0,0.8229,5234.0,0.8229,445517918.0,356251098.3587
1753507311398,05:21:51.398,bybit,ADA/USDT:USDT,0.8228,17422.0,0.8229,5234.0,0.8229,445517918.0,356251098.3587
1753507311497,05:21:51.497,bybit,ADA/USDT:USDT,0.8228,12721.0,0.8229,6525.0,0.8229,445517918.0,356251098.3587
1753507311597,05:21:51.597,bybit,ADA/USDT:USDT,0.8228,5770.0,0.8229,4809.0,0.8229,445517918.0,356251098.3587
1753507311697,05:21:51.697,bybit,ADA/USDT:USDT,0.8228,3305.0,0.8229,4809.0,0.8229,445517918.0,356251098.3587
1753507311797,05:21:51.797,bybit,ADA/USDT:USDT,0.8228,3305.0,0.8229,8309.0,0.8229,445517918.0,356251098.3587
1753507311897,05:21:51.897,bybit,ADA/USDT:USDT,0.8228,2534.0,0.8229,11705.0,0.8229,445517918.0,356251098.3587
1753507312097,05:21:52.097,bybit,ADA/USDT:USDT,0.8228,2211.0,0.8229,13468.0,0.8229,445517918.0,356251098.3587
1753507312197,05:21:52.197,bybit,ADA/USDT:USDT,0.8228,2211.0,0.8229,13443.0,0.8229,445517918.0,356251098.3587
1753507312297,05:21:52.297,bybit,ADA/USDT:USDT,0.8228,2211.0,0.8229,13928.0,0.8229,445517918.0,356251098.3587
1753507312498,05:21:52.498,bybit,ADA/USDT:USDT,0.8228,2211.0,0.8229,13903.0,0.8229,445517918.0,356251098.3587
1753507312597,05:21:52.597,bybit,ADA/USDT:USDT,0.8228,2211.0,0.8229,10403.0,0.8229,445517918.0,356251098.3587
1753507312797,05:21:52.797,bybit,ADA/USDT:USDT,0.8228,2211.0,0.8229,13903.0,0.8229,445517918.0,356251098.3587
1753507312897,05:21:52.897,bybit,ADA/USDT:USDT,0.8228,2211.0,0.8229,7787.0,0.8229,445517918.0,356251098.3587
1753507312997,05:21:52.997,bybit,ADA/USDT:USDT,0.8228,2211.0,0.8229,9095.0,0.8229,445517918.0,356251098.3587
1753507313197,05:21:53.197,bybit,ADA/USDT:USDT,0.8228,2211.0,0.8229,13417.0,0.8229,445517918.0,356251098.3587
1753507313497,05:21:53.497,bybit,ADA/USDT:USDT,0.8228,2211.0,0.8229,14266.0,0.8229,445517918.0,356251098.3587
1753507313698,05:21:53.698,bybit,ADA/USDT:USDT,0.8228,1906.0,0.8229,14205.0,0.8228,445518068.0,356251221.7787
1753507313797,05:21:53.797,bybit,ADA/USDT:USDT,0.8228,1906.0,0.8229,14205.0,0.8228,445518068.0,356251221.7787
1753507314197,05:21:54.197,bybit,ADA/USDT:USDT,0.8228,1906.0,0.8229,14205.0,0.8228,445518068.0,356251221.7787
1753507314397,05:21:54.397,bybit,ADA/USDT:USDT,0.8228,756.0,0.8229,14205.0,0.8228,445519218.0,356252167.9987
1753507314497,05:21:54.497,bybit,ADA/USDT:USDT,0.8228,756.0,0.8229,14218.0,0.8228,445519218.0,356252167.9987
1753507314697,05:21:54.697,bybit,ADA/USDT:USDT,0.8228,532.0,0.8229,12044.0,0.8228,445519218.0,356252167.9987
1753507314797,05:21:54.797,bybit,ADA/USDT:USDT,0.8228,758.0,0.8229,17569.0,0.8228,445519218.0,356252167.9987
1753507314897,05:21:54.897,bybit,ADA/USDT:USDT,0.8228,758.0,0.8229,10797.0,0.8228,445519218.0,356252167.9987
1753507315198,05:21:55.198,bybit,ADA/USDT:USDT,0.8228,758.0,0.8229,12044.0,0.8228,445519218.0,356252167.9987
1753507315598,05:21:55.598,bybit,ADA/USDT:USDT,0.8228,758.0,0.8229,10797.0,0.8228,445519218.0,356252167.9987
1753507315798,05:21:55.798,bybit,ADA/USDT:USDT,0.8228,824.0,0.8229,16044.0,0.8228,445519218.0,356252167.9987
1753507315997,05:21:55.997,bybit,ADA/USDT:USDT,0.8228,833.0,0.8229,12044.0,0.8228,445519218.0,356252167.9987
1753507316098,05:21:56.098,bybit,ADA/USDT:USDT,0.8228,833.0,0.8229,10797.0,0.8228,445519218.0,356252167.9987
1753507316398,05:21:56.398,bybit,ADA/USDT:USDT,0.8228,1907.0,0.8229,10797.0,0.8228,445519218.0,356252167.9987
1753507316497,05:21:56.497,bybit,ADA/USDT:USDT,0.8228,3191.0,0.8229,10797.0,0.8228,445519218.0,356252167.9987
1753507317097,05:21:57.097,bybit,ADA/USDT:USDT,0.8228,4199.0,0.8229,10797.0,0.8228,445519218.0,356252167.9987
1753507317498,05:21:57.498,bybit,ADA/USDT:USDT,0.8228,4199.0,0.8229,9966.0,0.8228,445519218.0,356252167.9987
1753507317697,05:21:57.697,bybit,ADA/USDT:USDT,0.8228,4199.0,0.8229,5644.0,0.8228,445519218.0,356252167.9987
1753507317798,05:21:57.798,bybit,ADA/USDT:USDT,0.8228,6890.0,0.8229,5184.0,0.8228,445519218.0,356252167.9987
1753507318097,05:21:58.097,bybit,ADA/USDT:USDT,0.8228,4199.0,0.8229,5184.0,0.8228,445519218.0,356252167.9987
1753507318197,05:21:58.197,bybit,ADA/USDT:USDT,0.8228,4199.0,0.8229,5194.0,0.8228,445519218.0,356252167.9987
1753507318398,05:21:58.398,bybit,ADA/USDT:USDT,0.8228,6890.0,0.8229,3829.0,0.8228,445519218.0,356252167.9987
1753507318497,05:21:58.497,bybit,ADA/USDT:USDT,0.8228,6900.0,0.8229,2594.0,0.8228,445519218.0,356252167.9987
1753507318698,05:21:58.698,bybit,ADA/USDT:USDT,0.8228,12400.0,0.8229,2594.0,0.8228,445519218.0,356252167.9987
1753507318798,05:21:58.798,bybit,ADA/USDT:USDT,0.8228,12390.0,0.8229,4936.0,0.8228,445519218.0,356252167.9987
1753507319097,05:21:59.097,bybit,ADA/USDT:USDT,0.8228,6890.0,0.8229,2594.0,0.8228,445519218.0,356252167.9987
1753507319297,05:21:59.297,bybit,ADA/USDT:USDT,0.8228,6969.0,0.8229,2594.0,0.8228,445519218.0,356252167.9987
1753507319597,05:21:59.597,bybit,ADA/USDT:USDT,0.8228,21034.0,0.8229,2106.0,0.8228,445519218.0,356252167.9987
1753507319697,05:21:59.697,bybit,ADA/USDT:USDT,0.8228,24793.0,0.8229,2106.0,0.8228,445519218.0,356252167.9987
1753507319797,05:21:59.797,bybit,ADA/USDT:USDT,0.8228,24795.0,0.8229,4106.0,0.8228,445519218.0,356252167.9987
1753507319897,05:21:59.897,bybit,ADA/USDT:USDT,0.8228,19805.0,0.8229,4106.0,0.8228,445519218.0,356252167.9987
1753507320597,05:22:00.597,bybit,ADA/USDT:USDT,0.8229,15026.0,0.823,9985.0,0.8229,445519868.0,356252702.8837
1753507320697,05:22:00.697,bybit,ADA/USDT:USDT,0.8229,5391.0,0.823,19746.0,0.8229,445519868.0,356252702.8837
1753507320798,05:22:00.798,bybit,ADA/USDT:USDT,0.8229,4255.0,0.823,20962.0,0.8229,445519868.0,356252702.8837
1753507320898,05:22:00.898,bybit,ADA/USDT:USDT,0.8229,2691.0,0.823,19739.0,0.8229,445519868.0,356252702.8837
1753507321097,05:22:01.097,bybit,ADA/USDT:USDT,0.8229,4061.0,0.823,14239.0,0.8229,445519868.0,356252702.8837
1753507321198,05:22:01.198,bybit,ADA/USDT:USDT,0.8229,4610.0,0.823,14239.0,0.8229,445519868.0,356252702.8837
1753507321397,05:22:01.397,bybit,ADA/USDT:USDT,0.8229,6010.0,0.823,14239.0,0.8229,445519868.0,356252702.8837
1753507321497,05:22:01.497,bybit,ADA/USDT:USDT,0.8229,4640.0,0.823,14239.0,0.8229,445519868.0,356252702.8837
1753507321697,05:22:01.697,bybit,ADA/USDT:USDT,0.8229,3240.0,0.823,14239.0,0.8229,445519868.0,356252702.8837
1753507321797,05:22:01.797,bybit,ADA/USDT:USDT,0.8229,3667.0,0.823,14239.0,0.8229,445519868.0,356252702.8837
1753507321898,05:22:01.898,bybit,ADA/USDT:USDT,0.8229,3667.0,0.823,15462.0,0.8229,445519868.0,356252702.8837
1753507321997,05:22:01.997,bybit,ADA/USDT:USDT,0.8229,26676.0,0.823,6397.0,0.8229,445519868.0,356252702.8837
1753507322097,05:22:02.097,bybit,ADA/USDT:USDT,0.8229,6030.0,0.823,9944.0,0.8229,445519868.0,356252702.8837
1753507322197,05:22:02.197,bybit,ADA/USDT:USDT,0.8229,8298.0,0.823,8193.0,0.8229,445519868.0,356252702.8837
1753507322297,05:22:02.297,bybit,ADA/USDT:USDT,0.8229,8438.0,0.823,6461.0,0.8229,445519868.0,356252702.8837
1753507322397,05:22:02.397,bybit,ADA/USDT:USDT,0.8229,8513.0,0.823,6461.0,0.8229,445519868.0,356252702.8837
1753507322498,05:22:02.498,bybit,ADA/USDT:USDT,0.8229,9736.0,0.823,5095.0,0.8229,445519868.0,356252702.8837
1753507322598,05:22:02.598,bybit,ADA/USDT:USDT,0.8229,9736.0,0.823,5095.0,0.8229,445519868.0,356252702.8837
1753507322697,05:22:02.697,bybit,ADA/USDT:USDT,0.8229,8513.0,0.823,5095.0,0.8229,445519868.0,356252702.8837
1753507322897,05:22:02.897,bybit,ADA/USDT:USDT,0.8229,7511.0,0.823,6273.0,0.8229,445519868.0,356252702.8837
1753507323397,05:22:03.397,bybit,ADA/USDT:USDT,0.8229,8379.0,0.823,5095.0,0.8229,445519868.0,356252702.8837
1753507323497,05:22:03.497,bybit,ADA/USDT:USDT,0.8229,19546.0,0.823,5095.0,0.8229,445519868.0,356252702.8837
1753507323697,05:22:03.697,bybit,ADA/USDT:USDT,0.8229,23823.0,0.823,5095.0,0.8229,445519868.0,356252702.8837
1753507323798,05:22:03.798,bybit,ADA/USDT:USDT,0.8229,18323.0,0.823,5095.0,0.8229,445519868.0,356252702.8837
1753507323898,05:22:03.898,bybit,ADA/USDT:USDT,0.8229,15254.0,0.823,5095.0,0.8229,445519868.0,356252702.8837
1753507324297,05:22:04.297,bybit,ADA/USDT:USDT,0.8229,15677.0,0.823,5089.0,0.823,445519874.0,356252707.8217
1753507324398,05:22:04.398,bybit,ADA/USDT:USDT,0.8229,15677.0,0.823,5089.0,0.823,445519874.0,356252707.8217
1753507324698,05:22:04.698,bybit,ADA/USDT:USDT,0.8229,13462.0,0.823,10589.0,0.823,445519874.0,356252707.8217
1753507324798,05:22:04.798,bybit,ADA/USDT:USDT,0.8229,13462.0,0.823,5089.0,0.823,445519874.0,356252707.8217
1753507324897,05:22:04.897,bybit,ADA/USDT:USDT,0.8229,14661.0,0.823,5089.0,0.823,445519874.0,356252707.8217
1753507324998,05:22:04.998,bybit,ADA/USDT:USDT,0.8229,13462.0,0.823,5089.0,0.823,445519874.0,356252707.8217
1753507325298,05:22:05.298,bybit,ADA/USDT:USDT,0.8229,19650.0,0.823,6762.0,0.823,445519874.0,356252707.8217
1753507325497,05:22:05.497,bybit,ADA/USDT:USDT,0.8229,19650.0,0.823,7191.0,0.823,445519874.0,356252707.8217
1753507325798,05:22:05.798,bybit,ADA/USDT:USDT,0.8229,17050.0,0.823,7191.0,0.823,445519874.0,356252707.8217
1753507325898,05:22:05.898,bybit,ADA/USDT:USDT,0.8229,17067.0,0.823,7191.0,0.823,445519874.0,356252707.8217
1753507326197,05:22:06.197,bybit,ADA/USDT:USDT,0.8229,17112.0,0.823,6948.0,0.823,445520117.0,356252907.8107
1753507326298,05:22:06.298,bybit,ADA/USDT:USDT,0.8229,18290.0,0.823,6948.0,0.823,445520117.0,356252907.8107
1753507326398,05:22:06.398,bybit,ADA/USDT:USDT,0.8229,17112.0,0.823,6861.0,0.823,445520117.0,356252907.8107
1753507326497,05:22:06.497,bybit,ADA/USDT:USDT,0.8229,17112.0,0.823,6955.0,0.823,445520117.0,356252907.8107
1753507326598,05:22:06.598,bybit,ADA/USDT:USDT,0.8229,15439.0,0.823,6955.0,0.823,445520117.0,356252907.8107
1753507326697,05:22:06.697,bybit,ADA/USDT:USDT,0.8229,15449.0,0.823,3243.0,0.823,445520117.0,356252907.8107
1753507327097,05:22:07.097,bybit,ADA/USDT:USDT,0.8229,16627.0,0.823,3243.0,0.823,445520117.0,356252907.8107
1753507327197,05:22:07.197,bybit,ADA/USDT:USDT,0.8229,17805.0,0.823,3243.0,0.823,445520117.0,356252907.8107
1753507327297,05:22:07.297,bybit,ADA/USDT:USDT,0.8229,15449.0,0.823,3243.0,0.823,445520117.0,356252907.8107
1753507327398,05:22:07.398,bybit,ADA/USDT:USDT,0.8229,16627.0,0.823,3243.0,0.823,445520117.0,356252907.8107
1753507327597,05:22:07.597,bybit,ADA/USDT:USDT,0.8229,16627.0,0.823,1334.0,0.823,445520117.0,356252907.8107
1753507327897,05:22:07.897,bybit,ADA/USDT:USDT,0.8229,18000.0,0.823,326.0,0.823,445520117.0,356252907.8107
1753507327997,05:22:07.997,bybit,ADA/USDT:USDT,0.8229,15644.0,0.823,94.0,0.823,445520117.0,356252907.8107
1753507328097,05:22:08.097,bybit,ADA/USDT:USDT,0.8229,18000.0,0.823,94.0,0.823,445520117.0,356252907.8107
1753507328297,05:22:08.297,bybit,ADA/USDT:USDT,0.823,41511.0,0.8231,5819.0,0.823,445520211.0,356252985.1727
1753507328397,05:22:08.397,bybit,ADA/USDT:USDT,0.823,13037.0,0.8231,6310.0,0.823,445520211.0,356252985.1727
1753507328498,05:22:08.498,bybit,ADA/USDT:USDT,0.823,5261.0,0.8231,11479.0,0.823,445520211.0,356252985.1727
1753507328597,05:22:08.597,bybit,ADA/USDT:USDT,0.823,37.0,0.8231,19316.0,0.823,445520211.0,356252985.1727
1753507328697,05:22:08.697,bybit,ADA/USDT:USDT,0.823,3958.0,0.8231,18135.0,0.823,445520211.0,356252985.1727
1753507328797,05:22:08.797,bybit,ADA/USDT:USDT,0.823,3958.0,0.8231,11479.0,0.823,445520211.0,356252985.1727
1753507328898,05:22:08.898,bybit,ADA/USDT:USDT,0.823,4705.0,0.8231,11479.0,0.823,445520211.0,356252985.1727
1753507328997,05:22:08.997,bybit,ADA/USDT:USDT,0.823,6105.0,0.8231,11418.0,0.823,445520211.0,356252985.1727
1753507329097,05:22:09.097,bybit,ADA/USDT:USDT,0.823,4705.0,0.8231,12254.0,0.823,445520211.0,356252985.1727
1753507329198,05:22:09.198,bybit,ADA/USDT:USDT,0.823,4705.0,0.8231,11418.0,0.823,445520211.0,356252985.1727
1753507329297,05:22:09.297,bybit,ADA/USDT:USDT,0.823,4668.0,0.8231,11418.0,0.823,445520211.0,356252985.1727
1753507329398,05:22:09.398,bybit,ADA/USDT:USDT,0.823,4704.0,0.8231,11418.0,0.823,445520211.0,356252985.1727
1753507329697,05:22:09.697,bybit,ADA/USDT:USDT,0.823,5224.0,0.8231,11418.0,0.823,445520211.0,356252985.1727
1753507330097,05:22:10.097,bybit,ADA/USDT:USDT,0.823,5355.0,0.8231,11418.0,0.823,445520211.0,356252985.1727
1753507330197,05:22:10.197,bybit,ADA/USDT:USDT,0.823,5355.0,0.8231,5819.0,0.823,445520211.0,356252985.1727
1753507330897,05:22:10.897,bybit,ADA/USDT:USDT,0.823,5486.0,0.8231,6975.0,0.823,445520211.0,356252985.1727
1753507330997,05:22:10.997,bybit,ADA/USDT:USDT,0.823,5486.0,0.8231,5819.0,0.823,445520211.0,356252985.1727
1753507331598,05:22:11.598,bybit,ADA/USDT:USDT,0.823,5486.0,0.8231,5819.0,0.823,445520211.0,356252985.1727
1753507331697,05:22:11.697,bybit,ADA/USDT:USDT,0.823,5484.0,0.8231,5819.0,0.823,445520211.0,356252985.1727
1753507331997,05:22:11.997,bybit,ADA/USDT:USDT,0.823,5484.0,0.8231,6975.0,0.823,445520211.0,356252985.1727
1753507332098,05:22:12.098,bybit,ADA/USDT:USDT,0.823,4964.0,0.8231,5819.0,0.823,445520211.0,356252985.1727
1753507332197,05:22:12.197,bybit,ADA/USDT:USDT,0.823,6890.0,0.8231,5819.0,0.823,445520211.0,356252985.1727
1753507332297,05:22:12.297,bybit,ADA/USDT:USDT,0.823,6890.0,0.8231,5811.0,0.8231,445520219.0,356252991.7575
1753507332398,05:22:12.398,bybit,ADA/USDT:USDT,0.823,6764.0,0.8231,2249.0,0.8231,445520219.0,356252991.7575
1753507332698,05:22:12.698,bybit,ADA/USDT:USDT,0.823,7851.0,0.8231,2249.0,0.8231,445520219.0,356252991.7575
1753507332898,05:22:12.898,bybit,ADA/USDT:USDT,0.823,7852.0,0.8231,2249.0,0.8231,445520219.0,356252991.7575
1753507332997,05:22:12.997,bybit,ADA/USDT:USDT,0.823,6452.0,0.8231,12030.0,0.8231,445520219.0,356252991.7575
1753507333198,05:22:13.198,bybit,ADA/USDT:USDT,0.823,6462.0,0.8231,12030.0,0.8231,445520219.0,356252991.7575
1753507333697,05:22:13.697,bybit,ADA/USDT:USDT,0.823,7119.0,0.8231,2249.0,0.8231,445520219.0,356252991.7575
1753507333798,05:22:13.798,bybit,ADA/USDT:USDT,0.823,7126.0,0.8231,2249.0,0.8231,445520219.0,356252991.7575
1753507334497,05:22:14.497,bybit,ADA/USDT:USDT,0.823,7126.0,0.8231,2249.0,0.8231,445367401.0,356129758.264
1753507334597,05:22:14.597,bybit,ADA/USDT:USDT,0.823,11626.0,0.8231,2249.0,0.8231,445367401.0,356129758.264
1753507334698,05:22:14.698,bybit,ADA/USDT:USDT,0.823,7126.0,0.8231,2249.0,0.8231,445367401.0,356129758.264
1753507334897,05:22:14.897,bybit,ADA/USDT:USDT,0.823,6612.0,0.8231,2249.0,0.8231,445367401.0,356129758.264
1753507334997,05:22:14.997,bybit,ADA/USDT:USDT,0.823,7115.0,0.8231,2249.0,0.8231,445367401.0,356129758.264
1753507335097,05:22:15.097,bybit,ADA/USDT:USDT,0.823,7115.0,0.8231,956.0,0.8231,445367401.0,356129758.264
1753507335497,05:22:15.497,bybit,ADA/USDT:USDT,0.8231,35607.0,0.8232,10138.0,0.8231,445368091.0,356130326.203
1753507335598,05:22:15.598,bybit,ADA/USDT:USDT,0.8231,43.0,0.8232,23254.0,0.8231,445368091.0,356130326.203
1753507335697,05:22:15.697,bybit,ADA/USDT:USDT,0.8231,1752.0,0.8232,26294.0,0.8231,445368091.0,356130326.203
1753507335797,05:22:15.797,bybit,ADA/USDT:USDT,0.8231,1752.0,0.8232,25927.0,0.8231,445368091.0,356130326.203
1753507335897,05:22:15.897,bybit,ADA/USDT:USDT,0.8231,1752.0,0.8232,26398.0,0.8231,445368091.0,356130326.203
1753507336297,05:22:16.297,bybit,ADA/USDT:USDT,0.8231,1752.0,0.8232,25263.0,0.8231,445368091.0,356130326.203
1753507336397,05:22:16.397,bybit,ADA/USDT:USDT,0.8231,1752.0,0.8232,27612.0,0.8231,445368091.0,356130326.203
1753507336497,05:22:16.497,bybit,ADA/USDT:USDT,0.8231,1760.0,0.8232,33112.0,0.8231,445368091.0,356130326.203
1753507336597,05:22:16.597,bybit,ADA/USDT:USDT,0.8231,2183.0,0.8232,31977.0,0.8231,445368091.0,356130326.203
1753507336698,05:22:16.698,bybit,ADA/USDT:USDT,0.8231,2257.0,0.8232,33360.0,0.8231,445368091.0,356130326.203
1753507336897,05:22:16.897,bybit,ADA/USDT:USDT,0.8231,2660.0,0.8232,28898.0,0.8231,445368091.0,356130326.203
1753507336997,05:22:16.997,bybit,ADA/USDT:USDT,0.8231,2660.0,0.8232,30033.0,0.8231,445368091.0,356130326.203
1753507337297,05:22:17.297,bybit,ADA/USDT:USDT,0.8231,2660.0,0.8232,28898.0,0.8231,445368091.0,356130326.203
1753507337397,05:22:17.397,bybit,ADA/USDT:USDT,0.8231,2660.0,0.8232,29140.0,0.8231,445368091.0,356130326.203
1753507337498,05:22:17.498,bybit,ADA/USDT:USDT,0.8231,2660.0,0.8232,31107.0,0.8231,445368091.0,356130326.203
1753507337998,05:22:17.998,bybit,ADA/USDT:USDT,0.8231,3216.0,0.8232,31107.0,0.8231,445368091.0,356130326.203
1753507338098,05:22:18.098,bybit,ADA/USDT:USDT,0.8231,5907.0,0.8232,25684.0,0.8231,445368091.0,356130326.203
1753507338198,05:22:18.198,bybit,ADA/USDT:USDT,0.8231,5907.0,0.8232,25587.0,0.8231,445368091.0,356130326.203
1753507338398,05:22:18.398,bybit,ADA/USDT:USDT,0.8231,3216.0,0.8232,25587.0,0.8231,445368091.0,356130326.203
1753507338497,05:22:18.497,bybit,ADA/USDT:USDT,0.8231,3216.0,0.8232,32222.0,0.8231,445368091.0,356130326.203
1753507338598,05:22:18.598,bybit,ADA/USDT:USDT,0.8231,3218.0,0.8232,32222.0,0.8231,445368091.0,356130326.203
1753507338698,05:22:18.698,bybit,ADA/USDT:USDT,0.8231,3218.0,0.8232,31087.0,0.8231,445368091.0,356130326.203
1753507338797,05:22:18.797,bybit,ADA/USDT:USDT,0.8231,3223.0,0.8232,31087.0,0.8231,445368091.0,356130326.203
1753507338897,05:22:18.897,bybit,ADA/USDT:USDT,0.8231,3223.0,0.8232,25587.0,0.8231,445368091.0,356130326.203
1753507339397,05:22:19.397,bybit,ADA/USDT:USDT,0.8231,3725.0,0.8232,28578.0,0.8231,445368091.0,356130326.203
1753507339497,05:22:19.497,bybit,ADA/USDT:USDT,0.8231,3725.0,0.8232,32943.0,0.8231,445368091.0,356130326.203
1753507339598,05:22:19.598,bybit,ADA/USDT:USDT,0.8231,3728.0,0.8232,32943.0,0.8231,445368091.0,356130326.203
1753507339898,05:22:19.898,bybit,ADA/USDT:USDT,0.8231,3728.0,0.8232,34078.0,0.8231,445368091.0,356130326.203
1753507339998,05:22:19.998,bybit,ADA/USDT:USDT,0.8231,3720.0,0.8232,34078.0,0.8231,445368091.0,356130326.203
1753507340197,05:22:20.197,bybit,ADA/USDT:USDT,0.8231,3720.0,0.8232,31808.0,0.8231,445368091.0,356130326.203
1753507340297,05:22:20.297,bybit,ADA/USDT:USDT,0.8231,3289.0,0.8232,31808.0,0.8231,445368091.0,356130326.203
1753507340398,05:22:20.398,bybit,ADA/USDT:USDT,0.8231,3751.0,0.8232,32943.0,0.8231,445368091.0,356130326.203
1753507340598,05:22:20.598,bybit,ADA/USDT:USDT,0.8231,3751.0,0.8232,32766.0,0.8231,445368091.0,356130326.203
1753507340798,05:22:20.798,bybit,ADA/USDT:USDT,0.8231,3751.0,0.8232,32287.0,0.8231,445368091.0,356130326.203
1753507340898,05:22:20.898,bybit,ADA/USDT:USDT,0.8231,3751.0,0.8232,33422.0,0.8231,445368091.0,356130326.203
1753507340998,05:22:20.998,bybit,ADA/USDT:USDT,0.8231,3753.0,0.8232,33422.0,0.8231,445368091.0,356130326.203
1753507341098,05:22:21.098,bybit,ADA/USDT:USDT,0.8231,3753.0,0.8232,26787.0,0.8231,445368091.0,356130326.203
1753507341198,05:22:21.198,bybit,ADA/USDT:USDT,0.8231,3753.0,0.8232,27922.0,0.8231,445368091.0,356130326.203
1753507341498,05:22:21.498,bybit,ADA/USDT:USDT,0.8231,3753.0,0.8232,33655.0,0.8231,445368091.0,356130326.203
1753507341597,05:22:21.597,bybit,ADA/USDT:USDT,0.8231,3753.0,0.8232,28155.0,0.8231,445368091.0,356130326.203
1753507341898,05:22:21.898,bybit,ADA/USDT:USDT,0.8231,13257.0,0.8232,26760.0,0.8231,445368091.0,356130326.203
1753507341997,05:22:21.997,bybit,ADA/USDT:USDT,0.8231,13283.0,0.8232,25546.0,0.8231,445368091.0,356130326.203
1753507342298,05:22:22.298,bybit,ADA/USDT:USDT,0.8231,10592.0,0.8232,25546.0,0.8231,445368091.0,356130326.203
1753507342497,05:22:22.497,bybit,ADA/USDT:USDT,0.8231,10527.0,0.8232,25546.0,0.8231,445368163.0,356130385.4662
1753507342597,05:22:22.597,bybit,ADA/USDT:USDT,0.8231,10527.0,0.8232,21873.0,0.8231,445368163.0,356130385.4662
1753507342698,05:22:22.698,bybit,ADA/USDT:USDT,0.8231,13706.0,0.8232,19273.0,0.8231,445368163.0,356130385.4662
1753507342798,05:22:22.798,bybit,ADA/USDT:USDT,0.8231,17706.0,0.8232,16370.0,0.8231,445368163.0,356130385.4662
1753507342897,05:22:22.897,bybit,ADA/USDT:USDT,0.8231,18585.0,0.8232,10330.0,0.8231,445368163.0,356130385.4662
1753507342997,05:22:22.997,bybit,ADA/USDT:USDT,0.8231,18585.0,0.8232,9873.0,0.8231,445368163.0,356130385.4662
1753507343098,05:22:23.098,bybit,ADA/USDT:USDT,0.8231,17717.0,0.8232,9212.0,0.8231,445368163.0,356130385.4662
1753507343398,05:22:23.398,bybit,ADA/USDT:USDT,0.8231,16319.0,0.8232,9593.0,0.8231,445368163.0,356130385.4662
1753507343497,05:22:23.497,bybit,ADA/USDT:USDT,0.8233,28267.0,0.8234,66993.0,0.8233,445441731.0,356190953.1909
1753507343598,05:22:23.598,bybit,ADA/USDT:USDT,0.8233,37092.0,0.8234,56804.0,0.8234,445441853.0,356191053.6457
1753507343698,05:22:23.698,bybit,ADA/USDT:USDT,0.8233,31392.0,0.8234,56683.0,0.8234,445441974.0,356191153.2771
1753507343797,05:22:23.797,bybit,ADA/USDT:USDT,0.8233,24762.0,0.8234,57113.0,0.8234,445441974.0,356191153.2771
1753507343897,05:22:23.897,bybit,ADA/USDT:USDT,0.8233,1403.0,0.8234,61031.0,0.8234,445441974.0,356191153.2771
1753507343997,05:22:23.997,bybit,ADA/USDT:USDT,0.8233,1403.0,0.8234,62566.0,0.8234,445441974.0,356191153.2771
1753507344097,05:22:24.097,bybit,ADA/USDT:USDT,0.8233,395.0,0.8234,62874.0,0.8234,445441974.0,356191153.2771
1753507344297,05:22:24.297,bybit,ADA/USDT:USDT,0.8233,1263.0,0.8234,61339.0,0.8234,445441974.0,356191153.2771
1753507344697,05:22:24.697,bybit,ADA/USDT:USDT,0.8233,2572.0,0.8234,59797.0,0.8234,445441974.0,356191153.2771
1753507344797,05:22:24.797,bybit,ADA/USDT:USDT,0.8233,4851.0,0.8234,59797.0,0.8234,445441974.0,356191153.2771
1753507345098,05:22:25.098,bybit,ADA/USDT:USDT,0.8233,4067.0,0.8234,59790.0,0.8234,445441974.0,356191153.2771
1753507345197,05:22:25.197,bybit,ADA/USDT:USDT,0.8233,3199.0,0.8234,61325.0,0.8234,445441974.0,356191153.2771
1753507345298,05:22:25.298,bybit,ADA/USDT:USDT,0.8233,4207.0,0.8234,45304.0,0.8234,445441974.0,356191153.2771
1753507345797,05:22:25.797,bybit,ADA/USDT:USDT,0.8233,4317.0,0.8234,44904.0,0.8234,445441974.0,356191153.2771
1753507345897,05:22:25.897,bybit,ADA/USDT:USDT,0.8233,4207.0,0.8234,44904.0,0.8234,445441974.0,356191153.2771
1753507345997,05:22:25.997,bybit,ADA/USDT:USDT,0.8233,4199.0,0.8234,44904.0,0.8234,445441974.0,356191153.2771
1753507346197,05:22:26.197,bybit,ADA/USDT:USDT,0.8233,4199.0,0.8234,45304.0,0.8234,445441974.0,356191153.2771
1753507346298,05:22:26.298,bybit,ADA/USDT:USDT,0.8233,4201.0,0.8234,45304.0,0.8234,445441974.0,356191153.2771
1753507346498,05:22:26.498,bybit,ADA/USDT:USDT,0.8233,4201.0,0.8234,45238.0,0.8234,445441974.0,356191153.2771
1753507346797,05:22:26.797,bybit,ADA/USDT:USDT,0.8233,4311.0,0.8234,44838.0,0.8234,445441974.0,356191153.2771
1753507346897,05:22:26.897,bybit,ADA/USDT:USDT,0.8233,4311.0,0.8234,32042.0,0.8234,445441974.0,356191153.2771
1753507346997,05:22:26.997,bybit,ADA/USDT:USDT,0.8233,5711.0,0.8234,5365.0,0.8234,445441974.0,356191153.2771
1753507347098,05:22:27.098,bybit,ADA/USDT:USDT,0.8233,5764.0,0.8234,5365.0,0.8234,445441974.0,356191153.2771
1753507347398,05:22:27.398,bybit,ADA/USDT:USDT,0.8233,5764.0,0.8234,2674.0,0.8234,445441974.0,356191153.2771
1753507347597,05:22:27.597,bybit,ADA/USDT:USDT,0.8233,9248.0,0.8234,2674.0,0.8234,445441974.0,356191153.2771
1753507347697,05:22:27.697,bybit,ADA/USDT:USDT,0.8233,16133.0,0.8234,2674.0,0.8234,445441974.0,356191153.2771
1753507347797,05:22:27.797,bybit,ADA/USDT:USDT,0.8233,13063.0,0.8234,2674.0,0.8234,445441974.0,356191153.2771
1753507348197,05:22:28.197,bybit,ADA/USDT:USDT,0.8233,13598.0,0.8234,2808.0,0.8234,445441974.0,356191153.2771
1753507348297,05:22:28.297,bybit,ADA/USDT:USDT,0.8233,13598.0,0.8234,5499.0,0.8234,445441974.0,356191153.2771
1753507348397,05:22:28.397,bybit,ADA/USDT:USDT,0.8233,12198.0,0.8234,9499.0,0.8234,445441974.0,356191153.2771
1753507348497,05:22:28.497,bybit,ADA/USDT:USDT,0.8233,12198.0,0.8234,5499.0,0.8234,445441974.0,356191153.2771
1753507348597,05:22:28.597,bybit,ADA/USDT:USDT,0.8233,12198.0,0.8234,2808.0,0.8234,445441974.0,356191153.2771
1753507348797,05:22:28.797,bybit,ADA/USDT:USDT,0.8233,12249.0,0.8234,2808.0,0.8234,445441974.0,356191153.2771
1753507348897,05:22:28.897,bybit,ADA/USDT:USDT,0.8233,11828.0,0.8234,8099.0,0.8234,445441974.0,356191153.2771
1753507348997,05:22:28.997,bybit,ADA/USDT:USDT,0.8233,11828.0,0.8234,13624.0,0.8234,445441974.0,356191153.2771
1753507349197,05:22:29.197,bybit,ADA/USDT:USDT,0.8233,11828.0,0.8234,13758.0,0.8234,445441974.0,356191153.2771
1753507349397,05:22:29.397,bybit,ADA/USDT:USDT,0.8233,11828.0,0.8234,19258.0,0.8234,445441974.0,356191153.2771
1753507349497,05:22:29.497,bybit,ADA/USDT:USDT,0.8233,12407.0,0.8234,19258.0,0.8234,445441974.0,356191153.2771
1753507349897,05:22:29.897,bybit,ADA/USDT:USDT,0.8233,12411.0,0.8234,13495.0,0.8234,445441974.0,356191153.2771
1753507350097,05:22:30.097,bybit,ADA/USDT:USDT,0.8233,11894.0,0.8234,13495.0,0.8234,445441974.0,356191153.2771
1753507350198,05:22:30.198,bybit,ADA/USDT:USDT,0.8233,12488.0,0.8234,13495.0,0.8234,445441974.0,356191153.2771
1753507350297,05:22:30.297,bybit,ADA/USDT:USDT,0.8233,11370.0,0.8234,15616.0,0.8234,445441974.0,356191153.2771
1753507350398,05:22:30.398,bybit,ADA/USDT:USDT,0.8233,11370.0,0.8234,21250.0,0.8234,445441974.0,356191153.2771
1753507350597,05:22:30.597,bybit,ADA/USDT:USDT,0.8233,11370.0,0.8234,22785.0,0.8234,445441974.0,356191153.2771
1753507350798,05:22:30.798,bybit,ADA/USDT:USDT,0.8233,7570.0,0.8234,22785.0,0.8233,445445774.0,356194281.8171
1753507350898,05:22:30.898,bybit,ADA/USDT:USDT,0.8233,7570.0,0.8234,17285.0,0.8233,445445774.0,356194281.8171
1753507351097,05:22:31.097,bybit,ADA/USDT:USDT,0.8233,7570.0,0.8234,17285.0,0.8233,445445774.0,356194281.8171
1753507351198,05:22:31.198,bybit,ADA/USDT:USDT,0.8233,7570.0,0.8234,15750.0,0.8233,445445774.0,356194281.8171
1753507351297,05:22:31.297,bybit,ADA/USDT:USDT,0.8233,7570.0,0.8234,17285.0,0.8233,445445774.0,356194281.8171
1753507351398,05:22:31.398,bybit,ADA/USDT:USDT,0.8233,7571.0,0.8234,22785.0,0.8233,445445774.0,356194281.8171
1753507351797,05:22:31.797,bybit,ADA/USDT:USDT,0.8233,8414.0,0.8234,22938.0,0.8233,445445774.0,356194281.8171
1753507352097,05:22:32.097,bybit,ADA/USDT:USDT,0.8233,8475.0,0.8234,21403.0,0.8233,445445774.0,356194281.8171
1753507352197,05:22:32.197,bybit,ADA/USDT:USDT,0.8233,8475.0,0.8234,14368.0,0.8233,445445774.0,356194281.8171
1753507352398,05:22:32.398,bybit,ADA/USDT:USDT,0.8233,8483.0,0.8234,14368.0,0.8233,445445774.0,356194281.8171
1753507352597,05:22:32.597,bybit,ADA/USDT:USDT,0.8233,8483.0,0.8234,14368.0,0.8233,445445774.0,356194281.8171
1753507352798,05:22:32.798,bybit,ADA/USDT:USDT,0.8233,8483.0,0.8234,14108.0,0.8233,445445774.0,356194281.8171
1753507352997,05:22:32.997,bybit,ADA/USDT:USDT,0.8233,8034.0,0.8234,15643.0,0.8233,445446223.0,356194651.4788
1753507353197,05:22:33.197,bybit,ADA/USDT:USDT,0.8233,8046.0,0.8234,14108.0,0.8233,445446223.0,356194651.4788
1753507353397,05:22:33.397,bybit,ADA/USDT:USDT,0.8233,8156.0,0.8234,13522.0,0.8233,445446223.0,356194651.4788
1753507353497,05:22:33.497,bybit,ADA/USDT:USDT,0.8233,9581.0,0.8234,13522.0,0.8233,445446223.0,356194651.4788
1753507354097,05:22:34.097,bybit,ADA/USDT:USDT,0.8233,8046.0,0.8234,17175.0,0.8233,445446223.0,356194651.4788
1753507354397,05:22:34.397,bybit,ADA/USDT:USDT,0.8233,8046.0,0.8234,14105.0,0.8233,445446223.0,356194651.4788
1753507354597,05:22:34.597,bybit,ADA/USDT:USDT,0.8233,8046.0,0.8234,14183.0,0.8233,445446223.0,356194651.4788
1753507354698,05:22:34.698,bybit,ADA/USDT:USDT,0.8233,8047.0,0.8234,14183.0,0.8233,445446223.0,356194651.4788
1753507354997,05:22:34.997,bybit,ADA/USDT:USDT,0.8233,8047.0,0.8234,14165.0,0.8233,445446223.0,356194651.4788
1753507355297,05:22:35.297,bybit,ADA/USDT:USDT,0.8233,8047.0,0.8234,21235.0,0.8233,445446223.0,356194651.4788
1753507355398,05:22:35.398,bybit,ADA/USDT:USDT,0.8233,8067.0,0.8234,19700.0,0.8233,445446223.0,356194651.4788
1753507355497,05:22:35.497,bybit,ADA/USDT:USDT,0.8233,8069.0,0.8234,14165.0,0.8233,445446223.0,356194651.4788
1753507355597,05:22:35.597,bybit,ADA/USDT:USDT,0.8233,8069.0,0.8234,15700.0,0.8233,445446223.0,356194651.4788
1753507355697,05:22:35.697,bybit,ADA/USDT:USDT,0.8233,8075.0,0.8234,14165.0,0.8233,445446223.0,356194651.4788
1753507355998,05:22:35.998,bybit,ADA/USDT:USDT,0.8233,8083.0,0.8234,14165.0,0.8233,445446223.0,356194651.4788
1753507356498,05:22:36.498,bybit,ADA/USDT:USDT,0.8233,8083.0,0.8234,14241.0,0.8233,445446223.0,356194651.4788
1753507357097,05:22:37.097,bybit,ADA/USDT:USDT,0.8233,13737.0,0.8234,14241.0,0.8233,445446223.0,356194651.4788
1753507357197,05:22:37.197,bybit,ADA/USDT:USDT,0.8233,13737.0,0.8234,13003.0,0.8233,445446223.0,356194651.4788
1753507357298,05:22:37.298,bybit,ADA/USDT:USDT,0.8233,19237.0,0.8234,13046.0,0.8233,445446223.0,356194651.4788
1753507357397,05:22:37.397,bybit,ADA/USDT:USDT,0.8233,17707.0,0.8234,13046.0,0.8233,445446223.0,356194651.4788
1753507357597,05:22:37.597,bybit,ADA/USDT:USDT,0.8233,17707.0,0.8234,11101.0,0.8233,445446223.0,356194651.4788
1753507357697,05:22:37.697,bybit,ADA/USDT:USDT,0.8233,17708.0,0.8234,11101.0,0.8233,445446223.0,356194651.4788
1753507357797,05:22:37.797,bybit,ADA/USDT:USDT,0.8233,16880.0,0.8234,11101.0,0.8233,445446223.0,356194651.4788
1753507357898,05:22:37.898,bybit,ADA/USDT:USDT,0.8233,12218.0,0.8234,13701.0,0.8233,445446223.0,356194651.4788
1753507357997,05:22:37.997,bybit,ADA/USDT:USDT,0.8233,14762.0,0.8234,4813.0,0.8233,445446223.0,356194651.4788
1753507358097,05:22:38.097,bybit,ADA/USDT:USDT,0.8233,12219.0,0.8234,7504.0,0.8233,445446223.0,356194651.4788
1753507358198,05:22:38.198,bybit,ADA/USDT:USDT,0.8233,13087.0,0.8234,5821.0,0.8233,445446223.0,356194651.4788
1753507358498,05:22:38.498,bybit,ADA/USDT:USDT,0.8233,14623.0,0.8234,5821.0,0.8233,445446223.0,356194651.4788
1753507358597,05:22:38.597,bybit,ADA/USDT:USDT,0.8233,13088.0,0.8234,3130.0,0.8233,445446223.0,356194651.4788
1753507358997,05:22:38.997,bybit,ADA/USDT:USDT,0.8233,12214.0,0.8234,10678.0,0.8233,445446223.0,356194651.4788
1753507359298,05:22:39.298,bybit,ADA/USDT:USDT,0.8233,12214.0,0.8234,13278.0,0.8233,445446223.0,356194651.4788
1753507359397,05:22:39.397,bybit,ADA/USDT:USDT,0.8233,12198.0,0.8234,13278.0,0.8233,445446223.0,356194651.4788
1753507359897,05:22:39.897,bybit,ADA/USDT:USDT,0.8233,12198.0,0.8234,11021.0,0.8233,445446223.0,356194651.4788
1753507360397,05:22:40.397,bybit,ADA/USDT:USDT,0.8233,11582.0,0.8234,11021.0,0.8233,445446223.0,356194651.4788
1753507360498,05:22:40.498,bybit,ADA/USDT:USDT,0.8233,11279.0,0.8234,11021.0,0.8233,445448153.0,356196240.4478
1753507360698,05:22:40.698,bybit,ADA/USDT:USDT,0.8233,11288.0,0.8234,11021.0,0.8233,445448153.0,356196240.4478
1753507360897,05:22:40.897,bybit,ADA/USDT:USDT,0.8233,11288.0,0.8234,5821.0,0.8233,445448153.0,356196240.4478
1753507361197,05:22:41.197,bybit,ADA/USDT:USDT,0.8233,12823.0,0.8234,2894.0,0.8233,445448153.0,356196240.4478
1753507361298,05:22:41.298,bybit,ADA/USDT:USDT,0.8233,18359.0,0.8234,2894.0,0.8233,445448153.0,356196240.4478
1753507361397,05:22:41.397,bybit,ADA/USDT:USDT,0.8233,16824.0,0.8234,2894.0,0.8233,445448153.0,356196240.4478
1753507361498,05:22:41.498,bybit,ADA/USDT:USDT,0.8233,16832.0,0.8234,2894.0,0.8233,445448153.0,356196240.4478
1753507361597,05:22:41.597,bybit,ADA/USDT:USDT,0.8233,18821.0,0.8234,2894.0,0.8233,445448153.0,356196240.4478
1753507361697,05:22:41.697,bybit,ADA/USDT:USDT,0.8233,17286.0,0.8234,2894.0,0.8233,445448153.0,356196240.4478
1753507361797,05:22:41.797,bybit,ADA/USDT:USDT,0.8233,20356.0,0.8234,2642.0,0.8233,445448153.0,356196240.4478
1753507362097,05:22:42.097,bybit,ADA/USDT:USDT,0.8233,17286.0,0.8234,2221.0,0.8233,445448153.0,356196240.4478
1753507362197,05:22:42.197,bybit,ADA/USDT:USDT,0.8233,17287.0,0.8234,2221.0,0.8233,445448153.0,356196240.4478
1753507362497,05:22:42.497,bybit,ADA/USDT:USDT,0.8233,17729.0,0.8234,2221.0,0.8233,445448153.0,356196240.4478
1753507363497,05:22:43.497,bybit,ADA/USDT:USDT,0.8233,19272.0,0.8234,2221.0,0.8233,445448153.0,356196240.4478
1753507363598,05:22:43.598,bybit,ADA/USDT:USDT,0.8233,17737.0,0.8234,2221.0,0.8233,445448153.0,356196240.4478
1753507363797,05:22:43.797,bybit,ADA/USDT:USDT,0.8233,19272.0,0.8234,2221.0,0.8233,445448153.0,356196240.4478
1753507363997,05:22:43.997,bybit,ADA/USDT:USDT,0.8233,17738.0,0.8234,2221.0,0.8233,445448153.0,356196240.4478
1753507364097,05:22:44.097,bybit,ADA/USDT:USDT,0.8233,17266.0,0.8234,1966.0,0.8233,445448153.0,356196240.4478
1753507364197,05:22:44.197,bybit,ADA/USDT:USDT,0.8233,17740.0,0.8234,1966.0,0.8233,445448153.0,356196240.4478
1753507364298,05:22:44.298,bybit,ADA/USDT:USDT,0.8233,17740.0,0.8234,2087.0,0.8233,445448153.0,356196240.4478
1753507364497,05:22:44.497,bybit,ADA/USDT:USDT,0.8233,19276.0,0.8234,2087.0,0.8233,445448153.0,356196240.4478
1753507364697,05:22:44.697,bybit,ADA/USDT:USDT,0.8233,19276.0,0.8234,1599.0,0.8233,445448153.0,356196240.4478
1753507364898,05:22:44.898,bybit,ADA/USDT:USDT,0.8233,19276.0,0.8234,1504.0,0.8233,445448153.0,356196240.4478
1753507364997,05:22:44.997,bybit,ADA/USDT:USDT,0.8233,19276.0,0.8234,1882.0,0.8233,445448153.0,356196240.4478
1753507365397,05:22:45.397,bybit,ADA/USDT:USDT,0.8233,17741.0,0.8234,1882.0,0.8233,445448153.0,356196240.4478
1753507365697,05:22:45.697,bybit,ADA/USDT:USDT,0.8233,17731.0,0.8234,1882.0,0.8233,445448153.0,356196240.4478
1753507365797,05:22:45.797,bybit,ADA/USDT:USDT,0.8233,17407.0,0.8234,1887.0,0.8233,445448477.0,356196507.197
1753507365997,05:22:45.997,bybit,ADA/USDT:USDT,0.8233,11907.0,0.8234,1887.0,0.8233,445448477.0,356196507.197
1753507366197,05:22:46.197,bybit,ADA/USDT:USDT,0.8233,17407.0,0.8234,1887.0,0.8233,445448477.0,356196507.197
1753507366498,05:22:46.498,bybit,ADA/USDT:USDT,0.8233,17413.0,0.8234,1887.0,0.8233,445448477.0,356196507.197
1753507366598,05:22:46.598,bybit,ADA/USDT:USDT,0.8233,11913.0,0.8234,1891.0,0.8233,445448477.0,356196507.197
1753507366897,05:22:46.897,bybit,ADA/USDT:USDT,0.8233,15478.0,0.8234,1891.0,0.8233,445448477.0,356196507.197
1753507366997,05:22:46.997,bybit,ADA/USDT:USDT,0.8233,15478.0,0.8234,1513.0,0.8233,445448477.0,356196507.197
1753507367097,05:22:47.097,bybit,ADA/USDT:USDT,0.8233,16085.0,0.8234,1727.0,0.8233,445448477.0,356196507.197
1753507367197,05:22:47.197,bybit,ADA/USDT:USDT,0.8233,21585.0,0.8234,1727.0,0.8233,445448477.0,356196507.197
1753507367497,05:22:47.497,bybit,ADA/USDT:USDT,0.8233,21618.0,0.8234,1727.0,0.8233,445448477.0,356196507.197
1753507367798,05:22:47.798,bybit,ADA/USDT:USDT,0.8233,16118.0,0.8234,1657.0,0.8233,445448477.0,356196507.197
1753507367998,05:22:47.998,bybit,ADA/USDT:USDT,0.8233,16121.0,0.8234,1657.0,0.8233,445448477.0,356196507.197
1753507368198,05:22:48.198,bybit,ADA/USDT:USDT,0.8233,20621.0,0.8234,1657.0,0.8233,445448477.0,356196507.197
1753507368497,05:22:48.497,bybit,ADA/USDT:USDT,0.8233,22156.0,0.8234,1657.0,0.8233,445448477.0,356196507.197
1753507368597,05:22:48.597,bybit,ADA/USDT:USDT,0.8233,20620.0,0.8234,2525.0,0.8233,445448477.0,356196507.197
1753507368698,05:22:48.698,bybit,ADA/USDT:USDT,0.8233,20603.0,0.8234,2525.0,0.8233,445448477.0,356196507.197
1753507369197,05:22:49.197,bybit,ADA/USDT:USDT,0.8233,21682.0,0.8234,2525.0,0.8233,445448477.0,356196507.197
1753507369297,05:22:49.297,bybit,ADA/USDT:USDT,0.8233,21629.0,0.8234,2582.0,0.8233,445448477.0,356196507.197
1753507369397,05:22:49.397,bybit,ADA/USDT:USDT,0.8233,19433.0,0.8234,2753.0,0.8233,445448477.0,356196507.197
1753507369497,05:22:49.497,bybit,ADA/USDT:USDT,0.8233,19883.0,0.8234,2753.0,0.8233,445448477.0,356196507.197
1753507369897,05:22:49.897,bybit,ADA/USDT:USDT,0.8233,12567.0,0.8234,8044.0,0.8233,445448477.0,356196507.197
1753507369997,05:22:49.997,bybit,ADA/USDT:USDT,0.8233,12567.0,0.8234,10644.0,0.8233,445448477.0,356196507.197
1753507370097,05:22:50.097,bybit,ADA/USDT:USDT,0.8233,11395.0,0.8234,16577.0,0.8233,445448477.0,356196507.197
1753507370198,05:22:50.198,bybit,ADA/USDT:USDT,0.8233,11398.0,0.8234,13603.0,0.8233,445448477.0,356196507.197
1753507370297,05:22:50.297,bybit,ADA/USDT:USDT,0.8233,11398.0,0.8234,13876.0,0.8233,445448477.0,356196507.197
1753507370398,05:22:50.398,bybit,ADA/USDT:USDT,0.8233,11398.0,0.8234,15411.0,0.8233,445448477.0,356196507.197
1753507370497,05:22:50.497,bybit,ADA/USDT:USDT,0.8233,11398.0,0.8234,13972.0,0.8233,445448477.0,356196507.197
1753507370597,05:22:50.597,bybit,ADA/USDT:USDT,0.8233,11395.0,0.8234,13972.0,0.8233,445448477.0,356196507.197
1753507370697,05:22:50.697,bybit,ADA/USDT:USDT,0.8233,18688.0,0.8234,5272.0,0.8233,445448477.0,356196507.197
1753507370797,05:22:50.797,bybit,ADA/USDT:USDT,0.8233,17361.0,0.8234,5272.0,0.8233,445448477.0,356196507.197
1753507370898,05:22:50.898,bybit,ADA/USDT:USDT,0.8233,17360.0,0.8234,5272.0,0.8233,445448477.0,356196507.197
1753507371097,05:22:51.097,bybit,ADA/USDT:USDT,0.8233,34053.0,0.8234,2049.0,0.8234,445452108.0,356199496.9624
1753507371198,05:22:51.198,bybit,ADA/USDT:USDT,0.8233,10659.0,0.8234,7549.0,0.8234,445452108.0,356199496.9624
1753507371298,05:22:51.298,bybit,ADA/USDT:USDT,0.8233,10659.0,0.8234,12840.0,0.8234,445452108.0,356199496.9624
1753507371597,05:22:51.597,bybit,ADA/USDT:USDT,0.8233,6318.0,0.8234,12840.0,0.8234,445452108.0,356199496.9624
1753507371697,05:22:51.697,bybit,ADA/USDT:USDT,0.8233,10680.0,0.8234,12840.0,0.8234,445452108.0,356199496.9624
1753507371897,05:22:51.897,bybit,ADA/USDT:USDT,0.8233,9280.0,0.8234,12840.0,0.8234,445452108.0,356199496.9624
1753507372097,05:22:52.097,bybit,ADA/USDT:USDT,0.8233,9280.0,0.8234,12840.0,0.8234,445452108.0,356199496.9624
1753507372297,05:22:52.297,bybit,ADA/USDT:USDT,0.8233,9547.0,0.8234,12840.0,0.8234,445452108.0,356199496.9624
1753507372398,05:22:52.398,bybit,ADA/USDT:USDT,0.8233,9553.0,0.8234,12840.0,0.8234,445452108.0,356199496.9624
1753507372597,05:22:52.597,bybit,ADA/USDT:USDT,0.8233,9480.0,0.8234,12840.0,0.8234,445452108.0,356199496.9624
1753507372797,05:22:52.797,bybit,ADA/USDT:USDT,0.8233,8992.0,0.8234,14154.0,0.8234,445452108.0,356199496.9624
1753507373098,05:22:53.098,bybit,ADA/USDT:USDT,0.8233,9083.0,0.8234,14154.0,0.8234,445452108.0,356199496.9624
1753507373297,05:22:53.297,bybit,ADA/USDT:USDT,0.8233,8075.0,0.8234,15689.0,0.8234,445452108.0,356199496.9624
1753507373597,05:22:53.597,bybit,ADA/USDT:USDT,0.8233,8075.0,0.8234,14041.0,0.8234,445452108.0,356199496.9624
1753507373697,05:22:53.697,bybit,ADA/USDT:USDT,0.823,13395.0,0.8231,20877.0,0.8231,445471313.0,356215307.3252
1753507373798,05:22:53.798,bybit,ADA/USDT:USDT,0.823,16691.0,0.8231,30.0,0.8231,445471313.0,356215307.3252
1753507373897,05:22:53.897,bybit,ADA/USDT:USDT,0.823,13466.0,0.8231,3614.0,0.8231,445471313.0,356215307.3252
1753507373998,05:22:53.998,bybit,ADA/USDT:USDT,0.823,14328.0,0.8231,4989.0,0.8231,445471313.0,356215307.3252
1753507374097,05:22:54.097,bybit,ADA/USDT:USDT,0.823,17828.0,0.8231,2606.0,0.8231,445471313.0,356215307.3252
1753507374197,05:22:54.197,bybit,ADA/USDT:USDT,0.823,17828.0,0.8231,30.0,0.8231,445471313.0,356215307.3252
1753507374497,05:22:54.497,bybit,ADA/USDT:USDT,0.823,19363.0,0.8231,30.0,0.8231,445471313.0,356215307.3252
1753507374697,05:22:54.697,bybit,ADA/USDT:USDT,0.823,19377.0,0.8231,30.0,0.8231,445471313.0,356215307.3252
1753507374797,05:22:54.797,bybit,ADA/USDT:USDT,0.823,17842.0,0.8231,30.0,0.8231,445471313.0,356215307.3252
1753507375097,05:22:55.097,bybit,ADA/USDT:USDT,0.823,14342.0,0.8231,30.0,0.8231,445471313.0,356215307.3252
1753507375198,05:22:55.198,bybit,ADA/USDT:USDT,0.823,14342.0,0.8231,630.0,0.8231,445471313.0,356215307.3252
1753507375297,05:22:55.297,bybit,ADA/USDT:USDT,0.823,14337.0,0.8231,630.0,0.8231,445471313.0,356215307.3252
1753507375397,05:22:55.397,bybit,ADA/USDT:USDT,0.823,14817.0,0.8231,630.0,0.8231,445471313.0,356215307.3252
1753507375997,05:22:55.997,bybit,ADA/USDT:USDT,0.823,15407.0,0.8231,630.0,0.8231,445471313.0,356215307.3252
1753507376597,05:22:56.597,bybit,ADA/USDT:USDT,0.8231,34583.0,0.8232,3997.0,0.8231,445471343.0,356215332.0182
1753507376698,05:22:56.698,bybit,ADA/USDT:USDT,0.8231,29345.0,0.8232,10675.0,0.8231,445471343.0,356215332.0182
1753507376797,05:22:56.797,bybit,ADA/USDT:USDT,0.8231,17169.0,0.8232,14905.0,0.8231,445471343.0,356215332.0182
1753507376897,05:22:56.897,bybit,ADA/USDT:USDT,0.8231,16444.0,0.8232,14905.0,0.8231,445471343.0,356215332.0182
1753507376997,05:22:56.997,bybit,ADA/USDT:USDT,0.8231,16444.0,0.8232,14899.0,0.8231,445471343.0,356215332.0182
1753507377097,05:22:57.097,bybit,ADA/USDT:USDT,0.8231,17312.0,0.8232,13364.0,0.8231,445471343.0,356215332.0182
1753507377298,05:22:57.298,bybit,ADA/USDT:USDT,0.8231,17312.0,0.8232,14899.0,0.8231,445471343.0,356215332.0182
1753507377398,05:22:57.398,bybit,ADA/USDT:USDT,0.8231,17312.0,0.8232,13364.0,0.8231,445471343.0,356215332.0182
1753507377497,05:22:57.497,bybit,ADA/USDT:USDT,0.8231,17312.0,0.8232,10764.0,0.8231,445471343.0,356215332.0182
1753507377597,05:22:57.597,bybit,ADA/USDT:USDT,0.8231,16397.0,0.8232,8217.0,0.8231,445471343.0,356215332.0182
1753507378297,05:22:58.297,bybit,ADA/USDT:USDT,0.8231,17422.0,0.8232,6682.0,0.8231,445471343.0,356215332.0182
1753507378498,05:22:58.498,bybit,ADA/USDT:USDT,0.8231,17422.0,0.8232,7911.0,0.8231,445471343.0,356215332.0182
1753507378797,05:22:58.797,bybit,ADA/USDT:USDT,0.8231,17422.0,0.8232,4804.0,0.8232,445471543.0,356215496.6582
1753507378898,05:22:58.898,bybit,ADA/USDT:USDT,0.8231,17422.0,0.8232,4804.0,0.8232,445471543.0,356215496.6582
1753507379097,05:22:59.097,bybit,ADA/USDT:USDT,0.8231,17424.0,0.8232,4804.0,0.8232,445471543.0,356215496.6582
1753507379797,05:22:59.797,bybit,ADA/USDT:USDT,0.8231,17970.0,0.8232,4804.0,0.8232,445471543.0,356215496.6582
1753507379898,05:22:59.898,bybit,ADA/USDT:USDT,0.8231,17970.0,0.8232,6692.0,0.8232,445471743.0,356215661.2982
1753507379997,05:22:59.997,bybit,ADA/USDT:USDT,0.8231,17970.0,0.8232,4604.0,0.8232,445471743.0,356215661.2982
1753507380297,05:23:00.297,bybit,ADA/USDT:USDT,0.8231,16962.0,0.8232,4601.0,0.8232,445471743.0,356215661.2982
1753507380497,05:23:00.497,bybit,ADA/USDT:USDT,0.8231,17953.0,0.8232,1876.0,0.8232,445471743.0,356215661.2982
1753507380597,05:23:00.597,bybit,ADA/USDT:USDT,0.8232,48196.0,0.8233,62027.0,0.8233,445473993.0,356217513.5356
1753507380697,05:23:00.697,bybit,ADA/USDT:USDT,0.8232,46661.0,0.8233,943.0,0.8233,445473993.0,356217513.5356
1753507380797,05:23:00.797,bybit,ADA/USDT:USDT,0.8232,39626.0,0.8233,1941.0,0.8233,445473993.0,356217513.5356
1753507380897,05:23:00.897,bybit,ADA/USDT:USDT,0.8233,6394.0,0.8234,18810.0,0.8233,445474193.0,356217678.1956
1753507380997,05:23:00.997,bybit,ADA/USDT:USDT,0.8233,16891.0,0.8234,20228.0,0.8233,445474193.0,356217678.1956
1753507381098,05:23:01.098,bybit,ADA/USDT:USDT,0.8233,12298.0,0.8234,16139.0,0.8233,445474193.0,356217678.1956
1753507381197,05:23:01.197,bybit,ADA/USDT:USDT,0.8233,3079.0,0.8234,20221.0,0.8233,445474193.0,356217678.1956
1753507381297,05:23:01.297,bybit,ADA/USDT:USDT,0.8233,3451.0,0.8234,20221.0,0.8233,445474193.0,356217678.1956
1753507381397,05:23:01.397,bybit,ADA/USDT:USDT,0.8233,3451.0,0.8234,20221.0,0.8233,445474193.0,356217678.1956
1753507381497,05:23:01.497,bybit,ADA/USDT:USDT,0.8233,4066.0,0.8234,20285.0,0.8233,445474193.0,356217678.1956
1753507381597,05:23:01.597,bybit,ADA/USDT:USDT,0.8233,4066.0,0.8234,20465.0,0.8233,445474193.0,356217678.1956
1753507381998,05:23:01.998,bybit,ADA/USDT:USDT,0.8233,4066.0,0.8234,25795.0,0.8234,445474363.0,356217818.1736
1753507382097,05:23:02.097,bybit,ADA/USDT:USDT,0.8233,1170.0,0.8234,27283.0,0.8234,445474363.0,356217818.1736
1753507382198,05:23:02.198,bybit,ADA/USDT:USDT,0.8233,2178.0,0.8234,27283.0,0.8234,445474363.0,356217818.1736
1753507382297,05:23:02.297,bybit,ADA/USDT:USDT,0.8233,2178.0,0.8234,25795.0,0.8234,445474363.0,356217818.1736
1753507382497,05:23:02.497,bybit,ADA/USDT:USDT,0.8233,3666.0,0.8234,18571.0,0.8234,445474363.0,356217818.1736
1753507382597,05:23:02.597,bybit,ADA/USDT:USDT,0.8233,3666.0,0.8234,18571.0,0.8234,445474363.0,356217818.1736
1753507382797,05:23:02.797,bybit,ADA/USDT:USDT,0.8233,3595.0,0.8234,20059.0,0.8234,445474363.0,356217818.1736
1753507382897,05:23:02.897,bybit,ADA/USDT:USDT,0.8233,1187.0,0.8234,21547.0,0.8234,445474363.0,356217818.1736
1753507382997,05:23:02.997,bybit,ADA/USDT:USDT,0.8232,8439.0,0.8233,16819.0,0.8233,445475550.0,356218795.4307
1753507383097,05:23:03.097,bybit,ADA/USDT:USDT,0.8232,8432.0,0.8233,12880.0,0.8233,445475940.0,356219116.5177
1753507383197,05:23:03.197,bybit,ADA/USDT:USDT,0.8232,12918.0,0.8233,12880.0,0.8233,445475940.0,356219116.5177
1753507383297,05:23:03.297,bybit,ADA/USDT:USDT,0.8232,8418.0,0.8233,12880.0,0.8233,445475940.0,356219116.5177
1753507383498,05:23:03.498,bybit,ADA/USDT:USDT,0.8232,11018.0,0.8233,11902.0,0.8233,445475940.0,356219116.5177
1753507383697,05:23:03.697,bybit,ADA/USDT:USDT,0.8232,11018.0,0.8233,8166.0,0.8233,445475940.0,356219116.5177
1753507383797,05:23:03.797,bybit,ADA/USDT:USDT,0.8232,12423.0,0.8233,5374.0,0.8233,445475940.0,356219116.5177
1753507383897,05:23:03.897,bybit,ADA/USDT:USDT,0.8232,12452.0,0.8233,668.0,0.8233,445475940.0,356219116.5177
1753507384098,05:23:04.098,bybit,ADA/USDT:USDT,0.8232,11020.0,0.8233,668.0,0.8233,445475940.0,356219116.5177
1753507384297,05:23:04.297,bybit,ADA/USDT:USDT,0.8232,11020.0,0.8233,180.0,0.8233,445475940.0,356219116.5177
1753507384898,05:23:04.898,bybit,ADA/USDT:USDT,0.8232,11030.0,0.8233,4337.0,0.8233,445475940.0,356219116.5177
1753507384997,05:23:04.997,bybit,ADA/USDT:USDT,0.8232,11030.0,0.8233,9837.0,0.8233,445475940.0,356219116.5177
1753507385197,05:23:05.197,bybit,ADA/USDT:USDT,0.8232,8430.0,0.8233,9837.0,0.8233,445475940.0,356219116.5177
1753507385398,05:23:05.398,bybit,ADA/USDT:USDT,0.8232,8430.0,0.8233,4337.0,0.8233,445475940.0,356219116.5177
1753507385797,05:23:05.797,bybit,ADA/USDT:USDT,0.8232,14365.0,0.8233,180.0,0.8233,445475940.0,356219116.5177
1753507386097,05:23:06.097,bybit,ADA/USDT:USDT,0.8232,8976.0,0.8233,180.0,0.8233,445475940.0,356219116.5177
1753507386598,05:23:06.598,bybit,ADA/USDT:USDT,0.8232,10408.0,0.8233,180.0,0.8233,445475940.0,356219116.5177
1753507386898,05:23:06.898,bybit,ADA/USDT:USDT,0.8232,8986.0,0.8233,180.0,0.8233,445475940.0,356219116.5177
1753507386998,05:23:06.998,bybit,ADA/USDT:USDT,0.8232,14486.0,0.8233,180.0,0.8233,445475940.0,356219116.5177
1753507387097,05:23:07.097,bybit,ADA/USDT:USDT,0.8232,8979.0,0.8233,597.0,0.8232,445475947.0,356219122.2801
1753507387197,05:23:07.197,bybit,ADA/USDT:USDT,0.8232,8979.0,0.8233,597.0,0.8232,445475947.0,356219122.2801
1753507387398,05:23:07.398,bybit,ADA/USDT:USDT,0.8232,13758.0,0.8233,180.0,0.8232,445475947.0,356219122.2801
1753507387497,05:23:07.497,bybit,ADA/USDT:USDT,0.8232,13758.0,0.8233,597.0,0.8232,445475947.0,356219122.2801
1753507387697,05:23:07.697,bybit,ADA/USDT:USDT,0.8232,15153.0,0.8233,180.0,0.8232,445475947.0,356219122.2801
1753507387797,05:23:07.797,bybit,ADA/USDT:USDT,0.8232,13758.0,0.8233,180.0,0.8232,445475947.0,356219122.2801
1753507387998,05:23:07.998,bybit,ADA/USDT:USDT,0.8232,13758.0,0.8233,180.0,0.8232,445475947.0,356219122.2801
1753507388397,05:23:08.397,bybit,ADA/USDT:USDT,0.8232,13729.0,0.8233,314.0,0.8232,445475947.0,356219122.2801
1753507388697,05:23:08.697,bybit,ADA/USDT:USDT,0.8232,15124.0,0.8233,314.0,0.8232,445475947.0,356219122.2801
1753507388797,05:23:08.797,bybit,ADA/USDT:USDT,0.8232,16519.0,0.8233,314.0,0.8232,445475947.0,356219122.2801
1753507388998,05:23:08.998,bybit,ADA/USDT:USDT,0.8232,19229.0,0.8233,314.0,0.8232,445475947.0,356219122.2801
1753507389097,05:23:09.097,bybit,ADA/USDT:USDT,0.8232,20624.0,0.8233,314.0,0.8232,445475947.0,356219122.2801
1753507389297,05:23:09.297,bybit,ADA/USDT:USDT,0.8232,19229.0,0.8233,314.0,0.8232,445475947.0,356219122.2801
1753507389397,05:23:09.397,bybit,ADA/USDT:USDT,0.8232,22019.0,0.8233,314.0,0.8232,445475947.0,356219122.2801
1753507389797,05:23:09.797,bybit,ADA/USDT:USDT,0.8232,19229.0,0.8233,314.0,0.8232,445475947.0,356219122.2801
1753507389898,05:23:09.898,bybit,ADA/USDT:USDT,0.8232,20624.0,0.8233,314.0,0.8232,445475947.0,356219122.2801
1753507390497,05:23:10.497,bybit,ADA/USDT:USDT,0.8232,19229.0,0.8233,314.0,0.8232,445475947.0,356219122.2801
1753507390597,05:23:10.597,bybit,ADA/USDT:USDT,0.8232,19268.0,0.8233,314.0,0.8232,445475947.0,356219122.2801
1753507391297,05:23:11.297,bybit,ADA/USDT:USDT,0.8232,20663.0,0.8233,314.0,0.8232,445475947.0,356219122.2801
1753507391398,05:23:11.398,bybit,ADA/USDT:USDT,0.8232,20666.0,0.8233,314.0,0.8232,445475947.0,356219122.2801
1753507391497,05:23:11.497,bybit,ADA/USDT:USDT,0.8232,20719.0,0.8233,314.0,0.8232,445475947.0,356219122.2801
1753507391598,05:23:11.598,bybit,ADA/USDT:USDT,0.8232,22114.0,0.8233,314.0,0.8232,445475947.0,356219122.2801
1753507391697,05:23:11.697,bybit,ADA/USDT:USDT,0.8232,20719.0,0.8233,314.0,0.8232,445475947.0,356219122.2801
1753507391997,05:23:11.997,bybit,ADA/USDT:USDT,0.8232,22114.0,0.8233,314.0,0.8232,445475947.0,356219122.2801
1753507392097,05:23:12.097,bybit,ADA/USDT:USDT,0.8232,19324.0,0.8233,314.0,0.8232,445475947.0,356219122.2801
1753507392297,05:23:12.297,bybit,ADA/USDT:USDT,0.8232,13824.0,0.8233,314.0,0.8232,445475947.0,356219122.2801
1753507392397,05:23:12.397,bybit,ADA/USDT:USDT,0.8232,2093.0,0.8233,14659.0,0.8232,445475947.0,356219122.2801
1753507392497,05:23:12.497,bybit,ADA/USDT:USDT,0.8232,2071.0,0.8233,11096.0,0.8232,445475947.0,356219122.2801
1753507392897,05:23:12.897,bybit,ADA/USDT:USDT,0.8232,2071.0,0.8233,14096.0,0.8232,445475947.0,356219122.2801
1753507393398,05:23:13.398,bybit,ADA/USDT:USDT,0.8232,716.0,0.8233,15311.0,0.8232,445475947.0,356219122.2801
1753507393498,05:23:13.498,bybit,ADA/USDT:USDT,0.8232,109.0,0.8233,15311.0,0.8232,445475947.0,356219122.2801
1753507393597,05:23:13.597,bybit,ADA/USDT:USDT,0.8232,1117.0,0.8233,13916.0,0.8232,445475947.0,356219122.2801
1753507393697,05:23:13.697,bybit,ADA/USDT:USDT,0.8232,1114.0,0.8233,12521.0,0.8232,445475947.0,356219122.2801
1753507393797,05:23:13.797,bybit,ADA/USDT:USDT,0.8232,1403.0,0.8233,12521.0,0.8232,445475947.0,356219122.2801
1753507393897,05:23:13.897,bybit,ADA/USDT:USDT,0.8232,1332.0,0.8233,15021.0,0.8232,445475947.0,356219122.2801
1753507394297,05:23:14.297,bybit,ADA/USDT:USDT,0.8232,1332.0,0.8233,16416.0,0.8232,445475947.0,356219122.2801
1753507394397,05:23:14.397,bybit,ADA/USDT:USDT,0.8232,1332.0,0.8233,16409.0,0.8232,445475947.0,356219122.2801
1753507394497,05:23:14.497,bybit,ADA/USDT:USDT,0.8232,1114.0,0.8233,16409.0,0.8232,445475947.0,356219122.2801
1753507394597,05:23:14.597,bybit,ADA/USDT:USDT,0.8232,1321.0,0.8233,15014.0,0.8232,445475947.0,356219122.2801
1753507394698,05:23:14.698,bybit,ADA/USDT:USDT,0.8232,1321.0,0.8233,16409.0,0.8232,445475947.0,356219122.2801
1753507395197,05:23:15.197,bybit,ADA/USDT:USDT,0.8232,1321.0,0.8233,15021.0,0.8232,445475947.0,356219122.2801
1753507395698,05:23:15.698,bybit,ADA/USDT:USDT,0.8232,1321.0,0.8233,16416.0,0.8232,445475947.0,356219122.2801
1753507395797,05:23:15.797,bybit,ADA/USDT:USDT,0.8232,1321.0,0.8233,13916.0,0.8232,445475947.0,356219122.2801
1753507395897,05:23:15.897,bybit,ADA/USDT:USDT,0.8232,1392.0,0.8233,9521.0,0.8232,445475947.0,356219122.2801
1753507395998,05:23:15.998,bybit,ADA/USDT:USDT,0.8232,18862.0,0.8233,2508.0,0.8232,445475947.0,356219122.2801
1753507396098,05:23:16.098,bybit,ADA/USDT:USDT,0.8232,17467.0,0.8233,3229.0,0.8232,445475947.0,356219122.2801
1753507396597,05:23:16.597,bybit,ADA/USDT:USDT,0.8232,17467.0,0.8233,4237.0,0.8232,445475947.0,356219122.2801
1753507396797,05:23:16.797,bybit,ADA/USDT:USDT,0.8232,17467.0,0.8233,2328.0,0.8232,445475947.0,356219122.2801
1753507396998,05:23:16.998,bybit,ADA/USDT:USDT,0.8232,17260.0,0.8233,1343.0,0.8232,445475947.0,356219122.2801
1753507397097,05:23:17.097,bybit,ADA/USDT:USDT,0.8232,17473.0,0.8233,2351.0,0.8232,445475947.0,356219122.2801
1753507397597,05:23:17.597,bybit,ADA/USDT:USDT,0.8232,17473.0,0.8233,855.0,0.8232,445475947.0,356219122.2801
1753507397797,05:23:17.797,bybit,ADA/USDT:USDT,0.8232,17594.0,0.8233,855.0,0.8232,445475947.0,356219122.2801
1753507397897,05:23:17.897,bybit,ADA/USDT:USDT,0.8232,23094.0,0.8233,855.0,0.8232,445475947.0,356219122.2801
1753507398298,05:23:18.298,bybit,ADA/USDT:USDT,0.8232,24489.0,0.8233,855.0,0.8232,445475947.0,356219122.2801
1753507398497,05:23:18.497,bybit,ADA/USDT:USDT,0.8232,17671.0,0.8233,855.0,0.8232,445475947.0,356219122.2801
1753507398597,05:23:18.597,bybit,ADA/USDT:USDT,0.8233,27833.0,0.8234,7979.0,0.8233,445476802.0,356219826.2016
1753507398697,05:23:18.697,bybit,ADA/USDT:USDT,0.8233,37926.0,0.8234,6259.0,0.8234,445478092.0,356220888.3876
1753507398798,05:23:18.798,bybit,ADA/USDT:USDT,0.8233,38533.0,0.8234,6259.0,0.8234,445478092.0,356220888.3876
1753507398897,05:23:18.897,bybit,ADA/USDT:USDT,0.8233,30332.0,0.8234,6259.0,0.8234,445478092.0,356220888.3876
1753507399097,05:23:19.097,bybit,ADA/USDT:USDT,0.8233,30332.0,0.8234,6740.0,0.8234,445478092.0,356220888.3876
1753507399197,05:23:19.197,bybit,ADA/USDT:USDT,0.8233,30332.0,0.8234,6733.0,0.8234,445478092.0,356220888.3876
1753507399898,05:23:19.898,bybit,ADA/USDT:USDT,0.8233,30332.0,0.8234,7718.0,0.8234,445478092.0,356220888.3876
1753507400098,05:23:20.098,bybit,ADA/USDT:USDT,0.8233,24638.0,0.8234,7654.0,0.8234,445478092.0,356220888.3876
1753507400197,05:23:20.197,bybit,ADA/USDT:USDT,0.8233,23630.0,0.8234,7654.0,0.8234,445478092.0,356220888.3876
1753507400297,05:23:20.297,bybit,ADA/USDT:USDT,0.8233,23682.0,0.8234,7654.0,0.8234,445478092.0,356220888.3876
1753507400598,05:23:20.598,bybit,ADA/USDT:USDT,0.8233,23705.0,0.8234,7741.0,0.8234,445478092.0,356220888.3876
1753507400798,05:23:20.798,bybit,ADA/USDT:USDT,0.8233,23843.0,0.8234,6733.0,0.8234,445478092.0,356220888.3876
1753507401197,05:23:21.197,bybit,ADA/USDT:USDT,0.8233,23843.0,0.8234,1017.0,0.8234,445478092.0,356220888.3876
1753507401297,05:23:21.297,bybit,ADA/USDT:USDT,0.8233,21827.0,0.8234,2002.0,0.8234,445478092.0,356220888.3876
1753507401397,05:23:21.397,bybit,ADA/USDT:USDT,0.8233,21827.0,0.8234,1017.0,0.8234,445478092.0,356220888.3876
1753507401497,05:23:21.497,bybit,ADA/USDT:USDT,0.8233,23248.0,0.8234,600.0,0.8234,445478092.0,356220888.3876
1753507401597,05:23:21.597,bybit,ADA/USDT:USDT,0.8233,21956.0,0.8234,1585.0,0.8234,445478092.0,356220888.3876
1753507401697,05:23:21.697,bybit,ADA/USDT:USDT,0.8233,23249.0,0.8234,600.0,0.8234,445478092.0,356220888.3876
1753507401797,05:23:21.797,bybit,ADA/USDT:USDT,0.8233,24542.0,0.8234,600.0,0.8234,445478092.0,356220888.3876
1753507402097,05:23:22.097,bybit,ADA/USDT:USDT,0.8233,24542.0,0.8234,600.0,0.8234,445478092.0,356220888.3876
1753507402198,05:23:22.198,bybit,ADA/USDT:USDT,0.8233,23249.0,0.8234,600.0,0.8234,445478092.0,356220888.3876
1753507402397,05:23:22.397,bybit,ADA/USDT:USDT,0.8233,24578.0,0.8234,600.0,0.8234,445478092.0,356220888.3876
1753507402698,05:23:22.698,bybit,ADA/USDT:USDT,0.8233,21992.0,0.8234,600.0,0.8234,445478092.0,356220888.3876
1753507403098,05:23:23.098,bybit,ADA/USDT:USDT,0.8233,21992.0,0.8234,1017.0,0.8234,445478092.0,356220888.3876
1753507403298,05:23:23.298,bybit,ADA/USDT:USDT,0.8233,23285.0,0.8234,1017.0,0.8234,445478092.0,356220888.3876
1753507403497,05:23:23.497,bybit,ADA/USDT:USDT,0.8233,21992.0,0.8234,1017.0,0.8234,445478092.0,356220888.3876
1753507403797,05:23:23.797,bybit,ADA/USDT:USDT,0.8233,22006.0,0.8234,6525.0,0.8234,445478092.0,356220888.3876
1753507403897,05:23:23.897,bybit,ADA/USDT:USDT,0.8233,22006.0,0.8234,6513.0,0.8234,445478104.0,356220898.2684
1753507403997,05:23:23.997,bybit,ADA/USDT:USDT,0.8233,2916.0,0.8234,11725.0,0.8234,445478104.0,356220898.2684
1753507404297,05:23:24.297,bybit,ADA/USDT:USDT,0.8233,2916.0,0.8234,10460.0,0.8234,445478104.0,356220898.2684
1753507404598,05:23:24.598,bybit,ADA/USDT:USDT,0.8233,2848.0,0.8234,4960.0,0.8233,445478172.0,356220954.2528
