timestamp,time,exchange,symbol,bid,bidVolume,ask,askVolume,lastPrice,baseVolume,quoteVolume
1753507237955,05:20:37.955,bybit,ACH/USDT:USDT,0.02236,880.0,0.022362,2000.0,0.022365,73190860.0,1597803.7167
1753507242755,05:20:42.755,bybit,ACH/USDT:USDT,0.022363,100.0,0.022365,410.0,0.022365,73176520.0,1597494.881
1753507246055,05:20:46.055,bybit,ACH/USDT:USDT,0.022363,100.0,0.022365,410.0,0.022365,73176520.0,1597494.881
1753507246956,05:20:46.956,bybit,ACH/USDT:USDT,0.022363,100.0,0.022365,410.0,0.022365,73176520.0,1597494.881
1753507247255,05:20:47.255,bybit,ACH/USDT:USDT,0.022364,1990.0,0.022365,410.0,0.022365,73176520.0,1597494.881
1753507247955,05:20:47.955,bybit,ACH/USDT:USDT,0.022364,1990.0,0.022366,1280.0,0.022365,73176520.0,1597494.881
1753507248755,05:20:48.755,bybit,ACH/USDT:USDT,0.022364,1990.0,0.022366,1280.0,0.022365,73176520.0,1597494.881
1753507249655,05:20:49.655,bybit,ACH/USDT:USDT,0.022364,1990.0,0.022366,1280.0,0.022365,73176520.0,1597494.881
1753507251255,05:20:51.255,bybit,ACH/USDT:USDT,0.022364,1990.0,0.022365,2000.0,0.022365,73176520.0,1597494.881
1753507255455,05:20:55.455,bybit,ACH/USDT:USDT,0.022363,100.0,0.022364,2000.0,0.022365,73176520.0,1597494.881
1753507257755,05:20:57.755,bybit,ACH/USDT:USDT,0.022363,100.0,0.022364,2000.0,0.022365,73176520.0,1597494.881
1753507258855,05:20:58.855,bybit,ACH/USDT:USDT,0.022363,2840.0,0.022366,410.0,0.022365,73176520.0,1597494.881
1753507258955,05:20:58.955,bybit,ACH/USDT:USDT,0.022365,1990.0,0.022368,870.0,0.022365,73176520.0,1597494.881
1753507261855,05:21:01.855,bybit,ACH/USDT:USDT,0.022368,1990.0,0.022369,1280.0,0.022365,73176520.0,1597494.881
1753507261955,05:21:01.955,bybit,ACH/USDT:USDT,0.022369,1990.0,0.02237,1380.0,0.022365,73176520.0,1597494.881
1753507262555,05:21:02.555,bybit,ACH/USDT:USDT,0.022369,1990.0,0.02237,970.0,0.022365,73176520.0,1597494.881
1753507266755,05:21:06.755,bybit,ACH/USDT:USDT,0.022369,1990.0,0.02237,970.0,0.022365,73176520.0,1597494.881
1753507267555,05:21:07.555,bybit,ACH/USDT:USDT,0.022369,1990.0,0.02237,100.0,0.022365,73176520.0,1597494.881
1753507268555,05:21:08.555,bybit,ACH/USDT:USDT,0.022369,1990.0,0.02237,100.0,0.022365,73176520.0,1597494.881
1753507268855,05:21:08.855,bybit,ACH/USDT:USDT,0.022369,1990.0,0.02237,100.0,0.022365,73176520.0,1597494.881
1753507269755,05:21:09.755,bybit,ACH/USDT:USDT,0.022369,3610.0,0.02237,100.0,0.022365,73176520.0,1597494.881
1753507270955,05:21:10.955,bybit,ACH/USDT:USDT,0.022369,3610.0,0.02237,100.0,0.022365,73176520.0,1597494.881
1753507271555,05:21:11.555,bybit,ACH/USDT:USDT,0.022369,3610.0,0.02237,100.0,0.022365,73176520.0,1597494.881
1753507277655,05:21:17.655,bybit,ACH/USDT:USDT,0.022369,3610.0,0.02237,800.0,0.022365,73176520.0,1597494.881
1753507277755,05:21:17.755,bybit,ACH/USDT:USDT,0.022369,3610.0,0.02237,1110.0,0.022365,73176520.0,1597494.881
1753507277855,05:21:17.855,bybit,ACH/USDT:USDT,0.022369,3610.0,0.02237,1110.0,0.022365,73176520.0,1597494.881
1753507278155,05:21:18.155,bybit,ACH/USDT:USDT,0.022369,3610.0,0.02237,1110.0,0.022365,73176520.0,1597494.881
1753507278755,05:21:18.755,bybit,ACH/USDT:USDT,0.022369,3610.0,0.02237,1110.0,0.022365,73176520.0,1597494.881
1753507285355,05:21:25.355,bybit,ACH/USDT:USDT,0.022369,3610.0,0.02237,1110.0,0.022365,73176520.0,1597494.881
1753507285655,05:21:25.655,bybit,ACH/USDT:USDT,0.022369,3610.0,0.02237,1110.0,0.022365,73176520.0,1597494.881
1753507286456,05:21:26.456,bybit,ACH/USDT:USDT,0.022369,3610.0,0.02237,1110.0,0.022365,73162480.0,1597193.0187
1753507286555,05:21:26.555,bybit,ACH/USDT:USDT,0.022369,3610.0,0.02237,1110.0,0.022365,73162480.0,1597193.0187
1753507288755,05:21:28.755,bybit,ACH/USDT:USDT,0.022369,1990.0,0.02237,1110.0,0.022365,73162480.0,1597193.0187
1753507295855,05:21:35.855,bybit,ACH/USDT:USDT,0.022369,1990.0,0.02237,2730.0,0.022365,73162480.0,1597193.0187
1753507296755,05:21:36.755,bybit,ACH/USDT:USDT,0.022369,1990.0,0.02237,2730.0,0.022365,73162480.0,1597193.0187
1753507297655,05:21:37.655,bybit,ACH/USDT:USDT,0.022369,1990.0,0.02237,2730.0,0.022365,73162480.0,1597193.0187
1753507301255,05:21:41.255,bybit,ACH/USDT:USDT,0.022369,1990.0,0.02237,2730.0,0.022365,73162480.0,1597193.0187
1753507301855,05:21:41.855,bybit,ACH/USDT:USDT,0.022369,1990.0,0.02237,2730.0,0.022365,73162480.0,1597193.0187
1753507304556,05:21:44.556,bybit,ACH/USDT:USDT,0.022369,2230.0,0.02237,2630.0,0.022365,73162480.0,1597193.0187
1753507308555,05:21:48.555,bybit,ACH/USDT:USDT,0.022369,2330.0,0.02237,2630.0,0.022365,73162480.0,1597193.0187
1753507312156,05:21:52.156,bybit,ACH/USDT:USDT,0.022369,2330.0,0.02237,1010.0,0.022365,73162480.0,1597193.0187
1753507321456,05:22:01.456,bybit,ACH/USDT:USDT,0.022369,2590.0,0.02237,1010.0,0.022365,73162480.0,1597193.0187
1753507321655,05:22:01.655,bybit,ACH/USDT:USDT,0.022369,2590.0,0.02237,1010.0,0.022365,73162480.0,1597193.0187
1753507322555,05:22:02.555,bybit,ACH/USDT:USDT,0.022369,2590.0,0.02237,1010.0,0.022365,73162480.0,1597193.0187
1753507323756,05:22:03.756,bybit,ACH/USDT:USDT,0.022369,2590.0,0.02237,1010.0,0.022365,73162480.0,1597193.0187
1753507324655,05:22:04.655,bybit,ACH/USDT:USDT,0.022369,2590.0,0.02237,1010.0,0.022365,73162480.0,1597193.0187
1753507329755,05:22:09.755,bybit,ACH/USDT:USDT,0.022369,2590.0,0.02237,1010.0,0.022365,73162480.0,1597193.0187
1753507331256,05:22:11.256,bybit,ACH/USDT:USDT,0.022369,2590.0,0.02237,1010.0,0.022365,73135690.0,1596617.5435
1753507333755,05:22:13.755,bybit,ACH/USDT:USDT,0.022369,2590.0,0.02237,1490.0,0.022365,73135690.0,1596617.5435
1753507338155,05:22:18.155,bybit,ACH/USDT:USDT,0.022369,2590.0,0.02237,1950.0,0.022365,73135690.0,1596617.5435
1753507340855,05:22:20.855,bybit,ACH/USDT:USDT,0.022369,2590.0,0.02237,1950.0,0.022365,73135690.0,1596617.5435
1753507341755,05:22:21.755,bybit,ACH/USDT:USDT,0.022369,2590.0,0.02237,1950.0,0.022365,73135690.0,1596617.5435
1753507342655,05:22:22.655,bybit,ACH/USDT:USDT,0.022369,2590.0,0.02237,1950.0,0.022365,73135690.0,1596617.5435
1753507343055,05:22:23.055,bybit,ACH/USDT:USDT,0.022369,4210.0,0.02237,1950.0,0.022365,73135690.0,1596617.5435
1753507343555,05:22:23.555,bybit,ACH/USDT:USDT,0.022369,4210.0,0.02237,1950.0,0.022365,73135690.0,1596617.5435
1753507351656,05:22:31.656,bybit,ACH/USDT:USDT,0.022369,4210.0,0.02237,1950.0,0.022365,73135690.0,1596617.5435
1753507351755,05:22:31.755,bybit,ACH/USDT:USDT,0.022369,4210.0,0.02237,1970.0,0.022365,73135690.0,1596617.5435
1753507352356,05:22:32.356,bybit,ACH/USDT:USDT,0.022369,9030.0,0.02237,1970.0,0.022365,73135690.0,1596617.5435
1753507357655,05:22:37.655,bybit,ACH/USDT:USDT,0.022369,4210.0,0.02237,1970.0,0.022365,73135690.0,1596617.5435
1753507359155,05:22:39.155,bybit,ACH/USDT:USDT,0.022369,10040.0,0.02237,1970.0,0.022365,73135690.0,1596617.5435
1753507360955,05:22:40.955,bybit,ACH/USDT:USDT,0.022369,10040.0,0.02237,1970.0,0.022365,73135690.0,1596617.5435
1753507365056,05:22:45.056,bybit,ACH/USDT:USDT,0.022369,11270.0,0.02237,1970.0,0.022365,73135690.0,1596617.5435
1753507371355,05:22:51.355,bybit,ACH/USDT:USDT,0.022369,4210.0,0.02237,1970.0,0.022365,73135690.0,1596617.5435
1753507371455,05:22:51.455,bybit,ACH/USDT:USDT,0.022369,12180.0,0.02237,1970.0,0.022365,73135690.0,1596617.5435
1753507372955,05:22:52.955,bybit,ACH/USDT:USDT,0.022369,12180.0,0.02237,1970.0,0.022365,73135690.0,1596617.5435
1753507373556,05:22:53.556,bybit,ACH/USDT:USDT,0.022369,12180.0,0.02237,1970.0,0.022365,73135690.0,1596617.5435
1753507376656,05:22:56.656,bybit,ACH/USDT:USDT,0.022369,4210.0,0.02237,1970.0,0.022365,73135690.0,1596617.5435
1753507376755,05:22:56.755,bybit,ACH/USDT:USDT,0.022369,13370.0,0.02237,1970.0,0.022365,73135690.0,1596617.5435
1753507381955,05:23:01.955,bybit,ACH/USDT:USDT,0.022369,15210.0,0.02237,1970.0,0.022365,73135690.0,1596617.5435
1753507385855,05:23:05.855,bybit,ACH/USDT:USDT,0.022369,15230.0,0.02237,1970.0,0.022365,73135690.0,1596617.5435
1753507387356,05:23:07.356,bybit,ACH/USDT:USDT,0.022369,4230.0,0.02237,1970.0,0.022365,73135690.0,1596617.5435
1753507387455,05:23:07.455,bybit,ACH/USDT:USDT,0.022369,4760.0,0.02237,1970.0,0.022365,73135690.0,1596617.5435
1753507387655,05:23:07.655,bybit,ACH/USDT:USDT,0.022369,4760.0,0.02237,1970.0,0.022365,73135690.0,1596617.5435
1753507387955,05:23:07.955,bybit,ACH/USDT:USDT,0.022369,4760.0,0.02237,1970.0,0.022365,73135690.0,1596617.5435
1753507388556,05:23:08.556,bybit,ACH/USDT:USDT,0.022369,4760.0,0.02237,1970.0,0.022365,73135690.0,1596617.5435
1753507389756,05:23:09.756,bybit,ACH/USDT:USDT,0.022369,4760.0,0.02237,1970.0,0.022365,73135690.0,1596617.5435
1753507390656,05:23:10.656,bybit,ACH/USDT:USDT,0.022369,4760.0,0.02237,1970.0,0.022365,73135690.0,1596617.5435
1753507392555,05:23:12.555,bybit,ACH/USDT:USDT,0.022369,4230.0,0.02237,1970.0,0.022365,73135690.0,1596617.5435
1753507392855,05:23:12.855,bybit,ACH/USDT:USDT,0.022369,14560.0,0.02237,1970.0,0.022365,73135690.0,1596617.5435
1753507396955,05:23:16.955,bybit,ACH/USDT:USDT,0.022371,1990.0,0.022372,410.0,0.02237,73137660.0,1596661.6124
1753507397055,05:23:17.055,bybit,ACH/USDT:USDT,0.022374,3610.0,0.022375,250.0,0.02237,73137660.0,1596661.6124
1753507397155,05:23:17.155,bybit,ACH/USDT:USDT,0.022374,7460.0,0.022375,250.0,0.02237,73137660.0,1596661.6124
1753507399655,05:23:19.655,bybit,ACH/USDT:USDT,0.022374,7460.0,0.022375,250.0,0.02237,73137660.0,1596661.6124
1753507400256,05:23:20.256,bybit,ACH/USDT:USDT,0.022374,3870.0,0.022375,250.0,0.02237,73137660.0,1596661.6124
1753507404555,05:23:24.555,bybit,ACH/USDT:USDT,0.022374,13990.0,0.022375,250.0,0.02237,73137660.0,1596661.6124
1753507404655,05:23:24.655,bybit,ACH/USDT:USDT,0.022374,3870.0,0.022375,250.0,0.02237,73137660.0,1596661.6124
1753507407155,05:23:27.155,bybit,ACH/USDT:USDT,0.022374,16630.0,0.022375,250.0,0.02237,73137660.0,1596661.6124
1753507409555,05:23:29.555,bybit,ACH/USDT:USDT,0.022374,16630.0,0.022375,250.0,0.02237,73137660.0,1596661.6124
1753507410156,05:23:30.156,bybit,ACH/USDT:USDT,0.022374,28440.0,0.022375,250.0,0.02237,73137660.0,1596661.6124
1753507410756,05:23:30.756,bybit,ACH/USDT:USDT,0.022374,28440.0,0.022375,250.0,0.02237,73137660.0,1596661.6124
1753507413055,05:23:33.055,bybit,ACH/USDT:USDT,0.022374,2250.0,0.022375,250.0,0.02237,73137660.0,1596661.6124
1753507413155,05:23:33.155,bybit,ACH/USDT:USDT,0.022374,2250.0,0.022375,650.0,0.02237,73137660.0,1596661.6124
1753507413655,05:23:33.655,bybit,ACH/USDT:USDT,0.022374,2250.0,0.022375,250.0,0.02237,73137660.0,1596661.6124
1753507420155,05:23:40.155,bybit,ACH/USDT:USDT,0.022374,1990.0,0.022375,250.0,0.02237,73137660.0,1596661.6124
1753507420255,05:23:40.255,bybit,ACH/USDT:USDT,0.022374,20820.0,0.022375,250.0,0.02237,73137660.0,1596661.6124
1753507421255,05:23:41.255,bybit,ACH/USDT:USDT,0.022374,20820.0,0.022375,250.0,0.02237,73097390.0,1595795.7384
1753507423655,05:23:43.655,bybit,ACH/USDT:USDT,0.022374,20820.0,0.022375,250.0,0.02237,73097390.0,1595795.7384
1753507424855,05:23:44.855,bybit,ACH/USDT:USDT,0.022374,21150.0,0.022375,250.0,0.02237,73097390.0,1595795.7384
1753507429855,05:23:49.855,bybit,ACH/USDT:USDT,0.022374,2320.0,0.022375,250.0,0.02237,73097390.0,1595795.7384
1753507430456,05:23:50.456,bybit,ACH/USDT:USDT,0.022374,28070.0,0.022375,250.0,0.02237,73097390.0,1595795.7384
1753507431455,05:23:51.455,bybit,ACH/USDT:USDT,0.022374,28070.0,0.022375,250.0,0.02237,73097390.0,1595795.7384
1753507431755,05:23:51.755,bybit,ACH/USDT:USDT,0.022374,28070.0,0.022375,250.0,0.02237,73097390.0,1595795.7384
1753507436155,05:23:56.155,bybit,ACH/USDT:USDT,0.022374,2320.0,0.022375,250.0,0.02237,73097390.0,1595795.7384
1753507437155,05:23:57.155,bybit,ACH/USDT:USDT,0.022374,30740.0,0.022375,250.0,0.02237,73097390.0,1595795.7384
1753507442355,05:24:02.355,bybit,ACH/USDT:USDT,0.022374,2320.0,0.022375,250.0,0.02237,73097390.0,1595795.7384
1753507442555,05:24:02.555,bybit,ACH/USDT:USDT,0.022374,33250.0,0.022375,250.0,0.02237,73097390.0,1595795.7384
1753507444155,05:24:04.155,bybit,ACH/USDT:USDT,0.022374,2320.0,0.022375,250.0,0.02237,73097390.0,1595795.7384
1753507444355,05:24:04.355,bybit,ACH/USDT:USDT,0.022374,11000.0,0.022375,250.0,0.02237,73097390.0,1595795.7384
1753507449156,05:24:09.156,bybit,ACH/USDT:USDT,0.022374,11000.0,0.022375,250.0,0.02237,73097390.0,1595795.7384
1753507449755,05:24:09.755,bybit,ACH/USDT:USDT,0.022374,11000.0,0.022375,250.0,0.02237,73097390.0,1595795.7384
1753507450056,05:24:10.056,bybit,ACH/USDT:USDT,0.022374,2320.0,0.022375,250.0,0.02237,73097390.0,1595795.7384
1753507450155,05:24:10.155,bybit,ACH/USDT:USDT,0.022374,26260.0,0.022375,250.0,0.02237,73097390.0,1595795.7384
1753507453655,05:24:13.655,bybit,ACH/USDT:USDT,0.022374,26260.0,0.022375,250.0,0.02237,73097390.0,1595795.7384
1753507453956,05:24:13.956,bybit,ACH/USDT:USDT,0.022374,3940.0,0.022375,250.0,0.02237,73097390.0,1595795.7384
1753507454055,05:24:14.055,bybit,ACH/USDT:USDT,0.022374,12610.0,0.022375,250.0,0.02237,73097390.0,1595795.7384
1753507459155,05:24:19.155,bybit,ACH/USDT:USDT,0.022374,3940.0,0.022375,250.0,0.02237,73097390.0,1595795.7384
1753507459255,05:24:19.255,bybit,ACH/USDT:USDT,0.022374,28980.0,0.022375,250.0,0.02237,73097390.0,1595795.7384
1753507459655,05:24:19.655,bybit,ACH/USDT:USDT,0.022374,28980.0,0.022375,250.0,0.02237,73097390.0,1595795.7384
1753507460855,05:24:20.855,bybit,ACH/USDT:USDT,0.022374,28980.0,0.022375,250.0,0.02237,73097390.0,1595795.7384
1753507462855,05:24:22.855,bybit,ACH/USDT:USDT,0.022374,3940.0,0.022375,250.0,0.02237,73097390.0,1595795.7384
1753507462955,05:24:22.955,bybit,ACH/USDT:USDT,0.022374,15420.0,0.022375,250.0,0.02237,73097390.0,1595795.7384
1753507463855,05:24:23.855,bybit,ACH/USDT:USDT,0.022374,15420.0,0.022375,250.0,0.02237,73097390.0,1595795.7384
1753507463955,05:24:23.955,bybit,ACH/USDT:USDT,0.022374,15420.0,0.022375,1130.0,0.02237,73097390.0,1595795.7384
1753507464755,05:24:24.755,bybit,ACH/USDT:USDT,0.022374,15420.0,0.022375,1130.0,0.02237,73097390.0,1595795.7384
1753507465655,05:24:25.655,bybit,ACH/USDT:USDT,0.022374,15420.0,0.022375,1130.0,0.02237,73097390.0,1595795.7384
1753507466355,05:24:26.355,bybit,ACH/USDT:USDT,0.022374,15420.0,0.022375,1130.0,0.02237,73052680.0,1594834.5554
1753507466555,05:24:26.555,bybit,ACH/USDT:USDT,0.022374,15410.0,0.022375,1130.0,0.02237,73052680.0,1594834.5554
1753507469855,05:24:29.855,bybit,ACH/USDT:USDT,0.022374,3930.0,0.022375,1130.0,0.02237,73052680.0,1594834.5554
1753507470155,05:24:30.155,bybit,ACH/USDT:USDT,0.022374,23230.0,0.022375,1130.0,0.02237,73052680.0,1594834.5554
1753507470755,05:24:30.755,bybit,ACH/USDT:USDT,0.022374,23230.0,0.022375,1130.0,0.02237,73052680.0,1594834.5554
1753507471155,05:24:31.155,bybit,ACH/USDT:USDT,0.022374,8710.0,0.022375,1530.0,0.02237,73052680.0,1594834.5554
1753507472355,05:24:32.355,bybit,ACH/USDT:USDT,0.022374,13490.0,0.022375,1530.0,0.02237,73052680.0,1594834.5554
1753507472555,05:24:32.555,bybit,ACH/USDT:USDT,0.022374,13490.0,0.022375,1530.0,0.02237,73052680.0,1594834.5554
1753507472655,05:24:32.655,bybit,ACH/USDT:USDT,0.022374,13490.0,0.022375,1130.0,0.02237,73052680.0,1594834.5554
1753507472755,05:24:32.755,bybit,ACH/USDT:USDT,0.022374,18270.0,0.022375,1130.0,0.02237,73052680.0,1594834.5554
1753507474056,05:24:34.056,bybit,ACH/USDT:USDT,0.022374,18290.0,0.022375,1130.0,0.02237,73052680.0,1594834.5554
1753507474955,05:24:34.955,bybit,ACH/USDT:USDT,0.022375,7190.0,0.022376,20.0,0.022375,73053810.0,1594859.8392
1753507475055,05:24:35.055,bybit,ACH/USDT:USDT,0.022375,7190.0,0.022376,20.0,0.022375,73053810.0,1594859.8392
1753507475855,05:24:35.855,bybit,ACH/USDT:USDT,0.022375,7190.0,0.022376,290.0,0.022375,73053810.0,1594859.8392
1753507477555,05:24:37.555,bybit,ACH/USDT:USDT,0.022375,37390.0,0.022376,290.0,0.022375,73053810.0,1594859.8392
1753507477656,05:24:37.656,bybit,ACH/USDT:USDT,0.022375,7190.0,0.022376,290.0,0.022375,73053810.0,1594859.8392
1753507478955,05:24:38.955,bybit,ACH/USDT:USDT,0.022375,21100.0,0.022376,290.0,0.022375,73053810.0,1594859.8392
1753507479055,05:24:39.055,bybit,ACH/USDT:USDT,0.022375,29310.0,0.022376,290.0,0.022375,73053810.0,1594859.8392
1753507479255,05:24:39.255,bybit,ACH/USDT:USDT,0.022375,1990.0,0.022376,290.0,0.022375,73053810.0,1594859.8392
1753507479355,05:24:39.355,bybit,ACH/USDT:USDT,0.022375,1990.0,0.022376,1910.0,0.022375,73053810.0,1594859.8392
1753507479555,05:24:39.555,bybit,ACH/USDT:USDT,0.022375,2250.0,0.022376,1910.0,0.022375,73053810.0,1594859.8392
1753507481256,05:24:41.256,bybit,ACH/USDT:USDT,0.022375,2250.0,0.022376,1910.0,0.022375,73053810.0,1594859.8392
1753507485355,05:24:45.355,bybit,ACH/USDT:USDT,0.022375,15150.0,0.022376,290.0,0.022375,73053810.0,1594859.8392
1753507489355,05:24:49.355,bybit,ACH/USDT:USDT,0.022375,15150.0,0.022376,290.0,0.022375,73053810.0,1594859.8392
1753507489655,05:24:49.655,bybit,ACH/USDT:USDT,0.022375,15150.0,0.022376,290.0,0.022375,73053810.0,1594859.8392
1753507491856,05:24:51.856,bybit,ACH/USDT:USDT,0.022375,1990.0,0.022376,290.0,0.022375,73053810.0,1594859.8392
1753507492655,05:24:52.655,bybit,ACH/USDT:USDT,0.022375,15150.0,0.022376,290.0,0.022375,73053810.0,1594859.8392
1753507493555,05:24:53.555,bybit,ACH/USDT:USDT,0.022375,15150.0,0.022376,290.0,0.022375,73053810.0,1594859.8392
1753507493855,05:24:53.855,bybit,ACH/USDT:USDT,0.022375,15150.0,0.022376,290.0,0.022375,73053810.0,1594859.8392
1753507495355,05:24:55.355,bybit,ACH/USDT:USDT,0.022375,1990.0,0.022376,290.0,0.022375,73053810.0,1594859.8392
1753507495456,05:24:55.456,bybit,ACH/USDT:USDT,0.022375,9880.0,0.022376,290.0,0.022375,73053810.0,1594859.8392
1753507495655,05:24:55.655,bybit,ACH/USDT:USDT,0.022375,9880.0,0.022376,290.0,0.022375,73053810.0,1594859.8392
1753507495955,05:24:55.955,bybit,ACH/USDT:USDT,0.022375,9880.0,0.022376,290.0,0.022375,73053810.0,1594859.8392
1753507496455,05:24:56.455,bybit,ACH/USDT:USDT,0.022375,5790.0,0.022376,290.0,0.022375,73053810.0,1594859.8392
1753507498655,05:24:58.655,bybit,ACH/USDT:USDT,0.022375,5790.0,0.022376,290.0,0.022375,73053810.0,1594859.8392
1753507499155,05:24:59.155,bybit,ACH/USDT:USDT,0.022375,7410.0,0.022376,290.0,0.022375,73053810.0,1594859.8392
1753507500055,05:25:00.055,bybit,ACH/USDT:USDT,0.022375,7410.0,0.022376,270.0,0.022375,73053810.0,1594859.8392
1753507500855,05:25:00.855,bybit,ACH/USDT:USDT,0.022375,10940.0,0.022376,270.0,0.022375,73053810.0,1594859.8392
1753507501155,05:25:01.155,bybit,ACH/USDT:USDT,0.022375,14520.0,0.022376,270.0,0.022375,73053810.0,1594859.8392
1753507501855,05:25:01.855,bybit,ACH/USDT:USDT,0.022375,9100.0,0.022376,270.0,0.022375,73053810.0,1594859.8392
1753507501955,05:25:01.955,bybit,ACH/USDT:USDT,0.022375,9360.0,0.022376,270.0,0.022375,73053810.0,1594859.8392
1753507502055,05:25:02.055,bybit,ACH/USDT:USDT,0.022375,5830.0,0.022376,270.0,0.022375,73053810.0,1594859.8392
1753507502255,05:25:02.255,bybit,ACH/USDT:USDT,0.022375,6090.0,0.022376,270.0,0.022375,73053810.0,1594859.8392
1753507502455,05:25:02.455,bybit,ACH/USDT:USDT,0.022375,8320.0,0.022376,270.0,0.022375,73053810.0,1594859.8392
1753507502555,05:25:02.555,bybit,ACH/USDT:USDT,0.022375,8320.0,0.022376,270.0,0.022375,73053810.0,1594859.8392
1753507504556,05:25:04.556,bybit,ACH/USDT:USDT,0.022378,1990.0,0.022379,10.0,0.022378,73054720.0,1594880.2024
1753507504655,05:25:04.655,bybit,ACH/USDT:USDT,0.022378,1990.0,0.022379,10.0,0.022378,73054720.0,1594880.2024
1753507504955,05:25:04.955,bybit,ACH/USDT:USDT,0.022378,1990.0,0.022379,10.0,0.022378,73054720.0,1594880.2024
1753507505156,05:25:05.156,bybit,ACH/USDT:USDT,0.022378,2510.0,0.022379,10.0,0.022378,73054720.0,1594880.2024
1753507505556,05:25:05.556,bybit,ACH/USDT:USDT,0.022378,2510.0,0.022379,10.0,0.022378,73054720.0,1594880.2024
1753507510055,05:25:10.055,bybit,ACH/USDT:USDT,0.022378,2510.0,0.022379,10.0,0.022378,73054720.0,1594880.2024
1753507510755,05:25:10.755,bybit,ACH/USDT:USDT,0.022378,1990.0,0.022379,10.0,0.022378,73054720.0,1594880.2024
1753507510955,05:25:10.955,bybit,ACH/USDT:USDT,0.022378,1990.0,0.022379,10.0,0.022378,73054720.0,1594880.2024
1753507511155,05:25:11.155,bybit,ACH/USDT:USDT,0.022378,1990.0,0.022379,10.0,0.022378,73045690.0,1594686.4408
1753507511255,05:25:11.255,bybit,ACH/USDT:USDT,0.022382,1990.0,0.022383,310.0,0.022381,73046360.0,1594701.4358
1753507511355,05:25:11.355,bybit,ACH/USDT:USDT,0.022382,1990.0,0.022383,620.0,0.022381,73046360.0,1594701.4358
1753507515455,05:25:15.455,bybit,ACH/USDT:USDT,0.022382,10100.0,0.022383,620.0,0.022381,73046360.0,1594701.4358
1753507516055,05:25:16.055,bybit,ACH/USDT:USDT,0.022382,10100.0,0.022383,620.0,0.022381,73046360.0,1594701.4358
1753507516155,05:25:16.155,bybit,ACH/USDT:USDT,0.022382,10100.0,0.022383,310.0,0.022381,73046360.0,1594701.4358
1753507518155,05:25:18.155,bybit,ACH/USDT:USDT,0.022382,10100.0,0.022383,310.0,0.022381,73046360.0,1594701.4358
1753507518755,05:25:18.755,bybit,ACH/USDT:USDT,0.022382,10100.0,0.022383,310.0,0.022381,73046360.0,1594701.4358
1753507521155,05:25:21.155,bybit,ACH/USDT:USDT,0.022382,1990.0,0.022383,310.0,0.022381,73046360.0,1594701.4358
1753507522255,05:25:22.255,bybit,ACH/USDT:USDT,0.022382,1990.0,0.022383,1930.0,0.022381,73046360.0,1594701.4358
1753507523256,05:25:23.256,bybit,ACH/USDT:USDT,0.022382,1990.0,0.022383,1930.0,0.022381,73046360.0,1594701.4358
1753507530755,05:25:30.755,bybit,ACH/USDT:USDT,0.022382,1990.0,0.022383,310.0,0.022381,73046360.0,1594701.4358
1753507530855,05:25:30.855,bybit,ACH/USDT:USDT,0.022382,1990.0,0.022383,620.0,0.022381,73046360.0,1594701.4358
1753507533455,05:25:33.455,bybit,ACH/USDT:USDT,0.022382,1990.0,0.022383,1740.0,0.022381,73046360.0,1594701.4358
1753507533555,05:25:33.555,bybit,ACH/USDT:USDT,0.022382,1990.0,0.022383,620.0,0.022381,73046360.0,1594701.4358
1753507536756,05:25:36.756,bybit,ACH/USDT:USDT,0.022382,1990.0,0.022383,620.0,0.022381,73046360.0,1594701.4358
1753507540055,05:25:40.055,bybit,ACH/USDT:USDT,0.022382,1990.0,0.022383,350.0,0.022383,73046630.0,1594707.4792
1753507540155,05:25:40.155,bybit,ACH/USDT:USDT,0.022382,1990.0,0.022383,350.0,0.022383,73046630.0,1594707.4792
1753507540655,05:25:40.655,bybit,ACH/USDT:USDT,0.022382,1990.0,0.022383,350.0,0.022383,73046630.0,1594707.4792
1753507543755,05:25:43.755,bybit,ACH/USDT:USDT,0.022382,1990.0,0.022383,3070.0,0.022383,73046630.0,1594707.4792
1753507543955,05:25:43.955,bybit,ACH/USDT:USDT,0.022382,1990.0,0.022383,3070.0,0.022383,73046630.0,1594707.4792
1753507544155,05:25:44.155,bybit,ACH/USDT:USDT,0.022382,4970.0,0.022383,1950.0,0.022383,73046630.0,1594707.4792
1753507544256,05:25:44.256,bybit,ACH/USDT:USDT,0.022382,4970.0,0.022383,350.0,0.022383,73046630.0,1594707.4792
1753507551855,05:25:51.855,bybit,ACH/USDT:USDT,0.022382,6570.0,0.022383,350.0,0.022383,73046630.0,1594707.4792
1753507552355,05:25:52.355,bybit,ACH/USDT:USDT,0.022382,6570.0,0.022383,350.0,0.022383,73046630.0,1594707.4792
1753507554355,05:25:54.355,bybit,ACH/USDT:USDT,0.022382,10620.0,0.022383,350.0,0.022383,73046630.0,1594707.4792
1753507559555,05:25:59.555,bybit,ACH/USDT:USDT,0.022382,13170.0,0.022383,350.0,0.022383,73046630.0,1594707.4792
1753507564855,05:26:04.855,bybit,ACH/USDT:USDT,0.022382,6570.0,0.022383,350.0,0.022383,73046630.0,1594707.4792
1753507564955,05:26:04.955,bybit,ACH/USDT:USDT,0.022382,14990.0,0.022383,350.0,0.022383,73046630.0,1594707.4792
1753507565355,05:26:05.355,bybit,ACH/USDT:USDT,0.022382,5230.0,0.022383,350.0,0.022383,73046630.0,1594707.4792
1753507565455,05:26:05.455,bybit,ACH/USDT:USDT,0.022382,4970.0,0.022383,350.0,0.022383,73046630.0,1594707.4792
1753507566155,05:26:06.155,bybit,ACH/USDT:USDT,0.022382,12880.0,0.022383,350.0,0.022383,73046630.0,1594707.4792
1753507569755,05:26:09.755,bybit,ACH/USDT:USDT,0.022382,14480.0,0.022383,350.0,0.022383,73046630.0,1594707.4792
1753507574955,05:26:14.955,bybit,ACH/USDT:USDT,0.022382,4970.0,0.022383,350.0,0.022383,73046630.0,1594707.4792
1753507577355,05:26:17.355,bybit,ACH/USDT:USDT,0.022382,6570.0,0.022383,350.0,0.022383,73046630.0,1594707.4792
1753507580055,05:26:20.055,bybit,ACH/USDT:USDT,0.022382,10510.0,0.022383,350.0,0.022383,73046630.0,1594707.4792
1753507581355,05:26:21.355,bybit,ACH/USDT:USDT,0.022382,7110.0,0.022383,350.0,0.022383,73046630.0,1594707.4792
1753507581555,05:26:21.555,bybit,ACH/USDT:USDT,0.022382,6570.0,0.022383,350.0,0.022383,73046630.0,1594707.4792
1753507582055,05:26:22.055,bybit,ACH/USDT:USDT,0.022382,10140.0,0.022383,350.0,0.022383,73046630.0,1594707.4792
1753507585855,05:26:25.855,bybit,ACH/USDT:USDT,0.022382,8260.0,0.022383,350.0,0.022383,73046630.0,1594707.4792
1753507586255,05:26:26.255,bybit,ACH/USDT:USDT,0.022382,5770.0,0.022383,350.0,0.022383,73046630.0,1594707.4792
1753507586355,05:26:26.355,bybit,ACH/USDT:USDT,0.022382,4970.0,0.022383,350.0,0.022383,73046630.0,1594707.4792
1753507589155,05:26:29.155,bybit,ACH/USDT:USDT,0.022382,4970.0,0.022383,1950.0,0.022383,73046630.0,1594707.4792
1753507589855,05:26:29.855,bybit,ACH/USDT:USDT,0.022382,4970.0,0.022383,1950.0,0.022383,73046630.0,1594707.4792
1753507591055,05:26:31.055,bybit,ACH/USDT:USDT,0.022382,2980.0,0.022383,1950.0,0.022383,73046630.0,1594707.4792
1753507591155,05:26:31.155,bybit,ACH/USDT:USDT,0.022382,2980.0,0.022383,350.0,0.022383,73046630.0,1594707.4792
1753507596455,05:26:36.455,bybit,ACH/USDT:USDT,0.022382,2980.0,0.022383,350.0,0.022383,73046630.0,1594707.4792
1753507597355,05:26:37.355,bybit,ACH/USDT:USDT,0.022382,2980.0,0.022383,350.0,0.022383,73046630.0,1594707.4792
1753507598855,05:26:38.855,bybit,ACH/USDT:USDT,0.022382,2980.0,0.022383,350.0,0.022383,73046630.0,1594707.4792
1753507600955,05:26:40.955,bybit,ACH/USDT:USDT,0.022382,2980.0,0.022383,350.0,0.022383,73046630.0,1594707.4792
1753507601355,05:26:41.355,bybit,ACH/USDT:USDT,0.022382,2980.0,0.022383,350.0,0.022383,73038030.0,1594522.907
1753507605455,05:26:45.455,bybit,ACH/USDT:USDT,0.022382,2980.0,0.022383,350.0,0.022383,73038030.0,1594522.907
