timestamp,time,exchange,symbol,bid,bidVolume,ask,askVolume,lastPrice,baseVolume,quoteVolume
1753504791764,04:39:51.764,bybit,ALGO/USDT:USDT,0.2697,53414.5,0.2698,17076.9,0.2697,96449664.2,25257444.2722
1753504792064,04:39:52.064,bybit,ALGO/USDT:USDT,0.2697,53414.5,0.2698,17976.9,0.2697,96449664.2,25257444.2722
1753504792364,04:39:52.364,bybit,ALGO/USDT:USDT,0.2697,53414.5,0.2698,17981.0,0.2697,96449664.2,25257444.2722
1753504792463,04:39:52.463,bybit,ALGO/USDT:USDT,0.2697,54315.6,0.2698,31456.6,0.2697,96449664.2,25257444.2722
1753504792563,04:39:52.563,bybit,ALGO/USDT:USDT,0.2697,54316.2,0.2698,45675.0,0.2697,96449664.2,25257444.2722
1753504792764,04:39:52.764,bybit,ALGO/USDT:USDT,0.2697,54290.1,0.2698,45600.8,0.2697,96449664.2,25257444.2722
1753504793863,04:39:53.863,bybit,ALGO/USDT:USDT,0.2697,55190.1,0.2698,29657.3,0.2697,96449664.2,25257444.2722
1753504794664,04:39:54.664,bybit,ALGO/USDT:USDT,0.2697,56088.2,0.2698,29656.5,0.2697,96449664.2,25257444.2722
1753504795164,04:39:55.164,bybit,ALGO/USDT:USDT,0.2697,56087.5,0.2698,29656.5,0.2697,96449664.2,25257444.2722
1753504795364,04:39:55.364,bybit,ALGO/USDT:USDT,0.2697,54286.4,0.2698,29656.5,0.2697,96449664.2,25257444.2722
1753504795463,04:39:55.463,bybit,ALGO/USDT:USDT,0.2697,54917.3,0.2698,29656.5,0.2697,96449664.2,25257444.2722
1753504795564,04:39:55.564,bybit,ALGO/USDT:USDT,0.2697,55817.3,0.2698,29656.5,0.2697,96449664.2,25257444.2722
1753504796164,04:39:56.164,bybit,ALGO/USDT:USDT,0.2697,55817.3,0.2698,17080.2,0.2697,96449664.2,25257444.2722
1753504796463,04:39:56.463,bybit,ALGO/USDT:USDT,0.2697,55889.6,0.2698,17080.2,0.2697,96449664.2,25257444.2722
1753504798064,04:39:58.064,bybit,ALGO/USDT:USDT,0.2697,54990.3,0.2698,17080.2,0.2697,96449664.2,25257444.2722
1753504798164,04:39:58.164,bybit,ALGO/USDT:USDT,0.2697,54990.3,0.2698,17080.2,0.2697,96449664.2,25257444.2722
1753504798264,04:39:58.264,bybit,ALGO/USDT:USDT,0.2697,55900.8,0.2698,17076.9,0.2697,96449664.2,25257444.2722
1753504798464,04:39:58.464,bybit,ALGO/USDT:USDT,0.2697,55900.8,0.2698,17076.9,0.2697,96449664.2,25257444.2722
1753504798964,04:39:58.964,bybit,ALGO/USDT:USDT,0.2697,54101.5,0.2698,17076.9,0.2697,96449664.2,25257444.2722
1753504799264,04:39:59.264,bybit,ALGO/USDT:USDT,0.2697,55900.8,0.2698,17076.9,0.2697,96449664.2,25257444.2722
1753504799564,04:39:59.564,bybit,ALGO/USDT:USDT,0.2697,54101.5,0.2698,17076.9,0.2697,96449664.2,25257444.2722
1753504799763,04:39:59.763,bybit,ALGO/USDT:USDT,0.2697,54990.3,0.2698,17076.9,0.2697,96449664.2,25257444.2722
1753504799964,04:39:59.964,bybit,ALGO/USDT:USDT,0.2697,54990.0,0.2698,17076.9,0.2697,96449664.2,25257444.2722
1753504800063,04:40:00.063,bybit,ALGO/USDT:USDT,0.2697,55889.3,0.2698,17076.9,0.2697,96449664.2,25257444.2722
1753504800363,04:40:00.363,bybit,ALGO/USDT:USDT,0.2697,55889.3,0.2698,17407.4,0.2697,96449664.2,25257444.2722
1753504800864,04:40:00.864,bybit,ALGO/USDT:USDT,0.2697,54989.3,0.2698,17407.4,0.2697,96449664.2,25257444.2722
1753504800964,04:40:00.964,bybit,ALGO/USDT:USDT,0.2697,54090.0,0.2698,29183.7,0.2697,96449664.2,25257444.2722
1753504801064,04:40:01.064,bybit,ALGO/USDT:USDT,0.2697,54939.6,0.2698,29183.7,0.2697,96449664.2,25257444.2722
1753504801164,04:40:01.164,bybit,ALGO/USDT:USDT,0.2697,54939.6,0.2698,37183.7,0.2697,96449664.2,25257444.2722
1753504801464,04:40:01.464,bybit,ALGO/USDT:USDT,0.2697,54090.0,0.2698,39683.5,0.2697,96449664.2,25257444.2722
1753504801563,04:40:01.563,bybit,ALGO/USDT:USDT,0.2697,54090.0,0.2698,38833.9,0.2697,96449664.2,25257444.2722
1753504801763,04:40:01.763,bybit,ALGO/USDT:USDT,0.2697,54090.0,0.2698,37983.7,0.2697,96449664.2,25257444.2722
1753504801864,04:40:01.864,bybit,ALGO/USDT:USDT,0.2697,54090.0,0.2698,39683.5,0.2697,96449664.2,25257444.2722
1753504802163,04:40:02.163,bybit,ALGO/USDT:USDT,0.2697,54090.0,0.2698,46683.5,0.2697,96449664.2,25257444.2722
1753504802763,04:40:02.763,bybit,ALGO/USDT:USDT,0.2697,54090.0,0.2698,45833.9,0.2697,96449664.2,25257444.2722
1753504802864,04:40:02.864,bybit,ALGO/USDT:USDT,0.2697,54065.1,0.2698,44983.7,0.2697,96449664.2,25257444.2722
1753504803064,04:40:03.064,bybit,ALGO/USDT:USDT,0.2697,54065.1,0.2698,45833.9,0.2697,96449664.2,25257444.2722
1753504803163,04:40:03.163,bybit,ALGO/USDT:USDT,0.2697,54065.1,0.2698,46683.5,0.2697,96449664.2,25257444.2722
1753504803564,04:40:03.564,bybit,ALGO/USDT:USDT,0.2697,54065.1,0.2698,57747.2,0.2697,96449664.2,25257444.2722
1753504803964,04:40:03.964,bybit,ALGO/USDT:USDT,0.2697,54065.1,0.2698,57771.7,0.2697,96449664.2,25257444.2722
1753504804064,04:40:04.064,bybit,ALGO/USDT:USDT,0.2697,54065.1,0.2698,57821.4,0.2697,96449664.2,25257444.2722
1753504804163,04:40:04.163,bybit,ALGO/USDT:USDT,0.2697,54065.1,0.2698,63496.8,0.2697,96449664.2,25257444.2722
1753504804363,04:40:04.363,bybit,ALGO/USDT:USDT,0.2697,54065.1,0.2698,63521.3,0.2697,96449664.2,25257444.2722
1753504804563,04:40:04.563,bybit,ALGO/USDT:USDT,0.2697,54065.1,0.2698,63496.8,0.2697,96449664.2,25257444.2722
1753504804964,04:40:04.964,bybit,ALGO/USDT:USDT,0.2697,54065.1,0.2698,63521.3,0.2697,96449664.2,25257444.2722
1753504805163,04:40:05.163,bybit,ALGO/USDT:USDT,0.2697,54065.1,0.2698,57747.2,0.2697,96449664.2,25257444.2722
1753504805264,04:40:05.264,bybit,ALGO/USDT:USDT,0.2697,54065.1,0.2698,45833.3,0.2697,96449664.2,25257444.2722
1753504805364,04:40:05.364,bybit,ALGO/USDT:USDT,0.2697,54065.1,0.2698,45833.9,0.2697,96449664.2,25257444.2722
1753504805564,04:40:05.564,bybit,ALGO/USDT:USDT,0.2697,54065.4,0.2698,46683.5,0.2697,96449664.2,25257444.2722
1753504806064,04:40:06.064,bybit,ALGO/USDT:USDT,0.2697,54065.4,0.2698,45833.9,0.2697,96449664.2,25257444.2722
1753504806164,04:40:06.164,bybit,ALGO/USDT:USDT,0.2697,54065.4,0.2698,46683.5,0.2697,96449664.2,25257444.2722
1753504806364,04:40:06.364,bybit,ALGO/USDT:USDT,0.2697,54065.4,0.2698,46757.7,0.2697,96449664.2,25257444.2722
1753504806564,04:40:06.564,bybit,ALGO/USDT:USDT,0.2697,54914.8,0.2698,22934.7,0.2697,96449664.2,25257444.2722
1753504806664,04:40:06.664,bybit,ALGO/USDT:USDT,0.2697,54914.8,0.2698,12186.3,0.2697,96449664.2,25257444.2722
1753504806764,04:40:06.764,bybit,ALGO/USDT:USDT,0.2697,54913.1,0.2698,12186.3,0.2697,96449664.2,25257444.2722
1753504807063,04:40:07.063,bybit,ALGO/USDT:USDT,0.2697,54913.1,0.2698,12204.9,0.2697,96449664.2,25257444.2722
1753504807164,04:40:07.164,bybit,ALGO/USDT:USDT,0.2697,54913.1,0.2698,12204.9,0.2697,96449664.2,25257444.2722
1753504807463,04:40:07.463,bybit,ALGO/USDT:USDT,0.2697,54913.1,0.2698,12204.9,0.2697,96449664.2,25257444.2722
1753504808763,04:40:08.763,bybit,ALGO/USDT:USDT,0.2697,54063.5,0.2698,12204.9,0.2697,96449664.2,25257444.2722
1753504809064,04:40:09.064,bybit,ALGO/USDT:USDT,0.2697,54913.1,0.2698,428.6,0.2697,96449664.2,25257444.2722
1753504809164,04:40:09.164,bybit,ALGO/USDT:USDT,0.2698,47700.5,0.2699,57466.8,0.2698,96450092.8,25257559.9085
1753504809264,04:40:09.264,bybit,ALGO/USDT:USDT,0.2698,47700.5,0.2699,49031.8,0.2698,96450092.8,25257559.9085
1753504809364,04:40:09.364,bybit,ALGO/USDT:USDT,0.2698,47700.5,0.2699,47371.8,0.2698,96450092.8,25257559.9085
1753504809664,04:40:09.664,bybit,ALGO/USDT:USDT,0.2698,47700.5,0.2699,47415.2,0.2698,96450092.8,25257559.9085
1753504809764,04:40:09.764,bybit,ALGO/USDT:USDT,0.2698,35826.3,0.2699,48265.4,0.2698,96450092.8,25257559.9085
1753504809864,04:40:09.864,bybit,ALGO/USDT:USDT,0.2698,35826.3,0.2699,49115.0,0.2698,96450092.8,25257559.9085
1753504810064,04:40:10.064,bybit,ALGO/USDT:USDT,0.2698,35826.3,0.2699,63115.0,0.2698,96450092.8,25257559.9085
1753504810164,04:40:10.164,bybit,ALGO/USDT:USDT,0.2698,35826.3,0.2699,63115.0,0.2698,96450092.8,25257559.9085
1753504810364,04:40:10.364,bybit,ALGO/USDT:USDT,0.2698,35826.3,0.2699,61415.2,0.2698,96450092.8,25257559.9085
1753504810464,04:40:10.464,bybit,ALGO/USDT:USDT,0.2698,35826.3,0.2699,43456.4,0.2698,96450092.8,25257559.9085
1753504810564,04:40:10.564,bybit,ALGO/USDT:USDT,0.2698,35826.3,0.2699,42067.4,0.2698,96450092.8,25257559.9085
1753504810664,04:40:10.664,bybit,ALGO/USDT:USDT,0.2698,35994.0,0.2699,42067.4,0.2698,96450092.8,25257559.9085
1753504810764,04:40:10.764,bybit,ALGO/USDT:USDT,0.2698,35994.0,0.2699,43767.2,0.2698,96450092.8,25257559.9085
1753504811064,04:40:11.064,bybit,ALGO/USDT:USDT,0.2698,35994.0,0.2699,42067.4,0.2698,96450092.8,25257559.9085
1753504811164,04:40:11.164,bybit,ALGO/USDT:USDT,0.2698,35994.0,0.2699,42917.6,0.2698,96450092.8,25257559.9085
1753504811264,04:40:11.264,bybit,ALGO/USDT:USDT,0.2698,35994.0,0.2699,43767.2,0.2698,96450092.8,25257559.9085
1753504811363,04:40:11.363,bybit,ALGO/USDT:USDT,0.2698,36043.0,0.2699,43767.2,0.2698,96450092.8,25257559.9085
1753504811564,04:40:11.564,bybit,ALGO/USDT:USDT,0.2698,36043.0,0.2699,42917.6,0.2698,96450092.8,25257559.9085
1753504811664,04:40:11.664,bybit,ALGO/USDT:USDT,0.2698,36043.0,0.2699,43767.2,0.2698,96450092.8,25257559.9085
1753504811763,04:40:11.763,bybit,ALGO/USDT:USDT,0.2698,36043.0,0.2699,42067.4,0.2698,96450092.8,25257559.9085
1753504811864,04:40:11.864,bybit,ALGO/USDT:USDT,0.2698,36043.0,0.2699,43767.2,0.2698,96450092.8,25257559.9085
1753504812064,04:40:12.064,bybit,ALGO/USDT:USDT,0.2698,36043.0,0.2699,45767.2,0.2698,96450092.8,25257559.9085
1753504812364,04:40:12.364,bybit,ALGO/USDT:USDT,0.2698,36043.0,0.2699,44067.4,0.2698,96450092.8,25257559.9085
1753504812564,04:40:12.564,bybit,ALGO/USDT:USDT,0.2698,36043.0,0.2699,45767.2,0.2698,96450092.8,25257559.9085
1753504812664,04:40:12.664,bybit,ALGO/USDT:USDT,0.2698,36043.0,0.2699,44917.6,0.2698,96450092.8,25257559.9085
1753504812964,04:40:12.964,bybit,ALGO/USDT:USDT,0.2698,36043.0,0.2699,44067.4,0.2698,96450092.8,25257559.9085
1753504813364,04:40:13.364,bybit,ALGO/USDT:USDT,0.2698,36043.0,0.2699,45767.2,0.2698,96450092.8,25257559.9085
1753504813664,04:40:13.664,bybit,ALGO/USDT:USDT,0.2698,36043.0,0.2699,29001.1,0.2698,96450092.8,25257559.9085
1753504813964,04:40:13.964,bybit,ALGO/USDT:USDT,0.2698,36043.0,0.2699,44001.1,0.2698,96450092.8,25257559.9085
1753504814064,04:40:14.064,bybit,ALGO/USDT:USDT,0.2698,36323.0,0.2699,43150.9,0.2698,96450092.8,25257559.9085
1753504814164,04:40:14.164,bybit,ALGO/USDT:USDT,0.2698,36323.0,0.2699,44001.1,0.2698,96450092.8,25257559.9085
1753504814264,04:40:14.264,bybit,ALGO/USDT:USDT,0.2698,36323.0,0.2699,42301.3,0.2698,96450092.8,25257559.9085
1753504814563,04:40:14.563,bybit,ALGO/USDT:USDT,0.2698,36323.0,0.2699,27301.3,0.2698,96450092.8,25257559.9085
1753504814763,04:40:14.763,bybit,ALGO/USDT:USDT,0.2698,36323.0,0.2699,27303.8,0.2698,96450092.8,25257559.9085
1753504814964,04:40:14.964,bybit,ALGO/USDT:USDT,0.2698,36323.0,0.2699,44154.0,0.2698,96450092.8,25257559.9085
1753504815163,04:40:15.163,bybit,ALGO/USDT:USDT,0.2698,36323.0,0.2699,43303.8,0.2698,96450092.8,25257559.9085
1753504815364,04:40:15.364,bybit,ALGO/USDT:USDT,0.2698,36323.0,0.2699,44154.0,0.2698,96450092.8,25257559.9085
1753504815763,04:40:15.763,bybit,ALGO/USDT:USDT,0.2698,37913.7,0.2699,9475.8,0.2698,96450092.8,25257559.9085
1753504815964,04:40:15.964,bybit,ALGO/USDT:USDT,0.2698,46172.6,0.2699,9475.8,0.2698,96450092.8,25257559.9085
1753504816264,04:40:16.264,bybit,ALGO/USDT:USDT,0.2698,36323.0,0.2699,9475.8,0.2698,96450092.8,25257559.9085
1753504816464,04:40:16.464,bybit,ALGO/USDT:USDT,0.2698,37172.6,0.2699,9475.8,0.2698,96450092.8,25257559.9085
1753504816564,04:40:16.564,bybit,ALGO/USDT:USDT,0.2698,37932.3,0.2699,155.1,0.2698,96450092.8,25257559.9085
1753504816763,04:40:16.763,bybit,ALGO/USDT:USDT,0.2698,37932.3,0.2699,5287.2,0.2698,96450092.8,25257559.9085
1753504816864,04:40:16.864,bybit,ALGO/USDT:USDT,0.2698,37082.7,0.2699,155.1,0.2698,96450092.8,25257559.9085
1753504816963,04:40:16.963,bybit,ALGO/USDT:USDT,0.2698,37082.7,0.2699,5155.1,0.2698,96450092.8,25257559.9085
1753504817064,04:40:17.064,bybit,ALGO/USDT:USDT,0.2698,37064.1,0.2699,5155.1,0.2698,96450092.8,25257559.9085
1753504817264,04:40:17.264,bybit,ALGO/USDT:USDT,0.2698,37933.0,0.2699,155.1,0.2698,96450092.8,25257559.9085
1753504817364,04:40:17.364,bybit,ALGO/USDT:USDT,0.2698,37083.4,0.2699,155.1,0.2698,96450092.8,25257559.9085
1753504817564,04:40:17.564,bybit,ALGO/USDT:USDT,0.2698,37153.7,0.2699,155.1,0.2698,96450092.8,25257559.9085
1753504817664,04:40:17.664,bybit,ALGO/USDT:USDT,0.2698,37723.3,0.2699,140.9,0.2698,96450092.8,25257559.9085
1753504817764,04:40:17.764,bybit,ALGO/USDT:USDT,0.2698,37723.3,0.2699,138.4,0.2698,96450092.8,25257559.9085
1753504817864,04:40:17.864,bybit,ALGO/USDT:USDT,0.2698,37723.3,0.2699,140.2,0.2698,96450092.8,25257559.9085
1753504817964,04:40:17.964,bybit,ALGO/USDT:USDT,0.2698,50723.3,0.2699,140.2,0.2698,96450092.8,25257559.9085
1753504818064,04:40:18.064,bybit,ALGO/USDT:USDT,0.2698,50799.0,0.2699,140.2,0.2698,96450092.8,25257559.9085
1753504818164,04:40:18.164,bybit,ALGO/USDT:USDT,0.2698,55017.4,0.2699,140.2,0.2698,96450092.8,25257559.9085
1753504818264,04:40:18.264,bybit,ALGO/USDT:USDT,0.2698,54167.8,0.2699,140.2,0.2698,96450092.8,25257559.9085
1753504818564,04:40:18.564,bybit,ALGO/USDT:USDT,0.2698,41167.8,0.2699,140.2,0.2698,96450092.8,25257559.9085
1753504818964,04:40:18.964,bybit,ALGO/USDT:USDT,0.2698,48167.8,0.2699,140.2,0.2698,96450092.8,25257559.9085
1753504819064,04:40:19.064,bybit,ALGO/USDT:USDT,0.2698,41073.5,0.2699,140.2,0.2698,96450092.8,25257559.9085
1753504819264,04:40:19.264,bybit,ALGO/USDT:USDT,0.2698,41092.1,0.2699,140.2,0.2698,96450092.8,25257559.9085
1753504819364,04:40:19.364,bybit,ALGO/USDT:USDT,0.2698,41941.7,0.2699,140.2,0.2698,96450092.8,25257559.9085
1753504819464,04:40:19.464,bybit,ALGO/USDT:USDT,0.2698,41092.1,0.2699,140.2,0.2698,96450092.8,25257559.9085
1753504819764,04:40:19.764,bybit,ALGO/USDT:USDT,0.2698,41941.7,0.2699,140.2,0.2698,96450092.8,25257559.9085
1753504819863,04:40:19.863,bybit,ALGO/USDT:USDT,0.2698,41941.6,0.2699,140.2,0.2698,96450092.8,25257559.9085
1753504819964,04:40:19.964,bybit,ALGO/USDT:USDT,0.2698,41092.0,0.2699,12505.4,0.2698,96450092.8,25257559.9085
1753504820064,04:40:20.064,bybit,ALGO/USDT:USDT,0.2698,36855.0,0.2699,12505.4,0.2698,96450092.8,25257559.9085
1753504820164,04:40:20.164,bybit,ALGO/USDT:USDT,0.2698,36855.0,0.2699,140.2,0.2698,96450092.8,25257559.9085
1753504820664,04:40:20.664,bybit,ALGO/USDT:USDT,0.2698,37704.6,0.2699,140.2,0.2698,96450092.8,25257559.9085
1753504820763,04:40:20.763,bybit,ALGO/USDT:USDT,0.2698,36855.0,0.2699,140.2,0.2698,96450092.8,25257559.9085
1753504820964,04:40:20.964,bybit,ALGO/USDT:USDT,0.2698,37135.0,0.2699,140.2,0.2698,96450092.8,25257559.9085
1753504821164,04:40:21.164,bybit,ALGO/USDT:USDT,0.2698,37984.6,0.2699,142.3,0.2698,96450092.8,25257559.9085
1753504821264,04:40:21.264,bybit,ALGO/USDT:USDT,0.2698,37984.6,0.2699,142.3,0.2698,96450092.8,25257559.9085
1753504821463,04:40:21.463,bybit,ALGO/USDT:USDT,0.2698,37135.0,0.2699,142.3,0.2698,96450092.8,25257559.9085
1753504821764,04:40:21.764,bybit,ALGO/USDT:USDT,0.2698,37135.0,0.2699,5274.4,0.2698,96450092.8,25257559.9085
1753504821864,04:40:21.864,bybit,ALGO/USDT:USDT,0.2698,37135.0,0.2699,17639.6,0.2698,96450092.8,25257559.9085
1753504821964,04:40:21.964,bybit,ALGO/USDT:USDT,0.2698,37135.0,0.2699,24489.8,0.2698,96450092.8,25257559.9085
1753504822064,04:40:22.064,bybit,ALGO/USDT:USDT,0.2698,37135.0,0.2699,23639.6,0.2698,96450092.8,25257559.9085
1753504822164,04:40:22.164,bybit,ALGO/USDT:USDT,0.2698,37135.0,0.2699,17639.6,0.2698,96450092.8,25257559.9085
1753504822864,04:40:22.864,bybit,ALGO/USDT:USDT,0.2698,43135.0,0.2699,17639.6,0.2698,96450092.8,25257559.9085
1753504823564,04:40:23.564,bybit,ALGO/USDT:USDT,0.2698,37135.0,0.2699,17639.6,0.2698,96450092.8,25257559.9085
1753504823664,04:40:23.664,bybit,ALGO/USDT:USDT,0.2698,34038.5,0.2699,28816.4,0.2698,96450092.8,25257559.9085
1753504823863,04:40:23.863,bybit,ALGO/USDT:USDT,0.2698,34038.5,0.2699,43816.4,0.2698,96450092.8,25257559.9085
1753504824064,04:40:24.064,bybit,ALGO/USDT:USDT,0.2698,34043.6,0.2699,43816.4,0.2698,96450092.8,25257559.9085
1753504825964,04:40:25.964,bybit,ALGO/USDT:USDT,0.2698,14628.5,0.2699,52268.8,0.2698,96450092.8,25257559.9085
1753504826763,04:40:26.763,bybit,ALGO/USDT:USDT,0.2698,14589.7,0.2699,52239.6,0.2698,96450092.8,25257559.9085
1753504826864,04:40:26.864,bybit,ALGO/USDT:USDT,0.2698,14589.7,0.2699,52253.4,0.2698,96450092.8,25257559.9085
1753504826963,04:40:26.963,bybit,ALGO/USDT:USDT,0.2698,14589.7,0.2699,53735.6,0.2698,96450092.8,25257559.9085
1753504827064,04:40:27.064,bybit,ALGO/USDT:USDT,0.2698,14589.7,0.2699,53094.7,0.2698,96450092.8,25257559.9085
1753504827564,04:40:27.564,bybit,ALGO/USDT:USDT,0.2698,14587.3,0.2699,53094.7,0.2698,96450092.8,25257559.9085
1753504828863,04:40:28.863,bybit,ALGO/USDT:USDT,0.2698,14587.9,0.2699,53094.7,0.2698,96450092.8,25257559.9085
1753504829064,04:40:29.064,bybit,ALGO/USDT:USDT,0.2698,14587.9,0.2699,50015.4,0.2698,96450092.8,25257559.9085
1753504829164,04:40:29.164,bybit,ALGO/USDT:USDT,0.2698,14701.8,0.2699,50001.6,0.2698,96450092.8,25257559.9085
1753504829664,04:40:29.664,bybit,ALGO/USDT:USDT,0.2698,21749.6,0.2699,24733.5,0.2698,96450092.8,25257559.9085
1753504829864,04:40:29.864,bybit,ALGO/USDT:USDT,0.2698,34114.8,0.2699,33583.1,0.2698,96450092.8,25257559.9085
1753504829964,04:40:29.964,bybit,ALGO/USDT:USDT,0.2698,34114.8,0.2699,34507.5,0.2698,96450092.8,25257559.9085
1753504830063,04:40:30.063,bybit,ALGO/USDT:USDT,0.2698,34114.8,0.2699,34357.6,0.2698,96450092.8,25257559.9085
1753504830164,04:40:30.164,bybit,ALGO/USDT:USDT,0.2698,34114.8,0.2699,33507.4,0.2698,96450092.8,25257559.9085
1753504830264,04:40:30.264,bybit,ALGO/USDT:USDT,0.2698,34114.8,0.2699,32657.8,0.2698,96450092.8,25257559.9085
1753504830464,04:40:30.464,bybit,ALGO/USDT:USDT,0.2698,34114.8,0.2699,33507.4,0.2698,96450092.8,25257559.9085
1753504830764,04:40:30.764,bybit,ALGO/USDT:USDT,0.2698,34109.9,0.2699,24657.8,0.2698,96450092.8,25257559.9085
1753504831464,04:40:31.464,bybit,ALGO/USDT:USDT,0.2698,34107.1,0.2699,24657.8,0.2698,96450092.8,25257559.9085
1753504831663,04:40:31.663,bybit,ALGO/USDT:USDT,0.2698,34107.1,0.2699,26431.8,0.2698,96450092.8,25257559.9085
1753504831763,04:40:31.763,bybit,ALGO/USDT:USDT,0.2698,34107.1,0.2699,35431.8,0.2698,96450092.8,25257559.9085
1753504831863,04:40:31.863,bybit,ALGO/USDT:USDT,0.2698,34107.1,0.2699,25582.2,0.2698,96450092.8,25257559.9085
1753504832064,04:40:32.064,bybit,ALGO/USDT:USDT,0.2698,34107.1,0.2699,26357.6,0.2698,96450092.8,25257559.9085
1753504832164,04:40:32.164,bybit,ALGO/USDT:USDT,0.2698,34107.1,0.2699,25507.4,0.2698,96450092.8,25257559.9085
1753504832263,04:40:32.263,bybit,ALGO/USDT:USDT,0.2698,34107.0,0.2699,26431.8,0.2698,96450092.8,25257559.9085
1753504832363,04:40:32.363,bybit,ALGO/USDT:USDT,0.2698,21741.8,0.2699,27231.8,0.2698,96450092.8,25257559.9085
1753504832464,04:40:32.464,bybit,ALGO/USDT:USDT,0.2698,34107.0,0.2699,25581.6,0.2698,96450092.8,25257559.9085
1753504832563,04:40:32.563,bybit,ALGO/USDT:USDT,0.2698,34107.0,0.2699,24657.8,0.2698,96450092.8,25257559.9085
1753504832663,04:40:32.663,bybit,ALGO/USDT:USDT,0.2698,34107.0,0.2699,25507.4,0.2698,96450092.8,25257559.9085
1753504832764,04:40:32.764,bybit,ALGO/USDT:USDT,0.2698,34107.0,0.2699,31507.4,0.2698,96450092.8,25257559.9085
