timestamp,time,exchange,symbol,bid,bidVolume,ask,askVolume,lastPrice,baseVolume,quoteVolume
1753504792074,04:39:52.074,bybit,AAVE/USDT:USDT,297.52,0.02,297.53,0.76,297.56,364286.05,106116808.4052
1753504792474,04:39:52.474,bybit,AAVE/USDT:USDT,297.52,0.02,297.53,8.24,297.56,364286.05,106116808.4052
1753504792974,04:39:52.974,bybit,AAVE/USDT:USDT,297.52,0.89,297.53,4.73,297.56,364286.05,106116808.4052
1753504793174,04:39:53.174,bybit,AAVE/USDT:USDT,297.52,0.89,297.53,4.73,297.56,364286.05,106116808.4052
1753504795274,04:39:55.274,bybit,AAVE/USDT:USDT,297.52,0.89,297.54,0.42,297.53,364286.55,106116957.1702
1753504795375,04:39:55.375,bybit,AAVE/USDT:USDT,297.52,0.89,297.54,0.42,297.53,364286.55,106116957.1702
1753504795574,04:39:55.574,bybit,AAVE/USDT:USDT,297.52,1.34,297.54,0.42,297.53,364286.55,106116957.1702
1753504796874,04:39:56.874,bybit,AAVE/USDT:USDT,297.52,1.34,297.53,0.42,297.53,364286.55,106116957.1702
1753504797374,04:39:57.374,bybit,AAVE/USDT:USDT,297.52,3.07,297.53,0.42,297.53,364286.55,106116957.1702
1753504797475,04:39:57.475,bybit,AAVE/USDT:USDT,297.53,0.42,297.55,0.22,297.53,364286.55,106116957.1702
1753504797574,04:39:57.574,bybit,AAVE/USDT:USDT,297.53,1.23,297.55,0.22,297.53,364286.55,106116957.1702
1753504797674,04:39:57.674,bybit,AAVE/USDT:USDT,297.55,0.42,297.56,0.03,297.53,364286.55,106116957.1702
1753504797774,04:39:57.774,bybit,AAVE/USDT:USDT,297.55,0.42,297.56,0.25,297.53,364286.55,106116957.1702
1753504797875,04:39:57.875,bybit,AAVE/USDT:USDT,297.55,0.38,297.56,0.25,297.53,364286.55,106116957.1702
1753504798074,04:39:58.074,bybit,AAVE/USDT:USDT,297.55,0.51,297.56,0.25,297.53,364286.55,106116957.1702
1753504798174,04:39:58.174,bybit,AAVE/USDT:USDT,297.55,2.23,297.56,0.25,297.53,364286.55,106116957.1702
1753504798574,04:39:58.574,bybit,AAVE/USDT:USDT,297.55,3.04,297.56,0.25,297.53,364286.55,106116957.1702
1753504798774,04:39:58.774,bybit,AAVE/USDT:USDT,297.55,3.04,297.56,0.91,297.53,364286.55,106116957.1702
1753504799474,04:39:59.474,bybit,AAVE/USDT:USDT,297.55,3.04,297.56,0.91,297.53,364286.55,106116957.1702
1753504799574,04:39:59.574,bybit,AAVE/USDT:USDT,297.55,2.96,297.56,0.91,297.53,364286.55,106116957.1702
1753504800074,04:40:00.074,bybit,AAVE/USDT:USDT,297.55,2.96,297.56,0.03,297.53,364286.55,106116957.1702
1753504800374,04:40:00.374,bybit,AAVE/USDT:USDT,297.55,2.96,297.56,0.89,297.53,364286.55,106116957.1702
1753504800975,04:40:00.975,bybit,AAVE/USDT:USDT,297.55,2.96,297.56,0.89,297.53,364286.55,106116957.1702
1753504801174,04:40:01.174,bybit,AAVE/USDT:USDT,297.55,3.81,297.56,0.89,297.53,364286.55,106116957.1702
1753504801574,04:40:01.574,bybit,AAVE/USDT:USDT,297.55,3.81,297.56,0.89,297.53,364286.55,106116957.1702
1753504801775,04:40:01.775,bybit,AAVE/USDT:USDT,297.55,3.81,297.56,0.47,297.53,364286.55,106116957.1702
1753504802774,04:40:02.774,bybit,AAVE/USDT:USDT,297.55,3.81,297.56,0.03,297.53,364286.55,106116957.1702
1753504802874,04:40:02.874,bybit,AAVE/USDT:USDT,297.56,0.32,297.58,1.09,297.58,364286.8,106117031.5643
1753504802974,04:40:02.974,bybit,AAVE/USDT:USDT,297.56,0.32,297.58,1.09,297.58,364286.8,106117031.5643
1753504803074,04:40:03.074,bybit,AAVE/USDT:USDT,297.55,3.81,297.56,0.42,297.58,364286.8,106117031.5643
1753504803374,04:40:03.374,bybit,AAVE/USDT:USDT,297.55,3.81,297.56,0.42,297.58,364286.8,106117031.5643
1753504806174,04:40:06.174,bybit,AAVE/USDT:USDT,297.55,3.72,297.56,0.42,297.58,364286.8,106117031.5643
1753504807374,04:40:07.374,bybit,AAVE/USDT:USDT,297.56,0.04,297.57,0.42,297.58,364286.8,106117031.5643
1753504807474,04:40:07.474,bybit,AAVE/USDT:USDT,297.55,3.72,297.56,0.42,297.58,364286.8,106117031.5643
1753504807574,04:40:07.574,bybit,AAVE/USDT:USDT,297.55,2.99,297.56,0.42,297.58,364286.8,106117031.5643
1753504807674,04:40:07.674,bybit,AAVE/USDT:USDT,297.55,3.67,297.56,0.42,297.58,364286.8,106117031.5643
1753504808474,04:40:08.474,bybit,AAVE/USDT:USDT,297.55,3.67,297.56,0.78,297.58,364286.8,106117031.5643
1753504808674,04:40:08.674,bybit,AAVE/USDT:USDT,297.55,3.67,297.56,0.88,297.58,364286.8,106117031.5643
1753504808874,04:40:08.874,bybit,AAVE/USDT:USDT,297.55,4.23,297.56,0.88,297.58,364286.8,106117031.5643
1753504809074,04:40:09.074,bybit,AAVE/USDT:USDT,297.55,4.23,297.56,0.46,297.58,364286.8,106117031.5643
1753504809674,04:40:09.674,bybit,AAVE/USDT:USDT,297.55,4.32,297.56,0.46,297.58,364286.8,106117031.5643
1753504810675,04:40:10.675,bybit,AAVE/USDT:USDT,297.55,4.3,297.56,0.46,297.58,364286.8,106117031.5643
1753504811074,04:40:11.074,bybit,AAVE/USDT:USDT,297.55,4.29,297.56,0.46,297.58,364286.8,106117031.5643
1753504811474,04:40:11.474,bybit,AAVE/USDT:USDT,297.55,4.29,297.56,0.47,297.58,364286.8,106117031.5643
1753504811674,04:40:11.674,bybit,AAVE/USDT:USDT,297.55,4.3,297.56,0.47,297.58,364286.8,106117031.5643
1753504811775,04:40:11.775,bybit,AAVE/USDT:USDT,297.55,5.29,297.56,0.47,297.58,364286.8,106117031.5643
1753504812274,04:40:12.274,bybit,AAVE/USDT:USDT,297.55,3.96,297.56,0.47,297.55,364287.14,106117132.7313
1753504812374,04:40:12.374,bybit,AAVE/USDT:USDT,297.55,3.96,297.56,0.47,297.55,364287.14,106117132.7313
1753504812674,04:40:12.674,bybit,AAVE/USDT:USDT,297.55,3.96,297.56,0.47,297.55,364287.14,106117132.7313
1753504812875,04:40:12.875,bybit,AAVE/USDT:USDT,297.55,3.92,297.56,0.47,297.55,364287.14,106117132.7313
1753504813075,04:40:13.075,bybit,AAVE/USDT:USDT,297.55,3.92,297.58,0.04,297.58,364288.14,106117430.2993
1753504813174,04:40:13.174,bybit,AAVE/USDT:USDT,297.55,3.83,297.57,0.42,297.58,364288.14,106117430.2993
1753504813574,04:40:13.574,bybit,AAVE/USDT:USDT,297.55,3.83,297.57,0.42,297.58,364288.14,106117430.2993
1753504814474,04:40:14.474,bybit,AAVE/USDT:USDT,297.55,3.83,297.57,0.42,297.58,364288.14,106117430.2993
1753504815074,04:40:15.074,bybit,AAVE/USDT:USDT,297.56,2.55,297.57,0.42,297.58,364288.14,106117430.2993
1753504815274,04:40:15.274,bybit,AAVE/USDT:USDT,297.6,1295.4,297.61,9.32,297.6,364291.78,106118513.538
1753504815374,04:40:15.374,bybit,AAVE/USDT:USDT,297.66,3.0,297.68,28.91,297.67,364392.59,106148518.97
1753504815474,04:40:15.474,bybit,AAVE/USDT:USDT,297.66,3.0,297.67,2.2,297.67,364392.59,106148518.97
1753504815674,04:40:15.674,bybit,AAVE/USDT:USDT,297.66,3.83,297.67,2.2,297.67,364392.59,106148518.97
1753504815774,04:40:15.774,bybit,AAVE/USDT:USDT,297.66,4.39,297.67,2.2,297.67,364392.59,106148518.97
1753504815874,04:40:15.874,bybit,AAVE/USDT:USDT,297.66,6.94,297.67,2.2,297.67,364392.59,106148518.97
1753504816574,04:40:16.574,bybit,AAVE/USDT:USDT,297.66,6.94,297.67,2.2,297.67,364392.59,106148518.97
1753504817174,04:40:17.174,bybit,AAVE/USDT:USDT,297.66,6.94,297.67,2.2,297.67,364392.59,106148518.97
1753504817474,04:40:17.474,bybit,AAVE/USDT:USDT,297.66,6.94,297.67,2.2,297.67,364392.59,106148518.97
1753504817675,04:40:17.675,bybit,AAVE/USDT:USDT,297.66,6.94,297.67,2.64,297.67,364392.59,106148518.97
1753504818774,04:40:18.774,bybit,AAVE/USDT:USDT,297.66,6.89,297.67,2.64,297.67,364392.59,106148518.97
1753504819074,04:40:19.074,bybit,AAVE/USDT:USDT,297.66,6.09,297.67,2.71,297.66,364395.97,106149525.0608
1753504819174,04:40:19.174,bybit,AAVE/USDT:USDT,297.66,6.09,297.67,2.71,297.66,364395.97,106149525.0608
1753504819374,04:40:19.374,bybit,AAVE/USDT:USDT,297.66,6.29,297.67,2.74,297.66,364395.97,106149525.0608
1753504819474,04:40:19.474,bybit,AAVE/USDT:USDT,297.66,6.29,297.67,2.67,297.66,364395.97,106149525.0608
1753504819874,04:40:19.874,bybit,AAVE/USDT:USDT,297.66,6.29,297.67,2.67,297.66,364395.97,106149525.0608
1753504820374,04:40:20.374,bybit,AAVE/USDT:USDT,297.66,6.38,297.67,2.67,297.66,364395.97,106149525.0608
1753504820474,04:40:20.474,bybit,AAVE/USDT:USDT,297.66,6.38,297.67,2.67,297.66,364395.97,106149525.0608
1753504820774,04:40:20.774,bybit,AAVE/USDT:USDT,297.66,6.38,297.67,2.67,297.66,363967.88,106026788.5891
1753504820875,04:40:20.875,bybit,AAVE/USDT:USDT,297.66,6.29,297.67,2.67,297.66,363967.88,106026788.5891
1753504821075,04:40:21.075,bybit,AAVE/USDT:USDT,297.66,7.63,297.67,2.67,297.66,363967.88,106026788.5891
1753504823475,04:40:23.475,bybit,AAVE/USDT:USDT,297.66,7.64,297.67,2.67,297.66,363967.88,106026788.5891
1753504823674,04:40:23.674,bybit,AAVE/USDT:USDT,297.66,4.86,297.67,4.66,297.66,363967.88,106026788.5891
1753504823774,04:40:23.774,bybit,AAVE/USDT:USDT,297.66,4.85,297.67,7.01,297.66,363967.88,106026788.5891
1753504823874,04:40:23.874,bybit,AAVE/USDT:USDT,297.66,4.85,297.67,8.01,297.66,363967.88,106026788.5891
1753504824274,04:40:24.274,bybit,AAVE/USDT:USDT,297.66,4.85,297.67,3.16,297.66,363967.88,106026788.5891
1753504824375,04:40:24.375,bybit,AAVE/USDT:USDT,297.66,4.85,297.67,3.07,297.67,363967.9,106026794.5425
1753504824474,04:40:24.474,bybit,AAVE/USDT:USDT,297.66,4.85,297.67,5.28,297.67,363967.9,106026794.5425
1753504824575,04:40:24.575,bybit,AAVE/USDT:USDT,297.66,4.85,297.67,5.35,297.67,363967.9,106026794.5425
1753504825274,04:40:25.274,bybit,AAVE/USDT:USDT,297.66,4.85,297.67,5.35,297.67,363967.9,106026794.5425
1753504825574,04:40:25.574,bybit,AAVE/USDT:USDT,297.66,4.85,297.67,5.35,297.67,363967.9,106026794.5425
1753504825775,04:40:25.775,bybit,AAVE/USDT:USDT,297.66,4.57,297.67,5.35,297.67,363967.9,106026794.5425
1753504826175,04:40:26.175,bybit,AAVE/USDT:USDT,297.66,4.57,297.67,5.35,297.67,363967.9,106026794.5425
1753504826274,04:40:26.274,bybit,AAVE/USDT:USDT,297.66,4.67,297.67,5.35,297.67,363967.9,106026794.5425
1753504826774,04:40:26.774,bybit,AAVE/USDT:USDT,297.66,4.67,297.67,5.58,297.67,363967.9,106026794.5425
1753504826874,04:40:26.874,bybit,AAVE/USDT:USDT,297.63,0.48,297.65,3.93,297.66,363972.57,106028184.6147
1753504826974,04:40:26.974,bybit,AAVE/USDT:USDT,297.6,1295.46,297.61,0.42,297.61,363974.75,106028833.4117
1753504827074,04:40:27.074,bybit,AAVE/USDT:USDT,297.6,1295.44,297.61,0.42,297.61,363974.75,106028833.4117
1753504827374,04:40:27.374,bybit,AAVE/USDT:USDT,297.6,1295.44,297.61,4.37,297.61,363974.75,106028833.4117
1753504827475,04:40:27.475,bybit,AAVE/USDT:USDT,297.6,1295.44,297.61,11.44,297.61,363974.75,106028833.4117
1753504827574,04:40:27.574,bybit,AAVE/USDT:USDT,297.6,1295.42,297.61,11.44,297.61,363974.75,106028833.4117
1753504827674,04:40:27.674,bybit,AAVE/USDT:USDT,297.6,1295.42,297.61,9.52,297.61,363974.75,106028833.4117
1753504830874,04:40:30.874,bybit,AAVE/USDT:USDT,297.6,1295.42,297.61,3.95,297.61,363974.75,106028833.4117
1753504831274,04:40:31.274,bybit,AAVE/USDT:USDT,297.6,1297.54,297.61,3.95,297.61,363974.75,106028833.4117
1753504831974,04:40:31.974,bybit,AAVE/USDT:USDT,297.6,1295.42,297.61,7.81,297.61,363974.75,106028833.4117
1753504832074,04:40:32.074,bybit,AAVE/USDT:USDT,297.6,1295.42,297.61,4.39,297.61,363974.75,106028833.4117
1753504832274,04:40:32.274,bybit,AAVE/USDT:USDT,297.6,1295.42,297.61,21.13,297.61,363974.75,106028833.4117
1753504832374,04:40:32.374,bybit,AAVE/USDT:USDT,297.6,1295.42,297.61,17.05,297.61,363974.75,106028833.4117
1753504832574,04:40:32.574,bybit,AAVE/USDT:USDT,297.6,1296.33,297.61,0.44,297.61,363974.75,106028833.4117
1753504832674,04:40:32.674,bybit,AAVE/USDT:USDT,297.6,1296.42,297.61,0.44,297.61,363974.75,106028833.4117
1753504832774,04:40:32.774,bybit,AAVE/USDT:USDT,297.6,1296.42,297.61,0.44,297.61,363974.75,106028833.4117
1753504832974,04:40:32.974,bybit,AAVE/USDT:USDT,297.65,3.0,297.66,0.02,297.67,363989.5,106033223.9199
1753504833074,04:40:33.074,bybit,AAVE/USDT:USDT,297.65,3.0,297.66,0.02,297.67,363989.5,106033223.9199
1753504833174,04:40:33.174,bybit,AAVE/USDT:USDT,297.65,4.19,297.66,0.02,297.67,363989.5,106033223.9199
1753504833374,04:40:33.374,bybit,AAVE/USDT:USDT,297.65,4.19,297.66,0.02,297.67,363989.5,106033223.9199
1753504833774,04:40:33.774,bybit,AAVE/USDT:USDT,297.65,4.19,297.66,0.46,297.67,363989.5,106033223.9199
1753504836374,04:40:36.374,bybit,AAVE/USDT:USDT,297.65,1.19,297.66,5.07,297.67,363989.5,106033223.9199
1753504836974,04:40:36.974,bybit,AAVE/USDT:USDT,297.65,1.19,297.66,3.9,297.67,363989.5,106033223.9199
1753504837174,04:40:37.174,bybit,AAVE/USDT:USDT,297.65,1.19,297.66,0.42,297.68,363996.21,106035221.268
1753504837274,04:40:37.274,bybit,AAVE/USDT:USDT,297.65,1.61,297.66,0.42,297.68,363996.21,106035221.268
1753504837474,04:40:37.474,bybit,AAVE/USDT:USDT,297.65,1.19,297.66,2.81,297.68,363996.21,106035221.268
1753504837974,04:40:37.974,bybit,AAVE/USDT:USDT,297.65,1.19,297.66,3.25,297.68,363996.21,106035221.268
1753504838574,04:40:38.574,bybit,AAVE/USDT:USDT,297.6,1295.44,297.61,22.9,297.63,363997.69,106035661.7842
1753504838774,04:40:38.774,bybit,AAVE/USDT:USDT,297.6,1134.0,297.61,29.9,297.6,364159.13,106083706.3282
1753504838875,04:40:38.875,bybit,AAVE/USDT:USDT,297.6,1101.66,297.61,32.76,297.6,364191.47,106093330.7122
1753504838974,04:40:38.974,bybit,AAVE/USDT:USDT,297.6,1101.21,297.61,32.99,297.6,364191.92,106093464.6322
1753504839074,04:40:39.074,bybit,AAVE/USDT:USDT,297.6,1101.21,297.61,32.99,297.6,364191.92,106093464.6322
1753504839174,04:40:39.174,bybit,AAVE/USDT:USDT,297.6,1101.19,297.61,32.99,297.6,364191.92,106093464.6322
1753504839374,04:40:39.374,bybit,AAVE/USDT:USDT,297.6,311.6,297.61,39.99,297.6,364981.51,106328446.6162
1753504839474,04:40:39.474,bybit,AAVE/USDT:USDT,297.47,0.3,297.51,12.05,297.48,365295.37,106421851.2108
1753504839574,04:40:39.574,bybit,AAVE/USDT:USDT,297.46,9.22,297.47,1.37,297.45,365299.56,106423097.5265
1753504839674,04:40:39.674,bybit,AAVE/USDT:USDT,297.46,9.22,297.47,1.37,297.45,365299.56,106423097.5265
1753504839874,04:40:39.874,bybit,AAVE/USDT:USDT,297.46,7.72,297.47,1.37,297.45,365299.56,106423097.5265
1753504839974,04:40:39.974,bybit,AAVE/USDT:USDT,297.46,7.72,297.47,1.37,297.45,365299.56,106423097.5265
1753504840174,04:40:40.174,bybit,AAVE/USDT:USDT,297.46,6.24,297.47,1.37,297.45,365299.56,106423097.5265
1753504840274,04:40:40.274,bybit,AAVE/USDT:USDT,297.46,6.24,297.47,1.37,297.45,365299.56,106423097.5265
1753504840574,04:40:40.574,bybit,AAVE/USDT:USDT,297.46,6.24,297.47,0.61,297.45,365299.56,106423097.5265
1753504840874,04:40:40.874,bybit,AAVE/USDT:USDT,297.46,6.24,297.47,0.61,297.45,365299.56,106423097.5265
1753504841774,04:40:41.774,bybit,AAVE/USDT:USDT,297.51,9.64,297.52,3.42,297.51,365307.25,106425385.2914
1753504841874,04:40:41.874,bybit,AAVE/USDT:USDT,297.54,6.89,297.55,1.79,297.55,365315.84,106427941.0989
1753504841974,04:40:41.974,bybit,AAVE/USDT:USDT,297.54,6.89,297.55,1.79,297.55,365315.84,106427941.0989
1753504842074,04:40:42.074,bybit,AAVE/USDT:USDT,297.54,6.47,297.55,2.21,297.55,365315.84,106427941.0989
1753504842174,04:40:42.174,bybit,AAVE/USDT:USDT,297.54,3.89,297.55,2.21,297.55,365315.84,106427941.0989
1753504842374,04:40:42.374,bybit,AAVE/USDT:USDT,297.54,3.89,297.55,2.21,297.55,365315.84,106427941.0989
1753504842574,04:40:42.574,bybit,AAVE/USDT:USDT,297.54,4.31,297.55,1.79,297.55,365315.84,106427941.0989
1753504842774,04:40:42.774,bybit,AAVE/USDT:USDT,297.54,3.89,297.55,5.23,297.55,365315.84,106427941.0989
1753504842874,04:40:42.874,bybit,AAVE/USDT:USDT,297.53,3.81,297.54,4.54,297.55,365315.84,106427941.0989
1753504842974,04:40:42.974,bybit,AAVE/USDT:USDT,297.53,0.52,297.54,3.02,297.53,365316.96,106428274.3325
1753504843074,04:40:43.074,bybit,AAVE/USDT:USDT,297.52,5.19,297.53,5.69,297.53,365317.48,106428429.0481
1753504843274,04:40:43.274,bybit,AAVE/USDT:USDT,297.52,5.19,297.53,5.69,297.53,365317.48,106428429.0481
1753504843374,04:40:43.374,bybit,AAVE/USDT:USDT,297.52,5.19,297.53,3.11,297.53,365317.48,106428429.0481
1753504843974,04:40:43.974,bybit,AAVE/USDT:USDT,297.52,8.71,297.53,3.11,297.53,365317.48,106428429.0481
1753504844074,04:40:44.074,bybit,AAVE/USDT:USDT,297.58,14.33,297.59,5.21,297.58,365329.82,106432100.9357
1753504844174,04:40:44.174,bybit,AAVE/USDT:USDT,297.58,14.33,297.59,7.38,297.58,365329.82,106432100.9357
1753504844375,04:40:44.375,bybit,AAVE/USDT:USDT,297.58,6.82,297.59,7.38,297.58,365329.82,106432100.9357
1753504844475,04:40:44.475,bybit,AAVE/USDT:USDT,297.58,6.82,297.59,5.21,297.58,365329.82,106432100.9357
1753504845374,04:40:45.374,bybit,AAVE/USDT:USDT,297.58,9.82,297.59,5.21,297.58,365329.82,106432100.9357
1753504845474,04:40:45.474,bybit,AAVE/USDT:USDT,297.58,9.82,297.59,2.58,297.58,365329.82,106432100.9357
1753504845674,04:40:45.674,bybit,AAVE/USDT:USDT,297.58,6.82,297.59,2.58,297.58,365329.82,106432100.9357
1753504845875,04:40:45.875,bybit,AAVE/USDT:USDT,297.58,2.33,297.59,2.58,297.58,365329.82,106432100.9357
1753504847374,04:40:47.374,bybit,AAVE/USDT:USDT,297.58,4.36,297.59,2.58,297.58,365329.82,106432100.9357
1753504847474,04:40:47.474,bybit,AAVE/USDT:USDT,297.59,4.74,297.6,1.16,297.58,365329.82,106432100.9357
1753504847575,04:40:47.575,bybit,AAVE/USDT:USDT,297.59,4.74,297.6,1.58,297.58,365329.82,106432100.9357
1753504847775,04:40:47.775,bybit,AAVE/USDT:USDT,297.59,4.74,297.6,1.58,297.58,365329.82,106432100.9357
1753504848074,04:40:48.074,bybit,AAVE/USDT:USDT,297.59,4.74,297.6,1.16,297.58,365329.82,106432100.9357
1753504848174,04:40:48.174,bybit,AAVE/USDT:USDT,297.59,4.74,297.6,1.56,297.58,365329.82,106432100.9357
1753504848275,04:40:48.275,bybit,AAVE/USDT:USDT,297.59,5.16,297.6,1.56,297.58,365329.82,106432100.9357
1753504848375,04:40:48.375,bybit,AAVE/USDT:USDT,297.59,5.16,297.6,1.56,297.58,365329.82,106432100.9357
1753504848674,04:40:48.674,bybit,AAVE/USDT:USDT,297.59,4.74,297.6,1.56,297.58,365329.82,106432100.9357
1753504848874,04:40:48.874,bybit,AAVE/USDT:USDT,297.62,9.88,297.63,2.66,297.6,365330.74,106432374.7277
1753504848975,04:40:48.975,bybit,AAVE/USDT:USDT,297.62,9.88,297.63,2.66,297.6,365330.74,106432374.7277
1753504849274,04:40:49.274,bybit,AAVE/USDT:USDT,297.62,6.88,297.63,2.66,297.6,365330.74,106432374.7277
1753504849575,04:40:49.575,bybit,AAVE/USDT:USDT,297.62,6.88,297.63,2.66,297.6,365330.74,106432374.7277
1753504849675,04:40:49.675,bybit,AAVE/USDT:USDT,297.62,6.88,297.63,3.1,297.6,365330.74,106432374.7277
1753504849774,04:40:49.774,bybit,AAVE/USDT:USDT,297.62,4.5,297.63,1.08,297.62,365330.77,106432383.6563
1753504849875,04:40:49.875,bybit,AAVE/USDT:USDT,297.62,4.5,297.63,1.08,297.62,365330.77,106432383.6563
1753504850474,04:40:50.474,bybit,AAVE/USDT:USDT,297.62,4.5,297.63,1.08,297.62,365330.77,106432383.6563
1753504850774,04:40:50.774,bybit,AAVE/USDT:USDT,297.62,4.5,297.63,1.08,297.62,365330.77,106432383.6563
1753504850874,04:40:50.874,bybit,AAVE/USDT:USDT,297.62,4.68,297.63,1.08,297.62,365330.77,106432383.6563
1753504851274,04:40:51.274,bybit,AAVE/USDT:USDT,297.62,4.68,297.63,1.18,297.62,365330.77,106432383.6563
1753504851374,04:40:51.374,bybit,AAVE/USDT:USDT,297.62,4.68,297.63,1.18,297.62,365330.77,106432383.6563
1753504851975,04:40:51.975,bybit,AAVE/USDT:USDT,297.62,4.78,297.63,1.18,297.62,365330.77,106432383.6563
1753504852574,04:40:52.574,bybit,AAVE/USDT:USDT,297.62,8.27,297.63,1.18,297.62,365330.77,106432383.6563
1753504852675,04:40:52.675,bybit,AAVE/USDT:USDT,297.62,8.27,297.63,0.57,297.62,365330.77,106432383.6563
1753504852974,04:40:52.974,bybit,AAVE/USDT:USDT,297.64,18.63,297.65,3.03,297.64,365333.93,106433324.193
1753504853074,04:40:53.074,bybit,AAVE/USDT:USDT,297.64,18.63,297.65,3.03,297.64,365333.93,106433324.193
1753504853375,04:40:53.375,bybit,AAVE/USDT:USDT,297.67,13.87,297.68,2.83,297.66,365337.01,106434240.9555
1753504853474,04:40:53.474,bybit,AAVE/USDT:USDT,297.67,13.87,297.68,2.83,297.66,365337.01,106434240.9555
1753504853574,04:40:53.574,bybit,AAVE/USDT:USDT,297.67,13.97,297.68,2.83,297.66,365337.01,106434240.9555
1753504853774,04:40:53.774,bybit,AAVE/USDT:USDT,297.67,13.97,297.68,3.27,297.66,365337.01,106434240.9555
1753504854375,04:40:54.375,bybit,AAVE/USDT:USDT,297.68,19.61,297.69,8.11,297.68,365340.28,106435214.3691
1753504854474,04:40:54.474,bybit,AAVE/USDT:USDT,297.68,19.61,297.69,8.11,297.68,365340.28,106435214.3691
1753504854574,04:40:54.574,bybit,AAVE/USDT:USDT,297.68,17.33,297.69,8.11,297.68,365340.28,106435214.3691
1753504854674,04:40:54.674,bybit,AAVE/USDT:USDT,297.68,17.33,297.69,8.11,297.68,365340.28,106435214.3691
1753504854874,04:40:54.874,bybit,AAVE/USDT:USDT,297.68,17.33,297.69,8.08,297.68,365340.28,106435214.3691
1753504854974,04:40:54.974,bybit,AAVE/USDT:USDT,297.68,17.43,297.69,8.52,297.68,365340.28,106435214.3691
1753504855274,04:40:55.274,bybit,AAVE/USDT:USDT,297.68,17.43,297.69,8.52,297.68,365340.28,106435214.3691
1753504856374,04:40:56.374,bybit,AAVE/USDT:USDT,297.68,14.26,297.69,8.52,297.68,365340.28,106435214.3691
1753504856974,04:40:56.974,bybit,AAVE/USDT:USDT,297.68,14.26,297.69,5.13,297.68,365340.28,106435214.3691
1753504857174,04:40:57.174,bybit,AAVE/USDT:USDT,297.68,12.76,297.69,5.13,297.68,365340.28,106435214.3691
1753504857375,04:40:57.375,bybit,AAVE/USDT:USDT,297.68,12.76,297.69,2.97,297.68,365340.28,106435214.3691
1753504858175,04:40:58.175,bybit,AAVE/USDT:USDT,297.68,9.96,297.69,2.97,297.68,365340.28,106435214.3691
1753504858475,04:40:58.475,bybit,AAVE/USDT:USDT,297.68,9.96,297.69,0.44,297.68,365340.28,106435214.3691
1753504859275,04:40:59.275,bybit,AAVE/USDT:USDT,297.68,9.96,297.69,2.63,297.68,365340.28,106435214.3691
1753504859374,04:40:59.374,bybit,AAVE/USDT:USDT,297.68,9.96,297.69,0.44,297.68,365340.28,106435214.3691
1753504859474,04:40:59.474,bybit,AAVE/USDT:USDT,297.68,9.96,297.69,0.54,297.68,365340.28,106435214.3691
1753504860274,04:41:00.274,bybit,AAVE/USDT:USDT,297.68,2.38,297.69,1.15,297.68,365347.86,106437470.7835
1753504860374,04:41:00.374,bybit,AAVE/USDT:USDT,297.68,2.89,297.69,1.15,297.68,365347.86,106437470.7835
1753504860574,04:41:00.574,bybit,AAVE/USDT:USDT,297.68,4.78,297.69,0.54,297.68,365347.86,106437470.7835
1753504861875,04:41:01.875,bybit,AAVE/USDT:USDT,297.68,4.78,297.69,0.54,297.68,365347.86,106437470.7835
1753504862474,04:41:02.474,bybit,AAVE/USDT:USDT,297.68,4.78,297.69,0.54,297.68,365347.86,106437470.7835
1753504862775,04:41:02.775,bybit,AAVE/USDT:USDT,297.68,4.78,297.69,0.54,297.68,365347.86,106437470.7835
1753504863974,04:41:03.974,bybit,AAVE/USDT:USDT,297.69,26.55,297.72,0.02,297.7,365348.71,106437723.8204
1753504864074,04:41:04.074,bybit,AAVE/USDT:USDT,297.71,11.58,297.72,0.02,297.7,365348.71,106437723.8204
1753504864174,04:41:04.174,bybit,AAVE/USDT:USDT,297.73,18.86,297.74,3.06,297.73,365350.45,106438241.8704
1753504864274,04:41:04.274,bybit,AAVE/USDT:USDT,297.73,16.58,297.74,3.06,297.73,365350.45,106438241.8704
1753504864374,04:41:04.374,bybit,AAVE/USDT:USDT,297.73,16.58,297.74,2.22,297.73,365350.45,106438241.8704
1753504864475,04:41:04.475,bybit,AAVE/USDT:USDT,297.73,16.68,297.74,2.22,297.73,365350.45,106438241.8704
1753504864574,04:41:04.574,bybit,AAVE/USDT:USDT,297.73,16.68,297.74,2.22,297.73,365350.45,106438241.8704
1753504864674,04:41:04.674,bybit,AAVE/USDT:USDT,297.73,16.77,297.74,2.22,297.73,365350.45,106438241.8704
1753504864874,04:41:04.874,bybit,AAVE/USDT:USDT,297.73,16.77,297.74,2.66,297.73,365350.45,106438241.8704
1753504864975,04:41:04.975,bybit,AAVE/USDT:USDT,297.73,15.22,297.74,2.66,297.73,365350.45,106438241.8704
1753504865374,04:41:05.374,bybit,AAVE/USDT:USDT,297.75,3.25,297.76,2.67,297.75,365360.1,106441115.1313
1753504865574,04:41:05.574,bybit,AAVE/USDT:USDT,297.76,16.62,297.77,3.4,297.76,365362.77,106441910.1505
1753504865775,04:41:05.775,bybit,AAVE/USDT:USDT,297.76,16.62,297.77,3.4,297.76,365362.77,106441910.1505
1753504865874,04:41:05.874,bybit,AAVE/USDT:USDT,297.76,16.72,297.77,3.4,297.76,364951.74,106323951.0594
1753504866074,04:41:06.074,bybit,AAVE/USDT:USDT,297.76,19.09,297.77,3.4,297.76,364951.74,106323951.0594
1753504866275,04:41:06.275,bybit,AAVE/USDT:USDT,297.76,16.81,297.77,3.84,297.76,364951.74,106323951.0594
1753504866374,04:41:06.374,bybit,AAVE/USDT:USDT,297.76,16.81,297.77,3.84,297.76,364951.74,106323951.0594
1753504866674,04:41:06.674,bybit,AAVE/USDT:USDT,297.76,13.76,297.77,2.98,297.76,364951.74,106323951.0594
1753504866774,04:41:06.774,bybit,AAVE/USDT:USDT,297.76,13.25,297.77,2.98,297.76,364951.74,106323951.0594
1753504866874,04:41:06.874,bybit,AAVE/USDT:USDT,297.76,11.03,297.77,2.98,297.76,364951.74,106323951.0594
1753504866975,04:41:06.975,bybit,AAVE/USDT:USDT,297.76,8.67,297.77,0.82,297.76,364951.74,106323951.0594
1753504867874,04:41:07.874,bybit,AAVE/USDT:USDT,297.76,8.76,297.77,0.82,297.76,364951.74,106323951.0594
1753504867974,04:41:07.974,bybit,AAVE/USDT:USDT,297.76,5.15,297.77,0.92,297.76,364951.74,106323951.0594
1753504868074,04:41:08.074,bybit,AAVE/USDT:USDT,297.76,5.06,297.77,0.92,297.76,364951.74,106323951.0594
1753504869474,04:41:09.474,bybit,AAVE/USDT:USDT,297.76,5.06,297.77,2.6,297.76,364951.74,106323951.0594
1753504869875,04:41:09.875,bybit,AAVE/USDT:USDT,297.76,2.48,297.77,2.6,297.76,364951.74,106323951.0594
1753504869974,04:41:09.974,bybit,AAVE/USDT:USDT,297.76,2.48,297.77,2.6,297.76,364951.74,106323951.0594
1753504870274,04:41:10.274,bybit,AAVE/USDT:USDT,297.76,2.48,297.77,2.6,297.76,364951.74,106323951.0594
1753504870674,04:41:10.674,bybit,AAVE/USDT:USDT,297.76,4.75,297.77,2.6,297.76,364951.74,106323951.0594
1753504871175,04:41:11.175,bybit,AAVE/USDT:USDT,297.76,4.75,297.77,2.6,297.76,364951.74,106323951.0594
1753504871474,04:41:11.474,bybit,AAVE/USDT:USDT,297.76,4.75,297.77,2.6,297.76,364951.74,106323951.0594
1753504871774,04:41:11.774,bybit,AAVE/USDT:USDT,297.76,4.75,297.77,2.6,297.76,364951.74,106323951.0594
1753504872574,04:41:12.574,bybit,AAVE/USDT:USDT,297.79,2.7,297.81,3.0,297.87,365119.66,106373963.5849
1753504872674,04:41:12.674,bybit,AAVE/USDT:USDT,297.81,0.18,297.82,0.44,297.87,365119.66,106373963.5849
1753504872874,04:41:12.874,bybit,AAVE/USDT:USDT,297.8,7.03,297.82,0.87,297.87,365119.66,106373963.5849
1753504873074,04:41:13.074,bybit,AAVE/USDT:USDT,297.8,0.02,297.81,1.96,297.87,365119.66,106373963.5849
1753504873174,04:41:13.174,bybit,AAVE/USDT:USDT,297.8,0.12,297.81,1.96,297.87,365119.66,106373963.5849
1753504873274,04:41:13.274,bybit,AAVE/USDT:USDT,297.8,0.1,297.81,1.96,297.87,365119.66,106373963.5849
1753504873874,04:41:13.874,bybit,AAVE/USDT:USDT,297.8,0.65,297.81,1.96,297.87,365119.66,106373963.5849
1753504874074,04:41:14.074,bybit,AAVE/USDT:USDT,297.8,0.65,297.81,4.26,297.87,365119.66,106373963.5849
1753504874674,04:41:14.674,bybit,AAVE/USDT:USDT,297.8,0.65,297.81,6.31,297.83,365144.59,106381388.2959
1753504874774,04:41:14.774,bybit,AAVE/USDT:USDT,297.8,0.65,297.81,6.31,297.83,365144.59,106381388.2959
1753504874974,04:41:14.974,bybit,AAVE/USDT:USDT,297.8,0.65,297.81,3.0,297.83,365144.59,106381388.2959
1753504875174,04:41:15.174,bybit,AAVE/USDT:USDT,297.8,0.65,297.81,4.23,297.83,365144.59,106381388.2959
1753504875274,04:41:15.274,bybit,AAVE/USDT:USDT,297.8,0.65,297.81,4.75,297.83,365144.59,106381388.2959
1753504876174,04:41:16.174,bybit,AAVE/USDT:USDT,297.8,0.65,297.81,0.85,297.83,365144.59,106381388.2959
1753504876274,04:41:16.274,bybit,AAVE/USDT:USDT,297.8,11.01,297.81,3.36,297.83,365144.59,106381388.2959
1753504876574,04:41:16.574,bybit,AAVE/USDT:USDT,297.8,11.01,297.81,3.36,297.83,365144.59,106381388.2959
1753504877175,04:41:17.175,bybit,AAVE/USDT:USDT,297.8,11.01,297.81,3.36,297.83,365144.59,106381388.2959
1753504877974,04:41:17.974,bybit,AAVE/USDT:USDT,297.8,8.38,297.81,3.36,297.83,365144.59,106381388.2959
1753504878475,04:41:18.475,bybit,AAVE/USDT:USDT,297.8,8.37,297.81,3.36,297.83,365144.59,106381388.2959
1753504880374,04:41:20.374,bybit,AAVE/USDT:USDT,297.8,8.37,297.81,2.98,297.81,365144.97,106381501.4637
1753504880474,04:41:20.474,bybit,AAVE/USDT:USDT,297.8,8.37,297.81,2.98,297.81,365144.97,106381501.4637
1753504880575,04:41:20.575,bybit,AAVE/USDT:USDT,297.8,8.37,297.81,3.5,297.81,365144.97,106381501.4637
1753504880674,04:41:20.674,bybit,AAVE/USDT:USDT,297.8,8.37,297.81,2.98,297.81,365144.97,106381501.4637
1753504880775,04:41:20.775,bybit,AAVE/USDT:USDT,297.8,8.37,297.81,2.98,297.81,365144.97,106381501.4637
1753504881474,04:41:21.474,bybit,AAVE/USDT:USDT,297.8,4.96,297.81,0.57,297.8,365148.38,106382516.9617
1753504881574,04:41:21.574,bybit,AAVE/USDT:USDT,297.8,4.96,297.81,0.05,297.8,365148.38,106382516.9617
1753504883074,04:41:23.074,bybit,AAVE/USDT:USDT,297.8,4.96,297.81,0.57,297.8,365148.38,106382516.9617
1753504883174,04:41:23.174,bybit,AAVE/USDT:USDT,297.8,4.93,297.81,0.57,297.8,365148.38,106382516.9617
1753504884874,04:41:24.874,bybit,AAVE/USDT:USDT,297.8,4.93,297.81,0.15,297.8,365148.38,106382516.9617
1753504884974,04:41:24.974,bybit,AAVE/USDT:USDT,297.8,4.93,297.81,1.38,297.8,365148.38,106382516.9617
1753504885174,04:41:25.174,bybit,AAVE/USDT:USDT,297.8,2.57,297.81,1.38,297.8,365148.38,106382516.9617
1753504885474,04:41:25.474,bybit,AAVE/USDT:USDT,297.8,2.69,297.81,1.38,297.8,365148.38,106382516.9617
1753504885574,04:41:25.574,bybit,AAVE/USDT:USDT,297.8,4.4,297.81,1.33,297.8,365148.38,106382516.9617
1753504885874,04:41:25.874,bybit,AAVE/USDT:USDT,297.8,2.69,297.81,1.33,297.8,365148.38,106382516.9617
1753504886174,04:41:26.174,bybit,AAVE/USDT:USDT,297.8,4.4,297.81,1.76,297.8,365148.38,106382516.9617
1753504886674,04:41:26.674,bybit,AAVE/USDT:USDT,297.87,1.06,297.89,4.05,297.89,365190.68,106395116.0733
1753504886774,04:41:26.774,bybit,AAVE/USDT:USDT,297.83,0.42,297.84,1.19,297.87,365191.32,106395306.7101
1753504886874,04:41:26.874,bybit,AAVE/USDT:USDT,297.81,0.88,297.82,1.95,297.87,365191.32,106395306.7101
1753504887074,04:41:27.074,bybit,AAVE/USDT:USDT,297.81,0.51,297.82,1.95,297.87,365191.32,106395306.7101
1753504887174,04:41:27.174,bybit,AAVE/USDT:USDT,297.81,0.51,297.82,6.42,297.87,365191.32,106395306.7101
1753504887375,04:41:27.375,bybit,AAVE/USDT:USDT,297.81,0.51,297.82,6.42,297.87,365191.32,106395306.7101
1753504887674,04:41:27.674,bybit,AAVE/USDT:USDT,297.81,0.51,297.82,4.95,297.87,365191.32,106395306.7101
1753504888274,04:41:28.274,bybit,AAVE/USDT:USDT,297.81,0.51,297.82,1.95,297.87,365191.32,106395306.7101
1753504888874,04:41:28.874,bybit,AAVE/USDT:USDT,297.81,0.51,297.82,1.95,297.87,365191.32,106395306.7101
1753504888974,04:41:28.974,bybit,AAVE/USDT:USDT,297.81,0.46,297.82,1.95,297.81,365191.37,106395321.6006
1753504889075,04:41:29.075,bybit,AAVE/USDT:USDT,297.81,0.46,297.82,1.95,297.81,365191.37,106395321.6006
1753504889174,04:41:29.174,bybit,AAVE/USDT:USDT,297.81,5.81,297.82,0.76,297.81,365191.37,106395321.6006
1753504889274,04:41:29.274,bybit,AAVE/USDT:USDT,297.83,0.74,297.85,0.42,297.81,365191.37,106395321.6006
1753504889474,04:41:29.474,bybit,AAVE/USDT:USDT,297.83,0.74,297.84,0.76,297.81,365191.37,106395321.6006
1753504890074,04:41:30.074,bybit,AAVE/USDT:USDT,297.83,1.2,297.84,1.35,297.81,365191.37,106395321.6006
1753504890774,04:41:30.774,bybit,AAVE/USDT:USDT,297.83,7.28,297.84,4.08,297.81,365191.37,106395321.6006
1753504890874,04:41:30.874,bybit,AAVE/USDT:USDT,297.85,0.37,297.86,1.31,297.81,365191.37,106395321.6006
1753504890974,04:41:30.974,bybit,AAVE/USDT:USDT,297.84,2.84,297.86,1.31,297.81,365191.37,106395321.6006
1753504891074,04:41:31.074,bybit,AAVE/USDT:USDT,297.84,2.84,297.85,0.76,297.81,365191.37,106395321.6006
1753504891274,04:41:31.274,bybit,AAVE/USDT:USDT,297.84,2.84,297.85,0.76,297.81,365191.37,106395321.6006
1753504891574,04:41:31.574,bybit,AAVE/USDT:USDT,297.84,3.3,297.85,0.76,297.81,365191.37,106395321.6006
1753504891875,04:41:31.875,bybit,AAVE/USDT:USDT,297.84,3.12,297.85,0.76,297.81,365191.37,106395321.6006
1753504891975,04:41:31.975,bybit,AAVE/USDT:USDT,297.84,3.04,297.85,0.76,297.81,365191.37,106395321.6006
1753504892774,04:41:32.774,bybit,AAVE/USDT:USDT,297.84,3.04,297.85,0.76,297.81,365191.37,106395321.6006
1753504892974,04:41:32.974,bybit,AAVE/USDT:USDT,297.84,2.58,297.85,0.76,297.81,365191.37,106395321.6006
1753504893074,04:41:33.074,bybit,AAVE/USDT:USDT,297.85,0.42,297.86,1.31,297.81,365191.37,106395321.6006
1753504893174,04:41:33.174,bybit,AAVE/USDT:USDT,297.85,2.4,297.86,0.55,297.81,365191.37,106395321.6006
1753504893274,04:41:33.274,bybit,AAVE/USDT:USDT,297.85,4.61,297.86,0.55,297.81,365191.37,106395321.6006
1753504893674,04:41:33.674,bybit,AAVE/USDT:USDT,297.88,2.57,297.89,2.29,297.89,365203.75,106399009.3237
1753504893774,04:41:33.774,bybit,AAVE/USDT:USDT,297.89,0.98,297.9,12.34,297.89,365203.75,106399009.3237
1753504893978,04:41:33.978,bybit,AAVE/USDT:USDT,297.89,0.98,297.9,4.17,297.89,365203.75,106399009.3237
1753504894175,04:41:34.175,bybit,AAVE/USDT:USDT,297.89,2.95,297.9,4.17,297.89,365203.75,106399009.3237
1753504894274,04:41:34.274,bybit,AAVE/USDT:USDT,297.89,2.95,297.9,4.15,297.89,365203.75,106399009.3237
1753504894574,04:41:34.574,bybit,AAVE/USDT:USDT,297.89,3.43,297.9,4.15,297.89,365203.75,106399009.3237
1753504894775,04:41:34.775,bybit,AAVE/USDT:USDT,297.89,0.48,297.9,4.15,297.89,365203.75,106399009.3237
1753504895374,04:41:35.374,bybit,AAVE/USDT:USDT,297.89,0.48,297.9,2.18,297.89,365203.75,106399009.3237
1753504895875,04:41:35.875,bybit,AAVE/USDT:USDT,297.89,0.48,297.9,1.99,297.89,365203.75,106399009.3237
1753504896174,04:41:36.174,bybit,AAVE/USDT:USDT,297.89,0.48,297.9,0.47,297.89,365203.75,106399009.3237
1753504896274,04:41:36.274,bybit,AAVE/USDT:USDT,297.89,0.48,297.9,1.23,297.89,365203.75,106399009.3237
1753504898574,04:41:38.574,bybit,AAVE/USDT:USDT,297.89,4.98,297.9,0.05,297.89,365203.75,106399009.3237
1753504899175,04:41:39.175,bybit,AAVE/USDT:USDT,297.9,15.17,297.91,2.35,297.9,365203.8,106399024.2187
1753504899274,04:41:39.274,bybit,AAVE/USDT:USDT,297.9,15.17,297.91,0.04,297.9,365203.8,106399024.2187
1753504899574,04:41:39.574,bybit,AAVE/USDT:USDT,297.9,15.27,297.91,0.04,297.9,365203.8,106399024.2187
1753504899674,04:41:39.674,bybit,AAVE/USDT:USDT,297.9,15.27,297.91,0.04,297.9,365203.8,106399024.2187
1753504899774,04:41:39.774,bybit,AAVE/USDT:USDT,297.9,15.75,297.91,0.04,297.9,365203.8,106399024.2187
1753504900575,04:41:40.575,bybit,AAVE/USDT:USDT,297.9,15.75,297.91,0.04,297.9,365203.8,106399024.2187
1753504900774,04:41:40.774,bybit,AAVE/USDT:USDT,297.95,12.63,297.96,12.67,297.95,365208.19,106400332.2057
1753504900874,04:41:40.874,bybit,AAVE/USDT:USDT,297.95,5.57,297.96,12.67,297.95,365208.19,106400332.2057
1753504901175,04:41:41.175,bybit,AAVE/USDT:USDT,297.95,5.67,297.96,12.67,297.95,365208.19,106400332.2057
1753504901275,04:41:41.275,bybit,AAVE/USDT:USDT,297.95,6.15,297.96,12.67,297.95,365208.19,106400332.2057
1753504901474,04:41:41.474,bybit,AAVE/USDT:USDT,297.95,6.15,297.96,8.72,297.95,365208.19,106400332.2057
1753504901774,04:41:41.774,bybit,AAVE/USDT:USDT,297.95,7.65,297.96,0.55,297.95,365208.19,106400332.2057
1753504901874,04:41:41.874,bybit,AAVE/USDT:USDT,297.95,6.15,297.96,2.92,297.95,365208.19,106400332.2057
1753504904674,04:41:44.674,bybit,AAVE/USDT:USDT,297.95,3.57,297.96,0.55,297.95,365208.19,106400332.2057
1753504904774,04:41:44.774,bybit,AAVE/USDT:USDT,297.95,3.57,297.96,1.31,297.95,365208.19,106400332.2057
1753504905374,04:41:45.374,bybit,AAVE/USDT:USDT,297.95,3.57,297.96,1.31,297.95,365208.19,106400332.2057
1753504905674,04:41:45.674,bybit,AAVE/USDT:USDT,297.95,5.05,297.96,1.76,297.95,365208.19,106400332.2057
1753504906274,04:41:46.274,bybit,AAVE/USDT:USDT,297.96,10.79,297.97,3.56,297.97,365211.51,106401321.4485
1753504906374,04:41:46.374,bybit,AAVE/USDT:USDT,297.96,5.63,297.97,3.56,297.97,365211.51,106401321.4485
1753504906475,04:41:46.475,bybit,AAVE/USDT:USDT,297.96,6.1,297.97,3.56,297.97,365211.51,106401321.4485
1753504906574,04:41:46.574,bybit,AAVE/USDT:USDT,297.96,4.35,297.97,0.79,297.97,365211.51,106401321.4485
1753504906774,04:41:46.774,bybit,AAVE/USDT:USDT,297.96,3.75,297.97,0.79,297.97,365211.51,106401321.4485
1753504907274,04:41:47.274,bybit,AAVE/USDT:USDT,297.96,0.47,297.97,4.25,297.97,365211.51,106401321.4485
1753504907374,04:41:47.374,bybit,AAVE/USDT:USDT,297.96,0.47,297.97,3.49,297.97,365211.51,106401321.4485
1753504907575,04:41:47.575,bybit,AAVE/USDT:USDT,297.96,0.47,297.97,2.7,297.97,365211.51,106401321.4485
1753504908074,04:41:48.074,bybit,AAVE/USDT:USDT,297.96,0.47,297.97,1.18,297.97,365211.51,106401321.4485
1753504908174,04:41:48.174,bybit,AAVE/USDT:USDT,297.96,1.64,297.97,1.18,297.97,365211.51,106401321.4485
1753504908274,04:41:48.274,bybit,AAVE/USDT:USDT,297.96,2.76,297.97,0.76,297.97,365211.51,106401321.4485
1753504910474,04:41:50.474,bybit,AAVE/USDT:USDT,297.96,2.76,297.97,2.0,297.97,365211.6,106401348.2658
1753504910575,04:41:50.575,bybit,AAVE/USDT:USDT,297.96,3.25,297.97,2.0,297.97,365211.6,106401348.2658
1753504910774,04:41:50.774,bybit,AAVE/USDT:USDT,297.96,3.25,297.97,2.0,297.97,365211.6,106401348.2658
1753504910874,04:41:50.874,bybit,AAVE/USDT:USDT,297.96,3.25,297.97,2.0,297.97,365223.83,106404989.7286
1753504911575,04:41:51.575,bybit,AAVE/USDT:USDT,297.96,2.76,297.97,2.0,297.97,365223.83,106404989.7286
1753504913074,04:41:53.074,bybit,AAVE/USDT:USDT,297.96,0.47,297.97,2.05,297.97,365223.83,106404989.7286
1753504913175,04:41:53.175,bybit,AAVE/USDT:USDT,297.96,0.47,297.97,3.57,297.97,365223.83,106404989.7286
1753504915374,04:41:55.374,bybit,AAVE/USDT:USDT,297.95,1.76,297.97,2.0,297.97,365223.83,106404989.7286
1753504915474,04:41:55.474,bybit,AAVE/USDT:USDT,297.96,0.42,297.97,2.0,297.97,365223.83,106404989.7286
1753504915575,04:41:55.575,bybit,AAVE/USDT:USDT,297.96,0.42,297.97,2.0,297.97,365223.83,106404989.7286
1753504916174,04:41:56.174,bybit,AAVE/USDT:USDT,297.96,0.81,297.97,2.0,297.97,365223.83,106404989.7286
1753504916674,04:41:56.674,bybit,AAVE/USDT:USDT,297.96,0.39,297.97,3.52,297.97,365223.83,106404989.7286
1753504917374,04:41:57.374,bybit,AAVE/USDT:USDT,297.96,0.39,297.97,2.0,297.97,365223.83,106404989.7286
1753504917574,04:41:57.574,bybit,AAVE/USDT:USDT,297.96,0.55,297.97,2.0,297.97,365223.83,106404989.7286
1753504917674,04:41:57.674,bybit,AAVE/USDT:USDT,297.96,0.55,297.97,2.0,297.97,365223.83,106404989.7286
1753504917974,04:41:57.974,bybit,AAVE/USDT:USDT,297.96,2.67,297.97,2.0,297.97,365223.83,106404989.7286
1753504918274,04:41:58.274,bybit,AAVE/USDT:USDT,297.96,4.52,297.97,2.0,297.97,365223.83,106404989.7286
1753504918374,04:41:58.374,bybit,AAVE/USDT:USDT,297.96,4.13,297.97,2.0,297.97,365223.83,106404989.7286
1753504918474,04:41:58.474,bybit,AAVE/USDT:USDT,297.96,4.51,297.97,2.0,297.97,365223.83,106404989.7286
1753504918574,04:41:58.574,bybit,AAVE/USDT:USDT,297.96,4.51,297.97,2.0,297.97,365223.83,106404989.7286
1753504918874,04:41:58.874,bybit,AAVE/USDT:USDT,297.96,4.51,297.97,2.0,297.97,365223.83,106404989.7286
1753504919474,04:41:59.474,bybit,AAVE/USDT:USDT,297.96,4.51,297.97,2.0,297.97,365223.83,106404989.7286
1753504919574,04:41:59.574,bybit,AAVE/USDT:USDT,297.96,4.51,297.97,0.88,297.97,365223.83,106404989.7286
1753504919675,04:41:59.675,bybit,AAVE/USDT:USDT,297.96,4.51,297.97,1.32,297.97,365223.83,106404989.7286
1753504920274,04:42:00.274,bybit,AAVE/USDT:USDT,297.96,4.51,297.97,1.76,297.97,365223.83,106404989.7286
1753504921174,04:42:01.174,bybit,AAVE/USDT:USDT,297.96,7.52,297.97,2.19,297.97,365225.59,106405514.1558
1753504921274,04:42:01.274,bybit,AAVE/USDT:USDT,297.98,7.34,297.99,8.21,297.97,365231.44,106407257.3126
1753504921374,04:42:01.374,bybit,AAVE/USDT:USDT,297.98,7.34,297.99,8.48,297.97,365231.44,106407257.3126
1753504921475,04:42:01.475,bybit,AAVE/USDT:USDT,297.98,7.72,297.99,8.21,297.97,365231.44,106407257.3126
1753504921574,04:42:01.574,bybit,AAVE/USDT:USDT,297.98,7.72,297.99,8.42,297.97,365231.44,106407257.3126
1753504921874,04:42:01.874,bybit,AAVE/USDT:USDT,297.98,7.72,297.99,8.85,297.97,365231.44,106407257.3126
1753504922374,04:42:02.374,bybit,AAVE/USDT:USDT,298.01,3.0,298.02,2.06,298.02,365243.28,106410785.5909
1753504922475,04:42:02.475,bybit,AAVE/USDT:USDT,298.01,3.0,298.02,4.59,298.02,365243.28,106410785.5909
1753504922574,04:42:02.574,bybit,AAVE/USDT:USDT,298.01,7.39,298.02,4.39,298.02,365243.28,106410785.5909
1753504922674,04:42:02.674,bybit,AAVE/USDT:USDT,298.01,7.39,298.02,3.93,298.02,365243.28,106410785.5909
1753504922774,04:42:02.774,bybit,AAVE/USDT:USDT,298.01,7.39,298.02,3.93,298.02,365243.28,106410785.5909
1753504922975,04:42:02.975,bybit,AAVE/USDT:USDT,298.01,7.77,298.02,3.93,298.02,365243.28,106410785.5909
1753504923374,04:42:03.374,bybit,AAVE/USDT:USDT,298.01,7.77,298.02,3.93,298.02,365243.28,106410785.5909
1753504923574,04:42:03.574,bybit,AAVE/USDT:USDT,298.01,7.77,298.02,3.63,298.02,365243.28,106410785.5909
1753504923874,04:42:03.874,bybit,AAVE/USDT:USDT,298.01,0.38,298.02,1.58,298.02,365243.28,106410785.5909
1753504924174,04:42:04.174,bybit,AAVE/USDT:USDT,298.01,2.57,298.02,1.58,298.02,365243.28,106410785.5909
1753504924274,04:42:04.274,bybit,AAVE/USDT:USDT,298.01,2.57,298.02,0.89,298.02,365243.28,106410785.5909
1753504924474,04:42:04.474,bybit,AAVE/USDT:USDT,298.02,4.35,298.03,6.56,298.03,365245.79,106411533.6373
1753504924574,04:42:04.574,bybit,AAVE/USDT:USDT,298.02,3.93,298.03,7.33,298.03,365245.79,106411533.6373
1753504924674,04:42:04.674,bybit,AAVE/USDT:USDT,298.04,9.2,298.05,1.95,298.04,365264.34,106417062.206
1753504924774,04:42:04.774,bybit,AAVE/USDT:USDT,298.04,5.88,298.05,4.38,298.04,365264.34,106417062.206
1753504924874,04:42:04.874,bybit,AAVE/USDT:USDT,298.04,5.88,298.05,5.6,298.04,365264.34,106417062.206
1753504925074,04:42:05.074,bybit,AAVE/USDT:USDT,298.04,5.88,298.05,6.21,298.04,365264.34,106417062.206
1753504925174,04:42:05.174,bybit,AAVE/USDT:USDT,298.04,10.04,298.05,2.61,298.04,365264.34,106417062.206
1753504925274,04:42:05.274,bybit,AAVE/USDT:USDT,298.04,10.04,298.05,2.55,298.04,365264.34,106417062.206
1753504925374,04:42:05.374,bybit,AAVE/USDT:USDT,298.04,10.04,298.05,0.55,298.05,365266.34,106417658.306
1753504925474,04:42:05.474,bybit,AAVE/USDT:USDT,298.07,5.76,298.08,9.37,298.06,365266.94,106417837.1365
1753504925574,04:42:05.574,bybit,AAVE/USDT:USDT,298.07,5.76,298.08,9.37,298.06,365266.94,106417837.1365
1753504925674,04:42:05.674,bybit,AAVE/USDT:USDT,298.07,5.76,298.08,9.8,298.06,365266.94,106417837.1365
1753504925774,04:42:05.774,bybit,AAVE/USDT:USDT,298.07,5.81,298.08,9.8,298.06,365266.94,106417837.1365
1753504925974,04:42:05.974,bybit,AAVE/USDT:USDT,298.07,6.19,298.08,9.8,298.06,365266.94,106417837.1365
1753504926074,04:42:06.074,bybit,AAVE/USDT:USDT,298.0,8.45,298.01,1.78,298.0,365301.82,106428233.0798
1753504926174,04:42:06.174,bybit,AAVE/USDT:USDT,298.0,6.7,298.01,8.24,298.0,365303.55,106428748.6198
1753504926274,04:42:06.274,bybit,AAVE/USDT:USDT,298.0,6.7,298.01,6.59,298.0,365303.55,106428748.6198
1753504926375,04:42:06.375,bybit,AAVE/USDT:USDT,298.0,8.96,298.01,5.14,298.0,365303.55,106428748.6198
1753504926474,04:42:06.474,bybit,AAVE/USDT:USDT,298.0,8.96,298.01,1.19,298.0,365303.55,106428748.6198
1753504926574,04:42:06.574,bybit,AAVE/USDT:USDT,298.04,0.45,298.05,3.27,298.01,365304.74,106429103.2517
1753504926674,04:42:06.674,bybit,AAVE/USDT:USDT,298.04,10.16,298.05,0.58,298.01,365304.74,106429103.2517
1753504927174,04:42:07.174,bybit,AAVE/USDT:USDT,298.04,7.88,298.05,0.58,298.01,365304.74,106429103.2517
1753504927274,04:42:07.274,bybit,AAVE/USDT:USDT,298.04,7.88,298.05,0.58,298.01,365304.74,106429103.2517
1753504927374,04:42:07.374,bybit,AAVE/USDT:USDT,298.04,7.88,298.05,1.01,298.01,365304.74,106429103.2517
1753504927474,04:42:07.474,bybit,AAVE/USDT:USDT,298.04,7.88,298.05,1.11,298.01,365304.74,106429103.2517
1753504928374,04:42:08.374,bybit,AAVE/USDT:USDT,298.04,3.38,298.05,1.11,298.01,365304.74,106429103.2517
1753504928574,04:42:08.574,bybit,AAVE/USDT:USDT,298.03,1.06,298.04,1.74,298.01,365304.74,106429103.2517
1753504928675,04:42:08.675,bybit,AAVE/USDT:USDT,298.03,0.1,298.04,1.74,298.01,365304.74,106429103.2517
1753504928774,04:42:08.774,bybit,AAVE/USDT:USDT,298.03,0.6,298.04,1.32,298.01,365304.74,106429103.2517
1753504928974,04:42:08.974,bybit,AAVE/USDT:USDT,298.03,0.6,298.04,1.42,298.01,365304.74,106429103.2517
1753504929674,04:42:09.674,bybit,AAVE/USDT:USDT,298.03,0.1,298.04,1.42,298.01,365304.74,106429103.2517
1753504930174,04:42:10.174,bybit,AAVE/USDT:USDT,298.03,0.22,298.04,1.42,298.01,365304.74,106429103.2517
1753504930574,04:42:10.574,bybit,AAVE/USDT:USDT,298.03,0.22,298.04,1.42,298.01,365304.74,106429103.2517
1753504930674,04:42:10.674,bybit,AAVE/USDT:USDT,298.03,0.1,298.04,1.42,298.01,365304.74,106429103.2517
1753504931475,04:42:11.475,bybit,AAVE/USDT:USDT,298.03,0.1,298.04,1.84,298.01,365304.74,106429103.2517
1753504931774,04:42:11.774,bybit,AAVE/USDT:USDT,298.03,0.1,298.04,1.84,298.01,365304.74,106429103.2517
1753504932274,04:42:12.274,bybit,AAVE/USDT:USDT,298.06,10.94,298.08,1.28,298.06,365306.83,106429726.1629
1753504932375,04:42:12.375,bybit,AAVE/USDT:USDT,298.06,11.04,298.07,2.77,298.06,365306.83,106429726.1629
1753504932474,04:42:12.474,bybit,AAVE/USDT:USDT,298.06,11.04,298.08,0.28,298.06,365306.83,106429726.1629
1753504932574,04:42:12.574,bybit,AAVE/USDT:USDT,298.07,1.95,298.08,0.71,298.06,365306.83,106429726.1629
1753504932674,04:42:12.674,bybit,AAVE/USDT:USDT,298.07,3.72,298.08,0.71,298.06,365306.83,106429726.1629
1753504933074,04:42:13.074,bybit,AAVE/USDT:USDT,298.07,3.82,298.08,0.71,298.06,365306.83,106429726.1629
1753504933274,04:42:13.274,bybit,AAVE/USDT:USDT,298.07,4.58,298.08,0.71,298.06,365306.83,106429726.1629
1753504933575,04:42:13.575,bybit,AAVE/USDT:USDT,298.07,4.58,298.08,0.71,298.06,365306.83,106429726.1629
1753504933874,04:42:13.874,bybit,AAVE/USDT:USDT,298.07,3.17,298.08,1.13,298.06,365306.83,106429726.1629
1753504933974,04:42:13.974,bybit,AAVE/USDT:USDT,298.07,3.17,298.08,0.71,298.06,365306.83,106429726.1629
1753504934174,04:42:14.174,bybit,AAVE/USDT:USDT,298.07,0.1,298.08,2.96,298.06,365306.83,106429726.1629
1753504934374,04:42:14.374,bybit,AAVE/USDT:USDT,298.07,0.1,298.08,3.83,298.06,365306.83,106429726.1629
1753504934674,04:42:14.674,bybit,AAVE/USDT:USDT,298.03,5.62,298.05,1.17,298.07,365306.93,106429755.9699
1753504934774,04:42:14.774,bybit,AAVE/USDT:USDT,298.03,5.1,298.04,1.18,298.07,365306.93,106429755.9699
1753504935174,04:42:15.174,bybit,AAVE/USDT:USDT,298.02,6.58,298.04,1.18,298.07,365306.93,106429755.9699
1753504935274,04:42:15.274,bybit,AAVE/USDT:USDT,298.02,6.32,298.03,1.18,298.07,365306.93,106429755.9699
1753504935374,04:42:15.374,bybit,AAVE/USDT:USDT,298.02,6.32,298.03,0.43,298.07,365306.93,106429755.9699
1753504935574,04:42:15.574,bybit,AAVE/USDT:USDT,298.02,6.32,298.03,0.53,298.07,365306.93,106429755.9699
1753504935974,04:42:15.974,bybit,AAVE/USDT:USDT,298.05,4.23,298.06,1.08,298.03,365307.46,106429913.9258
1753504936074,04:42:16.074,bybit,AAVE/USDT:USDT,298.05,3.81,298.07,0.85,298.03,365307.46,106429913.9258
1753504936174,04:42:16.174,bybit,AAVE/USDT:USDT,298.06,9.94,298.07,0.43,298.03,365307.46,106429913.9258
1753504936274,04:42:16.274,bybit,AAVE/USDT:USDT,298.06,9.94,298.07,0.43,298.03,365307.46,106429913.9258
1753504936474,04:42:16.474,bybit,AAVE/USDT:USDT,298.07,6.28,298.08,0.43,298.07,365307.89,106430042.0959
1753504936574,04:42:16.574,bybit,AAVE/USDT:USDT,298.07,6.28,298.08,0.28,298.07,365307.89,106430042.0959
1753504936974,04:42:16.974,bybit,AAVE/USDT:USDT,298.07,6.28,298.08,0.71,298.07,365307.89,106430042.0959
1753504937874,04:42:17.874,bybit,AAVE/USDT:USDT,298.07,5.71,298.08,0.71,298.07,365307.89,106430042.0959
1753504938574,04:42:18.574,bybit,AAVE/USDT:USDT,298.07,5.71,298.08,0.68,298.07,365307.89,106430042.0959
1753504938774,04:42:18.774,bybit,AAVE/USDT:USDT,298.07,3.05,298.08,0.68,298.07,365307.89,106430042.0959
1753504939075,04:42:19.075,bybit,AAVE/USDT:USDT,298.07,2.56,298.08,0.68,298.07,365307.89,106430042.0959
1753504939874,04:42:19.874,bybit,AAVE/USDT:USDT,298.07,4.5,298.08,0.68,298.07,365307.89,106430042.0959
1753504940274,04:42:20.274,bybit,AAVE/USDT:USDT,298.12,3.57,298.13,0.02,298.12,365321.49,106434096.4494
1753504940374,04:42:20.374,bybit,AAVE/USDT:USDT,298.07,5.62,298.08,1.78,298.1,365321.51,106434102.4114
1753504940574,04:42:20.574,bybit,AAVE/USDT:USDT,298.04,0.41,298.05,2.38,298.07,365322.58,106434421.3463
1753504940775,04:42:20.775,bybit,AAVE/USDT:USDT,298.04,0.41,298.05,2.38,298.07,365322.58,106434421.3463
1753504941074,04:42:21.074,bybit,AAVE/USDT:USDT,298.04,0.41,298.05,2.38,298.07,365322.58,106434421.3463
1753504941374,04:42:21.374,bybit,AAVE/USDT:USDT,298.04,0.41,298.05,2.38,298.07,365322.58,106434421.3463
1753504941475,04:42:21.475,bybit,AAVE/USDT:USDT,298.04,2.65,298.05,0.43,298.07,365322.58,106434421.3463
1753504941774,04:42:21.774,bybit,AAVE/USDT:USDT,298.04,2.65,298.05,2.08,298.07,365322.58,106434421.3463
1753504942174,04:42:22.174,bybit,AAVE/USDT:USDT,298.08,0.03,298.09,1.92,298.11,365334.58,106437998.4025
1753504942274,04:42:22.274,bybit,AAVE/USDT:USDT,298.08,0.1,298.09,2.35,298.11,365334.58,106437998.4025
1753504942774,04:42:22.774,bybit,AAVE/USDT:USDT,298.08,0.1,298.09,3.34,298.11,365334.58,106437998.4025
1753504943074,04:42:23.074,bybit,AAVE/USDT:USDT,298.08,1.36,298.09,0.69,298.11,365334.58,106437998.4025
1753504943175,04:42:23.175,bybit,AAVE/USDT:USDT,298.08,1.36,298.09,0.69,298.11,365334.58,106437998.4025
1753504943274,04:42:23.274,bybit,AAVE/USDT:USDT,298.08,1.36,298.09,1.45,298.11,365334.58,106437998.4025
1753504944674,04:42:24.674,bybit,AAVE/USDT:USDT,298.09,3.0,298.1,0.02,298.09,365336.03,106438430.633
1753504944774,04:42:24.774,bybit,AAVE/USDT:USDT,298.09,3.0,298.1,0.02,298.09,365336.03,106438430.633
1753504944974,04:42:24.974,bybit,AAVE/USDT:USDT,298.09,0.42,298.1,0.02,298.09,365336.03,106438430.633
1753504945074,04:42:25.074,bybit,AAVE/USDT:USDT,298.08,1.36,298.1,0.87,298.09,365336.03,106438430.633
1753504945174,04:42:25.174,bybit,AAVE/USDT:USDT,298.08,0.52,298.1,0.87,298.09,365336.03,106438430.633
1753504945474,04:42:25.474,bybit,AAVE/USDT:USDT,298.08,0.52,298.1,0.85,298.09,365336.03,106438430.633
1753504945675,04:42:25.675,bybit,AAVE/USDT:USDT,298.08,0.52,298.09,0.48,298.09,365336.03,106438430.633
1753504946075,04:42:26.075,bybit,AAVE/USDT:USDT,298.08,0.1,298.09,0.48,298.09,365336.03,106438430.633
1753504946174,04:42:26.174,bybit,AAVE/USDT:USDT,298.08,0.1,298.09,1.98,298.09,365336.03,106438430.633
1753504946274,04:42:26.274,bybit,AAVE/USDT:USDT,298.08,0.23,298.09,1.98,298.09,365336.03,106438430.633
1753504947674,04:42:27.674,bybit,AAVE/USDT:USDT,298.08,0.23,298.09,0.48,298.09,365336.03,106438430.633
1753504948174,04:42:28.174,bybit,AAVE/USDT:USDT,298.08,0.23,298.09,1.98,298.09,365336.03,106438430.633
1753504948575,04:42:28.575,bybit,AAVE/USDT:USDT,298.08,0.23,298.09,1.98,298.09,365336.03,106438430.633
1753504948974,04:42:28.974,bybit,AAVE/USDT:USDT,298.04,0.06,298.05,1.78,298.08,365336.26,106438499.1914
1753504949074,04:42:29.074,bybit,AAVE/USDT:USDT,298.04,0.02,298.05,3.71,298.08,365336.26,106438499.1914
1753504949474,04:42:29.474,bybit,AAVE/USDT:USDT,298.04,0.02,298.05,3.71,298.08,365336.26,106438499.1914
1753504951474,04:42:31.474,bybit,AAVE/USDT:USDT,298.04,0.02,298.05,0.85,298.08,365336.26,106438499.1914
1753504951575,04:42:31.575,bybit,AAVE/USDT:USDT,298.04,0.02,298.05,1.61,298.08,365336.26,106438499.1914
1753504951775,04:42:31.775,bybit,AAVE/USDT:USDT,298.04,0.32,298.05,3.11,298.08,365336.26,106438499.1914
1753504952775,04:42:32.775,bybit,AAVE/USDT:USDT,298.04,0.32,298.05,3.11,298.08,365336.26,106438499.1914
1753504952974,04:42:32.974,bybit,AAVE/USDT:USDT,298.04,0.32,298.05,1.61,298.08,365336.26,106438499.1914
1753504955674,04:42:35.674,bybit,AAVE/USDT:USDT,298.02,1.2,298.04,0.42,298.02,365337.64,106438910.4958
1753504955774,04:42:35.774,bybit,AAVE/USDT:USDT,298.02,1.2,298.04,0.42,298.02,365337.64,106438910.4958
1753504955874,04:42:35.874,bybit,AAVE/USDT:USDT,298.03,0.42,298.05,0.61,298.02,365107.68,106373031.9609
1753504956874,04:42:36.874,bybit,AAVE/USDT:USDT,298.03,0.52,298.05,0.61,298.02,365107.68,106373031.9609
1753504957574,04:42:37.574,bybit,AAVE/USDT:USDT,298.03,0.1,298.04,3.03,298.02,365107.68,106373031.9609
1753504957674,04:42:37.674,bybit,AAVE/USDT:USDT,298.0,0.06,298.01,6.12,298.01,365107.87,106373088.585
1753504957774,04:42:37.774,bybit,AAVE/USDT:USDT,298.0,0.04,298.01,6.12,298.01,365107.87,106373088.585
1753504957874,04:42:37.874,bybit,AAVE/USDT:USDT,298.0,0.04,298.01,6.12,298.01,365107.87,106373088.585
1753504958175,04:42:38.175,bybit,AAVE/USDT:USDT,298.0,0.04,298.01,6.12,298.01,365107.87,106373088.585
1753504959374,04:42:39.374,bybit,AAVE/USDT:USDT,298.0,0.12,298.01,6.12,298.01,365107.87,106373088.585
1753504960474,04:42:40.474,bybit,AAVE/USDT:USDT,297.98,0.02,297.99,0.42,298.0,365107.99,106373124.345
1753504960574,04:42:40.574,bybit,AAVE/USDT:USDT,297.98,0.02,297.99,0.42,298.0,365107.99,106373124.345
1753504961774,04:42:41.774,bybit,AAVE/USDT:USDT,297.98,0.02,297.99,0.42,298.0,365107.99,106373124.345
1753504963774,04:42:43.774,bybit,AAVE/USDT:USDT,297.98,2.3,297.99,0.42,298.0,365107.99,106373124.345
1753504963975,04:42:43.975,bybit,AAVE/USDT:USDT,297.99,1.85,298.0,0.04,298.0,365107.99,106373124.345
1753504964074,04:42:44.074,bybit,AAVE/USDT:USDT,297.98,0.44,297.99,0.93,298.0,365107.99,106373124.345
1753504964174,04:42:44.174,bybit,AAVE/USDT:USDT,297.98,0.02,297.99,0.93,298.0,365107.99,106373124.345
1753504964874,04:42:44.874,bybit,AAVE/USDT:USDT,297.98,0.13,297.99,0.93,298.0,365107.99,106373124.345
1753504965174,04:42:45.174,bybit,AAVE/USDT:USDT,297.98,0.79,297.99,0.76,298.0,365107.99,106373124.345
1753504965374,04:42:45.374,bybit,AAVE/USDT:USDT,297.99,7.12,298.0,0.04,298.0,365107.99,106373124.345
1753504965474,04:42:45.474,bybit,AAVE/USDT:USDT,297.99,10.4,298.0,0.04,298.0,365107.99,106373124.345
1753504965574,04:42:45.574,bybit,AAVE/USDT:USDT,297.99,10.4,298.0,0.02,298.0,365107.99,106373124.345
1753504965675,04:42:45.675,bybit,AAVE/USDT:USDT,297.99,8.12,298.0,0.02,298.0,365107.99,106373124.345
1753504965774,04:42:45.774,bybit,AAVE/USDT:USDT,297.99,7.12,298.0,0.02,298.0,365107.99,106373124.345
1753504965874,04:42:45.874,bybit,AAVE/USDT:USDT,297.99,4.12,298.0,1.18,298.0,365107.99,106373124.345
1753504965974,04:42:45.974,bybit,AAVE/USDT:USDT,297.99,2.14,298.0,1.18,298.0,365107.99,106373124.345
1753504966774,04:42:46.774,bybit,AAVE/USDT:USDT,298.0,0.25,298.01,0.55,298.0,365107.99,106373124.345
1753504967274,04:42:47.274,bybit,AAVE/USDT:USDT,298.0,0.46,298.01,0.55,298.0,365107.99,106373124.345
1753504967374,04:42:47.374,bybit,AAVE/USDT:USDT,298.0,1.09,298.01,0.55,298.0,365107.99,106373124.345
1753504967774,04:42:47.774,bybit,AAVE/USDT:USDT,298.0,0.84,298.01,0.9,298.0,365107.99,106373124.345
1753504967874,04:42:47.874,bybit,AAVE/USDT:USDT,298.0,2.48,298.01,0.9,298.0,365107.99,106373124.345
1753504968074,04:42:48.074,bybit,AAVE/USDT:USDT,298.0,2.48,298.01,0.9,298.0,365107.99,106373124.345
1753504968175,04:42:48.175,bybit,AAVE/USDT:USDT,298.0,0.84,298.01,0.9,298.0,365107.99,106373124.345
1753504968374,04:42:48.374,bybit,AAVE/USDT:USDT,298.0,0.84,298.01,0.9,298.0,365107.99,106373124.345
1753504968574,04:42:48.574,bybit,AAVE/USDT:USDT,298.0,0.51,298.01,0.9,298.0,365107.99,106373124.345
1753504968675,04:42:48.675,bybit,AAVE/USDT:USDT,298.0,2.47,298.01,0.9,298.0,365107.99,106373124.345
1753504969174,04:42:49.174,bybit,AAVE/USDT:USDT,298.0,0.51,298.01,0.9,298.0,365107.99,106373124.345
1753504969474,04:42:49.474,bybit,AAVE/USDT:USDT,297.99,2.14,298.01,0.9,298.0,365107.99,106373124.345
1753504969774,04:42:49.774,bybit,AAVE/USDT:USDT,298.0,0.42,298.01,0.92,298.0,365107.99,106373124.345
1753504970075,04:42:50.075,bybit,AAVE/USDT:USDT,298.0,1.5,298.01,0.92,298.0,365107.99,106373124.345
1753504970174,04:42:50.174,bybit,AAVE/USDT:USDT,298.0,4.5,298.01,0.92,298.0,365107.99,106373124.345
1753504970774,04:42:50.774,bybit,AAVE/USDT:USDT,298.0,4.5,298.01,0.92,298.0,365107.99,106373124.345
1753504970975,04:42:50.975,bybit,AAVE/USDT:USDT,297.99,0.42,298.01,0.92,297.99,365114.7,106375123.9029
1753504971074,04:42:51.074,bybit,AAVE/USDT:USDT,298.0,2.24,298.01,0.92,297.99,365114.7,106375123.9029
1753504971174,04:42:51.174,bybit,AAVE/USDT:USDT,298.0,3.7,298.01,0.92,297.99,365114.7,106375123.9029
1753504971274,04:42:51.274,bybit,AAVE/USDT:USDT,298.0,3.7,298.01,1.02,297.99,365114.7,106375123.9029
1753504971374,04:42:51.374,bybit,AAVE/USDT:USDT,298.0,3.7,298.01,1.02,297.99,365114.7,106375123.9029
1753504971574,04:42:51.574,bybit,AAVE/USDT:USDT,298.0,3.8,298.01,1.02,297.99,365114.7,106375123.9029
1753504971674,04:42:51.674,bybit,AAVE/USDT:USDT,298.0,3.8,298.01,1.42,297.99,365114.7,106375123.9029
1753504972074,04:42:52.074,bybit,AAVE/USDT:USDT,298.0,2.54,298.01,1.42,297.99,365114.7,106375123.9029
1753504972174,04:42:52.174,bybit,AAVE/USDT:USDT,298.0,3.44,298.01,1.42,297.99,365114.7,106375123.9029
1753504972474,04:42:52.474,bybit,AAVE/USDT:USDT,298.03,3.89,298.04,0.07,298.01,365116.12,106375547.0771
1753504972574,04:42:52.574,bybit,AAVE/USDT:USDT,298.03,3.89,298.04,0.07,298.01,365116.12,106375547.0771
1753504972774,04:42:52.774,bybit,AAVE/USDT:USDT,298.03,4.28,298.04,0.07,298.01,365116.12,106375547.0771
1753504972874,04:42:52.874,bybit,AAVE/USDT:USDT,298.05,5.78,298.06,0.02,298.05,365116.8,106375749.7504
1753504972974,04:42:52.974,bybit,AAVE/USDT:USDT,298.05,5.78,298.06,0.02,298.05,365116.8,106375749.7504
1753504973175,04:42:53.175,bybit,AAVE/USDT:USDT,298.05,4.38,298.06,0.66,298.05,365116.8,106375749.7504
1753504973474,04:42:53.474,bybit,AAVE/USDT:USDT,298.05,4.38,298.06,0.66,298.05,365116.8,106375749.7504
1753504973774,04:42:53.774,bybit,AAVE/USDT:USDT,298.05,4.48,298.06,0.66,298.05,365116.8,106375749.7504
1753504974275,04:42:54.275,bybit,AAVE/USDT:USDT,298.05,2.72,298.06,0.66,298.05,365116.8,106375749.7504
1753504974374,04:42:54.374,bybit,AAVE/USDT:USDT,298.05,1.81,298.06,0.66,298.05,365116.8,106375749.7504
1753504974574,04:42:54.574,bybit,AAVE/USDT:USDT,298.05,1.78,298.06,0.66,298.05,365116.8,106375749.7504
1753504974874,04:42:54.874,bybit,AAVE/USDT:USDT,298.05,1.78,298.06,2.16,298.05,365116.8,106375749.7504
1753504974975,04:42:54.975,bybit,AAVE/USDT:USDT,298.05,0.2,298.06,2.16,298.05,365116.8,106375749.7504
1753504975274,04:42:55.274,bybit,AAVE/USDT:USDT,298.05,2.71,298.06,0.66,298.05,365116.8,106375749.7504
1753504976074,04:42:56.074,bybit,AAVE/USDT:USDT,298.05,2.19,298.06,0.76,298.05,365116.8,106375749.7504
1753504977074,04:42:57.074,bybit,AAVE/USDT:USDT,298.05,0.1,298.06,1.52,298.05,365116.8,106375749.7504
1753504977575,04:42:57.575,bybit,AAVE/USDT:USDT,298.05,2.18,298.06,0.76,298.05,365116.8,106375749.7504
1753504977675,04:42:57.675,bybit,AAVE/USDT:USDT,298.05,2.08,298.06,1.37,298.05,365116.8,106375749.7504
1753504978474,04:42:58.474,bybit,AAVE/USDT:USDT,298.05,2.08,298.06,1.38,298.05,365116.8,106375749.7504
1753504979774,04:42:59.774,bybit,AAVE/USDT:USDT,298.04,0.42,298.05,0.76,298.05,365116.8,106375749.7504
1753504979974,04:42:59.974,bybit,AAVE/USDT:USDT,298.04,0.42,298.05,1.38,298.05,365116.8,106375749.7504
1753504980175,04:43:00.175,bybit,AAVE/USDT:USDT,298.04,0.42,298.05,1.96,298.05,365116.8,106375749.7504
1753504980274,04:43:00.274,bybit,AAVE/USDT:USDT,298.04,0.42,298.05,1.2,298.05,365116.8,106375749.7504
1753504980374,04:43:00.374,bybit,AAVE/USDT:USDT,298.04,0.42,298.05,1.3,298.05,365116.8,106375749.7504
1753504980674,04:43:00.674,bybit,AAVE/USDT:USDT,298.04,0.88,298.05,1.3,298.05,365116.8,106375749.7504
1753504980774,04:43:00.774,bybit,AAVE/USDT:USDT,298.04,2.49,298.05,1.3,298.05,365116.8,106375749.7504
1753504982474,04:43:02.474,bybit,AAVE/USDT:USDT,298.03,2.11,298.05,1.3,298.05,365116.8,106375749.7504
1753504982674,04:43:02.674,bybit,AAVE/USDT:USDT,298.03,2.11,298.04,2.06,298.05,365116.8,106375749.7504
1753504982774,04:43:02.774,bybit,AAVE/USDT:USDT,298.03,2.11,298.04,2.06,298.05,365116.8,106375749.7504
1753504982974,04:43:02.974,bybit,AAVE/USDT:USDT,298.02,0.1,298.03,0.62,298.05,365116.8,106375749.7504
1753504983075,04:43:03.075,bybit,AAVE/USDT:USDT,298.02,0.52,298.03,0.62,298.05,365116.8,106375749.7504
1753504983274,04:43:03.274,bybit,AAVE/USDT:USDT,298.02,0.52,298.03,1.3,298.05,365116.8,106375749.7504
1753504983474,04:43:03.474,bybit,AAVE/USDT:USDT,298.02,0.52,298.03,3.36,298.05,365116.8,106375749.7504
1753504983574,04:43:03.574,bybit,AAVE/USDT:USDT,298.02,0.66,298.03,3.36,298.05,365116.8,106375749.7504
1753504983774,04:43:03.774,bybit,AAVE/USDT:USDT,298.02,0.66,298.03,4.07,298.05,365116.8,106375749.7504
1753504983874,04:43:03.874,bybit,AAVE/USDT:USDT,298.02,0.24,298.03,4.07,298.05,365116.8,106375749.7504
1753504984174,04:43:04.174,bybit,AAVE/USDT:USDT,298.0,0.06,298.01,1.78,298.05,365116.8,106375749.7504
1753504984274,04:43:04.274,bybit,AAVE/USDT:USDT,298.0,0.06,298.01,4.92,298.05,365116.8,106375749.7504
1753504984474,04:43:04.474,bybit,AAVE/USDT:USDT,298.0,0.06,298.01,6.25,298.05,365116.8,106375749.7504
1753504984674,04:43:04.674,bybit,AAVE/USDT:USDT,298.0,0.04,298.01,6.25,298.05,365116.8,106375749.7504
1753504984774,04:43:04.774,bybit,AAVE/USDT:USDT,298.0,0.04,298.01,6.93,298.05,365116.8,106375749.7504
1753504984874,04:43:04.874,bybit,AAVE/USDT:USDT,298.0,0.02,298.01,6.93,298.05,365116.8,106375749.7504
1753504984974,04:43:04.974,bybit,AAVE/USDT:USDT,298.0,0.02,298.01,8.23,298.05,365116.8,106375749.7504
1753504985074,04:43:05.074,bybit,AAVE/USDT:USDT,298.0,0.02,298.01,5.09,298.05,365116.8,106375749.7504
1753504985974,04:43:05.974,bybit,AAVE/USDT:USDT,298.0,2.84,298.01,4.07,298.05,365116.8,106375749.7504
1753504986174,04:43:06.174,bybit,AAVE/USDT:USDT,298.0,7.4,298.01,4.07,298.05,365116.8,106375749.7504
1753504986375,04:43:06.375,bybit,AAVE/USDT:USDT,298.0,7.4,298.01,2.01,298.05,365116.8,106375749.7504
1753504986475,04:43:06.475,bybit,AAVE/USDT:USDT,298.0,7.4,298.01,4.09,298.05,365116.8,106375749.7504
1753504986674,04:43:06.674,bybit,AAVE/USDT:USDT,298.0,5.12,298.01,4.09,298.05,365116.8,106375749.7504
1753504986874,04:43:06.874,bybit,AAVE/USDT:USDT,298.0,3.62,298.01,4.09,298.05,365116.8,106375749.7504
1753504987274,04:43:07.274,bybit,AAVE/USDT:USDT,298.0,3.62,298.01,4.05,298.05,365116.8,106375749.7504
1753504987474,04:43:07.474,bybit,AAVE/USDT:USDT,298.0,3.62,298.01,2.04,298.01,365118.81,106376348.7505
1753504987575,04:43:07.575,bybit,AAVE/USDT:USDT,298.0,3.62,298.01,2.04,298.01,365118.81,106376348.7505
1753504988074,04:43:08.074,bybit,AAVE/USDT:USDT,298.0,1.71,298.01,2.04,298.01,365118.81,106376348.7505
1753504988474,04:43:08.474,bybit,AAVE/USDT:USDT,298.0,1.71,298.01,2.04,298.01,365118.81,106376348.7505
1753504988774,04:43:08.774,bybit,AAVE/USDT:USDT,298.01,4.0,298.02,1.36,298.01,365120.85,106376956.6909
1753504988975,04:43:08.975,bybit,AAVE/USDT:USDT,298.02,0.42,298.04,2.05,298.01,365120.85,106376956.6909
1753504989574,04:43:09.574,bybit,AAVE/USDT:USDT,298.02,0.42,298.03,1.92,298.01,365120.85,106376956.6909
1753504989874,04:43:09.874,bybit,AAVE/USDT:USDT,298.02,1.21,298.04,0.68,298.01,365120.85,106376956.6909
1753504989975,04:43:09.975,bybit,AAVE/USDT:USDT,298.02,1.21,298.03,0.42,298.01,365120.85,106376956.6909
1753504990274,04:43:10.274,bybit,AAVE/USDT:USDT,298.02,1.21,298.03,1.92,298.01,365120.85,106376956.6909
1753504990675,04:43:10.675,bybit,AAVE/USDT:USDT,298.02,0.79,298.03,1.92,298.01,365120.85,106376956.6909
1753504991375,04:43:11.375,bybit,AAVE/USDT:USDT,298.01,0.42,298.02,0.42,298.01,365120.85,106376956.6909
1753504991774,04:43:11.774,bybit,AAVE/USDT:USDT,298.01,0.42,298.02,0.42,298.01,365120.85,106376956.6909
1753504992074,04:43:12.074,bybit,AAVE/USDT:USDT,298.0,0.48,298.02,1.92,298.01,365120.85,106376956.6909
1753504992674,04:43:12.674,bybit,AAVE/USDT:USDT,298.0,0.46,298.01,0.42,298.01,365120.85,106376956.6909
1753504992874,04:43:12.874,bybit,AAVE/USDT:USDT,298.0,0.44,298.01,0.42,298.01,365120.85,106376956.6909
1753504993674,04:43:13.674,bybit,AAVE/USDT:USDT,298.0,0.02,298.01,5.19,298.01,365120.85,106376956.6909
1753504993774,04:43:13.774,bybit,AAVE/USDT:USDT,298.0,0.02,298.01,8.33,298.01,365120.85,106376956.6909
1753504993875,04:43:13.875,bybit,AAVE/USDT:USDT,298.0,0.02,298.01,8.33,298.01,365120.85,106376956.6909
1753504994174,04:43:14.174,bybit,AAVE/USDT:USDT,298.0,0.02,298.01,8.33,298.01,365120.85,106376956.6909
1753504994875,04:43:14.875,bybit,AAVE/USDT:USDT,298.0,0.02,298.01,7.57,298.01,365120.85,106376956.6909
1753504994974,04:43:14.974,bybit,AAVE/USDT:USDT,298.0,0.44,298.01,0.42,298.01,365120.85,106376956.6909
1753504995274,04:43:15.274,bybit,AAVE/USDT:USDT,298.0,0.81,298.01,0.42,298.01,365120.85,106376956.6909
1753504995374,04:43:15.374,bybit,AAVE/USDT:USDT,298.0,0.02,298.01,2.37,298.01,365120.85,106376956.6909
1753504995874,04:43:15.874,bybit,AAVE/USDT:USDT,298.0,3.42,298.01,1.18,298.01,365120.85,106376956.6909
1753504995974,04:43:15.974,bybit,AAVE/USDT:USDT,298.0,3.42,298.01,0.42,298.01,365120.85,106376956.6909
1753504998074,04:43:18.074,bybit,AAVE/USDT:USDT,298.0,3.42,298.01,0.52,298.01,365120.85,106376956.6909
1753504998175,04:43:18.175,bybit,AAVE/USDT:USDT,298.0,3.75,298.01,0.1,298.01,365120.85,106376956.6909
1753504998274,04:43:18.274,bybit,AAVE/USDT:USDT,298.0,4.07,298.01,0.1,298.01,365120.85,106376956.6909
1753505000674,04:43:20.674,bybit,AAVE/USDT:USDT,298.0,4.17,298.01,0.1,298.01,365120.85,106376956.6909
1753505000875,04:43:20.875,bybit,AAVE/USDT:USDT,298.0,4.17,298.01,0.1,298.01,364741.48,106268443.3922
1753505002974,04:43:22.974,bybit,AAVE/USDT:USDT,298.0,4.17,298.01,0.2,298.01,364741.48,106268443.3922
1753505003374,04:43:23.374,bybit,AAVE/USDT:USDT,298.0,4.17,298.01,0.1,298.01,364741.48,106268443.3922
1753505003974,04:43:23.974,bybit,AAVE/USDT:USDT,298.0,3.74,298.01,0.1,298.01,364741.48,106268443.3922
1753505004074,04:43:24.074,bybit,AAVE/USDT:USDT,298.0,3.42,298.01,0.1,298.01,364741.48,106268443.3922
1753505006575,04:43:26.575,bybit,AAVE/USDT:USDT,298.0,3.42,298.01,0.52,298.01,364741.48,106268443.3922
1753505006775,04:43:26.775,bybit,AAVE/USDT:USDT,298.02,0.38,298.03,3.0,298.01,364741.48,106268443.3922
1753505006875,04:43:26.875,bybit,AAVE/USDT:USDT,298.02,3.78,298.03,3.0,298.01,364741.48,106268443.3922
1753505007174,04:43:27.174,bybit,AAVE/USDT:USDT,298.02,3.78,298.03,3.23,298.01,364741.48,106268443.3922
1753505007274,04:43:27.274,bybit,AAVE/USDT:USDT,298.02,3.78,298.03,3.69,298.01,364741.48,106268443.3922
1753505007574,04:43:27.574,bybit,AAVE/USDT:USDT,298.02,3.78,298.03,0.69,298.01,364741.48,106268443.3922
1753505008274,04:43:28.274,bybit,AAVE/USDT:USDT,298.02,3.78,298.03,0.69,298.01,364741.48,106268443.3922
1753505008575,04:43:28.575,bybit,AAVE/USDT:USDT,298.02,3.78,298.03,1.58,298.01,364741.48,106268443.3922
1753505008674,04:43:28.674,bybit,AAVE/USDT:USDT,298.02,4.37,298.03,0.56,298.01,364741.48,106268443.3922
1753505008774,04:43:28.774,bybit,AAVE/USDT:USDT,298.02,4.37,298.03,0.1,298.01,364741.48,106268443.3922
1753505009874,04:43:29.874,bybit,AAVE/USDT:USDT,298.04,9.12,298.05,0.04,298.04,364742.13,106268637.1172
1753505009974,04:43:29.974,bybit,AAVE/USDT:USDT,298.05,4.27,298.06,2.53,298.04,364742.13,106268637.1172
1753505010075,04:43:30.075,bybit,AAVE/USDT:USDT,298.05,2.59,298.06,2.53,298.04,364742.13,106268637.1172
1753505010174,04:43:30.174,bybit,AAVE/USDT:USDT,298.05,2.59,298.06,2.55,298.04,364742.13,106268637.1172
1753505010374,04:43:30.374,bybit,AAVE/USDT:USDT,298.05,2.59,298.06,2.55,298.04,364742.13,106268637.1172
1753505010474,04:43:30.474,bybit,AAVE/USDT:USDT,298.05,6.37,298.06,2.55,298.04,364742.13,106268637.1172
1753505013875,04:43:33.875,bybit,AAVE/USDT:USDT,298.05,6.37,298.06,3.52,298.04,364742.13,106268637.1172
1753505013975,04:43:33.975,bybit,AAVE/USDT:USDT,298.05,6.37,298.06,3.63,298.04,364742.13,106268637.1172
1753505014274,04:43:34.274,bybit,AAVE/USDT:USDT,298.05,5.78,298.06,3.63,298.04,364742.13,106268637.1172
1753505014374,04:43:34.374,bybit,AAVE/USDT:USDT,298.05,5.78,298.06,4.09,298.04,364742.13,106268637.1172
1753505015274,04:43:35.274,bybit,AAVE/USDT:USDT,298.05,5.78,298.06,4.04,298.04,364742.13,106268637.1172
1753505016474,04:43:36.474,bybit,AAVE/USDT:USDT,298.05,5.78,298.06,4.1,298.04,364742.13,106268637.1172
1753505017174,04:43:37.174,bybit,AAVE/USDT:USDT,298.05,5.79,298.06,4.1,298.04,364742.13,106268637.1172
1753505017275,04:43:37.275,bybit,AAVE/USDT:USDT,298.05,5.79,298.06,4.19,298.04,364742.13,106268637.1172
1753505017974,04:43:37.974,bybit,AAVE/USDT:USDT,298.05,5.41,298.06,4.19,298.04,364742.13,106268637.1172
1753505018074,04:43:38.074,bybit,AAVE/USDT:USDT,298.05,5.73,298.06,4.19,298.04,364742.13,106268637.1172
1753505019074,04:43:39.074,bybit,AAVE/USDT:USDT,298.05,5.56,298.06,4.19,298.05,364742.3,106268687.7857
1753505019174,04:43:39.174,bybit,AAVE/USDT:USDT,298.05,5.56,298.06,4.19,298.05,364742.3,106268687.7857
1753505019374,04:43:39.374,bybit,AAVE/USDT:USDT,298.05,5.56,298.06,4.19,298.05,364742.3,106268687.7857
1753505019974,04:43:39.974,bybit,AAVE/USDT:USDT,298.05,5.56,298.06,4.1,298.05,364742.3,106268687.7857
1753505020775,04:43:40.775,bybit,AAVE/USDT:USDT,298.05,6.56,298.06,4.1,298.05,364742.3,106268687.7857
1753505021774,04:43:41.774,bybit,AAVE/USDT:USDT,298.05,6.56,298.06,4.1,298.05,364742.3,106268687.7857
1753505021974,04:43:41.974,bybit,AAVE/USDT:USDT,298.05,6.56,298.06,1.97,298.05,364742.3,106268687.7857
1753505022374,04:43:42.374,bybit,AAVE/USDT:USDT,298.05,6.56,298.06,1.42,298.05,364742.3,106268687.7857
1753505022474,04:43:42.474,bybit,AAVE/USDT:USDT,298.05,6.56,298.06,3.8,298.05,364742.3,106268687.7857
1753505022575,04:43:42.575,bybit,AAVE/USDT:USDT,298.05,6.56,298.06,4.6,298.05,364742.3,106268687.7857
1753505022675,04:43:42.675,bybit,AAVE/USDT:USDT,298.05,6.24,298.06,2.82,298.05,364742.3,106268687.7857
1753505022775,04:43:42.775,bybit,AAVE/USDT:USDT,298.05,6.54,298.06,2.82,298.05,364742.3,106268687.7857
1753505023174,04:43:43.174,bybit,AAVE/USDT:USDT,298.05,4.71,298.06,2.82,298.05,364742.3,106268687.7857
1753505023374,04:43:43.374,bybit,AAVE/USDT:USDT,298.05,4.71,298.06,2.94,298.05,364742.3,106268687.7857
1753505025274,04:43:45.274,bybit,AAVE/USDT:USDT,298.05,4.71,298.06,1.54,298.05,364742.3,106268687.7857
1753505026775,04:43:46.775,bybit,AAVE/USDT:USDT,298.05,4.71,298.06,4.14,298.05,364742.3,106268687.7857
1753505027375,04:43:47.375,bybit,AAVE/USDT:USDT,298.05,4.71,298.06,4.13,298.05,364742.3,106268687.7857
1753505028174,04:43:48.174,bybit,AAVE/USDT:USDT,298.05,4.71,298.06,5.57,298.05,364742.3,106268687.7857
1753505028374,04:43:48.374,bybit,AAVE/USDT:USDT,298.05,4.71,298.06,1.9,298.05,364742.3,106268687.7857
1753505028574,04:43:48.574,bybit,AAVE/USDT:USDT,298.05,4.71,298.06,5.66,298.05,364742.3,106268687.7857
1753505030774,04:43:50.774,bybit,AAVE/USDT:USDT,298.05,4.71,298.06,5.66,298.05,364742.3,106268687.7857
1753505031374,04:43:51.374,bybit,AAVE/USDT:USDT,298.05,4.71,298.06,5.67,298.05,364742.3,106268687.7857
1753505032475,04:43:52.475,bybit,AAVE/USDT:USDT,298.0,1.12,298.02,1.18,298.05,364747.01,106270091.6012
1753505032574,04:43:52.574,bybit,AAVE/USDT:USDT,298.0,0.06,298.01,0.76,298.05,364747.01,106270091.6012
1753505032674,04:43:52.674,bybit,AAVE/USDT:USDT,298.0,2.12,298.01,0.76,298.05,364747.01,106270091.6012
1753505032775,04:43:52.775,bybit,AAVE/USDT:USDT,298.0,2.12,298.02,0.42,298.05,364747.01,106270091.6012
1753505032874,04:43:52.874,bybit,AAVE/USDT:USDT,298.0,2.1,298.01,0.79,298.05,364747.01,106270091.6012
1753505032974,04:43:52.974,bybit,AAVE/USDT:USDT,298.0,2.08,298.01,0.79,298.05,364747.01,106270091.6012
1753505033374,04:43:53.374,bybit,AAVE/USDT:USDT,298.0,2.08,298.01,1.37,298.05,364747.01,106270091.6012
1753505033675,04:43:53.675,bybit,AAVE/USDT:USDT,298.0,8.16,298.01,1.32,298.05,364747.01,106270091.6012
1753505034274,04:43:54.274,bybit,AAVE/USDT:USDT,298.0,8.16,298.01,1.21,298.01,364747.12,106270124.3823
1753505034375,04:43:54.375,bybit,AAVE/USDT:USDT,298.0,8.16,298.01,1.21,298.01,364747.12,106270124.3823
1753505034575,04:43:54.575,bybit,AAVE/USDT:USDT,298.0,8.16,298.01,1.2,298.01,364747.12,106270124.3823
1753505034674,04:43:54.674,bybit,AAVE/USDT:USDT,298.0,10.44,298.01,1.2,298.01,364747.12,106270124.3823
1753505034875,04:43:54.875,bybit,AAVE/USDT:USDT,298.04,0.34,298.05,0.45,298.01,364748.32,106270481.9943
1753505034974,04:43:54.974,bybit,AAVE/USDT:USDT,298.04,0.48,298.05,0.45,298.01,364748.32,106270481.9943
1753505035374,04:43:55.374,bybit,AAVE/USDT:USDT,298.04,0.48,298.05,0.58,298.01,364748.32,106270481.9943
1753505035575,04:43:55.575,bybit,AAVE/USDT:USDT,298.04,0.48,298.05,0.58,298.01,364748.32,106270481.9943
1753505035974,04:43:55.974,bybit,AAVE/USDT:USDT,298.04,0.48,298.05,1.03,298.01,364748.32,106270481.9943
1753505036674,04:43:56.674,bybit,AAVE/USDT:USDT,298.03,0.2,298.04,0.87,298.01,364748.32,106270481.9943
1753505036774,04:43:56.774,bybit,AAVE/USDT:USDT,298.02,9.03,298.04,0.87,298.01,364748.32,106270481.9943
1753505037174,04:43:57.174,bybit,AAVE/USDT:USDT,298.03,0.72,298.04,0.45,298.01,364748.32,106270481.9943
1753505037574,04:43:57.574,bybit,AAVE/USDT:USDT,298.02,6.45,298.04,0.62,298.01,364748.32,106270481.9943
1753505037874,04:43:57.874,bybit,AAVE/USDT:USDT,298.03,0.34,298.04,0.45,298.01,364748.32,106270481.9943
1753505038074,04:43:58.074,bybit,AAVE/USDT:USDT,298.03,0.25,298.04,0.45,298.01,364748.32,106270481.9943
1753505038174,04:43:58.174,bybit,AAVE/USDT:USDT,298.02,6.45,298.04,0.87,298.01,364748.32,106270481.9943
1753505038274,04:43:58.274,bybit,AAVE/USDT:USDT,298.02,6.45,298.03,0.42,298.01,364748.32,106270481.9943
1753505038674,04:43:58.674,bybit,AAVE/USDT:USDT,298.0,3.86,298.01,0.76,298.01,364748.32,106270481.9943
1753505038974,04:43:58.974,bybit,AAVE/USDT:USDT,298.0,3.82,298.01,1.21,298.01,364748.32,106270481.9943
1753505039675,04:43:59.675,bybit,AAVE/USDT:USDT,298.0,3.82,298.01,0.46,298.01,364748.32,106270481.9943
1753505040075,04:44:00.075,bybit,AAVE/USDT:USDT,298.0,4.05,298.01,0.46,298.01,364748.32,106270481.9943
1753505040374,04:44:00.374,bybit,AAVE/USDT:USDT,298.0,4.96,298.01,0.46,298.01,364748.32,106270481.9943
1753505040675,04:44:00.675,bybit,AAVE/USDT:USDT,298.03,5.87,298.04,0.52,298.01,364748.78,106270619.0789
1753505041674,04:44:01.674,bybit,AAVE/USDT:USDT,298.05,11.5,298.06,0.02,298.05,364749.34,106270785.9817
1753505041774,04:44:01.774,bybit,AAVE/USDT:USDT,298.05,11.5,298.06,0.02,298.05,364749.34,106270785.9817
1753505042474,04:44:02.474,bybit,AAVE/USDT:USDT,298.05,11.5,298.06,0.02,298.05,364749.34,106270785.9817
1753505042774,04:44:02.774,bybit,AAVE/USDT:USDT,298.05,11.5,298.06,0.02,298.05,364749.34,106270785.9817
1753505042875,04:44:02.875,bybit,AAVE/USDT:USDT,298.05,8.31,298.06,0.02,298.05,364749.34,106270785.9817
1753505042974,04:44:02.974,bybit,AAVE/USDT:USDT,298.05,4.27,298.06,0.02,298.05,364749.34,106270785.9817
1753505043174,04:44:03.174,bybit,AAVE/USDT:USDT,298.05,1.7,298.06,0.02,298.05,364749.34,106270785.9817
1753505043474,04:44:03.474,bybit,AAVE/USDT:USDT,298.05,3.22,298.06,0.02,298.05,364749.34,106270785.9817
1753505043674,04:44:03.674,bybit,AAVE/USDT:USDT,298.05,3.35,298.06,0.02,298.05,364749.34,106270785.9817
1753505044475,04:44:04.475,bybit,AAVE/USDT:USDT,298.05,6.37,298.06,0.02,298.05,364749.34,106270785.9817
1753505044774,04:44:04.774,bybit,AAVE/USDT:USDT,298.05,4.09,298.06,0.02,298.05,364749.34,106270785.9817
1753505044874,04:44:04.874,bybit,AAVE/USDT:USDT,298.05,3.35,298.06,0.78,298.05,364749.34,106270785.9817
1753505044974,04:44:04.974,bybit,AAVE/USDT:USDT,298.05,2.58,298.06,0.78,298.05,364749.34,106270785.9817
1753505045275,04:44:05.275,bybit,AAVE/USDT:USDT,298.05,2.58,298.06,0.12,298.05,364749.34,106270785.9817
1753505045775,04:44:05.775,bybit,AAVE/USDT:USDT,298.05,2.58,298.06,0.12,298.05,364666.38,106247077.5313
1753505046574,04:44:06.574,bybit,AAVE/USDT:USDT,298.05,2.58,298.06,0.54,298.05,364666.38,106247077.5313
1753505047275,04:44:07.275,bybit,AAVE/USDT:USDT,298.05,2.58,298.06,0.12,298.05,364666.38,106247077.5313
1753505047374,04:44:07.374,bybit,AAVE/USDT:USDT,298.05,2.58,298.06,0.29,298.05,364666.38,106247077.5313
1753505047475,04:44:07.475,bybit,AAVE/USDT:USDT,298.05,0.72,298.06,0.29,298.05,364666.38,106247077.5313
1753505047574,04:44:07.574,bybit,AAVE/USDT:USDT,298.05,0.72,298.06,0.29,298.05,364666.38,106247077.5313
1753505047674,04:44:07.674,bybit,AAVE/USDT:USDT,298.05,0.72,298.06,2.87,298.05,364666.38,106247077.5313
1753505047774,04:44:07.774,bybit,AAVE/USDT:USDT,298.02,3.95,298.04,0.42,298.05,364666.38,106247077.5313
1753505047874,04:44:07.874,bybit,AAVE/USDT:USDT,298.02,1.87,298.04,0.42,298.05,364666.38,106247077.5313
1753505047974,04:44:07.974,bybit,AAVE/USDT:USDT,298.01,1.87,298.02,1.95,298.05,364666.38,106247077.5313
1753505048075,04:44:08.075,bybit,AAVE/USDT:USDT,298.0,0.71,298.01,1.19,298.05,364666.38,106247077.5313
1753505048275,04:44:08.275,bybit,AAVE/USDT:USDT,298.0,0.71,298.01,1.29,298.05,364666.38,106247077.5313
1753505048374,04:44:08.374,bybit,AAVE/USDT:USDT,298.0,0.71,298.01,0.7,298.05,364666.38,106247077.5313
1753505048475,04:44:08.475,bybit,AAVE/USDT:USDT,298.0,0.71,298.01,0.1,298.05,364666.38,106247077.5313
1753505048975,04:44:08.975,bybit,AAVE/USDT:USDT,298.0,2.44,298.01,0.1,298.05,364666.38,106247077.5313
1753505049075,04:44:09.075,bybit,AAVE/USDT:USDT,298.0,2.42,298.01,0.1,298.05,364666.38,106247077.5313
1753505049774,04:44:09.774,bybit,AAVE/USDT:USDT,298.01,0.42,298.02,0.12,298.05,364666.38,106247077.5313
1753505050374,04:44:10.374,bybit,AAVE/USDT:USDT,298.01,2.7,298.02,0.12,298.05,364666.38,106247077.5313
1753505051374,04:44:11.374,bybit,AAVE/USDT:USDT,298.01,0.42,298.02,0.12,298.05,364666.38,106247077.5313
1753505052674,04:44:12.674,bybit,AAVE/USDT:USDT,298.01,0.52,298.02,0.12,298.05,364666.38,106247077.5313
1753505053074,04:44:13.074,bybit,AAVE/USDT:USDT,298.01,6.74,298.02,0.12,298.05,364666.38,106247077.5313
1753505053174,04:44:13.174,bybit,AAVE/USDT:USDT,298.01,5.83,298.02,0.12,298.05,364666.38,106247077.5313
1753505053575,04:44:13.575,bybit,AAVE/USDT:USDT,298.01,3.55,298.02,0.12,298.05,364666.38,106247077.5313
1753505053774,04:44:13.774,bybit,AAVE/USDT:USDT,298.01,4.03,298.02,0.12,298.05,364666.38,106247077.5313
1753505053874,04:44:13.874,bybit,AAVE/USDT:USDT,298.04,6.11,298.05,0.03,298.02,364666.5,106247113.2937
1753505053974,04:44:13.974,bybit,AAVE/USDT:USDT,298.04,6.11,298.05,0.03,298.02,364666.5,106247113.2937
1753505054174,04:44:14.174,bybit,AAVE/USDT:USDT,298.04,6.21,298.05,0.03,298.02,364666.5,106247113.2937
1753505054474,04:44:14.474,bybit,AAVE/USDT:USDT,298.04,6.21,298.05,0.03,298.02,364666.5,106247113.2937
1753505054774,04:44:14.774,bybit,AAVE/USDT:USDT,298.05,6.49,298.06,0.09,298.02,364666.5,106247113.2937
1753505054974,04:44:14.974,bybit,AAVE/USDT:USDT,298.05,6.59,298.06,0.09,298.02,364666.5,106247113.2937
1753505056074,04:44:16.074,bybit,AAVE/USDT:USDT,298.05,6.41,298.06,0.09,298.02,364666.5,106247113.2937
1753505056574,04:44:16.574,bybit,AAVE/USDT:USDT,298.05,1.91,298.06,0.09,298.02,364666.5,106247113.2937
1753505056675,04:44:16.675,bybit,AAVE/USDT:USDT,298.05,0.1,298.06,0.51,298.02,364666.5,106247113.2937
1753505056774,04:44:16.774,bybit,AAVE/USDT:USDT,298.05,0.35,298.06,0.51,298.02,364666.5,106247113.2937
1753505058074,04:44:18.074,bybit,AAVE/USDT:USDT,298.05,0.1,298.06,1.27,298.02,364666.5,106247113.2937
1753505058375,04:44:18.375,bybit,AAVE/USDT:USDT,298.05,0.1,298.06,0.09,298.02,364666.5,106247113.2937
1753505058574,04:44:18.574,bybit,AAVE/USDT:USDT,298.05,0.52,298.06,0.09,298.02,364666.5,106247113.2937
1753505058674,04:44:18.674,bybit,AAVE/USDT:USDT,298.05,0.42,298.06,0.09,298.02,364666.5,106247113.2937
1753505059074,04:44:19.074,bybit,AAVE/USDT:USDT,298.05,2.21,298.06,0.09,298.02,364666.5,106247113.2937
1753505060774,04:44:20.774,bybit,AAVE/USDT:USDT,298.03,5.6,298.06,0.09,298.02,364666.5,106247113.2937
1753505060874,04:44:20.874,bybit,AAVE/USDT:USDT,298.04,0.42,298.06,0.51,298.02,364666.5,106247113.2937
1753505061174,04:44:21.174,bybit,AAVE/USDT:USDT,298.04,0.42,298.06,0.09,298.02,364666.5,106247113.2937
1753505061475,04:44:21.475,bybit,AAVE/USDT:USDT,298.05,3.77,298.06,0.09,298.02,364666.5,106247113.2937
1753505061974,04:44:21.974,bybit,AAVE/USDT:USDT,298.05,3.77,298.06,0.42,298.02,364666.5,106247113.2937
1753505062074,04:44:22.074,bybit,AAVE/USDT:USDT,298.05,1.99,298.06,0.42,298.02,364666.5,106247113.2937
1753505062574,04:44:22.574,bybit,AAVE/USDT:USDT,298.04,4.19,298.06,0.42,298.02,364666.5,106247113.2937
1753505062674,04:44:22.674,bybit,AAVE/USDT:USDT,298.05,0.42,298.06,0.42,298.02,364666.5,106247113.2937
1753505062875,04:44:22.875,bybit,AAVE/USDT:USDT,298.04,2.2,298.06,0.42,298.02,364666.5,106247113.2937
1753505063174,04:44:23.174,bybit,AAVE/USDT:USDT,298.04,2.2,298.06,0.42,298.02,364666.5,106247113.2937
1753505063474,04:44:23.474,bybit,AAVE/USDT:USDT,298.04,2.2,298.06,0.42,298.02,364666.5,106247113.2937
1753505063775,04:44:23.775,bybit,AAVE/USDT:USDT,298.05,2.59,298.06,0.42,298.02,364666.5,106247113.2937
1753505063874,04:44:23.874,bybit,AAVE/USDT:USDT,298.06,0.59,298.08,0.45,298.08,364667.17,106247312.9985
1753505063975,04:44:23.975,bybit,AAVE/USDT:USDT,298.06,0.59,298.08,0.45,298.08,364667.17,106247312.9985
1753505064474,04:44:24.474,bybit,AAVE/USDT:USDT,298.06,0.51,298.07,0.42,298.08,364667.17,106247312.9985
1753505064674,04:44:24.674,bybit,AAVE/USDT:USDT,298.06,0.51,298.07,0.42,298.08,364667.17,106247312.9985
1753505064774,04:44:24.774,bybit,AAVE/USDT:USDT,298.05,0.42,298.07,1.18,298.08,364667.17,106247312.9985
1753505065774,04:44:25.774,bybit,AAVE/USDT:USDT,298.05,0.42,298.06,0.42,298.08,364667.17,106247312.9985
1753505065875,04:44:25.875,bybit,AAVE/USDT:USDT,298.04,2.2,298.06,0.42,298.08,364667.17,106247312.9985
1753505066275,04:44:26.275,bybit,AAVE/USDT:USDT,298.05,1.04,298.07,0.76,298.08,364667.17,106247312.9985
1753505066374,04:44:26.374,bybit,AAVE/USDT:USDT,298.05,0.62,298.07,2.08,298.08,364667.17,106247312.9985
1753505067174,04:44:27.174,bybit,AAVE/USDT:USDT,298.06,2.53,298.08,0.45,298.08,364667.17,106247312.9985
1753505067475,04:44:27.475,bybit,AAVE/USDT:USDT,298.07,5.64,298.09,0.42,298.1,364667.98,106247554.4501
1753505067574,04:44:27.574,bybit,AAVE/USDT:USDT,298.07,5.64,298.09,0.42,298.1,364667.98,106247554.4501
1753505067674,04:44:27.674,bybit,AAVE/USDT:USDT,298.07,5.64,298.09,0.55,298.1,364667.98,106247554.4501
1753505067974,04:44:27.974,bybit,AAVE/USDT:USDT,298.07,3.73,298.08,0.42,298.1,364667.98,106247554.4501
1753505068075,04:44:28.075,bybit,AAVE/USDT:USDT,298.05,3.93,298.08,0.55,298.1,364667.98,106247554.4501
1753505068274,04:44:28.274,bybit,AAVE/USDT:USDT,298.05,0.42,298.07,0.42,298.1,364667.98,106247554.4501
1753505071575,04:44:31.575,bybit,AAVE/USDT:USDT,298.06,0.1,298.07,1.18,298.1,364667.98,106247554.4501
1753505071874,04:44:31.874,bybit,AAVE/USDT:USDT,298.07,0.42,298.09,1.49,298.11,364681.16,106251483.3517
1753505071975,04:44:31.975,bybit,AAVE/USDT:USDT,298.07,0.42,298.09,1.49,298.11,364681.16,106251483.3517
1753505072174,04:44:32.174,bybit,AAVE/USDT:USDT,298.06,0.56,298.08,0.17,298.11,364681.16,106251483.3517
1753505072274,04:44:32.274,bybit,AAVE/USDT:USDT,298.06,0.1,298.08,0.17,298.11,364681.16,106251483.3517
1753505072774,04:44:32.774,bybit,AAVE/USDT:USDT,298.06,0.1,298.08,0.17,298.11,364681.16,106251483.3517
1753505073074,04:44:33.074,bybit,AAVE/USDT:USDT,298.06,0.52,298.08,0.17,298.11,364681.16,106251483.3517
1753505073374,04:44:33.374,bybit,AAVE/USDT:USDT,298.06,0.52,298.08,0.17,298.11,364681.16,106251483.3517
1753505073474,04:44:33.474,bybit,AAVE/USDT:USDT,298.06,0.1,298.08,0.17,298.11,364681.16,106251483.3517
1753505073574,04:44:33.574,bybit,AAVE/USDT:USDT,298.07,0.45,298.08,0.17,298.11,364681.16,106251483.3517
1753505074574,04:44:34.574,bybit,AAVE/USDT:USDT,298.07,0.52,298.08,0.17,298.11,364681.16,106251483.3517
1753505075274,04:44:35.274,bybit,AAVE/USDT:USDT,298.06,0.56,298.08,0.17,298.11,364681.16,106251483.3517
1753505075374,04:44:35.374,bybit,AAVE/USDT:USDT,298.06,0.14,298.08,0.17,298.11,364681.16,106251483.3517
1753505075974,04:44:35.974,bybit,AAVE/USDT:USDT,298.06,0.63,298.07,0.1,298.11,364681.16,106251483.3517
1753505076474,04:44:36.474,bybit,AAVE/USDT:USDT,298.06,2.15,298.07,0.1,298.11,364681.16,106251483.3517
1753505076874,04:44:36.874,bybit,AAVE/USDT:USDT,298.06,1.73,298.07,0.99,298.11,364681.16,106251483.3517
1753505076974,04:44:36.974,bybit,AAVE/USDT:USDT,298.06,1.73,298.07,0.99,298.11,364681.16,106251483.3517
1753505077274,04:44:37.274,bybit,AAVE/USDT:USDT,298.06,1.73,298.07,0.99,298.11,364681.16,106251483.3517
1753505077474,04:44:37.474,bybit,AAVE/USDT:USDT,298.06,1.73,298.07,1.88,298.11,364681.16,106251483.3517
1753505078474,04:44:38.474,bybit,AAVE/USDT:USDT,298.05,5.52,298.07,1.88,298.11,364681.16,106251483.3517
1753505078574,04:44:38.574,bybit,AAVE/USDT:USDT,298.05,5.71,298.06,0.06,298.11,364681.16,106251483.3517
1753505078674,04:44:38.674,bybit,AAVE/USDT:USDT,298.07,1.49,298.11,1.28,298.11,364693.16,106255060.5441
1753505078774,04:44:38.774,bybit,AAVE/USDT:USDT,298.08,0.42,298.11,1.41,298.11,364693.16,106255060.5441
1753505079175,04:44:39.175,bybit,AAVE/USDT:USDT,298.07,1.49,298.1,2.3,298.11,364693.16,106255060.5441
1753505079375,04:44:39.375,bybit,AAVE/USDT:USDT,298.08,0.19,298.1,2.78,298.11,364693.16,106255060.5441
1753505079674,04:44:39.674,bybit,AAVE/USDT:USDT,298.08,0.19,298.1,2.78,298.11,364693.16,106255060.5441
1753505079975,04:44:39.975,bybit,AAVE/USDT:USDT,298.08,0.19,298.1,3.15,298.11,364693.16,106255060.5441
1753505080074,04:44:40.074,bybit,AAVE/USDT:USDT,298.08,0.19,298.09,2.22,298.11,364693.16,106255060.5441
1753505080474,04:44:40.474,bybit,AAVE/USDT:USDT,298.08,0.61,298.09,1.46,298.11,364693.16,106255060.5441
1753505080574,04:44:40.574,bybit,AAVE/USDT:USDT,298.08,0.61,298.09,0.86,298.11,364693.16,106255060.5441
1753505080774,04:44:40.774,bybit,AAVE/USDT:USDT,298.08,0.19,298.09,1.62,298.11,364693.16,106255060.5441
1753505081174,04:44:41.174,bybit,AAVE/USDT:USDT,298.08,0.19,298.09,1.62,298.11,364693.16,106255060.5441
1753505081375,04:44:41.375,bybit,AAVE/USDT:USDT,298.08,0.19,298.09,2.15,298.11,364693.16,106255060.5441
1753505081775,04:44:41.775,bybit,AAVE/USDT:USDT,298.08,0.19,298.09,3.91,298.11,364693.16,106255060.5441
1753505081974,04:44:41.974,bybit,AAVE/USDT:USDT,298.08,0.19,298.09,5.67,298.11,364693.16,106255060.5441
1753505082675,04:44:42.675,bybit,AAVE/USDT:USDT,298.08,0.19,298.09,11.1,298.11,364693.16,106255060.5441
1753505083275,04:44:43.275,bybit,AAVE/USDT:USDT,298.08,0.19,298.09,11.1,298.11,364693.16,106255060.5441
1753505083574,04:44:43.574,bybit,AAVE/USDT:USDT,298.08,0.19,298.09,11.1,298.11,364693.16,106255060.5441
1753505084674,04:44:44.674,bybit,AAVE/USDT:USDT,298.08,0.19,298.09,11.72,298.11,364693.16,106255060.5441
1753505085474,04:44:45.474,bybit,AAVE/USDT:USDT,298.07,0.71,298.08,3.4,298.11,364693.16,106255060.5441
1753505085574,04:44:45.574,bybit,AAVE/USDT:USDT,298.07,0.71,298.08,3.5,298.11,364693.16,106255060.5441
1753505088174,04:44:48.174,bybit,AAVE/USDT:USDT,298.07,0.71,298.08,7.29,298.11,364693.16,106255060.5441
1753505088274,04:44:48.274,bybit,AAVE/USDT:USDT,298.07,0.71,298.08,9.33,298.11,364693.16,106255060.5441
1753505090774,04:44:50.774,bybit,AAVE/USDT:USDT,298.07,0.71,298.08,9.33,298.11,364693.16,106255060.5441
1753505091474,04:44:51.474,bybit,AAVE/USDT:USDT,298.07,3.29,298.08,9.23,298.11,364693.16,106255060.5441
1753505091574,04:44:51.574,bybit,AAVE/USDT:USDT,298.09,3.8,298.1,0.02,298.08,364702.39,106257811.8225
1753505091674,04:44:51.674,bybit,AAVE/USDT:USDT,298.11,3.57,298.12,0.94,298.11,364702.86,106257951.9298
1753505091774,04:44:51.774,bybit,AAVE/USDT:USDT,298.11,3.57,298.12,2.45,298.11,364702.86,106257951.9298
1753505091874,04:44:51.874,bybit,AAVE/USDT:USDT,298.11,0.91,298.12,2.45,298.11,364702.86,106257951.9298
1753505092274,04:44:52.274,bybit,AAVE/USDT:USDT,298.11,1.62,298.12,2.45,298.11,364702.86,106257951.9298
1753505092774,04:44:52.774,bybit,AAVE/USDT:USDT,298.11,1.62,298.12,0.94,298.11,364702.86,106257951.9298
1753505093574,04:44:53.574,bybit,AAVE/USDT:USDT,298.11,4.25,298.12,0.94,298.11,364702.86,106257951.9298
1753505093774,04:44:53.774,bybit,AAVE/USDT:USDT,298.11,4.25,298.12,0.52,298.11,364702.86,106257951.9298
1753505093874,04:44:53.874,bybit,AAVE/USDT:USDT,298.11,4.25,298.12,0.28,298.11,364702.86,106257951.9298
1753505094074,04:44:54.074,bybit,AAVE/USDT:USDT,298.11,4.25,298.12,0.28,298.11,364702.86,106257951.9298
1753505094374,04:44:54.374,bybit,AAVE/USDT:USDT,298.11,0.71,298.12,1.46,298.11,364702.86,106257951.9298
1753505094474,04:44:54.474,bybit,AAVE/USDT:USDT,298.1,0.02,298.11,1.18,298.11,364702.86,106257951.9298
1753505094574,04:44:54.574,bybit,AAVE/USDT:USDT,298.1,2.6,298.11,0.76,298.11,364702.86,106257951.9298
1753505094774,04:44:54.774,bybit,AAVE/USDT:USDT,298.11,2.91,298.12,0.28,298.11,364702.86,106257951.9298
1753505094874,04:44:54.874,bybit,AAVE/USDT:USDT,298.11,2.58,298.12,0.7,298.11,364702.86,106257951.9298
1753505095274,04:44:55.274,bybit,AAVE/USDT:USDT,298.11,3.3,298.12,0.28,298.11,364702.86,106257951.9298
1753505095574,04:44:55.574,bybit,AAVE/USDT:USDT,298.11,3.37,298.12,0.28,298.11,364702.86,106257951.9298
1753505095874,04:44:55.874,bybit,AAVE/USDT:USDT,298.11,3.37,298.12,0.38,298.11,364702.86,106257951.9298
1753505097375,04:44:57.375,bybit,AAVE/USDT:USDT,298.11,3.37,298.12,0.28,298.11,364702.86,106257951.9298
1753505097474,04:44:57.474,bybit,AAVE/USDT:USDT,298.11,3.37,298.12,0.39,298.11,364702.86,106257951.9298
1753505097774,04:44:57.774,bybit,AAVE/USDT:USDT,298.11,6.09,298.12,0.39,298.11,364702.86,106257951.9298
1753505098275,04:44:58.275,bybit,AAVE/USDT:USDT,298.11,6.1,298.12,0.39,298.11,364702.86,106257951.9298
1753505098874,04:44:58.874,bybit,AAVE/USDT:USDT,298.11,3.82,298.12,0.39,298.11,364702.86,106257951.9298
1753505099674,04:44:59.674,bybit,AAVE/USDT:USDT,298.11,3.82,298.12,0.41,298.11,364702.86,106257951.9298
1753505099875,04:44:59.875,bybit,AAVE/USDT:USDT,298.11,3.31,298.12,0.41,298.11,364702.86,106257951.9298
1753505099974,04:44:59.974,bybit,AAVE/USDT:USDT,298.11,0.73,298.12,0.83,298.11,364702.86,106257951.9298
1753505100074,04:45:00.074,bybit,AAVE/USDT:USDT,298.11,0.73,298.12,4.91,298.11,364702.86,106257951.9298
1753505100174,04:45:00.174,bybit,AAVE/USDT:USDT,298.11,0.73,298.12,1.17,298.11,364702.86,106257951.9298
1753505100474,04:45:00.474,bybit,AAVE/USDT:USDT,298.11,0.73,298.12,2.68,298.11,364702.86,106257951.9298
1753505100875,04:45:00.875,bybit,AAVE/USDT:USDT,298.11,0.73,298.12,3.38,298.11,364702.86,106257951.9298
1753505100974,04:45:00.974,bybit,AAVE/USDT:USDT,298.11,0.06,298.12,3.38,298.11,364703.53,106258151.6635
1753505101074,04:45:01.074,bybit,AAVE/USDT:USDT,298.1,0.02,298.11,5.54,298.11,364703.59,106258169.5501
1753505101174,04:45:01.174,bybit,AAVE/USDT:USDT,298.07,0.68,298.09,0.42,298.11,364703.59,106258169.5501
1753505101874,04:45:01.874,bybit,AAVE/USDT:USDT,298.07,0.42,298.08,0.13,298.11,364703.59,106258169.5501
1753505102074,04:45:02.074,bybit,AAVE/USDT:USDT,298.06,5.47,298.07,1.18,298.11,364703.59,106258169.5501
1753505102174,04:45:02.174,bybit,AAVE/USDT:USDT,298.06,5.47,298.07,0.76,298.11,364703.59,106258169.5501
1753505102674,04:45:02.674,bybit,AAVE/USDT:USDT,298.06,5.47,298.07,0.13,298.11,364703.59,106258169.5501
1753505102775,04:45:02.775,bybit,AAVE/USDT:USDT,298.06,5.47,298.07,3.89,298.11,364703.59,106258169.5501
1753505102874,04:45:02.874,bybit,AAVE/USDT:USDT,298.06,0.02,298.07,3.89,298.11,364703.59,106258169.5501
1753505102974,04:45:02.974,bybit,AAVE/USDT:USDT,298.06,0.02,298.07,3.22,298.07,364704.26,106258369.257
1753505103074,04:45:03.074,bybit,AAVE/USDT:USDT,298.06,0.04,298.07,3.22,298.07,364704.26,106258369.257
1753505103274,04:45:03.274,bybit,AAVE/USDT:USDT,298.06,0.04,298.07,1.11,298.07,364704.4,106258410.9868
1753505105074,04:45:05.074,bybit,AAVE/USDT:USDT,298.06,0.04,298.07,1.43,298.07,364704.4,106258410.9868
1753505106274,04:45:06.274,bybit,AAVE/USDT:USDT,298.06,0.36,298.07,1.43,298.07,364704.4,106258410.9868
1753505106474,04:45:06.474,bybit,AAVE/USDT:USDT,298.06,0.36,298.07,5.01,298.07,364704.4,106258410.9868
1753505106574,04:45:06.574,bybit,AAVE/USDT:USDT,298.06,0.36,298.07,2.75,298.07,364704.4,106258410.9868
1753505106674,04:45:06.674,bybit,AAVE/USDT:USDT,298.06,0.36,298.07,2.75,298.07,364704.4,106258410.9868
1753505107074,04:45:07.074,bybit,AAVE/USDT:USDT,298.06,0.36,298.07,3.39,298.07,364704.4,106258410.9868
1753505107274,04:45:07.274,bybit,AAVE/USDT:USDT,298.06,0.36,298.07,3.39,298.07,364704.4,106258410.9868
1753505107575,04:45:07.575,bybit,AAVE/USDT:USDT,298.06,0.36,298.07,3.43,298.07,364704.4,106258410.9868
1753505107874,04:45:07.874,bybit,AAVE/USDT:USDT,298.06,0.36,298.07,3.53,298.07,364704.4,106258410.9868
1753505108074,04:45:08.074,bybit,AAVE/USDT:USDT,298.06,0.36,298.07,4.09,298.07,364704.4,106258410.9868
1753505108274,04:45:08.274,bybit,AAVE/USDT:USDT,298.06,0.36,298.07,3.4,298.07,364704.4,106258410.9868
1753505108375,04:45:08.375,bybit,AAVE/USDT:USDT,298.06,0.58,298.07,3.4,298.07,364704.4,106258410.9868
1753505108674,04:45:08.674,bybit,AAVE/USDT:USDT,298.06,0.58,298.07,1.34,298.07,364704.4,106258410.9868
1753505108774,04:45:08.774,bybit,AAVE/USDT:USDT,298.06,0.58,298.07,1.45,298.07,364704.4,106258410.9868
1753505109474,04:45:09.474,bybit,AAVE/USDT:USDT,298.06,0.58,298.07,1.9,298.07,364704.4,106258410.9868
1753505109974,04:45:09.974,bybit,AAVE/USDT:USDT,298.06,0.58,298.07,2.22,298.07,364704.4,106258410.9868
1753505110175,04:45:10.175,bybit,AAVE/USDT:USDT,298.06,0.58,298.07,2.2,298.07,364704.4,106258410.9868
1753505110375,04:45:10.375,bybit,AAVE/USDT:USDT,298.06,0.58,298.07,1.44,298.07,364704.4,106258410.9868
1753505110475,04:45:10.475,bybit,AAVE/USDT:USDT,298.06,0.58,298.07,1.76,298.07,364704.4,106258410.9868
1753505111774,04:45:11.774,bybit,AAVE/USDT:USDT,298.06,0.58,298.07,1.76,298.07,364704.4,106258410.9868
1753505112575,04:45:12.575,bybit,AAVE/USDT:USDT,298.06,0.58,298.07,1.44,298.07,364704.4,106258410.9868
1753505113075,04:45:13.075,bybit,AAVE/USDT:USDT,298.06,0.58,298.07,1.45,298.07,364704.4,106258410.9868
1753505114574,04:45:14.574,bybit,AAVE/USDT:USDT,298.06,0.58,298.07,1.47,298.07,364704.4,106258410.9868
1753505114874,04:45:14.874,bybit,AAVE/USDT:USDT,298.06,0.58,298.07,1.15,298.07,364704.4,106258410.9868
1753505115174,04:45:15.174,bybit,AAVE/USDT:USDT,298.06,2.19,298.07,1.15,298.07,364704.4,106258410.9868
1753505115474,04:45:15.474,bybit,AAVE/USDT:USDT,298.06,2.19,298.07,0.83,298.07,364704.4,106258410.9868
1753505116175,04:45:16.175,bybit,AAVE/USDT:USDT,298.06,0.58,298.07,0.83,298.07,364704.4,106258410.9868
1753505118074,04:45:18.074,bybit,AAVE/USDT:USDT,298.06,2.19,298.07,0.83,298.07,364704.4,106258410.9868
1753505118374,04:45:18.374,bybit,AAVE/USDT:USDT,298.06,2.19,298.07,0.83,298.07,364704.4,106258410.9868
1753505118474,04:45:18.474,bybit,AAVE/USDT:USDT,298.06,2.19,298.07,0.93,298.07,364704.4,106258410.9868
1753505118574,04:45:18.574,bybit,AAVE/USDT:USDT,298.06,2.19,298.07,0.83,298.07,364704.4,106258410.9868
1753505120874,04:45:20.874,bybit,AAVE/USDT:USDT,298.06,1.96,298.07,0.83,298.06,364704.63,106258479.5406
1753505120974,04:45:20.974,bybit,AAVE/USDT:USDT,298.06,1.96,298.07,0.83,298.06,364704.63,106258479.5406
1753505121374,04:45:21.374,bybit,AAVE/USDT:USDT,298.06,1.96,298.07,0.83,298.06,364704.63,106258479.5406
1753505121574,04:45:21.574,bybit,AAVE/USDT:USDT,298.06,6.1,298.07,0.83,298.06,364704.63,106258479.5406
1753505121675,04:45:21.675,bybit,AAVE/USDT:USDT,298.06,6.1,298.07,1.46,298.06,364704.63,106258479.5406
1753505121874,04:45:21.874,bybit,AAVE/USDT:USDT,298.06,6.1,298.07,1.07,298.07,364705.02,106258595.7879
1753505121974,04:45:21.974,bybit,AAVE/USDT:USDT,298.06,6.1,298.07,1.07,298.07,364705.02,106258595.7879
1753505122274,04:45:22.274,bybit,AAVE/USDT:USDT,298.06,6.1,298.07,1.07,298.07,364705.02,106258595.7879
1753505122874,04:45:22.874,bybit,AAVE/USDT:USDT,298.06,3.46,298.07,1.07,298.07,364705.02,106258595.7879
1753505123774,04:45:23.774,bybit,AAVE/USDT:USDT,298.06,4.26,298.07,1.07,298.07,364705.02,106258595.7879
1753505123874,04:45:23.874,bybit,AAVE/USDT:USDT,298.06,2.76,298.07,1.07,298.07,364705.02,106258595.7879
1753505123974,04:45:23.974,bybit,AAVE/USDT:USDT,298.06,2.76,298.07,1.17,298.07,364705.02,106258595.7879
1753505124975,04:45:24.975,bybit,AAVE/USDT:USDT,298.06,1.15,298.07,1.17,298.07,364705.02,106258595.7879
1753505125074,04:45:25.074,bybit,AAVE/USDT:USDT,298.06,1.15,298.07,1.41,298.07,364705.02,106258595.7879
1753505125374,04:45:25.374,bybit,AAVE/USDT:USDT,298.06,3.09,298.07,1.41,298.07,364705.02,106258595.7879
1753505125474,04:45:25.474,bybit,AAVE/USDT:USDT,298.06,3.09,298.07,2.08,298.07,364705.02,106258595.7879
1753505126174,04:45:26.174,bybit,AAVE/USDT:USDT,298.06,3.09,298.07,3.03,298.07,364705.02,106258595.7879
1753505126274,04:45:26.274,bybit,AAVE/USDT:USDT,298.06,3.18,298.07,3.16,298.07,364705.02,106258595.7879
1753505126674,04:45:26.674,bybit,AAVE/USDT:USDT,298.06,3.09,298.07,3.41,298.07,364705.02,106258595.7879
1753505127374,04:45:27.374,bybit,AAVE/USDT:USDT,298.06,3.09,298.07,3.44,298.07,364705.02,106258595.7879
1753505127674,04:45:27.674,bybit,AAVE/USDT:USDT,298.06,3.09,298.07,4.72,298.07,364705.02,106258595.7879
1753505128374,04:45:28.374,bybit,AAVE/USDT:USDT,298.06,3.09,298.07,4.65,298.07,364705.02,106258595.7879
1753505130474,04:45:30.474,bybit,AAVE/USDT:USDT,298.06,3.42,298.07,4.77,298.07,364705.02,106258595.7879
1753505130674,04:45:30.674,bybit,AAVE/USDT:USDT,298.06,3.52,298.07,4.77,298.07,364705.02,106258595.7879
1753505131074,04:45:31.074,bybit,AAVE/USDT:USDT,298.06,3.3,298.07,4.77,298.07,364705.02,106258595.7879
1753505131374,04:45:31.374,bybit,AAVE/USDT:USDT,298.06,3.33,298.07,4.77,298.07,364705.02,106258595.7879
1753505132475,04:45:32.475,bybit,AAVE/USDT:USDT,298.06,3.33,298.07,4.79,298.07,364705.02,106258595.7879
1753505132574,04:45:32.574,bybit,AAVE/USDT:USDT,298.06,3.69,298.07,4.79,298.07,364705.02,106258595.7879
1753505132774,04:45:32.774,bybit,AAVE/USDT:USDT,298.06,3.69,298.07,4.79,298.07,364705.02,106258595.7879
1753505133174,04:45:33.174,bybit,AAVE/USDT:USDT,298.06,3.69,298.07,2.79,298.07,364707.02,106259191.9279
1753505133275,04:45:33.275,bybit,AAVE/USDT:USDT,298.06,3.69,298.07,3.58,298.07,364707.02,106259191.9279
1753505134374,04:45:34.374,bybit,AAVE/USDT:USDT,298.06,3.33,298.07,3.58,298.07,364707.02,106259191.9279
1753505134474,04:45:34.474,bybit,AAVE/USDT:USDT,298.06,3.22,298.07,3.28,298.07,364707.02,106259191.9279
1753505134574,04:45:34.574,bybit,AAVE/USDT:USDT,298.06,3.22,298.07,3.58,298.07,364707.02,106259191.9279
1753505135274,04:45:35.274,bybit,AAVE/USDT:USDT,298.06,3.27,298.07,3.58,298.07,364707.02,106259191.9279
1753505135474,04:45:35.474,bybit,AAVE/USDT:USDT,298.06,3.22,298.07,3.58,298.07,364707.02,106259191.9279
1753505135774,04:45:35.774,bybit,AAVE/USDT:USDT,298.06,3.22,298.07,4.22,298.07,364601.37,106228942.3997
1753505136474,04:45:36.474,bybit,AAVE/USDT:USDT,298.06,3.22,298.07,4.58,298.07,364601.37,106228942.3997
1753505136574,04:45:36.574,bybit,AAVE/USDT:USDT,298.06,3.22,298.07,4.62,298.07,364601.37,106228942.3997
1753505137574,04:45:37.574,bybit,AAVE/USDT:USDT,298.01,4.82,298.02,2.87,298.01,364606.22,106230387.9202
1753505137675,04:45:37.675,bybit,AAVE/USDT:USDT,298.01,4.82,298.02,1.63,298.01,364606.22,106230387.9202
1753505137775,04:45:37.775,bybit,AAVE/USDT:USDT,298.01,4.8,298.02,1.63,298.01,364606.22,106230387.9202
1753505137874,04:45:37.874,bybit,AAVE/USDT:USDT,298.01,4.8,298.02,2.27,298.01,364606.22,106230387.9202
1753505138275,04:45:38.275,bybit,AAVE/USDT:USDT,298.01,4.8,298.02,2.53,298.01,364606.22,106230387.9202
1753505138474,04:45:38.474,bybit,AAVE/USDT:USDT,298.01,4.8,298.02,2.53,298.01,364606.22,106230387.9202
1753505138574,04:45:38.574,bybit,AAVE/USDT:USDT,298.01,4.8,298.02,2.87,298.01,364606.22,106230387.9202
1753505138874,04:45:38.874,bybit,AAVE/USDT:USDT,298.01,4.8,298.02,3.29,298.01,364606.22,106230387.9202
1753505140374,04:45:40.374,bybit,AAVE/USDT:USDT,298.0,2.29,298.02,3.29,298.01,364606.22,106230387.9202
1753505140574,04:45:40.574,bybit,AAVE/USDT:USDT,298.01,0.54,298.02,3.29,298.01,364606.22,106230387.9202
1753505140975,04:45:40.975,bybit,AAVE/USDT:USDT,298.0,2.29,298.01,0.42,298.01,364606.22,106230387.9202
1753505141075,04:45:41.075,bybit,AAVE/USDT:USDT,298.0,2.29,298.01,0.84,298.01,364606.22,106230387.9202
1753505141274,04:45:41.274,bybit,AAVE/USDT:USDT,298.0,2.25,298.01,1.42,298.01,364606.22,106230387.9202
1753505141574,04:45:41.574,bybit,AAVE/USDT:USDT,298.0,3.73,298.01,1.0,298.01,364606.22,106230387.9202
1753505141674,04:45:41.674,bybit,AAVE/USDT:USDT,298.0,3.73,298.01,2.74,298.01,364606.22,106230387.9202
1753505141774,04:45:41.774,bybit,AAVE/USDT:USDT,298.0,3.73,298.01,2.74,298.01,364606.22,106230387.9202
1753505141974,04:45:41.974,bybit,AAVE/USDT:USDT,298.0,1.67,298.01,2.74,298.01,364606.22,106230387.9202
1753505142375,04:45:42.375,bybit,AAVE/USDT:USDT,298.0,1.67,298.01,2.74,298.01,364606.22,106230387.9202
