timestamp,time,exchange,symbol,bid,bidVolume,ask,askVolume,lastPrice,baseVolume,quoteVolume
1753507239897,05:20:39.897,bybit,ADA/USDT:USDT,0.8227,8503.0,0.8228,18984.0,0.8226,446152316.0,356762431.2463
1753507240498,05:20:40.498,bybit,ADA/USDT:USDT,0.8227,9106.0,0.8228,20512.0,0.8226,446152316.0,356762431.2463
1753507240598,05:20:40.598,bybit,ADA/USDT:USDT,0.8227,9106.0,0.8228,18977.0,0.8226,446152316.0,356762431.2463
1753507240698,05:20:40.698,bybit,ADA/USDT:USDT,0.8227,9623.0,0.8228,18977.0,0.8226,446152316.0,356762431.2463
1753507240797,05:20:40.797,bybit,ADA/USDT:USDT,0.8227,9623.0,0.8228,10607.0,0.8226,446152316.0,356762431.2463
1753507240898,05:20:40.898,bybit,ADA/USDT:USDT,0.8227,963.0,0.8228,16982.0,0.8226,446152316.0,356762431.2463
1753507242598,05:20:42.598,bybit,ADA/USDT:USDT,0.8227,17867.0,0.8228,3489.0,0.8227,446152616.0,356762678.0563
1753507243097,05:20:43.097,bybit,ADA/USDT:USDT,0.8227,17867.0,0.8228,3489.0,0.8227,446152616.0,356762678.0563
1753507243897,05:20:43.897,bybit,ADA/USDT:USDT,0.8227,17843.0,0.8228,3489.0,0.8227,446152616.0,356762678.0563
1753507243997,05:20:43.997,bybit,ADA/USDT:USDT,0.8227,17877.0,0.8228,3489.0,0.8227,446152616.0,356762678.0563
1753507244397,05:20:44.397,bybit,ADA/USDT:USDT,0.8227,17880.0,0.8228,3001.0,0.8227,446152616.0,356762678.0563
1753507244497,05:20:44.497,bybit,ADA/USDT:USDT,0.8227,17880.0,0.8228,3487.0,0.8227,446152616.0,356762678.0563
1753507244597,05:20:44.597,bybit,ADA/USDT:USDT,0.8227,17175.0,0.8228,3487.0,0.8227,445638056.0,356346701.0281
1753507244698,05:20:44.698,bybit,ADA/USDT:USDT,0.8227,17911.0,0.8228,3487.0,0.8227,445638056.0,356346701.0281
1753507245597,05:20:45.597,bybit,ADA/USDT:USDT,0.8227,17912.0,0.8228,3487.0,0.8227,445638056.0,356346701.0281
1753507245998,05:20:45.998,bybit,ADA/USDT:USDT,0.8227,17885.0,0.8228,3487.0,0.8227,445638056.0,356346701.0281
1753507246098,05:20:46.098,bybit,ADA/USDT:USDT,0.8227,17926.0,0.8228,3487.0,0.8227,445638056.0,356346701.0281
1753507246398,05:20:46.398,bybit,ADA/USDT:USDT,0.8227,17925.0,0.8228,3487.0,0.8227,445638056.0,356346701.0281
1753507246697,05:20:46.697,bybit,ADA/USDT:USDT,0.8227,17925.0,0.8228,974.0,0.8227,445638056.0,356346701.0281
1753507246797,05:20:46.797,bybit,ADA/USDT:USDT,0.8227,17925.0,0.8228,973.0,0.8227,445638056.0,356346701.0281
1753507246897,05:20:46.897,bybit,ADA/USDT:USDT,0.8227,17939.0,0.8228,1498.0,0.8227,445638056.0,356346701.0281
1753507246997,05:20:46.997,bybit,ADA/USDT:USDT,0.8227,17968.0,0.8228,1498.0,0.8227,445638056.0,356346701.0281
1753507247297,05:20:47.297,bybit,ADA/USDT:USDT,0.8227,11068.0,0.8228,6034.0,0.8227,445638056.0,356346701.0281
1753507247398,05:20:47.398,bybit,ADA/USDT:USDT,0.8227,11068.0,0.8228,1986.0,0.8227,445638056.0,356346701.0281
1753507247498,05:20:47.498,bybit,ADA/USDT:USDT,0.8227,16068.0,0.8228,1986.0,0.8227,445638056.0,356346701.0281
1753507247597,05:20:47.597,bybit,ADA/USDT:USDT,0.8227,16068.0,0.8228,3839.0,0.8227,445638056.0,356346701.0281
1753507247697,05:20:47.697,bybit,ADA/USDT:USDT,0.8227,11068.0,0.8228,1986.0,0.8227,445638056.0,356346701.0281
1753507247997,05:20:47.997,bybit,ADA/USDT:USDT,0.8227,11336.0,0.8228,1986.0,0.8227,445638056.0,356346701.0281
1753507248397,05:20:48.397,bybit,ADA/USDT:USDT,0.8227,11464.0,0.8228,1986.0,0.8227,445638056.0,356346701.0281
1753507248497,05:20:48.497,bybit,ADA/USDT:USDT,0.8227,16964.0,0.8228,2919.0,0.8227,445638056.0,356346701.0281
1753507248698,05:20:48.698,bybit,ADA/USDT:USDT,0.8227,16976.0,0.8228,2919.0,0.8227,445638056.0,356346701.0281
1753507248997,05:20:48.997,bybit,ADA/USDT:USDT,0.8227,11477.0,0.8228,1986.0,0.8227,445638056.0,356346701.0281
1753507249198,05:20:49.198,bybit,ADA/USDT:USDT,0.8227,6882.0,0.8228,1986.0,0.8227,445638056.0,356346701.0281
1753507249497,05:20:49.497,bybit,ADA/USDT:USDT,0.8227,12382.0,0.8228,3521.0,0.8227,445638056.0,356346701.0281
1753507249597,05:20:49.597,bybit,ADA/USDT:USDT,0.8227,12382.0,0.8228,1986.0,0.8227,445638056.0,356346701.0281
1753507249797,05:20:49.797,bybit,ADA/USDT:USDT,0.8227,12780.0,0.8228,3149.0,0.8227,445638056.0,356346701.0281
1753507249897,05:20:49.897,bybit,ADA/USDT:USDT,0.8227,6100.0,0.8228,12591.0,0.8227,445638056.0,356346701.0281
1753507249997,05:20:49.997,bybit,ADA/USDT:USDT,0.8227,2941.0,0.8228,14978.0,0.8227,445638056.0,356346701.0281
1753507250197,05:20:50.197,bybit,ADA/USDT:USDT,0.8227,3002.0,0.8228,14978.0,0.8227,445638056.0,356346701.0281
1753507250497,05:20:50.497,bybit,ADA/USDT:USDT,0.8227,3002.0,0.8228,18943.0,0.8227,445638056.0,356346701.0281
1753507250597,05:20:50.597,bybit,ADA/USDT:USDT,0.8227,3002.0,0.8228,18943.0,0.8227,445638056.0,356346701.0281
1753507250797,05:20:50.797,bybit,ADA/USDT:USDT,0.8227,3002.0,0.8228,20478.0,0.8227,445638056.0,356346701.0281
1753507250898,05:20:50.898,bybit,ADA/USDT:USDT,0.8227,3002.0,0.8228,18943.0,0.8227,445638056.0,356346701.0281
1753507251097,05:20:51.097,bybit,ADA/USDT:USDT,0.8227,2987.0,0.8228,18943.0,0.8227,445638056.0,356346701.0281
1753507251198,05:20:51.198,bybit,ADA/USDT:USDT,0.8227,2987.0,0.8228,20478.0,0.8227,445638056.0,356346701.0281
1753507251397,05:20:51.397,bybit,ADA/USDT:USDT,0.8227,2976.0,0.8228,18943.0,0.8227,445638056.0,356346701.0281
1753507251597,05:20:51.597,bybit,ADA/USDT:USDT,0.8227,2976.0,0.8228,11908.0,0.8227,445638056.0,356346701.0281
1753507251798,05:20:51.798,bybit,ADA/USDT:USDT,0.8227,5728.0,0.8228,16624.0,0.8229,445688056.0,356387844.4697
1753507251898,05:20:51.898,bybit,ADA/USDT:USDT,0.8227,6216.0,0.8228,9443.0,0.8229,445688056.0,356387844.4697
1753507252097,05:20:52.097,bybit,ADA/USDT:USDT,0.8227,6175.0,0.8228,9443.0,0.8229,445688056.0,356387844.4697
1753507252197,05:20:52.197,bybit,ADA/USDT:USDT,0.8227,6266.0,0.8228,9443.0,0.8229,445688056.0,356387844.4697
1753507252297,05:20:52.297,bybit,ADA/USDT:USDT,0.8227,7327.0,0.8228,9443.0,0.8229,445688056.0,356387844.4697
1753507252598,05:20:52.598,bybit,ADA/USDT:USDT,0.8227,6291.0,0.8228,9443.0,0.8229,445688056.0,356387844.4697
1753507252897,05:20:52.897,bybit,ADA/USDT:USDT,0.8227,5803.0,0.8228,10978.0,0.8229,445688056.0,356387844.4697
1753507252997,05:20:52.997,bybit,ADA/USDT:USDT,0.8227,5803.0,0.8228,12513.0,0.8229,445688056.0,356387844.4697
1753507253097,05:20:53.097,bybit,ADA/USDT:USDT,0.8227,5803.0,0.8228,9443.0,0.8229,445688056.0,356387844.4697
1753507253198,05:20:53.198,bybit,ADA/USDT:USDT,0.8227,5790.0,0.8228,9443.0,0.8229,445688056.0,356387844.4697
1753507253297,05:20:53.297,bybit,ADA/USDT:USDT,0.8227,5790.0,0.8228,9443.0,0.8229,445688056.0,356387844.4697
1753507253497,05:20:53.497,bybit,ADA/USDT:USDT,0.8227,5790.0,0.8228,10088.0,0.8229,445688056.0,356387844.4697
1753507253597,05:20:53.597,bybit,ADA/USDT:USDT,0.8227,5793.0,0.8228,10088.0,0.8229,445688056.0,356387844.4697
1753507253897,05:20:53.897,bybit,ADA/USDT:USDT,0.8227,6564.0,0.8228,7641.0,0.8229,445688056.0,356387844.4697
1753507254197,05:20:54.197,bybit,ADA/USDT:USDT,0.8227,6576.0,0.8228,7641.0,0.8229,445688056.0,356387844.4697
1753507254298,05:20:54.298,bybit,ADA/USDT:USDT,0.8227,6578.0,0.8228,7641.0,0.8229,445688056.0,356387844.4697
1753507254398,05:20:54.398,bybit,ADA/USDT:USDT,0.8227,7066.0,0.8228,7641.0,0.8229,445688056.0,356387844.4697
1753507254598,05:20:54.598,bybit,ADA/USDT:USDT,0.8227,7068.0,0.8228,6996.0,0.8229,445688056.0,356387844.4697
1753507254698,05:20:54.698,bybit,ADA/USDT:USDT,0.8227,12381.0,0.8228,3698.0,0.8229,445688056.0,356387844.4697
1753507254997,05:20:54.997,bybit,ADA/USDT:USDT,0.8227,12381.0,0.8228,3139.0,0.8229,445688056.0,356387844.4697
1753507255097,05:20:55.097,bybit,ADA/USDT:USDT,0.8227,12384.0,0.8228,7139.0,0.8229,445688056.0,356387844.4697
1753507255198,05:20:55.198,bybit,ADA/USDT:USDT,0.8227,6300.0,0.8228,11274.0,0.8229,445688056.0,356387844.4697
1753507255297,05:20:55.297,bybit,ADA/USDT:USDT,0.8227,9538.0,0.8228,2896.0,0.8229,445688056.0,356387844.4697
1753507255497,05:20:55.497,bybit,ADA/USDT:USDT,0.8227,8530.0,0.8228,5496.0,0.8229,445688056.0,356387844.4697
1753507255598,05:20:55.598,bybit,ADA/USDT:USDT,0.8227,9301.0,0.8228,2896.0,0.8229,445688056.0,356387844.4697
1753507255697,05:20:55.697,bybit,ADA/USDT:USDT,0.8227,9301.0,0.8228,5496.0,0.8229,445688056.0,356387844.4697
1753507255898,05:20:55.898,bybit,ADA/USDT:USDT,0.8227,11218.0,0.8228,2896.0,0.8229,445688056.0,356387844.4697
1753507256098,05:20:56.098,bybit,ADA/USDT:USDT,0.8227,11218.0,0.8228,5496.0,0.8229,445688056.0,356387844.4697
1753507256297,05:20:56.297,bybit,ADA/USDT:USDT,0.8227,11218.0,0.8228,1496.0,0.8229,445688056.0,356387844.4697
1753507256398,05:20:56.398,bybit,ADA/USDT:USDT,0.8227,14718.0,0.8228,2713.0,0.8229,445688056.0,356387844.4697
1753507256498,05:20:56.498,bybit,ADA/USDT:USDT,0.8227,16253.0,0.8228,2713.0,0.8229,445688056.0,356387844.4697
1753507256597,05:20:56.597,bybit,ADA/USDT:USDT,0.8227,11453.0,0.8228,4096.0,0.8229,445688056.0,356387844.4697
1753507256697,05:20:56.697,bybit,ADA/USDT:USDT,0.8227,11453.0,0.8228,2887.0,0.8229,445688056.0,356387844.4697
1753507257197,05:20:57.197,bybit,ADA/USDT:USDT,0.8227,11019.0,0.8228,2887.0,0.8229,445688056.0,356387844.4697
1753507257297,05:20:57.297,bybit,ADA/USDT:USDT,0.8227,11504.0,0.8228,1496.0,0.8229,445688056.0,356387844.4697
1753507257398,05:20:57.398,bybit,ADA/USDT:USDT,0.8227,11490.0,0.8228,6996.0,0.8229,445688056.0,356387844.4697
1753507257698,05:20:57.698,bybit,ADA/USDT:USDT,0.8227,12631.0,0.8228,6996.0,0.8229,445688056.0,356387844.4697
1753507257897,05:20:57.897,bybit,ADA/USDT:USDT,0.8227,12631.0,0.8228,3319.0,0.8229,445688056.0,356387844.4697
1753507258197,05:20:58.197,bybit,ADA/USDT:USDT,0.8227,12617.0,0.8228,3319.0,0.8229,445688056.0,356387844.4697
1753507258297,05:20:58.297,bybit,ADA/USDT:USDT,0.8227,12608.0,0.8228,3319.0,0.8229,445688056.0,356387844.4697
1753507258397,05:20:58.397,bybit,ADA/USDT:USDT,0.8227,12608.0,0.8228,8319.0,0.8229,445688056.0,356387844.4697
1753507258497,05:20:58.497,bybit,ADA/USDT:USDT,0.8227,12608.0,0.8228,10919.0,0.8229,445688056.0,356387844.4697
1753507258597,05:20:58.597,bybit,ADA/USDT:USDT,0.8227,12608.0,0.8228,3319.0,0.8229,445688056.0,356387844.4697
1753507258797,05:20:58.797,bybit,ADA/USDT:USDT,0.8227,12630.0,0.8228,2724.0,0.8229,445688056.0,356387844.4697
1753507258898,05:20:58.898,bybit,ADA/USDT:USDT,0.8227,14165.0,0.8228,1496.0,0.8229,445688056.0,356387844.4697
1753507258997,05:20:58.997,bybit,ADA/USDT:USDT,0.8227,15736.0,0.8228,1496.0,0.8229,445688056.0,356387844.4697
1753507259097,05:20:59.097,bybit,ADA/USDT:USDT,0.8228,16547.0,0.8229,19139.0,0.8229,445688056.0,356387844.4697
1753507259198,05:20:59.198,bybit,ADA/USDT:USDT,0.8228,488.0,0.8229,22319.0,0.8229,445688056.0,356387844.4697
1753507259297,05:20:59.297,bybit,ADA/USDT:USDT,0.8227,28047.0,0.8228,1008.0,0.8229,445688056.0,356387844.4697
1753507259397,05:20:59.397,bybit,ADA/USDT:USDT,0.8227,23172.0,0.8228,1008.0,0.8229,445688056.0,356387844.4697
1753507259598,05:20:59.598,bybit,ADA/USDT:USDT,0.8227,24742.0,0.8228,1008.0,0.8229,445688056.0,356387844.4697
1753507259697,05:20:59.697,bybit,ADA/USDT:USDT,0.8227,24816.0,0.8228,1008.0,0.8229,445688056.0,356387844.4697
1753507259897,05:20:59.897,bybit,ADA/USDT:USDT,0.8227,24816.0,0.8228,3899.0,0.8229,445688056.0,356387844.4697
1753507259997,05:20:59.997,bybit,ADA/USDT:USDT,0.8227,14991.0,0.8228,4387.0,0.8229,445688056.0,356387844.4697
1753507260097,05:21:00.097,bybit,ADA/USDT:USDT,0.8227,13776.0,0.8228,3329.0,0.8229,445688056.0,356387844.4697
1753507260297,05:21:00.297,bybit,ADA/USDT:USDT,0.8227,13793.0,0.8228,3329.0,0.8229,445688056.0,356387844.4697
1753507260397,05:21:00.397,bybit,ADA/USDT:USDT,0.8227,13796.0,0.8228,8829.0,0.8229,445688056.0,356387844.4697
1753507260897,05:21:00.897,bybit,ADA/USDT:USDT,0.8227,7251.0,0.8228,12964.0,0.8229,445688056.0,356387844.4697
1753507261098,05:21:01.098,bybit,ADA/USDT:USDT,0.8227,13313.0,0.8228,2841.0,0.8229,445688056.0,356387844.4697
1753507261298,05:21:01.298,bybit,ADA/USDT:USDT,0.8227,13312.0,0.8228,2841.0,0.8229,445688056.0,356387844.4697
1753507261397,05:21:01.397,bybit,ADA/USDT:USDT,0.8227,13312.0,0.8228,8829.0,0.8229,445688056.0,356387844.4697
1753507261597,05:21:01.597,bybit,ADA/USDT:USDT,0.8227,13322.0,0.8228,8829.0,0.8229,445688056.0,356387844.4697
1753507261697,05:21:01.697,bybit,ADA/USDT:USDT,0.8227,14857.0,0.8228,2841.0,0.8229,445688056.0,356387844.4697
1753507261797,05:21:01.797,bybit,ADA/USDT:USDT,0.8227,13322.0,0.8228,2841.0,0.8229,445688056.0,356387844.4697
1753507262097,05:21:02.097,bybit,ADA/USDT:USDT,0.8227,13322.0,0.8228,1008.0,0.8229,445688056.0,356387844.4697
1753507262397,05:21:02.397,bybit,ADA/USDT:USDT,0.8227,18322.0,0.8228,1008.0,0.8229,445688056.0,356387844.4697
1753507262598,05:21:02.598,bybit,ADA/USDT:USDT,0.8227,16937.0,0.8228,1008.0,0.8229,445688056.0,356387844.4697
1753507262698,05:21:02.698,bybit,ADA/USDT:USDT,0.8227,19938.0,0.8228,3.0,0.8229,445688056.0,356387844.4697
1753507262797,05:21:02.797,bybit,ADA/USDT:USDT,0.8227,13403.0,0.8228,240.0,0.8229,445688056.0,356387844.4697
1753507262897,05:21:02.897,bybit,ADA/USDT:USDT,0.8227,13403.0,0.8228,2940.0,0.8229,445688056.0,356387844.4697
1753507262998,05:21:02.998,bybit,ADA/USDT:USDT,0.8227,13403.0,0.8228,2452.0,0.8229,445688056.0,356387844.4697
1753507263397,05:21:03.397,bybit,ADA/USDT:USDT,0.8227,14183.0,0.8228,2452.0,0.8229,445688056.0,356387844.4697
1753507264097,05:21:04.097,bybit,ADA/USDT:USDT,0.8227,14183.0,0.8228,3.0,0.8229,445688056.0,356387844.4697
1753507264197,05:21:04.197,bybit,ADA/USDT:USDT,0.8227,17242.0,0.8228,3.0,0.8229,445688056.0,356387844.4697
1753507264297,05:21:04.297,bybit,ADA/USDT:USDT,0.8227,16955.0,0.8228,3.0,0.8229,445688056.0,356387844.4697
1753507264397,05:21:04.397,bybit,ADA/USDT:USDT,0.8227,23990.0,0.8228,3.0,0.8229,445688056.0,356387844.4697
1753507264497,05:21:04.497,bybit,ADA/USDT:USDT,0.8228,37896.0,0.8229,11028.0,0.8228,445688059.0,356387846.9381
1753507264597,05:21:04.597,bybit,ADA/USDT:USDT,0.8228,61218.0,0.8229,387.0,0.8229,445695621.0,356394069.7079
1753507264697,05:21:04.697,bybit,ADA/USDT:USDT,0.8228,57058.0,0.8229,387.0,0.8229,445695621.0,356394069.7079
1753507264797,05:21:04.797,bybit,ADA/USDT:USDT,0.8228,55523.0,0.8229,387.0,0.8229,445695621.0,356394069.7079
1753507264897,05:21:04.897,bybit,ADA/USDT:USDT,0.8228,56130.0,0.8229,150.0,0.8229,445695621.0,356394069.7079
1753507264998,05:21:04.998,bybit,ADA/USDT:USDT,0.8228,37118.0,0.8229,1158.0,0.8229,445695621.0,356394069.7079
1753507265097,05:21:05.097,bybit,ADA/USDT:USDT,0.8228,20504.0,0.8229,2246.0,0.8229,445695621.0,356394069.7079
1753507265198,05:21:05.198,bybit,ADA/USDT:USDT,0.8228,13825.0,0.8229,7574.0,0.8229,445695621.0,356394069.7079
1753507265298,05:21:05.298,bybit,ADA/USDT:USDT,0.8228,14342.0,0.8229,6319.0,0.8229,445695621.0,356394069.7079
1753507265497,05:21:05.497,bybit,ADA/USDT:USDT,0.8228,5071.0,0.8229,10454.0,0.8229,445695621.0,356394069.7079
1753507265598,05:21:05.598,bybit,ADA/USDT:USDT,0.8228,5071.0,0.8229,10454.0,0.8229,445695621.0,356394069.7079
1753507265697,05:21:05.697,bybit,ADA/USDT:USDT,0.8228,5071.0,0.8229,8919.0,0.8229,445695621.0,356394069.7079
1753507265797,05:21:05.797,bybit,ADA/USDT:USDT,0.8228,6471.0,0.8229,8919.0,0.8229,445695621.0,356394069.7079
1753507265898,05:21:05.898,bybit,ADA/USDT:USDT,0.8228,6471.0,0.8229,6319.0,0.8229,445695621.0,356394069.7079
1753507265997,05:21:05.997,bybit,ADA/USDT:USDT,0.8228,6471.0,0.8229,4945.0,0.8229,445695621.0,356394069.7079
1753507266297,05:21:06.297,bybit,ADA/USDT:USDT,0.8228,8575.0,0.8229,10445.0,0.8229,445695621.0,356394069.7079
1753507266397,05:21:06.397,bybit,ADA/USDT:USDT,0.8228,11171.0,0.8229,10445.0,0.8229,445695621.0,356394069.7079
1753507266797,05:21:06.797,bybit,ADA/USDT:USDT,0.8228,11171.0,0.8229,3056.0,0.8229,445695621.0,356394069.7079
1753507266897,05:21:06.897,bybit,ADA/USDT:USDT,0.8228,12849.0,0.8229,3056.0,0.8229,445695621.0,356394069.7079
1753507266998,05:21:06.998,bybit,ADA/USDT:USDT,0.8228,12667.0,0.8229,3056.0,0.8228,445695803.0,356394219.4575
1753507267097,05:21:07.097,bybit,ADA/USDT:USDT,0.8228,12667.0,0.8229,3056.0,0.8228,445695803.0,356394219.4575
1753507267298,05:21:07.298,bybit,ADA/USDT:USDT,0.8228,19068.0,0.8229,3056.0,0.8228,445695803.0,356394219.4575
1753507267397,05:21:07.397,bybit,ADA/USDT:USDT,0.8228,13492.0,0.8229,3056.0,0.8228,445695803.0,356394219.4575
1753507267497,05:21:07.497,bybit,ADA/USDT:USDT,0.823,24390.0,0.8231,60545.0,0.8231,445705128.0,356401893.9782
1753507267597,05:21:07.597,bybit,ADA/USDT:USDT,0.823,21296.0,0.8231,60057.0,0.8231,445705128.0,356401893.9782
1753507267697,05:21:07.697,bybit,ADA/USDT:USDT,0.823,26010.0,0.8231,60487.0,0.8231,445705128.0,356401893.9782
1753507267797,05:21:07.797,bybit,ADA/USDT:USDT,0.823,32725.0,0.8231,60171.0,0.8231,445705502.0,356402201.8176
1753507267898,05:21:07.898,bybit,ADA/USDT:USDT,0.823,13893.0,0.8231,60171.0,0.8231,445705502.0,356402201.8176
1753507267997,05:21:07.997,bybit,ADA/USDT:USDT,0.823,9632.0,0.8231,60171.0,0.8231,445705502.0,356402201.8176
1753507268097,05:21:08.097,bybit,ADA/USDT:USDT,0.823,3601.0,0.8231,60171.0,0.8231,445705502.0,356402201.8176
1753507268297,05:21:08.297,bybit,ADA/USDT:USDT,0.823,3601.0,0.8231,60171.0,0.8231,445705502.0,356402201.8176
1753507268397,05:21:08.397,bybit,ADA/USDT:USDT,0.823,4039.0,0.8231,60171.0,0.8231,445705502.0,356402201.8176
1753507268498,05:21:08.498,bybit,ADA/USDT:USDT,0.823,12958.0,0.8231,60171.0,0.8231,445705502.0,356402201.8176
1753507268697,05:21:08.697,bybit,ADA/USDT:USDT,0.823,8615.0,0.8231,60171.0,0.8231,445705502.0,356402201.8176
1753507268797,05:21:08.797,bybit,ADA/USDT:USDT,0.823,10975.0,0.8231,60171.0,0.8231,445705502.0,356402201.8176
1753507268897,05:21:08.897,bybit,ADA/USDT:USDT,0.823,3917.0,0.8231,60171.0,0.8231,445705502.0,356402201.8176
1753507268997,05:21:08.997,bybit,ADA/USDT:USDT,0.823,3310.0,0.8231,60171.0,0.8231,445705502.0,356402201.8176
1753507269097,05:21:09.097,bybit,ADA/USDT:USDT,0.823,3310.0,0.8231,61706.0,0.8231,445705502.0,356402201.8176
1753507269197,05:21:09.197,bybit,ADA/USDT:USDT,0.823,3310.0,0.8231,60171.0,0.8231,445705502.0,356402201.8176
1753507269297,05:21:09.297,bybit,ADA/USDT:USDT,0.823,3310.0,0.8231,65171.0,0.8231,445705502.0,356402201.8176
1753507269397,05:21:09.397,bybit,ADA/USDT:USDT,0.823,14115.0,0.8231,60171.0,0.8231,445705502.0,356402201.8176
1753507269497,05:21:09.497,bybit,ADA/USDT:USDT,0.823,16740.0,0.8231,59683.0,0.8231,445705502.0,356402201.8176
1753507269597,05:21:09.597,bybit,ADA/USDT:USDT,0.823,16740.0,0.8231,59932.0,0.8231,445705502.0,356402201.8176
1753507269797,05:21:09.797,bybit,ADA/USDT:USDT,0.823,25917.0,0.8231,59932.0,0.8231,445705502.0,356402201.8176
1753507269897,05:21:09.897,bybit,ADA/USDT:USDT,0.823,24382.0,0.8231,59932.0,0.8231,445705502.0,356402201.8176
1753507270098,05:21:10.098,bybit,ADA/USDT:USDT,0.823,24382.0,0.8231,59932.0,0.8231,445705502.0,356402201.8176
1753507270197,05:21:10.197,bybit,ADA/USDT:USDT,0.823,24382.0,0.8231,59747.0,0.8231,445705502.0,356402201.8176
1753507270298,05:21:10.298,bybit,ADA/USDT:USDT,0.823,18882.0,0.8231,59747.0,0.8231,445705502.0,356402201.8176
1753507270397,05:21:10.397,bybit,ADA/USDT:USDT,0.823,23017.0,0.8231,59747.0,0.8231,445705502.0,356402201.8176
1753507270498,05:21:10.498,bybit,ADA/USDT:USDT,0.823,18882.0,0.8231,59747.0,0.8231,445705502.0,356402201.8176
1753507270597,05:21:10.597,bybit,ADA/USDT:USDT,0.823,18882.0,0.8231,59994.0,0.8231,445705502.0,356402201.8176
1753507270797,05:21:10.797,bybit,ADA/USDT:USDT,0.823,18882.0,0.8231,41054.0,0.8231,445705502.0,356402201.8176
1753507271097,05:21:11.097,bybit,ADA/USDT:USDT,0.823,31433.0,0.8231,39742.0,0.8231,445706629.0,356403129.4513
1753507271197,05:21:11.197,bybit,ADA/USDT:USDT,0.823,29898.0,0.8231,39742.0,0.8231,445706629.0,356403129.4513
1753507271397,05:21:11.397,bybit,ADA/USDT:USDT,0.823,29900.0,0.8231,39742.0,0.8231,445706629.0,356403129.4513
1753507271598,05:21:11.598,bybit,ADA/USDT:USDT,0.823,29900.0,0.8231,39742.0,0.8231,445706629.0,356403129.4513
1753507271698,05:21:11.698,bybit,ADA/USDT:USDT,0.823,29901.0,0.8231,39742.0,0.8231,445706629.0,356403129.4513
1753507271797,05:21:11.797,bybit,ADA/USDT:USDT,0.823,29901.0,0.8231,27487.0,0.8231,445706629.0,356403129.4513
1753507271897,05:21:11.897,bybit,ADA/USDT:USDT,0.823,29901.0,0.8231,1808.0,0.8231,445706629.0,356403129.4513
1753507271997,05:21:11.997,bybit,ADA/USDT:USDT,0.823,30811.0,0.8231,1808.0,0.8231,445706629.0,356403129.4513
1753507272197,05:21:12.197,bybit,ADA/USDT:USDT,0.823,32570.0,0.8231,1808.0,0.8231,445706629.0,356403129.4513
1753507272597,05:21:12.597,bybit,ADA/USDT:USDT,0.823,34105.0,0.8231,1808.0,0.8231,445706629.0,356403129.4513
1753507272698,05:21:12.698,bybit,ADA/USDT:USDT,0.823,33618.0,0.8231,1808.0,0.8231,445706629.0,356403129.4513
1753507272798,05:21:12.798,bybit,ADA/USDT:USDT,0.823,33618.0,0.8231,1029.0,0.8231,445707408.0,356403770.6462
1753507272897,05:21:12.897,bybit,ADA/USDT:USDT,0.8231,57557.0,0.8232,5956.0,0.8232,445709044.0,356405117.2985
1753507273097,05:21:13.097,bybit,ADA/USDT:USDT,0.8231,57020.0,0.8232,5956.0,0.8232,445709044.0,356405117.2985
1753507273198,05:21:13.198,bybit,ADA/USDT:USDT,0.8231,49709.0,0.8232,5956.0,0.8232,445709044.0,356405117.2985
1753507273398,05:21:13.398,bybit,ADA/USDT:USDT,0.8231,49709.0,0.8232,5956.0,0.8232,445709044.0,356405117.2985
1753507273497,05:21:13.497,bybit,ADA/USDT:USDT,0.8231,51221.0,0.8232,5956.0,0.8232,445709044.0,356405117.2985
1753507273597,05:21:13.597,bybit,ADA/USDT:USDT,0.8231,49455.0,0.8232,5956.0,0.8232,445709044.0,356405117.2985
1753507273697,05:21:13.697,bybit,ADA/USDT:USDT,0.8231,49711.0,0.8232,6811.0,0.8232,445709044.0,356405117.2985
1753507273797,05:21:13.797,bybit,ADA/USDT:USDT,0.8231,48199.0,0.8232,6996.0,0.8232,445709044.0,356405117.2985
1753507273897,05:21:13.897,bybit,ADA/USDT:USDT,0.8231,50342.0,0.8232,5956.0,0.8232,445709044.0,356405117.2985
1753507273997,05:21:13.997,bybit,ADA/USDT:USDT,0.8231,52975.0,0.8232,5956.0,0.8232,445709044.0,356405117.2985
1753507274097,05:21:14.097,bybit,ADA/USDT:USDT,0.8231,51463.0,0.8232,5956.0,0.8232,445709044.0,356405117.2985
1753507274197,05:21:14.197,bybit,ADA/USDT:USDT,0.8231,54739.0,0.8232,5956.0,0.8232,445709044.0,356405117.2985
1753507274397,05:21:14.397,bybit,ADA/USDT:USDT,0.8231,56268.0,0.8232,5956.0,0.8232,445709044.0,356405117.2985
1753507274598,05:21:14.598,bybit,ADA/USDT:USDT,0.8231,54756.0,0.8232,5956.0,0.8232,445709044.0,356405117.2985
1753507274697,05:21:14.697,bybit,ADA/USDT:USDT,0.8231,50470.0,0.8232,5956.0,0.8232,445709044.0,356405117.2985
1753507274798,05:21:14.798,bybit,ADA/USDT:USDT,0.8231,49932.0,0.8232,5956.0,0.8232,445709044.0,356405117.2985
1753507274897,05:21:14.897,bybit,ADA/USDT:USDT,0.8231,45242.0,0.8232,6141.0,0.8232,445709044.0,356405117.2985
1753507275197,05:21:15.197,bybit,ADA/USDT:USDT,0.8231,45242.0,0.8232,6386.0,0.8232,445709044.0,356405117.2985
1753507275398,05:21:15.398,bybit,ADA/USDT:USDT,0.8231,45242.0,0.8232,7579.0,0.8232,445709044.0,356405117.2985
1753507275497,05:21:15.497,bybit,ADA/USDT:USDT,0.8231,45678.0,0.8232,7579.0,0.8232,445709044.0,356405117.2985
1753507275597,05:21:15.597,bybit,ADA/USDT:USDT,0.8231,45673.0,0.8232,7579.0,0.8232,445709044.0,356405117.2985
1753507275997,05:21:15.997,bybit,ADA/USDT:USDT,0.8231,45673.0,0.8232,1623.0,0.8232,445709044.0,356405117.2985
1753507276497,05:21:16.497,bybit,ADA/USDT:USDT,0.8231,47185.0,0.8232,1623.0,0.8232,445709044.0,356405117.2985
1753507276597,05:21:16.597,bybit,ADA/USDT:USDT,0.8231,47188.0,0.8232,1438.0,0.8232,445709044.0,356405117.2985
1753507276697,05:21:16.697,bybit,ADA/USDT:USDT,0.8231,48700.0,0.8232,1438.0,0.8232,445709044.0,356405117.2985
1753507276798,05:21:16.798,bybit,ADA/USDT:USDT,0.8231,48700.0,0.8232,430.0,0.8232,445709044.0,356405117.2985
1753507276997,05:21:16.997,bybit,ADA/USDT:USDT,0.8231,48826.0,0.8232,430.0,0.8232,445709044.0,356405117.2985
1753507277198,05:21:17.198,bybit,ADA/USDT:USDT,0.8231,54326.0,0.8232,430.0,0.8232,445709044.0,356405117.2985
1753507277398,05:21:17.398,bybit,ADA/USDT:USDT,0.8232,39366.0,0.8233,9446.0,0.8233,445709498.0,356405491.0337
1753507277498,05:21:17.498,bybit,ADA/USDT:USDT,0.8232,37200.0,0.8233,9446.0,0.8233,445709498.0,356405491.0337
1753507277598,05:21:17.598,bybit,ADA/USDT:USDT,0.8232,23970.0,0.8233,10929.0,0.8233,445709498.0,356405491.0337
1753507277697,05:21:17.697,bybit,ADA/USDT:USDT,0.8232,5166.0,0.8233,11457.0,0.8233,445709498.0,356405491.0337
1753507278198,05:21:18.198,bybit,ADA/USDT:USDT,0.8232,5574.0,0.8233,16957.0,0.8233,445709498.0,356405491.0337
1753507278297,05:21:18.297,bybit,ADA/USDT:USDT,0.8232,5574.0,0.8233,11518.0,0.8233,445709498.0,356405491.0337
1753507278397,05:21:18.397,bybit,ADA/USDT:USDT,0.8232,5574.0,0.8233,10035.0,0.8233,445709498.0,356405491.0337
1753507278497,05:21:18.497,bybit,ADA/USDT:USDT,0.8232,6489.0,0.8233,7374.0,0.8233,445709498.0,356405491.0337
1753507278697,05:21:18.697,bybit,ADA/USDT:USDT,0.8232,7459.0,0.8233,7435.0,0.8233,445709498.0,356405491.0337
1753507278797,05:21:18.797,bybit,ADA/USDT:USDT,0.8232,9249.0,0.8233,7374.0,0.8233,445709498.0,356405491.0337
1753507278898,05:21:18.898,bybit,ADA/USDT:USDT,0.8232,8333.0,0.8233,11450.0,0.8233,445709498.0,356405491.0337
1753507279097,05:21:19.097,bybit,ADA/USDT:USDT,0.8232,6933.0,0.8233,11450.0,0.8233,445709498.0,356405491.0337
1753507279198,05:21:19.198,bybit,ADA/USDT:USDT,0.8232,6933.0,0.8233,16950.0,0.8233,445709498.0,356405491.0337
1753507279297,05:21:19.297,bybit,ADA/USDT:USDT,0.8232,8487.0,0.8233,7428.0,0.8233,445709498.0,356405491.0337
1753507279497,05:21:19.497,bybit,ADA/USDT:USDT,0.8232,12006.0,0.8233,7428.0,0.8233,445709498.0,356405491.0337
1753507279597,05:21:19.597,bybit,ADA/USDT:USDT,0.8232,10487.0,0.8233,7428.0,0.8233,445709498.0,356405491.0337
1753507279697,05:21:19.697,bybit,ADA/USDT:USDT,0.8232,10484.0,0.8233,7428.0,0.8233,445709498.0,356405491.0337
1753507279997,05:21:19.997,bybit,ADA/USDT:USDT,0.8232,12161.0,0.8233,7428.0,0.8233,445709498.0,356405491.0337
1753507280197,05:21:20.197,bybit,ADA/USDT:USDT,0.8232,12161.0,0.8233,12928.0,0.8233,445709498.0,356405491.0337
1753507280298,05:21:20.298,bybit,ADA/USDT:USDT,0.8232,12166.0,0.8233,7428.0,0.8233,445709498.0,356405491.0337
1753507280597,05:21:20.597,bybit,ADA/USDT:USDT,0.8232,12166.0,0.8233,7428.0,0.8233,445709498.0,356405491.0337
1753507280797,05:21:20.797,bybit,ADA/USDT:USDT,0.8232,14620.0,0.8233,4434.0,0.8233,445709498.0,356405491.0337
1753507280898,05:21:20.898,bybit,ADA/USDT:USDT,0.8232,14620.0,0.8233,4434.0,0.8233,445709498.0,356405491.0337
1753507281097,05:21:21.097,bybit,ADA/USDT:USDT,0.8232,39782.0,0.8233,4056.0,0.8233,445709620.0,356405591.4763
1753507281197,05:21:21.197,bybit,ADA/USDT:USDT,0.8232,34720.0,0.8233,4056.0,0.8233,445709620.0,356405591.4763
1753507281298,05:21:21.298,bybit,ADA/USDT:USDT,0.8232,34725.0,0.8233,4056.0,0.8233,445709620.0,356405591.4763
1753507281397,05:21:21.397,bybit,ADA/USDT:USDT,0.8232,35332.0,0.8233,4056.0,0.8233,445709620.0,356405591.4763
1753507281497,05:21:21.497,bybit,ADA/USDT:USDT,0.8232,32345.0,0.8233,4056.0,0.8233,445709620.0,356405591.4763
1753507281597,05:21:21.597,bybit,ADA/USDT:USDT,0.8233,47120.0,0.8234,29063.0,0.8233,445713676.0,356408930.7811
1753507281797,05:21:21.797,bybit,ADA/USDT:USDT,0.8233,47120.0,0.8234,253.0,0.8233,445713676.0,356408930.7811
1753507282097,05:21:22.097,bybit,ADA/USDT:USDT,0.8233,47120.0,0.8234,1216.0,0.8233,445713676.0,356408930.7811
1753507282297,05:21:22.297,bybit,ADA/USDT:USDT,0.8233,48334.0,0.8234,1216.0,0.8233,445713676.0,356408930.7811
1753507282398,05:21:22.398,bybit,ADA/USDT:USDT,0.8233,48334.0,0.8234,1216.0,0.8233,445713676.0,356408930.7811
1753507282497,05:21:22.497,bybit,ADA/USDT:USDT,0.8233,48857.0,0.8234,393.0,0.8233,445713676.0,356408930.7811
1753507282597,05:21:22.597,bybit,ADA/USDT:USDT,0.8233,48857.0,0.8234,208.0,0.8233,445713676.0,356408930.7811
1753507282698,05:21:22.698,bybit,ADA/USDT:USDT,0.8233,43357.0,0.8234,1704.0,0.8233,445713676.0,356408930.7811
1753507282797,05:21:22.797,bybit,ADA/USDT:USDT,0.8233,4710.0,0.8234,21428.0,0.8233,445713676.0,356408930.7811
1753507282897,05:21:22.897,bybit,ADA/USDT:USDT,0.8233,4710.0,0.8234,18476.0,0.8233,445713676.0,356408930.7811
1753507282997,05:21:22.997,bybit,ADA/USDT:USDT,0.8233,7709.0,0.8234,12671.0,0.8233,445713676.0,356408930.7811
1753507283098,05:21:23.098,bybit,ADA/USDT:USDT,0.8233,7709.0,0.8234,18171.0,0.8233,445713676.0,356408930.7811
1753507283197,05:21:23.197,bybit,ADA/USDT:USDT,0.8233,7709.0,0.8234,12671.0,0.8233,445713676.0,356408930.7811
1753507283597,05:21:23.597,bybit,ADA/USDT:USDT,0.8233,8115.0,0.8234,12664.0,0.8233,445713676.0,356408930.7811
1753507283997,05:21:23.997,bybit,ADA/USDT:USDT,0.8233,12516.0,0.8234,689.0,0.8233,445713676.0,356408930.7811
1753507284097,05:21:24.097,bybit,ADA/USDT:USDT,0.8233,12516.0,0.8234,201.0,0.8233,445713676.0,356408930.7811
1753507284197,05:21:24.197,bybit,ADA/USDT:USDT,0.8233,16202.0,0.8234,201.0,0.8233,445713676.0,356408930.7811
1753507284297,05:21:24.297,bybit,ADA/USDT:USDT,0.8233,14726.0,0.8234,1241.0,0.8233,445713676.0,356408930.7811
1753507284398,05:21:24.398,bybit,ADA/USDT:USDT,0.8233,14588.0,0.8234,386.0,0.8233,445713676.0,356408930.7811
1753507284497,05:21:24.497,bybit,ADA/USDT:USDT,0.8233,11066.0,0.8234,386.0,0.8233,445713676.0,356408930.7811
1753507284597,05:21:24.597,bybit,ADA/USDT:USDT,0.8233,14586.0,0.8234,201.0,0.8233,445713676.0,356408930.7811
1753507284798,05:21:24.798,bybit,ADA/USDT:USDT,0.8233,16062.0,0.8234,201.0,0.8233,445713676.0,356408930.7811
1753507285097,05:21:25.097,bybit,ADA/USDT:USDT,0.8233,20086.0,0.8234,201.0,0.8233,445713676.0,356408930.7811
1753507285697,05:21:25.697,bybit,ADA/USDT:USDT,0.8233,20267.0,0.8234,201.0,0.8233,445713676.0,356408930.7811
1753507285798,05:21:25.798,bybit,ADA/USDT:USDT,0.8233,14767.0,0.8234,201.0,0.8233,445713676.0,356408930.7811
1753507285898,05:21:25.898,bybit,ADA/USDT:USDT,0.8233,12167.0,0.8234,4337.0,0.8233,445713676.0,356408930.7811
1753507286398,05:21:26.398,bybit,ADA/USDT:USDT,0.8233,12386.0,0.8234,4337.0,0.8233,445713676.0,356408930.7811
1753507286497,05:21:26.497,bybit,ADA/USDT:USDT,0.8233,12386.0,0.8234,689.0,0.8233,445713676.0,356408930.7811
1753507286597,05:21:26.597,bybit,ADA/USDT:USDT,0.8233,12415.0,0.8234,1544.0,0.8233,445713676.0,356408930.7811
1753507286698,05:21:26.698,bybit,ADA/USDT:USDT,0.8233,12415.0,0.8234,3785.0,0.8233,445713676.0,356408930.7811
1753507286797,05:21:26.797,bybit,ADA/USDT:USDT,0.8233,12415.0,0.8234,3983.0,0.8233,445713676.0,356408930.7811
1753507287097,05:21:27.097,bybit,ADA/USDT:USDT,0.8233,17915.0,0.8234,5222.0,0.8233,445713676.0,356408930.7811
1753507287297,05:21:27.297,bybit,ADA/USDT:USDT,0.8233,17915.0,0.8234,3785.0,0.8233,445713676.0,356408930.7811
1753507287397,05:21:27.397,bybit,ADA/USDT:USDT,0.8233,12415.0,0.8234,3785.0,0.8233,445713676.0,356408930.7811
1753507287497,05:21:27.497,bybit,ADA/USDT:USDT,0.8233,12421.0,0.8234,5879.0,0.8233,445713676.0,356408930.7811
1753507287597,05:21:27.597,bybit,ADA/USDT:USDT,0.8233,12433.0,0.8234,3785.0,0.8233,445713676.0,356408930.7811
1753507288198,05:21:28.198,bybit,ADA/USDT:USDT,0.8233,12159.0,0.8234,3785.0,0.8233,445713676.0,356408930.7811
1753507288297,05:21:28.297,bybit,ADA/USDT:USDT,0.8233,12432.0,0.8234,3785.0,0.8233,445713676.0,356408930.7811
1753507288498,05:21:28.498,bybit,ADA/USDT:USDT,0.8233,12432.0,0.8234,5256.0,0.8233,445713676.0,356408930.7811
1753507288597,05:21:28.597,bybit,ADA/USDT:USDT,0.8233,11952.0,0.8234,11258.0,0.8233,445713676.0,356408930.7811
1753507288697,05:21:28.697,bybit,ADA/USDT:USDT,0.8233,7039.0,0.8234,14603.0,0.8233,445713676.0,356408930.7811
1753507288797,05:21:28.797,bybit,ADA/USDT:USDT,0.8233,7495.0,0.8234,8447.0,0.8233,445713676.0,356408930.7811
1753507288897,05:21:28.897,bybit,ADA/USDT:USDT,0.8233,10186.0,0.8234,8447.0,0.8233,445713676.0,356408930.7811
1753507288998,05:21:28.998,bybit,ADA/USDT:USDT,0.8233,10478.0,0.8234,5847.0,0.8233,445713676.0,356408930.7811
1753507289497,05:21:29.497,bybit,ADA/USDT:USDT,0.8233,10478.0,0.8234,5847.0,0.8233,445506970.0,356242085.7303
1753507289597,05:21:29.597,bybit,ADA/USDT:USDT,0.8233,10467.0,0.8234,3168.0,0.8233,445506970.0,356242085.7303
1753507289697,05:21:29.697,bybit,ADA/USDT:USDT,0.8233,7465.0,0.8234,1697.0,0.8233,445506970.0,356242085.7303
1753507289798,05:21:29.798,bybit,ADA/USDT:USDT,0.8233,14792.0,0.8234,1697.0,0.8233,445506970.0,356242085.7303
1753507290098,05:21:30.098,bybit,ADA/USDT:USDT,0.8233,20292.0,0.8234,4213.0,0.8233,445506970.0,356242085.7303
1753507290197,05:21:30.197,bybit,ADA/USDT:USDT,0.8233,10473.0,0.8234,4649.0,0.8233,445506970.0,356242085.7303
1753507290497,05:21:30.497,bybit,ADA/USDT:USDT,0.8233,10304.0,0.8234,8284.0,0.8233,445506970.0,356242085.7303
1753507290598,05:21:30.598,bybit,ADA/USDT:USDT,0.8233,10391.0,0.8234,9760.0,0.8233,445506970.0,356242085.7303
1753507290697,05:21:30.697,bybit,ADA/USDT:USDT,0.8233,10391.0,0.8234,8284.0,0.8233,445506970.0,356242085.7303
1753507290797,05:21:30.797,bybit,ADA/USDT:USDT,0.8232,14069.0,0.8233,29731.0,0.8233,445514367.0,356248175.6804
1753507290897,05:21:30.897,bybit,ADA/USDT:USDT,0.8232,14069.0,0.8233,2259.0,0.8233,445514367.0,356248175.6804
1753507291097,05:21:31.097,bybit,ADA/USDT:USDT,0.8232,14716.0,0.8233,8317.0,0.8233,445514367.0,356248175.6804
1753507291197,05:21:31.197,bybit,ADA/USDT:USDT,0.8232,14716.0,0.8233,7726.0,0.8233,445514367.0,356248175.6804
1753507291297,05:21:31.297,bybit,ADA/USDT:USDT,0.8232,10489.0,0.8233,15306.0,0.8233,445514367.0,356248175.6804
1753507291397,05:21:31.397,bybit,ADA/USDT:USDT,0.8232,10489.0,0.8233,15306.0,0.8233,445514367.0,356248175.6804
1753507291497,05:21:31.497,bybit,ADA/USDT:USDT,0.8232,10792.0,0.8233,13835.0,0.8233,445514367.0,356248175.6804
1753507291597,05:21:31.597,bybit,ADA/USDT:USDT,0.8232,10785.0,0.8233,12364.0,0.8233,445514367.0,356248175.6804
1753507291697,05:21:31.697,bybit,ADA/USDT:USDT,0.8232,1029.0,0.8233,15366.0,0.8233,445514367.0,356248175.6804
1753507291997,05:21:31.997,bybit,ADA/USDT:USDT,0.8232,1029.0,0.8233,13895.0,0.8233,445514367.0,356248175.6804
1753507292197,05:21:32.197,bybit,ADA/USDT:USDT,0.8232,1029.0,0.8233,14286.0,0.8233,445514367.0,356248175.6804
1753507292497,05:21:32.497,bybit,ADA/USDT:USDT,0.8232,1029.0,0.8233,14082.0,0.8233,445514367.0,356248175.6804
1753507292597,05:21:32.597,bybit,ADA/USDT:USDT,0.8232,1029.0,0.8233,14082.0,0.8233,445514367.0,356248175.6804
1753507292698,05:21:32.698,bybit,ADA/USDT:USDT,0.8232,1253.0,0.8233,14735.0,0.8233,445514367.0,356248175.6804
1753507293298,05:21:33.298,bybit,ADA/USDT:USDT,0.8232,1253.0,0.8233,14745.0,0.8233,445514367.0,356248175.6804
1753507293497,05:21:33.497,bybit,ADA/USDT:USDT,0.8232,1253.0,0.8233,13274.0,0.8233,445514367.0,356248175.6804
1753507293598,05:21:33.598,bybit,ADA/USDT:USDT,0.8232,1253.0,0.8233,14745.0,0.8233,445514367.0,356248175.6804
1753507294098,05:21:34.098,bybit,ADA/USDT:USDT,0.8232,1253.0,0.8233,14825.0,0.8233,445514367.0,356248175.6804
1753507294298,05:21:34.298,bybit,ADA/USDT:USDT,0.8232,1253.0,0.8233,13354.0,0.8233,445514367.0,356248175.6804
1753507294597,05:21:34.597,bybit,ADA/USDT:USDT,0.8232,1253.0,0.8233,14825.0,0.8233,445514367.0,356248175.6804
1753507294797,05:21:34.797,bybit,ADA/USDT:USDT,0.8232,1253.0,0.8233,13354.0,0.8233,445514367.0,356248175.6804
1753507295097,05:21:35.097,bybit,ADA/USDT:USDT,0.8232,1253.0,0.8233,6416.0,0.8233,445514367.0,356248175.6804
1753507295198,05:21:35.198,bybit,ADA/USDT:USDT,0.8232,1253.0,0.8233,8772.0,0.8233,445514367.0,356248175.6804
1753507295298,05:21:35.298,bybit,ADA/USDT:USDT,0.8232,1286.0,0.8233,8877.0,0.8233,445514367.0,356248175.6804
1753507295397,05:21:35.397,bybit,ADA/USDT:USDT,0.8232,1286.0,0.8233,13946.0,0.8233,445514367.0,356248175.6804
1753507295697,05:21:35.697,bybit,ADA/USDT:USDT,0.8232,1313.0,0.8233,12475.0,0.8233,445514367.0,356248175.6804
1753507295797,05:21:35.797,bybit,ADA/USDT:USDT,0.8232,1313.0,0.8233,13946.0,0.8233,445514367.0,356248175.6804
1753507295897,05:21:35.897,bybit,ADA/USDT:USDT,0.823,18837.0,0.8231,11886.0,0.8232,445515680.0,356249256.542
1753507295997,05:21:35.997,bybit,ADA/USDT:USDT,0.823,1510.0,0.8231,13781.0,0.8232,445515680.0,356249256.542
1753507296197,05:21:36.197,bybit,ADA/USDT:USDT,0.823,924.0,0.8231,16043.0,0.8232,445515680.0,356249256.542
1753507296498,05:21:36.498,bybit,ADA/USDT:USDT,0.823,621.0,0.8231,16043.0,0.8232,445515680.0,356249256.542
1753507296697,05:21:36.697,bybit,ADA/USDT:USDT,0.823,1368.0,0.8231,14700.0,0.8232,445515680.0,356249256.542
1753507296797,05:21:36.797,bybit,ADA/USDT:USDT,0.823,1368.0,0.8231,13260.0,0.8232,445515680.0,356249256.542
1753507296998,05:21:36.998,bybit,ADA/USDT:USDT,0.823,1368.0,0.8231,20200.0,0.8232,445515680.0,356249256.542
1753507297097,05:21:37.097,bybit,ADA/USDT:USDT,0.823,1378.0,0.8231,18760.0,0.8232,445515680.0,356249256.542
1753507297198,05:21:37.198,bybit,ADA/USDT:USDT,0.823,2386.0,0.8231,14956.0,0.8232,445515680.0,356249256.542
1753507297298,05:21:37.298,bybit,ADA/USDT:USDT,0.823,2386.0,0.8231,9456.0,0.8232,445515680.0,356249256.542
1753507297397,05:21:37.397,bybit,ADA/USDT:USDT,0.823,1378.0,0.8231,15134.0,0.8232,445515680.0,356249256.542
1753507297498,05:21:37.498,bybit,ADA/USDT:USDT,0.823,2277.0,0.8231,13704.0,0.8232,445515680.0,356249256.542
1753507297698,05:21:37.698,bybit,ADA/USDT:USDT,0.823,1420.0,0.8231,13704.0,0.8232,445515680.0,356249256.542
1753507297797,05:21:37.797,bybit,ADA/USDT:USDT,0.823,11224.0,0.8231,2088.0,0.8232,445515680.0,356249256.542
1753507297897,05:21:37.897,bybit,ADA/USDT:USDT,0.823,12664.0,0.8231,1257.0,0.8232,445515680.0,356249256.542
1753507297997,05:21:37.997,bybit,ADA/USDT:USDT,0.823,16224.0,0.8231,1257.0,0.8232,445515680.0,356249256.542
1753507298097,05:21:38.097,bybit,ADA/USDT:USDT,0.823,11224.0,0.8231,1442.0,0.8232,445515680.0,356249256.542
1753507298197,05:21:38.197,bybit,ADA/USDT:USDT,0.823,11224.0,0.8231,2938.0,0.8232,445515680.0,356249256.542
1753507298297,05:21:38.297,bybit,ADA/USDT:USDT,0.823,11224.0,0.8231,2938.0,0.8232,445515680.0,356249256.542
1753507298997,05:21:38.997,bybit,ADA/USDT:USDT,0.823,15724.0,0.8231,2753.0,0.8232,445515680.0,356249256.542
1753507299197,05:21:39.197,bybit,ADA/USDT:USDT,0.823,8816.0,0.8231,7979.0,0.8232,445515680.0,356249256.542
1753507299297,05:21:39.297,bybit,ADA/USDT:USDT,0.823,9824.0,0.8231,4705.0,0.8232,445515680.0,356249256.542
1753507299497,05:21:39.497,bybit,ADA/USDT:USDT,0.823,9834.0,0.8231,4705.0,0.8232,445515680.0,356249256.542
1753507299598,05:21:39.598,bybit,ADA/USDT:USDT,0.823,9834.0,0.8231,4345.0,0.8232,445515680.0,356249256.542
1753507299797,05:21:39.797,bybit,ADA/USDT:USDT,0.823,9835.0,0.8231,4345.0,0.8232,445515680.0,356249256.542
1753507299897,05:21:39.897,bybit,ADA/USDT:USDT,0.823,10164.0,0.8231,4238.0,0.8232,445515680.0,356249256.542
1753507300398,05:21:40.398,bybit,ADA/USDT:USDT,0.823,10164.0,0.8231,3164.0,0.8232,445515680.0,356249256.542
1753507300797,05:21:40.797,bybit,ADA/USDT:USDT,0.823,10159.0,0.8231,5764.0,0.8232,445515680.0,356249256.542
