timestamp,time,exchange,symbol,bid,bidVolume,ask,askVolume,lastPrice,baseVolume,quoteVolume
1753507239774,05:20:39.774,bybit,AAVE/USDT:USDT,298.64,3.44,298.65,19.66,298.66,359562.85,104854209.6162
1753507240274,05:20:40.274,bybit,AAVE/USDT:USDT,298.64,2.66,298.65,19.66,298.66,359562.85,104854209.6162
1753507240675,05:20:40.675,bybit,AAVE/USDT:USDT,298.64,0.04,298.65,19.66,298.66,359562.85,104854209.6162
1753507242674,05:20:42.674,bybit,AAVE/USDT:USDT,298.68,13.42,298.69,0.55,298.67,359583.14,104860269.2355
1753507242774,05:20:42.774,bybit,AAVE/USDT:USDT,298.68,13.49,298.69,0.55,298.67,359583.14,104860269.2355
1753507242874,05:20:42.874,bybit,AAVE/USDT:USDT,298.68,13.42,298.69,0.55,298.67,359583.14,104860269.2355
1753507243174,05:20:43.174,bybit,AAVE/USDT:USDT,298.68,11.8,298.69,0.55,298.67,359583.14,104860269.2355
1753507243274,05:20:43.274,bybit,AAVE/USDT:USDT,298.68,11.8,298.69,0.55,298.67,359583.14,104860269.2355
1753507243375,05:20:43.375,bybit,AAVE/USDT:USDT,298.7,10.06,298.71,36.81,298.7,359583.77,104860457.411
1753507243475,05:20:43.475,bybit,AAVE/USDT:USDT,298.7,11.56,298.71,36.81,298.7,359583.77,104860457.411
1753507243574,05:20:43.574,bybit,AAVE/USDT:USDT,298.7,8.23,298.71,36.81,298.7,359583.77,104860457.411
1753507243674,05:20:43.674,bybit,AAVE/USDT:USDT,298.7,6.61,298.71,36.81,298.7,359583.77,104860457.411
1753507243874,05:20:43.874,bybit,AAVE/USDT:USDT,298.7,5.19,298.71,36.81,298.7,359583.77,104860457.411
1753507244174,05:20:44.174,bybit,AAVE/USDT:USDT,298.7,2.58,298.71,36.81,298.7,359583.77,104860457.411
1753507245074,05:20:45.074,bybit,AAVE/USDT:USDT,298.7,4.01,298.71,37.63,298.7,359583.77,104860457.411
1753507245574,05:20:45.574,bybit,AAVE/USDT:USDT,298.68,5.9,298.7,3.61,298.7,359583.77,104860457.411
1753507245674,05:20:45.674,bybit,AAVE/USDT:USDT,298.68,2.23,298.69,0.4,298.7,359583.77,104860457.411
1753507245874,05:20:45.874,bybit,AAVE/USDT:USDT,298.68,2.62,298.69,0.82,298.7,359583.77,104860457.411
1753507246874,05:20:46.874,bybit,AAVE/USDT:USDT,298.68,4.11,298.69,0.82,298.7,359583.77,104860457.411
1753507247274,05:20:47.274,bybit,AAVE/USDT:USDT,298.68,2.62,298.69,1.24,298.7,359583.77,104860457.411
1753507247374,05:20:47.374,bybit,AAVE/USDT:USDT,298.68,2.62,298.69,0.82,298.7,359583.77,104860457.411
1753507248875,05:20:48.875,bybit,AAVE/USDT:USDT,298.68,2.62,298.69,1.24,298.7,359583.77,104860457.411
1753507249175,05:20:49.175,bybit,AAVE/USDT:USDT,298.68,2.62,298.69,0.82,298.7,359583.77,104860457.411
1753507249874,05:20:49.874,bybit,AAVE/USDT:USDT,298.67,8.09,298.68,0.42,298.7,359583.77,104860457.411
1753507249975,05:20:49.975,bybit,AAVE/USDT:USDT,298.66,6.7,298.67,0.42,298.7,359583.77,104860457.411
1753507250074,05:20:50.074,bybit,AAVE/USDT:USDT,298.66,5.81,298.67,0.42,298.7,359583.77,104860457.411
1753507250275,05:20:50.275,bybit,AAVE/USDT:USDT,298.66,7.15,298.67,2.35,298.7,359583.77,104860457.411
1753507250374,05:20:50.374,bybit,AAVE/USDT:USDT,298.66,7.15,298.67,3.17,298.7,359583.77,104860457.411
1753507250474,05:20:50.474,bybit,AAVE/USDT:USDT,298.66,3.3,298.67,3.17,298.7,359583.77,104860457.411
1753507250774,05:20:50.774,bybit,AAVE/USDT:USDT,298.66,3.3,298.67,3.17,298.7,359583.77,104860457.411
1753507251074,05:20:51.074,bybit,AAVE/USDT:USDT,298.66,0.68,298.67,3.17,298.7,359583.77,104860457.411
1753507251174,05:20:51.174,bybit,AAVE/USDT:USDT,298.66,0.68,298.67,3.33,298.7,359583.77,104860457.411
1753507251674,05:20:51.674,bybit,AAVE/USDT:USDT,298.66,3.26,298.67,0.98,298.7,359583.77,104860457.411
1753507251774,05:20:51.774,bybit,AAVE/USDT:USDT,298.66,0.68,298.67,1.48,298.7,359583.77,104860457.411
1753507252074,05:20:52.074,bybit,AAVE/USDT:USDT,298.66,3.26,298.67,1.48,298.7,359583.77,104860457.411
1753507252775,05:20:52.775,bybit,AAVE/USDT:USDT,298.66,0.68,298.67,1.48,298.7,359583.77,104860457.411
1753507253874,05:20:53.874,bybit,AAVE/USDT:USDT,298.66,1.41,298.67,1.48,298.7,359583.77,104860457.411
1753507254174,05:20:54.174,bybit,AAVE/USDT:USDT,298.66,1.41,298.67,1.47,298.7,359583.77,104860457.411
1753507254674,05:20:54.674,bybit,AAVE/USDT:USDT,298.66,0.68,298.67,1.47,298.7,359583.77,104860457.411
1753507255374,05:20:55.374,bybit,AAVE/USDT:USDT,298.66,8.83,298.67,1.47,298.7,359583.77,104860457.411
1753507255575,05:20:55.575,bybit,AAVE/USDT:USDT,298.66,8.83,298.67,1.47,298.7,359583.77,104860457.411
1753507256174,05:20:56.174,bybit,AAVE/USDT:USDT,298.66,8.83,298.67,1.47,298.7,359583.77,104860457.411
1753507258674,05:20:58.674,bybit,AAVE/USDT:USDT,298.66,8.83,298.67,1.5,298.7,359583.77,104860457.411
1753507258775,05:20:58.775,bybit,AAVE/USDT:USDT,298.66,8.83,298.67,1.51,298.7,359583.77,104860457.411
1753507259074,05:20:59.074,bybit,AAVE/USDT:USDT,298.69,3.89,298.7,0.02,298.67,359585.28,104860908.4027
1753507259174,05:20:59.174,bybit,AAVE/USDT:USDT,298.69,4.96,298.7,0.02,298.67,359585.28,104860908.4027
1753507259374,05:20:59.374,bybit,AAVE/USDT:USDT,298.69,4.96,298.71,0.03,298.67,359585.28,104860908.4027
1753507259574,05:20:59.574,bybit,AAVE/USDT:USDT,298.7,0.48,298.72,0.48,298.67,359585.28,104860908.4027
1753507259674,05:20:59.674,bybit,AAVE/USDT:USDT,298.7,0.48,298.72,0.44,298.67,359585.28,104860908.4027
1753507259774,05:20:59.774,bybit,AAVE/USDT:USDT,298.7,0.48,298.71,0.4,298.67,359585.28,104860908.4027
1753507260374,05:21:00.374,bybit,AAVE/USDT:USDT,298.7,0.56,298.71,0.4,298.67,359585.28,104860908.4027
1753507260975,05:21:00.975,bybit,AAVE/USDT:USDT,298.7,0.56,298.72,0.57,298.67,359585.28,104860908.4027
1753507261074,05:21:01.074,bybit,AAVE/USDT:USDT,298.71,0.55,298.72,0.44,298.67,359585.28,104860908.4027
1753507261375,05:21:01.375,bybit,AAVE/USDT:USDT,298.7,1.49,298.72,2.5,298.67,359585.28,104860908.4027
1753507261474,05:21:01.474,bybit,AAVE/USDT:USDT,298.7,1.07,298.71,0.42,298.67,359585.28,104860908.4027
1753507261574,05:21:01.574,bybit,AAVE/USDT:USDT,298.7,1.07,298.71,0.85,298.67,359585.28,104860908.4027
1753507261675,05:21:01.675,bybit,AAVE/USDT:USDT,298.7,1.07,298.71,0.43,298.67,359585.28,104860908.4027
1753507261774,05:21:01.774,bybit,AAVE/USDT:USDT,298.7,2.84,298.71,0.43,298.67,359585.28,104860908.4027
1753507261975,05:21:01.975,bybit,AAVE/USDT:USDT,298.7,5.03,298.71,0.43,298.67,359585.28,104860908.4027
1753507262875,05:21:02.875,bybit,AAVE/USDT:USDT,298.7,5.03,298.71,0.85,298.67,359585.28,104860908.4027
1753507263674,05:21:03.674,bybit,AAVE/USDT:USDT,298.7,5.68,298.71,0.85,298.67,359585.28,104860908.4027
1753507264274,05:21:04.274,bybit,AAVE/USDT:USDT,298.7,3.27,298.71,35.79,298.67,359585.28,104860908.4027
1753507264474,05:21:04.474,bybit,AAVE/USDT:USDT,298.7,6.92,298.71,35.37,298.67,359585.28,104860908.4027
1753507264574,05:21:04.574,bybit,AAVE/USDT:USDT,298.7,6.92,298.71,35.37,298.67,359585.28,104860908.4027
1753507265174,05:21:05.174,bybit,AAVE/USDT:USDT,298.7,6.91,298.71,35.37,298.67,359585.28,104860908.4027
1753507267474,05:21:07.474,bybit,AAVE/USDT:USDT,298.77,13.67,298.78,0.02,298.77,359659.24,104883002.6245
1753507267574,05:21:07.574,bybit,AAVE/USDT:USDT,298.77,12.21,298.78,0.02,298.77,359659.24,104883002.6245
1753507267674,05:21:07.674,bybit,AAVE/USDT:USDT,298.81,10.33,298.82,2.99,298.8,359660.22,104883295.4425
1753507267774,05:21:07.774,bybit,AAVE/USDT:USDT,298.81,9.43,298.82,0.57,298.8,359660.22,104883295.4425
1753507267874,05:21:07.874,bybit,AAVE/USDT:USDT,298.81,9.43,298.82,0.57,298.8,359660.22,104883295.4425
1753507268074,05:21:08.074,bybit,AAVE/USDT:USDT,298.81,9.51,298.82,0.57,298.8,359660.22,104883295.4425
1753507268174,05:21:08.174,bybit,AAVE/USDT:USDT,298.81,9.44,298.82,0.57,298.8,359660.22,104883295.4425
1753507268274,05:21:08.274,bybit,AAVE/USDT:USDT,298.81,9.93,298.82,0.57,298.8,359660.22,104883295.4425
1753507268375,05:21:08.375,bybit,AAVE/USDT:USDT,298.81,8.32,298.82,0.57,298.8,359660.22,104883295.4425
1753507268474,05:21:08.474,bybit,AAVE/USDT:USDT,298.81,8.32,298.82,0.57,298.8,359660.22,104883295.4425
1753507269374,05:21:09.374,bybit,AAVE/USDT:USDT,298.83,12.09,298.84,0.02,298.82,359660.79,104883465.7699
1753507269474,05:21:09.474,bybit,AAVE/USDT:USDT,298.83,13.66,298.84,0.02,298.82,359660.79,104883465.7699
1753507269674,05:21:09.674,bybit,AAVE/USDT:USDT,298.83,14.06,298.84,0.02,298.82,359660.79,104883465.7699
1753507269774,05:21:09.774,bybit,AAVE/USDT:USDT,298.85,14.61,298.86,0.09,298.85,359661.4,104883648.0682
1753507269874,05:21:09.874,bybit,AAVE/USDT:USDT,298.85,14.93,298.86,0.09,298.85,359661.4,104883648.0682
1753507269975,05:21:09.975,bybit,AAVE/USDT:USDT,298.85,14.93,298.86,0.09,298.85,359661.4,104883648.0682
1753507270275,05:21:10.275,bybit,AAVE/USDT:USDT,298.85,15.01,298.86,0.09,298.85,359661.4,104883648.0682
1753507270374,05:21:10.374,bybit,AAVE/USDT:USDT,298.87,9.99,298.88,0.03,298.87,359661.53,104883686.9204
1753507270474,05:21:10.474,bybit,AAVE/USDT:USDT,298.87,10.48,298.88,0.03,298.87,359661.53,104883686.9204
1753507270574,05:21:10.574,bybit,AAVE/USDT:USDT,298.87,9.11,298.88,0.03,298.87,359661.53,104883686.9204
1753507270674,05:21:10.674,bybit,AAVE/USDT:USDT,298.86,9.25,298.88,0.03,298.86,359672.76,104887043.1843
1753507270774,05:21:10.774,bybit,AAVE/USDT:USDT,298.87,2.92,298.88,0.03,298.86,359672.76,104887043.1843
1753507270974,05:21:10.974,bybit,AAVE/USDT:USDT,298.87,5.07,298.88,0.03,298.86,359672.76,104887043.1843
1753507271174,05:21:11.174,bybit,AAVE/USDT:USDT,298.87,5.07,298.88,0.03,298.86,359672.76,104887043.1843
1753507271774,05:21:11.774,bybit,AAVE/USDT:USDT,298.87,5.07,298.88,0.03,298.86,359672.76,104887043.1843
1753507272675,05:21:12.675,bybit,AAVE/USDT:USDT,298.87,5.07,298.88,0.03,298.86,359672.76,104887043.1843
1753507272775,05:21:12.775,bybit,AAVE/USDT:USDT,298.87,4.82,298.88,0.03,298.87,359673.01,104887117.9018
1753507272874,05:21:12.874,bybit,AAVE/USDT:USDT,298.87,4.82,298.88,0.03,298.87,359673.01,104887117.9018
1753507273274,05:21:13.274,bybit,AAVE/USDT:USDT,298.87,4.82,298.88,0.03,298.87,359673.01,104887117.9018
1753507274074,05:21:14.074,bybit,AAVE/USDT:USDT,298.87,6.38,298.88,0.03,298.87,359673.01,104887117.9018
1753507274474,05:21:14.474,bybit,AAVE/USDT:USDT,298.87,6.38,298.88,0.03,298.87,359673.01,104887117.9018
1753507274774,05:21:14.774,bybit,AAVE/USDT:USDT,298.87,6.28,298.88,0.03,298.87,359673.01,104887117.9018
1753507275774,05:21:15.774,bybit,AAVE/USDT:USDT,298.9,0.22,298.91,0.42,298.92,359673.78,104887348.0493
1753507275874,05:21:15.874,bybit,AAVE/USDT:USDT,298.9,0.36,298.91,0.42,298.92,359673.78,104887348.0493
1753507276274,05:21:16.274,bybit,AAVE/USDT:USDT,298.9,0.36,298.91,1.57,298.92,359673.78,104887348.0493
1753507276374,05:21:16.374,bybit,AAVE/USDT:USDT,298.9,5.46,298.91,1.15,298.92,359673.78,104887348.0493
1753507277575,05:21:17.575,bybit,AAVE/USDT:USDT,298.9,2.58,298.91,1.15,298.92,359673.78,104887348.0493
1753507277674,05:21:17.674,bybit,AAVE/USDT:USDT,298.9,0.07,298.91,3.73,298.92,359673.78,104887348.0493
1753507277774,05:21:17.774,bybit,AAVE/USDT:USDT,298.9,0.07,298.91,4.91,298.92,359673.78,104887348.0493
1753507279375,05:21:19.375,bybit,AAVE/USDT:USDT,298.9,0.07,298.91,3.73,298.92,359673.78,104887348.0493
1753507279975,05:21:19.975,bybit,AAVE/USDT:USDT,298.9,1.61,298.91,3.73,298.92,359673.78,104887348.0493
1753507280074,05:21:20.074,bybit,AAVE/USDT:USDT,298.9,0.07,298.91,3.73,298.92,359673.78,104887348.0493
1753507280174,05:21:20.174,bybit,AAVE/USDT:USDT,298.9,0.07,298.91,4.86,298.92,359673.78,104887348.0493
1753507280275,05:21:20.275,bybit,AAVE/USDT:USDT,298.9,0.07,298.91,4.89,298.92,359673.78,104887348.0493
1753507280775,05:21:20.775,bybit,AAVE/USDT:USDT,298.9,0.07,298.91,4.89,298.92,359673.78,104887348.0493
1753507281074,05:21:21.074,bybit,AAVE/USDT:USDT,298.9,4.01,298.91,2.28,298.92,359673.78,104887348.0493
1753507281174,05:21:21.174,bybit,AAVE/USDT:USDT,298.9,4.01,298.91,1.15,298.92,359673.78,104887348.0493
1753507281474,05:21:21.474,bybit,AAVE/USDT:USDT,298.9,0.07,298.91,1.15,298.92,359673.78,104887348.0493
1753507281574,05:21:21.574,bybit,AAVE/USDT:USDT,298.9,0.25,298.91,0.67,298.92,359673.78,104887348.0493
1753507281674,05:21:21.674,bybit,AAVE/USDT:USDT,298.9,5.01,298.91,0.67,298.92,359673.78,104887348.0493
1753507281974,05:21:21.974,bybit,AAVE/USDT:USDT,298.9,5.01,298.91,0.67,298.92,359673.78,104887348.0493
1753507282074,05:21:22.074,bybit,AAVE/USDT:USDT,298.9,2.95,298.91,0.67,298.92,359673.78,104887348.0493
1753507282274,05:21:22.274,bybit,AAVE/USDT:USDT,298.9,2.95,298.91,0.67,298.92,359673.78,104887348.0493
1753507282575,05:21:22.575,bybit,AAVE/USDT:USDT,298.9,2.95,298.91,0.67,298.92,359673.78,104887348.0493
1753507282774,05:21:22.774,bybit,AAVE/USDT:USDT,298.9,0.17,298.91,6.1,298.92,359673.78,104887348.0493
1753507282975,05:21:22.975,bybit,AAVE/USDT:USDT,298.9,0.17,298.91,3.67,298.92,359673.78,104887348.0493
1753507283274,05:21:23.274,bybit,AAVE/USDT:USDT,298.9,0.07,298.91,3.67,298.87,359674.11,104887446.6819
1753507283374,05:21:23.374,bybit,AAVE/USDT:USDT,298.9,0.07,298.91,3.67,298.87,359674.11,104887446.6819
1753507283475,05:21:23.475,bybit,AAVE/USDT:USDT,298.9,0.07,298.91,3.67,298.87,359674.11,104887446.6819
1753507283774,05:21:23.774,bybit,AAVE/USDT:USDT,298.9,0.07,298.91,3.67,298.87,359674.11,104887446.6819
1753507283875,05:21:23.875,bybit,AAVE/USDT:USDT,298.9,1.14,298.91,0.67,298.87,359674.11,104887446.6819
1753507284074,05:21:24.074,bybit,AAVE/USDT:USDT,298.9,4.29,298.91,0.67,298.87,359674.11,104887446.6819
1753507284374,05:21:24.374,bybit,AAVE/USDT:USDT,298.9,4.29,298.91,0.67,298.87,359674.11,104887446.6819
1753507285575,05:21:25.575,bybit,AAVE/USDT:USDT,298.9,6.15,298.91,0.67,298.87,359674.11,104887446.6819
1753507285874,05:21:25.874,bybit,AAVE/USDT:USDT,298.9,0.07,298.91,3.67,298.87,359674.11,104887446.6819
1753507285975,05:21:25.975,bybit,AAVE/USDT:USDT,298.9,0.07,298.91,4.03,298.87,359674.11,104887446.6819
1753507286074,05:21:26.074,bybit,AAVE/USDT:USDT,298.9,0.07,298.91,4.45,298.87,359674.11,104887446.6819
1753507286375,05:21:26.375,bybit,AAVE/USDT:USDT,298.9,0.07,298.91,4.44,298.87,359674.11,104887446.6819
1753507286474,05:21:26.474,bybit,AAVE/USDT:USDT,298.9,0.07,298.91,4.44,298.87,359674.11,104887446.6819
1753507286674,05:21:26.674,bybit,AAVE/USDT:USDT,298.9,0.07,298.91,3.41,298.87,359674.11,104887446.6819
1753507287375,05:21:27.375,bybit,AAVE/USDT:USDT,298.9,0.07,298.91,3.41,298.87,359674.11,104887446.6819
1753507287575,05:21:27.575,bybit,AAVE/USDT:USDT,298.9,0.07,298.91,4.79,298.87,359674.11,104887446.6819
1753507288274,05:21:28.274,bybit,AAVE/USDT:USDT,298.9,0.07,298.91,4.79,298.87,359674.11,104887446.6819
1753507288574,05:21:28.574,bybit,AAVE/USDT:USDT,298.88,1.29,298.89,0.42,298.9,359674.18,104887467.6049
1753507288674,05:21:28.674,bybit,AAVE/USDT:USDT,298.87,0.33,298.88,2.58,298.9,359674.18,104887467.6049
1753507288775,05:21:28.775,bybit,AAVE/USDT:USDT,298.87,2.26,298.88,2.99,298.9,359674.18,104887467.6049
1753507288874,05:21:28.874,bybit,AAVE/USDT:USDT,298.87,2.46,298.88,2.99,298.9,359674.18,104887467.6049
1753507289074,05:21:29.074,bybit,AAVE/USDT:USDT,298.87,4.76,298.88,2.99,298.9,359674.18,104887467.6049
1753507289774,05:21:29.774,bybit,AAVE/USDT:USDT,298.87,4.76,298.88,0.41,298.9,359674.18,104887467.6049
1753507290574,05:21:30.574,bybit,AAVE/USDT:USDT,298.87,2.46,298.88,2.99,298.9,359674.18,104887467.6049
1753507290774,05:21:30.774,bybit,AAVE/USDT:USDT,298.86,0.97,298.87,6.97,298.9,359674.18,104887467.6049
1753507290874,05:21:30.874,bybit,AAVE/USDT:USDT,298.86,0.09,298.87,9.62,298.86,359675.06,104887730.6017
1753507291074,05:21:31.074,bybit,AAVE/USDT:USDT,298.86,0.09,298.87,10.03,298.86,359675.06,104887730.6017
1753507291174,05:21:31.174,bybit,AAVE/USDT:USDT,298.86,0.09,298.87,7.45,298.86,359675.06,104887730.6017
1753507291274,05:21:31.274,bybit,AAVE/USDT:USDT,298.85,0.07,298.86,11.21,298.86,359675.15,104887757.4991
1753507291374,05:21:31.374,bybit,AAVE/USDT:USDT,298.82,0.02,298.83,15.16,298.83,359686.31,104891092.5091
1753507291475,05:21:31.475,bybit,AAVE/USDT:USDT,298.82,0.02,298.83,15.16,298.83,359686.31,104891092.5091
1753507291574,05:21:31.574,bybit,AAVE/USDT:USDT,298.82,0.02,298.83,14.01,298.83,359686.31,104891092.5091
1753507291775,05:21:31.775,bybit,AAVE/USDT:USDT,298.82,0.02,298.83,14.42,298.83,359686.31,104891092.5091
1753507292175,05:21:32.175,bybit,AAVE/USDT:USDT,298.82,0.02,298.83,14.42,298.83,359686.31,104891092.5091
1753507292475,05:21:32.475,bybit,AAVE/USDT:USDT,298.82,0.02,298.83,14.42,298.83,359686.31,104891092.5091
1753507292774,05:21:32.774,bybit,AAVE/USDT:USDT,298.82,0.02,298.83,14.42,298.83,359686.31,104891092.5091
1753507295874,05:21:35.874,bybit,AAVE/USDT:USDT,298.82,0.02,298.83,14.42,298.83,359439.94,104820278.6085
1753507295974,05:21:35.974,bybit,AAVE/USDT:USDT,298.82,0.02,298.83,14.74,298.83,359439.94,104820278.6085
1753507296174,05:21:36.174,bybit,AAVE/USDT:USDT,298.8,0.06,298.81,6.9,298.82,359439.96,104820284.5849
1753507296274,05:21:36.274,bybit,AAVE/USDT:USDT,298.8,0.06,298.81,6.97,298.82,359439.96,104820284.5849
1753507296374,05:21:36.374,bybit,AAVE/USDT:USDT,298.8,0.06,298.81,7.31,298.82,359439.96,104820284.5849
1753507296474,05:21:36.474,bybit,AAVE/USDT:USDT,298.8,0.06,298.81,8.54,298.82,359439.96,104820284.5849
1753507296574,05:21:36.574,bybit,AAVE/USDT:USDT,298.8,0.04,298.81,8.54,298.82,359439.96,104820284.5849
1753507296674,05:21:36.674,bybit,AAVE/USDT:USDT,298.8,0.84,298.81,6.13,298.82,359439.96,104820284.5849
1753507296774,05:21:36.774,bybit,AAVE/USDT:USDT,298.8,4.88,298.81,0.41,298.82,359439.96,104820284.5849
1753507296874,05:21:36.874,bybit,AAVE/USDT:USDT,298.8,0.35,298.81,3.41,298.82,359439.96,104820284.5849
1753507297175,05:21:37.175,bybit,AAVE/USDT:USDT,298.8,0.35,298.81,4.77,298.82,359439.96,104820284.5849
1753507297574,05:21:37.574,bybit,AAVE/USDT:USDT,298.8,0.35,298.81,4.77,298.82,359439.96,104820284.5849
1753507297874,05:21:37.874,bybit,AAVE/USDT:USDT,298.8,3.23,298.81,0.41,298.82,359439.96,104820284.5849
1753507297974,05:21:37.974,bybit,AAVE/USDT:USDT,298.8,3.23,298.81,0.57,298.82,359439.96,104820284.5849
1753507298174,05:21:38.174,bybit,AAVE/USDT:USDT,298.8,3.23,298.81,0.71,298.82,359439.96,104820284.5849
1753507299174,05:21:39.174,bybit,AAVE/USDT:USDT,298.8,0.35,298.81,3.02,298.82,359439.96,104820284.5849
