timestamp,time,exchange,symbol,bid,bidVolume,ask,askVolume,lastPrice,baseVolume,quoteVolume
1753504798555,04:39:58.555,bybit,ACH/USDT:USDT,0.022364,12210.0,0.022365,250.0,0.02236,74995660.0,1635480.4934
1753504800555,04:40:00.555,bybit,ACH/USDT:USDT,0.022364,35090.0,0.022365,250.0,0.02236,74995660.0,1635480.4934
1753504800855,04:40:00.855,bybit,ACH/USDT:USDT,0.022364,32950.0,0.022365,250.0,0.02236,74995660.0,1635480.4934
1753504802455,04:40:02.455,bybit,ACH/USDT:USDT,0.022364,36250.0,0.022365,250.0,0.02236,74995660.0,1635480.4934
1753504805855,04:40:05.855,bybit,ACH/USDT:USDT,0.022364,36250.0,0.022365,250.0,0.02236,74995660.0,1635480.4934
1753504807755,04:40:07.755,bybit,ACH/USDT:USDT,0.022364,30810.0,0.022365,250.0,0.02236,74995660.0,1635480.4934
1753504807855,04:40:07.855,bybit,ACH/USDT:USDT,0.022364,37470.0,0.022365,250.0,0.02236,74995660.0,1635480.4934
1753504811555,04:40:11.555,bybit,ACH/USDT:USDT,0.022364,37470.0,0.022365,250.0,0.02236,74977330.0,1635086.0996
1753504813455,04:40:13.455,bybit,ACH/USDT:USDT,0.022364,30810.0,0.022365,250.0,0.02236,74977330.0,1635086.0996
1753504813555,04:40:13.555,bybit,ACH/USDT:USDT,0.022364,37470.0,0.022365,250.0,0.02236,74977330.0,1635086.0996
1753504813655,04:40:13.655,bybit,ACH/USDT:USDT,0.022364,37470.0,0.022365,250.0,0.02236,74977330.0,1635086.0996
1753504819355,04:40:19.355,bybit,ACH/USDT:USDT,0.022364,40070.0,0.022365,250.0,0.02236,74977330.0,1635086.0996
1753504819955,04:40:19.955,bybit,ACH/USDT:USDT,0.022364,40070.0,0.022365,250.0,0.02236,74977330.0,1635086.0996
1753504820856,04:40:20.856,bybit,ACH/USDT:USDT,0.022364,40070.0,0.022365,250.0,0.02236,74977330.0,1635086.0996
1753504822955,04:40:22.955,bybit,ACH/USDT:USDT,0.022364,40070.0,0.022365,250.0,0.02236,74977330.0,1635086.0996
1753504823855,04:40:23.855,bybit,ACH/USDT:USDT,0.022364,40070.0,0.022365,250.0,0.02236,74977330.0,1635086.0996
1753504824055,04:40:24.055,bybit,ACH/USDT:USDT,0.022364,40070.0,0.022365,710.0,0.02236,74977330.0,1635086.0996
1753504829255,04:40:29.255,bybit,ACH/USDT:USDT,0.022364,40690.0,0.022365,710.0,0.02236,74977330.0,1635086.0996
1753504829455,04:40:29.455,bybit,ACH/USDT:USDT,0.022364,47970.0,0.022365,710.0,0.02236,74977330.0,1635086.0996
1753504831955,04:40:31.955,bybit,ACH/USDT:USDT,0.022365,1120.0,0.022366,20.0,0.022365,74978040.0,1635101.9787
1753504832055,04:40:32.055,bybit,ACH/USDT:USDT,0.022365,29320.0,0.022366,20.0,0.022365,74978040.0,1635101.9787
1753504832255,04:40:32.255,bybit,ACH/USDT:USDT,0.022365,29320.0,0.022366,20.0,0.022365,74978040.0,1635101.9787
1753504832555,04:40:32.555,bybit,ACH/USDT:USDT,0.022365,29320.0,0.022366,20.0,0.022365,74978040.0,1635101.9787
1753504832855,04:40:32.855,bybit,ACH/USDT:USDT,0.022365,29320.0,0.022366,20.0,0.022365,74978040.0,1635101.9787
1753504836455,04:40:36.455,bybit,ACH/USDT:USDT,0.022365,29320.0,0.022366,20.0,0.022365,74978040.0,1635101.9787
1753504836755,04:40:36.755,bybit,ACH/USDT:USDT,0.022365,29320.0,0.022366,20.0,0.022365,74978040.0,1635101.9787
1753504837455,04:40:37.455,bybit,ACH/USDT:USDT,0.022365,33380.0,0.022366,20.0,0.022365,74978040.0,1635101.9787
1753504839555,04:40:39.555,bybit,ACH/USDT:USDT,0.022365,34420.0,0.022366,20.0,0.022365,74978040.0,1635101.9787
1753504841256,04:40:41.256,bybit,ACH/USDT:USDT,0.022365,34420.0,0.022366,20.0,0.022365,74978040.0,1635101.9787
1753504842855,04:40:42.855,bybit,ACH/USDT:USDT,0.022365,27640.0,0.022366,1540.0,0.022365,74978040.0,1635101.9787
1753504843455,04:40:43.455,bybit,ACH/USDT:USDT,0.022365,27640.0,0.022366,20.0,0.022365,74978040.0,1635101.9787
1753504844855,04:40:44.855,bybit,ACH/USDT:USDT,0.022365,30270.0,0.022366,20.0,0.022365,74978040.0,1635101.9787
1753504846855,04:40:46.855,bybit,ACH/USDT:USDT,0.022365,30380.0,0.022366,20.0,0.022365,74978040.0,1635101.9787
1753504848555,04:40:48.555,bybit,ACH/USDT:USDT,0.022365,32610.0,0.022366,20.0,0.022365,74978040.0,1635101.9787
1753504851155,04:40:51.155,bybit,ACH/USDT:USDT,0.022365,37680.0,0.022366,20.0,0.022365,74978040.0,1635101.9787
1753504851455,04:40:51.455,bybit,ACH/USDT:USDT,0.022365,39910.0,0.022366,20.0,0.022365,74978040.0,1635101.9787
1753504852656,04:40:52.656,bybit,ACH/USDT:USDT,0.022365,37470.0,0.022366,20.0,0.022365,74978040.0,1635101.9787
1753504853855,04:40:53.855,bybit,ACH/USDT:USDT,0.022365,37470.0,0.022366,20.0,0.022365,74978040.0,1635101.9787
1753504856255,04:40:56.255,bybit,ACH/USDT:USDT,0.022365,37470.0,0.022366,20.0,0.022365,74978040.0,1635101.9787
1753504858155,04:40:58.155,bybit,ACH/USDT:USDT,0.022365,34840.0,0.022366,20.0,0.022365,74978040.0,1635101.9787
1753504858255,04:40:58.255,bybit,ACH/USDT:USDT,0.022365,37470.0,0.022366,20.0,0.022365,74978040.0,1635101.9787
1753504860255,04:41:00.255,bybit,ACH/USDT:USDT,0.022365,32470.0,0.022366,20.0,0.022365,74978040.0,1635101.9787
1753504862055,04:41:02.055,bybit,ACH/USDT:USDT,0.022365,33120.0,0.022366,20.0,0.022365,74978040.0,1635101.9787
1753504862155,04:41:02.155,bybit,ACH/USDT:USDT,0.022365,32470.0,0.022366,20.0,0.022365,74978040.0,1635101.9787
1753504862255,04:41:02.255,bybit,ACH/USDT:USDT,0.022365,33660.0,0.022366,20.0,0.022365,74978040.0,1635101.9787
1753504862355,04:41:02.355,bybit,ACH/USDT:USDT,0.022365,32470.0,0.022366,20.0,0.022365,74978040.0,1635101.9787
1753504862655,04:41:02.655,bybit,ACH/USDT:USDT,0.022365,34090.0,0.022366,20.0,0.022365,74978040.0,1635101.9787
1753504864155,04:41:04.155,bybit,ACH/USDT:USDT,0.022365,35610.0,0.022366,250.0,0.022365,74978040.0,1635101.9787
1753504864255,04:41:04.255,bybit,ACH/USDT:USDT,0.022365,35610.0,0.022366,20.0,0.022365,74978040.0,1635101.9787
1753504864755,04:41:04.755,bybit,ACH/USDT:USDT,0.022365,33990.0,0.022366,20.0,0.022365,74978040.0,1635101.9787
1753504865155,04:41:05.155,bybit,ACH/USDT:USDT,0.022365,38570.0,0.022366,20.0,0.022365,74978040.0,1635101.9787
1753504870255,04:41:10.255,bybit,ACH/USDT:USDT,0.022365,40430.0,0.022366,20.0,0.022365,74978040.0,1635101.9787
1753504870555,04:41:10.555,bybit,ACH/USDT:USDT,0.022365,44020.0,0.022366,20.0,0.022365,74978040.0,1635101.9787
1753504870655,04:41:10.655,bybit,ACH/USDT:USDT,0.022365,47370.0,0.022366,20.0,0.022365,74978040.0,1635101.9787
1753504870755,04:41:10.755,bybit,ACH/USDT:USDT,0.022365,51840.0,0.022366,20.0,0.022365,74978040.0,1635101.9787
1753504870855,04:41:10.855,bybit,ACH/USDT:USDT,0.022365,47370.0,0.022366,20.0,0.022365,74978040.0,1635101.9787
1753504871155,04:41:11.155,bybit,ACH/USDT:USDT,0.022365,51840.0,0.022366,20.0,0.022365,74978040.0,1635101.9787
1753504871755,04:41:11.755,bybit,ACH/USDT:USDT,0.022365,47370.0,0.022366,20.0,0.022365,74978040.0,1635101.9787
1753504872455,04:41:12.455,bybit,ACH/USDT:USDT,0.022365,42090.0,0.022366,20.0,0.022365,74978040.0,1635101.9787
1753504877255,04:41:17.255,bybit,ACH/USDT:USDT,0.022365,42090.0,0.022366,1190.0,0.022365,74978040.0,1635101.9787
1753504882455,04:41:22.455,bybit,ACH/USDT:USDT,0.022365,37320.0,0.022366,1190.0,0.022365,74978040.0,1635101.9787
1753504882555,04:41:22.555,bybit,ACH/USDT:USDT,0.022369,4120.0,0.02237,250.0,0.022366,74979230.0,1635128.5943
1753504882656,04:41:22.656,bybit,ACH/USDT:USDT,0.022369,8020.0,0.02237,250.0,0.022366,74979230.0,1635128.5943
1753504882755,04:41:22.755,bybit,ACH/USDT:USDT,0.022369,11920.0,0.02237,250.0,0.022366,74979230.0,1635128.5943
1753504883855,04:41:23.855,bybit,ACH/USDT:USDT,0.022369,11920.0,0.02237,250.0,0.022366,74979230.0,1635128.5943
1753504885255,04:41:25.255,bybit,ACH/USDT:USDT,0.022369,34800.0,0.02237,250.0,0.022366,74979230.0,1635128.5943
1753504885455,04:41:25.455,bybit,ACH/USDT:USDT,0.022369,37030.0,0.02237,250.0,0.022366,74979230.0,1635128.5943
1753504890655,04:41:30.655,bybit,ACH/USDT:USDT,0.022369,34240.0,0.02237,250.0,0.022366,74979230.0,1635128.5943
1753504891055,04:41:31.055,bybit,ACH/USDT:USDT,0.022369,29490.0,0.02237,250.0,0.022366,74979230.0,1635128.5943
1753504891755,04:41:31.755,bybit,ACH/USDT:USDT,0.022369,34810.0,0.02237,250.0,0.022366,74979230.0,1635128.5943
1753504892255,04:41:32.255,bybit,ACH/USDT:USDT,0.022369,34810.0,0.02237,250.0,0.022366,74979230.0,1635128.5943
1753504893456,04:41:33.456,bybit,ACH/USDT:USDT,0.022369,35850.0,0.02237,250.0,0.022366,74979230.0,1635128.5943
1753504896455,04:41:36.455,bybit,ACH/USDT:USDT,0.022369,35850.0,0.02237,250.0,0.022366,74979230.0,1635128.5943
1753504898255,04:41:38.255,bybit,ACH/USDT:USDT,0.022369,35850.0,0.02237,250.0,0.022366,74979230.0,1635128.5943
1753504898555,04:41:38.555,bybit,ACH/USDT:USDT,0.022369,30270.0,0.02237,250.0,0.022366,74979230.0,1635128.5943
1753504898656,04:41:38.656,bybit,ACH/USDT:USDT,0.022369,43910.0,0.02237,250.0,0.022366,74979230.0,1635128.5943
1753504898855,04:41:38.855,bybit,ACH/USDT:USDT,0.022369,43910.0,0.02237,250.0,0.022366,74979230.0,1635128.5943
1753504899655,04:41:39.655,bybit,ACH/USDT:USDT,0.022369,46140.0,0.02237,250.0,0.022366,74979230.0,1635128.5943
1753504901655,04:41:41.655,bybit,ACH/USDT:USDT,0.022369,46140.0,0.02237,250.0,0.022366,74969130.0,1634911.6418
1753504902755,04:41:42.755,bybit,ACH/USDT:USDT,0.022369,46140.0,0.02237,250.0,0.022366,74969130.0,1634911.6418
1753504904555,04:41:44.555,bybit,ACH/USDT:USDT,0.022369,47380.0,0.02237,250.0,0.022366,74969130.0,1634911.6418
1753504908855,04:41:48.855,bybit,ACH/USDT:USDT,0.022369,47480.0,0.02237,250.0,0.022366,74969130.0,1634911.6418
1753504914756,04:41:54.756,bybit,ACH/USDT:USDT,0.022369,47480.0,0.02237,250.0,0.022366,74969130.0,1634911.6418
1753504915956,04:41:55.956,bybit,ACH/USDT:USDT,0.022369,47480.0,0.02237,250.0,0.022366,74969130.0,1634911.6418
1753504916155,04:41:56.155,bybit,ACH/USDT:USDT,0.022369,33840.0,0.02237,250.0,0.022366,74969130.0,1634911.6418
1753504916255,04:41:56.255,bybit,ACH/USDT:USDT,0.022369,51800.0,0.02237,250.0,0.022366,74969130.0,1634911.6418
1753504917255,04:41:57.255,bybit,ACH/USDT:USDT,0.022369,37530.0,0.02237,1770.0,0.022366,74969130.0,1634911.6418
1753504917455,04:41:57.455,bybit,ACH/USDT:USDT,0.022369,37530.0,0.02237,250.0,0.022366,74969130.0,1634911.6418
1753504917755,04:41:57.755,bybit,ACH/USDT:USDT,0.022369,37530.0,0.02237,250.0,0.022366,74969130.0,1634911.6418
1753504921355,04:42:01.355,bybit,ACH/USDT:USDT,0.022369,32320.0,0.02237,250.0,0.022366,74969130.0,1634911.6418
1753504921955,04:42:01.955,bybit,ACH/USDT:USDT,0.022369,32420.0,0.02237,250.0,0.022366,74969130.0,1634911.6418
1753504924755,04:42:04.755,bybit,ACH/USDT:USDT,0.022369,33920.0,0.02237,250.0,0.022366,74969130.0,1634911.6418
1753504929855,04:42:09.855,bybit,ACH/USDT:USDT,0.022369,32420.0,0.02237,250.0,0.022366,74969130.0,1634911.6418
1753504930955,04:42:10.955,bybit,ACH/USDT:USDT,0.022369,40460.0,0.02237,250.0,0.022366,74969130.0,1634911.6418
1753504932455,04:42:12.455,bybit,ACH/USDT:USDT,0.022369,32420.0,0.02237,250.0,0.022366,74969130.0,1634911.6418
1753504932555,04:42:12.555,bybit,ACH/USDT:USDT,0.022369,37280.0,0.02237,250.0,0.022366,74969130.0,1634911.6418
1753504933055,04:42:13.055,bybit,ACH/USDT:USDT,0.022369,37280.0,0.02237,250.0,0.022366,74969130.0,1634911.6418
1753504933855,04:42:13.855,bybit,ACH/USDT:USDT,0.022369,32420.0,0.02237,250.0,0.022366,74969130.0,1634911.6418
1753504933955,04:42:13.955,bybit,ACH/USDT:USDT,0.022369,32420.0,0.02237,250.0,0.022366,74969130.0,1634911.6418
1753504934055,04:42:14.055,bybit,ACH/USDT:USDT,0.022369,33500.0,0.02237,3160.0,0.022366,74969130.0,1634911.6418
1753504938155,04:42:18.155,bybit,ACH/USDT:USDT,0.022369,33500.0,0.02237,3160.0,0.022366,74969130.0,1634911.6418
1753504938755,04:42:18.755,bybit,ACH/USDT:USDT,0.022369,33500.0,0.02237,3160.0,0.022366,74969130.0,1634911.6418
1753504939355,04:42:19.355,bybit,ACH/USDT:USDT,0.022369,37960.0,0.02237,3160.0,0.022366,74969130.0,1634911.6418
1753504939655,04:42:19.655,bybit,ACH/USDT:USDT,0.022369,37960.0,0.02237,3160.0,0.022366,74969130.0,1634911.6418
1753504941955,04:42:21.955,bybit,ACH/USDT:USDT,0.022371,2640.0,0.022372,230.0,0.02237,74972290.0,1634982.331
1753504942055,04:42:22.055,bybit,ACH/USDT:USDT,0.022371,6600.0,0.022372,230.0,0.02237,74972290.0,1634982.331
1753504942356,04:42:22.356,bybit,ACH/USDT:USDT,0.022371,6600.0,0.022372,230.0,0.02237,74972290.0,1634982.331
1753504942655,04:42:22.655,bybit,ACH/USDT:USDT,0.022371,6600.0,0.022372,230.0,0.02237,74972290.0,1634982.331
1753504942755,04:42:22.755,bybit,ACH/USDT:USDT,0.022371,8830.0,0.022372,230.0,0.02237,74972290.0,1634982.331
1753504943055,04:42:23.055,bybit,ACH/USDT:USDT,0.022371,9870.0,0.022372,230.0,0.02237,74972290.0,1634982.331
1753504943256,04:42:23.256,bybit,ACH/USDT:USDT,0.022371,16010.0,0.022372,230.0,0.02237,74972290.0,1634982.331
1753504945455,04:42:25.455,bybit,ACH/USDT:USDT,0.022371,38890.0,0.022372,230.0,0.02237,74972290.0,1634982.331
1753504946655,04:42:26.655,bybit,ACH/USDT:USDT,0.022371,38890.0,0.022372,230.0,0.02237,74952860.0,1634564.6687
1753504948055,04:42:28.055,bybit,ACH/USDT:USDT,0.022371,38890.0,0.022372,230.0,0.02237,74952860.0,1634564.6687
1753504948955,04:42:28.955,bybit,ACH/USDT:USDT,0.022371,38890.0,0.022372,230.0,0.02237,74952860.0,1634564.6687
1753504950255,04:42:30.255,bybit,ACH/USDT:USDT,0.022371,41120.0,0.022372,230.0,0.02237,74952860.0,1634564.6687
1753504952255,04:42:32.255,bybit,ACH/USDT:USDT,0.022371,41120.0,0.022372,230.0,0.02237,74952860.0,1634564.6687
1753504956355,04:42:36.355,bybit,ACH/USDT:USDT,0.022371,31020.0,0.022372,230.0,0.02237,74952860.0,1634564.6687
1753504956455,04:42:36.455,bybit,ACH/USDT:USDT,0.022371,38270.0,0.022372,230.0,0.02237,74952860.0,1634564.6687
1753504956755,04:42:36.755,bybit,ACH/USDT:USDT,0.022371,38270.0,0.022372,230.0,0.02237,74952860.0,1634564.6687
1753504956855,04:42:36.855,bybit,ACH/USDT:USDT,0.022371,45520.0,0.022372,230.0,0.02237,74952860.0,1634564.6687
1753504957655,04:42:37.655,bybit,ACH/USDT:USDT,0.022371,45520.0,0.022372,230.0,0.02237,74952860.0,1634564.6687
1753504960755,04:42:40.755,bybit,ACH/USDT:USDT,0.022371,36750.0,0.022372,230.0,0.02237,74952860.0,1634564.6687
1753504960856,04:42:40.856,bybit,ACH/USDT:USDT,0.022371,29500.0,0.022372,230.0,0.02237,74952860.0,1634564.6687
1753504964355,04:42:44.355,bybit,ACH/USDT:USDT,0.022371,30610.0,0.022372,230.0,0.02237,74952860.0,1634564.6687
1753504965555,04:42:45.555,bybit,ACH/USDT:USDT,0.022371,32150.0,0.022372,230.0,0.02237,74952860.0,1634564.6687
1753504968755,04:42:48.755,bybit,ACH/USDT:USDT,0.022371,32150.0,0.022372,230.0,0.02237,74952860.0,1634564.6687
1753504971055,04:42:51.055,bybit,ACH/USDT:USDT,0.022371,29500.0,0.022372,230.0,0.02237,74952860.0,1634564.6687
1753504971155,04:42:51.155,bybit,ACH/USDT:USDT,0.022371,31020.0,0.022372,230.0,0.02237,74952860.0,1634564.6687
1753504971255,04:42:51.255,bybit,ACH/USDT:USDT,0.022371,37310.0,0.022372,230.0,0.02237,74952860.0,1634564.6687
1753504973855,04:42:53.855,bybit,ACH/USDT:USDT,0.022371,37310.0,0.022372,2750.0,0.02237,74952860.0,1634564.6687
1753504974755,04:42:54.755,bybit,ACH/USDT:USDT,0.022371,37310.0,0.022372,2750.0,0.02237,74952860.0,1634564.6687
1753504974955,04:42:54.955,bybit,ACH/USDT:USDT,0.022371,31020.0,0.022372,2750.0,0.02237,74952860.0,1634564.6687
1753504976056,04:42:56.056,bybit,ACH/USDT:USDT,0.022371,34220.0,0.022372,2750.0,0.02237,74952860.0,1634564.6687
1753504978955,04:42:58.955,bybit,ACH/USDT:USDT,0.022371,34220.0,0.022372,2750.0,0.02237,74952860.0,1634564.6687
1753504979555,04:42:59.555,bybit,ACH/USDT:USDT,0.022371,34220.0,0.022372,2750.0,0.02237,74952860.0,1634564.6687
1753504979855,04:42:59.855,bybit,ACH/USDT:USDT,0.022371,34220.0,0.022372,2750.0,0.02237,74952860.0,1634564.6687
1753504980456,04:43:00.456,bybit,ACH/USDT:USDT,0.022371,34220.0,0.022372,2750.0,0.02237,74952860.0,1634564.6687
1753504982055,04:43:02.055,bybit,ACH/USDT:USDT,0.022371,31020.0,0.022372,2750.0,0.02237,74952860.0,1634564.6687
1753504982155,04:43:02.155,bybit,ACH/USDT:USDT,0.022371,35700.0,0.022372,2750.0,0.02237,74952860.0,1634564.6687
1753504982756,04:43:02.756,bybit,ACH/USDT:USDT,0.022371,41040.0,0.022372,2750.0,0.02237,74952860.0,1634564.6687
1753504988055,04:43:08.055,bybit,ACH/USDT:USDT,0.022371,31020.0,0.022372,2750.0,0.02237,74952860.0,1634564.6687
1753504988656,04:43:08.656,bybit,ACH/USDT:USDT,0.022371,43120.0,0.022372,2750.0,0.02237,74952860.0,1634564.6687
1753504990655,04:43:10.655,bybit,ACH/USDT:USDT,0.022371,43120.0,0.022372,2750.0,0.02237,74952860.0,1634564.6687
1753504991355,04:43:11.355,bybit,ACH/USDT:USDT,0.022371,43120.0,0.022372,2750.0,0.02237,74918160.0,1633820.5264
1753504991555,04:43:11.555,bybit,ACH/USDT:USDT,0.022371,43120.0,0.022372,2750.0,0.02237,74918160.0,1633820.5264
1753504994255,04:43:14.255,bybit,ACH/USDT:USDT,0.022371,31020.0,0.022372,2750.0,0.02237,74918160.0,1633820.5264
1753504995155,04:43:15.155,bybit,ACH/USDT:USDT,0.022371,38110.0,0.022372,2750.0,0.02237,74918160.0,1633820.5264
1753504996255,04:43:16.255,bybit,ACH/USDT:USDT,0.022371,45280.0,0.022372,2750.0,0.02237,74918160.0,1633820.5264
1753505002156,04:43:22.156,bybit,ACH/USDT:USDT,0.022371,31020.0,0.022372,2750.0,0.02237,74918160.0,1633820.5264
1753505002855,04:43:22.855,bybit,ACH/USDT:USDT,0.022371,39030.0,0.022372,2750.0,0.02237,74918160.0,1633820.5264
1753505002955,04:43:22.955,bybit,ACH/USDT:USDT,0.022371,46910.0,0.022372,2750.0,0.02237,74918160.0,1633820.5264
1753505004955,04:43:24.955,bybit,ACH/USDT:USDT,0.022371,46910.0,0.022372,2310.0,0.022372,74918600.0,1633830.3701
1753505005055,04:43:25.055,bybit,ACH/USDT:USDT,0.022371,46910.0,0.022372,2310.0,0.022372,74918600.0,1633830.3701
1753505005655,04:43:25.655,bybit,ACH/USDT:USDT,0.022371,46910.0,0.022372,2310.0,0.022372,74918600.0,1633830.3701
1753505008655,04:43:28.655,bybit,ACH/USDT:USDT,0.022374,2640.0,0.022375,250.0,0.022372,74920910.0,1633882.0494
1753505008755,04:43:28.755,bybit,ACH/USDT:USDT,0.022374,11130.0,0.022375,250.0,0.022372,74920910.0,1633882.0494
1753505009656,04:43:29.656,bybit,ACH/USDT:USDT,0.022374,19890.0,0.022375,250.0,0.022372,74920910.0,1633882.0494
1753505011255,04:43:31.255,bybit,ACH/USDT:USDT,0.022374,42770.0,0.022375,250.0,0.022372,74920910.0,1633882.0494
1753505012255,04:43:32.255,bybit,ACH/USDT:USDT,0.022374,42770.0,0.022375,250.0,0.022372,74920910.0,1633882.0494
1753505016856,04:43:36.856,bybit,ACH/USDT:USDT,0.022374,25520.0,0.022375,250.0,0.022372,74920910.0,1633882.0494
1753505016955,04:43:36.955,bybit,ACH/USDT:USDT,0.022374,35110.0,0.022375,250.0,0.022372,74920910.0,1633882.0494
1753505017055,04:43:37.055,bybit,ACH/USDT:USDT,0.022374,44640.0,0.022375,250.0,0.022372,74920910.0,1633882.0494
1753505017555,04:43:37.555,bybit,ACH/USDT:USDT,0.022374,46870.0,0.022375,250.0,0.022372,74920910.0,1633882.0494
1753505018255,04:43:38.255,bybit,ACH/USDT:USDT,0.022374,46870.0,0.022375,250.0,0.022372,74920910.0,1633882.0494
1753505018655,04:43:38.655,bybit,ACH/USDT:USDT,0.022374,47910.0,0.022375,250.0,0.022372,74920910.0,1633882.0494
1753505018855,04:43:38.855,bybit,ACH/USDT:USDT,0.022374,47910.0,0.022375,250.0,0.022372,74920910.0,1633882.0494
1753505021055,04:43:41.055,bybit,ACH/USDT:USDT,0.022374,50140.0,0.022375,250.0,0.022372,74920910.0,1633882.0494
1753505023255,04:43:43.255,bybit,ACH/USDT:USDT,0.022374,29760.0,0.022375,250.0,0.022372,74920910.0,1633882.0494
1753505023355,04:43:43.355,bybit,ACH/USDT:USDT,0.022374,29500.0,0.022375,250.0,0.022372,74920910.0,1633882.0494
1753505024256,04:43:44.256,bybit,ACH/USDT:USDT,0.022374,31080.0,0.022375,250.0,0.022372,74920910.0,1633882.0494
1753505024455,04:43:44.455,bybit,ACH/USDT:USDT,0.022374,31720.0,0.022375,250.0,0.022372,74920910.0,1633882.0494
1753505024555,04:43:44.555,bybit,ACH/USDT:USDT,0.022374,32580.0,0.022375,250.0,0.022372,74920910.0,1633882.0494
1753505028755,04:43:48.755,bybit,ACH/USDT:USDT,0.022374,33680.0,0.022375,250.0,0.022372,74920910.0,1633882.0494
1753505029055,04:43:49.055,bybit,ACH/USDT:USDT,0.022374,38910.0,0.022375,250.0,0.022372,74920910.0,1633882.0494
1753505030055,04:43:50.055,bybit,ACH/USDT:USDT,0.022374,44460.0,0.022375,250.0,0.022372,74920910.0,1633882.0494
1753505033256,04:43:53.256,bybit,ACH/USDT:USDT,0.022374,46970.0,0.022375,250.0,0.022372,74920910.0,1633882.0494
1753505033755,04:43:53.755,bybit,ACH/USDT:USDT,0.022374,36190.0,0.022375,250.0,0.022372,74920910.0,1633882.0494
1753505034155,04:43:54.155,bybit,ACH/USDT:USDT,0.022374,43760.0,0.022375,250.0,0.022372,74920910.0,1633882.0494
1753505034855,04:43:54.855,bybit,ACH/USDT:USDT,0.022374,36190.0,0.022375,250.0,0.022372,74920910.0,1633882.0494
1753505034955,04:43:54.955,bybit,ACH/USDT:USDT,0.022374,42260.0,0.022375,250.0,0.022372,74920910.0,1633882.0494
1753505037155,04:43:57.155,bybit,ACH/USDT:USDT,0.022374,49380.0,0.022375,250.0,0.022372,74920910.0,1633882.0494
1753505042255,04:44:02.255,bybit,ACH/USDT:USDT,0.022374,36190.0,0.022375,250.0,0.022372,74920910.0,1633882.0494
1753505042355,04:44:02.355,bybit,ACH/USDT:USDT,0.022374,42340.0,0.022375,250.0,0.022372,74920910.0,1633882.0494
1753505042455,04:44:02.455,bybit,ACH/USDT:USDT,0.022374,48490.0,0.022375,250.0,0.022372,74920910.0,1633882.0494
1753505047755,04:44:07.755,bybit,ACH/USDT:USDT,0.022374,36190.0,0.022375,250.0,0.022372,74920910.0,1633882.0494
1753505047856,04:44:07.856,bybit,ACH/USDT:USDT,0.022374,50380.0,0.022375,250.0,0.022372,74920910.0,1633882.0494
1753505052955,04:44:12.955,bybit,ACH/USDT:USDT,0.022374,36190.0,0.022375,250.0,0.022372,74920910.0,1633882.0494
1753505053055,04:44:13.055,bybit,ACH/USDT:USDT,0.022374,51160.0,0.022375,250.0,0.022372,74920910.0,1633882.0494
1753505058155,04:44:18.155,bybit,ACH/USDT:USDT,0.022374,36190.0,0.022375,250.0,0.022372,74920910.0,1633882.0494
1753505058256,04:44:18.256,bybit,ACH/USDT:USDT,0.022374,44240.0,0.022375,250.0,0.022372,74920910.0,1633882.0494
1753505059355,04:44:19.355,bybit,ACH/USDT:USDT,0.022374,44240.0,0.022375,250.0,0.022372,74920910.0,1633882.0494
1753505059455,04:44:19.455,bybit,ACH/USDT:USDT,0.022374,52410.0,0.022375,250.0,0.022372,74920910.0,1633882.0494
1753505059655,04:44:19.655,bybit,ACH/USDT:USDT,0.022374,52410.0,0.022375,250.0,0.022372,74920910.0,1633882.0494
1753505063755,04:44:23.755,bybit,ACH/USDT:USDT,0.022374,52410.0,0.022375,1850.0,0.022372,74920910.0,1633882.0494
1753505069255,04:44:29.255,bybit,ACH/USDT:USDT,0.022374,36190.0,0.022375,1850.0,0.022372,74920910.0,1633882.0494
1753505069355,04:44:29.355,bybit,ACH/USDT:USDT,0.022374,43180.0,0.022375,1850.0,0.022372,74920910.0,1633882.0494
1753505069855,04:44:29.855,bybit,ACH/USDT:USDT,0.022374,50710.0,0.022375,1850.0,0.022372,74920910.0,1633882.0494
1753505073655,04:44:33.655,bybit,ACH/USDT:USDT,0.022374,50720.0,0.022375,1850.0,0.022372,74920910.0,1633882.0494
1753505075255,04:44:35.255,bybit,ACH/USDT:USDT,0.022374,49130.0,0.022375,1850.0,0.022372,74920910.0,1633882.0494
1753505075355,04:44:35.355,bybit,ACH/USDT:USDT,0.022374,49130.0,0.022375,2250.0,0.022372,74920910.0,1633882.0494
1753505080455,04:44:40.455,bybit,ACH/USDT:USDT,0.022374,34610.0,0.022375,2250.0,0.022372,74920910.0,1633882.0494
1753505081255,04:44:41.255,bybit,ACH/USDT:USDT,0.022374,42510.0,0.022375,2250.0,0.022372,74920910.0,1633882.0494
1753505081355,04:44:41.355,bybit,ACH/USDT:USDT,0.022374,50410.0,0.022375,2250.0,0.022372,74920910.0,1633882.0494
1753505081655,04:44:41.655,bybit,ACH/USDT:USDT,0.022374,50410.0,0.022375,2250.0,0.022372,74888950.0,1633196.7727
1753505086455,04:44:46.455,bybit,ACH/USDT:USDT,0.022374,34610.0,0.022375,2250.0,0.022372,74888950.0,1633196.7727
1753505086555,04:44:46.555,bybit,ACH/USDT:USDT,0.022374,42780.0,0.022375,2250.0,0.022372,74888950.0,1633196.7727
1753505086655,04:44:46.655,bybit,ACH/USDT:USDT,0.022374,50940.0,0.022375,2250.0,0.022372,74888950.0,1633196.7727
1753505089855,04:44:49.855,bybit,ACH/USDT:USDT,0.022374,33490.0,0.022375,3770.0,0.022372,74888950.0,1633196.7727
1753505090056,04:44:50.056,bybit,ACH/USDT:USDT,0.022374,33490.0,0.022375,2250.0,0.022372,74888950.0,1633196.7727
1753505090355,04:44:50.355,bybit,ACH/USDT:USDT,0.022374,34830.0,0.022375,2250.0,0.022372,74888950.0,1633196.7727
1753505090655,04:44:50.655,bybit,ACH/USDT:USDT,0.022374,34160.0,0.022375,2250.0,0.022372,74888950.0,1633196.7727
1753505091655,04:44:51.655,bybit,ACH/USDT:USDT,0.022374,35580.0,0.022375,2250.0,0.022372,74888950.0,1633196.7727
1753505094455,04:44:54.455,bybit,ACH/USDT:USDT,0.022374,35580.0,0.022375,2250.0,0.022372,74888950.0,1633196.7727
1753505094755,04:44:54.755,bybit,ACH/USDT:USDT,0.022374,35580.0,0.022375,2250.0,0.022372,74888950.0,1633196.7727
1753505095355,04:44:55.355,bybit,ACH/USDT:USDT,0.022374,35580.0,0.022375,2250.0,0.022372,74888950.0,1633196.7727
1753505095655,04:44:55.655,bybit,ACH/USDT:USDT,0.022374,35580.0,0.022375,2250.0,0.022372,74888950.0,1633196.7727
1753505097155,04:44:57.155,bybit,ACH/USDT:USDT,0.022374,34160.0,0.022375,2250.0,0.022372,74888950.0,1633196.7727
1753505097255,04:44:57.255,bybit,ACH/USDT:USDT,0.022374,37840.0,0.022375,2250.0,0.022372,74888950.0,1633196.7727
1753505097456,04:44:57.456,bybit,ACH/USDT:USDT,0.022374,42190.0,0.022375,2250.0,0.022372,74888950.0,1633196.7727
1753505102555,04:45:02.555,bybit,ACH/USDT:USDT,0.022374,42190.0,0.022375,2250.0,0.022372,74888950.0,1633196.7727
1753505102755,04:45:02.755,bybit,ACH/USDT:USDT,0.022374,33490.0,0.022375,2250.0,0.022372,74888950.0,1633196.7727
1753505102856,04:45:02.856,bybit,ACH/USDT:USDT,0.022374,45450.0,0.022375,2250.0,0.022372,74888950.0,1633196.7727
1753505106455,04:45:06.455,bybit,ACH/USDT:USDT,0.022374,45450.0,0.022375,4890.0,0.022372,74888950.0,1633196.7727
1753505106555,04:45:06.555,bybit,ACH/USDT:USDT,0.022374,39470.0,0.022375,4890.0,0.022372,74888950.0,1633196.7727
1753505106655,04:45:06.655,bybit,ACH/USDT:USDT,0.022374,33490.0,0.022375,3370.0,0.022372,74888950.0,1633196.7727
1753505109056,04:45:09.056,bybit,ACH/USDT:USDT,0.022374,33490.0,0.022375,2250.0,0.022372,74888950.0,1633196.7727
1753505112755,04:45:12.755,bybit,ACH/USDT:USDT,0.022374,30890.0,0.022375,2250.0,0.022372,74888950.0,1633196.7727
1753505115855,04:45:15.855,bybit,ACH/USDT:USDT,0.022374,30890.0,0.022375,3370.0,0.022372,74888950.0,1633196.7727
1753505123955,04:45:23.955,bybit,ACH/USDT:USDT,0.022374,30890.0,0.022375,2250.0,0.022372,74888950.0,1633196.7727
1753505126655,04:45:26.655,bybit,ACH/USDT:USDT,0.022374,30890.0,0.022375,2250.0,0.022372,74862400.0,1632626.8098
1753505130155,04:45:30.155,bybit,ACH/USDT:USDT,0.022374,30890.0,0.022375,2250.0,0.022372,74862400.0,1632626.8098
1753505130255,04:45:30.255,bybit,ACH/USDT:USDT,0.022374,32370.0,0.022375,2250.0,0.022372,74862400.0,1632626.8098
1753505130755,04:45:30.755,bybit,ACH/USDT:USDT,0.022374,32370.0,0.022375,3370.0,0.022372,74862400.0,1632626.8098
1753505130855,04:45:30.855,bybit,ACH/USDT:USDT,0.022374,32370.0,0.022375,2250.0,0.022372,74862400.0,1632626.8098
1753505131355,04:45:31.355,bybit,ACH/USDT:USDT,0.022374,32370.0,0.022375,2250.0,0.022372,74862400.0,1632626.8098
1753505132555,04:45:32.555,bybit,ACH/USDT:USDT,0.022374,32370.0,0.022375,2250.0,0.022372,74862400.0,1632626.8098
1753505136855,04:45:36.855,bybit,ACH/USDT:USDT,0.022374,32370.0,0.022375,3370.0,0.022372,74862400.0,1632626.8098
1753505137655,04:45:37.655,bybit,ACH/USDT:USDT,0.022374,32370.0,0.022375,3370.0,0.022372,74862400.0,1632626.8098
1753505138855,04:45:38.855,bybit,ACH/USDT:USDT,0.022374,32370.0,0.022375,3370.0,0.022372,74862400.0,1632626.8098
1753505144356,04:45:44.356,bybit,ACH/USDT:USDT,0.022374,32370.0,0.022375,3100.0,0.022372,74862400.0,1632626.8098
1753505150055,04:45:50.055,bybit,ACH/USDT:USDT,0.022374,32370.0,0.022375,1980.0,0.022372,74862400.0,1632626.8098
1753505159555,04:45:59.555,bybit,ACH/USDT:USDT,0.022374,32370.0,0.022375,1980.0,0.022372,74862400.0,1632626.8098
1753505171355,04:46:11.355,bybit,ACH/USDT:USDT,0.022374,32370.0,0.022375,1980.0,0.022372,74845760.0,1632269.4312
1753505185055,04:46:25.055,bybit,ACH/USDT:USDT,0.022378,27000.0,0.022379,240.0,0.022375,74847740.0,1632313.7337
1753505185155,04:46:25.155,bybit,ACH/USDT:USDT,0.022378,27000.0,0.022379,240.0,0.022375,74847740.0,1632313.7337
1753505185955,04:46:25.955,bybit,ACH/USDT:USDT,0.022378,27000.0,0.022379,240.0,0.022375,74847740.0,1632313.7337
1753505188155,04:46:28.155,bybit,ACH/USDT:USDT,0.022378,28040.0,0.022379,240.0,0.022375,74847740.0,1632313.7337
1753505192255,04:46:32.255,bybit,ACH/USDT:USDT,0.022378,28040.0,0.022379,240.0,0.022375,74847740.0,1632313.7337
1753505197555,04:46:37.555,bybit,ACH/USDT:USDT,0.022378,35220.0,0.022379,240.0,0.022375,74847740.0,1632313.7337
1753505198255,04:46:38.255,bybit,ACH/USDT:USDT,0.022378,43060.0,0.022379,240.0,0.022375,74847740.0,1632313.7337
1753505198655,04:46:38.655,bybit,ACH/USDT:USDT,0.022378,45290.0,0.022379,240.0,0.022375,74847740.0,1632313.7337
1753505199455,04:46:39.455,bybit,ACH/USDT:USDT,0.022378,47520.0,0.022379,240.0,0.022375,74847740.0,1632313.7337
1753505199555,04:46:39.555,bybit,ACH/USDT:USDT,0.022379,25520.0,0.02238,270.0,0.022379,74847980.0,1632319.1046
1753505199656,04:46:39.656,bybit,ACH/USDT:USDT,0.022379,27450.0,0.02238,270.0,0.022379,74847980.0,1632319.1046
1753505200055,04:46:40.055,bybit,ACH/USDT:USDT,0.022379,27450.0,0.02238,270.0,0.022379,74847980.0,1632319.1046
1753505200155,04:46:40.155,bybit,ACH/USDT:USDT,0.022379,31770.0,0.02238,270.0,0.022379,74847980.0,1632319.1046
1753505200355,04:46:40.355,bybit,ACH/USDT:USDT,0.022379,31770.0,0.02238,270.0,0.022379,74847980.0,1632319.1046
1753505200956,04:46:40.956,bybit,ACH/USDT:USDT,0.022379,31770.0,0.02238,270.0,0.022379,74847980.0,1632319.1046
1753505201055,04:46:41.055,bybit,ACH/USDT:USDT,0.022379,35050.0,0.02238,270.0,0.022379,74847980.0,1632319.1046
1753505201555,04:46:41.555,bybit,ACH/USDT:USDT,0.022383,3000.0,0.022384,10.0,0.02238,74848250.0,1632325.1472
1753505202856,04:46:42.856,bybit,ACH/USDT:USDT,0.022383,4120.0,0.022384,10.0,0.02238,74848250.0,1632325.1472
1753505203255,04:46:43.255,bybit,ACH/USDT:USDT,0.022383,3000.0,0.022384,10.0,0.02238,74848250.0,1632325.1472
1753505203355,04:46:43.355,bybit,ACH/USDT:USDT,0.022383,3000.0,0.022384,10.0,0.02238,74848250.0,1632325.1472
1753505203555,04:46:43.555,bybit,ACH/USDT:USDT,0.022384,29270.0,0.022385,250.0,0.022384,74848260.0,1632325.3711
1753505203656,04:46:43.656,bybit,ACH/USDT:USDT,0.022384,29270.0,0.022385,250.0,0.022384,74848260.0,1632325.3711
1753505204656,04:46:44.656,bybit,ACH/USDT:USDT,0.022384,33190.0,0.022385,250.0,0.022384,74848260.0,1632325.3711
1753505204756,04:46:44.756,bybit,ACH/USDT:USDT,0.022384,37110.0,0.022385,250.0,0.022384,74848260.0,1632325.3711
1753505205756,04:46:45.756,bybit,ACH/USDT:USDT,0.022384,37110.0,0.022385,250.0,0.022384,74848260.0,1632325.3711
1753505206655,04:46:46.655,bybit,ACH/USDT:USDT,0.022384,37110.0,0.022385,250.0,0.022384,74848260.0,1632325.3711
1753505206955,04:46:46.955,bybit,ACH/USDT:USDT,0.022384,37110.0,0.022385,250.0,0.022384,74848260.0,1632325.3711
1753505207856,04:46:47.856,bybit,ACH/USDT:USDT,0.022384,37110.0,0.022385,250.0,0.022384,74848260.0,1632325.3711
