timestamp,time,exchange,symbol,bid,bidVolume,ask,askVolume,lastPrice,baseVolume,quoteVolume
1753504792074,04:39:52.074,bybit,AAVE/USDT:USDT,297.52,0.02,297.53,0.76,297.56,364286.05,106116808.4052
1753504792474,04:39:52.474,bybit,AAVE/USDT:USDT,297.52,0.02,297.53,8.24,297.56,364286.05,106116808.4052
1753504792974,04:39:52.974,bybit,AAVE/USDT:USDT,297.52,0.89,297.53,4.73,297.56,364286.05,106116808.4052
1753504793174,04:39:53.174,bybit,AAVE/USDT:USDT,297.52,0.89,297.53,4.73,297.56,364286.05,106116808.4052
1753504795274,04:39:55.274,bybit,AAVE/USDT:USDT,297.52,0.89,297.54,0.42,297.53,364286.55,106116957.1702
1753504795375,04:39:55.375,bybit,AAVE/USDT:USDT,297.52,0.89,297.54,0.42,297.53,364286.55,106116957.1702
1753504795574,04:39:55.574,bybit,AAVE/USDT:USDT,297.52,1.34,297.54,0.42,297.53,364286.55,106116957.1702
1753504796874,04:39:56.874,bybit,AAVE/USDT:USDT,297.52,1.34,297.53,0.42,297.53,364286.55,106116957.1702
1753504797374,04:39:57.374,bybit,AAVE/USDT:USDT,297.52,3.07,297.53,0.42,297.53,364286.55,106116957.1702
1753504797475,04:39:57.475,bybit,AAVE/USDT:USDT,297.53,0.42,297.55,0.22,297.53,364286.55,106116957.1702
1753504797574,04:39:57.574,bybit,AAVE/USDT:USDT,297.53,1.23,297.55,0.22,297.53,364286.55,106116957.1702
1753504797674,04:39:57.674,bybit,AAVE/USDT:USDT,297.55,0.42,297.56,0.03,297.53,364286.55,106116957.1702
1753504797774,04:39:57.774,bybit,AAVE/USDT:USDT,297.55,0.42,297.56,0.25,297.53,364286.55,106116957.1702
1753504797875,04:39:57.875,bybit,AAVE/USDT:USDT,297.55,0.38,297.56,0.25,297.53,364286.55,106116957.1702
1753504798074,04:39:58.074,bybit,AAVE/USDT:USDT,297.55,0.51,297.56,0.25,297.53,364286.55,106116957.1702
1753504798174,04:39:58.174,bybit,AAVE/USDT:USDT,297.55,2.23,297.56,0.25,297.53,364286.55,106116957.1702
1753504798574,04:39:58.574,bybit,AAVE/USDT:USDT,297.55,3.04,297.56,0.25,297.53,364286.55,106116957.1702
1753504798774,04:39:58.774,bybit,AAVE/USDT:USDT,297.55,3.04,297.56,0.91,297.53,364286.55,106116957.1702
1753504799474,04:39:59.474,bybit,AAVE/USDT:USDT,297.55,3.04,297.56,0.91,297.53,364286.55,106116957.1702
1753504799574,04:39:59.574,bybit,AAVE/USDT:USDT,297.55,2.96,297.56,0.91,297.53,364286.55,106116957.1702
1753504800074,04:40:00.074,bybit,AAVE/USDT:USDT,297.55,2.96,297.56,0.03,297.53,364286.55,106116957.1702
1753504800374,04:40:00.374,bybit,AAVE/USDT:USDT,297.55,2.96,297.56,0.89,297.53,364286.55,106116957.1702
1753504800975,04:40:00.975,bybit,AAVE/USDT:USDT,297.55,2.96,297.56,0.89,297.53,364286.55,106116957.1702
1753504801174,04:40:01.174,bybit,AAVE/USDT:USDT,297.55,3.81,297.56,0.89,297.53,364286.55,106116957.1702
1753504801574,04:40:01.574,bybit,AAVE/USDT:USDT,297.55,3.81,297.56,0.89,297.53,364286.55,106116957.1702
1753504801775,04:40:01.775,bybit,AAVE/USDT:USDT,297.55,3.81,297.56,0.47,297.53,364286.55,106116957.1702
1753504802774,04:40:02.774,bybit,AAVE/USDT:USDT,297.55,3.81,297.56,0.03,297.53,364286.55,106116957.1702
1753504802874,04:40:02.874,bybit,AAVE/USDT:USDT,297.56,0.32,297.58,1.09,297.58,364286.8,106117031.5643
1753504802974,04:40:02.974,bybit,AAVE/USDT:USDT,297.56,0.32,297.58,1.09,297.58,364286.8,106117031.5643
1753504803074,04:40:03.074,bybit,AAVE/USDT:USDT,297.55,3.81,297.56,0.42,297.58,364286.8,106117031.5643
1753504803374,04:40:03.374,bybit,AAVE/USDT:USDT,297.55,3.81,297.56,0.42,297.58,364286.8,106117031.5643
1753504806174,04:40:06.174,bybit,AAVE/USDT:USDT,297.55,3.72,297.56,0.42,297.58,364286.8,106117031.5643
1753504807374,04:40:07.374,bybit,AAVE/USDT:USDT,297.56,0.04,297.57,0.42,297.58,364286.8,106117031.5643
1753504807474,04:40:07.474,bybit,AAVE/USDT:USDT,297.55,3.72,297.56,0.42,297.58,364286.8,106117031.5643
1753504807574,04:40:07.574,bybit,AAVE/USDT:USDT,297.55,2.99,297.56,0.42,297.58,364286.8,106117031.5643
1753504807674,04:40:07.674,bybit,AAVE/USDT:USDT,297.55,3.67,297.56,0.42,297.58,364286.8,106117031.5643
1753504808474,04:40:08.474,bybit,AAVE/USDT:USDT,297.55,3.67,297.56,0.78,297.58,364286.8,106117031.5643
1753504808674,04:40:08.674,bybit,AAVE/USDT:USDT,297.55,3.67,297.56,0.88,297.58,364286.8,106117031.5643
1753504808874,04:40:08.874,bybit,AAVE/USDT:USDT,297.55,4.23,297.56,0.88,297.58,364286.8,106117031.5643
1753504809074,04:40:09.074,bybit,AAVE/USDT:USDT,297.55,4.23,297.56,0.46,297.58,364286.8,106117031.5643
1753504809674,04:40:09.674,bybit,AAVE/USDT:USDT,297.55,4.32,297.56,0.46,297.58,364286.8,106117031.5643
1753504810675,04:40:10.675,bybit,AAVE/USDT:USDT,297.55,4.3,297.56,0.46,297.58,364286.8,106117031.5643
1753504811074,04:40:11.074,bybit,AAVE/USDT:USDT,297.55,4.29,297.56,0.46,297.58,364286.8,106117031.5643
1753504811474,04:40:11.474,bybit,AAVE/USDT:USDT,297.55,4.29,297.56,0.47,297.58,364286.8,106117031.5643
1753504811674,04:40:11.674,bybit,AAVE/USDT:USDT,297.55,4.3,297.56,0.47,297.58,364286.8,106117031.5643
1753504811775,04:40:11.775,bybit,AAVE/USDT:USDT,297.55,5.29,297.56,0.47,297.58,364286.8,106117031.5643
1753504812274,04:40:12.274,bybit,AAVE/USDT:USDT,297.55,3.96,297.56,0.47,297.55,364287.14,106117132.7313
1753504812374,04:40:12.374,bybit,AAVE/USDT:USDT,297.55,3.96,297.56,0.47,297.55,364287.14,106117132.7313
1753504812674,04:40:12.674,bybit,AAVE/USDT:USDT,297.55,3.96,297.56,0.47,297.55,364287.14,106117132.7313
1753504812875,04:40:12.875,bybit,AAVE/USDT:USDT,297.55,3.92,297.56,0.47,297.55,364287.14,106117132.7313
1753504813075,04:40:13.075,bybit,AAVE/USDT:USDT,297.55,3.92,297.58,0.04,297.58,364288.14,106117430.2993
1753504813174,04:40:13.174,bybit,AAVE/USDT:USDT,297.55,3.83,297.57,0.42,297.58,364288.14,106117430.2993
1753504813574,04:40:13.574,bybit,AAVE/USDT:USDT,297.55,3.83,297.57,0.42,297.58,364288.14,106117430.2993
1753504814474,04:40:14.474,bybit,AAVE/USDT:USDT,297.55,3.83,297.57,0.42,297.58,364288.14,106117430.2993
1753504815074,04:40:15.074,bybit,AAVE/USDT:USDT,297.56,2.55,297.57,0.42,297.58,364288.14,106117430.2993
1753504815274,04:40:15.274,bybit,AAVE/USDT:USDT,297.6,1295.4,297.61,9.32,297.6,364291.78,106118513.538
1753504815374,04:40:15.374,bybit,AAVE/USDT:USDT,297.66,3.0,297.68,28.91,297.67,364392.59,106148518.97
1753504815474,04:40:15.474,bybit,AAVE/USDT:USDT,297.66,3.0,297.67,2.2,297.67,364392.59,106148518.97
1753504815674,04:40:15.674,bybit,AAVE/USDT:USDT,297.66,3.83,297.67,2.2,297.67,364392.59,106148518.97
1753504815774,04:40:15.774,bybit,AAVE/USDT:USDT,297.66,4.39,297.67,2.2,297.67,364392.59,106148518.97
1753504815874,04:40:15.874,bybit,AAVE/USDT:USDT,297.66,6.94,297.67,2.2,297.67,364392.59,106148518.97
1753504816574,04:40:16.574,bybit,AAVE/USDT:USDT,297.66,6.94,297.67,2.2,297.67,364392.59,106148518.97
1753504817174,04:40:17.174,bybit,AAVE/USDT:USDT,297.66,6.94,297.67,2.2,297.67,364392.59,106148518.97
1753504817474,04:40:17.474,bybit,AAVE/USDT:USDT,297.66,6.94,297.67,2.2,297.67,364392.59,106148518.97
1753504817675,04:40:17.675,bybit,AAVE/USDT:USDT,297.66,6.94,297.67,2.64,297.67,364392.59,106148518.97
1753504818774,04:40:18.774,bybit,AAVE/USDT:USDT,297.66,6.89,297.67,2.64,297.67,364392.59,106148518.97
1753504819074,04:40:19.074,bybit,AAVE/USDT:USDT,297.66,6.09,297.67,2.71,297.66,364395.97,106149525.0608
1753504819174,04:40:19.174,bybit,AAVE/USDT:USDT,297.66,6.09,297.67,2.71,297.66,364395.97,106149525.0608
1753504819374,04:40:19.374,bybit,AAVE/USDT:USDT,297.66,6.29,297.67,2.74,297.66,364395.97,106149525.0608
1753504819474,04:40:19.474,bybit,AAVE/USDT:USDT,297.66,6.29,297.67,2.67,297.66,364395.97,106149525.0608
1753504819874,04:40:19.874,bybit,AAVE/USDT:USDT,297.66,6.29,297.67,2.67,297.66,364395.97,106149525.0608
1753504820374,04:40:20.374,bybit,AAVE/USDT:USDT,297.66,6.38,297.67,2.67,297.66,364395.97,106149525.0608
1753504820474,04:40:20.474,bybit,AAVE/USDT:USDT,297.66,6.38,297.67,2.67,297.66,364395.97,106149525.0608
1753504820774,04:40:20.774,bybit,AAVE/USDT:USDT,297.66,6.38,297.67,2.67,297.66,363967.88,106026788.5891
1753504820875,04:40:20.875,bybit,AAVE/USDT:USDT,297.66,6.29,297.67,2.67,297.66,363967.88,106026788.5891
1753504821075,04:40:21.075,bybit,AAVE/USDT:USDT,297.66,7.63,297.67,2.67,297.66,363967.88,106026788.5891
1753504823475,04:40:23.475,bybit,AAVE/USDT:USDT,297.66,7.64,297.67,2.67,297.66,363967.88,106026788.5891
1753504823674,04:40:23.674,bybit,AAVE/USDT:USDT,297.66,4.86,297.67,4.66,297.66,363967.88,106026788.5891
1753504823774,04:40:23.774,bybit,AAVE/USDT:USDT,297.66,4.85,297.67,7.01,297.66,363967.88,106026788.5891
1753504823874,04:40:23.874,bybit,AAVE/USDT:USDT,297.66,4.85,297.67,8.01,297.66,363967.88,106026788.5891
1753504824274,04:40:24.274,bybit,AAVE/USDT:USDT,297.66,4.85,297.67,3.16,297.66,363967.88,106026788.5891
1753504824375,04:40:24.375,bybit,AAVE/USDT:USDT,297.66,4.85,297.67,3.07,297.67,363967.9,106026794.5425
1753504824474,04:40:24.474,bybit,AAVE/USDT:USDT,297.66,4.85,297.67,5.28,297.67,363967.9,106026794.5425
1753504824575,04:40:24.575,bybit,AAVE/USDT:USDT,297.66,4.85,297.67,5.35,297.67,363967.9,106026794.5425
1753504825274,04:40:25.274,bybit,AAVE/USDT:USDT,297.66,4.85,297.67,5.35,297.67,363967.9,106026794.5425
1753504825574,04:40:25.574,bybit,AAVE/USDT:USDT,297.66,4.85,297.67,5.35,297.67,363967.9,106026794.5425
1753504825775,04:40:25.775,bybit,AAVE/USDT:USDT,297.66,4.57,297.67,5.35,297.67,363967.9,106026794.5425
1753504826175,04:40:26.175,bybit,AAVE/USDT:USDT,297.66,4.57,297.67,5.35,297.67,363967.9,106026794.5425
1753504826274,04:40:26.274,bybit,AAVE/USDT:USDT,297.66,4.67,297.67,5.35,297.67,363967.9,106026794.5425
1753504826774,04:40:26.774,bybit,AAVE/USDT:USDT,297.66,4.67,297.67,5.58,297.67,363967.9,106026794.5425
1753504826874,04:40:26.874,bybit,AAVE/USDT:USDT,297.63,0.48,297.65,3.93,297.66,363972.57,106028184.6147
1753504826974,04:40:26.974,bybit,AAVE/USDT:USDT,297.6,1295.46,297.61,0.42,297.61,363974.75,106028833.4117
1753504827074,04:40:27.074,bybit,AAVE/USDT:USDT,297.6,1295.44,297.61,0.42,297.61,363974.75,106028833.4117
1753504827374,04:40:27.374,bybit,AAVE/USDT:USDT,297.6,1295.44,297.61,4.37,297.61,363974.75,106028833.4117
1753504827475,04:40:27.475,bybit,AAVE/USDT:USDT,297.6,1295.44,297.61,11.44,297.61,363974.75,106028833.4117
1753504827574,04:40:27.574,bybit,AAVE/USDT:USDT,297.6,1295.42,297.61,11.44,297.61,363974.75,106028833.4117
1753504827674,04:40:27.674,bybit,AAVE/USDT:USDT,297.6,1295.42,297.61,9.52,297.61,363974.75,106028833.4117
1753504830874,04:40:30.874,bybit,AAVE/USDT:USDT,297.6,1295.42,297.61,3.95,297.61,363974.75,106028833.4117
1753504831274,04:40:31.274,bybit,AAVE/USDT:USDT,297.6,1297.54,297.61,3.95,297.61,363974.75,106028833.4117
1753504831974,04:40:31.974,bybit,AAVE/USDT:USDT,297.6,1295.42,297.61,7.81,297.61,363974.75,106028833.4117
1753504832074,04:40:32.074,bybit,AAVE/USDT:USDT,297.6,1295.42,297.61,4.39,297.61,363974.75,106028833.4117
1753504832274,04:40:32.274,bybit,AAVE/USDT:USDT,297.6,1295.42,297.61,21.13,297.61,363974.75,106028833.4117
1753504832374,04:40:32.374,bybit,AAVE/USDT:USDT,297.6,1295.42,297.61,17.05,297.61,363974.75,106028833.4117
1753504832574,04:40:32.574,bybit,AAVE/USDT:USDT,297.6,1296.33,297.61,0.44,297.61,363974.75,106028833.4117
1753504832674,04:40:32.674,bybit,AAVE/USDT:USDT,297.6,1296.42,297.61,0.44,297.61,363974.75,106028833.4117
1753504832774,04:40:32.774,bybit,AAVE/USDT:USDT,297.6,1296.42,297.61,0.44,297.61,363974.75,106028833.4117
1753504832974,04:40:32.974,bybit,AAVE/USDT:USDT,297.65,3.0,297.66,0.02,297.67,363989.5,106033223.9199
1753504833074,04:40:33.074,bybit,AAVE/USDT:USDT,297.65,3.0,297.66,0.02,297.67,363989.5,106033223.9199
1753504833174,04:40:33.174,bybit,AAVE/USDT:USDT,297.65,4.19,297.66,0.02,297.67,363989.5,106033223.9199
1753504833374,04:40:33.374,bybit,AAVE/USDT:USDT,297.65,4.19,297.66,0.02,297.67,363989.5,106033223.9199
1753504833774,04:40:33.774,bybit,AAVE/USDT:USDT,297.65,4.19,297.66,0.46,297.67,363989.5,106033223.9199
1753504836374,04:40:36.374,bybit,AAVE/USDT:USDT,297.65,1.19,297.66,5.07,297.67,363989.5,106033223.9199
1753504836974,04:40:36.974,bybit,AAVE/USDT:USDT,297.65,1.19,297.66,3.9,297.67,363989.5,106033223.9199
1753504837174,04:40:37.174,bybit,AAVE/USDT:USDT,297.65,1.19,297.66,0.42,297.68,363996.21,106035221.268
1753504837274,04:40:37.274,bybit,AAVE/USDT:USDT,297.65,1.61,297.66,0.42,297.68,363996.21,106035221.268
1753504837474,04:40:37.474,bybit,AAVE/USDT:USDT,297.65,1.19,297.66,2.81,297.68,363996.21,106035221.268
1753504837974,04:40:37.974,bybit,AAVE/USDT:USDT,297.65,1.19,297.66,3.25,297.68,363996.21,106035221.268
1753504838574,04:40:38.574,bybit,AAVE/USDT:USDT,297.6,1295.44,297.61,22.9,297.63,363997.69,106035661.7842
1753504838774,04:40:38.774,bybit,AAVE/USDT:USDT,297.6,1134.0,297.61,29.9,297.6,364159.13,106083706.3282
1753504838875,04:40:38.875,bybit,AAVE/USDT:USDT,297.6,1101.66,297.61,32.76,297.6,364191.47,106093330.7122
1753504838974,04:40:38.974,bybit,AAVE/USDT:USDT,297.6,1101.21,297.61,32.99,297.6,364191.92,106093464.6322
1753504839074,04:40:39.074,bybit,AAVE/USDT:USDT,297.6,1101.21,297.61,32.99,297.6,364191.92,106093464.6322
1753504839174,04:40:39.174,bybit,AAVE/USDT:USDT,297.6,1101.19,297.61,32.99,297.6,364191.92,106093464.6322
1753504839374,04:40:39.374,bybit,AAVE/USDT:USDT,297.6,311.6,297.61,39.99,297.6,364981.51,106328446.6162
1753504839474,04:40:39.474,bybit,AAVE/USDT:USDT,297.47,0.3,297.51,12.05,297.48,365295.37,106421851.2108
1753504839574,04:40:39.574,bybit,AAVE/USDT:USDT,297.46,9.22,297.47,1.37,297.45,365299.56,106423097.5265
1753504839674,04:40:39.674,bybit,AAVE/USDT:USDT,297.46,9.22,297.47,1.37,297.45,365299.56,106423097.5265
1753504839874,04:40:39.874,bybit,AAVE/USDT:USDT,297.46,7.72,297.47,1.37,297.45,365299.56,106423097.5265
1753504839974,04:40:39.974,bybit,AAVE/USDT:USDT,297.46,7.72,297.47,1.37,297.45,365299.56,106423097.5265
1753504840174,04:40:40.174,bybit,AAVE/USDT:USDT,297.46,6.24,297.47,1.37,297.45,365299.56,106423097.5265
1753504840274,04:40:40.274,bybit,AAVE/USDT:USDT,297.46,6.24,297.47,1.37,297.45,365299.56,106423097.5265
1753504840574,04:40:40.574,bybit,AAVE/USDT:USDT,297.46,6.24,297.47,0.61,297.45,365299.56,106423097.5265
1753504840874,04:40:40.874,bybit,AAVE/USDT:USDT,297.46,6.24,297.47,0.61,297.45,365299.56,106423097.5265
1753504841774,04:40:41.774,bybit,AAVE/USDT:USDT,297.51,9.64,297.52,3.42,297.51,365307.25,106425385.2914
1753504841874,04:40:41.874,bybit,AAVE/USDT:USDT,297.54,6.89,297.55,1.79,297.55,365315.84,106427941.0989
1753504841974,04:40:41.974,bybit,AAVE/USDT:USDT,297.54,6.89,297.55,1.79,297.55,365315.84,106427941.0989
1753504842074,04:40:42.074,bybit,AAVE/USDT:USDT,297.54,6.47,297.55,2.21,297.55,365315.84,106427941.0989
1753504842174,04:40:42.174,bybit,AAVE/USDT:USDT,297.54,3.89,297.55,2.21,297.55,365315.84,106427941.0989
1753504842374,04:40:42.374,bybit,AAVE/USDT:USDT,297.54,3.89,297.55,2.21,297.55,365315.84,106427941.0989
1753504842574,04:40:42.574,bybit,AAVE/USDT:USDT,297.54,4.31,297.55,1.79,297.55,365315.84,106427941.0989
1753504842774,04:40:42.774,bybit,AAVE/USDT:USDT,297.54,3.89,297.55,5.23,297.55,365315.84,106427941.0989
1753504842874,04:40:42.874,bybit,AAVE/USDT:USDT,297.53,3.81,297.54,4.54,297.55,365315.84,106427941.0989
1753504842974,04:40:42.974,bybit,AAVE/USDT:USDT,297.53,0.52,297.54,3.02,297.53,365316.96,106428274.3325
1753504843074,04:40:43.074,bybit,AAVE/USDT:USDT,297.52,5.19,297.53,5.69,297.53,365317.48,106428429.0481
1753504843274,04:40:43.274,bybit,AAVE/USDT:USDT,297.52,5.19,297.53,5.69,297.53,365317.48,106428429.0481
1753504843374,04:40:43.374,bybit,AAVE/USDT:USDT,297.52,5.19,297.53,3.11,297.53,365317.48,106428429.0481
1753504843974,04:40:43.974,bybit,AAVE/USDT:USDT,297.52,8.71,297.53,3.11,297.53,365317.48,106428429.0481
1753504844074,04:40:44.074,bybit,AAVE/USDT:USDT,297.58,14.33,297.59,5.21,297.58,365329.82,106432100.9357
1753504844174,04:40:44.174,bybit,AAVE/USDT:USDT,297.58,14.33,297.59,7.38,297.58,365329.82,106432100.9357
1753504844375,04:40:44.375,bybit,AAVE/USDT:USDT,297.58,6.82,297.59,7.38,297.58,365329.82,106432100.9357
1753504844475,04:40:44.475,bybit,AAVE/USDT:USDT,297.58,6.82,297.59,5.21,297.58,365329.82,106432100.9357
1753504845374,04:40:45.374,bybit,AAVE/USDT:USDT,297.58,9.82,297.59,5.21,297.58,365329.82,106432100.9357
1753504845474,04:40:45.474,bybit,AAVE/USDT:USDT,297.58,9.82,297.59,2.58,297.58,365329.82,106432100.9357
1753504845674,04:40:45.674,bybit,AAVE/USDT:USDT,297.58,6.82,297.59,2.58,297.58,365329.82,106432100.9357
1753504845875,04:40:45.875,bybit,AAVE/USDT:USDT,297.58,2.33,297.59,2.58,297.58,365329.82,106432100.9357
1753504847374,04:40:47.374,bybit,AAVE/USDT:USDT,297.58,4.36,297.59,2.58,297.58,365329.82,106432100.9357
1753504847474,04:40:47.474,bybit,AAVE/USDT:USDT,297.59,4.74,297.6,1.16,297.58,365329.82,106432100.9357
1753504847575,04:40:47.575,bybit,AAVE/USDT:USDT,297.59,4.74,297.6,1.58,297.58,365329.82,106432100.9357
1753504847775,04:40:47.775,bybit,AAVE/USDT:USDT,297.59,4.74,297.6,1.58,297.58,365329.82,106432100.9357
1753504848074,04:40:48.074,bybit,AAVE/USDT:USDT,297.59,4.74,297.6,1.16,297.58,365329.82,106432100.9357
1753504848174,04:40:48.174,bybit,AAVE/USDT:USDT,297.59,4.74,297.6,1.56,297.58,365329.82,106432100.9357
1753504848275,04:40:48.275,bybit,AAVE/USDT:USDT,297.59,5.16,297.6,1.56,297.58,365329.82,106432100.9357
1753504848375,04:40:48.375,bybit,AAVE/USDT:USDT,297.59,5.16,297.6,1.56,297.58,365329.82,106432100.9357
1753504848674,04:40:48.674,bybit,AAVE/USDT:USDT,297.59,4.74,297.6,1.56,297.58,365329.82,106432100.9357
1753504848874,04:40:48.874,bybit,AAVE/USDT:USDT,297.62,9.88,297.63,2.66,297.6,365330.74,106432374.7277
1753504848975,04:40:48.975,bybit,AAVE/USDT:USDT,297.62,9.88,297.63,2.66,297.6,365330.74,106432374.7277
1753504849274,04:40:49.274,bybit,AAVE/USDT:USDT,297.62,6.88,297.63,2.66,297.6,365330.74,106432374.7277
1753504849575,04:40:49.575,bybit,AAVE/USDT:USDT,297.62,6.88,297.63,2.66,297.6,365330.74,106432374.7277
1753504849675,04:40:49.675,bybit,AAVE/USDT:USDT,297.62,6.88,297.63,3.1,297.6,365330.74,106432374.7277
1753504849774,04:40:49.774,bybit,AAVE/USDT:USDT,297.62,4.5,297.63,1.08,297.62,365330.77,106432383.6563
1753504849875,04:40:49.875,bybit,AAVE/USDT:USDT,297.62,4.5,297.63,1.08,297.62,365330.77,106432383.6563
1753504850474,04:40:50.474,bybit,AAVE/USDT:USDT,297.62,4.5,297.63,1.08,297.62,365330.77,106432383.6563
1753504850774,04:40:50.774,bybit,AAVE/USDT:USDT,297.62,4.5,297.63,1.08,297.62,365330.77,106432383.6563
1753504850874,04:40:50.874,bybit,AAVE/USDT:USDT,297.62,4.68,297.63,1.08,297.62,365330.77,106432383.6563
1753504851274,04:40:51.274,bybit,AAVE/USDT:USDT,297.62,4.68,297.63,1.18,297.62,365330.77,106432383.6563
1753504851374,04:40:51.374,bybit,AAVE/USDT:USDT,297.62,4.68,297.63,1.18,297.62,365330.77,106432383.6563
1753504851975,04:40:51.975,bybit,AAVE/USDT:USDT,297.62,4.78,297.63,1.18,297.62,365330.77,106432383.6563
1753504852574,04:40:52.574,bybit,AAVE/USDT:USDT,297.62,8.27,297.63,1.18,297.62,365330.77,106432383.6563
1753504852675,04:40:52.675,bybit,AAVE/USDT:USDT,297.62,8.27,297.63,0.57,297.62,365330.77,106432383.6563
1753504852974,04:40:52.974,bybit,AAVE/USDT:USDT,297.64,18.63,297.65,3.03,297.64,365333.93,106433324.193
1753504853074,04:40:53.074,bybit,AAVE/USDT:USDT,297.64,18.63,297.65,3.03,297.64,365333.93,106433324.193
1753504853375,04:40:53.375,bybit,AAVE/USDT:USDT,297.67,13.87,297.68,2.83,297.66,365337.01,106434240.9555
1753504853474,04:40:53.474,bybit,AAVE/USDT:USDT,297.67,13.87,297.68,2.83,297.66,365337.01,106434240.9555
1753504853574,04:40:53.574,bybit,AAVE/USDT:USDT,297.67,13.97,297.68,2.83,297.66,365337.01,106434240.9555
1753504853774,04:40:53.774,bybit,AAVE/USDT:USDT,297.67,13.97,297.68,3.27,297.66,365337.01,106434240.9555
1753504854375,04:40:54.375,bybit,AAVE/USDT:USDT,297.68,19.61,297.69,8.11,297.68,365340.28,106435214.3691
1753504854474,04:40:54.474,bybit,AAVE/USDT:USDT,297.68,19.61,297.69,8.11,297.68,365340.28,106435214.3691
1753504854574,04:40:54.574,bybit,AAVE/USDT:USDT,297.68,17.33,297.69,8.11,297.68,365340.28,106435214.3691
1753504854674,04:40:54.674,bybit,AAVE/USDT:USDT,297.68,17.33,297.69,8.11,297.68,365340.28,106435214.3691
1753504854874,04:40:54.874,bybit,AAVE/USDT:USDT,297.68,17.33,297.69,8.08,297.68,365340.28,106435214.3691
1753504854974,04:40:54.974,bybit,AAVE/USDT:USDT,297.68,17.43,297.69,8.52,297.68,365340.28,106435214.3691
1753504855274,04:40:55.274,bybit,AAVE/USDT:USDT,297.68,17.43,297.69,8.52,297.68,365340.28,106435214.3691
1753504856374,04:40:56.374,bybit,AAVE/USDT:USDT,297.68,14.26,297.69,8.52,297.68,365340.28,106435214.3691
1753504856974,04:40:56.974,bybit,AAVE/USDT:USDT,297.68,14.26,297.69,5.13,297.68,365340.28,106435214.3691
1753504857174,04:40:57.174,bybit,AAVE/USDT:USDT,297.68,12.76,297.69,5.13,297.68,365340.28,106435214.3691
1753504857375,04:40:57.375,bybit,AAVE/USDT:USDT,297.68,12.76,297.69,2.97,297.68,365340.28,106435214.3691
1753504858175,04:40:58.175,bybit,AAVE/USDT:USDT,297.68,9.96,297.69,2.97,297.68,365340.28,106435214.3691
1753504858475,04:40:58.475,bybit,AAVE/USDT:USDT,297.68,9.96,297.69,0.44,297.68,365340.28,106435214.3691
1753504859275,04:40:59.275,bybit,AAVE/USDT:USDT,297.68,9.96,297.69,2.63,297.68,365340.28,106435214.3691
1753504859374,04:40:59.374,bybit,AAVE/USDT:USDT,297.68,9.96,297.69,0.44,297.68,365340.28,106435214.3691
1753504859474,04:40:59.474,bybit,AAVE/USDT:USDT,297.68,9.96,297.69,0.54,297.68,365340.28,106435214.3691
1753504860274,04:41:00.274,bybit,AAVE/USDT:USDT,297.68,2.38,297.69,1.15,297.68,365347.86,106437470.7835
1753504860374,04:41:00.374,bybit,AAVE/USDT:USDT,297.68,2.89,297.69,1.15,297.68,365347.86,106437470.7835
1753504860574,04:41:00.574,bybit,AAVE/USDT:USDT,297.68,4.78,297.69,0.54,297.68,365347.86,106437470.7835
1753504861875,04:41:01.875,bybit,AAVE/USDT:USDT,297.68,4.78,297.69,0.54,297.68,365347.86,106437470.7835
1753504862474,04:41:02.474,bybit,AAVE/USDT:USDT,297.68,4.78,297.69,0.54,297.68,365347.86,106437470.7835
1753504862775,04:41:02.775,bybit,AAVE/USDT:USDT,297.68,4.78,297.69,0.54,297.68,365347.86,106437470.7835
1753504863974,04:41:03.974,bybit,AAVE/USDT:USDT,297.69,26.55,297.72,0.02,297.7,365348.71,106437723.8204
1753504864074,04:41:04.074,bybit,AAVE/USDT:USDT,297.71,11.58,297.72,0.02,297.7,365348.71,106437723.8204
1753504864174,04:41:04.174,bybit,AAVE/USDT:USDT,297.73,18.86,297.74,3.06,297.73,365350.45,106438241.8704
1753504864274,04:41:04.274,bybit,AAVE/USDT:USDT,297.73,16.58,297.74,3.06,297.73,365350.45,106438241.8704
1753504864374,04:41:04.374,bybit,AAVE/USDT:USDT,297.73,16.58,297.74,2.22,297.73,365350.45,106438241.8704
1753504864475,04:41:04.475,bybit,AAVE/USDT:USDT,297.73,16.68,297.74,2.22,297.73,365350.45,106438241.8704
1753504864574,04:41:04.574,bybit,AAVE/USDT:USDT,297.73,16.68,297.74,2.22,297.73,365350.45,106438241.8704
1753504864674,04:41:04.674,bybit,AAVE/USDT:USDT,297.73,16.77,297.74,2.22,297.73,365350.45,106438241.8704
1753504864874,04:41:04.874,bybit,AAVE/USDT:USDT,297.73,16.77,297.74,2.66,297.73,365350.45,106438241.8704
1753504864975,04:41:04.975,bybit,AAVE/USDT:USDT,297.73,15.22,297.74,2.66,297.73,365350.45,106438241.8704
1753504865374,04:41:05.374,bybit,AAVE/USDT:USDT,297.75,3.25,297.76,2.67,297.75,365360.1,106441115.1313
1753504865574,04:41:05.574,bybit,AAVE/USDT:USDT,297.76,16.62,297.77,3.4,297.76,365362.77,106441910.1505
1753504865775,04:41:05.775,bybit,AAVE/USDT:USDT,297.76,16.62,297.77,3.4,297.76,365362.77,106441910.1505
1753504865874,04:41:05.874,bybit,AAVE/USDT:USDT,297.76,16.72,297.77,3.4,297.76,364951.74,106323951.0594
1753504866074,04:41:06.074,bybit,AAVE/USDT:USDT,297.76,19.09,297.77,3.4,297.76,364951.74,106323951.0594
1753504866275,04:41:06.275,bybit,AAVE/USDT:USDT,297.76,16.81,297.77,3.84,297.76,364951.74,106323951.0594
1753504866374,04:41:06.374,bybit,AAVE/USDT:USDT,297.76,16.81,297.77,3.84,297.76,364951.74,106323951.0594
1753504866674,04:41:06.674,bybit,AAVE/USDT:USDT,297.76,13.76,297.77,2.98,297.76,364951.74,106323951.0594
1753504866774,04:41:06.774,bybit,AAVE/USDT:USDT,297.76,13.25,297.77,2.98,297.76,364951.74,106323951.0594
1753504866874,04:41:06.874,bybit,AAVE/USDT:USDT,297.76,11.03,297.77,2.98,297.76,364951.74,106323951.0594
1753504866975,04:41:06.975,bybit,AAVE/USDT:USDT,297.76,8.67,297.77,0.82,297.76,364951.74,106323951.0594
1753504867874,04:41:07.874,bybit,AAVE/USDT:USDT,297.76,8.76,297.77,0.82,297.76,364951.74,106323951.0594
1753504867974,04:41:07.974,bybit,AAVE/USDT:USDT,297.76,5.15,297.77,0.92,297.76,364951.74,106323951.0594
1753504868074,04:41:08.074,bybit,AAVE/USDT:USDT,297.76,5.06,297.77,0.92,297.76,364951.74,106323951.0594
1753504869474,04:41:09.474,bybit,AAVE/USDT:USDT,297.76,5.06,297.77,2.6,297.76,364951.74,106323951.0594
1753504869875,04:41:09.875,bybit,AAVE/USDT:USDT,297.76,2.48,297.77,2.6,297.76,364951.74,106323951.0594
1753504869974,04:41:09.974,bybit,AAVE/USDT:USDT,297.76,2.48,297.77,2.6,297.76,364951.74,106323951.0594
1753504870274,04:41:10.274,bybit,AAVE/USDT:USDT,297.76,2.48,297.77,2.6,297.76,364951.74,106323951.0594
1753504870674,04:41:10.674,bybit,AAVE/USDT:USDT,297.76,4.75,297.77,2.6,297.76,364951.74,106323951.0594
1753504871175,04:41:11.175,bybit,AAVE/USDT:USDT,297.76,4.75,297.77,2.6,297.76,364951.74,106323951.0594
1753504871474,04:41:11.474,bybit,AAVE/USDT:USDT,297.76,4.75,297.77,2.6,297.76,364951.74,106323951.0594
1753504871774,04:41:11.774,bybit,AAVE/USDT:USDT,297.76,4.75,297.77,2.6,297.76,364951.74,106323951.0594
1753504872574,04:41:12.574,bybit,AAVE/USDT:USDT,297.79,2.7,297.81,3.0,297.87,365119.66,106373963.5849
1753504872674,04:41:12.674,bybit,AAVE/USDT:USDT,297.81,0.18,297.82,0.44,297.87,365119.66,106373963.5849
1753504872874,04:41:12.874,bybit,AAVE/USDT:USDT,297.8,7.03,297.82,0.87,297.87,365119.66,106373963.5849
1753504873074,04:41:13.074,bybit,AAVE/USDT:USDT,297.8,0.02,297.81,1.96,297.87,365119.66,106373963.5849
1753504873174,04:41:13.174,bybit,AAVE/USDT:USDT,297.8,0.12,297.81,1.96,297.87,365119.66,106373963.5849
1753504873274,04:41:13.274,bybit,AAVE/USDT:USDT,297.8,0.1,297.81,1.96,297.87,365119.66,106373963.5849
1753504873874,04:41:13.874,bybit,AAVE/USDT:USDT,297.8,0.65,297.81,1.96,297.87,365119.66,106373963.5849
1753504874074,04:41:14.074,bybit,AAVE/USDT:USDT,297.8,0.65,297.81,4.26,297.87,365119.66,106373963.5849
1753504874674,04:41:14.674,bybit,AAVE/USDT:USDT,297.8,0.65,297.81,6.31,297.83,365144.59,106381388.2959
1753504874774,04:41:14.774,bybit,AAVE/USDT:USDT,297.8,0.65,297.81,6.31,297.83,365144.59,106381388.2959
1753504874974,04:41:14.974,bybit,AAVE/USDT:USDT,297.8,0.65,297.81,3.0,297.83,365144.59,106381388.2959
1753504875174,04:41:15.174,bybit,AAVE/USDT:USDT,297.8,0.65,297.81,4.23,297.83,365144.59,106381388.2959
1753504875274,04:41:15.274,bybit,AAVE/USDT:USDT,297.8,0.65,297.81,4.75,297.83,365144.59,106381388.2959
1753504876174,04:41:16.174,bybit,AAVE/USDT:USDT,297.8,0.65,297.81,0.85,297.83,365144.59,106381388.2959
1753504876274,04:41:16.274,bybit,AAVE/USDT:USDT,297.8,11.01,297.81,3.36,297.83,365144.59,106381388.2959
1753504876574,04:41:16.574,bybit,AAVE/USDT:USDT,297.8,11.01,297.81,3.36,297.83,365144.59,106381388.2959
1753504877175,04:41:17.175,bybit,AAVE/USDT:USDT,297.8,11.01,297.81,3.36,297.83,365144.59,106381388.2959
1753504877974,04:41:17.974,bybit,AAVE/USDT:USDT,297.8,8.38,297.81,3.36,297.83,365144.59,106381388.2959
1753504878475,04:41:18.475,bybit,AAVE/USDT:USDT,297.8,8.37,297.81,3.36,297.83,365144.59,106381388.2959
1753504880374,04:41:20.374,bybit,AAVE/USDT:USDT,297.8,8.37,297.81,2.98,297.81,365144.97,106381501.4637
1753504880474,04:41:20.474,bybit,AAVE/USDT:USDT,297.8,8.37,297.81,2.98,297.81,365144.97,106381501.4637
1753504880575,04:41:20.575,bybit,AAVE/USDT:USDT,297.8,8.37,297.81,3.5,297.81,365144.97,106381501.4637
1753504880674,04:41:20.674,bybit,AAVE/USDT:USDT,297.8,8.37,297.81,2.98,297.81,365144.97,106381501.4637
1753504880775,04:41:20.775,bybit,AAVE/USDT:USDT,297.8,8.37,297.81,2.98,297.81,365144.97,106381501.4637
1753504881474,04:41:21.474,bybit,AAVE/USDT:USDT,297.8,4.96,297.81,0.57,297.8,365148.38,106382516.9617
1753504881574,04:41:21.574,bybit,AAVE/USDT:USDT,297.8,4.96,297.81,0.05,297.8,365148.38,106382516.9617
1753504883074,04:41:23.074,bybit,AAVE/USDT:USDT,297.8,4.96,297.81,0.57,297.8,365148.38,106382516.9617
1753504883174,04:41:23.174,bybit,AAVE/USDT:USDT,297.8,4.93,297.81,0.57,297.8,365148.38,106382516.9617
1753504884874,04:41:24.874,bybit,AAVE/USDT:USDT,297.8,4.93,297.81,0.15,297.8,365148.38,106382516.9617
1753504884974,04:41:24.974,bybit,AAVE/USDT:USDT,297.8,4.93,297.81,1.38,297.8,365148.38,106382516.9617
1753504885174,04:41:25.174,bybit,AAVE/USDT:USDT,297.8,2.57,297.81,1.38,297.8,365148.38,106382516.9617
1753504885474,04:41:25.474,bybit,AAVE/USDT:USDT,297.8,2.69,297.81,1.38,297.8,365148.38,106382516.9617
1753504885574,04:41:25.574,bybit,AAVE/USDT:USDT,297.8,4.4,297.81,1.33,297.8,365148.38,106382516.9617
1753504885874,04:41:25.874,bybit,AAVE/USDT:USDT,297.8,2.69,297.81,1.33,297.8,365148.38,106382516.9617
1753504886174,04:41:26.174,bybit,AAVE/USDT:USDT,297.8,4.4,297.81,1.76,297.8,365148.38,106382516.9617
1753504886674,04:41:26.674,bybit,AAVE/USDT:USDT,297.87,1.06,297.89,4.05,297.89,365190.68,106395116.0733
1753504886774,04:41:26.774,bybit,AAVE/USDT:USDT,297.83,0.42,297.84,1.19,297.87,365191.32,106395306.7101
1753504886874,04:41:26.874,bybit,AAVE/USDT:USDT,297.81,0.88,297.82,1.95,297.87,365191.32,106395306.7101
1753504887074,04:41:27.074,bybit,AAVE/USDT:USDT,297.81,0.51,297.82,1.95,297.87,365191.32,106395306.7101
1753504887174,04:41:27.174,bybit,AAVE/USDT:USDT,297.81,0.51,297.82,6.42,297.87,365191.32,106395306.7101
1753504887375,04:41:27.375,bybit,AAVE/USDT:USDT,297.81,0.51,297.82,6.42,297.87,365191.32,106395306.7101
1753504887674,04:41:27.674,bybit,AAVE/USDT:USDT,297.81,0.51,297.82,4.95,297.87,365191.32,106395306.7101
1753504888274,04:41:28.274,bybit,AAVE/USDT:USDT,297.81,0.51,297.82,1.95,297.87,365191.32,106395306.7101
1753504888874,04:41:28.874,bybit,AAVE/USDT:USDT,297.81,0.51,297.82,1.95,297.87,365191.32,106395306.7101
1753504888974,04:41:28.974,bybit,AAVE/USDT:USDT,297.81,0.46,297.82,1.95,297.81,365191.37,106395321.6006
1753504889075,04:41:29.075,bybit,AAVE/USDT:USDT,297.81,0.46,297.82,1.95,297.81,365191.37,106395321.6006
1753504889174,04:41:29.174,bybit,AAVE/USDT:USDT,297.81,5.81,297.82,0.76,297.81,365191.37,106395321.6006
1753504889274,04:41:29.274,bybit,AAVE/USDT:USDT,297.83,0.74,297.85,0.42,297.81,365191.37,106395321.6006
1753504889474,04:41:29.474,bybit,AAVE/USDT:USDT,297.83,0.74,297.84,0.76,297.81,365191.37,106395321.6006
1753504890074,04:41:30.074,bybit,AAVE/USDT:USDT,297.83,1.2,297.84,1.35,297.81,365191.37,106395321.6006
1753504890774,04:41:30.774,bybit,AAVE/USDT:USDT,297.83,7.28,297.84,4.08,297.81,365191.37,106395321.6006
1753504890874,04:41:30.874,bybit,AAVE/USDT:USDT,297.85,0.37,297.86,1.31,297.81,365191.37,106395321.6006
1753504890974,04:41:30.974,bybit,AAVE/USDT:USDT,297.84,2.84,297.86,1.31,297.81,365191.37,106395321.6006
1753504891074,04:41:31.074,bybit,AAVE/USDT:USDT,297.84,2.84,297.85,0.76,297.81,365191.37,106395321.6006
1753504891274,04:41:31.274,bybit,AAVE/USDT:USDT,297.84,2.84,297.85,0.76,297.81,365191.37,106395321.6006
1753504891574,04:41:31.574,bybit,AAVE/USDT:USDT,297.84,3.3,297.85,0.76,297.81,365191.37,106395321.6006
1753504891875,04:41:31.875,bybit,AAVE/USDT:USDT,297.84,3.12,297.85,0.76,297.81,365191.37,106395321.6006
1753504891975,04:41:31.975,bybit,AAVE/USDT:USDT,297.84,3.04,297.85,0.76,297.81,365191.37,106395321.6006
1753504892774,04:41:32.774,bybit,AAVE/USDT:USDT,297.84,3.04,297.85,0.76,297.81,365191.37,106395321.6006
1753504892974,04:41:32.974,bybit,AAVE/USDT:USDT,297.84,2.58,297.85,0.76,297.81,365191.37,106395321.6006
1753504893074,04:41:33.074,bybit,AAVE/USDT:USDT,297.85,0.42,297.86,1.31,297.81,365191.37,106395321.6006
1753504893174,04:41:33.174,bybit,AAVE/USDT:USDT,297.85,2.4,297.86,0.55,297.81,365191.37,106395321.6006
1753504893274,04:41:33.274,bybit,AAVE/USDT:USDT,297.85,4.61,297.86,0.55,297.81,365191.37,106395321.6006
1753504893674,04:41:33.674,bybit,AAVE/USDT:USDT,297.88,2.57,297.89,2.29,297.89,365203.75,106399009.3237
1753504893774,04:41:33.774,bybit,AAVE/USDT:USDT,297.89,0.98,297.9,12.34,297.89,365203.75,106399009.3237
1753504893978,04:41:33.978,bybit,AAVE/USDT:USDT,297.89,0.98,297.9,4.17,297.89,365203.75,106399009.3237
1753504894175,04:41:34.175,bybit,AAVE/USDT:USDT,297.89,2.95,297.9,4.17,297.89,365203.75,106399009.3237
1753504894274,04:41:34.274,bybit,AAVE/USDT:USDT,297.89,2.95,297.9,4.15,297.89,365203.75,106399009.3237
1753504894574,04:41:34.574,bybit,AAVE/USDT:USDT,297.89,3.43,297.9,4.15,297.89,365203.75,106399009.3237
1753504894775,04:41:34.775,bybit,AAVE/USDT:USDT,297.89,0.48,297.9,4.15,297.89,365203.75,106399009.3237
