timestamp,time,exchange,symbol,bid,bidVolume,ask,askVolume,lastPrice,baseVolume,quoteVolume
1753504791764,04:39:51.764,bybit,ALGO/USDT:USDT,0.2697,53414.5,0.2698,17076.9,0.2697,96449664.2,25257444.2722
1753504792064,04:39:52.064,bybit,ALGO/USDT:USDT,0.2697,53414.5,0.2698,17976.9,0.2697,96449664.2,25257444.2722
1753504792364,04:39:52.364,bybit,ALGO/USDT:USDT,0.2697,53414.5,0.2698,17981.0,0.2697,96449664.2,25257444.2722
1753504792463,04:39:52.463,bybit,ALGO/USDT:USDT,0.2697,54315.6,0.2698,31456.6,0.2697,96449664.2,25257444.2722
1753504792563,04:39:52.563,bybit,ALGO/USDT:USDT,0.2697,54316.2,0.2698,45675.0,0.2697,96449664.2,25257444.2722
1753504792764,04:39:52.764,bybit,ALGO/USDT:USDT,0.2697,54290.1,0.2698,45600.8,0.2697,96449664.2,25257444.2722
1753504793863,04:39:53.863,bybit,ALGO/USDT:USDT,0.2697,55190.1,0.2698,29657.3,0.2697,96449664.2,25257444.2722
1753504794664,04:39:54.664,bybit,ALGO/USDT:USDT,0.2697,56088.2,0.2698,29656.5,0.2697,96449664.2,25257444.2722
1753504795164,04:39:55.164,bybit,ALGO/USDT:USDT,0.2697,56087.5,0.2698,29656.5,0.2697,96449664.2,25257444.2722
1753504795364,04:39:55.364,bybit,ALGO/USDT:USDT,0.2697,54286.4,0.2698,29656.5,0.2697,96449664.2,25257444.2722
1753504795463,04:39:55.463,bybit,ALGO/USDT:USDT,0.2697,54917.3,0.2698,29656.5,0.2697,96449664.2,25257444.2722
1753504795564,04:39:55.564,bybit,ALGO/USDT:USDT,0.2697,55817.3,0.2698,29656.5,0.2697,96449664.2,25257444.2722
1753504796164,04:39:56.164,bybit,ALGO/USDT:USDT,0.2697,55817.3,0.2698,17080.2,0.2697,96449664.2,25257444.2722
1753504796463,04:39:56.463,bybit,ALGO/USDT:USDT,0.2697,55889.6,0.2698,17080.2,0.2697,96449664.2,25257444.2722
1753504798064,04:39:58.064,bybit,ALGO/USDT:USDT,0.2697,54990.3,0.2698,17080.2,0.2697,96449664.2,25257444.2722
1753504798164,04:39:58.164,bybit,ALGO/USDT:USDT,0.2697,54990.3,0.2698,17080.2,0.2697,96449664.2,25257444.2722
1753504798264,04:39:58.264,bybit,ALGO/USDT:USDT,0.2697,55900.8,0.2698,17076.9,0.2697,96449664.2,25257444.2722
1753504798464,04:39:58.464,bybit,ALGO/USDT:USDT,0.2697,55900.8,0.2698,17076.9,0.2697,96449664.2,25257444.2722
1753504798964,04:39:58.964,bybit,ALGO/USDT:USDT,0.2697,54101.5,0.2698,17076.9,0.2697,96449664.2,25257444.2722
1753504799264,04:39:59.264,bybit,ALGO/USDT:USDT,0.2697,55900.8,0.2698,17076.9,0.2697,96449664.2,25257444.2722
1753504799564,04:39:59.564,bybit,ALGO/USDT:USDT,0.2697,54101.5,0.2698,17076.9,0.2697,96449664.2,25257444.2722
1753504799763,04:39:59.763,bybit,ALGO/USDT:USDT,0.2697,54990.3,0.2698,17076.9,0.2697,96449664.2,25257444.2722
1753504799964,04:39:59.964,bybit,ALGO/USDT:USDT,0.2697,54990.0,0.2698,17076.9,0.2697,96449664.2,25257444.2722
1753504800063,04:40:00.063,bybit,ALGO/USDT:USDT,0.2697,55889.3,0.2698,17076.9,0.2697,96449664.2,25257444.2722
1753504800363,04:40:00.363,bybit,ALGO/USDT:USDT,0.2697,55889.3,0.2698,17407.4,0.2697,96449664.2,25257444.2722
1753504800864,04:40:00.864,bybit,ALGO/USDT:USDT,0.2697,54989.3,0.2698,17407.4,0.2697,96449664.2,25257444.2722
1753504800964,04:40:00.964,bybit,ALGO/USDT:USDT,0.2697,54090.0,0.2698,29183.7,0.2697,96449664.2,25257444.2722
1753504801064,04:40:01.064,bybit,ALGO/USDT:USDT,0.2697,54939.6,0.2698,29183.7,0.2697,96449664.2,25257444.2722
1753504801164,04:40:01.164,bybit,ALGO/USDT:USDT,0.2697,54939.6,0.2698,37183.7,0.2697,96449664.2,25257444.2722
1753504801464,04:40:01.464,bybit,ALGO/USDT:USDT,0.2697,54090.0,0.2698,39683.5,0.2697,96449664.2,25257444.2722
1753504801563,04:40:01.563,bybit,ALGO/USDT:USDT,0.2697,54090.0,0.2698,38833.9,0.2697,96449664.2,25257444.2722
1753504801763,04:40:01.763,bybit,ALGO/USDT:USDT,0.2697,54090.0,0.2698,37983.7,0.2697,96449664.2,25257444.2722
1753504801864,04:40:01.864,bybit,ALGO/USDT:USDT,0.2697,54090.0,0.2698,39683.5,0.2697,96449664.2,25257444.2722
1753504802163,04:40:02.163,bybit,ALGO/USDT:USDT,0.2697,54090.0,0.2698,46683.5,0.2697,96449664.2,25257444.2722
1753504802763,04:40:02.763,bybit,ALGO/USDT:USDT,0.2697,54090.0,0.2698,45833.9,0.2697,96449664.2,25257444.2722
1753504802864,04:40:02.864,bybit,ALGO/USDT:USDT,0.2697,54065.1,0.2698,44983.7,0.2697,96449664.2,25257444.2722
1753504803064,04:40:03.064,bybit,ALGO/USDT:USDT,0.2697,54065.1,0.2698,45833.9,0.2697,96449664.2,25257444.2722
1753504803163,04:40:03.163,bybit,ALGO/USDT:USDT,0.2697,54065.1,0.2698,46683.5,0.2697,96449664.2,25257444.2722
1753504803564,04:40:03.564,bybit,ALGO/USDT:USDT,0.2697,54065.1,0.2698,57747.2,0.2697,96449664.2,25257444.2722
1753504803964,04:40:03.964,bybit,ALGO/USDT:USDT,0.2697,54065.1,0.2698,57771.7,0.2697,96449664.2,25257444.2722
1753504804064,04:40:04.064,bybit,ALGO/USDT:USDT,0.2697,54065.1,0.2698,57821.4,0.2697,96449664.2,25257444.2722
1753504804163,04:40:04.163,bybit,ALGO/USDT:USDT,0.2697,54065.1,0.2698,63496.8,0.2697,96449664.2,25257444.2722
1753504804363,04:40:04.363,bybit,ALGO/USDT:USDT,0.2697,54065.1,0.2698,63521.3,0.2697,96449664.2,25257444.2722
1753504804563,04:40:04.563,bybit,ALGO/USDT:USDT,0.2697,54065.1,0.2698,63496.8,0.2697,96449664.2,25257444.2722
1753504804964,04:40:04.964,bybit,ALGO/USDT:USDT,0.2697,54065.1,0.2698,63521.3,0.2697,96449664.2,25257444.2722
1753504805163,04:40:05.163,bybit,ALGO/USDT:USDT,0.2697,54065.1,0.2698,57747.2,0.2697,96449664.2,25257444.2722
1753504805264,04:40:05.264,bybit,ALGO/USDT:USDT,0.2697,54065.1,0.2698,45833.3,0.2697,96449664.2,25257444.2722
1753504805364,04:40:05.364,bybit,ALGO/USDT:USDT,0.2697,54065.1,0.2698,45833.9,0.2697,96449664.2,25257444.2722
1753504805564,04:40:05.564,bybit,ALGO/USDT:USDT,0.2697,54065.4,0.2698,46683.5,0.2697,96449664.2,25257444.2722
1753504806064,04:40:06.064,bybit,ALGO/USDT:USDT,0.2697,54065.4,0.2698,45833.9,0.2697,96449664.2,25257444.2722
1753504806164,04:40:06.164,bybit,ALGO/USDT:USDT,0.2697,54065.4,0.2698,46683.5,0.2697,96449664.2,25257444.2722
1753504806364,04:40:06.364,bybit,ALGO/USDT:USDT,0.2697,54065.4,0.2698,46757.7,0.2697,96449664.2,25257444.2722
1753504806564,04:40:06.564,bybit,ALGO/USDT:USDT,0.2697,54914.8,0.2698,22934.7,0.2697,96449664.2,25257444.2722
1753504806664,04:40:06.664,bybit,ALGO/USDT:USDT,0.2697,54914.8,0.2698,12186.3,0.2697,96449664.2,25257444.2722
1753504806764,04:40:06.764,bybit,ALGO/USDT:USDT,0.2697,54913.1,0.2698,12186.3,0.2697,96449664.2,25257444.2722
1753504807063,04:40:07.063,bybit,ALGO/USDT:USDT,0.2697,54913.1,0.2698,12204.9,0.2697,96449664.2,25257444.2722
1753504807164,04:40:07.164,bybit,ALGO/USDT:USDT,0.2697,54913.1,0.2698,12204.9,0.2697,96449664.2,25257444.2722
1753504807463,04:40:07.463,bybit,ALGO/USDT:USDT,0.2697,54913.1,0.2698,12204.9,0.2697,96449664.2,25257444.2722
1753504808763,04:40:08.763,bybit,ALGO/USDT:USDT,0.2697,54063.5,0.2698,12204.9,0.2697,96449664.2,25257444.2722
1753504809064,04:40:09.064,bybit,ALGO/USDT:USDT,0.2697,54913.1,0.2698,428.6,0.2697,96449664.2,25257444.2722
1753504809164,04:40:09.164,bybit,ALGO/USDT:USDT,0.2698,47700.5,0.2699,57466.8,0.2698,96450092.8,25257559.9085
1753504809264,04:40:09.264,bybit,ALGO/USDT:USDT,0.2698,47700.5,0.2699,49031.8,0.2698,96450092.8,25257559.9085
1753504809364,04:40:09.364,bybit,ALGO/USDT:USDT,0.2698,47700.5,0.2699,47371.8,0.2698,96450092.8,25257559.9085
1753504809664,04:40:09.664,bybit,ALGO/USDT:USDT,0.2698,47700.5,0.2699,47415.2,0.2698,96450092.8,25257559.9085
1753504809764,04:40:09.764,bybit,ALGO/USDT:USDT,0.2698,35826.3,0.2699,48265.4,0.2698,96450092.8,25257559.9085
1753504809864,04:40:09.864,bybit,ALGO/USDT:USDT,0.2698,35826.3,0.2699,49115.0,0.2698,96450092.8,25257559.9085
1753504810064,04:40:10.064,bybit,ALGO/USDT:USDT,0.2698,35826.3,0.2699,63115.0,0.2698,96450092.8,25257559.9085
1753504810164,04:40:10.164,bybit,ALGO/USDT:USDT,0.2698,35826.3,0.2699,63115.0,0.2698,96450092.8,25257559.9085
1753504810364,04:40:10.364,bybit,ALGO/USDT:USDT,0.2698,35826.3,0.2699,61415.2,0.2698,96450092.8,25257559.9085
1753504810464,04:40:10.464,bybit,ALGO/USDT:USDT,0.2698,35826.3,0.2699,43456.4,0.2698,96450092.8,25257559.9085
1753504810564,04:40:10.564,bybit,ALGO/USDT:USDT,0.2698,35826.3,0.2699,42067.4,0.2698,96450092.8,25257559.9085
1753504810664,04:40:10.664,bybit,ALGO/USDT:USDT,0.2698,35994.0,0.2699,42067.4,0.2698,96450092.8,25257559.9085
1753504810764,04:40:10.764,bybit,ALGO/USDT:USDT,0.2698,35994.0,0.2699,43767.2,0.2698,96450092.8,25257559.9085
1753504811064,04:40:11.064,bybit,ALGO/USDT:USDT,0.2698,35994.0,0.2699,42067.4,0.2698,96450092.8,25257559.9085
1753504811164,04:40:11.164,bybit,ALGO/USDT:USDT,0.2698,35994.0,0.2699,42917.6,0.2698,96450092.8,25257559.9085
1753504811264,04:40:11.264,bybit,ALGO/USDT:USDT,0.2698,35994.0,0.2699,43767.2,0.2698,96450092.8,25257559.9085
1753504811363,04:40:11.363,bybit,ALGO/USDT:USDT,0.2698,36043.0,0.2699,43767.2,0.2698,96450092.8,25257559.9085
1753504811564,04:40:11.564,bybit,ALGO/USDT:USDT,0.2698,36043.0,0.2699,42917.6,0.2698,96450092.8,25257559.9085
1753504811664,04:40:11.664,bybit,ALGO/USDT:USDT,0.2698,36043.0,0.2699,43767.2,0.2698,96450092.8,25257559.9085
1753504811763,04:40:11.763,bybit,ALGO/USDT:USDT,0.2698,36043.0,0.2699,42067.4,0.2698,96450092.8,25257559.9085
1753504811864,04:40:11.864,bybit,ALGO/USDT:USDT,0.2698,36043.0,0.2699,43767.2,0.2698,96450092.8,25257559.9085
1753504812064,04:40:12.064,bybit,ALGO/USDT:USDT,0.2698,36043.0,0.2699,45767.2,0.2698,96450092.8,25257559.9085
1753504812364,04:40:12.364,bybit,ALGO/USDT:USDT,0.2698,36043.0,0.2699,44067.4,0.2698,96450092.8,25257559.9085
1753504812564,04:40:12.564,bybit,ALGO/USDT:USDT,0.2698,36043.0,0.2699,45767.2,0.2698,96450092.8,25257559.9085
1753504812664,04:40:12.664,bybit,ALGO/USDT:USDT,0.2698,36043.0,0.2699,44917.6,0.2698,96450092.8,25257559.9085
1753504812964,04:40:12.964,bybit,ALGO/USDT:USDT,0.2698,36043.0,0.2699,44067.4,0.2698,96450092.8,25257559.9085
1753504813364,04:40:13.364,bybit,ALGO/USDT:USDT,0.2698,36043.0,0.2699,45767.2,0.2698,96450092.8,25257559.9085
1753504813664,04:40:13.664,bybit,ALGO/USDT:USDT,0.2698,36043.0,0.2699,29001.1,0.2698,96450092.8,25257559.9085
1753504813964,04:40:13.964,bybit,ALGO/USDT:USDT,0.2698,36043.0,0.2699,44001.1,0.2698,96450092.8,25257559.9085
1753504814064,04:40:14.064,bybit,ALGO/USDT:USDT,0.2698,36323.0,0.2699,43150.9,0.2698,96450092.8,25257559.9085
1753504814164,04:40:14.164,bybit,ALGO/USDT:USDT,0.2698,36323.0,0.2699,44001.1,0.2698,96450092.8,25257559.9085
1753504814264,04:40:14.264,bybit,ALGO/USDT:USDT,0.2698,36323.0,0.2699,42301.3,0.2698,96450092.8,25257559.9085
1753504814563,04:40:14.563,bybit,ALGO/USDT:USDT,0.2698,36323.0,0.2699,27301.3,0.2698,96450092.8,25257559.9085
1753504814763,04:40:14.763,bybit,ALGO/USDT:USDT,0.2698,36323.0,0.2699,27303.8,0.2698,96450092.8,25257559.9085
1753504814964,04:40:14.964,bybit,ALGO/USDT:USDT,0.2698,36323.0,0.2699,44154.0,0.2698,96450092.8,25257559.9085
1753504815163,04:40:15.163,bybit,ALGO/USDT:USDT,0.2698,36323.0,0.2699,43303.8,0.2698,96450092.8,25257559.9085
1753504815364,04:40:15.364,bybit,ALGO/USDT:USDT,0.2698,36323.0,0.2699,44154.0,0.2698,96450092.8,25257559.9085
1753504815763,04:40:15.763,bybit,ALGO/USDT:USDT,0.2698,37913.7,0.2699,9475.8,0.2698,96450092.8,25257559.9085
1753504815964,04:40:15.964,bybit,ALGO/USDT:USDT,0.2698,46172.6,0.2699,9475.8,0.2698,96450092.8,25257559.9085
1753504816264,04:40:16.264,bybit,ALGO/USDT:USDT,0.2698,36323.0,0.2699,9475.8,0.2698,96450092.8,25257559.9085
1753504816464,04:40:16.464,bybit,ALGO/USDT:USDT,0.2698,37172.6,0.2699,9475.8,0.2698,96450092.8,25257559.9085
1753504816564,04:40:16.564,bybit,ALGO/USDT:USDT,0.2698,37932.3,0.2699,155.1,0.2698,96450092.8,25257559.9085
1753504816763,04:40:16.763,bybit,ALGO/USDT:USDT,0.2698,37932.3,0.2699,5287.2,0.2698,96450092.8,25257559.9085
1753504816864,04:40:16.864,bybit,ALGO/USDT:USDT,0.2698,37082.7,0.2699,155.1,0.2698,96450092.8,25257559.9085
1753504816963,04:40:16.963,bybit,ALGO/USDT:USDT,0.2698,37082.7,0.2699,5155.1,0.2698,96450092.8,25257559.9085
1753504817064,04:40:17.064,bybit,ALGO/USDT:USDT,0.2698,37064.1,0.2699,5155.1,0.2698,96450092.8,25257559.9085
1753504817264,04:40:17.264,bybit,ALGO/USDT:USDT,0.2698,37933.0,0.2699,155.1,0.2698,96450092.8,25257559.9085
1753504817364,04:40:17.364,bybit,ALGO/USDT:USDT,0.2698,37083.4,0.2699,155.1,0.2698,96450092.8,25257559.9085
1753504817564,04:40:17.564,bybit,ALGO/USDT:USDT,0.2698,37153.7,0.2699,155.1,0.2698,96450092.8,25257559.9085
1753504817664,04:40:17.664,bybit,ALGO/USDT:USDT,0.2698,37723.3,0.2699,140.9,0.2698,96450092.8,25257559.9085
1753504817764,04:40:17.764,bybit,ALGO/USDT:USDT,0.2698,37723.3,0.2699,138.4,0.2698,96450092.8,25257559.9085
1753504817864,04:40:17.864,bybit,ALGO/USDT:USDT,0.2698,37723.3,0.2699,140.2,0.2698,96450092.8,25257559.9085
1753504817964,04:40:17.964,bybit,ALGO/USDT:USDT,0.2698,50723.3,0.2699,140.2,0.2698,96450092.8,25257559.9085
1753504818064,04:40:18.064,bybit,ALGO/USDT:USDT,0.2698,50799.0,0.2699,140.2,0.2698,96450092.8,25257559.9085
1753504818164,04:40:18.164,bybit,ALGO/USDT:USDT,0.2698,55017.4,0.2699,140.2,0.2698,96450092.8,25257559.9085
1753504818264,04:40:18.264,bybit,ALGO/USDT:USDT,0.2698,54167.8,0.2699,140.2,0.2698,96450092.8,25257559.9085
1753504818564,04:40:18.564,bybit,ALGO/USDT:USDT,0.2698,41167.8,0.2699,140.2,0.2698,96450092.8,25257559.9085
1753504818964,04:40:18.964,bybit,ALGO/USDT:USDT,0.2698,48167.8,0.2699,140.2,0.2698,96450092.8,25257559.9085
1753504819064,04:40:19.064,bybit,ALGO/USDT:USDT,0.2698,41073.5,0.2699,140.2,0.2698,96450092.8,25257559.9085
1753504819264,04:40:19.264,bybit,ALGO/USDT:USDT,0.2698,41092.1,0.2699,140.2,0.2698,96450092.8,25257559.9085
1753504819364,04:40:19.364,bybit,ALGO/USDT:USDT,0.2698,41941.7,0.2699,140.2,0.2698,96450092.8,25257559.9085
1753504819464,04:40:19.464,bybit,ALGO/USDT:USDT,0.2698,41092.1,0.2699,140.2,0.2698,96450092.8,25257559.9085
1753504819764,04:40:19.764,bybit,ALGO/USDT:USDT,0.2698,41941.7,0.2699,140.2,0.2698,96450092.8,25257559.9085
1753504819863,04:40:19.863,bybit,ALGO/USDT:USDT,0.2698,41941.6,0.2699,140.2,0.2698,96450092.8,25257559.9085
1753504819964,04:40:19.964,bybit,ALGO/USDT:USDT,0.2698,41092.0,0.2699,12505.4,0.2698,96450092.8,25257559.9085
1753504820064,04:40:20.064,bybit,ALGO/USDT:USDT,0.2698,36855.0,0.2699,12505.4,0.2698,96450092.8,25257559.9085
1753504820164,04:40:20.164,bybit,ALGO/USDT:USDT,0.2698,36855.0,0.2699,140.2,0.2698,96450092.8,25257559.9085
1753504820664,04:40:20.664,bybit,ALGO/USDT:USDT,0.2698,37704.6,0.2699,140.2,0.2698,96450092.8,25257559.9085
1753504820763,04:40:20.763,bybit,ALGO/USDT:USDT,0.2698,36855.0,0.2699,140.2,0.2698,96450092.8,25257559.9085
1753504820964,04:40:20.964,bybit,ALGO/USDT:USDT,0.2698,37135.0,0.2699,140.2,0.2698,96450092.8,25257559.9085
1753504821164,04:40:21.164,bybit,ALGO/USDT:USDT,0.2698,37984.6,0.2699,142.3,0.2698,96450092.8,25257559.9085
1753504821264,04:40:21.264,bybit,ALGO/USDT:USDT,0.2698,37984.6,0.2699,142.3,0.2698,96450092.8,25257559.9085
1753504821463,04:40:21.463,bybit,ALGO/USDT:USDT,0.2698,37135.0,0.2699,142.3,0.2698,96450092.8,25257559.9085
1753504821764,04:40:21.764,bybit,ALGO/USDT:USDT,0.2698,37135.0,0.2699,5274.4,0.2698,96450092.8,25257559.9085
1753504821864,04:40:21.864,bybit,ALGO/USDT:USDT,0.2698,37135.0,0.2699,17639.6,0.2698,96450092.8,25257559.9085
1753504821964,04:40:21.964,bybit,ALGO/USDT:USDT,0.2698,37135.0,0.2699,24489.8,0.2698,96450092.8,25257559.9085
1753504822064,04:40:22.064,bybit,ALGO/USDT:USDT,0.2698,37135.0,0.2699,23639.6,0.2698,96450092.8,25257559.9085
1753504822164,04:40:22.164,bybit,ALGO/USDT:USDT,0.2698,37135.0,0.2699,17639.6,0.2698,96450092.8,25257559.9085
1753504822864,04:40:22.864,bybit,ALGO/USDT:USDT,0.2698,43135.0,0.2699,17639.6,0.2698,96450092.8,25257559.9085
1753504823564,04:40:23.564,bybit,ALGO/USDT:USDT,0.2698,37135.0,0.2699,17639.6,0.2698,96450092.8,25257559.9085
1753504823664,04:40:23.664,bybit,ALGO/USDT:USDT,0.2698,34038.5,0.2699,28816.4,0.2698,96450092.8,25257559.9085
1753504823863,04:40:23.863,bybit,ALGO/USDT:USDT,0.2698,34038.5,0.2699,43816.4,0.2698,96450092.8,25257559.9085
1753504824064,04:40:24.064,bybit,ALGO/USDT:USDT,0.2698,34043.6,0.2699,43816.4,0.2698,96450092.8,25257559.9085
1753504825964,04:40:25.964,bybit,ALGO/USDT:USDT,0.2698,14628.5,0.2699,52268.8,0.2698,96450092.8,25257559.9085
1753504826763,04:40:26.763,bybit,ALGO/USDT:USDT,0.2698,14589.7,0.2699,52239.6,0.2698,96450092.8,25257559.9085
1753504826864,04:40:26.864,bybit,ALGO/USDT:USDT,0.2698,14589.7,0.2699,52253.4,0.2698,96450092.8,25257559.9085
1753504826963,04:40:26.963,bybit,ALGO/USDT:USDT,0.2698,14589.7,0.2699,53735.6,0.2698,96450092.8,25257559.9085
1753504827064,04:40:27.064,bybit,ALGO/USDT:USDT,0.2698,14589.7,0.2699,53094.7,0.2698,96450092.8,25257559.9085
1753504827564,04:40:27.564,bybit,ALGO/USDT:USDT,0.2698,14587.3,0.2699,53094.7,0.2698,96450092.8,25257559.9085
1753504828863,04:40:28.863,bybit,ALGO/USDT:USDT,0.2698,14587.9,0.2699,53094.7,0.2698,96450092.8,25257559.9085
1753504829064,04:40:29.064,bybit,ALGO/USDT:USDT,0.2698,14587.9,0.2699,50015.4,0.2698,96450092.8,25257559.9085
1753504829164,04:40:29.164,bybit,ALGO/USDT:USDT,0.2698,14701.8,0.2699,50001.6,0.2698,96450092.8,25257559.9085
1753504829664,04:40:29.664,bybit,ALGO/USDT:USDT,0.2698,21749.6,0.2699,24733.5,0.2698,96450092.8,25257559.9085
1753504829864,04:40:29.864,bybit,ALGO/USDT:USDT,0.2698,34114.8,0.2699,33583.1,0.2698,96450092.8,25257559.9085
1753504829964,04:40:29.964,bybit,ALGO/USDT:USDT,0.2698,34114.8,0.2699,34507.5,0.2698,96450092.8,25257559.9085
1753504830063,04:40:30.063,bybit,ALGO/USDT:USDT,0.2698,34114.8,0.2699,34357.6,0.2698,96450092.8,25257559.9085
1753504830164,04:40:30.164,bybit,ALGO/USDT:USDT,0.2698,34114.8,0.2699,33507.4,0.2698,96450092.8,25257559.9085
1753504830264,04:40:30.264,bybit,ALGO/USDT:USDT,0.2698,34114.8,0.2699,32657.8,0.2698,96450092.8,25257559.9085
1753504830464,04:40:30.464,bybit,ALGO/USDT:USDT,0.2698,34114.8,0.2699,33507.4,0.2698,96450092.8,25257559.9085
1753504830764,04:40:30.764,bybit,ALGO/USDT:USDT,0.2698,34109.9,0.2699,24657.8,0.2698,96450092.8,25257559.9085
1753504831464,04:40:31.464,bybit,ALGO/USDT:USDT,0.2698,34107.1,0.2699,24657.8,0.2698,96450092.8,25257559.9085
1753504831663,04:40:31.663,bybit,ALGO/USDT:USDT,0.2698,34107.1,0.2699,26431.8,0.2698,96450092.8,25257559.9085
1753504831763,04:40:31.763,bybit,ALGO/USDT:USDT,0.2698,34107.1,0.2699,35431.8,0.2698,96450092.8,25257559.9085
1753504831863,04:40:31.863,bybit,ALGO/USDT:USDT,0.2698,34107.1,0.2699,25582.2,0.2698,96450092.8,25257559.9085
1753504832064,04:40:32.064,bybit,ALGO/USDT:USDT,0.2698,34107.1,0.2699,26357.6,0.2698,96450092.8,25257559.9085
1753504832164,04:40:32.164,bybit,ALGO/USDT:USDT,0.2698,34107.1,0.2699,25507.4,0.2698,96450092.8,25257559.9085
1753504832263,04:40:32.263,bybit,ALGO/USDT:USDT,0.2698,34107.0,0.2699,26431.8,0.2698,96450092.8,25257559.9085
1753504832363,04:40:32.363,bybit,ALGO/USDT:USDT,0.2698,21741.8,0.2699,27231.8,0.2698,96450092.8,25257559.9085
1753504832464,04:40:32.464,bybit,ALGO/USDT:USDT,0.2698,34107.0,0.2699,25581.6,0.2698,96450092.8,25257559.9085
1753504832563,04:40:32.563,bybit,ALGO/USDT:USDT,0.2698,34107.0,0.2699,24657.8,0.2698,96450092.8,25257559.9085
1753504832663,04:40:32.663,bybit,ALGO/USDT:USDT,0.2698,34107.0,0.2699,25507.4,0.2698,96450092.8,25257559.9085
1753504832764,04:40:32.764,bybit,ALGO/USDT:USDT,0.2698,34107.0,0.2699,31507.4,0.2698,96450092.8,25257559.9085
1753504832864,04:40:32.864,bybit,ALGO/USDT:USDT,0.2698,35014.7,0.2699,19526.1,0.2698,96450092.8,25257559.9085
1753504832964,04:40:32.964,bybit,ALGO/USDT:USDT,0.2698,35014.7,0.2699,19526.1,0.2698,96450092.8,25257559.9085
1753504833264,04:40:33.264,bybit,ALGO/USDT:USDT,0.2698,35014.7,0.2699,19526.1,0.2698,96450092.8,25257559.9085
1753504833364,04:40:33.364,bybit,ALGO/USDT:USDT,0.2698,34165.1,0.2699,19526.1,0.2698,96450092.8,25257559.9085
1753504833764,04:40:33.764,bybit,ALGO/USDT:USDT,0.2698,34165.1,0.2699,36376.3,0.2698,96450092.8,25257559.9085
1753504834064,04:40:34.064,bybit,ALGO/USDT:USDT,0.2698,34165.1,0.2699,23526.1,0.2698,96450092.8,25257559.9085
1753504834164,04:40:34.164,bybit,ALGO/USDT:USDT,0.2698,34165.1,0.2699,19526.1,0.2698,96365871.3,25235912.6364
1753504834464,04:40:34.464,bybit,ALGO/USDT:USDT,0.2698,34165.1,0.2699,19526.1,0.2698,96365871.3,25235912.6364
1753504834563,04:40:34.563,bybit,ALGO/USDT:USDT,0.2698,34164.8,0.2699,19526.1,0.2698,96365871.3,25235912.6364
1753504835164,04:40:35.164,bybit,ALGO/USDT:USDT,0.2698,34109.3,0.2699,19526.1,0.2698,96365871.3,25235912.6364
1753504835563,04:40:35.563,bybit,ALGO/USDT:USDT,0.2698,34958.9,0.2699,19526.1,0.2698,96365871.3,25235912.6364
1753504835764,04:40:35.764,bybit,ALGO/USDT:USDT,0.2698,40958.9,0.2699,19526.1,0.2698,96365871.3,25235912.6364
1753504835864,04:40:35.864,bybit,ALGO/USDT:USDT,0.2698,40109.3,0.2699,19526.1,0.2698,96365871.3,25235912.6364
1753504836264,04:40:36.264,bybit,ALGO/USDT:USDT,0.2698,34109.3,0.2699,19526.1,0.2698,96365871.3,25235912.6364
1753504836364,04:40:36.364,bybit,ALGO/USDT:USDT,0.2698,34109.3,0.2699,21300.1,0.2698,96365871.3,25235912.6364
1753504836463,04:40:36.463,bybit,ALGO/USDT:USDT,0.2698,34109.3,0.2699,20450.5,0.2698,96365871.3,25235912.6364
1753504836563,04:40:36.563,bybit,ALGO/USDT:USDT,0.2698,34109.3,0.2699,21300.1,0.2698,96365871.3,25235912.6364
1753504836664,04:40:36.664,bybit,ALGO/USDT:USDT,0.2698,34109.3,0.2699,19600.3,0.2698,96365871.3,25235912.6364
1753504836864,04:40:36.864,bybit,ALGO/USDT:USDT,0.2698,34249.3,0.2699,19526.1,0.2698,96365871.3,25235912.6364
1753504837564,04:40:37.564,bybit,ALGO/USDT:USDT,0.2698,34249.3,0.2699,21225.9,0.2698,96365871.3,25235912.6364
1753504837764,04:40:37.764,bybit,ALGO/USDT:USDT,0.2698,22916.9,0.2699,37300.1,0.2698,96365871.3,25235912.6364
1753504837864,04:40:37.864,bybit,ALGO/USDT:USDT,0.2698,22776.9,0.2699,37300.1,0.2698,96365871.3,25235912.6364
1753504837964,04:40:37.964,bybit,ALGO/USDT:USDT,0.2698,21744.1,0.2699,47248.5,0.2698,96365871.3,25235912.6364
1753504838463,04:40:38.463,bybit,ALGO/USDT:USDT,0.2698,7111.9,0.2699,51880.5,0.2698,96365871.3,25235912.6364
1753504838564,04:40:38.564,bybit,ALGO/USDT:USDT,0.2698,14959.7,0.2699,52760.9,0.2698,96365871.3,25235912.6364
1753504838663,04:40:38.663,bybit,ALGO/USDT:USDT,0.2698,14959.7,0.2699,52736.4,0.2698,96365871.3,25235912.6364
1753504838764,04:40:38.764,bybit,ALGO/USDT:USDT,0.2698,14959.7,0.2699,52760.9,0.2698,96365871.3,25235912.6364
1753504839064,04:40:39.064,bybit,ALGO/USDT:USDT,0.2698,14959.7,0.2699,52836.6,0.2698,96365871.3,25235912.6364
1753504839263,04:40:39.263,bybit,ALGO/USDT:USDT,0.2698,360.5,0.2699,57283.3,0.2698,96365871.3,25235912.6364
1753504839363,04:40:39.363,bybit,ALGO/USDT:USDT,0.2698,360.5,0.2699,54318.8,0.2698,96365871.3,25235912.6364
1753504839564,04:40:39.564,bybit,ALGO/USDT:USDT,0.2698,2048.3,0.2699,53577.7,0.2698,96365871.3,25235912.6364
1753504840664,04:40:40.664,bybit,ALGO/USDT:USDT,0.2698,2048.3,0.2699,52653.9,0.2698,96365871.3,25235912.6364
1753504840764,04:40:40.764,bybit,ALGO/USDT:USDT,0.2698,2048.3,0.2699,52728.1,0.2698,96365871.3,25235912.6364
1753504841064,04:40:41.064,bybit,ALGO/USDT:USDT,0.2698,2048.3,0.2699,50422.7,0.2698,96365871.3,25235912.6364
1753504841164,04:40:41.164,bybit,ALGO/USDT:USDT,0.2698,2048.3,0.2699,49498.9,0.2698,96365871.3,25235912.6364
1753504841264,04:40:41.264,bybit,ALGO/USDT:USDT,0.2698,2048.3,0.2699,49573.1,0.2698,96365871.3,25235912.6364
1753504841363,04:40:41.363,bybit,ALGO/USDT:USDT,0.2698,2048.3,0.2699,50422.7,0.2698,96365871.3,25235912.6364
1753504841464,04:40:41.464,bybit,ALGO/USDT:USDT,0.2698,1937.6,0.2699,50422.7,0.2698,96365871.3,25235912.6364
1753504841564,04:40:41.564,bybit,ALGO/USDT:USDT,0.2698,2049.3,0.2699,50422.7,0.2698,96365871.3,25235912.6364
1753504841964,04:40:41.964,bybit,ALGO/USDT:USDT,0.2698,2049.3,0.2699,59060.4,0.2698,96365871.3,25235912.6364
1753504842064,04:40:42.064,bybit,ALGO/USDT:USDT,0.2698,2049.3,0.2699,59136.1,0.2698,96365871.3,25235912.6364
1753504842164,04:40:42.164,bybit,ALGO/USDT:USDT,0.2698,2049.3,0.2699,55801.0,0.2698,96365871.3,25235912.6364
1753504842464,04:40:42.464,bybit,ALGO/USDT:USDT,0.2698,2049.3,0.2699,56171.5,0.2698,96365871.3,25235912.6364
1753504842664,04:40:42.664,bybit,ALGO/USDT:USDT,0.2698,2048.9,0.2699,56171.5,0.2698,96365871.3,25235912.6364
1753504842764,04:40:42.764,bybit,ALGO/USDT:USDT,0.2698,2048.9,0.2699,61359.3,0.2698,96365871.3,25235912.6364
1753504842863,04:40:42.863,bybit,ALGO/USDT:USDT,0.2697,46541.3,0.2698,63971.9,0.2698,96367920.2,25236465.4297
1753504842963,04:40:42.963,bybit,ALGO/USDT:USDT,0.2697,46541.3,0.2698,63601.2,0.2698,96367920.2,25236465.4297
1753504843064,04:40:43.064,bybit,ALGO/USDT:USDT,0.2697,28363.2,0.2698,63601.2,0.2698,96367920.2,25236465.4297
1753504843163,04:40:43.163,bybit,ALGO/USDT:USDT,0.2697,37735.3,0.2698,36598.2,0.2698,96367920.2,25236465.4297
1753504843264,04:40:43.264,bybit,ALGO/USDT:USDT,0.2697,36993.9,0.2698,24819.9,0.2698,96367920.2,25236465.4297
1753504843364,04:40:43.364,bybit,ALGO/USDT:USDT,0.2698,39306.1,0.2699,61296.8,0.2698,96378862.4,25239417.6352
1753504843463,04:40:43.463,bybit,ALGO/USDT:USDT,0.2698,39306.1,0.2699,60698.3,0.2698,96378862.4,25239417.6352
1753504843763,04:40:43.763,bybit,ALGO/USDT:USDT,0.2698,39306.1,0.2699,59030.8,0.2698,96378862.4,25239417.6352
1753504843864,04:40:43.864,bybit,ALGO/USDT:USDT,0.2698,39306.1,0.2699,57331.0,0.2698,96378862.4,25239417.6352
1753504844063,04:40:44.063,bybit,ALGO/USDT:USDT,0.2698,39306.1,0.2699,39789.9,0.2698,96378862.4,25239417.6352
1753504844264,04:40:44.264,bybit,ALGO/USDT:USDT,0.2698,39306.1,0.2699,47603.9,0.2698,96378862.4,25239417.6352
1753504844664,04:40:44.664,bybit,ALGO/USDT:USDT,0.2698,39306.1,0.2699,53678.1,0.2698,96378862.4,25239417.6352
1753504844764,04:40:44.764,bybit,ALGO/USDT:USDT,0.2698,27431.9,0.2699,53678.1,0.2698,96378862.4,25239417.6352
1753504844864,04:40:44.864,bybit,ALGO/USDT:USDT,0.2698,27446.7,0.2699,53678.1,0.2698,96378862.4,25239417.6352
1753504845163,04:40:45.163,bybit,ALGO/USDT:USDT,0.2698,15081.5,0.2699,53678.1,0.2698,96378862.4,25239417.6352
1753504845464,04:40:45.464,bybit,ALGO/USDT:USDT,0.2698,15081.5,0.2699,53686.6,0.2698,96378862.4,25239417.6352
1753504845664,04:40:45.664,bybit,ALGO/USDT:USDT,0.2698,15081.5,0.2699,63686.6,0.2698,96378862.4,25239417.6352
1753504846064,04:40:46.064,bybit,ALGO/USDT:USDT,0.2698,15081.5,0.2699,53686.6,0.2698,96378862.4,25239417.6352
1753504846264,04:40:46.264,bybit,ALGO/USDT:USDT,0.2698,15093.7,0.2699,53686.6,0.2698,96378862.4,25239417.6352
1753504846363,04:40:46.363,bybit,ALGO/USDT:USDT,0.2698,15103.8,0.2699,53686.6,0.2698,96378862.4,25239417.6352
1753504846664,04:40:46.664,bybit,ALGO/USDT:USDT,0.2698,15103.8,0.2699,57762.8,0.2698,96378862.4,25239417.6352
1753504846763,04:40:46.763,bybit,ALGO/USDT:USDT,0.2698,9309.3,0.2699,58686.6,0.2698,96378862.4,25239417.6352
1753504847163,04:40:47.163,bybit,ALGO/USDT:USDT,0.2698,9309.3,0.2699,58711.1,0.2698,96378862.4,25239417.6352
1753504847264,04:40:47.264,bybit,ALGO/USDT:USDT,0.2698,9309.3,0.2699,58686.6,0.2698,96378862.4,25239417.6352
1753504847664,04:40:47.664,bybit,ALGO/USDT:USDT,0.2698,9309.3,0.2699,63711.1,0.2698,96378862.4,25239417.6352
1753504848564,04:40:48.564,bybit,ALGO/USDT:USDT,0.2698,9308.9,0.2699,63711.1,0.2698,96378862.4,25239417.6352
1753504848764,04:40:48.764,bybit,ALGO/USDT:USDT,0.2698,9308.9,0.2699,63686.6,0.2698,96378862.4,25239417.6352
1753504848864,04:40:48.864,bybit,ALGO/USDT:USDT,0.2698,9308.9,0.2699,63711.1,0.2698,96378862.4,25239417.6352
1753504850964,04:40:50.964,bybit,ALGO/USDT:USDT,0.2698,9308.9,0.2699,62861.5,0.2698,96378862.4,25239417.6352
1753504851064,04:40:51.064,bybit,ALGO/USDT:USDT,0.2698,9308.9,0.2699,63711.1,0.2698,96378862.4,25239417.6352
1753504851663,04:40:51.663,bybit,ALGO/USDT:USDT,0.2697,11077.1,0.2698,51883.8,0.2698,96378899.1,25239427.5369
1753504851763,04:40:51.763,bybit,ALGO/USDT:USDT,0.2697,13804.2,0.2698,51883.8,0.2698,96378899.1,25239427.5369
1753504851863,04:40:51.863,bybit,ALGO/USDT:USDT,0.2697,15432.7,0.2698,38749.3,0.2698,96378899.1,25239427.5369
1753504851964,04:40:51.964,bybit,ALGO/USDT:USDT,0.2697,28416.4,0.2698,32695.3,0.2698,96378899.1,25239427.5369
1753504852064,04:40:52.064,bybit,ALGO/USDT:USDT,0.2697,28416.4,0.2698,28988.3,0.2698,96378899.1,25239427.5369
1753504852164,04:40:52.164,bybit,ALGO/USDT:USDT,0.2697,28416.4,0.2698,28988.3,0.2698,96378899.1,25239427.5369
1753504852264,04:40:52.264,bybit,ALGO/USDT:USDT,0.2697,28416.4,0.2698,29838.5,0.2698,96378899.1,25239427.5369
1753504852563,04:40:52.563,bybit,ALGO/USDT:USDT,0.2697,28416.4,0.2698,34212.0,0.2698,96378899.1,25239427.5369
1753504852664,04:40:52.664,bybit,ALGO/USDT:USDT,0.2697,36951.4,0.2698,27212.0,0.2698,96378899.1,25239427.5369
1753504852863,04:40:52.863,bybit,ALGO/USDT:USDT,0.2697,37801.0,0.2698,27212.0,0.2698,96378899.1,25239427.5369
1753504853363,04:40:53.363,bybit,ALGO/USDT:USDT,0.2697,41698.2,0.2698,851.7,0.2698,96378899.1,25239427.5369
1753504853564,04:40:53.564,bybit,ALGO/USDT:USDT,0.2697,41624.0,0.2698,8133.3,0.2698,96378899.1,25239427.5369
1753504853763,04:40:53.763,bybit,ALGO/USDT:USDT,0.2697,41624.0,0.2698,851.7,0.2698,96378899.1,25239427.5369
1753504853863,04:40:53.863,bybit,ALGO/USDT:USDT,0.2697,38542.4,0.2698,851.7,0.2698,96378899.1,25239427.5369
1753504853964,04:40:53.964,bybit,ALGO/USDT:USDT,0.2697,38356.4,0.2698,851.7,0.2697,96379085.1,25239477.7011
1753504854263,04:40:54.263,bybit,ALGO/USDT:USDT,0.2697,36765.4,0.2698,23380.8,0.2697,96379085.1,25239477.7011
1753504854363,04:40:54.363,bybit,ALGO/USDT:USDT,0.2697,37689.2,0.2698,851.7,0.2697,96379085.1,25239477.7011
1753504854464,04:40:54.464,bybit,ALGO/USDT:USDT,0.2697,38430.6,0.2698,851.7,0.2697,96379085.1,25239477.7011
1753504854563,04:40:54.563,bybit,ALGO/USDT:USDT,0.2697,54356.4,0.2698,851.7,0.2697,96379085.1,25239477.7011
1753504854764,04:40:54.764,bybit,ALGO/USDT:USDT,0.2697,42356.4,0.2698,851.7,0.2697,96379085.1,25239477.7011
1753504854963,04:40:54.963,bybit,ALGO/USDT:USDT,0.2697,42430.6,0.2698,851.7,0.2697,96379085.1,25239477.7011
1753504855064,04:40:55.064,bybit,ALGO/USDT:USDT,0.2697,42356.4,0.2698,851.7,0.2697,96379085.1,25239477.7011
1753504855264,04:40:55.264,bybit,ALGO/USDT:USDT,0.2697,42356.4,0.2698,3005.8,0.2697,96379085.1,25239477.7011
1753504855464,04:40:55.464,bybit,ALGO/USDT:USDT,0.2697,42347.9,0.2698,3005.8,0.2697,96379085.1,25239477.7011
1753504855564,04:40:55.564,bybit,ALGO/USDT:USDT,0.2697,48347.9,0.2698,851.7,0.2697,96379085.1,25239477.7011
1753504855863,04:40:55.863,bybit,ALGO/USDT:USDT,0.2697,48355.7,0.2698,851.7,0.2697,96379085.1,25239477.7011
1753504856663,04:40:56.663,bybit,ALGO/USDT:USDT,0.2697,38355.7,0.2698,10225.2,0.2697,96379085.1,25239477.7011
1753504856763,04:40:56.763,bybit,ALGO/USDT:USDT,0.2697,36764.7,0.2698,23208.9,0.2697,96379085.1,25239477.7011
1753504857664,04:40:57.664,bybit,ALGO/USDT:USDT,0.2697,39282.6,0.2698,23208.9,0.2697,96379085.1,25239477.7011
1753504857764,04:40:57.764,bybit,ALGO/USDT:USDT,0.2697,38433.0,0.2698,23208.9,0.2697,96379085.1,25239477.7011
1753504857964,04:40:57.964,bybit,ALGO/USDT:USDT,0.2697,39282.6,0.2698,23208.9,0.2697,96379085.1,25239477.7011
1753504858164,04:40:58.164,bybit,ALGO/USDT:USDT,0.2697,38433.0,0.2698,23208.9,0.2697,96379085.1,25239477.7011
1753504859164,04:40:59.164,bybit,ALGO/USDT:USDT,0.2697,39282.6,0.2698,23208.9,0.2697,96379085.1,25239477.7011
1753504859564,04:40:59.564,bybit,ALGO/USDT:USDT,0.2697,38433.0,0.2698,23208.9,0.2697,96379085.1,25239477.7011
1753504860263,04:41:00.263,bybit,ALGO/USDT:USDT,0.2697,39282.6,0.2698,23208.9,0.2697,96379085.1,25239477.7011
1753504861063,04:41:01.063,bybit,ALGO/USDT:USDT,0.2697,26796.8,0.2698,24059.1,0.2697,96379085.1,25239477.7011
1753504861164,04:41:01.164,bybit,ALGO/USDT:USDT,0.2697,29429.7,0.2698,34292.6,0.2697,96379085.1,25239477.7011
1753504861264,04:41:01.264,bybit,ALGO/USDT:USDT,0.2697,28763.5,0.2698,34292.6,0.2697,96379085.1,25239477.7011
1753504861364,04:41:01.364,bybit,ALGO/USDT:USDT,0.2697,29613.1,0.2698,34292.6,0.2697,96379085.1,25239477.7011
1753504861464,04:41:01.464,bybit,ALGO/USDT:USDT,0.2697,31243.1,0.2698,43292.6,0.2697,96379085.1,25239477.7011
1753504861564,04:41:01.564,bybit,ALGO/USDT:USDT,0.2697,32092.7,0.2698,43292.6,0.2697,96379085.1,25239477.7011
1753504861763,04:41:01.763,bybit,ALGO/USDT:USDT,0.2697,31243.1,0.2698,43292.6,0.2697,96379085.1,25239477.7011
1753504863564,04:41:03.564,bybit,ALGO/USDT:USDT,0.2697,28763.5,0.2698,34292.6,0.2697,96379085.1,25239477.7011
1753504863664,04:41:03.664,bybit,ALGO/USDT:USDT,0.2697,28763.5,0.2698,34317.5,0.2697,96379085.1,25239477.7011
1753504863764,04:41:03.764,bybit,ALGO/USDT:USDT,0.2697,26796.8,0.2698,23233.8,0.2697,96379085.1,25239477.7011
1753504863963,04:41:03.963,bybit,ALGO/USDT:USDT,0.2697,27646.4,0.2698,23233.8,0.2697,96379085.1,25239477.7011
1753504864063,04:41:04.063,bybit,ALGO/USDT:USDT,0.2697,28387.8,0.2698,20300.9,0.2697,96379085.1,25239477.7011
1753504864163,04:41:04.163,bybit,ALGO/USDT:USDT,0.2697,30747.6,0.2698,35.6,0.2697,96379085.1,25239477.7011
1753504864263,04:41:04.263,bybit,ALGO/USDT:USDT,0.2697,30747.6,0.2698,13879.9,0.2697,96379085.1,25239477.7011
1753504864363,04:41:04.363,bybit,ALGO/USDT:USDT,0.2697,28387.8,0.2698,13879.9,0.2697,96379085.1,25239477.7011
1753504864463,04:41:04.463,bybit,ALGO/USDT:USDT,0.2697,44462.0,0.2698,896.2,0.2697,96379085.1,25239477.7011
1753504864664,04:41:04.664,bybit,ALGO/USDT:USDT,0.2697,44387.8,0.2698,896.2,0.2697,96379085.1,25239477.7011
1753504864764,04:41:04.764,bybit,ALGO/USDT:USDT,0.2697,44462.0,0.2698,896.2,0.2697,96379085.1,25239477.7011
1753504864864,04:41:04.864,bybit,ALGO/USDT:USDT,0.2697,44461.8,0.2698,896.2,0.2697,96379085.1,25239477.7011
1753504864963,04:41:04.963,bybit,ALGO/USDT:USDT,0.2697,44387.6,0.2698,896.2,0.2697,96379085.1,25239477.7011
1753504865464,04:41:05.464,bybit,ALGO/USDT:USDT,0.2698,55438.4,0.2699,69664.3,0.2698,96379981.3,25239719.4958
1753504865563,04:41:05.563,bybit,ALGO/USDT:USDT,0.2698,55438.4,0.2699,64003.8,0.2698,96379981.3,25239719.4958
1753504865864,04:41:05.864,bybit,ALGO/USDT:USDT,0.2698,55438.4,0.2699,54891.3,0.2698,96379981.3,25239719.4958
1753504865963,04:41:05.963,bybit,ALGO/USDT:USDT,0.2698,56288.0,0.2699,54891.3,0.2698,96379981.3,25239719.4958
1753504866364,04:41:06.364,bybit,ALGO/USDT:USDT,0.2698,56288.0,0.2699,54892.3,0.2698,96379981.3,25239719.4958
1753504866464,04:41:06.464,bybit,ALGO/USDT:USDT,0.2698,56909.1,0.2699,54892.3,0.2698,96379981.3,25239719.4958
1753504866564,04:41:06.564,bybit,ALGO/USDT:USDT,0.2698,45034.9,0.2699,54892.3,0.2698,96379981.3,25239719.4958
1753504866763,04:41:06.763,bybit,ALGO/USDT:USDT,0.2698,44185.3,0.2699,54892.3,0.2698,96379981.3,25239719.4958
1753504866864,04:41:06.864,bybit,ALGO/USDT:USDT,0.2698,44192.7,0.2699,48301.5,0.2698,96379981.3,25239719.4958
1753504867264,04:41:07.264,bybit,ALGO/USDT:USDT,0.2698,44192.7,0.2699,33826.6,0.2698,96379981.3,25239719.4958
1753504868063,04:41:08.063,bybit,ALGO/USDT:USDT,0.2698,44192.7,0.2699,34626.6,0.2698,96379981.3,25239719.4958
1753504868564,04:41:08.564,bybit,ALGO/USDT:USDT,0.2698,44192.7,0.2699,34630.6,0.2698,96379981.3,25239719.4958
1753504869264,04:41:09.264,bybit,ALGO/USDT:USDT,0.2698,44192.7,0.2699,35480.8,0.2698,96379981.3,25239719.4958
1753504869364,04:41:09.364,bybit,ALGO/USDT:USDT,0.2698,44192.7,0.2699,34630.6,0.2698,96379981.3,25239719.4958
1753504869864,04:41:09.864,bybit,ALGO/USDT:USDT,0.2698,44192.7,0.2699,35480.8,0.2698,96379981.3,25239719.4958
1753504869963,04:41:09.963,bybit,ALGO/USDT:USDT,0.2698,44192.7,0.2699,34630.6,0.2698,96379981.3,25239719.4958
1753504870364,04:41:10.364,bybit,ALGO/USDT:USDT,0.2698,44192.7,0.2699,36330.4,0.2698,96379981.3,25239719.4958
1753504870563,04:41:10.563,bybit,ALGO/USDT:USDT,0.2698,44192.7,0.2699,47459.2,0.2698,96379981.3,25239719.4958
1753504870664,04:41:10.664,bybit,ALGO/USDT:USDT,0.2698,44192.7,0.2699,45685.2,0.2698,96379981.3,25239719.4958
1753504870863,04:41:10.863,bybit,ALGO/USDT:USDT,0.2698,44192.7,0.2699,34630.6,0.2698,96379981.3,25239719.4958
1753504871364,04:41:11.364,bybit,ALGO/USDT:USDT,0.2698,49192.7,0.2699,34630.6,0.2698,96379981.3,25239719.4958
1753504871563,04:41:11.563,bybit,ALGO/USDT:USDT,0.2698,49192.2,0.2699,34630.6,0.2698,96379981.3,25239719.4958
1753504871663,04:41:11.663,bybit,ALGO/USDT:USDT,0.2698,44192.2,0.2699,34630.6,0.2698,96379981.3,25239719.4958
1753504871963,04:41:11.963,bybit,ALGO/USDT:USDT,0.2698,44189.4,0.2699,34644.1,0.2698,96379981.3,25239719.4958
1753504873164,04:41:13.164,bybit,ALGO/USDT:USDT,0.2698,44189.4,0.2699,34644.1,0.2698,96379981.3,25239719.4958
1753504873363,04:41:13.363,bybit,ALGO/USDT:USDT,0.2698,52039.0,0.2699,34644.1,0.2698,96379981.3,25239719.4958
1753504873464,04:41:13.464,bybit,ALGO/USDT:USDT,0.2698,44189.4,0.2699,34649.7,0.2698,96379981.3,25239719.4958
1753504873564,04:41:13.564,bybit,ALGO/USDT:USDT,0.2698,44189.4,0.2699,35499.9,0.2698,96379981.3,25239719.4958
1753504873664,04:41:13.664,bybit,ALGO/USDT:USDT,0.2698,44189.4,0.2699,34649.7,0.2698,96379981.3,25239719.4958
1753504873764,04:41:13.764,bybit,ALGO/USDT:USDT,0.2698,44189.4,0.2699,36349.5,0.2698,96379981.3,25239719.4958
1753504873864,04:41:13.864,bybit,ALGO/USDT:USDT,0.2698,44189.4,0.2699,34649.7,0.2698,96379981.3,25239719.4958
1753504874063,04:41:14.063,bybit,ALGO/USDT:USDT,0.2698,35427.0,0.2699,36423.7,0.2698,96379981.3,25239719.4958
1753504874363,04:41:14.363,bybit,ALGO/USDT:USDT,0.2698,42427.0,0.2699,35499.9,0.2698,96379981.3,25239719.4958
1753504874464,04:41:14.464,bybit,ALGO/USDT:USDT,0.2698,42427.0,0.2699,34649.7,0.2698,96379981.3,25239719.4958
1753504874664,04:41:14.664,bybit,ALGO/USDT:USDT,0.2698,42427.0,0.2699,35574.1,0.2698,96379981.3,25239719.4958
1753504874764,04:41:14.764,bybit,ALGO/USDT:USDT,0.2698,42427.0,0.2699,35499.9,0.2698,96379981.3,25239719.4958
1753504874864,04:41:14.864,bybit,ALGO/USDT:USDT,0.2698,35427.0,0.2699,34723.9,0.2698,96379981.3,25239719.4958
1753504875063,04:41:15.063,bybit,ALGO/USDT:USDT,0.2698,35427.0,0.2699,47478.3,0.2698,96379981.3,25239719.4958
1753504875664,04:41:15.664,bybit,ALGO/USDT:USDT,0.2698,35427.0,0.2699,46554.5,0.2698,96379981.3,25239719.4958
1753504875763,04:41:15.763,bybit,ALGO/USDT:USDT,0.2698,35427.0,0.2699,46555.0,0.2698,96379981.3,25239719.4958
1753504876163,04:41:16.163,bybit,ALGO/USDT:USDT,0.2698,35427.0,0.2699,45704.8,0.2698,96379981.3,25239719.4958
1753504876264,04:41:16.264,bybit,ALGO/USDT:USDT,0.2698,53758.8,0.2699,10069.4,0.2698,96379981.3,25239719.4958
1753504876364,04:41:16.364,bybit,ALGO/USDT:USDT,0.2698,56909.1,0.2699,121.0,0.2698,96379981.3,25239719.4958
1753504876564,04:41:16.564,bybit,ALGO/USDT:USDT,0.2699,60811.0,0.27,56892.4,0.2699,96380102.3,25239752.1537
1753504876664,04:41:16.664,bybit,ALGO/USDT:USDT,0.2699,60811.0,0.27,51873.6,0.2699,96380102.3,25239752.1537
1753504876764,04:41:16.764,bybit,ALGO/USDT:USDT,0.2699,48936.8,0.27,52723.2,0.2699,96380102.3,25239752.1537
1753504876864,04:41:16.864,bybit,ALGO/USDT:USDT,0.2699,35079.5,0.27,63778.1,0.2699,96380102.3,25239752.1537
1753504876964,04:41:16.964,bybit,ALGO/USDT:USDT,0.2699,35218.0,0.27,63778.1,0.2699,96380102.3,25239752.1537
1753504877063,04:41:17.063,bybit,ALGO/USDT:USDT,0.2699,35218.0,0.27,58076.0,0.2699,96380102.3,25239752.1537
1753504877263,04:41:17.263,bybit,ALGO/USDT:USDT,0.2699,35218.0,0.27,57226.4,0.2699,96380102.3,25239752.1537
1753504877364,04:41:17.364,bybit,ALGO/USDT:USDT,0.2699,35218.0,0.27,58105.8,0.2699,96380102.3,25239752.1537
1753504877663,04:41:17.663,bybit,ALGO/USDT:USDT,0.2699,35218.0,0.27,59031.8,0.2699,96380102.3,25239752.1537
1753504877764,04:41:17.764,bybit,ALGO/USDT:USDT,0.2699,35218.0,0.27,58105.8,0.2699,96380102.3,25239752.1537
1753504878064,04:41:18.064,bybit,ALGO/USDT:USDT,0.2699,35218.0,0.27,59031.8,0.2699,96380102.3,25239752.1537
1753504878163,04:41:18.163,bybit,ALGO/USDT:USDT,0.2699,35218.0,0.27,59105.9,0.2699,96380102.3,25239752.1537
1753504878363,04:41:18.363,bybit,ALGO/USDT:USDT,0.2699,35218.0,0.27,59031.8,0.2699,96380102.3,25239752.1537
1753504878564,04:41:18.564,bybit,ALGO/USDT:USDT,0.2699,35218.0,0.27,45351.1,0.2699,96380102.3,25239752.1537
1753504878664,04:41:18.664,bybit,ALGO/USDT:USDT,0.2699,35218.0,0.27,46277.1,0.2699,96380102.3,25239752.1537
1753504878764,04:41:18.764,bybit,ALGO/USDT:USDT,0.2699,35218.0,0.27,37537.4,0.2699,96380102.3,25239752.1537
1753504878864,04:41:18.864,bybit,ALGO/USDT:USDT,0.2699,36067.6,0.27,37546.6,0.2699,96380102.3,25239752.1537
1753504879163,04:41:19.163,bybit,ALGO/USDT:USDT,0.2699,35218.0,0.27,37546.6,0.2699,96380102.3,25239752.1537
1753504879264,04:41:19.264,bybit,ALGO/USDT:USDT,0.2699,51067.6,0.27,37546.6,0.2699,96370989.7,25237413.7111
1753504879563,04:41:19.563,bybit,ALGO/USDT:USDT,0.2699,35218.0,0.27,37546.6,0.2699,96370989.7,25237413.7111
1753504880263,04:41:20.263,bybit,ALGO/USDT:USDT,0.2699,35218.0,0.27,38396.8,0.2699,96370989.7,25237413.7111
1753504880364,04:41:20.364,bybit,ALGO/USDT:USDT,0.2699,35218.0,0.27,37546.6,0.2699,96370989.7,25237413.7111
1753504880564,04:41:20.564,bybit,ALGO/USDT:USDT,0.2699,35218.0,0.27,28529.9,0.2699,96370989.7,25237413.7111
1753504880664,04:41:20.664,bybit,ALGO/USDT:USDT,0.2699,35218.0,0.27,21977.3,0.2699,96370989.7,25237413.7111
1753504880964,04:41:20.964,bybit,ALGO/USDT:USDT,0.2699,35218.0,0.27,21977.3,0.2699,96370989.7,25237413.7111
1753504881164,04:41:21.164,bybit,ALGO/USDT:USDT,0.2699,36808.4,0.27,4652.3,0.2699,96370989.7,25237413.7111
1753504881263,04:41:21.263,bybit,ALGO/USDT:USDT,0.2699,52808.4,0.27,4652.3,0.2699,96370989.7,25237413.7111
1753504881564,04:41:21.564,bybit,ALGO/USDT:USDT,0.2699,52808.4,0.27,4652.3,0.2699,96370989.7,25237413.7111
1753504881864,04:41:21.864,bybit,ALGO/USDT:USDT,0.2699,52808.4,0.27,121.9,0.2699,96370989.7,25237413.7111
1753504881964,04:41:21.964,bybit,ALGO/USDT:USDT,0.2699,52878.2,0.27,121.9,0.2699,96370989.7,25237413.7111
1753504882064,04:41:22.064,bybit,ALGO/USDT:USDT,0.2699,52953.9,0.27,121.9,0.2699,96370989.7,25237413.7111
1753504882164,04:41:22.164,bybit,ALGO/USDT:USDT,0.2699,52953.9,0.27,121.9,0.2699,96370989.7,25237413.7111
1753504882264,04:41:22.264,bybit,ALGO/USDT:USDT,0.2699,52884.1,0.27,121.9,0.2699,96370989.7,25237413.7111
1753504882364,04:41:22.364,bybit,ALGO/USDT:USDT,0.2699,52953.9,0.27,121.9,0.2699,96370989.7,25237413.7111
1753504882464,04:41:22.464,bybit,ALGO/USDT:USDT,0.2699,52884.1,0.27,121.9,0.2699,96370989.7,25237413.7111
1753504883064,04:41:23.064,bybit,ALGO/USDT:USDT,0.2699,51964.2,0.27,121.9,0.2699,96370989.7,25237413.7111
1753504883163,04:41:23.163,bybit,ALGO/USDT:USDT,0.2699,35964.2,0.27,121.9,0.2699,96370989.7,25237413.7111
1753504883263,04:41:23.263,bybit,ALGO/USDT:USDT,0.2699,40813.8,0.27,121.9,0.2699,96370989.7,25237413.7111
1753504883463,04:41:23.463,bybit,ALGO/USDT:USDT,0.2699,39964.2,0.27,121.9,0.2699,96370989.7,25237413.7111
1753504884563,04:41:24.563,bybit,ALGO/USDT:USDT,0.2699,35964.2,0.27,121.9,0.2699,96370989.7,25237413.7111
1753504884964,04:41:24.964,bybit,ALGO/USDT:USDT,0.2699,35223.4,0.27,13105.6,0.2699,96370989.7,25237413.7111
1753504885164,04:41:25.164,bybit,ALGO/USDT:USDT,0.2699,35223.4,0.27,29105.6,0.2699,96370989.7,25237413.7111
1753504885463,04:41:25.463,bybit,ALGO/USDT:USDT,0.2699,35223.4,0.27,38943.4,0.2699,96370989.7,25237413.7111
1753504885564,04:41:25.564,bybit,ALGO/USDT:USDT,0.2699,34945.7,0.27,49998.3,0.2699,96370989.7,25237413.7111
1753504885663,04:41:25.663,bybit,ALGO/USDT:USDT,0.2699,34870.9,0.27,53081.2,0.2699,96370989.7,25237413.7111
1753504886364,04:41:26.364,bybit,ALGO/USDT:USDT,0.2699,34870.9,0.27,53007.1,0.2699,96370989.7,25237413.7111
1753504886463,04:41:26.463,bybit,ALGO/USDT:USDT,0.2699,35670.9,0.27,48224.4,0.2699,96370989.7,25237413.7111
1753504886663,04:41:26.663,bybit,ALGO/USDT:USDT,0.2699,35671.0,0.27,49074.6,0.2699,96370989.7,25237413.7111
1753504886764,04:41:26.764,bybit,ALGO/USDT:USDT,0.2699,35671.0,0.27,49998.3,0.2699,96370989.7,25237413.7111
1753504886964,04:41:26.964,bybit,ALGO/USDT:USDT,0.2699,35698.7,0.27,49998.3,0.2699,96370989.7,25237413.7111
1753504887164,04:41:27.164,bybit,ALGO/USDT:USDT,0.2699,34898.7,0.27,56600.1,0.2699,96370989.7,25237413.7111
1753504887464,04:41:27.464,bybit,ALGO/USDT:USDT,0.2699,21915.0,0.27,56600.1,0.2699,96370989.7,25237413.7111
1753504887763,04:41:27.763,bybit,ALGO/USDT:USDT,0.2699,14432.7,0.27,57340.9,0.2699,96370989.7,25237413.7111
1753504888364,04:41:28.364,bybit,ALGO/USDT:USDT,0.2699,14432.7,0.27,57365.4,0.2699,96370989.7,25237413.7111
1753504888464,04:41:28.464,bybit,ALGO/USDT:USDT,0.2699,14432.7,0.27,57340.9,0.2699,96370989.7,25237413.7111
1753504889163,04:41:29.163,bybit,ALGO/USDT:USDT,0.2699,16752.5,0.27,52331.8,0.2699,96370989.7,25237413.7111
1753504889264,04:41:29.264,bybit,ALGO/USDT:USDT,0.2699,14432.7,0.27,52331.8,0.2699,96370989.7,25237413.7111
1753504889363,04:41:29.363,bybit,ALGO/USDT:USDT,0.2699,14432.7,0.27,52405.9,0.2699,96370989.7,25237413.7111
1753504890064,04:41:30.064,bybit,ALGO/USDT:USDT,0.2699,14432.7,0.27,52430.4,0.2699,96370989.7,25237413.7111
1753504890163,04:41:30.163,bybit,ALGO/USDT:USDT,0.2699,14432.7,0.27,52405.9,0.2699,96370989.7,25237413.7111
1753504890363,04:41:30.363,bybit,ALGO/USDT:USDT,0.2699,14432.7,0.27,52430.4,0.2699,96370989.7,25237413.7111
1753504890564,04:41:30.564,bybit,ALGO/USDT:USDT,0.2699,14432.7,0.27,52405.9,0.2699,96370989.7,25237413.7111
1753504890664,04:41:30.664,bybit,ALGO/USDT:USDT,0.2699,14432.7,0.27,52430.4,0.2699,96370989.7,25237413.7111
1753504890763,04:41:30.763,bybit,ALGO/USDT:USDT,0.2699,14432.7,0.27,52356.3,0.2699,96370989.7,25237413.7111
1753504890963,04:41:30.963,bybit,ALGO/USDT:USDT,0.2699,14432.7,0.27,52405.9,0.2699,96370989.7,25237413.7111
1753504891064,04:41:31.064,bybit,ALGO/USDT:USDT,0.2699,14432.7,0.27,52430.4,0.2699,96370989.7,25237413.7111
1753504891164,04:41:31.164,bybit,ALGO/USDT:USDT,0.2699,14432.7,0.27,52405.9,0.2699,96370989.7,25237413.7111
1753504891263,04:41:31.263,bybit,ALGO/USDT:USDT,0.2699,14432.7,0.27,52428.2,0.2699,96370989.7,25237413.7111
1753504892064,04:41:32.064,bybit,ALGO/USDT:USDT,0.2699,14432.7,0.27,52503.9,0.2699,96370989.7,25237413.7111
1753504892563,04:41:32.563,bybit,ALGO/USDT:USDT,0.2699,14427.3,0.27,52503.9,0.2699,96370989.7,25237413.7111
1753504892664,04:41:32.664,bybit,ALGO/USDT:USDT,0.2699,14439.1,0.27,52503.9,0.2699,96370989.7,25237413.7111
1753504893063,04:41:33.063,bybit,ALGO/USDT:USDT,0.2699,21568.4,0.27,52355.9,0.2699,96370989.7,25237413.7111
1753504893163,04:41:33.163,bybit,ALGO/USDT:USDT,0.2699,21568.4,0.27,48248.5,0.2699,96370989.7,25237413.7111
1753504893263,04:41:33.263,bybit,ALGO/USDT:USDT,0.2699,23813.8,0.27,48248.5,0.2699,96370989.7,25237413.7111
1753504893364,04:41:33.364,bybit,ALGO/USDT:USDT,0.2699,36797.5,0.27,48224.0,0.2699,96370989.7,25237413.7111
1753504893464,04:41:33.464,bybit,ALGO/USDT:USDT,0.2699,36797.5,0.27,47117.5,0.2699,96370989.7,25237413.7111
1753504893563,04:41:33.563,bybit,ALGO/USDT:USDT,0.2699,37597.5,0.27,47117.5,0.2699,96370989.7,25237413.7111
1753504893764,04:41:33.764,bybit,ALGO/USDT:USDT,0.2699,37613.7,0.27,47117.5,0.2699,96370989.7,25237413.7111
1753504893864,04:41:33.864,bybit,ALGO/USDT:USDT,0.2699,37613.7,0.27,48893.7,0.2699,96370989.7,25237413.7111
1753504893963,04:41:33.963,bybit,ALGO/USDT:USDT,0.2699,22813.1,0.27,50558.2,0.2699,96370989.7,25237413.7111
1753504894064,04:41:34.064,bybit,ALGO/USDT:USDT,0.2699,22613.9,0.27,42449.2,0.27,96379024.6,25239583.1341
1753504894164,04:41:34.164,bybit,ALGO/USDT:USDT,0.2699,22613.9,0.27,39082.6,0.27,96379024.6,25239583.1341
1753504894363,04:41:34.363,bybit,ALGO/USDT:USDT,0.2699,35597.6,0.27,39082.6,0.27,96379024.6,25239583.1341
1753504894764,04:41:34.764,bybit,ALGO/USDT:USDT,0.2699,21584.6,0.27,40856.5,0.27,96379024.6,25239583.1341
1753504894863,04:41:34.863,bybit,ALGO/USDT:USDT,0.2699,21584.6,0.27,42523.3,0.27,96379024.6,25239583.1341
1753504895064,04:41:35.064,bybit,ALGO/USDT:USDT,0.2699,21584.6,0.27,42486.5,0.27,96379024.6,25239583.1341
1753504895164,04:41:35.164,bybit,ALGO/USDT:USDT,0.2699,21584.6,0.27,42536.4,0.27,96379024.6,25239583.1341
1753504895264,04:41:35.264,bybit,ALGO/USDT:USDT,0.2699,14455.3,0.27,45129.3,0.27,96379024.6,25239583.1341
1753504895364,04:41:35.364,bybit,ALGO/USDT:USDT,0.2699,925.6,0.27,48975.7,0.27,96379024.6,25239583.1341
1753504895463,04:41:35.463,bybit,ALGO/USDT:USDT,0.2699,925.6,0.27,50827.7,0.27,96379024.6,25239583.1341
1753504895564,04:41:35.564,bybit,ALGO/USDT:USDT,0.2699,925.6,0.27,51568.5,0.27,96379024.6,25239583.1341
1753504895664,04:41:35.664,bybit,ALGO/USDT:USDT,0.2699,925.6,0.27,53242.9,0.27,96379024.6,25239583.1341
1753504895764,04:41:35.764,bybit,ALGO/USDT:USDT,0.2699,926.1,0.27,53242.9,0.27,96379024.6,25239583.1341
1753504896064,04:41:36.064,bybit,ALGO/USDT:USDT,0.2699,926.1,0.27,53318.6,0.27,96379024.6,25239583.1341
1753504896464,04:41:36.464,bybit,ALGO/USDT:USDT,0.2699,926.1,0.27,53689.0,0.27,96379024.6,25239583.1341
1753504896564,04:41:36.564,bybit,ALGO/USDT:USDT,0.2699,926.1,0.27,54059.4,0.27,96379024.6,25239583.1341
1753504897063,04:41:37.063,bybit,ALGO/USDT:USDT,0.2698,39425.8,0.2699,35553.3,0.2699,96379950.7,25239833.0885
1753504897163,04:41:37.163,bybit,ALGO/USDT:USDT,0.2698,2308.4,0.2699,36586.3,0.2699,96379950.7,25239833.0885
1753504897264,04:41:37.264,bybit,ALGO/USDT:USDT,0.2698,2308.4,0.2699,36536.6,0.2699,96379950.7,25239833.0885
1753504897364,04:41:37.364,bybit,ALGO/USDT:USDT,0.2698,2308.4,0.2699,40818.5,0.2699,96379950.7,25239833.0885
1753504897463,04:41:37.463,bybit,ALGO/USDT:USDT,0.2698,2308.4,0.2699,40744.3,0.2699,96379950.7,25239833.0885
1753504897564,04:41:37.564,bybit,ALGO/USDT:USDT,0.2698,11784.7,0.2699,40744.3,0.2699,96379950.7,25239833.0885
1753504897763,04:41:37.763,bybit,ALGO/USDT:USDT,0.2698,25568.4,0.2699,32588.2,0.2699,96379950.7,25239833.0885
1753504897864,04:41:37.864,bybit,ALGO/USDT:USDT,0.2698,25568.4,0.2699,32563.7,0.2699,96379950.7,25239833.0885
1753504898064,04:41:38.064,bybit,ALGO/USDT:USDT,0.2698,25568.4,0.2699,28356.0,0.2699,96379950.7,25239833.0885
1753504899064,04:41:39.064,bybit,ALGO/USDT:USDT,0.2698,42418.0,0.2699,28356.0,0.2699,96379950.7,25239833.0885
1753504899663,04:41:39.663,bybit,ALGO/USDT:USDT,0.2698,41568.4,0.2699,28356.0,0.2699,96379950.7,25239833.0885
1753504900564,04:41:40.564,bybit,ALGO/USDT:USDT,0.2698,41569.5,0.2699,28356.0,0.2699,96379950.7,25239833.0885
1753504900864,04:41:40.864,bybit,ALGO/USDT:USDT,0.2698,41569.5,0.2699,27556.0,0.2699,96379950.7,25239833.0885
1753504900963,04:41:40.963,bybit,ALGO/USDT:USDT,0.2698,42419.1,0.2699,27556.0,0.2699,96379950.7,25239833.0885
1753504901264,04:41:41.264,bybit,ALGO/USDT:USDT,0.2698,41569.5,0.2699,27597.1,0.2699,96379950.7,25239833.0885
1753504901763,04:41:41.763,bybit,ALGO/USDT:USDT,0.2698,41569.5,0.2699,38345.5,0.2699,96379950.7,25239833.0885
1753504902064,04:41:42.064,bybit,ALGO/USDT:USDT,0.2698,25569.5,0.2699,38345.5,0.2699,96379950.7,25239833.0885
1753504902163,04:41:42.163,bybit,ALGO/USDT:USDT,0.2698,25569.5,0.2699,39195.7,0.2699,96379950.7,25239833.0885
1753504902263,04:41:42.263,bybit,ALGO/USDT:USDT,0.2698,25569.5,0.2699,38345.5,0.2699,96379950.7,25239833.0885
1753504902964,04:41:42.964,bybit,ALGO/USDT:USDT,0.2698,25569.5,0.2699,40119.5,0.2699,96379950.7,25239833.0885
1753504903164,04:41:43.164,bybit,ALGO/USDT:USDT,0.2698,25569.5,0.2699,40119.5,0.2699,96379950.7,25239833.0885
1753504903664,04:41:43.664,bybit,ALGO/USDT:USDT,0.2698,25569.5,0.2699,40119.4,0.2699,96379950.7,25239833.0885
1753504903764,04:41:43.764,bybit,ALGO/USDT:USDT,0.2698,25569.5,0.2699,40045.2,0.2699,96379950.7,25239833.0885
1753504904263,04:41:44.263,bybit,ALGO/USDT:USDT,0.2698,25569.5,0.2699,38345.4,0.2699,96379950.7,25239833.0885
1753504904663,04:41:44.663,bybit,ALGO/USDT:USDT,0.2698,12832.0,0.2699,40143.9,0.2699,96379950.7,25239833.0885
1753504904963,04:41:44.963,bybit,ALGO/USDT:USDT,0.2698,2309.5,0.2699,56143.9,0.2699,96379950.7,25239833.0885
1753504905064,04:41:45.064,bybit,ALGO/USDT:USDT,0.2698,2309.5,0.2699,56219.6,0.2699,96379950.7,25239833.0885
1753504905164,04:41:45.164,bybit,ALGO/USDT:USDT,0.2698,2309.5,0.2699,40219.5,0.2699,96379950.7,25239833.0885
1753504905264,04:41:45.264,bybit,ALGO/USDT:USDT,0.2698,11341.7,0.2699,38519.7,0.2699,96379950.7,25239833.0885
1753504905364,04:41:45.364,bybit,ALGO/USDT:USDT,0.2698,6526.2,0.2699,40219.5,0.2699,96379950.7,25239833.0885
1753504905564,04:41:45.564,bybit,ALGO/USDT:USDT,0.2698,10996.9,0.2699,40219.5,0.2699,96379950.7,25239833.0885
1753504905664,04:41:45.664,bybit,ALGO/USDT:USDT,0.2698,13706.6,0.2699,40219.5,0.2699,96379950.7,25239833.0885
1753504905764,04:41:45.764,bybit,ALGO/USDT:USDT,0.2698,14692.7,0.2699,39271.2,0.2699,96379950.7,25239833.0885
1753504905864,04:41:45.864,bybit,ALGO/USDT:USDT,0.2698,14692.7,0.2699,40195.0,0.2699,96379950.7,25239833.0885
1753504906063,04:41:46.063,bybit,ALGO/USDT:USDT,0.2698,14692.7,0.2699,40119.3,0.2699,96379950.7,25239833.0885
1753504906263,04:41:46.263,bybit,ALGO/USDT:USDT,0.2699,63525.6,0.27,49838.9,0.2699,96419995.8,25250641.261
1753504906364,04:41:46.364,bybit,ALGO/USDT:USDT,0.2699,52200.6,0.27,46008.0,0.2699,96419995.8,25250641.261
1753504906464,04:41:46.464,bybit,ALGO/USDT:USDT,0.2699,52200.6,0.27,44066.2,0.2699,96419995.8,25250641.261
1753504906564,04:41:46.564,bybit,ALGO/USDT:USDT,0.2699,52274.7,0.27,44066.2,0.2699,96419995.8,25250641.261
1753504906663,04:41:46.663,bybit,ALGO/USDT:USDT,0.2699,52200.6,0.27,44066.2,0.2699,96419995.8,25250641.261
1753504906764,04:41:46.764,bybit,ALGO/USDT:USDT,0.2699,48267.0,0.27,44066.2,0.2699,96419995.8,25250641.261
1753504906864,04:41:46.864,bybit,ALGO/USDT:USDT,0.2699,47416.8,0.27,44066.2,0.2699,96419995.8,25250641.261
1753504907263,04:41:47.263,bybit,ALGO/USDT:USDT,0.2699,46676.0,0.27,38810.8,0.2699,96419995.8,25250641.261
1753504907364,04:41:47.364,bybit,ALGO/USDT:USDT,0.2699,49116.6,0.27,38810.8,0.2699,96419995.8,25250641.261
1753504907463,04:41:47.463,bybit,ALGO/USDT:USDT,0.2699,48267.0,0.27,38810.8,0.2699,96419995.8,25250641.261
1753504907564,04:41:47.564,bybit,ALGO/USDT:USDT,0.2699,46676.0,0.27,39287.8,0.2699,96419995.8,25250641.261
1753504907864,04:41:47.864,bybit,ALGO/USDT:USDT,0.2699,46676.0,0.27,40087.8,0.2699,96419995.8,25250641.261
1753504908163,04:41:48.163,bybit,ALGO/USDT:USDT,0.2699,47526.2,0.27,40087.8,0.2699,96419995.8,25250641.261
1753504908364,04:41:48.364,bybit,ALGO/USDT:USDT,0.2699,49116.6,0.27,39287.8,0.2699,96419995.8,25250641.261
1753504908964,04:41:48.964,bybit,ALGO/USDT:USDT,0.2699,49116.6,0.27,39330.5,0.2699,96419995.8,25250641.261
1753504909364,04:41:49.364,bybit,ALGO/USDT:USDT,0.2699,48267.0,0.27,39330.5,0.2699,96419995.8,25250641.261
1753504909464,04:41:49.464,bybit,ALGO/USDT:USDT,0.2699,49116.6,0.27,39330.5,0.2699,96419995.8,25250641.261
1753504909964,04:41:49.964,bybit,ALGO/USDT:USDT,0.2699,53266.4,0.27,39330.5,0.2699,96419995.8,25250641.261
1753504910064,04:41:50.064,bybit,ALGO/USDT:USDT,0.2699,54116.6,0.27,39330.5,0.2699,96419995.8,25250641.261
1753504910264,04:41:50.264,bybit,ALGO/USDT:USDT,0.2699,54116.6,0.27,36132.0,0.2699,96419995.8,25250641.261
1753504910964,04:41:50.964,bybit,ALGO/USDT:USDT,0.2699,58116.6,0.27,36132.0,0.2699,96419995.8,25250641.261
1753504911163,04:41:51.163,bybit,ALGO/USDT:USDT,0.2699,58190.7,0.27,10643.1,0.2699,96419995.8,25250641.261
1753504911564,04:41:51.564,bybit,ALGO/USDT:USDT,0.2699,58116.6,0.27,10643.1,0.2699,96419995.8,25250641.261
1753504911963,04:41:51.963,bybit,ALGO/USDT:USDT,0.2699,58190.7,0.27,10643.1,0.2699,96419995.8,25250641.261
1753504912064,04:41:52.064,bybit,ALGO/USDT:USDT,0.2699,58116.6,0.27,10643.1,0.2699,96419995.8,25250641.261
1753504912164,04:41:52.164,bybit,ALGO/USDT:USDT,0.2699,58116.6,0.27,10643.1,0.2699,96419995.8,25250641.261
1753504912264,04:41:52.264,bybit,ALGO/USDT:USDT,0.2699,47416.8,0.27,10643.1,0.2699,96419995.8,25250641.261
1753504912363,04:41:52.363,bybit,ALGO/USDT:USDT,0.2699,49116.6,0.27,42.7,0.2699,96419995.8,25250641.261
1753504912663,04:41:52.663,bybit,ALGO/USDT:USDT,0.2699,49116.6,0.27,7042.7,0.2699,96419995.8,25250641.261
1753504912764,04:41:52.764,bybit,ALGO/USDT:USDT,0.2699,49116.6,0.27,42.7,0.2699,96419995.8,25250641.261
1753504912863,04:41:52.863,bybit,ALGO/USDT:USDT,0.2699,49116.6,0.27,6042.7,0.2699,96419995.8,25250641.261
1753504912964,04:41:52.964,bybit,ALGO/USDT:USDT,0.2699,47416.8,0.27,19026.4,0.2699,96419995.8,25250641.261
1753504913163,04:41:53.163,bybit,ALGO/USDT:USDT,0.2699,46676.0,0.27,27934.3,0.2699,96419995.8,25250641.261
1753504913264,04:41:53.264,bybit,ALGO/USDT:USDT,0.2699,46676.0,0.27,28734.3,0.2699,96419995.8,25250641.261
1753504913864,04:41:53.864,bybit,ALGO/USDT:USDT,0.2699,46676.0,0.27,38734.3,0.2699,96419995.8,25250641.261
1753504914264,04:41:54.264,bybit,ALGO/USDT:USDT,0.2699,46676.0,0.27,37034.5,0.2699,96419995.8,25250641.261
1753504914363,04:41:54.363,bybit,ALGO/USDT:USDT,0.2699,46676.0,0.27,38815.6,0.2699,96419995.8,25250641.261
1753504914663,04:41:54.663,bybit,ALGO/USDT:USDT,0.2699,46676.0,0.27,37115.8,0.2699,96419995.8,25250641.261
1753504915163,04:41:55.163,bybit,ALGO/USDT:USDT,0.2699,46676.0,0.27,37116.8,0.2699,96419995.8,25250641.261
1753504915264,04:41:55.264,bybit,ALGO/USDT:USDT,0.2699,46676.0,0.27,37122.7,0.2699,96419995.8,25250641.261
1753504915663,04:41:55.663,bybit,ALGO/USDT:USDT,0.2699,47290.1,0.27,37122.7,0.2699,96419995.8,25250641.261
1753504915864,04:41:55.864,bybit,ALGO/USDT:USDT,0.2699,47290.1,0.27,37972.9,0.2699,96419995.8,25250641.261
1753504916164,04:41:56.164,bybit,ALGO/USDT:USDT,0.2699,47290.1,0.27,38822.5,0.2699,96419995.8,25250641.261
1753504916864,04:41:56.864,bybit,ALGO/USDT:USDT,0.2699,47290.1,0.27,22023.6,0.27,96431995.8,25253881.261
1753504916963,04:41:56.963,bybit,ALGO/USDT:USDT,0.2699,48140.3,0.27,19478.3,0.27,96431995.8,25253881.261
1753504917164,04:41:57.164,bybit,ALGO/USDT:USDT,0.2699,47290.1,0.27,29426.7,0.27,96431995.8,25253881.261
1753504917463,04:41:57.463,bybit,ALGO/USDT:USDT,0.2699,48140.3,0.27,29426.7,0.27,96431995.8,25253881.261
1753504917564,04:41:57.564,bybit,ALGO/USDT:USDT,0.2699,47290.1,0.27,29426.7,0.27,96431995.8,25253881.261
1753504917863,04:41:57.863,bybit,ALGO/USDT:USDT,0.2699,47290.1,0.27,45426.7,0.27,96431995.8,25253881.261
1753504917964,04:41:57.964,bybit,ALGO/USDT:USDT,0.2699,48989.9,0.27,45426.7,0.27,96431995.8,25253881.261
1753504918063,04:41:58.063,bybit,ALGO/USDT:USDT,0.2699,49003.5,0.27,45426.7,0.27,96431995.8,25253881.261
1753504918964,04:41:58.964,bybit,ALGO/USDT:USDT,0.2699,48153.9,0.27,45444.5,0.27,96431995.8,25253881.261
1753504919263,04:41:59.263,bybit,ALGO/USDT:USDT,0.2699,49003.5,0.27,45444.5,0.27,96431995.8,25253881.261
1753504919763,04:41:59.763,bybit,ALGO/USDT:USDT,0.2699,47303.7,0.27,45444.5,0.27,96431995.8,25253881.261
1753504919964,04:41:59.964,bybit,ALGO/USDT:USDT,0.2699,47315.4,0.27,45443.5,0.27,96431995.8,25253881.261
1753504920264,04:42:00.264,bybit,ALGO/USDT:USDT,0.2699,47315.4,0.27,47143.3,0.27,96431995.8,25253881.261
1753504920364,04:42:00.364,bybit,ALGO/USDT:USDT,0.2699,47315.4,0.27,47425.5,0.27,96431995.8,25253881.261
1753504920464,04:42:00.464,bybit,ALGO/USDT:USDT,0.2699,47315.4,0.27,45725.7,0.27,96431995.8,25253881.261
1753504920764,04:42:00.764,bybit,ALGO/USDT:USDT,0.2699,47315.4,0.27,46575.9,0.27,96431995.8,25253881.261
1753504921164,04:42:01.164,bybit,ALGO/USDT:USDT,0.2699,47315.4,0.27,46575.9,0.27,96431995.8,25253881.261
1753504921264,04:42:01.264,bybit,ALGO/USDT:USDT,0.2699,48165.6,0.27,29725.7,0.27,96431995.8,25253881.261
1753504921364,04:42:01.364,bybit,ALGO/USDT:USDT,0.2699,49756.0,0.27,29725.7,0.27,96431995.8,25253881.261
1753504921764,04:42:01.764,bybit,ALGO/USDT:USDT,0.2699,48165.6,0.27,45725.7,0.27,96431995.8,25253881.261
1753504921864,04:42:01.864,bybit,ALGO/USDT:USDT,0.2699,49035.3,0.27,29725.7,0.27,96431995.8,25253881.261
1753504922764,04:42:02.764,bybit,ALGO/USDT:USDT,0.2699,49850.2,0.27,7413.6,0.27,96431995.8,25253881.261
1753504922863,04:42:02.863,bybit,ALGO/USDT:USDT,0.2699,50591.0,0.27,7413.6,0.27,96431995.8,25253881.261
1753504923164,04:42:03.164,bybit,ALGO/USDT:USDT,0.2699,50591.0,0.27,387.2,0.27,96431995.8,25253881.261
1753504923464,04:42:03.464,bybit,ALGO/USDT:USDT,0.2699,50516.9,0.27,387.2,0.27,96431995.8,25253881.261
1753504923763,04:42:03.763,bybit,ALGO/USDT:USDT,0.2699,50516.9,0.27,6387.2,0.27,96431995.8,25253881.261
1753504923863,04:42:03.863,bybit,ALGO/USDT:USDT,0.2699,48076.3,0.27,48696.9,0.27,96431995.8,25253881.261
1753504923964,04:42:03.964,bybit,ALGO/USDT:USDT,0.2699,47335.5,0.27,48696.9,0.27,96431995.8,25253881.261
1753504924063,04:42:04.063,bybit,ALGO/USDT:USDT,0.2699,47335.5,0.27,48696.9,0.27,96425480.7,25252209.2945
1753504924363,04:42:04.363,bybit,ALGO/USDT:USDT,0.2699,47335.5,0.27,47846.7,0.27,96425480.7,25252209.2945
1753504924464,04:42:04.464,bybit,ALGO/USDT:USDT,0.2699,47335.5,0.27,48696.9,0.27,96425480.7,25252209.2945
1753504924564,04:42:04.564,bybit,ALGO/USDT:USDT,0.2699,47335.5,0.27,47846.7,0.27,96425480.7,25252209.2945
1753504924663,04:42:04.663,bybit,ALGO/USDT:USDT,0.2699,50597.5,0.27,10335.6,0.27,96425480.7,25252209.2945
1753504924864,04:42:04.864,bybit,ALGO/USDT:USDT,0.2699,50523.4,0.27,10335.6,0.27,96425480.7,25252209.2945
1753504925764,04:42:05.764,bybit,ALGO/USDT:USDT,0.2699,57597.5,0.27,10335.6,0.27,96425480.7,25252209.2945
1753504925963,04:42:05.963,bybit,ALGO/USDT:USDT,0.2699,50523.4,0.27,10335.6,0.27,96425480.7,25252209.2945
1753504926763,04:42:06.763,bybit,ALGO/USDT:USDT,0.2699,66523.4,0.27,10335.6,0.27,96425480.7,25252209.2945
1753504926863,04:42:06.863,bybit,ALGO/USDT:USDT,0.2699,65673.8,0.27,10335.6,0.27,96425480.7,25252209.2945
1753504926964,04:42:06.964,bybit,ALGO/USDT:USDT,0.2699,66523.4,0.27,10335.6,0.27,96425480.7,25252209.2945
1753504927064,04:42:07.064,bybit,ALGO/USDT:USDT,0.2699,67264.1,0.27,10335.6,0.27,96425480.7,25252209.2945
1753504927563,04:42:07.563,bybit,ALGO/USDT:USDT,0.2699,66414.5,0.27,10335.6,0.27,96425480.7,25252209.2945
1753504927663,04:42:07.663,bybit,ALGO/USDT:USDT,0.2699,67264.1,0.27,10335.6,0.27,96425480.7,25252209.2945
1753504928464,04:42:08.464,bybit,ALGO/USDT:USDT,0.2699,48823.5,0.27,11534.4,0.27,96425480.7,25252209.2945
1753504928564,04:42:08.564,bybit,ALGO/USDT:USDT,0.2699,49673.7,0.27,11534.4,0.27,96425480.7,25252209.2945
1753504928664,04:42:08.664,bybit,ALGO/USDT:USDT,0.2699,49673.7,0.27,10335.6,0.27,96425480.7,25252209.2945
1753504928763,04:42:08.763,bybit,ALGO/USDT:USDT,0.2699,50523.3,0.27,10335.6,0.27,96425480.7,25252209.2945
1753504929064,04:42:09.064,bybit,ALGO/USDT:USDT,0.2699,50523.3,0.27,387.2,0.27,96425480.7,25252209.2945
1753504929263,04:42:09.263,bybit,ALGO/USDT:USDT,0.2699,50523.4,0.27,387.2,0.27,96425480.7,25252209.2945
1753504929664,04:42:09.664,bybit,ALGO/USDT:USDT,0.2699,49673.8,0.27,387.2,0.27,96425480.7,25252209.2945
1753504929764,04:42:09.764,bybit,ALGO/USDT:USDT,0.2699,49673.8,0.27,9348.0,0.27,96425480.7,25252209.2945
1753504929864,04:42:09.864,bybit,ALGO/USDT:USDT,0.2699,50523.4,0.27,8154.9,0.27,96425480.7,25252209.2945
1753504929964,04:42:09.964,bybit,ALGO/USDT:USDT,0.2699,49673.8,0.27,8154.9,0.27,96425480.7,25252209.2945
1753504930063,04:42:10.063,bybit,ALGO/USDT:USDT,0.2699,50523.4,0.27,8154.9,0.27,96425480.7,25252209.2945
1753504930363,04:42:10.363,bybit,ALGO/USDT:USDT,0.2699,50651.6,0.27,8137.1,0.27,96425480.7,25252209.2945
1753504930664,04:42:10.664,bybit,ALGO/USDT:USDT,0.2699,66651.6,0.27,8137.1,0.27,96425480.7,25252209.2945
1753504930863,04:42:10.863,bybit,ALGO/USDT:USDT,0.2699,66666.0,0.27,8137.1,0.27,96425480.7,25252209.2945
1753504930963,04:42:10.963,bybit,ALGO/USDT:USDT,0.2699,66666.0,0.27,369.4,0.27,96425480.7,25252209.2945
1753504931064,04:42:11.064,bybit,ALGO/USDT:USDT,0.2699,67406.8,0.27,369.4,0.27,96425480.7,25252209.2945
1753504931163,04:42:11.163,bybit,ALGO/USDT:USDT,0.2699,67386.7,0.27,349.3,0.27,96425500.8,25252214.7215
1753504931363,04:42:11.363,bybit,ALGO/USDT:USDT,0.2699,54386.7,0.27,349.3,0.27,96425500.8,25252214.7215
1753504931564,04:42:11.564,bybit,ALGO/USDT:USDT,0.2699,54386.1,0.27,349.3,0.27,96425500.8,25252214.7215
1753504931664,04:42:11.664,bybit,ALGO/USDT:USDT,0.2699,61386.1,0.27,288.1,0.27,96425500.8,25252214.7215
1753504931763,04:42:11.763,bybit,ALGO/USDT:USDT,0.2699,61386.1,0.27,349.7,0.27,96425500.8,25252214.7215
1753504932364,04:42:12.364,bybit,ALGO/USDT:USDT,0.2699,61682.7,0.27,349.7,0.27,96425500.8,25252214.7215
1753504932764,04:42:12.764,bybit,ALGO/USDT:USDT,0.2699,52686.3,0.27,8117.4,0.27,96425500.8,25252214.7215
1753504932864,04:42:12.864,bybit,ALGO/USDT:USDT,0.2699,48945.5,0.27,9490.5,0.27,96425500.8,25252214.7215
1753504933163,04:42:13.163,bybit,ALGO/USDT:USDT,0.2699,50630.5,0.27,349.7,0.27,96425500.8,25252214.7215
1753504933663,04:42:13.663,bybit,ALGO/USDT:USDT,0.2699,59630.5,0.27,349.7,0.27,96425500.8,25252214.7215
1753504933864,04:42:13.864,bybit,ALGO/USDT:USDT,0.2699,50630.5,0.27,349.7,0.27,96425500.8,25252214.7215
1753504934164,04:42:14.164,bybit,ALGO/USDT:USDT,0.2699,48930.7,0.27,349.7,0.27,96425500.8,25252214.7215
1753504934363,04:42:14.363,bybit,ALGO/USDT:USDT,0.2699,48930.7,0.27,7645.4,0.27,96425500.8,25252214.7215
1753504934464,04:42:14.464,bybit,ALGO/USDT:USDT,0.2699,48930.7,0.27,8865.2,0.27,96425500.8,25252214.7215
1753504934564,04:42:14.564,bybit,ALGO/USDT:USDT,0.2699,48930.7,0.27,1569.5,0.27,96425500.8,25252214.7215
1753504934864,04:42:14.864,bybit,ALGO/USDT:USDT,0.2699,49780.9,0.27,1570.1,0.27,96425500.8,25252214.7215
1753504934964,04:42:14.964,bybit,ALGO/USDT:USDT,0.2699,48930.7,0.27,1570.7,0.27,96425500.8,25252214.7215
1753504935064,04:42:15.064,bybit,ALGO/USDT:USDT,0.2699,49780.9,0.27,1570.7,0.27,96425500.8,25252214.7215
1753504935163,04:42:15.163,bybit,ALGO/USDT:USDT,0.2699,48930.7,0.27,1570.7,0.27,96425500.8,25252214.7215
1753504935463,04:42:15.463,bybit,ALGO/USDT:USDT,0.2699,48959.9,0.27,1570.7,0.27,96425500.8,25252214.7215
1753504935664,04:42:15.664,bybit,ALGO/USDT:USDT,0.2699,52959.9,0.27,1570.7,0.27,96425500.8,25252214.7215
1753504935963,04:42:15.963,bybit,ALGO/USDT:USDT,0.2699,54659.7,0.27,350.9,0.27,96425500.8,25252214.7215
1753504936064,04:42:16.064,bybit,ALGO/USDT:USDT,0.2699,54735.4,0.27,350.9,0.27,96425500.8,25252214.7215
1753504936664,04:42:16.664,bybit,ALGO/USDT:USDT,0.2699,61885.8,0.27,350.9,0.27,96425500.8,25252214.7215
1753504936764,04:42:16.764,bybit,ALGO/USDT:USDT,0.2699,49035.6,0.27,8118.6,0.27,96425500.8,25252214.7215
1753504936864,04:42:16.864,bybit,ALGO/USDT:USDT,0.2699,49035.6,0.27,9309.2,0.27,96425500.8,25252214.7215
1753504937064,04:42:17.064,bybit,ALGO/USDT:USDT,0.2699,48960.7,0.27,9309.2,0.27,96425500.8,25252214.7215
1753504937363,04:42:17.363,bybit,ALGO/USDT:USDT,0.2699,50645.6,0.27,8118.6,0.27,96425500.8,25252214.7215
1753504937464,04:42:17.464,bybit,ALGO/USDT:USDT,0.2699,50645.6,0.27,350.9,0.27,96425500.8,25252214.7215
1753504937663,04:42:17.663,bybit,ALGO/USDT:USDT,0.2699,50944.3,0.27,352.9,0.27,96425500.8,25252214.7215
1753504937763,04:42:17.763,bybit,ALGO/USDT:USDT,0.2699,50645.6,0.27,352.9,0.27,96425500.8,25252214.7215
1753504937964,04:42:17.964,bybit,ALGO/USDT:USDT,0.2699,50645.6,0.27,352.4,0.27,96425500.8,25252214.7215
1753504938064,04:42:18.064,bybit,ALGO/USDT:USDT,0.2699,50721.3,0.27,352.4,0.27,96425500.8,25252214.7215
1753504938363,04:42:18.363,bybit,ALGO/USDT:USDT,0.2699,51462.1,0.27,352.4,0.27,96425500.8,25252214.7215
1753504938464,04:42:18.464,bybit,ALGO/USDT:USDT,0.27,79862.8,0.2701,22971.6,0.27,96425853.2,25252309.8695
1753504938563,04:42:18.563,bybit,ALGO/USDT:USDT,0.27,78713.2,0.2701,20510.3,0.27,96425853.2,25252309.8695
1753504938664,04:42:18.664,bybit,ALGO/USDT:USDT,0.27,78639.1,0.2701,20510.3,0.27,96425853.2,25252309.8695
1753504938864,04:42:18.864,bybit,ALGO/USDT:USDT,0.27,79489.3,0.2701,20510.3,0.27,96425853.2,25252309.8695
1753504939163,04:42:19.163,bybit,ALGO/USDT:USDT,0.27,79489.3,0.2701,19710.3,0.27,96425853.2,25252309.8695
1753504939364,04:42:19.364,bybit,ALGO/USDT:USDT,0.27,78639.1,0.2701,19710.3,0.27,96425853.2,25252309.8695
1753504939464,04:42:19.464,bybit,ALGO/USDT:USDT,0.27,72611.4,0.2701,19710.3,0.27,96425853.2,25252309.8695
1753504940064,04:42:20.064,bybit,ALGO/USDT:USDT,0.27,71761.2,0.2701,19710.3,0.27,96425853.2,25252309.8695
1753504940263,04:42:20.263,bybit,ALGO/USDT:USDT,0.27,71761.2,0.2701,10841.8,0.27,96425853.2,25252309.8695
1753504940363,04:42:20.363,bybit,ALGO/USDT:USDT,0.27,70911.6,0.2701,12941.1,0.27,96425853.2,25252309.8695
1753504940464,04:42:20.464,bybit,ALGO/USDT:USDT,0.27,70911.6,0.2701,11693.3,0.27,96425853.2,25252309.8695
1753504940564,04:42:20.564,bybit,ALGO/USDT:USDT,0.27,70911.6,0.2701,9594.0,0.27,96425853.2,25252309.8695
1753504940864,04:42:20.864,bybit,ALGO/USDT:USDT,0.27,72611.4,0.2701,9594.0,0.27,96425853.2,25252309.8695
1753504941464,04:42:21.464,bybit,ALGO/USDT:USDT,0.27,70911.6,0.2701,10968.9,0.27,96425853.2,25252309.8695
1753504941564,04:42:21.564,bybit,ALGO/USDT:USDT,0.27,71761.2,0.2701,10968.9,0.27,96425853.2,25252309.8695
1753504941664,04:42:21.664,bybit,ALGO/USDT:USDT,0.27,72611.4,0.2701,848.6,0.27,96425853.2,25252309.8695
1753504941764,04:42:21.764,bybit,ALGO/USDT:USDT,0.27,72611.4,0.2701,7816.3,0.27,96425853.2,25252309.8695
1753504941863,04:42:21.863,bybit,ALGO/USDT:USDT,0.27,70911.6,0.2701,9035.3,0.27,96425853.2,25252309.8695
1753504942064,04:42:22.064,bybit,ALGO/USDT:USDT,0.27,63591.0,0.2701,33694.9,0.27,96425853.2,25252309.8695
1753504942164,04:42:22.164,bybit,ALGO/USDT:USDT,0.27,63591.0,0.2701,31635.8,0.27,96425853.2,25252309.8695
1753504942364,04:42:22.364,bybit,ALGO/USDT:USDT,0.27,59383.4,0.2701,31635.8,0.27,96425853.2,25252309.8695
1753504942464,04:42:22.464,bybit,ALGO/USDT:USDT,0.27,57022.6,0.2701,34717.6,0.27,96425853.2,25252309.8695
1753504942564,04:42:22.564,bybit,ALGO/USDT:USDT,0.27,57022.6,0.2701,46002.6,0.27,96425853.2,25252309.8695
1753504943064,04:42:23.064,bybit,ALGO/USDT:USDT,0.27,57022.6,0.2701,45153.0,0.27,96425853.2,25252309.8695
1753504943164,04:42:23.164,bybit,ALGO/USDT:USDT,0.27,57022.6,0.2701,41221.0,0.27,96425853.2,25252309.8695
1753504943363,04:42:23.363,bybit,ALGO/USDT:USDT,0.27,57763.2,0.2701,29936.0,0.27,96425853.2,25252309.8695
1753504943663,04:42:23.663,bybit,ALGO/USDT:USDT,0.27,58613.4,0.2701,29936.0,0.27,96425853.2,25252309.8695
1753504943864,04:42:23.864,bybit,ALGO/USDT:USDT,0.27,57763.2,0.2701,29939.8,0.27,96425853.2,25252309.8695
1753504944063,04:42:24.063,bybit,ALGO/USDT:USDT,0.27,57763.2,0.2701,30790.0,0.27,96425853.2,25252309.8695
1753504944264,04:42:24.264,bybit,ALGO/USDT:USDT,0.27,57763.2,0.2701,29939.8,0.27,96425853.2,25252309.8695
1753504944663,04:42:24.663,bybit,ALGO/USDT:USDT,0.27,59463.0,0.2701,52.4,0.27,96425853.2,25252309.8695
1753504944763,04:42:24.763,bybit,ALGO/USDT:USDT,0.27,59575.8,0.2701,52.4,0.27,96425853.2,25252309.8695
1753504944863,04:42:24.863,bybit,ALGO/USDT:USDT,0.2701,47191.0,0.2702,44905.8,0.27,96433503.7,25254375.7557
1753504944964,04:42:24.964,bybit,ALGO/USDT:USDT,0.2701,28420.5,0.2702,39977.6,0.27,96433503.7,25254375.7557
1753504945063,04:42:25.063,bybit,ALGO/USDT:USDT,0.2701,19623.2,0.2702,53595.4,0.27,96433503.7,25254375.7557
1753504945163,04:42:25.163,bybit,ALGO/USDT:USDT,0.2701,19623.2,0.2702,53096.0,0.27,96433503.7,25254375.7557
1753504945264,04:42:25.264,bybit,ALGO/USDT:USDT,0.2701,19623.2,0.2702,53120.5,0.27,96433503.7,25254375.7557
1753504945363,04:42:25.363,bybit,ALGO/USDT:USDT,0.27,61929.4,0.2701,45264.8,0.2701,96453126.9,25259675.982
1753504945463,04:42:25.463,bybit,ALGO/USDT:USDT,0.27,112.8,0.2701,50062.9,0.2701,96453126.9,25259675.982
1753504945563,04:42:25.563,bybit,ALGO/USDT:USDT,0.27,112.8,0.2701,50087.4,0.2701,96453126.9,25259675.982
1753504945664,04:42:25.664,bybit,ALGO/USDT:USDT,0.27,1800.6,0.2701,50087.4,0.2701,96453126.9,25259675.982
1753504945763,04:42:25.763,bybit,ALGO/USDT:USDT,0.27,7809.4,0.2701,54294.2,0.2701,96453126.9,25259675.982
1753504945864,04:42:25.864,bybit,ALGO/USDT:USDT,0.2699,48151.8,0.27,39010.4,0.27,96453610.0,25259806.419
1753504945964,04:42:25.964,bybit,ALGO/USDT:USDT,0.2699,48151.8,0.27,39010.4,0.27,96453610.0,25259806.419
1753504946064,04:42:26.064,bybit,ALGO/USDT:USDT,0.2699,46556.4,0.27,40710.2,0.27,96453610.0,25259806.419
1753504946264,04:42:26.264,bybit,ALGO/USDT:USDT,0.2699,46556.4,0.27,39860.0,0.27,96453610.0,25259806.419
1753504946364,04:42:26.364,bybit,ALGO/USDT:USDT,0.2699,46556.4,0.27,40733.6,0.27,96453610.0,25259806.419
1753504946964,04:42:26.964,bybit,ALGO/USDT:USDT,0.2699,46556.4,0.27,39883.4,0.27,96453610.0,25259806.419
1753504947364,04:42:27.364,bybit,ALGO/USDT:USDT,0.2699,46594.4,0.27,39033.8,0.27,96453610.0,25259806.419
1753504947464,04:42:27.464,bybit,ALGO/USDT:USDT,0.2699,46594.4,0.27,47033.8,0.27,96453610.0,25259806.419
1753504947664,04:42:27.664,bybit,ALGO/USDT:USDT,0.2699,46594.4,0.27,47884.0,0.27,96453610.0,25259806.419
1753504947763,04:42:27.763,bybit,ALGO/USDT:USDT,0.2699,46594.4,0.27,48733.6,0.27,96453610.0,25259806.419
1753504948063,04:42:28.063,bybit,ALGO/USDT:USDT,0.2699,46594.4,0.27,48710.2,0.27,96453610.0,25259806.419
1753504948163,04:42:28.163,bybit,ALGO/USDT:USDT,0.2699,46594.4,0.27,48736.4,0.27,96453610.0,25259806.419
1753504948264,04:42:28.264,bybit,ALGO/USDT:USDT,0.2699,45794.4,0.27,48736.4,0.27,96453610.0,25259806.419
1753504948364,04:42:28.364,bybit,ALGO/USDT:USDT,0.2699,32810.7,0.27,48736.4,0.27,96453610.0,25259806.419
1753504948463,04:42:28.463,bybit,ALGO/USDT:USDT,0.2699,32810.7,0.27,56736.4,0.27,96453610.0,25259806.419
1753504948564,04:42:28.564,bybit,ALGO/USDT:USDT,0.2699,32802.5,0.27,56760.9,0.27,96453610.0,25259806.419
1753504948863,04:42:28.863,bybit,ALGO/USDT:USDT,0.2699,32802.5,0.27,56736.4,0.27,96453610.0,25259806.419
1753504948964,04:42:28.964,bybit,ALGO/USDT:USDT,0.2699,32802.5,0.27,56760.9,0.27,96453610.0,25259806.419
1753504949163,04:42:29.163,bybit,ALGO/USDT:USDT,0.2699,32802.5,0.27,56736.4,0.27,96453610.0,25259806.419
1753504949263,04:42:29.263,bybit,ALGO/USDT:USDT,0.2699,32802.5,0.27,56760.9,0.27,96453610.0,25259806.419
1753504949363,04:42:29.363,bybit,ALGO/USDT:USDT,0.2699,32858.3,0.27,56760.9,0.27,96453610.0,25259806.419
1753504949764,04:42:29.764,bybit,ALGO/USDT:USDT,0.2699,32858.3,0.27,56736.4,0.27,96453610.0,25259806.419
1753504949964,04:42:29.964,bybit,ALGO/USDT:USDT,0.2699,32858.3,0.27,56760.9,0.27,96453610.0,25259806.419
1753504950063,04:42:30.063,bybit,ALGO/USDT:USDT,0.2699,32858.3,0.27,56736.4,0.27,96453610.0,25259806.419
1753504950364,04:42:30.364,bybit,ALGO/USDT:USDT,0.2699,32858.3,0.27,56760.9,0.27,96453610.0,25259806.419
1753504950564,04:42:30.564,bybit,ALGO/USDT:USDT,0.2699,32858.3,0.27,56736.4,0.27,96453610.0,25259806.419
1753504950964,04:42:30.964,bybit,ALGO/USDT:USDT,0.2699,32855.0,0.27,56760.9,0.27,96453610.0,25259806.419
1753504951064,04:42:31.064,bybit,ALGO/USDT:USDT,0.2699,32859.5,0.27,56760.9,0.27,96453610.0,25259806.419
1753504951164,04:42:31.164,bybit,ALGO/USDT:USDT,0.2699,32859.5,0.27,56760.9,0.27,96453610.0,25259806.419
1753504951663,04:42:31.663,bybit,ALGO/USDT:USDT,0.2699,32859.5,0.27,66709.3,0.27,96453610.0,25259806.419
1753504951763,04:42:31.763,bybit,ALGO/USDT:USDT,0.2699,32856.6,0.27,66709.3,0.27,96453610.0,25259806.419
1753504951864,04:42:31.864,bybit,ALGO/USDT:USDT,0.2699,32856.6,0.27,65859.7,0.27,96453610.0,25259806.419
1753504952064,04:42:32.064,bybit,ALGO/USDT:USDT,0.2699,32856.6,0.27,65935.4,0.27,96453610.0,25259806.419
1753504952163,04:42:32.163,bybit,ALGO/USDT:USDT,0.2699,32856.6,0.27,66785.0,0.27,96453610.0,25259806.419
1753504952364,04:42:32.364,bybit,ALGO/USDT:USDT,0.2699,32856.6,0.27,65935.4,0.27,96453610.0,25259806.419
1753504952463,04:42:32.463,bybit,ALGO/USDT:USDT,0.2699,32856.6,0.27,66785.0,0.27,96453610.0,25259806.419
1753504952564,04:42:32.564,bybit,ALGO/USDT:USDT,0.2699,32856.5,0.27,66785.0,0.27,96453610.0,25259806.419
1753504952864,04:42:32.864,bybit,ALGO/USDT:USDT,0.2699,54693.9,0.27,49085.2,0.27,96453610.0,25259806.419
1753504952963,04:42:32.963,bybit,ALGO/USDT:USDT,0.2699,53843.7,0.27,49060.7,0.27,96453610.0,25259806.419
1753504953064,04:42:33.064,bybit,ALGO/USDT:USDT,0.2699,53843.7,0.27,48985.0,0.27,96453610.0,25259806.419
1753504953263,04:42:33.263,bybit,ALGO/USDT:USDT,0.2699,53747.7,0.27,49835.2,0.27,96453610.0,25259806.419
1753504953364,04:42:33.364,bybit,ALGO/USDT:USDT,0.2699,53843.8,0.27,49835.2,0.27,96453610.0,25259806.419
1753504953764,04:42:33.764,bybit,ALGO/USDT:USDT,0.2699,53898.5,0.27,48985.0,0.27,96453610.0,25259806.419
1753504954864,04:42:34.864,bybit,ALGO/USDT:USDT,0.2699,53896.8,0.27,48985.0,0.27,96453610.0,25259806.419
1753504954964,04:42:34.964,bybit,ALGO/USDT:USDT,0.2699,53900.2,0.27,48985.0,0.27,96453610.0,25259806.419
1753504955064,04:42:35.064,bybit,ALGO/USDT:USDT,0.2699,53900.2,0.27,49835.2,0.27,96453610.0,25259806.419
1753504955464,04:42:35.464,bybit,ALGO/USDT:USDT,0.2699,53900.2,0.27,48985.0,0.27,96453610.0,25259806.419
1753504955564,04:42:35.564,bybit,ALGO/USDT:USDT,0.27,39509.8,0.2701,62374.1,0.27,96453636.2,25259813.493
1753504955664,04:42:35.664,bybit,ALGO/USDT:USDT,0.27,39509.8,0.2701,58684.0,0.27,96453636.2,25259813.493
1753504955864,04:42:35.864,bybit,ALGO/USDT:USDT,0.27,39509.8,0.2701,54476.1,0.27,96453636.2,25259813.493
1753504956363,04:42:36.363,bybit,ALGO/USDT:USDT,0.27,39514.8,0.2701,54476.1,0.27,96453636.2,25259813.493
1753504956464,04:42:36.464,bybit,ALGO/USDT:USDT,0.27,39614.3,0.2701,54476.1,0.27,96453636.2,25259813.493
1753504956864,04:42:36.864,bybit,ALGO/USDT:USDT,0.27,39614.3,0.2701,52300.5,0.27,96453636.2,25259813.493
1753504957064,04:42:37.064,bybit,ALGO/USDT:USDT,0.27,39614.3,0.2701,45639.5,0.27,96453636.2,25259813.493
1753504957164,04:42:37.164,bybit,ALGO/USDT:USDT,0.27,39614.3,0.2701,47339.3,0.27,96453636.2,25259813.493
1753504957663,04:42:37.663,bybit,ALGO/USDT:USDT,0.27,26630.6,0.2701,47413.4,0.27,96453636.2,25259813.493
1753504957763,04:42:37.763,bybit,ALGO/USDT:USDT,0.27,20843.8,0.2701,47413.4,0.27,96453636.2,25259813.493
1753504957864,04:42:37.864,bybit,ALGO/USDT:USDT,0.27,20843.8,0.2701,47339.3,0.27,96453636.2,25259813.493
1753504957964,04:42:37.964,bybit,ALGO/USDT:USDT,0.27,20843.8,0.2701,47413.4,0.27,96453636.2,25259813.493
1753504958064,04:42:38.064,bybit,ALGO/USDT:USDT,0.27,33827.5,0.2701,38432.7,0.2701,96462542.8,25262219.1657
1753504958164,04:42:38.164,bybit,ALGO/USDT:USDT,0.27,33827.5,0.2701,36732.9,0.2701,96462542.8,25262219.1657
1753504958264,04:42:38.264,bybit,ALGO/USDT:USDT,0.27,33827.5,0.2701,38432.7,0.2701,96462542.8,25262219.1657
1753504958364,04:42:38.364,bybit,ALGO/USDT:USDT,0.27,33827.5,0.2701,47432.7,0.2701,96462542.8,25262219.1657
1753504958664,04:42:38.664,bybit,ALGO/USDT:USDT,0.27,33827.5,0.2701,47432.7,0.2701,96462542.8,25262219.1657
1753504958864,04:42:38.864,bybit,ALGO/USDT:USDT,0.27,33827.5,0.2701,47506.8,0.2701,96462542.8,25262219.1657
1753504959064,04:42:39.064,bybit,ALGO/USDT:USDT,0.27,33827.5,0.2701,47425.3,0.2701,96462550.2,25262221.1644
1753504959164,04:42:39.164,bybit,ALGO/USDT:USDT,0.27,33827.5,0.2701,47499.4,0.2701,96462550.2,25262221.1644
1753504959264,04:42:39.264,bybit,ALGO/USDT:USDT,0.27,33827.5,0.2701,47425.3,0.2701,96462550.2,25262221.1644
1753504959663,04:42:39.663,bybit,ALGO/USDT:USDT,0.27,33827.5,0.2701,47499.4,0.2701,96462550.2,25262221.1644
1753504959863,04:42:39.863,bybit,ALGO/USDT:USDT,0.27,33827.5,0.2701,47499.4,0.2701,96462550.2,25262221.1644
1753504960364,04:42:40.364,bybit,ALGO/USDT:USDT,0.27,20843.8,0.2701,47499.4,0.2701,96462550.2,25262221.1644
1753504960464,04:42:40.464,bybit,ALGO/USDT:USDT,0.27,20843.8,0.2701,47499.4,0.2701,96462550.2,25262221.1644
1753504961463,04:42:41.463,bybit,ALGO/USDT:USDT,0.27,20888.5,0.2701,47425.3,0.2701,96462550.2,25262221.1644
1753504961564,04:42:41.564,bybit,ALGO/USDT:USDT,0.27,20888.5,0.2701,47499.4,0.2701,96462550.2,25262221.1644
1753504961664,04:42:41.664,bybit,ALGO/USDT:USDT,0.27,20883.5,0.2701,47912.3,0.2701,96462550.2,25262221.1644
1753504961764,04:42:41.764,bybit,ALGO/USDT:USDT,0.27,13680.0,0.2701,57934.8,0.2701,96462550.2,25262221.1644
1753504961864,04:42:41.864,bybit,ALGO/USDT:USDT,0.27,13677.1,0.2701,57959.3,0.2701,96462550.2,25262221.1644
1753504963164,04:42:43.164,bybit,ALGO/USDT:USDT,0.27,13677.1,0.2701,57959.3,0.2701,96462550.2,25262221.1644
1753504963664,04:42:43.664,bybit,ALGO/USDT:USDT,0.27,13677.1,0.2701,57885.2,0.2701,96462550.2,25262221.1644
1753504963763,04:42:43.763,bybit,ALGO/USDT:USDT,0.27,13677.1,0.2701,57959.3,0.2701,96462550.2,25262221.1644
1753504964264,04:42:44.264,bybit,ALGO/USDT:USDT,0.27,13677.1,0.2701,57885.2,0.2701,96462550.2,25262221.1644
1753504964363,04:42:44.363,bybit,ALGO/USDT:USDT,0.27,13677.1,0.2701,57959.3,0.2701,96462550.2,25262221.1644
1753504965264,04:42:45.264,bybit,ALGO/USDT:USDT,0.27,13677.1,0.2701,57885.2,0.2701,96462550.2,25262221.1644
1753504965363,04:42:45.363,bybit,ALGO/USDT:USDT,0.27,20964.9,0.2701,57885.2,0.2701,96462550.2,25262221.1644
1753504965463,04:42:45.463,bybit,ALGO/USDT:USDT,0.27,20920.2,0.2701,57042.7,0.2701,96462550.2,25262221.1644
1753504965564,04:42:45.564,bybit,ALGO/USDT:USDT,0.27,20920.2,0.2701,57892.3,0.2701,96462550.2,25262221.1644
1753504965864,04:42:45.864,bybit,ALGO/USDT:USDT,0.27,20920.2,0.2701,57867.8,0.2701,96462550.2,25262221.1644
1753504965964,04:42:45.964,bybit,ALGO/USDT:USDT,0.27,20920.2,0.2701,57966.4,0.2701,96462550.2,25262221.1644
1753504966064,04:42:46.064,bybit,ALGO/USDT:USDT,0.27,20920.2,0.2701,57892.3,0.2701,96462550.2,25262221.1644
1753504966164,04:42:46.164,bybit,ALGO/USDT:USDT,0.27,20920.2,0.2701,57966.4,0.2701,96462550.2,25262221.1644
1753504966263,04:42:46.263,bybit,ALGO/USDT:USDT,0.27,20920.2,0.2701,57892.3,0.2701,96462550.2,25262221.1644
1753504966564,04:42:46.564,bybit,ALGO/USDT:USDT,0.27,20925.4,0.2701,57892.3,0.2701,96462550.2,25262221.1644
1753504966763,04:42:46.763,bybit,ALGO/USDT:USDT,0.27,20925.4,0.2701,57966.4,0.2701,96462550.2,25262221.1644
1753504966864,04:42:46.864,bybit,ALGO/USDT:USDT,0.27,20925.4,0.2701,57941.9,0.2701,96462550.2,25262221.1644
1753504966964,04:42:46.964,bybit,ALGO/USDT:USDT,0.27,20925.4,0.2701,57966.4,0.2701,96462550.2,25262221.1644
1753504967564,04:42:47.564,bybit,ALGO/USDT:USDT,0.27,20925.4,0.2701,57892.3,0.2701,96462550.2,25262221.1644
1753504967664,04:42:47.664,bybit,ALGO/USDT:USDT,0.27,20925.4,0.2701,57963.3,0.2701,96462550.2,25262221.1644
1753504968064,04:42:48.064,bybit,ALGO/USDT:USDT,0.27,20925.0,0.2701,57963.3,0.2701,96462550.2,25262221.1644
1753504968564,04:42:48.564,bybit,ALGO/USDT:USDT,0.27,20925.0,0.2701,57964.5,0.2701,96462550.2,25262221.1644
1753504969863,04:42:49.863,bybit,ALGO/USDT:USDT,0.27,33908.7,0.2701,57890.4,0.2701,96462550.2,25262221.1644
1753504969963,04:42:49.963,bybit,ALGO/USDT:USDT,0.27,35412.0,0.2701,56166.4,0.2701,96462550.2,25262221.1644
1753504970463,04:42:50.463,bybit,ALGO/USDT:USDT,0.27,37439.0,0.2701,56190.9,0.2701,96462550.2,25262221.1644
1753504970563,04:42:50.563,bybit,ALGO/USDT:USDT,0.27,37439.0,0.2701,56166.4,0.2701,96462550.2,25262221.1644
1753504970764,04:42:50.764,bybit,ALGO/USDT:USDT,0.27,36588.8,0.2701,56166.4,0.2701,96462550.2,25262221.1644
1753504970863,04:42:50.863,bybit,ALGO/USDT:USDT,0.27,36588.8,0.2701,57016.6,0.2701,96462550.2,25262221.1644
1753504970964,04:42:50.964,bybit,ALGO/USDT:USDT,0.27,36588.8,0.2701,47166.4,0.2701,96462550.2,25262221.1644
1753504971464,04:42:51.464,bybit,ALGO/USDT:USDT,0.27,37439.0,0.2701,47166.4,0.2701,96462550.2,25262221.1644
1753504971563,04:42:51.563,bybit,ALGO/USDT:USDT,0.27,40104.6,0.2701,47165.2,0.2701,96462550.2,25262221.1644
1753504971763,04:42:51.763,bybit,ALGO/USDT:USDT,0.27,39254.4,0.2701,47165.2,0.2701,96462550.2,25262221.1644
1753504972164,04:42:52.164,bybit,ALGO/USDT:USDT,0.27,39254.4,0.2701,47165.2,0.2701,96462550.2,25262221.1644
1753504972363,04:42:52.363,bybit,ALGO/USDT:USDT,0.27,39937.2,0.2701,47165.2,0.2701,96462550.2,25262221.1644
1753504972464,04:42:52.464,bybit,ALGO/USDT:USDT,0.27,39087.0,0.2701,47165.0,0.2701,96462550.2,25262221.1644
1753504972764,04:42:52.764,bybit,ALGO/USDT:USDT,0.27,39937.2,0.2701,47165.0,0.2701,96462550.2,25262221.1644
1753504973364,04:42:53.364,bybit,ALGO/USDT:USDT,0.27,39087.0,0.2701,47165.0,0.2701,96462550.2,25262221.1644
1753504974363,04:42:54.363,bybit,ALGO/USDT:USDT,0.27,39087.0,0.2701,48015.2,0.2701,96462550.2,25262221.1644
1753504974464,04:42:54.464,bybit,ALGO/USDT:USDT,0.27,39087.0,0.2701,48938.9,0.2701,96462550.2,25262221.1644
1753504974563,04:42:54.563,bybit,ALGO/USDT:USDT,0.27,39087.0,0.2701,48015.2,0.2701,96462550.2,25262221.1644
1753504974664,04:42:54.664,bybit,ALGO/USDT:USDT,0.27,39087.0,0.2701,48864.8,0.2701,96462550.2,25262221.1644
1753504974863,04:42:54.863,bybit,ALGO/USDT:USDT,0.27,38287.0,0.2701,48938.9,0.2701,96462550.2,25262221.1644
1753504975164,04:42:55.164,bybit,ALGO/USDT:USDT,0.27,38287.0,0.2701,57938.9,0.2701,96462550.2,25262221.1644
1753504975463,04:42:55.463,bybit,ALGO/USDT:USDT,0.27,38287.0,0.2701,57963.4,0.2701,96462550.2,25262221.1644
1753504975563,04:42:55.563,bybit,ALGO/USDT:USDT,0.27,38287.0,0.2701,57938.9,0.2701,96462550.2,25262221.1644
1753504975664,04:42:55.664,bybit,ALGO/USDT:USDT,0.27,38287.0,0.2701,57963.4,0.2701,96462550.2,25262221.1644
1753504975763,04:42:55.763,bybit,ALGO/USDT:USDT,0.27,38277.6,0.2701,57938.9,0.2701,96462550.2,25262221.1644
1753504976063,04:42:56.063,bybit,ALGO/USDT:USDT,0.27,38277.7,0.2701,57938.9,0.2701,96462550.2,25262221.1644
1753504976364,04:42:56.364,bybit,ALGO/USDT:USDT,0.27,38278.4,0.2701,57938.9,0.2701,96462550.2,25262221.1644
1753504976664,04:42:56.664,bybit,ALGO/USDT:USDT,0.27,38278.4,0.2701,57963.4,0.2701,96462550.2,25262221.1644
1753504976764,04:42:56.764,bybit,ALGO/USDT:USDT,0.27,38278.4,0.2701,57938.9,0.2701,96462550.2,25262221.1644
1753504976864,04:42:56.864,bybit,ALGO/USDT:USDT,0.27,38283.0,0.2701,57938.9,0.2701,96462550.2,25262221.1644
1753504977164,04:42:57.164,bybit,ALGO/USDT:USDT,0.27,38283.0,0.2701,57963.4,0.2701,96462550.2,25262221.1644
1753504977464,04:42:57.464,bybit,ALGO/USDT:USDT,0.27,39208.9,0.2701,57963.4,0.2701,96462550.2,25262221.1644
1753504977663,04:42:57.663,bybit,ALGO/USDT:USDT,0.27,39208.9,0.2701,48864.8,0.2701,96462550.2,25262221.1644
1753504977763,04:42:57.763,bybit,ALGO/USDT:USDT,0.27,39208.9,0.2701,48938.9,0.2701,96462550.2,25262221.1644
1753504978064,04:42:58.064,bybit,ALGO/USDT:USDT,0.27,39208.9,0.2701,48864.8,0.2701,96462550.2,25262221.1644
1753504978164,04:42:58.164,bybit,ALGO/USDT:USDT,0.27,39208.9,0.2701,57938.9,0.2701,96462550.2,25262221.1644
1753504978363,04:42:58.363,bybit,ALGO/USDT:USDT,0.27,39208.9,0.2701,57963.4,0.2701,96462550.2,25262221.1644
1753504978464,04:42:58.464,bybit,ALGO/USDT:USDT,0.27,39208.9,0.2701,57957.5,0.2701,96462550.2,25262221.1644
1753504978564,04:42:58.564,bybit,ALGO/USDT:USDT,0.27,39208.9,0.2701,48957.5,0.2701,96462550.2,25262221.1644
1753504978664,04:42:58.664,bybit,ALGO/USDT:USDT,0.27,39208.9,0.2701,48933.0,0.2701,96462550.2,25262221.1644
1753504978764,04:42:58.764,bybit,ALGO/USDT:USDT,0.27,39208.9,0.2701,48858.9,0.2701,96462550.2,25262221.1644
1753504979163,04:42:59.163,bybit,ALGO/USDT:USDT,0.27,39221.9,0.2701,57933.0,0.2701,96462550.2,25262221.1644
1753504979264,04:42:59.264,bybit,ALGO/USDT:USDT,0.27,39221.9,0.2701,57858.9,0.2701,96462550.2,25262221.1644
1753504979464,04:42:59.464,bybit,ALGO/USDT:USDT,0.27,39221.9,0.2701,57883.4,0.2701,96462550.2,25262221.1644
1753504979563,04:42:59.563,bybit,ALGO/USDT:USDT,0.27,39221.9,0.2701,57933.0,0.2701,96462550.2,25262221.1644
1753504980264,04:43:00.264,bybit,ALGO/USDT:USDT,0.27,39221.9,0.2701,57934.0,0.2701,96462550.2,25262221.1644
1753504980364,04:43:00.364,bybit,ALGO/USDT:USDT,0.27,39221.9,0.2701,57933.9,0.2701,96462550.2,25262221.1644
1753504980564,04:43:00.564,bybit,ALGO/USDT:USDT,0.27,39221.9,0.2701,57010.2,0.2701,96462550.2,25262221.1644
1753504981564,04:43:01.564,bybit,ALGO/USDT:USDT,0.27,39221.9,0.2701,57933.9,0.2701,96462550.2,25262221.1644
1753504981664,04:43:01.664,bybit,ALGO/USDT:USDT,0.27,39203.7,0.2701,57933.9,0.2701,96462550.2,25262221.1644
1753504982164,04:43:02.164,bybit,ALGO/USDT:USDT,0.27,26220.0,0.2701,57933.9,0.2701,96462550.2,25262221.1644
1753504982263,04:43:02.263,bybit,ALGO/USDT:USDT,0.27,18913.9,0.2701,57958.4,0.2701,96462550.2,25262221.1644
1753504982664,04:43:02.664,bybit,ALGO/USDT:USDT,0.27,12129.5,0.2701,54860.0,0.2701,96462550.2,25262221.1644
1753504982764,04:43:02.764,bybit,ALGO/USDT:USDT,0.27,12129.5,0.2701,55600.6,0.2701,96462550.2,25262221.1644
1753504982964,04:43:02.964,bybit,ALGO/USDT:USDT,0.27,12129.5,0.2701,57274.4,0.2701,96462550.2,25262221.1644
1753504983164,04:43:03.164,bybit,ALGO/USDT:USDT,0.27,11218.2,0.2701,53436.8,0.2701,96462550.2,25262221.1644
1753504983264,04:43:03.264,bybit,ALGO/USDT:USDT,0.27,11218.2,0.2701,54152.9,0.2701,96462550.2,25262221.1644
1753504983463,04:43:03.463,bybit,ALGO/USDT:USDT,0.27,11218.2,0.2701,54177.4,0.2701,96462550.2,25262221.1644
1753504985064,04:43:05.064,bybit,ALGO/USDT:USDT,0.27,11218.2,0.2701,54152.9,0.2701,96462550.2,25262221.1644
1753504985364,04:43:05.364,bybit,ALGO/USDT:USDT,0.27,10740.6,0.2701,54152.9,0.2701,96462550.2,25262221.1644
1753504985464,04:43:05.464,bybit,ALGO/USDT:USDT,0.27,11215.4,0.2701,54152.9,0.2701,96462550.2,25262221.1644
1753504985563,04:43:05.563,bybit,ALGO/USDT:USDT,0.27,11215.4,0.2701,54177.4,0.2701,96462550.2,25262221.1644
1753504985864,04:43:05.864,bybit,ALGO/USDT:USDT,0.27,11215.4,0.2701,73077.4,0.2701,96462550.2,25262221.1644
1753504986563,04:43:06.563,bybit,ALGO/USDT:USDT,0.27,11215.4,0.2701,73077.5,0.2701,96462550.2,25262221.1644
1753504988364,04:43:08.364,bybit,ALGO/USDT:USDT,0.27,11215.4,0.2701,87654.6,0.2701,96462550.2,25262221.1644
1753504989163,04:43:09.163,bybit,ALGO/USDT:USDT,0.27,3974.9,0.2701,83372.1,0.27,96466464.5,25263278.0254
1753504989264,04:43:09.264,bybit,ALGO/USDT:USDT,0.27,3974.9,0.2701,83372.1,0.27,96466464.5,25263278.0254
1753504989564,04:43:09.564,bybit,ALGO/USDT:USDT,0.27,3974.9,0.2701,84392.1,0.27,96466464.5,25263278.0254
1753504989763,04:43:09.763,bybit,ALGO/USDT:USDT,0.27,3974.9,0.2701,85072.1,0.27,96466464.5,25263278.0254
1753504990164,04:43:10.164,bybit,ALGO/USDT:USDT,0.27,3974.9,0.2701,89700.8,0.27,96466464.5,25263278.0254
1753504990264,04:43:10.264,bybit,ALGO/USDT:USDT,0.27,3974.9,0.2701,103721.5,0.27,96466464.5,25263278.0254
1753504990664,04:43:10.664,bybit,ALGO/USDT:USDT,0.27,3974.9,0.2701,104112.9,0.27,96466464.5,25263278.0254
1753504990964,04:43:10.964,bybit,ALGO/USDT:USDT,0.27,3974.9,0.2701,85015.9,0.27,96466464.5,25263278.0254
1753504991063,04:43:11.063,bybit,ALGO/USDT:USDT,0.27,19974.9,0.2701,85015.9,0.27,96466464.5,25263278.0254
1753504991564,04:43:11.564,bybit,ALGO/USDT:USDT,0.27,19500.1,0.2701,85015.9,0.27,96466464.5,25263278.0254
1753504991664,04:43:11.664,bybit,ALGO/USDT:USDT,0.27,19945.6,0.2701,85015.9,0.27,96466464.5,25263278.0254
1753504992163,04:43:12.163,bybit,ALGO/USDT:USDT,0.27,3945.6,0.2701,85015.9,0.27,96466464.5,25263278.0254
1753504992564,04:43:12.564,bybit,ALGO/USDT:USDT,0.27,5633.4,0.2701,78461.6,0.27,96466464.5,25263278.0254
1753504992663,04:43:12.663,bybit,ALGO/USDT:USDT,0.27,5633.4,0.2701,78535.7,0.27,96466464.5,25263278.0254
1753504993964,04:43:13.964,bybit,ALGO/USDT:USDT,0.27,11633.4,0.2701,78461.6,0.27,96466464.5,25263278.0254
1753504994064,04:43:14.064,bybit,ALGO/USDT:USDT,0.27,11633.4,0.2701,78535.7,0.27,96466464.5,25263278.0254
1753504994364,04:43:14.364,bybit,ALGO/USDT:USDT,0.27,5633.4,0.2701,78535.7,0.27,96466464.5,25263278.0254
1753504994464,04:43:14.464,bybit,ALGO/USDT:USDT,0.27,22833.4,0.2701,70205.5,0.27,96466464.5,25263278.0254
1753504994564,04:43:14.564,bybit,ALGO/USDT:USDT,0.27,28833.4,0.2701,70182.3,0.27,96466464.5,25263278.0254
1753504994664,04:43:14.664,bybit,ALGO/USDT:USDT,0.27,28833.4,0.2701,69332.1,0.27,96466464.5,25263278.0254
1753504994963,04:43:14.963,bybit,ALGO/USDT:USDT,0.27,36833.4,0.2701,66917.7,0.27,96466464.5,25263278.0254
1753504995064,04:43:15.064,bybit,ALGO/USDT:USDT,0.27,41631.3,0.2701,43718.7,0.27,96466464.5,25263278.0254
1753504995164,04:43:15.164,bybit,ALGO/USDT:USDT,0.27,41631.3,0.2701,47923.9,0.27,96466464.5,25263278.0254
1753504995963,04:43:15.963,bybit,ALGO/USDT:USDT,0.27,43631.3,0.2701,47923.9,0.27,96466464.5,25263278.0254
1753504996064,04:43:16.064,bybit,ALGO/USDT:USDT,0.27,39683.6,0.2701,45883.9,0.27,96466464.5,25263278.0254
1753504996164,04:43:16.164,bybit,ALGO/USDT:USDT,0.27,38833.4,0.2701,45543.9,0.27,96466464.5,25263278.0254
1753504996664,04:43:16.664,bybit,ALGO/USDT:USDT,0.27,38833.4,0.2701,45968.1,0.27,96466464.5,25263278.0254
1753504997164,04:43:17.164,bybit,ALGO/USDT:USDT,0.27,38833.4,0.2701,46308.2,0.27,96466464.5,25263278.0254
1753504997263,04:43:17.263,bybit,ALGO/USDT:USDT,0.27,38833.4,0.2701,47232.5,0.27,96466464.5,25263278.0254
1753504997463,04:43:17.463,bybit,ALGO/USDT:USDT,0.27,38833.5,0.2701,47158.4,0.27,96466464.5,25263278.0254
1753504997563,04:43:17.563,bybit,ALGO/USDT:USDT,0.27,22833.5,0.2701,47158.4,0.27,96466464.5,25263278.0254
1753504997664,04:43:17.664,bybit,ALGO/USDT:USDT,0.27,22833.7,0.2701,47232.5,0.27,96466464.5,25263278.0254
1753504997863,04:43:17.863,bybit,ALGO/USDT:USDT,0.27,22833.7,0.2701,46382.3,0.27,96466464.5,25263278.0254
1753504997964,04:43:17.964,bybit,ALGO/USDT:USDT,0.27,33833.7,0.2701,46308.2,0.27,96466464.5,25263278.0254
1753504998164,04:43:18.164,bybit,ALGO/USDT:USDT,0.27,35533.5,0.2701,46308.2,0.27,96466464.5,25263278.0254
1753504998564,04:43:18.564,bybit,ALGO/USDT:USDT,0.27,34683.9,0.2701,46308.2,0.27,96466464.5,25263278.0254
1753504998764,04:43:18.764,bybit,ALGO/USDT:USDT,0.27,33833.7,0.2701,46308.2,0.27,96466464.5,25263278.0254
1753504998964,04:43:18.964,bybit,ALGO/USDT:USDT,0.27,39683.9,0.2701,46308.2,0.27,96466464.5,25263278.0254
1753504999164,04:43:19.164,bybit,ALGO/USDT:USDT,0.27,40533.5,0.2701,46308.2,0.27,96466464.5,25263278.0254
1753504999564,04:43:19.564,bybit,ALGO/USDT:USDT,0.27,39683.9,0.2701,46308.4,0.27,96466464.5,25263278.0254
1753504999863,04:43:19.863,bybit,ALGO/USDT:USDT,0.27,40533.5,0.2701,46308.4,0.27,96466464.5,25263278.0254
1753505000564,04:43:20.564,bybit,ALGO/USDT:USDT,0.27,40533.5,0.2701,42103.2,0.27,96466464.5,25263278.0254
1753505000864,04:43:20.864,bybit,ALGO/USDT:USDT,0.27,39633.7,0.2701,42103.2,0.27,96466464.5,25263278.0254
1753505001164,04:43:21.164,bybit,ALGO/USDT:USDT,0.27,38833.7,0.2701,42103.2,0.27,96466464.5,25263278.0254
1753505002064,04:43:22.064,bybit,ALGO/USDT:USDT,0.27,40533.5,0.2701,42103.2,0.27,96466464.5,25263278.0254
1753505002164,04:43:22.164,bybit,ALGO/USDT:USDT,0.27,40533.5,0.2701,42103.2,0.27,96466464.5,25263278.0254
1753505002264,04:43:22.264,bybit,ALGO/USDT:USDT,0.27,41333.5,0.2701,42103.2,0.27,96466464.5,25263278.0254
1753505003563,04:43:23.563,bybit,ALGO/USDT:USDT,0.27,39633.7,0.2701,42103.2,0.27,96466464.5,25263278.0254
1753505004564,04:43:24.564,bybit,ALGO/USDT:USDT,0.27,38833.7,0.2701,42103.2,0.27,96466464.5,25263278.0254
1753505005564,04:43:25.564,bybit,ALGO/USDT:USDT,0.27,40533.5,0.2701,42103.2,0.27,96466464.5,25263278.0254
1753505005663,04:43:25.663,bybit,ALGO/USDT:USDT,0.27,40551.2,0.2701,42103.4,0.27,96466464.5,25263278.0254
1753505005763,04:43:25.763,bybit,ALGO/USDT:USDT,0.27,40555.1,0.2701,42103.4,0.27,96466464.5,25263278.0254
1753505006363,04:43:26.363,bybit,ALGO/USDT:USDT,0.27,38855.3,0.2701,42103.4,0.27,96466464.5,25263278.0254
1753505006564,04:43:26.564,bybit,ALGO/USDT:USDT,0.27,33873.5,0.2701,43874.9,0.27,96466464.5,25263278.0254
1753505006763,04:43:26.763,bybit,ALGO/USDT:USDT,0.27,33873.5,0.2701,43460.7,0.27,96466464.5,25263278.0254
1753505006864,04:43:26.864,bybit,ALGO/USDT:USDT,0.27,33873.5,0.2701,43534.8,0.27,96466464.5,25263278.0254
1753505007264,04:43:27.264,bybit,ALGO/USDT:USDT,0.27,33873.5,0.2701,41760.9,0.27,96466464.5,25263278.0254
1753505007563,04:43:27.563,bybit,ALGO/USDT:USDT,0.27,33867.6,0.2701,41760.9,0.27,96466464.5,25263278.0254
1753505007763,04:43:27.763,bybit,ALGO/USDT:USDT,0.27,33867.6,0.2701,42611.1,0.27,96466464.5,25263278.0254
1753505007864,04:43:27.864,bybit,ALGO/USDT:USDT,0.27,33920.7,0.2701,42611.1,0.27,96466464.5,25263278.0254
1753505007964,04:43:27.964,bybit,ALGO/USDT:USDT,0.27,22920.7,0.2701,42611.1,0.27,96466464.5,25263278.0254
1753505008064,04:43:28.064,bybit,ALGO/USDT:USDT,0.27,22920.7,0.2701,43534.8,0.27,96466464.5,25263278.0254
1753505008564,04:43:28.564,bybit,ALGO/USDT:USDT,0.27,22921.5,0.2701,43534.8,0.27,96466464.5,25263278.0254
1753505008663,04:43:28.663,bybit,ALGO/USDT:USDT,0.27,30288.8,0.2701,41760.9,0.27,96466464.5,25263278.0254
1753505008764,04:43:28.764,bybit,ALGO/USDT:USDT,0.27,32788.6,0.2701,41760.9,0.27,96466464.5,25263278.0254
1753505008864,04:43:28.864,bybit,ALGO/USDT:USDT,0.27,48788.6,0.2701,41760.9,0.27,96466464.5,25263278.0254
1753505008964,04:43:28.964,bybit,ALGO/USDT:USDT,0.27,47088.8,0.2701,42611.1,0.27,96466464.5,25263278.0254
1753505009064,04:43:29.064,bybit,ALGO/USDT:USDT,0.27,48788.6,0.2701,41760.9,0.27,96466464.5,25263278.0254
1753505009363,04:43:29.363,bybit,ALGO/USDT:USDT,0.27,47088.8,0.2701,41760.9,0.27,96466464.5,25263278.0254
1753505009663,04:43:29.663,bybit,ALGO/USDT:USDT,0.27,48788.6,0.2701,41760.9,0.27,96466464.5,25263278.0254
1753505009764,04:43:29.764,bybit,ALGO/USDT:USDT,0.27,36288.8,0.2701,42611.1,0.27,96466464.5,25263278.0254
1753505009864,04:43:29.864,bybit,ALGO/USDT:USDT,0.27,30288.8,0.2701,43460.7,0.27,96466464.5,25263278.0254
1753505010164,04:43:30.164,bybit,ALGO/USDT:USDT,0.27,30288.8,0.2701,42611.1,0.27,96466464.5,25263278.0254
1753505010264,04:43:30.264,bybit,ALGO/USDT:USDT,0.27,31988.6,0.2701,41760.9,0.27,96466464.5,25263278.0254
1753505010764,04:43:30.764,bybit,ALGO/USDT:USDT,0.27,47988.6,0.2701,41760.9,0.27,96466464.5,25263278.0254
1753505011063,04:43:31.063,bybit,ALGO/USDT:USDT,0.27,31988.6,0.2701,41760.9,0.27,96466464.5,25263278.0254
1753505011164,04:43:31.164,bybit,ALGO/USDT:USDT,0.27,31138.4,0.2701,41760.9,0.27,96466464.5,25263278.0254
1753505011263,04:43:31.263,bybit,ALGO/USDT:USDT,0.27,30288.8,0.2701,41760.9,0.27,96466464.5,25263278.0254
1753505011364,04:43:31.364,bybit,ALGO/USDT:USDT,0.27,30288.8,0.2701,43460.7,0.27,96466464.5,25263278.0254
1753505011464,04:43:31.464,bybit,ALGO/USDT:USDT,0.27,30288.8,0.2701,42611.1,0.27,96466464.5,25263278.0254
1753505011564,04:43:31.564,bybit,ALGO/USDT:USDT,0.27,30288.8,0.2701,43460.7,0.27,96466464.5,25263278.0254
1753505011763,04:43:31.763,bybit,ALGO/USDT:USDT,0.27,35288.8,0.2701,41760.9,0.27,96466464.5,25263278.0254
1753505011864,04:43:31.864,bybit,ALGO/USDT:USDT,0.27,36136.1,0.2701,41760.9,0.27,96466464.5,25263278.0254
1753505011964,04:43:31.964,bybit,ALGO/USDT:USDT,0.27,36985.7,0.2701,41760.9,0.27,96466464.5,25263278.0254
1753505012064,04:43:32.064,bybit,ALGO/USDT:USDT,0.27,37785.7,0.2701,41760.9,0.27,96466464.5,25263278.0254
1753505012664,04:43:32.664,bybit,ALGO/USDT:USDT,0.27,36935.3,0.2701,41760.9,0.27,96466464.5,25263278.0254
1753505012864,04:43:32.864,bybit,ALGO/USDT:USDT,0.27,31085.7,0.2701,42611.1,0.27,96466464.5,25263278.0254
1753505012963,04:43:32.963,bybit,ALGO/USDT:USDT,0.27,30285.7,0.2701,43534.8,0.27,96466464.5,25263278.0254
1753505013164,04:43:33.164,bybit,ALGO/USDT:USDT,0.27,30285.7,0.2701,43460.7,0.27,96466464.5,25263278.0254
1753505013364,04:43:33.364,bybit,ALGO/USDT:USDT,0.27,29825.6,0.2701,43460.7,0.27,96466464.5,25263278.0254
1753505013464,04:43:33.464,bybit,ALGO/USDT:USDT,0.27,30285.9,0.2701,42611.1,0.27,96466464.5,25263278.0254
1753505013564,04:43:33.564,bybit,ALGO/USDT:USDT,0.27,30285.9,0.2701,43534.8,0.27,96466464.5,25263278.0254
1753505013763,04:43:33.763,bybit,ALGO/USDT:USDT,0.27,30285.9,0.2701,43460.7,0.27,96466464.5,25263278.0254
1753505013863,04:43:33.863,bybit,ALGO/USDT:USDT,0.27,30285.9,0.2701,43534.8,0.27,96466464.5,25263278.0254
1753505014264,04:43:34.264,bybit,ALGO/USDT:USDT,0.27,30285.9,0.2701,43534.8,0.27,96409961.7,25248808.3366
1753505014364,04:43:34.364,bybit,ALGO/USDT:USDT,0.27,30285.9,0.2701,43460.7,0.27,96409961.7,25248808.3366
1753505014464,04:43:34.464,bybit,ALGO/USDT:USDT,0.27,30285.9,0.2701,43534.8,0.27,96409961.7,25248808.3366
1753505014864,04:43:34.864,bybit,ALGO/USDT:USDT,0.27,30285.9,0.2701,43460.7,0.27,96409961.7,25248808.3366
1753505015164,04:43:35.164,bybit,ALGO/USDT:USDT,0.27,30285.9,0.2701,43534.8,0.27,96409961.7,25248808.3366
1753505015263,04:43:35.263,bybit,ALGO/USDT:USDT,0.27,30285.9,0.2701,41760.9,0.27,96409961.7,25248808.3366
1753505015364,04:43:35.364,bybit,ALGO/USDT:USDT,0.27,30285.9,0.2701,43460.7,0.27,96409961.7,25248808.3366
1753505015763,04:43:35.763,bybit,ALGO/USDT:USDT,0.27,34284.7,0.2701,43460.7,0.27,96409961.7,25248808.3366
