timestamp,time,exchange,symbol,bid,bidVolume,ask,askVolume,lastPrice,baseVolume,quoteVolume
1753507239774,05:20:39.774,bybit,AAVE/USDT:USDT,298.64,3.44,298.65,19.66,298.66,359562.85,104854209.6162
1753507240274,05:20:40.274,bybit,AAVE/USDT:USDT,298.64,2.66,298.65,19.66,298.66,359562.85,104854209.6162
1753507240675,05:20:40.675,bybit,AAVE/USDT:USDT,298.64,0.04,298.65,19.66,298.66,359562.85,104854209.6162
1753507242674,05:20:42.674,bybit,AAVE/USDT:USDT,298.68,13.42,298.69,0.55,298.67,359583.14,104860269.2355
1753507242774,05:20:42.774,bybit,AAVE/USDT:USDT,298.68,13.49,298.69,0.55,298.67,359583.14,104860269.2355
1753507242874,05:20:42.874,bybit,AAVE/USDT:USDT,298.68,13.42,298.69,0.55,298.67,359583.14,104860269.2355
1753507243174,05:20:43.174,bybit,AAVE/USDT:USDT,298.68,11.8,298.69,0.55,298.67,359583.14,104860269.2355
1753507243274,05:20:43.274,bybit,AAVE/USDT:USDT,298.68,11.8,298.69,0.55,298.67,359583.14,104860269.2355
1753507243375,05:20:43.375,bybit,AAVE/USDT:USDT,298.7,10.06,298.71,36.81,298.7,359583.77,104860457.411
1753507243475,05:20:43.475,bybit,AAVE/USDT:USDT,298.7,11.56,298.71,36.81,298.7,359583.77,104860457.411
1753507243574,05:20:43.574,bybit,AAVE/USDT:USDT,298.7,8.23,298.71,36.81,298.7,359583.77,104860457.411
1753507243674,05:20:43.674,bybit,AAVE/USDT:USDT,298.7,6.61,298.71,36.81,298.7,359583.77,104860457.411
1753507243874,05:20:43.874,bybit,AAVE/USDT:USDT,298.7,5.19,298.71,36.81,298.7,359583.77,104860457.411
1753507244174,05:20:44.174,bybit,AAVE/USDT:USDT,298.7,2.58,298.71,36.81,298.7,359583.77,104860457.411
1753507245074,05:20:45.074,bybit,AAVE/USDT:USDT,298.7,4.01,298.71,37.63,298.7,359583.77,104860457.411
1753507245574,05:20:45.574,bybit,AAVE/USDT:USDT,298.68,5.9,298.7,3.61,298.7,359583.77,104860457.411
1753507245674,05:20:45.674,bybit,AAVE/USDT:USDT,298.68,2.23,298.69,0.4,298.7,359583.77,104860457.411
1753507245874,05:20:45.874,bybit,AAVE/USDT:USDT,298.68,2.62,298.69,0.82,298.7,359583.77,104860457.411
1753507246874,05:20:46.874,bybit,AAVE/USDT:USDT,298.68,4.11,298.69,0.82,298.7,359583.77,104860457.411
1753507247274,05:20:47.274,bybit,AAVE/USDT:USDT,298.68,2.62,298.69,1.24,298.7,359583.77,104860457.411
1753507247374,05:20:47.374,bybit,AAVE/USDT:USDT,298.68,2.62,298.69,0.82,298.7,359583.77,104860457.411
1753507248875,05:20:48.875,bybit,AAVE/USDT:USDT,298.68,2.62,298.69,1.24,298.7,359583.77,104860457.411
1753507249175,05:20:49.175,bybit,AAVE/USDT:USDT,298.68,2.62,298.69,0.82,298.7,359583.77,104860457.411
1753507249874,05:20:49.874,bybit,AAVE/USDT:USDT,298.67,8.09,298.68,0.42,298.7,359583.77,104860457.411
1753507249975,05:20:49.975,bybit,AAVE/USDT:USDT,298.66,6.7,298.67,0.42,298.7,359583.77,104860457.411
1753507250074,05:20:50.074,bybit,AAVE/USDT:USDT,298.66,5.81,298.67,0.42,298.7,359583.77,104860457.411
1753507250275,05:20:50.275,bybit,AAVE/USDT:USDT,298.66,7.15,298.67,2.35,298.7,359583.77,104860457.411
1753507250374,05:20:50.374,bybit,AAVE/USDT:USDT,298.66,7.15,298.67,3.17,298.7,359583.77,104860457.411
1753507250474,05:20:50.474,bybit,AAVE/USDT:USDT,298.66,3.3,298.67,3.17,298.7,359583.77,104860457.411
1753507250774,05:20:50.774,bybit,AAVE/USDT:USDT,298.66,3.3,298.67,3.17,298.7,359583.77,104860457.411
1753507251074,05:20:51.074,bybit,AAVE/USDT:USDT,298.66,0.68,298.67,3.17,298.7,359583.77,104860457.411
1753507251174,05:20:51.174,bybit,AAVE/USDT:USDT,298.66,0.68,298.67,3.33,298.7,359583.77,104860457.411
1753507251674,05:20:51.674,bybit,AAVE/USDT:USDT,298.66,3.26,298.67,0.98,298.7,359583.77,104860457.411
1753507251774,05:20:51.774,bybit,AAVE/USDT:USDT,298.66,0.68,298.67,1.48,298.7,359583.77,104860457.411
1753507252074,05:20:52.074,bybit,AAVE/USDT:USDT,298.66,3.26,298.67,1.48,298.7,359583.77,104860457.411
1753507252775,05:20:52.775,bybit,AAVE/USDT:USDT,298.66,0.68,298.67,1.48,298.7,359583.77,104860457.411
1753507253874,05:20:53.874,bybit,AAVE/USDT:USDT,298.66,1.41,298.67,1.48,298.7,359583.77,104860457.411
1753507254174,05:20:54.174,bybit,AAVE/USDT:USDT,298.66,1.41,298.67,1.47,298.7,359583.77,104860457.411
1753507254674,05:20:54.674,bybit,AAVE/USDT:USDT,298.66,0.68,298.67,1.47,298.7,359583.77,104860457.411
1753507255374,05:20:55.374,bybit,AAVE/USDT:USDT,298.66,8.83,298.67,1.47,298.7,359583.77,104860457.411
1753507255575,05:20:55.575,bybit,AAVE/USDT:USDT,298.66,8.83,298.67,1.47,298.7,359583.77,104860457.411
1753507256174,05:20:56.174,bybit,AAVE/USDT:USDT,298.66,8.83,298.67,1.47,298.7,359583.77,104860457.411
1753507258674,05:20:58.674,bybit,AAVE/USDT:USDT,298.66,8.83,298.67,1.5,298.7,359583.77,104860457.411
1753507258775,05:20:58.775,bybit,AAVE/USDT:USDT,298.66,8.83,298.67,1.51,298.7,359583.77,104860457.411
1753507259074,05:20:59.074,bybit,AAVE/USDT:USDT,298.69,3.89,298.7,0.02,298.67,359585.28,104860908.4027
1753507259174,05:20:59.174,bybit,AAVE/USDT:USDT,298.69,4.96,298.7,0.02,298.67,359585.28,104860908.4027
1753507259374,05:20:59.374,bybit,AAVE/USDT:USDT,298.69,4.96,298.71,0.03,298.67,359585.28,104860908.4027
1753507259574,05:20:59.574,bybit,AAVE/USDT:USDT,298.7,0.48,298.72,0.48,298.67,359585.28,104860908.4027
1753507259674,05:20:59.674,bybit,AAVE/USDT:USDT,298.7,0.48,298.72,0.44,298.67,359585.28,104860908.4027
1753507259774,05:20:59.774,bybit,AAVE/USDT:USDT,298.7,0.48,298.71,0.4,298.67,359585.28,104860908.4027
1753507260374,05:21:00.374,bybit,AAVE/USDT:USDT,298.7,0.56,298.71,0.4,298.67,359585.28,104860908.4027
1753507260975,05:21:00.975,bybit,AAVE/USDT:USDT,298.7,0.56,298.72,0.57,298.67,359585.28,104860908.4027
1753507261074,05:21:01.074,bybit,AAVE/USDT:USDT,298.71,0.55,298.72,0.44,298.67,359585.28,104860908.4027
1753507261375,05:21:01.375,bybit,AAVE/USDT:USDT,298.7,1.49,298.72,2.5,298.67,359585.28,104860908.4027
1753507261474,05:21:01.474,bybit,AAVE/USDT:USDT,298.7,1.07,298.71,0.42,298.67,359585.28,104860908.4027
1753507261574,05:21:01.574,bybit,AAVE/USDT:USDT,298.7,1.07,298.71,0.85,298.67,359585.28,104860908.4027
1753507261675,05:21:01.675,bybit,AAVE/USDT:USDT,298.7,1.07,298.71,0.43,298.67,359585.28,104860908.4027
1753507261774,05:21:01.774,bybit,AAVE/USDT:USDT,298.7,2.84,298.71,0.43,298.67,359585.28,104860908.4027
1753507261975,05:21:01.975,bybit,AAVE/USDT:USDT,298.7,5.03,298.71,0.43,298.67,359585.28,104860908.4027
1753507262875,05:21:02.875,bybit,AAVE/USDT:USDT,298.7,5.03,298.71,0.85,298.67,359585.28,104860908.4027
1753507263674,05:21:03.674,bybit,AAVE/USDT:USDT,298.7,5.68,298.71,0.85,298.67,359585.28,104860908.4027
1753507264274,05:21:04.274,bybit,AAVE/USDT:USDT,298.7,3.27,298.71,35.79,298.67,359585.28,104860908.4027
1753507264474,05:21:04.474,bybit,AAVE/USDT:USDT,298.7,6.92,298.71,35.37,298.67,359585.28,104860908.4027
1753507264574,05:21:04.574,bybit,AAVE/USDT:USDT,298.7,6.92,298.71,35.37,298.67,359585.28,104860908.4027
1753507265174,05:21:05.174,bybit,AAVE/USDT:USDT,298.7,6.91,298.71,35.37,298.67,359585.28,104860908.4027
1753507267474,05:21:07.474,bybit,AAVE/USDT:USDT,298.77,13.67,298.78,0.02,298.77,359659.24,104883002.6245
1753507267574,05:21:07.574,bybit,AAVE/USDT:USDT,298.77,12.21,298.78,0.02,298.77,359659.24,104883002.6245
1753507267674,05:21:07.674,bybit,AAVE/USDT:USDT,298.81,10.33,298.82,2.99,298.8,359660.22,104883295.4425
1753507267774,05:21:07.774,bybit,AAVE/USDT:USDT,298.81,9.43,298.82,0.57,298.8,359660.22,104883295.4425
1753507267874,05:21:07.874,bybit,AAVE/USDT:USDT,298.81,9.43,298.82,0.57,298.8,359660.22,104883295.4425
1753507268074,05:21:08.074,bybit,AAVE/USDT:USDT,298.81,9.51,298.82,0.57,298.8,359660.22,104883295.4425
1753507268174,05:21:08.174,bybit,AAVE/USDT:USDT,298.81,9.44,298.82,0.57,298.8,359660.22,104883295.4425
1753507268274,05:21:08.274,bybit,AAVE/USDT:USDT,298.81,9.93,298.82,0.57,298.8,359660.22,104883295.4425
1753507268375,05:21:08.375,bybit,AAVE/USDT:USDT,298.81,8.32,298.82,0.57,298.8,359660.22,104883295.4425
1753507268474,05:21:08.474,bybit,AAVE/USDT:USDT,298.81,8.32,298.82,0.57,298.8,359660.22,104883295.4425
1753507269374,05:21:09.374,bybit,AAVE/USDT:USDT,298.83,12.09,298.84,0.02,298.82,359660.79,104883465.7699
1753507269474,05:21:09.474,bybit,AAVE/USDT:USDT,298.83,13.66,298.84,0.02,298.82,359660.79,104883465.7699
1753507269674,05:21:09.674,bybit,AAVE/USDT:USDT,298.83,14.06,298.84,0.02,298.82,359660.79,104883465.7699
1753507269774,05:21:09.774,bybit,AAVE/USDT:USDT,298.85,14.61,298.86,0.09,298.85,359661.4,104883648.0682
1753507269874,05:21:09.874,bybit,AAVE/USDT:USDT,298.85,14.93,298.86,0.09,298.85,359661.4,104883648.0682
1753507269975,05:21:09.975,bybit,AAVE/USDT:USDT,298.85,14.93,298.86,0.09,298.85,359661.4,104883648.0682
1753507270275,05:21:10.275,bybit,AAVE/USDT:USDT,298.85,15.01,298.86,0.09,298.85,359661.4,104883648.0682
1753507270374,05:21:10.374,bybit,AAVE/USDT:USDT,298.87,9.99,298.88,0.03,298.87,359661.53,104883686.9204
1753507270474,05:21:10.474,bybit,AAVE/USDT:USDT,298.87,10.48,298.88,0.03,298.87,359661.53,104883686.9204
1753507270574,05:21:10.574,bybit,AAVE/USDT:USDT,298.87,9.11,298.88,0.03,298.87,359661.53,104883686.9204
1753507270674,05:21:10.674,bybit,AAVE/USDT:USDT,298.86,9.25,298.88,0.03,298.86,359672.76,104887043.1843
1753507270774,05:21:10.774,bybit,AAVE/USDT:USDT,298.87,2.92,298.88,0.03,298.86,359672.76,104887043.1843
1753507270974,05:21:10.974,bybit,AAVE/USDT:USDT,298.87,5.07,298.88,0.03,298.86,359672.76,104887043.1843
1753507271174,05:21:11.174,bybit,AAVE/USDT:USDT,298.87,5.07,298.88,0.03,298.86,359672.76,104887043.1843
1753507271774,05:21:11.774,bybit,AAVE/USDT:USDT,298.87,5.07,298.88,0.03,298.86,359672.76,104887043.1843
1753507272675,05:21:12.675,bybit,AAVE/USDT:USDT,298.87,5.07,298.88,0.03,298.86,359672.76,104887043.1843
1753507272775,05:21:12.775,bybit,AAVE/USDT:USDT,298.87,4.82,298.88,0.03,298.87,359673.01,104887117.9018
1753507272874,05:21:12.874,bybit,AAVE/USDT:USDT,298.87,4.82,298.88,0.03,298.87,359673.01,104887117.9018
1753507273274,05:21:13.274,bybit,AAVE/USDT:USDT,298.87,4.82,298.88,0.03,298.87,359673.01,104887117.9018
1753507274074,05:21:14.074,bybit,AAVE/USDT:USDT,298.87,6.38,298.88,0.03,298.87,359673.01,104887117.9018
1753507274474,05:21:14.474,bybit,AAVE/USDT:USDT,298.87,6.38,298.88,0.03,298.87,359673.01,104887117.9018
1753507274774,05:21:14.774,bybit,AAVE/USDT:USDT,298.87,6.28,298.88,0.03,298.87,359673.01,104887117.9018
1753507275774,05:21:15.774,bybit,AAVE/USDT:USDT,298.9,0.22,298.91,0.42,298.92,359673.78,104887348.0493
1753507275874,05:21:15.874,bybit,AAVE/USDT:USDT,298.9,0.36,298.91,0.42,298.92,359673.78,104887348.0493
1753507276274,05:21:16.274,bybit,AAVE/USDT:USDT,298.9,0.36,298.91,1.57,298.92,359673.78,104887348.0493
1753507276374,05:21:16.374,bybit,AAVE/USDT:USDT,298.9,5.46,298.91,1.15,298.92,359673.78,104887348.0493
1753507277575,05:21:17.575,bybit,AAVE/USDT:USDT,298.9,2.58,298.91,1.15,298.92,359673.78,104887348.0493
1753507277674,05:21:17.674,bybit,AAVE/USDT:USDT,298.9,0.07,298.91,3.73,298.92,359673.78,104887348.0493
1753507277774,05:21:17.774,bybit,AAVE/USDT:USDT,298.9,0.07,298.91,4.91,298.92,359673.78,104887348.0493
1753507279375,05:21:19.375,bybit,AAVE/USDT:USDT,298.9,0.07,298.91,3.73,298.92,359673.78,104887348.0493
1753507279975,05:21:19.975,bybit,AAVE/USDT:USDT,298.9,1.61,298.91,3.73,298.92,359673.78,104887348.0493
1753507280074,05:21:20.074,bybit,AAVE/USDT:USDT,298.9,0.07,298.91,3.73,298.92,359673.78,104887348.0493
1753507280174,05:21:20.174,bybit,AAVE/USDT:USDT,298.9,0.07,298.91,4.86,298.92,359673.78,104887348.0493
1753507280275,05:21:20.275,bybit,AAVE/USDT:USDT,298.9,0.07,298.91,4.89,298.92,359673.78,104887348.0493
1753507280775,05:21:20.775,bybit,AAVE/USDT:USDT,298.9,0.07,298.91,4.89,298.92,359673.78,104887348.0493
1753507281074,05:21:21.074,bybit,AAVE/USDT:USDT,298.9,4.01,298.91,2.28,298.92,359673.78,104887348.0493
1753507281174,05:21:21.174,bybit,AAVE/USDT:USDT,298.9,4.01,298.91,1.15,298.92,359673.78,104887348.0493
1753507281474,05:21:21.474,bybit,AAVE/USDT:USDT,298.9,0.07,298.91,1.15,298.92,359673.78,104887348.0493
1753507281574,05:21:21.574,bybit,AAVE/USDT:USDT,298.9,0.25,298.91,0.67,298.92,359673.78,104887348.0493
1753507281674,05:21:21.674,bybit,AAVE/USDT:USDT,298.9,5.01,298.91,0.67,298.92,359673.78,104887348.0493
1753507281974,05:21:21.974,bybit,AAVE/USDT:USDT,298.9,5.01,298.91,0.67,298.92,359673.78,104887348.0493
1753507282074,05:21:22.074,bybit,AAVE/USDT:USDT,298.9,2.95,298.91,0.67,298.92,359673.78,104887348.0493
1753507282274,05:21:22.274,bybit,AAVE/USDT:USDT,298.9,2.95,298.91,0.67,298.92,359673.78,104887348.0493
1753507282575,05:21:22.575,bybit,AAVE/USDT:USDT,298.9,2.95,298.91,0.67,298.92,359673.78,104887348.0493
1753507282774,05:21:22.774,bybit,AAVE/USDT:USDT,298.9,0.17,298.91,6.1,298.92,359673.78,104887348.0493
1753507282975,05:21:22.975,bybit,AAVE/USDT:USDT,298.9,0.17,298.91,3.67,298.92,359673.78,104887348.0493
1753507283274,05:21:23.274,bybit,AAVE/USDT:USDT,298.9,0.07,298.91,3.67,298.87,359674.11,104887446.6819
1753507283374,05:21:23.374,bybit,AAVE/USDT:USDT,298.9,0.07,298.91,3.67,298.87,359674.11,104887446.6819
1753507283475,05:21:23.475,bybit,AAVE/USDT:USDT,298.9,0.07,298.91,3.67,298.87,359674.11,104887446.6819
1753507283774,05:21:23.774,bybit,AAVE/USDT:USDT,298.9,0.07,298.91,3.67,298.87,359674.11,104887446.6819
1753507283875,05:21:23.875,bybit,AAVE/USDT:USDT,298.9,1.14,298.91,0.67,298.87,359674.11,104887446.6819
1753507284074,05:21:24.074,bybit,AAVE/USDT:USDT,298.9,4.29,298.91,0.67,298.87,359674.11,104887446.6819
1753507284374,05:21:24.374,bybit,AAVE/USDT:USDT,298.9,4.29,298.91,0.67,298.87,359674.11,104887446.6819
1753507285575,05:21:25.575,bybit,AAVE/USDT:USDT,298.9,6.15,298.91,0.67,298.87,359674.11,104887446.6819
1753507285874,05:21:25.874,bybit,AAVE/USDT:USDT,298.9,0.07,298.91,3.67,298.87,359674.11,104887446.6819
1753507285975,05:21:25.975,bybit,AAVE/USDT:USDT,298.9,0.07,298.91,4.03,298.87,359674.11,104887446.6819
1753507286074,05:21:26.074,bybit,AAVE/USDT:USDT,298.9,0.07,298.91,4.45,298.87,359674.11,104887446.6819
1753507286375,05:21:26.375,bybit,AAVE/USDT:USDT,298.9,0.07,298.91,4.44,298.87,359674.11,104887446.6819
1753507286474,05:21:26.474,bybit,AAVE/USDT:USDT,298.9,0.07,298.91,4.44,298.87,359674.11,104887446.6819
1753507286674,05:21:26.674,bybit,AAVE/USDT:USDT,298.9,0.07,298.91,3.41,298.87,359674.11,104887446.6819
1753507287375,05:21:27.375,bybit,AAVE/USDT:USDT,298.9,0.07,298.91,3.41,298.87,359674.11,104887446.6819
1753507287575,05:21:27.575,bybit,AAVE/USDT:USDT,298.9,0.07,298.91,4.79,298.87,359674.11,104887446.6819
1753507288274,05:21:28.274,bybit,AAVE/USDT:USDT,298.9,0.07,298.91,4.79,298.87,359674.11,104887446.6819
1753507288574,05:21:28.574,bybit,AAVE/USDT:USDT,298.88,1.29,298.89,0.42,298.9,359674.18,104887467.6049
1753507288674,05:21:28.674,bybit,AAVE/USDT:USDT,298.87,0.33,298.88,2.58,298.9,359674.18,104887467.6049
1753507288775,05:21:28.775,bybit,AAVE/USDT:USDT,298.87,2.26,298.88,2.99,298.9,359674.18,104887467.6049
1753507288874,05:21:28.874,bybit,AAVE/USDT:USDT,298.87,2.46,298.88,2.99,298.9,359674.18,104887467.6049
1753507289074,05:21:29.074,bybit,AAVE/USDT:USDT,298.87,4.76,298.88,2.99,298.9,359674.18,104887467.6049
1753507289774,05:21:29.774,bybit,AAVE/USDT:USDT,298.87,4.76,298.88,0.41,298.9,359674.18,104887467.6049
1753507290574,05:21:30.574,bybit,AAVE/USDT:USDT,298.87,2.46,298.88,2.99,298.9,359674.18,104887467.6049
1753507290774,05:21:30.774,bybit,AAVE/USDT:USDT,298.86,0.97,298.87,6.97,298.9,359674.18,104887467.6049
1753507290874,05:21:30.874,bybit,AAVE/USDT:USDT,298.86,0.09,298.87,9.62,298.86,359675.06,104887730.6017
1753507291074,05:21:31.074,bybit,AAVE/USDT:USDT,298.86,0.09,298.87,10.03,298.86,359675.06,104887730.6017
1753507291174,05:21:31.174,bybit,AAVE/USDT:USDT,298.86,0.09,298.87,7.45,298.86,359675.06,104887730.6017
1753507291274,05:21:31.274,bybit,AAVE/USDT:USDT,298.85,0.07,298.86,11.21,298.86,359675.15,104887757.4991
1753507291374,05:21:31.374,bybit,AAVE/USDT:USDT,298.82,0.02,298.83,15.16,298.83,359686.31,104891092.5091
1753507291475,05:21:31.475,bybit,AAVE/USDT:USDT,298.82,0.02,298.83,15.16,298.83,359686.31,104891092.5091
1753507291574,05:21:31.574,bybit,AAVE/USDT:USDT,298.82,0.02,298.83,14.01,298.83,359686.31,104891092.5091
1753507291775,05:21:31.775,bybit,AAVE/USDT:USDT,298.82,0.02,298.83,14.42,298.83,359686.31,104891092.5091
1753507292175,05:21:32.175,bybit,AAVE/USDT:USDT,298.82,0.02,298.83,14.42,298.83,359686.31,104891092.5091
1753507292475,05:21:32.475,bybit,AAVE/USDT:USDT,298.82,0.02,298.83,14.42,298.83,359686.31,104891092.5091
1753507292774,05:21:32.774,bybit,AAVE/USDT:USDT,298.82,0.02,298.83,14.42,298.83,359686.31,104891092.5091
1753507295874,05:21:35.874,bybit,AAVE/USDT:USDT,298.82,0.02,298.83,14.42,298.83,359439.94,104820278.6085
1753507295974,05:21:35.974,bybit,AAVE/USDT:USDT,298.82,0.02,298.83,14.74,298.83,359439.94,104820278.6085
1753507296174,05:21:36.174,bybit,AAVE/USDT:USDT,298.8,0.06,298.81,6.9,298.82,359439.96,104820284.5849
1753507296274,05:21:36.274,bybit,AAVE/USDT:USDT,298.8,0.06,298.81,6.97,298.82,359439.96,104820284.5849
1753507296374,05:21:36.374,bybit,AAVE/USDT:USDT,298.8,0.06,298.81,7.31,298.82,359439.96,104820284.5849
1753507296474,05:21:36.474,bybit,AAVE/USDT:USDT,298.8,0.06,298.81,8.54,298.82,359439.96,104820284.5849
1753507296574,05:21:36.574,bybit,AAVE/USDT:USDT,298.8,0.04,298.81,8.54,298.82,359439.96,104820284.5849
1753507296674,05:21:36.674,bybit,AAVE/USDT:USDT,298.8,0.84,298.81,6.13,298.82,359439.96,104820284.5849
1753507296774,05:21:36.774,bybit,AAVE/USDT:USDT,298.8,4.88,298.81,0.41,298.82,359439.96,104820284.5849
1753507296874,05:21:36.874,bybit,AAVE/USDT:USDT,298.8,0.35,298.81,3.41,298.82,359439.96,104820284.5849
1753507297175,05:21:37.175,bybit,AAVE/USDT:USDT,298.8,0.35,298.81,4.77,298.82,359439.96,104820284.5849
1753507297574,05:21:37.574,bybit,AAVE/USDT:USDT,298.8,0.35,298.81,4.77,298.82,359439.96,104820284.5849
1753507297874,05:21:37.874,bybit,AAVE/USDT:USDT,298.8,3.23,298.81,0.41,298.82,359439.96,104820284.5849
1753507297974,05:21:37.974,bybit,AAVE/USDT:USDT,298.8,3.23,298.81,0.57,298.82,359439.96,104820284.5849
1753507298174,05:21:38.174,bybit,AAVE/USDT:USDT,298.8,3.23,298.81,0.71,298.82,359439.96,104820284.5849
1753507299174,05:21:39.174,bybit,AAVE/USDT:USDT,298.8,0.35,298.81,3.02,298.82,359439.96,104820284.5849
1753507301775,05:21:41.775,bybit,AAVE/USDT:USDT,298.8,0.35,298.81,3.02,298.82,359439.96,104820284.5849
1753507304374,05:21:44.374,bybit,AAVE/USDT:USDT,298.8,0.35,298.81,2.6,298.82,359439.96,104820284.5849
1753507304575,05:21:44.575,bybit,AAVE/USDT:USDT,298.8,4.29,298.81,0.71,298.82,359439.96,104820284.5849
1753507305274,05:21:45.274,bybit,AAVE/USDT:USDT,298.8,0.35,298.81,2.96,298.82,359439.96,104820284.5849
1753507306374,05:21:46.374,bybit,AAVE/USDT:USDT,298.8,0.35,298.81,1.13,298.82,359439.96,104820284.5849
1753507306474,05:21:46.474,bybit,AAVE/USDT:USDT,298.8,0.35,298.81,3.06,298.82,359439.96,104820284.5849
1753507307775,05:21:47.775,bybit,AAVE/USDT:USDT,298.8,0.35,298.81,3.05,298.82,359439.96,104820284.5849
1753507308174,05:21:48.174,bybit,AAVE/USDT:USDT,298.8,3.14,298.81,0.7,298.82,359439.96,104820284.5849
1753507308374,05:21:48.374,bybit,AAVE/USDT:USDT,298.8,2.47,298.81,0.7,298.82,359439.96,104820284.5849
1753507308574,05:21:48.574,bybit,AAVE/USDT:USDT,298.8,0.35,298.81,0.7,298.82,359439.96,104820284.5849
1753507310374,05:21:50.374,bybit,AAVE/USDT:USDT,298.8,0.35,298.81,1.34,298.82,359439.96,104820284.5849
1753507311174,05:21:51.174,bybit,AAVE/USDT:USDT,298.8,0.35,298.81,3.05,298.82,359439.96,104820284.5849
1753507311574,05:21:51.574,bybit,AAVE/USDT:USDT,298.8,0.35,298.81,3.04,298.82,359439.96,104820284.5849
1753507312674,05:21:52.674,bybit,AAVE/USDT:USDT,298.8,0.35,298.81,3.03,298.82,359439.96,104820284.5849
1753507315474,05:21:55.474,bybit,AAVE/USDT:USDT,298.78,0.02,298.79,4.83,298.8,359440.31,104820389.1649
1753507315574,05:21:55.574,bybit,AAVE/USDT:USDT,298.78,0.02,298.79,4.83,298.8,359440.31,104820389.1649
1753507315675,05:21:55.675,bybit,AAVE/USDT:USDT,298.78,0.02,298.79,4.98,298.8,359440.31,104820389.1649
1753507315774,05:21:55.774,bybit,AAVE/USDT:USDT,298.78,0.02,298.79,6.36,298.8,359440.31,104820389.1649
1753507315875,05:21:55.875,bybit,AAVE/USDT:USDT,298.78,0.02,298.79,5.08,298.8,359440.31,104820389.1649
1753507315975,05:21:55.975,bybit,AAVE/USDT:USDT,298.78,0.02,298.79,3.48,298.8,359440.31,104820389.1649
1753507316075,05:21:56.075,bybit,AAVE/USDT:USDT,298.78,0.02,298.79,3.87,298.8,359440.31,104820389.1649
1753507316474,05:21:56.474,bybit,AAVE/USDT:USDT,298.78,0.02,298.79,4.65,298.8,359440.31,104820389.1649
1753507317574,05:21:57.574,bybit,AAVE/USDT:USDT,298.78,0.02,298.79,4.74,298.8,359440.31,104820389.1649
1753507318374,05:21:58.374,bybit,AAVE/USDT:USDT,298.78,0.02,298.79,4.76,298.8,359440.31,104820389.1649
1753507318574,05:21:58.574,bybit,AAVE/USDT:USDT,298.78,0.02,298.79,4.75,298.8,359440.31,104820389.1649
1753507319074,05:21:59.074,bybit,AAVE/USDT:USDT,298.76,1.23,298.77,0.42,298.77,359440.71,104820508.6731
1753507319175,05:21:59.175,bybit,AAVE/USDT:USDT,298.76,1.23,298.77,0.92,298.77,359440.71,104820508.6731
1753507319374,05:21:59.374,bybit,AAVE/USDT:USDT,298.76,1.23,298.77,1.06,298.77,359440.71,104820508.6731
1753507319474,05:21:59.474,bybit,AAVE/USDT:USDT,298.76,1.23,298.77,1.16,298.77,359440.71,104820508.6731
1753507320174,05:22:00.174,bybit,AAVE/USDT:USDT,298.76,1.23,298.77,0.74,298.77,359440.71,104820508.6731
1753507320574,05:22:00.574,bybit,AAVE/USDT:USDT,298.78,4.5,298.8,0.08,298.77,359441.45,104820729.7629
1753507320674,05:22:00.674,bybit,AAVE/USDT:USDT,298.79,3.0,298.8,0.02,298.77,359441.45,104820729.7629
1753507321974,05:22:01.974,bybit,AAVE/USDT:USDT,298.81,15.26,298.82,0.02,298.81,359442.04,104820906.0608
1753507322074,05:22:02.074,bybit,AAVE/USDT:USDT,298.81,11.09,298.82,0.02,298.81,359442.04,104820906.0608
1753507322174,05:22:02.174,bybit,AAVE/USDT:USDT,298.81,5.68,298.82,0.44,298.81,359442.04,104820906.0608
1753507322474,05:22:02.474,bybit,AAVE/USDT:USDT,298.81,5.68,298.82,0.44,298.81,359442.04,104820906.0608
1753507322674,05:22:02.674,bybit,AAVE/USDT:USDT,298.83,0.67,298.84,0.46,298.84,359442.63,104821082.3672
1753507322774,05:22:02.774,bybit,AAVE/USDT:USDT,298.82,1.09,298.83,0.42,298.84,359442.63,104821082.3672
1753507322874,05:22:02.874,bybit,AAVE/USDT:USDT,298.81,2.09,298.82,0.42,298.84,359442.63,104821082.3672
1753507323175,05:22:03.175,bybit,AAVE/USDT:USDT,298.81,2.09,298.83,0.42,298.84,359442.63,104821082.3672
1753507323474,05:22:03.474,bybit,AAVE/USDT:USDT,298.83,0.42,298.84,0.46,298.84,359442.63,104821082.3672
1753507323575,05:22:03.575,bybit,AAVE/USDT:USDT,298.82,1.36,298.84,0.88,298.84,359442.63,104821082.3672
1753507323875,05:22:03.875,bybit,AAVE/USDT:USDT,298.82,0.42,298.84,2.81,298.84,359442.63,104821082.3672
1753507324974,05:22:04.974,bybit,AAVE/USDT:USDT,298.8,5.04,298.82,1.46,298.84,359442.63,104821082.3672
1753507325074,05:22:05.074,bybit,AAVE/USDT:USDT,298.81,0.42,298.82,1.46,298.84,359442.63,104821082.3672
1753507325274,05:22:05.274,bybit,AAVE/USDT:USDT,298.8,0.46,298.81,0.78,298.84,359442.63,104821082.3672
1753507325674,05:22:05.674,bybit,AAVE/USDT:USDT,298.8,0.44,298.81,0.78,298.84,359442.63,104821082.3672
1753507325775,05:22:05.775,bybit,AAVE/USDT:USDT,298.8,0.44,298.81,4.64,298.84,359442.63,104821082.3672
1753507325975,05:22:05.975,bybit,AAVE/USDT:USDT,298.8,0.42,298.81,3.04,298.84,359442.63,104821082.3672
1753507326375,05:22:06.375,bybit,AAVE/USDT:USDT,298.8,0.42,298.81,0.36,298.84,359442.63,104821082.3672
1753507328074,05:22:08.074,bybit,AAVE/USDT:USDT,298.82,0.42,298.84,0.46,298.84,359442.63,104821082.3672
1753507328274,05:22:08.274,bybit,AAVE/USDT:USDT,298.83,2.58,298.84,0.46,298.84,359442.63,104821082.3672
1753507328575,05:22:08.575,bybit,AAVE/USDT:USDT,298.81,4.95,298.84,1.3,298.84,359442.63,104821082.3672
1753507328674,05:22:08.674,bybit,AAVE/USDT:USDT,298.81,0.42,298.83,0.42,298.84,359442.63,104821082.3672
1753507329074,05:22:09.074,bybit,AAVE/USDT:USDT,298.83,0.42,298.84,0.46,298.84,359442.63,104821082.3672
1753507330075,05:22:10.075,bybit,AAVE/USDT:USDT,298.82,0.12,298.83,0.42,298.84,359442.63,104821082.3672
1753507331274,05:22:11.274,bybit,AAVE/USDT:USDT,298.81,0.42,298.83,0.42,298.84,359442.63,104821082.3672
1753507331774,05:22:11.774,bybit,AAVE/USDT:USDT,298.81,0.42,298.83,0.42,298.84,359442.63,104821082.3672
1753507332174,05:22:12.174,bybit,AAVE/USDT:USDT,298.81,0.42,298.84,2.89,298.84,359442.63,104821082.3672
1753507332274,05:22:12.274,bybit,AAVE/USDT:USDT,298.81,3.0,298.84,2.89,298.84,359442.63,104821082.3672
1753507333274,05:22:13.274,bybit,AAVE/USDT:USDT,298.81,3.0,298.82,1.46,298.84,359442.63,104821082.3672
1753507335274,05:22:15.274,bybit,AAVE/USDT:USDT,298.81,4.2,298.84,2.72,298.82,359444.09,104821518.6444
1753507335375,05:22:15.375,bybit,AAVE/USDT:USDT,298.83,0.42,298.84,0.46,298.82,359444.09,104821518.6444
1753507335574,05:22:15.574,bybit,AAVE/USDT:USDT,298.81,5.74,298.84,2.1,298.82,359444.09,104821518.6444
1753507335674,05:22:15.674,bybit,AAVE/USDT:USDT,298.82,0.42,298.84,2.1,298.82,359444.09,104821518.6444
1753507335774,05:22:15.774,bybit,AAVE/USDT:USDT,298.82,0.42,298.83,0.78,298.82,359444.09,104821518.6444
1753507336274,05:22:16.274,bybit,AAVE/USDT:USDT,298.82,0.42,298.83,0.78,298.82,359444.09,104821518.6444
1753507336375,05:22:16.375,bybit,AAVE/USDT:USDT,298.82,0.57,298.83,0.36,298.82,359444.09,104821518.6444
1753507336575,05:22:16.575,bybit,AAVE/USDT:USDT,298.82,0.42,298.83,0.36,298.82,359444.09,104821518.6444
1753507337274,05:22:17.274,bybit,AAVE/USDT:USDT,298.82,1.07,298.83,0.36,298.82,359444.09,104821518.6444
1753507337874,05:22:17.874,bybit,AAVE/USDT:USDT,298.82,5.66,298.84,0.46,298.82,359444.09,104821518.6444
1753507337975,05:22:17.975,bybit,AAVE/USDT:USDT,298.83,1.07,298.84,0.46,298.82,359444.09,104821518.6444
1753507338574,05:22:18.574,bybit,AAVE/USDT:USDT,298.82,4.16,298.84,0.46,298.82,359444.09,104821518.6444
1753507338775,05:22:18.775,bybit,AAVE/USDT:USDT,298.82,1.92,298.84,0.46,298.82,359444.09,104821518.6444
1753507339074,05:22:19.074,bybit,AAVE/USDT:USDT,298.82,0.42,298.84,0.46,298.82,359444.09,104821518.6444
1753507339474,05:22:19.474,bybit,AAVE/USDT:USDT,298.8,0.46,298.82,1.46,298.82,359444.09,104821518.6444
1753507339575,05:22:19.575,bybit,AAVE/USDT:USDT,298.81,0.12,298.82,1.46,298.82,359444.09,104821518.6444
1753507339874,05:22:19.874,bybit,AAVE/USDT:USDT,298.83,0.42,298.84,0.46,298.82,359444.09,104821518.6444
1753507340475,05:22:20.475,bybit,AAVE/USDT:USDT,298.83,0.42,298.84,0.46,298.82,359444.09,104821518.6444
1753507340774,05:22:20.774,bybit,AAVE/USDT:USDT,298.83,0.42,298.84,0.46,298.82,359444.09,104821518.6444
1753507340874,05:22:20.874,bybit,AAVE/USDT:USDT,298.83,0.42,298.84,0.46,298.82,359264.48,104769957.2723
1753507340974,05:22:20.974,bybit,AAVE/USDT:USDT,298.82,0.42,298.83,2.63,298.82,359264.48,104769957.2723
1753507341075,05:22:21.075,bybit,AAVE/USDT:USDT,298.82,0.42,298.83,1.11,298.82,359264.48,104769957.2723
1753507341175,05:22:21.175,bybit,AAVE/USDT:USDT,298.82,0.42,298.84,4.62,298.82,359264.48,104769957.2723
1753507341874,05:22:21.874,bybit,AAVE/USDT:USDT,298.83,0.12,298.84,0.46,298.82,359264.48,104769957.2723
1753507342474,05:22:22.474,bybit,AAVE/USDT:USDT,298.83,0.12,298.84,0.68,298.82,359264.48,104769957.2723
1753507342574,05:22:22.574,bybit,AAVE/USDT:USDT,298.83,0.12,298.84,0.68,298.82,359264.48,104769957.2723
1753507342674,05:22:22.674,bybit,AAVE/USDT:USDT,298.85,6.75,298.86,0.02,298.84,359265.69,104770318.8687
1753507342775,05:22:22.775,bybit,AAVE/USDT:USDT,298.97,13.18,298.98,0.57,298.97,359286.51,104776542.846
1753507342874,05:22:22.874,bybit,AAVE/USDT:USDT,298.97,0.42,298.98,4.75,298.97,359286.51,104776542.846
1753507342974,05:22:22.974,bybit,AAVE/USDT:USDT,298.97,1.1,298.98,0.57,298.97,359286.51,104776542.846
1753507343074,05:22:23.074,bybit,AAVE/USDT:USDT,298.99,8.45,299.0,10.4,298.98,359287.08,104776713.2646
1753507343174,05:22:23.174,bybit,AAVE/USDT:USDT,298.98,9.29,299.0,10.4,298.98,359287.08,104776713.2646
1753507343274,05:22:23.274,bybit,AAVE/USDT:USDT,298.98,5.94,299.0,10.4,298.98,359287.08,104776713.2646
1753507343375,05:22:23.375,bybit,AAVE/USDT:USDT,298.98,4.79,299.0,10.4,298.98,359287.08,104776713.2646
1753507343474,05:22:23.474,bybit,AAVE/USDT:USDT,298.99,1.67,299.0,10.4,298.98,359287.08,104776713.2646
1753507343574,05:22:23.574,bybit,AAVE/USDT:USDT,298.99,2.57,299.0,10.4,298.98,359287.08,104776713.2646
1753507343875,05:22:23.875,bybit,AAVE/USDT:USDT,298.99,0.33,299.0,10.4,298.98,359287.08,104776713.2646
1753507344074,05:22:24.074,bybit,AAVE/USDT:USDT,298.99,0.33,299.0,10.4,298.98,359287.08,104776713.2646
1753507344374,05:22:24.374,bybit,AAVE/USDT:USDT,298.99,0.33,299.0,10.4,298.98,359287.08,104776713.2646
1753507344675,05:22:24.675,bybit,AAVE/USDT:USDT,298.95,0.42,298.96,1.35,298.99,359287.41,104776811.9313
1753507344775,05:22:24.775,bybit,AAVE/USDT:USDT,298.95,0.42,298.96,2.12,298.99,359287.41,104776811.9313
1753507345074,05:22:25.074,bybit,AAVE/USDT:USDT,298.95,0.42,298.96,0.77,298.99,359287.41,104776811.9313
1753507345375,05:22:25.375,bybit,AAVE/USDT:USDT,298.95,0.42,298.97,0.42,298.99,359287.41,104776811.9313
1753507345574,05:22:25.574,bybit,AAVE/USDT:USDT,298.93,2.22,298.94,1.6,298.99,359287.41,104776811.9313
1753507345674,05:22:25.674,bybit,AAVE/USDT:USDT,298.93,0.42,298.95,1.6,298.99,359287.41,104776811.9313
1753507345874,05:22:25.874,bybit,AAVE/USDT:USDT,298.93,0.42,298.95,0.42,298.99,359287.41,104776811.9313
1753507345974,05:22:25.974,bybit,AAVE/USDT:USDT,298.94,0.42,298.95,0.42,298.99,359287.41,104776811.9313
1753507346274,05:22:26.274,bybit,AAVE/USDT:USDT,298.93,0.42,298.94,2.58,298.99,359287.41,104776811.9313
1753507346374,05:22:26.374,bybit,AAVE/USDT:USDT,298.92,0.42,298.93,3.06,298.99,359287.41,104776811.9313
1753507346474,05:22:26.474,bybit,AAVE/USDT:USDT,298.92,0.42,298.93,1.46,298.99,359287.41,104776811.9313
1753507346674,05:22:26.674,bybit,AAVE/USDT:USDT,299.01,11.85,299.02,0.02,299.01,359299.42,104780402.8835
1753507346774,05:22:26.774,bybit,AAVE/USDT:USDT,299.13,1.15,299.14,2.5,299.13,359319.19,104786316.0805
1753507346874,05:22:26.874,bybit,AAVE/USDT:USDT,299.13,1.97,299.14,2.5,299.13,359319.35,104786363.9413
1753507346974,05:22:26.974,bybit,AAVE/USDT:USDT,299.12,0.52,299.13,0.78,299.13,359319.35,104786363.9413
1753507347074,05:22:27.074,bybit,AAVE/USDT:USDT,299.12,0.94,299.13,0.36,299.13,359319.68,104786462.6542
1753507347274,05:22:27.274,bybit,AAVE/USDT:USDT,299.1,3.33,299.12,2.92,299.13,359319.68,104786462.6542
1753507347374,05:22:27.374,bybit,AAVE/USDT:USDT,299.1,0.02,299.11,13.03,299.13,359319.68,104786462.6542
1753507347475,05:22:27.475,bybit,AAVE/USDT:USDT,299.1,0.02,299.11,14.03,299.13,359319.68,104786462.6542
1753507347574,05:22:27.574,bybit,AAVE/USDT:USDT,299.1,0.02,299.11,11.43,299.13,359319.68,104786462.6542
1753507347874,05:22:27.874,bybit,AAVE/USDT:USDT,299.1,0.02,299.11,11.54,299.13,359319.68,104786462.6542
1753507347975,05:22:27.975,bybit,AAVE/USDT:USDT,299.1,0.02,299.11,11.54,299.13,359319.68,104786462.6542
1753507348074,05:22:28.074,bybit,AAVE/USDT:USDT,299.04,5.41,299.05,13.5,299.05,359329.77,104789480.1567
1753507348174,05:22:28.174,bybit,AAVE/USDT:USDT,299.04,5.41,299.05,13.5,299.05,359329.77,104789480.1567
1753507348474,05:22:28.474,bybit,AAVE/USDT:USDT,299.04,5.41,299.05,5.87,299.05,359330.64,104789740.3302
1753507348574,05:22:28.574,bybit,AAVE/USDT:USDT,299.04,5.41,299.05,5.98,299.05,359330.64,104789740.3302
1753507348674,05:22:28.674,bybit,AAVE/USDT:USDT,299.04,5.41,299.05,3.96,299.05,359330.64,104789740.3302
1753507349375,05:22:29.375,bybit,AAVE/USDT:USDT,299.04,5.41,299.05,3.99,299.05,359330.64,104789740.3302
1753507349474,05:22:29.474,bybit,AAVE/USDT:USDT,299.04,5.41,299.05,3.99,299.05,359330.64,104789740.3302
1753507349574,05:22:29.574,bybit,AAVE/USDT:USDT,299.04,5.08,299.05,3.99,299.04,359330.97,104789839.0134
1753507349674,05:22:29.674,bybit,AAVE/USDT:USDT,299.1,11.48,299.14,2.54,299.1,359331.21,104789910.7892
1753507349774,05:22:29.774,bybit,AAVE/USDT:USDT,299.17,11.38,299.18,0.18,299.17,359340.02,104792546.3082
1753507349874,05:22:29.874,bybit,AAVE/USDT:USDT,299.17,15.5,299.18,0.18,299.17,359340.02,104792546.3082
1753507349975,05:22:29.975,bybit,AAVE/USDT:USDT,299.17,10.32,299.18,0.18,299.17,359340.02,104792546.3082
1753507350074,05:22:30.074,bybit,AAVE/USDT:USDT,299.17,10.25,299.18,0.18,299.17,359340.02,104792546.3082
1753507350274,05:22:30.274,bybit,AAVE/USDT:USDT,299.16,1.49,299.17,5.85,299.17,359340.1,104792570.2418
1753507350374,05:22:30.374,bybit,AAVE/USDT:USDT,299.12,0.42,299.14,2.5,299.13,359349.56,104795400.0496
1753507350475,05:22:30.475,bybit,AAVE/USDT:USDT,299.12,0.42,299.14,2.5,299.13,359349.56,104795400.0496
1753507350574,05:22:30.574,bybit,AAVE/USDT:USDT,299.11,0.42,299.12,1.46,299.13,359349.56,104795400.0496
1753507350674,05:22:30.674,bybit,AAVE/USDT:USDT,299.11,0.42,299.12,3.64,299.13,359349.56,104795400.0496
1753507350774,05:22:30.774,bybit,AAVE/USDT:USDT,299.1,0.96,299.11,0.68,299.13,359349.56,104795400.0496
1753507351274,05:22:31.274,bybit,AAVE/USDT:USDT,299.1,0.96,299.11,0.68,299.13,359349.56,104795400.0496
1753507351575,05:22:31.575,bybit,AAVE/USDT:USDT,299.1,0.96,299.11,3.43,299.13,359349.56,104795400.0496
1753507351674,05:22:31.674,bybit,AAVE/USDT:USDT,299.1,0.96,299.11,4.52,299.13,359349.56,104795400.0496
1753507351774,05:22:31.774,bybit,AAVE/USDT:USDT,299.05,1.7,299.07,3.63,299.13,359349.56,104795400.0496
1753507351874,05:22:31.874,bybit,AAVE/USDT:USDT,299.05,1.68,299.06,5.17,299.06,359349.89,104795498.7394
1753507351975,05:22:31.975,bybit,AAVE/USDT:USDT,299.07,0.42,299.08,2.17,299.06,359352.06,104796147.6996
1753507352475,05:22:32.475,bybit,AAVE/USDT:USDT,299.07,0.42,299.08,1.09,299.06,359352.06,104796147.6996
1753507352575,05:22:32.575,bybit,AAVE/USDT:USDT,299.07,2.52,299.08,1.09,299.06,359352.06,104796147.6996
1753507352774,05:22:32.774,bybit,AAVE/USDT:USDT,299.07,2.52,299.08,1.09,299.06,359352.06,104796147.6996
1753507353175,05:22:33.175,bybit,AAVE/USDT:USDT,299.07,2.52,299.08,0.86,299.06,359352.06,104796147.6996
1753507353474,05:22:33.474,bybit,AAVE/USDT:USDT,299.07,4.05,299.08,0.86,299.06,359352.06,104796147.6996
1753507353574,05:22:33.574,bybit,AAVE/USDT:USDT,299.11,3.67,299.12,0.02,299.1,359352.96,104796416.8724
1753507353674,05:22:33.674,bybit,AAVE/USDT:USDT,299.22,1.44,299.23,7.75,299.24,359368.91,104801189.274
1753507353774,05:22:33.774,bybit,AAVE/USDT:USDT,299.21,0.07,299.22,4.2,299.24,359368.91,104801189.274
1753507353874,05:22:33.874,bybit,AAVE/USDT:USDT,299.23,0.42,299.25,0.04,299.24,359368.91,104801189.274
1753507353975,05:22:33.975,bybit,AAVE/USDT:USDT,299.22,0.59,299.24,0.42,299.24,359368.91,104801189.274
1753507354074,05:22:34.074,bybit,AAVE/USDT:USDT,299.22,0.59,299.24,2.43,299.24,359368.91,104801189.274
1753507354175,05:22:34.175,bybit,AAVE/USDT:USDT,299.2,0.68,299.23,0.46,299.2,359369.32,104801311.9467
1753507354275,05:22:34.275,bybit,AAVE/USDT:USDT,299.2,0.68,299.21,0.42,299.2,359369.32,104801311.9467
1753507354375,05:22:34.375,bybit,AAVE/USDT:USDT,299.2,0.39,299.21,8.48,299.2,359369.98,104801509.422
1753507354474,05:22:34.474,bybit,AAVE/USDT:USDT,299.2,0.04,299.21,5.57,299.21,359370.31,104801608.1613
1753507354574,05:22:34.574,bybit,AAVE/USDT:USDT,299.2,0.04,299.21,5.57,299.21,359370.31,104801608.1613
1753507354774,05:22:34.774,bybit,AAVE/USDT:USDT,299.2,0.02,299.21,7.31,299.21,359370.31,104801608.1613
1753507354874,05:22:34.874,bybit,AAVE/USDT:USDT,299.17,2.56,299.18,3.53,299.17,359370.61,104801697.9136
1753507354974,05:22:34.974,bybit,AAVE/USDT:USDT,299.17,2.56,299.18,1.46,299.17,359370.61,104801697.9136
1753507355074,05:22:35.074,bybit,AAVE/USDT:USDT,299.17,2.56,299.18,1.82,299.17,359370.61,104801697.9136
1753507355174,05:22:35.174,bybit,AAVE/USDT:USDT,299.15,4.19,299.16,1.46,299.17,359370.61,104801697.9136
1753507355474,05:22:35.474,bybit,AAVE/USDT:USDT,299.15,4.19,299.16,1.46,299.17,359370.61,104801697.9136
1753507355574,05:22:35.574,bybit,AAVE/USDT:USDT,299.13,5.6,299.16,4.23,299.17,359370.61,104801697.9136
1753507355674,05:22:35.674,bybit,AAVE/USDT:USDT,299.13,5.56,299.14,3.06,299.17,359370.61,104801697.9136
1753507355775,05:22:35.775,bybit,AAVE/USDT:USDT,299.13,5.56,299.14,3.06,299.17,359370.61,104801697.9136
1753507356174,05:22:36.174,bybit,AAVE/USDT:USDT,299.13,8.72,299.14,1.46,299.17,359370.61,104801697.9136
1753507356374,05:22:36.374,bybit,AAVE/USDT:USDT,299.13,8.72,299.14,1.46,299.17,359370.61,104801697.9136
1753507356674,05:22:36.674,bybit,AAVE/USDT:USDT,299.13,8.72,299.16,2.81,299.17,359370.61,104801697.9136
1753507356774,05:22:36.774,bybit,AAVE/USDT:USDT,299.15,0.38,299.16,2.77,299.17,359370.61,104801697.9136
1753507356874,05:22:36.874,bybit,AAVE/USDT:USDT,299.15,0.33,299.16,7.6,299.17,359370.61,104801697.9136
1753507357274,05:22:37.274,bybit,AAVE/USDT:USDT,299.15,0.33,299.16,7.6,299.17,359370.61,104801697.9136
1753507357375,05:22:37.375,bybit,AAVE/USDT:USDT,299.15,0.25,299.16,7.6,299.15,359370.69,104801721.8456
1753507357475,05:22:37.475,bybit,AAVE/USDT:USDT,299.13,8.64,299.14,3.39,299.13,359371.02,104801820.5635
1753507357574,05:22:37.574,bybit,AAVE/USDT:USDT,299.23,9.5,299.24,0.02,299.2,359374.12,104802747.9589
1753507357674,05:22:37.674,bybit,AAVE/USDT:USDT,299.23,3.96,299.24,0.68,299.24,359374.14,104802753.9437
1753507357774,05:22:37.774,bybit,AAVE/USDT:USDT,299.24,0.42,299.25,3.82,299.26,359386.78,104806536.7036
1753507357874,05:22:37.874,bybit,AAVE/USDT:USDT,299.25,0.42,299.26,1.17,299.26,359386.78,104806536.7036
1753507357974,05:22:37.974,bybit,AAVE/USDT:USDT,299.25,1.89,299.26,1.17,299.26,359386.78,104806536.7036
1753507358074,05:22:38.074,bybit,AAVE/USDT:USDT,299.25,0.42,299.26,1.17,299.26,359386.78,104806536.7036
1753507358174,05:22:38.174,bybit,AAVE/USDT:USDT,299.25,0.42,299.26,1.17,299.26,359386.78,104806536.7036
1753507358274,05:22:38.274,bybit,AAVE/USDT:USDT,299.25,2.77,299.26,0.47,299.26,359387.78,104806835.9636
1753507358475,05:22:38.475,bybit,AAVE/USDT:USDT,299.26,0.42,299.27,2.03,299.26,359387.78,104806835.9636
1753507358875,05:22:38.875,bybit,AAVE/USDT:USDT,299.25,2.77,299.26,4.14,299.26,359387.78,104806835.9636
1753507359074,05:22:39.074,bybit,AAVE/USDT:USDT,299.25,2.77,299.26,4.14,299.26,359387.78,104806835.9636
1753507359374,05:22:39.374,bybit,AAVE/USDT:USDT,299.25,2.77,299.26,4.14,299.26,359387.78,104806835.9636
1753507359875,05:22:39.875,bybit,AAVE/USDT:USDT,299.25,2.77,299.26,2.98,299.26,359387.78,104806835.9636
1753507360074,05:22:40.074,bybit,AAVE/USDT:USDT,299.25,2.61,299.26,3.72,299.25,359387.94,104806883.8436
1753507360274,05:22:40.274,bybit,AAVE/USDT:USDT,299.25,2.77,299.26,3.72,299.25,359387.94,104806883.8436
1753507360374,05:22:40.374,bybit,AAVE/USDT:USDT,299.25,2.77,299.26,1.46,299.25,359387.94,104806883.8436
1753507360474,05:22:40.474,bybit,AAVE/USDT:USDT,299.26,0.42,299.27,2.03,299.25,359387.94,104806883.8436
1753507360575,05:22:40.575,bybit,AAVE/USDT:USDT,299.26,0.42,299.27,2.03,299.25,359387.94,104806883.8436
1753507360774,05:22:40.774,bybit,AAVE/USDT:USDT,299.25,2.77,299.27,2.03,299.25,359387.94,104806883.8436
1753507361074,05:22:41.074,bybit,AAVE/USDT:USDT,299.26,0.16,299.27,2.03,299.25,359387.94,104806883.8436
1753507361274,05:22:41.274,bybit,AAVE/USDT:USDT,299.26,0.11,299.27,2.03,299.26,359387.99,104806898.8066
1753507361375,05:22:41.375,bybit,AAVE/USDT:USDT,299.26,0.11,299.27,2.03,299.26,359387.99,104806898.8066
1753507361674,05:22:41.674,bybit,AAVE/USDT:USDT,299.26,0.53,299.27,2.03,299.26,359387.99,104806898.8066
1753507361775,05:22:41.775,bybit,AAVE/USDT:USDT,299.26,0.53,299.27,2.03,299.26,359387.99,104806898.8066
1753507361874,05:22:41.874,bybit,AAVE/USDT:USDT,299.26,0.11,299.27,2.03,299.26,359387.99,104806898.8066
1753507362274,05:22:42.274,bybit,AAVE/USDT:USDT,299.26,0.11,299.27,2.26,299.26,359387.99,104806898.8066
1753507362374,05:22:42.374,bybit,AAVE/USDT:USDT,299.26,0.11,299.27,2.26,299.26,359387.99,104806898.8066
1753507362475,05:22:42.475,bybit,AAVE/USDT:USDT,299.25,2.39,299.26,6.39,299.25,359388.32,104806997.5602
1753507362574,05:22:42.574,bybit,AAVE/USDT:USDT,299.25,2.39,299.26,6.39,299.25,359388.32,104806997.5602
1753507362674,05:22:42.674,bybit,AAVE/USDT:USDT,299.25,2.39,299.26,6.39,299.25,359388.32,104806997.5602
1753507363274,05:22:43.274,bybit,AAVE/USDT:USDT,299.25,2.39,299.26,3.62,299.25,359388.32,104806997.5602
