timestamp,time,exchange,symbol,bid,bidVolume,ask,askVolume,lastPrice,baseVolume,quoteVolume
1753504800261,04:40:00.261,gateio,AAVE/USDT:USDT,,,,,297.57,355857.0,105892396.0
1753504810284,04:40:10.284,gateio,AAVE/USDT:USDT,,,,,297.57,355856.0,105892396.0
1753504811256,04:40:11.256,gateio,AAVE/USDT:USDT,,,,,297.53,355865.0,105880548.0
1753504812262,04:40:12.262,gateio,AAVE/USDT:USDT,,,,,297.53,355865.0,105880548.0
1753504816259,04:40:16.259,gateio,AAVE/USDT:USDT,,,,,297.6,355869.0,105906662.0
1753504817272,04:40:17.272,gateio,AAVE/USDT:USDT,,,,,297.62,355877.0,105916190.0
1753504826263,04:40:26.263,gateio,AAVE/USDT:USDT,,,,,297.62,355877.0,105916190.0
1753504836300,04:40:36.300,gateio,AAVE/USDT:USDT,,,,,297.62,355877.0,105916190.0
1753504839252,04:40:39.252,gateio,AAVE/USDT:USDT,,,,,297.56,355877.0,105895032.0
1753504840256,04:40:40.256,gateio,AAVE/USDT:USDT,,,,,297.49,355878.0,105870324.0
1753504841255,04:40:41.255,gateio,AAVE/USDT:USDT,,,,,297.49,355878.0,105870324.0
1753504842272,04:40:42.272,gateio,AAVE/USDT:USDT,,,,,297.49,355878.0,105870324.0
1753504844253,04:40:44.253,gateio,AAVE/USDT:USDT,,,,,297.49,355878.0,105870324.0
1753504852255,04:40:52.255,gateio,AAVE/USDT:USDT,,,,,297.49,355878.0,105870324.0
1753504857271,04:40:57.271,gateio,AAVE/USDT:USDT,,,,,297.49,355878.0,105870324.0
1753504859281,04:40:59.281,gateio,AAVE/USDT:USDT,,,,,297.61,355888.0,105916088.0
1753504860267,04:41:00.267,gateio,AAVE/USDT:USDT,,,,,297.61,355888.0,105916088.0
1753504864261,04:41:04.261,gateio,AAVE/USDT:USDT,,,,,297.63,355890.0,105923670.0
1753504866262,04:41:06.262,gateio,AAVE/USDT:USDT,,,,,297.67,355890.0,105937966.0
1753504870277,04:41:10.277,gateio,AAVE/USDT:USDT,,,,,297.67,355878.0,105934382.0
1753504876280,04:41:16.280,gateio,AAVE/USDT:USDT,,,,,297.71,355878.0,105948694.0
1753504877253,04:41:17.253,gateio,AAVE/USDT:USDT,,,,,297.71,355878.0,105948694.0
1753504885260,04:41:25.260,gateio,AAVE/USDT:USDT,,,,,297.71,355878.0,105948694.0
1753504887279,04:41:27.279,gateio,AAVE/USDT:USDT,,,,,297.83,355886.0,105993562.0
1753504889278,04:41:29.278,gateio,AAVE/USDT:USDT,,,,,297.74,355893.0,105963820.0
1753504893274,04:41:33.274,gateio,AAVE/USDT:USDT,,,,,297.74,355893.0,105963820.0
1753504901276,04:41:41.276,gateio,AAVE/USDT:USDT,,,,,297.85,355894.0,106003026.0
1753504902266,04:41:42.266,gateio,AAVE/USDT:USDT,,,,,297.86,355900.0,106008636.0
1753504904259,04:41:44.259,gateio,AAVE/USDT:USDT,,,,,297.86,355907.0,106010684.0
1753504905263,04:41:45.263,gateio,AAVE/USDT:USDT,,,,,297.86,355921.0,106014782.0
1753504906256,04:41:46.256,gateio,AAVE/USDT:USDT,,,,,297.86,355935.0,106018882.0
1753504910252,04:41:50.252,gateio,AAVE/USDT:USDT,,,,,297.86,355944.0,106021634.0
1753504912265,04:41:52.265,gateio,AAVE/USDT:USDT,,,,,297.86,355944.0,106021634.0
1753504913273,04:41:53.273,gateio,AAVE/USDT:USDT,,,,,297.87,355951.0,106027242.0
1753504920260,04:42:00.260,gateio,AAVE/USDT:USDT,,,,,297.87,355955.0,106028470.0
1753504922261,04:42:02.261,gateio,AAVE/USDT:USDT,,,,,297.91,355964.0,106045490.0
1753504923279,04:42:03.279,gateio,AAVE/USDT:USDT,,,,,297.91,355964.0,106045490.0
1753504925257,04:42:05.257,gateio,AAVE/USDT:USDT,,,,,297.92,355964.0,106049056.0
1753504926279,04:42:06.279,gateio,AAVE/USDT:USDT,,,,,297.96,355975.0,106066500.0
1753504927257,04:42:07.257,gateio,AAVE/USDT:USDT,,,,,297.96,355975.0,106066500.0
1753504930254,04:42:10.254,gateio,AAVE/USDT:USDT,,,,,297.96,355962.0,106062866.0
1753504931260,04:42:11.260,gateio,AAVE/USDT:USDT,,,,,297.95,355973.0,106062166.0
1753504937258,04:42:17.258,gateio,AAVE/USDT:USDT,,,,,297.98,355973.0,106072922.0
1753504941255,04:42:21.255,gateio,AAVE/USDT:USDT,,,,,298.05,355978.0,106099302.0
1753504943251,04:42:23.251,gateio,AAVE/USDT:USDT,,,,,297.98,355986.0,106076790.0
1753504944269,04:42:24.269,gateio,AAVE/USDT:USDT,,,,,297.98,355986.0,106076790.0
1753504946254,04:42:26.254,gateio,AAVE/USDT:USDT,,,,,298.01,355995.0,106090194.0
1753504954263,04:42:34.263,gateio,AAVE/USDT:USDT,,,,,298.01,355995.0,106090194.0
1753504964256,04:42:44.256,gateio,AAVE/USDT:USDT,,,,,298.01,355995.0,106090194.0
1753504984251,04:43:04.251,gateio,AAVE/USDT:USDT,,,,,298.01,355995.0,106090194.0
1753504990259,04:43:10.259,gateio,AAVE/USDT:USDT,,,,,298.01,356018.0,106097418.0
1753505020258,04:43:40.258,gateio,AAVE/USDT:USDT,,,,,297.98,356023.0,106087964.0
1753505021273,04:43:41.273,gateio,AAVE/USDT:USDT,,,,,298.02,356031.0,106104488.0
1753505024260,04:43:44.260,gateio,AAVE/USDT:USDT,,,,,298.02,356031.0,106104488.0
1753505049292,04:44:09.292,gateio,AAVE/USDT:USDT,,,,,298.02,356030.0,106104488.0
1753505074254,04:44:34.254,gateio,AAVE/USDT:USDT,,,,,298.02,356030.0,106104488.0
1753505096262,04:44:56.262,gateio,AAVE/USDT:USDT,,,,,298.05,356031.0,106115288.0
1753505106258,04:45:06.258,gateio,AAVE/USDT:USDT,,,,,298.05,356031.0,106115288.0
1753505108264,04:45:08.264,gateio,AAVE/USDT:USDT,,,,,297.98,356037.0,106092094.0
1753505109258,04:45:09.258,gateio,AAVE/USDT:USDT,,,,,297.98,356037.0,106092094.0
1753505110278,04:45:10.278,gateio,AAVE/USDT:USDT,,,,,297.98,356030.0,106090366.0
1753505111256,04:45:11.256,gateio,AAVE/USDT:USDT,,,,,297.97,356038.0,106088892.0
1753505114255,04:45:14.255,gateio,AAVE/USDT:USDT,,,,,297.98,356045.0,106094288.0
1753505117259,04:45:17.259,gateio,AAVE/USDT:USDT,,,,,298.0,356051.0,106103310.0
1753505120251,04:45:20.251,gateio,AAVE/USDT:USDT,,,,,297.98,356057.0,106097894.0
1753505123263,04:45:23.263,gateio,AAVE/USDT:USDT,,,,,297.99,356063.0,106103236.0
1753505129268,04:45:29.268,gateio,AAVE/USDT:USDT,,,,,297.99,356068.0,106104864.0
1753505144275,04:45:44.275,gateio,AAVE/USDT:USDT,,,,,297.98,356073.0,106102864.0
1753505147264,04:45:47.264,gateio,AAVE/USDT:USDT,,,,,297.98,356080.0,106104908.0
1753505149254,04:45:49.254,gateio,AAVE/USDT:USDT,,,,,297.96,356080.0,106097834.0
1753505153266,04:45:53.266,gateio,AAVE/USDT:USDT,,,,,297.97,356088.0,106103552.0
1753505156262,04:45:56.262,gateio,AAVE/USDT:USDT,,,,,297.97,356094.0,106105506.0
1753505159270,04:45:59.270,gateio,AAVE/USDT:USDT,,,,,297.98,356100.0,106110820.0
1753505162255,04:46:02.255,gateio,AAVE/USDT:USDT,,,,,297.98,356106.0,106112524.0
1753505168279,04:46:08.279,gateio,AAVE/USDT:USDT,,,,,297.97,356112.0,106110758.0
1753505170269,04:46:10.269,gateio,AAVE/USDT:USDT,,,,,297.97,356106.0,106108988.0
1753505171263,04:46:11.263,gateio,AAVE/USDT:USDT,,,,,298.02,356113.0,106128832.0
1753505174268,04:46:14.268,gateio,AAVE/USDT:USDT,,,,,298.03,356118.0,106134096.0
1753505175272,04:46:15.272,gateio,AAVE/USDT:USDT,,,,,298.03,356118.0,106134096.0
1753505177261,04:46:17.261,gateio,AAVE/USDT:USDT,,,,,297.99,356124.0,106121616.0
1753505178255,04:46:18.255,gateio,AAVE/USDT:USDT,,,,,297.99,356124.0,106121616.0
1753505180257,04:46:20.257,gateio,AAVE/USDT:USDT,,,,,298.0,356131.0,106127324.0
1753505183273,04:46:23.273,gateio,AAVE/USDT:USDT,,,,,297.96,356138.0,106114944.0
1753505186271,04:46:26.271,gateio,AAVE/USDT:USDT,,,,,298.03,356143.0,106141542.0
1753505187280,04:46:27.280,gateio,AAVE/USDT:USDT,,,,,298.03,356143.0,106141542.0
1753505189273,04:46:29.273,gateio,AAVE/USDT:USDT,,,,,298.02,356150.0,106139828.0
1753505195276,04:46:35.276,gateio,AAVE/USDT:USDT,,,,,298.02,356156.0,106141878.0
1753505197251,04:46:37.251,gateio,AAVE/USDT:USDT,,,,,298.02,356156.0,106141878.0
1753505198259,04:46:38.259,gateio,AAVE/USDT:USDT,,,,,297.94,356162.0,106115042.0
1753505199256,04:46:39.256,gateio,AAVE/USDT:USDT,,,,,297.94,356162.0,106115042.0
1753505201263,04:46:41.263,gateio,AAVE/USDT:USDT,,,,,297.95,356169.0,106120582.0
1753505207277,04:46:47.277,gateio,AAVE/USDT:USDT,,,,,297.95,356176.0,106122740.0
1753505209274,04:46:49.274,gateio,AAVE/USDT:USDT,,,,,297.94,356176.0,106119280.0
1753505210257,04:46:50.257,gateio,AAVE/USDT:USDT,,,,,297.93,356181.0,106117296.0
1753505213268,04:46:53.268,gateio,AAVE/USDT:USDT,,,,,297.93,356189.0,106119484.0
1753505214268,04:46:54.268,gateio,AAVE/USDT:USDT,,,,,297.9,356189.0,106108822.0
1753505216270,04:46:56.270,gateio,AAVE/USDT:USDT,,,,,297.85,356191.0,106091650.0
1753505217281,04:46:57.281,gateio,AAVE/USDT:USDT,,,,,297.85,356191.0,106091650.0
1753505219270,04:46:59.270,gateio,AAVE/USDT:USDT,,,,,297.78,356197.0,106068390.0
1753505222263,04:47:02.263,gateio,AAVE/USDT:USDT,,,,,297.77,356203.0,106066680.0
1753505225257,04:47:05.257,gateio,AAVE/USDT:USDT,,,,,297.77,356211.0,106068960.0
1753505226269,04:47:06.269,gateio,AAVE/USDT:USDT,,,,,297.77,356211.0,106068960.0
1753505227257,04:47:07.257,gateio,AAVE/USDT:USDT,,,,,297.78,356215.0,106073886.0
1753505228253,04:47:08.253,gateio,AAVE/USDT:USDT,,,,,297.78,356221.0,106075488.0
1753505230252,04:47:10.252,gateio,AAVE/USDT:USDT,,,,,297.78,356214.0,106073738.0
1753505231291,04:47:11.291,gateio,AAVE/USDT:USDT,,,,,297.78,356221.0,106075596.0
1753505232268,04:47:12.268,gateio,AAVE/USDT:USDT,,,,,297.75,356223.0,106065636.0
1753505233266,04:47:13.266,gateio,AAVE/USDT:USDT,,,,,297.75,356226.0,106066332.0
1753505234258,04:47:14.258,gateio,AAVE/USDT:USDT,,,,,297.73,356232.0,106060982.0
1753505236257,04:47:16.257,gateio,AAVE/USDT:USDT,,,,,297.73,356232.0,106060982.0
1753505237267,04:47:17.267,gateio,AAVE/USDT:USDT,,,,,297.68,356238.0,106044938.0
1753505238272,04:47:18.272,gateio,AAVE/USDT:USDT,,,,,297.69,356253.0,106053104.0
1753505240261,04:47:20.261,gateio,AAVE/USDT:USDT,,,,,297.7,356259.0,106058356.0
1753505246256,04:47:26.256,gateio,AAVE/USDT:USDT,,,,,297.7,356259.0,106058356.0
1753505249264,04:47:29.264,gateio,AAVE/USDT:USDT,,,,,297.71,356266.0,106064224.0
1753505252292,04:47:32.292,gateio,AAVE/USDT:USDT,,,,,297.78,356272.0,106090878.0
1753505256257,04:47:36.257,gateio,AAVE/USDT:USDT,,,,,297.78,356272.0,106090878.0
1753505258271,04:47:38.271,gateio,AAVE/USDT:USDT,,,,,297.82,356279.0,106107220.0
1753505259264,04:47:39.264,gateio,AAVE/USDT:USDT,,,,,297.82,356279.0,106107220.0
1753505261281,04:47:41.281,gateio,AAVE/USDT:USDT,,,,,297.9,356286.0,106137884.0
1753505262254,04:47:42.254,gateio,AAVE/USDT:USDT,,,,,297.9,356286.0,106137884.0
1753505264298,04:47:44.298,gateio,AAVE/USDT:USDT,,,,,297.88,356294.0,106132986.0
1753505267257,04:47:47.257,gateio,AAVE/USDT:USDT,,,,,297.89,356300.0,106138218.0
1753505270251,04:47:50.251,gateio,AAVE/USDT:USDT,,,,,297.88,356306.0,106136716.0
1753505272274,04:47:52.274,gateio,AAVE/USDT:USDT,,,,,297.88,356306.0,106136716.0
1753505276259,04:47:56.259,gateio,AAVE/USDT:USDT,,,,,297.76,356314.0,106096234.0
1753505277261,04:47:57.261,gateio,AAVE/USDT:USDT,,,,,297.76,356314.0,106096234.0
1753505279258,04:47:59.258,gateio,AAVE/USDT:USDT,,,,,297.75,356321.0,106094582.0
1753505282274,04:48:02.274,gateio,AAVE/USDT:USDT,,,,,297.75,356328.0,106096840.0
1753505287266,04:48:07.266,gateio,AAVE/USDT:USDT,,,,,297.75,356328.0,106096840.0
1753505290275,04:48:10.275,gateio,AAVE/USDT:USDT,,,,,297.75,356338.0,106099830.0
1753505300257,04:48:20.257,gateio,AAVE/USDT:USDT,,,,,297.75,356338.0,106099830.0
1753505307265,04:48:27.265,gateio,AAVE/USDT:USDT,,,,,297.73,356340.0,106093120.0
1753505310265,04:48:30.265,gateio,AAVE/USDT:USDT,,,,,297.73,356340.0,106093120.0
1753505311250,04:48:31.250,gateio,AAVE/USDT:USDT,,,,,297.67,356343.0,106072738.0
1753505317269,04:48:37.269,gateio,AAVE/USDT:USDT,,,,,297.67,356343.0,106072738.0
1753505319271,04:48:39.271,gateio,AAVE/USDT:USDT,,,,,297.67,356343.0,106072738.0
1753505339259,04:48:59.259,gateio,AAVE/USDT:USDT,,,,,297.67,356343.0,106072738.0
1753505350276,04:49:10.276,gateio,AAVE/USDT:USDT,,,,,297.67,356350.0,106074996.0
1753505359265,04:49:19.265,gateio,AAVE/USDT:USDT,,,,,297.67,356350.0,106074996.0
1753505369296,04:49:29.296,gateio,AAVE/USDT:USDT,,,,,297.67,356350.0,106074996.0
1753505389277,04:49:49.277,gateio,AAVE/USDT:USDT,,,,,297.67,356350.0,106074996.0
1753505405274,04:50:05.274,gateio,AAVE/USDT:USDT,,,,,297.61,356360.0,106056584.0
1753505406264,04:50:06.264,gateio,AAVE/USDT:USDT,,,,,297.61,356360.0,106056584.0
1753505408271,04:50:08.271,gateio,AAVE/USDT:USDT,,,,,297.62,356374.0,106064070.0
1753505410264,04:50:10.264,gateio,AAVE/USDT:USDT,,,,,297.62,356350.0,106057178.0
1753505411262,04:50:11.262,gateio,AAVE/USDT:USDT,,,,,297.61,356364.0,106057750.0
1753505414277,04:50:14.277,gateio,AAVE/USDT:USDT,,,,,297.61,356375.0,106060846.0
1753505415257,04:50:15.257,gateio,AAVE/USDT:USDT,,,,,297.6,356405.0,106066394.0
1753505416258,04:50:16.258,gateio,AAVE/USDT:USDT,,,,,297.6,356405.0,106066394.0
1753505417283,04:50:17.283,gateio,AAVE/USDT:USDT,,,,,297.57,356418.0,106059578.0
1753505418256,04:50:18.256,gateio,AAVE/USDT:USDT,,,,,297.57,356418.0,106059578.0
1753505420261,04:50:20.261,gateio,AAVE/USDT:USDT,,,,,297.57,356430.0,106063088.0
1753505425269,04:50:25.269,gateio,AAVE/USDT:USDT,,,,,297.56,356430.0,106059584.0
1753505428267,04:50:28.267,gateio,AAVE/USDT:USDT,,,,,297.56,356430.0,106059584.0
1753505429279,04:50:29.279,gateio,AAVE/USDT:USDT,,,,,297.53,356443.0,106052502.0
1753505432261,04:50:32.261,gateio,AAVE/USDT:USDT,,,,,297.53,356454.0,106055858.0
1753505438265,04:50:38.265,gateio,AAVE/USDT:USDT,,,,,297.53,356454.0,106055858.0
1753505453267,04:50:53.267,gateio,AAVE/USDT:USDT,,,,,297.53,356464.0,106058864.0
1753505457253,04:50:57.253,gateio,AAVE/USDT:USDT,,,,,297.52,356465.0,106055758.0
1753505463281,04:51:03.281,gateio,AAVE/USDT:USDT,,,,,297.49,356466.0,106045094.0
1753505465263,04:51:05.263,gateio,AAVE/USDT:USDT,,,,,297.49,356466.0,106045094.0
1753505466280,04:51:06.280,gateio,AAVE/USDT:USDT,,,,,297.43,356466.0,106023782.0
1753505468264,04:51:08.264,gateio,AAVE/USDT:USDT,,,,,297.43,356466.0,106023782.0
1753505469276,04:51:09.276,gateio,AAVE/USDT:USDT,,,,,297.43,356466.0,106023782.0
1753505470272,04:51:10.272,gateio,AAVE/USDT:USDT,,,,,297.43,356488.0,106030564.0
1753505474270,04:51:14.270,gateio,AAVE/USDT:USDT,,,,,297.32,356489.0,105991534.0
1753505476264,04:51:16.264,gateio,AAVE/USDT:USDT,,,,,297.32,356489.0,105991534.0
1753505482252,04:51:22.252,gateio,AAVE/USDT:USDT,,,,,297.32,356489.0,105991534.0
1753505484271,04:51:24.271,gateio,AAVE/USDT:USDT,,,,,297.32,356489.0,105991534.0
1753505487272,04:51:27.272,gateio,AAVE/USDT:USDT,,,,,297.55,356491.0,106074056.0
1753505488267,04:51:28.267,gateio,AAVE/USDT:USDT,,,,,297.67,356491.0,106116896.0
1753505489254,04:51:29.254,gateio,AAVE/USDT:USDT,,,,,297.67,356491.0,106116896.0
1753505493260,04:51:33.260,gateio,AAVE/USDT:USDT,,,,,297.67,356491.0,106116896.0
1753505500267,04:51:40.267,gateio,AAVE/USDT:USDT,,,,,297.67,356491.0,106116896.0
1753505510259,04:51:50.259,gateio,AAVE/USDT:USDT,,,,,297.67,356491.0,106116896.0
1753505511268,04:51:51.268,gateio,AAVE/USDT:USDT,,,,,297.71,356492.0,106131232.0
1753505512260,04:51:52.260,gateio,AAVE/USDT:USDT,,,,,297.76,356492.0,106149086.0
1753505518255,04:51:58.255,gateio,AAVE/USDT:USDT,,,,,297.82,356493.0,106170798.0
1753505519265,04:51:59.265,gateio,AAVE/USDT:USDT,,,,,297.84,356493.0,106178166.0
1753505520267,04:52:00.267,gateio,AAVE/USDT:USDT,,,,,297.84,356493.0,106178166.0
1753505522253,04:52:02.253,gateio,AAVE/USDT:USDT,,,,,297.83,356495.0,106175178.0
1753505528258,04:52:08.258,gateio,AAVE/USDT:USDT,,,,,297.83,356495.0,106175178.0
1753505530257,04:52:10.257,gateio,AAVE/USDT:USDT,,,,,297.83,356492.0,106174148.0
1753505531260,04:52:11.260,gateio,AAVE/USDT:USDT,,,,,297.83,356492.0,106174148.0
1753505541262,04:52:21.262,gateio,AAVE/USDT:USDT,,,,,297.83,356492.0,106174148.0
1753505551262,04:52:31.262,gateio,AAVE/USDT:USDT,,,,,297.74,356496.0,106143350.0
1753505552262,04:52:32.262,gateio,AAVE/USDT:USDT,,,,,297.74,356496.0,106143350.0
1753505562269,04:52:42.269,gateio,AAVE/USDT:USDT,,,,,297.74,356496.0,106143350.0
1753505570255,04:52:50.255,gateio,AAVE/USDT:USDT,,,,,297.64,356499.0,106108398.0
1753505575261,04:52:55.261,gateio,AAVE/USDT:USDT,,,,,297.64,356499.0,106108398.0
1753505584260,04:53:04.260,gateio,AAVE/USDT:USDT,,,,,297.64,356499.0,106108398.0
1753505589261,04:53:09.261,gateio,AAVE/USDT:USDT,,,,,297.64,356502.0,106109534.0
1753505591269,04:53:11.269,gateio,AAVE/USDT:USDT,,,,,297.64,356520.0,106114856.0
1753505592254,04:53:12.254,gateio,AAVE/USDT:USDT,,,,,297.64,356535.0,106119368.0
1753505604253,04:53:24.253,gateio,AAVE/USDT:USDT,,,,,297.64,356535.0,106119368.0
1753505625253,04:53:45.253,gateio,AAVE/USDT:USDT,,,,,297.66,356538.0,106127178.0
1753505634267,04:53:54.267,gateio,AAVE/USDT:USDT,,,,,297.66,356538.0,106127178.0
1753505638264,04:53:58.264,gateio,AAVE/USDT:USDT,,,,,297.72,356538.0,106148594.0
1753505639272,04:53:59.272,gateio,AAVE/USDT:USDT,,,,,297.72,356538.0,106148594.0
1753505649279,04:54:09.279,gateio,AAVE/USDT:USDT,,,,,297.72,356538.0,106148594.0
1753505655267,04:54:15.267,gateio,AAVE/USDT:USDT,,,,,297.72,356538.0,106148594.0
1753505665267,04:54:25.267,gateio,AAVE/USDT:USDT,,,,,297.72,356538.0,106148594.0
1753505667271,04:54:27.271,gateio,AAVE/USDT:USDT,,,,,297.68,356541.0,106135272.0
1753505675272,04:54:35.272,gateio,AAVE/USDT:USDT,,,,,297.68,356541.0,106135272.0
1753505685253,04:54:45.253,gateio,AAVE/USDT:USDT,,,,,297.68,356541.0,106135272.0
1753505691262,04:54:51.262,gateio,AAVE/USDT:USDT,,,,,297.86,356594.0,106215248.0
1753505692263,04:54:52.263,gateio,AAVE/USDT:USDT,,,,,297.86,356594.0,106215248.0
1753505693262,04:54:53.262,gateio,AAVE/USDT:USDT,,,,,297.82,356602.0,106203212.0
1753505703259,04:55:03.259,gateio,AAVE/USDT:USDT,,,,,297.82,356602.0,106203212.0
1753505708269,04:55:08.269,gateio,AAVE/USDT:USDT,,,,,297.75,356612.0,106181240.0
1753505709266,04:55:09.266,gateio,AAVE/USDT:USDT,,,,,297.75,356602.0,106178250.0
1753505711279,04:55:11.279,gateio,AAVE/USDT:USDT,,,,,297.76,356612.0,106184984.0
1753505714260,04:55:14.260,gateio,AAVE/USDT:USDT,,,,,297.79,356621.0,106198184.0
1753505716265,04:55:16.265,gateio,AAVE/USDT:USDT,,,,,297.79,356621.0,106198184.0
1753505723272,04:55:23.272,gateio,AAVE/USDT:USDT,,,,,297.76,356632.0,106190774.0
1753505726251,04:55:26.251,gateio,AAVE/USDT:USDT,,,,,297.78,356641.0,106200604.0
1753505732263,04:55:32.263,gateio,AAVE/USDT:USDT,,,,,297.83,356650.0,106221194.0
1753505735270,04:55:35.270,gateio,AAVE/USDT:USDT,,,,,297.82,356661.0,106220832.0
1753505738267,04:55:38.267,gateio,AAVE/USDT:USDT,,,,,297.89,356671.0,106248956.0
1753505739265,04:55:39.265,gateio,AAVE/USDT:USDT,,,,,297.89,356671.0,106248956.0
1753505741278,04:55:41.278,gateio,AAVE/USDT:USDT,,,,,297.88,356681.0,106248344.0
1753505749258,04:55:49.258,gateio,AAVE/USDT:USDT,,,,,297.88,356681.0,106248344.0
1753505753263,04:55:53.263,gateio,AAVE/USDT:USDT,,,,,297.89,356689.0,106254354.0
1753505756261,04:55:56.261,gateio,AAVE/USDT:USDT,,,,,297.91,356699.0,106264318.0
1753505759259,04:55:59.259,gateio,AAVE/USDT:USDT,,,,,297.91,356707.0,106266790.0
1753505762269,04:56:02.269,gateio,AAVE/USDT:USDT,,,,,297.92,356716.0,106272932.0
1753505765261,04:56:05.261,gateio,AAVE/USDT:USDT,,,,,297.92,356726.0,106276042.0
1753505769260,04:56:09.260,gateio,AAVE/USDT:USDT,,,,,297.92,356726.0,106276042.0
1753505770279,04:56:10.279,gateio,AAVE/USDT:USDT,,,,,297.92,356726.0,106275922.0
1753505772264,04:56:12.264,gateio,AAVE/USDT:USDT,,,,,297.93,356726.0,106279514.0
1753505774254,04:56:14.254,gateio,AAVE/USDT:USDT,,,,,297.97,356735.0,106296584.0
1753505777256,04:56:17.256,gateio,AAVE/USDT:USDT,,,,,297.97,356744.0,106299206.0
1753505780256,04:56:20.256,gateio,AAVE/USDT:USDT,,,,,297.97,356754.0,106302084.0
1753505783273,04:56:23.273,gateio,AAVE/USDT:USDT,,,,,297.97,356763.0,106304796.0
1753505784270,04:56:24.270,gateio,AAVE/USDT:USDT,,,,,297.97,356763.0,106304796.0
1753505788256,04:56:28.256,gateio,AAVE/USDT:USDT,,,,,297.88,356765.0,106273402.0
1753505789262,04:56:29.262,gateio,AAVE/USDT:USDT,,,,,297.88,356773.0,106275660.0
1753505793264,04:56:33.264,gateio,AAVE/USDT:USDT,,,,,297.88,356773.0,106275660.0
1753505803255,04:56:43.255,gateio,AAVE/USDT:USDT,,,,,297.88,356773.0,106275660.0
1753505820253,04:57:00.253,gateio,AAVE/USDT:USDT,,,,,297.85,356780.0,106266922.0
1753505821274,04:57:01.274,gateio,AAVE/USDT:USDT,,,,,297.85,356784.0,106268316.0
1753505822263,04:57:02.263,gateio,AAVE/USDT:USDT,,,,,297.83,356795.0,106264432.0
1753505823258,04:57:03.258,gateio,AAVE/USDT:USDT,,,,,297.83,356795.0,106264432.0
1753505825265,04:57:05.265,gateio,AAVE/USDT:USDT,,,,,297.8,356805.0,106256754.0
1753505828250,04:57:08.250,gateio,AAVE/USDT:USDT,,,,,297.81,356813.0,106262628.0
1753505830258,04:57:10.258,gateio,AAVE/USDT:USDT,,,,,297.81,356782.0,106253794.0
1753505831264,04:57:11.264,gateio,AAVE/USDT:USDT,,,,,297.78,356795.0,106246438.0
1753505834256,04:57:14.256,gateio,AAVE/USDT:USDT,,,,,297.77,356806.0,106246122.0
1753505837268,04:57:17.268,gateio,AAVE/USDT:USDT,,,,,297.78,356816.0,106252828.0
1753505838268,04:57:18.268,gateio,AAVE/USDT:USDT,,,,,297.78,356816.0,106252828.0
1753505846256,04:57:26.256,gateio,AAVE/USDT:USDT,,,,,297.79,356825.0,106259172.0
1753505848264,04:57:28.264,gateio,AAVE/USDT:USDT,,,,,297.79,356825.0,106259172.0
1753505849263,04:57:29.263,gateio,AAVE/USDT:USDT,,,,,297.77,356836.0,106255144.0
1753505852260,04:57:32.260,gateio,AAVE/USDT:USDT,,,,,297.74,356847.0,106247672.0
1753505855255,04:57:35.255,gateio,AAVE/USDT:USDT,,,,,297.74,356855.0,106250132.0
1753505858259,04:57:38.259,gateio,AAVE/USDT:USDT,,,,,297.73,356866.0,106249796.0
1753505873255,04:57:53.255,gateio,AAVE/USDT:USDT,,,,,297.74,356875.0,106256068.0
1753505876261,04:57:56.261,gateio,AAVE/USDT:USDT,,,,,297.74,356884.0,106258718.0
1753505878263,04:57:58.263,gateio,AAVE/USDT:USDT,,,,,297.74,356884.0,106258718.0
1753505879255,04:57:59.255,gateio,AAVE/USDT:USDT,,,,,297.74,356895.0,106261982.0
1753505882263,04:58:02.263,gateio,AAVE/USDT:USDT,,,,,297.73,356903.0,106260812.0
1753505885268,04:58:05.268,gateio,AAVE/USDT:USDT,,,,,297.84,356912.0,106302944.0
1753505886264,04:58:06.264,gateio,AAVE/USDT:USDT,,,,,297.84,356912.0,106302944.0
1753505888256,04:58:08.256,gateio,AAVE/USDT:USDT,,,,,297.8,356923.0,106291836.0
1753505889265,04:58:09.265,gateio,AAVE/USDT:USDT,,,,,297.8,356942.0,106297738.0
1753505891262,04:58:11.262,gateio,AAVE/USDT:USDT,,,,,297.82,356951.0,106307188.0
1753505896258,04:58:16.258,gateio,AAVE/USDT:USDT,,,,,297.82,356951.0,106307188.0
1753505897252,04:58:17.252,gateio,AAVE/USDT:USDT,,,,,297.83,356961.0,106313760.0
1753505906265,04:58:26.265,gateio,AAVE/USDT:USDT,,,,,297.83,356969.0,106316196.0
1753505909265,04:58:29.265,gateio,AAVE/USDT:USDT,,,,,297.83,356978.0,106318870.0
1753505912254,04:58:32.254,gateio,AAVE/USDT:USDT,,,,,297.83,356986.0,106321164.0
1753505913250,04:58:33.250,gateio,AAVE/USDT:USDT,,,,,297.84,356986.0,106324768.0
1753505915256,04:58:35.256,gateio,AAVE/USDT:USDT,,,,,297.87,356994.0,106337838.0
1753505916251,04:58:36.251,gateio,AAVE/USDT:USDT,,,,,297.87,356994.0,106337838.0
1753505918252,04:58:38.252,gateio,AAVE/USDT:USDT,,,,,297.88,357004.0,106344386.0
1753505921253,04:58:41.253,gateio,AAVE/USDT:USDT,,,,,297.89,357006.0,106348528.0
1753505926273,04:58:46.273,gateio,AAVE/USDT:USDT,,,,,297.89,357006.0,106348528.0
1753505927269,04:58:47.269,gateio,AAVE/USDT:USDT,,,,,297.97,357013.0,106379454.0
1753505928254,04:58:48.254,gateio,AAVE/USDT:USDT,,,,,297.97,357013.0,106379454.0
1753505930253,04:58:50.253,gateio,AAVE/USDT:USDT,,,,,297.95,357021.0,106374662.0
1753505931265,04:58:51.265,gateio,AAVE/USDT:USDT,,,,,297.95,357023.0,106375276.0
1753505932255,04:58:52.255,gateio,AAVE/USDT:USDT,,,,,297.95,357033.0,106378238.0
1753505933255,04:58:53.255,gateio,AAVE/USDT:USDT,,,,,297.95,357041.0,106380586.0
1753505934262,04:58:54.262,gateio,AAVE/USDT:USDT,,,,,297.95,357043.0,106381200.0
1753505935261,04:58:55.261,gateio,AAVE/USDT:USDT,,,,,297.95,357045.0,106381604.0
1753505938256,04:58:58.256,gateio,AAVE/USDT:USDT,,,,,297.95,357045.0,106381604.0
1753505939270,04:58:59.270,gateio,AAVE/USDT:USDT,,,,,297.98,357045.0,106392440.0
1753505948271,04:59:08.271,gateio,AAVE/USDT:USDT,,,,,297.97,357053.0,106391302.0
1753505949265,04:59:09.265,gateio,AAVE/USDT:USDT,,,,,297.97,357053.0,106391302.0
1753505950260,04:59:10.260,gateio,AAVE/USDT:USDT,,,,,298.03,357072.0,106418232.0
1753505957264,04:59:17.264,gateio,AAVE/USDT:USDT,,,,,297.95,357083.0,106392998.0
1753505960260,04:59:20.260,gateio,AAVE/USDT:USDT,,,,,297.97,357092.0,106402982.0
1753505963268,04:59:23.268,gateio,AAVE/USDT:USDT,,,,,297.98,357101.0,106409230.0
1753505970252,04:59:30.252,gateio,AAVE/USDT:USDT,,,,,297.98,357101.0,106409230.0
1753505975270,04:59:35.270,gateio,AAVE/USDT:USDT,,,,,297.98,357101.0,106409230.0
1753505983257,04:59:43.257,gateio,AAVE/USDT:USDT,,,,,297.86,357149.0,106380650.0
1753505985250,04:59:45.250,gateio,AAVE/USDT:USDT,,,,,297.86,357149.0,106380650.0
1753505995260,04:59:55.260,gateio,AAVE/USDT:USDT,,,,,297.86,357149.0,106380650.0
1753506002273,05:00:02.273,gateio,AAVE/USDT:USDT,,,,,297.86,357149.0,106380650.0
1753506005268,05:00:05.268,gateio,AAVE/USDT:USDT,,,,,297.97,357173.0,106426892.0
1753506008268,05:00:08.268,gateio,AAVE/USDT:USDT,,,,,297.98,357193.0,106436494.0
1753506010273,05:00:10.273,gateio,AAVE/USDT:USDT,,,,,297.98,334646.0,99718208.0
1753506011274,05:00:11.274,gateio,AAVE/USDT:USDT,,,,,298.04,334670.0,99745130.0
1753506012260,05:00:12.260,gateio,AAVE/USDT:USDT,,,,,298.04,334670.0,99745130.0
1753506014263,05:00:14.263,gateio,AAVE/USDT:USDT,,,,,298.0,334692.0,99738364.0
1753506015258,05:00:15.258,gateio,AAVE/USDT:USDT,,,,,298.0,334692.0,99738364.0
1753506017292,05:00:17.292,gateio,AAVE/USDT:USDT,,,,,297.98,334710.0,99737100.0
1753506023257,05:00:23.257,gateio,AAVE/USDT:USDT,,,,,297.9,334730.0,99716132.0
1753506025271,05:00:25.271,gateio,AAVE/USDT:USDT,,,,,297.9,334730.0,99716132.0
1753506026266,05:00:26.266,gateio,AAVE/USDT:USDT,,,,,297.92,334753.0,99729768.0
1753506029271,05:00:29.271,gateio,AAVE/USDT:USDT,,,,,297.96,334776.0,99750070.0
1753506032253,05:00:32.253,gateio,AAVE/USDT:USDT,,,,,297.95,334793.0,99751710.0
1753506035286,05:00:35.286,gateio,AAVE/USDT:USDT,,,,,297.95,334815.0,99758176.0
1753506038268,05:00:38.268,gateio,AAVE/USDT:USDT,,,,,297.9,334837.0,99748138.0
1753506041260,05:00:41.260,gateio,AAVE/USDT:USDT,,,,,297.92,334860.0,99761704.0
1753506044254,05:00:44.254,gateio,AAVE/USDT:USDT,,,,,297.91,334879.0,99763974.0
1753506047266,05:00:47.266,gateio,AAVE/USDT:USDT,,,,,297.91,334897.0,99769332.0
1753506050259,05:00:50.259,gateio,AAVE/USDT:USDT,,,,,297.91,334922.0,99776760.0
1753506053275,05:00:53.275,gateio,AAVE/USDT:USDT,,,,,297.9,334940.0,99778816.0
1753506054265,05:00:54.265,gateio,AAVE/USDT:USDT,,,,,297.9,334940.0,99778816.0
1753506061263,05:01:01.263,gateio,AAVE/USDT:USDT,,,,,297.85,334942.0,99762766.0
1753506063274,05:01:03.274,gateio,AAVE/USDT:USDT,,,,,297.85,334942.0,99762766.0
1753506069259,05:01:09.259,gateio,AAVE/USDT:USDT,,,,,297.85,334986.0,99775746.0
1753506073263,05:01:13.263,gateio,AAVE/USDT:USDT,,,,,297.85,334986.0,99775746.0
1753506079267,05:01:19.267,gateio,AAVE/USDT:USDT,,,,,297.77,334988.0,99749644.0
1753506082262,05:01:22.262,gateio,AAVE/USDT:USDT,,,,,297.76,334991.0,99747020.0
1753506083274,05:01:23.274,gateio,AAVE/USDT:USDT,,,,,297.76,334991.0,99747020.0
1753506087256,05:01:27.256,gateio,AAVE/USDT:USDT,,,,,297.72,334992.0,99733818.0
1753506089252,05:01:29.252,gateio,AAVE/USDT:USDT,,,,,297.72,334992.0,99733818.0
1753506093274,05:01:33.274,gateio,AAVE/USDT:USDT,,,,,297.72,334992.0,99733818.0
1753506094266,05:01:34.266,gateio,AAVE/USDT:USDT,,,,,297.72,334992.0,99733818.0
1753506104257,05:01:44.257,gateio,AAVE/USDT:USDT,,,,,297.72,334992.0,99733818.0
1753506114262,05:01:54.262,gateio,AAVE/USDT:USDT,,,,,297.72,334992.0,99733818.0
1753506129260,05:02:09.260,gateio,AAVE/USDT:USDT,,,,,297.72,334992.0,99733818.0
1753506134263,05:02:14.263,gateio,AAVE/USDT:USDT,,,,,297.72,334992.0,99733818.0
1753506144262,05:02:24.262,gateio,AAVE/USDT:USDT,,,,,297.72,334992.0,99733818.0
1753506157269,05:02:37.269,gateio,AAVE/USDT:USDT,,,,,297.75,335011.0,99749798.0
1753506159255,05:02:39.255,gateio,AAVE/USDT:USDT,,,,,297.72,335022.0,99742826.0
1753506162258,05:02:42.258,gateio,AAVE/USDT:USDT,,,,,297.72,335022.0,99742826.0
1753506189260,05:03:09.260,gateio,AAVE/USDT:USDT,,,,,297.76,335022.0,99756262.0
1753506190265,05:03:10.265,gateio,AAVE/USDT:USDT,,,,,297.76,335022.0,99742826.0
1753506192266,05:03:12.266,gateio,AAVE/USDT:USDT,,,,,297.77,335026.0,99760976.0
1753506201280,05:03:21.280,gateio,AAVE/USDT:USDT,,,,,297.73,335029.0,99748266.0
1753506202256,05:03:22.256,gateio,AAVE/USDT:USDT,,,,,297.73,335029.0,99748266.0
1753506212268,05:03:32.268,gateio,AAVE/USDT:USDT,,,,,297.73,335029.0,99748266.0
1753506222254,05:03:42.254,gateio,AAVE/USDT:USDT,,,,,297.73,335029.0,99748266.0
1753506236254,05:03:56.254,gateio,AAVE/USDT:USDT,,,,,297.73,335029.0,99748266.0
1753506250250,05:04:10.250,gateio,AAVE/USDT:USDT,,,,,297.73,335028.0,99748302.0
1753506262266,05:04:22.266,gateio,AAVE/USDT:USDT,,,,,297.73,335028.0,99748302.0
1753506272263,05:04:32.263,gateio,AAVE/USDT:USDT,,,,,297.73,335028.0,99748302.0
1753506282257,05:04:42.257,gateio,AAVE/USDT:USDT,,,,,297.73,335028.0,99748302.0
1753506292261,05:04:52.261,gateio,AAVE/USDT:USDT,,,,,297.73,335028.0,99748302.0
1753506302255,05:05:02.255,gateio,AAVE/USDT:USDT,,,,,297.73,335028.0,99748302.0
1753506312252,05:05:12.252,gateio,AAVE/USDT:USDT,,,,,297.73,335028.0,99748302.0
1753506315268,05:05:15.268,gateio,AAVE/USDT:USDT,,,,,297.93,335045.0,99819980.0
1753506318265,05:05:18.265,gateio,AAVE/USDT:USDT,,,,,297.97,335045.0,99833412.0
1753506320258,05:05:20.258,gateio,AAVE/USDT:USDT,,,,,297.97,335045.0,99833412.0
1753506321274,05:05:21.274,gateio,AAVE/USDT:USDT,,,,,298.02,335056.0,99853602.0
1753506323256,05:05:23.256,gateio,AAVE/USDT:USDT,,,,,298.02,335056.0,99853602.0
1753506324274,05:05:24.274,gateio,AAVE/USDT:USDT,,,,,298.01,335072.0,99855086.0
1753506325271,05:05:25.271,gateio,AAVE/USDT:USDT,,,,,298.03,335073.0,99861818.0
1753506327271,05:05:27.271,gateio,AAVE/USDT:USDT,,,,,297.9,335089.0,99823268.0
1753506328259,05:05:28.259,gateio,AAVE/USDT:USDT,,,,,297.9,335089.0,99823268.0
1753506330258,05:05:30.258,gateio,AAVE/USDT:USDT,,,,,298.04,335104.0,99874598.0
1753506336253,05:05:36.253,gateio,AAVE/USDT:USDT,,,,,298.01,335121.0,99869450.0
1753506339253,05:05:39.253,gateio,AAVE/USDT:USDT,,,,,298.03,335133.0,99879914.0
1753506342250,05:05:42.250,gateio,AAVE/USDT:USDT,,,,,298.04,335145.0,99886872.0
1753506345289,05:05:45.289,gateio,AAVE/USDT:USDT,,,,,298.07,335162.0,99901778.0
1753506346258,05:05:46.258,gateio,AAVE/USDT:USDT,,,,,298.07,335162.0,99901778.0
1753506348268,05:05:48.268,gateio,AAVE/USDT:USDT,,,,,298.03,335175.0,99892496.0
1753506351260,05:05:51.260,gateio,AAVE/USDT:USDT,,,,,297.98,335176.0,99875810.0
1753506352265,05:05:52.265,gateio,AAVE/USDT:USDT,,,,,297.98,335176.0,99875810.0
1753506354263,05:05:54.263,gateio,AAVE/USDT:USDT,,,,,297.87,335190.0,99843312.0
1753506356250,05:05:56.250,gateio,AAVE/USDT:USDT,,,,,297.87,335190.0,99843312.0
1753506358264,05:05:58.264,gateio,AAVE/USDT:USDT,,,,,297.87,335193.0,99844116.0
1753506366257,05:06:06.257,gateio,AAVE/USDT:USDT,,,,,297.87,335193.0,99844116.0
1753506370274,05:06:10.274,gateio,AAVE/USDT:USDT,,,,,297.87,335190.0,99843312.0
1753506371267,05:06:11.267,gateio,AAVE/USDT:USDT,,,,,297.76,335191.0,99806472.0
1753506372259,05:06:12.259,gateio,AAVE/USDT:USDT,,,,,297.76,335191.0,99806472.0
1753506373254,05:06:13.254,gateio,AAVE/USDT:USDT,,,,,297.71,335191.0,99789790.0
1753506374269,05:06:14.269,gateio,AAVE/USDT:USDT,,,,,297.71,335191.0,99789790.0
1753506376265,05:06:16.265,gateio,AAVE/USDT:USDT,,,,,297.71,335191.0,99789790.0
1753506396261,05:06:36.261,gateio,AAVE/USDT:USDT,,,,,297.71,335191.0,99789790.0
1753506406268,05:06:46.268,gateio,AAVE/USDT:USDT,,,,,297.71,335191.0,99789790.0
1753506409270,05:06:49.270,gateio,AAVE/USDT:USDT,,,,,297.71,335191.0,99789790.0
1753506418273,05:06:58.273,gateio,AAVE/USDT:USDT,,,,,297.66,335193.0,99773786.0
1753506420250,05:07:00.250,gateio,AAVE/USDT:USDT,,,,,297.66,335193.0,99773786.0
1753506430300,05:07:10.300,gateio,AAVE/USDT:USDT,,,,,297.66,335196.0,99774590.0
1753506440255,05:07:20.255,gateio,AAVE/USDT:USDT,,,,,297.66,335196.0,99774590.0
1753506469265,05:07:49.265,gateio,AAVE/USDT:USDT,,,,,297.69,335198.0,99785240.0
1753506470255,05:07:50.255,gateio,AAVE/USDT:USDT,,,,,297.69,335198.0,99785240.0
1753506490285,05:08:10.285,gateio,AAVE/USDT:USDT,,,,,297.69,335198.0,99785240.0
1753506500273,05:08:20.273,gateio,AAVE/USDT:USDT,,,,,297.69,335198.0,99785240.0
1753506510269,05:08:30.269,gateio,AAVE/USDT:USDT,,,,,297.69,335198.0,99785240.0
1753506530262,05:08:50.262,gateio,AAVE/USDT:USDT,,,,,297.69,335198.0,99785240.0
1753506540263,05:09:00.263,gateio,AAVE/USDT:USDT,,,,,297.6,335198.0,99755210.0
1753506542267,05:09:02.267,gateio,AAVE/USDT:USDT,,,,,297.6,335198.0,99755210.0
1753506543264,05:09:03.264,gateio,AAVE/USDT:USDT,,,,,297.57,335200.0,99745468.0
1753506546257,05:09:06.257,gateio,AAVE/USDT:USDT,,,,,297.56,335200.0,99742176.0
1753506548262,05:09:08.262,gateio,AAVE/USDT:USDT,,,,,297.56,335200.0,99742176.0
1753506550296,05:09:10.296,gateio,AAVE/USDT:USDT,,,,,297.56,335198.0,99741664.0
1753506552254,05:09:12.254,gateio,AAVE/USDT:USDT,,,,,297.5,335198.0,99721648.0
1753506556267,05:09:16.267,gateio,AAVE/USDT:USDT,,,,,297.5,335198.0,99721648.0
1753506566255,05:09:26.255,gateio,AAVE/USDT:USDT,,,,,297.5,335198.0,99721648.0
1753506576254,05:09:36.254,gateio,AAVE/USDT:USDT,,,,,297.5,335198.0,99721648.0
1753506578256,05:09:38.256,gateio,AAVE/USDT:USDT,,,,,297.52,335248.0,99743228.0
1753506586249,05:09:46.249,gateio,AAVE/USDT:USDT,,,,,297.52,335248.0,99743228.0
1753506605267,05:10:05.267,gateio,AAVE/USDT:USDT,,,,,297.58,335255.0,99765336.0
1753506606251,05:10:06.251,gateio,AAVE/USDT:USDT,,,,,297.58,335255.0,99765336.0
1753506610261,05:10:10.261,gateio,AAVE/USDT:USDT,,,,,297.58,335250.0,99763854.0
1753506611267,05:10:11.267,gateio,AAVE/USDT:USDT,,,,,297.58,335259.0,99766420.0
1753506614255,05:10:14.255,gateio,AAVE/USDT:USDT,,,,,297.57,335266.0,99765382.0
1753506617251,05:10:17.251,gateio,AAVE/USDT:USDT,,,,,297.56,335273.0,99764060.0
1753506620267,05:10:20.267,gateio,AAVE/USDT:USDT,,,,,297.56,335283.0,99766898.0
1753506631276,05:10:31.276,gateio,AAVE/USDT:USDT,,,,,297.49,335283.0,99743458.0
1753506632264,05:10:32.264,gateio,AAVE/USDT:USDT,,,,,297.46,335285.0,99733876.0
1753506634258,05:10:34.258,gateio,AAVE/USDT:USDT,,,,,297.46,335285.0,99733876.0
1753506637267,05:10:37.267,gateio,AAVE/USDT:USDT,,,,,297.43,335285.0,99723894.0
1753506638277,05:10:38.277,gateio,AAVE/USDT:USDT,,,,,297.43,335285.0,99723894.0
1753506645260,05:10:45.260,gateio,AAVE/USDT:USDT,,,,,297.43,335285.0,99723894.0
1753506647254,05:10:47.254,gateio,AAVE/USDT:USDT,,,,,297.42,335295.0,99723438.0
1753506650267,05:10:50.267,gateio,AAVE/USDT:USDT,,,,,297.42,335302.0,99725782.0
1753506655261,05:10:55.261,gateio,AAVE/USDT:USDT,,,,,297.42,335302.0,99725782.0
1753506659258,05:10:59.258,gateio,AAVE/USDT:USDT,,,,,297.49,335311.0,99751876.0
1753506662252,05:11:02.252,gateio,AAVE/USDT:USDT,,,,,297.46,335319.0,99744126.0
1753506665249,05:11:05.249,gateio,AAVE/USDT:USDT,,,,,297.47,335326.0,99749644.0
1753506669256,05:11:09.256,gateio,AAVE/USDT:USDT,,,,,297.47,335318.0,99747164.0
1753506674269,05:11:14.269,gateio,AAVE/USDT:USDT,,,,,297.44,335326.0,99739418.0
1753506675262,05:11:15.262,gateio,AAVE/USDT:USDT,,,,,297.44,335326.0,99739418.0
1753506677266,05:11:17.266,gateio,AAVE/USDT:USDT,,,,,297.43,335335.0,99738778.0
1753506680266,05:11:20.266,gateio,AAVE/USDT:USDT,,,,,297.43,335344.0,99741460.0
1753506683314,05:11:23.314,gateio,AAVE/USDT:USDT,,,,,297.45,335351.0,99750380.0
1753506685265,05:11:25.265,gateio,AAVE/USDT:USDT,,,,,297.45,335351.0,99750380.0
1753506686276,05:11:26.276,gateio,AAVE/USDT:USDT,,,,,297.48,335361.0,99763338.0
1753506689275,05:11:29.275,gateio,AAVE/USDT:USDT,,,,,297.53,335369.0,99782444.0
1753506690270,05:11:30.270,gateio,AAVE/USDT:USDT,,,,,297.53,335369.0,99782444.0
1753506695259,05:11:35.259,gateio,AAVE/USDT:USDT,,,,,297.53,335378.0,99785176.0
1753506698266,05:11:38.266,gateio,AAVE/USDT:USDT,,,,,297.53,335386.0,99787634.0
1753506700263,05:11:40.263,gateio,AAVE/USDT:USDT,,,,,297.53,335386.0,99787634.0
1753506701263,05:11:41.263,gateio,AAVE/USDT:USDT,,,,,297.53,335395.0,99790294.0
1753506702335,05:11:42.335,gateio,AAVE/USDT:USDT,,,,,297.55,335396.0,99797120.0
1753506703273,05:11:43.273,gateio,AAVE/USDT:USDT,,,,,297.59,335396.0,99810632.0
1753506704266,05:11:44.266,gateio,AAVE/USDT:USDT,,,,,297.64,335404.0,99829676.0
1753506705270,05:11:45.270,gateio,AAVE/USDT:USDT,,,,,297.64,335404.0,99829676.0
1753506707264,05:11:47.264,gateio,AAVE/USDT:USDT,,,,,297.68,335413.0,99846002.0
1753506708266,05:11:48.266,gateio,AAVE/USDT:USDT,,,,,297.68,335413.0,99846002.0
1753506710265,05:11:50.265,gateio,AAVE/USDT:USDT,,,,,297.65,335420.0,99837982.0
1753506711268,05:11:51.268,gateio,AAVE/USDT:USDT,,,,,297.65,335420.0,99837982.0
1753506713271,05:11:53.271,gateio,AAVE/USDT:USDT,,,,,297.66,335429.0,99844004.0
1753506717268,05:11:57.268,gateio,AAVE/USDT:USDT,,,,,297.76,335430.0,99877654.0
1753506718260,05:11:58.260,gateio,AAVE/USDT:USDT,,,,,297.76,335430.0,99877654.0
1753506719271,05:11:59.271,gateio,AAVE/USDT:USDT,,,,,297.79,335439.0,99890402.0
1753506720258,05:12:00.258,gateio,AAVE/USDT:USDT,,,,,297.79,335439.0,99890402.0
1753506722261,05:12:02.261,gateio,AAVE/USDT:USDT,,,,,297.8,335448.0,99896616.0
1753506725275,05:12:05.275,gateio,AAVE/USDT:USDT,,,,,297.8,335456.0,99898814.0
1753506729279,05:12:09.279,gateio,AAVE/USDT:USDT,,,,,297.8,335444.0,99895442.0
1753506730249,05:12:10.249,gateio,AAVE/USDT:USDT,,,,,297.8,335444.0,99895442.0
1753506731268,05:12:11.268,gateio,AAVE/USDT:USDT,,,,,297.7,335452.0,99864196.0
1753506732256,05:12:12.256,gateio,AAVE/USDT:USDT,,,,,297.7,335452.0,99864196.0
1753506734263,05:12:14.263,gateio,AAVE/USDT:USDT,,,,,297.66,335461.0,99853410.0
1753506736252,05:12:16.252,gateio,AAVE/USDT:USDT,,,,,297.66,335461.0,99853410.0
1753506737251,05:12:17.251,gateio,AAVE/USDT:USDT,,,,,297.61,335469.0,99839166.0
1753506743265,05:12:23.265,gateio,AAVE/USDT:USDT,,,,,297.55,335481.0,99822418.0
1753506746252,05:12:26.252,gateio,AAVE/USDT:USDT,,,,,297.55,335481.0,99822418.0
1753506748257,05:12:28.257,gateio,AAVE/USDT:USDT,,,,,297.56,335514.0,99835592.0
1753506756253,05:12:36.253,gateio,AAVE/USDT:USDT,,,,,297.56,335514.0,99835592.0
1753506762263,05:12:42.263,gateio,AAVE/USDT:USDT,,,,,297.56,335514.0,99835592.0
1753506772258,05:12:52.258,gateio,AAVE/USDT:USDT,,,,,297.56,335514.0,99835592.0
1753506782266,05:13:02.266,gateio,AAVE/USDT:USDT,,,,,297.56,335514.0,99835592.0
1753506789266,05:13:09.266,gateio,AAVE/USDT:USDT,,,,,297.56,335540.0,99843436.0
1753506795272,05:13:15.272,gateio,AAVE/USDT:USDT,,,,,297.76,335540.0,99910640.0
1753506796262,05:13:16.262,gateio,AAVE/USDT:USDT,,,,,297.76,335540.0,99910640.0
1753506806263,05:13:26.263,gateio,AAVE/USDT:USDT,,,,,297.76,335540.0,99910640.0
1753506816267,05:13:36.267,gateio,AAVE/USDT:USDT,,,,,297.76,335540.0,99910640.0
1753506822268,05:13:42.268,gateio,AAVE/USDT:USDT,,,,,297.85,335541.0,99940898.0
1753506823260,05:13:43.260,gateio,AAVE/USDT:USDT,,,,,297.87,335542.0,99947924.0
1753506832264,05:13:52.264,gateio,AAVE/USDT:USDT,,,,,297.87,335542.0,99947924.0
1753506842252,05:14:02.252,gateio,AAVE/USDT:USDT,,,,,297.89,335543.0,99955040.0
1753506849288,05:14:09.288,gateio,AAVE/USDT:USDT,,,,,297.89,335542.0,99954636.0
1753506850281,05:14:10.281,gateio,AAVE/USDT:USDT,,,,,297.82,335544.0,99931760.0
1753506851269,05:14:11.269,gateio,AAVE/USDT:USDT,,,,,297.82,335544.0,99931760.0
1753506861268,05:14:21.268,gateio,AAVE/USDT:USDT,,,,,297.9,335544.0,99958724.0
1753506862265,05:14:22.265,gateio,AAVE/USDT:USDT,,,,,297.9,335544.0,99958724.0
1753506866265,05:14:26.265,gateio,AAVE/USDT:USDT,,,,,297.9,335544.0,99958724.0
1753506874249,05:14:34.249,gateio,AAVE/USDT:USDT,,,,,297.93,335550.0,99970524.0
1753506876261,05:14:36.261,gateio,AAVE/USDT:USDT,,,,,297.93,335552.0,99971138.0
1753506877254,05:14:37.254,gateio,AAVE/USDT:USDT,,,,,297.91,335564.0,99967912.0
1753506878265,05:14:38.265,gateio,AAVE/USDT:USDT,,,,,297.87,335575.0,99957974.0
1753506883267,05:14:43.267,gateio,AAVE/USDT:USDT,,,,,298.0,335583.0,100003774.0
1753506884252,05:14:44.252,gateio,AAVE/USDT:USDT,,,,,298.03,335583.0,100013872.0
1753506885259,05:14:45.259,gateio,AAVE/USDT:USDT,,,,,298.03,335583.0,100013872.0
1753506895257,05:14:55.257,gateio,AAVE/USDT:USDT,,,,,298.03,335583.0,100013872.0
1753506901257,05:15:01.257,gateio,AAVE/USDT:USDT,,,,,298.14,335583.0,100050888.0
1753506905263,05:15:05.263,gateio,AAVE/USDT:USDT,,,,,298.17,335584.0,100061330.0
1753506906257,05:15:06.257,gateio,AAVE/USDT:USDT,,,,,298.17,335584.0,100061330.0
1753506909273,05:15:09.273,gateio,AAVE/USDT:USDT,,,,,298.17,335584.0,100061360.0
1753506911254,05:15:11.254,gateio,AAVE/USDT:USDT,,,,,298.26,335585.0,100091640.0
1753506912260,05:15:12.260,gateio,AAVE/USDT:USDT,,,,,298.26,335585.0,100091640.0
1753506922260,05:15:22.260,gateio,AAVE/USDT:USDT,,,,,298.26,335585.0,100091640.0
1753506924254,05:15:24.254,gateio,AAVE/USDT:USDT,,,,,298.3,335587.0,100105678.0
1753506925258,05:15:25.258,gateio,AAVE/USDT:USDT,,,,,298.3,335587.0,100105678.0
1753506926261,05:15:26.261,gateio,AAVE/USDT:USDT,,,,,298.31,335588.0,100109440.0
1753506935257,05:15:35.257,gateio,AAVE/USDT:USDT,,,,,298.31,335588.0,100109440.0
1753506945250,05:15:45.250,gateio,AAVE/USDT:USDT,,,,,298.31,335588.0,100109440.0
1753506953288,05:15:53.288,gateio,AAVE/USDT:USDT,,,,,298.32,335588.0,100112898.0
1753506955263,05:15:55.263,gateio,AAVE/USDT:USDT,,,,,298.46,335593.0,100161158.0
1753506956262,05:15:56.262,gateio,AAVE/USDT:USDT,,,,,298.47,335595.0,100165230.0
1753506957257,05:15:57.257,gateio,AAVE/USDT:USDT,,,,,298.47,335596.0,100165366.0
1753506962271,05:16:02.271,gateio,AAVE/USDT:USDT,,,,,298.51,335596.0,100178862.0
1753506965263,05:16:05.263,gateio,AAVE/USDT:USDT,,,,,298.53,335598.0,100186112.0
1753506966259,05:16:06.259,gateio,AAVE/USDT:USDT,,,,,298.59,335598.0,100206350.0
1753506967258,05:16:07.258,gateio,AAVE/USDT:USDT,,,,,298.59,335598.0,100206350.0
1753506970262,05:16:10.262,gateio,AAVE/USDT:USDT,,,,,298.59,335596.0,100206086.0
1753506977257,05:16:17.257,gateio,AAVE/USDT:USDT,,,,,298.5,335607.0,100178970.0
1753506979275,05:16:19.275,gateio,AAVE/USDT:USDT,,,,,298.54,335609.0,100192716.0
1753506987256,05:16:27.256,gateio,AAVE/USDT:USDT,,,,,298.54,335609.0,100192716.0
1753506988253,05:16:28.253,gateio,AAVE/USDT:USDT,,,,,298.56,335609.0,100199548.0
1753506995276,05:16:35.276,gateio,AAVE/USDT:USDT,,,,,298.59,335610.0,100210022.0
1753507002252,05:16:42.252,gateio,AAVE/USDT:USDT,,,,,298.59,335611.0,100210166.0
1753507005253,05:16:45.253,gateio,AAVE/USDT:USDT,,,,,298.59,335611.0,100210166.0
1753507007262,05:16:47.262,gateio,AAVE/USDT:USDT,,,,,298.6,335623.0,100217092.0
