timestamp,time,exchange,symbol,bid,bidVolume,ask,askVolume,lastPrice,baseVolume,quoteVolume
1753504800466,04:40:00.466,gate,AAVE/USDT:USDT,,,,,297.57,355845.0,105889088.0
1753504810432,04:40:10.432,gate,AAVE/USDT:USDT,,,,,297.57,355845.0,105889088.0
1753504811435,04:40:11.435,gate,AAVE/USDT:USDT,,,,,297.53,355854.0,105877240.0
1753504812447,04:40:12.447,gate,AAVE/USDT:USDT,,,,,297.53,355854.0,105877240.0
1753504814444,04:40:14.444,gate,AAVE/USDT:USDT,,,,,297.53,355856.0,105878162.0
1753504815426,04:40:15.426,gate,AAVE/USDT:USDT,,,,,297.6,355861.0,105904274.0
1753504816426,04:40:16.426,gate,AAVE/USDT:USDT,,,,,297.6,355861.0,105904274.0
1753504817438,04:40:17.438,gate,AAVE/USDT:USDT,,,,,297.62,355869.0,105913802.0
1753504826502,04:40:26.502,gate,AAVE/USDT:USDT,,,,,297.62,355869.0,105913802.0
1753504836448,04:40:36.448,gate,AAVE/USDT:USDT,,,,,297.62,355869.0,105913802.0
1753504839427,04:40:39.427,gate,AAVE/USDT:USDT,,,,,297.49,355870.0,105867938.0
1753504841427,04:40:41.427,gate,AAVE/USDT:USDT,,,,,297.49,355870.0,105867938.0
1753504842434,04:40:42.434,gate,AAVE/USDT:USDT,,,,,297.49,355870.0,105867938.0
1753504844429,04:40:44.429,gate,AAVE/USDT:USDT,,,,,297.49,355870.0,105867938.0
1753504852429,04:40:52.429,gate,AAVE/USDT:USDT,,,,,297.49,355870.0,105867938.0
1753504857427,04:40:57.427,gate,AAVE/USDT:USDT,,,,,297.49,355870.0,105867938.0
1753504859436,04:40:59.436,gate,AAVE/USDT:USDT,,,,,297.61,355880.0,105913702.0
1753504860434,04:41:00.434,gate,AAVE/USDT:USDT,,,,,297.61,355880.0,105913702.0
1753504864441,04:41:04.441,gate,AAVE/USDT:USDT,,,,,297.63,355882.0,105921284.0
1753504865437,04:41:05.437,gate,AAVE/USDT:USDT,,,,,297.67,355882.0,105935578.0
1753504866436,04:41:06.436,gate,AAVE/USDT:USDT,,,,,297.67,355882.0,105935578.0
1753504875441,04:41:15.441,gate,AAVE/USDT:USDT,,,,,297.67,355888.0,105937442.0
1753504876425,04:41:16.425,gate,AAVE/USDT:USDT,,,,,297.71,355889.0,105951754.0
1753504877429,04:41:17.429,gate,AAVE/USDT:USDT,,,,,297.71,355889.0,105951754.0
1753504885433,04:41:25.433,gate,AAVE/USDT:USDT,,,,,297.71,355889.0,105951754.0
1753504887432,04:41:27.432,gate,AAVE/USDT:USDT,,,,,297.83,355896.0,105996624.0
1753504889432,04:41:29.432,gate,AAVE/USDT:USDT,,,,,297.74,355904.0,105966880.0
1753504893435,04:41:33.435,gate,AAVE/USDT:USDT,,,,,297.74,355904.0,105966880.0
1753504901429,04:41:41.429,gate,AAVE/USDT:USDT,,,,,297.85,355904.0,106006088.0
1753504902426,04:41:42.426,gate,AAVE/USDT:USDT,,,,,297.86,355911.0,106011698.0
1753504904431,04:41:44.431,gate,AAVE/USDT:USDT,,,,,297.86,355918.0,106013746.0
1753504905439,04:41:45.439,gate,AAVE/USDT:USDT,,,,,297.86,355931.0,106017844.0
1753504906426,04:41:46.426,gate,AAVE/USDT:USDT,,,,,297.86,355945.0,106021944.0
1753504910436,04:41:50.436,gate,AAVE/USDT:USDT,,,,,297.86,355954.0,106024696.0
1753504912439,04:41:52.439,gate,AAVE/USDT:USDT,,,,,297.86,355954.0,106024696.0
1753504913442,04:41:53.442,gate,AAVE/USDT:USDT,,,,,297.87,355961.0,106030304.0
1753504920444,04:42:00.444,gate,AAVE/USDT:USDT,,,,,297.87,355965.0,106031532.0
1753504922448,04:42:02.448,gate,AAVE/USDT:USDT,,,,,297.91,355975.0,106048552.0
1753504923433,04:42:03.433,gate,AAVE/USDT:USDT,,,,,297.91,355975.0,106048552.0
1753504925433,04:42:05.433,gate,AAVE/USDT:USDT,,,,,297.92,355975.0,106052118.0
1753504926430,04:42:06.430,gate,AAVE/USDT:USDT,,,,,297.96,355985.0,106069564.0
1753504927444,04:42:07.444,gate,AAVE/USDT:USDT,,,,,297.96,355985.0,106069564.0
1753504931429,04:42:11.429,gate,AAVE/USDT:USDT,,,,,297.95,355995.0,106068864.0
1753504935436,04:42:15.436,gate,AAVE/USDT:USDT,,,,,297.95,355978.0,106063894.0
1753504937444,04:42:17.444,gate,AAVE/USDT:USDT,,,,,297.98,355979.0,106074652.0
1753504940447,04:42:20.447,gate,AAVE/USDT:USDT,,,,,298.05,355984.0,106101030.0
1753504941439,04:42:21.439,gate,AAVE/USDT:USDT,,,,,298.05,355984.0,106101030.0
1753504943434,04:42:23.434,gate,AAVE/USDT:USDT,,,,,297.98,355992.0,106078518.0
1753504944430,04:42:24.430,gate,AAVE/USDT:USDT,,,,,297.98,355992.0,106078518.0
1753504946444,04:42:26.444,gate,AAVE/USDT:USDT,,,,,298.01,356001.0,106091922.0
1753504954442,04:42:34.442,gate,AAVE/USDT:USDT,,,,,298.01,356001.0,106091922.0
1753504964429,04:42:44.429,gate,AAVE/USDT:USDT,,,,,298.01,356001.0,106091922.0
1753504984438,04:43:04.438,gate,AAVE/USDT:USDT,,,,,298.01,356001.0,106091922.0
1753504994431,04:43:14.431,gate,AAVE/USDT:USDT,,,,,298.01,356018.0,106097418.0
1753505019427,04:43:39.427,gate,AAVE/USDT:USDT,,,,,297.98,356023.0,106087964.0
1753505020443,04:43:40.443,gate,AAVE/USDT:USDT,,,,,298.02,356031.0,106104488.0
1753505024440,04:43:44.440,gate,AAVE/USDT:USDT,,,,,298.02,356031.0,106104488.0
1753505055439,04:44:15.439,gate,AAVE/USDT:USDT,,,,,298.02,356030.0,106104488.0
1753505074426,04:44:34.426,gate,AAVE/USDT:USDT,,,,,298.02,356030.0,106104488.0
1753505095426,04:44:55.426,gate,AAVE/USDT:USDT,,,,,298.05,356031.0,106115288.0
1753505096436,04:44:56.436,gate,AAVE/USDT:USDT,,,,,298.05,356031.0,106115288.0
1753505106459,04:45:06.459,gate,AAVE/USDT:USDT,,,,,298.05,356031.0,106115288.0
1753505108426,04:45:08.426,gate,AAVE/USDT:USDT,,,,,297.98,356037.0,106092094.0
1753505109435,04:45:09.435,gate,AAVE/USDT:USDT,,,,,297.98,356037.0,106092094.0
1753505111440,04:45:11.440,gate,AAVE/USDT:USDT,,,,,297.97,356044.0,106090620.0
1753505114429,04:45:14.429,gate,AAVE/USDT:USDT,,,,,297.98,356036.0,106092094.0
1753505117430,04:45:17.430,gate,AAVE/USDT:USDT,,,,,298.0,356044.0,106101116.0
1753505120441,04:45:20.441,gate,AAVE/USDT:USDT,,,,,297.98,356049.0,106095700.0
1753505123446,04:45:23.446,gate,AAVE/USDT:USDT,,,,,297.99,356055.0,106101044.0
1753505129431,04:45:29.431,gate,AAVE/USDT:USDT,,,,,297.99,356061.0,106102670.0
1753505144438,04:45:44.438,gate,AAVE/USDT:USDT,,,,,297.98,356066.0,106100670.0
1753505147437,04:45:47.437,gate,AAVE/USDT:USDT,,,,,297.98,356073.0,106102714.0
1753505149439,04:45:49.439,gate,AAVE/USDT:USDT,,,,,297.96,356073.0,106095642.0
1753505153446,04:45:53.446,gate,AAVE/USDT:USDT,,,,,297.97,356080.0,106101360.0
1753505156427,04:45:56.427,gate,AAVE/USDT:USDT,,,,,297.97,356087.0,106103314.0
1753505159432,04:45:59.432,gate,AAVE/USDT:USDT,,,,,297.98,356093.0,106108626.0
1753505162435,04:46:02.435,gate,AAVE/USDT:USDT,,,,,297.98,356098.0,106110332.0
1753505168431,04:46:08.431,gate,AAVE/USDT:USDT,,,,,297.97,356104.0,106108564.0
1753505171435,04:46:11.435,gate,AAVE/USDT:USDT,,,,,298.02,356111.0,106128408.0
1753505174426,04:46:14.426,gate,AAVE/USDT:USDT,,,,,298.03,356117.0,106133674.0
1753505175434,04:46:15.434,gate,AAVE/USDT:USDT,,,,,298.03,356106.0,106130354.0
1753505177431,04:46:17.431,gate,AAVE/USDT:USDT,,,,,297.99,356112.0,106117874.0
1753505178432,04:46:18.432,gate,AAVE/USDT:USDT,,,,,297.99,356112.0,106117874.0
1753505180437,04:46:20.437,gate,AAVE/USDT:USDT,,,,,298.0,356119.0,106123580.0
1753505183444,04:46:23.444,gate,AAVE/USDT:USDT,,,,,297.96,356125.0,106111200.0
1753505186446,04:46:26.446,gate,AAVE/USDT:USDT,,,,,298.03,356131.0,106137798.0
1753505187442,04:46:27.442,gate,AAVE/USDT:USDT,,,,,298.03,356131.0,106137798.0
1753505189484,04:46:29.484,gate,AAVE/USDT:USDT,,,,,298.02,356137.0,106136084.0
1753505195426,04:46:35.426,gate,AAVE/USDT:USDT,,,,,298.02,356144.0,106138136.0
1753505197428,04:46:37.428,gate,AAVE/USDT:USDT,,,,,298.02,356144.0,106138136.0
1753505198428,04:46:38.428,gate,AAVE/USDT:USDT,,,,,297.94,356149.0,106111300.0
1753505199432,04:46:39.432,gate,AAVE/USDT:USDT,,,,,297.94,356149.0,106111300.0
1753505201445,04:46:41.445,gate,AAVE/USDT:USDT,,,,,297.95,356156.0,106116840.0
1753505207443,04:46:47.443,gate,AAVE/USDT:USDT,,,,,297.95,356163.0,106118998.0
1753505209445,04:46:49.445,gate,AAVE/USDT:USDT,,,,,297.94,356164.0,106115536.0
1753505210434,04:46:50.434,gate,AAVE/USDT:USDT,,,,,297.93,356169.0,106113554.0
1753505213442,04:46:53.442,gate,AAVE/USDT:USDT,,,,,297.93,356176.0,106115742.0
1753505214429,04:46:54.429,gate,AAVE/USDT:USDT,,,,,297.9,356176.0,106105080.0
1753505216438,04:46:56.438,gate,AAVE/USDT:USDT,,,,,297.85,356178.0,106087908.0
1753505217433,04:46:57.433,gate,AAVE/USDT:USDT,,,,,297.85,356178.0,106087908.0
1753505219435,04:46:59.435,gate,AAVE/USDT:USDT,,,,,297.78,356184.0,106064650.0
1753505222451,04:47:02.451,gate,AAVE/USDT:USDT,,,,,297.77,356190.0,106062940.0
1753505225425,04:47:05.425,gate,AAVE/USDT:USDT,,,,,297.77,356198.0,106065220.0
1753505226428,04:47:06.428,gate,AAVE/USDT:USDT,,,,,297.77,356198.0,106065220.0
1753505227440,04:47:07.440,gate,AAVE/USDT:USDT,,,,,297.78,356203.0,106070146.0
1753505228427,04:47:08.427,gate,AAVE/USDT:USDT,,,,,297.78,356208.0,106071748.0
1753505231438,04:47:11.438,gate,AAVE/USDT:USDT,,,,,297.78,356214.0,106073606.0
1753505232435,04:47:12.435,gate,AAVE/USDT:USDT,,,,,297.75,356217.0,106063646.0
1753505233435,04:47:13.435,gate,AAVE/USDT:USDT,,,,,297.75,356219.0,106064344.0
1753505234432,04:47:14.432,gate,AAVE/USDT:USDT,,,,,297.73,356225.0,106058994.0
1753505235425,04:47:15.425,gate,AAVE/USDT:USDT,,,,,297.73,356214.0,106055926.0
1753505236444,04:47:16.444,gate,AAVE/USDT:USDT,,,,,297.73,356214.0,106055926.0
1753505237485,04:47:17.485,gate,AAVE/USDT:USDT,,,,,297.68,356221.0,106039884.0
1753505238452,04:47:18.452,gate,AAVE/USDT:USDT,,,,,297.69,356236.0,106048048.0
1753505240429,04:47:20.429,gate,AAVE/USDT:USDT,,,,,297.7,356242.0,106053302.0
1753505246445,04:47:26.445,gate,AAVE/USDT:USDT,,,,,297.7,356242.0,106053302.0
1753505249442,04:47:29.442,gate,AAVE/USDT:USDT,,,,,297.71,356249.0,106059168.0
1753505252436,04:47:32.436,gate,AAVE/USDT:USDT,,,,,297.78,356255.0,106085822.0
1753505256444,04:47:36.444,gate,AAVE/USDT:USDT,,,,,297.78,356255.0,106085822.0
1753505258496,04:47:38.496,gate,AAVE/USDT:USDT,,,,,297.82,356262.0,106102162.0
1753505259442,04:47:39.442,gate,AAVE/USDT:USDT,,,,,297.82,356262.0,106102162.0
1753505261442,04:47:41.442,gate,AAVE/USDT:USDT,,,,,297.9,356269.0,106132826.0
1753505262430,04:47:42.430,gate,AAVE/USDT:USDT,,,,,297.9,356269.0,106132826.0
1753505264445,04:47:44.445,gate,AAVE/USDT:USDT,,,,,297.88,356277.0,106127928.0
1753505267431,04:47:47.431,gate,AAVE/USDT:USDT,,,,,297.89,356283.0,106133160.0
1753505270437,04:47:50.437,gate,AAVE/USDT:USDT,,,,,297.88,356289.0,106131658.0
1753505272449,04:47:52.449,gate,AAVE/USDT:USDT,,,,,297.88,356289.0,106131658.0
1753505276449,04:47:56.449,gate,AAVE/USDT:USDT,,,,,297.76,356297.0,106091178.0
1753505277442,04:47:57.442,gate,AAVE/USDT:USDT,,,,,297.76,356297.0,106091178.0
1753505279443,04:47:59.443,gate,AAVE/USDT:USDT,,,,,297.75,356304.0,106089526.0
1753505282427,04:48:02.427,gate,AAVE/USDT:USDT,,,,,297.75,356311.0,106091784.0
1753505287428,04:48:07.428,gate,AAVE/USDT:USDT,,,,,297.75,356311.0,106091784.0
1753505290432,04:48:10.432,gate,AAVE/USDT:USDT,,,,,297.75,356311.0,106091784.0
1753505295452,04:48:15.452,gate,AAVE/USDT:USDT,,,,,297.75,356346.0,106102086.0
1753505300427,04:48:20.427,gate,AAVE/USDT:USDT,,,,,297.75,356346.0,106102086.0
1753505307441,04:48:27.441,gate,AAVE/USDT:USDT,,,,,297.73,356347.0,106095376.0
1753505310432,04:48:30.432,gate,AAVE/USDT:USDT,,,,,297.73,356347.0,106095376.0
1753505311426,04:48:31.426,gate,AAVE/USDT:USDT,,,,,297.67,356350.0,106074996.0
1753505317442,04:48:37.442,gate,AAVE/USDT:USDT,,,,,297.67,356350.0,106074996.0
1753505319435,04:48:39.435,gate,AAVE/USDT:USDT,,,,,297.67,356350.0,106074996.0
1753505339445,04:48:59.445,gate,AAVE/USDT:USDT,,,,,297.67,356350.0,106074996.0
1753505354493,04:49:14.493,gate,AAVE/USDT:USDT,,,,,297.67,356350.0,106074996.0
1753505359426,04:49:19.426,gate,AAVE/USDT:USDT,,,,,297.67,356350.0,106074996.0
1753505369427,04:49:29.427,gate,AAVE/USDT:USDT,,,,,297.67,356350.0,106074996.0
1753505389431,04:49:49.431,gate,AAVE/USDT:USDT,,,,,297.67,356350.0,106074996.0
1753505405432,04:50:05.432,gate,AAVE/USDT:USDT,,,,,297.61,356360.0,106056584.0
1753505406427,04:50:06.427,gate,AAVE/USDT:USDT,,,,,297.61,356360.0,106056584.0
1753505408438,04:50:08.438,gate,AAVE/USDT:USDT,,,,,297.62,356374.0,106064070.0
1753505411483,04:50:11.483,gate,AAVE/USDT:USDT,,,,,297.61,356388.0,106064644.0
1753505414431,04:50:14.431,gate,AAVE/USDT:USDT,,,,,297.61,356398.0,106067738.0
1753505415432,04:50:15.432,gate,AAVE/USDT:USDT,,,,,297.6,356391.0,106062134.0
1753505416437,04:50:16.437,gate,AAVE/USDT:USDT,,,,,297.6,356391.0,106062134.0
1753505417434,04:50:17.434,gate,AAVE/USDT:USDT,,,,,297.57,356404.0,106055316.0
1753505418441,04:50:18.441,gate,AAVE/USDT:USDT,,,,,297.57,356404.0,106055316.0
1753505420434,04:50:20.434,gate,AAVE/USDT:USDT,,,,,297.57,356416.0,106058828.0
1753505425426,04:50:25.426,gate,AAVE/USDT:USDT,,,,,297.56,356416.0,106055322.0
1753505428430,04:50:28.430,gate,AAVE/USDT:USDT,,,,,297.56,356416.0,106055322.0
1753505429430,04:50:29.430,gate,AAVE/USDT:USDT,,,,,297.53,356428.0,106048242.0
1753505432444,04:50:32.444,gate,AAVE/USDT:USDT,,,,,297.53,356440.0,106051598.0
1753505438447,04:50:38.447,gate,AAVE/USDT:USDT,,,,,297.53,356440.0,106051598.0
1753505453439,04:50:53.439,gate,AAVE/USDT:USDT,,,,,297.53,356450.0,106054604.0
1753505457438,04:50:57.438,gate,AAVE/USDT:USDT,,,,,297.52,356451.0,106051496.0
