timestamp,time,exchange,symbol,bid,bidVolume,ask,askVolume,lastPrice,baseVolume,quoteVolume
1753507247183,05:20:47.183,gate,AAVE/USDT:USDT,,,,,298.63,335962.0,100328426.0
1753507250165,05:20:50.165,gate,AAVE/USDT:USDT,,,,,298.61,335976.0,100325972.0
1753507262158,05:21:02.158,gate,AAVE/USDT:USDT,,,,,298.63,335988.0,100336186.0
1753507265162,05:21:05.162,gate,AAVE/USDT:USDT,,,,,298.64,335999.0,100343004.0
1753507268167,05:21:08.167,gate,AAVE/USDT:USDT,,,,,298.71,336010.0,100369756.0
1753507270159,05:21:10.159,gate,AAVE/USDT:USDT,,,,,298.77,336011.0,100390232.0
1753507271201,05:21:11.201,gate,AAVE/USDT:USDT,,,,,298.81,336012.0,100403888.0
1753507281174,05:21:21.174,gate,AAVE/USDT:USDT,,,,,298.81,336012.0,100403888.0
1753507291186,05:21:31.186,gate,AAVE/USDT:USDT,,,,,298.81,336012.0,100403888.0
1753507298173,05:21:38.173,gate,AAVE/USDT:USDT,,,,,298.81,336042.0,100412990.0
1753507301202,05:21:41.202,gate,AAVE/USDT:USDT,,,,,298.81,336042.0,100412990.0
1753507307164,05:21:47.164,gate,AAVE/USDT:USDT,,,,,298.72,336056.0,100386796.0
1753507310160,05:21:50.160,gate,AAVE/USDT:USDT,,,,,298.71,336069.0,100387170.0
1753507322165,05:22:02.165,gate,AAVE/USDT:USDT,,,,,298.72,336084.0,100395108.0
1753507325174,05:22:05.174,gate,AAVE/USDT:USDT,,,,,298.78,336096.0,100418906.0
1753507327202,05:22:07.202,gate,AAVE/USDT:USDT,,,,,298.78,336096.0,100418906.0
1753507334155,05:22:14.155,gate,AAVE/USDT:USDT,,,,,298.75,336107.0,100412198.0
1753507342162,05:22:22.162,gate,AAVE/USDT:USDT,,,,,298.75,336107.0,100412198.0
1753507343186,05:22:23.186,gate,AAVE/USDT:USDT,,,,,298.9,336113.0,100464306.0
1753507344163,05:22:24.163,gate,AAVE/USDT:USDT,,,,,298.9,336113.0,100464306.0
1753507347184,05:22:27.184,gate,AAVE/USDT:USDT,,,,,299.03,336115.0,100508588.0
1753507348159,05:22:28.159,gate,AAVE/USDT:USDT,,,,,299.0,336116.0,100498694.0
1753507350157,05:22:30.157,gate,AAVE/USDT:USDT,,,,,299.11,336116.0,100535908.0
1753507351167,05:22:31.167,gate,AAVE/USDT:USDT,,,,,299.11,336116.0,100535908.0
1753507352156,05:22:32.156,gate,AAVE/USDT:USDT,,,,,298.98,336117.0,100492308.0
1753507353175,05:22:33.175,gate,AAVE/USDT:USDT,,,,,298.98,336117.0,100492308.0
1753507354162,05:22:34.162,gate,AAVE/USDT:USDT,,,,,299.19,336123.0,100564766.0
1753507355183,05:22:35.183,gate,AAVE/USDT:USDT,,,,,299.19,336123.0,100564766.0
1753507356158,05:22:36.158,gate,AAVE/USDT:USDT,,,,,299.19,336123.0,100564766.0
1753507358159,05:22:38.159,gate,AAVE/USDT:USDT,,,,,299.19,336117.0,100562844.0
1753507359187,05:22:39.187,gate,AAVE/USDT:USDT,,,,,299.19,336117.0,100562844.0
1753507361155,05:22:41.155,gate,AAVE/USDT:USDT,,,,,299.18,336117.0,100559578.0
1753507362169,05:22:42.169,gate,AAVE/USDT:USDT,,,,,299.18,336117.0,100559674.0
1753507364159,05:22:44.159,gate,AAVE/USDT:USDT,,,,,299.37,336135.0,100628998.0
1753507365164,05:22:45.164,gate,AAVE/USDT:USDT,,,,,299.37,336135.0,100628998.0
1753507366166,05:22:46.166,gate,AAVE/USDT:USDT,,,,,299.31,336136.0,100608926.0
1753507367190,05:22:47.190,gate,AAVE/USDT:USDT,,,,,299.52,336160.0,100686840.0
1753507368164,05:22:48.164,gate,AAVE/USDT:USDT,,,,,299.52,336160.0,100686840.0
1753507369170,05:22:49.170,gate,AAVE/USDT:USDT,,,,,299.52,336160.0,100686840.0
1753507370163,05:22:50.163,gate,AAVE/USDT:USDT,,,,,299.49,336161.0,100676880.0
1753507371178,05:22:51.178,gate,AAVE/USDT:USDT,,,,,299.48,336163.0,100674220.0
1753507372163,05:22:52.163,gate,AAVE/USDT:USDT,,,,,299.48,336169.0,100675892.0
1753507373155,05:22:53.155,gate,AAVE/USDT:USDT,,,,,299.44,336180.0,100665894.0
1753507374157,05:22:54.157,gate,AAVE/USDT:USDT,,,,,299.44,336180.0,100665894.0
1753507382158,05:23:02.158,gate,AAVE/USDT:USDT,,,,,299.4,336192.0,100655968.0
1753507385160,05:23:05.160,gate,AAVE/USDT:USDT,,,,,299.48,336206.0,100687230.0
1753507391208,05:23:11.208,gate,AAVE/USDT:USDT,,,,,299.43,336220.0,100674468.0
1753507394169,05:23:14.169,gate,AAVE/USDT:USDT,,,,,299.43,336220.0,100674468.0
1753507397183,05:23:17.183,gate,AAVE/USDT:USDT,,,,,299.32,336233.0,100641416.0
1753507398162,05:23:18.162,gate,AAVE/USDT:USDT,,,,,299.32,336233.0,100641416.0
1753507400172,05:23:20.172,gate,AAVE/USDT:USDT,,,,,299.32,336249.0,100646152.0
1753507403157,05:23:23.157,gate,AAVE/USDT:USDT,,,,,299.32,336249.0,100646152.0
1753507404167,05:23:24.167,gate,AAVE/USDT:USDT,,,,,299.07,336250.0,100562514.0
1753507405156,05:23:25.156,gate,AAVE/USDT:USDT,,,,,299.03,336250.0,100549124.0
1753507406171,05:23:26.171,gate,AAVE/USDT:USDT,,,,,298.96,336251.0,100525646.0
1753507407171,05:23:27.171,gate,AAVE/USDT:USDT,,,,,298.96,336251.0,100525646.0
1753507408169,05:23:28.169,gate,AAVE/USDT:USDT,,,,,298.96,336251.0,100525646.0
1753507412161,05:23:32.161,gate,AAVE/USDT:USDT,,,,,298.96,336251.0,100525646.0
1753507413179,05:23:33.179,gate,AAVE/USDT:USDT,,,,,298.96,336251.0,100525646.0
1753507415178,05:23:35.178,gate,AAVE/USDT:USDT,,,,,298.96,336251.0,100525646.0
1753507416165,05:23:36.165,gate,AAVE/USDT:USDT,,,,,298.96,336251.0,100525646.0
1753507417161,05:23:37.161,gate,AAVE/USDT:USDT,,,,,298.96,336251.0,100525646.0
1753507419155,05:23:39.155,gate,AAVE/USDT:USDT,,,,,299.15,336251.0,100589558.0
1753507420157,05:23:40.157,gate,AAVE/USDT:USDT,,,,,299.15,336251.0,100589558.0
