timestamp,time,exchange,symbol,bid,bidVolume,ask,askVolume,lastPrice,baseVolume,quoteVolume
1753504800261,04:40:00.261,gateio,AAVE/USDT:USDT,,,,,297.57,355857.0,105892396.0
1753504810284,04:40:10.284,gateio,AAVE/USDT:USDT,,,,,297.57,355856.0,105892396.0
1753504811256,04:40:11.256,gateio,AAVE/USDT:USDT,,,,,297.53,355865.0,105880548.0
1753504812262,04:40:12.262,gateio,AAVE/USDT:USDT,,,,,297.53,355865.0,105880548.0
1753504816259,04:40:16.259,gateio,AAVE/USDT:USDT,,,,,297.6,355869.0,105906662.0
1753504817272,04:40:17.272,gateio,AAVE/USDT:USDT,,,,,297.62,355877.0,105916190.0
1753504826263,04:40:26.263,gateio,AAVE/USDT:USDT,,,,,297.62,355877.0,105916190.0
1753504836300,04:40:36.300,gateio,AAVE/USDT:USDT,,,,,297.62,355877.0,105916190.0
1753504839252,04:40:39.252,gateio,AAVE/USDT:USDT,,,,,297.56,355877.0,105895032.0
1753504840256,04:40:40.256,gateio,AAVE/USDT:USDT,,,,,297.49,355878.0,105870324.0
1753504841255,04:40:41.255,gateio,AAVE/USDT:USDT,,,,,297.49,355878.0,105870324.0
1753504842272,04:40:42.272,gateio,AAVE/USDT:USDT,,,,,297.49,355878.0,105870324.0
1753504844253,04:40:44.253,gateio,AAVE/USDT:USDT,,,,,297.49,355878.0,105870324.0
1753504852255,04:40:52.255,gateio,AAVE/USDT:USDT,,,,,297.49,355878.0,105870324.0
1753504857271,04:40:57.271,gateio,AAVE/USDT:USDT,,,,,297.49,355878.0,105870324.0
1753504859281,04:40:59.281,gateio,AAVE/USDT:USDT,,,,,297.61,355888.0,105916088.0
1753504860267,04:41:00.267,gateio,AAVE/USDT:USDT,,,,,297.61,355888.0,105916088.0
1753504864261,04:41:04.261,gateio,AAVE/USDT:USDT,,,,,297.63,355890.0,105923670.0
1753504866262,04:41:06.262,gateio,AAVE/USDT:USDT,,,,,297.67,355890.0,105937966.0
1753504870277,04:41:10.277,gateio,AAVE/USDT:USDT,,,,,297.67,355878.0,105934382.0
1753504876280,04:41:16.280,gateio,AAVE/USDT:USDT,,,,,297.71,355878.0,105948694.0
1753504877253,04:41:17.253,gateio,AAVE/USDT:USDT,,,,,297.71,355878.0,105948694.0
1753504885260,04:41:25.260,gateio,AAVE/USDT:USDT,,,,,297.71,355878.0,105948694.0
1753504887279,04:41:27.279,gateio,AAVE/USDT:USDT,,,,,297.83,355886.0,105993562.0
1753504889278,04:41:29.278,gateio,AAVE/USDT:USDT,,,,,297.74,355893.0,105963820.0
1753504893274,04:41:33.274,gateio,AAVE/USDT:USDT,,,,,297.74,355893.0,105963820.0
1753504901276,04:41:41.276,gateio,AAVE/USDT:USDT,,,,,297.85,355894.0,106003026.0
1753504902266,04:41:42.266,gateio,AAVE/USDT:USDT,,,,,297.86,355900.0,106008636.0
1753504904259,04:41:44.259,gateio,AAVE/USDT:USDT,,,,,297.86,355907.0,106010684.0
1753504905263,04:41:45.263,gateio,AAVE/USDT:USDT,,,,,297.86,355921.0,106014782.0
1753504906256,04:41:46.256,gateio,AAVE/USDT:USDT,,,,,297.86,355935.0,106018882.0
1753504910252,04:41:50.252,gateio,AAVE/USDT:USDT,,,,,297.86,355944.0,106021634.0
1753504912265,04:41:52.265,gateio,AAVE/USDT:USDT,,,,,297.86,355944.0,106021634.0
1753504913273,04:41:53.273,gateio,AAVE/USDT:USDT,,,,,297.87,355951.0,106027242.0
1753504920260,04:42:00.260,gateio,AAVE/USDT:USDT,,,,,297.87,355955.0,106028470.0
1753504922261,04:42:02.261,gateio,AAVE/USDT:USDT,,,,,297.91,355964.0,106045490.0
1753504923279,04:42:03.279,gateio,AAVE/USDT:USDT,,,,,297.91,355964.0,106045490.0
1753504925257,04:42:05.257,gateio,AAVE/USDT:USDT,,,,,297.92,355964.0,106049056.0
1753504926279,04:42:06.279,gateio,AAVE/USDT:USDT,,,,,297.96,355975.0,106066500.0
1753504927257,04:42:07.257,gateio,AAVE/USDT:USDT,,,,,297.96,355975.0,106066500.0
1753504930254,04:42:10.254,gateio,AAVE/USDT:USDT,,,,,297.96,355962.0,106062866.0
1753504931260,04:42:11.260,gateio,AAVE/USDT:USDT,,,,,297.95,355973.0,106062166.0
1753504937258,04:42:17.258,gateio,AAVE/USDT:USDT,,,,,297.98,355973.0,106072922.0
1753504941255,04:42:21.255,gateio,AAVE/USDT:USDT,,,,,298.05,355978.0,106099302.0
1753504943251,04:42:23.251,gateio,AAVE/USDT:USDT,,,,,297.98,355986.0,106076790.0
1753504944269,04:42:24.269,gateio,AAVE/USDT:USDT,,,,,297.98,355986.0,106076790.0
1753504946254,04:42:26.254,gateio,AAVE/USDT:USDT,,,,,298.01,355995.0,106090194.0
1753504954263,04:42:34.263,gateio,AAVE/USDT:USDT,,,,,298.01,355995.0,106090194.0
1753504964256,04:42:44.256,gateio,AAVE/USDT:USDT,,,,,298.01,355995.0,106090194.0
1753504984251,04:43:04.251,gateio,AAVE/USDT:USDT,,,,,298.01,355995.0,106090194.0
1753504990259,04:43:10.259,gateio,AAVE/USDT:USDT,,,,,298.01,356018.0,106097418.0
1753505020258,04:43:40.258,gateio,AAVE/USDT:USDT,,,,,297.98,356023.0,106087964.0
1753505021273,04:43:41.273,gateio,AAVE/USDT:USDT,,,,,298.02,356031.0,106104488.0
1753505024260,04:43:44.260,gateio,AAVE/USDT:USDT,,,,,298.02,356031.0,106104488.0
1753505049292,04:44:09.292,gateio,AAVE/USDT:USDT,,,,,298.02,356030.0,106104488.0
1753505074254,04:44:34.254,gateio,AAVE/USDT:USDT,,,,,298.02,356030.0,106104488.0
1753505096262,04:44:56.262,gateio,AAVE/USDT:USDT,,,,,298.05,356031.0,106115288.0
1753505106258,04:45:06.258,gateio,AAVE/USDT:USDT,,,,,298.05,356031.0,106115288.0
1753505108264,04:45:08.264,gateio,AAVE/USDT:USDT,,,,,297.98,356037.0,106092094.0
1753505109258,04:45:09.258,gateio,AAVE/USDT:USDT,,,,,297.98,356037.0,106092094.0
1753505110278,04:45:10.278,gateio,AAVE/USDT:USDT,,,,,297.98,356030.0,106090366.0
1753505111256,04:45:11.256,gateio,AAVE/USDT:USDT,,,,,297.97,356038.0,106088892.0
1753505114255,04:45:14.255,gateio,AAVE/USDT:USDT,,,,,297.98,356045.0,106094288.0
1753505117259,04:45:17.259,gateio,AAVE/USDT:USDT,,,,,298.0,356051.0,106103310.0
1753505120251,04:45:20.251,gateio,AAVE/USDT:USDT,,,,,297.98,356057.0,106097894.0
1753505123263,04:45:23.263,gateio,AAVE/USDT:USDT,,,,,297.99,356063.0,106103236.0
1753505129268,04:45:29.268,gateio,AAVE/USDT:USDT,,,,,297.99,356068.0,106104864.0
1753505144275,04:45:44.275,gateio,AAVE/USDT:USDT,,,,,297.98,356073.0,106102864.0
1753505147264,04:45:47.264,gateio,AAVE/USDT:USDT,,,,,297.98,356080.0,106104908.0
1753505149254,04:45:49.254,gateio,AAVE/USDT:USDT,,,,,297.96,356080.0,106097834.0
1753505153266,04:45:53.266,gateio,AAVE/USDT:USDT,,,,,297.97,356088.0,106103552.0
1753505156262,04:45:56.262,gateio,AAVE/USDT:USDT,,,,,297.97,356094.0,106105506.0
1753505159270,04:45:59.270,gateio,AAVE/USDT:USDT,,,,,297.98,356100.0,106110820.0
1753505162255,04:46:02.255,gateio,AAVE/USDT:USDT,,,,,297.98,356106.0,106112524.0
1753505168279,04:46:08.279,gateio,AAVE/USDT:USDT,,,,,297.97,356112.0,106110758.0
1753505170269,04:46:10.269,gateio,AAVE/USDT:USDT,,,,,297.97,356106.0,106108988.0
1753505171263,04:46:11.263,gateio,AAVE/USDT:USDT,,,,,298.02,356113.0,106128832.0
1753505174268,04:46:14.268,gateio,AAVE/USDT:USDT,,,,,298.03,356118.0,106134096.0
1753505175272,04:46:15.272,gateio,AAVE/USDT:USDT,,,,,298.03,356118.0,106134096.0
1753505177261,04:46:17.261,gateio,AAVE/USDT:USDT,,,,,297.99,356124.0,106121616.0
1753505178255,04:46:18.255,gateio,AAVE/USDT:USDT,,,,,297.99,356124.0,106121616.0
1753505180257,04:46:20.257,gateio,AAVE/USDT:USDT,,,,,298.0,356131.0,106127324.0
1753505183273,04:46:23.273,gateio,AAVE/USDT:USDT,,,,,297.96,356138.0,106114944.0
1753505186271,04:46:26.271,gateio,AAVE/USDT:USDT,,,,,298.03,356143.0,106141542.0
1753505187280,04:46:27.280,gateio,AAVE/USDT:USDT,,,,,298.03,356143.0,106141542.0
1753505189273,04:46:29.273,gateio,AAVE/USDT:USDT,,,,,298.02,356150.0,106139828.0
1753505195276,04:46:35.276,gateio,AAVE/USDT:USDT,,,,,298.02,356156.0,106141878.0
1753505197251,04:46:37.251,gateio,AAVE/USDT:USDT,,,,,298.02,356156.0,106141878.0
1753505198259,04:46:38.259,gateio,AAVE/USDT:USDT,,,,,297.94,356162.0,106115042.0
1753505199256,04:46:39.256,gateio,AAVE/USDT:USDT,,,,,297.94,356162.0,106115042.0
1753505201263,04:46:41.263,gateio,AAVE/USDT:USDT,,,,,297.95,356169.0,106120582.0
1753505207277,04:46:47.277,gateio,AAVE/USDT:USDT,,,,,297.95,356176.0,106122740.0
1753505209274,04:46:49.274,gateio,AAVE/USDT:USDT,,,,,297.94,356176.0,106119280.0
1753505210257,04:46:50.257,gateio,AAVE/USDT:USDT,,,,,297.93,356181.0,106117296.0
1753505213268,04:46:53.268,gateio,AAVE/USDT:USDT,,,,,297.93,356189.0,106119484.0
1753505214268,04:46:54.268,gateio,AAVE/USDT:USDT,,,,,297.9,356189.0,106108822.0
1753505216270,04:46:56.270,gateio,AAVE/USDT:USDT,,,,,297.85,356191.0,106091650.0
1753505217281,04:46:57.281,gateio,AAVE/USDT:USDT,,,,,297.85,356191.0,106091650.0
1753505219270,04:46:59.270,gateio,AAVE/USDT:USDT,,,,,297.78,356197.0,106068390.0
1753505222263,04:47:02.263,gateio,AAVE/USDT:USDT,,,,,297.77,356203.0,106066680.0
1753505225257,04:47:05.257,gateio,AAVE/USDT:USDT,,,,,297.77,356211.0,106068960.0
1753505226269,04:47:06.269,gateio,AAVE/USDT:USDT,,,,,297.77,356211.0,106068960.0
1753505227257,04:47:07.257,gateio,AAVE/USDT:USDT,,,,,297.78,356215.0,106073886.0
1753505228253,04:47:08.253,gateio,AAVE/USDT:USDT,,,,,297.78,356221.0,106075488.0
1753505230252,04:47:10.252,gateio,AAVE/USDT:USDT,,,,,297.78,356214.0,106073738.0
1753505231291,04:47:11.291,gateio,AAVE/USDT:USDT,,,,,297.78,356221.0,106075596.0
1753505232268,04:47:12.268,gateio,AAVE/USDT:USDT,,,,,297.75,356223.0,106065636.0
1753505233266,04:47:13.266,gateio,AAVE/USDT:USDT,,,,,297.75,356226.0,106066332.0
1753505234258,04:47:14.258,gateio,AAVE/USDT:USDT,,,,,297.73,356232.0,106060982.0
1753505236257,04:47:16.257,gateio,AAVE/USDT:USDT,,,,,297.73,356232.0,106060982.0
1753505237267,04:47:17.267,gateio,AAVE/USDT:USDT,,,,,297.68,356238.0,106044938.0
1753505238272,04:47:18.272,gateio,AAVE/USDT:USDT,,,,,297.69,356253.0,106053104.0
1753505240261,04:47:20.261,gateio,AAVE/USDT:USDT,,,,,297.7,356259.0,106058356.0
1753505246256,04:47:26.256,gateio,AAVE/USDT:USDT,,,,,297.7,356259.0,106058356.0
1753505249264,04:47:29.264,gateio,AAVE/USDT:USDT,,,,,297.71,356266.0,106064224.0
1753505252292,04:47:32.292,gateio,AAVE/USDT:USDT,,,,,297.78,356272.0,106090878.0
1753505256257,04:47:36.257,gateio,AAVE/USDT:USDT,,,,,297.78,356272.0,106090878.0
1753505258271,04:47:38.271,gateio,AAVE/USDT:USDT,,,,,297.82,356279.0,106107220.0
1753505259264,04:47:39.264,gateio,AAVE/USDT:USDT,,,,,297.82,356279.0,106107220.0
1753505261281,04:47:41.281,gateio,AAVE/USDT:USDT,,,,,297.9,356286.0,106137884.0
1753505262254,04:47:42.254,gateio,AAVE/USDT:USDT,,,,,297.9,356286.0,106137884.0
1753505264298,04:47:44.298,gateio,AAVE/USDT:USDT,,,,,297.88,356294.0,106132986.0
1753505267257,04:47:47.257,gateio,AAVE/USDT:USDT,,,,,297.89,356300.0,106138218.0
1753505270251,04:47:50.251,gateio,AAVE/USDT:USDT,,,,,297.88,356306.0,106136716.0
1753505272274,04:47:52.274,gateio,AAVE/USDT:USDT,,,,,297.88,356306.0,106136716.0
1753505276259,04:47:56.259,gateio,AAVE/USDT:USDT,,,,,297.76,356314.0,106096234.0
1753505277261,04:47:57.261,gateio,AAVE/USDT:USDT,,,,,297.76,356314.0,106096234.0
1753505279258,04:47:59.258,gateio,AAVE/USDT:USDT,,,,,297.75,356321.0,106094582.0
1753505282274,04:48:02.274,gateio,AAVE/USDT:USDT,,,,,297.75,356328.0,106096840.0
1753505287266,04:48:07.266,gateio,AAVE/USDT:USDT,,,,,297.75,356328.0,106096840.0
1753505290275,04:48:10.275,gateio,AAVE/USDT:USDT,,,,,297.75,356338.0,106099830.0
1753505300257,04:48:20.257,gateio,AAVE/USDT:USDT,,,,,297.75,356338.0,106099830.0
1753505307265,04:48:27.265,gateio,AAVE/USDT:USDT,,,,,297.73,356340.0,106093120.0
1753505310265,04:48:30.265,gateio,AAVE/USDT:USDT,,,,,297.73,356340.0,106093120.0
1753505311250,04:48:31.250,gateio,AAVE/USDT:USDT,,,,,297.67,356343.0,106072738.0
1753505317269,04:48:37.269,gateio,AAVE/USDT:USDT,,,,,297.67,356343.0,106072738.0
1753505319271,04:48:39.271,gateio,AAVE/USDT:USDT,,,,,297.67,356343.0,106072738.0
1753505339259,04:48:59.259,gateio,AAVE/USDT:USDT,,,,,297.67,356343.0,106072738.0
1753505350276,04:49:10.276,gateio,AAVE/USDT:USDT,,,,,297.67,356350.0,106074996.0
1753505359265,04:49:19.265,gateio,AAVE/USDT:USDT,,,,,297.67,356350.0,106074996.0
1753505369296,04:49:29.296,gateio,AAVE/USDT:USDT,,,,,297.67,356350.0,106074996.0
1753505389277,04:49:49.277,gateio,AAVE/USDT:USDT,,,,,297.67,356350.0,106074996.0
1753505405274,04:50:05.274,gateio,AAVE/USDT:USDT,,,,,297.61,356360.0,106056584.0
1753505406264,04:50:06.264,gateio,AAVE/USDT:USDT,,,,,297.61,356360.0,106056584.0
1753505408271,04:50:08.271,gateio,AAVE/USDT:USDT,,,,,297.62,356374.0,106064070.0
1753505410264,04:50:10.264,gateio,AAVE/USDT:USDT,,,,,297.62,356350.0,106057178.0
1753505411262,04:50:11.262,gateio,AAVE/USDT:USDT,,,,,297.61,356364.0,106057750.0
1753505414277,04:50:14.277,gateio,AAVE/USDT:USDT,,,,,297.61,356375.0,106060846.0
1753505415257,04:50:15.257,gateio,AAVE/USDT:USDT,,,,,297.6,356405.0,106066394.0
1753505416258,04:50:16.258,gateio,AAVE/USDT:USDT,,,,,297.6,356405.0,106066394.0
1753505417283,04:50:17.283,gateio,AAVE/USDT:USDT,,,,,297.57,356418.0,106059578.0
1753505418256,04:50:18.256,gateio,AAVE/USDT:USDT,,,,,297.57,356418.0,106059578.0
1753505420261,04:50:20.261,gateio,AAVE/USDT:USDT,,,,,297.57,356430.0,106063088.0
1753505425269,04:50:25.269,gateio,AAVE/USDT:USDT,,,,,297.56,356430.0,106059584.0
1753505428267,04:50:28.267,gateio,AAVE/USDT:USDT,,,,,297.56,356430.0,106059584.0
1753505429279,04:50:29.279,gateio,AAVE/USDT:USDT,,,,,297.53,356443.0,106052502.0
1753505432261,04:50:32.261,gateio,AAVE/USDT:USDT,,,,,297.53,356454.0,106055858.0
1753505438265,04:50:38.265,gateio,AAVE/USDT:USDT,,,,,297.53,356454.0,106055858.0
1753505453267,04:50:53.267,gateio,AAVE/USDT:USDT,,,,,297.53,356464.0,106058864.0
1753505457253,04:50:57.253,gateio,AAVE/USDT:USDT,,,,,297.52,356465.0,106055758.0
1753505463281,04:51:03.281,gateio,AAVE/USDT:USDT,,,,,297.49,356466.0,106045094.0
1753505465263,04:51:05.263,gateio,AAVE/USDT:USDT,,,,,297.49,356466.0,106045094.0
1753505466280,04:51:06.280,gateio,AAVE/USDT:USDT,,,,,297.43,356466.0,106023782.0
1753505468264,04:51:08.264,gateio,AAVE/USDT:USDT,,,,,297.43,356466.0,106023782.0
1753505469276,04:51:09.276,gateio,AAVE/USDT:USDT,,,,,297.43,356466.0,106023782.0
1753505470272,04:51:10.272,gateio,AAVE/USDT:USDT,,,,,297.43,356488.0,106030564.0
1753505474270,04:51:14.270,gateio,AAVE/USDT:USDT,,,,,297.32,356489.0,105991534.0
1753505476264,04:51:16.264,gateio,AAVE/USDT:USDT,,,,,297.32,356489.0,105991534.0
1753505482252,04:51:22.252,gateio,AAVE/USDT:USDT,,,,,297.32,356489.0,105991534.0
1753505484271,04:51:24.271,gateio,AAVE/USDT:USDT,,,,,297.32,356489.0,105991534.0
1753505487272,04:51:27.272,gateio,AAVE/USDT:USDT,,,,,297.55,356491.0,106074056.0
1753505488267,04:51:28.267,gateio,AAVE/USDT:USDT,,,,,297.67,356491.0,106116896.0
1753505489254,04:51:29.254,gateio,AAVE/USDT:USDT,,,,,297.67,356491.0,106116896.0
1753505493260,04:51:33.260,gateio,AAVE/USDT:USDT,,,,,297.67,356491.0,106116896.0
1753505500267,04:51:40.267,gateio,AAVE/USDT:USDT,,,,,297.67,356491.0,106116896.0
1753505510259,04:51:50.259,gateio,AAVE/USDT:USDT,,,,,297.67,356491.0,106116896.0
1753505511268,04:51:51.268,gateio,AAVE/USDT:USDT,,,,,297.71,356492.0,106131232.0
1753505512260,04:51:52.260,gateio,AAVE/USDT:USDT,,,,,297.76,356492.0,106149086.0
1753505518255,04:51:58.255,gateio,AAVE/USDT:USDT,,,,,297.82,356493.0,106170798.0
1753505519265,04:51:59.265,gateio,AAVE/USDT:USDT,,,,,297.84,356493.0,106178166.0
1753505520267,04:52:00.267,gateio,AAVE/USDT:USDT,,,,,297.84,356493.0,106178166.0
1753505522253,04:52:02.253,gateio,AAVE/USDT:USDT,,,,,297.83,356495.0,106175178.0
