timestamp,time,exchange,symbol,bid,bidVolume,ask,askVolume,lastPrice,baseVolume,quoteVolume
1753507247169,05:20:47.169,gateio,AAVE/USDT:USDT,,,,,298.63,335978.0,100333192.0
1753507250160,05:20:50.160,gateio,AAVE/USDT:USDT,,,,,298.61,335992.0,100330738.0
1753507262161,05:21:02.161,gateio,AAVE/USDT:USDT,,,,,298.63,336004.0,100340952.0
1753507265172,05:21:05.172,gateio,AAVE/USDT:USDT,,,,,298.64,336015.0,100347770.0
1753507268166,05:21:08.166,gateio,AAVE/USDT:USDT,,,,,298.71,336026.0,100374522.0
1753507270163,05:21:10.163,gateio,AAVE/USDT:USDT,,,,,298.77,336027.0,100395000.0
1753507271202,05:21:11.202,gateio,AAVE/USDT:USDT,,,,,298.81,336028.0,100408658.0
1753507281172,05:21:21.172,gateio,AAVE/USDT:USDT,,,,,298.81,336028.0,100408658.0
1753507291183,05:21:31.183,gateio,AAVE/USDT:USDT,,,,,298.81,336028.0,100408658.0
1753507298199,05:21:38.199,gateio,AAVE/USDT:USDT,,,,,298.81,336042.0,100412990.0
1753507301168,05:21:41.168,gateio,AAVE/USDT:USDT,,,,,298.81,336042.0,100412990.0
1753507307171,05:21:47.171,gateio,AAVE/USDT:USDT,,,,,298.72,336056.0,100386796.0
1753507310178,05:21:50.178,gateio,AAVE/USDT:USDT,,,,,298.71,336069.0,100387170.0
1753507322164,05:22:02.164,gateio,AAVE/USDT:USDT,,,,,298.72,336084.0,100395108.0
1753507325165,05:22:05.165,gateio,AAVE/USDT:USDT,,,,,298.78,336096.0,100418906.0
1753507327164,05:22:07.164,gateio,AAVE/USDT:USDT,,,,,298.78,336096.0,100418906.0
1753507334167,05:22:14.167,gateio,AAVE/USDT:USDT,,,,,298.75,336107.0,100412198.0
1753507342163,05:22:22.163,gateio,AAVE/USDT:USDT,,,,,298.75,336107.0,100412198.0
1753507343175,05:22:23.175,gateio,AAVE/USDT:USDT,,,,,298.9,336113.0,100464306.0
1753507344162,05:22:24.162,gateio,AAVE/USDT:USDT,,,,,298.9,336113.0,100464306.0
1753507347161,05:22:27.161,gateio,AAVE/USDT:USDT,,,,,299.03,336115.0,100508588.0
1753507348170,05:22:28.170,gateio,AAVE/USDT:USDT,,,,,299.0,336116.0,100498694.0
1753507350162,05:22:30.162,gateio,AAVE/USDT:USDT,,,,,299.11,336116.0,100535908.0
1753507351174,05:22:31.174,gateio,AAVE/USDT:USDT,,,,,299.11,336116.0,100535908.0
1753507352171,05:22:32.171,gateio,AAVE/USDT:USDT,,,,,298.98,336117.0,100492308.0
1753507353179,05:22:33.179,gateio,AAVE/USDT:USDT,,,,,298.98,336117.0,100492308.0
1753507354161,05:22:34.161,gateio,AAVE/USDT:USDT,,,,,299.19,336123.0,100564766.0
1753507355181,05:22:35.181,gateio,AAVE/USDT:USDT,,,,,299.19,336123.0,100564766.0
1753507356170,05:22:36.170,gateio,AAVE/USDT:USDT,,,,,299.19,336123.0,100564766.0
1753507358167,05:22:38.167,gateio,AAVE/USDT:USDT,,,,,299.19,336113.0,100561874.0
1753507359181,05:22:39.181,gateio,AAVE/USDT:USDT,,,,,299.19,336113.0,100561874.0
1753507361165,05:22:41.165,gateio,AAVE/USDT:USDT,,,,,299.18,336114.0,100558610.0
1753507362171,05:22:42.171,gateio,AAVE/USDT:USDT,,,,,299.18,336114.0,100558706.0
1753507364161,05:22:44.161,gateio,AAVE/USDT:USDT,,,,,299.37,336132.0,100628028.0
1753507365178,05:22:45.178,gateio,AAVE/USDT:USDT,,,,,299.37,336132.0,100628028.0
1753507366159,05:22:46.159,gateio,AAVE/USDT:USDT,,,,,299.31,336132.0,100607956.0
1753507367168,05:22:47.168,gateio,AAVE/USDT:USDT,,,,,299.52,336157.0,100685870.0
1753507368163,05:22:48.163,gateio,AAVE/USDT:USDT,,,,,299.52,336157.0,100685870.0
1753507369182,05:22:49.182,gateio,AAVE/USDT:USDT,,,,,299.52,336157.0,100685870.0
1753507370174,05:22:50.174,gateio,AAVE/USDT:USDT,,,,,299.49,336157.0,100675910.0
1753507371168,05:22:51.168,gateio,AAVE/USDT:USDT,,,,,299.48,336160.0,100673250.0
1753507372172,05:22:52.172,gateio,AAVE/USDT:USDT,,,,,299.48,336165.0,100674920.0
1753507373167,05:22:53.167,gateio,AAVE/USDT:USDT,,,,,299.44,336177.0,100664924.0
1753507374167,05:22:54.167,gateio,AAVE/USDT:USDT,,,,,299.44,336177.0,100664924.0
1753507382175,05:23:02.175,gateio,AAVE/USDT:USDT,,,,,299.4,336189.0,100654998.0
1753507385167,05:23:05.167,gateio,AAVE/USDT:USDT,,,,,299.48,336203.0,100686260.0
1753507391165,05:23:11.165,gateio,AAVE/USDT:USDT,,,,,299.43,336217.0,100673498.0
1753507394172,05:23:14.172,gateio,AAVE/USDT:USDT,,,,,299.43,336217.0,100673498.0
1753507397183,05:23:17.183,gateio,AAVE/USDT:USDT,,,,,299.32,336230.0,100640446.0
1753507398171,05:23:18.171,gateio,AAVE/USDT:USDT,,,,,299.32,336230.0,100640446.0
1753507400161,05:23:20.161,gateio,AAVE/USDT:USDT,,,,,299.32,336246.0,100645182.0
1753507403171,05:23:23.171,gateio,AAVE/USDT:USDT,,,,,299.32,336246.0,100645182.0
1753507404163,05:23:24.163,gateio,AAVE/USDT:USDT,,,,,299.07,336247.0,100561544.0
1753507405171,05:23:25.171,gateio,AAVE/USDT:USDT,,,,,299.03,336247.0,100548154.0
1753507406162,05:23:26.162,gateio,AAVE/USDT:USDT,,,,,298.96,336247.0,100524678.0
1753507407176,05:23:27.176,gateio,AAVE/USDT:USDT,,,,,298.96,336247.0,100524678.0
1753507408159,05:23:28.159,gateio,AAVE/USDT:USDT,,,,,298.96,336247.0,100524678.0
1753507412177,05:23:32.177,gateio,AAVE/USDT:USDT,,,,,298.96,336247.0,100524678.0
1753507413169,05:23:33.169,gateio,AAVE/USDT:USDT,,,,,298.96,336247.0,100524678.0
1753507415176,05:23:35.176,gateio,AAVE/USDT:USDT,,,,,298.96,336247.0,100524678.0
1753507416164,05:23:36.164,gateio,AAVE/USDT:USDT,,,,,298.96,336247.0,100524678.0
1753507417192,05:23:37.192,gateio,AAVE/USDT:USDT,,,,,298.96,336258.0,100527792.0
1753507419165,05:23:39.165,gateio,AAVE/USDT:USDT,,,,,299.15,336258.0,100591706.0
1753507420161,05:23:40.161,gateio,AAVE/USDT:USDT,,,,,299.15,336258.0,100591706.0
1753507430167,05:23:50.167,gateio,AAVE/USDT:USDT,,,,,299.15,336258.0,100591706.0
1753507440160,05:24:00.160,gateio,AAVE/USDT:USDT,,,,,299.15,336258.0,100591706.0
1753507450168,05:24:10.168,gateio,AAVE/USDT:USDT,,,,,299.28,336258.0,100635478.0
1753507460161,05:24:20.161,gateio,AAVE/USDT:USDT,,,,,299.28,336258.0,100635478.0
1753507467173,05:24:27.173,gateio,AAVE/USDT:USDT,,,,,299.28,336258.0,100635478.0
1753507468174,05:24:28.174,gateio,AAVE/USDT:USDT,,,,,299.28,336259.0,100635850.0
1753507469183,05:24:29.183,gateio,AAVE/USDT:USDT,,,,,299.28,336262.0,100636502.0
1753507477189,05:24:37.189,gateio,AAVE/USDT:USDT,,,,,299.28,336262.0,100636502.0
1753507478198,05:24:38.198,gateio,AAVE/USDT:USDT,,,,,299.28,336260.0,100635910.0
1753507482174,05:24:42.174,gateio,AAVE/USDT:USDT,,,,,299.28,336260.0,100635910.0
1753507492193,05:24:52.193,gateio,AAVE/USDT:USDT,,,,,299.28,336260.0,100635910.0
1753507493161,05:24:53.161,gateio,AAVE/USDT:USDT,,,,,299.19,336278.0,100611242.0
1753507496169,05:24:56.169,gateio,AAVE/USDT:USDT,,,,,299.19,336278.0,100611242.0
1753507499182,05:24:59.182,gateio,AAVE/USDT:USDT,,,,,299.33,336278.0,100658380.0
1753507500171,05:25:00.171,gateio,AAVE/USDT:USDT,,,,,299.36,336279.0,100668546.0
1753507506160,05:25:06.160,gateio,AAVE/USDT:USDT,,,,,299.39,336286.0,100680760.0
1753507508164,05:25:08.164,gateio,AAVE/USDT:USDT,,,,,299.4,336298.0,100687704.0
1753507514182,05:25:14.182,gateio,AAVE/USDT:USDT,,,,,299.44,336309.0,100704420.0
1753507515180,05:25:15.180,gateio,AAVE/USDT:USDT,,,,,299.44,336309.0,100704420.0
1753507516161,05:25:16.161,gateio,AAVE/USDT:USDT,,,,,299.4,336311.0,100691566.0
1753507519176,05:25:19.176,gateio,AAVE/USDT:USDT,,,,,299.4,336327.0,100696566.0
1753507520175,05:25:20.175,gateio,AAVE/USDT:USDT,,,,,299.38,336340.0,100693540.0
1753507523182,05:25:23.182,gateio,AAVE/USDT:USDT,,,,,299.39,336351.0,100700304.0
1753507526173,05:25:26.173,gateio,AAVE/USDT:USDT,,,,,299.39,336351.0,100700304.0
1753507529173,05:25:29.173,gateio,AAVE/USDT:USDT,,,,,299.39,336364.0,100704034.0
1753507532171,05:25:32.171,gateio,AAVE/USDT:USDT,,,,,299.39,336376.0,100707634.0
1753507537195,05:25:37.195,gateio,AAVE/USDT:USDT,,,,,299.39,336352.0,100700958.0
1753507538170,05:25:38.170,gateio,AAVE/USDT:USDT,,,,,299.39,336364.0,100704208.0
1753507546172,05:25:46.172,gateio,AAVE/USDT:USDT,,,,,299.39,336364.0,100704208.0
1753507549235,05:25:49.235,gateio,AAVE/USDT:USDT,,,,,299.39,336364.0,100704208.0
1753507551178,05:25:51.178,gateio,AAVE/USDT:USDT,,,,,299.4,336365.0,100707962.0
1753507553166,05:25:53.166,gateio,AAVE/USDT:USDT,,,,,299.44,336378.0,100725224.0
1753507556185,05:25:56.185,gateio,AAVE/USDT:USDT,,,,,299.45,336391.0,100732380.0
1753507557161,05:25:57.161,gateio,AAVE/USDT:USDT,,,,,299.45,336391.0,100732380.0
1753507562169,05:26:02.169,gateio,AAVE/USDT:USDT,,,,,299.41,336404.0,100722834.0
1753507563173,05:26:03.173,gateio,AAVE/USDT:USDT,,,,,299.41,336404.0,100722834.0
1753507565182,05:26:05.182,gateio,AAVE/USDT:USDT,,,,,299.42,336416.0,100729918.0
1753507568177,05:26:08.177,gateio,AAVE/USDT:USDT,,,,,299.36,336430.0,100713762.0
1753507571179,05:26:11.179,gateio,AAVE/USDT:USDT,,,,,299.39,336440.0,100726920.0
1753507572181,05:26:12.181,gateio,AAVE/USDT:USDT,,,,,299.41,336440.0,100733674.0
1753507573170,05:26:13.170,gateio,AAVE/USDT:USDT,,,,,299.41,336440.0,100733674.0
1753507574159,05:26:14.159,gateio,AAVE/USDT:USDT,,,,,299.44,336451.0,100747096.0
1753507577170,05:26:17.170,gateio,AAVE/USDT:USDT,,,,,299.44,336462.0,100750438.0
1753507580169,05:26:20.169,gateio,AAVE/USDT:USDT,,,,,299.5,336467.0,100771866.0
1753507581170,05:26:21.170,gateio,AAVE/USDT:USDT,,,,,299.5,336467.0,100771866.0
1753507586165,05:26:26.165,gateio,AAVE/USDT:USDT,,,,,299.52,336481.0,100782950.0
1753507589170,05:26:29.170,gateio,AAVE/USDT:USDT,,,,,299.5,336498.0,100781258.0
1753507591174,05:26:31.174,gateio,AAVE/USDT:USDT,,,,,299.5,336498.0,100781258.0
1753507592166,05:26:32.166,gateio,AAVE/USDT:USDT,,,,,299.53,336508.0,100794366.0
1753507593164,05:26:33.164,gateio,AAVE/USDT:USDT,,,,,299.53,336508.0,100794366.0
1753507598166,05:26:38.166,gateio,AAVE/USDT:USDT,,,,,299.52,336536.0,100799370.0
1753507601162,05:26:41.162,gateio,AAVE/USDT:USDT,,,,,299.51,336548.0,100799586.0
1753507603159,05:26:43.159,gateio,AAVE/USDT:USDT,,,,,299.51,336548.0,100799586.0
1753507604213,05:26:44.213,gateio,AAVE/USDT:USDT,,,,,299.53,336562.0,100810642.0
1753507611167,05:26:51.167,gateio,AAVE/USDT:USDT,,,,,299.53,336562.0,100810642.0
1753507621184,05:27:01.184,gateio,AAVE/USDT:USDT,,,,,299.53,336562.0,100810642.0
1753507623173,05:27:03.173,gateio,AAVE/USDT:USDT,,,,,299.33,336562.0,100743390.0
1753507625168,05:27:05.168,gateio,AAVE/USDT:USDT,,,,,299.33,336562.0,100743390.0
1753507627183,05:27:07.183,gateio,AAVE/USDT:USDT,,,,,299.33,336562.0,100743390.0
1753507635170,05:27:15.170,gateio,AAVE/USDT:USDT,,,,,299.33,336562.0,100743390.0
1753507645183,05:27:25.183,gateio,AAVE/USDT:USDT,,,,,299.41,336563.0,100770344.0
1753507652167,05:27:32.167,gateio,AAVE/USDT:USDT,,,,,299.41,336563.0,100770344.0
1753507654159,05:27:34.159,gateio,AAVE/USDT:USDT,,,,,299.49,336563.0,100797498.0
1753507655179,05:27:35.179,gateio,AAVE/USDT:USDT,,,,,299.49,336563.0,100797498.0
1753507656165,05:27:36.165,gateio,AAVE/USDT:USDT,,,,,299.56,336564.0,100821248.0
1753507657179,05:27:37.179,gateio,AAVE/USDT:USDT,,,,,299.56,336564.0,100821248.0
1753507658179,05:27:38.179,gateio,AAVE/USDT:USDT,,,,,299.56,336572.0,100823842.0
1753507659169,05:27:39.169,gateio,AAVE/USDT:USDT,,,,,299.62,336583.0,100847106.0
1753507669173,05:27:49.173,gateio,AAVE/USDT:USDT,,,,,299.62,336583.0,100847106.0
1753507673181,05:27:53.181,gateio,AAVE/USDT:USDT,,,,,299.56,336625.0,100839420.0
