timestamp,time,exchange,symbol,bid,bidVolume,ask,askVolume,lastPrice,baseVolume,quoteVolume
1753504800466,04:40:00.466,gate,AAVE/USDT:USDT,,,,,297.57,355845.0,105889088.0
1753504810432,04:40:10.432,gate,AAVE/USDT:USDT,,,,,297.57,355845.0,105889088.0
1753504811435,04:40:11.435,gate,AAVE/USDT:USDT,,,,,297.53,355854.0,105877240.0
1753504812447,04:40:12.447,gate,AAVE/USDT:USDT,,,,,297.53,355854.0,105877240.0
1753504814444,04:40:14.444,gate,AAVE/USDT:USDT,,,,,297.53,355856.0,105878162.0
1753504815426,04:40:15.426,gate,AAVE/USDT:USDT,,,,,297.6,355861.0,105904274.0
1753504816426,04:40:16.426,gate,AAVE/USDT:USDT,,,,,297.6,355861.0,105904274.0
1753504817438,04:40:17.438,gate,AAVE/USDT:USDT,,,,,297.62,355869.0,105913802.0
1753504826502,04:40:26.502,gate,AAVE/USDT:USDT,,,,,297.62,355869.0,105913802.0
1753504836448,04:40:36.448,gate,AAVE/USDT:USDT,,,,,297.62,355869.0,105913802.0
1753504839427,04:40:39.427,gate,AAVE/USDT:USDT,,,,,297.49,355870.0,105867938.0
1753504841427,04:40:41.427,gate,AAVE/USDT:USDT,,,,,297.49,355870.0,105867938.0
1753504842434,04:40:42.434,gate,AAVE/USDT:USDT,,,,,297.49,355870.0,105867938.0
1753504844429,04:40:44.429,gate,AAVE/USDT:USDT,,,,,297.49,355870.0,105867938.0
1753504852429,04:40:52.429,gate,AAVE/USDT:USDT,,,,,297.49,355870.0,105867938.0
1753504857427,04:40:57.427,gate,AAVE/USDT:USDT,,,,,297.49,355870.0,105867938.0
1753504859436,04:40:59.436,gate,AAVE/USDT:USDT,,,,,297.61,355880.0,105913702.0
1753504860434,04:41:00.434,gate,AAVE/USDT:USDT,,,,,297.61,355880.0,105913702.0
1753504864441,04:41:04.441,gate,AAVE/USDT:USDT,,,,,297.63,355882.0,105921284.0
1753504865437,04:41:05.437,gate,AAVE/USDT:USDT,,,,,297.67,355882.0,105935578.0
1753504866436,04:41:06.436,gate,AAVE/USDT:USDT,,,,,297.67,355882.0,105935578.0
1753504875441,04:41:15.441,gate,AAVE/USDT:USDT,,,,,297.67,355888.0,105937442.0
1753504876425,04:41:16.425,gate,AAVE/USDT:USDT,,,,,297.71,355889.0,105951754.0
1753504877429,04:41:17.429,gate,AAVE/USDT:USDT,,,,,297.71,355889.0,105951754.0
1753504885433,04:41:25.433,gate,AAVE/USDT:USDT,,,,,297.71,355889.0,105951754.0
1753504887432,04:41:27.432,gate,AAVE/USDT:USDT,,,,,297.83,355896.0,105996624.0
1753504889432,04:41:29.432,gate,AAVE/USDT:USDT,,,,,297.74,355904.0,105966880.0
1753504893435,04:41:33.435,gate,AAVE/USDT:USDT,,,,,297.74,355904.0,105966880.0
1753504901429,04:41:41.429,gate,AAVE/USDT:USDT,,,,,297.85,355904.0,106006088.0
1753504902426,04:41:42.426,gate,AAVE/USDT:USDT,,,,,297.86,355911.0,106011698.0
1753504904431,04:41:44.431,gate,AAVE/USDT:USDT,,,,,297.86,355918.0,106013746.0
1753504905439,04:41:45.439,gate,AAVE/USDT:USDT,,,,,297.86,355931.0,106017844.0
1753504906426,04:41:46.426,gate,AAVE/USDT:USDT,,,,,297.86,355945.0,106021944.0
1753504910436,04:41:50.436,gate,AAVE/USDT:USDT,,,,,297.86,355954.0,106024696.0
1753504912439,04:41:52.439,gate,AAVE/USDT:USDT,,,,,297.86,355954.0,106024696.0
1753504913442,04:41:53.442,gate,AAVE/USDT:USDT,,,,,297.87,355961.0,106030304.0
1753504920444,04:42:00.444,gate,AAVE/USDT:USDT,,,,,297.87,355965.0,106031532.0
1753504922448,04:42:02.448,gate,AAVE/USDT:USDT,,,,,297.91,355975.0,106048552.0
1753504923433,04:42:03.433,gate,AAVE/USDT:USDT,,,,,297.91,355975.0,106048552.0
1753504925433,04:42:05.433,gate,AAVE/USDT:USDT,,,,,297.92,355975.0,106052118.0
1753504926430,04:42:06.430,gate,AAVE/USDT:USDT,,,,,297.96,355985.0,106069564.0
1753504927444,04:42:07.444,gate,AAVE/USDT:USDT,,,,,297.96,355985.0,106069564.0
1753504931429,04:42:11.429,gate,AAVE/USDT:USDT,,,,,297.95,355995.0,106068864.0
1753504935436,04:42:15.436,gate,AAVE/USDT:USDT,,,,,297.95,355978.0,106063894.0
1753504937444,04:42:17.444,gate,AAVE/USDT:USDT,,,,,297.98,355979.0,106074652.0
1753504940447,04:42:20.447,gate,AAVE/USDT:USDT,,,,,298.05,355984.0,106101030.0
1753504941439,04:42:21.439,gate,AAVE/USDT:USDT,,,,,298.05,355984.0,106101030.0
1753504943434,04:42:23.434,gate,AAVE/USDT:USDT,,,,,297.98,355992.0,106078518.0
1753504944430,04:42:24.430,gate,AAVE/USDT:USDT,,,,,297.98,355992.0,106078518.0
1753504946444,04:42:26.444,gate,AAVE/USDT:USDT,,,,,298.01,356001.0,106091922.0
1753504954442,04:42:34.442,gate,AAVE/USDT:USDT,,,,,298.01,356001.0,106091922.0
1753504964429,04:42:44.429,gate,AAVE/USDT:USDT,,,,,298.01,356001.0,106091922.0
1753504984438,04:43:04.438,gate,AAVE/USDT:USDT,,,,,298.01,356001.0,106091922.0
1753504994431,04:43:14.431,gate,AAVE/USDT:USDT,,,,,298.01,356018.0,106097418.0
1753505019427,04:43:39.427,gate,AAVE/USDT:USDT,,,,,297.98,356023.0,106087964.0
1753505020443,04:43:40.443,gate,AAVE/USDT:USDT,,,,,298.02,356031.0,106104488.0
1753505024440,04:43:44.440,gate,AAVE/USDT:USDT,,,,,298.02,356031.0,106104488.0
1753505055439,04:44:15.439,gate,AAVE/USDT:USDT,,,,,298.02,356030.0,106104488.0
1753505074426,04:44:34.426,gate,AAVE/USDT:USDT,,,,,298.02,356030.0,106104488.0
1753505095426,04:44:55.426,gate,AAVE/USDT:USDT,,,,,298.05,356031.0,106115288.0
1753505096436,04:44:56.436,gate,AAVE/USDT:USDT,,,,,298.05,356031.0,106115288.0
1753505106459,04:45:06.459,gate,AAVE/USDT:USDT,,,,,298.05,356031.0,106115288.0
1753505108426,04:45:08.426,gate,AAVE/USDT:USDT,,,,,297.98,356037.0,106092094.0
1753505109435,04:45:09.435,gate,AAVE/USDT:USDT,,,,,297.98,356037.0,106092094.0
1753505111440,04:45:11.440,gate,AAVE/USDT:USDT,,,,,297.97,356044.0,106090620.0
1753505114429,04:45:14.429,gate,AAVE/USDT:USDT,,,,,297.98,356036.0,106092094.0
1753505117430,04:45:17.430,gate,AAVE/USDT:USDT,,,,,298.0,356044.0,106101116.0
1753505120441,04:45:20.441,gate,AAVE/USDT:USDT,,,,,297.98,356049.0,106095700.0
1753505123446,04:45:23.446,gate,AAVE/USDT:USDT,,,,,297.99,356055.0,106101044.0
1753505129431,04:45:29.431,gate,AAVE/USDT:USDT,,,,,297.99,356061.0,106102670.0
1753505144438,04:45:44.438,gate,AAVE/USDT:USDT,,,,,297.98,356066.0,106100670.0
1753505147437,04:45:47.437,gate,AAVE/USDT:USDT,,,,,297.98,356073.0,106102714.0
1753505149439,04:45:49.439,gate,AAVE/USDT:USDT,,,,,297.96,356073.0,106095642.0
1753505153446,04:45:53.446,gate,AAVE/USDT:USDT,,,,,297.97,356080.0,106101360.0
1753505156427,04:45:56.427,gate,AAVE/USDT:USDT,,,,,297.97,356087.0,106103314.0
1753505159432,04:45:59.432,gate,AAVE/USDT:USDT,,,,,297.98,356093.0,106108626.0
1753505162435,04:46:02.435,gate,AAVE/USDT:USDT,,,,,297.98,356098.0,106110332.0
1753505168431,04:46:08.431,gate,AAVE/USDT:USDT,,,,,297.97,356104.0,106108564.0
1753505171435,04:46:11.435,gate,AAVE/USDT:USDT,,,,,298.02,356111.0,106128408.0
1753505174426,04:46:14.426,gate,AAVE/USDT:USDT,,,,,298.03,356117.0,106133674.0
1753505175434,04:46:15.434,gate,AAVE/USDT:USDT,,,,,298.03,356106.0,106130354.0
1753505177431,04:46:17.431,gate,AAVE/USDT:USDT,,,,,297.99,356112.0,106117874.0
1753505178432,04:46:18.432,gate,AAVE/USDT:USDT,,,,,297.99,356112.0,106117874.0
1753505180437,04:46:20.437,gate,AAVE/USDT:USDT,,,,,298.0,356119.0,106123580.0
1753505183444,04:46:23.444,gate,AAVE/USDT:USDT,,,,,297.96,356125.0,106111200.0
1753505186446,04:46:26.446,gate,AAVE/USDT:USDT,,,,,298.03,356131.0,106137798.0
1753505187442,04:46:27.442,gate,AAVE/USDT:USDT,,,,,298.03,356131.0,106137798.0
1753505189484,04:46:29.484,gate,AAVE/USDT:USDT,,,,,298.02,356137.0,106136084.0
1753505195426,04:46:35.426,gate,AAVE/USDT:USDT,,,,,298.02,356144.0,106138136.0
1753505197428,04:46:37.428,gate,AAVE/USDT:USDT,,,,,298.02,356144.0,106138136.0
1753505198428,04:46:38.428,gate,AAVE/USDT:USDT,,,,,297.94,356149.0,106111300.0
1753505199432,04:46:39.432,gate,AAVE/USDT:USDT,,,,,297.94,356149.0,106111300.0
1753505201445,04:46:41.445,gate,AAVE/USDT:USDT,,,,,297.95,356156.0,106116840.0
1753505207443,04:46:47.443,gate,AAVE/USDT:USDT,,,,,297.95,356163.0,106118998.0
1753505209445,04:46:49.445,gate,AAVE/USDT:USDT,,,,,297.94,356164.0,106115536.0
1753505210434,04:46:50.434,gate,AAVE/USDT:USDT,,,,,297.93,356169.0,106113554.0
1753505213442,04:46:53.442,gate,AAVE/USDT:USDT,,,,,297.93,356176.0,106115742.0
1753505214429,04:46:54.429,gate,AAVE/USDT:USDT,,,,,297.9,356176.0,106105080.0
1753505216438,04:46:56.438,gate,AAVE/USDT:USDT,,,,,297.85,356178.0,106087908.0
1753505217433,04:46:57.433,gate,AAVE/USDT:USDT,,,,,297.85,356178.0,106087908.0
1753505219435,04:46:59.435,gate,AAVE/USDT:USDT,,,,,297.78,356184.0,106064650.0
1753505222451,04:47:02.451,gate,AAVE/USDT:USDT,,,,,297.77,356190.0,106062940.0
1753505225425,04:47:05.425,gate,AAVE/USDT:USDT,,,,,297.77,356198.0,106065220.0
1753505226428,04:47:06.428,gate,AAVE/USDT:USDT,,,,,297.77,356198.0,106065220.0
1753505227440,04:47:07.440,gate,AAVE/USDT:USDT,,,,,297.78,356203.0,106070146.0
1753505228427,04:47:08.427,gate,AAVE/USDT:USDT,,,,,297.78,356208.0,106071748.0
1753505231438,04:47:11.438,gate,AAVE/USDT:USDT,,,,,297.78,356214.0,106073606.0
1753505232435,04:47:12.435,gate,AAVE/USDT:USDT,,,,,297.75,356217.0,106063646.0
1753505233435,04:47:13.435,gate,AAVE/USDT:USDT,,,,,297.75,356219.0,106064344.0
1753505234432,04:47:14.432,gate,AAVE/USDT:USDT,,,,,297.73,356225.0,106058994.0
1753505235425,04:47:15.425,gate,AAVE/USDT:USDT,,,,,297.73,356214.0,106055926.0
1753505236444,04:47:16.444,gate,AAVE/USDT:USDT,,,,,297.73,356214.0,106055926.0
1753505237485,04:47:17.485,gate,AAVE/USDT:USDT,,,,,297.68,356221.0,106039884.0
1753505238452,04:47:18.452,gate,AAVE/USDT:USDT,,,,,297.69,356236.0,106048048.0
1753505240429,04:47:20.429,gate,AAVE/USDT:USDT,,,,,297.7,356242.0,106053302.0
1753505246445,04:47:26.445,gate,AAVE/USDT:USDT,,,,,297.7,356242.0,106053302.0
1753505249442,04:47:29.442,gate,AAVE/USDT:USDT,,,,,297.71,356249.0,106059168.0
1753505252436,04:47:32.436,gate,AAVE/USDT:USDT,,,,,297.78,356255.0,106085822.0
1753505256444,04:47:36.444,gate,AAVE/USDT:USDT,,,,,297.78,356255.0,106085822.0
1753505258496,04:47:38.496,gate,AAVE/USDT:USDT,,,,,297.82,356262.0,106102162.0
1753505259442,04:47:39.442,gate,AAVE/USDT:USDT,,,,,297.82,356262.0,106102162.0
1753505261442,04:47:41.442,gate,AAVE/USDT:USDT,,,,,297.9,356269.0,106132826.0
1753505262430,04:47:42.430,gate,AAVE/USDT:USDT,,,,,297.9,356269.0,106132826.0
1753505264445,04:47:44.445,gate,AAVE/USDT:USDT,,,,,297.88,356277.0,106127928.0
1753505267431,04:47:47.431,gate,AAVE/USDT:USDT,,,,,297.89,356283.0,106133160.0
1753505270437,04:47:50.437,gate,AAVE/USDT:USDT,,,,,297.88,356289.0,106131658.0
1753505272449,04:47:52.449,gate,AAVE/USDT:USDT,,,,,297.88,356289.0,106131658.0
1753505276449,04:47:56.449,gate,AAVE/USDT:USDT,,,,,297.76,356297.0,106091178.0
1753505277442,04:47:57.442,gate,AAVE/USDT:USDT,,,,,297.76,356297.0,106091178.0
1753505279443,04:47:59.443,gate,AAVE/USDT:USDT,,,,,297.75,356304.0,106089526.0
1753505282427,04:48:02.427,gate,AAVE/USDT:USDT,,,,,297.75,356311.0,106091784.0
1753505287428,04:48:07.428,gate,AAVE/USDT:USDT,,,,,297.75,356311.0,106091784.0
1753505290432,04:48:10.432,gate,AAVE/USDT:USDT,,,,,297.75,356311.0,106091784.0
1753505295452,04:48:15.452,gate,AAVE/USDT:USDT,,,,,297.75,356346.0,106102086.0
1753505300427,04:48:20.427,gate,AAVE/USDT:USDT,,,,,297.75,356346.0,106102086.0
1753505307441,04:48:27.441,gate,AAVE/USDT:USDT,,,,,297.73,356347.0,106095376.0
1753505310432,04:48:30.432,gate,AAVE/USDT:USDT,,,,,297.73,356347.0,106095376.0
1753505311426,04:48:31.426,gate,AAVE/USDT:USDT,,,,,297.67,356350.0,106074996.0
1753505317442,04:48:37.442,gate,AAVE/USDT:USDT,,,,,297.67,356350.0,106074996.0
1753505319435,04:48:39.435,gate,AAVE/USDT:USDT,,,,,297.67,356350.0,106074996.0
1753505339445,04:48:59.445,gate,AAVE/USDT:USDT,,,,,297.67,356350.0,106074996.0
1753505354493,04:49:14.493,gate,AAVE/USDT:USDT,,,,,297.67,356350.0,106074996.0
1753505359426,04:49:19.426,gate,AAVE/USDT:USDT,,,,,297.67,356350.0,106074996.0
1753505369427,04:49:29.427,gate,AAVE/USDT:USDT,,,,,297.67,356350.0,106074996.0
1753505389431,04:49:49.431,gate,AAVE/USDT:USDT,,,,,297.67,356350.0,106074996.0
1753505405432,04:50:05.432,gate,AAVE/USDT:USDT,,,,,297.61,356360.0,106056584.0
1753505406427,04:50:06.427,gate,AAVE/USDT:USDT,,,,,297.61,356360.0,106056584.0
1753505408438,04:50:08.438,gate,AAVE/USDT:USDT,,,,,297.62,356374.0,106064070.0
1753505411483,04:50:11.483,gate,AAVE/USDT:USDT,,,,,297.61,356388.0,106064644.0
1753505414431,04:50:14.431,gate,AAVE/USDT:USDT,,,,,297.61,356398.0,106067738.0
1753505415432,04:50:15.432,gate,AAVE/USDT:USDT,,,,,297.6,356391.0,106062134.0
1753505416437,04:50:16.437,gate,AAVE/USDT:USDT,,,,,297.6,356391.0,106062134.0
1753505417434,04:50:17.434,gate,AAVE/USDT:USDT,,,,,297.57,356404.0,106055316.0
1753505418441,04:50:18.441,gate,AAVE/USDT:USDT,,,,,297.57,356404.0,106055316.0
1753505420434,04:50:20.434,gate,AAVE/USDT:USDT,,,,,297.57,356416.0,106058828.0
1753505425426,04:50:25.426,gate,AAVE/USDT:USDT,,,,,297.56,356416.0,106055322.0
1753505428430,04:50:28.430,gate,AAVE/USDT:USDT,,,,,297.56,356416.0,106055322.0
1753505429430,04:50:29.430,gate,AAVE/USDT:USDT,,,,,297.53,356428.0,106048242.0
1753505432444,04:50:32.444,gate,AAVE/USDT:USDT,,,,,297.53,356440.0,106051598.0
1753505438447,04:50:38.447,gate,AAVE/USDT:USDT,,,,,297.53,356440.0,106051598.0
1753505453439,04:50:53.439,gate,AAVE/USDT:USDT,,,,,297.53,356450.0,106054604.0
1753505457438,04:50:57.438,gate,AAVE/USDT:USDT,,,,,297.52,356451.0,106051496.0
1753505463435,04:51:03.435,gate,AAVE/USDT:USDT,,,,,297.49,356451.0,106040834.0
1753505465437,04:51:05.437,gate,AAVE/USDT:USDT,,,,,297.49,356451.0,106040834.0
1753505466424,04:51:06.424,gate,AAVE/USDT:USDT,,,,,297.43,356452.0,106019524.0
1753505468443,04:51:08.443,gate,AAVE/USDT:USDT,,,,,297.43,356452.0,106019524.0
1753505469428,04:51:09.428,gate,AAVE/USDT:USDT,,,,,297.43,356452.0,106019524.0
1753505474495,04:51:14.495,gate,AAVE/USDT:USDT,,,,,297.32,356488.0,105991350.0
1753505476437,04:51:16.437,gate,AAVE/USDT:USDT,,,,,297.32,356488.0,105991350.0
1753505482442,04:51:22.442,gate,AAVE/USDT:USDT,,,,,297.32,356488.0,105991350.0
1753505484441,04:51:24.441,gate,AAVE/USDT:USDT,,,,,297.32,356488.0,105991350.0
1753505487435,04:51:27.435,gate,AAVE/USDT:USDT,,,,,297.67,356491.0,106116710.0
1753505488436,04:51:28.436,gate,AAVE/USDT:USDT,,,,,297.67,356491.0,106116710.0
1753505489443,04:51:29.443,gate,AAVE/USDT:USDT,,,,,297.67,356491.0,106116710.0
1753505493438,04:51:33.438,gate,AAVE/USDT:USDT,,,,,297.67,356491.0,106116710.0
1753505500434,04:51:40.434,gate,AAVE/USDT:USDT,,,,,297.67,356491.0,106116710.0
1753505510433,04:51:50.433,gate,AAVE/USDT:USDT,,,,,297.67,356491.0,106116710.0
1753505511434,04:51:51.434,gate,AAVE/USDT:USDT,,,,,297.71,356491.0,106131048.0
1753505512443,04:51:52.443,gate,AAVE/USDT:USDT,,,,,297.76,356491.0,106148902.0
1753505518433,04:51:58.433,gate,AAVE/USDT:USDT,,,,,297.82,356492.0,106170614.0
1753505519434,04:51:59.434,gate,AAVE/USDT:USDT,,,,,297.84,356493.0,106177982.0
1753505520446,04:52:00.446,gate,AAVE/USDT:USDT,,,,,297.84,356493.0,106177982.0
1753505522442,04:52:02.442,gate,AAVE/USDT:USDT,,,,,297.83,356495.0,106174994.0
1753505528443,04:52:08.443,gate,AAVE/USDT:USDT,,,,,297.83,356495.0,106174994.0
1753505531431,04:52:11.431,gate,AAVE/USDT:USDT,,,,,297.83,356495.0,106174994.0
1753505535452,04:52:15.452,gate,AAVE/USDT:USDT,,,,,297.83,356494.0,106174708.0
1753505541453,04:52:21.453,gate,AAVE/USDT:USDT,,,,,297.83,356494.0,106174708.0
1753505551425,04:52:31.425,gate,AAVE/USDT:USDT,,,,,297.74,356498.0,106143910.0
1753505552435,04:52:32.435,gate,AAVE/USDT:USDT,,,,,297.74,356498.0,106143910.0
1753505562438,04:52:42.438,gate,AAVE/USDT:USDT,,,,,297.74,356498.0,106143910.0
1753505570428,04:52:50.428,gate,AAVE/USDT:USDT,,,,,297.64,356501.0,106108956.0
1753505575437,04:52:55.437,gate,AAVE/USDT:USDT,,,,,297.64,356501.0,106108956.0
1753505584431,04:53:04.431,gate,AAVE/USDT:USDT,,,,,297.64,356501.0,106108956.0
1753505590430,04:53:10.430,gate,AAVE/USDT:USDT,,,,,297.64,356502.0,106109362.0
1753505591435,04:53:11.435,gate,AAVE/USDT:USDT,,,,,297.64,356518.0,106114278.0
1753505592446,04:53:12.446,gate,AAVE/USDT:USDT,,,,,297.64,356534.0,106118790.0
1753505595460,04:53:15.460,gate,AAVE/USDT:USDT,,,,,297.64,356502.0,106109534.0
1753505604438,04:53:24.438,gate,AAVE/USDT:USDT,,,,,297.64,356502.0,106109534.0
1753505624439,04:53:44.439,gate,AAVE/USDT:USDT,,,,,297.66,356505.0,106117342.0
1753505634431,04:53:54.431,gate,AAVE/USDT:USDT,,,,,297.66,356505.0,106117342.0
1753505638426,04:53:58.426,gate,AAVE/USDT:USDT,,,,,297.72,356505.0,106138756.0
1753505639439,04:53:59.439,gate,AAVE/USDT:USDT,,,,,297.72,356505.0,106138756.0
1753505649433,04:54:09.433,gate,AAVE/USDT:USDT,,,,,297.72,356505.0,106138756.0
1753505654427,04:54:14.427,gate,AAVE/USDT:USDT,,,,,297.72,356538.0,106148594.0
1753505655432,04:54:15.432,gate,AAVE/USDT:USDT,,,,,297.72,356538.0,106148594.0
1753505665442,04:54:25.442,gate,AAVE/USDT:USDT,,,,,297.72,356538.0,106148594.0
1753505667438,04:54:27.438,gate,AAVE/USDT:USDT,,,,,297.68,356541.0,106135272.0
1753505675442,04:54:35.442,gate,AAVE/USDT:USDT,,,,,297.68,356541.0,106135272.0
1753505685443,04:54:45.443,gate,AAVE/USDT:USDT,,,,,297.68,356541.0,106135272.0
1753505691440,04:54:51.440,gate,AAVE/USDT:USDT,,,,,297.86,356594.0,106215248.0
1753505692444,04:54:52.444,gate,AAVE/USDT:USDT,,,,,297.86,356594.0,106215248.0
1753505693433,04:54:53.433,gate,AAVE/USDT:USDT,,,,,297.82,356602.0,106203212.0
1753505703425,04:55:03.425,gate,AAVE/USDT:USDT,,,,,297.82,356602.0,106203212.0
1753505708494,04:55:08.494,gate,AAVE/USDT:USDT,,,,,297.75,356612.0,106181240.0
1753505711435,04:55:11.435,gate,AAVE/USDT:USDT,,,,,297.76,356622.0,106187974.0
1753505714433,04:55:14.433,gate,AAVE/USDT:USDT,,,,,297.79,356602.0,106192514.0
1753505716453,04:55:16.453,gate,AAVE/USDT:USDT,,,,,297.79,356602.0,106192514.0
1753505723435,04:55:23.435,gate,AAVE/USDT:USDT,,,,,297.76,356613.0,106185104.0
1753505726432,04:55:26.432,gate,AAVE/USDT:USDT,,,,,297.78,356622.0,106194934.0
1753505732440,04:55:32.440,gate,AAVE/USDT:USDT,,,,,297.83,356631.0,106215522.0
1753505735429,04:55:35.429,gate,AAVE/USDT:USDT,,,,,297.82,356642.0,106215162.0
1753505738438,04:55:38.438,gate,AAVE/USDT:USDT,,,,,297.89,356652.0,106243284.0
1753505739426,04:55:39.426,gate,AAVE/USDT:USDT,,,,,297.89,356652.0,106243284.0
1753505741439,04:55:41.439,gate,AAVE/USDT:USDT,,,,,297.88,356662.0,106242672.0
1753505749440,04:55:49.440,gate,AAVE/USDT:USDT,,,,,297.88,356662.0,106242672.0
1753505753428,04:55:53.428,gate,AAVE/USDT:USDT,,,,,297.89,356670.0,106248682.0
1753505756432,04:55:56.432,gate,AAVE/USDT:USDT,,,,,297.91,356680.0,106258646.0
1753505759432,04:55:59.432,gate,AAVE/USDT:USDT,,,,,297.91,356688.0,106261118.0
1753505762436,04:56:02.436,gate,AAVE/USDT:USDT,,,,,297.92,356697.0,106267258.0
1753505765425,04:56:05.425,gate,AAVE/USDT:USDT,,,,,297.92,356707.0,106270368.0
1753505769437,04:56:09.437,gate,AAVE/USDT:USDT,,,,,297.92,356707.0,106270368.0
1753505772426,04:56:12.426,gate,AAVE/USDT:USDT,,,,,297.93,356707.0,106273960.0
1753505774424,04:56:14.424,gate,AAVE/USDT:USDT,,,,,297.97,356717.0,106291030.0
1753505775438,04:56:15.438,gate,AAVE/USDT:USDT,,,,,297.97,356726.0,106279490.0
1753505777426,04:56:17.426,gate,AAVE/USDT:USDT,,,,,297.97,356735.0,106296380.0
1753505780425,04:56:20.425,gate,AAVE/USDT:USDT,,,,,297.97,356744.0,106299258.0
1753505783428,04:56:23.428,gate,AAVE/USDT:USDT,,,,,297.97,356753.0,106301970.0
1753505784441,04:56:24.441,gate,AAVE/USDT:USDT,,,,,297.97,356753.0,106301970.0
1753505788433,04:56:28.433,gate,AAVE/USDT:USDT,,,,,297.88,356756.0,106270578.0
1753505789427,04:56:29.427,gate,AAVE/USDT:USDT,,,,,297.88,356763.0,106272836.0
1753505793434,04:56:33.434,gate,AAVE/USDT:USDT,,,,,297.88,356763.0,106272836.0
1753505803438,04:56:43.438,gate,AAVE/USDT:USDT,,,,,297.88,356763.0,106272836.0
1753505819439,04:56:59.439,gate,AAVE/USDT:USDT,,,,,297.87,356766.0,106269964.0
1753505820445,04:57:00.445,gate,AAVE/USDT:USDT,,,,,297.85,356770.0,106264098.0
1753505821431,04:57:01.431,gate,AAVE/USDT:USDT,,,,,297.85,356775.0,106265492.0
1753505822427,04:57:02.427,gate,AAVE/USDT:USDT,,,,,297.83,356786.0,106261610.0
1753505823429,04:57:03.429,gate,AAVE/USDT:USDT,,,,,297.83,356786.0,106261610.0
1753505825430,04:57:05.430,gate,AAVE/USDT:USDT,,,,,297.8,356796.0,106253932.0
1753505828428,04:57:08.428,gate,AAVE/USDT:USDT,,,,,297.81,356804.0,106259804.0
1753505831433,04:57:11.433,gate,AAVE/USDT:USDT,,,,,297.78,356815.0,106252448.0
1753505834440,04:57:14.440,gate,AAVE/USDT:USDT,,,,,297.77,356822.0,106255032.0
1753505837440,04:57:17.440,gate,AAVE/USDT:USDT,,,,,297.78,356834.0,106258170.0
1753505838444,04:57:18.444,gate,AAVE/USDT:USDT,,,,,297.78,356834.0,106258170.0
1753505846445,04:57:26.445,gate,AAVE/USDT:USDT,,,,,297.79,356843.0,106264514.0
1753505848435,04:57:28.435,gate,AAVE/USDT:USDT,,,,,297.79,356843.0,106264514.0
1753505849433,04:57:29.433,gate,AAVE/USDT:USDT,,,,,297.77,356854.0,106260486.0
1753505852425,04:57:32.425,gate,AAVE/USDT:USDT,,,,,297.74,356865.0,106253014.0
1753505855426,04:57:35.426,gate,AAVE/USDT:USDT,,,,,297.74,356873.0,106255474.0
1753505858425,04:57:38.425,gate,AAVE/USDT:USDT,,,,,297.73,356884.0,106255138.0
1753505873435,04:57:53.435,gate,AAVE/USDT:USDT,,,,,297.74,356893.0,106261410.0
1753505876441,04:57:56.441,gate,AAVE/USDT:USDT,,,,,297.74,356902.0,106264060.0
1753505878438,04:57:58.438,gate,AAVE/USDT:USDT,,,,,297.74,356902.0,106264060.0
1753505879433,04:57:59.433,gate,AAVE/USDT:USDT,,,,,297.74,356913.0,106267324.0
1753505882426,04:58:02.426,gate,AAVE/USDT:USDT,,,,,297.73,356921.0,106266154.0
1753505885434,04:58:05.434,gate,AAVE/USDT:USDT,,,,,297.84,356930.0,106308286.0
1753505886446,04:58:06.446,gate,AAVE/USDT:USDT,,,,,297.84,356930.0,106308286.0
1753505888432,04:58:08.432,gate,AAVE/USDT:USDT,,,,,297.8,356941.0,106297178.0
1753505891424,04:58:11.424,gate,AAVE/USDT:USDT,,,,,297.82,356949.0,106306628.0
1753505894496,04:58:14.496,gate,AAVE/USDT:USDT,,,,,297.82,356942.0,106304876.0
1753505896438,04:58:16.438,gate,AAVE/USDT:USDT,,,,,297.82,356942.0,106304876.0
1753505897437,04:58:17.437,gate,AAVE/USDT:USDT,,,,,297.83,356953.0,106311448.0
1753505906425,04:58:26.425,gate,AAVE/USDT:USDT,,,,,297.83,356961.0,106313884.0
1753505909438,04:58:29.438,gate,AAVE/USDT:USDT,,,,,297.83,356970.0,106316558.0
1753505912447,04:58:32.447,gate,AAVE/USDT:USDT,,,,,297.83,356978.0,106318852.0
1753505913433,04:58:33.433,gate,AAVE/USDT:USDT,,,,,297.84,356978.0,106322458.0
1753505915440,04:58:35.440,gate,AAVE/USDT:USDT,,,,,297.87,356986.0,106335526.0
1753505916447,04:58:36.447,gate,AAVE/USDT:USDT,,,,,297.87,356986.0,106335526.0
1753505918435,04:58:38.435,gate,AAVE/USDT:USDT,,,,,297.88,356996.0,106342074.0
1753505921439,04:58:41.439,gate,AAVE/USDT:USDT,,,,,297.89,356998.0,106346216.0
1753505926552,04:58:46.552,gate,AAVE/USDT:USDT,,,,,297.89,356998.0,106346216.0
1753505927442,04:58:47.442,gate,AAVE/USDT:USDT,,,,,297.97,357006.0,106377142.0
1753505928459,04:58:48.459,gate,AAVE/USDT:USDT,,,,,297.97,357006.0,106377142.0
1753505930435,04:58:50.435,gate,AAVE/USDT:USDT,,,,,297.95,357014.0,106372350.0
1753505931439,04:58:51.439,gate,AAVE/USDT:USDT,,,,,297.95,357017.0,106373370.0
1753505932441,04:58:52.441,gate,AAVE/USDT:USDT,,,,,297.95,357026.0,106375926.0
1753505933436,04:58:53.436,gate,AAVE/USDT:USDT,,,,,297.95,357033.0,106378274.0
1753505934443,04:58:54.443,gate,AAVE/USDT:USDT,,,,,297.95,357037.0,106379292.0
1753505938448,04:58:58.448,gate,AAVE/USDT:USDT,,,,,297.95,357037.0,106379292.0
1753505939444,04:58:59.444,gate,AAVE/USDT:USDT,,,,,297.98,357037.0,106390128.0
1753505948427,04:59:08.427,gate,AAVE/USDT:USDT,,,,,297.97,357045.0,106388990.0
1753505949471,04:59:09.471,gate,AAVE/USDT:USDT,,,,,298.03,357052.0,106412434.0
1753505950439,04:59:10.439,gate,AAVE/USDT:USDT,,,,,298.03,357052.0,106412434.0
1753505954493,04:59:14.493,gate,AAVE/USDT:USDT,,,,,298.03,357064.0,106416338.0
1753505957427,04:59:17.427,gate,AAVE/USDT:USDT,,,,,297.95,357077.0,106391104.0
1753505960441,04:59:20.441,gate,AAVE/USDT:USDT,,,,,297.97,357086.0,106401088.0
1753505963434,04:59:23.434,gate,AAVE/USDT:USDT,,,,,297.98,357095.0,106407334.0
1753505970438,04:59:30.438,gate,AAVE/USDT:USDT,,,,,297.98,357095.0,106407334.0
1753505975520,04:59:35.520,gate,AAVE/USDT:USDT,,,,,297.98,357095.0,106407334.0
1753505983440,04:59:43.440,gate,AAVE/USDT:USDT,,,,,297.86,357143.0,106378756.0
1753505985430,04:59:45.430,gate,AAVE/USDT:USDT,,,,,297.86,357143.0,106378756.0
1753505995435,04:59:55.435,gate,AAVE/USDT:USDT,,,,,297.86,357143.0,106378756.0
1753506002426,05:00:02.426,gate,AAVE/USDT:USDT,,,,,297.86,357143.0,106378756.0
1753506005435,05:00:05.435,gate,AAVE/USDT:USDT,,,,,297.97,357166.0,106424996.0
1753506008430,05:00:08.430,gate,AAVE/USDT:USDT,,,,,297.98,357187.0,106434600.0
1753506011424,05:00:11.424,gate,AAVE/USDT:USDT,,,,,298.04,357210.0,106462874.0
1753506012424,05:00:12.424,gate,AAVE/USDT:USDT,,,,,298.04,357210.0,106462874.0
1753506014431,05:00:14.431,gate,AAVE/USDT:USDT,,,,,298.0,334690.0,99751274.0
1753506015435,05:00:15.435,gate,AAVE/USDT:USDT,,,,,298.0,334690.0,99751274.0
1753506017432,05:00:17.432,gate,AAVE/USDT:USDT,,,,,297.98,334709.0,99736622.0
1753506023445,05:00:23.445,gate,AAVE/USDT:USDT,,,,,297.9,334728.0,99715654.0
1753506025432,05:00:25.432,gate,AAVE/USDT:USDT,,,,,297.9,334728.0,99715654.0
1753506026440,05:00:26.440,gate,AAVE/USDT:USDT,,,,,297.92,334751.0,99729292.0
1753506029439,05:00:29.439,gate,AAVE/USDT:USDT,,,,,297.96,334775.0,99749594.0
1753506032425,05:00:32.425,gate,AAVE/USDT:USDT,,,,,297.95,334791.0,99751234.0
1753506035428,05:00:35.428,gate,AAVE/USDT:USDT,,,,,297.95,334813.0,99757700.0
1753506038443,05:00:38.443,gate,AAVE/USDT:USDT,,,,,297.9,334836.0,99747662.0
1753506041435,05:00:41.435,gate,AAVE/USDT:USDT,,,,,297.92,334859.0,99761228.0
1753506044538,05:00:44.538,gate,AAVE/USDT:USDT,,,,,297.91,334877.0,99763498.0
1753506047492,05:00:47.492,gate,AAVE/USDT:USDT,,,,,297.91,334895.0,99768854.0
1753506050436,05:00:50.436,gate,AAVE/USDT:USDT,,,,,297.91,334920.0,99776284.0
1753506053427,05:00:53.427,gate,AAVE/USDT:USDT,,,,,297.9,334939.0,99778340.0
1753506054433,05:00:54.433,gate,AAVE/USDT:USDT,,,,,297.9,334939.0,99778340.0
1753506061441,05:01:01.441,gate,AAVE/USDT:USDT,,,,,297.85,334941.0,99762290.0
1753506063438,05:01:03.438,gate,AAVE/USDT:USDT,,,,,297.85,334941.0,99762290.0
1753506073440,05:01:13.440,gate,AAVE/USDT:USDT,,,,,297.85,334941.0,99762290.0
1753506074430,05:01:14.430,gate,AAVE/USDT:USDT,,,,,297.85,334986.0,99775746.0
1753506079424,05:01:19.424,gate,AAVE/USDT:USDT,,,,,297.77,334988.0,99749644.0
1753506082446,05:01:22.446,gate,AAVE/USDT:USDT,,,,,297.76,334991.0,99747020.0
1753506083429,05:01:23.429,gate,AAVE/USDT:USDT,,,,,297.76,334991.0,99747020.0
1753506087438,05:01:27.438,gate,AAVE/USDT:USDT,,,,,297.72,334992.0,99733818.0
1753506089437,05:01:29.437,gate,AAVE/USDT:USDT,,,,,297.72,334992.0,99733818.0
1753506093427,05:01:33.427,gate,AAVE/USDT:USDT,,,,,297.72,334992.0,99733818.0
1753506094426,05:01:34.426,gate,AAVE/USDT:USDT,,,,,297.72,334992.0,99733818.0
1753506104431,05:01:44.431,gate,AAVE/USDT:USDT,,,,,297.72,334992.0,99733818.0
1753506114444,05:01:54.444,gate,AAVE/USDT:USDT,,,,,297.72,334992.0,99733818.0
1753506134436,05:02:14.436,gate,AAVE/USDT:USDT,,,,,297.72,334992.0,99733818.0
1753506135447,05:02:15.447,gate,AAVE/USDT:USDT,,,,,297.72,334992.0,99733818.0
1753506144440,05:02:24.440,gate,AAVE/USDT:USDT,,,,,297.72,334992.0,99733818.0
1753506157431,05:02:37.431,gate,AAVE/USDT:USDT,,,,,297.75,335011.0,99749798.0
1753506159428,05:02:39.428,gate,AAVE/USDT:USDT,,,,,297.72,335022.0,99742826.0
1753506162445,05:02:42.445,gate,AAVE/USDT:USDT,,,,,297.72,335022.0,99742826.0
1753506189429,05:03:09.429,gate,AAVE/USDT:USDT,,,,,297.76,335022.0,99756262.0
1753506192428,05:03:12.428,gate,AAVE/USDT:USDT,,,,,297.77,335027.0,99761012.0
1753506195458,05:03:15.458,gate,AAVE/USDT:USDT,,,,,297.77,335022.0,99759578.0
1753506200432,05:03:20.432,gate,AAVE/USDT:USDT,,,,,297.73,335024.0,99746868.0
1753506202429,05:03:22.429,gate,AAVE/USDT:USDT,,,,,297.73,335024.0,99746868.0
1753506212430,05:03:32.430,gate,AAVE/USDT:USDT,,,,,297.73,335024.0,99746868.0
1753506222440,05:03:42.440,gate,AAVE/USDT:USDT,,,,,297.73,335024.0,99746868.0
1753506236443,05:03:56.443,gate,AAVE/USDT:USDT,,,,,297.73,335024.0,99746868.0
1753506255425,05:04:15.425,gate,AAVE/USDT:USDT,,,,,297.73,335028.0,99748302.0
1753506262436,05:04:22.436,gate,AAVE/USDT:USDT,,,,,297.73,335028.0,99748302.0
1753506272436,05:04:32.436,gate,AAVE/USDT:USDT,,,,,297.73,335028.0,99748302.0
1753506282441,05:04:42.441,gate,AAVE/USDT:USDT,,,,,297.73,335028.0,99748302.0
1753506292438,05:04:52.438,gate,AAVE/USDT:USDT,,,,,297.73,335028.0,99748302.0
1753506302495,05:05:02.495,gate,AAVE/USDT:USDT,,,,,297.73,335028.0,99748302.0
1753506312438,05:05:12.438,gate,AAVE/USDT:USDT,,,,,297.73,335028.0,99748302.0
1753506315424,05:05:15.424,gate,AAVE/USDT:USDT,,,,,297.93,335045.0,99819980.0
1753506318439,05:05:18.439,gate,AAVE/USDT:USDT,,,,,297.97,335045.0,99833412.0
1753506320430,05:05:20.430,gate,AAVE/USDT:USDT,,,,,297.97,335045.0,99833412.0
1753506321425,05:05:21.425,gate,AAVE/USDT:USDT,,,,,298.02,335056.0,99853602.0
1753506323431,05:05:23.431,gate,AAVE/USDT:USDT,,,,,298.02,335056.0,99853602.0
1753506324441,05:05:24.441,gate,AAVE/USDT:USDT,,,,,298.01,335072.0,99855086.0
1753506325438,05:05:25.438,gate,AAVE/USDT:USDT,,,,,298.03,335073.0,99861818.0
1753506327427,05:05:27.427,gate,AAVE/USDT:USDT,,,,,297.9,335089.0,99823268.0
1753506328425,05:05:28.425,gate,AAVE/USDT:USDT,,,,,297.9,335089.0,99823268.0
1753506330439,05:05:30.439,gate,AAVE/USDT:USDT,,,,,298.04,335104.0,99874598.0
1753506336446,05:05:36.446,gate,AAVE/USDT:USDT,,,,,298.01,335121.0,99869450.0
1753506339430,05:05:39.430,gate,AAVE/USDT:USDT,,,,,298.03,335133.0,99879914.0
1753506342472,05:05:42.472,gate,AAVE/USDT:USDT,,,,,298.04,335145.0,99886872.0
1753506345428,05:05:45.428,gate,AAVE/USDT:USDT,,,,,298.07,335162.0,99901778.0
1753506346429,05:05:46.429,gate,AAVE/USDT:USDT,,,,,298.07,335162.0,99901778.0
1753506348442,05:05:48.442,gate,AAVE/USDT:USDT,,,,,298.03,335175.0,99892496.0
1753506351434,05:05:51.434,gate,AAVE/USDT:USDT,,,,,297.98,335176.0,99875810.0
1753506352428,05:05:52.428,gate,AAVE/USDT:USDT,,,,,297.98,335176.0,99875810.0
1753506354436,05:05:54.436,gate,AAVE/USDT:USDT,,,,,297.87,335190.0,99843312.0
1753506356437,05:05:56.437,gate,AAVE/USDT:USDT,,,,,297.87,335190.0,99843312.0
1753506358437,05:05:58.437,gate,AAVE/USDT:USDT,,,,,297.87,335193.0,99844116.0
1753506366437,05:06:06.437,gate,AAVE/USDT:USDT,,,,,297.87,335193.0,99844116.0
1753506371445,05:06:11.445,gate,AAVE/USDT:USDT,,,,,297.76,335193.0,99807276.0
1753506372450,05:06:12.450,gate,AAVE/USDT:USDT,,,,,297.71,335193.0,99790592.0
1753506374495,05:06:14.495,gate,AAVE/USDT:USDT,,,,,297.71,335192.0,99790486.0
1753506376442,05:06:16.442,gate,AAVE/USDT:USDT,,,,,297.71,335192.0,99790486.0
1753506396427,05:06:36.427,gate,AAVE/USDT:USDT,,,,,297.71,335192.0,99790486.0
1753506406454,05:06:46.454,gate,AAVE/USDT:USDT,,,,,297.71,335192.0,99790486.0
1753506409434,05:06:49.434,gate,AAVE/USDT:USDT,,,,,297.71,335192.0,99790486.0
1753506418436,05:06:58.436,gate,AAVE/USDT:USDT,,,,,297.66,335196.0,99774482.0
1753506420432,05:07:00.432,gate,AAVE/USDT:USDT,,,,,297.66,335196.0,99774482.0
1753506430432,05:07:10.432,gate,AAVE/USDT:USDT,,,,,297.66,335196.0,99774482.0
1753506435435,05:07:15.435,gate,AAVE/USDT:USDT,,,,,297.66,335196.0,99774590.0
1753506440429,05:07:20.429,gate,AAVE/USDT:USDT,,,,,297.66,335196.0,99774590.0
1753506469427,05:07:49.427,gate,AAVE/USDT:USDT,,,,,297.69,335198.0,99785240.0
1753506470443,05:07:50.443,gate,AAVE/USDT:USDT,,,,,297.69,335198.0,99785240.0
1753506490429,05:08:10.429,gate,AAVE/USDT:USDT,,,,,297.69,335198.0,99785240.0
1753506494447,05:08:14.447,gate,AAVE/USDT:USDT,,,,,297.69,335198.0,99785240.0
1753506500438,05:08:20.438,gate,AAVE/USDT:USDT,,,,,297.69,335198.0,99785240.0
1753506510433,05:08:30.433,gate,AAVE/USDT:USDT,,,,,297.69,335198.0,99785240.0
1753506530424,05:08:50.424,gate,AAVE/USDT:USDT,,,,,297.69,335198.0,99785240.0
1753506540430,05:09:00.430,gate,AAVE/USDT:USDT,,,,,297.6,335198.0,99755210.0
