timestamp,time,exchange,symbol,bid,bidVolume,ask,askVolume,lastPrice,baseVolume,quoteVolume
1753504795460,04:39:55.460,gate,ADA/USDT:USDT,,,,,0.8266,106650360.0,88157186.0
1753504810443,04:40:10.443,gate,ADA/USDT:USDT,,,,,0.8266,106650360.0,88157186.0
1753504811446,04:40:11.446,gate,ADA/USDT:USDT,,,,,0.8266,106650360.0,88157186.0
1753504814498,04:40:14.498,gate,ADA/USDT:USDT,,,,,0.8266,106661340.0,88166262.0
1753504816440,04:40:16.440,gate,ADA/USDT:USDT,,,,,0.8265,106666440.0,88159812.0
1753504827440,04:40:27.440,gate,ADA/USDT:USDT,,,,,0.8267,106666680.0,88181344.0
1753504831430,04:40:31.430,gate,ADA/USDT:USDT,,,,,0.8266,106666920.0,88170876.0
1753504838448,04:40:38.448,gate,ADA/USDT:USDT,,,,,0.8263,106669760.0,88141222.0
1753504841436,04:40:41.436,gate,ADA/USDT:USDT,,,,,0.8263,106669760.0,88141222.0
1753504845431,04:40:45.431,gate,ADA/USDT:USDT,,,,,0.8263,106669760.0,88141222.0
1753504846427,04:40:46.427,gate,ADA/USDT:USDT,,,,,0.8263,106669760.0,88141222.0
1753504848438,04:40:48.438,gate,ADA/USDT:USDT,,,,,0.826,106670760.0,88110046.0
1753504851428,04:40:51.428,gate,ADA/USDT:USDT,,,,,0.826,106670760.0,88110046.0
1753504852439,04:40:52.439,gate,ADA/USDT:USDT,,,,,0.826,106670760.0,88110046.0
1753504854428,04:40:54.428,gate,ADA/USDT:USDT,,,,,0.8261,106670800.0,88120746.0
1753504856507,04:40:56.507,gate,ADA/USDT:USDT,,,,,0.8261,106676720.0,88125638.0
1753504862426,04:41:02.426,gate,ADA/USDT:USDT,,,,,0.8261,106676720.0,88125638.0
1753504875478,04:41:15.478,gate,ADA/USDT:USDT,,,,,0.8261,106676720.0,88125638.0
1753504880430,04:41:20.430,gate,ADA/USDT:USDT,,,,,0.8261,106682280.0,88130230.0
1753504895428,04:41:35.428,gate,ADA/USDT:USDT,,,,,0.826,106705480.0,88138726.0
1753504896460,04:41:36.460,gate,ADA/USDT:USDT,,,,,0.826,106705480.0,88138726.0
1753504905429,04:41:45.429,gate,ADA/USDT:USDT,,,,,0.8262,106770660.0,88213918.0
1753504906439,04:41:46.439,gate,ADA/USDT:USDT,,,,,0.8262,106770660.0,88213918.0
1753504916428,04:41:56.428,gate,ADA/USDT:USDT,,,,,0.8262,106770660.0,88213918.0
1753504923441,04:42:03.441,gate,ADA/USDT:USDT,,,,,0.8262,106770900.0,88214116.0
1753504927435,04:42:07.435,gate,ADA/USDT:USDT,,,,,0.8265,106771140.0,88246346.0
1753504930429,04:42:10.429,gate,ADA/USDT:USDT,,,,,0.8265,106771140.0,88246346.0
1753504935452,04:42:15.452,gate,ADA/USDT:USDT,,,,,0.8265,106770900.0,88246148.0
1753504940434,04:42:20.434,gate,ADA/USDT:USDT,,,,,0.8266,106775920.0,88260974.0
1753504941430,04:42:21.430,gate,ADA/USDT:USDT,,,,,0.8266,106775920.0,88260974.0
1753504943425,04:42:23.425,gate,ADA/USDT:USDT,,,,,0.8266,106781320.0,88265438.0
1753504951431,04:42:31.431,gate,ADA/USDT:USDT,,,,,0.8266,106781320.0,88265438.0
1753504961430,04:42:41.430,gate,ADA/USDT:USDT,,,,,0.8264,106787260.0,88248990.0
1753504962426,04:42:42.426,gate,ADA/USDT:USDT,,,,,0.8264,106787260.0,88248990.0
1753504972448,04:42:52.448,gate,ADA/USDT:USDT,,,,,0.8268,106787500.0,88291904.0
1753504973431,04:42:53.431,gate,ADA/USDT:USDT,,,,,0.8268,106787500.0,88291904.0
1753504982449,04:43:02.449,gate,ADA/USDT:USDT,,,,,0.8267,106792680.0,88285508.0
1753504983441,04:43:03.441,gate,ADA/USDT:USDT,,,,,0.8267,106792680.0,88285508.0
1753504991431,04:43:11.431,gate,ADA/USDT:USDT,,,,,0.8266,106798480.0,88279622.0
1753504992438,04:43:12.438,gate,ADA/USDT:USDT,,,,,0.8266,106798480.0,88279622.0
1753504994450,04:43:14.450,gate,ADA/USDT:USDT,,,,,0.8266,106792920.0,88275026.0
1753504996442,04:43:16.442,gate,ADA/USDT:USDT,,,,,0.8266,106792960.0,88275060.0
1753505001430,04:43:21.430,gate,ADA/USDT:USDT,,,,,0.8266,106792960.0,88275060.0
1753505023435,04:43:43.435,gate,ADA/USDT:USDT,,,,,0.8266,106792960.0,88275060.0
1753505029426,04:43:49.426,gate,ADA/USDT:USDT,,,,,0.8266,106792960.0,88275060.0
1753505033428,04:43:53.428,gate,ADA/USDT:USDT,,,,,0.8266,106792960.0,88275060.0
1753505053440,04:44:13.440,gate,ADA/USDT:USDT,,,,,0.8266,106792960.0,88275060.0
1753505054446,04:44:14.446,gate,ADA/USDT:USDT,,,,,0.8266,106804280.0,88284416.0
1753505057497,04:44:17.497,gate,ADA/USDT:USDT,,,,,0.8263,106809200.0,88256440.0
1753505058426,04:44:18.426,gate,ADA/USDT:USDT,,,,,0.8263,106809200.0,88256440.0
1753505059431,04:44:19.431,gate,ADA/USDT:USDT,,,,,0.8263,106809200.0,88256440.0
1753505069443,04:44:29.443,gate,ADA/USDT:USDT,,,,,0.8263,106809200.0,88256440.0
1753505075442,04:44:35.442,gate,ADA/USDT:USDT,,,,,0.8263,106815920.0,88261994.0
1753505084437,04:44:44.437,gate,ADA/USDT:USDT,,,,,0.8264,106816920.0,88273502.0
1753505085446,04:44:45.446,gate,ADA/USDT:USDT,,,,,0.8264,106816920.0,88273502.0
1753505100436,04:45:00.436,gate,ADA/USDT:USDT,,,,,0.8265,106816960.0,88284216.0
1753505110435,04:45:10.435,gate,ADA/USDT:USDT,,,,,0.8265,106816960.0,88284216.0
1753505111430,04:45:11.430,gate,ADA/USDT:USDT,,,,,0.8263,106818060.0,88263762.0
1753505112442,04:45:12.442,gate,ADA/USDT:USDT,,,,,0.8262,106818100.0,88253114.0
1753505114444,04:45:14.444,gate,ADA/USDT:USDT,,,,,0.8262,106816960.0,88252172.0
1753505117440,04:45:17.440,gate,ADA/USDT:USDT,,,,,0.8262,106822080.0,88256402.0
1753505124430,04:45:24.430,gate,ADA/USDT:USDT,,,,,0.8262,106822080.0,88256402.0
1753505129441,04:45:29.441,gate,ADA/USDT:USDT,,,,,0.8259,106827840.0,88229112.0
1753505130438,04:45:30.438,gate,ADA/USDT:USDT,,,,,0.8259,106827840.0,88229112.0
1753505131443,04:45:31.443,gate,ADA/USDT:USDT,,,,,0.8262,106861880.0,88289284.0
1753505132431,04:45:32.431,gate,ADA/USDT:USDT,,,,,0.8262,106861880.0,88289284.0
1753505151424,04:45:51.424,gate,ADA/USDT:USDT,,,,,0.8262,106861880.0,88289284.0
1753505152444,04:45:52.444,gate,ADA/USDT:USDT,,,,,0.8262,106861880.0,88289284.0
1753505156439,04:45:56.439,gate,ADA/USDT:USDT,,,,,0.8261,106866560.0,88282464.0
1753505159442,04:45:59.442,gate,ADA/USDT:USDT,,,,,0.8261,106872940.0,88287734.0
1753505162425,04:46:02.425,gate,ADA/USDT:USDT,,,,,0.8261,106878560.0,88292378.0
1753505165426,04:46:05.426,gate,ADA/USDT:USDT,,,,,0.8261,106884640.0,88297400.0
1753505166428,04:46:06.428,gate,ADA/USDT:USDT,,,,,0.8261,106884640.0,88297400.0
1753505174446,04:46:14.446,gate,ADA/USDT:USDT,,,,,0.826,106874080.0,88277990.0
1753505176429,04:46:16.429,gate,ADA/USDT:USDT,,,,,0.826,106874080.0,88277990.0
1753505177444,04:46:17.444,gate,ADA/USDT:USDT,,,,,0.826,106879140.0,88282168.0
1753505179428,04:46:19.428,gate,ADA/USDT:USDT,,,,,0.826,106879140.0,88282168.0
1753505182432,04:46:22.432,gate,ADA/USDT:USDT,,,,,0.826,106879140.0,88282168.0
1753505186435,04:46:26.435,gate,ADA/USDT:USDT,,,,,0.8261,106884360.0,88297168.0
1753505196427,04:46:36.427,gate,ADA/USDT:USDT,,,,,0.8258,106888020.0,88268126.0
1753505197438,04:46:37.438,gate,ADA/USDT:USDT,,,,,0.8258,106888020.0,88268126.0
1753505198438,04:46:38.438,gate,ADA/USDT:USDT,,,,,0.8258,106892940.0,88272188.0
1753505201434,04:46:41.434,gate,ADA/USDT:USDT,,,,,0.8258,106892940.0,88272188.0
1753505205428,04:46:45.428,gate,ADA/USDT:USDT,,,,,0.8258,106892940.0,88272188.0
1753505208434,04:46:48.434,gate,ADA/USDT:USDT,,,,,0.8261,106895260.0,88306174.0
1753505209432,04:46:49.432,gate,ADA/USDT:USDT,,,,,0.8261,106895260.0,88306174.0
1753505213433,04:46:53.433,gate,ADA/USDT:USDT,,,,,0.8259,106901020.0,88289552.0
1753505216427,04:46:56.427,gate,ADA/USDT:USDT,,,,,0.8258,106906580.0,88283452.0
1753505225436,04:47:05.436,gate,ADA/USDT:USDT,,,,,0.8259,106912260.0,88298834.0
1753505226440,04:47:06.440,gate,ADA/USDT:USDT,,,,,0.8259,106912260.0,88298834.0
1753505228440,04:47:08.440,gate,ADA/USDT:USDT,,,,,0.8259,106912260.0,88298834.0
1753505232446,04:47:12.446,gate,ADA/USDT:USDT,,,,,0.8257,106927160.0,88289756.0
1753505234446,04:47:14.446,gate,ADA/USDT:USDT,,,,,0.8257,106927160.0,88289756.0
1753505235446,04:47:15.446,gate,ADA/USDT:USDT,,,,,0.8257,106924620.0,88287658.0
1753505236467,04:47:16.467,gate,ADA/USDT:USDT,,,,,0.8253,106925640.0,88245730.0
1753505237434,04:47:17.434,gate,ADA/USDT:USDT,,,,,0.8253,106925640.0,88245730.0
1753505240443,04:47:20.443,gate,ADA/USDT:USDT,,,,,0.8254,106931120.0,88260946.0
1753505243491,04:47:23.491,gate,ADA/USDT:USDT,,,,,0.8255,106947040.0,88284780.0
1753505249433,04:47:29.433,gate,ADA/USDT:USDT,,,,,0.8254,106952360.0,88278476.0
1753505255427,04:47:35.427,gate,ADA/USDT:USDT,,,,,0.8253,106957640.0,88272140.0
1753505258437,04:47:38.437,gate,ADA/USDT:USDT,,,,,0.8254,106963820.0,88287936.0
1753505264432,04:47:44.432,gate,ADA/USDT:USDT,,,,,0.8254,106963820.0,88287936.0
1753505265442,04:47:45.442,gate,ADA/USDT:USDT,,,,,0.8254,106963820.0,88287936.0
1753505272440,04:47:52.440,gate,ADA/USDT:USDT,,,,,0.8252,106963840.0,88266560.0
1753505273532,04:47:53.532,gate,ADA/USDT:USDT,,,,,0.8251,106969980.0,88260930.0
1753505275444,04:47:55.444,gate,ADA/USDT:USDT,,,,,0.8251,106969980.0,88260930.0
1753505276438,04:47:56.438,gate,ADA/USDT:USDT,,,,,0.8251,106969980.0,88260930.0
1753505290442,04:48:10.442,gate,ADA/USDT:USDT,,,,,0.825,106987080.0,88264340.0
1753505294437,04:48:14.437,gate,ADA/USDT:USDT,,,,,0.8251,106992940.0,88279874.0
1753505295437,04:48:15.437,gate,ADA/USDT:USDT,,,,,0.8251,107007660.0,88292020.0
1753505296443,04:48:16.443,gate,ADA/USDT:USDT,,,,,0.8251,107007660.0,88292020.0
1753505297437,04:48:17.437,gate,ADA/USDT:USDT,,,,,0.8251,107012880.0,88296326.0
1753505298453,04:48:18.453,gate,ADA/USDT:USDT,,,,,0.8251,107012880.0,88296326.0
1753505299442,04:48:19.442,gate,ADA/USDT:USDT,,,,,0.8251,107012880.0,88296326.0
1753505301432,04:48:21.432,gate,ADA/USDT:USDT,,,,,0.8251,107012880.0,88296326.0
1753505302446,04:48:22.446,gate,ADA/USDT:USDT,,,,,0.8251,107012880.0,88296326.0
1753505310447,04:48:30.447,gate,ADA/USDT:USDT,,,,,0.8249,107012900.0,88274940.0
1753505312436,04:48:32.436,gate,ADA/USDT:USDT,,,,,0.8249,107012900.0,88274940.0
1753505315494,04:48:35.494,gate,ADA/USDT:USDT,,,,,0.8249,107012900.0,88274940.0
1753505317432,04:48:37.432,gate,ADA/USDT:USDT,,,,,0.8247,107078080.0,88307292.0
1753505318427,04:48:38.427,gate,ADA/USDT:USDT,,,,,0.8248,107084280.0,88323114.0
1753505328432,04:48:48.432,gate,ADA/USDT:USDT,,,,,0.8251,107096280.0,88365140.0
1753505329428,04:48:49.428,gate,ADA/USDT:USDT,,,,,0.8251,107096280.0,88365140.0
