timestamp,time,exchange,symbol,bid,bidVolume,ask,askVolume,lastPrice,baseVolume,quoteVolume
1753504795261,04:39:55.261,gateio,ADA/USDT:USDT,,,,,0.8266,106661320.0,88166246.0
1753504810266,04:40:10.266,gateio,ADA/USDT:USDT,,,,,0.8266,106661340.0,88166262.0
1753504811271,04:40:11.271,gateio,ADA/USDT:USDT,,,,,0.8266,106661340.0,88166262.0
1753504816268,04:40:16.268,gateio,ADA/USDT:USDT,,,,,0.8265,106666440.0,88159812.0
1753504827261,04:40:27.261,gateio,ADA/USDT:USDT,,,,,0.8267,106666680.0,88181344.0
1753504831265,04:40:31.265,gateio,ADA/USDT:USDT,,,,,0.8266,106666920.0,88170876.0
1753504838272,04:40:38.272,gateio,ADA/USDT:USDT,,,,,0.8263,106669760.0,88141222.0
1753504841269,04:40:41.269,gateio,ADA/USDT:USDT,,,,,0.8263,106669760.0,88141222.0
1753504845256,04:40:45.256,gateio,ADA/USDT:USDT,,,,,0.8263,106669760.0,88141222.0
1753504846272,04:40:46.272,gateio,ADA/USDT:USDT,,,,,0.8263,106669760.0,88141222.0
1753504848258,04:40:48.258,gateio,ADA/USDT:USDT,,,,,0.826,106670760.0,88110046.0
1753504851278,04:40:51.278,gateio,ADA/USDT:USDT,,,,,0.826,106670760.0,88110046.0
1753504852264,04:40:52.264,gateio,ADA/USDT:USDT,,,,,0.826,106670760.0,88110046.0
1753504855289,04:40:55.289,gateio,ADA/USDT:USDT,,,,,0.8261,106670800.0,88120746.0
1753504856269,04:40:56.269,gateio,ADA/USDT:USDT,,,,,0.8261,106676720.0,88125638.0
1753504862260,04:41:02.260,gateio,ADA/USDT:USDT,,,,,0.8261,106676720.0,88125638.0
1753504870253,04:41:10.253,gateio,ADA/USDT:USDT,,,,,0.8261,106676720.0,88125638.0
1753504880266,04:41:20.266,gateio,ADA/USDT:USDT,,,,,0.8261,106682280.0,88130230.0
1753504895264,04:41:35.264,gateio,ADA/USDT:USDT,,,,,0.826,106705480.0,88138726.0
1753504896255,04:41:36.255,gateio,ADA/USDT:USDT,,,,,0.826,106705480.0,88138726.0
1753504905274,04:41:45.274,gateio,ADA/USDT:USDT,,,,,0.8262,106770660.0,88213918.0
1753504906269,04:41:46.269,gateio,ADA/USDT:USDT,,,,,0.8262,106770660.0,88213918.0
1753504916253,04:41:56.253,gateio,ADA/USDT:USDT,,,,,0.8262,106770660.0,88213918.0
1753504923266,04:42:03.266,gateio,ADA/USDT:USDT,,,,,0.8262,106770900.0,88214116.0
1753504927270,04:42:07.270,gateio,ADA/USDT:USDT,,,,,0.8265,106771140.0,88246346.0
1753504929280,04:42:09.280,gateio,ADA/USDT:USDT,,,,,0.8265,106770660.0,88245950.0
1753504930263,04:42:10.263,gateio,ADA/USDT:USDT,,,,,0.8265,106770660.0,88245950.0
1753504940254,04:42:20.254,gateio,ADA/USDT:USDT,,,,,0.8266,106775680.0,88260776.0
1753504941268,04:42:21.268,gateio,ADA/USDT:USDT,,,,,0.8266,106775680.0,88260776.0
1753504943267,04:42:23.267,gateio,ADA/USDT:USDT,,,,,0.8266,106781080.0,88265240.0
1753504951270,04:42:31.270,gateio,ADA/USDT:USDT,,,,,0.8266,106781080.0,88265240.0
1753504961275,04:42:41.275,gateio,ADA/USDT:USDT,,,,,0.8264,106787020.0,88248792.0
1753504962268,04:42:42.268,gateio,ADA/USDT:USDT,,,,,0.8264,106787020.0,88248792.0
1753504972255,04:42:52.255,gateio,ADA/USDT:USDT,,,,,0.8268,106787260.0,88291706.0
1753504973269,04:42:53.269,gateio,ADA/USDT:USDT,,,,,0.8268,106787260.0,88291706.0
1753504982266,04:43:02.266,gateio,ADA/USDT:USDT,,,,,0.8267,106792440.0,88285310.0
1753504983277,04:43:03.277,gateio,ADA/USDT:USDT,,,,,0.8267,106792440.0,88285310.0
1753504990283,04:43:10.283,gateio,ADA/USDT:USDT,,,,,0.8267,106787740.0,88281424.0
1753504991259,04:43:11.259,gateio,ADA/USDT:USDT,,,,,0.8266,106793540.0,88275540.0
1753504992257,04:43:12.257,gateio,ADA/USDT:USDT,,,,,0.8266,106793540.0,88275540.0
1753504994260,04:43:14.260,gateio,ADA/USDT:USDT,,,,,0.8266,106799060.0,88280102.0
1753504996256,04:43:16.256,gateio,ADA/USDT:USDT,,,,,0.8266,106799100.0,88280136.0
1753505001267,04:43:21.267,gateio,ADA/USDT:USDT,,,,,0.8266,106799100.0,88280136.0
1753505023260,04:43:43.260,gateio,ADA/USDT:USDT,,,,,0.8266,106799100.0,88280136.0
1753505029259,04:43:49.259,gateio,ADA/USDT:USDT,,,,,0.8266,106799100.0,88280136.0
1753505033265,04:43:53.265,gateio,ADA/USDT:USDT,,,,,0.8266,106799100.0,88280136.0
1753505050266,04:44:10.266,gateio,ADA/USDT:USDT,,,,,0.8266,106804280.0,88284416.0
1753505053268,04:44:13.268,gateio,ADA/USDT:USDT,,,,,0.8266,106804280.0,88284416.0
1753505057277,04:44:17.277,gateio,ADA/USDT:USDT,,,,,0.8263,106809200.0,88256440.0
1753505058266,04:44:18.266,gateio,ADA/USDT:USDT,,,,,0.8263,106809200.0,88256440.0
1753505059255,04:44:19.255,gateio,ADA/USDT:USDT,,,,,0.8263,106809200.0,88256440.0
1753505069268,04:44:29.268,gateio,ADA/USDT:USDT,,,,,0.8263,106809200.0,88256440.0
1753505075259,04:44:35.259,gateio,ADA/USDT:USDT,,,,,0.8263,106815920.0,88261994.0
1753505084259,04:44:44.259,gateio,ADA/USDT:USDT,,,,,0.8264,106816920.0,88273502.0
1753505085253,04:44:45.253,gateio,ADA/USDT:USDT,,,,,0.8264,106816920.0,88273502.0
1753505100253,04:45:00.253,gateio,ADA/USDT:USDT,,,,,0.8265,106816960.0,88284216.0
1753505110261,04:45:10.261,gateio,ADA/USDT:USDT,,,,,0.8265,106816920.0,88284184.0
1753505111267,04:45:11.267,gateio,ADA/USDT:USDT,,,,,0.8263,106818020.0,88263728.0
1753505112258,04:45:12.258,gateio,ADA/USDT:USDT,,,,,0.8262,106818060.0,88253080.0
1753505114266,04:45:14.266,gateio,ADA/USDT:USDT,,,,,0.8262,106818060.0,88253080.0
1753505117271,04:45:17.271,gateio,ADA/USDT:USDT,,,,,0.8262,106823180.0,88257310.0
1753505124273,04:45:24.273,gateio,ADA/USDT:USDT,,,,,0.8262,106823180.0,88257310.0
1753505129257,04:45:29.257,gateio,ADA/USDT:USDT,,,,,0.8259,106828940.0,88230020.0
1753505130262,04:45:30.262,gateio,ADA/USDT:USDT,,,,,0.8259,106828940.0,88230020.0
1753505131276,04:45:31.276,gateio,ADA/USDT:USDT,,,,,0.8262,106862740.0,88289994.0
1753505132262,04:45:32.262,gateio,ADA/USDT:USDT,,,,,0.8262,106862980.0,88290194.0
1753505151256,04:45:51.256,gateio,ADA/USDT:USDT,,,,,0.8262,106862980.0,88290194.0
1753505152263,04:45:52.263,gateio,ADA/USDT:USDT,,,,,0.8262,106862980.0,88290194.0
1753505156253,04:45:56.253,gateio,ADA/USDT:USDT,,,,,0.8261,106867660.0,88283372.0
1753505159254,04:45:59.254,gateio,ADA/USDT:USDT,,,,,0.8261,106874040.0,88288644.0
1753505162269,04:46:02.269,gateio,ADA/USDT:USDT,,,,,0.8261,106879660.0,88293286.0
1753505165257,04:46:05.257,gateio,ADA/USDT:USDT,,,,,0.8261,106885740.0,88298308.0
1753505166266,04:46:06.266,gateio,ADA/USDT:USDT,,,,,0.8261,106885740.0,88298308.0
1753505170289,04:46:10.289,gateio,ADA/USDT:USDT,,,,,0.8261,106874080.0,88288676.0
1753505174258,04:46:14.258,gateio,ADA/USDT:USDT,,,,,0.826,106880420.0,88283226.0
1753505176268,04:46:16.268,gateio,ADA/USDT:USDT,,,,,0.826,106880420.0,88283226.0
1753505177274,04:46:17.274,gateio,ADA/USDT:USDT,,,,,0.826,106885480.0,88287406.0
1753505179255,04:46:19.255,gateio,ADA/USDT:USDT,,,,,0.826,106885480.0,88287406.0
1753505182268,04:46:22.268,gateio,ADA/USDT:USDT,,,,,0.826,106885480.0,88287406.0
1753505186259,04:46:26.259,gateio,ADA/USDT:USDT,,,,,0.8261,106890700.0,88302406.0
1753505196270,04:46:36.270,gateio,ADA/USDT:USDT,,,,,0.8258,106894360.0,88273362.0
1753505197268,04:46:37.268,gateio,ADA/USDT:USDT,,,,,0.8258,106894360.0,88273362.0
1753505198269,04:46:38.269,gateio,ADA/USDT:USDT,,,,,0.8258,106899280.0,88277424.0
1753505201271,04:46:41.271,gateio,ADA/USDT:USDT,,,,,0.8258,106899280.0,88277424.0
1753505205262,04:46:45.262,gateio,ADA/USDT:USDT,,,,,0.8258,106899280.0,88277424.0
1753505208251,04:46:48.251,gateio,ADA/USDT:USDT,,,,,0.8261,106901600.0,88311410.0
1753505209261,04:46:49.261,gateio,ADA/USDT:USDT,,,,,0.8261,106901600.0,88311410.0
1753505213253,04:46:53.253,gateio,ADA/USDT:USDT,,,,,0.8259,106907360.0,88294788.0
1753505216260,04:46:56.260,gateio,ADA/USDT:USDT,,,,,0.8258,106912920.0,88288688.0
1753505225274,04:47:05.274,gateio,ADA/USDT:USDT,,,,,0.8259,106918600.0,88304070.0
1753505226259,04:47:06.259,gateio,ADA/USDT:USDT,,,,,0.8259,106918600.0,88304070.0
1753505228263,04:47:08.263,gateio,ADA/USDT:USDT,,,,,0.8259,106918600.0,88304070.0
1753505230270,04:47:10.270,gateio,ADA/USDT:USDT,,,,,0.8259,106924620.0,88309042.0
1753505232259,04:47:12.259,gateio,ADA/USDT:USDT,,,,,0.8257,106939520.0,88299960.0
1753505234268,04:47:14.268,gateio,ADA/USDT:USDT,,,,,0.8257,106939520.0,88299960.0
1753505235270,04:47:15.270,gateio,ADA/USDT:USDT,,,,,0.8257,106939520.0,88299960.0
1753505236282,04:47:16.282,gateio,ADA/USDT:USDT,,,,,0.8253,106940540.0,88258026.0
1753505237280,04:47:17.280,gateio,ADA/USDT:USDT,,,,,0.8253,106940540.0,88258026.0
1753505240255,04:47:20.255,gateio,ADA/USDT:USDT,,,,,0.8254,106946020.0,88273244.0
1753505243271,04:47:23.271,gateio,ADA/USDT:USDT,,,,,0.8255,106961940.0,88297080.0
1753505249253,04:47:29.253,gateio,ADA/USDT:USDT,,,,,0.8254,106967260.0,88290776.0
1753505255268,04:47:35.268,gateio,ADA/USDT:USDT,,,,,0.8253,106972540.0,88284436.0
1753505258269,04:47:38.269,gateio,ADA/USDT:USDT,,,,,0.8254,106978720.0,88300234.0
1753505264257,04:47:44.257,gateio,ADA/USDT:USDT,,,,,0.8254,106978720.0,88300234.0
1753505265272,04:47:45.272,gateio,ADA/USDT:USDT,,,,,0.8254,106978720.0,88300234.0
1753505272262,04:47:52.262,gateio,ADA/USDT:USDT,,,,,0.8252,106978740.0,88278856.0
1753505273319,04:47:53.319,gateio,ADA/USDT:USDT,,,,,0.8251,106984880.0,88273224.0
1753505275269,04:47:55.269,gateio,ADA/USDT:USDT,,,,,0.8251,106984880.0,88273224.0
1753505276273,04:47:56.273,gateio,ADA/USDT:USDT,,,,,0.8251,106984880.0,88273224.0
1753505290259,04:48:10.259,gateio,ADA/USDT:USDT,,,,,0.825,107007660.0,88281318.0
1753505294251,04:48:14.251,gateio,ADA/USDT:USDT,,,,,0.8251,107013520.0,88296854.0
1753505295253,04:48:15.253,gateio,ADA/USDT:USDT,,,,,0.8251,107013520.0,88296854.0
1753505296260,04:48:16.260,gateio,ADA/USDT:USDT,,,,,0.8251,107013520.0,88296854.0
1753505297273,04:48:17.273,gateio,ADA/USDT:USDT,,,,,0.8251,107018740.0,88301162.0
1753505298262,04:48:18.262,gateio,ADA/USDT:USDT,,,,,0.8251,107018740.0,88301162.0
1753505299255,04:48:19.255,gateio,ADA/USDT:USDT,,,,,0.8251,107018740.0,88301162.0
1753505301259,04:48:21.259,gateio,ADA/USDT:USDT,,,,,0.8251,107018740.0,88301162.0
1753505302269,04:48:22.269,gateio,ADA/USDT:USDT,,,,,0.8251,107018740.0,88301162.0
1753505311264,04:48:31.264,gateio,ADA/USDT:USDT,,,,,0.8249,107018760.0,88279774.0
1753505312264,04:48:32.264,gateio,ADA/USDT:USDT,,,,,0.8249,107018760.0,88279774.0
1753505315270,04:48:35.270,gateio,ADA/USDT:USDT,,,,,0.8249,107018760.0,88279774.0
1753505317282,04:48:37.282,gateio,ADA/USDT:USDT,,,,,0.8247,107083940.0,88312124.0
1753505318252,04:48:38.252,gateio,ADA/USDT:USDT,,,,,0.8248,107090140.0,88327946.0
1753505328255,04:48:48.255,gateio,ADA/USDT:USDT,,,,,0.8251,107102140.0,88369974.0
1753505329308,04:48:49.308,gateio,ADA/USDT:USDT,,,,,0.8251,107102140.0,88369974.0
1753505336254,04:48:56.254,gateio,ADA/USDT:USDT,,,,,0.8251,107107600.0,88374480.0
1753505339273,04:48:59.273,gateio,ADA/USDT:USDT,,,,,0.8251,107107600.0,88374480.0
1753505349271,04:49:09.271,gateio,ADA/USDT:USDT,,,,,0.8251,107110760.0,88377088.0
1753505350256,04:49:10.256,gateio,ADA/USDT:USDT,,,,,0.8251,107107600.0,88374480.0
1753505351258,04:49:11.258,gateio,ADA/USDT:USDT,,,,,0.825,107114460.0,88369428.0
1753505352270,04:49:12.270,gateio,ADA/USDT:USDT,,,,,0.8252,107132120.0,88405424.0
1753505353256,04:49:13.256,gateio,ADA/USDT:USDT,,,,,0.8252,107132120.0,88405424.0
1753505357270,04:49:17.270,gateio,ADA/USDT:USDT,,,,,0.8253,107137140.0,88420280.0
1753505365252,04:49:25.252,gateio,ADA/USDT:USDT,,,,,0.8252,107138000.0,88410276.0
1753505367266,04:49:27.266,gateio,ADA/USDT:USDT,,,,,0.8252,107138000.0,88410276.0
1753505372257,04:49:32.257,gateio,ADA/USDT:USDT,,,,,0.8252,107138000.0,88410276.0
1753505375255,04:49:35.255,gateio,ADA/USDT:USDT,,,,,0.8251,107144600.0,88405008.0
1753505378265,04:49:38.265,gateio,ADA/USDT:USDT,,,,,0.8251,107144600.0,88405008.0
1753505379265,04:49:39.265,gateio,ADA/USDT:USDT,,,,,0.8251,107144600.0,88405008.0
1753505382252,04:49:42.252,gateio,ADA/USDT:USDT,,,,,0.8251,107144600.0,88405008.0
1753505389263,04:49:49.263,gateio,ADA/USDT:USDT,,,,,0.8251,107144600.0,88405008.0
1753505390264,04:49:50.264,gateio,ADA/USDT:USDT,,,,,0.8251,107144600.0,88405008.0
1753505396255,04:49:56.255,gateio,ADA/USDT:USDT,,,,,0.8251,107144600.0,88405008.0
1753505402251,04:50:02.251,gateio,ADA/USDT:USDT,,,,,0.8251,107144600.0,88405008.0
1753505407255,04:50:07.255,gateio,ADA/USDT:USDT,,,,,0.8251,107144600.0,88405008.0
1753505410284,04:50:10.284,gateio,ADA/USDT:USDT,,,,,0.8251,107147760.0,88407616.0
1753505420272,04:50:20.272,gateio,ADA/USDT:USDT,,,,,0.8251,107147760.0,88407616.0
1753505430270,04:50:30.270,gateio,ADA/USDT:USDT,,,,,0.8251,107147760.0,88407616.0
1753505432281,04:50:32.281,gateio,ADA/USDT:USDT,,,,,0.8249,107159200.0,88395624.0
1753505433252,04:50:33.252,gateio,ADA/USDT:USDT,,,,,0.8249,107159200.0,88395624.0
1753505446269,04:50:46.269,gateio,ADA/USDT:USDT,,,,,0.8249,107159200.0,88395624.0
1753505448258,04:50:48.258,gateio,ADA/USDT:USDT,,,,,0.8249,107159200.0,88395624.0
1753505458263,04:50:58.263,gateio,ADA/USDT:USDT,,,,,0.8249,107159200.0,88395624.0
1753505468254,04:51:08.254,gateio,ADA/USDT:USDT,,,,,0.8249,107159200.0,88395624.0
1753505469263,04:51:09.263,gateio,ADA/USDT:USDT,,,,,0.8249,107159200.0,88395624.0
1753505470295,04:51:10.295,gateio,ADA/USDT:USDT,,,,,0.8244,107159200.0,88395624.0
1753505471275,04:51:11.275,gateio,ADA/USDT:USDT,,,,,0.8242,107159440.0,88320810.0
1753505472267,04:51:12.267,gateio,ADA/USDT:USDT,,,,,0.8244,107159460.0,88342258.0
1753505477276,04:51:17.276,gateio,ADA/USDT:USDT,,,,,0.8241,107171340.0,88319900.0
1753505478273,04:51:18.273,gateio,ADA/USDT:USDT,,,,,0.8241,107171340.0,88319900.0
1753505479272,04:51:19.272,gateio,ADA/USDT:USDT,,,,,0.8241,107171340.0,88319900.0
1753505480256,04:51:20.256,gateio,ADA/USDT:USDT,,,,,0.8241,107183320.0,88329774.0
1753505486257,04:51:26.257,gateio,ADA/USDT:USDT,,,,,0.8245,107183560.0,88372844.0
1753505496255,04:51:36.255,gateio,ADA/USDT:USDT,,,,,0.8245,107183560.0,88372844.0
1753505506262,04:51:46.262,gateio,ADA/USDT:USDT,,,,,0.8245,107183560.0,88372844.0
1753505509263,04:51:49.263,gateio,ADA/USDT:USDT,,,,,0.8246,107184640.0,88384454.0
1753505510268,04:51:50.268,gateio,ADA/USDT:USDT,,,,,0.8246,107184640.0,88384454.0
1753505520257,04:52:00.257,gateio,ADA/USDT:USDT,,,,,0.8246,107184640.0,88384454.0
1753505530278,04:52:10.278,gateio,ADA/USDT:USDT,,,,,0.8246,107184680.0,88384486.0
1753505537262,04:52:17.262,gateio,ADA/USDT:USDT,,,,,0.8245,107199120.0,88385674.0
1753505538262,04:52:18.262,gateio,ADA/USDT:USDT,,,,,0.8245,107199120.0,88385674.0
1753505548260,04:52:28.260,gateio,ADA/USDT:USDT,,,,,0.8245,107199120.0,88385674.0
1753505549253,04:52:29.253,gateio,ADA/USDT:USDT,,,,,0.8245,107199120.0,88385674.0
1753505551251,04:52:31.251,gateio,ADA/USDT:USDT,,,,,0.8245,107199120.0,88385674.0
1753505554263,04:52:34.263,gateio,ADA/USDT:USDT,,,,,0.8245,107199120.0,88385674.0
1753505558256,04:52:38.256,gateio,ADA/USDT:USDT,,,,,0.8245,107199120.0,88385674.0
1753505573262,04:52:53.262,gateio,ADA/USDT:USDT,,,,,0.8246,107200240.0,88397316.0
1753505574265,04:52:54.265,gateio,ADA/USDT:USDT,,,,,0.8246,107200240.0,88397316.0
1753505579275,04:52:59.275,gateio,ADA/USDT:USDT,,,,,0.8245,107210260.0,88394858.0
1753505580265,04:53:00.265,gateio,ADA/USDT:USDT,,,,,0.8245,107210260.0,88394858.0
1753505589282,04:53:09.282,gateio,ADA/USDT:USDT,,,,,0.8245,107200240.0,88386596.0
1753505590260,04:53:10.260,gateio,ADA/USDT:USDT,,,,,0.8245,107200240.0,88386596.0
1753505598257,04:53:18.257,gateio,ADA/USDT:USDT,,,,,0.8244,107200480.0,88376074.0
1753505599268,04:53:19.268,gateio,ADA/USDT:USDT,,,,,0.8244,107200480.0,88376074.0
1753505603259,04:53:23.259,gateio,ADA/USDT:USDT,,,,,0.8244,107213460.0,88386776.0
1753505609274,04:53:29.274,gateio,ADA/USDT:USDT,,,,,0.8244,107213460.0,88386776.0
1753505610252,04:53:30.252,gateio,ADA/USDT:USDT,,,,,0.824,107213480.0,88343906.0
1753505611265,04:53:31.265,gateio,ADA/USDT:USDT,,,,,0.824,107214700.0,88344912.0
1753505619260,04:53:39.260,gateio,ADA/USDT:USDT,,,,,0.824,107214700.0,88344912.0
1753505620252,04:53:40.252,gateio,ADA/USDT:USDT,,,,,0.824,107214700.0,88344912.0
1753505625263,04:53:45.263,gateio,ADA/USDT:USDT,,,,,0.824,107216680.0,88346544.0
1753505626256,04:53:46.256,gateio,ADA/USDT:USDT,,,,,0.824,107216680.0,88346544.0
1753505627268,04:53:47.268,gateio,ADA/USDT:USDT,,,,,0.8242,107227320.0,88376756.0
1753505628253,04:53:48.253,gateio,ADA/USDT:USDT,,,,,0.8242,107227320.0,88376756.0
1753505638255,04:53:58.255,gateio,ADA/USDT:USDT,,,,,0.8242,107227320.0,88376756.0
1753505644256,04:54:04.256,gateio,ADA/USDT:USDT,,,,,0.8242,107227320.0,88376756.0
1753505649260,04:54:09.260,gateio,ADA/USDT:USDT,,,,,0.8242,107237340.0,88385014.0
1753505654266,04:54:14.266,gateio,ADA/USDT:USDT,,,,,0.8242,107237340.0,88385014.0
1753505661296,04:54:21.296,gateio,ADA/USDT:USDT,,,,,0.8242,107237340.0,88385014.0
1753505665255,04:54:25.255,gateio,ADA/USDT:USDT,,,,,0.8242,107237340.0,88385014.0
1753505667255,04:54:27.255,gateio,ADA/USDT:USDT,,,,,0.8242,107237340.0,88385014.0
1753505668256,04:54:28.256,gateio,ADA/USDT:USDT,,,,,0.8242,107237340.0,88385014.0
1753505673260,04:54:33.260,gateio,ADA/USDT:USDT,,,,,0.8242,107237340.0,88385014.0
1753505682264,04:54:42.264,gateio,ADA/USDT:USDT,,,,,0.8245,107237580.0,88417384.0
1753505683261,04:54:43.261,gateio,ADA/USDT:USDT,,,,,0.8245,107237580.0,88417384.0
1753505693272,04:54:53.272,gateio,ADA/USDT:USDT,,,,,0.8245,107237580.0,88417384.0
1753505694264,04:54:54.264,gateio,ADA/USDT:USDT,,,,,0.8245,107237580.0,88417384.0
1753505699268,04:54:59.268,gateio,ADA/USDT:USDT,,,,,0.8245,107237580.0,88417384.0
1753505703270,04:55:03.270,gateio,ADA/USDT:USDT,,,,,0.825,107237640.0,88471052.0
1753505704263,04:55:04.263,gateio,ADA/USDT:USDT,,,,,0.8248,107237700.0,88449654.0
1753505705273,04:55:05.273,gateio,ADA/USDT:USDT,,,,,0.8248,107237700.0,88449654.0
1753505709289,04:55:09.289,gateio,ADA/USDT:USDT,,,,,0.8248,107237580.0,88449554.0
1753505714270,04:55:14.270,gateio,ADA/USDT:USDT,,,,,0.8249,107241480.0,88463496.0
1753505715255,04:55:15.255,gateio,ADA/USDT:USDT,,,,,0.8249,107241480.0,88463496.0
1753505725262,04:55:25.262,gateio,ADA/USDT:USDT,,,,,0.8249,107241480.0,88463496.0
1753505726264,04:55:26.264,gateio,ADA/USDT:USDT,,,,,0.8248,107245380.0,88455988.0
1753505727257,04:55:27.257,gateio,ADA/USDT:USDT,,,,,0.8248,107245380.0,88455988.0
1753505736263,04:55:36.263,gateio,ADA/USDT:USDT,,,,,0.8251,107248380.0,88490638.0
1753505738253,04:55:38.253,gateio,ADA/USDT:USDT,,,,,0.825,107252340.0,88483180.0
1753505745279,04:55:45.279,gateio,ADA/USDT:USDT,,,,,0.8253,107315480.0,88567464.0
1753505746262,04:55:46.262,gateio,ADA/USDT:USDT,,,,,0.8253,107315480.0,88567464.0
1753505747264,04:55:47.264,gateio,ADA/USDT:USDT,,,,,0.825,107318600.0,88537844.0
1753505748265,04:55:48.265,gateio,ADA/USDT:USDT,,,,,0.825,107318600.0,88537844.0
1753505750255,04:55:50.255,gateio,ADA/USDT:USDT,,,,,0.825,107321580.0,88540302.0
1753505756251,04:55:56.251,gateio,ADA/USDT:USDT,,,,,0.8251,107324980.0,88553840.0
1753505766256,04:56:06.256,gateio,ADA/USDT:USDT,,,,,0.8251,107324980.0,88553840.0
1753505770260,04:56:10.260,gateio,ADA/USDT:USDT,,,,,0.8251,107325100.0,88553940.0
1753505776258,04:56:16.258,gateio,ADA/USDT:USDT,,,,,0.8251,107325100.0,88553940.0
1753505786259,04:56:26.259,gateio,ADA/USDT:USDT,,,,,0.8251,107325100.0,88553940.0
1753505796258,04:56:36.258,gateio,ADA/USDT:USDT,,,,,0.8251,107325100.0,88553940.0
1753505806266,04:56:46.266,gateio,ADA/USDT:USDT,,,,,0.8251,107325100.0,88553940.0
1753505814259,04:56:54.259,gateio,ADA/USDT:USDT,,,,,0.8247,107325120.0,88511026.0
1753505815256,04:56:55.256,gateio,ADA/USDT:USDT,,,,,0.8247,107325120.0,88511026.0
1753505821264,04:57:01.264,gateio,ADA/USDT:USDT,,,,,0.8247,107325120.0,88511026.0
1753505829277,04:57:09.277,gateio,ADA/USDT:USDT,,,,,0.8247,107325120.0,88511026.0
1753505830268,04:57:10.268,gateio,ADA/USDT:USDT,,,,,0.8244,107325140.0,88478844.0
1753505831251,04:57:11.251,gateio,ADA/USDT:USDT,,,,,0.8244,107325140.0,88478844.0
1753505832260,04:57:12.260,gateio,ADA/USDT:USDT,,,,,0.8244,107325140.0,88478844.0
1753505836256,04:57:16.256,gateio,ADA/USDT:USDT,,,,,0.8244,107325140.0,88478844.0
1753505846267,04:57:26.267,gateio,ADA/USDT:USDT,,,,,0.8244,107325140.0,88478844.0
1753505857271,04:57:37.271,gateio,ADA/USDT:USDT,,,,,0.8243,107325180.0,88468144.0
1753505859257,04:57:39.257,gateio,ADA/USDT:USDT,,,,,0.8241,107326420.0,88447702.0
1753505861260,04:57:41.260,gateio,ADA/USDT:USDT,,,,,0.8241,107326420.0,88447702.0
1753505862264,04:57:42.264,gateio,ADA/USDT:USDT,,,,,0.8241,107326420.0,88447702.0
1753505889284,04:58:09.284,gateio,ADA/USDT:USDT,,,,,0.8241,107326420.0,88447702.0
1753505897264,04:58:17.264,gateio,ADA/USDT:USDT,,,,,0.8241,107329580.0,88450306.0
1753505905264,04:58:25.264,gateio,ADA/USDT:USDT,,,,,0.8241,107329820.0,88450504.0
1753505919255,04:58:39.255,gateio,ADA/USDT:USDT,,,,,0.8243,107330060.0,88472168.0
1753505920264,04:58:40.264,gateio,ADA/USDT:USDT,,,,,0.8243,107330060.0,88472168.0
1753505922260,04:58:42.260,gateio,ADA/USDT:USDT,,,,,0.8243,107330300.0,88472366.0
1753505926260,04:58:46.260,gateio,ADA/USDT:USDT,,,,,0.8244,107333740.0,88485934.0
1753505928263,04:58:48.263,gateio,ADA/USDT:USDT,,,,,0.8244,107333740.0,88485934.0
1753505930266,04:58:50.266,gateio,ADA/USDT:USDT,,,,,0.8244,107333740.0,88485934.0
1753505935273,04:58:55.273,gateio,ADA/USDT:USDT,,,,,0.8244,107333740.0,88485934.0
1753505936273,04:58:56.273,gateio,ADA/USDT:USDT,,,,,0.8244,107333740.0,88485934.0
1753505937266,04:58:57.266,gateio,ADA/USDT:USDT,,,,,0.8244,107333740.0,88485934.0
1753505947254,04:59:07.254,gateio,ADA/USDT:USDT,,,,,0.8244,107333740.0,88485934.0
1753505950281,04:59:10.281,gateio,ADA/USDT:USDT,,,,,0.8244,107333740.0,88485934.0
1753505958260,04:59:18.260,gateio,ADA/USDT:USDT,,,,,0.8244,107333740.0,88485934.0
1753505963255,04:59:23.255,gateio,ADA/USDT:USDT,,,,,0.8242,107336180.0,88466478.0
1753505964262,04:59:24.262,gateio,ADA/USDT:USDT,,,,,0.8242,107336180.0,88466478.0
1753505991270,04:59:51.270,gateio,ADA/USDT:USDT,,,,,0.8241,107336200.0,88455762.0
1753505996252,04:59:56.252,gateio,ADA/USDT:USDT,,,,,0.8241,107336200.0,88455762.0
1753506010286,05:00:10.286,gateio,ADA/USDT:USDT,,,,,0.8241,103535840.0,85323884.0
1753506012250,05:00:12.250,gateio,ADA/USDT:USDT,,,,,0.8241,103535900.0,85323934.0
1753506015270,05:00:15.270,gateio,ADA/USDT:USDT,,,,,0.8239,103535940.0,85303260.0
1753506020251,05:00:20.251,gateio,ADA/USDT:USDT,,,,,0.8238,103540000.0,85296252.0
1753506023270,05:00:23.270,gateio,ADA/USDT:USDT,,,,,0.8238,103544280.0,85299776.0
1753506026256,05:00:26.256,gateio,ADA/USDT:USDT,,,,,0.8238,103547760.0,85302644.0
1753506029263,05:00:29.263,gateio,ADA/USDT:USDT,,,,,0.8238,103552180.0,85306284.0
1753506033254,05:00:33.254,gateio,ADA/USDT:USDT,,,,,0.8238,103552180.0,85306284.0
1753506035306,05:00:35.306,gateio,ADA/USDT:USDT,,,,,0.8237,103553380.0,85296918.0
1753506036272,05:00:36.272,gateio,ADA/USDT:USDT,,,,,0.8237,103553380.0,85296918.0
1753506041276,05:00:41.276,gateio,ADA/USDT:USDT,,,,,0.8238,103556500.0,85309844.0
1753506058250,05:00:58.250,gateio,ADA/USDT:USDT,,,,,0.8236,103622800.0,85343738.0
1753506062265,05:01:02.265,gateio,ADA/USDT:USDT,,,,,0.8234,103632000.0,85330588.0
1753506064271,05:01:04.271,gateio,ADA/USDT:USDT,,,,,0.8234,103632000.0,85330588.0
1753506065273,05:01:05.273,gateio,ADA/USDT:USDT,,,,,0.8234,103632000.0,85330588.0
1753506069280,05:01:09.280,gateio,ADA/USDT:USDT,,,,,0.8234,103622800.0,85323012.0
1753506073251,05:01:13.251,gateio,ADA/USDT:USDT,,,,,0.8234,103622800.0,85323012.0
1753506074251,05:01:14.251,gateio,ADA/USDT:USDT,,,,,0.8234,103622800.0,85323012.0
1753506077268,05:01:17.268,gateio,ADA/USDT:USDT,,,,,0.8234,103626840.0,85326340.0
1753506079256,05:01:19.256,gateio,ADA/USDT:USDT,,,,,0.8234,103627240.0,85326668.0
1753506082274,05:01:22.274,gateio,ADA/USDT:USDT,,,,,0.8234,103627240.0,85326668.0
1753506090252,05:01:30.252,gateio,ADA/USDT:USDT,,,,,0.8234,103628240.0,85327492.0
1753506091269,05:01:31.269,gateio,ADA/USDT:USDT,,,,,0.8234,103628480.0,85327690.0
1753506092251,05:01:32.251,gateio,ADA/USDT:USDT,,,,,0.8234,103628480.0,85327690.0
1753506098269,05:01:38.269,gateio,ADA/USDT:USDT,,,,,0.8233,103632280.0,85320456.0
1753506116272,05:01:56.272,gateio,ADA/USDT:USDT,,,,,0.8233,103635480.0,85323090.0
1753506118256,05:01:58.256,gateio,ADA/USDT:USDT,,,,,0.8233,103635480.0,85323090.0
1753506128261,05:02:08.261,gateio,ADA/USDT:USDT,,,,,0.8233,103635480.0,85323090.0
1753506129284,05:02:09.284,gateio,ADA/USDT:USDT,,,,,0.8233,103644680.0,85330664.0
1753506138270,05:02:18.270,gateio,ADA/USDT:USDT,,,,,0.8233,103644680.0,85330664.0
1753506140267,05:02:20.267,gateio,ADA/USDT:USDT,,,,,0.8232,103648460.0,85323412.0
1753506141266,05:02:21.266,gateio,ADA/USDT:USDT,,,,,0.8232,103648460.0,85323412.0
1753506151262,05:02:31.262,gateio,ADA/USDT:USDT,,,,,0.8232,103648460.0,85323412.0
1753506157259,05:02:37.259,gateio,ADA/USDT:USDT,,,,,0.8228,103728540.0,85347842.0
1753506158263,05:02:38.263,gateio,ADA/USDT:USDT,,,,,0.8228,103728540.0,85347842.0
1753506159267,05:02:39.267,gateio,ADA/USDT:USDT,,,,,0.8228,103728540.0,85347842.0
1753506165269,05:02:45.269,gateio,ADA/USDT:USDT,,,,,0.8228,103728540.0,85347842.0
1753506166261,05:02:46.261,gateio,ADA/USDT:USDT,,,,,0.8228,103730700.0,85349618.0
1753506167268,05:02:47.268,gateio,ADA/USDT:USDT,,,,,0.8228,103735040.0,85353190.0
1753506177275,05:02:57.275,gateio,ADA/USDT:USDT,,,,,0.8228,103736040.0,85354012.0
1753506185271,05:03:05.271,gateio,ADA/USDT:USDT,,,,,0.8228,103736040.0,85354012.0
1753506187253,05:03:07.253,gateio,ADA/USDT:USDT,,,,,0.8228,103736040.0,85354012.0
1753506189270,05:03:09.270,gateio,ADA/USDT:USDT,,,,,0.8228,103736040.0,85354012.0
1753506190284,05:03:10.284,gateio,ADA/USDT:USDT,,,,,0.8225,103753120.0,85336940.0
1753506192254,05:03:12.254,gateio,ADA/USDT:USDT,,,,,0.8225,103753120.0,85336940.0
1753506195258,05:03:15.258,gateio,ADA/USDT:USDT,,,,,0.8225,103753120.0,85336940.0
1753506197258,05:03:17.258,gateio,ADA/USDT:USDT,,,,,0.8225,103753120.0,85336940.0
1753506200260,05:03:20.260,gateio,ADA/USDT:USDT,,,,,0.8225,103753120.0,85336940.0
1753506203275,05:03:23.275,gateio,ADA/USDT:USDT,,,,,0.8226,103756700.0,85350260.0
1753506205252,05:03:25.252,gateio,ADA/USDT:USDT,,,,,0.8223,103836700.0,85384918.0
1753506213269,05:03:33.269,gateio,ADA/USDT:USDT,,,,,0.8223,103836700.0,85384918.0
1753506215266,05:03:35.266,gateio,ADA/USDT:USDT,,,,,0.8226,103840320.0,85419046.0
1753506216260,05:03:36.260,gateio,ADA/USDT:USDT,,,,,0.8226,103840320.0,85419046.0
1753506226263,05:03:46.263,gateio,ADA/USDT:USDT,,,,,0.8226,103840320.0,85419046.0
1753506230255,05:03:50.255,gateio,ADA/USDT:USDT,,,,,0.8225,103843440.0,85411228.0
1753506249273,05:04:09.273,gateio,ADA/USDT:USDT,,,,,0.8225,103844440.0,85412050.0
1753506250264,05:04:10.264,gateio,ADA/USDT:USDT,,,,,0.8225,103844440.0,85412050.0
1753506259261,05:04:19.261,gateio,ADA/USDT:USDT,,,,,0.8225,103844440.0,85412050.0
1753506263259,05:04:23.259,gateio,ADA/USDT:USDT,,,,,0.8226,103848660.0,85425906.0
1753506269252,05:04:29.252,gateio,ADA/USDT:USDT,,,,,0.8226,103852380.0,85428966.0
1753506272253,05:04:32.253,gateio,ADA/USDT:USDT,,,,,0.8226,103856100.0,85432026.0
1753506281257,05:04:41.257,gateio,ADA/USDT:USDT,,,,,0.8223,103859340.0,85403534.0
1753506283302,05:04:43.302,gateio,ADA/USDT:USDT,,,,,0.8223,103859340.0,85403534.0
1753506285264,05:04:45.264,gateio,ADA/USDT:USDT,,,,,0.8223,103859340.0,85403534.0
1753506288264,05:04:48.264,gateio,ADA/USDT:USDT,,,,,0.8223,103859340.0,85403534.0
1753506291257,05:04:51.257,gateio,ADA/USDT:USDT,,,,,0.8223,103859340.0,85403534.0
1753506299254,05:04:59.254,gateio,ADA/USDT:USDT,,,,,0.8224,103859400.0,85413970.0
1753506300259,05:05:00.259,gateio,ADA/USDT:USDT,,,,,0.8224,103859400.0,85413970.0
1753506304260,05:05:04.260,gateio,ADA/USDT:USDT,,,,,0.8222,103883540.0,85413046.0
1753506306254,05:05:06.254,gateio,ADA/USDT:USDT,,,,,0.8222,103883540.0,85413046.0
1753506309268,05:05:09.268,gateio,ADA/USDT:USDT,,,,,0.8222,103883540.0,85413046.0
1753506310259,05:05:10.259,gateio,ADA/USDT:USDT,,,,,0.8222,103859340.0,85393148.0
1753506317261,05:05:17.261,gateio,ADA/USDT:USDT,,,,,0.8227,103859400.0,85445128.0
1753506318255,05:05:18.255,gateio,ADA/USDT:USDT,,,,,0.8227,103859400.0,85445128.0
1753506320272,05:05:20.272,gateio,ADA/USDT:USDT,,,,,0.8227,103859400.0,85445128.0
1753506330267,05:05:30.267,gateio,ADA/USDT:USDT,,,,,0.8227,103859400.0,85445128.0
1753506336264,05:05:36.264,gateio,ADA/USDT:USDT,,,,,0.8227,103859440.0,85445160.0
1753506345267,05:05:45.267,gateio,ADA/USDT:USDT,,,,,0.8229,103859860.0,85466278.0
1753506346267,05:05:46.267,gateio,ADA/USDT:USDT,,,,,0.8229,103859860.0,85466278.0
1753506353269,05:05:53.269,gateio,ADA/USDT:USDT,,,,,0.8229,103871880.0,85476170.0
1753506363263,05:06:03.263,gateio,ADA/USDT:USDT,,,,,0.8228,103872120.0,85465980.0
1753506364267,05:06:04.267,gateio,ADA/USDT:USDT,,,,,0.8226,103874140.0,85446866.0
1753506370253,05:06:10.253,gateio,ADA/USDT:USDT,,,,,0.8226,103896080.0,85464914.0
1753506372249,05:06:12.249,gateio,ADA/USDT:USDT,,,,,0.8225,103896140.0,85454574.0
1753506380265,05:06:20.265,gateio,ADA/USDT:USDT,,,,,0.8225,103896140.0,85454574.0
1753506403295,05:06:43.295,gateio,ADA/USDT:USDT,,,,,0.8227,103896420.0,85475584.0
1753506404258,05:06:44.258,gateio,ADA/USDT:USDT,,,,,0.8227,103896420.0,85475584.0
1753506405254,05:06:45.254,gateio,ADA/USDT:USDT,,,,,0.8228,103910960.0,85497936.0
1753506415275,05:06:55.275,gateio,ADA/USDT:USDT,,,,,0.8228,103910960.0,85497936.0
1753506420263,05:07:00.263,gateio,ADA/USDT:USDT,,,,,0.8226,103924080.0,85487948.0
1753506423256,05:07:03.256,gateio,ADA/USDT:USDT,,,,,0.8226,103924080.0,85487948.0
1753506430253,05:07:10.253,gateio,ADA/USDT:USDT,,,,,0.8226,103913220.0,85479014.0
1753506433257,05:07:13.257,gateio,ADA/USDT:USDT,,,,,0.8226,103913220.0,85479014.0
1753506436261,05:07:16.261,gateio,ADA/USDT:USDT,,,,,0.8224,103913240.0,85458248.0
1753506441273,05:07:21.273,gateio,ADA/USDT:USDT,,,,,0.8223,103923500.0,85456294.0
1753506447252,05:07:27.252,gateio,ADA/USDT:USDT,,,,,0.8224,103924160.0,85467228.0
1753506448250,05:07:28.250,gateio,ADA/USDT:USDT,,,,,0.8224,103924240.0,85467294.0
1753506453259,05:07:33.259,gateio,ADA/USDT:USDT,,,,,0.8223,103938420.0,85468562.0
1753506474267,05:07:54.267,gateio,ADA/USDT:USDT,,,,,0.8222,103940340.0,85459746.0
1753506475258,05:07:55.258,gateio,ADA/USDT:USDT,,,,,0.8222,103940340.0,85459746.0
1753506490267,05:08:10.267,gateio,ADA/USDT:USDT,,,,,0.8222,103953460.0,85470534.0
1753506495286,05:08:15.286,gateio,ADA/USDT:USDT,,,,,0.8222,103953460.0,85470534.0
1753506499261,05:08:19.261,gateio,ADA/USDT:USDT,,,,,0.8221,103953700.0,85460336.0
1753506509261,05:08:29.261,gateio,ADA/USDT:USDT,,,,,0.8219,103953800.0,85439628.0
1753506511267,05:08:31.267,gateio,ADA/USDT:USDT,,,,,0.8217,103959620.0,85423618.0
1753506512251,05:08:32.251,gateio,ADA/USDT:USDT,,,,,0.8217,103959620.0,85423618.0
1753506513259,05:08:33.259,gateio,ADA/USDT:USDT,,,,,0.8217,103959620.0,85423618.0
1753506515271,05:08:35.271,gateio,ADA/USDT:USDT,,,,,0.8217,103959620.0,85423618.0
1753506524252,05:08:44.252,gateio,ADA/USDT:USDT,,,,,0.8218,103959660.0,85434048.0
1753506525251,05:08:45.251,gateio,ADA/USDT:USDT,,,,,0.8218,103959660.0,85434048.0
1753506545266,05:09:05.266,gateio,ADA/USDT:USDT,,,,,0.8216,103961660.0,85414898.0
1753506547270,05:09:07.270,gateio,ADA/USDT:USDT,,,,,0.8216,103961660.0,85414898.0
1753506548252,05:09:08.252,gateio,ADA/USDT:USDT,,,,,0.8216,103961660.0,85414898.0
1753506549283,05:09:09.283,gateio,ADA/USDT:USDT,,,,,0.8216,103959660.0,85413256.0
1753506558252,05:09:18.252,gateio,ADA/USDT:USDT,,,,,0.8216,103959660.0,85413256.0
1753506564251,05:09:24.251,gateio,ADA/USDT:USDT,,,,,0.8216,103959660.0,85413256.0
1753506573261,05:09:33.261,gateio,ADA/USDT:USDT,,,,,0.8219,103974020.0,85456246.0
1753506579258,05:09:39.258,gateio,ADA/USDT:USDT,,,,,0.8219,103987300.0,85467160.0
1753506594257,05:09:54.257,gateio,ADA/USDT:USDT,,,,,0.8219,103987300.0,85467160.0
1753506604254,05:10:04.254,gateio,ADA/USDT:USDT,,,,,0.8219,103987300.0,85467160.0
1753506609472,05:10:09.472,gateio,ADA/USDT:USDT,,,,,0.8219,103989300.0,85468804.0
1753506621267,05:10:21.267,gateio,ADA/USDT:USDT,,,,,0.8217,103997200.0,85454498.0
1753506623255,05:10:23.255,gateio,ADA/USDT:USDT,,,,,0.8217,103997200.0,85454498.0
1753506624261,05:10:24.261,gateio,ADA/USDT:USDT,,,,,0.8217,103997200.0,85454498.0
1753506634268,05:10:34.268,gateio,ADA/USDT:USDT,,,,,0.8217,103997200.0,85454498.0
1753506636253,05:10:36.253,gateio,ADA/USDT:USDT,,,,,0.8214,103999540.0,85425222.0
1753506637252,05:10:37.252,gateio,ADA/USDT:USDT,,,,,0.8213,103999580.0,85414854.0
1753506638263,05:10:38.263,gateio,ADA/USDT:USDT,,,,,0.8213,103999580.0,85414854.0
1753506639257,05:10:39.257,gateio,ADA/USDT:USDT,,,,,0.8213,103999780.0,85415018.0
1753506655275,05:10:55.275,gateio,ADA/USDT:USDT,,,,,0.8215,104000020.0,85436016.0
1753506656269,05:10:56.269,gateio,ADA/USDT:USDT,,,,,0.8215,104000020.0,85436016.0
1753506664254,05:11:04.254,gateio,ADA/USDT:USDT,,,,,0.8215,104000040.0,85436032.0
1753506669277,05:11:09.277,gateio,ADA/USDT:USDT,,,,,0.8215,104000020.0,85436016.0
1753506696270,05:11:36.270,gateio,ADA/USDT:USDT,,,,,0.8215,104000020.0,85436016.0
1753506701270,05:11:41.270,gateio,ADA/USDT:USDT,,,,,0.8215,104000020.0,85436016.0
1753506711256,05:11:51.256,gateio,ADA/USDT:USDT,,,,,0.8216,104000260.0,85446612.0
1753506714251,05:11:54.251,gateio,ADA/USDT:USDT,,,,,0.8216,104000260.0,85446612.0
1753506720267,05:12:00.267,gateio,ADA/USDT:USDT,,,,,0.8216,104000260.0,85446612.0
1753506723289,05:12:03.289,gateio,ADA/USDT:USDT,,,,,0.8218,104000500.0,85467610.0
1753506729254,05:12:09.254,gateio,ADA/USDT:USDT,,,,,0.822,104000280.0,85477830.0
1753506730262,05:12:10.262,gateio,ADA/USDT:USDT,,,,,0.822,104000280.0,85477830.0
1753506735271,05:12:15.271,gateio,ADA/USDT:USDT,,,,,0.8219,104002440.0,85479604.0
1753506745266,05:12:25.266,gateio,ADA/USDT:USDT,,,,,0.8219,104002440.0,85479604.0
1753506755273,05:12:35.273,gateio,ADA/USDT:USDT,,,,,0.8219,104002440.0,85479604.0
1753506762254,05:12:42.254,gateio,ADA/USDT:USDT,,,,,0.8219,104002680.0,85479802.0
1753506775272,05:12:55.272,gateio,ADA/USDT:USDT,,,,,0.8219,104002680.0,85479802.0
1753506789287,05:13:09.287,gateio,ADA/USDT:USDT,,,,,0.8219,104003180.0,85480212.0
1753506808250,05:13:28.250,gateio,ADA/USDT:USDT,,,,,0.8219,104003180.0,85480212.0
1753506811258,05:13:31.258,gateio,ADA/USDT:USDT,,,,,0.8219,104003180.0,85480212.0
1753506813269,05:13:33.269,gateio,ADA/USDT:USDT,,,,,0.8222,104003200.0,85511430.0
1753506822258,05:13:42.258,gateio,ADA/USDT:USDT,,,,,0.8224,104008380.0,85536490.0
1753506823274,05:13:43.274,gateio,ADA/USDT:USDT,,,,,0.8224,104008380.0,85536490.0
1753506829266,05:13:49.266,gateio,ADA/USDT:USDT,,,,,0.8224,104008380.0,85536490.0
1753506830253,05:13:50.253,gateio,ADA/USDT:USDT,,,,,0.8224,104008380.0,85536490.0
1753506831251,05:13:51.251,gateio,ADA/USDT:USDT,,,,,0.8224,104008380.0,85536490.0
1753506840269,05:14:00.269,gateio,ADA/USDT:USDT,,,,,0.8224,104008380.0,85536490.0
1753506843261,05:14:03.261,gateio,ADA/USDT:USDT,,,,,0.8224,104008380.0,85536490.0
1753506849269,05:14:09.269,gateio,ADA/USDT:USDT,,,,,0.8224,104008380.0,85536490.0
1753506862256,05:14:22.256,gateio,ADA/USDT:USDT,,,,,0.8224,104008380.0,85536490.0
1753506868263,05:14:28.263,gateio,ADA/USDT:USDT,,,,,0.8224,104008380.0,85536490.0
1753506870253,05:14:30.253,gateio,ADA/USDT:USDT,,,,,0.8224,104008380.0,85536490.0
1753506873299,05:14:33.299,gateio,ADA/USDT:USDT,,,,,0.8224,104008380.0,85536490.0
1753506876252,05:14:36.252,gateio,ADA/USDT:USDT,,,,,0.8223,104009720.0,85527192.0
1753506878256,05:14:38.256,gateio,ADA/USDT:USDT,,,,,0.8223,104009720.0,85527192.0
1753506879264,05:14:39.264,gateio,ADA/USDT:USDT,,,,,0.8221,104009960.0,85506588.0
1753506880251,05:14:40.251,gateio,ADA/USDT:USDT,,,,,0.8221,104009960.0,85506588.0
1753506885270,05:14:45.270,gateio,ADA/USDT:USDT,,,,,0.8221,104009960.0,85506588.0
1753506888267,05:14:48.267,gateio,ADA/USDT:USDT,,,,,0.8222,104010200.0,85517186.0
1753506891270,05:14:51.270,gateio,ADA/USDT:USDT,,,,,0.8222,104010200.0,85517186.0
1753506908266,05:15:08.266,gateio,ADA/USDT:USDT,,,,,0.8224,104010680.0,85538382.0
1753506909253,05:15:09.253,gateio,ADA/USDT:USDT,,,,,0.8224,104010200.0,85537988.0
1753506912251,05:15:12.251,gateio,ADA/USDT:USDT,,,,,0.8224,104011000.0,85538646.0
1753506914251,05:15:14.251,gateio,ADA/USDT:USDT,,,,,0.8226,104011240.0,85559646.0
1753506915281,05:15:15.281,gateio,ADA/USDT:USDT,,,,,0.8226,104011240.0,85559646.0
1753506931272,05:15:31.272,gateio,ADA/USDT:USDT,,,,,0.8226,104015420.0,85563084.0
1753506935270,05:15:35.270,gateio,ADA/USDT:USDT,,,,,0.8226,104015420.0,85563084.0
1753506936269,05:15:36.269,gateio,ADA/USDT:USDT,,,,,0.8226,104015420.0,85563084.0
1753506937270,05:15:37.270,gateio,ADA/USDT:USDT,,,,,0.8226,104015420.0,85563084.0
1753506940250,05:15:40.250,gateio,ADA/USDT:USDT,,,,,0.8227,104015440.0,85573502.0
1753506941274,05:15:41.274,gateio,ADA/USDT:USDT,,,,,0.8227,104015440.0,85573502.0
1753506948257,05:15:48.257,gateio,ADA/USDT:USDT,,,,,0.8227,104015440.0,85573502.0
1753506954261,05:15:54.261,gateio,ADA/USDT:USDT,,,,,0.8231,104015760.0,85615372.0
1753506955277,05:15:55.277,gateio,ADA/USDT:USDT,,,,,0.8232,104017880.0,85627518.0
1753506956281,05:15:56.281,gateio,ADA/USDT:USDT,,,,,0.8232,104017880.0,85627518.0
1753506957269,05:15:57.269,gateio,ADA/USDT:USDT,,,,,0.8232,104017880.0,85627518.0
1753506962257,05:16:02.257,gateio,ADA/USDT:USDT,,,,,0.8233,104018660.0,85638562.0
1753506965275,05:16:05.275,gateio,ADA/USDT:USDT,,,,,0.8233,104019300.0,85639088.0
1753506970290,05:16:10.290,gateio,ADA/USDT:USDT,,,,,0.8233,104019140.0,85638956.0
1753506991260,05:16:31.260,gateio,ADA/USDT:USDT,,,,,0.8233,104019140.0,85638956.0
1753506996264,05:16:36.264,gateio,ADA/USDT:USDT,,,,,0.8233,104019140.0,85638956.0
1753507006255,05:16:46.255,gateio,ADA/USDT:USDT,,,,,0.8233,104019140.0,85638956.0
