timestamp,time,exchange,symbol,bid,bidVolume,ask,askVolume,lastPrice,baseVolume,quoteVolume
1753504795261,04:39:55.261,gateio,ADA/USDT:USDT,,,,,0.8266,106661320.0,88166246.0
1753504810266,04:40:10.266,gateio,ADA/USDT:USDT,,,,,0.8266,106661340.0,88166262.0
1753504811271,04:40:11.271,gateio,ADA/USDT:USDT,,,,,0.8266,106661340.0,88166262.0
1753504816268,04:40:16.268,gateio,ADA/USDT:USDT,,,,,0.8265,106666440.0,88159812.0
1753504827261,04:40:27.261,gateio,ADA/USDT:USDT,,,,,0.8267,106666680.0,88181344.0
1753504831265,04:40:31.265,gateio,ADA/USDT:USDT,,,,,0.8266,106666920.0,88170876.0
1753504838272,04:40:38.272,gateio,ADA/USDT:USDT,,,,,0.8263,106669760.0,88141222.0
1753504841269,04:40:41.269,gateio,ADA/USDT:USDT,,,,,0.8263,106669760.0,88141222.0
1753504845256,04:40:45.256,gateio,ADA/USDT:USDT,,,,,0.8263,106669760.0,88141222.0
1753504846272,04:40:46.272,gateio,ADA/USDT:USDT,,,,,0.8263,106669760.0,88141222.0
1753504848258,04:40:48.258,gateio,ADA/USDT:USDT,,,,,0.826,106670760.0,88110046.0
1753504851278,04:40:51.278,gateio,ADA/USDT:USDT,,,,,0.826,106670760.0,88110046.0
1753504852264,04:40:52.264,gateio,ADA/USDT:USDT,,,,,0.826,106670760.0,88110046.0
1753504855289,04:40:55.289,gateio,ADA/USDT:USDT,,,,,0.8261,106670800.0,88120746.0
1753504856269,04:40:56.269,gateio,ADA/USDT:USDT,,,,,0.8261,106676720.0,88125638.0
1753504862260,04:41:02.260,gateio,ADA/USDT:USDT,,,,,0.8261,106676720.0,88125638.0
1753504870253,04:41:10.253,gateio,ADA/USDT:USDT,,,,,0.8261,106676720.0,88125638.0
1753504880266,04:41:20.266,gateio,ADA/USDT:USDT,,,,,0.8261,106682280.0,88130230.0
1753504895264,04:41:35.264,gateio,ADA/USDT:USDT,,,,,0.826,106705480.0,88138726.0
1753504896255,04:41:36.255,gateio,ADA/USDT:USDT,,,,,0.826,106705480.0,88138726.0
1753504905274,04:41:45.274,gateio,ADA/USDT:USDT,,,,,0.8262,106770660.0,88213918.0
1753504906269,04:41:46.269,gateio,ADA/USDT:USDT,,,,,0.8262,106770660.0,88213918.0
1753504916253,04:41:56.253,gateio,ADA/USDT:USDT,,,,,0.8262,106770660.0,88213918.0
1753504923266,04:42:03.266,gateio,ADA/USDT:USDT,,,,,0.8262,106770900.0,88214116.0
1753504927270,04:42:07.270,gateio,ADA/USDT:USDT,,,,,0.8265,106771140.0,88246346.0
1753504929280,04:42:09.280,gateio,ADA/USDT:USDT,,,,,0.8265,106770660.0,88245950.0
1753504930263,04:42:10.263,gateio,ADA/USDT:USDT,,,,,0.8265,106770660.0,88245950.0
1753504940254,04:42:20.254,gateio,ADA/USDT:USDT,,,,,0.8266,106775680.0,88260776.0
1753504941268,04:42:21.268,gateio,ADA/USDT:USDT,,,,,0.8266,106775680.0,88260776.0
1753504943267,04:42:23.267,gateio,ADA/USDT:USDT,,,,,0.8266,106781080.0,88265240.0
1753504951270,04:42:31.270,gateio,ADA/USDT:USDT,,,,,0.8266,106781080.0,88265240.0
1753504961275,04:42:41.275,gateio,ADA/USDT:USDT,,,,,0.8264,106787020.0,88248792.0
1753504962268,04:42:42.268,gateio,ADA/USDT:USDT,,,,,0.8264,106787020.0,88248792.0
1753504972255,04:42:52.255,gateio,ADA/USDT:USDT,,,,,0.8268,106787260.0,88291706.0
1753504973269,04:42:53.269,gateio,ADA/USDT:USDT,,,,,0.8268,106787260.0,88291706.0
1753504982266,04:43:02.266,gateio,ADA/USDT:USDT,,,,,0.8267,106792440.0,88285310.0
1753504983277,04:43:03.277,gateio,ADA/USDT:USDT,,,,,0.8267,106792440.0,88285310.0
1753504990283,04:43:10.283,gateio,ADA/USDT:USDT,,,,,0.8267,106787740.0,88281424.0
1753504991259,04:43:11.259,gateio,ADA/USDT:USDT,,,,,0.8266,106793540.0,88275540.0
1753504992257,04:43:12.257,gateio,ADA/USDT:USDT,,,,,0.8266,106793540.0,88275540.0
1753504994260,04:43:14.260,gateio,ADA/USDT:USDT,,,,,0.8266,106799060.0,88280102.0
1753504996256,04:43:16.256,gateio,ADA/USDT:USDT,,,,,0.8266,106799100.0,88280136.0
1753505001267,04:43:21.267,gateio,ADA/USDT:USDT,,,,,0.8266,106799100.0,88280136.0
1753505023260,04:43:43.260,gateio,ADA/USDT:USDT,,,,,0.8266,106799100.0,88280136.0
1753505029259,04:43:49.259,gateio,ADA/USDT:USDT,,,,,0.8266,106799100.0,88280136.0
1753505033265,04:43:53.265,gateio,ADA/USDT:USDT,,,,,0.8266,106799100.0,88280136.0
1753505050266,04:44:10.266,gateio,ADA/USDT:USDT,,,,,0.8266,106804280.0,88284416.0
1753505053268,04:44:13.268,gateio,ADA/USDT:USDT,,,,,0.8266,106804280.0,88284416.0
1753505057277,04:44:17.277,gateio,ADA/USDT:USDT,,,,,0.8263,106809200.0,88256440.0
1753505058266,04:44:18.266,gateio,ADA/USDT:USDT,,,,,0.8263,106809200.0,88256440.0
1753505059255,04:44:19.255,gateio,ADA/USDT:USDT,,,,,0.8263,106809200.0,88256440.0
1753505069268,04:44:29.268,gateio,ADA/USDT:USDT,,,,,0.8263,106809200.0,88256440.0
1753505075259,04:44:35.259,gateio,ADA/USDT:USDT,,,,,0.8263,106815920.0,88261994.0
1753505084259,04:44:44.259,gateio,ADA/USDT:USDT,,,,,0.8264,106816920.0,88273502.0
1753505085253,04:44:45.253,gateio,ADA/USDT:USDT,,,,,0.8264,106816920.0,88273502.0
1753505100253,04:45:00.253,gateio,ADA/USDT:USDT,,,,,0.8265,106816960.0,88284216.0
1753505110261,04:45:10.261,gateio,ADA/USDT:USDT,,,,,0.8265,106816920.0,88284184.0
1753505111267,04:45:11.267,gateio,ADA/USDT:USDT,,,,,0.8263,106818020.0,88263728.0
1753505112258,04:45:12.258,gateio,ADA/USDT:USDT,,,,,0.8262,106818060.0,88253080.0
1753505114266,04:45:14.266,gateio,ADA/USDT:USDT,,,,,0.8262,106818060.0,88253080.0
1753505117271,04:45:17.271,gateio,ADA/USDT:USDT,,,,,0.8262,106823180.0,88257310.0
1753505124273,04:45:24.273,gateio,ADA/USDT:USDT,,,,,0.8262,106823180.0,88257310.0
1753505129257,04:45:29.257,gateio,ADA/USDT:USDT,,,,,0.8259,106828940.0,88230020.0
1753505130262,04:45:30.262,gateio,ADA/USDT:USDT,,,,,0.8259,106828940.0,88230020.0
1753505131276,04:45:31.276,gateio,ADA/USDT:USDT,,,,,0.8262,106862740.0,88289994.0
1753505132262,04:45:32.262,gateio,ADA/USDT:USDT,,,,,0.8262,106862980.0,88290194.0
1753505151256,04:45:51.256,gateio,ADA/USDT:USDT,,,,,0.8262,106862980.0,88290194.0
1753505152263,04:45:52.263,gateio,ADA/USDT:USDT,,,,,0.8262,106862980.0,88290194.0
1753505156253,04:45:56.253,gateio,ADA/USDT:USDT,,,,,0.8261,106867660.0,88283372.0
1753505159254,04:45:59.254,gateio,ADA/USDT:USDT,,,,,0.8261,106874040.0,88288644.0
1753505162269,04:46:02.269,gateio,ADA/USDT:USDT,,,,,0.8261,106879660.0,88293286.0
1753505165257,04:46:05.257,gateio,ADA/USDT:USDT,,,,,0.8261,106885740.0,88298308.0
1753505166266,04:46:06.266,gateio,ADA/USDT:USDT,,,,,0.8261,106885740.0,88298308.0
1753505170289,04:46:10.289,gateio,ADA/USDT:USDT,,,,,0.8261,106874080.0,88288676.0
1753505174258,04:46:14.258,gateio,ADA/USDT:USDT,,,,,0.826,106880420.0,88283226.0
1753505176268,04:46:16.268,gateio,ADA/USDT:USDT,,,,,0.826,106880420.0,88283226.0
1753505177274,04:46:17.274,gateio,ADA/USDT:USDT,,,,,0.826,106885480.0,88287406.0
1753505179255,04:46:19.255,gateio,ADA/USDT:USDT,,,,,0.826,106885480.0,88287406.0
1753505182268,04:46:22.268,gateio,ADA/USDT:USDT,,,,,0.826,106885480.0,88287406.0
1753505186259,04:46:26.259,gateio,ADA/USDT:USDT,,,,,0.8261,106890700.0,88302406.0
1753505196270,04:46:36.270,gateio,ADA/USDT:USDT,,,,,0.8258,106894360.0,88273362.0
1753505197268,04:46:37.268,gateio,ADA/USDT:USDT,,,,,0.8258,106894360.0,88273362.0
1753505198269,04:46:38.269,gateio,ADA/USDT:USDT,,,,,0.8258,106899280.0,88277424.0
1753505201271,04:46:41.271,gateio,ADA/USDT:USDT,,,,,0.8258,106899280.0,88277424.0
1753505205262,04:46:45.262,gateio,ADA/USDT:USDT,,,,,0.8258,106899280.0,88277424.0
1753505208251,04:46:48.251,gateio,ADA/USDT:USDT,,,,,0.8261,106901600.0,88311410.0
1753505209261,04:46:49.261,gateio,ADA/USDT:USDT,,,,,0.8261,106901600.0,88311410.0
1753505213253,04:46:53.253,gateio,ADA/USDT:USDT,,,,,0.8259,106907360.0,88294788.0
1753505216260,04:46:56.260,gateio,ADA/USDT:USDT,,,,,0.8258,106912920.0,88288688.0
1753505225274,04:47:05.274,gateio,ADA/USDT:USDT,,,,,0.8259,106918600.0,88304070.0
1753505226259,04:47:06.259,gateio,ADA/USDT:USDT,,,,,0.8259,106918600.0,88304070.0
1753505228263,04:47:08.263,gateio,ADA/USDT:USDT,,,,,0.8259,106918600.0,88304070.0
1753505230270,04:47:10.270,gateio,ADA/USDT:USDT,,,,,0.8259,106924620.0,88309042.0
1753505232259,04:47:12.259,gateio,ADA/USDT:USDT,,,,,0.8257,106939520.0,88299960.0
1753505234268,04:47:14.268,gateio,ADA/USDT:USDT,,,,,0.8257,106939520.0,88299960.0
1753505235270,04:47:15.270,gateio,ADA/USDT:USDT,,,,,0.8257,106939520.0,88299960.0
1753505236282,04:47:16.282,gateio,ADA/USDT:USDT,,,,,0.8253,106940540.0,88258026.0
1753505237280,04:47:17.280,gateio,ADA/USDT:USDT,,,,,0.8253,106940540.0,88258026.0
1753505240255,04:47:20.255,gateio,ADA/USDT:USDT,,,,,0.8254,106946020.0,88273244.0
1753505243271,04:47:23.271,gateio,ADA/USDT:USDT,,,,,0.8255,106961940.0,88297080.0
1753505249253,04:47:29.253,gateio,ADA/USDT:USDT,,,,,0.8254,106967260.0,88290776.0
1753505255268,04:47:35.268,gateio,ADA/USDT:USDT,,,,,0.8253,106972540.0,88284436.0
1753505258269,04:47:38.269,gateio,ADA/USDT:USDT,,,,,0.8254,106978720.0,88300234.0
1753505264257,04:47:44.257,gateio,ADA/USDT:USDT,,,,,0.8254,106978720.0,88300234.0
1753505265272,04:47:45.272,gateio,ADA/USDT:USDT,,,,,0.8254,106978720.0,88300234.0
1753505272262,04:47:52.262,gateio,ADA/USDT:USDT,,,,,0.8252,106978740.0,88278856.0
1753505273319,04:47:53.319,gateio,ADA/USDT:USDT,,,,,0.8251,106984880.0,88273224.0
1753505275269,04:47:55.269,gateio,ADA/USDT:USDT,,,,,0.8251,106984880.0,88273224.0
1753505276273,04:47:56.273,gateio,ADA/USDT:USDT,,,,,0.8251,106984880.0,88273224.0
1753505290259,04:48:10.259,gateio,ADA/USDT:USDT,,,,,0.825,107007660.0,88281318.0
1753505294251,04:48:14.251,gateio,ADA/USDT:USDT,,,,,0.8251,107013520.0,88296854.0
1753505295253,04:48:15.253,gateio,ADA/USDT:USDT,,,,,0.8251,107013520.0,88296854.0
1753505296260,04:48:16.260,gateio,ADA/USDT:USDT,,,,,0.8251,107013520.0,88296854.0
1753505297273,04:48:17.273,gateio,ADA/USDT:USDT,,,,,0.8251,107018740.0,88301162.0
1753505298262,04:48:18.262,gateio,ADA/USDT:USDT,,,,,0.8251,107018740.0,88301162.0
1753505299255,04:48:19.255,gateio,ADA/USDT:USDT,,,,,0.8251,107018740.0,88301162.0
1753505301259,04:48:21.259,gateio,ADA/USDT:USDT,,,,,0.8251,107018740.0,88301162.0
1753505302269,04:48:22.269,gateio,ADA/USDT:USDT,,,,,0.8251,107018740.0,88301162.0
1753505311264,04:48:31.264,gateio,ADA/USDT:USDT,,,,,0.8249,107018760.0,88279774.0
1753505312264,04:48:32.264,gateio,ADA/USDT:USDT,,,,,0.8249,107018760.0,88279774.0
1753505315270,04:48:35.270,gateio,ADA/USDT:USDT,,,,,0.8249,107018760.0,88279774.0
1753505317282,04:48:37.282,gateio,ADA/USDT:USDT,,,,,0.8247,107083940.0,88312124.0
1753505318252,04:48:38.252,gateio,ADA/USDT:USDT,,,,,0.8248,107090140.0,88327946.0
1753505328255,04:48:48.255,gateio,ADA/USDT:USDT,,,,,0.8251,107102140.0,88369974.0
1753505329308,04:48:49.308,gateio,ADA/USDT:USDT,,,,,0.8251,107102140.0,88369974.0
1753505336254,04:48:56.254,gateio,ADA/USDT:USDT,,,,,0.8251,107107600.0,88374480.0
1753505339273,04:48:59.273,gateio,ADA/USDT:USDT,,,,,0.8251,107107600.0,88374480.0
1753505349271,04:49:09.271,gateio,ADA/USDT:USDT,,,,,0.8251,107110760.0,88377088.0
1753505350256,04:49:10.256,gateio,ADA/USDT:USDT,,,,,0.8251,107107600.0,88374480.0
1753505351258,04:49:11.258,gateio,ADA/USDT:USDT,,,,,0.825,107114460.0,88369428.0
1753505352270,04:49:12.270,gateio,ADA/USDT:USDT,,,,,0.8252,107132120.0,88405424.0
1753505353256,04:49:13.256,gateio,ADA/USDT:USDT,,,,,0.8252,107132120.0,88405424.0
1753505357270,04:49:17.270,gateio,ADA/USDT:USDT,,,,,0.8253,107137140.0,88420280.0
1753505365252,04:49:25.252,gateio,ADA/USDT:USDT,,,,,0.8252,107138000.0,88410276.0
1753505367266,04:49:27.266,gateio,ADA/USDT:USDT,,,,,0.8252,107138000.0,88410276.0
1753505372257,04:49:32.257,gateio,ADA/USDT:USDT,,,,,0.8252,107138000.0,88410276.0
1753505375255,04:49:35.255,gateio,ADA/USDT:USDT,,,,,0.8251,107144600.0,88405008.0
1753505378265,04:49:38.265,gateio,ADA/USDT:USDT,,,,,0.8251,107144600.0,88405008.0
1753505379265,04:49:39.265,gateio,ADA/USDT:USDT,,,,,0.8251,107144600.0,88405008.0
1753505382252,04:49:42.252,gateio,ADA/USDT:USDT,,,,,0.8251,107144600.0,88405008.0
1753505389263,04:49:49.263,gateio,ADA/USDT:USDT,,,,,0.8251,107144600.0,88405008.0
1753505390264,04:49:50.264,gateio,ADA/USDT:USDT,,,,,0.8251,107144600.0,88405008.0
1753505396255,04:49:56.255,gateio,ADA/USDT:USDT,,,,,0.8251,107144600.0,88405008.0
1753505402251,04:50:02.251,gateio,ADA/USDT:USDT,,,,,0.8251,107144600.0,88405008.0
1753505407255,04:50:07.255,gateio,ADA/USDT:USDT,,,,,0.8251,107144600.0,88405008.0
1753505410284,04:50:10.284,gateio,ADA/USDT:USDT,,,,,0.8251,107147760.0,88407616.0
1753505420272,04:50:20.272,gateio,ADA/USDT:USDT,,,,,0.8251,107147760.0,88407616.0
1753505430270,04:50:30.270,gateio,ADA/USDT:USDT,,,,,0.8251,107147760.0,88407616.0
1753505432281,04:50:32.281,gateio,ADA/USDT:USDT,,,,,0.8249,107159200.0,88395624.0
1753505433252,04:50:33.252,gateio,ADA/USDT:USDT,,,,,0.8249,107159200.0,88395624.0
1753505446269,04:50:46.269,gateio,ADA/USDT:USDT,,,,,0.8249,107159200.0,88395624.0
1753505448258,04:50:48.258,gateio,ADA/USDT:USDT,,,,,0.8249,107159200.0,88395624.0
1753505458263,04:50:58.263,gateio,ADA/USDT:USDT,,,,,0.8249,107159200.0,88395624.0
1753505468254,04:51:08.254,gateio,ADA/USDT:USDT,,,,,0.8249,107159200.0,88395624.0
1753505469263,04:51:09.263,gateio,ADA/USDT:USDT,,,,,0.8249,107159200.0,88395624.0
1753505470295,04:51:10.295,gateio,ADA/USDT:USDT,,,,,0.8244,107159200.0,88395624.0
1753505471275,04:51:11.275,gateio,ADA/USDT:USDT,,,,,0.8242,107159440.0,88320810.0
1753505472267,04:51:12.267,gateio,ADA/USDT:USDT,,,,,0.8244,107159460.0,88342258.0
1753505477276,04:51:17.276,gateio,ADA/USDT:USDT,,,,,0.8241,107171340.0,88319900.0
1753505478273,04:51:18.273,gateio,ADA/USDT:USDT,,,,,0.8241,107171340.0,88319900.0
1753505479272,04:51:19.272,gateio,ADA/USDT:USDT,,,,,0.8241,107171340.0,88319900.0
1753505480256,04:51:20.256,gateio,ADA/USDT:USDT,,,,,0.8241,107183320.0,88329774.0
1753505486257,04:51:26.257,gateio,ADA/USDT:USDT,,,,,0.8245,107183560.0,88372844.0
1753505496255,04:51:36.255,gateio,ADA/USDT:USDT,,,,,0.8245,107183560.0,88372844.0
1753505506262,04:51:46.262,gateio,ADA/USDT:USDT,,,,,0.8245,107183560.0,88372844.0
1753505509263,04:51:49.263,gateio,ADA/USDT:USDT,,,,,0.8246,107184640.0,88384454.0
1753505510268,04:51:50.268,gateio,ADA/USDT:USDT,,,,,0.8246,107184640.0,88384454.0
1753505520257,04:52:00.257,gateio,ADA/USDT:USDT,,,,,0.8246,107184640.0,88384454.0
1753505530278,04:52:10.278,gateio,ADA/USDT:USDT,,,,,0.8246,107184680.0,88384486.0
1753505537262,04:52:17.262,gateio,ADA/USDT:USDT,,,,,0.8245,107199120.0,88385674.0
1753505538262,04:52:18.262,gateio,ADA/USDT:USDT,,,,,0.8245,107199120.0,88385674.0
1753505548260,04:52:28.260,gateio,ADA/USDT:USDT,,,,,0.8245,107199120.0,88385674.0
1753505549253,04:52:29.253,gateio,ADA/USDT:USDT,,,,,0.8245,107199120.0,88385674.0
1753505551251,04:52:31.251,gateio,ADA/USDT:USDT,,,,,0.8245,107199120.0,88385674.0
1753505554263,04:52:34.263,gateio,ADA/USDT:USDT,,,,,0.8245,107199120.0,88385674.0
1753505558256,04:52:38.256,gateio,ADA/USDT:USDT,,,,,0.8245,107199120.0,88385674.0
1753505573262,04:52:53.262,gateio,ADA/USDT:USDT,,,,,0.8246,107200240.0,88397316.0
1753505574265,04:52:54.265,gateio,ADA/USDT:USDT,,,,,0.8246,107200240.0,88397316.0
1753505579275,04:52:59.275,gateio,ADA/USDT:USDT,,,,,0.8245,107210260.0,88394858.0
1753505580265,04:53:00.265,gateio,ADA/USDT:USDT,,,,,0.8245,107210260.0,88394858.0
1753505589282,04:53:09.282,gateio,ADA/USDT:USDT,,,,,0.8245,107200240.0,88386596.0
1753505590260,04:53:10.260,gateio,ADA/USDT:USDT,,,,,0.8245,107200240.0,88386596.0
1753505598257,04:53:18.257,gateio,ADA/USDT:USDT,,,,,0.8244,107200480.0,88376074.0
1753505599268,04:53:19.268,gateio,ADA/USDT:USDT,,,,,0.8244,107200480.0,88376074.0
1753505603259,04:53:23.259,gateio,ADA/USDT:USDT,,,,,0.8244,107213460.0,88386776.0
1753505609274,04:53:29.274,gateio,ADA/USDT:USDT,,,,,0.8244,107213460.0,88386776.0
1753505610252,04:53:30.252,gateio,ADA/USDT:USDT,,,,,0.824,107213480.0,88343906.0
1753505611265,04:53:31.265,gateio,ADA/USDT:USDT,,,,,0.824,107214700.0,88344912.0
1753505619260,04:53:39.260,gateio,ADA/USDT:USDT,,,,,0.824,107214700.0,88344912.0
1753505620252,04:53:40.252,gateio,ADA/USDT:USDT,,,,,0.824,107214700.0,88344912.0
1753505625263,04:53:45.263,gateio,ADA/USDT:USDT,,,,,0.824,107216680.0,88346544.0
1753505626256,04:53:46.256,gateio,ADA/USDT:USDT,,,,,0.824,107216680.0,88346544.0
1753505627268,04:53:47.268,gateio,ADA/USDT:USDT,,,,,0.8242,107227320.0,88376756.0
1753505628253,04:53:48.253,gateio,ADA/USDT:USDT,,,,,0.8242,107227320.0,88376756.0
1753505638255,04:53:58.255,gateio,ADA/USDT:USDT,,,,,0.8242,107227320.0,88376756.0
1753505644256,04:54:04.256,gateio,ADA/USDT:USDT,,,,,0.8242,107227320.0,88376756.0
1753505649260,04:54:09.260,gateio,ADA/USDT:USDT,,,,,0.8242,107237340.0,88385014.0
1753505654266,04:54:14.266,gateio,ADA/USDT:USDT,,,,,0.8242,107237340.0,88385014.0
1753505661296,04:54:21.296,gateio,ADA/USDT:USDT,,,,,0.8242,107237340.0,88385014.0
1753505665255,04:54:25.255,gateio,ADA/USDT:USDT,,,,,0.8242,107237340.0,88385014.0
1753505667255,04:54:27.255,gateio,ADA/USDT:USDT,,,,,0.8242,107237340.0,88385014.0
1753505668256,04:54:28.256,gateio,ADA/USDT:USDT,,,,,0.8242,107237340.0,88385014.0
1753505673260,04:54:33.260,gateio,ADA/USDT:USDT,,,,,0.8242,107237340.0,88385014.0
1753505682264,04:54:42.264,gateio,ADA/USDT:USDT,,,,,0.8245,107237580.0,88417384.0
1753505683261,04:54:43.261,gateio,ADA/USDT:USDT,,,,,0.8245,107237580.0,88417384.0
1753505693272,04:54:53.272,gateio,ADA/USDT:USDT,,,,,0.8245,107237580.0,88417384.0
1753505694264,04:54:54.264,gateio,ADA/USDT:USDT,,,,,0.8245,107237580.0,88417384.0
1753505699268,04:54:59.268,gateio,ADA/USDT:USDT,,,,,0.8245,107237580.0,88417384.0
1753505703270,04:55:03.270,gateio,ADA/USDT:USDT,,,,,0.825,107237640.0,88471052.0
1753505704263,04:55:04.263,gateio,ADA/USDT:USDT,,,,,0.8248,107237700.0,88449654.0
1753505705273,04:55:05.273,gateio,ADA/USDT:USDT,,,,,0.8248,107237700.0,88449654.0
1753505709289,04:55:09.289,gateio,ADA/USDT:USDT,,,,,0.8248,107237580.0,88449554.0
1753505714270,04:55:14.270,gateio,ADA/USDT:USDT,,,,,0.8249,107241480.0,88463496.0
1753505715255,04:55:15.255,gateio,ADA/USDT:USDT,,,,,0.8249,107241480.0,88463496.0
1753505725262,04:55:25.262,gateio,ADA/USDT:USDT,,,,,0.8249,107241480.0,88463496.0
1753505726264,04:55:26.264,gateio,ADA/USDT:USDT,,,,,0.8248,107245380.0,88455988.0
1753505727257,04:55:27.257,gateio,ADA/USDT:USDT,,,,,0.8248,107245380.0,88455988.0
1753505736263,04:55:36.263,gateio,ADA/USDT:USDT,,,,,0.8251,107248380.0,88490638.0
1753505738253,04:55:38.253,gateio,ADA/USDT:USDT,,,,,0.825,107252340.0,88483180.0
1753505745279,04:55:45.279,gateio,ADA/USDT:USDT,,,,,0.8253,107315480.0,88567464.0
1753505746262,04:55:46.262,gateio,ADA/USDT:USDT,,,,,0.8253,107315480.0,88567464.0
1753505747264,04:55:47.264,gateio,ADA/USDT:USDT,,,,,0.825,107318600.0,88537844.0
1753505748265,04:55:48.265,gateio,ADA/USDT:USDT,,,,,0.825,107318600.0,88537844.0
1753505750255,04:55:50.255,gateio,ADA/USDT:USDT,,,,,0.825,107321580.0,88540302.0
1753505756251,04:55:56.251,gateio,ADA/USDT:USDT,,,,,0.8251,107324980.0,88553840.0
1753505766256,04:56:06.256,gateio,ADA/USDT:USDT,,,,,0.8251,107324980.0,88553840.0
1753505770260,04:56:10.260,gateio,ADA/USDT:USDT,,,,,0.8251,107325100.0,88553940.0
1753505776258,04:56:16.258,gateio,ADA/USDT:USDT,,,,,0.8251,107325100.0,88553940.0
1753505786259,04:56:26.259,gateio,ADA/USDT:USDT,,,,,0.8251,107325100.0,88553940.0
1753505796258,04:56:36.258,gateio,ADA/USDT:USDT,,,,,0.8251,107325100.0,88553940.0
1753505806266,04:56:46.266,gateio,ADA/USDT:USDT,,,,,0.8251,107325100.0,88553940.0
1753505814259,04:56:54.259,gateio,ADA/USDT:USDT,,,,,0.8247,107325120.0,88511026.0
1753505815256,04:56:55.256,gateio,ADA/USDT:USDT,,,,,0.8247,107325120.0,88511026.0
1753505821264,04:57:01.264,gateio,ADA/USDT:USDT,,,,,0.8247,107325120.0,88511026.0
1753505829277,04:57:09.277,gateio,ADA/USDT:USDT,,,,,0.8247,107325120.0,88511026.0
1753505830268,04:57:10.268,gateio,ADA/USDT:USDT,,,,,0.8244,107325140.0,88478844.0
1753505831251,04:57:11.251,gateio,ADA/USDT:USDT,,,,,0.8244,107325140.0,88478844.0
1753505832260,04:57:12.260,gateio,ADA/USDT:USDT,,,,,0.8244,107325140.0,88478844.0
1753505836256,04:57:16.256,gateio,ADA/USDT:USDT,,,,,0.8244,107325140.0,88478844.0
