timestamp,time,exchange,symbol,bid,bidVolume,ask,askVolume,lastPrice,baseVolume,quoteVolume
1753504800267,04:40:00.267,gateio,ALGO/USDT:USDT,,,,,0.26961,11793580.0,3179666.0
1753504810262,04:40:10.262,gateio,ALGO/USDT:USDT,,,,,0.26961,11807380.0,3183386.0
1753504820264,04:40:20.264,gateio,ALGO/USDT:USDT,,,,,0.26961,11807380.0,3183386.0
1753504830263,04:40:30.263,gateio,ALGO/USDT:USDT,,,,,0.26961,11807380.0,3183386.0
1753504850272,04:40:50.272,gateio,ALGO/USDT:USDT,,,,,0.26961,11807380.0,3183386.0
1753504860253,04:41:00.253,gateio,ALGO/USDT:USDT,,,,,0.26961,11807380.0,3183386.0
1753504890252,04:41:30.252,gateio,ALGO/USDT:USDT,,,,,0.26961,11807380.0,3183386.0
1753504900269,04:41:40.269,gateio,ALGO/USDT:USDT,,,,,0.26961,11807380.0,3183386.0
1753504910260,04:41:50.260,gateio,ALGO/USDT:USDT,,,,,0.26961,11807380.0,3183386.0
1753504930261,04:42:10.261,gateio,ALGO/USDT:USDT,,,,,0.26961,11807380.0,3183386.0
1753504940251,04:42:20.251,gateio,ALGO/USDT:USDT,,,,,0.26961,11807380.0,3183386.0
1753504970260,04:42:50.260,gateio,ALGO/USDT:USDT,,,,,0.26961,11807380.0,3183386.0
1753505034262,04:43:54.262,gateio,ALGO/USDT:USDT,,,,,0.27002,11807400.0,3188234.0
1753505040267,04:44:00.267,gateio,ALGO/USDT:USDT,,,,,0.27002,11807400.0,3188234.0
1753505050261,04:44:10.261,gateio,ALGO/USDT:USDT,,,,,0.27002,11807400.0,3188234.0
1753505091255,04:44:51.255,gateio,ALGO/USDT:USDT,,,,,0.2699,11817760.0,3189612.0
1753505100272,04:45:00.272,gateio,ALGO/USDT:USDT,,,,,0.2699,11817760.0,3189612.0
1753505103260,04:45:03.260,gateio,ALGO/USDT:USDT,,,,,0.26975,11817880.0,3187872.0
1753505110256,04:45:10.256,gateio,ALGO/USDT:USDT,,,,,0.26975,11817760.0,3187840.0
1753505126264,04:45:26.264,gateio,ALGO/USDT:USDT,,,,,0.26961,11817880.0,3186218.0
1753505130259,04:45:30.259,gateio,ALGO/USDT:USDT,,,,,0.26961,11817880.0,3186218.0
1753505138274,04:45:38.274,gateio,ALGO/USDT:USDT,,,,,0.26953,11818000.0,3185304.0
1753505150260,04:45:50.260,gateio,ALGO/USDT:USDT,,,,,0.26953,11818000.0,3185304.0
1753505160259,04:46:00.259,gateio,ALGO/USDT:USDT,,,,,0.26953,11818000.0,3185304.0
1753505170285,04:46:10.285,gateio,ALGO/USDT:USDT,,,,,0.26953,11818120.0,3185336.0
1753505203263,04:46:43.263,gateio,ALGO/USDT:USDT,,,,,0.26978,11827040.0,3190698.0
1753505210264,04:46:50.264,gateio,ALGO/USDT:USDT,,,,,0.26978,11827040.0,3190698.0
1753505220256,04:47:00.256,gateio,ALGO/USDT:USDT,,,,,0.26978,11827040.0,3190698.0
1753505230266,04:47:10.266,gateio,ALGO/USDT:USDT,,,,,0.26978,11827040.0,3190698.0
1753505270259,04:47:50.259,gateio,ALGO/USDT:USDT,,,,,0.26978,11827040.0,3190698.0
1753505280275,04:48:00.275,gateio,ALGO/USDT:USDT,,,,,0.26978,11827040.0,3190698.0
1753505310252,04:48:30.252,gateio,ALGO/USDT:USDT,,,,,0.26978,11827040.0,3190698.0
1753505320258,04:48:40.258,gateio,ALGO/USDT:USDT,,,,,0.26978,11827040.0,3190698.0
1753505321271,04:48:41.271,gateio,ALGO/USDT:USDT,,,,,0.26947,11831380.0,3188200.0
1753505330263,04:48:50.263,gateio,ALGO/USDT:USDT,,,,,0.26947,11831380.0,3188200.0
1753505340265,04:49:00.265,gateio,ALGO/USDT:USDT,,,,,0.26947,11831380.0,3188200.0
1753505350250,04:49:10.250,gateio,ALGO/USDT:USDT,,,,,0.26947,11831380.0,3188200.0
1753505440256,04:50:40.256,gateio,ALGO/USDT:USDT,,,,,0.26947,11831380.0,3188200.0
1753505450270,04:50:50.270,gateio,ALGO/USDT:USDT,,,,,0.26947,11831380.0,3188200.0
1753505460267,04:51:00.267,gateio,ALGO/USDT:USDT,,,,,0.26947,11831380.0,3188200.0
1753505470289,04:51:10.289,gateio,ALGO/USDT:USDT,,,,,0.26947,11831380.0,3188200.0
1753505530271,04:52:10.271,gateio,ALGO/USDT:USDT,,,,,0.26947,11831380.0,3188200.0
1753505550255,04:52:30.255,gateio,ALGO/USDT:USDT,,,,,0.26947,11831380.0,3188200.0
1753505580263,04:53:00.263,gateio,ALGO/USDT:USDT,,,,,0.26947,11831380.0,3188200.0
1753505620269,04:53:40.269,gateio,ALGO/USDT:USDT,,,,,0.26947,11831380.0,3188200.0
1753505640276,04:54:00.276,gateio,ALGO/USDT:USDT,,,,,0.26947,11831380.0,3188200.0
1753505670258,04:54:30.258,gateio,ALGO/USDT:USDT,,,,,0.26947,11831380.0,3188200.0
1753505720253,04:55:20.253,gateio,ALGO/USDT:USDT,,,,,0.26947,11831380.0,3188200.0
1753505790254,04:56:30.254,gateio,ALGO/USDT:USDT,,,,,0.26947,11831380.0,3188200.0
1753505830267,04:57:10.267,gateio,ALGO/USDT:USDT,,,,,0.26947,11831380.0,3188200.0
1753505940256,04:59:00.256,gateio,ALGO/USDT:USDT,,,,,0.26947,11831380.0,3188200.0
1753505960267,04:59:20.267,gateio,ALGO/USDT:USDT,,,,,0.26947,11831380.0,3188200.0
1753505980259,04:59:40.259,gateio,ALGO/USDT:USDT,,,,,0.26947,11831380.0,3188200.0
1753505990260,04:59:50.260,gateio,ALGO/USDT:USDT,,,,,0.26947,11831380.0,3188200.0
1753506010278,05:00:10.278,gateio,ALGO/USDT:USDT,,,,,0.26947,11616600.0,3130324.0
