timestamp,time,exchange,symbol,bid,bidVolume,ask,askVolume,lastPrice,baseVolume,quoteVolume
1753504800466,04:40:00.466,gate,AAVE/USDT:USDT,,,,,297.57,355845.0,105889088.0
1753504810432,04:40:10.432,gate,AAVE/USDT:USDT,,,,,297.57,355845.0,105889088.0
1753504811435,04:40:11.435,gate,AAVE/USDT:USDT,,,,,297.53,355854.0,105877240.0
1753504812447,04:40:12.447,gate,AAVE/USDT:USDT,,,,,297.53,355854.0,105877240.0
1753504814444,04:40:14.444,gate,AAVE/USDT:USDT,,,,,297.53,355856.0,105878162.0
1753504815426,04:40:15.426,gate,AAVE/USDT:USDT,,,,,297.6,355861.0,105904274.0
1753504816426,04:40:16.426,gate,AAVE/USDT:USDT,,,,,297.6,355861.0,105904274.0
1753504817438,04:40:17.438,gate,AAVE/USDT:USDT,,,,,297.62,355869.0,105913802.0
1753504826502,04:40:26.502,gate,AAVE/USDT:USDT,,,,,297.62,355869.0,105913802.0
1753504836448,04:40:36.448,gate,AAVE/USDT:USDT,,,,,297.62,355869.0,105913802.0
1753504839427,04:40:39.427,gate,AAVE/USDT:USDT,,,,,297.49,355870.0,105867938.0
1753504841427,04:40:41.427,gate,AAVE/USDT:USDT,,,,,297.49,355870.0,105867938.0
1753504842434,04:40:42.434,gate,AAVE/USDT:USDT,,,,,297.49,355870.0,105867938.0
1753504844429,04:40:44.429,gate,AAVE/USDT:USDT,,,,,297.49,355870.0,105867938.0
1753504852429,04:40:52.429,gate,AAVE/USDT:USDT,,,,,297.49,355870.0,105867938.0
1753504857427,04:40:57.427,gate,AAVE/USDT:USDT,,,,,297.49,355870.0,105867938.0
1753504859436,04:40:59.436,gate,AAVE/USDT:USDT,,,,,297.61,355880.0,105913702.0
1753504860434,04:41:00.434,gate,AAVE/USDT:USDT,,,,,297.61,355880.0,105913702.0
1753504864441,04:41:04.441,gate,AAVE/USDT:USDT,,,,,297.63,355882.0,105921284.0
1753504865437,04:41:05.437,gate,AAVE/USDT:USDT,,,,,297.67,355882.0,105935578.0
1753504866436,04:41:06.436,gate,AAVE/USDT:USDT,,,,,297.67,355882.0,105935578.0
1753504875441,04:41:15.441,gate,AAVE/USDT:USDT,,,,,297.67,355888.0,105937442.0
1753504876425,04:41:16.425,gate,AAVE/USDT:USDT,,,,,297.71,355889.0,105951754.0
1753504877429,04:41:17.429,gate,AAVE/USDT:USDT,,,,,297.71,355889.0,105951754.0
1753504885433,04:41:25.433,gate,AAVE/USDT:USDT,,,,,297.71,355889.0,105951754.0
1753504887432,04:41:27.432,gate,AAVE/USDT:USDT,,,,,297.83,355896.0,105996624.0
1753504889432,04:41:29.432,gate,AAVE/USDT:USDT,,,,,297.74,355904.0,105966880.0
1753504893435,04:41:33.435,gate,AAVE/USDT:USDT,,,,,297.74,355904.0,105966880.0
1753504901429,04:41:41.429,gate,AAVE/USDT:USDT,,,,,297.85,355904.0,106006088.0
1753504902426,04:41:42.426,gate,AAVE/USDT:USDT,,,,,297.86,355911.0,106011698.0
1753504904431,04:41:44.431,gate,AAVE/USDT:USDT,,,,,297.86,355918.0,106013746.0
1753504905439,04:41:45.439,gate,AAVE/USDT:USDT,,,,,297.86,355931.0,106017844.0
1753504906426,04:41:46.426,gate,AAVE/USDT:USDT,,,,,297.86,355945.0,106021944.0
1753504910436,04:41:50.436,gate,AAVE/USDT:USDT,,,,,297.86,355954.0,106024696.0
1753504912439,04:41:52.439,gate,AAVE/USDT:USDT,,,,,297.86,355954.0,106024696.0
1753504913442,04:41:53.442,gate,AAVE/USDT:USDT,,,,,297.87,355961.0,106030304.0
1753504920444,04:42:00.444,gate,AAVE/USDT:USDT,,,,,297.87,355965.0,106031532.0
1753504922448,04:42:02.448,gate,AAVE/USDT:USDT,,,,,297.91,355975.0,106048552.0
1753504923433,04:42:03.433,gate,AAVE/USDT:USDT,,,,,297.91,355975.0,106048552.0
1753504925433,04:42:05.433,gate,AAVE/USDT:USDT,,,,,297.92,355975.0,106052118.0
1753504926430,04:42:06.430,gate,AAVE/USDT:USDT,,,,,297.96,355985.0,106069564.0
1753504927444,04:42:07.444,gate,AAVE/USDT:USDT,,,,,297.96,355985.0,106069564.0
1753504931429,04:42:11.429,gate,AAVE/USDT:USDT,,,,,297.95,355995.0,106068864.0
1753504935436,04:42:15.436,gate,AAVE/USDT:USDT,,,,,297.95,355978.0,106063894.0
1753504937444,04:42:17.444,gate,AAVE/USDT:USDT,,,,,297.98,355979.0,106074652.0
1753504940447,04:42:20.447,gate,AAVE/USDT:USDT,,,,,298.05,355984.0,106101030.0
1753504941439,04:42:21.439,gate,AAVE/USDT:USDT,,,,,298.05,355984.0,106101030.0
1753504943434,04:42:23.434,gate,AAVE/USDT:USDT,,,,,297.98,355992.0,106078518.0
1753504944430,04:42:24.430,gate,AAVE/USDT:USDT,,,,,297.98,355992.0,106078518.0
1753504946444,04:42:26.444,gate,AAVE/USDT:USDT,,,,,298.01,356001.0,106091922.0
1753504954442,04:42:34.442,gate,AAVE/USDT:USDT,,,,,298.01,356001.0,106091922.0
1753504964429,04:42:44.429,gate,AAVE/USDT:USDT,,,,,298.01,356001.0,106091922.0
1753504984438,04:43:04.438,gate,AAVE/USDT:USDT,,,,,298.01,356001.0,106091922.0
1753504994431,04:43:14.431,gate,AAVE/USDT:USDT,,,,,298.01,356018.0,106097418.0
1753505019427,04:43:39.427,gate,AAVE/USDT:USDT,,,,,297.98,356023.0,106087964.0
1753505020443,04:43:40.443,gate,AAVE/USDT:USDT,,,,,298.02,356031.0,106104488.0
1753505024440,04:43:44.440,gate,AAVE/USDT:USDT,,,,,298.02,356031.0,106104488.0
1753505055439,04:44:15.439,gate,AAVE/USDT:USDT,,,,,298.02,356030.0,106104488.0
1753505074426,04:44:34.426,gate,AAVE/USDT:USDT,,,,,298.02,356030.0,106104488.0
1753505095426,04:44:55.426,gate,AAVE/USDT:USDT,,,,,298.05,356031.0,106115288.0
1753505096436,04:44:56.436,gate,AAVE/USDT:USDT,,,,,298.05,356031.0,106115288.0
1753505106459,04:45:06.459,gate,AAVE/USDT:USDT,,,,,298.05,356031.0,106115288.0
1753505108426,04:45:08.426,gate,AAVE/USDT:USDT,,,,,297.98,356037.0,106092094.0
1753505109435,04:45:09.435,gate,AAVE/USDT:USDT,,,,,297.98,356037.0,106092094.0
1753505111440,04:45:11.440,gate,AAVE/USDT:USDT,,,,,297.97,356044.0,106090620.0
1753505114429,04:45:14.429,gate,AAVE/USDT:USDT,,,,,297.98,356036.0,106092094.0
1753505117430,04:45:17.430,gate,AAVE/USDT:USDT,,,,,298.0,356044.0,106101116.0
1753505120441,04:45:20.441,gate,AAVE/USDT:USDT,,,,,297.98,356049.0,106095700.0
1753505123446,04:45:23.446,gate,AAVE/USDT:USDT,,,,,297.99,356055.0,106101044.0
1753505129431,04:45:29.431,gate,AAVE/USDT:USDT,,,,,297.99,356061.0,106102670.0
1753505144438,04:45:44.438,gate,AAVE/USDT:USDT,,,,,297.98,356066.0,106100670.0
1753505147437,04:45:47.437,gate,AAVE/USDT:USDT,,,,,297.98,356073.0,106102714.0
1753505149439,04:45:49.439,gate,AAVE/USDT:USDT,,,,,297.96,356073.0,106095642.0
1753505153446,04:45:53.446,gate,AAVE/USDT:USDT,,,,,297.97,356080.0,106101360.0
1753505156427,04:45:56.427,gate,AAVE/USDT:USDT,,,,,297.97,356087.0,106103314.0
1753505159432,04:45:59.432,gate,AAVE/USDT:USDT,,,,,297.98,356093.0,106108626.0
1753505162435,04:46:02.435,gate,AAVE/USDT:USDT,,,,,297.98,356098.0,106110332.0
1753505168431,04:46:08.431,gate,AAVE/USDT:USDT,,,,,297.97,356104.0,106108564.0
1753505171435,04:46:11.435,gate,AAVE/USDT:USDT,,,,,298.02,356111.0,106128408.0
1753505174426,04:46:14.426,gate,AAVE/USDT:USDT,,,,,298.03,356117.0,106133674.0
1753505175434,04:46:15.434,gate,AAVE/USDT:USDT,,,,,298.03,356106.0,106130354.0
1753505177431,04:46:17.431,gate,AAVE/USDT:USDT,,,,,297.99,356112.0,106117874.0
1753505178432,04:46:18.432,gate,AAVE/USDT:USDT,,,,,297.99,356112.0,106117874.0
1753505180437,04:46:20.437,gate,AAVE/USDT:USDT,,,,,298.0,356119.0,106123580.0
1753505183444,04:46:23.444,gate,AAVE/USDT:USDT,,,,,297.96,356125.0,106111200.0
1753505186446,04:46:26.446,gate,AAVE/USDT:USDT,,,,,298.03,356131.0,106137798.0
1753505187442,04:46:27.442,gate,AAVE/USDT:USDT,,,,,298.03,356131.0,106137798.0
1753505189484,04:46:29.484,gate,AAVE/USDT:USDT,,,,,298.02,356137.0,106136084.0
1753505195426,04:46:35.426,gate,AAVE/USDT:USDT,,,,,298.02,356144.0,106138136.0
1753505197428,04:46:37.428,gate,AAVE/USDT:USDT,,,,,298.02,356144.0,106138136.0
1753505198428,04:46:38.428,gate,AAVE/USDT:USDT,,,,,297.94,356149.0,106111300.0
1753505199432,04:46:39.432,gate,AAVE/USDT:USDT,,,,,297.94,356149.0,106111300.0
1753505201445,04:46:41.445,gate,AAVE/USDT:USDT,,,,,297.95,356156.0,106116840.0
1753505207443,04:46:47.443,gate,AAVE/USDT:USDT,,,,,297.95,356163.0,106118998.0
