timestamp,time,exchange,symbol,bid,bidVolume,ask,askVolume,lastPrice,baseVolume,quoteVolume
1753504800448,04:40:00.448,gate,ALGO/USDT:USDT,,,,,0.26961,11807380.0,3183386.0
1753504810436,04:40:10.436,gate,ALGO/USDT:USDT,,,,,0.26961,11807380.0,3183386.0
1753504820428,04:40:20.428,gate,ALGO/USDT:USDT,,,,,0.26961,11807380.0,3183386.0
1753504830432,04:40:30.432,gate,ALGO/USDT:USDT,,,,,0.26961,11807380.0,3183386.0
1753504850442,04:40:50.442,gate,ALGO/USDT:USDT,,,,,0.26961,11807380.0,3183386.0
1753504860438,04:41:00.438,gate,ALGO/USDT:USDT,,,,,0.26961,11807380.0,3183386.0
1753504890433,04:41:30.433,gate,ALGO/USDT:USDT,,,,,0.26961,11807380.0,3183386.0
1753504900430,04:41:40.430,gate,ALGO/USDT:USDT,,,,,0.26961,11807380.0,3183386.0
1753504910440,04:41:50.440,gate,ALGO/USDT:USDT,,,,,0.26961,11807380.0,3183386.0
1753504930444,04:42:10.444,gate,ALGO/USDT:USDT,,,,,0.26961,11807380.0,3183386.0
1753504940427,04:42:20.427,gate,ALGO/USDT:USDT,,,,,0.26961,11807380.0,3183386.0
1753504970439,04:42:50.439,gate,ALGO/USDT:USDT,,,,,0.26961,11807380.0,3183386.0
1753505034436,04:43:54.436,gate,ALGO/USDT:USDT,,,,,0.27002,11807400.0,3188234.0
1753505040433,04:44:00.433,gate,ALGO/USDT:USDT,,,,,0.27002,11807400.0,3188234.0
1753505050435,04:44:10.435,gate,ALGO/USDT:USDT,,,,,0.27002,11807400.0,3188234.0
1753505054437,04:44:14.437,gate,ALGO/USDT:USDT,,,,,0.27002,11807400.0,3188234.0
1753505091432,04:44:51.432,gate,ALGO/USDT:USDT,,,,,0.2699,11817760.0,3189612.0
1753505100427,04:45:00.427,gate,ALGO/USDT:USDT,,,,,0.2699,11817760.0,3189612.0
1753505103436,04:45:03.436,gate,ALGO/USDT:USDT,,,,,0.26975,11817880.0,3187872.0
1753505110457,04:45:10.457,gate,ALGO/USDT:USDT,,,,,0.26975,11817880.0,3187872.0
1753505114435,04:45:14.435,gate,ALGO/USDT:USDT,,,,,0.26975,11817880.0,3187872.0
1753505126449,04:45:26.449,gate,ALGO/USDT:USDT,,,,,0.26961,11818000.0,3186250.0
1753505130433,04:45:30.433,gate,ALGO/USDT:USDT,,,,,0.26961,11818000.0,3186250.0
1753505137436,04:45:37.436,gate,ALGO/USDT:USDT,,,,,0.26953,11818120.0,3185336.0
1753505150425,04:45:50.425,gate,ALGO/USDT:USDT,,,,,0.26953,11818120.0,3185336.0
1753505160427,04:46:00.427,gate,ALGO/USDT:USDT,,,,,0.26953,11818120.0,3185336.0
1753505174433,04:46:14.433,gate,ALGO/USDT:USDT,,,,,0.26953,11818120.0,3185336.0
1753505203430,04:46:43.430,gate,ALGO/USDT:USDT,,,,,0.26978,11827040.0,3190698.0
1753505210439,04:46:50.439,gate,ALGO/USDT:USDT,,,,,0.26978,11827040.0,3190698.0
1753505220436,04:47:00.436,gate,ALGO/USDT:USDT,,,,,0.26978,11827040.0,3190698.0
1753505235437,04:47:15.437,gate,ALGO/USDT:USDT,,,,,0.26978,11827040.0,3190698.0
1753505270440,04:47:50.440,gate,ALGO/USDT:USDT,,,,,0.26978,11827040.0,3190698.0
1753505280450,04:48:00.450,gate,ALGO/USDT:USDT,,,,,0.26978,11827040.0,3190698.0
1753505310438,04:48:30.438,gate,ALGO/USDT:USDT,,,,,0.26978,11827040.0,3190698.0
1753505320447,04:48:40.447,gate,ALGO/USDT:USDT,,,,,0.26978,11827040.0,3190698.0
1753505321442,04:48:41.442,gate,ALGO/USDT:USDT,,,,,0.26947,11831380.0,3188200.0
1753505330445,04:48:50.445,gate,ALGO/USDT:USDT,,,,,0.26947,11831380.0,3188200.0
1753505340427,04:49:00.427,gate,ALGO/USDT:USDT,,,,,0.26947,11831380.0,3188200.0
1753505440436,04:50:40.436,gate,ALGO/USDT:USDT,,,,,0.26947,11831380.0,3188200.0
1753505450442,04:50:50.442,gate,ALGO/USDT:USDT,,,,,0.26947,11831380.0,3188200.0
1753505460449,04:51:00.449,gate,ALGO/USDT:USDT,,,,,0.26947,11831380.0,3188200.0
1753505470437,04:51:10.437,gate,ALGO/USDT:USDT,,,,,0.26947,11831380.0,3188200.0
1753505530448,04:52:10.448,gate,ALGO/USDT:USDT,,,,,0.26947,11831380.0,3188200.0
1753505550428,04:52:30.428,gate,ALGO/USDT:USDT,,,,,0.26947,11831380.0,3188200.0
1753505580427,04:53:00.427,gate,ALGO/USDT:USDT,,,,,0.26947,11831380.0,3188200.0
1753505620431,04:53:40.431,gate,ALGO/USDT:USDT,,,,,0.26947,11831380.0,3188200.0
1753505640453,04:54:00.453,gate,ALGO/USDT:USDT,,,,,0.26947,11831380.0,3188200.0
1753505670437,04:54:30.437,gate,ALGO/USDT:USDT,,,,,0.26947,11831380.0,3188200.0
1753505720448,04:55:20.448,gate,ALGO/USDT:USDT,,,,,0.26947,11831380.0,3188200.0
1753505790442,04:56:30.442,gate,ALGO/USDT:USDT,,,,,0.26947,11831380.0,3188200.0
1753505830430,04:57:10.430,gate,ALGO/USDT:USDT,,,,,0.26947,11831380.0,3188200.0
1753505940436,04:59:00.436,gate,ALGO/USDT:USDT,,,,,0.26947,11831380.0,3188200.0
1753505960444,04:59:20.444,gate,ALGO/USDT:USDT,,,,,0.26947,11831380.0,3188200.0
1753505980445,04:59:40.445,gate,ALGO/USDT:USDT,,,,,0.26947,11831380.0,3188200.0
1753505990430,04:59:50.430,gate,ALGO/USDT:USDT,,,,,0.26947,11831380.0,3188200.0
1753506014444,05:00:14.444,gate,ALGO/USDT:USDT,,,,,0.26947,11616600.0,3130324.0
1753506040428,05:00:40.428,gate,ALGO/USDT:USDT,,,,,0.26947,11616600.0,3130324.0
1753506070438,05:01:10.438,gate,ALGO/USDT:USDT,,,,,0.26947,11616600.0,3130324.0
1753506075423,05:01:15.423,gate,ALGO/USDT:USDT,,,,,0.26891,11616660.0,3123836.0
1753506080441,05:01:20.441,gate,ALGO/USDT:USDT,,,,,0.26891,11616660.0,3123836.0
1753506090425,05:01:30.425,gate,ALGO/USDT:USDT,,,,,0.26891,11616660.0,3123836.0
1753506110430,05:01:50.430,gate,ALGO/USDT:USDT,,,,,0.26891,11616660.0,3123836.0
1753506120434,05:02:00.434,gate,ALGO/USDT:USDT,,,,,0.26891,11616660.0,3123836.0
1753506130433,05:02:10.433,gate,ALGO/USDT:USDT,,,,,0.26891,11616660.0,3123836.0
1753506135454,05:02:15.454,gate,ALGO/USDT:USDT,,,,,0.26891,11616660.0,3123836.0
1753506140441,05:02:20.441,gate,ALGO/USDT:USDT,,,,,0.26891,11616660.0,3123836.0
1753506150434,05:02:30.434,gate,ALGO/USDT:USDT,,,,,0.26891,11616660.0,3123836.0
1753506160428,05:02:40.428,gate,ALGO/USDT:USDT,,,,,0.26891,11616660.0,3123836.0
1753506167438,05:02:47.438,gate,ALGO/USDT:USDT,,,,,0.26876,11636660.0,3127468.0
1753506170483,05:02:50.483,gate,ALGO/USDT:USDT,,,,,0.26876,11636660.0,3127468.0
1753506195431,05:03:15.431,gate,ALGO/USDT:USDT,,,,,0.26876,11636660.0,3127468.0
1753506232446,05:03:52.446,gate,ALGO/USDT:USDT,,,,,0.26864,11636680.0,3126076.0
1753506240427,05:04:00.427,gate,ALGO/USDT:USDT,,,,,0.26864,11636680.0,3126076.0
1753506249436,05:04:09.436,gate,ALGO/USDT:USDT,,,,,0.26833,11656680.0,3127836.0
1753506250430,05:04:10.430,gate,ALGO/USDT:USDT,,,,,0.26833,11656680.0,3127836.0
1753506255435,05:04:15.435,gate,ALGO/USDT:USDT,,,,,0.26833,11636680.0,3122470.0
1753506289435,05:04:49.435,gate,ALGO/USDT:USDT,,,,,0.26859,11636800.0,3125528.0
1753506291423,05:04:51.423,gate,ALGO/USDT:USDT,,,,,0.26854,11636920.0,3124978.0
1753506300429,05:05:00.429,gate,ALGO/USDT:USDT,,,,,0.26854,11636920.0,3124978.0
1753506314432,05:05:14.432,gate,ALGO/USDT:USDT,,,,,0.26854,11656920.0,3130348.0
1753506317428,05:05:17.428,gate,ALGO/USDT:USDT,,,,,0.26865,11658340.0,3132012.0
1753506318444,05:05:18.444,gate,ALGO/USDT:USDT,,,,,0.26862,11658460.0,3131694.0
1753506320437,05:05:20.437,gate,ALGO/USDT:USDT,,,,,0.26862,11658460.0,3131694.0
