timestamp,time,exchange,symbol,bid,bidVolume,ask,askVolume,lastPrice,baseVolume,quoteVolume
1753504795261,04:39:55.261,gateio,ADA/USDT:USDT,,,,,0.8266,106661320.0,88166246.0
1753504810266,04:40:10.266,gateio,ADA/USDT:USDT,,,,,0.8266,106661340.0,88166262.0
1753504811271,04:40:11.271,gateio,ADA/USDT:USDT,,,,,0.8266,106661340.0,88166262.0
1753504816268,04:40:16.268,gateio,ADA/USDT:USDT,,,,,0.8265,106666440.0,88159812.0
1753504827261,04:40:27.261,gateio,ADA/USDT:USDT,,,,,0.8267,106666680.0,88181344.0
1753504831265,04:40:31.265,gateio,ADA/USDT:USDT,,,,,0.8266,106666920.0,88170876.0
1753504838272,04:40:38.272,gateio,ADA/USDT:USDT,,,,,0.8263,106669760.0,88141222.0
1753504841269,04:40:41.269,gateio,ADA/USDT:USDT,,,,,0.8263,106669760.0,88141222.0
1753504845256,04:40:45.256,gateio,ADA/USDT:USDT,,,,,0.8263,106669760.0,88141222.0
1753504846272,04:40:46.272,gateio,ADA/USDT:USDT,,,,,0.8263,106669760.0,88141222.0
1753504848258,04:40:48.258,gateio,ADA/USDT:USDT,,,,,0.826,106670760.0,88110046.0
1753504851278,04:40:51.278,gateio,ADA/USDT:USDT,,,,,0.826,106670760.0,88110046.0
1753504852264,04:40:52.264,gateio,ADA/USDT:USDT,,,,,0.826,106670760.0,88110046.0
1753504855289,04:40:55.289,gateio,ADA/USDT:USDT,,,,,0.8261,106670800.0,88120746.0
1753504856269,04:40:56.269,gateio,ADA/USDT:USDT,,,,,0.8261,106676720.0,88125638.0
1753504862260,04:41:02.260,gateio,ADA/USDT:USDT,,,,,0.8261,106676720.0,88125638.0
1753504870253,04:41:10.253,gateio,ADA/USDT:USDT,,,,,0.8261,106676720.0,88125638.0
1753504880266,04:41:20.266,gateio,ADA/USDT:USDT,,,,,0.8261,106682280.0,88130230.0
1753504895264,04:41:35.264,gateio,ADA/USDT:USDT,,,,,0.826,106705480.0,88138726.0
1753504896255,04:41:36.255,gateio,ADA/USDT:USDT,,,,,0.826,106705480.0,88138726.0
1753504905274,04:41:45.274,gateio,ADA/USDT:USDT,,,,,0.8262,106770660.0,88213918.0
1753504906269,04:41:46.269,gateio,ADA/USDT:USDT,,,,,0.8262,106770660.0,88213918.0
1753504916253,04:41:56.253,gateio,ADA/USDT:USDT,,,,,0.8262,106770660.0,88213918.0
1753504923266,04:42:03.266,gateio,ADA/USDT:USDT,,,,,0.8262,106770900.0,88214116.0
1753504927270,04:42:07.270,gateio,ADA/USDT:USDT,,,,,0.8265,106771140.0,88246346.0
1753504929280,04:42:09.280,gateio,ADA/USDT:USDT,,,,,0.8265,106770660.0,88245950.0
1753504930263,04:42:10.263,gateio,ADA/USDT:USDT,,,,,0.8265,106770660.0,88245950.0
1753504940254,04:42:20.254,gateio,ADA/USDT:USDT,,,,,0.8266,106775680.0,88260776.0
1753504941268,04:42:21.268,gateio,ADA/USDT:USDT,,,,,0.8266,106775680.0,88260776.0
1753504943267,04:42:23.267,gateio,ADA/USDT:USDT,,,,,0.8266,106781080.0,88265240.0
1753504951270,04:42:31.270,gateio,ADA/USDT:USDT,,,,,0.8266,106781080.0,88265240.0
1753504961275,04:42:41.275,gateio,ADA/USDT:USDT,,,,,0.8264,106787020.0,88248792.0
1753504962268,04:42:42.268,gateio,ADA/USDT:USDT,,,,,0.8264,106787020.0,88248792.0
1753504972255,04:42:52.255,gateio,ADA/USDT:USDT,,,,,0.8268,106787260.0,88291706.0
1753504973269,04:42:53.269,gateio,ADA/USDT:USDT,,,,,0.8268,106787260.0,88291706.0
1753504982266,04:43:02.266,gateio,ADA/USDT:USDT,,,,,0.8267,106792440.0,88285310.0
1753504983277,04:43:03.277,gateio,ADA/USDT:USDT,,,,,0.8267,106792440.0,88285310.0
1753504990283,04:43:10.283,gateio,ADA/USDT:USDT,,,,,0.8267,106787740.0,88281424.0
1753504991259,04:43:11.259,gateio,ADA/USDT:USDT,,,,,0.8266,106793540.0,88275540.0
1753504992257,04:43:12.257,gateio,ADA/USDT:USDT,,,,,0.8266,106793540.0,88275540.0
1753504994260,04:43:14.260,gateio,ADA/USDT:USDT,,,,,0.8266,106799060.0,88280102.0
1753504996256,04:43:16.256,gateio,ADA/USDT:USDT,,,,,0.8266,106799100.0,88280136.0
1753505001267,04:43:21.267,gateio,ADA/USDT:USDT,,,,,0.8266,106799100.0,88280136.0
1753505023260,04:43:43.260,gateio,ADA/USDT:USDT,,,,,0.8266,106799100.0,88280136.0
1753505029259,04:43:49.259,gateio,ADA/USDT:USDT,,,,,0.8266,106799100.0,88280136.0
1753505033265,04:43:53.265,gateio,ADA/USDT:USDT,,,,,0.8266,106799100.0,88280136.0
1753505050266,04:44:10.266,gateio,ADA/USDT:USDT,,,,,0.8266,106804280.0,88284416.0
1753505053268,04:44:13.268,gateio,ADA/USDT:USDT,,,,,0.8266,106804280.0,88284416.0
1753505057277,04:44:17.277,gateio,ADA/USDT:USDT,,,,,0.8263,106809200.0,88256440.0
1753505058266,04:44:18.266,gateio,ADA/USDT:USDT,,,,,0.8263,106809200.0,88256440.0
1753505059255,04:44:19.255,gateio,ADA/USDT:USDT,,,,,0.8263,106809200.0,88256440.0
1753505069268,04:44:29.268,gateio,ADA/USDT:USDT,,,,,0.8263,106809200.0,88256440.0
1753505075259,04:44:35.259,gateio,ADA/USDT:USDT,,,,,0.8263,106815920.0,88261994.0
1753505084259,04:44:44.259,gateio,ADA/USDT:USDT,,,,,0.8264,106816920.0,88273502.0
1753505085253,04:44:45.253,gateio,ADA/USDT:USDT,,,,,0.8264,106816920.0,88273502.0
1753505100253,04:45:00.253,gateio,ADA/USDT:USDT,,,,,0.8265,106816960.0,88284216.0
1753505110261,04:45:10.261,gateio,ADA/USDT:USDT,,,,,0.8265,106816920.0,88284184.0
1753505111267,04:45:11.267,gateio,ADA/USDT:USDT,,,,,0.8263,106818020.0,88263728.0
1753505112258,04:45:12.258,gateio,ADA/USDT:USDT,,,,,0.8262,106818060.0,88253080.0
1753505114266,04:45:14.266,gateio,ADA/USDT:USDT,,,,,0.8262,106818060.0,88253080.0
1753505117271,04:45:17.271,gateio,ADA/USDT:USDT,,,,,0.8262,106823180.0,88257310.0
1753505124273,04:45:24.273,gateio,ADA/USDT:USDT,,,,,0.8262,106823180.0,88257310.0
1753505129257,04:45:29.257,gateio,ADA/USDT:USDT,,,,,0.8259,106828940.0,88230020.0
1753505130262,04:45:30.262,gateio,ADA/USDT:USDT,,,,,0.8259,106828940.0,88230020.0
1753505131276,04:45:31.276,gateio,ADA/USDT:USDT,,,,,0.8262,106862740.0,88289994.0
1753505132262,04:45:32.262,gateio,ADA/USDT:USDT,,,,,0.8262,106862980.0,88290194.0
1753505151256,04:45:51.256,gateio,ADA/USDT:USDT,,,,,0.8262,106862980.0,88290194.0
1753505152263,04:45:52.263,gateio,ADA/USDT:USDT,,,,,0.8262,106862980.0,88290194.0
1753505156253,04:45:56.253,gateio,ADA/USDT:USDT,,,,,0.8261,106867660.0,88283372.0
1753505159254,04:45:59.254,gateio,ADA/USDT:USDT,,,,,0.8261,106874040.0,88288644.0
1753505162269,04:46:02.269,gateio,ADA/USDT:USDT,,,,,0.8261,106879660.0,88293286.0
1753505165257,04:46:05.257,gateio,ADA/USDT:USDT,,,,,0.8261,106885740.0,88298308.0
1753505166266,04:46:06.266,gateio,ADA/USDT:USDT,,,,,0.8261,106885740.0,88298308.0
1753505170289,04:46:10.289,gateio,ADA/USDT:USDT,,,,,0.8261,106874080.0,88288676.0
1753505174258,04:46:14.258,gateio,ADA/USDT:USDT,,,,,0.826,106880420.0,88283226.0
1753505176268,04:46:16.268,gateio,ADA/USDT:USDT,,,,,0.826,106880420.0,88283226.0
1753505177274,04:46:17.274,gateio,ADA/USDT:USDT,,,,,0.826,106885480.0,88287406.0
1753505179255,04:46:19.255,gateio,ADA/USDT:USDT,,,,,0.826,106885480.0,88287406.0
1753505182268,04:46:22.268,gateio,ADA/USDT:USDT,,,,,0.826,106885480.0,88287406.0
1753505186259,04:46:26.259,gateio,ADA/USDT:USDT,,,,,0.8261,106890700.0,88302406.0
1753505196270,04:46:36.270,gateio,ADA/USDT:USDT,,,,,0.8258,106894360.0,88273362.0
1753505197268,04:46:37.268,gateio,ADA/USDT:USDT,,,,,0.8258,106894360.0,88273362.0
1753505198269,04:46:38.269,gateio,ADA/USDT:USDT,,,,,0.8258,106899280.0,88277424.0
1753505201271,04:46:41.271,gateio,ADA/USDT:USDT,,,,,0.8258,106899280.0,88277424.0
1753505205262,04:46:45.262,gateio,ADA/USDT:USDT,,,,,0.8258,106899280.0,88277424.0
1753505208251,04:46:48.251,gateio,ADA/USDT:USDT,,,,,0.8261,106901600.0,88311410.0
1753505209261,04:46:49.261,gateio,ADA/USDT:USDT,,,,,0.8261,106901600.0,88311410.0
