timestamp,time,exchange,symbol,bid,bidVolume,ask,askVolume,lastPrice,baseVolume,quoteVolume
1753504792406,04:39:52.406,kucoinfutures,AAVE/USDT:USDT,297.59,61.0,297.6,138.0,297.59,,
1753504821932,04:40:21.932,kucoinfutures,AAVE/USDT:USDT,297.66,86.0,297.73,53.0,297.66,,
1753504833088,04:40:33.088,kucoinfutures,AAVE/USDT:USDT,297.65,59.0,297.66,85.0,297.65,,
1753504839387,04:40:39.387,kucoinfutures,AAVE/USDT:USDT,297.56,305.0,297.57,136.0,297.56,,
1753504875908,04:41:15.908,kucoinfutures,AAVE/USDT:USDT,297.77,84.0,297.82,53.0,297.78,,
1753504886560,04:41:26.560,kucoinfutures,AAVE/USDT:USDT,297.77,84.0,297.86,124.0,297.83,,
1753504892508,04:41:32.508,kucoinfutures,AAVE/USDT:USDT,297.81,86.0,297.89,19.0,297.82,,
1753504903771,04:41:43.771,kucoinfutures,AAVE/USDT:USDT,297.94,84.0,297.97,84.0,297.94,,
1753504905020,04:41:45.020,kucoinfutures,AAVE/USDT:USDT,297.93,84.0,297.97,84.0,297.94,,
1753504912592,04:41:52.592,kucoinfutures,AAVE/USDT:USDT,298.02,486.0,298.03,104.0,298.02,,
1753504913070,04:41:53.070,kucoinfutures,AAVE/USDT:USDT,298.02,459.0,298.03,190.0,298.02,,
1753504919308,04:41:59.308,kucoinfutures,AAVE/USDT:USDT,297.95,53.0,298.03,190.0,298.02,,
1753504926081,04:42:06.081,kucoinfutures,AAVE/USDT:USDT,297.98,355.0,298.14,238.0,298.02,,
1753504927772,04:42:07.772,kucoinfutures,AAVE/USDT:USDT,298.07,84.0,298.11,84.0,298.08,,
1753504948910,04:42:28.910,kucoinfutures,AAVE/USDT:USDT,298.13,289.0,298.14,84.0,298.13,,
1753504948911,04:42:28.911,kucoinfutures,AAVE/USDT:USDT,298.13,35.0,298.14,84.0,298.13,,
1753504957561,04:42:37.561,kucoinfutures,AAVE/USDT:USDT,298.07,182.0,298.14,84.0,298.13,,
1753504972641,04:42:52.641,kucoinfutures,AAVE/USDT:USDT,298.06,83.0,298.11,83.0,298.09,,
1753504981560,04:43:01.560,kucoinfutures,AAVE/USDT:USDT,298.05,86.0,298.11,83.0,298.09,,
1753504993560,04:43:13.560,kucoinfutures,AAVE/USDT:USDT,298.0,85.0,298.11,83.0,298.03,,
1753505016304,04:43:36.304,kucoinfutures,AAVE/USDT:USDT,298.1,53.0,298.11,297.0,298.11,,
1753505028305,04:43:48.305,kucoinfutures,AAVE/USDT:USDT,298.07,53.0,298.12,85.0,298.11,,
1753505032710,04:43:52.710,kucoinfutures,AAVE/USDT:USDT,298.01,86.0,298.12,85.0,298.02,,
1753505052308,04:44:12.308,kucoinfutures,AAVE/USDT:USDT,298.05,85.0,298.11,85.0,298.06,,
1753505064307,04:44:24.307,kucoinfutures,AAVE/USDT:USDT,298.1,53.0,298.13,85.0,298.12,,
1753505075415,04:44:35.415,kucoinfutures,AAVE/USDT:USDT,298.07,83.0,298.12,85.0,298.1,,
1753505082417,04:44:42.417,kucoinfutures,AAVE/USDT:USDT,298.08,85.0,298.12,85.0,298.09,,
1753505094414,04:44:54.414,kucoinfutures,AAVE/USDT:USDT,298.17,506.0,298.19,83.0,298.18,,
1753505101985,04:45:01.985,kucoinfutures,AAVE/USDT:USDT,298.17,296.0,298.22,85.0,298.17,,
1753505102054,04:45:02.054,kucoinfutures,AAVE/USDT:USDT,298.17,103.0,298.19,85.0,298.17,,
1753505102055,04:45:02.055,kucoinfutures,AAVE/USDT:USDT,298.09,181.0,298.19,85.0,298.09,,
1753505104678,04:45:04.678,kucoinfutures,AAVE/USDT:USDT,298.06,85.0,298.17,85.0,298.07,,
1753505116680,04:45:16.680,kucoinfutures,AAVE/USDT:USDT,298.06,85.0,298.15,85.0,298.14,,
1753505122910,04:45:22.910,kucoinfutures,AAVE/USDT:USDT,298.06,85.0,298.15,85.0,298.1,,
1753505135673,04:45:35.673,kucoinfutures,AAVE/USDT:USDT,298.1,48.0,298.15,85.0,298.14,,
1753505137878,04:45:37.878,kucoinfutures,AAVE/USDT:USDT,298.05,84.0,298.13,84.0,298.06,,
1753505153156,04:45:53.156,kucoinfutures,AAVE/USDT:USDT,298.06,85.0,298.09,85.0,298.07,,
1753505153375,04:45:53.375,kucoinfutures,AAVE/USDT:USDT,298.03,48.0,298.09,85.0,298.08,,
1753505165375,04:46:05.375,kucoinfutures,AAVE/USDT:USDT,298.07,48.0,298.08,83.0,298.08,,
1753505188465,04:46:28.465,kucoinfutures,AAVE/USDT:USDT,298.09,184.0,298.1,89.0,298.1,,
1753505188470,04:46:28.470,kucoinfutures,AAVE/USDT:USDT,298.09,184.0,298.1,83.0,298.1,,
1753505188806,04:46:28.806,kucoinfutures,AAVE/USDT:USDT,298.09,184.0,298.1,68.0,298.1,,
1753505188807,04:46:28.807,kucoinfutures,AAVE/USDT:USDT,298.09,184.0,298.1,31.0,298.1,,
1753505188808,04:46:28.808,kucoinfutures,AAVE/USDT:USDT,298.09,184.0,298.1,1.0,298.1,,
1753505212759,04:46:52.759,kucoinfutures,AAVE/USDT:USDT,298.02,83.0,298.09,84.0,298.03,,
1753505213376,04:46:53.376,kucoinfutures,AAVE/USDT:USDT,298.02,83.0,298.09,84.0,298.03,,
1753505234964,04:47:14.964,kucoinfutures,AAVE/USDT:USDT,297.75,54.0,297.89,86.0,297.75,,
1753505234967,04:47:14.967,kucoinfutures,AAVE/USDT:USDT,297.74,524.0,297.89,86.0,297.74,,
1753505241689,04:47:21.689,kucoinfutures,AAVE/USDT:USDT,297.77,84.0,297.85,84.0,297.78,,
1753505249375,04:47:29.375,kucoinfutures,AAVE/USDT:USDT,297.82,86.0,297.85,86.0,297.83,,
1753505272024,04:47:52.024,kucoinfutures,AAVE/USDT:USDT,297.93,83.0,298.02,374.0,297.94,,
