timestamp,time,exchange,symbol,bid,bidVolume,ask,askVolume,lastPrice,baseVolume,quoteVolume
1753504832214,04:40:32.214,kucoinfutures,ADA/USDT:USDT,0.8269,843.0,0.82703,111.0,0.827,,
1753504832472,04:40:32.472,kucoinfutures,ADA/USDT:USDT,0.82692,188.0,0.82693,4.0,0.82693,,
1753504832497,04:40:32.497,kucoinfutures,ADA/USDT:USDT,0.82701,73.0,0.82703,92.0,0.82701,,
1753504837201,04:40:37.201,kucoinfutures,ADA/USDT:USDT,0.82689,22.0,0.8269,162.0,0.82689,,
1753504837844,04:40:37.844,kucoinfutures,ADA/USDT:USDT,0.82679,166.0,0.82687,93.0,0.8268,,
1753504837892,04:40:37.892,kucoinfutures,ADA/USDT:USDT,0.82666,65.0,0.82668,63.0,0.82668,,
1753504837896,04:40:37.896,kucoinfutures,ADA/USDT:USDT,0.82664,237.0,0.82667,83.0,0.82667,,
1753504841403,04:40:41.403,kucoinfutures,ADA/USDT:USDT,0.82648,58.0,0.8265,86.0,0.82648,,
1753504841921,04:40:41.921,kucoinfutures,ADA/USDT:USDT,0.82648,19.0,0.82649,70.0,0.82648,,
1753504841932,04:40:41.932,kucoinfutures,ADA/USDT:USDT,0.82645,60.0,0.82646,121.0,0.82645,,
1753504842780,04:40:42.780,kucoinfutures,ADA/USDT:USDT,0.82628,70.0,0.82631,64.0,0.82631,,
1753504844712,04:40:44.712,kucoinfutures,ADA/USDT:USDT,0.82643,128.0,0.82647,177.0,0.82646,,
1753504844985,04:40:44.985,kucoinfutures,ADA/USDT:USDT,0.82645,128.0,0.82646,23.0,0.82646,,
1753504847356,04:40:47.356,kucoinfutures,ADA/USDT:USDT,0.82634,52.0,0.82639,112.0,0.82635,,
1753504847358,04:40:47.358,kucoinfutures,ADA/USDT:USDT,0.82632,843.0,0.82639,112.0,0.82634,,
1753504850568,04:40:50.568,kucoinfutures,ADA/USDT:USDT,0.8263,139.0,0.82631,163.0,0.8263,,
1753504852316,04:40:52.316,kucoinfutures,ADA/USDT:USDT,0.8263,78.0,0.82631,163.0,0.8263,,
1753504891464,04:41:31.464,kucoinfutures,ADA/USDT:USDT,0.82626,70.0,0.82629,23.0,0.82628,,
1753504921160,04:42:01.160,kucoinfutures,ADA/USDT:USDT,0.82637,68.0,0.82641,189.0,0.8264,,
1753504925824,04:42:05.824,kucoinfutures,ADA/USDT:USDT,0.82658,91.0,0.82659,5.0,0.82659,,
1753504926440,04:42:06.440,kucoinfutures,ADA/USDT:USDT,0.82663,91.0,0.8267,6.0,0.82664,,
1753504926681,04:42:06.681,kucoinfutures,ADA/USDT:USDT,0.82669,91.0,0.8267,3.0,0.8267,,
1753504951411,04:42:31.411,kucoinfutures,ADA/USDT:USDT,0.82679,93.0,0.8268,20.0,0.8268,,
1753504952919,04:42:32.919,kucoinfutures,ADA/USDT:USDT,0.82679,93.0,0.8268,19.0,0.8268,,
1753504969912,04:42:49.912,kucoinfutures,ADA/USDT:USDT,0.82683,93.0,0.82684,19.0,0.82684,,
1753504985708,04:43:05.708,kucoinfutures,ADA/USDT:USDT,0.82676,69.0,0.82687,50.0,0.82682,,
1753505080368,04:44:40.368,kucoinfutures,ADA/USDT:USDT,0.82659,93.0,0.8266,6.0,0.8266,,
1753505097086,04:44:57.086,kucoinfutures,ADA/USDT:USDT,0.82655,471.0,0.82674,166.0,0.82656,,
1753505107444,04:45:07.444,kucoinfutures,ADA/USDT:USDT,0.82655,33.0,0.82656,483.0,0.82655,,
1753505107446,04:45:07.446,kucoinfutures,ADA/USDT:USDT,0.82638,52.0,0.82656,483.0,0.82645,,
1753505125316,04:45:25.316,kucoinfutures,ADA/USDT:USDT,0.82628,288.0,0.82632,215.0,0.82631,,
1753505125319,04:45:25.319,kucoinfutures,ADA/USDT:USDT,0.82627,52.0,0.82632,215.0,0.82628,,
1753505125323,04:45:25.323,kucoinfutures,ADA/USDT:USDT,0.82619,121.0,0.82628,51.0,0.8262,,
1753505131225,04:45:31.225,kucoinfutures,ADA/USDT:USDT,0.82625,23.0,0.82627,52.0,0.82626,,
1753505131227,04:45:31.227,kucoinfutures,ADA/USDT:USDT,0.82625,73.0,0.82637,26.0,0.82637,,
1753505131230,04:45:31.230,kucoinfutures,ADA/USDT:USDT,0.82625,121.0,0.82643,24.0,0.82637,,
1753505138302,04:45:38.302,kucoinfutures,ADA/USDT:USDT,0.82609,94.0,0.8262,71.0,0.82619,,
1753505166759,04:46:06.759,kucoinfutures,ADA/USDT:USDT,0.82629,63.0,0.8263,144.0,0.82629,,
1753505211982,04:46:51.982,kucoinfutures,ADA/USDT:USDT,0.82608,91.0,0.82609,62.0,0.82609,,
1753505211985,04:46:51.985,kucoinfutures,ADA/USDT:USDT,0.82608,91.0,0.82609,56.0,0.82609,,
1753505222510,04:47:02.510,kucoinfutures,ADA/USDT:USDT,0.82612,69.0,0.82616,23.0,0.82615,,
1753505231611,04:47:11.611,kucoinfutures,ADA/USDT:USDT,0.82592,15.0,0.82601,232.0,0.826,,
1753505231721,04:47:11.721,kucoinfutures,ADA/USDT:USDT,0.82592,6.0,0.82593,111.0,0.82592,,
1753505231771,04:47:11.771,kucoinfutures,ADA/USDT:USDT,0.82591,1.0,0.82593,111.0,0.82591,,
1753505231777,04:47:11.777,kucoinfutures,ADA/USDT:USDT,0.82579,71.0,0.82592,50.0,0.82591,,
1753505257006,04:47:37.006,kucoinfutures,ADA/USDT:USDT,0.82556,70.0,0.82559,23.0,0.82558,,
1753505281424,04:48:01.424,kucoinfutures,ADA/USDT:USDT,0.82518,140.0,0.82529,3.0,0.82529,,
1753505289580,04:48:09.580,kucoinfutures,ADA/USDT:USDT,0.8252,538.0,0.82521,835.0,0.82521,,
1753505289580,04:48:09.580,kucoinfutures,ADA/USDT:USDT,0.8252,538.0,0.82521,829.0,0.82521,,
1753505289580,04:48:09.580,kucoinfutures,ADA/USDT:USDT,0.8252,538.0,0.82521,28.0,0.82521,,
1753505303328,04:48:23.328,kucoinfutures,ADA/USDT:USDT,0.82514,94.0,0.82515,15.0,0.82515,,
1753505303331,04:48:23.331,kucoinfutures,ADA/USDT:USDT,0.82514,94.0,0.82515,9.0,0.82515,,
1753505334894,04:48:54.894,kucoinfutures,ADA/USDT:USDT,0.82545,20.0,0.82546,94.0,0.82545,,
1753505334894,04:48:54.894,kucoinfutures,ADA/USDT:USDT,0.82545,11.0,0.82546,94.0,0.82545,,
1753505338167,04:48:58.167,kucoinfutures,ADA/USDT:USDT,0.82521,2.0,0.82522,110.0,0.82521,,
1753505338168,04:48:58.168,kucoinfutures,ADA/USDT:USDT,0.82508,52.0,0.82522,110.0,0.82521,,
1753505343215,04:49:03.215,kucoinfutures,ADA/USDT:USDT,0.82522,52.0,0.82523,39.0,0.82522,,
1753505351828,04:49:11.828,kucoinfutures,ADA/USDT:USDT,0.82565,63.0,0.82568,236.0,0.82565,,
1753505353904,04:49:13.904,kucoinfutures,ADA/USDT:USDT,0.82552,162.0,0.82559,10.0,0.82552,,
1753505355790,04:49:15.790,kucoinfutures,ADA/USDT:USDT,0.82548,90.0,0.82554,70.0,0.82553,,
1753505364399,04:49:24.399,kucoinfutures,ADA/USDT:USDT,0.82556,14.0,0.82557,90.0,0.82556,,
1753505364401,04:49:24.401,kucoinfutures,ADA/USDT:USDT,0.82556,4.0,0.82557,90.0,0.82556,,
1753505417068,04:50:17.068,kucoinfutures,ADA/USDT:USDT,0.82534,52.0,0.82539,90.0,0.82538,,
1753505453823,04:50:53.823,kucoinfutures,ADA/USDT:USDT,0.82504,4.0,0.82505,20.0,0.82504,,
1753505456784,04:50:56.784,kucoinfutures,ADA/USDT:USDT,0.82497,160.0,0.82498,88.0,0.82497,,
