timestamp,time,exchange,symbol,bid,bidVolume,ask,askVolume,lastPrice,baseVolume,quoteVolume
1753504792406,04:39:52.406,kucoinfutures,AAVE/USDT:USDT,297.59,61.0,297.6,138.0,297.59,,
1753504821932,04:40:21.932,kucoinfutures,AAVE/USDT:USDT,297.66,86.0,297.73,53.0,297.66,,
1753504833088,04:40:33.088,kucoinfutures,AAVE/USDT:USDT,297.65,59.0,297.66,85.0,297.65,,
1753504839387,04:40:39.387,kucoinfutures,AAVE/USDT:USDT,297.56,305.0,297.57,136.0,297.56,,
1753504875908,04:41:15.908,kucoinfutures,AAVE/USDT:USDT,297.77,84.0,297.82,53.0,297.78,,
1753504886560,04:41:26.560,kucoinfutures,AAVE/USDT:USDT,297.77,84.0,297.86,124.0,297.83,,
1753504892508,04:41:32.508,kucoinfutures,AAVE/USDT:USDT,297.81,86.0,297.89,19.0,297.82,,
1753504903771,04:41:43.771,kucoinfutures,AAVE/USDT:USDT,297.94,84.0,297.97,84.0,297.94,,
1753504905020,04:41:45.020,kucoinfutures,AAVE/USDT:USDT,297.93,84.0,297.97,84.0,297.94,,
1753504912592,04:41:52.592,kucoinfutures,AAVE/USDT:USDT,298.02,486.0,298.03,104.0,298.02,,
1753504913070,04:41:53.070,kucoinfutures,AAVE/USDT:USDT,298.02,459.0,298.03,190.0,298.02,,
1753504919308,04:41:59.308,kucoinfutures,AAVE/USDT:USDT,297.95,53.0,298.03,190.0,298.02,,
1753504926081,04:42:06.081,kucoinfutures,AAVE/USDT:USDT,297.98,355.0,298.14,238.0,298.02,,
1753504927772,04:42:07.772,kucoinfutures,AAVE/USDT:USDT,298.07,84.0,298.11,84.0,298.08,,
1753504948910,04:42:28.910,kucoinfutures,AAVE/USDT:USDT,298.13,289.0,298.14,84.0,298.13,,
1753504948911,04:42:28.911,kucoinfutures,AAVE/USDT:USDT,298.13,35.0,298.14,84.0,298.13,,
1753504957561,04:42:37.561,kucoinfutures,AAVE/USDT:USDT,298.07,182.0,298.14,84.0,298.13,,
1753504972641,04:42:52.641,kucoinfutures,AAVE/USDT:USDT,298.06,83.0,298.11,83.0,298.09,,
1753504981560,04:43:01.560,kucoinfutures,AAVE/USDT:USDT,298.05,86.0,298.11,83.0,298.09,,
1753504993560,04:43:13.560,kucoinfutures,AAVE/USDT:USDT,298.0,85.0,298.11,83.0,298.03,,
1753505016304,04:43:36.304,kucoinfutures,AAVE/USDT:USDT,298.1,53.0,298.11,297.0,298.11,,
1753505028305,04:43:48.305,kucoinfutures,AAVE/USDT:USDT,298.07,53.0,298.12,85.0,298.11,,
1753505032710,04:43:52.710,kucoinfutures,AAVE/USDT:USDT,298.01,86.0,298.12,85.0,298.02,,
1753505052308,04:44:12.308,kucoinfutures,AAVE/USDT:USDT,298.05,85.0,298.11,85.0,298.06,,
1753505064307,04:44:24.307,kucoinfutures,AAVE/USDT:USDT,298.1,53.0,298.13,85.0,298.12,,
1753505075415,04:44:35.415,kucoinfutures,AAVE/USDT:USDT,298.07,83.0,298.12,85.0,298.1,,
1753505082417,04:44:42.417,kucoinfutures,AAVE/USDT:USDT,298.08,85.0,298.12,85.0,298.09,,
1753505094414,04:44:54.414,kucoinfutures,AAVE/USDT:USDT,298.17,506.0,298.19,83.0,298.18,,
1753505101985,04:45:01.985,kucoinfutures,AAVE/USDT:USDT,298.17,296.0,298.22,85.0,298.17,,
1753505102054,04:45:02.054,kucoinfutures,AAVE/USDT:USDT,298.17,103.0,298.19,85.0,298.17,,
1753505102055,04:45:02.055,kucoinfutures,AAVE/USDT:USDT,298.09,181.0,298.19,85.0,298.09,,
1753505104678,04:45:04.678,kucoinfutures,AAVE/USDT:USDT,298.06,85.0,298.17,85.0,298.07,,
1753505116680,04:45:16.680,kucoinfutures,AAVE/USDT:USDT,298.06,85.0,298.15,85.0,298.14,,
1753505122910,04:45:22.910,kucoinfutures,AAVE/USDT:USDT,298.06,85.0,298.15,85.0,298.1,,
1753505135673,04:45:35.673,kucoinfutures,AAVE/USDT:USDT,298.1,48.0,298.15,85.0,298.14,,
1753505137878,04:45:37.878,kucoinfutures,AAVE/USDT:USDT,298.05,84.0,298.13,84.0,298.06,,
1753505153156,04:45:53.156,kucoinfutures,AAVE/USDT:USDT,298.06,85.0,298.09,85.0,298.07,,
1753505153375,04:45:53.375,kucoinfutures,AAVE/USDT:USDT,298.03,48.0,298.09,85.0,298.08,,
1753505165375,04:46:05.375,kucoinfutures,AAVE/USDT:USDT,298.07,48.0,298.08,83.0,298.08,,
1753505188465,04:46:28.465,kucoinfutures,AAVE/USDT:USDT,298.09,184.0,298.1,89.0,298.1,,
1753505188470,04:46:28.470,kucoinfutures,AAVE/USDT:USDT,298.09,184.0,298.1,83.0,298.1,,
1753505188806,04:46:28.806,kucoinfutures,AAVE/USDT:USDT,298.09,184.0,298.1,68.0,298.1,,
1753505188807,04:46:28.807,kucoinfutures,AAVE/USDT:USDT,298.09,184.0,298.1,31.0,298.1,,
1753505188808,04:46:28.808,kucoinfutures,AAVE/USDT:USDT,298.09,184.0,298.1,1.0,298.1,,
1753505212759,04:46:52.759,kucoinfutures,AAVE/USDT:USDT,298.02,83.0,298.09,84.0,298.03,,
1753505213376,04:46:53.376,kucoinfutures,AAVE/USDT:USDT,298.02,83.0,298.09,84.0,298.03,,
1753505234964,04:47:14.964,kucoinfutures,AAVE/USDT:USDT,297.75,54.0,297.89,86.0,297.75,,
1753505234967,04:47:14.967,kucoinfutures,AAVE/USDT:USDT,297.74,524.0,297.89,86.0,297.74,,
1753505241689,04:47:21.689,kucoinfutures,AAVE/USDT:USDT,297.77,84.0,297.85,84.0,297.78,,
1753505249375,04:47:29.375,kucoinfutures,AAVE/USDT:USDT,297.82,86.0,297.85,86.0,297.83,,
1753505272024,04:47:52.024,kucoinfutures,AAVE/USDT:USDT,297.93,83.0,298.02,374.0,297.94,,
1753505273088,04:47:53.088,kucoinfutures,AAVE/USDT:USDT,297.92,84.0,297.99,84.0,297.93,,
1753505286152,04:48:06.152,kucoinfutures,AAVE/USDT:USDT,297.84,283.0,297.93,86.0,297.85,,
1753505295646,04:48:15.646,kucoinfutures,AAVE/USDT:USDT,297.85,86.0,297.91,86.0,297.86,,
1753505307643,04:48:27.643,kucoinfutures,AAVE/USDT:USDT,297.8,85.0,297.88,257.0,297.8,,
1753505329958,04:48:49.958,kucoinfutures,AAVE/USDT:USDT,297.84,86.0,297.87,86.0,297.86,,
1753505330904,04:48:50.904,kucoinfutures,AAVE/USDT:USDT,297.84,129.0,297.87,86.0,297.85,,
1753505353544,04:49:13.544,kucoinfutures,AAVE/USDT:USDT,297.77,85.0,297.87,85.0,297.78,,
1753505365544,04:49:25.544,kucoinfutures,AAVE/USDT:USDT,297.69,85.0,297.77,85.0,297.75,,
1753505387660,04:49:47.660,kucoinfutures,AAVE/USDT:USDT,297.71,84.0,297.75,84.0,297.72,,
1753505389031,04:49:49.031,kucoinfutures,AAVE/USDT:USDT,297.69,84.0,297.75,84.0,297.7,,
1753505399486,04:49:59.486,kucoinfutures,AAVE/USDT:USDT,297.7,83.0,297.75,84.0,297.71,,
1753505434640,04:50:34.640,kucoinfutures,AAVE/USDT:USDT,297.58,24.0,297.69,84.0,297.58,,
1753505447463,04:50:47.463,kucoinfutures,AAVE/USDT:USDT,297.63,129.0,297.69,84.0,297.68,,
1753505454929,04:50:54.929,kucoinfutures,AAVE/USDT:USDT,297.61,83.0,297.69,84.0,297.64,,
1753505460135,04:51:00.135,kucoinfutures,AAVE/USDT:USDT,297.59,70.0,297.65,85.0,297.64,,
1753505474425,04:51:14.425,kucoinfutures,AAVE/USDT:USDT,297.48,43.0,297.5,85.0,297.49,,
1753505474836,04:51:14.836,kucoinfutures,AAVE/USDT:USDT,297.4,271.0,297.48,85.0,297.43,,
1753505474841,04:51:14.841,kucoinfutures,AAVE/USDT:USDT,297.39,632.0,297.48,85.0,297.39,,
1753505482068,04:51:22.068,kucoinfutures,AAVE/USDT:USDT,297.44,177.0,297.45,115.0,297.45,,
1753505482070,04:51:22.070,kucoinfutures,AAVE/USDT:USDT,297.44,177.0,297.51,1.0,297.47,,
1753505490275,04:51:30.275,kucoinfutures,AAVE/USDT:USDT,297.76,63.0,297.85,84.0,297.76,,
1753505490279,04:51:30.279,kucoinfutures,AAVE/USDT:USDT,297.74,63.0,297.85,84.0,297.74,,
1753505490814,04:51:30.814,kucoinfutures,AAVE/USDT:USDT,297.75,84.0,297.83,84.0,297.79,,
1753505502568,04:51:42.568,kucoinfutures,AAVE/USDT:USDT,297.8,85.0,297.87,85.0,297.83,,
1753505533558,04:52:13.558,kucoinfutures,AAVE/USDT:USDT,297.89,39.0,297.93,83.0,297.92,,
1753505550865,04:52:30.865,kucoinfutures,AAVE/USDT:USDT,297.78,70.0,297.94,85.0,297.81,,
1753505550884,04:52:30.884,kucoinfutures,AAVE/USDT:USDT,297.85,21.0,297.86,9.0,297.85,,
1753505550896,04:52:30.896,kucoinfutures,AAVE/USDT:USDT,297.85,45.0,297.86,9.0,297.85,,
1753505550915,04:52:30.915,kucoinfutures,AAVE/USDT:USDT,297.8,105.0,297.86,9.0,297.8,,
1753505555059,04:52:35.059,kucoinfutures,AAVE/USDT:USDT,297.84,4.0,297.85,67.0,297.84,,
1753505557000,04:52:37.000,kucoinfutures,AAVE/USDT:USDT,297.8,85.0,297.84,83.0,297.83,,
1753505594856,04:53:14.856,kucoinfutures,AAVE/USDT:USDT,297.71,84.0,297.82,85.0,297.71,,
1753505598020,04:53:18.020,kucoinfutures,AAVE/USDT:USDT,297.71,84.0,297.8,84.0,297.72,,
1753505606856,04:53:26.856,kucoinfutures,AAVE/USDT:USDT,297.7,50.0,297.79,84.0,297.71,,
1753505612440,04:53:32.440,kucoinfutures,AAVE/USDT:USDT,297.69,84.0,297.79,84.0,297.7,,
1753505624344,04:53:44.344,kucoinfutures,AAVE/USDT:USDT,297.75,675.0,297.76,57.0,297.76,,
1753505624399,04:53:44.399,kucoinfutures,AAVE/USDT:USDT,297.75,675.0,297.76,48.0,297.76,,
1753505624433,04:53:44.433,kucoinfutures,AAVE/USDT:USDT,297.75,675.0,297.76,42.0,297.76,,
1753505630857,04:53:50.857,kucoinfutures,AAVE/USDT:USDT,297.78,85.0,297.86,83.0,297.79,,
1753505666852,04:54:26.852,kucoinfutures,AAVE/USDT:USDT,297.74,83.0,297.86,83.0,297.85,,
1753505690662,04:54:50.662,kucoinfutures,AAVE/USDT:USDT,297.78,83.0,297.87,134.0,297.86,,
1753505690662,04:54:50.662,kucoinfutures,AAVE/USDT:USDT,297.78,83.0,297.96,292.0,297.95,,
1753505690662,04:54:50.662,kucoinfutures,AAVE/USDT:USDT,297.94,64.0,297.99,126.0,297.99,,
1753505690664,04:54:50.664,kucoinfutures,AAVE/USDT:USDT,297.97,64.0,298.03,1489.0,298.03,,
1753505690728,04:54:50.728,kucoinfutures,AAVE/USDT:USDT,297.94,50.0,297.99,8.0,297.99,,
1753505690734,04:54:50.734,kucoinfutures,AAVE/USDT:USDT,297.99,64.0,298.02,24.0,298.02,,
1753505690735,04:54:50.735,kucoinfutures,AAVE/USDT:USDT,297.99,64.0,298.02,4.0,298.02,,
1753505690753,04:54:50.753,kucoinfutures,AAVE/USDT:USDT,297.94,93.0,297.95,88.0,297.95,,
1753505690759,04:54:50.759,kucoinfutures,AAVE/USDT:USDT,297.94,93.0,297.95,81.0,297.95,,
1753505690780,04:54:50.780,kucoinfutures,AAVE/USDT:USDT,297.91,83.0,297.93,31.0,297.93,,
1753505690809,04:54:50.809,kucoinfutures,AAVE/USDT:USDT,297.89,179.0,297.95,24.0,297.95,,
1753505690809,04:54:50.809,kucoinfutures,AAVE/USDT:USDT,297.89,179.0,297.95,6.0,297.95,,
1753505690891,04:54:50.891,kucoinfutures,AAVE/USDT:USDT,297.94,83.0,297.95,28.0,297.95,,
1753505692008,04:54:52.008,kucoinfutures,AAVE/USDT:USDT,297.93,83.0,297.99,113.0,297.99,,
1753505699158,04:54:59.158,kucoinfutures,AAVE/USDT:USDT,297.93,83.0,297.95,83.0,297.94,,
1753505701718,04:55:01.718,kucoinfutures,AAVE/USDT:USDT,297.95,53.0,297.99,122.0,297.95,,
1753505703686,04:55:03.686,kucoinfutures,AAVE/USDT:USDT,297.96,319.0,297.98,83.0,297.96,,
1753505703764,04:55:03.764,kucoinfutures,AAVE/USDT:USDT,297.96,305.0,297.98,83.0,297.96,,
1753505704865,04:55:04.865,kucoinfutures,AAVE/USDT:USDT,297.83,946.0,297.96,122.0,297.84,,
1753505713830,04:55:13.830,kucoinfutures,AAVE/USDT:USDT,297.89,83.0,297.94,39.0,297.9,,
1753505714856,04:55:14.856,kucoinfutures,AAVE/USDT:USDT,297.9,83.0,297.94,39.0,297.9,,
1753505715561,04:55:15.561,kucoinfutures,AAVE/USDT:USDT,297.89,71.0,297.91,122.0,297.89,,
1753505738856,04:55:38.856,kucoinfutures,AAVE/USDT:USDT,297.96,84.0,297.99,33.0,297.97,,
1753505743260,04:55:43.260,kucoinfutures,AAVE/USDT:USDT,297.96,84.0,297.98,85.0,297.97,,
1753505750856,04:55:50.856,kucoinfutures,AAVE/USDT:USDT,297.96,204.0,297.98,85.0,297.97,,
1753505758358,04:55:58.358,kucoinfutures,AAVE/USDT:USDT,297.96,204.0,298.05,239.0,297.99,,
1753505772571,04:56:12.571,kucoinfutures,AAVE/USDT:USDT,298.02,382.0,298.19,85.0,298.18,,
1753505789660,04:56:29.660,kucoinfutures,AAVE/USDT:USDT,297.95,226.0,297.96,119.0,297.95,,
1753505793568,04:56:33.568,kucoinfutures,AAVE/USDT:USDT,297.95,84.0,298.02,84.0,298.01,,
1753505802803,04:56:42.803,kucoinfutures,AAVE/USDT:USDT,297.96,107.0,298.0,85.0,297.96,,
1753505829568,04:57:09.568,kucoinfutures,AAVE/USDT:USDT,297.89,110.0,297.9,87.0,297.9,,
1753505840286,04:57:20.286,kucoinfutures,AAVE/USDT:USDT,297.86,84.0,297.9,87.0,297.87,,
1753505852284,04:57:32.284,kucoinfutures,AAVE/USDT:USDT,297.83,83.0,297.88,84.0,297.87,,
1753505885168,04:58:05.168,kucoinfutures,AAVE/USDT:USDT,297.89,84.0,297.94,84.0,297.93,,
1753505892169,04:58:12.169,kucoinfutures,AAVE/USDT:USDT,297.9,83.0,297.93,84.0,297.9,,
1753505897808,04:58:17.808,kucoinfutures,AAVE/USDT:USDT,297.9,83.0,297.93,84.0,297.92,,
1753505904169,04:58:24.169,kucoinfutures,AAVE/USDT:USDT,297.9,83.0,297.99,35.0,297.91,,
1753505912110,04:58:32.110,kucoinfutures,AAVE/USDT:USDT,297.91,83.0,297.95,85.0,297.94,,
1753505913664,04:58:33.664,kucoinfutures,AAVE/USDT:USDT,297.93,83.0,298.0,59.0,298.0,,
1753505916168,04:58:36.168,kucoinfutures,AAVE/USDT:USDT,297.93,83.0,298.0,59.0,297.99,,
1753505939951,04:58:59.951,kucoinfutures,AAVE/USDT:USDT,298.05,83.0,298.09,83.0,298.08,,
1753505949361,04:59:09.361,kucoinfutures,AAVE/USDT:USDT,298.02,83.0,298.08,354.0,298.05,,
1753505949364,04:59:09.364,kucoinfutures,AAVE/USDT:USDT,298.07,52.0,298.17,1.0,298.15,,
1753505950635,04:59:10.635,kucoinfutures,AAVE/USDT:USDT,298.08,69.0,298.09,35.0,298.08,,
1753505958952,04:59:18.952,kucoinfutures,AAVE/USDT:USDT,298.07,83.0,298.12,35.0,298.07,,
1753505971663,04:59:31.663,kucoinfutures,AAVE/USDT:USDT,298.02,83.0,298.08,83.0,298.03,,
1753505983028,04:59:43.028,kucoinfutures,AAVE/USDT:USDT,298.07,52.0,298.13,85.0,298.07,,
1753505994904,04:59:54.904,kucoinfutures,AAVE/USDT:USDT,297.98,86.0,298.06,85.0,298.05,,
1753506014688,05:00:14.688,kucoinfutures,AAVE/USDT:USDT,298.04,205.0,298.15,83.0,298.15,,
1753506018659,05:00:18.659,kucoinfutures,AAVE/USDT:USDT,298.03,135.0,298.05,120.0,298.04,,
1753506018708,05:00:18.708,kucoinfutures,AAVE/USDT:USDT,298.01,107.0,298.04,120.0,298.02,,
1753506023254,05:00:23.254,kucoinfutures,AAVE/USDT:USDT,298.0,85.0,298.04,85.0,298.03,,
1753506029312,05:00:29.312,kucoinfutures,AAVE/USDT:USDT,298.02,86.0,298.08,35.0,298.07,,
1753506053351,05:00:53.351,kucoinfutures,AAVE/USDT:USDT,297.99,67.0,298.0,120.0,297.99,,
1753506060632,05:01:00.632,kucoinfutures,AAVE/USDT:USDT,297.99,38.0,298.0,120.0,297.99,,
1753506060640,05:01:00.640,kucoinfutures,AAVE/USDT:USDT,297.99,28.0,298.0,120.0,297.99,,
1753506060640,05:01:00.640,kucoinfutures,AAVE/USDT:USDT,297.96,325.0,298.0,120.0,297.99,,
1753506061857,05:01:01.857,kucoinfutures,AAVE/USDT:USDT,297.91,42.0,297.92,31.0,297.91,,
1753506082064,05:01:22.064,kucoinfutures,AAVE/USDT:USDT,297.81,2399.0,297.83,84.0,297.82,,
1753506113716,05:01:53.716,kucoinfutures,AAVE/USDT:USDT,297.82,84.0,297.9,84.0,297.89,,
1753506169212,05:02:49.212,kucoinfutures,AAVE/USDT:USDT,297.8,83.0,297.87,83.0,297.82,,
1753506175998,05:02:55.998,kucoinfutures,AAVE/USDT:USDT,297.74,1111.0,297.87,83.0,297.74,,
1753506175999,05:02:55.999,kucoinfutures,AAVE/USDT:USDT,297.74,739.0,297.87,83.0,297.74,,
1753506176001,05:02:56.001,kucoinfutures,AAVE/USDT:USDT,297.74,583.0,297.87,83.0,297.74,,
1753506180484,05:03:00.484,kucoinfutures,AAVE/USDT:USDT,297.79,200.0,297.87,83.0,297.8,,
1753506192104,05:03:12.104,kucoinfutures,AAVE/USDT:USDT,297.8,85.0,297.91,85.0,297.8,,
1753506201230,05:03:21.230,kucoinfutures,AAVE/USDT:USDT,297.8,85.0,297.87,51.0,297.87,,
1753506201240,05:03:21.240,kucoinfutures,AAVE/USDT:USDT,297.8,85.0,297.87,46.0,297.87,,
1753506216108,05:03:36.108,kucoinfutures,AAVE/USDT:USDT,297.84,83.0,297.89,86.0,297.89,,
1753506240108,05:04:00.108,kucoinfutures,AAVE/USDT:USDT,297.79,84.0,297.84,31.0,297.79,,
1753506252110,05:04:12.110,kucoinfutures,AAVE/USDT:USDT,297.79,84.0,297.83,84.0,297.82,,
1753506283100,05:04:43.100,kucoinfutures,AAVE/USDT:USDT,297.87,85.0,297.96,83.0,297.88,,
1753506296120,05:04:56.120,kucoinfutures,AAVE/USDT:USDT,297.86,86.0,297.94,71.0,297.94,,
1753506301215,05:05:01.215,kucoinfutures,AAVE/USDT:USDT,297.87,86.0,297.93,86.0,297.93,,
1753506308921,05:05:08.921,kucoinfutures,AAVE/USDT:USDT,297.9,86.0,297.98,56.0,297.95,,
1753506312712,05:05:12.712,kucoinfutures,AAVE/USDT:USDT,297.94,86.0,297.99,26.0,297.99,,
1753506312729,05:05:12.729,kucoinfutures,AAVE/USDT:USDT,297.94,86.0,297.99,21.0,297.99,,
1753506312734,05:05:12.734,kucoinfutures,AAVE/USDT:USDT,297.94,86.0,297.99,7.0,297.99,,
1753506313216,05:05:13.216,kucoinfutures,AAVE/USDT:USDT,297.96,86.0,298.03,86.0,298.03,,
1753506314206,05:05:14.206,kucoinfutures,AAVE/USDT:USDT,297.96,54.0,298.03,86.0,297.96,,
1753506324200,05:05:24.200,kucoinfutures,AAVE/USDT:USDT,298.05,85.0,298.13,28.0,298.13,,
1753506324268,05:05:24.268,kucoinfutures,AAVE/USDT:USDT,298.07,85.0,298.13,22.0,298.13,,
1753506325216,05:05:25.216,kucoinfutures,AAVE/USDT:USDT,298.07,85.0,298.17,85.0,298.08,,
1753506336999,05:05:36.999,kucoinfutures,AAVE/USDT:USDT,298.1,85.0,298.17,85.0,298.11,,
1753506351222,05:05:51.222,kucoinfutures,AAVE/USDT:USDT,298.1,167.0,298.11,114.0,298.1,,
1753506351224,05:05:51.224,kucoinfutures,AAVE/USDT:USDT,298.1,146.0,298.11,114.0,298.1,,
1753506351231,05:05:51.231,kucoinfutures,AAVE/USDT:USDT,298.08,238.0,298.11,114.0,298.1,,
1753506351281,05:05:51.281,kucoinfutures,AAVE/USDT:USDT,298.08,233.0,298.09,263.0,298.08,,
1753506351291,05:05:51.291,kucoinfutures,AAVE/USDT:USDT,298.02,1.0,298.09,263.0,298.08,,
1753506359835,05:05:59.835,kucoinfutures,AAVE/USDT:USDT,297.92,154.0,297.99,228.0,297.93,,
1753506387889,05:06:27.889,kucoinfutures,AAVE/USDT:USDT,297.69,81.0,297.7,23.0,297.7,,
1753506387984,05:06:27.984,kucoinfutures,AAVE/USDT:USDT,297.69,155.0,297.73,12.0,297.73,,
1753506387988,05:06:27.988,kucoinfutures,AAVE/USDT:USDT,297.69,155.0,297.73,4.0,297.73,,
1753506421278,05:07:01.278,kucoinfutures,AAVE/USDT:USDT,297.71,86.0,297.73,31.0,297.72,,
1753506427204,05:07:07.204,kucoinfutures,AAVE/USDT:USDT,297.71,83.0,297.74,86.0,297.73,,
1753506436200,05:07:16.200,kucoinfutures,AAVE/USDT:USDT,297.7,83.0,297.77,83.0,297.72,,
1753506438139,05:07:18.139,kucoinfutures,AAVE/USDT:USDT,297.77,86.0,297.82,86.0,297.78,,
1753506450748,05:07:30.748,kucoinfutures,AAVE/USDT:USDT,297.75,86.0,297.82,498.0,297.76,,
1753506556686,05:09:16.686,kucoinfutures,AAVE/USDT:USDT,297.59,85.0,297.66,83.0,297.66,,
1753506563896,05:09:23.896,kucoinfutures,AAVE/USDT:USDT,297.6,60.0,297.65,86.0,297.6,,
1753506564433,05:09:24.433,kucoinfutures,AAVE/USDT:USDT,297.6,60.0,297.65,86.0,297.64,,
1753506595436,05:09:55.436,kucoinfutures,AAVE/USDT:USDT,297.66,85.0,297.69,83.0,297.66,,
1753506611678,05:10:11.678,kucoinfutures,AAVE/USDT:USDT,297.65,85.0,297.69,83.0,297.67,,
1753506636278,05:10:36.278,kucoinfutures,AAVE/USDT:USDT,297.5,2404.0,297.51,114.0,297.5,,
1753506636300,05:10:36.300,kucoinfutures,AAVE/USDT:USDT,297.5,2322.0,297.51,114.0,297.5,,
1753506643416,05:10:43.416,kucoinfutures,AAVE/USDT:USDT,297.48,2328.0,297.53,85.0,297.49,,
1753506644460,05:10:44.460,kucoinfutures,AAVE/USDT:USDT,297.49,85.0,297.53,85.0,297.5,,
1753506650753,05:10:50.753,kucoinfutures,AAVE/USDT:USDT,297.49,783.0,297.55,3.0,297.55,,
1753506650824,05:10:50.824,kucoinfutures,AAVE/USDT:USDT,297.5,85.0,297.55,2.0,297.55,,
1753506650944,05:10:50.944,kucoinfutures,AAVE/USDT:USDT,297.5,85.0,297.59,180.0,297.55,,
1753506656439,05:10:56.439,kucoinfutures,AAVE/USDT:USDT,297.55,85.0,297.59,85.0,297.58,,
1753506658051,05:10:58.051,kucoinfutures,AAVE/USDT:USDT,297.55,85.0,297.58,21.0,297.58,,
