timestamp,time,exchange,symbol,bid,bidVolume,ask,askVolume,lastPrice,baseVolume,quoteVolume
1753507232532,05:20:32.532,mexc,AAVE/USDT:USDT,,,,,298.61,29350360.0,85412115.7164
1753507234534,05:20:34.534,mexc,AAVE/USDT:USDT,,,,,298.56,29350363.0,85412124.6732
1753507236549,05:20:36.549,mexc,AAVE/USDT:USDT,,,,,298.55,29350943.0,85413856.2632
1753507236549,05:20:36.549,mexc,AAVE/USDT:USDT,,,,,298.55,29350943.0,85413856.2632
1753507242523,05:20:42.523,mexc,AAVE/USDT:USDT,,,,,298.55,29351521.0,85415581.8822
1753507244535,05:20:44.535,mexc,AAVE/USDT:USDT,,,,,298.56,29351620.0,85415877.4566
1753507246548,05:20:46.548,mexc,AAVE/USDT:USDT,,,,,298.56,29351620.0,85415877.4566
1753507248535,05:20:48.535,mexc,AAVE/USDT:USDT,,,,,298.6,29351930.0,85416803.1166
1753507248535,05:20:48.535,mexc,AAVE/USDT:USDT,,,,,298.6,29351930.0,85416803.1166
1753507248535,05:20:48.535,mexc,AAVE/USDT:USDT,,,,,298.6,29351930.0,85416803.1166
1753507256553,05:20:56.553,mexc,AAVE/USDT:USDT,,,,,298.61,29352336.0,85418015.4732
1753507256553,05:20:56.553,mexc,AAVE/USDT:USDT,,,,,298.61,29352336.0,85418015.4732
1753507256553,05:20:56.553,mexc,AAVE/USDT:USDT,,,,,298.61,29352336.0,85418015.4732
1753507256553,05:20:56.553,mexc,AAVE/USDT:USDT,,,,,298.61,29352336.0,85418015.4732
1753507264540,05:21:04.540,mexc,AAVE/USDT:USDT,,,,,298.6,29353820.0,85422446.6972
1753507264540,05:21:04.540,mexc,AAVE/USDT:USDT,,,,,298.6,29353820.0,85422446.6972
1753507270608,05:21:10.608,mexc,AAVE/USDT:USDT,,,,,298.79,29354521.0,85424540.8651
1753507272547,05:21:12.547,mexc,AAVE/USDT:USDT,,,,,298.79,29354521.0,85424540.8651
1753507274552,05:21:14.552,mexc,AAVE/USDT:USDT,,,,,298.79,29354521.0,85424540.8651
1753507274552,05:21:14.552,mexc,AAVE/USDT:USDT,,,,,298.79,29354521.0,85424540.8651
1753507274552,05:21:14.552,mexc,AAVE/USDT:USDT,,,,,298.79,29354521.0,85424540.8651
1753507274552,05:21:14.552,mexc,AAVE/USDT:USDT,,,,,298.79,29354521.0,85424540.8651
1753507274552,05:21:14.552,mexc,AAVE/USDT:USDT,,,,,298.79,29354521.0,85424540.8651
1753507286545,05:21:26.545,mexc,AAVE/USDT:USDT,,,,,298.8,29354525.0,85424552.8171
1753507288555,05:21:28.555,mexc,AAVE/USDT:USDT,,,,,298.8,29354526.0,85424555.8051
1753507290543,05:21:30.543,mexc,AAVE/USDT:USDT,,,,,298.82,29354910.0,85425703.2739
1753507292545,05:21:32.545,mexc,AAVE/USDT:USDT,,,,,298.82,29354910.0,85425703.2739
1753507292545,05:21:32.545,mexc,AAVE/USDT:USDT,,,,,298.82,29354910.0,85425703.2739
1753507298544,05:21:38.544,mexc,AAVE/USDT:USDT,,,,,298.82,29354910.0,85425703.2739
1753507298544,05:21:38.544,mexc,AAVE/USDT:USDT,,,,,298.82,29354910.0,85425703.2739
1753507302534,05:21:42.534,mexc,AAVE/USDT:USDT,,,,,298.7,29354913.0,85425712.2349
1753507302534,05:21:42.534,mexc,AAVE/USDT:USDT,,,,,298.7,29354913.0,85425712.2349
1753507302534,05:21:42.534,mexc,AAVE/USDT:USDT,,,,,298.7,29354913.0,85425712.2349
1753507310543,05:21:50.543,mexc,AAVE/USDT:USDT,,,,,298.7,29354917.0,85425724.1829
1753507310543,05:21:50.543,mexc,AAVE/USDT:USDT,,,,,298.7,29354917.0,85425724.1829
1753507310543,05:21:50.543,mexc,AAVE/USDT:USDT,,,,,298.7,29354917.0,85425724.1829
1753507316541,05:21:56.541,mexc,AAVE/USDT:USDT,,,,,298.7,29354917.0,85425724.1829
1753507316541,05:21:56.541,mexc,AAVE/USDT:USDT,,,,,298.7,29354917.0,85425724.1829
1753507320581,05:22:00.581,mexc,AAVE/USDT:USDT,,,,,298.7,29355338.0,85426981.7105
1753507324524,05:22:04.524,mexc,AAVE/USDT:USDT,,,,,298.69,29355459.0,85427343.1254
1753507324524,05:22:04.524,mexc,AAVE/USDT:USDT,,,,,298.69,29355459.0,85427343.1254
1753507324524,05:22:04.524,mexc,AAVE/USDT:USDT,,,,,298.69,29355459.0,85427343.1254
1753507324524,05:22:04.524,mexc,AAVE/USDT:USDT,,,,,298.69,29355459.0,85427343.1254
1753507324524,05:22:04.524,mexc,AAVE/USDT:USDT,,,,,298.69,29355459.0,85427343.1254
1753507324524,05:22:04.524,mexc,AAVE/USDT:USDT,,,,,298.69,29355459.0,85427343.1254
1753507338533,05:22:18.533,mexc,AAVE/USDT:USDT,,,,,298.69,29355459.0,85427343.1254
1753507340531,05:22:20.531,mexc,AAVE/USDT:USDT,,,,,298.73,29355462.0,85427352.0873
1753507340531,05:22:20.531,mexc,AAVE/USDT:USDT,,,,,298.73,29355462.0,85427352.0873
1753507344547,05:22:24.547,mexc,AAVE/USDT:USDT,,,,,298.88,29355469.0,85427373.0069
1753507346533,05:22:26.533,mexc,AAVE/USDT:USDT,,,,,298.88,29356176.0,85429486.0885
1753507350548,05:22:30.548,mexc,AAVE/USDT:USDT,,,,,299.1,29357861.0,85434524.2675
1753507352545,05:22:32.545,mexc,AAVE/USDT:USDT,,,,,299.11,29388348.0,85525711.5275
1753507354551,05:22:34.551,mexc,AAVE/USDT:USDT,,,,,299.02,29389209.0,85528286.0897
1753507356538,05:22:36.538,mexc,AAVE/USDT:USDT,,,,,299.02,29389209.0,85528286.0897
1753507358545,05:22:38.545,mexc,AAVE/USDT:USDT,,,,,299.02,29389209.0,85528286.0897
1753507360550,05:22:40.550,mexc,AAVE/USDT:USDT,,,,,299.02,29389209.0,85528286.0897
1753507364546,05:22:44.546,mexc,AAVE/USDT:USDT,,,,,299.33,29402410.0,85567800.5275
1753507366541,05:22:46.541,mexc,AAVE/USDT:USDT,,,,,299.32,29402484.0,85568022.0243
1753507368549,05:22:48.549,mexc,AAVE/USDT:USDT,,,,,299.45,29408463.0,85585926.2346
1753507370542,05:22:50.542,mexc,AAVE/USDT:USDT,,,,,299.45,29408463.0,85585926.2346
1753507372534,05:22:52.534,mexc,AAVE/USDT:USDT,,,,,299.46,29408636.0,85586444.3004
1753507374548,05:22:54.548,mexc,AAVE/USDT:USDT,,,,,299.34,29409336.0,85588539.6804
1753507378554,05:22:58.554,mexc,AAVE/USDT:USDT,,,,,299.34,29409336.0,85588539.6804
1753507378554,05:22:58.554,mexc,AAVE/USDT:USDT,,,,,299.34,29409336.0,85588539.6804
1753507382555,05:23:02.555,mexc,AAVE/USDT:USDT,,,,,299.34,29409336.0,85588539.6804
1753507384549,05:23:04.549,mexc,AAVE/USDT:USDT,,,,,299.34,29409336.0,85588539.6804
1753507386544,05:23:06.544,mexc,AAVE/USDT:USDT,,,,,299.41,29409340.0,85588551.6568
1753507388554,05:23:08.554,mexc,AAVE/USDT:USDT,,,,,299.43,29409439.0,85588848.0925
1753507392613,05:23:12.613,mexc,AAVE/USDT:USDT,,,,,299.44,29410711.0,85592656.9693
1753507394542,05:23:14.542,mexc,AAVE/USDT:USDT,,,,,299.44,29410711.0,85592656.9693
1753507396549,05:23:16.549,mexc,AAVE/USDT:USDT,,,,,299.44,29410711.0,85592656.9693
1753507396549,05:23:16.549,mexc,AAVE/USDT:USDT,,,,,299.44,29410711.0,85592656.9693
1753507400548,05:23:20.548,mexc,AAVE/USDT:USDT,,,,,299.44,29410711.0,85592656.9693
1753507404542,05:23:24.542,mexc,AAVE/USDT:USDT,,,,,299.44,29410711.0,85592656.9693
1753507406543,05:23:26.543,mexc,AAVE/USDT:USDT,,,,,298.91,29410717.0,85592674.9045
1753507408552,05:23:28.552,mexc,AAVE/USDT:USDT,,,,,298.86,29411002.0,85593526.6927
1753507410553,05:23:30.553,mexc,AAVE/USDT:USDT,,,,,298.9,29411095.0,85593804.6697
1753507412544,05:23:32.544,mexc,AAVE/USDT:USDT,,,,,298.9,29411095.0,85593804.6697
1753507414546,05:23:34.546,mexc,AAVE/USDT:USDT,,,,,298.9,29411095.0,85593804.6697
1753507418537,05:23:38.537,mexc,AAVE/USDT:USDT,,,,,298.9,29411095.0,85593804.6697
1753507420544,05:23:40.544,mexc,AAVE/USDT:USDT,,,,,298.9,29411095.0,85593804.6697
1753507422544,05:23:42.544,mexc,AAVE/USDT:USDT,,,,,299.08,29411099.0,85593816.6329
1753507424600,05:23:44.600,mexc,AAVE/USDT:USDT,,,,,299.08,29411099.0,85593816.6329
1753507424600,05:23:44.600,mexc,AAVE/USDT:USDT,,,,,299.08,29411099.0,85593816.6329
1753507428541,05:23:48.541,mexc,AAVE/USDT:USDT,,,,,299.1,29411473.0,85594935.2669
1753507432524,05:23:52.524,mexc,AAVE/USDT:USDT,,,,,299.1,29411473.0,85594935.2669
1753507434544,05:23:54.544,mexc,AAVE/USDT:USDT,,,,,299.1,29411473.0,85594935.2669
1753507434544,05:23:54.544,mexc,AAVE/USDT:USDT,,,,,299.1,29411473.0,85594935.2669
1753507434544,05:23:54.544,mexc,AAVE/USDT:USDT,,,,,299.1,29411473.0,85594935.2669
1753507440623,05:24:00.623,mexc,AAVE/USDT:USDT,,,,,299.09,29411476.0,85594944.2396
1753507440623,05:24:00.623,mexc,AAVE/USDT:USDT,,,,,299.09,29411476.0,85594944.2396
1753507446547,05:24:06.547,mexc,AAVE/USDT:USDT,,,,,299.09,29411476.0,85594944.2396
1753507448541,05:24:08.541,mexc,AAVE/USDT:USDT,,,,,299.1,29411479.0,85594953.2126
1753507450540,05:24:10.540,mexc,AAVE/USDT:USDT,,,,,299.24,29411485.0,85594971.1664
1753507452539,05:24:12.539,mexc,AAVE/USDT:USDT,,,,,299.24,29411485.0,85594971.1664
1753507452539,05:24:12.539,mexc,AAVE/USDT:USDT,,,,,299.24,29411485.0,85594971.1664
1753507456539,05:24:16.539,mexc,AAVE/USDT:USDT,,,,,299.24,29411485.0,85594971.1664
1753507460541,05:24:20.541,mexc,AAVE/USDT:USDT,,,,,299.2,29412184.0,85597063.2008
1753507462532,05:24:22.532,mexc,AAVE/USDT:USDT,,,,,299.2,29412184.0,85597063.2008
1753507464539,05:24:24.539,mexc,AAVE/USDT:USDT,,,,,299.2,29412184.0,85597063.2008
1753507466539,05:24:26.539,mexc,AAVE/USDT:USDT,,,,,299.2,29412184.0,85597063.2008
1753507468548,05:24:28.548,mexc,AAVE/USDT:USDT,,,,,299.2,29412184.0,85597063.2008
1753507472551,05:24:32.551,mexc,AAVE/USDT:USDT,,,,,299.24,29412190.0,85597081.1552
1753507474550,05:24:34.550,mexc,AAVE/USDT:USDT,,,,,299.24,29412581.0,85598251.1836
1753507474550,05:24:34.550,mexc,AAVE/USDT:USDT,,,,,299.24,29412581.0,85598251.1836
1753507478536,05:24:38.536,mexc,AAVE/USDT:USDT,,,,,299.24,29412581.0,85598251.1836
1753507480542,05:24:40.542,mexc,AAVE/USDT:USDT,,,,,299.24,29412581.0,85598251.1836
1753507482542,05:24:42.542,mexc,AAVE/USDT:USDT,,,,,299.24,29412581.0,85598251.1836
1753507486594,05:24:46.594,mexc,AAVE/USDT:USDT,,,,,299.17,29413249.0,85600249.6392
1753507486594,05:24:46.594,mexc,AAVE/USDT:USDT,,,,,299.17,29413249.0,85600249.6392
1753507486594,05:24:46.594,mexc,AAVE/USDT:USDT,,,,,299.17,29413249.0,85600249.6392
1753507492548,05:24:52.548,mexc,AAVE/USDT:USDT,,,,,299.17,29414749.0,85604737.1892
1753507492548,05:24:52.548,mexc,AAVE/USDT:USDT,,,,,299.17,29414749.0,85604737.1892
1753507496542,05:24:56.542,mexc,AAVE/USDT:USDT,,,,,299.17,29414749.0,85604737.1892
1753507500607,05:25:00.607,mexc,AAVE/USDT:USDT,,,,,299.17,29414749.0,85604737.1892
1753507502539,05:25:02.539,mexc,AAVE/USDT:USDT,,,,,299.31,29415206.0,85606105.0359
1753507504544,05:25:04.544,mexc,AAVE/USDT:USDT,,,,,299.32,29415339.0,85606503.1315
1753507506547,05:25:06.547,mexc,AAVE/USDT:USDT,,,,,299.32,29415339.0,85606503.1315
1753507506547,05:25:06.547,mexc,AAVE/USDT:USDT,,,,,299.32,29415339.0,85606503.1315
1753507510549,05:25:10.549,mexc,AAVE/USDT:USDT,,,,,299.32,29415339.0,85606503.1315
1753507510549,05:25:10.549,mexc,AAVE/USDT:USDT,,,,,299.32,29415339.0,85606503.1315
1753507516606,05:25:16.606,mexc,AAVE/USDT:USDT,,,,,299.35,29415341.0,85606509.1185
1753507518552,05:25:18.552,mexc,AAVE/USDT:USDT,,,,,299.35,29415352.0,85606542.047
1753507520539,05:25:20.539,mexc,AAVE/USDT:USDT,,,,,299.35,29415352.0,85606542.047
1753507520539,05:25:20.539,mexc,AAVE/USDT:USDT,,,,,299.35,29415352.0,85606542.047
1753507524537,05:25:24.537,mexc,AAVE/USDT:USDT,,,,,299.37,29415940.0,85608302.3426
1753507528540,05:25:28.540,mexc,AAVE/USDT:USDT,,,,,299.36,29417913.0,85614208.7154
1753507528540,05:25:28.540,mexc,AAVE/USDT:USDT,,,,,299.36,29417913.0,85614208.7154
1753507528540,05:25:28.540,mexc,AAVE/USDT:USDT,,,,,299.36,29417913.0,85614208.7154
1753507528540,05:25:28.540,mexc,AAVE/USDT:USDT,,,,,299.36,29417913.0,85614208.7154
1753507528540,05:25:28.540,mexc,AAVE/USDT:USDT,,,,,299.36,29417913.0,85614208.7154
1753507538522,05:25:38.522,mexc,AAVE/USDT:USDT,,,,,299.35,29417943.0,85614298.5176
1753507542549,05:25:42.549,mexc,AAVE/USDT:USDT,,,,,299.32,29418074.0,85614690.6268
1753507544539,05:25:44.539,mexc,AAVE/USDT:USDT,,,,,299.31,29418156.0,85614936.061
1753507546616,05:25:46.616,mexc,AAVE/USDT:USDT,,,,,299.31,29418156.0,85614936.061
1753507548541,05:25:48.541,mexc,AAVE/USDT:USDT,,,,,299.31,29418156.0,85614936.061
1753507548541,05:25:48.541,mexc,AAVE/USDT:USDT,,,,,299.31,29418156.0,85614936.061
1753507552546,05:25:52.546,mexc,AAVE/USDT:USDT,,,,,299.31,29418156.0,85614936.061
1753507556547,05:25:56.547,mexc,AAVE/USDT:USDT,,,,,299.36,29418533.0,85616064.5391
1753507556547,05:25:56.547,mexc,AAVE/USDT:USDT,,,,,299.36,29418533.0,85616064.5391
1753507556547,05:25:56.547,mexc,AAVE/USDT:USDT,,,,,299.36,29418533.0,85616064.5391
1753507556547,05:25:56.547,mexc,AAVE/USDT:USDT,,,,,299.36,29418533.0,85616064.5391
1753507556547,05:25:56.547,mexc,AAVE/USDT:USDT,,,,,299.36,29418533.0,85616064.5391
1753507556547,05:25:56.547,mexc,AAVE/USDT:USDT,,,,,299.36,29418533.0,85616064.5391
1753507570572,05:26:10.572,mexc,AAVE/USDT:USDT,,,,,299.37,29418664.0,85616456.7138
1753507572543,05:26:12.543,mexc,AAVE/USDT:USDT,,,,,299.36,29419430.0,85618749.818
1753507574549,05:26:14.549,mexc,AAVE/USDT:USDT,,,,,299.38,29421430.0,85624737.418
1753507574549,05:26:14.549,mexc,AAVE/USDT:USDT,,,,,299.38,29421430.0,85624737.418
1753507578610,05:26:18.610,mexc,AAVE/USDT:USDT,,,,,299.38,29421430.0,85624737.418
1753507582539,05:26:22.539,mexc,AAVE/USDT:USDT,,,,,299.38,29421532.0,85625042.7856
1753507584535,05:26:24.535,mexc,AAVE/USDT:USDT,,,,,299.38,29421532.0,85625042.7856
1753507586550,05:26:26.550,mexc,AAVE/USDT:USDT,,,,,299.45,29421606.0,85625264.3786
1753507588550,05:26:28.550,mexc,AAVE/USDT:USDT,,,,,299.45,29421606.0,85625264.3786
1753507588550,05:26:28.550,mexc,AAVE/USDT:USDT,,,,,299.45,29421606.0,85625264.3786
1753507588550,05:26:28.550,mexc,AAVE/USDT:USDT,,,,,299.45,29421606.0,85625264.3786
1753507596549,05:26:36.549,mexc,AAVE/USDT:USDT,,,,,299.46,29421680.0,85625485.979
1753507596549,05:26:36.549,mexc,AAVE/USDT:USDT,,,,,299.46,29421680.0,85625485.979
1753507596549,05:26:36.549,mexc,AAVE/USDT:USDT,,,,,299.46,29421680.0,85625485.979
1753507602547,05:26:42.547,mexc,AAVE/USDT:USDT,,,,,299.45,29421864.0,85626036.967
1753507602547,05:26:42.547,mexc,AAVE/USDT:USDT,,,,,299.45,29421864.0,85626036.967
1753507606554,05:26:46.554,mexc,AAVE/USDT:USDT,,,,,299.45,29421864.0,85626036.967
1753507606554,05:26:46.554,mexc,AAVE/USDT:USDT,,,,,299.45,29421864.0,85626036.967
1753507612545,05:26:52.545,mexc,AAVE/USDT:USDT,,,,,299.45,29422047.0,85626584.9605
1753507612545,05:26:52.545,mexc,AAVE/USDT:USDT,,,,,299.45,29422047.0,85626584.9605
1753507616539,05:26:56.539,mexc,AAVE/USDT:USDT,,,,,299.45,29422047.0,85626584.9605
1753507618589,05:26:58.589,mexc,AAVE/USDT:USDT,,,,,299.45,29422047.0,85626584.9605
1753507618589,05:26:58.589,mexc,AAVE/USDT:USDT,,,,,299.45,29422047.0,85626584.9605
1753507624546,05:27:04.546,mexc,AAVE/USDT:USDT,,,,,299.45,29422047.0,85626584.9605
1753507626545,05:27:06.545,mexc,AAVE/USDT:USDT,,,,,299.35,29422051.0,85626596.9345
1753507628532,05:27:08.532,mexc,AAVE/USDT:USDT,,,,,299.35,29423437.0,85630745.9255
1753507630552,05:27:10.552,mexc,AAVE/USDT:USDT,,,,,299.29,29425648.0,85637363.2274
1753507632560,05:27:12.560,mexc,AAVE/USDT:USDT,,,,,299.29,29431424.0,85654650.2178
1753507634549,05:27:14.549,mexc,AAVE/USDT:USDT,,,,,299.29,29431460.0,85654757.9622
1753507638609,05:27:18.609,mexc,AAVE/USDT:USDT,,,,,299.27,29431890.0,85656044.8232
1753507638609,05:27:18.609,mexc,AAVE/USDT:USDT,,,,,299.27,29431890.0,85656044.8232
1753507642541,05:27:22.541,mexc,AAVE/USDT:USDT,,,,,299.27,29431890.0,85656044.8232
1753507642541,05:27:22.541,mexc,AAVE/USDT:USDT,,,,,299.27,29431890.0,85656044.8232
1753507646542,05:27:26.542,mexc,AAVE/USDT:USDT,,,,,299.27,29431890.0,85656044.8232
1753507648539,05:27:28.539,mexc,AAVE/USDT:USDT,,,,,299.27,29431890.0,85656044.8232
1753507652540,05:27:32.540,mexc,AAVE/USDT:USDT,,,,,299.44,29432154.0,85656835.3448
1753507654553,05:27:34.553,mexc,AAVE/USDT:USDT,,,,,299.44,29432154.0,85656835.3448
1753507656540,05:27:36.540,mexc,AAVE/USDT:USDT,,,,,299.5,29432156.0,85656841.3348
1753507658537,05:27:38.537,mexc,AAVE/USDT:USDT,,,,,299.5,29432156.0,85656841.3348
1753507660550,05:27:40.550,mexc,AAVE/USDT:USDT,,,,,299.5,29432156.0,85656841.3348
1753507664539,05:27:44.539,mexc,AAVE/USDT:USDT,,,,,299.54,29432541.0,85657994.4424
1753507664539,05:27:44.539,mexc,AAVE/USDT:USDT,,,,,299.54,29432541.0,85657994.4424
1753507668540,05:27:48.540,mexc,AAVE/USDT:USDT,,,,,299.57,29432545.0,85658006.4252
1753507668540,05:27:48.540,mexc,AAVE/USDT:USDT,,,,,299.57,29432545.0,85658006.4252
1753507672553,05:27:52.553,mexc,AAVE/USDT:USDT,,,,,299.58,29440684.0,85682389.2414
