timestamp,time,exchange,symbol,bid,bidVolume,ask,askVolume,lastPrice,baseVolume,quoteVolume
1753504786623,04:39:46.623,mexc,ALGO/USDT:USDT,,,,,0.2697,85335600.0,22183477.453
1753504788618,04:39:48.618,mexc,ALGO/USDT:USDT,,,,,0.2699,85335667.0,22183495.5363
1753504792621,04:39:52.621,mexc,ALGO/USDT:USDT,,,,,0.2699,85349867.0,22187326.0356
1753504792621,04:39:52.621,mexc,ALGO/USDT:USDT,,,,,0.2699,85349867.0,22187326.0356
1753504792621,04:39:52.621,mexc,ALGO/USDT:USDT,,,,,0.2699,85349867.0,22187326.0356
1753504792621,04:39:52.621,mexc,ALGO/USDT:USDT,,,,,0.2699,85349867.0,22187326.0356
1753504800801,04:40:00.801,mexc,ALGO/USDT:USDT,,,,,0.2698,85365054.0,22191423.6995
1753504800801,04:40:00.801,mexc,ALGO/USDT:USDT,,,,,0.2698,85365054.0,22191423.6995
1753504800801,04:40:00.801,mexc,ALGO/USDT:USDT,,,,,0.2698,85365054.0,22191423.6995
1753504800801,04:40:00.801,mexc,ALGO/USDT:USDT,,,,,0.2698,85365054.0,22191423.6995
1753504800801,04:40:00.801,mexc,ALGO/USDT:USDT,,,,,0.2698,85365054.0,22191423.6995
1753504800801,04:40:00.801,mexc,ALGO/USDT:USDT,,,,,0.2698,85365054.0,22191423.6995
1753504814623,04:40:14.623,mexc,ALGO/USDT:USDT,,,,,0.2699,85365119.0,22191441.243
1753504816609,04:40:16.609,mexc,ALGO/USDT:USDT,,,,,0.2699,85365119.0,22191441.243
1753504820624,04:40:20.624,mexc,ALGO/USDT:USDT,,,,,0.2699,85365181.0,22191457.9768
1753504820624,04:40:20.624,mexc,ALGO/USDT:USDT,,,,,0.2699,85365181.0,22191457.9768
1753504820624,04:40:20.624,mexc,ALGO/USDT:USDT,,,,,0.2699,85365181.0,22191457.9768
1753504826629,04:40:26.629,mexc,ALGO/USDT:USDT,,,,,0.27,85365237.0,22191473.0968
1753504828622,04:40:28.622,mexc,ALGO/USDT:USDT,,,,,0.27,85365237.0,22191473.0968
1753504830666,04:40:30.666,mexc,ALGO/USDT:USDT,,,,,0.27,85365237.0,22191473.0968
1753504830666,04:40:30.666,mexc,ALGO/USDT:USDT,,,,,0.27,85365237.0,22191473.0968
1753504830666,04:40:30.666,mexc,ALGO/USDT:USDT,,,,,0.27,85365237.0,22191473.0968
1753504830666,04:40:30.666,mexc,ALGO/USDT:USDT,,,,,0.27,85365237.0,22191473.0968
1753504830666,04:40:30.666,mexc,ALGO/USDT:USDT,,,,,0.27,85365237.0,22191473.0968
1753504842621,04:40:42.621,mexc,ALGO/USDT:USDT,,,,,0.2699,85365284.0,22191485.7821
1753504842621,04:40:42.621,mexc,ALGO/USDT:USDT,,,,,0.2699,85365284.0,22191485.7821
1753504848614,04:40:48.614,mexc,ALGO/USDT:USDT,,,,,0.2699,85365284.0,22191485.7821
1753504850614,04:40:50.614,mexc,ALGO/USDT:USDT,,,,,0.2699,85372694.0,22193485.7411
1753504850614,04:40:50.614,mexc,ALGO/USDT:USDT,,,,,0.2699,85372694.0,22193485.7411
1753504850614,04:40:50.614,mexc,ALGO/USDT:USDT,,,,,0.2699,85372694.0,22193485.7411
1753504850614,04:40:50.614,mexc,ALGO/USDT:USDT,,,,,0.2699,85372694.0,22193485.7411
1753504850614,04:40:50.614,mexc,ALGO/USDT:USDT,,,,,0.2699,85372694.0,22193485.7411
1753504862625,04:41:02.625,mexc,ALGO/USDT:USDT,,,,,0.2699,85372750.0,22193500.8555
1753504862625,04:41:02.625,mexc,ALGO/USDT:USDT,,,,,0.2699,85372750.0,22193500.8555
1753504862625,04:41:02.625,mexc,ALGO/USDT:USDT,,,,,0.2699,85372750.0,22193500.8555
1753504868612,04:41:08.612,mexc,ALGO/USDT:USDT,,,,,0.2699,85372778.0,22193508.4127
1753504868612,04:41:08.612,mexc,ALGO/USDT:USDT,,,,,0.2699,85372778.0,22193508.4127
1753504868612,04:41:08.612,mexc,ALGO/USDT:USDT,,,,,0.2699,85372778.0,22193508.4127
1753504876624,04:41:16.624,mexc,ALGO/USDT:USDT,,,,,0.2699,85372778.0,22193508.4127
1753504878619,04:41:18.619,mexc,ALGO/USDT:USDT,,,,,0.2699,85372778.0,22193508.4127
1753504878619,04:41:18.619,mexc,ALGO/USDT:USDT,,,,,0.2699,85372778.0,22193508.4127
1753504882609,04:41:22.609,mexc,ALGO/USDT:USDT,,,,,0.27,85372820.0,22193519.7527
1753504882609,04:41:22.609,mexc,ALGO/USDT:USDT,,,,,0.27,85372820.0,22193519.7527
1753504882609,04:41:22.609,mexc,ALGO/USDT:USDT,,,,,0.27,85372820.0,22193519.7527
1753504882609,04:41:22.609,mexc,ALGO/USDT:USDT,,,,,0.27,85372820.0,22193519.7527
1753504882609,04:41:22.609,mexc,ALGO/USDT:USDT,,,,,0.27,85372820.0,22193519.7527
1753504882609,04:41:22.609,mexc,ALGO/USDT:USDT,,,,,0.27,85372820.0,22193519.7527
1753504896618,04:41:36.618,mexc,ALGO/USDT:USDT,,,,,0.27,85372840.0,22193525.1527
1753504896618,04:41:36.618,mexc,ALGO/USDT:USDT,,,,,0.27,85372840.0,22193525.1527
1753504896618,04:41:36.618,mexc,ALGO/USDT:USDT,,,,,0.27,85372840.0,22193525.1527
1753504904620,04:41:44.620,mexc,ALGO/USDT:USDT,,,,,0.27,85372840.0,22193525.1527
1753504904620,04:41:44.620,mexc,ALGO/USDT:USDT,,,,,0.27,85372840.0,22193525.1527
1753504908623,04:41:48.623,mexc,ALGO/USDT:USDT,,,,,0.27,85372840.0,22193525.1527
1753504910614,04:41:50.614,mexc,ALGO/USDT:USDT,,,,,0.2699,85372900.0,22193541.3467
1753504910614,04:41:50.614,mexc,ALGO/USDT:USDT,,,,,0.2699,85372900.0,22193541.3467
1753504910614,04:41:50.614,mexc,ALGO/USDT:USDT,,,,,0.2699,85372900.0,22193541.3467
1753504910614,04:41:50.614,mexc,ALGO/USDT:USDT,,,,,0.2699,85372900.0,22193541.3467
1753504910614,04:41:50.614,mexc,ALGO/USDT:USDT,,,,,0.2699,85372900.0,22193541.3467
1753504910614,04:41:50.614,mexc,ALGO/USDT:USDT,,,,,0.2699,85372900.0,22193541.3467
1753504910614,04:41:50.614,mexc,ALGO/USDT:USDT,,,,,0.2699,85372900.0,22193541.3467
1753504926640,04:42:06.640,mexc,ALGO/USDT:USDT,,,,,0.2701,85372921.0,22193547.0188
1753504926640,04:42:06.640,mexc,ALGO/USDT:USDT,,,,,0.2701,85372921.0,22193547.0188
1753504926640,04:42:06.640,mexc,ALGO/USDT:USDT,,,,,0.2701,85372921.0,22193547.0188
1753504934622,04:42:14.622,mexc,ALGO/USDT:USDT,,,,,0.2701,85372992.0,22193566.1959
1753504936619,04:42:16.619,mexc,ALGO/USDT:USDT,,,,,0.2701,85372993.0,22193566.466
1753504938620,04:42:18.620,mexc,ALGO/USDT:USDT,,,,,0.2701,85372993.0,22193566.466
1753504940621,04:42:20.621,mexc,ALGO/USDT:USDT,,,,,0.2701,85372993.0,22193566.466
1753504940621,04:42:20.621,mexc,ALGO/USDT:USDT,,,,,0.2701,85372993.0,22193566.466
1753504946634,04:42:26.634,mexc,ALGO/USDT:USDT,,,,,0.2701,85372993.0,22193566.466
1753504948642,04:42:28.642,mexc,ALGO/USDT:USDT,,,,,0.2701,85372993.0,22193566.466
1753504948642,04:42:28.642,mexc,ALGO/USDT:USDT,,,,,0.2701,85372993.0,22193566.466
1753504952617,04:42:32.617,mexc,ALGO/USDT:USDT,,,,,0.27,85375521.0,22194249.2759
1753504954620,04:42:34.620,mexc,ALGO/USDT:USDT,,,,,0.27,85375521.0,22194249.2759
1753504954620,04:42:34.620,mexc,ALGO/USDT:USDT,,,,,0.27,85375521.0,22194249.2759
1753504954620,04:42:34.620,mexc,ALGO/USDT:USDT,,,,,0.27,85375521.0,22194249.2759
1753504962620,04:42:42.620,mexc,ALGO/USDT:USDT,,,,,0.27,85375521.0,22194249.2759
1753504964691,04:42:44.691,mexc,ALGO/USDT:USDT,,,,,0.27,85375521.0,22194249.2759
1753504964691,04:42:44.691,mexc,ALGO/USDT:USDT,,,,,0.27,85375521.0,22194249.2759
1753504968586,04:42:48.586,mexc,ALGO/USDT:USDT,,,,,0.2701,85375594.0,22194268.9932
1753504968586,04:42:48.586,mexc,ALGO/USDT:USDT,,,,,0.2701,85375594.0,22194268.9932
1753504974632,04:42:54.632,mexc,ALGO/USDT:USDT,,,,,0.2701,85375623.0,22194276.8261
1753504974632,04:42:54.632,mexc,ALGO/USDT:USDT,,,,,0.2701,85375623.0,22194276.8261
1753504978644,04:42:58.644,mexc,ALGO/USDT:USDT,,,,,0.2701,85375623.0,22194276.8261
1753504978644,04:42:58.644,mexc,ALGO/USDT:USDT,,,,,0.2701,85375623.0,22194276.8261
1753504982621,04:43:02.621,mexc,ALGO/USDT:USDT,,,,,0.2701,85375623.0,22194276.8261
1753504984627,04:43:04.627,mexc,ALGO/USDT:USDT,,,,,0.2701,85375623.0,22194276.8261
1753504984627,04:43:04.627,mexc,ALGO/USDT:USDT,,,,,0.2701,85375623.0,22194276.8261
1753504990622,04:43:10.622,mexc,ALGO/USDT:USDT,,,,,0.2699,85375662.0,22194287.3522
1753504990622,04:43:10.622,mexc,ALGO/USDT:USDT,,,,,0.2699,85375662.0,22194287.3522
1753504990622,04:43:10.622,mexc,ALGO/USDT:USDT,,,,,0.2699,85375662.0,22194287.3522
1753504990622,04:43:10.622,mexc,ALGO/USDT:USDT,,,,,0.2699,85375662.0,22194287.3522
1753504990622,04:43:10.622,mexc,ALGO/USDT:USDT,,,,,0.2699,85375662.0,22194287.3522
1753505002603,04:43:22.603,mexc,ALGO/USDT:USDT,,,,,0.2701,85375710.0,22194300.317
1753505002603,04:43:22.603,mexc,ALGO/USDT:USDT,,,,,0.2701,85375710.0,22194300.317
1753505002603,04:43:22.603,mexc,ALGO/USDT:USDT,,,,,0.2701,85375710.0,22194300.317
1753505002603,04:43:22.603,mexc,ALGO/USDT:USDT,,,,,0.2701,85375710.0,22194300.317
1753505002603,04:43:22.603,mexc,ALGO/USDT:USDT,,,,,0.2701,85375710.0,22194300.317
1753505002603,04:43:22.603,mexc,ALGO/USDT:USDT,,,,,0.2701,85375710.0,22194300.317
1753505016618,04:43:36.618,mexc,ALGO/USDT:USDT,,,,,0.2701,85375774.0,22194317.6034
1753505016618,04:43:36.618,mexc,ALGO/USDT:USDT,,,,,0.2701,85375774.0,22194317.6034
1753505016618,04:43:36.618,mexc,ALGO/USDT:USDT,,,,,0.2701,85375774.0,22194317.6034
1753505016618,04:43:36.618,mexc,ALGO/USDT:USDT,,,,,0.2701,85375774.0,22194317.6034
1753505016618,04:43:36.618,mexc,ALGO/USDT:USDT,,,,,0.2701,85375774.0,22194317.6034
1753505016618,04:43:36.618,mexc,ALGO/USDT:USDT,,,,,0.2701,85375774.0,22194317.6034
1753505030611,04:43:50.611,mexc,ALGO/USDT:USDT,,,,,0.2702,85375810.0,22194327.3306
1753505030611,04:43:50.611,mexc,ALGO/USDT:USDT,,,,,0.2702,85375810.0,22194327.3306
1753505030611,04:43:50.611,mexc,ALGO/USDT:USDT,,,,,0.2702,85375810.0,22194327.3306
1753505036612,04:43:56.612,mexc,ALGO/USDT:USDT,,,,,0.2702,85375852.0,22194338.679
1753505038628,04:43:58.628,mexc,ALGO/USDT:USDT,,,,,0.2701,85376322.0,22194465.626
1753505038628,04:43:58.628,mexc,ALGO/USDT:USDT,,,,,0.2701,85376322.0,22194465.626
1753505038628,04:43:58.628,mexc,ALGO/USDT:USDT,,,,,0.2701,85376322.0,22194465.626
1753505038628,04:43:58.628,mexc,ALGO/USDT:USDT,,,,,0.2701,85376322.0,22194465.626
1753505048610,04:44:08.610,mexc,ALGO/USDT:USDT,,,,,0.2702,85376357.0,22194475.083
1753505048610,04:44:08.610,mexc,ALGO/USDT:USDT,,,,,0.2702,85376357.0,22194475.083
1753505048610,04:44:08.610,mexc,ALGO/USDT:USDT,,,,,0.2702,85376357.0,22194475.083
1753505054615,04:44:14.615,mexc,ALGO/USDT:USDT,,,,,0.2702,85376357.0,22194475.083
1753505056675,04:44:16.675,mexc,ALGO/USDT:USDT,,,,,0.2702,85376357.0,22194475.083
1753505060646,04:44:20.646,mexc,ALGO/USDT:USDT,,,,,0.2702,85376419.0,22194491.8354
1753505060646,04:44:20.646,mexc,ALGO/USDT:USDT,,,,,0.2702,85376419.0,22194491.8354
1753505060646,04:44:20.646,mexc,ALGO/USDT:USDT,,,,,0.2702,85376419.0,22194491.8354
1753505060646,04:44:20.646,mexc,ALGO/USDT:USDT,,,,,0.2702,85376419.0,22194491.8354
1753505068610,04:44:28.610,mexc,ALGO/USDT:USDT,,,,,0.2702,85376466.0,22194504.5348
1753505068610,04:44:28.610,mexc,ALGO/USDT:USDT,,,,,0.2702,85376466.0,22194504.5348
1753505068610,04:44:28.610,mexc,ALGO/USDT:USDT,,,,,0.2702,85376466.0,22194504.5348
1753505068610,04:44:28.610,mexc,ALGO/USDT:USDT,,,,,0.2702,85376466.0,22194504.5348
1753505068610,04:44:28.610,mexc,ALGO/USDT:USDT,,,,,0.2702,85376466.0,22194504.5348
1753505068610,04:44:28.610,mexc,ALGO/USDT:USDT,,,,,0.2702,85376466.0,22194504.5348
1753505068610,04:44:28.610,mexc,ALGO/USDT:USDT,,,,,0.2702,85376466.0,22194504.5348
1753505084617,04:44:44.617,mexc,ALGO/USDT:USDT,,,,,0.2702,85376488.0,22194510.4792
1753505088615,04:44:48.615,mexc,ALGO/USDT:USDT,,,,,0.2702,85376488.0,22194510.4792
1753505088615,04:44:48.615,mexc,ALGO/USDT:USDT,,,,,0.2702,85376488.0,22194510.4792
1753505092626,04:44:52.626,mexc,ALGO/USDT:USDT,,,,,0.2702,85376488.0,22194510.4792
1753505092626,04:44:52.626,mexc,ALGO/USDT:USDT,,,,,0.2702,85376488.0,22194510.4792
1753505096615,04:44:56.615,mexc,ALGO/USDT:USDT,,,,,0.2699,85376552.0,22194527.7528
1753505096615,04:44:56.615,mexc,ALGO/USDT:USDT,,,,,0.2699,85376552.0,22194527.7528
1753505096615,04:44:56.615,mexc,ALGO/USDT:USDT,,,,,0.2699,85376552.0,22194527.7528
1753505104617,04:45:04.617,mexc,ALGO/USDT:USDT,,,,,0.2699,85376605.0,22194542.0575
1753505106645,04:45:06.645,mexc,ALGO/USDT:USDT,,,,,0.2699,85376605.0,22194542.0575
1753505106645,04:45:06.645,mexc,ALGO/USDT:USDT,,,,,0.2699,85376605.0,22194542.0575
1753505106645,04:45:06.645,mexc,ALGO/USDT:USDT,,,,,0.2699,85376605.0,22194542.0575
1753505106645,04:45:06.645,mexc,ALGO/USDT:USDT,,,,,0.2699,85376605.0,22194542.0575
1753505106645,04:45:06.645,mexc,ALGO/USDT:USDT,,,,,0.2699,85376605.0,22194542.0575
1753505118655,04:45:18.655,mexc,ALGO/USDT:USDT,,,,,0.2698,85376633.0,22194549.6119
1753505120657,04:45:20.657,mexc,ALGO/USDT:USDT,,,,,0.2698,85382161.0,22196041.0663
1753505120657,04:45:20.657,mexc,ALGO/USDT:USDT,,,,,0.2698,85382161.0,22196041.0663
1753505120657,04:45:20.657,mexc,ALGO/USDT:USDT,,,,,0.2698,85382161.0,22196041.0663
1753505126607,04:45:26.607,mexc,ALGO/USDT:USDT,,,,,0.2698,85382182.0,22196046.7321
1753505128625,04:45:28.625,mexc,ALGO/USDT:USDT,,,,,0.2698,85382182.0,22196046.7321
1753505128625,04:45:28.625,mexc,ALGO/USDT:USDT,,,,,0.2698,85382182.0,22196046.7321
1753505128625,04:45:28.625,mexc,ALGO/USDT:USDT,,,,,0.2698,85382182.0,22196046.7321
1753505136596,04:45:36.596,mexc,ALGO/USDT:USDT,,,,,0.2696,85382183.0,22196047.0017
1753505136596,04:45:36.596,mexc,ALGO/USDT:USDT,,,,,0.2696,85382183.0,22196047.0017
1753505136596,04:45:36.596,mexc,ALGO/USDT:USDT,,,,,0.2696,85382183.0,22196047.0017
1753505136596,04:45:36.596,mexc,ALGO/USDT:USDT,,,,,0.2696,85382183.0,22196047.0017
1753505146619,04:45:46.619,mexc,ALGO/USDT:USDT,,,,,0.2696,85382183.0,22196047.0017
1753505148681,04:45:48.681,mexc,ALGO/USDT:USDT,,,,,0.2696,85420867.0,22206472.3449
1753505148681,04:45:48.681,mexc,ALGO/USDT:USDT,,,,,0.2696,85420867.0,22206472.3449
1753505148681,04:45:48.681,mexc,ALGO/USDT:USDT,,,,,0.2696,85420867.0,22206472.3449
1753505148681,04:45:48.681,mexc,ALGO/USDT:USDT,,,,,0.2696,85420867.0,22206472.3449
1753505156623,04:45:56.623,mexc,ALGO/USDT:USDT,,,,,0.2697,85420900.0,22206481.245
1753505156623,04:45:56.623,mexc,ALGO/USDT:USDT,,,,,0.2697,85420900.0,22206481.245
1753505162621,04:46:02.621,mexc,ALGO/USDT:USDT,,,,,0.2698,85420943.0,22206492.8464
1753505162621,04:46:02.621,mexc,ALGO/USDT:USDT,,,,,0.2698,85420943.0,22206492.8464
1753505162621,04:46:02.621,mexc,ALGO/USDT:USDT,,,,,0.2698,85420943.0,22206492.8464
1753505162621,04:46:02.621,mexc,ALGO/USDT:USDT,,,,,0.2698,85420943.0,22206492.8464
1753505170602,04:46:10.602,mexc,ALGO/USDT:USDT,,,,,0.2698,85435334.0,22210375.5382
1753505174628,04:46:14.628,mexc,ALGO/USDT:USDT,,,,,0.2698,85435334.0,22210375.5382
1753505174628,04:46:14.628,mexc,ALGO/USDT:USDT,,,,,0.2698,85435334.0,22210375.5382
1753505174628,04:46:14.628,mexc,ALGO/USDT:USDT,,,,,0.2698,85435334.0,22210375.5382
1753505174628,04:46:14.628,mexc,ALGO/USDT:USDT,,,,,0.2698,85435334.0,22210375.5382
1753505182621,04:46:22.621,mexc,ALGO/USDT:USDT,,,,,0.2698,85439494.0,22211498.3203
1753505182621,04:46:22.621,mexc,ALGO/USDT:USDT,,,,,0.2698,85439494.0,22211498.3203
1753505188623,04:46:28.623,mexc,ALGO/USDT:USDT,,,,,0.2699,85439554.0,22211514.5143
1753505188623,04:46:28.623,mexc,ALGO/USDT:USDT,,,,,0.2699,85439554.0,22211514.5143
1753505188623,04:46:28.623,mexc,ALGO/USDT:USDT,,,,,0.2699,85439554.0,22211514.5143
1753505188623,04:46:28.623,mexc,ALGO/USDT:USDT,,,,,0.2699,85439554.0,22211514.5143
1753505188623,04:46:28.623,mexc,ALGO/USDT:USDT,,,,,0.2699,85439554.0,22211514.5143
1753505188623,04:46:28.623,mexc,ALGO/USDT:USDT,,,,,0.2699,85439554.0,22211514.5143
1753505188623,04:46:28.623,mexc,ALGO/USDT:USDT,,,,,0.2699,85439554.0,22211514.5143
1753505204617,04:46:44.617,mexc,ALGO/USDT:USDT,,,,,0.2697,85439591.0,22211524.4932
1753505204617,04:46:44.617,mexc,ALGO/USDT:USDT,,,,,0.2697,85439591.0,22211524.4932
1753505204617,04:46:44.617,mexc,ALGO/USDT:USDT,,,,,0.2697,85439591.0,22211524.4932
1753505204617,04:46:44.617,mexc,ALGO/USDT:USDT,,,,,0.2697,85439591.0,22211524.4932
1753505212617,04:46:52.617,mexc,ALGO/USDT:USDT,,,,,0.2699,85439615.0,22211530.9708
1753505212617,04:46:52.617,mexc,ALGO/USDT:USDT,,,,,0.2699,85439615.0,22211530.9708
1753505212617,04:46:52.617,mexc,ALGO/USDT:USDT,,,,,0.2699,85439615.0,22211530.9708
1753505220735,04:47:00.735,mexc,ALGO/USDT:USDT,,,,,0.2699,85439615.0,22211530.9708
1753505222613,04:47:02.613,mexc,ALGO/USDT:USDT,,,,,0.2699,85443320.0,22212530.9503
1753505222613,04:47:02.613,mexc,ALGO/USDT:USDT,,,,,0.2699,85443320.0,22212530.9503
1753505226629,04:47:06.629,mexc,ALGO/USDT:USDT,,,,,0.2699,85461845.0,22217530.8478
1753505226629,04:47:06.629,mexc,ALGO/USDT:USDT,,,,,0.2699,85461845.0,22217530.8478
1753505232619,04:47:12.619,mexc,ALGO/USDT:USDT,,,,,0.2699,85461845.0,22217530.8478
1753505232619,04:47:12.619,mexc,ALGO/USDT:USDT,,,,,0.2699,85461845.0,22217530.8478
1753505236615,04:47:16.615,mexc,ALGO/USDT:USDT,,,,,0.2696,85461915.0,22217549.7198
1753505236615,04:47:16.615,mexc,ALGO/USDT:USDT,,,,,0.2696,85461915.0,22217549.7198
1753505236615,04:47:16.615,mexc,ALGO/USDT:USDT,,,,,0.2696,85461915.0,22217549.7198
1753505236615,04:47:16.615,mexc,ALGO/USDT:USDT,,,,,0.2696,85461915.0,22217549.7198
1753505236615,04:47:16.615,mexc,ALGO/USDT:USDT,,,,,0.2696,85461915.0,22217549.7198
1753505248619,04:47:28.619,mexc,ALGO/USDT:USDT,,,,,0.2697,85461963.0,22217562.6654
1753505248619,04:47:28.619,mexc,ALGO/USDT:USDT,,,,,0.2697,85461963.0,22217562.6654
1753505248619,04:47:28.619,mexc,ALGO/USDT:USDT,,,,,0.2697,85461963.0,22217562.6654
1753505248619,04:47:28.619,mexc,ALGO/USDT:USDT,,,,,0.2697,85461963.0,22217562.6654
1753505248619,04:47:28.619,mexc,ALGO/USDT:USDT,,,,,0.2697,85461963.0,22217562.6654
1753505248619,04:47:28.619,mexc,ALGO/USDT:USDT,,,,,0.2697,85461963.0,22217562.6654
1753505262628,04:47:42.628,mexc,ALGO/USDT:USDT,,,,,0.2697,85461991.0,22217570.217
1753505262628,04:47:42.628,mexc,ALGO/USDT:USDT,,,,,0.2697,85461991.0,22217570.217
1753505262628,04:47:42.628,mexc,ALGO/USDT:USDT,,,,,0.2697,85461991.0,22217570.217
1753505262628,04:47:42.628,mexc,ALGO/USDT:USDT,,,,,0.2697,85461991.0,22217570.217
1753505272676,04:47:52.676,mexc,ALGO/USDT:USDT,,,,,0.2697,85461991.0,22217570.217
1753505272676,04:47:52.676,mexc,ALGO/USDT:USDT,,,,,0.2697,85461991.0,22217570.217
1753505276620,04:47:56.620,mexc,ALGO/USDT:USDT,,,,,0.2696,85462065.0,22217590.1674
1753505276620,04:47:56.620,mexc,ALGO/USDT:USDT,,,,,0.2696,85462065.0,22217590.1674
1753505276620,04:47:56.620,mexc,ALGO/USDT:USDT,,,,,0.2696,85462065.0,22217590.1674
1753505284622,04:48:04.622,mexc,ALGO/USDT:USDT,,,,,0.2695,85462100.0,22217599.5999
1753505284622,04:48:04.622,mexc,ALGO/USDT:USDT,,,,,0.2695,85462100.0,22217599.5999
1753505284622,04:48:04.622,mexc,ALGO/USDT:USDT,,,,,0.2695,85462100.0,22217599.5999
1753505290621,04:48:10.621,mexc,ALGO/USDT:USDT,,,,,0.2695,85462150.0,22217613.0749
1753505292617,04:48:12.617,mexc,ALGO/USDT:USDT,,,,,0.2695,85462150.0,22217613.0749
1753505292617,04:48:12.617,mexc,ALGO/USDT:USDT,,,,,0.2695,85462150.0,22217613.0749
1753505292617,04:48:12.617,mexc,ALGO/USDT:USDT,,,,,0.2695,85462150.0,22217613.0749
1753505300619,04:48:20.619,mexc,ALGO/USDT:USDT,,,,,0.2695,85462150.0,22217613.0749
1753505302655,04:48:22.655,mexc,ALGO/USDT:USDT,,,,,0.2697,85462189.0,22217623.5932
1753505304616,04:48:24.616,mexc,ALGO/USDT:USDT,,,,,0.2697,85462189.0,22217623.5932
1753505306627,04:48:26.627,mexc,ALGO/USDT:USDT,,,,,0.2697,85462189.0,22217623.5932
1753505308608,04:48:28.608,mexc,ALGO/USDT:USDT,,,,,0.2697,85462189.0,22217623.5932
1753505308608,04:48:28.608,mexc,ALGO/USDT:USDT,,,,,0.2697,85462189.0,22217623.5932
1753505314615,04:48:34.615,mexc,ALGO/USDT:USDT,,,,,0.2694,85462251.0,22217640.296
1753505314615,04:48:34.615,mexc,ALGO/USDT:USDT,,,,,0.2694,85462251.0,22217640.296
1753505318620,04:48:38.620,mexc,ALGO/USDT:USDT,,,,,0.2693,85463350.0,22217936.2567
1753505320612,04:48:40.612,mexc,ALGO/USDT:USDT,,,,,0.2693,85463350.0,22217936.2567
1753505322618,04:48:42.618,mexc,ALGO/USDT:USDT,,,,,0.2693,85463350.0,22217936.2567
1753505324628,04:48:44.628,mexc,ALGO/USDT:USDT,,,,,0.2694,85463395.0,22217948.3797
1753505324628,04:48:44.628,mexc,ALGO/USDT:USDT,,,,,0.2694,85463395.0,22217948.3797
1753505324628,04:48:44.628,mexc,ALGO/USDT:USDT,,,,,0.2694,85463395.0,22217948.3797
1753505324628,04:48:44.628,mexc,ALGO/USDT:USDT,,,,,0.2694,85463395.0,22217948.3797
1753505324628,04:48:44.628,mexc,ALGO/USDT:USDT,,,,,0.2694,85463395.0,22217948.3797
1753505324628,04:48:44.628,mexc,ALGO/USDT:USDT,,,,,0.2694,85463395.0,22217948.3797
1753505338631,04:48:58.631,mexc,ALGO/USDT:USDT,,,,,0.2693,85463460.0,22217965.8842
1753505342621,04:49:02.621,mexc,ALGO/USDT:USDT,,,,,0.2693,85503843.0,22228841.0261
1753505342621,04:49:02.621,mexc,ALGO/USDT:USDT,,,,,0.2693,85503843.0,22228841.0261
1753505346631,04:49:06.631,mexc,ALGO/USDT:USDT,,,,,0.2693,85503915.0,22228860.4157
1753505346631,04:49:06.631,mexc,ALGO/USDT:USDT,,,,,0.2693,85503915.0,22228860.4157
1753505346631,04:49:06.631,mexc,ALGO/USDT:USDT,,,,,0.2693,85503915.0,22228860.4157
1753505346631,04:49:06.631,mexc,ALGO/USDT:USDT,,,,,0.2693,85503915.0,22228860.4157
1753505356615,04:49:16.615,mexc,ALGO/USDT:USDT,,,,,0.2693,85503915.0,22228860.4157
1753505356615,04:49:16.615,mexc,ALGO/USDT:USDT,,,,,0.2693,85503915.0,22228860.4157
1753505360615,04:49:20.615,mexc,ALGO/USDT:USDT,,,,,0.2694,85503977.0,22228877.1185
1753505362619,04:49:22.619,mexc,ALGO/USDT:USDT,,,,,0.2694,85503977.0,22228877.1185
1753505364677,04:49:24.677,mexc,ALGO/USDT:USDT,,,,,0.2694,85503977.0,22228877.1185
1753505364677,04:49:24.677,mexc,ALGO/USDT:USDT,,,,,0.2694,85503977.0,22228877.1185
1753505364677,04:49:24.677,mexc,ALGO/USDT:USDT,,,,,0.2694,85503977.0,22228877.1185
1753505372605,04:49:32.605,mexc,ALGO/USDT:USDT,,,,,0.2695,85504037.0,22228893.2885
1753505372605,04:49:32.605,mexc,ALGO/USDT:USDT,,,,,0.2695,85504037.0,22228893.2885
1753505372605,04:49:32.605,mexc,ALGO/USDT:USDT,,,,,0.2695,85504037.0,22228893.2885
1753505372605,04:49:32.605,mexc,ALGO/USDT:USDT,,,,,0.2695,85504037.0,22228893.2885
1753505372605,04:49:32.605,mexc,ALGO/USDT:USDT,,,,,0.2695,85504037.0,22228893.2885
1753505372605,04:49:32.605,mexc,ALGO/USDT:USDT,,,,,0.2695,85504037.0,22228893.2885
1753505386626,04:49:46.626,mexc,ALGO/USDT:USDT,,,,,0.2694,85504086.0,22228906.4891
1753505386626,04:49:46.626,mexc,ALGO/USDT:USDT,,,,,0.2694,85504086.0,22228906.4891
1753505386626,04:49:46.626,mexc,ALGO/USDT:USDT,,,,,0.2694,85504086.0,22228906.4891
1753505386626,04:49:46.626,mexc,ALGO/USDT:USDT,,,,,0.2694,85504086.0,22228906.4891
1753505394663,04:49:54.663,mexc,ALGO/USDT:USDT,,,,,0.2695,85504130.0,22228918.3471
1753505394663,04:49:54.663,mexc,ALGO/USDT:USDT,,,,,0.2695,85504130.0,22228918.3471
1753505400794,04:50:00.794,mexc,ALGO/USDT:USDT,,,,,0.2695,85504130.0,22228918.3471
1753505400794,04:50:00.794,mexc,ALGO/USDT:USDT,,,,,0.2695,85504130.0,22228918.3471
1753505400794,04:50:00.794,mexc,ALGO/USDT:USDT,,,,,0.2695,85504130.0,22228918.3471
1753505400794,04:50:00.794,mexc,ALGO/USDT:USDT,,,,,0.2695,85504130.0,22228918.3471
1753505412627,04:50:12.627,mexc,ALGO/USDT:USDT,,,,,0.2695,85504186.0,22228933.4391
1753505412627,04:50:12.627,mexc,ALGO/USDT:USDT,,,,,0.2695,85504186.0,22228933.4391
1753505412627,04:50:12.627,mexc,ALGO/USDT:USDT,,,,,0.2695,85504186.0,22228933.4391
1753505418649,04:50:18.649,mexc,ALGO/USDT:USDT,,,,,0.2695,85504186.0,22228933.4391
1753505418649,04:50:18.649,mexc,ALGO/USDT:USDT,,,,,0.2695,85504186.0,22228933.4391
1753505418649,04:50:18.649,mexc,ALGO/USDT:USDT,,,,,0.2695,85504186.0,22228933.4391
1753505426637,04:50:26.637,mexc,ALGO/USDT:USDT,,,,,0.2694,85504243.0,22228948.7949
1753505428618,04:50:28.618,mexc,ALGO/USDT:USDT,,,,,0.2694,85504243.0,22228948.7949
1753505430656,04:50:30.656,mexc,ALGO/USDT:USDT,,,,,0.2694,85504243.0,22228948.7949
1753505430656,04:50:30.656,mexc,ALGO/USDT:USDT,,,,,0.2694,85504243.0,22228948.7949
1753505430656,04:50:30.656,mexc,ALGO/USDT:USDT,,,,,0.2694,85504243.0,22228948.7949
1753505430656,04:50:30.656,mexc,ALGO/USDT:USDT,,,,,0.2694,85504243.0,22228948.7949
1753505440611,04:50:40.611,mexc,ALGO/USDT:USDT,,,,,0.2693,85504267.0,22228955.2581
1753505440611,04:50:40.611,mexc,ALGO/USDT:USDT,,,,,0.2693,85504267.0,22228955.2581
1753505444595,04:50:44.595,mexc,ALGO/USDT:USDT,,,,,0.2693,85504267.0,22228955.2581
1753505446613,04:50:46.613,mexc,ALGO/USDT:USDT,,,,,0.2693,85504324.0,22228970.6082
1753505446613,04:50:46.613,mexc,ALGO/USDT:USDT,,,,,0.2693,85504324.0,22228970.6082
1753505446613,04:50:46.613,mexc,ALGO/USDT:USDT,,,,,0.2693,85504324.0,22228970.6082
1753505454603,04:50:54.603,mexc,ALGO/USDT:USDT,,,,,0.2693,85504324.0,22228970.6082
1753505454603,04:50:54.603,mexc,ALGO/USDT:USDT,,,,,0.2693,85504324.0,22228970.6082
1753505458627,04:50:58.627,mexc,ALGO/USDT:USDT,,,,,0.2693,85504324.0,22228970.6082
1753505460702,04:51:00.702,mexc,ALGO/USDT:USDT,,,,,0.2692,85504357.0,22228979.4918
1753505462620,04:51:02.620,mexc,ALGO/USDT:USDT,,,,,0.2692,85504357.0,22228979.4918
1753505462620,04:51:02.620,mexc,ALGO/USDT:USDT,,,,,0.2692,85504357.0,22228979.4918
1753505468623,04:51:08.623,mexc,ALGO/USDT:USDT,,,,,0.2691,85504426.0,22228998.0597
1753505470616,04:51:10.616,mexc,ALGO/USDT:USDT,,,,,0.2691,85504426.0,22228998.0597
1753505470616,04:51:10.616,mexc,ALGO/USDT:USDT,,,,,0.2691,85504426.0,22228998.0597
1753505470616,04:51:10.616,mexc,ALGO/USDT:USDT,,,,,0.2691,85504426.0,22228998.0597
1753505476613,04:51:16.613,mexc,ALGO/USDT:USDT,,,,,0.2691,85504427.0,22228998.3288
1753505476613,04:51:16.613,mexc,ALGO/USDT:USDT,,,,,0.2691,85504427.0,22228998.3288
1753505476613,04:51:16.613,mexc,ALGO/USDT:USDT,,,,,0.2691,85504427.0,22228998.3288
1753505476613,04:51:16.613,mexc,ALGO/USDT:USDT,,,,,0.2691,85504427.0,22228998.3288
1753505486684,04:51:26.684,mexc,ALGO/USDT:USDT,,,,,0.2691,85504427.0,22228998.3288
1753505488614,04:51:28.614,mexc,ALGO/USDT:USDT,,,,,0.269,85508200.0,22230013.2658
1753505488614,04:51:28.614,mexc,ALGO/USDT:USDT,,,,,0.269,85508200.0,22230013.2658
1753505488614,04:51:28.614,mexc,ALGO/USDT:USDT,,,,,0.269,85508200.0,22230013.2658
1753505496625,04:51:36.625,mexc,ALGO/USDT:USDT,,,,,0.2692,85508228.0,22230020.8034
1753505496625,04:51:36.625,mexc,ALGO/USDT:USDT,,,,,0.2692,85508228.0,22230020.8034
1753505500625,04:51:40.625,mexc,ALGO/USDT:USDT,,,,,0.2692,85511944.0,22231021.1506
1753505500625,04:51:40.625,mexc,ALGO/USDT:USDT,,,,,0.2692,85511944.0,22231021.1506
1753505504624,04:51:44.624,mexc,ALGO/USDT:USDT,,,,,0.2692,85516401.0,22232220.975
1753505504624,04:51:44.624,mexc,ALGO/USDT:USDT,,,,,0.2692,85516401.0,22232220.975
1753505504624,04:51:44.624,mexc,ALGO/USDT:USDT,,,,,0.2692,85516401.0,22232220.975
1753505504624,04:51:44.624,mexc,ALGO/USDT:USDT,,,,,0.2692,85516401.0,22232220.975
1753505504624,04:51:44.624,mexc,ALGO/USDT:USDT,,,,,0.2692,85516401.0,22232220.975
1753505504624,04:51:44.624,mexc,ALGO/USDT:USDT,,,,,0.2692,85516401.0,22232220.975
1753505518686,04:51:58.686,mexc,ALGO/USDT:USDT,,,,,0.2692,85516466.0,22232238.473
1753505518686,04:51:58.686,mexc,ALGO/USDT:USDT,,,,,0.2692,85516466.0,22232238.473
1753505524609,04:52:04.609,mexc,ALGO/USDT:USDT,,,,,0.2691,85516536.0,22232257.31
1753505524609,04:52:04.609,mexc,ALGO/USDT:USDT,,,,,0.2691,85516536.0,22232257.31
1753505524609,04:52:04.609,mexc,ALGO/USDT:USDT,,,,,0.2691,85516536.0,22232257.31
1753505524609,04:52:04.609,mexc,ALGO/USDT:USDT,,,,,0.2691,85516536.0,22232257.31
1753505524609,04:52:04.609,mexc,ALGO/USDT:USDT,,,,,0.2691,85516536.0,22232257.31
1753505524609,04:52:04.609,mexc,ALGO/USDT:USDT,,,,,0.2691,85516536.0,22232257.31
1753505538626,04:52:18.626,mexc,ALGO/USDT:USDT,,,,,0.2693,85516560.0,22232263.7732
1753505538626,04:52:18.626,mexc,ALGO/USDT:USDT,,,,,0.2693,85516560.0,22232263.7732
1753505538626,04:52:18.626,mexc,ALGO/USDT:USDT,,,,,0.2693,85516560.0,22232263.7732
1753505538626,04:52:18.626,mexc,ALGO/USDT:USDT,,,,,0.2693,85516560.0,22232263.7732
1753505538626,04:52:18.626,mexc,ALGO/USDT:USDT,,,,,0.2693,85516560.0,22232263.7732
1753505538626,04:52:18.626,mexc,ALGO/USDT:USDT,,,,,0.2693,85516560.0,22232263.7732
1753505552616,04:52:32.616,mexc,ALGO/USDT:USDT,,,,,0.2693,85516745.0,22232313.5937
1753505552616,04:52:32.616,mexc,ALGO/USDT:USDT,,,,,0.2693,85516745.0,22232313.5937
1753505552616,04:52:32.616,mexc,ALGO/USDT:USDT,,,,,0.2693,85516745.0,22232313.5937
1753505552616,04:52:32.616,mexc,ALGO/USDT:USDT,,,,,0.2693,85516745.0,22232313.5937
1753505552616,04:52:32.616,mexc,ALGO/USDT:USDT,,,,,0.2693,85516745.0,22232313.5937
1753505552616,04:52:32.616,mexc,ALGO/USDT:USDT,,,,,0.2693,85516745.0,22232313.5937
1753505564596,04:52:44.596,mexc,ALGO/USDT:USDT,,,,,0.2693,85516778.0,22232322.4806
1753505564596,04:52:44.596,mexc,ALGO/USDT:USDT,,,,,0.2693,85516778.0,22232322.4806
1753505564596,04:52:44.596,mexc,ALGO/USDT:USDT,,,,,0.2693,85516778.0,22232322.4806
1753505564596,04:52:44.596,mexc,ALGO/USDT:USDT,,,,,0.2693,85516778.0,22232322.4806
1753505574622,04:52:54.622,mexc,ALGO/USDT:USDT,,,,,0.2693,85524743.0,22234467.4551
1753505574622,04:52:54.622,mexc,ALGO/USDT:USDT,,,,,0.2693,85524743.0,22234467.4551
1753505574622,04:52:54.622,mexc,ALGO/USDT:USDT,,,,,0.2693,85524743.0,22234467.4551
1753505582605,04:53:02.605,mexc,ALGO/USDT:USDT,,,,,0.2693,85524743.0,22234467.4551
1753505582605,04:53:02.605,mexc,ALGO/USDT:USDT,,,,,0.2693,85524743.0,22234467.4551
1753505582605,04:53:02.605,mexc,ALGO/USDT:USDT,,,,,0.2693,85524743.0,22234467.4551
1753505588608,04:53:08.608,mexc,ALGO/USDT:USDT,,,,,0.2692,85524773.0,22234475.5311
1753505588608,04:53:08.608,mexc,ALGO/USDT:USDT,,,,,0.2692,85524773.0,22234475.5311
1753505588608,04:53:08.608,mexc,ALGO/USDT:USDT,,,,,0.2692,85524773.0,22234475.5311
1753505588608,04:53:08.608,mexc,ALGO/USDT:USDT,,,,,0.2692,85524773.0,22234475.5311
1753505588608,04:53:08.608,mexc,ALGO/USDT:USDT,,,,,0.2692,85524773.0,22234475.5311
1753505588608,04:53:08.608,mexc,ALGO/USDT:USDT,,,,,0.2692,85524773.0,22234475.5311
1753505602606,04:53:22.606,mexc,ALGO/USDT:USDT,,,,,0.2691,85524813.0,22234486.2951
1753505602606,04:53:22.606,mexc,ALGO/USDT:USDT,,,,,0.2691,85524813.0,22234486.2951
1753505602606,04:53:22.606,mexc,ALGO/USDT:USDT,,,,,0.2691,85524813.0,22234486.2951
1753505602606,04:53:22.606,mexc,ALGO/USDT:USDT,,,,,0.2691,85524813.0,22234486.2951
1753505612617,04:53:32.617,mexc,ALGO/USDT:USDT,,,,,0.2691,85524813.0,22234486.2951
1753505614616,04:53:34.616,mexc,ALGO/USDT:USDT,,,,,0.2691,85524813.0,22234486.2951
1753505616606,04:53:36.606,mexc,ALGO/USDT:USDT,,,,,0.269,85524844.0,22234494.6341
1753505616606,04:53:36.606,mexc,ALGO/USDT:USDT,,,,,0.269,85524844.0,22234494.6341
1753505616606,04:53:36.606,mexc,ALGO/USDT:USDT,,,,,0.269,85524844.0,22234494.6341
1753505624620,04:53:44.620,mexc,ALGO/USDT:USDT,,,,,0.2691,85524907.0,22234511.5874
1753505626614,04:53:46.614,mexc,ALGO/USDT:USDT,,,,,0.2691,85524907.0,22234511.5874
1753505626614,04:53:46.614,mexc,ALGO/USDT:USDT,,,,,0.2691,85524907.0,22234511.5874
1753505630624,04:53:50.624,mexc,ALGO/USDT:USDT,,,,,0.2691,85524956.0,22234524.7733
1753505630624,04:53:50.624,mexc,ALGO/USDT:USDT,,,,,0.2691,85524956.0,22234524.7733
1753505630624,04:53:50.624,mexc,ALGO/USDT:USDT,,,,,0.2691,85524956.0,22234524.7733
1753505638636,04:53:58.636,mexc,ALGO/USDT:USDT,,,,,0.2692,85525018.0,22234541.4637
1753505638636,04:53:58.636,mexc,ALGO/USDT:USDT,,,,,0.2692,85525018.0,22234541.4637
1753505642618,04:54:02.618,mexc,ALGO/USDT:USDT,,,,,0.2692,85525018.0,22234541.4637
1753505642618,04:54:02.618,mexc,ALGO/USDT:USDT,,,,,0.2692,85525018.0,22234541.4637
1753505642618,04:54:02.618,mexc,ALGO/USDT:USDT,,,,,0.2692,85525018.0,22234541.4637
1753505648614,04:54:08.614,mexc,ALGO/USDT:USDT,,,,,0.2693,85525046.0,22234549.0041
1753505648614,04:54:08.614,mexc,ALGO/USDT:USDT,,,,,0.2693,85525046.0,22234549.0041
1753505648614,04:54:08.614,mexc,ALGO/USDT:USDT,,,,,0.2693,85525046.0,22234549.0041
1753505656623,04:54:16.623,mexc,ALGO/USDT:USDT,,,,,0.2693,85525046.0,22234549.0041
1753505656623,04:54:16.623,mexc,ALGO/USDT:USDT,,,,,0.2693,85525046.0,22234549.0041
1753505660614,04:54:20.614,mexc,ALGO/USDT:USDT,,,,,0.2693,85525046.0,22234549.0041
1753505660614,04:54:20.614,mexc,ALGO/USDT:USDT,,,,,0.2693,85525046.0,22234549.0041
1753505664617,04:54:24.617,mexc,ALGO/USDT:USDT,,,,,0.2691,85525085.0,22234559.499
1753505668623,04:54:28.623,mexc,ALGO/USDT:USDT,,,,,0.269,85525368.0,22234635.626
1753505668623,04:54:28.623,mexc,ALGO/USDT:USDT,,,,,0.269,85525368.0,22234635.626
1753505668623,04:54:28.623,mexc,ALGO/USDT:USDT,,,,,0.269,85525368.0,22234635.626
1753505668623,04:54:28.623,mexc,ALGO/USDT:USDT,,,,,0.269,85525368.0,22234635.626
1753505668623,04:54:28.623,mexc,ALGO/USDT:USDT,,,,,0.269,85525368.0,22234635.626
1753505668623,04:54:28.623,mexc,ALGO/USDT:USDT,,,,,0.269,85525368.0,22234635.626
1753505682624,04:54:42.624,mexc,ALGO/USDT:USDT,,,,,0.2692,85525397.0,22234643.4328
1753505682624,04:54:42.624,mexc,ALGO/USDT:USDT,,,,,0.2692,85525397.0,22234643.4328
1753505682624,04:54:42.624,mexc,ALGO/USDT:USDT,,,,,0.2692,85525397.0,22234643.4328
1753505688620,04:54:48.620,mexc,ALGO/USDT:USDT,,,,,0.2692,85525417.0,22234648.8168
1753505688620,04:54:48.620,mexc,ALGO/USDT:USDT,,,,,0.2692,85525417.0,22234648.8168
1753505688620,04:54:48.620,mexc,ALGO/USDT:USDT,,,,,0.2692,85525417.0,22234648.8168
1753505696624,04:54:56.624,mexc,ALGO/USDT:USDT,,,,,0.2692,85525447.0,22234656.8928
1753505698647,04:54:58.647,mexc,ALGO/USDT:USDT,,,,,0.2692,85525447.0,22234656.8928
1753505698647,04:54:58.647,mexc,ALGO/USDT:USDT,,,,,0.2692,85525447.0,22234656.8928
1753505702680,04:55:02.680,mexc,ALGO/USDT:USDT,,,,,0.2691,85526074.0,22234825.6185
1753505702680,04:55:02.680,mexc,ALGO/USDT:USDT,,,,,0.2691,85526074.0,22234825.6185
1753505702680,04:55:02.680,mexc,ALGO/USDT:USDT,,,,,0.2691,85526074.0,22234825.6185
1753505710615,04:55:10.615,mexc,ALGO/USDT:USDT,,,,,0.2691,85526140.0,22234843.3791
1753505710615,04:55:10.615,mexc,ALGO/USDT:USDT,,,,,0.2691,85526140.0,22234843.3791
1753505710615,04:55:10.615,mexc,ALGO/USDT:USDT,,,,,0.2691,85526140.0,22234843.3791
1753505710615,04:55:10.615,mexc,ALGO/USDT:USDT,,,,,0.2691,85526140.0,22234843.3791
1753505718612,04:55:18.612,mexc,ALGO/USDT:USDT,,,,,0.2692,85526191.0,22234857.1083
1753505718612,04:55:18.612,mexc,ALGO/USDT:USDT,,,,,0.2692,85526191.0,22234857.1083
1753505718612,04:55:18.612,mexc,ALGO/USDT:USDT,,,,,0.2692,85526191.0,22234857.1083
1753505718612,04:55:18.612,mexc,ALGO/USDT:USDT,,,,,0.2692,85526191.0,22234857.1083
1753505718612,04:55:18.612,mexc,ALGO/USDT:USDT,,,,,0.2692,85526191.0,22234857.1083
1753505730604,04:55:30.604,mexc,ALGO/USDT:USDT,,,,,0.2692,85526228.0,22234867.0687
1753505730604,04:55:30.604,mexc,ALGO/USDT:USDT,,,,,0.2692,85526228.0,22234867.0687
1753505730604,04:55:30.604,mexc,ALGO/USDT:USDT,,,,,0.2692,85526228.0,22234867.0687
1753505738599,04:55:38.599,mexc,ALGO/USDT:USDT,,,,,0.2693,85526256.0,22234874.6091
1753505738599,04:55:38.599,mexc,ALGO/USDT:USDT,,,,,0.2693,85526256.0,22234874.6091
1753505742622,04:55:42.622,mexc,ALGO/USDT:USDT,,,,,0.2693,85526256.0,22234874.6091
1753505744616,04:55:44.616,mexc,ALGO/USDT:USDT,,,,,0.2693,85526256.0,22234874.6091
1753505744616,04:55:44.616,mexc,ALGO/USDT:USDT,,,,,0.2693,85526256.0,22234874.6091
1753505750621,04:55:50.621,mexc,ALGO/USDT:USDT,,,,,0.2692,85563313.0,22244850.3535
1753505750621,04:55:50.621,mexc,ALGO/USDT:USDT,,,,,0.2692,85563313.0,22244850.3535
1753505750621,04:55:50.621,mexc,ALGO/USDT:USDT,,,,,0.2692,85563313.0,22244850.3535
1753505750621,04:55:50.621,mexc,ALGO/USDT:USDT,,,,,0.2692,85563313.0,22244850.3535
1753505750621,04:55:50.621,mexc,ALGO/USDT:USDT,,,,,0.2692,85563313.0,22244850.3535
1753505750621,04:55:50.621,mexc,ALGO/USDT:USDT,,,,,0.2692,85563313.0,22244850.3535
1753505762616,04:56:02.616,mexc,ALGO/USDT:USDT,,,,,0.2693,85563385.0,22244869.7431
1753505762616,04:56:02.616,mexc,ALGO/USDT:USDT,,,,,0.2693,85563385.0,22244869.7431
1753505762616,04:56:02.616,mexc,ALGO/USDT:USDT,,,,,0.2693,85563385.0,22244869.7431
1753505762616,04:56:02.616,mexc,ALGO/USDT:USDT,,,,,0.2693,85563385.0,22244869.7431
1753505772619,04:56:12.619,mexc,ALGO/USDT:USDT,,,,,0.2693,85563436.0,22244883.4774
1753505774625,04:56:14.625,mexc,ALGO/USDT:USDT,,,,,0.2693,85563436.0,22244883.4774
1753505774625,04:56:14.625,mexc,ALGO/USDT:USDT,,,,,0.2693,85563436.0,22244883.4774
1753505780614,04:56:20.614,mexc,ALGO/USDT:USDT,,,,,0.2693,85563459.0,22244889.6713
1753505782620,04:56:22.620,mexc,ALGO/USDT:USDT,,,,,0.2693,85563459.0,22244889.6713
1753505784603,04:56:24.603,mexc,ALGO/USDT:USDT,,,,,0.2693,85563459.0,22244889.6713
1753505786634,04:56:26.634,mexc,ALGO/USDT:USDT,,,,,0.2693,85563493.0,22244898.8275
1753505786634,04:56:26.634,mexc,ALGO/USDT:USDT,,,,,0.2693,85563493.0,22244898.8275
1753505786634,04:56:26.634,mexc,ALGO/USDT:USDT,,,,,0.2693,85563493.0,22244898.8275
1753505794678,04:56:34.678,mexc,ALGO/USDT:USDT,,,,,0.2693,85563523.0,22244906.9065
1753505794678,04:56:34.678,mexc,ALGO/USDT:USDT,,,,,0.2693,85563523.0,22244906.9065
1753505794678,04:56:34.678,mexc,ALGO/USDT:USDT,,,,,0.2693,85563523.0,22244906.9065
1753505794678,04:56:34.678,mexc,ALGO/USDT:USDT,,,,,0.2693,85563523.0,22244906.9065
1753505794678,04:56:34.678,mexc,ALGO/USDT:USDT,,,,,0.2693,85563523.0,22244906.9065
1753505794678,04:56:34.678,mexc,ALGO/USDT:USDT,,,,,0.2693,85563523.0,22244906.9065
1753505808615,04:56:48.615,mexc,ALGO/USDT:USDT,,,,,0.2693,85567326.0,22245931.0544
1753505808615,04:56:48.615,mexc,ALGO/USDT:USDT,,,,,0.2693,85567326.0,22245931.0544
1753505808615,04:56:48.615,mexc,ALGO/USDT:USDT,,,,,0.2693,85567326.0,22245931.0544
1753505808615,04:56:48.615,mexc,ALGO/USDT:USDT,,,,,0.2693,85567326.0,22245931.0544
1753505808615,04:56:48.615,mexc,ALGO/USDT:USDT,,,,,0.2693,85567326.0,22245931.0544
1753505808615,04:56:48.615,mexc,ALGO/USDT:USDT,,,,,0.2693,85567326.0,22245931.0544
1753505822618,04:57:02.618,mexc,ALGO/USDT:USDT,,,,,0.2694,85574722.0,22247923.5368
1753505822618,04:57:02.618,mexc,ALGO/USDT:USDT,,,,,0.2694,85574722.0,22247923.5368
1753505822618,04:57:02.618,mexc,ALGO/USDT:USDT,,,,,0.2694,85574722.0,22247923.5368
1753505828617,04:57:08.617,mexc,ALGO/USDT:USDT,,,,,0.2694,85574722.0,22247923.5368
1753505828617,04:57:08.617,mexc,ALGO/USDT:USDT,,,,,0.2694,85574722.0,22247923.5368
1753505834615,04:57:14.615,mexc,ALGO/USDT:USDT,,,,,0.2694,85574789.0,22247941.5866
1753505834615,04:57:14.615,mexc,ALGO/USDT:USDT,,,,,0.2694,85574789.0,22247941.5866
1753505834615,04:57:14.615,mexc,ALGO/USDT:USDT,,,,,0.2694,85574789.0,22247941.5866
1753505840624,04:57:20.624,mexc,ALGO/USDT:USDT,,,,,0.2693,85582754.0,22250086.5611
1753505840624,04:57:20.624,mexc,ALGO/USDT:USDT,,,,,0.2693,85582754.0,22250086.5611
1753505840624,04:57:20.624,mexc,ALGO/USDT:USDT,,,,,0.2693,85582754.0,22250086.5611
1753505848625,04:57:28.625,mexc,ALGO/USDT:USDT,,,,,0.2694,85582803.0,22250099.7617
1753505850633,04:57:30.633,mexc,ALGO/USDT:USDT,,,,,0.2694,85582803.0,22250099.7617
1753505852610,04:57:32.610,mexc,ALGO/USDT:USDT,,,,,0.2694,85582803.0,22250099.7617
1753505852610,04:57:32.610,mexc,ALGO/USDT:USDT,,,,,0.2694,85582803.0,22250099.7617
1753505852610,04:57:32.610,mexc,ALGO/USDT:USDT,,,,,0.2694,85582803.0,22250099.7617
1753505858616,04:57:38.616,mexc,ALGO/USDT:USDT,,,,,0.2694,85582803.0,22250099.7617
1753505862621,04:57:42.621,mexc,ALGO/USDT:USDT,,,,,0.2695,85582853.0,22250113.2367
1753505862621,04:57:42.621,mexc,ALGO/USDT:USDT,,,,,0.2695,85582853.0,22250113.2367
1753505862621,04:57:42.621,mexc,ALGO/USDT:USDT,,,,,0.2695,85582853.0,22250113.2367
1753505862621,04:57:42.621,mexc,ALGO/USDT:USDT,,,,,0.2695,85582853.0,22250113.2367
1753505862621,04:57:42.621,mexc,ALGO/USDT:USDT,,,,,0.2695,85582853.0,22250113.2367
1753505862621,04:57:42.621,mexc,ALGO/USDT:USDT,,,,,0.2695,85582853.0,22250113.2367
1753505876618,04:57:56.618,mexc,ALGO/USDT:USDT,,,,,0.2694,85582903.0,22250126.7067
1753505876618,04:57:56.618,mexc,ALGO/USDT:USDT,,,,,0.2694,85582903.0,22250126.7067
1753505876618,04:57:56.618,mexc,ALGO/USDT:USDT,,,,,0.2694,85582903.0,22250126.7067
1753505876618,04:57:56.618,mexc,ALGO/USDT:USDT,,,,,0.2694,85582903.0,22250126.7067
1753505884634,04:58:04.634,mexc,ALGO/USDT:USDT,,,,,0.2694,85614902.0,22258747.2373
1753505884634,04:58:04.634,mexc,ALGO/USDT:USDT,,,,,0.2694,85614902.0,22258747.2373
1753505890623,04:58:10.623,mexc,ALGO/USDT:USDT,,,,,0.2694,85633461.0,22263747.0319
1753505890623,04:58:10.623,mexc,ALGO/USDT:USDT,,,,,0.2694,85633461.0,22263747.0319
1753505890623,04:58:10.623,mexc,ALGO/USDT:USDT,,,,,0.2694,85633461.0,22263747.0319
1753505890623,04:58:10.623,mexc,ALGO/USDT:USDT,,,,,0.2694,85633461.0,22263747.0319
1753505890623,04:58:10.623,mexc,ALGO/USDT:USDT,,,,,0.2694,85633461.0,22263747.0319
1753505890623,04:58:10.623,mexc,ALGO/USDT:USDT,,,,,0.2694,85633461.0,22263747.0319
1753505904633,04:58:24.633,mexc,ALGO/USDT:USDT,,,,,0.2693,85633480.0,22263752.1486
1753505904633,04:58:24.633,mexc,ALGO/USDT:USDT,,,,,0.2693,85633480.0,22263752.1486
1753505904633,04:58:24.633,mexc,ALGO/USDT:USDT,,,,,0.2693,85633480.0,22263752.1486
1753505910622,04:58:30.622,mexc,ALGO/USDT:USDT,,,,,0.2693,85652039.0,22268750.0873
1753505910622,04:58:30.622,mexc,ALGO/USDT:USDT,,,,,0.2693,85652039.0,22268750.0873
1753505910622,04:58:30.622,mexc,ALGO/USDT:USDT,,,,,0.2693,85652039.0,22268750.0873
1753505910622,04:58:30.622,mexc,ALGO/USDT:USDT,,,,,0.2693,85652039.0,22268750.0873
1753505920639,04:58:40.639,mexc,ALGO/USDT:USDT,,,,,0.2694,85652064.0,22268756.8223
1753505920639,04:58:40.639,mexc,ALGO/USDT:USDT,,,,,0.2694,85652064.0,22268756.8223
1753505920639,04:58:40.639,mexc,ALGO/USDT:USDT,,,,,0.2694,85652064.0,22268756.8223
1753505926614,04:58:46.614,mexc,ALGO/USDT:USDT,,,,,0.2694,85652064.0,22268756.8223
1753505926614,04:58:46.614,mexc,ALGO/USDT:USDT,,,,,0.2694,85652064.0,22268756.8223
1753505932604,04:58:52.604,mexc,ALGO/USDT:USDT,,,,,0.2695,85652102.0,22268767.0633
1753505932604,04:58:52.604,mexc,ALGO/USDT:USDT,,,,,0.2695,85652102.0,22268767.0633
1753505932604,04:58:52.604,mexc,ALGO/USDT:USDT,,,,,0.2695,85652102.0,22268767.0633
1753505938662,04:58:58.662,mexc,ALGO/USDT:USDT,,,,,0.2696,85652103.0,22268767.3329
1753505938662,04:58:58.662,mexc,ALGO/USDT:USDT,,,,,0.2696,85652103.0,22268767.3329
1753505938662,04:58:58.662,mexc,ALGO/USDT:USDT,,,,,0.2696,85652103.0,22268767.3329
1753505938662,04:58:58.662,mexc,ALGO/USDT:USDT,,,,,0.2696,85652103.0,22268767.3329
1753505938662,04:58:58.662,mexc,ALGO/USDT:USDT,,,,,0.2696,85652103.0,22268767.3329
1753505950623,04:59:10.623,mexc,ALGO/USDT:USDT,,,,,0.2696,85652103.0,22268767.3329
1753505952630,04:59:12.630,mexc,ALGO/USDT:USDT,,,,,0.2695,85652375.0,22268840.6609
1753505954622,04:59:14.622,mexc,ALGO/USDT:USDT,,,,,0.2695,85652375.0,22268840.6609
1753505954622,04:59:14.622,mexc,ALGO/USDT:USDT,,,,,0.2695,85652375.0,22268840.6609
1753505954622,04:59:14.622,mexc,ALGO/USDT:USDT,,,,,0.2695,85652375.0,22268840.6609
1753505954622,04:59:14.622,mexc,ALGO/USDT:USDT,,,,,0.2695,85652375.0,22268840.6609
1753505954622,04:59:14.622,mexc,ALGO/USDT:USDT,,,,,0.2695,85652375.0,22268840.6609
1753505966618,04:59:26.618,mexc,ALGO/USDT:USDT,,,,,0.2694,85652417.0,22268851.9757
1753505966618,04:59:26.618,mexc,ALGO/USDT:USDT,,,,,0.2694,85652417.0,22268851.9757
1753505966618,04:59:26.618,mexc,ALGO/USDT:USDT,,,,,0.2694,85652417.0,22268851.9757
1753505966618,04:59:26.618,mexc,ALGO/USDT:USDT,,,,,0.2694,85652417.0,22268851.9757
1753505966618,04:59:26.618,mexc,ALGO/USDT:USDT,,,,,0.2694,85652417.0,22268851.9757
1753505966618,04:59:26.618,mexc,ALGO/USDT:USDT,,,,,0.2694,85652417.0,22268851.9757
1753505980615,04:59:40.615,mexc,ALGO/USDT:USDT,,,,,0.2693,85652483.0,22268869.7495
1753505980615,04:59:40.615,mexc,ALGO/USDT:USDT,,,,,0.2693,85652483.0,22268869.7495
1753505980615,04:59:40.615,mexc,ALGO/USDT:USDT,,,,,0.2693,85652483.0,22268869.7495
1753505980615,04:59:40.615,mexc,ALGO/USDT:USDT,,,,,0.2693,85652483.0,22268869.7495
1753505980615,04:59:40.615,mexc,ALGO/USDT:USDT,,,,,0.2693,85652483.0,22268869.7495
1753505980615,04:59:40.615,mexc,ALGO/USDT:USDT,,,,,0.2693,85652483.0,22268869.7495
1753505980615,04:59:40.615,mexc,ALGO/USDT:USDT,,,,,0.2693,85652483.0,22268869.7495
1753505996619,04:59:56.619,mexc,ALGO/USDT:USDT,,,,,0.2694,85652527.0,22268881.6031
1753505996619,04:59:56.619,mexc,ALGO/USDT:USDT,,,,,0.2694,85652527.0,22268881.6031
1753506002629,05:00:02.629,mexc,ALGO/USDT:USDT,,,,,0.2694,75364276.0,19642687.5727
1753506002629,05:00:02.629,mexc,ALGO/USDT:USDT,,,,,0.2694,75364276.0,19642687.5727
1753506002629,05:00:02.629,mexc,ALGO/USDT:USDT,,,,,0.2694,75364276.0,19642687.5727
1753506008628,05:00:08.628,mexc,ALGO/USDT:USDT,,,,,0.2694,75364335.0,19642703.4673
1753506008628,05:00:08.628,mexc,ALGO/USDT:USDT,,,,,0.2694,75364335.0,19642703.4673
1753506008628,05:00:08.628,mexc,ALGO/USDT:USDT,,,,,0.2694,75364335.0,19642703.4673
1753506008628,05:00:08.628,mexc,ALGO/USDT:USDT,,,,,0.2694,75364335.0,19642703.4673
1753506008628,05:00:08.628,mexc,ALGO/USDT:USDT,,,,,0.2694,75364335.0,19642703.4673
1753506008628,05:00:08.628,mexc,ALGO/USDT:USDT,,,,,0.2694,75364335.0,19642703.4673
1753506022626,05:00:22.626,mexc,ALGO/USDT:USDT,,,,,0.2694,75368727.0,19643886.6721
1753506022626,05:00:22.626,mexc,ALGO/USDT:USDT,,,,,0.2694,75368727.0,19643886.6721
1753506022626,05:00:22.626,mexc,ALGO/USDT:USDT,,,,,0.2694,75368727.0,19643886.6721
1753506022626,05:00:22.626,mexc,ALGO/USDT:USDT,,,,,0.2694,75368727.0,19643886.6721
1753506022626,05:00:22.626,mexc,ALGO/USDT:USDT,,,,,0.2694,75368727.0,19643886.6721
1753506022626,05:00:22.626,mexc,ALGO/USDT:USDT,,,,,0.2694,75368727.0,19643886.6721
1753506036627,05:00:36.627,mexc,ALGO/USDT:USDT,,,,,0.2694,75368791.0,19643903.9137
1753506038620,05:00:38.620,mexc,ALGO/USDT:USDT,,,,,0.2692,75371521.0,19644638.8297
1753506040666,05:00:40.666,mexc,ALGO/USDT:USDT,,,,,0.2692,75371521.0,19644638.8297
1753506044621,05:00:44.621,mexc,ALGO/USDT:USDT,,,,,0.2693,75371584.0,19644655.7956
1753506044621,05:00:44.621,mexc,ALGO/USDT:USDT,,,,,0.2693,75371584.0,19644655.7956
1753506044621,05:00:44.621,mexc,ALGO/USDT:USDT,,,,,0.2693,75371584.0,19644655.7956
1753506050615,05:00:50.615,mexc,ALGO/USDT:USDT,,,,,0.2693,75372584.0,19644925.0956
1753506050615,05:00:50.615,mexc,ALGO/USDT:USDT,,,,,0.2693,75372584.0,19644925.0956
1753506050615,05:00:50.615,mexc,ALGO/USDT:USDT,,,,,0.2693,75372584.0,19644925.0956
1753506058629,05:00:58.629,mexc,ALGO/USDT:USDT,,,,,0.2693,75372642.0,19644940.715
1753506058629,05:00:58.629,mexc,ALGO/USDT:USDT,,,,,0.2693,75372642.0,19644940.715
1753506062621,05:01:02.621,mexc,ALGO/USDT:USDT,,,,,0.2693,75372642.0,19644940.715
1753506062621,05:01:02.621,mexc,ALGO/USDT:USDT,,,,,0.2693,75372642.0,19644940.715
1753506062621,05:01:02.621,mexc,ALGO/USDT:USDT,,,,,0.2693,75372642.0,19644940.715
1753506062621,05:01:02.621,mexc,ALGO/USDT:USDT,,,,,0.2693,75372642.0,19644940.715
1753506072614,05:01:12.614,mexc,ALGO/USDT:USDT,,,,,0.2693,75372642.0,19644940.715
1753506074602,05:01:14.602,mexc,ALGO/USDT:USDT,,,,,0.2691,75372681.0,19644951.2099
1753506076615,05:01:16.615,mexc,ALGO/USDT:USDT,,,,,0.2691,75372681.0,19644951.2099
1753506078581,05:01:18.581,mexc,ALGO/USDT:USDT,,,,,0.2691,75372681.0,19644951.2099
1753506080601,05:01:20.601,mexc,ALGO/USDT:USDT,,,,,0.2691,75372682.0,19644951.479
1753506080601,05:01:20.601,mexc,ALGO/USDT:USDT,,,,,0.2691,75372682.0,19644951.479
1753506086621,05:01:26.621,mexc,ALGO/USDT:USDT,,,,,0.2691,75372682.0,19644951.479
1753506086621,05:01:26.621,mexc,ALGO/USDT:USDT,,,,,0.2691,75372682.0,19644951.479
1753506086621,05:01:26.621,mexc,ALGO/USDT:USDT,,,,,0.2691,75372682.0,19644951.479
1753506086621,05:01:26.621,mexc,ALGO/USDT:USDT,,,,,0.2691,75372682.0,19644951.479
1753506094623,05:01:34.623,mexc,ALGO/USDT:USDT,,,,,0.269,75372713.0,19644959.818
1753506094623,05:01:34.623,mexc,ALGO/USDT:USDT,,,,,0.269,75372713.0,19644959.818
1753506094623,05:01:34.623,mexc,ALGO/USDT:USDT,,,,,0.269,75372713.0,19644959.818
1753506094623,05:01:34.623,mexc,ALGO/USDT:USDT,,,,,0.269,75372713.0,19644959.818
1753506094623,05:01:34.623,mexc,ALGO/USDT:USDT,,,,,0.269,75372713.0,19644959.818
1753506094623,05:01:34.623,mexc,ALGO/USDT:USDT,,,,,0.269,75372713.0,19644959.818
1753506108604,05:01:48.604,mexc,ALGO/USDT:USDT,,,,,0.269,75372742.0,19644967.619
1753506108604,05:01:48.604,mexc,ALGO/USDT:USDT,,,,,0.269,75372742.0,19644967.619
1753506108604,05:01:48.604,mexc,ALGO/USDT:USDT,,,,,0.269,75372742.0,19644967.619
1753506108604,05:01:48.604,mexc,ALGO/USDT:USDT,,,,,0.269,75372742.0,19644967.619
1753506108604,05:01:48.604,mexc,ALGO/USDT:USDT,,,,,0.269,75372742.0,19644967.619
1753506108604,05:01:48.604,mexc,ALGO/USDT:USDT,,,,,0.269,75372742.0,19644967.619
1753506122627,05:02:02.627,mexc,ALGO/USDT:USDT,,,,,0.2689,75372795.0,19644981.8707
1753506126622,05:02:06.622,mexc,ALGO/USDT:USDT,,,,,0.2689,75372795.0,19644981.8707
1753506126622,05:02:06.622,mexc,ALGO/USDT:USDT,,,,,0.2689,75372795.0,19644981.8707
1753506126622,05:02:06.622,mexc,ALGO/USDT:USDT,,,,,0.2689,75372795.0,19644981.8707
1753506132676,05:02:12.676,mexc,ALGO/USDT:USDT,,,,,0.2688,75392954.0,19650400.6099
1753506132676,05:02:12.676,mexc,ALGO/USDT:USDT,,,,,0.2688,75392954.0,19650400.6099
1753506132676,05:02:12.676,mexc,ALGO/USDT:USDT,,,,,0.2688,75392954.0,19650400.6099
1753506132676,05:02:12.676,mexc,ALGO/USDT:USDT,,,,,0.2688,75392954.0,19650400.6099
1753506132676,05:02:12.676,mexc,ALGO/USDT:USDT,,,,,0.2688,75392954.0,19650400.6099
1753506144611,05:02:24.611,mexc,ALGO/USDT:USDT,,,,,0.2688,75393020.0,19650418.3507
1753506144611,05:02:24.611,mexc,ALGO/USDT:USDT,,,,,0.2688,75393020.0,19650418.3507
1753506144611,05:02:24.611,mexc,ALGO/USDT:USDT,,,,,0.2688,75393020.0,19650418.3507
1753506144611,05:02:24.611,mexc,ALGO/USDT:USDT,,,,,0.2688,75393020.0,19650418.3507
1753506154626,05:02:34.626,mexc,ALGO/USDT:USDT,,,,,0.2688,75393083.0,19650435.2851
1753506154626,05:02:34.626,mexc,ALGO/USDT:USDT,,,,,0.2688,75393083.0,19650435.2851
1753506154626,05:02:34.626,mexc,ALGO/USDT:USDT,,,,,0.2688,75393083.0,19650435.2851
1753506154626,05:02:34.626,mexc,ALGO/USDT:USDT,,,,,0.2688,75393083.0,19650435.2851
1753506154626,05:02:34.626,mexc,ALGO/USDT:USDT,,,,,0.2688,75393083.0,19650435.2851
1753506154626,05:02:34.626,mexc,ALGO/USDT:USDT,,,,,0.2688,75393083.0,19650435.2851
1753506168621,05:02:48.621,mexc,ALGO/USDT:USDT,,,,,0.2687,75431992.0,19660890.1334
1753506168621,05:02:48.621,mexc,ALGO/USDT:USDT,,,,,0.2687,75431992.0,19660890.1334
1753506168621,05:02:48.621,mexc,ALGO/USDT:USDT,,,,,0.2687,75431992.0,19660890.1334
1753506168621,05:02:48.621,mexc,ALGO/USDT:USDT,,,,,0.2687,75431992.0,19660890.1334
1753506176596,05:02:56.596,mexc,ALGO/USDT:USDT,,,,,0.2687,75506094.0,19680799.6522
1753506176596,05:02:56.596,mexc,ALGO/USDT:USDT,,,,,0.2687,75506094.0,19680799.6522
1753506176596,05:02:56.596,mexc,ALGO/USDT:USDT,,,,,0.2687,75506094.0,19680799.6522
1753506176596,05:02:56.596,mexc,ALGO/USDT:USDT,,,,,0.2687,75506094.0,19680799.6522
1753506176596,05:02:56.596,mexc,ALGO/USDT:USDT,,,,,0.2687,75506094.0,19680799.6522
1753506188619,05:03:08.619,mexc,ALGO/USDT:USDT,,,,,0.2688,75506162.0,19680817.9306
1753506188619,05:03:08.619,mexc,ALGO/USDT:USDT,,,,,0.2688,75506162.0,19680817.9306
1753506188619,05:03:08.619,mexc,ALGO/USDT:USDT,,,,,0.2688,75506162.0,19680817.9306
1753506188619,05:03:08.619,mexc,ALGO/USDT:USDT,,,,,0.2688,75506162.0,19680817.9306
1753506198624,05:03:18.624,mexc,ALGO/USDT:USDT,,,,,0.2688,75506210.0,19680830.833
1753506198624,05:03:18.624,mexc,ALGO/USDT:USDT,,,,,0.2688,75506210.0,19680830.833
1753506198624,05:03:18.624,mexc,ALGO/USDT:USDT,,,,,0.2688,75506210.0,19680830.833
1753506198624,05:03:18.624,mexc,ALGO/USDT:USDT,,,,,0.2688,75506210.0,19680830.833
1753506206614,05:03:26.614,mexc,ALGO/USDT:USDT,,,,,0.2687,75506277.0,19680848.8359
1753506206614,05:03:26.614,mexc,ALGO/USDT:USDT,,,,,0.2687,75506277.0,19680848.8359
1753506206614,05:03:26.614,mexc,ALGO/USDT:USDT,,,,,0.2687,75506277.0,19680848.8359
1753506206614,05:03:26.614,mexc,ALGO/USDT:USDT,,,,,0.2687,75506277.0,19680848.8359
1753506216616,05:03:36.616,mexc,ALGO/USDT:USDT,,,,,0.2688,75506341.0,19680866.0391
1753506216616,05:03:36.616,mexc,ALGO/USDT:USDT,,,,,0.2688,75506341.0,19680866.0391
1753506216616,05:03:36.616,mexc,ALGO/USDT:USDT,,,,,0.2688,75506341.0,19680866.0391
1753506216616,05:03:36.616,mexc,ALGO/USDT:USDT,,,,,0.2688,75506341.0,19680866.0391
1753506226618,05:03:46.618,mexc,ALGO/USDT:USDT,,,,,0.2688,75506390.0,19680879.2103
1753506226618,05:03:46.618,mexc,ALGO/USDT:USDT,,,,,0.2688,75506390.0,19680879.2103
1753506226618,05:03:46.618,mexc,ALGO/USDT:USDT,,,,,0.2688,75506390.0,19680879.2103
1753506226618,05:03:46.618,mexc,ALGO/USDT:USDT,,,,,0.2688,75506390.0,19680879.2103
1753506234618,05:03:54.618,mexc,ALGO/USDT:USDT,,,,,0.2688,75506464.0,19680899.1015
1753506234618,05:03:54.618,mexc,ALGO/USDT:USDT,,,,,0.2688,75506464.0,19680899.1015
1753506234618,05:03:54.618,mexc,ALGO/USDT:USDT,,,,,0.2688,75506464.0,19680899.1015
1753506242613,05:04:02.613,mexc,ALGO/USDT:USDT,,,,,0.2687,75506534.0,19680917.9105
1753506242613,05:04:02.613,mexc,ALGO/USDT:USDT,,,,,0.2687,75506534.0,19680917.9105
1753506242613,05:04:02.613,mexc,ALGO/USDT:USDT,,,,,0.2687,75506534.0,19680917.9105
1753506242613,05:04:02.613,mexc,ALGO/USDT:USDT,,,,,0.2687,75506534.0,19680917.9105
1753506252621,05:04:12.621,mexc,ALGO/USDT:USDT,,,,,0.2687,75506560.0,19680924.8967
1753506254624,05:04:14.624,mexc,ALGO/USDT:USDT,,,,,0.2687,75506560.0,19680924.8967
1753506254624,05:04:14.624,mexc,ALGO/USDT:USDT,,,,,0.2687,75506560.0,19680924.8967
1753506254624,05:04:14.624,mexc,ALGO/USDT:USDT,,,,,0.2687,75506560.0,19680924.8967
1753506254624,05:04:14.624,mexc,ALGO/USDT:USDT,,,,,0.2687,75506560.0,19680924.8967
1753506262612,05:04:22.612,mexc,ALGO/USDT:USDT,,,,,0.2688,75506592.0,19680933.4983
1753506262612,05:04:22.612,mexc,ALGO/USDT:USDT,,,,,0.2688,75506592.0,19680933.4983
1753506262612,05:04:22.612,mexc,ALGO/USDT:USDT,,,,,0.2688,75506592.0,19680933.4983
1753506262612,05:04:22.612,mexc,ALGO/USDT:USDT,,,,,0.2688,75506592.0,19680933.4983
1753506262612,05:04:22.612,mexc,ALGO/USDT:USDT,,,,,0.2688,75506592.0,19680933.4983
1753506274618,05:04:34.618,mexc,ALGO/USDT:USDT,,,,,0.2688,75506637.0,19680945.5943
1753506274618,05:04:34.618,mexc,ALGO/USDT:USDT,,,,,0.2688,75506637.0,19680945.5943
1753506274618,05:04:34.618,mexc,ALGO/USDT:USDT,,,,,0.2688,75506637.0,19680945.5943
1753506274618,05:04:34.618,mexc,ALGO/USDT:USDT,,,,,0.2688,75506637.0,19680945.5943
1753506274618,05:04:34.618,mexc,ALGO/USDT:USDT,,,,,0.2688,75506637.0,19680945.5943
1753506274618,05:04:34.618,mexc,ALGO/USDT:USDT,,,,,0.2688,75506637.0,19680945.5943
1753506288621,05:04:48.621,mexc,ALGO/USDT:USDT,,,,,0.2688,75506704.0,19680963.6039
1753506290616,05:04:50.616,mexc,ALGO/USDT:USDT,,,,,0.2688,75506704.0,19680963.6039
1753506292620,05:04:52.620,mexc,ALGO/USDT:USDT,,,,,0.2688,75506704.0,19680963.6039
1753506292620,05:04:52.620,mexc,ALGO/USDT:USDT,,,,,0.2688,75506704.0,19680963.6039
1753506298627,05:04:58.627,mexc,ALGO/USDT:USDT,,,,,0.2686,75506737.0,19680972.4677
1753506298627,05:04:58.627,mexc,ALGO/USDT:USDT,,,,,0.2686,75506737.0,19680972.4677
1753506298627,05:04:58.627,mexc,ALGO/USDT:USDT,,,,,0.2686,75506737.0,19680972.4677
1753506298627,05:04:58.627,mexc,ALGO/USDT:USDT,,,,,0.2686,75506737.0,19680972.4677
1753506298627,05:04:58.627,mexc,ALGO/USDT:USDT,,,,,0.2686,75506737.0,19680972.4677
1753506310619,05:05:10.619,mexc,ALGO/USDT:USDT,,,,,0.2686,75506757.0,19680977.8397
1753506310619,05:05:10.619,mexc,ALGO/USDT:USDT,,,,,0.2686,75506757.0,19680977.8397
1753506314624,05:05:14.624,mexc,ALGO/USDT:USDT,,,,,0.2686,75506757.0,19680977.8397
1753506316672,05:05:16.672,mexc,ALGO/USDT:USDT,,,,,0.2686,75506822.0,19680995.2987
1753506318616,05:05:18.616,mexc,ALGO/USDT:USDT,,,,,0.2686,75506822.0,19680995.2987
1753506320611,05:05:20.611,mexc,ALGO/USDT:USDT,,,,,0.2686,75506822.0,19680995.2987
1753506320611,05:05:20.611,mexc,ALGO/USDT:USDT,,,,,0.2686,75506822.0,19680995.2987
1753506326610,05:05:26.610,mexc,ALGO/USDT:USDT,,,,,0.2686,75506847.0,19681002.0137
1753506326610,05:05:26.610,mexc,ALGO/USDT:USDT,,,,,0.2686,75506847.0,19681002.0137
1753506326610,05:05:26.610,mexc,ALGO/USDT:USDT,,,,,0.2686,75506847.0,19681002.0137
1753506326610,05:05:26.610,mexc,ALGO/USDT:USDT,,,,,0.2686,75506847.0,19681002.0137
1753506326610,05:05:26.610,mexc,ALGO/USDT:USDT,,,,,0.2686,75506847.0,19681002.0137
1753506338604,05:05:38.604,mexc,ALGO/USDT:USDT,,,,,0.2688,75506868.0,19681007.6585
1753506338604,05:05:38.604,mexc,ALGO/USDT:USDT,,,,,0.2688,75506868.0,19681007.6585
1753506338604,05:05:38.604,mexc,ALGO/USDT:USDT,,,,,0.2688,75506868.0,19681007.6585
1753506338604,05:05:38.604,mexc,ALGO/USDT:USDT,,,,,0.2688,75506868.0,19681007.6585
1753506338604,05:05:38.604,mexc,ALGO/USDT:USDT,,,,,0.2688,75506868.0,19681007.6585
1753506338604,05:05:38.604,mexc,ALGO/USDT:USDT,,,,,0.2688,75506868.0,19681007.6585
1753506352613,05:05:52.613,mexc,ALGO/USDT:USDT,,,,,0.2688,75506917.0,19681020.8297
1753506352613,05:05:52.613,mexc,ALGO/USDT:USDT,,,,,0.2688,75506917.0,19681020.8297
1753506352613,05:05:52.613,mexc,ALGO/USDT:USDT,,,,,0.2688,75506917.0,19681020.8297
1753506358626,05:05:58.626,mexc,ALGO/USDT:USDT,,,,,0.2688,75506991.0,19681040.7209
1753506358626,05:05:58.626,mexc,ALGO/USDT:USDT,,,,,0.2688,75506991.0,19681040.7209
1753506358626,05:05:58.626,mexc,ALGO/USDT:USDT,,,,,0.2688,75506991.0,19681040.7209
1753506358626,05:05:58.626,mexc,ALGO/USDT:USDT,,,,,0.2688,75506991.0,19681040.7209
1753506358626,05:05:58.626,mexc,ALGO/USDT:USDT,,,,,0.2688,75506991.0,19681040.7209
1753506358626,05:05:58.626,mexc,ALGO/USDT:USDT,,,,,0.2688,75506991.0,19681040.7209
1753506358626,05:05:58.626,mexc,ALGO/USDT:USDT,,,,,0.2688,75506991.0,19681040.7209
1753506374606,05:06:14.606,mexc,ALGO/USDT:USDT,,,,,0.2687,75507014.0,19681046.901
1753506374606,05:06:14.606,mexc,ALGO/USDT:USDT,,,,,0.2687,75507014.0,19681046.901
1753506374606,05:06:14.606,mexc,ALGO/USDT:USDT,,,,,0.2687,75507014.0,19681046.901
1753506374606,05:06:14.606,mexc,ALGO/USDT:USDT,,,,,0.2687,75507014.0,19681046.901
1753506384615,05:06:24.615,mexc,ALGO/USDT:USDT,,,,,0.2687,75507077.0,19681063.8291
1753506384615,05:06:24.615,mexc,ALGO/USDT:USDT,,,,,0.2687,75507077.0,19681063.8291
1753506384615,05:06:24.615,mexc,ALGO/USDT:USDT,,,,,0.2687,75507077.0,19681063.8291
1753506384615,05:06:24.615,mexc,ALGO/USDT:USDT,,,,,0.2687,75507077.0,19681063.8291
1753506384615,05:06:24.615,mexc,ALGO/USDT:USDT,,,,,0.2687,75507077.0,19681063.8291
1753506396614,05:06:36.614,mexc,ALGO/USDT:USDT,,,,,0.2687,75507135.0,19681079.4137
1753506396614,05:06:36.614,mexc,ALGO/USDT:USDT,,,,,0.2687,75507135.0,19681079.4137
1753506396614,05:06:36.614,mexc,ALGO/USDT:USDT,,,,,0.2687,75507135.0,19681079.4137
1753506396614,05:06:36.614,mexc,ALGO/USDT:USDT,,,,,0.2687,75507135.0,19681079.4137
1753506396614,05:06:36.614,mexc,ALGO/USDT:USDT,,,,,0.2687,75507135.0,19681079.4137
1753506396614,05:06:36.614,mexc,ALGO/USDT:USDT,,,,,0.2687,75507135.0,19681079.4137
1753506396614,05:06:36.614,mexc,ALGO/USDT:USDT,,,,,0.2687,75507135.0,19681079.4137
1753506412615,05:06:52.615,mexc,ALGO/USDT:USDT,,,,,0.2688,75507155.0,19681084.7897
1753506412615,05:06:52.615,mexc,ALGO/USDT:USDT,,,,,0.2688,75507155.0,19681084.7897
1753506412615,05:06:52.615,mexc,ALGO/USDT:USDT,,,,,0.2688,75507155.0,19681084.7897
1753506412615,05:06:52.615,mexc,ALGO/USDT:USDT,,,,,0.2688,75507155.0,19681084.7897
1753506422613,05:07:02.613,mexc,ALGO/USDT:USDT,,,,,0.2687,75507180.0,19681091.5072
1753506424609,05:07:04.609,mexc,ALGO/USDT:USDT,,,,,0.2687,75507180.0,19681091.5072
1753506424609,05:07:04.609,mexc,ALGO/USDT:USDT,,,,,0.2687,75507180.0,19681091.5072
1753506424609,05:07:04.609,mexc,ALGO/USDT:USDT,,,,,0.2687,75507180.0,19681091.5072
1753506424609,05:07:04.609,mexc,ALGO/USDT:USDT,,,,,0.2687,75507180.0,19681091.5072
1753506424609,05:07:04.609,mexc,ALGO/USDT:USDT,,,,,0.2687,75507180.0,19681091.5072
1753506436607,05:07:16.607,mexc,ALGO/USDT:USDT,,,,,0.2687,75507222.0,19681102.7926
1753506436607,05:07:16.607,mexc,ALGO/USDT:USDT,,,,,0.2687,75507222.0,19681102.7926
1753506436607,05:07:16.607,mexc,ALGO/USDT:USDT,,,,,0.2687,75507222.0,19681102.7926
1753506442606,05:07:22.606,mexc,ALGO/USDT:USDT,,,,,0.2685,75507962.0,19681301.4826
1753506442606,05:07:22.606,mexc,ALGO/USDT:USDT,,,,,0.2685,75507962.0,19681301.4826
1753506442606,05:07:22.606,mexc,ALGO/USDT:USDT,,,,,0.2685,75507962.0,19681301.4826
1753506442606,05:07:22.606,mexc,ALGO/USDT:USDT,,,,,0.2685,75507962.0,19681301.4826
1753506442606,05:07:22.606,mexc,ALGO/USDT:USDT,,,,,0.2685,75507962.0,19681301.4826
1753506454608,05:07:34.608,mexc,ALGO/USDT:USDT,,,,,0.2686,75508031.0,19681320.016
1753506454608,05:07:34.608,mexc,ALGO/USDT:USDT,,,,,0.2686,75508031.0,19681320.016
1753506454608,05:07:34.608,mexc,ALGO/USDT:USDT,,,,,0.2686,75508031.0,19681320.016
1753506454608,05:07:34.608,mexc,ALGO/USDT:USDT,,,,,0.2686,75508031.0,19681320.016
1753506464612,05:07:44.612,mexc,ALGO/USDT:USDT,,,,,0.2686,75508055.0,19681326.4624
1753506466606,05:07:46.606,mexc,ALGO/USDT:USDT,,,,,0.2685,75509903.0,19681822.6504
1753506466606,05:07:46.606,mexc,ALGO/USDT:USDT,,,,,0.2685,75509903.0,19681822.6504
1753506466606,05:07:46.606,mexc,ALGO/USDT:USDT,,,,,0.2685,75509903.0,19681822.6504
1753506466606,05:07:46.606,mexc,ALGO/USDT:USDT,,,,,0.2685,75509903.0,19681822.6504
1753506466606,05:07:46.606,mexc,ALGO/USDT:USDT,,,,,0.2685,75509903.0,19681822.6504
1753506476621,05:07:56.621,mexc,ALGO/USDT:USDT,,,,,0.2685,75510491.0,19681980.5284
1753506476621,05:07:56.621,mexc,ALGO/USDT:USDT,,,,,0.2685,75510491.0,19681980.5284
1753506482613,05:08:02.613,mexc,ALGO/USDT:USDT,,,,,0.2685,75510491.0,19681980.5284
1753506482613,05:08:02.613,mexc,ALGO/USDT:USDT,,,,,0.2685,75510491.0,19681980.5284
1753506482613,05:08:02.613,mexc,ALGO/USDT:USDT,,,,,0.2685,75510491.0,19681980.5284
1753506488617,05:08:08.617,mexc,ALGO/USDT:USDT,,,,,0.2685,75510558.0,19681998.5179
1753506488617,05:08:08.617,mexc,ALGO/USDT:USDT,,,,,0.2685,75510558.0,19681998.5179
1753506488617,05:08:08.617,mexc,ALGO/USDT:USDT,,,,,0.2685,75510558.0,19681998.5179
1753506488617,05:08:08.617,mexc,ALGO/USDT:USDT,,,,,0.2685,75510558.0,19681998.5179
1753506488617,05:08:08.617,mexc,ALGO/USDT:USDT,,,,,0.2685,75510558.0,19681998.5179
1753506500608,05:08:20.608,mexc,ALGO/USDT:USDT,,,,,0.2685,75510586.0,19682006.0359
1753506500608,05:08:20.608,mexc,ALGO/USDT:USDT,,,,,0.2685,75510586.0,19682006.0359
1753506500608,05:08:20.608,mexc,ALGO/USDT:USDT,,,,,0.2685,75510586.0,19682006.0359
1753506508603,05:08:28.603,mexc,ALGO/USDT:USDT,,,,,0.2685,75510608.0,19682011.9429
1753506508603,05:08:28.603,mexc,ALGO/USDT:USDT,,,,,0.2685,75510608.0,19682011.9429
1753506508603,05:08:28.603,mexc,ALGO/USDT:USDT,,,,,0.2685,75510608.0,19682011.9429
1753506514591,05:08:34.591,mexc,ALGO/USDT:USDT,,,,,0.2685,75510675.0,19682029.9324
1753506514591,05:08:34.591,mexc,ALGO/USDT:USDT,,,,,0.2685,75510675.0,19682029.9324
1753506514591,05:08:34.591,mexc,ALGO/USDT:USDT,,,,,0.2685,75510675.0,19682029.9324
1753506522601,05:08:42.601,mexc,ALGO/USDT:USDT,,,,,0.2684,75511437.0,19682234.4532
1753506522601,05:08:42.601,mexc,ALGO/USDT:USDT,,,,,0.2684,75511437.0,19682234.4532
1753506522601,05:08:42.601,mexc,ALGO/USDT:USDT,,,,,0.2684,75511437.0,19682234.4532
1753506522601,05:08:42.601,mexc,ALGO/USDT:USDT,,,,,0.2684,75511437.0,19682234.4532
1753506522601,05:08:42.601,mexc,ALGO/USDT:USDT,,,,,0.2684,75511437.0,19682234.4532
1753506522601,05:08:42.601,mexc,ALGO/USDT:USDT,,,,,0.2684,75511437.0,19682234.4532
1753506536631,05:08:56.631,mexc,ALGO/USDT:USDT,,,,,0.2685,75511456.0,19682239.5547
1753506536631,05:08:56.631,mexc,ALGO/USDT:USDT,,,,,0.2685,75511456.0,19682239.5547
