timestamp,time,exchange,symbol,bid,bidVolume,ask,askVolume,lastPrice,baseVolume,quoteVolume
1753504786623,04:39:46.623,mexc,ALGO/USDT:USDT,,,,,0.2697,85335600.0,22183477.453
1753504788618,04:39:48.618,mexc,ALGO/USDT:USDT,,,,,0.2699,85335667.0,22183495.5363
1753504792621,04:39:52.621,mexc,ALGO/USDT:USDT,,,,,0.2699,85349867.0,22187326.0356
1753504792621,04:39:52.621,mexc,ALGO/USDT:USDT,,,,,0.2699,85349867.0,22187326.0356
1753504792621,04:39:52.621,mexc,ALGO/USDT:USDT,,,,,0.2699,85349867.0,22187326.0356
1753504792621,04:39:52.621,mexc,ALGO/USDT:USDT,,,,,0.2699,85349867.0,22187326.0356
1753504800801,04:40:00.801,mexc,ALGO/USDT:USDT,,,,,0.2698,85365054.0,22191423.6995
1753504800801,04:40:00.801,mexc,ALGO/USDT:USDT,,,,,0.2698,85365054.0,22191423.6995
1753504800801,04:40:00.801,mexc,ALGO/USDT:USDT,,,,,0.2698,85365054.0,22191423.6995
1753504800801,04:40:00.801,mexc,ALGO/USDT:USDT,,,,,0.2698,85365054.0,22191423.6995
1753504800801,04:40:00.801,mexc,ALGO/USDT:USDT,,,,,0.2698,85365054.0,22191423.6995
1753504800801,04:40:00.801,mexc,ALGO/USDT:USDT,,,,,0.2698,85365054.0,22191423.6995
1753504814623,04:40:14.623,mexc,ALGO/USDT:USDT,,,,,0.2699,85365119.0,22191441.243
1753504816609,04:40:16.609,mexc,ALGO/USDT:USDT,,,,,0.2699,85365119.0,22191441.243
1753504820624,04:40:20.624,mexc,ALGO/USDT:USDT,,,,,0.2699,85365181.0,22191457.9768
1753504820624,04:40:20.624,mexc,ALGO/USDT:USDT,,,,,0.2699,85365181.0,22191457.9768
1753504820624,04:40:20.624,mexc,ALGO/USDT:USDT,,,,,0.2699,85365181.0,22191457.9768
1753504826629,04:40:26.629,mexc,ALGO/USDT:USDT,,,,,0.27,85365237.0,22191473.0968
1753504828622,04:40:28.622,mexc,ALGO/USDT:USDT,,,,,0.27,85365237.0,22191473.0968
1753504830666,04:40:30.666,mexc,ALGO/USDT:USDT,,,,,0.27,85365237.0,22191473.0968
1753504830666,04:40:30.666,mexc,ALGO/USDT:USDT,,,,,0.27,85365237.0,22191473.0968
1753504830666,04:40:30.666,mexc,ALGO/USDT:USDT,,,,,0.27,85365237.0,22191473.0968
1753504830666,04:40:30.666,mexc,ALGO/USDT:USDT,,,,,0.27,85365237.0,22191473.0968
1753504830666,04:40:30.666,mexc,ALGO/USDT:USDT,,,,,0.27,85365237.0,22191473.0968
1753504842621,04:40:42.621,mexc,ALGO/USDT:USDT,,,,,0.2699,85365284.0,22191485.7821
1753504842621,04:40:42.621,mexc,ALGO/USDT:USDT,,,,,0.2699,85365284.0,22191485.7821
1753504848614,04:40:48.614,mexc,ALGO/USDT:USDT,,,,,0.2699,85365284.0,22191485.7821
1753504850614,04:40:50.614,mexc,ALGO/USDT:USDT,,,,,0.2699,85372694.0,22193485.7411
1753504850614,04:40:50.614,mexc,ALGO/USDT:USDT,,,,,0.2699,85372694.0,22193485.7411
1753504850614,04:40:50.614,mexc,ALGO/USDT:USDT,,,,,0.2699,85372694.0,22193485.7411
1753504850614,04:40:50.614,mexc,ALGO/USDT:USDT,,,,,0.2699,85372694.0,22193485.7411
1753504850614,04:40:50.614,mexc,ALGO/USDT:USDT,,,,,0.2699,85372694.0,22193485.7411
1753504862625,04:41:02.625,mexc,ALGO/USDT:USDT,,,,,0.2699,85372750.0,22193500.8555
1753504862625,04:41:02.625,mexc,ALGO/USDT:USDT,,,,,0.2699,85372750.0,22193500.8555
1753504862625,04:41:02.625,mexc,ALGO/USDT:USDT,,,,,0.2699,85372750.0,22193500.8555
1753504868612,04:41:08.612,mexc,ALGO/USDT:USDT,,,,,0.2699,85372778.0,22193508.4127
1753504868612,04:41:08.612,mexc,ALGO/USDT:USDT,,,,,0.2699,85372778.0,22193508.4127
1753504868612,04:41:08.612,mexc,ALGO/USDT:USDT,,,,,0.2699,85372778.0,22193508.4127
1753504876624,04:41:16.624,mexc,ALGO/USDT:USDT,,,,,0.2699,85372778.0,22193508.4127
1753504878619,04:41:18.619,mexc,ALGO/USDT:USDT,,,,,0.2699,85372778.0,22193508.4127
1753504878619,04:41:18.619,mexc,ALGO/USDT:USDT,,,,,0.2699,85372778.0,22193508.4127
1753504882609,04:41:22.609,mexc,ALGO/USDT:USDT,,,,,0.27,85372820.0,22193519.7527
1753504882609,04:41:22.609,mexc,ALGO/USDT:USDT,,,,,0.27,85372820.0,22193519.7527
1753504882609,04:41:22.609,mexc,ALGO/USDT:USDT,,,,,0.27,85372820.0,22193519.7527
1753504882609,04:41:22.609,mexc,ALGO/USDT:USDT,,,,,0.27,85372820.0,22193519.7527
1753504882609,04:41:22.609,mexc,ALGO/USDT:USDT,,,,,0.27,85372820.0,22193519.7527
1753504882609,04:41:22.609,mexc,ALGO/USDT:USDT,,,,,0.27,85372820.0,22193519.7527
1753504896618,04:41:36.618,mexc,ALGO/USDT:USDT,,,,,0.27,85372840.0,22193525.1527
1753504896618,04:41:36.618,mexc,ALGO/USDT:USDT,,,,,0.27,85372840.0,22193525.1527
1753504896618,04:41:36.618,mexc,ALGO/USDT:USDT,,,,,0.27,85372840.0,22193525.1527
1753504904620,04:41:44.620,mexc,ALGO/USDT:USDT,,,,,0.27,85372840.0,22193525.1527
1753504904620,04:41:44.620,mexc,ALGO/USDT:USDT,,,,,0.27,85372840.0,22193525.1527
1753504908623,04:41:48.623,mexc,ALGO/USDT:USDT,,,,,0.27,85372840.0,22193525.1527
1753504910614,04:41:50.614,mexc,ALGO/USDT:USDT,,,,,0.2699,85372900.0,22193541.3467
1753504910614,04:41:50.614,mexc,ALGO/USDT:USDT,,,,,0.2699,85372900.0,22193541.3467
1753504910614,04:41:50.614,mexc,ALGO/USDT:USDT,,,,,0.2699,85372900.0,22193541.3467
1753504910614,04:41:50.614,mexc,ALGO/USDT:USDT,,,,,0.2699,85372900.0,22193541.3467
1753504910614,04:41:50.614,mexc,ALGO/USDT:USDT,,,,,0.2699,85372900.0,22193541.3467
1753504910614,04:41:50.614,mexc,ALGO/USDT:USDT,,,,,0.2699,85372900.0,22193541.3467
1753504910614,04:41:50.614,mexc,ALGO/USDT:USDT,,,,,0.2699,85372900.0,22193541.3467
1753504926640,04:42:06.640,mexc,ALGO/USDT:USDT,,,,,0.2701,85372921.0,22193547.0188
1753504926640,04:42:06.640,mexc,ALGO/USDT:USDT,,,,,0.2701,85372921.0,22193547.0188
1753504926640,04:42:06.640,mexc,ALGO/USDT:USDT,,,,,0.2701,85372921.0,22193547.0188
1753504934622,04:42:14.622,mexc,ALGO/USDT:USDT,,,,,0.2701,85372992.0,22193566.1959
1753504936619,04:42:16.619,mexc,ALGO/USDT:USDT,,,,,0.2701,85372993.0,22193566.466
1753504938620,04:42:18.620,mexc,ALGO/USDT:USDT,,,,,0.2701,85372993.0,22193566.466
1753504940621,04:42:20.621,mexc,ALGO/USDT:USDT,,,,,0.2701,85372993.0,22193566.466
1753504940621,04:42:20.621,mexc,ALGO/USDT:USDT,,,,,0.2701,85372993.0,22193566.466
1753504946634,04:42:26.634,mexc,ALGO/USDT:USDT,,,,,0.2701,85372993.0,22193566.466
1753504948642,04:42:28.642,mexc,ALGO/USDT:USDT,,,,,0.2701,85372993.0,22193566.466
1753504948642,04:42:28.642,mexc,ALGO/USDT:USDT,,,,,0.2701,85372993.0,22193566.466
1753504952617,04:42:32.617,mexc,ALGO/USDT:USDT,,,,,0.27,85375521.0,22194249.2759
1753504954620,04:42:34.620,mexc,ALGO/USDT:USDT,,,,,0.27,85375521.0,22194249.2759
1753504954620,04:42:34.620,mexc,ALGO/USDT:USDT,,,,,0.27,85375521.0,22194249.2759
1753504954620,04:42:34.620,mexc,ALGO/USDT:USDT,,,,,0.27,85375521.0,22194249.2759
1753504962620,04:42:42.620,mexc,ALGO/USDT:USDT,,,,,0.27,85375521.0,22194249.2759
1753504964691,04:42:44.691,mexc,ALGO/USDT:USDT,,,,,0.27,85375521.0,22194249.2759
1753504964691,04:42:44.691,mexc,ALGO/USDT:USDT,,,,,0.27,85375521.0,22194249.2759
1753504968586,04:42:48.586,mexc,ALGO/USDT:USDT,,,,,0.2701,85375594.0,22194268.9932
1753504968586,04:42:48.586,mexc,ALGO/USDT:USDT,,,,,0.2701,85375594.0,22194268.9932
1753504974632,04:42:54.632,mexc,ALGO/USDT:USDT,,,,,0.2701,85375623.0,22194276.8261
1753504974632,04:42:54.632,mexc,ALGO/USDT:USDT,,,,,0.2701,85375623.0,22194276.8261
1753504978644,04:42:58.644,mexc,ALGO/USDT:USDT,,,,,0.2701,85375623.0,22194276.8261
1753504978644,04:42:58.644,mexc,ALGO/USDT:USDT,,,,,0.2701,85375623.0,22194276.8261
1753504982621,04:43:02.621,mexc,ALGO/USDT:USDT,,,,,0.2701,85375623.0,22194276.8261
1753504984627,04:43:04.627,mexc,ALGO/USDT:USDT,,,,,0.2701,85375623.0,22194276.8261
1753504984627,04:43:04.627,mexc,ALGO/USDT:USDT,,,,,0.2701,85375623.0,22194276.8261
1753504990622,04:43:10.622,mexc,ALGO/USDT:USDT,,,,,0.2699,85375662.0,22194287.3522
1753504990622,04:43:10.622,mexc,ALGO/USDT:USDT,,,,,0.2699,85375662.0,22194287.3522
1753504990622,04:43:10.622,mexc,ALGO/USDT:USDT,,,,,0.2699,85375662.0,22194287.3522
1753504990622,04:43:10.622,mexc,ALGO/USDT:USDT,,,,,0.2699,85375662.0,22194287.3522
1753504990622,04:43:10.622,mexc,ALGO/USDT:USDT,,,,,0.2699,85375662.0,22194287.3522
1753505002603,04:43:22.603,mexc,ALGO/USDT:USDT,,,,,0.2701,85375710.0,22194300.317
1753505002603,04:43:22.603,mexc,ALGO/USDT:USDT,,,,,0.2701,85375710.0,22194300.317
1753505002603,04:43:22.603,mexc,ALGO/USDT:USDT,,,,,0.2701,85375710.0,22194300.317
1753505002603,04:43:22.603,mexc,ALGO/USDT:USDT,,,,,0.2701,85375710.0,22194300.317
1753505002603,04:43:22.603,mexc,ALGO/USDT:USDT,,,,,0.2701,85375710.0,22194300.317
1753505002603,04:43:22.603,mexc,ALGO/USDT:USDT,,,,,0.2701,85375710.0,22194300.317
1753505016618,04:43:36.618,mexc,ALGO/USDT:USDT,,,,,0.2701,85375774.0,22194317.6034
1753505016618,04:43:36.618,mexc,ALGO/USDT:USDT,,,,,0.2701,85375774.0,22194317.6034
1753505016618,04:43:36.618,mexc,ALGO/USDT:USDT,,,,,0.2701,85375774.0,22194317.6034
1753505016618,04:43:36.618,mexc,ALGO/USDT:USDT,,,,,0.2701,85375774.0,22194317.6034
1753505016618,04:43:36.618,mexc,ALGO/USDT:USDT,,,,,0.2701,85375774.0,22194317.6034
1753505016618,04:43:36.618,mexc,ALGO/USDT:USDT,,,,,0.2701,85375774.0,22194317.6034
1753505030611,04:43:50.611,mexc,ALGO/USDT:USDT,,,,,0.2702,85375810.0,22194327.3306
1753505030611,04:43:50.611,mexc,ALGO/USDT:USDT,,,,,0.2702,85375810.0,22194327.3306
1753505030611,04:43:50.611,mexc,ALGO/USDT:USDT,,,,,0.2702,85375810.0,22194327.3306
1753505036612,04:43:56.612,mexc,ALGO/USDT:USDT,,,,,0.2702,85375852.0,22194338.679
1753505038628,04:43:58.628,mexc,ALGO/USDT:USDT,,,,,0.2701,85376322.0,22194465.626
1753505038628,04:43:58.628,mexc,ALGO/USDT:USDT,,,,,0.2701,85376322.0,22194465.626
1753505038628,04:43:58.628,mexc,ALGO/USDT:USDT,,,,,0.2701,85376322.0,22194465.626
1753505038628,04:43:58.628,mexc,ALGO/USDT:USDT,,,,,0.2701,85376322.0,22194465.626
1753505048610,04:44:08.610,mexc,ALGO/USDT:USDT,,,,,0.2702,85376357.0,22194475.083
1753505048610,04:44:08.610,mexc,ALGO/USDT:USDT,,,,,0.2702,85376357.0,22194475.083
1753505048610,04:44:08.610,mexc,ALGO/USDT:USDT,,,,,0.2702,85376357.0,22194475.083
1753505054615,04:44:14.615,mexc,ALGO/USDT:USDT,,,,,0.2702,85376357.0,22194475.083
1753505056675,04:44:16.675,mexc,ALGO/USDT:USDT,,,,,0.2702,85376357.0,22194475.083
1753505060646,04:44:20.646,mexc,ALGO/USDT:USDT,,,,,0.2702,85376419.0,22194491.8354
1753505060646,04:44:20.646,mexc,ALGO/USDT:USDT,,,,,0.2702,85376419.0,22194491.8354
1753505060646,04:44:20.646,mexc,ALGO/USDT:USDT,,,,,0.2702,85376419.0,22194491.8354
1753505060646,04:44:20.646,mexc,ALGO/USDT:USDT,,,,,0.2702,85376419.0,22194491.8354
1753505068610,04:44:28.610,mexc,ALGO/USDT:USDT,,,,,0.2702,85376466.0,22194504.5348
1753505068610,04:44:28.610,mexc,ALGO/USDT:USDT,,,,,0.2702,85376466.0,22194504.5348
1753505068610,04:44:28.610,mexc,ALGO/USDT:USDT,,,,,0.2702,85376466.0,22194504.5348
1753505068610,04:44:28.610,mexc,ALGO/USDT:USDT,,,,,0.2702,85376466.0,22194504.5348
1753505068610,04:44:28.610,mexc,ALGO/USDT:USDT,,,,,0.2702,85376466.0,22194504.5348
1753505068610,04:44:28.610,mexc,ALGO/USDT:USDT,,,,,0.2702,85376466.0,22194504.5348
