timestamp,time,exchange,symbol,bid,bidVolume,ask,askVolume,lastPrice,baseVolume,quoteVolume
1753504786867,04:39:46.867,mexc,ACH/USDT:USDT,,,,,0.02237,81936695.0,1777142.793713
1753504788861,04:39:48.861,mexc,ACH/USDT:USDT,,,,,0.02237,81936695.0,1777142.793713
1753504788861,04:39:48.861,mexc,ACH/USDT:USDT,,,,,0.02237,81936695.0,1777142.793713
1753504788861,04:39:48.861,mexc,ACH/USDT:USDT,,,,,0.02237,81936695.0,1777142.793713
1753504788861,04:39:48.861,mexc,ACH/USDT:USDT,,,,,0.02237,81936695.0,1777142.793713
1753504788861,04:39:48.861,mexc,ACH/USDT:USDT,,,,,0.02237,81936695.0,1777142.793713
1753504801047,04:40:01.047,mexc,ACH/USDT:USDT,,,,,0.022373,81937301.0,1777156.351751
1753504801047,04:40:01.047,mexc,ACH/USDT:USDT,,,,,0.022373,81937301.0,1777156.351751
1753504804901,04:40:04.901,mexc,ACH/USDT:USDT,,,,,0.022373,81937301.0,1777156.351751
1753504804901,04:40:04.901,mexc,ACH/USDT:USDT,,,,,0.022373,81937301.0,1777156.351751
1753504804901,04:40:04.901,mexc,ACH/USDT:USDT,,,,,0.022373,81937301.0,1777156.351751
1753504812870,04:40:12.870,mexc,ACH/USDT:USDT,,,,,0.022371,81937779.0,1777167.045089
1753504812870,04:40:12.870,mexc,ACH/USDT:USDT,,,,,0.022371,81937779.0,1777167.045089
1753504812870,04:40:12.870,mexc,ACH/USDT:USDT,,,,,0.022371,81937779.0,1777167.045089
1753504812870,04:40:12.870,mexc,ACH/USDT:USDT,,,,,0.022371,81937779.0,1777167.045089
1753504822870,04:40:22.870,mexc,ACH/USDT:USDT,,,,,0.022371,81937779.0,1777167.045089
1753504822870,04:40:22.870,mexc,ACH/USDT:USDT,,,,,0.022371,81937779.0,1777167.045089
1753504822870,04:40:22.870,mexc,ACH/USDT:USDT,,,,,0.022371,81937779.0,1777167.045089
1753504828898,04:40:28.898,mexc,ACH/USDT:USDT,,,,,0.022372,81938264.0,1777177.895509
1753504828898,04:40:28.898,mexc,ACH/USDT:USDT,,,,,0.022372,81938264.0,1777177.895509
1753504832861,04:40:32.861,mexc,ACH/USDT:USDT,,,,,0.022372,81938264.0,1777177.895509
1753504836865,04:40:36.865,mexc,ACH/USDT:USDT,,,,,0.022371,81939041.0,1777195.277776
1753504838868,04:40:38.868,mexc,ACH/USDT:USDT,,,,,0.022371,81939041.0,1777195.277776
1753504840972,04:40:40.972,mexc,ACH/USDT:USDT,,,,,0.022376,81939917.0,1777214.879152
1753504840972,04:40:40.972,mexc,ACH/USDT:USDT,,,,,0.022376,81939917.0,1777214.879152
1753504840972,04:40:40.972,mexc,ACH/USDT:USDT,,,,,0.022376,81939917.0,1777214.879152
1753504840972,04:40:40.972,mexc,ACH/USDT:USDT,,,,,0.022376,81939917.0,1777214.879152
1753504840972,04:40:40.972,mexc,ACH/USDT:USDT,,,,,0.022376,81939917.0,1777214.879152
1753504840972,04:40:40.972,mexc,ACH/USDT:USDT,,,,,0.022376,81939917.0,1777214.879152
1753504854855,04:40:54.855,mexc,ACH/USDT:USDT,,,,,0.022373,81940167.0,1777220.472402
1753504856851,04:40:56.851,mexc,ACH/USDT:USDT,,,,,0.022372,81940257.0,1777222.485882
1753504856851,04:40:56.851,mexc,ACH/USDT:USDT,,,,,0.022372,81940257.0,1777222.485882
1753504856851,04:40:56.851,mexc,ACH/USDT:USDT,,,,,0.022372,81940257.0,1777222.485882
1753504856851,04:40:56.851,mexc,ACH/USDT:USDT,,,,,0.022372,81940257.0,1777222.485882
1753504856851,04:40:56.851,mexc,ACH/USDT:USDT,,,,,0.022372,81940257.0,1777222.485882
1753504856851,04:40:56.851,mexc,ACH/USDT:USDT,,,,,0.022372,81940257.0,1777222.485882
1753504856851,04:40:56.851,mexc,ACH/USDT:USDT,,,,,0.022372,81940257.0,1777222.485882
1753504872911,04:41:12.911,mexc,ACH/USDT:USDT,,,,,0.02238,81940791.0,1777234.436268
1753504872911,04:41:12.911,mexc,ACH/USDT:USDT,,,,,0.02238,81940791.0,1777234.436268
1753504872911,04:41:12.911,mexc,ACH/USDT:USDT,,,,,0.02238,81940791.0,1777234.436268
1753504872911,04:41:12.911,mexc,ACH/USDT:USDT,,,,,0.02238,81940791.0,1777234.436268
1753504872911,04:41:12.911,mexc,ACH/USDT:USDT,,,,,0.02238,81940791.0,1777234.436268
1753504872911,04:41:12.911,mexc,ACH/USDT:USDT,,,,,0.02238,81940791.0,1777234.436268
1753504886867,04:41:26.867,mexc,ACH/USDT:USDT,,,,,0.02238,81941080.0,1777240.904088
1753504886867,04:41:26.867,mexc,ACH/USDT:USDT,,,,,0.02238,81941080.0,1777240.904088
1753504892870,04:41:32.870,mexc,ACH/USDT:USDT,,,,,0.02238,81941080.0,1777240.904088
1753504892870,04:41:32.870,mexc,ACH/USDT:USDT,,,,,0.02238,81941080.0,1777240.904088
1753504896863,04:41:36.863,mexc,ACH/USDT:USDT,,,,,0.02238,81941972.0,1777260.867048
1753504898862,04:41:38.862,mexc,ACH/USDT:USDT,,,,,0.02238,81941972.0,1777260.867048
1753504898862,04:41:38.862,mexc,ACH/USDT:USDT,,,,,0.02238,81941972.0,1777260.867048
1753504898862,04:41:38.862,mexc,ACH/USDT:USDT,,,,,0.02238,81941972.0,1777260.867048
1753504898862,04:41:38.862,mexc,ACH/USDT:USDT,,,,,0.02238,81941972.0,1777260.867048
1753504898862,04:41:38.862,mexc,ACH/USDT:USDT,,,,,0.02238,81941972.0,1777260.867048
1753504910859,04:41:50.859,mexc,ACH/USDT:USDT,,,,,0.02238,81942593.0,1777274.765028
1753504910859,04:41:50.859,mexc,ACH/USDT:USDT,,,,,0.02238,81942593.0,1777274.765028
1753504910859,04:41:50.859,mexc,ACH/USDT:USDT,,,,,0.02238,81942593.0,1777274.765028
1753504910859,04:41:50.859,mexc,ACH/USDT:USDT,,,,,0.02238,81942593.0,1777274.765028
1753504920961,04:42:00.961,mexc,ACH/USDT:USDT,,,,,0.022376,81943090.0,1777285.8859
1753504920961,04:42:00.961,mexc,ACH/USDT:USDT,,,,,0.022376,81943090.0,1777285.8859
1753504920961,04:42:00.961,mexc,ACH/USDT:USDT,,,,,0.022376,81943090.0,1777285.8859
1753504926891,04:42:06.891,mexc,ACH/USDT:USDT,,,,,0.022376,81943090.0,1777285.8859
1753504926891,04:42:06.891,mexc,ACH/USDT:USDT,,,,,0.022376,81943090.0,1777285.8859
1753504926891,04:42:06.891,mexc,ACH/USDT:USDT,,,,,0.022376,81943090.0,1777285.8859
1753504934867,04:42:14.867,mexc,ACH/USDT:USDT,,,,,0.022377,81943961.0,1777305.376267
1753504934867,04:42:14.867,mexc,ACH/USDT:USDT,,,,,0.022377,81943961.0,1777305.376267
1753504934867,04:42:14.867,mexc,ACH/USDT:USDT,,,,,0.022377,81943961.0,1777305.376267
1753504934867,04:42:14.867,mexc,ACH/USDT:USDT,,,,,0.022377,81943961.0,1777305.376267
1753504942868,04:42:22.868,mexc,ACH/USDT:USDT,,,,,0.022377,81943961.0,1777305.376267
1753504944870,04:42:24.870,mexc,ACH/USDT:USDT,,,,,0.022379,81944628.0,1777320.30306
1753504948887,04:42:28.887,mexc,ACH/USDT:USDT,,,,,0.02238,81944695.0,1777321.80252
1753504948887,04:42:28.887,mexc,ACH/USDT:USDT,,,,,0.02238,81944695.0,1777321.80252
1753504948887,04:42:28.887,mexc,ACH/USDT:USDT,,,,,0.02238,81944695.0,1777321.80252
1753504948887,04:42:28.887,mexc,ACH/USDT:USDT,,,,,0.02238,81944695.0,1777321.80252
1753504948887,04:42:28.887,mexc,ACH/USDT:USDT,,,,,0.02238,81944695.0,1777321.80252
1753504958871,04:42:38.871,mexc,ACH/USDT:USDT,,,,,0.02238,81944695.0,1777321.80252
1753504958871,04:42:38.871,mexc,ACH/USDT:USDT,,,,,0.02238,81944695.0,1777321.80252
1753504964950,04:42:44.950,mexc,ACH/USDT:USDT,,,,,0.022381,81944996.0,1777328.539201
1753504964950,04:42:44.950,mexc,ACH/USDT:USDT,,,,,0.022381,81944996.0,1777328.539201
1753504964950,04:42:44.950,mexc,ACH/USDT:USDT,,,,,0.022381,81944996.0,1777328.539201
1753504964950,04:42:44.950,mexc,ACH/USDT:USDT,,,,,0.022381,81944996.0,1777328.539201
1753504964950,04:42:44.950,mexc,ACH/USDT:USDT,,,,,0.022381,81944996.0,1777328.539201
1753504964950,04:42:44.950,mexc,ACH/USDT:USDT,,,,,0.022381,81944996.0,1777328.539201
1753504978888,04:42:58.888,mexc,ACH/USDT:USDT,,,,,0.022383,81945593.0,1777341.901852
1753504978888,04:42:58.888,mexc,ACH/USDT:USDT,,,,,0.022383,81945593.0,1777341.901852
1753504978888,04:42:58.888,mexc,ACH/USDT:USDT,,,,,0.022383,81945593.0,1777341.901852
1753504978888,04:42:58.888,mexc,ACH/USDT:USDT,,,,,0.022383,81945593.0,1777341.901852
1753504978888,04:42:58.888,mexc,ACH/USDT:USDT,,,,,0.022383,81945593.0,1777341.901852
1753504990868,04:43:10.868,mexc,ACH/USDT:USDT,,,,,0.022383,81945981.0,1777350.586456
1753504990868,04:43:10.868,mexc,ACH/USDT:USDT,,,,,0.022383,81945981.0,1777350.586456
1753504990868,04:43:10.868,mexc,ACH/USDT:USDT,,,,,0.022383,81945981.0,1777350.586456
1753504990868,04:43:10.868,mexc,ACH/USDT:USDT,,,,,0.022383,81945981.0,1777350.586456
1753504998863,04:43:18.863,mexc,ACH/USDT:USDT,,,,,0.022383,81945981.0,1777350.586456
1753504998863,04:43:18.863,mexc,ACH/USDT:USDT,,,,,0.022383,81945981.0,1777350.586456
1753505004858,04:43:24.858,mexc,ACH/USDT:USDT,,,,,0.022383,81946797.0,1777368.850984
1753505004858,04:43:24.858,mexc,ACH/USDT:USDT,,,,,0.022383,81946797.0,1777368.850984
1753505004858,04:43:24.858,mexc,ACH/USDT:USDT,,,,,0.022383,81946797.0,1777368.850984
1753505010889,04:43:30.889,mexc,ACH/USDT:USDT,,,,,0.022383,81947221.0,1777378.341376
1753505012863,04:43:32.863,mexc,ACH/USDT:USDT,,,,,0.022383,81947221.0,1777378.341376
1753505012863,04:43:32.863,mexc,ACH/USDT:USDT,,,,,0.022383,81947221.0,1777378.341376
1753505018855,04:43:38.855,mexc,ACH/USDT:USDT,,,,,0.022383,81947804.0,1777391.390665
1753505018855,04:43:38.855,mexc,ACH/USDT:USDT,,,,,0.022383,81947804.0,1777391.390665
1753505018855,04:43:38.855,mexc,ACH/USDT:USDT,,,,,0.022383,81947804.0,1777391.390665
1753505018855,04:43:38.855,mexc,ACH/USDT:USDT,,,,,0.022383,81947804.0,1777391.390665
1753505026928,04:43:46.928,mexc,ACH/USDT:USDT,,,,,0.022382,81948538.0,1777407.819053
1753505028862,04:43:48.862,mexc,ACH/USDT:USDT,,,,,0.022382,81948538.0,1777407.819053
1753505028862,04:43:48.862,mexc,ACH/USDT:USDT,,,,,0.022382,81948538.0,1777407.819053
1753505028862,04:43:48.862,mexc,ACH/USDT:USDT,,,,,0.022382,81948538.0,1777407.819053
1753505028862,04:43:48.862,mexc,ACH/USDT:USDT,,,,,0.022382,81948538.0,1777407.819053
1753505038872,04:43:58.872,mexc,ACH/USDT:USDT,,,,,0.022383,81949381.0,1777426.687922
1753505038872,04:43:58.872,mexc,ACH/USDT:USDT,,,,,0.022383,81949381.0,1777426.687922
1753505038872,04:43:58.872,mexc,ACH/USDT:USDT,,,,,0.022383,81949381.0,1777426.687922
1753505038872,04:43:58.872,mexc,ACH/USDT:USDT,,,,,0.022383,81949381.0,1777426.687922
1753505038872,04:43:58.872,mexc,ACH/USDT:USDT,,,,,0.022383,81949381.0,1777426.687922
1753505038872,04:43:58.872,mexc,ACH/USDT:USDT,,,,,0.022383,81949381.0,1777426.687922
1753505052870,04:44:12.870,mexc,ACH/USDT:USDT,,,,,0.022382,81949706.0,1777433.962072
1753505054858,04:44:14.858,mexc,ACH/USDT:USDT,,,,,0.022382,81949706.0,1777433.962072
1753505054858,04:44:14.858,mexc,ACH/USDT:USDT,,,,,0.022382,81949706.0,1777433.962072
1753505058860,04:44:18.860,mexc,ACH/USDT:USDT,,,,,0.022382,81950257.0,1777446.294554
1753505058860,04:44:18.860,mexc,ACH/USDT:USDT,,,,,0.022382,81950257.0,1777446.294554
1753505058860,04:44:18.860,mexc,ACH/USDT:USDT,,,,,0.022382,81950257.0,1777446.294554
1753505058860,04:44:18.860,mexc,ACH/USDT:USDT,,,,,0.022382,81950257.0,1777446.294554
1753505058860,04:44:18.860,mexc,ACH/USDT:USDT,,,,,0.022382,81950257.0,1777446.294554
1753505070901,04:44:30.901,mexc,ACH/USDT:USDT,,,,,0.022383,81951113.0,1777465.454402
1753505070901,04:44:30.901,mexc,ACH/USDT:USDT,,,,,0.022383,81951113.0,1777465.454402
1753505076865,04:44:36.865,mexc,ACH/USDT:USDT,,,,,0.022383,81951113.0,1777465.454402
1753505076865,04:44:36.865,mexc,ACH/USDT:USDT,,,,,0.022383,81951113.0,1777465.454402
1753505076865,04:44:36.865,mexc,ACH/USDT:USDT,,,,,0.022383,81951113.0,1777465.454402
1753505082862,04:44:42.862,mexc,ACH/USDT:USDT,,,,,0.022383,81951855.0,1777482.062588
1753505082862,04:44:42.862,mexc,ACH/USDT:USDT,,,,,0.022383,81951855.0,1777482.062588
1753505082862,04:44:42.862,mexc,ACH/USDT:USDT,,,,,0.022383,81951855.0,1777482.062588
1753505082862,04:44:42.862,mexc,ACH/USDT:USDT,,,,,0.022383,81951855.0,1777482.062588
1753505082862,04:44:42.862,mexc,ACH/USDT:USDT,,,,,0.022383,81951855.0,1777482.062588
1753505082862,04:44:42.862,mexc,ACH/USDT:USDT,,,,,0.022383,81951855.0,1777482.062588
1753505096875,04:44:56.875,mexc,ACH/USDT:USDT,,,,,0.022381,81952476.0,1777495.961189
1753505098882,04:44:58.882,mexc,ACH/USDT:USDT,,,,,0.022381,81952476.0,1777495.961189
1753505098882,04:44:58.882,mexc,ACH/USDT:USDT,,,,,0.022381,81952476.0,1777495.961189
1753505098882,04:44:58.882,mexc,ACH/USDT:USDT,,,,,0.022381,81952476.0,1777495.961189
1753505098882,04:44:58.882,mexc,ACH/USDT:USDT,,,,,0.022381,81952476.0,1777495.961189
1753505098882,04:44:58.882,mexc,ACH/USDT:USDT,,,,,0.022381,81952476.0,1777495.961189
1753505110867,04:45:10.867,mexc,ACH/USDT:USDT,,,,,0.02238,81953180.0,1777511.716709
1753505110867,04:45:10.867,mexc,ACH/USDT:USDT,,,,,0.02238,81953180.0,1777511.716709
1753505110867,04:45:10.867,mexc,ACH/USDT:USDT,,,,,0.02238,81953180.0,1777511.716709
1753505110867,04:45:10.867,mexc,ACH/USDT:USDT,,,,,0.02238,81953180.0,1777511.716709
1753505120901,04:45:20.901,mexc,ACH/USDT:USDT,,,,,0.022375,81953794.0,1777525.454959
1753505120901,04:45:20.901,mexc,ACH/USDT:USDT,,,,,0.022375,81953794.0,1777525.454959
1753505120901,04:45:20.901,mexc,ACH/USDT:USDT,,,,,0.022375,81953794.0,1777525.454959
1753505126855,04:45:26.855,mexc,ACH/USDT:USDT,,,,,0.022375,81953794.0,1777525.454959
1753505126855,04:45:26.855,mexc,ACH/USDT:USDT,,,,,0.022375,81953794.0,1777525.454959
1753505132862,04:45:32.862,mexc,ACH/USDT:USDT,,,,,0.022375,81953794.0,1777525.454959
1753505134873,04:45:34.873,mexc,ACH/USDT:USDT,,,,,0.022377,81954571.0,1777542.841888
1753505134873,04:45:34.873,mexc,ACH/USDT:USDT,,,,,0.022377,81954571.0,1777542.841888
1753505134873,04:45:34.873,mexc,ACH/USDT:USDT,,,,,0.022377,81954571.0,1777542.841888
1753505140860,04:45:40.860,mexc,ACH/USDT:USDT,,,,,0.022376,81954968.0,1777551.72516
1753505140860,04:45:40.860,mexc,ACH/USDT:USDT,,,,,0.022376,81954968.0,1777551.72516
1753505140860,04:45:40.860,mexc,ACH/USDT:USDT,,,,,0.022376,81954968.0,1777551.72516
1753505148930,04:45:48.930,mexc,ACH/USDT:USDT,,,,,0.022376,81955201.0,1777556.938768
1753505148930,04:45:48.930,mexc,ACH/USDT:USDT,,,,,0.022376,81955201.0,1777556.938768
1753505148930,04:45:48.930,mexc,ACH/USDT:USDT,,,,,0.022376,81955201.0,1777556.938768
1753505148930,04:45:48.930,mexc,ACH/USDT:USDT,,,,,0.022376,81955201.0,1777556.938768
1753505156867,04:45:56.867,mexc,ACH/USDT:USDT,,,,,0.022375,81955968.0,1777574.100393
1753505156867,04:45:56.867,mexc,ACH/USDT:USDT,,,,,0.022375,81955968.0,1777574.100393
1753505156867,04:45:56.867,mexc,ACH/USDT:USDT,,,,,0.022375,81955968.0,1777574.100393
1753505156867,04:45:56.867,mexc,ACH/USDT:USDT,,,,,0.022375,81955968.0,1777574.100393
1753505166871,04:46:06.871,mexc,ACH/USDT:USDT,,,,,0.022379,81956271.0,1777580.88123
1753505166871,04:46:06.871,mexc,ACH/USDT:USDT,,,,,0.022379,81956271.0,1777580.88123
1753505166871,04:46:06.871,mexc,ACH/USDT:USDT,,,,,0.022379,81956271.0,1777580.88123
1753505166871,04:46:06.871,mexc,ACH/USDT:USDT,,,,,0.022379,81956271.0,1777580.88123
1753505166871,04:46:06.871,mexc,ACH/USDT:USDT,,,,,0.022379,81956271.0,1777580.88123
1753505166871,04:46:06.871,mexc,ACH/USDT:USDT,,,,,0.022379,81956271.0,1777580.88123
1753505166871,04:46:06.871,mexc,ACH/USDT:USDT,,,,,0.022379,81956271.0,1777580.88123
1753505182864,04:46:22.864,mexc,ACH/USDT:USDT,,,,,0.022381,81956826.0,1777593.302685
1753505184869,04:46:24.869,mexc,ACH/USDT:USDT,,,,,0.022381,81956826.0,1777593.302685
1753505188870,04:46:28.870,mexc,ACH/USDT:USDT,,,,,0.022381,81956826.0,1777593.302685
1753505188870,04:46:28.870,mexc,ACH/USDT:USDT,,,,,0.022381,81956826.0,1777593.302685
1753505188870,04:46:28.870,mexc,ACH/USDT:USDT,,,,,0.022381,81956826.0,1777593.302685
1753505188870,04:46:28.870,mexc,ACH/USDT:USDT,,,,,0.022381,81956826.0,1777593.302685
1753505196869,04:46:36.869,mexc,ACH/USDT:USDT,,,,,0.022381,81956826.0,1777593.302685
1753505198858,04:46:38.858,mexc,ACH/USDT:USDT,,,,,0.022386,81957258.0,1777602.973437
1753505202855,04:46:42.855,mexc,ACH/USDT:USDT,,,,,0.022386,81957258.0,1777602.973437
1753505204893,04:46:44.893,mexc,ACH/USDT:USDT,,,,,0.022386,81957258.0,1777602.973437
1753505204893,04:46:44.893,mexc,ACH/USDT:USDT,,,,,0.022386,81957258.0,1777602.973437
1753505208873,04:46:48.873,mexc,ACH/USDT:USDT,,,,,0.02239,81957610.0,1777610.854717
1753505208873,04:46:48.873,mexc,ACH/USDT:USDT,,,,,0.02239,81957610.0,1777610.854717
1753505208873,04:46:48.873,mexc,ACH/USDT:USDT,,,,,0.02239,81957610.0,1777610.854717
1753505208873,04:46:48.873,mexc,ACH/USDT:USDT,,,,,0.02239,81957610.0,1777610.854717
1753505208873,04:46:48.873,mexc,ACH/USDT:USDT,,,,,0.02239,81957610.0,1777610.854717
1753505208873,04:46:48.873,mexc,ACH/USDT:USDT,,,,,0.02239,81957610.0,1777610.854717
1753505208873,04:46:48.873,mexc,ACH/USDT:USDT,,,,,0.02239,81957610.0,1777610.854717
1753505224858,04:47:04.858,mexc,ACH/USDT:USDT,,,,,0.022389,81958302.0,1777626.347905
1753505224858,04:47:04.858,mexc,ACH/USDT:USDT,,,,,0.022389,81958302.0,1777626.347905
1753505230871,04:47:10.871,mexc,ACH/USDT:USDT,,,,,0.022386,81958947.0,1777640.786875
1753505230871,04:47:10.871,mexc,ACH/USDT:USDT,,,,,0.022386,81958947.0,1777640.786875
1753505234856,04:47:14.856,mexc,ACH/USDT:USDT,,,,,0.022386,81958947.0,1777640.786875
1753505236859,04:47:16.859,mexc,ACH/USDT:USDT,,,,,0.022386,81958947.0,1777640.786875
1753505238873,04:47:18.873,mexc,ACH/USDT:USDT,,,,,0.022386,81959724.0,1777658.180797
1753505238873,04:47:18.873,mexc,ACH/USDT:USDT,,,,,0.022386,81959724.0,1777658.180797
1753505244849,04:47:24.849,mexc,ACH/USDT:USDT,,,,,0.022386,81959724.0,1777658.180797
1753505244849,04:47:24.849,mexc,ACH/USDT:USDT,,,,,0.022386,81959724.0,1777658.180797
1753505248861,04:47:28.861,mexc,ACH/USDT:USDT,,,,,0.022386,81959724.0,1777658.180797
1753505250895,04:47:30.895,mexc,ACH/USDT:USDT,,,,,0.022379,81959952.0,1777663.283209
1753505250895,04:47:30.895,mexc,ACH/USDT:USDT,,,,,0.022379,81959952.0,1777663.283209
1753505250895,04:47:30.895,mexc,ACH/USDT:USDT,,,,,0.022379,81959952.0,1777663.283209
1753505258869,04:47:38.869,mexc,ACH/USDT:USDT,,,,,0.022375,81967964.0,1777842.551709
1753505258869,04:47:38.869,mexc,ACH/USDT:USDT,,,,,0.022375,81967964.0,1777842.551709
1753505258869,04:47:38.869,mexc,ACH/USDT:USDT,,,,,0.022375,81967964.0,1777842.551709
1753505258869,04:47:38.869,mexc,ACH/USDT:USDT,,,,,0.022375,81967964.0,1777842.551709
1753505266867,04:47:46.867,mexc,ACH/USDT:USDT,,,,,0.022376,81968330.0,1777850.741325
1753505266867,04:47:46.867,mexc,ACH/USDT:USDT,,,,,0.022376,81968330.0,1777850.741325
1753505266867,04:47:46.867,mexc,ACH/USDT:USDT,,,,,0.022376,81968330.0,1777850.741325
1753505266867,04:47:46.867,mexc,ACH/USDT:USDT,,,,,0.022376,81968330.0,1777850.741325
1753505266867,04:47:46.867,mexc,ACH/USDT:USDT,,,,,0.022376,81968330.0,1777850.741325
1753505266867,04:47:46.867,mexc,ACH/USDT:USDT,,,,,0.022376,81968330.0,1777850.741325
1753505280952,04:48:00.952,mexc,ACH/USDT:USDT,,,,,0.02237,81968786.0,1777860.942045
1753505280952,04:48:00.952,mexc,ACH/USDT:USDT,,,,,0.02237,81968786.0,1777860.942045
1753505286895,04:48:06.895,mexc,ACH/USDT:USDT,,,,,0.02237,81968786.0,1777860.942045
1753505286895,04:48:06.895,mexc,ACH/USDT:USDT,,,,,0.02237,81968786.0,1777860.942045
1753505286895,04:48:06.895,mexc,ACH/USDT:USDT,,,,,0.02237,81968786.0,1777860.942045
1753505286895,04:48:06.895,mexc,ACH/USDT:USDT,,,,,0.02237,81968786.0,1777860.942045
1753505294871,04:48:14.871,mexc,ACH/USDT:USDT,,,,,0.022368,81969599.0,1777879.127229
1753505294871,04:48:14.871,mexc,ACH/USDT:USDT,,,,,0.022368,81969599.0,1777879.127229
1753505294871,04:48:14.871,mexc,ACH/USDT:USDT,,,,,0.022368,81969599.0,1777879.127229
1753505294871,04:48:14.871,mexc,ACH/USDT:USDT,,,,,0.022368,81969599.0,1777879.127229
1753505294871,04:48:14.871,mexc,ACH/USDT:USDT,,,,,0.022368,81969599.0,1777879.127229
1753505294871,04:48:14.871,mexc,ACH/USDT:USDT,,,,,0.022368,81969599.0,1777879.127229
1753505308850,04:48:28.850,mexc,ACH/USDT:USDT,,,,,0.022367,81970456.0,1777898.295748
1753505310913,04:48:30.913,mexc,ACH/USDT:USDT,,,,,0.022367,81970456.0,1777898.295748
1753505314859,04:48:34.859,mexc,ACH/USDT:USDT,,,,,0.022368,81971016.0,1777910.821828
1753505316865,04:48:36.865,mexc,ACH/USDT:USDT,,,,,0.022368,81971016.0,1777910.821828
1753505318862,04:48:38.862,mexc,ACH/USDT:USDT,,,,,0.022368,81971016.0,1777910.821828
1753505318862,04:48:38.862,mexc,ACH/USDT:USDT,,,,,0.022368,81971016.0,1777910.821828
1753505318862,04:48:38.862,mexc,ACH/USDT:USDT,,,,,0.022368,81971016.0,1777910.821828
1753505318862,04:48:38.862,mexc,ACH/USDT:USDT,,,,,0.022368,81971016.0,1777910.821828
1753505328860,04:48:48.860,mexc,ACH/USDT:USDT,,,,,0.022366,81971809.0,1777928.558066
1753505328860,04:48:48.860,mexc,ACH/USDT:USDT,,,,,0.022366,81971809.0,1777928.558066
1753505332923,04:48:52.923,mexc,ACH/USDT:USDT,,,,,0.022366,81971809.0,1777928.558066
1753505332923,04:48:52.923,mexc,ACH/USDT:USDT,,,,,0.022366,81971809.0,1777928.558066
1753505332923,04:48:52.923,mexc,ACH/USDT:USDT,,,,,0.022366,81971809.0,1777928.558066
1753505332923,04:48:52.923,mexc,ACH/USDT:USDT,,,,,0.022366,81971809.0,1777928.558066
1753505342868,04:49:02.868,mexc,ACH/USDT:USDT,,,,,0.022366,81972379.0,1777941.306686
1753505342868,04:49:02.868,mexc,ACH/USDT:USDT,,,,,0.022366,81972379.0,1777941.306686
1753505346908,04:49:06.908,mexc,ACH/USDT:USDT,,,,,0.022366,81972379.0,1777941.306686
1753505348863,04:49:08.863,mexc,ACH/USDT:USDT,,,,,0.022366,81972379.0,1777941.306686
1753505350858,04:49:10.858,mexc,ACH/USDT:USDT,,,,,0.022368,81973102.0,1777957.47875
1753505350858,04:49:10.858,mexc,ACH/USDT:USDT,,,,,0.022368,81973102.0,1777957.47875
1753505350858,04:49:10.858,mexc,ACH/USDT:USDT,,,,,0.022368,81973102.0,1777957.47875
1753505350858,04:49:10.858,mexc,ACH/USDT:USDT,,,,,0.022368,81973102.0,1777957.47875
1753505360859,04:49:20.859,mexc,ACH/USDT:USDT,,,,,0.022369,81973552.0,1777967.5448
1753505360859,04:49:20.859,mexc,ACH/USDT:USDT,,,,,0.022369,81973552.0,1777967.5448
1753505360859,04:49:20.859,mexc,ACH/USDT:USDT,,,,,0.022369,81973552.0,1777967.5448
1753505366864,04:49:26.864,mexc,ACH/USDT:USDT,,,,,0.022364,81973855.0,1777974.321092
1753505368892,04:49:28.892,mexc,ACH/USDT:USDT,,,,,0.022364,81973855.0,1777974.321092
1753505368892,04:49:28.892,mexc,ACH/USDT:USDT,,,,,0.022364,81973855.0,1777974.321092
1753505368892,04:49:28.892,mexc,ACH/USDT:USDT,,,,,0.022364,81973855.0,1777974.321092
1753505376856,04:49:36.856,mexc,ACH/USDT:USDT,,,,,0.022365,81974138.0,1777980.650387
1753505378833,04:49:38.833,mexc,ACH/USDT:USDT,,,,,0.022365,81974138.0,1777980.650387
1753505378833,04:49:38.833,mexc,ACH/USDT:USDT,,,,,0.022365,81974138.0,1777980.650387
1753505378833,04:49:38.833,mexc,ACH/USDT:USDT,,,,,0.022365,81974138.0,1777980.650387
1753505378833,04:49:38.833,mexc,ACH/USDT:USDT,,,,,0.022365,81974138.0,1777980.650387
1753505388862,04:49:48.862,mexc,ACH/USDT:USDT,,,,,0.022363,81974768.0,1777994.739077
1753505390869,04:49:50.869,mexc,ACH/USDT:USDT,,,,,0.02235,81974905.0,1777997.801697
1753505392861,04:49:52.861,mexc,ACH/USDT:USDT,,,,,0.02235,81974905.0,1777997.801697
1753505392861,04:49:52.861,mexc,ACH/USDT:USDT,,,,,0.02235,81974905.0,1777997.801697
1753505392861,04:49:52.861,mexc,ACH/USDT:USDT,,,,,0.02235,81974905.0,1777997.801697
1753505392861,04:49:52.861,mexc,ACH/USDT:USDT,,,,,0.02235,81974905.0,1777997.801697
1753505392861,04:49:52.861,mexc,ACH/USDT:USDT,,,,,0.02235,81974905.0,1777997.801697
1753505404864,04:50:04.864,mexc,ACH/USDT:USDT,,,,,0.022345,81975317.0,1778007.007837
1753505404864,04:50:04.864,mexc,ACH/USDT:USDT,,,,,0.022345,81975317.0,1778007.007837
1753505404864,04:50:04.864,mexc,ACH/USDT:USDT,,,,,0.022345,81975317.0,1778007.007837
1753505414868,04:50:14.868,mexc,ACH/USDT:USDT,,,,,0.022346,81975561.0,1778012.460261
1753505416856,04:50:16.856,mexc,ACH/USDT:USDT,,,,,0.022346,81975561.0,1778012.460261
1753505416856,04:50:16.856,mexc,ACH/USDT:USDT,,,,,0.022346,81975561.0,1778012.460261
1753505416856,04:50:16.856,mexc,ACH/USDT:USDT,,,,,0.022346,81975561.0,1778012.460261
1753505416856,04:50:16.856,mexc,ACH/USDT:USDT,,,,,0.022346,81975561.0,1778012.460261
1753505416856,04:50:16.856,mexc,ACH/USDT:USDT,,,,,0.022346,81975561.0,1778012.460261
1753505428866,04:50:28.866,mexc,ACH/USDT:USDT,,,,,0.02234,81975628.0,1778013.957041
1753505428866,04:50:28.866,mexc,ACH/USDT:USDT,,,,,0.02234,81975628.0,1778013.957041
1753505432860,04:50:32.860,mexc,ACH/USDT:USDT,,,,,0.02234,81975628.0,1778013.957041
1753505434864,04:50:34.864,mexc,ACH/USDT:USDT,,,,,0.02234,81975628.0,1778013.957041
1753505434864,04:50:34.864,mexc,ACH/USDT:USDT,,,,,0.02234,81975628.0,1778013.957041
1753505434864,04:50:34.864,mexc,ACH/USDT:USDT,,,,,0.02234,81975628.0,1778013.957041
1753505442891,04:50:42.891,mexc,ACH/USDT:USDT,,,,,0.022334,81976263.0,1778028.139131
1753505442891,04:50:42.891,mexc,ACH/USDT:USDT,,,,,0.022334,81976263.0,1778028.139131
1753505446857,04:50:46.857,mexc,ACH/USDT:USDT,,,,,0.022334,81976748.0,1778038.971121
1753505446857,04:50:46.857,mexc,ACH/USDT:USDT,,,,,0.022334,81976748.0,1778038.971121
1753505446857,04:50:46.857,mexc,ACH/USDT:USDT,,,,,0.022334,81976748.0,1778038.971121
1753505446857,04:50:46.857,mexc,ACH/USDT:USDT,,,,,0.022334,81976748.0,1778038.971121
1753505446857,04:50:46.857,mexc,ACH/USDT:USDT,,,,,0.022334,81976748.0,1778038.971121
1753505458869,04:50:58.869,mexc,ACH/USDT:USDT,,,,,0.022332,81977636.0,1778058.801937
1753505460969,04:51:00.969,mexc,ACH/USDT:USDT,,,,,0.02233,81977706.0,1778060.365037
1753505460969,04:51:00.969,mexc,ACH/USDT:USDT,,,,,0.02233,81977706.0,1778060.365037
1753505464852,04:51:04.852,mexc,ACH/USDT:USDT,,,,,0.02233,81977706.0,1778060.365037
1753505466864,04:51:06.864,mexc,ACH/USDT:USDT,,,,,0.022325,81978393.0,1778075.702312
1753505466864,04:51:06.864,mexc,ACH/USDT:USDT,,,,,0.022325,81978393.0,1778075.702312
1753505472872,04:51:12.872,mexc,ACH/USDT:USDT,,,,,0.022324,81978703.0,1778082.622752
1753505474874,04:51:14.874,mexc,ACH/USDT:USDT,,,,,0.022324,82028888.0,1779202.952692
1753505474874,04:51:14.874,mexc,ACH/USDT:USDT,,,,,0.022324,82028888.0,1779202.952692
1753505474874,04:51:14.874,mexc,ACH/USDT:USDT,,,,,0.022324,82028888.0,1779202.952692
1753505474874,04:51:14.874,mexc,ACH/USDT:USDT,,,,,0.022324,82028888.0,1779202.952692
1753505484845,04:51:24.845,mexc,ACH/USDT:USDT,,,,,0.022318,82029493.0,1779216.455216
1753505484845,04:51:24.845,mexc,ACH/USDT:USDT,,,,,0.022318,82029493.0,1779216.455216
1753505484845,04:51:24.845,mexc,ACH/USDT:USDT,,,,,0.022318,82029493.0,1779216.455216
1753505484845,04:51:24.845,mexc,ACH/USDT:USDT,,,,,0.022318,82029493.0,1779216.455216
1753505484845,04:51:24.845,mexc,ACH/USDT:USDT,,,,,0.022318,82029493.0,1779216.455216
1753505494860,04:51:34.860,mexc,ACH/USDT:USDT,,,,,0.022318,82029493.0,1779216.455216
1753505498871,04:51:38.871,mexc,ACH/USDT:USDT,,,,,0.022323,82030321.0,1779234.93866
1753505498871,04:51:38.871,mexc,ACH/USDT:USDT,,,,,0.022323,82030321.0,1779234.93866
1753505498871,04:51:38.871,mexc,ACH/USDT:USDT,,,,,0.022323,82030321.0,1779234.93866
1753505498871,04:51:38.871,mexc,ACH/USDT:USDT,,,,,0.022323,82030321.0,1779234.93866
1753505498871,04:51:38.871,mexc,ACH/USDT:USDT,,,,,0.022323,82030321.0,1779234.93866
1753505498871,04:51:38.871,mexc,ACH/USDT:USDT,,,,,0.022323,82030321.0,1779234.93866
1753505512847,04:51:52.847,mexc,ACH/USDT:USDT,,,,,0.022323,82030794.0,1779245.497439
1753505512847,04:51:52.847,mexc,ACH/USDT:USDT,,,,,0.022323,82030794.0,1779245.497439
1753505512847,04:51:52.847,mexc,ACH/USDT:USDT,,,,,0.022323,82030794.0,1779245.497439
1753505512847,04:51:52.847,mexc,ACH/USDT:USDT,,,,,0.022323,82030794.0,1779245.497439
1753505521026,04:52:01.026,mexc,ACH/USDT:USDT,,,,,0.022327,82031238.0,1779255.410627
1753505521026,04:52:01.026,mexc,ACH/USDT:USDT,,,,,0.022327,82031238.0,1779255.410627
1753505521026,04:52:01.026,mexc,ACH/USDT:USDT,,,,,0.022327,82031238.0,1779255.410627
1753505521026,04:52:01.026,mexc,ACH/USDT:USDT,,,,,0.022327,82031238.0,1779255.410627
1753505521026,04:52:01.026,mexc,ACH/USDT:USDT,,,,,0.022327,82031238.0,1779255.410627
1753505521026,04:52:01.026,mexc,ACH/USDT:USDT,,,,,0.022327,82031238.0,1779255.410627
1753505534859,04:52:14.859,mexc,ACH/USDT:USDT,,,,,0.022329,82031596.0,1779263.404409
1753505534859,04:52:14.859,mexc,ACH/USDT:USDT,,,,,0.022329,82031596.0,1779263.404409
1753505534859,04:52:14.859,mexc,ACH/USDT:USDT,,,,,0.022329,82031596.0,1779263.404409
1753505534859,04:52:14.859,mexc,ACH/USDT:USDT,,,,,0.022329,82031596.0,1779263.404409
1753505534859,04:52:14.859,mexc,ACH/USDT:USDT,,,,,0.022329,82031596.0,1779263.404409
1753505534859,04:52:14.859,mexc,ACH/USDT:USDT,,,,,0.022329,82031596.0,1779263.404409
1753505534859,04:52:14.859,mexc,ACH/USDT:USDT,,,,,0.022329,82031596.0,1779263.404409
1753505550875,04:52:30.875,mexc,ACH/USDT:USDT,,,,,0.022329,82032178.0,1779276.399887
1753505554869,04:52:34.869,mexc,ACH/USDT:USDT,,,,,0.022329,82032178.0,1779276.399887
1753505554869,04:52:34.869,mexc,ACH/USDT:USDT,,,,,0.022329,82032178.0,1779276.399887
1753505558863,04:52:38.863,mexc,ACH/USDT:USDT,,,,,0.022329,82032178.0,1779276.399887
1753505558863,04:52:38.863,mexc,ACH/USDT:USDT,,,,,0.022329,82032178.0,1779276.399887
1753505558863,04:52:38.863,mexc,ACH/USDT:USDT,,,,,0.022329,82032178.0,1779276.399887
1753505564838,04:52:44.838,mexc,ACH/USDT:USDT,,,,,0.022329,82033017.0,1779295.133918
1753505564838,04:52:44.838,mexc,ACH/USDT:USDT,,,,,0.022329,82033017.0,1779295.133918
1753505564838,04:52:44.838,mexc,ACH/USDT:USDT,,,,,0.022329,82033017.0,1779295.133918
1753505572838,04:52:52.838,mexc,ACH/USDT:USDT,,,,,0.022326,82033292.0,1779301.273568
1753505572838,04:52:52.838,mexc,ACH/USDT:USDT,,,,,0.022326,82033292.0,1779301.273568
1753505572838,04:52:52.838,mexc,ACH/USDT:USDT,,,,,0.022326,82033292.0,1779301.273568
1753505572838,04:52:52.838,mexc,ACH/USDT:USDT,,,,,0.022326,82033292.0,1779301.273568
1753505582848,04:53:02.848,mexc,ACH/USDT:USDT,,,,,0.022326,82033292.0,1779301.273568
1753505584892,04:53:04.892,mexc,ACH/USDT:USDT,,,,,0.02232,82033751.0,1779311.518448
1753505584892,04:53:04.892,mexc,ACH/USDT:USDT,,,,,0.02232,82033751.0,1779311.518448
1753505584892,04:53:04.892,mexc,ACH/USDT:USDT,,,,,0.02232,82033751.0,1779311.518448
1753505584892,04:53:04.892,mexc,ACH/USDT:USDT,,,,,0.02232,82033751.0,1779311.518448
1753505584892,04:53:04.892,mexc,ACH/USDT:USDT,,,,,0.02232,82033751.0,1779311.518448
1753505584892,04:53:04.892,mexc,ACH/USDT:USDT,,,,,0.02232,82033751.0,1779311.518448
1753505598858,04:53:18.858,mexc,ACH/USDT:USDT,,,,,0.022321,82034616.0,1779330.826113
1753505598858,04:53:18.858,mexc,ACH/USDT:USDT,,,,,0.022321,82034616.0,1779330.826113
1753505598858,04:53:18.858,mexc,ACH/USDT:USDT,,,,,0.022321,82034616.0,1779330.826113
1753505598858,04:53:18.858,mexc,ACH/USDT:USDT,,,,,0.022321,82034616.0,1779330.826113
1753505598858,04:53:18.858,mexc,ACH/USDT:USDT,,,,,0.022321,82034616.0,1779330.826113
1753505598858,04:53:18.858,mexc,ACH/USDT:USDT,,,,,0.022321,82034616.0,1779330.826113
1753505612859,04:53:32.859,mexc,ACH/USDT:USDT,,,,,0.022317,82034901.0,1779337.186458
1753505614861,04:53:34.861,mexc,ACH/USDT:USDT,,,,,0.022317,82034901.0,1779337.186458
1753505616849,04:53:36.849,mexc,ACH/USDT:USDT,,,,,0.022317,82034901.0,1779337.186458
1753505618835,04:53:38.835,mexc,ACH/USDT:USDT,,,,,0.022317,82034901.0,1779337.186458
1753505618835,04:53:38.835,mexc,ACH/USDT:USDT,,,,,0.022317,82034901.0,1779337.186458
1753505618835,04:53:38.835,mexc,ACH/USDT:USDT,,,,,0.022317,82034901.0,1779337.186458
1753505626858,04:53:46.858,mexc,ACH/USDT:USDT,,,,,0.022316,82035313.0,1779346.38065
1753505626858,04:53:46.858,mexc,ACH/USDT:USDT,,,,,0.022316,82035313.0,1779346.38065
1753505630867,04:53:50.867,mexc,ACH/USDT:USDT,,,,,0.022316,82035808.0,1779357.42707
1753505630867,04:53:50.867,mexc,ACH/USDT:USDT,,,,,0.022316,82035808.0,1779357.42707
1753505630867,04:53:50.867,mexc,ACH/USDT:USDT,,,,,0.022316,82035808.0,1779357.42707
1753505630867,04:53:50.867,mexc,ACH/USDT:USDT,,,,,0.022316,82035808.0,1779357.42707
1753505630867,04:53:50.867,mexc,ACH/USDT:USDT,,,,,0.022316,82035808.0,1779357.42707
1753505642860,04:54:02.860,mexc,ACH/USDT:USDT,,,,,0.022316,82035808.0,1779357.42707
1753505642860,04:54:02.860,mexc,ACH/USDT:USDT,,,,,0.022316,82035808.0,1779357.42707
1753505646876,04:54:06.876,mexc,ACH/USDT:USDT,,,,,0.022329,82036630.0,1779375.781508
1753505646876,04:54:06.876,mexc,ACH/USDT:USDT,,,,,0.022329,82036630.0,1779375.781508
1753505646876,04:54:06.876,mexc,ACH/USDT:USDT,,,,,0.022329,82036630.0,1779375.781508
1753505654848,04:54:14.848,mexc,ACH/USDT:USDT,,,,,0.02233,82037323.0,1779391.256198
1753505654848,04:54:14.848,mexc,ACH/USDT:USDT,,,,,0.02233,82037323.0,1779391.256198
1753505654848,04:54:14.848,mexc,ACH/USDT:USDT,,,,,0.02233,82037323.0,1779391.256198
1753505654848,04:54:14.848,mexc,ACH/USDT:USDT,,,,,0.02233,82037323.0,1779391.256198
1753505654848,04:54:14.848,mexc,ACH/USDT:USDT,,,,,0.02233,82037323.0,1779391.256198
1753505654848,04:54:14.848,mexc,ACH/USDT:USDT,,,,,0.02233,82037323.0,1779391.256198
1753505668864,04:54:28.864,mexc,ACH/USDT:USDT,,,,,0.022327,82038024.0,1779406.907425
1753505668864,04:54:28.864,mexc,ACH/USDT:USDT,,,,,0.022327,82038024.0,1779406.907425
1753505668864,04:54:28.864,mexc,ACH/USDT:USDT,,,,,0.022327,82038024.0,1779406.907425
1753505674869,04:54:34.869,mexc,ACH/USDT:USDT,,,,,0.022327,82038024.0,1779406.907425
1753505676865,04:54:36.865,mexc,ACH/USDT:USDT,,,,,0.022327,82038024.0,1779406.907425
1753505676865,04:54:36.865,mexc,ACH/USDT:USDT,,,,,0.022327,82038024.0,1779406.907425
1753505682864,04:54:42.864,mexc,ACH/USDT:USDT,,,,,0.022328,82038810.0,1779424.457233
1753505682864,04:54:42.864,mexc,ACH/USDT:USDT,,,,,0.022328,82038810.0,1779424.457233
1753505686871,04:54:46.871,mexc,ACH/USDT:USDT,,,,,0.022328,82038810.0,1779424.457233
1753505688861,04:54:48.861,mexc,ACH/USDT:USDT,,,,,0.022328,82038810.0,1779424.457233
1753505688861,04:54:48.861,mexc,ACH/USDT:USDT,,,,,0.022328,82038810.0,1779424.457233
1753505688861,04:54:48.861,mexc,ACH/USDT:USDT,,,,,0.022328,82038810.0,1779424.457233
1753505688861,04:54:48.861,mexc,ACH/USDT:USDT,,,,,0.022328,82038810.0,1779424.457233
1753505698890,04:54:58.890,mexc,ACH/USDT:USDT,,,,,0.022333,82039335.0,1779436.182058
1753505698890,04:54:58.890,mexc,ACH/USDT:USDT,,,,,0.022333,82039335.0,1779436.182058
1753505698890,04:54:58.890,mexc,ACH/USDT:USDT,,,,,0.022333,82039335.0,1779436.182058
1753505704884,04:55:04.884,mexc,ACH/USDT:USDT,,,,,0.022333,82039335.0,1779436.182058
1753505704884,04:55:04.884,mexc,ACH/USDT:USDT,,,,,0.022333,82039335.0,1779436.182058
1753505704884,04:55:04.884,mexc,ACH/USDT:USDT,,,,,0.022333,82039335.0,1779436.182058
1753505704884,04:55:04.884,mexc,ACH/USDT:USDT,,,,,0.022333,82039335.0,1779436.182058
1753505714867,04:55:14.867,mexc,ACH/USDT:USDT,,,,,0.022327,82039748.0,1779445.403109
1753505714867,04:55:14.867,mexc,ACH/USDT:USDT,,,,,0.022327,82039748.0,1779445.403109
1753505714867,04:55:14.867,mexc,ACH/USDT:USDT,,,,,0.022327,82039748.0,1779445.403109
1753505714867,04:55:14.867,mexc,ACH/USDT:USDT,,,,,0.022327,82039748.0,1779445.403109
1753505714867,04:55:14.867,mexc,ACH/USDT:USDT,,,,,0.022327,82039748.0,1779445.403109
1753505714867,04:55:14.867,mexc,ACH/USDT:USDT,,,,,0.022327,82039748.0,1779445.403109
1753505728887,04:55:28.887,mexc,ACH/USDT:USDT,,,,,0.022325,82040471.0,1779461.544084
1753505728887,04:55:28.887,mexc,ACH/USDT:USDT,,,,,0.022325,82040471.0,1779461.544084
1753505728887,04:55:28.887,mexc,ACH/USDT:USDT,,,,,0.022325,82040471.0,1779461.544084
1753505728887,04:55:28.887,mexc,ACH/USDT:USDT,,,,,0.022325,82040471.0,1779461.544084
1753505738841,04:55:38.841,mexc,ACH/USDT:USDT,,,,,0.022331,82040905.0,1779471.235738
1753505738841,04:55:38.841,mexc,ACH/USDT:USDT,,,,,0.022331,82040905.0,1779471.235738
1753505742863,04:55:42.863,mexc,ACH/USDT:USDT,,,,,0.022331,82040905.0,1779471.235738
1753505742863,04:55:42.863,mexc,ACH/USDT:USDT,,,,,0.022331,82040905.0,1779471.235738
1753505742863,04:55:42.863,mexc,ACH/USDT:USDT,,,,,0.022331,82040905.0,1779471.235738
1753505742863,04:55:42.863,mexc,ACH/USDT:USDT,,,,,0.022331,82040905.0,1779471.235738
1753505752870,04:55:52.870,mexc,ACH/USDT:USDT,,,,,0.022325,82041726.0,1779489.564563
1753505752870,04:55:52.870,mexc,ACH/USDT:USDT,,,,,0.022325,82041726.0,1779489.564563
1753505752870,04:55:52.870,mexc,ACH/USDT:USDT,,,,,0.022325,82041726.0,1779489.564563
1753505752870,04:55:52.870,mexc,ACH/USDT:USDT,,,,,0.022325,82041726.0,1779489.564563
1753505752870,04:55:52.870,mexc,ACH/USDT:USDT,,,,,0.022325,82041726.0,1779489.564563
1753505752870,04:55:52.870,mexc,ACH/USDT:USDT,,,,,0.022325,82041726.0,1779489.564563
1753505766857,04:56:06.857,mexc,ACH/USDT:USDT,,,,,0.022323,82042264.0,1779501.574337
1753505766857,04:56:06.857,mexc,ACH/USDT:USDT,,,,,0.022323,82042264.0,1779501.574337
1753505766857,04:56:06.857,mexc,ACH/USDT:USDT,,,,,0.022323,82042264.0,1779501.574337
1753505766857,04:56:06.857,mexc,ACH/USDT:USDT,,,,,0.022323,82042264.0,1779501.574337
1753505774866,04:56:14.866,mexc,ACH/USDT:USDT,,,,,0.022327,82042733.0,1779512.0457
