timestamp,time,exchange,symbol,bid,bidVolume,ask,askVolume,lastPrice,baseVolume,quoteVolume
1753507232846,05:20:32.846,mexc,ACH/USDT:USDT,,,,,0.022369,79982452.0,1736005.651309
1753507232846,05:20:32.846,mexc,ACH/USDT:USDT,,,,,0.022369,79982452.0,1736005.651309
1753507236865,05:20:36.865,mexc,ACH/USDT:USDT,,,,,0.022369,79982452.0,1736005.651309
1753507236865,05:20:36.865,mexc,ACH/USDT:USDT,,,,,0.022369,79982452.0,1736005.651309
1753507236865,05:20:36.865,mexc,ACH/USDT:USDT,,,,,0.022369,79982452.0,1736005.651309
1753507236865,05:20:36.865,mexc,ACH/USDT:USDT,,,,,0.022369,79982452.0,1736005.651309
1753507246874,05:20:46.874,mexc,ACH/USDT:USDT,,,,,0.022365,79983283.0,1736024.236624
1753507246874,05:20:46.874,mexc,ACH/USDT:USDT,,,,,0.022365,79983283.0,1736024.236624
1753507246874,05:20:46.874,mexc,ACH/USDT:USDT,,,,,0.022365,79983283.0,1736024.236624
1753507246874,05:20:46.874,mexc,ACH/USDT:USDT,,,,,0.022365,79983283.0,1736024.236624
1753507254863,05:20:54.863,mexc,ACH/USDT:USDT,,,,,0.022367,79983731.0,1736034.25704
1753507254863,05:20:54.863,mexc,ACH/USDT:USDT,,,,,0.022367,79983731.0,1736034.25704
1753507254863,05:20:54.863,mexc,ACH/USDT:USDT,,,,,0.022367,79983731.0,1736034.25704
1753507262869,05:21:02.869,mexc,ACH/USDT:USDT,,,,,0.022365,79984045.0,1736041.27965
1753507262869,05:21:02.869,mexc,ACH/USDT:USDT,,,,,0.022365,79984045.0,1736041.27965
1753507262869,05:21:02.869,mexc,ACH/USDT:USDT,,,,,0.022365,79984045.0,1736041.27965
1753507262869,05:21:02.869,mexc,ACH/USDT:USDT,,,,,0.022365,79984045.0,1736041.27965
1753507272858,05:21:12.858,mexc,ACH/USDT:USDT,,,,,0.022371,79984905.0,1736060.51871
1753507272858,05:21:12.858,mexc,ACH/USDT:USDT,,,,,0.022371,79984905.0,1736060.51871
1753507272858,05:21:12.858,mexc,ACH/USDT:USDT,,,,,0.022371,79984905.0,1736060.51871
1753507278883,05:21:18.883,mexc,ACH/USDT:USDT,,,,,0.022371,79984905.0,1736060.51871
1753507278883,05:21:18.883,mexc,ACH/USDT:USDT,,,,,0.022371,79984905.0,1736060.51871
1753507284856,05:21:24.856,mexc,ACH/USDT:USDT,,,,,0.022376,79985658.0,1736077.367838
1753507284856,05:21:24.856,mexc,ACH/USDT:USDT,,,,,0.022376,79985658.0,1736077.367838
1753507284856,05:21:24.856,mexc,ACH/USDT:USDT,,,,,0.022376,79985658.0,1736077.367838
1753507284856,05:21:24.856,mexc,ACH/USDT:USDT,,,,,0.022376,79985658.0,1736077.367838
1753507292855,05:21:32.855,mexc,ACH/USDT:USDT,,,,,0.022377,79985987.0,1736084.729871
1753507292855,05:21:32.855,mexc,ACH/USDT:USDT,,,,,0.022377,79985987.0,1736084.729871
1753507298857,05:21:38.857,mexc,ACH/USDT:USDT,,,,,0.022377,79985987.0,1736084.729871
1753507298857,05:21:38.857,mexc,ACH/USDT:USDT,,,,,0.022377,79985987.0,1736084.729871
1753507298857,05:21:38.857,mexc,ACH/USDT:USDT,,,,,0.022377,79985987.0,1736084.729871
1753507298857,05:21:38.857,mexc,ACH/USDT:USDT,,,,,0.022377,79985987.0,1736084.729871
1753507306860,05:21:46.860,mexc,ACH/USDT:USDT,,,,,0.022374,79986527.0,1736096.811831
1753507306860,05:21:46.860,mexc,ACH/USDT:USDT,,,,,0.022374,79986527.0,1736096.811831
1753507306860,05:21:46.860,mexc,ACH/USDT:USDT,,,,,0.022374,79986527.0,1736096.811831
1753507314857,05:21:54.857,mexc,ACH/USDT:USDT,,,,,0.022374,79986774.0,1736102.338209
1753507314857,05:21:54.857,mexc,ACH/USDT:USDT,,,,,0.022374,79986774.0,1736102.338209
1753507314857,05:21:54.857,mexc,ACH/USDT:USDT,,,,,0.022374,79986774.0,1736102.338209
1753507314857,05:21:54.857,mexc,ACH/USDT:USDT,,,,,0.022374,79986774.0,1736102.338209
1753507314857,05:21:54.857,mexc,ACH/USDT:USDT,,,,,0.022374,79986774.0,1736102.338209
1753507314857,05:21:54.857,mexc,ACH/USDT:USDT,,,,,0.022374,79986774.0,1736102.338209
1753507314857,05:21:54.857,mexc,ACH/USDT:USDT,,,,,0.022374,79986774.0,1736102.338209
1753507330863,05:22:10.863,mexc,ACH/USDT:USDT,,,,,0.022374,79987421.0,1736116.814187
1753507332888,05:22:12.888,mexc,ACH/USDT:USDT,,,,,0.022374,79991890.0,1736216.803593
1753507332888,05:22:12.888,mexc,ACH/USDT:USDT,,,,,0.022374,79991890.0,1736216.803593
1753507336834,05:22:16.834,mexc,ACH/USDT:USDT,,,,,0.022374,79991890.0,1736216.803593
1753507340847,05:22:20.847,mexc,ACH/USDT:USDT,,,,,0.022374,79992537.0,1736231.279571
1753507340847,05:22:20.847,mexc,ACH/USDT:USDT,,,,,0.022374,79992537.0,1736231.279571
1753507340847,05:22:20.847,mexc,ACH/USDT:USDT,,,,,0.022374,79992537.0,1736231.279571
1753507340847,05:22:20.847,mexc,ACH/USDT:USDT,,,,,0.022374,79992537.0,1736231.279571
1753507340847,05:22:20.847,mexc,ACH/USDT:USDT,,,,,0.022374,79992537.0,1736231.279571
1753507352855,05:22:32.855,mexc,ACH/USDT:USDT,,,,,0.022374,79992537.0,1736231.279571
1753507352855,05:22:32.855,mexc,ACH/USDT:USDT,,,,,0.022374,79992537.0,1736231.279571
1753507356851,05:22:36.851,mexc,ACH/USDT:USDT,,,,,0.022378,79993027.0,1736242.244791
1753507356851,05:22:36.851,mexc,ACH/USDT:USDT,,,,,0.022378,79993027.0,1736242.244791
1753507356851,05:22:36.851,mexc,ACH/USDT:USDT,,,,,0.022378,79993027.0,1736242.244791
1753507356851,05:22:36.851,mexc,ACH/USDT:USDT,,,,,0.022378,79993027.0,1736242.244791
1753507366863,05:22:46.863,mexc,ACH/USDT:USDT,,,,,0.022377,79993263.0,1736247.525763
1753507366863,05:22:46.863,mexc,ACH/USDT:USDT,,,,,0.022377,79993263.0,1736247.525763
1753507366863,05:22:46.863,mexc,ACH/USDT:USDT,,,,,0.022377,79993263.0,1736247.525763
1753507372855,05:22:52.855,mexc,ACH/USDT:USDT,,,,,0.022377,79993915.0,1736262.115567
1753507372855,05:22:52.855,mexc,ACH/USDT:USDT,,,,,0.022377,79993915.0,1736262.115567
1753507372855,05:22:52.855,mexc,ACH/USDT:USDT,,,,,0.022377,79993915.0,1736262.115567
1753507380913,05:23:00.913,mexc,ACH/USDT:USDT,,,,,0.022377,79994500.0,1736275.206112
1753507380913,05:23:00.913,mexc,ACH/USDT:USDT,,,,,0.022377,79994500.0,1736275.206112
1753507380913,05:23:00.913,mexc,ACH/USDT:USDT,,,,,0.022377,79994500.0,1736275.206112
1753507380913,05:23:00.913,mexc,ACH/USDT:USDT,,,,,0.022377,79994500.0,1736275.206112
1753507388877,05:23:08.877,mexc,ACH/USDT:USDT,,,,,0.022377,79994500.0,1736275.206112
1753507388877,05:23:08.877,mexc,ACH/USDT:USDT,,,,,0.022377,79994500.0,1736275.206112
1753507394852,05:23:14.852,mexc,ACH/USDT:USDT,,,,,0.02238,79994875.0,1736283.597688
1753507394852,05:23:14.852,mexc,ACH/USDT:USDT,,,,,0.02238,79994875.0,1736283.597688
1753507394852,05:23:14.852,mexc,ACH/USDT:USDT,,,,,0.02238,79994875.0,1736283.597688
1753507400860,05:23:20.860,mexc,ACH/USDT:USDT,,,,,0.022386,79995747.0,1736303.11828
1753507400860,05:23:20.860,mexc,ACH/USDT:USDT,,,,,0.022386,79995747.0,1736303.11828
1753507400860,05:23:20.860,mexc,ACH/USDT:USDT,,,,,0.022386,79995747.0,1736303.11828
1753507400860,05:23:20.860,mexc,ACH/USDT:USDT,,,,,0.022386,79995747.0,1736303.11828
1753507410874,05:23:30.874,mexc,ACH/USDT:USDT,,,,,0.022386,79995747.0,1736303.11828
1753507410874,05:23:30.874,mexc,ACH/USDT:USDT,,,,,0.022386,79995747.0,1736303.11828
1753507414855,05:23:34.855,mexc,ACH/USDT:USDT,,,,,0.022386,79996072.0,1736310.39373
1753507416854,05:23:36.854,mexc,ACH/USDT:USDT,,,,,0.022386,79996072.0,1736310.39373
1753507420856,05:23:40.856,mexc,ACH/USDT:USDT,,,,,0.022382,79996413.0,1736318.025992
1753507420856,05:23:40.856,mexc,ACH/USDT:USDT,,,,,0.022382,79996413.0,1736318.025992
1753507420856,05:23:40.856,mexc,ACH/USDT:USDT,,,,,0.022382,79996413.0,1736318.025992
1753507420856,05:23:40.856,mexc,ACH/USDT:USDT,,,,,0.022382,79996413.0,1736318.025992
1753507428853,05:23:48.853,mexc,ACH/USDT:USDT,,,,,0.022382,79997054.0,1736332.372854
1753507428853,05:23:48.853,mexc,ACH/USDT:USDT,,,,,0.022382,79997054.0,1736332.372854
1753507434858,05:23:54.858,mexc,ACH/USDT:USDT,,,,,0.022382,79997054.0,1736332.372854
1753507434858,05:23:54.858,mexc,ACH/USDT:USDT,,,,,0.022382,79997054.0,1736332.372854
1753507438873,05:23:58.873,mexc,ACH/USDT:USDT,,,,,0.022383,79997879.0,1736350.838829
1753507438873,05:23:58.873,mexc,ACH/USDT:USDT,,,,,0.022383,79997879.0,1736350.838829
1753507438873,05:23:58.873,mexc,ACH/USDT:USDT,,,,,0.022383,79997879.0,1736350.838829
1753507444860,05:24:04.860,mexc,ACH/USDT:USDT,,,,,0.022383,79997879.0,1736350.838829
1753507444860,05:24:04.860,mexc,ACH/USDT:USDT,,,,,0.022383,79997879.0,1736350.838829
1753507444860,05:24:04.860,mexc,ACH/USDT:USDT,,,,,0.022383,79997879.0,1736350.838829
1753507444860,05:24:04.860,mexc,ACH/USDT:USDT,,,,,0.022383,79997879.0,1736350.838829
1753507454902,05:24:14.902,mexc,ACH/USDT:USDT,,,,,0.022384,79998214.0,1736358.337469
1753507454902,05:24:14.902,mexc,ACH/USDT:USDT,,,,,0.022384,79998214.0,1736358.337469
1753507454902,05:24:14.902,mexc,ACH/USDT:USDT,,,,,0.022384,79998214.0,1736358.337469
1753507454902,05:24:14.902,mexc,ACH/USDT:USDT,,,,,0.022384,79998214.0,1736358.337469
1753507454902,05:24:14.902,mexc,ACH/USDT:USDT,,,,,0.022384,79998214.0,1736358.337469
1753507454902,05:24:14.902,mexc,ACH/USDT:USDT,,,,,0.022384,79998214.0,1736358.337469
1753507468859,05:24:28.859,mexc,ACH/USDT:USDT,,,,,0.022386,79998930.0,1736374.365845
1753507470856,05:24:30.856,mexc,ACH/USDT:USDT,,,,,0.022386,79998930.0,1736374.365845
1753507470856,05:24:30.856,mexc,ACH/USDT:USDT,,,,,0.022386,79998930.0,1736374.365845
1753507470856,05:24:30.856,mexc,ACH/USDT:USDT,,,,,0.022386,79998930.0,1736374.365845
1753507478846,05:24:38.846,mexc,ACH/USDT:USDT,,,,,0.022388,79999256.0,1736381.664333
1753507478846,05:24:38.846,mexc,ACH/USDT:USDT,,,,,0.022388,79999256.0,1736381.664333
1753507478846,05:24:38.846,mexc,ACH/USDT:USDT,,,,,0.022388,79999256.0,1736381.664333
1753507478846,05:24:38.846,mexc,ACH/USDT:USDT,,,,,0.022388,79999256.0,1736381.664333
1753507478846,05:24:38.846,mexc,ACH/USDT:USDT,,,,,0.022388,79999256.0,1736381.664333
1753507490873,05:24:50.873,mexc,ACH/USDT:USDT,,,,,0.022385,79999523.0,1736387.641128
1753507492859,05:24:52.859,mexc,ACH/USDT:USDT,,,,,0.022385,79999523.0,1736387.641128
1753507492859,05:24:52.859,mexc,ACH/USDT:USDT,,,,,0.022385,79999523.0,1736387.641128
1753507492859,05:24:52.859,mexc,ACH/USDT:USDT,,,,,0.022385,79999523.0,1736387.641128
1753507492859,05:24:52.859,mexc,ACH/USDT:USDT,,,,,0.022385,79999523.0,1736387.641128
1753507502851,05:25:02.851,mexc,ACH/USDT:USDT,,,,,0.022385,79999523.0,1736387.641128
1753507502851,05:25:02.851,mexc,ACH/USDT:USDT,,,,,0.022385,79999523.0,1736387.641128
1753507506865,05:25:06.865,mexc,ACH/USDT:USDT,,,,,0.022388,80000182.0,1736402.39482
1753507506865,05:25:06.865,mexc,ACH/USDT:USDT,,,,,0.022388,80000182.0,1736402.39482
1753507506865,05:25:06.865,mexc,ACH/USDT:USDT,,,,,0.022388,80000182.0,1736402.39482
1753507506865,05:25:06.865,mexc,ACH/USDT:USDT,,,,,0.022388,80000182.0,1736402.39482
1753507516918,05:25:16.918,mexc,ACH/USDT:USDT,,,,,0.02239,80000778.0,1736415.73926
1753507516918,05:25:16.918,mexc,ACH/USDT:USDT,,,,,0.02239,80000778.0,1736415.73926
1753507516918,05:25:16.918,mexc,ACH/USDT:USDT,,,,,0.02239,80000778.0,1736415.73926
1753507516918,05:25:16.918,mexc,ACH/USDT:USDT,,,,,0.02239,80000778.0,1736415.73926
1753507524849,05:25:24.849,mexc,ACH/USDT:USDT,,,,,0.02239,80001094.0,1736422.8145
1753507524849,05:25:24.849,mexc,ACH/USDT:USDT,,,,,0.02239,80001094.0,1736422.8145
1753507524849,05:25:24.849,mexc,ACH/USDT:USDT,,,,,0.02239,80001094.0,1736422.8145
1753507532864,05:25:32.864,mexc,ACH/USDT:USDT,,,,,0.022387,80001906.0,1736440.992744
1753507532864,05:25:32.864,mexc,ACH/USDT:USDT,,,,,0.022387,80001906.0,1736440.992744
1753507532864,05:25:32.864,mexc,ACH/USDT:USDT,,,,,0.022387,80001906.0,1736440.992744
1753507538837,05:25:38.837,mexc,ACH/USDT:USDT,,,,,0.022386,80002283.0,1736449.432266
1753507538837,05:25:38.837,mexc,ACH/USDT:USDT,,,,,0.022386,80002283.0,1736449.432266
1753507544886,05:25:44.886,mexc,ACH/USDT:USDT,,,,,0.022386,80002283.0,1736449.432266
1753507544886,05:25:44.886,mexc,ACH/USDT:USDT,,,,,0.022386,80002283.0,1736449.432266
1753507544886,05:25:44.886,mexc,ACH/USDT:USDT,,,,,0.022386,80002283.0,1736449.432266
1753507544886,05:25:44.886,mexc,ACH/USDT:USDT,,,,,0.022386,80002283.0,1736449.432266
1753507552860,05:25:52.860,mexc,ACH/USDT:USDT,,,,,0.02239,80002783.0,1736460.625546
1753507554854,05:25:54.854,mexc,ACH/USDT:USDT,,,,,0.02239,80002783.0,1736460.625546
1753507554854,05:25:54.854,mexc,ACH/USDT:USDT,,,,,0.02239,80002783.0,1736460.625546
1753507554854,05:25:54.854,mexc,ACH/USDT:USDT,,,,,0.02239,80002783.0,1736460.625546
1753507554854,05:25:54.854,mexc,ACH/USDT:USDT,,,,,0.02239,80002783.0,1736460.625546
1753507554854,05:25:54.854,mexc,ACH/USDT:USDT,,,,,0.02239,80002783.0,1736460.625546
1753507566863,05:26:06.863,mexc,ACH/USDT:USDT,,,,,0.022391,80003578.0,1736478.426391
1753507566863,05:26:06.863,mexc,ACH/USDT:USDT,,,,,0.022391,80003578.0,1736478.426391
1753507566863,05:26:06.863,mexc,ACH/USDT:USDT,,,,,0.022391,80003578.0,1736478.426391
1753507566863,05:26:06.863,mexc,ACH/USDT:USDT,,,,,0.022391,80003578.0,1736478.426391
1753507566863,05:26:06.863,mexc,ACH/USDT:USDT,,,,,0.022391,80003578.0,1736478.426391
1753507566863,05:26:06.863,mexc,ACH/USDT:USDT,,,,,0.022391,80003578.0,1736478.426391
1753507580858,05:26:20.858,mexc,ACH/USDT:USDT,,,,,0.022387,80004296.0,1736494.500257
1753507580858,05:26:20.858,mexc,ACH/USDT:USDT,,,,,0.022387,80004296.0,1736494.500257
1753507580858,05:26:20.858,mexc,ACH/USDT:USDT,,,,,0.022387,80004296.0,1736494.500257
1753507580858,05:26:20.858,mexc,ACH/USDT:USDT,,,,,0.022387,80004296.0,1736494.500257
1753507590872,05:26:30.872,mexc,ACH/USDT:USDT,,,,,0.022391,80004715.0,1736503.882086
1753507590872,05:26:30.872,mexc,ACH/USDT:USDT,,,,,0.022391,80004715.0,1736503.882086
1753507590872,05:26:30.872,mexc,ACH/USDT:USDT,,,,,0.022391,80004715.0,1736503.882086
1753507590872,05:26:30.872,mexc,ACH/USDT:USDT,,,,,0.022391,80004715.0,1736503.882086
1753507600867,05:26:40.867,mexc,ACH/USDT:USDT,,,,,0.022391,80004715.0,1736503.882086
1753507600867,05:26:40.867,mexc,ACH/USDT:USDT,,,,,0.022391,80004715.0,1736503.882086
1753507604896,05:26:44.896,mexc,ACH/USDT:USDT,,,,,0.022387,80005334.0,1736517.739639
1753507606865,05:26:46.865,mexc,ACH/USDT:USDT,,,,,0.022387,80005334.0,1736517.739639
1753507606865,05:26:46.865,mexc,ACH/USDT:USDT,,,,,0.022387,80005334.0,1736517.739639
1753507612860,05:26:52.860,mexc,ACH/USDT:USDT,,,,,0.022386,80005696.0,1736525.843371
1753507612860,05:26:52.860,mexc,ACH/USDT:USDT,,,,,0.022386,80005696.0,1736525.843371
1753507612860,05:26:52.860,mexc,ACH/USDT:USDT,,,,,0.022386,80005696.0,1736525.843371
1753507612860,05:26:52.860,mexc,ACH/USDT:USDT,,,,,0.022386,80005696.0,1736525.843371
1753507620940,05:27:00.940,mexc,ACH/USDT:USDT,,,,,0.022386,80005696.0,1736525.843371
1753507622868,05:27:02.868,mexc,ACH/USDT:USDT,,,,,0.022387,80006083.0,1736534.50714
1753507622868,05:27:02.868,mexc,ACH/USDT:USDT,,,,,0.022387,80006083.0,1736534.50714
1753507622868,05:27:02.868,mexc,ACH/USDT:USDT,,,,,0.022387,80006083.0,1736534.50714
1753507622868,05:27:02.868,mexc,ACH/USDT:USDT,,,,,0.022387,80006083.0,1736534.50714
1753507622868,05:27:02.868,mexc,ACH/USDT:USDT,,,,,0.022387,80006083.0,1736534.50714
1753507634858,05:27:14.858,mexc,ACH/USDT:USDT,,,,,0.022387,80006083.0,1736534.50714
1753507634858,05:27:14.858,mexc,ACH/USDT:USDT,,,,,0.022387,80006083.0,1736534.50714
1753507640866,05:27:20.866,mexc,ACH/USDT:USDT,,,,,0.022387,80006653.0,1736547.26773
1753507642854,05:27:22.854,mexc,ACH/USDT:USDT,,,,,0.022387,80006653.0,1736547.26773
1753507642854,05:27:22.854,mexc,ACH/USDT:USDT,,,,,0.022387,80006653.0,1736547.26773
1753507642854,05:27:22.854,mexc,ACH/USDT:USDT,,,,,0.022387,80006653.0,1736547.26773
1753507642854,05:27:22.854,mexc,ACH/USDT:USDT,,,,,0.022387,80006653.0,1736547.26773
1753507652850,05:27:32.850,mexc,ACH/USDT:USDT,,,,,0.022387,80007343.0,1736562.71476
1753507652850,05:27:32.850,mexc,ACH/USDT:USDT,,,,,0.022387,80007343.0,1736562.71476
1753507652850,05:27:32.850,mexc,ACH/USDT:USDT,,,,,0.022387,80007343.0,1736562.71476
1753507652850,05:27:32.850,mexc,ACH/USDT:USDT,,,,,0.022387,80007343.0,1736562.71476
1753507660864,05:27:40.864,mexc,ACH/USDT:USDT,,,,,0.022389,80007807.0,1736573.103256
1753507662834,05:27:42.834,mexc,ACH/USDT:USDT,,,,,0.022389,80007807.0,1736573.103256
1753507662834,05:27:42.834,mexc,ACH/USDT:USDT,,,,,0.022389,80007807.0,1736573.103256
1753507668855,05:27:48.855,mexc,ACH/USDT:USDT,,,,,0.022389,80007807.0,1736573.103256
1753507670911,05:27:50.911,mexc,ACH/USDT:USDT,,,,,0.0224,80007874.0,1736574.604056
1753507670911,05:27:50.911,mexc,ACH/USDT:USDT,,,,,0.0224,80007874.0,1736574.604056
