timestamp,time,exchange,symbol,bid,bidVolume,ask,askVolume,lastPrice,baseVolume,quoteVolume
1753504786507,04:39:46.507,mexc,ADA/USDT:USDT,,,,,0.8272,813825458.0,650671927.125
1753504788503,04:39:48.503,mexc,ADA/USDT:USDT,,,,,0.8272,813825458.0,650671927.125
1753504792505,04:39:52.505,mexc,ADA/USDT:USDT,,,,,0.827,813828974.0,650674834.857
1753504794501,04:39:54.501,mexc,ADA/USDT:USDT,,,,,0.827,813829350.0,650675145.809
1753504796506,04:39:56.506,mexc,ADA/USDT:USDT,,,,,0.8269,813829942.0,650675635.3338
1753504796506,04:39:56.506,mexc,ADA/USDT:USDT,,,,,0.8269,813829942.0,650675635.3338
1753504800671,04:40:00.671,mexc,ADA/USDT:USDT,,,,,0.827,813849942.0,650692175.3338
1753504802487,04:40:02.487,mexc,ADA/USDT:USDT,,,,,0.827,813853570.0,650695175.6898
1753504806504,04:40:06.504,mexc,ADA/USDT:USDT,,,,,0.8269,813854797.0,650696190.2961
1753504806504,04:40:06.504,mexc,ADA/USDT:USDT,,,,,0.8269,813854797.0,650696190.2961
1753504806504,04:40:06.504,mexc,ADA/USDT:USDT,,,,,0.8269,813854797.0,650696190.2961
1753504812509,04:40:12.509,mexc,ADA/USDT:USDT,,,,,0.8268,813869698.0,650708510.6448
1753504812509,04:40:12.509,mexc,ADA/USDT:USDT,,,,,0.8268,813869698.0,650708510.6448
1753504812509,04:40:12.509,mexc,ADA/USDT:USDT,,,,,0.8268,813869698.0,650708510.6448
1753504812509,04:40:12.509,mexc,ADA/USDT:USDT,,,,,0.8268,813869698.0,650708510.6448
1753504812509,04:40:12.509,mexc,ADA/USDT:USDT,,,,,0.8268,813869698.0,650708510.6448
1753504824510,04:40:24.510,mexc,ADA/USDT:USDT,,,,,0.8271,813870150.0,650708884.494
1753504826513,04:40:26.513,mexc,ADA/USDT:USDT,,,,,0.827,813870666.0,650709311.226
1753504828504,04:40:28.504,mexc,ADA/USDT:USDT,,,,,0.827,814760126.0,651444894.646
1753504830549,04:40:30.549,mexc,ADA/USDT:USDT,,,,,0.827,814760126.0,651444894.646
1753504834498,04:40:34.498,mexc,ADA/USDT:USDT,,,,,0.8268,814935061.0,651589583.266
1753504836506,04:40:36.506,mexc,ADA/USDT:USDT,,,,,0.8269,814936712.0,651590948.4779
1753504838504,04:40:38.504,mexc,ADA/USDT:USDT,,,,,0.8269,814936712.0,651590948.4779
1753504840578,04:40:40.578,mexc,ADA/USDT:USDT,,,,,0.8265,814937704.0,651591768.3659
1753504840578,04:40:40.578,mexc,ADA/USDT:USDT,,,,,0.8265,814937704.0,651591768.3659
1753504844523,04:40:44.523,mexc,ADA/USDT:USDT,,,,,0.8265,814937704.0,651591768.3659
1753504848498,04:40:48.498,mexc,ADA/USDT:USDT,,,,,0.8263,814937890.0,651591922.0577
1753504850494,04:40:50.494,mexc,ADA/USDT:USDT,,,,,0.8263,814938482.0,651592411.2273
1753504850494,04:40:50.494,mexc,ADA/USDT:USDT,,,,,0.8263,814938482.0,651592411.2273
1753504850494,04:40:50.494,mexc,ADA/USDT:USDT,,,,,0.8263,814938482.0,651592411.2273
1753504850494,04:40:50.494,mexc,ADA/USDT:USDT,,,,,0.8263,814938482.0,651592411.2273
1753504850494,04:40:50.494,mexc,ADA/USDT:USDT,,,,,0.8263,814938482.0,651592411.2273
1753504862507,04:41:02.507,mexc,ADA/USDT:USDT,,,,,0.8263,814938803.0,651592676.4696
1753504864532,04:41:04.532,mexc,ADA/USDT:USDT,,,,,0.8263,814938803.0,651592676.4696
1753504866507,04:41:06.507,mexc,ADA/USDT:USDT,,,,,0.8264,814939773.0,651593478.0776
1753504866507,04:41:06.507,mexc,ADA/USDT:USDT,,,,,0.8264,814939773.0,651593478.0776
1753504870503,04:41:10.503,mexc,ADA/USDT:USDT,,,,,0.8263,814940560.0,651594128.4363
1753504872549,04:41:12.549,mexc,ADA/USDT:USDT,,,,,0.8263,814940852.0,651594369.7159
1753504876505,04:41:16.505,mexc,ADA/USDT:USDT,,,,,0.8263,814940852.0,651594369.7159
1753504878501,04:41:18.501,mexc,ADA/USDT:USDT,,,,,0.8262,814947386.0,651599768.1067
1753504878501,04:41:18.501,mexc,ADA/USDT:USDT,,,,,0.8262,814947386.0,651599768.1067
1753504878501,04:41:18.501,mexc,ADA/USDT:USDT,,,,,0.8262,814947386.0,651599768.1067
1753504878501,04:41:18.501,mexc,ADA/USDT:USDT,,,,,0.8262,814947386.0,651599768.1067
1753504878501,04:41:18.501,mexc,ADA/USDT:USDT,,,,,0.8262,814947386.0,651599768.1067
1753504890520,04:41:30.520,mexc,ADA/USDT:USDT,,,,,0.8262,814953437.0,651604767.4429
1753504892498,04:41:32.498,mexc,ADA/USDT:USDT,,,,,0.8262,814958278.0,651608767.0771
1753504892498,04:41:32.498,mexc,ADA/USDT:USDT,,,,,0.8262,814958278.0,651608767.0771
1753504896501,04:41:36.501,mexc,ADA/USDT:USDT,,,,,0.8262,814958278.0,651608767.0771
1753504898499,04:41:38.499,mexc,ADA/USDT:USDT,,,,,0.8261,814958884.0,651609267.6937
1753504898499,04:41:38.499,mexc,ADA/USDT:USDT,,,,,0.8261,814958884.0,651609267.6937
1753504904505,04:41:44.505,mexc,ADA/USDT:USDT,,,,,0.8262,814959405.0,651609698.1439
1753504904505,04:41:44.505,mexc,ADA/USDT:USDT,,,,,0.8262,814959405.0,651609698.1439
1753504908505,04:41:48.505,mexc,ADA/USDT:USDT,,,,,0.8262,814959405.0,651609698.1439
1753504910498,04:41:50.498,mexc,ADA/USDT:USDT,,,,,0.8262,814959405.0,651609698.1439
1753504912565,04:41:52.565,mexc,ADA/USDT:USDT,,,,,0.8263,814960003.0,651610192.2713
1753504912565,04:41:52.565,mexc,ADA/USDT:USDT,,,,,0.8263,814960003.0,651610192.2713
1753504918512,04:41:58.512,mexc,ADA/USDT:USDT,,,,,0.8263,814960003.0,651610192.2713
1753504918512,04:41:58.512,mexc,ADA/USDT:USDT,,,,,0.8263,814960003.0,651610192.2713
1753504918512,04:41:58.512,mexc,ADA/USDT:USDT,,,,,0.8263,814960003.0,651610192.2713
1753504924497,04:42:04.497,mexc,ADA/USDT:USDT,,,,,0.8263,814961778.0,651611658.9538
1753504926523,04:42:06.523,mexc,ADA/USDT:USDT,,,,,0.8265,814963166.0,651612806.1358
1753504928507,04:42:08.507,mexc,ADA/USDT:USDT,,,,,0.8267,814963687.0,651613236.8465
1753504932573,04:42:12.573,mexc,ADA/USDT:USDT,,,,,0.8266,814964034.0,651613523.6767
1753504934505,04:42:14.505,mexc,ADA/USDT:USDT,,,,,0.8267,814964634.0,651614019.6968
1753504936502,04:42:16.502,mexc,ADA/USDT:USDT,,,,,0.8268,814964740.0,651614107.3376
1753504938503,04:42:18.503,mexc,ADA/USDT:USDT,,,,,0.8268,814965252.0,651614530.6592
1753504938503,04:42:18.503,mexc,ADA/USDT:USDT,,,,,0.8268,814965252.0,651614530.6592
1753504942505,04:42:22.505,mexc,ADA/USDT:USDT,,,,,0.8267,814965861.0,651615034.1195
1753504942505,04:42:22.505,mexc,ADA/USDT:USDT,,,,,0.8267,814965861.0,651615034.1195
1753504948512,04:42:28.512,mexc,ADA/USDT:USDT,,,,,0.8268,814966182.0,651615299.5223
1753504950519,04:42:30.519,mexc,ADA/USDT:USDT,,,,,0.8268,814966182.0,651615299.5223
1753504952499,04:42:32.499,mexc,ADA/USDT:USDT,,,,,0.8268,814968653.0,651617342.5451
1753504952499,04:42:32.499,mexc,ADA/USDT:USDT,,,,,0.8268,814968653.0,651617342.5451
