timestamp,time,exchange,symbol,bid,bidVolume,ask,askVolume,lastPrice,baseVolume,quoteVolume
1753504786507,04:39:46.507,mexc,ADA/USDT:USDT,,,,,0.8272,813825458.0,650671927.125
1753504788503,04:39:48.503,mexc,ADA/USDT:USDT,,,,,0.8272,813825458.0,650671927.125
1753504792505,04:39:52.505,mexc,ADA/USDT:USDT,,,,,0.827,813828974.0,650674834.857
1753504794501,04:39:54.501,mexc,ADA/USDT:USDT,,,,,0.827,813829350.0,650675145.809
1753504796506,04:39:56.506,mexc,ADA/USDT:USDT,,,,,0.8269,813829942.0,650675635.3338
1753504796506,04:39:56.506,mexc,ADA/USDT:USDT,,,,,0.8269,813829942.0,650675635.3338
1753504800671,04:40:00.671,mexc,ADA/USDT:USDT,,,,,0.827,813849942.0,650692175.3338
1753504802487,04:40:02.487,mexc,ADA/USDT:USDT,,,,,0.827,813853570.0,650695175.6898
1753504806504,04:40:06.504,mexc,ADA/USDT:USDT,,,,,0.8269,813854797.0,650696190.2961
1753504806504,04:40:06.504,mexc,ADA/USDT:USDT,,,,,0.8269,813854797.0,650696190.2961
1753504806504,04:40:06.504,mexc,ADA/USDT:USDT,,,,,0.8269,813854797.0,650696190.2961
1753504812509,04:40:12.509,mexc,ADA/USDT:USDT,,,,,0.8268,813869698.0,650708510.6448
1753504812509,04:40:12.509,mexc,ADA/USDT:USDT,,,,,0.8268,813869698.0,650708510.6448
1753504812509,04:40:12.509,mexc,ADA/USDT:USDT,,,,,0.8268,813869698.0,650708510.6448
1753504812509,04:40:12.509,mexc,ADA/USDT:USDT,,,,,0.8268,813869698.0,650708510.6448
1753504812509,04:40:12.509,mexc,ADA/USDT:USDT,,,,,0.8268,813869698.0,650708510.6448
1753504824510,04:40:24.510,mexc,ADA/USDT:USDT,,,,,0.8271,813870150.0,650708884.494
1753504826513,04:40:26.513,mexc,ADA/USDT:USDT,,,,,0.827,813870666.0,650709311.226
1753504828504,04:40:28.504,mexc,ADA/USDT:USDT,,,,,0.827,814760126.0,651444894.646
1753504830549,04:40:30.549,mexc,ADA/USDT:USDT,,,,,0.827,814760126.0,651444894.646
1753504834498,04:40:34.498,mexc,ADA/USDT:USDT,,,,,0.8268,814935061.0,651589583.266
1753504836506,04:40:36.506,mexc,ADA/USDT:USDT,,,,,0.8269,814936712.0,651590948.4779
1753504838504,04:40:38.504,mexc,ADA/USDT:USDT,,,,,0.8269,814936712.0,651590948.4779
1753504840578,04:40:40.578,mexc,ADA/USDT:USDT,,,,,0.8265,814937704.0,651591768.3659
1753504840578,04:40:40.578,mexc,ADA/USDT:USDT,,,,,0.8265,814937704.0,651591768.3659
1753504844523,04:40:44.523,mexc,ADA/USDT:USDT,,,,,0.8265,814937704.0,651591768.3659
1753504848498,04:40:48.498,mexc,ADA/USDT:USDT,,,,,0.8263,814937890.0,651591922.0577
1753504850494,04:40:50.494,mexc,ADA/USDT:USDT,,,,,0.8263,814938482.0,651592411.2273
1753504850494,04:40:50.494,mexc,ADA/USDT:USDT,,,,,0.8263,814938482.0,651592411.2273
1753504850494,04:40:50.494,mexc,ADA/USDT:USDT,,,,,0.8263,814938482.0,651592411.2273
1753504850494,04:40:50.494,mexc,ADA/USDT:USDT,,,,,0.8263,814938482.0,651592411.2273
1753504850494,04:40:50.494,mexc,ADA/USDT:USDT,,,,,0.8263,814938482.0,651592411.2273
1753504862507,04:41:02.507,mexc,ADA/USDT:USDT,,,,,0.8263,814938803.0,651592676.4696
1753504864532,04:41:04.532,mexc,ADA/USDT:USDT,,,,,0.8263,814938803.0,651592676.4696
1753504866507,04:41:06.507,mexc,ADA/USDT:USDT,,,,,0.8264,814939773.0,651593478.0776
1753504866507,04:41:06.507,mexc,ADA/USDT:USDT,,,,,0.8264,814939773.0,651593478.0776
1753504870503,04:41:10.503,mexc,ADA/USDT:USDT,,,,,0.8263,814940560.0,651594128.4363
1753504872549,04:41:12.549,mexc,ADA/USDT:USDT,,,,,0.8263,814940852.0,651594369.7159
1753504876505,04:41:16.505,mexc,ADA/USDT:USDT,,,,,0.8263,814940852.0,651594369.7159
1753504878501,04:41:18.501,mexc,ADA/USDT:USDT,,,,,0.8262,814947386.0,651599768.1067
1753504878501,04:41:18.501,mexc,ADA/USDT:USDT,,,,,0.8262,814947386.0,651599768.1067
1753504878501,04:41:18.501,mexc,ADA/USDT:USDT,,,,,0.8262,814947386.0,651599768.1067
1753504878501,04:41:18.501,mexc,ADA/USDT:USDT,,,,,0.8262,814947386.0,651599768.1067
1753504878501,04:41:18.501,mexc,ADA/USDT:USDT,,,,,0.8262,814947386.0,651599768.1067
1753504890520,04:41:30.520,mexc,ADA/USDT:USDT,,,,,0.8262,814953437.0,651604767.4429
1753504892498,04:41:32.498,mexc,ADA/USDT:USDT,,,,,0.8262,814958278.0,651608767.0771
1753504892498,04:41:32.498,mexc,ADA/USDT:USDT,,,,,0.8262,814958278.0,651608767.0771
1753504896501,04:41:36.501,mexc,ADA/USDT:USDT,,,,,0.8262,814958278.0,651608767.0771
1753504898499,04:41:38.499,mexc,ADA/USDT:USDT,,,,,0.8261,814958884.0,651609267.6937
1753504898499,04:41:38.499,mexc,ADA/USDT:USDT,,,,,0.8261,814958884.0,651609267.6937
1753504904505,04:41:44.505,mexc,ADA/USDT:USDT,,,,,0.8262,814959405.0,651609698.1439
1753504904505,04:41:44.505,mexc,ADA/USDT:USDT,,,,,0.8262,814959405.0,651609698.1439
1753504908505,04:41:48.505,mexc,ADA/USDT:USDT,,,,,0.8262,814959405.0,651609698.1439
1753504910498,04:41:50.498,mexc,ADA/USDT:USDT,,,,,0.8262,814959405.0,651609698.1439
1753504912565,04:41:52.565,mexc,ADA/USDT:USDT,,,,,0.8263,814960003.0,651610192.2713
1753504912565,04:41:52.565,mexc,ADA/USDT:USDT,,,,,0.8263,814960003.0,651610192.2713
1753504918512,04:41:58.512,mexc,ADA/USDT:USDT,,,,,0.8263,814960003.0,651610192.2713
1753504918512,04:41:58.512,mexc,ADA/USDT:USDT,,,,,0.8263,814960003.0,651610192.2713
1753504918512,04:41:58.512,mexc,ADA/USDT:USDT,,,,,0.8263,814960003.0,651610192.2713
1753504924497,04:42:04.497,mexc,ADA/USDT:USDT,,,,,0.8263,814961778.0,651611658.9538
1753504926523,04:42:06.523,mexc,ADA/USDT:USDT,,,,,0.8265,814963166.0,651612806.1358
1753504928507,04:42:08.507,mexc,ADA/USDT:USDT,,,,,0.8267,814963687.0,651613236.8465
1753504932573,04:42:12.573,mexc,ADA/USDT:USDT,,,,,0.8266,814964034.0,651613523.6767
1753504934505,04:42:14.505,mexc,ADA/USDT:USDT,,,,,0.8267,814964634.0,651614019.6968
1753504936502,04:42:16.502,mexc,ADA/USDT:USDT,,,,,0.8268,814964740.0,651614107.3376
1753504938503,04:42:18.503,mexc,ADA/USDT:USDT,,,,,0.8268,814965252.0,651614530.6592
1753504938503,04:42:18.503,mexc,ADA/USDT:USDT,,,,,0.8268,814965252.0,651614530.6592
1753504942505,04:42:22.505,mexc,ADA/USDT:USDT,,,,,0.8267,814965861.0,651615034.1195
1753504942505,04:42:22.505,mexc,ADA/USDT:USDT,,,,,0.8267,814965861.0,651615034.1195
1753504948512,04:42:28.512,mexc,ADA/USDT:USDT,,,,,0.8268,814966182.0,651615299.5223
1753504950519,04:42:30.519,mexc,ADA/USDT:USDT,,,,,0.8268,814966182.0,651615299.5223
1753504952499,04:42:32.499,mexc,ADA/USDT:USDT,,,,,0.8268,814968653.0,651617342.5451
1753504952499,04:42:32.499,mexc,ADA/USDT:USDT,,,,,0.8268,814968653.0,651617342.5451
1753504952499,04:42:32.499,mexc,ADA/USDT:USDT,,,,,0.8268,814968653.0,651617342.5451
1753504960484,04:42:40.484,mexc,ADA/USDT:USDT,,,,,0.8267,814968704.0,651617384.7068
1753504960484,04:42:40.484,mexc,ADA/USDT:USDT,,,,,0.8267,814968704.0,651617384.7068
1753504960484,04:42:40.484,mexc,ADA/USDT:USDT,,,,,0.8267,814968704.0,651617384.7068
1753504960484,04:42:40.484,mexc,ADA/USDT:USDT,,,,,0.8267,814968704.0,651617384.7068
1753504960484,04:42:40.484,mexc,ADA/USDT:USDT,,,,,0.8267,814968704.0,651617384.7068
1753504960484,04:42:40.484,mexc,ADA/USDT:USDT,,,,,0.8267,814968704.0,651617384.7068
1753504974507,04:42:54.507,mexc,ADA/USDT:USDT,,,,,0.8271,814968710.0,651617389.6694
1753504976499,04:42:56.499,mexc,ADA/USDT:USDT,,,,,0.8269,814968990.0,651617621.2014
1753504978515,04:42:58.515,mexc,ADA/USDT:USDT,,,,,0.8269,814975496.0,651623001.0128
1753504980527,04:43:00.527,mexc,ADA/USDT:USDT,,,,,0.8269,814975517.0,651623018.3777
1753504982501,04:43:02.501,mexc,ADA/USDT:USDT,,,,,0.8269,814975517.0,651623018.3777
1753504984510,04:43:04.510,mexc,ADA/USDT:USDT,,,,,0.8269,814975517.0,651623018.3777
1753504988489,04:43:08.489,mexc,ADA/USDT:USDT,,,,,0.8266,814977797.0,651624903.4367
1753504988489,04:43:08.489,mexc,ADA/USDT:USDT,,,,,0.8266,814977797.0,651624903.4367
1753504992507,04:43:12.507,mexc,ADA/USDT:USDT,,,,,0.8268,814977982.0,651625056.3947
1753504992507,04:43:12.507,mexc,ADA/USDT:USDT,,,,,0.8268,814977982.0,651625056.3947
1753504996500,04:43:16.500,mexc,ADA/USDT:USDT,,,,,0.8268,814977982.0,651625056.3947
1753504998503,04:43:18.503,mexc,ADA/USDT:USDT,,,,,0.8268,814977982.0,651625056.3947
1753505002484,04:43:22.484,mexc,ADA/USDT:USDT,,,,,0.8268,814977982.0,651625056.3947
1753505004496,04:43:24.496,mexc,ADA/USDT:USDT,,,,,0.8269,814978194.0,651625231.6575
1753505004496,04:43:24.496,mexc,ADA/USDT:USDT,,,,,0.8269,814978194.0,651625231.6575
1753505008485,04:43:28.485,mexc,ADA/USDT:USDT,,,,,0.8269,814978194.0,651625231.6575
1753505008485,04:43:28.485,mexc,ADA/USDT:USDT,,,,,0.8269,814978194.0,651625231.6575
1753505012500,04:43:32.500,mexc,ADA/USDT:USDT,,,,,0.8269,814978194.0,651625231.6575
1753505012500,04:43:32.500,mexc,ADA/USDT:USDT,,,,,0.8269,814978194.0,651625231.6575
1753505012500,04:43:32.500,mexc,ADA/USDT:USDT,,,,,0.8269,814978194.0,651625231.6575
1753505020500,04:43:40.500,mexc,ADA/USDT:USDT,,,,,0.8269,814978209.0,651625244.061
1753505020500,04:43:40.500,mexc,ADA/USDT:USDT,,,,,0.8269,814978209.0,651625244.061
1753505024538,04:43:44.538,mexc,ADA/USDT:USDT,,,,,0.8267,814981288.0,651627789.4703
1753505024538,04:43:44.538,mexc,ADA/USDT:USDT,,,,,0.8267,814981288.0,651627789.4703
1753505024538,04:43:44.538,mexc,ADA/USDT:USDT,,,,,0.8267,814981288.0,651627789.4703
1753505032506,04:43:52.506,mexc,ADA/USDT:USDT,,,,,0.8268,814983828.0,651629889.5423
1753505032506,04:43:52.506,mexc,ADA/USDT:USDT,,,,,0.8268,814983828.0,651629889.5423
1753505032506,04:43:52.506,mexc,ADA/USDT:USDT,,,,,0.8268,814983828.0,651629889.5423
1753505032506,04:43:52.506,mexc,ADA/USDT:USDT,,,,,0.8268,814983828.0,651629889.5423
1753505032506,04:43:52.506,mexc,ADA/USDT:USDT,,,,,0.8268,814983828.0,651629889.5423
1753505044490,04:44:04.490,mexc,ADA/USDT:USDT,,,,,0.8267,814983836.0,651629896.1559
1753505046500,04:44:06.500,mexc,ADA/USDT:USDT,,,,,0.8267,814983836.0,651629896.1559
1753505048492,04:44:08.492,mexc,ADA/USDT:USDT,,,,,0.8266,815002389.0,651645232.6328
1753505050503,04:44:10.503,mexc,ADA/USDT:USDT,,,,,0.8265,815002544.0,651645360.7403
1753505052502,04:44:12.502,mexc,ADA/USDT:USDT,,,,,0.8266,815003544.0,651646187.3403
1753505052502,04:44:12.502,mexc,ADA/USDT:USDT,,,,,0.8266,815003544.0,651646187.3403
1753505052502,04:44:12.502,mexc,ADA/USDT:USDT,,,,,0.8266,815003544.0,651646187.3403
1753505060529,04:44:20.529,mexc,ADA/USDT:USDT,,,,,0.8266,815016671.0,651657038.1185
1753505062498,04:44:22.498,mexc,ADA/USDT:USDT,,,,,0.8265,815016673.0,651657039.7716
1753505062498,04:44:22.498,mexc,ADA/USDT:USDT,,,,,0.8265,815016673.0,651657039.7716
1753505062498,04:44:22.498,mexc,ADA/USDT:USDT,,,,,0.8265,815016673.0,651657039.7716
1753505062498,04:44:22.498,mexc,ADA/USDT:USDT,,,,,0.8265,815016673.0,651657039.7716
1753505070529,04:44:30.529,mexc,ADA/USDT:USDT,,,,,0.8266,815016692.0,651657055.477
1753505074499,04:44:34.499,mexc,ADA/USDT:USDT,,,,,0.8266,815016692.0,651657055.477
1753505076505,04:44:36.505,mexc,ADA/USDT:USDT,,,,,0.8265,815016716.0,651657075.313
1753505076505,04:44:36.505,mexc,ADA/USDT:USDT,,,,,0.8265,815016716.0,651657075.313
1753505076505,04:44:36.505,mexc,ADA/USDT:USDT,,,,,0.8265,815016716.0,651657075.313
1753505076505,04:44:36.505,mexc,ADA/USDT:USDT,,,,,0.8265,815016716.0,651657075.313
1753505076505,04:44:36.505,mexc,ADA/USDT:USDT,,,,,0.8265,815016716.0,651657075.313
1753505088496,04:44:48.496,mexc,ADA/USDT:USDT,,,,,0.8265,815016957.0,651657274.4995
1753505088496,04:44:48.496,mexc,ADA/USDT:USDT,,,,,0.8265,815016957.0,651657274.4995
1753505088496,04:44:48.496,mexc,ADA/USDT:USDT,,,,,0.8265,815016957.0,651657274.4995
1753505094502,04:44:54.502,mexc,ADA/USDT:USDT,,,,,0.8265,815017398.0,651657638.986
1753505094502,04:44:54.502,mexc,ADA/USDT:USDT,,,,,0.8265,815017398.0,651657638.986
1753505094502,04:44:54.502,mexc,ADA/USDT:USDT,,,,,0.8265,815017398.0,651657638.986
1753505094502,04:44:54.502,mexc,ADA/USDT:USDT,,,,,0.8265,815017398.0,651657638.986
1753505094502,04:44:54.502,mexc,ADA/USDT:USDT,,,,,0.8265,815017398.0,651657638.986
1753505106527,04:45:06.527,mexc,ADA/USDT:USDT,,,,,0.8265,815017398.0,651657638.986
1753505108530,04:45:08.530,mexc,ADA/USDT:USDT,,,,,0.8264,815017409.0,651657648.0764
1753505108530,04:45:08.530,mexc,ADA/USDT:USDT,,,,,0.8264,815017409.0,651657648.0764
1753505112502,04:45:12.502,mexc,ADA/USDT:USDT,,,,,0.8264,815017409.0,651657648.0764
1753505116502,04:45:16.502,mexc,ADA/USDT:USDT,,,,,0.8262,815034790.0,651672008.353
1753505118538,04:45:18.538,mexc,ADA/USDT:USDT,,,,,0.8263,815034794.0,651672011.6582
1753505120538,04:45:20.538,mexc,ADA/USDT:USDT,,,,,0.8264,815035403.0,651672514.9358
1753505120538,04:45:20.538,mexc,ADA/USDT:USDT,,,,,0.8264,815035403.0,651672514.9358
1753505124498,04:45:24.498,mexc,ADA/USDT:USDT,,,,,0.8263,815035433.0,651672539.7248
1753505126493,04:45:26.493,mexc,ADA/USDT:USDT,,,,,0.8262,815035436.0,651672542.2034
1753505126493,04:45:26.493,mexc,ADA/USDT:USDT,,,,,0.8262,815035436.0,651672542.2034
1753505132472,04:45:32.472,mexc,ADA/USDT:USDT,,,,,0.8262,815035436.0,651672542.2034
1753505132472,04:45:32.472,mexc,ADA/USDT:USDT,,,,,0.8262,815035436.0,651672542.2034
1753505136479,04:45:36.479,mexc,ADA/USDT:USDT,,,,,0.8262,815035436.0,651672542.2034
1753505138496,04:45:38.496,mexc,ADA/USDT:USDT,,,,,0.8262,815035436.0,651672542.2034
1753505140500,04:45:40.500,mexc,ADA/USDT:USDT,,,,,0.826,815035445.0,651672549.6382
1753505140500,04:45:40.500,mexc,ADA/USDT:USDT,,,,,0.826,815035445.0,651672549.6382
1753505140500,04:45:40.500,mexc,ADA/USDT:USDT,,,,,0.826,815035445.0,651672549.6382
1753505148564,04:45:48.564,mexc,ADA/USDT:USDT,,,,,0.8262,815038480.0,651675056.5524
1753505148564,04:45:48.564,mexc,ADA/USDT:USDT,,,,,0.8262,815038480.0,651675056.5524
1753505152503,04:45:52.503,mexc,ADA/USDT:USDT,,,,,0.8261,815052463.0,651686609.1087
1753505154499,04:45:54.499,mexc,ADA/USDT:USDT,,,,,0.8261,815052463.0,651686609.1087
1753505158520,04:45:58.520,mexc,ADA/USDT:USDT,,,,,0.8261,815052677.0,651686785.8941
1753505160546,04:46:00.546,mexc,ADA/USDT:USDT,,,,,0.8261,815052798.0,651686885.8522
1753505160546,04:46:00.546,mexc,ADA/USDT:USDT,,,,,0.8261,815052798.0,651686885.8522
1753505160546,04:46:00.546,mexc,ADA/USDT:USDT,,,,,0.8261,815052798.0,651686885.8522
1753505160546,04:46:00.546,mexc,ADA/USDT:USDT,,,,,0.8261,815052798.0,651686885.8522
1753505168503,04:46:08.503,mexc,ADA/USDT:USDT,,,,,0.8262,815054247.0,651688083.0039
1753505168503,04:46:08.503,mexc,ADA/USDT:USDT,,,,,0.8262,815054247.0,651688083.0039
1753505168503,04:46:08.503,mexc,ADA/USDT:USDT,,,,,0.8262,815054247.0,651688083.0039
1753505176492,04:46:16.492,mexc,ADA/USDT:USDT,,,,,0.8261,815055712.0,651689293.2405
1753505176492,04:46:16.492,mexc,ADA/USDT:USDT,,,,,0.8261,815055712.0,651689293.2405
1753505176492,04:46:16.492,mexc,ADA/USDT:USDT,,,,,0.8261,815055712.0,651689293.2405
1753505176492,04:46:16.492,mexc,ADA/USDT:USDT,,,,,0.8261,815055712.0,651689293.2405
1753505186519,04:46:26.519,mexc,ADA/USDT:USDT,,,,,0.8262,815055823.0,651689384.9487
1753505186519,04:46:26.519,mexc,ADA/USDT:USDT,,,,,0.8262,815055823.0,651689384.9487
1753505186519,04:46:26.519,mexc,ADA/USDT:USDT,,,,,0.8262,815055823.0,651689384.9487
1753505192511,04:46:32.511,mexc,ADA/USDT:USDT,,,,,0.8262,815056078.0,651689595.6297
1753505192511,04:46:32.511,mexc,ADA/USDT:USDT,,,,,0.8262,815056078.0,651689595.6297
1753505196507,04:46:36.507,mexc,ADA/USDT:USDT,,,,,0.8262,815056078.0,651689595.6297
1753505200502,04:46:40.502,mexc,ADA/USDT:USDT,,,,,0.8261,815056261.0,651689746.806
1753505200502,04:46:40.502,mexc,ADA/USDT:USDT,,,,,0.8261,815056261.0,651689746.806
1753505200502,04:46:40.502,mexc,ADA/USDT:USDT,,,,,0.8261,815056261.0,651689746.806
1753505200502,04:46:40.502,mexc,ADA/USDT:USDT,,,,,0.8261,815056261.0,651689746.806
1753505200502,04:46:40.502,mexc,ADA/USDT:USDT,,,,,0.8261,815056261.0,651689746.806
1753505210557,04:46:50.557,mexc,ADA/USDT:USDT,,,,,0.8261,815056261.0,651689746.806
1753505214509,04:46:54.509,mexc,ADA/USDT:USDT,,,,,0.8262,815056280.0,651689762.5038
1753505216506,04:46:56.506,mexc,ADA/USDT:USDT,,,,,0.8261,815056414.0,651689873.2012
1753505218520,04:46:58.520,mexc,ADA/USDT:USDT,,,,,0.8261,815056414.0,651689873.2012
1753505220580,04:47:00.580,mexc,ADA/USDT:USDT,,,,,0.8261,815056716.0,651690122.6834
1753505220580,04:47:00.580,mexc,ADA/USDT:USDT,,,,,0.8261,815056716.0,651690122.6834
1753505220580,04:47:00.580,mexc,ADA/USDT:USDT,,,,,0.8261,815056716.0,651690122.6834
1753505228492,04:47:08.492,mexc,ADA/USDT:USDT,,,,,0.8261,815056716.0,651690122.6834
1753505230507,04:47:10.507,mexc,ADA/USDT:USDT,,,,,0.826,815057228.0,651690545.5954
1753505232500,04:47:12.500,mexc,ADA/USDT:USDT,,,,,0.8259,815057229.0,651690546.4213
1753505234496,04:47:14.496,mexc,ADA/USDT:USDT,,,,,0.8259,815057229.0,651690546.4213
1753505236497,04:47:16.497,mexc,ADA/USDT:USDT,,,,,0.8256,815057230.0,651690547.2469
1753505238512,04:47:18.512,mexc,ADA/USDT:USDT,,,,,0.8255,815057231.0,651690548.0724
1753505242492,04:47:22.492,mexc,ADA/USDT:USDT,,,,,0.8255,815057680.0,651690918.7219
1753505242492,04:47:22.492,mexc,ADA/USDT:USDT,,,,,0.8255,815057680.0,651690918.7219
1753505246487,04:47:26.487,mexc,ADA/USDT:USDT,,,,,0.8257,815058384.0,651691499.9973
1753505246487,04:47:26.487,mexc,ADA/USDT:USDT,,,,,0.8257,815058384.0,651691499.9973
1753505250533,04:47:30.533,mexc,ADA/USDT:USDT,,,,,0.8257,815060806.0,651693499.8427
1753505250533,04:47:30.533,mexc,ADA/USDT:USDT,,,,,0.8257,815060806.0,651693499.8427
1753505256496,04:47:36.496,mexc,ADA/USDT:USDT,,,,,0.8256,815062789.0,651695137.0075
1753505258508,04:47:38.508,mexc,ADA/USDT:USDT,,,,,0.8256,815062789.0,651695137.0075
1753505258508,04:47:38.508,mexc,ADA/USDT:USDT,,,,,0.8256,815062789.0,651695137.0075
1753505258508,04:47:38.508,mexc,ADA/USDT:USDT,,,,,0.8256,815062789.0,651695137.0075
1753505258508,04:47:38.508,mexc,ADA/USDT:USDT,,,,,0.8256,815062789.0,651695137.0075
1753505258508,04:47:38.508,mexc,ADA/USDT:USDT,,,,,0.8256,815062789.0,651695137.0075
1753505270515,04:47:50.515,mexc,ADA/USDT:USDT,,,,,0.8254,815062853.0,651695189.8394
1753505270515,04:47:50.515,mexc,ADA/USDT:USDT,,,,,0.8254,815062853.0,651695189.8394
1753505274505,04:47:54.505,mexc,ADA/USDT:USDT,,,,,0.8254,815062853.0,651695189.8394
1753505276503,04:47:56.503,mexc,ADA/USDT:USDT,,,,,0.8251,815062876.0,651695208.8233
1753505276503,04:47:56.503,mexc,ADA/USDT:USDT,,,,,0.8251,815062876.0,651695208.8233
1753505280529,04:48:00.529,mexc,ADA/USDT:USDT,,,,,0.8251,815062876.0,651695208.8233
1753505284504,04:48:04.504,mexc,ADA/USDT:USDT,,,,,0.8251,815836021.0,652333130.7628
1753505284504,04:48:04.504,mexc,ADA/USDT:USDT,,,,,0.8251,815836021.0,652333130.7628
1753505284504,04:48:04.504,mexc,ADA/USDT:USDT,,,,,0.8251,815836021.0,652333130.7628
1753505290505,04:48:10.505,mexc,ADA/USDT:USDT,,,,,0.8251,815836034.0,652333141.4891
1753505290505,04:48:10.505,mexc,ADA/USDT:USDT,,,,,0.8251,815836034.0,652333141.4891
1753505294512,04:48:14.512,mexc,ADA/USDT:USDT,,,,,0.8254,815839669.0,652336141.8181
1753505294512,04:48:14.512,mexc,ADA/USDT:USDT,,,,,0.8254,815839669.0,652336141.8181
1753505294512,04:48:14.512,mexc,ADA/USDT:USDT,,,,,0.8254,815839669.0,652336141.8181
1753505302540,04:48:22.540,mexc,ADA/USDT:USDT,,,,,0.8252,815839688.0,652336157.4969
1753505302540,04:48:22.540,mexc,ADA/USDT:USDT,,,,,0.8252,815839688.0,652336157.4969
1753505302540,04:48:22.540,mexc,ADA/USDT:USDT,,,,,0.8252,815839688.0,652336157.4969
1753505302540,04:48:22.540,mexc,ADA/USDT:USDT,,,,,0.8252,815839688.0,652336157.4969
1753505312503,04:48:32.503,mexc,ADA/USDT:USDT,,,,,0.8252,815839704.0,652336170.7001
1753505312503,04:48:32.503,mexc,ADA/USDT:USDT,,,,,0.8252,815839704.0,652336170.7001
1753505312503,04:48:32.503,mexc,ADA/USDT:USDT,,,,,0.8252,815839704.0,652336170.7001
1753505318505,04:48:38.505,mexc,ADA/USDT:USDT,,,,,0.8252,815839704.0,652336170.7001
1753505320496,04:48:40.496,mexc,ADA/USDT:USDT,,,,,0.8251,815839718.0,652336182.2515
1753505322502,04:48:42.502,mexc,ADA/USDT:USDT,,,,,0.825,815839722.0,652336185.5515
1753505326494,04:48:46.494,mexc,ADA/USDT:USDT,,,,,0.8252,815903778.0,652389031.8047
1753505326494,04:48:46.494,mexc,ADA/USDT:USDT,,,,,0.8252,815903778.0,652389031.8047
1753505330500,04:48:50.500,mexc,ADA/USDT:USDT,,,,,0.8252,815903778.0,652389031.8047
1753505332564,04:48:52.564,mexc,ADA/USDT:USDT,,,,,0.8255,815916841.0,652399815.3112
1753505332564,04:48:52.564,mexc,ADA/USDT:USDT,,,,,0.8255,815916841.0,652399815.3112
1753505336503,04:48:56.503,mexc,ADA/USDT:USDT,,,,,0.8254,815919466.0,652401981.9862
1753505338513,04:48:58.513,mexc,ADA/USDT:USDT,,,,,0.8252,816073746.0,652529293.8422
1753505342506,04:49:02.506,mexc,ADA/USDT:USDT,,,,,0.8252,816073746.0,652529293.8422
1753505342506,04:49:02.506,mexc,ADA/USDT:USDT,,,,,0.8252,816073746.0,652529293.8422
1753505346501,04:49:06.501,mexc,ADA/USDT:USDT,,,,,0.825,816073749.0,652529296.3172
1753505346501,04:49:06.501,mexc,ADA/USDT:USDT,,,,,0.825,816073749.0,652529296.3172
1753505346501,04:49:06.501,mexc,ADA/USDT:USDT,,,,,0.825,816073749.0,652529296.3172
1753505354491,04:49:14.491,mexc,ADA/USDT:USDT,,,,,0.8254,816083314.0,652537191.2682
1753505354491,04:49:14.491,mexc,ADA/USDT:USDT,,,,,0.8254,816083314.0,652537191.2682
1753505354491,04:49:14.491,mexc,ADA/USDT:USDT,,,,,0.8254,816083314.0,652537191.2682
1753505354491,04:49:14.491,mexc,ADA/USDT:USDT,,,,,0.8254,816083314.0,652537191.2682
1753505354491,04:49:14.491,mexc,ADA/USDT:USDT,,,,,0.8254,816083314.0,652537191.2682
1753505354491,04:49:14.491,mexc,ADA/USDT:USDT,,,,,0.8254,816083314.0,652537191.2682
1753505366502,04:49:26.502,mexc,ADA/USDT:USDT,,,,,0.8254,816083333.0,652537206.9508
1753505370521,04:49:30.521,mexc,ADA/USDT:USDT,,,,,0.8254,816083333.0,652537206.9508
1753505372488,04:49:32.488,mexc,ADA/USDT:USDT,,,,,0.8254,816083333.0,652537206.9508
1753505374503,04:49:34.503,mexc,ADA/USDT:USDT,,,,,0.8254,816092497.0,652544770.9164
1753505374503,04:49:34.503,mexc,ADA/USDT:USDT,,,,,0.8254,816092497.0,652544770.9164
1753505378475,04:49:38.475,mexc,ADA/USDT:USDT,,,,,0.8253,816101139.0,652551903.159
1753505378475,04:49:38.475,mexc,ADA/USDT:USDT,,,,,0.8253,816101139.0,652551903.159
1753505384502,04:49:44.502,mexc,ADA/USDT:USDT,,,,,0.8253,816101139.0,652551903.159
1753505386509,04:49:46.509,mexc,ADA/USDT:USDT,,,,,0.8253,816101139.0,652551903.159
1753505386509,04:49:46.509,mexc,ADA/USDT:USDT,,,,,0.8253,816101139.0,652551903.159
1753505390500,04:49:50.500,mexc,ADA/USDT:USDT,,,,,0.8254,816101250.0,652551994.7784
1753505390500,04:49:50.500,mexc,ADA/USDT:USDT,,,,,0.8254,816101250.0,652551994.7784
1753505390500,04:49:50.500,mexc,ADA/USDT:USDT,,,,,0.8254,816101250.0,652551994.7784
1753505390500,04:49:50.500,mexc,ADA/USDT:USDT,,,,,0.8254,816101250.0,652551994.7784
1753505400652,04:50:00.652,mexc,ADA/USDT:USDT,,,,,0.8253,816103074.0,652553500.1256
1753505402510,04:50:02.510,mexc,ADA/USDT:USDT,,,,,0.8252,816103348.0,652553726.2304
1753505404500,04:50:04.500,mexc,ADA/USDT:USDT,,,,,0.8252,816103548.0,652553891.2704
1753505404500,04:50:04.500,mexc,ADA/USDT:USDT,,,,,0.8252,816103548.0,652553891.2704
1753505412502,04:50:12.502,mexc,ADA/USDT:USDT,,,,,0.8253,816107183.0,652556891.2359
1753505412502,04:50:12.502,mexc,ADA/USDT:USDT,,,,,0.8253,816107183.0,652556891.2359
1753505416494,04:50:16.494,mexc,ADA/USDT:USDT,,,,,0.8253,816107214.0,652556916.8202
1753505418500,04:50:18.500,mexc,ADA/USDT:USDT,,,,,0.8253,816107214.0,652556916.8202
1753505418500,04:50:18.500,mexc,ADA/USDT:USDT,,,,,0.8253,816107214.0,652556916.8202
1753505422508,04:50:22.508,mexc,ADA/USDT:USDT,,,,,0.8252,816107502.0,652557154.4778
1753505426519,04:50:26.519,mexc,ADA/USDT:USDT,,,,,0.8251,816107508.0,652557159.4284
1753505426519,04:50:26.519,mexc,ADA/USDT:USDT,,,,,0.8251,816107508.0,652557159.4284
1753505426519,04:50:26.519,mexc,ADA/USDT:USDT,,,,,0.8251,816107508.0,652557159.4284
1753505426519,04:50:26.519,mexc,ADA/USDT:USDT,,,,,0.8251,816107508.0,652557159.4284
1753505426519,04:50:26.519,mexc,ADA/USDT:USDT,,,,,0.8251,816107508.0,652557159.4284
1753505436507,04:50:36.507,mexc,ADA/USDT:USDT,,,,,0.825,816107510.0,652557161.0785
1753505440494,04:50:40.494,mexc,ADA/USDT:USDT,,,,,0.825,816108843.0,652558260.8035
1753505440494,04:50:40.494,mexc,ADA/USDT:USDT,,,,,0.825,816108843.0,652558260.8035
1753505440494,04:50:40.494,mexc,ADA/USDT:USDT,,,,,0.825,816108843.0,652558260.8035
1753505440494,04:50:40.494,mexc,ADA/USDT:USDT,,,,,0.825,816108843.0,652558260.8035
1753505448493,04:50:48.493,mexc,ADA/USDT:USDT,,,,,0.8251,816108867.0,652558280.6059
1753505450502,04:50:50.502,mexc,ADA/USDT:USDT,,,,,0.8252,816111290.0,652560280.0655
1753505454486,04:50:54.486,mexc,ADA/USDT:USDT,,,,,0.825,816111296.0,652560285.0155
1753505454486,04:50:54.486,mexc,ADA/USDT:USDT,,,,,0.825,816111296.0,652560285.0155
1753505458507,04:50:58.507,mexc,ADA/USDT:USDT,,,,,0.8249,816111297.0,652560285.8404
1753505460524,04:51:00.524,mexc,ADA/USDT:USDT,,,,,0.8249,816111297.0,652560285.8404
1753505460524,04:51:00.524,mexc,ADA/USDT:USDT,,,,,0.8249,816111297.0,652560285.8404
1753505460524,04:51:00.524,mexc,ADA/USDT:USDT,,,,,0.8249,816111297.0,652560285.8404
1753505468505,04:51:08.505,mexc,ADA/USDT:USDT,,,,,0.8247,816144433.0,652587613.1996
1753505470498,04:51:10.498,mexc,ADA/USDT:USDT,,,,,0.8246,816144502.0,652587670.097
1753505470498,04:51:10.498,mexc,ADA/USDT:USDT,,,,,0.8246,816144502.0,652587670.097
1753505474514,04:51:14.514,mexc,ADA/USDT:USDT,,,,,0.8246,816144502.0,652587670.097
1753505476498,04:51:16.498,mexc,ADA/USDT:USDT,,,,,0.8244,816144524.0,652587688.2338
1753505478498,04:51:18.498,mexc,ADA/USDT:USDT,,,,,0.8243,816144562.0,652587719.5595
1753505478498,04:51:18.498,mexc,ADA/USDT:USDT,,,,,0.8243,816144562.0,652587719.5595
1753505484488,04:51:24.488,mexc,ADA/USDT:USDT,,,,,0.8245,816146299.0,652589151.6576
1753505486567,04:51:26.567,mexc,ADA/USDT:USDT,,,,,0.8248,816146499.0,652589316.6176
1753505488496,04:51:28.496,mexc,ADA/USDT:USDT,,,,,0.8248,816146499.0,652589316.6176
1753505490513,04:51:30.513,mexc,ADA/USDT:USDT,,,,,0.8247,816262209.0,652684742.6546
1753505492514,04:51:32.514,mexc,ADA/USDT:USDT,,,,,0.8247,816262209.0,652684742.6546
1753505496508,04:51:36.508,mexc,ADA/USDT:USDT,,,,,0.8246,816344925.0,652752950.2682
1753505496508,04:51:36.508,mexc,ADA/USDT:USDT,,,,,0.8246,816344925.0,652752950.2682
1753505496508,04:51:36.508,mexc,ADA/USDT:USDT,,,,,0.8246,816344925.0,652752950.2682
1753505496508,04:51:36.508,mexc,ADA/USDT:USDT,,,,,0.8246,816344925.0,652752950.2682
1753505496508,04:51:36.508,mexc,ADA/USDT:USDT,,,,,0.8246,816344925.0,652752950.2682
1753505496508,04:51:36.508,mexc,ADA/USDT:USDT,,,,,0.8246,816344925.0,652752950.2682
1753505510495,04:51:50.495,mexc,ADA/USDT:USDT,,,,,0.825,816348553.0,652755943.3682
1753505510495,04:51:50.495,mexc,ADA/USDT:USDT,,,,,0.825,816348553.0,652755943.3682
1753505510495,04:51:50.495,mexc,ADA/USDT:USDT,,,,,0.825,816348553.0,652755943.3682
1753505510495,04:51:50.495,mexc,ADA/USDT:USDT,,,,,0.825,816348553.0,652755943.3682
1753505518571,04:51:58.571,mexc,ADA/USDT:USDT,,,,,0.825,816358118.0,652763834.4932
1753505518571,04:51:58.571,mexc,ADA/USDT:USDT,,,,,0.825,816358118.0,652763834.4932
1753505524491,04:52:04.491,mexc,ADA/USDT:USDT,,,,,0.825,816358118.0,652763834.4932
1753505524491,04:52:04.491,mexc,ADA/USDT:USDT,,,,,0.825,816358118.0,652763834.4932
1753505528497,04:52:08.497,mexc,ADA/USDT:USDT,,,,,0.8249,816366602.0,652770832.9448
1753505528497,04:52:08.497,mexc,ADA/USDT:USDT,,,,,0.8249,816366602.0,652770832.9448
1753505532507,04:52:12.507,mexc,ADA/USDT:USDT,,,,,0.8249,816366602.0,652770832.9448
1753505532507,04:52:12.507,mexc,ADA/USDT:USDT,,,,,0.8249,816366602.0,652770832.9448
1753505532507,04:52:12.507,mexc,ADA/USDT:USDT,,,,,0.8249,816366602.0,652770832.9448
1753505532507,04:52:12.507,mexc,ADA/USDT:USDT,,,,,0.8249,816366602.0,652770832.9448
1753505542502,04:52:22.502,mexc,ADA/USDT:USDT,,,,,0.8249,816366602.0,652770832.9448
1753505544504,04:52:24.504,mexc,ADA/USDT:USDT,,,,,0.8248,816366619.0,652770846.9664
1753505544504,04:52:24.504,mexc,ADA/USDT:USDT,,,,,0.8248,816366619.0,652770846.9664
1753505544504,04:52:24.504,mexc,ADA/USDT:USDT,,,,,0.8248,816366619.0,652770846.9664
1753505544504,04:52:24.504,mexc,ADA/USDT:USDT,,,,,0.8248,816366619.0,652770846.9664
1753505544504,04:52:24.504,mexc,ADA/USDT:USDT,,,,,0.8248,816366619.0,652770846.9664
1753505544504,04:52:24.504,mexc,ADA/USDT:USDT,,,,,0.8248,816366619.0,652770846.9664
1753505558502,04:52:38.502,mexc,ADA/USDT:USDT,,,,,0.8249,816366627.0,652770853.5656
1753505558502,04:52:38.502,mexc,ADA/USDT:USDT,,,,,0.8249,816366627.0,652770853.5656
1753505558502,04:52:38.502,mexc,ADA/USDT:USDT,,,,,0.8249,816366627.0,652770853.5656
1753505566491,04:52:46.491,mexc,ADA/USDT:USDT,,,,,0.8248,816366629.0,652770855.2153
1753505566491,04:52:46.491,mexc,ADA/USDT:USDT,,,,,0.8248,816366629.0,652770855.2153
1753505566491,04:52:46.491,mexc,ADA/USDT:USDT,,,,,0.8248,816366629.0,652770855.2153
1753505566491,04:52:46.491,mexc,ADA/USDT:USDT,,,,,0.8248,816366629.0,652770855.2153
1753505574507,04:52:54.507,mexc,ADA/USDT:USDT,,,,,0.8248,816366629.0,652770855.2153
1753505574507,04:52:54.507,mexc,ADA/USDT:USDT,,,,,0.8248,816366629.0,652770855.2153
1753505578577,04:52:58.577,mexc,ADA/USDT:USDT,,,,,0.8248,816366653.0,652770875.0105
1753505582486,04:53:02.486,mexc,ADA/USDT:USDT,,,,,0.8248,816368839.0,652772677.8197
1753505584497,04:53:04.497,mexc,ADA/USDT:USDT,,,,,0.8248,816368839.0,652772677.8197
1753505586481,04:53:06.481,mexc,ADA/USDT:USDT,,,,,0.8247,816369323.0,652773076.9745
1753505586481,04:53:06.481,mexc,ADA/USDT:USDT,,,,,0.8247,816369323.0,652773076.9745
1753505590478,04:53:10.478,mexc,ADA/USDT:USDT,,,,,0.8247,816369323.0,652773076.9745
1753505594467,04:53:14.467,mexc,ADA/USDT:USDT,,,,,0.8245,816369673.0,652773365.5495
1753505594467,04:53:14.467,mexc,ADA/USDT:USDT,,,,,0.8245,816369673.0,652773365.5495
1753505598499,04:53:18.499,mexc,ADA/USDT:USDT,,,,,0.8245,816369673.0,652773365.5495
1753505598499,04:53:18.499,mexc,ADA/USDT:USDT,,,,,0.8245,816369673.0,652773365.5495
1753505602491,04:53:22.491,mexc,ADA/USDT:USDT,,,,,0.8245,816369673.0,652773365.5495
1753505604494,04:53:24.494,mexc,ADA/USDT:USDT,,,,,0.8245,816369673.0,652773365.5495
1753505606485,04:53:26.485,mexc,ADA/USDT:USDT,,,,,0.8245,816369697.0,652773385.3375
1753505610568,04:53:30.568,mexc,ADA/USDT:USDT,,,,,0.8245,816369697.0,652773385.3375
1753505612496,04:53:32.496,mexc,ADA/USDT:USDT,,,,,0.8242,816369898.0,652773551.0017
1753505614500,04:53:34.500,mexc,ADA/USDT:USDT,,,,,0.8242,816369898.0,652773551.0017
1753505616489,04:53:36.489,mexc,ADA/USDT:USDT,,,,,0.8242,816369898.0,652773551.0017
1753505618477,04:53:38.477,mexc,ADA/USDT:USDT,,,,,0.8242,816369898.0,652773551.0017
1753505618477,04:53:38.477,mexc,ADA/USDT:USDT,,,,,0.8242,816369898.0,652773551.0017
1753505624503,04:53:44.503,mexc,ADA/USDT:USDT,,,,,0.8243,816369909.0,652773560.069
1753505626497,04:53:46.497,mexc,ADA/USDT:USDT,,,,,0.8243,816369909.0,652773560.069
1753505628483,04:53:48.483,mexc,ADA/USDT:USDT,,,,,0.8243,816369909.0,652773560.069
1753505630505,04:53:50.505,mexc,ADA/USDT:USDT,,,,,0.8245,816375485.0,652778157.481
1753505632498,04:53:52.498,mexc,ADA/USDT:USDT,,,,,0.8245,816387615.0,652788158.666
1753505632498,04:53:52.498,mexc,ADA/USDT:USDT,,,,,0.8245,816387615.0,652788158.666
1753505638519,04:53:58.519,mexc,ADA/USDT:USDT,,,,,0.8245,816387615.0,652788158.666
1753505638519,04:53:58.519,mexc,ADA/USDT:USDT,,,,,0.8245,816387615.0,652788158.666
1753505642502,04:54:02.502,mexc,ADA/USDT:USDT,,,,,0.8245,816387615.0,652788158.666
1753505644501,04:54:04.501,mexc,ADA/USDT:USDT,,,,,0.8246,816387656.0,652788192.4746
1753505644501,04:54:04.501,mexc,ADA/USDT:USDT,,,,,0.8246,816387656.0,652788192.4746
1753505648496,04:54:08.496,mexc,ADA/USDT:USDT,,,,,0.8247,816424037.0,652818195.8853
1753505648496,04:54:08.496,mexc,ADA/USDT:USDT,,,,,0.8247,816424037.0,652818195.8853
1753505648496,04:54:08.496,mexc,ADA/USDT:USDT,,,,,0.8247,816424037.0,652818195.8853
1753505656509,04:54:16.509,mexc,ADA/USDT:USDT,,,,,0.8247,816424037.0,652818195.8853
1753505658496,04:54:18.496,mexc,ADA/USDT:USDT,,,,,0.8247,816424037.0,652818195.8853
1753505660498,04:54:20.498,mexc,ADA/USDT:USDT,,,,,0.8247,816424037.0,652818195.8853
1753505662490,04:54:22.490,mexc,ADA/USDT:USDT,,,,,0.8246,816436137.0,652828173.5453
1753505666515,04:54:26.515,mexc,ADA/USDT:USDT,,,,,0.8246,816436164.0,652828195.8095
1753505668507,04:54:28.507,mexc,ADA/USDT:USDT,,,,,0.8246,816436164.0,652828195.8095
1753505670564,04:54:30.564,mexc,ADA/USDT:USDT,,,,,0.8246,816436164.0,652828195.8095
1753505670564,04:54:30.564,mexc,ADA/USDT:USDT,,,,,0.8246,816436164.0,652828195.8095
1753505670564,04:54:30.564,mexc,ADA/USDT:USDT,,,,,0.8246,816436164.0,652828195.8095
1753505670564,04:54:30.564,mexc,ADA/USDT:USDT,,,,,0.8246,816436164.0,652828195.8095
1753505680499,04:54:40.499,mexc,ADA/USDT:USDT,,,,,0.8246,816436376.0,652828370.6248
1753505682505,04:54:42.505,mexc,ADA/USDT:USDT,,,,,0.8246,816436376.0,652828370.6248
1753505684501,04:54:44.501,mexc,ADA/USDT:USDT,,,,,0.8246,816436376.0,652828370.6248
1753505686502,04:54:46.502,mexc,ADA/USDT:USDT,,,,,0.8246,816436376.0,652828370.6248
1753505688503,04:54:48.503,mexc,ADA/USDT:USDT,,,,,0.8249,816436461.0,652828440.7413
1753505690505,04:54:50.505,mexc,ADA/USDT:USDT,,,,,0.8249,816436561.0,652828523.2313
1753505694491,04:54:54.491,mexc,ADA/USDT:USDT,,,,,0.825,816451290.0,652840673.1835
1753505696508,04:54:56.508,mexc,ADA/USDT:USDT,,,,,0.8251,816452023.0,652841277.9818
1753505698525,04:54:58.525,mexc,ADA/USDT:USDT,,,,,0.8251,816458130.0,652846316.8675
1753505698525,04:54:58.525,mexc,ADA/USDT:USDT,,,,,0.8251,816458130.0,652846316.8675
1753505698525,04:54:58.525,mexc,ADA/USDT:USDT,,,,,0.8251,816458130.0,652846316.8675
1753505704491,04:55:04.491,mexc,ADA/USDT:USDT,,,,,0.8251,816458161.0,652846342.4456
1753505708497,04:55:08.497,mexc,ADA/USDT:USDT,,,,,0.8251,816458161.0,652846342.4456
1753505710496,04:55:10.496,mexc,ADA/USDT:USDT,,,,,0.8251,816458161.0,652846342.4456
1753505712508,04:55:12.508,mexc,ADA/USDT:USDT,,,,,0.8251,816458161.0,652846342.4456
1753505712508,04:55:12.508,mexc,ADA/USDT:USDT,,,,,0.8251,816458161.0,652846342.4456
1753505712508,04:55:12.508,mexc,ADA/USDT:USDT,,,,,0.8251,816458161.0,652846342.4456
1753505718497,04:55:18.497,mexc,ADA/USDT:USDT,,,,,0.8251,816458211.0,652846383.7006
1753505718497,04:55:18.497,mexc,ADA/USDT:USDT,,,,,0.8251,816458211.0,652846383.7006
1753505724504,04:55:24.504,mexc,ADA/USDT:USDT,,,,,0.8251,816458221.0,652846391.9516
1753505724504,04:55:24.504,mexc,ADA/USDT:USDT,,,,,0.8251,816458221.0,652846391.9516
1753505728495,04:55:28.495,mexc,ADA/USDT:USDT,,,,,0.8251,816458221.0,652846391.9516
1753505728495,04:55:28.495,mexc,ADA/USDT:USDT,,,,,0.8251,816458221.0,652846391.9516
1753505732572,04:55:32.572,mexc,ADA/USDT:USDT,,,,,0.8251,816458466.0,652846594.1011
1753505732572,04:55:32.572,mexc,ADA/USDT:USDT,,,,,0.8251,816458466.0,652846594.1011
1753505732572,04:55:32.572,mexc,ADA/USDT:USDT,,,,,0.8251,816458466.0,652846594.1011
1753505740500,04:55:40.500,mexc,ADA/USDT:USDT,,,,,0.8252,816459435.0,652847393.7199
1753505740500,04:55:40.500,mexc,ADA/USDT:USDT,,,,,0.8252,816459435.0,652847393.7199
1753505740500,04:55:40.500,mexc,ADA/USDT:USDT,,,,,0.8252,816459435.0,652847393.7199
1753505740500,04:55:40.500,mexc,ADA/USDT:USDT,,,,,0.8252,816459435.0,652847393.7199
1753505750503,04:55:50.503,mexc,ADA/USDT:USDT,,,,,0.8252,816459630.0,652847554.6339
1753505750503,04:55:50.503,mexc,ADA/USDT:USDT,,,,,0.8252,816459630.0,652847554.6339
1753505754507,04:55:54.507,mexc,ADA/USDT:USDT,,,,,0.8253,816459771.0,652847671.0012
1753505756500,04:55:56.500,mexc,ADA/USDT:USDT,,,,,0.8252,816460368.0,652848163.674
1753505758522,04:55:58.522,mexc,ADA/USDT:USDT,,,,,0.8253,816467637.0,652854162.7797
1753505760550,04:56:00.550,mexc,ADA/USDT:USDT,,,,,0.8253,816467971.0,652854438.4299
1753505764587,04:56:04.587,mexc,ADA/USDT:USDT,,,,,0.8252,816468248.0,652854667.0103
1753505766497,04:56:06.497,mexc,ADA/USDT:USDT,,,,,0.8252,816468519.0,652854890.6395
1753505766497,04:56:06.497,mexc,ADA/USDT:USDT,,,,,0.8252,816468519.0,652854890.6395
1753505766497,04:56:06.497,mexc,ADA/USDT:USDT,,,,,0.8252,816468519.0,652854890.6395
1753505766497,04:56:06.497,mexc,ADA/USDT:USDT,,,,,0.8252,816468519.0,652854890.6395
1753505774507,04:56:14.507,mexc,ADA/USDT:USDT,,,,,0.8251,816471180.0,652857086.3694
1753505778502,04:56:18.502,mexc,ADA/USDT:USDT,,,,,0.8252,816474585.0,652859896.1754
1753505778502,04:56:18.502,mexc,ADA/USDT:USDT,,,,,0.8252,816474585.0,652859896.1754
1753505782503,04:56:22.503,mexc,ADA/USDT:USDT,,,,,0.8253,816481918.0,652865948.1003
1753505782503,04:56:22.503,mexc,ADA/USDT:USDT,,,,,0.8253,816481918.0,652865948.1003
1753505786518,04:56:26.518,mexc,ADA/USDT:USDT,,,,,0.8253,816481918.0,652865948.1003
1753505786518,04:56:26.518,mexc,ADA/USDT:USDT,,,,,0.8253,816481918.0,652865948.1003
1753505792501,04:56:32.501,mexc,ADA/USDT:USDT,,,,,0.825,816482042.0,652866050.4003
1753505794563,04:56:34.563,mexc,ADA/USDT:USDT,,,,,0.8249,816483638.0,652867366.9407
1753505794563,04:56:34.563,mexc,ADA/USDT:USDT,,,,,0.8249,816483638.0,652867366.9407
1753505798499,04:56:38.499,mexc,ADA/USDT:USDT,,,,,0.8249,816518927.0,652896476.8368
1753505800499,04:56:40.499,mexc,ADA/USDT:USDT,,,,,0.8249,816518927.0,652896476.8368
1753505800499,04:56:40.499,mexc,ADA/USDT:USDT,,,,,0.8249,816518927.0,652896476.8368
1753505800499,04:56:40.499,mexc,ADA/USDT:USDT,,,,,0.8249,816518927.0,652896476.8368
1753505800499,04:56:40.499,mexc,ADA/USDT:USDT,,,,,0.8249,816518927.0,652896476.8368
1753505810500,04:56:50.500,mexc,ADA/USDT:USDT,,,,,0.825,816521836.0,652898876.7618
1753505810500,04:56:50.500,mexc,ADA/USDT:USDT,,,,,0.825,816521836.0,652898876.7618
1753505810500,04:56:50.500,mexc,ADA/USDT:USDT,,,,,0.825,816521836.0,652898876.7618
1753505816504,04:56:56.504,mexc,ADA/USDT:USDT,,,,,0.825,816521836.0,652898876.7618
1753505820604,04:57:00.604,mexc,ADA/USDT:USDT,,,,,0.8248,816525317.0,652901747.7814
1753505820604,04:57:00.604,mexc,ADA/USDT:USDT,,,,,0.8248,816525317.0,652901747.7814
1753505820604,04:57:00.604,mexc,ADA/USDT:USDT,,,,,0.8248,816525317.0,652901747.7814
1753505826500,04:57:06.500,mexc,ADA/USDT:USDT,,,,,0.8248,816525317.0,652901747.7814
1753505828490,04:57:08.490,mexc,ADA/USDT:USDT,,,,,0.8248,816525317.0,652901747.7814
1753505830494,04:57:10.494,mexc,ADA/USDT:USDT,,,,,0.8247,816525354.0,652901778.2953
1753505834498,04:57:14.498,mexc,ADA/USDT:USDT,,,,,0.8246,816525534.0,652901926.7233
1753505834498,04:57:14.498,mexc,ADA/USDT:USDT,,,,,0.8246,816525534.0,652901926.7233
1753505834498,04:57:14.498,mexc,ADA/USDT:USDT,,,,,0.8246,816525534.0,652901926.7233
1753505840506,04:57:20.506,mexc,ADA/USDT:USDT,,,,,0.8244,816525908.0,652902235.0489
1753505840506,04:57:20.506,mexc,ADA/USDT:USDT,,,,,0.8244,816525908.0,652902235.0489
1753505840506,04:57:20.506,mexc,ADA/USDT:USDT,,,,,0.8244,816525908.0,652902235.0489
1753505840506,04:57:20.506,mexc,ADA/USDT:USDT,,,,,0.8244,816525908.0,652902235.0489
1753505850517,04:57:30.517,mexc,ADA/USDT:USDT,,,,,0.8244,816525908.0,652902235.0489
1753505850517,04:57:30.517,mexc,ADA/USDT:USDT,,,,,0.8244,816525908.0,652902235.0489
1753505854500,04:57:34.500,mexc,ADA/USDT:USDT,,,,,0.8246,816525915.0,652902240.8211
1753505854500,04:57:34.500,mexc,ADA/USDT:USDT,,,,,0.8246,816525915.0,652902240.8211
1753505858500,04:57:38.500,mexc,ADA/USDT:USDT,,,,,0.8243,816531978.0,652907238.552
1753505858500,04:57:38.500,mexc,ADA/USDT:USDT,,,,,0.8243,816531978.0,652907238.552
1753505864483,04:57:44.483,mexc,ADA/USDT:USDT,,,,,0.8243,816532546.0,652907706.7544
1753505864483,04:57:44.483,mexc,ADA/USDT:USDT,,,,,0.8243,816532546.0,652907706.7544
1753505864483,04:57:44.483,mexc,ADA/USDT:USDT,,,,,0.8243,816532546.0,652907706.7544
1753505864483,04:57:44.483,mexc,ADA/USDT:USDT,,,,,0.8243,816532546.0,652907706.7544
1753505872490,04:57:52.490,mexc,ADA/USDT:USDT,,,,,0.8244,816532564.0,652907721.5936
1753505872490,04:57:52.490,mexc,ADA/USDT:USDT,,,,,0.8244,816532564.0,652907721.5936
1753505872490,04:57:52.490,mexc,ADA/USDT:USDT,,,,,0.8244,816532564.0,652907721.5936
1753505872490,04:57:52.490,mexc,ADA/USDT:USDT,,,,,0.8244,816532564.0,652907721.5936
1753505872490,04:57:52.490,mexc,ADA/USDT:USDT,,,,,0.8244,816532564.0,652907721.5936
1753505884516,04:58:04.516,mexc,ADA/USDT:USDT,,,,,0.8243,816532579.0,652907733.9581
1753505884516,04:58:04.516,mexc,ADA/USDT:USDT,,,,,0.8243,816532579.0,652907733.9581
1753505884516,04:58:04.516,mexc,ADA/USDT:USDT,,,,,0.8243,816532579.0,652907733.9581
1753505884516,04:58:04.516,mexc,ADA/USDT:USDT,,,,,0.8243,816532579.0,652907733.9581
1753505884516,04:58:04.516,mexc,ADA/USDT:USDT,,,,,0.8243,816532579.0,652907733.9581
1753505884516,04:58:04.516,mexc,ADA/USDT:USDT,,,,,0.8243,816532579.0,652907733.9581
1753505898503,04:58:18.503,mexc,ADA/USDT:USDT,,,,,0.8243,816539912.0,652913778.55
1753505898503,04:58:18.503,mexc,ADA/USDT:USDT,,,,,0.8243,816539912.0,652913778.55
1753505904516,04:58:24.516,mexc,ADA/USDT:USDT,,,,,0.8243,816548864.0,652921157.6836
1753505904516,04:58:24.516,mexc,ADA/USDT:USDT,,,,,0.8243,816548864.0,652921157.6836
1753505904516,04:58:24.516,mexc,ADA/USDT:USDT,,,,,0.8243,816548864.0,652921157.6836
1753505904516,04:58:24.516,mexc,ADA/USDT:USDT,,,,,0.8243,816548864.0,652921157.6836
1753505904516,04:58:24.516,mexc,ADA/USDT:USDT,,,,,0.8243,816548864.0,652921157.6836
1753505904516,04:58:24.516,mexc,ADA/USDT:USDT,,,,,0.8243,816548864.0,652921157.6836
1753505918504,04:58:38.504,mexc,ADA/USDT:USDT,,,,,0.8245,816548875.0,652921166.7531
1753505918504,04:58:38.504,mexc,ADA/USDT:USDT,,,,,0.8245,816548875.0,652921166.7531
1753505918504,04:58:38.504,mexc,ADA/USDT:USDT,,,,,0.8245,816548875.0,652921166.7531
1753505924510,04:58:44.510,mexc,ADA/USDT:USDT,,,,,0.8245,816548875.0,652921166.7531
1753505926498,04:58:46.498,mexc,ADA/USDT:USDT,,,,,0.8245,816548875.0,652921166.7531
1753505926498,04:58:46.498,mexc,ADA/USDT:USDT,,,,,0.8245,816548875.0,652921166.7531
1753505926498,04:58:46.498,mexc,ADA/USDT:USDT,,,,,0.8245,816548875.0,652921166.7531
1753505934534,04:58:54.534,mexc,ADA/USDT:USDT,,,,,0.8248,816548890.0,652921179.1251
1753505936499,04:58:56.499,mexc,ADA/USDT:USDT,,,,,0.8247,816548892.0,652921180.7746
1753505938545,04:58:58.545,mexc,ADA/USDT:USDT,,,,,0.8247,816548892.0,652921180.7746
1753505938545,04:58:58.545,mexc,ADA/USDT:USDT,,,,,0.8247,816548892.0,652921180.7746
1753505938545,04:58:58.545,mexc,ADA/USDT:USDT,,,,,0.8247,816548892.0,652921180.7746
1753505938545,04:58:58.545,mexc,ADA/USDT:USDT,,,,,0.8247,816548892.0,652921180.7746
1753505948540,04:59:08.540,mexc,ADA/USDT:USDT,,,,,0.8249,816548914.0,652921198.9224
1753505950507,04:59:10.507,mexc,ADA/USDT:USDT,,,,,0.8249,816548914.0,652921198.9224
1753505952505,04:59:12.505,mexc,ADA/USDT:USDT,,,,,0.8247,816551160.0,652923051.4132
1753505952505,04:59:12.505,mexc,ADA/USDT:USDT,,,,,0.8247,816551160.0,652923051.4132
1753505956483,04:59:16.483,mexc,ADA/USDT:USDT,,,,,0.8247,816551160.0,652923051.4132
1753505960498,04:59:20.498,mexc,ADA/USDT:USDT,,,,,0.8243,816552930.0,652924510.4242
1753505960498,04:59:20.498,mexc,ADA/USDT:USDT,,,,,0.8243,816552930.0,652924510.4242
1753505964508,04:59:24.508,mexc,ADA/USDT:USDT,,,,,0.8242,816554190.0,652925548.9162
1753505964508,04:59:24.508,mexc,ADA/USDT:USDT,,,,,0.8242,816554190.0,652925548.9162
1753505968491,04:59:28.491,mexc,ADA/USDT:USDT,,,,,0.8242,816572770.0,652940862.5522
1753505968491,04:59:28.491,mexc,ADA/USDT:USDT,,,,,0.8242,816572770.0,652940862.5522
1753505974534,04:59:34.534,mexc,ADA/USDT:USDT,,,,,0.8243,816573736.0,652941658.826
1753505974534,04:59:34.534,mexc,ADA/USDT:USDT,,,,,0.8243,816573736.0,652941658.826
1753505978565,04:59:38.565,mexc,ADA/USDT:USDT,,,,,0.8243,816573736.0,652941658.826
1753505978565,04:59:38.565,mexc,ADA/USDT:USDT,,,,,0.8243,816573736.0,652941658.826
1753505982500,04:59:42.500,mexc,ADA/USDT:USDT,,,,,0.8243,816575882.0,652943427.7738
1753505982500,04:59:42.500,mexc,ADA/USDT:USDT,,,,,0.8243,816575882.0,652943427.7738
1753505982500,04:59:42.500,mexc,ADA/USDT:USDT,,,,,0.8243,816575882.0,652943427.7738
1753505982500,04:59:42.500,mexc,ADA/USDT:USDT,,,,,0.8243,816575882.0,652943427.7738
1753505992504,04:59:52.504,mexc,ADA/USDT:USDT,,,,,0.8243,816579760.0,652946624.4092
1753505992504,04:59:52.504,mexc,ADA/USDT:USDT,,,,,0.8243,816579760.0,652946624.4092
1753505996500,04:59:56.500,mexc,ADA/USDT:USDT,,,,,0.8243,816579979.0,652946804.9309
1753505998562,04:59:58.562,mexc,ADA/USDT:USDT,,,,,0.8243,816580194.0,652946982.1554
1753506002511,05:00:02.511,mexc,ADA/USDT:USDT,,,,,0.8243,773746418.0,618724886.1678
1753506004505,05:00:04.505,mexc,ADA/USDT:USDT,,,,,0.8242,773747168.0,618725504.3178
1753506006520,05:00:06.520,mexc,ADA/USDT:USDT,,,,,0.8242,773747168.0,618725504.3178
1753506008504,05:00:08.504,mexc,ADA/USDT:USDT,,,,,0.8241,773747215.0,618725543.0505
1753506008504,05:00:08.504,mexc,ADA/USDT:USDT,,,,,0.8241,773747215.0,618725543.0505
1753506014504,05:00:14.504,mexc,ADA/USDT:USDT,,,,,0.824,773747216.0,618725543.8745
1753506014504,05:00:14.504,mexc,ADA/USDT:USDT,,,,,0.824,773747216.0,618725543.8745
1753506018498,05:00:18.498,mexc,ADA/USDT:USDT,,,,,0.824,773747400.0,618725695.4905
1753506020490,05:00:20.490,mexc,ADA/USDT:USDT,,,,,0.8241,773747919.0,618726123.1984
1753506022505,05:00:22.505,mexc,ADA/USDT:USDT,,,,,0.8241,773748300.0,618726437.1805
1753506024505,05:00:24.505,mexc,ADA/USDT:USDT,,,,,0.8241,773748633.0,618726711.6058
1753506024505,05:00:24.505,mexc,ADA/USDT:USDT,,,,,0.8241,773748633.0,618726711.6058
1753506024505,05:00:24.505,mexc,ADA/USDT:USDT,,,,,0.8241,773748633.0,618726711.6058
1753506032505,05:00:32.505,mexc,ADA/USDT:USDT,,,,,0.8241,773752516.0,618729911.1983
1753506034493,05:00:34.493,mexc,ADA/USDT:USDT,,,,,0.8241,773755972.0,618732759.2879
1753506036509,05:00:36.509,mexc,ADA/USDT:USDT,,,,,0.8239,773755973.0,618732760.1118
1753506038504,05:00:38.504,mexc,ADA/USDT:USDT,,,,,0.8238,773756188.0,618732937.2288
1753506042503,05:00:42.503,mexc,ADA/USDT:USDT,,,,,0.8239,773816510.0,618782631.6714
1753506042503,05:00:42.503,mexc,ADA/USDT:USDT,,,,,0.8239,773816510.0,618782631.6714
1753506046498,05:00:46.498,mexc,ADA/USDT:USDT,,,,,0.8239,773816812.0,618782880.4892
1753506046498,05:00:46.498,mexc,ADA/USDT:USDT,,,,,0.8239,773816812.0,618782880.4892
1753506046498,05:00:46.498,mexc,ADA/USDT:USDT,,,,,0.8239,773816812.0,618782880.4892
1753506046498,05:00:46.498,mexc,ADA/USDT:USDT,,,,,0.8239,773816812.0,618782880.4892
1753506056503,05:00:56.503,mexc,ADA/USDT:USDT,,,,,0.8241,773831817.0,618795244.6097
1753506058512,05:00:58.512,mexc,ADA/USDT:USDT,,,,,0.8241,773831817.0,618795244.6097
1753506058512,05:00:58.512,mexc,ADA/USDT:USDT,,,,,0.8241,773831817.0,618795244.6097
1753506062502,05:01:02.502,mexc,ADA/USDT:USDT,,,,,0.8236,773831818.0,618795245.4333
1753506064499,05:01:04.499,mexc,ADA/USDT:USDT,,,,,0.8235,773841238.0,618803002.8035
1753506066475,05:01:06.475,mexc,ADA/USDT:USDT,,,,,0.8235,773841238.0,618803002.8035
1753506070549,05:01:10.549,mexc,ADA/USDT:USDT,,,,,0.8235,773876694.0,618832200.8195
1753506072496,05:01:12.496,mexc,ADA/USDT:USDT,,,,,0.8238,773876695.0,618832201.6433
1753506074487,05:01:14.487,mexc,ADA/USDT:USDT,,,,,0.8238,773876696.0,618832202.4671
1753506076497,05:01:16.497,mexc,ADA/USDT:USDT,,,,,0.8238,773895116.0,618847375.2915
1753506078463,05:01:18.463,mexc,ADA/USDT:USDT,,,,,0.8238,773895116.0,618847375.2915
1753506080481,05:01:20.481,mexc,ADA/USDT:USDT,,,,,0.8236,773895534.0,618847719.5563
1753506084509,05:01:24.509,mexc,ADA/USDT:USDT,,,,,0.8236,773904486.0,618855092.4235
1753506084509,05:01:24.509,mexc,ADA/USDT:USDT,,,,,0.8236,773904486.0,618855092.4235
1753506088506,05:01:28.506,mexc,ADA/USDT:USDT,,,,,0.8236,773904486.0,618855092.4235
1753506088506,05:01:28.506,mexc,ADA/USDT:USDT,,,,,0.8236,773904486.0,618855092.4235
1753506092497,05:01:32.497,mexc,ADA/USDT:USDT,,,,,0.8236,773919486.0,618867446.4235
1753506094507,05:01:34.507,mexc,ADA/USDT:USDT,,,,,0.8234,773919487.0,618867447.2469
1753506098491,05:01:38.491,mexc,ADA/USDT:USDT,,,,,0.8235,773921787.0,618869341.2237
1753506098491,05:01:38.491,mexc,ADA/USDT:USDT,,,,,0.8235,773921787.0,618869341.2237
1753506098491,05:01:38.491,mexc,ADA/USDT:USDT,,,,,0.8235,773921787.0,618869341.2237
1753506098491,05:01:38.491,mexc,ADA/USDT:USDT,,,,,0.8235,773921787.0,618869341.2237
1753506098491,05:01:38.491,mexc,ADA/USDT:USDT,,,,,0.8235,773921787.0,618869341.2237
1753506098491,05:01:38.491,mexc,ADA/USDT:USDT,,,,,0.8235,773921787.0,618869341.2237
1753506112498,05:01:52.498,mexc,ADA/USDT:USDT,,,,,0.8235,773921925.0,618869454.8667
1753506112498,05:01:52.498,mexc,ADA/USDT:USDT,,,,,0.8235,773921925.0,618869454.8667
1753506116500,05:01:56.500,mexc,ADA/USDT:USDT,,,,,0.8234,773922320.0,618869780.1097
1753506116500,05:01:56.500,mexc,ADA/USDT:USDT,,,,,0.8234,773922320.0,618869780.1097
1753506120617,05:02:00.617,mexc,ADA/USDT:USDT,,,,,0.8234,774014527.0,618945703.3535
1753506122509,05:02:02.509,mexc,ADA/USDT:USDT,,,,,0.8234,774015016.0,618946105.9961
1753506122509,05:02:02.509,mexc,ADA/USDT:USDT,,,,,0.8234,774015016.0,618946105.9961
1753506122509,05:02:02.509,mexc,ADA/USDT:USDT,,,,,0.8234,774015016.0,618946105.9961
1753506130500,05:02:10.500,mexc,ADA/USDT:USDT,,,,,0.8234,774034831.0,618962421.6671
1753506130500,05:02:10.500,mexc,ADA/USDT:USDT,,,,,0.8234,774034831.0,618962421.6671
1753506130500,05:02:10.500,mexc,ADA/USDT:USDT,,,,,0.8234,774034831.0,618962421.6671
1753506130500,05:02:10.500,mexc,ADA/USDT:USDT,,,,,0.8234,774034831.0,618962421.6671
1753506140501,05:02:20.501,mexc,ADA/USDT:USDT,,,,,0.8234,774034831.0,618962421.6671
1753506142499,05:02:22.499,mexc,ADA/USDT:USDT,,,,,0.8234,774035231.0,618962751.0271
1753506144494,05:02:24.494,mexc,ADA/USDT:USDT,,,,,0.8234,774035231.0,618962751.0271
1753506146484,05:02:26.484,mexc,ADA/USDT:USDT,,,,,0.8234,774045387.0,618971113.4775
1753506146484,05:02:26.484,mexc,ADA/USDT:USDT,,,,,0.8234,774045387.0,618971113.4775
1753506146484,05:02:26.484,mexc,ADA/USDT:USDT,,,,,0.8234,774045387.0,618971113.4775
1753506154506,05:02:34.506,mexc,ADA/USDT:USDT,,,,,0.8232,774062012.0,618984800.8399
1753506154506,05:02:34.506,mexc,ADA/USDT:USDT,,,,,0.8232,774062012.0,618984800.8399
1753506158488,05:02:38.488,mexc,ADA/USDT:USDT,,,,,0.8231,774063198.0,618985777.0745
1753506158488,05:02:38.488,mexc,ADA/USDT:USDT,,,,,0.8231,774063198.0,618985777.0745
1753506162572,05:02:42.572,mexc,ADA/USDT:USDT,,,,,0.823,774063199.0,618985777.8975
1753506164507,05:02:44.507,mexc,ADA/USDT:USDT,,,,,0.8229,774126288.0,619037693.8616
1753506168504,05:02:48.504,mexc,ADA/USDT:USDT,,,,,0.8229,774216547.0,619111967.9927
1753506168504,05:02:48.504,mexc,ADA/USDT:USDT,,,,,0.8229,774216547.0,619111967.9927
1753506172481,05:02:52.481,mexc,ADA/USDT:USDT,,,,,0.823,774217297.0,619112585.2427
1753506172481,05:02:52.481,mexc,ADA/USDT:USDT,,,,,0.823,774217297.0,619112585.2427
1753506172481,05:02:52.481,mexc,ADA/USDT:USDT,,,,,0.823,774217297.0,619112585.2427
1753506178516,05:02:58.516,mexc,ADA/USDT:USDT,,,,,0.8229,774217299.0,619112586.8886
1753506178516,05:02:58.516,mexc,ADA/USDT:USDT,,,,,0.8229,774217299.0,619112586.8886
1753506178516,05:02:58.516,mexc,ADA/USDT:USDT,,,,,0.8229,774217299.0,619112586.8886
1753506186490,05:03:06.490,mexc,ADA/USDT:USDT,,,,,0.823,774218936.0,619113934.1396
1753506186490,05:03:06.490,mexc,ADA/USDT:USDT,,,,,0.823,774218936.0,619113934.1396
1753506190507,05:03:10.507,mexc,ADA/USDT:USDT,,,,,0.8228,774218938.0,619113935.7852
1753506192505,05:03:12.505,mexc,ADA/USDT:USDT,,,,,0.8228,774221581.0,619116110.3028
1753506196505,05:03:16.505,mexc,ADA/USDT:USDT,,,,,0.8228,774221581.0,619116110.3028
1753506198504,05:03:18.504,mexc,ADA/USDT:USDT,,,,,0.8228,774221581.0,619116110.3028
1753506198504,05:03:18.504,mexc,ADA/USDT:USDT,,,,,0.8228,774221581.0,619116110.3028
1753506202491,05:03:22.491,mexc,ADA/USDT:USDT,,,,,0.8229,774231737.0,619124467.6752
1753506202491,05:03:22.491,mexc,ADA/USDT:USDT,,,,,0.8229,774231737.0,619124467.6752
1753506202491,05:03:22.491,mexc,ADA/USDT:USDT,,,,,0.8229,774231737.0,619124467.6752
1753506210517,05:03:30.517,mexc,ADA/USDT:USDT,,,,,0.8227,774232859.0,619125390.7446
1753506210517,05:03:30.517,mexc,ADA/USDT:USDT,,,,,0.8227,774232859.0,619125390.7446
1753506210517,05:03:30.517,mexc,ADA/USDT:USDT,,,,,0.8227,774232859.0,619125390.7446
1753506216498,05:03:36.498,mexc,ADA/USDT:USDT,,,,,0.8227,774232859.0,619125390.7446
1753506216498,05:03:36.498,mexc,ADA/USDT:USDT,,,,,0.8227,774232859.0,619125390.7446
1753506220484,05:03:40.484,mexc,ADA/USDT:USDT,,,,,0.8226,774232909.0,619125431.8746
1753506224568,05:03:44.568,mexc,ADA/USDT:USDT,,,,,0.8226,774232919.0,619125440.1006
1753506226500,05:03:46.500,mexc,ADA/USDT:USDT,,,,,0.8226,774234786.0,619126975.8948
1753506228507,05:03:48.507,mexc,ADA/USDT:USDT,,,,,0.8226,774275374.0,619160363.5836
1753506230508,05:03:50.508,mexc,ADA/USDT:USDT,,,,,0.8226,774275522.0,619160485.3284
1753506232505,05:03:52.505,mexc,ADA/USDT:USDT,,,,,0.8226,774276876.0,619161599.1288
1753506234500,05:03:54.500,mexc,ADA/USDT:USDT,,,,,0.8227,774276976.0,619161681.3988
1753506238506,05:03:58.506,mexc,ADA/USDT:USDT,,,,,0.8227,774276976.0,619161681.3988
1753506240606,05:04:00.606,mexc,ADA/USDT:USDT,,,,,0.8227,774277307.0,619161953.7125
1753506242495,05:04:02.495,mexc,ADA/USDT:USDT,,,,,0.8227,774277945.0,619162478.5951
1753506242495,05:04:02.495,mexc,ADA/USDT:USDT,,,,,0.8227,774277945.0,619162478.5951
1753506246503,05:04:06.503,mexc,ADA/USDT:USDT,,,,,0.8227,774277945.0,619162478.5951
1753506248493,05:04:08.493,mexc,ADA/USDT:USDT,,,,,0.8226,774278523.0,619162954.0579
1753506252504,05:04:12.504,mexc,ADA/USDT:USDT,,,,,0.8226,774278523.0,619162954.0579
1753506254505,05:04:14.505,mexc,ADA/USDT:USDT,,,,,0.8227,774278644.0,619163053.6046
1753506254505,05:04:14.505,mexc,ADA/USDT:USDT,,,,,0.8227,774278644.0,619163053.6046
1753506258497,05:04:18.497,mexc,ADA/USDT:USDT,,,,,0.8227,774278644.0,619163053.6046
1753506258497,05:04:18.497,mexc,ADA/USDT:USDT,,,,,0.8227,774278644.0,619163053.6046
1753506262494,05:04:22.494,mexc,ADA/USDT:USDT,,,,,0.8229,774278652.0,619163060.1878
1753506266503,05:04:26.503,mexc,ADA/USDT:USDT,,,,,0.8228,774279152.0,619163471.5878
1753506268504,05:04:28.504,mexc,ADA/USDT:USDT,,,,,0.8229,774289152.0,619171700.5878
1753506268504,05:04:28.504,mexc,ADA/USDT:USDT,,,,,0.8229,774289152.0,619171700.5878
1753506272500,05:04:32.500,mexc,ADA/USDT:USDT,,,,,0.8228,774301304.0,619181699.2534
1753506272500,05:04:32.500,mexc,ADA/USDT:USDT,,,,,0.8228,774301304.0,619181699.2534
1753506276503,05:04:36.503,mexc,ADA/USDT:USDT,,,,,0.8227,774302487.0,619182672.5075
1753506280508,05:04:40.508,mexc,ADA/USDT:USDT,,,,,0.8227,774302487.0,619182672.5075
1753506282501,05:04:42.501,mexc,ADA/USDT:USDT,,,,,0.8226,774302740.0,619182880.6253
1753506282501,05:04:42.501,mexc,ADA/USDT:USDT,,,,,0.8226,774302740.0,619182880.6253
