timestamp,time,exchange,symbol,bid,bidVolume,ask,askVolume,lastPrice,baseVolume,quoteVolume
1753504786507,04:39:46.507,mexc,ADA/USDT:USDT,,,,,0.8272,813825458.0,650671927.125
1753504788503,04:39:48.503,mexc,ADA/USDT:USDT,,,,,0.8272,813825458.0,650671927.125
1753504792505,04:39:52.505,mexc,ADA/USDT:USDT,,,,,0.827,813828974.0,650674834.857
1753504794501,04:39:54.501,mexc,ADA/USDT:USDT,,,,,0.827,813829350.0,650675145.809
1753504796506,04:39:56.506,mexc,ADA/USDT:USDT,,,,,0.8269,813829942.0,650675635.3338
1753504796506,04:39:56.506,mexc,ADA/USDT:USDT,,,,,0.8269,813829942.0,650675635.3338
1753504800671,04:40:00.671,mexc,ADA/USDT:USDT,,,,,0.827,813849942.0,650692175.3338
1753504802487,04:40:02.487,mexc,ADA/USDT:USDT,,,,,0.827,813853570.0,650695175.6898
1753504806504,04:40:06.504,mexc,ADA/USDT:USDT,,,,,0.8269,813854797.0,650696190.2961
1753504806504,04:40:06.504,mexc,ADA/USDT:USDT,,,,,0.8269,813854797.0,650696190.2961
1753504806504,04:40:06.504,mexc,ADA/USDT:USDT,,,,,0.8269,813854797.0,650696190.2961
1753504812509,04:40:12.509,mexc,ADA/USDT:USDT,,,,,0.8268,813869698.0,650708510.6448
1753504812509,04:40:12.509,mexc,ADA/USDT:USDT,,,,,0.8268,813869698.0,650708510.6448
1753504812509,04:40:12.509,mexc,ADA/USDT:USDT,,,,,0.8268,813869698.0,650708510.6448
1753504812509,04:40:12.509,mexc,ADA/USDT:USDT,,,,,0.8268,813869698.0,650708510.6448
1753504812509,04:40:12.509,mexc,ADA/USDT:USDT,,,,,0.8268,813869698.0,650708510.6448
1753504824510,04:40:24.510,mexc,ADA/USDT:USDT,,,,,0.8271,813870150.0,650708884.494
1753504826513,04:40:26.513,mexc,ADA/USDT:USDT,,,,,0.827,813870666.0,650709311.226
1753504828504,04:40:28.504,mexc,ADA/USDT:USDT,,,,,0.827,814760126.0,651444894.646
1753504830549,04:40:30.549,mexc,ADA/USDT:USDT,,,,,0.827,814760126.0,651444894.646
1753504834498,04:40:34.498,mexc,ADA/USDT:USDT,,,,,0.8268,814935061.0,651589583.266
1753504836506,04:40:36.506,mexc,ADA/USDT:USDT,,,,,0.8269,814936712.0,651590948.4779
1753504838504,04:40:38.504,mexc,ADA/USDT:USDT,,,,,0.8269,814936712.0,651590948.4779
1753504840578,04:40:40.578,mexc,ADA/USDT:USDT,,,,,0.8265,814937704.0,651591768.3659
1753504840578,04:40:40.578,mexc,ADA/USDT:USDT,,,,,0.8265,814937704.0,651591768.3659
1753504844523,04:40:44.523,mexc,ADA/USDT:USDT,,,,,0.8265,814937704.0,651591768.3659
1753504848498,04:40:48.498,mexc,ADA/USDT:USDT,,,,,0.8263,814937890.0,651591922.0577
1753504850494,04:40:50.494,mexc,ADA/USDT:USDT,,,,,0.8263,814938482.0,651592411.2273
1753504850494,04:40:50.494,mexc,ADA/USDT:USDT,,,,,0.8263,814938482.0,651592411.2273
1753504850494,04:40:50.494,mexc,ADA/USDT:USDT,,,,,0.8263,814938482.0,651592411.2273
1753504850494,04:40:50.494,mexc,ADA/USDT:USDT,,,,,0.8263,814938482.0,651592411.2273
1753504850494,04:40:50.494,mexc,ADA/USDT:USDT,,,,,0.8263,814938482.0,651592411.2273
1753504862507,04:41:02.507,mexc,ADA/USDT:USDT,,,,,0.8263,814938803.0,651592676.4696
1753504864532,04:41:04.532,mexc,ADA/USDT:USDT,,,,,0.8263,814938803.0,651592676.4696
1753504866507,04:41:06.507,mexc,ADA/USDT:USDT,,,,,0.8264,814939773.0,651593478.0776
1753504866507,04:41:06.507,mexc,ADA/USDT:USDT,,,,,0.8264,814939773.0,651593478.0776
1753504870503,04:41:10.503,mexc,ADA/USDT:USDT,,,,,0.8263,814940560.0,651594128.4363
1753504872549,04:41:12.549,mexc,ADA/USDT:USDT,,,,,0.8263,814940852.0,651594369.7159
1753504876505,04:41:16.505,mexc,ADA/USDT:USDT,,,,,0.8263,814940852.0,651594369.7159
1753504878501,04:41:18.501,mexc,ADA/USDT:USDT,,,,,0.8262,814947386.0,651599768.1067
1753504878501,04:41:18.501,mexc,ADA/USDT:USDT,,,,,0.8262,814947386.0,651599768.1067
1753504878501,04:41:18.501,mexc,ADA/USDT:USDT,,,,,0.8262,814947386.0,651599768.1067
1753504878501,04:41:18.501,mexc,ADA/USDT:USDT,,,,,0.8262,814947386.0,651599768.1067
1753504878501,04:41:18.501,mexc,ADA/USDT:USDT,,,,,0.8262,814947386.0,651599768.1067
1753504890520,04:41:30.520,mexc,ADA/USDT:USDT,,,,,0.8262,814953437.0,651604767.4429
1753504892498,04:41:32.498,mexc,ADA/USDT:USDT,,,,,0.8262,814958278.0,651608767.0771
1753504892498,04:41:32.498,mexc,ADA/USDT:USDT,,,,,0.8262,814958278.0,651608767.0771
1753504896501,04:41:36.501,mexc,ADA/USDT:USDT,,,,,0.8262,814958278.0,651608767.0771
1753504898499,04:41:38.499,mexc,ADA/USDT:USDT,,,,,0.8261,814958884.0,651609267.6937
1753504898499,04:41:38.499,mexc,ADA/USDT:USDT,,,,,0.8261,814958884.0,651609267.6937
1753504904505,04:41:44.505,mexc,ADA/USDT:USDT,,,,,0.8262,814959405.0,651609698.1439
1753504904505,04:41:44.505,mexc,ADA/USDT:USDT,,,,,0.8262,814959405.0,651609698.1439
1753504908505,04:41:48.505,mexc,ADA/USDT:USDT,,,,,0.8262,814959405.0,651609698.1439
1753504910498,04:41:50.498,mexc,ADA/USDT:USDT,,,,,0.8262,814959405.0,651609698.1439
1753504912565,04:41:52.565,mexc,ADA/USDT:USDT,,,,,0.8263,814960003.0,651610192.2713
1753504912565,04:41:52.565,mexc,ADA/USDT:USDT,,,,,0.8263,814960003.0,651610192.2713
1753504918512,04:41:58.512,mexc,ADA/USDT:USDT,,,,,0.8263,814960003.0,651610192.2713
1753504918512,04:41:58.512,mexc,ADA/USDT:USDT,,,,,0.8263,814960003.0,651610192.2713
1753504918512,04:41:58.512,mexc,ADA/USDT:USDT,,,,,0.8263,814960003.0,651610192.2713
1753504924497,04:42:04.497,mexc,ADA/USDT:USDT,,,,,0.8263,814961778.0,651611658.9538
1753504926523,04:42:06.523,mexc,ADA/USDT:USDT,,,,,0.8265,814963166.0,651612806.1358
1753504928507,04:42:08.507,mexc,ADA/USDT:USDT,,,,,0.8267,814963687.0,651613236.8465
1753504932573,04:42:12.573,mexc,ADA/USDT:USDT,,,,,0.8266,814964034.0,651613523.6767
1753504934505,04:42:14.505,mexc,ADA/USDT:USDT,,,,,0.8267,814964634.0,651614019.6968
1753504936502,04:42:16.502,mexc,ADA/USDT:USDT,,,,,0.8268,814964740.0,651614107.3376
1753504938503,04:42:18.503,mexc,ADA/USDT:USDT,,,,,0.8268,814965252.0,651614530.6592
1753504938503,04:42:18.503,mexc,ADA/USDT:USDT,,,,,0.8268,814965252.0,651614530.6592
1753504942505,04:42:22.505,mexc,ADA/USDT:USDT,,,,,0.8267,814965861.0,651615034.1195
1753504942505,04:42:22.505,mexc,ADA/USDT:USDT,,,,,0.8267,814965861.0,651615034.1195
1753504948512,04:42:28.512,mexc,ADA/USDT:USDT,,,,,0.8268,814966182.0,651615299.5223
1753504950519,04:42:30.519,mexc,ADA/USDT:USDT,,,,,0.8268,814966182.0,651615299.5223
1753504952499,04:42:32.499,mexc,ADA/USDT:USDT,,,,,0.8268,814968653.0,651617342.5451
1753504952499,04:42:32.499,mexc,ADA/USDT:USDT,,,,,0.8268,814968653.0,651617342.5451
1753504952499,04:42:32.499,mexc,ADA/USDT:USDT,,,,,0.8268,814968653.0,651617342.5451
1753504960484,04:42:40.484,mexc,ADA/USDT:USDT,,,,,0.8267,814968704.0,651617384.7068
1753504960484,04:42:40.484,mexc,ADA/USDT:USDT,,,,,0.8267,814968704.0,651617384.7068
1753504960484,04:42:40.484,mexc,ADA/USDT:USDT,,,,,0.8267,814968704.0,651617384.7068
1753504960484,04:42:40.484,mexc,ADA/USDT:USDT,,,,,0.8267,814968704.0,651617384.7068
1753504960484,04:42:40.484,mexc,ADA/USDT:USDT,,,,,0.8267,814968704.0,651617384.7068
1753504960484,04:42:40.484,mexc,ADA/USDT:USDT,,,,,0.8267,814968704.0,651617384.7068
1753504974507,04:42:54.507,mexc,ADA/USDT:USDT,,,,,0.8271,814968710.0,651617389.6694
1753504976499,04:42:56.499,mexc,ADA/USDT:USDT,,,,,0.8269,814968990.0,651617621.2014
1753504978515,04:42:58.515,mexc,ADA/USDT:USDT,,,,,0.8269,814975496.0,651623001.0128
1753504980527,04:43:00.527,mexc,ADA/USDT:USDT,,,,,0.8269,814975517.0,651623018.3777
1753504982501,04:43:02.501,mexc,ADA/USDT:USDT,,,,,0.8269,814975517.0,651623018.3777
1753504984510,04:43:04.510,mexc,ADA/USDT:USDT,,,,,0.8269,814975517.0,651623018.3777
1753504988489,04:43:08.489,mexc,ADA/USDT:USDT,,,,,0.8266,814977797.0,651624903.4367
1753504988489,04:43:08.489,mexc,ADA/USDT:USDT,,,,,0.8266,814977797.0,651624903.4367
1753504992507,04:43:12.507,mexc,ADA/USDT:USDT,,,,,0.8268,814977982.0,651625056.3947
1753504992507,04:43:12.507,mexc,ADA/USDT:USDT,,,,,0.8268,814977982.0,651625056.3947
1753504996500,04:43:16.500,mexc,ADA/USDT:USDT,,,,,0.8268,814977982.0,651625056.3947
1753504998503,04:43:18.503,mexc,ADA/USDT:USDT,,,,,0.8268,814977982.0,651625056.3947
1753505002484,04:43:22.484,mexc,ADA/USDT:USDT,,,,,0.8268,814977982.0,651625056.3947
1753505004496,04:43:24.496,mexc,ADA/USDT:USDT,,,,,0.8269,814978194.0,651625231.6575
1753505004496,04:43:24.496,mexc,ADA/USDT:USDT,,,,,0.8269,814978194.0,651625231.6575
1753505008485,04:43:28.485,mexc,ADA/USDT:USDT,,,,,0.8269,814978194.0,651625231.6575
1753505008485,04:43:28.485,mexc,ADA/USDT:USDT,,,,,0.8269,814978194.0,651625231.6575
1753505012500,04:43:32.500,mexc,ADA/USDT:USDT,,,,,0.8269,814978194.0,651625231.6575
1753505012500,04:43:32.500,mexc,ADA/USDT:USDT,,,,,0.8269,814978194.0,651625231.6575
1753505012500,04:43:32.500,mexc,ADA/USDT:USDT,,,,,0.8269,814978194.0,651625231.6575
1753505020500,04:43:40.500,mexc,ADA/USDT:USDT,,,,,0.8269,814978209.0,651625244.061
1753505020500,04:43:40.500,mexc,ADA/USDT:USDT,,,,,0.8269,814978209.0,651625244.061
1753505024538,04:43:44.538,mexc,ADA/USDT:USDT,,,,,0.8267,814981288.0,651627789.4703
1753505024538,04:43:44.538,mexc,ADA/USDT:USDT,,,,,0.8267,814981288.0,651627789.4703
1753505024538,04:43:44.538,mexc,ADA/USDT:USDT,,,,,0.8267,814981288.0,651627789.4703
1753505032506,04:43:52.506,mexc,ADA/USDT:USDT,,,,,0.8268,814983828.0,651629889.5423
1753505032506,04:43:52.506,mexc,ADA/USDT:USDT,,,,,0.8268,814983828.0,651629889.5423
1753505032506,04:43:52.506,mexc,ADA/USDT:USDT,,,,,0.8268,814983828.0,651629889.5423
1753505032506,04:43:52.506,mexc,ADA/USDT:USDT,,,,,0.8268,814983828.0,651629889.5423
1753505032506,04:43:52.506,mexc,ADA/USDT:USDT,,,,,0.8268,814983828.0,651629889.5423
1753505044490,04:44:04.490,mexc,ADA/USDT:USDT,,,,,0.8267,814983836.0,651629896.1559
1753505046500,04:44:06.500,mexc,ADA/USDT:USDT,,,,,0.8267,814983836.0,651629896.1559
1753505048492,04:44:08.492,mexc,ADA/USDT:USDT,,,,,0.8266,815002389.0,651645232.6328
1753505050503,04:44:10.503,mexc,ADA/USDT:USDT,,,,,0.8265,815002544.0,651645360.7403
1753505052502,04:44:12.502,mexc,ADA/USDT:USDT,,,,,0.8266,815003544.0,651646187.3403
1753505052502,04:44:12.502,mexc,ADA/USDT:USDT,,,,,0.8266,815003544.0,651646187.3403
1753505052502,04:44:12.502,mexc,ADA/USDT:USDT,,,,,0.8266,815003544.0,651646187.3403
1753505060529,04:44:20.529,mexc,ADA/USDT:USDT,,,,,0.8266,815016671.0,651657038.1185
1753505062498,04:44:22.498,mexc,ADA/USDT:USDT,,,,,0.8265,815016673.0,651657039.7716
1753505062498,04:44:22.498,mexc,ADA/USDT:USDT,,,,,0.8265,815016673.0,651657039.7716
1753505062498,04:44:22.498,mexc,ADA/USDT:USDT,,,,,0.8265,815016673.0,651657039.7716
1753505062498,04:44:22.498,mexc,ADA/USDT:USDT,,,,,0.8265,815016673.0,651657039.7716
1753505070529,04:44:30.529,mexc,ADA/USDT:USDT,,,,,0.8266,815016692.0,651657055.477
1753505074499,04:44:34.499,mexc,ADA/USDT:USDT,,,,,0.8266,815016692.0,651657055.477
1753505076505,04:44:36.505,mexc,ADA/USDT:USDT,,,,,0.8265,815016716.0,651657075.313
1753505076505,04:44:36.505,mexc,ADA/USDT:USDT,,,,,0.8265,815016716.0,651657075.313
1753505076505,04:44:36.505,mexc,ADA/USDT:USDT,,,,,0.8265,815016716.0,651657075.313
