timestamp,time,exchange,symbol,bid,bidVolume,ask,askVolume,lastPrice,baseVolume,quoteVolume
1753504784558,04:39:44.558,mexc,AAVE/USDT:USDT,,,,,297.46,29922470.0,87021484.9628
1753504784558,04:39:44.558,mexc,AAVE/USDT:USDT,,,,,297.46,29922470.0,87021484.9628
1753504784558,04:39:44.558,mexc,AAVE/USDT:USDT,,,,,297.46,29922470.0,87021484.9628
1753504794550,04:39:54.550,mexc,AAVE/USDT:USDT,,,,,297.47,29922474.0,87021496.8616
1753504796554,04:39:56.554,mexc,AAVE/USDT:USDT,,,,,297.47,29922474.0,87021496.8616
1753504798555,04:39:58.555,mexc,AAVE/USDT:USDT,,,,,297.47,29922474.0,87021496.8616
1753504798555,04:39:58.555,mexc,AAVE/USDT:USDT,,,,,297.47,29922474.0,87021496.8616
1753504802535,04:40:02.535,mexc,AAVE/USDT:USDT,,,,,297.42,29922548.0,87021716.9524
1753504802535,04:40:02.535,mexc,AAVE/USDT:USDT,,,,,297.42,29922548.0,87021716.9524
1753504802535,04:40:02.535,mexc,AAVE/USDT:USDT,,,,,297.42,29922548.0,87021716.9524
1753504802535,04:40:02.535,mexc,AAVE/USDT:USDT,,,,,297.42,29922548.0,87021716.9524
1753504812558,04:40:12.558,mexc,AAVE/USDT:USDT,,,,,297.42,29922548.0,87021716.9524
1753504812558,04:40:12.558,mexc,AAVE/USDT:USDT,,,,,297.42,29922548.0,87021716.9524
1753504816540,04:40:16.540,mexc,AAVE/USDT:USDT,,,,,297.5,29922555.0,87021737.7774
1753504820558,04:40:20.558,mexc,AAVE/USDT:USDT,,,,,297.5,29922557.0,87021743.7274
1753504820558,04:40:20.558,mexc,AAVE/USDT:USDT,,,,,297.5,29922557.0,87021743.7274
1753504824559,04:40:24.559,mexc,AAVE/USDT:USDT,,,,,297.5,29922557.0,87021743.7274
1753504824559,04:40:24.559,mexc,AAVE/USDT:USDT,,,,,297.5,29922557.0,87021743.7274
1753504828552,04:40:28.552,mexc,AAVE/USDT:USDT,,,,,297.53,29923946.0,87025876.5476
1753504828552,04:40:28.552,mexc,AAVE/USDT:USDT,,,,,297.53,29923946.0,87025876.5476
1753504834548,04:40:34.548,mexc,AAVE/USDT:USDT,,,,,297.53,29923946.0,87025876.5476
1753504836554,04:40:36.554,mexc,AAVE/USDT:USDT,,,,,297.51,29924044.0,87026168.1074
1753504838554,04:40:38.554,mexc,AAVE/USDT:USDT,,,,,297.51,29924069.0,87026242.4849
1753504840627,04:40:40.627,mexc,AAVE/USDT:USDT,,,,,297.47,29924569.0,87027729.8349
1753504840627,04:40:40.627,mexc,AAVE/USDT:USDT,,,,,297.47,29924569.0,87027729.8349
1753504840627,04:40:40.627,mexc,AAVE/USDT:USDT,,,,,297.47,29924569.0,87027729.8349
1753504848546,04:40:48.546,mexc,AAVE/USDT:USDT,,,,,297.47,29924569.0,87027729.8349
1753504850543,04:40:50.543,mexc,AAVE/USDT:USDT,,,,,297.47,29924569.0,87027729.8349
1753504850543,04:40:50.543,mexc,AAVE/USDT:USDT,,,,,297.47,29924569.0,87027729.8349
1753504854543,04:40:54.543,mexc,AAVE/USDT:USDT,,,,,297.51,29924575.0,87027747.6855
1753504856540,04:40:56.540,mexc,AAVE/USDT:USDT,,,,,297.51,29924575.0,87027747.6855
1753504858555,04:40:58.555,mexc,AAVE/USDT:USDT,,,,,297.52,29924910.0,87028744.3775
1753504862556,04:41:02.556,mexc,AAVE/USDT:USDT,,,,,297.55,29928109.0,87038263.002
1753504864582,04:41:04.582,mexc,AAVE/USDT:USDT,,,,,297.59,29930590.0,87045645.8768
1753504866556,04:41:06.556,mexc,AAVE/USDT:USDT,,,,,297.59,29930590.0,87045645.8768
1753504866556,04:41:06.556,mexc,AAVE/USDT:USDT,,,,,297.59,29930590.0,87045645.8768
1753504870554,04:41:10.554,mexc,AAVE/USDT:USDT,,,,,297.65,29931091.0,87047137.1028
1753504872598,04:41:12.598,mexc,AAVE/USDT:USDT,,,,,297.65,29931091.0,87047137.1028
1753504876554,04:41:16.554,mexc,AAVE/USDT:USDT,,,,,297.65,29931091.0,87047137.1028
1753504878551,04:41:18.551,mexc,AAVE/USDT:USDT,,,,,297.65,29931091.0,87047137.1028
1753504880549,04:41:20.549,mexc,AAVE/USDT:USDT,,,,,297.65,29931762.0,87049134.3343
1753504880549,04:41:20.549,mexc,AAVE/USDT:USDT,,,,,297.65,29931762.0,87049134.3343
1753504880549,04:41:20.549,mexc,AAVE/USDT:USDT,,,,,297.65,29931762.0,87049134.3343
1753504886547,04:41:26.547,mexc,AAVE/USDT:USDT,,,,,297.65,29931762.0,87049134.3343
1753504890569,04:41:30.569,mexc,AAVE/USDT:USDT,,,,,297.69,29931763.0,87049137.3112
1753504892548,04:41:32.548,mexc,AAVE/USDT:USDT,,,,,297.69,29931763.0,87049137.3112
1753504894545,04:41:34.545,mexc,AAVE/USDT:USDT,,,,,297.69,29931763.0,87049137.3112
1753504896549,04:41:36.549,mexc,AAVE/USDT:USDT,,,,,297.69,29931763.0,87049137.3112
1753504896549,04:41:36.549,mexc,AAVE/USDT:USDT,,,,,297.69,29931763.0,87049137.3112
1753504900545,04:41:40.545,mexc,AAVE/USDT:USDT,,,,,297.76,29931769.0,87049155.1768
1753504904554,04:41:44.554,mexc,AAVE/USDT:USDT,,,,,297.76,29931769.0,87049155.1768
1753504904554,04:41:44.554,mexc,AAVE/USDT:USDT,,,,,297.76,29931769.0,87049155.1768
1753504904554,04:41:44.554,mexc,AAVE/USDT:USDT,,,,,297.76,29931769.0,87049155.1768
1753504904554,04:41:44.554,mexc,AAVE/USDT:USDT,,,,,297.76,29931769.0,87049155.1768
1753504912615,04:41:52.615,mexc,AAVE/USDT:USDT,,,,,297.8,29931770.0,87049158.1548
1753504912615,04:41:52.615,mexc,AAVE/USDT:USDT,,,,,297.8,29931770.0,87049158.1548
1753504918562,04:41:58.562,mexc,AAVE/USDT:USDT,,,,,297.8,29931770.0,87049158.1548
1753504918562,04:41:58.562,mexc,AAVE/USDT:USDT,,,,,297.8,29931770.0,87049158.1548
1753504922552,04:42:02.552,mexc,AAVE/USDT:USDT,,,,,297.8,29931770.0,87049158.1548
1753504924545,04:42:04.545,mexc,AAVE/USDT:USDT,,,,,297.8,29931770.0,87049158.1548
1753504926570,04:42:06.570,mexc,AAVE/USDT:USDT,,,,,297.85,29931774.0,87049170.0688
1753504928557,04:42:08.557,mexc,AAVE/USDT:USDT,,,,,297.92,29931780.0,87049187.9434
1753504932621,04:42:12.621,mexc,AAVE/USDT:USDT,,,,,297.89,29932518.0,87051386.443
1753504934553,04:42:14.553,mexc,AAVE/USDT:USDT,,,,,297.89,29932518.0,87051386.443
1753504934553,04:42:14.553,mexc,AAVE/USDT:USDT,,,,,297.89,29932518.0,87051386.443
1753504938551,04:42:18.551,mexc,AAVE/USDT:USDT,,,,,297.89,29932518.0,87051386.443
1753504940552,04:42:20.552,mexc,AAVE/USDT:USDT,,,,,297.89,29932518.0,87051386.443
1753504942554,04:42:22.554,mexc,AAVE/USDT:USDT,,,,,297.89,29932518.0,87051386.443
1753504946566,04:42:26.566,mexc,AAVE/USDT:USDT,,,,,297.93,29932822.0,87052292.1506
1753504946566,04:42:26.566,mexc,AAVE/USDT:USDT,,,,,297.93,29932822.0,87052292.1506
1753504946566,04:42:26.566,mexc,AAVE/USDT:USDT,,,,,297.93,29932822.0,87052292.1506
1753504952547,04:42:32.547,mexc,AAVE/USDT:USDT,,,,,297.93,29932822.0,87052292.1506
1753504954553,04:42:34.553,mexc,AAVE/USDT:USDT,,,,,297.9,29932889.0,87052491.7436
1753504956555,04:42:36.555,mexc,AAVE/USDT:USDT,,,,,297.9,29932889.0,87052491.7436
1753504960532,04:42:40.532,mexc,AAVE/USDT:USDT,,,,,297.9,29932889.0,87052491.7436
1753504960532,04:42:40.532,mexc,AAVE/USDT:USDT,,,,,297.9,29932889.0,87052491.7436
1753504964625,04:42:44.625,mexc,AAVE/USDT:USDT,,,,,297.87,29932938.0,87052637.6999
1753504966538,04:42:46.538,mexc,AAVE/USDT:USDT,,,,,297.87,29932938.0,87052637.6999
1753504966538,04:42:46.538,mexc,AAVE/USDT:USDT,,,,,297.87,29932938.0,87052637.6999
1753504966538,04:42:46.538,mexc,AAVE/USDT:USDT,,,,,297.87,29932938.0,87052637.6999
1753504966538,04:42:46.538,mexc,AAVE/USDT:USDT,,,,,297.87,29932938.0,87052637.6999
1753504976578,04:42:56.578,mexc,AAVE/USDT:USDT,,,,,297.91,29933038.0,87052935.6099
1753504976578,04:42:56.578,mexc,AAVE/USDT:USDT,,,,,297.91,29933038.0,87052935.6099
1753504976578,04:42:56.578,mexc,AAVE/USDT:USDT,,,,,297.91,29933038.0,87052935.6099
1753504982551,04:43:02.551,mexc,AAVE/USDT:USDT,,,,,297.91,29933038.0,87052935.6099
1753504982551,04:43:02.551,mexc,AAVE/USDT:USDT,,,,,297.91,29933038.0,87052935.6099
1753504988539,04:43:08.539,mexc,AAVE/USDT:USDT,,,,,297.88,29933392.0,87053990.1051
1753504990553,04:43:10.553,mexc,AAVE/USDT:USDT,,,,,297.89,29935301.0,87059676.5824
1753504990553,04:43:10.553,mexc,AAVE/USDT:USDT,,,,,297.89,29935301.0,87059676.5824
1753504990553,04:43:10.553,mexc,AAVE/USDT:USDT,,,,,297.89,29935301.0,87059676.5824
1753504990553,04:43:10.553,mexc,AAVE/USDT:USDT,,,,,297.89,29935301.0,87059676.5824
1753504990553,04:43:10.553,mexc,AAVE/USDT:USDT,,,,,297.89,29935301.0,87059676.5824
1753505002532,04:43:22.532,mexc,AAVE/USDT:USDT,,,,,297.89,29935368.0,87059876.1687
1753505002532,04:43:22.532,mexc,AAVE/USDT:USDT,,,,,297.89,29935368.0,87059876.1687
1753505006538,04:43:26.538,mexc,AAVE/USDT:USDT,,,,,297.88,29935692.0,87060841.2999
1753505008534,04:43:28.534,mexc,AAVE/USDT:USDT,,,,,297.88,29935692.0,87060841.2999
1753505008534,04:43:28.534,mexc,AAVE/USDT:USDT,,,,,297.88,29935692.0,87060841.2999
1753505008534,04:43:28.534,mexc,AAVE/USDT:USDT,,,,,297.88,29935692.0,87060841.2999
1753505016549,04:43:36.549,mexc,AAVE/USDT:USDT,,,,,297.93,29939275.0,87071516.0336
1753505018545,04:43:38.545,mexc,AAVE/USDT:USDT,,,,,297.93,29939275.0,87071516.0336
1753505018545,04:43:38.545,mexc,AAVE/USDT:USDT,,,,,297.93,29939275.0,87071516.0336
1753505018545,04:43:38.545,mexc,AAVE/USDT:USDT,,,,,297.93,29939275.0,87071516.0336
1753505018545,04:43:38.545,mexc,AAVE/USDT:USDT,,,,,297.93,29939275.0,87071516.0336
1753505018545,04:43:38.545,mexc,AAVE/USDT:USDT,,,,,297.93,29939275.0,87071516.0336
1753505030543,04:43:50.543,mexc,AAVE/USDT:USDT,,,,,297.93,29939280.0,87071530.9301
1753505030543,04:43:50.543,mexc,AAVE/USDT:USDT,,,,,297.93,29939280.0,87071530.9301
1753505034567,04:43:54.567,mexc,AAVE/USDT:USDT,,,,,297.93,29939280.0,87071530.9301
1753505036545,04:43:56.545,mexc,AAVE/USDT:USDT,,,,,297.9,29939384.0,87071840.7461
1753505036545,04:43:56.545,mexc,AAVE/USDT:USDT,,,,,297.9,29939384.0,87071840.7461
1753505040614,04:44:00.614,mexc,AAVE/USDT:USDT,,,,,297.9,29939384.0,87071840.7461
1753505044540,04:44:04.540,mexc,AAVE/USDT:USDT,,,,,297.93,29939650.0,87072633.1191
1753505046550,04:44:06.550,mexc,AAVE/USDT:USDT,,,,,297.93,29939650.0,87072633.1191
1753505046550,04:44:06.550,mexc,AAVE/USDT:USDT,,,,,297.93,29939650.0,87072633.1191
1753505050552,04:44:10.552,mexc,AAVE/USDT:USDT,,,,,297.93,29939650.0,87072633.1191
1753505052556,04:44:12.556,mexc,AAVE/USDT:USDT,,,,,297.93,29939650.0,87072633.1191
1753505054546,04:44:14.546,mexc,AAVE/USDT:USDT,,,,,297.9,29939654.0,87072645.0351
1753505056606,04:44:16.606,mexc,AAVE/USDT:USDT,,,,,297.9,29939654.0,87072645.0351
1753505056606,04:44:16.606,mexc,AAVE/USDT:USDT,,,,,297.9,29939654.0,87072645.0351
1753505056606,04:44:16.606,mexc,AAVE/USDT:USDT,,,,,297.9,29939654.0,87072645.0351
1753505056606,04:44:16.606,mexc,AAVE/USDT:USDT,,,,,297.9,29939654.0,87072645.0351
1753505056606,04:44:16.606,mexc,AAVE/USDT:USDT,,,,,297.9,29939654.0,87072645.0351
1753505068542,04:44:28.542,mexc,AAVE/USDT:USDT,,,,,297.91,29939659.0,87072659.9306
1753505068542,04:44:28.542,mexc,AAVE/USDT:USDT,,,,,297.91,29939659.0,87072659.9306
1753505068542,04:44:28.542,mexc,AAVE/USDT:USDT,,,,,297.91,29939659.0,87072659.9306
1753505068542,04:44:28.542,mexc,AAVE/USDT:USDT,,,,,297.91,29939659.0,87072659.9306
1753505068542,04:44:28.542,mexc,AAVE/USDT:USDT,,,,,297.91,29939659.0,87072659.9306
1753505080535,04:44:40.535,mexc,AAVE/USDT:USDT,,,,,297.91,29939739.0,87072898.2586
1753505080535,04:44:40.535,mexc,AAVE/USDT:USDT,,,,,297.91,29939739.0,87072898.2586
1753505080535,04:44:40.535,mexc,AAVE/USDT:USDT,,,,,297.91,29939739.0,87072898.2586
1753505088546,04:44:48.546,mexc,AAVE/USDT:USDT,,,,,297.9,29939770.0,87072990.6076
1753505088546,04:44:48.546,mexc,AAVE/USDT:USDT,,,,,297.9,29939770.0,87072990.6076
1753505092557,04:44:52.557,mexc,AAVE/USDT:USDT,,,,,297.9,29940105.0,87073988.5726
1753505094552,04:44:54.552,mexc,AAVE/USDT:USDT,,,,,297.9,29940105.0,87073988.5726
1753505094552,04:44:54.552,mexc,AAVE/USDT:USDT,,,,,297.9,29940105.0,87073988.5726
1753505094552,04:44:54.552,mexc,AAVE/USDT:USDT,,,,,297.9,29940105.0,87073988.5726
1753505102555,04:45:02.555,mexc,AAVE/USDT:USDT,,,,,297.98,29940110.0,87074003.4716
1753505104548,04:45:04.548,mexc,AAVE/USDT:USDT,,,,,297.98,29940110.0,87074003.4716
1753505104548,04:45:04.548,mexc,AAVE/USDT:USDT,,,,,297.98,29940110.0,87074003.4716
1753505108579,04:45:08.579,mexc,AAVE/USDT:USDT,,,,,297.93,29940285.0,87074524.8491
1753505108579,04:45:08.579,mexc,AAVE/USDT:USDT,,,,,297.93,29940285.0,87074524.8491
1753505108579,04:45:08.579,mexc,AAVE/USDT:USDT,,,,,297.93,29940285.0,87074524.8491
1753505116552,04:45:16.552,mexc,AAVE/USDT:USDT,,,,,297.91,29940291.0,87074542.7237
1753505118586,04:45:18.586,mexc,AAVE/USDT:USDT,,,,,297.91,29940291.0,87074542.7237
1753505120587,04:45:20.587,mexc,AAVE/USDT:USDT,,,,,297.91,29940307.0,87074590.3893
1753505120587,04:45:20.587,mexc,AAVE/USDT:USDT,,,,,297.91,29940307.0,87074590.3893
1753505120587,04:45:20.587,mexc,AAVE/USDT:USDT,,,,,297.91,29940307.0,87074590.3893
1753505120587,04:45:20.587,mexc,AAVE/USDT:USDT,,,,,297.91,29940307.0,87074590.3893
1753505130551,04:45:30.551,mexc,AAVE/USDT:USDT,,,,,297.91,29940312.0,87074605.2848
1753505130551,04:45:30.551,mexc,AAVE/USDT:USDT,,,,,297.91,29940312.0,87074605.2848
1753505130551,04:45:30.551,mexc,AAVE/USDT:USDT,,,,,297.91,29940312.0,87074605.2848
1753505136527,04:45:36.527,mexc,AAVE/USDT:USDT,,,,,297.91,29940315.0,87074614.2221
1753505136527,04:45:36.527,mexc,AAVE/USDT:USDT,,,,,297.91,29940315.0,87074614.2221
1753505136527,04:45:36.527,mexc,AAVE/USDT:USDT,,,,,297.91,29940315.0,87074614.2221
1753505136527,04:45:36.527,mexc,AAVE/USDT:USDT,,,,,297.91,29940315.0,87074614.2221
1753505136527,04:45:36.527,mexc,AAVE/USDT:USDT,,,,,297.91,29940315.0,87074614.2221
1753505136527,04:45:36.527,mexc,AAVE/USDT:USDT,,,,,297.91,29940315.0,87074614.2221
1753505150542,04:45:50.542,mexc,AAVE/USDT:USDT,,,,,297.91,29940315.0,87074614.2221
1753505152551,04:45:52.551,mexc,AAVE/USDT:USDT,,,,,297.87,29941467.0,87078045.6854
1753505152551,04:45:52.551,mexc,AAVE/USDT:USDT,,,,,297.87,29941467.0,87078045.6854
1753505158573,04:45:58.573,mexc,AAVE/USDT:USDT,,,,,297.86,29941967.0,87079534.9854
1753505158573,04:45:58.573,mexc,AAVE/USDT:USDT,,,,,297.86,29941967.0,87079534.9854
1753505158573,04:45:58.573,mexc,AAVE/USDT:USDT,,,,,297.86,29941967.0,87079534.9854
1753505164555,04:46:04.555,mexc,AAVE/USDT:USDT,,,,,297.88,29941972.0,87079549.8794
1753505166546,04:46:06.546,mexc,AAVE/USDT:USDT,,,,,297.88,29941976.0,87079561.7946
1753505166546,04:46:06.546,mexc,AAVE/USDT:USDT,,,,,297.88,29941976.0,87079561.7946
1753505172549,04:46:12.549,mexc,AAVE/USDT:USDT,,,,,297.87,29953552.0,87114043.2258
1753505174560,04:46:14.560,mexc,AAVE/USDT:USDT,,,,,297.87,29953552.0,87114043.2258
1753505174560,04:46:14.560,mexc,AAVE/USDT:USDT,,,,,297.87,29953552.0,87114043.2258
1753505174560,04:46:14.560,mexc,AAVE/USDT:USDT,,,,,297.87,29953552.0,87114043.2258
1753505174560,04:46:14.560,mexc,AAVE/USDT:USDT,,,,,297.87,29953552.0,87114043.2258
1753505174560,04:46:14.560,mexc,AAVE/USDT:USDT,,,,,297.87,29953552.0,87114043.2258
1753505174560,04:46:14.560,mexc,AAVE/USDT:USDT,,,,,297.87,29953552.0,87114043.2258
1753505188555,04:46:28.555,mexc,AAVE/USDT:USDT,,,,,297.91,29953581.0,87114129.6197
1753505188555,04:46:28.555,mexc,AAVE/USDT:USDT,,,,,297.91,29953581.0,87114129.6197
1753505188555,04:46:28.555,mexc,AAVE/USDT:USDT,,,,,297.91,29953581.0,87114129.6197
1753505194555,04:46:34.555,mexc,AAVE/USDT:USDT,,,,,297.92,29953587.0,87114147.4949
1753505196555,04:46:36.555,mexc,AAVE/USDT:USDT,,,,,297.92,29953587.0,87114147.4949
1753505200551,04:46:40.551,mexc,AAVE/USDT:USDT,,,,,297.88,29954241.0,87116095.6319
1753505202544,04:46:42.544,mexc,AAVE/USDT:USDT,,,,,297.88,29954241.0,87116095.6319
1753505202544,04:46:42.544,mexc,AAVE/USDT:USDT,,,,,297.88,29954241.0,87116095.6319
1753505206546,04:46:46.546,mexc,AAVE/USDT:USDT,,,,,297.88,29954241.0,87116095.6319
1753505206546,04:46:46.546,mexc,AAVE/USDT:USDT,,,,,297.88,29954241.0,87116095.6319
1753505210607,04:46:50.607,mexc,AAVE/USDT:USDT,,,,,297.88,29954241.0,87116095.6319
1753505214557,04:46:54.557,mexc,AAVE/USDT:USDT,,,,,297.84,29954248.0,87116116.4807
1753505216554,04:46:56.554,mexc,AAVE/USDT:USDT,,,,,297.8,29955492.0,87119821.1127
1753505216554,04:46:56.554,mexc,AAVE/USDT:USDT,,,,,297.8,29955492.0,87119821.1127
1753505220635,04:47:00.635,mexc,AAVE/USDT:USDT,,,,,297.8,29955492.0,87119821.1127
1753505222543,04:47:02.543,mexc,AAVE/USDT:USDT,,,,,297.8,29955492.0,87119821.1127
1753505222543,04:47:02.543,mexc,AAVE/USDT:USDT,,,,,297.8,29955492.0,87119821.1127
1753505228541,04:47:08.541,mexc,AAVE/USDT:USDT,,,,,297.7,29955493.0,87119824.0897
1753505230557,04:47:10.557,mexc,AAVE/USDT:USDT,,,,,297.7,29955618.0,87120196.2147
1753505232549,04:47:12.549,mexc,AAVE/USDT:USDT,,,,,297.69,29958618.0,87129126.9147
1753505232549,04:47:12.549,mexc,AAVE/USDT:USDT,,,,,297.69,29958618.0,87129126.9147
1753505236545,04:47:16.545,mexc,AAVE/USDT:USDT,,,,,297.63,29960682.0,87135269.9979
1753505238561,04:47:18.561,mexc,AAVE/USDT:USDT,,,,,297.63,29960682.0,87135269.9979
1753505242541,04:47:22.541,mexc,AAVE/USDT:USDT,,,,,297.63,29960682.0,87135269.9979
1753505244541,04:47:24.541,mexc,AAVE/USDT:USDT,,,,,297.59,29960686.0,87135281.9015
1753505246536,04:47:26.536,mexc,AAVE/USDT:USDT,,,,,297.59,29960686.0,87135281.9015
1753505248550,04:47:28.550,mexc,AAVE/USDT:USDT,,,,,297.59,29960686.0,87135281.9015
1753505250582,04:47:30.582,mexc,AAVE/USDT:USDT,,,,,297.59,29961086.0,87136472.2615
1753505252554,04:47:32.554,mexc,AAVE/USDT:USDT,,,,,297.59,29961086.0,87136472.2615
1753505256544,04:47:36.544,mexc,AAVE/USDT:USDT,,,,,297.67,29966762.0,87153368.0107
1753505258557,04:47:38.557,mexc,AAVE/USDT:USDT,,,,,297.67,29966762.0,87153368.0107
1753505260553,04:47:40.553,mexc,AAVE/USDT:USDT,,,,,297.67,29966762.0,87153368.0107
1753505262549,04:47:42.549,mexc,AAVE/USDT:USDT,,,,,297.67,29966762.0,87153368.0107
1753505264554,04:47:44.554,mexc,AAVE/USDT:USDT,,,,,297.67,29966762.0,87153368.0107
1753505266555,04:47:46.555,mexc,AAVE/USDT:USDT,,,,,297.67,29966762.0,87153368.0107
1753505270564,04:47:50.564,mexc,AAVE/USDT:USDT,,,,,297.8,29966766.0,87153379.9227
1753505272609,04:47:52.609,mexc,AAVE/USDT:USDT,,,,,297.74,29969799.0,87162412.1769
1753505274554,04:47:54.554,mexc,AAVE/USDT:USDT,,,,,297.74,29969799.0,87162412.1769
1753505274554,04:47:54.554,mexc,AAVE/USDT:USDT,,,,,297.74,29969799.0,87162412.1769
1753505274554,04:47:54.554,mexc,AAVE/USDT:USDT,,,,,297.74,29969799.0,87162412.1769
1753505274554,04:47:54.554,mexc,AAVE/USDT:USDT,,,,,297.74,29969799.0,87162412.1769
1753505284553,04:48:04.553,mexc,AAVE/USDT:USDT,,,,,297.67,29969803.0,87162424.0837
1753505286552,04:48:06.552,mexc,AAVE/USDT:USDT,,,,,297.67,29969803.0,87162424.0837
1753505288553,04:48:08.553,mexc,AAVE/USDT:USDT,,,,,297.66,29969809.0,87162441.9433
1753505288553,04:48:08.553,mexc,AAVE/USDT:USDT,,,,,297.66,29969809.0,87162441.9433
1753505292548,04:48:12.548,mexc,AAVE/USDT:USDT,,,,,297.66,29969809.0,87162441.9433
1753505292548,04:48:12.548,mexc,AAVE/USDT:USDT,,,,,297.66,29969809.0,87162441.9433
1753505298554,04:48:18.554,mexc,AAVE/USDT:USDT,,,,,297.65,29969811.0,87162447.8963
1753505298554,04:48:18.554,mexc,AAVE/USDT:USDT,,,,,297.65,29969811.0,87162447.8963
1753505302588,04:48:22.588,mexc,AAVE/USDT:USDT,,,,,297.65,29969811.0,87162447.8963
1753505304547,04:48:24.547,mexc,AAVE/USDT:USDT,,,,,297.64,29971763.0,87168257.8291
1753505304547,04:48:24.547,mexc,AAVE/USDT:USDT,,,,,297.64,29971763.0,87168257.8291
1753505308540,04:48:28.540,mexc,AAVE/USDT:USDT,,,,,297.64,29972013.0,87169001.9291
1753505312552,04:48:32.552,mexc,AAVE/USDT:USDT,,,,,297.59,29972046.0,87169100.1338
1753505314548,04:48:34.548,mexc,AAVE/USDT:USDT,,,,,297.59,29972046.0,87169100.1338
1753505316552,04:48:36.552,mexc,AAVE/USDT:USDT,,,,,297.56,29972048.0,87169106.085
1753505318553,04:48:38.553,mexc,AAVE/USDT:USDT,,,,,297.55,29972060.0,87169141.791
1753505320545,04:48:40.545,mexc,AAVE/USDT:USDT,,,,,297.55,29972060.0,87169141.791
1753505320545,04:48:40.545,mexc,AAVE/USDT:USDT,,,,,297.55,29972060.0,87169141.791
1753505326542,04:48:46.542,mexc,AAVE/USDT:USDT,,,,,297.55,29972060.0,87169141.791
1753505328551,04:48:48.551,mexc,AAVE/USDT:USDT,,,,,297.55,29972060.0,87169141.791
1753505330549,04:48:50.549,mexc,AAVE/USDT:USDT,,,,,297.61,29972063.0,87169150.7193
1753505332614,04:48:52.614,mexc,AAVE/USDT:USDT,,,,,297.61,29972063.0,87169150.7193
1753505334545,04:48:54.545,mexc,AAVE/USDT:USDT,,,,,297.62,29972085.0,87169216.1957
1753505334545,04:48:54.545,mexc,AAVE/USDT:USDT,,,,,297.62,29972085.0,87169216.1957
1753505334545,04:48:54.545,mexc,AAVE/USDT:USDT,,,,,297.62,29972085.0,87169216.1957
1753505342554,04:49:02.554,mexc,AAVE/USDT:USDT,,,,,297.62,29972085.0,87169216.1957
1753505342554,04:49:02.554,mexc,AAVE/USDT:USDT,,,,,297.62,29972085.0,87169216.1957
1753505342554,04:49:02.554,mexc,AAVE/USDT:USDT,,,,,297.62,29972085.0,87169216.1957
1753505348547,04:49:08.547,mexc,AAVE/USDT:USDT,,,,,297.59,29972090.0,87169231.0752
1753505350546,04:49:10.546,mexc,AAVE/USDT:USDT,,,,,297.59,29972090.0,87169231.0752
1753505350546,04:49:10.546,mexc,AAVE/USDT:USDT,,,,,297.59,29972090.0,87169231.0752
1753505356546,04:49:16.546,mexc,AAVE/USDT:USDT,,,,,297.59,29972090.0,87169231.0752
1753505358545,04:49:18.545,mexc,AAVE/USDT:USDT,,,,,297.53,29972094.0,87169242.9764
1753505360547,04:49:20.547,mexc,AAVE/USDT:USDT,,,,,297.53,29972094.0,87169242.9764
1753505362549,04:49:22.549,mexc,AAVE/USDT:USDT,,,,,297.53,29972094.0,87169242.9764
1753505364610,04:49:24.610,mexc,AAVE/USDT:USDT,,,,,297.52,29972096.0,87169248.9268
1753505364610,04:49:24.610,mexc,AAVE/USDT:USDT,,,,,297.52,29972096.0,87169248.9268
1753505364610,04:49:24.610,mexc,AAVE/USDT:USDT,,,,,297.52,29972096.0,87169248.9268
1753505372537,04:49:32.537,mexc,AAVE/USDT:USDT,,,,,297.52,29972098.0,87169254.8772
1753505372537,04:49:32.537,mexc,AAVE/USDT:USDT,,,,,297.52,29972098.0,87169254.8772
1753505372537,04:49:32.537,mexc,AAVE/USDT:USDT,,,,,297.52,29972098.0,87169254.8772
1753505372537,04:49:32.537,mexc,AAVE/USDT:USDT,,,,,297.52,29972098.0,87169254.8772
1753505372537,04:49:32.537,mexc,AAVE/USDT:USDT,,,,,297.52,29972098.0,87169254.8772
1753505384550,04:49:44.550,mexc,AAVE/USDT:USDT,,,,,297.54,29972100.0,87169260.828
1753505386558,04:49:46.558,mexc,AAVE/USDT:USDT,,,,,297.5,29972600.0,87170748.328
1753505386558,04:49:46.558,mexc,AAVE/USDT:USDT,,,,,297.5,29972600.0,87170748.328
1753505386558,04:49:46.558,mexc,AAVE/USDT:USDT,,,,,297.5,29972600.0,87170748.328
1753505392549,04:49:52.549,mexc,AAVE/USDT:USDT,,,,,297.49,29974698.0,87176989.6682
1753505392549,04:49:52.549,mexc,AAVE/USDT:USDT,,,,,297.49,29974698.0,87176989.6682
1753505392549,04:49:52.549,mexc,AAVE/USDT:USDT,,,,,297.49,29974698.0,87176989.6682
1753505392549,04:49:52.549,mexc,AAVE/USDT:USDT,,,,,297.49,29974698.0,87176989.6682
1753505402559,04:50:02.559,mexc,AAVE/USDT:USDT,,,,,297.49,29974698.0,87176989.6682
1753505402559,04:50:02.559,mexc,AAVE/USDT:USDT,,,,,297.49,29974698.0,87176989.6682
1753505402559,04:50:02.559,mexc,AAVE/USDT:USDT,,,,,297.49,29974698.0,87176989.6682
1753505412550,04:50:12.550,mexc,AAVE/USDT:USDT,,,,,297.5,29975369.0,87178985.8932
1753505412550,04:50:12.550,mexc,AAVE/USDT:USDT,,,,,297.5,29975369.0,87178985.8932
1753505412550,04:50:12.550,mexc,AAVE/USDT:USDT,,,,,297.5,29975369.0,87178985.8932
1753505418550,04:50:18.550,mexc,AAVE/USDT:USDT,,,,,297.5,29975369.0,87178985.8932
1753505420549,04:50:20.549,mexc,AAVE/USDT:USDT,,,,,297.5,29975402.0,87179084.0682
1753505420549,04:50:20.549,mexc,AAVE/USDT:USDT,,,,,297.5,29975402.0,87179084.0682
1753505426569,04:50:26.569,mexc,AAVE/USDT:USDT,,,,,297.47,29975846.0,87180404.835
1753505426569,04:50:26.569,mexc,AAVE/USDT:USDT,,,,,297.47,29975846.0,87180404.835
1753505426569,04:50:26.569,mexc,AAVE/USDT:USDT,,,,,297.47,29975846.0,87180404.835
1753505432547,04:50:32.547,mexc,AAVE/USDT:USDT,,,,,297.45,29975850.0,87180416.733
1753505434553,04:50:34.553,mexc,AAVE/USDT:USDT,,,,,297.45,29975850.0,87180416.733
1753505434553,04:50:34.553,mexc,AAVE/USDT:USDT,,,,,297.45,29975850.0,87180416.733
1753505440543,04:50:40.543,mexc,AAVE/USDT:USDT,,,,,297.41,29977352.0,87184883.9564
1753505442547,04:50:42.547,mexc,AAVE/USDT:USDT,,,,,297.41,29977374.0,87184949.3866
1753505442547,04:50:42.547,mexc,AAVE/USDT:USDT,,,,,297.41,29977374.0,87184949.3866
1753505442547,04:50:42.547,mexc,AAVE/USDT:USDT,,,,,297.41,29977374.0,87184949.3866
1753505442547,04:50:42.547,mexc,AAVE/USDT:USDT,,,,,297.41,29977374.0,87184949.3866
1753505450551,04:50:50.551,mexc,AAVE/USDT:USDT,,,,,297.41,29977374.0,87184949.3866
1753505454534,04:50:54.534,mexc,AAVE/USDT:USDT,,,,,297.42,29977376.0,87184955.335
1753505454534,04:50:54.534,mexc,AAVE/USDT:USDT,,,,,297.42,29977376.0,87184955.335
1753505458558,04:50:58.558,mexc,AAVE/USDT:USDT,,,,,297.42,29977376.0,87184955.335
1753505458558,04:50:58.558,mexc,AAVE/USDT:USDT,,,,,297.42,29977376.0,87184955.335
1753505458558,04:50:58.558,mexc,AAVE/USDT:USDT,,,,,297.42,29977376.0,87184955.335
1753505464541,04:51:04.541,mexc,AAVE/USDT:USDT,,,,,297.42,29977376.0,87184955.335
1753505468553,04:51:08.553,mexc,AAVE/USDT:USDT,,,,,297.28,29977379.0,87184964.2534
1753505468553,04:51:08.553,mexc,AAVE/USDT:USDT,,,,,297.28,29977379.0,87184964.2534
1753505468553,04:51:08.553,mexc,AAVE/USDT:USDT,,,,,297.28,29977379.0,87184964.2534
1753505474562,04:51:14.562,mexc,AAVE/USDT:USDT,,,,,297.27,29979508.0,87191293.1317
1753505474562,04:51:14.562,mexc,AAVE/USDT:USDT,,,,,297.27,29979508.0,87191293.1317
1753505478547,04:51:18.547,mexc,AAVE/USDT:USDT,,,,,297.26,29979764.0,87192054.1425
1753505482544,04:51:22.544,mexc,AAVE/USDT:USDT,,,,,297.26,29979764.0,87192054.1425
1753505484537,04:51:24.537,mexc,AAVE/USDT:USDT,,,,,297.37,29980264.0,87193540.9925
1753505486616,04:51:26.616,mexc,AAVE/USDT:USDT,,,,,297.37,29980264.0,87193540.9925
1753505488545,04:51:28.545,mexc,AAVE/USDT:USDT,,,,,297.37,29980264.0,87193540.9925
1753505490562,04:51:30.562,mexc,AAVE/USDT:USDT,,,,,297.59,29980268.0,87193552.8961
1753505492563,04:51:32.563,mexc,AAVE/USDT:USDT,,,,,297.59,29980268.0,87193552.8961
1753505496555,04:51:36.555,mexc,AAVE/USDT:USDT,,,,,297.59,29980268.0,87193552.8961
1753505496555,04:51:36.555,mexc,AAVE/USDT:USDT,,,,,297.59,29980268.0,87193552.8961
1753505500551,04:51:40.551,mexc,AAVE/USDT:USDT,,,,,297.6,29980880.0,87195374.2081
1753505500551,04:51:40.551,mexc,AAVE/USDT:USDT,,,,,297.6,29980880.0,87195374.2081
1753505504556,04:51:44.556,mexc,AAVE/USDT:USDT,,,,,297.61,29983672.0,87203684.0121
1753505504556,04:51:44.556,mexc,AAVE/USDT:USDT,,,,,297.61,29983672.0,87203684.0121
1753505510545,04:51:50.545,mexc,AAVE/USDT:USDT,,,,,297.61,29983672.0,87203684.0121
1753505512537,04:51:52.537,mexc,AAVE/USDT:USDT,,,,,297.61,29983672.0,87203684.0121
1753505514544,04:51:54.544,mexc,AAVE/USDT:USDT,,,,,297.66,29983674.0,87203689.9653
1753505516550,04:51:56.550,mexc,AAVE/USDT:USDT,,,,,297.66,29983674.0,87203689.9653
1753505518621,04:51:58.621,mexc,AAVE/USDT:USDT,,,,,297.66,29983674.0,87203689.9653
1753505518621,04:51:58.621,mexc,AAVE/USDT:USDT,,,,,297.66,29983674.0,87203689.9653
1753505524540,04:52:04.540,mexc,AAVE/USDT:USDT,,,,,297.73,29983753.0,87203925.172
1753505526557,04:52:06.557,mexc,AAVE/USDT:USDT,,,,,297.73,29983753.0,87203925.172
1753505528546,04:52:08.546,mexc,AAVE/USDT:USDT,,,,,297.73,29983753.0,87203925.172
1753505530554,04:52:10.554,mexc,AAVE/USDT:USDT,,,,,297.73,29983753.0,87203925.172
1753505532555,04:52:12.555,mexc,AAVE/USDT:USDT,,,,,297.73,29983753.0,87203925.172
1753505534549,04:52:14.549,mexc,AAVE/USDT:USDT,,,,,297.73,29983753.0,87203925.172
1753505538557,04:52:18.557,mexc,AAVE/USDT:USDT,,,,,297.68,29983758.0,87203940.056
1753505540544,04:52:20.544,mexc,AAVE/USDT:USDT,,,,,297.67,29984561.0,87206330.3461
1753505540544,04:52:20.544,mexc,AAVE/USDT:USDT,,,,,297.67,29984561.0,87206330.3461
1753505540544,04:52:20.544,mexc,AAVE/USDT:USDT,,,,,297.67,29984561.0,87206330.3461
1753505546579,04:52:26.579,mexc,AAVE/USDT:USDT,,,,,297.68,29984690.0,87206714.3533
1753505548612,04:52:28.612,mexc,AAVE/USDT:USDT,,,,,297.68,29984760.0,87206922.7293
1753505552548,04:52:32.548,mexc,AAVE/USDT:USDT,,,,,297.67,29984845.0,87207175.7488
1753505554553,04:52:34.553,mexc,AAVE/USDT:USDT,,,,,297.63,29985045.0,87207771.0088
1753505554553,04:52:34.553,mexc,AAVE/USDT:USDT,,,,,297.63,29985045.0,87207771.0088
1753505554553,04:52:34.553,mexc,AAVE/USDT:USDT,,,,,297.63,29985045.0,87207771.0088
1753505560525,04:52:40.525,mexc,AAVE/USDT:USDT,,,,,297.63,29985045.0,87207771.0088
1753505562544,04:52:42.544,mexc,AAVE/USDT:USDT,,,,,297.66,29985047.0,87207776.962
1753505566539,04:52:46.539,mexc,AAVE/USDT:USDT,,,,,297.66,29985047.0,87207776.962
1753505566539,04:52:46.539,mexc,AAVE/USDT:USDT,,,,,297.66,29985047.0,87207776.962
1753505570552,04:52:50.552,mexc,AAVE/USDT:USDT,,,,,297.55,29985547.0,87209264.712
1753505572527,04:52:52.527,mexc,AAVE/USDT:USDT,,,,,297.55,29985547.0,87209264.712
1753505574554,04:52:54.554,mexc,AAVE/USDT:USDT,,,,,297.55,29985847.0,87210157.362
1753505574554,04:52:54.554,mexc,AAVE/USDT:USDT,,,,,297.55,29985847.0,87210157.362
1753505574554,04:52:54.554,mexc,AAVE/USDT:USDT,,,,,297.55,29985847.0,87210157.362
1753505582535,04:53:02.535,mexc,AAVE/USDT:USDT,,,,,297.55,29985847.0,87210157.362
1753505582535,04:53:02.535,mexc,AAVE/USDT:USDT,,,,,297.55,29985847.0,87210157.362
1753505582535,04:53:02.535,mexc,AAVE/USDT:USDT,,,,,297.55,29985847.0,87210157.362
1753505588539,04:53:08.539,mexc,AAVE/USDT:USDT,,,,,297.56,29985852.0,87210172.24
1753505590527,04:53:10.527,mexc,AAVE/USDT:USDT,,,,,297.56,29985852.0,87210172.24
1753505590527,04:53:10.527,mexc,AAVE/USDT:USDT,,,,,297.56,29985852.0,87210172.24
1753505590527,04:53:10.527,mexc,AAVE/USDT:USDT,,,,,297.56,29985852.0,87210172.24
1753505590527,04:53:10.527,mexc,AAVE/USDT:USDT,,,,,297.56,29985852.0,87210172.24
1753505590527,04:53:10.527,mexc,AAVE/USDT:USDT,,,,,297.56,29985852.0,87210172.24
1753505590527,04:53:10.527,mexc,AAVE/USDT:USDT,,,,,297.56,29985852.0,87210172.24
1753505604542,04:53:24.542,mexc,AAVE/USDT:USDT,,,,,297.53,29985856.0,87210184.1412
1753505604542,04:53:24.542,mexc,AAVE/USDT:USDT,,,,,297.53,29985856.0,87210184.1412
1753505604542,04:53:24.542,mexc,AAVE/USDT:USDT,,,,,297.53,29985856.0,87210184.1412
1753505604542,04:53:24.542,mexc,AAVE/USDT:USDT,,,,,297.53,29985856.0,87210184.1412
1753505604542,04:53:24.542,mexc,AAVE/USDT:USDT,,,,,297.53,29985856.0,87210184.1412
1753505604542,04:53:24.542,mexc,AAVE/USDT:USDT,,,,,297.53,29985856.0,87210184.1412
1753505618526,04:53:38.526,mexc,AAVE/USDT:USDT,,,,,297.53,29985861.0,87210199.0177
1753505618526,04:53:38.526,mexc,AAVE/USDT:USDT,,,,,297.53,29985861.0,87210199.0177
1753505624552,04:53:44.552,mexc,AAVE/USDT:USDT,,,,,297.53,29985865.0,87210210.9189
1753505626547,04:53:46.547,mexc,AAVE/USDT:USDT,,,,,297.59,29986889.0,87213258.2405
1753505628532,04:53:48.532,mexc,AAVE/USDT:USDT,,,,,297.59,29986889.0,87213258.2405
1753505630556,04:53:50.556,mexc,AAVE/USDT:USDT,,,,,297.59,29986889.0,87213258.2405
1753505630556,04:53:50.556,mexc,AAVE/USDT:USDT,,,,,297.59,29986889.0,87213258.2405
1753505634552,04:53:54.552,mexc,AAVE/USDT:USDT,,,,,297.63,29987389.0,87214746.3905
1753505638568,04:53:58.568,mexc,AAVE/USDT:USDT,,,,,297.63,29987725.0,87215746.4273
1753505638568,04:53:58.568,mexc,AAVE/USDT:USDT,,,,,297.63,29987725.0,87215746.4273
1753505642551,04:54:02.551,mexc,AAVE/USDT:USDT,,,,,297.63,29987725.0,87215746.4273
1753505642551,04:54:02.551,mexc,AAVE/USDT:USDT,,,,,297.63,29987725.0,87215746.4273
1753505642551,04:54:02.551,mexc,AAVE/USDT:USDT,,,,,297.63,29987725.0,87215746.4273
1753505648545,04:54:08.545,mexc,AAVE/USDT:USDT,,,,,297.69,29988272.0,87217374.7916
1753505648545,04:54:08.545,mexc,AAVE/USDT:USDT,,,,,297.69,29988272.0,87217374.7916
1753505654538,04:54:14.538,mexc,AAVE/USDT:USDT,,,,,297.69,29988272.0,87217374.7916
1753505654538,04:54:14.538,mexc,AAVE/USDT:USDT,,,,,297.69,29988272.0,87217374.7916
1753505658545,04:54:18.545,mexc,AAVE/USDT:USDT,,,,,297.65,29988357.0,87217627.7941
1753505660546,04:54:20.546,mexc,AAVE/USDT:USDT,,,,,297.65,29988357.0,87217627.7941
1753505660546,04:54:20.546,mexc,AAVE/USDT:USDT,,,,,297.65,29988357.0,87217627.7941
1753505666564,04:54:26.564,mexc,AAVE/USDT:USDT,,,,,297.62,30003427.0,87262481.1795
1753505668556,04:54:28.556,mexc,AAVE/USDT:USDT,,,,,297.62,30003427.0,87262481.1795
1753505668556,04:54:28.556,mexc,AAVE/USDT:USDT,,,,,297.62,30003427.0,87262481.1795
1753505668556,04:54:28.556,mexc,AAVE/USDT:USDT,,,,,297.62,30003427.0,87262481.1795
1753505668556,04:54:28.556,mexc,AAVE/USDT:USDT,,,,,297.62,30003427.0,87262481.1795
1753505676556,04:54:36.556,mexc,AAVE/USDT:USDT,,,,,297.62,30003427.0,87262481.1795
1753505680548,04:54:40.548,mexc,AAVE/USDT:USDT,,,,,297.61,30003428.0,87262484.1556
1753505680548,04:54:40.548,mexc,AAVE/USDT:USDT,,,,,297.61,30003428.0,87262484.1556
1753505680548,04:54:40.548,mexc,AAVE/USDT:USDT,,,,,297.61,30003428.0,87262484.1556
1753505680548,04:54:40.548,mexc,AAVE/USDT:USDT,,,,,297.61,30003428.0,87262484.1556
1753505688551,04:54:48.551,mexc,AAVE/USDT:USDT,,,,,297.61,30003428.0,87262484.1556
1753505688551,04:54:48.551,mexc,AAVE/USDT:USDT,,,,,297.61,30003428.0,87262484.1556
1753505694541,04:54:54.541,mexc,AAVE/USDT:USDT,,,,,297.71,30003434.0,87262502.0182
1753505694541,04:54:54.541,mexc,AAVE/USDT:USDT,,,,,297.71,30003434.0,87262502.0182
1753505698579,04:54:58.579,mexc,AAVE/USDT:USDT,,,,,297.71,30003434.0,87262502.0182
1753505700716,04:55:00.716,mexc,AAVE/USDT:USDT,,,,,297.71,30003434.0,87262502.0182
1753505702611,04:55:02.611,mexc,AAVE/USDT:USDT,,,,,297.71,30003434.0,87262502.0182
1753505704540,04:55:04.540,mexc,AAVE/USDT:USDT,,,,,297.71,30003434.0,87262502.0182
1753505708548,04:55:08.548,mexc,AAVE/USDT:USDT,,,,,297.7,30003439.0,87262516.9032
1753505708548,04:55:08.548,mexc,AAVE/USDT:USDT,,,,,297.7,30003439.0,87262516.9032
1753505712557,04:55:12.557,mexc,AAVE/USDT:USDT,,,,,297.7,30003439.0,87262516.9032
1753505714554,04:55:14.554,mexc,AAVE/USDT:USDT,,,,,297.7,30003439.0,87262516.9032
1753505716546,04:55:16.546,mexc,AAVE/USDT:USDT,,,,,297.7,30003439.0,87262516.9032
1753505716546,04:55:16.546,mexc,AAVE/USDT:USDT,,,,,297.7,30003439.0,87262516.9032
1753505722534,04:55:22.534,mexc,AAVE/USDT:USDT,,,,,297.71,30003443.0,87262528.8116
1753505724552,04:55:24.552,mexc,AAVE/USDT:USDT,,,,,297.71,30003443.0,87262528.8116
1753505726544,04:55:26.544,mexc,AAVE/USDT:USDT,,,,,297.71,30003443.0,87262528.8116
1753505728544,04:55:28.544,mexc,AAVE/USDT:USDT,,,,,297.71,30003443.0,87262528.8116
1753505730534,04:55:30.534,mexc,AAVE/USDT:USDT,,,,,297.71,30003443.0,87262528.8116
1753505730534,04:55:30.534,mexc,AAVE/USDT:USDT,,,,,297.71,30003443.0,87262528.8116
1753505736553,04:55:36.553,mexc,AAVE/USDT:USDT,,,,,297.74,30003448.0,87262543.6986
1753505736553,04:55:36.553,mexc,AAVE/USDT:USDT,,,,,297.74,30003448.0,87262543.6986
1753505740549,04:55:40.549,mexc,AAVE/USDT:USDT,,,,,297.74,30003448.0,87262543.6986
1753505742551,04:55:42.551,mexc,AAVE/USDT:USDT,,,,,297.79,30003452.0,87262555.6102
1753505744547,04:55:44.547,mexc,AAVE/USDT:USDT,,,,,297.79,30003452.0,87262555.6102
1753505746551,04:55:46.551,mexc,AAVE/USDT:USDT,,,,,297.79,30003452.0,87262555.6102
1753505750552,04:55:50.552,mexc,AAVE/USDT:USDT,,,,,297.77,30003458.0,87262573.4764
1753505752552,04:55:52.552,mexc,AAVE/USDT:USDT,,,,,297.77,30003458.0,87262573.4764
1753505754555,04:55:54.555,mexc,AAVE/USDT:USDT,,,,,297.77,30003458.0,87262573.4764
1753505756549,04:55:56.549,mexc,AAVE/USDT:USDT,,,,,297.77,30003458.0,87262573.4764
1753505756549,04:55:56.549,mexc,AAVE/USDT:USDT,,,,,297.77,30003458.0,87262573.4764
1753505760642,04:56:00.642,mexc,AAVE/USDT:USDT,,,,,297.81,30003462.0,87262585.3888
1753505764635,04:56:04.635,mexc,AAVE/USDT:USDT,,,,,297.81,30003462.0,87262585.3888
1753505764635,04:56:04.635,mexc,AAVE/USDT:USDT,,,,,297.81,30003462.0,87262585.3888
1753505768543,04:56:08.543,mexc,AAVE/USDT:USDT,,,,,297.83,30003466.0,87262597.302
1753505768543,04:56:08.543,mexc,AAVE/USDT:USDT,,,,,297.83,30003466.0,87262597.302
1753505772549,04:56:12.549,mexc,AAVE/USDT:USDT,,,,,297.84,30003816.0,87263639.742
1753505772549,04:56:12.549,mexc,AAVE/USDT:USDT,,,,,297.84,30003816.0,87263639.742
1753505778552,04:56:18.552,mexc,AAVE/USDT:USDT,,,,,297.87,30006217.0,87270791.6007
1753505778552,04:56:18.552,mexc,AAVE/USDT:USDT,,,,,297.87,30006217.0,87270791.6007
1753505778552,04:56:18.552,mexc,AAVE/USDT:USDT,,,,,297.87,30006217.0,87270791.6007
1753505784536,04:56:24.536,mexc,AAVE/USDT:USDT,,,,,297.88,30006223.0,87270809.4735
1753505786567,04:56:26.567,mexc,AAVE/USDT:USDT,,,,,297.88,30006223.0,87270809.4735
1753505788543,04:56:28.543,mexc,AAVE/USDT:USDT,,,,,297.88,30006223.0,87270809.4735
1753505792550,04:56:32.550,mexc,AAVE/USDT:USDT,,,,,297.88,30006223.0,87270809.4735
1753505792550,04:56:32.550,mexc,AAVE/USDT:USDT,,,,,297.88,30006223.0,87270809.4735
1753505796550,04:56:36.550,mexc,AAVE/USDT:USDT,,,,,297.79,30006273.0,87270958.3685
1753505796550,04:56:36.550,mexc,AAVE/USDT:USDT,,,,,297.79,30006273.0,87270958.3685
1753505796550,04:56:36.550,mexc,AAVE/USDT:USDT,,,,,297.79,30006273.0,87270958.3685
1753505796550,04:56:36.550,mexc,AAVE/USDT:USDT,,,,,297.79,30006273.0,87270958.3685
1753505796550,04:56:36.550,mexc,AAVE/USDT:USDT,,,,,297.79,30006273.0,87270958.3685
1753505796550,04:56:36.550,mexc,AAVE/USDT:USDT,,,,,297.79,30006273.0,87270958.3685
1753505810549,04:56:50.549,mexc,AAVE/USDT:USDT,,,,,297.79,30006278.0,87270973.258
1753505812547,04:56:52.547,mexc,AAVE/USDT:USDT,,,,,297.79,30006278.0,87270973.258
1753505814560,04:56:54.560,mexc,AAVE/USDT:USDT,,,,,297.79,30006278.0,87270973.258
1753505816554,04:56:56.554,mexc,AAVE/USDT:USDT,,,,,297.81,30006528.0,87271717.783
1753505820677,04:57:00.677,mexc,AAVE/USDT:USDT,,,,,297.81,30006528.0,87271717.783
1753505822550,04:57:02.550,mexc,AAVE/USDT:USDT,,,,,297.81,30006528.0,87271717.783
1753505824631,04:57:04.631,mexc,AAVE/USDT:USDT,,,,,297.77,30006859.0,87272703.4017
1753505826549,04:57:06.549,mexc,AAVE/USDT:USDT,,,,,297.77,30006859.0,87272703.4017
1753505828540,04:57:08.540,mexc,AAVE/USDT:USDT,,,,,297.76,30007209.0,87273745.5617
1753505830544,04:57:10.544,mexc,AAVE/USDT:USDT,,,,,297.76,30007209.0,87273745.5617
1753505834548,04:57:14.548,mexc,AAVE/USDT:USDT,,,,,297.76,30007209.0,87273745.5617
1753505834548,04:57:14.548,mexc,AAVE/USDT:USDT,,,,,297.76,30007209.0,87273745.5617
1753505838547,04:57:18.547,mexc,AAVE/USDT:USDT,,,,,297.76,30007209.0,87273745.5617
1753505840555,04:57:20.555,mexc,AAVE/USDT:USDT,,,,,297.68,30007316.0,87274064.0793
1753505840555,04:57:20.555,mexc,AAVE/USDT:USDT,,,,,297.68,30007316.0,87274064.0793
1753505840555,04:57:20.555,mexc,AAVE/USDT:USDT,,,,,297.68,30007316.0,87274064.0793
1753505840555,04:57:20.555,mexc,AAVE/USDT:USDT,,,,,297.68,30007316.0,87274064.0793
1753505840555,04:57:20.555,mexc,AAVE/USDT:USDT,,,,,297.68,30007316.0,87274064.0793
1753505852541,04:57:32.541,mexc,AAVE/USDT:USDT,,,,,297.67,30007337.0,87274126.59
1753505852541,04:57:32.541,mexc,AAVE/USDT:USDT,,,,,297.67,30007337.0,87274126.59
1753505852541,04:57:32.541,mexc,AAVE/USDT:USDT,,,,,297.67,30007337.0,87274126.59
1753505858547,04:57:38.547,mexc,AAVE/USDT:USDT,,,,,297.67,30013408.0,87292198.1357
1753505858547,04:57:38.547,mexc,AAVE/USDT:USDT,,,,,297.67,30013408.0,87292198.1357
1753505864533,04:57:44.533,mexc,AAVE/USDT:USDT,,,,,297.67,30013408.0,87292198.1357
1753505864533,04:57:44.533,mexc,AAVE/USDT:USDT,,,,,297.67,30013408.0,87292198.1357
1753505864533,04:57:44.533,mexc,AAVE/USDT:USDT,,,,,297.67,30013408.0,87292198.1357
1753505864533,04:57:44.533,mexc,AAVE/USDT:USDT,,,,,297.67,30013408.0,87292198.1357
1753505872540,04:57:52.540,mexc,AAVE/USDT:USDT,,,,,297.67,30013413.0,87292213.0192
1753505876548,04:57:56.548,mexc,AAVE/USDT:USDT,,,,,297.67,30013413.0,87292213.0192
1753505878569,04:57:58.569,mexc,AAVE/USDT:USDT,,,,,297.67,30016551.0,87301553.9038
1753505880597,04:58:00.597,mexc,AAVE/USDT:USDT,,,,,297.67,30016551.0,87301553.9038
1753505880597,04:58:00.597,mexc,AAVE/USDT:USDT,,,,,297.67,30016551.0,87301553.9038
1753505884565,04:58:04.565,mexc,AAVE/USDT:USDT,,,,,297.67,30016551.0,87301553.9038
1753505886616,04:58:06.616,mexc,AAVE/USDT:USDT,,,,,297.67,30016551.0,87301553.9038
1753505890554,04:58:10.554,mexc,AAVE/USDT:USDT,,,,,297.67,30016551.0,87301553.9038
1753505892554,04:58:12.554,mexc,AAVE/USDT:USDT,,,,,297.74,30016555.0,87301565.8134
1753505894555,04:58:14.555,mexc,AAVE/USDT:USDT,,,,,297.74,30016555.0,87301565.8134
1753505896550,04:58:16.550,mexc,AAVE/USDT:USDT,,,,,297.74,30016555.0,87301565.8134
1753505896550,04:58:16.550,mexc,AAVE/USDT:USDT,,,,,297.74,30016555.0,87301565.8134
1753505896550,04:58:16.550,mexc,AAVE/USDT:USDT,,,,,297.74,30016555.0,87301565.8134
1753505904566,04:58:24.566,mexc,AAVE/USDT:USDT,,,,,297.74,30016555.0,87301565.8134
1753505906561,04:58:26.561,mexc,AAVE/USDT:USDT,,,,,297.74,30016555.0,87301565.8134
1753505908552,04:58:28.552,mexc,AAVE/USDT:USDT,,,,,297.76,30016557.0,87301571.7686
1753505910555,04:58:30.555,mexc,AAVE/USDT:USDT,,,,,297.76,30016557.0,87301571.7686
1753505910555,04:58:30.555,mexc,AAVE/USDT:USDT,,,,,297.76,30016557.0,87301571.7686
1753505914594,04:58:34.594,mexc,AAVE/USDT:USDT,,,,,297.76,30016557.0,87301571.7686
1753505918553,04:58:38.553,mexc,AAVE/USDT:USDT,,,,,297.78,30016563.0,87301589.6354
1753505918553,04:58:38.553,mexc,AAVE/USDT:USDT,,,,,297.78,30016563.0,87301589.6354
1753505922555,04:58:42.555,mexc,AAVE/USDT:USDT,,,,,297.84,30019563.0,87310524.8354
1753505924558,04:58:44.558,mexc,AAVE/USDT:USDT,,,,,297.83,30019963.0,87311716.1904
1753505924558,04:58:44.558,mexc,AAVE/USDT:USDT,,,,,297.83,30019963.0,87311716.1904
1753505928552,04:58:48.552,mexc,AAVE/USDT:USDT,,,,,297.83,30019963.0,87311716.1904
1753505932538,04:58:52.538,mexc,AAVE/USDT:USDT,,,,,297.83,30019963.0,87311716.1904
1753505934583,04:58:54.583,mexc,AAVE/USDT:USDT,,,,,297.87,30019970.0,87311737.0413
1753505936549,04:58:56.549,mexc,AAVE/USDT:USDT,,,,,297.87,30019970.0,87311737.0413
1753505938594,04:58:58.594,mexc,AAVE/USDT:USDT,,,,,297.89,30019972.0,87311742.9991
1753505940575,04:59:00.575,mexc,AAVE/USDT:USDT,,,,,297.89,30019972.0,87311742.9991
1753505942553,04:59:02.553,mexc,AAVE/USDT:USDT,,,,,297.91,30020944.0,87314638.6843
1753505946547,04:59:06.547,mexc,AAVE/USDT:USDT,,,,,297.91,30020944.0,87314638.6843
1753505946547,04:59:06.547,mexc,AAVE/USDT:USDT,,,,,297.91,30020944.0,87314638.6843
1753505950555,04:59:10.555,mexc,AAVE/USDT:USDT,,,,,298.0,30021131.0,87315195.7963
1753505952562,04:59:12.562,mexc,AAVE/USDT:USDT,,,,,298.0,30021131.0,87315195.7963
1753505952562,04:59:12.562,mexc,AAVE/USDT:USDT,,,,,298.0,30021131.0,87315195.7963
1753505956531,04:59:16.531,mexc,AAVE/USDT:USDT,,,,,297.91,30021213.0,87315440.0825
1753505960547,04:59:20.547,mexc,AAVE/USDT:USDT,,,,,297.9,30021609.0,87316619.7665
1753505960547,04:59:20.547,mexc,AAVE/USDT:USDT,,,,,297.9,30021609.0,87316619.7665
1753505964556,04:59:24.556,mexc,AAVE/USDT:USDT,,,,,297.9,30021609.0,87316619.7665
1753505964556,04:59:24.556,mexc,AAVE/USDT:USDT,,,,,297.9,30021609.0,87316619.7665
1753505964556,04:59:24.556,mexc,AAVE/USDT:USDT,,,,,297.9,30021609.0,87316619.7665
1753505964556,04:59:24.556,mexc,AAVE/USDT:USDT,,,,,297.9,30021609.0,87316619.7665
1753505974584,04:59:34.584,mexc,AAVE/USDT:USDT,,,,,297.87,30024612.0,87325564.8035
1753505976551,04:59:36.551,mexc,AAVE/USDT:USDT,,,,,297.87,30024612.0,87325564.8035
1753505976551,04:59:36.551,mexc,AAVE/USDT:USDT,,,,,297.87,30024612.0,87325564.8035
1753505980547,04:59:40.547,mexc,AAVE/USDT:USDT,,,,,297.87,30024612.0,87325564.8035
1753505982549,04:59:42.549,mexc,AAVE/USDT:USDT,,,,,297.87,30024612.0,87325564.8035
1753505984558,04:59:44.558,mexc,AAVE/USDT:USDT,,,,,297.85,30024616.0,87325576.7175
1753505988548,04:59:48.548,mexc,AAVE/USDT:USDT,,,,,297.85,30024616.0,87325576.7175
1753505988548,04:59:48.548,mexc,AAVE/USDT:USDT,,,,,297.85,30024616.0,87325576.7175
1753505992555,04:59:52.555,mexc,AAVE/USDT:USDT,,,,,297.85,30024616.0,87325576.7175
1753505992555,04:59:52.555,mexc,AAVE/USDT:USDT,,,,,297.85,30024616.0,87325576.7175
1753505992555,04:59:52.555,mexc,AAVE/USDT:USDT,,,,,297.85,30024616.0,87325576.7175
1753505998612,04:59:58.612,mexc,AAVE/USDT:USDT,,,,,297.85,30024619.0,87325585.653
1753506002561,05:00:02.561,mexc,AAVE/USDT:USDT,,,,,297.85,29281891.0,85208050.4873
1753506004554,05:00:04.554,mexc,AAVE/USDT:USDT,,,,,297.85,29281891.0,85208050.4873
1753506004554,05:00:04.554,mexc,AAVE/USDT:USDT,,,,,297.85,29281891.0,85208050.4873
1753506004554,05:00:04.554,mexc,AAVE/USDT:USDT,,,,,297.85,29281891.0,85208050.4873
1753506010617,05:00:10.617,mexc,AAVE/USDT:USDT,,,,,297.85,29281891.0,85208050.4873
1753506014554,05:00:14.554,mexc,AAVE/USDT:USDT,,,,,297.94,29281895.0,85208062.4049
1753506016551,05:00:16.551,mexc,AAVE/USDT:USDT,,,,,297.94,29281895.0,85208062.4049
1753506018548,05:00:18.548,mexc,AAVE/USDT:USDT,,,,,297.94,29281895.0,85208062.4049
1753506020539,05:00:20.539,mexc,AAVE/USDT:USDT,,,,,297.94,29281895.0,85208062.4049
1753506022555,05:00:22.555,mexc,AAVE/USDT:USDT,,,,,297.94,29281895.0,85208062.4049
1753506022555,05:00:22.555,mexc,AAVE/USDT:USDT,,,,,297.94,29281895.0,85208062.4049
1753506028562,05:00:28.562,mexc,AAVE/USDT:USDT,,,,,297.87,29281899.0,85208074.3197
1753506030561,05:00:30.561,mexc,AAVE/USDT:USDT,,,,,297.86,29285121.0,85217671.3689
1753506032554,05:00:32.554,mexc,AAVE/USDT:USDT,,,,,297.86,29285121.0,85217671.3689
1753506032554,05:00:32.554,mexc,AAVE/USDT:USDT,,,,,297.86,29285121.0,85217671.3689
1753506036558,05:00:36.558,mexc,AAVE/USDT:USDT,,,,,297.86,29285121.0,85217671.3689
1753506036558,05:00:36.558,mexc,AAVE/USDT:USDT,,,,,297.86,29285121.0,85217671.3689
1753506042551,05:00:42.551,mexc,AAVE/USDT:USDT,,,,,297.86,29285128.0,85217692.2191
1753506042551,05:00:42.551,mexc,AAVE/USDT:USDT,,,,,297.86,29285128.0,85217692.2191
1753506042551,05:00:42.551,mexc,AAVE/USDT:USDT,,,,,297.86,29285128.0,85217692.2191
1753506042551,05:00:42.551,mexc,AAVE/USDT:USDT,,,,,297.86,29285128.0,85217692.2191
1753506050548,05:00:50.548,mexc,AAVE/USDT:USDT,,,,,297.86,29285133.0,85217707.1121
1753506052551,05:00:52.551,mexc,AAVE/USDT:USDT,,,,,297.86,29285133.0,85217707.1121
1753506056551,05:00:56.551,mexc,AAVE/USDT:USDT,,,,,297.86,29285133.0,85217707.1121
1753506056551,05:00:56.551,mexc,AAVE/USDT:USDT,,,,,297.86,29285133.0,85217707.1121
1753506056551,05:00:56.551,mexc,AAVE/USDT:USDT,,,,,297.86,29285133.0,85217707.1121
1753506062551,05:01:02.551,mexc,AAVE/USDT:USDT,,,,,297.86,29285133.0,85217707.1121
1753506062551,05:01:02.551,mexc,AAVE/USDT:USDT,,,,,297.86,29285133.0,85217707.1121
1753506066524,05:01:06.524,mexc,AAVE/USDT:USDT,,,,,297.71,29285140.0,85217727.9518
1753506070598,05:01:10.598,mexc,AAVE/USDT:USDT,,,,,297.71,29285140.0,85217727.9518
1753506070598,05:01:10.598,mexc,AAVE/USDT:USDT,,,,,297.71,29285140.0,85217727.9518
1753506070598,05:01:10.598,mexc,AAVE/USDT:USDT,,,,,297.71,29285140.0,85217727.9518
1753506076547,05:01:16.547,mexc,AAVE/USDT:USDT,,,,,297.71,29285145.0,85217742.8373
1753506078512,05:01:18.512,mexc,AAVE/USDT:USDT,,,,,297.7,29286302.0,85221187.2263
1753506080531,05:01:20.531,mexc,AAVE/USDT:USDT,,,,,297.7,29286302.0,85221187.2263
1753506084558,05:01:24.558,mexc,AAVE/USDT:USDT,,,,,297.64,29286652.0,85222228.9663
1753506084558,05:01:24.558,mexc,AAVE/USDT:USDT,,,,,297.64,29286652.0,85222228.9663
1753506088555,05:01:28.555,mexc,AAVE/USDT:USDT,,,,,297.64,29286652.0,85222228.9663
1753506088555,05:01:28.555,mexc,AAVE/USDT:USDT,,,,,297.64,29286652.0,85222228.9663
1753506088555,05:01:28.555,mexc,AAVE/USDT:USDT,,,,,297.64,29286652.0,85222228.9663
1753506094557,05:01:34.557,mexc,AAVE/USDT:USDT,,,,,297.67,29286656.0,85222240.8731
1753506098539,05:01:38.539,mexc,AAVE/USDT:USDT,,,,,297.67,29286656.0,85222240.8731
1753506100553,05:01:40.553,mexc,AAVE/USDT:USDT,,,,,297.67,29286656.0,85222240.8731
1753506100553,05:01:40.553,mexc,AAVE/USDT:USDT,,,,,297.67,29286656.0,85222240.8731
1753506100553,05:01:40.553,mexc,AAVE/USDT:USDT,,,,,297.67,29286656.0,85222240.8731
1753506106542,05:01:46.542,mexc,AAVE/USDT:USDT,,,,,297.66,29286659.0,85222249.8029
1753506106542,05:01:46.542,mexc,AAVE/USDT:USDT,,,,,297.66,29286659.0,85222249.8029
1753506112547,05:01:52.547,mexc,AAVE/USDT:USDT,,,,,297.68,29286661.0,85222255.7565
1753506114561,05:01:54.561,mexc,AAVE/USDT:USDT,,,,,297.69,29287407.0,85224476.5239
1753506114561,05:01:54.561,mexc,AAVE/USDT:USDT,,,,,297.69,29287407.0,85224476.5239
1753506114561,05:01:54.561,mexc,AAVE/USDT:USDT,,,,,297.69,29287407.0,85224476.5239
1753506114561,05:01:54.561,mexc,AAVE/USDT:USDT,,,,,297.69,29287407.0,85224476.5239
1753506122560,05:02:02.560,mexc,AAVE/USDT:USDT,,,,,297.68,29287409.0,85224482.4775
1753506126553,05:02:06.553,mexc,AAVE/USDT:USDT,,,,,297.68,29287409.0,85224482.4775
1753506128554,05:02:08.554,mexc,AAVE/USDT:USDT,,,,,297.69,29287534.0,85224854.59
1753506128554,05:02:08.554,mexc,AAVE/USDT:USDT,,,,,297.69,29287534.0,85224854.59
1753506128554,05:02:08.554,mexc,AAVE/USDT:USDT,,,,,297.69,29287534.0,85224854.59
1753506128554,05:02:08.554,mexc,AAVE/USDT:USDT,,,,,297.69,29287534.0,85224854.59
1753506136547,05:02:16.547,mexc,AAVE/USDT:USDT,,,,,297.69,29287534.0,85224854.59
1753506140550,05:02:20.550,mexc,AAVE/USDT:USDT,,,,,297.7,29287539.0,85224869.475
1753506142547,05:02:22.547,mexc,AAVE/USDT:USDT,,,,,297.7,29287539.0,85224869.475
1753506144543,05:02:24.543,mexc,AAVE/USDT:USDT,,,,,297.69,29287540.0,85224872.4519
1753506146549,05:02:26.549,mexc,AAVE/USDT:USDT,,,,,297.69,29287540.0,85224872.4519
1753506146549,05:02:26.549,mexc,AAVE/USDT:USDT,,,,,297.69,29287540.0,85224872.4519
1753506146549,05:02:26.549,mexc,AAVE/USDT:USDT,,,,,297.69,29287540.0,85224872.4519
1753506154558,05:02:34.558,mexc,AAVE/USDT:USDT,,,,,297.68,29287546.0,85224890.3127
1753506154558,05:02:34.558,mexc,AAVE/USDT:USDT,,,,,297.68,29287546.0,85224890.3127
1753506158537,05:02:38.537,mexc,AAVE/USDT:USDT,,,,,297.68,29287546.0,85224890.3127
1753506158537,05:02:38.537,mexc,AAVE/USDT:USDT,,,,,297.68,29287546.0,85224890.3127
1753506162621,05:02:42.621,mexc,AAVE/USDT:USDT,,,,,297.68,29287546.0,85224890.3127
1753506164555,05:02:44.555,mexc,AAVE/USDT:USDT,,,,,297.66,29287550.0,85224902.2191
1753506168552,05:02:48.552,mexc,AAVE/USDT:USDT,,,,,297.66,29287550.0,85224902.2191
1753506168552,05:02:48.552,mexc,AAVE/USDT:USDT,,,,,297.66,29287550.0,85224902.2191
1753506172529,05:02:52.529,mexc,AAVE/USDT:USDT,,,,,297.66,29287552.0,85224908.1723
1753506174547,05:02:54.547,mexc,AAVE/USDT:USDT,,,,,297.66,29287552.0,85224908.1723
1753506176529,05:02:56.529,mexc,AAVE/USDT:USDT,,,,,297.65,29287650.0,85225199.8693
1753506178567,05:02:58.567,mexc,AAVE/USDT:USDT,,,,,297.65,29287650.0,85225199.8693
1753506182552,05:03:02.552,mexc,AAVE/USDT:USDT,,,,,297.65,29287650.0,85225199.8693
1753506182552,05:03:02.552,mexc,AAVE/USDT:USDT,,,,,297.65,29287650.0,85225199.8693
1753506182552,05:03:02.552,mexc,AAVE/USDT:USDT,,,,,297.65,29287650.0,85225199.8693
1753506182552,05:03:02.552,mexc,AAVE/USDT:USDT,,,,,297.65,29287650.0,85225199.8693
1753506190556,05:03:10.556,mexc,AAVE/USDT:USDT,,,,,297.68,29287655.0,85225214.7533
1753506190556,05:03:10.556,mexc,AAVE/USDT:USDT,,,,,297.68,29287655.0,85225214.7533
1753506190556,05:03:10.556,mexc,AAVE/USDT:USDT,,,,,297.68,29287655.0,85225214.7533
1753506190556,05:03:10.556,mexc,AAVE/USDT:USDT,,,,,297.68,29287655.0,85225214.7533
1753506190556,05:03:10.556,mexc,AAVE/USDT:USDT,,,,,297.68,29287655.0,85225214.7533
1753506202539,05:03:22.539,mexc,AAVE/USDT:USDT,,,,,297.71,29287662.0,85225235.593
1753506204550,05:03:24.550,mexc,AAVE/USDT:USDT,,,,,297.71,29288050.0,85226390.7078
1753506204550,05:03:24.550,mexc,AAVE/USDT:USDT,,,,,297.71,29288050.0,85226390.7078
1753506210565,05:03:30.565,mexc,AAVE/USDT:USDT,,,,,297.71,29288050.0,85226390.7078
1753506212546,05:03:32.546,mexc,AAVE/USDT:USDT,,,,,297.71,29288050.0,85226390.7078
1753506214536,05:03:34.536,mexc,AAVE/USDT:USDT,,,,,297.71,29288053.0,85226399.6391
1753506214536,05:03:34.536,mexc,AAVE/USDT:USDT,,,,,297.71,29288053.0,85226399.6391
1753506214536,05:03:34.536,mexc,AAVE/USDT:USDT,,,,,297.71,29288053.0,85226399.6391
1753506214536,05:03:34.536,mexc,AAVE/USDT:USDT,,,,,297.71,29288053.0,85226399.6391
1753506214536,05:03:34.536,mexc,AAVE/USDT:USDT,,,,,297.71,29288053.0,85226399.6391
1753506214536,05:03:34.536,mexc,AAVE/USDT:USDT,,,,,297.71,29288053.0,85226399.6391
1753506214536,05:03:34.536,mexc,AAVE/USDT:USDT,,,,,297.71,29288053.0,85226399.6391
1753506230556,05:03:50.556,mexc,AAVE/USDT:USDT,,,,,297.71,29288056.0,85226408.5704
1753506232553,05:03:52.553,mexc,AAVE/USDT:USDT,,,,,297.71,29288056.0,85226408.5704
1753506232553,05:03:52.553,mexc,AAVE/USDT:USDT,,,,,297.71,29288056.0,85226408.5704
1753506238556,05:03:58.556,mexc,AAVE/USDT:USDT,,,,,297.71,29288056.0,85226408.5704
1753506240667,05:04:00.667,mexc,AAVE/USDT:USDT,,,,,297.65,29288362.0,85227319.3794
1753506242544,05:04:02.544,mexc,AAVE/USDT:USDT,,,,,297.65,29288362.0,85227319.3794
1753506242544,05:04:02.544,mexc,AAVE/USDT:USDT,,,,,297.65,29288362.0,85227319.3794
1753506242544,05:04:02.544,mexc,AAVE/USDT:USDT,,,,,297.65,29288362.0,85227319.3794
1753506248542,05:04:08.542,mexc,AAVE/USDT:USDT,,,,,297.64,29288420.0,85227492.0106
1753506252553,05:04:12.553,mexc,AAVE/USDT:USDT,,,,,297.65,29288816.0,85228670.7046
1753506254555,05:04:14.555,mexc,AAVE/USDT:USDT,,,,,297.65,29296414.0,85251285.4016
1753506256610,05:04:16.610,mexc,AAVE/USDT:USDT,,,,,297.65,29296414.0,85251285.4016
1753506256610,05:04:16.610,mexc,AAVE/USDT:USDT,,,,,297.65,29296414.0,85251285.4016
1753506260558,05:04:20.558,mexc,AAVE/USDT:USDT,,,,,297.65,29296414.0,85251285.4016
1753506260558,05:04:20.558,mexc,AAVE/USDT:USDT,,,,,297.65,29296414.0,85251285.4016
1753506260558,05:04:20.558,mexc,AAVE/USDT:USDT,,,,,297.65,29296414.0,85251285.4016
1753506268554,05:04:28.554,mexc,AAVE/USDT:USDT,,,,,297.75,29296418.0,85251297.3116
1753506270557,05:04:30.557,mexc,AAVE/USDT:USDT,,,,,297.75,29296418.0,85251297.3116
1753506272548,05:04:32.548,mexc,AAVE/USDT:USDT,,,,,297.75,29296418.0,85251297.3116
1753506274551,05:04:34.551,mexc,AAVE/USDT:USDT,,,,,297.75,29296420.0,85251303.2666
1753506274551,05:04:34.551,mexc,AAVE/USDT:USDT,,,,,297.75,29296420.0,85251303.2666
1753506274551,05:04:34.551,mexc,AAVE/USDT:USDT,,,,,297.75,29296420.0,85251303.2666
1753506282549,05:04:42.549,mexc,AAVE/USDT:USDT,,,,,297.75,29296427.0,85251324.1091
1753506282549,05:04:42.549,mexc,AAVE/USDT:USDT,,,,,297.75,29296427.0,85251324.1091
1753506282549,05:04:42.549,mexc,AAVE/USDT:USDT,,,,,297.75,29296427.0,85251324.1091
1753506282549,05:04:42.549,mexc,AAVE/USDT:USDT,,,,,297.75,29296427.0,85251324.1091
1753506282549,05:04:42.549,mexc,AAVE/USDT:USDT,,,,,297.75,29296427.0,85251324.1091
1753506294552,05:04:54.552,mexc,AAVE/USDT:USDT,,,,,297.74,29298030.0,85256096.8813
1753506294552,05:04:54.552,mexc,AAVE/USDT:USDT,,,,,297.74,29298030.0,85256096.8813
1753506294552,05:04:54.552,mexc,AAVE/USDT:USDT,,,,,297.74,29298030.0,85256096.8813
1753506294552,05:04:54.552,mexc,AAVE/USDT:USDT,,,,,297.74,29298030.0,85256096.8813
1753506294552,05:04:54.552,mexc,AAVE/USDT:USDT,,,,,297.74,29298030.0,85256096.8813
1753506304542,05:05:04.542,mexc,AAVE/USDT:USDT,,,,,297.74,29298030.0,85256096.8813
1753506308538,05:05:08.538,mexc,AAVE/USDT:USDT,,,,,297.76,29298032.0,85256102.8365
1753506308538,05:05:08.538,mexc,AAVE/USDT:USDT,,,,,297.76,29298032.0,85256102.8365
1753506308538,05:05:08.538,mexc,AAVE/USDT:USDT,,,,,297.76,29298032.0,85256102.8365
1753506314556,05:05:14.556,mexc,AAVE/USDT:USDT,,,,,297.76,29298032.0,85256102.8365
1753506316608,05:05:16.608,mexc,AAVE/USDT:USDT,,,,,297.76,29298032.0,85256102.8365
1753506318552,05:05:18.552,mexc,AAVE/USDT:USDT,,,,,297.89,29298224.0,85256674.7853
1753506322547,05:05:22.547,mexc,AAVE/USDT:USDT,,,,,297.89,29298224.0,85256674.7853
1753506324559,05:05:24.559,mexc,AAVE/USDT:USDT,,,,,297.89,29298224.0,85256674.7853
1753506326547,05:05:26.547,mexc,AAVE/USDT:USDT,,,,,297.89,29298224.0,85256674.7853
1753506328548,05:05:28.548,mexc,AAVE/USDT:USDT,,,,,297.95,29298283.0,85256850.5758
1753506330554,05:05:30.554,mexc,AAVE/USDT:USDT,,,,,297.95,29298333.0,85256999.5508
1753506330554,05:05:30.554,mexc,AAVE/USDT:USDT,,,,,297.95,29298333.0,85256999.5508
1753506336527,05:05:36.527,mexc,AAVE/USDT:USDT,,,,,297.95,29298333.0,85256999.5508
1753506336527,05:05:36.527,mexc,AAVE/USDT:USDT,,,,,297.95,29298333.0,85256999.5508
1753506336527,05:05:36.527,mexc,AAVE/USDT:USDT,,,,,297.95,29298333.0,85256999.5508
1753506336527,05:05:36.527,mexc,AAVE/USDT:USDT,,,,,297.95,29298333.0,85256999.5508
1753506336527,05:05:36.527,mexc,AAVE/USDT:USDT,,,,,297.95,29298333.0,85256999.5508
1753506346546,05:05:46.546,mexc,AAVE/USDT:USDT,,,,,297.95,29298339.0,85257017.4278
1753506350546,05:05:50.546,mexc,AAVE/USDT:USDT,,,,,297.96,29298370.0,85257109.7954
1753506352547,05:05:52.547,mexc,AAVE/USDT:USDT,,,,,297.96,29298370.0,85257109.7954
1753506354550,05:05:54.550,mexc,AAVE/USDT:USDT,,,,,297.83,29298456.0,85257365.9292
1753506356579,05:05:56.579,mexc,AAVE/USDT:USDT,,,,,297.83,29298456.0,85257365.9292
1753506358562,05:05:58.562,mexc,AAVE/USDT:USDT,,,,,297.83,29298456.0,85257365.9292
1753506358562,05:05:58.562,mexc,AAVE/USDT:USDT,,,,,297.83,29298456.0,85257365.9292
1753506362547,05:06:02.547,mexc,AAVE/USDT:USDT,,,,,297.8,29298459.0,85257374.8632
1753506366533,05:06:06.533,mexc,AAVE/USDT:USDT,,,,,297.8,29298459.0,85257374.8632
1753506368553,05:06:08.553,mexc,AAVE/USDT:USDT,,,,,297.8,29298459.0,85257374.8632
1753506370545,05:06:10.545,mexc,AAVE/USDT:USDT,,,,,297.8,29298459.0,85257374.8632
1753506372551,05:06:12.551,mexc,AAVE/USDT:USDT,,,,,297.62,29298809.0,85258416.5332
1753506374544,05:06:14.544,mexc,AAVE/USDT:USDT,,,,,297.62,29298809.0,85258416.5332
1753506376546,05:06:16.546,mexc,AAVE/USDT:USDT,,,,,297.62,29298809.0,85258416.5332
1753506376546,05:06:16.546,mexc,AAVE/USDT:USDT,,,,,297.62,29298809.0,85258416.5332
1753506376546,05:06:16.546,mexc,AAVE/USDT:USDT,,,,,297.62,29298809.0,85258416.5332
1753506384551,05:06:24.551,mexc,AAVE/USDT:USDT,,,,,297.62,29298809.0,85258416.5332
1753506386547,05:06:26.547,mexc,AAVE/USDT:USDT,,,,,297.64,29298814.0,85258431.4152
1753506388546,05:06:28.546,mexc,AAVE/USDT:USDT,,,,,297.64,29298814.0,85258431.4152
1753506390569,05:06:30.569,mexc,AAVE/USDT:USDT,,,,,297.64,29298814.0,85258431.4152
1753506394541,05:06:34.541,mexc,AAVE/USDT:USDT,,,,,297.64,29298814.0,85258431.4152
1753506396550,05:06:36.550,mexc,AAVE/USDT:USDT,,,,,297.64,29298814.0,85258431.4152
1753506398535,05:06:38.535,mexc,AAVE/USDT:USDT,,,,,297.62,29298851.0,85258541.5346
1753506398535,05:06:38.535,mexc,AAVE/USDT:USDT,,,,,297.62,29298851.0,85258541.5346
1753506402543,05:06:42.543,mexc,AAVE/USDT:USDT,,,,,297.62,29298851.0,85258541.5346
1753506404546,05:06:44.546,mexc,AAVE/USDT:USDT,,,,,297.69,29298949.0,85258833.2708
1753506408636,05:06:48.636,mexc,AAVE/USDT:USDT,,,,,297.74,29299047.0,85259125.056
1753506408636,05:06:48.636,mexc,AAVE/USDT:USDT,,,,,297.74,29299047.0,85259125.056
1753506412553,05:06:52.553,mexc,AAVE/USDT:USDT,,,,,297.74,29299047.0,85259125.056
