timestamp,time,exchange,symbol,bid,bidVolume,ask,askVolume,lastPrice,baseVolume,quoteVolume
1753504784558,04:39:44.558,mexc,AAVE/USDT:USDT,,,,,297.46,29922470.0,87021484.9628
1753504784558,04:39:44.558,mexc,AAVE/USDT:USDT,,,,,297.46,29922470.0,87021484.9628
1753504784558,04:39:44.558,mexc,AAVE/USDT:USDT,,,,,297.46,29922470.0,87021484.9628
1753504794550,04:39:54.550,mexc,AAVE/USDT:USDT,,,,,297.47,29922474.0,87021496.8616
1753504796554,04:39:56.554,mexc,AAVE/USDT:USDT,,,,,297.47,29922474.0,87021496.8616
1753504798555,04:39:58.555,mexc,AAVE/USDT:USDT,,,,,297.47,29922474.0,87021496.8616
1753504798555,04:39:58.555,mexc,AAVE/USDT:USDT,,,,,297.47,29922474.0,87021496.8616
1753504802535,04:40:02.535,mexc,AAVE/USDT:USDT,,,,,297.42,29922548.0,87021716.9524
1753504802535,04:40:02.535,mexc,AAVE/USDT:USDT,,,,,297.42,29922548.0,87021716.9524
1753504802535,04:40:02.535,mexc,AAVE/USDT:USDT,,,,,297.42,29922548.0,87021716.9524
1753504802535,04:40:02.535,mexc,AAVE/USDT:USDT,,,,,297.42,29922548.0,87021716.9524
1753504812558,04:40:12.558,mexc,AAVE/USDT:USDT,,,,,297.42,29922548.0,87021716.9524
1753504812558,04:40:12.558,mexc,AAVE/USDT:USDT,,,,,297.42,29922548.0,87021716.9524
1753504816540,04:40:16.540,mexc,AAVE/USDT:USDT,,,,,297.5,29922555.0,87021737.7774
1753504820558,04:40:20.558,mexc,AAVE/USDT:USDT,,,,,297.5,29922557.0,87021743.7274
1753504820558,04:40:20.558,mexc,AAVE/USDT:USDT,,,,,297.5,29922557.0,87021743.7274
1753504824559,04:40:24.559,mexc,AAVE/USDT:USDT,,,,,297.5,29922557.0,87021743.7274
1753504824559,04:40:24.559,mexc,AAVE/USDT:USDT,,,,,297.5,29922557.0,87021743.7274
1753504828552,04:40:28.552,mexc,AAVE/USDT:USDT,,,,,297.53,29923946.0,87025876.5476
1753504828552,04:40:28.552,mexc,AAVE/USDT:USDT,,,,,297.53,29923946.0,87025876.5476
1753504834548,04:40:34.548,mexc,AAVE/USDT:USDT,,,,,297.53,29923946.0,87025876.5476
1753504836554,04:40:36.554,mexc,AAVE/USDT:USDT,,,,,297.51,29924044.0,87026168.1074
1753504838554,04:40:38.554,mexc,AAVE/USDT:USDT,,,,,297.51,29924069.0,87026242.4849
1753504840627,04:40:40.627,mexc,AAVE/USDT:USDT,,,,,297.47,29924569.0,87027729.8349
1753504840627,04:40:40.627,mexc,AAVE/USDT:USDT,,,,,297.47,29924569.0,87027729.8349
1753504840627,04:40:40.627,mexc,AAVE/USDT:USDT,,,,,297.47,29924569.0,87027729.8349
1753504848546,04:40:48.546,mexc,AAVE/USDT:USDT,,,,,297.47,29924569.0,87027729.8349
1753504850543,04:40:50.543,mexc,AAVE/USDT:USDT,,,,,297.47,29924569.0,87027729.8349
1753504850543,04:40:50.543,mexc,AAVE/USDT:USDT,,,,,297.47,29924569.0,87027729.8349
1753504854543,04:40:54.543,mexc,AAVE/USDT:USDT,,,,,297.51,29924575.0,87027747.6855
1753504856540,04:40:56.540,mexc,AAVE/USDT:USDT,,,,,297.51,29924575.0,87027747.6855
1753504858555,04:40:58.555,mexc,AAVE/USDT:USDT,,,,,297.52,29924910.0,87028744.3775
1753504862556,04:41:02.556,mexc,AAVE/USDT:USDT,,,,,297.55,29928109.0,87038263.002
1753504864582,04:41:04.582,mexc,AAVE/USDT:USDT,,,,,297.59,29930590.0,87045645.8768
1753504866556,04:41:06.556,mexc,AAVE/USDT:USDT,,,,,297.59,29930590.0,87045645.8768
1753504866556,04:41:06.556,mexc,AAVE/USDT:USDT,,,,,297.59,29930590.0,87045645.8768
1753504870554,04:41:10.554,mexc,AAVE/USDT:USDT,,,,,297.65,29931091.0,87047137.1028
1753504872598,04:41:12.598,mexc,AAVE/USDT:USDT,,,,,297.65,29931091.0,87047137.1028
1753504876554,04:41:16.554,mexc,AAVE/USDT:USDT,,,,,297.65,29931091.0,87047137.1028
1753504878551,04:41:18.551,mexc,AAVE/USDT:USDT,,,,,297.65,29931091.0,87047137.1028
1753504880549,04:41:20.549,mexc,AAVE/USDT:USDT,,,,,297.65,29931762.0,87049134.3343
1753504880549,04:41:20.549,mexc,AAVE/USDT:USDT,,,,,297.65,29931762.0,87049134.3343
1753504880549,04:41:20.549,mexc,AAVE/USDT:USDT,,,,,297.65,29931762.0,87049134.3343
1753504886547,04:41:26.547,mexc,AAVE/USDT:USDT,,,,,297.65,29931762.0,87049134.3343
1753504890569,04:41:30.569,mexc,AAVE/USDT:USDT,,,,,297.69,29931763.0,87049137.3112
1753504892548,04:41:32.548,mexc,AAVE/USDT:USDT,,,,,297.69,29931763.0,87049137.3112
1753504894545,04:41:34.545,mexc,AAVE/USDT:USDT,,,,,297.69,29931763.0,87049137.3112
1753504896549,04:41:36.549,mexc,AAVE/USDT:USDT,,,,,297.69,29931763.0,87049137.3112
1753504896549,04:41:36.549,mexc,AAVE/USDT:USDT,,,,,297.69,29931763.0,87049137.3112
1753504900545,04:41:40.545,mexc,AAVE/USDT:USDT,,,,,297.76,29931769.0,87049155.1768
1753504904554,04:41:44.554,mexc,AAVE/USDT:USDT,,,,,297.76,29931769.0,87049155.1768
1753504904554,04:41:44.554,mexc,AAVE/USDT:USDT,,,,,297.76,29931769.0,87049155.1768
1753504904554,04:41:44.554,mexc,AAVE/USDT:USDT,,,,,297.76,29931769.0,87049155.1768
1753504904554,04:41:44.554,mexc,AAVE/USDT:USDT,,,,,297.76,29931769.0,87049155.1768
1753504912615,04:41:52.615,mexc,AAVE/USDT:USDT,,,,,297.8,29931770.0,87049158.1548
1753504912615,04:41:52.615,mexc,AAVE/USDT:USDT,,,,,297.8,29931770.0,87049158.1548
1753504918562,04:41:58.562,mexc,AAVE/USDT:USDT,,,,,297.8,29931770.0,87049158.1548
1753504918562,04:41:58.562,mexc,AAVE/USDT:USDT,,,,,297.8,29931770.0,87049158.1548
1753504922552,04:42:02.552,mexc,AAVE/USDT:USDT,,,,,297.8,29931770.0,87049158.1548
1753504924545,04:42:04.545,mexc,AAVE/USDT:USDT,,,,,297.8,29931770.0,87049158.1548
1753504926570,04:42:06.570,mexc,AAVE/USDT:USDT,,,,,297.85,29931774.0,87049170.0688
1753504928557,04:42:08.557,mexc,AAVE/USDT:USDT,,,,,297.92,29931780.0,87049187.9434
1753504932621,04:42:12.621,mexc,AAVE/USDT:USDT,,,,,297.89,29932518.0,87051386.443
1753504934553,04:42:14.553,mexc,AAVE/USDT:USDT,,,,,297.89,29932518.0,87051386.443
1753504934553,04:42:14.553,mexc,AAVE/USDT:USDT,,,,,297.89,29932518.0,87051386.443
1753504938551,04:42:18.551,mexc,AAVE/USDT:USDT,,,,,297.89,29932518.0,87051386.443
1753504940552,04:42:20.552,mexc,AAVE/USDT:USDT,,,,,297.89,29932518.0,87051386.443
1753504942554,04:42:22.554,mexc,AAVE/USDT:USDT,,,,,297.89,29932518.0,87051386.443
1753504946566,04:42:26.566,mexc,AAVE/USDT:USDT,,,,,297.93,29932822.0,87052292.1506
1753504946566,04:42:26.566,mexc,AAVE/USDT:USDT,,,,,297.93,29932822.0,87052292.1506
1753504946566,04:42:26.566,mexc,AAVE/USDT:USDT,,,,,297.93,29932822.0,87052292.1506
1753504952547,04:42:32.547,mexc,AAVE/USDT:USDT,,,,,297.93,29932822.0,87052292.1506
1753504954553,04:42:34.553,mexc,AAVE/USDT:USDT,,,,,297.9,29932889.0,87052491.7436
1753504956555,04:42:36.555,mexc,AAVE/USDT:USDT,,,,,297.9,29932889.0,87052491.7436
1753504960532,04:42:40.532,mexc,AAVE/USDT:USDT,,,,,297.9,29932889.0,87052491.7436
1753504960532,04:42:40.532,mexc,AAVE/USDT:USDT,,,,,297.9,29932889.0,87052491.7436
1753504964625,04:42:44.625,mexc,AAVE/USDT:USDT,,,,,297.87,29932938.0,87052637.6999
1753504966538,04:42:46.538,mexc,AAVE/USDT:USDT,,,,,297.87,29932938.0,87052637.6999
1753504966538,04:42:46.538,mexc,AAVE/USDT:USDT,,,,,297.87,29932938.0,87052637.6999
1753504966538,04:42:46.538,mexc,AAVE/USDT:USDT,,,,,297.87,29932938.0,87052637.6999
1753504966538,04:42:46.538,mexc,AAVE/USDT:USDT,,,,,297.87,29932938.0,87052637.6999
1753504976578,04:42:56.578,mexc,AAVE/USDT:USDT,,,,,297.91,29933038.0,87052935.6099
1753504976578,04:42:56.578,mexc,AAVE/USDT:USDT,,,,,297.91,29933038.0,87052935.6099
1753504976578,04:42:56.578,mexc,AAVE/USDT:USDT,,,,,297.91,29933038.0,87052935.6099
1753504982551,04:43:02.551,mexc,AAVE/USDT:USDT,,,,,297.91,29933038.0,87052935.6099
1753504982551,04:43:02.551,mexc,AAVE/USDT:USDT,,,,,297.91,29933038.0,87052935.6099
1753504988539,04:43:08.539,mexc,AAVE/USDT:USDT,,,,,297.88,29933392.0,87053990.1051
1753504990553,04:43:10.553,mexc,AAVE/USDT:USDT,,,,,297.89,29935301.0,87059676.5824
1753504990553,04:43:10.553,mexc,AAVE/USDT:USDT,,,,,297.89,29935301.0,87059676.5824
1753504990553,04:43:10.553,mexc,AAVE/USDT:USDT,,,,,297.89,29935301.0,87059676.5824
1753504990553,04:43:10.553,mexc,AAVE/USDT:USDT,,,,,297.89,29935301.0,87059676.5824
1753504990553,04:43:10.553,mexc,AAVE/USDT:USDT,,,,,297.89,29935301.0,87059676.5824
1753505002532,04:43:22.532,mexc,AAVE/USDT:USDT,,,,,297.89,29935368.0,87059876.1687
1753505002532,04:43:22.532,mexc,AAVE/USDT:USDT,,,,,297.89,29935368.0,87059876.1687
1753505006538,04:43:26.538,mexc,AAVE/USDT:USDT,,,,,297.88,29935692.0,87060841.2999
1753505008534,04:43:28.534,mexc,AAVE/USDT:USDT,,,,,297.88,29935692.0,87060841.2999
1753505008534,04:43:28.534,mexc,AAVE/USDT:USDT,,,,,297.88,29935692.0,87060841.2999
1753505008534,04:43:28.534,mexc,AAVE/USDT:USDT,,,,,297.88,29935692.0,87060841.2999
1753505016549,04:43:36.549,mexc,AAVE/USDT:USDT,,,,,297.93,29939275.0,87071516.0336
1753505018545,04:43:38.545,mexc,AAVE/USDT:USDT,,,,,297.93,29939275.0,87071516.0336
1753505018545,04:43:38.545,mexc,AAVE/USDT:USDT,,,,,297.93,29939275.0,87071516.0336
1753505018545,04:43:38.545,mexc,AAVE/USDT:USDT,,,,,297.93,29939275.0,87071516.0336
1753505018545,04:43:38.545,mexc,AAVE/USDT:USDT,,,,,297.93,29939275.0,87071516.0336
1753505018545,04:43:38.545,mexc,AAVE/USDT:USDT,,,,,297.93,29939275.0,87071516.0336
1753505030543,04:43:50.543,mexc,AAVE/USDT:USDT,,,,,297.93,29939280.0,87071530.9301
1753505030543,04:43:50.543,mexc,AAVE/USDT:USDT,,,,,297.93,29939280.0,87071530.9301
1753505034567,04:43:54.567,mexc,AAVE/USDT:USDT,,,,,297.93,29939280.0,87071530.9301
1753505036545,04:43:56.545,mexc,AAVE/USDT:USDT,,,,,297.9,29939384.0,87071840.7461
1753505036545,04:43:56.545,mexc,AAVE/USDT:USDT,,,,,297.9,29939384.0,87071840.7461
1753505040614,04:44:00.614,mexc,AAVE/USDT:USDT,,,,,297.9,29939384.0,87071840.7461
1753505044540,04:44:04.540,mexc,AAVE/USDT:USDT,,,,,297.93,29939650.0,87072633.1191
1753505046550,04:44:06.550,mexc,AAVE/USDT:USDT,,,,,297.93,29939650.0,87072633.1191
1753505046550,04:44:06.550,mexc,AAVE/USDT:USDT,,,,,297.93,29939650.0,87072633.1191
1753505050552,04:44:10.552,mexc,AAVE/USDT:USDT,,,,,297.93,29939650.0,87072633.1191
1753505052556,04:44:12.556,mexc,AAVE/USDT:USDT,,,,,297.93,29939650.0,87072633.1191
1753505054546,04:44:14.546,mexc,AAVE/USDT:USDT,,,,,297.9,29939654.0,87072645.0351
1753505056606,04:44:16.606,mexc,AAVE/USDT:USDT,,,,,297.9,29939654.0,87072645.0351
1753505056606,04:44:16.606,mexc,AAVE/USDT:USDT,,,,,297.9,29939654.0,87072645.0351
1753505056606,04:44:16.606,mexc,AAVE/USDT:USDT,,,,,297.9,29939654.0,87072645.0351
1753505056606,04:44:16.606,mexc,AAVE/USDT:USDT,,,,,297.9,29939654.0,87072645.0351
1753505056606,04:44:16.606,mexc,AAVE/USDT:USDT,,,,,297.9,29939654.0,87072645.0351
1753505068542,04:44:28.542,mexc,AAVE/USDT:USDT,,,,,297.91,29939659.0,87072659.9306
1753505068542,04:44:28.542,mexc,AAVE/USDT:USDT,,,,,297.91,29939659.0,87072659.9306
1753505068542,04:44:28.542,mexc,AAVE/USDT:USDT,,,,,297.91,29939659.0,87072659.9306
1753505068542,04:44:28.542,mexc,AAVE/USDT:USDT,,,,,297.91,29939659.0,87072659.9306
1753505068542,04:44:28.542,mexc,AAVE/USDT:USDT,,,,,297.91,29939659.0,87072659.9306
1753505080535,04:44:40.535,mexc,AAVE/USDT:USDT,,,,,297.91,29939739.0,87072898.2586
1753505080535,04:44:40.535,mexc,AAVE/USDT:USDT,,,,,297.91,29939739.0,87072898.2586
1753505080535,04:44:40.535,mexc,AAVE/USDT:USDT,,,,,297.91,29939739.0,87072898.2586
1753505088546,04:44:48.546,mexc,AAVE/USDT:USDT,,,,,297.9,29939770.0,87072990.6076
1753505088546,04:44:48.546,mexc,AAVE/USDT:USDT,,,,,297.9,29939770.0,87072990.6076
1753505092557,04:44:52.557,mexc,AAVE/USDT:USDT,,,,,297.9,29940105.0,87073988.5726
1753505094552,04:44:54.552,mexc,AAVE/USDT:USDT,,,,,297.9,29940105.0,87073988.5726
1753505094552,04:44:54.552,mexc,AAVE/USDT:USDT,,,,,297.9,29940105.0,87073988.5726
1753505094552,04:44:54.552,mexc,AAVE/USDT:USDT,,,,,297.9,29940105.0,87073988.5726
1753505102555,04:45:02.555,mexc,AAVE/USDT:USDT,,,,,297.98,29940110.0,87074003.4716
1753505104548,04:45:04.548,mexc,AAVE/USDT:USDT,,,,,297.98,29940110.0,87074003.4716
1753505104548,04:45:04.548,mexc,AAVE/USDT:USDT,,,,,297.98,29940110.0,87074003.4716
1753505108579,04:45:08.579,mexc,AAVE/USDT:USDT,,,,,297.93,29940285.0,87074524.8491
1753505108579,04:45:08.579,mexc,AAVE/USDT:USDT,,,,,297.93,29940285.0,87074524.8491
1753505108579,04:45:08.579,mexc,AAVE/USDT:USDT,,,,,297.93,29940285.0,87074524.8491
1753505116552,04:45:16.552,mexc,AAVE/USDT:USDT,,,,,297.91,29940291.0,87074542.7237
1753505118586,04:45:18.586,mexc,AAVE/USDT:USDT,,,,,297.91,29940291.0,87074542.7237
1753505120587,04:45:20.587,mexc,AAVE/USDT:USDT,,,,,297.91,29940307.0,87074590.3893
1753505120587,04:45:20.587,mexc,AAVE/USDT:USDT,,,,,297.91,29940307.0,87074590.3893
1753505120587,04:45:20.587,mexc,AAVE/USDT:USDT,,,,,297.91,29940307.0,87074590.3893
1753505120587,04:45:20.587,mexc,AAVE/USDT:USDT,,,,,297.91,29940307.0,87074590.3893
1753505130551,04:45:30.551,mexc,AAVE/USDT:USDT,,,,,297.91,29940312.0,87074605.2848
1753505130551,04:45:30.551,mexc,AAVE/USDT:USDT,,,,,297.91,29940312.0,87074605.2848
1753505130551,04:45:30.551,mexc,AAVE/USDT:USDT,,,,,297.91,29940312.0,87074605.2848
1753505136527,04:45:36.527,mexc,AAVE/USDT:USDT,,,,,297.91,29940315.0,87074614.2221
1753505136527,04:45:36.527,mexc,AAVE/USDT:USDT,,,,,297.91,29940315.0,87074614.2221
1753505136527,04:45:36.527,mexc,AAVE/USDT:USDT,,,,,297.91,29940315.0,87074614.2221
1753505136527,04:45:36.527,mexc,AAVE/USDT:USDT,,,,,297.91,29940315.0,87074614.2221
1753505136527,04:45:36.527,mexc,AAVE/USDT:USDT,,,,,297.91,29940315.0,87074614.2221
1753505136527,04:45:36.527,mexc,AAVE/USDT:USDT,,,,,297.91,29940315.0,87074614.2221
1753505150542,04:45:50.542,mexc,AAVE/USDT:USDT,,,,,297.91,29940315.0,87074614.2221
1753505152551,04:45:52.551,mexc,AAVE/USDT:USDT,,,,,297.87,29941467.0,87078045.6854
1753505152551,04:45:52.551,mexc,AAVE/USDT:USDT,,,,,297.87,29941467.0,87078045.6854
1753505158573,04:45:58.573,mexc,AAVE/USDT:USDT,,,,,297.86,29941967.0,87079534.9854
1753505158573,04:45:58.573,mexc,AAVE/USDT:USDT,,,,,297.86,29941967.0,87079534.9854
1753505158573,04:45:58.573,mexc,AAVE/USDT:USDT,,,,,297.86,29941967.0,87079534.9854
1753505164555,04:46:04.555,mexc,AAVE/USDT:USDT,,,,,297.88,29941972.0,87079549.8794
1753505166546,04:46:06.546,mexc,AAVE/USDT:USDT,,,,,297.88,29941976.0,87079561.7946
1753505166546,04:46:06.546,mexc,AAVE/USDT:USDT,,,,,297.88,29941976.0,87079561.7946
1753505172549,04:46:12.549,mexc,AAVE/USDT:USDT,,,,,297.87,29953552.0,87114043.2258
1753505174560,04:46:14.560,mexc,AAVE/USDT:USDT,,,,,297.87,29953552.0,87114043.2258
1753505174560,04:46:14.560,mexc,AAVE/USDT:USDT,,,,,297.87,29953552.0,87114043.2258
1753505174560,04:46:14.560,mexc,AAVE/USDT:USDT,,,,,297.87,29953552.0,87114043.2258
1753505174560,04:46:14.560,mexc,AAVE/USDT:USDT,,,,,297.87,29953552.0,87114043.2258
1753505174560,04:46:14.560,mexc,AAVE/USDT:USDT,,,,,297.87,29953552.0,87114043.2258
1753505174560,04:46:14.560,mexc,AAVE/USDT:USDT,,,,,297.87,29953552.0,87114043.2258
1753505188555,04:46:28.555,mexc,AAVE/USDT:USDT,,,,,297.91,29953581.0,87114129.6197
1753505188555,04:46:28.555,mexc,AAVE/USDT:USDT,,,,,297.91,29953581.0,87114129.6197
1753505188555,04:46:28.555,mexc,AAVE/USDT:USDT,,,,,297.91,29953581.0,87114129.6197
1753505194555,04:46:34.555,mexc,AAVE/USDT:USDT,,,,,297.92,29953587.0,87114147.4949
1753505196555,04:46:36.555,mexc,AAVE/USDT:USDT,,,,,297.92,29953587.0,87114147.4949
1753505200551,04:46:40.551,mexc,AAVE/USDT:USDT,,,,,297.88,29954241.0,87116095.6319
1753505202544,04:46:42.544,mexc,AAVE/USDT:USDT,,,,,297.88,29954241.0,87116095.6319
1753505202544,04:46:42.544,mexc,AAVE/USDT:USDT,,,,,297.88,29954241.0,87116095.6319
1753505206546,04:46:46.546,mexc,AAVE/USDT:USDT,,,,,297.88,29954241.0,87116095.6319
1753505206546,04:46:46.546,mexc,AAVE/USDT:USDT,,,,,297.88,29954241.0,87116095.6319
1753505210607,04:46:50.607,mexc,AAVE/USDT:USDT,,,,,297.88,29954241.0,87116095.6319
1753505214557,04:46:54.557,mexc,AAVE/USDT:USDT,,,,,297.84,29954248.0,87116116.4807
1753505216554,04:46:56.554,mexc,AAVE/USDT:USDT,,,,,297.8,29955492.0,87119821.1127
1753505216554,04:46:56.554,mexc,AAVE/USDT:USDT,,,,,297.8,29955492.0,87119821.1127
1753505220635,04:47:00.635,mexc,AAVE/USDT:USDT,,,,,297.8,29955492.0,87119821.1127
1753505222543,04:47:02.543,mexc,AAVE/USDT:USDT,,,,,297.8,29955492.0,87119821.1127
1753505222543,04:47:02.543,mexc,AAVE/USDT:USDT,,,,,297.8,29955492.0,87119821.1127
1753505228541,04:47:08.541,mexc,AAVE/USDT:USDT,,,,,297.7,29955493.0,87119824.0897
1753505230557,04:47:10.557,mexc,AAVE/USDT:USDT,,,,,297.7,29955618.0,87120196.2147
1753505232549,04:47:12.549,mexc,AAVE/USDT:USDT,,,,,297.69,29958618.0,87129126.9147
1753505232549,04:47:12.549,mexc,AAVE/USDT:USDT,,,,,297.69,29958618.0,87129126.9147
1753505236545,04:47:16.545,mexc,AAVE/USDT:USDT,,,,,297.63,29960682.0,87135269.9979
1753505238561,04:47:18.561,mexc,AAVE/USDT:USDT,,,,,297.63,29960682.0,87135269.9979
1753505242541,04:47:22.541,mexc,AAVE/USDT:USDT,,,,,297.63,29960682.0,87135269.9979
1753505244541,04:47:24.541,mexc,AAVE/USDT:USDT,,,,,297.59,29960686.0,87135281.9015
1753505246536,04:47:26.536,mexc,AAVE/USDT:USDT,,,,,297.59,29960686.0,87135281.9015
1753505248550,04:47:28.550,mexc,AAVE/USDT:USDT,,,,,297.59,29960686.0,87135281.9015
1753505250582,04:47:30.582,mexc,AAVE/USDT:USDT,,,,,297.59,29961086.0,87136472.2615
1753505252554,04:47:32.554,mexc,AAVE/USDT:USDT,,,,,297.59,29961086.0,87136472.2615
1753505256544,04:47:36.544,mexc,AAVE/USDT:USDT,,,,,297.67,29966762.0,87153368.0107
1753505258557,04:47:38.557,mexc,AAVE/USDT:USDT,,,,,297.67,29966762.0,87153368.0107
1753505260553,04:47:40.553,mexc,AAVE/USDT:USDT,,,,,297.67,29966762.0,87153368.0107
1753505262549,04:47:42.549,mexc,AAVE/USDT:USDT,,,,,297.67,29966762.0,87153368.0107
1753505264554,04:47:44.554,mexc,AAVE/USDT:USDT,,,,,297.67,29966762.0,87153368.0107
1753505266555,04:47:46.555,mexc,AAVE/USDT:USDT,,,,,297.67,29966762.0,87153368.0107
1753505270564,04:47:50.564,mexc,AAVE/USDT:USDT,,,,,297.8,29966766.0,87153379.9227
