timestamp,time,exchange,symbol,bid,bidVolume,ask,askVolume,lastPrice,baseVolume,quoteVolume
1753504786623,04:39:46.623,mexc,ALGO/USDT:USDT,,,,,0.2697,85335600.0,22183477.453
1753504788618,04:39:48.618,mexc,ALGO/USDT:USDT,,,,,0.2699,85335667.0,22183495.5363
1753504792621,04:39:52.621,mexc,ALGO/USDT:USDT,,,,,0.2699,85349867.0,22187326.0356
1753504792621,04:39:52.621,mexc,ALGO/USDT:USDT,,,,,0.2699,85349867.0,22187326.0356
1753504792621,04:39:52.621,mexc,ALGO/USDT:USDT,,,,,0.2699,85349867.0,22187326.0356
1753504792621,04:39:52.621,mexc,ALGO/USDT:USDT,,,,,0.2699,85349867.0,22187326.0356
1753504800801,04:40:00.801,mexc,ALGO/USDT:USDT,,,,,0.2698,85365054.0,22191423.6995
1753504800801,04:40:00.801,mexc,ALGO/USDT:USDT,,,,,0.2698,85365054.0,22191423.6995
1753504800801,04:40:00.801,mexc,ALGO/USDT:USDT,,,,,0.2698,85365054.0,22191423.6995
1753504800801,04:40:00.801,mexc,ALGO/USDT:USDT,,,,,0.2698,85365054.0,22191423.6995
1753504800801,04:40:00.801,mexc,ALGO/USDT:USDT,,,,,0.2698,85365054.0,22191423.6995
1753504800801,04:40:00.801,mexc,ALGO/USDT:USDT,,,,,0.2698,85365054.0,22191423.6995
1753504814623,04:40:14.623,mexc,ALGO/USDT:USDT,,,,,0.2699,85365119.0,22191441.243
1753504816609,04:40:16.609,mexc,ALGO/USDT:USDT,,,,,0.2699,85365119.0,22191441.243
1753504820624,04:40:20.624,mexc,ALGO/USDT:USDT,,,,,0.2699,85365181.0,22191457.9768
1753504820624,04:40:20.624,mexc,ALGO/USDT:USDT,,,,,0.2699,85365181.0,22191457.9768
1753504820624,04:40:20.624,mexc,ALGO/USDT:USDT,,,,,0.2699,85365181.0,22191457.9768
1753504826629,04:40:26.629,mexc,ALGO/USDT:USDT,,,,,0.27,85365237.0,22191473.0968
1753504828622,04:40:28.622,mexc,ALGO/USDT:USDT,,,,,0.27,85365237.0,22191473.0968
1753504830666,04:40:30.666,mexc,ALGO/USDT:USDT,,,,,0.27,85365237.0,22191473.0968
1753504830666,04:40:30.666,mexc,ALGO/USDT:USDT,,,,,0.27,85365237.0,22191473.0968
1753504830666,04:40:30.666,mexc,ALGO/USDT:USDT,,,,,0.27,85365237.0,22191473.0968
1753504830666,04:40:30.666,mexc,ALGO/USDT:USDT,,,,,0.27,85365237.0,22191473.0968
1753504830666,04:40:30.666,mexc,ALGO/USDT:USDT,,,,,0.27,85365237.0,22191473.0968
1753504842621,04:40:42.621,mexc,ALGO/USDT:USDT,,,,,0.2699,85365284.0,22191485.7821
1753504842621,04:40:42.621,mexc,ALGO/USDT:USDT,,,,,0.2699,85365284.0,22191485.7821
1753504848614,04:40:48.614,mexc,ALGO/USDT:USDT,,,,,0.2699,85365284.0,22191485.7821
1753504850614,04:40:50.614,mexc,ALGO/USDT:USDT,,,,,0.2699,85372694.0,22193485.7411
1753504850614,04:40:50.614,mexc,ALGO/USDT:USDT,,,,,0.2699,85372694.0,22193485.7411
1753504850614,04:40:50.614,mexc,ALGO/USDT:USDT,,,,,0.2699,85372694.0,22193485.7411
1753504850614,04:40:50.614,mexc,ALGO/USDT:USDT,,,,,0.2699,85372694.0,22193485.7411
1753504850614,04:40:50.614,mexc,ALGO/USDT:USDT,,,,,0.2699,85372694.0,22193485.7411
1753504862625,04:41:02.625,mexc,ALGO/USDT:USDT,,,,,0.2699,85372750.0,22193500.8555
1753504862625,04:41:02.625,mexc,ALGO/USDT:USDT,,,,,0.2699,85372750.0,22193500.8555
1753504862625,04:41:02.625,mexc,ALGO/USDT:USDT,,,,,0.2699,85372750.0,22193500.8555
1753504868612,04:41:08.612,mexc,ALGO/USDT:USDT,,,,,0.2699,85372778.0,22193508.4127
1753504868612,04:41:08.612,mexc,ALGO/USDT:USDT,,,,,0.2699,85372778.0,22193508.4127
1753504868612,04:41:08.612,mexc,ALGO/USDT:USDT,,,,,0.2699,85372778.0,22193508.4127
1753504876624,04:41:16.624,mexc,ALGO/USDT:USDT,,,,,0.2699,85372778.0,22193508.4127
1753504878619,04:41:18.619,mexc,ALGO/USDT:USDT,,,,,0.2699,85372778.0,22193508.4127
1753504878619,04:41:18.619,mexc,ALGO/USDT:USDT,,,,,0.2699,85372778.0,22193508.4127
1753504882609,04:41:22.609,mexc,ALGO/USDT:USDT,,,,,0.27,85372820.0,22193519.7527
1753504882609,04:41:22.609,mexc,ALGO/USDT:USDT,,,,,0.27,85372820.0,22193519.7527
1753504882609,04:41:22.609,mexc,ALGO/USDT:USDT,,,,,0.27,85372820.0,22193519.7527
1753504882609,04:41:22.609,mexc,ALGO/USDT:USDT,,,,,0.27,85372820.0,22193519.7527
1753504882609,04:41:22.609,mexc,ALGO/USDT:USDT,,,,,0.27,85372820.0,22193519.7527
1753504882609,04:41:22.609,mexc,ALGO/USDT:USDT,,,,,0.27,85372820.0,22193519.7527
1753504896618,04:41:36.618,mexc,ALGO/USDT:USDT,,,,,0.27,85372840.0,22193525.1527
1753504896618,04:41:36.618,mexc,ALGO/USDT:USDT,,,,,0.27,85372840.0,22193525.1527
1753504896618,04:41:36.618,mexc,ALGO/USDT:USDT,,,,,0.27,85372840.0,22193525.1527
1753504904620,04:41:44.620,mexc,ALGO/USDT:USDT,,,,,0.27,85372840.0,22193525.1527
1753504904620,04:41:44.620,mexc,ALGO/USDT:USDT,,,,,0.27,85372840.0,22193525.1527
1753504908623,04:41:48.623,mexc,ALGO/USDT:USDT,,,,,0.27,85372840.0,22193525.1527
1753504910614,04:41:50.614,mexc,ALGO/USDT:USDT,,,,,0.2699,85372900.0,22193541.3467
1753504910614,04:41:50.614,mexc,ALGO/USDT:USDT,,,,,0.2699,85372900.0,22193541.3467
1753504910614,04:41:50.614,mexc,ALGO/USDT:USDT,,,,,0.2699,85372900.0,22193541.3467
1753504910614,04:41:50.614,mexc,ALGO/USDT:USDT,,,,,0.2699,85372900.0,22193541.3467
1753504910614,04:41:50.614,mexc,ALGO/USDT:USDT,,,,,0.2699,85372900.0,22193541.3467
1753504910614,04:41:50.614,mexc,ALGO/USDT:USDT,,,,,0.2699,85372900.0,22193541.3467
1753504910614,04:41:50.614,mexc,ALGO/USDT:USDT,,,,,0.2699,85372900.0,22193541.3467
1753504926640,04:42:06.640,mexc,ALGO/USDT:USDT,,,,,0.2701,85372921.0,22193547.0188
1753504926640,04:42:06.640,mexc,ALGO/USDT:USDT,,,,,0.2701,85372921.0,22193547.0188
1753504926640,04:42:06.640,mexc,ALGO/USDT:USDT,,,,,0.2701,85372921.0,22193547.0188
1753504934622,04:42:14.622,mexc,ALGO/USDT:USDT,,,,,0.2701,85372992.0,22193566.1959
1753504936619,04:42:16.619,mexc,ALGO/USDT:USDT,,,,,0.2701,85372993.0,22193566.466
1753504938620,04:42:18.620,mexc,ALGO/USDT:USDT,,,,,0.2701,85372993.0,22193566.466
1753504940621,04:42:20.621,mexc,ALGO/USDT:USDT,,,,,0.2701,85372993.0,22193566.466
1753504940621,04:42:20.621,mexc,ALGO/USDT:USDT,,,,,0.2701,85372993.0,22193566.466
1753504946634,04:42:26.634,mexc,ALGO/USDT:USDT,,,,,0.2701,85372993.0,22193566.466
1753504948642,04:42:28.642,mexc,ALGO/USDT:USDT,,,,,0.2701,85372993.0,22193566.466
1753504948642,04:42:28.642,mexc,ALGO/USDT:USDT,,,,,0.2701,85372993.0,22193566.466
1753504952617,04:42:32.617,mexc,ALGO/USDT:USDT,,,,,0.27,85375521.0,22194249.2759
1753504954620,04:42:34.620,mexc,ALGO/USDT:USDT,,,,,0.27,85375521.0,22194249.2759
