timestamp,time,exchange,symbol,bid,bidVolume,ask,askVolume,lastPrice,baseVolume,quoteVolume
1753504786507,04:39:46.507,mexc,ADA/USDT:USDT,,,,,0.8272,813825458.0,650671927.125
1753504788503,04:39:48.503,mexc,ADA/USDT:USDT,,,,,0.8272,813825458.0,650671927.125
1753504792505,04:39:52.505,mexc,ADA/USDT:USDT,,,,,0.827,813828974.0,650674834.857
1753504794501,04:39:54.501,mexc,ADA/USDT:USDT,,,,,0.827,813829350.0,650675145.809
1753504796506,04:39:56.506,mexc,ADA/USDT:USDT,,,,,0.8269,813829942.0,650675635.3338
1753504796506,04:39:56.506,mexc,ADA/USDT:USDT,,,,,0.8269,813829942.0,650675635.3338
1753504800671,04:40:00.671,mexc,ADA/USDT:USDT,,,,,0.827,813849942.0,650692175.3338
1753504802487,04:40:02.487,mexc,ADA/USDT:USDT,,,,,0.827,813853570.0,650695175.6898
1753504806504,04:40:06.504,mexc,ADA/USDT:USDT,,,,,0.8269,813854797.0,650696190.2961
1753504806504,04:40:06.504,mexc,ADA/USDT:USDT,,,,,0.8269,813854797.0,650696190.2961
1753504806504,04:40:06.504,mexc,ADA/USDT:USDT,,,,,0.8269,813854797.0,650696190.2961
1753504812509,04:40:12.509,mexc,ADA/USDT:USDT,,,,,0.8268,813869698.0,650708510.6448
1753504812509,04:40:12.509,mexc,ADA/USDT:USDT,,,,,0.8268,813869698.0,650708510.6448
1753504812509,04:40:12.509,mexc,ADA/USDT:USDT,,,,,0.8268,813869698.0,650708510.6448
1753504812509,04:40:12.509,mexc,ADA/USDT:USDT,,,,,0.8268,813869698.0,650708510.6448
1753504812509,04:40:12.509,mexc,ADA/USDT:USDT,,,,,0.8268,813869698.0,650708510.6448
1753504824510,04:40:24.510,mexc,ADA/USDT:USDT,,,,,0.8271,813870150.0,650708884.494
1753504826513,04:40:26.513,mexc,ADA/USDT:USDT,,,,,0.827,813870666.0,650709311.226
1753504828504,04:40:28.504,mexc,ADA/USDT:USDT,,,,,0.827,814760126.0,651444894.646
1753504830549,04:40:30.549,mexc,ADA/USDT:USDT,,,,,0.827,814760126.0,651444894.646
1753504834498,04:40:34.498,mexc,ADA/USDT:USDT,,,,,0.8268,814935061.0,651589583.266
1753504836506,04:40:36.506,mexc,ADA/USDT:USDT,,,,,0.8269,814936712.0,651590948.4779
1753504838504,04:40:38.504,mexc,ADA/USDT:USDT,,,,,0.8269,814936712.0,651590948.4779
1753504840578,04:40:40.578,mexc,ADA/USDT:USDT,,,,,0.8265,814937704.0,651591768.3659
1753504840578,04:40:40.578,mexc,ADA/USDT:USDT,,,,,0.8265,814937704.0,651591768.3659
1753504844523,04:40:44.523,mexc,ADA/USDT:USDT,,,,,0.8265,814937704.0,651591768.3659
1753504848498,04:40:48.498,mexc,ADA/USDT:USDT,,,,,0.8263,814937890.0,651591922.0577
1753504850494,04:40:50.494,mexc,ADA/USDT:USDT,,,,,0.8263,814938482.0,651592411.2273
1753504850494,04:40:50.494,mexc,ADA/USDT:USDT,,,,,0.8263,814938482.0,651592411.2273
1753504850494,04:40:50.494,mexc,ADA/USDT:USDT,,,,,0.8263,814938482.0,651592411.2273
1753504850494,04:40:50.494,mexc,ADA/USDT:USDT,,,,,0.8263,814938482.0,651592411.2273
1753504850494,04:40:50.494,mexc,ADA/USDT:USDT,,,,,0.8263,814938482.0,651592411.2273
1753504862507,04:41:02.507,mexc,ADA/USDT:USDT,,,,,0.8263,814938803.0,651592676.4696
1753504864532,04:41:04.532,mexc,ADA/USDT:USDT,,,,,0.8263,814938803.0,651592676.4696
1753504866507,04:41:06.507,mexc,ADA/USDT:USDT,,,,,0.8264,814939773.0,651593478.0776
1753504866507,04:41:06.507,mexc,ADA/USDT:USDT,,,,,0.8264,814939773.0,651593478.0776
1753504870503,04:41:10.503,mexc,ADA/USDT:USDT,,,,,0.8263,814940560.0,651594128.4363
1753504872549,04:41:12.549,mexc,ADA/USDT:USDT,,,,,0.8263,814940852.0,651594369.7159
1753504876505,04:41:16.505,mexc,ADA/USDT:USDT,,,,,0.8263,814940852.0,651594369.7159
1753504878501,04:41:18.501,mexc,ADA/USDT:USDT,,,,,0.8262,814947386.0,651599768.1067
1753504878501,04:41:18.501,mexc,ADA/USDT:USDT,,,,,0.8262,814947386.0,651599768.1067
1753504878501,04:41:18.501,mexc,ADA/USDT:USDT,,,,,0.8262,814947386.0,651599768.1067
1753504878501,04:41:18.501,mexc,ADA/USDT:USDT,,,,,0.8262,814947386.0,651599768.1067
1753504878501,04:41:18.501,mexc,ADA/USDT:USDT,,,,,0.8262,814947386.0,651599768.1067
1753504890520,04:41:30.520,mexc,ADA/USDT:USDT,,,,,0.8262,814953437.0,651604767.4429
1753504892498,04:41:32.498,mexc,ADA/USDT:USDT,,,,,0.8262,814958278.0,651608767.0771
1753504892498,04:41:32.498,mexc,ADA/USDT:USDT,,,,,0.8262,814958278.0,651608767.0771
1753504896501,04:41:36.501,mexc,ADA/USDT:USDT,,,,,0.8262,814958278.0,651608767.0771
1753504898499,04:41:38.499,mexc,ADA/USDT:USDT,,,,,0.8261,814958884.0,651609267.6937
1753504898499,04:41:38.499,mexc,ADA/USDT:USDT,,,,,0.8261,814958884.0,651609267.6937
1753504904505,04:41:44.505,mexc,ADA/USDT:USDT,,,,,0.8262,814959405.0,651609698.1439
1753504904505,04:41:44.505,mexc,ADA/USDT:USDT,,,,,0.8262,814959405.0,651609698.1439
1753504908505,04:41:48.505,mexc,ADA/USDT:USDT,,,,,0.8262,814959405.0,651609698.1439
1753504910498,04:41:50.498,mexc,ADA/USDT:USDT,,,,,0.8262,814959405.0,651609698.1439
1753504912565,04:41:52.565,mexc,ADA/USDT:USDT,,,,,0.8263,814960003.0,651610192.2713
1753504912565,04:41:52.565,mexc,ADA/USDT:USDT,,,,,0.8263,814960003.0,651610192.2713
1753504918512,04:41:58.512,mexc,ADA/USDT:USDT,,,,,0.8263,814960003.0,651610192.2713
1753504918512,04:41:58.512,mexc,ADA/USDT:USDT,,,,,0.8263,814960003.0,651610192.2713
1753504918512,04:41:58.512,mexc,ADA/USDT:USDT,,,,,0.8263,814960003.0,651610192.2713
1753504924497,04:42:04.497,mexc,ADA/USDT:USDT,,,,,0.8263,814961778.0,651611658.9538
1753504926523,04:42:06.523,mexc,ADA/USDT:USDT,,,,,0.8265,814963166.0,651612806.1358
1753504928507,04:42:08.507,mexc,ADA/USDT:USDT,,,,,0.8267,814963687.0,651613236.8465
1753504932573,04:42:12.573,mexc,ADA/USDT:USDT,,,,,0.8266,814964034.0,651613523.6767
1753504934505,04:42:14.505,mexc,ADA/USDT:USDT,,,,,0.8267,814964634.0,651614019.6968
1753504936502,04:42:16.502,mexc,ADA/USDT:USDT,,,,,0.8268,814964740.0,651614107.3376
1753504938503,04:42:18.503,mexc,ADA/USDT:USDT,,,,,0.8268,814965252.0,651614530.6592
1753504938503,04:42:18.503,mexc,ADA/USDT:USDT,,,,,0.8268,814965252.0,651614530.6592
1753504942505,04:42:22.505,mexc,ADA/USDT:USDT,,,,,0.8267,814965861.0,651615034.1195
1753504942505,04:42:22.505,mexc,ADA/USDT:USDT,,,,,0.8267,814965861.0,651615034.1195
1753504948512,04:42:28.512,mexc,ADA/USDT:USDT,,,,,0.8268,814966182.0,651615299.5223
1753504950519,04:42:30.519,mexc,ADA/USDT:USDT,,,,,0.8268,814966182.0,651615299.5223
1753504952499,04:42:32.499,mexc,ADA/USDT:USDT,,,,,0.8268,814968653.0,651617342.5451
1753504952499,04:42:32.499,mexc,ADA/USDT:USDT,,,,,0.8268,814968653.0,651617342.5451
1753504952499,04:42:32.499,mexc,ADA/USDT:USDT,,,,,0.8268,814968653.0,651617342.5451
1753504960484,04:42:40.484,mexc,ADA/USDT:USDT,,,,,0.8267,814968704.0,651617384.7068
1753504960484,04:42:40.484,mexc,ADA/USDT:USDT,,,,,0.8267,814968704.0,651617384.7068
1753504960484,04:42:40.484,mexc,ADA/USDT:USDT,,,,,0.8267,814968704.0,651617384.7068
1753504960484,04:42:40.484,mexc,ADA/USDT:USDT,,,,,0.8267,814968704.0,651617384.7068
1753504960484,04:42:40.484,mexc,ADA/USDT:USDT,,,,,0.8267,814968704.0,651617384.7068
1753504960484,04:42:40.484,mexc,ADA/USDT:USDT,,,,,0.8267,814968704.0,651617384.7068
1753504974507,04:42:54.507,mexc,ADA/USDT:USDT,,,,,0.8271,814968710.0,651617389.6694
1753504976499,04:42:56.499,mexc,ADA/USDT:USDT,,,,,0.8269,814968990.0,651617621.2014
1753504978515,04:42:58.515,mexc,ADA/USDT:USDT,,,,,0.8269,814975496.0,651623001.0128
1753504980527,04:43:00.527,mexc,ADA/USDT:USDT,,,,,0.8269,814975517.0,651623018.3777
1753504982501,04:43:02.501,mexc,ADA/USDT:USDT,,,,,0.8269,814975517.0,651623018.3777
1753504984510,04:43:04.510,mexc,ADA/USDT:USDT,,,,,0.8269,814975517.0,651623018.3777
1753504988489,04:43:08.489,mexc,ADA/USDT:USDT,,,,,0.8266,814977797.0,651624903.4367
1753504988489,04:43:08.489,mexc,ADA/USDT:USDT,,,,,0.8266,814977797.0,651624903.4367
1753504992507,04:43:12.507,mexc,ADA/USDT:USDT,,,,,0.8268,814977982.0,651625056.3947
1753504992507,04:43:12.507,mexc,ADA/USDT:USDT,,,,,0.8268,814977982.0,651625056.3947
1753504996500,04:43:16.500,mexc,ADA/USDT:USDT,,,,,0.8268,814977982.0,651625056.3947
1753504998503,04:43:18.503,mexc,ADA/USDT:USDT,,,,,0.8268,814977982.0,651625056.3947
1753505002484,04:43:22.484,mexc,ADA/USDT:USDT,,,,,0.8268,814977982.0,651625056.3947
1753505004496,04:43:24.496,mexc,ADA/USDT:USDT,,,,,0.8269,814978194.0,651625231.6575
1753505004496,04:43:24.496,mexc,ADA/USDT:USDT,,,,,0.8269,814978194.0,651625231.6575
1753505008485,04:43:28.485,mexc,ADA/USDT:USDT,,,,,0.8269,814978194.0,651625231.6575
1753505008485,04:43:28.485,mexc,ADA/USDT:USDT,,,,,0.8269,814978194.0,651625231.6575
1753505012500,04:43:32.500,mexc,ADA/USDT:USDT,,,,,0.8269,814978194.0,651625231.6575
1753505012500,04:43:32.500,mexc,ADA/USDT:USDT,,,,,0.8269,814978194.0,651625231.6575
1753505012500,04:43:32.500,mexc,ADA/USDT:USDT,,,,,0.8269,814978194.0,651625231.6575
1753505020500,04:43:40.500,mexc,ADA/USDT:USDT,,,,,0.8269,814978209.0,651625244.061
1753505020500,04:43:40.500,mexc,ADA/USDT:USDT,,,,,0.8269,814978209.0,651625244.061
1753505024538,04:43:44.538,mexc,ADA/USDT:USDT,,,,,0.8267,814981288.0,651627789.4703
1753505024538,04:43:44.538,mexc,ADA/USDT:USDT,,,,,0.8267,814981288.0,651627789.4703
1753505024538,04:43:44.538,mexc,ADA/USDT:USDT,,,,,0.8267,814981288.0,651627789.4703
1753505032506,04:43:52.506,mexc,ADA/USDT:USDT,,,,,0.8268,814983828.0,651629889.5423
1753505032506,04:43:52.506,mexc,ADA/USDT:USDT,,,,,0.8268,814983828.0,651629889.5423
1753505032506,04:43:52.506,mexc,ADA/USDT:USDT,,,,,0.8268,814983828.0,651629889.5423
1753505032506,04:43:52.506,mexc,ADA/USDT:USDT,,,,,0.8268,814983828.0,651629889.5423
1753505032506,04:43:52.506,mexc,ADA/USDT:USDT,,,,,0.8268,814983828.0,651629889.5423
1753505044490,04:44:04.490,mexc,ADA/USDT:USDT,,,,,0.8267,814983836.0,651629896.1559
1753505046500,04:44:06.500,mexc,ADA/USDT:USDT,,,,,0.8267,814983836.0,651629896.1559
1753505048492,04:44:08.492,mexc,ADA/USDT:USDT,,,,,0.8266,815002389.0,651645232.6328
1753505050503,04:44:10.503,mexc,ADA/USDT:USDT,,,,,0.8265,815002544.0,651645360.7403
1753505052502,04:44:12.502,mexc,ADA/USDT:USDT,,,,,0.8266,815003544.0,651646187.3403
1753505052502,04:44:12.502,mexc,ADA/USDT:USDT,,,,,0.8266,815003544.0,651646187.3403
1753505052502,04:44:12.502,mexc,ADA/USDT:USDT,,,,,0.8266,815003544.0,651646187.3403
1753505060529,04:44:20.529,mexc,ADA/USDT:USDT,,,,,0.8266,815016671.0,651657038.1185
1753505062498,04:44:22.498,mexc,ADA/USDT:USDT,,,,,0.8265,815016673.0,651657039.7716
1753505062498,04:44:22.498,mexc,ADA/USDT:USDT,,,,,0.8265,815016673.0,651657039.7716
1753505062498,04:44:22.498,mexc,ADA/USDT:USDT,,,,,0.8265,815016673.0,651657039.7716
1753505062498,04:44:22.498,mexc,ADA/USDT:USDT,,,,,0.8265,815016673.0,651657039.7716
1753505070529,04:44:30.529,mexc,ADA/USDT:USDT,,,,,0.8266,815016692.0,651657055.477
1753505074499,04:44:34.499,mexc,ADA/USDT:USDT,,,,,0.8266,815016692.0,651657055.477
1753505076505,04:44:36.505,mexc,ADA/USDT:USDT,,,,,0.8265,815016716.0,651657075.313
1753505076505,04:44:36.505,mexc,ADA/USDT:USDT,,,,,0.8265,815016716.0,651657075.313
1753505076505,04:44:36.505,mexc,ADA/USDT:USDT,,,,,0.8265,815016716.0,651657075.313
1753505076505,04:44:36.505,mexc,ADA/USDT:USDT,,,,,0.8265,815016716.0,651657075.313
1753505076505,04:44:36.505,mexc,ADA/USDT:USDT,,,,,0.8265,815016716.0,651657075.313
1753505088496,04:44:48.496,mexc,ADA/USDT:USDT,,,,,0.8265,815016957.0,651657274.4995
1753505088496,04:44:48.496,mexc,ADA/USDT:USDT,,,,,0.8265,815016957.0,651657274.4995
1753505088496,04:44:48.496,mexc,ADA/USDT:USDT,,,,,0.8265,815016957.0,651657274.4995
1753505094502,04:44:54.502,mexc,ADA/USDT:USDT,,,,,0.8265,815017398.0,651657638.986
1753505094502,04:44:54.502,mexc,ADA/USDT:USDT,,,,,0.8265,815017398.0,651657638.986
1753505094502,04:44:54.502,mexc,ADA/USDT:USDT,,,,,0.8265,815017398.0,651657638.986
1753505094502,04:44:54.502,mexc,ADA/USDT:USDT,,,,,0.8265,815017398.0,651657638.986
1753505094502,04:44:54.502,mexc,ADA/USDT:USDT,,,,,0.8265,815017398.0,651657638.986
1753505106527,04:45:06.527,mexc,ADA/USDT:USDT,,,,,0.8265,815017398.0,651657638.986
1753505108530,04:45:08.530,mexc,ADA/USDT:USDT,,,,,0.8264,815017409.0,651657648.0764
1753505108530,04:45:08.530,mexc,ADA/USDT:USDT,,,,,0.8264,815017409.0,651657648.0764
1753505112502,04:45:12.502,mexc,ADA/USDT:USDT,,,,,0.8264,815017409.0,651657648.0764
1753505116502,04:45:16.502,mexc,ADA/USDT:USDT,,,,,0.8262,815034790.0,651672008.353
1753505118538,04:45:18.538,mexc,ADA/USDT:USDT,,,,,0.8263,815034794.0,651672011.6582
1753505120538,04:45:20.538,mexc,ADA/USDT:USDT,,,,,0.8264,815035403.0,651672514.9358
1753505120538,04:45:20.538,mexc,ADA/USDT:USDT,,,,,0.8264,815035403.0,651672514.9358
1753505124498,04:45:24.498,mexc,ADA/USDT:USDT,,,,,0.8263,815035433.0,651672539.7248
1753505126493,04:45:26.493,mexc,ADA/USDT:USDT,,,,,0.8262,815035436.0,651672542.2034
1753505126493,04:45:26.493,mexc,ADA/USDT:USDT,,,,,0.8262,815035436.0,651672542.2034
1753505132472,04:45:32.472,mexc,ADA/USDT:USDT,,,,,0.8262,815035436.0,651672542.2034
1753505132472,04:45:32.472,mexc,ADA/USDT:USDT,,,,,0.8262,815035436.0,651672542.2034
1753505136479,04:45:36.479,mexc,ADA/USDT:USDT,,,,,0.8262,815035436.0,651672542.2034
1753505138496,04:45:38.496,mexc,ADA/USDT:USDT,,,,,0.8262,815035436.0,651672542.2034
1753505140500,04:45:40.500,mexc,ADA/USDT:USDT,,,,,0.826,815035445.0,651672549.6382
1753505140500,04:45:40.500,mexc,ADA/USDT:USDT,,,,,0.826,815035445.0,651672549.6382
1753505140500,04:45:40.500,mexc,ADA/USDT:USDT,,,,,0.826,815035445.0,651672549.6382
1753505148564,04:45:48.564,mexc,ADA/USDT:USDT,,,,,0.8262,815038480.0,651675056.5524
1753505148564,04:45:48.564,mexc,ADA/USDT:USDT,,,,,0.8262,815038480.0,651675056.5524
1753505152503,04:45:52.503,mexc,ADA/USDT:USDT,,,,,0.8261,815052463.0,651686609.1087
1753505154499,04:45:54.499,mexc,ADA/USDT:USDT,,,,,0.8261,815052463.0,651686609.1087
1753505158520,04:45:58.520,mexc,ADA/USDT:USDT,,,,,0.8261,815052677.0,651686785.8941
1753505160546,04:46:00.546,mexc,ADA/USDT:USDT,,,,,0.8261,815052798.0,651686885.8522
1753505160546,04:46:00.546,mexc,ADA/USDT:USDT,,,,,0.8261,815052798.0,651686885.8522
1753505160546,04:46:00.546,mexc,ADA/USDT:USDT,,,,,0.8261,815052798.0,651686885.8522
1753505160546,04:46:00.546,mexc,ADA/USDT:USDT,,,,,0.8261,815052798.0,651686885.8522
1753505168503,04:46:08.503,mexc,ADA/USDT:USDT,,,,,0.8262,815054247.0,651688083.0039
1753505168503,04:46:08.503,mexc,ADA/USDT:USDT,,,,,0.8262,815054247.0,651688083.0039
1753505168503,04:46:08.503,mexc,ADA/USDT:USDT,,,,,0.8262,815054247.0,651688083.0039
1753505176492,04:46:16.492,mexc,ADA/USDT:USDT,,,,,0.8261,815055712.0,651689293.2405
1753505176492,04:46:16.492,mexc,ADA/USDT:USDT,,,,,0.8261,815055712.0,651689293.2405
1753505176492,04:46:16.492,mexc,ADA/USDT:USDT,,,,,0.8261,815055712.0,651689293.2405
1753505176492,04:46:16.492,mexc,ADA/USDT:USDT,,,,,0.8261,815055712.0,651689293.2405
1753505186519,04:46:26.519,mexc,ADA/USDT:USDT,,,,,0.8262,815055823.0,651689384.9487
1753505186519,04:46:26.519,mexc,ADA/USDT:USDT,,,,,0.8262,815055823.0,651689384.9487
1753505186519,04:46:26.519,mexc,ADA/USDT:USDT,,,,,0.8262,815055823.0,651689384.9487
1753505192511,04:46:32.511,mexc,ADA/USDT:USDT,,,,,0.8262,815056078.0,651689595.6297
1753505192511,04:46:32.511,mexc,ADA/USDT:USDT,,,,,0.8262,815056078.0,651689595.6297
1753505196507,04:46:36.507,mexc,ADA/USDT:USDT,,,,,0.8262,815056078.0,651689595.6297
1753505200502,04:46:40.502,mexc,ADA/USDT:USDT,,,,,0.8261,815056261.0,651689746.806
1753505200502,04:46:40.502,mexc,ADA/USDT:USDT,,,,,0.8261,815056261.0,651689746.806
1753505200502,04:46:40.502,mexc,ADA/USDT:USDT,,,,,0.8261,815056261.0,651689746.806
1753505200502,04:46:40.502,mexc,ADA/USDT:USDT,,,,,0.8261,815056261.0,651689746.806
1753505200502,04:46:40.502,mexc,ADA/USDT:USDT,,,,,0.8261,815056261.0,651689746.806
1753505210557,04:46:50.557,mexc,ADA/USDT:USDT,,,,,0.8261,815056261.0,651689746.806
1753505214509,04:46:54.509,mexc,ADA/USDT:USDT,,,,,0.8262,815056280.0,651689762.5038
1753505216506,04:46:56.506,mexc,ADA/USDT:USDT,,,,,0.8261,815056414.0,651689873.2012
1753505218520,04:46:58.520,mexc,ADA/USDT:USDT,,,,,0.8261,815056414.0,651689873.2012
1753505220580,04:47:00.580,mexc,ADA/USDT:USDT,,,,,0.8261,815056716.0,651690122.6834
1753505220580,04:47:00.580,mexc,ADA/USDT:USDT,,,,,0.8261,815056716.0,651690122.6834
1753505220580,04:47:00.580,mexc,ADA/USDT:USDT,,,,,0.8261,815056716.0,651690122.6834
1753505228492,04:47:08.492,mexc,ADA/USDT:USDT,,,,,0.8261,815056716.0,651690122.6834
1753505230507,04:47:10.507,mexc,ADA/USDT:USDT,,,,,0.826,815057228.0,651690545.5954
1753505232500,04:47:12.500,mexc,ADA/USDT:USDT,,,,,0.8259,815057229.0,651690546.4213
1753505234496,04:47:14.496,mexc,ADA/USDT:USDT,,,,,0.8259,815057229.0,651690546.4213
1753505236497,04:47:16.497,mexc,ADA/USDT:USDT,,,,,0.8256,815057230.0,651690547.2469
1753505238512,04:47:18.512,mexc,ADA/USDT:USDT,,,,,0.8255,815057231.0,651690548.0724
1753505242492,04:47:22.492,mexc,ADA/USDT:USDT,,,,,0.8255,815057680.0,651690918.7219
1753505242492,04:47:22.492,mexc,ADA/USDT:USDT,,,,,0.8255,815057680.0,651690918.7219
1753505246487,04:47:26.487,mexc,ADA/USDT:USDT,,,,,0.8257,815058384.0,651691499.9973
1753505246487,04:47:26.487,mexc,ADA/USDT:USDT,,,,,0.8257,815058384.0,651691499.9973
1753505250533,04:47:30.533,mexc,ADA/USDT:USDT,,,,,0.8257,815060806.0,651693499.8427
1753505250533,04:47:30.533,mexc,ADA/USDT:USDT,,,,,0.8257,815060806.0,651693499.8427
1753505256496,04:47:36.496,mexc,ADA/USDT:USDT,,,,,0.8256,815062789.0,651695137.0075
1753505258508,04:47:38.508,mexc,ADA/USDT:USDT,,,,,0.8256,815062789.0,651695137.0075
1753505258508,04:47:38.508,mexc,ADA/USDT:USDT,,,,,0.8256,815062789.0,651695137.0075
1753505258508,04:47:38.508,mexc,ADA/USDT:USDT,,,,,0.8256,815062789.0,651695137.0075
1753505258508,04:47:38.508,mexc,ADA/USDT:USDT,,,,,0.8256,815062789.0,651695137.0075
1753505258508,04:47:38.508,mexc,ADA/USDT:USDT,,,,,0.8256,815062789.0,651695137.0075
1753505270515,04:47:50.515,mexc,ADA/USDT:USDT,,,,,0.8254,815062853.0,651695189.8394
1753505270515,04:47:50.515,mexc,ADA/USDT:USDT,,,,,0.8254,815062853.0,651695189.8394
1753505274505,04:47:54.505,mexc,ADA/USDT:USDT,,,,,0.8254,815062853.0,651695189.8394
1753505276503,04:47:56.503,mexc,ADA/USDT:USDT,,,,,0.8251,815062876.0,651695208.8233
1753505276503,04:47:56.503,mexc,ADA/USDT:USDT,,,,,0.8251,815062876.0,651695208.8233
1753505280529,04:48:00.529,mexc,ADA/USDT:USDT,,,,,0.8251,815062876.0,651695208.8233
1753505284504,04:48:04.504,mexc,ADA/USDT:USDT,,,,,0.8251,815836021.0,652333130.7628
1753505284504,04:48:04.504,mexc,ADA/USDT:USDT,,,,,0.8251,815836021.0,652333130.7628
1753505284504,04:48:04.504,mexc,ADA/USDT:USDT,,,,,0.8251,815836021.0,652333130.7628
1753505290505,04:48:10.505,mexc,ADA/USDT:USDT,,,,,0.8251,815836034.0,652333141.4891
1753505290505,04:48:10.505,mexc,ADA/USDT:USDT,,,,,0.8251,815836034.0,652333141.4891
1753505294512,04:48:14.512,mexc,ADA/USDT:USDT,,,,,0.8254,815839669.0,652336141.8181
1753505294512,04:48:14.512,mexc,ADA/USDT:USDT,,,,,0.8254,815839669.0,652336141.8181
1753505294512,04:48:14.512,mexc,ADA/USDT:USDT,,,,,0.8254,815839669.0,652336141.8181
1753505302540,04:48:22.540,mexc,ADA/USDT:USDT,,,,,0.8252,815839688.0,652336157.4969
1753505302540,04:48:22.540,mexc,ADA/USDT:USDT,,,,,0.8252,815839688.0,652336157.4969
1753505302540,04:48:22.540,mexc,ADA/USDT:USDT,,,,,0.8252,815839688.0,652336157.4969
1753505302540,04:48:22.540,mexc,ADA/USDT:USDT,,,,,0.8252,815839688.0,652336157.4969
1753505312503,04:48:32.503,mexc,ADA/USDT:USDT,,,,,0.8252,815839704.0,652336170.7001
1753505312503,04:48:32.503,mexc,ADA/USDT:USDT,,,,,0.8252,815839704.0,652336170.7001
1753505312503,04:48:32.503,mexc,ADA/USDT:USDT,,,,,0.8252,815839704.0,652336170.7001
1753505318505,04:48:38.505,mexc,ADA/USDT:USDT,,,,,0.8252,815839704.0,652336170.7001
1753505320496,04:48:40.496,mexc,ADA/USDT:USDT,,,,,0.8251,815839718.0,652336182.2515
1753505322502,04:48:42.502,mexc,ADA/USDT:USDT,,,,,0.825,815839722.0,652336185.5515
1753505326494,04:48:46.494,mexc,ADA/USDT:USDT,,,,,0.8252,815903778.0,652389031.8047
1753505326494,04:48:46.494,mexc,ADA/USDT:USDT,,,,,0.8252,815903778.0,652389031.8047
1753505330500,04:48:50.500,mexc,ADA/USDT:USDT,,,,,0.8252,815903778.0,652389031.8047
1753505332564,04:48:52.564,mexc,ADA/USDT:USDT,,,,,0.8255,815916841.0,652399815.3112
1753505332564,04:48:52.564,mexc,ADA/USDT:USDT,,,,,0.8255,815916841.0,652399815.3112
1753505336503,04:48:56.503,mexc,ADA/USDT:USDT,,,,,0.8254,815919466.0,652401981.9862
1753505338513,04:48:58.513,mexc,ADA/USDT:USDT,,,,,0.8252,816073746.0,652529293.8422
1753505342506,04:49:02.506,mexc,ADA/USDT:USDT,,,,,0.8252,816073746.0,652529293.8422
1753505342506,04:49:02.506,mexc,ADA/USDT:USDT,,,,,0.8252,816073746.0,652529293.8422
1753505346501,04:49:06.501,mexc,ADA/USDT:USDT,,,,,0.825,816073749.0,652529296.3172
1753505346501,04:49:06.501,mexc,ADA/USDT:USDT,,,,,0.825,816073749.0,652529296.3172
1753505346501,04:49:06.501,mexc,ADA/USDT:USDT,,,,,0.825,816073749.0,652529296.3172
1753505354491,04:49:14.491,mexc,ADA/USDT:USDT,,,,,0.8254,816083314.0,652537191.2682
1753505354491,04:49:14.491,mexc,ADA/USDT:USDT,,,,,0.8254,816083314.0,652537191.2682
1753505354491,04:49:14.491,mexc,ADA/USDT:USDT,,,,,0.8254,816083314.0,652537191.2682
1753505354491,04:49:14.491,mexc,ADA/USDT:USDT,,,,,0.8254,816083314.0,652537191.2682
1753505354491,04:49:14.491,mexc,ADA/USDT:USDT,,,,,0.8254,816083314.0,652537191.2682
1753505354491,04:49:14.491,mexc,ADA/USDT:USDT,,,,,0.8254,816083314.0,652537191.2682
1753505366502,04:49:26.502,mexc,ADA/USDT:USDT,,,,,0.8254,816083333.0,652537206.9508
1753505370521,04:49:30.521,mexc,ADA/USDT:USDT,,,,,0.8254,816083333.0,652537206.9508
1753505372488,04:49:32.488,mexc,ADA/USDT:USDT,,,,,0.8254,816083333.0,652537206.9508
1753505374503,04:49:34.503,mexc,ADA/USDT:USDT,,,,,0.8254,816092497.0,652544770.9164
1753505374503,04:49:34.503,mexc,ADA/USDT:USDT,,,,,0.8254,816092497.0,652544770.9164
1753505378475,04:49:38.475,mexc,ADA/USDT:USDT,,,,,0.8253,816101139.0,652551903.159
1753505378475,04:49:38.475,mexc,ADA/USDT:USDT,,,,,0.8253,816101139.0,652551903.159
1753505384502,04:49:44.502,mexc,ADA/USDT:USDT,,,,,0.8253,816101139.0,652551903.159
1753505386509,04:49:46.509,mexc,ADA/USDT:USDT,,,,,0.8253,816101139.0,652551903.159
1753505386509,04:49:46.509,mexc,ADA/USDT:USDT,,,,,0.8253,816101139.0,652551903.159
1753505390500,04:49:50.500,mexc,ADA/USDT:USDT,,,,,0.8254,816101250.0,652551994.7784
1753505390500,04:49:50.500,mexc,ADA/USDT:USDT,,,,,0.8254,816101250.0,652551994.7784
1753505390500,04:49:50.500,mexc,ADA/USDT:USDT,,,,,0.8254,816101250.0,652551994.7784
1753505390500,04:49:50.500,mexc,ADA/USDT:USDT,,,,,0.8254,816101250.0,652551994.7784
1753505400652,04:50:00.652,mexc,ADA/USDT:USDT,,,,,0.8253,816103074.0,652553500.1256
1753505402510,04:50:02.510,mexc,ADA/USDT:USDT,,,,,0.8252,816103348.0,652553726.2304
1753505404500,04:50:04.500,mexc,ADA/USDT:USDT,,,,,0.8252,816103548.0,652553891.2704
1753505404500,04:50:04.500,mexc,ADA/USDT:USDT,,,,,0.8252,816103548.0,652553891.2704
1753505412502,04:50:12.502,mexc,ADA/USDT:USDT,,,,,0.8253,816107183.0,652556891.2359
1753505412502,04:50:12.502,mexc,ADA/USDT:USDT,,,,,0.8253,816107183.0,652556891.2359
1753505416494,04:50:16.494,mexc,ADA/USDT:USDT,,,,,0.8253,816107214.0,652556916.8202
1753505418500,04:50:18.500,mexc,ADA/USDT:USDT,,,,,0.8253,816107214.0,652556916.8202
1753505418500,04:50:18.500,mexc,ADA/USDT:USDT,,,,,0.8253,816107214.0,652556916.8202
1753505422508,04:50:22.508,mexc,ADA/USDT:USDT,,,,,0.8252,816107502.0,652557154.4778
1753505426519,04:50:26.519,mexc,ADA/USDT:USDT,,,,,0.8251,816107508.0,652557159.4284
1753505426519,04:50:26.519,mexc,ADA/USDT:USDT,,,,,0.8251,816107508.0,652557159.4284
1753505426519,04:50:26.519,mexc,ADA/USDT:USDT,,,,,0.8251,816107508.0,652557159.4284
1753505426519,04:50:26.519,mexc,ADA/USDT:USDT,,,,,0.8251,816107508.0,652557159.4284
1753505426519,04:50:26.519,mexc,ADA/USDT:USDT,,,,,0.8251,816107508.0,652557159.4284
1753505436507,04:50:36.507,mexc,ADA/USDT:USDT,,,,,0.825,816107510.0,652557161.0785
1753505440494,04:50:40.494,mexc,ADA/USDT:USDT,,,,,0.825,816108843.0,652558260.8035
1753505440494,04:50:40.494,mexc,ADA/USDT:USDT,,,,,0.825,816108843.0,652558260.8035
1753505440494,04:50:40.494,mexc,ADA/USDT:USDT,,,,,0.825,816108843.0,652558260.8035
1753505440494,04:50:40.494,mexc,ADA/USDT:USDT,,,,,0.825,816108843.0,652558260.8035
1753505448493,04:50:48.493,mexc,ADA/USDT:USDT,,,,,0.8251,816108867.0,652558280.6059
1753505450502,04:50:50.502,mexc,ADA/USDT:USDT,,,,,0.8252,816111290.0,652560280.0655
1753505454486,04:50:54.486,mexc,ADA/USDT:USDT,,,,,0.825,816111296.0,652560285.0155
1753505454486,04:50:54.486,mexc,ADA/USDT:USDT,,,,,0.825,816111296.0,652560285.0155
1753505458507,04:50:58.507,mexc,ADA/USDT:USDT,,,,,0.8249,816111297.0,652560285.8404
