timestamp,time,exchange,symbol,bid,bidVolume,ask,askVolume,lastPrice,baseVolume,quoteVolume
1753507232594,05:20:32.594,mexc,ALGO/USDT:USDT,,,,,0.269,75542774.0,19690656.0049
1753507232594,05:20:32.594,mexc,ALGO/USDT:USDT,,,,,0.269,75542774.0,19690656.0049
1753507232594,05:20:32.594,mexc,ALGO/USDT:USDT,,,,,0.269,75542774.0,19690656.0049
1753507232594,05:20:32.594,mexc,ALGO/USDT:USDT,,,,,0.269,75542774.0,19690656.0049
1753507242586,05:20:42.586,mexc,ALGO/USDT:USDT,,,,,0.2689,75542802.0,19690663.5341
1753507242586,05:20:42.586,mexc,ALGO/USDT:USDT,,,,,0.2689,75542802.0,19690663.5341
1753507242586,05:20:42.586,mexc,ALGO/USDT:USDT,,,,,0.2689,75542802.0,19690663.5341
1753507242586,05:20:42.586,mexc,ALGO/USDT:USDT,,,,,0.2689,75542802.0,19690663.5341
1753507242586,05:20:42.586,mexc,ALGO/USDT:USDT,,,,,0.2689,75542802.0,19690663.5341
1753507242586,05:20:42.586,mexc,ALGO/USDT:USDT,,,,,0.2689,75542802.0,19690663.5341
1753507242586,05:20:42.586,mexc,ALGO/USDT:USDT,,,,,0.2689,75542802.0,19690663.5341
1753507258623,05:20:58.623,mexc,ALGO/USDT:USDT,,,,,0.2689,75542822.0,19690668.9121
1753507258623,05:20:58.623,mexc,ALGO/USDT:USDT,,,,,0.2689,75542822.0,19690668.9121
1753507258623,05:20:58.623,mexc,ALGO/USDT:USDT,,,,,0.2689,75542822.0,19690668.9121
1753507258623,05:20:58.623,mexc,ALGO/USDT:USDT,,,,,0.2689,75542822.0,19690668.9121
1753507258623,05:20:58.623,mexc,ALGO/USDT:USDT,,,,,0.2689,75542822.0,19690668.9121
1753507270672,05:21:10.672,mexc,ALGO/USDT:USDT,,,,,0.2689,75542822.0,19690668.9121
1753507272611,05:21:12.611,mexc,ALGO/USDT:USDT,,,,,0.2689,75542877.0,19690683.7016
1753507274615,05:21:14.615,mexc,ALGO/USDT:USDT,,,,,0.2689,75580065.0,19700683.5548
1753507274615,05:21:14.615,mexc,ALGO/USDT:USDT,,,,,0.2689,75580065.0,19700683.5548
1753507278634,05:21:18.634,mexc,ALGO/USDT:USDT,,,,,0.2692,75582288.0,19701281.9864
1753507278634,05:21:18.634,mexc,ALGO/USDT:USDT,,,,,0.2692,75582288.0,19701281.9864
1753507284609,05:21:24.609,mexc,ALGO/USDT:USDT,,,,,0.2692,75617910.0,19710871.4288
1753507284609,05:21:24.609,mexc,ALGO/USDT:USDT,,,,,0.2692,75617910.0,19710871.4288
1753507284609,05:21:24.609,mexc,ALGO/USDT:USDT,,,,,0.2692,75617910.0,19710871.4288
1753507290639,05:21:30.639,mexc,ALGO/USDT:USDT,,,,,0.2692,75617910.0,19710871.4288
1753507292608,05:21:32.608,mexc,ALGO/USDT:USDT,,,,,0.2692,75617910.0,19710871.4288
1753507292608,05:21:32.608,mexc,ALGO/USDT:USDT,,,,,0.2692,75617910.0,19710871.4288
1753507298607,05:21:38.607,mexc,ALGO/USDT:USDT,,,,,0.2691,75617976.0,19710889.1894
1753507298607,05:21:38.607,mexc,ALGO/USDT:USDT,,,,,0.2691,75617976.0,19710889.1894
1753507298607,05:21:38.607,mexc,ALGO/USDT:USDT,,,,,0.2691,75617976.0,19710889.1894
1753507304607,05:21:44.607,mexc,ALGO/USDT:USDT,,,,,0.2692,75618029.0,19710903.457
1753507304607,05:21:44.607,mexc,ALGO/USDT:USDT,,,,,0.2692,75618029.0,19710903.457
1753507304607,05:21:44.607,mexc,ALGO/USDT:USDT,,,,,0.2692,75618029.0,19710903.457
1753507304607,05:21:44.607,mexc,ALGO/USDT:USDT,,,,,0.2692,75618029.0,19710903.457
1753507304607,05:21:44.607,mexc,ALGO/USDT:USDT,,,,,0.2692,75618029.0,19710903.457
1753507316603,05:21:56.603,mexc,ALGO/USDT:USDT,,,,,0.2692,75618085.0,19710918.5322
1753507316603,05:21:56.603,mexc,ALGO/USDT:USDT,,,,,0.2692,75618085.0,19710918.5322
1753507316603,05:21:56.603,mexc,ALGO/USDT:USDT,,,,,0.2692,75618085.0,19710918.5322
1753507316603,05:21:56.603,mexc,ALGO/USDT:USDT,,,,,0.2692,75618085.0,19710918.5322
1753507316603,05:21:56.603,mexc,ALGO/USDT:USDT,,,,,0.2692,75618085.0,19710918.5322
1753507316603,05:21:56.603,mexc,ALGO/USDT:USDT,,,,,0.2692,75618085.0,19710918.5322
1753507330610,05:22:10.610,mexc,ALGO/USDT:USDT,,,,,0.2692,75618085.0,19710918.5322
1753507332636,05:22:12.636,mexc,ALGO/USDT:USDT,,,,,0.2693,75618122.0,19710928.4963
1753507332636,05:22:12.636,mexc,ALGO/USDT:USDT,,,,,0.2693,75618122.0,19710928.4963
1753507332636,05:22:12.636,mexc,ALGO/USDT:USDT,,,,,0.2693,75618122.0,19710928.4963
1753507340597,05:22:20.597,mexc,ALGO/USDT:USDT,,,,,0.2694,75618173.0,19710942.2357
1753507340597,05:22:20.597,mexc,ALGO/USDT:USDT,,,,,0.2694,75618173.0,19710942.2357
1753507340597,05:22:20.597,mexc,ALGO/USDT:USDT,,,,,0.2694,75618173.0,19710942.2357
1753507346596,05:22:26.596,mexc,ALGO/USDT:USDT,,,,,0.2694,75618173.0,19710942.2357
1753507348604,05:22:28.604,mexc,ALGO/USDT:USDT,,,,,0.2693,75618199.0,19710949.2375
1753507348604,05:22:28.604,mexc,ALGO/USDT:USDT,,,,,0.2693,75618199.0,19710949.2375
1753507348604,05:22:28.604,mexc,ALGO/USDT:USDT,,,,,0.2693,75618199.0,19710949.2375
1753507348604,05:22:28.604,mexc,ALGO/USDT:USDT,,,,,0.2693,75618199.0,19710949.2375
1753507348604,05:22:28.604,mexc,ALGO/USDT:USDT,,,,,0.2693,75618199.0,19710949.2375
1753507348604,05:22:28.604,mexc,ALGO/USDT:USDT,,,,,0.2693,75618199.0,19710949.2375
