timestamp,time,exchange,symbol,bid,bidVolume,ask,askVolume,lastPrice,baseVolume,quoteVolume
1753507232486,05:20:32.486,mexc,ADA/USDT:USDT,,,,,0.8227,775467825.0,620141196.2621
1753507234490,05:20:34.490,mexc,ADA/USDT:USDT,,,,,0.8226,775468832.0,620142024.6203
1753507234490,05:20:34.490,mexc,ADA/USDT:USDT,,,,,0.8226,775468832.0,620142024.6203
1753507238500,05:20:38.500,mexc,ADA/USDT:USDT,,,,,0.8224,775472992.0,620145445.8043
1753507242480,05:20:42.480,mexc,ADA/USDT:USDT,,,,,0.8225,775473786.0,620146098.8148
1753507242480,05:20:42.480,mexc,ADA/USDT:USDT,,,,,0.8225,775473786.0,620146098.8148
1753507246503,05:20:46.503,mexc,ADA/USDT:USDT,,,,,0.8226,775474870.0,620146990.5132
1753507248491,05:20:48.491,mexc,ADA/USDT:USDT,,,,,0.8226,775486400.0,620156475.0912
1753507250502,05:20:50.502,mexc,ADA/USDT:USDT,,,,,0.8225,775488329.0,620158061.6937
1753507250502,05:20:50.502,mexc,ADA/USDT:USDT,,,,,0.8225,775488329.0,620158061.6937
1753507250502,05:20:50.502,mexc,ADA/USDT:USDT,,,,,0.8225,775488329.0,620158061.6937
1753507258514,05:20:58.514,mexc,ADA/USDT:USDT,,,,,0.8226,775488340.0,620158070.7423
1753507258514,05:20:58.514,mexc,ADA/USDT:USDT,,,,,0.8226,775488340.0,620158070.7423
1753507262512,05:21:02.512,mexc,ADA/USDT:USDT,,,,,0.8226,775488542.0,620158236.9075
1753507262512,05:21:02.512,mexc,ADA/USDT:USDT,,,,,0.8226,775488542.0,620158236.9075
1753507266504,05:21:06.504,mexc,ADA/USDT:USDT,,,,,0.8226,775488542.0,620158236.9075
1753507270563,05:21:10.563,mexc,ADA/USDT:USDT,,,,,0.8226,775488542.0,620158236.9075
1753507270563,05:21:10.563,mexc,ADA/USDT:USDT,,,,,0.8226,775488542.0,620158236.9075
1753507274507,05:21:14.507,mexc,ADA/USDT:USDT,,,,,0.8231,775489568.0,620159081.4043
1753507276501,05:21:16.501,mexc,ADA/USDT:USDT,,,,,0.8231,775489568.0,620159081.4043
1753507276501,05:21:16.501,mexc,ADA/USDT:USDT,,,,,0.8231,775489568.0,620159081.4043
1753507282498,05:21:22.498,mexc,ADA/USDT:USDT,,,,,0.8231,775536996.0,620198114.6564
1753507284501,05:21:24.501,mexc,ADA/USDT:USDT,,,,,0.8232,775538179.0,620199088.502
1753507284501,05:21:24.501,mexc,ADA/USDT:USDT,,,,,0.8232,775538179.0,620199088.502
1753507284501,05:21:24.501,mexc,ADA/USDT:USDT,,,,,0.8232,775538179.0,620199088.502
1753507290503,05:21:30.503,mexc,ADA/USDT:USDT,,,,,0.8231,775547583.0,620206829.3441
1753507292500,05:21:32.500,mexc,ADA/USDT:USDT,,,,,0.8231,775547583.0,620206829.3441
1753507296500,05:21:36.500,mexc,ADA/USDT:USDT,,,,,0.823,775548834.0,620207859.0329
1753507298500,05:21:38.500,mexc,ADA/USDT:USDT,,,,,0.8229,775549076.0,620208058.1747
1753507298500,05:21:38.500,mexc,ADA/USDT:USDT,,,,,0.8229,775549076.0,620208058.1747
1753507298500,05:21:38.500,mexc,ADA/USDT:USDT,,,,,0.8229,775549076.0,620208058.1747
1753507304499,05:21:44.499,mexc,ADA/USDT:USDT,,,,,0.8229,775554076.0,620212172.6747
1753507306502,05:21:46.502,mexc,ADA/USDT:USDT,,,,,0.8229,775554319.0,620212372.6394
1753507310498,05:21:50.498,mexc,ADA/USDT:USDT,,,,,0.8227,775554562.0,620212572.5555
1753507310498,05:21:50.498,mexc,ADA/USDT:USDT,,,,,0.8227,775554562.0,620212572.5555
1753507310498,05:21:50.498,mexc,ADA/USDT:USDT,,,,,0.8227,775554562.0,620212572.5555
1753507316496,05:21:56.496,mexc,ADA/USDT:USDT,,,,,0.8227,775558973.0,620216201.4852
1753507316496,05:21:56.496,mexc,ADA/USDT:USDT,,,,,0.8227,775558973.0,620216201.4852
1753507316496,05:21:56.496,mexc,ADA/USDT:USDT,,,,,0.8227,775558973.0,620216201.4852
1753507324480,05:22:04.480,mexc,ADA/USDT:USDT,,,,,0.8226,775568148.0,620223748.8402
1753507324480,05:22:04.480,mexc,ADA/USDT:USDT,,,,,0.8226,775568148.0,620223748.8402
1753507328474,05:22:08.474,mexc,ADA/USDT:USDT,,,,,0.8226,775568148.0,620223748.8402
1753507330499,05:22:10.499,mexc,ADA/USDT:USDT,,,,,0.8228,775568681.0,620224187.3945
1753507332527,05:22:12.527,mexc,ADA/USDT:USDT,,,,,0.8229,775569038.0,620224481.1698
1753507332527,05:22:12.527,mexc,ADA/USDT:USDT,,,,,0.8229,775569038.0,620224481.1698
1753507338488,05:22:18.488,mexc,ADA/USDT:USDT,,,,,0.8228,775569296.0,620224693.4522
1753507340488,05:22:20.488,mexc,ADA/USDT:USDT,,,,,0.8228,775570453.0,620225645.4318
1753507342498,05:22:22.498,mexc,ADA/USDT:USDT,,,,,0.8229,775610453.0,620258561.4318
1753507344502,05:22:24.502,mexc,ADA/USDT:USDT,,,,,0.8229,775610453.0,620258561.4318
1753507344502,05:22:24.502,mexc,ADA/USDT:USDT,,,,,0.8229,775610453.0,620258561.4318
1753507344502,05:22:24.502,mexc,ADA/USDT:USDT,,,,,0.8229,775610453.0,620258561.4318
1753507352500,05:22:32.500,mexc,ADA/USDT:USDT,,,,,0.8232,775610465.0,620258571.3102
1753507354506,05:22:34.506,mexc,ADA/USDT:USDT,,,,,0.8232,775610469.0,620258574.603
1753507356493,05:22:36.493,mexc,ADA/USDT:USDT,,,,,0.8232,775616542.0,620263573.8966
1753507356493,05:22:36.493,mexc,ADA/USDT:USDT,,,,,0.8232,775616542.0,620263573.8966
1753507356493,05:22:36.493,mexc,ADA/USDT:USDT,,,,,0.8232,775616542.0,620263573.8966
1753507364502,05:22:44.502,mexc,ADA/USDT:USDT,,,,,0.8232,775616556.0,620263585.4214
1753507364502,05:22:44.502,mexc,ADA/USDT:USDT,,,,,0.8232,775616556.0,620263585.4214
1753507364502,05:22:44.502,mexc,ADA/USDT:USDT,,,,,0.8232,775616556.0,620263585.4214
1753507364502,05:22:44.502,mexc,ADA/USDT:USDT,,,,,0.8232,775616556.0,620263585.4214
1753507372490,05:22:52.490,mexc,ADA/USDT:USDT,,,,,0.8232,775616568.0,620263595.2998
1753507374504,05:22:54.504,mexc,ADA/USDT:USDT,,,,,0.8232,775616575.0,620263601.0622
1753507378509,05:22:58.509,mexc,ADA/USDT:USDT,,,,,0.8232,775616575.0,620263601.0622
1753507378509,05:22:58.509,mexc,ADA/USDT:USDT,,,,,0.8232,775616575.0,620263601.0622
1753507382509,05:23:02.509,mexc,ADA/USDT:USDT,,,,,0.8231,775617187.0,620264104.7994
1753507382509,05:23:02.509,mexc,ADA/USDT:USDT,,,,,0.8231,775617187.0,620264104.7994
1753507382509,05:23:02.509,mexc,ADA/USDT:USDT,,,,,0.8231,775617187.0,620264104.7994
1753507382509,05:23:02.509,mexc,ADA/USDT:USDT,,,,,0.8231,775617187.0,620264104.7994
1753507392568,05:23:12.568,mexc,ADA/USDT:USDT,,,,,0.8231,775619000.0,620265597.0797
1753507392568,05:23:12.568,mexc,ADA/USDT:USDT,,,,,0.8231,775619000.0,620265597.0797
1753507392568,05:23:12.568,mexc,ADA/USDT:USDT,,,,,0.8231,775619000.0,620265597.0797
1753507392568,05:23:12.568,mexc,ADA/USDT:USDT,,,,,0.8231,775619000.0,620265597.0797
1753507400503,05:23:20.503,mexc,ADA/USDT:USDT,,,,,0.8231,775619000.0,620265597.0797
1753507404498,05:23:24.498,mexc,ADA/USDT:USDT,,,,,0.8233,775619008.0,620265603.6661
1753507404498,05:23:24.498,mexc,ADA/USDT:USDT,,,,,0.8233,775619008.0,620265603.6661
1753507408507,05:23:28.507,mexc,ADA/USDT:USDT,,,,,0.8233,775619008.0,620265603.6661
1753507408507,05:23:28.507,mexc,ADA/USDT:USDT,,,,,0.8233,775619008.0,620265603.6661
1753507412500,05:23:32.500,mexc,ADA/USDT:USDT,,,,,0.8231,775649008.0,620290296.6661
1753507414501,05:23:34.501,mexc,ADA/USDT:USDT,,,,,0.8231,775649008.0,620290296.6661
1753507418492,05:23:38.492,mexc,ADA/USDT:USDT,,,,,0.8229,775649174.0,620290433.2675
1753507418492,05:23:38.492,mexc,ADA/USDT:USDT,,,,,0.8229,775649174.0,620290433.2675
1753507422499,05:23:42.499,mexc,ADA/USDT:USDT,,,,,0.8231,775652801.0,620293418.6512
1753507424555,05:23:44.555,mexc,ADA/USDT:USDT,,,,,0.8231,775652801.0,620293418.6512
1753507424555,05:23:44.555,mexc,ADA/USDT:USDT,,,,,0.8231,775652801.0,620293418.6512
1753507424555,05:23:44.555,mexc,ADA/USDT:USDT,,,,,0.8231,775652801.0,620293418.6512
1753507432479,05:23:52.479,mexc,ADA/USDT:USDT,,,,,0.8231,775653165.0,620293718.2596
1753507432479,05:23:52.479,mexc,ADA/USDT:USDT,,,,,0.8231,775653165.0,620293718.2596
1753507432479,05:23:52.479,mexc,ADA/USDT:USDT,,,,,0.8231,775653165.0,620293718.2596
1753507438514,05:23:58.514,mexc,ADA/USDT:USDT,,,,,0.8232,775694464.0,620327719.7262
1753507438514,05:23:58.514,mexc,ADA/USDT:USDT,,,,,0.8232,775694464.0,620327719.7262
1753507438514,05:23:58.514,mexc,ADA/USDT:USDT,,,,,0.8232,775694464.0,620327719.7262
1753507446502,05:24:06.502,mexc,ADA/USDT:USDT,,,,,0.8232,775694464.0,620327719.7262
1753507446502,05:24:06.502,mexc,ADA/USDT:USDT,,,,,0.8232,775694464.0,620327719.7262
1753507446502,05:24:06.502,mexc,ADA/USDT:USDT,,,,,0.8232,775694464.0,620327719.7262
1753507452494,05:24:12.494,mexc,ADA/USDT:USDT,,,,,0.8233,775695071.0,620328219.4693
1753507454547,05:24:14.547,mexc,ADA/USDT:USDT,,,,,0.8233,775695071.0,620328219.4693
1753507458492,05:24:18.492,mexc,ADA/USDT:USDT,,,,,0.8233,775695435.0,620328519.1505
1753507458492,05:24:18.492,mexc,ADA/USDT:USDT,,,,,0.8233,775695435.0,620328519.1505
1753507462487,05:24:22.487,mexc,ADA/USDT:USDT,,,,,0.8233,775695435.0,620328519.1505
1753507462487,05:24:22.487,mexc,ADA/USDT:USDT,,,,,0.8233,775695435.0,620328519.1505
1753507462487,05:24:22.487,mexc,ADA/USDT:USDT,,,,,0.8233,775695435.0,620328519.1505
1753507468503,05:24:28.503,mexc,ADA/USDT:USDT,,,,,0.8234,775718454.0,620347470.6954
1753507472507,05:24:32.507,mexc,ADA/USDT:USDT,,,,,0.8234,775718797.0,620347753.1216
1753507472507,05:24:32.507,mexc,ADA/USDT:USDT,,,,,0.8234,775718797.0,620347753.1216
1753507476497,05:24:36.497,mexc,ADA/USDT:USDT,,,,,0.8234,775721155.0,620349694.6988
1753507478492,05:24:38.492,mexc,ADA/USDT:USDT,,,,,0.8234,775731725.0,620358398.0368
1753507480498,05:24:40.498,mexc,ADA/USDT:USDT,,,,,0.8234,775731725.0,620358398.0368
1753507480498,05:24:40.498,mexc,ADA/USDT:USDT,,,,,0.8234,775731725.0,620358398.0368
1753507486547,05:24:46.547,mexc,ADA/USDT:USDT,,,,,0.823,775737029.0,620362763.2246
1753507486547,05:24:46.547,mexc,ADA/USDT:USDT,,,,,0.823,775737029.0,620362763.2246
1753507490517,05:24:50.517,mexc,ADA/USDT:USDT,,,,,0.823,775747336.0,620371245.8856
1753507490517,05:24:50.517,mexc,ADA/USDT:USDT,,,,,0.823,775747336.0,620371245.8856
1753507494500,05:24:54.500,mexc,ADA/USDT:USDT,,,,,0.8229,775749836.0,620373303.1356
1753507496498,05:24:56.498,mexc,ADA/USDT:USDT,,,,,0.823,775751242.0,620374460.2736
1753507496498,05:24:56.498,mexc,ADA/USDT:USDT,,,,,0.823,775751242.0,620374460.2736
1753507496498,05:24:56.498,mexc,ADA/USDT:USDT,,,,,0.823,775751242.0,620374460.2736
1753507496498,05:24:56.498,mexc,ADA/USDT:USDT,,,,,0.823,775751242.0,620374460.2736
1753507506501,05:25:06.501,mexc,ADA/USDT:USDT,,,,,0.8231,775751363.0,620374559.8687
1753507506501,05:25:06.501,mexc,ADA/USDT:USDT,,,,,0.8231,775751363.0,620374559.8687
1753507510504,05:25:10.504,mexc,ADA/USDT:USDT,,,,,0.8231,775751363.0,620374559.8687
1753507514491,05:25:14.491,mexc,ADA/USDT:USDT,,,,,0.8231,775751363.0,620374559.8687
1753507516559,05:25:16.559,mexc,ADA/USDT:USDT,,,,,0.8231,775751363.0,620374559.8687
1753507518506,05:25:18.506,mexc,ADA/USDT:USDT,,,,,0.8235,775751375.0,620374569.7507
1753507518506,05:25:18.506,mexc,ADA/USDT:USDT,,,,,0.8235,775751375.0,620374569.7507
1753507518506,05:25:18.506,mexc,ADA/USDT:USDT,,,,,0.8235,775751375.0,620374569.7507
1753507518506,05:25:18.506,mexc,ADA/USDT:USDT,,,,,0.8235,775751375.0,620374569.7507
1753507528495,05:25:28.495,mexc,ADA/USDT:USDT,,,,,0.8235,775761965.0,620383290.6177
1753507530476,05:25:30.476,mexc,ADA/USDT:USDT,,,,,0.8236,775761966.0,620383291.4413
1753507530476,05:25:30.476,mexc,ADA/USDT:USDT,,,,,0.8236,775761966.0,620383291.4413
1753507534497,05:25:34.497,mexc,ADA/USDT:USDT,,,,,0.8236,775762440.0,620383681.8277
1753507534497,05:25:34.497,mexc,ADA/USDT:USDT,,,,,0.8236,775762440.0,620383681.8277
1753507534497,05:25:34.497,mexc,ADA/USDT:USDT,,,,,0.8236,775762440.0,620383681.8277
1753507542504,05:25:42.504,mexc,ADA/USDT:USDT,,,,,0.8235,775766356.0,620386906.6537
1753507542504,05:25:42.504,mexc,ADA/USDT:USDT,,,,,0.8235,775766356.0,620386906.6537
1753507546570,05:25:46.570,mexc,ADA/USDT:USDT,,,,,0.8236,775766416.0,620386956.0697
1753507546570,05:25:46.570,mexc,ADA/USDT:USDT,,,,,0.8236,775766416.0,620386956.0697
