timestamp,time,exchange,symbol,bid,bidVolume,ask,askVolume,lastPrice,baseVolume,quoteVolume
1753507232486,05:20:32.486,mexc,ADA/USDT:USDT,,,,,0.8227,775467825.0,620141196.2621
1753507234490,05:20:34.490,mexc,ADA/USDT:USDT,,,,,0.8226,775468832.0,620142024.6203
1753507234490,05:20:34.490,mexc,ADA/USDT:USDT,,,,,0.8226,775468832.0,620142024.6203
1753507238500,05:20:38.500,mexc,ADA/USDT:USDT,,,,,0.8224,775472992.0,620145445.8043
1753507242480,05:20:42.480,mexc,ADA/USDT:USDT,,,,,0.8225,775473786.0,620146098.8148
1753507242480,05:20:42.480,mexc,ADA/USDT:USDT,,,,,0.8225,775473786.0,620146098.8148
1753507246503,05:20:46.503,mexc,ADA/USDT:USDT,,,,,0.8226,775474870.0,620146990.5132
1753507248491,05:20:48.491,mexc,ADA/USDT:USDT,,,,,0.8226,775486400.0,620156475.0912
1753507250502,05:20:50.502,mexc,ADA/USDT:USDT,,,,,0.8225,775488329.0,620158061.6937
1753507250502,05:20:50.502,mexc,ADA/USDT:USDT,,,,,0.8225,775488329.0,620158061.6937
1753507250502,05:20:50.502,mexc,ADA/USDT:USDT,,,,,0.8225,775488329.0,620158061.6937
1753507258514,05:20:58.514,mexc,ADA/USDT:USDT,,,,,0.8226,775488340.0,620158070.7423
1753507258514,05:20:58.514,mexc,ADA/USDT:USDT,,,,,0.8226,775488340.0,620158070.7423
1753507262512,05:21:02.512,mexc,ADA/USDT:USDT,,,,,0.8226,775488542.0,620158236.9075
1753507262512,05:21:02.512,mexc,ADA/USDT:USDT,,,,,0.8226,775488542.0,620158236.9075
1753507266504,05:21:06.504,mexc,ADA/USDT:USDT,,,,,0.8226,775488542.0,620158236.9075
1753507270563,05:21:10.563,mexc,ADA/USDT:USDT,,,,,0.8226,775488542.0,620158236.9075
1753507270563,05:21:10.563,mexc,ADA/USDT:USDT,,,,,0.8226,775488542.0,620158236.9075
1753507274507,05:21:14.507,mexc,ADA/USDT:USDT,,,,,0.8231,775489568.0,620159081.4043
1753507276501,05:21:16.501,mexc,ADA/USDT:USDT,,,,,0.8231,775489568.0,620159081.4043
1753507276501,05:21:16.501,mexc,ADA/USDT:USDT,,,,,0.8231,775489568.0,620159081.4043
1753507282498,05:21:22.498,mexc,ADA/USDT:USDT,,,,,0.8231,775536996.0,620198114.6564
1753507284501,05:21:24.501,mexc,ADA/USDT:USDT,,,,,0.8232,775538179.0,620199088.502
1753507284501,05:21:24.501,mexc,ADA/USDT:USDT,,,,,0.8232,775538179.0,620199088.502
1753507284501,05:21:24.501,mexc,ADA/USDT:USDT,,,,,0.8232,775538179.0,620199088.502
1753507290503,05:21:30.503,mexc,ADA/USDT:USDT,,,,,0.8231,775547583.0,620206829.3441
1753507292500,05:21:32.500,mexc,ADA/USDT:USDT,,,,,0.8231,775547583.0,620206829.3441
1753507296500,05:21:36.500,mexc,ADA/USDT:USDT,,,,,0.823,775548834.0,620207859.0329
1753507298500,05:21:38.500,mexc,ADA/USDT:USDT,,,,,0.8229,775549076.0,620208058.1747
1753507298500,05:21:38.500,mexc,ADA/USDT:USDT,,,,,0.8229,775549076.0,620208058.1747
1753507298500,05:21:38.500,mexc,ADA/USDT:USDT,,,,,0.8229,775549076.0,620208058.1747
1753507304499,05:21:44.499,mexc,ADA/USDT:USDT,,,,,0.8229,775554076.0,620212172.6747
1753507306502,05:21:46.502,mexc,ADA/USDT:USDT,,,,,0.8229,775554319.0,620212372.6394
1753507310498,05:21:50.498,mexc,ADA/USDT:USDT,,,,,0.8227,775554562.0,620212572.5555
1753507310498,05:21:50.498,mexc,ADA/USDT:USDT,,,,,0.8227,775554562.0,620212572.5555
1753507310498,05:21:50.498,mexc,ADA/USDT:USDT,,,,,0.8227,775554562.0,620212572.5555
1753507316496,05:21:56.496,mexc,ADA/USDT:USDT,,,,,0.8227,775558973.0,620216201.4852
1753507316496,05:21:56.496,mexc,ADA/USDT:USDT,,,,,0.8227,775558973.0,620216201.4852
1753507316496,05:21:56.496,mexc,ADA/USDT:USDT,,,,,0.8227,775558973.0,620216201.4852
1753507324480,05:22:04.480,mexc,ADA/USDT:USDT,,,,,0.8226,775568148.0,620223748.8402
1753507324480,05:22:04.480,mexc,ADA/USDT:USDT,,,,,0.8226,775568148.0,620223748.8402
1753507328474,05:22:08.474,mexc,ADA/USDT:USDT,,,,,0.8226,775568148.0,620223748.8402
1753507330499,05:22:10.499,mexc,ADA/USDT:USDT,,,,,0.8228,775568681.0,620224187.3945
1753507332527,05:22:12.527,mexc,ADA/USDT:USDT,,,,,0.8229,775569038.0,620224481.1698
1753507332527,05:22:12.527,mexc,ADA/USDT:USDT,,,,,0.8229,775569038.0,620224481.1698
1753507338488,05:22:18.488,mexc,ADA/USDT:USDT,,,,,0.8228,775569296.0,620224693.4522
1753507340488,05:22:20.488,mexc,ADA/USDT:USDT,,,,,0.8228,775570453.0,620225645.4318
1753507342498,05:22:22.498,mexc,ADA/USDT:USDT,,,,,0.8229,775610453.0,620258561.4318
1753507344502,05:22:24.502,mexc,ADA/USDT:USDT,,,,,0.8229,775610453.0,620258561.4318
1753507344502,05:22:24.502,mexc,ADA/USDT:USDT,,,,,0.8229,775610453.0,620258561.4318
1753507344502,05:22:24.502,mexc,ADA/USDT:USDT,,,,,0.8229,775610453.0,620258561.4318
1753507352500,05:22:32.500,mexc,ADA/USDT:USDT,,,,,0.8232,775610465.0,620258571.3102
1753507354506,05:22:34.506,mexc,ADA/USDT:USDT,,,,,0.8232,775610469.0,620258574.603
1753507356493,05:22:36.493,mexc,ADA/USDT:USDT,,,,,0.8232,775616542.0,620263573.8966
1753507356493,05:22:36.493,mexc,ADA/USDT:USDT,,,,,0.8232,775616542.0,620263573.8966
1753507356493,05:22:36.493,mexc,ADA/USDT:USDT,,,,,0.8232,775616542.0,620263573.8966
1753507364502,05:22:44.502,mexc,ADA/USDT:USDT,,,,,0.8232,775616556.0,620263585.4214
1753507364502,05:22:44.502,mexc,ADA/USDT:USDT,,,,,0.8232,775616556.0,620263585.4214
1753507364502,05:22:44.502,mexc,ADA/USDT:USDT,,,,,0.8232,775616556.0,620263585.4214
1753507364502,05:22:44.502,mexc,ADA/USDT:USDT,,,,,0.8232,775616556.0,620263585.4214
1753507372490,05:22:52.490,mexc,ADA/USDT:USDT,,,,,0.8232,775616568.0,620263595.2998
1753507374504,05:22:54.504,mexc,ADA/USDT:USDT,,,,,0.8232,775616575.0,620263601.0622
1753507378509,05:22:58.509,mexc,ADA/USDT:USDT,,,,,0.8232,775616575.0,620263601.0622
1753507378509,05:22:58.509,mexc,ADA/USDT:USDT,,,,,0.8232,775616575.0,620263601.0622
1753507382509,05:23:02.509,mexc,ADA/USDT:USDT,,,,,0.8231,775617187.0,620264104.7994
1753507382509,05:23:02.509,mexc,ADA/USDT:USDT,,,,,0.8231,775617187.0,620264104.7994
1753507382509,05:23:02.509,mexc,ADA/USDT:USDT,,,,,0.8231,775617187.0,620264104.7994
1753507382509,05:23:02.509,mexc,ADA/USDT:USDT,,,,,0.8231,775617187.0,620264104.7994
1753507392568,05:23:12.568,mexc,ADA/USDT:USDT,,,,,0.8231,775619000.0,620265597.0797
1753507392568,05:23:12.568,mexc,ADA/USDT:USDT,,,,,0.8231,775619000.0,620265597.0797
1753507392568,05:23:12.568,mexc,ADA/USDT:USDT,,,,,0.8231,775619000.0,620265597.0797
1753507392568,05:23:12.568,mexc,ADA/USDT:USDT,,,,,0.8231,775619000.0,620265597.0797
1753507400503,05:23:20.503,mexc,ADA/USDT:USDT,,,,,0.8231,775619000.0,620265597.0797
1753507404498,05:23:24.498,mexc,ADA/USDT:USDT,,,,,0.8233,775619008.0,620265603.6661
1753507404498,05:23:24.498,mexc,ADA/USDT:USDT,,,,,0.8233,775619008.0,620265603.6661
1753507408507,05:23:28.507,mexc,ADA/USDT:USDT,,,,,0.8233,775619008.0,620265603.6661
1753507408507,05:23:28.507,mexc,ADA/USDT:USDT,,,,,0.8233,775619008.0,620265603.6661
1753507412500,05:23:32.500,mexc,ADA/USDT:USDT,,,,,0.8231,775649008.0,620290296.6661
1753507414501,05:23:34.501,mexc,ADA/USDT:USDT,,,,,0.8231,775649008.0,620290296.6661
1753507418492,05:23:38.492,mexc,ADA/USDT:USDT,,,,,0.8229,775649174.0,620290433.2675
1753507418492,05:23:38.492,mexc,ADA/USDT:USDT,,,,,0.8229,775649174.0,620290433.2675
1753507422499,05:23:42.499,mexc,ADA/USDT:USDT,,,,,0.8231,775652801.0,620293418.6512
1753507424555,05:23:44.555,mexc,ADA/USDT:USDT,,,,,0.8231,775652801.0,620293418.6512
1753507424555,05:23:44.555,mexc,ADA/USDT:USDT,,,,,0.8231,775652801.0,620293418.6512
1753507424555,05:23:44.555,mexc,ADA/USDT:USDT,,,,,0.8231,775652801.0,620293418.6512
1753507432479,05:23:52.479,mexc,ADA/USDT:USDT,,,,,0.8231,775653165.0,620293718.2596
1753507432479,05:23:52.479,mexc,ADA/USDT:USDT,,,,,0.8231,775653165.0,620293718.2596
1753507432479,05:23:52.479,mexc,ADA/USDT:USDT,,,,,0.8231,775653165.0,620293718.2596
1753507438514,05:23:58.514,mexc,ADA/USDT:USDT,,,,,0.8232,775694464.0,620327719.7262
1753507438514,05:23:58.514,mexc,ADA/USDT:USDT,,,,,0.8232,775694464.0,620327719.7262
1753507438514,05:23:58.514,mexc,ADA/USDT:USDT,,,,,0.8232,775694464.0,620327719.7262
1753507446502,05:24:06.502,mexc,ADA/USDT:USDT,,,,,0.8232,775694464.0,620327719.7262
1753507446502,05:24:06.502,mexc,ADA/USDT:USDT,,,,,0.8232,775694464.0,620327719.7262
1753507446502,05:24:06.502,mexc,ADA/USDT:USDT,,,,,0.8232,775694464.0,620327719.7262
1753507452494,05:24:12.494,mexc,ADA/USDT:USDT,,,,,0.8233,775695071.0,620328219.4693
1753507454547,05:24:14.547,mexc,ADA/USDT:USDT,,,,,0.8233,775695071.0,620328219.4693
1753507458492,05:24:18.492,mexc,ADA/USDT:USDT,,,,,0.8233,775695435.0,620328519.1505
1753507458492,05:24:18.492,mexc,ADA/USDT:USDT,,,,,0.8233,775695435.0,620328519.1505
1753507462487,05:24:22.487,mexc,ADA/USDT:USDT,,,,,0.8233,775695435.0,620328519.1505
1753507462487,05:24:22.487,mexc,ADA/USDT:USDT,,,,,0.8233,775695435.0,620328519.1505
1753507462487,05:24:22.487,mexc,ADA/USDT:USDT,,,,,0.8233,775695435.0,620328519.1505
1753507468503,05:24:28.503,mexc,ADA/USDT:USDT,,,,,0.8234,775718454.0,620347470.6954
1753507472507,05:24:32.507,mexc,ADA/USDT:USDT,,,,,0.8234,775718797.0,620347753.1216
1753507472507,05:24:32.507,mexc,ADA/USDT:USDT,,,,,0.8234,775718797.0,620347753.1216
1753507476497,05:24:36.497,mexc,ADA/USDT:USDT,,,,,0.8234,775721155.0,620349694.6988
1753507478492,05:24:38.492,mexc,ADA/USDT:USDT,,,,,0.8234,775731725.0,620358398.0368
1753507480498,05:24:40.498,mexc,ADA/USDT:USDT,,,,,0.8234,775731725.0,620358398.0368
1753507480498,05:24:40.498,mexc,ADA/USDT:USDT,,,,,0.8234,775731725.0,620358398.0368
1753507486547,05:24:46.547,mexc,ADA/USDT:USDT,,,,,0.823,775737029.0,620362763.2246
1753507486547,05:24:46.547,mexc,ADA/USDT:USDT,,,,,0.823,775737029.0,620362763.2246
1753507490517,05:24:50.517,mexc,ADA/USDT:USDT,,,,,0.823,775747336.0,620371245.8856
1753507490517,05:24:50.517,mexc,ADA/USDT:USDT,,,,,0.823,775747336.0,620371245.8856
1753507494500,05:24:54.500,mexc,ADA/USDT:USDT,,,,,0.8229,775749836.0,620373303.1356
1753507496498,05:24:56.498,mexc,ADA/USDT:USDT,,,,,0.823,775751242.0,620374460.2736
1753507496498,05:24:56.498,mexc,ADA/USDT:USDT,,,,,0.823,775751242.0,620374460.2736
1753507496498,05:24:56.498,mexc,ADA/USDT:USDT,,,,,0.823,775751242.0,620374460.2736
1753507496498,05:24:56.498,mexc,ADA/USDT:USDT,,,,,0.823,775751242.0,620374460.2736
1753507506501,05:25:06.501,mexc,ADA/USDT:USDT,,,,,0.8231,775751363.0,620374559.8687
1753507506501,05:25:06.501,mexc,ADA/USDT:USDT,,,,,0.8231,775751363.0,620374559.8687
1753507510504,05:25:10.504,mexc,ADA/USDT:USDT,,,,,0.8231,775751363.0,620374559.8687
1753507514491,05:25:14.491,mexc,ADA/USDT:USDT,,,,,0.8231,775751363.0,620374559.8687
1753507516559,05:25:16.559,mexc,ADA/USDT:USDT,,,,,0.8231,775751363.0,620374559.8687
1753507518506,05:25:18.506,mexc,ADA/USDT:USDT,,,,,0.8235,775751375.0,620374569.7507
1753507518506,05:25:18.506,mexc,ADA/USDT:USDT,,,,,0.8235,775751375.0,620374569.7507
1753507518506,05:25:18.506,mexc,ADA/USDT:USDT,,,,,0.8235,775751375.0,620374569.7507
1753507518506,05:25:18.506,mexc,ADA/USDT:USDT,,,,,0.8235,775751375.0,620374569.7507
1753507528495,05:25:28.495,mexc,ADA/USDT:USDT,,,,,0.8235,775761965.0,620383290.6177
1753507530476,05:25:30.476,mexc,ADA/USDT:USDT,,,,,0.8236,775761966.0,620383291.4413
1753507530476,05:25:30.476,mexc,ADA/USDT:USDT,,,,,0.8236,775761966.0,620383291.4413
1753507534497,05:25:34.497,mexc,ADA/USDT:USDT,,,,,0.8236,775762440.0,620383681.8277
1753507534497,05:25:34.497,mexc,ADA/USDT:USDT,,,,,0.8236,775762440.0,620383681.8277
1753507534497,05:25:34.497,mexc,ADA/USDT:USDT,,,,,0.8236,775762440.0,620383681.8277
1753507542504,05:25:42.504,mexc,ADA/USDT:USDT,,,,,0.8235,775766356.0,620386906.6537
1753507542504,05:25:42.504,mexc,ADA/USDT:USDT,,,,,0.8235,775766356.0,620386906.6537
1753507546570,05:25:46.570,mexc,ADA/USDT:USDT,,,,,0.8236,775766416.0,620386956.0697
1753507546570,05:25:46.570,mexc,ADA/USDT:USDT,,,,,0.8236,775766416.0,620386956.0697
1753507546570,05:25:46.570,mexc,ADA/USDT:USDT,,,,,0.8236,775766416.0,620386956.0697
1753507554496,05:25:54.496,mexc,ADA/USDT:USDT,,,,,0.8236,775766424.0,620386962.6585
1753507556502,05:25:56.502,mexc,ADA/USDT:USDT,,,,,0.8236,775767241.0,620387635.5397
1753507558512,05:25:58.512,mexc,ADA/USDT:USDT,,,,,0.8236,775767241.0,620387635.5397
1753507560544,05:26:00.544,mexc,ADA/USDT:USDT,,,,,0.8236,775767248.0,620387641.3049
1753507562497,05:26:02.497,mexc,ADA/USDT:USDT,,,,,0.8233,775769248.0,620389287.9049
1753507562497,05:26:02.497,mexc,ADA/USDT:USDT,,,,,0.8233,775769248.0,620389287.9049
1753507568499,05:26:08.499,mexc,ADA/USDT:USDT,,,,,0.8233,775769250.0,620389289.5516
1753507568499,05:26:08.499,mexc,ADA/USDT:USDT,,,,,0.8233,775769250.0,620389289.5516
1753507572497,05:26:12.497,mexc,ADA/USDT:USDT,,,,,0.8234,775784716.0,620402024.256
1753507572497,05:26:12.497,mexc,ADA/USDT:USDT,,,,,0.8234,775784716.0,620402024.256
1753507572497,05:26:12.497,mexc,ADA/USDT:USDT,,,,,0.8234,775784716.0,620402024.256
1753507578566,05:26:18.566,mexc,ADA/USDT:USDT,,,,,0.8234,775784716.0,620402024.256
1753507582494,05:26:22.494,mexc,ADA/USDT:USDT,,,,,0.8234,775784716.0,620402024.256
1753507584491,05:26:24.491,mexc,ADA/USDT:USDT,,,,,0.8235,775784733.0,620402038.2555
1753507586506,05:26:26.506,mexc,ADA/USDT:USDT,,,,,0.8236,775785054.0,620402302.6311
1753507588506,05:26:28.506,mexc,ADA/USDT:USDT,,,,,0.8237,775790054.0,620406421.0311
1753507590514,05:26:30.514,mexc,ADA/USDT:USDT,,,,,0.8236,775856958.0,620461523.1655
1753507590514,05:26:30.514,mexc,ADA/USDT:USDT,,,,,0.8236,775856958.0,620461523.1655
1753507590514,05:26:30.514,mexc,ADA/USDT:USDT,,,,,0.8236,775856958.0,620461523.1655
1753507590514,05:26:30.514,mexc,ADA/USDT:USDT,,,,,0.8236,775856958.0,620461523.1655
1753507590514,05:26:30.514,mexc,ADA/USDT:USDT,,,,,0.8236,775856958.0,620461523.1655
1753507590514,05:26:30.514,mexc,ADA/USDT:USDT,,,,,0.8236,775856958.0,620461523.1655
1753507590514,05:26:30.514,mexc,ADA/USDT:USDT,,,,,0.8236,775856958.0,620461523.1655
1753507606509,05:26:46.509,mexc,ADA/USDT:USDT,,,,,0.8236,775856967.0,620461530.5779
1753507606509,05:26:46.509,mexc,ADA/USDT:USDT,,,,,0.8236,775856967.0,620461530.5779
1753507606509,05:26:46.509,mexc,ADA/USDT:USDT,,,,,0.8236,775856967.0,620461530.5779
1753507614502,05:26:54.502,mexc,ADA/USDT:USDT,,,,,0.8237,775857209.0,620461729.9133
1753507616495,05:26:56.495,mexc,ADA/USDT:USDT,,,,,0.8237,775875789.0,620477034.2593
1753507616495,05:26:56.495,mexc,ADA/USDT:USDT,,,,,0.8237,775875789.0,620477034.2593
1753507616495,05:26:56.495,mexc,ADA/USDT:USDT,,,,,0.8237,775875789.0,620477034.2593
1753507624501,05:27:04.501,mexc,ADA/USDT:USDT,,,,,0.8235,775882057.0,620482195.9573
1753507624501,05:27:04.501,mexc,ADA/USDT:USDT,,,,,0.8235,775882057.0,620482195.9573
1753507628487,05:27:08.487,mexc,ADA/USDT:USDT,,,,,0.8237,775917057.0,620511025.4573
1753507630508,05:27:10.508,mexc,ADA/USDT:USDT,,,,,0.8237,775941330.0,620531019.1274
1753507630508,05:27:10.508,mexc,ADA/USDT:USDT,,,,,0.8237,775941330.0,620531019.1274
1753507630508,05:27:10.508,mexc,ADA/USDT:USDT,,,,,0.8237,775941330.0,620531019.1274
1753507638565,05:27:18.565,mexc,ADA/USDT:USDT,,,,,0.8237,775982894.0,620565255.3942
1753507638565,05:27:18.565,mexc,ADA/USDT:USDT,,,,,0.8237,775982894.0,620565255.3942
1753507642495,05:27:22.495,mexc,ADA/USDT:USDT,,,,,0.8238,775983109.0,620565432.5112
1753507642495,05:27:22.495,mexc,ADA/USDT:USDT,,,,,0.8238,775983109.0,620565432.5112
1753507642495,05:27:22.495,mexc,ADA/USDT:USDT,,,,,0.8238,775983109.0,620565432.5112
1753507650509,05:27:30.509,mexc,ADA/USDT:USDT,,,,,0.8236,775984597.0,620566658.0286
1753507650509,05:27:30.509,mexc,ADA/USDT:USDT,,,,,0.8236,775984597.0,620566658.0286
1753507654509,05:27:34.509,mexc,ADA/USDT:USDT,,,,,0.8238,775996553.0,620576507.073
1753507654509,05:27:34.509,mexc,ADA/USDT:USDT,,,,,0.8238,775996553.0,620576507.073
1753507658493,05:27:38.493,mexc,ADA/USDT:USDT,,,,,0.8238,775997340.0,620577155.4036
1753507660505,05:27:40.505,mexc,ADA/USDT:USDT,,,,,0.8239,775997341.0,620577156.2275
1753507664495,05:27:44.495,mexc,ADA/USDT:USDT,,,,,0.8241,776182108.0,620729405.2962
1753507666482,05:27:46.482,mexc,ADA/USDT:USDT,,,,,0.8241,776182163.0,620729450.6217
1753507668495,05:27:48.495,mexc,ADA/USDT:USDT,,,,,0.824,776234141.0,620772280.4937
1753507670557,05:27:50.557,mexc,ADA/USDT:USDT,,,,,0.8241,776268791.0,620800835.5587
1753507672508,05:27:52.508,mexc,ADA/USDT:USDT,,,,,0.8241,776268791.0,620800835.5587
1753507674498,05:27:54.498,mexc,ADA/USDT:USDT,,,,,0.8242,776285723.0,620814788.4019
1753507674498,05:27:54.498,mexc,ADA/USDT:USDT,,,,,0.8242,776285723.0,620814788.4019
1753507680611,05:28:00.611,mexc,ADA/USDT:USDT,,,,,0.8243,776287665.0,620816389.1925
1753507682493,05:28:02.493,mexc,ADA/USDT:USDT,,,,,0.824,776295424.0,620822784.8233
1753507682493,05:28:02.493,mexc,ADA/USDT:USDT,,,,,0.824,776295424.0,620822784.8233
1753507682493,05:28:02.493,mexc,ADA/USDT:USDT,,,,,0.824,776295424.0,620822784.8233
1753507688500,05:28:08.500,mexc,ADA/USDT:USDT,,,,,0.824,776337282.0,620857275.8153
1753507692495,05:28:12.495,mexc,ADA/USDT:USDT,,,,,0.824,776350301.0,620868003.4713
1753507692495,05:28:12.495,mexc,ADA/USDT:USDT,,,,,0.824,776350301.0,620868003.4713
1753507696496,05:28:16.496,mexc,ADA/USDT:USDT,,,,,0.824,776362573.0,620878115.5993
1753507696496,05:28:16.496,mexc,ADA/USDT:USDT,,,,,0.824,776362573.0,620878115.5993
1753507700566,05:28:20.566,mexc,ADA/USDT:USDT,,,,,0.824,776362573.0,620878115.5993
1753507704496,05:28:24.496,mexc,ADA/USDT:USDT,,,,,0.8237,776362595.0,620878133.7207
1753507704496,05:28:24.496,mexc,ADA/USDT:USDT,,,,,0.8237,776362595.0,620878133.7207
1753507708497,05:28:28.497,mexc,ADA/USDT:USDT,,,,,0.8236,776385302.0,620896835.2059
1753507708497,05:28:28.497,mexc,ADA/USDT:USDT,,,,,0.8236,776385302.0,620896835.2059
1753507708497,05:28:28.497,mexc,ADA/USDT:USDT,,,,,0.8236,776385302.0,620896835.2059
1753507708497,05:28:28.497,mexc,ADA/USDT:USDT,,,,,0.8236,776385302.0,620896835.2059
1753507718495,05:28:38.495,mexc,ADA/USDT:USDT,,,,,0.8237,776395818.0,620905497.2351
1753507720501,05:28:40.501,mexc,ADA/USDT:USDT,,,,,0.8238,776401888.0,620910497.7011
1753507722496,05:28:42.496,mexc,ADA/USDT:USDT,,,,,0.8239,776401894.0,620910502.6445
1753507722496,05:28:42.496,mexc,ADA/USDT:USDT,,,,,0.8239,776401894.0,620910502.6445
1753507726491,05:28:46.491,mexc,ADA/USDT:USDT,,,,,0.8239,776401909.0,620910515.003
1753507728493,05:28:48.493,mexc,ADA/USDT:USDT,,,,,0.8239,776401909.0,620910515.003
1753507732556,05:28:52.556,mexc,ADA/USDT:USDT,,,,,0.8239,776401909.0,620910515.003
1753507732556,05:28:52.556,mexc,ADA/USDT:USDT,,,,,0.8239,776401909.0,620910515.003
1753507736502,05:28:56.502,mexc,ADA/USDT:USDT,,,,,0.8239,776401909.0,620910515.003
