timestamp,time,exchange,symbol,bid,bidVolume,ask,askVolume,lastPrice,baseVolume,quoteVolume
1753504786867,04:39:46.867,mexc,ACH/USDT:USDT,,,,,0.02237,81936695.0,1777142.793713
1753504788861,04:39:48.861,mexc,ACH/USDT:USDT,,,,,0.02237,81936695.0,1777142.793713
1753504788861,04:39:48.861,mexc,ACH/USDT:USDT,,,,,0.02237,81936695.0,1777142.793713
1753504788861,04:39:48.861,mexc,ACH/USDT:USDT,,,,,0.02237,81936695.0,1777142.793713
1753504788861,04:39:48.861,mexc,ACH/USDT:USDT,,,,,0.02237,81936695.0,1777142.793713
1753504788861,04:39:48.861,mexc,ACH/USDT:USDT,,,,,0.02237,81936695.0,1777142.793713
1753504801047,04:40:01.047,mexc,ACH/USDT:USDT,,,,,0.022373,81937301.0,1777156.351751
1753504801047,04:40:01.047,mexc,ACH/USDT:USDT,,,,,0.022373,81937301.0,1777156.351751
1753504804901,04:40:04.901,mexc,ACH/USDT:USDT,,,,,0.022373,81937301.0,1777156.351751
1753504804901,04:40:04.901,mexc,ACH/USDT:USDT,,,,,0.022373,81937301.0,1777156.351751
1753504804901,04:40:04.901,mexc,ACH/USDT:USDT,,,,,0.022373,81937301.0,1777156.351751
1753504812870,04:40:12.870,mexc,ACH/USDT:USDT,,,,,0.022371,81937779.0,1777167.045089
1753504812870,04:40:12.870,mexc,ACH/USDT:USDT,,,,,0.022371,81937779.0,1777167.045089
1753504812870,04:40:12.870,mexc,ACH/USDT:USDT,,,,,0.022371,81937779.0,1777167.045089
1753504812870,04:40:12.870,mexc,ACH/USDT:USDT,,,,,0.022371,81937779.0,1777167.045089
1753504822870,04:40:22.870,mexc,ACH/USDT:USDT,,,,,0.022371,81937779.0,1777167.045089
1753504822870,04:40:22.870,mexc,ACH/USDT:USDT,,,,,0.022371,81937779.0,1777167.045089
1753504822870,04:40:22.870,mexc,ACH/USDT:USDT,,,,,0.022371,81937779.0,1777167.045089
1753504828898,04:40:28.898,mexc,ACH/USDT:USDT,,,,,0.022372,81938264.0,1777177.895509
1753504828898,04:40:28.898,mexc,ACH/USDT:USDT,,,,,0.022372,81938264.0,1777177.895509
1753504832861,04:40:32.861,mexc,ACH/USDT:USDT,,,,,0.022372,81938264.0,1777177.895509
1753504836865,04:40:36.865,mexc,ACH/USDT:USDT,,,,,0.022371,81939041.0,1777195.277776
1753504838868,04:40:38.868,mexc,ACH/USDT:USDT,,,,,0.022371,81939041.0,1777195.277776
1753504840972,04:40:40.972,mexc,ACH/USDT:USDT,,,,,0.022376,81939917.0,1777214.879152
1753504840972,04:40:40.972,mexc,ACH/USDT:USDT,,,,,0.022376,81939917.0,1777214.879152
1753504840972,04:40:40.972,mexc,ACH/USDT:USDT,,,,,0.022376,81939917.0,1777214.879152
1753504840972,04:40:40.972,mexc,ACH/USDT:USDT,,,,,0.022376,81939917.0,1777214.879152
1753504840972,04:40:40.972,mexc,ACH/USDT:USDT,,,,,0.022376,81939917.0,1777214.879152
1753504840972,04:40:40.972,mexc,ACH/USDT:USDT,,,,,0.022376,81939917.0,1777214.879152
1753504854855,04:40:54.855,mexc,ACH/USDT:USDT,,,,,0.022373,81940167.0,1777220.472402
1753504856851,04:40:56.851,mexc,ACH/USDT:USDT,,,,,0.022372,81940257.0,1777222.485882
1753504856851,04:40:56.851,mexc,ACH/USDT:USDT,,,,,0.022372,81940257.0,1777222.485882
1753504856851,04:40:56.851,mexc,ACH/USDT:USDT,,,,,0.022372,81940257.0,1777222.485882
1753504856851,04:40:56.851,mexc,ACH/USDT:USDT,,,,,0.022372,81940257.0,1777222.485882
1753504856851,04:40:56.851,mexc,ACH/USDT:USDT,,,,,0.022372,81940257.0,1777222.485882
1753504856851,04:40:56.851,mexc,ACH/USDT:USDT,,,,,0.022372,81940257.0,1777222.485882
1753504856851,04:40:56.851,mexc,ACH/USDT:USDT,,,,,0.022372,81940257.0,1777222.485882
1753504872911,04:41:12.911,mexc,ACH/USDT:USDT,,,,,0.02238,81940791.0,1777234.436268
1753504872911,04:41:12.911,mexc,ACH/USDT:USDT,,,,,0.02238,81940791.0,1777234.436268
1753504872911,04:41:12.911,mexc,ACH/USDT:USDT,,,,,0.02238,81940791.0,1777234.436268
1753504872911,04:41:12.911,mexc,ACH/USDT:USDT,,,,,0.02238,81940791.0,1777234.436268
1753504872911,04:41:12.911,mexc,ACH/USDT:USDT,,,,,0.02238,81940791.0,1777234.436268
1753504872911,04:41:12.911,mexc,ACH/USDT:USDT,,,,,0.02238,81940791.0,1777234.436268
1753504886867,04:41:26.867,mexc,ACH/USDT:USDT,,,,,0.02238,81941080.0,1777240.904088
1753504886867,04:41:26.867,mexc,ACH/USDT:USDT,,,,,0.02238,81941080.0,1777240.904088
1753504892870,04:41:32.870,mexc,ACH/USDT:USDT,,,,,0.02238,81941080.0,1777240.904088
1753504892870,04:41:32.870,mexc,ACH/USDT:USDT,,,,,0.02238,81941080.0,1777240.904088
1753504896863,04:41:36.863,mexc,ACH/USDT:USDT,,,,,0.02238,81941972.0,1777260.867048
1753504898862,04:41:38.862,mexc,ACH/USDT:USDT,,,,,0.02238,81941972.0,1777260.867048
1753504898862,04:41:38.862,mexc,ACH/USDT:USDT,,,,,0.02238,81941972.0,1777260.867048
1753504898862,04:41:38.862,mexc,ACH/USDT:USDT,,,,,0.02238,81941972.0,1777260.867048
1753504898862,04:41:38.862,mexc,ACH/USDT:USDT,,,,,0.02238,81941972.0,1777260.867048
1753504898862,04:41:38.862,mexc,ACH/USDT:USDT,,,,,0.02238,81941972.0,1777260.867048
1753504910859,04:41:50.859,mexc,ACH/USDT:USDT,,,,,0.02238,81942593.0,1777274.765028
1753504910859,04:41:50.859,mexc,ACH/USDT:USDT,,,,,0.02238,81942593.0,1777274.765028
1753504910859,04:41:50.859,mexc,ACH/USDT:USDT,,,,,0.02238,81942593.0,1777274.765028
1753504910859,04:41:50.859,mexc,ACH/USDT:USDT,,,,,0.02238,81942593.0,1777274.765028
1753504920961,04:42:00.961,mexc,ACH/USDT:USDT,,,,,0.022376,81943090.0,1777285.8859
1753504920961,04:42:00.961,mexc,ACH/USDT:USDT,,,,,0.022376,81943090.0,1777285.8859
1753504920961,04:42:00.961,mexc,ACH/USDT:USDT,,,,,0.022376,81943090.0,1777285.8859
1753504926891,04:42:06.891,mexc,ACH/USDT:USDT,,,,,0.022376,81943090.0,1777285.8859
1753504926891,04:42:06.891,mexc,ACH/USDT:USDT,,,,,0.022376,81943090.0,1777285.8859
1753504926891,04:42:06.891,mexc,ACH/USDT:USDT,,,,,0.022376,81943090.0,1777285.8859
1753504934867,04:42:14.867,mexc,ACH/USDT:USDT,,,,,0.022377,81943961.0,1777305.376267
1753504934867,04:42:14.867,mexc,ACH/USDT:USDT,,,,,0.022377,81943961.0,1777305.376267
1753504934867,04:42:14.867,mexc,ACH/USDT:USDT,,,,,0.022377,81943961.0,1777305.376267
1753504934867,04:42:14.867,mexc,ACH/USDT:USDT,,,,,0.022377,81943961.0,1777305.376267
1753504942868,04:42:22.868,mexc,ACH/USDT:USDT,,,,,0.022377,81943961.0,1777305.376267
1753504944870,04:42:24.870,mexc,ACH/USDT:USDT,,,,,0.022379,81944628.0,1777320.30306
1753504948887,04:42:28.887,mexc,ACH/USDT:USDT,,,,,0.02238,81944695.0,1777321.80252
1753504948887,04:42:28.887,mexc,ACH/USDT:USDT,,,,,0.02238,81944695.0,1777321.80252
1753504948887,04:42:28.887,mexc,ACH/USDT:USDT,,,,,0.02238,81944695.0,1777321.80252
1753504948887,04:42:28.887,mexc,ACH/USDT:USDT,,,,,0.02238,81944695.0,1777321.80252
1753504948887,04:42:28.887,mexc,ACH/USDT:USDT,,,,,0.02238,81944695.0,1777321.80252
1753504958871,04:42:38.871,mexc,ACH/USDT:USDT,,,,,0.02238,81944695.0,1777321.80252
1753504958871,04:42:38.871,mexc,ACH/USDT:USDT,,,,,0.02238,81944695.0,1777321.80252
1753504964950,04:42:44.950,mexc,ACH/USDT:USDT,,,,,0.022381,81944996.0,1777328.539201
1753504964950,04:42:44.950,mexc,ACH/USDT:USDT,,,,,0.022381,81944996.0,1777328.539201
1753504964950,04:42:44.950,mexc,ACH/USDT:USDT,,,,,0.022381,81944996.0,1777328.539201
1753504964950,04:42:44.950,mexc,ACH/USDT:USDT,,,,,0.022381,81944996.0,1777328.539201
1753504964950,04:42:44.950,mexc,ACH/USDT:USDT,,,,,0.022381,81944996.0,1777328.539201
1753504964950,04:42:44.950,mexc,ACH/USDT:USDT,,,,,0.022381,81944996.0,1777328.539201
1753504978888,04:42:58.888,mexc,ACH/USDT:USDT,,,,,0.022383,81945593.0,1777341.901852
1753504978888,04:42:58.888,mexc,ACH/USDT:USDT,,,,,0.022383,81945593.0,1777341.901852
1753504978888,04:42:58.888,mexc,ACH/USDT:USDT,,,,,0.022383,81945593.0,1777341.901852
1753504978888,04:42:58.888,mexc,ACH/USDT:USDT,,,,,0.022383,81945593.0,1777341.901852
1753504978888,04:42:58.888,mexc,ACH/USDT:USDT,,,,,0.022383,81945593.0,1777341.901852
1753504990868,04:43:10.868,mexc,ACH/USDT:USDT,,,,,0.022383,81945981.0,1777350.586456
1753504990868,04:43:10.868,mexc,ACH/USDT:USDT,,,,,0.022383,81945981.0,1777350.586456
1753504990868,04:43:10.868,mexc,ACH/USDT:USDT,,,,,0.022383,81945981.0,1777350.586456
1753504990868,04:43:10.868,mexc,ACH/USDT:USDT,,,,,0.022383,81945981.0,1777350.586456
1753504998863,04:43:18.863,mexc,ACH/USDT:USDT,,,,,0.022383,81945981.0,1777350.586456
1753504998863,04:43:18.863,mexc,ACH/USDT:USDT,,,,,0.022383,81945981.0,1777350.586456
1753505004858,04:43:24.858,mexc,ACH/USDT:USDT,,,,,0.022383,81946797.0,1777368.850984
1753505004858,04:43:24.858,mexc,ACH/USDT:USDT,,,,,0.022383,81946797.0,1777368.850984
1753505004858,04:43:24.858,mexc,ACH/USDT:USDT,,,,,0.022383,81946797.0,1777368.850984
1753505010889,04:43:30.889,mexc,ACH/USDT:USDT,,,,,0.022383,81947221.0,1777378.341376
1753505012863,04:43:32.863,mexc,ACH/USDT:USDT,,,,,0.022383,81947221.0,1777378.341376
1753505012863,04:43:32.863,mexc,ACH/USDT:USDT,,,,,0.022383,81947221.0,1777378.341376
1753505018855,04:43:38.855,mexc,ACH/USDT:USDT,,,,,0.022383,81947804.0,1777391.390665
1753505018855,04:43:38.855,mexc,ACH/USDT:USDT,,,,,0.022383,81947804.0,1777391.390665
1753505018855,04:43:38.855,mexc,ACH/USDT:USDT,,,,,0.022383,81947804.0,1777391.390665
1753505018855,04:43:38.855,mexc,ACH/USDT:USDT,,,,,0.022383,81947804.0,1777391.390665
1753505026928,04:43:46.928,mexc,ACH/USDT:USDT,,,,,0.022382,81948538.0,1777407.819053
1753505028862,04:43:48.862,mexc,ACH/USDT:USDT,,,,,0.022382,81948538.0,1777407.819053
1753505028862,04:43:48.862,mexc,ACH/USDT:USDT,,,,,0.022382,81948538.0,1777407.819053
1753505028862,04:43:48.862,mexc,ACH/USDT:USDT,,,,,0.022382,81948538.0,1777407.819053
1753505028862,04:43:48.862,mexc,ACH/USDT:USDT,,,,,0.022382,81948538.0,1777407.819053
1753505038872,04:43:58.872,mexc,ACH/USDT:USDT,,,,,0.022383,81949381.0,1777426.687922
1753505038872,04:43:58.872,mexc,ACH/USDT:USDT,,,,,0.022383,81949381.0,1777426.687922
1753505038872,04:43:58.872,mexc,ACH/USDT:USDT,,,,,0.022383,81949381.0,1777426.687922
1753505038872,04:43:58.872,mexc,ACH/USDT:USDT,,,,,0.022383,81949381.0,1777426.687922
1753505038872,04:43:58.872,mexc,ACH/USDT:USDT,,,,,0.022383,81949381.0,1777426.687922
1753505038872,04:43:58.872,mexc,ACH/USDT:USDT,,,,,0.022383,81949381.0,1777426.687922
1753505052870,04:44:12.870,mexc,ACH/USDT:USDT,,,,,0.022382,81949706.0,1777433.962072
1753505054858,04:44:14.858,mexc,ACH/USDT:USDT,,,,,0.022382,81949706.0,1777433.962072
1753505054858,04:44:14.858,mexc,ACH/USDT:USDT,,,,,0.022382,81949706.0,1777433.962072
1753505058860,04:44:18.860,mexc,ACH/USDT:USDT,,,,,0.022382,81950257.0,1777446.294554
1753505058860,04:44:18.860,mexc,ACH/USDT:USDT,,,,,0.022382,81950257.0,1777446.294554
1753505058860,04:44:18.860,mexc,ACH/USDT:USDT,,,,,0.022382,81950257.0,1777446.294554
1753505058860,04:44:18.860,mexc,ACH/USDT:USDT,,,,,0.022382,81950257.0,1777446.294554
1753505058860,04:44:18.860,mexc,ACH/USDT:USDT,,,,,0.022382,81950257.0,1777446.294554
1753505070901,04:44:30.901,mexc,ACH/USDT:USDT,,,,,0.022383,81951113.0,1777465.454402
1753505070901,04:44:30.901,mexc,ACH/USDT:USDT,,,,,0.022383,81951113.0,1777465.454402
1753505076865,04:44:36.865,mexc,ACH/USDT:USDT,,,,,0.022383,81951113.0,1777465.454402
1753505076865,04:44:36.865,mexc,ACH/USDT:USDT,,,,,0.022383,81951113.0,1777465.454402
1753505076865,04:44:36.865,mexc,ACH/USDT:USDT,,,,,0.022383,81951113.0,1777465.454402
1753505082862,04:44:42.862,mexc,ACH/USDT:USDT,,,,,0.022383,81951855.0,1777482.062588
1753505082862,04:44:42.862,mexc,ACH/USDT:USDT,,,,,0.022383,81951855.0,1777482.062588
1753505082862,04:44:42.862,mexc,ACH/USDT:USDT,,,,,0.022383,81951855.0,1777482.062588
1753505082862,04:44:42.862,mexc,ACH/USDT:USDT,,,,,0.022383,81951855.0,1777482.062588
1753505082862,04:44:42.862,mexc,ACH/USDT:USDT,,,,,0.022383,81951855.0,1777482.062588
1753505082862,04:44:42.862,mexc,ACH/USDT:USDT,,,,,0.022383,81951855.0,1777482.062588
1753505096875,04:44:56.875,mexc,ACH/USDT:USDT,,,,,0.022381,81952476.0,1777495.961189
1753505098882,04:44:58.882,mexc,ACH/USDT:USDT,,,,,0.022381,81952476.0,1777495.961189
1753505098882,04:44:58.882,mexc,ACH/USDT:USDT,,,,,0.022381,81952476.0,1777495.961189
1753505098882,04:44:58.882,mexc,ACH/USDT:USDT,,,,,0.022381,81952476.0,1777495.961189
1753505098882,04:44:58.882,mexc,ACH/USDT:USDT,,,,,0.022381,81952476.0,1777495.961189
1753505098882,04:44:58.882,mexc,ACH/USDT:USDT,,,,,0.022381,81952476.0,1777495.961189
1753505110867,04:45:10.867,mexc,ACH/USDT:USDT,,,,,0.02238,81953180.0,1777511.716709
1753505110867,04:45:10.867,mexc,ACH/USDT:USDT,,,,,0.02238,81953180.0,1777511.716709
1753505110867,04:45:10.867,mexc,ACH/USDT:USDT,,,,,0.02238,81953180.0,1777511.716709
1753505110867,04:45:10.867,mexc,ACH/USDT:USDT,,,,,0.02238,81953180.0,1777511.716709
1753505120901,04:45:20.901,mexc,ACH/USDT:USDT,,,,,0.022375,81953794.0,1777525.454959
1753505120901,04:45:20.901,mexc,ACH/USDT:USDT,,,,,0.022375,81953794.0,1777525.454959
1753505120901,04:45:20.901,mexc,ACH/USDT:USDT,,,,,0.022375,81953794.0,1777525.454959
1753505126855,04:45:26.855,mexc,ACH/USDT:USDT,,,,,0.022375,81953794.0,1777525.454959
1753505126855,04:45:26.855,mexc,ACH/USDT:USDT,,,,,0.022375,81953794.0,1777525.454959
1753505132862,04:45:32.862,mexc,ACH/USDT:USDT,,,,,0.022375,81953794.0,1777525.454959
1753505134873,04:45:34.873,mexc,ACH/USDT:USDT,,,,,0.022377,81954571.0,1777542.841888
1753505134873,04:45:34.873,mexc,ACH/USDT:USDT,,,,,0.022377,81954571.0,1777542.841888
1753505134873,04:45:34.873,mexc,ACH/USDT:USDT,,,,,0.022377,81954571.0,1777542.841888
1753505140860,04:45:40.860,mexc,ACH/USDT:USDT,,,,,0.022376,81954968.0,1777551.72516
1753505140860,04:45:40.860,mexc,ACH/USDT:USDT,,,,,0.022376,81954968.0,1777551.72516
1753505140860,04:45:40.860,mexc,ACH/USDT:USDT,,,,,0.022376,81954968.0,1777551.72516
1753505148930,04:45:48.930,mexc,ACH/USDT:USDT,,,,,0.022376,81955201.0,1777556.938768
1753505148930,04:45:48.930,mexc,ACH/USDT:USDT,,,,,0.022376,81955201.0,1777556.938768
1753505148930,04:45:48.930,mexc,ACH/USDT:USDT,,,,,0.022376,81955201.0,1777556.938768
1753505148930,04:45:48.930,mexc,ACH/USDT:USDT,,,,,0.022376,81955201.0,1777556.938768
1753505156867,04:45:56.867,mexc,ACH/USDT:USDT,,,,,0.022375,81955968.0,1777574.100393
1753505156867,04:45:56.867,mexc,ACH/USDT:USDT,,,,,0.022375,81955968.0,1777574.100393
1753505156867,04:45:56.867,mexc,ACH/USDT:USDT,,,,,0.022375,81955968.0,1777574.100393
1753505156867,04:45:56.867,mexc,ACH/USDT:USDT,,,,,0.022375,81955968.0,1777574.100393
1753505166871,04:46:06.871,mexc,ACH/USDT:USDT,,,,,0.022379,81956271.0,1777580.88123
1753505166871,04:46:06.871,mexc,ACH/USDT:USDT,,,,,0.022379,81956271.0,1777580.88123
1753505166871,04:46:06.871,mexc,ACH/USDT:USDT,,,,,0.022379,81956271.0,1777580.88123
1753505166871,04:46:06.871,mexc,ACH/USDT:USDT,,,,,0.022379,81956271.0,1777580.88123
1753505166871,04:46:06.871,mexc,ACH/USDT:USDT,,,,,0.022379,81956271.0,1777580.88123
1753505166871,04:46:06.871,mexc,ACH/USDT:USDT,,,,,0.022379,81956271.0,1777580.88123
1753505166871,04:46:06.871,mexc,ACH/USDT:USDT,,,,,0.022379,81956271.0,1777580.88123
1753505182864,04:46:22.864,mexc,ACH/USDT:USDT,,,,,0.022381,81956826.0,1777593.302685
1753505184869,04:46:24.869,mexc,ACH/USDT:USDT,,,,,0.022381,81956826.0,1777593.302685
1753505188870,04:46:28.870,mexc,ACH/USDT:USDT,,,,,0.022381,81956826.0,1777593.302685
1753505188870,04:46:28.870,mexc,ACH/USDT:USDT,,,,,0.022381,81956826.0,1777593.302685
1753505188870,04:46:28.870,mexc,ACH/USDT:USDT,,,,,0.022381,81956826.0,1777593.302685
1753505188870,04:46:28.870,mexc,ACH/USDT:USDT,,,,,0.022381,81956826.0,1777593.302685
1753505196869,04:46:36.869,mexc,ACH/USDT:USDT,,,,,0.022381,81956826.0,1777593.302685
1753505198858,04:46:38.858,mexc,ACH/USDT:USDT,,,,,0.022386,81957258.0,1777602.973437
1753505202855,04:46:42.855,mexc,ACH/USDT:USDT,,,,,0.022386,81957258.0,1777602.973437
1753505204893,04:46:44.893,mexc,ACH/USDT:USDT,,,,,0.022386,81957258.0,1777602.973437
1753505204893,04:46:44.893,mexc,ACH/USDT:USDT,,,,,0.022386,81957258.0,1777602.973437
1753505208873,04:46:48.873,mexc,ACH/USDT:USDT,,,,,0.02239,81957610.0,1777610.854717
1753505208873,04:46:48.873,mexc,ACH/USDT:USDT,,,,,0.02239,81957610.0,1777610.854717
1753505208873,04:46:48.873,mexc,ACH/USDT:USDT,,,,,0.02239,81957610.0,1777610.854717
1753505208873,04:46:48.873,mexc,ACH/USDT:USDT,,,,,0.02239,81957610.0,1777610.854717
1753505208873,04:46:48.873,mexc,ACH/USDT:USDT,,,,,0.02239,81957610.0,1777610.854717
1753505208873,04:46:48.873,mexc,ACH/USDT:USDT,,,,,0.02239,81957610.0,1777610.854717
1753505208873,04:46:48.873,mexc,ACH/USDT:USDT,,,,,0.02239,81957610.0,1777610.854717
1753505224858,04:47:04.858,mexc,ACH/USDT:USDT,,,,,0.022389,81958302.0,1777626.347905
1753505224858,04:47:04.858,mexc,ACH/USDT:USDT,,,,,0.022389,81958302.0,1777626.347905
1753505230871,04:47:10.871,mexc,ACH/USDT:USDT,,,,,0.022386,81958947.0,1777640.786875
1753505230871,04:47:10.871,mexc,ACH/USDT:USDT,,,,,0.022386,81958947.0,1777640.786875
1753505234856,04:47:14.856,mexc,ACH/USDT:USDT,,,,,0.022386,81958947.0,1777640.786875
1753505236859,04:47:16.859,mexc,ACH/USDT:USDT,,,,,0.022386,81958947.0,1777640.786875
1753505238873,04:47:18.873,mexc,ACH/USDT:USDT,,,,,0.022386,81959724.0,1777658.180797
1753505238873,04:47:18.873,mexc,ACH/USDT:USDT,,,,,0.022386,81959724.0,1777658.180797
1753505244849,04:47:24.849,mexc,ACH/USDT:USDT,,,,,0.022386,81959724.0,1777658.180797
1753505244849,04:47:24.849,mexc,ACH/USDT:USDT,,,,,0.022386,81959724.0,1777658.180797
1753505248861,04:47:28.861,mexc,ACH/USDT:USDT,,,,,0.022386,81959724.0,1777658.180797
1753505250895,04:47:30.895,mexc,ACH/USDT:USDT,,,,,0.022379,81959952.0,1777663.283209
1753505250895,04:47:30.895,mexc,ACH/USDT:USDT,,,,,0.022379,81959952.0,1777663.283209
1753505250895,04:47:30.895,mexc,ACH/USDT:USDT,,,,,0.022379,81959952.0,1777663.283209
1753505258869,04:47:38.869,mexc,ACH/USDT:USDT,,,,,0.022375,81967964.0,1777842.551709
1753505258869,04:47:38.869,mexc,ACH/USDT:USDT,,,,,0.022375,81967964.0,1777842.551709
1753505258869,04:47:38.869,mexc,ACH/USDT:USDT,,,,,0.022375,81967964.0,1777842.551709
1753505258869,04:47:38.869,mexc,ACH/USDT:USDT,,,,,0.022375,81967964.0,1777842.551709
1753505266867,04:47:46.867,mexc,ACH/USDT:USDT,,,,,0.022376,81968330.0,1777850.741325
1753505266867,04:47:46.867,mexc,ACH/USDT:USDT,,,,,0.022376,81968330.0,1777850.741325
