timestamp,time,exchange,symbol,bid,bidVolume,ask,askVolume,lastPrice,baseVolume,quoteVolume
1753507232594,05:20:32.594,mexc,ALGO/USDT:USDT,,,,,0.269,75542774.0,19690656.0049
1753507232594,05:20:32.594,mexc,ALGO/USDT:USDT,,,,,0.269,75542774.0,19690656.0049
1753507232594,05:20:32.594,mexc,ALGO/USDT:USDT,,,,,0.269,75542774.0,19690656.0049
1753507232594,05:20:32.594,mexc,ALGO/USDT:USDT,,,,,0.269,75542774.0,19690656.0049
1753507242586,05:20:42.586,mexc,ALGO/USDT:USDT,,,,,0.2689,75542802.0,19690663.5341
1753507242586,05:20:42.586,mexc,ALGO/USDT:USDT,,,,,0.2689,75542802.0,19690663.5341
1753507242586,05:20:42.586,mexc,ALGO/USDT:USDT,,,,,0.2689,75542802.0,19690663.5341
1753507242586,05:20:42.586,mexc,ALGO/USDT:USDT,,,,,0.2689,75542802.0,19690663.5341
1753507242586,05:20:42.586,mexc,ALGO/USDT:USDT,,,,,0.2689,75542802.0,19690663.5341
1753507242586,05:20:42.586,mexc,ALGO/USDT:USDT,,,,,0.2689,75542802.0,19690663.5341
1753507242586,05:20:42.586,mexc,ALGO/USDT:USDT,,,,,0.2689,75542802.0,19690663.5341
1753507258623,05:20:58.623,mexc,ALGO/USDT:USDT,,,,,0.2689,75542822.0,19690668.9121
1753507258623,05:20:58.623,mexc,ALGO/USDT:USDT,,,,,0.2689,75542822.0,19690668.9121
1753507258623,05:20:58.623,mexc,ALGO/USDT:USDT,,,,,0.2689,75542822.0,19690668.9121
1753507258623,05:20:58.623,mexc,ALGO/USDT:USDT,,,,,0.2689,75542822.0,19690668.9121
1753507258623,05:20:58.623,mexc,ALGO/USDT:USDT,,,,,0.2689,75542822.0,19690668.9121
1753507270672,05:21:10.672,mexc,ALGO/USDT:USDT,,,,,0.2689,75542822.0,19690668.9121
1753507272611,05:21:12.611,mexc,ALGO/USDT:USDT,,,,,0.2689,75542877.0,19690683.7016
1753507274615,05:21:14.615,mexc,ALGO/USDT:USDT,,,,,0.2689,75580065.0,19700683.5548
1753507274615,05:21:14.615,mexc,ALGO/USDT:USDT,,,,,0.2689,75580065.0,19700683.5548
1753507278634,05:21:18.634,mexc,ALGO/USDT:USDT,,,,,0.2692,75582288.0,19701281.9864
1753507278634,05:21:18.634,mexc,ALGO/USDT:USDT,,,,,0.2692,75582288.0,19701281.9864
1753507284609,05:21:24.609,mexc,ALGO/USDT:USDT,,,,,0.2692,75617910.0,19710871.4288
1753507284609,05:21:24.609,mexc,ALGO/USDT:USDT,,,,,0.2692,75617910.0,19710871.4288
1753507284609,05:21:24.609,mexc,ALGO/USDT:USDT,,,,,0.2692,75617910.0,19710871.4288
1753507290639,05:21:30.639,mexc,ALGO/USDT:USDT,,,,,0.2692,75617910.0,19710871.4288
1753507292608,05:21:32.608,mexc,ALGO/USDT:USDT,,,,,0.2692,75617910.0,19710871.4288
1753507292608,05:21:32.608,mexc,ALGO/USDT:USDT,,,,,0.2692,75617910.0,19710871.4288
1753507298607,05:21:38.607,mexc,ALGO/USDT:USDT,,,,,0.2691,75617976.0,19710889.1894
1753507298607,05:21:38.607,mexc,ALGO/USDT:USDT,,,,,0.2691,75617976.0,19710889.1894
1753507298607,05:21:38.607,mexc,ALGO/USDT:USDT,,,,,0.2691,75617976.0,19710889.1894
1753507304607,05:21:44.607,mexc,ALGO/USDT:USDT,,,,,0.2692,75618029.0,19710903.457
1753507304607,05:21:44.607,mexc,ALGO/USDT:USDT,,,,,0.2692,75618029.0,19710903.457
1753507304607,05:21:44.607,mexc,ALGO/USDT:USDT,,,,,0.2692,75618029.0,19710903.457
1753507304607,05:21:44.607,mexc,ALGO/USDT:USDT,,,,,0.2692,75618029.0,19710903.457
1753507304607,05:21:44.607,mexc,ALGO/USDT:USDT,,,,,0.2692,75618029.0,19710903.457
1753507316603,05:21:56.603,mexc,ALGO/USDT:USDT,,,,,0.2692,75618085.0,19710918.5322
1753507316603,05:21:56.603,mexc,ALGO/USDT:USDT,,,,,0.2692,75618085.0,19710918.5322
1753507316603,05:21:56.603,mexc,ALGO/USDT:USDT,,,,,0.2692,75618085.0,19710918.5322
1753507316603,05:21:56.603,mexc,ALGO/USDT:USDT,,,,,0.2692,75618085.0,19710918.5322
1753507316603,05:21:56.603,mexc,ALGO/USDT:USDT,,,,,0.2692,75618085.0,19710918.5322
1753507316603,05:21:56.603,mexc,ALGO/USDT:USDT,,,,,0.2692,75618085.0,19710918.5322
1753507330610,05:22:10.610,mexc,ALGO/USDT:USDT,,,,,0.2692,75618085.0,19710918.5322
1753507332636,05:22:12.636,mexc,ALGO/USDT:USDT,,,,,0.2693,75618122.0,19710928.4963
1753507332636,05:22:12.636,mexc,ALGO/USDT:USDT,,,,,0.2693,75618122.0,19710928.4963
1753507332636,05:22:12.636,mexc,ALGO/USDT:USDT,,,,,0.2693,75618122.0,19710928.4963
1753507340597,05:22:20.597,mexc,ALGO/USDT:USDT,,,,,0.2694,75618173.0,19710942.2357
1753507340597,05:22:20.597,mexc,ALGO/USDT:USDT,,,,,0.2694,75618173.0,19710942.2357
1753507340597,05:22:20.597,mexc,ALGO/USDT:USDT,,,,,0.2694,75618173.0,19710942.2357
1753507346596,05:22:26.596,mexc,ALGO/USDT:USDT,,,,,0.2694,75618173.0,19710942.2357
1753507348604,05:22:28.604,mexc,ALGO/USDT:USDT,,,,,0.2693,75618199.0,19710949.2375
1753507348604,05:22:28.604,mexc,ALGO/USDT:USDT,,,,,0.2693,75618199.0,19710949.2375
1753507348604,05:22:28.604,mexc,ALGO/USDT:USDT,,,,,0.2693,75618199.0,19710949.2375
1753507348604,05:22:28.604,mexc,ALGO/USDT:USDT,,,,,0.2693,75618199.0,19710949.2375
1753507348604,05:22:28.604,mexc,ALGO/USDT:USDT,,,,,0.2693,75618199.0,19710949.2375
1753507348604,05:22:28.604,mexc,ALGO/USDT:USDT,,,,,0.2693,75618199.0,19710949.2375
1753507364611,05:22:44.611,mexc,ALGO/USDT:USDT,,,,,0.2693,75618269.0,19710968.0885
1753507366607,05:22:46.607,mexc,ALGO/USDT:USDT,,,,,0.2693,75618269.0,19710968.0885
1753507366607,05:22:46.607,mexc,ALGO/USDT:USDT,,,,,0.2693,75618269.0,19710968.0885
1753507370605,05:22:50.605,mexc,ALGO/USDT:USDT,,,,,0.2694,75618295.0,19710975.0929
1753507370605,05:22:50.605,mexc,ALGO/USDT:USDT,,,,,0.2694,75618295.0,19710975.0929
1753507370605,05:22:50.605,mexc,ALGO/USDT:USDT,,,,,0.2694,75618295.0,19710975.0929
1753507370605,05:22:50.605,mexc,ALGO/USDT:USDT,,,,,0.2694,75618295.0,19710975.0929
1753507370605,05:22:50.605,mexc,ALGO/USDT:USDT,,,,,0.2694,75618295.0,19710975.0929
1753507382619,05:23:02.619,mexc,ALGO/USDT:USDT,,,,,0.2695,75618360.0,19710992.6104
1753507382619,05:23:02.619,mexc,ALGO/USDT:USDT,,,,,0.2695,75618360.0,19710992.6104
1753507382619,05:23:02.619,mexc,ALGO/USDT:USDT,,,,,0.2695,75618360.0,19710992.6104
1753507382619,05:23:02.619,mexc,ALGO/USDT:USDT,,,,,0.2695,75618360.0,19710992.6104
1753507392677,05:23:12.677,mexc,ALGO/USDT:USDT,,,,,0.2694,75626990.0,19713317.5324
1753507392677,05:23:12.677,mexc,ALGO/USDT:USDT,,,,,0.2694,75626990.0,19713317.5324
1753507392677,05:23:12.677,mexc,ALGO/USDT:USDT,,,,,0.2694,75626990.0,19713317.5324
1753507392677,05:23:12.677,mexc,ALGO/USDT:USDT,,,,,0.2694,75626990.0,19713317.5324
1753507400612,05:23:20.612,mexc,ALGO/USDT:USDT,,,,,0.2695,75627009.0,19713322.6529
1753507402586,05:23:22.586,mexc,ALGO/USDT:USDT,,,,,0.2695,75627009.0,19713322.6529
1753507406606,05:23:26.606,mexc,ALGO/USDT:USDT,,,,,0.2695,75627009.0,19713322.6529
1753507406606,05:23:26.606,mexc,ALGO/USDT:USDT,,,,,0.2695,75627009.0,19713322.6529
1753507406606,05:23:26.606,mexc,ALGO/USDT:USDT,,,,,0.2695,75627009.0,19713322.6529
1753507406606,05:23:26.606,mexc,ALGO/USDT:USDT,,,,,0.2695,75627009.0,19713322.6529
1753507414608,05:23:34.608,mexc,ALGO/USDT:USDT,,,,,0.2694,75627047.0,19713332.8901
1753507414608,05:23:34.608,mexc,ALGO/USDT:USDT,,,,,0.2694,75627047.0,19713332.8901
1753507414608,05:23:34.608,mexc,ALGO/USDT:USDT,,,,,0.2694,75627047.0,19713332.8901
1753507414608,05:23:34.608,mexc,ALGO/USDT:USDT,,,,,0.2694,75627047.0,19713332.8901
1753507414608,05:23:34.608,mexc,ALGO/USDT:USDT,,,,,0.2694,75627047.0,19713332.8901
1753507426601,05:23:46.601,mexc,ALGO/USDT:USDT,,,,,0.2694,75627108.0,19713349.3235
1753507426601,05:23:46.601,mexc,ALGO/USDT:USDT,,,,,0.2694,75627108.0,19713349.3235
1753507426601,05:23:46.601,mexc,ALGO/USDT:USDT,,,,,0.2694,75627108.0,19713349.3235
1753507434610,05:23:54.610,mexc,ALGO/USDT:USDT,,,,,0.2693,75627172.0,19713366.5587
1753507434610,05:23:54.610,mexc,ALGO/USDT:USDT,,,,,0.2693,75627172.0,19713366.5587
1753507434610,05:23:54.610,mexc,ALGO/USDT:USDT,,,,,0.2693,75627172.0,19713366.5587
1753507434610,05:23:54.610,mexc,ALGO/USDT:USDT,,,,,0.2693,75627172.0,19713366.5587
1753507434610,05:23:54.610,mexc,ALGO/USDT:USDT,,,,,0.2693,75627172.0,19713366.5587
1753507446609,05:24:06.609,mexc,ALGO/USDT:USDT,,,,,0.2695,75627192.0,19713371.9487
1753507446609,05:24:06.609,mexc,ALGO/USDT:USDT,,,,,0.2695,75627192.0,19713371.9487
1753507446609,05:24:06.609,mexc,ALGO/USDT:USDT,,,,,0.2695,75627192.0,19713371.9487
1753507452604,05:24:12.604,mexc,ALGO/USDT:USDT,,,,,0.2695,75627241.0,19713385.1542
1753507454655,05:24:14.655,mexc,ALGO/USDT:USDT,,,,,0.2695,75627241.0,19713385.1542
1753507456603,05:24:16.603,mexc,ALGO/USDT:USDT,,,,,0.2695,75627241.0,19713385.1542
1753507456603,05:24:16.603,mexc,ALGO/USDT:USDT,,,,,0.2695,75627241.0,19713385.1542
1753507456603,05:24:16.603,mexc,ALGO/USDT:USDT,,,,,0.2695,75627241.0,19713385.1542
1753507464600,05:24:24.600,mexc,ALGO/USDT:USDT,,,,,0.2695,75627280.0,19713395.6647
1753507464600,05:24:24.600,mexc,ALGO/USDT:USDT,,,,,0.2695,75627280.0,19713395.6647
1753507468611,05:24:28.611,mexc,ALGO/USDT:USDT,,,,,0.2695,75627280.0,19713395.6647
1753507468611,05:24:28.611,mexc,ALGO/USDT:USDT,,,,,0.2695,75627280.0,19713395.6647
1753507468611,05:24:28.611,mexc,ALGO/USDT:USDT,,,,,0.2695,75627280.0,19713395.6647
1753507476603,05:24:36.603,mexc,ALGO/USDT:USDT,,,,,0.2695,75627351.0,19713414.7992
1753507476603,05:24:36.603,mexc,ALGO/USDT:USDT,,,,,0.2695,75627351.0,19713414.7992
1753507476603,05:24:36.603,mexc,ALGO/USDT:USDT,,,,,0.2695,75627351.0,19713414.7992
1753507476603,05:24:36.603,mexc,ALGO/USDT:USDT,,,,,0.2695,75627351.0,19713414.7992
1753507484641,05:24:44.641,mexc,ALGO/USDT:USDT,,,,,0.2695,75627351.0,19713414.7992
