timestamp,time,exchange,symbol,bid,bidVolume,ask,askVolume,lastPrice,baseVolume,quoteVolume
1753504791673,04:39:51.673,phemex,AAVE/USDT:USDT,,,,,297.45,10801.4,3150404.365
1753504792482,04:39:52.482,phemex,AAVE/USDT:USDT,,,,,297.45,10801.4,3150404.365
1753504795488,04:39:55.488,phemex,AAVE/USDT:USDT,,,,,297.45,10801.4,3150404.365
1753504798494,04:39:58.494,phemex,AAVE/USDT:USDT,,,,,297.45,10801.4,3150404.365
1753504801500,04:40:01.500,phemex,AAVE/USDT:USDT,,,,,297.45,10796.0,3148856.473
1753504804507,04:40:04.507,phemex,AAVE/USDT:USDT,,,,,297.45,10796.0,3148856.473
1753504813524,04:40:13.524,phemex,AAVE/USDT:USDT,,,,,297.45,10796.0,3148856.473
1753504816529,04:40:16.529,phemex,AAVE/USDT:USDT,,,,,297.47,10798.2,3149510.907
1753504819534,04:40:19.534,phemex,AAVE/USDT:USDT,,,,,297.54,10802.6,3150820.083
1753504825544,04:40:25.544,phemex,AAVE/USDT:USDT,,,,,297.54,10802.6,3150820.083
1753504828549,04:40:28.549,phemex,AAVE/USDT:USDT,,,,,297.54,10802.6,3150820.083
1753504831554,04:40:31.554,phemex,AAVE/USDT:USDT,,,,,297.54,10802.6,3150820.083
1753504843576,04:40:43.576,phemex,AAVE/USDT:USDT,,,,,297.54,10802.6,3150820.083
1753504846581,04:40:46.581,phemex,AAVE/USDT:USDT,,,,,297.54,10802.6,3150820.083
1753504852594,04:40:52.594,phemex,AAVE/USDT:USDT,,,,,297.49,10806.9,3152099.29
1753504858604,04:40:58.604,phemex,AAVE/USDT:USDT,,,,,297.57,10817.8,3155342.803
1753504861609,04:41:01.609,phemex,AAVE/USDT:USDT,,,,,297.57,10809.4,3152934.141
1753504888657,04:41:28.657,phemex,AAVE/USDT:USDT,,,,,297.6,10812.9,3153975.741
1753504903681,04:41:43.681,phemex,AAVE/USDT:USDT,,,,,297.77,10813.7,3154213.957
1753504915699,04:41:55.699,phemex,AAVE/USDT:USDT,,,,,297.77,10813.7,3154213.957
1753504921709,04:42:01.709,phemex,AAVE/USDT:USDT,,,,,297.77,10799.2,3150062.223
1753504927719,04:42:07.719,phemex,AAVE/USDT:USDT,,,,,297.92,10801.1,3150628.232
1753504930725,04:42:10.725,phemex,AAVE/USDT:USDT,,,,,297.92,10801.1,3150628.232
1753504945751,04:42:25.751,phemex,AAVE/USDT:USDT,,,,,297.96,10805.6,3151969.052
1753504948755,04:42:28.755,phemex,AAVE/USDT:USDT,,,,,297.94,10809.8,3153220.4
1753504954764,04:42:34.764,phemex,AAVE/USDT:USDT,,,,,297.94,10809.8,3153220.4
1753504966783,04:42:46.783,phemex,AAVE/USDT:USDT,,,,,297.94,10809.8,3153220.4
1753504969788,04:42:49.788,phemex,AAVE/USDT:USDT,,,,,297.94,10809.8,3153220.4
1753504972791,04:42:52.791,phemex,AAVE/USDT:USDT,,,,,297.94,10809.8,3153220.4
1753504975796,04:42:55.796,phemex,AAVE/USDT:USDT,,,,,297.94,10809.8,3153220.4
1753504978802,04:42:58.802,phemex,AAVE/USDT:USDT,,,,,297.94,10809.8,3153220.4
1753504981807,04:43:01.807,phemex,AAVE/USDT:USDT,,,,,297.94,10806.0,3152132.735
1753504984810,04:43:04.810,phemex,AAVE/USDT:USDT,,,,,297.94,10806.0,3152132.735
1753504987815,04:43:07.815,phemex,AAVE/USDT:USDT,,,,,297.94,10806.0,3152132.735
1753504990820,04:43:10.820,phemex,AAVE/USDT:USDT,,,,,297.94,10806.0,3152132.735
1753504993825,04:43:13.825,phemex,AAVE/USDT:USDT,,,,,297.94,10806.0,3152132.735
1753504996828,04:43:16.828,phemex,AAVE/USDT:USDT,,,,,297.94,10806.0,3152132.735
1753505002836,04:43:22.836,phemex,AAVE/USDT:USDT,,,,,297.94,10806.0,3152132.735
1753505005839,04:43:25.839,phemex,AAVE/USDT:USDT,,,,,297.88,10806.6,3152311.463
1753505008842,04:43:28.842,phemex,AAVE/USDT:USDT,,,,,297.88,10806.6,3152311.463
1753505032879,04:43:52.879,phemex,AAVE/USDT:USDT,,,,,297.96,10812.8,3154158.815
1753505035884,04:43:55.884,phemex,AAVE/USDT:USDT,,,,,297.96,10812.8,3154158.815
1753505038889,04:43:58.889,phemex,AAVE/USDT:USDT,,,,,297.96,10812.8,3154158.815
1753505041893,04:44:01.893,phemex,AAVE/USDT:USDT,,,,,297.96,10809.2,3153130.091
1753505044898,04:44:04.898,phemex,AAVE/USDT:USDT,,,,,297.96,10809.2,3153130.091
1753505047903,04:44:07.903,phemex,AAVE/USDT:USDT,,,,,297.97,10812.8,3154202.783
1753505053912,04:44:13.912,phemex,AAVE/USDT:USDT,,,,,297.97,10812.8,3154202.783
1753505056917,04:44:16.917,phemex,AAVE/USDT:USDT,,,,,297.97,10812.8,3154202.783
1753505065931,04:44:25.931,phemex,AAVE/USDT:USDT,,,,,297.97,10812.8,3154202.783
1753505071940,04:44:31.940,phemex,AAVE/USDT:USDT,,,,,297.97,10812.8,3154202.783
1753505074944,04:44:34.944,phemex,AAVE/USDT:USDT,,,,,297.97,10812.8,3154202.783
1753505080953,04:44:40.953,phemex,AAVE/USDT:USDT,,,,,297.97,10812.8,3154202.783
1753505092970,04:44:52.970,phemex,AAVE/USDT:USDT,,,,,297.97,10812.8,3154202.783
1753505095975,04:44:55.975,phemex,AAVE/USDT:USDT,,,,,297.97,10812.8,3154202.783
1753505111001,04:45:11.001,phemex,AAVE/USDT:USDT,,,,,297.97,10794.6,3148988.951
1753505117011,04:45:17.011,phemex,AAVE/USDT:USDT,,,,,297.97,10794.6,3148988.951
1753505147060,04:45:47.060,phemex,AAVE/USDT:USDT,,,,,297.97,10794.6,3148988.951
1753505171102,04:46:11.102,phemex,AAVE/USDT:USDT,,,,,297.97,10792.9,3148501.544
1753505210166,04:46:50.166,phemex,AAVE/USDT:USDT,,,,,297.93,10801.5,3151063.703
1753505219184,04:46:59.184,phemex,AAVE/USDT:USDT,,,,,297.93,10801.5,3151063.703
1753505222189,04:47:02.189,phemex,AAVE/USDT:USDT,,,,,297.93,10786.9,3146878.632
1753505228201,04:47:08.201,phemex,AAVE/USDT:USDT,,,,,297.93,10786.9,3146878.632
1753505234213,04:47:14.213,phemex,AAVE/USDT:USDT,,,,,297.93,10786.9,3146878.632
1753505237219,04:47:17.219,phemex,AAVE/USDT:USDT,,,,,297.93,10786.9,3146878.632
1753505252242,04:47:32.242,phemex,AAVE/USDT:USDT,,,,,297.93,10786.9,3146878.632
1753505261256,04:47:41.256,phemex,AAVE/USDT:USDT,,,,,297.71,10792.3,3148486.266
1753505264261,04:47:44.261,phemex,AAVE/USDT:USDT,,,,,297.71,10792.3,3148486.266
1753505270273,04:47:50.273,phemex,AAVE/USDT:USDT,,,,,297.81,10798.1,3150213.564
1753505276282,04:47:56.282,phemex,AAVE/USDT:USDT,,,,,297.81,10798.1,3150213.564
1753505279289,04:47:59.289,phemex,AAVE/USDT:USDT,,,,,297.81,10798.1,3150213.564
1753505288304,04:48:08.304,phemex,AAVE/USDT:USDT,,,,,297.69,10798.5,3150376.464
1753505294313,04:48:14.313,phemex,AAVE/USDT:USDT,,,,,297.69,10798.5,3150376.464
1753505312342,04:48:32.342,phemex,AAVE/USDT:USDT,,,,,297.69,10798.5,3150376.464
1753505327364,04:48:47.364,phemex,AAVE/USDT:USDT,,,,,297.69,10798.5,3150376.464
1753505336379,04:48:56.379,phemex,AAVE/USDT:USDT,,,,,297.69,10798.5,3150376.464
1753505342389,04:49:02.389,phemex,AAVE/USDT:USDT,,,,,297.69,10791.9,3148480.93
1753505345393,04:49:05.393,phemex,AAVE/USDT:USDT,,,,,297.69,10791.9,3148480.93
1753505357417,04:49:17.417,phemex,AAVE/USDT:USDT,,,,,297.66,10793.1,3148838.122
1753505369440,04:49:29.440,phemex,AAVE/USDT:USDT,,,,,297.66,10793.1,3148838.122
1753505372456,04:49:32.456,phemex,AAVE/USDT:USDT,,,,,297.66,10793.1,3148838.122
1753505375460,04:49:35.460,phemex,AAVE/USDT:USDT,,,,,297.66,10793.1,3148838.122
1753505393493,04:49:53.493,phemex,AAVE/USDT:USDT,,,,,297.66,10793.1,3148838.122
1753505405513,04:50:05.513,phemex,AAVE/USDT:USDT,,,,,297.66,10783.4,3146053.747
1753505414527,04:50:14.527,phemex,AAVE/USDT:USDT,,,,,297.66,10783.4,3146053.747
1753505429551,04:50:29.551,phemex,AAVE/USDT:USDT,,,,,297.66,10783.4,3146053.747
1753505438565,04:50:38.565,phemex,AAVE/USDT:USDT,,,,,297.66,10783.4,3146053.747
1753505441570,04:50:41.570,phemex,AAVE/USDT:USDT,,,,,297.66,10783.4,3146053.747
1753505453590,04:50:53.590,phemex,AAVE/USDT:USDT,,,,,297.66,10783.4,3146053.747
1753505477636,04:51:17.636,phemex,AAVE/USDT:USDT,,,,,297.66,10775.6,3143817.889
1753505483646,04:51:23.646,phemex,AAVE/USDT:USDT,,,,,297.66,10775.6,3143817.889
1753505495671,04:51:35.671,phemex,AAVE/USDT:USDT,,,,,297.41,10776.7,3144145.04
1753505504688,04:51:44.688,phemex,AAVE/USDT:USDT,,,,,297.41,10776.7,3144145.04
1753505510696,04:51:50.696,phemex,AAVE/USDT:USDT,,,,,297.67,10782.7,3145931.06
1753505513701,04:51:53.701,phemex,AAVE/USDT:USDT,,,,,297.67,10782.7,3145931.06
1753505519712,04:51:59.712,phemex,AAVE/USDT:USDT,,,,,297.67,10782.7,3145931.06
1753505528728,04:52:08.728,phemex,AAVE/USDT:USDT,,,,,297.67,10775.9,3143981.04
1753505531733,04:52:11.733,phemex,AAVE/USDT:USDT,,,,,297.67,10775.9,3143981.04
1753505534738,04:52:14.738,phemex,AAVE/USDT:USDT,,,,,297.67,10775.9,3143981.04
1753505537743,04:52:17.743,phemex,AAVE/USDT:USDT,,,,,297.67,10775.9,3143981.04
1753505549764,04:52:29.764,phemex,AAVE/USDT:USDT,,,,,297.67,10775.9,3143981.04
1753505555774,04:52:35.774,phemex,AAVE/USDT:USDT,,,,,297.67,10775.9,3143981.04
1753505558780,04:52:38.780,phemex,AAVE/USDT:USDT,,,,,297.68,10781.4,3145618.28
1753505564789,04:52:44.789,phemex,AAVE/USDT:USDT,,,,,297.68,10781.4,3145618.28
1753505570798,04:52:50.798,phemex,AAVE/USDT:USDT,,,,,297.68,10781.4,3145618.28
1753505573803,04:52:53.803,phemex,AAVE/USDT:USDT,,,,,297.68,10781.4,3145618.28
1753505588827,04:53:08.827,phemex,AAVE/USDT:USDT,,,,,297.68,10781.4,3145618.28
1753505591832,04:53:11.832,phemex,AAVE/USDT:USDT,,,,,297.68,10781.4,3145618.28
1753505594837,04:53:14.837,phemex,AAVE/USDT:USDT,,,,,297.68,10781.4,3145618.28
1753505597842,04:53:17.842,phemex,AAVE/USDT:USDT,,,,,297.68,10781.4,3145618.28
1753505603852,04:53:23.852,phemex,AAVE/USDT:USDT,,,,,297.68,10781.4,3145618.28
1753505615872,04:53:35.872,phemex,AAVE/USDT:USDT,,,,,297.68,10781.4,3145618.28
1753505618877,04:53:38.877,phemex,AAVE/USDT:USDT,,,,,297.68,10781.4,3145618.28
1753505621882,04:53:41.882,phemex,AAVE/USDT:USDT,,,,,297.68,10781.4,3145618.28
1753505624887,04:53:44.887,phemex,AAVE/USDT:USDT,,,,,297.68,10781.4,3145618.28
1753505636905,04:53:56.905,phemex,AAVE/USDT:USDT,,,,,297.68,10781.4,3145618.28
1753505645920,04:54:05.920,phemex,AAVE/USDT:USDT,,,,,297.74,10775.6,3144022.662
1753505654934,04:54:14.934,phemex,AAVE/USDT:USDT,,,,,297.74,10775.6,3144022.662
1753505681977,04:54:41.977,phemex,AAVE/USDT:USDT,,,,,297.65,10780.1,3145362.087
1753505687988,04:54:47.988,phemex,AAVE/USDT:USDT,,,,,297.65,10780.1,3145362.087
1753505693998,04:54:53.998,phemex,AAVE/USDT:USDT,,,,,297.74,10791.7,3148815.338
1753505697005,04:54:57.005,phemex,AAVE/USDT:USDT,,,,,297.74,10791.7,3148815.338
1753505706019,04:55:06.019,phemex,AAVE/USDT:USDT,,,,,297.74,10781.9,3146006.157
1753505709026,04:55:09.026,phemex,AAVE/USDT:USDT,,,,,297.74,10781.9,3146006.157
1753505730064,04:55:30.064,phemex,AAVE/USDT:USDT,,,,,297.74,10781.9,3146006.157
1753505733069,04:55:33.069,phemex,AAVE/USDT:USDT,,,,,297.74,10781.9,3146006.157
1753505736075,04:55:36.075,phemex,AAVE/USDT:USDT,,,,,297.74,10781.9,3146006.157
1753505745090,04:55:45.090,phemex,AAVE/USDT:USDT,,,,,297.74,10781.9,3146006.157
1753505760114,04:56:00.114,phemex,AAVE/USDT:USDT,,,,,297.74,10781.9,3146006.157
1753505772132,04:56:12.132,phemex,AAVE/USDT:USDT,,,,,297.74,10780.9,3145719.757
1753505781148,04:56:21.148,phemex,AAVE/USDT:USDT,,,,,297.74,10780.9,3145719.757
1753505784154,04:56:24.154,phemex,AAVE/USDT:USDT,,,,,297.74,10780.9,3145719.757
1753505802184,04:56:42.184,phemex,AAVE/USDT:USDT,,,,,297.74,10780.9,3145719.757
1753505805190,04:56:45.190,phemex,AAVE/USDT:USDT,,,,,297.74,10780.9,3145719.757
1753505811202,04:56:51.202,phemex,AAVE/USDT:USDT,,,,,297.74,10780.9,3145719.757
1753505847261,04:57:27.261,phemex,AAVE/USDT:USDT,,,,,297.74,10775.3,3144115.565
1753505856275,04:57:36.275,phemex,AAVE/USDT:USDT,,,,,297.74,10775.3,3144115.565
1753505880312,04:58:00.312,phemex,AAVE/USDT:USDT,,,,,297.74,10767.8,3141964.078
1753505886321,04:58:06.321,phemex,AAVE/USDT:USDT,,,,,297.74,10767.8,3141964.078
1753505904349,04:58:24.349,phemex,AAVE/USDT:USDT,,,,,297.74,10767.8,3141964.078
1753505910359,04:58:30.359,phemex,AAVE/USDT:USDT,,,,,297.74,10767.8,3141964.078
1753505913364,04:58:33.364,phemex,AAVE/USDT:USDT,,,,,297.74,10767.8,3141964.078
1753505925380,04:58:45.380,phemex,AAVE/USDT:USDT,,,,,297.74,10767.8,3141964.078
1753505940401,04:59:00.401,phemex,AAVE/USDT:USDT,,,,,298.19,10797.8,3150907.566
1753505943405,04:59:03.405,phemex,AAVE/USDT:USDT,,,,,298.19,10737.4,3133559.882
1753505946410,04:59:06.410,phemex,AAVE/USDT:USDT,,,,,298.19,10737.4,3133559.882
1753505955424,04:59:15.424,phemex,AAVE/USDT:USDT,,,,,298.19,10737.4,3133559.882
1753505964438,04:59:24.438,phemex,AAVE/USDT:USDT,,,,,298.19,10737.4,3133559.882
1753505967442,04:59:27.442,phemex,AAVE/USDT:USDT,,,,,298.19,10737.4,3133559.882
1753505970447,04:59:30.447,phemex,AAVE/USDT:USDT,,,,,298.19,10737.4,3133559.882
1753505976456,04:59:36.456,phemex,AAVE/USDT:USDT,,,,,298.19,10737.4,3133559.882
1753505979461,04:59:39.461,phemex,AAVE/USDT:USDT,,,,,298.19,10737.4,3133559.882
1753505982465,04:59:42.465,phemex,AAVE/USDT:USDT,,,,,298.19,10737.4,3133559.882
1753505988474,04:59:48.474,phemex,AAVE/USDT:USDT,,,,,298.19,10737.4,3133559.882
1753506006522,05:00:06.522,phemex,AAVE/USDT:USDT,,,,,298.19,10736.2,3133215.77
1753506015538,05:00:15.538,phemex,AAVE/USDT:USDT,,,,,298.19,10736.2,3133215.77
1753506054601,05:00:54.601,phemex,AAVE/USDT:USDT,,,,,298.19,10736.2,3133215.77
1753506057607,05:00:57.607,phemex,AAVE/USDT:USDT,,,,,298.19,10736.2,3133215.77
1753506099687,05:01:39.687,phemex,AAVE/USDT:USDT,,,,,298.19,10734.1,3132613.538
1753506105698,05:01:45.698,phemex,AAVE/USDT:USDT,,,,,298.19,10734.1,3132613.538
1753506108702,05:01:48.702,phemex,AAVE/USDT:USDT,,,,,298.19,10734.1,3132613.538
1753506111707,05:01:51.707,phemex,AAVE/USDT:USDT,,,,,298.19,10734.1,3132613.538
1753506117718,05:01:57.718,phemex,AAVE/USDT:USDT,,,,,298.19,10734.1,3132613.538
1753506123777,05:02:03.777,phemex,AAVE/USDT:USDT,,,,,298.19,10725.5,3130149.754
1753506126782,05:02:06.782,phemex,AAVE/USDT:USDT,,,,,298.19,10725.5,3130149.754
1753506129788,05:02:09.788,phemex,AAVE/USDT:USDT,,,,,298.19,10725.5,3130149.754
1753506132793,05:02:12.793,phemex,AAVE/USDT:USDT,,,,,298.19,10725.5,3130149.754
1753506135797,05:02:15.797,phemex,AAVE/USDT:USDT,,,,,298.19,10725.5,3130149.754
1753506138801,05:02:18.801,phemex,AAVE/USDT:USDT,,,,,298.19,10725.5,3130149.754
1753506141806,05:02:21.806,phemex,AAVE/USDT:USDT,,,,,298.19,10725.5,3130149.754
1753506144811,05:02:24.811,phemex,AAVE/USDT:USDT,,,,,298.19,10725.5,3130149.754
1753506171856,05:02:51.856,phemex,AAVE/USDT:USDT,,,,,298.19,10725.5,3130149.754
1753506174861,05:02:54.861,phemex,AAVE/USDT:USDT,,,,,298.19,10725.5,3130149.754
1753506177865,05:02:57.865,phemex,AAVE/USDT:USDT,,,,,298.19,10725.5,3130149.754
1753506180870,05:03:00.870,phemex,AAVE/USDT:USDT,,,,,298.19,10725.5,3130149.754
1753506183875,05:03:03.875,phemex,AAVE/USDT:USDT,,,,,298.19,10725.5,3130149.754
1753506189884,05:03:09.884,phemex,AAVE/USDT:USDT,,,,,298.19,10725.5,3130149.754
1753506192890,05:03:12.890,phemex,AAVE/USDT:USDT,,,,,298.19,10725.5,3130149.754
1753506195894,05:03:15.894,phemex,AAVE/USDT:USDT,,,,,298.19,10725.5,3130149.754
1753506201905,05:03:21.905,phemex,AAVE/USDT:USDT,,,,,298.19,10725.5,3130149.754
1753506204910,05:03:24.910,phemex,AAVE/USDT:USDT,,,,,298.19,10725.5,3130149.754
1753506207915,05:03:27.915,phemex,AAVE/USDT:USDT,,,,,298.19,10725.5,3130149.754
1753506210919,05:03:30.919,phemex,AAVE/USDT:USDT,,,,,298.19,10725.5,3130149.754
1753506213924,05:03:33.924,phemex,AAVE/USDT:USDT,,,,,298.19,10725.5,3130149.754
1753506219934,05:03:39.934,phemex,AAVE/USDT:USDT,,,,,298.19,10725.5,3130149.754
1753506222940,05:03:42.940,phemex,AAVE/USDT:USDT,,,,,298.19,10725.5,3130149.754
1753506225944,05:03:45.944,phemex,AAVE/USDT:USDT,,,,,298.19,10725.5,3130149.754
1753506228949,05:03:48.949,phemex,AAVE/USDT:USDT,,,,,298.19,10725.5,3130149.754
1753506234959,05:03:54.959,phemex,AAVE/USDT:USDT,,,,,298.19,10725.5,3130149.754
1753506237964,05:03:57.964,phemex,AAVE/USDT:USDT,,,,,298.19,10725.5,3130149.754
1753506240969,05:04:00.969,phemex,AAVE/USDT:USDT,,,,,298.19,10725.5,3130149.754
1753506274020,05:04:34.020,phemex,AAVE/USDT:USDT,,,,,297.87,10725.6,3130179.541
1753506277024,05:04:37.024,phemex,AAVE/USDT:USDT,,,,,297.87,10725.6,3130179.541
1753506280029,05:04:40.029,phemex,AAVE/USDT:USDT,,,,,297.87,10725.6,3130179.541
1753506283033,05:04:43.033,phemex,AAVE/USDT:USDT,,,,,297.87,10725.6,3130179.541
1753506298056,05:04:58.056,phemex,AAVE/USDT:USDT,,,,,297.87,10725.6,3130179.541
1753506316088,05:05:16.088,phemex,AAVE/USDT:USDT,,,,,297.87,10718.4,3128115.841
1753506319093,05:05:19.093,phemex,AAVE/USDT:USDT,,,,,297.87,10718.4,3128115.841
1753506325103,05:05:25.103,phemex,AAVE/USDT:USDT,,,,,297.87,10718.4,3128115.841
1753506331111,05:05:31.111,phemex,AAVE/USDT:USDT,,,,,297.87,10718.4,3128115.841
1753506334116,05:05:34.116,phemex,AAVE/USDT:USDT,,,,,297.87,10718.4,3128115.841
1753506346135,05:05:46.135,phemex,AAVE/USDT:USDT,,,,,298.0,10723.6,3129665.441
