timestamp,time,exchange,symbol,bid,bidVolume,ask,askVolume,lastPrice,baseVolume,quoteVolume
1753504807513,04:40:07.513,phemex,ACH/USDT:USDT,,,,,0.02237,41153723.0,896477.2363
1753504822539,04:40:22.539,phemex,ACH/USDT:USDT,,,,,0.02237,41153723.0,896477.2363
1753504834560,04:40:34.560,phemex,ACH/USDT:USDT,,,,,0.02237,41153723.0,896477.2363
1753504855599,04:40:55.599,phemex,ACH/USDT:USDT,,,,,0.02237,41153723.0,896477.2363
1753504867622,04:41:07.622,phemex,ACH/USDT:USDT,,,,,0.02238,41110639.0,895558.17602
1753504870627,04:41:10.627,phemex,ACH/USDT:USDT,,,,,0.02238,41110639.0,895558.17602
1753504879642,04:41:19.642,phemex,ACH/USDT:USDT,,,,,0.02238,41114111.0,895635.87938
1753504897671,04:41:37.671,phemex,ACH/USDT:USDT,,,,,0.02238,41114185.0,895637.5355
1753504912695,04:41:52.695,phemex,ACH/USDT:USDT,,,,,0.02238,41114590.0,895646.5994
1753504924714,04:42:04.714,phemex,ACH/USDT:USDT,,,,,0.02238,41099587.0,895326.09277
1753504933730,04:42:13.730,phemex,ACH/USDT:USDT,,,,,0.02238,41101427.0,895367.27197
1753504936736,04:42:16.736,phemex,ACH/USDT:USDT,,,,,0.02238,41101597.0,895371.07657
1753504939741,04:42:19.741,phemex,ACH/USDT:USDT,,,,,0.02238,41101597.0,895371.07657
1753504942746,04:42:22.746,phemex,ACH/USDT:USDT,,,,,0.02238,41101597.0,895371.07657
1753504960774,04:42:40.774,phemex,ACH/USDT:USDT,,,,,0.02238,41101597.0,895371.07657
1753504999831,04:43:19.831,phemex,ACH/USDT:USDT,,,,,0.02238,41083688.0,894986.56804
1753505023865,04:43:43.865,phemex,ACH/USDT:USDT,,,,,0.02238,41083688.0,894986.56804
1753505120015,04:45:20.015,phemex,ACH/USDT:USDT,,,,,0.02238,41033740.0,893926.06324
1753505129029,04:45:29.029,phemex,ACH/USDT:USDT,,,,,0.02238,41034530.0,893943.74344
1753505132033,04:45:32.033,phemex,ACH/USDT:USDT,,,,,0.02238,41034730.0,893948.21944
1753505141048,04:45:41.048,phemex,ACH/USDT:USDT,,,,,0.02238,41035130.0,893957.17144
1753505144054,04:45:44.054,phemex,ACH/USDT:USDT,,,,,0.02238,41036425.0,893986.15354
1753505153071,04:45:53.071,phemex,ACH/USDT:USDT,,,,,0.02238,41036527.0,893988.4363
1753505189132,04:46:29.132,phemex,ACH/USDT:USDT,,,,,0.02238,41015765.0,893543.95249
1753505240224,04:47:20.224,phemex,ACH/USDT:USDT,,,,,0.02238,40979279.0,892764.26398
1753505246233,04:47:26.233,phemex,ACH/USDT:USDT,,,,,0.02238,40980429.0,892790.00098
1753505249237,04:47:29.237,phemex,ACH/USDT:USDT,,,,,0.02238,40980429.0,892790.00098
1753505273277,04:47:53.277,phemex,ACH/USDT:USDT,,,,,0.02238,40988309.0,892966.35538
1753505282295,04:48:02.295,phemex,ACH/USDT:USDT,,,,,0.02237,40994934.0,893114.55663
1753505348398,04:49:08.398,phemex,ACH/USDT:USDT,,,,,0.02237,40930576.0,891736.60012
1753505381472,04:49:41.472,phemex,ACH/USDT:USDT,,,,,0.02237,40942411.0,892001.34907
1753505390488,04:49:50.488,phemex,ACH/USDT:USDT,,,,,0.02237,40946061.0,892082.99957
1753505417533,04:50:17.533,phemex,ACH/USDT:USDT,,,,,0.02235,40946346.0,892108.62816
1753505420538,04:50:20.538,phemex,ACH/USDT:USDT,,,,,0.02235,40946346.0,892108.62816
1753505423542,04:50:23.542,phemex,ACH/USDT:USDT,,,,,0.02235,40946346.0,892108.62816
1753505432555,04:50:32.555,phemex,ACH/USDT:USDT,,,,,0.02235,40946346.0,892108.62816
1753505435560,04:50:35.560,phemex,ACH/USDT:USDT,,,,,0.02235,40946346.0,892108.62816
1753505462607,04:51:02.607,phemex,ACH/USDT:USDT,,,,,0.02235,40946346.0,892108.62816
1753505468618,04:51:08.618,phemex,ACH/USDT:USDT,,,,,0.02235,40929356.0,891743.18826
1753505471624,04:51:11.624,phemex,ACH/USDT:USDT,,,,,0.02235,40929356.0,891743.18826
1753505474630,04:51:14.630,phemex,ACH/USDT:USDT,,,,,0.02231,40936217.0,891896.25717
1753505540749,04:52:20.749,phemex,ACH/USDT:USDT,,,,,0.02233,40931026.0,891788.83318
1753505561785,04:52:41.785,phemex,ACH/USDT:USDT,,,,,0.02233,40931245.0,891793.72345
1753505579812,04:52:59.812,phemex,ACH/USDT:USDT,,,,,0.02232,40931675.0,891803.32295
1753505582817,04:53:02.817,phemex,ACH/USDT:USDT,,,,,0.02232,40912675.0,891393.89295
1753505585822,04:53:05.822,phemex,ACH/USDT:USDT,,,,,0.02232,40912675.0,891393.89295
1753505606857,04:53:26.857,phemex,ACH/USDT:USDT,,,,,0.02232,40913150.0,891404.49495
1753505609862,04:53:29.862,phemex,ACH/USDT:USDT,,,,,0.02232,40913150.0,891404.49495
1753505612867,04:53:32.867,phemex,ACH/USDT:USDT,,,,,0.02232,40913150.0,891404.49495
1753505630895,04:53:50.895,phemex,ACH/USDT:USDT,,,,,0.02232,40913630.0,891415.20855
1753505633900,04:53:53.900,phemex,ACH/USDT:USDT,,,,,0.02232,40913630.0,891415.20855
1753505639909,04:53:59.909,phemex,ACH/USDT:USDT,,,,,0.02233,40918130.0,891515.69355
1753505642914,04:54:02.914,phemex,ACH/USDT:USDT,,,,,0.02233,40837140.0,889768.25515
1753505648925,04:54:08.925,phemex,ACH/USDT:USDT,,,,,0.02233,40837140.0,889768.25515
1753505651929,04:54:11.929,phemex,ACH/USDT:USDT,,,,,0.02233,40837140.0,889768.25515
1753505657940,04:54:17.940,phemex,ACH/USDT:USDT,,,,,0.02233,40837140.0,889768.25515
1753505660946,04:54:20.946,phemex,ACH/USDT:USDT,,,,,0.02233,40837140.0,889768.25515
1753505663950,04:54:23.950,phemex,ACH/USDT:USDT,,,,,0.02233,40838490.0,889798.40065
1753505666956,04:54:26.956,phemex,ACH/USDT:USDT,,,,,0.02233,40839134.0,889812.78117
1753505724053,04:55:24.053,phemex,ACH/USDT:USDT,,,,,0.02233,40818666.0,889376.99844
1753505727058,04:55:27.058,phemex,ACH/USDT:USDT,,,,,0.02233,40818666.0,889376.99844
1753505739080,04:55:39.080,phemex,ACH/USDT:USDT,,,,,0.02233,40818791.0,889379.78969
1753505742085,04:55:42.085,phemex,ACH/USDT:USDT,,,,,0.02233,40818791.0,889379.78969
1753505748094,04:55:48.094,phemex,ACH/USDT:USDT,,,,,0.02233,40818791.0,889379.78969
1753505751100,04:55:51.100,phemex,ACH/USDT:USDT,,,,,0.02233,40818791.0,889379.78969
1753505754105,04:55:54.105,phemex,ACH/USDT:USDT,,,,,0.02233,40818791.0,889379.78969
1753505757111,04:55:57.111,phemex,ACH/USDT:USDT,,,,,0.02233,40818791.0,889379.78969
1753505763118,04:56:03.118,phemex,ACH/USDT:USDT,,,,,0.02233,40818791.0,889379.78969
1753505766122,04:56:06.122,phemex,ACH/USDT:USDT,,,,,0.02233,40807779.0,889147.06248
1753505769127,04:56:09.127,phemex,ACH/USDT:USDT,,,,,0.02233,40807779.0,889147.06248
1753505775137,04:56:15.137,phemex,ACH/USDT:USDT,,,,,0.02233,40807779.0,889147.06248
1753505778142,04:56:18.142,phemex,ACH/USDT:USDT,,,,,0.02233,40807779.0,889147.06248
1753505787159,04:56:27.159,phemex,ACH/USDT:USDT,,,,,0.02233,40807779.0,889147.06248
1753505790165,04:56:30.165,phemex,ACH/USDT:USDT,,,,,0.02233,40810854.0,889215.72723
1753505799180,04:56:39.180,phemex,ACH/USDT:USDT,,,,,0.02233,40813799.0,889281.48908
1753505832235,04:57:12.235,phemex,ACH/USDT:USDT,,,,,0.02232,40801313.0,889012.44405
1753505841250,04:57:21.250,phemex,ACH/USDT:USDT,,,,,0.02232,40801313.0,889012.44405
1753505907354,04:58:27.354,phemex,ACH/USDT:USDT,,,,,0.02232,40798308.0,888956.46565
1753505919372,04:58:39.372,phemex,ACH/USDT:USDT,,,,,0.02232,40798958.0,888970.97365
