timestamp,time,exchange,symbol,bid,bidVolume,ask,askVolume,lastPrice,baseVolume,quoteVolume
1753507240418,05:20:40.418,phemex,AAVE/USDT:USDT,,,,,298.66,10783.1,3148662.941
1753507252442,05:20:52.442,phemex,AAVE/USDT:USDT,,,,,298.68,10786.9,3149797.925
1753507258458,05:20:58.458,phemex,AAVE/USDT:USDT,,,,,298.68,10786.9,3149797.925
1753507288516,05:21:28.516,phemex,AAVE/USDT:USDT,,,,,298.9,10796.4,3152647.36
1753507294529,05:21:34.529,phemex,AAVE/USDT:USDT,,,,,298.9,10796.4,3152647.36
1753507297535,05:21:37.535,phemex,AAVE/USDT:USDT,,,,,298.9,10796.4,3152647.36
1753507309552,05:21:49.552,phemex,AAVE/USDT:USDT,,,,,298.9,10796.4,3152647.36
1753507312557,05:21:52.557,phemex,AAVE/USDT:USDT,,,,,298.9,10796.4,3152647.36
1753507315563,05:21:55.563,phemex,AAVE/USDT:USDT,,,,,298.9,10796.4,3152647.36
1753507321575,05:22:01.575,phemex,AAVE/USDT:USDT,,,,,298.9,10792.3,3151470.701
1753507324581,05:22:04.581,phemex,AAVE/USDT:USDT,,,,,298.9,10792.3,3151470.701
1753507333594,05:22:13.594,phemex,AAVE/USDT:USDT,,,,,298.73,10798.7,3153382.573
1753507336598,05:22:16.598,phemex,AAVE/USDT:USDT,,,,,298.73,10798.7,3153382.573
1753507339603,05:22:19.603,phemex,AAVE/USDT:USDT,,,,,298.73,10798.7,3153382.573
1753507342607,05:22:22.607,phemex,AAVE/USDT:USDT,,,,,298.73,10798.7,3153382.573
1753507345612,05:22:25.612,phemex,AAVE/USDT:USDT,,,,,298.73,10798.7,3153382.573
1753507351622,05:22:31.622,phemex,AAVE/USDT:USDT,,,,,298.73,10798.7,3153382.573
1753507357633,05:22:37.633,phemex,AAVE/USDT:USDT,,,,,298.73,10798.7,3153382.573
1753507360639,05:22:40.639,phemex,AAVE/USDT:USDT,,,,,298.73,10798.7,3153382.573
1753507363644,05:22:43.644,phemex,AAVE/USDT:USDT,,,,,299.25,10798.9,3153442.423
1753507366648,05:22:46.648,phemex,AAVE/USDT:USDT,,,,,299.25,10798.9,3153442.423
1753507369651,05:22:49.651,phemex,AAVE/USDT:USDT,,,,,299.25,10798.9,3153442.423
1753507372656,05:22:52.656,phemex,AAVE/USDT:USDT,,,,,299.53,10799.6,3153652.094
1753507375660,05:22:55.660,phemex,AAVE/USDT:USDT,,,,,299.53,10799.6,3153652.094
1753507390682,05:23:10.682,phemex,AAVE/USDT:USDT,,,,,299.46,10798.6,3153417.552
1753507393688,05:23:13.688,phemex,AAVE/USDT:USDT,,,,,299.46,10798.6,3153417.552
1753507396692,05:23:16.692,phemex,AAVE/USDT:USDT,,,,,299.46,10798.6,3153417.552
1753507399697,05:23:19.697,phemex,AAVE/USDT:USDT,,,,,299.46,10798.6,3153417.552
1753507402702,05:23:22.702,phemex,AAVE/USDT:USDT,,,,,299.46,10798.6,3153417.552
1753507405708,05:23:25.708,phemex,AAVE/USDT:USDT,,,,,299.46,10798.6,3153417.552
1753507408713,05:23:28.713,phemex,AAVE/USDT:USDT,,,,,299.46,10798.6,3153417.552
1753507411717,05:23:31.717,phemex,AAVE/USDT:USDT,,,,,299.46,10798.6,3153417.552
1753507417725,05:23:37.725,phemex,AAVE/USDT:USDT,,,,,299.46,10798.6,3153417.552
1753507423733,05:23:43.733,phemex,AAVE/USDT:USDT,,,,,299.04,10799.7,3153746.496
1753507441770,05:24:01.770,phemex,AAVE/USDT:USDT,,,,,299.04,10793.7,3152024.028
1753507459795,05:24:19.795,phemex,AAVE/USDT:USDT,,,,,299.04,10793.7,3152024.028
1753507462801,05:24:22.801,phemex,AAVE/USDT:USDT,,,,,299.04,10793.7,3152024.028
1753507465805,05:24:25.805,phemex,AAVE/USDT:USDT,,,,,299.04,10793.7,3152024.028
1753507474819,05:24:34.819,phemex,AAVE/USDT:USDT,,,,,299.04,10793.7,3152024.028
1753507477824,05:24:37.824,phemex,AAVE/USDT:USDT,,,,,299.04,10793.7,3152024.028
1753507480828,05:24:40.828,phemex,AAVE/USDT:USDT,,,,,299.04,10793.7,3152024.028
1753507483833,05:24:43.833,phemex,AAVE/USDT:USDT,,,,,299.04,10793.7,3152024.028
1753507492845,05:24:52.845,phemex,AAVE/USDT:USDT,,,,,299.04,10793.7,3152024.028
1753507498854,05:24:58.854,phemex,AAVE/USDT:USDT,,,,,299.04,10793.7,3152024.028
1753507513877,05:25:13.877,phemex,AAVE/USDT:USDT,,,,,299.42,10796.2,3152772.482
1753507516882,05:25:16.882,phemex,AAVE/USDT:USDT,,,,,299.42,10796.2,3152772.482
1753507534909,05:25:34.909,phemex,AAVE/USDT:USDT,,,,,299.39,10800.7,3154119.737
1753507567963,05:26:07.963,phemex,AAVE/USDT:USDT,,,,,299.4,10791.0,3151349.066
1753507576979,05:26:16.979,phemex,AAVE/USDT:USDT,,,,,299.42,10795.4,3152666.514
1753507610036,05:26:50.036,phemex,AAVE/USDT:USDT,,,,,299.47,10796.5,3152995.931
1753507640086,05:27:20.086,phemex,AAVE/USDT:USDT,,,,,299.48,10791.9,3151684.977
1753507643091,05:27:23.091,phemex,AAVE/USDT:USDT,,,,,299.39,10792.5,3151864.611
1753507646096,05:27:26.096,phemex,AAVE/USDT:USDT,,,,,299.39,10792.5,3151864.611
1753507649100,05:27:29.100,phemex,AAVE/USDT:USDT,,,,,299.39,10792.5,3151864.611
1753507652105,05:27:32.105,phemex,AAVE/USDT:USDT,,,,,299.39,10792.5,3151864.611
1753507655111,05:27:35.111,phemex,AAVE/USDT:USDT,,,,,299.39,10792.5,3151864.611
1753507664127,05:27:44.127,phemex,AAVE/USDT:USDT,,,,,299.39,10792.5,3151864.611
1753507667133,05:27:47.133,phemex,AAVE/USDT:USDT,,,,,299.39,10792.5,3151864.611
1753507670139,05:27:50.139,phemex,AAVE/USDT:USDT,,,,,299.64,10793.6,3152194.215
1753507673143,05:27:53.143,phemex,AAVE/USDT:USDT,,,,,299.64,10793.6,3152194.215
1753507676149,05:27:56.149,phemex,AAVE/USDT:USDT,,,,,299.64,10793.6,3152194.215
1753507682160,05:28:02.160,phemex,AAVE/USDT:USDT,,,,,299.64,10789.1,3150902.67
1753507685166,05:28:05.166,phemex,AAVE/USDT:USDT,,,,,299.64,10789.1,3150902.67
1753507688170,05:28:08.170,phemex,AAVE/USDT:USDT,,,,,299.64,10789.1,3150902.67
1753507691175,05:28:11.175,phemex,AAVE/USDT:USDT,,,,,299.64,10789.1,3150902.67
1753507697187,05:28:17.187,phemex,AAVE/USDT:USDT,,,,,299.64,10789.1,3150902.67
1753507703200,05:28:23.200,phemex,AAVE/USDT:USDT,,,,,299.43,10794.0,3152369.877
1753507706206,05:28:26.206,phemex,AAVE/USDT:USDT,,,,,299.43,10794.0,3152369.877
1753507712219,05:28:32.219,phemex,AAVE/USDT:USDT,,,,,299.34,10800.6,3154345.53
1753507727245,05:28:47.245,phemex,AAVE/USDT:USDT,,,,,299.34,10800.6,3154345.53
1753507736261,05:28:56.261,phemex,AAVE/USDT:USDT,,,,,299.37,10801.8,3154704.774
