timestamp,time,exchange,symbol,bid,bidVolume,ask,askVolume,lastPrice,baseVolume,quoteVolume
1753504810518,04:40:10.518,phemex,ADA/USDT:USDT,,,,,0.827,15922533.16,12773212.400865
1753504837564,04:40:37.564,phemex,ADA/USDT:USDT,,,,,0.8268,15923408.59,12773936.206389
1753504840570,04:40:40.570,phemex,ADA/USDT:USDT,,,,,0.8268,15923408.59,12773936.206389
1753504849587,04:40:49.587,phemex,ADA/USDT:USDT,,,,,0.8268,15923408.59,12773936.206389
1753504873631,04:41:13.631,phemex,ADA/USDT:USDT,,,,,0.8264,15921695.66,12772581.203639
1753504876637,04:41:16.637,phemex,ADA/USDT:USDT,,,,,0.8264,15921695.66,12772581.203639
1753504882647,04:41:22.647,phemex,ADA/USDT:USDT,,,,,0.8263,15923000.62,12773659.492087
1753504885651,04:41:25.651,phemex,ADA/USDT:USDT,,,,,0.8263,15923000.62,12773659.492087
1753504891662,04:41:31.662,phemex,ADA/USDT:USDT,,,,,0.8263,15923000.62,12773659.492087
1753504894667,04:41:34.667,phemex,ADA/USDT:USDT,,,,,0.8262,15924314.22,12774744.788407
1753504900676,04:41:40.676,phemex,ADA/USDT:USDT,,,,,0.8263,15925764.25,12775942.948196
1753504906686,04:41:46.686,phemex,ADA/USDT:USDT,,,,,0.8264,15925764.26,12775942.95646
1753504909691,04:41:49.691,phemex,ADA/USDT:USDT,,,,,0.8264,15925764.26,12775942.95646
1753504918704,04:41:58.704,phemex,ADA/USDT:USDT,,,,,0.8264,15925764.26,12775942.95646
1753504951760,04:42:31.760,phemex,ADA/USDT:USDT,,,,,0.8268,15923823.07,12774407.487862
1753504957769,04:42:37.769,phemex,ADA/USDT:USDT,,,,,0.827,15923823.08,12774407.496132
1753504963779,04:42:43.779,phemex,ADA/USDT:USDT,,,,,0.827,15923823.08,12774407.496132
1753505014852,04:43:34.852,phemex,ADA/USDT:USDT,,,,,0.827,15917004.07,12768968.013846
1753505020861,04:43:40.861,phemex,ADA/USDT:USDT,,,,,0.827,15917004.07,12768968.013846
1753505026871,04:43:46.871,phemex,ADA/USDT:USDT,,,,,0.8269,15917004.08,12768968.022115
1753505050908,04:44:10.908,phemex,ADA/USDT:USDT,,,,,0.8267,15915375.71,12767684.560183
1753505059921,04:44:19.921,phemex,ADA/USDT:USDT,,,,,0.8268,15915375.72,12767684.568451
1753505062925,04:44:22.925,phemex,ADA/USDT:USDT,,,,,0.8268,15915375.72,12767684.568451
1753505068936,04:44:28.936,phemex,ADA/USDT:USDT,,,,,0.8266,15916624.67,12768716.950521
1753505077948,04:44:37.948,phemex,ADA/USDT:USDT,,,,,0.8265,15916624.68,12768716.958786
1753505083958,04:44:43.958,phemex,ADA/USDT:USDT,,,,,0.8265,15916624.68,12768716.958786
1753505089966,04:44:49.966,phemex,ADA/USDT:USDT,,,,,0.8265,15916624.68,12768716.958786
1753505123020,04:45:23.020,phemex,ADA/USDT:USDT,,,,,0.8265,15920139.07,12771789.800605
1753505138041,04:45:38.041,phemex,ADA/USDT:USDT,,,,,0.8264,15921188.51,12772657.057821
1753505156076,04:45:56.076,phemex,ADA/USDT:USDT,,,,,0.8263,15922693.49,12773900.622793
1753505165092,04:46:05.092,phemex,ADA/USDT:USDT,,,,,0.8264,15916966.2,12769300.990802
1753505168097,04:46:08.097,phemex,ADA/USDT:USDT,,,,,0.8264,15916966.2,12769300.990802
1753505174108,04:46:14.108,phemex,ADA/USDT:USDT,,,,,0.8264,15916966.2,12769300.990802
1753505183121,04:46:23.121,phemex,ADA/USDT:USDT,,,,,0.8262,15918221.07,12770337.764395
1753505186126,04:46:26.126,phemex,ADA/USDT:USDT,,,,,0.8262,15918221.07,12770337.764395
1753505192137,04:46:32.137,phemex,ADA/USDT:USDT,,,,,0.8262,15918221.07,12770337.764395
1753505201152,04:46:41.152,phemex,ADA/USDT:USDT,,,,,0.8262,15918221.07,12770337.764395
1753505204157,04:46:44.157,phemex,ADA/USDT:USDT,,,,,0.8262,15918221.07,12770337.764395
1753505207161,04:46:47.161,phemex,ADA/USDT:USDT,,,,,0.8263,15919699.19,12771559.134951
1753505213175,04:46:53.175,phemex,ADA/USDT:USDT,,,,,0.8263,15919699.2,12771559.143214
1753505225195,04:47:05.195,phemex,ADA/USDT:USDT,,,,,0.8262,15914616.0,12767490.441793
1753505231206,04:47:11.206,phemex,ADA/USDT:USDT,,,,,0.8262,15914616.0,12767490.441793
1753505243228,04:47:23.228,phemex,ADA/USDT:USDT,,,,,0.8257,15916041.03,12768667.089066
1753505255247,04:47:35.247,phemex,ADA/USDT:USDT,,,,,0.8258,15916041.04,12768667.097324
1753505258251,04:47:38.251,phemex,ADA/USDT:USDT,,,,,0.8257,15916041.05,12768667.105581
1753505267267,04:47:47.267,phemex,ADA/USDT:USDT,,,,,0.8257,15916041.05,12768667.105581
1753505291309,04:48:11.309,phemex,ADA/USDT:USDT,,,,,0.8255,15914226.11,12767227.01506
1753505297318,04:48:17.318,phemex,ADA/USDT:USDT,,,,,0.8255,15914226.11,12767227.01506
1753505303328,04:48:23.328,phemex,ADA/USDT:USDT,,,,,0.8255,15914226.11,12767227.01506
1753505321356,04:48:41.356,phemex,ADA/USDT:USDT,,,,,0.8255,15914226.12,12767227.023315
1753505330370,04:48:50.370,phemex,ADA/USDT:USDT,,,,,0.8255,15914226.12,12767227.023315
1753505333373,04:48:53.373,phemex,ADA/USDT:USDT,,,,,0.8255,15914226.12,12767227.023315
1753505351403,04:49:11.403,phemex,ADA/USDT:USDT,,,,,0.8254,15907457.54,12761754.479229
1753505354410,04:49:14.410,phemex,ADA/USDT:USDT,,,,,0.8254,15907457.54,12761754.479229
1753505387483,04:49:47.483,phemex,ADA/USDT:USDT,,,,,0.8255,15912260.54,12765718.642255
1753505396498,04:49:56.498,phemex,ADA/USDT:USDT,,,,,0.8254,15912260.55,12765718.650509
1753505411523,04:50:11.523,phemex,ADA/USDT:USDT,,,,,0.8255,15913266.96,12766549.776131
1753505426547,04:50:26.547,phemex,ADA/USDT:USDT,,,,,0.8255,15914292.91,12767396.697856
1753505444575,04:50:44.575,phemex,ADA/USDT:USDT,,,,,0.8253,15914414.07,12767496.668978
1753505447580,04:50:47.580,phemex,ADA/USDT:USDT,,,,,0.8253,15914414.07,12767496.668978
1753505450585,04:50:50.585,phemex,ADA/USDT:USDT,,,,,0.8253,15914414.07,12767496.668978
1753505456595,04:50:56.595,phemex,ADA/USDT:USDT,,,,,0.8253,15914414.07,12767496.668978
1753505492665,04:51:32.665,phemex,ADA/USDT:USDT,,,,,0.8249,15909597.11,12763631.247406
1753505507692,04:51:47.692,phemex,ADA/USDT:USDT,,,,,0.8249,15910583.76,12764445.134989
1753505522716,04:52:02.716,phemex,ADA/USDT:USDT,,,,,0.8249,15900573.05,12756372.916163
1753505525722,04:52:05.722,phemex,ADA/USDT:USDT,,,,,0.8249,15900573.05,12756372.916163
1753505543755,04:52:23.755,phemex,ADA/USDT:USDT,,,,,0.8249,15900573.05,12756372.916163
1753505600847,04:53:20.847,phemex,ADA/USDT:USDT,,,,,0.8249,15897287.08,12753718.017134
1753505627892,04:53:47.892,phemex,ADA/USDT:USDT,,,,,0.8244,15898172.3,12754447.800203
1753505669960,04:54:29.960,phemex,ADA/USDT:USDT,,,,,0.8247,15899354.87,12755440.131172
1753505672965,04:54:32.965,phemex,ADA/USDT:USDT,,,,,0.8247,15899354.87,12755440.131172
1753505675969,04:54:35.969,phemex,ADA/USDT:USDT,,,,,0.8247,15899354.87,12755440.131172
1753505678973,04:54:38.973,phemex,ADA/USDT:USDT,,,,,0.8247,15899354.87,12755440.131172
1753505684983,04:54:44.983,phemex,ADA/USDT:USDT,,,,,0.8249,15899354.88,12755440.139421
1753505690993,04:54:50.993,phemex,ADA/USDT:USDT,,,,,0.8249,15899354.88,12755440.139421
1753505703014,04:55:03.014,phemex,ADA/USDT:USDT,,,,,0.8251,15897710.32,12754143.663849
1753505712032,04:55:12.032,phemex,ADA/USDT:USDT,,,,,0.8251,15897710.33,12754143.6721
1753505715038,04:55:15.038,phemex,ADA/USDT:USDT,,,,,0.8252,15899150.27,12755331.910588
1753505718042,04:55:18.042,phemex,ADA/USDT:USDT,,,,,0.8252,15899150.27,12755331.910588
1753505721047,04:55:21.047,phemex,ADA/USDT:USDT,,,,,0.8252,15899150.27,12755331.910588
1753505793169,04:56:33.169,phemex,ADA/USDT:USDT,,,,,0.8254,15892287.05,12749966.243514
1753505796174,04:56:36.174,phemex,ADA/USDT:USDT,,,,,0.8254,15892287.05,12749966.243514
1753505820215,04:57:00.215,phemex,ADA/USDT:USDT,,,,,0.8252,15892287.07,12749966.260019
1753505823220,04:57:03.220,phemex,ADA/USDT:USDT,,,,,0.8252,15871564.94,12733215.810356
1753505826225,04:57:06.225,phemex,ADA/USDT:USDT,,,,,0.8252,15871564.94,12733215.810356
1753505853270,04:57:33.270,phemex,ADA/USDT:USDT,,,,,0.8246,15871578.58,12733227.063352
1753505862286,04:57:42.286,phemex,ADA/USDT:USDT,,,,,0.8247,15871578.59,12733227.071599
1753505865290,04:57:45.290,phemex,ADA/USDT:USDT,,,,,0.8247,15871578.59,12733227.071599
1753505868295,04:57:48.295,phemex,ADA/USDT:USDT,,,,,0.8246,15871578.6,12733227.079845
1753505871300,04:57:51.300,phemex,ADA/USDT:USDT,,,,,0.8246,15871578.6,12733227.079845
1753505874303,04:57:54.303,phemex,ADA/USDT:USDT,,,,,0.8246,15871578.6,12733227.079845
1753505883316,04:58:03.316,phemex,ADA/USDT:USDT,,,,,0.8246,15865439.16,12728257.744748
1753505892329,04:58:12.329,phemex,ADA/USDT:USDT,,,,,0.8246,15865439.16,12728257.744748
1753505898339,04:58:18.339,phemex,ADA/USDT:USDT,,,,,0.8246,15865439.16,12728257.744748
1753505916368,04:58:36.368,phemex,ADA/USDT:USDT,,,,,0.8245,15865439.17,12728257.752993
1753505922375,04:58:42.375,phemex,ADA/USDT:USDT,,,,,0.8246,15866607.23,12729220.935269
1753505928384,04:58:48.384,phemex,ADA/USDT:USDT,,,,,0.8249,15867624.02,12730059.685338
1753505934393,04:58:54.393,phemex,ADA/USDT:USDT,,,,,0.8249,15867624.02,12730059.685338
1753505952419,04:59:12.419,phemex,ADA/USDT:USDT,,,,,0.825,15846761.24,12713234.20561
1753505961433,04:59:21.433,phemex,ADA/USDT:USDT,,,,,0.8249,15846768.07,12713239.839677
1753505997487,04:59:57.487,phemex,ADA/USDT:USDT,,,,,0.8246,15846768.08,12713239.847923
1753506000492,05:00:00.492,phemex,ADA/USDT:USDT,,,,,0.8246,15846768.08,12713239.847923
1753506003498,05:00:03.498,phemex,ADA/USDT:USDT,,,,,0.8246,15838895.83,12706875.007005
1753506021548,05:00:21.548,phemex,ADA/USDT:USDT,,,,,0.8241,15843195.42,12710417.92808
1753506027557,05:00:27.557,phemex,ADA/USDT:USDT,,,,,0.8241,15843195.42,12710417.92808
1753506039576,05:00:39.576,phemex,ADA/USDT:USDT,,,,,0.8241,15844561.74,12711543.912392
1753506042581,05:00:42.581,phemex,ADA/USDT:USDT,,,,,0.8241,15844561.74,12711543.912392
1753506069627,05:01:09.627,phemex,ADA/USDT:USDT,,,,,0.8237,15840446.58,12708219.913246
1753506084657,05:01:24.657,phemex,ADA/USDT:USDT,,,,,0.8236,15840446.59,12708219.921482
1753506087663,05:01:27.663,phemex,ADA/USDT:USDT,,,,,0.8236,15840446.59,12708219.921482
1753506090669,05:01:30.669,phemex,ADA/USDT:USDT,,,,,0.8236,15840446.59,12708219.921482
1753506096680,05:01:36.680,phemex,ADA/USDT:USDT,,,,,0.8236,15840446.59,12708219.921482
1753506147817,05:02:27.817,phemex,ADA/USDT:USDT,,,,,0.8237,15834727.43,12703606.044889
1753506150822,05:02:30.822,phemex,ADA/USDT:USDT,,,,,0.8237,15834727.43,12703606.044889
1753506153826,05:02:33.826,phemex,ADA/USDT:USDT,,,,,0.8237,15834727.44,12703606.053126
1753506165847,05:02:45.847,phemex,ADA/USDT:USDT,,,,,0.8231,15835599.98,12704324.334413
1753506198900,05:03:18.900,phemex,ADA/USDT:USDT,,,,,0.8231,15834271.7,12703252.685741
1753506216929,05:03:36.929,phemex,ADA/USDT:USDT,,,,,0.8231,15834271.71,12703252.693972
1753506243975,05:04:03.975,phemex,ADA/USDT:USDT,,,,,0.8231,15828758.13,12698796.284816
1753506252988,05:04:12.988,phemex,ADA/USDT:USDT,,,,,0.8231,15828758.13,12698796.284816
1753506265005,05:04:25.005,phemex,ADA/USDT:USDT,,,,,0.8231,15828758.13,12698796.284816
1753506286037,05:04:46.037,phemex,ADA/USDT:USDT,,,,,0.823,15828780.08,12698814.350527
1753506289041,05:04:49.041,phemex,ADA/USDT:USDT,,,,,0.823,15828780.08,12698814.350527
1753506295051,05:04:55.051,phemex,ADA/USDT:USDT,,,,,0.823,15828780.08,12698814.350527
1753506304067,05:05:04.067,phemex,ADA/USDT:USDT,,,,,0.823,15827447.29,12697737.728757
1753506307072,05:05:07.072,phemex,ADA/USDT:USDT,,,,,0.823,15827447.29,12697737.728757
1753506310077,05:05:10.077,phemex,ADA/USDT:USDT,,,,,0.823,15827447.29,12697737.728757
1753506322099,05:05:22.099,phemex,ADA/USDT:USDT,,,,,0.8229,15827447.31,12697737.745213
1753506328107,05:05:28.107,phemex,ADA/USDT:USDT,,,,,0.8229,15827447.31,12697737.745213
1753506352145,05:05:52.145,phemex,ADA/USDT:USDT,,,,,0.823,15830304.97,12700089.885158
1753506355148,05:05:55.148,phemex,ADA/USDT:USDT,,,,,0.823,15830304.97,12700089.885158
1753506358152,05:05:58.152,phemex,ADA/USDT:USDT,,,,,0.823,15830304.98,12700089.893388
1753506361157,05:06:01.157,phemex,ADA/USDT:USDT,,,,,0.823,15826527.89,12697041.30685
1753506364161,05:06:04.161,phemex,ADA/USDT:USDT,,,,,0.823,15826527.89,12697041.30685
1753506397213,05:06:37.213,phemex,ADA/USDT:USDT,,,,,0.8231,15826527.91,12697041.323311
1753506403228,05:06:43.228,phemex,ADA/USDT:USDT,,,,,0.8231,15826527.91,12697041.323311
1753506406233,05:06:46.233,phemex,ADA/USDT:USDT,,,,,0.8231,15826527.91,12697041.323311
1753506418252,05:06:58.252,phemex,ADA/USDT:USDT,,,,,0.8231,15827773.73,12698066.757753
1753506439287,05:07:19.287,phemex,ADA/USDT:USDT,,,,,0.8227,15816825.14,12689257.320855
1753506460322,05:07:40.322,phemex,ADA/USDT:USDT,,,,,0.8228,15817037.83,12689432.322187
1753506463327,05:07:43.327,phemex,ADA/USDT:USDT,,,,,0.8228,15817037.83,12689432.322187
1753506484367,05:08:04.367,phemex,ADA/USDT:USDT,,,,,0.8227,15764403.01,12647024.191099
1753506490378,05:08:10.378,phemex,ADA/USDT:USDT,,,,,0.8227,15764403.01,12647024.191099
1753506493385,05:08:13.385,phemex,ADA/USDT:USDT,,,,,0.8227,15764403.01,12647024.191099
1753506538458,05:08:58.458,phemex,ADA/USDT:USDT,,,,,0.8222,15766794.48,12648990.697724
1753506568506,05:09:28.506,phemex,ADA/USDT:USDT,,,,,0.8222,15729881.99,12619328.027514
1753506571510,05:09:31.510,phemex,ADA/USDT:USDT,,,,,0.8222,15729881.99,12619328.027514
1753506589536,05:09:49.536,phemex,ADA/USDT:USDT,,,,,0.8223,15729882.0,12619328.035737
1753506592540,05:09:52.540,phemex,ADA/USDT:USDT,,,,,0.8223,15729882.0,12619328.035737
1753506598549,05:09:58.549,phemex,ADA/USDT:USDT,,,,,0.8223,15729882.0,12619328.035737
1753506601553,05:10:01.553,phemex,ADA/USDT:USDT,,,,,0.8222,15729882.01,12619328.043959
1753506604557,05:10:04.557,phemex,ADA/USDT:USDT,,,,,0.8222,15723398.2,12614113.569136
1753506607562,05:10:07.562,phemex,ADA/USDT:USDT,,,,,0.8222,15723398.2,12614113.569136
1753506610567,05:10:10.567,phemex,ADA/USDT:USDT,,,,,0.8222,15723398.2,12614113.569136
1753506622584,05:10:22.584,phemex,ADA/USDT:USDT,,,,,0.8222,15723398.2,12614113.569136
1753506625588,05:10:25.588,phemex,ADA/USDT:USDT,,,,,0.8222,15723398.2,12614113.569136
1753506628593,05:10:28.593,phemex,ADA/USDT:USDT,,,,,0.8222,15723398.2,12614113.569136
1753506649637,05:10:49.637,phemex,ADA/USDT:USDT,,,,,0.8218,15723422.44,12614133.498226
1753506655647,05:10:55.647,phemex,ADA/USDT:USDT,,,,,0.8218,15723422.45,12614133.506444
1753506664664,05:11:04.664,phemex,ADA/USDT:USDT,,,,,0.8219,15719715.44,12611175.56968
1753506673681,05:11:13.681,phemex,ADA/USDT:USDT,,,,,0.822,15721025.36,12612252.32392
1753506676686,05:11:16.686,phemex,ADA/USDT:USDT,,,,,0.822,15721025.36,12612252.32392
1753506697721,05:11:37.721,phemex,ADA/USDT:USDT,,,,,0.822,15721025.36,12612252.32392
1753506724761,05:12:04.761,phemex,ADA/USDT:USDT,,,,,0.8222,15721161.31,12612442.781898
1753506730770,05:12:10.770,phemex,ADA/USDT:USDT,,,,,0.8222,15721161.32,12612442.79012
1753506736781,05:12:16.781,phemex,ADA/USDT:USDT,,,,,0.8223,15722558.14,12613591.395206
1753506748800,05:12:28.800,phemex,ADA/USDT:USDT,,,,,0.8223,15722558.14,12613591.395206
1753506754811,05:12:34.811,phemex,ADA/USDT:USDT,,,,,0.8222,15722558.15,12613591.403428
1753506787864,05:13:07.864,phemex,ADA/USDT:USDT,,,,,0.8224,15710970.43,12604288.070914
1753506790868,05:13:10.868,phemex,ADA/USDT:USDT,,,,,0.8223,15710970.44,12604288.079137
1753506793872,05:13:13.872,phemex,ADA/USDT:USDT,,,,,0.8223,15710970.44,12604288.079137
1753506820915,05:13:40.915,phemex,ADA/USDT:USDT,,,,,0.8227,15720658.65,12612257.555423
1753506826926,05:13:46.926,phemex,ADA/USDT:USDT,,,,,0.8229,15721644.45,12613068.77024
1753506835942,05:13:55.942,phemex,ADA/USDT:USDT,,,,,0.823,15726516.92,12617078.81305
1753506838946,05:13:58.946,phemex,ADA/USDT:USDT,,,,,0.823,15726516.92,12617078.81305
1753506844956,05:14:04.956,phemex,ADA/USDT:USDT,,,,,0.8228,15713746.64,12606824.258928
1753506847961,05:14:07.961,phemex,ADA/USDT:USDT,,,,,0.8226,15713796.64,12606865.388928
1753506850966,05:14:10.966,phemex,ADA/USDT:USDT,,,,,0.8225,15715869.04,12608569.9877
1753506853971,05:14:13.971,phemex,ADA/USDT:USDT,,,,,0.8225,15715869.04,12608569.9877
1753506859981,05:14:19.981,phemex,ADA/USDT:USDT,,,,,0.8225,15715869.04,12608569.9877
1753506893031,05:14:53.031,phemex,ADA/USDT:USDT,,,,,0.8226,15716772.92,12609313.519388
1753506899041,05:14:59.041,phemex,ADA/USDT:USDT,,,,,0.8226,15717668.58,12610050.289304
1753506908055,05:15:08.055,phemex,ADA/USDT:USDT,,,,,0.8226,15717620.42,12610039.961781
1753506911061,05:15:11.061,phemex,ADA/USDT:USDT,,,,,0.8226,15717620.42,12610039.961781
1753506917073,05:15:17.073,phemex,ADA/USDT:USDT,,,,,0.8228,15718571.53,12610822.62648
1753506932096,05:15:32.096,phemex,ADA/USDT:USDT,,,,,0.823,15719931.45,12611941.84064
1753506938105,05:15:38.105,phemex,ADA/USDT:USDT,,,,,0.823,15719931.45,12611941.84064
1753506944116,05:15:44.116,phemex,ADA/USDT:USDT,,,,,0.8231,15719931.46,12611941.848871
1753506974175,05:16:14.175,phemex,ADA/USDT:USDT,,,,,0.8235,15718675.91,12610952.645057
1753506980188,05:16:20.188,phemex,ADA/USDT:USDT,,,,,0.8236,15718675.92,12610952.653293
1753506983193,05:16:23.193,phemex,ADA/USDT:USDT,,,,,0.8236,15718675.92,12610952.653293
1753506986198,05:16:26.198,phemex,ADA/USDT:USDT,,,,,0.8236,15718675.92,12610952.653293
