timestamp,time,exchange,symbol,bid,bidVolume,ask,askVolume,lastPrice,baseVolume,quoteVolume
1753504864615,04:41:04.615,phemex,ALGO/USDT:USDT,,,,,0.2697,10407719.5,2722688.4511
1753505011847,04:43:31.847,phemex,ALGO/USDT:USDT,,,,,0.27,10402695.7,2721616.29623
1753505017857,04:43:37.857,phemex,ALGO/USDT:USDT,,,,,0.27,10402695.7,2721616.29623
1753505029874,04:43:49.874,phemex,ALGO/USDT:USDT,,,,,0.2699,10405452.5,2722360.35655
1753505086962,04:44:46.962,phemex,ALGO/USDT:USDT,,,,,0.2699,10403497.5,2721860.66006
1753505098980,04:44:58.980,phemex,ALGO/USDT:USDT,,,,,0.2699,10403497.5,2721860.66006
1753505101985,04:45:01.985,phemex,ALGO/USDT:USDT,,,,,0.2699,10401872.6,2721445.06976
1753505104991,04:45:04.991,phemex,ALGO/USDT:USDT,,,,,0.2699,10401872.6,2721445.06976
1753505107996,04:45:07.996,phemex,ALGO/USDT:USDT,,,,,0.2697,10404449.7,2722140.11363
1753505114006,04:45:14.006,phemex,ALGO/USDT:USDT,,,,,0.2697,10404449.7,2722140.11363
1753505126024,04:45:26.024,phemex,ALGO/USDT:USDT,,,,,0.2697,10404449.7,2722140.11363
1753505135037,04:45:35.037,phemex,ALGO/USDT:USDT,,,,,0.2697,10404449.7,2722140.11363
1753505150065,04:45:50.065,phemex,ALGO/USDT:USDT,,,,,0.2697,10404449.7,2722140.11363
1753505159081,04:45:59.081,phemex,ALGO/USDT:USDT,,,,,0.2697,10404449.7,2722140.11363
1753505162087,04:46:02.087,phemex,ALGO/USDT:USDT,,,,,0.2697,10399895.2,2720971.42893
1753505177111,04:46:17.111,phemex,ALGO/USDT:USDT,,,,,0.2697,10404272.1,2722151.87886
1753505180116,04:46:20.116,phemex,ALGO/USDT:USDT,,,,,0.2697,10404272.1,2722151.87886
1753505195142,04:46:35.142,phemex,ALGO/USDT:USDT,,,,,0.2697,10404272.1,2722151.87886
1753505198148,04:46:38.148,phemex,ALGO/USDT:USDT,,,,,0.2697,10404272.1,2722151.87886
1753505216179,04:46:56.179,phemex,ALGO/USDT:USDT,,,,,0.2697,10404272.1,2722151.87886
1753505285300,04:48:05.300,phemex,ALGO/USDT:USDT,,,,,0.2694,10387455.3,2717891.32908
1753505300323,04:48:20.323,phemex,ALGO/USDT:USDT,,,,,0.2694,10387455.3,2717891.32908
1753505306334,04:48:26.334,phemex,ALGO/USDT:USDT,,,,,0.2696,10392154.4,2719158.20644
1753505309338,04:48:29.338,phemex,ALGO/USDT:USDT,,,,,0.2696,10392154.4,2719158.20644
1753505315347,04:48:35.347,phemex,ALGO/USDT:USDT,,,,,0.2696,10392154.4,2719158.20644
1753505318351,04:48:38.351,phemex,ALGO/USDT:USDT,,,,,0.2696,10392154.4,2719158.20644
1753505324360,04:48:44.360,phemex,ALGO/USDT:USDT,,,,,0.2696,10392154.4,2719158.20644
1753505339384,04:48:59.384,phemex,ALGO/USDT:USDT,,,,,0.2694,10397018.1,2720468.48722
1753505360424,04:49:20.424,phemex,ALGO/USDT:USDT,,,,,0.2694,10396525.0,2720341.65706
1753505363429,04:49:23.429,phemex,ALGO/USDT:USDT,,,,,0.2694,10396525.0,2720341.65706
1753505366435,04:49:26.435,phemex,ALGO/USDT:USDT,,,,,0.2694,10396525.0,2720341.65706
1753505378466,04:49:38.466,phemex,ALGO/USDT:USDT,,,,,0.2694,10396525.0,2720341.65706
1753505384477,04:49:44.477,phemex,ALGO/USDT:USDT,,,,,0.2694,10396525.0,2720341.65706
1753505399504,04:49:59.504,phemex,ALGO/USDT:USDT,,,,,0.2694,10396525.0,2720341.65706
1753505402508,04:50:02.508,phemex,ALGO/USDT:USDT,,,,,0.2694,10388712.9,2718333.19828
1753505408518,04:50:08.518,phemex,ALGO/USDT:USDT,,,,,0.2694,10388712.9,2718333.19828
1753505459601,04:50:59.601,phemex,ALGO/USDT:USDT,,,,,0.2693,10393319.7,2719574.26947
1753505465612,04:51:05.612,phemex,ALGO/USDT:USDT,,,,,0.2693,10384218.8,2717233.98876
1753505480641,04:51:20.641,phemex,ALGO/USDT:USDT,,,,,0.2691,10387421.2,2718095.7546
1753505486653,04:51:26.653,phemex,ALGO/USDT:USDT,,,,,0.2691,10387421.2,2718095.7546
1753505489659,04:51:29.659,phemex,ALGO/USDT:USDT,,,,,0.2691,10387421.2,2718095.7546
1753505498676,04:51:38.676,phemex,ALGO/USDT:USDT,,,,,0.2691,10387421.2,2718095.7546
1753505501682,04:51:41.682,phemex,ALGO/USDT:USDT,,,,,0.2691,10387421.2,2718095.7546
1753505516707,04:51:56.707,phemex,ALGO/USDT:USDT,,,,,0.2691,10391283.8,2719135.18026
1753505546760,04:52:26.760,phemex,ALGO/USDT:USDT,,,,,0.2691,10387522.3,2718166.59401
1753505552768,04:52:32.768,phemex,ALGO/USDT:USDT,,,,,0.2693,10391066.0,2719120.91242
1753505567794,04:52:47.794,phemex,ALGO/USDT:USDT,,,,,0.2693,10391066.0,2719120.91242
1753505576807,04:52:56.807,phemex,ALGO/USDT:USDT,,,,,0.2693,10391066.0,2719120.91242
1753505700009,04:55:00.009,phemex,ALGO/USDT:USDT,,,,,0.2691,10387209.3,2718238.98594
1753505808196,04:56:48.196,phemex,ALGO/USDT:USDT,,,,,0.2692,10378940.2,2716142.01432
1753505814207,04:56:54.207,phemex,ALGO/USDT:USDT,,,,,0.2693,10380790.4,2716640.27318
1753505817211,04:56:57.211,phemex,ALGO/USDT:USDT,,,,,0.2693,10380790.4,2716640.27318
1753505829229,04:57:09.229,phemex,ALGO/USDT:USDT,,,,,0.2693,10364445.1,2712419.8945
1753505835240,04:57:15.240,phemex,ALGO/USDT:USDT,,,,,0.2693,10364445.1,2712419.8945
1753505838245,04:57:18.245,phemex,ALGO/USDT:USDT,,,,,0.2693,10368013.1,2713380.7569
1753505844255,04:57:24.255,phemex,ALGO/USDT:USDT,,,,,0.2693,10368013.1,2713380.7569
1753505850266,04:57:30.266,phemex,ALGO/USDT:USDT,,,,,0.2693,10368013.1,2713380.7569
1753505859280,04:57:39.280,phemex,ALGO/USDT:USDT,,,,,0.2693,10371388.6,2714289.77905
1753505889324,04:58:09.324,phemex,ALGO/USDT:USDT,,,,,0.2693,10371388.6,2714289.77905
1753505895334,04:58:15.334,phemex,ALGO/USDT:USDT,,,,,0.2693,10366189.8,2712946.92861
1753505901344,04:58:21.344,phemex,ALGO/USDT:USDT,,,,,0.2693,10368139.8,2713472.06361
1753505931389,04:58:51.389,phemex,ALGO/USDT:USDT,,,,,0.2693,10368139.8,2713472.06361
1753505937397,04:58:57.397,phemex,ALGO/USDT:USDT,,,,,0.2693,10368139.8,2713472.06361
1753505949415,04:59:09.415,phemex,ALGO/USDT:USDT,,,,,0.2696,10369226.3,2713783.384
1753505958428,04:59:18.428,phemex,ALGO/USDT:USDT,,,,,0.2696,10369226.3,2713783.384
1753505973451,04:59:33.451,phemex,ALGO/USDT:USDT,,,,,0.2696,10369226.3,2713783.384
1753505985469,04:59:45.469,phemex,ALGO/USDT:USDT,,,,,0.2696,10369226.3,2713783.384
1753505991478,04:59:51.478,phemex,ALGO/USDT:USDT,,,,,0.2696,10369226.3,2713783.384
1753506024552,05:00:24.552,phemex,ALGO/USDT:USDT,,,,,0.2694,10358521.2,2711048.17682
1753506036572,05:00:36.572,phemex,ALGO/USDT:USDT,,,,,0.2694,10358521.2,2711048.17682
1753506063617,05:01:03.617,phemex,ALGO/USDT:USDT,,,,,0.2694,10358517.2,2711047.14322
1753506072632,05:01:12.632,phemex,ALGO/USDT:USDT,,,,,0.2694,10358517.2,2711047.14322
1753506102692,05:01:42.692,phemex,ALGO/USDT:USDT,,,,,0.269,10358541.6,2711053.70682
1753506114712,05:01:54.712,phemex,ALGO/USDT:USDT,,,,,0.2689,10362608.6,2712147.32312
1753506120772,05:02:00.772,phemex,ALGO/USDT:USDT,,,,,0.2689,10362608.6,2712147.32312
1753506231954,05:03:51.954,phemex,ALGO/USDT:USDT,,,,,0.2688,10344934.7,2707622.54822
1753506246979,05:04:06.979,phemex,ALGO/USDT:USDT,,,,,0.2687,10340660.5,2706516.45753
1753506249983,05:04:09.983,phemex,ALGO/USDT:USDT,,,,,0.2687,10340660.5,2706516.45753
1753506255992,05:04:15.992,phemex,ALGO/USDT:USDT,,,,,0.2686,10343250.2,2707212.05095
1753506271015,05:04:31.015,phemex,ALGO/USDT:USDT,,,,,0.2686,10343250.2,2707212.05095
1753506292046,05:04:52.046,phemex,ALGO/USDT:USDT,,,,,0.2686,10343250.2,2707212.05095
1753506313082,05:05:13.082,phemex,ALGO/USDT:USDT,,,,,0.2686,10334494.4,2704948.24752
1753506367166,05:06:07.166,phemex,ALGO/USDT:USDT,,,,,0.2686,10329252.8,2703654.86032
1753506412242,05:06:52.242,phemex,ALGO/USDT:USDT,,,,,0.2686,10330331.3,2703944.54542
1753506436281,05:07:16.281,phemex,ALGO/USDT:USDT,,,,,0.2687,10325393.9,2702674.28534
1753506457316,05:07:37.316,phemex,ALGO/USDT:USDT,,,,,0.2687,10325393.9,2702674.28534
1753506514418,05:08:34.418,phemex,ALGO/USDT:USDT,,,,,0.2684,10323004.3,2702085.72817
1753506520428,05:08:40.428,phemex,ALGO/USDT:USDT,,,,,0.2684,10323004.3,2702085.72817
1753506535453,05:08:55.453,phemex,ALGO/USDT:USDT,,,,,0.2684,10323004.3,2702085.72817
1753506541463,05:09:01.463,phemex,ALGO/USDT:USDT,,,,,0.2684,10314684.8,2699947.63728
1753506544467,05:09:04.467,phemex,ALGO/USDT:USDT,,,,,0.2684,10314684.8,2699947.63728
1753506574515,05:09:34.515,phemex,ALGO/USDT:USDT,,,,,0.2683,10316391.3,2700405.49123
1753506580524,05:09:40.524,phemex,ALGO/USDT:USDT,,,,,0.2683,10316796.3,2700514.15273
1753506595544,05:09:55.544,phemex,ALGO/USDT:USDT,,,,,0.2683,10316796.3,2700514.15273
1753506616575,05:10:16.575,phemex,ALGO/USDT:USDT,,,,,0.2683,10315359.2,2700148.2654
1753506685700,05:11:25.700,phemex,ALGO/USDT:USDT,,,,,0.2683,10308671.1,2698448.80766
1753506811900,05:13:31.900,phemex,ALGO/USDT:USDT,,,,,0.2683,10296577.9,2695432.95162
1753506856976,05:14:16.976,phemex,ALGO/USDT:USDT,,,,,0.2685,10292873.0,2694504.9333
1753506935100,05:15:35.100,phemex,ALGO/USDT:USDT,,,,,0.2685,10292869.0,2694503.9045
1753506977181,05:16:17.181,phemex,ALGO/USDT:USDT,,,,,0.2687,10296649.7,2695567.24643
