timestamp,time,exchange,symbol,bid,bidVolume,ask,askVolume,lastPrice,baseVolume,quoteVolume
1753507241785,05:20:41.785,xt,ADA/USDT:USDT,,,,,0.8226,,35300079.0
1753507244779,05:20:44.779,xt,ADA/USDT:USDT,,,,,0.8225,,35300099.0
1753507247442,05:20:47.442,xt,ADA/USDT:USDT,,,,,0.8226,,35300106.0
1753507250688,05:20:50.688,xt,ADA/USDT:USDT,,,,,0.8225,,35300276.0
1753507253892,05:20:53.892,xt,ADA/USDT:USDT,,,,,0.8225,,35300284.0
1753507256241,05:20:56.241,xt,ADA/USDT:USDT,,,,,0.8226,,35300360.0
1753507259566,05:20:59.566,xt,ADA/USDT:USDT,,,,,0.8226,,35263816.0
1753507262894,05:21:02.894,xt,ADA/USDT:USDT,,,,,0.8226,,35264009.0
1753507265231,05:21:05.231,xt,ADA/USDT:USDT,,,,,0.8227,,35264822.0
1753507268464,05:21:08.464,xt,ADA/USDT:USDT,,,,,0.8228,,35267094.0
1753507271470,05:21:11.470,xt,ADA/USDT:USDT,,,,,0.8229,,35267688.0
1753507273912,05:21:13.912,xt,ADA/USDT:USDT,,,,,0.823,,35267698.0
1753507283539,05:21:23.539,xt,ADA/USDT:USDT,,,,,0.8232,,35267749.0
1753507286924,05:21:26.924,xt,ADA/USDT:USDT,,,,,0.8232,,35267940.0
1753507289773,05:21:29.773,xt,ADA/USDT:USDT,,,,,0.8232,,35268293.0
1753507292328,05:21:32.328,xt,ADA/USDT:USDT,,,,,0.823,,35268351.0
1753507295813,05:21:35.813,xt,ADA/USDT:USDT,,,,,0.8231,,35268364.0
1753507298272,05:21:38.272,xt,ADA/USDT:USDT,,,,,0.8229,,35269503.0
1753507301531,05:21:41.531,xt,ADA/USDT:USDT,,,,,0.8228,,35269544.0
1753507304837,05:21:44.837,xt,ADA/USDT:USDT,,,,,0.8229,,35269552.0
1753507307502,05:21:47.502,xt,ADA/USDT:USDT,,,,,0.8227,,35272331.0
1753507310746,05:21:50.746,xt,ADA/USDT:USDT,,,,,0.8227,,35272339.0
1753507313181,05:21:53.181,xt,ADA/USDT:USDT,,,,,0.8226,,35272354.0
1753507316444,05:21:56.444,xt,ADA/USDT:USDT,,,,,0.8226,,35272359.0
1753507319658,05:21:59.658,xt,ADA/USDT:USDT,,,,,0.8226,,35240233.0
1753507322958,05:22:02.958,xt,ADA/USDT:USDT,,,,,0.8228,,35242864.0
1753507325536,05:22:05.536,xt,ADA/USDT:USDT,,,,,0.8229,,35242897.0
1753507328778,05:22:08.778,xt,ADA/USDT:USDT,,,,,0.8229,,35244079.0
1753507331811,05:22:11.811,xt,ADA/USDT:USDT,,,,,0.8229,,35244198.0
1753507334115,05:22:14.115,xt,ADA/USDT:USDT,,,,,0.8228,,35244342.0
1753507337358,05:22:17.358,xt,ADA/USDT:USDT,,,,,0.8229,,35244727.0
1753507340478,05:22:20.478,xt,ADA/USDT:USDT,,,,,0.8229,,35244740.0
1753507343869,05:22:23.869,xt,ADA/USDT:USDT,,,,,0.8232,,35247002.0
1753507346463,05:22:26.463,xt,ADA/USDT:USDT,,,,,0.8231,,35247084.0
1753507349626,05:22:29.626,xt,ADA/USDT:USDT,,,,,0.8231,,35247099.0
1753507352461,05:22:32.461,xt,ADA/USDT:USDT,,,,,0.8231,,35247116.0
1753507355599,05:22:35.599,xt,ADA/USDT:USDT,,,,,0.8232,,35247143.0
1753507358691,05:22:38.691,xt,ADA/USDT:USDT,,,,,0.8231,,35247164.0
1753507361826,05:22:41.826,xt,ADA/USDT:USDT,,,,,0.8232,,35247188.0
1753507364268,05:22:44.268,xt,ADA/USDT:USDT,,,,,0.8231,,35247303.0
1753507367413,05:22:47.413,xt,ADA/USDT:USDT,,,,,0.8231,,35247432.0
1753507370602,05:22:50.602,xt,ADA/USDT:USDT,,,,,0.8232,,35247536.0
1753507373952,05:22:53.952,xt,ADA/USDT:USDT,,,,,0.8229,,35251657.0
1753507376414,05:22:56.414,xt,ADA/USDT:USDT,,,,,0.8229,,35251666.0
1753507379716,05:22:59.716,xt,ADA/USDT:USDT,,,,,0.823,,35223155.0
1753507382961,05:23:02.961,xt,ADA/USDT:USDT,,,,,0.8231,,35223168.0
1753507385472,05:23:05.472,xt,ADA/USDT:USDT,,,,,0.823,,35223270.0
1753507388810,05:23:08.810,xt,ADA/USDT:USDT,,,,,0.823,,35223307.0
1753507391269,05:23:11.269,xt,ADA/USDT:USDT,,,,,0.823,,35223593.0
1753507394599,05:23:14.599,xt,ADA/USDT:USDT,,,,,0.823,,35223602.0
1753507397821,05:23:17.821,xt,ADA/USDT:USDT,,,,,0.823,,35223609.0
1753507400176,05:23:20.176,xt,ADA/USDT:USDT,,,,,0.8232,,35223928.0
1753507403713,05:23:23.713,xt,ADA/USDT:USDT,,,,,0.8233,,35223939.0
1753507407017,05:23:27.017,xt,ADA/USDT:USDT,,,,,0.8231,,35224293.0
1753507409512,05:23:29.512,xt,ADA/USDT:USDT,,,,,0.8231,,35224301.0
1753507412572,05:23:32.572,xt,ADA/USDT:USDT,,,,,0.8231,,35224314.0
1753507415536,05:23:35.536,xt,ADA/USDT:USDT,,,,,0.8229,,35225003.0
1753507418800,05:23:38.800,xt,ADA/USDT:USDT,,,,,0.8229,,35225053.0
1753507421806,05:23:41.806,xt,ADA/USDT:USDT,,,,,0.823,,35225272.0
1753507424932,05:23:44.932,xt,ADA/USDT:USDT,,,,,0.8231,,35225283.0
1753507427331,05:23:47.331,xt,ADA/USDT:USDT,,,,,0.823,,35225295.0
1753507430812,05:23:50.812,xt,ADA/USDT:USDT,,,,,0.8231,,35225309.0
1753507433993,05:23:53.993,xt,ADA/USDT:USDT,,,,,0.8232,,35225431.0
1753507437042,05:23:57.042,xt,ADA/USDT:USDT,,,,,0.8233,,35225668.0
1753507440022,05:24:00.022,xt,ADA/USDT:USDT,,,,,0.8232,,35194828.0
1753507442534,05:24:02.534,xt,ADA/USDT:USDT,,,,,0.8233,,35194888.0
1753507445622,05:24:05.622,xt,ADA/USDT:USDT,,,,,0.8232,,35195618.0
1753507448747,05:24:08.747,xt,ADA/USDT:USDT,,,,,0.8232,,35195641.0
1753507451898,05:24:11.898,xt,ADA/USDT:USDT,,,,,0.8232,,35195710.0
1753507454213,05:24:14.213,xt,ADA/USDT:USDT,,,,,0.8232,,35195717.0
1753507457663,05:24:17.663,xt,ADA/USDT:USDT,,,,,0.8232,,35195731.0
1753507460682,05:24:20.682,xt,ADA/USDT:USDT,,,,,0.8233,,35195742.0
1753507463987,05:24:23.987,xt,ADA/USDT:USDT,,,,,0.8233,,35195757.0
1753507466455,05:24:26.455,xt,ADA/USDT:USDT,,,,,0.8232,,35195764.0
1753507469809,05:24:29.809,xt,ADA/USDT:USDT,,,,,0.8235,,35197181.0
1753507472394,05:24:32.394,xt,ADA/USDT:USDT,,,,,0.8233,,35197835.0
1753507475569,05:24:35.569,xt,ADA/USDT:USDT,,,,,0.8233,,35197850.0
1753507478760,05:24:38.760,xt,ADA/USDT:USDT,,,,,0.8234,,35197858.0
1753507481772,05:24:41.772,xt,ADA/USDT:USDT,,,,,0.8233,,35201266.0
1753507484211,05:24:44.211,xt,ADA/USDT:USDT,,,,,0.823,,35201272.0
1753507487304,05:24:47.304,xt,ADA/USDT:USDT,,,,,0.823,,35201273.0
1753507490663,05:24:50.663,xt,ADA/USDT:USDT,,,,,0.8229,,35201341.0
1753507493721,05:24:53.721,xt,ADA/USDT:USDT,,,,,0.823,,35201506.0
1753507496928,05:24:56.928,xt,ADA/USDT:USDT,,,,,0.8231,,35203471.0
1753507499302,05:24:59.302,xt,ADA/USDT:USDT,,,,,0.8231,,35171148.0
1753507502750,05:25:02.750,xt,ADA/USDT:USDT,,,,,0.8231,,35171156.0
1753507505936,05:25:05.936,xt,ADA/USDT:USDT,,,,,0.8232,,35172240.0
1753507508420,05:25:08.420,xt,ADA/USDT:USDT,,,,,0.8232,,35172251.0
1753507511893,05:25:11.893,xt,ADA/USDT:USDT,,,,,0.8233,,35172584.0
1753507514391,05:25:14.391,xt,ADA/USDT:USDT,,,,,0.8235,,35173218.0
1753507517682,05:25:17.682,xt,ADA/USDT:USDT,,,,,0.8234,,35173231.0
1753507520896,05:25:20.896,xt,ADA/USDT:USDT,,,,,0.8234,,35173397.0
1753507523450,05:25:23.450,xt,ADA/USDT:USDT,,,,,0.8234,,35173468.0
1753507526653,05:25:26.653,xt,ADA/USDT:USDT,,,,,0.8235,,35174046.0
1753507529974,05:25:29.974,xt,ADA/USDT:USDT,,,,,0.8236,,35174500.0
1753507532991,05:25:32.991,xt,ADA/USDT:USDT,,,,,0.8236,,35174509.0
1753507535409,05:25:35.409,xt,ADA/USDT:USDT,,,,,0.8235,,35174546.0
1753507538601,05:25:38.601,xt,ADA/USDT:USDT,,,,,0.8236,,35174614.0
1753507541900,05:25:41.900,xt,ADA/USDT:USDT,,,,,0.8236,,35174668.0
1753507544419,05:25:44.419,xt,ADA/USDT:USDT,,,,,0.8236,,35174675.0
1753507547538,05:25:47.538,xt,ADA/USDT:USDT,,,,,0.8236,,35175244.0
1753507550930,05:25:50.930,xt,ADA/USDT:USDT,,,,,0.8237,,35175342.0
1753507553921,05:25:53.921,xt,ADA/USDT:USDT,,,,,0.8237,,35175367.0
1753507556204,05:25:56.204,xt,ADA/USDT:USDT,,,,,0.8237,,35175376.0
1753507559659,05:25:59.659,xt,ADA/USDT:USDT,,,,,0.8236,,35155103.0
1753507562630,05:26:02.630,xt,ADA/USDT:USDT,,,,,0.8233,,35155192.0
1753507565811,05:26:05.811,xt,ADA/USDT:USDT,,,,,0.8233,,35155360.0
1753507569012,05:26:09.012,xt,ADA/USDT:USDT,,,,,0.8233,,35155379.0
1753507571441,05:26:11.441,xt,ADA/USDT:USDT,,,,,0.8233,,35155386.0
1753507574508,05:26:14.508,xt,ADA/USDT:USDT,,,,,0.8234,,35155538.0
1753507577504,05:26:17.504,xt,ADA/USDT:USDT,,,,,0.8234,,35155551.0
1753507580721,05:26:20.721,xt,ADA/USDT:USDT,,,,,0.8235,,35156155.0
1753507583898,05:26:23.898,xt,ADA/USDT:USDT,,,,,0.8236,,35156233.0
1753507586333,05:26:26.333,xt,ADA/USDT:USDT,,,,,0.8237,,35156239.0
1753507589569,05:26:29.569,xt,ADA/USDT:USDT,,,,,0.8237,,35156247.0
1753507592994,05:26:32.994,xt,ADA/USDT:USDT,,,,,0.8237,,35156723.0
1753507595356,05:26:35.356,xt,ADA/USDT:USDT,,,,,0.8237,,35156750.0
1753507598507,05:26:38.507,xt,ADA/USDT:USDT,,,,,0.8236,,35156813.0
1753507601745,05:26:41.745,xt,ADA/USDT:USDT,,,,,0.8236,,35157305.0
1753507605022,05:26:45.022,xt,ADA/USDT:USDT,,,,,0.8236,,35157350.0
1753507607682,05:26:47.682,xt,ADA/USDT:USDT,,,,,0.8236,,35157521.0
1753507610776,05:26:50.776,xt,ADA/USDT:USDT,,,,,0.8237,,35158377.0
