timestamp,time,exchange,symbol,bid,bidVolume,ask,askVolume,lastPrice,baseVolume,quoteVolume
1753504792772,04:39:52.772,xt,ACH/USDT:USDT,,,,,0.02237,,6673746.0
1753504795853,04:39:55.853,xt,ACH/USDT:USDT,,,,,0.02237,,6673753.0
1753504799101,04:39:59.101,xt,ACH/USDT:USDT,,,,,0.022372,,6673771.0
1753504801495,04:40:01.495,xt,ACH/USDT:USDT,,,,,0.022372,,6673779.0
1753504804871,04:40:04.871,xt,ACH/USDT:USDT,,,,,0.022372,,6673885.0
1753504807374,04:40:07.374,xt,ACH/USDT:USDT,,,,,0.02237,,6673894.0
1753504810499,04:40:10.499,xt,ACH/USDT:USDT,,,,,0.022371,,6673905.0
1753504813675,04:40:13.675,xt,ACH/USDT:USDT,,,,,0.022371,,6673912.0
1753504816886,04:40:16.886,xt,ACH/USDT:USDT,,,,,0.022371,,6673922.0
1753504819263,04:40:19.263,xt,ACH/USDT:USDT,,,,,0.022371,,6673931.0
1753504822498,04:40:22.498,xt,ACH/USDT:USDT,,,,,0.022371,,6673943.0
1753504825619,04:40:25.619,xt,ACH/USDT:USDT,,,,,0.022371,,6673954.0
1753504829067,04:40:29.067,xt,ACH/USDT:USDT,,,,,0.022371,,6668705.0
1753504831439,04:40:31.439,xt,ACH/USDT:USDT,,,,,0.022371,,6668712.0
1753504834591,04:40:34.591,xt,ACH/USDT:USDT,,,,,0.022376,,6669129.0
1753504837670,04:40:37.670,xt,ACH/USDT:USDT,,,,,0.022376,,6669139.0
1753504840282,04:40:40.282,xt,ACH/USDT:USDT,,,,,0.022376,,6669147.0
1753504843888,04:40:43.888,xt,ACH/USDT:USDT,,,,,0.022371,,6669514.0
1753504846405,04:40:46.405,xt,ACH/USDT:USDT,,,,,0.022371,,6669525.0
1753504849680,04:40:49.680,xt,ACH/USDT:USDT,,,,,0.022371,,6669535.0
1753504852855,04:40:52.855,xt,ACH/USDT:USDT,,,,,0.022371,,6669547.0
1753504856039,04:40:56.039,xt,ACH/USDT:USDT,,,,,0.022371,,6669554.0
1753504858474,04:40:58.474,xt,ACH/USDT:USDT,,,,,0.022371,,6669559.0
1753504861737,04:41:01.737,xt,ACH/USDT:USDT,,,,,0.022371,,6669569.0
1753504864973,04:41:04.973,xt,ACH/USDT:USDT,,,,,0.022375,,6669696.0
1753504867345,04:41:07.345,xt,ACH/USDT:USDT,,,,,0.022376,,6669822.0
1753504870553,04:41:10.553,xt,ACH/USDT:USDT,,,,,0.022378,,6669855.0
1753504873830,04:41:13.830,xt,ACH/USDT:USDT,,,,,0.022379,,6669865.0
1753504876315,04:41:16.315,xt,ACH/USDT:USDT,,,,,0.022379,,6669874.0
1753504879614,04:41:19.614,xt,ACH/USDT:USDT,,,,,0.022379,,6669884.0
1753504882673,04:41:22.673,xt,ACH/USDT:USDT,,,,,0.022379,,6669890.0
1753504885889,04:41:25.889,xt,ACH/USDT:USDT,,,,,0.022379,,6669906.0
1753504888405,04:41:28.405,xt,ACH/USDT:USDT,,,,,0.022379,,6663143.0
1753504891676,04:41:31.676,xt,ACH/USDT:USDT,,,,,0.02238,,6663213.0
1753504894970,04:41:34.970,xt,ACH/USDT:USDT,,,,,0.02238,,6663225.0
1753504897651,04:41:37.651,xt,ACH/USDT:USDT,,,,,0.02238,,6663233.0
1753504900773,04:41:40.773,xt,ACH/USDT:USDT,,,,,0.02238,,6663244.0
1753504903289,04:41:43.289,xt,ACH/USDT:USDT,,,,,0.02238,,6663252.0
1753504906587,04:41:46.587,xt,ACH/USDT:USDT,,,,,0.02238,,6663263.0
1753504909835,04:41:49.835,xt,ACH/USDT:USDT,,,,,0.02238,,6663277.0
1753504913077,04:41:53.077,xt,ACH/USDT:USDT,,,,,0.02238,,6663289.0
1753504915502,04:41:55.502,xt,ACH/USDT:USDT,,,,,0.02238,,6663299.0
1753504918706,04:41:58.706,xt,ACH/USDT:USDT,,,,,0.022378,,6663734.0
1753504921856,04:42:01.856,xt,ACH/USDT:USDT,,,,,0.022374,,6663853.0
1753504925042,04:42:05.042,xt,ACH/USDT:USDT,,,,,0.022374,,6663863.0
1753504927462,04:42:07.462,xt,ACH/USDT:USDT,,,,,0.022377,,6663871.0
1753504930794,04:42:10.794,xt,ACH/USDT:USDT,,,,,0.022377,,6663884.0
1753504933860,04:42:13.860,xt,ACH/USDT:USDT,,,,,0.022378,,6663965.0
1753504936463,04:42:16.463,xt,ACH/USDT:USDT,,,,,0.022378,,6663975.0
1753504939737,04:42:19.737,xt,ACH/USDT:USDT,,,,,0.022378,,6663984.0
1753504942440,04:42:22.440,xt,ACH/USDT:USDT,,,,,0.022382,,6664442.0
1753504945556,04:42:25.556,xt,ACH/USDT:USDT,,,,,0.022382,,6664451.0
1753504948673,04:42:28.673,xt,ACH/USDT:USDT,,,,,0.022382,,6661644.0
1753504951827,04:42:31.827,xt,ACH/USDT:USDT,,,,,0.022382,,6661650.0
1753504954376,04:42:34.376,xt,ACH/USDT:USDT,,,,,0.022382,,6661658.0
1753504957614,04:42:37.614,xt,ACH/USDT:USDT,,,,,0.022382,,6661665.0
1753504960351,04:42:40.351,xt,ACH/USDT:USDT,,,,,0.022382,,6661670.0
1753504963735,04:42:43.735,xt,ACH/USDT:USDT,,,,,0.022378,,6662086.0
1753504966555,04:42:46.555,xt,ACH/USDT:USDT,,,,,0.022378,,6662092.0
1753504969942,04:42:49.942,xt,ACH/USDT:USDT,,,,,0.022378,,6662103.0
1753504973010,04:42:53.010,xt,ACH/USDT:USDT,,,,,0.022382,,6662125.0
1753504975488,04:42:55.488,xt,ACH/USDT:USDT,,,,,0.022382,,6662132.0
1753504978827,04:42:58.827,xt,ACH/USDT:USDT,,,,,0.022382,,6662139.0
1753504981970,04:43:01.970,xt,ACH/USDT:USDT,,,,,0.022382,,6662148.0
1753504984910,04:43:04.910,xt,ACH/USDT:USDT,,,,,0.022382,,6662178.0
1753504987375,04:43:07.375,xt,ACH/USDT:USDT,,,,,0.022382,,6662187.0
1753504990727,04:43:10.727,xt,ACH/USDT:USDT,,,,,0.022382,,6662195.0
1753504993793,04:43:13.793,xt,ACH/USDT:USDT,,,,,0.022382,,6662205.0
1753504997003,04:43:17.003,xt,ACH/USDT:USDT,,,,,0.022382,,6662215.0
1753504999381,04:43:19.381,xt,ACH/USDT:USDT,,,,,0.022382,,6662223.0
1753505002529,04:43:22.529,xt,ACH/USDT:USDT,,,,,0.022382,,6662237.0
1753505005618,04:43:25.618,xt,ACH/USDT:USDT,,,,,0.022382,,6662247.0
1753505008983,04:43:28.983,xt,ACH/USDT:USDT,,,,,0.022382,,6658960.0
1753505011915,04:43:31.915,xt,ACH/USDT:USDT,,,,,0.022382,,6658972.0
1753505014379,04:43:34.379,xt,ACH/USDT:USDT,,,,,0.022382,,6658981.0
1753505017909,04:43:37.909,xt,ACH/USDT:USDT,,,,,0.022382,,6658990.0
1753505021071,04:43:41.071,xt,ACH/USDT:USDT,,,,,0.022382,,6659000.0
1753505023498,04:43:43.498,xt,ACH/USDT:USDT,,,,,0.022382,,6659429.0
1753505026676,04:43:46.676,xt,ACH/USDT:USDT,,,,,0.022382,,6659438.0
1753505029949,04:43:49.949,xt,ACH/USDT:USDT,,,,,0.022382,,6659448.0
1753505032357,04:43:52.357,xt,ACH/USDT:USDT,,,,,0.022382,,6659456.0
1753505035732,04:43:55.732,xt,ACH/USDT:USDT,,,,,0.022382,,6659470.0
1753505038352,04:43:58.352,xt,ACH/USDT:USDT,,,,,0.022382,,6659477.0
1753505041642,04:44:01.642,xt,ACH/USDT:USDT,,,,,0.022382,,6659485.0
1753505044921,04:44:04.921,xt,ACH/USDT:USDT,,,,,0.022382,,6659495.0
1753505047346,04:44:07.346,xt,ACH/USDT:USDT,,,,,0.022382,,6659505.0
1753505050585,04:44:10.585,xt,ACH/USDT:USDT,,,,,0.022382,,6659513.0
1753505053730,04:44:13.730,xt,ACH/USDT:USDT,,,,,0.022382,,6659520.0
1753505057062,04:44:17.062,xt,ACH/USDT:USDT,,,,,0.022382,,6659530.0
1753505059457,04:44:19.457,xt,ACH/USDT:USDT,,,,,0.022383,,6659535.0
1753505062823,04:44:22.823,xt,ACH/USDT:USDT,,,,,0.022382,,6659651.0
1753505066126,04:44:26.126,xt,ACH/USDT:USDT,,,,,0.022382,,6659659.0
1753505068490,04:44:28.490,xt,ACH/USDT:USDT,,,,,0.022382,,6657771.0
1753505071527,04:44:31.527,xt,ACH/USDT:USDT,,,,,0.022382,,6657777.0
1753505074975,04:44:34.975,xt,ACH/USDT:USDT,,,,,0.022382,,6657786.0
1753505077940,04:44:37.940,xt,ACH/USDT:USDT,,,,,0.022382,,6657794.0
1753505080558,04:44:40.558,xt,ACH/USDT:USDT,,,,,0.022382,,6657799.0
1753505083858,04:44:43.858,xt,ACH/USDT:USDT,,,,,0.022382,,6657816.0
1753505086501,04:44:46.501,xt,ACH/USDT:USDT,,,,,0.022382,,6657826.0
1753505089761,04:44:49.761,xt,ACH/USDT:USDT,,,,,0.022382,,6657832.0
1753505092977,04:44:52.977,xt,ACH/USDT:USDT,,,,,0.022382,,6658135.0
1753505095531,04:44:55.531,xt,ACH/USDT:USDT,,,,,0.022382,,6658141.0
1753505098787,04:44:58.787,xt,ACH/USDT:USDT,,,,,0.022382,,6658154.0
1753505101975,04:45:01.975,xt,ACH/USDT:USDT,,,,,0.022382,,6658163.0
1753505104491,04:45:04.491,xt,ACH/USDT:USDT,,,,,0.022382,,6658173.0
1753505107917,04:45:07.917,xt,ACH/USDT:USDT,,,,,0.022378,,6658417.0
1753505110982,04:45:10.982,xt,ACH/USDT:USDT,,,,,0.022378,,6658426.0
1753505113444,04:45:13.444,xt,ACH/USDT:USDT,,,,,0.022378,,6658433.0
1753505116851,04:45:16.851,xt,ACH/USDT:USDT,,,,,0.022378,,6658443.0
1753505120011,04:45:20.011,xt,ACH/USDT:USDT,,,,,0.022378,,6658452.0
1753505122408,04:45:22.408,xt,ACH/USDT:USDT,,,,,0.022378,,6658458.0
1753505125561,04:45:25.561,xt,ACH/USDT:USDT,,,,,0.022378,,6658615.0
1753505128618,04:45:28.618,xt,ACH/USDT:USDT,,,,,0.022378,,6650829.0
1753505131798,04:45:31.798,xt,ACH/USDT:USDT,,,,,0.022377,,6650938.0
1753505135123,04:45:35.123,xt,ACH/USDT:USDT,,,,,0.022377,,6650944.0
1753505137612,04:45:37.612,xt,ACH/USDT:USDT,,,,,0.022376,,6651097.0
1753505140377,04:45:40.377,xt,ACH/USDT:USDT,,,,,0.022376,,6651107.0
1753505143946,04:45:43.946,xt,ACH/USDT:USDT,,,,,0.022376,,6651117.0
1753505146957,04:45:46.957,xt,ACH/USDT:USDT,,,,,0.022376,,6651133.0
1753505150037,04:45:50.037,xt,ACH/USDT:USDT,,,,,0.022376,,6651141.0
1753505152591,04:45:52.591,xt,ACH/USDT:USDT,,,,,0.022376,,6651150.0
1753505155763,04:45:55.763,xt,ACH/USDT:USDT,,,,,0.022376,,6651172.0
1753505158230,04:45:58.230,xt,ACH/USDT:USDT,,,,,0.022376,,6651181.0
1753505161585,04:46:01.585,xt,ACH/USDT:USDT,,,,,0.022376,,6651190.0
1753505164981,04:46:04.981,xt,ACH/USDT:USDT,,,,,0.022376,,6651204.0
1753505167352,04:46:07.352,xt,ACH/USDT:USDT,,,,,0.022378,,6651212.0
1753505170680,04:46:10.680,xt,ACH/USDT:USDT,,,,,0.02238,,6651360.0
1753505173914,04:46:13.914,xt,ACH/USDT:USDT,,,,,0.02238,,6651370.0
1753505176257,04:46:16.257,xt,ACH/USDT:USDT,,,,,0.02238,,6651378.0
1753505179645,04:46:19.645,xt,ACH/USDT:USDT,,,,,0.02238,,6651390.0
1753505182642,04:46:22.642,xt,ACH/USDT:USDT,,,,,0.02238,,6651396.0
1753505185648,04:46:25.648,xt,ACH/USDT:USDT,,,,,0.022385,,6651516.0
1753505188945,04:46:28.945,xt,ACH/USDT:USDT,,,,,0.022383,,6648847.0
1753505191396,04:46:31.396,xt,ACH/USDT:USDT,,,,,0.022383,,6648853.0
1753505194678,04:46:34.678,xt,ACH/USDT:USDT,,,,,0.022383,,6648860.0
1753505197916,04:46:37.916,xt,ACH/USDT:USDT,,,,,0.022383,,6648868.0
1753505201062,04:46:41.062,xt,ACH/USDT:USDT,,,,,0.022388,,6648945.0
1753505203440,04:46:43.440,xt,ACH/USDT:USDT,,,,,0.022388,,6648955.0
1753505206890,04:46:46.890,xt,ACH/USDT:USDT,,,,,0.02239,,6648991.0
1753505209830,04:46:49.830,xt,ACH/USDT:USDT,,,,,0.02239,,6648999.0
1753505212232,04:46:52.232,xt,ACH/USDT:USDT,,,,,0.02239,,6649011.0
1753505215583,04:46:55.583,xt,ACH/USDT:USDT,,,,,0.022389,,6649260.0
1753505218761,04:46:58.761,xt,ACH/USDT:USDT,,,,,0.022389,,6649270.0
1753505221406,04:47:01.406,xt,ACH/USDT:USDT,,,,,0.022389,,6649281.0
1753505224921,04:47:04.921,xt,ACH/USDT:USDT,,,,,0.022388,,6649433.0
1753505227316,04:47:07.316,xt,ACH/USDT:USDT,,,,,0.022388,,6649437.0
1753505230826,04:47:10.826,xt,ACH/USDT:USDT,,,,,0.022386,,6649526.0
1753505233828,04:47:13.828,xt,ACH/USDT:USDT,,,,,0.022383,,6649772.0
1753505236171,04:47:16.171,xt,ACH/USDT:USDT,,,,,0.022383,,6649783.0
1753505239469,04:47:19.469,xt,ACH/USDT:USDT,,,,,0.022383,,6649889.0
1753505242706,04:47:22.706,xt,ACH/USDT:USDT,,,,,0.022383,,6649899.0
1753505245257,04:47:25.257,xt,ACH/USDT:USDT,,,,,0.022379,,6650031.0
1753505248320,04:47:28.320,xt,ACH/USDT:USDT,,,,,0.022377,,6648172.0
1753505251585,04:47:31.585,xt,ACH/USDT:USDT,,,,,0.022377,,6648181.0
1753505254801,04:47:34.801,xt,ACH/USDT:USDT,,,,,0.022374,,6648297.0
1753505257194,04:47:37.194,xt,ACH/USDT:USDT,,,,,0.022374,,6648304.0
1753505260464,04:47:40.464,xt,ACH/USDT:USDT,,,,,0.022373,,6648333.0
1753505263913,04:47:43.913,xt,ACH/USDT:USDT,,,,,0.022373,,6649148.0
1753505266586,04:47:46.586,xt,ACH/USDT:USDT,,,,,0.022373,,6649158.0
1753505269859,04:47:49.859,xt,ACH/USDT:USDT,,,,,0.022373,,6649169.0
1753505272979,04:47:52.979,xt,ACH/USDT:USDT,,,,,0.022377,,6650383.0
1753505275437,04:47:55.437,xt,ACH/USDT:USDT,,,,,0.022367,,6650566.0
1753505278860,04:47:58.860,xt,ACH/USDT:USDT,,,,,0.022368,,6650574.0
1753505281973,04:48:01.973,xt,ACH/USDT:USDT,,,,,0.022368,,6650585.0
1753505284488,04:48:04.488,xt,ACH/USDT:USDT,,,,,0.022368,,6650592.0
1753505287496,04:48:07.496,xt,ACH/USDT:USDT,,,,,0.022365,,6650613.0
1753505290172,04:48:10.172,xt,ACH/USDT:USDT,,,,,0.022365,,6650625.0
1753505293653,04:48:13.653,xt,ACH/USDT:USDT,,,,,0.022365,,6650636.0
1753505296975,04:48:16.975,xt,ACH/USDT:USDT,,,,,0.022368,,6650651.0
1753505299341,04:48:19.341,xt,ACH/USDT:USDT,,,,,0.022368,,6650661.0
1753505302740,04:48:22.740,xt,ACH/USDT:USDT,,,,,0.022368,,6650669.0
1753505306010,04:48:26.010,xt,ACH/USDT:USDT,,,,,0.022368,,6650675.0
1753505308378,04:48:28.378,xt,ACH/USDT:USDT,,,,,0.022368,,6638298.0
1753505311769,04:48:31.769,xt,ACH/USDT:USDT,,,,,0.022365,,6638474.0
1753505314890,04:48:34.890,xt,ACH/USDT:USDT,,,,,0.022365,,6638482.0
1753505318094,04:48:38.094,xt,ACH/USDT:USDT,,,,,0.022365,,6638495.0
1753505320464,04:48:40.464,xt,ACH/USDT:USDT,,,,,0.022365,,6638506.0
1753505323704,04:48:43.704,xt,ACH/USDT:USDT,,,,,0.022365,,6638518.0
1753505326765,04:48:46.765,xt,ACH/USDT:USDT,,,,,0.022363,,6638596.0
1753505329825,04:48:49.825,xt,ACH/USDT:USDT,,,,,0.022363,,6638605.0
1753505333060,04:48:53.060,xt,ACH/USDT:USDT,,,,,0.022366,,6639076.0
1753505335529,04:48:55.529,xt,ACH/USDT:USDT,,,,,0.022366,,6639085.0
1753505338682,04:48:58.682,xt,ACH/USDT:USDT,,,,,0.022366,,6639095.0
1753505341848,04:49:01.848,xt,ACH/USDT:USDT,,,,,0.022366,,6639104.0
1753505344351,04:49:04.351,xt,ACH/USDT:USDT,,,,,0.022368,,6639246.0
1753505347673,04:49:07.673,xt,ACH/USDT:USDT,,,,,0.022368,,6639261.0
1753505350976,04:49:10.976,xt,ACH/USDT:USDT,,,,,0.022368,,6639270.0
1753505353372,04:49:13.372,xt,ACH/USDT:USDT,,,,,0.022368,,6639279.0
1753505356735,04:49:16.735,xt,ACH/USDT:USDT,,,,,0.022366,,6639555.0
1753505359891,04:49:19.891,xt,ACH/USDT:USDT,,,,,0.022366,,6639562.0
1753505363038,04:49:23.038,xt,ACH/USDT:USDT,,,,,0.022366,,6640855.0
1753505365492,04:49:25.492,xt,ACH/USDT:USDT,,,,,0.022366,,6640861.0
1753505368677,04:49:28.677,xt,ACH/USDT:USDT,,,,,0.022366,,6638961.0
1753505371890,04:49:31.890,xt,ACH/USDT:USDT,,,,,0.022366,,6638971.0
1753505374920,04:49:34.920,xt,ACH/USDT:USDT,,,,,0.022366,,6638982.0
1753505377552,04:49:37.552,xt,ACH/USDT:USDT,,,,,0.022366,,6638990.0
1753505380617,04:49:40.617,xt,ACH/USDT:USDT,,,,,0.022363,,6639483.0
1753505383253,04:49:43.253,xt,ACH/USDT:USDT,,,,,0.022363,,6639487.0
1753505386599,04:49:46.599,xt,ACH/USDT:USDT,,,,,0.022363,,6639500.0
1753505389953,04:49:49.953,xt,ACH/USDT:USDT,,,,,0.022361,,6639642.0
1753505392409,04:49:52.409,xt,ACH/USDT:USDT,,,,,0.022348,,6649251.0
1753505395552,04:49:55.552,xt,ACH/USDT:USDT,,,,,0.022348,,6649262.0
1753505398738,04:49:58.738,xt,ACH/USDT:USDT,,,,,0.022348,,6649273.0
1753505402008,04:50:02.008,xt,ACH/USDT:USDT,,,,,0.022348,,6649287.0
1753505404521,04:50:04.521,xt,ACH/USDT:USDT,,,,,0.022348,,6649293.0
1753505407616,04:50:07.616,xt,ACH/USDT:USDT,,,,,0.022346,,6649314.0
1753505410828,04:50:10.828,xt,ACH/USDT:USDT,,,,,0.022342,,6649372.0
1753505413313,04:50:13.313,xt,ACH/USDT:USDT,,,,,0.022343,,6649631.0
1753505416615,04:50:16.615,xt,ACH/USDT:USDT,,,,,0.022346,,6649642.0
1753505419921,04:50:19.921,xt,ACH/USDT:USDT,,,,,0.022344,,6649708.0
1753505422466,04:50:22.466,xt,ACH/USDT:USDT,,,,,0.022341,,6649725.0
1753505425563,04:50:25.563,xt,ACH/USDT:USDT,,,,,0.022341,,6649735.0
1753505428743,04:50:28.743,xt,ACH/USDT:USDT,,,,,0.022339,,6646607.0
1753505431104,04:50:31.104,xt,ACH/USDT:USDT,,,,,0.02234,,6646618.0
1753505434471,04:50:34.471,xt,ACH/USDT:USDT,,,,,0.022335,,6646689.0
1753505437680,04:50:37.680,xt,ACH/USDT:USDT,,,,,0.022335,,6646702.0
1753505441010,04:50:41.010,xt,ACH/USDT:USDT,,,,,0.022335,,6646711.0
1753505443528,04:50:43.528,xt,ACH/USDT:USDT,,,,,0.022333,,6646830.0
1753505446914,04:50:46.914,xt,ACH/USDT:USDT,,,,,0.022334,,6646842.0
1753505449982,04:50:49.982,xt,ACH/USDT:USDT,,,,,0.022334,,6646851.0
1753505453121,04:50:53.121,xt,ACH/USDT:USDT,,,,,0.022334,,6646856.0
1753505455616,04:50:55.616,xt,ACH/USDT:USDT,,,,,0.022334,,6646863.0
1753505458732,04:50:58.732,xt,ACH/USDT:USDT,,,,,0.022329,,6647162.0
1753505461950,04:51:01.950,xt,ACH/USDT:USDT,,,,,0.022321,,6647269.0
1753505464556,04:51:04.556,xt,ACH/USDT:USDT,,,,,0.022319,,6647297.0
1753505467705,04:51:07.705,xt,ACH/USDT:USDT,,,,,0.022319,,6647309.0
1753505470955,04:51:10.955,xt,ACH/USDT:USDT,,,,,0.022319,,6647320.0
1753505473676,04:51:13.676,xt,ACH/USDT:USDT,,,,,0.022319,,6647340.0
1753505476675,04:51:16.675,xt,ACH/USDT:USDT,,,,,0.022318,,6647410.0
1753505479795,04:51:19.795,xt,ACH/USDT:USDT,,,,,0.022318,,6647421.0
1753505482280,04:51:22.280,xt,ACH/USDT:USDT,,,,,0.022318,,6647431.0
1753505485619,04:51:25.619,xt,ACH/USDT:USDT,,,,,0.022322,,6647997.0
1753505488945,04:51:28.945,xt,ACH/USDT:USDT,,,,,0.022326,,6645391.0
1753505491289,04:51:31.289,xt,ACH/USDT:USDT,,,,,0.022326,,6645398.0
1753505494702,04:51:34.702,xt,ACH/USDT:USDT,,,,,0.022325,,6645692.0
1753505497311,04:51:37.311,xt,ACH/USDT:USDT,,,,,0.022322,,6645700.0
1753505500769,04:51:40.769,xt,ACH/USDT:USDT,,,,,0.022322,,6645709.0
1753505503350,04:51:43.350,xt,ACH/USDT:USDT,,,,,0.022322,,6645720.0
1753505506461,04:51:46.461,xt,ACH/USDT:USDT,,,,,0.022322,,6645736.0
1753505509616,04:51:49.616,xt,ACH/USDT:USDT,,,,,0.022322,,6645746.0
1753505512734,04:51:52.734,xt,ACH/USDT:USDT,,,,,0.022326,,6646257.0
1753505515946,04:51:55.946,xt,ACH/USDT:USDT,,,,,0.022326,,6646268.0
1753505519063,04:51:59.063,xt,ACH/USDT:USDT,,,,,0.022328,,6646306.0
1753505521644,04:52:01.644,xt,ACH/USDT:USDT,,,,,0.022328,,6646316.0
1753505524731,04:52:04.731,xt,ACH/USDT:USDT,,,,,0.022328,,6646326.0
1753505527918,04:52:07.918,xt,ACH/USDT:USDT,,,,,0.022328,,6646334.0
1753505530284,04:52:10.284,xt,ACH/USDT:USDT,,,,,0.022328,,6646341.0
1753505533502,04:52:13.502,xt,ACH/USDT:USDT,,,,,0.022329,,6646361.0
1753505536679,04:52:16.679,xt,ACH/USDT:USDT,,,,,0.022329,,6646371.0
1753505540062,04:52:20.062,xt,ACH/USDT:USDT,,,,,0.022329,,6646379.0
1753505542582,04:52:22.582,xt,ACH/USDT:USDT,,,,,0.022329,,6646387.0
1753505545986,04:52:25.986,xt,ACH/USDT:USDT,,,,,0.022329,,6646397.0
1753505548532,04:52:28.532,xt,ACH/USDT:USDT,,,,,0.022329,,6644178.0
1753505551521,04:52:31.521,xt,ACH/USDT:USDT,,,,,0.022329,,6644189.0
1753505554762,04:52:34.762,xt,ACH/USDT:USDT,,,,,0.022329,,6644198.0
1753505557254,04:52:37.254,xt,ACH/USDT:USDT,,,,,0.022329,,6644225.0
1753505560474,04:52:40.474,xt,ACH/USDT:USDT,,,,,0.022329,,6644237.0
1753505563613,04:52:43.613,xt,ACH/USDT:USDT,,,,,0.022328,,6644246.0
1753505566796,04:52:46.796,xt,ACH/USDT:USDT,,,,,0.022326,,6644282.0
1753505569284,04:52:49.284,xt,ACH/USDT:USDT,,,,,0.022326,,6644290.0
1753505572621,04:52:52.621,xt,ACH/USDT:USDT,,,,,0.022326,,6644297.0
1753505575860,04:52:55.860,xt,ACH/USDT:USDT,,,,,0.022322,,6644335.0
1753505578975,04:52:58.975,xt,ACH/USDT:USDT,,,,,0.022318,,6644383.0
1753505582094,04:53:02.094,xt,ACH/USDT:USDT,,,,,0.022316,,6644460.0
1753505584582,04:53:04.582,xt,ACH/USDT:USDT,,,,,0.022316,,6644469.0
1753505588000,04:53:08.000,xt,ACH/USDT:USDT,,,,,0.022317,,6644478.0
1753505590528,04:53:10.528,xt,ACH/USDT:USDT,,,,,0.022317,,6644487.0
1753505593702,04:53:13.702,xt,ACH/USDT:USDT,,,,,0.022319,,6644499.0
1753505596917,04:53:16.917,xt,ACH/USDT:USDT,,,,,0.022319,,6644512.0
1753505599345,04:53:19.345,xt,ACH/USDT:USDT,,,,,0.022319,,6644519.0
1753505602586,04:53:22.586,xt,ACH/USDT:USDT,,,,,0.022319,,6644528.0
1753505605800,04:53:25.800,xt,ACH/USDT:USDT,,,,,0.022319,,6644539.0
1753505608823,04:53:28.823,xt,ACH/USDT:USDT,,,,,0.022318,,6634605.0
1753505612154,04:53:32.154,xt,ACH/USDT:USDT,,,,,0.022316,,6634628.0
1753505614614,04:53:34.614,xt,ACH/USDT:USDT,,,,,0.022316,,6634637.0
1753505617829,04:53:37.829,xt,ACH/USDT:USDT,,,,,0.022316,,6634649.0
1753505620681,04:53:40.681,xt,ACH/USDT:USDT,,,,,0.022316,,6634653.0
1753505623949,04:53:43.949,xt,ACH/USDT:USDT,,,,,0.022316,,6634664.0
1753505626593,04:53:46.593,xt,ACH/USDT:USDT,,,,,0.022316,,6634671.0
1753505629682,04:53:49.682,xt,ACH/USDT:USDT,,,,,0.02232,,6634891.0
1753505633035,04:53:53.035,xt,ACH/USDT:USDT,,,,,0.022323,,6635151.0
1753505635528,04:53:55.528,xt,ACH/USDT:USDT,,,,,0.022323,,6635401.0
1753505638763,04:53:58.763,xt,ACH/USDT:USDT,,,,,0.022328,,6635451.0
1753505641919,04:54:01.919,xt,ACH/USDT:USDT,,,,,0.02233,,6635491.0
1753505644347,04:54:04.347,xt,ACH/USDT:USDT,,,,,0.02233,,6635499.0
1753505647646,04:54:07.646,xt,ACH/USDT:USDT,,,,,0.022328,,6635508.0
1753505650619,04:54:10.619,xt,ACH/USDT:USDT,,,,,0.022328,,6635736.0
1753505654066,04:54:14.066,xt,ACH/USDT:USDT,,,,,0.022328,,6635747.0
1753505656679,04:54:16.679,xt,ACH/USDT:USDT,,,,,0.022328,,6635754.0
1753505659881,04:54:19.881,xt,ACH/USDT:USDT,,,,,0.022328,,6635769.0
1753505662856,04:54:22.856,xt,ACH/USDT:USDT,,,,,0.022332,,6635778.0
1753505665405,04:54:25.405,xt,ACH/USDT:USDT,,,,,0.022332,,6635785.0
1753505668732,04:54:28.732,xt,ACH/USDT:USDT,,,,,0.022329,,6623789.0
1753505671877,04:54:31.877,xt,ACH/USDT:USDT,,,,,0.022329,,6623799.0
1753505674826,04:54:34.826,xt,ACH/USDT:USDT,,,,,0.022329,,6623812.0
1753505677225,04:54:37.225,xt,ACH/USDT:USDT,,,,,0.022329,,6623820.0
1753505680553,04:54:40.553,xt,ACH/USDT:USDT,,,,,0.022332,,6624073.0
1753505683825,04:54:43.825,xt,ACH/USDT:USDT,,,,,0.022327,,6624375.0
1753505686977,04:54:46.977,xt,ACH/USDT:USDT,,,,,0.022328,,6624388.0
1753505689337,04:54:49.337,xt,ACH/USDT:USDT,,,,,0.022328,,6624396.0
1753505692402,04:54:52.402,xt,ACH/USDT:USDT,,,,,0.022332,,6624410.0
1753505695499,04:54:55.499,xt,ACH/USDT:USDT,,,,,0.022332,,6624418.0
1753505698465,04:54:58.465,xt,ACH/USDT:USDT,,,,,0.022329,,6624526.0
1753505701651,04:55:01.651,xt,ACH/USDT:USDT,,,,,0.022329,,6624538.0
1753505704863,04:55:04.863,xt,ACH/USDT:USDT,,,,,0.022328,,6624547.0
1753505707437,04:55:07.437,xt,ACH/USDT:USDT,,,,,0.022323,,6624570.0
1753505710676,04:55:10.676,xt,ACH/USDT:USDT,,,,,0.022323,,6624579.0
